<mjloggm ver="2.3"><GO type="169" lobby="0"/><UN n0="%E9%BB%92%E7%8C%AB%EF%BC%BE%EF%BC%8D%EF%BC%BE" n1="%E2%80%A0%41%71%75%61%E2%80%A0" n2="%E3%82%A6%E3%83%AB%E3%83%88%E3%83%A9%E7%AB%8B%E7%9B%B4" n3="%30%30%73%61%69" dan="16,16,18,17" rate="2121.86,2144.43,2224.68,2130.72" sx="M,M,M,M"/><TAIKYOKU oya="0"/><INIT seed="0,0,0,4,5,5" ten="250,250,250,250" oya="0" hai0="85,112,130,135,74,114,42,23,48,91,37,84,31" hai1="92,1,51,27,18,123,52,40,46,81,54,53,131" hai2="45,121,127,77,55,116,2,61,24,98,66,16,111" hai3="57,26,96,108,41,104,49,65,106,122,33,64,107"/><T58/><D74/><U93/><E123/><V69/><F121/><W90/><G108/><T29/><D135/><U28/><E131/><V47/><F127/><W10/><G122/><T102/><D102/><U89/><E1/><V72/><F111/><W15/><G33/><T79/><D130/><U110/><E110/><V101/><F2/><W113/><G26/><T133/><D133/><U8/><E81/><V75/><F116/><W117/><G113/><T7/><D37/><U63/><E63/><V4/><F4/><W39/><G39/><T12/><D112/><U99/><E92/><V94/><F77/><W30/><G30/><T109/><D109/><U43/><E43/><V38/><F47/><W60/><G117/><T95/><D114/><U32/><REACH who="1" step="1"/><E18/><REACH who="1" ten="250,240,250,250" step="2"/><V36/><F16/><N who="3" m="8311" /><G107/><T35/><D42/><U14/><E14/><V11/><F38/><W120/><G104/><T124/><D124/><U73/><E73/><V50/><F36/><W119/><G106/><T83/><D35/><U86/><E86/><V59/><F75/><W71/><G120/><T115/><D115/><U3/><E3/><V20/><F72/><W34/><G119/><T134/><D134/><U118/><E118/><V80/><F80/><W78/><G34/><T126/><D126/><U88/><E88/><V68/><F68/><W100/><G71/><T76/><D76/><U25/><E25/><V129/><F69/><W70/><G70/><T67/><D85/><U103/><E103/><V125/><F129/><W21/><G78/><T22/><D79/><U62/><E62/><V0/><F125/><RYUUKYOKU ba="0,1" sc="250,-10,240,30,250,-10,250,-10" hai1="8,27,28,32,40,46,51,52,53,54,89,93,99" /><INIT seed="1,1,1,5,1,117" ten="240,270,240,240" oya="1" hai0="66,79,75,63,130,116,92,132,23,108,5,128,16" hai1="59,8,74,100,97,47,54,22,104,95,106,29,109" hai2="64,121,53,118,124,103,20,61,14,70,90,93,105" hai3="42,62,15,50,60,76,78,89,57,44,77,94,80"/><U28/><E74/><V112/><F118/><W33/><G33/><T34/><D116/><U88/><E109/><V31/><F124/><W99/><G15/><T21/><D34/><U26/><E29/><V12/><F112/><W49/><G49/><T71/><D108/><U43/><E8/><V40/><F40/><W83/><REACH who="3" step="1"/><G62/><REACH who="3" ten="240,270,240,230" step="2"/><T101/><D5/><U18/><E28/><V129/><F12/><W7/><G7/><T91/><D23/><U119/><E119/><V67/><F14/><W85/><G85/><T134/><D75/><U38/><REACH who="1" step="1"/><E100/><REACH who="1" ten="240,260,240,230" step="2"/><V3/><F103/><W1/><G1/><T41/><D101/><U87/><E87/><V32/><F3/><W102/><G102/><T125/><D125/><U17/><E17/><V111/><F31/><W55/><AGARI ba="1,3" hai="42,44,50,55,57,60,76,77,78,80,83,89,94,99" machi="55" ten="30,4000,0" yaku="1,1,0,1,8,1,53,0" doraHai="117" doraHaiUra="35" who="3" fromWho="3" sc="240,-11,260,-21,240,-11,230,73" /><INIT seed="2,0,0,3,1,82" ten="229,239,229,303" oya="2" hai0="96,39,121,103,131,5,95,15,84,94,48,18,22" hai1="77,134,100,130,122,116,17,36,11,40,13,31,105" hai2="108,114,115,38,60,19,112,70,128,85,93,129,76" hai3="23,7,102,69,80,25,64,92,78,68,55,34,50"/><V43/><F38/><W46/><G34/><T72/><D39/><U44/><E116/><V113/><F43/><W9/><G64/><T125/><D72/><U56/><E130/><N who="2" m="50283" /><F19/><W99/><G80/><T87/><D121/><U42/><E122/><V71/><F115/><W53/><G78/><T118/><D125/><U10/><E134/><V21/><F21/><W8/><G8/><N who="0" m="4495" /><D118/><U104/><E42/><V52/><F108/><W62/><G62/><T127/><D127/><U97/><E77/><V132/><F132/><W4/><G4/><T126/><D126/><U111/><E111/><V35/><F35/><W28/><REACH who="3" step="1"/><G55/><REACH who="3" ten="229,239,229,293" step="2"/><T74/><D131/><U3/><E10/><V16/><F76/><W63/><G63/><T110/><D110/><U75/><E11/><V79/><F79/><W1/><AGARI ba="0,1" hai="1,7,9,23,25,28,46,50,53,68,69,92,99,102" machi="1" ten="20,2700,0" yaku="1,1,0,1,7,1,53,0" doraHai="82" doraHaiUra="109" who="3" fromWho="3" sc="229,-7,239,-7,229,-13,293,37" /><INIT seed="3,0,0,2,2,98" ten="222,232,216,330" oya="3" hai0="18,62,1,122,95,91,35,0,28,8,115,49,25" hai1="13,36,128,14,89,123,61,127,32,107,85,99,33" hai2="84,118,77,16,117,134,78,119,113,37,7,72,50" hai3="87,2,111,19,41,68,71,3,135,38,52,105,101"/><W104/><G87/><T129/><D122/><U44/><E123/><V42/><F113/><W82/><G82/><T63/><D129/><U60/><E128/><V69/><F69/><W54/><G41/><T79/><D79/><U97/><E127/><V94/><F134/><W26/><G26/><T86/><D115/><U53/><E33/><V11/><F50/><W34/><G34/><T15/><REACH who="0" step="1"/><D49/><REACH who="0" ten="212,232,216,330" step="2"/><N who="1" m="28839" /><E36/><V108/><F78/><W24/><G38/><T45/><D45/><U125/><E125/><V6/><F77/><W40/><G135/><T46/><D46/><U51/><E51/><V48/><F48/><W30/><G40/><T55/><D55/><U23/><E61/><AGARI ba="0,1" hai="0,1,8,15,18,25,28,35,61,62,63,86,91,95" machi="61" ten="40,2600,0" yaku="1,1,53,1" doraHai="98" doraHaiUra="80" who="0" fromWho="1" sc="212,36,232,-26,216,0,330,0" /><INIT seed="4,0,0,3,3,46" ten="248,206,216,330" oya="0" hai0="30,107,75,4,106,133,40,22,91,118,66,45,131" hai1="59,125,81,63,112,38,5,12,23,105,52,57,129" hai2="88,109,53,100,3,9,121,102,27,67,113,0,50" hai3="114,104,48,83,92,62,58,16,90,61,36,101,127"/><T72/><D118/><U17/><E125/><V120/><F109/><W54/><G36/><T14/><D66/><U96/><E38/><V79/><F79/><W64/><G114/><T87/><D133/><U42/><E112/><V108/><F67/><W1/><G1/><T130/><D30/><U41/><E129/><N who="0" m="49161" /><D4/><U28/><E5/><V122/><F108/><W98/><G127/><T69/><D69/><U80/><E28/><V94/><F113/><W31/><G31/><T119/><D119/><U71/><E71/><V29/><F9/><W76/><G16/><N who="0" m="10519" /><D75/><U124/><E124/><V86/><F0/><W11/><G11/><T89/><D72/><U85/><E81/><V132/><F3/><W93/><G64/><T32/><D32/><U44/><E59/><V8/><F8/><W20/><G20/><T70/><D70/><U10/><E10/><V51/><F132/><W116/><G116/><T103/><D103/><U19/><E19/><V35/><REACH who="2" step="1"/><F51/><REACH who="2" ten="248,206,206,330" step="2"/><W2/><G48/><N who="0" m="26663" /><D91/><U24/><E63/><V128/><F128/><W135/><G62/><T7/><D7/><U95/><E12/><V25/><F25/><W126/><G135/><T60/><D60/><U47/><E24/><V39/><F39/><W43/><G61/><T84/><D89/><U73/><E73/><V37/><F37/><W78/><G90/><T123/><D123/><U6/><E6/><V68/><F68/><W21/><G2/><T117/><D117/><U82/><E42/><V97/><F97/><W115/><G43/><T13/><D13/><U33/><E41/><V49/><F49/><RYUUKYOKU ba="0,1" sc="248,15,206,-15,206,15,330,-15" hai0="84,87,106,107" hai2="27,29,35,50,53,86,88,94,100,102,120,121,122" /><INIT seed="4,1,1,0,1,101" ten="263,191,221,315" oya="0" hai0="115,102,68,74,95,30,120,129,57,99,70,46,111" hai1="53,3,88,10,86,112,105,11,17,25,55,97,28" hai2="62,77,72,6,60,20,49,14,21,127,73,29,51" hai3="31,124,39,100,98,8,13,47,133,26,35,110,16"/><T104/><D120/><U83/><E112/><V43/><F77/><W84/><G133/><T117/><D117/><U80/><E80/><V96/><F96/><W15/><G124/><T41/><D115/><U32/><E3/><V22/><F14/><W94/><G110/><T91/><D111/><U50/><E17/><V130/><F43/><W78/><G39/><T108/><D108/><U89/><E53/><V64/><F64/><W61/><G47/><T66/><D30/><U59/><REACH who="1" step="1"/><E89/><REACH who="1" ten="263,181,221,315" step="2"/><V56/><F127/><W131/><G16/><T113/><D113/><U40/><E40/><V12/><F6/><W27/><G27/><T128/><D74/><U90/><E90/><V114/><F73/><W79/><G26/><T19/><D19/><U58/><E58/><V69/><F56/><W119/><G79/><T34/><D57/><U132/><E132/><V82/><F72/><W24/><G78/><T126/><D126/><U134/><E134/><V1/><F82/><W85/><G24/><T9/><D91/><U81/><E81/><V44/><F1/><W37/><G15/><T123/><D41/><U121/><E121/><V76/><F12/><W103/><G13/><T122/><D122/><U23/><E23/><V125/><F21/><W92/><G8/><T4/><D9/><U75/><E75/><V48/><F20/><W65/><G65/><T71/><D66/><U135/><E135/><V87/><F22/><W45/><G35/><T33/><D33/><U54/><E54/><N who="2" m="29959" /><F76/><W63/><G119/><T116/><D34/><U106/><E106/><V2/><F125/><RYUUKYOKU ba="1,2" sc="263,-10,181,30,221,-10,315,-10" hai1="10,11,25,28,32,50,55,59,83,86,88,97,105" /><INIT seed="5,2,2,1,2,104" ten="253,211,211,305" oya="1" hai0="111,122,118,76,80,2,86,4,41,27,84,133,108" hai1="61,130,91,117,81,78,45,53,68,92,30,102,25" hai2="6,123,126,116,77,47,72,55,40,62,125,34,18" hai3="99,120,60,85,90,29,135,16,71,88,69,13,24"/><U8/><E117/><V67/><F34/><W31/><G120/><T89/><D118/><U37/><E102/><V35/><F35/><W22/><G135/><T56/><D133/><U134/><E134/><V32/><F32/><W127/><G127/><T70/><D70/><U51/><E37/><V105/><F105/><W98/><G69/><T94/><D122/><U65/><E130/><V10/><F55/><W54/><G90/><T107/><D107/><U43/><E8/><V114/><F18/><W110/><G110/><T1/><D41/><U82/><E43/><V74/><F116/><W101/><G101/><T79/><D79/><U26/><E78/><V9/><F9/><W131/><G131/><T109/><D4/><U3/><E3/><N who="2" m="351" /><F123/><W14/><G71/><T52/><REACH who="0" step="1"/><D27/><REACH who="0" ten="243,211,211,305" step="2"/><U12/><E26/><V121/><F121/><W46/><G24/><T21/><D21/><U39/><E25/><V15/><F77/><W63/><G31/><T5/><D5/><U44/><E30/><V96/><F126/><W113/><G29/><T17/><D17/><U36/><E68/><N who="2" m="42103" /><F125/><W100/><G22/><T129/><D129/><U95/><E39/><V42/><F42/><W128/><G16/><T28/><D28/><U64/><E36/><V11/><F40/><W87/><G128/><T20/><D20/><U124/><E124/><V33/><F33/><W19/><G19/><T103/><D103/><U73/><E12/><V50/><F15/><W115/><G100/><T112/><D112/><N who="3" m="43081" /><G13/><T7/><D7/><U66/><E91/><V106/><F114/><W57/><G88/><RYUUKYOKU ba="2,3" sc="243,30,211,-10,211,-10,305,-10" hai0="1,2,52,56,76,80,84,86,89,94,108,109,111" /><INIT seed="6,3,3,2,5,12" ten="273,201,201,295" oya="2" hai0="130,122,116,6,37,63,69,14,41,67,2,91,22" hai1="33,62,72,80,30,89,126,58,61,13,85,56,109" hai2="0,118,40,87,48,49,133,88,135,43,93,32,119" hai3="31,53,16,131,108,120,4,9,39,18,15,95,104"/><V106/><F106/><W47/><G104/><T46/><D116/><U78/><E109/><V51/><F32/><W27/><G120/><T17/><D122/><U75/><E126/><V3/><F119/><W112/><G108/><T8/><REACH who="0" step="1"/><D91/><REACH who="0" ten="263,201,201,295" step="2"/><U77/><E89/><V10/><F118/><W134/><G131/><AGARI ba="3,4" hai="2,6,8,14,17,22,37,41,46,63,67,69,130,131" machi="131" ten="40,5200,0" yaku="1,1,2,1,52,1,53,0" doraHai="12" doraHaiUra="50" who="0" fromWho="3" sc="263,101,201,0,201,0,295,-61" /><INIT seed="7,0,0,5,0,0" ten="364,201,201,234" oya="3" hai0="123,16,82,74,112,107,134,125,106,115,83,127,128" hai1="76,5,53,72,70,52,84,104,38,108,51,126,15" hai2="33,61,135,45,65,2,17,3,98,32,85,29,48" hai3="59,89,11,42,92,56,77,87,96,35,113,34,118"/><W124/><G118/><T120/><D16/><U7/><E38/><V130/><F130/><W22/><G56/><T86/><D128/><U88/><E108/><V97/><F135/><W116/><G59/><T122/><D134/><U8/><E70/><V62/><F2/><W103/><G35/><T30/><D30/><U18/><E104/><N who="0" m="39977" /><D74/><U131/><E126/><N who="0" m="48137" /><D83/><N who="1" m="47207" /><E72/><V50/><F3/><W110/><G124/><T1/><D1/><U91/><E53/><N who="2" m="29839" /><F29/><W73/><G73/><T79/><AGARI ba="0,0" hai="79,82,86,112,115,120,122,123" m="48137,39977" machi="79" ten="50,6400,0" yaku="18,1,34,2" doraHai="0" who="0" fromWho="0" sc="364,64,201,-16,201,-16,234,-32" owari="428,52.0,185,-21.0,185,-31.0,202,0.0" /></mjloggm>