<mjloggm ver="2.3"><GO type="169" lobby="0"/><UN n0="%70%67%61%69%6E" n1="%E3%83%98%E3%82%AF%E3%82%B5%E3%83%BC" n2="%E5%B0%B1%E6%B4%BB%E7%94%9F%40%E5%B7%9D%E6%9D%91%E8%BB%8D%E5%9B%A3" n3="%E3%83%8B%E3%83%A3%E3%83%83%E3%83%94%E3%83%BC%E5%A4%8F%E7%9B%AE" dan="16,16,17,17" rate="2065.78,2128.57,2189.23,2176.63" sx="M,M,M,M"/><TAIKYOKU oya="0"/><INIT seed="0,0,0,3,3,39" ten="250,250,250,250" oya="0" hai0="55,35,40,100,96,78,98,113,74,87,131,91,66" hai1="70,134,120,107,83,32,118,34,9,112,68,41,18" hai2="30,16,92,105,49,89,42,124,72,128,95,65,20" hai3="56,129,121,28,116,80,64,60,31,27,114,108,79"/><T90/><D35/><U109/><E118/><V57/><F105/><W106/><G106/><T82/><D66/><U3/><E120/><V1/><F72/><W43/><G116/><T104/><D55/><U101/><E109/><V7/><F124/><W69/><G114/><T38/><D38/><U61/><E134/><V132/><F128/><W47/><G108/><T76/><D40/><U44/><E112/><V22/><F132/><W99/><G129/><T37/><D37/><N who="1" m="21551" /><E18/><V71/><F71/><N who="1" m="27177" /><E61/><N who="2" m="38063" /><F1/><W97/><G69/><T88/><D113/><U85/><E85/><N who="2" m="52271" /><F7/><W75/><G121/><T84/><D131/><U21/><E21/><V48/><F30/><W4/><G4/><T81/><D98/><N who="1" m="61879" /><E83/><AGARI ba="0,0" hai="74,76,78,81,82,83,84,87,88,90,91,96,100,104" machi="83" ten="30,24000,3" yaku="7,1,35,6,54,1" doraHai="39" who="0" fromWho="1" sc="250,240,250,-240,250,0,250,0" /><INIT seed="0,1,0,1,5,87" ten="490,10,250,250" oya="0" hai0="69,74,0,56,95,24,44,133,18,135,97,17,33" hai1="15,130,123,9,121,78,36,1,8,110,68,63,134" hai2="82,46,59,14,125,94,21,38,48,10,13,72,42" hai3="119,100,77,120,3,84,124,127,28,47,81,51,27"/><T107/><D69/><U26/><E110/><V23/><F125/><N who="3" m="48203" /><G3/><T2/><D107/><U70/><E130/><V126/><F126/><W35/><G100/><T43/><D74/><U96/><E134/><N who="0" m="51209" /><D56/><U92/><E36/><V22/><F72/><W103/><G103/><T19/><D33/><U65/><E70/><V52/><F82/><W66/><G66/><T115/><D24/><U131/><E131/><V64/><F64/><W67/><G67/><T106/><D106/><U25/><E78/><V55/><F55/><N who="3" m="30207" /><G119/><T79/><D79/><U53/><E123/><AGARI ba="1,0" hai="27,28,35,77,81,84,120,123" m="30207,48203" machi="123" ten="30,1000,0" yaku="18,1" doraHai="87" who="3" fromWho="1" sc="490,0,10,-13,250,0,250,13" owari="490,59.0,-3,-50.0,250,-15.0,263,6.0" /></mjloggm>