<mjloggm ver="2.3"><GO type="169" lobby="0"/><UN n0="%E3%81%9C%E3%82%8D%E3%82%81%E3%81%90" n1="%7A%65%61%6C%E2%88%AC" n2="%E3%82%A6%E3%83%AB%E3%83%88%E3%83%A9%E7%AB%8B%E7%9B%B4" n3="%E5%80%89%E6%A9%8B%EF%BC%A0%E4%BA%8B%E5%8B%99" dan="16,16,16,17" rate="2118.59,2074.76,2173.09,2176.30" sx="F,M,M,M"/><TAIKYOKU oya="0"/><INIT seed="0,0,0,1,4,31" ten="250,250,250,250" oya="0" hai0="126,22,133,116,121,76,35,56,24,85,81,68,104" hai1="16,12,43,102,66,8,3,0,131,40,130,60,50" hai2="10,11,75,2,111,18,70,21,125,25,112,49,6" hai3="123,110,71,115,47,54,23,90,55,113,58,32,42"/><T57/><D116/><U95/><E102/><V122/><F70/><W17/><G110/><T106/><D121/><U124/><E95/><V13/><F75/><W107/><G107/><T79/><D68/><U33/><E33/><V64/><F64/><W117/><G117/><T101/><D126/><U19/><E19/><V91/><F122/><W78/><G123/><T119/><D119/><U72/><E72/><V109/><F49/><W29/><G71/><T14/><D133/><U44/><E40/><V46/><F46/><W63/><G78/><T7/><D79/><U89/><E89/><V103/><F103/><W61/><G90/><T82/><D82/><U4/><E124/><V39/><F39/><W99/><G99/><T73/><D73/><U108/><E108/><N who="2" m="41547" /><F91/><W28/><G55/><T1/><D1/><U41/><E41/><V114/><F125/><W53/><G53/><T45/><D45/><U36/><E36/><V48/><F48/><W86/><G63/><T120/><D120/><U52/><E43/><V98/><F98/><W59/><G58/><T96/><D106/><U105/><E105/><V51/><F51/><W69/><G86/><T118/><D118/><U84/><E84/><V74/><F74/><W34/><G69/><T129/><D57/><N who="1" m="37135" /><E4/><AGARI ba="0,0" hai="2,4,6,10,11,13,18,21,25,112,114" m="41547" machi="4" ten="30,3900,0" yaku="14,1,34,2" doraHai="31" who="2" fromWho="1" sc="250,0,250,-39,250,39,250,0" /><INIT seed="1,0,0,3,2,92" ten="250,211,289,250" oya="1" hai0="42,6,101,37,120,61,60,85,127,24,16,81,88" hai1="55,109,68,2,76,126,38,105,5,33,44,131,20" hai2="110,117,51,130,13,79,100,23,0,11,4,22,46" hai3="56,40,111,78,3,63,80,133,29,90,123,19,132"/><U8/><E33/><V27/><F117/><W89/><G123/><T94/><D120/><U108/><E68/><V119/><F119/><W49/><G111/><N who="1" m="42570" /><E126/><V99/><F110/><W112/><G112/><T25/><D127/><U104/><E131/><V129/><F79/><W47/><G3/><T34/><D6/><U28/><E76/><V18/><F23/><W95/><G29/><T116/><D116/><U86/><E86/><V71/><F0/><W73/><G19/><T83/><D37/><U35/><E35/><V31/><F31/><W72/><G72/><T107/><D42/><N who="1" m="22615" /><E55/><V102/><F71/><W115/><G115/><T66/><D34/><U45/><E45/><V96/><F130/><W82/><G82/><T128/><D128/><U122/><E122/><V87/><F87/><W121/><G121/><T75/><D83/><U58/><E58/><V12/><F129/><W62/><G89/><T74/><D74/><U54/><E54/><N who="2" m="30071" /><F27/><AGARI ba="0,0" hai="2,5,8,20,27,28,104,105" m="22615,42570" machi="27" ten="30,2900,0" yaku="14,1,10,1" doraHai="92" who="1" fromWho="2" sc="250,0,211,29,289,-29,250,0" /><INIT seed="1,1,0,1,3,67" ten="250,240,260,250" oya="1" hai0="96,64,127,117,105,114,82,65,22,87,128,25,129" hai1="8,15,100,88,44,113,90,57,56,4,42,11,84" hai2="14,103,54,110,53,48,47,79,28,124,46,36,16" hai3="132,38,131,19,104,10,122,101,81,0,86,35,111"/><U119/><E119/><V49/><F110/><W63/><G19/><T9/><D117/><U133/><E133/><V115/><F124/><W83/><G10/><T130/><D127/><U7/><E113/><V135/><F135/><W24/><G24/><T106/><D114/><U17/><E100/><V118/><F118/><W116/><G63/><T70/><D9/><U102/><E102/><V80/><F103/><W21/><G21/><T2/><D2/><U52/><E57/><V120/><F120/><W92/><G35/><T3/><D3/><U62/><E11/><V41/><F28/><W85/><G38/><T59/><D59/><U23/><E84/><N who="3" m="32362" /><G0/><T50/><D96/><U1/><REACH who="1" step="1"/><E7/><REACH who="1" ten="250,230,260,250" step="2"/><V74/><F115/><W99/><G132/><T58/><D58/><U6/><E6/><V45/><F45/><W68/><G116/><T125/><D125/><U27/><E27/><V76/><F47/><W13/><G101/><T123/><D25/><U33/><E33/><V55/><REACH who="2" step="1"/><F79/><REACH who="2" ten="250,230,250,250" step="2"/><W31/><G122/><T112/><D123/><U51/><AGARI ba="1,2" hai="1,4,8,15,17,23,42,44,51,52,56,62,88,90" machi="51" ten="20,12000,1" yaku="1,1,0,1,7,1,54,2,53,0" doraHai="67" doraHaiUra="66" who="1" fromWho="1" sc="250,-41,230,143,250,-41,250,-41" /><INIT seed="1,2,0,3,2,93" ten="209,373,209,209" oya="1" hai0="2,84,70,52,76,95,15,85,35,110,11,67,102" hai1="61,123,74,92,53,41,109,12,44,37,66,131,22" hai2="33,20,99,55,128,34,38,28,57,64,77,96,3" hai3="19,75,111,10,125,129,45,42,18,126,107,13,8"/><U78/><E123/><V73/><F3/><W97/><G75/><T16/><D2/><U31/><E131/><V101/><F38/><W130/><G111/><T69/><D110/><U135/><E109/><V106/><F64/><W105/><G45/><T79/><D35/><U88/><E135/><V26/><F128/><N who="3" m="49259" /><G42/><T32/><D32/><U112/><E53/><V80/><REACH who="2" step="1"/><F96/><REACH who="2" ten="209,373,199,209" step="2"/><W39/><G39/><T132/><D67/><U86/><E112/><V81/><F81/><W91/><G97/><N who="0" m="59711" /><D132/><U90/><E66/><V47/><F47/><W82/><G82/><T94/><D70/><U24/><E44/><V43/><F43/><W51/><G126/><T133/><D69/><U60/><E41/><V9/><F9/><W21/><G8/><T127/><D133/><U72/><E37/><V87/><F87/><N who="0" m="33354" /><D127/><U17/><E74/><V5/><F5/><W1/><G10/><T113/><D113/><U29/><E72/><V118/><F118/><W36/><G1/><T115/><D115/><U63/><E78/><V54/><F54/><W98/><G36/><T124/><D124/><U121/><E121/><V120/><F120/><W56/><G125/><T40/><D40/><U46/><E46/><V117/><F117/><W62/><G56/><T30/><D52/><U68/><E68/><V108/><F108/><W114/><G114/><T7/><D7/><U50/><E86/><V4/><F4/><W23/><G98/><T134/><D134/><U49/><E22/><V59/><F59/><W27/><G23/><T116/><D116/><U0/><E0/><V83/><F83/><RYUUKYOKU ba="2,1" sc="209,-10,373,-10,199,30,209,-10" hai2="20,26,28,33,34,55,57,73,77,80,99,101,106" /><INIT seed="2,3,1,1,1,97" ten="199,363,229,199" oya="2" hai0="44,66,39,134,76,15,133,46,78,95,22,96,37" hai1="89,110,113,84,57,128,130,77,99,64,125,56,82" hai2="124,25,94,30,93,126,87,109,10,54,91,92,42" hai3="16,8,62,116,23,24,51,61,83,59,86,60,112"/><V29/><F42/><W18/><G116/><T90/><D66/><U121/><E113/><V104/><F104/><W28/><G112/><T4/><D46/><U115/><E115/><V81/><F109/><W55/><REACH who="3" step="1"/><G8/><REACH who="3" ten="199,363,229,189" step="2"/><T50/><D134/><U3/><E110/><V7/><F54/><W34/><G34/><T52/><D133/><U123/><E123/><V118/><F118/><W117/><G117/><T105/><D22/><U67/><E121/><V2/><REACH who="2" step="1"/><F30/><REACH who="2" ten="199,363,219,189" step="2"/><W47/><G47/><T0/><D44/><U21/><E130/><V119/><F119/><W72/><G72/><T120/><D120/><U129/><E129/><V36/><F36/><W31/><G31/><T127/><D39/><U5/><E128/><V80/><F80/><W100/><G100/><T33/><D37/><U20/><E82/><V53/><F53/><W74/><G74/><T79/><D52/><U41/><E41/><V65/><F65/><W9/><G9/><T11/><D11/><U102/><E67/><V49/><F49/><W75/><G75/><T14/><D50/><U107/><E64/><V106/><F106/><W132/><G132/><T122/><D105/><U32/><E102/><V38/><F38/><W108/><G108/><T13/><D122/><U6/><E107/><V111/><F111/><W135/><G135/><T68/><D68/><U101/><E101/><V98/><F98/><W85/><G85/><T45/><D96/><U58/><E99/><V19/><F19/><W17/><G17/><T48/><D48/><U26/><E84/><V73/><F73/><W35/><G35/><AGARI ba="3,3" hai="2,7,10,25,29,35,81,87,91,92,93,94,124,126" machi="35" ten="40,3900,0" yaku="1,1,6,1,53,0" doraHai="97" doraHaiUra="70" who="2" fromWho="3" sc="199,0,363,0,219,78,189,-48" /><INIT seed="2,4,0,4,3,79" ten="199,363,297,141" oya="2" hai0="27,18,16,103,59,19,99,104,39,89,76,20,128" hai1="17,30,57,32,112,80,26,100,111,69,63,135,87" hai2="72,120,83,126,4,97,7,132,90,121,47,33,131" hai3="85,123,51,58,22,28,118,91,105,9,78,124,68"/><V6/><F33/><W29/><G68/><T106/><D128/><U53/><E112/><V13/><F131/><W45/><G123/><T62/><D39/><U70/><E111/><V96/><F126/><W55/><G124/><T113/><D113/><U41/><E135/><V116/><F116/><W107/><G118/><T94/><D76/><U130/><E130/><V50/><F132/><W24/><G78/><T61/><D61/><U65/><E41/><V122/><F13/><W74/><G74/><T12/><D103/><U31/><E31/><V98/><F72/><W37/><G29/><T40/><D40/><U86/><E86/><V84/><F50/><W109/><G109/><T3/><D3/><U125/><E125/><V52/><REACH who="2" step="1"/><F52/><REACH who="2" ten="199,363,287,141" step="2"/><W92/><G37/><T73/><D73/><U11/><E53/><V110/><F110/><W67/><G67/><T60/><D60/><U134/><E134/><V102/><F102/><W119/><G119/><T8/><D18/><U34/><E34/><V54/><F54/><AGARI ba="4,1" hai="8,12,16,19,20,27,54,59,62,89,94,99,104,106" machi="54" ten="30,7700,0" yaku="7,1,25,2,54,1" doraHai="79" who="0" fromWho="2" sc="199,99,363,0,287,-89,141,0" /><INIT seed="3,0,0,5,0,65" ten="298,363,198,141" oya="3" hai0="88,87,60,11,74,53,129,123,67,96,101,28,93" hai1="71,0,108,86,61,50,92,95,115,51,82,15,1" hai2="72,47,80,41,8,43,102,128,13,99,105,120,7" hai3="98,35,26,130,40,33,117,90,52,132,62,134,112"/><W2/><G117/><T116/><D74/><U57/><E115/><V39/><F128/><W85/><G112/><T84/><D116/><U124/><E0/><V73/><F120/><W68/><G2/><T70/><D129/><U17/><E1/><V131/><F131/><W37/><G130/><T34/><D123/><U127/><E108/><V46/><REACH who="2" step="1"/><F80/><REACH who="2" ten="298,363,188,141" step="2"/><W56/><G98/><T89/><D96/><U59/><E82/><V24/><F24/><W36/><G26/><T79/><D87/><U76/><E86/><V97/><F97/><W77/><G77/><T110/><D84/><U27/><E27/><V64/><F64/><N who="3" m="40983" /><G40/><T45/><D79/><U126/><E76/><V100/><F100/><W16/><G35/><T94/><D101/><U31/><E127/><V83/><F83/><N who="3" m="49471" /><G33/><T12/><D34/><U78/><E126/><V104/><F104/><W9/><G134/><T109/><D109/><U135/><E135/><V42/><F42/><W38/><G132/><T114/><D110/><U69/><E124/><V44/><F44/><W118/><G118/><T133/><D45/><U14/><E78/><V10/><F10/><W29/><G9/><T22/><D11/><U48/><E95/><V111/><F111/><W103/><G103/><T66/><D94/><U32/><E92/><V81/><F81/><W106/><G106/><T54/><D93/><U20/><E32/><V119/><F119/><W6/><G56/><T55/><D133/><U75/><E57/><V3/><F3/><W19/><G52/><T91/><D54/><U5/><E59/><V49/><AGARI ba="0,1" hai="7,8,13,39,41,43,46,47,49,72,73,99,102,105" machi="49" ten="20,5200,0" yaku="1,1,5,1,0,1,7,1,53,0" doraHai="65" doraHaiUra="21" who="2" fromWho="2" sc="298,-13,363,-13,188,62,141,-26" /><INIT seed="4,0,0,2,2,75" ten="285,350,250,115" oya="0" hai0="84,112,65,109,96,129,122,130,134,135,6,73,41" hai1="10,22,114,29,14,82,78,36,44,107,39,24,52" hai2="126,56,91,18,19,63,131,132,58,113,3,57,93" hai3="66,102,79,49,59,76,127,30,33,62,90,86,0"/><T106/><D6/><U125/><E107/><V23/><F3/><W103/><G127/><T116/><D41/><U70/><E70/><V17/><F126/><W7/><G0/><T77/><D65/><U37/><E125/><V50/><F113/><W11/><G33/><T45/><D45/><U60/><E114/><V43/><F131/><N who="0" m="50186" /><D112/><U5/><E60/><V71/><F71/><W28/><G49/><T133/><D116/><U81/><E81/><V104/><F104/><W38/><G38/><T128/><D128/><U68/><E68/><V105/><F105/><W120/><G120/><T64/><D64/><U89/><E89/><V2/><F2/><W20/><G11/><T118/><D118/><U100/><E100/><N who="3" m="38442" /><G7/><T31/><D31/><N who="3" m="11817" /><G20/><T85/><D122/><U115/><E115/><V110/><F110/><W48/><G48/><T67/><D109/><U61/><E61/><V98/><F132/><W119/><G119/><T117/><D117/><U47/><REACH who="1" step="1"/><E52/><REACH who="1" ten="285,340,250,115" step="2"/><V97/><F63/><W35/><G35/><T54/><D54/><U51/><E51/><V121/><F121/><W1/><G1/><T101/><D67/><U13/><E13/><V42/><F50/><W80/><AGARI ba="0,1" hai="59,62,66,76,79,80,86,90" m="11817,38442" machi="80" ten="30,4000,0" yaku="8,1,52,2" doraHai="75" who="3" fromWho="3" sc="285,-20,340,-10,250,-10,115,50" /><INIT seed="5,0,0,4,2,31" ten="265,330,240,165" oya="1" hai0="68,117,51,115,4,34,134,80,54,20,110,17,49" hai1="121,62,127,7,5,59,98,15,57,33,108,9,26" hai2="126,82,10,58,99,25,104,35,48,113,76,122,70" hai3="60,1,77,66,37,114,96,85,103,90,47,63,56"/><U92/><E121/><V129/><F122/><W83/><G114/><T84/><D110/><U22/><E108/><V109/><F109/><W43/><G1/><T125/><D117/><U69/><E127/><V78/><F78/><W53/><G77/><T13/><D115/><U61/><E33/><V116/><F116/><W30/><G30/><T28/><D125/><U64/><E5/><V100/><F126/><W133/><G133/><T105/><D105/><U130/><E130/><V107/><F113/><W29/><G29/><T16/><D68/><U40/><E40/><V135/><F135/><W45/><G45/><T73/><D73/><U75/><E75/><V11/><F107/><W71/><G63/><T2/><D134/><U6/><E6/><V111/><F70/><W97/><REACH who="3" step="1"/><G103/><REACH who="3" ten="265,330,240,155" step="2"/><T74/><D28/><U119/><E62/><V101/><F101/><W132/><G132/><T36/><D74/><U52/><E119/><V55/><F111/><W91/><G91/><T21/><D36/><U24/><E61/><V86/><F129/><W94/><G94/><T46/><D2/><U106/><E92/><V19/><F104/><W27/><G27/><T93/><D93/><U67/><E106/><V87/><F100/><W118/><G118/><T79/><D46/><U3/><E24/><V102/><F102/><W38/><G38/><T131/><D79/><U12/><E26/><V112/><F25/><W14/><G14/><T18/><D13/><U124/><E15/><V72/><F112/><W0/><G0/><T88/><D131/><U8/><E124/><V123/><F72/><RYUUKYOKU ba="0,1" sc="265,-10,330,-10,240,-10,155,30" hai3="37,43,47,53,56,60,66,71,83,85,90,96,97" /><INIT seed="6,1,1,4,1,86" ten="255,320,230,185" oya="2" hai0="1,34,9,133,85,18,6,92,47,29,64,58,79" hai1="89,126,20,132,35,100,82,48,5,95,122,69,11" hai2="77,56,15,76,32,12,44,3,107,131,98,36,117" hai3="45,118,75,43,23,62,106,112,99,120,49,24,17"/><V65/><F32/><W25/><G120/><T94/><D133/><U88/><E35/><V119/><F3/><W4/><G118/><T110/><D110/><U109/><E109/><V125/><F36/><W16/><G75/><T81/><D47/><U63/><E132/><V52/><F107/><W38/><G112/><T50/><D29/><U33/><E33/><V39/><F39/><W28/><G4/><T40/><D34/><U53/><E122/><V71/><F71/><W8/><G38/><T54/><D40/><U134/><E134/><V115/><F119/><W104/><G62/><T55/><D64/><U7/><E126/><V102/><F117/><W13/><REACH who="3" step="1"/><G99/><REACH who="3" ten="255,320,230,175" step="2"/><T78/><D6/><U116/><E63/><N who="2" m="38119" /><F115/><W93/><G93/><T51/><D92/><U80/><E116/><V121/><F121/><W70/><G70/><T96/><D94/><U42/><E69/><V129/><F125/><W37/><G37/><T103/><D96/><U105/><E105/><V113/><F113/><W84/><G84/><T124/><D85/><U128/><E48/><N who="2" m="28679" /><F131/><W73/><G73/><T57/><D124/><U26/><E128/><V66/><F129/><W22/><AGARI ba="1,2" hai="8,13,16,17,22,23,24,25,28,43,45,49,104,106" machi="22" ten="20,5200,0" yaku="1,1,0,1,7,1,54,1,53,0" doraHai="86" doraHaiUra="127" who="3" fromWho="3" sc="255,-14,320,-14,230,-27,175,75" /><INIT seed="7,0,0,5,0,114" ten="241,306,203,250" oya="3" hai0="53,133,94,54,111,35,32,62,118,108,70,75,107" hai1="1,26,76,77,67,93,39,8,2,38,41,72,65" hai2="106,82,59,110,16,120,81,78,96,104,10,105,17" hai3="23,99,115,86,91,30,36,83,90,85,100,40,126"/><W6/><G115/><T130/><D107/><U4/><E1/><V46/><F110/><W7/><G126/><T14/><D75/><U132/><E76/><V103/><F120/><W18/><G30/><T0/><D0/><U129/><E39/><V51/><F59/><W58/><G58/><T89/><D118/><U56/><E132/><V84/><F82/><W45/><G99/><T31/><D133/><U79/><E79/><V48/><F48/><W55/><G100/><T5/><D130/><U113/><E129/><V131/><F131/><W135/><G55/><T109/><D31/><U21/><E93/><V61/><F61/><W64/><G64/><T28/><D28/><N who="1" m="17487" /><E56/><V3/><F3/><W88/><G135/><T34/><D70/><U57/><E57/><V97/><F97/><W134/><G134/><T87/><REACH who="0" step="1"/><D62/><REACH who="0" ten="231,306,203,250" step="2"/><U43/><E113/><V60/><F60/><W125/><G125/><T15/><D15/><U98/><E72/><V71/><F71/><W63/><G63/><T33/><N who="0" m="8192" /><DORA hai="117" /><T22/><D22/><U92/><E2/><V127/><F127/><W37/><G23/><T68/><D68/><U69/><E69/><V11/><F11/><AGARI ba="0,1" hai="5,11,14,53,54,87,89,94,108,109,111" m="8192" machi="11" ten="80,2600,0" yaku="1,1,53,0" doraHai="114,117" doraHaiUra="116,25" who="0" fromWho="2" sc="231,36,306,0,203,-26,250,0" owari="267,7.0,306,40.0,177,-32.0,250,-15.0" /></mjloggm>