<mjloggm ver="2.3"><GO type="225" lobby="0"/><UN n0="%E3%81%88%E3%82%8B%E3%81%9F%E3%81%9D" n1="%E3%81%AD%E3%82%8A%E3%82%B4%E3%83%9E" n2="%E3%82%A6%E3%83%AB%E3%83%88%E3%83%A9%E7%AB%8B%E7%9B%B4" n3="%E4%B8%8A%E5%AE%B6%E9%B3%B4%E3%81%8B%E3%81%9B%E3%82%8D" dan="17,16,18,16" rate="2215.25,2079.81,2168.06,2160.89" sx="F,M,M,M"/><TAIKYOKU oya="0"/><INIT seed="0,0,0,2,4,16" ten="250,250,250,250" oya="0" hai0="82,61,28,43,23,4,77,54,58,26,5,75,110" hai1="34,83,64,62,126,55,79,63,122,27,47,19,135" hai2="66,112,67,11,123,40,41,89,59,106,71,118,101" hai3="131,108,111,68,56,69,21,0,42,107,102,46,104"/><T7/><REACH who="0" step="1"/><D43/><REACH who="0" ten="240,250,250,250" step="2"/><U32/><E122/><V103/><F41/><W12/><G131/><T3/><D3/><U15/><E135/><V85/><F40/><W93/><G0/><T36/><D36/><U2/><E2/><V60/><F123/><W121/><G121/><T33/><D33/><U100/><E34/><V1/><F1/><W114/><G114/><T120/><D120/><U105/><E32/><V90/><F112/><W74/><G74/><T38/><D38/><U57/><E105/><V96/><F106/><W30/><G104/><T73/><D73/><U35/><E35/><V72/><F72/><W10/><G107/><T98/><D98/><U124/><E124/><V81/><F96/><W125/><G125/><T87/><D87/><U94/><E126/><V88/><F85/><W44/><G42/><T80/><D80/><U133/><E83/><V97/><F81/><W109/><G93/><T119/><D119/><U49/><E133/><V37/><F97/><W116/><G116/><T17/><D17/><U13/><E94/><V92/><F92/><W6/><G108/><AGARI ba="0,1" hai="4,5,7,23,26,28,54,58,61,75,77,82,108,110" machi="108" ten="40,12000,1" yaku="21,2,52,1,53,1" doraHai="16" doraHaiUra="24" who="0" fromWho="3" sc="240,130,250,0,250,0,250,-120" /><INIT seed="0,1,0,1,0,105" ten="370,250,250,130" oya="0" hai0="30,119,100,45,94,1,82,70,127,86,39,56,131" hai1="10,66,14,55,8,130,22,20,116,11,120,101,38" hai2="126,0,43,133,73,87,123,42,115,109,59,92,68" hai3="124,74,50,97,52,135,64,121,128,4,49,99,89"/><T23/><D70/><U60/><E116/><V48/><F87/><W12/><G121/><T95/><D1/><U98/><E120/><V33/><F92/><W80/><G124/><T122/><D122/><U6/><E38/><V16/><F16/><W24/><G128/><T76/><D119/><U35/><E35/><V41/><F48/><W104/><G64/><T132/><D132/><U31/><E130/><V67/><F59/><W18/><G135/><T19/><D30/><U53/><E53/><V46/><F67/><W117/><G50/><T77/><D127/><U26/><E55/><V110/><F46/><W5/><G117/><T113/><D113/><U47/><E47/><V71/><F42/><W79/><G104/><T37/><D76/><U63/><E22/><V54/><F54/><W9/><G24/><T34/><D34/><U51/><E51/><V78/><F78/><W81/><G97/><T85/><D131/><U17/><E60/><V84/><F43/><W40/><G40/><T61/><D45/><U72/><E72/><V114/><F41/><W62/><G62/><T32/><D32/><U7/><E7/><V3/><F33/><W107/><G107/><T112/><D94/><N who="1" m="58583" /><E6/><V15/><F126/><W21/><G21/><T111/><D95/><U13/><E13/><V103/><F15/><W96/><G96/><T27/><D61/><U108/><E108/><V2/><F110/><W91/><G99/><T129/><D111/><U57/><AGARI ba="1,0" hai="8,10,11,14,17,20,26,31,57,63,66" m="58583" machi="57" ten="30,2000,0" yaku="25,1,8,1" doraHai="105" who="1" fromWho="1" sc="370,-11,250,23,250,-6,130,-6" /><INIT seed="1,0,0,3,3,79" ten="359,273,244,124" oya="1" hai0="20,85,19,92,67,22,86,17,60,6,125,95,16" hai1="39,106,119,101,64,35,68,130,117,113,43,126,49" hai2="78,56,46,47,48,26,24,89,120,115,32,97,71" hai3="87,36,53,63,21,109,129,114,12,88,76,105,34"/><U133/><RYUUKYOKU type="yao9" ba="0,0" sc="359,0,273,0,244,0,124,0" hai1="35,39,43,49,64,68,101,106,113,117,119,126,130,133" /><INIT seed="1,1,0,2,0,18" ten="359,273,244,124" oya="1" hai0="126,16,72,94,59,130,90,125,65,30,8,54,96" hai1="88,103,73,69,121,117,62,42,13,86,135,24,91" hai2="10,128,67,2,39,0,51,36,118,81,70,112,34" hai3="93,6,97,87,44,33,50,133,122,110,63,17,84"/><U74/><E117/><V82/><F51/><W108/><G33/><T11/><D72/><U115/><E121/><V55/><F55/><W14/><G122/><T127/><D130/><U123/><E115/><V129/><F10/><W113/><G6/><T7/><D65/><U83/><E123/><V25/><F67/><W19/><G133/><T109/><D30/><U98/><E135/><V80/><F70/><W114/><G63/><N who="0" m="36343" /><D109/><N who="3" m="42089" /><G113/><T85/><D7/><U134/><E134/><V43/><F43/><N who="3" m="24863" /><G114/><T47/><D47/><U31/><E42/><V66/><F66/><W106/><G106/><T77/><D16/><N who="3" m="6217" /><G14/><T71/><D71/><U41/><E13/><V58/><F58/><W37/><G37/><T57/><D57/><U124/><E69/><V27/><F112/><W116/><G116/><T132/><D132/><U64/><E64/><V22/><F118/><W99/><G99/><T9/><D96/><U3/><E62/><V5/><F5/><W102/><AGARI ba="1,0" hai="84,87,93,97,102" m="6217,24863,42089" machi="102" ten="30,2000,0" yaku="14,1,54,1" doraHai="18" who="3" fromWho="3" sc="359,-6,273,-11,244,-6,124,23" /><INIT seed="2,0,0,5,3,33" ten="353,262,238,147" oya="2" hai0="105,123,6,68,2,99,78,34,72,5,51,13,103" hai1="35,81,86,53,128,79,44,64,117,49,15,66,60" hai2="132,80,19,58,14,4,94,45,97,7,22,119,125" hai3="57,54,100,23,17,43,11,9,26,52,104,92,106"/><V61/><F119/><W84/><G104/><T98/><D123/><U130/><E117/><V8/><F125/><W109/><G109/><T88/><D2/><U82/><E35/><V1/><F132/><W31/><G106/><T87/><D68/><U114/><E114/><V121/><F121/><W115/><G115/><T74/><D34/><U120/><E120/><V3/><F45/><W62/><G43/><T83/><D98/><U46/><E46/><V75/><F80/><W20/><G54/><T111/><D111/><U38/><E38/><V27/><F75/><W0/><G0/><T50/><D72/><U101/><E101/><V37/><F37/><W29/><G29/><T73/><D73/><U65/><E15/><V107/><F7/><N who="0" m="2570" /><D13/><U18/><E18/><V133/><F133/><W69/><G69/><T67/><D67/><U134/><E134/><V24/><F24/><W21/><G21/><T89/><D89/><U127/><E127/><V76/><F76/><W135/><G135/><T118/><D118/><U32/><E32/><V25/><F25/><N who="3" m="16831" /><G100/><T108/><D108/><U28/><E28/><V131/><F107/><W96/><G96/><T90/><D90/><AGARI ba="0,0" hai="9,11,17,20,26,52,57,62,84,90,92" m="16831" machi="90" ten="30,2000,0" yaku="8,1,54,1" doraHai="33" who="3" fromWho="0" sc="353,-20,262,0,238,0,147,20" /><INIT seed="3,0,0,3,1,109" ten="333,262,238,167" oya="3" hai0="3,1,101,74,2,18,132,116,4,89,51,80,12" hai1="67,13,106,22,100,134,69,40,68,59,97,55,70" hai2="53,19,14,36,122,42,62,46,31,30,125,50,8" hai3="130,75,16,37,85,119,102,49,99,128,104,131,121"/><W111/><G111/><T72/><D116/><U56/><E134/><V83/><F125/><W107/><G37/><T23/><D132/><U112/><E112/><V15/><F122/><W34/><G34/><T127/><D4/><U48/><E40/><V5/><F83/><W114/><G119/><T57/><D101/><U103/><E103/><V35/><F35/><W87/><G75/><T20/><D127/><U78/><E78/><V84/><F84/><N who="3" m="32331" /><G121/><T45/><D89/><U92/><E106/><V61/><F36/><W77/><G77/><T113/><D113/><U93/><E93/><V52/><F42/><W58/><G107/><T64/><D23/><U27/><E13/><V108/><F108/><W115/><G16/><T73/><D80/><U91/><E91/><V135/><F135/><W94/><G104/><T43/><D57/><U9/><E9/><N who="2" m="6639" /><F53/><AGARI ba="0,0" hai="49,53,58,94,99,102,114,115,128,130,131" m="32331" machi="53" ten="40,7700,0" yaku="19,1,52,2" doraHai="109" who="3" fromWho="2" sc="333,0,262,0,238,-77,167,77" /><INIT seed="3,1,0,3,4,84" ten="333,262,161,244" oya="3" hai0="104,127,116,56,114,123,49,15,22,124,23,60,51" hai1="113,33,12,99,134,36,78,29,83,1,91,69,62" hai2="125,24,106,70,90,19,88,5,132,115,108,35,48" hai3="17,67,100,52,10,131,57,45,80,31,128,129,72"/><W76/><G100/><T25/><D123/><U66/><E113/><V7/><F70/><W74/><G31/><N who="0" m="17847" /><D104/><U8/><E36/><V111/><F106/><W20/><G10/><T68/><D68/><U82/><E1/><V87/><F115/><W14/><G45/><T112/><D116/><U118/><E134/><V40/><F132/><W92/><G67/><N who="0" m="39303" /><D49/><U64/><E64/><V4/><F125/><N who="0" m="48202" /><D51/><U97/><E118/><V135/><F135/><W110/><G110/><N who="2" m="42025" /><F87/><N who="3" m="48519" /><G92/><T11/><D23/><U86/><E33/><V71/><F71/><W21/><G21/><T16/><AGARI ba="1,0" hai="11,15,16,112,114" m="48202,39303,17847" machi="16" ten="30,2000,0" yaku="18,1,54,1" doraHai="84" who="0" fromWho="0" sc="333,23,262,-6,161,-6,244,-11" owari="356,45.0,256,6.0,155,-34.0,233,-17.0" /></mjloggm>