<mjloggm ver="2.3"><GO type="169" lobby="0"/><UN n0="%E3%82%A6%E3%83%AB%E3%83%88%E3%83%A9%E7%AB%8B%E7%9B%B4" n1="%53%61%62%75%52%75%6E" n2="%E3%83%AA%E3%83%BC%E3%83%81%EF%BC%91" n3="%E6%A1%83%E3%82%84%E3%82%93" dan="18,16,17,16" rate="2222.27,2047.13,2120.15,2118.44" sx="M,M,M,M"/><TAIKYOKU oya="0"/><INIT seed="0,0,0,2,5,93" ten="250,250,250,250" oya="0" hai0="20,127,125,26,63,13,60,73,40,89,61,41,104" hai1="47,3,35,102,135,52,0,48,106,97,8,5,59" hai2="129,94,4,58,123,17,95,68,1,45,54,39,50" hai3="88,7,124,87,126,74,107,55,79,91,82,22,44"/><T112/><D73/><U21/><E135/><V29/><F123/><W76/><G7/><T100/><D112/><U131/><E131/><V132/><F129/><W110/><G22/><T56/><D13/><U122/><E122/><V72/><F132/><W49/><G107/><T64/><D89/><U108/><E108/><V30/><F72/><W109/><G79/><T117/><D117/><U38/><E35/><V92/><F68/><W114/><G114/><T101/><D56/><U80/><E21/><V98/><F1/><W23/><G23/><T96/><D101/><U14/><E38/><V34/><F4/><W90/><REACH who="3" step="1"/><G74/><REACH who="3" ten="250,250,250,240" step="2"/><T9/><D9/><U24/><E24/><V133/><F133/><W65/><G65/><T130/><D64/><U134/><E134/><V18/><F34/><W36/><G36/><T69/><D130/><U10/><E10/><V25/><F39/><W84/><G84/><T6/><D6/><U78/><REACH who="1" step="1"/><E47/><REACH who="1" ten="250,240,250,240" step="2"/><V115/><F25/><W86/><G86/><AGARI ba="0,2" hai="0,3,5,8,14,48,52,59,78,80,86,97,102,106" machi="86" ten="30,8000,1" yaku="1,1,2,1,7,1,52,1,54,1,53,0" doraHai="93" doraHaiUra="15" who="1" fromWho="3" sc="250,0,240,100,250,0,240,-80" /><INIT seed="1,0,0,3,0,133" ten="250,340,250,160" oya="1" hai0="121,13,64,34,22,70,83,105,135,112,30,47,94" hai1="132,79,3,115,48,35,27,49,56,52,95,68,109" hai2="117,50,63,24,130,113,93,134,23,84,57,55,53" hai3="9,12,33,46,32,99,74,4,2,107,128,86,40"/><U73/><E115/><V78/><F117/><W111/><G111/><T91/><D105/><U29/><E68/><V89/><F134/><W6/><G128/><T0/><D0/><U119/><E132/><V114/><F130/><W41/><G41/><T90/><D112/><U131/><E119/><V101/><F101/><W62/><G6/><T51/><D135/><U42/><E131/><V122/><F122/><W18/><G74/><T123/><D34/><U25/><E3/><V98/><F78/><W76/><G62/><T8/><D64/><U5/><E5/><V97/><F114/><W61/><G61/><T11/><D70/><U19/><E109/><V59/><REACH who="2" step="1"/><F113/><REACH who="2" ten="250,340,240,160" step="2"/><W69/><G76/><T54/><D123/><U67/><E79/><V72/><F72/><W7/><G2/><T126/><D121/><U28/><E73/><V17/><AGARI ba="0,1" hai="17,23,24,50,53,55,57,59,63,84,89,93,97,98" machi="17" ten="20,5200,0" yaku="1,1,0,1,7,1,8,1,53,0" doraHai="133" doraHaiUra="127" who="2" fromWho="2" sc="250,-13,340,-26,240,62,160,-13" /><INIT seed="2,0,0,4,5,98" ten="237,314,302,147" oya="2" hai0="133,117,110,60,52,92,67,84,102,17,38,30,72" hai1="1,12,115,3,86,64,134,118,130,35,50,125,109" hai2="28,82,112,107,18,44,27,43,99,47,22,93,105" hai3="62,31,94,19,121,9,40,61,87,119,75,54,116"/><V29/><F112/><W106/><G75/><T56/><D72/><U41/><E64/><V73/><F107/><W34/><G106/><T101/><D38/><U14/><E50/><V8/><F105/><W114/><G121/><T45/><D117/><U81/><E41/><V89/><F73/><W122/><G40/><T57/><D133/><U127/><E86/><N who="2" m="50391" /><F43/><W104/><G104/><T90/><D110/><U59/><E81/><V85/><F85/><W58/><G122/><T53/><D30/><N who="2" m="11882" /><F8/><W131/><G114/><T6/><D6/><U83/><E83/><V129/><F129/><W5/><G131/><T10/><D45/><U23/><E109/><V0/><F0/><W100/><G119/><T4/><D17/><U26/><E115/><V71/><F71/><W2/><G19/><T80/><D80/><U25/><E35/><V77/><F77/><W113/><G113/><T7/><D67/><U33/><E33/><V132/><F132/><W76/><G31/><T111/><D111/><U70/><E70/><V91/><AGARI ba="0,0" hai="18,22,27,44,47,91,93,99" m="11882,50391" machi="91" ten="30,1500,0" yaku="8,1" doraHai="98" who="2" fromWho="2" sc="237,-5,314,-5,302,15,147,-5" /><INIT seed="2,1,0,4,3,135" ten="232,309,317,142" oya="2" hai0="96,50,43,4,79,14,48,133,34,52,91,45,77" hai1="122,69,113,51,116,54,19,64,78,12,85,90,26" hai2="89,59,118,120,104,92,20,30,41,28,76,60,23" hai3="95,46,81,72,94,75,82,67,109,114,127,129,32"/><V47/><F104/><W126/><G32/><T49/><D34/><U103/><E113/><V108/><F118/><W70/><G70/><T112/><D50/><U62/><E116/><V87/><F120/><W100/><G67/><T71/><D71/><U8/><E103/><V121/><F121/><W110/><G46/><T13/><D133/><U80/><E122/><V134/><F134/><W74/><G129/><T125/><D125/><N who="3" m="47625" /><G114/><T88/><D112/><U11/><E26/><V58/><F108/><N who="3" m="41579" /><G100/><T0/><D0/><U107/><E64/><V9/><F59/><W35/><G35/><T31/><D31/><U27/><E54/><V117/><F41/><W10/><G10/><N who="0" m="4295" /><D14/><U57/><E12/><V97/><F47/><W111/><N who="3" m="41587" /><W1/><DORA hai="56" /><G1/><T5/><D5/><U123/><E8/><V66/><F9/><W61/><G61/><T83/><D48/><U63/><E51/><V16/><F117/><W128/><G128/><T15/><D15/><U37/><E63/><V53/><F23/><W106/><G106/><T24/><D43/><U7/><E107/><V6/><F6/><W36/><G36/><T86/><D24/><U44/><E37/><V98/><F66/><W38/><G38/><T73/><D52/><U39/><E11/><V102/><F20/><W25/><G25/><T84/><D49/><U55/><E27/><V2/><F2/><W65/><G65/><T132/><D45/><U3/><E7/><V33/><F33/><W68/><G68/><T17/><D132/><U130/><E69/><V124/><F124/><W131/><G131/><RYUUKYOKU ba="1,0" sc="232,-10,309,-10,317,-10,142,30" hai3="72,74,75,81,82,94,95" /><INIT seed="3,2,0,4,1,135" ten="222,299,307,172" oya="3" hai0="89,99,26,83,43,93,98,5,55,45,115,66,8" hai1="35,56,64,67,10,114,119,116,47,49,71,123,128" hai2="111,52,70,85,95,88,25,113,53,105,129,107,22" hai3="81,112,133,31,57,110,28,97,34,29,92,32,40"/><W17/><G112/><T76/><D115/><U82/><E114/><V1/><F1/><W9/><G133/><T37/><D66/><N who="1" m="25131" /><E10/><V118/><F118/><N who="1" m="45097" /><E82/><V96/><F70/><W46/><G110/><T79/><D55/><U72/><E35/><V33/><F111/><W21/><G9/><T13/><D26/><U86/><E86/><V80/><F33/><W125/><G57/><T130/><D130/><U3/><E72/><V19/><F129/><W102/><G81/><T104/><D83/><U131/><E3/><V117/><F117/><W41/><G41/><T91/><D104/><U124/><E71/><V7/><F7/><W106/><G106/><T59/><D59/><U2/><E2/><V50/><F113/><W68/><G68/><T60/><D60/><U134/><E123/><V38/><F38/><W48/><REACH who="3" step="1"/><G125/><REACH who="3" ten="222,299,307,162" step="2"/><T62/><D62/><U15/><E124/><V127/><F127/><W30/><N who="3" m="7168" /><DORA hai="16" /><W120/><G120/><T103/><D8/><U27/><E56/><V109/><F109/><W44/><G44/><T20/><D45/><U75/><E134/><V100/><F107/><W24/><AGARI ba="2,1" hai="17,21,24,32,34,40,46,48,92,97,102" m="7168" machi="24" ten="40,7800,0" yaku="1,1,0,1,52,1,53,0" doraHai="135,16" doraHaiUra="108,87" who="3" fromWho="3" sc="222,-28,299,-28,307,-28,162,94" /><INIT seed="3,3,0,0,1,122" ten="194,271,279,256" oya="3" hai0="53,40,101,114,47,111,22,18,9,57,48,13,105" hai1="30,25,41,119,35,121,29,31,88,6,52,126,99" hai2="120,117,65,134,2,69,133,42,66,63,102,17,4" hai3="46,44,132,62,97,135,81,34,107,109,64,103,37"/><W79/><G34/><T89/><D114/><U50/><E121/><V128/><F120/><W54/><G54/><T75/><D75/><U127/><E41/><V7/><F117/><W1/><G1/><T115/><D115/><U26/><E6/><V59/><F102/><W83/><G83/><T85/><D105/><U19/><E19/><V92/><F92/><W33/><G33/><T67/><D101/><U71/><E71/><V38/><F17/><W84/><G109/><T94/><D111/><U131/><E131/><V130/><F2/><W116/><G116/><T86/><D67/><U36/><E36/><V90/><F90/><W16/><G16/><T55/><D85/><U113/><E113/><V96/><F96/><W93/><G93/><T125/><D125/><N who="1" m="47627" /><E25/><V32/><F32/><W20/><G20/><T15/><REACH who="0" step="1"/><D57/><REACH who="0" ten="184,271,279,256" step="2"/><N who="1" m="32919" /><E119/><V14/><F66/><W45/><REACH who="3" step="1"/><G37/><REACH who="3" ten="184,271,279,246" step="2"/><T78/><D78/><U104/><E104/><V28/><F38/><W123/><G123/><T112/><D112/><U3/><E3/><V60/><F65/><W91/><G91/><T8/><D8/><U21/><E35/><V51/><F133/><W68/><AGARI ba="3,2" hai="44,45,46,62,64,68,79,81,84,97,103,107,132,135" machi="68" ten="30,3000,0" yaku="1,1,0,1,53,0" doraHai="122" doraHaiUra="108" who="3" fromWho="3" sc="184,-13,271,-13,279,-13,246,59" /><INIT seed="3,4,0,0,1,65" ten="171,258,266,305" oya="3" hai0="72,88,56,101,51,79,4,68,133,124,7,96,111" hai1="9,39,29,8,24,40,1,5,31,6,86,63,134" hai2="55,117,73,34,130,58,118,22,38,59,12,71,122" hai3="84,57,44,61,81,82,91,42,26,125,113,54,14"/><W87/><G113/><T11/><D111/><U25/><E40/><V32/><F38/><W43/><G125/><T0/><D124/><U99/><E39/><V66/><F73/><W100/><G100/><T107/><D133/><U127/><E86/><V10/><F66/><W3/><G3/><T69/><D7/><U78/><E78/><V33/><F22/><W102/><G102/><T106/><D106/><U109/><E127/><V18/><F130/><W46/><G26/><N who="1" m="10346" /><E99/><V129/><F129/><W110/><G14/><T27/><D27/><U126/><E63/><V114/><F114/><W77/><G110/><T41/><D88/><U60/><E60/><V131/><F131/><W74/><G74/><T135/><D135/><U90/><E90/><V36/><F36/><W108/><G108/><T80/><REACH who="0" step="1"/><D56/><REACH who="0" ten="161,258,266,305" step="2"/><U119/><E109/><V13/><F59/><W30/><G30/><N who="1" m="11274" /><E126/><V53/><F58/><W28/><G28/><T123/><D123/><U35/><E134/><V132/><F122/><W92/><G82/><T94/><D94/><U19/><E119/><V121/><F132/><W47/><AGARI ba="4,1" hai="42,43,44,46,47,54,57,61,77,81,84,87,91,92" machi="47" ten="30,3000,0" yaku="0,1,8,1" doraHai="65" who="3" fromWho="3" sc="161,-14,258,-14,266,-14,305,52" /><INIT seed="3,5,0,5,5,30" ten="147,244,252,357" oya="3" hai0="75,121,14,99,132,37,124,47,24,17,110,55,113" hai1="78,56,59,69,3,108,91,128,43,86,4,68,82" hai2="85,15,2,58,104,135,16,13,131,46,95,100,42" hai3="94,23,101,77,74,27,26,114,8,126,45,125,109"/><W38/><G114/><T103/><D121/><U73/><E108/><V39/><F2/><W119/><G119/><T29/><D113/><U40/><E128/><V89/><F131/><W122/><G122/><T90/><D75/><U6/><E68/><V130/><F130/><W71/><G71/><T88/><D110/><U51/><E69/><V11/><F135/><W12/><G109/><T41/><D55/><U79/><E3/><V5/><F58/><W44/><G27/><T64/><D64/><U92/><E59/><V98/><REACH who="2" step="1"/><F15/><REACH who="2" ten="147,244,242,357" step="2"/><W52/><G12/><T84/><D132/><U18/><E56/><V7/><AGARI ba="5,1" hai="5,7,11,13,16,39,42,46,85,89,95,98,100,104" machi="7" ten="30,7900,0" yaku="1,1,2,1,0,1,54,1,53,0" doraHai="30" doraHaiUra="118" who="2" fromWho="2" sc="147,-25,244,-25,242,104,357,-44" /><INIT seed="4,0,0,0,3,71" ten="122,219,346,313" oya="0" hai0="111,32,24,64,72,125,82,51,108,109,50,104,102" hai1="113,44,131,58,107,25,119,22,80,106,45,5,67" hai2="115,17,31,126,61,120,91,78,48,93,86,68,46" hai3="105,43,38,1,28,26,81,92,3,59,100,16,118"/><T10/><D125/><U99/><E119/><V12/><F120/><W77/><G118/><T29/><D64/><U127/><E127/><V14/><F126/><W87/><G38/><T133/><D133/><U41/><E131/><V76/><F115/><W74/><G43/><T75/><D102/><U90/><E5/><V56/><F31/><W112/><G112/><T128/><D104/><U13/><E13/><N who="2" m="5227" /><F17/><W130/><G130/><T9/><D128/><U110/><E58/><V121/><F68/><W94/><G94/><T79/><REACH who="0" step="1"/><D72/><REACH who="0" ten="112,219,346,313" step="2"/><U103/><E67/><N who="2" m="39335" /><F121/><W85/><G105/><T117/><D117/><U47/><E103/><V122/><F122/><W84/><G100/><T96/><D96/><U95/><E99/><V114/><F114/><W63/><G74/><T19/><D19/><U15/><E113/><V55/><AGARI ba="0,1" hai="46,48,55,76,78,86,91,93" m="39335,5227" machi="55" ten="30,1100,0" yaku="8,1" doraHai="71" who="2" fromWho="2" sc="112,-5,219,-3,346,21,313,-3" /><INIT seed="5,0,0,0,2,42" ten="107,216,367,310" oya="1" hai0="95,117,53,89,38,123,122,0,43,124,130,17,91" hai1="105,57,120,131,9,72,49,20,107,18,129,22,108" hai2="75,84,64,127,94,33,96,28,35,102,114,30,115" hai3="29,47,1,8,110,68,3,25,126,111,63,16,24"/><U41/><E120/><N who="0" m="46121" /><D0/><U85/><E72/><V51/><F75/><W71/><G126/><T60/><D117/><U26/><E9/><V125/><F64/><W73/><G73/><T14/><D124/><N who="2" m="47690" /><F51/><W82/><G82/><T103/><D130/><N who="1" m="49675" /><E85/><V48/><F48/><W106/><G106/><T52/><D103/><U7/><E7/><V121/><F121/><W54/><G47/><N who="0" m="24055" /><D60/><U45/><E108/><V56/><F56/><W104/><G104/><T93/><D93/><U100/><E100/><V92/><F92/><W40/><G40/><T19/><D19/><N who="1" m="12575" /><E57/><V59/><F59/><W50/><G71/><T113/><D113/><N who="2" m="43018" /><F84/><W116/><G68/><T132/><D132/><U4/><E4/><V31/><AGARI ba="0,0" hai="28,30,31,33,35,94,96,102" m="43018,47690" machi="31" ten="40,5200,0" yaku="18,1,15,1,11,1" doraHai="42" who="2" fromWho="2" sc="107,-13,216,-26,367,52,310,-13" /><INIT seed="6,0,0,0,4,58" ten="94,190,419,297" oya="2" hai0="123,121,70,97,125,30,68,31,126,64,28,107,118" hai1="91,113,60,18,6,57,114,112,130,8,80,74,50" hai2="20,16,32,77,135,133,47,84,128,117,34,88,15" hai3="69,14,24,12,21,67,104,33,53,99,55,127,94"/><V122/><F117/><W75/><G75/><T71/><D64/><N who="1" m="38927" /><E130/><V134/><F128/><W78/><G127/><T23/><D23/><U62/><E18/><V0/><F0/><W105/><G78/><T59/><D59/><U56/><E50/><V5/><F5/><W81/><G81/><T63/><D63/><U82/><E91/><V132/><F122/><W4/><G105/><T22/><D22/><U92/><E92/><N who="2" m="54279" /><F77/><W103/><G94/><T129/><D129/><U106/><E106/><V44/><F135/><W43/><G43/><T45/><D45/><AGARI ba="0,0" hai="15,16,20,32,34,44,45,47,132,133,134" m="54279" machi="45" ten="30,5800,0" yaku="20,1,54,2" doraHai="58" who="2" fromWho="0" sc="94,-58,190,0,419,58,297,0" /><INIT seed="6,1,0,5,3,21" ten="36,190,477,297" oya="2" hai0="100,65,41,63,82,113,26,40,109,116,99,59,42" hai1="2,101,130,56,10,4,53,29,36,30,39,127,71" hai2="133,17,70,24,79,135,119,73,81,112,14,25,129" hai3="131,44,122,64,5,37,52,98,114,22,107,61,33"/><V11/><F119/><W43/><G122/><T35/><D109/><U78/><E71/><V93/><F70/><W111/><G111/><T54/><D116/><U46/><E130/><V28/><F129/><W18/><G131/><T20/><D113/><U97/><E78/><V50/><F112/><W0/><G33/><T80/><D35/><U124/><E29/><V88/><F50/><W102/><G114/><T8/><D8/><U117/><E30/><V13/><F13/><W6/><G0/><T121/><D121/><U32/><E32/><V118/><F28/><W16/><G18/><T60/><D60/><N who="1" m="35855" /><E46/><V55/><F55/><W103/><G103/><T86/><D54/><U85/><E85/><N who="2" m="52367" /><F118/><W12/><G52/><T106/><REACH who="0" step="1"/><D86/><REACH who="0" ten="26,190,477,297" step="2"/><U9/><E9/><V104/><F104/><W15/><G5/><T92/><D92/><N who="1" m="58535" /><E117/><V134/><AGARI ba="1,1" hai="11,14,17,24,25,73,79,81,133,134,135" m="52367" machi="134" ten="30,11700,0" yaku="20,1,52,2,54,1" doraHai="21" who="2" fromWho="2" sc="26,-40,190,-40,477,130,297,-40" owari="-14,-51.0,150,-25.0,607,70.0,257,6.0" /></mjloggm>