<mjloggm ver="2.3"><GO type="169" lobby="0"/><UN n0="%E9%87%8F%E5%AD%90%28%E3%82%8A%E3%82%87%E3%81%86%E3%81%97%29" n1="%E3%81%BE%E3%81%BF%E3%81%AD%E3%81%93" n2="%E5%B0%B1%E6%B4%BB%E7%94%9F%40%E5%B7%9D%E6%9D%91%E8%BB%8D%E5%9B%A3" n3="%E3%83%AF%E3%83%B3%E3%82%BF%E3%83%B3%EF%BC%A0%E6%A8%AA%E6%B5%9C" dan="16,17,17,17" rate="2107.55,2161.21,2221.94,2204.49" sx="M,M,M,M"/><TAIKYOKU oya="0"/><INIT seed="0,0,0,0,4,85" ten="250,250,250,250" oya="0" hai0="42,41,65,0,81,134,4,135,33,55,37,105,46" hai1="11,58,8,28,16,79,83,112,110,68,87,119,118" hai2="124,103,133,100,61,24,17,21,125,62,106,115,27" hai3="26,44,70,50,64,3,114,99,102,2,82,57,73"/><T34/><D55/><U35/><E68/><V69/><F115/><W10/><G114/><T52/><D42/><U78/><E112/><V90/><F133/><W47/><G70/><T75/><D65/><U9/><E110/><V13/><F69/><W94/><G10/><N who="0" m="2311" /><D52/><U54/><E35/><N who="0" m="13321" /><D105/><U117/><E28/><V104/><F13/><W25/><G47/><T98/><D98/><U1/><E1/><V121/><F121/><W40/><G3/><T23/><D23/><U93/><E93/><V101/><F27/><N who="3" m="10251" /><G2/><T91/><D91/><U18/><REACH who="1" step="1"/><E79/><AGARI ba="0,0" hai="37,41,46,75,79,81,134,135" m="13321,2311" machi="79" ten="30,2900,0" yaku="25,1,23,1" doraHai="85" who="0" fromWho="1" sc="250,29,250,-29,250,0,250,0" /><INIT seed="0,1,0,2,0,64" ten="279,221,250,250" oya="0" hai0="27,133,66,118,47,8,23,50,94,106,93,53,128" hai1="125,9,16,95,126,117,20,74,114,116,7,122,131" hai2="112,119,34,4,80,41,100,86,40,24,57,85,2" hai3="49,56,115,78,110,134,105,121,89,32,43,19,73"/><T76/><D106/><U0/><E74/><V113/><F119/><N who="1" m="45641" /><E95/><V59/><F100/><W29/><G115/><T15/><D128/><U10/><E131/><V42/><F2/><W39/><G39/><T17/><D133/><U18/><E114/><V14/><F85/><W109/><G134/><T3/><D3/><U67/><E67/><V120/><F120/><W84/><G78/><T26/><D76/><U82/><E82/><V101/><F101/><W44/><G73/><T81/><D81/><U22/><E122/><V124/><F124/><N who="1" m="47721" /><E10/><V77/><F112/><W98/><G56/><T111/><D66/><U61/><E61/><V54/><F113/><W71/><G98/><T96/><D118/><U65/><E65/><V33/><F57/><W103/><G103/><T5/><D93/><U6/><E6/><V58/><F58/><W38/><G105/><T46/><D46/><U90/><E90/><V35/><F59/><W92/><G49/><T30/><D5/><U1/><E1/><V108/><F54/><W51/><G51/><T31/><D94/><U88/><E88/><V21/><F4/><W97/><G97/><T107/><D107/><U91/><E91/><V60/><F60/><W130/><G130/><T11/><D96/><U70/><E70/><V55/><F55/><W132/><G71/><T123/><D123/><U12/><E12/><V28/><F14/><W102/><G132/><T135/><D135/><U36/><E36/><V99/><F99/><W87/><G102/><T37/><D37/><U63/><E63/><V45/><F45/><W13/><G44/><RYUUKYOKU ba="1,0" sc="279,-15,221,15,250,15,250,-15" hai1="0,7,9,16,18,20,22" hai2="21,24,28,33,34,35,40,41,42,77,80,86,108" /><INIT seed="1,2,0,4,3,81" ten="264,236,265,235" oya="1" hai0="128,97,20,3,124,44,12,118,42,47,80,51,94" hai1="14,67,64,84,5,121,134,108,101,131,120,60,66" hai2="11,91,48,96,105,41,32,23,86,28,63,26,56" hai3="68,16,83,40,88,98,50,15,10,99,122,46,62"/><U24/><E131/><V132/><F132/><W25/><G122/><T123/><D118/><U133/><E101/><V90/><F11/><W82/><G25/><T49/><D3/><U55/><E24/><V100/><F32/><W119/><G119/><T71/><D71/><U116/><E116/><V125/><F125/><W76/><G68/><T102/><D124/><U89/><E5/><V75/><F75/><W70/><G70/><T58/><D58/><N who="1" m="34911" /><E14/><V13/><F13/><W111/><G111/><T112/><D112/><U4/><E4/><V57/><F91/><W92/><G62/><T38/><D128/><U19/><E19/><V36/><F36/><W129/><G129/><T69/><D69/><U79/><E79/><V109/><F109/><W61/><G61/><T127/><D123/><U43/><E43/><V27/><F27/><W106/><G106/><T0/><D0/><U54/><E54/><V18/><F28/><W78/><G99/><T33/><D33/><U135/><E108/><V34/><F34/><W52/><G40/><T126/><D38/><U2/><E2/><V9/><F9/><W65/><G65/><N who="1" m="16642" /><U6/><DORA hai="114" /><E6/><V107/><F107/><W85/><G82/><AGARI ba="2,0" hai="82,84,89,120,121,133,134,135" m="16642,34911" machi="82" ten="40,3900,0" yaku="20,1,52,1" doraHai="81,114" who="1" fromWho="3" sc="264,0,236,45,265,0,235,-45" /><INIT seed="1,3,0,5,1,79" ten="264,281,265,190" oya="1" hai0="40,81,126,47,14,133,21,73,77,63,46,88,31" hai1="20,72,89,87,23,61,84,59,43,96,24,108,83" hai2="68,6,112,130,132,53,17,116,50,54,1,18,105" hai3="75,55,35,134,97,106,3,37,22,114,127,48,129"/><U82/><E72/><V113/><F116/><W62/><RYUUKYOKU type="yao9" ba="3,0" sc="264,0,281,0,265,0,190,0" hai3="3,22,35,37,48,55,62,75,97,106,114,127,129,134" /><INIT seed="1,4,0,0,2,36" ten="264,281,265,190" oya="1" hai0="131,14,75,48,60,7,129,93,38,55,108,128,27" hai1="39,92,41,15,125,59,102,21,117,64,103,97,30" hai2="133,98,35,122,66,86,135,16,17,53,120,74,76" hai3="73,104,82,109,124,111,43,79,46,94,34,8,12"/><U80/><E117/><V78/><F35/><W69/><G104/><T99/><D75/><U5/><E125/><V105/><F74/><W101/><G69/><T45/><D108/><N who="3" m="41545" /><G34/><T2/><D27/><U126/><E126/><V116/><F116/><W52/><G124/><T130/><D130/><U1/><E1/><V29/><F29/><W90/><G101/><T28/><D28/><U63/><E80/><V4/><F4/><N who="3" m="3079" /><G52/><T24/><D24/><N who="1" m="16655" /><E103/><V112/><F53/><W10/><G10/><T88/><D60/><U25/><E25/><V13/><F66/><W50/><G94/><T123/><D2/><U20/><E20/><V62/><F62/><W56/><G56/><T57/><D57/><U113/><E113/><V83/><F112/><W132/><G90/><T71/><D71/><U47/><E15/><V89/><F13/><W26/><G26/><T9/><D123/><U106/><E106/><V127/><F127/><W118/><G118/><T87/><D99/><U134/><E5/><V49/><F49/><W77/><G79/><N who="2" m="30249" /><F17/><W115/><G115/><T67/><D67/><U95/><E95/><N who="2" m="56687" /><F16/><W119/><G119/><T54/><D38/><U100/><E100/><V84/><F105/><W70/><G70/><T85/><D85/><N who="2" m="32874" /><F83/><W96/><G73/><T61/><D61/><U0/><E0/><V11/><F11/><W72/><G72/><T6/><D6/><U107/><E107/><V22/><F22/><W58/><G82/><T18/><D7/><U42/><E42/><AGARI ba="4,0" hai="9,14,18,42,45,48,54,55,87,88,93,128,129,131" machi="42" ten="40,5200,0" yaku="19,1,52,1,54,1" doraHai="36" who="0" fromWho="1" sc="264,64,281,-64,265,0,190,0" /><INIT seed="2,0,0,1,0,130" ten="328,217,265,190" oya="2" hai0="17,76,46,50,27,26,33,43,90,75,37,121,126" hai1="96,95,36,120,129,3,44,115,7,2,72,48,68" hai2="105,125,91,93,59,18,131,103,78,122,70,123,94" hai3="112,66,99,81,118,100,104,58,49,77,63,97,6"/><V113/><F70/><W28/><G118/><T20/><D126/><U56/><E115/><V82/><F131/><W41/><G112/><T39/><D121/><U16/><E129/><V107/><F59/><W22/><G6/><T42/><D90/><U47/><E120/><N who="2" m="46123" /><F18/><W132/><G99/><T71/><D71/><U84/><E68/><V54/><F54/><W31/><G22/><T135/><D76/><U29/><E72/><N who="2" m="43335" /><F113/><W85/><G31/><T89/><D75/><U108/><E29/><V86/><F125/><W114/><G28/><T102/><D33/><U106/><E56/><V0/><F0/><W98/><G97/><AGARI ba="0,0" hai="86,91,93,94,97,103,105,107" m="43335,46123" machi="97" ten="30,2900,0" yaku="34,2" doraHai="130" who="2" fromWho="3" sc="328,0,217,0,265,29,190,-29" /><INIT seed="2,1,0,5,3,30" ten="328,217,294,161" oya="2" hai0="42,81,58,83,109,82,122,65,8,54,132,104,28" hai1="113,107,89,29,70,88,34,55,86,20,111,32,18" hai2="31,134,128,27,80,23,50,40,26,4,48,129,0" hai3="75,33,24,105,41,69,102,73,2,108,12,63,96"/><V106/><F106/><W38/><G12/><T84/><D122/><U130/><E113/><V6/><F80/><W115/><G2/><T98/><D109/><U7/><E70/><V90/><F90/><W74/><G108/><T118/><D42/><U72/><E111/><V110/><F110/><W135/><G135/><T22/><D8/><U68/><E72/><V92/><F92/><W44/><G115/><T59/><D132/><U15/><E68/><V61/><F61/><W112/><G112/><T16/><D28/><U124/><E107/><V9/><F134/><W3/><G3/><T77/><D118/><U121/><E121/><V94/><F94/><W62/><G62/><N who="0" m="38111" /><D98/><U25/><E130/><N who="2" m="50283" /><F40/><W91/><G91/><T123/><D104/><U120/><E124/><V14/><F48/><W117/><G117/><T1/><D1/><U78/><E120/><V11/><F50/><W53/><G53/><T114/><D114/><U57/><E7/><N who="2" m="1255" /><F26/><W17/><G17/><AGARI ba="1,0" hai="4,6,11,14,17,23,27,31" m="1255,50283" machi="17" ten="30,5800,0" yaku="19,1,34,2" doraHai="30" who="2" fromWho="3" sc="328,0,217,0,294,61,161,-61" /><INIT seed="2,2,0,3,5,108" ten="328,217,355,100" oya="2" hai0="56,105,49,78,39,100,123,60,2,110,16,55,87" hai1="76,4,38,57,131,86,48,45,92,1,112,28,22" hai2="15,75,17,134,77,91,51,90,130,65,34,129,44" hai3="70,36,82,37,71,102,84,107,25,58,10,93,109"/><V47/><F34/><W120/><G107/><T89/><D2/><U62/><E131/><V43/><F134/><W113/><G120/><T117/><D110/><U18/><E38/><V30/><F30/><W97/><G109/><T14/><D39/><U29/><E1/><V88/><F65/><W98/><G58/><T31/><D31/><U118/><E4/><V35/><F35/><W61/><G10/><T46/><D117/><U24/><E118/><V3/><F3/><W95/><G25/><T80/><D105/><U119/><E119/><V101/><F101/><W104/><G104/><T85/><D100/><U7/><E7/><V53/><F77/><W6/><G6/><T96/><D96/><U8/><E8/><V79/><F79/><W52/><G70/><T66/><D123/><U114/><E28/><V0/><F0/><W54/><G71/><T32/><D32/><U83/><E92/><V50/><REACH who="2" step="1"/><F75/><REACH who="2" ten="328,217,345,100" step="2"/><W116/><G102/><T11/><D89/><U9/><E29/><V106/><F106/><W132/><G132/><T64/><D66/><U23/><E23/><AGARI ba="2,1" hai="15,17,23,43,44,47,50,51,53,88,90,91,129,130" machi="23" ten="40,3900,0" yaku="1,1,54,1,53,0" doraHai="108" doraHaiUra="99" who="2" fromWho="1" sc="328,0,217,-45,345,55,100,0" /><INIT seed="2,3,0,1,4,21" ten="328,172,400,100" oya="2" hai0="107,9,16,40,13,93,33,68,95,90,12,91,37" hai1="116,28,96,103,7,44,97,83,0,119,18,88,76" hai2="26,25,94,134,85,72,50,32,19,61,45,10,111" hai3="51,64,104,31,56,42,24,84,3,108,30,105,17"/><V101/><F72/><W23/><G3/><T115/><D107/><U46/><E28/><V121/><F121/><W127/><G108/><T52/><D68/><U99/><E103/><V43/><F32/><W4/><G4/><T102/><D115/><U29/><E29/><V48/><F111/><W54/><G127/><T126/><D126/><U135/><E135/><V87/><F134/><W117/><G117/><T1/><D1/><U74/><E18/><V110/><F110/><W2/><G2/><T15/><D40/><U5/><E5/><V70/><F50/><W58/><G42/><T114/><D37/><U65/><E65/><V69/><F61/><N who="3" m="37943" /><G104/><T27/><D102/><U35/><E35/><V49/><F49/><W73/><G105/><T71/><D71/><U122/><E122/><V41/><F70/><W38/><G73/><T39/><D39/><U53/><E53/><V100/><F69/><W109/><G38/><T106/><D106/><U14/><E0/><V8/><F94/><W123/><G123/><T67/><D67/><U80/><E116/><V113/><F48/><W92/><G109/><T36/><D36/><U89/><E119/><V86/><F113/><W120/><G120/><T132/><D52/><U79/><E7/><V133/><F133/><W125/><G125/><T6/><D114/><U77/><E74/><V47/><F86/><W129/><G129/><T81/><D132/><U57/><E57/><V60/><F60/><W124/><G124/><T11/><D33/><U66/><E66/><V128/><F128/><W98/><G84/><N who="0" m="52423" /><D6/><U62/><E62/><RYUUKYOKU ba="3,0" sc="328,-15,172,-15,400,15,100,15" hai2="8,10,19,25,26,41,43,45,47,85,87,100,101" hai3="17,23,24,30,31,51,54,56,92,98" /><INIT seed="2,4,0,5,3,27" ten="313,157,415,115" oya="2" hai0="56,50,104,85,76,29,83,88,7,95,18,78,30" hai1="48,100,98,106,70,66,11,122,8,125,20,65,77" hai2="129,91,128,131,0,9,64,43,94,23,71,112,47" hai3="84,105,97,81,110,101,51,38,10,34,69,99,24"/><V21/><F112/><W61/><G38/><T37/><D104/><U133/><E125/><V93/><F71/><W80/><G10/><T1/><D37/><U57/><E133/><V35/><F64/><N who="3" m="41103" /><G99/><N who="0" m="57831" /><D1/><U134/><E134/><V89/><F35/><W15/><G15/><T79/><D7/><U22/><E122/><V120/><F120/><W107/><G107/><T49/><D18/><U124/><E124/><V12/><F0/><W59/><G84/><T53/><D50/><U26/><E77/><AGARI ba="4,0" hai="29,30,49,53,56,76,77,78,79,83,85" m="57831" machi="77" ten="30,7700,0" yaku="8,1,52,2,54,1" doraHai="27" who="0" fromWho="1" sc="313,89,157,-89,415,0,115,0" /><INIT seed="3,0,0,5,5,97" ten="402,68,415,115" oya="3" hai0="115,93,54,119,45,3,83,120,6,69,86,35,33" hai1="34,56,1,72,128,100,20,94,46,107,131,117,122" hai2="65,110,67,57,44,130,0,75,23,25,85,82,32" hai3="30,2,60,76,52,132,24,29,123,59,21,73,88"/><W12/><G2/><T16/><D69/><U38/><E34/><V70/><F70/><W118/><G123/><T121/><D119/><U31/><E72/><V111/><F0/><W68/><G118/><T36/><D115/><U102/><E117/><V87/><F130/><N who="1" m="49705" /><E107/><V41/><F32/><W4/><G68/><T7/><D93/><U124/><E122/><V95/><F75/><W48/><G132/><T81/><D3/><U109/><E1/><V135/><F95/><W27/><G73/><T53/><D86/><U105/><E105/><V96/><F96/><W22/><G76/><T63/><D63/><U71/><E71/><V134/><F57/><W62/><REACH who="3" step="1"/><G88/><REACH who="3" ten="402,68,415,105" step="2"/><T66/><D120/><U17/><E109/><V5/><F134/><W103/><G103/><N who="1" m="39466" /><E124/><V40/><F135/><W133/><G133/><T15/><D121/><U112/><E112/><V9/><F111/><W61/><G61/><T28/><D83/><U26/><E94/><V78/><F110/><W11/><AGARI ba="0,1" hai="4,11,12,21,22,24,27,29,30,48,52,59,60,62" machi="11" ten="30,18000,2" yaku="1,1,0,1,9,1,8,1,54,1,53,1" doraHai="97" doraHaiUra="10" who="3" fromWho="3" sc="402,-60,68,-60,415,-60,105,190" /><INIT seed="3,1,0,3,5,133" ten="342,8,355,295" oya="3" hai0="35,101,9,77,103,112,116,92,131,36,57,25,69" hai1="63,100,120,123,130,14,76,23,104,88,17,84,13" hai2="18,83,2,29,8,74,59,44,98,5,58,66,40" hai3="122,26,31,33,128,85,52,105,78,10,86,87,56"/><W121/><G105/><T48/><D36/><U65/><E130/><V54/><F29/><W3/><G78/><T32/><D116/><U45/><E76/><V20/><F98/><W53/><G128/><T34/><D69/><U50/><E104/><V51/><F66/><W80/><G80/><T37/><D37/><U90/><E100/><V89/><F54/><W47/><G47/><T19/><D77/><U129/><E129/><V62/><F62/><W102/><G102/><T125/><D112/><U22/><E90/><V124/><F124/><W106/><G106/><T12/><D125/><U49/><E49/><V107/><F107/><W72/><G72/><T38/><D38/><U16/><E65/><V42/><F42/><W132/><G132/><T91/><D25/><U0/><E63/><V126/><F126/><W73/><G73/><T24/><D24/><U97/><E97/><V68/><F68/><W67/><G67/><T15/><D15/><U134/><E0/><V94/><F83/><W95/><G95/><T6/><D6/><U81/><E134/><V79/><F79/><W109/><G109/><T127/><D127/><U82/><E81/><V28/><F74/><W21/><G33/><T119/><D119/><U61/><E61/><V135/><F135/><W111/><G111/><T60/><D48/><U93/><E93/><V70/><F70/><W27/><G26/><T30/><D131/><U113/><E113/><V4/><F94/><W7/><REACH who="3" step="1"/><G53/><AGARI ba="1,0" hai="13,14,16,17,22,23,45,50,53,82,84,88,120,123" machi="53" ten="30,7700,0" yaku="7,1,9,1,54,2" doraHai="133" who="1" fromWho="3" sc="342,0,8,80,355,0,295,-80" /><INIT seed="4,0,0,3,5,66" ten="342,88,355,215" oya="0" hai0="102,113,15,9,120,68,39,32,67,86,62,88,96" hai1="24,53,11,106,42,71,74,75,94,16,85,5,93" hai2="129,109,33,84,18,6,116,54,65,37,13,44,14" hai3="78,51,41,73,58,26,104,60,103,124,23,79,91"/><T36/><D120/><U97/><E106/><V121/><F109/><W47/><G73/><T77/><D77/><U76/><E42/><V43/><F121/><W38/><G38/><T22/><D22/><U20/><E71/><V134/><F33/><W95/><G103/><T82/><D32/><U87/><E75/><V83/><F129/><W48/><G51/><T1/><D1/><U29/><E29/><V100/><F134/><W127/><G104/><T25/><D25/><U123/><E123/><V21/><F116/><W90/><G91/><T92/><REACH who="0" step="1"/><D113/><REACH who="0" ten="332,88,355,215" step="2"/><U131/><E76/><V70/><F14/><W126/><G23/><T2/><D2/><U63/><E131/><V111/><F111/><W57/><G26/><T135/><D135/><U61/><E74/><V80/><F13/><W69/><G79/><T105/><D105/><U56/><E94/><V119/><F21/><W122/><G78/><T45/><D45/><U50/><E85/><V114/><F84/><N who="3" m="52679" /><G122/><T117/><D117/><U17/><E87/><V52/><F114/><W125/><G125/><T19/><AGARI ba="0,1" hai="9,15,19,36,39,62,67,68,82,86,88,92,96,102" machi="19" ten="20,12000,1" yaku="1,1,0,1,7,1,52,1,54,1,53,0" doraHai="66" doraHaiUra="101" who="0" fromWho="0" sc="332,130,88,-40,355,-40,215,-40" /><INIT seed="4,1,0,4,3,44" ten="462,48,315,175" oya="0" hai0="113,12,11,110,68,89,115,56,17,31,112,64,75" hai1="62,85,92,130,105,83,88,120,125,43,34,21,70" hai2="25,53,106,59,1,18,51,36,22,48,23,94,124" hai3="72,91,28,30,128,38,114,8,16,24,122,76,108"/><T119/><D119/><U118/><E120/><V26/><F124/><W39/><G108/><T129/><D129/><U32/><E105/><V97/><F1/><W0/><G30/><T66/><D31/><U63/><E125/><V78/><F36/><W132/><G114/><T134/><D134/><U35/><E130/><V100/><F78/><W103/><G128/><T117/><D117/><U4/><E118/><V131/><F131/><W104/><G91/><T9/><D75/><U46/><E4/><V27/><F106/><W123/><G132/><T40/><D40/><U84/><E21/><V52/><F22/><N who="3" m="13383" /><G28/><T90/><D110/><U42/><E70/><V82/><F82/><N who="3" m="45319" /><G8/><T79/><D79/><U54/><E54/><V116/><F116/><W101/><G0/><T33/><D9/><U47/><E47/><AGARI ba="1,0" hai="18,23,25,26,27,47,48,51,52,53,59,94,97,100" machi="47" ten="30,8000,1" yaku="7,1,8,1,52,2,54,1" doraHai="44" who="2" fromWho="1" sc="462,0,48,-83,315,83,175,0" owari="462,56.0,-35,-54.0,398,20.0,175,-22.0" /></mjloggm>