<mjloggm ver="2.3"><GO type="225" lobby="0"/><UN n0="%E3%82%A6%E3%83%AB%E3%83%88%E3%83%A9%E7%AB%8B%E7%9B%B4" n1="%E3%82%AB%E3%83%A9%E3%82%B9%E3%81%AE%E5%AD%90" n2="%65%69%6B%31" n3="%E8%85%B9%E7%97%9B%E3%81%BD%E3%81%A3%E3%81%8F%E3%82%93" dan="17,16,17,16" rate="2144.27,2079.95,2215.54,2088.93" sx="M,M,M,M"/><TAIKYOKU oya="0"/><INIT seed="0,0,0,5,5,10" ten="250,250,250,250" oya="0" hai0="133,35,85,128,79,135,23,94,5,101,116,11,108" hai1="0,68,66,81,111,62,84,21,1,15,120,73,82" hai2="95,56,29,7,30,113,20,127,112,67,65,3,71" hai3="43,72,34,80,92,96,49,115,18,99,19,107,37"/><T2/><D35/><U44/><E120/><V124/><F71/><W70/><G115/><T119/><D79/><U53/><E73/><V76/><F76/><W64/><G37/><T46/><D46/><U32/><E32/><V31/><F95/><W117/><G34/><T60/><D60/><U42/><E111/><V55/><F20/><W33/><G33/><T36/><D36/><U122/><E122/><V51/><F7/><W75/><G107/><T77/><D77/><U78/><E82/><V17/><F17/><W26/><G117/><T22/><D108/><U41/><E53/><V100/><F100/><W87/><G64/><N who="2" m="24649" /><F3/><W45/><G70/><T54/><D54/><U93/><E93/><V13/><F13/><W109/><G109/><T58/><D58/><U91/><E78/><V63/><F63/><W89/><G99/><N who="0" m="59639" /><D85/><U125/><E125/><AGARI ba="0,0" hai="29,30,31,51,55,56,112,113,124,125,127" m="24649" machi="125" ten="30,1000,0" yaku="18,1" doraHai="10" who="2" fromWho="1" sc="250,0,250,-10,250,10,250,0" /><INIT seed="1,0,0,3,1,57" ten="250,240,260,250" oya="1" hai0="22,58,101,2,14,90,12,48,105,33,60,72,114" hai1="82,62,8,118,133,13,17,16,75,45,87,67,23" hai2="79,28,4,21,128,41,124,25,36,74,85,24,53" hai3="126,65,27,35,125,40,76,91,56,30,116,46,109"/><U9/><E118/><V68/><F74/><W131/><G116/><T110/><D33/><U120/><E120/><V134/><F68/><W19/><G109/><T52/><D2/><U71/><E75/><V98/><F128/><W93/><G76/><T119/><D119/><U135/><E45/><V38/><F134/><N who="1" m="51209" /><E17/><V130/><F130/><W51/><G19/><T69/><D114/><U89/><AGARI ba="0,0" hai="8,9,13,16,23,62,67,71,82,87,89" m="51209" machi="89" ten="30,6000,0" yaku="20,1,52,1,54,1" doraHai="57" who="1" fromWho="1" sc="250,-20,240,60,260,-20,250,-20" /><INIT seed="1,1,0,2,4,49" ten="230,300,240,230" oya="1" hai0="34,9,12,53,62,23,45,28,19,127,64,129,121" hai1="1,99,97,27,46,88,6,61,72,10,42,93,69" hai2="5,126,111,133,24,68,32,63,110,81,78,40,30" hai3="101,77,83,59,108,43,131,98,67,48,91,115,55"/><U39/><E72/><V3/><F133/><W114/><G108/><N who="2" m="41513" /><F126/><W85/><G131/><T132/><D129/><U66/><REACH who="1" step="1"/><E27/><REACH who="1" ten="230,290,240,230" step="2"/><V73/><F24/><W94/><G43/><T29/><D132/><U104/><E104/><V90/><F40/><W100/><REACH who="3" step="1"/><G67/><REACH who="3" ten="230,290,240,220" step="2"/><T109/><D64/><U18/><E18/><V56/><F30/><W130/><G130/><T128/><D19/><U79/><E79/><V122/><F78/><W16/><G16/><T120/><D29/><U14/><E14/><V113/><F3/><W11/><G11/><T92/><D9/><U134/><E134/><V125/><F125/><W51/><G51/><T70/><D28/><U95/><E95/><V116/><F122/><W31/><G31/><T82/><D12/><U36/><E36/><V117/><F116/><W112/><AGARI ba="1,2" hai="48,55,59,77,83,85,91,94,98,100,101,112,114,115" machi="112" ten="30,7900,0" yaku="1,1,0,1,52,1,53,1" doraHai="49" doraHaiUra="80" who="3" fromWho="3" sc="230,-21,290,-40,240,-21,220,102" /><INIT seed="2,0,0,3,0,90" ten="209,250,219,322" oya="2" hai0="54,100,38,57,52,102,64,67,133,71,17,76,93" hai1="62,70,115,73,22,33,82,29,99,51,111,13,63" hai2="5,58,75,59,92,120,42,126,10,134,123,135,110" hai3="61,81,80,35,79,88,127,39,108,20,119,48,27"/><V98/><F75/><W50/><G39/><T7/><D38/><U66/><E115/><V97/><F42/><W132/><G119/><T65/><D71/><U55/><E111/><V125/><F110/><W103/><G103/><T46/><D133/><N who="2" m="50698" /><F59/><W124/><G35/><T121/><D121/><N who="2" m="46666" /><F58/><W91/><G108/><T69/><D69/><U15/><E33/><V36/><F36/><W21/><G132/><T3/><D76/><U105/><E63/><V106/><F106/><W83/><G79/><T6/><D3/><U45/><E73/><V74/><F74/><W12/><G61/><N who="0" m="36007" /><D17/><U96/><E105/><V37/><F37/><W47/><G47/><T53/><D53/><U109/><E55/><V16/><F16/><N who="3" m="10247" /><G127/><N who="2" m="48649" /><F5/><N who="0" m="1546" /><D93/><U19/><E109/><V11/><F92/><W131/><G124/><T8/><D8/><AGARI ba="0,0" hai="8,10,11,97,98" m="48649,46666,50698" machi="8" ten="40,12000,1" yaku="28,2,20,1,18,1" doraHai="90" who="2" fromWho="0" sc="209,-120,250,0,219,120,322,0" /><INIT seed="2,1,0,4,4,22" ten="89,250,339,322" oya="2" hai0="4,94,90,69,21,70,34,127,27,119,103,47,2" hai1="31,85,60,15,97,115,33,82,96,79,112,128,1" hai2="57,0,3,109,25,62,7,67,129,124,132,114,108" hai3="12,64,41,74,48,81,8,52,68,50,121,126,66"/><V19/><F114/><W91/><G121/><T10/><D127/><U9/><E128/><V43/><F129/><W99/><G126/><T29/><D119/><U59/><E1/><V46/><F124/><W55/><G41/><T76/><D103/><U113/><E33/><V93/><F132/><W23/><G68/><T134/><D134/><U133/><E31/><V83/><F83/><W100/><G23/><T63/><D76/><U135/><E133/><V130/><F93/><N who="3" m="58479" /><G74/><T53/><D34/><U73/><E135/><V88/><F88/><W11/><G11/><T107/><D107/><U71/><E71/><V65/><F65/><W123/><G123/><T84/><REACH who="0" step="1"/><D63/><REACH who="0" ten="79,250,339,322" step="2"/><U40/><E60/><V28/><F62/><W122/><G122/><T72/><D72/><U106/><E73/><V56/><F130/><W39/><G91/><T32/><D32/><U58/><E106/><V78/><F78/><W5/><G66/><T87/><D87/><U14/><E85/><V110/><F67/><W35/><G64/><T105/><D105/><U42/><E79/><V101/><F101/><W131/><G35/><T75/><D75/><U92/><E115/><V118/><F118/><W49/><G131/><T98/><D98/><U77/><E77/><V44/><F109/><W45/><G81/><T51/><AGARI ba="1,1" hai="2,4,10,21,27,29,47,51,53,69,70,84,90,94" machi="51" ten="30,4000,0" yaku="1,1,0,1,52,1,53,0" doraHai="22" doraHaiUra="36" who="0" fromWho="0" sc="79,53,250,-11,339,-21,322,-11" /><INIT seed="3,0,0,4,4,20" ten="132,239,318,311" oya="3" hai0="50,41,3,39,33,19,43,28,14,104,42,98,0" hai1="76,25,112,72,23,85,121,45,68,53,110,36,120" hai2="109,106,70,31,35,88,40,24,87,66,81,16,113" hai3="129,38,75,128,79,97,135,134,30,117,57,124,80"/><W103/><G117/><T5/><D39/><U63/><E112/><V96/><F113/><W77/><G124/><T93/><D104/><U131/><E110/><V34/><F109/><W132/><G38/><T64/><D64/><U46/><E131/><N who="3" m="50250" /><G30/><T115/><D115/><U67/><E72/><V114/><F114/><W102/><G77/><T118/><D118/><U91/><E76/><V86/><F40/><W8/><G57/><T94/><D50/><U122/><E36/><V51/><F51/><W130/><G130/><T18/><D98/><U59/><E68/><V6/><F6/><W78/><G78/><T55/><D55/><U84/><E53/><V44/><F44/><W10/><G102/><T126/><D126/><U69/><E69/><V61/><F35/><W12/><G12/><T9/><D0/><U101/><E101/><N who="2" m="62759" /><F87/><W60/><G60/><T82/><D82/><U27/><E84/><V119/><F119/><W11/><G11/><T26/><REACH who="0" step="1"/><D19/><AGARI ba="0,0" hai="16,19,24,31,34,61,66,70,81,86,88" m="62759" machi="19" ten="30,7700,0" yaku="25,1,52,1,54,2" doraHai="20" who="2" fromWho="0" sc="132,-77,239,0,318,77,311,0" owari="55,-44.0,239,-16.0,395,49.0,311,11.0" /></mjloggm>