<mjloggm ver="2.3"><GO type="169" lobby="0"/><UN n0="%EF%BC%9D%E9%B7%BA%E6%A3%AE%E7%81%BC%EF%BC%9D" n1="%E3%82%A6%E3%83%AB%E3%83%88%E3%83%A9%E7%AB%8B%E7%9B%B4" n2="%52%69%2D%4D%6F%2D" n3="%E3%81%B6%E3%81%A3%E3%81%A8%E3%81%B3%E3%82%AB%E3%83%BC%E3%83%89" dan="16,16,18,17" rate="2101.42,2136.22,2315.48,2234.78" sx="F,M,M,M"/><TAIKYOKU oya="0"/><INIT seed="0,0,0,0,2,129" ten="250,250,250,250" oya="0" hai0="131,23,8,102,6,37,40,21,97,128,117,33,68" hai1="49,104,90,15,109,91,84,112,53,67,108,116,88" hai2="41,74,39,7,10,19,12,100,36,22,44,126,72" hai3="122,105,124,1,111,70,28,130,46,34,50,114,63"/><T127/><D33/><U76/><E116/><V17/><F126/><W51/><RYUUKYOKU type="yao9" ba="0,0" sc="250,0,250,0,250,0,250,0" hai3="1,28,34,46,50,51,63,70,105,111,114,122,124,130" /><INIT seed="0,1,0,3,1,39" ten="250,250,250,250" oya="0" hai0="0,46,48,49,95,14,4,63,73,92,54,2,128" hai1="99,97,85,109,121,24,33,1,111,50,41,112,75" hai2="86,66,123,64,82,16,11,59,22,119,107,30,31" hai3="105,67,89,83,84,90,77,57,103,35,130,55,3"/><T17/><D73/><U79/><E1/><V15/><F123/><W120/><G3/><T18/><D63/><U122/><E75/><V115/><F115/><W88/><G35/><T102/><D4/><U19/><E112/><V93/><F107/><W47/><G120/><T38/><D38/><U40/><E122/><V62/><F119/><W114/><G114/><T5/><D5/><U43/><E50/><V10/><F66/><W81/><G47/><T71/><D71/><U134/><E121/><V61/><F61/><W96/><G67/><T26/><D128/><U58/><E58/><V127/><F93/><W6/><G6/><T91/><D102/><U74/><E74/><V32/><F127/><W42/><G42/><N who="0" m="24663" /><D2/><U8/><E134/><V60/><F60/><W23/><G130/><T9/><D0/><U113/><E113/><V131/><F131/><W132/><G132/><T94/><D26/><U37/><E37/><V25/><REACH who="2" step="1"/><F31/><REACH who="2" ten="250,250,240,250" step="2"/><W45/><G105/><T135/><D135/><U53/><E111/><V100/><F100/><W98/><G103/><T108/><D108/><U21/><E109/><V106/><F106/><W124/><G124/><T65/><D65/><U20/><E33/><V80/><F80/><W36/><G83/><T116/><D116/><U52/><E99/><V126/><F126/><W44/><G98/><N who="0" m="57631" /><D17/><U13/><E97/><V7/><F7/><W78/><G96/><T34/><D34/><U117/><E117/><V72/><F72/><W68/><G81/><T27/><D27/><U125/><E125/><V110/><F110/><W28/><G28/><RYUUKYOKU ba="1,1" sc="250,15,250,-15,240,15,250,-15" hai0="9,14,18,49,54,94,95" hai2="10,11,15,16,22,25,30,32,59,62,64,82,86" /><INIT seed="0,2,1,2,3,122" ten="265,235,255,235" oya="0" hai0="41,49,73,79,8,84,130,100,82,107,101,129,22" hai1="134,88,27,57,37,115,85,108,124,42,116,109,24" hai2="50,16,90,44,65,111,3,89,19,105,33,52,56" hai3="18,123,7,99,135,35,45,21,64,77,66,76,67"/><T92/><D8/><U11/><E116/><V128/><F105/><W62/><G35/><T0/><D0/><U70/><E70/><V71/><F33/><W38/><G123/><T17/><D41/><U34/><E134/><V91/><F128/><N who="0" m="49258" /><D107/><U55/><E124/><V119/><F111/><N who="1" m="42569" /><E115/><V86/><F119/><W36/><G7/><T6/><D6/><U32/><E27/><V78/><F3/><W47/><G38/><T15/><D49/><N who="1" m="30959" /><E11/><V1/><F71/><W59/><G135/><T48/><D48/><U68/><E68/><V58/><F1/><W127/><G127/><T102/><D92/><N who="1" m="54287" /><E24/><V13/><F65/><N who="3" m="39135" /><G36/><T30/><D30/><U69/><E69/><V51/><F13/><W112/><G112/><T2/><D2/><U117/><E117/><V12/><F12/><W110/><G110/><T4/><D4/><U125/><E125/><V74/><F51/><W63/><G63/><T54/><D54/><U31/><E31/><V118/><F118/><W39/><G39/><T94/><D22/><U80/><E80/><N who="2" m="47383" /><F74/><W20/><G20/><N who="0" m="11327" /><D73/><U53/><E53/><V132/><F132/><W23/><G23/><T83/><D83/><U43/><E43/><V14/><F14/><W97/><G21/><T81/><D81/><U131/><E131/><V87/><F87/><W113/><G113/><T72/><D72/><U96/><E96/><N who="3" m="36938" /><G18/><AGARI ba="2,1" hai="16,18,19,44,50,52,56,58,89,90,91" m="47383" machi="18" ten="30,3900,0" yaku="8,1,54,2" doraHai="122" who="2" fromWho="3" sc="265,0,235,0,255,55,235,-45" /><INIT seed="1,0,0,3,4,40" ten="265,235,310,190" oya="1" hai0="52,65,79,109,17,101,12,100,71,14,53,28,68" hai1="25,72,74,115,73,129,114,81,86,9,6,90,121" hai2="35,88,46,47,84,83,89,130,104,82,76,49,24" hai3="62,123,42,27,119,98,102,15,85,51,37,26,70"/><U97/><E121/><V43/><F104/><W66/><G123/><T32/><D79/><U132/><E129/><V103/><F130/><W2/><G2/><T64/><D28/><U38/><E38/><V41/><F103/><N who="0" m="39498" /><D17/><U58/><E132/><V122/><F122/><W0/><G0/><T50/><D50/><U45/><E97/><V20/><F35/><W16/><G119/><T4/><D4/><U21/><E58/><V67/><F67/><N who="0" m="25674" /><D32/><U94/><E94/><V117/><F117/><W95/><G37/><T87/><D87/><U75/><N who="1" m="18432" /><DORA hai="11" /><U56/><E56/><V77/><F77/><W61/><G61/><T99/><D99/><U131/><E131/><V57/><F57/><W135/><G135/><T78/><D78/><U93/><E93/><V96/><F82/><W44/><REACH who="3" step="1"/><G85/><REACH who="3" ten="265,235,310,180" step="2"/><T91/><D71/><U54/><E115/><V10/><F96/><W120/><G120/><T127/><D68/><U13/><E114/><V118/><F118/><W55/><G55/><T105/><D52/><U106/><E54/><V92/><F84/><W48/><G48/><T108/><D53/><U107/><REACH who="1" step="1"/><E45/><REACH who="1" ten="265,225,310,180" step="2"/><V5/><F47/><W19/><G19/><AGARI ba="0,2" hai="6,9,13,19,21,25,81,86,90,106,107" m="18432" machi="19" ten="70,12000,1" yaku="1,1,2,1,52,1,53,0" doraHai="40,11" doraHaiUra="134,69" who="1" fromWho="3" sc="265,0,225,140,310,0,180,-120" /><INIT seed="1,1,0,2,3,87" ten="265,365,310,60" oya="1" hai0="24,73,117,120,1,53,61,52,99,32,41,64,17" hai1="23,3,69,93,66,43,45,107,133,14,60,108,106" hai2="83,22,31,71,36,128,127,98,54,48,91,124,75" hai3="80,26,13,37,27,57,12,74,38,104,51,65,125"/><U70/><E3/><V11/><F36/><W115/><G104/><T85/><D73/><U116/><E116/><V82/><F71/><W112/><G74/><T89/><D117/><U97/><E70/><V39/><F39/><W5/><G57/><T100/><D1/><U35/><E35/><V90/><F128/><W132/><G51/><T46/><D120/><U21/><E133/><V76/><F11/><W4/><G132/><T122/><D122/><U10/><E108/><V126/><F83/><W84/><G84/><T68/><D17/><U0/><E0/><V81/><F81/><W30/><G80/><T16/><D46/><U44/><E107/><V19/><F98/><W6/><G6/><T109/><D41/><U103/><E106/><V2/><F31/><W67/><REACH who="3" step="1"/><G30/><REACH who="3" ten="265,365,310,50" step="2"/><T33/><D109/><U50/><E45/><N who="2" m="27919" /><F2/><W123/><G123/><T96/><D96/><U86/><E86/><V9/><F9/><W101/><G101/><T113/><D85/><U42/><E43/><V105/><F105/><W102/><G102/><T15/><D99/><U77/><E77/><V111/><F111/><W49/><G49/><T59/><D100/><U129/><E129/><V8/><F8/><W29/><G29/><T131/><D59/><U72/><E72/><V135/><F135/><W20/><G20/><T18/><D131/><U92/><E93/><V7/><F7/><AGARI ba="1,1" hai="7,10,14,21,23,42,44,50,60,66,69,92,97,103" machi="7" ten="30,1500,0" yaku="7,1" doraHai="87" who="1" fromWho="2" sc="265,0,365,28,310,-18,50,0" /><INIT seed="1,2,0,1,2,31" ten="265,393,292,50" oya="1" hai0="128,112,48,107,106,55,59,75,44,5,51,126,18" hai1="108,52,1,8,94,83,86,3,89,82,132,19,135" hai2="130,98,99,87,49,100,101,30,33,79,15,103,133" hai3="121,76,117,53,39,118,23,97,11,71,119,58,10"/><U32/><E32/><V29/><F130/><W45/><G121/><T92/><D112/><U116/><E116/><V2/><F2/><W131/><G131/><T74/><D128/><U95/><E108/><V120/><F120/><W64/><G76/><T66/><D5/><U17/><E52/><V73/><F73/><W20/><G97/><N who="2" m="36873" /><F33/><W9/><G71/><T85/><D75/><U63/><E63/><V70/><F70/><W111/><G64/><T84/><D74/><U4/><E1/><V57/><F133/><N who="1" m="51273" /><E95/><V90/><F79/><W40/><REACH who="3" step="1"/><G111/><REACH who="3" ten="265,393,292,40" step="2"/><T69/><D69/><U65/><E65/><V114/><F114/><W80/><G80/><AGARI ba="2,1" hai="3,4,8,17,19,80,82,83,86,89,94" m="51273" machi="80" ten="30,1500,0" yaku="20,1" doraHai="31" who="1" fromWho="3" sc="265,0,393,31,292,0,40,-21" /><INIT seed="1,3,0,5,1,64" ten="265,424,292,19" oya="1" hai0="126,23,109,4,132,29,98,63,96,62,110,1,115" hai1="93,100,105,60,121,47,44,16,17,2,18,87,40" hai2="28,24,9,3,5,130,116,84,69,135,0,67,33" hai3="81,125,55,50,59,103,31,112,22,12,74,45,99"/><U68/><E121/><V131/><F116/><W89/><G112/><T8/><D115/><U88/><E2/><V90/><F3/><W111/><G111/><N who="0" m="42507" /><D132/><U52/><E40/><V10/><F10/><W57/><G125/><T123/><D123/><U122/><E122/><V97/><F97/><N who="0" m="37482" /><D126/><U6/><E105/><V94/><REACH who="2" step="1"/><F135/><REACH who="2" ten="265,424,282,19" step="2"/><W102/><G74/><T32/><D32/><U71/><E100/><V39/><F39/><W65/><G103/><T119/><D119/><U80/><E6/><V21/><F21/><W104/><G65/><T85/><D85/><U51/><E87/><V114/><F114/><W42/><G81/><T91/><D91/><U108/><E88/><V133/><F133/><W7/><G89/><T128/><D128/><U15/><E80/><V56/><F56/><W101/><G101/><T11/><D11/><U58/><E58/><V76/><F76/><W83/><G83/><T75/><D75/><U107/><E107/><V78/><F78/><W38/><G7/><T79/><D79/><U54/><E93/><V61/><AGARI ba="3,1" hai="0,5,9,24,28,33,61,67,69,84,90,94,130,131" machi="61" ten="30,4000,0" yaku="1,1,0,1,52,1,53,0" doraHai="64" doraHaiUra="43" who="2" fromWho="2" sc="265,-13,424,-23,282,59,19,-13" /><INIT seed="2,0,0,3,1,28" ten="252,401,341,6" oya="2" hai0="19,37,8,42,69,61,133,3,92,23,90,32,123" hai1="87,52,62,39,30,27,12,18,76,48,73,78,102" hai2="103,98,131,25,58,16,53,46,17,82,112,105,13" hai3="4,127,129,110,66,21,11,0,6,113,54,20,64"/><V134/><F112/><W100/><G113/><T33/><D123/><U95/><E39/><V5/><F131/><W15/><G129/><T119/><D37/><U59/><E73/><V124/><F124/><W128/><G128/><T132/><D42/><U47/><E102/><V65/><F134/><N who="0" m="51818" /><D69/><U84/><E95/><N who="2" m="58847" /><F82/><W118/><G118/><T122/><D61/><U115/><E115/><V40/><F105/><W106/><G106/><T36/><D36/><U26/><E87/><V7/><F65/><N who="3" m="25195" /><G127/><T70/><D70/><U55/><E84/><V83/><F83/><W130/><G130/><T38/><D38/><U120/><E120/><V117/><F117/><W9/><G110/><T72/><D72/><U49/><E62/><N who="2" m="36175" /><F25/><N who="1" m="9225" /><E30/><V75/><F75/><W29/><G100/><T22/><D119/><U60/><E60/><V74/><F17/><N who="3" m="8447" /><G29/><T1/><D122/><U81/><E81/><V96/><F74/><W77/><G77/><T80/><D80/><U114/><E114/><V41/><F96/><W126/><G126/><T93/><D93/><U125/><E125/><V111/><F111/><W57/><G4/><N who="2" m="1609" /><F46/><W88/><G88/><T99/><D8/><AGARI ba="0,0" hai="8,12,18,47,48,49,52,55,59,76,78" m="9225" machi="8" ten="30,2000,0" yaku="8,1,54,1" doraHai="28" who="1" fromWho="0" sc="252,-20,401,20,341,0,6,0" /><AGARI ba="0,0" hai="8,13,16,40,41" m="1609,36175,58847" machi="8" ten="30,2900,0" yaku="8,1,54,1" doraHai="28" who="2" fromWho="0" sc="232,-29,421,0,341,29,6,0" /><INIT seed="2,1,0,2,3,101" ten="203,421,370,6" oya="2" hai0="36,30,8,102,65,99,74,27,133,35,79,17,113" hai1="63,13,1,98,62,117,41,2,15,10,121,88,39" hai2="11,134,122,123,75,104,20,114,53,131,89,128,132" hai3="72,84,47,70,48,28,21,110,85,96,49,34,24"/><V50/><F75/><W106/><G72/><T5/><D113/><U94/><E117/><V57/><F11/><W59/><G110/><T93/><D133/><N who="2" m="51306" /><F114/><W87/><G70/><T52/><D36/><U18/><E121/><N who="2" m="46091" /><F20/><W25/><G106/><T78/><D65/><U135/><E135/><V44/><F89/><W129/><G129/><N who="2" m="49737" /><F104/><W37/><G37/><T92/><D92/><U9/><E2/><V19/><F19/><W103/><G34/><T29/><D29/><U46/><E1/><V116/><F116/><W42/><G25/><T126/><D17/><AGARI ba="1,0" hai="9,10,13,15,17,18,39,41,46,62,63,88,94,98" machi="17" ten="30,3900,0" yaku="7,1,9,1,54,1" doraHai="101" who="1" fromWho="0" sc="203,-42,421,42,370,0,6,0" /><INIT seed="3,0,0,3,5,23" ten="161,463,370,6" oya="3" hai0="82,84,107,32,101,63,126,39,38,93,80,64,115" hai1="132,86,26,135,24,68,4,1,65,124,72,114,0" hai2="19,104,88,9,90,66,43,33,3,117,74,83,45" hai3="111,121,67,113,94,108,11,52,75,30,130,40,58"/><W31/><G113/><T12/><D115/><U102/><E72/><V123/><F117/><W17/><G121/><T36/><D126/><U60/><E114/><V96/><F33/><W71/><G75/><T81/><D107/><U105/><E124/><V21/><F66/><W134/><G40/><T57/><D32/><U127/><E127/><V99/><F123/><W79/><G79/><T133/><D133/><N who="1" m="51275" /><E86/><V129/><F129/><W54/><G130/><T28/><D28/><N who="3" m="10793" /><G134/><T70/><D12/><U120/><E120/><V46/><F46/><W76/><G76/><T48/><D101/><U97/><E4/><N who="2" m="1183" /><F104/><W61/><G71/><T131/><D131/><U14/><E14/><N who="2" m="9463" /><F99/><W98/><G17/><T47/><D93/><U15/><E15/><V112/><F96/><W125/><G11/><T42/><REACH who="0" step="1"/><D70/><REACH who="0" ten="151,463,370,6" step="2"/><U27/><AGARI ba="0,1" hai="0,1,24,26,27,60,65,68,97,102,105" m="51275" machi="27" ten="30,7900,0" yaku="20,1,52,3" doraHai="23" who="1" fromWho="1" sc="151,-20,463,89,370,-20,6,-39" owari="131,-27.0,552,65.0,350,15.0,-33,-53.0" /></mjloggm>