<mjloggm ver="2.3"><GO type="169" lobby="0"/><UN n0="%E7%AA%93%E4%BB%98%E3%81%8D%2E" n1="%E3%82%A6%E3%83%AB%E3%83%88%E3%83%A9%E7%AB%8B%E7%9B%B4" n2="%E8%A5%BF%E9%A2%A8%E9%80%A3%E6%89%93" n3="%E5%92%B2%E7%95%91%E6%A2%A8%E6%B7%B1" dan="16,18,17,16" rate="2144.45,2231.38,2151.67,2111.50" sx="F,M,M,F"/><TAIKYOKU oya="0"/><INIT seed="0,0,0,2,2,1" ten="250,250,250,250" oya="0" hai0="63,62,39,29,114,43,94,34,100,108,81,105,27" hai1="117,72,56,82,25,75,35,125,4,98,129,132,119" hai2="16,101,86,41,11,37,107,31,24,57,115,67,52" hai3="97,46,15,130,40,58,118,70,50,5,33,134,49"/><T9/><D114/><U84/><E125/><V135/><F115/><W110/><G110/><T95/><D108/><U55/><E129/><V47/><F135/><W59/><G33/><T111/><D111/><U6/><E132/><V71/><F86/><W90/><G134/><T73/><D105/><U14/><E75/><V93/><F107/><W48/><G70/><T92/><D100/><U30/><E72/><V106/><F106/><W113/><G113/><T54/><D9/><U17/><E98/><V18/><F93/><N who="3" m="56503" /><G118/><T80/><D54/><U127/><E127/><V38/><F38/><W83/><G83/><T76/><REACH who="0" step="1"/><D81/><REACH who="0" ten="240,250,250,250" step="2"/><U45/><E117/><V7/><F101/><W85/><G130/><T131/><D131/><U32/><E119/><V13/><F67/><W28/><G40/><T44/><AGARI ba="0,1" hai="27,29,34,39,43,44,62,63,73,76,80,92,94,95" machi="44" ten="30,3000,0" yaku="1,1,0,1,53,0" doraHai="1" doraHaiUra="109" who="0" fromWho="0" sc="240,40,250,-10,250,-10,250,-10" /><INIT seed="0,1,0,1,1,54" ten="280,240,240,240" oya="0" hai0="4,105,89,37,43,71,111,122,22,10,47,20,62" hai1="123,113,51,79,132,15,109,7,44,12,87,0,96" hai2="131,121,70,75,34,106,120,107,64,60,56,125,99" hai3="80,78,124,2,25,46,27,119,104,32,38,17,134"/><T28/><D122/><U126/><E123/><V110/><F121/><W6/><G119/><T127/><D105/><U116/><E116/><V95/><F120/><W92/><G124/><T69/><D127/><U100/><E132/><V72/><F125/><W91/><G104/><T33/><D33/><U66/><E109/><V108/><F131/><W36/><G134/><T53/><D111/><N who="2" m="42538" /><F34/><W77/><G77/><T135/><D135/><U97/><E113/><V133/><F133/><W94/><G94/><T35/><D35/><U128/><E128/><V73/><F70/><W30/><G17/><T14/><D89/><AGARI ba="1,0" hai="56,60,64,72,73,75,89,95,99,106,107" m="42538" machi="89" ten="40,2600,0" yaku="14,1,52,1" doraHai="54" who="2" fromWho="0" sc="280,-29,240,0,240,29,240,0" /><INIT seed="1,0,0,3,1,90" ten="251,240,269,240" oya="1" hai0="72,76,111,48,39,33,85,128,77,131,87,95,71" hai1="47,104,81,25,32,75,70,10,102,98,116,4,14" hai2="51,80,93,52,65,119,122,43,64,57,18,58,68" hai3="19,110,36,109,38,114,130,132,84,123,2,105,50"/><U17/><E116/><V97/><F122/><W21/><G123/><T54/><D39/><U56/><E70/><V27/><F119/><W11/><G114/><T3/><D3/><U34/><E56/><N who="2" m="21611" /><F68/><W23/><G105/><T35/><D71/><U41/><E75/><V125/><F125/><W42/><G42/><T61/><BYE who="3" /><D61/><U20/><REACH who="1" step="1"/><E81/><REACH who="1" ten="251,230,269,240" step="2"/><V29/><F80/><W16/><G16/><T7/><D72/><U49/><AGARI ba="0,1" hai="4,10,14,17,20,25,32,34,41,47,49,98,102,104" machi="49" ten="20,12000,1" yaku="1,1,2,1,0,1,7,1,53,1" doraHai="90" doraHaiUra="45" who="1" fromWho="1" sc="251,-40,230,130,269,-40,240,-40" /><INIT seed="1,1,0,0,3,97" ten="211,360,229,200" oya="1" hai0="24,49,135,10,54,108,51,16,23,27,58,98,26" hai1="125,21,59,2,83,109,62,132,121,43,82,84,46" hai2="9,94,15,33,29,126,81,48,13,72,19,111,131" hai3="113,73,66,44,87,18,1,65,110,93,99,129,106"/><U114/><E121/><V116/><F116/><W102/><G102/><T74/><D108/><U61/><E2/><V96/><F111/><W38/><G38/><T37/><D135/><U128/><E114/><V85/><F126/><UN n3="%E5%92%B2%E7%95%91%E6%A2%A8%E6%B7%B1" /><W76/><G110/><T6/><D37/><U79/><E109/><V117/><F117/><W71/><G71/><T36/><D36/><U67/><E132/><V77/><F131/><W69/><G69/><T5/><D74/><U123/><E123/><V42/><F72/><W57/><G1/><T91/><D49/><U112/><E112/><V25/><F15/><W88/><G129/><T52/><D54/><U90/><E125/><V95/><REACH who="2" step="1"/><F96/><REACH who="2" ten="211,360,219,200" step="2"/><W122/><G122/><T53/><BYE who="3" /><D98/><U34/><E128/><V64/><F64/><W127/><G127/><T124/><D124/><U39/><E67/><V35/><F35/><UN n3="%E5%92%B2%E7%95%91%E6%A2%A8%E6%B7%B1" /><W80/><G113/><T107/><D26/><U115/><E34/><V14/><F14/><W103/><G65/><T3/><D27/><U104/><E115/><V56/><F56/><W86/><G57/><T8/><D58/><U101/><E59/><V118/><F118/><W89/><G66/><T12/><D12/><U75/><E62/><V70/><F70/><W119/><G119/><T4/><D3/><U0/><E61/><V100/><F100/><W7/><G44/><AGARI ba="1,1" hai="9,13,19,25,29,33,42,44,48,77,81,85,94,95" machi="44" ten="40,2600,0" yaku="1,1,53,1" doraHai="97" doraHaiUra="30" who="2" fromWho="3" sc="211,0,360,0,219,39,200,-29" /><INIT seed="2,0,0,4,0,106" ten="211,360,258,171" oya="2" hai0="91,92,26,72,14,47,50,3,1,11,36,93,110" hai1="71,76,66,49,104,108,86,89,68,51,129,120,80" hai2="122,22,117,135,5,46,102,41,24,130,28,90,128" hai3="58,100,85,65,53,6,31,99,126,119,123,10,131"/><V94/><F122/><W127/><G123/><T116/><D116/><U115/><E104/><V43/><F117/><W4/><G119/><T64/><D36/><U67/><E115/><V23/><F135/><W54/><G131/><N who="2" m="50217" /><F102/><W118/><G118/><T39/><D39/><U81/><E120/><V9/><F23/><W97/><G31/><T132/><D132/><U40/><E108/><V133/><F133/><W109/><G109/><T37/><D37/><U105/><E105/><V96/><F46/><W59/><G85/><T79/><D110/><U124/><E129/><V21/><F21/><W12/><G65/><T103/><D64/><U48/><E124/><N who="3" m="47658" /><G4/><T44/><D103/><U52/><E71/><V30/><F28/><W55/><G99/><T87/><D26/><U38/><E68/><V15/><AGARI ba="0,0" hai="5,9,15,22,24,30,41,43,90,94,96" m="50217" machi="15" ten="30,1500,0" yaku="19,1" doraHai="106" who="2" fromWho="2" sc="211,-5,360,-5,258,15,171,-5" /><INIT seed="2,1,0,2,4,10" ten="206,355,273,166" oya="2" hai0="26,49,74,130,88,28,2,99,111,54,85,16,68" hai1="32,59,14,9,34,117,36,120,113,93,83,24,110" hai2="43,97,30,66,65,76,92,95,45,121,128,38,116" hai3="104,23,41,105,119,114,108,134,44,67,75,125,55"/><V15/><F121/><W8/><G119/><T31/><D74/><U135/><E36/><V115/><F116/><W96/><G75/><T6/><D68/><U72/><E113/><V52/><F115/><W100/><G114/><T79/><D111/><U0/><E117/><V50/><F128/><W123/><G108/><T3/><D130/><U12/><E93/><V18/><F30/><W64/><G123/><T127/><D127/><U29/><E110/><V129/><F76/><W46/><G46/><BYE who="3" /><T71/><D79/><U1/><E59/><V42/><F129/><W103/><G103/><T126/><D71/><U94/><E94/><N who="2" m="35883" /><F97/><UN n3="%E5%92%B2%E7%95%91%E6%A2%A8%E6%B7%B1" /><W62/><G125/><T47/><D99/><U89/><E89/><V4/><F4/><W56/><G105/><T25/><D126/><U78/><E120/><V90/><F90/><W48/><G134/><T131/><D131/><U132/><E34/><V81/><F81/><W11/><G23/><N who="0" m="13543" /><D6/><N who="1" m="1231" /><E0/><V53/><F38/><W17/><REACH who="3" step="1"/><G8/><REACH who="3" ten="206,355,273,156" step="2"/><T58/><D47/><U5/><E135/><V51/><F42/><W102/><G102/><T87/><D87/><U73/><E73/><V69/><F43/><W7/><G7/><T107/><D107/><U109/><E132/><V133/><F133/><W86/><G86/><T82/><D85/><U39/><E109/><V101/><F101/><W20/><G20/><T27/><D82/><U40/><E5/><V57/><F69/><W63/><G63/><T106/><D106/><U37/><E37/><V22/><AGARI ba="1,1" hai="15,18,22,45,50,51,52,53,57,65,66" m="35883" machi="22" ten="30,6000,0" yaku="8,1,52,1,54,1" doraHai="10" who="2" fromWho="2" sc="206,-21,355,-21,273,73,156,-21" /><INIT seed="2,2,0,0,2,79" ten="185,334,346,135" oya="2" hai0="51,108,129,0,26,116,38,124,32,114,126,90,54" hai1="74,92,99,27,53,106,102,35,125,61,36,57,31" hai2="112,120,98,80,44,50,28,63,84,22,68,95,111" hai3="94,20,71,58,46,42,115,78,77,131,34,3,119"/><V25/><F112/><W107/><G115/><T33/><D90/><U41/><E125/><N who="0" m="48233" /><D38/><U15/><E74/><V9/><F120/><W11/><G34/><N who="0" m="13419" /><D51/><U81/><E15/><V37/><F37/><W30/><G71/><T60/><D54/><U113/><E113/><V56/><F68/><W132/><G107/><T67/><D60/><U24/><E24/><V40/><F9/><W43/><G58/><T59/><D67/><U13/><E13/><V23/><F23/><W83/><G94/><T6/><D59/><U55/><E106/><V103/><F111/><W85/><G78/><T122/><D114/><U8/><E55/><N who="2" m="34207" /><F84/><W117/><G43/><T19/><D122/><U96/><E41/><V64/><F64/><W14/><G85/><T1/><D108/><U47/><E36/><V5/><F5/><W93/><G42/><T101/><D116/><U12/><E53/><V21/><F22/><W7/><G117/><T128/><D101/><U39/><E35/><V118/><F118/><W29/><G119/><T66/><D66/><U104/><E39/><V45/><F44/><W48/><G46/><T110/><D110/><U10/><E47/><V135/><F135/><W87/><G132/><T130/><D6/><U89/><E61/><V109/><F109/><W18/><G48/><T105/><D105/><U72/><E57/><V70/><F70/><W4/><G4/><T76/><D76/><U65/><E65/><V16/><F28/><W49/><G30/><T127/><N who="0" m="48241" /><T69/><DORA hai="91" /><D69/><U82/><E104/><V88/><F103/><W134/><G134/><RYUUKYOKU ba="2,0" sc="185,15,334,-15,346,15,135,-15" hai0="0,1,19,26,128,129,130" hai2="16,21,25,40,45,50,80,88,95,98" /><INIT seed="2,3,0,2,1,18" ten="200,319,361,120" oya="2" hai0="23,88,75,3,24,113,12,51,105,133,49,73,19" hai1="97,5,130,61,10,4,53,47,108,20,36,118,86" hai2="123,56,121,117,2,28,9,11,21,83,13,1,77" hai3="50,116,74,58,64,67,109,44,7,30,34,94,37"/><V59/><F117/><W95/><G116/><T81/><D113/><U72/><E118/><V132/><F132/><W92/><G109/><T39/><D39/><U48/><E72/><V6/><F121/><W60/><G74/><T103/><D133/><U71/><E108/><V69/><F69/><W101/><G37/><T33/><D3/><U104/><E130/><V112/><F112/><W38/><G38/><T41/><D105/><U76/><E36/><V43/><F43/><W120/><G120/><T55/><D103/><U63/><E97/><V87/><F123/><W52/><G7/><T31/><D41/><U127/><E104/><V110/><F110/><W93/><G101/><T89/><D51/><U15/><E71/><V114/><F114/><W96/><G96/><T107/><D107/><U119/><E4/><V85/><F87/><W0/><G0/><T134/><D134/><U16/><E127/><V84/><F84/><W66/><N who="3" m="23552" /><DORA hai="125" /><W115/><REACH who="3" step="1"/><G115/><REACH who="3" ten="200,319,361,110" step="2"/><T91/><REACH who="0" step="1"/><D81/><REACH who="0" ten="190,319,361,110" step="2"/><N who="1" m="47399" /><E119/><V68/><F83/><W54/><G54/><T79/><D79/><U46/><E53/><V35/><F77/><W126/><G126/><T29/><D29/><U22/><E5/><V99/><F6/><W129/><G129/><T14/><D14/><U78/><E78/><V25/><F13/><W100/><G100/><T102/><D102/><U27/><E15/><V42/><F1/><W8/><G8/><T80/><D80/><U106/><E10/><V131/><F11/><W90/><G90/><T111/><D111/><U62/><E106/><V128/><F9/><W32/><G32/><RYUUKYOKU ba="3,2" sc="190,15,319,-15,361,-15,110,15" hai0="12,19,23,24,31,33,49,55,73,75,88,89,91" hai3="30,34,44,50,52,58,60,64,66,67" /><INIT seed="3,4,2,1,0,107" ten="205,304,346,125" oya="3" hai0="43,51,118,115,73,32,106,24,12,58,7,99,39" hai1="88,71,3,84,28,19,61,22,46,69,9,133,16" hai2="52,75,74,2,109,79,104,40,48,34,76,35,1" hai3="13,64,124,17,37,92,119,130,128,108,97,121,80"/><W101/><G119/><T103/><D118/><U6/><E133/><V41/><F104/><W53/><G121/><T63/><D39/><U94/><E46/><V114/><F48/><W68/><G124/><T78/><D115/><U65/><REACH who="1" step="1"/><E71/><REACH who="1" ten="205,294,346,125" step="2"/><V129/><F114/><W132/><G132/><T18/><D58/><U125/><E125/><V23/><F129/><W55/><G128/><T105/><D105/><U81/><E81/><V110/><REACH who="2" step="1"/><F23/><REACH who="2" ten="205,294,336,125" step="2"/><W21/><G130/><T95/><D106/><U134/><E134/><V56/><F56/><W67/><G68/><T4/><D32/><U72/><E72/><V54/><AGARI ba="4,4" hai="1,2,34,35,40,41,52,54,74,75,76,79,109,110" machi="54" ten="25,16000,3" yaku="1,1,0,1,22,2,52,2,54,1,53,2" doraHai="107" doraHaiUra="120" who="2" fromWho="2" sc="205,-44,294,-44,336,212,125,-84" /><INIT seed="4,0,0,0,1,0" ten="161,250,548,41" oya="0" hai0="106,42,82,68,70,31,44,3,32,80,120,14,87" hai1="128,46,2,38,64,125,135,104,99,43,41,131,124" hai2="11,26,129,123,37,132,63,65,67,61,52,36,62" hai3="60,1,10,81,27,58,114,112,111,119,133,130,53"/><T103/><D3/><U118/><E118/><V57/><F26/><W84/><G119/><T15/><D120/><U30/><E30/><V73/><F11/><W45/><G130/><N who="1" m="49706" /><E2/><V113/><F73/><W93/><G133/><T18/><D103/><U107/><E64/><N who="2" m="24651" /><F129/><W54/><G111/><T6/><D106/><U78/><E78/><V94/><F94/><W20/><G93/><T33/><D6/><U69/><E43/><V90/><F90/><W35/><G35/><T8/><D82/><U72/><E72/><V89/><F89/><W79/><G45/><T88/><D32/><U55/><E55/><V121/><F132/><W66/><G112/><T16/><D31/><U115/><E69/><V76/><F76/><W117/><G114/><T134/><D33/><U39/><E115/><V17/><F17/><W51/><G117/><T24/><D24/><U116/><E116/><V122/><F113/><W9/><G51/><AGARI ba="0,0" hai="36,37,51,52,57,61,62,63,121,122,123" m="24651" machi="51" ten="40,5200,0" yaku="34,2,54,1" doraHai="0" who="2" fromWho="3" sc="161,0,250,0,548,52,41,-52" owari="161,-24.0,250,5.0,600,70.0,-11,-51.0" /></mjloggm>