<mjloggm ver="2.3"><GO type="169" lobby="0"/><UN n0="%E9%A2%AF%E7%88%BD" n1="%E5%BE%A9%E8%AE%90%E3%81%A1%E3%82%83%E3%82%93" n2="%E3%82%A6%E3%83%AB%E3%83%88%E3%83%A9%E7%AB%8B%E7%9B%B4" n3="%E3%81%BE%E3%81%99%E3%81%8F%E3%81%AF%E3%81%8C%E3%81%97" dan="16,17,17,17" rate="2146.95,2096.33,2215.85,2113.28" sx="F,F,M,M"/><TAIKYOKU oya="0"/><INIT seed="0,0,0,0,3,69" ten="250,250,250,250" oya="0" hai0="64,127,125,37,57,35,52,9,109,28,33,126,133" hai1="80,114,4,16,132,75,59,51,101,74,43,84,97" hai2="47,20,110,18,41,134,22,39,129,131,31,5,117" hai3="124,85,15,111,70,45,3,95,50,82,92,58,44"/><T36/><D133/><U71/><E71/><V98/><F134/><W2/><G70/><T99/><D64/><U118/><E4/><V88/><F5/><W119/><G119/><T68/><D68/><U96/><E118/><V72/><F72/><W13/><G58/><T8/><D109/><U104/><E97/><V14/><F117/><W29/><G29/><T113/><D99/><U38/><E132/><V26/><REACH who="2" step="1"/><F110/><REACH who="2" ten="250,250,240,250" step="2"/><W122/><G111/><T21/><D113/><U63/><E75/><V103/><F103/><W79/><G3/><T89/><D35/><U34/><E74/><V32/><F32/><W105/><G2/><T46/><D33/><U30/><E34/><V49/><F49/><W53/><G50/><T90/><D9/><U120/><E51/><V112/><F112/><W6/><G6/><T76/><D8/><U107/><E114/><V19/><F19/><W23/><G122/><T91/><D21/><U128/><E120/><V62/><F62/><W135/><G23/><T60/><D28/><U116/><E116/><V87/><F87/><W54/><G85/><T0/><D0/><U106/><E30/><V61/><F61/><W12/><G135/><T77/><D46/><U102/><E16/><V66/><F66/><W48/><G48/><T25/><D25/><U121/><E63/><V10/><F10/><W73/><G45/><T17/><D17/><U93/><E121/><V55/><F55/><W27/><G44/><T42/><D42/><U67/><E43/><V86/><F86/><W115/><G53/><T130/><D130/><U24/><E128/><RYUUKYOKU ba="0,1" sc="250,15,250,-15,240,15,250,-15" hai0="36,37,52,57,60,76,77,89,90,91,125,126,127" hai2="14,18,20,22,26,31,39,41,47,88,98,129,131" /><INIT seed="0,1,1,5,4,56" ten="265,235,255,235" oya="0" hai0="55,107,74,131,13,106,82,80,34,72,21,1,62" hai1="86,88,29,18,37,73,93,112,64,16,8,57,45" hai2="23,123,43,89,119,24,60,42,90,50,11,94,110" hai3="0,84,87,111,114,4,75,65,48,17,120,22,125"/><T109/><D1/><U70/><E70/><V135/><F123/><W3/><G75/><T67/><D34/><U27/><E73/><V26/><F110/><W6/><G114/><T36/><D36/><U116/><E116/><V76/><F135/><W132/><G111/><T58/><D109/><U122/><E122/><V102/><F76/><W118/><G120/><T103/><D131/><U83/><E112/><V98/><F119/><W12/><G118/><T25/><D13/><U91/><E8/><V30/><F11/><W19/><G132/><T95/><D95/><U96/><E45/><N who="2" m="25911" /><F43/><W35/><G35/><T78/><D67/><U33/><REACH who="1" step="1"/><E37/><REACH who="1" ten="265,225,255,235" step="2"/><V28/><F60/><AGARI ba="1,2" hai="16,18,27,29,33,57,60,64,83,86,88,91,93,96" machi="60" ten="40,8000,1" yaku="1,1,2,1,52,1,54,2,53,0" doraHai="56" doraHaiUra="113" who="1" fromWho="2" sc="265,0,225,103,255,-83,235,0" /><INIT seed="1,0,0,1,4,69" ten="265,328,172,235" oya="1" hai0="7,4,111,80,27,75,78,21,8,91,37,23,49" hai1="131,122,86,104,0,103,61,3,64,56,116,35,117" hai2="68,126,34,71,102,32,52,125,97,38,110,15,65" hai3="82,9,55,54,63,72,44,67,99,112,74,76,19"/><U46/><E122/><V62/><F71/><W59/><G112/><T33/><D111/><U98/><E131/><V119/><F15/><W109/><G109/><T92/><D33/><N who="2" m="12906" /><F110/><W132/><G132/><T30/><D23/><U10/><E35/><V94/><F119/><W90/><G74/><T135/><D135/><U43/><E86/><V16/><F16/><W127/><G127/><N who="2" m="48649" /><F52/><W83/><G9/><T39/><D49/><U115/><E115/><V53/><F53/><W5/><G19/><T88/><D91/><U133/><E133/><V107/><F94/><W17/><G17/><T134/><D134/><U120/><E120/><V96/><F96/><W100/><G5/><T124/><D4/><U48/><REACH who="1" step="1"/><E10/><REACH who="1" ten="265,318,172,235" step="2"/><V40/><F40/><W101/><G72/><T36/><D124/><U105/><E105/><V41/><F41/><W118/><G118/><AGARI ba="0,1" hai="0,3,43,46,48,56,61,64,98,103,104,116,117,118" machi="118" ten="40,2000,0" yaku="1,1,53,0" doraHai="69" doraHaiUra="73" who="1" fromWho="3" sc="265,0,318,30,172,0,235,-20" /><INIT seed="1,1,0,3,4,30" ten="265,348,172,215" oya="1" hai0="101,124,53,100,67,93,54,15,103,92,34,24,33" hai1="107,66,131,16,69,3,112,20,49,17,68,44,135" hai2="84,74,109,95,58,31,70,41,23,8,9,119,29" hai3="72,51,126,12,121,40,125,128,88,99,1,71,87"/><U59/><E112/><V115/><F70/><W22/><G1/><T39/><D67/><U52/><E3/><V76/><F119/><W134/><G72/><T75/><D75/><U94/><E107/><V97/><F115/><W2/><G2/><T80/><D80/><U77/><E77/><V114/><F74/><W32/><G32/><N who="0" m="12395" /><D24/><U37/><E131/><V61/><F41/><W63/><G128/><T64/><D64/><U10/><E10/><V105/><F105/><W111/><G63/><T106/><D106/><U104/><E104/><V42/><F42/><W120/><G71/><T113/><D15/><U122/><E66/><V96/><F95/><N who="0" m="36426" /><D113/><U83/><E94/><V47/><F31/><W102/><G99/><T56/><D56/><U133/><E83/><V85/><F58/><W117/><G12/><T35/><N who="0" m="12403" /><T62/><DORA hai="129" /><D62/><U46/><E59/><V57/><F57/><W0/><G0/><T78/><D78/><U55/><E68/><V127/><F61/><W91/><G117/><T98/><D98/><U48/><E69/><V14/><F97/><W73/><G73/><T90/><D90/><U7/><E17/><V123/><F96/><W81/><G91/><T26/><D26/><U110/><E16/><V116/><F76/><W118/><G88/><T60/><D60/><U82/><E82/><V108/><F114/><W21/><G118/><T130/><D130/><U13/><E13/><V4/><F14/><W5/><G22/><T11/><D11/><U28/><E20/><V6/><F9/><W43/><G21/><T25/><D25/><RYUUKYOKU ba="1,0" sc="265,0,348,0,172,0,215,0" /><INIT seed="2,2,0,3,1,51" ten="265,348,172,215" oya="2" hai0="132,52,37,103,111,55,110,77,85,92,112,127,22" hai1="84,68,16,128,108,69,109,11,59,18,8,40,119" hai2="36,7,21,72,104,66,15,99,48,62,23,3,2" hai3="124,71,130,14,135,98,73,120,61,26,122,78,107"/><V74/><F36/><W115/><G14/><T5/><D37/><U83/><E40/><V33/><F33/><W63/><G63/><T43/><D112/><U24/><E119/><V118/><F118/><W81/><G115/><T56/><D43/><U121/><E128/><V94/><F104/><W58/><G58/><T97/><D127/><U75/><E75/><V25/><F3/><W100/><G26/><T39/><D39/><U49/><E121/><N who="3" m="46698" /><G124/><T93/><D132/><U126/><E69/><V102/><F2/><W88/><G130/><T87/><D5/><U131/><E68/><V129/><F129/><W38/><G38/><T79/><D22/><U45/><E59/><N who="2" m="37215" /><F48/><W90/><G61/><T34/><D34/><U105/><E105/><V6/><F6/><W9/><G9/><T76/><D56/><U95/><E126/><V86/><F86/><N who="0" m="32778" /><D93/><U46/><E84/><V64/><F64/><W89/><G71/><T57/><D57/><U134/><E131/><V41/><F41/><W133/><AGARI ba="2,0" hai="73,78,81,88,89,90,98,100,107,133,135" m="46698" machi="133" ten="40,5200,0" yaku="34,2,54,1" doraHai="51" who="3" fromWho="3" sc="265,-15,348,-15,172,-28,215,58" /><INIT seed="3,0,0,5,4,61" ten="250,333,144,273" oya="3" hai0="106,24,12,89,27,45,82,59,7,51,103,16,41" hai1="54,46,132,133,87,1,50,2,134,78,0,63,38" hai2="39,130,19,66,91,65,9,11,30,8,92,33,35" hai3="56,123,10,120,102,105,68,116,74,95,111,79,90"/><W119/><G68/><T86/><D7/><U93/><E38/><V57/><F39/><W96/><G10/><N who="2" m="4201" /><F35/><W26/><G56/><T126/><D126/><U64/><E93/><V4/><F33/><W48/><G48/><T29/><D29/><U125/><E125/><V80/><F130/><W31/><G111/><T14/><D14/><U77/><REACH who="1" step="1"/><E87/><REACH who="1" ten="250,323,144,273" step="2"/><N who="2" m="50663" /><F4/><W109/><G109/><T135/><D106/><U69/><AGARI ba="0,1" hai="0,1,2,46,50,54,63,64,69,77,78,132,133,134" machi="69" ten="40,8000,1" yaku="1,1,0,1,20,1,52,1,53,0" doraHai="61" doraHaiUra="100" who="1" fromWho="1" sc="250,-20,323,90,144,-20,273,-40" /><INIT seed="4,0,0,2,2,122" ten="230,413,124,233" oya="0" hai0="126,132,135,69,45,134,87,4,28,41,54,17,71" hai1="0,63,79,52,53,107,12,18,46,44,5,83,102" hai2="81,111,85,11,38,60,96,80,25,133,42,22,15" hai3="34,8,47,89,1,131,13,57,103,82,7,2,68"/><T90/><D126/><U29/><E29/><V121/><F133/><W101/><G68/><T98/><D98/><U88/><E5/><V119/><F121/><W110/><G34/><T78/><D78/><U70/><E0/><V50/><F119/><W61/><G131/><T33/><D54/><U37/><E88/><V115/><F115/><W55/><G110/><T64/><D4/><U16/><E18/><V3/><F3/><W94/><G82/><N who="0" m="49527" /><D64/><U93/><E107/><V43/><F38/><W30/><G30/><T49/><D17/><U39/><E39/><V125/><F125/><W92/><G92/><T112/><D112/><U91/><E102/><V77/><F111/><W120/><G120/><T31/><D31/><U48/><E37/><V114/><F114/><W72/><G72/><T75/><D75/><U84/><E70/><N who="0" m="26633" /><D28/><U128/><E128/><V95/><F81/><W23/><G2/><T20/><D20/><U76/><E93/><V73/><F73/><W35/><G35/><AGARI ba="0,0" hai="33,35,41,45,49,132,134,135" m="26633,49527" machi="35" ten="40,2000,0" yaku="20,1" doraHai="122" who="0" fromWho="3" sc="230,20,413,0,124,0,233,-20" /><INIT seed="4,1,0,3,1,67" ten="250,413,124,213" oya="0" hai0="37,89,66,8,122,6,92,91,64,130,50,86,32" hai1="65,23,18,129,99,40,38,28,76,116,96,72,15" hai2="104,55,115,35,69,103,134,111,123,29,85,125,90" hai3="75,60,10,59,127,1,13,126,46,19,113,121,128"/><T87/><D130/><U27/><E116/><V33/><F115/><W14/><G128/><T54/><D122/><U97/><E129/><V57/><F123/><W21/><G121/><T108/><D37/><U107/><E65/><V26/><F111/><W109/><G109/><T102/><D102/><U78/><E107/><V34/><F125/><N who="3" m="47627" /><G75/><T61/><D32/><U5/><E72/><V81/><F134/><W106/><G106/><T30/><D30/><U7/><E40/><V4/><F4/><N who="1" m="1609" /><E38/><V52/><F69/><W45/><G1/><T132/><D132/><U118/><E118/><V100/><F55/><N who="3" m="33919" /><G113/><T2/><D61/><U48/><E48/><V44/><F44/><N who="3" m="17003" /><G13/><T114/><D114/><U105/><E105/><V93/><F104/><W39/><G39/><T9/><D108/><U135/><E135/><V110/><F110/><W119/><G119/><T25/><D25/><U82/><E82/><V95/><F95/><W3/><G3/><T98/><D98/><U56/><E56/><V16/><F93/><W12/><G12/><T63/><D2/><U53/><E53/><V58/><F58/><W41/><G41/><T31/><D92/><U83/><E83/><V0/><F0/><W112/><G112/><T131/><D131/><U71/><E15/><V20/><REACH who="2" step="1"/><F29/><REACH who="2" ten="250,413,114,213" step="2"/><W77/><G77/><T84/><D31/><U62/><E78/><V74/><F74/><W22/><AGARI ba="1,1" hai="10,14,19,21,22" m="17003,33919,47627" machi="22" ten="30,1100,0" yaku="18,1" doraHai="67" who="3" fromWho="3" sc="250,-6,413,-4,114,-4,213,24" /><INIT seed="5,0,0,0,4,88" ten="244,409,110,237" oya="1" hai0="120,5,34,119,58,135,43,97,112,33,36,68,45" hai1="1,0,35,111,10,20,117,40,28,2,59,31,82" hai2="72,3,12,38,64,49,134,131,53,95,23,91,115" hai3="19,70,123,110,21,44,55,15,124,32,6,92,105"/><U109/><E40/><V78/><F3/><W9/><G105/><T126/><D119/><U96/><E82/><V13/><F38/><W18/><G32/><T113/><D120/><U48/><E48/><V27/><F115/><W51/><G123/><T7/><D97/><U128/><E59/><V39/><F39/><W69/><G124/><T76/><D76/><U84/><E84/><V66/><F131/><W106/><G106/><T98/><D98/><U50/><E50/><V17/><F134/><W29/><G110/><N who="1" m="41994" /><E96/><N who="2" m="57471" /><F78/><W132/><G132/><T73/><D135/><U11/><E117/><V30/><F72/><W4/><G29/><N who="1" m="11338" /><E35/><V118/><F118/><W100/><G70/><T52/><D34/><U16/><E128/><V80/><F80/><W74/><G69/><T22/><D33/><U89/><E89/><V25/><F66/><W37/><G37/><T54/><D36/><U62/><E62/><V8/><F64/><W125/><G74/><T24/><D73/><U116/><E116/><V57/><F30/><W87/><G100/><T133/><D133/><U122/><E122/><V65/><F65/><W63/><G63/><T60/><D60/><U102/><E102/><V41/><F41/><W108/><G108/><T99/><D43/><U47/><E47/><V75/><F75/><W114/><G44/><T103/><D45/><U86/><E86/><V14/><F49/><W61/><G51/><T56/><D68/><U129/><E129/><V121/><F121/><W42/><G42/><T127/><D113/><U79/><E79/><V81/><F57/><W93/><G114/><RYUUKYOKU ba="0,0" sc="244,-10,409,30,110,-10,237,-10" hai1="0,1,2,10,11,16,20" /><INIT seed="5,1,0,3,5,124" ten="234,439,100,227" oya="1" hai0="122,3,57,71,63,98,111,5,115,44,97,86,34" hai1="26,8,100,50,10,48,107,4,90,129,94,33,59" hai2="101,123,55,35,93,45,87,58,40,108,73,118,102" hai3="15,131,91,133,105,37,25,32,62,22,80,20,117"/><U6/><E100/><V104/><F108/><W134/><G105/><T127/><D111/><U16/><E107/><V106/><F35/><W54/><G37/><T61/><D127/><U31/><E59/><V81/><F118/><W120/><G120/><T84/><D115/><U46/><E46/><V53/><F123/><W112/><G112/><T41/><D71/><U126/><E126/><V36/><F73/><W21/><G117/><T13/><D34/><U99/><E16/><V75/><F75/><W38/><G38/><T119/><D13/><U2/><E129/><V17/><F106/><W47/><G15/><AGARI ba="1,0" hai="2,4,6,8,10,15,26,31,33,48,50,90,94,99" machi="15" ten="30,1500,0" yaku="7,1" doraHai="124" who="1" fromWho="3" sc="234,0,439,18,100,0,227,-18" /><INIT seed="5,2,0,2,0,37" ten="234,457,100,209" oya="1" hai0="26,132,71,7,57,131,105,101,14,12,75,68,114" hai1="103,135,34,117,99,116,61,95,27,50,91,97,70" hai2="102,109,51,36,40,88,56,23,16,55,104,0,41" hai3="130,4,94,22,81,74,58,80,121,31,28,24,19"/><U25/><E135/><V108/><F0/><W39/><G121/><T77/><D114/><U127/><E127/><V113/><F36/><W89/><G39/><T1/><D26/><U53/><E27/><V69/><F69/><W52/><G130/><T38/><D38/><U100/><E91/><V44/><F113/><W2/><G2/><T45/><D57/><U29/><E50/><N who="2" m="30839" /><F104/><W107/><G107/><T11/><D105/><U33/><E33/><V62/><F102/><W8/><G8/><T32/><D101/><U128/><E128/><V86/><F62/><N who="3" m="36167" /><G4/><T65/><D7/><U92/><REACH who="1" step="1"/><E53/><REACH who="1" ten="234,447,100,209" step="2"/><N who="2" m="29927" /><F109/><W87/><G74/><T118/><D75/><U85/><E85/><V3/><F108/><W83/><AGARI ba="2,1" hai="19,22,24,28,31,80,81,83,87,89,94" m="36167" machi="83" ten="30,2000,0" yaku="8,1,54,1" doraHai="37" who="3" fromWho="3" sc="234,-7,447,-12,100,-7,209,36" /><INIT seed="6,0,0,0,1,91" ten="227,435,93,245" oya="2" hai0="10,70,89,67,133,74,35,108,47,121,54,44,97" hai1="93,94,117,45,60,103,123,49,76,42,65,101,25" hai2="64,118,22,130,86,131,2,40,81,92,3,55,66" hai3="17,61,32,79,75,57,84,85,63,111,112,99,72"/><V0/><F40/><W115/><G111/><T109/><D121/><U128/><E117/><V9/><F118/><W50/><G32/><T58/><D74/><N who="3" m="28201" /><G99/><T120/><D133/><U124/><E76/><V78/><F9/><W82/><G17/><T56/><D120/><U69/><E124/><V119/><F119/><W43/><G85/><T126/><D35/><U134/><E128/><N who="2" m="49195" /><F55/><N who="3" m="31991" /><G43/><T21/><D10/><U48/><E134/><V41/><F41/><W29/><G29/><T127/><D21/><U38/><E123/><V132/><F132/><W4/><G4/><T135/><D135/><U59/><E25/><V8/><F8/><W113/><AGARI ba="0,0" hai="61,63,79,82,84,112,113,115" m="31991,28201" machi="113" ten="40,2700,0" yaku="15,1,11,1" doraHai="91" who="3" fromWho="3" sc="227,-7,435,-7,93,-13,245,27" /><INIT seed="7,0,0,0,0,50" ten="220,428,80,272" oya="3" hai0="6,7,21,31,124,41,115,94,107,98,120,64,15" hai1="53,101,112,39,16,65,61,47,97,28,59,104,80" hai2="82,32,38,58,86,113,100,122,10,134,24,33,79" hai3="77,88,43,102,68,131,135,18,27,96,85,57,133"/><W42/><G68/><T108/><D108/><U129/><E112/><V49/><F113/><W92/><G77/><T90/><D120/><U51/><E129/><V117/><F122/><W89/><G131/><T45/><D115/><U66/><E39/><V35/><F117/><W73/><G73/><T111/><D124/><U106/><E28/><V119/><F134/><N who="3" m="51211" /><G57/><T9/><D111/><U71/><E71/><V118/><F38/><W20/><G89/><T4/><D107/><AGARI ba="0,0" hai="18,20,27,42,43,85,88,92,96,102,107" m="51211" machi="107" ten="30,2900,0" yaku="20,1,54,1" doraHai="50" who="3" fromWho="0" sc="220,-29,428,0,80,0,272,29" /><INIT seed="7,1,0,1,5,135" ten="191,428,80,301" oya="3" hai0="89,26,82,23,60,73,52,76,22,63,41,103,5" hai1="25,35,58,61,66,47,125,0,77,121,131,65,132" hai2="96,55,4,14,31,112,99,109,69,54,119,18,107" hai3="7,105,133,81,102,129,13,67,117,24,95,130,120"/><W87/><G120/><T83/><D5/><U62/><E0/><V68/><F4/><W17/><G117/><T78/><D103/><U53/><E121/><V49/><F31/><W80/><G133/><T94/><D41/><U46/><E132/><V127/><F49/><W71/><G105/><T110/><D110/><U15/><E77/><V88/><F14/><W51/><G7/><T114/><D114/><U104/><E104/><V9/><F107/><W40/><G24/><T38/><D38/><U92/><E131/><N who="3" m="50186" /><G67/><T59/><D63/><U27/><E15/><V113/><F9/><W106/><G106/><T108/><D26/><U75/><E75/><V6/><F6/><W122/><G71/><T2/><D2/><U19/><E35/><V30/><F30/><W74/><G74/><T98/><REACH who="0" step="1"/><D108/><REACH who="0" ten="181,428,80,301" step="2"/><U50/><E27/><V33/><F109/><W32/><G122/><T21/><D21/><U86/><E86/><AGARI ba="1,1" hai="22,23,52,59,60,73,76,78,82,83,86,89,94,98" machi="86" ten="30,7700,0" yaku="1,1,7,1,54,1,53,1" doraHai="135" doraHaiUra="84" who="0" fromWho="1" sc="181,90,428,-80,80,0,301,0" owari="271,-13.0,348,45.0,80,-42.0,301,10.0" /></mjloggm>