<mjloggm ver="2.3"><GO type="169" lobby="0"/><UN n0="%68%6F%73%69%67%61%6D%69" n1="%E3%83%AD%E3%83%83%E3%83%86%E9%9B%80%E7%90%83" n2="%E3%82%A6%E3%83%AB%E3%83%88%E3%83%A9%E7%AB%8B%E7%9B%B4" n3="%6E%61%6B%61%6A%75%75%6E" dan="16,16,18,17" rate="2097.92,2171.61,2158.71,2156.33" sx="M,M,M,M"/><TAIKYOKU oya="0"/><INIT seed="0,0,0,5,4,114" ten="250,250,250,250" oya="0" hai0="5,61,49,118,69,92,86,96,59,68,50,135,43" hai1="23,37,83,88,122,130,91,48,63,110,127,28,76" hai2="98,104,116,38,10,58,51,94,57,18,106,1,41" hai3="121,102,52,22,12,62,99,74,112,7,53,129,80"/><T128/><D118/><U134/><E37/><V0/><F38/><W60/><G112/><T35/><D35/><U31/><E122/><V107/><F116/><W25/><G121/><T17/><D5/><U108/><E127/><V82/><F82/><W56/><G129/><T70/><D128/><U3/><E130/><V13/><F41/><W29/><G74/><T64/><D135/><U84/><E134/><V103/><REACH who="2" step="1"/><F51/><REACH who="2" ten="250,250,240,250" step="2"/><W32/><G80/><T124/><D43/><U97/><E48/><V101/><F101/><W40/><G40/><T100/><D49/><U73/><E83/><V79/><F79/><W26/><G62/><T75/><D50/><U30/><E76/><V131/><F131/><W42/><G42/><T111/><D61/><U120/><E63/><V11/><F11/><W27/><G32/><T133/><D133/><U8/><E8/><V65/><F65/><W20/><G53/><T14/><D64/><U123/><E123/><V87/><F87/><W55/><G55/><T46/><D86/><U47/><E84/><V36/><F36/><W54/><G54/><T21/><D75/><U89/><E73/><V67/><F67/><W44/><G44/><T16/><D46/><U39/><E47/><V119/><F119/><W66/><G66/><T132/><D132/><U95/><E39/><V90/><F90/><W33/><G33/><T2/><D70/><U81/><E91/><V126/><F126/><W93/><G29/><T34/><D124/><U19/><E30/><V125/><F125/><W15/><G102/><T109/><D69/><U78/><E28/><RYUUKYOKU ba="0,1" sc="250,-10,250,-10,240,30,250,-10" hai2="0,1,10,13,18,57,58,94,98,103,104,106,107" /><INIT seed="1,1,1,5,2,84" ten="240,240,270,240" oya="1" hai0="113,49,29,112,100,17,109,39,80,28,77,15,27" hai1="102,16,42,96,47,60,126,68,116,120,20,129,130" hai2="107,21,78,66,74,30,86,22,31,104,58,19,75" hai3="105,76,51,81,67,14,8,18,12,65,83,82,11"/><U61/><E126/><V46/><F86/><W6/><G105/><T34/><D39/><U59/><E116/><V50/><F58/><W37/><G37/><T56/><D109/><U62/><E120/><V122/><F50/><W36/><G36/><T123/><D123/><U128/><E68/><V73/><F66/><W106/><G106/><T24/><D100/><U117/><E117/><V9/><F74/><W92/><G76/><T33/><D56/><U91/><E102/><V35/><F19/><W103/><REACH who="3" step="1"/><G51/><REACH who="3" ten="240,240,270,230" step="2"/><T57/><D49/><N who="1" m="26871" /><E61/><V90/><F78/><W94/><G94/><T54/><D77/><U110/><E110/><V79/><F79/><W7/><G7/><T52/><D80/><U118/><E118/><V41/><F122/><W89/><G89/><T135/><D135/><U26/><E59/><V71/><F107/><W133/><G133/><T70/><D70/><U115/><E115/><V40/><F71/><W48/><G48/><T85/><D57/><U93/><AGARI ba="1,2" hai="16,20,26,60,62,91,93,96,128,129,130" m="26871" machi="93" ten="40,7800,0" yaku="19,1,52,1,54,1" doraHai="84" who="1" fromWho="1" sc="240,-27,240,101,270,-27,230,-27" /><INIT seed="1,2,0,5,3,97" ten="213,341,243,203" oya="1" hai0="133,51,129,45,80,58,48,83,10,27,119,87,82" hai1="59,38,79,28,36,85,104,52,19,132,71,74,29" hai2="111,17,112,114,56,103,93,15,30,90,66,13,41" hai3="127,88,12,120,121,126,70,94,64,6,92,128,107"/><U40/><E132/><V102/><F30/><W130/><G70/><T131/><D119/><U117/><E117/><V4/><F41/><W105/><G64/><T115/><D115/><N who="2" m="44074" /><F111/><W16/><G6/><T116/><D116/><U73/><E71/><V35/><F35/><W39/><G39/><T108/><D108/><U24/><E104/><N who="3" m="40010" /><G12/><N who="2" m="4681" /><F17/><W26/><G16/><T63/><D133/><U68/><E68/><V55/><F66/><W14/><G14/><T60/><D10/><U3/><E3/><V91/><F4/><W22/><G22/><T20/><D87/><U67/><E67/><V123/><F123/><N who="3" m="47179" /><G26/><T33/><D33/><U95/><E19/><V106/><F106/><W77/><G77/><T7/><D7/><U98/><E28/><V37/><F37/><W21/><G21/><T76/><D76/><U0/><E0/><V5/><F5/><W89/><G94/><T125/><D20/><U61/><E40/><V25/><F25/><W11/><G11/><T110/><D27/><U109/><E38/><V84/><F90/><N who="3" m="34923" /><G92/><T81/><D110/><U49/><E36/><V96/><F84/><W34/><G34/><T42/><D42/><U57/><E85/><V134/><F134/><W31/><G31/><T101/><D63/><AGARI ba="2,0" hai="55,56,63,91,93,96,102,103" m="4681,44074" machi="63" ten="30,3900,0" yaku="11,1,52,2" doraHai="97" who="2" fromWho="0" sc="213,-45,341,0,243,45,203,0" /><INIT seed="2,0,0,0,2,4" ten="168,341,288,203" oya="2" hai0="33,54,3,20,46,53,41,65,94,86,87,48,126" hai1="128,66,71,116,5,119,99,101,23,115,104,64,12" hai2="117,97,110,40,0,59,21,43,34,22,47,108,90" hai3="56,26,32,44,118,52,113,134,84,129,69,124,7"/><V29/><F117/><W16/><G118/><T42/><D33/><U67/><E115/><V9/><F59/><W109/><G113/><T79/><D3/><U114/><E114/><V63/><F63/><W88/><G109/><N who="2" m="42089" /><F34/><W91/><G129/><T85/><D126/><U95/><E71/><V127/><F127/><W68/><G124/><T49/><D65/><U57/><E57/><V135/><F135/><W111/><G111/><T11/><D79/><U30/><E128/><V38/><F29/><W39/><G134/><T35/><D35/><U80/><E30/><V17/><F43/><N who="0" m="16394" /><D20/><N who="2" m="7786" /><F17/><W83/><G68/><T76/><D76/><U107/><E66/><V81/><F0/><W105/><G69/><T125/><D125/><U13/><E67/><V133/><F133/><W24/><G32/><T14/><D94/><U100/><E95/><N who="2" m="56567" /><F81/><W27/><G105/><T72/><D72/><U8/><E64/><V18/><F18/><W130/><G130/><T2/><D2/><U45/><E80/><V55/><F55/><N who="0" m="21002" /><D46/><U106/><E45/><V102/><F102/><W6/><G44/><T123/><D123/><U103/><E119/><V58/><F58/><W60/><G39/><T28/><D28/><U36/><E36/><V10/><AGARI ba="0,0" hai="9,10,38,40,47" m="56567,7786,42089" machi="10" ten="30,11700,0" yaku="14,1,10,1,52,2" doraHai="4" who="2" fromWho="2" sc="168,-39,341,-39,288,117,203,-39" /><INIT seed="2,1,0,3,0,40" ten="129,302,405,164" oya="2" hai0="94,10,21,6,18,39,51,38,109,45,62,36,42" hai1="59,30,48,78,121,43,83,25,9,32,35,49,69" hai2="92,57,126,119,58,29,105,3,90,122,17,66,47" hai3="16,91,64,15,101,71,72,54,60,56,65,67,103"/><V114/><F105/><W95/><G72/><T93/><D109/><U129/><E69/><V81/><F3/><W73/><G73/><T80/><D62/><U110/><E110/><V107/><F107/><W75/><G75/><T84/><D21/><U44/><E129/><V12/><F119/><W34/><G34/><T123/><D18/><U96/><E121/><V113/><F122/><W108/><G71/><T79/><REACH who="0" step="1"/><D123/><REACH who="0" ten="119,302,405,164" step="2"/><U68/><E35/><V7/><F17/><W0/><G108/><T24/><D24/><U26/><E26/><V85/><F114/><W99/><REACH who="3" step="1"/><G0/><AGARI ba="1,1" hai="0,6,10,36,38,39,42,45,51,79,80,84,93,94" machi="0" ten="40,2600,0" yaku="1,1,52,1,53,0" doraHai="40" doraHaiUra="124" who="0" fromWho="3" sc="119,39,302,0,405,0,164,-29" /><INIT seed="3,0,0,2,0,126" ten="158,302,405,135" oya="3" hai0="40,122,57,91,21,95,119,106,64,92,10,47,135" hai1="127,120,131,125,108,97,112,20,0,29,66,88,53" hai2="69,123,78,124,55,86,80,15,98,109,33,8,130" hai3="111,82,102,9,1,72,17,43,30,129,128,73,51"/><W37/><G111/><T100/><D106/><U103/><E120/><V45/><F69/><W116/><G116/><T110/><D122/><U5/><E112/><V70/><F70/><W31/><G102/><T56/><D119/><U90/><E108/><V50/><F33/><W99/><G99/><T94/><D110/><U28/><E66/><V39/><F39/><W22/><G51/><T32/><D32/><U68/><E68/><V2/><F2/><W132/><G132/><T35/><D35/><U6/><E53/><V79/><F124/><W76/><G72/><T4/><D135/><U134/><E134/><V104/><F123/><W38/><G38/><T117/><D117/><U26/><E0/><V107/><F109/><W115/><G115/><T71/><D71/><U83/><E83/><V14/><F14/><N who="3" m="9527" /><G30/><T52/><D21/><U41/><E97/><V34/><F98/><W7/><G31/><T101/><D91/><U3/><E103/><V11/><F107/><W42/><G42/><T60/><D47/><AGARI ba="0,0" hai="1,7,9,37,43,47,73,76,82,128,129" m="9527" machi="47" ten="30,5800,0" yaku="25,1,52,2" doraHai="126" who="3" fromWho="0" sc="158,-58,302,0,405,0,135,58" /><INIT seed="3,1,0,2,4,5" ten="100,302,405,193" oya="3" hai0="112,129,32,117,35,69,86,105,15,37,100,72,93" hai1="128,63,66,95,30,75,53,97,64,19,122,10,111" hai2="83,84,12,55,80,25,9,89,8,104,65,113,4" hai3="107,1,58,106,49,47,7,26,120,28,41,94,133"/><W101/><G120/><T27/><D86/><U130/><E111/><V124/><F104/><W68/><G68/><T118/><D93/><U23/><E75/><V73/><F113/><W43/><G43/><T2/><D100/><U110/><E110/><V135/><F124/><W59/><G133/><T17/><D15/><N who="1" m="7671" /><E122/><V99/><F65/><W14/><G1/><T121/><D17/><U116/><E116/><V6/><F99/><N who="3" m="59639" /><G107/><T108/><D27/><N who="1" m="16767" /><E53/><V57/><F25/><W50/><G106/><T79/><D79/><U109/><E63/><V18/><F135/><W38/><G38/><T3/><D3/><U56/><E56/><N who="3" m="21546" /><G50/><T44/><D44/><U90/><E109/><V24/><F73/><W76/><G76/><T34/><D34/><U78/><E78/><V126/><F126/><W67/><G67/><T33/><D33/><U87/><E97/><V96/><F96/><W125/><G125/><T82/><D35/><U74/><E74/><V42/><F42/><W98/><G98/><T132/><D82/><U134/><E134/><V36/><F80/><W45/><G45/><T70/><D70/><U119/><E119/><V29/><F36/><W21/><G14/><T71/><D71/><U11/><E64/><V115/><F115/><W54/><G54/><T51/><D51/><U131/><E66/><V91/><F55/><W114/><G114/><T46/><D46/><U48/><E48/><V16/><F57/><W102/><G102/><T40/><D40/><U77/><E77/><V61/><F83/><W62/><G62/><T60/><D60/><U0/><E131/><RYUUKYOKU ba="1,0" sc="100,10,302,10,405,-30,193,10" hai0="2,32,37,69,72,105,108,112,117,118,121,129,132" hai1="0,11,87,90,95,128,130" hai3="7,21,26,28,41,47,49" /><INIT seed="3,2,0,1,2,95" ten="110,312,375,203" oya="3" hai0="57,18,131,19,2,1,15,96,38,36,78,123,125" hai1="124,65,17,56,129,109,28,119,73,31,58,66,103" hai2="40,50,6,71,118,16,63,135,89,72,69,67,126" hai3="33,90,29,110,92,106,51,104,61,122,5,86,84"/><W100/><G122/><T116/><D123/><U102/><E109/><V87/><F72/><W37/><G37/><T14/><D116/><U105/><E119/><V55/><F118/><W22/><G33/><T4/><D4/><U54/><E124/><V94/><F126/><W115/><G115/><T70/><D125/><U35/><E129/><V27/><F135/><W113/><G113/><T97/><D70/><U11/><E73/><V77/><F6/><W10/><G110/><T108/><D108/><U43/><E43/><V91/><F77/><W60/><G51/><T59/><REACH who="0" step="1"/><D78/><REACH who="0" ten="100,312,375,203" step="2"/><U99/><E65/><V121/><F71/><W74/><G5/><T117/><D117/><U44/><E66/><V41/><F121/><W64/><G64/><T101/><D101/><U46/><E103/><V93/><F69/><W21/><G100/><T76/><D76/><U112/><E102/><V107/><F67/><W98/><G104/><T47/><D47/><U8/><E46/><V3/><F107/><W39/><G106/><T25/><D25/><U62/><E44/><V75/><F27/><W26/><G26/><T133/><D133/><U111/><E105/><V81/><F91/><W24/><G24/><T12/><D12/><U82/><E111/><V79/><F89/><W127/><G90/><T128/><AGARI ba="2,1" hai="1,2,14,15,18,19,36,38,57,59,96,97,128,131" machi="128" ten="25,16000,3" yaku="1,1,0,1,22,2,52,2,53,2" doraHai="95" doraHaiUra="9" who="0" fromWho="0" sc="100,176,312,-42,375,-42,203,-82" /><INIT seed="4,0,0,2,2,92" ten="276,270,333,121" oya="0" hai0="79,72,118,102,17,1,59,25,132,34,73,115,47" hai1="90,43,94,20,133,24,109,125,84,114,106,39,33" hai2="78,120,69,113,101,105,126,108,82,68,5,9,85" hai3="16,13,32,110,15,88,97,124,61,11,45,91,0"/><T134/><D118/><U58/><E109/><V131/><F120/><W96/><G110/><T40/><D1/><U95/><E106/><V26/><F108/><W60/><G32/><T67/><D115/><U76/><E114/><V128/><F113/><W57/><G0/><T21/><D34/><U48/><E33/><V100/><F26/><W18/><G45/><T65/><D102/><U56/><E125/><V86/><F86/><W44/><G44/><T54/><D67/><U35/><E39/><V51/><F51/><W75/><G75/><T6/><D65/><U99/><E133/><N who="0" m="51305" /><D79/><U117/><E35/><V71/><F126/><W55/><G124/><T29/><D6/><U98/><E117/><V19/><F19/><W122/><G122/><T112/><D17/><U50/><E76/><V119/><F119/><W116/><G116/><T7/><D7/><U62/><E43/><V87/><F101/><W41/><G41/><T70/><D70/><U31/><E84/><V83/><F100/><W4/><G4/><T135/><D112/><U37/><E37/><V111/><F105/><W36/><G36/><N who="0" m="21895" /><D135/><U12/><E12/><V23/><F111/><W46/><G46/><T121/><D121/><U107/><E107/><V93/><F71/><W77/><G77/><T104/><D104/><U10/><E10/><V8/><F78/><W3/><G3/><T2/><D2/><U14/><E14/><V130/><F130/><W63/><G18/><T38/><D38/><U27/><E27/><V42/><F131/><W52/><G15/><T30/><D30/><U80/><E31/><RYUUKYOKU ba="0,0" sc="276,30,270,-10,333,-10,121,-10" hai0="21,25,29,54,59,72,73" /><INIT seed="4,1,0,3,3,48" ten="306,260,323,111" oya="0" hai0="56,42,77,4,115,53,21,1,8,128,133,89,40" hai1="62,44,75,16,120,118,108,92,50,81,112,71,25" hai2="80,104,132,135,27,129,34,43,59,38,100,73,116" hai3="39,6,20,102,134,37,96,84,30,2,83,111,57"/><T3/><D3/><U0/><E108/><V85/><F73/><W32/><G111/><T97/><D77/><U60/><E0/><V99/><F129/><W17/><G134/><N who="2" m="51241" /><F59/><W119/><G119/><T11/><D133/><U70/><E120/><V51/><F51/><W78/><G32/><T58/><D11/><U94/><E118/><V131/><F131/><W126/><G30/><T124/><D128/><U18/><E112/><V106/><F116/><W90/><G126/><T9/><D9/><U24/><E50/><V123/><F123/><W105/><G6/><T109/><D109/><U19/><E81/><V61/><F61/><N who="1" m="23657" /><E44/><N who="2" m="23671" /><F27/><N who="1" m="10313" /><E75/><V65/><F65/><W54/><G2/><T127/><D115/><U47/><E47/><V79/><F34/><W14/><REACH who="3" step="1"/><G78/><REACH who="3" ten="306,260,323,101" step="2"/><T36/><D1/><U35/><E35/><V67/><F67/><W63/><AGARI ba="1,1" hai="14,17,20,37,39,54,57,63,83,84,90,96,102,105" machi="63" ten="20,8000,1" yaku="1,1,2,1,0,1,7,1,52,1,53,0" doraHai="48" doraHaiUra="72" who="3" fromWho="3" sc="306,-41,260,-21,323,-21,101,93" /><INIT seed="5,0,0,0,0,124" ten="265,239,302,194" oya="1" hai0="31,71,54,3,78,62,65,79,1,132,59,126,87" hai1="35,88,33,99,119,4,98,48,76,110,23,52,129" hai2="122,18,68,30,94,14,92,2,16,26,123,15,45" hai3="100,96,127,42,17,28,50,10,5,56,101,60,104"/><U58/><E119/><V114/><F68/><W121/><G121/><T83/><D126/><U21/><E129/><V135/><F45/><W40/><G127/><T131/><D131/><U44/><E110/><V37/><F37/><W90/><G28/><T61/><D132/><U51/><E76/><V64/><F64/><W103/><G17/><T112/><D112/><U47/><E4/><V46/><F46/><W49/><G104/><T72/><D72/><U109/><E109/><V106/><F106/><W86/><G96/><T95/><D78/><U9/><E9/><N who="2" m="6223" /><F94/><N who="3" m="54615" /><G10/><T125/><D125/><U34/><E58/><V27/><F92/><W80/><G80/><T25/><REACH who="0" step="1"/><D95/><REACH who="0" ten="255,239,302,194" step="2"/><U36/><E36/><V69/><F114/><W97/><G97/><T75/><D75/><U111/><E111/><V57/><F135/><W84/><G84/><T63/><D63/><U22/><REACH who="1" step="1"/><E88/><REACH who="1" ten="255,229,302,194" step="2"/><V130/><F130/><W70/><G103/><T7/><D7/><U20/><N who="1" m="5120" /><DORA hai="134" /><U0/><E0/><V12/><F2/><W66/><G5/><T102/><D102/><N who="3" m="39529" /><G70/><T43/><D43/><AGARI ba="0,2" hai="33,34,35,43,44,47,48,51,52,98,99" m="5120" machi="43" ten="60,5800,0" yaku="1,1,54,1,53,0" doraHai="124,134" doraHaiUra="108,67" who="1" fromWho="0" sc="255,-58,229,78,302,0,194,0" /><AGARI ba="0,0" hai="40,42,43,49,50,56,60,66" m="39529,54615" machi="43" ten="30,1000,0" yaku="8,1" doraHai="124,134" who="3" fromWho="0" sc="197,-10,307,0,302,0,194,10" /><INIT seed="5,1,0,5,2,123" ten="187,307,302,204" oya="1" hai0="55,111,4,83,86,102,21,89,32,78,64,30,70" hai1="97,122,69,38,53,88,16,23,105,1,18,29,130" hai2="0,57,120,48,100,60,61,13,117,76,59,84,33" hai3="27,68,46,44,15,12,22,113,35,77,121,54,50"/><U96/><E122/><V95/><F0/><W31/><G121/><T101/><D32/><U52/><E69/><V24/><F117/><W34/><G113/><T135/><D135/><U2/><E38/><V112/><F120/><W65/><G77/><T43/><D43/><U3/><E130/><V103/><F48/><W133/><G133/><T49/><D4/><U9/><E105/><V25/><F13/><W82/><G82/><T79/><D111/><U124/><E124/><V129/><F129/><W71/><G71/><T37/><D37/><U47/><E47/><V8/><F8/><W115/><G115/><T28/><D70/><U7/><E29/><N who="0" m="11369" /><D64/><U62/><E18/><V92/><F76/><N who="0" m="29226" /><D21/><U90/><E97/><V109/><F84/><W14/><G65/><T125/><D125/><U131/><E131/><V94/><F112/><W127/><G68/><T107/><D107/><U126/><E126/><V116/><F116/><W56/><G127/><T20/><D20/><U118/><E118/><V74/><F74/><W99/><G99/><T10/><D10/><U132/><E132/><V63/><F109/><W93/><G34/><T128/><D128/><U6/><E9/><V40/><F40/><W106/><G35/><T41/><D41/><U5/><E96/><V110/><F110/><W26/><G106/><T87/><D87/><U39/><E39/><V58/><F33/><N who="3" m="20727" /><G93/><T81/><D81/><U80/><E80/><V66/><F66/><W45/><G22/><T11/><D11/><U108/><E108/><V72/><F72/><W85/><G85/><T98/><D98/><RYUUKYOKU ba="1,0" sc="187,10,307,-30,302,10,204,10" hai0="49,55,83,86,89,101,102" hai2="24,25,57,58,59,60,61,63,92,94,95,100,103" hai3="12,14,15,27,44,45,46,50,54,56" /><INIT seed="6,2,0,4,1,5" ten="197,277,312,214" oya="2" hai0="7,97,81,30,23,127,18,35,126,80,120,68,76" hai1="55,106,124,32,24,22,94,69,117,48,96,72,61" hai2="39,122,42,77,34,40,56,90,114,88,50,123,57" hai3="21,1,0,98,2,131,9,45,111,135,10,132,67"/><V109/><F34/><W100/><G111/><T33/><D120/><U27/><E117/><V54/><F77/><W84/><G131/><T118/><D68/><U130/><E72/><V49/><F54/><W86/><G67/><T85/><D118/><U26/><E106/><V63/><F63/><W74/><G74/><T6/><D97/><U82/><E82/><V11/><F114/><W91/><G21/><T28/><D23/><U79/><E79/><V87/><F87/><N who="3" m="33323" /><G45/><T129/><D85/><U12/><E32/><V19/><F19/><W43/><G91/><T108/><D76/><U38/><E38/><V8/><F39/><W14/><G14/><T92/><D18/><U3/><E12/><V53/><F53/><W65/><G65/><T59/><D59/><U110/><E22/><V17/><F17/><W13/><G13/><T89/><D89/><U47/><E3/><V83/><F83/><W46/><G46/><T37/><D37/><U70/><E110/><AGARI ba="2,0" hai="8,11,40,42,49,50,56,57,88,90,109,110,122,123" machi="110" ten="25,12000,1" yaku="22,2,52,2,54,1" doraHai="5" who="2" fromWho="1" sc="197,0,277,-126,312,126,214,0" /><INIT seed="6,3,0,3,0,93" ten="197,151,438,214" oya="2" hai0="19,38,21,31,62,59,96,27,113,83,99,47,61" hai1="97,106,72,6,8,104,0,39,26,124,86,103,44" hai2="128,87,2,49,118,125,102,100,64,119,51,45,50" hai3="56,60,89,57,37,23,1,90,130,77,32,28,42"/><V40/><F2/><W14/><G1/><T71/><D113/><U115/><E124/><V24/><F125/><W35/><G130/><T70/><D70/><U75/><E115/><V65/><F128/><W105/><G77/><T46/><D71/><U91/><E106/><V36/><F24/><W111/><G111/><T25/><D62/><U4/><E4/><V127/><F87/><W114/><G114/><T117/><D117/><U95/><REACH who="1" step="1"/><E26/><REACH who="1" ten="197,141,438,214" step="2"/><V116/><F127/><W69/><G105/><T109/><D109/><U52/><E52/><V110/><F110/><W63/><G42/><AGARI ba="3,1" hai="0,6,8,39,42,44,72,75,86,91,95,97,103,104" machi="42" ten="40,2600,0" yaku="1,1,52,1,53,0" doraHai="93" doraHaiUra="13" who="1" fromWho="3" sc="197,0,141,45,438,0,214,-35" /><INIT seed="7,0,0,3,2,45" ten="197,186,438,179" oya="3" hai0="82,33,8,61,74,125,16,77,69,12,109,76,117" hai1="122,30,86,113,75,92,10,104,40,3,85,52,105" hai2="35,14,13,102,62,71,114,28,119,58,89,44,99" hai3="106,107,81,59,68,64,100,115,38,78,97,18,1"/><W93/><G68/><T50/><D109/><U110/><E110/><V60/><F89/><W126/><G115/><T34/><D117/><U65/><E75/><V36/><F119/><W29/><G126/><T47/><D77/><U4/><E122/><V51/><F36/><W128/><G128/><T88/><D125/><U66/><E40/><V103/><F103/><W27/><G38/><T112/><D112/><U94/><E113/><V84/><F84/><W56/><G1/><T134/><D134/><U37/><E37/><V24/><F60/><W132/><G132/><T87/><D61/><U9/><E52/><N who="2" m="29799" /><F58/><W67/><G18/><T90/><D90/><U95/><E95/><V83/><F83/><W108/><G108/><T131/><D131/><U26/><E4/><V57/><F57/><N who="3" m="22091" /><G107/><T72/><D69/><U25/><E30/><V54/><F54/><W63/><G106/><T42/><D72/><U91/><E91/><V32/><F32/><W21/><G63/><T124/><D124/><U53/><E53/><V20/><F114/><W129/><G129/><T120/><D120/><U31/><E31/><V11/><F62/><W123/><G123/><T41/><D41/><U15/><E15/><V17/><F71/><W80/><G78/><T116/><D116/><U6/><E6/><V133/><F133/><W101/><G101/><T49/><D49/><U7/><E7/><N who="2" m="3327" /><F102/><W127/><G127/><T70/><D70/><U22/><E3/><V46/><F46/><W19/><G29/><T39/><D39/><U135/><E135/><V118/><F118/><W55/><G55/><RYUUKYOKU ba="0,0" sc="197,0,186,0,438,0,179,0" hai0="8,12,16,33,34,42,47,50,74,76,82,87,88" hai1="9,10,22,25,26,65,66,85,86,92,94,104,105" hai2="14,17,20,24,28,35,99" hai3="19,21,27,64,67,80,81,93,97,100" /><INIT seed="7,1,0,0,5,51" ten="197,186,438,179" oya="3" hai0="10,101,74,34,82,115,99,132,72,93,41,124,126" hai1="89,48,53,57,131,95,129,75,109,76,8,22,26" hai2="28,104,11,96,67,122,30,128,50,44,54,37,80" hai3="120,17,1,0,71,112,121,35,55,133,52,84,127"/><W66/><G35/><T16/><D34/><U24/><E109/><V61/><F128/><N who="1" m="49225" /><E8/><V86/><F37/><W85/><G112/><T47/><D115/><U83/><E22/><V68/><F122/><N who="3" m="47211" /><G17/><T108/><D108/><U79/><E79/><V64/><F64/><W98/><G98/><AGARI ba="1,0" hai="24,26,48,53,57,75,76,83,89,95,98" m="49225" machi="98" ten="30,2000,0" yaku="19,1,52,1" doraHai="51" who="1" fromWho="3" sc="197,0,186,23,438,0,179,-23" owari="197,-20.0,209,1.0,438,53.0,156,-34.0" /></mjloggm>