<mjloggm ver="2.3"><GO type="169" lobby="0"/><UN n0="%E6%9D%BE%E5%AE%9F%E7%8E%84%E3%81%98%E3%82%83%E3%81%AA%E3%81%84" n1="%E3%81%82%E3%81%B2%E3%82%8B%E3%81%95%E3%82%93" n2="%E4%B8%80%E6%9C%AC%E5%A0%B4" n3="%E3%82%A6%E3%83%AB%E3%83%88%E3%83%A9%E7%AB%8B%E7%9B%B4" dan="17,16,16,17" rate="2180.32,2155.75,2068.91,2199.55" sx="F,M,M,M"/><TAIKYOKU oya="0"/><INIT seed="0,0,0,1,0,124" ten="250,250,250,250" oya="0" hai0="10,28,20,45,38,119,41,134,80,17,84,4,23" hai1="131,89,15,93,81,33,47,94,127,29,115,108,11" hai2="40,132,53,120,69,61,112,68,130,0,18,91,92" hai3="7,5,99,72,25,73,75,135,30,77,31,56,110"/><T126/><D119/><U46/><E127/><V21/><F120/><W34/><G77/><T55/><D126/><U35/><E108/><V111/><F112/><W88/><G110/><T86/><D134/><U65/><E115/><V13/><F0/><W74/><G135/><T106/><D106/><U79/><E65/><V32/><F32/><W3/><G3/><T24/><D55/><U133/><E133/><V19/><F130/><W83/><G31/><T78/><D86/><U57/><E35/><V101/><F101/><W95/><N who="3" m="18432" /><DORA hai="122" /><W37/><G83/><T44/><D44/><U63/><E79/><V104/><F40/><W128/><G37/><T71/><D71/><U125/><E81/><V67/><F104/><W14/><G128/><T59/><D59/><U8/><E125/><V48/><F19/><W121/><G121/><T100/><D100/><U109/><E109/><V70/><F132/><W50/><REACH who="3" step="1"/><G14/><REACH who="3" ten="250,250,250,240" step="2"/><T116/><D116/><U6/><E131/><V96/><REACH who="2" step="1"/><F111/><REACH who="2" ten="250,250,240,240" step="2"/><W16/><G16/><T118/><D118/><U22/><E29/><V107/><F107/><W43/><G43/><T42/><D42/><U27/><E6/><V90/><F90/><W123/><G123/><T26/><D4/><U1/><E89/><V98/><F98/><W87/><G87/><T9/><AGARI ba="0,2" hai="9,10,17,20,23,24,26,28,38,41,45,78,80,84" machi="9" ten="30,1500,0" yaku="0,1" doraHai="124,122" who="0" fromWho="0" sc="250,35,250,-5,240,-5,240,-5" /><INIT seed="0,1,0,3,5,86" ten="285,245,235,235" oya="0" hai0="70,95,34,52,118,63,65,23,41,84,9,108,134" hai1="83,69,75,8,77,133,106,66,21,35,119,76,45" hai2="6,132,37,98,80,128,117,74,62,92,38,59,19" hai3="127,47,43,135,50,5,96,99,3,81,71,28,22"/><T73/><D34/><U46/><E119/><V32/><F32/><W94/><G71/><T7/><D73/><U122/><E122/><V56/><F132/><W27/><G135/><T72/><D134/><U31/><E133/><V26/><F128/><W1/><G127/><T11/><D72/><U2/><E106/><V36/><F117/><W109/><G109/><T39/><D118/><U79/><E35/><V25/><F6/><W89/><G5/><T97/><D108/><U78/><E2/><V110/><F59/><W24/><G81/><T57/><D84/><U30/><E8/><V104/><F104/><W123/><G123/><T53/><D23/><U4/><E4/><V42/><F42/><W20/><REACH who="3" step="1"/><G96/><REACH who="3" ten="285,245,235,225" step="2"/><T114/><D7/><U0/><E0/><V18/><F80/><W129/><G129/><T124/><D124/><U15/><E83/><V10/><F98/><W16/><AGARI ba="1,1" hai="1,3,16,20,22,24,27,28,43,47,50,89,94,99" machi="16" ten="20,8000,1" yaku="1,1,0,1,7,1,52,1,54,1,53,0" doraHai="86" doraHaiUra="60" who="3" fromWho="3" sc="285,-41,245,-21,235,-21,225,93" /><INIT seed="1,0,0,0,4,81" ten="244,224,214,318" oya="1" hai0="11,1,57,79,0,86,8,89,29,85,125,127,40" hai1="87,74,131,116,42,134,100,54,107,72,70,82,23" hai2="110,66,61,117,103,14,37,17,102,16,73,122,135" hai3="106,53,96,39,35,101,118,33,99,92,105,95,22"/><U132/><E70/><V77/><F117/><W34/><G118/><T130/><D130/><U52/><E116/><V120/><F37/><W98/><G39/><T113/><D113/><U84/><E42/><V27/><F110/><W30/><G53/><N who="1" m="20586" /><E82/><V121/><F135/><N who="1" m="51753" /><E131/><V129/><F129/><W83/><G83/><N who="0" m="47359" /><D40/><U25/><E100/><V51/><F77/><W114/><G114/><T9/><D57/><U109/><E107/><V32/><F51/><W12/><G98/><T45/><D45/><U64/><E64/><V67/><F67/><W41/><G41/><T90/><D90/><U38/><E38/><V75/><F103/><W15/><G105/><T76/><D76/><U6/><E6/><V44/><F44/><W123/><G106/><T111/><D111/><U21/><E109/><V80/><F102/><W62/><G101/><T88/><D89/><U58/><E58/><V2/><F80/><W28/><G95/><N who="0" m="54679" /><D29/><N who="1" m="17583" /><E74/><V24/><F75/><W126/><G92/><T47/><D47/><U108/><E72/><V124/><F73/><W104/><G104/><T71/><D71/><U91/><E108/><V13/><F122/><W36/><G123/><T65/><D65/><U56/><E56/><V93/><F93/><W18/><G36/><T46/><D46/><U7/><E91/><V4/><F66/><W60/><G35/><T115/><D115/><U97/><E97/><V50/><F121/><W112/><G96/><T19/><D19/><N who="2" m="7242" /><F4/><W128/><G128/><T94/><D94/><U59/><E7/><V119/><F119/><W133/><G133/><T49/><D49/><RYUUKYOKU ba="0,0" sc="244,30,224,-10,214,-10,318,-10" hai0="0,1,8,9,11,125,127" /><INIT seed="2,1,0,1,4,3" ten="274,214,204,308" oya="2" hai0="59,122,109,43,79,23,17,94,14,0,22,129,11" hai1="111,1,81,80,112,67,73,127,19,21,119,82,103" hai2="48,117,27,4,86,133,42,105,31,75,84,18,116" hai3="36,53,49,90,104,41,99,47,85,15,70,28,26"/><V58/><F75/><W123/><G123/><T110/><D122/><U121/><E112/><V62/><F105/><W63/><G15/><T135/><D135/><U29/><E119/><V130/><F133/><W55/><G55/><T66/><D129/><U46/><E121/><V37/><F37/><W25/><G99/><T128/><D128/><U125/><E111/><N who="0" m="42505" /><D43/><U64/><E73/><V74/><F74/><W30/><G104/><T65/><D79/><U50/><E29/><V44/><F130/><W38/><G38/><T91/><D0/><U131/><E131/><V20/><F4/><W115/><G115/><T35/><D35/><U78/><E103/><V7/><F7/><W57/><G30/><T39/><D39/><U134/><E78/><V77/><F77/><W83/><REACH who="3" step="1"/><G28/><REACH who="3" ten="274,214,204,298" step="2"/><T120/><D120/><U88/><E134/><V52/><REACH who="2" step="1"/><F31/><REACH who="2" ten="274,214,194,298" step="2"/><W9/><G9/><T89/><D11/><U24/><E1/><V95/><F95/><W6/><G6/><T16/><D94/><U33/><E81/><V114/><F114/><W113/><G113/><T76/><D17/><U93/><E82/><V101/><F101/><W60/><G60/><T51/><D16/><U107/><E80/><V97/><F97/><W108/><G108/><T69/><D23/><U118/><E107/><V87/><AGARI ba="1,2" hai="18,20,27,42,44,48,52,58,62,84,86,87,116,117" machi="87" ten="30,11700,0" yaku="1,1,0,1,54,1,53,1" doraHai="3" doraHaiUra="40" who="2" fromWho="2" sc="274,-40,214,-40,194,140,298,-40" /><INIT seed="2,2,0,4,3,123" ten="234,174,334,258" oya="2" hai0="111,72,50,39,86,37,51,84,18,64,15,107,36" hai1="105,96,35,1,113,79,7,98,109,103,93,94,112" hai2="32,67,23,135,4,116,59,119,48,124,52,57,68" hai3="70,53,27,60,110,17,87,43,80,129,92,89,101"/><V12/><F32/><W133/><G43/><T63/><D72/><U28/><E79/><V73/><F73/><W47/><G129/><T65/><D107/><U99/><E7/><V106/><F106/><W82/><G133/><T126/><D126/><U8/><E1/><V42/><F124/><W25/><G70/><T121/><D121/><U77/><E8/><V71/><F135/><W83/><G110/><T66/><D63/><U88/><E77/><V75/><F75/><W134/><G134/><T74/><D74/><U29/><E109/><V34/><F34/><W81/><G17/><T58/><D111/><U97/><N who="1" m="24576" /><DORA hai="117" /><U0/><E0/><V10/><F42/><W61/><G101/><T104/><D104/><U46/><E103/><V127/><F127/><W9/><G9/><T33/><D33/><U3/><E3/><V114/><F114/><W22/><G92/><T91/><D58/><U76/><E76/><V5/><F5/><W21/><G21/><T108/><D108/><U120/><E105/><V6/><F6/><W118/><G118/><T95/><REACH who="0" step="1"/><D86/><REACH who="0" ten="224,174,334,258" step="2"/><U132/><E120/><V11/><F119/><W128/><G61/><T16/><D16/><U78/><E132/><V131/><F116/><W2/><G60/><T13/><D13/><U55/><E35/><V49/><F12/><W19/><G2/><T85/><D85/><U44/><E113/><V40/><F59/><W90/><G128/><T102/><D102/><U20/><E112/><V122/><F122/><W125/><G125/><T45/><D45/><U26/><E46/><V41/><F131/><RYUUKYOKU ba="2,1" sc="224,30,174,-10,334,-10,258,-10" hai0="15,18,36,37,39,50,51,64,65,66,84,91,95" /><INIT seed="3,3,1,0,0,120" ten="254,164,324,248" oya="3" hai0="119,115,18,93,11,92,109,113,73,86,28,99,14" hai1="59,78,100,85,13,96,45,4,114,34,21,94,49" hai2="112,23,47,35,22,111,29,36,79,42,62,67,43" hai3="74,133,55,104,24,80,82,90,134,118,38,1,8"/><W19/><G104/><T68/><D73/><U106/><E34/><V117/><F117/><W116/><G38/><T31/><D68/><U40/><E114/><N who="0" m="43529" /><D119/><U2/><E2/><V69/><F43/><W27/><G1/><T33/><D33/><U108/><E108/><V95/><F35/><W10/><G55/><T32/><D32/><U53/><E106/><V105/><F105/><W121/><G74/><T135/><D135/><U103/><E103/><V57/><F79/><W127/><G19/><T15/><D109/><U77/><E85/><V98/><F111/><W25/><G25/><T107/><D107/><U72/><E72/><V46/><F46/><W70/><G70/><T65/><D65/><U64/><E64/><V44/><F44/><W39/><G39/><T125/><D125/><U61/><E21/><V129/><F29/><W132/><G132/><T16/><D86/><U131/><E131/><V26/><F129/><W88/><REACH who="3" step="1"/><G127/><REACH who="3" ten="254,164,324,238" step="2"/><T51/><D31/><U75/><E75/><V91/><F112/><W83/><G83/><T130/><D28/><U50/><E13/><V89/><F26/><W123/><AGARI ba="3,2" hai="8,10,24,27,80,82,88,90,116,118,121,123,133,134" machi="123" ten="25,12000,1" yaku="1,1,0,1,22,2,54,1,53,0" doraHai="120" doraHaiUra="81" who="3" fromWho="3" sc="254,-43,164,-43,324,-43,238,149" /><INIT seed="3,4,0,4,0,124" ten="211,121,281,387" oya="3" hai0="122,64,95,70,36,113,93,135,78,76,30,85,42" hai1="59,33,114,5,46,112,129,91,6,58,108,19,55" hai2="104,134,57,52,75,40,31,13,3,125,101,99,133" hai3="39,72,80,127,20,74,131,117,44,88,103,63,10"/><W18/><G117/><T21/><D122/><U110/><E33/><V102/><F3/><W53/><G127/><T37/><D70/><U15/><E46/><V56/><F125/><W32/><G32/><T1/><D1/><U77/><E77/><V105/><F75/><W68/><G103/><T11/><D64/><U120/><E120/><V29/><F40/><W65/><G10/><T123/><D123/><U98/><E98/><N who="2" m="61495" /><F13/><W92/><G80/><T89/><D135/><N who="2" m="51722" /><F57/><W7/><G7/><T41/><D37/><U50/><E59/><V45/><F45/><W16/><G131/><T118/><D36/><U94/><E5/><V128/><F128/><W115/><G115/><T8/><D113/><U22/><E6/><V35/><F35/><W111/><G111/><N who="1" m="42538" /><E114/><V34/><F34/><W100/><G100/><T4/><D118/><U82/><E112/><V84/><F84/><W27/><G18/><T38/><D38/><U2/><E2/><V23/><F23/><W106/><G106/><T12/><D11/><U81/><E129/><V130/><F130/><W47/><G47/><T24/><D42/><U67/><E67/><V97/><F97/><W49/><G39/><T86/><D41/><U121/><E121/><V51/><AGARI ba="4,0" hai="29,31,51,52,56,99,102,105" m="51722,61495" machi="51" ten="30,2000,0" yaku="20,1,54,1" doraHai="124" who="2" fromWho="2" sc="211,-9,121,-9,281,32,387,-14" /><INIT seed="4,0,0,1,1,108" ten="202,112,313,373" oya="0" hai0="41,55,31,107,90,84,35,67,22,13,110,127,111" hai1="72,44,80,16,77,30,45,43,28,14,97,70,133" hai2="94,86,92,68,122,71,114,87,135,36,73,15,129" hai3="75,51,32,66,64,103,95,19,82,128,33,131,102"/><T2/><D2/><U47/><E70/><V125/><F15/><W116/><G116/><T56/><D107/><U104/><E133/><V42/><F42/><W29/><G29/><T54/><D35/><U88/><E43/><V48/><F48/><W62/><G51/><T7/><D127/><U99/><E99/><V8/><F8/><W105/><G105/><T83/><D41/><U18/><E104/><V109/><F109/><N who="0" m="41482" /><D7/><U119/><E119/><V5/><F5/><W132/><G132/><T39/><D39/><U100/><E100/><V9/><F9/><W79/><G66/><T118/><D118/><U40/><E40/><V69/><F122/><W38/><G38/><T91/><D91/><U20/><REACH who="1" step="1"/><E18/><REACH who="1" ten="202,102,313,373" step="2"/><V124/><F135/><W106/><G103/><T26/><D13/><U81/><E81/><V52/><F125/><W53/><G102/><T74/><D74/><U60/><E60/><AGARI ba="0,1" hai="22,26,31,54,55,56,60,67,83,84,90" m="41482" machi="60" ten="30,1500,0" yaku="10,1" doraHai="108" who="0" fromWho="1" sc="202,25,102,-15,313,0,373,0" /><INIT seed="4,1,0,2,4,61" ten="227,87,313,373" oya="0" hai0="100,43,107,49,33,28,135,30,65,85,26,20,50" hai1="96,111,34,118,51,46,7,84,74,24,32,6,117" hai2="93,19,79,101,80,56,133,116,52,126,88,67,4" hai3="53,78,123,132,77,59,9,41,131,37,3,60,40"/><T120/><D120/><U66/><E111/><V2/><F133/><W27/><G132/><T63/><D85/><U121/><E74/><V103/><F126/><W11/><G131/><T29/><D135/><U115/><E121/><V18/><F116/><W113/><G113/><T89/><D89/><U95/><E84/><N who="2" m="48159" /><F4/><W45/><G123/><T82/><D82/><U54/><E6/><V36/><F36/><W90/><G3/><T119/><D119/><U112/><E118/><V8/><F67/><W98/><G37/><T114/><D43/><N who="3" m="16457" /><G45/><T110/><D114/><N who="1" m="43563" /><E117/><V48/><F2/><W31/><G9/><T128/><D128/><U102/><E7/><V62/><F48/><W42/><G42/><T10/><D110/><U25/><E25/><V124/><F124/><W14/><G27/><N who="0" m="16487" /><D30/><N who="1" m="19527" /><E34/><V104/><F104/><W69/><G31/><T76/><D76/><U129/><E129/><V39/><F39/><W44/><G78/><T16/><D16/><N who="2" m="6186" /><F8/><W109/><G11/><T108/><D10/><U12/><E12/><V13/><F13/><W57/><G14/><T68/><D108/><U47/><E47/><V83/><F83/><W125/><G44/><T73/><D73/><U5/><E5/><V99/><AGARI ba="1,0" hai="52,56,62,88,93,99,101,103" m="6186,48159" machi="99" ten="30,7900,0" yaku="8,1,54,3" doraHai="61" who="2" fromWho="2" sc="227,-40,87,-21,313,82,373,-21" /><INIT seed="5,0,0,1,0,23" ten="187,66,395,352" oya="1" hai0="14,79,88,36,65,133,45,33,119,86,5,18,108" hai1="2,78,46,63,117,116,15,67,113,81,68,84,43" hai2="134,57,93,114,3,44,62,98,10,61,71,118,40" hai3="73,94,51,6,35,48,22,69,20,123,30,132,70"/><U111/><E2/><V21/><F118/><W52/><G73/><T8/><D108/><U121/><E121/><V66/><F134/><W112/><G123/><T41/><D119/><U39/><E113/><V24/><F10/><W122/><G122/><T128/><D133/><U49/><E111/><V90/><F114/><W110/><G110/><T89/><D33/><U106/><E106/><V130/><F130/><W53/><G6/><T105/><D105/><U29/><E29/><V82/><F82/><W34/><G94/><T60/><D128/><U120/><E120/><V64/><F3/><W37/><G30/><T25/><D79/><U135/><E135/><V127/><F127/><W59/><G132/><T100/><D100/><U115/><E115/><V12/><F12/><W13/><G112/><T102/><D102/><U1/><E1/><V4/><F4/><W104/><G104/><T129/><D129/><U31/><E31/><V58/><F71/><W131/><G131/><T96/><D96/><U107/><E107/><V126/><F126/><W26/><G37/><T75/><D75/><U47/><REACH who="1" step="1"/><E15/><REACH who="1" ten="187,56,395,352" step="2"/><V77/><F77/><W19/><G13/><T55/><D14/><U50/><E50/><V72/><F72/><W74/><G74/><T54/><D5/><U42/><AGARI ba="0,1" hai="39,42,43,46,47,49,63,67,68,78,81,84,116,117" machi="42" ten="20,3900,0" yaku="1,1,0,1,7,1,53,0" doraHai="23" doraHaiUra="91" who="1" fromWho="1" sc="187,-13,56,49,395,-13,352,-13" /><INIT seed="5,1,0,1,2,129" ten="174,105,382,339" oya="1" hai0="33,72,128,32,104,1,98,61,88,8,15,117,105" hai1="44,54,103,131,80,96,71,92,123,89,23,56,50" hai2="85,43,116,106,45,39,26,17,132,14,108,19,100" hai3="133,20,68,49,3,111,77,127,120,130,74,99,34"/><U134/><E123/><V24/><F108/><W83/><RYUUKYOKU type="yao9" ba="1,0" sc="174,0,105,0,382,0,339,0" hai3="3,20,34,49,68,74,77,83,99,111,120,127,130,133" /><INIT seed="5,2,0,4,5,21" ten="174,105,382,339" oya="1" hai0="22,98,39,126,54,28,78,3,72,34,89,46,77" hai1="52,93,80,127,65,118,12,36,115,37,113,55,24" hai2="35,91,134,82,104,73,109,121,128,60,4,129,114" hai3="117,120,30,32,96,84,5,70,26,130,75,102,122"/><U19/><E118/><V69/><RYUUKYOKU type="yao9" ba="2,0" sc="174,0,105,0,382,0,339,0" hai2="4,35,60,69,73,82,91,104,109,114,121,128,129,134" /><INIT seed="5,3,0,2,2,25" ten="174,105,382,339" oya="1" hai0="11,59,120,116,33,73,61,111,70,115,7,123,110" hai1="71,62,38,53,69,86,126,16,50,105,32,24,87" hai2="43,35,22,68,49,135,91,45,81,15,95,106,30" hai3="124,133,39,65,20,109,41,54,104,8,31,121,125"/><U36/><E105/><V74/><F106/><W128/><G109/><T63/><D73/><U94/><E126/><N who="3" m="48746" /><G121/><N who="0" m="46667" /><D33/><U51/><E38/><V56/><F68/><W107/><G128/><T118/><D70/><U98/><E36/><V101/><F135/><W23/><G133/><T89/><D89/><U90/><E71/><V129/><F35/><W132/><G132/><T17/><D17/><U58/><E69/><V84/><F129/><W12/><G65/><N who="0" m="39103" /><D63/><U99/><E32/><V100/><F56/><W134/><G23/><T2/><D115/><U114/><E114/><V88/><F74/><W13/><G134/><T97/><D97/><N who="1" m="36875" /><E87/><N who="2" m="52639" /><F15/><W64/><G13/><T21/><D21/><AGARI ba="3,0" hai="16,21,24,50,51,53,58,62,86,90,94" m="36875" machi="21" ten="30,2900,0" yaku="8,1,54,1" doraHai="25" who="1" fromWho="0" sc="174,-38,105,38,382,0,339,0" /><INIT seed="5,4,0,2,0,4" ten="136,143,382,339" oya="1" hai0="80,22,23,89,78,84,19,101,124,77,65,105,15" hai1="111,30,27,25,82,133,51,107,91,120,28,123,75" hai2="72,32,47,18,7,5,31,71,12,10,11,36,33" hai3="121,66,79,106,24,98,112,48,34,26,63,43,129"/><U119/><E119/><V131/><F71/><W92/><G121/><T109/><D109/><U52/><E107/><V69/><F69/><W38/><G38/><T93/><D124/><U85/><E133/><V20/><F72/><W42/><G106/><T116/><D116/><U118/><E118/><V68/><F68/><W117/><G117/><T76/><D65/><U113/><E113/><V14/><F131/><W57/><G129/><T110/><D110/><U103/><E103/><V134/><F134/><W0/><G0/><T102/><D105/><U94/><E111/><V73/><F73/><W70/><G70/><T40/><D40/><U44/><E75/><V130/><F130/><W95/><G34/><N who="2" m="13417" /><F47/><W67/><G79/><T54/><D54/><U1/><E1/><N who="2" m="303" /><F36/><W128/><G128/><T87/><REACH who="0" step="1"/><D23/><REACH who="0" ten="126,143,382,339" step="2"/><U53/><E53/><V56/><F56/><W97/><G57/><T135/><D135/><U88/><E123/><V13/><F31/><N who="1" m="11817" /><E120/><V39/><F39/><W46/><G67/><T45/><D45/><U61/><E61/><V86/><F86/><AGARI ba="4,1" hai="25,27,44,51,52,82,85,86,88,91,94" m="11817" machi="86" ten="30,5800,0" yaku="8,1,54,2" doraHai="4" who="1" fromWho="2" sc="126,0,143,80,382,-70,339,0" /><INIT seed="5,5,0,4,4,99" ten="126,223,312,339" oya="1" hai0="72,44,118,37,22,90,91,18,38,109,110,85,95" hai1="50,52,133,34,75,25,79,69,10,102,13,74,61" hai2="9,14,6,120,86,112,98,103,82,60,8,121,117" hai3="135,66,17,76,129,45,63,57,24,126,4,12,49"/><U62/><E133/><V32/><F117/><W78/><G129/><T21/><D118/><U108/><E108/><V68/><F32/><W134/><G126/><T53/><D72/><U1/><E1/><V122/><F68/><W54/><G135/><T119/><D119/><U36/><E36/><V115/><F60/><W0/><G134/><T15/><D53/><U111/><E111/><V65/><F65/><W30/><G4/><T73/><D73/><U20/><E34/><V100/><F9/><N who="3" m="6287" /><G0/><T125/><D125/><U27/><E27/><V80/><F80/><W93/><G93/><T123/><D123/><U114/><E114/><N who="2" m="43563" /><F98/><W127/><G127/><T26/><D44/><U55/><E75/><V43/><F43/><W88/><G88/><AGARI ba="5,0" hai="6,8,14,82,86,88,100,103,120,121,122" m="43563" machi="88" ten="40,8000,1" yaku="15,1,11,1,52,2,54,1" doraHai="99" who="2" fromWho="3" sc="126,0,223,0,312,95,339,-95" /><INIT seed="6,0,0,5,4,101" ten="126,223,407,244" oya="2" hai0="32,58,76,80,63,82,73,121,31,94,116,97,99" hai1="66,34,37,30,79,133,106,0,135,64,49,20,110" hai2="56,123,129,104,85,96,55,120,128,117,115,25,36" hai3="14,81,7,23,3,42,69,103,68,47,45,111,38"/><V105/><F36/><W132/><G111/><T8/><D121/><U1/><E37/><V5/><F115/><W130/><G14/><T75/><D116/><U127/><E110/><V16/><F5/><W43/><G23/><T65/><D32/><U39/><E39/><V92/><F117/><W44/><G44/><T98/><D31/><U6/><E34/><V118/><F118/><W10/><G130/><T114/><D8/><U72/><E127/><V59/><F85/><W4/><G4/><T90/><REACH who="0" step="1"/><D114/><REACH who="0" ten="116,223,407,244" step="2"/><U112/><E30/><V107/><F123/><W87/><G10/><T53/><D53/><U52/><E52/><V41/><F55/><W113/><G113/><T26/><D26/><U78/><E112/><V119/><F25/><W54/><G54/><T61/><D61/><U40/><E40/><V15/><F41/><W51/><G43/><T24/><D24/><U21/><E21/><V100/><F120/><W27/><G42/><T33/><D33/><U126/><E20/><V2/><F119/><W29/><G27/><T22/><D22/><U124/><E124/><V11/><F2/><W35/><G3/><T17/><D17/><U67/><E126/><V74/><F11/><W83/><G29/><T57/><D57/><U122/><E0/><V18/><F59/><W108/><G38/><T91/><D91/><U70/><E122/><V12/><F56/><W86/><G35/><T131/><D131/><U109/><E1/><V19/><F15/><W125/><G125/><T50/><D50/><U84/><E49/><V13/><F13/><W71/><G51/><RYUUKYOKU ba="0,1" sc="116,30,223,-10,407,-10,244,-10" hai0="58,63,65,73,75,76,80,82,90,94,97,98,99" /><INIT seed="7,1,1,5,5,34" ten="146,213,397,234" oya="3" hai0="28,121,8,42,91,60,51,84,127,62,3,119,79" hai1="48,66,99,73,43,1,33,80,29,105,54,98,95" hai2="38,94,132,5,108,120,47,39,96,44,83,130,21" hai3="123,16,32,27,35,37,67,92,111,69,115,12,2"/><W126/><G37/><T4/><D119/><U17/><E1/><V31/><F108/><W104/><G104/><T70/><D121/><U14/><E43/><V57/><F132/><W117/><G2/><T118/><D118/><U11/><E105/><V87/><F130/><W135/><G67/><T63/><D127/><U10/><E66/><V74/><F74/><W101/><G69/><T129/><D129/><U41/><E41/><V71/><F71/><W50/><G27/><T112/><D112/><U82/><E73/><V106/><F106/><W81/><G81/><T102/><D102/><U88/><E99/><V107/><F107/><W65/><G65/><T114/><D114/><U0/><E29/><V61/><F5/><W85/><G101/><T7/><D79/><U56/><REACH who="1" step="1"/><E33/><REACH who="1" ten="146,203,397,234" step="2"/><V6/><F120/><W90/><G35/><T109/><D109/><U22/><E22/><V53/><F39/><W19/><G32/><T23/><D7/><AGARI ba="1,2" hai="0,7,10,11,14,17,48,54,56,80,82,88,95,98" machi="7" ten="40,8000,1" yaku="1,1,52,1,54,1,53,2" doraHai="34" doraHaiUra="77" who="1" fromWho="0" sc="146,-83,203,103,397,0,234,0" owari="63,-44.0,306,11.0,397,50.0,234,-17.0" /></mjloggm>