<mjloggm ver="2.3"><GO type="169" lobby="0"/><UN n0="%66%75%6A%69%6D%75%72%61" n1="%E3%82%A6%E3%83%AB%E3%83%88%E3%83%A9%E7%AB%8B%E7%9B%B4" n2="%6A%75%6D%70%2D%75%70" n3="%E3%81%B6%E3%81%A3%E3%81%A8%E3%81%B3%E3%82%AB%E3%83%BC%E3%83%89" dan="16,17,17,17" rate="2147.80,2203.55,2188.36,2157.58" sx="M,M,M,M"/><TAIKYOKU oya="0"/><INIT seed="0,0,0,0,1,78" ten="250,250,250,250" oya="0" hai0="5,128,20,24,64,32,61,54,69,132,50,131,34" hai1="28,46,86,87,23,49,35,116,7,8,71,113,56" hai2="21,95,37,85,98,29,59,42,117,84,17,106,3" hai3="25,40,6,109,44,66,135,16,57,62,47,38,55"/><T13/><D132/><U2/><E71/><V129/><F106/><W111/><G135/><T93/><D93/><U77/><E116/><V99/><F3/><W79/><G6/><T126/><D126/><U39/><E113/><V92/><F129/><N who="0" m="49738" /><D13/><U70/><E70/><V119/><F29/><W15/><G25/><T68/><D68/><U11/><E11/><V9/><F9/><W110/><G79/><T1/><D5/><U0/><E0/><V127/><F59/><W125/><G125/><T74/><D74/><U36/><E56/><V65/><F42/><W133/><G133/><T63/><D63/><U60/><E60/><V108/><F37/><W94/><G94/><N who="2" m="35881" /><F65/><W31/><G31/><N who="0" m="17799" /><D1/><U81/><E35/><V4/><F4/><W115/><G115/><T96/><D96/><N who="2" m="36906" /><F108/><W100/><G100/><T48/><D48/><U18/><E28/><V83/><F127/><W52/><G47/><AGARI ba="0,0" hai="32,34,47,50,54,61,64,69" m="17799,49738" machi="47" ten="30,1500,0" yaku="19,1" doraHai="78" who="0" fromWho="3" sc="250,15,250,0,250,0,250,-15" /><INIT seed="0,1,0,5,2,93" ten="265,250,250,235" oya="0" hai0="52,102,48,112,51,31,39,70,96,11,94,97,90" hai1="1,17,29,59,76,75,79,45,98,114,91,82,55" hai2="66,87,71,81,113,88,78,6,72,68,9,132,22" hai3="121,83,46,120,23,19,65,103,80,26,84,100,53"/><T28/><D39/><U107/><E114/><V20/><F113/><W108/><G108/><T123/><D70/><U110/><E110/><V36/><F36/><W47/><G65/><T57/><D123/><N who="3" m="47177" /><G83/><T3/><D112/><U89/><E1/><V38/><F38/><W122/><N who="3" m="47185" /><W69/><DORA hai="42" /><G69/><T106/><REACH who="0" step="1"/><D51/><REACH who="0" ten="255,250,250,235" step="2"/><U130/><E130/><V13/><F71/><W10/><G10/><T0/><D0/><U4/><E76/><V104/><F68/><W129/><G129/><T43/><D43/><U85/><E79/><V15/><F78/><N who="3" m="46103" /><G53/><T54/><D54/><U63/><E55/><V33/><F9/><W74/><G74/><T5/><AGARI ba="1,1" hai="3,5,11,28,31,48,52,57,90,94,96,97,102,106" machi="5" ten="30,12000,1" yaku="1,1,0,1,52,2,54,1,53,0" doraHai="93,42" doraHaiUra="58,134" who="0" fromWho="0" sc="255,133,250,-41,250,-41,235,-41" /><INIT seed="0,2,0,1,2,112" ten="388,209,209,194" oya="0" hai0="21,2,56,70,61,83,102,48,60,64,107,44,82" hai1="90,135,75,24,103,117,122,29,132,7,134,129,118" hai2="101,36,31,106,42,10,77,6,58,98,130,66,33" hai3="97,96,35,50,124,125,32,86,67,87,100,41,94"/><T46/><D2/><U115/><E115/><V9/><F130/><W76/><G67/><T1/><D1/><U131/><E122/><V53/><F66/><W119/><G76/><T57/><D107/><U55/><E75/><V25/><F77/><W15/><G15/><T22/><D70/><U111/><E111/><V126/><F126/><N who="3" m="48747" /><G97/><T69/><D69/><U73/><E73/><V85/><F85/><N who="3" m="32267" /><G119/><N who="1" m="45578" /><E90/><V5/><F42/><W12/><G12/><T114/><D114/><U17/><E103/><V93/><F36/><W72/><G72/><T54/><D102/><U123/><E123/><V110/><F110/><W38/><G38/><T51/><D64/><U18/><E7/><V43/><F43/><W116/><G116/><T88/><REACH who="0" step="1"/><D54/><REACH who="0" ten="378,209,209,194" step="2"/><U80/><E55/><V81/><F106/><W105/><G105/><T52/><D52/><U89/><E89/><AGARI ba="2,1" hai="21,22,44,46,48,51,56,57,60,61,82,83,88,89" machi="89" ten="25,18000,2" yaku="1,1,22,2,8,1,54,1,53,2" doraHai="112" doraHaiUra="79" who="0" fromWho="1" sc="378,196,209,-186,209,0,194,0" /><INIT seed="0,3,0,0,0,113" ten="574,23,209,194" oya="0" hai0="47,69,13,23,3,38,121,64,49,36,131,61,123" hai1="97,4,37,112,67,17,103,122,56,41,11,79,104" hai2="14,83,101,55,108,107,10,116,45,63,29,9,90" hai3="102,118,58,82,35,92,48,65,7,32,117,24,100"/><T81/><D3/><U126/><E122/><V94/><F108/><W77/><G7/><T86/><D131/><U30/><E126/><V26/><F107/><W96/><G102/><T40/><D38/><U34/><E112/><V12/><F116/><W130/><G130/><T87/><D87/><U111/><E111/><V46/><F101/><W98/><G98/><T50/><D50/><U109/><E109/><V85/><F26/><W105/><G105/><T89/><D23/><U6/><E79/><V84/><F29/><W33/><G24/><T76/><D89/><U128/><E128/><V52/><F63/><W88/><G100/><T93/><D93/><U15/><E30/><V39/><F39/><W42/><G65/><T114/><D114/><U106/><E34/><V1/><F1/><W115/><G115/><T75/><D75/><U21/><E106/><V133/><F133/><W19/><G19/><T135/><D135/><U99/><E99/><V5/><F46/><W78/><G78/><T8/><REACH who="0" step="1"/><D36/><REACH who="0" ten="564,23,209,194" step="2"/><U28/><E28/><V132/><F132/><W70/><G35/><T62/><D62/><N who="1" m="38343" /><E21/><V18/><F45/><W57/><G33/><T74/><D74/><U91/><E91/><AGARI ba="3,1" hai="5,9,10,12,14,18,52,55,83,84,85,90,91,94" machi="91" ten="30,3900,0" yaku="7,1,8,1,54,1" doraHai="113" who="2" fromWho="1" sc="564,0,23,-48,209,58,194,0" owari="564,67.0,-25,-53.0,267,7.0,194,-21.0" /></mjloggm>