<mjloggm ver="2.3"><GO type="41" lobby="0"/><UN n0="%E9%BA%BB%E7%8E%8B" n1="%E3%82%A4%E3%83%BB%E3%82%AC%E3%83%B3%E3%83%A2" n2="%E5%B0%B1%E6%B4%BB%E7%94%9F%40%E5%B7%9D%E6%9D%91%E8%BB%8D%E5%9B%A3" n3="%74%63%6B%6F%37%39" dan="13,13,17,13" rate="1892.57,1901.36,2151.38,1984.17" sx="M,M,M,M"/><TAIKYOKU oya="0"/><INIT seed="0,0,0,4,3,98" ten="250,250,250,250" oya="0" hai0="27,24,129,19,80,73,87,76,38,52,67,133,109" hai1="122,106,39,9,33,130,58,125,131,105,94,28,83" hai2="41,57,72,126,84,71,102,134,123,44,15,46,79" hai3="2,114,110,120,54,100,59,116,23,82,50,124,112"/><T101/><D38/><U55/><E122/><V60/><F72/><W77/><G2/><T90/><D133/><U61/><E39/><V14/><F123/><W91/><G116/><T40/><D129/><N who="1" m="49163" /><E125/><V66/><F134/><W11/><G124/><T128/><D128/><U5/><E83/><V49/><F126/><W135/><G135/><T12/><D109/><U6/><E33/><V118/><F118/><W68/><G120/><T75/><D40/><U22/><E22/><V65/><F65/><W20/><G110/><T70/><D75/><U64/><E28/><V78/><F71/><W26/><G11/><T121/><D121/><U127/><E127/><V63/><F63/><W31/><G68/><T4/><D4/><N who="1" m="1643" /><E9/><V89/><F46/><W1/><G1/><T25/><D70/><U18/><E18/><V132/><F132/><W119/><G20/><T107/><D67/><U43/><E43/><V62/><F62/><W30/><G30/><T96/><D52/><U117/><E117/><V97/><F15/><W113/><G77/><T103/><D19/><U7/><N who="1" m="1651" /><U34/><DORA hai="53" /><E34/><V81/><REACH who="2" step="1"/><F14/><REACH who="2" ten="250,250,240,250" step="2"/><W69/><G69/><T47/><D12/><U51/><E64/><V99/><F99/><W45/><G119/><T10/><D47/><U92/><E61/><V8/><F8/><W108/><G45/><T93/><D10/><U0/><E0/><V88/><F88/><W32/><G108/><T95/><D107/><AGARI ba="0,1" hai="51,55,58,92,94,105,106,107" m="1651,49163" machi="107" ten="40,2600,0" yaku="19,1,52,1" doraHai="98,53" who="1" fromWho="0" sc="250,-26,250,36,240,0,250,0" /><AGARI ba="0,0" hai="41,44,49,57,60,66,78,79,81,84,89,97,102,107" machi="107" ten="30,8000,1" yaku="1,1,7,1,52,2,53,1" doraHai="98,53" doraHaiUra="56,16" who="2" fromWho="0" sc="224,-80,286,0,240,80,250,0" /><INIT seed="1,0,0,1,5,127" ten="144,286,320,250" oya="1" hai0="56,66,22,40,112,35,5,99,126,78,80,93,124" hai1="55,44,91,120,54,21,8,87,132,109,135,2,33" hai2="1,52,97,26,101,61,107,134,67,49,71,86,11" hai3="68,72,19,70,106,46,42,0,111,117,47,79,77"/><U15/><E120/><V104/><F134/><W4/><G106/><T27/><D35/><U57/><E33/><V75/><F75/><W123/><G123/><T6/><D112/><U82/><E2/><V53/><F107/><W59/><G111/><T30/><D40/><U43/><E109/><V69/><F69/><W45/><G117/><T64/><D126/><U76/><E21/><V94/><F86/><W102/><G102/><T83/><D124/><U81/><E135/><V28/><F94/><W90/><G42/><T29/><D29/><U98/><E98/><V122/><F122/><W32/><G32/><T113/><D113/><U119/><E119/><V20/><F1/><W118/><G4/><T73/><D83/><U114/><E114/><V36/><F36/><W88/><G118/><T13/><D13/><U105/><E105/><V84/><F11/><W125/><G0/><T37/><D37/><U23/><E23/><V108/><F108/><W58/><G46/><T60/><REACH who="0" step="1"/><D66/><REACH who="0" ten="134,286,320,250" step="2"/><U121/><E121/><V16/><F28/><W25/><G125/><T12/><D12/><U133/><E133/><V14/><F14/><W39/><G39/><T128/><D128/><U34/><E34/><V65/><F65/><W10/><G25/><T18/><D18/><N who="1" m="8551" /><E132/><V7/><F7/><W38/><G38/><T131/><D131/><U100/><E81/><V3/><F3/><W50/><G10/><T110/><D110/><U116/><E116/><V115/><F115/><W74/><G19/><T41/><D41/><U51/><E82/><V31/><F31/><W95/><G95/><RYUUKYOKU ba="0,1" sc="134,15,286,-15,320,-15,250,15" hai0="5,6,22,27,30,56,60,64,73,78,80,93,99" hai3="45,47,50,58,59,68,70,72,74,77,79,88,90" /><INIT seed="2,1,1,3,0,99" ten="149,271,305,265" oya="2" hai0="96,28,30,39,71,107,19,1,68,105,102,7,106" hai1="73,100,16,115,10,112,116,63,80,50,54,104,65" hai2="94,128,25,33,55,109,66,12,121,131,130,6,18" hai3="125,32,43,82,88,45,56,11,20,13,0,47,92"/><V110/><F66/><W119/><G32/><T97/><D39/><U89/><E116/><V31/><F55/><W59/><G119/><T98/><D19/><U90/><E73/><V108/><F94/><W76/><G125/><T21/><D7/><U51/><E115/><V42/><F42/><W75/><G20/><T79/><D79/><U40/><E112/><V26/><F121/><W44/><G0/><T62/><D1/><U29/><E29/><V4/><F26/><W126/><G43/><T49/><D49/><U127/><E127/><V17/><F17/><W27/><G27/><T60/><D21/><AGARI ba="1,1" hai="4,6,12,18,21,25,31,33,108,109,110,128,130,131" machi="21" ten="50,18000,2" yaku="14,1,10,1,19,1,34,3" doraHai="99" who="2" fromWho="0" sc="149,-183,271,0,305,193,265,0" owari="-34,-53.0,271,7.0,498,59.0,265,-13.0" /></mjloggm>