<mjloggm ver="2.3"><GO type="169" lobby="0"/><UN n0="%E5%B0%B1%E6%B4%BB%E7%94%9F%40%E5%B7%9D%E6%9D%91%E8%BB%8D%E5%9B%A3" n1="%E3%81%9F%E3%81%A4%E3%81%8D%E3%82%80%E3%81%A8%E3%82%93" n2="%E7%A0%B2%E3%81%AE%E4%B8%8A%E3%81%AE%E3%81%82%E3%81%AE%E5%A8%98" n3="%E3%83%AD%E3%83%83%E3%83%86%E9%9B%80%E7%90%83" dan="17,16,16,18" rate="2206.48,2131.87,2106.36,2212.94" sx="M,M,F,M"/><TAIKYOKU oya="0"/><INIT seed="0,0,0,5,2,91" ten="250,250,250,250" oya="0" hai0="27,70,0,114,48,25,127,96,63,74,33,119,79" hai1="66,116,24,97,20,13,73,36,11,22,54,111,85" hai2="35,134,28,67,14,107,121,3,106,12,105,47,29" hai3="94,93,101,129,37,61,17,46,40,23,31,50,87"/><T124/><D0/><U7/><E73/><V130/><F121/><W108/><G108/><T39/><D39/><U38/><E111/><V57/><F3/><W9/><G129/><T90/><D119/><U18/><E116/><V45/><F130/><W71/><G101/><T135/><D114/><U32/><E66/><V83/><F83/><W72/><G72/><T62/><D79/><U53/><E38/><V117/><F117/><W112/><G112/><T19/><D74/><U64/><E36/><V95/><F95/><N who="3" m="36363" /><G71/><T68/><D48/><U122/><E64/><V128/><F134/><W2/><G2/><T52/><D90/><U103/><E85/><V131/><F57/><W82/><G37/><T125/><D96/><U89/><E89/><V15/><F67/><W113/><G113/><T110/><D110/><U42/><E42/><V4/><F4/><W99/><G99/><T98/><D98/><U126/><E122/><V59/><F59/><W81/><G61/><T6/><D135/><U133/><E133/><V115/><F115/><W109/><G109/><T41/><D68/><U84/><E97/><V78/><F78/><N who="3" m="46519" /><G82/><T5/><D70/><U16/><E103/><V104/><N who="2" m="26624" /><DORA hai="26" /><V100/><F35/><W30/><G9/><T92/><D33/><U44/><E32/><V56/><F100/><W55/><G40/><T132/><D41/><U77/><E84/><V69/><F69/><W49/><G49/><T60/><D132/><U58/><E77/><V120/><F120/><W86/><G86/><T123/><D123/><U8/><E8/><V34/><F131/><RYUUKYOKU ba="0,0" sc="250,-10,250,-10,250,-10,250,30" hai3="17,23,30,31,46,50,55" /><INIT seed="1,1,0,0,4,125" ten="240,240,240,280" oya="1" hai0="70,9,79,123,26,126,105,87,71,122,6,23,98" hai1="22,53,75,1,10,120,50,103,52,94,8,69,32" hai2="54,104,56,83,80,13,100,12,134,96,28,49,89" hai3="42,95,111,2,63,114,127,93,62,107,88,55,0"/><U57/><E120/><N who="0" m="46121" /><D126/><U74/><E32/><V116/><F134/><W133/><G107/><T5/><D79/><U33/><E33/><V76/><F116/><W51/><G114/><T65/><D87/><U31/><E69/><N who="0" m="26121" /><D65/><U109/><E109/><V48/><F28/><W4/><G111/><T37/><D37/><U117/><E117/><V7/><F7/><W132/><G4/><T110/><D110/><U112/><E112/><V24/><F24/><W66/><G127/><T81/><D81/><U41/><E41/><V25/><F25/><W34/><G42/><T85/><D85/><U43/><E43/><V90/><F48/><W108/><G108/><T29/><D9/><U59/><E1/><V46/><F46/><W21/><G66/><T128/><D128/><U15/><E8/><V119/><F119/><W40/><G40/><T20/><D23/><U14/><E75/><V124/><F124/><W35/><G21/><T84/><D84/><U77/><E77/><V113/><F113/><W68/><G68/><T64/><D64/><U3/><E3/><V131/><F131/><W11/><G11/><T82/><D82/><U47/><E74/><N who="2" m="43031" /><F83/><W135/><G135/><T78/><D78/><U102/><E10/><V86/><F86/><W61/><G61/><T18/><D29/><U60/><E47/><V45/><F45/><W118/><G118/><T17/><D17/><U58/><E58/><V92/><F104/><W129/><G129/><T106/><D106/><U130/><E130/><V44/><F44/><W16/><G133/><T19/><D19/><U72/><E31/><RYUUKYOKU ba="1,0" sc="240,15,240,-15,240,15,280,-15" hai0="5,6,18,20,26,98,105" hai2="12,13,49,54,56,89,90,92,96,100" /><INIT seed="2,2,0,2,0,84" ten="255,225,255,265" oya="2" hai0="68,108,53,107,125,48,19,8,81,34,82,120,58" hai1="66,89,123,87,130,116,96,15,36,80,104,78,7" hai2="45,67,55,54,24,30,61,70,47,40,76,14,117" hai3="88,113,12,101,38,131,62,133,122,50,46,124,64"/><V5/><F117/><W69/><G122/><T18/><D107/><U57/><E36/><V85/><F76/><W20/><G124/><T112/><D34/><U71/><E71/><V106/><F106/><W126/><G126/><T129/><D125/><U92/><E116/><V90/><F14/><W0/><G0/><T77/><D68/><U91/><E123/><V10/><F10/><W52/><G133/><T26/><D112/><U33/><E33/><V75/><F5/><W35/><G35/><T83/><D120/><U121/><E104/><V135/><F75/><W119/><G101/><T31/><D129/><U99/><E130/><V22/><F135/><W60/><G131/><T16/><D108/><U17/><E7/><V23/><F23/><W28/><G119/><T102/><D102/><N who="1" m="60679" /><E99/><V93/><REACH who="2" step="1"/><F47/><REACH who="2" ten="255,225,245,265" step="2"/><W105/><G105/><T127/><D127/><U56/><E121/><V37/><AGARI ba="2,1" hai="22,24,30,37,40,45,54,55,61,67,70,85,90,93" machi="37" ten="20,18000,2" yaku="1,1,2,1,0,1,7,1,52,1,53,2" doraHai="84" doraHaiUra="49" who="2" fromWho="2" sc="255,-62,225,-62,245,196,265,-62" /><INIT seed="2,3,0,2,5,59" ten="193,163,441,203" oya="2" hai0="89,61,76,24,127,114,115,17,82,93,16,92,9" hai1="60,108,22,116,104,120,4,10,71,7,1,125,122" hai2="23,75,58,132,67,79,46,126,33,8,101,74,31" hai3="19,85,131,102,73,12,13,63,57,83,103,134,45"/><V3/><F33/><W29/><G134/><T49/><D127/><U35/><E116/><V109/><F126/><W112/><G131/><T111/><D111/><U90/><E125/><V81/><F109/><W119/><G119/><T77/><D49/><U65/><E108/><V30/><F132/><W42/><G73/><T11/><D24/><U52/><E7/><V15/><F101/><W128/><G29/><T18/><D89/><U69/><E69/><V48/><F74/><W97/><G128/><T105/><D82/><U39/><E35/><V84/><F75/><W135/><G112/><N who="0" m="43051" /><D61/><U27/><E39/><V38/><F38/><W88/><G135/><T72/><D72/><U36/><E36/><V28/><F3/><W62/><G57/><T68/><D105/><U55/><E90/><V110/><F110/><W21/><G12/><T14/><D14/><U98/><E98/><V91/><F91/><W0/><G0/><T117/><D68/><U107/><E107/><V41/><F23/><W25/><G13/><T32/><D32/><U47/><E104/><V95/><F95/><N who="0" m="36426" /><D117/><U94/><E94/><V40/><F40/><W64/><G64/><T130/><D130/><U123/><REACH who="1" step="1"/><E47/><REACH who="1" ten="193,153,441,203" step="2"/><V6/><F58/><W2/><G97/><T66/><D66/><AGARI ba="3,1" hai="6,8,15,28,30,31,41,46,48,66,67,79,81,84" machi="66" ten="40,7700,0" yaku="25,2,8,1" doraHai="59" who="2" fromWho="0" sc="193,-86,153,0,441,96,203,0" /><INIT seed="2,4,0,5,4,57" ten="107,153,537,203" oya="2" hai0="27,20,95,13,2,53,80,41,128,8,87,63,23" hai1="43,100,4,79,113,131,19,46,101,73,37,108,72" hai2="129,67,66,117,29,56,75,69,115,12,116,107,83" hai3="26,6,127,3,51,35,93,74,102,121,22,21,91"/><V135/><F115/><W82/><G121/><T109/><D2/><U110/><E113/><V106/><F69/><W98/><G127/><T122/><D122/><U34/><E131/><V5/><F129/><W40/><G35/><T39/><D128/><U38/><E38/><V33/><F135/><W59/><G3/><T68/><D109/><N who="1" m="42091" /><E34/><V65/><F56/><W94/><G6/><T70/><D41/><U111/><E111/><V96/><F29/><W126/><G126/><T25/><D39/><U18/><E4/><V77/><F33/><W11/><G11/><T0/><D0/><U61/><E61/><V30/><F117/><W1/><G1/><T60/><D70/><U132/><E132/><V78/><F116/><W103/><G74/><N who="1" m="28778" /><E79/><V58/><F78/><W17/><G82/><T71/><D71/><U119/><E119/><V28/><F83/><W99/><G22/><N who="0" m="8235" /><D53/><U44/><E44/><V120/><F5/><W49/><G40/><T89/><D68/><U10/><E10/><V134/><F134/><W84/><REACH who="3" step="1"/><G59/><REACH who="3" ten="107,153,537,193" step="2"/><T36/><D36/><U24/><E24/><N who="0" m="9289" /><D80/><U15/><E15/><V52/><F12/><W16/><G16/><AGARI ba="4,1" hai="8,13,16,60,63,87,89,95" m="9289,8235" machi="16" ten="30,7700,0" yaku="8,1,52,2,54,1" doraHai="57" who="0" fromWho="3" sc="107,99,153,0,537,0,193,-89" /><AGARI ba="4,0" hai="16,18,19,37,43,46,100,101" m="28778,42091" machi="16" ten="30,2000,0" yaku="14,1,54,1" doraHai="57" who="1" fromWho="3" sc="206,0,153,20,537,0,104,-20" /><INIT seed="3,0,0,3,5,58" ten="206,173,537,84" oya="3" hai0="82,22,55,135,107,96,15,63,89,76,105,67,47" hai1="100,83,101,54,14,8,61,106,31,86,34,10,78" hai2="102,115,16,133,27,48,119,5,84,36,3,121,124" hai3="110,93,53,97,62,92,134,108,11,126,45,104,60"/><W94/><G126/><T17/><D135/><U69/><E106/><V71/><F36/><W111/><G134/><T49/><D96/><U39/><E39/><V0/><F133/><W29/><G29/><T12/><D89/><U40/><E40/><V46/><F48/><N who="3" m="28815" /><G11/><T88/><D15/><U125/><E125/><V59/><F59/><W120/><G120/><T77/><D77/><U20/><E34/><V57/><F57/><W81/><G81/><T85/><REACH who="0" step="1"/><D76/><REACH who="0" ten="196,173,537,84" step="2"/><U4/><E14/><V122/><F124/><W99/><G99/><T98/><D98/><U112/><E78/><V127/><F127/><W113/><G113/><T21/><D21/><U109/><E112/><V52/><F115/><W24/><G24/><T23/><D23/><U79/><E20/><V73/><F27/><W13/><G13/><T30/><D30/><U44/><E31/><V25/><F25/><W37/><G37/><T26/><D26/><U64/><E79/><V75/><F122/><W19/><G19/><T131/><D131/><U66/><E101/><AGARI ba="0,1" hai="60,62,92,93,94,97,101,104,108,110,111" m="28815" machi="101" ten="40,12000,1" yaku="14,1,10,1,52,2" doraHai="58" who="3" fromWho="1" sc="196,0,173,-120,537,0,84,130" /><INIT seed="3,1,0,4,2,50" ten="196,53,537,214" oya="3" hai0="69,106,70,13,67,54,98,122,124,18,3,109,64" hai1="19,94,114,83,132,36,38,63,79,68,8,20,40" hai2="10,102,22,107,56,92,53,97,133,82,43,5,87" hai3="6,89,7,16,130,99,121,131,58,27,12,26,103"/><W46/><G121/><T96/><D3/><U59/><E68/><V4/><F43/><W91/><G46/><T49/><D122/><U39/><E114/><V129/><F129/><N who="3" m="49163" /><G27/><T61/><D109/><U101/><E132/><V32/><F32/><W135/><G26/><T117/><D124/><U55/><E8/><V48/><F133/><W105/><G135/><T23/><D106/><U116/><E116/><V134/><F134/><W34/><G34/><T75/><D75/><U14/><E101/><V45/><F22/><N who="3" m="11527" /><G58/><T71/><D117/><U57/><E94/><V72/><F72/><W111/><G111/><T125/><D125/><U90/><E90/><AGARI ba="1,0" hai="6,7,89,90,91,99,103,105" m="11527,49163" machi="90" ten="30,2900,0" yaku="19,1,54,1" doraHai="50" who="3" fromWho="1" sc="196,0,53,-32,537,0,214,32" /><INIT seed="3,2,0,4,0,7" ten="196,21,537,246" oya="3" hai0="89,135,118,24,40,49,45,37,57,16,41,52,33" hai1="70,112,32,82,0,84,131,48,6,90,47,93,15" hai2="125,97,73,79,61,94,39,119,44,120,67,29,76" hai3="20,95,1,46,42,88,86,18,13,56,81,31,100"/><W60/><G1/><T36/><D118/><U104/><E112/><V75/><F119/><W127/><G127/><T102/><D135/><U113/><E113/><V27/><F125/><W12/><G31/><T126/><D126/><U25/><E131/><V19/><F19/><W83/><G100/><T130/><D102/><U92/><E0/><V71/><F120/><W133/><G12/><T8/><D130/><U115/><E115/><V78/><F44/><W54/><REACH who="3" step="1"/><G133/><REACH who="3" ten="196,21,537,236" step="2"/><T21/><D33/><U50/><E104/><V58/><F29/><W11/><G11/><T121/><D121/><U65/><E32/><V34/><F34/><W107/><G107/><T98/><D8/><N who="1" m="4503" /><E70/><V80/><F71/><W114/><G114/><T117/><D117/><U111/><E111/><V85/><F27/><W17/><G17/><T96/><D89/><U101/><E65/><V43/><F67/><W55/><G55/><T35/><D35/><U72/><E72/><V116/><F73/><W122/><G122/><T14/><D14/><U74/><E74/><V68/><F75/><W62/><G62/><T123/><D123/><U5/><E5/><V87/><F68/><W63/><G63/><T30/><D30/><U124/><E124/><V3/><F3/><W4/><G4/><T69/><D69/><U99/><E25/><V9/><F116/><W59/><G59/><T10/><D10/><U128/><E128/><V22/><F9/><W134/><G134/><T91/><D91/><N who="1" m="51607" /><E47/><AGARI ba="2,1" hai="16,21,24,36,37,40,41,45,47,49,52,57,96,98" machi="47" ten="40,5200,0" yaku="9,1,54,2" doraHai="7" who="0" fromWho="1" sc="196,68,21,-58,537,0,236,0" owari="264,6.0,-37,-54.0,537,64.0,236,-16.0" /></mjloggm>