<mjloggm ver="2.3"><GO type="169" lobby="0"/><UN n0="%73%61%63%68%69%6F" n1="%E3%82%A6%E3%83%AB%E3%83%88%E3%83%A9%E7%AB%8B%E7%9B%B4" n2="%E9%BB%92%E7%8C%AB%40%E3%81%BA%E3%82%8D%E3%81%BA%E3%82%8D%E2%98%86" n3="%E5%BF%83%E6%BB%85" dan="16,18,18,17" rate="2164.28,2221.13,2175.06,2243.29" sx="M,M,F,M"/><TAIKYOKU oya="0"/><INIT seed="0,0,0,2,4,134" ten="250,250,250,250" oya="0" hai0="72,34,133,58,109,18,62,75,107,78,52,23,55" hai1="26,63,71,92,85,60,39,97,95,0,83,12,119" hai2="8,64,31,15,3,96,117,105,73,24,51,29,91" hai3="90,20,118,32,98,36,13,106,50,46,82,57,77"/><T115/><D107/><U67/><E0/><V116/><F3/><W121/><G118/><N who="2" m="45673" /><F73/><W86/><G32/><T100/><D115/><U22/><E39/><V30/><F51/><W87/><G121/><T42/><D34/><U112/><E119/><V17/><F64/><W49/><G106/><T113/><D113/><U45/><E45/><V40/><F40/><W65/><G98/><T88/><D42/><U44/><E44/><V127/><F91/><W79/><G36/><T66/><D133/><U94/><E12/><V5/><F96/><W6/><G87/><T130/><D100/><U80/><E63/><V74/><F74/><W68/><G68/><T43/><D43/><U102/><E112/><V99/><F99/><W104/><G104/><T54/><D130/><U124/><E97/><V38/><F38/><W89/><G89/><T103/><D103/><U11/><E83/><V93/><F93/><W84/><G84/><T128/><D128/><U21/><E80/><V135/><F105/><W110/><G49/><T27/><D78/><U123/><E85/><V59/><F59/><W41/><G57/><T101/><D101/><U25/><E123/><V1/><F135/><W129/><G65/><T33/><D33/><U125/><E102/><V47/><F47/><W114/><G129/><T76/><D76/><N who="3" m="29257" /><G114/><T69/><D69/><U56/><E71/><V122/><F122/><W53/><G41/><T131/><D131/><U70/><E70/><V108/><F108/><W37/><G110/><T132/><D109/><U19/><E67/><V14/><F127/><W111/><G111/><RYUUKYOKU ba="0,0" sc="250,-10,250,-10,250,30,250,-10" hai2="1,5,8,14,15,17,24,29,30,31" /><INIT seed="1,1,0,4,3,52" ten="240,240,280,240" oya="1" hai0="8,24,82,51,71,130,36,56,19,74,31,103,55" hai1="64,6,7,117,13,28,73,34,44,2,33,122,109" hai2="92,3,38,48,125,119,108,41,123,76,72,10,133" hai3="66,105,25,12,29,89,96,131,69,126,53,50,124"/><U20/><E73/><V39/><F119/><W16/><G131/><T22/><D71/><U15/><E64/><V90/><F123/><W4/><G4/><N who="1" m="1578" /><E44/><V54/><F41/><W1/><G1/><T49/><D36/><U104/><E104/><V35/><F10/><W87/><G66/><T18/><D130/><U21/><E122/><V111/><F3/><W85/><G69/><T120/><D120/><U30/><E2/><V46/><F35/><N who="1" m="13321" /><E117/><V102/><F102/><W42/><G42/><T75/><D103/><U114/><E114/><V107/><F107/><W98/><G87/><T65/><D65/><U63/><E63/><V80/><F38/><W0/><G0/><T79/><D75/><U127/><E127/><V93/><F125/><W60/><G60/><T116/><D116/><U62/><E62/><V95/><F39/><W106/><G106/><T59/><D8/><U67/><E67/><V84/><REACH who="2" step="1"/><F133/><REACH who="2" ten="240,240,270,240" step="2"/><W118/><G105/><T45/><REACH who="0" step="1"/><D51/><REACH who="0" ten="230,240,270,240" step="2"/><U134/><E134/><V37/><F37/><W86/><G126/><T27/><D27/><N who="1" m="16487" /><E109/><AGARI ba="1,2" hai="46,48,54,72,76,80,84,90,92,93,95,108,109,111" machi="109" ten="40,2600,0" yaku="1,1,14,1,53,0" doraHai="52" doraHaiUra="135" who="2" fromWho="1" sc="230,0,240,-29,270,49,240,0" /><INIT seed="2,0,0,0,3,33" ten="230,211,319,240" oya="2" hai0="99,100,44,30,1,122,76,65,53,13,70,104,49" hai1="55,131,26,124,14,18,37,115,64,120,50,125,95" hai2="27,43,21,94,89,80,12,98,84,48,108,3,5" hai3="116,11,52,62,97,127,87,135,74,119,77,25,38"/><V31/><F108/><W114/><G74/><T117/><D122/><U36/><E115/><V123/><F123/><W75/><G114/><T130/><D130/><U90/><E64/><V34/><F43/><W41/><G75/><T71/><D117/><U102/><E26/><V45/><F3/><W82/><G135/><T110/><D110/><U134/><E102/><V73/><F73/><W15/><G127/><N who="1" m="48714" /><E120/><V4/><F12/><W133/><G133/><T16/><D76/><U132/><E131/><V72/><F72/><W19/><G97/><T56/><D30/><U96/><E132/><V107/><F107/><W46/><REACH who="3" step="1"/><G25/><REACH who="3" ten="230,211,319,230" step="2"/><T83/><D71/><U128/><E134/><V59/><F34/><W85/><G85/><T57/><D70/><U28/><E128/><V66/><F84/><W112/><G112/><T92/><D104/><U22/><E28/><V105/><F105/><W78/><G78/><T81/><D65/><U93/><E93/><V17/><F31/><W91/><G91/><T68/><D68/><U54/><E54/><N who="2" m="29967" /><F80/><N who="0" m="30794" /><D1/><U35/><E35/><V60/><AGARI ba="0,1" hai="4,5,17,21,27,59,60,66,89,94,98" m="29967" machi="60" ten="30,1500,0" yaku="8,1" doraHai="33" who="2" fromWho="2" sc="230,-5,211,-5,319,25,230,-5" /><INIT seed="2,1,0,5,4,31" ten="225,206,344,225" oya="2" hai0="2,70,40,123,76,47,101,11,102,95,131,17,132" hai1="51,29,56,55,18,80,30,112,19,57,90,36,85" hai2="1,103,98,94,66,63,35,74,75,129,97,4,124" hai3="14,83,118,60,37,28,86,49,77,111,62,89,0"/><V125/><F129/><W96/><G118/><T73/><D123/><U22/><E36/><V93/><F4/><W59/><G0/><T6/><D132/><U58/><E112/><V134/><F1/><W38/><G111/><T9/><D9/><U27/><REACH who="1" step="1"/><E30/><REACH who="1" ten="225,196,344,225" step="2"/><V119/><F119/><W92/><G38/><T84/><D131/><U135/><E135/><V21/><F134/><W113/><G37/><T99/><D70/><U25/><E25/><V130/><F130/><W7/><G113/><T116/><D116/><U79/><E79/><V23/><F125/><W100/><G28/><T121/><D121/><U33/><E33/><V105/><F35/><W108/><G108/><T115/><D115/><U122/><E122/><V50/><F124/><W44/><G77/><T12/><D73/><U5/><E5/><V15/><F74/><W46/><G7/><T3/><D6/><U45/><AGARI ba="1,1" hai="18,19,22,27,29,45,51,55,56,57,58,80,85,90" machi="45" ten="30,4000,0" yaku="1,1,0,1,8,1,53,0" doraHai="31" doraHaiUra="68" who="1" fromWho="1" sc="225,-11,196,53,344,-21,225,-11" /><INIT seed="3,0,0,2,4,27" ten="214,249,323,214" oya="3" hai0="113,3,87,22,14,51,65,31,17,134,6,88,76" hai1="43,54,20,44,82,131,16,94,122,99,60,39,81" hai2="85,109,115,119,26,124,64,37,102,111,66,74,9" hai3="56,18,67,70,105,52,30,86,92,49,4,59,110"/><W50/><G105/><T53/><D134/><U96/><E131/><V132/><F74/><W116/><G116/><T98/><D113/><U128/><E128/><V129/><F129/><W103/><G70/><T135/><D135/><U72/><E72/><V118/><F132/><W23/><G110/><T2/><D65/><N who="2" m="25194" /><F37/><W57/><G4/><T8/><D76/><U89/><E99/><V13/><F115/><W38/><G38/><T97/><D2/><U125/><E125/><V24/><F102/><W55/><G67/><T33/><D53/><U42/><E42/><V40/><F85/><W107/><G107/><T112/><D51/><U58/><REACH who="1" step="1"/><E122/><REACH who="1" ten="214,239,323,214" step="2"/><V15/><F40/><W73/><G73/><T36/><D112/><U41/><E41/><V61/><F124/><W104/><G104/><T130/><D130/><U35/><E35/><V80/><F118/><W34/><G34/><T126/><D126/><U25/><AGARI ba="0,1" hai="16,20,25,39,43,44,54,58,60,81,82,89,94,96" machi="25" ten="20,12000,2" yaku="1,1,0,1,7,1,25,2,54,1,53,1" doraHai="27" doraHaiUra="48" who="1" fromWho="1" sc="214,-30,239,130,323,-30,214,-60" /><INIT seed="4,0,0,4,2,101" ten="184,369,293,154" oya="0" hai0="13,100,75,67,119,107,134,97,38,111,103,6,57" hai1="27,63,112,76,59,85,130,5,23,61,131,104,86" hai2="47,90,58,35,96,73,114,60,14,51,121,109,50" hai3="98,0,80,99,79,115,81,31,125,106,74,8,30"/><T91/><D38/><U42/><E5/><V66/><F109/><W84/><G115/><T45/><D119/><U127/><E42/><V65/><F73/><W11/><G125/><T18/><D75/><U53/><E104/><V133/><F121/><W55/><G55/><T108/><D6/><U17/><E127/><V34/><F65/><W24/><G0/><T132/><D91/><U110/><E110/><N who="0" m="42025" /><D103/><U72/><E63/><V33/><F114/><W36/><G36/><T62/><D45/><U94/><E94/><V25/><F96/><W12/><G31/><T21/><AGARI ba="0,0" hai="13,18,21,57,62,67,97,100,107,132,134" m="42025" machi="21" ten="30,3000,0" yaku="10,1,52,1" doraHai="101" who="0" fromWho="0" sc="184,30,369,-10,293,-10,154,-10" /><INIT seed="4,1,0,3,5,95" ten="214,359,283,144" oya="0" hai0="126,132,47,67,59,63,15,22,10,44,90,114,104" hai1="88,23,125,48,96,32,68,127,105,66,52,134,79" hai2="3,19,5,115,1,93,64,45,77,24,38,74,9" hai3="16,108,131,75,135,40,129,39,103,20,53,89,46"/><T130/><D114/><U41/><E32/><V120/><F1/><W35/><G35/><T76/><D132/><U99/><E41/><N who="2" m="22711" /><F64/><W28/><G135/><T123/><D123/><U43/><E43/><V86/><F86/><W101/><G28/><T8/><D130/><N who="3" m="49673" /><G108/><T110/><D126/><U81/><E23/><N who="2" m="13439" /><F93/><W100/><G75/><T70/><D110/><U119/><E119/><V36/><F36/><W29/><G29/><T109/><D109/><U54/><E54/><V113/><F120/><W122/><G122/><T21/><D76/><U31/><E31/><V97/><F97/><W27/><G53/><T42/><D47/><U58/><E134/><V107/><F107/><W55/><G55/><T60/><D10/><U111/><E111/><V6/><F6/><W116/><G89/><T118/><D90/><U13/><E88/><V80/><AGARI ba="1,0" hai="3,5,9,74,77,80,113,115" m="13439,22711" machi="80" ten="30,1100,0" yaku="25,1" doraHai="95" who="2" fromWho="2" sc="214,-6,359,-4,283,14,144,-4" /><INIT seed="5,0,0,2,1,23" ten="208,355,297,140" oya="1" hai0="89,125,61,73,127,34,83,74,75,117,102,81,99" hai1="109,64,59,60,30,2,26,122,38,44,115,90,1" hai2="69,62,124,79,65,29,68,66,54,63,100,85,55" hai3="41,4,36,58,120,16,52,15,106,123,104,77,78"/><U87/><E115/><V97/><F124/><N who="0" m="47690" /><D34/><U27/><E122/><V43/><F43/><W22/><G120/><T91/><D61/><U49/><E38/><V135/><F135/><W35/><G123/><T113/><D113/><U93/><E109/><V51/><F51/><W86/><G35/><T24/><D24/><N who="1" m="9259" /><E1/><V45/><F45/><W40/><G36/><T131/><D131/><U88/><E2/><V67/><F67/><W39/><G39/><T92/><D117/><U121/><E121/><V128/><F128/><W133/><G133/><T14/><D14/><U116/><E116/><V17/><F17/><W108/><G108/><T10/><D10/><U98/><E30/><V37/><F37/><W57/><G4/><T103/><D103/><N who="1" m="60879" /><E87/><V18/><F29/><W56/><G86/><T47/><D47/><U3/><E3/><V70/><F70/><W134/><G134/><T112/><D112/><U7/><E7/><V71/><F71/><W80/><G15/><T6/><D6/><U96/><E96/><V132/><F132/><W19/><G19/><T9/><D9/><U130/><E130/><V48/><F18/><W50/><G16/><T42/><D42/><AGARI ba="0,0" hai="42,44,49,59,60,64,88,90" m="60879,9259" machi="42" ten="30,12000,1" yaku="8,1,52,3,54,1" doraHai="23" who="1" fromWho="0" sc="208,-120,355,120,297,0,140,0" /><INIT seed="5,1,0,0,5,46" ten="88,475,297,140" oya="1" hai0="88,23,34,86,126,56,4,19,94,112,124,129,44" hai1="45,66,84,17,42,122,114,85,59,71,117,53,130" hai2="16,106,101,25,81,36,30,73,78,79,118,131,50" hai3="48,52,72,90,97,7,69,3,29,110,40,10,43"/><U82/><E114/><V28/><F36/><W92/><G110/><T91/><D34/><U105/><E105/><V127/><F118/><W18/><G69/><T31/><D112/><U24/><E130/><V99/><F131/><W116/><G116/><T68/><D68/><U8/><E122/><V120/><F120/><W22/><G29/><T41/><D129/><U67/><E85/><V32/><F127/><N who="0" m="48682" /><D31/><U35/><E35/><V89/><F79/><W27/><REACH who="3" step="1"/><G72/><REACH who="3" ten="88,475,297,130" step="2"/><T108/><D108/><U0/><E71/><V111/><F111/><W70/><G70/><T119/><D119/><U123/><E117/><V1/><F28/><W133/><G133/><T95/><D4/><U65/><E123/><V75/><F75/><W38/><G38/><T76/><D76/><U12/><E17/><V33/><F33/><W100/><G100/><T39/><D56/><AGARI ba="1,1" hai="3,7,10,18,22,27,40,43,48,52,56,90,92,97" machi="56" ten="30,7700,0" yaku="1,1,7,1,52,1,54,1,53,0" doraHai="46" doraHaiUra="102" who="3" fromWho="0" sc="88,-80,475,0,297,0,130,90" /><INIT seed="6,0,0,5,1,78" ten="8,475,297,220" oya="2" hai0="29,40,57,24,122,23,123,44,111,69,45,93,14" hai1="0,77,67,17,15,134,35,121,98,58,94,55,9" hai2="59,62,18,61,39,71,8,20,63,97,106,128,83" hai3="101,130,42,34,129,22,26,5,119,99,51,105,75"/><V115/><F71/><W114/><G119/><T88/><D69/><U108/><E35/><V37/><F115/><W41/><G34/><T132/><D111/><U33/><E33/><V133/><F133/><W30/><G114/><T66/><D132/><U84/><E0/><V56/><F128/><N who="3" m="49259" /><G75/><T87/><D44/><U81/><E108/><V12/><F37/><W96/><G5/><T131/><D131/><U104/><E104/><V53/><F39/><W103/><G51/><T86/><D66/><U21/><E67/><V7/><F106/><AGARI ba="0,0" hai="22,26,30,41,42,96,99,101,103,105,106" m="49259" machi="106" ten="30,1000,0" yaku="19,1" doraHai="78" who="3" fromWho="2" sc="8,0,475,0,297,-10,220,10" /><INIT seed="7,0,0,2,4,15" ten="8,475,287,230" oya="3" hai0="5,78,77,68,118,54,24,125,85,29,132,102,80" hai1="38,10,105,28,90,47,50,22,71,12,97,36,72" hai2="79,110,18,127,135,84,13,60,44,66,21,106,17" hai3="41,73,43,8,115,39,52,59,63,107,69,101,121"/><W51/><G121/><T87/><D118/><U129/><E71/><V4/><F110/><W42/><G73/><T92/><D68/><U103/><E90/><V96/><F106/><W20/><G107/><T7/><D132/><U111/><E129/><V70/><F135/><W53/><G101/><T133/><D125/><U93/><E93/><V83/><F127/><W37/><G20/><T57/><D133/><U99/><E99/><V95/><F44/><N who="3" m="27751" /><G8/><T45/><D45/><U123/><E72/><V26/><F4/><W116/><G116/><T62/><D77/><U89/><E103/><V31/><F13/><W120/><G120/><T108/><D108/><U88/><E111/><V1/><F1/><W122/><G122/><T117/><D117/><U48/><E105/><V126/><F126/><W32/><G32/><T6/><D102/><AGARI ba="0,0" hai="17,18,21,26,31,60,66,70,79,83,84,95,96,102" machi="102" ten="30,3900,0" yaku="7,1,52,2" doraHai="15" who="2" fromWho="0" sc="8,-39,475,0,287,39,230,0" owari="-31,-53.0,475,57.0,326,13.0,230,-17.0" /></mjloggm>