<mjloggm ver="2.3"><GO type="169" lobby="0"/><UN n0="%73%61%6E%67%6F%64%64%6F" n1="%E8%88%AC%E5%8D%93%E6%B0%91%E3%81%AE%E6%9C%9D%E3%81%AF%E6%97%A9%E3%81%84" n2="%E3%83%88%E3%83%88%E3%83%AA%E5%85%88%E7%94%9F%31%39%E6%AD%B3" n3="%E6%9C%88%E3%83%9F%E7%85%A7%E2%98%86" dan="16,16,18,18" rate="2095.75,2120.24,2226.57,2241.60" sx="M,M,F,M"/><TAIKYOKU oya="0"/><INIT seed="0,0,0,1,1,134" ten="250,250,250,250" oya="0" hai0="79,114,115,55,6,18,128,37,43,118,57,85,124" hai1="10,34,117,127,20,129,73,121,22,64,38,119,49" hai2="80,42,9,132,40,11,83,67,35,92,21,69,107" hai3="13,39,63,133,41,94,97,50,25,5,108,100,74"/><T17/><D118/><N who="1" m="45067" /><E49/><V1/><F107/><W90/><G133/><T24/><D37/><U4/><E64/><V89/><F35/><W61/><G39/><T82/><D43/><U131/><E38/><V122/><F122/><W14/><G108/><T31/><D128/><N who="1" m="49227" /><E73/><V102/><F132/><W52/><G74/><T95/><D115/><U30/><E121/><V45/><F102/><W68/><G41/><T33/><D114/><U123/><E123/><V66/><F42/><W126/><G68/><T51/><D124/><U46/><E46/><V105/><F105/><W99/><G126/><T56/><D6/><U106/><E106/><V7/><F11/><W87/><G5/><T28/><D28/><U8/><E127/><V78/><F21/><N who="1" m="8297" /><E4/><V77/><F77/><W36/><G36/><T0/><D57/><U19/><E19/><V91/><F69/><W15/><G99/><T103/><D18/><U32/><E32/><V116/><F116/><W120/><G120/><T23/><D17/><U44/><E44/><V86/><F45/><W60/><G100/><T93/><D33/><U16/><E16/><V59/><F59/><N who="3" m="33175" /><G97/><T76/><D103/><U70/><E70/><V72/><F40/><W48/><G48/><T104/><D104/><U26/><AGARI ba="0,0" hai="8,10,26,30,34" m="8297,49227,45067" machi="26" ten="40,5200,0" yaku="19,1,34,2" doraHai="134" who="1" fromWho="1" sc="250,-26,250,52,250,-13,250,-13" /><INIT seed="1,0,0,3,4,0" ten="224,302,237,237" oya="1" hai0="62,49,109,27,39,86,14,61,17,29,103,51,89" hai1="4,132,42,96,8,47,56,71,70,69,111,110,80" hai2="66,117,135,6,131,118,94,90,120,11,1,74,107" hai3="98,36,130,112,45,35,134,93,68,5,100,88,13"/><U63/><E132/><V76/><F120/><W79/><G112/><T97/><D39/><N who="1" m="21983" /><E96/><V73/><F107/><W116/><G68/><T19/><D109/><N who="1" m="41483" /><E80/><V123/><F123/><W65/><G35/><T125/><D125/><U83/><E83/><V32/><F32/><W37/><G134/><T124/><D124/><U127/><E127/><V20/><F135/><W34/><G34/><T122/><D122/><U113/><E113/><V23/><F131/><W15/><G130/><T102/><D29/><U43/><E43/><V95/><F95/><W7/><G79/><T115/><D115/><U46/><E46/><V84/><F76/><W106/><G45/><T41/><D41/><U44/><E44/><V21/><REACH who="2" step="1"/><F66/><REACH who="2" ten="224,302,227,237" step="2"/><W28/><G65/><T53/><D53/><N who="1" m="34191" /><E71/><V3/><F3/><AGARI ba="0,1" hai="3,4,8,69,70" m="34191,41483,21983" machi="3" ten="30,5800,0" yaku="14,1,10,1,52,1" doraHai="0" who="1" fromWho="2" sc="224,0,302,68,227,-58,237,0" /><INIT seed="1,1,0,3,1,53" ten="224,370,169,237" oya="1" hai0="4,93,29,90,128,85,83,108,48,60,46,102,88" hai1="98,14,101,20,73,25,71,79,103,50,28,9,95" hai2="113,125,26,51,134,12,58,10,86,124,123,106,41" hai3="42,16,52,119,118,120,6,111,82,70,72,110,23"/><U94/><E71/><V40/><F123/><W0/><G120/><T47/><D108/><N who="3" m="41513" /><G70/><T112/><D128/><U35/><E50/><V107/><F134/><W43/><G6/><T37/><D37/><U56/><E35/><V122/><F122/><W116/><G0/><T39/><D39/><U130/><E73/><V68/><F68/><W66/><G66/><T129/><D129/><U69/><E69/><V76/><F113/><W18/><G52/><T19/><D4/><U65/><E79/><V1/><F26/><N who="3" m="14695" /><G18/><T89/><D29/><U2/><E2/><V109/><F1/><W13/><G13/><T84/><D112/><U44/><E130/><V5/><F109/><W80/><G72/><T24/><D60/><N who="1" m="38023" /><E44/><V45/><F41/><AGARI ba="1,0" hai="41,42,43,80,82,116,118,119" m="14695,41513" machi="41" ten="40,5200,0" yaku="12,1,14,1,54,1" doraHai="53" who="3" fromWho="2" sc="224,0,370,0,169,-55,237,55" /><INIT seed="2,0,0,2,0,57" ten="224,370,114,292" oya="2" hai0="63,102,64,88,93,111,107,120,95,73,129,89,113" hai1="54,100,1,122,30,0,76,133,123,74,98,87,124" hai2="29,58,55,15,43,34,51,125,31,110,86,12,27" hai3="85,94,115,78,104,14,106,21,130,16,28,50,118"/><V32/><F125/><W91/><G118/><T90/><D111/><U65/><E74/><V4/><F110/><W97/><G130/><T127/><D113/><U48/><E65/><V13/><F43/><W10/><G115/><T24/><D120/><U49/><E30/><V18/><F4/><W119/><G119/><T47/><D73/><U40/><E133/><V84/><REACH who="2" step="1"/><F18/><REACH who="2" ten="224,370,104,292" step="2"/><W20/><G16/><T25/><D127/><U79/><E40/><V2/><F2/><W112/><G112/><T53/><D129/><U83/><E124/><V80/><F80/><W46/><G106/><T134/><D107/><U132/><E83/><V67/><F67/><W117/><G104/><T99/><D134/><U22/><E132/><V109/><F109/><W62/><G117/><T68/><D95/><U5/><E5/><V33/><F33/><W7/><G94/><T71/><D71/><U72/><E1/><V8/><F8/><W126/><G10/><T37/><D53/><U121/><E0/><V3/><F3/><W92/><G7/><T59/><D68/><U77/><E54/><V60/><F60/><W45/><G62/><T105/><D105/><N who="1" m="63639" /><E22/><V41/><F41/><N who="3" m="24879" /><G126/><T9/><D9/><U11/><E11/><V61/><F61/><W114/><G114/><T70/><D70/><U17/><E17/><V38/><F38/><W36/><G21/><T96/><D96/><U75/><E87/><V128/><F128/><W66/><G66/><T131/><D131/><U103/><E72/><V23/><F23/><W82/><G20/><T52/><D37/><U69/><E75/><RYUUKYOKU ba="0,1" sc="224,15,370,-15,104,15,292,-15" hai0="24,25,47,52,59,63,64,88,89,90,93,99,102" hai2="12,13,15,27,29,31,32,34,51,55,58,84,86" /><INIT seed="2,1,1,0,4,37" ten="239,355,119,277" oya="2" hai0="83,23,2,90,103,85,123,75,28,91,122,7,87" hai1="107,29,56,125,48,30,127,70,8,0,26,25,80" hai2="115,131,17,51,100,42,14,110,12,128,101,21,114" hai3="13,66,116,61,22,108,68,104,111,135,71,46,93"/><V10/><F110/><W41/><G104/><T92/><D2/><U77/><E70/><V74/><F74/><W24/><G116/><T59/><D7/><N who="1" m="1127" /><E56/><V117/><F117/><W99/><G13/><T5/><D5/><U49/><E107/><V86/><F86/><N who="0" m="32778" /><D28/><N who="1" m="10859" /><E48/><V3/><F3/><W126/><G71/><T40/><D40/><U102/><E49/><V11/><F21/><W130/><G111/><T96/><D23/><U19/><E102/><V1/><F1/><W73/><G73/><T134/><D59/><U60/><E60/><V112/><F51/><W57/><G68/><T47/><D134/><U4/><E4/><N who="2" m="3143" /><F42/><W65/><G135/><T39/><D47/><U33/><E33/><V76/><F76/><W81/><G108/><T64/><D64/><U132/><E132/><V106/><F106/><W44/><G66/><T36/><D39/><U35/><E35/><V34/><F34/><W45/><G41/><T124/><D36/><U95/><E77/><V58/><F58/><W84/><G57/><T15/><D75/><U69/><E69/><V133/><F133/><W20/><G46/><T120/><D83/><U105/><E105/><V109/><F109/><W54/><G81/><T31/><D123/><U27/><E80/><V78/><F78/><W32/><G45/><T53/><D122/><U50/><E50/><V121/><F121/><W6/><G44/><T118/><D120/><U55/><E55/><V18/><F18/><W79/><G54/><T82/><D53/><U98/><E19/><V9/><F9/><W94/><G79/><T63/><D118/><RYUUKYOKU ba="1,1" sc="239,-15,355,15,119,15,277,-15" hai1="25,26,27,95,98,125,127" hai2="11,14,17,100,101,112,114,115,128,131" /><INIT seed="2,2,1,3,0,10" ten="224,370,134,262" oya="2" hai0="133,4,0,15,96,32,134,11,108,101,51,130,88" hai1="37,106,29,41,78,107,75,123,30,12,38,127,2" hai2="131,135,102,21,31,28,24,90,40,8,115,119,6" hai3="66,20,16,7,3,18,59,58,26,73,52,104,55"/><V17/><F115/><W69/><G104/><T113/><D113/><U128/><E2/><V117/><F40/><W27/><G73/><T36/><D36/><U63/><E41/><V64/><F64/><W71/><G66/><T14/><D32/><U48/><E48/><V68/><F68/><W91/><G3/><T92/><D108/><U65/><E65/><V87/><F102/><W5/><G20/><T110/><D110/><U25/><E75/><V43/><F43/><W53/><G53/><T112/><D112/><U79/><E63/><V81/><F131/><W54/><G54/><T34/><D34/><U22/><E128/><V33/><F135/><N who="0" m="51722" /><D130/><U60/><E60/><V42/><F42/><W93/><G93/><N who="0" m="58511" /><D51/><U132/><E132/><V83/><F83/><W111/><G111/><T77/><D77/><U47/><E106/><V105/><F105/><W74/><G74/><T61/><D61/><U76/><E107/><V9/><F9/><W56/><G56/><T1/><D1/><U89/><E76/><V45/><F45/><W122/><G91/><T103/><D103/><U84/><E47/><V121/><F121/><AGARI ba="2,1" hai="5,7,16,18,26,27,52,55,58,59,69,71,121,122" machi="121" ten="25,6400,0" yaku="22,2,54,2" doraHai="10" who="3" fromWho="2" sc="224,0,370,0,134,-70,262,80" /><INIT seed="3,0,0,3,1,81" ten="224,370,64,342" oya="3" hai0="54,108,96,118,123,127,23,0,112,58,72,122,1" hai1="101,126,22,13,79,61,117,70,65,77,21,67,30" hai2="15,8,7,4,60,84,14,47,28,83,102,71,125" hai3="103,75,3,2,40,46,95,31,104,19,97,26,116"/><W11/><G116/><T115/><D72/><U135/><E67/><V53/><F125/><W74/><G95/><T114/><D96/><U27/><E135/><V18/><F28/><W48/><G3/><T121/><D127/><U89/><E101/><V132/><F132/><W88/><G88/><T87/><D87/><U32/><E126/><V131/><F131/><W59/><G59/><T134/><D134/><U43/><E43/><V51/><F102/><W35/><REACH who="3" step="1"/><G19/><REACH who="3" ten="224,370,64,332" step="2"/><T86/><D118/><U37/><E89/><N who="2" m="51359" /><F71/><W78/><G78/><T49/><D108/><U57/><E77/><V68/><F68/><W52/><G52/><T98/><D98/><U66/><E79/><V110/><F110/><W42/><G42/><T45/><D58/><U34/><E57/><N who="2" m="34863" /><F14/><W113/><G113/><T91/><D1/><U24/><E13/><V33/><F33/><W12/><G12/><T119/><D0/><U63/><E70/><V56/><F56/><W25/><G25/><T129/><D119/><U44/><E117/><V9/><F9/><W100/><G100/><T105/><D129/><U106/><E34/><V130/><F130/><W55/><G55/><AGARI ba="0,1" hai="4,7,8,15,18,47,51,55" m="34863,51359" machi="55" ten="30,3900,0" yaku="25,1,8,1,52,1" doraHai="81" who="2" fromWho="3" sc="224,0,370,0,64,49,332,-39" /><INIT seed="4,0,0,0,1,35" ten="224,370,113,293" oya="0" hai0="58,7,50,108,70,74,37,97,119,29,77,82,67" hai1="102,88,72,69,130,13,55,110,18,89,115,76,128" hai2="112,122,121,73,99,66,61,81,94,26,32,5,106" hai3="49,17,45,129,46,62,63,107,3,133,48,33,40"/><T1/><D119/><U43/><E110/><V23/><F112/><W113/><G107/><T44/><D29/><U41/><E102/><V65/><F106/><W132/><G33/><T56/><D97/><U87/><E69/><V71/><F32/><W25/><G25/><T20/><D20/><U34/><E34/><V93/><F65/><W60/><G17/><T0/><D108/><U125/><E125/><V114/><F114/><W101/><G101/><T9/><D0/><U27/><E27/><V39/><F39/><N who="3" m="21663" /><G3/><T91/><D91/><U15/><E55/><V24/><F24/><W11/><G11/><T22/><D50/><N who="3" m="19561" /><G113/><T51/><D51/><U118/><E72/><V31/><F93/><W131/><G46/><T90/><D22/><U116/><E76/><V92/><F92/><W19/><G19/><T75/><D90/><U59/><E115/><V120/><F5/><W52/><G52/><T53/><D53/><U42/><E18/><V79/><REACH who="2" step="1"/><F122/><REACH who="2" ten="224,370,103,293" step="2"/><W10/><G10/><T38/><D38/><U111/><E111/><V109/><F109/><W105/><G105/><T57/><D37/><U21/><E116/><V6/><F6/><W85/><G85/><T14/><D44/><U64/><E87/><V127/><F127/><W86/><G86/><N who="0" m="48463" /><D1/><U135/><E118/><V47/><F47/><W36/><G36/><T84/><D84/><U54/><E41/><V80/><F80/><W98/><G98/><T103/><D103/><AGARI ba="0,1" hai="23,26,31,61,66,71,73,79,81,94,99,103,120,121" machi="103" ten="30,2000,0" yaku="1,1,7,1,53,0" doraHai="35" doraHaiUra="134" who="2" fromWho="0" sc="224,-20,370,0,103,30,293,0" /><INIT seed="5,0,0,5,1,52" ten="204,370,133,293" oya="1" hai0="96,126,125,16,25,102,100,123,66,134,1,94,34" hai1="51,56,109,60,24,73,92,13,21,127,0,15,97" hai2="12,78,5,65,8,82,106,4,26,50,20,48,131" hai3="33,35,59,30,81,114,118,72,121,124,2,111,10"/><U63/><E127/><V46/><F131/><W108/><G121/><T61/><D1/><U105/><E0/><V62/><F106/><W122/><G122/><T70/><D123/><U99/><E73/><V22/><F4/><W42/><G124/><N who="0" m="47723" /><D134/><U110/><E51/><V129/><F129/><W67/><G42/><T120/><D120/><U117/><E117/><V17/><F22/><W3/><G72/><T84/><D84/><U89/><E60/><V83/><F78/><W116/><G81/><T36/><D36/><U80/><E80/><V104/><F48/><W9/><G114/><T40/><D40/><U77/><E77/><V115/><F104/><W101/><G101/><N who="0" m="60567" /><D34/><U49/><E49/><V11/><F11/><W41/><G41/><T69/><D69/><U18/><E99/><V29/><F115/><W133/><G133/><T113/><D113/><U88/><E89/><V71/><REACH who="2" step="1"/><F5/><REACH who="2" ten="204,370,123,293" step="2"/><W87/><G10/><T6/><D6/><U130/><E105/><V107/><F107/><W39/><G9/><T95/><D95/><U53/><E130/><V112/><F112/><W47/><G35/><T57/><D70/><U14/><AGARI ba="0,1" hai="13,14,15,18,21,24,53,56,63,88,92,97,109,110" machi="14" ten="30,12000,1" yaku="0,1,25,2,52,1,54,1" doraHai="52" who="1" fromWho="1" sc="204,-40,370,130,123,-40,293,-40" /><INIT seed="5,1,0,4,4,106" ten="164,500,83,253" oya="1" hai0="102,61,86,90,83,65,123,126,58,0,115,24,57" hai1="64,125,45,9,55,31,56,5,3,18,105,1,8" hai2="96,88,70,36,20,12,95,107,84,99,6,23,133" hai3="108,29,26,94,119,13,118,92,19,135,112,43,27"/><U110/><E105/><V131/><F36/><W97/><G108/><T104/><D115/><U117/><E117/><V10/><F70/><W62/><G112/><T32/><D0/><U54/><E31/><V73/><F131/><W124/><G43/><T63/><D123/><U132/><E132/><V116/><F116/><W130/><G135/><T85/><D85/><U17/><E125/><V44/><F133/><W35/><G27/><T22/><D126/><U120/><E64/><V49/><F73/><W37/><G37/><T7/><D7/><U42/><E55/><V60/><F60/><W72/><G72/><T46/><D46/><U101/><E101/><V76/><F107/><W74/><G74/><T81/><D32/><U53/><E53/><V134/><F134/><W25/><G25/><T75/><D102/><U69/><E69/><V68/><F68/><W67/><G124/><T30/><D75/><U129/><E129/><V41/><F99/><W89/><G94/><N who="0" m="54615" /><D104/><U113/><E113/><V87/><REACH who="2" step="1"/><F87/><REACH who="2" ten="164,500,73,253" step="2"/><W103/><G130/><T78/><D63/><N who="1" m="36247" /><E110/><V98/><F98/><W38/><G38/><T79/><D58/><U122/><E122/><V4/><F4/><W91/><G119/><T14/><D57/><U51/><E120/><V71/><F71/><N who="3" m="42487" /><G118/><T100/><D61/><U33/><E33/><V77/><F77/><N who="0" m="29194" /><D65/><U39/><E39/><V21/><F21/><W111/><G111/><T47/><D47/><U114/><E114/><V82/><AGARI ba="1,1" hai="6,10,12,20,23,41,44,49,76,82,84,88,95,96" machi="82" ten="30,12000,2" yaku="1,1,0,1,25,2,8,1,54,1,53,0" doraHai="106" doraHaiUra="48" who="2" fromWho="2" sc="164,-31,500,-61,73,133,253,-31" /><INIT seed="6,0,0,0,5,133" ten="133,439,206,222" oya="2" hai0="130,74,29,38,77,96,11,121,20,5,118,87,91" hai1="18,80,42,65,3,55,125,13,135,106,103,71,64" hai2="14,37,22,10,0,112,126,124,60,88,30,134,17" hai3="15,49,109,26,97,82,39,131,116,108,99,54,85"/><V98/><F37/><W25/><G116/><T93/><D118/><U94/><E3/><V45/><F134/><W84/><G39/><T117/><D117/><U100/><E106/><V51/><F112/><W81/><G131/><T2/><D121/><U128/><E42/><V28/><F60/><W72/><G72/><T1/><D130/><U119/><E80/><V44/><F44/><W83/><G15/><T19/><D29/><U101/><E71/><V105/><F0/><W32/><G32/><T53/><D38/><U62/><E128/><V127/><F22/><W27/><G54/><T79/><D1/><U110/><E55/><N who="2" m="30191" /><F88/><W86/><G49/><T7/><D74/><U120/><E62/><V59/><F59/><W92/><G92/><T35/><D35/><U61/><E61/><V76/><F76/><W107/><G107/><T52/><D79/><U48/><E48/><V132/><F132/><W6/><G6/><T33/><D7/><U47/><E47/><V122/><F122/><W56/><G56/><T104/><D33/><U114/><E114/><V50/><F50/><W115/><G115/><T12/><REACH who="0" step="1"/><D104/><REACH who="0" ten="123,439,206,222" step="2"/><U21/><E119/><V66/><F30/><W9/><G9/><T78/><D78/><U58/><E120/><V70/><F28/><W68/><G68/><T34/><D34/><U67/><E135/><V46/><F70/><W95/><G95/><T111/><D111/><AGARI ba="0,1" hai="25,26,27,81,82,83,84,85,86,97,99,108,109,111" machi="111" ten="50,8000,1" yaku="29,2,28,2" doraHai="133" who="3" fromWho="0" sc="123,-80,439,0,206,0,222,90" /><INIT seed="7,0,0,1,5,14" ten="43,439,206,312" oya="3" hai0="37,27,17,80,25,85,34,4,36,58,81,110,77" hai1="114,131,54,53,98,18,126,92,56,132,83,133,11" hai2="96,90,35,88,95,94,21,51,47,127,64,70,19" hai3="79,8,45,118,15,61,129,125,73,49,28,32,116"/><W23/><G32/><T63/><D110/><U13/><E114/><V68/><F35/><W121/><G121/><T74/><D34/><U75/><E126/><V55/><F127/><W115/><G125/><T24/><D4/><U30/><E131/><V69/><F64/><W9/><G115/><T67/><D67/><U87/><E75/><V48/><F48/><W42/><G129/><T106/><D106/><U72/><E72/><V46/><F46/><W76/><G118/><T101/><D101/><N who="1" m="60615" /><E30/><V103/><REACH who="2" step="1"/><F95/><REACH who="2" ten="43,439,196,312" step="2"/><W52/><G116/><T0/><D0/><U120/><E120/><V117/><F117/><W91/><G45/><T41/><D37/><U57/><E132/><V111/><F111/><W50/><G50/><T7/><D7/><U5/><E5/><V128/><F128/><W29/><G49/><T65/><D36/><U10/><E133/><V84/><F84/><W31/><G73/><T60/><D60/><U38/><E38/><V62/><F62/><W130/><G130/><T40/><D74/><U59/><E10/><V26/><AGARI ba="0,1" hai="19,21,26,47,51,55,68,69,70,88,90,94,96,103" machi="26" ten="30,7900,0" yaku="1,1,0,1,52,1,54,1,53,0" doraHai="14" doraHaiUra="3" who="2" fromWho="2" sc="43,-20,439,-20,196,89,312,-39" owari="23,-48.0,419,52.0,285,9.0,273,-13.0" /></mjloggm>