<mjloggm ver="2.3"><GO type="169" lobby="0"/><UN n0="%E3%83%90%E3%83%90%E3%82%A2%E3%81%AE%E6%97%A5%E5%82%98" n1="%E3%82%A6%E3%83%AB%E3%83%88%E3%83%A9%E7%AB%8B%E7%9B%B4" n2="%44%26%46" n3="%E3%81%9C%E3%82%8D%E3%82%81%E3%81%90" dan="16,18,16,16" rate="2084.98,2200.50,2075.44,2155.61" sx="F,M,M,F"/><TAIKYOKU oya="0"/><INIT seed="0,0,0,5,1,23" ten="250,250,250,250" oya="0" hai0="104,122,74,125,76,6,49,84,7,103,91,86,4" hai1="63,31,15,70,79,121,116,46,64,9,92,14,67" hai2="90,123,11,135,73,24,32,126,124,44,130,109,66" hai3="61,50,20,10,128,59,48,134,132,5,55,117,119"/><T118/><D118/><U38/><E121/><V96/><F123/><W51/><G128/><T28/><D122/><U58/><E116/><V54/><F130/><W115/><G115/><T114/><D114/><U88/><E79/><V27/><F73/><W107/><G107/><T100/><D74/><U3/><E3/><V98/><F109/><W85/><G85/><T95/><D104/><U65/><E70/><V18/><F66/><W41/><G41/><T71/><D71/><U16/><E31/><V57/><F44/><W1/><REACH who="3" step="1"/><G20/><REACH who="3" ten="250,250,250,240" step="2"/><T108/><D84/><N who="1" m="52231" /><E38/><V68/><F32/><W111/><G111/><T112/><D108/><U47/><E15/><V87/><F87/><W25/><G25/><T101/><D86/><U82/><E82/><V78/><F27/><W72/><G72/><T89/><D112/><U2/><E2/><V26/><F24/><W19/><G19/><T75/><D75/><U102/><E102/><V131/><F26/><W34/><G34/><T99/><D100/><U37/><E37/><V113/><F131/><W45/><G45/><AGARI ba="0,1" hai="9,14,16,45,46,47,58,63,64,65,67" m="52231" machi="45" ten="30,3900,0" yaku="8,1,54,2" doraHai="23" who="1" fromWho="3" sc="250,0,250,49,250,0,240,-39" /><INIT seed="1,0,0,0,4,46" ten="250,299,250,201" oya="1" hai0="20,70,29,44,109,59,5,32,65,9,0,45,43" hai1="120,77,15,125,135,6,31,103,106,10,126,100,87" hai2="104,105,90,119,89,17,130,35,57,34,83,71,23" hai3="79,19,52,74,16,61,68,14,88,41,78,67,22"/><U60/><E120/><V25/><F71/><W47/><G74/><T39/><D109/><U97/><E135/><V121/><F119/><W50/><G41/><T128/><D32/><U62/><E103/><V101/><F130/><W117/><G117/><T8/><D70/><U33/><E77/><V36/><F36/><W133/><G133/><T55/><D45/><U129/><E129/><V11/><F101/><W82/><REACH who="3" step="1"/><G19/><REACH who="3" ten="250,299,250,191" step="2"/><T3/><D43/><U53/><E126/><V7/><F121/><W94/><G94/><T24/><D128/><U113/><E125/><V28/><F104/><W115/><G115/><T48/><D39/><U134/><E113/><V26/><F105/><W84/><AGARI ba="0,1" hai="14,16,22,47,50,52,61,67,68,78,79,82,84,88" machi="84" ten="30,12000,2" yaku="1,1,0,1,52,1,54,3,53,1" doraHai="46" doraHaiUra="58" who="3" fromWho="3" sc="250,-30,299,-60,250,-30,191,130" /><INIT seed="2,0,0,3,5,124" ten="220,239,220,321" oya="2" hai0="20,127,16,111,103,109,68,47,122,60,66,51,31" hai1="10,97,30,14,55,29,15,98,67,35,83,18,62" hai2="25,107,7,57,53,1,94,118,58,130,100,54,23" hai3="4,113,105,40,104,112,115,108,44,43,27,12,8"/><V87/><F118/><W11/><G108/><N who="0" m="41547" /><D127/><U90/><E55/><V86/><F107/><W110/><G110/><T96/><D31/><U17/><E35/><V50/><F7/><W46/><G27/><T126/><D126/><U75/><E75/><V101/><F1/><W37/><REACH who="3" step="1"/><G11/><REACH who="3" ten="220,239,220,311" step="2"/><T64/><D122/><U91/><E10/><V80/><F25/><W38/><AGARI ba="0,1" hai="4,8,12,37,38,40,43,44,46,104,105,112,113,115" machi="38" ten="30,8000,1" yaku="1,1,2,1,0,1,9,1,11,1,53,0" doraHai="124" doraHaiUra="95" who="3" fromWho="3" sc="220,-20,239,-20,220,-40,311,90" /><INIT seed="3,0,0,0,2,106" ten="200,219,180,401" oya="3" hai0="54,70,19,82,99,76,13,15,65,14,71,132,39" hai1="75,38,10,7,45,128,41,58,130,50,129,102,108" hai2="123,32,59,96,119,28,74,81,109,12,8,120,0" hai3="24,63,25,17,29,97,88,61,127,35,126,116,4"/><W53/><G116/><T122/><D122/><N who="2" m="46634" /><F0/><W52/><G4/><T78/><D39/><U79/><E102/><V42/><F119/><W77/><G77/><T46/><D78/><U64/><E108/><V110/><F42/><W43/><G43/><T30/><D30/><U95/><E95/><V67/><F96/><W100/><G88/><T91/><D19/><U44/><E44/><V103/><F103/><W93/><G25/><T9/><D9/><U72/><E79/><N who="2" m="44279" /><F59/><W31/><G31/><T69/><D132/><U60/><E38/><V26/><F67/><W6/><G6/><AGARI ba="0,0" hai="6,8,12,26,28,32,109,110" m="44279,46634" machi="6" ten="30,2000,0" yaku="13,1,52,1" doraHai="106" who="2" fromWho="3" sc="200,0,219,0,180,20,401,-20" /><INIT seed="4,0,0,2,0,75" ten="200,219,200,381" oya="0" hai0="9,56,88,26,71,12,8,60,67,62,99,39,38" hai1="34,52,59,124,18,70,15,32,19,28,117,121,101" hai2="125,65,49,20,105,77,115,104,50,132,61,4,128" hai3="106,16,89,97,110,14,1,118,114,37,54,83,111"/><T85/><D99/><U78/><E70/><V11/><F115/><W3/><G118/><T21/><D38/><U44/><E121/><V2/><F128/><W130/><G37/><T87/><D87/><U35/><E117/><V91/><F132/><W58/><G114/><T90/><D39/><U92/><E44/><V80/><F91/><W22/><G130/><T47/><D47/><U126/><E28/><V86/><F125/><N who="1" m="48233" /><E15/><V30/><F49/><W17/><G58/><T57/><D71/><U69/><E69/><V42/><F42/><W29/><G29/><N who="0" m="17615" /><D85/><U135/><E135/><V120/><F120/><W23/><G97/><T25/><D25/><U45/><E45/><V40/><F40/><W94/><G106/><T109/><D109/><U76/><E92/><V127/><F127/><W31/><G94/><T107/><D107/><U108/><E101/><V24/><F24/><W134/><G111/><T84/><D84/><U122/><E122/><V41/><F41/><W113/><G110/><T43/><D43/><U33/><N who="1" m="8192" /><DORA hai="73" /><U119/><E108/><V82/><F104/><W48/><G134/><T55/><D9/><U95/><E95/><V51/><F105/><W79/><G113/><T0/><D0/><U63/><E119/><V133/><F133/><W68/><G1/><T64/><D67/><U27/><E27/><V10/><F10/><W81/><G3/><T7/><AGARI ba="0,0" hai="7,8,12,55,56,57,60,62,64,88,90" m="17615" machi="7" ten="30,3000,0" yaku="8,1,54,1" doraHai="75,73" who="0" fromWho="0" sc="200,30,219,-10,200,-10,381,-10" /><INIT seed="4,1,0,5,0,29" ten="230,209,190,371" oya="0" hai0="12,132,77,87,112,66,8,50,95,90,93,62,84" hai1="78,75,28,53,72,76,46,35,57,20,92,61,111" hai2="17,58,11,68,38,7,86,39,14,26,115,47,118" hai3="131,55,15,101,134,19,16,122,119,2,83,88,44"/><T82/><D112/><U74/><E111/><V18/><F68/><W31/><G2/><T130/><D132/><U135/><E135/><V80/><F115/><W81/><G134/><T34/><D130/><U108/><E108/><V52/><F118/><W113/><G119/><T45/><D34/><U127/><E127/><V91/><F47/><W69/><G69/><T97/><D62/><U124/><E124/><V37/><REACH who="2" step="1"/><F26/><REACH who="2" ten="230,209,180,371" step="2"/><W59/><G113/><T117/><D117/><U67/><E46/><V40/><F40/><W1/><G44/><T56/><D45/><U22/><E75/><V123/><F123/><W54/><G122/><T71/><D71/><U109/><E74/><V51/><AGARI ba="1,1" hai="7,11,14,17,18,37,38,39,51,52,58,80,86,91" machi="51" ten="30,4000,0" yaku="1,1,0,1,54,1,53,0" doraHai="29" doraHaiUra="120" who="2" fromWho="2" sc="230,-21,209,-11,180,53,371,-11" /><INIT seed="5,0,0,5,0,112" ten="209,198,233,360" oya="1" hai0="84,72,43,39,55,121,102,2,76,127,111,49,41" hai1="24,85,31,21,23,58,33,88,128,16,77,15,61" hai2="64,124,87,74,45,52,19,46,99,120,90,47,116" hai3="38,119,9,131,32,134,36,100,26,3,67,71,114"/><U42/><E128/><V13/><F74/><W96/><G114/><T57/><D72/><U108/><E42/><V101/><F120/><W5/><G131/><T70/><D2/><U14/><E108/><V117/><F64/><W27/><G27/><T37/><D102/><U110/><E110/><V129/><F129/><W107/><G119/><T86/><D76/><U17/><E77/><V51/><F124/><W1/><G1/><T59/><D111/><U18/><E18/><V69/><F69/><W34/><G134/><T83/><D83/><U109/><E109/><V11/><F99/><W40/><G40/><T0/><D0/><U98/><E98/><V7/><F7/><W123/><G123/><T6/><D121/><U133/><E133/><V103/><F103/><W62/><G26/><T10/><D70/><U82/><E58/><V48/><F101/><W28/><G28/><T132/><D132/><U75/><E61/><V130/><F130/><W89/><G89/><T54/><D127/><U68/><E68/><V125/><F125/><W97/><G96/><T73/><D49/><U50/><E50/><V66/><F66/><W35/><AGARI ba="0,0" hai="3,5,9,32,34,35,36,38,62,67,71,97,100,107" machi="35" ten="30,7900,0" yaku="0,1,33,3" doraHai="112" who="3" fromWho="3" sc="209,-20,198,-39,233,-20,360,79" /><INIT seed="6,0,0,3,5,55" ten="189,159,213,439" oya="2" hai0="121,26,42,99,91,32,47,64,36,19,57,118,113" hai1="56,92,81,72,132,50,133,127,16,60,120,40,87" hai2="95,67,22,8,61,98,85,11,52,20,14,115,104" hai3="114,90,100,24,1,35,63,12,0,111,134,126,51"/><V79/><F115/><W122/><G111/><T66/><D121/><U130/><E120/><V103/><F67/><W74/><G122/><T105/><D113/><U33/><E33/><V15/><F104/><W108/><G90/><T29/><D118/><U9/><E92/><V48/><F61/><W73/><G51/><T101/><D91/><U38/><E72/><V131/><F131/><W21/><G126/><T116/><D116/><U128/><E38/><V119/><F119/><W13/><G134/><N who="1" m="51818" /><E127/><V27/><F22/><W112/><G21/><T97/><D97/><U25/><E50/><V80/><F11/><W86/><G63/><T89/><D89/><N who="1" m="51439" /><E40/><V58/><F8/><W75/><G35/><T82/><D82/><U110/><E110/><V78/><F78/><W28/><G108/><T62/><REACH who="0" step="1"/><D19/><AGARI ba="0,0" hai="14,15,19,20,27,48,52,58,79,80,85,95,98,103" machi="19" ten="30,11600,0" yaku="7,1,8,1,52,1,54,1" doraHai="55" who="2" fromWho="0" sc="189,-116,159,0,213,116,439,0" /><INIT seed="6,1,0,2,1,56" ten="73,159,329,439" oya="2" hai0="61,112,86,94,4,82,57,42,21,14,90,34,38" hai1="113,84,63,17,74,24,37,123,0,96,97,103,8" hai2="76,117,124,102,19,5,26,131,87,28,20,111,62" hai3="66,70,3,128,60,83,23,93,1,15,48,16,52"/><V69/><F117/><W115/><G128/><T44/><D112/><U132/><E74/><V135/><F131/><W107/><G107/><T22/><D34/><U79/><E37/><V104/><F111/><W77/><G93/><T121/><D121/><U88/><E79/><V65/><F124/><W120/><G115/><T98/><D4/><U53/><E132/><V12/><F5/><W75/><G120/><T43/><D42/><U55/><E0/><V125/><F125/><W105/><G105/><T130/><D130/><U32/><E32/><V36/><F36/><W127/><G127/><T122/><D122/><U51/><E103/><V95/><F135/><W11/><G11/><T78/><REACH who="0" step="1"/><D14/><REACH who="0" ten="63,159,329,439" step="2"/><N who="1" m="7367" /><E123/><V39/><F12/><W91/><G1/><T9/><D9/><U10/><E10/><V58/><F39/><W129/><G3/><T72/><D72/><U64/><E113/><V80/><F104/><W2/><G2/><T116/><D116/><U30/><E24/><V89/><F26/><W59/><G129/><T85/><D85/><U114/><E114/><V54/><F87/><W6/><G6/><T41/><D41/><U118/><E118/><V45/><F20/><W100/><G75/><T49/><D49/><U108/><E51/><V92/><F102/><W40/><G100/><T18/><D18/><U126/><E126/><V110/><F19/><W47/><G23/><T109/><D109/><U71/><E108/><V13/><F13/><W99/><G15/><T106/><D106/><U50/><E50/><N who="2" m="31063" /><F110/><W133/><G133/><T35/><D35/><U134/><E134/><RYUUKYOKU ba="1,1" sc="63,30,159,-10,329,-10,439,-10" hai0="21,22,38,43,44,57,61,78,82,86,90,94,98" /><INIT seed="7,2,1,3,2,11" ten="93,149,319,429" oya="3" hai0="61,111,91,38,107,26,133,51,80,67,34,83,69" hai1="24,30,17,68,128,0,23,113,22,57,87,52,6" hai2="117,96,89,10,35,2,86,49,54,8,44,43,50" hai3="81,102,71,3,98,7,62,122,5,82,60,75,28"/><W125/><G122/><T121/><D133/><U13/><E68/><V42/><F35/><W124/><G28/><T132/><D121/><U97/><E113/><V127/><F2/><W90/><G90/><T1/><D132/><U65/><E65/><V123/><F117/><W100/><G98/><T47/><D111/><U78/><E128/><V25/><F123/><W131/><G71/><T40/><D1/><U77/><E97/><V12/><F96/><W79/><G3/><T41/><D107/><U94/><E6/><V58/><F25/><W84/><G84/><T95/><D34/><U108/><E108/><V129/><F129/><W66/><G66/><T39/><D26/><U73/><E73/><V74/><F74/><W15/><G75/><T104/><D104/><U53/><E53/><V110/><F110/><W76/><G131/><T134/><D134/><U99/><E87/><V19/><F127/><W88/><G88/><T114/><D114/><U9/><E9/><V120/><F120/><W85/><G85/><T4/><D4/><U33/><E33/><V101/><F101/><W126/><G126/><T112/><D112/><U21/><E21/><V27/><F27/><W32/><G32/><T118/><D118/><U135/><E135/><V31/><F31/><W119/><G119/><T116/><D116/><U46/><E0/><V29/><F29/><W92/><G124/><T70/><D70/><U130/><E130/><V105/><F105/><W64/><G125/><T115/><D115/><U18/><E30/><V48/><F10/><W63/><G102/><T45/><D51/><RYUUKYOKU ba="2,1" sc="93,30,149,-10,319,-10,429,-10" hai0="38,39,40,41,45,47,61,67,69,80,83,91,95" owari="123,-38.0,139,-26.0,309,11.0,429,53.0" /></mjloggm>