<mjloggm ver="2.3"><GO type="169" lobby="0"/><UN n0="%E9%9A%A0%E5%9C%B0%E5%89%8D" n1="%E9%BA%BB%E7%94%9F%E9%9B%80%E5%AD%90" n2="%E3%83%88%E3%83%88%E3%83%AA%E5%85%88%E7%94%9F%31%39%E6%AD%B3" n3="%4E%6E%31%33%34" dan="16,16,19,16" rate="2149.65,2103.58,2286.75,2140.97" sx="M,F,F,M"/><TAIKYOKU oya="0"/><INIT seed="0,0,0,1,5,134" ten="250,250,250,250" oya="0" hai0="31,103,57,33,51,121,48,66,135,131,125,96,120" hai1="36,130,54,69,39,112,74,19,10,35,59,133,99" hai2="14,53,81,30,62,75,45,11,73,98,5,106,6" hai3="67,86,108,0,124,107,132,34,64,119,13,68,28"/><T77/><D135/><U26/><E69/><V128/><F128/><W95/><G13/><T72/><D131/><U52/><E130/><V84/><F30/><W24/><G0/><T1/><D1/><U90/><E133/><V46/><F6/><W17/><G119/><T79/><D121/><U56/><E74/><V126/><F126/><W21/><G124/><T111/><D125/><U117/><E117/><V129/><F129/><W49/><G107/><T63/><D120/><U60/><E35/><V71/><F71/><W118/><G68/><T44/><D111/><U97/><E10/><V61/><F73/><W8/><G8/><T87/><D72/><U2/><E2/><V29/><F75/><W22/><G34/><T25/><D87/><U65/><E112/><V104/><F29/><W37/><G37/><T116/><D116/><U115/><E115/><V27/><F27/><N who="3" m="14767" /><G108/><T16/><D16/><U47/><E47/><V38/><F106/><W41/><G118/><T127/><D127/><U42/><E42/><V58/><F38/><W102/><G102/><T88/><D48/><N who="1" m="30727" /><E65/><V40/><F40/><W82/><G95/><T15/><D15/><U85/><E39/><V4/><F4/><W114/><G114/><T89/><D79/><U109/><E109/><V94/><F62/><W32/><G132/><T55/><REACH who="0" step="1"/><D77/><REACH who="0" ten="240,250,250,250" step="2"/><U91/><E85/><V105/><F84/><W101/><G86/><T93/><AGARI ba="0,1" hai="25,31,33,44,51,55,57,63,66,88,89,93,96,103" machi="93" ten="20,12000,1" yaku="1,1,2,1,0,1,7,1,54,1,53,0" doraHai="134" doraHaiUra="78" who="0" fromWho="0" sc="240,130,250,-40,250,-40,250,-40" /><INIT seed="0,1,0,2,3,85" ten="370,210,210,210" oya="0" hai0="55,50,53,106,117,45,84,77,74,102,22,104,83" hai1="40,49,66,30,101,46,56,126,108,26,118,37,61" hai2="72,133,81,123,91,9,127,31,18,21,112,114,73" hai3="110,68,134,24,23,103,48,41,113,128,6,88,95"/><T129/><D117/><U121/><E118/><V38/><F123/><W97/><G113/><T11/><D129/><U122/><E108/><V32/><F38/><W124/><G110/><T80/><D102/><U115/><E115/><V79/><F133/><W62/><G134/><T5/><D22/><U39/><E101/><V3/><F127/><W25/><G124/><T7/><D7/><U93/><E126/><V75/><F114/><W58/><G128/><T4/><D4/><U109/><E109/><V64/><F112/><W100/><G6/><T47/><D47/><U57/><E93/><V87/><F9/><W54/><G25/><T105/><D80/><U86/><E86/><V111/><F3/><W2/><G2/><T36/><D36/><N who="1" m="13899" /><E26/><V130/><F111/><W34/><G34/><T132/><D132/><U120/><E30/><V33/><F130/><W44/><G68/><AGARI ba="1,0" hai="40,46,49,56,57,61,66,68,120,121,122" m="13899" machi="68" ten="40,2600,0" yaku="34,2" doraHai="85" who="1" fromWho="3" sc="370,0,210,29,210,0,210,-29" /><INIT seed="1,0,0,4,2,81" ten="370,239,210,181" oya="1" hai0="79,121,135,37,75,94,54,43,40,73,3,124,78" hai1="31,80,7,4,70,26,107,111,28,25,90,9,2" hai2="61,44,95,23,91,109,122,30,119,103,13,74,106" hai3="51,97,123,129,17,24,87,64,50,45,126,132,22"/><U112/><E107/><V11/><F119/><W18/><G123/><T82/><D3/><N who="1" m="159" /><E70/><V0/><F122/><W99/><G132/><T128/><D121/><U117/><E90/><V68/><F74/><W85/><G129/><T127/><D135/><U98/><E98/><N who="3" m="37386" /><G126/><T42/><D128/><U96/><E96/><V115/><F103/><W53/><G64/><T55/><D37/><U100/><E100/><V10/><F91/><W27/><G27/><N who="1" m="10250" /><E111/><V92/><F109/><W133/><G133/><T58/><D94/><U59/><E59/><V113/><F92/><W120/><G120/><T110/><D110/><U77/><E77/><N who="0" m="29193" /><D82/><U46/><E46/><V39/><F44/><N who="3" m="27847" /><G17/><T14/><D58/><U63/><E63/><V86/><F61/><W41/><AGARI ba="0,0" hai="18,22,24,41,45,51,85,87" m="27847,37386" machi="41" ten="30,4000,0" yaku="8,1,52,2" doraHai="81" who="3" fromWho="3" sc="370,-10,239,-20,210,-10,181,40" /><INIT seed="2,0,0,0,4,124" ten="360,219,200,221" oya="2" hai0="3,12,17,11,41,13,24,2,129,21,96,1,133" hai1="45,130,14,123,94,72,26,116,40,22,30,84,57" hai2="37,6,101,54,128,38,112,99,80,115,78,114,117" hai3="103,75,20,35,87,66,16,29,106,120,31,68,47"/><V0/><F117/><W74/><G120/><T83/><D41/><U42/><E72/><V9/><F54/><W104/><G87/><T55/><D83/><U132/><E116/><V51/><F51/><W90/><G90/><T69/><D55/><U86/><E123/><V71/><F71/><W105/><G47/><T60/><D96/><U113/><E113/><V108/><F108/><W92/><G92/><T98/><D60/><U111/><E111/><V118/><F118/><W85/><G85/><T59/><D98/><U70/><E70/><V50/><F50/><W32/><G103/><T119/><D59/><U79/><E45/><V62/><F62/><W126/><G126/><T44/><D44/><U33/><E14/><V81/><F128/><W134/><G134/><T10/><D129/><U61/><E132/><V91/><F91/><W28/><G66/><T89/><D89/><N who="1" m="53559" /><E33/><N who="3" m="12874" /><G68/><T95/><D69/><U110/><E110/><V77/><F80/><W73/><G20/><T46/><D95/><U97/><E97/><V25/><F25/><W127/><G127/><T19/><D46/><U135/><E130/><V43/><F43/><W34/><G34/><T23/><D133/><U27/><E27/><V88/><F88/><W36/><G36/><T53/><D53/><N who="1" m="33967" /><E135/><V52/><F52/><W58/><G58/><T49/><D49/><U82/><AGARI ba="0,0" hai="22,26,30,40,42,79,82,84" m="33967,53559" machi="82" ten="30,1100,0" yaku="8,1" doraHai="124" who="1" fromWho="1" sc="360,-3,219,11,200,-5,221,-3" /><INIT seed="3,0,0,5,0,64" ten="357,230,195,218" oya="3" hai0="115,130,86,126,98,8,131,105,10,134,72,111,58" hai1="77,49,42,104,114,85,27,99,127,4,18,132,82" hai2="32,110,102,38,57,23,116,5,35,15,92,65,55" hai3="52,3,123,9,30,108,43,46,14,74,80,93,56"/><W91/><G123/><T41/><D72/><U84/><E114/><V66/><F116/><W37/><G108/><T61/><D115/><U51/><E4/><V129/><F38/><W71/><G30/><T7/><D111/><U21/><E132/><V94/><F110/><W36/><G36/><T45/><D126/><U125/><E42/><V33/><F129/><N who="0" m="49162" /><D134/><U87/><E99/><V128/><F128/><W2/><G71/><T68/><D86/><N who="1" m="33387" /><E104/><V6/><F6/><W119/><G119/><T135/><D135/><U95/><E95/><V73/><F73/><W75/><G75/><T28/><D28/><U39/><E39/><V25/><F15/><W31/><G31/><T70/><D105/><U54/><E54/><V112/><F5/><W44/><G80/><T29/><D98/><U117/><E117/><V118/><F112/><W83/><G83/><T34/><D34/><U12/><E12/><V0/><F0/><W13/><G13/><N who="0" m="5279" /><D10/><U19/><E19/><V109/><F118/><W96/><G74/><T81/><D81/><U60/><E125/><V122/><F109/><W63/><REACH who="3" step="1"/><G46/><REACH who="3" ten="357,230,195,208" step="2"/><T20/><D45/><U120/><E120/><V76/><F122/><W26/><G26/><N who="0" m="16583" /><D41/><U113/><E127/><V11/><F25/><W106/><G106/><T124/><D124/><U100/><E113/><V40/><F40/><W78/><G78/><T69/><D58/><U89/><E77/><V133/><F76/><W24/><G24/><T121/><D121/><U59/><E82/><V90/><F133/><W1/><G1/><T17/><D17/><AGARI ba="0,1" hai="2,3,9,14,17,37,43,44,52,56,63,91,93,96" machi="17" ten="30,11600,0" yaku="1,1,7,1,54,1,53,1" doraHai="64" doraHaiUra="48" who="3" fromWho="0" sc="357,-116,230,0,195,0,208,126" /><INIT seed="3,1,0,0,2,105" ten="241,230,195,334" oya="3" hai0="71,93,40,28,109,91,113,86,98,13,58,18,64" hai1="29,11,75,51,26,87,79,129,83,81,74,6,84" hai2="80,73,90,69,22,35,97,133,23,132,72,39,127" hai3="49,2,55,43,121,33,104,5,38,122,30,31,60"/><W57/><G104/><T50/><D113/><U66/><E129/><V110/><F35/><W10/><G38/><T85/><D109/><U3/><E66/><V62/><F39/><W76/><G76/><T25/><D71/><U126/><E126/><V100/><F127/><W96/><G96/><T47/><D64/><U117/><E51/><V68/><F110/><W56/><G33/><T12/><D58/><U54/><E54/><V67/><F69/><W1/><G43/><T46/><D46/><U131/><E117/><V41/><F41/><W59/><G59/><T101/><D18/><U99/><E99/><V77/><F90/><W24/><G1/><T14/><REACH who="0" step="1"/><D101/><REACH who="0" ten="231,230,195,334" step="2"/><U114/><E114/><V9/><F68/><W112/><G112/><T44/><D44/><U124/><E124/><V21/><F67/><W17/><G57/><T27/><D27/><U135/><E131/><V116/><F116/><W16/><G17/><T89/><D89/><U95/><E26/><V34/><F100/><W37/><G16/><T15/><N who="0" m="3072" /><DORA hai="63" /><T107/><D107/><U111/><E111/><V103/><F103/><W61/><G24/><T78/><D78/><U7/><E79/><V42/><F77/><W45/><G61/><T52/><D52/><U118/><E118/><V82/><F62/><W130/><G130/><T88/><D88/><U92/><E3/><V123/><F42/><N who="3" m="22735" /><G60/><T4/><D4/><U106/><E106/><V125/><F125/><W48/><G48/><T102/><D102/><U70/><E70/><V36/><F36/><W32/><G49/><T134/><D134/><RYUUKYOKU ba="1,1" sc="231,30,230,-10,195,-10,334,-10" hai0="25,28,40,47,50,85,86,91,93,98" /><INIT seed="4,2,1,0,3,28" ten="261,220,185,324" oya="0" hai0="56,27,33,16,101,122,44,2,62,34,40,47,76" hai1="129,64,133,41,50,75,118,73,77,108,12,9,61" hai2="87,134,13,42,105,96,80,4,10,36,31,45,46" hai3="71,25,69,1,93,67,7,74,91,70,85,54,119"/><T19/><D122/><U124/><E118/><V103/><F134/><W127/><G119/><T135/><D2/><U102/><E133/><V11/><F46/><W107/><G74/><T22/><D135/><U95/><E108/><V90/><F10/><W132/><G107/><T52/><D76/><U18/><E77/><V65/><F31/><W49/><G127/><T35/><D101/><U114/><E124/><V104/><F65/><W98/><G132/><T39/><D44/><U79/><E79/><V128/><F128/><W72/><G72/><T113/><D113/><U100/><E129/><V55/><F55/><W125/><G25/><T20/><D33/><U32/><E102/><V68/><F68/><W58/><G125/><T121/><D121/><U17/><E32/><V92/><AGARI ba="2,1" hai="4,11,13,36,42,45,80,87,90,92,96,103,104,105" machi="92" ten="20,1500,0" yaku="0,1,7,1" doraHai="28" who="2" fromWho="2" sc="261,-9,220,-6,185,31,324,-6" /><INIT seed="5,0,0,0,4,39" ten="252,214,216,318" oya="1" hai0="48,59,66,6,18,27,42,11,43,99,92,4,71" hai1="102,67,85,72,132,105,118,130,133,34,79,1,55" hai2="32,114,112,80,21,50,89,77,73,82,17,100,58" hai3="19,12,2,81,121,110,45,49,91,68,13,88,29"/><U75/><E1/><V107/><F32/><W111/><G2/><T125/><D71/><U119/><E34/><V103/><F107/><W135/><G121/><T101/><D125/><U97/><E67/><V5/><F5/><N who="0" m="2154" /><D48/><U134/><E130/><V108/><F108/><W15/><G29/><T95/><D95/><U40/><E55/><N who="2" m="32119" /><F89/><W106/><G135/><T94/><D94/><U131/><E40/><N who="0" m="15401" /><D66/><U104/><E104/><V78/><F82/><W128/><G68/><T70/><D70/><U116/><E131/><V60/><F80/><AGARI ba="0,0" hai="72,75,79,80,85,97,102,105,116,118,119,132,133,134" machi="80" ten="50,12000,1" yaku="20,1,34,3" doraHai="39" who="1" fromWho="2" sc="252,0,214,120,216,-120,318,0" /><INIT seed="5,1,0,1,3,69" ten="252,334,96,318" oya="1" hai0="72,40,95,82,11,19,127,54,13,130,59,36,100" hai1="111,117,109,44,92,91,65,133,129,128,1,124,104" hai2="32,110,21,73,81,17,105,15,89,24,103,98,80" hai3="74,28,39,56,90,25,118,114,60,64,14,58,87"/><U7/><E65/><V42/><F110/><N who="1" m="41993" /><E117/><V78/><F32/><W67/><G74/><T9/><D130/><N who="1" m="50283" /><E44/><V37/><F81/><W134/><G134/><T125/><D72/><U93/><E7/><V121/><F121/><W84/><G114/><T0/><D82/><U27/><E1/><V22/><F89/><W116/><G14/><T113/><D113/><U5/><E5/><V57/><F57/><W102/><G102/><T4/><D100/><U41/><E41/><V132/><F132/><W10/><G90/><T8/><D95/><N who="1" m="36427" /><E133/><V31/><REACH who="2" step="1"/><F42/><REACH who="2" ten="252,334,86,318" step="2"/><W126/><G58/><T12/><D127/><U53/><E124/><V107/><F107/><W63/><G126/><T29/><D125/><U112/><E104/><V35/><F35/><W85/><G56/><T55/><D59/><U66/><E112/><V71/><F71/><W6/><G64/><T123/><D40/><U2/><E66/><V52/><F52/><W49/><G67/><T45/><D55/><U115/><E53/><V99/><F99/><W106/><G106/><T88/><D54/><U38/><E91/><V75/><F75/><W122/><G122/><T50/><D88/><U70/><E70/><V79/><F79/><W33/><G33/><T83/><D123/><U135/><E135/><V26/><F26/><W51/><G25/><T131/><D131/><U20/><E115/><V16/><F16/><W3/><G118/><T97/><D19/><U108/><E108/><V96/><F96/><W47/><G116/><T48/><D97/><U46/><E27/><V34/><F34/><W61/><G61/><RYUUKYOKU ba="1,1" sc="252,-10,334,-10,86,30,318,-10" hai2="15,17,21,22,24,31,37,73,78,80,98,103,105" /><INIT seed="6,2,1,0,1,26" ten="242,324,116,308" oya="2" hai0="80,130,59,66,32,43,108,116,93,30,13,94,111" hai1="10,36,57,68,102,126,49,73,21,14,39,72,58" hai2="54,82,2,96,28,71,18,86,53,88,51,48,60" hai3="120,106,16,63,119,50,56,134,92,84,25,4,127"/><V20/><F2/><W22/><G119/><T123/><D116/><U62/><E68/><V128/><F128/><W40/><G106/><T87/><D123/><U34/><E34/><V118/><F118/><W35/><G120/><T104/><D104/><U77/><E102/><V47/><F71/><W15/><G134/><T12/><D130/><U133/><E133/><V76/><F60/><W41/><G50/><T0/><D0/><U125/><E21/><V135/><F135/><W46/><G46/><T6/><D43/><U33/><E33/><V89/><F96/><W97/><G84/><T74/><D74/><U109/><E49/><V99/><F99/><W122/><G127/><N who="1" m="48650" /><E109/><V29/><F89/><N who="3" m="55439" /><G35/><T75/><D94/><U124/><E58/><N who="2" m="33063" /><F76/><W85/><G85/><T98/><D6/><U23/><E124/><V27/><AGARI ba="2,1" hai="18,20,27,28,29,47,51,54,82,86,88" m="33063" machi="27" ten="30,11700,0" yaku="8,1,52,2,54,1" doraHai="26" who="2" fromWho="2" sc="242,-41,324,-41,116,133,308,-41" /><INIT seed="6,3,0,5,1,59" ten="201,283,249,267" oya="2" hai0="19,81,102,117,4,116,135,77,33,111,78,104,93" hai1="128,115,51,63,90,84,10,75,106,133,45,107,82" hai2="80,61,119,72,34,124,7,54,44,127,65,5,52" hai3="30,60,56,11,14,85,41,126,6,112,114,88,86"/><V87/><F119/><N who="0" m="45642" /><D33/><U100/><E75/><V131/><F34/><W108/><G108/><T132/><D111/><U129/><E115/><N who="3" m="44074" /><G126/><N who="2" m="48169" /><F72/><W113/><G113/><T89/><D4/><N who="2" m="1610" /><F44/><W20/><G41/><T43/><D19/><U38/><E10/><V40/><F40/><W83/><G86/><N who="0" m="52407" /><D43/><N who="1" m="25023" /><E38/><V66/><F131/><N who="1" m="50249" /><E100/><V125/><F66/><N who="3" m="39175" /><G20/><T2/><D2/><U76/><E76/><N who="0" m="29289" /><D81/><U3/><E3/><V32/><F32/><W64/><G64/><T49/><D49/><U70/><E133/><V69/><F125/><W25/><G25/><T95/><D104/><U23/><E23/><V134/><F134/><W22/><G22/><T37/><D37/><U53/><E53/><V109/><F109/><W79/><G79/><AGARI ba="3,0" hai="52,54,61,65,69,79,80,87" m="1610,48169" machi="79" ten="30,5800,0" yaku="18,1,52,1,54,1" doraHai="59" who="2" fromWho="3" sc="201,0,283,0,249,67,267,-67" /><INIT seed="6,4,0,1,0,17" ten="201,283,316,200" oya="2" hai0="6,19,16,59,123,124,1,134,44,120,29,79,82" hai1="39,80,46,54,52,109,97,2,13,56,121,108,107" hai2="106,119,71,74,81,84,95,58,9,25,118,38,93" hai3="20,43,7,63,129,8,70,49,37,131,57,116,112"/><V125/><F71/><W31/><G116/><T42/><D134/><U102/><E2/><V22/><F38/><W68/><G37/><T66/><D124/><U114/><E121/><V89/><F125/><W35/><G35/><T76/><D29/><U90/><E114/><V5/><F106/><W103/><G112/><T135/><D135/><U12/><E108/><V94/><F74/><W100/><G70/><T133/><D133/><U85/><E109/><V77/><F58/><W0/><G68/><T23/><D79/><U113/><E113/><V115/><F115/><W11/><G11/><T130/><D130/><N who="3" m="49673" /><G43/><T55/><D66/><U32/><E32/><V47/><F47/><W45/><G49/><T48/><D19/><U117/><E117/><V36/><F36/><W10/><G10/><T64/><D6/><U61/><E39/><V110/><F110/><W3/><G3/><T73/><D64/><U122/><E122/><V99/><F118/><W51/><G51/><T83/><D83/><U27/><E46/><V105/><F105/><W87/><G87/><T92/><D92/><U40/><E40/><V14/><REACH who="2" step="1"/><F119/><REACH who="2" ten="201,283,306,200" step="2"/><W33/><G45/><T26/><REACH who="0" step="1"/><D1/><REACH who="0" ten="191,283,306,200" step="2"/><U75/><E75/><V60/><F60/><AGARI ba="4,2" hai="16,23,26,42,44,48,55,59,60,73,76,82,120,123" machi="60" ten="30,8000,1" yaku="1,1,2,1,7,1,52,1,54,1,53,0" doraHai="17" doraHaiUra="127" who="0" fromWho="2" sc="191,112,283,0,306,-92,200,0" /><INIT seed="7,0,0,3,5,68" ten="303,283,214,200" oya="3" hai0="45,40,80,29,5,118,99,125,38,111,46,132,78" hai1="87,107,116,12,55,84,70,122,92,20,104,88,126" hai2="16,127,50,82,98,25,121,61,41,119,56,85,42" hai3="14,103,32,66,86,53,30,110,124,114,35,89,37"/><W112/><G124/><T15/><D118/><U24/><E122/><V8/><F119/><W91/><G103/><T133/><D125/><U58/><E70/><V23/><F127/><W48/><G66/><T96/><D111/><U102/><E116/><V76/><F121/><W60/><G60/><T135/><D46/><U79/><E102/><V128/><F128/><W26/><G110/><T75/><D29/><U131/><E131/><V34/><F34/><W113/><G14/><T115/><D115/><U67/><E67/><V33/><F33/><N who="3" m="20695" /><G37/><T49/><D49/><U109/><E109/><V97/><F8/><AGARI ba="0,0" hai="5,8,15,38,40,45,75,78,80,96,99,132,133,135" machi="8" ten="40,2600,0" yaku="20,1,52,1" doraHai="68" who="0" fromWho="2" sc="303,26,283,0,214,-26,200,0" owari="329,43.0,283,8.0,188,-31.0,200,-20.0" /></mjloggm>