<mjloggm ver="2.3"><GO type="169" lobby="0"/><UN n0="%E5%B0%B1%E6%B4%BB%E7%94%9F%40%E5%B7%9D%E6%9D%91%E8%BB%8D%E5%9B%A3" n1="%6D%6F%65%2E%6E" n2="%E3%82%B7%E3%83%A3%E3%83%BC%E3%83%AA%E3%83%97%E3%83%88%E3%83%A9" n3="%E7%A2%BA%E8%AA%8D%E4%BA%8B%E9%A0%85" dan="17,16,17,17" rate="2259.43,2103.52,2200.43,2207.57" sx="M,F,M,M"/><TAIKYOKU oya="0"/><INIT seed="0,0,0,4,3,128" ten="250,250,250,250" oya="0" hai0="45,118,52,93,25,95,98,87,90,10,92,116,105" hai1="34,81,80,68,99,14,33,0,66,62,129,63,5" hai2="125,16,84,51,58,109,44,123,112,13,135,50,31" hai3="133,1,28,54,4,48,47,77,132,122,102,32,24"/><T22/><D105/><U21/><E129/><V117/><F112/><W43/><G122/><T82/><D10/><U35/><E0/><V104/><F123/><W107/><G77/><T55/><D98/><U59/><E99/><V120/><F120/><W110/><G110/><T74/><D74/><U114/><E114/><V60/><F109/><W20/><G107/><T53/><REACH who="0" step="1"/><D45/><REACH who="0" ten="240,250,250,250" step="2"/><U19/><REACH who="1" step="1"/><E5/><REACH who="1" ten="240,240,250,250" step="2"/><V8/><F104/><W70/><G4/><T71/><D71/><U69/><E69/><V42/><F117/><W76/><G70/><T39/><D39/><U12/><E12/><V134/><F125/><W101/><G1/><T40/><D40/><U6/><E6/><V126/><F126/><W9/><G43/><T73/><D73/><U15/><E15/><V91/><F44/><W67/><G47/><T18/><AGARI ba="0,2" hai="18,22,25,52,53,55,82,87,90,92,93,95,116,118" machi="18" ten="30,6000,0" yaku="1,1,0,1,54,1,53,0" doraHai="128" doraHaiUra="27" who="0" fromWho="0" sc="240,80,240,-20,250,-20,250,-20" /><INIT seed="0,1,0,0,4,129" ten="320,220,230,230" oya="0" hai0="125,64,96,42,118,52,1,98,9,6,39,21,123" hai1="90,0,66,69,76,46,2,112,131,28,33,60,99" hai2="91,106,130,67,29,78,63,120,49,58,135,117,95" hai3="74,30,104,13,51,18,27,92,40,22,105,107,128"/><T26/><D123/><U80/><E131/><V17/><F106/><W121/><G128/><T101/><D118/><U32/><E112/><V57/><F78/><W23/><G74/><T126/><D64/><U113/><E113/><V53/><F120/><W85/><G121/><T37/><D42/><U12/><E46/><V109/><F130/><W44/><G92/><T68/><D68/><U108/><E108/><V47/><F109/><W19/><G85/><T77/><D77/><U15/><E0/><V70/><F117/><W93/><G93/><T56/><D37/><U16/><E2/><V72/><F72/><W35/><REACH who="3" step="1"/><G107/><REACH who="3" ten="320,220,230,220" step="2"/><T89/><D89/><U10/><E90/><V45/><F95/><W83/><G83/><T134/><D101/><U34/><E99/><V100/><F91/><W25/><AGARI ba="1,1" hai="13,18,19,22,23,25,27,30,35,40,44,51,104,105" machi="25" ten="20,8000,1" yaku="1,1,0,1,7,1,53,2" doraHai="129" doraHaiUra="102" who="3" fromWho="3" sc="320,-41,220,-21,230,-21,220,93" /><INIT seed="1,0,0,4,5,32" ten="279,199,209,313" oya="1" hai0="101,56,22,118,34,62,115,33,36,97,66,2,37" hai1="96,82,113,11,95,3,94,51,86,128,49,38,64" hai2="29,40,55,4,71,6,31,92,77,23,35,27,126" hai3="99,89,26,43,17,93,110,85,112,59,54,83,117"/><U74/><E38/><V68/><F126/><W58/><G110/><T19/><D115/><U39/><E113/><V88/><F77/><W108/><G108/><T104/><D118/><U53/><E39/><V30/><F40/><W123/><G112/><T73/><D73/><U60/><E128/><V107/><F107/><W48/><G117/><T9/><D34/><U134/><E74/><V52/><F71/><W80/><G123/><T114/><D33/><U72/><E72/><V63/><F68/><W124/><G124/><T76/><D76/><U7/><E134/><V130/><F130/><W69/><G69/><T90/><D90/><U61/><E94/><V84/><F35/><W28/><G43/><T18/><D114/><U103/><E64/><V87/><F87/><W1/><G1/><T5/><REACH who="0" step="1"/><D19/><REACH who="0" ten="269,199,209,313" step="2"/><U122/><E122/><V106/><F106/><W98/><G17/><T0/><D0/><U10/><E10/><V135/><F135/><W105/><G89/><T12/><AGARI ba="0,1" hai="2,5,9,12,18,22,36,37,56,62,66,97,101,104" machi="12" ten="20,8000,1" yaku="1,1,0,1,7,1,52,1,53,1" doraHai="32" doraHaiUra="100" who="0" fromWho="0" sc="269,90,199,-40,209,-20,313,-20" /><INIT seed="2,0,0,5,4,82" ten="359,159,189,293" oya="2" hai0="109,129,27,95,26,96,83,44,16,70,106,107,93" hai1="15,81,30,130,32,42,64,87,126,73,86,23,103" hai2="21,3,99,113,67,8,74,72,110,112,5,97,38" hai3="76,41,50,120,63,1,131,11,133,2,77,39,36"/><V6/><F38/><W46/><G120/><T88/><D70/><U65/><E126/><V49/><F67/><W79/><G133/><T47/><D129/><U54/><E130/><V134/><F21/><W75/><G75/><T53/><D107/><U20/><E42/><V122/><F49/><W128/><G128/><T80/><D106/><U119/><E119/><V31/><F31/><W116/><G116/><T85/><D109/><U19/><E32/><V92/><F110/><W132/><G132/><T17/><D26/><N who="1" m="16735" /><E73/><V125/><F134/><W45/><G131/><T37/><D37/><U52/><E103/><V91/><F122/><W105/><G105/><T100/><D27/><U111/><E111/><V90/><F125/><W43/><G50/><N who="0" m="28871" /><D47/><U58/><E81/><AGARI ba="0,0" hai="16,17,80,81,83,85,88,93,95,96,100" m="28871" machi="81" ten="30,7700,0" yaku="8,1,52,1,54,2" doraHai="82" who="0" fromWho="1" sc="359,77,159,-77,189,0,293,0" /><INIT seed="3,0,0,3,2,98" ten="436,82,189,293" oya="3" hai0="119,100,99,38,31,89,13,55,73,64,9,79,61" hai1="118,77,111,14,23,107,16,113,7,12,76,132,48" hai2="37,91,83,106,51,101,90,52,6,130,92,54,127" hai3="112,53,19,33,78,126,85,1,56,45,17,67,22"/><W59/><G112/><T46/><D119/><U116/><E113/><V41/><F106/><W47/><G33/><T69/><D31/><U30/><E111/><V82/><F37/><W117/><G117/><N who="1" m="45162" /><E132/><V97/><F6/><W134/><G1/><T24/><D24/><U58/><E30/><V34/><F34/><W4/><G4/><T68/><D68/><U135/><E135/><V49/><F130/><W35/><G35/><T87/><D79/><U96/><E7/><V11/><F11/><W121/><G121/><T123/><D73/><U125/><E125/><V114/><F127/><W75/><G75/><T95/><D123/><U86/><E86/><V40/><F114/><W84/><G134/><T122/><D122/><U81/><E14/><V74/><F74/><W36/><G36/><T72/><D72/><U15/><E15/><V50/><F83/><W5/><G5/><T93/><D38/><U26/><E26/><V43/><F82/><W105/><G84/><T131/><D131/><U108/><E81/><V25/><F25/><W102/><G85/><T103/><D13/><U62/><E48/><V42/><N who="2" m="10240" /><DORA hai="44" /><V115/><F115/><W21/><G126/><T65/><D9/><U60/><E108/><V0/><F0/><W8/><G8/><T94/><D94/><U120/><E120/><V129/><F129/><W109/><G109/><T29/><D29/><U63/><E58/><V80/><F80/><W3/><G59/><T70/><D70/><U18/><E18/><V124/><F124/><W39/><G56/><T104/><D69/><U66/><E66/><RYUUKYOKU ba="0,0" sc="436,-15,82,15,189,15,293,-15" hai1="12,16,23,60,62,63,76,77,96,107" hai2="49,50,51,52,54,90,91,92,97,101" /><INIT seed="4,1,0,3,0,108" ten="421,97,204,278" oya="0" hai0="73,75,2,120,45,47,30,115,122,126,8,113,104" hai1="18,105,67,58,7,39,134,52,111,103,109,3,80" hai2="13,131,135,81,98,42,69,55,35,49,76,19,72" hai3="6,124,33,46,48,82,10,121,9,40,106,112,68"/><T64/><D104/><U34/><E39/><V32/><F69/><W117/><G117/><T20/><D64/><U54/><E134/><V133/><F42/><W41/><G68/><T26/><D126/><U56/><E34/><V60/><F60/><W61/><G106/><T132/><D132/><N who="2" m="50762" /><F98/><W0/><G33/><T57/><D57/><U27/><E67/><V100/><F100/><W50/><G61/><T97/><D97/><U89/><E103/><V84/><F84/><W114/><G124/><T125/><D125/><U110/><E105/><V86/><F86/><W16/><G121/><N who="0" m="46699" /><D47/><U5/><E80/><V65/><F65/><W23/><G10/><T15/><D45/><U94/><E3/><V12/><F12/><N who="3" m="9607" /><G82/><T71/><D71/><U21/><E56/><N who="2" m="32879" /><F131/><W43/><G46/><T17/><D75/><U31/><E31/><V22/><AGARI ba="1,0" hai="13,19,22,32,35,72,76,81" m="32879,50762" machi="22" ten="30,1100,0" yaku="20,1" doraHai="108" who="2" fromWho="2" sc="421,-6,97,-4,204,14,278,-4" /><INIT seed="5,0,0,4,0,88" ten="415,93,218,274" oya="1" hai0="134,50,75,112,57,108,62,87,36,53,71,8,97" hai1="83,15,89,27,124,76,14,135,86,52,6,95,72" hai2="109,69,0,64,56,13,25,45,32,48,18,47,122" hai3="118,110,113,33,17,77,65,107,19,117,99,91,80"/><U105/><E124/><V42/><F0/><W46/><G110/><T68/><D75/><U102/><E135/><V1/><F109/><W34/><G113/><T41/><D108/><U74/><E74/><V4/><F122/><W90/><G65/><T37/><D87/><U10/><E27/><V16/><F1/><W114/><G114/><T94/><D112/><U73/><E73/><V82/><F69/><W49/><G107/><T116/><D116/><N who="3" m="44649" /><G19/><T111/><D111/><U60/><E15/><V92/><F82/><W131/><G17/><T93/><D97/><N who="1" m="61647" /><E60/><V51/><F64/><W29/><G29/><T133/><D8/><U126/><E126/><V58/><F32/><W121/><G121/><T85/><D85/><U84/><E84/><V81/><F81/><W119/><G80/><T38/><D41/><U12/><E12/><V130/><F92/><N who="0" m="35434" /><D62/><U100/><E100/><V129/><F4/><W9/><G119/><T103/><D103/><U120/><E120/><V22/><F58/><W21/><G99/><T125/><D125/><U39/><E39/><V24/><F56/><W20/><G34/><T11/><D11/><U31/><E31/><V26/><REACH who="2" step="1"/><F18/><REACH who="2" ten="415,93,208,274" step="2"/><W132/><G33/><T79/><D79/><U70/><E70/><V30/><F30/><W96/><G77/><T28/><D28/><U7/><E6/><V128/><F128/><W98/><G131/><T54/><D71/><U55/><AGARI ba="0,1" hai="7,10,14,52,55,72,76,83,86,89,95" m="61647" machi="55" ten="30,6000,0" yaku="24,1,52,1,54,1" doraHai="88" who="1" fromWho="1" sc="415,-20,93,70,208,-20,274,-20" /><INIT seed="5,1,0,5,3,113" ten="395,163,188,254" oya="1" hai0="45,111,97,6,117,17,23,94,37,63,95,123,83" hai1="3,87,77,82,55,24,64,52,40,60,53,44,32" hai2="2,122,125,25,105,119,27,22,49,75,107,35,84" hai3="74,112,5,93,114,129,14,4,121,46,124,109,135"/><U132/><E3/><V34/><F84/><W96/><G121/><T90/><D117/><U89/><E132/><V20/><F49/><W65/><G109/><T58/><D111/><U21/><E32/><V71/><F71/><W28/><G135/><T116/><D116/><U59/><E77/><V73/><F2/><W39/><G74/><T80/><D6/><U100/><E100/><V92/><F92/><W50/><G39/><T108/><D108/><U41/><REACH who="1" step="1"/><E44/><REACH who="1" ten="395,153,188,254" step="2"/><V33/><F122/><W7/><G46/><T29/><D45/><U110/><E110/><V130/><F119/><W104/><G114/><T79/><D79/><U128/><E128/><V70/><F130/><W101/><G112/><T57/><D123/><U0/><E0/><V8/><F35/><W120/><G129/><T127/><D90/><U1/><E1/><V47/><F47/><W85/><G120/><T18/><D37/><U81/><E81/><V88/><F34/><W103/><G103/><T134/><D83/><U38/><E38/><V43/><F33/><W66/><G101/><T76/><D80/><U67/><E67/><V102/><F102/><W42/><G66/><T11/><D76/><U131/><E131/><V72/><F72/><W68/><G65/><T26/><D95/><U126/><E126/><V15/><F125/><W30/><G124/><T106/><D127/><U31/><AGARI ba="1,1" hai="21,24,31,40,41,52,53,55,59,60,64,82,87,89" machi="31" ten="30,12000,1" yaku="1,1,0,1,8,1,54,1,53,1" doraHai="113" doraHaiUra="16" who="1" fromWho="1" sc="395,-41,153,133,188,-41,254,-41" /><INIT seed="5,2,0,1,2,104" ten="354,286,147,213" oya="1" hai0="42,78,123,84,98,108,33,106,38,69,25,66,26" hai1="0,19,81,133,36,28,126,8,20,122,55,97,92" hai2="131,27,73,129,70,1,117,31,37,135,130,103,14" hai3="49,7,17,65,93,64,58,13,75,91,40,99,76"/><U62/><E122/><V18/><F1/><W21/><G7/><T44/><D108/><U125/><E133/><V113/><F37/><W43/><G43/><T127/><D127/><N who="1" m="48651" /><E36/><V59/><F103/><W23/><G23/><T124/><D124/><U100/><E28/><V87/><F70/><W35/><G35/><T53/><D123/><U6/><E81/><V60/><F87/><W116/><G116/><T24/><D53/><U132/><E132/><V114/><F135/><W2/><G2/><T29/><D84/><U102/><E55/><V79/><F117/><W101/><G58/><T22/><D78/><U118/><E62/><V85/><F85/><W89/><G65/><T95/><D33/><U68/><E68/><V72/><F79/><W111/><G64/><T80/><D80/><U90/><E118/><V16/><F59/><W109/><G109/><T32/><D32/><U45/><E45/><V5/><F60/><W34/><G34/><T115/><D66/><U82/><E82/><V52/><F52/><W3/><G111/><T15/><D69/><U47/><E47/><V50/><F50/><W96/><G49/><T107/><D29/><U63/><E63/><V74/><F31/><W71/><G71/><T94/><D44/><U110/><E110/><V11/><F27/><AGARI ba="2,0" hai="0,6,8,19,20,27,90,92,97,100,102" m="48651" machi="27" ten="30,1500,0" yaku="18,1" doraHai="104" who="1" fromWho="2" sc="354,0,286,21,147,-21,213,0" /><INIT seed="5,3,0,1,4,10" ten="354,307,126,213" oya="1" hai0="85,21,29,30,58,50,42,103,52,22,56,1,99" hai1="108,25,63,131,16,77,49,67,117,134,61,15,3" hai2="36,120,33,118,107,34,68,47,74,4,40,100,135" hai3="78,57,27,127,105,130,37,87,102,119,45,81,9"/><U17/><E117/><V32/><F4/><W89/><G119/><T94/><D1/><U123/><E123/><V98/><F118/><W109/><G109/><T113/><D113/><U121/><E121/><V90/><F90/><W18/><G130/><T60/><D85/><U83/><E3/><V5/><F5/><W88/><G127/><T7/><D7/><U8/><E131/><V53/><F53/><W59/><G102/><T41/><D22/><N who="1" m="13519" /><E108/><V28/><F120/><W46/><G105/><T125/><D125/><U95/><E134/><V110/><F110/><W73/><G89/><T65/><D29/><U86/><E67/><V126/><F126/><W62/><G37/><T20/><D20/><U71/><E71/><V128/><F128/><W97/><G59/><T82/><D82/><U19/><E49/><V66/><F135/><W0/><G0/><T112/><D112/><U92/><E19/><V106/><F106/><W96/><G18/><T79/><D79/><U132/><E132/><V23/><F23/><W80/><G78/><T101/><D101/><U129/><E129/><V51/><F51/><W76/><G76/><T54/><D54/><U55/><E55/><V38/><F38/><W111/><G111/><T26/><AGARI ba="3,0" hai="21,26,30,41,42,50,52,56,58,60,65,94,99,103" machi="26" ten="30,8000,1" yaku="0,1,25,2,8,1,54,1" doraHai="10" who="0" fromWho="0" sc="354,89,307,-43,126,-23,213,-23" /><INIT seed="6,0,0,4,1,58" ten="443,264,103,190" oya="2" hai0="33,13,91,83,76,14,98,19,102,47,115,122,28" hai1="2,55,0,53,41,65,31,84,5,6,29,26,86" hai2="78,42,107,36,135,77,104,93,68,125,45,96,25" hai3="1,17,112,127,134,75,92,108,23,85,39,132,69"/><V22/><F135/><N who="3" m="51755" /><G108/><T51/><D14/><U100/><E65/><V15/><F125/><W18/><G75/><T124/><D115/><U59/><E59/><V16/><F68/><W133/><G133/><T11/><D122/><U48/><E48/><V130/><F130/><W73/><G73/><T9/><D28/><U87/><E100/><V4/><F107/><W40/><G1/><N who="1" m="618" /><E41/><V70/><F104/><W54/><G69/><T99/><D33/><U106/><E26/><V80/><F70/><W21/><G112/><T27/><D27/><U3/><E3/><V79/><F4/><N who="1" m="1641" /><E106/><V63/><F63/><W105/><G54/><AGARI ba="0,0" hai="29,31,53,54,55,84,86,87" m="1641,618" machi="54" ten="40,2600,0" yaku="28,2" doraHai="58" who="1" fromWho="3" sc="443,0,264,26,103,0,190,-26" /><INIT seed="7,0,0,4,0,6" ten="443,290,103,164" oya="3" hai0="80,111,82,23,4,69,25,44,15,103,0,70,71" hai1="123,46,42,117,66,74,19,119,34,76,131,116,26" hai2="106,57,10,89,129,130,94,13,81,100,9,47,135" hai3="18,2,91,104,21,102,14,50,79,27,31,113,72"/><W122/><G122/><T75/><D111/><U24/><E123/><V49/><F135/><W17/><G2/><T63/><D0/><U55/><E131/><V105/><F100/><W98/><G113/><T85/><D103/><U5/><E66/><V30/><F30/><W84/><G50/><T115/><D115/><U127/><E127/><V114/><F114/><W73/><G79/><T1/><D75/><U39/><E5/><V125/><F125/><W96/><G96/><T54/><D1/><U22/><E55/><V11/><F57/><W92/><REACH who="3" step="1"/><G18/><REACH who="3" ten="443,290,103,154" step="2"/><T29/><D85/><U128/><E128/><N who="2" m="49259" /><F81/><W107/><G107/><T68/><D80/><U53/><E76/><V65/><F65/><W112/><G112/><T52/><D82/><U8/><E74/><V88/><F13/><W33/><AGARI ba="0,1" hai="14,17,21,27,31,33,72,73,84,91,92,98,102,104" machi="33" ten="20,3900,0" yaku="1,1,0,1,7,1,53,0" doraHai="6" doraHaiUra="40" who="3" fromWho="3" sc="443,-13,290,-13,103,-13,154,49" /><INIT seed="7,1,0,4,1,14" ten="430,277,90,203" oya="3" hai0="57,35,90,108,33,6,55,93,12,80,11,51,65" hai1="59,131,79,58,24,101,97,3,60,30,107,135,41" hai2="84,110,88,100,13,32,117,54,77,26,112,130,98" hai3="103,18,127,106,123,28,17,104,129,7,114,4,62"/><W2/><G123/><T122/><D108/><U109/><E109/><V56/><F112/><W70/><G28/><T46/><D122/><U53/><E3/><V21/><F130/><W86/><G114/><T40/><D65/><U10/><E131/><V94/><F117/><W5/><G2/><T69/><D69/><U111/><E111/><V119/><F119/><W76/><G129/><T72/><D72/><U27/><E135/><V68/><F68/><W25/><G25/><T20/><D20/><U66/><E79/><V102/><F110/><W73/><G73/><T82/><D35/><U118/><E118/><V1/><F1/><W83/><G127/><T22/><D22/><U115/><E115/><V47/><F47/><W126/><G126/><T74/><D33/><U61/><E30/><V128/><F128/><W31/><G31/><T105/><D105/><U48/><E41/><V34/><F13/><W125/><G125/><T81/><D74/><U50/><E50/><V44/><F44/><W75/><G75/><T78/><D78/><U42/><E42/><V43/><F43/><W124/><G124/><T96/><D80/><U116/><E116/><V71/><F71/><W37/><G37/><AGARI ba="1,0" hai="6,11,12,37,40,46,51,55,57,81,82,90,93,96" machi="37" ten="30,1000,0" yaku="7,1" doraHai="14" who="0" fromWho="3" sc="430,13,277,0,90,0,203,-13" owari="443,54.0,277,8.0,90,-41.0,190,-21.0" /></mjloggm>