<mjloggm ver="2.3"><GO type="169" lobby="0"/><UN n0="%E5%BC%93%E9%9F%B3" n1="%36%31%30%6B" n2="%E3%81%BF%E3%81%8B%E3%82%93%EF%BC%A0%E3%82%8F%E3%81%8B%E3%82%81%E3%81%A6" n3="%E3%82%A6%E3%83%AB%E3%83%88%E3%83%A9%E7%AB%8B%E7%9B%B4" dan="16,16,17,16" rate="2099.11,2083.49,2230.32,2096.39" sx="F,M,M,M"/><TAIKYOKU oya="0"/><INIT seed="0,0,0,1,3,57" ten="250,250,250,250" oya="0" hai0="109,95,30,86,127,131,124,66,1,123,100,14,52" hai1="90,88,37,117,126,26,35,43,8,36,53,87,47" hai2="81,73,17,60,67,107,83,16,110,119,122,12,9" hai3="42,114,65,2,105,46,94,22,70,7,29,68,39"/><T115/><D1/><U62/><E117/><V20/><F122/><W121/><G105/><T101/><D115/><U116/><E116/><V55/><F119/><W15/><G114/><T130/><D123/><U125/><E8/><V112/><F112/><W25/><G121/><T74/><D74/><U128/><E128/><N who="0" m="49193" /><D30/><U103/><E103/><N who="0" m="39497" /><D66/><U75/><E75/><V97/><F110/><W13/><G94/><T44/><D14/><U45/><E26/><V99/><F107/><W59/><G2/><T79/><D109/><U85/><E35/><V78/><F81/><W38/><G15/><T71/><D71/><U19/><E19/><V23/><F55/><W18/><G7/><T84/><D44/><U21/><E21/><V91/><F91/><W98/><G68/><T34/><D34/><U93/><E37/><V5/><F20/><W133/><G70/><T108/><D108/><U82/><E47/><V129/><F129/><W96/><G38/><T76/><D52/><U51/><REACH who="1" step="1"/><E36/><REACH who="1" ten="250,240,250,250" step="2"/><V24/><REACH who="2" step="1"/><F17/><REACH who="2" ten="250,240,240,250" step="2"/><W41/><G18/><T50/><D50/><U89/><E89/><V77/><F77/><W32/><G39/><T132/><D76/><U63/><E63/><V135/><F135/><W0/><G133/><T106/><D79/><U27/><E27/><V54/><F54/><W49/><G25/><T28/><D132/><U118/><E118/><V31/><F31/><W61/><G29/><T64/><D28/><U40/><E40/><V58/><AGARI ba="0,2" hai="5,9,12,16,23,24,58,60,67,73,78,83,97,99" machi="58" ten="20,8000,1" yaku="1,1,0,1,7,1,52,1,54,1,53,0" doraHai="57" doraHaiUra="33" who="2" fromWho="2" sc="250,-40,240,-20,240,100,250,-20" /><INIT seed="1,0,0,2,3,50" ten="210,220,340,230" oya="1" hai0="13,86,46,52,59,120,70,95,84,5,6,108,78" hai1="30,113,60,34,54,21,119,57,36,112,33,0,117" hai2="55,82,48,129,66,35,87,65,110,2,69,115,20" hai3="92,67,40,19,105,28,107,62,31,122,101,97,45"/><U106/><E36/><V75/><F35/><W64/><G122/><T124/><D70/><U80/><E106/><V17/><F110/><W27/><G19/><T81/><D108/><U133/><E0/><V98/><F75/><W42/><G31/><T72/><D120/><U96/><E96/><V130/><F2/><W135/><G135/><T47/><D124/><U26/><E133/><V99/><F115/><W18/><G18/><T23/><D72/><U24/><E34/><V53/><F69/><W43/><G45/><T8/><D5/><U111/><E111/><V3/><F3/><W61/><G62/><T49/><D23/><U103/><E103/><V83/><F17/><W38/><G67/><T15/><D13/><U12/><E12/><V116/><F87/><W7/><G7/><T4/><D6/><U22/><E33/><V100/><F48/><W71/><REACH who="3" step="1"/><G38/><REACH who="3" ten="210,220,340,220" step="2"/><T29/><D29/><U41/><E41/><V37/><F37/><W32/><AGARI ba="0,1" hai="27,28,32,40,42,43,61,64,71,92,97,101,105,107" machi="32" ten="30,4000,0" yaku="1,1,2,1,0,1,53,0" doraHai="50" doraHaiUra="1" who="3" fromWho="3" sc="210,-10,220,-20,340,-10,220,50" /><INIT seed="2,0,0,3,5,14" ten="200,200,330,270" oya="2" hai0="67,33,133,29,37,64,36,85,121,68,35,96,87" hai1="25,52,117,15,132,97,127,9,23,70,30,59,112" hai2="82,8,28,126,107,76,124,1,86,20,40,49,73" hai3="104,103,83,42,53,81,26,11,105,116,22,45,98"/><V130/><F107/><W84/><G116/><T69/><D29/><U0/><E117/><V71/><F71/><W90/><G11/><T65/><D96/><U80/><E70/><V10/><F130/><W4/><G4/><T5/><D67/><U135/><E112/><V119/><F119/><W55/><G83/><T91/><D5/><U47/><E127/><N who="2" m="48683" /><F1/><W110/><G105/><T46/><D46/><U2/><E80/><N who="2" m="45071" /><F40/><W74/><G110/><T89/><D133/><N who="1" m="51275" /><E97/><V88/><F49/><W63/><G63/><T61/><D61/><N who="1" m="36071" /><E47/><V7/><F7/><AGARI ba="0,0" hai="0,2,7,9,15,23,25,30" m="36071,51275" machi="7" ten="30,2000,0" yaku="20,1,54,1" doraHai="14" who="1" fromWho="2" sc="200,0,200,20,330,-20,270,0" /><INIT seed="3,0,0,2,3,85" ten="200,220,310,270" oya="3" hai0="17,97,86,18,83,46,34,4,74,35,66,40,55" hai1="103,27,65,15,31,61,33,64,57,110,91,53,7" hai2="114,122,105,12,19,16,126,92,23,0,104,50,9" hai3="109,25,10,60,125,56,96,58,68,3,121,116,135"/><W2/><G121/><T111/><D111/><U5/><E110/><V134/><F114/><W22/><G109/><T76/><D66/><U47/><E103/><V99/><F122/><W32/><G116/><T98/><D4/><U113/><E113/><V52/><F134/><W44/><G32/><T77/><D55/><U41/><E5/><V62/><F62/><W81/><G135/><T48/><D17/><U100/><E100/><V93/><F126/><W94/><G125/><T21/><D97/><U106/><E106/><V82/><F82/><W117/><G117/><T45/><D76/><U88/><E15/><V36/><F36/><W42/><G81/><T14/><D74/><U26/><E26/><V20/><F0/><W24/><G68/><T8/><D45/><U133/><E7/><V69/><F69/><W43/><G10/><T59/><D59/><U87/><E133/><V129/><F9/><W90/><G58/><T130/><D130/><U54/><E54/><V95/><F129/><W101/><G101/><T89/><D8/><U79/><E79/><V73/><F73/><W127/><G24/><T38/><D38/><U128/><E128/><V112/><F112/><W107/><G107/><T63/><D63/><U108/><E108/><V118/><F118/><W39/><G42/><T80/><D80/><U131/><E131/><V124/><F124/><W119/><G127/><T72/><D72/><U49/><REACH who="1" step="1"/><E91/><REACH who="1" ten="200,210,310,270" step="2"/><N who="2" m="55711" /><F105/><W6/><G119/><T11/><D77/><U123/><E123/><V67/><F104/><W28/><G6/><T120/><D14/><U78/><E78/><RYUUKYOKU ba="0,1" sc="200,-15,210,15,310,-15,270,15" hai1="27,31,33,41,47,49,53,57,61,64,65,87,88" hai3="2,3,22,25,28,39,43,44,56,60,90,94,96" /><INIT seed="3,1,1,0,4,27" ten="185,225,295,285" oya="3" hai0="31,47,18,40,45,128,49,132,76,103,7,30,16" hai1="20,28,127,84,11,13,25,67,39,130,74,10,124" hai2="59,12,119,81,15,65,0,82,129,42,36,55,90" hai3="72,122,92,131,134,48,111,23,120,9,50,3,106"/><W104/><G23/><T100/><D7/><U37/><E74/><V88/><F119/><W89/><G9/><T123/><D123/><N who="3" m="47145" /><G3/><T83/><D128/><U32/><E130/><V110/><F129/><W91/><G131/><T17/><D132/><U77/><E67/><V21/><F0/><W4/><G4/><T105/><D47/><U78/><E32/><V133/><F133/><W66/><G66/><T69/><D69/><U87/><E13/><N who="2" m="5195" /><F110/><W112/><G48/><T73/><REACH who="0" step="1"/><D105/><REACH who="0" ten="175,225,295,285" step="2"/><U95/><E124/><V41/><F21/><W6/><G106/><T79/><D79/><U56/><E127/><V8/><F8/><W97/><G104/><T75/><D75/><U63/><E11/><V14/><F36/><W102/><G6/><T33/><D33/><U26/><E10/><V52/><F59/><W115/><G72/><T60/><D60/><U116/><E56/><V46/><F46/><W71/><G71/><T61/><D61/><U113/><E63/><V43/><F65/><W53/><G134/><T121/><D121/><U93/><E39/><V19/><F81/><W114/><G111/><T117/><D117/><U64/><E37/><V38/><F38/><W22/><G22/><T70/><D70/><U99/><E116/><V68/><F68/><W80/><G80/><T51/><D51/><U62/><E20/><N who="2" m="11383" /><F82/><W85/><G50/><T34/><D34/><U135/><E135/><V2/><F2/><W108/><G108/><T57/><D57/><U1/><E1/><V126/><F126/><W109/><G109/><T96/><D96/><U5/><E99/><RYUUKYOKU ba="1,2" sc="175,15,225,-15,295,15,285,-15" hai0="16,17,18,30,31,40,45,49,73,76,83,100,103" hai2="41,42,43,52,55,88,90" /><INIT seed="4,2,2,4,4,99" ten="190,210,310,270" oya="0" hai0="111,84,71,58,51,57,68,103,41,73,87,16,82" hai1="8,76,123,63,85,20,86,113,14,1,127,126,124" hai2="10,35,24,100,117,67,64,97,54,116,78,4,12" hai3="94,3,39,77,130,132,75,72,32,107,38,115,26"/><T79/><D111/><U56/><E123/><V18/><F78/><W109/><RYUUKYOKU type="yao9" ba="2,2" sc="190,0,210,0,310,0,270,0" hai3="3,26,32,38,39,72,75,77,94,107,109,115,130,132" /><INIT seed="4,3,2,1,3,18" ten="190,210,310,270" oya="0" hai0="116,86,21,4,29,7,93,83,64,104,70,50,77" hai1="40,124,80,88,100,49,135,39,52,12,8,67,74" hai2="17,46,59,90,16,54,130,98,42,129,19,9,131" hai3="14,25,43,102,2,105,117,119,132,76,26,84,72"/><T32/><D104/><U1/><E124/><V10/><F98/><N who="3" m="61655" /><G2/><T63/><D116/><U53/><E135/><V101/><F101/><W33/><G33/><T95/><D32/><U6/><E100/><V35/><F35/><W118/><G14/><T20/><D29/><U48/><E67/><V31/><F90/><W23/><G43/><T34/><D34/><U0/><E39/><N who="2" m="21855" /><F31/><W47/><G47/><T66/><D50/><AGARI ba="3,2" hai="9,10,16,17,19,50,54,59,129,130,131" m="21855" machi="50" ten="40,2600,0" yaku="19,1,54,1" doraHai="18" who="2" fromWho="0" sc="190,-35,210,0,310,55,270,0" /><INIT seed="5,0,0,2,2,33" ten="155,210,365,270" oya="1" hai0="75,5,93,29,63,121,6,37,40,67,16,134,102" hai1="61,95,55,22,117,90,69,53,17,9,46,65,19" hai2="76,99,56,103,24,120,4,107,54,45,132,112,41" hai3="62,122,131,10,133,87,126,68,88,31,105,94,15"/><U119/><E19/><V135/><F120/><W118/><G122/><T49/><D37/><U129/><E129/><V43/><F76/><W3/><G131/><T91/><D29/><U34/><E34/><V124/><F124/><W79/><G126/><T78/><D121/><U100/><E100/><V80/><F80/><W72/><G133/><N who="2" m="51273" /><F112/><W57/><G68/><T2/><D134/><U125/><E125/><V25/><F4/><W130/><G130/><T89/><D102/><U66/><E66/><V50/><F41/><W83/><G105/><T64/><D78/><U98/><E9/><V51/><AGARI ba="0,0" hai="24,25,43,45,50,51,54,56,99,103,107" m="51273" machi="51" ten="30,1100,0" yaku="20,1" doraHai="33" who="2" fromWho="2" sc="155,-3,210,-5,365,11,270,-3" /><INIT seed="6,0,0,4,4,24" ten="152,205,376,267" oya="2" hai0="23,129,96,72,56,100,68,135,52,31,87,39,4" hai1="99,11,125,14,93,131,18,27,97,29,104,46,42" hai2="20,130,89,80,9,49,50,83,116,0,28,107,12" hai3="7,114,124,3,25,91,120,81,57,40,44,84,102"/><V21/><F116/><W8/><G120/><T98/><D72/><U127/><E131/><V88/><F107/><W48/><G124/><N who="1" m="47690" /><E93/><V94/><F130/><W126/><G126/><T119/><D68/><U61/><E61/><V13/><F0/><W30/><G102/><T74/><D74/><U69/><E69/><V43/><F94/><W77/><G114/><T133/><D39/><N who="1" m="21855" /><E104/><V75/><F75/><W37/><G57/><T90/><D129/><U36/><E36/><V128/><F128/><W79/><REACH who="3" step="1"/><G37/><REACH who="3" ten="152,205,376,257" step="2"/><T123/><D123/><U122/><E122/><V54/><F43/><W95/><G95/><T73/><D73/><U26/><E26/><V86/><F83/><W33/><AGARI ba="0,1" hai="3,7,8,25,30,33,40,44,48,77,79,81,84,91" machi="33" ten="20,5200,0" yaku="1,1,0,1,7,1,52,1,53,0" doraHai="24" doraHaiUra="10" who="3" fromWho="3" sc="152,-13,205,-13,376,-26,257,62" /><INIT seed="7,0,0,3,1,107" ten="139,192,350,319" oya="3" hai0="90,66,30,82,44,36,120,86,73,119,92,69,8" hai1="5,6,105,83,13,81,52,65,20,9,113,115,85" hai2="101,3,31,110,70,59,18,114,131,124,55,74,64" hai3="33,76,53,96,12,109,132,62,63,91,72,128,135"/><W93/><G33/><T29/><D120/><U88/><E105/><V68/><F110/><W123/><G123/><T112/><D119/><U26/><E65/><V61/><F74/><W134/><G109/><T116/><D116/><U17/><E6/><V98/><F114/><N who="1" m="43529" /><E52/><V40/><F3/><W130/><G12/><T2/><D112/><U75/><E75/><V47/><F124/><W125/><G125/><T34/><D34/><U97/><E97/><V38/><F131/><N who="3" m="50219" /><G53/><T79/><D66/><U22/><E22/><V104/><F31/><W108/><G108/><T103/><D103/><U49/><E49/><N who="2" m="31215" /><F68/><W121/><G121/><T129/><D69/><U67/><E67/><V24/><F24/><W84/><G72/><T27/><D129/><U50/><E50/><V89/><F18/><W21/><G21/><T126/><D126/><U19/><E19/><V37/><F37/><W100/><G76/><T118/><D118/><U80/><AGARI ba="0,0" hai="5,9,13,17,20,26,80,81,83,85,88" m="43529" machi="80" ten="30,2000,0" yaku="15,1,54,1" doraHai="107" who="1" fromWho="1" sc="139,-5,192,20,350,-5,319,-10" owari="134,-37.0,212,-19.0,345,45.0,309,11.0" /></mjloggm>