<mjloggm ver="2.3"><GO type="169" lobby="0"/><UN n0="%4A%2E%63%6F%6D%40%4B%31" n1="%E3%83%9E%E3%82%AC%E3%82%B8%E3%83%B3" n2="%E3%83%88%E3%83%88%E3%83%AA%E5%85%88%E7%94%9F%31%39%E6%AD%B3" n3="%E8%A5%BF%E5%9C%92%E5%AF%BA%E9%9D%96%E5%AD%90" dan="16,16,18,17" rate="2095.99,2156.17,2199.59,2152.09" sx="F,F,F,F"/><TAIKYOKU oya="0"/><INIT seed="0,0,0,0,2,62" ten="250,250,250,250" oya="0" hai0="29,110,130,11,77,45,1,32,135,112,98,86,15" hai1="51,70,44,52,65,95,75,74,5,59,34,60,78" hai2="84,19,56,114,123,64,106,80,109,82,54,33,134" hai3="23,121,49,118,104,13,87,128,71,72,85,133,26"/><T17/><D112/><U132/><E34/><V38/><F114/><W0/><G0/><T50/><D130/><U41/><E132/><V100/><F123/><W8/><G72/><T21/><D135/><U120/><E120/><V63/><F134/><W126/><G104/><T57/><D98/><U105/><E105/><V115/><F115/><W99/><G71/><T107/><D107/><U97/><E5/><V131/><F38/><W27/><G126/><T10/><D57/><U69/><E69/><V46/><F33/><W90/><G118/><T76/><D10/><U119/><E78/><V3/><F3/><W89/><G128/><T66/><D66/><U6/><E6/><V94/><F106/><W61/><G49/><T22/><D32/><U88/><E119/><V47/><F131/><W31/><G26/><N who="0" m="16599" /><D1/><U111/><E111/><V18/><F109/><W53/><G121/><T2/><D2/><U24/><E24/><V35/><F35/><W48/><G61/><AGARI ba="0,0" hai="41,44,51,52,59,60,61,65,70,74,75,88,95,97" machi="61" ten="30,7700,0" yaku="7,1,52,1,54,2" doraHai="62" who="1" fromWho="3" sc="250,0,250,77,250,0,250,-77" /><INIT seed="1,0,0,3,1,11" ten="250,327,250,173" oya="1" hai0="29,124,126,34,8,21,125,36,7,26,95,48,112" hai1="75,119,132,69,51,2,10,39,105,64,114,113,1" hai2="116,99,13,42,55,61,129,65,118,91,80,135,25" hai3="103,120,44,107,77,66,58,94,68,28,121,5,86"/><U52/><E75/><V31/><F129/><W106/><G68/><T110/><D48/><U57/><E105/><V78/><F135/><W38/><G28/><T115/><D36/><U70/><E119/><V90/><F42/><W46/><G5/><T104/><D95/><U40/><E132/><V27/><F55/><W96/><G107/><T100/><D100/><U43/><E10/><V6/><F99/><W14/><G38/><T102/><D102/><U71/><E1/><V19/><F6/><W98/><G98/><T73/><D73/><U50/><E2/><V20/><F27/><W123/><G14/><N who="0" m="5407" /><D104/><U122/><E64/><V97/><F97/><W74/><G66/><T9/><D110/><U67/><E67/><V32/><F118/><W87/><G58/><T15/><D34/><U133/><E133/><V101/><F101/><W130/><G130/><T0/><D0/><U117/><E117/><V53/><F53/><W72/><G72/><T45/><D45/><N who="1" m="23711" /><E122/><V60/><F116/><W4/><G4/><AGARI ba="0,0" hai="4,9,15,21,26,29,112,115,124,125,126" m="5407" machi="4" ten="30,8000,1" yaku="18,1,34,2,52,2" doraHai="11" who="0" fromWho="3" sc="250,80,327,0,250,0,173,-80" /><INIT seed="2,0,0,1,5,45" ten="330,327,250,93" oya="2" hai0="79,87,117,97,38,118,128,5,100,49,68,14,125" hai1="46,131,122,102,19,134,133,69,70,84,75,47,110" hai2="135,33,65,116,60,114,4,77,101,3,24,99,2" hai3="124,93,61,81,50,22,123,56,66,12,119,43,16"/><V64/><F114/><W80/><G119/><N who="0" m="45579" /><D38/><U13/><E75/><V129/><F116/><W120/><G124/><T91/><D68/><N who="1" m="26219" /><E102/><V59/><F129/><W121/><REACH who="3" step="1"/><G93/><REACH who="3" ten="330,327,250,83" step="2"/><T98/><D125/><U35/><E131/><V8/><F135/><W113/><G113/><T25/><D128/><U34/><E134/><V31/><F77/><W55/><G55/><T15/><D79/><U39/><E133/><V20/><F65/><W18/><G18/><T36/><D5/><U72/><E19/><V0/><REACH who="2" step="1"/><F33/><REACH who="2" ten="330,327,240,83" step="2"/><W37/><G37/><T76/><D36/><U11/><E39/><V126/><F126/><W111/><G111/><T94/><D76/><U44/><E110/><V106/><AGARI ba="0,2" hai="0,2,3,4,8,20,24,31,59,60,64,99,101,106" machi="106" ten="20,18000,2" yaku="1,1,0,1,7,1,53,3" doraHai="45" doraHaiUra="32" who="2" fromWho="2" sc="330,-60,327,-60,240,200,83,-60" /><INIT seed="2,1,0,5,4,59" ten="270,267,440,23" oya="2" hai0="7,114,78,6,81,89,66,8,48,1,110,121,101" hai1="21,104,9,74,60,50,99,13,62,106,11,86,75" hai2="127,102,120,42,133,10,85,69,107,92,124,53,70" hai3="2,108,45,134,64,95,40,76,55,80,63,67,22"/><V15/><F120/><W35/><G35/><T57/><D114/><U122/><E122/><V126/><F133/><W130/><G2/><T14/><D121/><U5/><E21/><V118/><F118/><W44/><G134/><T34/><D34/><U38/><E38/><V3/><F3/><W30/><G108/><T41/><D101/><U100/><E50/><V25/><F107/><W128/><G95/><T116/><D110/><U29/><E29/><V82/><F42/><W123/><G123/><T0/><D89/><U23/><E23/><V24/><F53/><W51/><G30/><T26/><D26/><N who="2" m="10346" /><F92/><W19/><G22/><T87/><D6/><U83/><E11/><V98/><F98/><W117/><G19/><T28/><D28/><U72/><REACH who="1" step="1"/><E106/><REACH who="1" ten="270,257,440,23" step="2"/><V17/><F124/><W103/><G117/><T125/><D125/><U37/><E37/><V90/><F127/><W68/><G103/><T109/><D116/><U115/><E115/><V18/><F102/><W33/><G33/><T132/><D132/><U71/><E71/><V73/><F70/><W84/><REACH who="3" step="1"/><G64/><REACH who="3" ten="270,257,440,13" step="2"/><T54/><D66/><U88/><AGARI ba="1,2" hai="5,9,13,60,62,72,74,75,83,86,88,99,100,104" machi="88" ten="30,8000,1" yaku="1,1,0,1,52,2,54,1,53,0" doraHai="59" doraHaiUra="111" who="1" fromWho="1" sc="270,-21,257,103,440,-41,13,-21" owari="249,-15.0,360,16.0,399,50.0,-8,-51.0" /></mjloggm>