<mjloggm ver="2.3"><GO type="169" lobby="0"/><UN n0="%E6%96%87%E5%9B%9B%E9%83%8E" n1="%E3%82%A6%E3%83%AB%E3%83%88%E3%83%A9%E7%AB%8B%E7%9B%B4" n2="%74%75%75%6B%61%69%33" n3="%E3%81%AC%E3%81%8F%E3%82%82%E3%82%8A" dan="17,17,17,16" rate="2237.98,2193.86,2176.27,2109.57" sx="M,M,M,M"/><TAIKYOKU oya="0"/><INIT seed="0,0,0,4,3,82" ten="250,250,250,250" oya="0" hai0="12,5,40,91,49,116,65,114,23,109,8,76,38" hai1="89,10,16,120,70,63,93,26,128,9,100,88,118" hai2="0,105,17,44,55,4,77,36,46,71,62,94,79" hai3="115,50,98,87,69,125,30,39,13,112,56,48,15"/><T29/><D114/><U3/><E118/><V124/><F105/><W52/><G39/><T130/><D116/><U22/><E120/><V28/><F124/><W1/><G1/><T66/><D38/><U25/><E128/><V7/><F28/><W99/><G69/><T72/><D130/><U80/><E70/><V123/><F123/><W90/><G125/><T84/><D109/><U59/><E3/><V2/><F17/><W51/><G30/><T47/><D72/><U73/><E26/><V11/><F94/><W113/><G99/><T14/><D76/><U18/><E18/><V81/><F36/><W35/><G98/><T95/><REACH who="0" step="1"/><D14/><REACH who="0" ten="240,250,250,250" step="2"/><U127/><E127/><V24/><F79/><W75/><G75/><T96/><D96/><N who="1" m="59407" /><E73/><V131/><F131/><W58/><G15/><T117/><D117/><U57/><E89/><V32/><F0/><W83/><G13/><T21/><D21/><U101/><E101/><V31/><F2/><W97/><G35/><T85/><D85/><N who="1" m="50215" /><E59/><V102/><F71/><W132/><G56/><T135/><D135/><U122/><E122/><V42/><F32/><W67/><G132/><T54/><D54/><AGARI ba="0,1" hai="9,10,16,22,25,54,57,63" m="50215,59407" machi="54" ten="30,7700,0" yaku="8,1,52,1,54,2" doraHai="82" who="1" fromWho="0" sc="240,-77,250,87,250,0,250,0" /><INIT seed="1,0,0,1,1,110" ten="163,337,250,250" oya="1" hai0="50,68,76,54,120,9,121,135,128,51,115,130,79" hai1="56,2,5,20,80,74,31,106,124,99,95,64,77" hai2="49,7,119,12,63,125,52,131,86,22,107,39,112" hai3="72,118,30,81,105,100,46,58,6,133,102,38,65"/><U29/><E124/><V21/><F107/><W35/><G105/><T103/><D68/><U11/><E106/><V34/><F34/><W92/><G35/><T32/><D32/><U15/><E2/><V88/><F119/><W37/><G30/><T83/><D103/><U47/><E20/><V98/><F39/><W0/><G133/><T25/><D25/><U134/><E134/><V123/><F123/><N who="0" m="47178" /><D135/><U78/><E78/><N who="0" m="29737" /><D83/><U48/><E56/><V43/><F125/><W116/><G81/><T67/><D67/><U71/><E64/><V127/><F127/><W60/><G72/><T28/><D28/><U4/><E71/><V96/><F43/><N who="3" m="22895" /><G92/><T10/><D115/><U59/><E59/><N who="2" m="33167" /><F112/><W66/><G66/><T26/><D26/><U53/><E4/><V113/><F113/><W41/><G6/><T57/><D51/><U16/><REACH who="1" step="1"/><E5/><REACH who="1" ten="163,327,250,250" step="2"/><V62/><F7/><W40/><G0/><T84/><D84/><U111/><E111/><V108/><F108/><W109/><G109/><T85/><D85/><U97/><E97/><V93/><F98/><W44/><G116/><T91/><D57/><U42/><E42/><V14/><F96/><W90/><G118/><T69/><D69/><U89/><AGARI ba="0,1" hai="11,15,16,29,31,47,48,53,74,77,80,89,95,99" machi="89" ten="20,18000,2" yaku="1,1,0,1,7,1,54,1,53,2" doraHai="110" doraHaiUra="24" who="1" fromWho="1" sc="163,-60,327,190,250,-60,250,-60" /><INIT seed="1,1,0,2,5,45" ten="103,517,190,190" oya="1" hai0="88,32,132,50,108,53,97,115,55,78,99,47,123" hai1="134,122,34,59,11,77,100,60,76,37,126,35,21" hai2="46,56,51,127,0,3,117,5,79,13,20,109,71" hai3="94,42,131,39,107,4,114,95,85,119,93,124,7"/><U82/><E122/><V68/><F117/><W25/><G114/><T54/><D115/><U87/><E37/><V74/><F109/><W43/><G107/><T98/><D32/><U104/><E134/><V63/><F127/><W91/><G124/><T18/><D78/><U12/><E126/><V24/><F13/><W58/><G119/><T27/><D108/><U65/><E104/><V14/><F14/><W89/><G131/><T102/><D102/><U118/><E118/><V133/><F133/><W110/><G110/><T23/><D132/><U66/><E100/><V28/><F79/><W52/><G25/><T8/><D123/><U41/><E41/><N who="3" m="15370" /><G39/><T64/><D64/><U16/><E77/><V40/><F74/><W62/><G93/><T9/><D88/><U120/><E120/><V36/><F36/><W67/><G67/><T86/><D86/><AGARI ba="1,0" hai="4,7,52,58,62,85,86,89,91,94,95" m="15370" machi="86" ten="30,2000,0" yaku="8,1,54,1" doraHai="45" who="3" fromWho="0" sc="103,-23,517,0,190,0,190,23" /><INIT seed="2,0,0,1,2,131" ten="80,517,190,213" oya="2" hai0="35,83,119,98,109,64,96,125,6,42,28,89,33" hai1="135,130,60,62,2,53,133,120,74,128,103,93,69" hai2="5,19,55,16,0,51,105,18,84,121,36,100,102" hai3="10,114,37,3,58,56,43,12,50,63,126,106,52"/><V107/><F121/><W71/><G106/><T123/><D123/><U46/><E74/><V90/><F36/><W65/><G3/><T99/><D42/><U13/><E2/><V59/><F0/><W39/><G12/><T29/><D6/><U20/><E120/><V26/><F5/><W81/><G81/><T111/><D64/><U73/><E73/><V48/><F107/><W49/><G10/><T25/><D125/><U134/><E93/><V67/><F67/><W47/><G126/><T87/><REACH who="0" step="1"/><D119/><REACH who="0" ten="70,517,190,213" step="2"/><U104/><E128/><V61/><F105/><W122/><G122/><T21/><D21/><U1/><E130/><V23/><F102/><W110/><G114/><T77/><D77/><U75/><E103/><V15/><F100/><W80/><G110/><T44/><D44/><U124/><E46/><V66/><F66/><N who="3" m="41439" /><G80/><T24/><AGARI ba="0,1" hai="24,25,28,29,33,35,83,87,89,96,98,99,109,111" machi="24" ten="30,12000,2" yaku="1,1,0,1,9,1,53,3" doraHai="131" doraHaiUra="95" who="0" fromWho="0" sc="70,130,517,-30,190,-60,213,-30" /><INIT seed="3,0,0,5,0,28" ten="200,487,130,183" oya="3" hai0="89,99,104,134,40,97,82,4,36,47,38,118,49" hai1="17,31,48,67,112,117,22,6,121,74,133,29,131" hai2="15,91,85,70,52,25,129,11,123,13,92,59,101" hai3="34,41,87,116,2,35,50,90,81,19,51,68,61"/><W56/><G116/><T14/><D118/><U110/><E117/><V44/><F70/><W111/><G2/><T3/><D3/><U86/><E74/><V26/><F129/><W132/><G68/><T78/><D134/><U60/><E121/><V72/><F72/><W126/><G132/><T16/><D4/><U94/><E133/><V98/><F123/><W24/><G126/><T62/><D62/><U79/><E112/><V7/><F15/><W102/><G111/><T83/><D97/><U10/><E131/><V5/><F5/><W127/><G127/><T21/><D83/><U75/><E48/><V12/><F12/><W108/><G108/><T122/><D122/><U73/><E75/><V125/><F44/><W93/><G19/><T39/><D104/><U63/><E63/><V77/><F77/><W130/><G24/><T95/><D82/><U120/><E73/><V42/><F42/><W80/><G130/><T69/><D69/><U58/><E120/><V107/><REACH who="2" step="1"/><F125/><REACH who="2" ten="200,487,120,183" step="2"/><W9/><G41/><T66/><D78/><U18/><E79/><V96/><F96/><W20/><G56/><T76/><D76/><U27/><E110/><V109/><F109/><W103/><G87/><T88/><REACH who="0" step="1"/><D66/><REACH who="0" ten="190,487,120,183" step="2"/><U54/><E67/><V113/><F113/><W23/><G23/><T114/><D114/><U55/><E22/><V37/><F37/><W106/><G20/><T100/><AGARI ba="0,2" hai="14,16,21,36,38,39,40,47,49,88,89,95,99,100" machi="100" ten="30,7900,0" yaku="1,1,0,1,54,2,53,0" doraHai="28" doraHaiUra="0" who="0" fromWho="0" sc="190,99,487,-20,120,-20,183,-39" /><INIT seed="4,0,0,3,5,13" ten="289,467,100,144" oya="0" hai0="111,12,37,5,84,70,87,133,94,39,89,75,93" hai1="24,62,109,49,85,23,47,72,55,58,101,16,119" hai2="121,8,116,7,52,83,3,28,19,21,66,64,54" hai3="117,27,33,134,56,65,99,18,34,38,80,100,78"/><T123/><D123/><U96/><E72/><V98/><F121/><W4/><G117/><T6/><D75/><U36/><E109/><V79/><F116/><W122/><G38/><T11/><D70/><U114/><E114/><V14/><F98/><W50/><G122/><T15/><D111/><U107/><E119/><V124/><F124/><W22/><G134/><T77/><D133/><U48/><REACH who="1" step="1"/><E85/><REACH who="1" ten="289,457,100,144" step="2"/><V53/><REACH who="2" step="1"/><F28/><REACH who="2" ten="289,457,90,144" step="2"/><W118/><G118/><T135/><D135/><U115/><E115/><V1/><F1/><W73/><G73/><AGARI ba="0,2" hai="3,7,8,14,19,21,52,53,54,64,66,73,79,83" machi="73" ten="40,5200,0" yaku="1,1,52,1,54,1,53,0" doraHai="13" doraHaiUra="20" who="2" fromWho="3" sc="289,0,457,0,90,72,144,-52" /><INIT seed="5,0,0,4,5,47" ten="289,457,162,92" oya="1" hai0="119,65,117,125,28,20,44,106,94,29,39,46,0" hai1="76,84,99,36,10,32,30,56,38,13,15,25,72" hai2="130,105,116,121,79,132,89,128,34,23,60,75,133" hai3="124,40,113,24,37,54,31,86,43,61,66,55,87"/><U33/><E72/><V4/><F34/><W126/><G24/><T110/><D110/><U51/><E33/><V73/><F116/><W9/><G9/><T97/><D106/><U17/><E99/><V118/><F118/><W57/><G31/><T107/><D107/><U90/><E76/><V8/><F121/><W21/><G21/><T62/><D0/><U35/><E35/><V3/><F105/><W80/><G80/><T77/><D77/><U91/><E91/><V112/><F60/><W122/><G86/><T64/><D125/><N who="3" m="48233" /><G87/><T98/><D20/><U102/><E102/><V101/><F101/><W120/><G113/><T59/><D62/><U5/><E15/><V69/><F69/><N who="3" m="42191" /><G55/><T123/><D94/><U2/><E90/><V22/><F89/><W26/><G26/><T127/><D127/><U71/><E84/><V41/><F112/><W48/><G37/><T67/><D39/><U11/><E38/><V129/><F79/><W18/><G18/><T82/><D82/><U114/><E36/><V85/><F85/><W96/><G96/><T45/><D119/><U1/><E1/><V58/><F75/><W16/><G16/><T42/><D117/><U95/><E114/><V135/><F73/><W83/><G83/><T19/><D98/><U93/><E2/><V78/><F78/><W108/><G108/><T68/><D97/><U14/><E17/><V88/><F22/><W52/><G52/><T6/><D19/><U109/><E109/><V81/><F23/><W63/><G63/><T131/><D29/><U7/><E30/><V53/><F53/><RYUUKYOKU ba="0,0" sc="289,-10,457,-10,162,-10,92,30" hai3="40,43,48,54,57,120,122" /><INIT seed="6,1,0,2,2,15" ten="279,447,152,122" oya="2" hai0="9,65,62,111,52,38,8,82,21,123,18,4,112" hai1="48,116,11,23,88,92,114,96,130,89,59,90,72" hai2="101,119,61,68,110,47,0,132,55,25,115,84,63" hai3="108,54,30,58,5,41,74,67,121,19,109,26,34"/><V95/><F119/><W51/><G121/><T97/><D123/><U37/><E37/><V113/><F0/><W20/><G74/><T57/><D111/><U102/><E72/><V80/><F110/><W29/><G5/><T91/><D38/><U93/><E116/><V120/><F120/><W28/><G34/><T22/><D112/><N who="2" m="43082" /><F68/><W77/><G77/><T31/><D4/><U27/><E114/><V106/><F106/><W46/><REACH who="3" step="1"/><G67/><REACH who="3" ten="279,447,152,112" step="2"/><T71/><D65/><U33/><E33/><V13/><F132/><W53/><G53/><T103/><D52/><N who="1" m="32135" /><E130/><V99/><F25/><W133/><G133/><T76/><D76/><U39/><E39/><AGARI ba="1,1" hai="19,20,26,28,29,30,39,41,46,51,54,58,108,109" machi="39" ten="40,2600,0" yaku="1,1,52,1,53,0" doraHai="15" doraHaiUra="100" who="3" fromWho="1" sc="279,0,447,-29,152,0,112,39" /><INIT seed="7,0,0,1,2,50" ten="279,418,152,151" oya="3" hai0="90,47,123,35,116,27,41,94,11,126,71,5,135" hai1="97,12,64,76,19,43,38,118,60,49,9,92,72" hai2="6,120,96,119,36,80,24,67,98,89,85,57,3" hai3="2,25,59,125,68,86,61,1,104,70,7,106,122"/><W8/><G122/><T14/><D123/><U31/><E38/><V58/><F119/><W114/><G114/><T10/><D116/><U74/><E76/><V34/><F120/><W111/><G125/><T20/><D71/><U0/><E118/><V87/><F36/><W83/><G2/><T44/><D35/><U117/><E117/><V63/><F3/><W45/><G111/><T4/><D126/><U48/><E48/><V131/><F6/><W130/><G130/><T75/><D75/><U121/><E121/><V103/><F131/><W100/><G45/><T129/><D129/><U15/><E31/><V112/><F112/><W55/><G25/><T29/><D41/><U78/><E78/><V84/><F34/><W79/><REACH who="3" step="1"/><G100/><REACH who="3" ten="279,418,152,141" step="2"/><T95/><D27/><U134/><E0/><V26/><F24/><W32/><G32/><T77/><D47/><U88/><E15/><V40/><F26/><W17/><G17/><T101/><D44/><U81/><E19/><V73/><F40/><W65/><G65/><T33/><D101/><U54/><E64/><V28/><F28/><W52/><G52/><T102/><D102/><U66/><E54/><V62/><F73/><W51/><G51/><T22/><D33/><U16/><E49/><V110/><F110/><W18/><G18/><T128/><D29/><U133/><E43/><V53/><F103/><W127/><G127/><T21/><D128/><U113/><E113/><V107/><F107/><AGARI ba="0,1" hai="1,7,8,55,59,61,68,70,79,83,86,104,106,107" machi="107" ten="40,3900,0" yaku="1,1,52,1,53,0" doraHai="50" doraHaiUra="109" who="3" fromWho="2" sc="279,0,418,0,152,-39,141,49" /><INIT seed="7,1,0,4,4,65" ten="279,418,113,190" oya="3" hai0="69,39,32,70,61,28,41,64,7,52,128,18,9" hai1="87,83,135,82,17,81,74,109,54,53,33,118,125" hai2="62,101,114,22,103,99,31,1,123,115,19,96,73" hai3="5,78,35,2,126,105,34,75,42,133,47,100,55"/><W111/><G133/><T77/><D128/><U91/><E33/><V110/><F1/><W92/><G92/><T72/><D18/><U112/><E109/><V51/><F110/><W46/><G55/><T80/><D28/><U25/><E135/><V8/><F73/><W45/><G111/><T130/><D32/><U129/><E129/><V29/><F123/><W120/><G120/><T3/><D130/><U107/><E107/><V119/><F119/><W131/><G126/><T49/><D70/><U27/><E125/><V106/><F8/><W121/><G121/><T0/><D3/><U68/><E68/><V127/><F127/><W76/><G42/><T95/><D95/><U63/><E74/><V38/><F38/><W88/><G100/><T23/><D23/><U90/><E112/><V71/><F51/><W104/><G5/><T67/><D64/><U58/><E118/><V132/><F132/><W113/><G35/><T85/><D85/><N who="1" m="50479" /><E83/><V24/><F29/><W60/><G113/><T16/><D16/><U56/><E17/><V116/><F116/><W40/><G2/><T122/><D122/><U94/><E82/><V79/><F79/><W134/><G78/><T10/><D9/><U4/><E4/><V30/><F30/><W84/><G76/><T86/><D72/><U89/><E89/><V124/><F124/><W21/><G75/><T57/><D39/><U59/><E94/><N who="2" m="58519" /><F19/><W117/><G131/><T11/><D11/><U15/><E91/><V43/><F43/><W98/><G117/><T26/><D41/><U12/><E53/><V108/><F108/><RYUUKYOKU ba="1,0" sc="279,15,418,-15,113,15,190,-15" hai0="0,7,10,26,49,52,57,61,67,69,77,80,86" hai2="22,24,31,62,71,99,103,106,114,115" owari="294,9.0,403,50.0,128,-37.0,175,-22.0" /></mjloggm>