<mjloggm ver="2.3"><GO type="225" lobby="0"/><UN n0="%64%61%61%61%61%61%61%61" n1="%E3%83%88%E3%83%88%E3%83%AA%E5%85%88%E7%94%9F%31%39%E6%AD%B3" n2="%4D%40%53%4F" n3="%E6%80%96%E3%81%8F%E3%81%AA%E3%81%84%E3%81%8A" dan="17,17,16,17" rate="2203.41,2186.78,2220.38,2198.53" sx="F,F,M,M"/><TAIKYOKU oya="0"/><INIT seed="0,0,0,1,1,88" ten="250,250,250,250" oya="0" hai0="120,96,49,124,101,86,107,10,95,80,26,25,55" hai1="23,41,94,4,52,64,11,129,130,36,122,38,93" hai2="108,33,71,44,76,57,99,7,82,16,83,125,92" hai3="133,134,59,102,123,8,118,37,42,66,62,47,87"/><T22/><D124/><U18/><E122/><V103/><F71/><W67/><G118/><T73/><D120/><U50/><E64/><V135/><F125/><W77/><G123/><T85/><D107/><U40/><E40/><V28/><F108/><W20/><G102/><T69/><D69/><U65/><E65/><V74/><F135/><N who="3" m="51723" /><G8/><T61/><D61/><U84/><E41/><V79/><F7/><W128/><G66/><T132/><D132/><U75/><E75/><V63/><F44/><W119/><G119/><T104/><D10/><U0/><E84/><V81/><F74/><W90/><G77/><N who="2" m="29769" /><F33/><W97/><G97/><T45/><D73/><U30/><E30/><V100/><F28/><W15/><G20/><T68/><D68/><U19/><E36/><V51/><F51/><W60/><G15/><T58/><D104/><U56/><E38/><V89/><F16/><N who="1" m="6185" /><E23/><V48/><F48/><W114/><G62/><T24/><D22/><U70/><E70/><V131/><F131/><AGARI ba="0,0" hai="0,4,11,50,52,56,93,94,129,130,131" m="6185" machi="131" ten="30,8000,1" yaku="19,1,52,2,54,2" doraHai="88" who="1" fromWho="2" sc="250,0,250,80,250,-80,250,0" /><INIT seed="1,0,0,5,1,125" ten="250,330,170,250" oya="1" hai0="18,124,88,121,39,61,92,33,110,47,49,94,43" hai1="1,95,101,84,104,120,35,19,54,26,16,42,41" hai2="40,108,85,30,103,7,71,93,123,98,126,119,52" hai3="23,32,86,77,59,67,89,8,20,65,56,118,68"/><U75/><E120/><V90/><F119/><W128/><G32/><T131/><D124/><U37/><E75/><V87/><F126/><W96/><G118/><T51/><D121/><U79/><E1/><V4/><F123/><W48/><G68/><T55/><D33/><U21/><E35/><V80/><F108/><W111/><G111/><T0/><D0/><U97/><E37/><V73/><F71/><W2/><G8/><T12/><D110/><U106/><E106/><V15/><F40/><N who="1" m="15465" /><E104/><V74/><F74/><W34/><G34/><T135/><D135/><U17/><E54/><V13/><F73/><W3/><G96/><T36/><D92/><U10/><E10/><V38/><F38/><W113/><G77/><T64/><D49/><U78/><E84/><V69/><F69/><W72/><G48/><T99/><D43/><U122/><E122/><V112/><F112/><W82/><G72/><T116/><D116/><U63/><E63/><V57/><F30/><AGARI ba="0,0" hai="16,17,19,21,26,30,78,79,95,97,101" m="15465" machi="30" ten="30,2900,0" yaku="8,1,54,1" doraHai="125" who="1" fromWho="2" sc="250,0,330,29,170,-29,250,0" /><INIT seed="1,1,0,0,2,61" ten="250,359,141,250" oya="1" hai0="117,127,131,5,38,27,46,125,113,68,119,4,23" hai1="30,49,25,64,81,36,62,77,89,66,0,83,54" hai2="9,134,56,41,104,111,51,102,37,47,129,101,110" hai3="15,87,133,63,95,118,91,26,39,58,109,1,93"/><U126/><E36/><V48/><F129/><W92/><G1/><T65/><D38/><U78/><E0/><V20/><F9/><W84/><G39/><T115/><D46/><U88/><E126/><N who="0" m="48137" /><D65/><N who="1" m="25195" /><E62/><V12/><F134/><W53/><G133/><T6/><D68/><U22/><E83/><V69/><F69/><W114/><G109/><T50/><D50/><U33/><E33/><V7/><F51/><W70/><G70/><T31/><D131/><U97/><E88/><V121/><F48/><W108/><G108/><T45/><D45/><N who="1" m="27951" /><E97/><V60/><F60/><W79/><G114/><AGARI ba="1,0" hai="4,5,6,23,27,31,113,114,115,117,119" m="48137" machi="114" ten="40,5200,0" yaku="18,1,34,2" doraHai="61" who="0" fromWho="3" sc="250,55,359,0,141,0,250,-55" /><INIT seed="2,0,0,2,3,87" ten="305,359,141,195" oya="2" hai0="99,118,20,105,114,101,34,85,30,22,69,53,75" hai1="35,135,36,65,128,2,47,126,80,112,125,21,134" hai2="92,89,76,64,74,40,8,72,95,15,127,86,32" hai3="41,129,119,78,52,11,133,49,7,10,57,0,29"/><V27/><F127/><N who="1" m="48649" /><E35/><V3/><F3/><W9/><G119/><T4/><D75/><U110/><E112/><V26/><F40/><W42/><G133/><N who="1" m="50698" /><E2/><V73/><F76/><W116/><G116/><T62/><D85/><U13/><E110/><V17/><F64/><W31/><G78/><T131/><D4/><U115/><E115/><V37/><F37/><W50/><G41/><T81/><D81/><U82/><E47/><V58/><F32/><W93/><G7/><T120/><D53/><U16/><E36/><V68/><F68/><W48/><G0/><T12/><D62/><U24/><E128/><V90/><REACH who="2" step="1"/><F58/><REACH who="2" ten="305,359,131,195" step="2"/><W71/><G71/><T121/><D69/><U54/><E65/><V91/><F91/><W104/><G42/><T88/><D88/><U83/><E54/><V98/><AGARI ba="0,1" hai="8,15,17,26,27,72,73,74,86,89,90,92,95,98" machi="98" ten="30,11700,0" yaku="1,1,0,1,52,2,53,0" doraHai="87" doraHaiUra="100" who="2" fromWho="2" sc="305,-39,359,-39,131,127,195,-39" /><INIT seed="2,1,0,2,2,53" ten="266,320,258,156" oya="2" hai0="120,80,59,108,113,87,106,28,128,62,30,22,77" hai1="133,103,118,18,90,124,86,40,112,54,69,116,34" hai2="61,21,3,60,123,68,24,57,72,119,23,67,73" hai3="100,49,66,32,56,88,37,65,135,52,122,14,78"/><V89/><F119/><W82/><G122/><T38/><D120/><U96/><E112/><V6/><F123/><W92/><G37/><T13/><D113/><U42/><E69/><V2/><F89/><W129/><G32/><T44/><D106/><U31/><E133/><V15/><F15/><W111/><G135/><T58/><D108/><U104/><E124/><V63/><F63/><W17/><G111/><T64/><D128/><U126/><E126/><V50/><F50/><W76/><G100/><T83/><D83/><U127/><E127/><V4/><F24/><W74/><G129/><T130/><D130/><U11/><E31/><V39/><F67/><W105/><G105/><T43/><D22/><U101/><E34/><V9/><F9/><W41/><G41/><T8/><REACH who="0" step="1"/><D59/><REACH who="0" ten="256,320,258,156" step="2"/><U5/><E104/><V51/><F57/><W115/><G115/><T110/><D110/><U1/><E116/><V55/><F68/><W33/><G33/><T95/><D95/><U114/><E118/><V71/><F71/><W36/><G36/><T0/><D0/><U20/><E1/><V48/><F39/><W75/><G75/><T47/><D47/><U7/><E20/><V97/><F72/><W29/><G29/><T81/><D81/><U102/><E114/><V132/><F73/><W10/><REACH who="3" step="1"/><G78/><REACH who="3" ten="256,320,258,146" step="2"/><T45/><D45/><U107/><E107/><V84/><F132/><W19/><G19/><AGARI ba="1,2" hai="8,13,19,28,30,38,43,44,58,62,64,77,80,87" machi="19" ten="30,7700,0" yaku="1,1,7,1,52,1,53,1" doraHai="53" doraHaiUra="79" who="0" fromWho="3" sc="256,100,320,0,258,0,146,-80" /><INIT seed="3,0,0,1,3,58" ten="356,320,258,66" oya="3" hai0="59,37,56,18,9,71,50,114,51,19,35,54,7" hai1="117,98,113,104,20,52,25,3,23,133,115,2,24" hai2="116,135,38,70,118,95,86,100,123,108,125,132,119" hai3="82,74,39,110,49,111,34,102,57,109,96,11,107"/><W81/><G39/><T47/><D35/><U124/><E104/><V112/><F38/><W61/><G34/><T17/><D71/><U76/><E98/><N who="2" m="59487" /><F70/><W60/><G11/><T26/><D114/><U46/><E133/><N who="2" m="51275" /><F112/><W29/><G29/><T44/><D26/><U90/><E124/><V122/><F125/><W134/><G134/><T64/><D37/><U30/><E117/><V92/><F108/><W45/><G57/><T121/><D121/><N who="2" m="46090" /><F92/><W97/><G97/><T22/><D22/><U42/><E42/><V4/><F4/><W78/><G81/><T32/><D32/><U65/><E115/><V103/><F86/><W83/><G82/><T127/><D127/><U68/><E113/><V106/><F103/><W5/><G5/><T28/><D28/><U131/><E2/><V101/><F101/><W53/><AGARI ba="0,0" hai="45,49,53,60,61,74,78,83,96,102,107,109,110,111" machi="53" ten="30,12000,1" yaku="0,1,14,1,10,1,52,2" doraHai="58" who="3" fromWho="3" sc="356,-40,320,-40,258,-40,66,120" /><INIT seed="3,1,0,3,0,85" ten="316,280,218,186" oya="3" hai0="87,101,4,48,117,19,133,37,60,72,132,96,123" hai1="14,24,31,84,98,124,71,77,23,80,68,47,8" hai2="81,119,93,45,110,43,103,106,1,58,65,16,79" hai3="40,82,107,128,78,116,12,28,91,56,41,76,111"/><W112/><G112/><T20/><D37/><U6/><E124/><V127/><F119/><W26/><G116/><T95/><D72/><U67/><E67/><V113/><F113/><W46/><G107/><T39/><D39/><U73/><E98/><N who="2" m="59855" /><F1/><W126/><G126/><T33/><D33/><U13/><E73/><V30/><F106/><W32/><G128/><T54/><D4/><U121/><E121/><V52/><F127/><W69/><G69/><T74/><D74/><U51/><E13/><V75/><F75/><W135/><G135/><T11/><D11/><U10/><E10/><V38/><F38/><W70/><G70/><T34/><D34/><U100/><E100/><V134/><F110/><W59/><G111/><T29/><D29/><U131/><E131/><V99/><F65/><W42/><G46/><T89/><D60/><U120/><E120/><V5/><F5/><W0/><G0/><T25/><D123/><U64/><E64/><V49/><F30/><W130/><G12/><T97/><D117/><U63/><E63/><N who="2" m="36295" /><F134/><N who="0" m="51818" /><D101/><U36/><E36/><V21/><F99/><W115/><G115/><T104/><D104/><U94/><E94/><V57/><F57/><AGARI ba="1,0" hai="19,20,25,48,54,57,87,89,95,96,97" m="51818" machi="57" ten="30,2000,0" yaku="20,1,52,1" doraHai="85" who="0" fromWho="2" sc="316,23,280,0,218,-23,186,0" owari="339,43.0,280,8.0,195,-20.0,186,-31.0" /></mjloggm>