<mjloggm ver="2.3"><GO type="225" lobby="0"/><UN n0="%E3%82%A6%E3%83%AB%E3%83%88%E3%83%A9%E7%AB%8B%E7%9B%B4" n1="%79%6F%75%37%37%37" n2="%E3%81%BD%E3%83%BC%E3%82%93%64%65%E3%83%AA%E3%83%B3%E3%82%B0" n3="%E2%80%A0%58%54%45%4E%44%E2%80%A0" dan="17,16,16,17" rate="2168.85,2083.86,2132.41,2126.13" sx="M,M,M,F"/><TAIKYOKU oya="0"/><INIT seed="0,0,0,0,3,21" ten="250,250,250,250" oya="0" hai0="117,135,50,133,69,5,124,118,13,4,110,68,84" hai1="39,78,0,17,71,24,99,9,57,47,107,122,80" hai2="132,106,20,8,35,89,64,46,27,14,37,115,81" hai3="96,90,18,65,85,28,113,32,30,93,52,61,91"/><T7/><D13/><U83/><E122/><V116/><F115/><W53/><G113/><T51/><D84/><U48/><E71/><N who="0" m="27209" /><D124/><U76/><E39/><V103/><F132/><N who="0" m="50762" /><D110/><U86/><E57/><V49/><F37/><W102/><G91/><T23/><D23/><U55/><E24/><V36/><F36/><W62/><G18/><T104/><D104/><U19/><E107/><V6/><F35/><W121/><G121/><T125/><D125/><U127/><E99/><V45/><F103/><W119/><G119/><AGARI ba="0,0" hai="4,5,7,50,51,117,118,119" m="50762,27209" machi="119" ten="40,7700,0" yaku="28,2,20,1" doraHai="21" who="0" fromWho="3" sc="250,77,250,0,250,0,250,-77" /><INIT seed="0,1,0,2,4,106" ten="327,250,250,173" oya="0" hai0="54,12,6,118,133,62,109,35,25,91,18,4,103" hai1="53,88,16,46,38,1,75,24,98,80,132,82,125" hai2="57,17,72,84,78,112,119,126,101,20,74,95,90" hai3="73,100,11,56,96,104,131,61,77,51,107,55,65"/><T22/><D118/><U71/><E71/><V45/><F112/><W48/><G131/><T13/><D103/><U10/><E1/><V114/><F114/><W97/><G11/><T30/><D91/><U59/><E38/><V110/><F119/><W105/><G97/><T49/><D62/><U7/><E46/><V89/><F110/><W81/><REACH who="3" step="1"/><G48/><REACH who="3" ten="327,250,250,163" step="2"/><T99/><D99/><U68/><E98/><V23/><F101/><W5/><G5/><T32/><D49/><U70/><E7/><V31/><F126/><W86/><G86/><T33/><D109/><U42/><E10/><V64/><F84/><W2/><G2/><T66/><D133/><U19/><E132/><V121/><F121/><W40/><G40/><T60/><D6/><U50/><E42/><V127/><F127/><W124/><G124/><T34/><D4/><U29/><E50/><V128/><F128/><W135/><G135/><T134/><D134/><U39/><E125/><V79/><F74/><W43/><G43/><T14/><REACH who="0" step="1"/><D54/><REACH who="0" ten="317,250,250,163" step="2"/><U130/><E53/><V83/><F90/><W102/><G102/><T94/><D94/><U115/><E88/><V76/><F95/><W67/><G67/><T0/><D0/><U58/><E115/><V27/><F89/><W47/><AGARI ba="1,2" hai="47,51,55,56,61,65,73,77,81,96,100,104,105,107" machi="47" ten="20,5200,0" yaku="1,1,0,1,7,1,52,1,53,0" doraHai="106" doraHaiUra="123" who="3" fromWho="3" sc="317,-27,250,-14,250,-14,163,75" /><INIT seed="1,0,0,3,4,99" ten="290,236,236,238" oya="1" hai0="32,68,74,101,115,88,16,64,41,87,24,120,70" hai1="96,111,100,105,34,29,46,48,112,108,69,65,47" hai2="62,89,116,131,106,118,72,93,102,77,90,2,128" hai3="17,57,25,8,66,86,4,18,51,84,6,39,132"/><U55/><E112/><V122/><F2/><W42/><G39/><T0/><D74/><U13/><E13/><V107/><F122/><W95/><G132/><T92/><D0/><U129/><E129/><N who="2" m="49739" /><F62/><N who="3" m="38223" /><G8/><T63/><D115/><U1/><E1/><V125/><F125/><W28/><G28/><T49/><D101/><U10/><E10/><V60/><F60/><W82/><G95/><T44/><D120/><U97/><E97/><N who="2" m="61775" /><F107/><W59/><G86/><T135/><D135/><U43/><E65/><V3/><F3/><W123/><G123/><T78/><D78/><U71/><E29/><V53/><F53/><N who="3" m="32191" /><G42/><T73/><D73/><U104/><E104/><V126/><F126/><W45/><G45/><T11/><D32/><U75/><E75/><V26/><F26/><W94/><G94/><T35/><D35/><U114/><E34/><V103/><F103/><W12/><G25/><T36/><D70/><U79/><E114/><V109/><F109/><N who="1" m="42057" /><E79/><V91/><F93/><W110/><G110/><T127/><D127/><U20/><E20/><V9/><F9/><N who="3" m="4151" /><G4/><T81/><D92/><U38/><AGARI ba="0,0" hai="38,43,46,47,48,55,69,71,96,100,105" m="42057" machi="38" ten="30,6000,0" yaku="14,1,10,1,52,1" doraHai="99" who="1" fromWho="1" sc="290,-20,236,60,236,-20,238,-20" /><INIT seed="1,1,0,1,3,60" ten="270,296,216,218" oya="1" hai0="121,2,120,10,54,94,102,40,50,38,46,5,44" hai1="62,13,135,85,36,88,28,95,16,31,30,51,80" hai2="133,37,77,103,109,25,114,52,19,110,53,99,23" hai3="83,65,27,75,107,129,82,91,68,14,0,128,123"/><U92/><E135/><V4/><F37/><W97/><G123/><T122/><REACH who="0" step="1"/><D94/><REACH who="0" ten="260,296,216,218" step="2"/><U47/><E36/><V56/><F133/><W61/><G129/><T12/><D12/><U58/><E47/><V100/><F114/><W105/><G14/><T55/><D55/><N who="1" m="34143" /><E51/><V48/><F53/><W87/><G128/><T33/><D33/><U76/><E76/><V78/><F78/><W64/><G107/><T124/><D124/><U8/><AGARI ba="1,1" hai="8,13,16,28,30,31,80,85,88,92,95" m="34143" machi="8" ten="30,6000,0" yaku="8,1,54,2" doraHai="60" who="1" fromWho="1" sc="260,-21,296,73,216,-21,218,-21" /><INIT seed="1,2,0,5,1,111" ten="239,369,195,197" oya="1" hai0="11,123,45,35,104,15,86,89,96,103,27,120,6" hai1="0,85,116,44,38,132,4,65,133,64,125,92,118" hai2="134,99,87,115,114,78,53,49,98,9,12,113,110" hai3="69,41,77,93,67,47,46,107,122,97,112,127,100"/><U54/><E0/><V62/><F110/><W131/><G122/><T3/><D45/><U73/><E73/><V2/><F2/><W10/><G127/><T42/><D42/><N who="1" m="22615" /><E4/><N who="2" m="3111" /><F134/><N who="1" m="51817" /><E85/><V130/><F130/><W117/><G117/><N who="1" m="45162" /><E92/><V52/><F62/><W40/><G131/><T25/><D3/><U43/><E125/><V37/><F87/><W63/><G93/><N who="0" m="54455" /><D35/><U95/><E95/><V108/><F78/><W126/><G77/><T94/><D94/><U66/><E43/><V61/><F108/><W32/><G126/><T68/><D6/><U75/><E75/><V33/><F33/><W84/><G32/><T109/><D109/><U26/><E26/><V50/><F99/><W28/><G84/><T5/><D27/><U129/><E129/><V57/><F98/><W19/><G40/><T22/><D25/><U88/><E88/><V30/><F30/><W21/><G28/><T91/><D91/><U18/><E18/><V7/><F7/><W24/><G41/><T80/><D5/><U34/><E34/><V90/><F90/><W59/><G24/><T39/><D96/><U70/><E54/><N who="2" m="21099" /><F37/><W76/><G19/><T83/><D39/><U135/><N who="1" m="51825" /><U8/><DORA hai="102" /><E8/><V128/><F128/><W101/><G10/><T79/><D11/><U1/><E1/><V60/><F57/><W105/><G59/><T14/><D79/><U124/><E124/><V36/><F36/><W20/><G76/><T72/><D72/><U56/><E56/><V82/><F82/><W48/><G97/><T81/><D83/><U71/><AGARI ba="2,0" hai="64,65,66,70,71" m="45162,51825,22615" machi="71" ten="50,9600,0" yaku="20,1,34,2" doraHai="111,102" who="1" fromWho="1" sc="239,-34,369,102,195,-34,197,-34" /><INIT seed="1,3,0,4,3,56" ten="205,471,161,163" oya="1" hai0="19,13,51,96,87,18,68,45,101,0,130,110,91" hai1="17,57,49,131,103,54,73,90,72,34,3,61,125" hai2="107,21,85,70,77,94,80,39,99,53,55,102,88" hai3="118,26,63,37,75,50,71,6,115,117,24,48,78"/><U83/><E3/><V108/><F108/><W84/><G115/><T79/><D0/><U11/><E34/><V12/><F39/><W30/><G37/><T5/><D68/><U16/><E131/><V133/><F133/><W113/><G113/><T120/><D79/><U9/><E125/><V40/><F40/><W66/><G75/><T1/><D1/><U67/><E103/><V31/><F70/><W46/><G6/><T106/><D110/><U100/><E100/><V65/><F65/><W112/><G112/><T93/><D130/><U122/><E122/><V124/><F124/><W22/><G24/><T41/><D120/><U86/><E72/><N who="2" m="43047" /><F12/><W25/><G25/><AGARI ba="3,0" hai="21,25,31,53,55,85,88,94,99,102,107" m="43047" machi="25" ten="30,2000,0" yaku="24,1,54,1" doraHai="56" who="2" fromWho="3" sc="205,0,471,0,161,29,163,-29" /><INIT seed="2,0,0,3,2,87" ten="205,471,190,134" oya="2" hai0="85,2,16,35,127,39,53,134,78,93,7,61,42" hai1="46,26,1,33,118,97,12,14,47,45,135,89,63" hai2="31,77,103,8,109,121,129,70,83,40,132,37,4" hai3="41,54,80,122,67,84,126,94,119,52,58,66,88"/><V76/><F121/><W116/><G122/><T107/><D107/><U95/><E1/><V57/><F70/><W13/><G119/><T22/><D35/><U74/><E74/><V104/><F31/><W73/><G116/><T68/><D39/><U17/><E118/><V75/><F77/><N who="3" m="46095" /><G73/><T72/><D42/><U64/><E135/><V32/><F32/><W113/><G113/><T27/><D72/><U28/><REACH who="1" step="1"/><E17/><REACH who="1" ten="205,461,190,134" step="2"/><V86/><F132/><W34/><G126/><T10/><D134/><U133/><E133/><V48/><F75/><W43/><G34/><T90/><D127/><U3/><E3/><V99/><F109/><W96/><G13/><T11/><D2/><U125/><E125/><V108/><F108/><W44/><G44/><T21/><D7/><U24/><E24/><V81/><F4/><W101/><G101/><T62/><D27/><U131/><E131/><V102/><F102/><W117/><G117/><T65/><D16/><U98/><E98/><V49/><F129/><W56/><G41/><T100/><D100/><U115/><E115/><V25/><F25/><W92/><G43/><T120/><D120/><U128/><E128/><V29/><F40/><W110/><G110/><T36/><D36/><U0/><E0/><V51/><F37/><W79/><G79/><T71/><D78/><U124/><E124/><V59/><F76/><W105/><G105/><T50/><D10/><U130/><E130/><V60/><F104/><W19/><G19/><T69/><D11/><U91/><E91/><V112/><F103/><W18/><G18/><T114/><D114/><RYUUKYOKU ba="0,1" sc="205,-10,461,30,190,-10,134,-10" hai1="12,14,26,28,33,45,46,47,63,64,89,95,97" /><INIT seed="3,1,1,3,4,133" ten="195,491,180,124" oya="3" hai0="37,70,93,24,41,25,1,80,14,49,84,75,32" hai1="45,68,118,44,121,119,26,55,61,23,38,76,21" hai2="28,111,130,53,22,17,46,120,72,13,113,54,95" hai3="82,74,3,29,12,108,5,71,59,35,42,79,43"/><W85/><G71/><T126/><D1/><U110/><E110/><V122/><F113/><W81/><G108/><T9/><D37/><U104/><E104/><V97/><F111/><W63/><G3/><T36/><D36/><U101/><E101/><N who="2" m="60607" /><F72/><W31/><G35/><T125/><D93/><U134/><E55/><V99/><F130/><W131/><G131/><T60/><D60/><U98/><E121/><N who="2" m="46699" /><F99/><W127/><G127/><N who="0" m="48651" /><D32/><U2/><E21/><N who="2" m="11439" /><F46/><W116/><G116/><T50/><D75/><U27/><E38/><V62/><F62/><W64/><G74/><T103/><D103/><U100/><E68/><V6/><F6/><W78/><G31/><T128/><D128/><U65/><E27/><AGARI ba="1,1" hai="22,27,28,53,54" m="11439,46699,60607" machi="27" ten="30,1000,0" yaku="13,1" doraHai="133" who="2" fromWho="1" sc="195,0,491,-13,180,23,124,0" owari="195,-20.0,478,58.0,203,0.0,124,-38.0" /></mjloggm>