<mjloggm ver="2.3"><GO type="225" lobby="0"/><UN n0="%E3%82%A6%E3%83%AB%E3%83%88%E3%83%A9%E7%AB%8B%E7%9B%B4" n1="%E3%81%A9%E3%82%93%E3%82%88%E3%81%8F%4D%6B%2E%32" n2="%E3%81%BD%E3%83%BC%E3%82%93%64%65%E3%83%AA%E3%83%B3%E3%82%B0" n3="%E3%83%9B%E3%83%B3%E3%82%A4%E3%83%84%E5%8E%A8" dan="17,16,16,16" rate="2160.92,2195.08,2124.10,2165.08" sx="M,M,M,M"/><TAIKYOKU oya="0"/><INIT seed="0,0,0,4,3,71" ten="250,250,250,250" oya="0" hai0="43,25,89,24,124,54,125,3,98,80,51,9,61" hai1="81,102,45,27,4,1,18,103,6,53,34,68,60" hai2="96,109,66,7,88,56,17,28,76,91,93,78,100" hai3="59,77,36,65,70,118,67,83,39,112,120,133,64"/><T126/><D61/><U37/><E1/><V5/><F109/><W87/><G118/><T117/><D43/><U110/><E110/><V58/><F28/><W49/><G112/><T42/><D42/><U106/><E81/><V41/><F41/><W108/><G108/><T13/><D3/><U130/><E130/><V128/><F128/><W48/><G70/><T134/><D134/><U72/><E72/><V35/><F35/><W47/><G133/><T63/><D63/><U38/><E102/><V95/><F17/><W90/><G120/><T113/><D117/><U15/><E45/><V22/><F22/><W107/><G107/><T119/><D113/><U16/><E53/><V75/><F75/><W129/><G129/><T105/><D119/><U94/><E94/><V2/><F2/><W132/><G132/><T52/><D54/><U8/><E18/><V11/><F11/><W114/><G114/><T111/><D111/><U30/><E4/><N who="2" m="1611" /><F100/><W131/><G131/><T19/><D105/><U20/><E6/><V79/><F66/><W32/><G32/><T101/><D101/><U74/><E8/><V21/><F21/><W31/><G31/><T0/><D0/><U57/><E74/><V26/><F26/><W14/><G14/><T92/><D80/><U73/><E73/><V50/><F50/><N who="3" m="19563" /><G59/><AGARI ba="0,0" hai="9,13,19,24,25,51,52,59,89,92,98,124,125,126" machi="59" ten="40,3900,0" yaku="18,1,54,1" doraHai="71" who="0" fromWho="3" sc="250,39,250,0,250,0,250,-39" /><INIT seed="0,1,0,1,2,53" ten="289,250,250,211" oya="0" hai0="45,59,91,116,19,127,112,51,108,79,74,5,110" hai1="122,77,90,87,23,119,9,73,96,68,113,47,60" hai2="30,123,44,93,61,101,40,133,134,71,65,35,99" hai3="43,39,62,42,83,125,4,22,36,104,64,50,32"/><T111/><D116/><U24/><E119/><V1/><F123/><W66/><G32/><T126/><D112/><U97/><E122/><V17/><F1/><W48/><G83/><N who="0" m="45559" /><D5/><U13/><E113/><V121/><F121/><W92/><G22/><T75/><D75/><U135/><E135/><V72/><F72/><W84/><G92/><T58/><D19/><U109/><E109/><V27/><REACH who="2" step="1"/><F17/><REACH who="2" ten="289,250,240,211" step="2"/><W94/><G4/><T11/><D127/><U103/><E73/><V131/><F131/><W15/><G125/><T16/><D126/><U18/><E77/><V88/><F88/><W129/><G129/><T78/><D91/><U81/><E47/><V95/><F95/><W85/><G94/><T114/><D78/><U106/><E97/><V120/><F120/><W6/><G104/><T14/><D114/><U38/><E106/><V54/><F54/><AGARI ba="1,1" hai="11,14,16,45,51,54,58,59,108,110,111" m="45559" machi="54" ten="30,12000,1" yaku="14,1,10,1,52,2,54,1" doraHai="53" who="0" fromWho="2" sc="289,133,250,0,240,-123,211,0" /><INIT seed="0,2,0,0,5,87" ten="422,250,117,211" oya="0" hai0="34,125,23,50,81,32,25,31,24,11,101,119,92" hai1="118,26,53,85,37,86,89,22,75,51,122,35,55" hai2="112,29,105,59,99,43,64,7,98,95,46,16,103" hai3="1,120,27,115,52,60,79,49,28,116,83,58,61"/><T40/><D119/><U70/><E75/><V39/><F112/><W134/><G116/><T9/><D125/><U106/><E35/><V72/><F72/><W45/><G115/><T96/><D81/><U123/><E37/><V76/><F76/><W66/><G134/><T3/><D3/><U47/><E118/><V8/><F29/><W131/><G131/><T88/><D101/><U57/><E70/><V41/><F41/><W4/><G120/><T102/><D102/><U30/><E86/><V38/><F38/><W135/><G135/><T80/><D80/><U73/><E106/><V15/><F64/><W129/><G129/><T77/><D77/><U104/><E104/><V13/><F59/><W130/><G130/><T6/><D6/><U133/><E73/><V56/><F56/><W100/><G100/><T124/><D124/><U2/><E2/><V10/><REACH who="2" step="1"/><F99/><REACH who="2" ten="422,250,107,211" step="2"/><W90/><G66/><T84/><D96/><U113/><E113/><V5/><F5/><W91/><G4/><T107/><D34/><U82/><REACH who="1" step="1"/><E133/><REACH who="1" ten="422,240,107,211" step="2"/><V126/><F126/><W65/><G1/><T110/><D32/><U93/><E93/><AGARI ba="2,2" hai="7,8,10,13,15,16,39,43,46,93,95,98,103,105" machi="93" ten="40,5200,0" yaku="1,1,54,1,53,1" doraHai="87" doraHaiUra="94" who="2" fromWho="1" sc="422,0,240,-58,107,78,211,0" /><INIT seed="1,0,0,2,4,93" ten="422,182,185,211" oya="1" hai0="74,78,91,117,84,60,22,96,88,127,32,112,61" hai1="17,62,41,12,103,28,130,5,106,54,85,126,59" hai2="25,72,42,120,11,121,122,14,7,71,105,48,33" hai3="113,23,102,104,45,68,55,26,124,132,79,92,39"/><U35/><E126/><V83/><F71/><W119/><G113/><T24/><D32/><U115/><E115/><V15/><F105/><W101/><G132/><T1/><D1/><U19/><E130/><V6/><F48/><W75/><G68/><T0/><D0/><U99/><E41/><V82/><F42/><W16/><G124/><T67/><D127/><U43/><E43/><V86/><F72/><W10/><G39/><T134/><D117/><U89/><E35/><V73/><F73/><W64/><G64/><T110/><D74/><U98/><E28/><N who="2" m="19599" /><F86/><W116/><G79/><T38/><D61/><U63/><E63/><V51/><F51/><W123/><G75/><T13/><D38/><U56/><E56/><V18/><F83/><W135/><G104/><T57/><D134/><U69/><E69/><V36/><F82/><W100/><G135/><T94/><D78/><U46/><E46/><V109/><F36/><W70/><G10/><T50/><D50/><U111/><E111/><V97/><F109/><W4/><G4/><N who="2" m="1577" /><F97/><N who="1" m="36873" /><E103/><V129/><F129/><W90/><G70/><T107/><D110/><U77/><E77/><V37/><F37/><W53/><G102/><T31/><D107/><U95/><E106/><V125/><F125/><W65/><G101/><T81/><D112/><U27/><E27/><V49/><F49/><W3/><G100/><T118/><D118/><U8/><AGARI ba="0,0" hai="5,8,12,17,19,54,59,62,85,89,95" m="36873" machi="8" ten="30,11700,0" yaku="8,1,52,3" doraHai="93" who="1" fromWho="1" sc="422,-39,182,117,185,-39,211,-39" /><INIT seed="1,1,0,5,0,108" ten="383,299,146,172" oya="1" hai0="23,97,120,75,99,13,41,11,102,46,17,65,78" hai1="70,14,113,86,104,28,82,131,31,101,21,123,67" hai2="118,122,39,19,6,85,103,5,110,129,84,90,69" hai3="16,2,49,59,3,127,60,124,117,48,87,88,114"/><U73/><E123/><V107/><F122/><W56/><G117/><T72/><D120/><U121/><E121/><V58/><F118/><W106/><G106/><T1/><D65/><U34/><E131/><V130/><F69/><W64/><G114/><T71/><D71/><U29/><E73/><V112/><F39/><W33/><G33/><T24/><D1/><U50/><E34/><V109/><F112/><W25/><G127/><T10/><D10/><U133/><E133/><V35/><F35/><W44/><G124/><T135/><D135/><U81/><E113/><V95/><F19/><W57/><G3/><T54/><D54/><U74/><E74/><V52/><F103/><W51/><G2/><T4/><D78/><U89/><E82/><V68/><F107/><W20/><REACH who="3" step="1"/><G44/><REACH who="3" ten="383,299,146,162" step="2"/><T116/><D116/><U115/><E115/><V47/><F47/><W55/><G55/><T134/><D134/><U27/><E104/><V83/><F68/><W91/><G91/><T32/><D32/><U98/><E70/><V61/><F5/><W128/><G128/><N who="2" m="49257" /><F6/><W111/><G111/><T38/><D102/><U26/><E101/><V8/><F8/><W45/><G45/><T93/><D46/><U96/><E67/><V0/><F0/><W18/><G18/><T77/><D77/><AGARI ba="1,1" hai="52,58,61,77,83,84,85,90,95,109,110" m="49257" machi="77" ten="30,2000,0" yaku="19,1,54,1" doraHai="108" who="2" fromWho="0" sc="383,-23,299,0,146,33,162,0" /><INIT seed="2,0,0,2,4,115" ten="360,299,179,162" oya="2" hai0="19,66,114,132,0,20,117,129,2,80,89,130,91" hai1="42,82,102,1,131,55,75,5,34,44,60,32,103" hai2="100,110,134,120,69,95,58,106,46,39,113,63,109" hai3="124,107,24,83,92,33,62,36,121,3,7,84,17"/><V104/><F113/><W81/><G107/><T65/><D117/><U118/><E118/><V112/><F112/><W56/><G36/><T29/><D29/><U51/><E131/><N who="0" m="50185" /><D132/><U128/><E128/><V76/><F120/><W53/><G121/><T127/><D127/><U97/><E1/><N who="0" m="617" /><D114/><U123/><E5/><V85/><F69/><W74/><G74/><T16/><D19/><U125/><E125/><V10/><F10/><W96/><G7/><T70/><D80/><U50/><E60/><V79/><F134/><W11/><G3/><T111/><D111/><N who="2" m="42506" /><F39/><W25/><G124/><T52/><D52/><U133/><E133/><V35/><F35/><W71/><G33/><T77/><D77/><N who="2" m="29770" /><F46/><W64/><G71/><T94/><D70/><U26/><E32/><V59/><F59/><W122/><G122/><T41/><D41/><U27/><E34/><V119/><F119/><W86/><G64/><N who="0" m="24683" /><D94/><U116/><E116/><V98/><F95/><W90/><G81/><T68/><D68/><U73/><E82/><V101/><F104/><W93/><G93/><T47/><D47/><U67/><E67/><V126/><F126/><W14/><REACH who="3" step="1"/><G86/><REACH who="3" ten="360,299,179,152" step="2"/><T30/><D30/><U12/><E123/><V43/><F85/><W31/><G31/><T87/><D87/><U61/><E75/><V38/><F106/><W40/><G40/><T88/><D91/><AGARI ba="0,1" hai="11,14,17,24,25,53,56,62,83,84,90,91,92,96" machi="91" ten="30,8000,1" yaku="1,1,7,1,8,1,53,2" doraHai="115" doraHaiUra="22" who="3" fromWho="0" sc="360,-80,299,0,179,0,152,90" /><INIT seed="3,0,0,5,2,94" ten="280,299,179,242" oya="3" hai0="72,13,41,125,90,108,113,118,81,44,98,70,16" hai1="46,115,12,50,122,91,119,20,105,22,132,24,96" hai2="63,38,65,68,97,49,134,78,102,107,99,130,77" hai3="74,1,26,126,53,82,4,66,15,88,2,123,71"/><W3/><G123/><T51/><D70/><U80/><E115/><V28/><F38/><W59/><G26/><T117/><D113/><U100/><E122/><V11/><F134/><W112/><G112/><T121/><D121/><U8/><E132/><V40/><F130/><W103/><G74/><T129/><D129/><U32/><E32/><V29/><F11/><W48/><G126/><T56/><D125/><U93/><E80/><V135/><F135/><W114/><G114/><T131/><D131/><U75/><E75/><V69/><F69/><W43/><G43/><T25/><D25/><U55/><E24/><V31/><REACH who="2" step="1"/><F99/><REACH who="2" ten="280,299,169,242" step="2"/><W39/><G39/><T35/><D98/><U67/><E119/><V10/><F10/><W64/><G71/><T128/><D128/><U5/><E67/><V127/><F127/><W106/><G66/><T89/><D118/><U101/><E105/><V116/><F116/><W45/><G64/><T120/><D117/><U47/><E47/><AGARI ba="0,1" hai="28,29,31,40,47,49,63,65,68,77,78,97,102,107" machi="47" ten="40,2600,0" yaku="1,1,52,1,53,0" doraHai="94" doraHaiUra="54" who="2" fromWho="1" sc="280,0,299,-26,169,36,242,0" /><INIT seed="4,0,0,4,5,67" ten="280,273,205,242" oya="0" hai0="44,92,54,73,107,4,94,58,57,75,78,6,129" hai1="120,22,63,32,51,66,41,95,64,128,1,72,15" hai2="97,86,119,46,23,18,61,133,134,47,68,81,93" hai3="103,38,36,116,89,60,53,28,29,111,42,71,96"/><T24/><D107/><U131/><E32/><V26/><F119/><W90/><G116/><T43/><D129/><U50/><E1/><V99/><F47/><W76/><G76/><T49/><D78/><U84/><E72/><V65/><F46/><W98/><G42/><T25/><D44/><U5/><E120/><V62/><F62/><W100/><G53/><T114/><D54/><U106/><E106/><V115/><F115/><W117/><G60/><T122/><D49/><U7/><E41/><V109/><F109/><W34/><G117/><T85/><D85/><U56/><E66/><V87/><F87/><W125/><G34/><T104/><D104/><U105/><E105/><V8/><F8/><W19/><G19/><T101/><D101/><U79/><E79/><V124/><F124/><W121/><G111/><T20/><D20/><U17/><E51/><V55/><F55/><W31/><G31/><T2/><D2/><U39/><E39/><V37/><F37/><W83/><G125/><T16/><D16/><U118/><E118/><V27/><F27/><W77/><G77/><T30/><D30/><U52/><E128/><V123/><F123/><W82/><G121/><T3/><D122/><U70/><E131/><V88/><REACH who="2" step="1"/><F99/><REACH who="2" ten="280,273,195,242" step="2"/><W11/><G11/><T126/><D126/><U132/><E132/><V45/><F45/><W14/><G14/><T130/><D130/><U12/><E12/><V74/><F74/><W108/><G108/><T48/><D3/><U13/><E13/><V91/><AGARI ba="0,1" hai="18,23,26,61,65,68,81,86,88,91,93,97,133,134" machi="91" ten="30,7900,0" yaku="1,1,0,1,52,1,54,1,53,0" doraHai="67" doraHaiUra="102" who="2" fromWho="2" sc="280,-39,273,-20,195,89,242,-20" /><INIT seed="5,0,0,3,3,2" ten="241,253,284,222" oya="1" hai0="24,15,58,23,99,21,105,98,135,40,38,46,121" hai1="110,39,101,43,119,8,123,31,55,95,11,125,5" hai2="45,22,44,64,118,85,97,32,89,26,84,102,83" hai3="69,131,112,7,96,33,10,75,80,109,133,36,35"/><U53/><E119/><V92/><F32/><N who="3" m="12363" /><G96/><T77/><D135/><U12/><E123/><V20/><F118/><W111/><G133/><T9/><D121/><U129/><E129/><V17/><F64/><W107/><G107/><T127/><D127/><U37/><E125/><V81/><F22/><W115/><G69/><T30/><D77/><AGARI ba="0,0" hai="17,20,26,44,45,77,81,83,84,85,89,92,97,102" machi="77" ten="30,2000,0" yaku="7,1,8,1" doraHai="2" who="2" fromWho="0" sc="241,-20,253,0,284,20,222,0" owari="221,-28.0,253,5.0,304,41.0,222,-18.0" /></mjloggm>