<mjloggm ver="2.3"><GO type="169" lobby="0"/><UN n0="%E3%83%88%E3%83%88%E3%83%AA%E5%85%88%E7%94%9F%31%39%E6%AD%B3" n1="%69%74%61%6C%69%61%6E" n2="%E3%81%95%E3%82%8A%E3%83%BC%E3%81%99%E3%81%93%E3%81%A3%E3%81%A8" n3="%E3%81%9F%E3%81%8C%E3%82%84%E3%81%99" dan="18,16,16,16" rate="2257.81,2021.69,2156.15,2085.87" sx="F,M,F,M"/><TAIKYOKU oya="0"/><INIT seed="0,0,0,1,4,124" ten="250,250,250,250" oya="0" hai0="110,43,69,18,38,51,87,31,12,125,119,92,7" hai1="90,30,20,88,72,98,85,8,22,89,76,74,47" hai2="57,26,73,71,135,55,106,1,14,27,116,113,111" hai3="65,99,61,17,32,37,21,84,28,131,70,112,122"/><T67/><D119/><U82/><E8/><V0/><F71/><W95/><G37/><T25/><D38/><U80/><E47/><V2/><F73/><W117/><G112/><T129/><D125/><U34/><E34/><V35/><F106/><W33/><G117/><T133/><D7/><U39/><E39/><V44/><F116/><W115/><G115/><T29/><D133/><U86/><E30/><V75/><F75/><W64/><G64/><T13/><D110/><U83/><E20/><V62/><F113/><W94/><G122/><T52/><D43/><U15/><E15/><V79/><F79/><W24/><G84/><N who="1" m="32362" /><E22/><V60/><F35/><W54/><G54/><T81/><D129/><U53/><E53/><V128/><F128/><W123/><G33/><T114/><D114/><U78/><E83/><V132/><F44/><W96/><G123/><T107/><D67/><U93/><AGARI ba="0,0" hai="72,74,76,78,80,82,88,89,90,93,98" m="32362" machi="93" ten="30,12000,2" yaku="35,5,54,1" doraHai="124" who="1" fromWho="1" sc="250,-60,250,120,250,-30,250,-30" /><INIT seed="1,0,0,1,4,5" ten="190,370,220,220" oya="1" hai0="43,89,104,82,68,21,79,46,38,129,105,36,115" hai1="40,110,48,117,29,12,120,49,119,18,98,66,123" hai2="47,63,67,84,99,126,70,80,34,54,86,41,15" hai3="30,121,23,95,13,106,102,50,17,114,94,133,8"/><U125/><E125/><V118/><F118/><W111/><G106/><T31/><D115/><U64/><E29/><V26/><F126/><W53/><G121/><T127/><D127/><U87/><E110/><V90/><F54/><W35/><G133/><T78/><D68/><U42/><E98/><V9/><F99/><W56/><G114/><T71/><D71/><U61/><E87/><V10/><F15/><W24/><G111/><T91/><D129/><U88/><E88/><V93/><F26/><W92/><REACH who="3" step="1"/><G102/><REACH who="3" ten="190,370,220,210" step="2"/><T131/><D105/><U65/><E123/><V135/><F135/><W96/><G96/><T122/><D104/><U16/><E120/><V75/><F34/><AGARI ba="0,1" hai="8,13,17,23,24,30,34,35,50,53,56,92,94,95" machi="34" ten="40,2600,0" yaku="1,1,52,1,53,0" doraHai="5" doraHaiUra="97" who="3" fromWho="2" sc="190,0,370,0,220,-26,210,36" /><INIT seed="2,0,0,2,5,86" ten="190,370,194,246" oya="2" hai0="49,17,23,102,83,20,126,9,124,51,73,22,109" hai1="33,68,105,103,87,6,10,38,48,89,93,70,129" hai2="91,50,135,65,18,2,1,130,92,44,41,118,27" hai3="132,25,11,15,104,34,3,66,76,128,114,59,63"/><V112/><F112/><W125/><G104/><T110/><D102/><U57/><E38/><V67/><F118/><W32/><G132/><T127/><D17/><U39/><E39/><V55/><F135/><W61/><G128/><T101/><D9/><U69/><E33/><V54/><F130/><W99/><G125/><T79/><REACH who="0" step="1"/><D101/><REACH who="0" ten="180,370,194,246" step="2"/><U58/><E103/><V82/><F1/><W13/><G11/><T75/><D75/><U16/><E105/><V52/><F2/><W98/><G3/><T77/><D77/><U90/><E129/><V115/><F115/><W28/><G76/><T8/><D8/><U106/><E106/><V88/><F82/><W47/><G13/><T107/><D107/><U119/><E119/><V131/><F131/><W35/><G15/><T97/><D97/><U108/><E6/><V40/><F40/><W24/><G98/><T26/><D26/><U5/><E5/><V122/><F122/><W71/><G99/><T134/><D134/><U111/><E10/><V43/><F43/><W100/><G100/><T12/><D12/><U123/><E123/><V113/><F113/><W53/><G24/><T95/><D95/><U46/><E16/><V45/><F45/><W19/><G114/><T7/><D7/><U116/><E116/><V62/><F62/><W78/><G47/><T31/><D31/><U29/><E29/><V4/><F4/><W56/><G63/><T37/><D37/><U84/><E46/><V36/><F36/><W96/><G61/><T117/><D117/><U133/><E133/><V30/><F30/><W121/><G28/><RYUUKYOKU ba="0,1" sc="180,30,370,-10,194,-10,246,-10" hai0="20,22,23,49,51,73,79,83,109,110,124,126,127" /><INIT seed="3,1,1,5,1,115" ten="210,360,184,236" oya="3" hai0="40,107,127,26,38,85,120,118,69,13,4,17,68" hai1="101,37,52,79,96,100,125,124,34,109,51,98,71" hai2="39,89,0,18,81,16,88,44,106,78,116,23,21" hai3="87,36,114,126,91,59,132,94,63,110,112,6,41"/><W128/><G6/><T24/><D120/><U27/><E37/><V97/><F0/><W133/><G41/><T72/><D72/><U135/><E71/><V90/><F116/><W99/><G36/><T46/><D107/><U29/><E109/><V104/><F39/><W66/><G110/><T19/><D118/><U10/><E135/><N who="3" m="51786" /><G128/><T117/><D117/><U31/><E79/><V1/><F1/><W55/><G126/><N who="1" m="48746" /><E10/><V64/><F44/><W58/><G87/><T35/><D127/><U45/><E29/><V32/><F64/><W80/><G80/><T20/><D4/><U83/><E83/><V7/><F7/><W108/><G108/><T11/><REACH who="0" step="1"/><D85/><REACH who="0" ten="200,360,184,236" step="2"/><U42/><E42/><V14/><F32/><W5/><G5/><T60/><D60/><AGARI ba="1,2" hai="55,58,59,60,63,66,91,94,99,112,114" m="51786" machi="60" ten="30,1500,0" yaku="20,1" doraHai="115" who="3" fromWho="0" sc="200,-18,360,0,184,0,236,38" /><INIT seed="3,2,0,2,4,76" ten="182,360,184,274" oya="3" hai0="51,48,78,7,49,8,13,101,134,15,30,6,65" hai1="28,57,10,54,12,105,66,39,113,128,41,52,44" hai2="38,93,22,87,3,109,123,23,45,95,120,107,117" hai3="77,35,34,36,112,16,63,40,64,25,110,31,114"/><W132/><G35/><T127/><D134/><U108/><E113/><V55/><F107/><W21/><G132/><T85/><D127/><U43/><E108/><V126/><F109/><W67/><G110/><T26/><D101/><U69/><E128/><V84/><F117/><W94/><G67/><T103/><D103/><U18/><E105/><V131/><F3/><W42/><G94/><N who="2" m="35849" /><F131/><W122/><G122/><N who="2" m="46633" /><F126/><W106/><G106/><T27/><D65/><U32/><E41/><N who="2" m="22711" /><F55/><W119/><G119/><T53/><D53/><U33/><E28/><V104/><F104/><W133/><G133/><T129/><D129/><U135/><E135/><V72/><F72/><W98/><G98/><T102/><D102/><U2/><E2/><V56/><F56/><W4/><G40/><T81/><D30/><U121/><E121/><V9/><F9/><AGARI ba="2,0" hai="6,7,8,9,13,15,26,27,48,49,51,78,81,85" machi="9" ten="40,5200,0" yaku="9,1,8,1,52,1" doraHai="76" who="0" fromWho="2" sc="182,58,360,0,184,-58,274,0" /><INIT seed="4,0,0,2,1,9" ten="240,360,126,274" oya="0" hai0="107,53,89,65,70,81,34,106,15,32,60,3,28" hai1="130,52,83,39,37,7,101,125,35,86,120,30,26" hai2="11,74,99,54,20,105,131,56,18,85,73,113,19" hai3="71,40,121,110,22,103,75,27,93,69,16,46,48"/><T47/><D3/><U88/><E120/><V68/><F131/><W124/><G75/><T24/><D34/><U87/><E125/><V78/><F113/><W49/><G110/><T118/><D118/><U10/><E130/><V117/><F68/><W45/><G124/><T135/><D135/><U84/><E101/><V2/><F117/><W38/><G121/><T8/><D89/><U12/><E86/><V102/><F2/><W104/><G104/><T92/><D92/><U115/><E115/><V91/><F78/><W33/><G33/><T58/><D47/><U108/><E108/><V100/><F100/><W90/><G103/><T42/><D42/><U96/><E96/><V134/><F134/><W13/><G27/><T23/><D81/><U111/><E111/><V50/><F11/><W43/><G38/><T114/><D32/><U98/><E98/><AGARI ba="0,0" hai="13,16,22,40,43,45,46,48,49,69,71,90,93,98" machi="98" ten="30,7700,0" yaku="7,1,9,1,52,1,54,1" doraHai="9" who="3" fromWho="1" sc="240,0,360,-77,126,0,274,77" /><INIT seed="5,0,0,4,5,10" ten="240,283,126,351" oya="1" hai0="63,49,31,106,70,75,109,107,17,133,13,11,1" hai1="86,5,45,25,79,65,126,73,105,41,36,135,92" hai2="76,91,115,119,64,43,96,32,98,131,26,101,125" hai3="114,0,58,4,16,102,34,60,123,124,72,3,116"/><U93/><E105/><V61/><F119/><W97/><G72/><T80/><D109/><U100/><E126/><V74/><F131/><W62/><G34/><T19/><D133/><U112/><E112/><V52/><F125/><W134/><G123/><T99/><D1/><U33/><E135/><V121/><F121/><W12/><G124/><T89/><D31/><U113/><E113/><V108/><F108/><W8/><G114/><T54/><D19/><U2/><E65/><V51/><F43/><W81/><G81/><T95/><D70/><U68/><E92/><V69/><F115/><W55/><G116/><T9/><D63/><U111/><E111/><V85/><F76/><W22/><G62/><T77/><REACH who="0" step="1"/><D9/><REACH who="0" ten="230,283,126,351" step="2"/><U82/><E68/><V127/><F127/><W129/><G134/><T20/><D20/><U35/><E35/><V44/><F32/><W47/><G129/><T59/><AGARI ba="0,1" hai="11,13,17,49,54,59,75,77,80,89,95,99,106,107" machi="59" ten="20,8000,1" yaku="1,1,0,1,7,1,52,1,53,1" doraHai="10" doraHaiUra="53" who="0" fromWho="0" sc="230,90,283,-40,126,-20,351,-20" /><INIT seed="6,0,0,0,3,90" ten="320,243,106,331" oya="2" hai0="89,32,68,83,51,71,6,95,56,41,110,85,79" hai1="70,91,49,17,111,9,1,113,33,112,114,8,118" hai2="102,107,73,82,120,125,84,27,35,34,45,124,133" hai3="28,98,29,3,64,57,39,105,77,43,109,76,104"/><V44/><F120/><W59/><G3/><T20/><D110/><U116/><E111/><V30/><F73/><W100/><G104/><T108/><D108/><U60/><E33/><V122/><F35/><W40/><G39/><T22/><D32/><U129/><E129/><V103/><F122/><W130/><G130/><T126/><D126/><U50/><E1/><V13/><F13/><W115/><G115/><T25/><D6/><U31/><E31/><V69/><F69/><W67/><G109/><T58/><D22/><U72/><E72/><V106/><F133/><W48/><G48/><T88/><D89/><U10/><E17/><V99/><F103/><W117/><G105/><T96/><D58/><U134/><E134/><V78/><REACH who="2" step="1"/><F107/><REACH who="2" ten="320,243,96,331" step="2"/><W74/><G74/><T19/><D68/><U55/><E118/><V18/><F18/><W2/><G2/><T128/><D71/><U121/><E121/><V53/><F53/><W119/><G100/><T132/><D132/><U4/><E116/><V123/><F123/><W101/><G101/><T37/><D128/><U127/><E4/><V61/><F61/><W16/><G16/><T12/><D12/><U15/><E15/><V11/><F11/><W52/><G52/><N who="0" m="31775" /><D19/><U87/><E127/><AGARI ba="0,1" hai="27,30,34,44,45,78,82,84,99,102,106,124,125,127" machi="127" ten="40,3900,0" yaku="1,1,18,1,53,0" doraHai="90" doraHaiUra="36" who="2" fromWho="1" sc="320,0,243,-39,96,49,331,0" /><INIT seed="6,1,0,0,4,72" ten="320,204,145,331" oya="2" hai0="59,0,76,13,54,66,97,25,37,71,77,73,115" hai1="33,74,6,135,31,8,7,52,108,35,69,102,60" hai2="28,16,98,3,47,101,24,14,85,49,15,87,118" hai3="91,111,29,99,30,133,12,80,106,50,48,124,121"/><V109/><F118/><W68/><G68/><T32/><D0/><U90/><E108/><V62/><F3/><W53/><G111/><T125/><D37/><U96/><E135/><V105/><F62/><W82/><G124/><T63/><D73/><U81/><E90/><V23/><F109/><W126/><G126/><T43/><D43/><U86/><E86/><V2/><F2/><W114/><G114/><T120/><D120/><U131/><E131/><V38/><F38/><W110/><G106/><T128/><D125/><U64/><E31/><V79/><F79/><W22/><G30/><T67/><D128/><U58/><E69/><V100/><F100/><W56/><G133/><T122/><D122/><U34/><E64/><V104/><F104/><W92/><G121/><T103/><D115/><U11/><E11/><V21/><REACH who="2" step="1"/><F14/><REACH who="2" ten="320,204,135,331" step="2"/><W42/><G12/><T84/><D13/><U119/><E119/><V18/><F18/><W39/><G39/><T95/><D76/><U89/><E6/><V40/><AGARI ba="1,1" hai="15,16,21,23,24,28,40,47,49,85,87,98,101,105" machi="40" ten="20,7800,0" yaku="1,1,0,1,7,1,54,1,53,0" doraHai="72" doraHaiUra="123" who="2" fromWho="2" sc="320,-27,204,-27,135,91,331,-27" /><INIT seed="6,2,0,2,2,36" ten="293,177,226,304" oya="2" hai0="39,73,81,116,42,55,59,60,71,88,56,2,134" hai1="78,34,62,87,85,65,4,90,43,38,121,49,107" hai2="108,3,70,33,35,115,129,83,6,1,24,133,30" hai3="110,8,44,51,109,106,27,52,31,79,45,21,7"/><V0/><F70/><W96/><G79/><T74/><D2/><N who="2" m="1130" /><F83/><W14/><REACH who="3" step="1"/><G45/><REACH who="3" ten="293,177,226,294" step="2"/><N who="0" m="23775" /><D74/><U22/><E121/><V104/><F115/><W95/><G95/><T50/><D73/><U117/><E107/><V92/><F104/><W124/><G124/><T76/><D76/><U66/><E78/><V46/><F92/><W17/><G17/><T118/><D134/><U54/><E117/><N who="0" m="45161" /><D81/><U82/><E82/><V58/><F133/><W63/><G63/><T26/><D26/><U86/><E62/><V11/><F46/><W132/><G132/><T125/><D125/><U68/><E90/><V131/><F108/><W91/><G91/><T123/><D88/><U119/><E119/><V135/><F135/><W80/><G80/><T67/><D123/><U77/><E77/><V113/><F113/><W122/><G122/><T130/><D130/><N who="2" m="49674" /><F58/><AGARI ba="2,1" hai="50,55,56,58,59,60,67,71" m="45161,23775" machi="58" ten="30,8000,1" yaku="24,1,12,1,34,2,52,1" doraHai="36" who="0" fromWho="2" sc="293,96,177,0,226,-86,294,0" /><INIT seed="7,0,0,1,5,66" ten="389,177,140,294" oya="3" hai0="96,51,52,40,46,12,77,135,73,63,64,49,43" hai1="78,112,130,34,55,84,54,101,11,94,90,106,2" hai2="97,0,86,8,79,95,124,69,48,36,45,111,57" hai3="19,47,80,104,115,58,14,16,67,100,37,121,82"/><W33/><G33/><T56/><D135/><U17/><E34/><V119/><F119/><W15/><G121/><T83/><D12/><U93/><E112/><V5/><F111/><W30/><G115/><T3/><D3/><U59/><E130/><V126/><F36/><W20/><G30/><T75/><D75/><U132/><E132/><V39/><F39/><W128/><G128/><T4/><D4/><U13/><E2/><V74/><F57/><W32/><G32/><T27/><D27/><U120/><E106/><V98/><F74/><W21/><G100/><T109/><D109/><U62/><E120/><V108/><F108/><W41/><REACH who="3" step="1"/><G104/><REACH who="3" ten="389,177,140,284" step="2"/><T105/><D105/><U87/><E101/><N who="2" m="60607" /><F98/><W88/><G88/><T122/><D122/><U129/><E129/><V18/><F79/><W116/><G116/><T50/><D96/><U7/><E78/><V26/><F86/><W123/><G123/><T10/><D10/><U24/><E24/><V70/><F18/><W44/><G44/><T76/><D76/><U110/><E110/><V81/><F26/><W127/><G127/><N who="2" m="48681" /><F81/><W35/><G35/><T61/><REACH who="0" step="1"/><D46/><REACH who="0" ten="379,177,140,284" step="2"/><U42/><E7/><V91/><F91/><W113/><G113/><T31/><D31/><U25/><E25/><V38/><F38/><W85/><G85/><T125/><D125/><U23/><E84/><V71/><F45/><W1/><G1/><T29/><D29/><U6/><E6/><V60/><F48/><W22/><G22/><T118/><D118/><U89/><E23/><V9/><F9/><W114/><G114/><T53/><D53/><RYUUKYOKU ba="0,2" sc="379,10,177,-30,140,10,284,10" hai0="40,43,49,50,51,52,56,61,63,64,73,77,83" hai2="0,5,8,60,69,70,71" hai3="14,15,16,19,20,21,37,41,47,58,67,80,82" /><INIT seed="7,1,2,5,5,0" ten="389,147,150,294" oya="3" hai0="97,78,65,88,6,30,41,130,39,55,13,19,11" hai1="135,45,40,2,126,36,71,26,92,20,90,16,9" hai2="56,98,44,106,22,114,47,58,133,24,53,79,28" hai3="76,134,109,66,68,62,43,112,125,116,95,103,33"/><W49/><G33/><T82/><D130/><U52/><E71/><V4/><F4/><W121/><G116/><T31/><D65/><U120/><E120/><V10/><F10/><W75/><G121/><T3/><D55/><U131/><E131/><V21/><F133/><W67/><G134/><T12/><D3/><U123/><E123/><V59/><F79/><W94/><G67/><T107/><D41/><U38/><E135/><V17/><F114/><W18/><G112/><T60/><D39/><U42/><E126/><V119/><F119/><W132/><G132/><T25/><D60/><U61/><E40/><V14/><REACH who="2" step="1"/><F53/><REACH who="2" ten="389,147,140,294" step="2"/><W34/><G76/><T7/><D7/><U102/><E102/><AGARI ba="1,3" hai="14,17,21,22,24,28,44,47,56,58,59,98,102,106" machi="102" ten="40,2600,0" yaku="1,1,2,1,53,0" doraHai="0" doraHaiUra="83" who="2" fromWho="1" sc="389,0,147,-29,140,59,294,0" owari="389,49.0,118,-38.0,199,-20.0,294,9.0" /></mjloggm>