<mjloggm ver="2.3"><GO type="169" lobby="0"/><UN n0="%E3%83%88%E3%83%88%E3%83%AA%E5%85%88%E7%94%9F%31%39%E6%AD%B3" n1="%E3%81%BF%E3%81%8B%E3%82%93%EF%BC%A0%E3%82%8F%E3%81%8B%E3%82%81%E3%81%A6" n2="%6B%75%6B%65%6B%65%6B%65" n3="%E3%82%A8%E3%83%83%E3%83%95%E3%82%A7%E3%83%AB%E5%A1%94" dan="18,16,17,16" rate="2274.72,2159.11,2140.20,2151.60" sx="F,M,M,M"/><TAIKYOKU oya="0"/><INIT seed="0,0,0,3,0,70" ten="250,250,250,250" oya="0" hai0="115,90,101,55,25,49,3,40,66,71,125,108,60" hai1="135,23,114,126,20,117,48,14,42,75,4,127,45" hai2="10,68,7,92,124,105,129,27,102,54,100,62,72" hai3="67,33,93,34,106,85,99,12,86,103,87,132,46"/><T11/><D115/><U120/><E120/><V19/><F72/><W2/><G2/><T26/><D125/><N who="1" m="47627" /><E75/><V28/><F124/><W16/><G132/><T123/><D123/><U110/><E117/><V41/><F19/><W47/><G67/><T37/><D101/><U78/><E78/><V80/><F80/><W119/><G119/><T131/><D131/><U96/><E114/><V104/><F129/><W59/><G59/><N who="0" m="33263" /><D90/><U97/><E110/><V122/><F41/><W35/><REACH who="3" step="1"/><G106/><REACH who="3" ten="250,250,250,240" step="2"/><T18/><D108/><U1/><E1/><V83/><F105/><W22/><AGARI ba="0,1" hai="12,16,22,33,34,35,46,47,85,86,87,93,99,103" machi="22" ten="40,8000,1" yaku="1,1,2,1,0,1,54,1,53,1" doraHai="70" doraHaiUra="89" who="3" fromWho="3" sc="250,-40,250,-20,250,-20,240,90" /><INIT seed="1,0,0,0,5,60" ten="210,230,230,330" oya="1" hai0="83,94,25,78,0,91,62,64,28,43,127,45,35" hai1="114,73,82,81,36,69,46,47,92,13,112,51,53" hai2="93,84,7,120,21,41,90,17,44,70,40,20,110" hai3="97,99,111,115,38,63,37,22,6,123,119,26,108"/><U86/><E69/><V30/><F110/><N who="3" m="42027" /><G115/><T14/><D127/><U67/><E67/><V4/><F120/><W59/><G6/><T130/><D130/><U5/><E73/><V23/><F70/><W34/><G34/><T129/><D129/><U10/><E92/><V49/><F30/><N who="3" m="17751" /><G123/><T107/><D107/><U48/><E36/><N who="3" m="13930" /><G119/><T128/><D128/><U125/><E125/><V75/><F75/><W2/><G2/><T131/><D131/><U113/><REACH who="1" step="1"/><E86/><REACH who="1" ten="210,220,230,330" step="2"/><V18/><F84/><W16/><G16/><T15/><D94/><U95/><E95/><V96/><F18/><W11/><G11/><T79/><D28/><U61/><E61/><V133/><F17/><W32/><G32/><T55/><D62/><U101/><E101/><V122/><F93/><W102/><G102/><T8/><D35/><U80/><E80/><V27/><F122/><W74/><G74/><T57/><D83/><U117/><E117/><V103/><F103/><W33/><G33/><T54/><D8/><U135/><E135/><V88/><F133/><W105/><G105/><T24/><D64/><AGARI ba="0,1" hai="59,63,64,97,99" m="13930,17751,42027" machi="64" ten="30,2000,0" yaku="14,1,52,1" doraHai="60" who="3" fromWho="0" sc="210,-20,220,0,230,0,330,30" /><INIT seed="2,0,0,1,3,121" ten="190,220,230,360" oya="2" hai0="98,20,76,30,26,8,58,108,17,6,33,11,75" hai1="5,104,128,92,10,103,80,29,120,129,70,74,56" hai2="18,65,86,131,57,83,42,0,39,21,12,81,118" hai3="135,91,85,93,36,44,78,130,132,62,123,55,53"/><V84/><F118/><W59/><G123/><T16/><D108/><U1/><E70/><V19/><F0/><W112/><G130/><N who="1" m="50282" /><E120/><V49/><F131/><W52/><G112/><T63/><D98/><N who="1" m="61559" /><E29/><V106/><F106/><W119/><G119/><T43/><D43/><U101/><E56/><V124/><F124/><W47/><G78/><T32/><D76/><N who="1" m="44055" /><E92/><V61/><F39/><W72/><G72/><T125/><D75/><U113/><E101/><V73/><F73/><W100/><G100/><T66/><D125/><U89/><E89/><N who="2" m="51343" /><F19/><W37/><G37/><T67/><D67/><U51/><E51/><V105/><F105/><W31/><G31/><T116/><D116/><U24/><E24/><V50/><F42/><N who="3" m="22599" /><G47/><T69/><D69/><U71/><E71/><V27/><F27/><W109/><G59/><T133/><D30/><U79/><E79/><AGARI ba="0,0" hai="12,18,21,49,50,57,61,65,79,83,86" m="51343" machi="79" ten="30,1500,0" yaku="8,1" doraHai="121" who="2" fromWho="1" sc="190,0,220,-15,230,15,360,0" /><INIT seed="2,1,0,5,4,102" ten="190,205,245,360" oya="2" hai0="47,72,133,74,107,28,126,31,70,86,116,122,71" hai1="128,39,57,66,91,23,95,97,85,81,25,22,30" hai2="27,93,26,104,38,68,134,8,132,18,53,46,48" hai3="34,135,127,58,75,64,101,112,83,110,55,50,43"/><V24/><F68/><W14/><G34/><T56/><D122/><U63/><E39/><V80/><F38/><W16/><G101/><T79/><D56/><U87/><E128/><V40/><F104/><W121/><G121/><T111/><D47/><U65/><E87/><V49/><F93/><W60/><G43/><T0/><D0/><U59/><E23/><V120/><F120/><W10/><G112/><T51/><D51/><U13/><E13/><V117/><F117/><W76/><G110/><T1/><D1/><U35/><E35/><V109/><F109/><W11/><G127/><T106/><D86/><U89/><REACH who="1" step="1"/><E59/><REACH who="1" ten="190,195,245,360" step="2"/><V90/><F8/><W41/><G11/><T4/><D111/><U73/><E73/><V3/><F3/><W113/><G10/><T94/><D74/><U88/><E88/><V32/><F32/><W44/><G75/><T62/><D72/><U67/><AGARI ba="1,1" hai="22,25,30,57,63,65,66,67,81,85,89,91,95,97" machi="67" ten="20,5200,0" yaku="1,1,0,1,7,1,8,1,53,0" doraHai="102" doraHaiUra="105" who="1" fromWho="1" sc="190,-14,195,65,245,-27,360,-14" /><INIT seed="3,0,0,1,3,2" ten="176,260,218,346" oya="3" hai0="84,105,57,113,1,123,127,132,77,61,13,83,73" hai1="25,38,20,50,65,87,109,6,98,89,54,60,130" hai2="11,119,104,17,48,58,35,121,114,122,128,82,101" hai3="110,125,24,76,42,102,23,106,74,36,71,62,95"/><W32/><G95/><T15/><D123/><N who="2" m="47114" /><F35/><W92/><G92/><T85/><D105/><U12/><E38/><V16/><F82/><W116/><G23/><T40/><D1/><U47/><E109/><V39/><F39/><W99/><G116/><T93/><D132/><U69/><E98/><V26/><F26/><W80/><G110/><T90/><D127/><U8/><E130/><V100/><F100/><W126/><G42/><T22/><D113/><U18/><E25/><V79/><F79/><W51/><G51/><T78/><D40/><U118/><E118/><V21/><F21/><W56/><G56/><T55/><D73/><U34/><E34/><V66/><F114/><W43/><G43/><T129/><D78/><U41/><E41/><V133/><F133/><W5/><G36/><T9/><D129/><U52/><E54/><V67/><F128/><W70/><G5/><T75/><D75/><U59/><E89/><V103/><F119/><W86/><G86/><T131/><D131/><U107/><E87/><V115/><F115/><W53/><G53/><T10/><D22/><U4/><E107/><V124/><F104/><W0/><G0/><T64/><REACH who="0" step="1"/><D55/><REACH who="0" ten="166,260,218,346" step="2"/><U28/><E28/><V134/><F134/><W46/><G126/><T96/><D96/><U33/><E33/><V111/><F124/><W117/><G125/><T72/><D72/><U97/><E97/><V3/><F3/><W29/><G117/><T81/><D81/><U120/><E120/><V37/><F111/><W108/><G108/><T88/><D88/><U31/><E69/><V19/><F37/><RYUUKYOKU ba="0,1" sc="166,15,260,15,218,-15,346,-15" hai0="9,10,13,15,57,61,64,77,83,84,85,90,93" hai1="4,6,8,12,18,20,31,47,50,52,59,60,65" /><INIT seed="4,1,1,1,1,40" ten="181,275,203,331" oya="0" hai0="11,56,28,87,122,26,35,131,57,23,93,98,63" hai1="64,114,66,134,116,126,80,85,135,123,67,8,70" hai2="128,18,52,104,49,45,21,54,7,130,103,42,95" hai3="44,62,99,0,4,33,112,78,59,111,50,125,132"/><T124/><D122/><U74/><E123/><V29/><F104/><W77/><G33/><T46/><D131/><N who="2" m="50218" /><F29/><W48/><G111/><T81/><D124/><U16/><E74/><V41/><F7/><W5/><G125/><T86/><D35/><U91/><E126/><V88/><F103/><W37/><G37/><T100/><D81/><U106/><E106/><V68/><F41/><W65/><G132/><N who="1" m="50730" /><E116/><V102/><F102/><W82/><G112/><T75/><D75/><U53/><E114/><V27/><F68/><W12/><G0/><T84/><D63/><N who="1" m="40223" /><E53/><V83/><F83/><W13/><G99/><AGARI ba="1,1" hai="18,21,27,42,45,49,52,54,88,95,99" m="50218" machi="99" ten="30,7700,0" yaku="19,1,52,1,54,2" doraHai="40" who="2" fromWho="3" sc="181,0,275,0,203,90,331,-80" /><INIT seed="5,0,0,1,3,132" ten="181,275,293,251" oya="1" hai0="41,31,72,26,107,47,117,37,124,10,25,99,108" hai1="17,35,91,102,128,121,20,127,90,104,57,33,80" hai2="60,97,13,8,135,39,130,1,73,86,4,28,120" hai3="15,58,126,131,49,23,81,51,109,19,84,68,83"/><U6/><E121/><V110/><F73/><W78/><G68/><T103/><D108/><U95/><E128/><V30/><F39/><W111/><G131/><T62/><D117/><U2/><E104/><V24/><F130/><W5/><G5/><T93/><D72/><U65/><E2/><V59/><F120/><W115/><G115/><T44/><D124/><U112/><E6/><V100/><F110/><W70/><G70/><T133/><D133/><U53/><E65/><V55/><F135/><W3/><G3/><T21/><D10/><U79/><E112/><V16/><F86/><W101/><G101/><T9/><D9/><U61/><E127/><V75/><F75/><W18/><G126/><T46/><D107/><U42/><E42/><V118/><F118/><W63/><G111/><T34/><REACH who="0" step="1"/><D62/><REACH who="0" ten="171,275,293,251" step="2"/><U119/><E119/><V98/><F1/><W122/><G109/><T45/><D45/><U82/><E61/><V32/><F60/><W40/><G63/><T52/><D52/><U29/><E53/><V85/><F55/><W123/><G123/><T87/><D87/><U43/><E43/><V77/><F85/><W50/><G122/><T11/><D11/><U56/><E56/><V0/><F59/><W36/><G58/><T106/><D106/><U64/><E57/><V88/><F0/><W92/><G40/><T114/><D114/><U71/><E64/><V67/><F67/><W76/><G84/><T105/><D105/><U27/><E71/><V54/><F8/><W89/><G78/><T48/><D48/><U14/><E79/><V113/><F77/><RYUUKYOKU ba="0,1" sc="171,30,275,-10,293,-10,251,-10" hai0="21,25,26,31,34,37,41,44,46,47,93,99,103" /><INIT seed="6,1,1,2,0,53" ten="201,265,283,241" oya="2" hai0="46,97,104,14,125,117,33,132,58,134,22,37,113" hai1="30,107,102,67,41,94,68,133,87,3,54,38,84" hai2="13,17,52,20,15,135,73,105,32,111,100,61,21" hai3="98,76,7,131,126,6,44,42,118,92,29,18,91"/><V64/><F32/><W99/><G118/><T34/><D117/><U9/><E30/><V8/><F73/><W57/><G29/><T23/><D113/><U31/><E31/><V39/><F39/><W72/><G126/><T90/><D125/><U93/><E107/><V82/><F111/><W12/><G131/><T62/><D37/><U89/><E133/><N who="0" m="51305" /><D46/><U119/><E119/><V74/><F135/><W120/><G120/><T109/><D109/><U123/><E38/><V48/><F105/><W112/><G112/><T11/><D90/><U128/><E41/><V43/><F43/><W16/><G18/><N who="0" m="8543" /><D97/><U129/><E89/><V127/><F100/><W1/><G99/><T70/><D70/><U71/><E102/><V0/><F127/><W25/><G91/><T63/><D63/><U45/><E45/><V60/><F0/><W75/><G44/><T51/><D51/><U96/><E3/><V55/><F74/><W35/><G98/><T81/><D81/><U122/><E96/><V49/><F82/><W88/><G88/><T24/><D104/><U40/><E40/><V83/><F83/><W101/><G92/><T28/><D34/><U79/><E94/><V124/><F124/><W26/><G35/><T103/><D103/><U110/><E93/><V10/><F64/><AGARI ba="1,1" hai="22,23,24,28,33,58,62,64" m="8543,51305" machi="64" ten="30,2000,0" yaku="20,1,52,1" doraHai="53" who="0" fromWho="2" sc="201,33,265,0,283,-23,241,0" /><INIT seed="7,0,0,4,2,60" ten="234,265,260,241" oya="3" hai0="3,19,90,99,104,4,121,55,67,77,30,107,94" hai1="130,71,73,49,96,81,56,100,10,103,47,53,35" hai2="28,122,66,124,72,39,89,50,133,26,9,79,78" hai3="105,86,70,5,33,108,74,83,120,20,14,115,23"/><W102/><G33/><T11/><D121/><U135/><E35/><V36/><F66/><W6/><G74/><T92/><D30/><U54/><E71/><V111/><F111/><W12/><G70/><T43/><D77/><N who="2" m="29194" /><F72/><W15/><G120/><T31/><D31/><U84/><E73/><V40/><F122/><W134/><G102/><T17/><D43/><U21/><E130/><V116/><F116/><W58/><G105/><T127/><D127/><U29/><E135/><V61/><F61/><W62/><G134/><T95/><D104/><U2/><E2/><V68/><F68/><W125/><G125/><T87/><D67/><U93/><E10/><V69/><F69/><W91/><G115/><T112/><D112/><U126/><E126/><V114/><F9/><W52/><REACH who="3" step="1"/><G108/><REACH who="3" ten="234,265,260,231" step="2"/><T82/><REACH who="0" step="1"/><D55/><REACH who="0" ten="224,265,260,231" step="2"/><U16/><E54/><V128/><F124/><W34/><G34/><T7/><D7/><AGARI ba="0,2" hai="5,6,7,12,14,15,20,23,52,58,62,83,86,91" machi="7" ten="40,7700,0" yaku="1,1,8,1,54,1,53,0" doraHai="60" doraHaiUra="118" who="3" fromWho="0" sc="224,-77,265,0,260,0,231,97" owari="147,-35.0,265,7.0,260,-14.0,328,42.0" /></mjloggm>