<mjloggm ver="2.3"><GO type="169" lobby="0"/><UN n0="%E3%82%A6%E3%83%AB%E3%83%88%E3%83%A9%E7%AB%8B%E7%9B%B4" n1="%67%6F%69%73%75%62%61%69" n2="%E4%BF%BA%54%55%45%45%45%45%45" n3="%E3%83%A1%E3%82%AB%E3%82%BC%E3%83%83%E3%83%88%E3%83%B3" dan="17,16,17,17" rate="2215.57,2135.59,2106.05,2247.11" sx="M,M,F,M"/><TAIKYOKU oya="0"/><INIT seed="0,0,0,0,0,84" ten="250,250,250,250" oya="0" hai0="25,45,121,38,10,116,97,128,131,74,63,56,33" hai1="81,80,19,68,55,41,103,13,93,49,0,16,18" hai2="65,52,12,124,126,7,31,51,46,35,125,1,50" hai3="57,132,20,23,14,62,91,34,106,36,3,2,15"/><T96/><D74/><U117/><E0/><V118/><F118/><W28/><G36/><T120/><D116/><U6/><E117/><V115/><F115/><W112/><G106/><T66/><D10/><N who="1" m="4311" /><E68/><V135/><F135/><W47/><G132/><T127/><D25/><U94/><E41/><V110/><F110/><W44/><G34/><T30/><D30/><U53/><E53/><V92/><F1/><W122/><G112/><T71/><D33/><U82/><E103/><V37/><F37/><W86/><G122/><N who="0" m="47211" /><D97/><U9/><E9/><V83/><F31/><W69/><G69/><T77/><D96/><U111/><E111/><V72/><F35/><W78/><G78/><T70/><D77/><U95/><E82/><V32/><F83/><W64/><G2/><T88/><D88/><U100/><E100/><V22/><F72/><W5/><G3/><T75/><D75/><U39/><E39/><V67/><F32/><W4/><G28/><T123/><D123/><U89/><E89/><V129/><F7/><W90/><G90/><T54/><D127/><U113/><E113/><V108/><F108/><W85/><G91/><T48/><D71/><U17/><N who="1" m="4096" /><DORA hai="58" /><U42/><E42/><AGARI ba="0,0" hai="38,42,45,48,54,56,63,66,70,128,131" m="47211" machi="42" ten="30,11600,0" yaku="24,1,34,2,52,1" doraHai="84,58" who="0" fromWho="1" sc="250,116,250,-116,250,0,250,0" /><INIT seed="0,1,0,0,2,38" ten="366,134,250,250" oya="0" hai0="43,112,24,50,123,85,99,14,64,111,4,100,49" hai1="102,91,59,117,77,15,27,80,135,12,28,52,46" hai2="82,17,66,128,16,129,126,45,5,101,106,31,105" hai3="51,10,33,63,20,7,124,94,121,75,76,84,3"/><T96/><D123/><U18/><E117/><V11/><F126/><W98/><G75/><T71/><D112/><U132/><E102/><V108/><F108/><W134/><G33/><T93/><D111/><U114/><E114/><V73/><F31/><W58/><G134/><T79/><D64/><U130/><E130/><N who="2" m="50283" /><F66/><W113/><G124/><T57/><D71/><U74/><E91/><V39/><F73/><W2/><G113/><T9/><D57/><U30/><E46/><V26/><F82/><W92/><G121/><T53/><D53/><U88/><E88/><V83/><F83/><W37/><G51/><T29/><D79/><U56/><E56/><V109/><F109/><W110/><G37/><T60/><D60/><U104/><E104/><V8/><F8/><W72/><G10/><T34/><D85/><U41/><E41/><N who="2" m="22719" /><F26/><W22/><G72/><T62/><D62/><N who="1" m="36199" /><E27/><V87/><F87/><W48/><G84/><T69/><D69/><U107/><E107/><N who="2" m="40971" /><F101/><W54/><G76/><T61/><D99/><U1/><E12/><AGARI ba="1,0" hai="5,11,12,16,17" m="40971,22719,50283" machi="12" ten="30,3900,0" yaku="19,1,52,1,54,1" doraHai="38" who="2" fromWho="1" sc="366,0,134,-42,250,42,250,0" /><INIT seed="1,0,0,3,5,68" ten="366,92,292,250" oya="1" hai0="47,116,2,74,60,83,77,85,50,62,117,61,129" hai1="126,32,9,6,75,19,131,111,51,109,95,84,127" hai2="87,82,49,130,3,79,112,91,122,65,94,90,93" hai3="15,133,30,46,123,53,98,39,58,37,135,20,4"/><U106/><E75/><V107/><F122/><W88/><G123/><T73/><D2/><U86/><E106/><V33/><F3/><W105/><G46/><T35/><D35/><U54/><E32/><V42/><F33/><W38/><G105/><T16/><D129/><U40/><E40/><V18/><F130/><W115/><G115/><T64/><D64/><U97/><E131/><V69/><F107/><W63/><G4/><T67/><D67/><U13/><E6/><V22/><F112/><W89/><G98/><T102/><D102/><U5/><E5/><V17/><F65/><W99/><G99/><T59/><D59/><U72/><E72/><V56/><F69/><W125/><G125/><N who="1" m="47626" /><E97/><V80/><F42/><W118/><G118/><T26/><D74/><U1/><E1/><V101/><F56/><W92/><G92/><T34/><D73/><U96/><E96/><V104/><F94/><W120/><G120/><T28/><D117/><U41/><E41/><V23/><F104/><W45/><G45/><T124/><D116/><U12/><E12/><V114/><F114/><W113/><G113/><T27/><D124/><U132/><E132/><N who="3" m="50762" /><G15/><T24/><D34/><U36/><E36/><V25/><F101/><W44/><G44/><T108/><D47/><N who="1" m="28031" /><E95/><V52/><F93/><W78/><G78/><T29/><D77/><U119/><E119/><V7/><F7/><W81/><G81/><T71/><D83/><U100/><E100/><V70/><F82/><W11/><G11/><T55/><D85/><AGARI ba="0,0" hai="9,13,19,84,85,86,109,111" m="28031,47626" machi="85" ten="30,1500,0" yaku="18,1" doraHai="68" who="1" fromWho="0" sc="366,-15,92,15,292,0,250,0" /><INIT seed="1,1,0,1,5,22" ten="351,107,292,250" oya="1" hai0="50,67,68,21,118,65,24,81,43,126,20,10,33" hai1="128,59,53,36,34,66,119,62,58,127,44,52,1" hai2="86,40,12,107,7,100,79,30,11,80,130,74,125" hai3="72,108,38,71,8,39,106,122,16,47,32,96,42"/><U114/><E1/><V9/><F125/><W95/><G106/><T14/><D118/><U90/><E34/><V123/><F123/><W94/><G71/><T19/><D126/><U120/><E127/><V77/><F130/><W25/><G122/><T135/><D68/><U55/><E120/><V2/><F40/><W134/><G72/><T112/><D33/><U51/><E90/><V56/><F30/><W78/><G78/><T41/><D135/><U82/><E82/><V61/><F107/><W26/><G39/><T111/><D111/><U132/><E119/><V129/><F100/><W75/><G75/><T88/><D21/><U131/><E114/><V87/><F129/><N who="1" m="49737" /><E132/><V92/><F92/><W13/><G134/><T64/><D50/><U15/><E15/><V121/><F121/><W63/><G63/><T110/><D110/><U91/><E91/><V18/><REACH who="2" step="1"/><F79/><REACH who="2" ten="351,107,282,250" step="2"/><W85/><G108/><T98/><D112/><U109/><E109/><V54/><AGARI ba="1,1" hai="2,7,9,11,12,18,54,56,61,74,77,80,86,87" machi="54" ten="20,5200,0" yaku="1,1,2,1,0,1,7,1,53,0" doraHai="22" doraHaiUra="133" who="2" fromWho="2" sc="351,-14,107,-27,282,65,250,-14" /><INIT seed="2,0,0,2,1,38" ten="337,80,347,236" oya="2" hai0="34,89,49,2,98,81,131,57,106,92,91,76,70" hai1="50,124,55,108,16,1,3,30,23,95,130,100,19" hai2="75,78,31,47,20,96,120,103,115,25,135,39,64" hai3="74,119,107,37,123,26,122,27,24,102,7,104,33"/><V93/><F115/><W61/><G119/><T127/><D70/><U44/><E108/><V125/><F120/><W86/><G74/><T63/><D34/><U128/><E124/><V80/><F125/><W112/><G37/><T82/><D106/><U21/><E30/><V133/><REACH who="2" step="1"/><F64/><REACH who="2" ten="337,80,337,236" step="2"/><W14/><G112/><T110/><D127/><U58/><E130/><V77/><F77/><W117/><G123/><T46/><D131/><U52/><E128/><V105/><F105/><W118/><G107/><T51/><D76/><U11/><E3/><V111/><F111/><W29/><G104/><T0/><D110/><U73/><E1/><V72/><F72/><W99/><G122/><T65/><D0/><U54/><E73/><V22/><F22/><W134/><G118/><T68/><D2/><U69/><E23/><V56/><F56/><W35/><G117/><T94/><D68/><U97/><E69/><V114/><F114/><W88/><G35/><T62/><D57/><U79/><E79/><V84/><F84/><W15/><G86/><T13/><D65/><U32/><E32/><V83/><F83/><W71/><G33/><T67/><D67/><U36/><E21/><V85/><F85/><W101/><G71/><T6/><D82/><U109/><E109/><V129/><F129/><W48/><G99/><T5/><D81/><U41/><REACH who="1" step="1"/><E19/><REACH who="1" ten="337,70,337,236" step="2"/><V132/><F132/><W87/><G134/><T42/><D98/><U9/><E9/><V28/><F28/><W10/><G29/><T4/><D4/><U66/><E66/><V8/><F8/><W121/><G10/><RYUUKYOKU ba="0,2" sc="337,-15,70,15,337,15,236,-15" hai1="11,16,36,41,44,50,52,54,55,58,95,97,100" hai2="20,25,31,39,47,75,78,80,93,96,103,133,135" /><INIT seed="2,1,2,4,3,0" ten="322,85,352,221" oya="2" hai0="49,98,16,103,18,97,37,84,134,94,22,102,13" hai1="63,71,118,47,87,73,123,89,91,114,31,117,75" hai2="115,129,23,70,14,110,79,7,67,112,48,65,41" hai3="74,109,100,27,38,133,85,61,125,8,5,86,107"/><V12/><F129/><W77/><G38/><T26/><D37/><U44/><E31/><V43/><F110/><W116/><G109/><T17/><D134/><U124/><E114/><V120/><F120/><W28/><G116/><T35/><D35/><U45/><E123/><V36/><F36/><W104/><G125/><T69/><D69/><U68/><E124/><V76/><F23/><W4/><G74/><T78/><D49/><U57/><E87/><V126/><F48/><W60/><G8/><T81/><REACH who="0" step="1"/><D26/><REACH who="0" ten="312,85,352,221" step="2"/><U106/><E63/><V51/><F51/><W82/><G27/><T64/><D64/><U95/><E71/><V1/><F70/><W30/><G133/><T135/><D135/><U34/><E68/><V56/><F126/><W108/><G108/><T121/><D121/><U33/><E118/><V83/><F65/><W32/><G32/><T119/><D119/><U39/><E117/><V42/><F67/><W11/><G60/><T88/><D88/><U122/><E34/><V20/><F112/><W9/><G61/><T54/><D54/><U40/><E33/><V50/><F115/><W132/><G132/><T53/><D53/><U59/><E122/><V128/><F50/><W130/><G130/><T99/><D99/><U101/><E39/><V96/><F96/><W19/><G100/><T92/><AGARI ba="1,3" hai="13,16,17,18,22,78,81,84,92,94,97,98,102,103" machi="92" ten="20,12000,2" yaku="1,1,0,1,7,1,9,1,8,1,54,1,53,1" doraHai="0" doraHaiUra="10" who="0" fromWho="0" sc="312,153,85,-31,352,-61,221,-31" /><INIT seed="3,0,0,4,0,28" ten="465,54,291,190" oya="3" hai0="40,84,98,32,22,79,60,39,54,15,114,119,26" hai1="13,109,2,130,70,127,34,14,112,71,78,86,89" hai2="50,101,81,73,116,91,6,110,69,56,65,99,44" hai3="123,18,122,1,53,24,3,102,103,19,96,135,10"/><W46/><G135/><T88/><D119/><U41/><E2/><V129/><F116/><W0/><G10/><T27/><D39/><U59/><E112/><V105/><F69/><W61/><G24/><T20/><D40/><U16/><E109/><V35/><F35/><W63/><G46/><T131/><D32/><U29/><E130/><V38/><F129/><W80/><G80/><T97/><D79/><U30/><E78/><V11/><F110/><W128/><G128/><T113/><D15/><U66/><E127/><V74/><F38/><W75/><G75/><T52/><D131/><U68/><E41/><V37/><F37/><W62/><G53/><T87/><D60/><U115/><E115/><V45/><F45/><W77/><G77/><T67/><D88/><U83/><E13/><V100/><F44/><W36/><G36/><T92/><D92/><U133/><E133/><V48/><F81/><W108/><G108/><T125/><D67/><U8/><REACH who="1" step="1"/><E34/><REACH who="1" ten="465,44,291,190" step="2"/><V49/><F73/><W9/><G1/><T118/><D118/><U4/><E4/><V94/><F74/><W90/><G0/><T132/><D132/><U107/><E107/><V21/><F105/><W57/><G3/><T25/><D25/><U43/><E43/><V121/><F6/><W134/><G134/><T93/><D125/><U106/><E106/><V85/><F121/><W58/><G123/><T33/><D33/><U64/><E64/><V47/><F65/><W104/><G122/><T12/><D12/><U111/><E111/><V7/><F7/><W55/><G104/><T72/><D72/><RYUUKYOKU ba="0,1" sc="465,15,44,15,291,-15,190,-15" hai0="20,22,26,27,52,54,84,87,93,97,98,113,114" hai1="8,14,16,29,30,59,66,68,70,71,83,86,89" /><INIT seed="4,1,1,2,2,28" ten="480,59,276,175" oya="0" hai0="52,37,8,135,109,56,58,98,130,47,83,133,33" hai1="108,39,41,31,21,93,66,91,124,85,7,20,23" hai2="4,68,48,126,92,95,132,22,5,69,11,134,79" hai3="15,64,111,88,51,42,3,116,123,61,63,54,26"/><T104/><D83/><U35/><E108/><V127/><F79/><W77/><G3/><T70/><D70/><N who="2" m="27242" /><F22/><W19/><G77/><T55/><D8/><U60/><E124/><N who="2" m="47659" /><F48/><W89/><G111/><T117/><D98/><U96/><E7/><N who="2" m="2635" /><F11/><W16/><G51/><T18/><D109/><U34/><E31/><V114/><F114/><W67/><G123/><T107/><D47/><U13/><E13/><V82/><F82/><W76/><G76/><T0/><D0/><U25/><E25/><V49/><F49/><W29/><G15/><T101/><D58/><U120/><E120/><V57/><F57/><W6/><G6/><T65/><D56/><U50/><E50/><V84/><F84/><W129/><G26/><T38/><D55/><U86/><E60/><V87/><F87/><W27/><G54/><T102/><D52/><U44/><REACH who="1" step="1"/><E66/><REACH who="1" ten="480,49,276,175" step="2"/><N who="3" m="25130" /><G27/><T43/><D65/><U59/><E59/><V80/><F80/><W115/><G61/><T32/><D43/><U40/><E40/><V24/><F24/><W106/><G63/><T62/><D62/><U128/><E128/><V9/><F9/><W103/><G129/><T97/><D130/><U122/><E122/><V46/><F46/><W78/><G42/><T2/><D2/><U119/><E119/><V125/><F125/><W112/><G112/><T73/><D117/><U94/><E94/><AGARI ba="1,2" hai="92,94,95,132,134" m="2635,47659,27242" machi="94" ten="40,5200,0" yaku="28,2,18,1" doraHai="28" who="2" fromWho="1" sc="480,0,49,-55,276,75,175,0" owari="480,58.0,-6,-51.0,351,15.0,175,-22.0" /></mjloggm>