<mjloggm ver="2.3"><GO type="169" lobby="0"/><UN n0="%74%61%6B%61%79%79%79%79" n1="%68%65%74" n2="%47%6F%6D%6F%61%6F" n3="%E5%B0%B1%E6%B4%BB%E7%94%9F%40%E5%B7%9D%E6%9D%91%E8%BB%8D%E5%9B%A3" dan="16,16,17,16" rate="2136.62,2076.91,2145.83,2125.12" sx="M,M,M,M"/><TAIKYOKU oya="0"/><INIT seed="0,0,0,3,1,13" ten="250,250,250,250" oya="0" hai0="56,84,28,17,112,11,131,75,59,12,127,20,14" hai1="78,74,73,19,93,101,64,105,88,81,29,21,129" hai2="40,8,99,115,118,77,27,15,121,87,132,55,86" hai3="126,31,90,80,39,26,114,124,109,62,24,102,16"/><T1/><D75/><U22/><E129/><V95/><F115/><W128/><G39/><T58/><D112/><U117/><E117/><V116/><F132/><W68/><G114/><T70/><D70/><U106/><E74/><V52/><F121/><W91/><G128/><T30/><D131/><U96/><E64/><V92/><F40/><W119/><G102/><T25/><D127/><N who="3" m="48681" /><G119/><N who="2" m="45609" /><F27/><W42/><G42/><T49/><D49/><U79/><E79/><V2/><F2/><W46/><G46/><T6/><REACH who="0" step="1"/><D84/><REACH who="0" ten="240,250,250,250" step="2"/><N who="2" m="32298" /><F77/><W41/><G68/><T122/><D122/><U76/><E76/><V43/><F43/><W7/><G41/><T34/><D34/><U123/><E123/><V107/><F107/><W0/><G62/><T18/><D18/><U60/><E60/><V51/><F51/><W65/><G16/><T111/><D111/><U71/><E71/><V57/><F57/><W110/><G109/><T130/><D130/><U89/><E106/><V69/><F69/><W35/><G110/><T82/><D82/><U66/><E105/><V32/><F32/><W100/><G80/><T47/><D47/><U72/><E72/><V33/><F33/><W94/><G35/><T9/><D9/><U108/><E108/><V83/><F83/><W63/><G63/><T125/><D125/><U134/><E73/><V44/><F44/><W50/><G50/><T67/><D67/><U36/><E66/><V120/><F120/><W135/><G31/><AGARI ba="0,1" hai="1,6,11,12,14,17,20,25,28,30,31,56,58,59" machi="31" ten="40,12000,1" yaku="1,1,52,1,53,3" doraHai="13" doraHaiUra="53" who="0" fromWho="3" sc="240,130,250,0,250,0,250,-120" /><INIT seed="0,1,0,5,0,44" ten="370,250,250,130" oya="0" hai0="104,77,117,102,40,133,107,43,130,84,132,129,103" hai1="113,33,45,108,7,87,30,121,25,61,127,9,39" hai2="18,53,112,94,86,8,92,106,60,68,42,93,21" hai3="19,65,110,105,34,67,81,58,124,95,41,62,85"/><T50/><D117/><U98/><E121/><V70/><F106/><N who="0" m="40490" /><D50/><U128/><E108/><V66/><F112/><W5/><G105/><T59/><D59/><U80/><E128/><N who="0" m="49257" /><D77/><U11/><E127/><V57/><F42/><N who="0" m="15914" /><D84/><U126/><E126/><V125/><F125/><W90/><G124/><T111/><D111/><U52/><E113/><V20/><F86/><W69/><G110/><T0/><D0/><U15/><E39/><V135/><F93/><W100/><G41/><T131/><D131/><U97/><E11/><V54/><F92/><W64/><G58/><T29/><D29/><U37/><E37/><V118/><F94/><W14/><G95/><T76/><D76/><U35/><E35/><V49/><F8/><W83/><G34/><T71/><D71/><U114/><E114/><V46/><F68/><W115/><G115/><T73/><D73/><U134/><E87/><V28/><F28/><W109/><G109/><T101/><AGARI ba="1,0" hai="101,102,103,132,133" m="15914,49257,40490" machi="101" ten="40,7800,0" yaku="28,2,19,1" doraHai="44" who="0" fromWho="0" sc="370,81,250,-27,250,-27,130,-27" /><INIT seed="0,2,0,4,0,39" ten="451,223,223,103" oya="0" hai0="6,20,113,29,68,101,5,115,30,13,119,24,76" hai1="93,95,80,12,10,124,123,67,96,53,106,90,130" hai2="64,3,125,44,88,73,78,0,59,131,100,51,74" hai3="97,38,25,36,4,134,57,92,118,110,14,61,70"/><T33/><D68/><U128/><E123/><V91/><F100/><W94/><G118/><T129/><D76/><U8/><E124/><V114/><F114/><N who="0" m="43530" /><D101/><N who="1" m="62759" /><E67/><V23/><F131/><N who="1" m="50217" /><E8/><V87/><F125/><W62/><G110/><T111/><D129/><U84/><E53/><V71/><F71/><W56/><G134/><T17/><D119/><U85/><E85/><V105/><F105/><W126/><G70/><T49/><D49/><U21/><E21/><V121/><F78/><W48/><G48/><T32/><D111/><U107/><E107/><V43/><F121/><W18/><G126/><T15/><D15/><U50/><E50/><V37/><F23/><W86/><G4/><AGARI ba="2,0" hai="4,10,12,80,84,90,93,95" m="50217,62759" machi="4" ten="30,1000,0" yaku="19,1" doraHai="39" who="1" fromWho="3" sc="451,0,223,16,223,0,103,-16" /><INIT seed="1,0,0,3,3,119" ten="451,239,223,87" oya="1" hai0="36,4,114,7,40,123,103,45,10,90,55,80,5" hai1="33,53,73,48,14,67,43,77,131,8,64,3,31" hai2="23,6,42,115,2,93,85,13,16,109,9,113,1" hai3="112,47,120,19,89,24,124,65,22,57,49,108,128"/><U0/><E131/><V56/><F42/><W133/><G112/><N who="2" m="43081" /><F56/><W91/><G128/><T76/><D114/><U100/><E43/><V83/><F93/><W88/><G124/><T92/><D103/><U27/><E100/><V72/><F72/><W28/><G133/><T98/><D123/><U32/><E32/><V15/><F109/><W34/><G108/><T107/><D107/><U63/><E77/><AGARI ba="0,0" hai="1,2,6,9,13,15,16,23,77,83,85" m="43081" machi="77" ten="30,2000,0" yaku="11,1,54,1" doraHai="119" who="2" fromWho="1" sc="451,0,239,-20,223,20,87,0" /><INIT seed="2,0,0,4,1,76" ten="451,219,243,87" oya="2" hai0="45,21,36,128,15,115,113,31,84,70,67,18,24" hai1="46,13,85,135,5,87,99,30,120,88,118,75,80" hai2="124,62,38,111,68,41,132,102,125,26,51,90,105" hai3="64,71,93,43,131,101,107,66,108,1,119,122,35"/><V50/><F38/><W116/><G43/><T9/><D128/><U82/><E118/><V14/><F132/><W79/><G66/><T25/><D67/><U19/><E75/><V97/><F41/><W104/><G64/><T48/><D70/><U44/><E135/><V114/><F114/><W3/><G79/><T91/><D36/><U34/><E120/><V23/><F68/><W103/><G93/><T96/><D25/><U110/><E110/><V56/><F14/><W37/><G103/><T20/><D20/><U49/><E5/><V95/><F111/><W47/><G47/><T58/><D58/><U63/><E63/><V0/><F0/><W57/><G57/><T121/><D121/><U92/><E34/><V100/><F62/><W106/><G101/><N who="2" m="39017" /><F56/><W2/><G108/><T109/><D96/><U74/><E74/><V61/><F61/><W126/><G122/><T94/><REACH who="0" step="1"/><D109/><REACH who="0" ten="441,219,243,87" step="2"/><U32/><E32/><V4/><F23/><W81/><G35/><T117/><D117/><U134/><E134/><V112/><F26/><W10/><G37/><T17/><D17/><U27/><E27/><V22/><F22/><W52/><G71/><T59/><D59/><U33/><E33/><V127/><F112/><W60/><G116/><T12/><D12/><U98/><E98/><N who="2" m="57719" /><F4/><W28/><G119/><T89/><D89/><N who="1" m="51367" /><E30/><V130/><F130/><W8/><G131/><T55/><AGARI ba="0,1" hai="9,15,18,21,24,31,45,48,55,84,91,94,113,115" machi="55" ten="20,5200,0" yaku="1,1,0,1,7,1,53,1" doraHai="76" doraHaiUra="40" who="0" fromWho="0" sc="441,62,219,-13,243,-26,87,-13" /><INIT seed="3,0,0,0,4,54" ten="503,206,217,74" oya="3" hai0="29,106,44,68,43,90,7,73,13,114,52,62,26" hai1="35,20,39,37,98,49,45,0,72,16,14,41,22" hai2="121,93,107,70,6,19,50,117,96,28,30,60,17" hai3="94,108,88,103,9,71,67,38,10,27,99,63,51"/><W77/><G38/><T113/><D106/><U47/><E35/><V101/><F117/><W133/><G133/><T5/><D73/><U31/><E0/><V64/><F121/><W21/><G77/><T92/><D13/><U2/><E2/><V42/><F6/><W61/><G108/><T18/><D18/><U66/><E72/><V111/><F111/><W119/><G119/><T56/><D68/><U81/><E81/><V46/><F93/><W53/><G103/><T128/><D128/><U127/><E127/><V48/><F48/><W69/><G69/><T102/><D102/><U34/><E34/><V116/><F116/><W97/><G97/><T85/><D114/><U55/><E66/><V58/><F70/><W59/><REACH who="3" step="1"/><G51/><REACH who="3" ten="503,206,217,64" step="2"/><N who="0" m="27039" /><D113/><U8/><E39/><V76/><F76/><W123/><G123/><T23/><AGARI ba="0,1" hai="5,7,23,26,29,52,56,62,85,90,92" m="27039" machi="23" ten="30,4000,0" yaku="8,1,52,1,54,1" doraHai="54" who="0" fromWho="0" sc="503,50,206,-10,217,-10,64,-20" /><INIT seed="4,0,0,4,0,49" ten="553,196,207,44" oya="0" hai0="18,54,53,43,76,132,94,122,20,45,19,68,7" hai1="63,23,74,26,59,109,87,70,100,52,128,40,113" hai2="92,112,44,79,36,2,117,106,58,10,38,78,46" hai3="3,77,50,102,47,134,99,67,118,90,89,88,127"/><T129/><D68/><U4/><E74/><V135/><F106/><W131/><G3/><T119/><D122/><U103/><E109/><V64/><F92/><W62/><G118/><T16/><D119/><U125/><E125/><V30/><F10/><W33/><G33/><T27/><D129/><U15/><E128/><V115/><F117/><W104/><G131/><T107/><D107/><U66/><E113/><V86/><F86/><W110/><G110/><T84/><D132/><U34/><E34/><V133/><F58/><W21/><G134/><T96/><D7/><U11/><E87/><V17/><F17/><N who="0" m="6762" /><D43/><U83/><E83/><V108/><F108/><W75/><G127/><T121/><D45/><U42/><E42/><V126/><F126/><W13/><G13/><T82/><D121/><U56/><E40/><V101/><F2/><W69/><G21/><T130/><D130/><U5/><E5/><V48/><F135/><W73/><REACH who="3" step="1"/><G77/><REACH who="3" ten="553,196,207,34" step="2"/><T65/><D65/><U85/><E23/><V80/><F64/><W81/><G81/><T8/><D8/><U32/><E32/><V31/><F80/><W39/><G39/><T60/><D60/><U25/><E66/><V93/><F133/><W72/><G72/><T116/><D116/><U124/><E124/><V14/><F79/><W98/><G98/><T97/><D97/><U24/><E11/><V28/><F78/><W95/><G95/><T120/><D120/><U1/><E63/><V29/><F93/><W123/><G123/><T57/><D94/><U6/><E1/><V71/><N who="2" m="7168" /><DORA hai="41" /><V0/><F0/><RYUUKYOKU ba="0,1" sc="553,-10,196,-10,207,-10,34,30" hai3="47,50,62,67,69,73,75,88,89,90,99,102,104" /><INIT seed="5,1,1,1,1,111" ten="543,186,197,64" oya="1" hai0="127,8,88,7,10,30,133,21,12,123,112,113,11" hai1="93,103,14,79,24,17,23,130,9,44,87,18,129" hai2="5,38,105,96,81,84,126,125,15,132,119,67,36" hai3="91,97,26,69,28,58,1,116,90,124,62,110,52"/><U106/><E106/><V37/><F132/><W0/><G110/><T3/><D133/><U73/><E73/><V42/><F119/><W41/><G116/><T89/><D127/><N who="2" m="48650" /><F67/><W80/><G124/><T98/><D123/><U108/><E108/><V25/><F25/><W53/><G69/><T45/><D45/><U46/><E103/><N who="2" m="62695" /><F15/><W66/><G41/><T40/><D40/><U65/><E65/><V55/><F5/><W120/><G120/><T49/><D49/><U27/><E27/><V19/><F19/><W82/><G1/><T59/><D59/><U60/><E60/><V104/><F104/><W13/><G13/><T68/><D68/><U51/><E93/><V114/><F55/><W95/><G0/><T33/><D33/><U99/><E99/><V61/><F61/><W135/><G135/><T134/><D98/><U70/><E70/><V131/><F131/><N who="1" m="50185" /><E51/><V43/><F42/><W86/><REACH who="3" step="1"/><G80/><AGARI ba="1,1" hai="9,14,17,18,23,24,44,46,79,80,87" m="50185" machi="80" ten="30,1500,0" yaku="19,1" doraHai="111" who="1" fromWho="3" sc="543,0,186,28,197,0,64,-18" /><INIT seed="5,2,0,4,4,31" ten="543,214,197,46" oya="1" hai0="132,11,65,30,70,111,3,62,6,81,91,63,59" hai1="55,32,47,108,35,17,50,26,78,115,117,27,29" hai2="99,41,104,128,79,2,57,98,56,106,72,22,82" hai3="33,10,80,85,67,1,133,105,40,103,123,14,66"/><U8/><E117/><V12/><F2/><W60/><G123/><T18/><D111/><U71/><E71/><V97/><F128/><W21/><G133/><T95/><D132/><U113/><E108/><V7/><F41/><W134/><G134/><T4/><D30/><N who="1" m="19543" /><E78/><V114/><F114/><N who="1" m="43529" /><E17/><V9/><REACH who="2" step="1"/><F22/><REACH who="2" ten="543,214,187,46" step="2"/><W23/><G1/><T75/><D3/><U28/><E28/><V16/><F16/><W69/><G33/><T122/><D18/><U87/><E87/><V107/><AGARI ba="2,1" hai="7,9,12,56,57,72,79,82,97,98,99,104,106,107" machi="107" ten="40,2700,0" yaku="1,1,0,1,53,0" doraHai="31" doraHaiUra="125" who="2" fromWho="2" sc="543,-9,214,-15,187,43,46,-9" /><INIT seed="6,0,0,2,1,79" ten="534,199,230,37" oya="2" hai0="71,124,1,43,132,11,52,106,5,116,85,16,56" hai1="115,83,114,107,133,55,135,50,97,38,63,90,112" hai2="105,108,68,100,70,39,75,74,20,117,42,45,48" hai3="6,95,0,36,92,58,129,119,93,15,111,4,69"/><V27/><F117/><W29/><G69/><T66/><D106/><U10/><E38/><V35/><F48/><W72/><G0/><T30/><D132/><N who="1" m="50763" /><E63/><V51/><F51/><W2/><G2/><T33/><D124/><U32/><E32/><V76/><F108/><W3/><G3/><T123/><D123/><U84/><E10/><V104/><F20/><W96/><G111/><T26/><D116/><U99/><E107/><N who="2" m="41035" /><F100/><W102/><G119/><T87/><D43/><U64/><E64/><V31/><F74/><W54/><G129/><T82/><D71/><U44/><AGARI ba="0,0" hai="44,50,55,83,84,90,97,99,112,114,115" m="50763" machi="44" ten="40,5200,0" yaku="15,1,20,1,52,1" doraHai="79" who="1" fromWho="1" sc="534,-13,199,52,230,-26,37,-13" /><INIT seed="7,0,0,5,0,128" ten="521,251,204,24" oya="3" hai0="30,3,37,109,71,117,25,79,103,13,47,34,72" hai1="22,20,50,129,52,51,94,73,38,119,6,89,115" hai2="105,67,77,102,116,126,96,14,26,100,76,114,88" hai3="84,93,68,131,63,29,113,85,121,10,40,97,18"/><W5/><G121/><T92/><D13/><U81/><E38/><V118/><F67/><W54/><G131/><T108/><D117/><N who="2" m="45162" /><F14/><W112/><G40/><T122/><D92/><U130/><E119/><V41/><F26/><W11/><G29/><T1/><D103/><U124/><E6/><V33/><F33/><W61/><G18/><T44/><D71/><U8/><E8/><N who="3" m="3114" /><G5/><T31/><D31/><U120/><E20/><V78/><F41/><W110/><G68/><T27/><D27/><U83/><E22/><V49/><F49/><W45/><G45/><T17/><D47/><U53/><E50/><V125/><F114/><N who="3" m="44139" /><G110/><T60/><D122/><U86/><E51/><V95/><F105/><W135/><G135/><T57/><D17/><U4/><E115/><V62/><F62/><N who="3" m="23563" /><G54/><T75/><D57/><U87/><E52/><V19/><F19/><W74/><G74/><T69/><D75/><U7/><E53/><V2/><F2/><W123/><G123/><T9/><D3/><U107/><E4/><V46/><F46/><W98/><G93/><T65/><D44/><U90/><E7/><V35/><F35/><W16/><G16/><T58/><D1/><U134/><E130/><V56/><F56/><W91/><G91/><T55/><D69/><U101/><E129/><V59/><F59/><W82/><G82/><T0/><D0/><U12/><E83/><V111/><F111/><W80/><G80/><T43/><D109/><U64/><E81/><V132/><F132/><W23/><G23/><T99/><D108/><U36/><E134/><V106/><F88/><RYUUKYOKU ba="0,0" sc="521,-15,251,-15,204,15,24,15" hai2="76,77,78,95,96,100,102,106,125,126" hai3="84,85,97,98" /><INIT seed="7,1,0,4,4,91" ten="506,236,219,39" oya="3" hai0="98,133,130,52,12,124,127,76,38,88,22,109,94" hai1="63,7,110,10,15,112,78,86,18,13,132,131,77" hai2="3,42,26,126,134,11,8,97,75,17,44,65,19" hai3="36,2,4,37,72,62,28,81,27,103,0,96,30"/><W59/><G72/><T57/><D109/><U21/><E110/><V123/><F75/><W125/><G125/><N who="0" m="48203" /><D130/><U113/><E131/><V89/><F126/><W14/><G81/><T80/><D133/><U84/><E132/><V106/><F134/><W107/><G14/><T58/><D38/><U55/><E55/><V53/><F3/><W1/><G4/><T114/><D114/><N who="1" m="44139" /><E63/><V34/><F34/><W48/><G48/><T51/><D22/><U85/><AGARI ba="1,0" hai="7,10,13,15,18,21,77,78,84,85,86" m="44139" machi="85" ten="30,1100,0" yaku="15,1" doraHai="91" who="1" fromWho="1" sc="506,-4,236,14,219,-4,39,-6" owari="502,60.0,250,5.0,215,-18.0,33,-47.0" /></mjloggm>