<mjloggm ver="2.3"><GO type="169" lobby="0"/><UN n0="%47%45%59%55" n1="%5A%5A%5A%5A%5A" n2="%E3%82%A6%E3%83%AB%E3%83%88%E3%83%A9%E7%AB%8B%E7%9B%B4" n3="%E3%81%BE%E3%83%BC%E3%81%95%EF%BC%A0%EF%BC%92%EF%BC%91" dan="17,16,17,17" rate="2157.28,2147.00,2156.96,2203.62" sx="M,M,M,M"/><TAIKYOKU oya="0"/><INIT seed="0,0,0,4,2,116" ten="250,250,250,250" oya="0" hai0="13,104,49,14,80,123,51,102,79,77,12,17,38" hai1="117,65,45,48,7,74,103,30,69,68,27,9,60" hai2="50,8,133,72,26,56,70,63,23,40,25,28,41" hai3="46,119,96,73,52,107,64,67,132,98,135,15,134"/><T114/><D114/><U122/><E117/><V87/><F72/><W125/><G119/><T81/><D38/><U16/><E74/><V3/><F133/><W33/><G73/><T91/><D123/><U89/><E103/><V124/><F124/><W92/><G125/><T78/><D17/><U36/><E36/><V120/><F120/><W97/><G33/><T31/><D31/><U54/><E122/><V113/><F113/><W75/><G75/><T66/><D66/><U34/><E89/><V118/><F118/><W128/><G128/><T86/><REACH who="0" step="1"/><D81/><REACH who="0" ten="240,250,250,250" step="2"/><U32/><E16/><V90/><F28/><W131/><G64/><T99/><AGARI ba="0,1" hai="12,13,14,49,51,77,78,79,80,86,91,99,102,104" machi="99" ten="40,7800,0" yaku="1,1,2,1,0,1,53,0" doraHai="116" doraHaiUra="62" who="0" fromWho="0" sc="240,88,250,-26,250,-26,250,-26" /><INIT seed="0,1,0,4,4,81" ten="328,224,224,224" oya="0" hai0="28,24,101,37,6,92,67,39,73,116,129,5,43" hai1="85,66,14,1,50,21,41,89,64,2,23,94,18" hai2="106,72,117,115,125,59,62,40,53,22,118,134,122" hai3="52,120,15,7,87,119,13,31,75,132,96,4,25"/><T99/><D116/><U44/><REACH who="1" step="1"/><E23/><REACH who="1" ten="328,214,224,224" step="2"/><V133/><F22/><W26/><G119/><T79/><D129/><U86/><E86/><V110/><F118/><W126/><G87/><T74/><D73/><U47/><E47/><V131/><F72/><W84/><G75/><T54/><D74/><U70/><E70/><V57/><F117/><W113/><G84/><T35/><D35/><U16/><E16/><V45/><F131/><W109/><G120/><T51/><D5/><U82/><E82/><V38/><F122/><W121/><G121/><T95/><D6/><U71/><E71/><V114/><F106/><W61/><G4/><T55/><D95/><U63/><E63/><N who="2" m="36271" /><F110/><W65/><G109/><T98/><D92/><U69/><E69/><V46/><F46/><W108/><G108/><T29/><D29/><U83/><E83/><V124/><F115/><W135/><G113/><T20/><D20/><U12/><E12/><V104/><F104/><W102/><G15/><T32/><D32/><U48/><E48/><V103/><F114/><W33/><G13/><T77/><D28/><U130/><E130/><V58/><F62/><W36/><G7/><T10/><D51/><U90/><E90/><V8/><F45/><W68/><G33/><T0/><D39/><U42/><E42/><V30/><F40/><W97/><G36/><T17/><D37/><U11/><E11/><V127/><F38/><W107/><G31/><T27/><D43/><U3/><AGARI ba="1,1" hai="1,2,3,14,18,21,41,44,50,64,66,85,89,94" machi="3" ten="30,8000,1" yaku="21,2,0,1,52,1,53,1" doraHai="81" doraHaiUra="88" who="1" fromWho="1" sc="328,-41,214,93,224,-21,224,-21" /><INIT seed="1,0,0,3,4,110" ten="287,307,203,203" oya="1" hai0="52,56,62,0,91,20,67,10,125,6,2,89,118" hai1="113,127,65,69,15,108,48,8,31,14,114,87,27" hai2="26,36,63,73,58,21,30,5,83,100,34,11,46" hai3="7,119,129,130,59,68,47,19,1,116,120,33,41"/><U66/><E108/><V97/><F34/><W128/><G68/><T13/><D118/><N who="3" m="45097" /><G120/><T106/><D125/><U78/><E127/><V37/><F46/><W18/><G59/><T39/><D106/><U71/><E48/><V49/><F49/><W45/><G41/><T76/><D39/><U75/><E75/><V28/><F28/><W3/><G7/><T43/><D43/><U95/><E78/><V4/><F83/><W92/><G92/><T32/><D32/><U16/><E95/><V109/><F73/><W88/><G88/><T93/><D76/><U81/><E69/><V85/><F85/><W57/><G57/><T121/><D121/><U72/><E72/><V99/><F99/><W111/><G33/><T98/><D89/><U124/><E124/><V35/><F35/><W126/><G126/><T107/><D107/><U23/><E15/><N who="2" m="5607" /><F5/><W86/><G86/><T77/><D77/><U134/><E134/><V84/><F84/><W132/><G132/><T54/><REACH who="0" step="1"/><D0/><REACH who="0" ten="277,307,203,203" step="2"/><N who="3" m="73" /><G111/><T117/><D117/><U53/><E71/><V96/><F109/><W103/><G103/><T80/><D80/><U9/><E81/><V101/><F101/><W60/><G60/><T40/><D40/><U44/><E87/><V12/><F100/><W24/><G24/><T82/><D82/><U79/><E79/><V122/><F122/><W123/><G123/><T42/><D42/><U135/><E135/><V55/><F36/><W61/><G61/><T102/><D102/><U29/><E27/><V70/><F37/><W105/><G105/><T50/><D50/><U25/><E25/><RYUUKYOKU ba="0,1" sc="277,15,307,-15,203,-15,203,15" hai0="2,6,10,13,20,52,54,56,62,67,91,93,98" hai3="18,19,45,47,128,129,130" /><INIT seed="2,1,1,5,5,23" ten="292,292,188,218" oya="2" hai0="124,82,14,59,99,84,73,41,9,63,71,88,20" hai1="7,112,78,93,18,47,33,132,1,85,90,119,94" hai2="58,40,133,122,67,80,104,42,24,2,95,61,6" hai3="55,53,21,126,118,0,134,10,3,62,54,129,50"/><V74/><F104/><W128/><G118/><T121/><D121/><U92/><E119/><V96/><F122/><W51/><G134/><T79/><D124/><U115/><E132/><V34/><F133/><W108/><G126/><T76/><D71/><U109/><E33/><V98/><F2/><W16/><G62/><T39/><D99/><U125/><E125/><V49/><F6/><W83/><G83/><T26/><D39/><U27/><E47/><V30/><F49/><N who="3" m="18443" /><G10/><T116/><D41/><U44/><E44/><V15/><F15/><W123/><G108/><T25/><D116/><U28/><E78/><N who="0" m="29737" /><D20/><U4/><E18/><V117/><F117/><W97/><G97/><T89/><D89/><U87/><E109/><V66/><F98/><W17/><G123/><T75/><D75/><U48/><E48/><V12/><F74/><W56/><G56/><T13/><D13/><U32/><E1/><N who="3" m="586" /><G21/><T130/><D73/><U72/><E72/><V60/><F80/><W101/><G101/><T111/><D111/><U64/><E64/><V131/><F12/><W70/><G70/><T29/><D14/><U57/><E57/><V36/><F36/><W114/><G114/><T105/><D9/><U19/><E19/><AGARI ba="1,1" hai="16,17,19,53,54,55,128,129" m="586,18443" machi="19" ten="40,5200,0" yaku="28,2,54,1" doraHai="23" who="3" fromWho="1" sc="292,0,292,-55,188,0,218,65" /><INIT seed="3,0,0,2,3,82" ten="292,237,188,283" oya="3" hai0="46,48,106,15,26,11,9,12,49,64,114,1,51" hai1="63,21,35,25,107,125,134,32,76,31,68,108,24" hai2="65,55,67,97,78,115,119,127,122,104,54,96,2" hai3="70,84,81,52,60,69,30,23,128,61,39,121,112"/><W3/><G112/><T91/><D106/><U110/><E107/><V0/><F104/><W113/><G113/><T92/><D114/><U98/><E98/><V18/><F115/><W57/><G121/><T85/><D64/><U133/><E76/><V50/><F78/><W94/><G3/><T19/><D26/><U22/><E63/><V86/><F18/><W95/><G39/><T131/><D1/><U135/><E68/><V118/><F50/><W34/><G34/><N who="1" m="12842" /><E125/><V101/><F101/><W28/><G128/><T74/><D74/><U87/><E87/><V80/><F80/><W103/><G61/><T62/><D62/><U120/><E120/><V8/><F8/><W5/><G5/><T66/><D66/><U117/><E117/><V41/><F122/><W129/><G129/><T132/><D132/><N who="1" m="33795" /><U4/><DORA hai="102" /><E4/><V126/><F41/><W89/><G70/><T47/><D131/><U20/><E31/><N who="3" m="11818" /><G69/><T37/><D37/><U56/><E56/><V44/><F44/><W36/><G103/><T33/><D33/><U43/><E43/><V90/><F90/><W10/><G36/><T75/><D75/><U123/><E123/><V16/><F16/><AGARI ba="0,0" hai="9,11,12,15,16,19,46,47,48,49,51,85,91,92" machi="16" ten="40,8000,1" yaku="9,1,8,1,52,1,54,1" doraHai="82,102" who="0" fromWho="2" sc="292,80,237,0,188,-80,283,0" /><INIT seed="4,0,0,4,1,100" ten="372,237,108,283" oya="0" hai0="11,33,94,56,114,115,54,65,97,107,26,12,116" hai1="27,132,74,64,34,9,38,1,117,90,36,123,98" hai2="16,21,28,59,44,83,92,101,20,121,95,57,3" hai3="37,73,50,110,8,72,120,25,66,4,122,55,67"/><T76/><D116/><U48/><E117/><V63/><F3/><W130/><G25/><T39/><D39/><U22/><E123/><N who="3" m="47146" /><G110/><T79/><D65/><N who="3" m="24585" /><G37/><T86/><D26/><U60/><E74/><V42/><F121/><W135/><G135/><T53/><D33/><U31/><E132/><V91/><F28/><W52/><G55/><T2/><D2/><U0/><E48/><V87/><F101/><W103/><G103/><N who="0" m="62959" /><D54/><U14/><E98/><V45/><F63/><W112/><G130/><T61/><D94/><N who="2" m="35882" /><F42/><W126/><G126/><T125/><D125/><U118/><E90/><V70/><F70/><W43/><G112/><N who="0" m="43051" /><D86/><U134/><E134/><V129/><F129/><W41/><G41/><T10/><D10/><U80/><E118/><V119/><F119/><W133/><G43/><T23/><D23/><N who="2" m="8778" /><F16/><AGARI ba="0,0" hai="11,12,16,53,56,61,76,79" m="43051,62959" machi="16" ten="30,5800,0" yaku="15,1,52,1,54,1" doraHai="100" who="0" fromWho="2" sc="372,58,237,0,108,-58,283,0" /><INIT seed="4,1,0,4,3,105" ten="430,237,50,283" oya="0" hai0="38,44,60,124,69,78,45,120,10,26,52,131,1" hai1="100,92,67,21,110,16,36,3,113,84,86,48,19" hai2="114,87,108,34,25,89,132,18,29,112,95,65,119" hai3="50,125,72,23,57,123,96,2,66,126,75,51,64"/><T41/><D120/><U4/><E36/><V37/><F37/><W77/><G77/><T8/><D131/><U47/><BYE who="2" /><E67/><V107/><F107/><W40/><G2/><UN n2="%E3%82%A6%E3%83%AB%E3%83%88%E3%83%A9%E7%AB%8B%E7%9B%B4" /><T109/><D124/><N who="3" m="47721" /><G123/><T27/><D109/><U42/><E110/><V14/><F108/><W111/><G111/><T53/><D38/><U17/><E113/><V80/><F119/><W59/><G96/><T35/><D78/><U128/><E128/><V15/><F132/><W98/><G98/><T63/><D1/><U127/><E127/><V58/><F65/><N who="3" m="25195" /><G23/><T30/><D41/><U102/><E21/><V79/><F58/><N who="3" m="22027" /><G40/><T82/><D30/><U31/><E31/><V13/><REACH who="2" step="1"/><F18/><REACH who="2" ten="430,237,40,283" step="2"/><W12/><G12/><T61/><D63/><U70/><E70/><V49/><F49/><AGARI ba="1,1" hai="49,50,51,72,75" m="22027,25195,47721" machi="49" ten="30,8000,1" yaku="28,2,18,1,52,2" doraHai="105" who="3" fromWho="2" sc="430,0,237,0,40,-83,283,93" owari="430,52.0,237,-16.0,-43,-54.0,376,18.0" /></mjloggm>