<mjloggm ver="2.3"><GO type="169" lobby="0"/><UN n0="%E2%80%BB%34%33%33%E2%80%BB" n1="%E5%B0%B1%E6%B4%BB%E7%94%9F%40%E5%B7%9D%E6%9D%91%E8%BB%8D%E5%9B%A3" n2="%E3%83%87%E3%83%AB%E3%83%90%E3%83%A9%E3%83%89" n3="%E3%82%B3%E3%83%BC%E3%83%A9%E4%B8%8B%E3%81%95%E3%81%84" dan="16,17,16,19" rate="2088.11,2213.22,2053.74,2326.28" sx="M,M,M,M"/><TAIKYOKU oya="0"/><INIT seed="0,0,0,0,1,22" ten="250,250,250,250" oya="0" hai0="24,18,35,40,6,34,105,135,123,122,129,36,32" hai1="66,53,116,114,71,28,60,117,5,88,77,99,56" hai2="111,102,46,14,42,79,75,3,27,58,26,86,115" hai3="7,1,84,12,76,59,100,94,72,48,37,118,15"/><T54/><D105/><U119/><E77/><V91/><F3/><W113/><G37/><T41/><D54/><U87/><E114/><V10/><F115/><W4/><G118/><T57/><D57/><U74/><E74/><V127/><F102/><W68/><G68/><T132/><D36/><U44/><E5/><V109/><F79/><W50/><G1/><T13/><D40/><U45/><E99/><V49/><F75/><W47/><G72/><T55/><D55/><U69/><E28/><V31/><F31/><W73/><G73/><T62/><D41/><U11/><E11/><V120/><F58/><W126/><G100/><T0/><D62/><U81/><REACH who="1" step="1"/><E71/><REACH who="1" ten="250,240,250,250" step="2"/><V21/><F120/><N who="0" m="46122" /><D129/><U134/><E134/><N who="0" m="51241" /><D0/><U101/><E101/><V2/><F2/><W30/><G113/><T121/><D121/><U93/><E93/><V39/><F10/><W8/><G94/><T83/><D6/><U25/><E25/><V90/><F27/><W104/><G104/><T95/><D95/><U64/><E64/><V89/><F26/><W23/><G7/><T43/><D83/><U96/><E96/><V133/><F133/><W70/><G70/><T108/><D108/><U19/><E19/><N who="2" m="10487" /><F109/><W51/><G8/><N who="0" m="6439" /><D43/><U103/><E103/><V16/><F111/><W97/><G4/><T17/><D17/><U78/><E78/><V20/><F86/><W67/><G84/><T112/><D112/><U92/><E92/><V52/><F39/><W110/><G76/><T33/><D33/><U124/><E124/><V38/><F127/><W63/><G126/><T82/><D82/><RYUUKYOKU ba="0,1" sc="250,15,240,15,250,-15,250,-15" hai0="24,32,34,35" hai1="44,45,53,56,60,66,69,81,87,88,116,117,119" /><INIT seed="0,1,1,3,0,74" ten="265,255,235,235" oya="0" hai0="15,111,38,128,56,17,20,108,25,119,41,47,110" hai1="104,132,14,118,79,85,10,5,75,7,103,71,112" hai2="114,78,70,113,48,43,72,77,127,34,133,82,26" hai3="98,97,52,40,90,29,2,105,125,31,130,16,12"/><T123/><D119/><U129/><E75/><V53/><F70/><W18/><G2/><T88/><D123/><U11/><E71/><V23/><F34/><W22/><G40/><T73/><D128/><U80/><E118/><V62/><F127/><W37/><G37/><T65/><D73/><U46/><E112/><V3/><F3/><W94/><G130/><T102/><D102/><U13/><E129/><V101/><F133/><W51/><G125/><T55/><D65/><U126/><E126/><V115/><F101/><W66/><G66/><T131/><D131/><U39/><E132/><V19/><F72/><W89/><G105/><T33/><D33/><U84/><E103/><V57/><REACH who="2" step="1"/><F82/><REACH who="2" ten="265,255,225,235" step="2"/><W95/><REACH who="3" step="1"/><G18/><REACH who="3" ten="265,255,225,225" step="2"/><T109/><D109/><U59/><E104/><V67/><F67/><W68/><G68/><T30/><D17/><U50/><E39/><V92/><F92/><W107/><G107/><T116/><D116/><U64/><E64/><V6/><F6/><W124/><G124/><T35/><D108/><U9/><E7/><V100/><F100/><W87/><G87/><T83/><D110/><U28/><E85/><V106/><F106/><W134/><G134/><T32/><D111/><U120/><E84/><V63/><F63/><W135/><G135/><T44/><D38/><U21/><E5/><V49/><F49/><W0/><G0/><T1/><D1/><U27/><E50/><V58/><F58/><AGARI ba="1,3" hai="12,16,22,29,31,51,52,58,89,90,94,95,97,98" machi="58" ten="30,12000,2" yaku="1,1,7,1,9,1,8,1,54,2,53,0" doraHai="74" doraHaiUra="69" who="3" fromWho="2" sc="265,0,255,0,225,-123,225,153" /><INIT seed="1,0,0,0,0,108" ten="265,255,102,378" oya="1" hai0="4,21,67,122,80,57,74,27,79,109,86,1,128" hai1="43,66,106,14,96,90,78,53,64,100,46,9,102" hai2="42,85,131,82,49,40,62,71,13,134,41,87,36" hai3="48,34,72,89,76,69,75,44,124,70,104,119,11"/><U93/><E78/><V18/><F131/><W54/><G34/><T55/><D122/><U17/><E53/><V24/><F134/><W0/><G124/><T110/><D128/><U29/><E29/><V51/><F36/><W114/><G104/><T32/><D67/><U33/><E33/><V103/><F103/><W26/><G26/><T94/><D32/><U39/><REACH who="1" step="1"/><E102/><REACH who="1" ten="265,245,102,378" step="2"/><V68/><F62/><W45/><G76/><T83/><D55/><U121/><E121/><V81/><F42/><W8/><G54/><T22/><D79/><U127/><E127/><V7/><F41/><W116/><G116/><T35/><D74/><U113/><E113/><V135/><F40/><W99/><G114/><T3/><D35/><U91/><E91/><V6/><F135/><W101/><G89/><T97/><D110/><U50/><E50/><V61/><F61/><W19/><G48/><T111/><D111/><U52/><E52/><V58/><F51/><W30/><G30/><T10/><D109/><U16/><E16/><V123/><F18/><W23/><G119/><T117/><D117/><U60/><E60/><V133/><F49/><W118/><G118/><T28/><D28/><U59/><E59/><V126/><F58/><W105/><G72/><T63/><D57/><U25/><E25/><V31/><F24/><W92/><G75/><T65/><D63/><U73/><E73/><V112/><F123/><W38/><G19/><T56/><D56/><U129/><E129/><V5/><F126/><W20/><G101/><T120/><D27/><U37/><E37/><V125/><F125/><RYUUKYOKU ba="0,1" sc="265,-10,245,30,102,-10,378,-10" hai1="9,14,17,39,43,46,64,66,90,93,96,100,106" /><INIT seed="1,1,1,2,4,70" ten="255,275,92,368" oya="1" hai0="19,80,118,69,62,59,100,107,112,84,134,14,61" hai1="22,4,17,68,122,44,42,76,52,73,53,46,126" hai2="0,87,13,115,79,120,75,77,1,105,92,116,119" hai3="26,63,128,16,7,2,36,18,58,32,21,10,86"/><U48/><E122/><V124/><F120/><W78/><G128/><T39/><D118/><U45/><E126/><V29/><F105/><W72/><G72/><T15/><D112/><U12/><E68/><V37/><F75/><W135/><G135/><T23/><D134/><U98/><E4/><V55/><F29/><W43/><G32/><T35/><D35/><U93/><E76/><V28/><F28/><W125/><G125/><T20/><D69/><U85/><E73/><V9/><F124/><W106/><G106/><T33/><D33/><U96/><E42/><V66/><F66/><W31/><G78/><T132/><D132/><U71/><E71/><V41/><F55/><W102/><G102/><T108/><D108/><U90/><REACH who="1" step="1"/><E53/><REACH who="1" ten="255,265,92,368" step="2"/><V24/><F41/><W54/><G43/><T27/><D62/><U94/><E94/><V91/><F79/><W25/><G54/><T97/><D61/><U6/><E6/><V51/><F77/><W111/><G63/><T114/><D107/><U3/><E3/><V89/><F1/><W121/><G7/><T38/><D114/><U40/><E40/><V81/><F0/><W67/><G2/><T8/><D38/><U34/><E34/><V5/><F37/><W113/><G121/><T56/><D39/><U65/><E65/><V117/><F115/><W83/><G113/><T127/><D127/><U95/><E95/><V103/><F119/><W104/><G67/><T109/><D109/><U101/><E101/><V11/><F103/><W131/><G36/><T99/><D100/><U57/><AGARI ba="1,2" hai="12,17,22,44,45,46,48,52,57,85,90,93,96,98" machi="57" ten="30,18000,2" yaku="1,1,0,1,25,2,8,1,54,1,53,1" doraHai="70" doraHaiUra="50" who="1" fromWho="1" sc="255,-61,265,203,92,-61,368,-61" /><INIT seed="1,2,0,3,0,116" ten="194,468,31,307" oya="1" hai0="48,13,83,2,95,7,4,6,43,28,92,126,105" hai1="35,96,125,49,77,29,33,94,12,68,124,25,21" hai2="84,103,61,102,130,37,89,38,113,74,128,26,46" hai3="97,63,117,106,47,69,120,109,101,71,52,75,129"/><U58/><E68/><V39/><F74/><W72/><G109/><T135/><D105/><U15/><E77/><V62/><F46/><W114/><G114/><T78/><D2/><U119/><E119/><V8/><F113/><W112/><G112/><T24/><D135/><U19/><E58/><V115/><F115/><W73/><G117/><T1/><D1/><U51/><E35/><V31/><F8/><W16/><G129/><T40/><D13/><U55/><E12/><V131/><F89/><W11/><G120/><T133/><D126/><N who="1" m="48747" /><E55/><V82/><F82/><W45/><G45/><T32/><D133/><U34/><E34/><V107/><F84/><W122/><G122/><T99/><D48/><U53/><E53/><V87/><F87/><W98/><G98/><T41/><REACH who="0" step="1"/><D99/><REACH who="0" ten="184,468,31,307" step="2"/><U91/><AGARI ba="2,1" hai="15,19,21,25,29,33,49,51,91,94,96" m="48747" machi="91" ten="30,1500,0" yaku="18,1" doraHai="116" who="1" fromWho="1" sc="184,-7,468,31,31,-7,307,-7" /><INIT seed="1,3,0,2,2,49" ten="177,499,24,300" oya="1" hai0="16,125,119,129,74,86,120,65,76,79,48,27,40" hai1="77,85,62,94,2,57,104,135,5,132,121,43,83" hai2="8,95,107,97,108,84,45,46,110,63,112,91,54" hai3="53,56,25,117,114,69,36,106,22,24,126,100,133"/><U64/><E104/><V71/><F112/><W39/><G69/><T21/><D74/><U88/><E43/><V73/><F73/><W7/><G126/><T14/><D125/><U37/><E37/><V38/><F8/><W101/><G133/><N who="1" m="51274" /><E121/><V113/><F113/><W123/><G123/><T102/><D129/><U109/><E109/><N who="2" m="42091" /><F38/><W35/><G7/><T18/><D48/><U29/><E29/><V4/><F4/><W118/><G106/><T31/><D86/><N who="1" m="52503" /><E5/><V111/><N who="2" m="42099" /><V90/><DORA hai="96" /><F107/><W19/><G114/><T52/><D31/><U33/><E2/><V127/><F127/><W134/><G134/><T55/><D120/><U99/><E99/><V32/><F32/><AGARI ba="3,0" hai="32,33,57,62,64,77,83,85" m="52503,51274" machi="32" ten="30,2900,0" yaku="20,1,54,1" doraHai="49,96" who="1" fromWho="2" sc="177,0,499,38,24,-38,300,0" owari="177,-22.0,537,63.0,-14,-51.0,300,10.0" /></mjloggm>