<mjloggm ver="2.3"><GO type="169" lobby="0"/><UN n0="%E6%98%9F%E9%99%8D%E3%82%8B%E8%A1%97" n1="%E5%B0%B1%E6%B4%BB%E7%94%9F%40%E5%B7%9D%E6%9D%91%E8%BB%8D%E5%9B%A3" n2="%44%41%4E%4B%55" n3="%E3%82%AE%E3%82%AC%E3%83%9E%E3%82%A4%E3%83%B3" dan="18,18,16,16" rate="2234.64,2253.47,2032.48,2124.57" sx="F,M,M,M"/><TAIKYOKU oya="0"/><INIT seed="0,0,0,2,2,125" ten="250,250,250,250" oya="0" hai0="12,44,96,135,83,74,117,11,58,107,59,132,111" hai1="10,116,7,69,63,133,50,38,115,67,110,81,22" hai2="62,25,68,118,130,46,52,66,18,123,92,60,30" hai3="109,54,105,26,35,88,128,4,19,57,127,3,131"/><T119/><D44/><U84/><E116/><N who="0" m="44617" /><D111/><U34/><E34/><V42/><F118/><W51/><G105/><T86/><D74/><U56/><E110/><V120/><F130/><N who="3" m="49707" /><G109/><T32/><D32/><U64/><E115/><V93/><F18/><W72/><G72/><T78/><D96/><U16/><E133/><N who="0" m="51273" /><D107/><U24/><E38/><V47/><F120/><W76/><G127/><T91/><D91/><U129/><E129/><V101/><F101/><W39/><G76/><T14/><D14/><N who="1" m="5471" /><E50/><V41/><F123/><W1/><G39/><T126/><D126/><U108/><E69/><V113/><F113/><W85/><G4/><AGARI ba="0,0" hai="4,11,12,58,59,78,83,86" m="51273,44617" machi="4" ten="30,1500,0" yaku="20,1" doraHai="125" who="0" fromWho="3" sc="250,15,250,0,250,0,250,-15" /><INIT seed="0,1,0,4,0,7" ten="265,250,250,235" oya="0" hai0="113,47,79,41,2,124,45,49,56,85,22,114,40" hai1="121,81,122,21,130,74,51,106,28,38,37,135,66" hai2="34,17,55,35,100,109,96,3,14,4,99,8,129" hai3="88,111,69,73,123,118,90,18,64,62,119,29,78"/><T15/><D2/><U132/><E106/><V50/><F109/><W19/><G111/><T53/><D124/><U101/><E101/><V60/><F60/><W84/><G123/><N who="1" m="47114" /><E28/><V27/><F129/><W134/><G134/><N who="1" m="51242" /><E21/><V52/><F27/><W117/><G29/><T46/><D114/><U126/><E81/><V105/><F99/><W1/><G1/><T5/><D113/><U92/><E92/><V48/><F48/><W31/><G31/><T9/><REACH who="0" step="1"/><D22/><REACH who="0" ten="255,250,250,235" step="2"/><U58/><E126/><V65/><F34/><W16/><REACH who="3" step="1"/><G73/><REACH who="3" ten="255,250,250,225" step="2"/><T127/><D127/><U112/><E74/><V108/><F35/><W77/><G77/><T107/><D107/><U83/><E112/><V115/><F108/><W93/><G93/><T36/><D36/><U125/><E125/><V12/><F115/><W11/><G11/><T89/><D89/><U102/><E38/><V59/><F3/><W54/><G54/><T23/><D23/><U68/><E37/><V24/><F55/><W80/><AGARI ba="1,2" hai="16,18,19,62,64,69,78,80,84,88,90,117,118,119" machi="80" ten="40,8000,1" yaku="1,1,0,1,54,2,53,0" doraHai="7" doraHaiUra="71" who="3" fromWho="3" sc="255,-41,250,-21,250,-21,225,103" /><INIT seed="1,0,0,2,2,115" ten="214,229,229,328" oya="1" hai0="12,1,0,107,114,25,80,53,28,6,84,127,2" hai1="85,41,108,76,100,48,31,21,58,98,37,133,38" hai2="19,82,32,62,135,43,15,7,4,67,78,86,52" hai3="81,30,27,24,109,93,125,95,47,26,134,131,42"/><U40/><E133/><V75/><F135/><W68/><G134/><T73/><D73/><U20/><E108/><V77/><F43/><W8/><G68/><T106/><D114/><U65/><E38/><V90/><F32/><W72/><G109/><T104/><D127/><U96/><E37/><V92/><F77/><W66/><G125/><T22/><D53/><U111/><E111/><V57/><REACH who="2" step="1"/><F67/><REACH who="2" ten="214,229,219,328" step="2"/><W110/><G66/><T16/><D6/><U101/><E65/><V132/><F132/><W34/><G42/><T49/><D49/><U18/><E41/><V89/><F89/><W55/><G34/><T128/><D128/><U69/><E40/><V54/><F54/><W56/><G55/><T94/><D94/><U35/><E48/><V120/><F120/><W39/><G95/><T97/><D97/><U60/><E96/><V88/><F88/><W50/><G93/><T14/><REACH who="0" step="1"/><D28/><REACH who="0" ten="204,229,219,328" step="2"/><U61/><E98/><V13/><F13/><W130/><G30/><T71/><D71/><U63/><E31/><V112/><F112/><W103/><G131/><T5/><D5/><U59/><E69/><V70/><F70/><W87/><G130/><T91/><AGARI ba="0,2" hai="0,1,2,12,14,16,22,25,80,84,91,104,106,107" machi="91" ten="40,12000,2" yaku="1,1,0,1,54,1,53,3" doraHai="115" doraHaiUra="33" who="0" fromWho="0" sc="204,140,229,-60,219,-30,328,-30" /><INIT seed="2,0,0,2,4,30" ten="344,169,189,298" oya="2" hai0="53,54,75,98,47,57,74,66,65,20,110,120,105" hai1="6,109,41,97,88,16,46,5,17,61,44,22,38" hai2="15,129,49,14,40,134,18,83,114,27,119,67,8" hai3="81,101,55,31,135,122,0,77,10,71,19,60,37"/><V99/><F114/><W91/><G122/><T50/><D120/><U96/><E109/><V133/><F119/><W82/><G37/><T118/><D110/><U111/><E111/><V86/><F129/><W123/><G123/><T43/><D118/><U7/><E61/><V124/><F124/><W21/><G135/><N who="2" m="51721" /><F67/><W32/><G101/><T104/><D54/><U1/><E1/><V116/><F116/><W107/><G107/><T51/><D105/><U58/><E58/><V3/><F99/><W72/><G91/><T52/><D75/><U13/><E44/><N who="2" m="25735" /><F3/><W33/><G71/><T9/><D74/><U106/><E106/><V73/><F73/><W131/><G131/><T56/><D98/><U89/><E97/><V125/><F125/><W113/><G113/><T36/><D104/><U126/><E126/><V112/><F112/><W25/><G82/><T127/><D127/><U87/><E96/><V103/><F103/><W128/><G128/><T95/><D95/><U80/><REACH who="1" step="1"/><E17/><REACH who="1" ten="344,159,189,298" step="2"/><V92/><F92/><W94/><G94/><T79/><D47/><U93/><E93/><V11/><F27/><W4/><REACH who="3" step="1"/><G19/><REACH who="3" ten="344,159,189,288" step="2"/><T28/><D36/><U24/><E24/><V76/><F18/><W59/><AGARI ba="0,2" hai="0,4,10,21,25,31,32,33,55,59,60,72,77,81" machi="59" ten="30,12000,2" yaku="1,1,2,1,0,1,52,2,53,2" doraHai="30" doraHaiUra="29" who="3" fromWho="3" sc="344,-30,159,-30,189,-60,288,140" /><INIT seed="3,0,0,5,5,69" ten="314,129,129,428" oya="3" hai0="67,70,82,105,125,30,48,5,103,130,1,83,112" hai1="60,78,14,56,25,10,77,29,117,86,55,93,58" hai2="92,76,32,18,4,6,90,36,114,52,104,120,131" hai3="34,123,51,63,33,41,73,81,134,68,116,113,53"/><W28/><G123/><T40/><D130/><U98/><E117/><V13/><F104/><W9/><G116/><T85/><D30/><U24/><E58/><V62/><F32/><W84/><G113/><T133/><D125/><U39/><E39/><V8/><F114/><W65/><G73/><T45/><D133/><U66/><E55/><V54/><F120/><W95/><G134/><T101/><D105/><U99/><E99/><V126/><F126/><W35/><G9/><T47/><D83/><U26/><E86/><V102/><F102/><W107/><G107/><T106/><D106/><U109/><E109/><V22/><F76/><W118/><G118/><T38/><D112/><U43/><E43/><V122/><F122/><W19/><G19/><T0/><D0/><U21/><E77/><V15/><F36/><W11/><G11/><T135/><D135/><U128/><E78/><V132/><F132/><W71/><G95/><T89/><D5/><N who="2" m="2154" /><F62/><W88/><G41/><T3/><D1/><U124/><E124/><V64/><F64/><W110/><G110/><T127/><D3/><U20/><E128/><V115/><F131/><W16/><G71/><T96/><D127/><U129/><E129/><V119/><F119/><W79/><G79/><T57/><D70/><U72/><E72/><V59/><F59/><W49/><G53/><N who="2" m="20585" /><F115/><W121/><G121/><T94/><D67/><U75/><E75/><V100/><F100/><W108/><G108/><T7/><D7/><N who="1" m="3423" /><E29/><V74/><F74/><W2/><G28/><T91/><D57/><U44/><E44/><V27/><F8/><RYUUKYOKU ba="0,0" sc="314,10,129,10,129,10,428,-30" hai0="38,40,45,47,48,82,85,89,91,94,96,101,103" hai1="20,21,24,25,26,56,60,66,93,98" hai2="13,15,18,22,27,90,92" /><INIT seed="4,1,0,1,2,40" ten="324,139,139,398" oya="0" hai0="135,82,125,0,79,15,38,119,4,74,36,113,7" hai1="35,121,26,49,39,68,111,61,21,50,129,96,131" hai2="63,123,130,32,128,11,71,80,47,20,104,55,44" hai3="67,89,90,92,122,102,30,108,134,133,81,8,60"/><T101/><D119/><U132/><E121/><V106/><F32/><W93/><G108/><T59/><D113/><U87/><E111/><V83/><F123/><W94/><G122/><T29/><D135/><N who="3" m="51721" /><G102/><T115/><D115/><U48/><E132/><V46/><F20/><W9/><G30/><T117/><D117/><U17/><E39/><V120/><F11/><N who="3" m="4171" /><G81/><N who="2" m="31305" /><F120/><W97/><G97/><T19/><D0/><U6/><E6/><V42/><F42/><W84/><G84/><T24/><D125/><U12/><E87/><V109/><F109/><W103/><G103/><T51/><D101/><U33/><E96/><V10/><F10/><W3/><G3/><T65/><D7/><U95/><E95/><V28/><F28/><W124/><G124/><T34/><D4/><U76/><E76/><V18/><F18/><W100/><G100/><T16/><D19/><U13/><E35/><V54/><F71/><AGARI ba="1,0" hai="60,67,71,89,90,92,93,94" m="4171,51721" machi="71" ten="30,1000,0" yaku="20,1" doraHai="40" who="3" fromWho="2" sc="324,0,139,0,139,-13,398,13" /><INIT seed="5,0,0,4,2,61" ten="324,139,126,411" oya="1" hai0="128,69,72,11,110,51,122,101,38,120,117,87,63" hai1="6,57,24,80,7,70,95,45,18,84,21,134,124" hai2="73,85,75,53,104,78,54,0,65,14,32,133,17" hai3="64,27,30,59,5,34,129,81,25,107,115,126,99"/><U37/><E70/><V29/><F0/><W109/><G109/><T114/><D38/><U83/><E124/><V2/><F2/><W3/><G126/><T91/><D72/><U66/><E134/><V97/><F133/><W74/><G115/><T123/><D117/><U127/><E127/><V42/><F42/><W130/><G27/><T131/><D114/><U48/><E37/><V31/><F85/><W26/><G26/><T62/><D110/><U41/><E95/><V82/><F75/><W68/><G59/><T125/><D125/><U22/><E22/><V1/><F1/><W55/><G55/><T92/><D101/><U102/><E102/><V108/><F108/><W12/><G12/><T15/><D51/><U103/><E103/><V40/><F40/><W44/><G44/><T39/><D39/><U86/><E84/><V96/><F104/><W33/><G33/><T47/><D47/><U118/><E118/><V112/><F112/><W119/><G119/><T88/><D91/><U89/><REACH who="1" step="1"/><E80/><REACH who="1" ten="324,129,126,411" step="2"/><V132/><F132/><W90/><G81/><T116/><D116/><U9/><E9/><N who="2" m="6351" /><F97/><W56/><G99/><T35/><D35/><U71/><E71/><V28/><F96/><W76/><G68/><T52/><D69/><U50/><E50/><V93/><F93/><W49/><G34/><T79/><D11/><U77/><E77/><V20/><F32/><W67/><G76/><T100/><D79/><U46/><E46/><V23/><F23/><W113/><G49/><T43/><D100/><U10/><E10/><V105/><F20/><W8/><G113/><RYUUKYOKU ba="0,1" sc="324,-10,129,30,126,-10,411,-10" hai1="6,7,18,21,24,41,45,48,57,66,83,86,89" /><INIT seed="5,1,1,4,1,74" ten="314,159,116,401" oya="1" hai0="87,123,46,106,12,133,121,107,125,124,2,63,128" hai1="90,80,62,132,69,81,78,28,129,111,23,130,100" hai2="10,92,105,45,55,54,58,0,44,33,19,76,98" hai3="135,75,104,108,5,88,102,97,51,85,83,64,39"/><U93/><E111/><V43/><F105/><N who="0" m="39946" /><D2/><U67/><E132/><V109/><F33/><W60/><G108/><T127/><D133/><U103/><E28/><V40/><F109/><W16/><G135/><T15/><D128/><N who="1" m="49259" /><E23/><V13/><F0/><W37/><G5/><T96/><D96/><N who="1" m="57399" /><E81/><V89/><F76/><W56/><G75/><AGARI ba="1,1" hai="62,67,69,75,78,80,100,103" m="57399,49259" machi="75" ten="30,2900,0" yaku="19,1,52,1" doraHai="74" who="1" fromWho="3" sc="314,0,159,42,116,0,401,-32" /><INIT seed="5,2,0,5,4,99" ten="314,201,116,369" oya="1" hai0="67,19,113,130,118,80,8,59,1,75,117,12,52" hai1="49,90,61,60,98,57,109,129,91,6,29,17,92" hai2="93,66,37,96,72,77,71,47,106,125,110,32,103" hai3="82,123,0,69,10,111,27,15,20,101,13,115,34"/><U16/><E109/><V23/><F110/><W132/><G111/><T100/><D67/><U94/><E129/><V84/><F125/><W86/><G123/><T134/><D1/><U121/><E121/><V4/><F4/><W73/><G69/><T58/><D130/><U68/><E68/><V107/><F32/><W50/><G34/><T31/><D31/><U87/><E6/><V3/><F3/><W122/><G73/><T127/><D58/><U133/><E133/><V112/><F112/><W30/><G132/><T83/><D134/><U119/><E29/><V54/><F23/><W21/><G122/><T22/><D127/><U65/><E119/><V114/><F114/><W116/><G116/><T128/><D128/><U40/><REACH who="1" step="1"/><E60/><REACH who="1" ten="314,191,116,369" step="2"/><V44/><F71/><W131/><G30/><T79/><D118/><U26/><E26/><V89/><F66/><W85/><G27/><T43/><D117/><U56/><E56/><V104/><F47/><AGARI ba="2,1" hai="16,17,40,47,49,57,61,65,87,90,91,92,94,98" machi="47" ten="40,12000,1" yaku="1,1,8,1,54,1,53,1" doraHai="99" doraHaiUra="53" who="1" fromWho="2" sc="314,0,191,136,116,-126,369,0" owari="314,-9.0,327,13.0,-10,-51.0,369,47.0" /></mjloggm>