<mjloggm ver="2.3"><GO type="169" lobby="0"/><UN n0="%70%67%61%69%6E" n1="%E3%82%A6%E3%83%AB%E3%83%88%E3%83%A9%E7%AB%8B%E7%9B%B4" n2="%E3%82%B7%E3%83%A5%E3%83%9E%E3%82%A4%E3%82%B1%E3%83%AB" n3="%47%4F%4B%49%47%45%4E" dan="17,17,16,16" rate="2178.20,2237.86,2119.63,2080.13" sx="M,M,M,M"/><TAIKYOKU oya="0"/><INIT seed="0,0,0,2,0,3" ten="250,250,250,250" oya="0" hai0="51,31,133,112,79,53,35,69,113,108,100,128,131" hai1="26,1,67,74,94,33,107,88,48,14,130,76,18" hai2="8,60,102,16,85,50,41,46,32,97,19,49,56" hai3="44,127,22,90,116,121,82,7,78,25,52,111,65"/><T120/><D69/><U40/><E107/><V36/><F32/><W9/><G116/><T27/><D100/><U99/><E1/><V59/><F85/><W110/><G127/><T93/><D79/><U92/><E130/><N who="0" m="49705" /><D93/><U87/><E67/><V39/><F39/><W103/><G103/><T5/><D53/><U62/><E62/><V66/><F59/><W104/><G65/><T54/><D54/><U42/><E74/><V89/><F89/><W91/><G104/><T118/><D51/><U47/><E42/><V124/><F124/><W86/><G121/><T114/><D118/><U20/><E33/><V106/><REACH who="2" step="1"/><F19/><REACH who="2" ten="250,250,240,250" step="2"/><W95/><G91/><T23/><D120/><U64/><E64/><V105/><F105/><W6/><G90/><T28/><D133/><U70/><E70/><V37/><F37/><W21/><G86/><T115/><D115/><U34/><E34/><V17/><F17/><W11/><G78/><T83/><D83/><N who="1" m="47591" /><E94/><V101/><F101/><W63/><G95/><T55/><D114/><U117/><E117/><V126/><F126/><W30/><G82/><T80/><D80/><U119/><E119/><V24/><F24/><AGARI ba="0,1" hai="14,18,20,24,26,40,47,48,88,92,99" m="47591" machi="24" ten="30,2000,0" yaku="8,1,54,1" doraHai="3" who="1" fromWho="2" sc="250,0,250,30,240,-20,250,0" /><INIT seed="1,0,0,0,1,7" ten="250,280,220,250" oya="1" hai0="61,3,105,23,38,102,45,63,24,21,100,76,78" hai1="59,119,52,15,16,89,116,101,108,4,37,0,10" hai2="112,33,123,20,82,8,109,48,134,106,31,65,98" hai3="133,62,88,128,70,72,131,104,107,64,73,53,79"/><U96/><E37/><V124/><F48/><W74/><G79/><T28/><D3/><U35/><E89/><V2/><F65/><W114/><G114/><T12/><D105/><U90/><E35/><V130/><F82/><W55/><G133/><T30/><D38/><U126/><E126/><V56/><F56/><W32/><G32/><T91/><D91/><U68/><E68/><V84/><F84/><W135/><G135/><T6/><D45/><U83/><E108/><V34/><F98/><W39/><G39/><T86/><D86/><U17/><E90/><V122/><F106/><W46/><G104/><T58/><D58/><U26/><E83/><V66/><F66/><W41/><G107/><T57/><D57/><U111/><E111/><V117/><F134/><W93/><G41/><T110/><D110/><U99/><E26/><V40/><F40/><W67/><G67/><T18/><D6/><U120/><E120/><V43/><F109/><W118/><G118/><T115/><D115/><U80/><E80/><V132/><F117/><W22/><G46/><T49/><D49/><U127/><E127/><V51/><F124/><W14/><G55/><T9/><D78/><U71/><E71/><V27/><F132/><W97/><G53/><T129/><D76/><U75/><E75/><V113/><F112/><W77/><G77/><T69/><D69/><U1/><E116/><V25/><F113/><W60/><G62/><N who="0" m="23563" /><D129/><N who="3" m="49737" /><G74/><T87/><D87/><U29/><E119/><V5/><F130/><W13/><G73/><T85/><D85/><U54/><E54/><V42/><F122/><RYUUKYOKU ba="0,0" sc="250,30,280,-10,220,-10,250,-10" hai0="9,12,18,21,23,24,28,30,100,102" /><INIT seed="2,1,0,0,0,95" ten="280,270,210,240" oya="2" hai0="104,93,30,73,22,60,100,72,1,29,128,63,27" hai1="31,39,111,70,130,13,57,69,52,21,106,80,23" hai2="19,71,41,64,48,129,89,127,107,92,44,28,46" hai3="55,120,59,45,56,35,122,47,43,84,108,37,83"/><V119/><F107/><W50/><G35/><T24/><D1/><U85/><E39/><V78/><F119/><W121/><REACH who="3" step="1"/><G108/><REACH who="3" ten="280,270,210,230" step="2"/><T115/><D128/><U3/><E111/><V110/><F129/><W133/><G133/><T68/><D115/><U103/><E130/><V113/><F110/><W7/><G7/><T105/><D73/><U76/><E70/><V5/><F113/><W123/><N who="3" m="31232" /><DORA hai="79" /><W34/><G34/><T0/><D72/><U58/><E69/><V42/><F71/><W6/><G6/><T116/><D68/><U4/><E4/><V40/><F5/><W117/><G117/><T77/><D116/><U81/><E3/><V32/><F32/><W8/><G8/><T91/><D0/><U16/><E23/><V98/><F127/><W20/><G20/><T26/><D22/><U54/><E21/><V99/><F28/><W11/><G11/><T36/><D30/><U109/><E31/><V33/><F33/><W75/><G75/><T53/><D29/><U131/><E131/><V88/><F19/><W134/><G134/><T82/><D27/><U2/><E16/><V102/><F64/><W94/><G94/><T25/><D93/><U15/><E2/><V114/><F114/><W124/><G124/><T97/><D26/><U96/><E109/><V118/><F118/><W9/><G9/><T86/><D25/><U67/><E67/><V61/><F92/><W87/><G87/><T90/><D86/><U38/><E85/><V112/><F112/><W65/><G65/><T74/><D24/><U135/><E135/><V101/><F101/><RYUUKYOKU ba="1,1" sc="280,-10,270,-10,210,-10,230,30" hai3="37,43,45,47,50,55,56,59,83,84" /><INIT seed="3,2,1,4,1,62" ten="270,260,200,260" oya="3" hai0="119,103,58,73,94,69,131,105,43,25,22,44,67" hai1="23,126,130,27,48,26,49,13,29,21,3,87,114" hai2="72,129,6,20,111,106,2,116,34,9,91,77,15" hai3="123,92,135,104,12,118,54,100,101,52,8,112,115"/><W31/><G123/><T74/><D69/><U90/><E3/><V99/><F116/><W82/><G118/><T95/><D105/><U133/><E114/><V71/><F111/><W64/><G104/><T63/><D131/><U50/><E130/><V128/><F71/><W102/><G31/><N who="0" m="17847" /><D95/><U83/><E133/><V97/><F34/><W85/><G115/><T57/><D58/><U120/><E126/><V36/><F36/><W42/><G42/><T78/><D78/><U18/><E120/><V89/><F72/><W5/><G135/><T60/><D60/><U70/><E70/><V132/><F77/><N who="3" m="46287" /><G112/><T38/><D119/><U80/><E27/><V127/><F132/><W93/><G64/><T47/><D44/><U11/><REACH who="1" step="1"/><E83/><REACH who="1" ten="270,250,200,260" step="2"/><V1/><F127/><W14/><G14/><T79/><D79/><U86/><E86/><V84/><F1/><W32/><G32/><AGARI ba="2,2" hai="11,13,18,21,23,26,29,32,48,49,50,80,87,90" machi="32" ten="40,2600,0" yaku="1,1,53,1" doraHai="62" doraHaiUra="10" who="1" fromWho="3" sc="270,0,250,52,200,0,260,-32" /><INIT seed="4,0,0,1,0,129" ten="270,302,200,228" oya="0" hai0="88,98,22,5,133,41,65,54,90,8,74,125,131" hai1="81,39,20,33,30,100,101,16,2,29,114,37,15" hai2="104,84,121,118,7,128,123,115,73,85,76,32,13" hai3="109,58,132,17,102,18,27,48,80,0,14,126,1"/><T83/><D131/><U75/><E75/><V55/><F32/><W79/><G109/><T46/><D125/><U89/><E2/><V53/><F7/><W6/><G102/><T52/><D133/><U25/><E30/><V77/><F13/><W21/><G126/><T38/><D65/><U86/><REACH who="1" step="1"/><E114/><REACH who="1" ten="270,292,200,228" step="2"/><V107/><F115/><W99/><G0/><N who="0" m="39" /><D22/><U92/><E92/><V119/><F128/><W91/><G1/><T110/><D110/><U71/><E71/><V124/><F124/><W103/><G132/><T108/><D108/><U3/><E3/><V51/><F51/><W111/><G111/><T49/><D49/><U134/><E134/><V44/><F44/><W122/><G48/><T24/><D24/><U68/><E68/><V35/><F35/><W112/><G112/><T57/><D57/><U97/><E97/><V47/><F47/><W127/><G58/><T23/><D23/><U105/><E105/><V67/><F73/><W56/><G56/><T28/><D28/><U62/><E62/><V60/><F60/><W43/><G27/><T94/><D90/><U61/><E61/><V64/><AGARI ba="0,1" hai="53,55,64,67,76,77,84,85,104,107,118,119,121,123" machi="64" ten="25,3200,0" yaku="0,1,22,2" doraHai="129" who="2" fromWho="2" sc="270,-16,292,-8,200,42,228,-8" /><INIT seed="5,0,0,1,2,104" ten="254,284,242,220" oya="1" hai0="44,41,24,132,84,69,55,76,74,127,117,34,1" hai1="0,128,49,134,80,7,91,131,27,115,6,110,124" hai2="3,89,37,90,30,57,14,11,2,133,114,17,123" hai3="62,48,45,9,95,129,28,99,58,59,51,5,126"/><U107/><E107/><V47/><F123/><W29/><G126/><T70/><D117/><U96/><E124/><V13/><F30/><W122/><G122/><T101/><D55/><U12/><E0/><V53/><F133/><W25/><G129/><N who="1" m="49738" /><E134/><V67/><F67/><N who="3" m="39383" /><G59/><T42/><D84/><U88/><E115/><V43/><F114/><W23/><G29/><N who="0" m="19751" /><D42/><U46/><E27/><V54/><F14/><N who="3" m="5423" /><G45/><T119/><D119/><U19/><E110/><V83/><F54/><W60/><G60/><T102/><D102/><AGARI ba="0,0" hai="23,25,28,48,51,95,99,102" m="5423,39383" machi="102" ten="30,2000,0" yaku="25,1,8,1" doraHai="104" who="3" fromWho="0" sc="254,-20,284,0,242,0,220,20" /><INIT seed="6,0,0,2,4,77" ten="234,284,242,240" oya="2" hai0="27,82,34,49,93,0,42,111,5,95,133,33,63" hai1="37,121,45,98,128,106,69,16,124,52,104,53,44" hai2="85,83,18,17,68,123,29,7,102,47,94,118,119" hai3="122,120,57,43,81,46,9,66,99,48,115,116,113"/><V8/><F68/><W61/><G9/><T55/><D111/><U87/><E69/><V56/><F123/><N who="3" m="47147" /><G99/><T54/><D133/><U32/><E98/><N who="2" m="59735" /><F118/><W79/><G81/><T134/><D134/><U73/><E37/><V26/><F47/><W30/><G30/><T25/><D0/><U22/><E32/><V125/><F56/><N who="3" m="37159" /><G79/><T62/><D49/><U101/><E73/><V127/><F119/><W130/><G116/><T20/><D42/><U72/><E72/><V1/><F26/><W126/><G126/><N who="2" m="48137" /><F29/><W107/><G107/><T80/><D20/><U14/><E22/><V15/><F1/><W59/><G130/><T108/><D108/><U96/><E128/><V6/><F6/><AGARI ba="0,0" hai="5,6,25,27,33,34,54,55,62,63,80,82,93,95" machi="6" ten="25,6400,0" yaku="22,2,52,2" doraHai="77" who="0" fromWho="2" sc="234,64,284,0,242,-64,240,0" /><INIT seed="7,0,0,2,2,99" ten="298,284,178,240" oya="3" hai0="125,24,91,55,66,111,76,81,10,96,45,46,62" hai1="133,118,54,3,6,4,64,36,2,84,119,85,1" hai2="11,27,47,106,31,82,93,52,79,67,37,107,122" hai3="90,34,115,75,32,59,35,30,17,88,8,89,61"/><W29/><G75/><T22/><D111/><U53/><E64/><V7/><F67/><W127/><G115/><T110/><D110/><U60/><E60/><V0/><F93/><W126/><G17/><T65/><D125/><N who="3" m="47625" /><G8/><T80/><D10/><U18/><E18/><V49/><F37/><W12/><G12/><T51/><D46/><U73/><E73/><V63/><F63/><W23/><G23/><T58/><D66/><AGARI ba="0,0" hai="29,30,32,34,35,59,61,66,88,89,90" m="47625" machi="66" ten="40,3900,0" yaku="18,1,54,1" doraHai="99" who="3" fromWho="0" sc="298,-39,284,0,178,0,240,39" /><INIT seed="7,1,0,2,2,25" ten="259,284,178,279" oya="3" hai0="101,50,81,19,132,31,105,120,2,121,55,125,21" hai1="114,109,115,39,126,82,36,95,70,40,100,80,103" hai2="110,56,79,84,5,68,7,69,41,46,58,104,76" hai3="32,106,99,66,20,51,98,90,38,30,22,111,87"/><W43/><G38/><T94/><D2/><U54/><E70/><V131/><F104/><W71/><G32/><T67/><D105/><U92/><E54/><V72/><F72/><W15/><G71/><T23/><D67/><U18/><E18/><V93/><F110/><W34/><G34/><T75/><D132/><U0/><E40/><V89/><F131/><W52/><G66/><T123/><D125/><U133/><E0/><V65/><F68/><W116/><G43/><T119/><D119/><U24/><E24/><V48/><F69/><W10/><G111/><T85/><D75/><U11/><E11/><V129/><F129/><W13/><G106/><T27/><D101/><U88/><E88/><V3/><F3/><W130/><G130/><T16/><D94/><U78/><E109/><V26/><F26/><N who="3" m="16711" /><G22/><T60/><D60/><U77/><E133/><V6/><REACH who="2" step="1"/><F58/><REACH who="2" ten="259,284,168,279" step="2"/><N who="3" m="33055" /><G116/><T102/><D123/><U12/><E12/><N who="3" m="4682" /><G10/><T74/><D121/><U45/><E126/><V135/><F135/><W107/><G107/><T97/><D120/><U35/><E35/><V59/><F59/><W1/><G1/><T96/><D74/><U4/><E115/><V28/><F28/><W83/><AGARI ba="1,1" hai="83,87,90,98,99" m="4682,33055,16711" machi="83" ten="30,6000,0" yaku="8,1,52,1,54,1" doraHai="25" who="3" fromWho="3" sc="259,-21,284,-21,168,-21,279,73" owari="238,-16.0,263,6.0,147,-35.0,352,45.0" /></mjloggm>