<mjloggm ver="2.3"><GO type="41" lobby="0"/><UN n0="%E9%81%A0%E5%A4%9C%E3%82%AB%E3%82%BA%E3%83%88" n1="%E3%81%A9%E3%81%85%E3%81%BA%E3%81%9D" n2="%54%E3%83%BB%54%E3%83%BB%EF%BC%98" n3="%E5%B0%B1%E6%B4%BB%E7%94%9F%40%E5%B7%9D%E6%9D%91%E8%BB%8D%E5%9B%A3" dan="15,14,15,18" rate="1949.14,1854.13,1997.46,2214.11" sx="M,M,M,M"/><TAIKYOKU oya="0"/><INIT seed="0,0,0,1,3,13" ten="250,250,250,250" oya="0" hai0="99,133,34,103,39,49,56,36,114,83,5,57,71" hai1="18,86,120,134,46,90,72,47,81,16,28,78,128" hai2="3,7,107,79,73,75,58,92,14,66,62,121,74" hai3="109,1,27,63,38,129,97,0,70,44,100,135,43"/><T87/><D114/><U48/><E128/><V24/><F107/><W29/><G129/><T54/><D71/><U96/><E134/><V41/><F121/><W91/><G91/><T67/><D34/><U77/><E120/><V60/><F41/><W65/><G135/><T117/><D117/><U15/><E28/><V6/><F3/><W23/><REACH who="3" step="1"/><G109/><REACH who="3" ten="250,250,250,240" step="2"/><T45/><D133/><U123/><E123/><V93/><F79/><W98/><G98/><T26/><D99/><U17/><E96/><V127/><F127/><W119/><G119/><T20/><D103/><U68/><E68/><V94/><F24/><W95/><AGARI ba="0,1" hai="0,1,23,27,29,38,43,44,63,65,70,95,97,100" machi="95" ten="20,2700,0" yaku="1,1,0,1,7,1,53,0" doraHai="13" doraHaiUra="131" who="3" fromWho="3" sc="250,-13,250,-7,250,-7,240,37" /><INIT seed="1,0,0,1,0,65" ten="237,243,243,277" oya="1" hai0="55,135,23,26,31,18,89,5,33,126,77,38,15" hai1="111,101,106,113,59,127,63,54,107,73,42,99,105" hai2="35,131,116,17,4,123,14,39,103,96,22,97,7" hai3="93,2,74,108,3,6,98,88,95,16,64,119,21"/><U121/><E113/><V20/><F35/><W52/><G74/><T122/><D38/><U82/><E121/><V0/><F39/><W67/><G119/><T100/><D77/><U36/><E127/><V43/><F123/><W120/><G120/><T102/><D122/><U24/><E111/><V134/><F116/><W51/><G108/><T10/><D135/><U125/><E125/><V56/><F134/><W61/><G6/><T48/><D89/><U124/><E124/><V92/><F131/><W41/><G41/><T129/><D129/><U79/><REACH who="1" step="1"/><E24/><REACH who="1" ten="237,233,243,277" step="2"/><V57/><F0/><W27/><G93/><T117/><D126/><U60/><E60/><V70/><F92/><W87/><G98/><T8/><D117/><U114/><E114/><V133/><F133/><W112/><G112/><T32/><D33/><U83/><E83/><V71/><F103/><W80/><G80/><T91/><D91/><U11/><E11/><V19/><REACH who="2" step="1"/><F14/><REACH who="2" ten="237,233,233,277" step="2"/><W37/><G3/><N who="0" m="63" /><D10/><U69/><E69/><V85/><F85/><W81/><G2/><T58/><AGARI ba="0,2" hai="15,18,23,26,31,32,48,55,58,100,102" m="63" machi="58" ten="30,1100,0" yaku="24,1" doraHai="65" who="0" fromWho="0" sc="237,31,233,-5,233,-3,277,-3" /><INIT seed="2,0,0,0,2,68" ten="268,228,230,274" oya="2" hai0="84,37,114,129,87,130,28,104,62,63,0,125,95" hai1="19,70,77,73,113,15,106,133,59,23,117,105,20" hai2="74,132,90,27,32,42,50,29,46,102,89,108,107" hai3="110,43,109,17,36,51,78,122,64,82,4,58,16"/><V5/><F74/><W131/><G122/><T118/><D114/><U111/><E70/><V26/><F132/><W55/><G131/><N who="0" m="50187" /><D104/><U35/><E35/><V128/><F128/><W67/><G4/><T98/><D0/><U91/><E133/><V101/><F108/><N who="3" m="41579" /><G67/><T52/><D28/><U126/><E126/><V99/><F102/><W13/><G64/><T76/><D125/><U115/><E117/><V86/><F5/><W54/><G54/><T57/><D118/><U94/><E111/><V9/><F9/><W116/><G116/><T65/><D76/><U41/><E41/><V47/><F27/><W3/><G3/><T33/><D33/><U120/><E120/><V18/><F18/><W135/><G135/><T97/><D98/><U34/><E34/><V80/><REACH who="2" step="1"/><F47/><REACH who="2" ten="268,228,220,274" step="2"/><N who="3" m="24039" /><G13/><T71/><D37/><U112/><E73/><AGARI ba="0,1" hai="16,17,51,55,58,73,78,82" m="24039,41579" machi="73" ten="30,3900,0" yaku="14,1,52,1,54,1" doraHai="68" who="3" fromWho="1" sc="268,0,228,-39,220,0,274,49" /><INIT seed="3,0,0,5,3,3" ten="268,189,220,323" oya="3" hai0="4,6,114,85,126,48,69,107,10,20,119,13,72" hai1="36,99,98,128,7,25,133,71,80,95,12,130,44" hai2="87,60,37,58,47,64,97,121,38,65,62,2,104" hai3="30,118,17,22,101,67,109,96,45,1,18,19,43"/><W59/><G118/><T127/><D119/><U132/><E71/><N who="2" m="42375" /><F87/><W26/><G109/><T53/><D107/><U92/><E36/><N who="2" m="13931" /><F97/><N who="1" m="36873" /><E80/><V23/><F104/><W42/><G1/><T14/><D69/><U15/><E44/><V81/><F23/><W31/><G45/><N who="0" m="27791" /><D72/><U55/><E55/><V61/><F81/><W75/><G31/><T51/><D51/><U110/><E25/><V86/><F86/><W89/><G89/><T54/><D54/><U5/><E110/><V8/><F8/><W135/><G135/><N who="1" m="51786" /><E15/><V28/><F28/><W39/><G39/><T46/><D46/><U122/><E12/><V112/><F121/><W16/><G75/><T82/><D114/><U74/><E74/><V70/><F112/><W79/><G79/><N who="0" m="46303" /><D20/><U83/><E83/><V94/><F2/><W100/><N who="3" m="4608" /><DORA hai="117" /><W11/><G11/><N who="0" m="4455" /><D127/><U93/><E122/><V111/><F94/><N who="3" m="58391" /><G101/><T115/><D126/><U129/><AGARI ba="0,0" hai="5,7,92,93,95,128,129,130" m="51786,36873" machi="129" ten="40,12000,2" yaku="28,2,19,1,20,1,52,2" doraHai="3,117" who="1" fromWho="1" sc="268,-30,189,120,220,-30,323,-60" /><INIT seed="4,0,0,5,4,104" ten="238,309,190,263" oya="0" hai0="95,27,60,49,111,80,114,130,41,7,108,68,133" hai1="22,77,54,0,81,53,8,24,64,29,32,113,132" hai2="47,31,98,12,30,118,110,99,76,59,20,93,5" hai3="39,128,43,55,78,1,126,18,3,88,105,90,11"/><T85/><D114/><U21/><E64/><V6/><F110/><N who="0" m="42026" /><D130/><U117/><E132/><V84/><F118/><W44/><G105/><T72/><D133/><U65/><E65/><V38/><F38/><W17/><G128/><T50/><D7/><U94/><E117/><V23/><F47/><W97/><G126/><T123/><D123/><U91/><E113/><V37/><F37/><W74/><G55/><T96/><D41/><U131/><E131/><V119/><F119/><W134/><G134/><T40/><D27/><U26/><E32/><V107/><F107/><W58/><G58/><T75/><D60/><U121/><E121/><V36/><F36/><W124/><G124/><T15/><D15/><U10/><E0/><V51/><F76/><W52/><G52/><N who="1" m="20074" /><E81/><V45/><F45/><W79/><G3/><T125/><D68/><U70/><E77/><V73/><F12/><W4/><G78/><N who="0" m="46231" /><D125/><U13/><E13/><V86/><F51/><N who="0" m="19466" /><D40/><U48/><E48/><V82/><F59/><W129/><G129/><T63/><D63/><U122/><E122/><V71/><F82/><N who="3" m="45431" /><G97/><T112/><D112/><U69/><E70/><V103/><F71/><W109/><G109/><T89/><AGARI ba="0,0" hai="72,75,89,95,96" m="19466,46231,42026" machi="89" ten="30,6000,0" yaku="10,1,52,2" doraHai="104" who="0" fromWho="0" sc="238,60,309,-20,190,-20,263,-20" /><INIT seed="4,1,0,0,2,49" ten="298,289,170,243" oya="0" hai0="40,98,37,25,110,14,135,43,6,34,117,112,56" hai1="53,22,32,13,80,30,96,11,93,134,92,124,61" hai2="131,91,128,4,107,118,42,2,57,97,20,76,21" hai3="39,8,130,44,123,35,126,90,5,86,75,81,132"/><T9/><D117/><U23/><E32/><V99/><F118/><W103/><G35/><T108/><D112/><U17/><E134/><V51/><F42/><W24/><G132/><T127/><D135/><U119/><E119/><V106/><F76/><W84/><G130/><T1/><D127/><U38/><E38/><V68/><F68/><W31/><G126/><T74/><D74/><U88/><E124/><V100/><F4/><W114/><G114/><T113/><D113/><U73/><E73/><V69/><F2/><W79/><G103/><T26/><D98/><N who="1" m="57607" /><E80/><V52/><F69/><W120/><G24/><N who="0" m="9323" /><D34/><U48/><E61/><V121/><F121/><N who="3" m="46667" /><G31/><T50/><D37/><U58/><E30/><V19/><F91/><AGARI ba="1,0" hai="11,13,17,22,23,48,53,58,91,93,96" m="57607" machi="91" ten="30,3900,0" yaku="8,1,52,1,54,1" doraHai="49" who="1" fromWho="2" sc="298,0,289,42,170,-42,243,0" /><INIT seed="5,0,0,1,2,32" ten="298,331,128,243" oya="1" hai0="108,23,128,135,90,91,122,132,48,2,49,126,7" hai1="78,107,20,129,134,62,38,100,37,10,27,92,0" hai2="55,65,63,109,59,29,121,50,123,22,97,33,16" hai3="72,76,39,94,56,83,96,82,71,35,127,18,40"/><U125/><E78/><V12/><F109/><W98/><G71/><T5/><D108/><U3/><E107/><V68/><F33/><W17/><G127/><T51/><D23/><U93/><E125/><V81/><F29/><W24/><G96/><T45/><D126/><U61/><E10/><V34/><F34/><W41/><G82/><T44/><D128/><U89/><E129/><V104/><F104/><W115/><G115/><T21/><D21/><U95/><E100/><V69/><F97/><W36/><G56/><T79/><D79/><U73/><E73/><V120/><REACH who="2" step="1"/><F81/><REACH who="2" ten="298,331,118,243" step="2"/><W15/><G35/><T26/><D122/><U60/><E134/><N who="0" m="51241" /><D26/><U13/><E89/><N who="0" m="33801" /><D2/><U102/><E102/><V14/><F14/><W66/><G24/><T99/><D99/><U105/><E13/><V87/><F87/><W117/><G15/><T131/><D131/><U74/><E74/><V130/><F130/><W57/><G98/><T1/><D1/><N who="1" m="587" /><E105/><V53/><F53/><W86/><G72/><T31/><D31/><U133/><E133/><V75/><F75/><W111/><G111/><T43/><D43/><U11/><E27/><V47/><AGARI ba="0,1" hai="12,16,22,47,50,55,59,63,65,68,69,120,121,123" machi="47" ten="30,4000,0" yaku="1,1,0,1,54,1,53,0" doraHai="32" doraHaiUra="103" who="2" fromWho="2" sc="298,-10,331,-20,118,50,243,-10" /><INIT seed="6,0,0,5,0,114" ten="288,311,168,233" oya="2" hai0="87,109,102,79,17,100,0,7,106,37,128,63,112" hai1="55,49,46,10,20,19,13,16,118,42,4,132,29" hai2="1,84,98,88,131,108,31,119,122,8,45,36,66" hai3="73,99,82,91,23,107,76,58,14,59,24,68,86"/><V54/><F122/><W120/><G68/><T39/><D109/><U134/><E29/><V103/><F108/><W5/><G120/><T125/><D112/><U41/><E19/><V25/><F66/><W72/><G72/><T71/><D106/><U60/><E118/><V21/><F131/><W30/><G5/><T61/><D71/><U18/><E18/><V64/><F64/><W43/><G43/><T129/><D17/><U127/><E127/><V74/><F74/><W3/><G3/><T133/><D7/><U32/><E32/><V28/><F119/><W123/><G123/><T2/><D133/><N who="1" m="51307" /><E60/><N who="0" m="23113" /><D79/><U38/><E38/><N who="0" m="14345" /><D87/><U51/><E51/><V26/><F8/><W80/><G14/><AGARI ba="0,0" hai="4,10,13,14,16,20,41,42,46,49,55" m="51307" machi="14" ten="30,2000,0" yaku="20,1,54,1" doraHai="114" who="1" fromWho="3" sc="288,0,311,20,168,0,233,-20" /><INIT seed="7,0,0,4,4,31" ten="288,331,168,213" oya="3" hai0="102,59,33,3,122,81,49,87,98,34,83,26,64" hai1="77,66,79,91,72,129,25,89,134,18,36,21,61" hai2="45,54,58,38,90,23,111,62,40,51,5,80,115" hai3="67,32,53,28,43,37,65,99,104,39,120,93,101"/><W57/><G120/><T118/><D122/><U52/><E36/><V117/><F111/><W130/><G130/><T108/><D3/><U85/><E129/><V0/><F117/><W17/><G104/><T9/><D108/><U112/><E112/><V44/><F115/><W56/><G17/><T70/><D118/><U69/><E134/><V128/><F128/><W127/><G127/><T126/><D126/><U125/><E72/><V35/><F23/><W46/><G39/><T55/><D83/><U132/><E132/><V22/><F22/><W135/><G135/><T124/><D26/><U105/><E105/><V103/><F103/><W123/><G123/><T84/><D84/><U82/><E125/><V95/><F80/><W94/><G94/><T78/><D124/><U131/><E131/><V8/><F35/><W107/><G57/><T15/><D64/><U27/><E27/><V10/><F5/><W110/><G110/><T63/><D63/><U12/><E52/><V50/><F0/><W48/><G107/><T76/><D76/><U97/><E25/><V6/><F6/><W119/><G119/><T96/><D70/><U29/><E29/><V71/><F71/><W113/><G113/><T114/><D114/><U41/><E41/><V4/><F4/><W13/><G13/><T30/><D30/><U73/><E73/><V100/><F100/><W121/><G121/><T16/><D98/><U88/><E79/><V14/><F38/><W24/><AGARI ba="0,0" hai="24,28,32,37,43,46,48,53,56,65,67,93,99,101" machi="24" ten="30,3000,0" yaku="0,1,52,1" doraHai="31" who="3" fromWho="3" sc="288,-10,331,-10,168,-10,213,30" /><INIT seed="7,1,0,1,1,127" ten="278,321,158,243" oya="3" hai0="64,19,46,129,20,5,43,95,135,70,62,30,114" hai1="12,117,105,125,34,133,0,67,47,100,25,39,63" hai2="128,22,56,54,23,134,2,49,132,115,85,38,60" hai3="103,112,106,113,68,42,71,87,72,93,61,109,11"/><W27/><G72/><T78/><D114/><N who="3" m="44137" /><G106/><T81/><D135/><N who="2" m="51754" /><F2/><W123/><G123/><T44/><D30/><N who="1" m="19791" /><E12/><V24/><F115/><W17/><G109/><T91/><D5/><U122/><E125/><V76/><F38/><W4/><G42/><T94/><D129/><U51/><E51/><V36/><F36/><W59/><G27/><T98/><D95/><U69/><E133/><V45/><F23/><W118/><G17/><T96/><D98/><N who="1" m="61591" /><E0/><V79/><F85/><W89/><G103/><T18/><D20/><U92/><E117/><V57/><F79/><W84/><G84/><T104/><D104/><U16/><E16/><N who="2" m="12359" /><F76/><W58/><G118/><T101/><D91/><U120/><E92/><V111/><F111/><W28/><G28/><T107/><D46/><U53/><E53/><N who="2" m="33839" /><F45/><W7/><G7/><T90/><D44/><U37/><E37/><V131/><AGARI ba="1,0" hai="49,54,56,128,131" m="33839,12359,51754" machi="131" ten="30,7900,0" yaku="20,1,52,2,54,1" doraHai="127" who="2" fromWho="2" sc="278,-21,321,-21,158,82,243,-40" owari="257,6.0,300,40.0,240,-16.0,203,-30.0" /></mjloggm>