<mjloggm ver="2.3"><GO type="225" lobby="0"/><UN n0="%E5%A3%87%E2%98%86%E8%9C%9C" n1="%E3%83%AF%E3%82%A4%E3%83%AB%E3%83%89" n2="%E3%81%95%E3%81%8B%E3%81%95%E3%81%BE%E3%82%A8%E3%83%9E%E3%83%8E%E3%83%B3" n3="%E3%82%A6%E3%83%AB%E3%83%88%E3%83%A9%E7%AB%8B%E7%9B%B4" dan="17,17,16,17" rate="2184.01,2198.93,2154.11,2105.89" sx="M,M,M,M"/><TAIKYOKU oya="0"/><INIT seed="0,0,0,5,3,16" ten="250,250,250,250" oya="0" hai0="40,23,8,122,50,28,6,73,88,1,20,118,126" hai1="61,18,128,37,17,93,109,85,68,42,117,83,90" hai2="91,75,26,134,70,57,47,34,101,7,15,22,76" hai3="13,123,24,9,84,104,62,69,55,60,58,46,14"/><T102/><D122/><U72/><E117/><V127/><F70/><W114/><G114/><T39/><D118/><U38/><E109/><V4/><F101/><W78/><G123/><T115/><D73/><U129/><E72/><V3/><F75/><W54/><G104/><T116/><D39/><U125/><E125/><V43/><F76/><W56/><G69/><T120/><D115/><U111/><E111/><V77/><F77/><W113/><G113/><T105/><D120/><U21/><E17/><V81/><F57/><W44/><G24/><T53/><D126/><U79/><E42/><V71/><F71/><W112/><G112/><T110/><D28/><U130/><E93/><V67/><F67/><W131/><G131/><T119/><D110/><U98/><E98/><V32/><F91/><W87/><G78/><T74/><D74/><U97/><E97/><V66/><F81/><W96/><G96/><T80/><D40/><U89/><E89/><V82/><F82/><W10/><AGARI ba="0,0" hai="9,10,13,14,44,46,54,55,56,58,60,62,84,87" machi="10" ten="25,6400,0" yaku="0,1,22,2,8,1" doraHai="16" who="3" fromWho="3" sc="250,-32,250,-16,250,-16,250,64" /><INIT seed="1,0,0,3,4,19" ten="218,234,234,314" oya="1" hai0="134,58,123,43,28,87,56,71,109,52,131,100,108" hai1="41,14,127,40,119,80,25,57,96,102,84,106,16" hai2="53,128,89,20,32,124,46,18,44,60,90,69,17" hai3="116,81,114,133,94,78,126,10,76,75,64,38,99"/><U66/><E119/><V85/><F32/><W92/><G38/><T50/><D134/><U132/><E132/><V48/><F124/><W2/><G2/><T121/><D100/><U22/><E127/><V45/><F128/><W101/><G64/><T24/><D131/><U59/><E66/><V117/><F117/><W98/><G126/><T135/><D71/><U91/><E41/><V105/><F105/><W97/><G10/><T0/><D0/><U93/><E40/><V130/><F130/><W15/><G15/><T74/><D74/><U72/><E25/><V67/><F17/><W49/><G49/><T104/><D104/><U47/><E47/><V83/><REACH who="2" step="1"/><F89/><REACH who="2" ten="218,234,224,314" step="2"/><W62/><G116/><T51/><D135/><U27/><E27/><AGARI ba="0,1" hai="18,20,27,44,45,46,48,53,60,67,69,83,85,90" machi="27" ten="30,7700,0" yaku="1,1,2,1,7,1,52,1,53,0" doraHai="19" doraHaiUra="111" who="2" fromWho="1" sc="218,0,234,-77,224,87,314,0" /><INIT seed="2,0,0,2,1,46" ten="218,157,311,314" oya="2" hai0="76,5,44,120,74,109,83,6,28,118,119,13,57" hai1="10,21,8,20,54,34,75,107,40,95,115,108,3" hai2="59,112,81,133,117,50,11,4,128,52,99,105,87" hai3="45,72,82,91,29,78,114,89,88,135,132,35,32"/><V85/><F112/><W51/><G114/><T100/><D120/><U18/><E107/><V26/><F117/><N who="0" m="44554" /><D109/><U79/><E75/><V71/><F71/><W24/><REACH who="3" step="1"/><G32/><REACH who="3" ten="218,157,311,304" step="2"/><T96/><D28/><U16/><E115/><V104/><F128/><W98/><G98/><T102/><D96/><U39/><E108/><V23/><F99/><W31/><G31/><T131/><D131/><U9/><E34/><V123/><F123/><W33/><G33/><T69/><D100/><U30/><E3/><V43/><F133/><W17/><G17/><T103/><D103/><U14/><E30/><V60/><F105/><W116/><G116/><T84/><D102/><U101/><E101/><V86/><F104/><W37/><G37/><T15/><D5/><U90/><E39/><V7/><F81/><W66/><G66/><T127/><D6/><U93/><E79/><V42/><F4/><W64/><G64/><T80/><D80/><U58/><E40/><AGARI ba="0,1" hai="24,29,35,40,45,51,72,78,82,88,89,91,132,135" machi="40" ten="40,5200,0" yaku="1,1,52,1,54,1,53,0" doraHai="46" doraHaiUra="48" who="3" fromWho="1" sc="218,0,157,-52,311,0,304,62" /><INIT seed="3,0,0,1,0,134" ten="218,105,311,366" oya="3" hai0="47,131,105,81,10,43,86,135,61,0,55,115,44" hai1="106,120,126,69,133,85,88,8,111,13,90,31,27" hai2="59,101,51,102,4,56,93,132,9,64,112,11,73" hai3="130,16,45,108,122,84,91,94,26,18,104,7,58"/><W46/><G104/><T1/><D105/><U15/><E106/><V77/><F112/><W80/><G122/><T2/><D135/><U114/><E69/><V35/><F35/><W19/><G130/><T22/><D131/><U110/><E133/><V5/><F73/><W79/><G108/><T63/><D22/><U50/><E120/><V29/><F132/><W20/><G7/><T82/><D10/><U97/><E114/><V67/><F51/><W68/><G58/><T98/><D98/><U66/><E66/><V32/><F32/><W118/><G68/><T53/><D86/><U41/><E97/><V83/><F93/><W119/><G119/><T23/><D23/><U3/><E3/><V113/><F113/><W76/><G118/><T42/><D115/><U127/><E50/><V33/><F33/><W36/><G36/><T100/><D0/><U129/><E41/><V60/><F77/><N who="3" m="29771" /><G94/><T52/><D53/><U57/><E57/><V109/><F109/><N who="1" m="41481" /><E129/><V95/><F95/><W75/><G75/><T38/><D38/><U17/><E15/><V37/><F37/><W12/><G12/><T116/><D116/><U92/><E90/><V117/><F117/><W30/><AGARI ba="0,0" hai="16,18,19,20,26,30,45,46,80,84,91" m="29771" machi="30" ten="30,3000,0" yaku="8,1,54,1" doraHai="134" who="3" fromWho="3" sc="218,-10,105,-10,311,-10,366,30" owari="208,-19.0,95,-40.0,301,10.0,396,49.0" /></mjloggm>