<mjloggm ver="2.3"><GO type="169" lobby="0"/><UN n0="%E5%B0%B1%E6%B4%BB%E7%94%9F%40%E5%B7%9D%E6%9D%91%E8%BB%8D%E5%9B%A3" n1="%E3%83%9F%E3%82%AF%E3%83%AD" n2="%E3%80%93%E3%81%84%E3%81%A1%E3%81%AF%E3%82%89%E3%80%93" n3="%E3%83%84%E3%82%A4%E3%82%B9%E3%83%88" dan="17,16,19,16" rate="2184.20,2134.32,2216.01,2023.33" sx="M,M,M,M"/><TAIKYOKU oya="0"/><INIT seed="0,0,0,4,0,70" ten="250,250,250,250" oya="0" hai0="120,21,4,65,75,7,79,128,52,126,31,40,24" hai1="113,110,14,103,10,63,8,121,66,105,11,80,17" hai2="108,16,57,38,114,122,131,55,35,135,34,20,27" hai3="42,15,95,37,19,88,89,119,12,133,125,109,32"/><T101/><D120/><U13/><E121/><V104/><F122/><W73/><G119/><T98/><D126/><U77/><E110/><V84/><F114/><W107/><G109/><T46/><D128/><U39/><E113/><V106/><F108/><W86/><G125/><T53/><D65/><U85/><E103/><V50/><F131/><W36/><G133/><T5/><D79/><U44/><E105/><V30/><F135/><W47/><G107/><T0/><D75/><U45/><E45/><V43/><F35/><W116/><G116/><T93/><REACH who="0" step="1"/><D0/><REACH who="0" ten="240,250,250,250" step="2"/><U129/><E129/><V91/><F43/><W96/><G73/><T81/><D81/><U2/><E2/><V62/><F62/><W124/><G124/><T127/><D127/><U67/><E67/><V9/><F9/><W100/><G42/><T82/><D82/><U58/><E10/><V87/><F87/><W97/><G86/><T74/><D74/><U115/><E115/><V3/><F3/><W29/><G97/><T69/><D69/><U23/><E8/><V71/><F71/><W76/><G76/><T26/><D26/><U49/><E11/><V130/><F130/><W102/><G15/><T18/><D18/><U60/><E13/><V64/><F64/><W72/><G72/><T25/><D25/><U41/><REACH who="1" step="1"/><E63/><REACH who="1" ten="240,240,250,250" step="2"/><V48/><F27/><W112/><G112/><T111/><D111/><U94/><E94/><V22/><F106/><W68/><G12/><T1/><D1/><U59/><E59/><V78/><F104/><W99/><G95/><T33/><D33/><U118/><E118/><RYUUKYOKU ba="0,2" sc="240,15,240,15,250,-15,250,-15" hai0="4,5,7,21,24,31,40,46,52,53,93,98,101" hai1="14,17,23,39,41,44,49,58,60,66,77,80,85" /><INIT seed="0,1,2,2,0,3" ten="255,255,235,235" oya="0" hai0="29,2,0,4,120,75,130,91,59,36,39,26,114" hai1="106,33,100,27,109,64,56,134,1,110,112,93,46" hai2="95,63,37,118,58,88,11,77,97,70,111,133,5" hai3="81,48,50,49,122,13,127,28,117,101,7,113,52"/><T17/><D120/><U98/><E134/><V124/><F70/><W31/><G122/><T19/><D114/><U72/><E112/><V16/><F133/><W51/><G113/><T83/><D130/><U73/><E1/><V61/><F37/><W23/><G117/><T128/><D128/><U9/><E9/><V125/><F118/><W6/><G127/><N who="2" m="48713" /><F77/><W47/><G101/><T21/><D39/><U107/><E46/><V108/><F16/><N who="3" m="10639" /><G81/><T78/><D36/><U30/><E64/><N who="2" m="38967" /><F63/><W103/><G103/><T90/><D59/><U86/><E56/><V14/><AGARI ba="1,2" hai="5,11,14,88,95,97,108,111" m="38967,48713" machi="14" ten="30,4000,0" yaku="18,1,52,1,54,1" doraHai="3" who="2" fromWho="2" sc="255,-21,255,-11,235,63,235,-11" /><INIT seed="1,0,0,1,1,3" ten="234,244,298,224" oya="1" hai0="12,22,117,51,93,40,59,107,64,65,123,111,87" hai1="91,101,106,128,100,94,110,14,26,112,27,9,44" hai2="83,35,39,97,19,105,108,2,122,45,121,70,23" hai3="95,18,56,120,16,17,78,131,82,29,24,41,132"/><U75/><E112/><V119/><F70/><W1/><G120/><T30/><D107/><U73/><E128/><V53/><F35/><W34/><G131/><T118/><D123/><U115/><E115/><V77/><F119/><W11/><G132/><T103/><D111/><U102/><E106/><V98/><F108/><W15/><G1/><T21/><D118/><U129/><E110/><V48/><F39/><W20/><G41/><T47/><D117/><U130/><E44/><V71/><F2/><W38/><G38/><T57/><D30/><U31/><E26/><V126/><F71/><W13/><G95/><T124/><D124/><U42/><E42/><V135/><F135/><W28/><G56/><N who="0" m="21579" /><D12/><U33/><E75/><V7/><F126/><W134/><G134/><T62/><D62/><U4/><REACH who="1" step="1"/><E73/><REACH who="1" ten="234,234,298,224" step="2"/><V68/><F105/><W46/><G46/><T133/><D133/><U81/><E81/><V60/><F122/><W127/><G127/><T72/><D72/><U113/><E113/><V0/><F121/><W125/><G125/><T61/><D61/><U52/><E52/><V80/><F80/><W76/><G76/><T86/><D65/><U69/><E69/><V55/><F83/><W92/><G92/><T32/><D64/><U109/><E109/><V5/><F77/><W63/><G82/><T114/><D114/><U104/><E104/><V85/><F68/><W8/><G78/><T10/><D32/><U90/><E90/><V67/><F67/><W6/><G63/><T99/><D47/><U88/><E88/><V36/><F60/><W37/><G37/><RYUUKYOKU ba="0,1" sc="234,-15,234,15,298,-15,224,15" hai1="4,9,14,27,31,33,91,94,100,101,102,129,130" hai3="6,8,11,13,15,16,17,18,20,24,28,29,34" /><INIT seed="1,1,1,0,5,5" ten="219,249,283,239" oya="1" hai0="10,81,23,17,100,4,28,48,107,115,8,116,11" hai1="118,39,67,12,19,27,14,1,129,124,89,66,68" hai2="44,131,83,57,31,9,18,132,53,43,65,113,42" hai3="62,105,72,88,26,15,30,29,60,133,41,25,90"/><U2/><E118/><V34/><F113/><W45/><G133/><T3/><D116/><U16/><E39/><V127/><F132/><W32/><G105/><T125/><D115/><U84/><E129/><V20/><F127/><W108/><G108/><T80/><D125/><U135/><E135/><V101/><F131/><W85/><G72/><T78/><D28/><U56/><E68/><V123/><F65/><W98/><G98/><T97/><D48/><U0/><E27/><V126/><F34/><W40/><G15/><T82/><REACH who="0" step="1"/><D78/><REACH who="0" ten="209,249,283,239" step="2"/><U130/><E124/><V35/><F126/><W50/><G30/><T117/><D117/><U86/><E130/><V94/><F31/><W93/><G29/><T24/><AGARI ba="1,2" hai="3,4,8,10,11,17,23,24,80,81,82,97,100,107" machi="24" ten="30,12000,2" yaku="1,1,0,1,52,3,53,1" doraHai="5" doraHaiUra="103" who="0" fromWho="0" sc="209,143,249,-61,283,-31,239,-31" /><INIT seed="2,0,0,1,2,90" ten="352,188,252,208" oya="2" hai0="133,49,87,20,83,120,94,101,102,33,95,92,59" hai1="135,82,63,12,70,15,118,115,34,10,46,13,117" hai2="113,116,93,27,86,55,4,121,16,8,31,0,131" hai3="132,51,75,1,45,58,97,98,124,103,3,44,79"/><V36/><F121/><W88/><G124/><T100/><D33/><U21/><E34/><V52/><F116/><W29/><G132/><T123/><D133/><U11/><E135/><V81/><F36/><W111/><G111/><T80/><D20/><U9/><E46/><V96/><F113/><W126/><G126/><T73/><D59/><U23/><E82/><N who="0" m="31273" /><D49/><U85/><E85/><V78/><F16/><W54/><G79/><T69/><D69/><U127/><E127/><V67/><F67/><W84/><G75/><T130/><D130/><U105/><E105/><V134/><F131/><W39/><G45/><T62/><D62/><U64/><REACH who="1" step="1"/><E115/><REACH who="1" ten="352,178,252,208" step="2"/><V108/><F134/><W5/><G84/><T56/><D73/><U42/><E42/><V53/><F108/><W91/><G44/><T65/><D120/><U6/><E6/><V18/><F18/><W122/><G122/><T37/><D37/><U43/><E43/><V99/><REACH who="2" step="1"/><F93/><REACH who="2" ten="352,178,242,208" step="2"/><W61/><G39/><T76/><D123/><U40/><E40/><V24/><F24/><W26/><G26/><T107/><D107/><U22/><AGARI ba="0,2" hai="9,10,11,12,13,15,21,22,23,63,64,70,117,118" machi="22" ten="40,12000,2" yaku="1,1,0,1,29,2,53,3" doraHai="90" doraHaiUra="7" who="1" fromWho="1" sc="352,-30,178,140,242,-60,208,-30" /><INIT seed="3,0,0,1,1,124" ten="322,318,182,178" oya="3" hai0="9,134,18,83,68,101,95,20,73,74,132,112,76" hai1="1,97,81,119,50,113,60,66,13,121,133,57,70" hai2="109,98,125,11,4,6,14,131,126,36,63,96,48" hai3="65,24,87,39,77,22,42,103,19,91,90,59,28"/><W117/><G117/><T107/><D68/><U51/><E1/><V49/><F36/><W34/><G103/><T2/><D107/><U67/><E97/><V54/><F63/><W106/><G106/><T23/><D112/><U56/><E81/><V62/><F62/><W75/><G75/><T33/><D33/><U47/><E13/><V82/><F82/><W69/><G69/><T53/><D74/><U115/><E119/><V120/><F14/><W118/><G118/><T17/><D53/><N who="1" m="31807" /><E121/><V122/><F54/><W78/><G91/><T89/><D101/><U38/><E38/><V10/><F109/><W46/><G65/><N who="1" m="24586" /><E70/><V88/><F88/><W110/><G110/><T31/><D31/><U7/><E7/><V32/><F32/><W12/><REACH who="3" step="1"/><G59/><REACH who="3" ten="322,318,182,168" step="2"/><T85/><D134/><U100/><E100/><V129/><AGARI ba="0,1" hai="4,6,10,11,48,49,96,98,120,122,125,126,129,131" machi="129" ten="25,8000,1" yaku="0,1,22,2,52,2" doraHai="124" who="2" fromWho="2" sc="322,-20,318,-20,182,90,168,-40" /><INIT seed="4,0,0,0,5,43" ten="302,298,272,128" oya="0" hai0="33,118,121,15,64,61,63,125,8,18,115,3,78" hai1="51,77,123,97,108,73,41,24,46,135,89,79,113" hai2="62,91,12,87,32,126,10,25,39,21,35,85,99" hai3="110,52,120,34,30,105,26,53,67,92,27,4,90"/><T71/><D121/><U29/><E108/><V57/><F39/><W65/><G110/><T42/><D118/><U0/><E123/><V28/><F126/><W131/><G120/><T38/><D125/><U82/><E135/><V134/><F134/><W83/><G105/><T100/><D115/><U20/><E113/><V114/><F114/><W124/><G124/><T22/><D33/><U68/><E68/><V2/><F2/><W86/><G131/><T112/><D112/><U93/><E77/><V122/><F122/><W47/><G4/><T94/><D78/><U75/><REACH who="1" step="1"/><E0/><REACH who="1" ten="302,288,272,128" step="2"/><V40/><F35/><W23/><G34/><T56/><D3/><U45/><E45/><V36/><F32/><W37/><G47/><T31/><D38/><U60/><E60/><V72/><F36/><W19/><G37/><T16/><D61/><U54/><E54/><V102/><F40/><W81/><G53/><T17/><D42/><U11/><E11/><V127/><F127/><W107/><G52/><T5/><D71/><U6/><E6/><V50/><F62/><W48/><G48/><T55/><D55/><U103/><E103/><V66/><F50/><W88/><G67/><T49/><D49/><U13/><E13/><V129/><F66/><W59/><G65/><T111/><D111/><U9/><E9/><V95/><F12/><W84/><G59/><T98/><D5/><U133/><E133/><V1/><F10/><W14/><G14/><T7/><D7/><U76/><E76/><V116/><F1/><W109/><G109/><T117/><D117/><U130/><E130/><RYUUKYOKU ba="0,1" sc="302,15,288,15,272,-15,128,-15" hai0="8,15,16,17,18,22,31,56,63,64,94,98,100" hai1="20,24,29,41,46,51,73,75,79,82,89,93,97" /><INIT seed="4,1,1,1,5,12" ten="317,303,257,113" oya="0" hai0="87,38,19,118,26,108,48,117,53,49,84,59,94" hai1="6,71,22,131,75,126,100,11,116,16,99,29,72" hai2="109,124,13,9,106,55,8,45,36,50,20,115,107" hai3="5,3,97,31,119,105,111,129,93,43,112,121,61"/><T52/><D38/><U66/><E116/><V14/><F109/><W89/><G111/><T134/><D108/><U4/><E29/><V58/><F115/><W64/><G119/><T35/><D134/><U103/><E103/><V47/><F124/><W96/><G112/><T37/><D37/><U21/><E21/><V28/><F36/><W76/><G121/><T85/><D94/><U67/><E126/><V1/><F1/><W133/><G133/><T88/><D35/><U68/><E131/><V41/><F107/><W65/><G129/><T113/><D113/><U83/><E6/><V77/><F77/><W60/><G43/><T32/><D32/><U98/><E98/><V24/><F41/><W62/><G31/><T10/><D88/><U15/><E67/><V74/><F74/><W18/><G76/><T39/><D39/><U123/><E123/><V46/><F106/><W0/><G0/><T122/><D122/><U69/><E66/><V78/><F78/><W2/><G2/><T102/><D102/><U79/><E75/><V51/><F51/><W7/><G7/><T27/><D117/><U127/><E127/><V135/><F135/><W42/><G42/><T86/><N who="0" m="22016" /><DORA hai="25" /><T120/><D120/><U70/><E70/><V44/><N who="2" m="11264" /><DORA hai="90" /><V56/><F9/><W125/><G125/><T101/><D101/><U33/><E33/><V130/><F8/><W73/><G73/><T17/><D118/><U23/><E71/><V57/><F130/><W114/><G114/><T40/><D40/><U92/><E4/><V82/><F82/><W63/><G5/><RYUUKYOKU ba="1,1" sc="317,-15,303,15,257,15,113,-15" hai1="11,15,16,22,23,68,69,72,79,83,92,99,100" hai2="13,14,20,24,28,50,55,56,57,58" /><INIT seed="5,2,1,4,0,66" ten="302,318,272,98" oya="1" hai0="82,37,95,70,15,40,34,45,115,75,87,108,7" hai1="20,113,81,116,93,32,78,125,16,14,123,71,94" hai2="57,89,67,0,132,121,109,61,83,117,124,134,100" hai3="126,10,12,25,44,103,56,6,62,24,106,97,19"/><U51/><E123/><V53/><F0/><W96/><G126/><T128/><D108/><U55/><E125/><V11/><F124/><W135/><G135/><T29/><D115/><U9/><E32/><V107/><F117/><W80/><G97/><T1/><D128/><U31/><E116/><V41/><F109/><W3/><G44/><T26/><D95/><U120/><E71/><V27/><F121/><W8/><REACH who="3" step="1"/><G80/><REACH who="3" ten="302,318,272,88" step="2"/><T18/><D45/><U42/><E120/><V105/><F134/><W54/><AGARI ba="2,2" hai="3,6,8,10,12,19,24,25,54,56,62,96,103,106" machi="54" ten="20,5200,0" yaku="1,1,2,1,0,1,7,1,53,0" doraHai="66" doraHaiUra="74" who="3" fromWho="3" sc="302,-15,318,-28,272,-15,88,78" /><INIT seed="6,0,0,2,1,67" ten="287,290,257,166" oya="2" hai0="94,30,13,64,33,25,118,9,34,10,72,37,126" hai1="66,129,35,115,1,0,43,22,6,4,44,40,50" hai2="26,15,38,109,62,63,93,49,14,119,116,54,23" hai3="103,57,130,105,77,78,133,69,36,135,79,124,131"/><V61/><F38/><W134/><G36/><T111/><D72/><U88/><E35/><V121/><F121/><W7/><G7/><T89/><D37/><U128/><E115/><V71/><F71/><W29/><G57/><T96/><D111/><U87/><E66/><V51/><F109/><W122/><G29/><T24/><D126/><U85/><E22/><V107/><F107/><W46/><G122/><T20/><D118/><U108/><E108/><V73/><F73/><W114/><G114/><T102/><D64/><U18/><E18/><V91/><F119/><W127/><G46/><T8/><D102/><U60/><E60/><V99/><F116/><W120/><G69/><T48/><D48/><N who="2" m="18506" /><F54/><W74/><G120/><T92/><D92/><U75/><E75/><V42/><F42/><W45/><G45/><T112/><D112/><U47/><E50/><V52/><F52/><W21/><G21/><T97/><D97/><U104/><E104/><V82/><F82/><W12/><G12/><T32/><REACH who="0" step="1"/><D25/><REACH who="0" ten="277,290,257,166" step="2"/><U59/><E59/><V81/><F81/><W2/><G74/><T56/><D56/><U76/><E76/><V110/><F110/><W31/><G2/><T55/><D55/><U39/><E39/><V68/><F68/><W80/><G80/><T58/><D58/><U101/><E101/><V17/><AGARI ba="0,1" hai="14,15,17,23,26,61,62,63,91,93,99" m="18506" machi="17" ten="30,1500,0" yaku="8,1" doraHai="67" who="2" fromWho="2" sc="277,-5,290,-5,257,25,166,-5" /><INIT seed="6,1,0,1,0,96" ten="272,285,282,161" oya="2" hai0="95,105,99,47,50,100,49,101,111,104,83,6,43" hai1="64,4,90,107,26,2,20,5,21,131,91,33,68" hai2="123,45,127,85,135,27,93,59,46,121,87,108,92" hai3="52,71,103,1,38,81,60,9,18,66,15,74,54"/><V7/><F127/><W35/><G38/><T98/><D111/><U51/><E107/><V39/><F108/><W70/><G35/><T106/><D6/><U132/><E33/><V61/><F135/><W10/><G71/><T22/><D22/><U14/><E2/><V77/><F7/><W56/><G70/><T28/><D28/><U67/><E68/><V109/><F109/><W65/><G66/><N who="1" m="25130" /><E131/><V82/><F39/><W133/><G133/><T37/><REACH who="0" step="1"/><D83/><REACH who="0" ten="262,285,282,161" step="2"/><U42/><E132/><V3/><F82/><W122/><G122/><T24/><D24/><U79/><E5/><V130/><F27/><W84/><G1/><T114/><D114/><U124/><E124/><V58/><F3/><W128/><G128/><T80/><D80/><U32/><E32/><V73/><F130/><W112/><G112/><T113/><D113/><U89/><E79/><V126/><F77/><W41/><G9/><T25/><D25/><U12/><E4/><V16/><F126/><W13/><G13/><N who="1" m="5226" /><E26/><V29/><F29/><W19/><G19/><T97/><D97/><U116/><E116/><V23/><F16/><W34/><G34/><T31/><D31/><U125/><E125/><V30/><F30/><W75/><G81/><T44/><D44/><AGARI ba="1,1" hai="20,21,42,44,51,89,90,91" m="5226,25130" machi="44" ten="30,1000,0" yaku="8,1" doraHai="96" who="1" fromWho="0" sc="262,-13,285,23,282,0,161,0" /><INIT seed="7,0,0,2,4,73" ten="249,308,282,161" oya="3" hai0="47,59,68,92,10,34,0,26,78,96,11,81,135" hai1="33,98,60,128,85,9,100,29,86,101,35,42,64" hai2="94,112,36,87,121,74,90,28,83,105,16,21,120" hai3="14,123,5,8,114,79,110,41,22,2,7,89,39"/><W134/><G123/><N who="2" m="47177" /><F105/><W70/><G110/><T57/><D68/><N who="1" m="41991" /><E42/><V91/><F36/><W55/><G114/><T48/><D135/><U126/><E126/><V72/><F28/><W51/><G134/><T44/><D34/><U132/><E100/><V32/><F32/><W82/><G70/><T49/><D26/><N who="1" m="18615" /><E35/><V115/><F72/><W99/><G22/><T122/><D122/><U54/><E128/><V46/><F46/><W4/><G14/><T65/><D0/><U12/><E54/><V80/><F74/><W93/><G41/><T19/><D65/><U103/><E103/><V43/><F43/><W130/><G39/><T118/><D118/><U116/><E116/><V62/><F62/><W24/><G24/><T106/><D106/><N who="1" m="63799" /><E132/><V3/><F3/><W124/><G124/><T95/><D19/><AGARI ba="0,0" hai="9,12,19,85,86" m="63799,18615,41991" machi="19" ten="30,1000,0" yaku="25,1" doraHai="73" who="1" fromWho="0" sc="249,-10,308,10,282,0,161,0" owari="239,-16.0,318,42.0,282,8.0,161,-34.0" /></mjloggm>