<mjloggm ver="2.3"><GO type="169" lobby="0"/><UN n0="%E3%81%97%E3%82%85%E3%81%86%E3%83%BC%E3%80%82" n1="%E5%91%82%E5%A7%AB" n2="%7A%68%6B%64%73%68%67%79" n3="%E5%B0%B1%E6%B4%BB%E7%94%9F%40%E5%B7%9D%E6%9D%91%E8%BB%8D%E5%9B%A3" dan="19,18,17,18" rate="2243.97,2243.91,2159.21,2229.05" sx="M,F,F,M"/><TAIKYOKU oya="0"/><INIT seed="0,0,0,0,0,120" ten="250,250,250,250" oya="0" hai0="24,90,5,26,63,37,101,46,52,104,17,56,2" hai1="84,20,73,60,47,42,117,68,125,105,119,92,71" hai2="95,14,38,41,85,18,77,103,83,66,108,9,127" hai3="10,30,3,112,72,102,80,1,31,22,28,75,100"/><T35/><D104/><U89/><E105/><V91/><F127/><W58/><G112/><T13/><D101/><U113/><E73/><V134/><F134/><W88/><G22/><T54/><D2/><U76/><E125/><V51/><F108/><W50/><G10/><T74/><D5/><U96/><E113/><V97/><F66/><W135/><G135/><T49/><D74/><U94/><E76/><V11/><F38/><W23/><G23/><T64/><D35/><U59/><E20/><V87/><F51/><W34/><G34/><T109/><D109/><U93/><E117/><V81/><F41/><W67/><G75/><T36/><D36/><U48/><E119/><V12/><F12/><W128/><G128/><T132/><D132/><U70/><REACH who="1" step="1"/><E84/><REACH who="1" ten="250,240,250,250" step="2"/><V39/><F39/><W133/><G72/><T62/><D37/><U21/><E21/><AGARI ba="0,1" hai="9,11,14,18,21,77,81,83,85,87,91,95,97,103" machi="21" ten="30,2000,0" yaku="7,1,8,1" doraHai="120" who="2" fromWho="1" sc="250,0,240,-20,250,30,250,0" /><INIT seed="1,0,0,1,3,91" ten="250,220,280,250" oya="1" hai0="73,49,133,72,120,21,7,71,20,101,10,100,108" hai1="16,30,2,74,14,62,6,27,117,54,13,1,45" hai2="23,104,98,113,15,19,39,88,127,107,63,106,78" hai3="11,135,112,115,110,47,92,87,132,59,28,65,53"/><U48/><E117/><V89/><F39/><W55/><G28/><T5/><D49/><U102/><E74/><N who="0" m="28777" /><D10/><U4/><E102/><N who="0" m="39529" /><D71/><U9/><E62/><V36/><F36/><W134/><G11/><T57/><D57/><U61/><E61/><V58/><F127/><W50/><G110/><T70/><D70/><U85/><E85/><V131/><F131/><W18/><G18/><T12/><D12/><U122/><E122/><V114/><F78/><W124/><G124/><T97/><D97/><U83/><E83/><V33/><F33/><W25/><G25/><T22/><D133/><U60/><E60/><V119/><F119/><W37/><G65/><T128/><D128/><U90/><E14/><V77/><F77/><W105/><G105/><T94/><D108/><U68/><E68/><V31/><F31/><W3/><G3/><T76/><D76/><U129/><E129/><V34/><F34/><W125/><G125/><T66/><D66/><U29/><E29/><V0/><F0/><W17/><G17/><T64/><D64/><U93/><E1/><V51/><F51/><N who="3" m="31167" /><G37/><T32/><D32/><U35/><REACH who="1" step="1"/><E2/><REACH who="1" ten="250,210,280,250" step="2"/><V86/><F98/><W80/><G80/><T121/><D94/><U52/><E52/><N who="2" m="34247" /><F86/><W123/><G123/><AGARI ba="0,1" hai="5,7,20,21,22,120,121,123" m="39529,28777" machi="123" ten="40,5200,0" yaku="28,2,13,1" doraHai="91" who="0" fromWho="3" sc="250,62,210,0,280,0,250,-52" /><INIT seed="2,0,0,5,0,95" ten="312,210,280,198" oya="2" hai0="110,52,113,63,29,43,77,85,121,116,90,9,66" hai1="93,57,54,82,25,8,131,36,94,55,99,46,79" hai2="26,4,120,28,119,130,24,2,67,118,75,20,1" hai3="5,125,10,32,73,48,115,49,81,27,61,23,87"/><V88/><F75/><W60/><G115/><T128/><D113/><U70/><E70/><V133/><F120/><W11/><G32/><T17/><D121/><U30/><E131/><V92/><F130/><W108/><G73/><T114/><D114/><U72/><E94/><V74/><F74/><W101/><G108/><T123/><D123/><U103/><E8/><V97/><F133/><W56/><G101/><T106/><D128/><U64/><E36/><V13/><F67/><W40/><G125/><T104/><D110/><U35/><REACH who="1" step="1"/><E46/><REACH who="1" ten="312,200,280,198" step="2"/><V34/><F1/><W51/><G11/><T39/><D39/><U76/><E76/><V42/><F42/><W41/><G10/><T22/><D77/><U58/><E58/><V83/><F2/><W38/><G5/><T19/><D43/><N who="3" m="16457" /><G56/><T122/><D122/><U107/><E107/><V14/><F4/><W45/><G45/><T12/><D106/><U89/><E89/><V111/><F111/><W84/><G38/><T129/><D104/><U134/><E134/><V50/><F83/><W105/><G105/><T100/><D129/><U37/><E37/><V91/><F91/><N who="3" m="51599" /><G87/><T62/><D85/><U98/><E98/><V44/><F44/><W86/><G86/><T0/><D0/><U59/><E59/><V102/><F102/><W71/><G71/><T53/><D100/><U18/><E18/><AGARI ba="0,1" hai="18,23,27,48,49,51,60,61" m="51599,16457" machi="18" ten="30,1000,0" yaku="8,1" doraHai="95" who="3" fromWho="1" sc="312,0,200,-10,280,0,198,20" /><INIT seed="3,0,0,2,3,16" ten="312,190,280,218" oya="3" hai0="77,72,87,59,62,127,135,34,64,76,7,124,52" hai1="35,114,100,31,86,21,78,126,71,53,111,11,121" hai2="109,63,54,82,83,36,118,93,132,134,47,117,69" hai3="130,48,46,60,6,33,50,67,95,15,24,5,20"/><W3/><G130/><T104/><D72/><U51/><E71/><V19/><F93/><W128/><G128/><T79/><D104/><U12/><E114/><V27/><F109/><W58/><G3/><T96/><D34/><U115/><E115/><V81/><F36/><W40/><G33/><T23/><D135/><N who="2" m="51754" /><F47/><W49/><G95/><T45/><D96/><U14/><E35/><V42/><F42/><W0/><G0/><T39/><D7/><N who="3" m="2569" /><G15/><T80/><D39/><U91/><E78/><V38/><F38/><W43/><G46/><T13/><D45/><U85/><E100/><V131/><F131/><W17/><AGARI ba="0,0" hai="17,20,24,40,43,48,49,50,58,60,67" m="2569" machi="17" ten="30,3000,0" yaku="8,1,52,1" doraHai="16" who="3" fromWho="3" sc="312,-10,190,-10,280,-10,218,30" /><INIT seed="3,1,0,1,2,118" ten="302,180,270,248" oya="3" hai0="88,42,61,119,107,70,97,36,75,66,31,135,125" hai1="105,54,89,2,99,15,80,72,81,129,112,25,95" hai2="113,22,100,102,132,56,34,74,53,123,116,117,32" hai3="39,82,9,14,67,48,29,77,92,93,50,79,30"/><W69/><G39/><T40/><D119/><U127/><E2/><V65/><F74/><W124/><G124/><T21/><D75/><U71/><E71/><V28/><F113/><W44/><G69/><T43/><D125/><U1/><E1/><V91/><F65/><W13/><G67/><T4/><D4/><U20/><E112/><V63/><F132/><W128/><G128/><T51/><D135/><U101/><E129/><V121/><F22/><W5/><G14/><T38/><D107/><U126/><E15/><V73/><F73/><W33/><G50/><T94/><REACH who="0" step="1"/><D51/><REACH who="0" ten="292,180,270,248" step="2"/><U37/><E37/><V0/><F116/><W115/><G115/><T111/><D111/><U46/><E126/><V96/><F117/><W106/><G106/><T68/><D68/><U108/><E108/><V122/><F0/><W87/><G77/><T19/><D19/><U7/><E7/><V85/><F28/><N who="3" m="10859" /><G33/><N who="2" m="12905" /><F96/><W58/><G58/><T60/><D60/><U26/><E72/><V90/><F90/><W12/><G12/><T62/><D62/><U130/><E127/><V109/><F109/><W59/><G59/><T45/><D45/><U6/><E130/><V16/><F16/><W86/><G86/><T134/><D134/><U57/><E46/><V98/><F98/><W27/><G27/><AGARI ba="1,1" hai="21,27,31,36,38,40,42,43,61,66,70,88,94,97" machi="27" ten="40,5200,0" yaku="1,1,54,1,53,1" doraHai="118" doraHaiUra="64" who="0" fromWho="3" sc="292,65,180,0,270,0,248,-55" /><INIT seed="4,0,0,0,2,19" ten="357,180,270,193" oya="0" hai0="59,112,129,96,87,125,8,98,68,109,47,120,116" hai1="78,86,45,37,1,42,90,12,49,82,23,102,95" hai2="99,31,6,107,61,60,30,25,119,34,85,100,15" hai3="135,69,118,18,128,50,114,27,89,105,80,91,39"/><T101/><D68/><U0/><E102/><V24/><F119/><W17/><G39/><T73/><D116/><U16/><REACH who="1" step="1"/><E37/><REACH who="1" ten="357,170,270,193" step="2"/><V33/><REACH who="2" step="1"/><F85/><AGARI ba="0,1" hai="0,1,12,16,23,42,45,49,78,82,85,86,90,95" machi="85" ten="30,8000,1" yaku="1,1,2,1,7,1,52,1,54,1,53,0" doraHai="19" doraHaiUra="132" who="1" fromWho="2" sc="357,0,170,90,270,-80,193,0" /><INIT seed="5,0,0,2,4,132" ten="357,260,190,193" oya="1" hai0="129,82,99,48,123,51,122,6,90,8,73,54,76" hai1="16,23,106,109,3,126,116,13,130,33,81,96,65" hai2="60,105,68,4,55,21,125,94,32,131,41,101,98" hai3="26,95,103,39,14,28,79,17,18,84,71,53,97"/><U49/><E33/><V120/><F32/><W22/><G71/><T27/><D129/><U0/><E116/><V9/><F120/><N who="0" m="46122" /><D27/><U70/><E130/><V43/><F131/><W62/><G39/><T31/><D31/><U107/><E109/><V37/><F125/><W30/><G62/><T92/><D54/><U58/><E126/><V45/><F41/><W115/><G115/><T67/><D67/><U38/><E38/><V74/><F74/><W85/><G53/><T128/><D128/><U93/><E70/><V121/><F121/><W15/><G79/><T52/><D52/><U104/><E49/><V83/><F83/><W91/><G84/><T35/><D35/><U87/><E58/><V2/><F21/><W19/><REACH who="3" step="1"/><G28/><REACH who="3" ten="357,260,190,183" step="2"/><T64/><D64/><U11/><E65/><V63/><F68/><W124/><G124/><T117/><D117/><U56/><E56/><V36/><F37/><W7/><G7/><T112/><D112/><U114/><E114/><V72/><F72/><W61/><G61/><T86/><D73/><U44/><E44/><V118/><F118/><W46/><G46/><T24/><D51/><U34/><E87/><V88/><F55/><W50/><G50/><T111/><D48/><U134/><E134/><V133/><F133/><W69/><G69/><T127/><D127/><U75/><E75/><V40/><F43/><W57/><G57/><T80/><D76/><U59/><E59/><V78/><F78/><W1/><G1/><N who="0" m="79" /><D86/><AGARI ba="0,1" hai="2,4,9,36,40,45,60,63,86,88,94,98,101,105" machi="86" ten="30,2000,0" yaku="7,1,54,1" doraHai="132" who="2" fromWho="0" sc="357,-20,260,0,190,30,183,0" /><INIT seed="6,0,0,1,2,126" ten="337,260,220,183" oya="2" hai0="77,61,85,78,25,84,64,33,40,127,87,23,35" hai1="80,27,21,18,130,124,65,122,63,113,20,72,101" hai2="54,75,109,69,0,14,104,103,26,31,30,79,91" hai3="3,86,121,37,49,45,36,129,128,116,118,16,47"/><V17/><F0/><W34/><G3/><T81/><D127/><U90/><E113/><V132/><F69/><W106/><G34/><T115/><D115/><U131/><E124/><V117/><F117/><N who="3" m="45163" /><G106/><T125/><D125/><U110/><E110/><V12/><F109/><W71/><G86/><T6/><D6/><U4/><E122/><V39/><F39/><N who="3" m="14923" /><G16/><T60/><D40/><U119/><E119/><V112/><F112/><W74/><G74/><T93/><D33/><U22/><E101/><V41/><F91/><W92/><G92/><T83/><D35/><U5/><E22/><V48/><F132/><W62/><G121/><T96/><D64/><U53/><E53/><V19/><F41/><N who="3" m="24751" /><G47/><T99/><D85/><N who="1" m="50471" /><E21/><N who="2" m="11447" /><F75/><W133/><G133/><T24/><D23/><U58/><E72/><V73/><F73/><W42/><G42/><T51/><D93/><U9/><E9/><N who="2" m="6543" /><F104/><W8/><G8/><T88/><D88/><U56/><E56/><N who="2" m="32839" /><F103/><W55/><G55/><T7/><D7/><U46/><E46/><V57/><F79/><W13/><G13/><T11/><D11/><U67/><E67/><AGARI ba="0,0" hai="62,67,71,128,129" m="24751,14923,45163" machi="67" ten="40,8000,1" yaku="34,2,52,2" doraHai="126" who="3" fromWho="1" sc="337,0,260,-80,220,0,183,80" /><INIT seed="7,0,0,2,3,20" ten="337,180,220,263" oya="3" hai0="75,127,4,82,87,123,116,53,26,90,80,109,129" hai1="78,63,45,101,58,110,62,40,120,100,3,23,0" hai2="122,43,70,97,49,33,14,9,77,16,30,126,84" hai3="89,130,47,31,128,95,74,92,71,29,25,7,119"/><W48/><G74/><T12/><D109/><U79/><E110/><V8/><F70/><W88/><G71/><T35/><D123/><U55/><E120/><V57/><F122/><W50/><G7/><T76/><D116/><U133/><E133/><V108/><F108/><W65/><G65/><T73/><D129/><N who="3" m="49769" /><G31/><T112/><D127/><U11/><E0/><V1/><F126/><W121/><G121/><T107/><D107/><U61/><E3/><V54/><F97/><N who="3" m="57479" /><G47/><T106/><D106/><U104/><E104/><V44/><F1/><W103/><G103/><T94/><D112/><U41/><E45/><V19/><F30/><W114/><G114/><T13/><D53/><U24/><E100/><V6/><F33/><N who="3" m="20655" /><G119/><T113/><D113/><U32/><E32/><V124/><F124/><W28/><G28/><T21/><D35/><U105/><E101/><V86/><F9/><W2/><G2/><T10/><D10/><U72/><E11/><V83/><F84/><AGARI ba="0,0" hai="48,50,84,89,95" m="20655,57479,49769" machi="84" ten="30,5800,0" yaku="19,1,52,1,54,1" doraHai="20" who="3" fromWho="2" sc="337,0,180,0,220,-58,263,58" /><INIT seed="7,1,0,5,0,55" ten="337,180,162,321" oya="3" hai0="47,9,7,40,80,31,78,14,2,20,106,8,92" hai1="35,123,128,82,37,105,112,117,54,30,97,130,120" hai2="111,0,56,121,131,63,91,1,34,22,100,94,50" hai3="4,81,104,61,114,18,76,29,5,51,13,124,135"/><W6/><G104/><T109/><D109/><U3/><E112/><V66/><F34/><W93/><G114/><T116/><D116/><U12/><E117/><V58/><F111/><W129/><G124/><T102/><D106/><U96/><E3/><V48/><F131/><N who="1" m="50217" /><E37/><V39/><F39/><W75/><G129/><T41/><D31/><U89/><E12/><V28/><F121/><N who="1" m="46665" /><E105/><V84/><F1/><W38/><G38/><T87/><D20/><U83/><E54/><V71/><F0/><W49/><G135/><T119/><D119/><U127/><E127/><V33/><F33/><W69/><G29/><T125/><D125/><U21/><E21/><V36/><F36/><W126/><G126/><T24/><D24/><N who="1" m="18887" /><E89/><V10/><F10/><W15/><G15/><T32/><D32/><U16/><E16/><V110/><F110/><W64/><REACH who="3" step="1"/><G93/><REACH who="3" ten="337,180,162,311" step="2"/><T57/><D92/><U59/><E82/><V134/><F134/><W95/><G95/><T65/><D14/><U45/><E83/><V132/><F132/><W26/><G26/><T52/><D2/><U70/><E96/><V107/><F107/><W42/><G42/><T53/><D41/><U11/><E97/><V101/><F71/><W73/><G73/><T118/><D118/><U115/><E70/><V44/><F22/><AGARI ba="1,1" hai="4,5,6,13,18,22,49,51,61,64,69,75,76,81" machi="22" ten="40,3900,0" yaku="1,1,53,1" doraHai="55" doraHaiUra="67" who="3" fromWho="2" sc="337,0,180,0,162,-42,311,52" owari="337,14.0,180,-22.0,120,-38.0,363,46.0" /></mjloggm>