<mjloggm ver="2.3"><GO type="41" lobby="0"/><UN n0="%E5%B0%B1%E6%B4%BB%E7%94%9F%40%E5%B7%9D%E6%9D%91%E8%BB%8D%E5%9B%A3" n1="%E7%A9%8D%E4%B9%B1%E9%9B%B2%E9%96%83" n2="%E3%81%B3%E3%82%93%E3%81%B3%E3%82%93" n3="%4D%69%73%74%65%6C%34%35" dan="17,13,15,13" rate="2193.51,2004.89,2069.29,1889.60" sx="M,M,M,M"/><TAIKYOKU oya="0"/><INIT seed="0,0,0,2,5,78" ten="250,250,250,250" oya="0" hai0="118,134,102,42,15,70,39,33,92,56,58,11,16" hai1="41,44,129,94,68,54,93,17,73,95,43,103,100" hai2="116,60,8,24,34,120,3,32,85,81,91,12,124" hai3="30,86,49,13,135,52,83,5,89,106,130,113,59"/><T27/><D70/><U128/><E68/><V111/><F120/><W80/><G106/><T69/><D69/><U108/><E108/><V127/><F111/><W18/><G113/><T38/><D118/><U21/><E73/><V88/><F116/><W61/><G135/><T22/><D134/><U98/><E54/><V10/><F60/><W35/><G130/><N who="1" m="50282" /><E103/><V117/><F117/><W14/><G35/><T0/><D33/><U87/><E87/><N who="2" m="50287" /><F24/><W75/><G30/><T71/><D71/><U131/><N who="1" m="50290" /><U82/><DORA hai="67" /><E82/><N who="3" m="31274" /><G75/><T62/><D0/><U105/><E44/><V64/><F64/><N who="3" m="38975" /><G5/><T63/><D42/><U104/><E104/><V45/><F3/><W25/><G86/><T115/><D115/><U19/><E19/><V1/><F1/><W4/><G4/><T29/><D38/><U122/><E122/><V53/><F34/><W84/><G84/><T97/><D39/><U133/><E133/><V77/><F32/><W37/><G37/><T51/><D58/><U6/><E6/><V125/><F77/><W2/><G2/><T72/><D72/><U110/><E110/><V90/><F85/><W9/><G89/><T121/><D121/><U112/><E112/><V23/><F91/><W109/><G109/><T48/><REACH who="0" step="1"/><D63/><REACH who="0" ten="240,250,250,250" step="2"/><U123/><E123/><V50/><F127/><W132/><G132/><T126/><D126/><U57/><E57/><V46/><F125/><W26/><G14/><AGARI ba="0,1" hai="14,17,21,41,43,93,94,95,98,100,105" m="50290" machi="14" ten="40,1300,0" yaku="19,1" doraHai="78,67" who="1" fromWho="3" sc="240,0,250,23,250,0,250,-13" /><INIT seed="1,0,0,1,4,78" ten="240,273,250,237" oya="1" hai0="7,80,115,99,11,129,122,51,1,76,110,46,13" hai1="105,134,38,62,0,54,121,87,84,79,85,63,81" hai2="60,23,65,73,50,116,108,21,77,109,106,20,89" hai3="66,44,2,22,39,132,67,71,8,117,48,17,4"/><U86/><E121/><V94/><F106/><W35/><G117/><T102/><D115/><U95/><E105/><V72/><F50/><W52/><G35/><T83/><D122/><U120/><E120/><V92/><F116/><W133/><G39/><T130/><D110/><N who="2" m="42602" /><F77/><W61/><REACH who="3" step="1"/><G67/><REACH who="3" ten="240,273,250,227" step="2"/><T49/><D1/><U6/><E38/><V93/><F89/><W57/><G57/><AGARI ba="0,1" hai="20,21,23,57,60,65,72,73,92,93,94" m="42602" machi="57" ten="40,1300,0" yaku="14,1" doraHai="78" who="2" fromWho="3" sc="240,0,273,0,250,23,227,-13" /><INIT seed="2,0,0,3,5,109" ten="240,273,273,214" oya="2" hai0="87,43,74,114,118,102,100,50,15,25,38,75,59" hai1="2,6,67,52,126,40,24,57,128,14,66,72,44" hai2="51,49,127,69,48,78,106,79,7,54,83,91,129" hai3="115,28,134,64,112,9,95,77,132,96,47,113,94"/><V61/><F106/><W68/><G77/><T99/><D114/><U124/><E72/><V89/><F127/><N who="1" m="48681" /><E2/><V29/><F129/><W85/><G28/><T34/><D38/><N who="1" m="21527" /><E128/><V18/><F7/><W10/><G47/><T46/><D87/><U65/><E24/><V63/><F29/><W107/><G107/><T17/><D100/><U35/><E35/><V76/><F69/><W58/><G68/><T98/><D98/><U16/><E6/><V11/><F54/><W130/><G130/><T88/><D118/><U23/><E67/><V3/><F3/><W60/><G85/><T33/><D33/><U131/><E131/><V41/><F41/><W20/><G20/><T8/><D88/><N who="2" m="33866" /><F83/><W0/><G0/><T86/><D86/><U45/><E45/><V111/><F111/><W4/><G4/><T123/><D34/><U39/><E39/><V80/><F80/><W37/><G37/><T73/><D73/><U93/><E93/><N who="3" m="35338" /><G96/><T108/><D99/><U121/><E121/><V82/><F82/><W119/><G119/><T101/><D123/><U103/><E103/><V110/><F110/><W125/><G125/><T13/><D108/><U84/><E84/><V105/><F105/><W21/><G21/><N who="0" m="13487" /><D74/><U104/><E104/><V19/><F11/><AGARI ba="0,0" hai="9,10,11,58,60,64,112,113,115,132,134" m="35338" machi="11" ten="40,8000,1" yaku="11,1,52,3" doraHai="109" who="3" fromWho="2" sc="240,0,273,0,273,-80,214,80" /><INIT seed="3,0,0,2,3,31" ten="240,273,193,294" oya="3" hai0="96,22,14,42,11,9,53,41,34,55,121,8,105" hai1="76,85,60,68,95,32,116,15,18,83,17,0,63" hai2="33,27,25,100,90,58,120,89,3,61,79,107,20" hai3="59,94,102,7,50,16,51,38,110,126,129,128,119"/><W106/><G119/><T56/><D121/><U72/><E0/><V10/><F120/><W69/><G38/><T101/><D34/><U74/><E116/><V87/><F79/><W109/><G69/><T103/><D103/><U123/><E123/><V43/><F43/><W113/><G106/><T130/><D130/><N who="3" m="50281" /><G113/><T97/><D97/><U122/><E122/><V71/><F71/><W37/><G37/><T117/><D117/><U64/><E63/><V12/><F3/><W115/><G115/><T57/><D14/><U24/><E95/><V133/><F133/><W132/><G132/><T92/><D22/><U4/><E4/><V45/><F45/><W47/><G126/><T98/><D105/><U40/><E40/><V52/><F107/><W118/><G7/><T6/><D98/><U67/><E67/><V5/><F100/><W84/><G59/><T131/><D131/><U44/><E44/><V66/><F66/><W49/><G16/><T86/><D86/><U77/><E77/><V26/><F90/><N who="3" m="53575" /><G118/><T125/><D125/><U93/><E93/><N who="2" m="54463" /><F33/><W134/><G102/><T21/><D21/><AGARI ba="0,0" hai="5,10,12,20,21,25,26,27,52,58,61" m="54463" machi="21" ten="30,2000,0" yaku="8,1,54,1" doraHai="31" who="2" fromWho="0" sc="240,-20,273,0,193,20,294,0" /><INIT seed="4,0,0,3,0,30" ten="220,273,213,294" oya="0" hai0="100,23,93,72,135,117,28,111,61,132,16,92,40" hai1="112,99,134,71,68,123,3,109,39,97,52,82,36" hai2="122,45,2,65,8,86,22,31,131,48,60,81,78" hai3="89,107,87,98,66,7,95,44,64,6,9,49,73"/><T105/><D117/><U126/><E82/><V119/><F122/><W5/><G73/><T116/><D72/><U32/><E99/><V17/><F119/><W84/><G107/><T75/><D75/><U50/><E97/><V41/><F131/><W0/><G0/><T46/><D105/><U127/><E3/><V55/><F31/><W57/><G9/><T20/><D100/><U33/><E123/><V121/><F121/><W35/><G35/><N who="1" m="13386" /><E112/><V53/><F8/><W101/><G57/><T59/><D116/><U4/><E4/><V54/><F2/><W11/><G11/><T102/><D111/><U80/><E80/><V74/><F74/><W83/><G87/><T77/><D77/><U19/><E19/><V114/><F114/><W104/><G104/><T118/><D118/><U108/><E134/><N who="0" m="51241" /><D28/><U120/><E120/><V88/><F78/><W26/><G26/><N who="0" m="14599" /><D23/><U63/><E109/><V79/><F79/><W96/><G96/><T15/><D15/><U124/><E108/><V34/><F34/><W69/><G69/><N who="1" m="26698" /><E63/><V115/><F115/><W129/><G129/><T125/><D102/><U90/><E90/><V1/><F1/><W42/><AGARI ba="0,0" hai="5,6,7,42,44,49,64,66,83,84,89,95,98,101" machi="42" ten="30,2000,0" yaku="0,1,8,1" doraHai="30" who="3" fromWho="3" sc="220,-10,273,-5,213,-5,294,20" /><INIT seed="5,0,0,5,3,26" ten="210,268,208,314" oya="1" hai0="4,33,0,46,109,28,74,110,29,47,65,58,49" hai1="48,57,130,18,72,129,135,16,86,24,79,35,54" hai2="38,90,115,93,119,80,23,91,94,15,60,87,41" hai3="5,69,61,52,120,106,3,7,132,81,124,37,19"/><U103/><E72/><V114/><F119/><W75/><G106/><T113/><D74/><U12/><E135/><V56/><F41/><W88/><G37/><T84/><D33/><U40/><E103/><V92/><F38/><W98/><G75/><T31/><D113/><N who="2" m="43018" /><F15/><W70/><G70/><T104/><D104/><U97/><E97/><N who="2" m="57495" /><F23/><W126/><G120/><T118/><D118/><U112/><E112/><V134/><F134/><W44/><G132/><T64/><D110/><U6/><E40/><V50/><F50/><N who="3" m="28743" /><G19/><T13/><D0/><U95/><E6/><V55/><AGARI ba="0,0" hai="55,56,60,80,87,91,93,94" m="57495,43018" machi="55" ten="30,2000,0" yaku="15,1,11,1" doraHai="26" who="2" fromWho="2" sc="210,-5,268,-10,208,20,314,-5" /><INIT seed="6,0,0,1,5,42" ten="205,258,228,309" oya="2" hai0="17,30,37,10,86,60,51,44,0,91,98,73,82" hai1="32,25,55,126,38,12,33,115,134,67,97,23,54" hai2="8,88,74,92,117,63,7,80,122,132,14,87,112" hai3="84,53,110,24,118,131,59,71,77,70,83,129,52"/><V105/><F105/><W66/><G118/><T1/><D37/><U27/><E38/><V35/><F35/><W65/><G24/><T41/><D73/><U31/><E67/><N who="3" m="25610" /><G110/><T128/><D128/><N who="3" m="49225" /><G53/><T45/><D60/><AGARI ba="0,0" hai="52,59,60,70,71,77,83,84" m="49225,25610" machi="60" ten="30,2000,0" yaku="19,1,54,1" doraHai="42" who="3" fromWho="0" sc="205,-20,258,0,228,0,309,20" /><INIT seed="7,0,0,5,5,44" ten="185,258,228,329" oya="3" hai0="21,20,9,77,135,3,34,124,134,40,78,59,10" hai1="90,125,115,37,104,26,72,128,45,73,36,99,14" hai2="30,83,112,39,93,52,95,80,69,23,6,38,131" hai3="114,56,92,47,50,17,31,89,7,74,2,103,126"/><W24/><G74/><T113/><D40/><U28/><E115/><V25/><F69/><W66/><G17/><T11/><D3/><U65/><E125/><V4/><F39/><W116/><G103/><T22/><D34/><U8/><E128/><V129/><F38/><W97/><G126/><T119/><D124/><U84/><E65/><V29/><F112/><W19/><G19/><T61/><D113/><U122/><E122/><V67/><F67/><W63/><G114/><T108/><D108/><U132/><E132/><N who="0" m="50729" /><D61/><U62/><E62/><V130/><F30/><W1/><G7/><N who="2" m="2601" /><F52/><W46/><G46/><T127/><D127/><U123/><E123/><V117/><F117/><W54/><G116/><T12/><D119/><U111/><E111/><V88/><F95/><W120/><G120/><T68/><D68/><U43/><E37/><V16/><F29/><W79/><G79/><N who="0" m="30219" /><D12/><U133/><E133/><V110/><F110/><W86/><G86/><AGARI ba="0,0" hai="16,23,25,80,83,86,88,93,129,130,131" m="2601" machi="86" ten="30,3900,0" yaku="19,1,54,2" doraHai="44" who="2" fromWho="3" sc="185,0,258,0,228,39,329,-39" /><INIT seed="8,0,0,5,1,130" ten="185,258,267,290" oya="0" hai0="53,20,41,101,129,114,72,80,124,71,50,111,51" hai1="120,33,64,100,9,17,22,3,58,27,67,18,123" hai2="37,46,59,106,34,88,102,113,10,0,131,56,49" hai3="15,23,99,42,82,117,97,90,125,127,133,40,30"/><T25/><D114/><U98/><E33/><V31/><F37/><W95/><G117/><T93/><D129/><U7/><E18/><V55/><F131/><W104/><G133/><T38/><D71/><U86/><E86/><V91/><F113/><W61/><G61/><T16/><D124/><N who="3" m="47689" /><G82/><T19/><D111/><U121/><REACH who="1" step="1"/><E58/><REACH who="1" ten="185,248,267,290" step="2"/><V105/><F59/><W62/><G62/><T78/><D19/><U116/><E116/><V39/><F34/><W2/><G2/><T14/><D25/><U28/><E28/><V32/><F32/><W12/><G12/><T110/><D110/><U92/><AGARI ba="0,1" hai="3,7,9,17,22,27,64,67,92,98,100,120,121,123" machi="92" ten="30,2000,0" yaku="1,1,0,1,53,0" doraHai="130" doraHaiUra="134" who="1" fromWho="1" sc="185,-10,248,30,267,-5,290,-5" /><INIT seed="9,0,0,2,2,114" ten="175,278,262,285" oya="1" hai0="28,101,40,91,16,111,76,64,9,69,129,83,13" hai1="81,75,79,7,109,5,23,42,89,6,65,113,55" hai2="48,73,67,51,47,132,63,32,34,14,10,105,11" hai3="39,126,116,17,133,134,27,72,74,119,56,78,58"/><U110/><E113/><V104/><F73/><N who="3" m="28267" /><G39/><T102/><D111/><N who="1" m="42507" /><E42/><V127/><F127/><W106/><G78/><T43/><D129/><U0/><E65/><V53/><F132/><N who="3" m="50795" /><G126/><T30/><D69/><U50/><E23/><V118/><F118/><N who="3" m="45099" /><G106/><T112/><D112/><U131/><E89/><V26/><F105/><W92/><G92/><T124/><D64/><U71/><E71/><V52/><F67/><W22/><AGARI ba="0,0" hai="17,22,27,56,58" m="45099,50795,28267" machi="22" ten="40,12000,2" yaku="20,1,16,1,12,1,52,3" doraHai="114" who="3" fromWho="3" sc="175,-30,278,-60,262,-30,285,120" owari="145,-35.0,218,-18.0,232,3.0,405,50.0" /></mjloggm>