<mjloggm ver="2.3"><GO type="169" lobby="0"/><UN n0="%E3%83%89%E3%83%A9%EF%BC%91%EF%BC%92%EF%BC%90%EF%BC%85" n1="%E7%BE%8E%E6%A8%B9%E2%98%86%E3%81%95%E3%82%84%E3%81%8B" n2="%E3%82%A6%E3%83%AB%E3%83%88%E3%83%A9%E7%AB%8B%E7%9B%B4" n3="%E6%97%A9%E7%94%B0%E9%80%B2" dan="17,16,17,16" rate="2184.15,2132.64,2141.29,2137.48" sx="M,F,M,M"/><TAIKYOKU oya="0"/><INIT seed="0,0,0,3,3,47" ten="250,250,250,250" oya="0" hai0="29,97,10,129,27,57,87,33,14,84,40,24,105" hai1="71,134,20,22,0,111,133,69,118,124,99,77,35" hai2="21,30,55,123,8,80,13,7,127,15,90,88,42" hai3="98,37,128,39,9,94,86,102,34,121,125,4,104"/><T75/><D75/><U66/><E35/><V101/><F123/><W56/><G34/><T130/><D40/><U62/><E118/><V135/><F127/><W18/><G128/><N who="0" m="49259" /><D27/><U76/><E0/><V108/><F108/><W64/><G125/><T36/><D36/><U53/><E124/><V112/><F112/><W38/><G121/><T63/><D97/><U132/><E111/><V126/><F126/><W41/><G18/><N who="0" m="8535" /><D105/><U85/><E71/><V32/><F32/><W28/><G28/><T106/><D106/><U100/><E85/><V51/><F42/><W23/><G86/><T5/><D5/><U52/><E77/><V65/><F135/><W115/><G115/><T6/><D6/><U131/><E76/><V122/><F122/><W43/><G104/><T96/><D96/><U74/><E74/><V68/><F101/><W49/><G43/><T1/><D1/><U3/><E3/><V73/><F73/><W119/><G119/><T2/><D2/><U45/><E131/><V109/><F109/><W58/><G41/><T70/><D70/><U91/><E100/><V83/><F68/><W25/><G39/><T12/><D12/><U117/><E117/><V26/><F15/><W44/><G38/><T19/><D19/><U59/><E99/><V67/><F90/><W16/><G37/><T113/><D113/><U103/><E91/><V79/><F79/><W81/><G102/><T92/><D92/><U17/><E103/><V48/><F88/><W107/><G107/><T50/><D63/><N who="1" m="40159" /><E17/><V114/><F114/><W95/><G95/><T82/><D82/><RYUUKYOKU ba="0,0" sc="250,15,250,15,250,-15,250,-15" hai0="24,29,33,50,57,84,87" hai1="20,22,45,52,53,59,62,132,133,134" /><INIT seed="0,1,0,5,2,74" ten="265,265,235,235" oya="0" hai0="41,27,30,100,31,14,102,109,2,45,73,4,34" hai1="107,16,50,134,72,49,33,58,53,43,110,131,118" hai2="54,39,69,132,99,77,57,12,40,86,90,120,24" hai3="116,29,55,113,112,83,0,104,78,36,42,88,1"/><T56/><D73/><U95/><E107/><V105/><F120/><W91/><G116/><T94/><D109/><U7/><E118/><V3/><F3/><W8/><G104/><T129/><D129/><U28/><E72/><V37/><F69/><W85/><G29/><T125/><D125/><U11/><E110/><V126/><F126/><W115/><G8/><T20/><D2/><U96/><E131/><V123/><F123/><W32/><G32/><T114/><D114/><U17/><E134/><V82/><F132/><W51/><G1/><T133/><D56/><U15/><E28/><V67/><F67/><W130/><G130/><T108/><D108/><U80/><E80/><V22/><F12/><W76/><G0/><T13/><D94/><U97/><E33/><V98/><F40/><W81/><G42/><T92/><D92/><U64/><E64/><V5/><F5/><W79/><G36/><T19/><D4/><U75/><E75/><V52/><F54/><W70/><G70/><T23/><D133/><U103/><E96/><N who="2" m="36907" /><F39/><W117/><G117/><T66/><D66/><U68/><E68/><V127/><F37/><W9/><G9/><T61/><D61/><U38/><E38/><V87/><F127/><W71/><G71/><T60/><D60/><U135/><E135/><V119/><F119/><W111/><G111/><T101/><D14/><U63/><E43/><V25/><F22/><W6/><G6/><T62/><D62/><U89/><E103/><V18/><F105/><W46/><G115/><T65/><D34/><U10/><E7/><V122/><F122/><RYUUKYOKU ba="1,0" sc="265,-15,265,15,235,-15,235,15" hai1="10,11,15,16,17,49,50,53,58,63,89,95,97" hai3="46,51,55,76,78,79,81,83,85,88,91,112,113" /><INIT seed="1,2,0,0,3,87" ten="250,280,220,250" oya="1" hai0="114,92,94,90,20,72,131,29,70,68,75,93,30" hai1="97,63,18,40,34,71,116,120,39,95,64,78,88" hai2="108,121,130,24,52,38,104,61,10,42,135,103,57" hai3="122,99,15,73,43,25,53,113,16,129,14,7,125"/><U126/><E120/><V33/><F121/><W100/><G122/><T133/><D114/><U23/><E34/><V59/><F104/><W28/><G113/><T66/><D133/><U127/><E116/><V48/><F103/><W4/><G125/><N who="1" m="47626" /><E78/><V98/><F33/><W86/><G129/><T55/><D131/><U91/><E40/><V109/><F130/><W2/><G73/><T41/><D41/><U80/><E39/><V11/><F98/><W6/><G2/><T19/><D55/><U107/><E107/><V105/><F24/><W118/><G118/><T102/><D102/><N who="1" m="60735" /><E80/><V106/><F106/><W67/><G43/><T46/><D75/><U31/><E31/><V35/><F35/><W83/><G67/><T54/><D72/><U82/><E82/><V49/><F105/><W134/><G53/><T22/><D30/><U8/><E8/><V89/><F10/><W96/><G134/><T37/><D29/><U112/><E112/><V85/><F11/><W58/><G28/><T13/><D37/><U84/><E84/><V50/><F135/><W47/><G99/><T81/><D22/><U132/><E132/><V79/><F79/><W17/><G96/><T123/><D123/><U36/><E36/><V44/><REACH who="2" step="1"/><F59/><REACH who="2" ten="250,280,210,250" step="2"/><W26/><G58/><T21/><D70/><U65/><E64/><V62/><F62/><W119/><G100/><T110/><D66/><U3/><E3/><V0/><F0/><W51/><G7/><T5/><D68/><U77/><E77/><V45/><F45/><W69/><G69/><T60/><D21/><U117/><E117/><RYUUKYOKU ba="2,1" sc="250,-15,280,15,210,15,250,-15" hai1="18,23,63,65,71,88,91" hai2="38,42,44,48,49,50,52,57,61,85,89,108,109" /><INIT seed="1,3,1,0,3,4" ten="235,295,225,235" oya="1" hai0="85,131,66,25,0,82,79,78,102,118,108,36,106" hai1="44,93,37,112,109,67,50,120,15,68,100,64,55" hai2="129,98,31,74,60,130,69,34,116,126,71,110,76" hai3="65,117,9,35,51,32,73,125,97,62,45,113,38"/><U29/><E120/><V135/><F60/><W72/><G113/><T48/><D36/><U22/><E112/><V11/><F116/><W30/><G38/><T8/><D108/><U59/><E68/><V87/><F87/><W124/><G117/><T21/><D118/><U105/><E105/><V24/><F110/><W12/><G97/><T133/><D133/><U46/><E37/><V95/><F135/><W80/><G30/><T40/><D66/><N who="1" m="25131" /><E109/><V123/><F123/><W52/><G35/><T23/><D79/><U86/><E100/><V5/><F126/><N who="3" m="48747" /><G80/><T127/><D131/><N who="2" m="50186" /><F76/><W3/><G3/><T6/><D127/><U7/><E29/><V94/><F74/><W96/><G96/><T1/><D1/><U83/><E93/><N who="2" m="35339" /><F98/><W63/><G63/><T39/><D106/><U75/><E75/><V54/><F54/><W89/><G89/><T56/><D102/><U103/><E103/><V16/><F16/><N who="3" m="8207" /><G32/><T122/><D122/><U53/><E53/><V91/><F91/><W20/><G20/><T81/><D23/><U132/><E132/><V41/><F41/><W99/><G99/><T58/><D40/><U101/><E101/><V57/><F57/><AGARI ba="3,1" hai="45,51,52,57,62,65,72,73" m="8207,48747" machi="57" ten="30,7700,0" yaku="18,1,52,1,54,2" doraHai="4" who="3" fromWho="2" sc="235,0,295,0,225,-86,235,96" /><INIT seed="2,0,0,2,3,92" ten="235,295,139,331" oya="2" hai0="75,25,129,9,42,17,32,14,7,102,119,34,135" hai1="113,58,122,91,69,93,86,61,116,124,112,82,107" hai2="121,28,68,70,114,134,18,101,78,115,16,84,128" hai3="77,111,97,48,11,81,99,19,24,123,66,20,44"/><V108/><F84/><N who="3" m="48175" /><G111/><T63/><D75/><U125/><E69/><N who="2" m="26731" /><F78/><W94/><G123/><T40/><D102/><U50/><E107/><V31/><F101/><W83/><G66/><T39/><D39/><U22/><E116/><V117/><F121/><W26/><G94/><T79/><D79/><U55/><E122/><V27/><F27/><W98/><G83/><T0/><D25/><U100/><E22/><V45/><F45/><W133/><G133/><T54/><D135/><U51/><E100/><V87/><F87/><W57/><G26/><T49/><D34/><U4/><E4/><V38/><F134/><W88/><G57/><T85/><D32/><U1/><E1/><V30/><F38/><W62/><G62/><T131/><D85/><U21/><E93/><V59/><F59/><W23/><G88/><T8/><D63/><U37/><E37/><V126/><F117/><W52/><G23/><T72/><D72/><U106/><E21/><V120/><F120/><W90/><G90/><T76/><D76/><U109/><E106/><V15/><F108/><W36/><G36/><T95/><D95/><U103/><E103/><V110/><F110/><W41/><G11/><T6/><D119/><U74/><E74/><V73/><F73/><W89/><G89/><T43/><D9/><U3/><E109/><V5/><F128/><N who="0" m="49226" /><D0/><U96/><E3/><V12/><F126/><W10/><G10/><T130/><N who="0" m="49234" /><T71/><DORA hai="64" /><D71/><U56/><E125/><V35/><F35/><W132/><G132/><T80/><D80/><U105/><E124/><V67/><F15/><RYUUKYOKU ba="0,0" sc="235,15,295,-15,139,-15,331,15" hai0="6,7,8,14,17,40,42,43,49,54" hai3="19,20,24,41,44,48,52,97,98,99" /><INIT seed="3,1,0,2,0,126" ten="250,280,124,346" oya="3" hai0="105,6,34,8,73,84,61,78,129,50,97,42,17" hai1="21,30,43,76,94,49,12,81,9,3,64,48,35" hai2="18,85,96,38,125,60,65,131,56,19,109,98,27" hai3="15,72,91,14,36,62,59,39,121,92,133,52,99"/><W45/><G121/><T1/><D73/><U25/><E64/><V120/><F38/><W124/><G133/><T47/><D34/><U71/><E71/><V20/><F120/><W70/><G124/><T116/><D116/><U41/><E3/><V90/><F125/><W111/><G111/><T0/><D0/><U13/><E35/><V22/><F131/><W86/><G72/><T93/><D105/><U115/><E115/><V11/><F11/><W69/><G69/><T51/><D129/><U29/><E94/><V132/><F132/><W135/><G135/><T75/><D75/><U55/><E30/><V77/><F77/><W102/><G70/><T128/><D128/><U110/><E48/><V106/><F106/><W54/><G39/><T40/><D17/><N who="1" m="8335" /><E13/><V119/><F119/><W101/><G101/><T4/><D4/><U74/><E74/><V46/><F46/><W28/><G28/><T66/><D84/><N who="1" m="48167" /><E110/><V100/><F100/><W67/><G67/><T7/><D78/><U107/><E107/><V16/><F109/><W117/><G117/><T57/><D7/><U82/><E82/><N who="2" m="49463" /><F19/><W2/><G2/><T79/><D79/><U26/><E26/><AGARI ba="1,0" hai="16,18,20,22,26,27,56,60,65,96,98" m="49463" machi="26" ten="30,2000,0" yaku="8,1,54,1" doraHai="126" who="2" fromWho="1" sc="250,0,280,-23,124,23,346,0" /><INIT seed="4,0,0,3,3,18" ten="250,257,147,346" oya="0" hai0="98,63,19,52,123,73,65,21,116,67,122,25,104" hai1="90,54,131,86,50,93,106,100,101,78,33,47,15" hai2="105,11,92,128,14,112,37,134,82,118,69,36,49" hai3="51,80,107,35,17,71,133,121,12,1,87,81,27"/><T7/><D73/><U60/><E33/><V32/><F105/><W91/><G133/><T61/><D116/><U125/><E131/><V108/><F108/><W53/><G107/><T9/><D98/><U120/><E120/><V8/><F69/><W28/><G71/><T57/><D104/><U109/><E109/><V126/><F32/><W26/><G26/><T129/><D129/><U31/><E31/><V75/><F75/><W40/><G1/><T10/><D67/><U58/><E125/><V102/><F37/><W110/><G110/><T119/><D119/><U34/><E34/><V135/><F36/><W6/><G6/><T22/><D22/><U94/><E94/><V45/><F126/><W85/><G40/><T56/><REACH who="0" step="1"/><D10/><REACH who="0" ten="240,257,147,346" step="2"/><U124/><E106/><V72/><F72/><W113/><G121/><T0/><AGARI ba="0,1" hai="0,7,9,19,21,25,52,56,57,61,63,65,122,123" machi="0" ten="20,18000,2" yaku="1,1,2,1,0,1,7,1,52,1,54,1,53,0" doraHai="18" doraHaiUra="84" who="0" fromWho="0" sc="240,190,257,-60,147,-60,346,-60" /><INIT seed="4,1,0,5,1,120" ten="430,197,87,286" oya="0" hai0="99,19,29,64,59,121,68,107,94,30,135,5,39" hai1="49,14,72,60,105,52,80,27,83,57,93,129,109" hai2="4,128,119,1,100,132,22,9,7,71,56,53,62" hai3="118,81,58,133,113,66,55,98,96,63,38,44,122"/><T70/><D107/><U73/><E105/><V126/><F128/><W16/><G113/><T6/><D39/><U20/><E129/><V41/><F126/><W95/><G118/><T76/><D76/><U46/><E109/><V54/><F132/><W24/><G133/><T8/><D19/><U75/><E14/><V42/><F119/><W47/><G122/><T69/><D121/><U36/><E36/><V35/><F35/><W17/><G98/><T18/><D18/><U92/><E80/><V74/><F74/><W28/><G81/><T108/><D5/><U111/><E111/><V21/><F100/><W37/><G47/><T15/><D135/><U115/><E83/><V131/><F131/><W12/><G44/><T101/><D108/><U86/><E86/><V97/><F97/><W13/><G55/><T123/><D123/><U50/><E50/><V33/><F33/><W89/><G17/><T110/><D110/><U114/><E20/><V11/><F71/><W45/><G45/><T91/><D101/><U61/><E27/><V82/><F82/><W127/><G13/><T104/><D104/><U31/><E31/><V88/><F88/><W32/><REACH who="3" step="1"/><G127/><REACH who="3" ten="430,197,87,276" step="2"/><T124/><D124/><U67/><E114/><V87/><F87/><W103/><G103/><T84/><D99/><U25/><E115/><V2/><REACH who="2" step="1"/><F54/><REACH who="2" ten="430,197,77,276" step="2"/><W102/><G102/><T125/><D125/><U112/><E112/><V26/><F26/><W85/><G85/><T77/><D84/><U10/><E25/><V40/><AGARI ba="1,2" hai="1,2,4,7,9,11,21,22,40,41,42,53,56,62" machi="40" ten="30,8000,1" yaku="1,1,0,1,9,1,53,2" doraHai="120" doraHaiUra="3" who="2" fromWho="2" sc="430,-41,197,-21,77,103,276,-21" /><INIT seed="5,0,0,5,5,85" ten="389,176,180,255" oya="1" hai0="16,14,66,27,133,130,50,56,72,58,69,112,12" hai1="46,86,65,44,70,51,95,53,131,29,67,42,94" hai2="99,3,10,87,121,96,122,109,23,55,129,13,8" hai3="89,15,80,98,117,116,20,26,113,108,97,39,101"/><U78/><E131/><V63/><F109/><W28/><G108/><T45/><D72/><U54/><E29/><V115/><F3/><W68/><G113/><T135/><D130/><U84/><E70/><V102/><F129/><W76/><G68/><T34/><D69/><U90/><E54/><V18/><F115/><W47/><G47/><T7/><D7/><U120/><E120/><V59/><F87/><W81/><G39/><T4/><D4/><U22/><E22/><V124/><F124/><W75/><G15/><T57/><D66/><U52/><E53/><V125/><F125/><W88/><G81/><T128/><D128/><U0/><E0/><V6/><F99/><N who="3" m="37899" /><G101/><T105/><D105/><U103/><E103/><V118/><F118/><AGARI ba="0,0" hai="20,26,28,75,76,80,88,89,116,117,118" m="37899" machi="118" ten="30,7700,0" yaku="12,1,52,2,54,1" doraHai="85" who="3" fromWho="2" sc="389,0,176,0,180,-77,255,77" /><INIT seed="6,0,0,5,3,15" ten="389,176,103,332" oya="2" hai0="42,7,82,124,121,47,130,24,43,102,60,127,72" hai1="115,69,98,91,114,0,101,37,93,18,126,81,89" hai2="84,88,112,100,83,74,51,31,122,55,92,87,70" hai3="104,63,20,94,41,25,73,117,30,54,97,58,119"/><V26/><F70/><W23/><G104/><T62/><D121/><U52/><E69/><V107/><F112/><N who="1" m="43049" /><E37/><V27/><F122/><W120/><G120/><T45/><D102/><U66/><E0/><V106/><F74/><W19/><G73/><T17/><D7/><U129/><E66/><V3/><F3/><W12/><REACH who="3" step="1"/><G41/><REACH who="3" ten="389,176,103,322" step="2"/><T2/><D43/><U28/><E129/><V59/><F27/><W86/><G86/><T56/><D72/><U6/><E126/><V116/><F116/><W113/><G113/><T108/><D130/><U38/><E38/><V61/><F61/><W90/><AGARI ba="0,1" hai="12,19,20,23,25,30,54,58,63,90,94,97,117,119" machi="90" ten="20,5200,0" yaku="1,1,0,1,7,1,52,1,53,0" doraHai="15" doraHaiUra="135" who="3" fromWho="3" sc="389,-13,176,-13,103,-26,322,62" /><BYE who="2" /><UN n2="%E3%82%A6%E3%83%AB%E3%83%88%E3%83%A9%E7%AB%8B%E7%9B%B4" /><INIT seed="7,0,0,1,2,87" ten="376,163,77,384" oya="3" hai0="109,38,64,25,69,27,17,22,51,52,77,43,16" hai1="54,34,124,68,93,75,90,95,45,134,70,80,36" hai2="49,37,55,115,132,135,2,63,26,44,89,103,123" hai3="106,102,23,97,88,4,73,58,114,82,112,104,24"/><W42/><G106/><T47/><D109/><U133/><E34/><V65/><F26/><W92/><G42/><T130/><D130/><U33/><E33/><V119/><F103/><W110/><G4/><T15/><D77/><N who="1" m="44095" /><E95/><V7/><F7/><W108/><G58/><N who="0" m="33055" /><D17/><U120/><E120/><V79/><F79/><N who="3" m="44399" /><G102/><T76/><D76/><U96/><E124/><V126/><F2/><W99/><G99/><T111/><D111/><N who="3" m="42537" /><G104/><T127/><D127/><U62/><E62/><AGARI ba="0,0" hai="15,16,22,25,27,38,43,47,62,64,69" m="33055" machi="62" ten="30,3900,0" yaku="24,1,54,2" doraHai="87" who="0" fromWho="1" sc="376,39,163,-39,77,0,384,0" owari="415,52.0,124,-28.0,77,-42.0,384,18.0" /></mjloggm>