<mjloggm ver="2.3"><GO type="169" lobby="0"/><UN n0="%E3%83%88%E3%83%88%E3%83%AA%E5%85%88%E7%94%9F%31%39%E6%AD%B3" n1="%E9%AB%98%E7%94%BA%EF%BC%A0%E3%81%AA%E3%81%AE%E3%81%AF" n2="%E3%81%99%E3%81%BF%E3%82%84%E3%81%AB" n3="%E3%83%81%E3%83%A3%E3%82%AA%E3%83%A9%E3%83%BC" dan="19,16,17,16" rate="2277.13,2081.55,2179.92,2104.59" sx="F,F,M,M"/><TAIKYOKU oya="0"/><INIT seed="0,0,0,2,5,43" ten="250,250,250,250" oya="0" hai0="35,67,71,102,29,85,76,15,42,24,106,131,59" hai1="63,94,17,88,82,96,74,39,47,65,64,0,75" hai2="110,2,28,95,113,34,104,125,86,1,21,133,121" hai3="32,128,92,12,20,5,7,81,72,117,127,3,78"/><T13/><D131/><U122/><E122/><V89/><F104/><W19/><G117/><T107/><D59/><U135/><E135/><V134/><F34/><W9/><G128/><T36/><D106/><U91/><E0/><V132/><F121/><W118/><G118/><T103/><D103/><U90/><E64/><V79/><F113/><W93/><G127/><T98/><D76/><U58/><E17/><V129/><F125/><W112/><G112/><T31/><D85/><U70/><E70/><V124/><F124/><W69/><G69/><T41/><D31/><U83/><E83/><V57/><F129/><W73/><G73/><T4/><D4/><U99/><E99/><V111/><F79/><W77/><G77/><T51/><D51/><U53/><E82/><V38/><F38/><W37/><G37/><T126/><D126/><U18/><E18/><V116/><F116/><W26/><REACH who="3" step="1"/><G5/><REACH who="3" ten="250,250,250,240" step="2"/><T119/><D119/><U108/><E39/><V46/><F134/><W30/><AGARI ba="0,1" hai="3,7,9,12,19,20,26,30,32,72,78,81,92,93" machi="30" ten="30,8000,1" yaku="1,1,2,1,0,1,24,2,53,0" doraHai="43" doraHaiUra="68" who="3" fromWho="3" sc="250,-40,250,-20,250,-20,240,90" /><INIT seed="1,0,0,1,2,46" ten="210,230,230,330" oya="1" hai0="41,67,124,114,54,71,74,49,60,56,1,20,113" hai1="133,48,95,63,19,131,109,4,36,118,26,61,135" hai2="100,28,11,44,10,8,92,128,5,117,52,16,53" hai3="106,105,80,22,87,102,18,98,62,134,77,31,35"/><U58/><E118/><V3/><F117/><W125/><G134/><N who="1" m="51210" /><E4/><V64/><F128/><W50/><G125/><T13/><D1/><U73/><E73/><V30/><F64/><W104/><G35/><T96/><D74/><U132/><E131/><V119/><F119/><W23/><G31/><T69/><D124/><U38/><E95/><V123/><F123/><W7/><G7/><T89/><D69/><U70/><E132/><V45/><F3/><W37/><G37/><N who="1" m="14442" /><E109/><V59/><F5/><W2/><G2/><T68/><D68/><U110/><E110/><V39/><F39/><W81/><G62/><N who="1" m="23562" /><E70/><V21/><F92/><W79/><G22/><T90/><D96/><U47/><E19/><V43/><F100/><W27/><G106/><T78/><D78/><U15/><E15/><V82/><F82/><W97/><G105/><T112/><REACH who="0" step="1"/><D41/><REACH who="0" ten="200,230,230,330" step="2"/><N who="1" m="24687" /><E26/><V130/><F43/><W76/><G98/><T34/><D34/><U51/><E58/><V33/><F59/><W17/><G97/><T14/><D14/><U107/><E107/><V83/><F130/><W91/><G104/><T55/><D55/><U65/><E65/><V0/><F0/><W99/><G79/><T86/><D86/><U126/><E126/><V85/><F53/><W108/><G77/><T101/><D101/><U93/><E93/><V88/><F52/><W122/><G102/><T84/><D84/><U9/><E9/><V116/><F116/><W32/><G87/><T121/><D121/><U29/><E29/><N who="2" m="11371" /><F33/><W120/><G120/><T94/><D94/><U57/><E57/><V127/><F127/><RYUUKYOKU ba="0,1" sc="200,10,230,10,230,10,330,-30" hai0="13,20,49,54,56,60,67,71,89,90,112,113,114" hai1="51" hai2="8,10,11,16,21,44,45,83,85,88" /><INIT seed="1,1,1,1,1,44" ten="210,240,240,300" oya="1" hai0="117,39,24,112,73,10,50,87,38,16,11,69,104" hai1="103,55,114,120,113,29,64,79,127,125,119,95,0" hai2="66,122,48,102,13,128,84,124,111,1,130,30,58" hai3="15,134,99,90,93,94,14,88,19,78,2,65,75"/><U106/><E0/><V41/><F1/><W116/><G2/><T121/><D117/><U81/><E29/><V98/><F122/><W36/><G116/><T76/><D112/><U47/><E119/><V25/><F111/><W132/><G36/><T67/><D73/><U23/><E23/><V97/><F124/><N who="1" m="47689" /><E120/><V77/><F13/><W110/><G110/><T100/><D121/><U126/><E64/><V37/><F37/><W9/><G65/><T118/><D118/><U49/><N who="1" m="47697" /><U70/><DORA hai="107" /><E70/><V51/><F41/><W72/><G15/><T18/><D67/><U7/><E95/><V96/><F102/><W57/><G57/><T62/><D100/><U17/><E7/><V105/><F105/><W123/><G123/><T35/><D69/><U91/><E91/><V60/><F77/><W34/><G34/><T131/><D35/><U89/><E89/><V32/><REACH who="2" step="1"/><F84/><REACH who="2" ten="210,240,230,300" step="2"/><W6/><G78/><T129/><D87/><N who="1" m="48575" /><E17/><V45/><F45/><W28/><G19/><T22/><D104/><U8/><E8/><V27/><F27/><W92/><G92/><T56/><D76/><U63/><E103/><V3/><F3/><W71/><G94/><T135/><D24/><U26/><E106/><V5/><F5/><W33/><G90/><T43/><D11/><U85/><E85/><V21/><F21/><W68/><G6/><T52/><D10/><U83/><E26/><V86/><F86/><W54/><G9/><T61/><D22/><U59/><E83/><V101/><F101/><W115/><G93/><T74/><D18/><U82/><E82/><RYUUKYOKU ba="1,2" sc="210,-15,240,15,230,15,300,-15" hai1="47,49,55,59,63,113,114" hai2="25,30,32,48,51,58,60,66,96,97,98,128,130" /><INIT seed="1,2,2,2,3,74" ten="195,255,245,285" oya="1" hai0="56,10,44,53,99,69,123,33,106,43,129,77,63" hai1="4,24,90,36,114,88,71,62,117,9,38,72,118" hai2="131,124,60,67,46,50,21,32,8,45,94,54,34" hai3="101,134,64,120,65,20,59,119,80,78,58,19,27"/><U35/><E114/><V85/><F131/><W47/><G120/><T81/><D33/><U105/><E105/><V23/><F124/><W68/><G134/><T28/><D28/><U97/><E72/><V66/><F8/><W48/><G119/><T42/><D129/><U13/><E117/><V91/><F45/><W2/><G2/><T52/><D123/><U98/><E118/><V14/><F67/><W76/><G101/><T61/><D106/><U41/><E41/><V0/><F0/><W29/><G29/><T18/><D99/><U96/><E35/><V135/><F135/><W125/><G125/><T3/><D69/><U104/><E24/><V115/><F115/><W40/><G78/><T112/><D112/><U109/><E104/><V100/><F100/><W107/><G107/><T110/><D110/><U127/><E127/><V5/><F34/><W51/><G68/><T1/><D1/><U6/><E109/><V55/><F32/><W84/><G59/><N who="0" m="35047" /><D44/><U116/><E116/><V15/><F66/><W122/><G122/><T102/><D102/><U93/><E4/><V57/><REACH who="2" step="1"/><F5/><REACH who="2" ten="195,255,235,285" step="2"/><W16/><G19/><T79/><D3/><U75/><E71/><V49/><F49/><W87/><G87/><T83/><D18/><U130/><E75/><V12/><AGARI ba="2,3" hai="12,14,15,21,23,46,50,54,55,57,60,85,91,94" machi="12" ten="30,4000,0" yaku="1,1,0,1,8,1,53,0" doraHai="74" doraHaiUra="92" who="2" fromWho="2" sc="195,-12,255,-22,235,76,285,-12" /><INIT seed="2,0,0,4,1,16" ten="183,233,311,273" oya="2" hai0="2,100,81,134,10,88,20,72,91,71,4,59,92" hai1="67,120,3,9,101,125,65,62,46,50,36,127,117" hai2="34,27,32,66,1,104,68,22,24,30,25,86,129" hai3="108,130,8,31,14,111,44,95,64,19,84,77,73"/><V112/><F104/><W83/><G130/><T7/><D71/><U38/><E101/><V128/><F66/><N who="1" m="25097" /><E3/><V49/><F68/><W63/><G31/><T118/><D134/><U85/><E85/><V96/><F96/><W93/><G44/><T58/><D118/><U41/><E9/><V82/><F49/><W122/><G122/><T35/><D35/><N who="2" m="13354" /><F112/><W37/><G37/><N who="1" m="14442" /><E117/><V18/><F1/><W47/><G47/><T61/><D7/><U23/><E23/><N who="2" m="15647" /><F82/><W12/><G12/><T99/><D81/><U21/><E21/><N who="2" m="13495" /><F86/><W43/><G43/><T76/><D72/><U124/><E62/><V33/><N who="2" m="13362" /><V135/><DORA hai="74" /><F135/><W56/><REACH who="3" step="1"/><G95/><REACH who="3" ten="183,233,311,263" step="2"/><T132/><D132/><U52/><E120/><V110/><F110/><W0/><G0/><T98/><D2/><U97/><E97/><V114/><F114/><W28/><G28/><AGARI ba="0,1" hai="22,27,28,128,129" m="13495,15647,13362" machi="28" ten="40,12000,1" yaku="34,2,52,3" doraHai="16,74" who="2" fromWho="3" sc="183,0,233,0,311,130,263,-120" /><INIT seed="2,1,0,3,0,53" ten="183,233,441,143" oya="2" hai0="13,90,20,30,126,63,118,115,62,74,29,120,16" hai1="61,25,12,107,78,123,34,9,81,10,128,18,2" hai2="35,85,51,38,60,49,94,124,87,108,59,8,55" hai3="112,65,14,45,135,7,79,27,103,117,89,86,32"/><V54/><F38/><W76/><G117/><T37/><D120/><U73/><E123/><V24/><F124/><W104/><G112/><T96/><D115/><U114/><E114/><V99/><F108/><W84/><G65/><T113/><D113/><U46/><E107/><V80/><F8/><W105/><G135/><T47/><D74/><U133/><E133/><V44/><F80/><W19/><G7/><T91/><D126/><U93/><E128/><V56/><F24/><W130/><G130/><T0/><D0/><U70/><E46/><V97/><F35/><W22/><G45/><T129/><D129/><U132/><E132/><V67/><REACH who="2" step="1"/><F99/><REACH who="2" ten="183,233,431,143" step="2"/><W111/><G111/><T43/><D96/><U82/><E82/><V3/><F3/><W75/><G32/><T69/><D118/><U101/><E2/><V40/><F40/><W57/><G27/><T31/><D43/><U1/><E1/><V6/><F6/><W41/><G41/><T100/><D20/><U50/><E25/><V21/><F21/><W64/><G22/><T95/><D13/><U127/><E9/><V5/><F5/><W131/><G14/><T68/><D30/><U83/><E34/><V15/><F15/><W119/><G131/><T121/><D121/><U23/><E23/><V102/><AGARI ba="1,1" hai="44,49,51,54,55,56,59,60,67,85,87,94,97,102" machi="102" ten="20,18000,2" yaku="1,1,0,1,7,1,8,1,52,2,53,1" doraHai="53" doraHaiUra="98" who="2" fromWho="2" sc="183,-61,233,-61,431,193,143,-61" /><INIT seed="2,2,0,4,4,90" ten="122,172,624,82" oya="2" hai0="50,134,133,93,68,18,101,15,120,49,121,38,21" hai1="80,72,108,10,29,48,26,84,24,123,64,45,96" hai2="76,46,36,60,61,132,2,53,65,27,16,77,1" hai3="111,110,128,20,74,43,106,4,56,107,51,39,59"/><V41/><F132/><N who="0" m="50794" /><D68/><U17/><E72/><V130/><F130/><W57/><G74/><T94/><D38/><U126/><E126/><V52/><F2/><W113/><G4/><T40/><D101/><U3/><E108/><N who="3" m="41514" /><G128/><T78/><D78/><U131/><E131/><V70/><F1/><W117/><G117/><T63/><D63/><U81/><E123/><N who="0" m="47177" /><D40/><U105/><E64/><V0/><F0/><W115/><G20/><T127/><D127/><U71/><E3/><V91/><F91/><W114/><G39/><T87/><D87/><U30/><E71/><V32/><F61/><W79/><G79/><T82/><D82/><U28/><E96/><V23/><F77/><W99/><G99/><T22/><D21/><U31/><E105/><N who="3" m="39946" /><G43/><T97/><D97/><U95/><E80/><V85/><F76/><W102/><G102/><T33/><D33/><U58/><E81/><V88/><F32/><W55/><AGARI ba="2,0" hai="51,55,56,57,59,113,114,115" m="39946,41514" machi="55" ten="40,2700,0" yaku="11,1,14,1" doraHai="90" who="3" fromWho="3" sc="122,-9,172,-9,624,-15,82,33" /><INIT seed="3,0,0,3,4,76" ten="113,163,609,115" oya="3" hai0="95,10,81,32,115,93,50,120,26,43,101,53,91" hai1="52,46,123,14,129,22,30,131,71,48,37,64,49" hai2="28,11,75,100,3,31,5,35,13,121,106,51,42" hai3="132,96,103,44,17,33,125,86,107,116,97,92,88"/><W36/><G33/><T112/><D120/><U19/><E123/><V85/><F75/><W134/><G116/><T98/><D43/><U77/><E37/><V21/><F121/><W68/><G68/><T104/><D10/><U73/><E30/><V135/><F135/><N who="3" m="51755" /><G17/><T57/><D32/><U110/><E110/><V105/><F100/><N who="3" m="62863" /><G44/><T94/><D26/><U58/><E71/><V27/><F31/><W83/><G36/><T65/><D65/><U122/><E122/><V70/><F70/><W74/><G74/><T109/><D109/><U16/><E19/><N who="2" m="10479" /><F85/><W84/><G84/><N who="0" m="50575" /><D104/><U82/><REACH who="1" step="1"/><E64/><REACH who="1" ten="113,153,609,115" step="2"/><V6/><F6/><W2/><G2/><T118/><D118/><U111/><E111/><V108/><F108/><W127/><AGARI ba="0,1" hai="83,86,88,92,96,103,125,127" m="62863,51755" machi="127" ten="30,12000,1" yaku="20,1,34,2,52,1,54,1" doraHai="76" who="3" fromWho="3" sc="113,-40,153,-40,609,-40,115,130" /><INIT seed="3,1,0,3,0,16" ten="73,113,569,245" oya="3" hai0="104,35,102,79,110,133,65,21,28,83,122,93,92" hai1="53,86,40,61,89,109,5,31,101,84,124,18,14" hai2="103,39,132,7,115,123,32,60,80,55,120,82,46" hai3="74,6,69,108,121,112,129,30,68,27,62,128,9"/><W130/><G74/><T56/><D122/><N who="2" m="46634" /><F115/><W52/><G121/><T11/><D35/><U75/><E75/><V77/><F32/><N who="3" m="20575" /><G112/><T125/><D110/><U58/><E109/><V12/><F103/><W2/><G108/><T34/><D34/><U99/><E124/><V51/><F39/><W43/><G43/><T116/><D116/><U47/><E31/><V78/><F132/><W1/><G1/><T106/><D125/><U50/><E5/><V57/><F7/><W94/><G94/><T37/><D37/><U73/><E73/><V10/><F10/><W54/><G68/><T38/><D38/><U20/><REACH who="1" step="1"/><E89/><REACH who="1" ten="73,103,569,245" step="2"/><V48/><F78/><W126/><G126/><T59/><D79/><U4/><E4/><V117/><F77/><W90/><G90/><T13/><D28/><U26/><E26/><V36/><F117/><W42/><G6/><T25/><D25/><U44/><E44/><V66/><F46/><W105/><G130/><T29/><D29/><U67/><E67/><V49/><F66/><W134/><G129/><T64/><D65/><U24/><E24/><V63/><F12/><W17/><G128/><T71/><D13/><U0/><E0/><V111/><F111/><W88/><G2/><T100/><D64/><U19/><E19/><V91/><F91/><W72/><G17/><T87/><D71/><U119/><E119/><V23/><F36/><W41/><G69/><T107/><D133/><U85/><E85/><V76/><F76/><W98/><G72/><T45/><D87/><U113/><E113/><V3/><F3/><W15/><G134/><RYUUKYOKU ba="1,1" sc="73,-10,103,30,569,-10,245,-10" hai1="14,18,20,40,47,50,53,58,61,84,86,99,101" /><INIT seed="4,2,1,5,1,38" ten="63,133,559,235" oya="0" hai0="64,130,61,49,24,12,110,42,85,35,65,134,30" hai1="80,131,88,22,97,111,66,48,132,28,10,109,106" hai2="5,36,86,99,126,32,19,60,55,107,26,127,15" hai3="52,90,23,125,44,21,102,129,62,58,29,81,87"/><T128/><D134/><U69/><E132/><V1/><F36/><W118/><G118/><T103/><D110/><U73/><E10/><V18/><F86/><W79/><G129/><N who="0" m="49771" /><D103/><U98/><E131/><V41/><F41/><W133/><G133/><T4/><D85/><U63/><E98/><V82/><F82/><W11/><G125/><T46/><D61/><U76/><E48/><V51/><F60/><W89/><G102/><T33/><D33/><U56/><E69/><V74/><F74/><W45/><G11/><AGARI ba="2,1" hai="4,11,12,24,30,35,42,46,49,64,65" m="49771" machi="11" ten="30,2900,0" yaku="19,1,52,1" doraHai="38" who="0" fromWho="3" sc="63,45,133,0,559,0,235,-35" /><INIT seed="4,3,0,5,3,119" ten="108,133,559,200" oya="0" hai0="34,68,15,17,66,29,11,91,8,49,92,60,64" hai1="112,70,51,131,87,69,37,117,85,19,12,88,126" hai2="108,99,86,39,103,16,5,31,101,53,128,104,4" hai3="71,62,124,9,94,105,98,79,45,89,23,54,10"/><T115/><D115/><U100/><E112/><V42/><F108/><W110/><G110/><T26/><D66/><U46/><E37/><V78/><F103/><W61/><G124/><T77/><D77/><U114/><E126/><V73/><F31/><W96/><G79/><T6/><D49/><U107/><E117/><V33/><F33/><W44/><G105/><T97/><REACH who="0" step="1"/><D6/><REACH who="0" ten="98,133,559,200" step="2"/><U133/><E114/><V125/><F5/><W116/><G116/><T111/><D111/><U13/><E70/><V22/><F4/><W63/><G71/><T134/><D134/><U72/><E69/><V123/><F78/><W43/><G62/><T90/><D90/><U57/><E133/><V120/><F125/><W28/><G63/><T38/><D38/><U0/><E88/><V18/><F39/><W76/><G76/><T65/><D65/><U74/><E100/><V75/><F101/><W121/><G61/><T80/><D80/><U36/><E51/><V27/><F75/><W122/><G89/><T102/><D102/><U81/><E81/><V56/><F73/><W52/><G94/><T67/><D67/><U106/><E36/><V40/><F104/><W84/><G122/><T7/><D7/><U82/><E82/><V2/><F123/><W3/><G121/><T25/><D25/><U47/><E72/><V132/><F27/><W83/><G83/><T14/><D14/><U21/><E74/><V129/><F120/><W109/><G109/><T50/><D50/><U55/><E12/><V41/><F132/><W130/><G3/><T58/><D58/><U93/><E0/><RYUUKYOKU ba="3,1" sc="98,30,133,-10,559,-10,200,-10" hai0="8,11,15,17,26,29,34,60,64,68,91,92,97" /><INIT seed="4,4,1,2,2,70" ten="128,123,549,190" oya="0" hai0="71,19,2,7,103,25,91,125,121,90,97,72,12" hai1="128,23,40,81,79,42,45,43,98,100,68,3,48" hai2="73,134,49,59,95,16,127,75,14,78,109,47,108" hai3="20,31,29,105,84,61,1,54,28,122,74,93,85"/><T83/><D121/><U4/><E68/><V22/><F127/><W94/><G105/><T67/><D125/><U106/><E128/><V44/><F134/><W119/><G119/><T15/><D2/><U87/><E3/><V123/><F123/><W6/><G74/><T32/><D7/><U51/><E4/><V82/><F73/><W104/><G104/><T126/><D126/><U102/><E102/><V63/><F95/><N who="3" m="36363" /><G1/><T8/><D12/><U58/><E23/><V114/><F114/><W35/><G6/><T133/><D133/><U77/><E79/><V34/><F34/><W53/><G35/><T18/><D18/><U132/><E132/><V112/><F112/><W131/><G131/><T50/><D50/><U110/><E110/><V135/><F135/><W41/><G41/><T116/><D116/><U26/><E26/><V99/><F99/><W66/><G122/><T69/><D69/><U124/><E124/><V89/><F89/><W21/><G66/><T37/><D37/><U56/><E40/><V107/><F107/><W65/><G65/><T120/><D120/><U115/><E115/><V27/><F14/><W57/><G54/><T39/><D39/><U130/><E130/><V101/><F101/><W0/><G0/><T30/><D97/><U64/><E64/><V92/><F109/><W52/><G53/><T80/><D103/><U5/><E5/><V88/><F108/><W118/><G118/><T96/><D96/><U13/><E13/><V111/><F111/><W17/><G17/><T55/><D72/><U10/><E10/><V62/><F75/><RYUUKYOKU ba="4,1" sc="128,-15,123,15,549,-15,190,15" hai1="42,43,45,48,51,56,58,77,81,87,98,100,106" hai3="20,21,28,29,31,52,57,61,84,85" /><INIT seed="5,5,1,4,2,83" ten="113,138,534,205" oya="1" hai0="27,16,6,20,121,127,128,59,94,38,115,42,102" hai1="104,43,107,22,35,69,66,30,81,5,78,17,118" hai2="90,96,110,135,51,55,75,120,126,101,46,76,7" hai3="14,48,88,111,34,73,36,97,4,40,63,91,85"/><U47/><E118/><V8/><F110/><W106/><G73/><T89/><D115/><U79/><E79/><V109/><F109/><W70/><G34/><T44/><D128/><U2/><E30/><V1/><F120/><W125/><G36/><T24/><D121/><U72/><E35/><V92/><F126/><W98/><G125/><T10/><D127/><U77/><E77/><V71/><F71/><W99/><G106/><T119/><D102/><U33/><E33/><V31/><F31/><W15/><G111/><T0/><D119/><U39/><E66/><V67/><F67/><W56/><G70/><T13/><REACH who="0" step="1"/><D59/><REACH who="0" ten="103,138,534,205" step="2"/><U74/><E69/><V28/><F101/><W68/><G68/><T3/><D3/><U57/><E57/><V95/><F1/><W23/><G56/><T93/><D93/><U122/><E122/><V117/><F95/><W84/><G91/><T11/><D11/><N who="1" m="2487" /><E72/><V113/><F75/><W134/><G88/><T52/><D52/><U65/><E65/><V116/><F55/><W58/><G58/><T50/><D50/><U80/><E80/><V62/><F51/><W41/><G48/><T123/><D123/><U114/><E114/><V21/><F113/><W100/><G100/><T25/><D25/><AGARI ba="5,2" hai="17,22,25,39,43,47,74,78,81,104,107" m="2487" machi="25" ten="30,1500,0" yaku="25,1" doraHai="83" who="1" fromWho="0" sc="103,-30,138,50,534,0,205,0" /><INIT seed="5,6,0,1,5,108" ten="73,188,534,205" oya="1" hai0="132,90,5,86,83,124,27,26,25,70,123,81,2" hai1="61,75,125,87,13,69,45,40,18,80,19,36,51" hai2="74,135,82,16,4,119,91,11,134,54,76,57,23" hai3="48,30,67,120,105,21,34,92,49,102,107,7,97"/><U33/><E33/><V112/><F119/><W46/><G34/><T14/><D70/><U106/><E106/><V78/><F78/><W127/><G120/><T68/><D68/><U73/><E125/><V96/><F96/><W94/><G127/><T58/><D124/><U128/><E19/><V3/><F91/><W111/><G111/><T17/><D123/><U59/><E128/><V8/><F112/><W116/><G116/><T29/><D132/><N who="2" m="50730" /><F3/><W52/><G7/><T103/><D103/><U79/><E36/><V55/><F4/><W131/><G131/><T12/><D2/><U126/><E69/><V50/><F55/><W64/><G107/><T72/><D72/><U20/><REACH who="1" step="1"/><E126/><REACH who="1" ten="73,178,534,205" step="2"/><V121/><F121/><W98/><G105/><T1/><D17/><U110/><E110/><V0/><F0/><W15/><G30/><T44/><D1/><U65/><AGARI ba="6,1" hai="13,18,20,40,45,51,59,61,65,73,75,79,80,87" machi="65" ten="20,3900,0" yaku="1,1,0,1,7,1,53,0" doraHai="108" doraHaiUra="113" who="1" fromWho="1" sc="73,-19,178,67,534,-19,205,-19" /><INIT seed="5,7,0,1,5,50" ten="54,245,515,186" oya="1" hai0="66,19,115,75,135,15,8,101,74,98,20,123,76" hai1="94,99,60,88,43,31,125,120,40,18,48,77,114" hai2="96,100,59,103,44,104,14,27,84,80,61,70,90" hai3="62,16,29,127,55,83,71,7,108,2,24,34,132"/><U32/><E120/><V65/><F100/><W28/><G108/><T12/><D123/><U124/><E114/><V129/><F129/><W89/><G132/><T64/><D135/><U6/><E6/><V0/><F0/><W37/><G37/><T79/><D115/><U121/><E121/><V126/><F126/><N who="1" m="48745" /><E77/><V45/><F70/><W82/><G127/><T57/><D74/><U78/><E78/><V49/><F49/><W86/><G29/><T128/><D128/><U105/><E105/><V54/><F65/><W119/><G119/><T73/><D73/><U26/><E60/><V39/><F39/><W116/><G116/><T91/><D91/><U72/><E72/><V69/><F69/><W5/><G71/><T1/><D1/><U133/><E133/><V21/><F14/><W134/><G134/><T52/><D76/><U109/><E109/><V67/><F67/><W131/><G83/><T42/><D42/><U117/><E117/><V9/><F9/><W3/><G131/><T106/><D79/><U111/><E111/><V95/><F104/><W122/><G122/><T110/><D110/><U53/><E18/><AGARI ba="7,0" hai="18,21,27,44,45,54,59,61,80,84,90,95,96,103" machi="18" ten="30,3900,0" yaku="7,1,8,1,52,1" doraHai="50" who="2" fromWho="1" sc="54,0,245,-60,515,60,186,0" /><INIT seed="6,0,0,2,2,97" ten="54,185,575,186" oya="2" hai0="24,43,14,127,7,104,114,115,32,48,110,132,35" hai1="59,69,123,42,12,85,133,31,81,74,8,9,82" hai2="17,45,75,64,51,30,86,19,60,129,130,1,108" hai3="103,39,38,94,65,62,26,120,131,6,92,72,95"/><V117/><F75/><W18/><G120/><T66/><D110/><U16/><E69/><V118/><F1/><W58/><G72/><T25/><D66/><U96/><E123/><V11/><F30/><W134/><G131/><N who="2" m="50185" /><F108/><W23/><G134/><T98/><D132/><U80/><E74/><V122/><F122/><W40/><G6/><T46/><D127/><U33/><E133/><V109/><F109/><W100/><REACH who="3" step="1"/><G40/><REACH who="3" ten="54,185,575,176" step="2"/><T71/><D71/><U36/><E42/><V29/><F118/><W124/><G124/><T76/><D76/><U128/><E128/><V10/><F117/><W101/><AGARI ba="0,1" hai="18,23,26,38,39,58,62,65,92,94,95,100,101,103" machi="101" ten="30,12000,2" yaku="1,1,0,1,52,3,53,1" doraHai="97" doraHaiUra="56" who="3" fromWho="3" sc="54,-30,185,-30,575,-60,176,130" /><INIT seed="7,0,0,1,1,105" ten="24,155,515,306" oya="3" hai0="94,134,20,52,109,50,68,38,90,25,120,117,91" hai1="41,65,61,128,108,28,11,17,33,135,124,73,26" hai2="82,57,22,45,42,47,107,115,119,58,67,31,81" hai3="114,98,104,3,121,40,8,24,62,96,113,116,56"/><W133/><G121/><T59/><D134/><U2/><E108/><V86/><F107/><W27/><G40/><T43/><D117/><U79/><E128/><V71/><F71/><W110/><G116/><T92/><D109/><U77/><E135/><V80/><F119/><W99/><G133/><T35/><D68/><U95/><E124/><V97/><F115/><N who="3" m="44043" /><G104/><T101/><D35/><U10/><E79/><V34/><F34/><W85/><G85/><T51/><D38/><U7/><E95/><V78/><F97/><W118/><G118/><T131/><D131/><U83/><E41/><V14/><F42/><W9/><G3/><T123/><D123/><U53/><E53/><V48/><F86/><W4/><G4/><T106/><D106/><U76/><E76/><V127/><F78/><W102/><G102/><T130/><D130/><U112/><E17/><N who="2" m="10551" /><F31/><W55/><G110/><T88/><D120/><U60/><E112/><V29/><F29/><W16/><G24/><T111/><D111/><U69/><E11/><V18/><F127/><W84/><G84/><T93/><D101/><U75/><E61/><N who="2" m="38319" /><F18/><W100/><G100/><T13/><D13/><U132/><REACH who="1" step="1"/><E132/><REACH who="1" ten="24,145,515,306" step="2"/><V63/><F48/><W21/><AGARI ba="0,1" hai="8,9,16,21,27,55,56,62,96,98,99" m="44043" machi="21" ten="40,3900,0" yaku="15,1,54,1" doraHai="105" who="3" fromWho="3" sc="24,-13,145,-13,515,-13,306,49" /><INIT seed="7,1,0,4,0,98" ten="11,132,502,355" oya="3" hai0="120,128,89,75,129,66,117,24,64,108,86,79,76" hai1="26,90,57,65,25,83,130,125,110,28,116,78,82" hai2="15,55,7,77,16,52,115,106,3,112,80,5,88" hai3="12,42,32,22,58,74,18,126,84,0,43,11,50"/><W45/><G74/><T10/><D10/><U70/><E130/><V123/><F106/><W14/><G126/><T72/><D24/><U6/><E70/><V56/><F123/><W135/><G135/><T38/><D38/><U61/><E116/><V29/><F29/><W27/><G0/><T59/><D59/><U102/><E110/><V111/><F88/><W60/><G32/><T35/><D35/><U23/><E6/><V122/><F122/><W1/><G1/><T48/><D48/><U19/><E125/><V53/><F56/><W93/><G43/><T118/><D120/><U105/><E90/><V47/><F47/><W36/><G36/><T121/><D121/><U94/><E105/><V87/><F111/><W107/><G107/><T100/><D89/><U44/><E44/><V71/><F71/><W127/><G127/><T54/><D108/><U103/><E94/><V73/><F73/><W67/><G84/><T49/><D49/><U92/><E92/><V132/><F132/><W2/><G2/><T68/><D68/><U39/><E39/><V8/><F3/><W37/><G37/><T4/><D86/><N who="1" m="48471" /><E83/><V119/><F119/><W109/><G109/><T20/><D4/><U33/><E33/><V34/><F34/><W69/><G69/><T113/><D113/><AGARI ba="1,0" hai="5,7,8,15,16,52,53,55,77,80,87,112,113,115" machi="113" ten="40,5200,0" yaku="15,1,54,2" doraHai="98" who="2" fromWho="0" sc="11,-55,132,0,502,55,355,0" owari="-44,-54.0,132,-27.0,557,65.0,355,16.0" /></mjloggm>