<mjloggm ver="2.3"><GO type="169" lobby="0"/><UN n0="%E6%99%82%E3%81%AE%E6%BC%82%E6%B3%8A" n1="%E6%A4%8B%E5%A4%A7%E6%A8%B9" n2="%E5%B0%B1%E6%B4%BB%E7%94%9F%40%E5%B7%9D%E6%9D%91%E8%BB%8D%E5%9B%A3" n3="%E5%A4%A2%E8%89%B2%6D%65%6D%6F%72%79" dan="16,18,17,17" rate="2134.85,2202.14,2211.24,2262.16" sx="F,M,M,F"/><TAIKYOKU oya="0"/><INIT seed="0,0,0,4,1,75" ten="250,250,250,250" oya="0" hai0="131,125,61,65,11,119,17,25,124,52,30,23,64" hai1="31,40,24,28,42,19,71,109,4,91,88,118,97" hai2="6,63,101,80,47,49,9,79,122,87,90,104,116" hai3="100,16,45,98,106,84,33,53,96,5,37,86,0"/><T59/><D59/><U50/><BYE who="0" /><E71/><V113/><F122/><W38/><G33/><T2/><D2/><U43/><E109/><V126/><F113/><W67/><G67/><T36/><D36/><U133/><E118/><V26/><F126/><W73/><G73/><T103/><D103/><U8/><E133/><V21/><F116/><W108/><G5/><UN n0="%E6%99%82%E3%81%AE%E6%BC%82%E6%B3%8A" /><T74/><D119/><U1/><E28/><V58/><F104/><W117/><G0/><T14/><D74/><U114/><E114/><V89/><F101/><W60/><G100/><T110/><D131/><U56/><E19/><V115/><F115/><W35/><G35/><T81/><D110/><U48/><E56/><V92/><F92/><W68/><G106/><T78/><D52/><U3/><E3/><V129/><F129/><W123/><G53/><T54/><D54/><U82/><E82/><V135/><F135/><W77/><G108/><T102/><D102/><U7/><E7/><V15/><F58/><W111/><G111/><T46/><D46/><U29/><E29/><N who="2" m="17615" /><F63/><W44/><G60/><T120/><D120/><U41/><E97/><V12/><F12/><W134/><G117/><T83/><D83/><U112/><E112/><V70/><F70/><W13/><G68/><N who="0" m="41999" /><D65/><U105/><E105/><V34/><F34/><W39/><G123/><T22/><D22/><N who="1" m="15767" /><E50/><V72/><F72/><W121/><G121/><T57/><D57/><U99/><E99/><V85/><F85/><N who="3" m="32875" /><G134/><T127/><D81/><U66/><E66/><V27/><F27/><W95/><G98/><T51/><D51/><U94/><E94/><RYUUKYOKU ba="0,0" sc="250,10,250,10,250,10,250,-30" hai0="11,14,17,23,25,30,78,124,125,127" hai1="1,4,8,40,41,42,43,48,88,91" hai2="6,9,15,47,49,79,80,87,89,90" /><INIT seed="0,1,0,3,3,5" ten="260,260,260,220" oya="0" hai0="107,59,80,11,10,110,2,17,54,76,124,16,78" hai1="77,66,53,38,69,73,68,33,26,132,46,119,60" hai2="27,81,97,14,44,130,4,108,49,47,25,8,41" hai3="93,96,30,1,90,63,22,37,120,125,70,12,83"/><T39/><D107/><U87/><E87/><V128/><F108/><W19/><G37/><T113/><D39/><U102/><E53/><V32/><F47/><W72/><G125/><T126/><D113/><U84/><E84/><V31/><F27/><W62/><G1/><T65/><D65/><U98/><E119/><V45/><F97/><W79/><G120/><T52/><D2/><U3/><E132/><V21/><F32/><W7/><G70/><T64/><D64/><U99/><E99/><V61/><F61/><W134/><G134/><T106/><D106/><U85/><E85/><V67/><F67/><W105/><G105/><T48/><D110/><U0/><E69/><V100/><F100/><W23/><G7/><T112/><D112/><U89/><E89/><V114/><F114/><W117/><G117/><T101/><D101/><U95/><E77/><N who="0" m="29801" /><D54/><U42/><E73/><V51/><REACH who="2" step="1"/><F81/><REACH who="2" ten="260,260,250,220" step="2"/><W57/><G63/><T118/><D80/><U133/><E133/><V24/><F24/><W40/><G62/><T92/><D118/><U6/><E26/><V18/><F18/><N who="0" m="7274" /><D92/><U13/><E33/><V20/><F20/><W111/><G23/><T103/><D103/><U135/><E135/><V104/><F104/><W116/><G116/><T50/><D50/><U88/><E102/><V121/><F121/><W58/><G111/><T71/><D71/><U55/><E55/><AGARI ba="1,1" hai="4,8,14,21,25,31,41,44,45,49,51,55,128,130" machi="55" ten="40,2600,0" yaku="1,1,52,1,53,0" doraHai="5" doraHaiUra="82" who="2" fromWho="1" sc="260,0,260,-29,250,39,220,0" /><INIT seed="1,0,0,2,4,35" ten="260,231,289,220" oya="1" hai0="62,88,134,122,42,130,79,16,43,12,44,51,11" hai1="125,69,63,120,61,109,107,91,85,76,110,71,0" hai2="135,22,36,87,102,59,33,99,70,48,5,116,26" hai3="113,114,45,29,92,21,60,133,101,39,121,97,124"/><U64/><E120/><V111/><F70/><W50/><G124/><T55/><D122/><U84/><E107/><V54/><F36/><W117/><G117/><T129/><D79/><U82/><E125/><V46/><F33/><W10/><G133/><T128/><D134/><U72/><E0/><V7/><F135/><W73/><G73/><T93/><D62/><U52/><E52/><V57/><F116/><W100/><G121/><T132/><D132/><U30/><E30/><V15/><F87/><AGARI ba="0,0" hai="11,12,16,42,43,44,51,55,87,88,93,128,129,130" machi="87" ten="40,5200,0" yaku="19,1,54,2" doraHai="35" who="0" fromWho="2" sc="260,52,231,0,289,-52,220,0" /><INIT seed="2,0,0,3,0,39" ten="312,231,237,220" oya="2" hai0="85,43,55,69,109,91,100,108,70,47,41,23,135" hai1="75,78,60,101,45,8,131,32,7,103,57,84,61" hai2="4,83,12,94,111,104,97,11,25,87,95,36,66" hai3="29,0,19,54,33,82,96,40,88,53,5,73,115"/><V42/><F104/><W16/><G73/><T10/><D135/><U76/><E32/><V133/><F133/><W63/><G33/><T18/><D100/><U24/><E75/><V52/><F66/><W64/><G0/><T106/><D106/><U62/><E131/><V121/><F121/><W77/><G5/><T59/><D10/><U116/><E116/><V113/><F113/><W22/><G29/><T127/><D47/><U117/><E117/><V99/><F25/><N who="3" m="14535" /><G77/><T72/><D72/><U114/><E114/><V56/><F111/><N who="0" m="42570" /><D127/><U50/><E24/><V51/><F36/><W68/><G68/><N who="0" m="26219" /><D18/><U123/><E57/><V1/><F1/><W71/><G71/><T93/><D23/><U2/><E123/><V110/><F42/><W130/><G40/><T31/><D31/><U122/><E122/><V86/><F110/><W128/><G115/><T58/><D58/><U79/><REACH who="1" step="1"/><E84/><REACH who="1" ten="312,221,237,220" step="2"/><V65/><F87/><N who="3" m="50295" /><G128/><T81/><D81/><U44/><E44/><V67/><F86/><W37/><G130/><T46/><D46/><U74/><E74/><V35/><F83/><W28/><G28/><T13/><D13/><U89/><E89/><N who="2" m="55503" /><F35/><W132/><G132/><T3/><D3/><U92/><E92/><V98/><F98/><W17/><G96/><T20/><D93/><U49/><E49/><V125/><F125/><W107/><G107/><T102/><D85/><U21/><E21/><V48/><F51/><W134/><G134/><T120/><D91/><AGARI ba="0,1" hai="4,11,12,48,52,56,65,67,91,95,99" m="55503" machi="91" ten="30,2900,0" yaku="8,1,54,1" doraHai="39" who="2" fromWho="0" sc="312,-29,221,0,237,39,220,0" /><INIT seed="2,1,0,1,1,101" ten="283,221,276,220" oya="2" hai0="14,50,51,105,2,16,84,96,45,112,20,73,132" hai1="124,63,87,133,79,94,98,26,15,3,116,44,31" hai2="67,80,121,40,36,90,13,114,41,37,100,38,118" hai3="102,126,109,28,19,129,93,46,32,30,22,128,110"/><V127/><F118/><W106/><G93/><T49/><D73/><U97/><E3/><V66/><F121/><W29/><G46/><T34/><D112/><U76/><E116/><V122/><F122/><W72/><G72/><T119/><D119/><U130/><E98/><V54/><F13/><N who="3" m="9583" /><G126/><T27/><D2/><U99/><E99/><V95/><F127/><W43/><G43/><T85/><D132/><U61/><E133/><V48/><F114/><W39/><G39/><T4/><D45/><U65/><E63/><V1/><F1/><W135/><G135/><T18/><D4/><U11/><E44/><V74/><F41/><W57/><G57/><T108/><D108/><N who="3" m="41577" /><G32/><T35/><D35/><U55/><E87/><V123/><F40/><W6/><G6/><T21/><REACH who="0" step="1"/><D34/><REACH who="0" ten="273,221,276,220" step="2"/><U89/><E124/><V42/><F123/><W70/><G70/><T59/><D59/><U9/><E130/><V23/><F74/><W8/><G129/><T83/><D83/><U131/><E131/><V12/><F80/><W58/><G128/><T25/><D25/><U88/><E26/><V53/><F37/><W107/><G58/><T113/><D113/><U52/><E15/><V82/><F82/><W7/><G102/><AGARI ba="1,1" hai="14,16,18,20,21,27,49,50,51,84,85,96,102,105" machi="102" ten="40,8000,1" yaku="1,1,52,1,54,1,53,1" doraHai="101" doraHaiUra="103" who="0" fromWho="3" sc="273,93,221,0,276,0,220,-83" /><INIT seed="3,0,0,1,0,23" ten="366,221,276,137" oya="3" hai0="123,109,99,36,44,14,104,100,90,2,74,131,4" hai1="92,124,60,5,0,63,80,129,55,58,64,51,79" hai2="85,61,68,24,25,95,38,10,133,122,35,114,9" hai3="12,65,52,46,111,13,16,108,107,6,69,98,97"/><W29/><G29/><T66/><D123/><U34/><E34/><V48/><F114/><W125/><G107/><T33/><D109/><N who="3" m="42057" /><G69/><T73/><D131/><U84/><E124/><V62/><F35/><W27/><G65/><T20/><D90/><U77/><E129/><V1/><F38/><W93/><G125/><T19/><D66/><U132/><E132/><V7/><F133/><W45/><G6/><T42/><D33/><U103/><E0/><V116/><F116/><W43/><G52/><T21/><D2/><U89/><E5/><V106/><F106/><W81/><G81/><T128/><D4/><U47/><E63/><V26/><F122/><W3/><G3/><T15/><D128/><U115/><E115/><V72/><F68/><W86/><G86/><T135/><D135/><U110/><E110/><V53/><F72/><W105/><G105/><T82/><D82/><U67/><E67/><V11/><F7/><W17/><G45/><T41/><D42/><U37/><E37/><V101/><F1/><W40/><G40/><T22/><D74/><U120/><E120/><V134/><F134/><W39/><G98/><AGARI ba="0,0" hai="47,51,55,58,60,64,77,79,80,84,89,92,98,103" machi="98" ten="40,1300,0" yaku="8,1" doraHai="23" who="1" fromWho="3" sc="366,0,221,13,276,0,137,-13" /><INIT seed="4,0,0,5,4,42" ten="366,234,276,124" oya="0" hai0="89,118,50,48,86,115,4,111,90,56,46,28,6" hai1="26,116,44,14,93,83,109,69,32,82,43,58,7" hai2="52,129,20,10,29,124,41,122,75,59,107,30,78" hai3="135,133,27,11,68,84,3,98,23,74,13,71,1"/><T12/><D118/><U25/><E69/><V105/><F122/><W21/><G74/><T16/><D115/><U2/><E2/><N who="3" m="522" /><G84/><T96/><D28/><U51/><E32/><V77/><F10/><W112/><G98/><T62/><D111/><U123/><E123/><V15/><F15/><W76/><G76/><T55/><D50/><U63/><E116/><V91/><F91/><N who="0" m="34826" /><D86/><U18/><E7/><V94/><F75/><W65/><G65/><N who="0" m="39111" /><D96/><U73/><E93/><V100/><F30/><N who="3" m="17791" /><G68/><T66/><D66/><N who="1" m="39287" /><E73/><V39/><F39/><W88/><G71/><T85/><D85/><U0/><E0/><V24/><F105/><W87/><G112/><T79/><D79/><U45/><E109/><V61/><F107/><W113/><G113/><T47/><D47/><N who="1" m="17995" /><E51/><V67/><F67/><W31/><G135/><T80/><D80/><N who="1" m="30763" /><E43/><V36/><F41/><W120/><G133/><T81/><D81/><U104/><E104/><V37/><F77/><W106/><G120/><T125/><D125/><U110/><E110/><V19/><F124/><W108/><G106/><T34/><D34/><U128/><E128/><V40/><F129/><W97/><G108/><T9/><AGARI ba="0,0" hai="4,6,9,12,16,46,48,55" m="39111,34826" machi="9" ten="30,6000,0" yaku="8,1,52,1,54,1" doraHai="42" who="0" fromWho="0" sc="366,60,234,-20,276,-20,124,-20" /><INIT seed="4,1,0,4,1,106" ten="426,214,256,104" oya="0" hai0="29,109,66,61,50,8,72,98,118,37,18,64,3" hai1="25,83,79,39,112,44,82,70,1,11,116,54,17" hai2="13,23,103,26,135,130,60,110,96,22,40,95,122" hai3="33,67,108,16,68,5,62,30,97,113,90,41,89"/><T10/><D118/><U58/><E70/><V111/><F122/><W88/><G108/><T132/><D37/><U45/><E83/><V57/><F130/><W133/><G5/><T43/><D29/><U74/><E116/><V104/><F135/><W31/><G113/><T128/><D132/><U125/><E125/><V121/><F121/><W55/><G133/><T77/><D128/><U92/><E92/><V12/><F104/><W20/><G41/><T24/><D109/><U28/><E112/><V81/><F40/><W46/><G33/><T59/><D98/><U73/><E73/><V75/><F22/><W65/><G97/><T86/><D72/><U0/><E0/><V7/><F7/><W4/><G4/><T93/><D64/><N who="3" m="24649" /><G68/><T21/><D3/><U85/><E74/><V49/><F49/><N who="3" m="29111" /><G62/><T100/><D100/><U2/><E2/><V115/><F115/><W51/><G51/><T114/><D114/><U9/><E39/><V87/><F75/><W84/><G84/><T129/><D129/><U35/><E11/><V6/><F6/><W36/><G36/><T91/><REACH who="0" step="1"/><D77/><REACH who="0" ten="416,214,256,104" step="2"/><U127/><E1/><V78/><F110/><W32/><G32/><T63/><D63/><U34/><E34/><V19/><F111/><W71/><G71/><T48/><D48/><U124/><E124/><V99/><F96/><W105/><G105/><T131/><D131/><U120/><E127/><V123/><F123/><W107/><G107/><T101/><D101/><U119/><E119/><V69/><F69/><W38/><G38/><T56/><D56/><U102/><E58/><RYUUKYOKU ba="1,1" sc="416,10,214,-30,256,10,104,10" hai0="8,10,18,21,24,43,50,59,61,66,86,91,93" hai2="12,13,19,23,26,57,60,78,81,87,95,99,103" hai3="16,20,30,31,88,89,90" /><INIT seed="4,2,1,0,1,46" ten="426,184,266,114" oya="0" hai0="22,86,131,0,111,3,83,115,122,80,7,93,58" hai1="85,89,64,5,126,26,42,33,97,129,31,65,67" hai2="16,113,59,77,37,112,116,29,124,30,8,56,109" hai3="119,66,114,107,25,14,100,87,9,23,94,76,34"/><T74/><D122/><U105/><E5/><V43/><F109/><W81/><G119/><T104/><D104/><U18/><E42/><V13/><F77/><W39/><G114/><N who="2" m="44137" /><F116/><W123/><G123/><T79/><D115/><U96/><E105/><V6/><F6/><W27/><G39/><T117/><D117/><U91/><E91/><V130/><F130/><W127/><G127/><T110/><D93/><U69/><E69/><V24/><F124/><W72/><G34/><T82/><D131/><U20/><E129/><V60/><F60/><W63/><G107/><T125/><D125/><U45/><E45/><N who="2" m="23791" /><F29/><W128/><G128/><T95/><D7/><U57/><E126/><V68/><F68/><W103/><G72/><T108/><D3/><U41/><E41/><V71/><F71/><W4/><G94/><T90/><D0/><U28/><E57/><V17/><F17/><W19/><REACH who="3" step="1"/><G25/><REACH who="3" ten="426,184,266,104" step="2"/><T102/><D74/><U50/><E33/><AGARI ba="2,2" hai="8,13,16,24,30,33,56,59" m="23791,44137" machi="33" ten="30,2000,0" yaku="15,1,54,1" doraHai="46" who="2" fromWho="1" sc="426,0,184,-26,266,46,104,0" /><INIT seed="5,0,0,2,4,75" ten="426,158,312,104" oya="1" hai0="21,84,128,103,86,87,116,11,44,78,101,70,63" hai1="16,39,4,6,27,26,65,133,2,48,98,37,94" hai2="118,36,89,0,83,127,28,104,117,54,9,102,99" hai3="23,85,58,46,108,25,134,50,13,119,61,106,17"/><U67/><E133/><V49/><F36/><W10/><G108/><T81/><D116/><U8/><E6/><V125/><F28/><W33/><G119/><T18/><D128/><U29/><E26/><V115/><F115/><W41/><G134/><T57/><D70/><U66/><E48/><V7/><F89/><W122/><G122/><T52/><D11/><U114/><E114/><V30/><F30/><W93/><G106/><T73/><REACH who="0" step="1"/><D44/><REACH who="0" ten="416,158,312,104" step="2"/><U69/><E69/><V123/><F104/><W97/><G33/><T51/><D51/><U88/><REACH who="1" step="1"/><E16/><REACH who="1" ten="416,148,312,104" step="2"/><V110/><F49/><W100/><G61/><T96/><D96/><U68/><E68/><V105/><F7/><W38/><G38/><T71/><D71/><U53/><E53/><V42/><F54/><W80/><G58/><T22/><D22/><AGARI ba="0,2" hai="2,4,8,22,27,29,37,39,65,66,67,88,94,98" machi="22" ten="40,3900,0" yaku="1,1,54,1,53,0" doraHai="75" doraHaiUra="14" who="1" fromWho="0" sc="416,-39,148,59,312,0,104,0" /><INIT seed="5,1,0,2,5,48" ten="377,207,312,104" oya="1" hai0="83,32,125,50,133,126,107,131,90,15,37,29,95" hai1="117,122,74,19,8,86,78,71,99,47,44,132,0" hai2="36,105,114,24,53,9,30,6,116,80,84,110,128" hai3="17,109,16,1,46,63,87,66,100,42,31,41,43"/><U93/><E71/><V97/><F36/><W130/><G109/><T64/><D37/><U94/><E117/><V67/><F110/><W102/><G1/><T14/><D107/><U49/><E74/><V88/><F116/><W115/><G115/><T65/><D83/><U120/><E132/><V57/><F128/><W121/><G121/><T40/><D29/><U96/><E86/><V60/><F114/><W124/><G124/><N who="0" m="47723" /><D32/><U82/><E82/><V54/><F97/><W98/><G31/><T12/><D133/><U18/><E49/><V56/><F56/><W123/><G123/><T11/><D11/><U111/><E8/><V28/><F105/><W39/><G130/><T5/><D5/><U129/><E129/><V92/><F80/><W7/><G7/><T91/><D91/><U134/><E134/><V2/><F30/><W69/><G87/><N who="0" m="52703" /><D131/><U89/><E89/><V81/><F81/><W59/><G102/><T79/><D79/><U70/><E78/><V118/><F118/><W38/><G69/><T135/><D135/><U34/><E111/><V25/><F25/><W75/><G75/><T13/><D13/><U127/><E127/><V119/><F119/><W20/><G38/><T4/><D4/><U33/><REACH who="1" step="1"/><E70/><REACH who="1" ten="377,197,312,104" step="2"/><V45/><F45/><AGARI ba="1,1" hai="12,14,15,40,45,50,64,65" m="52703,47723" machi="45" ten="30,1000,0" yaku="18,1" doraHai="48" who="0" fromWho="2" sc="377,23,197,0,312,-13,104,0" /><INIT seed="6,0,0,1,3,7" ten="400,197,299,104" oya="2" hai0="128,83,68,99,50,102,70,82,52,63,49,100,33" hai1="113,37,40,135,85,24,21,104,98,32,60,115,89" hai2="47,133,74,55,41,13,64,116,17,96,112,117,108" hai3="109,69,16,105,45,79,46,9,84,110,111,20,119"/><V95/><F74/><W124/><G119/><T131/><D33/><U134/><E32/><V28/><F112/><N who="1" m="43081" /><E60/><V93/><F93/><W57/><G69/><T62/><D52/><U132/><E40/><V42/><F28/><W36/><G105/><T12/><D12/><U54/><E37/><V44/><F64/><W107/><G124/><T120/><D99/><U101/><E54/><V48/><F133/><W2/><G107/><T43/><D43/><U61/><E61/><V39/><F108/><W91/><G79/><T51/><D51/><U27/><E21/><V56/><F42/><W72/><G57/><T53/><D53/><U29/><E29/><V65/><F65/><W81/><G72/><T94/><D94/><AGARI ba="0,0" hai="24,27,85,89,94,98,101,104,132,134,135" m="43081" machi="94" ten="40,2600,0" yaku="20,1,15,1" doraHai="7" who="1" fromWho="0" sc="400,-26,197,26,299,0,104,0" /><INIT seed="7,0,0,0,0,108" ten="374,223,299,104" oya="3" hai0="122,112,6,75,25,41,7,134,49,101,28,102,82" hai1="107,35,115,31,22,97,87,18,79,110,111,132,15" hai2="71,91,57,119,124,127,47,42,10,12,66,104,53" hai3="74,77,98,8,90,5,131,60,55,67,121,23,16"/><W105/><G131/><T88/><D122/><U95/><E115/><V61/><F104/><W94/><G121/><T76/><D134/><U123/><E123/><V40/><F91/><W103/><G55/><T11/><D88/><U2/><E2/><V81/><F81/><W56/><G77/><T130/><D130/><U68/><E68/><V38/><F42/><W113/><G113/><T128/><D128/><U43/><E107/><V13/><F119/><W83/><G83/><T0/><D7/><U9/><E35/><V72/><F72/><W26/><G74/><T62/><D112/><U37/><E37/><V21/><F21/><W120/><G120/><T85/><D75/><U45/><E132/><V63/><F10/><W17/><G105/><T39/><D62/><U14/><E87/><V118/><F118/><W34/><G34/><T106/><D39/><U93/><E79/><V89/><F89/><W114/><G114/><T80/><D80/><U51/><E93/><V20/><F20/><W84/><G84/><T96/><D96/><U29/><E110/><V27/><F27/><W135/><G135/><T133/><D106/><U99/><E111/><V52/><F53/><W3/><REACH who="3" step="1"/><G90/><REACH who="3" ten="374,223,299,94" step="2"/><T4/><D133/><U92/><E92/><V129/><F129/><W46/><G46/><T58/><D76/><U32/><E32/><V65/><F52/><W48/><G48/><T73/><D49/><U30/><E95/><V117/><F117/><W116/><G116/><T70/><D82/><U36/><E36/><V64/><F64/><W54/><G54/><T126/><D73/><RYUUKYOKU ba="0,1" sc="374,-30,223,10,299,10,94,10" hai1="9,14,15,18,22,29,30,31,43,45,51,97,99" hai2="12,13,38,40,47,57,61,63,65,66,71,124,127" hai3="3,5,8,16,17,23,26,56,60,67,94,98,103" /><INIT seed="7,1,1,2,3,112" ten="344,233,309,104" oya="3" hai0="133,39,81,93,19,65,49,119,113,124,123,105,114" hai1="41,99,95,52,91,7,84,74,12,82,130,48,121" hai2="13,55,33,88,43,3,107,101,120,125,36,97,53" hai3="98,51,4,72,1,75,32,92,70,116,26,64,11"/><W66/><G116/><T108/><D108/><U42/><E74/><V135/><F3/><W73/><G70/><T69/><D119/><U134/><E121/><V18/><F33/><W67/><G51/><T25/><D123/><U10/><E130/><V61/><F120/><W94/><REACH who="3" step="1"/><G98/><REACH who="3" ten="344,233,309,94" step="2"/><T106/><D49/><U89/><REACH who="1" step="1"/><E134/><REACH who="1" ten="344,223,309,94" step="2"/><V20/><F135/><W85/><G85/><T63/><D133/><U8/><E8/><V47/><F125/><W58/><G58/><AGARI ba="1,3" hai="7,10,12,41,42,48,52,58,82,84,89,91,95,99" machi="58" ten="30,7700,0" yaku="1,1,7,1,8,1,54,1,53,0" doraHai="112" doraHaiUra="29" who="1" fromWho="3" sc="344,0,223,110,309,0,94,-80" owari="344,45.0,333,13.0,309,-9.0,14,-49.0" /></mjloggm>