<mjloggm ver="2.3"><GO type="169" lobby="0"/><UN n0="%E3%83%86%E3%83%AC%E3%83%93%E3%81%A3%E5%AD%90" n1="%E3%82%A6%E3%83%AB%E3%83%88%E3%83%A9%E7%AB%8B%E7%9B%B4" n2="%6D%69%74%73%75%36%31%31" n3="%4B%52%4A" dan="17,18,16,16" rate="2154.35,2198.35,2136.36,2008.59" sx="M,M,M,M"/><TAIKYOKU oya="0"/><INIT seed="0,0,0,1,2,77" ten="250,250,250,250" oya="0" hai0="121,23,45,91,51,75,52,90,95,55,68,60,82" hai1="43,26,118,115,87,0,107,64,117,20,48,86,128" hai2="98,129,49,102,25,18,72,127,12,105,114,4,71" hai3="130,29,65,58,32,135,40,34,67,104,80,61,123"/><T85/><D121/><U63/><E107/><V54/><F71/><W81/><G104/><T56/><D68/><U78/><E0/><V92/><F114/><W41/><G123/><T11/><D11/><U122/><E128/><V50/><F129/><W28/><G130/><T108/><D108/><U9/><E87/><V30/><F127/><W39/><G58/><T57/><D75/><U36/><E36/><V83/><F4/><W33/><G33/><T74/><D74/><U99/><E99/><V10/><F105/><W14/><G14/><T116/><D116/><U44/><E115/><V19/><F19/><W110/><G39/><T2/><D2/><U8/><E122/><V76/><REACH who="2" step="1"/><F54/><REACH who="2" ten="250,250,240,250" step="2"/><W79/><G110/><T84/><D23/><AGARI ba="0,1" hai="10,12,18,23,25,30,49,50,72,76,83,92,98,102" machi="23" ten="30,7700,0" yaku="1,1,2,1,7,1,52,1,53,0" doraHai="77" doraHaiUra="120" who="2" fromWho="0" sc="250,-77,250,0,240,87,250,0" /><INIT seed="1,0,0,2,0,132" ten="173,250,327,250" oya="1" hai0="85,114,100,117,124,17,120,110,37,7,56,125,76" hai1="62,43,44,77,111,87,24,36,59,93,40,20,89" hai2="121,14,29,52,46,41,109,67,35,116,98,84,119" hai3="38,10,108,63,70,61,68,106,90,86,28,11,81"/><U112/><E112/><V12/><F121/><W48/><G38/><T102/><D120/><U104/><E104/><V94/><F67/><W6/><G106/><T78/><D114/><U27/><E111/><V129/><F109/><W91/><G108/><T65/><D110/><U51/><E77/><N who="0" m="29801" /><D117/><U123/><E123/><V74/><F74/><W135/><G28/><T30/><D37/><U34/><E34/><V1/><F1/><W95/><G48/><T103/><D30/><U58/><E36/><V39/><F84/><W60/><G135/><T128/><D7/><U47/><E59/><V54/><F119/><W19/><G19/><T22/><D85/><U66/><REACH who="1" step="1"/><E20/><REACH who="1" ten="173,240,327,250" step="2"/><V101/><F116/><W9/><REACH who="3" step="1"/><G6/><REACH who="3" ten="173,240,327,240" step="2"/><T118/><D118/><U23/><E23/><V21/><F35/><W57/><G57/><T133/><D133/><U122/><E122/><V53/><F21/><W55/><G55/><T127/><D128/><U73/><E73/><V96/><F129/><W25/><G25/><N who="0" m="14543" /><D56/><U15/><E15/><V0/><F0/><W50/><G50/><T2/><D2/><U69/><E69/><V33/><F33/><W88/><G88/><T79/><D79/><U92/><E92/><V126/><F29/><W3/><G3/><T113/><D113/><U26/><E26/><V8/><F94/><W134/><G134/><T80/><D65/><U115/><E115/><V82/><F39/><W131/><G131/><T16/><D80/><U97/><E97/><AGARI ba="0,2" hai="9,10,11,60,61,63,68,70,81,86,90,91,95,97" machi="97" ten="40,1300,0" yaku="1,1,53,0" doraHai="132" doraHaiUra="72" who="3" fromWho="1" sc="173,0,240,-13,327,0,240,33" /><INIT seed="2,0,0,0,4,64" ten="173,227,327,273" oya="2" hai0="25,47,52,36,92,83,53,45,1,85,107,22,0" hai1="124,24,88,103,131,27,16,78,46,61,100,44,108" hai2="122,119,51,72,109,114,63,32,82,10,133,60,125" hai3="94,126,2,21,70,127,135,132,102,79,6,58,84"/><V7/><F32/><W71/><G2/><T117/><D107/><U91/><E78/><V55/><F122/><W93/><G6/><T42/><D117/><U98/><E108/><V30/><F30/><W128/><G21/><T87/><D92/><U34/><E34/><V28/><F28/><W54/><G128/><T23/><D42/><U19/><E61/><V106/><F106/><W39/><G39/><T116/><D116/><U29/><E29/><V89/><F119/><W18/><G18/><N who="1" m="6698" /><E98/><V67/><F114/><W121/><G121/><T20/><D20/><U129/><E124/><N who="3" m="47658" /><G79/><T13/><D36/><U17/><E17/><V11/><F125/><W74/><G74/><T134/><D134/><N who="3" m="51241" /><G84/><T8/><D83/><U90/><E131/><V97/><F133/><W59/><G59/><T113/><D113/><U115/><E129/><V111/><F72/><W68/><G102/><N who="1" m="38954" /><E115/><V110/><F10/><W31/><G31/><T14/><REACH who="0" step="1"/><D8/><REACH who="0" ten="163,227,327,273" step="2"/><U118/><E118/><V38/><F38/><W123/><G123/><T66/><D66/><U86/><E86/><V65/><F65/><W95/><G93/><T12/><D12/><U56/><E56/><V48/><F67/><W50/><AGARI ba="0,1" hai="50,54,58,68,70,71,94,95" m="51241,47658" machi="50" ten="40,8000,1" yaku="18,1,20,1,52,3" doraHai="64" who="3" fromWho="3" sc="163,-20,227,-20,327,-40,273,90" /><INIT seed="3,0,0,4,0,41" ten="143,207,287,363" oya="3" hai0="116,42,0,67,31,109,37,128,93,2,61,64,120" hai1="29,39,72,5,44,20,115,75,123,118,18,22,35" hai2="107,32,102,23,81,82,68,28,17,111,6,108,131" hai3="119,70,47,86,60,73,89,85,92,95,26,106,1"/><W99/><G1/><T69/><D109/><N who="2" m="42058" /><F68/><W133/><G73/><T76/><D128/><U57/><E115/><V62/><F6/><W51/><G106/><T98/><D120/><U113/><E113/><V49/><F131/><W110/><G119/><T54/><D116/><U117/><E5/><V25/><F62/><W63/><G110/><T46/><D76/><U121/><E57/><V84/><F84/><W3/><G3/><T38/><D38/><U58/><E58/><V40/><F102/><N who="3" m="60799" /><G70/><T65/><D31/><U77/><E29/><V124/><F124/><W10/><G133/><T52/><D0/><U125/><E77/><V105/><F105/><W112/><G10/><T43/><D43/><U7/><E39/><V11/><F11/><W33/><G33/><T4/><D4/><U94/><E7/><V14/><F107/><W96/><G26/><T129/><D2/><U15/><E35/><V87/><F87/><N who="3" m="33291" /><G112/><T90/><REACH who="0" step="1"/><D129/><REACH who="0" ten="133,207,287,363" step="2"/><U78/><E121/><V135/><F135/><W48/><G48/><T80/><D80/><U9/><E123/><V21/><F32/><W16/><G16/><T8/><D8/><U79/><E9/><V74/><F74/><W134/><G134/><T83/><D83/><U71/><E18/><V132/><F132/><W114/><G114/><T104/><D104/><U12/><E94/><V13/><F14/><W59/><G60/><T66/><AGARI ba="0,1" hai="37,42,46,52,54,61,64,65,66,67,69,90,93,98" machi="66" ten="30,7900,0" yaku="1,1,0,1,52,1,54,1,53,0" doraHai="41" doraHaiUra="101" who="0" fromWho="0" sc="133,89,207,-20,287,-20,363,-39" /><INIT seed="4,0,0,1,1,49" ten="222,187,267,324" oya="0" hai0="126,96,18,32,45,75,66,101,135,34,86,40,29" hai1="82,28,105,116,85,98,120,9,119,70,72,110,111" hai2="71,7,113,102,67,24,54,26,90,103,112,84,38" hai3="68,61,80,115,83,124,15,0,6,57,69,46,27"/><T22/><D75/><U47/><E28/><V19/><F38/><W123/><G0/><T122/><D122/><U31/><E31/><V39/><F39/><W25/><G123/><T91/><D66/><U36/><E9/><V65/><F7/><W13/><G46/><T97/><D135/><U95/><E47/><V35/><F35/><W11/><G124/><T2/><D2/><U33/><E85/><V99/><F19/><W130/><G130/><T21/><D126/><U100/><E95/><V63/><F67/><W109/><G109/><T53/><D29/><U55/><E82/><N who="3" m="31274" /><G69/><T8/><D8/><U73/><E98/><V17/><F84/><W107/><G107/><T62/><D97/><U127/><E100/><V93/><F103/><W14/><G68/><T81/><D22/><U78/><E78/><V108/><F102/><W20/><G115/><N who="2" m="44105" /><F108/><W92/><G92/><T58/><D96/><U88/><E88/><N who="2" m="55719" /><F17/><N who="3" m="12431" /><G27/><N who="2" m="10281" /><F90/><W42/><G42/><T132/><D101/><U23/><E111/><V114/><N who="2" m="44113" /><V74/><DORA hai="60" /><F74/><W1/><G1/><T41/><D41/><U30/><E110/><V51/><F51/><W89/><G89/><T5/><D34/><U52/><E36/><V104/><F104/><W48/><G48/><T50/><D32/><U12/><E33/><V94/><F94/><W4/><G6/><T134/><D5/><U117/><E105/><V133/><F133/><N who="0" m="51306" /><D18/><U118/><E118/><V131/><F131/><W106/><G106/><T87/><D87/><U59/><E119/><V43/><F43/><W3/><G3/><T121/><D121/><RYUUKYOKU ba="0,0" sc="222,10,187,-30,267,10,324,10" hai0="21,40,45,50,53,58,62,81,86,91" hai2="54,63,65,71" hai3="4,11,13,14,15,57,61" /><INIT seed="4,1,0,5,2,79" ten="232,157,277,334" oya="0" hai0="87,69,10,37,112,14,56,93,74,3,89,92,12" hai1="85,113,135,59,90,6,44,0,46,23,108,21,83" hai2="95,52,120,2,35,103,132,119,9,30,116,82,86" hai3="47,54,20,27,109,118,122,84,115,5,100,50,124"/><T66/><D112/><U76/><E108/><V33/><F120/><W75/><G109/><T13/><D37/><U15/><E135/><V31/><F132/><W39/><G75/><T94/><D74/><U57/><E113/><V70/><F70/><W25/><G118/><N who="2" m="45097" /><F103/><W78/><G39/><T58/><D69/><U68/><E0/><V29/><F95/><W81/><G115/><T77/><D77/><U48/><E68/><V130/><F130/><W96/><G122/><T55/><D3/><U106/><E106/><V114/><F114/><W43/><G5/><T104/><D104/><U88/><E46/><V62/><F9/><W72/><G72/><T11/><D58/><N who="1" m="22027" /><E23/><V63/><F2/><W125/><G43/><T60/><D55/><N who="1" m="30087" /><E6/><V127/><F127/><N who="3" m="48715" /><G20/><T28/><D28/><U98/><E98/><V134/><F134/><W117/><G117/><T24/><D24/><U61/><E61/><N who="2" m="23051" /><F52/><W123/><G123/><T36/><D36/><U34/><E34/><V41/><F41/><W1/><G1/><T4/><D4/><U131/><E131/><V16/><F16/><AGARI ba="1,0" hai="15,16,21,76,83,85,88,90" m="30087,22027" machi="16" ten="30,7700,0" yaku="8,1,52,1,54,2" doraHai="79" who="1" fromWho="2" sc="232,0,157,80,277,-80,334,0" /><INIT seed="5,0,0,2,5,51" ten="232,237,197,334" oya="1" hai0="124,79,13,111,6,76,128,113,73,84,32,62,61" hai1="5,59,65,77,33,100,37,97,86,109,132,46,133" hai2="66,107,11,106,134,69,17,63,67,96,40,10,18" hai3="53,2,126,34,71,114,83,12,88,42,7,50,52"/><U45/><E33/><V16/><F134/><N who="1" m="51817" /><E5/><V8/><F40/><W15/><G71/><T23/><D32/><U0/><E0/><V118/><F118/><W82/><G34/><T127/><D73/><U4/><E4/><V115/><F115/><W56/><G2/><T44/><D113/><U28/><E28/><V68/><F96/><W90/><G42/><T78/><D111/><U105/><E37/><V64/><REACH who="2" step="1"/><F63/><REACH who="2" ten="232,237,187,334" step="2"/><N who="3" m="36231" /><G114/><T121/><D61/><N who="1" m="38079" /><E109/><V30/><F30/><W22/><G126/><T112/><D127/><U1/><E1/><V49/><F49/><W129/><G50/><T125/><D124/><U60/><E60/><V92/><F92/><W98/><G83/><AGARI ba="0,1" hai="45,46,77,83,86,97,100,105" m="38079,51817" machi="83" ten="30,1500,0" yaku="20,1" doraHai="51" who="1" fromWho="3" sc="232,0,237,25,187,0,334,-15" /><INIT seed="5,1,0,2,5,59" ten="232,262,187,319" oya="1" hai0="76,12,85,40,5,91,55,49,29,123,57,131,130" hai1="0,126,127,22,51,7,83,61,50,134,112,95,86" hai2="14,37,36,25,89,132,107,47,66,63,64,108,10" hai3="23,93,21,71,110,6,114,34,113,73,13,30,3"/><U70/><E95/><V1/><F107/><W41/><G71/><T31/><D123/><U104/><E104/><V77/><F108/><W11/><G73/><T17/><D5/><U125/><E112/><N who="3" m="43114" /><G41/><T88/><D76/><U44/><E22/><N who="3" m="8202" /><G93/><T120/><D120/><U69/><E69/><V52/><F77/><W45/><G45/><T27/><D40/><U20/><E20/><V28/><F132/><W26/><G110/><T53/><D17/><U60/><E70/><V24/><F89/><W105/><G105/><T116/><D12/><AGARI ba="1,0" hai="3,6,11,12,13,26,30,34" m="8202,43114" machi="12" ten="30,3900,0" yaku="15,1,34,2" doraHai="59" who="3" fromWho="0" sc="232,-42,262,0,187,0,319,42" /><INIT seed="6,0,0,5,2,26" ten="190,262,187,361" oya="2" hai0="133,13,79,31,9,110,53,59,130,50,117,3,0" hai1="108,61,12,20,127,1,76,57,58,111,129,66,4" hai2="94,105,71,46,80,85,84,8,101,34,89,22,54" hai3="23,49,29,52,114,38,78,126,43,17,116,77,97"/><V64/><F34/><W68/><G68/><T40/><D110/><U56/><E1/><V132/><F105/><W67/><G67/><T118/><D130/><U106/><E106/><V96/><F71/><W75/><G116/><N who="0" m="44651" /><D133/><U28/><E127/><V135/><F64/><W99/><G38/><T47/><D31/><U14/><E14/><V102/><F8/><W92/><G43/><T128/><D79/><N who="3" m="30217" /><G75/><T107/><D128/><U122/><E129/><V131/><F131/><W27/><G114/><T62/><D107/><U25/><E122/><V134/><F22/><N who="3" m="15607" /><G92/><T125/><D125/><U88/><E76/><V91/><F46/><N who="3" m="27703" /><G126/><T121/><D121/><U24/><E111/><V6/><F6/><AGARI ba="0,0" hai="0,3,6,9,13,40,47,50,53,59,62" m="44651" machi="6" ten="30,1000,0" yaku="12,1" doraHai="26" who="0" fromWho="2" sc="190,10,262,0,187,-10,361,0" /><INIT seed="7,0,0,3,4,29" ten="200,262,177,361" oya="3" hai0="34,122,72,100,73,50,79,114,62,63,16,14,102" hai1="112,20,89,128,115,130,134,55,58,26,24,119,45" hai2="52,74,43,61,99,92,47,15,35,1,6,4,101" hai3="117,113,91,123,87,18,46,17,8,27,9,77,22"/><W76/><G117/><T127/><D122/><U32/><E45/><V94/><F74/><W90/><G123/><T131/><D34/><U120/><E89/><N who="3" m="33802" /><G46/><T40/><D114/><U97/><E97/><V28/><F1/><W84/><G113/><N who="1" m="43594" /><E120/><V44/><F15/><N who="3" m="7407" /><G8/><T37/><D14/><U38/><E38/><V80/><F80/><W132/><G132/><T106/><D37/><U104/><E104/><V41/><F61/><W85/><AGARI ba="0,0" hai="18,22,27,76,77,84,85,87" m="7407,33802" machi="85" ten="30,1500,0" yaku="8,1" doraHai="29" who="3" fromWho="3" sc="200,-5,262,-5,177,-5,361,15" owari="195,-20.0,257,6.0,172,-33.0,376,47.0" /></mjloggm>