<mjloggm ver="2.3"><GO type="225" lobby="0"/><UN n0="%E3%82%A6%E3%83%AB%E3%83%88%E3%83%A9%E7%AB%8B%E7%9B%B4" n1="%E7%99%BD%E9%B9%BF%E6%84%9B%E8%8E%89" n2="%E3%83%AA%E3%83%81%E3%83%A3%21%21" n3="%E3%81%BE%E3%81%99%E3%81%8F%E3%81%AF%E3%81%8C%E3%81%97" dan="17,18,17,17" rate="2159.82,2251.50,2133.80,2083.94" sx="M,F,M,M"/><TAIKYOKU oya="0"/><INIT seed="0,0,0,5,3,86" ten="250,250,250,250" oya="0" hai0="98,32,99,74,115,36,60,87,3,76,0,69,89" hai1="120,128,62,117,9,39,93,126,15,53,101,83,40" hai2="64,85,105,37,78,50,72,63,4,88,107,59,8" hai3="122,56,102,34,108,30,100,84,90,134,118,10,58"/><T25/><D36/><U131/><E117/><V71/><F37/><W26/><G118/><T2/><D115/><U67/><E120/><V41/><F72/><W33/><G122/><T5/><D5/><U73/><E53/><V94/><F78/><W112/><G112/><T109/><D109/><U80/><E126/><V13/><REACH who="2" step="1"/><F59/><REACH who="2" ten="250,250,240,250" step="2"/><W96/><G108/><T127/><D76/><U20/><E73/><V52/><F52/><W14/><G134/><T51/><D74/><U22/><E131/><V75/><F75/><W21/><G58/><T27/><D127/><U28/><E39/><V57/><F57/><W24/><G56/><T70/><D51/><U66/><E40/><V31/><F31/><W29/><G34/><T77/><D77/><U125/><E28/><V65/><F65/><W91/><G33/><T55/><D55/><U114/><E128/><V92/><F92/><W129/><G129/><T95/><D32/><U19/><E125/><V47/><AGARI ba="0,1" hai="4,8,13,41,47,50,63,64,71,85,88,94,105,107" machi="47" ten="30,7900,0" yaku="1,1,0,1,52,1,54,1,53,0" doraHai="86" doraHaiUra="12" who="2" fromWho="2" sc="250,-39,250,-20,240,89,250,-20" /><INIT seed="1,0,0,1,0,21" ten="211,230,329,230" oya="1" hai0="72,130,127,9,8,43,91,51,92,4,124,86,7" hai1="28,36,75,83,29,125,53,62,116,88,89,3,58" hai2="68,126,133,101,132,1,31,112,44,49,111,55,20" hai3="38,129,119,123,45,18,61,27,80,97,37,109,115"/><U103/><E116/><V106/><F1/><W24/><G123/><T93/><D72/><U90/><E125/><N who="0" m="48201" /><D130/><U96/><E3/><V113/><F126/><W17/><G115/><N who="2" m="44105" /><F111/><W16/><G129/><T59/><D93/><U14/><E36/><V26/><F68/><W79/><G109/><T108/><D108/><U6/><E83/><V48/><F48/><W118/><G61/><T77/><D77/><U78/><E78/><V25/><F101/><W12/><G12/><T85/><D85/><U84/><E84/><V110/><F106/><W60/><G60/><T104/><D104/><U67/><E75/><V81/><F110/><W71/><G71/><T13/><D59/><U33/><E67/><V128/><F128/><W135/><G135/><T63/><D63/><U117/><E33/><N who="2" m="20719" /><F81/><W2/><G2/><N who="0" m="23" /><D51/><U32/><E117/><N who="3" m="44554" /><G97/><T102/><D102/><U57/><E57/><V98/><F98/><W47/><G38/><T73/><D73/><U121/><E96/><V40/><F40/><AGARI ba="0,0" hai="7,9,13,40,43,86,91,92" m="23,48201" machi="40" ten="30,1000,0" yaku="18,1" doraHai="21" who="0" fromWho="2" sc="211,10,230,0,329,-10,230,0" /><INIT seed="2,0,0,4,0,130" ten="221,230,319,230" oya="2" hai0="18,61,132,25,5,30,99,19,108,16,51,80,7" hai1="109,104,31,105,69,38,122,6,52,36,49,45,86" hai2="11,79,117,131,96,81,60,3,83,27,114,68,118" hai3="54,50,0,28,98,125,17,112,133,23,88,46,29"/><V70/><F114/><W94/><G0/><T41/><D108/><U101/><E69/><V20/><F131/><W91/><G112/><T119/><D119/><U32/><E109/><V35/><F81/><W4/><G4/><T76/><D132/><U123/><E6/><V63/><F96/><W121/><G121/><N who="1" m="46090" /><E86/><V77/><F35/><W73/><G73/><T78/><D99/><N who="1" m="61503" /><E105/><V34/><F70/><W71/><G71/><T53/><D61/><U115/><E115/><V37/><F68/><W65/><G65/><T129/><D41/><U74/><E74/><V58/><F63/><W107/><G107/><T42/><D42/><U102/><E102/><V120/><F60/><W59/><G133/><T57/><D129/><U82/><E82/><V100/><F83/><W56/><G125/><T106/><D106/><U90/><E90/><V12/><F100/><W47/><G91/><T135/><D135/><U40/><E40/><V26/><F118/><W103/><G103/><T92/><D92/><U87/><E87/><V85/><F117/><W93/><G93/><T64/><D64/><U89/><E89/><V128/><F85/><W126/><G126/><T97/><D97/><U24/><AGARI ba="0,0" hai="24,31,32,36,38,45,49,52" m="61503,46090" machi="24" ten="30,2000,0" yaku="13,1,54,1" doraHai="130" who="1" fromWho="1" sc="221,-5,230,20,319,-10,230,-5" /><INIT seed="3,0,0,3,5,98" ten="216,250,309,225" oya="3" hai0="65,126,52,34,87,26,78,121,48,51,77,112,114" hai1="102,37,23,106,10,101,127,108,55,9,1,27,117" hai2="111,59,36,123,38,122,132,46,18,54,56,29,80" hai3="62,6,43,135,120,31,96,93,105,104,53,8,130"/><W84/><G120/><N who="2" m="46121" /><F111/><W76/><G135/><T68/><D121/><U13/><E37/><V118/><F132/><W17/><G130/><T92/><D126/><U97/><E1/><V86/><F118/><W49/><G31/><N who="0" m="19831" /><D65/><U28/><E9/><V11/><F29/><W67/><G17/><T66/><D66/><U45/><E117/><V73/><F73/><W33/><G43/><T88/><D68/><U125/><E108/><V128/><F128/><W44/><G33/><T91/><D91/><U63/><E102/><V5/><F18/><W70/><G84/><T75/><D75/><U3/><E3/><N who="2" m="447" /><F46/><W22/><G22/><T71/><D71/><U131/><E55/><V40/><F40/><W57/><G70/><T82/><D52/><U15/><E63/><N who="2" m="36247" /><F59/><W4/><G76/><AGARI ba="0,0" hai="36,38,76,80,86" m="36247,447,46121" machi="76" ten="30,1000,0" yaku="13,1" doraHai="98" who="2" fromWho="3" sc="216,0,250,0,309,10,225,-10" owari="216,-18.0,250,5.0,319,41.0,215,-28.0" /></mjloggm>