<mjloggm ver="2.3"><GO type="233" lobby="0"/><UN n0="%E3%82%A6%E3%83%AB%E3%83%88%E3%83%A9%E7%AB%8B%E7%9B%B4" n1="%E3%83%AF%E3%82%A4%E3%83%AB%E3%83%89" n2="%E5%85%AC%E5%8B%99%E5%93%A1%E3%81%8F%E3%82%93" n3="%E3%81%8A%E3%83%BC%E3%81%84%E3%81%8A%E8%8C%B6" dan="17,16,17,17" rate="2156.20,2148.37,2129.29,2184.60" sx="M,M,F,M"/><TAIKYOKU oya="0"/><INIT seed="0,0,0,3,3,62" ten="250,250,250,250" oya="0" hai0="41,90,38,111,53,12,92,81,87,96,37,65,118" hai1="135,54,17,114,97,52,29,7,95,63,100,99,91" hai2="101,64,123,103,105,46,117,26,0,42,36,93,20" hai3="34,86,2,127,85,32,1,80,119,115,9,67,88"/><T25/><D118/><U71/><E135/><V84/><F0/><W124/><G119/><T128/><D128/><U35/><E114/><V68/><F105/><W8/><G115/><T74/><D74/><U75/><E75/><V28/><F123/><W77/><G67/><T108/><D25/><N who="1" m="18863" /><E17/><V102/><F117/><W116/><G116/><T6/><D53/><U59/><E59/><V126/><F126/><N who="3" m="48171" /><G2/><T107/><D107/><N who="1" m="63887" /><E7/><V83/><F68/><W45/><G45/><T125/><D125/><U73/><E73/><V82/><REACH who="2" step="1"/><F64/><AGARI ba="0,0" hai="52,54,63,64,71,91,95,99" m="63887,18863" machi="64" ten="30,3900,0" yaku="25,1,52,1,54,1" doraHai="62" who="1" fromWho="2" sc="250,0,250,39,250,-39,250,0" /><INIT seed="1,0,0,3,3,97" ten="250,289,211,250" oya="1" hai0="23,57,110,4,73,70,55,67,21,103,58,95,74" hai1="128,107,12,62,90,116,91,126,30,84,122,78,27" hai2="15,47,72,35,134,22,59,53,28,94,106,16,96" hai3="5,93,92,117,82,10,51,120,32,129,49,41,42"/><U29/><E122/><V2/><F134/><W69/><G120/><T121/><D70/><U125/><E116/><V115/><F72/><W43/><G117/><T111/><D4/><U36/><E36/><V39/><F115/><W127/><G69/><T105/><D105/><U114/><E107/><V83/><F106/><W38/><G38/><T102/><D121/><U133/><E114/><V6/><F83/><W11/><G32/><T68/><D68/><U108/><E133/><V80/><F80/><W17/><G129/><T99/><D55/><U14/><E128/><V46/><F39/><W118/><G118/><T131/><D99/><U26/><E84/><V13/><F13/><W112/><G112/><T25/><D95/><U20/><E62/><V9/><F28/><W60/><G60/><T24/><REACH who="0" step="1"/><D131/><REACH who="0" ten="240,289,211,250" step="2"/><U87/><E125/><V81/><F81/><W71/><G71/><T61/><D61/><U48/><E126/><V56/><F35/><W0/><G127/><T18/><D18/><U3/><E3/><V66/><F66/><AGARI ba="0,1" hai="21,23,24,25,57,58,66,67,73,74,102,103,110,111" machi="66" ten="25,8000,1" yaku="1,1,22,2,52,2,53,0" doraHai="97" doraHaiUra="40" who="0" fromWho="2" sc="240,90,289,0,211,-80,250,0" /><INIT seed="2,0,0,3,0,115" ten="330,289,131,250" oya="2" hai0="47,46,101,14,23,12,91,124,38,69,75,28,5" hai1="76,44,100,73,42,39,87,80,17,92,116,59,53" hai2="48,0,81,29,99,51,20,97,32,121,8,25,49" hai3="27,120,40,55,131,72,30,24,96,66,134,54,102"/><V57/><F121/><W22/><G120/><T89/><D69/><U104/><E17/><V26/><F57/><W56/><G72/><T126/><D101/><U83/><E83/><V82/><F8/><W11/><G131/><T13/><D5/><U45/><E45/><V90/><F0/><W77/><G77/><T110/><D75/><U93/><E116/><V114/><F114/><W135/><G40/><T129/><D129/><U130/><E130/><V122/><F122/><W128/><G24/><T63/><D13/><U113/><E113/><V79/><F90/><W35/><G35/><T21/><D63/><U41/><E41/><V70/><F70/><W123/><G123/><T33/><D28/><U3/><E3/><V95/><F95/><N who="3" m="58655" /><G11/><T86/><D33/><U119/><E119/><V18/><REACH who="2" step="1"/><F82/><REACH who="2" ten="330,289,121,250" step="2"/><W1/><G1/><T16/><D91/><U15/><E92/><V127/><F127/><W6/><G128/><T103/><D89/><U2/><E2/><V132/><F132/><N who="3" m="50731" /><G6/><T94/><D94/><U85/><E93/><V34/><F34/><W112/><G112/><T65/><D126/><U62/><E104/><V50/><N who="2" m="12288" /><DORA hai="52" /><V105/><F105/><W58/><G58/><T106/><D124/><U74/><E80/><V64/><F64/><W67/><G67/><T133/><D65/><U71/><E59/><V84/><AGARI ba="0,1" hai="18,20,25,26,29,32,79,81,84,97,99" m="12288" machi="84" ten="40,7800,0" yaku="1,1,0,1,53,1" doraHai="115,52" doraHaiUra="78,68" who="2" fromWho="2" sc="330,-26,289,-26,121,88,250,-26" /><INIT seed="2,1,0,0,1,58" ten="304,263,209,224" oya="2" hai0="25,38,132,64,103,72,62,75,48,109,40,3,96" hai1="114,135,66,126,120,128,65,20,106,50,15,90,67" hai2="100,19,29,63,0,52,5,123,11,16,102,87,54" hai3="41,70,36,88,122,78,116,105,47,68,8,112,9"/><V111/><F123/><W124/><G122/><T46/><D3/><U99/><E120/><V82/><F29/><W2/><G116/><T37/><D109/><U134/><E114/><V42/><F42/><W24/><G112/><T98/><D132/><N who="1" m="50731" /><E126/><V6/><F111/><W28/><G124/><T18/><D96/><U79/><E79/><V60/><F0/><W95/><G105/><T34/><D48/><U14/><E128/><V130/><F130/><W21/><G78/><T33/><D37/><U133/><N who="1" m="50739" /><U107/><DORA hai="43" /><E50/><V127/><F127/><W115/><G115/><T101/><D101/><N who="2" m="39018" /><F11/><W97/><REACH who="3" step="1"/><G8/><REACH who="3" ten="304,263,209,214" step="2"/><T119/><D119/><U125/><E125/><V1/><F1/><W55/><G55/><N who="2" m="21033" /><F5/><AGARI ba="1,1" hai="2,5,9,21,24,28,36,41,47,68,70,88,95,97" machi="5" ten="40,8000,1" yaku="1,1,52,1,54,1,53,1" doraHai="58,43" doraHaiUra="13,32" who="3" fromWho="2" sc="304,0,263,0,209,-83,214,93" /><INIT seed="3,0,0,0,1,102" ten="304,263,126,307" oya="3" hai0="120,134,24,100,1,50,54,82,87,56,42,40,26" hai1="89,130,114,93,126,47,37,113,79,22,103,90,15" hai2="97,48,73,91,55,4,62,45,66,122,59,94,86" hai3="123,67,129,133,51,29,84,115,32,108,116,35,23"/><W85/><G67/><T2/><D120/><U95/><E130/><V5/><F122/><W11/><G51/><T118/><D118/><U3/><E3/><V104/><F73/><W57/><G57/><T124/><D124/><U107/><E126/><V98/><F104/><W9/><G123/><T128/><D128/><U65/><E65/><V63/><F98/><W88/><G129/><T105/><D134/><U135/><E135/><V78/><F78/><W117/><G133/><T52/><D2/><U43/><E79/><V0/><F0/><W69/><G69/><T16/><D1/><U132/><E132/><V18/><F86/><W39/><G39/><T34/><D34/><U25/><E15/><V74/><F74/><W119/><G115/><T64/><D64/><U31/><E103/><V33/><F33/><N who="3" m="12875" /><G108/><T112/><D105/><U8/><E107/><V49/><F63/><W12/><G84/><T30/><D100/><U41/><E8/><V44/><REACH who="2" step="1"/><F18/><REACH who="2" ten="304,263,116,307" step="2"/><N who="3" m="10695" /><G117/><T71/><D87/><U80/><E113/><V6/><F6/><W121/><G121/><T19/><D112/><U125/><E114/><V38/><F38/><W53/><G119/><T96/><D96/><U99/><E125/><V111/><F111/><W10/><G116/><T13/><D50/><U101/><E37/><V46/><F46/><W81/><G29/><T7/><D30/><U36/><E47/><V92/><F92/><W131/><G131/><T76/><D76/><U110/><E36/><V61/><F61/><W83/><G83/><T68/><D82/><U60/><E60/><V58/><F58/><RYUUKYOKU ba="0,1" sc="304,-15,263,-15,116,15,307,15" hai2="4,5,44,45,48,49,55,59,62,66,91,94,97" hai3="9,10,11,53,81,85,88" /><INIT seed="3,1,1,5,0,109" ten="289,248,131,322" oya="3" hai0="28,79,80,55,76,75,69,26,23,42,20,132,113" hai1="49,128,58,46,78,18,32,88,129,104,64,121,123" hai2="93,31,24,120,98,10,17,84,107,59,7,57,43" hai3="47,77,22,85,95,25,29,52,41,124,53,96,117"/><W105/><G124/><T39/><D69/><U5/><E104/><V119/><F119/><W63/><G117/><T62/><D132/><U66/><E32/><V135/><F135/><W131/><G131/><N who="1" m="50250" /><E78/><V94/><F120/><N who="1" m="46153" /><E5/><V102/><F17/><W15/><G63/><T116/><D116/><U67/><E18/><V3/><F43/><W34/><G34/><T54/><D79/><U48/><E88/><V56/><REACH who="2" step="1"/><F84/><REACH who="2" ten="289,248,121,322" step="2"/><W8/><G85/><T99/><D42/><N who="1" m="24663" /><E49/><V127/><F127/><W89/><G77/><T35/><D76/><U6/><E6/><V33/><AGARI ba="1,2" hai="3,7,10,24,31,33,56,57,59,93,94,98,102,107" machi="33" ten="30,2000,0" yaku="1,1,0,1,53,0" doraHai="109" doraHaiUra="126" who="2" fromWho="2" sc="289,-6,248,-6,121,43,322,-11" /><INIT seed="4,0,0,0,2,125" ten="283,242,164,311" oya="0" hai0="107,29,113,118,62,120,86,33,36,93,40,70,74" hai1="27,41,5,115,73,135,9,72,50,82,34,35,37" hai2="45,54,69,46,20,124,8,130,111,58,89,56,6" hai3="11,128,94,121,60,7,15,51,4,67,83,28,105"/><T100/><D120/><U84/><E135/><V49/><F69/><W126/><G105/><T119/><D93/><U78/><E115/><V114/><F114/><W122/><G126/><T55/><D86/><U81/><E37/><V123/><F123/><N who="3" m="47115" /><G28/><T42/><D55/><U63/><E63/><V88/><F124/><W96/><G83/><T116/><D74/><U48/><E48/><V32/><F32/><W133/><G51/><T59/><D59/><U19/><E19/><V25/><F111/><W92/><G133/><T2/><D36/><U103/><E103/><V64/><F130/><W26/><G26/><N who="0" m="18615" /><D2/><U52/><E41/><V104/><F104/><W127/><G127/><T117/><D117/><U18/><E18/><V23/><F46/><W53/><G53/><T43/><D43/><U109/><E109/><V44/><F44/><W80/><G60/><T76/><D76/><U95/><E95/><V68/><F68/><W3/><G92/><T131/><D131/><U110/><E110/><V129/><F129/><W0/><G128/><T132/><D132/><U99/><E99/><V134/><F134/><W14/><G67/><N who="0" m="41335" /><D113/><U17/><E17/><V101/><F101/><N who="3" m="60567" /><G80/><T12/><D12/><U87/><E27/><V16/><F23/><W90/><G90/><N who="2" m="34921" /><F64/><W39/><G39/><T1/><D1/><U106/><E106/><V98/><F98/><AGARI ba="0,0" hai="40,42,98,100,107,116,118,119" m="41335,18615" machi="98" ten="30,1500,0" yaku="25,1" doraHai="125" who="0" fromWho="2" sc="283,15,242,0,164,-15,311,0" /><INIT seed="4,1,0,2,4,126" ten="298,242,149,311" oya="0" hai0="81,70,51,7,75,28,113,35,49,62,117,72,15" hai1="14,25,76,45,11,111,109,88,82,123,39,79,6" hai2="21,53,68,31,55,16,8,52,71,47,64,130,41" hai3="34,115,114,29,134,121,73,128,43,32,13,95,3"/><T27/><D117/><U133/><E123/><V46/><F130/><W127/><G127/><T132/><D113/><N who="3" m="43017" /><G121/><T38/><D38/><U105/><E105/><V58/><F31/><W2/><G73/><T44/><D132/><U12/><E133/><V102/><F102/><W106/><G106/><T92/><D92/><U84/><E25/><V50/><F8/><W56/><G134/><T122/><D122/><U30/><E30/><V131/><F16/><W36/><G56/><T59/><D70/><N who="2" m="26666" /><F21/><W54/><G54/><N who="2" m="21097" /><F131/><W20/><G95/><T57/><D75/><U24/><E24/><V107/><F107/><W4/><G128/><T48/><D81/><U87/><E12/><V22/><F22/><W66/><G13/><T23/><D72/><U5/><E5/><V112/><F112/><W96/><G96/><T135/><D135/><U100/><E100/><V74/><F74/><W99/><G99/><T0/><D15/><U98/><E98/><V97/><F97/><W108/><G4/><T80/><D7/><U26/><E26/><V19/><F19/><W61/><G3/><T78/><D0/><U65/><E76/><V1/><F1/><W104/><G2/><T90/><D78/><U77/><E77/><V129/><F129/><W9/><G104/><T85/><D35/><U101/><E101/><V119/><F119/><W120/><G32/><T86/><D86/><U63/><E84/><V67/><F47/><W33/><G120/><T60/><D44/><U124/><E79/><V83/><F83/><W116/><G116/><T118/><D118/><U10/><E82/><RYUUKYOKU ba="1,0" sc="298,15,242,-15,149,15,311,-15" hai0="23,27,28,48,49,51,57,59,60,62,80,85,90" hai2="41,46,50,55,58,64,67" /><INIT seed="4,2,0,1,3,54" ten="313,227,164,296" oya="0" hai0="56,23,77,22,116,41,83,119,117,2,0,51,38" hai1="70,21,60,40,89,108,11,3,48,126,5,52,28" hai2="36,87,100,13,129,75,39,14,16,132,90,31,105" hai3="27,122,80,12,101,58,92,123,88,114,120,93,49"/><T43/><D38/><U24/><E108/><V8/><F75/><W130/><G114/><T19/><D23/><U59/><E126/><V134/><F129/><W102/><G130/><T1/><D51/><U85/><E70/><V84/><F31/><W44/><G27/><T47/><D47/><U9/><E40/><V111/><F111/><W18/><G80/><T65/><D56/><U112/><E112/><V91/><F8/><N who="3" m="6407" /><G92/><T30/><D65/><U133/><E133/><V74/><F74/><W67/><G67/><T26/><REACH who="0" step="1"/><D30/><REACH who="0" ten="303,227,164,296" step="2"/><U45/><E11/><V121/><F39/><W63/><G63/><T69/><D69/><U94/><REACH who="1" step="1"/><E45/><REACH who="1" ten="303,217,164,296" step="2"/><V53/><F132/><W124/><G124/><T79/><D79/><U29/><E29/><V128/><F134/><W78/><G78/><T46/><D46/><U135/><E135/><V97/><F128/><W37/><G44/><T25/><D25/><U64/><E64/><V32/><F121/><W81/><G37/><T131/><D131/><U62/><AGARI ba="2,2" hai="3,5,9,21,24,28,48,52,59,60,62,85,89,94" machi="62" ten="30,8000,1" yaku="1,1,0,1,52,1,54,1,53,1" doraHai="54" doraHaiUra="86" who="1" fromWho="1" sc="303,-42,217,106,164,-22,296,-22" /><INIT seed="5,0,0,5,3,112" ten="261,323,142,274" oya="1" hai0="42,83,9,84,57,133,44,53,128,95,87,97,100" hai1="20,18,65,91,89,85,30,127,23,116,60,12,80" hai2="96,78,34,77,1,111,36,39,103,49,54,86,122" hai3="90,105,102,109,121,2,64,99,93,55,130,101,126"/><U123/><E123/><V25/><F122/><W119/><G2/><T6/><D128/><U13/><E127/><V48/><F1/><W37/><G121/><T67/><D67/><U61/><E116/><V22/><F111/><W16/><G119/><T79/><D133/><U14/><E91/><V5/><F34/><W110/><G37/><T40/><D44/><U120/><E120/><V47/><F5/><W50/><G130/><T134/><D87/><U76/><E89/><V8/><F8/><W132/><G64/><T33/><D33/><U135/><E135/><V68/><F68/><W41/><G41/><T27/><D27/><N who="1" m="16767" /><E65/><V82/><F49/><W124/><G16/><T125/><D125/><N who="3" m="48233" /><G132/><T129/><D129/><U81/><E81/><V28/><REACH who="2" step="1"/><F77/><REACH who="2" ten="261,323,132,274" step="2"/><W63/><G63/><AGARI ba="0,1" hai="12,13,14,18,20,60,61,63,76,80,85" m="16767" machi="63" ten="30,1500,0" yaku="8,1" doraHai="112" who="1" fromWho="3" sc="261,0,323,25,132,0,274,-15" /><INIT seed="5,1,0,2,0,21" ten="261,348,132,259" oya="1" hai0="127,128,55,53,76,23,95,49,33,108,82,78,134" hai1="80,119,106,124,66,112,22,56,88,135,16,100,68" hai2="44,90,92,107,7,47,126,111,102,19,83,105,13" hai3="61,71,8,81,27,41,65,6,121,72,38,74,28"/><U75/><E119/><V94/><F111/><W96/><G121/><T132/><D33/><U64/><E68/><V113/><F126/><W1/><G81/><T58/><D108/><U5/><E124/><V98/><F113/><W34/><G96/><T60/><D127/><U25/><E112/><V120/><F120/><W17/><G17/><T39/><D39/><U86/><E75/><V11/><F107/><W70/><G70/><T109/><D109/><U54/><E135/><V9/><F105/><W103/><G103/><T15/><D128/><U125/><E125/><V115/><F115/><W35/><G35/><T130/><D130/><U116/><E116/><V43/><F83/><W62/><G62/><T114/><D114/><U40/><E40/><V67/><F67/><W129/><G129/><T110/><D110/><U48/><REACH who="1" step="1"/><E5/><REACH who="1" ten="261,338,132,259" step="2"/><V84/><REACH who="2" step="1"/><F43/><REACH who="2" ten="261,338,122,259" step="2"/><W0/><G0/><AGARI ba="1,2" hai="0,7,9,11,13,19,44,47,84,90,92,94,98,102" machi="0" ten="30,3900,0" yaku="1,1,2,1,7,1,53,0" doraHai="21" doraHaiUra="77" who="2" fromWho="3" sc="261,0,338,0,122,62,259,-42" /><INIT seed="6,0,0,3,1,62" ten="261,338,184,217" oya="2" hai0="125,110,37,17,40,134,135,5,106,89,53,66,127" hai1="73,6,51,44,108,133,122,97,21,48,77,46,93" hai2="109,47,15,131,55,22,81,103,70,11,41,119,4" hai3="31,32,117,23,80,71,115,92,100,69,96,111,50"/><V49/><F119/><W1/><G117/><T35/><D106/><U16/><E108/><V34/><F34/><W75/><G111/><T14/><D110/><U129/><E133/><V42/><F109/><W101/><G32/><T2/><D53/><U25/><E129/><V58/><F70/><W3/><G115/><T99/><D35/><U130/><E130/><V61/><F131/><W0/><G101/><T18/><D40/><U26/><E122/><V78/><F103/><W65/><G65/><T36/><D66/><U24/><E6/><V118/><F118/><W52/><G31/><T57/><D57/><U76/><E73/><V112/><F22/><W94/><G23/><T126/><D2/><U38/><E38/><N who="0" m="14953" /><D5/><U84/><E48/><V90/><F90/><W43/><G43/><T123/><D123/><U29/><E84/><N who="2" m="48183" /><F112/><W20/><G20/><N who="0" m="11319" /><D18/><U63/><E63/><V91/><F91/><W124/><G124/><T113/><D113/><U121/><E121/><V39/><F39/><W27/><G27/><N who="1" m="10314" /><E29/><V95/><F95/><AGARI ba="0,0" hai="89,95,99,125,126,127,134,135" m="11319,14953" machi="95" ten="40,1300,0" yaku="18,1" doraHai="62" who="0" fromWho="2" sc="261,13,338,0,184,-13,217,0" /><INIT seed="7,0,0,4,2,22" ten="274,338,171,217" oya="3" hai0="128,49,21,100,60,24,38,68,124,123,84,94,97" hai1="15,131,109,28,59,36,41,35,77,30,119,99,115" hai2="127,93,8,75,96,118,14,108,43,11,88,57,51" hai3="72,3,13,122,90,102,129,98,31,73,116,9,134"/><W19/><G116/><T2/><D38/><U86/><E109/><V25/><F75/><W107/><G122/><T44/><D2/><U27/><E119/><V114/><F118/><W39/><G39/><T121/><D124/><U40/><E115/><V4/><F108/><W65/><G129/><T82/><D128/><U104/><E131/><V42/><F127/><W10/><G134/><T80/><D80/><U18/><E30/><V92/><F114/><W61/><G90/><T120/><D60/><U106/><E59/><V32/><F32/><W112/><G112/><T79/><D68/><U56/><E56/><V46/><F11/><W7/><REACH who="3" step="1"/><G31/><REACH who="3" ten="274,338,171,207" step="2"/><T52/><D123/><U47/><E36/><V33/><F57/><AGARI ba="0,1" hai="3,7,9,10,13,19,57,61,65,72,73,98,102,107" machi="57" ten="30,5800,0" yaku="1,1,2,1,7,1,53,0" doraHai="22" doraHaiUra="78" who="3" fromWho="2" sc="274,0,338,0,171,-58,207,68" /><INIT seed="7,1,0,5,3,126" ten="274,338,113,275" oya="3" hai0="131,29,39,48,100,123,112,65,45,1,12,15,113" hai1="37,88,11,60,99,13,3,2,38,17,124,46,110" hai2="58,108,52,0,54,89,96,109,34,25,75,10,114" hai3="135,63,43,67,73,55,64,106,95,90,102,23,62"/><W128/><G73/><T76/><D39/><U19/><E110/><V87/><F75/><W24/><G135/><T101/><D1/><U98/><E124/><V93/><F114/><N who="0" m="44138" /><D123/><U69/><E19/><V16/><F0/><W47/><G106/><T103/><D76/><U92/><E99/><V86/><F108/><W80/><G102/><T122/><D122/><U107/><E107/><V120/><F120/><W116/><G116/><T32/><D65/><N who="3" m="25161" /><G80/><T53/><D131/><U133/><E133/><V119/><F119/><W20/><G128/><T35/><D29/><U49/><E69/><V104/><F109/><W79/><G79/><T40/><D40/><U70/><E70/><V44/><F104/><W33/><G33/><AGARI ba="1,0" hai="12,15,32,33,35,45,48,53,100,101,103" m="44138" machi="33" ten="40,2600,0" yaku="15,1,11,1" doraHai="126" who="0" fromWho="3" sc="274,29,338,0,113,0,275,-29" owari="303,10.0,338,44.0,113,-39.0,246,-15.0" /></mjloggm>