<mjloggm ver="2.3"><GO type="169" lobby="0"/><UN n0="%E3%83%88%E3%83%88%E3%83%AA%E5%85%88%E7%94%9F%31%39%E6%AD%B3" n1="%EF%BC%BC%28%EF%BC%BE%6F%EF%BC%BE%29%EF%BC%8F%E2%98%85" n2="%E5%BE%A9%E8%AE%90%E3%81%A1%E3%82%83%E3%82%93" n3="%6B%69%79%6F%6E%61%72%69" dan="19,17,16,16" rate="2253.07,2163.41,2139.94,2104.32" sx="F,M,F,M"/><TAIKYOKU oya="0"/><INIT seed="0,0,0,3,0,64" ten="250,250,250,250" oya="0" hai0="38,60,9,117,48,128,27,7,129,43,68,57,67" hai1="44,101,106,124,74,29,111,71,15,85,83,37,22" hai2="93,114,112,126,97,58,119,103,55,10,118,16,110" hai3="72,92,56,104,47,28,62,130,120,87,45,59,107"/><T42/><D117/><N who="2" m="44554" /><F110/><W76/><G72/><T33/><D33/><U122/><E74/><V105/><F105/><W49/><G130/><N who="0" m="50283" /><D38/><U98/><E111/><V131/><F131/><W135/><G107/><T90/><D27/><U78/><E124/><V8/><F126/><W84/><G28/><T19/><D19/><U133/><E133/><V3/><F3/><W134/><G104/><T18/><D18/><U94/><E122/><V99/><F97/><W79/><G120/><T115/><D115/><N who="2" m="44074" /><F16/><W53/><G134/><T96/><D90/><U46/><E15/><V51/><AGARI ba="0,0" hai="8,10,51,55,58,93,99,103" m="44074,44554" machi="51" ten="30,1100,0" yaku="12,1" doraHai="64" who="2" fromWho="2" sc="250,-5,250,-3,250,11,250,-3" /><INIT seed="1,0,0,5,2,112" ten="245,247,261,247" oya="1" hai0="129,95,26,17,83,38,100,85,77,51,122,94,72" hai1="16,135,70,20,58,96,31,14,88,62,44,8,114" hai2="90,65,18,56,131,47,66,29,68,111,102,89,126" hai3="13,5,59,84,81,33,2,28,10,128,87,1,118"/><U49/><E114/><V125/><F68/><W46/><G128/><T121/><D38/><U6/><E70/><V109/><F102/><W34/><G46/><T110/><D129/><U93/><E135/><V120/><F120/><N who="0" m="46186" /><D110/><U74/><E74/><V35/><F47/><W127/><G127/><T80/><D51/><U134/><E134/><V98/><F29/><W82/><G59/><T57/><D57/><U22/><E31/><V123/><F123/><W92/><G92/><T117/><D117/><U12/><E22/><V21/><F35/><W3/><G28/><T7/><D7/><U53/><REACH who="1" step="1"/><E44/><REACH who="1" ten="245,237,261,247" step="2"/><V63/><F131/><W24/><G34/><T15/><D72/><U45/><E45/><V19/><F125/><W54/><G33/><T27/><D27/><U106/><E106/><V119/><F126/><W0/><G24/><T113/><D26/><U69/><E69/><V116/><F109/><W86/><G10/><T71/><D71/><U97/><E97/><V105/><F98/><W11/><G11/><T108/><D113/><U25/><E25/><V42/><F21/><W132/><G132/><T64/><D108/><U130/><E130/><V50/><F105/><W73/><G13/><T79/><D15/><U91/><E91/><V41/><F111/><W43/><G0/><T99/><D99/><U32/><E32/><V78/><F89/><W37/><G1/><T101/><D100/><U115/><E115/><V48/><F90/><W103/><G2/><T55/><D101/><U67/><E67/><V124/><F124/><W23/><G3/><T9/><D9/><RYUUKYOKU ba="0,1" sc="245,-10,237,30,261,-10,247,-10" hai1="6,8,12,14,16,20,49,53,58,62,88,93,96" /><INIT seed="1,1,1,3,3,11" ten="235,267,251,237" oya="1" hai0="118,44,61,21,82,129,108,65,125,77,105,93,123" hai1="4,38,42,79,106,14,40,13,127,7,48,54,9" hai2="69,88,134,96,76,119,104,67,94,28,78,84,121" hai3="52,5,101,49,86,72,59,98,122,31,100,41,110"/><U126/><E106/><V115/><F119/><W75/><G110/><T6/><D118/><U124/><E79/><V71/><F121/><W92/><G122/><T15/><D105/><U46/><E38/><V0/><F0/><W20/><G101/><T39/><D123/><U80/><E80/><V130/><F115/><W102/><G102/><T112/><D108/><U83/><E83/><V99/><F130/><W12/><G41/><N who="1" m="15978" /><E4/><V23/><F134/><W60/><G86/><T120/><D120/><U27/><E27/><V34/><F34/><W74/><G31/><T111/><D111/><U89/><E89/><V116/><F116/><W17/><REACH who="3" step="1"/><G5/><REACH who="3" ten="235,267,251,227" step="2"/><T113/><D6/><U36/><E36/><V30/><F28/><W81/><G81/><T70/><D112/><U133/><E133/><V95/><F30/><W56/><G56/><T1/><D113/><U90/><E90/><V35/><F88/><W107/><G107/><T128/><D39/><U135/><E135/><V3/><F84/><W132/><G132/><T85/><D128/><U37/><E37/><V73/><F104/><W51/><AGARI ba="1,2" hai="12,17,20,49,51,52,59,60,72,74,75,92,98,100" machi="51" ten="40,8000,1" yaku="1,1,0,1,52,1,54,1,53,1" doraHai="11" doraHaiUra="8" who="3" fromWho="3" sc="235,-21,267,-41,251,-21,227,103" /><INIT seed="2,0,0,0,4,77" ten="214,226,230,330" oya="2" hai0="47,98,71,36,18,84,118,80,39,95,60,53,113" hai1="104,85,17,88,105,40,2,110,54,13,4,82,91" hai2="43,134,0,3,10,6,76,123,34,45,8,94,27" hai3="103,122,1,97,70,119,33,20,57,16,129,74,64"/><V42/><F123/><W46/><G122/><T61/><D113/><U25/><E110/><V14/><F134/><W124/><G119/><T106/><D106/><U92/><E40/><V89/><F76/><W56/><G33/><T69/><D118/><U135/><E135/><V41/><F27/><W86/><G74/><T32/><D32/><U75/><E75/><V59/><F59/><W31/><G31/><T29/><D29/><U52/><E104/><V49/><F34/><W35/><G35/><T93/><D18/><U22/><E2/><V127/><F127/><W83/><G1/><T11/><D11/><N who="1" m="4327" /><E105/><V51/><F51/><W117/><G117/><T44/><D84/><AGARI ba="0,0" hai="17,22,25,52,54,82,84,85,88,91,92" m="4327" machi="84" ten="30,7700,0" yaku="8,1,52,1,54,2" doraHai="77" who="1" fromWho="0" sc="214,-77,226,77,230,0,330,0" /><INIT seed="3,0,0,0,2,44" ten="137,303,230,330" oya="3" hai0="48,25,117,96,23,34,75,15,13,126,83,17,68" hai1="40,105,113,57,19,14,32,95,104,53,125,101,51" hai2="89,99,103,28,36,62,74,97,39,81,112,4,109" hai3="27,76,107,26,72,3,128,38,69,80,116,124,88"/><W29/><G116/><T47/><D126/><U11/><E113/><V65/><F4/><W66/><G3/><T106/><D117/><U58/><E125/><V82/><F109/><W71/><G124/><T73/><D68/><U52/><E32/><V16/><F28/><W110/><G27/><T123/><D123/><U12/><E40/><V6/><F6/><W130/><G110/><T21/><D34/><U63/><REACH who="1" step="1"/><E14/><REACH who="1" ten="137,293,230,330" step="2"/><V133/><F112/><W70/><G128/><T85/><D15/><U111/><E111/><V108/><F108/><W90/><G130/><T86/><D13/><U5/><E5/><V93/><F133/><W7/><G7/><T94/><D23/><U41/><E41/><V122/><F122/><W115/><G115/><T64/><D21/><U50/><E50/><V37/><F37/><W56/><G38/><T8/><D48/><U24/><E24/><V135/><F39/><W46/><G26/><T114/><D25/><U45/><E45/><V127/><F135/><W119/><G46/><T35/><D47/><U42/><E42/><V10/><F127/><W92/><G119/><T54/><D35/><U79/><E79/><V118/><F118/><W1/><G1/><T78/><D114/><U87/><E87/><V102/><F36/><W30/><G76/><T31/><D78/><U77/><E77/><V61/><F97/><AGARI ba="0,1" hai="11,12,19,51,52,53,57,58,63,95,97,101,104,105" machi="97" ten="40,5200,0" yaku="1,1,52,1,54,1,53,0" doraHai="44" doraHaiUra="120" who="1" fromWho="2" sc="137,0,293,62,230,-52,330,0" /><INIT seed="4,0,0,4,0,63" ten="137,355,178,330" oya="0" hai0="55,90,123,89,95,1,120,67,59,37,130,50,80" hai1="116,132,76,28,87,121,0,129,111,14,78,61,113" hai2="6,75,104,18,16,109,20,69,30,44,34,23,60" hai3="33,118,97,39,62,108,47,66,64,42,102,125,31"/><T96/><D1/><U54/><E0/><V84/><F75/><W133/><G108/><T103/><D37/><U128/><E116/><V32/><F109/><W117/><G133/><T85/><D130/><U10/><E111/><V27/><F6/><W135/><G135/><T3/><D3/><U40/><E40/><V45/><F104/><N who="3" m="63567" /><G66/><T25/><D25/><U46/><E121/><V107/><F107/><W86/><G86/><T41/><D41/><U2/><E2/><V79/><F45/><W127/><G31/><T43/><D43/><U4/><E132/><V8/><F44/><W49/><G49/><T48/><D48/><U24/><E87/><V112/><F8/><W74/><G33/><T12/><D67/><U38/><E38/><V134/><F30/><W119/><G74/><T122/><REACH who="0" step="1"/><D12/><REACH who="0" ten="127,355,178,330" step="2"/><U101/><E14/><V93/><F134/><W71/><AGARI ba="0,1" hai="39,42,47,62,64,71,117,118,119,125,127" m="63567" machi="71" ten="40,2700,0" yaku="23,1,52,1" doraHai="63" who="3" fromWho="3" sc="127,-13,355,-7,178,-7,330,37" /><INIT seed="5,0,0,2,3,108" ten="114,348,171,367" oya="1" hai0="88,95,101,33,9,12,116,14,106,135,76,84,85" hai1="125,102,110,58,21,81,90,60,3,87,83,34,64" hai2="129,93,1,122,46,130,57,41,103,126,38,124,99" hai3="13,5,28,121,50,89,27,79,113,18,94,98,92"/><U66/><E34/><V112/><F1/><W82/><G113/><T40/><D116/><U19/><E110/><V117/><F117/><W49/><G121/><T133/><D33/><U111/><E111/><V70/><F70/><W52/><G5/><T77/><D40/><U47/><E125/><N who="2" m="48235" /><F122/><W37/><G37/><T16/><D85/><U22/><E3/><V115/><F57/><N who="3" m="32911" /><G50/><T80/><D14/><U69/><E102/><V23/><F23/><N who="3" m="15487" /><G79/><T73/><REACH who="0" step="1"/><D77/><REACH who="0" ten="104,348,171,367" step="2"/><U61/><E87/><V32/><F32/><W134/><G134/><T100/><D100/><U107/><E90/><V114/><AGARI ba="0,1" hai="38,41,46,93,99,103,112,114,115,129,130" m="48235" machi="114" ten="40,12000,2" yaku="15,1,11,1,18,1,52,3" doraHai="108" who="2" fromWho="2" sc="104,-30,348,-60,171,130,367,-30" /><INIT seed="6,0,0,4,3,131" ten="74,288,301,337" oya="2" hai0="72,1,86,132,27,95,118,8,7,97,61,135,38" hai1="94,10,119,83,91,0,122,74,31,109,128,60,123" hai2="57,9,101,99,79,41,17,26,14,2,30,73,25" hai3="113,42,47,22,3,124,52,89,37,33,96,120,121"/><V129/><F129/><W103/><G33/><T114/><D72/><U43/><E128/><V63/><F41/><W64/><G3/><T20/><D38/><U24/><E109/><V50/><F50/><W82/><G64/><T87/><D114/><U29/><E119/><V100/><F2/><W5/><G5/><T58/><D118/><U117/><E117/><V127/><F127/><W68/><G68/><T111/><D111/><U66/><E43/><V90/><F90/><W48/><G124/><T4/><D4/><U40/><E40/><V53/><F26/><W69/><G69/><T11/><D11/><U102/><E102/><V36/><F36/><W98/><G113/><T70/><D70/><U77/><E10/><V18/><F18/><W93/><G22/><T51/><D51/><U85/><E0/><V56/><F56/><W76/><G76/><T107/><D107/><U112/><E112/><V84/><F73/><W15/><G15/><T59/><D87/><U67/><E29/><V12/><F12/><W130/><G130/><T16/><D86/><U80/><E80/><N who="2" m="47135" /><F99/><W71/><G71/><T78/><D78/><U44/><E44/><V28/><F25/><W125/><G125/><T6/><D6/><U108/><E108/><V39/><F39/><W134/><G82/><T105/><D105/><U106/><E106/><V81/><F81/><W88/><G98/><T55/><REACH who="0" step="1"/><D59/><REACH who="0" ten="64,288,301,337" step="2"/><U21/><E60/><V75/><F75/><W46/><G37/><T23/><D23/><U35/><E21/><V133/><F9/><W13/><G48/><T116/><D116/><RYUUKYOKU ba="0,1" sc="64,15,288,15,301,-15,337,-15" hai0="1,7,8,16,20,27,55,58,61,95,97,132,135" hai1="24,31,35,66,67,74,77,83,85,91,94,122,123" /><INIT seed="7,1,1,0,0,62" ten="79,303,286,322" oya="3" hai0="70,86,38,58,75,129,95,63,59,25,114,15,87" hai1="99,80,46,73,34,115,52,23,8,117,113,9,26" hai2="100,94,130,44,57,40,122,5,123,18,96,105,39" hai3="2,104,119,6,47,126,11,102,135,103,121,78,16"/><W41/><G119/><T124/><D38/><U55/><E34/><V79/><F5/><W1/><G121/><N who="2" m="46089" /><F130/><W60/><G2/><T67/><D75/><U76/><E99/><V118/><F79/><W88/><G104/><T20/><D129/><U64/><E64/><V97/><F118/><W69/><G135/><T84/><D124/><U14/><E117/><V125/><F125/><W98/><G78/><T37/><D37/><U10/><E14/><V127/><F127/><W51/><G126/><T66/><D114/><N who="1" m="43531" /><E46/><V109/><F109/><W74/><G74/><T131/><D131/><U4/><E4/><V132/><F132/><W50/><G50/><T36/><D36/><U82/><E80/><V101/><F57/><W110/><G110/><T33/><D33/><U32/><E32/><V22/><F22/><W48/><G48/><T49/><D15/><U116/><E116/><V72/><F72/><W56/><G69/><T29/><D70/><U65/><E65/><N who="0" m="24585" /><D63/><U42/><E42/><V90/><F18/><AGARI ba="1,1" hai="8,9,10,18,23,26,52,55,73,76,82" m="43531" machi="18" ten="30,2000,0" yaku="15,1,54,1" doraHai="62" who="1" fromWho="2" sc="79,0,303,33,286,-23,322,0" owari="79,-42.0,336,44.0,263,-14.0,322,12.0" /></mjloggm>