<mjloggm ver="2.3"><GO type="169" lobby="0"/><UN n0="%E3%81%A1%E3%82%83%E3%81%93%E3%81%93" n1="%E5%B0%B1%E6%B4%BB%E7%94%9F%40%E5%B7%9D%E6%9D%91%E8%BB%8D%E5%9B%A3" n2="%E5%87%9C%E7%94%B0%E8%8E%89%E5%AD%90" n3="%68%61%73%65%33%32%38" dan="17,18,17,16" rate="2180.64,2328.25,2172.33,2091.15" sx="F,M,M,M"/><TAIKYOKU oya="0"/><INIT seed="0,0,0,3,4,110" ten="250,250,250,250" oya="0" hai0="0,18,24,21,118,49,74,20,9,36,61,57,84" hai1="6,123,124,104,44,31,5,112,16,39,60,73,66" hai2="30,101,64,45,50,70,119,71,53,103,134,34,120" hai3="68,88,52,10,11,109,27,42,86,51,59,108,32"/><T8/><D36/><U94/><E104/><V14/><F120/><W77/><G68/><T67/><D74/><U12/><E123/><V41/><F134/><W2/><G77/><T133/><D118/><U47/><E73/><V105/><F119/><W125/><G125/><T116/><D116/><U82/><E31/><V99/><F101/><W93/><G42/><T19/><D133/><U55/><E124/><V89/><F14/><W43/><G43/><T63/><D49/><U3/><E3/><V72/><F72/><W33/><G11/><T69/><D84/><U131/><E131/><V76/><F76/><W81/><G81/><T97/><D97/><U13/><E82/><V4/><F4/><N who="3" m="1303" /><G27/><T35/><D35/><U91/><E112/><V132/><F132/><W106/><G106/><T92/><D92/><U111/><E111/><AGARI ba="0,0" hai="32,33,51,52,59,86,88,93,108,109,111" m="1303" machi="111" ten="30,3900,0" yaku="14,1,54,2" doraHai="110" who="3" fromWho="1" sc="250,0,250,-39,250,0,250,39" /><INIT seed="1,0,0,5,3,97" ten="250,211,250,289" oya="1" hai0="31,117,66,27,53,121,88,35,120,123,47,6,22" hai1="11,46,119,112,115,81,62,129,36,134,20,94,60" hai2="8,34,133,4,17,67,28,102,54,135,51,5,83" hai3="74,78,57,38,33,42,16,39,1,113,2,91,110"/><U69/><E119/><V23/><F67/><W87/><G113/><T101/><D66/><U82/><E129/><V124/><F124/><W116/><G110/><T41/><D53/><U104/><E104/><V71/><F71/><W18/><G33/><T61/><D61/><U114/><E134/><N who="2" m="51211" /><F83/><W103/><G57/><T72/><D72/><U132/><E132/><V49/><F102/><W48/><G74/><T58/><D58/><U56/><E69/><V108/><F108/><W127/><G127/><T25/><D6/><U73/><E73/><V76/><F76/><W52/><G78/><T128/><D128/><U106/><E106/><V30/><F8/><W89/><G48/><N who="2" m="18505" /><F54/><W15/><G52/><T100/><D117/><U84/><E11/><V9/><F34/><W59/><G59/><T122/><N who="0" m="31232" /><DORA hai="86" /><T50/><REACH who="0" step="1"/><D88/><REACH who="0" ten="240,211,250,289" step="2"/><U95/><E56/><V126/><F126/><W90/><G116/><T14/><D14/><U13/><E62/><V64/><F64/><W0/><G15/><T63/><D63/><U125/><E60/><V55/><F55/><W7/><G7/><T93/><D93/><U75/><E125/><V10/><F5/><W44/><G0/><T98/><D98/><U21/><E95/><V131/><F131/><W68/><G1/><T37/><D37/><U40/><E94/><V85/><F4/><W3/><G2/><T24/><D24/><U107/><E107/><V70/><F70/><W12/><G3/><T111/><D111/><U65/><E65/><V118/><F118/><W109/><G109/><T79/><D79/><N who="1" m="44287" /><E13/><N who="2" m="9647" /><F85/><W26/><G87/><RYUUKYOKU ba="0,1" sc="240,10,211,10,250,10,289,-30" hai0="22,25,27,31,35,41,47,50,100,101" hai1="20,21,36,40,46,82,84,112,114,115" hai2="9,10,28,30" /><INIT seed="1,1,1,4,2,59" ten="250,221,260,259" oya="1" hai0="135,119,89,125,27,53,91,30,43,0,122,108,19" hai1="78,50,38,66,112,29,71,46,118,13,79,75,124" hai2="73,116,106,126,105,9,39,48,4,98,102,15,17" hai3="104,69,23,58,33,28,120,77,132,20,92,133,96"/><U88/><E118/><V62/><F116/><W80/><G120/><T83/><D119/><U35/><E112/><V64/><F39/><W16/><G104/><T103/><D108/><U60/><E38/><V121/><F121/><W1/><G69/><T131/><D122/><U31/><E75/><V70/><F73/><W95/><G1/><T81/><D43/><U54/><E124/><V14/><F48/><W36/><G36/><T6/><D19/><U68/><E68/><V49/><F49/><W61/><G33/><T134/><D103/><U18/><E35/><V67/><F67/><W45/><G45/><T129/><D53/><U110/><E110/><V44/><F44/><W97/><G28/><T111/><D111/><U99/><E31/><V2/><F126/><W82/><G58/><T55/><D55/><U72/><E72/><V114/><F114/><W107/><G107/><T113/><D113/><U47/><E47/><V93/><REACH who="2" step="1"/><F14/><REACH who="2" ten="250,221,250,259" step="2"/><W123/><G123/><T90/><D125/><U86/><E50/><V101/><F101/><W8/><G133/><T128/><D134/><U11/><E46/><V41/><F41/><W76/><G132/><T74/><D135/><U52/><E54/><V7/><F7/><W21/><G16/><T42/><D74/><U24/><E52/><V63/><F63/><W85/><G61/><T87/><D42/><U5/><E5/><V26/><F26/><W37/><G37/><T117/><D117/><U115/><E115/><V109/><F109/><W12/><G12/><T51/><D51/><U100/><E13/><V34/><F34/><RYUUKYOKU ba="1,2" sc="250,-10,221,-10,250,30,259,-10" hai2="2,4,9,15,17,62,64,70,93,98,102,105,106" /><INIT seed="2,2,2,3,4,43" ten="240,211,280,249" oya="2" hai0="52,133,93,54,2,55,98,14,110,26,121,35,72" hai1="111,12,9,58,60,17,85,71,22,127,116,77,25" hai2="44,33,62,97,27,89,122,106,82,119,83,30,91" hai3="128,130,74,99,105,124,117,103,134,40,90,75,84"/><V19/><F119/><W5/><G5/><T95/><D121/><U34/><E111/><V108/><F122/><W45/><G117/><T76/><D2/><U101/><E116/><V107/><F108/><W67/><G124/><T64/><D110/><U73/><E71/><V135/><F135/><W21/><G134/><T115/><D115/><U23/><E73/><V57/><F19/><W61/><G21/><T126/><D126/><U41/><E127/><V56/><F44/><W1/><G1/><T114/><D64/><N who="1" m="38935" /><E34/><V11/><F11/><W4/><G4/><T28/><D133/><U32/><E32/><V132/><F132/><W87/><G87/><T120/><D120/><U96/><E41/><V104/><F57/><W86/><G86/><T123/><D114/><U94/><E25/><V39/><F39/><N who="3" m="21663" /><G90/><T49/><D123/><U53/><E53/><V69/><F69/><N who="3" m="42223" /><G84/><T8/><D76/><U113/><E113/><V7/><F7/><W81/><G81/><AGARI ba="2,2" hai="9,12,17,22,23,77,81,85,94,96,101" m="38935" machi="81" ten="30,1000,0" yaku="8,1" doraHai="43" who="1" fromWho="3" sc="240,0,211,36,280,0,249,-16" /><INIT seed="3,0,0,4,1,100" ten="240,247,280,233" oya="3" hai0="8,78,19,86,50,87,0,41,27,52,59,6,58" hai1="96,94,107,116,25,97,81,7,37,134,38,60,17" hai2="3,125,35,85,118,131,83,71,117,43,114,124,98" hai3="123,24,44,69,135,39,103,45,68,30,20,112,49"/><W102/><G123/><T36/><D59/><U119/><E7/><V11/><F35/><W93/><G112/><T67/><D67/><U80/><E60/><V54/><F114/><W72/><G72/><T47/><REACH who="0" step="1"/><D78/><REACH who="0" ten="230,247,280,233" step="2"/><U34/><E116/><V74/><F118/><W79/><G79/><T76/><D76/><U108/><E119/><V53/><F117/><W10/><G69/><T46/><D46/><U126/><E126/><V105/><F71/><W77/><G68/><T29/><D29/><U28/><E134/><V91/><F124/><W65/><G65/><T101/><D101/><U130/><E130/><V120/><F125/><W64/><G64/><T121/><D121/><U14/><E108/><V31/><F120/><W106/><G135/><T40/><D40/><U61/><E61/><V122/><F31/><W51/><G77/><T33/><D33/><U13/><E28/><V84/><F43/><W129/><G129/><T111/><D111/><U1/><E34/><V75/><F131/><W55/><G103/><T42/><D42/><U56/><E56/><V66/><F66/><W95/><G102/><T82/><D82/><U21/><E80/><V88/><F83/><W57/><G57/><T15/><D15/><U4/><E81/><V12/><F12/><W70/><G70/><T132/><D132/><U26/><E14/><V32/><F32/><W18/><G30/><T128/><D128/><U48/><E13/><V99/><F122/><W2/><G45/><T63/><D63/><U127/><E127/><V23/><F75/><W110/><G44/><T89/><D89/><RYUUKYOKU ba="0,1" sc="230,30,247,-10,280,-10,233,-10" hai0="0,6,8,19,27,36,41,47,50,52,58,86,87" /><INIT seed="4,1,1,1,2,112" ten="260,237,270,223" oya="0" hai0="113,6,63,52,85,70,34,106,122,92,10,9,26" hai1="78,41,7,105,64,30,31,80,123,75,45,116,56" hai2="127,132,81,134,111,126,91,27,47,95,71,69,87" hai3="133,21,0,114,24,88,48,62,129,84,32,40,58"/><T125/><D106/><U61/><E123/><V89/><F111/><W119/><G119/><T12/><D122/><U50/><E105/><V53/><F27/><W77/><G114/><T124/><D113/><U108/><E108/><V98/><F69/><W3/><G129/><T37/><D37/><U96/><E116/><V79/><F71/><W16/><G133/><N who="2" m="51305" /><F53/><W28/><G77/><T83/><D92/><U25/><E96/><V42/><F47/><W128/><G40/><T99/><D99/><U36/><E7/><V4/><F4/><W100/><G100/><T23/><D34/><U51/><E31/><V18/><F18/><W94/><G128/><T82/><D70/><U17/><E17/><V22/><F22/><AGARI ba="1,1" hai="22,25,30,36,41,45,50,51,56,61,64,75,78,80" machi="22" ten="30,1000,0" yaku="7,1" doraHai="112" who="1" fromWho="2" sc="260,0,237,23,270,-13,223,0" /><INIT seed="5,0,0,1,2,90" ten="260,260,257,223" oya="1" hai0="126,46,37,97,35,124,56,118,80,67,54,109,58" hai1="33,132,130,39,108,32,44,133,111,19,85,28,127" hai2="91,82,69,98,20,87,76,4,36,93,14,27,16" hai3="1,31,60,120,70,6,57,83,89,45,63,95,30"/><U21/><E39/><V53/><F36/><W12/><G120/><T135/><D35/><N who="1" m="13387" /><E44/><V112/><F69/><W68/><G1/><T61/><D109/><N who="1" m="42059" /><E85/><V123/><F123/><W22/><G45/><T101/><D118/><U114/><E114/><V122/><F122/><W11/><G70/><T74/><D135/><N who="1" m="51787" /><E130/><V106/><F112/><W3/><G68/><T40/><D74/><U64/><E64/><V41/><F41/><W129/><G129/><T71/><D80/><U13/><E28/><V0/><F106/><W59/><G83/><T24/><D58/><U86/><E86/><V99/><F53/><W116/><G116/><T104/><REACH who="0" step="1"/><D24/><REACH who="0" ten="250,260,257,223" step="2"/><U134/><E134/><V7/><F27/><W51/><G59/><T128/><D128/><U94/><E94/><V2/><F93/><W34/><G95/><T8/><D8/><U42/><E42/><V18/><F82/><W105/><G11/><T107/><D107/><U17/><E17/><V65/><F16/><W77/><G105/><T92/><D92/><U88/><E88/><V50/><F91/><W38/><G89/><T66/><D66/><U49/><E49/><AGARI ba="0,1" hai="37,40,46,49,54,56,61,67,71,97,101,104,124,126" machi="49" ten="40,5200,0" yaku="1,1,24,2,53,0" doraHai="90" doraHaiUra="125" who="0" fromWho="1" sc="250,62,260,-52,257,0,223,0" /><INIT seed="6,0,0,4,0,11" ten="312,208,257,223" oya="2" hai0="14,102,92,98,126,36,63,50,89,132,5,118,32" hai1="81,37,67,101,16,106,108,34,44,90,103,22,117" hai2="122,125,12,33,86,55,7,109,62,2,105,91,78" hai3="10,24,52,112,110,27,28,128,119,115,38,74,85"/><V48/><F122/><W70/><G110/><T54/><D36/><U39/><E34/><V18/><F109/><W94/><G119/><T87/><D32/><U131/><E108/><V59/><F33/><W29/><G128/><T84/><D126/><U79/><E117/><V68/><F105/><W97/><G74/><T83/><D132/><U116/><E116/><V49/><F78/><W65/><G38/><T58/><D118/><U20/><E131/><V111/><F125/><W71/><G85/><T72/><D84/><U82/><E67/><V130/><F130/><W123/><G123/><T113/><D72/><U64/><E64/><V124/><F124/><W127/><G10/><N who="0" m="4431" /><D113/><N who="3" m="43593" /><G127/><T9/><D9/><U51/><E106/><V80/><F68/><N who="3" m="26155" /><G65/><T6/><D6/><U133/><E133/><V75/><F75/><W47/><G47/><T120/><D120/><U66/><E66/><V76/><F111/><W30/><G52/><T107/><D107/><U26/><E39/><V19/><F76/><W41/><G41/><T46/><D46/><U42/><E37/><V4/><F2/><W134/><G134/><T45/><D45/><U0/><E0/><V95/><F7/><W43/><G43/><T40/><D40/><U31/><E79/><V121/><F121/><W8/><G8/><T13/><D13/><N who="1" m="9231" /><E81/><V1/><F80/><W15/><G15/><T104/><D104/><U129/><E129/><V35/><F1/><W99/><G94/><T61/><AGARI ba="0,0" hai="50,54,58,61,63,83,87,89,92,98,102" m="4431" machi="61" ten="30,2000,0" yaku="8,1,52,1" doraHai="11" who="0" fromWho="0" sc="312,20,208,-5,257,-10,223,-5" /><INIT seed="7,0,0,4,3,73" ten="332,203,247,218" oya="3" hai0="42,22,72,125,126,2,75,29,108,90,77,95,105" hai1="63,133,127,48,100,82,131,132,78,45,74,56,112" hai2="91,10,118,8,120,88,32,83,97,47,53,103,23" hai3="33,128,124,98,99,14,134,102,3,17,7,116,35"/><W43/><G116/><T9/><D105/><U49/><E112/><V87/><F118/><W104/><G43/><T26/><D108/><U59/><E131/><V58/><F32/><W16/><G3/><T96/><D77/><U46/><E127/><N who="0" m="48649" /><D42/><N who="1" m="24631" /><E100/><V1/><F47/><W81/><G124/><T19/><D2/><U119/><E63/><V5/><F10/><W34/><G128/><T40/><D40/><N who="1" m="24775" /><E119/><V130/><F120/><W12/><G134/><AGARI ba="0,0" hai="56,59,74,78,82,132,133,134" m="24775,24631" machi="134" ten="30,2000,0" yaku="20,1,52,1" doraHai="73" who="1" fromWho="3" sc="332,0,203,20,247,0,218,-20" owari="332,43.0,223,-18.0,247,5.0,198,-30.0" /></mjloggm>