<mjloggm ver="2.3"><GO type="169" lobby="0"/><UN n0="%E3%82%A6%E3%83%AB%E3%83%88%E3%83%A9%E7%AB%8B%E7%9B%B4" n1="%72%79%75%6D%69%74%69" n2="%69%63%65%6D%61%6E%32" n3="%E7%A0%B4%E5%B9%BB" dan="18,16,16,16" rate="2195.37,2064.08,2101.83,2173.94" sx="M,M,M,F"/><TAIKYOKU oya="0"/><INIT seed="0,0,0,3,1,118" ten="250,250,250,250" oya="0" hai0="66,75,76,101,55,86,90,59,91,47,50,87,26" hai1="6,51,60,107,120,130,85,103,9,32,84,117,28" hai2="78,42,97,100,131,110,125,126,121,2,19,98,68" hai3="83,108,11,96,29,13,133,63,5,15,12,111,81"/><T104/><D75/><U16/><E117/><V54/><F68/><W135/><G63/><T30/><D104/><U127/><E127/><V124/><F2/><N who="3" m="439" /><G96/><T72/><D101/><U74/><E74/><V113/><F113/><W43/><G43/><T73/><D76/><U17/><E130/><V49/><F110/><N who="3" m="42027" /><G81/><T102/><D102/><U67/><E51/><V27/><F42/><W93/><G93/><T61/><D87/><U24/><E84/><V36/><F36/><W22/><G83/><T105/><D91/><U88/><E103/><V39/><F39/><W35/><G35/><T1/><D105/><U116/><E107/><N who="2" m="63887" /><F78/><W92/><G92/><T4/><D86/><U3/><E116/><V128/><F98/><W46/><G46/><T109/><D90/><U40/><E40/><V95/><F95/><W34/><G34/><T122/><D109/><U21/><E32/><V82/><F82/><W45/><G45/><T18/><D73/><U58/><REACH who="1" step="1"/><E120/><REACH who="1" ten="250,240,250,250" step="2"/><V56/><F121/><W10/><G10/><T20/><D122/><U89/><E89/><V0/><F0/><W99/><G99/><T69/><D72/><U77/><E77/><V62/><F49/><W79/><G79/><T80/><D1/><U52/><E52/><V25/><F131/><W41/><G41/><T112/><D50/><U106/><E106/><V71/><F128/><W23/><G23/><T14/><D20/><U48/><E48/><V7/><F126/><W134/><G22/><T31/><D55/><U8/><E8/><V64/><F125/><W53/><G53/><T132/><D47/><RYUUKYOKU ba="0,1" sc="250,-15,240,15,250,-15,250,15" hai1="3,6,9,16,17,21,24,28,58,60,67,85,88" hai3="12,13,15,29,133,134,135" /><INIT seed="1,1,1,0,1,103" ten="235,255,235,265" oya="1" hai0="88,33,48,77,53,5,123,120,31,83,111,29,86" hai1="34,97,61,11,93,66,110,21,104,85,134,126,76" hai2="84,95,73,78,113,72,89,129,17,64,54,59,118" hai3="14,12,46,81,94,32,70,115,102,26,19,36,96"/><U16/><E126/><V122/><F122/><N who="0" m="46634" /><D111/><U27/><E110/><V106/><F118/><W0/><G0/><T42/><D42/><U3/><E3/><V117/><F117/><W65/><G115/><T23/><D5/><U58/><E134/><V4/><F4/><W133/><G133/><T130/><D33/><U25/><E11/><V44/><F113/><W1/><G1/><T69/><D69/><U62/><E62/><V47/><F64/><W13/><G81/><N who="0" m="49231" /><D23/><U45/><E45/><V128/><F106/><W56/><G70/><T22/><D22/><U24/><E34/><V101/><F101/><W92/><G36/><T80/><D80/><N who="1" m="47239" /><E104/><V127/><F127/><W107/><G46/><N who="2" m="17449" /><F78/><W50/><G32/><T74/><D130/><N who="2" m="50282" /><F17/><W55/><G65/><T100/><D100/><AGARI ba="1,1" hai="16,21,24,25,27,58,61,66,93,97,100" m="47239" machi="100" ten="30,2900,0" yaku="8,1,54,1" doraHai="103" who="1" fromWho="0" sc="235,-32,255,42,235,0,265,0" /><INIT seed="1,2,0,5,5,19" ten="203,297,235,265" oya="1" hai0="3,99,63,89,4,123,68,97,6,61,17,103,98" hai1="44,15,0,107,101,54,62,37,75,82,51,120,46" hai2="76,80,130,114,91,117,33,26,58,24,81,87,86" hai3="83,90,109,113,79,40,85,106,94,110,133,108,18"/><U104/><E0/><V21/><F117/><W7/><G7/><T23/><D123/><U131/><E120/><V41/><F130/><W39/><G39/><T125/><D125/><U16/><E131/><V25/><F33/><W36/><G36/><T52/><D103/><U56/><E101/><V29/><F114/><W5/><G5/><T30/><D30/><U14/><E37/><V132/><F132/><W121/><G40/><T11/><D6/><U43/><E14/><V70/><F70/><W35/><G121/><T48/><D89/><U71/><E71/><V129/><F129/><W27/><G106/><T32/><D32/><U8/><REACH who="1" step="1"/><E46/><REACH who="1" ten="203,287,235,265" step="2"/><V38/><F38/><W88/><G109/><T42/><D68/><U45/><E45/><V96/><F41/><W47/><G47/><T74/><D42/><U78/><AGARI ba="2,1" hai="8,15,16,43,44,51,54,56,62,75,78,82,104,107" machi="78" ten="30,11700,0" yaku="1,1,0,1,54,1,53,1" doraHai="19" doraHaiUra="12" who="1" fromWho="1" sc="203,-41,287,133,235,-41,265,-41" /><INIT seed="1,3,0,2,4,100" ten="162,420,194,224" oya="1" hai0="13,31,14,128,21,0,117,95,119,125,78,48,16" hai1="107,102,72,6,134,30,4,109,73,54,120,60,18" hai2="2,1,129,29,35,124,133,40,91,37,92,99,46" hai3="81,62,80,39,126,89,25,61,70,19,41,5,66"/><U38/><E120/><V131/><F133/><W85/><G126/><T130/><D78/><U105/><E38/><V15/><F124/><W122/><G122/><T116/><D125/><U24/><E18/><V88/><F91/><W74/><G5/><N who="1" m="2154" /><E134/><V34/><F15/><W36/><G62/><T118/><N who="0" m="29696" /><DORA hai="55" /><T127/><D127/><U42/><E42/><V77/><F77/><W83/><G74/><N who="1" m="28778" /><E102/><V44/><F44/><W53/><G41/><T79/><D31/><U69/><E54/><V22/><F22/><W110/><G81/><T93/><D79/><U27/><E30/><V49/><F37/><W33/><G80/><T101/><D0/><N who="2" m="106" /><F29/><W135/><G83/><T10/><D48/><U104/><E60/><V94/><F94/><W76/><G61/><T43/><D43/><U64/><E64/><V114/><F114/><W115/><G66/><T23/><D95/><U121/><E121/><V20/><F20/><N who="0" m="7754" /><D93/><U50/><E50/><V51/><F51/><W98/><G36/><T97/><D101/><U3/><E69/><V28/><F28/><W96/><G70/><T86/><D97/><U8/><E3/><V45/><F45/><W75/><G96/><T113/><D86/><U82/><E82/><V123/><F123/><W57/><G98/><T112/><D14/><U108/><E8/><V7/><F7/><W106/><G39/><T59/><D59/><U71/><E71/><V58/><F58/><W87/><G57/><T12/><D12/><U26/><AGARI ba="3,0" hai="24,26,27,104,105,107,108,109" m="28778,2154" machi="26" ten="50,12000,1" yaku="28,2,52,3" doraHai="100,55" who="1" fromWho="1" sc="162,-43,420,129,194,-43,224,-43" /><INIT seed="1,4,0,3,4,83" ten="119,549,151,181" oya="1" hai0="111,99,97,9,108,76,58,50,73,121,92,119,29" hai1="116,80,72,104,106,60,103,102,67,48,15,84,118" hai2="34,77,75,11,27,6,37,120,71,100,59,91,53" hai3="85,24,46,117,42,128,54,131,113,87,10,18,70"/><U44/><E72/><V133/><F71/><W47/><G70/><T0/><D119/><U52/><E103/><V23/><F34/><W2/><G113/><T79/><D121/><U12/><E116/><V94/><F37/><N who="3" m="21839" /><G117/><T30/><D58/><U68/><E118/><V13/><F120/><W19/><G24/><T69/><D50/><U17/><E102/><V1/><F133/><W26/><G26/><T90/><D69/><U41/><E41/><V64/><F64/><W123/><G123/><T105/><D0/><U124/><E124/><V32/><F100/><W20/><G20/><T43/><D9/><U63/><E63/><V98/><F75/><W82/><G82/><T96/><D43/><U57/><E68/><V55/><F77/><N who="0" m="29770" /><D73/><U78/><REACH who="1" step="1"/><E12/><REACH who="1" ten="119,539,151,181" step="2"/><V33/><F13/><W3/><G3/><T132/><D132/><U95/><E95/><V21/><F32/><W39/><G2/><T16/><D105/><U28/><E28/><V135/><F135/><W62/><G62/><T61/><D61/><U127/><E127/><V74/><F74/><W36/><G36/><T7/><D30/><U130/><E130/><V81/><F33/><W5/><G131/><T125/><D29/><U35/><E35/><V40/><F40/><N who="3" m="22943" /><G128/><T66/><D125/><U112/><E112/><V109/><F94/><W4/><G54/><T115/><D115/><U93/><E93/><N who="2" m="56639" /><F55/><W51/><G51/><T65/><D92/><U31/><E31/><V89/><F53/><W114/><G114/><T107/><D107/><U22/><AGARI ba="4,1" hai="15,17,22,44,48,52,57,60,67,78,80,84,104,106" machi="22" ten="20,18000,2" yaku="1,1,0,1,7,1,52,1,54,1,53,1" doraHai="83" doraHaiUra="49" who="1" fromWho="1" sc="119,-64,539,202,151,-64,181,-64" /><INIT seed="1,5,0,1,0,56" ten="55,741,87,117" oya="1" hai0="9,128,14,4,110,95,89,127,66,38,91,65,133" hai1="37,74,72,13,80,73,71,116,113,126,44,11,120" hai2="10,18,47,119,78,112,93,16,42,117,40,131,43" hai3="64,108,107,92,26,2,34,123,41,24,100,52,135"/><U109/><E113/><V67/><F112/><W111/><G123/><T134/><D38/><U103/><E116/><V60/><F78/><W0/><G107/><T39/><D39/><U94/><E120/><V105/><F105/><W75/><G75/><T46/><D110/><N who="3" m="42025" /><G41/><T48/><D127/><U6/><E71/><V35/><F35/><W32/><G64/><T57/><D128/><U28/><E126/><V76/><F76/><W23/><G26/><T8/><D8/><U87/><E28/><V59/><F131/><W58/><G135/><N who="0" m="51723" /><D57/><U53/><E109/><V122/><F122/><W118/><G118/><T7/><D7/><U82/><E37/><V3/><F119/><W104/><G104/><T86/><D91/><U98/><REACH who="1" step="1"/><E87/><REACH who="1" ten="55,731,87,117" step="2"/><V55/><F117/><W45/><G32/><T33/><D33/><U85/><E85/><V129/><F129/><W99/><G34/><T19/><D4/><U88/><E88/><V115/><F115/><W22/><G0/><T15/><D15/><U102/><E102/><V84/><F3/><W30/><G2/><T121/><D121/><U90/><E90/><N who="2" m="53447" /><F10/><W124/><G124/><T21/><D9/><U114/><E114/><V31/><F31/><W17/><G30/><T51/><D86/><U63/><E63/><V5/><F5/><W70/><G70/><T130/><D130/><U61/><E61/><V97/><F97/><W1/><G1/><T132/><D132/><U96/><E96/><V83/><F83/><W12/><G100/><T69/><D89/><U62/><E62/><V68/><F68/><W50/><G99/><RYUUKYOKU ba="5,1" sc="55,-15,731,15,87,15,117,-15" hai1="6,11,13,44,53,72,73,74,80,82,94,98,103" hai2="16,18,40,42,43,47,55,59,60,67" /><INIT seed="1,6,1,1,3,84" ten="40,746,102,102" oya="1" hai0="56,104,120,37,23,54,98,53,8,14,61,101,130" hai1="102,124,112,108,10,1,0,111,131,117,57,9,52" hai2="16,51,83,74,71,49,29,69,109,96,27,44,33" hai3="26,5,110,99,62,30,39,77,34,31,100,36,25"/><U22/><E112/><V94/><F109/><N who="1" m="42057" /><E117/><V76/><F49/><W135/><G110/><T47/><D130/><U59/><E131/><V7/><F7/><W88/><G135/><T46/><D120/><U81/><E124/><V2/><F2/><N who="1" m="1129" /><E102/><V19/><F69/><W128/><G5/><T82/><D37/><U89/><E22/><V64/><F64/><W18/><G100/><T126/><D126/><U116/><E59/><V107/><F107/><W43/><G36/><T45/><D23/><U72/><E116/><V93/><F93/><W48/><G39/><T24/><D82/><U127/><E127/><V55/><F71/><W13/><G34/><T119/><D119/><U97/><E72/><V73/><F73/><W38/><G38/><T70/><D70/><U17/><E17/><V40/><F40/><W67/><G30/><T21/><D54/><U3/><E3/><V58/><F58/><N who="3" m="37335" /><G31/><T66/><D53/><U20/><E20/><V134/><F134/><W75/><G75/><T35/><D35/><U11/><E11/><V132/><F132/><W114/><G128/><T80/><D80/><U86/><E97/><V123/><F123/><W115/><G114/><T133/><D133/><U4/><E4/><V78/><F78/><W90/><G77/><T87/><D21/><U32/><E32/><V95/><F95/><N who="3" m="56807" /><G115/><T125/><D125/><U79/><E79/><V41/><F41/><W121/><G121/><T122/><D122/><U105/><E105/><V91/><AGARI ba="6,1" hai="16,19,27,29,33,44,51,55,74,76,83,91,94,96" machi="91" ten="20,5200,0" yaku="0,1,7,1,52,1,54,1" doraHai="84" who="2" fromWho="2" sc="40,-19,746,-32,102,80,102,-19" /><INIT seed="2,0,0,4,2,128" ten="21,714,182,83" oya="2" hai0="12,115,20,63,124,38,9,126,44,69,96,6,90" hai1="110,135,48,37,67,58,103,35,107,102,41,70,2" hai2="65,129,92,120,26,108,75,116,7,11,1,59,39" hai3="42,54,119,97,118,60,81,53,62,34,112,111,36"/><V131/><F75/><W24/><G34/><T133/><D115/><U74/><E103/><V23/><F39/><W52/><G24/><T46/><D20/><U15/><E15/><V10/><F120/><W86/><G112/><T3/><D3/><U73/><E102/><V89/><F116/><W45/><G111/><T76/><D76/><U56/><E35/><V31/><F108/><W68/><G97/><T66/><D38/><U51/><E2/><V127/><F127/><N who="0" m="48682" /><D133/><U18/><E107/><V50/><F11/><W78/><REACH who="3" step="1"/><G68/><REACH who="3" ten="21,714,182,73" step="2"/><T121/><D121/><U4/><E110/><V132/><F129/><W88/><G88/><T106/><D90/><U8/><E70/><V105/><F131/><W19/><G19/><T122/><D122/><U83/><E18/><V79/><F79/><W117/><AGARI ba="0,1" hai="36,42,45,52,53,54,60,62,78,81,86,117,118,119" machi="117" ten="40,5200,0" yaku="1,1,0,1,54,1,53,0" doraHai="128" doraHaiUra="27" who="3" fromWho="3" sc="21,-13,714,-13,182,-26,73,62" /><INIT seed="3,0,0,0,0,120" ten="8,701,156,135" oya="3" hai0="118,135,74,20,72,103,17,130,101,111,113,49,18" hai1="99,67,46,16,10,87,93,91,102,104,4,48,64" hai2="7,44,59,47,3,114,70,43,62,39,123,52,61" hai3="106,0,73,89,129,36,95,56,6,81,128,133,121"/><W41/><G121/><T84/><D118/><U21/><E10/><V34/><F34/><W109/><G106/><T75/><D130/><N who="3" m="50281" /><G133/><T29/><D135/><U38/><E38/><N who="2" m="21623" /><F7/><W22/><G6/><T94/><D113/><U78/><E78/><V80/><F80/><W15/><G0/><T55/><D29/><U42/><REACH who="1" step="1"/><E4/><REACH who="1" ten="8,691,156,135" step="2"/><V13/><F114/><W25/><G36/><T19/><D111/><U5/><E5/><V26/><F3/><W119/><G109/><T68/><D68/><U24/><AGARI ba="0,1" hai="16,21,24,42,46,48,64,67,87,91,93,99,102,104" machi="24" ten="20,5200,0" yaku="1,1,0,1,7,1,54,1,53,0" doraHai="120" doraHaiUra="110" who="1" fromWho="1" sc="8,-13,691,62,156,-13,135,-26" owari="-5,-51.0,753,86.0,143,-6.0,109,-29.0" /></mjloggm>