<mjloggm ver="2.3"><GO type="169" lobby="0"/><UN n0="%73%68%61%70%65%6C%65%72" n1="%E3%82%A6%E3%83%AB%E3%83%88%E3%83%A9%E7%AB%8B%E7%9B%B4" n2="%E2%91%A3%E3%82%BB%E3%83%B3%E3%83%81" n3="%E3%82%8A%E3%82%87%E3%81%86%E3%81%BE%35%37%32%34" dan="18,17,17,16" rate="2246.32,2167.24,2181.55,2148.98" sx="M,M,M,M"/><TAIKYOKU oya="0"/><INIT seed="0,0,0,1,5,49" ten="250,250,250,250" oya="0" hai0="3,18,130,38,84,118,7,30,69,106,13,54,131" hai1="35,125,6,113,33,22,96,98,17,74,10,93,107" hai2="92,65,117,79,111,102,75,2,129,135,19,27,24" hai3="115,15,109,20,45,32,128,134,29,68,11,86,100"/><T66/><D118/><U132/><E74/><V124/><F2/><W55/><G32/><T52/><D38/><U39/><E39/><V83/><F117/><W62/><G115/><T133/><D106/><U58/><E113/><V77/><F65/><W42/><G109/><T12/><D133/><U43/><E43/><V26/><F135/><W36/><G100/><T5/><D30/><U60/><E107/><V34/><F111/><W99/><G99/><T8/><D3/><U90/><E98/><V0/><F0/><W94/><G128/><N who="0" m="49195" /><D84/><U121/><E121/><V76/><F129/><W31/><G134/><T89/><D89/><U82/><E82/><V103/><F124/><W44/><G94/><T46/><D46/><U40/><E40/><V50/><F34/><W28/><G86/><T1/><D1/><N who="1" m="335" /><E125/><V88/><F19/><W41/><G68/><T81/><D81/><U105/><E105/><V25/><N who="2" m="6144" /><DORA hai="63" /><V16/><F16/><N who="3" m="10271" /><G11/><N who="0" m="6431" /><D5/><U80/><E80/><V51/><F83/><W53/><G36/><T59/><D69/><U61/><E132/><V57/><F75/><W104/><G104/><T47/><D47/><N who="3" m="17993" /><G53/><T108/><D108/><U56/><E33/><V71/><F71/><W9/><G9/><T73/><D73/><U116/><E35/><V72/><F72/><W85/><G85/><T122/><D122/><U126/><E126/><V114/><F114/><W123/><G123/><T67/><D54/><U21/><E116/><V120/><F120/><W48/><G48/><AGARI ba="0,0" hai="7,8,13,48,52,59,66,67" m="6431,49195" machi="48" ten="30,12000,1" yaku="19,1,52,3,54,1" doraHai="49,63" who="0" fromWho="3" sc="250,120,250,0,250,0,250,-120" /><INIT seed="0,1,0,1,0,134" ten="370,250,250,130" oya="0" hai0="7,120,129,6,44,75,70,77,9,92,32,132,90" hai1="72,38,69,83,46,3,85,101,53,125,55,65,82" hai2="8,35,59,110,42,62,127,11,96,67,71,28,86" hai3="128,133,41,13,49,97,48,76,80,31,73,12,17"/><T93/><D120/><U5/><E101/><V114/><F114/><W124/><G133/><T58/><D70/><U84/><E65/><V121/><F121/><W51/><G128/><T20/><D32/><U94/><E69/><V79/><F110/><W117/><G117/><T68/><D68/><U30/><E30/><V60/><F42/><W23/><G41/><T22/><D132/><U18/><E18/><V34/><F79/><W106/><G31/><T131/><D75/><U33/><E94/><V16/><F86/><W66/><G66/><T64/><D77/><N who="1" m="44327" /><E33/><V63/><F63/><W45/><G45/><T24/><D44/><U100/><E100/><V113/><F113/><W50/><G50/><T102/><D102/><U109/><E109/><V39/><F39/><W99/><G106/><T21/><D24/><U37/><E37/><V0/><F28/><W116/><G116/><T61/><D93/><U52/><E83/><V56/><F71/><W122/><G122/><T4/><REACH who="0" step="1"/><D9/><REACH who="0" ten="360,250,250,130" step="2"/><U36/><E46/><V40/><F11/><W89/><G73/><T19/><D19/><U95/><E95/><V54/><F16/><W27/><G76/><T57/><D57/><U14/><E38/><V10/><F59/><W104/><G17/><T47/><D47/><U111/><E36/><V15/><F56/><W29/><G27/><T87/><AGARI ba="1,1" hai="4,6,7,20,21,22,58,61,64,87,90,92,129,131" machi="87" ten="40,3900,0" yaku="1,1,0,1,53,0" doraHai="134" doraHaiUra="108" who="0" fromWho="0" sc="360,52,250,-14,250,-14,130,-14" /><INIT seed="0,2,0,5,2,122" ten="412,236,236,116" oya="0" hai0="43,112,49,46,24,110,86,91,76,101,83,78,7" hai1="128,82,113,12,41,65,36,26,55,14,135,96,39" hai2="84,33,31,104,10,103,11,13,69,58,117,1,124" hai3="127,20,64,123,72,63,35,89,125,22,9,70,73"/><T0/><D112/><U102/><E113/><V133/><F69/><W51/><G35/><T37/><D110/><U105/><E128/><V87/><F58/><W19/><G123/><T98/><D0/><U38/><E135/><V120/><F103/><W92/><G9/><T25/><D7/><U48/><E41/><V134/><F104/><W119/><G119/><T59/><D37/><U4/><E4/><N who="2" m="1295" /><F84/><W28/><G28/><T107/><D59/><U29/><E65/><V95/><F95/><W21/><G19/><T18/><D18/><U27/><E82/><V34/><F87/><W130/><G130/><T131/><D131/><U116/><E116/><V62/><F62/><W126/><REACH who="3" step="1"/><G51/><REACH who="3" ten="412,236,236,106" step="2"/><T106/><D106/><U40/><E39/><V77/><F120/><W3/><G3/><T16/><D16/><U5/><E29/><V99/><F117/><W75/><G75/><T32/><D32/><U115/><E38/><V2/><F2/><W114/><G114/><T53/><D24/><U23/><E27/><V57/><F34/><W60/><G60/><T118/><D25/><U30/><E115/><V6/><F31/><W90/><G90/><T15/><D118/><U66/><E5/><V54/><F33/><W80/><G80/><T100/><D91/><U61/><E36/><V17/><F17/><W79/><G79/><T109/><D78/><U108/><E30/><V44/><F77/><W50/><G50/><T74/><D76/><U42/><E48/><V56/><F11/><W111/><G111/><T45/><D109/><U67/><E108/><V85/><F6/><RYUUKYOKU ba="2,1" sc="412,-10,236,-10,236,-10,106,30" hai3="20,21,22,63,64,70,72,73,89,92,125,126,127" /><INIT seed="1,3,1,0,1,115" ten="402,226,226,136" oya="1" hai0="42,135,58,55,67,35,2,52,47,111,132,56,122" hai1="118,102,87,131,9,21,107,126,91,130,114,125,95" hai2="8,5,65,13,27,62,70,79,39,61,71,0,74" hai3="123,28,1,105,53,81,108,63,90,75,85,83,50"/><U110/><E114/><V106/><F13/><W78/><G123/><T30/><D2/><U26/><E110/><V127/><F27/><W17/><G1/><T80/><D111/><U43/><E43/><V128/><F128/><N who="1" m="49193" /><E9/><V92/><F92/><W49/><G108/><T33/><D122/><U64/><E64/><N who="2" m="41231" /><F127/><N who="1" m="48649" /><E118/><V22/><F22/><W73/><G105/><T6/><D6/><U54/><E54/><V86/><F86/><W57/><G75/><T68/><D68/><U66/><E66/><V10/><F10/><W120/><G120/><T84/><D67/><U60/><E60/><V77/><F77/><W4/><G4/><T116/><D116/><U96/><E21/><V31/><F39/><W101/><G101/><T41/><D55/><U117/><E117/><V103/><F62/><W133/><G63/><T112/><D41/><U99/><E26/><V76/><F65/><W36/><G36/><T72/><D112/><U46/><E46/><V51/><F71/><W44/><G44/><T7/><D58/><U69/><E69/><V97/><F51/><W20/><G50/><T113/><D113/><U37/><E37/><V32/><F74/><W25/><REACH who="3" step="1"/><G28/><REACH who="3" ten="402,226,226,126" step="2"/><T16/><D30/><U100/><E107/><V38/><F38/><W45/><G45/><T48/><D47/><U134/><E134/><AGARI ba="3,2" hai="17,20,25,49,53,57,73,78,81,83,85,90,133,134" machi="134" ten="40,1300,0" yaku="1,1,53,0" doraHai="115" doraHaiUra="89" who="3" fromWho="1" sc="402,0,226,-22,226,0,126,42" /><INIT seed="2,0,0,0,0,14" ten="402,204,226,168" oya="2" hai0="83,127,111,116,50,106,21,16,94,7,98,45,95" hai1="57,101,66,11,42,113,119,20,102,99,35,67,134" hai2="1,41,25,118,125,26,3,49,131,39,22,100,68" hai3="80,24,90,56,12,74,37,40,55,103,85,97,30"/><V77/><F68/><W54/><G74/><T43/><D111/><U47/><E35/><V31/><F39/><W82/><G82/><T8/><D127/><U9/><E119/><V96/><F118/><W135/><G135/><T0/><D116/><U120/><E134/><V79/><F125/><W23/><G12/><T32/><D32/><U123/><E113/><V18/><F131/><W10/><G10/><N who="1" m="3594" /><E57/><V70/><F70/><W114/><G114/><T132/><D132/><U81/><E81/><V36/><F36/><W5/><G5/><T84/><D106/><N who="1" m="63807" /><E20/><V60/><F60/><W71/><G71/><T130/><D130/><U89/><E89/><V129/><F129/><W65/><G40/><T69/><D69/><U108/><E102/><V76/><F49/><W122/><G37/><T91/><D98/><U62/><E62/><V73/><F41/><W4/><G4/><T17/><D17/><U28/><E28/><V2/><F73/><W115/><G122/><N who="1" m="46634" /><E108/><V112/><F112/><W51/><G115/><T19/><D19/><U34/><E34/><V93/><REACH who="2" step="1"/><F1/><REACH who="2" ten="402,204,216,168" step="2"/><W27/><G51/><AGARI ba="0,1" hai="42,47,51,66,67" m="46634,63807,3594" machi="51" ten="30,1000,0" yaku="13,1" doraHai="14" who="1" fromWho="3" sc="402,0,204,20,216,0,168,-10" /><INIT seed="3,0,0,5,0,13" ten="402,224,216,158" oya="3" hai0="51,102,69,38,9,63,95,70,15,121,72,40,73" hai1="68,86,96,43,131,91,39,119,28,85,16,50,90" hai2="88,77,78,71,55,57,125,34,23,126,128,111,47" hai3="29,66,33,98,6,18,101,32,12,52,59,107,80"/><W87/><G66/><T11/><D121/><U112/><E68/><V35/><F71/><W94/><G6/><T54/><D11/><U134/><E39/><V123/><F111/><W10/><G29/><T120/><D120/><U31/><E112/><V22/><F123/><W46/><G107/><T53/><D53/><U103/><E131/><V41/><F128/><W4/><G4/><T1/><D1/><U92/><E134/><V0/><F0/><W104/><G104/><T5/><D70/><U115/><E115/><V7/><F7/><W30/><G30/><T21/><D38/><U2/><E2/><V20/><F35/><W62/><REACH who="3" step="1"/><G46/><REACH who="3" ten="402,224,216,148" step="2"/><T44/><D5/><U99/><E119/><V129/><F129/><W114/><G114/><T93/><D44/><N who="1" m="25887" /><E31/><V27/><F47/><W82/><G82/><T26/><D69/><U25/><E28/><V110/><F34/><W106/><G106/><T42/><D95/><N who="1" m="54743" /><E103/><V37/><F110/><W116/><G116/><T118/><D102/><U48/><E92/><V97/><F126/><W19/><G19/><T81/><D93/><U65/><E65/><V127/><F125/><W109/><G109/><T17/><D118/><U100/><E100/><V61/><F127/><W36/><G36/><T24/><D81/><U58/><E16/><V60/><F37/><W76/><AGARI ba="0,1" hai="10,12,18,32,33,52,59,62,76,80,87,94,98,101" machi="76" ten="20,12000,1" yaku="1,1,0,1,7,1,52,1,54,1,53,0" doraHai="13" doraHaiUra="130" who="3" fromWho="3" sc="402,-40,224,-40,216,-40,148,130" /><INIT seed="3,1,0,4,0,1" ten="362,184,176,278" oya="3" hai0="18,38,32,78,39,64,118,91,117,84,113,37,77" hai1="11,86,88,83,8,31,99,122,131,30,94,103,63" hai2="25,41,9,76,108,82,57,124,133,35,5,115,75" hai3="54,105,121,51,123,27,23,59,110,116,49,92,90"/><W135/><G116/><T126/><D32/><U60/><E122/><V13/><F108/><W129/><G105/><T93/><D126/><U22/><E131/><V46/><F124/><W7/><G129/><T120/><D120/><U0/><E0/><V130/><F130/><W12/><G110/><T71/><D113/><U40/><E40/><V74/><F115/><W20/><G135/><T52/><D64/><U79/><E79/><V4/><F133/><W73/><G73/><T24/><D71/><U69/><E69/><V42/><F75/><W3/><G3/><T111/><D111/><U119/><E119/><V125/><F125/><W36/><G36/><T101/><D118/><U100/><E100/><V89/><F57/><W68/><G68/><T21/><D117/><U44/><E44/><V98/><F4/><W97/><G23/><T15/><D101/><U17/><E11/><V26/><F35/><W85/><G123/><T70/><D70/><U50/><E50/><V56/><F56/><W10/><G121/><T47/><D24/><N who="1" m="14415" /><E8/><V45/><F45/><W61/><REACH who="3" step="1"/><G85/><REACH who="3" ten="362,184,176,268" step="2"/><T33/><D33/><U62/><AGARI ba="1,1" hai="30,31,60,62,63,83,86,88,94,99,103" m="14415" machi="62" ten="30,2000,0" yaku="8,1,54,1" doraHai="1" who="1" fromWho="1" sc="362,-6,184,33,176,-6,268,-11" /><INIT seed="4,0,0,2,5,30" ten="356,217,170,257" oya="0" hai0="11,71,96,56,22,97,78,23,62,101,64,94,102" hai1="108,93,121,18,126,110,127,99,91,125,25,53,15" hai2="60,124,104,55,35,12,28,83,85,70,50,87,54" hai3="40,36,72,4,88,74,16,67,58,118,75,21,17"/><T123/><D123/><U107/><E107/><V76/><F104/><W92/><G118/><T65/><D71/><U29/><E121/><V47/><F124/><W0/><G40/><T106/><D65/><U90/><E53/><V122/><F122/><W111/><G111/><T82/><REACH who="0" step="1"/><D11/><REACH who="0" ten="346,217,170,257" step="2"/><N who="1" m="6527" /><E91/><V52/><F70/><W134/><G88/><T49/><D49/><U43/><E43/><V9/><F60/><W120/><G67/><T19/><D19/><U135/><E135/><V20/><F35/><AGARI ba="0,1" hai="25,29,35,90,93,99,108,110,125,126,127" m="6527" machi="35" ten="30,2000,0" yaku="18,1,52,1" doraHai="30" who="1" fromWho="2" sc="346,0,217,30,170,-20,257,0" /><INIT seed="5,0,0,1,2,3" ten="346,247,150,257" oya="1" hai0="22,120,82,4,56,57,16,66,109,7,91,97,102" hai1="86,55,38,95,6,52,127,98,119,106,79,53,124" hai2="105,36,32,116,118,85,84,90,94,93,107,73,14" hai3="39,15,132,108,113,35,111,46,49,88,125,1,21"/><U89/><E38/><V11/><F36/><W31/><G39/><T18/><D109/><U26/><E119/><N who="2" m="45611" /><F14/><W122/><G122/><T24/><D120/><U80/><E26/><V45/><F45/><W64/><G64/><T74/><D18/><U0/><REACH who="1" step="1"/><E106/><REACH who="1" ten="346,237,150,257" step="2"/><N who="2" m="40459" /><F32/><W47/><G35/><T81/><D24/><U65/><E65/><V41/><F41/><W54/><G111/><T76/><D66/><U9/><AGARI ba="0,1" hai="0,6,9,52,53,55,79,80,86,89,95,98,124,127" machi="9" ten="30,18000,2" yaku="1,1,0,1,52,1,54,1,53,2" doraHai="3" doraHaiUra="135" who="1" fromWho="1" sc="346,-60,237,190,150,-60,257,-60" /><INIT seed="5,1,0,0,2,101" ten="286,427,90,197" oya="1" hai0="57,70,56,92,64,3,99,132,110,19,18,63,117" hai1="103,8,98,36,118,32,95,120,75,17,2,133,83" hai2="0,40,82,29,77,55,49,113,47,65,15,124,122" hai3="24,53,20,27,94,80,1,61,59,39,128,9,34"/><U28/><E120/><V76/><F0/><W68/><G39/><T42/><D110/><U7/><E118/><V31/><F122/><W6/><G128/><T127/><D117/><U109/><E133/><V106/><F124/><W11/><G68/><T71/><D3/><U41/><E109/><V104/><F65/><W116/><G116/><T119/><D119/><U43/><E36/><V130/><F130/><W54/><G34/><T5/><D5/><U25/><E17/><V79/><F82/><W84/><G94/><T108/><D108/><U90/><E75/><V87/><F87/><W129/><G129/><T125/><D42/><U67/><E67/><V96/><F113/><W60/><G11/><T26/><D132/><U73/><E73/><V72/><F72/><W112/><G112/><T33/><D71/><U62/><E62/><V50/><F15/><W97/><G97/><T88/><D19/><U78/><E78/><V23/><F96/><W12/><G1/><T38/><D38/><U81/><E81/><V85/><F85/><W93/><G93/><T52/><D70/><U91/><E83/><V74/><F74/><W48/><G20/><N who="0" m="13591" /><D33/><U35/><E35/><V69/><F69/><W105/><G105/><N who="2" m="40553" /><F23/><W21/><G21/><T86/><D86/><U13/><E2/><V66/><F66/><W58/><G48/><N who="2" m="18537" /><F55/><W30/><G30/><N who="2" m="11273" /><F47/><W16/><G6/><T126/><D57/><U22/><E32/><V44/><F44/><W51/><G51/><T115/><D64/><U131/><E131/><V4/><F4/><W37/><G37/><T10/><D115/><RYUUKYOKU ba="1,0" sc="286,0,427,0,90,0,197,0" hai0="10,52,56,63,88,92,99,125,126,127" hai1="7,8,13,22,25,28,41,43,90,91,95,98,103" hai2="40,76,77,79" hai3="9,12,16,24,27,53,54,58,59,60,61,80,84" /><INIT seed="5,2,0,0,4,2" ten="286,427,90,197" oya="1" hai0="77,50,73,104,36,59,101,5,88,65,38,117,4" hai1="126,20,37,25,107,93,16,85,18,123,13,19,119" hai2="24,83,33,72,48,125,11,40,116,63,127,120,64" hai3="124,95,121,133,8,1,62,21,118,22,128,10,108"/><U98/><E123/><V58/><F120/><W97/><G121/><T26/><D117/><U129/><E119/><V92/><F116/><W74/><G74/><T100/><D38/><U35/><E126/><N who="2" m="48139" /><F92/><W28/><G118/><T105/><D36/><U135/><E129/><V89/><F11/><W7/><G128/><T112/><D112/><U54/><E135/><V90/><F72/><W94/><G133/><T110/><D110/><U14/><E37/><V3/><F3/><W67/><G108/><T41/><D73/><U87/><E54/><V102/><F102/><W49/><G124/><T61/><D77/><U71/><E71/><V99/><F99/><W131/><G131/><T51/><D105/><U115/><E35/><V82/><F40/><W0/><G49/><T84/><D104/><U70/><E70/><V68/><F48/><N who="0" m="18474" /><D26/><U75/><E75/><V79/><F68/><W56/><G28/><T66/><D66/><U57/><E107/><V114/><F114/><W81/><G81/><N who="2" m="30729" /><F79/><W29/><G29/><AGARI ba="2,0" hai="24,29,33,58,63,64,89,90" m="30729,48139" machi="29" ten="30,1000,0" yaku="18,1" doraHai="2" who="2" fromWho="3" sc="286,0,427,0,90,16,197,-16" /><INIT seed="6,0,0,0,2,101" ten="286,427,106,181" oya="2" hai0="69,81,111,6,47,32,25,70,2,40,122,133,14" hai1="48,4,113,77,58,8,117,29,123,36,20,118,52" hai2="5,107,19,61,74,66,75,97,64,65,31,67,44" hai3="80,131,125,21,27,26,54,114,82,120,127,135,56"/><V76/><F5/><W15/><G120/><T34/><D122/><U102/><E123/><V93/><F31/><W126/><G131/><T128/><D111/><U22/><E36/><V115/><F115/><W73/><G114/><T3/><D128/><U30/><E113/><V49/><F76/><N who="3" m="44047" /><G135/><T11/><D133/><U89/><E102/><V33/><F33/><W51/><G82/><T63/><D34/><U60/><E77/><V134/><F19/><AGARI ba="0,0" hai="15,19,21,26,27,51,54,56,125,126,127" m="44047" machi="19" ten="30,1000,0" yaku="18,1" doraHai="101" who="3" fromWho="2" sc="286,0,427,0,106,-10,181,10" /><INIT seed="7,0,0,0,5,6" ten="286,427,96,191" oya="3" hai0="117,13,134,74,114,25,23,38,4,85,37,128,1" hai1="101,82,124,49,70,118,61,33,42,68,27,135,21" hai2="44,84,93,19,119,83,90,16,103,60,47,66,106" hai3="72,43,67,53,35,78,10,92,28,52,116,65,62"/><W133/><G116/><T104/><D85/><U100/><E33/><V30/><F106/><W31/><G72/><T71/><D13/><U51/><E70/><V112/><F112/><W40/><G35/><T130/><D23/><U18/><E68/><V105/><F105/><W107/><G107/><T22/><D22/><U126/><E135/><V95/><F30/><N who="3" m="11307" /><G133/><T69/><D25/><U132/><E132/><V9/><F119/><W58/><G78/><T121/><D4/><U98/><E118/><V36/><F36/><W24/><G24/><T89/><D89/><U57/><E82/><V45/><F103/><N who="1" m="39497" /><E42/><N who="3" m="15914" /><G92/><T115/><D69/><U55/><E98/><V110/><F110/><W11/><G53/><T91/><D91/><U64/><E55/><V56/><REACH who="2" step="1"/><F19/><REACH who="2" ten="286,427,86,191" step="2"/><W34/><G34/><T48/><D38/><U76/><E76/><V14/><AGARI ba="0,1" hai="9,14,16,44,45,47,56,60,66,83,84,90,93,95" machi="14" ten="30,12000,2" yaku="1,1,2,1,0,1,8,1,52,1,54,1,53,0" doraHai="6" doraHaiUra="120" who="2" fromWho="2" sc="286,-30,427,-30,86,130,191,-60" owari="256,6.0,397,49.0,216,-18.0,131,-37.0" /></mjloggm>