<mjloggm ver="2.3"><GO type="169" lobby="0"/><UN n0="%74%61%72%6F%6F" n1="%72%61%67%61%2D%6D" n2="%E3%82%A6%E3%83%AB%E3%83%88%E3%83%A9%E7%AB%8B%E7%9B%B4" n3="%E3%82%A2%E3%82%AB%E3%82%AE%EF%BC%A0%E5%B7%9D%E6%9D%91%E8%BB%8D%E5%9B%A3" dan="18,16,18,18" rate="2180.16,2096.39,2204.95,2253.19" sx="M,M,M,M"/><TAIKYOKU oya="0"/><INIT seed="0,0,0,1,3,3" ten="250,250,250,250" oya="0" hai0="117,102,110,105,12,1,5,115,118,42,84,6,99" hai1="81,120,113,119,49,30,79,36,21,95,38,122,19" hai2="83,103,87,133,85,111,50,34,90,14,24,104,40" hai3="23,127,2,71,15,27,123,126,47,107,65,32,98"/><T39/><D115/><U20/><E119/><V106/><F111/><W43/><G15/><T75/><D110/><U55/><E113/><V48/><F133/><W130/><G130/><T76/><D84/><U72/><E95/><V60/><F103/><N who="3" m="62967" /><G23/><T109/><D12/><U17/><E30/><V45/><F24/><W80/><G80/><N who="0" m="45087" /><D6/><U86/><E72/><V44/><F34/><W88/><G88/><T22/><D22/><U70/><E70/><V46/><F46/><W96/><G96/><T33/><D33/><U11/><E11/><V61/><F106/><W134/><G2/><T25/><D25/><U101/><E101/><V91/><F104/><W31/><G123/><T57/><D57/><U93/><E93/><V29/><F29/><W89/><G89/><T35/><D35/><U112/><E112/><V16/><F90/><W4/><G4/><T73/><D73/><U26/><E122/><V131/><F87/><W121/><G121/><T129/><D109/><U114/><E114/><V0/><F131/><W58/><G58/><T63/><D129/><U135/><E120/><V68/><F0/><W18/><G18/><T78/><D78/><U124/><E19/><V69/><F69/><W92/><G92/><T8/><D63/><U97/><E21/><N who="2" m="11415" /><F68/><W53/><G134/><T64/><D64/><U56/><E135/><V52/><AGARI ba="0,0" hai="40,44,45,48,50,52,60,61,83,85,91" m="11415" machi="52" ten="30,4000,0" yaku="8,1,54,2" doraHai="3" who="2" fromWho="2" sc="250,-20,250,-10,250,40,250,-10" /><INIT seed="1,0,0,4,4,88" ten="230,240,290,240" oya="1" hai0="103,22,55,108,104,123,68,34,69,38,2,86,115" hai1="14,19,49,18,30,28,102,118,21,91,131,98,60" hai2="93,70,66,58,7,126,32,64,82,133,92,116,11" hai3="13,76,84,20,29,80,99,44,124,100,16,8,87"/><U111/><E118/><V46/><F116/><W135/><G124/><T83/><D34/><U90/><E131/><V39/><F32/><W79/><G135/><T56/><D38/><U132/><E132/><V50/><F39/><W109/><G109/><T57/><D108/><U54/><E60/><V112/><F70/><W36/><G36/><T61/><D2/><U0/><E0/><V94/><F133/><W37/><G37/><T73/><D73/><U81/><E18/><V95/><F126/><W23/><G44/><T3/><D3/><U10/><E111/><V117/><F117/><W77/><G29/><T128/><D128/><U101/><E101/><V74/><N who="2" m="23552" /><DORA hai="105" /><V129/><F129/><W12/><G84/><T48/><D115/><U75/><E102/><V120/><F120/><W42/><G42/><T31/><D123/><U122/><E98/><V25/><F112/><W125/><G125/><T1/><D1/><U63/><E122/><V41/><F25/><W113/><G23/><T51/><D103/><U43/><E75/><V47/><F47/><W26/><G113/><T53/><D104/><U45/><E81/><V9/><F58/><W119/><G119/><T27/><REACH who="0" step="1"/><D61/><REACH who="0" ten="220,240,290,240" step="2"/><U121/><E63/><V59/><F74/><W114/><G114/><T89/><AGARI ba="0,1" hai="22,27,31,48,51,53,55,56,57,68,69,83,86,89" machi="89" ten="20,12000,2" yaku="1,1,2,1,0,1,7,1,9,1,53,2" doraHai="88,105" doraHaiUra="52,71" who="0" fromWho="0" sc="220,130,240,-60,290,-30,240,-30" /><INIT seed="2,0,0,0,3,91" ten="350,180,260,210" oya="2" hai0="78,28,10,104,127,77,103,110,50,68,12,36,49" hai1="74,81,99,71,29,22,87,124,112,128,5,60,132" hai2="11,111,123,134,0,42,31,106,98,58,67,15,56" hai3="39,26,46,21,51,2,120,129,90,8,69,43,4"/><V20/><F123/><W40/><G120/><T82/><D36/><U48/><E112/><V121/><F121/><W89/><G129/><T95/><D68/><U119/><E119/><V102/><F134/><W92/><G69/><T96/><D110/><U86/><E132/><V133/><F133/><W25/><G90/><T73/><D127/><U34/><E34/><V1/><F111/><W16/><G39/><T9/><D28/><U116/><E116/><V52/><F42/><W70/><G70/><T107/><D77/><U109/><E109/><V76/><F76/><W114/><G114/><T84/><D9/><U61/><E128/><V115/><F115/><W88/><G89/><N who="0" m="53671" /><D107/><U113/><E113/><V80/><F80/><W97/><REACH who="3" step="1"/><G43/><REACH who="3" ten="350,180,260,200" step="2"/><T18/><AGARI ba="0,1" hai="10,12,18,49,50,73,78,82,96,103,104" m="53671" machi="18" ten="30,2000,0" yaku="24,1,52,1" doraHai="91" who="0" fromWho="0" sc="350,30,180,-5,260,-10,200,-5" /><INIT seed="3,0,0,4,1,16" ten="380,175,250,195" oya="3" hai0="85,5,121,26,72,65,8,9,45,99,44,15,91" hai1="88,21,107,46,112,28,71,86,100,59,66,60,69" hai2="129,19,116,31,54,43,24,103,62,117,114,27,42" hai3="50,126,36,135,0,123,1,119,10,118,80,51,30"/><W74/><G123/><T105/><D72/><U38/><E112/><V32/><F43/><W7/><G135/><T115/><D121/><U20/><E28/><V22/><F114/><W111/><G126/><T124/><D124/><U76/><E76/><V52/><F129/><W130/><G130/><T106/><D65/><U133/><E133/><V120/><F120/><W11/><G111/><T34/><D106/><U108/><E108/><V35/><F35/><W13/><G30/><T70/><D70/><U67/><E107/><V53/><F103/><W56/><G36/><T109/><D109/><U128/><E100/><V93/><F93/><W40/><G0/><T73/><D73/><U97/><E97/><V96/><F96/><W18/><G40/><T95/><D105/><U104/><E104/><V4/><F4/><W75/><G75/><T23/><D34/><U127/><E128/><V89/><F89/><W77/><REACH who="3" step="1"/><G56/><REACH who="3" ten="380,175,250,185" step="2"/><T33/><D115/><U49/><E38/><V79/><F42/><W98/><G98/><T17/><D99/><U90/><E127/><V83/><REACH who="2" step="1"/><F62/><REACH who="2" ten="380,175,240,185" step="2"/><W58/><G58/><T12/><D33/><U92/><E71/><V3/><F3/><W63/><G63/><T25/><D44/><U64/><E69/><V132/><F132/><W61/><G61/><T78/><D45/><U68/><E68/><V101/><F101/><W48/><AGARI ba="0,2" hai="1,7,10,11,13,18,48,50,51,74,77,80,118,119" machi="48" ten="30,3000,0" yaku="1,1,0,1,53,0" doraHai="16" doraHaiUra="87" who="3" fromWho="3" sc="380,-10,175,-10,240,-10,185,50" /><INIT seed="3,1,0,1,2,107" ten="370,165,230,235" oya="3" hai0="65,82,72,25,50,132,78,43,22,96,47,51,35" hai1="61,8,24,79,55,38,87,86,67,26,125,48,1" hai2="73,41,0,122,129,27,17,89,63,59,117,57,32" hai3="64,108,88,66,118,54,40,16,126,128,77,114,124"/><W62/><G118/><T56/><D35/><U36/><E125/><N who="3" m="48234" /><G114/><T42/><D132/><U58/><E36/><V81/><F117/><W105/><G105/><T121/><D121/><U115/><E38/><V91/><F129/><W103/><G103/><T49/><D96/><U74/><E115/><V11/><F122/><W99/><G128/><T53/><D65/><U45/><E1/><V7/><F41/><W112/><G40/><T75/><D43/><U14/><E74/><V31/><F17/><W28/><G28/><T120/><D120/><U9/><E9/><V111/><F111/><W3/><G3/><T92/><D92/><U29/><E79/><V127/><F127/><W71/><G77/><T133/><D133/><U134/><E134/><V85/><F91/><W21/><G112/><T37/><REACH who="0" step="1"/><D72/><REACH who="0" ten="360,165,230,235" step="2"/><U33/><REACH who="1" step="1"/><E26/><REACH who="1" ten="360,155,230,235" step="2"/><V76/><REACH who="2" step="1"/><F63/><REACH who="2" ten="360,155,220,235" step="2"/><W70/><G62/><T100/><D100/><U15/><E15/><V84/><F84/><W23/><G108/><T94/><D94/><AGARI ba="1,3" hai="0,7,11,27,31,32,57,59,73,76,81,85,89,94" machi="94" ten="30,7700,0" yaku="1,1,7,1,52,1,53,1" doraHai="107" doraHaiUra="6" who="2" fromWho="0" sc="360,-80,155,0,220,110,235,0" /><INIT seed="4,0,0,2,5,71" ten="280,155,330,235" oya="0" hai0="6,54,105,77,111,41,124,103,55,67,34,39,47" hai1="115,27,120,46,30,65,91,31,5,18,79,121,38" hai2="11,72,83,19,58,63,85,9,106,15,129,122,101" hai3="123,74,126,64,35,93,10,52,97,56,76,99,95"/><T59/><D34/><U75/><E65/><V130/><F122/><W70/><G35/><T50/><D124/><U57/><E57/><V12/><F72/><W68/><G126/><T78/><D111/><U128/><E91/><V116/><F116/><W86/><G123/><T125/><D125/><U92/><E92/><V1/><F1/><W21/><G74/><T82/><D6/><U112/><E18/><V40/><F40/><W119/><G119/><T7/><D7/><U14/><E14/><V22/><F101/><W26/><G10/><T73/><D77/><U20/><E31/><V43/><F106/><W90/><G64/><T134/><D134/><U23/><E23/><V53/><F43/><W13/><G13/><T49/><D67/><U110/><E110/><V132/><F132/><W48/><G76/><T62/><REACH who="0" step="1"/><D55/><REACH who="0" ten="270,155,330,235" step="2"/><U4/><E4/><V42/><F9/><W69/><REACH who="3" step="1"/><G95/><REACH who="3" ten="270,155,330,225" step="2"/><T2/><D2/><U80/><E121/><V104/><F11/><W17/><AGARI ba="0,2" hai="17,21,26,48,52,56,68,69,70,86,90,93,97,99" machi="17" ten="30,7900,0" yaku="1,1,2,1,0,1,54,1,53,0" doraHai="71" doraHaiUra="37" who="3" fromWho="3" sc="270,-39,155,-20,330,-20,225,99" /><INIT seed="5,0,0,2,2,106" ten="231,135,310,324" oya="1" hai0="64,32,122,33,55,134,105,10,34,23,56,39,31" hai1="13,119,74,129,130,83,41,115,9,59,42,27,87" hai2="84,95,103,68,72,71,110,62,65,8,123,125,82" hai3="18,101,99,127,112,19,57,118,29,12,75,16,111"/><U117/><E115/><V2/><F110/><W135/><G111/><T73/><D39/><U25/><E59/><V4/><F123/><W46/><G112/><T50/><D105/><U128/><E74/><V109/><F109/><W14/><G29/><T114/><D114/><U93/><E93/><V70/><F125/><W85/><G75/><T90/><D134/><U79/><E27/><V96/><F72/><W58/><G135/><T94/><D73/><U76/><E76/><AGARI ba="0,0" hai="2,4,8,62,65,68,70,71,76,82,84,95,96,103" machi="76" ten="30,1000,0" yaku="7,1" doraHai="106" who="2" fromWho="1" sc="231,0,135,-10,310,10,324,0" /><INIT seed="6,0,0,0,3,119" ten="231,125,320,324" oya="2" hai0="47,60,40,114,55,38,20,51,21,15,101,16,2" hai1="87,121,94,18,96,44,52,1,33,95,61,57,123" hai2="28,7,118,34,110,11,19,135,84,131,90,8,109" hai3="49,6,111,14,115,106,81,17,86,32,126,66,117"/><V85/><F118/><W5/><G106/><T104/><D2/><U27/><E1/><V70/><F70/><W93/><G32/><T125/><D114/><U129/><E129/><V103/><F103/><W62/><G117/><T89/><D125/><U69/><E87/><V132/><F131/><W56/><G111/><N who="2" m="42505" /><F19/><W116/><G116/><T13/><D60/><U43/><E69/><V120/><F120/><N who="1" m="46153" /><E96/><V78/><F78/><W134/><G126/><T105/><D101/><U54/><E54/><V25/><F84/><W58/><G115/><T122/><D89/><U12/><E27/><V48/><F90/><W124/><G124/><T88/><D88/><U26/><E26/><V4/><F85/><W3/><G3/><T74/><D74/><U45/><E33/><V73/><F73/><W36/><G86/><T0/><D0/><U83/><E83/><V24/><F24/><W35/><G81/><T79/><D79/><U42/><E42/><V75/><F75/><W68/><G35/><T72/><D72/><U9/><E45/><V98/><F98/><W67/><G68/><T82/><D82/><U64/><E64/><V41/><F25/><W107/><G66/><T23/><D122/><U108/><E108/><V128/><F128/><W50/><G67/><T102/><D102/><U10/><E10/><N who="2" m="3627" /><F34/><W113/><G113/><T53/><D53/><U22/><E9/><V65/><F65/><W99/><G99/><T63/><D55/><U112/><E112/><V133/><F28/><W91/><G91/><T80/><D80/><U71/><E71/><V46/><AGARI ba="0,0" hai="4,7,41,46,48,132,133,135" m="3627,42505" machi="46" ten="40,7800,0" yaku="5,1,20,1,10,1" doraHai="119" who="2" fromWho="2" sc="231,-26,125,-26,320,78,324,-26" /><INIT seed="6,1,0,5,1,22" ten="205,99,398,298" oya="2" hai0="48,86,82,23,81,63,84,77,122,95,73,92,9" hai1="130,85,97,109,2,76,126,102,30,62,4,66,119" hai2="41,57,26,39,35,51,117,120,88,47,94,11,27" hai3="15,13,32,33,127,7,79,50,12,54,6,44,104"/><V21/><F120/><W8/><G104/><T65/><D122/><U110/><E119/><V46/><F57/><W111/><G111/><T125/><D125/><U37/><E37/><V89/><F89/><W20/><G127/><T45/><D73/><U106/><E126/><V74/><F74/><W116/><G116/><T0/><D0/><U52/><E130/><V10/><F35/><W64/><G64/><T34/><D9/><U78/><E78/><V90/><F90/><W18/><G79/><T113/><D113/><U42/><E42/><V14/><F21/><W67/><G67/><T112/><D112/><U56/><E66/><V43/><F10/><AGARI ba="1,0" hai="6,7,8,10,12,13,15,18,20,32,33,44,50,54" machi="10" ten="40,1300,0" yaku="9,1" doraHai="22" who="3" fromWho="2" sc="205,0,99,0,398,-16,298,16" /><INIT seed="7,0,0,2,0,105" ten="205,99,382,314" oya="3" hai0="129,76,77,69,87,99,79,32,97,113,42,84,73" hai1="112,101,41,71,132,95,70,3,106,66,59,34,14" hai2="62,75,57,115,29,39,47,26,4,107,12,108,127" hai3="90,48,13,111,60,114,119,64,100,130,72,33,22"/><W98/><G33/><T82/><D69/><U125/><E3/><V91/><F75/><W122/><G119/><T27/><D42/><U121/><E34/><V50/><F107/><W38/><G38/><T83/><D32/><U85/><E71/><V118/><F39/><W65/><G122/><T37/><D27/><U88/><E70/><V123/><F115/><W54/><G114/><T94/><D37/><U51/><E112/><V21/><F108/><W109/><G130/><T43/><D43/><U7/><E121/><V102/><F102/><W86/><G72/><N who="0" m="43271" /><D113/><U49/><E132/><V15/><F127/><W35/><G35/><T5/><D5/><U103/><E125/><V2/><F118/><W110/><G60/><T10/><D10/><U93/><E106/><V80/><F123/><W20/><G13/><T23/><D23/><N who="3" m="8745" /><G98/><N who="0" m="37387" /><D129/><U67/><E95/><V6/><F15/><W31/><G31/><T61/><D61/><U19/><E7/><V133/><F12/><W24/><G24/><T68/><D68/><U120/><E120/><V126/><F126/><W116/><G116/><T55/><D55/><U53/><E67/><V1/><F6/><W36/><G36/><T134/><D134/><U44/><REACH who="1" step="1"/><E66/><REACH who="1" ten="205,89,382,314" step="2"/><V16/><F4/><W96/><G65/><T74/><D94/><U117/><E117/><V45/><F133/><W11/><G64/><T25/><D25/><U58/><E58/><V92/><F1/><W40/><G111/><T81/><AGARI ba="0,1" hai="73,74,77,79,81,83,84,87" m="37387,43271" machi="81" ten="30,16000,3" yaku="35,5,52,3" doraHai="105" who="0" fromWho="0" sc="205,170,89,-40,382,-40,314,-80" owari="375,48.0,49,-45.0,342,14.0,234,-17.0" /></mjloggm>