<mjloggm ver="2.3"><GO type="169" lobby="0"/><UN n0="%67%6F%6D%75" n1="%E3%81%8B%E3%82%89%E3%81%A0%E3%81%AB%E3%83%94%E3%83%BC%E3%82%B9" n2="%E5%B0%B1%E6%B4%BB%E7%94%9F%40%E5%B7%9D%E6%9D%91%E8%BB%8D%E5%9B%A3" n3="%5A%5C%70%5A" dan="17,16,18,16" rate="2132.02,2074.95,2267.48,2069.26" sx="M,F,M,M"/><TAIKYOKU oya="0"/><INIT seed="0,0,0,5,4,28" ten="250,250,250,250" oya="0" hai0="18,108,64,115,76,123,79,126,46,25,54,30,68" hai1="77,94,92,16,135,65,107,40,98,90,49,71,99" hai2="34,106,55,67,104,132,100,110,51,41,39,32,113" hai3="33,14,9,6,78,80,63,111,29,112,42,91,134"/><T122/><D115/><U96/><E135/><V8/><F113/><W60/><G134/><T22/><D126/><U2/><E2/><V58/><F132/><W24/><G112/><T3/><D3/><U75/><E71/><V45/><F110/><W15/><G111/><T53/><D108/><U35/><E35/><V116/><F116/><W7/><G42/><T74/><D53/><U69/><E69/><V131/><F131/><W23/><G91/><T13/><D74/><U38/><E38/><V43/><F43/><W129/><G129/><T20/><D64/><U125/><E125/><V82/><F8/><W56/><G56/><T21/><D68/><U119/><E40/><V31/><F31/><W26/><G14/><T118/><D118/><U93/><E49/><V44/><F82/><W70/><G6/><T36/><D36/><U52/><E52/><V86/><F86/><W59/><G59/><T0/><D0/><U95/><E65/><V12/><F12/><W102/><G102/><T101/><D101/><N who="1" m="62911" /><E16/><V4/><F4/><W127/><G70/><T81/><D22/><U48/><E48/><V84/><F84/><W103/><G103/><T97/><D20/><U37/><E37/><V105/><REACH who="2" step="1"/><F100/><REACH who="2" ten="250,250,240,250" step="2"/><W11/><G11/><T121/><D13/><U87/><E119/><V50/><F50/><W66/><G127/><T47/><D30/><U83/><AGARI ba="0,1" hai="75,77,83,87,90,92,93,94,95,96,98" m="62911" machi="83" ten="30,12000,2" yaku="24,1,35,5" doraHai="28" who="1" fromWho="1" sc="250,-60,250,130,240,-30,250,-30" /><INIT seed="1,0,0,3,4,117" ten="190,380,210,220" oya="1" hai0="19,52,40,77,28,24,94,46,70,1,113,86,69" hai1="96,15,75,41,23,34,3,66,2,80,78,73,48" hai2="116,120,30,18,45,107,14,122,4,37,133,17,21" hai3="68,90,89,67,25,51,33,104,84,8,127,105,5"/><U16/><E34/><V128/><F107/><W109/><G109/><T119/><BYE who="3" /><D113/><U123/><E66/><V31/><F37/><W98/><G98/><T132/><D119/><U106/><E75/><V29/><F45/><W124/><G124/><T64/><D132/><UN n3="%5A%5C%70%5A" /><U112/><E112/><V76/><F76/><W54/><G89/><T103/><D1/><U27/><E123/><N who="2" m="47147" /><F116/><W35/><G67/><T42/><D103/><U7/><E41/><V93/><F93/><W53/><G68/><T58/><D42/><U92/><E106/><V11/><F133/><W55/><G51/><T61/><D69/><U129/><E48/><V50/><F50/><W95/><G127/><T9/><D94/><U20/><E92/><V126/><F126/><W110/><G110/><T121/><D86/><U79/><E96/><V72/><F72/><W130/><G104/><T134/><D134/><U91/><E91/><V74/><F74/><W99/><G105/><T44/><D77/><U49/><E49/><V0/><F128/><W71/><G130/><T13/><D40/><U26/><E129/><V125/><F125/><W87/><G87/><T65/><D121/><U43/><E43/><V47/><F47/><N who="0" m="17962" /><D70/><U118/><E79/><V108/><F108/><W111/><G71/><T135/><D135/><U57/><E118/><V56/><F56/><W38/><G38/><T59/><D59/><U101/><E57/><V115/><F115/><W6/><G84/><T62/><D62/><U114/><E114/><V102/><F102/><W83/><G111/><T63/><D63/><U10/><E101/><RYUUKYOKU ba="0,0" sc="190,10,380,10,210,10,220,-30" hai0="9,13,19,24,28,52,58,61,64,65" hai1="2,3,7,10,15,16,20,23,26,27,73,78,80" hai2="0,4,11,14,17,18,21,29,30,31" /><INIT seed="1,1,0,3,4,19" ten="200,390,220,190" oya="1" hai0="104,24,12,10,115,111,21,57,36,15,44,16,118" hai1="83,123,99,27,47,40,23,8,80,59,73,4,54" hai2="124,87,129,71,64,117,75,68,113,31,49,53,7" hai3="2,0,74,32,128,127,56,131,72,29,79,97,69"/><U61/><E123/><V11/><F75/><N who="3" m="28715" /><G56/><T25/><D104/><U70/><E70/><V94/><F117/><W33/><G97/><T134/><D115/><U130/><E130/><N who="3" m="49706" /><G79/><T105/><D118/><U3/><E99/><V133/><F129/><W26/><G69/><T52/><D111/><U122/><E73/><V58/><F124/><W17/><G17/><T93/><D134/><U50/><REACH who="1" step="1"/><E122/><REACH who="1" ten="200,380,220,190" step="2"/><V78/><F133/><W28/><G127/><T67/><D105/><U13/><E13/><V42/><F71/><W114/><G114/><T77/><D15/><U60/><E60/><V88/><F68/><W108/><G108/><T51/><D12/><U76/><E76/><V121/><F78/><W100/><G100/><T98/><D77/><U65/><E65/><V135/><F113/><W85/><G85/><T55/><D67/><U102/><E102/><V9/><F135/><W103/><G103/><T95/><D98/><U84/><E84/><V116/><F121/><W18/><G0/><T125/><D125/><U86/><E86/><V46/><F116/><W107/><G2/><T90/><D90/><U120/><E120/><V5/><F64/><W63/><G63/><T82/><D82/><U6/><E6/><N who="2" m="2059" /><F31/><AGARI ba="1,1" hai="3,4,8,23,27,31,40,47,50,54,59,61,80,83" machi="31" ten="30,5800,0" yaku="1,1,7,1,52,1,53,0" doraHai="19" doraHaiUra="81" who="1" fromWho="2" sc="200,0,380,71,220,-61,190,0" /><INIT seed="1,2,0,4,1,36" ten="200,451,159,190" oya="1" hai0="85,62,28,81,57,115,87,18,49,82,56,72,5" hai1="110,16,112,23,106,17,45,14,54,91,38,40,42" hai2="130,120,116,58,124,103,12,64,73,83,68,96,31" hai3="61,97,21,70,93,20,80,78,135,39,89,133,126"/><U65/><E106/><V32/><F116/><W123/><G123/><T113/><D72/><U119/><E119/><V3/><F3/><W19/><G126/><T134/><D134/><N who="3" m="51209" /><G39/><T37/><D37/><U84/><E112/><V98/><F120/><W75/><G19/><T59/><D28/><U107/><E107/><V66/><F124/><W30/><G30/><T114/><D62/><U79/><E79/><V129/><F68/><W48/><G48/><T8/><D18/><U10/><E65/><AGARI ba="2,0" hai="20,21,61,65,70,75,78,80,89,93,97" m="51209" machi="65" ten="30,1000,0" yaku="20,1" doraHai="36" who="3" fromWho="1" sc="200,0,451,-16,159,0,190,16" /><INIT seed="2,0,0,5,5,59" ten="200,435,159,206" oya="2" hai0="45,69,0,33,51,21,124,53,48,22,84,68,52" hai1="5,46,105,103,98,54,126,119,129,85,100,39,107" hai2="49,61,41,94,71,110,122,86,50,11,116,108,73" hai3="88,38,42,24,87,34,64,112,82,4,16,28,117"/><V77/><F122/><W10/><G117/><T114/><D33/><U118/><E129/><V8/><F116/><W15/><G112/><T57/><D114/><U115/><E115/><V120/><F73/><W23/><G64/><T90/><D124/><U128/><E128/><V18/><F120/><W27/><G38/><T132/><D132/><U93/><E93/><V66/><F41/><W40/><AGARI ba="0,0" hai="4,10,15,16,23,24,27,28,34,40,42,82,87,88" machi="40" ten="30,4000,0" yaku="0,1,54,2" doraHai="59" who="3" fromWho="3" sc="200,-10,435,-10,159,-20,206,40" /><INIT seed="3,0,0,3,1,13" ten="190,425,139,246" oya="3" hai0="32,124,15,33,36,93,19,73,105,89,8,86,6" hai1="37,100,12,106,25,130,53,122,46,85,0,5,98" hai2="125,30,99,64,61,43,110,119,35,42,10,40,7" hai3="108,87,27,113,114,77,55,39,58,120,4,109,41"/><W97/><G97/><T51/><D124/><U49/><E49/><V66/><F125/><W29/><G87/><T96/><D36/><U69/><E69/><V72/><F110/><N who="3" m="42603" /><G77/><T3/><D73/><U38/><E38/><V59/><F72/><W16/><G4/><T47/><D105/><U107/><E107/><V24/><F119/><W116/><G29/><T23/><REACH who="0" step="1"/><D96/><REACH who="0" ten="180,425,139,246" step="2"/><U118/><E118/><V84/><F99/><W60/><G116/><T48/><D48/><U1/><E1/><V44/><F84/><W90/><G120/><T11/><D11/><U2/><E2/><V82/><F82/><W115/><G39/><T123/><D123/><U103/><E103/><V70/><F44/><W26/><G114/><T67/><D67/><U128/><E98/><V92/><F92/><W88/><G113/><T34/><D34/><U79/><E37/><V94/><F94/><W45/><G115/><T121/><D121/><U81/><E122/><V126/><F126/><W52/><G41/><AGARI ba="0,1" hai="3,6,8,15,19,23,32,33,41,47,51,86,89,93" machi="41" ten="30,3900,0" yaku="1,1,7,1,52,1,53,0" doraHai="13" doraHaiUra="21" who="0" fromWho="3" sc="180,49,425,0,139,0,246,-39" /><INIT seed="4,0,0,4,4,17" ten="229,425,139,207" oya="0" hai0="128,12,48,57,44,113,86,18,123,36,108,134,114" hai1="38,112,35,14,124,8,65,21,46,24,5,1,117" hai2="73,43,56,58,13,84,90,19,130,60,74,103,98" hai3="81,45,92,122,66,75,54,97,59,34,68,61,69"/><T6/><D123/><U87/><E117/><V89/><F130/><W80/><G34/><T26/><D128/><U28/><E124/><V107/><F43/><W40/><G122/><T7/><D134/><U116/><E116/><V119/><F119/><W88/><G75/><T37/><D108/><U101/><E101/><V127/><F127/><W72/><G72/><T2/><D2/><U3/><E65/><V20/><F58/><W126/><G126/><T67/><D26/><U33/><E87/><V63/><F63/><W31/><G31/><T82/><D37/><U52/><E38/><V106/><F106/><W41/><G69/><T131/><D36/><U39/><E39/><V23/><F90/><W135/><G135/><T110/><D131/><U93/><E1/><V0/><F0/><W42/><REACH who="3" step="1"/><G45/><REACH who="3" ten="229,425,139,197" step="2"/><T70/><D70/><U27/><E46/><V10/><F74/><W9/><G9/><T15/><D44/><U22/><E8/><V94/><REACH who="2" step="1"/><F73/><REACH who="2" ten="229,425,129,197" step="2"/><W49/><AGARI ba="0,2" hai="40,41,42,49,54,59,61,66,68,80,81,88,92,97" machi="49" ten="30,4000,0" yaku="1,1,0,1,54,1,53,0" doraHai="17" doraHaiUra="102" who="3" fromWho="3" sc="229,-20,425,-10,129,-10,197,60" /><INIT seed="5,0,0,0,0,7" ten="209,415,119,257" oya="1" hai0="64,82,46,87,55,29,45,61,2,96,68,122,103" hai1="98,41,88,112,72,35,111,60,25,120,77,65,80" hai2="3,135,15,94,42,106,37,36,119,51,8,121,24" hai3="90,63,79,110,39,67,71,43,19,48,59,108,100"/><U32/><E120/><V14/><F106/><W54/><G90/><T91/><D122/><U89/><E112/><V20/><F119/><W84/><G100/><T53/><D2/><U1/><E41/><V134/><F121/><W13/><G84/><T33/><D46/><U52/><E1/><V126/><F126/><W44/><REACH who="3" step="1"/><G79/><REACH who="3" ten="209,415,119,247" step="2"/><T130/><D103/><U92/><E89/><V12/><F94/><W75/><G75/><T109/><D91/><U70/><E111/><V40/><F134/><W101/><G101/><T5/><D87/><U22/><REACH who="1" step="1"/><E52/><REACH who="1" ten="209,405,119,247" step="2"/><V21/><F135/><W97/><G97/><T133/><D55/><U57/><E57/><V86/><F42/><W105/><G105/><T30/><D53/><U116/><E116/><V128/><F40/><W107/><G107/><T85/><D96/><U23/><E23/><AGARI ba="0,2" hai="13,19,23,39,43,44,48,54,59,63,67,71,108,110" machi="23" ten="30,12000,2" yaku="1,1,7,1,24,2,53,2" doraHai="7" doraHaiUra="123" who="3" fromWho="1" sc="209,0,405,-120,119,0,247,140" /><INIT seed="6,0,0,3,2,30" ten="209,285,119,387" oya="2" hai0="31,58,73,95,8,123,16,55,101,67,98,93,57" hai1="111,12,21,126,24,9,15,129,48,84,0,53,46" hai2="115,94,51,110,83,2,40,3,71,49,100,20,74" hai3="60,90,7,37,118,76,131,114,87,36,80,116,89"/><V10/><F71/><W72/><G7/><T65/><D123/><U66/><E111/><V4/><F110/><W92/><G131/><T18/><D73/><U121/><E129/><V97/><F3/><W42/><G60/><T119/><D119/><U61/><E121/><V26/><F115/><W45/><G37/><T50/><D31/><U102/><E126/><V52/><F40/><W107/><G114/><T132/><D132/><U13/><E102/><V6/><F6/><W120/><G120/><T127/><D127/><U28/><E84/><V96/><F96/><W125/><G125/><T108/><D108/><U59/><REACH who="1" step="1"/><E0/><REACH who="1" ten="209,275,119,387" step="2"/><V68/><F68/><W81/><G107/><T33/><D101/><U88/><E88/><V70/><F70/><W124/><G124/><T34/><D98/><AGARI ba="0,1" hai="36,42,45,72,76,80,81,87,89,90,92,98,116,118" machi="98" ten="30,1000,0" yaku="7,1" doraHai="30" who="3" fromWho="0" sc="209,-10,275,0,119,0,387,20" /><INIT seed="7,0,0,2,1,13" ten="199,275,119,407" oya="3" hai0="32,33,130,62,24,70,110,107,94,114,10,3,85" hai1="105,8,38,76,93,36,108,134,27,91,28,50,95" hai2="106,113,48,79,0,59,98,53,72,126,115,89,56" hai3="86,45,92,37,21,88,51,84,20,58,30,104,9"/><W116/><G58/><T83/><D107/><U90/><E105/><V101/><F0/><W109/><G37/><T119/><D119/><U124/><E76/><V43/><F126/><W54/><G116/><T39/><D39/><U112/><E112/><V87/><F43/><W6/><G30/><T121/><D114/><U73/><E73/><V42/><F42/><W78/><G109/><T129/><D121/><U97/><E108/><V61/><F61/><W133/><G133/><T22/><D94/><U47/><E8/><V31/><F31/><W67/><G67/><N who="0" m="41335" /><D110/><U131/><E124/><V135/><F135/><W96/><G104/><T25/><D10/><U12/><E38/><V4/><F4/><W17/><G21/><T55/><D55/><U69/><E95/><V122/><F122/><W75/><G75/><T57/><D57/><U100/><E93/><V1/><F1/><W16/><G78/><N who="0" m="46327" /><D3/><U60/><E36/><V71/><F71/><W118/><G118/><T82/><D82/><U40/><E69/><V77/><F56/><W99/><G99/><T44/><D44/><U81/><E47/><V65/><F65/><W128/><G92/><T29/><D33/><U2/><E97/><V19/><F72/><W34/><G34/><T46/><D46/><U74/><E74/><V102/><F113/><W41/><G41/><T66/><D66/><U125/><E40/><V80/><F115/><W52/><G45/><T132/><D132/><U26/><E134/><V14/><REACH who="2" step="1"/><F101/><REACH who="2" ten="199,275,109,407" step="2"/><W5/><G54/><T103/><D103/><U23/><E100/><V11/><AGARI ba="0,1" hai="11,14,19,48,53,59,77,79,80,87,89,98,102,106" machi="11" ten="20,12000,2" yaku="1,1,2,1,5,1,0,1,7,1,52,1,53,0" doraHai="13" doraHaiUra="18" who="2" fromWho="2" sc="199,-30,275,-30,109,130,407,-60" owari="169,-33.0,245,5.0,239,-16.0,347,44.0" /></mjloggm>