<mjloggm ver="2.3"><GO type="169" lobby="0"/><UN n0="%E3%81%8B%E3%81%97%E3%81%8B%E3%81%8A" n1="%79%75%2D%2D%2D%2D%2D%75" n2="%E3%82%A6%E3%83%AB%E3%83%88%E3%83%A9%E7%AB%8B%E7%9B%B4" n3="%E3%81%84%E3%81%97%E3%82%82%E3%82%8A" dan="16,17,18,16" rate="2131.46,2183.91,2221.46,2112.94" sx="M,M,M,M"/><TAIKYOKU oya="0"/><INIT seed="0,0,0,0,1,100" ten="250,250,250,250" oya="0" hai0="78,39,128,75,2,42,96,11,114,37,24,125,80" hai1="71,1,98,46,70,90,69,104,68,32,121,64,99" hai2="72,13,65,124,43,48,29,4,18,61,115,53,66" hai3="76,129,6,130,122,10,45,82,62,81,101,131,15"/><T55/><D114/><U20/><E121/><V97/><F72/><W77/><G122/><T36/><D128/><U117/><E32/><V30/><F115/><W67/><G101/><T132/><D132/><U57/><E117/><V35/><F124/><W107/><G45/><N who="0" m="23751" /><D55/><U26/><E1/><V56/><F4/><W74/><G107/><T89/><D24/><U21/><E46/><N who="2" m="25695" /><F35/><W22/><G22/><T86/><D125/><U109/><E109/><V5/><F5/><W8/><G8/><T133/><D133/><U25/><E104/><V126/><F97/><W31/><G31/><N who="2" m="11785" /><F126/><W40/><G40/><T105/><D86/><U119/><E119/><V92/><F92/><W27/><G27/><T134/><D134/><U84/><E57/><V110/><F110/><W54/><G54/><T49/><D49/><U106/><E106/><V63/><F63/><W112/><G112/><T120/><D120/><U14/><E64/><V87/><F87/><W41/><G41/><T47/><D47/><U16/><N who="1" m="17408" /><DORA hai="23" /><U7/><E7/><V93/><F93/><W0/><G15/><T60/><D60/><U59/><E59/><V127/><F127/><W28/><G28/><T135/><D135/><U73/><E73/><V94/><F94/><W85/><G62/><T123/><D123/><U17/><E14/><V12/><F12/><W83/><G67/><T95/><D105/><U108/><E108/><V50/><F61/><W52/><G83/><AGARI ba="0,0" hai="16,17,20,21,25,26,83,84,90,98,99" m="17408" machi="83" ten="70,8000,1" yaku="9,1,52,2,54,1" doraHai="100,23" who="1" fromWho="3" sc="250,0,250,80,250,0,250,-80" /><INIT seed="1,0,0,0,3,63" ten="250,330,250,170" oya="1" hai0="52,98,47,74,73,114,135,1,85,100,10,121,23" hai1="61,8,133,28,112,134,124,65,13,40,2,62,92" hai2="89,43,66,56,11,131,6,45,12,99,19,33,69" hai3="110,79,93,91,106,97,80,120,113,51,39,3,4"/><U42/><E112/><V90/><F33/><W72/><G113/><T88/><D114/><U75/><E2/><V58/><F131/><W41/><G110/><T0/><D135/><N who="1" m="51723" /><E75/><V30/><F30/><W128/><G51/><T82/><D121/><U31/><E124/><V105/><F105/><W129/><G120/><T126/><D126/><U101/><E101/><V76/><F76/><W103/><G91/><T60/><D23/><U34/><E92/><V49/><F90/><W5/><G93/><T132/><D132/><U22/><E22/><V81/><F99/><W87/><G87/><T127/><D127/><U116/><E61/><V130/><F130/><W29/><G29/><N who="1" m="11338" /><E34/><V109/><F109/><W27/><G27/><T118/><D118/><U104/><E104/><V9/><F89/><W59/><G5/><T36/><D0/><U20/><E20/><V21/><F81/><W125/><G125/><T94/><D36/><U78/><E78/><V24/><F11/><N who="3" m="2463" /><G59/><N who="2" m="22569" /><F69/><W111/><G111/><T17/><D60/><U53/><E53/><V119/><F119/><W77/><G77/><T115/><D115/><U122/><E116/><V84/><F84/><W107/><G107/><T16/><D1/><U96/><E96/><V18/><F6/><W102/><G102/><T14/><REACH who="0" step="1"/><D17/><REACH who="0" ten="240,330,250,170" step="2"/><N who="1" m="8359" /><E122/><V7/><F19/><W86/><G128/><T123/><D123/><U108/><E108/><V32/><F32/><W64/><G129/><T55/><D55/><U54/><E54/><V44/><F44/><W71/><G41/><T68/><D68/><AGARI ba="0,1" hai="40,42,62,65,68" m="8359,11338,51723" machi="68" ten="30,2900,0" yaku="20,1,52,1" doraHai="63" who="1" fromWho="0" sc="240,-29,330,39,250,0,170,0" /><INIT seed="1,1,0,3,0,34" ten="211,369,250,170" oya="1" hai0="42,55,30,29,56,115,109,82,107,51,57,135,96" hai1="3,59,85,40,54,13,78,111,86,121,94,70,58" hai2="22,63,20,102,80,87,118,27,5,131,93,112,117" hai3="77,48,114,65,7,45,71,10,14,125,32,64,72"/><U9/><E70/><V44/><F131/><W2/><G114/><T69/><D115/><U100/><E121/><V6/><F112/><W43/><G125/><T15/><D69/><U36/><E36/><V105/><F105/><W0/><G32/><T108/><D135/><U49/><E40/><V106/><F106/><W24/><G24/><T1/><D1/><U12/><E3/><V124/><F124/><W38/><G48/><T92/><D107/><U84/><E78/><V98/><F44/><W89/><G89/><T113/><D113/><U33/><E33/><V46/><F46/><W61/><REACH who="3" step="1"/><G65/><REACH who="3" ten="211,369,250,160" step="2"/><T127/><D127/><U11/><E111/><V99/><F27/><W25/><G25/><T75/><D109/><U31/><E31/><V52/><F118/><W35/><G35/><T21/><D108/><U83/><E49/><V66/><F66/><W68/><G68/><T79/><D42/><U28/><E28/><V81/><F117/><W123/><G123/><T17/><D56/><U53/><E58/><V130/><F130/><W88/><G88/><AGARI ba="1,1" hai="15,17,21,29,30,51,55,57,75,79,82,88,92,96" machi="88" ten="30,2000,0" yaku="7,1,54,1" doraHai="34" who="0" fromWho="3" sc="211,33,369,0,250,0,160,-23" /><INIT seed="2,0,0,0,4,46" ten="244,369,250,137" oya="2" hai0="80,125,87,119,74,123,109,12,60,118,10,29,85" hai1="38,102,115,18,6,4,110,100,26,58,96,7,52" hai2="64,122,31,114,72,106,88,23,54,84,70,9,35" hai3="14,1,71,56,34,16,61,111,86,113,133,127,104"/><V43/><F72/><W92/><G111/><T27/><D123/><U62/><E110/><V50/><F122/><W93/><G104/><T17/><D109/><U116/><E38/><V99/><F114/><W37/><G37/><T126/><D60/><U89/><E116/><N who="0" m="44585" /><D74/><U39/><E39/><V107/><F43/><W121/><G121/><T36/><D36/><U68/><E68/><V65/><F35/><W112/><G1/><T90/><D87/><U94/><REACH who="1" step="1"/><E115/><REACH who="1" ten="244,359,250,137" step="2"/><V76/><F70/><W57/><G71/><T30/><D30/><U134/><E134/><V128/><F128/><W22/><G133/><T124/><D125/><U63/><E63/><V42/><F31/><W59/><G127/><T77/><D77/><U53/><E53/><V132/><F42/><W105/><G61/><T103/><D103/><U3/><E3/><V98/><F76/><W51/><G112/><T95/><D80/><U66/><E66/><V48/><F132/><W28/><G113/><T21/><AGARI ba="0,1" hai="10,12,17,21,27,29,85,90,95,124,126" m="44585" machi="21" ten="30,1100,0" yaku="12,1" doraHai="46" who="0" fromWho="0" sc="244,21,359,-3,250,-5,137,-3" /><INIT seed="3,0,0,5,5,2" ten="265,356,245,134" oya="3" hai0="129,133,73,99,45,26,17,56,4,53,16,43,124" hai1="85,69,55,15,130,38,114,63,46,18,131,12,94" hai2="89,67,116,19,78,74,34,111,100,107,71,25,61" hai3="50,48,91,134,51,84,86,68,115,135,23,10,8"/><W80/><G115/><T39/><D73/><U28/><E114/><V52/><F19/><W13/><G68/><T92/><D133/><N who="3" m="50697" /><G86/><T64/><D129/><N who="1" m="49163" /><E28/><V6/><F78/><W126/><G126/><T9/><D124/><U88/><E18/><AGARI ba="0,0" hai="8,10,13,18,23,48,50,51,80,84,91" m="50697" machi="18" ten="30,1500,0" yaku="20,1" doraHai="2" who="3" fromWho="1" sc="265,0,356,-15,245,0,134,15" /><INIT seed="3,1,0,5,4,7" ten="265,341,245,149" oya="3" hai0="39,25,96,31,124,8,44,40,62,16,128,11,116" hai1="107,36,111,85,47,118,42,0,97,2,58,72,135" hai2="101,134,87,94,37,38,88,4,71,132,20,99,125" hai3="52,79,133,102,92,10,103,83,18,127,81,32,26"/><W5/><G127/><T48/><D116/><U27/><E111/><V60/><F125/><W65/><G133/><N who="2" m="51305" /><F20/><W110/><G110/><T82/><D124/><U3/><E72/><V15/><F15/><W17/><G65/><T105/><D128/><U49/><E118/><V75/><F4/><W59/><G92/><T120/><D120/><U119/><E119/><V64/><F75/><W9/><G18/><T30/><D39/><U114/><E114/><V56/><F71/><W78/><G32/><T115/><D115/><U93/><E107/><AGARI ba="1,0" hai="37,38,56,60,64,87,88,94,99,101,107" m="51305" machi="107" ten="30,2000,0" yaku="20,1,54,1" doraHai="7" who="2" fromWho="1" sc="265,0,341,-23,245,23,149,0" /><INIT seed="4,0,0,2,4,14" ten="265,318,268,149" oya="0" hai0="38,27,114,66,36,1,75,87,122,84,108,25,72" hai1="11,28,39,51,115,74,89,110,24,15,46,23,82" hai2="21,132,35,18,16,33,76,71,101,79,53,126,96" hai3="43,58,65,62,52,26,113,131,54,78,59,0,47"/><T88/><D66/><U20/><E110/><V4/><F71/><W70/><G0/><T112/><D1/><U57/><E39/><N who="0" m="14889" /><D122/><U102/><E115/><N who="0" m="44073" /><D108/><U77/><E102/><V124/><F4/><W8/><G113/><T40/><D40/><U86/><E57/><V103/><F53/><W17/><G78/><N who="2" m="29737" /><F21/><N who="3" m="13615" /><G131/><T105/><D105/><U60/><E60/><V117/><F117/><W12/><G70/><T127/><D127/><N who="2" m="48682" /><F132/><W107/><G107/><T119/><D119/><U129/><E129/><V48/><F48/><N who="3" m="26751" /><G58/><T32/><D32/><N who="2" m="12362" /><F103/><W98/><G98/><T100/><D100/><U95/><E51/><V106/><AGARI ba="0,0" hai="16,18,96,101,106" m="12362,48682,29737" machi="106" ten="40,8000,1" yaku="18,1,52,2,54,1" doraHai="14" who="2" fromWho="2" sc="265,-40,318,-20,268,80,149,-20" /><INIT seed="5,0,0,5,4,86" ten="225,298,348,129" oya="1" hai0="62,128,93,58,17,20,41,39,74,132,125,113,66" hai1="10,54,69,57,71,133,130,23,26,11,37,117,102" hai2="30,25,8,3,96,24,100,14,114,105,121,13,90" hai3="123,82,89,60,127,45,124,84,134,104,72,75,22"/><U112/><E117/><V21/><F121/><W115/><G45/><T12/><D74/><N who="3" m="28201" /><G60/><T118/><D118/><U77/><E37/><V16/><F114/><W6/><G22/><T98/><D113/><U42/><E112/><V0/><F90/><N who="3" m="51479" /><G6/><T129/><D132/><U51/><E77/><V64/><F64/><W83/><G115/><T18/><D125/><N who="3" m="48201" /><G123/><T81/><D81/><U49/><E133/><V9/><F24/><W43/><G43/><T7/><D7/><AGARI ba="0,0" hai="0,3,7,8,9,13,14,16,21,25,30,96,100,105" machi="7" ten="30,2000,0" yaku="7,1,54,1" doraHai="86" who="2" fromWho="0" sc="225,-20,298,0,348,20,129,0" /><INIT seed="6,0,0,5,0,94" ten="205,298,368,129" oya="2" hai0="109,96,24,5,43,89,38,73,76,4,64,20,6" hai1="107,2,37,60,119,87,57,12,118,68,125,116,106" hai2="114,26,72,14,45,11,61,80,56,81,117,34,15" hai3="30,101,49,83,127,62,95,70,97,102,112,130,52"/><V99/><F117/><W133/><G127/><T27/><D109/><U31/><E2/><V47/><F114/><W58/><G133/><T40/><D64/><U8/><E68/><V129/><F26/><W126/><G126/><T18/><D38/><U82/><E31/><V59/><F34/><W17/><G130/><T135/><D135/><U16/><E37/><V123/><F129/><W121/><G121/><T110/><D110/><U71/><E71/><V74/><F11/><W108/><G108/><T41/><D73/><U92/><E92/><V44/><F61/><W134/><G134/><T0/><D0/><U9/><E9/><V7/><F7/><W55/><G112/><T88/><D76/><U39/><E39/><V10/><F10/><W13/><G70/><T19/><D96/><U113/><E113/><V75/><F99/><W132/><G132/><T86/><D86/><U124/><E124/><V63/><F63/><W48/><G83/><N who="2" m="31817" /><F123/><W120/><G120/><T67/><D67/><U33/><E33/><V98/><F98/><N who="3" m="59615" /><G30/><T21/><AGARI ba="0,0" hai="4,5,6,18,19,20,21,24,27,40,41,43,88,89" machi="21" ten="40,8000,1" yaku="0,1,9,1,8,1,54,1" doraHai="94" who="0" fromWho="0" sc="205,80,298,-20,368,-40,129,-20" /><INIT seed="7,0,0,2,0,69" ten="285,278,328,109" oya="3" hai0="90,106,8,67,25,29,97,22,12,117,91,82,83" hai1="64,60,92,53,57,34,105,14,58,30,134,42,116" hai2="39,0,119,100,17,79,20,124,45,48,93,43,11" hai3="9,128,54,122,5,59,46,1,15,7,55,86,65"/><W110/><G122/><T71/><D117/><U66/><E105/><V28/><F28/><W52/><G128/><T132/><D132/><U35/><E134/><V36/><F79/><W123/><G123/><T27/><D71/><U51/><E116/><V74/><F74/><W18/><G110/><T75/><D67/><U113/><E113/><V41/><F41/><W88/><G1/><T68/><D68/><U31/><E42/><V94/><F39/><W111/><G111/><T26/><D75/><U115/><E115/><V131/><F36/><W4/><G46/><T62/><D62/><U135/><E64/><V80/><F45/><W109/><G109/><T121/><D121/><U129/><E135/><V13/><F43/><W19/><G65/><T108/><D108/><U112/><E112/><V101/><F0/><W81/><REACH who="3" step="1"/><G19/><REACH who="3" ten="285,278,328,99" step="2"/><T118/><D118/><U21/><E129/><V85/><F131/><W70/><G70/><T23/><D29/><U16/><E34/><V40/><F119/><W47/><G47/><T84/><D106/><U133/><E35/><V10/><F17/><W114/><G114/><T89/><D97/><U107/><E107/><V24/><F40/><W38/><G38/><T102/><D102/><U72/><E133/><V49/><F101/><W98/><G98/><T127/><D127/><U3/><E3/><V37/><F100/><W96/><G96/><T76/><D83/><U126/><E126/><V99/><F80/><W104/><G104/><T125/><D125/><U77/><E92/><V50/><F124/><W56/><AGARI ba="0,1" hai="4,5,7,9,15,18,52,54,55,56,59,81,86,88" machi="56" ten="40,12000,1" yaku="1,1,0,1,8,1,54,2,53,0" doraHai="69" doraHaiUra="130" who="3" fromWho="3" sc="285,-40,278,-40,328,-40,99,130" /><INIT seed="7,1,0,0,1,41" ten="245,238,288,229" oya="3" hai0="78,127,2,69,18,73,34,54,26,87,68,62,111" hai1="94,49,23,113,89,135,40,96,132,86,98,45,79" hai2="52,29,124,99,7,67,81,120,9,17,109,83,64" hai3="36,91,27,22,39,76,80,15,43,105,14,60,59"/><W42/><G105/><T133/><D111/><U3/><E3/><V101/><F29/><W125/><G125/><T93/><D2/><U51/><E113/><V74/><F17/><W65/><G39/><T46/><D73/><U85/><E23/><V115/><F109/><W35/><G35/><T131/><D127/><U48/><E85/><V57/><F124/><W75/><G91/><T33/><D131/><U82/><REACH who="1" step="1"/><E96/><REACH who="1" ten="245,228,288,229" step="2"/><V108/><F115/><W72/><G72/><T5/><D87/><U47/><E47/><V25/><F74/><W129/><G129/><T118/><D46/><U53/><E53/><V19/><F99/><W58/><G58/><T95/><D54/><U100/><E100/><V84/><F101/><W114/><G114/><T1/><D1/><U24/><E24/><V126/><F84/><N who="3" m="48135" /><G36/><AGARI ba="1,1" hai="36,40,45,48,49,51,79,82,86,89,94,98,132,135" machi="36" ten="40,2600,0" yaku="1,1,52,1,53,0" doraHai="41" doraHaiUra="116" who="1" fromWho="3" sc="245,0,228,39,288,0,229,-29" /><INIT seed="8,0,0,0,1,112" ten="245,267,288,200" oya="0" hai0="1,4,99,105,93,116,38,8,135,104,2,30,82" hai1="87,121,52,56,40,5,12,43,123,126,118,28,45" hai2="84,133,111,74,102,7,13,75,106,89,67,62,11" hai3="69,41,47,33,83,78,95,14,46,122,120,22,119"/><T55/><D38/><U124/><E28/><V71/><F111/><W17/><G33/><T79/><D30/><U98/><E98/><V107/><F133/><W109/><G69/><T73/><D135/><U44/><E87/><V18/><F102/><W90/><G109/><T16/><D1/><U92/><E92/><V64/><F64/><W117/><G95/><T24/><D55/><U19/><E5/><V15/><F75/><W20/><G90/><T76/><D76/><U32/><E32/><V50/><F50/><N who="3" m="26959" /><G22/><T36/><D36/><N who="1" m="21511" /><E118/><N who="3" m="45066" /><G47/><T81/><D81/><U9/><E43/><V108/><F108/><W91/><G91/><T53/><D116/><U0/><E45/><V86/><F74/><AGARI ba="0,0" hai="14,17,20,74,78,83,120,122" m="45066,26959" machi="74" ten="30,7700,0" yaku="16,1,52,3" doraHai="112" who="3" fromWho="2" sc="245,0,267,0,288,-77,200,77" /><INIT seed="9,0,0,1,3,62" ten="245,267,211,277" oya="1" hai0="38,10,88,117,114,37,47,50,130,118,77,83,124" hai1="61,58,73,12,119,121,64,1,75,123,129,69,85" hai2="26,102,87,134,113,60,34,120,98,53,43,89,133" hai3="108,65,93,110,7,111,20,18,115,66,55,48,94"/><U33/><E1/><V99/><F43/><W8/><G115/><T131/><D114/><U31/><E129/><N who="0" m="49161" /><D124/><U32/><E119/><N who="0" m="45577" /><D10/><U107/><E107/><V82/><F120/><W59/><G94/><T19/><D19/><U44/><E12/><V112/><F26/><W78/><G93/><T116/><D116/><U105/><E105/><N who="2" m="63703" /><F34/><W70/><G78/><T127/><D127/><U79/><E69/><V15/><F15/><W104/><G70/><T5/><D5/><U63/><E31/><V27/><F27/><W101/><G104/><T67/><D67/><U106/><E106/><V81/><F53/><W84/><G7/><T11/><D11/><U21/><E121/><V41/><F41/><W126/><G8/><T51/><D88/><U80/><E123/><V35/><F60/><W56/><G126/><T132/><D132/><N who="2" m="50794" /><F35/><W42/><G42/><N who="0" m="22991" /><D38/><U100/><E100/><V3/><F3/><W71/><G101/><T28/><D28/><U6/><E6/><V45/><F45/><W46/><G46/><T0/><D0/><U95/><E44/><V97/><F82/><W16/><G18/><T22/><D22/><U92/><E21/><V57/><F57/><W9/><G9/><T91/><D50/><U23/><E23/><V4/><F4/><W74/><G20/><T36/><D51/><U25/><E25/><V90/><F90/><W49/><G16/><T14/><D36/><U54/><E32/><V96/><AGARI ba="0,0" hai="81,87,89,96,97,99,112,113" m="50794,63703" machi="96" ten="40,5200,0" yaku="20,1,34,2" doraHai="62" who="2" fromWho="2" sc="245,-13,267,-26,211,52,277,-13" /><INIT seed="10,0,0,0,0,19" ten="232,241,263,264" oya="2" hai0="63,84,116,87,89,108,102,24,26,49,122,59,6" hai1="21,5,41,78,43,130,126,31,120,105,107,4,92" hai2="93,127,81,123,135,110,51,100,74,71,2,121,111" hai3="48,114,112,117,52,96,32,104,54,124,76,58,129"/><V30/><F2/><W13/><G117/><T25/><D108/><N who="2" m="41514" /><F71/><W9/><G32/><T36/><D122/><U15/><E120/><V38/><F38/><W12/><G124/><T22/><D36/><U69/><E126/><V28/><F127/><W60/><G129/><T11/><D102/><U99/><E130/><V75/><F135/><W56/><G76/><T88/><D116/><U65/><E78/><N who="2" m="44247" /><F75/><W57/><G57/><T20/><D49/><U82/><E69/><V55/><F28/><W42/><G42/><N who="1" m="15882" /><E31/><V131/><F30/><W45/><G58/><T35/><D35/><U0/><E0/><V118/><F118/><W106/><G13/><N who="0" m="5367" /><D87/><U86/><E107/><V83/><F83/><W133/><G96/><T94/><D89/><N who="1" m="55695" /><E105/><V103/><F131/><W3/><G133/><T23/><D26/><U27/><E27/><V85/><F103/><W7/><G3/><T90/><D90/><N who="1" m="51543" /><E65/><AGARI ba="0,0" hai="20,22,23,24,25,59,63,65,84,88,94" m="5367" machi="65" ten="30,8000,1" yaku="8,1,52,3,54,1" doraHai="19" who="0" fromWho="1" sc="232,80,241,-80,263,0,264,0" owari="312,42.0,161,-34.0,263,-14.0,264,6.0" /></mjloggm>