<mjloggm ver="2.3"><GO type="225" lobby="0"/><UN n0="%E3%81%86%E3%81%AA%E3%81%8E" n1="%E5%B0%B1%E6%B4%BB%E7%94%9F%40%E5%B7%9D%E6%9D%91%E8%BB%8D%E5%9B%A3" n2="%55%4E%4C%4F%4F%53%45" n3="%4D%49%40%34%32%38" dan="16,17,16,17" rate="2047.77,2194.53,2124.12,2255.22" sx="M,M,F,M"/><TAIKYOKU oya="0"/><INIT seed="0,0,0,5,0,6" ten="250,250,250,250" oya="0" hai0="92,74,131,30,8,67,119,101,82,15,66,71,105" hai1="47,80,109,120,10,111,106,48,49,19,12,96,77" hai2="23,11,102,83,126,100,81,36,134,63,21,68,22" hai3="29,116,97,51,64,110,24,117,60,42,65,59,124"/><T55/><D119/><U132/><E120/><V98/><F36/><W95/><G110/><T99/><D131/><U3/><E132/><V72/><F134/><W129/><G129/><T133/><D71/><U76/><E3/><V113/><F113/><W90/><G124/><T58/><D30/><U34/><E34/><V1/><F126/><W104/><G65/><T50/><D133/><U0/><E0/><V26/><F26/><W85/><G42/><T78/><REACH who="0" step="1"/><D105/><REACH who="0" ten="240,250,250,250" step="2"/><U135/><E135/><V27/><F68/><W56/><G104/><T89/><D89/><U20/><E111/><V14/><F102/><W35/><G116/><T17/><AGARI ba="0,1" hai="8,15,17,50,55,58,66,67,74,78,82,92,99,101" machi="17" ten="20,12000,1" yaku="1,1,0,1,7,1,52,1,53,1" doraHai="6" doraHaiUra="53" who="0" fromWho="0" sc="240,130,250,-40,250,-40,250,-40" /><INIT seed="0,1,0,0,5,83" ten="370,210,210,210" oya="0" hai0="67,116,108,4,59,119,14,107,132,114,122,121,37" hai1="12,76,85,91,80,1,57,109,9,100,88,58,115" hai2="127,113,104,102,16,31,92,79,87,36,111,2,75" hai3="17,90,112,5,99,96,33,118,52,51,40,135,7"/><T103/><D37/><U20/><E115/><V3/><F36/><W69/><G112/><T101/><D114/><U81/><E109/><V117/><F113/><W62/><G118/><T120/><D108/><U63/><E1/><V56/><F111/><W131/><G33/><T61/><D132/><U89/><E100/><V18/><F31/><W29/><G29/><T65/><D107/><U110/><E20/><V21/><F127/><W49/><G135/><T134/><D134/><U98/><E110/><V123/><F123/><W24/><G131/><T93/><D121/><U106/><E106/><V124/><F124/><W78/><G78/><T129/><D129/><U15/><E98/><V26/><F18/><W0/><G0/><T45/><D4/><U44/><E44/><V27/><F27/><W30/><G17/><T8/><D45/><U130/><E130/><V95/><F56/><W43/><G51/><T11/><D61/><U13/><E57/><V23/><F23/><W94/><G96/><T46/><D120/><U60/><E63/><V22/><F22/><N who="3" m="15639" /><G62/><T55/><D122/><U38/><E38/><V19/><F19/><W54/><G54/><T39/><D39/><U82/><REACH who="1" step="1"/><E9/><REACH who="1" ten="370,200,210,210" step="2"/><N who="0" m="3657" /><D119/><U71/><E71/><V125/><F125/><W35/><G69/><T84/><D116/><U97/><E97/><N who="2" m="59711" /><F104/><W6/><G35/><T86/><D46/><AGARI ba="1,1" hai="5,6,7,40,43,46,49,52,90,94,99" m="15639" machi="46" ten="30,2000,0" yaku="8,1,54,1" doraHai="83" who="3" fromWho="0" sc="370,-23,200,0,210,0,210,33" /><INIT seed="1,0,0,1,2,79" ten="347,200,210,243" oya="1" hai0="102,97,132,93,0,38,63,133,58,105,7,113,65" hai1="109,26,66,57,52,81,35,115,10,44,16,53,68" hai2="116,31,76,56,88,54,36,107,118,86,84,92,120" hai3="11,121,18,71,73,75,96,15,9,134,85,43,123"/><U122/><E115/><V106/><F36/><W89/><G71/><T110/><D110/><U12/><E122/><V33/><F120/><W64/><G64/><T60/><D38/><U112/><E112/><V130/><F130/><W50/><G134/><N who="0" m="51819" /><D113/><U1/><E109/><V72/><F31/><W37/><G37/><T51/><D51/><N who="1" m="28775" /><E1/><V99/><F33/><W20/><G96/><T128/><D63/><N who="1" m="38255" /><E68/><V77/><F56/><W5/><G9/><N who="0" m="2279" /><D128/><U100/><E35/><V17/><F54/><W82/><G43/><T67/><D67/><U131/><E131/><V74/><F17/><W28/><G28/><T13/><D105/><U40/><E40/><V25/><F25/><W108/><G108/><T59/><D13/><U42/><E42/><V98/><F92/><W48/><G123/><T117/><D117/><U80/><E100/><V70/><F70/><AGARI ba="0,0" hai="58,59,60,65,70,93,97,102" m="2279,51819" machi="70" ten="30,1000,0" yaku="20,1" doraHai="79" who="0" fromWho="2" sc="347,10,200,0,210,-10,243,0" /><INIT seed="2,0,0,5,1,126" ten="357,200,200,243" oya="2" hai0="60,96,131,55,128,127,58,35,71,77,17,121,38" hai1="112,117,40,51,8,95,115,42,59,107,16,1,109" hai2="120,84,67,13,43,18,36,125,62,99,135,29,7" hai3="129,103,133,9,93,75,76,63,118,52,64,102,47"/><V41/><F120/><W54/><G118/><T65/><D127/><U19/><E107/><V24/><F125/><W26/><G133/><T21/><D35/><U111/><E117/><V79/><F135/><W110/><G110/><N who="1" m="41994" /><E95/><V20/><F36/><W92/><G26/><T45/><D77/><U33/><E33/><V100/><F7/><W30/><G30/><T85/><D85/><U74/><E74/><V101/><F101/><W15/><G76/><T73/><D73/><U68/><E68/><V25/><F25/><W14/><G75/><T70/><D96/><U91/><E91/><V48/><F48/><W34/><G34/><T119/><D121/><U39/><E39/><V113/><F113/><N who="1" m="43593" /><E1/><V106/><F79/><W123/><G123/><T86/><D86/><U4/><E4/><V80/><F80/><W114/><G114/><T61/><D119/><U122/><E122/><V69/><REACH who="2" step="1"/><F84/><REACH who="2" ten="357,200,190,243" step="2"/><W53/><G102/><T31/><D38/><U49/><E51/><V98/><F98/><W124/><G103/><T27/><D27/><U130/><E130/><V50/><F50/><W44/><G129/><T108/><D131/><U6/><E42/><V83/><F83/><W81/><G81/><T116/><D108/><U105/><E105/><V82/><F82/><W66/><G124/><T37/><D116/><U32/><E40/><V3/><F3/><W11/><G63/><T57/><D128/><U134/><E134/><V28/><F28/><W87/><G87/><T46/><D31/><U78/><E78/><V88/><F88/><W10/><G15/><N who="0" m="9407" /><D37/><U97/><E49/><RYUUKYOKU ba="0,1" sc="357,15,200,-15,190,15,243,-15" hai0="45,46,55,57,58,60,61,65,70,71" hai2="13,18,20,24,29,41,43,62,67,69,99,100,106" /><INIT seed="2,1,1,0,4,15" ten="372,185,205,228" oya="2" hai0="54,31,33,47,78,16,4,44,69,61,62,35,102" hai1="128,117,25,127,118,12,87,89,75,0,112,24,109" hai2="65,41,134,94,101,81,64,116,55,132,68,91,40" hai3="57,10,8,100,6,92,88,67,86,46,97,93,23"/><V14/><F116/><W99/><G46/><T17/><D102/><U103/><E112/><V63/><F65/><W107/><G6/><T53/><D4/><U82/><E109/><V79/><F101/><W83/><G107/><T50/><D78/><U30/><E128/><V2/><F2/><W90/><REACH who="3" step="1"/><G23/><REACH who="3" ten="372,185,205,218" step="2"/><T129/><D129/><U26/><E127/><V110/><F110/><W74/><G74/><T20/><D20/><U80/><E0/><V52/><F134/><W29/><G29/><T131/><D131/><U60/><E30/><V126/><F126/><W7/><G7/><T123/><D31/><U104/><E117/><V11/><F132/><W37/><G37/><T39/><D39/><U45/><E118/><V114/><F114/><W49/><G49/><T84/><D50/><U113/><E113/><V72/><F40/><W56/><G56/><T85/><D69/><U66/><E45/><V111/><F41/><W43/><G43/><T19/><D47/><U71/><E75/><V95/><F111/><W3/><G3/><T120/><D44/><U108/><E108/><V96/><F95/><W130/><G130/><T48/><D48/><U73/><E73/><V1/><F1/><W59/><G59/><T28/><D28/><U5/><E82/><V38/><F38/><W70/><G70/><T105/><D19/><AGARI ba="1,2" hai="11,14,19,52,55,63,64,68,72,79,81,91,94,96" machi="19" ten="30,5800,0" yaku="7,1,52,1,54,1" doraHai="15" who="2" fromWho="0" sc="372,-61,185,0,205,81,218,0" /><INIT seed="2,2,0,0,2,38" ten="311,185,286,218" oya="2" hai0="20,8,43,23,71,134,56,36,42,98,101,46,109" hai1="81,13,83,94,58,49,15,48,76,59,54,100,135" hai2="14,57,55,37,89,132,111,115,31,65,95,33,96" hai3="63,45,119,51,91,2,124,1,118,6,41,44,10"/><V30/><F115/><W129/><G129/><T92/><D71/><U86/><E135/><V64/><F132/><W74/><G124/><T4/><D134/><U5/><E5/><V19/><F37/><W32/><G32/><T90/><D43/><U0/><E0/><V18/><F111/><W121/><G121/><T34/><D34/><U67/><E83/><V7/><F7/><W72/><G1/><T82/><D109/><U112/><E112/><V39/><F39/><W108/><G108/><T103/><D56/><U21/><E21/><V116/><F116/><W17/><G63/><T22/><REACH who="0" step="1"/><D82/><REACH who="0" ten="301,185,286,218" step="2"/><U120/><E120/><V9/><F33/><W93/><G119/><T11/><D11/><U106/><E106/><V117/><F117/><W12/><G118/><T60/><D60/><N who="1" m="38295" /><E49/><N who="2" m="30959" /><F64/><W87/><REACH who="3" step="1"/><G45/><REACH who="3" ten="301,185,286,208" step="2"/><T35/><D35/><U79/><E79/><V69/><F69/><W88/><G88/><T107/><D107/><U70/><E70/><V3/><F65/><W122/><G122/><T77/><D77/><U130/><E130/><V16/><F3/><AGARI ba="2,2" hai="3,4,8,20,22,23,36,42,46,90,92,98,101,103" machi="3" ten="40,2600,0" yaku="1,1,52,1,53,0" doraHai="38" doraHaiUra="127" who="0" fromWho="2" sc="301,52,185,0,286,-32,208,0" /><INIT seed="3,0,0,2,0,25" ten="353,185,254,208" oya="3" hai0="28,66,52,96,88,62,121,5,51,57,133,42,34" hai1="23,16,111,8,50,55,31,82,39,117,123,60,128" hai2="4,86,15,32,129,63,29,126,41,114,20,37,3" hai3="27,2,6,99,74,26,122,19,65,104,131,0,46"/><W76/><G122/><T90/><D121/><U84/><E39/><V80/><F114/><W130/><G65/><T102/><D133/><U94/><E123/><V30/><F126/><W12/><G46/><T45/><D5/><U77/><E128/><N who="3" m="49194" /><G76/><T49/><D28/><N who="2" m="10858" /><F129/><W70/><G70/><T132/><D34/><U67/><E111/><V59/><F37/><W135/><G74/><T115/><D115/><U75/><E117/><V100/><F3/><N who="3" m="1067" /><G135/><T9/><D132/><U109/><E109/><V47/><F32/><W110/><G110/><T56/><D9/><U89/><E8/><N who="2" m="4487" /><F100/><N who="3" m="62495" /><G6/><T85/><D85/><U92/><E92/><AGARI ba="0,0" hai="42,45,49,51,52,56,57,62,66,88,90,92,96,102" machi="92" ten="30,7700,0" yaku="7,1,8,1,54,2" doraHai="25" who="0" fromWho="1" sc="353,77,185,-77,254,0,208,0" owari="430,53.0,108,-39.0,254,5.0,208,-19.0" /></mjloggm>