<mjloggm ver="2.3"><GO type="169" lobby="0"/><UN n0="%E3%83%88%E3%83%88%E3%83%AA%E5%85%88%E7%94%9F%31%39%E6%AD%B3" n1="%6D%61%74%69%6F%73%61%6E" n2="%E6%A1%9C%E4%BA%95%E3%81%95%E3%82%93" n3="%E3%83%A4%E3%82%AD%E3%83%B3" dan="18,18,17,16" rate="2263.08,2243.41,2171.01,2096.82" sx="F,M,M,M"/><TAIKYOKU oya="0"/><INIT seed="0,0,0,1,4,35" ten="250,250,250,250" oya="0" hai0="45,108,79,73,18,105,53,22,1,0,4,115,107" hai1="89,44,110,12,2,80,54,36,125,122,28,123,62" hai2="97,61,93,72,130,55,103,8,9,133,19,59,10" hai3="40,49,85,31,56,47,92,75,120,24,90,34,52"/><T113/><D73/><U43/><E110/><V20/><F72/><W121/><REACH who="3" step="1"/><G75/><REACH who="3" ten="250,250,250,240" step="2"/><T106/><D113/><U6/><E123/><V83/><F130/><W71/><G71/><T41/><D115/><U99/><E122/><V82/><REACH who="2" step="1"/><F133/><REACH who="2" ten="250,250,240,240" step="2"/><W118/><G118/><T132/><D132/><U63/><E125/><V98/><F98/><W127/><G127/><T119/><D119/><U77/><E99/><V101/><F101/><W88/><G88/><T102/><D102/><U96/><E96/><V114/><F114/><W29/><G29/><T109/><D108/><U67/><E28/><V104/><F104/><W21/><G21/><T70/><D109/><U91/><E91/><V65/><F65/><W66/><G66/><T57/><D107/><U134/><E89/><V81/><F81/><W116/><G116/><T17/><D22/><U51/><E134/><V117/><F117/><W30/><G30/><T68/><D106/><U131/><E131/><V38/><F38/><AGARI ba="0,2" hai="24,31,34,38,40,47,49,52,56,85,90,92,120,121" machi="38" ten="40,8000,1" yaku="21,2,54,1,53,1" doraHai="35" doraHaiUra="48" who="3" fromWho="2" sc="250,0,250,0,240,-80,240,100" /><INIT seed="1,0,0,2,4,2" ten="250,250,160,340" oya="1" hai0="130,49,51,63,80,33,38,53,97,110,131,25,26" hai1="47,106,115,29,66,36,93,104,123,103,125,9,118" hai2="37,70,133,134,43,45,122,22,13,60,40,55,89" hai3="95,121,117,4,124,83,114,69,23,62,35,5,67"/><U30/><E115/><V85/><F122/><W18/><G121/><T78/><D38/><U132/><E118/><V21/><F43/><W41/><G114/><T74/><D110/><U56/><E123/><V16/><F22/><W3/><G3/><T64/><D97/><U113/><E113/><V119/><F119/><W77/><G35/><T61/><D49/><U102/><E93/><V42/><F42/><W128/><G117/><T71/><D61/><U112/><E112/><V75/><F75/><W108/><G108/><T116/><D116/><U87/><E87/><V88/><F55/><W50/><G124/><T73/><D73/><U10/><E36/><V90/><REACH who="2" step="1"/><F85/><REACH who="2" ten="250,250,150,340" step="2"/><W44/><G128/><N who="0" m="49195" /><D33/><U120/><E120/><V59/><F59/><AGARI ba="0,1" hai="25,26,51,53,59,63,64,71,74,78,80" m="49195" machi="59" ten="30,1000,0" yaku="19,1" doraHai="2" who="0" fromWho="2" sc="250,20,250,0,150,-10,340,0" /><INIT seed="2,0,0,4,2,112" ten="270,250,140,340" oya="2" hai0="12,37,116,89,61,39,91,129,74,111,73,11,105" hai1="42,9,24,122,51,115,114,100,109,17,25,22,124" hai2="3,126,43,77,79,49,64,26,99,108,27,35,98" hai3="106,47,131,62,32,71,104,56,6,125,5,92,72"/><V30/><F3/><W31/><G71/><T29/><D105/><U0/><E100/><V40/><F126/><W86/><G72/><T63/><D29/><U13/><E51/><V66/><F49/><W15/><G31/><T4/><D111/><U46/><E46/><V16/><F30/><W133/><G32/><T21/><D129/><U84/><E84/><V85/><F85/><W117/><G131/><T67/><D21/><U135/><E42/><V130/><F130/><W7/><G133/><T50/><D50/><U80/><E80/><V81/><F81/><W10/><G47/><T41/><D41/><U123/><E109/><V55/><F108/><W45/><G45/><T2/><D2/><U102/><E102/><V97/><F97/><W58/><G117/><T110/><D110/><U34/><E135/><V121/><F121/><N who="1" m="46089" /><E124/><V38/><F55/><W68/><G125/><T76/><D67/><U95/><E95/><V53/><F53/><W14/><G106/><T96/><D96/><U65/><E65/><V83/><F83/><W75/><G75/><T44/><D44/><U88/><E88/><V33/><REACH who="2" step="1"/><F16/><REACH who="2" ten="270,250,130,340" step="2"/><N who="3" m="8279" /><G86/><T8/><D74/><U93/><E0/><V132/><F132/><W103/><G7/><T119/><D73/><U90/><E114/><V120/><F120/><W70/><G6/><T52/><D52/><U59/><E115/><V107/><F107/><W118/><G104/><T18/><D4/><U19/><E19/><V36/><AGARI ba="0,1" hai="26,27,33,35,36,38,40,43,64,66,77,79,98,99" machi="36" ten="25,18000,2" yaku="1,1,0,1,22,2,53,2" doraHai="112" doraHaiUra="94" who="2" fromWho="2" sc="270,-60,250,-60,130,190,340,-60" /><INIT seed="2,1,0,1,3,19" ten="210,190,320,280" oya="2" hai0="50,70,68,25,60,134,86,63,103,109,59,73,85" hai1="41,27,48,105,121,130,74,61,2,99,6,81,62" hai2="116,112,67,117,45,91,31,83,26,18,5,49,97" hai3="65,55,92,133,32,120,57,108,54,118,94,16,24"/><V20/><F112/><W10/><G120/><T113/><D113/><U101/><E121/><V0/><F67/><W106/><G118/><T76/><D73/><U3/><E130/><V126/><F126/><W4/><G106/><T72/><D72/><U95/><E6/><V129/><F129/><W64/><G108/><T132/><D109/><U115/><E115/><V39/><F39/><W15/><G133/><N who="0" m="51307" /><D103/><U30/><E62/><N who="0" m="23593" /><D25/><U77/><E61/><V28/><F28/><W35/><G35/><T14/><D14/><U75/><E75/><V34/><F5/><W119/><G119/><T110/><D110/><U52/><E41/><V104/><F0/><W88/><G94/><T8/><D8/><U21/><REACH who="1" step="1"/><E105/><REACH who="1" ten="210,180,320,280" step="2"/><V100/><F117/><W37/><G64/><T9/><D70/><U13/><E13/><V127/><F116/><W7/><G65/><T124/><D68/><U128/><E128/><V90/><F127/><W78/><G7/><T47/><D124/><U58/><AGARI ba="1,1" hai="2,3,21,27,30,48,52,58,74,77,81,95,99,101" machi="58" ten="20,12000,2" yaku="1,1,0,1,7,1,52,1,54,1,53,1" doraHai="19" doraHaiUra="51" who="1" fromWho="1" sc="210,-31,180,133,320,-61,280,-31" /><INIT seed="3,0,0,0,0,52" ten="179,313,259,249" oya="3" hai0="133,120,75,114,64,108,71,107,78,89,15,73,94" hai1="62,60,61,16,3,35,87,31,19,12,95,70,28" hai2="72,54,44,55,43,113,117,119,135,34,57,20,110" hai3="24,86,131,29,96,98,18,48,126,40,6,65,59"/><W1/><G126/><T92/><D120/><U25/><E3/><V121/><F34/><W118/><G118/><T102/><D108/><U116/><E116/><V14/><F113/><W127/><G127/><T90/><D114/><U128/><E128/><V84/><F72/><W83/><G131/><T4/><D133/><U104/><E104/><V7/><F110/><W122/><G122/><T82/><D4/><U129/><E129/><V39/><F121/><W13/><G6/><T88/><D15/><U21/><E70/><V112/><F112/><W91/><G1/><T100/><D64/><U50/><E35/><V97/><F55/><N who="3" m="32231" /><G40/><T37/><D37/><U45/><E95/><N who="0" m="36393" /><D71/><U103/><E87/><V51/><F135/><W5/><G5/><T10/><D10/><N who="1" m="6551" /><E103/><N who="0" m="39465" /><D107/><U134/><E134/><V93/><F84/><AGARI ba="0,0" hai="73,75,78,82,84,88,89,90" m="39465,36393" machi="84" ten="30,12000,2" yaku="35,5,54,1" doraHai="52" who="0" fromWho="2" sc="179,120,313,0,259,-120,249,0" /><INIT seed="4,0,0,2,1,120" ten="299,313,139,249" oya="0" hai0="84,34,14,99,54,33,91,7,75,53,115,122,1" hai1="131,65,118,90,117,28,128,27,82,26,6,107,88" hai2="4,39,71,92,93,96,70,89,36,73,114,52,63" hai3="8,94,125,80,18,11,51,44,69,85,50,57,55"/><T24/><D122/><U67/><E6/><V20/><F73/><W106/><G106/><T31/><D75/><U81/><E28/><V74/><F74/><W126/><G69/><T78/><D34/><U113/><REACH who="1" step="1"/><E107/><REACH who="1" ten="299,303,139,249" step="2"/><V16/><F4/><W100/><G126/><T59/><D31/><U109/><E109/><V61/><F114/><AGARI ba="0,1" hai="26,27,65,67,81,82,88,90,113,114,117,118,128,131" machi="114" ten="25,6400,0" yaku="1,1,22,2,54,1,53,0" doraHai="120" doraHaiUra="98" who="1" fromWho="2" sc="299,0,303,74,139,-64,249,0" /><INIT seed="5,0,0,3,5,76" ten="299,377,75,249" oya="1" hai0="33,32,63,129,49,91,85,121,97,21,0,104,133" hai1="30,89,113,114,20,135,87,7,78,66,6,69,96" hai2="127,1,47,22,29,108,17,126,94,19,103,39,2" hai3="50,125,27,116,11,53,55,86,43,80,36,68,23"/><U75/><E135/><V37/><F108/><W12/><G68/><T28/><D0/><N who="2" m="106" /><F103/><W73/><G73/><T15/><D133/><U14/><E96/><V99/><F94/><W57/><G125/><N who="2" m="47625" /><F99/><W105/><G105/><T71/><D129/><U131/><E131/><V67/><F67/><W98/><G98/><T8/><D121/><U115/><E78/><V58/><F58/><W102/><G102/><T31/><D21/><U48/><E75/><V16/><F47/><N who="3" m="25983" /><G36/><N who="2" m="13897" /><F29/><N who="3" m="17663" /><G57/><T62/><D28/><U56/><E69/><V13/><AGARI ba="0,0" hai="13,16,17,19,22" m="13897,47625,106" machi="13" ten="40,2700,0" yaku="18,1,54,1" doraHai="76" who="2" fromWho="2" sc="299,-7,377,-13,75,27,249,-7" /><INIT seed="6,0,0,1,3,80" ten="292,364,102,242" oya="2" hai0="89,23,82,116,39,34,50,56,77,86,84,103,62" hai1="88,37,76,36,8,24,75,121,13,28,63,59,57" hai2="10,74,35,109,31,42,81,93,1,65,47,98,54" hai3="119,91,21,122,72,118,134,128,9,102,33,25,110"/><V104/><F104/><W11/><G72/><T51/><D34/><U68/><E68/><V114/><F114/><W96/><G110/><T7/><D39/><U41/><E57/><V123/><F123/><W18/><G122/><T20/><D116/><U85/><E41/><V132/><F132/><W43/><G134/><T106/><D103/><U83/><E121/><V69/><F109/><W99/><G128/><T61/><D106/><U117/><E117/><V120/><F120/><W58/><G43/><T108/><D7/><U113/><E113/><V131/><F131/><W105/><G33/><T32/><D32/><U130/><E130/><V44/><F54/><W135/><G135/><T112/><D112/><U52/><E24/><V48/><F47/><W101/><G91/><T55/><D108/><U14/><E28/><V53/><F53/><W100/><G100/><T26/><D51/><U12/><REACH who="1" step="1"/><E8/><REACH who="1" ten="292,354,102,242" step="2"/><V15/><F1/><W79/><G58/><T127/><D127/><U4/><E4/><V0/><F0/><W87/><G11/><T16/><D20/><U107/><E107/><V95/><F98/><W45/><G9/><T129/><D129/><U40/><E40/><V49/><F49/><W71/><G119/><T66/><D66/><U29/><E29/><V126/><F126/><W124/><G124/><T67/><D67/><U78/><E78/><N who="2" m="44247" /><F65/><W73/><G118/><T115/><D115/><U111/><E111/><V133/><F69/><W22/><G71/><T94/><AGARI ba="0,1" hai="16,23,26,50,55,56,61,62,77,82,84,86,89,94" machi="94" ten="20,12000,2" yaku="0,1,7,1,8,1,52,2,54,1" doraHai="80" who="0" fromWho="0" sc="292,130,354,-30,102,-60,242,-30" /><INIT seed="7,0,0,1,0,35" ten="422,324,42,212" oya="3" hai0="128,33,114,58,2,49,26,131,23,99,100,34,93" hai1="19,123,133,11,102,75,106,4,113,69,129,79,36" hai2="43,84,61,97,112,92,30,80,118,64,87,96,37" hai3="62,85,63,126,105,38,20,124,40,134,71,90,86"/><W59/><G105/><T10/><D114/><U115/><E19/><V6/><F112/><W125/><G134/><T15/><D2/><U98/><E133/><V83/><F118/><W25/><G71/><T77/><D77/><U119/><E123/><V127/><F127/><W60/><G40/><T135/><D135/><U67/><E129/><N who="0" m="49737" /><D49/><U122/><E122/><V39/><F30/><W21/><G38/><T42/><D58/><U18/><E18/><V56/><F6/><W111/><G111/><T95/><D95/><U94/><E94/><V29/><F29/><W7/><G7/><N who="0" m="3551" /><D42/><U70/><E119/><V120/><F120/><W57/><G25/><T9/><D9/><U88/><E88/><V73/><F73/><W51/><G51/><T48/><D48/><U27/><E27/><V45/><F37/><W50/><G50/><T121/><D121/><U41/><E115/><V82/><REACH who="2" step="1"/><F92/><REACH who="2" ten="422,324,32,212" step="2"/><N who="3" m="54351" /><G86/><AGARI ba="0,1" hai="39,43,45,56,61,64,80,82,83,84,86,87,96,97" machi="86" ten="40,2600,0" yaku="1,1,53,1" doraHai="35" doraHaiUra="54" who="2" fromWho="3" sc="422,0,324,0,32,36,212,-26" owari="422,52.0,324,12.0,68,-43.0,186,-21.0" /></mjloggm>