<mjloggm ver="2.3"><GO type="169" lobby="0"/><UN n0="%70%72%6F%62%61%62%6C%65" n1="%E3%83%95%E3%83%B3%E3%83%8C" n2="%E3%82%A6%E3%83%AB%E3%83%88%E3%83%A9%E7%AB%8B%E7%9B%B4" n3="%53%61%6D%6D%61%32" dan="16,16,17,16" rate="2030.34,2117.43,2121.98,2082.38" sx="M,M,M,M"/><TAIKYOKU oya="0"/><INIT seed="0,0,0,3,3,58" ten="250,250,250,250" oya="0" hai0="43,95,99,45,119,118,12,78,93,19,57,38,62" hai1="75,52,6,89,106,33,22,32,2,63,131,128,66" hai2="96,46,31,10,98,122,50,36,13,39,44,5,91" hai3="40,71,3,100,65,28,134,97,55,16,25,114,23"/><T129/><D129/><U85/><E75/><V124/><F122/><W24/><G40/><T92/><D78/><U29/><E106/><V0/><F124/><W104/><G114/><T54/><REACH who="0" step="1"/><D99/><REACH who="0" ten="240,250,250,250" step="2"/><U56/><E128/><V86/><F98/><W111/><G134/><T1/><D1/><U94/><E131/><V34/><F96/><W26/><G3/><T67/><D67/><U102/><E2/><V133/><F0/><W48/><G111/><T4/><D4/><U103/><E6/><V30/><F133/><W35/><G55/><T9/><AGARI ba="0,1" hai="9,12,19,38,43,45,54,57,62,92,93,95,118,119" machi="9" ten="30,18000,2" yaku="1,1,0,1,52,1,53,3" doraHai="58" doraHaiUra="88" who="0" fromWho="0" sc="240,190,250,-60,250,-60,250,-60" /><INIT seed="0,1,0,1,4,120" ten="430,190,190,190" oya="0" hai0="41,80,39,109,76,86,15,45,61,24,90,25,19" hai1="4,50,124,55,79,123,57,105,106,92,0,71,56" hai2="14,78,103,48,3,20,22,116,133,73,119,2,43" hai3="28,62,33,82,102,67,52,18,108,134,113,84,96"/><T58/><D109/><U121/><E71/><V88/><F103/><W44/><G113/><T31/><D31/><U46/><E79/><V112/><F78/><W70/><G134/><T23/><REACH who="0" step="1"/><D76/><REACH who="0" ten="420,190,190,190" step="2"/><U27/><E121/><V87/><F133/><W66/><G108/><T74/><D74/><U100/><E123/><V91/><F73/><W32/><G18/><T129/><D129/><U8/><E4/><V17/><F17/><W54/><G67/><AGARI ba="1,1" hai="15,19,23,24,25,39,41,45,58,61,67,80,86,90" machi="67" ten="30,5800,0" yaku="1,1,7,1,53,1" doraHai="120" doraHaiUra="38" who="0" fromWho="3" sc="420,71,190,0,190,0,190,-61" /><INIT seed="0,2,0,2,5,30" ten="491,190,190,129" oya="0" hai0="118,58,2,87,21,128,116,91,67,121,34,12,130" hai1="18,59,90,132,49,89,22,40,71,36,37,55,93" hai2="86,11,113,24,33,114,96,3,75,56,68,38,81" hai3="122,76,14,0,80,72,84,111,1,29,119,117,5"/><T66/><D2/><U110/><E71/><V102/><F56/><W48/><G122/><T53/><D121/><U10/><E110/><V83/><F83/><W69/><G111/><T95/><D34/><U61/><E132/><V112/><F38/><W15/><G69/><T82/><D82/><U135/><E135/><V17/><F68/><W20/><G72/><T100/><D100/><U77/><E77/><V25/><F25/><W106/><G106/><T73/><D73/><U35/><E35/><V125/><F125/><W51/><G0/><T107/><D107/><U103/><E10/><V32/><F75/><W23/><G1/><T60/><D118/><U4/><E4/><V45/><F45/><W57/><G29/><T39/><D116/><U27/><E103/><V7/><F24/><W31/><G119/><T115/><D39/><U16/><E18/><V78/><REACH who="2" step="1"/><F17/><REACH who="2" ten="491,190,180,129" step="2"/><W64/><G117/><T108/><D108/><U97/><E90/><V99/><F99/><W133/><G133/><T28/><D115/><U63/><E61/><V79/><F79/><W123/><G123/><T54/><D28/><U19/><E19/><V43/><F43/><W8/><G31/><T74/><D74/><U50/><E49/><V124/><F124/><W126/><G126/><T62/><D62/><U26/><E27/><V92/><AGARI ba="2,1" hai="3,7,11,32,33,78,81,86,92,96,102,112,113,114" machi="92" ten="30,7900,0" yaku="1,1,0,1,52,2,53,0" doraHai="30" doraHaiUra="46" who="2" fromWho="2" sc="491,-41,190,-22,180,95,129,-22" /><INIT seed="1,0,0,4,4,76" ten="450,168,275,107" oya="1" hai0="78,59,49,53,4,10,66,21,3,125,40,107,128" hai1="104,132,63,28,106,44,115,133,50,130,123,19,0" hai2="35,84,102,108,118,71,93,61,23,124,127,1,15" hai3="110,34,135,69,80,92,89,72,73,97,121,85,22"/><U96/><E123/><V46/><F1/><W112/><G34/><T101/><D78/><U129/><E0/><V24/><F118/><W41/><G69/><T119/><D119/><U14/><E28/><V122/><F46/><W51/><G121/><T64/><D107/><U126/><E63/><V60/><F122/><W100/><G112/><T114/><D114/><U56/><E56/><V29/><F61/><W87/><G135/><N who="1" m="51786" /><E115/><V134/><F102/><W131/><G22/><T91/><D101/><U16/><E96/><V39/><F60/><W94/><G131/><N who="1" m="50186" /><E19/><V48/><F71/><W42/><G110/><T47/><D128/><U27/><E27/><V32/><F24/><W45/><REACH who="3" step="1"/><G42/><REACH who="3" ten="450,168,275,97" step="2"/><T2/><D40/><N who="1" m="24839" /><E126/><V31/><F127/><W81/><G81/><T58/><D125/><U17/><E17/><V74/><F124/><W90/><AGARI ba="0,1" hai="41,45,51,72,73,80,85,87,89,90,92,94,97,100" machi="90" ten="20,5200,0" yaku="1,1,0,1,7,1,52,1,53,0" doraHai="76" doraHaiUra="25" who="3" fromWho="3" sc="450,-13,168,-26,275,-13,97,62" /><INIT seed="2,0,0,4,5,102" ten="437,142,262,159" oya="2" hai0="105,84,6,118,85,8,77,117,131,101,87,68,120" hai1="61,37,40,97,15,57,73,49,28,7,128,82,66" hai2="114,62,93,23,113,55,5,96,65,110,4,99,109" hai3="95,92,80,106,42,30,33,83,11,32,107,98,13"/><V100/><F55/><W9/><G42/><T75/><D68/><U112/><E112/><V90/><F23/><W34/><G30/><T25/><D120/><U119/><E119/><N who="0" m="45577" /><D131/><U132/><E37/><V54/><F54/><W41/><G41/><T127/><D127/><U104/><E128/><V78/><F4/><W18/><G98/><N who="0" m="61623" /><D75/><U45/><E28/><V36/><F5/><W19/><G34/><T16/><D77/><U76/><E132/><V86/><F36/><W12/><AGARI ba="0,0" hai="9,11,12,13,18,19,32,33,80,83,92,95,106,107" machi="12" ten="25,8000,1" yaku="0,1,22,2,52,2" doraHai="102" who="3" fromWho="3" sc="437,-20,142,-20,262,-40,159,80" /><INIT seed="3,0,0,1,3,83" ten="417,122,222,239" oya="3" hai0="7,36,4,85,2,47,29,22,15,108,24,120,14" hai1="80,118,60,42,92,35,135,1,8,122,115,38,113" hai2="45,21,55,5,6,67,130,104,34,131,123,20,133" hai3="19,99,66,58,102,16,132,51,0,57,84,96,77"/><W111/><G0/><T56/><D120/><U32/><E122/><V30/><F55/><W44/><G132/><T73/><D73/><U87/><E135/><V119/><F45/><W28/><G28/><T46/><D108/><U75/><E118/><V31/><F67/><W12/><G111/><T69/><D69/><U26/><E60/><V37/><F37/><W82/><G66/><T33/><D2/><U27/><E27/><V81/><F81/><W134/><G134/><T65/><D33/><U114/><E26/><V112/><F104/><W100/><G99/><T64/><D36/><U62/><E62/><V124/><F133/><W50/><G50/><T89/><D65/><U48/><E48/><V72/><F72/><W23/><G19/><T110/><D110/><U98/><E98/><V68/><F68/><W107/><REACH who="3" step="1"/><G102/><REACH who="3" ten="417,122,222,229" step="2"/><T125/><D64/><U3/><E3/><V103/><F103/><W128/><G128/><T59/><D4/><N who="1" m="1039" /><E114/><V93/><F112/><W129/><G129/><T121/><D7/><U63/><E115/><V101/><F101/><W116/><G116/><T52/><D121/><U25/><E113/><V9/><F119/><W86/><G86/><T39/><D39/><U91/><E35/><V74/><F34/><W79/><G79/><T70/><D29/><N who="1" m="19503" /><E75/><V71/><F74/><W97/><G97/><T17/><D17/><U13/><E63/><V95/><F123/><W90/><G90/><T127/><D89/><U54/><E38/><V10/><F71/><W78/><G78/><T126/><D70/><U41/><E91/><V94/><F131/><RYUUKYOKU ba="0,1" sc="417,-10,122,-10,222,-10,229,30" hai3="12,16,23,44,51,57,58,77,82,84,96,100,107" /><INIT seed="3,1,1,5,5,127" ten="407,112,212,259" oya="3" hai0="38,101,18,96,66,11,76,45,12,88,79,85,128" hai1="73,81,135,121,124,95,23,2,132,31,33,131,75" hai2="91,10,3,104,77,27,26,99,44,42,74,125,109" hai3="58,67,56,4,24,130,83,129,90,59,114,98,106"/><W69/><G114/><T63/><D128/><N who="3" m="49257" /><G4/><T103/><D38/><U15/><E131/><V54/><F54/><W28/><G69/><T9/><D45/><U22/><E121/><V123/><F27/><W8/><G8/><T82/><D9/><U107/><E107/><V51/><F26/><W41/><G41/><T97/><D97/><U122/><E2/><V93/><F10/><W29/><G67/><T53/><D53/><U30/><E81/><V34/><F3/><W6/><G6/><T50/><D50/><U19/><E122/><V21/><F51/><W72/><G106/><T108/><D108/><U105/><E105/><V87/><F104/><W94/><G24/><T16/><D18/><U112/><E124/><V60/><F42/><W126/><G126/><T46/><D46/><U35/><E112/><V64/><F44/><W115/><G115/><T40/><D40/><U57/><E57/><V111/><F125/><W70/><G70/><T102/><D96/><U17/><E15/><V1/><F1/><W116/><G116/><T65/><D65/><U36/><E36/><V52/><F64/><W84/><G72/><T113/><D113/><U100/><E75/><V80/><F74/><W68/><G68/><T71/><AGARI ba="1,1" hai="11,12,16,63,66,71,76,79,82,85,88,101,102,103" machi="71" ten="30,4000,0" yaku="0,1,54,2" doraHai="127" who="0" fromWho="0" sc="407,53,112,-11,212,-11,259,-21" /><INIT seed="4,0,0,5,3,6" ten="460,101,201,238" oya="0" hai0="46,0,11,129,120,107,88,87,70,38,43,102,12" hai1="105,132,110,39,77,27,118,36,121,101,68,48,69" hai2="9,7,116,73,71,44,78,4,114,84,32,93,108" hai3="8,53,92,41,35,86,17,72,56,96,75,42,133"/><T25/><D120/><U122/><E110/><V19/><F71/><W112/><G35/><T119/><D0/><U2/><E118/><V20/><F73/><W100/><G112/><T123/><D123/><U64/><E2/><V63/><F32/><W131/><G131/><T1/><D1/><U134/><E77/><V5/><F108/><W111/><G111/><T31/><D119/><U79/><E79/><V126/><F116/><W61/><G133/><N who="1" m="51306" /><E27/><V50/><F63/><W29/><G29/><T18/><D70/><N who="1" m="27243" /><E101/><V67/><F67/><W60/><G75/><T104/><D102/><U85/><E85/><V33/><F33/><W57/><G72/><T80/><D129/><U113/><E105/><V90/><F78/><W74/><G86/><T59/><D59/><U58/><E113/><V99/><F114/><W98/><G96/><T28/><D28/><U130/><E130/><V94/><F99/><W135/><G74/><T14/><D14/><U13/><E13/><V89/><F89/><W16/><G135/><T10/><D10/><U95/><E95/><V97/><F9/><W47/><G47/><T45/><D45/><U66/><E121/><V106/><F94/><W128/><G128/><T82/><D82/><U124/><E122/><V30/><F30/><W65/><G17/><T55/><D31/><U81/><E81/><V115/><F115/><W54/><G65/><N who="1" m="25194" /><E124/><V51/><F126/><W83/><G83/><T34/><D34/><U62/><E62/><V26/><F44/><W21/><G8/><T3/><D107/><U23/><E23/><V49/><F106/><RYUUKYOKU ba="0,0" sc="460,-30,101,10,201,10,238,10" hai1="36,39,48,58" hai2="4,5,7,19,20,26,49,50,51,84,90,93,97" hai3="16,21,41,42,53,54,56,57,60,61,92,98,100" /><INIT seed="5,1,0,5,1,13" ten="430,111,211,248" oya="1" hai0="80,73,103,118,99,54,38,84,122,85,91,42,45" hai1="107,8,134,83,35,1,89,116,92,112,25,32,133" hai2="19,115,108,10,26,15,86,43,77,131,46,53,126" hai3="66,124,102,30,65,36,34,56,12,76,47,98,110"/><U7/><E116/><V100/><F108/><W94/><G110/><T75/><D118/><U88/><E107/><V96/><F131/><W121/><G121/><T64/><D64/><U29/><E112/><V39/><F115/><W11/><G124/><T37/><D37/><U60/><E35/><V79/><F126/><W70/><G70/><T21/><D122/><U50/><E60/><V104/><F86/><W14/><G76/><T109/><D109/><U4/><E4/><V3/><F3/><W24/><G14/><T59/><D21/><U123/><E123/><V52/><F53/><W55/><G47/><T90/><D59/><U62/><E62/><V33/><REACH who="2" step="1"/><F52/><REACH who="2" ten="430,111,201,248" step="2"/><W129/><G129/><T130/><D54/><U82/><E50/><V101/><F101/><W51/><G36/><T17/><D130/><U135/><REACH who="1" step="1"/><E89/><REACH who="1" ten="430,101,201,248" step="2"/><V48/><F48/><W41/><G41/><N who="0" m="22711" /><D91/><U113/><E113/><V16/><F16/><AGARI ba="1,2" hai="11,12,16,24,30,34,51,55,56,65,66,94,98,102" machi="16" ten="30,3900,0" yaku="7,1,52,1,54,1" doraHai="13" who="3" fromWho="2" sc="430,0,101,0,201,-42,248,62" /><INIT seed="6,0,0,3,1,13" ten="430,101,159,310" oya="2" hai0="34,19,125,118,67,59,66,40,57,70,86,56,42" hai1="64,88,1,16,76,129,112,135,100,101,43,128,113" hai2="61,21,106,87,120,51,20,89,8,62,116,14,28" hai3="36,127,30,78,52,3,48,85,82,103,27,37,69"/><V65/><F106/><W117/><G3/><T50/><D34/><U12/><E1/><V108/><F120/><W75/><G117/><T97/><D70/><U134/><E64/><N who="0" m="24617" /><D125/><U130/><E43/><N who="0" m="16425" /><D97/><U126/><E76/><V32/><F116/><W29/><G69/><T81/><D19/><U22/><E126/><V105/><F105/><W2/><G2/><T10/><D10/><U71/><E71/><V23/><F108/><W5/><G127/><T92/><D92/><U96/><E88/><V4/><F51/><W45/><G5/><T111/><D111/><U73/><E73/><V107/><F107/><W46/><G103/><N who="1" m="39498" /><E96/><V98/><F98/><W47/><G75/><T33/><D33/><U84/><E84/><V79/><F79/><W74/><G74/><T95/><D95/><U124/><E124/><V115/><F65/><W0/><G0/><T39/><D39/><U109/><E109/><V49/><F89/><W72/><G72/><T17/><D17/><U99/><E99/><V6/><F87/><W38/><REACH who="3" step="1"/><G30/><REACH who="3" ten="430,101,159,300" step="2"/><T121/><D118/><U35/><E35/><AGARI ba="0,1" hai="27,29,35,36,37,38,45,46,47,48,52,78,82,85" machi="35" ten="40,5200,0" yaku="1,1,2,1,54,1,53,0" doraHai="13" doraHaiUra="102" who="3" fromWho="1" sc="430,0,101,-52,159,0,300,62" /><INIT seed="7,0,0,2,1,41" ten="430,49,159,362" oya="3" hai0="117,30,99,37,83,128,118,32,47,20,131,27,42" hai1="132,126,11,29,23,51,91,5,34,14,81,44,96" hai2="8,125,19,26,66,101,54,53,84,68,65,112,71" hai3="77,4,135,7,75,3,94,48,121,95,21,88,15"/><W58/><G121/><T93/><D32/><U104/><E126/><V45/><F84/><W107/><G107/><T52/><D52/><U57/><E132/><V133/><F19/><W64/><G135/><T25/><D25/><U13/><E34/><V31/><F8/><W122/><G122/><T78/><D118/><U80/><E104/><V114/><F26/><W36/><G36/><T74/><REACH who="0" step="1"/><D117/><REACH who="0" ten="420,49,159,362" step="2"/><U12/><E57/><V105/><F54/><N who="3" m="32071" /><G64/><T70/><D70/><U129/><E129/><V116/><F101/><AGARI ba="0,1" hai="20,27,30,37,42,47,74,78,83,93,99,101,128,131" machi="101" ten="40,2600,0" yaku="1,1,52,1,53,0" doraHai="41" doraHaiUra="2" who="0" fromWho="2" sc="420,36,49,0,159,-26,362,0" owari="456,56.0,49,-45.0,133,-27.0,362,16.0" /></mjloggm>