<mjloggm ver="2.3"><GO type="169" lobby="0"/><UN n0="%7A%68%6B%64%73%68%67%79" n1="%64%6F%6F%6F%6F%77%79" n2="%E5%94%AF%E4%B8%80%E7%B5%B6%E5%AF%BE%E7%A5%9E%E7%9C%8C%E5%8D%97" n3="%E3%82%A6%E3%83%AB%E3%83%88%E3%83%A9%E7%AB%8B%E7%9B%B4" dan="17,17,16,17" rate="2160.23,2213.62,2068.98,2142.76" sx="F,M,M,M"/><TAIKYOKU oya="0"/><INIT seed="0,0,0,2,3,34" ten="250,250,250,250" oya="0" hai0="9,106,61,86,97,51,15,10,125,101,85,42,16" hai1="78,109,56,67,1,79,55,76,40,32,4,112,82" hai2="71,124,129,95,60,90,30,132,133,66,77,38,53" hai3="113,57,131,84,115,49,94,29,88,80,6,63,126"/><T58/><D125/><U28/><E67/><V87/><F124/><W127/><G131/><T83/><D9/><U47/><E109/><V33/><F38/><W54/><G127/><T96/><D96/><U21/><E32/><V24/><F129/><W44/><G126/><T23/><D83/><U18/><E28/><V35/><F35/><W119/><G119/><T98/><D97/><U13/><E112/><V27/><F27/><W11/><G29/><T43/><D42/><U75/><E56/><V45/><F77/><W102/><G102/><T8/><D8/><N who="1" m="2063" /><E55/><V20/><F33/><W69/><G69/><T116/><D116/><U118/><E118/><V2/><F53/><W91/><G91/><T73/><D73/><U114/><E114/><V128/><F128/><W123/><G123/><T99/><D99/><U120/><E120/><V134/><F45/><W135/><G135/><T12/><D51/><U14/><E13/><V17/><REACH who="2" step="1"/><F2/><REACH who="2" ten="250,250,240,250" step="2"/><W92/><G113/><T52/><REACH who="0" step="1"/><D43/><REACH who="0" ten="240,250,240,250" step="2"/><U48/><E40/><V107/><F107/><W72/><G115/><T64/><D64/><U93/><E75/><V68/><F68/><W46/><G72/><T3/><D3/><U39/><E39/><V111/><F111/><W122/><G122/><T130/><D130/><U121/><E121/><V65/><F65/><N who="3" m="39151" /><G46/><T31/><D31/><AGARI ba="0,2" hai="17,20,24,30,31,60,66,71,87,90,95,132,133,134" machi="31" ten="40,2600,0" yaku="1,1,20,1,53,0" doraHai="34" doraHaiUra="37" who="2" fromWho="0" sc="240,-26,250,0,240,46,250,0" /><INIT seed="1,0,0,3,0,72" ten="214,250,286,250" oya="1" hai0="35,59,118,34,43,97,96,22,135,13,124,57,27" hai1="126,87,107,130,83,71,100,120,78,2,54,70,76" hai2="99,0,109,55,104,58,7,36,102,16,31,117,129" hai3="28,112,128,23,51,68,66,30,119,131,81,8,62"/><U14/><E120/><V89/><F117/><W86/><G112/><T32/><D118/><U24/><E2/><V53/><F36/><W49/><G119/><T69/><D69/><U4/><E130/><N who="3" m="49706" /><G8/><T84/><D135/><U64/><E126/><V52/><F129/><W82/><G82/><T101/><D124/><U6/><E24/><V50/><F31/><N who="3" m="11819" /><G23/><T85/><D43/><U98/><E78/><AGARI ba="0,0" hai="49,51,62,66,68,78,81,86" m="11819,49706" machi="78" ten="30,2000,0" yaku="19,1,52,1" doraHai="72" who="3" fromWho="1" sc="214,0,250,-20,286,0,250,20" /><INIT seed="2,0,0,3,0,114" ten="214,230,286,270" oya="2" hai0="99,73,59,26,66,106,74,121,33,124,133,27,22" hai1="134,80,72,39,115,19,127,118,110,40,41,85,3" hai2="125,91,28,46,56,5,70,58,38,63,128,65,112" hai3="37,123,82,10,89,119,45,122,29,109,93,8,83"/><V67/><F28/><W24/><G119/><T77/><D121/><U92/><E19/><V14/><F14/><W132/><G132/><T62/><D133/><U135/><E40/><N who="2" m="22807" /><F91/><W1/><G45/><T69/><D124/><U52/><E92/><V86/><F86/><W71/><G37/><T76/><D59/><U13/><E13/><V48/><F5/><W95/><G24/><T42/><D42/><U17/><E17/><V23/><F23/><W31/><G89/><T35/><D22/><U36/><E85/><V108/><F112/><W131/><G1/><T16/><D16/><U64/><E72/><N who="0" m="27753" /><D26/><U7/><E3/><V68/><F125/><W94/><G10/><T55/><D55/><U25/><E25/><V21/><F21/><W49/><G8/><T4/><D33/><U57/><E127/><V130/><F108/><W111/><G31/><N who="0" m="19967" /><D4/><U51/><E7/><V54/><F67/><W104/><G29/><T15/><D15/><U113/><E64/><V81/><F81/><W98/><G83/><T96/><D96/><U107/><E110/><V61/><F61/><W0/><G82/><T120/><D120/><U78/><E80/><V88/><F88/><W126/><G122/><T44/><D44/><U117/><E134/><V90/><F90/><W105/><G123/><T11/><D11/><U34/><E135/><V84/><F84/><W100/><G111/><T102/><AGARI ba="0,0" hai="62,66,69,76,77,99,102,106" m="19967,27753" machi="102" ten="30,1100,0" yaku="25,1" doraHai="114" who="0" fromWho="0" sc="214,11,230,-3,286,-5,270,-3" /><INIT seed="3,0,0,3,1,0" ten="225,227,281,267" oya="3" hai0="81,107,135,45,112,105,120,49,61,83,30,17,73" hai1="7,54,126,27,131,92,28,132,57,88,75,60,118" hai2="116,86,6,39,56,31,128,74,38,58,65,114,69" hai3="124,106,127,20,14,67,24,91,35,18,89,102,53"/><W43/><G43/><T64/><D120/><U23/><E132/><V117/><F74/><W25/><G67/><T9/><D30/><U77/><E131/><V63/><F114/><W90/><G106/><T121/><D121/><U8/><E126/><N who="3" m="48170" /><G102/><T48/><D112/><U29/><E118/><V133/><F133/><W41/><G41/><T15/><D135/><U32/><E75/><V98/><F128/><W62/><G35/><T109/><D109/><U68/><E77/><V11/><F116/><W95/><G95/><T82/><D73/><U47/><E68/><V4/><F117/><W87/><G87/><T111/><D111/><U79/><E79/><V71/><F71/><W2/><G2/><T19/><D105/><U34/><E47/><V3/><F69/><W104/><G104/><T44/><D107/><U85/><REACH who="1" step="1"/><E29/><REACH who="1" ten="225,217,281,267" step="2"/><V108/><F108/><W115/><G115/><T46/><D45/><U94/><E94/><V59/><F31/><W26/><G91/><T84/><D46/><U113/><E113/><V93/><F39/><W42/><G42/><T119/><D44/><U100/><E100/><V72/><F38/><W40/><G40/><T55/><D119/><U103/><E103/><V16/><F72/><W10/><G90/><T123/><D123/><U5/><E5/><N who="2" m="2155" /><F86/><W101/><G101/><T134/><D84/><U37/><E37/><V122/><F122/><W125/><G125/><T96/><D134/><U70/><E70/><V66/><F3/><AGARI ba="0,1" hai="3,7,8,23,27,28,32,34,54,57,60,85,88,92" machi="3" ten="30,7700,0" yaku="1,1,7,1,52,1,54,1,53,0" doraHai="0" doraHaiUra="13" who="1" fromWho="2" sc="225,0,217,87,281,-77,267,0" /><INIT seed="4,0,0,5,3,110" ten="225,304,204,267" oya="0" hai0="102,0,82,72,112,109,49,46,119,19,52,41,47" hai1="40,51,75,36,128,86,63,15,120,97,104,29,64" hai2="118,124,95,55,90,12,108,9,2,7,68,26,53" hai3="101,103,8,61,33,65,39,23,37,22,10,94,93"/><T135/><D119/><U16/><E75/><V67/><F108/><W88/><G61/><T78/><D109/><U79/><E36/><V126/><F118/><W133/><G133/><T21/><D135/><U132/><E132/><V6/><F6/><W24/><G24/><T4/><D102/><U3/><E3/><V18/><F26/><W71/><G65/><T31/><D31/><U59/><E29/><V100/><F100/><W111/><G111/><T69/><D69/><U125/><E120/><V77/><F77/><W13/><G71/><T115/><D4/><U116/><E116/><V73/><F73/><W58/><G58/><T30/><D30/><U127/><E128/><V50/><F67/><W70/><G70/><T66/><D0/><U121/><E121/><V96/><F68/><W92/><G13/><T122/><D66/><U117/><E117/><V20/><REACH who="2" step="1"/><F50/><REACH who="2" ten="225,304,194,267" step="2"/><W44/><G103/><T113/><D122/><U134/><E51/><V62/><F62/><W85/><G101/><T89/><D89/><U80/><E63/><V74/><F74/><W123/><G123/><T38/><D19/><U99/><E16/><V34/><F34/><W91/><G33/><T83/><D83/><U25/><E134/><V48/><F48/><W57/><G93/><T1/><D1/><U32/><E32/><V76/><F76/><W43/><G94/><T27/><D27/><U81/><E25/><V106/><F106/><W98/><G92/><T28/><D28/><U105/><E104/><V60/><F60/><W14/><G91/><T42/><D42/><U107/><E40/><RYUUKYOKU ba="0,1" sc="225,15,304,-15,194,15,267,-15" hai0="21,38,41,46,47,49,52,72,78,82,112,113,115" hai2="2,7,9,12,18,20,53,55,90,95,96,124,126" /><INIT seed="4,1,1,5,0,116" ten="240,289,209,252" oya="0" hai0="7,67,82,56,23,105,48,130,125,65,89,0,122" hai1="63,71,78,8,76,18,17,135,104,45,12,62,69" hai2="113,44,24,53,55,2,27,33,11,54,109,31,114" hai3="41,118,72,1,50,98,115,28,108,43,4,9,52"/><T36/><D36/><U91/><E104/><V35/><F109/><W46/><G118/><T119/><D119/><U83/><E135/><V96/><F96/><W75/><G115/><N who="2" m="44041" /><F44/><W21/><G108/><T66/><D105/><U99/><E71/><V20/><F27/><W68/><G68/><T51/><D122/><U90/><E69/><V132/><F132/><W87/><G98/><T25/><D125/><U47/><E99/><V39/><F39/><W37/><G28/><N who="0" m="17471" /><D0/><U64/><E64/><N who="0" m="24681" /><D7/><AGARI ba="1,1" hai="2,7,11,20,24,31,33,35,53,54,55" m="44041" machi="7" ten="30,1000,0" yaku="15,1" doraHai="116" who="2" fromWho="0" sc="240,-13,289,0,209,23,252,0" /><INIT seed="5,0,0,3,1,32" ten="227,289,232,252" oya="1" hai0="127,134,35,68,119,64,122,83,86,36,8,53,108" hai1="41,3,5,102,94,78,13,87,113,30,131,27,114" hai2="124,109,18,7,2,39,25,21,40,130,123,58,99" hai3="82,28,19,38,11,107,31,29,116,42,66,15,79"/><U34/><E131/><V52/><F123/><W46/><G107/><T110/><D35/><U90/><E41/><V22/><F109/><W9/><G116/><T48/><D119/><U115/><E102/><V93/><F130/><W56/><G66/><T98/><D36/><U47/><E47/><V16/><F124/><W117/><G117/><T74/><D74/><U80/><E13/><V63/><F39/><W71/><G71/><T44/><D127/><U101/><E101/><V106/><F106/><W125/><G125/><T105/><D122/><U10/><REACH who="1" step="1"/><E114/><REACH who="1" ten="227,279,232,252" step="2"/><V132/><F40/><W72/><G56/><T92/><D110/><U103/><E103/><V61/><F132/><W100/><G100/><N who="0" m="60487" /><D108/><U57/><E57/><V118/><F118/><W111/><G111/><T45/><D134/><U17/><E17/><V133/><F133/><W24/><REACH who="3" step="1"/><G11/><REACH who="3" ten="227,279,232,242" step="2"/><T95/><D105/><U104/><E104/><V96/><F61/><W49/><G49/><T120/><D120/><U12/><E12/><V54/><F54/><W51/><G51/><T77/><D68/><U129/><E129/><V97/><F7/><W69/><G69/><T81/><D53/><U76/><E76/><V70/><F70/><W26/><AGARI ba="0,2" hai="9,15,19,24,26,28,29,31,38,42,46,72,79,82" machi="26" ten="30,2000,0" yaku="1,1,0,1,53,0" doraHai="32" doraHaiUra="55" who="3" fromWho="3" sc="227,-5,279,-10,232,-5,242,40" /><INIT seed="6,0,0,4,3,120" ten="222,269,227,282" oya="2" hai0="81,134,25,128,110,13,0,109,99,38,74,102,78" hai1="53,79,115,12,19,91,95,50,107,100,11,76,119" hai2="49,80,30,88,21,54,8,87,133,43,69,90,83" hai3="63,10,37,127,17,89,29,96,122,101,44,42,66"/><V22/><F69/><W16/><G122/><T41/><D13/><U51/><E119/><V9/><F133/><W27/><G89/><T93/><D134/><U20/><E115/><V26/><F43/><W112/><G10/><T118/><D118/><U48/><E107/><V4/><F22/><W3/><G3/><T82/><D82/><U46/><E100/><V33/><F33/><W32/><G127/><T24/><D128/><U55/><E11/><V135/><F135/><W15/><G15/><T75/><D74/><U28/><E28/><V58/><F4/><W65/><G112/><T35/><D0/><U23/><E23/><V84/><AGARI ba="0,0" hai="8,9,21,26,30,49,54,58,80,83,84,87,88,90" machi="84" ten="30,11700,0" yaku="0,1,9,1,8,1,54,1" doraHai="120" who="2" fromWho="2" sc="222,-39,269,-39,227,117,282,-39" /><INIT seed="6,1,0,3,2,19" ten="183,230,344,243" oya="2" hai0="90,73,42,117,51,72,79,131,30,97,0,82,76" hai1="104,7,67,77,41,38,71,120,40,123,75,34,58" hai2="78,69,25,48,43,52,39,18,8,21,128,23,28" hai3="89,92,70,60,2,10,101,98,110,124,59,4,105"/><V11/><F128/><W115/><G110/><T46/><D0/><U134/><E104/><V94/><F69/><W44/><G124/><T17/><D131/><U116/><E34/><V111/><F39/><W6/><G115/><T88/><D117/><U114/><E116/><V95/><F111/><W130/><G130/><T24/><D17/><U50/><E114/><V135/><F43/><W49/><G6/><T16/><D97/><U57/><E7/><V65/><F65/><W68/><G59/><N who="1" m="22538" /><E77/><N who="0" m="29769" /><D73/><U108/><E75/><V122/><F78/><W3/><G60/><T66/><D72/><U121/><E108/><V87/><F135/><W14/><G3/><T96/><D66/><U53/><E38/><V127/><F127/><W106/><G2/><T81/><D30/><U125/><E134/><V62/><F62/><W64/><G64/><T93/><D90/><U102/><E102/><V22/><F122/><W47/><G106/><T83/><D83/><U133/><E133/><V85/><F28/><W103/><G105/><T119/><D119/><U56/><E125/><V109/><F109/><W9/><G68/><T126/><D126/><U84/><E84/><N who="2" m="32331" /><F25/><W27/><G27/><T45/><D45/><U86/><E86/><V61/><F61/><AGARI ba="1,0" hai="40,41,50,53,56,61,67,71,120,121,123" m="22538" machi="61" ten="40,5200,0" yaku="13,1,34,2" doraHai="19" who="1" fromWho="2" sc="183,0,230,55,344,-55,243,0" /><INIT seed="7,0,0,2,2,93" ten="183,285,289,243" oya="3" hai0="13,106,39,46,96,99,56,4,53,30,134,42,2" hai1="101,44,103,69,12,33,74,34,57,38,109,9,81" hai2="27,79,18,49,102,82,121,84,91,51,55,23,98" hai3="28,60,48,124,1,10,108,95,41,132,54,66,37"/><W58/><G124/><T3/><D134/><U117/><E69/><V22/><F121/><W72/><G72/><T80/><D30/><U104/><E57/><V77/><F23/><W86/><G132/><T62/><D80/><U11/><E38/><V105/><F51/><W133/><G108/><T118/><D118/><U15/><E44/><AGARI ba="0,0" hai="18,22,27,44,49,55,77,79,82,84,91,98,102,105" machi="44" ten="30,2000,0" yaku="7,1,52,1" doraHai="93" who="2" fromWho="1" sc="183,0,285,-20,289,20,243,0" owari="183,-32.0,265,7.0,309,41.0,243,-16.0" /></mjloggm>