<mjloggm ver="2.3"><GO type="169" lobby="0"/><UN n0="%6A%75%6E%6E%2E%69" n1="%E6%B3%A5%E3%82%93%E3%81%93%E3%83%90%E3%83%83%E3%82%B7%E3%83%BC" n2="%E5%B0%B1%E6%B4%BB%E7%94%9F%40%E5%B7%9D%E6%9D%91%E8%BB%8D%E5%9B%A3" n3="%E3%81%97%E3%82%85%E3%81%86%E3%83%BC%E3%80%82" dan="17,16,17,19" rate="2141.07,2224.06,2254.55,2320.54" sx="M,M,M,M"/><TAIKYOKU oya="0"/><INIT seed="0,0,0,2,2,20" ten="250,250,250,250" oya="0" hai0="87,112,44,28,107,70,33,51,83,95,5,80,63" hai1="31,106,77,46,119,75,111,93,57,109,48,114,132" hai2="49,27,29,90,12,17,84,125,113,135,15,133,97" hai3="0,76,47,88,121,78,2,69,116,18,122,128,123"/><T32/><D107/><U38/><E106/><V22/><F113/><W100/><G100/><T130/><D5/><U25/><E119/><V58/><F125/><W85/><G116/><T23/><D95/><U36/><E114/><V92/><F15/><W73/><G73/><T60/><D130/><U94/><E57/><V72/><F72/><W35/><G69/><T67/><D63/><U126/><E126/><V56/><F97/><W103/><G103/><T40/><D112/><U74/><E74/><V1/><F1/><N who="3" m="619" /><G47/><T53/><D40/><U13/><E13/><V10/><REACH who="2" step="1"/><F49/><REACH who="2" ten="250,250,240,250" step="2"/><W59/><G128/><T127/><D127/><U26/><E38/><V45/><F45/><W108/><G108/><N who="1" m="41546" /><E36/><V105/><F105/><W19/><G59/><AGARI ba="0,1" hai="10,12,17,22,27,29,56,58,59,84,90,92,133,135" machi="59" ten="40,5200,0" yaku="1,1,52,1,53,1" doraHai="20" doraHaiUra="11" who="2" fromWho="3" sc="250,0,250,0,240,62,250,-52" /><INIT seed="1,0,0,0,3,75" ten="250,250,302,198" oya="1" hai0="40,88,4,131,135,31,47,100,124,18,6,3,29" hai1="7,87,37,132,128,50,26,122,46,64,114,83,96" hai2="91,78,10,99,86,65,0,105,36,84,126,16,111" hai3="102,60,58,42,81,1,33,20,116,2,90,52,22"/><U119/><E122/><V38/><F0/><W107/><G33/><T13/><D100/><U27/><E119/><V5/><F5/><W30/><G116/><T89/><D124/><U25/><E37/><V61/><F126/><W55/><G42/><T45/><D131/><U108/><E114/><V19/><F111/><W15/><G107/><T17/><D3/><U106/><E128/><V66/><F10/><W48/><G102/><T72/><D72/><U112/><E112/><V28/><F28/><W41/><G41/><T43/><REACH who="0" step="1"/><D13/><REACH who="0" ten="240,250,302,198" step="2"/><U82/><E108/><V23/><F105/><W21/><G2/><T103/><D103/><U8/><E106/><V104/><F104/><W74/><G1/><T76/><D76/><U49/><E26/><V39/><F78/><W44/><G74/><T63/><D63/><U129/><E27/><V109/><F61/><W34/><G34/><T121/><D121/><U51/><E25/><V77/><F77/><W9/><G30/><T57/><D57/><U12/><E129/><V71/><F71/><W14/><REACH who="3" step="1"/><G9/><REACH who="3" ten="240,250,302,188" step="2"/><T35/><D35/><U134/><E8/><V113/><F113/><W120/><G120/><T79/><D79/><U62/><E132/><AGARI ba="0,2" hai="4,6,17,18,29,31,40,43,45,47,88,89,132,135" machi="132" ten="25,12000,2" yaku="1,1,22,2,54,1,53,2" doraHai="75" doraHaiUra="85" who="0" fromWho="1" sc="240,140,250,-120,302,0,188,0" /><INIT seed="2,0,0,4,1,91" ten="380,130,302,188" oya="2" hai0="135,70,37,76,116,54,121,102,85,125,89,23,6" hai1="55,68,12,95,62,24,124,75,66,65,56,64,87" hai2="21,119,7,107,36,79,46,42,44,126,104,92,4" hai3="114,38,39,117,103,15,83,59,0,27,67,19,97"/><V20/><F119/><W132/><G117/><T128/><D37/><U110/><E75/><V53/><F79/><W61/><G0/><T88/><D70/><U29/><E110/><V41/><F53/><W122/><G122/><T101/><D6/><U48/><E124/><V133/><F126/><W77/><G132/><T51/><D125/><U26/><E26/><V74/><F74/><W120/><G27/><T34/><D34/><U18/><E24/><V32/><F32/><W105/><G114/><T131/><D116/><U72/><E29/><V2/><F133/><W9/><REACH who="3" step="1"/><G120/><REACH who="3" ten="380,130,302,178" step="2"/><T50/><D121/><U99/><E72/><AGARI ba="0,1" hai="9,15,19,38,39,59,61,67,72,77,83,97,103,105" machi="72" ten="30,7700,0" yaku="1,1,2,1,7,1,53,1" doraHai="91" doraHaiUra="98" who="3" fromWho="1" sc="380,0,130,-77,302,0,178,87" /><INIT seed="3,0,0,2,3,11" ten="380,53,302,265" oya="3" hai0="69,4,6,88,134,62,28,113,12,35,10,124,135" hai1="94,32,81,55,117,98,9,120,58,14,63,23,87" hai2="26,127,126,44,21,80,133,85,106,108,125,7,38" hai3="43,17,96,116,66,104,37,99,53,20,102,33,105"/><W84/><G33/><T27/><D69/><U93/><E32/><V95/><F106/><W22/><G116/><T29/><D62/><U119/><E120/><V39/><F108/><W16/><G66/><T41/><D41/><U60/><E23/><V76/><F133/><N who="0" m="50698" /><D113/><U72/><E72/><V18/><F7/><N who="0" m="2602" /><D29/><U31/><E31/><V2/><F2/><W112/><G112/><T56/><D56/><U57/><E117/><V30/><F95/><W24/><G84/><T15/><D124/><U71/><E71/><V101/><F101/><W77/><G77/><T86/><D10/><U90/><E119/><V114/><F114/><W122/><G122/><T130/><D130/><U49/><E93/><AGARI ba="0,0" hai="12,15,27,28,35,86,88,93" m="2602,50698" machi="93" ten="30,7700,0" yaku="20,1,52,2,54,1" doraHai="11" who="0" fromWho="1" sc="380,77,53,-77,302,0,265,0" owari="457,55.0,-24,-52.0,302,10.0,265,-13.0" /></mjloggm>