<mjloggm ver="2.3"><GO type="225" lobby="0"/><UN n0="%E9%BA%A6%E3%81%A8%E3%83%9B%E3%83%83%E3%83%97" n1="%E3%82%AB%E3%83%A9%E3%82%B9%E3%81%AE%E5%AD%90" n2="%E2%99%AA%E7%B5%90%E6%9C%88%E3%82%86%E3%81%8B%E3%82%8A%E2%99%AA" n3="%E3%82%A6%E3%83%AB%E3%83%88%E3%83%A9%E7%AB%8B%E7%9B%B4" dan="16,17,17,17" rate="2021.70,2173.81,2087.87,2161.95" sx="M,M,F,M"/><TAIKYOKU oya="0"/><INIT seed="0,0,0,1,0,79" ten="250,250,250,250" oya="0" hai0="6,53,21,1,67,33,108,109,59,132,71,81,51" hai1="28,85,26,43,98,24,16,100,65,13,88,120,127" hai2="17,20,130,116,80,3,82,128,55,129,41,39,102" hai3="90,107,78,64,111,63,31,58,8,23,83,133,135"/><T84/><D132/><N who="3" m="50761" /><G107/><T122/><D122/><U70/><E120/><V68/><F3/><W105/><G105/><T56/><D33/><U38/><E127/><V106/><F116/><W49/><G8/><N who="0" m="2127" /><D21/><N who="1" m="11407" /><E70/><V96/><F68/><W104/><G104/><T94/><D94/><N who="1" m="58455" /><E38/><V69/><F69/><W134/><N who="3" m="50769" /><W93/><DORA hai="48" /><G111/><N who="0" m="42571" /><D71/><U97/><E43/><V37/><F55/><N who="3" m="32111" /><G23/><T2/><D2/><U62/><E97/><V52/><F52/><W7/><G31/><T12/><D12/><U124/><E124/><V32/><F32/><W126/><G126/><T34/><D34/><U87/><E28/><V73/><F73/><N who="3" m="43471" /><G7/><T95/><D95/><U74/><E65/><V27/><F41/><W76/><G64/><T22/><D22/><U15/><E24/><V112/><F112/><W123/><G123/><T66/><D59/><U117/><E26/><V121/><F121/><W131/><G131/><T9/><D9/><U86/><E117/><V46/><F46/><W11/><G11/><T75/><D75/><U57/><E74/><V60/><F60/><W77/><G63/><T113/><D113/><U119/><E119/><V19/><F19/><W30/><G30/><T72/><D72/><U29/><E29/><V91/><F91/><AGARI ba="0,0" hai="51,53,56,66,67,81,84,91" m="42571,2127" machi="91" ten="30,11600,0" yaku="14,1,10,1,52,2" doraHai="79,48" who="0" fromWho="2" sc="250,116,250,0,250,-116,250,0" /><INIT seed="0,1,0,4,2,107" ten="366,250,134,250" oya="0" hai0="75,102,11,121,94,62,49,16,113,103,2,104,99" hai1="43,8,14,13,45,1,50,122,84,5,21,101,28" hai2="114,115,134,91,55,74,3,97,73,46,83,22,90" hai3="30,44,0,31,78,40,120,61,79,19,81,127,76"/><T111/><D113/><N who="2" m="43018" /><F55/><W6/><G120/><T35/><D121/><U105/><E122/><V110/><F46/><W80/><G127/><T108/><D35/><U119/><E119/><V10/><F22/><W132/><G132/><T86/><D62/><U89/><E105/><V64/><F10/><W12/><G61/><T63/><D63/><U24/><REACH who="1" step="1"/><E101/><REACH who="1" ten="366,240,134,250" step="2"/><V59/><F134/><W42/><G78/><T29/><D103/><U124/><E124/><V95/><F3/><W4/><G79/><T106/><D104/><U125/><E125/><V37/><F64/><W70/><G76/><T47/><D106/><U92/><AGARI ba="1,1" hai="1,5,8,13,14,21,24,28,43,45,50,84,89,92" machi="92" ten="20,2700,0" yaku="1,1,0,1,7,1,53,0" doraHai="107" doraHaiUra="133" who="1" fromWho="1" sc="366,-14,240,40,134,-8,250,-8" /><INIT seed="1,0,0,4,2,37" ten="352,280,126,242" oya="1" hai0="10,98,75,74,100,19,7,91,38,22,63,109,72" hai1="6,2,69,93,122,110,126,41,124,89,95,103,68" hai2="44,25,13,40,52,85,56,43,111,65,102,84,4" hai3="121,118,32,21,82,35,27,11,79,61,3,73,58"/><U14/><E122/><V101/><F111/><W125/><G121/><T64/><D109/><U80/><E2/><V108/><F108/><W87/><G125/><N who="1" m="48234" /><E110/><V48/><F25/><W86/><G118/><T57/><D38/><U107/><E107/><V54/><F65/><W90/><G11/><T106/><D91/><U123/><E123/><V113/><F113/><W117/><G3/><T50/><D50/><U132/><E132/><V116/><F116/><W1/><G1/><T5/><REACH who="0" step="1"/><D10/><REACH who="0" ten="342,280,126,242" step="2"/><N who="1" m="4439" /><E103/><N who="2" m="39435" /><F4/><W135/><G117/><T36/><D36/><U115/><E115/><V33/><F33/><W92/><G135/><T51/><D51/><U49/><E80/><V23/><F23/><W70/><G32/><T129/><D129/><U31/><E31/><V88/><F13/><AGARI ba="0,1" hai="5,7,13,19,22,57,63,64,72,74,75,98,100,106" machi="13" ten="40,1300,0" yaku="1,1,53,0" doraHai="37" doraHaiUra="83" who="0" fromWho="2" sc="342,23,280,0,126,-13,242,0" /><INIT seed="2,0,0,3,3,126" ten="365,280,113,242" oya="2" hai0="88,106,92,33,24,124,134,76,41,31,97,44,9" hai1="116,47,40,54,103,94,122,78,123,45,43,98,65" hai2="79,93,105,80,32,12,70,83,127,10,101,35,51" hai3="111,57,129,38,64,86,73,60,39,21,75,113,29"/><V100/><F70/><W18/><G29/><T125/><D134/><U50/><E116/><V107/><F127/><N who="0" m="48714" /><D106/><U58/><E78/><V53/><F93/><W49/><G111/><T0/><D76/><U95/><E65/><V62/><F62/><W22/><G113/><T46/><D41/><U91/><E43/><V112/><F112/><W87/><G49/><T85/><D85/><U15/><E15/><V11/><F79/><W37/><G18/><T82/><D82/><U7/><E7/><AGARI ba="0,0" hai="0,7,9,24,31,33,44,46,88,92,97" m="48714" machi="7" ten="30,2000,0" yaku="18,1,54,1" doraHai="126" who="0" fromWho="1" sc="365,20,280,-20,113,0,242,0" /><INIT seed="3,0,0,3,5,97" ten="385,260,113,242" oya="3" hai0="115,132,37,80,44,120,32,39,99,123,81,43,122" hai1="100,128,23,24,69,29,113,47,118,19,76,41,119" hai2="7,52,9,103,21,27,111,84,70,68,50,17,61" hai3="82,40,46,75,112,8,93,117,133,96,125,73,78"/><W102/><G117/><N who="1" m="44554" /><E128/><V94/><F111/><W126/><G112/><T25/><D99/><U105/><E113/><V15/><F61/><W14/><G75/><T2/><D80/><U127/><E127/><V26/><F70/><W95/><G95/><T71/><D44/><U48/><E69/><V6/><F68/><W89/><G133/><T62/><D62/><U35/><E76/><V64/><F64/><W12/><G89/><T54/><D54/><U65/><E65/><V57/><F26/><W3/><G14/><T18/><D25/><U34/><E29/><V10/><F84/><W0/><G12/><T42/><D18/><U98/><AGARI ba="0,0" hai="19,23,24,34,35,41,47,48,98,100,105" m="44554" machi="98" ten="30,2000,0" yaku="12,1,52,1" doraHai="97" who="1" fromWho="1" sc="385,-5,260,20,113,-5,242,-10" owari="380,48.0,280,8.0,108,-39.0,232,-17.0" /></mjloggm>