<mjloggm ver="2.3"><GO type="97" lobby="0"/><UN n0="%E8%A5%BF%E4%BA%AC%E7%84%BC%E3%81%8D" n1="%74%6F%73%68%69%2D%62%6F" n2="%E5%B0%B1%E6%B4%BB%E7%94%9F%40%E5%B7%9D%E6%9D%91%E8%BB%8D%E5%9B%A3" n3="%6E%6F%72%69%72%69%6E%6F" dan="15,15,16,13" rate="2006.84,1892.39,2203.22,1867.58" sx="M,M,M,M"/><TAIKYOKU oya="0"/><INIT seed="0,0,0,0,3,22" ten="250,250,250,250" oya="0" hai0="92,38,59,123,60,89,107,13,78,41,129,5,66" hai1="9,14,42,135,85,3,131,114,63,56,53,64,112" hai2="0,7,48,86,94,25,49,102,105,10,72,109,119" hai3="4,44,27,47,115,69,75,76,34,26,17,121,46"/><T58/><D123/><U128/><E135/><V110/><F72/><W33/><G69/><T111/><D107/><U130/><E85/><V12/><F105/><W99/><G4/><T74/><D129/><U116/><E116/><V11/><F119/><W82/><G115/><N who="1" m="44074" /><E42/><V83/><F94/><W35/><G121/><T50/><D38/><U90/><E90/><V87/><F102/><W20/><REACH who="3" step="1"/><G99/><REACH who="3" ten="250,250,250,240" step="2"/><N who="0" m="57743" /><D5/><N who="1" m="3375" /><E3/><V133/><F0/><W122/><G122/><T96/><D96/><U52/><AGARI ba="0,1" hai="52,53,56,63,64,128,130,131" m="3375,44074" machi="52" ten="40,5200,0" yaku="19,1,11,1,54,1" doraHai="22" who="1" fromWho="1" sc="250,-26,250,62,250,-13,240,-13" /><INIT seed="1,0,0,4,1,42" ten="224,312,237,227" oya="1" hai0="85,8,11,60,70,50,121,115,36,93,40,56,63" hai1="131,53,127,102,110,113,74,105,10,123,64,18,65" hai2="76,13,98,59,103,25,61,62,4,81,45,14,16" hai3="124,0,15,134,66,26,108,9,12,88,75,118,117"/><U119/><E123/><V32/><F4/><W51/><G51/><T67/><D115/><U107/><E113/><V38/><F38/><W125/><G125/><T58/><D121/><U47/><E127/><V86/><F45/><W31/><G31/><T39/><D70/><U22/><E119/><V37/><F37/><W80/><G80/><T130/><D130/><U129/><E110/><V112/><F112/><W2/><G2/><T101/><D39/><U69/><E74/><V116/><F116/><W24/><G24/><T99/><D85/><U43/><E10/><V132/><F132/><W1/><G1/><T52/><D36/><N who="1" m="21991" /><E53/><V17/><F32/><W34/><G34/><T89/><D101/><U21/><E102/><V96/><F25/><W54/><G54/><T57/><REACH who="0" step="1"/><D40/><REACH who="0" ten="214,312,237,227" step="2"/><U90/><E69/><V111/><F103/><W6/><G6/><T100/><D100/><U106/><E131/><V91/><F111/><W44/><G44/><T35/><D35/><U72/><E129/><V82/><F76/><W104/><G104/><T28/><D28/><U135/><E72/><V120/><F120/><W33/><G33/><T78/><D78/><U114/><E114/><V30/><F30/><W133/><G133/><T19/><D19/><U94/><E18/><V41/><F41/><W126/><G126/><T71/><D71/><U29/><E135/><V97/><F81/><W55/><G108/><T84/><D84/><N who="1" m="52551" /><E29/><V77/><F77/><W79/><G124/><T122/><D122/><U7/><E7/><V128/><F128/><W5/><G134/><T46/><D46/><RYUUKYOKU ba="0,1" sc="214,15,312,15,237,-15,227,-15" hai0="8,11,50,52,56,57,58,60,63,67,89,93,99" hai1="21,22,64,65,105,106,107" /><INIT seed="1,1,1,4,1,37" ten="229,327,222,212" oya="1" hai0="82,102,80,103,28,107,120,97,2,17,30,132,48" hai1="42,98,53,66,14,63,122,95,90,44,110,72,71" hai2="55,20,51,113,96,131,84,83,21,36,15,7,118" hai3="31,76,24,91,39,125,56,26,79,33,109,85,29"/><U111/><E72/><V105/><F118/><W101/><G39/><T78/><D2/><U0/><E122/><V135/><F36/><W116/><G116/><T40/><D120/><U64/><E64/><V38/><F38/><W133/><G109/><N who="1" m="41482" /><E0/><V100/><F113/><W13/><G125/><T126/><D126/><U54/><E14/><V5/><F131/><W106/><G133/><T23/><D132/><U115/><E115/><V50/><F135/><W35/><G56/><T41/><D107/><U32/><E32/><V99/><F51/><AGARI ba="1,1" hai="42,44,51,53,54,63,66,71,90,95,98" m="41482" machi="51" ten="30,5800,0" yaku="14,1,10,1,52,1" doraHai="37" who="1" fromWho="2" sc="229,0,327,71,222,-61,212,0" /><INIT seed="1,2,0,1,4,43" ten="229,398,161,212" oya="1" hai0="5,79,87,45,73,39,134,97,57,56,60,75,72" hai1="86,14,9,111,22,123,64,30,34,133,37,47,2" hai2="4,33,41,81,66,119,11,19,98,104,61,29,101" hai3="50,124,85,27,102,116,55,84,31,131,58,48,113"/><U82/><E123/><V109/><F119/><W78/><G116/><T89/><D5/><U15/><E133/><V20/><F109/><W53/><G113/><T103/><D134/><U10/><E111/><V106/><F81/><W121/><G121/><T105/><D60/><U7/><E64/><V21/><F104/><W46/><G131/><T16/><D16/><U99/><E99/><V90/><F90/><W49/><G124/><T95/><D39/><U115/><E115/><V25/><F41/><W13/><G102/><T117/><D117/><U122/><E122/><V126/><F19/><W65/><G13/><T23/><D45/><U35/><E2/><V1/><REACH who="2" step="1"/><F126/><REACH who="2" ten="229,398,151,212" step="2"/><W94/><G78/><T12/><D79/><U118/><E118/><V54/><F54/><N who="3" m="29975" /><G65/><T76/><D76/><U44/><E37/><V88/><F88/><N who="3" m="53511" /><G85/><T70/><D75/><U63/><E86/><V32/><F32/><W26/><G31/><T42/><D73/><U80/><E35/><V68/><AGARI ba="2,1" hai="1,4,11,20,21,25,29,33,61,66,68,98,101,106" machi="68" ten="20,8000,1" yaku="1,1,0,1,7,1,25,2,53,0" doraHai="43" doraHaiUra="112" who="2" fromWho="2" sc="229,-22,398,-42,151,96,212,-22" /><INIT seed="2,0,0,2,3,43" ten="207,356,247,190" oya="2" hai0="11,19,106,82,134,30,49,114,86,8,93,84,123" hai1="21,33,14,41,71,118,72,68,0,3,131,24,60" hai2="34,91,5,108,44,130,48,56,83,2,37,1,98" hai3="129,54,50,40,4,116,26,103,115,46,23,92,96"/><V27/><F37/><W112/><G116/><T119/><D114/><N who="3" m="43561" /><G4/><T89/><D106/><U47/><E118/><V65/><F130/><W67/><G67/><T135/><D119/><U63/><E131/><V36/><F36/><W58/><G129/><T17/><D30/><U9/><E72/><V73/><F108/><W100/><G100/><T109/><D123/><U57/><E33/><V97/><F5/><W52/><G58/><T22/><D49/><U117/><E117/><V62/><F2/><W28/><AGARI ba="0,0" hai="23,26,28,40,46,50,52,54,92,96,103" m="43561" machi="28" ten="30,4000,0" yaku="11,1,52,1,54,1" doraHai="43" who="3" fromWho="3" sc="207,-10,356,-10,247,-20,190,40" /><INIT seed="3,0,0,2,3,31" ten="197,346,227,230" oya="3" hai0="27,1,111,81,87,0,3,16,11,6,54,28,42" hai1="55,60,133,120,85,59,95,117,94,19,29,107,128" hai2="74,129,14,76,10,80,47,33,50,91,2,48,7" hai3="56,30,37,35,75,46,13,26,22,92,77,61,73"/><W125/><G77/><T114/><D42/><U101/><E120/><V58/><F33/><W108/><G125/><T18/><D54/><U8/><E133/><V41/><F129/><W89/><G46/><T66/><D66/><U78/><E128/><V36/><F14/><W134/><G134/><T83/><D114/><U88/><E117/><V32/><F32/><W112/><G112/><T130/><D130/><U21/><E107/><V38/><F91/><W43/><G43/><T113/><D113/><U51/><E78/><V15/><F15/><W99/><G108/><T98/><D98/><N who="1" m="59607" /><E29/><V121/><F121/><W68/><G68/><T67/><D67/><U104/><E8/><V63/><F38/><W105/><G105/><T69/><D69/><U52/><E104/><V71/><F71/><W124/><G124/><T135/><D111/><U131/><E131/><V44/><F44/><W90/><G90/><T82/><D135/><U106/><E106/><V64/><AGARI ba="0,0" hai="2,7,10,36,41,47,48,50,58,63,64,74,76,80" machi="64" ten="20,5200,0" yaku="0,1,7,1,25,2" doraHai="31" who="2" fromWho="2" sc="197,-13,346,-13,227,52,230,-26" owari="184,-32.0,333,44.0,279,8.0,204,-20.0" /></mjloggm>