<mjloggm ver="2.3"><GO type="169" lobby="0"/><UN n0="%EF%BC%8A%E3%82%A4%E3%83%83%E3%83%91%E3%83%84%EF%BC%8A" n1="%E5%B0%B1%E6%B4%BB%E7%94%9F%40%E5%B7%9D%E6%9D%91%E8%BB%8D%E5%9B%A3" n2="%6D%61%73%61%73%69%6F" n3="%73%69%6E%31%31%32%35" dan="17,17,16,16" rate="2162.06,2140.48,2178.96,2107.11" sx="M,M,M,M"/><TAIKYOKU oya="0"/><INIT seed="0,0,0,1,5,3" ten="250,250,250,250" oya="0" hai0="124,69,29,113,15,56,12,130,67,74,27,120,68" hai1="63,96,20,11,24,94,106,46,133,35,43,98,122" hai2="17,49,83,127,132,110,111,135,129,71,79,52,77" hai3="36,134,60,119,89,90,8,44,33,92,13,85,100"/><T123/><D74/><U32/><E122/><V87/><F71/><W31/><G119/><T64/><D113/><U54/><E133/><N who="2" m="51275" /><F129/><W5/><G134/><T62/><D130/><U108/><E108/><N who="2" m="41515" /><F17/><W9/><G60/><T23/><D124/><U25/><E25/><V80/><F127/><W59/><G59/><T34/><D34/><U115/><E115/><V86/><F52/><W101/><G90/><T16/><D15/><U4/><E106/><V75/><F49/><W57/><G57/><T105/><D105/><U107/><E107/><V116/><F116/><W99/><G9/><T95/><D95/><U131/><E131/><V121/><F121/><W47/><G36/><T88/><D88/><U28/><E54/><V40/><F40/><W82/><REACH who="3" step="1"/><G100/><REACH who="3" ten="250,250,250,240" step="2"/><T125/><D125/><U1/><E63/><V42/><F42/><W39/><G39/><T21/><D56/><U72/><E43/><V26/><F26/><AGARI ba="0,1" hai="5,8,13,26,31,33,44,47,82,85,89,92,99,101" machi="26" ten="40,2600,0" yaku="1,1,52,1,53,0" doraHai="3" doraHaiUra="114" who="3" fromWho="2" sc="250,0,250,0,250,-26,240,36" /><INIT seed="1,0,0,5,0,51" ten="250,250,224,276" oya="1" hai0="119,97,126,63,76,66,91,12,84,7,40,115,120" hai1="70,5,28,21,44,45,103,2,111,134,112,34,82" hai2="0,77,26,29,104,61,93,35,3,64,108,9,131" hai3="49,33,11,32,42,43,105,38,100,98,117,135,53"/><U106/><E70/><V130/><F104/><W1/><G135/><T123/><D119/><U88/><E112/><V132/><F108/><W128/><G117/><T59/><D115/><U81/><E34/><V25/><F132/><W65/><G128/><N who="2" m="49193" /><F77/><W99/><G99/><T31/><D126/><U13/><E134/><V121/><F121/><W94/><G65/><T114/><D114/><U96/><E2/><V101/><F9/><W50/><G105/><T47/><D31/><U16/><E111/><V18/><F18/><W67/><G67/><T62/><D63/><U10/><E28/><V113/><F113/><W79/><G79/><T8/><D97/><U92/><E106/><V116/><F26/><W89/><G32/><T71/><D71/><U4/><E103/><V127/><F116/><W122/><G100/><T37/><REACH who="0" step="1"/><D76/><REACH who="0" ten="240,250,224,276" step="2"/><U75/><E75/><V60/><F127/><W73/><G98/><T133/><D133/><U14/><REACH who="1" step="1"/><E4/><REACH who="1" ten="240,240,224,276" step="2"/><V22/><F35/><W86/><G33/><T48/><D48/><U110/><E110/><V129/><F129/><W58/><G73/><T46/><D46/><AGARI ba="0,2" hai="5,10,13,14,16,21,44,45,46,81,82,88,92,96" machi="46" ten="40,18000,2" yaku="1,1,8,1,54,2,53,2" doraHai="51" doraHaiUra="78" who="1" fromWho="0" sc="240,-180,240,200,224,0,276,0" /><INIT seed="1,1,0,3,1,80" ten="60,440,224,276" oya="1" hai0="24,60,15,109,45,49,75,28,67,47,129,29,108" hai1="63,79,50,72,58,124,110,10,39,20,36,13,102" hai2="126,41,56,117,16,107,26,44,4,22,42,131,25" hai3="116,119,53,84,82,86,105,135,37,73,112,121,90"/><U6/><E124/><V92/><F107/><W18/><G121/><T34/><D75/><U66/><E102/><V9/><F117/><N who="3" m="45131" /><G105/><T43/><D129/><U103/><E103/><V98/><F131/><W120/><G120/><T118/><D118/><U127/><E127/><V104/><F104/><W101/><G101/><T30/><D47/><U70/><E110/><N who="0" m="42601" /><D15/><U14/><E72/><V106/><F106/><W78/><G112/><T74/><D74/><U76/><E36/><V113/><F113/><W33/><G37/><T125/><D125/><U40/><E14/><V130/><F130/><W77/><G33/><T52/><D43/><U46/><REACH who="1" step="1"/><E20/><REACH who="1" ten="60,430,224,276" step="2"/><V57/><F126/><W87/><G135/><T1/><D1/><U2/><E2/><V69/><F69/><AGARI ba="1,1" hai="24,28,29,30,34,45,49,52,60,67,69" m="42601" machi="69" ten="30,2000,0" yaku="14,1,54,1" doraHai="80" who="0" fromWho="2" sc="60,33,430,0,224,-23,276,0" /><INIT seed="2,0,0,0,3,115" ten="93,430,201,276" oya="2" hai0="65,26,108,121,95,59,45,5,72,52,82,75,116" hai1="39,74,122,66,103,109,85,133,114,76,134,49,36" hai2="91,98,112,11,100,101,119,47,28,2,70,37,29" hai3="71,94,32,67,43,125,62,93,22,135,55,83,12"/><V19/><F112/><W87/><G135/><N who="1" m="51722" /><E74/><V92/><F70/><W38/><G32/><T41/><D121/><U99/><E109/><V58/><F119/><W88/><G125/><T34/><D108/><U61/><E114/><V48/><F37/><W44/><REACH who="3" step="1"/><G55/><REACH who="3" ten="93,430,201,266" step="2"/><T50/><D34/><U31/><E122/><V96/><F58/><W106/><G106/><T124/><D124/><U7/><E66/><V25/><F2/><W81/><G81/><T4/><D65/><U118/><E39/><V21/><F11/><W15/><G15/><T0/><D82/><U33/><E36/><V18/><F29/><W3/><G3/><T46/><D0/><U63/><E31/><V131/><F131/><W54/><G54/><T97/><D52/><U129/><E129/><V9/><F9/><W80/><G80/><T73/><D116/><U68/><E33/><V102/><REACH who="2" step="1"/><F98/><REACH who="2" ten="93,430,191,266" step="2"/><W51/><G51/><T24/><D97/><U120/><E120/><V117/><F117/><W123/><G123/><T20/><D50/><U60/><E99/><V14/><F14/><W53/><G53/><AGARI ba="0,2" hai="18,19,21,25,28,47,48,53,91,92,96,100,101,102" machi="53" ten="40,7700,0" yaku="1,1,8,1,53,1" doraHai="115" doraHaiUra="40" who="2" fromWho="3" sc="93,0,430,0,191,97,266,-77" /><INIT seed="2,1,0,0,5,22" ten="93,430,288,189" oya="2" hai0="118,119,85,91,109,76,80,28,38,75,51,54,47" hai1="78,82,11,12,123,86,64,4,117,101,63,33,23" hai2="93,5,116,79,9,30,60,122,29,111,70,68,53" hai3="98,25,99,20,39,57,44,102,71,0,100,8,135"/><V1/><F122/><W81/><G71/><T26/><D109/><U2/><E117/><V13/><F116/><W131/><G131/><T127/><D127/><U48/><E123/><V67/><F70/><W74/><G135/><T92/><REACH who="0" step="1"/><D38/><REACH who="0" ten="83,430,288,189" step="2"/><U95/><E33/><AGARI ba="1,1" hai="26,28,33,47,51,54,75,76,80,85,91,92,118,119" machi="33" ten="40,5200,0" yaku="1,1,2,1,52,1,53,0" doraHai="22" doraHaiUra="15" who="0" fromWho="1" sc="83,65,430,-55,288,0,189,0" /><INIT seed="3,0,0,3,4,86" ten="148,375,288,189" oya="3" hai0="115,118,25,65,17,59,15,107,3,64,35,91,9" hai1="46,100,57,44,112,53,85,123,6,38,30,52,111" hai2="97,83,34,66,105,133,69,72,49,92,61,41,74" hai3="33,134,90,89,36,58,54,45,117,108,51,39,21"/><W42/><G117/><T119/><D107/><U19/><E123/><V2/><F2/><W40/><G33/><T121/><D121/><U5/><E112/><V1/><F1/><W31/><G134/><T0/><D115/><U98/><E30/><V103/><F133/><W132/><G132/><T47/><D47/><N who="1" m="17963" /><E38/><V13/><F49/><W75/><G75/><T8/><D0/><U43/><E43/><N who="3" m="16426" /><G39/><T131/><D131/><U50/><E111/><V11/><F41/><N who="3" m="25007" /><G36/><T110/><D110/><U37/><E37/><V4/><F34/><W24/><G108/><T95/><D118/><U77/><E19/><V20/><F105/><W60/><AGARI ba="0,0" hai="21,24,31,54,58,60,89,90" m="25007,16426" machi="60" ten="30,6000,0" yaku="8,1,52,2" doraHai="86" who="3" fromWho="3" sc="148,-20,375,-20,288,-20,189,60" /><INIT seed="3,1,0,1,1,94" ten="128,355,268,249" oya="3" hai0="123,70,124,78,26,114,1,91,11,93,71,21,63" hai1="49,44,108,117,131,75,46,125,84,0,42,95,68" hai2="103,101,72,77,121,69,64,85,43,19,6,2,89" hai3="37,66,45,74,76,88,132,127,86,105,39,67,87"/><W35/><G105/><T47/><D123/><U83/><E0/><V14/><F121/><W116/><G35/><T79/><D124/><U3/><E3/><V12/><F43/><W65/><G127/><T9/><D114/><U41/><E125/><V118/><F118/><W129/><G116/><T18/><D47/><U109/><E68/><V90/><F6/><W24/><G132/><T51/><D51/><U82/><E117/><V13/><F2/><W126/><G126/><T55/><D71/><U33/><E33/><V97/><F19/><W119/><G129/><T135/><D135/><U4/><E4/><V102/><F72/><W32/><G74/><T38/><D38/><U61/><E61/><V8/><F77/><W113/><G113/><T36/><D36/><U31/><E31/><V62/><F8/><W58/><G119/><T111/><D111/><N who="1" m="42571" /><E75/><V80/><REACH who="2" step="1"/><F90/><REACH who="2" ten="128,355,258,249" step="2"/><W134/><G134/><T112/><D78/><U99/><E131/><V20/><F20/><W122/><G122/><T17/><D79/><U5/><E5/><V50/><F50/><W29/><G39/><T22/><D1/><U133/><E133/><V54/><F54/><W53/><G37/><T56/><D112/><U52/><E42/><V25/><F25/><W15/><G76/><T10/><D10/><U120/><E120/><V57/><F57/><W7/><G58/><T60/><D70/><U110/><E110/><V107/><AGARI ba="1,1" hai="12,13,14,62,64,69,80,85,89,97,101,102,103,107" machi="107" ten="30,4000,0" yaku="1,1,0,1,52,1,53,0" doraHai="94" doraHaiUra="104" who="2" fromWho="2" sc="128,-11,355,-11,258,53,249,-21" /><INIT seed="4,0,0,0,5,20" ten="117,344,311,228" oya="0" hai0="117,17,130,73,108,90,1,19,66,77,98,89,127" hai1="111,131,2,74,118,121,10,91,71,52,36,96,95" hai2="103,75,5,61,56,83,42,60,72,68,88,86,65" hai3="26,22,32,84,119,35,0,102,81,125,55,78,99"/><T94/><D1/><U132/><RYUUKYOKU type="yao9" ba="0,0" sc="117,0,344,0,311,0,228,0" hai1="2,10,36,52,71,74,91,95,96,111,118,121,131,132" /><INIT seed="4,1,0,5,1,91" ten="117,344,311,228" oya="0" hai0="101,31,36,102,89,12,39,105,13,90,0,51,103" hai1="113,79,126,30,20,111,8,96,47,52,55,34,127" hai2="50,100,80,76,46,82,120,134,60,59,11,25,5" hai3="64,21,122,19,74,132,70,75,48,9,22,44,24"/><T7/><D105/><U17/><E111/><V129/><F129/><W125/><G132/><T88/><D31/><U77/><E34/><V61/><F134/><W63/><G125/><N who="1" m="47626" /><E113/><V97/><F120/><W78/><G122/><T1/><D51/><N who="1" m="28799" /><E55/><V28/><F50/><W123/><G123/><T86/><D86/><U133/><E133/><V118/><F46/><W43/><G78/><T72/><D72/><U93/><E30/><V73/><F118/><W112/><G112/><T6/><D7/><U40/><E8/><V62/><F80/><W98/><G9/><T71/><D71/><U35/><E40/><V41/><F41/><W131/><G131/><T106/><D106/><U117/><E35/><V116/><F116/><W49/><G22/><T15/><REACH who="0" step="1"/><D6/><REACH who="0" ten="107,344,311,228" step="2"/><U115/><E117/><V23/><F5/><W119/><G119/><T108/><D108/><U29/><E29/><V26/><F73/><W54/><G98/><T10/><D10/><U42/><E115/><V95/><F11/><W128/><G128/><T84/><D84/><U130/><E130/><V18/><F82/><W32/><G32/><T65/><D65/><U114/><E114/><V68/><F68/><W81/><G81/><T67/><D67/><U45/><E96/><V66/><F76/><W110/><G110/><T104/><D104/><U94/><E79/><V83/><F83/><W124/><G124/><T57/><D57/><AGARI ba="1,1" hai="19,21,24,43,44,48,49,54,57,63,64,70,74,75" machi="57" ten="30,1000,0" yaku="7,1" doraHai="91" who="3" fromWho="0" sc="107,-13,344,0,311,0,228,23" /><INIT seed="5,0,0,0,1,124" ten="94,344,311,251" oya="1" hai0="49,86,34,19,116,32,94,13,126,133,83,99,0" hai1="9,95,93,3,134,62,30,1,25,70,47,44,104" hai2="26,122,57,129,6,43,4,64,35,59,38,40,72" hai3="14,55,45,127,105,132,15,68,52,119,120,121,82"/><U21/><E104/><V115/><F72/><W28/><G105/><T54/><D0/><U108/><E134/><V2/><F2/><W80/><G127/><T22/><D126/><U112/><E112/><V123/><F26/><W96/><G132/><T102/><D116/><U8/><E108/><V66/><F38/><W91/><G68/><T114/><D114/><U107/><E107/><V10/><F115/><W90/><G45/><T39/><D39/><U75/><E75/><V135/><F10/><W98/><REACH who="3" step="1"/><G28/><REACH who="3" ten="94,344,311,241" step="2"/><T48/><D133/><U84/><E44/><V117/><F135/><W46/><G46/><T76/><REACH who="0" step="1"/><D48/><REACH who="0" ten="84,344,311,241" step="2"/><U36/><E36/><V27/><F123/><W106/><G106/><T11/><D11/><U103/><E9/><V77/><F122/><W87/><G87/><T71/><D71/><U41/><E84/><V31/><F117/><AGARI ba="0,2" hai="14,15,52,55,80,82,90,91,96,98,117,119,120,121" machi="117" ten="25,6400,0" yaku="1,1,22,2,54,1,53,0" doraHai="124" doraHaiUra="88" who="3" fromWho="2" sc="84,0,344,0,311,-64,241,84" /><INIT seed="6,0,0,3,2,15" ten="84,344,247,325" oya="2" hai0="24,3,130,63,80,113,19,4,120,52,73,56,84" hai1="48,102,16,55,87,131,64,111,88,29,11,28,17" hai2="123,114,110,18,112,125,85,20,119,72,26,69,96" hai3="41,34,97,30,122,98,32,38,67,13,126,124,68"/><V90/><F72/><W86/><G122/><T115/><D73/><U83/><E111/><V57/><F69/><W128/><G128/><T37/><D37/><U62/><E131/><V100/><F119/><W21/><G86/><T10/><D130/><U12/><E102/><V49/><F123/><W46/><G67/><T61/><D61/><U129/><E129/><V95/><F125/><N who="3" m="48235" /><G68/><T33/><D120/><U132/><E132/><V58/><F110/><W65/><G65/><T103/><D103/><U9/><E9/><V39/><F39/><W51/><G38/><T35/><D113/><U104/><E104/><V5/><F5/><W43/><G43/><T117/><D115/><N who="2" m="44074" /><F49/><W107/><G107/><AGARI ba="0,0" hai="18,20,26,57,58,85,90,95,96,100,107" m="44074" machi="107" ten="30,2900,0" yaku="15,1,52,1" doraHai="15" who="2" fromWho="3" sc="84,0,344,0,247,29,325,-29" /><INIT seed="6,1,0,1,4,99" ten="84,344,276,296" oya="2" hai0="50,7,32,68,85,91,114,123,44,104,13,76,34" hai1="117,122,115,93,96,33,72,28,110,63,16,39,67" hai2="92,4,37,59,84,94,5,105,70,30,98,8,111" hai3="82,9,60,48,124,36,57,38,49,51,112,134,95"/><V120/><F70/><W121/><G121/><T6/><D123/><U116/><E39/><V41/><F120/><W74/><G134/><T97/><D68/><U22/><E72/><V125/><F111/><W86/><G124/><T79/><D114/><U126/><E110/><V14/><F125/><W52/><G112/><T25/><D25/><U109/><E109/><V58/><F5/><W31/><G31/><T18/><D34/><U2/><E2/><V0/><F0/><W133/><G133/><T80/><D32/><U78/><E78/><V15/><F15/><W89/><G9/><T131/><D131/><U46/><E126/><V108/><F30/><W55/><G74/><T69/><D69/><U113/><E46/><V54/><F108/><W102/><G36/><T17/><D17/><U27/><E122/><V73/><F73/><W81/><G38/><T106/><D104/><U64/><E115/><V130/><F130/><W100/><G55/><T29/><D29/><U128/><E128/><V103/><F84/><W35/><G35/><T107/><D106/><U43/><E113/><V119/><F59/><W10/><G10/><T56/><D56/><U127/><E127/><V101/><F101/><AGARI ba="1,0" hai="48,49,51,52,57,60,81,82,86,89,95,100,101,102" machi="101" ten="40,8000,1" yaku="8,1,52,3,54,1" doraHai="99" who="3" fromWho="2" sc="84,0,344,0,276,-83,296,83" /><INIT seed="7,0,0,4,0,80" ten="84,344,193,379" oya="3" hai0="40,41,97,79,112,15,2,1,63,103,129,53,84" hai1="114,52,27,122,81,71,120,118,62,48,20,42,101" hai2="110,17,46,66,90,18,92,131,113,3,82,58,13" hai3="102,29,95,60,111,107,100,117,78,127,51,69,89"/><W23/><G117/><T93/><D129/><U28/><E114/><V124/><F3/><W5/><G5/><T54/><D112/><U59/><E118/><V19/><F110/><W121/><G121/><T16/><D1/><U109/><E109/><V32/><F32/><W94/><G111/><T61/><D2/><U128/><E128/><V26/><F131/><W74/><G107/><T22/><D63/><U98/><E81/><V88/><F124/><W72/><G51/><T21/><D21/><U106/><REACH who="1" step="1"/><E42/><REACH who="1" ten="84,334,193,379" step="2"/><V73/><F113/><W119/><G119/><T8/><D8/><U34/><E34/><V91/><F19/><W68/><G68/><T108/><BYE who="3" /><D108/><U64/><AGARI ba="0,1" hai="20,27,28,48,52,59,62,64,71,98,101,106,120,122" machi="64" ten="30,4000,0" yaku="1,1,0,1,54,1,53,0" doraHai="80" doraHaiUra="126" who="1" fromWho="1" sc="84,-10,334,50,193,-10,379,-20" owari="74,-43.0,384,49.0,183,-22.0,359,16.0" /></mjloggm>