<mjloggm ver="2.3"><GO type="97" lobby="0"/><UN n0="%E5%B0%B1%E6%B4%BB%E7%94%9F%40%E5%B7%9D%E6%9D%91%E8%BB%8D%E5%9B%A3" n1="%6A%69%6E%6D%6D%6D%6D%6D" n2="%6B%2D%74%61%6B%61%74%6F" n3="%E4%B8%96%E3%82%92%E7%9B%B4%E3%81%99%E8%80%85" dan="16,14,15,15" rate="2184.83,1981.16,1973.02,2030.48" sx="M,M,M,M"/><TAIKYOKU oya="0"/><INIT seed="0,0,0,1,3,75" ten="250,250,250,250" oya="0" hai0="76,117,126,12,28,54,109,121,130,34,4,8,26" hai1="30,15,9,63,40,74,53,22,95,92,7,90,78" hai2="79,107,62,113,89,24,82,27,56,10,102,116,104" hai3="65,64,124,81,122,94,58,52,83,32,5,38,87"/><T86/><D121/><U6/><E40/><V84/><F113/><W21/><G32/><T72/><D117/><U88/><E30/><V14/><F116/><W66/><G38/><T105/><D105/><U51/><E63/><V16/><F107/><W128/><G124/><T48/><D126/><U13/><E74/><V45/><F45/><W1/><G128/><T41/><D130/><U134/><E134/><V97/><REACH who="2" step="1"/><F89/><REACH who="2" ten="250,250,240,250" step="2"/><N who="1" m="34409" /><E22/><V96/><F96/><W127/><G21/><T60/><D109/><U70/><E70/><V29/><F29/><W119/><G119/><T0/><D41/><U135/><E135/><V61/><F61/><W44/><G127/><T133/><D60/><U80/><E95/><V68/><F68/><W20/><G94/><T50/><D133/><U77/><E92/><V55/><AGARI ba="0,1" hai="10,14,16,24,27,55,56,62,79,82,84,97,102,104" machi="55" ten="20,12000,2" yaku="1,1,0,1,7,1,52,1,54,1,53,1" doraHai="75" doraHaiUra="99" who="2" fromWho="2" sc="250,-60,250,-30,240,130,250,-30" /><INIT seed="1,0,0,1,0,55" ten="190,220,370,220" oya="1" hai0="49,44,104,93,10,107,5,3,88,18,134,65,121" hai1="62,14,25,119,72,31,76,84,48,28,20,102,124" hai2="35,81,29,77,122,60,112,73,74,4,87,8,6" hai3="82,70,126,19,39,95,56,61,75,27,41,57,54"/><U101/><E119/><V66/><F122/><W110/><G110/><T99/><D121/><U128/><E124/><V58/><F112/><W21/><G126/><T85/><D134/><U116/><E128/><V80/><F4/><W17/><G70/><T51/><D65/><U92/><E116/><V89/><F29/><N who="3" m="17647" /><G75/><T111/><D111/><U47/><E72/><V53/><F35/><W12/><G39/><T125/><D125/><U129/><E129/><V103/><F103/><W11/><G41/><T1/><D1/><U120/><E120/><V130/><F130/><W68/><G68/><T16/><D51/><U97/><E102/><V83/><F73/><W7/><G82/><T9/><D99/><U36/><E36/><V59/><F74/><W135/><G135/><T79/><D79/><U22/><E62/><V109/><F109/><W23/><G23/><T15/><REACH who="0" step="1"/><D18/><REACH who="0" ten="180,220,370,220" step="2"/><N who="1" m="10327" /><E76/><V69/><F77/><W108/><G108/><T113/><D113/><U132/><E132/><V24/><F24/><W42/><G42/><AGARI ba="0,1" hai="3,5,9,10,15,16,42,44,49,85,88,93,104,107" machi="42" ten="30,8000,1" yaku="1,1,7,1,54,2,53,1" doraHai="55" doraHaiUra="37" who="0" fromWho="3" sc="180,90,220,0,370,0,220,-80" /><INIT seed="2,0,0,0,0,55" ten="270,220,370,140" oya="2" hai0="4,81,16,135,29,72,45,22,102,38,33,58,10" hai1="95,115,40,75,54,120,11,114,34,110,17,76,50" hai2="57,131,94,73,31,132,67,56,25,15,85,19,18" hai3="83,116,60,64,9,5,87,30,100,13,77,79,7"/><V3/><F73/><W103/><G116/><T66/><D135/><U119/><E34/><V86/><F3/><W51/><G30/><T113/><D113/><U47/><E75/><V28/><F132/><W52/><G79/><T71/><D71/><U84/><E120/><V78/><F131/><W23/><G7/><T122/><D122/><U82/><E119/><V41/><F41/><W107/><G107/><T26/><D102/><U35/><E35/><V53/><F67/><W8/><G9/><T93/><D93/><U21/><E110/><V32/><F78/><W101/><G23/><T65/><D45/><U89/><E11/><N who="2" m="6527" /><F53/><W27/><G27/><T127/><D38/><U62/><E62/><V90/><F32/><W2/><G2/><T49/><D127/><U14/><E40/><V70/><F70/><W1/><G1/><T105/><D105/><U20/><E20/><N who="2" m="13471" /><F85/><W117/><G117/><T106/><D106/><U121/><E121/><V6/><F6/><W42/><G42/><T123/><D123/><U126/><E126/><V37/><F37/><W112/><G112/><T118/><D118/><U39/><E39/><V48/><F48/><W24/><G24/><T80/><D72/><U104/><E104/><V46/><F46/><W12/><G12/><N who="0" m="9479" /><D66/><U69/><E69/><V74/><F74/><W98/><G98/><T97/><D97/><U111/><E111/><V109/><F109/><W36/><G36/><T96/><D96/><U43/><E43/><V61/><F61/><W63/><G64/><T124/><D124/><U108/><E108/><V68/><F68/><RYUUKYOKU ba="0,0" sc="270,-30,220,10,370,10,140,10" hai1="14,17,21,47,50,54,76,82,84,89,95,114,115" hai2="28,31,56,57,86,90,94" hai3="5,8,13,51,52,60,63,77,83,87,100,101,103" /><INIT seed="2,1,0,2,4,67" ten="240,230,380,150" oya="2" hai0="0,42,51,104,47,111,99,127,124,73,81,7,78" hai1="66,34,29,2,27,80,105,5,102,36,130,45,94" hai2="92,75,55,58,26,52,70,72,117,129,122,118,76" hai3="71,17,121,91,98,21,93,125,61,24,134,16,109"/><V100/><F122/><W64/><G121/><T44/><D111/><U65/><E130/><V59/><F129/><W38/><G134/><T40/><D104/><U33/><E33/><V87/><F100/><W135/><G135/><T131/><D99/><U15/><E80/><V12/><F26/><W39/><G125/><N who="0" m="48203" /><D131/><U114/><E114/><V132/><F132/><W1/><G109/><T3/><D7/><U108/><E108/><V22/><F76/><W56/><G1/><T103/><D103/><U9/><E105/><V119/><F92/><W86/><G17/><T113/><D113/><U120/><E120/><V10/><F87/><W110/><G110/><T48/><AGARI ba="1,0" hai="0,3,40,42,44,47,48,51,73,78,81" m="48203" machi="48" ten="30,1100,0" yaku="18,1" doraHai="67" who="0" fromWho="0" sc="240,14,230,-4,380,-6,150,-4" /><INIT seed="3,0,0,1,1,33" ten="254,226,374,146" oya="3" hai0="25,121,30,2,7,110,14,29,44,94,10,75,37" hai1="133,102,5,73,34,4,27,82,40,115,18,126,8" hai2="117,68,50,24,109,85,21,134,13,6,49,132,92" hai3="48,114,105,93,39,113,89,0,74,32,46,62,124"/><W81/><G105/><T61/><D110/><U123/><E123/><V101/><F117/><W99/><G32/><T63/><D121/><U127/><E73/><V122/><F122/><W90/><G39/><T55/><D75/><U38/><E38/><V36/><F36/><W67/><G124/><N who="1" m="47658" /><E102/><V19/><F68/><W15/><G0/><T43/><D2/><N who="1" m="23" /><E82/><V70/><F70/><W3/><G3/><T66/><D94/><U106/><E40/><V128/><F109/><W77/><G90/><T71/><D25/><U47/><E47/><V22/><F128/><W125/><G15/><T96/><D96/><U104/><E115/><V83/><F101/><W108/><G108/><T59/><AGARI ba="0,0" hai="7,10,14,29,30,37,43,44,55,59,61,63,66,71" machi="59" ten="30,1100,0" yaku="0,1" doraHai="33" who="0" fromWho="0" sc="254,11,226,-3,374,-3,146,-5" owari="265,7.0,223,-18.0,371,47.0,141,-36.0" /></mjloggm>