<mjloggm ver="2.3"><GO type="169" lobby="0"/><UN n0="%67%73%6B%67%33" n1="%E3%82%B7%E3%83%B3%E3%83%87%E3%83%AB%E3%83%A9" n2="%E5%B0%B1%E6%B4%BB%E7%94%9F%40%E5%B7%9D%E6%9D%91%E8%BB%8D%E5%9B%A3" n3="%67%63%40%E6%BF%80%E8%BE%9B" dan="16,16,17,17" rate="2168.74,2093.56,2145.36,2158.24" sx="M,F,M,M"/><TAIKYOKU oya="0"/><INIT seed="0,0,0,0,0,56" ten="250,250,250,250" oya="0" hai0="131,92,5,43,64,12,36,7,13,68,75,88,76" hai1="50,37,30,23,112,51,27,111,106,98,91,129,54" hai2="81,28,45,31,72,117,130,55,108,40,1,0,121" hai3="89,84,34,38,18,69,115,44,103,79,22,132,62"/><T60/><D131/><U2/><E37/><V93/><F121/><W104/><G115/><T120/><D120/><U10/><E111/><V124/><F108/><W17/><G34/><T114/><D114/><U52/><E112/><V85/><F72/><W86/><G104/><T116/><D116/><U32/><E129/><V102/><F130/><W127/><G103/><T58/><D75/><U65/><E65/><V133/><F133/><W67/><G127/><T100/><D76/><U125/><E125/><V15/><F124/><W41/><G132/><T113/><D113/><U77/><E77/><V57/><F117/><W107/><G107/><T48/><D100/><U126/><E126/><V53/><F15/><N who="0" m="5706" /><D68/><U39/><E39/><V90/><F1/><W35/><G35/><T16/><D36/><U87/><E98/><V63/><F0/><W82/><REACH who="3" step="1"/><G22/><REACH who="3" ten="250,250,250,240" step="2"/><T119/><D119/><U47/><E106/><V73/><F102/><W94/><AGARI ba="0,1" hai="17,18,38,41,44,62,67,69,79,82,84,86,89,94" machi="94" ten="20,8000,1" yaku="1,1,2,1,0,1,7,1,52,1,53,0" doraHai="56" doraHaiUra="118" who="3" fromWho="3" sc="250,-40,250,-20,250,-20,240,90" /><INIT seed="1,0,0,2,2,75" ten="210,230,230,330" oya="1" hai0="48,43,22,115,28,65,41,87,117,19,46,82,35" hai1="121,132,11,17,83,135,70,30,81,80,49,119,68" hai2="116,32,88,99,62,91,13,100,18,71,126,23,98" hai3="131,79,40,111,64,38,66,109,27,86,129,26,33"/><U3/><E119/><V113/><F32/><W9/><G9/><T1/><D115/><U4/><E121/><V134/><F116/><W57/><G40/><T128/><D117/><U52/><E30/><V24/><F113/><W114/><G38/><T15/><D128/><N who="3" m="49225" /><G114/><T58/><D1/><U69/><REACH who="1" step="1"/><E17/><REACH who="1" ten="210,220,230,330" step="2"/><V89/><F134/><W44/><G109/><T102/><D28/><U85/><E85/><V21/><F126/><W120/><G111/><T60/><D87/><U31/><E31/><V125/><F125/><W90/><G120/><T5/><D19/><U29/><E29/><V42/><F23/><W36/><G86/><T76/><D22/><U127/><E127/><V108/><F108/><W73/><G73/><T107/><D35/><U47/><AGARI ba="0,1" hai="3,4,11,47,49,52,68,69,70,80,81,83,132,135" machi="47" ten="40,7800,0" yaku="1,1,0,1,54,1,53,0" doraHai="75" doraHaiUra="39" who="1" fromWho="1" sc="210,-26,220,88,230,-26,330,-26" /><INIT seed="1,1,0,4,4,5" ten="184,308,204,304" oya="1" hai0="40,12,26,46,70,119,102,73,134,54,43,98,4" hai1="25,88,114,10,87,27,37,30,13,44,126,71,130" hai2="32,23,74,78,50,81,128,21,11,127,101,67,39" hai3="8,38,93,65,62,103,121,48,9,129,28,31,41"/><U59/><E71/><V66/><F39/><W76/><G38/><T47/><D73/><U7/><E114/><V124/><F32/><W77/><G129/><T68/><D26/><U29/><E130/><V110/><F128/><W63/><G121/><T113/><D113/><U104/><E126/><N who="2" m="48171" /><F101/><W122/><G122/><T116/><D4/><U86/><E104/><V64/><F110/><W132/><G132/><T96/><D12/><U125/><E125/><V20/><F50/><W45/><G103/><T6/><D6/><U42/><E59/><V61/><F61/><N who="3" m="23051" /><G93/><T97/><D102/><U69/><E69/><N who="0" m="26729" /><D54/><U107/><E107/><V49/><F49/><W58/><G58/><T111/><D111/><U16/><E7/><V55/><F55/><W118/><G65/><T0/><D0/><U56/><E56/><V133/><F133/><W72/><G72/><T112/><D112/><U51/><E37/><V117/><F117/><N who="0" m="45130" /><D134/><U19/><E19/><V52/><F52/><W92/><G92/><T105/><D105/><U3/><E3/><V91/><F91/><W95/><G95/><T99/><N who="0" m="24576" /><DORA hai="90" /><T14/><D14/><U100/><E100/><V108/><F108/><W120/><G118/><T89/><D89/><U22/><E88/><V83/><F83/><W79/><G120/><T84/><D84/><U2/><E2/><V75/><F75/><W106/><G106/><T135/><D135/><U82/><E82/><V15/><F15/><W131/><G131/><T115/><D115/><U33/><AGARI ba="1,0" hai="10,13,16,22,25,27,29,30,33,42,44,51,86,87" machi="33" ten="20,7800,0" yaku="0,1,7,1,52,1,54,1" doraHai="5,90" who="1" fromWho="1" sc="184,-27,308,81,204,-27,304,-27" /><INIT seed="1,2,0,1,0,45" ten="157,389,177,277" oya="1" hai0="132,24,38,12,85,121,0,20,119,46,64,57,19" hai1="94,63,68,109,40,116,99,126,54,114,103,51,96" hai2="72,25,5,42,90,131,49,107,13,122,113,58,125" hai3="75,6,79,11,29,120,84,104,97,76,115,27,117"/><U134/><E114/><V44/><F122/><W89/><G115/><T4/><D119/><U62/><E116/><V56/><F107/><W3/><G120/><T130/><D121/><U73/><E126/><V17/><F72/><W1/><G1/><T129/><D0/><U15/><E134/><V66/><F113/><W7/><G7/><T9/><D132/><U127/><E127/><V33/><F125/><W87/><G75/><T74/><D74/><U65/><E73/><V21/><F131/><N who="0" m="50186" /><D85/><U22/><E109/><V133/><F133/><W123/><G123/><T37/><D46/><U92/><E40/><V23/><F66/><W43/><G43/><T59/><D64/><U2/><E2/><V18/><F33/><W32/><G117/><T82/><D82/><U86/><E86/><V41/><F41/><W88/><G87/><T53/><D59/><N who="1" m="33247" /><E65/><V34/><F34/><W98/><G98/><T55/><D55/><U69/><E69/><V91/><F5/><W61/><G79/><T80/><D80/><U110/><E68/><V105/><F105/><W111/><G76/><T31/><D4/><U52/><E52/><V101/><F101/><W106/><G111/><T16/><D31/><U10/><E22/><V135/><F135/><W112/><G112/><T50/><AGARI ba="2,0" hai="9,12,16,19,20,24,37,38,50,53,57" m="50186" machi="50" ten="30,4000,0" yaku="19,1,52,1,54,1" doraHai="45" who="0" fromWho="0" sc="157,46,389,-22,177,-12,277,-12" /><INIT seed="2,0,0,2,5,55" ten="203,367,165,265" oya="2" hai0="88,36,10,73,85,33,82,108,21,29,45,101,59" hai1="46,4,86,102,95,52,66,90,54,123,13,109,53" hai2="30,103,9,132,122,106,105,48,42,100,104,12,98" hai3="14,23,126,18,134,70,6,32,61,39,47,63,1"/><V89/><F122/><W128/><G39/><T38/><D33/><U26/><E109/><V117/><F117/><W19/><G47/><T11/><D73/><U133/><E133/><V120/><F120/><W75/><G75/><T135/><D101/><U17/><E123/><V0/><F0/><W74/><G74/><T8/><D108/><U44/><E66/><V92/><F30/><W96/><G96/><T34/><D34/><U125/><E125/><V131/><F131/><W110/><G70/><T78/><D135/><U97/><E26/><V57/><F132/><W43/><G43/><T77/><D38/><U35/><E4/><V71/><F71/><W16/><G110/><T7/><D7/><U111/><E35/><V25/><F25/><W15/><G32/><T20/><D45/><U72/><E72/><V22/><F22/><N who="0" m="8810" /><D36/><U81/><E111/><V124/><F124/><W116/><G6/><T62/><D29/><U49/><E46/><V67/><F42/><W93/><G1/><T51/><D51/><U84/><E84/><V3/><F3/><W79/><G116/><T41/><D41/><U58/><E44/><V64/><F64/><AGARI ba="0,0" hai="8,10,11,59,62,64,77,78,82,85,88" m="8810" machi="64" ten="30,3900,0" yaku="8,1,52,1,54,1" doraHai="55" who="0" fromWho="2" sc="203,39,367,0,165,-39,265,0" /><INIT seed="3,0,0,1,2,115" ten="242,367,126,265" oya="3" hai0="88,61,37,46,54,41,78,85,110,92,74,56,123" hai1="60,75,91,102,96,66,24,10,122,33,20,40,8" hai2="71,12,87,77,36,2,63,29,105,50,95,59,43" hai3="79,15,90,128,130,119,31,127,7,125,47,83,126"/><W84/><G31/><T57/><D123/><U9/><E122/><V116/><F105/><W3/><G3/><T97/><D110/><U6/><E33/><V106/><F2/><W51/><G119/><T69/><D69/><U16/><E75/><V132/><F106/><W98/><G98/><T39/><D39/><U28/><E40/><V134/><F29/><W27/><G27/><T62/><D74/><U17/><E91/><N who="2" m="53759" /><F77/><W117/><G117/><T11/><D11/><U23/><E23/><V48/><F116/><W52/><REACH who="3" step="1"/><G90/><REACH who="3" ten="242,367,126,255" step="2"/><T72/><D97/><U13/><E6/><V58/><F12/><W103/><G103/><T73/><REACH who="0" step="1"/><D78/><REACH who="0" ten="232,367,126,255" step="2"/><U1/><E96/><V64/><F132/><W67/><G67/><AGARI ba="0,2" hai="37,41,46,54,56,57,61,62,67,72,73,85,88,92" machi="67" ten="30,7700,0" yaku="1,1,2,1,7,1,54,1,53,0" doraHai="115" doraHaiUra="101" who="0" fromWho="3" sc="232,97,367,0,126,0,255,-77" /><INIT seed="4,0,0,3,4,74" ten="329,367,126,178" oya="0" hai0="125,10,55,77,30,129,88,102,87,54,105,32,123" hai1="59,6,66,90,96,18,41,62,13,91,83,31,115" hai2="126,27,85,40,133,108,12,49,130,2,69,84,61" hai3="110,43,8,7,34,131,119,127,93,67,120,99,68"/><T50/><D123/><U33/><E115/><V71/><F2/><W21/><G34/><T47/><D129/><U37/><E6/><V46/><F108/><W64/><G110/><T15/><D125/><U114/><E114/><V89/><F130/><W60/><G119/><T97/><D32/><U121/><E121/><V116/><F116/><W101/><G120/><T4/><D30/><U94/><E33/><V100/><F126/><W82/><G131/><T35/><D35/><U106/><E106/><V45/><F133/><W57/><G127/><T111/><D111/><U73/><E31/><V36/><F100/><W39/><G39/><T124/><D124/><U25/><E25/><V98/><F27/><W42/><G67/><T9/><D9/><U28/><E28/><V117/><F117/><W80/><G68/><T122/><D122/><U53/><E41/><N who="3" m="15370" /><G21/><T128/><D128/><U26/><E26/><V0/><F0/><W107/><G107/><T38/><D38/><U118/><E37/><V76/><F12/><AGARI ba="0,0" hai="7,8,12,57,60,64,80,82,93,99,101" m="15370" machi="12" ten="30,1000,0" yaku="8,1" doraHai="74" who="3" fromWho="2" sc="329,0,367,0,126,-10,178,10" /><INIT seed="5,0,0,2,3,97" ten="329,367,116,188" oya="1" hai0="20,19,114,99,31,107,28,61,15,108,110,42,125" hai1="123,135,44,94,2,115,63,67,71,47,87,105,103" hai2="30,68,119,72,21,45,85,46,14,22,86,53,98" hai3="55,78,88,7,92,49,122,129,54,3,74,76,6"/><U66/><E123/><V69/><F72/><W58/><G122/><T10/><D42/><U84/><E115/><V8/><F119/><W77/><G129/><T56/><D114/><U82/><E135/><V29/><F98/><N who="3" m="57607" /><G3/><T39/><D39/><U134/><E134/><V79/><F79/><W96/><G74/><T117/><D117/><U95/><E2/><V18/><F53/><W12/><G96/><T100/><D125/><U5/><E5/><V48/><F48/><N who="3" m="31047" /><G12/><T121/><D121/><U65/><E105/><V11/><REACH who="2" step="1"/><F14/><REACH who="2" ten="329,367,106,188" step="2"/><W120/><G120/><T112/><D112/><U34/><E67/><V13/><F13/><W111/><G111/><T102/><D110/><U40/><E66/><V132/><F132/><W35/><G35/><T124/><D108/><U130/><E65/><V91/><F91/><W104/><G104/><T36/><D124/><U57/><E34/><V83/><F83/><W128/><G128/><T16/><D15/><U118/><E82/><V113/><F113/><W133/><G133/><T33/><D33/><U89/><E89/><V4/><F4/><W64/><G64/><T126/><D126/><U116/><E116/><V50/><F50/><W26/><G6/><T70/><D36/><U90/><E90/><V41/><F41/><W27/><G7/><T51/><D51/><U0/><E40/><V80/><F80/><W109/><G109/><T60/><D99/><U93/><E118/><V131/><F131/><W17/><G49/><T81/><D81/><U101/><E130/><V106/><F106/><W75/><G75/><T9/><D107/><RYUUKYOKU ba="0,1" sc="329,-10,367,-10,106,30,188,-10" hai2="8,11,18,21,22,29,30,45,46,68,69,85,86" /><INIT seed="6,1,1,0,0,33" ten="319,357,136,178" oya="2" hai0="109,130,84,111,119,38,36,12,2,118,90,65,6" hai1="1,72,127,63,46,11,25,78,28,117,20,41,30" hai2="31,75,104,133,62,27,92,55,32,93,23,45,91" hai3="87,52,47,115,107,97,58,19,43,112,100,35,83"/><V103/><F75/><W85/><G35/><T29/><D65/><U18/><E117/><N who="0" m="44553" /><D29/><U53/><E127/><V102/><F133/><W42/><G19/><T132/><D12/><U50/><E63/><V57/><F104/><W110/><G110/><N who="0" m="41995" /><D132/><U122/><E122/><V56/><F32/><W54/><G42/><T86/><D130/><U37/><E50/><N who="2" m="29135" /><F92/><W60/><G54/><T98/><D98/><U114/><E53/><N who="2" m="34063" /><F57/><W67/><G67/><T125/><D125/><U123/><E123/><V76/><F76/><W94/><G107/><T101/><D101/><U39/><E39/><N who="0" m="14889" /><D90/><U61/><E78/><V16/><F31/><W3/><G97/><AGARI ba="1,1" hai="16,23,27,91,93,97,102,103" m="34063,29135" machi="97" ten="30,5800,0" yaku="25,1,8,1,54,1" doraHai="33" who="2" fromWho="3" sc="319,0,357,0,136,71,178,-61" /><INIT seed="6,2,0,1,1,125" ten="319,357,207,117" oya="2" hai0="60,38,53,89,70,72,30,47,35,33,124,64,94" hai1="71,127,40,77,2,114,34,120,101,118,37,43,26" hai2="92,11,65,90,39,79,20,63,57,12,110,97,82" hai3="85,98,105,130,73,106,32,117,14,126,108,134,29"/><V50/><F39/><W123/><RYUUKYOKU type="yao9" ba="2,0" sc="319,0,357,0,207,0,117,0" hai3="14,29,32,73,85,98,105,106,108,117,123,126,130,134" /><INIT seed="6,3,0,0,1,99" ten="319,357,207,117" oya="2" hai0="130,108,133,47,88,28,113,76,31,120,98,24,84" hai1="110,122,132,61,15,119,29,83,106,52,95,92,80" hai2="62,72,103,78,135,134,118,90,107,123,3,60,1" hai3="5,69,57,75,58,12,105,55,39,102,94,73,117"/><V50/><F118/><W18/><G69/><T17/><D108/><U33/><E106/><V112/><F123/><W8/><G117/><T101/><D120/><U79/><E119/><V124/><F124/><W128/><G105/><T27/><D76/><U41/><E122/><V125/><F112/><W70/><G70/><T82/><D113/><U65/><E110/><V100/><F107/><W63/><G39/><T44/><D130/><U127/><E127/><V59/><F50/><W30/><G128/><T116/><D133/><N who="2" m="50698" /><F90/><W111/><G111/><T109/><D109/><U51/><E132/><V54/><F62/><W97/><G30/><N who="0" m="11307" /><D116/><U38/><E41/><V14/><F14/><W81/><G81/><T68/><D68/><U91/><E38/><V115/><F115/><W121/><G121/><T104/><D104/><U49/><E15/><V129/><F129/><W21/><REACH who="3" step="1"/><G58/><REACH who="3" ten="319,357,207,107" step="2"/><T2/><D82/><U25/><E80/><N who="2" m="45127" /><F125/><W13/><AGARI ba="3,1" hai="5,8,12,13,18,21,55,57,63,73,75,94,97,102" machi="13" ten="20,8000,1" yaku="1,1,0,1,7,1,52,1,53,1" doraHai="99" doraHaiUra="89" who="3" fromWho="3" sc="319,-23,357,-23,207,-43,107,99" /><INIT seed="7,0,0,4,3,2" ten="296,334,164,206" oya="3" hai0="93,39,88,85,129,28,94,5,83,43,92,119,118" hai1="113,40,91,44,71,123,89,111,32,20,65,4,66" hai2="105,108,38,57,72,109,95,62,110,7,121,17,27" hai3="46,29,87,22,131,12,6,76,133,60,34,116,97"/><W126/><G116/><N who="0" m="44587" /><D5/><U52/><E32/><V55/><F105/><W135/><G131/><T104/><D28/><U0/><E111/><V112/><F112/><W35/><G97/><N who="0" m="57479" /><D43/><U19/><E123/><V26/><F72/><W98/><G98/><T75/><D39/><U100/><E100/><V84/><F121/><W81/><G126/><T73/><D104/><U80/><E113/><V56/><F38/><W33/><G46/><T70/><D70/><U15/><E52/><V64/><F17/><W77/><G60/><T120/><D129/><U59/><E71/><V3/><F95/><N who="0" m="36362" /><D120/><U82/><E4/><V122/><F84/><W54/><G54/><T23/><D23/><U125/><E125/><V49/><REACH who="2" step="1"/><F122/><REACH who="2" ten="296,334,154,206" step="2"/><W74/><G29/><T101/><D101/><U132/><E19/><V16/><F16/><W9/><G87/><T114/><D114/><U102/><E102/><V24/><F24/><W37/><G37/><T18/><D18/><U107/><E107/><V134/><F134/><W30/><G133/><T96/><D96/><U11/><E132/><V79/><F79/><AGARI ba="0,1" hai="73,75,79,83,85" m="36362,57479,44587" machi="79" ten="30,3900,0" yaku="34,2,54,1" doraHai="2" who="0" fromWho="2" sc="296,49,334,0,154,-39,206,0" owari="345,44.0,334,13.0,115,-38.0,206,-19.0" /></mjloggm>