<mjloggm ver="2.3"><GO type="41" lobby="0"/><UN n0="%E8%A1%8C%E9%9B%B2%E6%B5%81%E6%B0%B4" n1="%E5%B0%B1%E6%B4%BB%E7%94%9F%40%E5%B7%9D%E6%9D%91%E8%BB%8D%E5%9B%A3" n2="%E3%81%B5%E3%81%83%E3%81%82%40%E7%8C%AB%E8%80%B3" n3="%E9%AE%AB%E5%B3%B6%E5%AE%8F%E6%98%8C%CE%B1" dan="13,17,14,15" rate="1848.22,2215.97,1956.60,1981.42" sx="F,M,M,M"/><TAIKYOKU oya="0"/><INIT seed="0,0,0,1,4,122" ten="250,250,250,250" oya="0" hai0="127,59,41,123,29,79,128,31,8,81,14,13,20" hai1="30,87,130,15,88,71,38,42,104,74,33,116,124" hai2="11,77,101,23,68,39,113,36,121,132,86,24,63" hai3="84,93,95,9,103,73,119,82,49,3,44,32,56"/><T97/><D123/><U126/><E74/><V110/><F121/><W19/><G32/><T10/><D128/><U48/><E116/><V106/><F113/><W98/><G119/><T1/><D1/><U99/><E71/><V83/><F132/><W102/><G73/><T107/><D127/><U96/><E38/><V26/><F110/><W28/><G28/><T0/><D0/><U47/><E130/><V66/><F11/><W54/><G3/><T78/><D107/><U12/><E30/><N who="0" m="11273" /><D41/><U16/><E33/><V45/><F26/><W70/><G70/><T72/><D81/><N who="1" m="49263" /><E104/><V105/><F101/><W57/><G9/><N who="0" m="3691" /><D72/><U27/><E124/><V92/><F39/><W50/><G19/><T134/><D134/><U118/><E118/><V133/><F133/><W80/><G84/><T131/><D20/><N who="1" m="13703" /><E126/><V125/><F125/><W94/><G98/><AGARI ba="0,0" hai="12,15,42,47,48,96,98,99" m="13703,49263" machi="98" ten="30,3900,0" yaku="8,1,54,2" doraHai="122" who="1" fromWho="3" sc="250,0,250,39,250,0,250,-39" /><INIT seed="1,0,0,1,2,52" ten="250,289,250,211" oya="1" hai0="70,5,103,51,21,72,35,1,111,7,14,83,69" hai1="80,4,41,120,40,98,47,130,17,60,92,89,126" hai2="28,125,9,56,63,32,96,11,73,20,107,8,31" hai3="133,0,59,115,87,93,34,2,134,50,38,112,105"/><U81/><E120/><V113/><F125/><W75/><G75/><T46/><D35/><U64/><E130/><V121/><F73/><W12/><G105/><T29/><D111/><U44/><E126/><V3/><F113/><N who="3" m="43595" /><G34/><T132/><D103/><U84/><E4/><V104/><F121/><W27/><G38/><T100/><D100/><U85/><E17/><V54/><F3/><N who="3" m="1067" /><G27/><T102/><D102/><U37/><E98/><V67/><F32/><W91/><G12/><T123/><D1/><U108/><E108/><V131/><F131/><W110/><G110/><T15/><D123/><U13/><E13/><V24/><F31/><W71/><G71/><T53/><D132/><N who="3" m="50793" /><G50/><T119/><D119/><U78/><E78/><V97/><F104/><W77/><G77/><T16/><D72/><U18/><E18/><V66/><F107/><W65/><G65/><AGARI ba="0,0" hai="8,9,11,20,24,28,54,56,63,65,66,67,96,97" machi="65" ten="40,2600,0" yaku="8,1,52,1" doraHai="52" who="2" fromWho="3" sc="250,0,289,0,250,26,211,-26" /><INIT seed="2,0,0,2,3,51" ten="250,289,276,185" oya="2" hai0="120,134,119,28,18,79,109,58,3,133,92,98,106" hai1="59,13,91,31,126,102,131,39,11,32,23,54,16" hai2="4,125,74,35,122,83,104,118,12,34,33,135,57" hai3="117,70,9,128,19,43,71,62,85,101,14,5,42"/><V94/><F122/><W56/><G117/><T26/><D3/><U64/><E39/><V24/><F104/><W0/><G128/><T2/><D120/><U52/><E32/><V84/><F118/><W78/><G101/><T1/><D106/><U44/><E126/><V82/><F135/><N who="0" m="51722" /><D119/><U115/><E115/><V73/><F125/><W41/><G78/><T65/><D79/><U108/><E108/><V103/><F24/><W36/><G36/><T114/><D18/><U107/><E107/><V10/><F83/><W25/><G25/><T96/><D114/><U110/><E110/><V76/><F103/><W20/><REACH who="3" step="1"/><G85/><REACH who="3" ten="250,289,276,175" step="2"/><T63/><D109/><U124/><E102/><V81/><F82/><W21/><G21/><N who="0" m="15439" /><D98/><U95/><E131/><V100/><F100/><AGARI ba="0,1" hai="1,2,58,63,65,92,96,100" m="15439,51722" machi="100" ten="30,2000,0" yaku="25,1,20,1" doraHai="51" who="0" fromWho="2" sc="250,30,289,0,276,-20,175,0" /><INIT seed="3,0,0,0,1,3" ten="280,289,256,175" oya="3" hai0="19,62,42,66,121,36,9,81,74,12,48,80,125" hai1="41,11,132,101,39,65,25,134,4,1,130,91,52" hai2="20,23,123,95,30,117,109,103,129,0,61,114,115" hai3="116,90,118,28,35,34,75,110,76,44,5,17,126"/><W45/><G126/><T127/><D121/><U106/><E65/><V54/><F0/><W10/><G76/><T94/><D36/><U71/><E71/><V6/><F6/><W60/><G75/><T97/><D74/><U43/><E39/><V84/><F117/><W82/><G110/><T92/><D42/><U128/><E91/><V70/><F109/><W124/><G124/><N who="0" m="47691" /><D48/><U27/><E101/><V86/><F129/><N who="1" m="49769" /><E106/><V15/><F70/><W89/><G60/><T68/><D94/><U83/><E83/><V31/><F123/><W78/><G17/><T32/><D32/><U111/><E111/><V67/><F103/><AGARI ba="0,0" hai="9,12,19,62,66,68,80,81,92,97,103" m="47691" machi="103" ten="30,1000,0" yaku="18,1" doraHai="3" who="0" fromWho="2" sc="280,10,289,0,256,-10,175,0" /><INIT seed="4,0,0,1,2,104" ten="290,289,246,175" oya="0" hai0="74,93,106,88,135,40,29,13,68,85,92,119,26" hai1="116,47,126,56,17,41,90,11,67,22,80,124,127" hai2="95,84,115,4,42,121,59,19,14,28,48,34,97" hai3="96,112,65,21,134,45,125,46,64,72,75,61,51"/><T31/><D119/><U100/><E116/><V71/><F115/><W131/><G112/><T53/><D106/><U32/><E32/><V15/><F121/><W0/><G0/><T23/><D68/><U1/><E100/><V62/><F71/><W79/><G79/><T66/><D66/><U25/><E90/><V94/><F34/><W43/><G125/><T110/><D110/><U76/><E67/><V8/><F28/><W73/><G134/><T49/><D40/><U60/><E60/><V39/><F39/><W78/><G78/><T7/><D74/><U99/><E56/><V108/><F84/><W111/><G111/><T30/><D135/><U12/><E99/><V103/><F95/><W63/><G131/><T38/><D38/><U55/><E55/><V54/><F108/><W70/><G96/><T128/><D128/><U132/><E132/><V101/><F101/><W123/><G123/><T9/><REACH who="0" step="1"/><D93/><REACH who="0" ten="280,289,246,175" step="2"/><U107/><E107/><V50/><F42/><W33/><G33/><T24/><D24/><U122/><E122/><V102/><F102/><W120/><G120/><T129/><D129/><U98/><E41/><V89/><F103/><W2/><G2/><T35/><D35/><U36/><E1/><V87/><F97/><W58/><G45/><AGARI ba="0,1" hai="7,9,13,23,26,29,30,31,45,49,53,85,88,92" machi="45" ten="30,12000,1" yaku="1,1,7,1,8,1,54,1,53,1" doraHai="104" doraHaiUra="91" who="0" fromWho="3" sc="280,130,289,0,246,0,175,-120" /><INIT seed="4,1,0,3,2,83" ten="410,289,246,55" oya="0" hai0="75,30,93,89,42,133,120,22,128,27,14,119,112" hai1="130,91,6,121,103,129,29,76,131,68,57,135,28" hai2="9,96,16,127,77,67,84,71,88,64,36,117,98" hai3="90,94,35,53,105,32,114,21,73,63,51,99,4"/><T56/><D120/><U109/><E68/><V43/><F117/><W12/><G73/><T95/><D75/><U124/><E109/><V54/><F127/><W20/><G114/><T48/><D119/><U62/><E124/><V70/><F77/><W92/><G105/><T46/><D112/><U125/><E125/><V113/><F113/><W26/><G63/><T134/><D128/><U52/><E121/><V111/><F111/><W74/><G74/><T79/><D79/><U123/><E123/><V7/><F54/><W102/><G32/><T25/><D14/><U65/><E135/><N who="0" m="51721" /><D56/><U49/><E103/><V59/><F43/><W19/><G35/><T18/><D89/><U104/><E104/><V82/><F36/><W34/><G34/><AGARI ba="1,0" hai="18,22,25,27,30,34,42,46,48,93,95" m="51721" machi="34" ten="30,1500,0" yaku="20,1" doraHai="83" who="0" fromWho="3" sc="410,18,289,0,246,0,55,-18" /><INIT seed="4,2,0,2,2,64" ten="428,289,246,37" oya="0" hai0="110,85,98,42,75,116,12,4,117,79,63,111,118" hai1="99,65,122,83,114,126,2,68,34,82,107,66,120" hai2="76,134,88,128,94,35,49,15,24,39,95,17,58" hai3="14,11,71,9,8,47,80,62,10,59,67,132,19"/><T40/><D75/><U119/><E66/><V41/><F128/><W84/><G132/><T77/><D98/><U74/><E83/><V7/><F134/><W27/><G27/><T123/><D85/><U104/><E119/><V86/><F39/><W0/><G0/><T30/><D30/><U106/><E99/><V56/><F76/><N who="0" m="29258" /><D63/><N who="1" m="39999" /><E82/><V21/><F94/><W96/><G96/><T33/><D33/><U60/><E60/><V23/><F35/><W108/><G108/><N who="0" m="41515" /><D123/><N who="1" m="47147" /><E74/><V105/><F105/><W97/><G97/><T87/><D87/><U73/><E73/><V16/><F7/><W91/><REACH who="3" step="1"/><G47/><AGARI ba="2,0" hai="15,16,17,21,23,24,41,47,49,56,58,86,88,95" machi="47" ten="40,5200,0" yaku="8,1,54,2" doraHai="64" who="2" fromWho="3" sc="428,0,289,0,246,58,37,-58" owari="428,53.0,289,-11.0,304,10.0,-21,-52.0" /></mjloggm>