<mjloggm ver="2.3"><GO type="41" lobby="0"/><UN n0="%E3%81%BF%E3%81%91%E3%81%AD%E3%81%93%E3%80%82" n1="%28%E3%80%8C%E3%83%BB%CF%89%E3%83%BB%29%E3%80%8C" n2="%E4%BB%99%E5%8F%B0%E7%AC%AC%E4%BA%8C" n3="%E5%B0%B1%E6%B4%BB%E7%94%9F%40%E5%B7%9D%E6%9D%91%E8%BB%8D%E5%9B%A3" dan="15,13,15,17" rate="2044.28,1877.19,1996.15,2197.70" sx="F,F,M,M"/><TAIKYOKU oya="0"/><INIT seed="0,0,0,2,4,53" ten="250,250,250,250" oya="0" hai0="128,67,39,84,115,65,99,68,15,98,11,72,50" hai1="69,95,85,27,25,131,82,1,75,2,121,45,60" hai2="110,13,16,76,89,113,101,94,12,34,31,74,126" hai3="18,77,10,71,0,103,83,117,61,63,78,81,46"/><T91/><D115/><U122/><E131/><V30/><F113/><W9/><G117/><T109/><D39/><U106/><E106/><V36/><F36/><W107/><G107/><T37/><D37/><U58/><E69/><V100/><F110/><W62/><G103/><T3/><D3/><U17/><E75/><V80/><F126/><W6/><G71/><T41/><D72/><U22/><E45/><V123/><F123/><W64/><G46/><N who="0" m="25935" /><D68/><U129/><E129/><V32/><F12/><W102/><G102/><T19/><D109/><U104/><E104/><V132/><F132/><W28/><G28/><T93/><D128/><U59/><E95/><V51/><F31/><W40/><G40/><T114/><D114/><U43/><E43/><V88/><F89/><W73/><G10/><T92/><D99/><U35/><E122/><V112/><F112/><W49/><G18/><T134/><D134/><U119/><E121/><V56/><F30/><W26/><G26/><T130/><D130/><U79/><E119/><V133/><F133/><W44/><G64/><T52/><D52/><U38/><E38/><V57/><F34/><W87/><G49/><T48/><D48/><U23/><E35/><V111/><F32/><W54/><G44/><T125/><D125/><U29/><REACH who="1" step="1"/><E60/><REACH who="1" ten="250,240,250,250" step="2"/><V8/><F111/><W7/><G63/><T33/><D33/><U14/><E14/><V70/><F70/><W105/><G105/><T90/><AGARI ba="0,1" hai="11,15,19,65,67,84,90,91,92,93,98" m="25935" machi="90" ten="30,1500,0" yaku="8,1" doraHai="53" who="0" fromWho="0" sc="250,25,240,-5,250,-5,250,-5" /><INIT seed="0,1,0,5,1,116" ten="275,235,245,245" oya="0" hai0="45,47,67,130,29,1,122,49,27,10,5,21,128" hai1="70,109,92,3,4,66,129,118,101,96,8,32,83" hai2="55,46,23,103,7,53,24,14,50,117,33,26,124" hai3="35,16,89,91,18,88,44,38,6,36,120,121,71"/><T17/><D67/><U134/><E118/><V20/><F117/><W69/><G35/><T57/><D57/><U72/><E109/><V54/><F33/><W104/><G6/><T41/><D47/><U94/><E32/><V119/><F119/><W31/><G31/><T100/><D100/><U64/><E129/><N who="0" m="49769" /><D29/><U43/><E134/><V58/><F103/><W80/><G80/><T115/><D115/><U114/><E114/><V12/><F124/><W56/><G56/><T42/><D41/><U52/><E43/><V84/><F84/><W110/><G110/><T2/><D2/><U59/><E70/><N who="3" m="26634" /><G44/><T37/><D122/><N who="3" m="47209" /><G104/><T105/><D105/><U61/><REACH who="1" step="1"/><E94/><REACH who="1" ten="275,225,245,245" step="2"/><V111/><F111/><W75/><G75/><T108/><D108/><U86/><E86/><V74/><F74/><W13/><G18/><T77/><D77/><AGARI ba="1,1" hai="3,4,8,52,59,61,64,66,72,77,83,92,96,101" machi="77" ten="40,5200,0" yaku="1,1,54,1,53,1" doraHai="116" doraHaiUra="79" who="1" fromWho="0" sc="275,-55,225,65,245,0,245,0" /><INIT seed="1,0,0,2,0,19" ten="220,290,245,245" oya="1" hai0="63,124,8,18,96,69,74,135,120,50,6,87,3" hai1="73,58,10,37,61,132,55,88,42,7,1,41,24" hai2="43,70,16,28,27,100,99,60,130,79,9,115,33" hai3="26,52,95,134,4,13,46,49,85,94,114,35,53"/><U119/><E119/><V64/><F130/><W98/><G114/><T75/><D135/><U125/><E132/><V56/><F115/><W68/><G134/><T62/><D124/><U104/><E125/><V80/><F43/><W123/><G123/><T20/><D120/><U86/><E73/><V54/><F9/><W102/><G68/><T103/><D62/><U25/><E104/><V15/><F15/><W101/><G35/><T36/><D36/><U81/><REACH who="1" step="1"/><E42/><REACH who="1" ten="220,280,245,245" step="2"/><V121/><F121/><W59/><G85/><T17/><D87/><U65/><E65/><V117/><F117/><W122/><G122/><T97/><D75/><U92/><E92/><V39/><F64/><W31/><G95/><T111/><D74/><U30/><E30/><V131/><F28/><W34/><G94/><T48/><D97/><U133/><E133/><V89/><F131/><W82/><G82/><T126/><D126/><U90/><E90/><V5/><F89/><W29/><G29/><T14/><D96/><U83/><E83/><V106/><F80/><W32/><G98/><T128/><D128/><U57/><E57/><V78/><F99/><W71/><G101/><T47/><D103/><U110/><E110/><V105/><F100/><W0/><G102/><T118/><D111/><U12/><E12/><V107/><F106/><W23/><G71/><T112/><D118/><U129/><E129/><V40/><F107/><W72/><G72/><T67/><D112/><U116/><E116/><V91/><F70/><W77/><G13/><N who="0" m="9295" /><D47/><AGARI ba="0,1" hai="1,7,10,24,25,37,41,47,55,58,61,81,86,88" machi="47" ten="40,3900,0" yaku="1,1,54,1,53,0" doraHai="19" doraHaiUra="109" who="1" fromWho="0" sc="220,-39,280,49,245,0,245,0" /><INIT seed="1,1,0,4,2,28" ten="181,329,245,245" oya="1" hai0="84,8,54,65,75,122,49,120,95,85,82,130,50" hai1="108,132,133,10,89,7,5,127,29,83,14,135,88" hai2="121,48,46,115,124,91,60,9,26,52,24,77,101" hai3="63,131,118,56,25,34,114,125,11,55,30,117,16"/><U59/><E127/><V37/><F121/><N who="0" m="46698" /><D75/><U21/><E108/><V35/><F115/><W97/><G114/><T128/><D65/><U51/><E7/><V61/><F124/><W80/><G125/><T106/><D106/><U104/><E104/><V81/><F101/><W4/><G131/><N who="0" m="50219" /><D8/><U22/><E83/><V102/><F102/><W19/><G97/><T36/><D36/><U43/><E43/><V134/><F91/><N who="1" m="34889" /><E29/><V0/><F37/><W66/><G80/><T53/><D95/><U79/><E79/><V98/><F98/><W64/><G64/><T105/><D105/><U112/><E112/><V20/><F0/><N who="3" m="391" /><G66/><T110/><D110/><U13/><E13/><V40/><F9/><W31/><G31/><T1/><D1/><U73/><E73/><V72/><F72/><W32/><G32/><T58/><D82/><U33/><E33/><V100/><F35/><W96/><G96/><T3/><D3/><U99/><E99/><V92/><F81/><W17/><G118/><T94/><D94/><U38/><E38/><V70/><F92/><W69/><G117/><T119/><D119/><U57/><E57/><AGARI ba="1,0" hai="49,50,53,54,57,58,84,85" m="50219,46698" machi="57" ten="30,2000,0" yaku="13,1,19,1" doraHai="28" who="0" fromWho="1" sc="181,23,329,-23,245,0,245,0" /><INIT seed="2,0,0,3,3,135" ten="204,306,245,245" oya="2" hai0="51,92,26,3,90,74,55,111,8,81,117,121,42" hai1="11,23,102,134,95,57,27,5,99,31,60,71,68" hai2="119,13,59,124,41,80,12,126,62,34,7,66,10" hai3="24,28,110,32,82,100,1,40,16,107,112,67,116"/><V2/><F119/><W58/><G116/><T63/><D117/><U53/><REACH who="1" step="1"/><E134/><REACH who="1" ten="204,296,245,245" step="2"/><V52/><F34/><W122/><G122/><T39/><D121/><U15/><AGARI ba="0,1" hai="5,11,15,23,27,31,53,57,60,68,71,95,99,102" machi="15" ten="20,8000,1" yaku="21,2,2,1,0,1,7,1,53,0" doraHai="135" doraHaiUra="37" who="1" fromWho="1" sc="204,-20,296,90,245,-40,245,-20" /><INIT seed="3,0,0,5,4,37" ten="184,386,205,225" oya="3" hai0="71,134,17,63,61,62,88,15,113,66,122,26,40" hai1="72,24,135,42,8,102,65,98,96,73,110,5,75" hai2="3,29,79,80,99,119,131,112,91,111,121,92,41" hai3="74,6,38,129,32,53,28,57,12,116,21,9,7"/><W10/><G116/><T118/><D118/><U126/><E110/><V70/><F119/><W93/><G129/><T103/><D122/><U13/><E135/><V48/><F112/><W34/><G74/><T128/><D128/><U76/><E126/><V85/><F111/><W47/><G93/><T44/><D134/><U4/><E76/><V1/><F131/><W51/><G21/><T16/><D103/><U55/><E65/><V19/><F70/><W109/><G28/><T46/><D113/><U114/><E114/><V14/><F29/><W23/><G23/><N who="0" m="13671" /><D71/><U30/><E5/><V36/><F36/><W52/><G109/><T45/><D66/><U35/><E55/><V104/><F121/><W49/><REACH who="3" step="1"/><G38/><REACH who="3" ten="184,386,205,215" step="2"/><T90/><D40/><U50/><E75/><V0/><F104/><W87/><G87/><T64/><D64/><U130/><E42/><V105/><F105/><W89/><G89/><T68/><D68/><U108/><E73/><V83/><F83/><W18/><G18/><T101/><D101/><U59/><E72/><V127/><F127/><W27/><G27/><T120/><D120/><U133/><E102/><V11/><F41/><W69/><G69/><T33/><D33/><U124/><E35/><V25/><F25/><W43/><G43/><T22/><AGARI ba="0,1" hai="15,17,22,44,45,46,61,62,63,88,90" m="13671" machi="22" ten="30,4000,0" yaku="8,1,54,2" doraHai="37" who="0" fromWho="0" sc="184,50,386,-10,205,-10,215,-20" /><INIT seed="4,0,0,1,4,130" ten="234,376,195,195" oya="0" hai0="87,59,125,48,62,81,78,94,79,47,101,12,68" hai1="44,26,18,25,1,133,84,2,38,11,53,24,66" hai2="120,132,105,23,115,9,82,117,134,114,64,113,36" hai3="92,112,102,88,45,0,40,77,6,99,80,41,126"/><T95/><D125/><U91/><E133/><N who="2" m="51307" /><F120/><W27/><G126/><T123/><D123/><U54/><E66/><V98/><F117/><W108/><G108/><T31/><D68/><U14/><E54/><V122/><F122/><W55/><G112/><T127/><D127/><U71/><E71/><V51/><F36/><W8/><G27/><T110/><D110/><U46/><E46/><V22/><F64/><W131/><G131/><T39/><D39/><U67/><E67/><V49/><F9/><W4/><G4/><T16/><D79/><U90/><E90/><V5/><F5/><W109/><G109/><T73/><D31/><U116/><E116/><V128/><F128/><W96/><G55/><N who="0" m="34175" /><D73/><U60/><E60/><V69/><F69/><W33/><G33/><T35/><D101/><U135/><E135/><V124/><F124/><W43/><G99/><T37/><D35/><U3/><E3/><V58/><F82/><W30/><G30/><T111/><D37/><U61/><E61/><V74/><F74/><W106/><G106/><T28/><D111/><U85/><E53/><N who="2" m="32047" /><F51/><W107/><G107/><T50/><D50/><U32/><E1/><V118/><F118/><W70/><G70/><T75/><D75/><U89/><E2/><V29/><F29/><W15/><G0/><T72/><D72/><U52/><E38/><V86/><F86/><N who="3" m="48399" /><G102/><AGARI ba="0,0" hai="22,23,98,102,105,113,114,115" m="32047,51307" machi="102" ten="40,8000,1" yaku="15,1,20,1,52,3" doraHai="130" who="2" fromWho="3" sc="234,0,376,0,195,80,195,-80" /><INIT seed="5,0,0,0,1,122" ten="234,376,275,115" oya="1" hai0="9,95,99,87,130,126,70,119,41,77,84,96,39" hai1="78,80,106,27,85,53,19,92,5,72,121,124,88" hai2="83,111,37,21,62,43,51,86,20,46,82,50,65" hai3="12,54,68,74,11,101,47,105,3,75,38,114,135"/><U25/><E121/><V32/><F32/><W52/><G68/><T10/><D70/><U17/><E124/><V24/><F111/><W15/><G3/><T133/><D39/><U35/><E5/><V69/><F20/><W22/><G114/><T128/><D41/><U8/><E106/><V55/><F86/><N who="0" m="32810" /><D95/><U49/><E8/><N who="0" m="3177" /><D77/><U118/><E118/><V66/><F66/><W42/><G135/><T108/><D108/><U2/><E2/><V76/><F76/><W100/><G22/><T56/><D56/><U81/><E81/><V58/><REACH who="2" step="1"/><F51/><REACH who="2" ten="234,376,265,115" step="2"/><W103/><G105/><T13/><D119/><U14/><E35/><V60/><F60/><W115/><G115/><T34/><D34/><U29/><E29/><AGARI ba="0,1" hai="21,24,29,37,43,46,50,55,58,62,65,69,82,83" machi="29" ten="30,8000,1" yaku="1,1,7,1,24,2,53,1" doraHai="122" doraHaiUra="71" who="2" fromWho="1" sc="234,0,376,-80,265,90,115,0" /><INIT seed="6,0,0,3,5,20" ten="234,296,355,115" oya="2" hai0="122,108,15,23,11,133,83,38,9,57,116,46,84" hai1="29,39,103,81,67,74,88,50,134,125,8,86,4" hai2="49,119,98,120,70,37,42,44,19,21,48,52,112" hai3="107,13,124,129,95,1,89,51,22,40,97,54,3"/><V66/><F120/><W45/><G129/><T100/><D122/><U80/><E39/><V118/><F112/><W5/><G124/><T12/><D108/><U117/><E125/><V130/><F130/><W34/><G34/><T60/><D100/><U106/><E117/><V28/><F28/><W110/><G110/><T109/><D109/><U41/><E134/><V128/><F128/><W58/><G107/><T111/><D111/><U123/><E123/><V31/><F31/><W131/><G131/><T43/><D133/><U85/><E74/><V24/><F49/><W17/><REACH who="3" step="1"/><G5/><REACH who="3" ten="234,296,355,105" step="2"/><T77/><D116/><U75/><E106/><V35/><F35/><W91/><G91/><T6/><D6/><U132/><E88/><V47/><F119/><W99/><G99/><T61/><D77/><U36/><E4/><V78/><F118/><W30/><G30/><T104/><D104/><U90/><E29/><V87/><F98/><W105/><G105/><T14/><D11/><U79/><E90/><V135/><F135/><W53/><G53/><T76/><D9/><U96/><E8/><V2/><F52/><W62/><AGARI ba="0,1" hai="1,3,13,17,22,40,45,51,54,58,62,89,95,97" machi="62" ten="20,2700,0" yaku="1,1,0,1,7,1,53,0" doraHai="20" doraHaiUra="115" who="3" fromWho="3" sc="234,-7,296,-7,355,-13,105,37" /><INIT seed="7,0,0,4,4,93" ten="227,289,342,142" oya="3" hai0="83,0,58,70,117,23,66,35,51,31,22,77,46" hai1="56,101,71,118,15,74,109,6,20,115,88,2,57" hai2="108,42,123,72,103,107,16,10,17,11,29,105,40" hai3="8,24,98,26,85,12,81,131,82,19,33,67,100"/><W5/><G131/><T1/><D117/><U126/><E109/><V133/><F108/><W124/><G124/><T78/><D35/><U135/><E118/><V89/><F72/><W73/><G67/><T104/><D77/><U96/><E126/><V25/><F89/><W119/><G119/><T112/><D112/><U61/><E115/><V94/><F123/><W75/><G81/><T55/><D70/><U87/><E135/><V122/><F122/><W4/><G33/><T34/><D34/><U97/><E74/><V59/><F59/><N who="1" m="22601" /><E71/><V50/><F107/><W134/><G134/><T45/><D45/><U62/><E2/><V43/><F105/><W52/><G52/><T84/><D23/><U91/><E101/><V48/><F29/><W65/><G65/><T79/><D79/><U92/><E91/><V76/><F76/><W113/><G113/><T111/><D104/><U99/><E20/><V27/><F133/><W37/><G37/><T114/><D114/><U128/><E128/><V69/><F69/><W106/><G24/><N who="0" m="16791" /><D111/><U120/><E120/><V41/><F41/><W80/><G80/><T132/><D132/><U21/><E21/><V63/><F103/><W30/><G75/><T95/><D66/><U116/><E116/><V3/><F3/><W49/><G73/><T38/><D1/><U60/><E60/><V64/><F63/><W125/><G125/><T14/><D0/><U121/><E121/><V44/><F64/><W28/><G49/><T53/><D38/><U9/><AGARI ba="0,0" hai="6,9,15,61,62,87,88,92,96,97,99" m="22601" machi="9" ten="30,8000,1" yaku="8,1,52,3,54,1" doraHai="93" who="1" fromWho="1" sc="227,-20,289,80,342,-20,142,-40" owari="207,-19.0,369,47.0,322,12.0,102,-40.0" /></mjloggm>