<mjloggm ver="2.3"><GO type="169" lobby="0"/><UN n0="%E3%82%BC%E3%83%B3%E3%83%84%E3%83%83%E3%83%91" n1="%6B%75%6B%65%6B%65%6B%65" n2="%E8%B3%A2%E8%80%85%E3%81%AC%E3%81%93" n3="%E3%82%A6%E3%83%AB%E3%83%88%E3%83%A9%E7%AB%8B%E7%9B%B4" dan="17,17,16,17" rate="2207.46,2171.30,2086.36,2152.37" sx="M,M,F,M"/><TAIKYOKU oya="0"/><INIT seed="0,0,0,2,0,57" ten="250,250,250,250" oya="0" hai0="107,72,47,17,53,132,11,90,79,62,104,123,27" hai1="51,78,41,34,46,127,68,67,56,105,8,29,84" hai2="113,2,10,14,30,35,19,91,21,32,134,52,89" hai3="95,131,98,33,120,26,112,69,4,44,65,135,38"/><T96/><D123/><U121/><E105/><V109/><F113/><W36/><G112/><T128/><D132/><U61/><E121/><V122/><F122/><W66/><G120/><T9/><D128/><U116/><E116/><V24/><F134/><W64/><G131/><T45/><D72/><U77/><E127/><V88/><F109/><W54/><G135/><T39/><D79/><U3/><E84/><V81/><F81/><W85/><G85/><T117/><D117/><U94/><E94/><V5/><F35/><W70/><G4/><T74/><D74/><U101/><E101/><V82/><F82/><W86/><G86/><T15/><D104/><U125/><E125/><V40/><F40/><W76/><G76/><T12/><D27/><N who="1" m="18751" /><E8/><V73/><F73/><W22/><G33/><T48/><D39/><N who="1" m="21823" /><E3/><V42/><F42/><W25/><G25/><T16/><D47/><U20/><E20/><V7/><F7/><W119/><G119/><T114/><D114/><U83/><E83/><V126/><F126/><W59/><G44/><T6/><D6/><U13/><E13/><V31/><F31/><W92/><G38/><T102/><D90/><U71/><E71/><V0/><F0/><W37/><G37/><T18/><D18/><U115/><E115/><V97/><F97/><W28/><G36/><T99/><D99/><U43/><E43/><V111/><F111/><W63/><REACH who="3" step="1"/><G95/><REACH who="3" ten="250,250,250,240" step="2"/><T108/><REACH who="0" step="1"/><D108/><REACH who="0" ten="240,250,250,240" step="2"/><U110/><E110/><V1/><F1/><W23/><G23/><T130/><D130/><U80/><E78/><V87/><F87/><W103/><AGARI ba="0,2" hai="22,26,28,54,59,63,64,65,66,69,70,92,98,103" machi="103" ten="30,8000,1" yaku="1,1,5,1,0,1,52,1,53,1" doraHai="57" doraHaiUra="93" who="3" fromWho="3" sc="240,-40,250,-20,250,-20,240,100" /><INIT seed="1,0,0,1,3,120" ten="200,230,230,340" oya="1" hai0="55,83,95,0,64,76,27,69,59,98,58,56,73" hai1="128,18,32,7,84,66,48,25,108,3,87,117,97" hai2="44,134,92,16,118,15,29,79,11,129,53,82,124" hai3="26,24,113,9,68,89,102,67,35,6,37,132,30"/><U114/><E117/><V41/><F118/><W111/><G89/><T135/><D0/><U91/><E114/><V85/><F129/><W109/><G113/><T51/><D135/><U77/><E128/><V13/><F134/><W4/><G132/><T46/><D27/><U57/><E3/><V99/><F124/><W12/><G37/><T112/><D112/><U39/><E7/><V78/><F29/><W62/><G6/><T125/><D125/><U90/><E39/><V43/><F79/><W133/><G133/><T119/><D119/><U8/><E77/><V80/><F80/><W130/><G130/><T23/><D23/><U101/><E8/><V33/><F33/><W121/><G121/><T10/><D10/><U81/><E66/><V42/><F15/><W103/><REACH who="3" step="1"/><G24/><REACH who="3" ten="200,230,230,330" step="2"/><T60/><REACH who="0" step="1"/><D69/><REACH who="0" ten="190,230,230,330" step="2"/><U106/><E25/><V74/><F13/><W71/><G71/><T86/><D86/><U100/><E84/><V22/><F85/><W65/><G65/><T49/><D49/><U2/><E48/><V54/><F74/><W28/><G28/><T110/><D110/><AGARI ba="0,2" hai="4,9,12,26,30,35,62,67,68,102,103,109,110,111" machi="110" ten="40,8000,1" yaku="1,1,14,1,52,3,53,0" doraHai="120" doraHaiUra="14" who="3" fromWho="0" sc="190,-80,230,0,230,0,330,100" /><INIT seed="2,0,0,0,3,18" ten="110,230,230,430" oya="2" hai0="9,101,111,100,39,73,106,60,99,36,70,33,4" hai1="49,116,79,14,127,53,110,19,112,0,8,82,43" hai2="120,91,102,132,10,65,38,121,126,133,31,37,25" hai3="42,45,69,97,88,92,86,93,51,26,27,20,28"/><V134/><F102/><W35/><G69/><T30/><D111/><U29/><E112/><V11/><F65/><W55/><G42/><T123/><D100/><U108/><E116/><V113/><F91/><W75/><G75/><T68/><D123/><N who="2" m="47178" /><F113/><W135/><G135/><T6/><D6/><N who="1" m="1095" /><E127/><V95/><F95/><W54/><G54/><T22/><D22/><N who="1" m="11639" /><E43/><V61/><F61/><W12/><G12/><T52/><D73/><U118/><E118/><V15/><F126/><W80/><G97/><T1/><D52/><U90/><E90/><V44/><F44/><W58/><G45/><T122/><D122/><U41/><E41/><V63/><F63/><W77/><G77/><T16/><D16/><AGARI ba="0,0" hai="16,20,26,27,28,35,51,55,58,80,86,88,92,93" machi="16" ten="30,7700,0" yaku="7,1,52,1,54,2" doraHai="18" who="3" fromWho="0" sc="110,-77,230,0,230,0,430,77" /><INIT seed="3,0,0,3,0,67" ten="33,230,230,507" oya="3" hai0="108,125,92,35,34,41,65,101,1,51,135,77,100" hai1="6,94,45,9,44,102,55,21,19,81,87,112,73" hai2="38,2,60,72,11,5,22,99,46,93,12,109,59" hai3="126,86,119,91,54,117,76,131,80,42,95,66,89"/><W30/><G42/><T57/><D1/><U71/><E73/><V129/><F72/><W74/><G30/><T13/><D108/><U113/><E71/><V10/><F109/><W17/><G66/><T58/><D125/><U50/><E44/><V121/><F129/><W132/><G17/><T23/><D135/><U107/><E107/><V36/><F22/><W56/><G56/><T48/><D77/><U64/><E64/><V115/><F46/><W88/><G54/><N who="0" m="31943" /><D35/><U116/><E116/><V32/><F32/><W49/><G49/><T114/><D34/><U69/><E69/><V105/><F105/><W78/><G131/><T3/><D3/><U118/><E118/><N who="3" m="45066" /><G126/><T40/><D114/><U29/><E29/><V106/><F106/><W110/><G110/><T8/><D23/><U33/><E33/><V18/><F121/><W75/><G132/><T61/><D92/><U16/><E94/><V63/><F115/><W82/><AGARI ba="0,0" hai="74,75,76,78,80,82,86,88,89,91,95" m="45066" machi="82" ten="30,6000,0" yaku="34,2,54,1" doraHai="67" who="3" fromWho="3" sc="33,-20,230,-20,230,-20,507,60" /><INIT seed="3,1,0,5,5,6" ten="13,210,210,567" oya="3" hai0="59,113,21,134,96,0,32,1,36,62,80,18,49" hai1="12,72,123,84,61,55,129,53,114,34,57,54,11" hai2="3,93,118,112,132,38,9,25,116,98,37,23,131" hai3="44,28,94,66,58,99,35,117,7,41,78,39,4"/><W2/><G117/><T67/><D36/><U81/><E114/><V19/><F112/><W56/><G35/><T109/><D32/><U47/><E123/><V64/><F38/><W31/><G78/><T74/><D113/><U90/><E129/><V45/><F131/><W70/><G70/><T135/><D109/><U30/><E72/><V82/><F132/><N who="0" m="50730" /><D96/><U40/><E30/><V124/><F124/><W92/><G92/><T22/><D49/><N who="1" m="26855" /><E34/><V101/><F64/><W102/><G4/><AGARI ba="1,0" hai="4,11,12,53,54,55,57,61,81,84,90" m="26855" machi="4" ten="30,2000,0" yaku="8,1,52,1" doraHai="6" who="1" fromWho="3" sc="13,0,210,23,210,0,567,-23" /><INIT seed="4,0,0,2,5,58" ten="13,233,210,544" oya="0" hai0="70,51,52,116,104,127,120,10,3,55,110,28,94" hai1="122,44,21,101,98,129,93,23,126,54,22,38,43" hai2="130,117,31,45,6,1,128,66,134,118,87,135,26" hai3="39,78,41,105,25,123,72,90,86,2,109,35,49"/><T97/><D120/><U63/><E122/><V113/><F87/><W67/><G2/><T107/><D116/><N who="2" m="44650" /><F66/><W17/><G86/><T132/><D70/><U99/><E129/><N who="2" m="49771" /><F45/><W24/><G67/><T30/><D132/><U5/><E126/><V79/><F79/><W125/><G125/><T33/><D127/><U9/><E99/><V114/><F6/><W4/><G4/><T64/><D64/><U88/><E54/><V119/><F1/><W106/><G78/><T7/><D110/><U108/><E108/><V37/><F37/><W8/><G39/><T100/><D55/><U27/><E63/><V92/><F92/><W16/><G72/><T95/><D95/><U53/><E53/><V60/><F60/><W40/><G106/><T59/><REACH who="0" step="1"/><D33/><REACH who="0" ten="3,233,210,544" step="2"/><U14/><REACH who="1" step="1"/><E101/><REACH who="1" ten="3,223,210,544" step="2"/><V124/><F124/><W77/><G123/><T47/><D47/><U83/><E83/><V65/><F119/><W0/><G109/><T76/><D76/><U96/><E96/><V50/><F65/><W13/><G77/><T133/><D133/><U131/><E131/><V82/><F82/><W89/><G35/><T57/><D57/><U85/><E85/><V115/><F135/><W73/><G105/><AGARI ba="0,2" hai="3,7,10,28,30,51,52,59,94,97,100,104,105,107" machi="105" ten="40,3900,0" yaku="1,1,54,1,53,0" doraHai="58" doraHaiUra="84" who="0" fromWho="3" sc="3,59,223,0,210,0,544,-39" /><INIT seed="4,1,0,4,5,21" ten="62,223,210,505" oya="0" hai0="22,34,101,84,81,87,35,44,51,32,36,89,102" hai1="110,16,125,88,123,92,4,108,79,105,121,103,72" hai2="3,86,42,53,68,122,38,100,115,71,8,91,52" hai3="113,20,112,9,62,77,131,56,127,55,47,74,104"/><T65/><D36/><U30/><E4/><V43/><F122/><N who="1" m="46601" /><E30/><V0/><F100/><W78/><G104/><T46/><D65/><U83/><E16/><V6/><F3/><W119/><G119/><T116/><D116/><U33/><E33/><V13/><F43/><W11/><G127/><T49/><D22/><U48/><E48/><V90/><F90/><W15/><G131/><T28/><D28/><U17/><E17/><V41/><F41/><W128/><G128/><T12/><D12/><U99/><E125/><V124/><F124/><W67/><G47/><T117/><D117/><U58/><E58/><V94/><F0/><W10/><G55/><T132/><D132/><U118/><E118/><V24/><F68/><W85/><G20/><T114/><D114/><U111/><E111/><V130/><F71/><W5/><G15/><T40/><REACH who="0" step="1"/><D84/><AGARI ba="1,0" hai="72,79,83,84,88,92,99,103,105,108,110" m="46601" machi="84" ten="30,7700,0" yaku="24,1,34,2,54,1" doraHai="21" who="1" fromWho="0" sc="62,-80,223,80,210,0,505,0" owari="-18,-52.0,303,10.0,210,-19.0,505,61.0" /></mjloggm>