<mjloggm ver="2.3"><GO type="169" lobby="0"/><UN n0="%6E%65%70%65%72%6F" n1="%E3%81%84%E3%81%9F%E3%83%92%E3%83%AD" n2="%53%49%4C%41%53" n3="%E5%B0%B1%E6%B4%BB%E7%94%9F%40%E5%B7%9D%E6%9D%91%E8%BB%8D%E5%9B%A3" dan="16,17,16,18" rate="2144.77,2233.59,2104.47,2318.71" sx="M,M,F,M"/><TAIKYOKU oya="0"/><INIT seed="0,0,0,4,5,13" ten="250,250,250,250" oya="0" hai0="22,109,4,6,35,115,3,44,63,89,81,46,122" hai1="62,116,59,67,85,110,130,36,71,76,38,66,124" hai2="117,104,54,80,91,20,7,133,21,52,45,33,72" hai3="98,93,43,29,128,10,42,79,60,121,55,12,65"/><T112/><D122/><U53/><E116/><V16/><F33/><W27/><G121/><T78/><D35/><U102/><E102/><V34/><F34/><W41/><G79/><T107/><D107/><U83/><E110/><V132/><F117/><W77/><G77/><T135/><D109/><U39/><E130/><V8/><F104/><W18/><G55/><T126/><D89/><U88/><E124/><V23/><F7/><W108/><G108/><T61/><D126/><U131/><E131/><V32/><F32/><W1/><G1/><T24/><D135/><N who="2" m="51786" /><F45/><W40/><G128/><T2/><D78/><U69/><E67/><V17/><F72/><W97/><N who="3" m="10752" /><DORA hai="28" /><W47/><G47/><T31/><D31/><U56/><REACH who="1" step="1"/><E76/><REACH who="1" ten="250,240,250,250" step="2"/><V15/><F17/><W73/><G65/><T26/><REACH who="0" step="1"/><D22/><REACH who="0" ten="240,240,250,250" step="2"/><U111/><E111/><V70/><F70/><W114/><G114/><T14/><D14/><U64/><E64/><V103/><F103/><W134/><G12/><T75/><D75/><U9/><E9/><V125/><F125/><W99/><G10/><T106/><D106/><U11/><E11/><V90/><F90/><W74/><G73/><T5/><D5/><U51/><AGARI ba="0,2" hai="36,38,39,51,53,56,59,62,66,69,71,83,85,88" machi="51" ten="30,7900,0" yaku="1,1,0,1,54,1,53,1" doraHai="13,28" doraHaiUra="49,123" who="1" fromWho="1" sc="240,-39,240,99,250,-20,250,-20" /><INIT seed="1,0,0,0,0,50" ten="201,339,230,230" oya="1" hai0="41,64,121,2,18,122,94,12,15,132,109,25,30" hai1="97,24,76,69,11,7,62,85,90,35,40,43,21" hai2="67,103,93,0,91,59,126,27,75,95,6,87,29" hai3="116,19,119,89,120,51,80,111,86,37,81,49,47"/><U9/><E35/><V4/><F75/><W16/><G120/><N who="0" m="46187" /><D41/><U104/><E11/><V20/><F126/><W123/><G123/><T66/><D109/><U125/><E125/><V114/><F114/><W83/><G37/><T53/><D2/><U79/><E79/><V39/><F39/><W8/><G111/><T110/><D110/><U60/><E60/><N who="2" m="38303" /><F0/><W127/><G127/><T23/><D132/><U74/><E74/><V71/><F71/><W46/><G8/><T10/><D94/><U129/><E129/><V124/><F124/><W68/><G68/><T88/><D88/><U73/><E73/><V33/><F33/><W130/><G130/><T52/><D15/><U70/><E76/><V105/><F105/><W84/><G81/><T108/><D108/><U82/><E70/><V115/><F115/><W78/><G78/><T107/><D107/><U113/><E113/><V72/><F72/><W14/><G14/><T58/><D58/><U65/><E104/><V57/><F57/><W134/><REACH who="3" step="1"/><G89/><REACH who="3" ten="201,339,230,220" step="2"/><T101/><D101/><U44/><E90/><N who="2" m="53471" /><F103/><W22/><G22/><T1/><D1/><U17/><E21/><V28/><F28/><W48/><G48/><T26/><D26/><U117/><E24/><V102/><F102/><W55/><G55/><AGARI ba="0,1" hai="10,12,18,23,25,30,52,53,55,64,66" m="46187" machi="55" ten="30,8000,1" yaku="13,1,52,3,54,1" doraHai="50" who="0" fromWho="3" sc="201,90,339,0,230,0,220,-80" /><INIT seed="2,0,0,4,0,108" ten="291,339,230,140" oya="2" hai0="48,97,17,133,62,65,60,79,3,23,75,102,73" hai1="117,104,92,105,80,21,58,34,124,67,107,45,70" hai2="135,72,100,109,106,43,91,49,118,76,56,81,114" hai3="35,86,55,32,132,69,24,131,120,61,63,66,46"/><V27/><F118/><W44/><G120/><T14/><D3/><U134/><E34/><V39/><F135/><W88/><G131/><T51/><D133/><U54/><E117/><V128/><F128/><W64/><G132/><T40/><D62/><U74/><E134/><V57/><F109/><W103/><G103/><T85/><D85/><U42/><E124/><V59/><F39/><W9/><G9/><T87/><D87/><U50/><E92/><V22/><F91/><W12/><G12/><T110/><D110/><U38/><E21/><V77/><F77/><W82/><G55/><T93/><D79/><U13/><E13/><V123/><F123/><W83/><G82/><T94/><D94/><U10/><E10/><V29/><F114/><W31/><REACH who="3" step="1"/><G32/><REACH who="3" ten="291,339,230,130" step="2"/><T1/><D1/><U122/><E122/><V130/><F130/><W28/><G28/><T4/><D4/><U5/><E5/><V36/><F100/><W119/><G119/><T33/><D33/><U125/><E125/><V7/><F7/><W6/><G6/><T0/><D0/><U18/><E18/><V99/><F81/><W37/><G37/><T68/><REACH who="0" step="1"/><D40/><REACH who="0" ten="281,339,230,130" step="2"/><U26/><E42/><V71/><F43/><W98/><G98/><T129/><D129/><U19/><E80/><V96/><F96/><W41/><G41/><T11/><D11/><U95/><E38/><V116/><F99/><W8/><G8/><T112/><D112/><U53/><E50/><AGARI ba="0,2" hai="14,17,23,48,50,51,60,65,68,73,75,93,97,102" machi="50" ten="40,1300,0" yaku="1,1,53,0" doraHai="108" doraHaiUra="115" who="0" fromWho="1" sc="281,33,339,-13,230,0,130,0" /><INIT seed="3,0,0,4,5,13" ten="314,326,230,130" oya="3" hai0="86,72,108,56,0,24,32,65,19,112,100,133,31" hai1="121,111,33,106,62,58,124,116,128,27,34,98,66" hai2="77,99,9,6,71,94,101,46,45,15,36,47,84" hai3="88,114,78,76,52,115,12,11,59,16,44,64,41"/><W120/><G120/><T60/><D72/><U83/><E121/><V30/><F71/><W22/><G64/><T25/><D108/><U50/><E111/><V21/><F36/><W119/><G119/><T61/><D133/><U63/><E116/><V42/><F42/><W74/><G74/><T55/><D0/><U35/><E128/><V85/><F77/><N who="3" m="29803" /><G115/><T23/><D100/><U93/><E83/><V8/><F8/><W105/><G105/><T38/><D38/><U14/><E106/><V131/><F131/><W29/><G114/><T109/><D109/><U26/><E124/><V18/><REACH who="2" step="1"/><F30/><REACH who="2" ten="314,326,220,130" step="2"/><W97/><G29/><T2/><D112/><U70/><E50/><V69/><F69/><W48/><G11/><T75/><D2/><AGARI ba="0,1" hai="2,6,9,15,18,21,45,46,47,84,85,94,99,101" machi="2" ten="40,5200,0" yaku="1,1,52,1,53,1" doraHai="13" doraHaiUra="90" who="2" fromWho="0" sc="314,-52,326,0,220,62,130,0" /><INIT seed="4,0,0,1,2,48" ten="262,326,282,130" oya="0" hai0="83,49,108,36,117,70,79,89,14,95,99,80,120" hai1="123,19,45,63,122,7,1,2,65,82,16,91,98" hai2="12,52,97,56,92,59,77,64,130,6,22,31,86" hai3="32,27,25,73,112,100,103,121,50,106,76,10,84"/><T13/><D120/><U72/><E72/><V128/><F64/><W0/><G73/><T104/><D36/><U101/><E45/><V37/><F37/><W41/><G121/><T71/><D117/><U114/><E114/><V69/><F69/><W40/><G112/><T67/><D108/><U126/><E126/><V129/><F59/><W127/><G127/><T78/><D67/><U53/><E65/><V24/><F77/><W44/><G40/><T135/><D135/><U134/><E134/><V124/><F124/><W4/><G32/><T42/><D104/><U88/><E7/><V90/><F12/><N who="0" m="4714" /><D71/><U110/><E101/><V47/><F47/><W46/><G46/><N who="0" m="25815" /><D70/><U15/><E15/><V43/><F43/><W87/><G106/><T20/><D20/><U75/><E75/><V33/><F6/><W39/><G39/><T109/><D109/><U61/><E110/><V23/><REACH who="2" step="1"/><F97/><REACH who="2" ten="262,326,272,130" step="2"/><W81/><G87/><T34/><D34/><U105/><E98/><V51/><AGARI ba="0,1" hai="22,23,24,31,33,51,52,56,86,90,92,128,129,130" machi="51" ten="30,12000,2" yaku="1,1,2,1,0,1,19,1,52,1,54,1,53,1" doraHai="48" doraHaiUra="26" who="2" fromWho="2" sc="262,-60,326,-30,272,130,130,-30" /><INIT seed="5,0,0,0,3,86" ten="202,296,402,100" oya="1" hai0="57,26,91,30,123,5,111,33,66,119,27,12,68" hai1="17,84,94,128,42,22,74,43,135,109,72,69,104" hai2="65,36,73,120,133,81,29,82,52,58,124,126,103" hai3="131,60,85,134,121,80,49,70,129,95,93,2,14"/><U99/><E69/><V107/><F36/><W38/><G2/><T31/><D111/><U24/><E109/><V44/><F120/><W76/><G38/><T90/><D68/><U92/><E104/><V1/><F1/><W88/><G121/><T4/><D119/><U87/><E135/><V0/><F0/><W47/><G134/><T8/><D123/><U25/><E99/><N who="2" m="61951" /><F133/><W64/><G14/><T108/><D108/><U71/><E71/><V67/><F29/><W122/><G122/><T13/><D57/><U132/><E132/><V16/><F16/><W18/><G18/><T34/><D66/><N who="2" m="25098" /><F44/><W15/><G15/><T55/><D55/><U101/><E101/><V23/><F23/><W116/><G116/><T51/><D51/><U100/><E100/><V79/><F79/><W130/><REACH who="3" step="1"/><G76/><REACH who="3" ten="202,296,402,90" step="2"/><T113/><D113/><U83/><E17/><V117/><F117/><W40/><AGARI ba="0,1" hai="40,47,49,60,64,70,80,85,88,93,95,129,130,131" machi="40" ten="30,12000,2" yaku="1,1,2,1,0,1,19,1,52,1,54,1,53,1" doraHai="86" doraHaiUra="77" who="3" fromWho="3" sc="202,-30,296,-60,402,-30,90,130" /><INIT seed="6,0,0,1,2,18" ten="172,236,372,220" oya="2" hai0="107,102,0,55,53,82,91,66,132,29,69,64,9" hai1="48,81,27,3,84,96,90,24,126,57,95,36,47" hai2="106,61,88,115,76,117,68,135,58,10,120,73,100" hai3="118,22,38,79,103,85,134,13,20,105,80,56,59"/><V87/><F120/><W34/><G118/><T12/><D132/><U99/><E3/><V14/><F117/><W25/><G38/><T77/><D0/><U78/><E36/><V35/><F135/><W46/><G134/><T50/><D91/><U113/><E113/><V119/><F119/><W1/><G1/><T92/><D107/><U32/><E126/><V70/><F35/><W109/><G34/><T39/><D69/><U2/><E2/><V15/><F15/><W23/><G105/><T108/><D39/><U37/><E37/><V67/><F76/><W86/><G103/><T111/><D29/><U131/><E131/><V8/><F73/><W75/><G25/><T42/><D42/><U130/><E130/><V16/><F8/><W30/><G30/><T94/><D108/><U129/><E129/><V31/><F31/><W101/><G101/><T125/><D125/><U104/><E32/><V21/><F10/><W60/><G109/><T121/><D121/><U127/><E57/><N who="3" m="22090" /><G60/><T114/><D114/><U123/><E123/><V4/><F4/><W97/><G97/><N who="0" m="59687" /><D111/><U98/><E127/><V63/><F70/><W44/><G75/><N who="0" m="43327" /><D94/><U5/><E104/><V74/><F106/><W112/><G112/><T19/><D50/><U26/><E5/><V11/><F68/><W45/><G86/><T33/><D33/><U122/><E122/><V17/><F87/><W49/><G13/><T7/><D7/><U62/><E62/><V124/><F61/><W128/><G128/><T83/><D83/><U54/><AGARI ba="0,0" hai="24,26,27,47,48,54,78,81,84,90,95,96,98,99" machi="54" ten="30,2000,0" yaku="0,1,8,1" doraHai="18" who="1" fromWho="1" sc="172,-5,236,20,372,-10,220,-5" /><INIT seed="7,0,0,4,1,27" ten="167,256,362,215" oya="3" hai0="9,8,108,31,18,93,91,92,79,25,21,30,135" hai1="56,75,125,59,117,67,10,15,58,70,34,14,74" hai2="121,5,60,54,105,127,119,129,94,107,23,0,132" hai3="49,80,113,12,118,83,82,55,36,73,81,16,109"/><W33/><G118/><T106/><D106/><U100/><E34/><V123/><F119/><W96/><G36/><T38/><D38/><U13/><E117/><V26/><F132/><W84/><G33/><T32/><D108/><U130/><E10/><N who="0" m="4201" /><D79/><U24/><E100/><V76/><F5/><W101/><G109/><T78/><D78/><U111/><E111/><V51/><F0/><W40/><G73/><T99/><D32/><U6/><E6/><V77/><F127/><W29/><G113/><T102/><D135/><U103/><E103/><V37/><F37/><W98/><G40/><T41/><D41/><U115/><E115/><V53/><F129/><W2/><G2/><T50/><D50/><U90/><E90/><V116/><F116/><W7/><G7/><T97/><AGARI ba="0,0" hai="18,21,25,30,31,91,92,93,97,99,102" m="4201" machi="97" ten="30,4000,0" yaku="8,1,52,2" doraHai="27" who="0" fromWho="0" sc="167,40,256,-10,362,-10,215,-20" owari="207,-19.0,246,5.0,352,44.0,195,-30.0" /></mjloggm>