<mjloggm ver="2.3"><GO type="169" lobby="0"/><UN n0="%E3%83%88%E3%83%88%E3%83%AA%E5%85%88%E7%94%9F%31%39%E6%AD%B3" n1="%E3%83%8D%E3%82%AA%E3%81%91%E3%82%8D%E3%81%A3%E3%81%A1%E3%82%87" n2="%E6%A1%9C%E4%BA%95%E3%81%95%E3%82%93" n3="%E3%81%AF%E3%81%8C%E3%81%AD%E3%81%AE%E3%81%8A%E3%81%AE" dan="18,16,18,17" rate="2206.71,2100.60,2255.13,2221.28" sx="F,M,M,F"/><TAIKYOKU oya="0"/><INIT seed="0,0,0,0,4,2" ten="250,250,250,250" oya="0" hai0="103,99,16,122,120,28,68,27,126,30,5,123,40" hai1="98,44,104,72,12,95,45,59,74,116,1,76,77" hai2="107,51,110,87,119,112,7,65,42,86,37,3,134" hai3="70,35,10,129,83,135,71,39,92,101,52,128,80"/><T0/><D68/><U69/><E1/><V29/><F112/><W63/><G39/><T118/><D118/><U113/><E104/><V61/><F37/><W100/><G35/><T121/><D126/><U88/><E69/><V84/><F107/><W106/><G106/><T36/><D40/><U26/><E26/><V33/><F119/><W13/><G135/><T94/><D36/><U73/><E116/><V53/><F42/><W8/><G92/><T131/><D131/><U133/><E133/><V43/><F43/><W90/><G13/><T105/><D105/><U93/><E59/><V17/><F134/><W111/><G90/><T4/><N who="0" m="30720" /><DORA hai="48" /><T60/><D60/><U20/><E113/><V23/><F110/><W66/><G63/><T75/><D75/><U114/><E114/><V102/><F102/><W11/><G11/><T55/><D55/><U6/><E93/><V50/><F29/><W56/><G56/><T49/><D49/><U78/><REACH who="1" step="1"/><E20/><REACH who="1" ten="250,240,250,250" step="2"/><V24/><F33/><W85/><G111/><T64/><D0/><U57/><E57/><V67/><F3/><W25/><G25/><T58/><D58/><U62/><E62/><V47/><F61/><W132/><G132/><T22/><REACH who="0" step="1"/><D64/><REACH who="0" ten="240,240,250,250" step="2"/><U96/><E96/><V130/><F65/><W109/><G66/><T89/><D89/><U117/><E117/><V97/><F97/><W54/><G109/><T91/><D91/><U19/><E19/><V46/><F67/><W82/><G82/><T41/><D41/><U79/><N who="1" m="19456" /><DORA hai="34" /><U21/><E21/><V14/><F23/><W31/><G31/><AGARI ba="0,2" hai="4,5,16,22,27,28,30,31,94,99,103" m="30720" machi="31" ten="70,12000,1" yaku="1,1,6,1,52,2,54,1,53,0" doraHai="2,48,34" doraHaiUra="38,108,125" who="0" fromWho="3" sc="240,140,240,0,250,0,250,-120" /><INIT seed="0,1,0,2,1,83" ten="380,240,250,130" oya="0" hai0="128,0,131,45,36,110,23,58,9,79,96,22,21" hai1="70,69,98,117,4,50,53,119,56,10,106,91,112" hai2="1,28,43,37,122,113,72,31,118,77,100,11,63" hai3="35,85,75,48,109,107,80,66,105,93,6,133,62"/><T78/><D110/><U86/><E112/><V126/><F113/><W61/><G109/><T102/><D58/><U116/><E98/><V20/><F122/><W68/><G133/><T81/><D78/><U71/><E106/><V16/><F126/><W134/><G134/><T18/><D45/><U130/><E130/><N who="0" m="49705" /><D36/><U13/><REACH who="1" step="1"/><E117/><REACH who="1" ten="380,230,250,130" step="2"/><V42/><F118/><W29/><G105/><T67/><D96/><U54/><E54/><V60/><F100/><W104/><G107/><T114/><D102/><U135/><E135/><V99/><F99/><W39/><G104/><T55/><D55/><U95/><AGARI ba="1,1" hai="4,10,13,50,53,56,69,70,71,86,91,95,116,119" machi="95" ten="30,4000,0" yaku="1,1,0,1,52,1,53,0" doraHai="83" doraHaiUra="59" who="1" fromWho="1" sc="380,-21,230,53,250,-11,130,-11" /><INIT seed="1,0,0,4,4,26" ten="359,283,239,119" oya="1" hai0="22,59,41,72,51,11,95,39,46,97,55,73,126" hai1="91,0,76,99,34,119,33,2,25,65,30,79,103" hai2="64,9,63,81,84,4,1,131,122,98,80,8,37" hai3="66,71,53,38,54,15,100,44,77,133,83,86,43"/><U132/><E119/><V134/><F122/><W21/><G133/><T14/><D126/><U107/><E91/><V120/><F120/><W116/><G116/><T115/><D115/><U68/><E34/><V96/><F37/><W106/><G71/><T28/><D28/><U67/><E67/><V127/><F134/><W88/><G66/><T87/><D87/><U32/><E32/><V92/><F127/><W48/><G106/><T70/><D22/><U110/><E110/><V27/><F131/><W7/><G100/><T35/><D35/><U85/><E132/><V20/><F9/><W40/><G40/><T125/><D70/><U29/><E30/><V130/><F130/><W61/><G61/><T6/><D125/><U124/><E124/><V42/><F42/><W118/><G118/><T104/><D104/><U109/><E109/><V129/><F129/><W24/><G38/><T78/><D78/><U31/><E31/><V105/><F105/><W114/><G88/><AGARI ba="0,0" hai="6,11,14,39,41,46,51,55,59,72,73,88,95,97" machi="88" ten="30,2000,0" yaku="7,1,54,1" doraHai="26" who="0" fromWho="3" sc="359,20,283,0,239,0,119,-20" /><INIT seed="2,0,0,2,2,120" ten="379,283,239,99" oya="2" hai0="83,22,102,31,105,20,118,67,17,94,9,63,75" hai1="110,43,115,132,86,73,108,5,35,32,4,49,69" hai2="57,88,119,50,93,27,51,128,28,97,91,65,114" hai3="72,87,92,25,10,56,99,111,14,15,60,1,3"/><V52/><F114/><W89/><G72/><T79/><D105/><U40/><E69/><V127/><F119/><W7/><G111/><N who="1" m="42538" /><E73/><V0/><F0/><W11/><G25/><T45/><D31/><U109/><N who="1" m="42546" /><U106/><DORA hai="54" /><E106/><V42/><F128/><W36/><G36/><T78/><D78/><U26/><E115/><V71/><F127/><W121/><G121/><T62/><D79/><U129/><E129/><V124/><F124/><W53/><REACH who="3" step="1"/><G87/><REACH who="3" ten="379,283,239,89" step="2"/><T116/><D75/><U135/><E86/><V48/><F42/><N who="1" m="15913" /><E26/><V131/><F131/><W133/><G133/><N who="1" m="51274" /><E49/><V96/><F27/><W47/><G47/><T13/><D45/><U21/><E21/><V12/><F51/><W76/><G76/><T130/><D22/><U82/><E82/><V18/><F48/><W123/><G123/><T74/><D83/><U70/><E70/><V55/><F71/><W117/><G117/><T81/><D81/><U24/><E24/><V66/><F50/><W98/><G98/><T112/><D74/><U84/><E84/><V16/><F97/><W104/><G104/><T101/><D130/><U6/><AGARI ba="0,1" hai="4,5,6,32,35" m="51274,15913,42546" machi="6" ten="50,16000,3" yaku="28,2,14,1,20,1,52,4" doraHai="120,54" who="1" fromWho="1" sc="379,-40,283,170,239,-80,89,-40" /><INIT seed="3,0,0,4,0,101" ten="339,453,159,49" oya="3" hai0="60,59,107,46,86,6,120,98,133,70,37,35,20" hai1="72,79,65,135,8,69,113,14,23,80,130,21,123" hai2="122,3,74,75,50,28,17,115,61,47,64,2,49" hai3="131,90,77,108,51,10,12,71,30,13,78,4,42"/><W124/><G124/><T11/><D120/><U85/><E113/><V84/><F115/><W128/><G71/><T16/><D35/><U126/><E135/><V127/><F127/><W25/><G108/><T89/><D133/><U112/><E112/><V118/><F118/><W119/><G119/><T109/><D109/><U7/><E130/><N who="3" m="49706" /><G12/><T88/><D70/><U9/><E123/><V62/><F122/><W57/><G90/><T5/><D37/><U18/><E126/><V100/><F3/><W19/><G4/><T54/><D46/><U103/><E65/><V132/><F2/><W55/><G42/><T56/><D11/><U81/><E103/><V83/><F100/><W0/><G0/><T94/><D107/><U105/><E105/><V15/><F132/><W99/><G99/><T96/><D56/><U121/><E69/><V58/><F47/><W40/><G40/><T31/><D31/><U95/><E95/><V29/><F29/><W66/><G66/><T117/><D96/><U110/><E110/><V87/><F28/><W111/><G111/><T39/><D39/><U116/><E116/><V26/><F64/><W104/><G104/><T63/><D63/><U92/><E92/><V1/><F62/><W22/><AGARI ba="0,0" hai="10,13,19,22,25,30,51,55,57,77,78" m="49706" machi="22" ten="30,1500,0" yaku="19,1" doraHai="101" who="3" fromWho="3" sc="339,-5,453,-5,159,-5,49,15" /><INIT seed="3,1,0,1,1,17" ten="334,448,154,64" oya="3" hai0="70,39,75,34,107,84,27,131,52,130,104,31,49" hai1="134,99,122,0,72,116,129,43,33,21,90,42,81" hai2="15,112,102,108,59,47,53,69,94,8,83,71,89" hai3="86,98,64,41,55,20,9,65,60,19,4,120,127"/><W32/><G32/><T67/><D75/><U56/><E0/><V3/><F112/><W30/><G120/><T1/><D39/><U2/><E2/><V123/><F3/><W24/><G127/><T6/><D84/><U126/><E134/><V29/><F123/><W61/><G41/><T119/><D119/><U115/><E115/><V88/><F108/><W5/><G86/><T133/><D133/><U11/><E11/><V125/><F125/><W79/><G79/><T40/><D40/><U103/><E33/><V35/><F83/><W10/><G98/><T113/><D113/><U57/><E116/><V85/><F89/><W118/><G118/><T128/><D67/><N who="3" m="25673" /><G55/><T51/><D51/><U132/><E129/><V97/><F35/><W82/><G82/><T74/><D70/><U73/><E90/><V100/><F100/><W78/><G78/><T109/><D74/><U28/><E81/><V91/><F91/><W44/><G44/><N who="0" m="27687" /><D109/><U101/><E99/><V93/><F47/><W80/><G80/><T62/><D62/><N who="3" m="24169" /><G30/><T114/><D114/><U54/><E28/><V95/><F29/><W7/><AGARI ba="1,0" hai="4,5,7,9,10,19,20,24" m="24169,25673" machi="7" ten="30,3000,0" yaku="8,1,52,1" doraHai="17" who="3" fromWho="3" sc="334,-11,448,-11,154,-11,64,33" /><INIT seed="3,2,0,4,3,123" ten="323,437,143,97" oya="3" hai0="40,81,105,87,76,122,121,112,135,25,45,67,131" hai1="41,68,79,93,125,129,4,44,90,39,99,37,35" hai2="127,48,34,3,77,58,56,133,78,51,18,12,113" hai3="31,71,107,108,47,101,102,59,65,53,55,43,15"/><W96/><G102/><T7/><D105/><U110/><E110/><V117/><F113/><W23/><G71/><T80/><D112/><U11/><E35/><V134/><F117/><W85/><G108/><T106/><D106/><U91/><E125/><V9/><F34/><W64/><G85/><T75/><D131/><U95/><E129/><V126/><F3/><W69/><G69/><T120/><D135/><N who="2" m="51722" /><F58/><W60/><G64/><T103/><D103/><U22/><E22/><V6/><F6/><W16/><REACH who="3" step="1"/><G31/><REACH who="3" ten="323,437,143,87" step="2"/><T89/><D67/><U119/><E68/><V104/><F104/><W84/><G84/><T115/><D115/><U86/><E119/><V8/><F127/><W49/><AGARI ba="2,1" hai="15,16,23,43,47,49,53,55,59,60,65,96,101,107" machi="49" ten="20,7800,0" yaku="1,1,0,1,7,1,54,1,53,0" doraHai="123" doraHaiUra="132" who="3" fromWho="3" sc="323,-28,437,-28,143,-28,87,94" /><INIT seed="3,3,0,3,4,42" ten="295,409,115,181" oya="3" hai0="31,101,37,51,56,58,74,18,0,17,121,38,57" hai1="124,95,99,9,97,5,88,114,85,29,20,129,96" hai2="122,100,128,2,25,127,76,65,94,26,63,87,108" hai3="59,132,54,118,35,73,61,55,133,14,72,83,27"/><W134/><G118/><T50/><D121/><U8/><E114/><V64/><F2/><W13/><G55/><T43/><D0/><U46/><E124/><V104/><F127/><W112/><G112/><T28/><D101/><U47/><E129/><V109/><F128/><W23/><G35/><T7/><D43/><U80/><E29/><N who="0" m="11337" /><D7/><U77/><E20/><V75/><F122/><W111/><G111/><N who="2" m="42569" /><F75/><N who="3" m="28747" /><G83/><T82/><D82/><U6/><E5/><V113/><F113/><W48/><G61/><T24/><D24/><N who="2" m="9322" /><F63/><W1/><G1/><T102/><D102/><U106/><E106/><V105/><F76/><W117/><G117/><T71/><D71/><U78/><E77/><V10/><F10/><N who="1" m="4201" /><E6/><V98/><F105/><W130/><G130/><T49/><D74/><U67/><E67/><V69/><F69/><W34/><G34/><T4/><D4/><U103/><E103/><V107/><F104/><W116/><G116/><T115/><D115/><U33/><E33/><V39/><F39/><AGARI ba="3,0" hai="17,18,37,38,39,49,50,51,56,57,58" m="11337" machi="39" ten="40,2600,0" yaku="28,2" doraHai="42" who="0" fromWho="2" sc="295,35,409,0,115,-35,181,0" /><INIT seed="4,0,0,1,4,108" ten="330,409,80,181" oya="0" hai0="48,103,27,83,61,57,59,111,60,132,128,45,11" hai1="24,78,77,125,21,26,105,91,20,71,41,49,64" hai2="90,110,4,88,85,119,104,18,134,109,80,84,1" hai3="99,17,9,106,87,58,115,55,123,36,118,94,124"/><T121/><D121/><U86/><E105/><V102/><F134/><W53/><G118/><T12/><D111/><U131/><E125/><V14/><F119/><W126/><G36/><T43/><D132/><U15/><E15/><V10/><F102/><W127/><G123/><T96/><D128/><U19/><E71/><V5/><F104/><W37/><G37/><T97/><D27/><U32/><E64/><V28/><F28/><W63/><G106/><T70/><D70/><U69/><E32/><V35/><F35/><W7/><G17/><T29/><D29/><N who="1" m="17543" /><E69/><V72/><F72/><W62/><G87/><T66/><D83/><N who="1" m="49631" /><E131/><V74/><F74/><W92/><G99/><T116/><D103/><U98/><E98/><V67/><F67/><W22/><G22/><T46/><D46/><AGARI ba="0,0" hai="19,21,26,41,46,49,77,78" m="49631,17543" machi="46" ten="30,1000,0" yaku="8,1" doraHai="108" who="1" fromWho="0" sc="330,-10,409,10,80,0,181,0" /><INIT seed="5,0,0,5,1,131" ten="320,419,80,181" oya="1" hai0="119,28,82,100,112,117,97,63,7,2,122,102,124" hai1="27,50,69,14,87,129,3,109,90,35,98,15,19" hai2="126,83,95,42,11,5,30,67,72,78,32,116,44" hai3="26,86,1,65,120,54,36,89,85,84,41,107,118"/><U34/><E129/><V92/><F116/><W37/><G120/><T61/><D122/><U130/><E69/><V135/><F126/><W81/><G118/><T127/><D82/><U59/><E3/><V123/><F123/><W4/><G107/><T70/><D2/><U91/><E109/><V134/><F67/><W79/><G65/><T125/><D7/><U51/><E98/><V25/><F92/><W20/><G54/><T18/><D112/><U55/><E50/><V96/><F95/><W29/><G41/><T60/><D70/><U45/><E15/><V103/><F103/><N who="0" m="39466" /><D97/><U38/><E27/><V8/><F96/><W48/><G48/><T17/><D28/><U10/><E90/><V105/><F105/><W121/><G121/><T58/><D58/><U104/><E104/><V57/><F57/><W94/><REACH who="3" step="1"/><G85/><REACH who="3" ten="320,419,80,171" step="2"/><T133/><D119/><U22/><E130/><V52/><F52/><W64/><G64/><T66/><D66/><U113/><E51/><V46/><F46/><W128/><G128/><T106/><D117/><U101/><E45/><V47/><F44/><W9/><AGARI ba="0,1" hai="1,4,9,20,26,29,36,37,79,81,84,86,89,94" machi="9" ten="30,2000,0" yaku="1,1,0,1,53,0" doraHai="131" doraHaiUra="40" who="3" fromWho="3" sc="320,-5,419,-10,80,-5,171,30" /><INIT seed="6,0,0,0,0,100" ten="315,409,75,201" oya="2" hai0="132,103,128,118,27,84,87,35,23,3,76,105,82" hai1="10,5,81,52,123,131,129,125,47,83,51,68,85" hai2="78,66,58,91,119,13,92,46,37,111,93,89,8" hai3="9,99,0,11,21,32,109,55,106,77,70,56,44"/><V64/><F119/><W61/><G109/><T95/><D3/><N who="1" m="319" /><E68/><V75/><F111/><W33/><G70/><T122/><D122/><U107/><E107/><V115/><F115/><W22/><G77/><T112/><D35/><U65/><E65/><V40/><F75/><W126/><G126/><T6/><D112/><U7/><E7/><V62/><F78/><W104/><G44/><T101/><D118/><U12/><E12/><V26/><F26/><W108/><G108/><T25/><D6/><U57/><E125/><V121/><F121/><W4/><G11/><T49/><D105/><U124/><E124/><V113/><F113/><W63/><G104/><T54/><D27/><U120/><E57/><V86/><F66/><W18/><G61/><T71/><D128/><N who="1" m="49227" /><E83/><V20/><F20/><W53/><G53/><T79/><D132/><U1/><E1/><V42/><F42/><W67/><G21/><T90/><D71/><U14/><E14/><V2/><F2/><W19/><G18/><T15/><D15/><U72/><E72/><V88/><REACH who="2" step="1"/><F93/><REACH who="2" ten="315,409,65,201" step="2"/><W24/><REACH who="3" step="1"/><G67/><REACH who="3" ten="315,409,65,191" step="2"/><T48/><D23/><U98/><E123/><V39/><F39/><W17/><G17/><AGARI ba="0,2" hai="8,13,17,37,40,46,58,62,64,86,88,89,91,92" machi="17" ten="30,11600,0" yaku="1,1,7,1,54,1,53,1" doraHai="100" doraHaiUra="60" who="2" fromWho="3" sc="315,0,409,0,65,136,191,-116" /><INIT seed="6,1,0,2,1,74" ten="315,409,201,75" oya="2" hai0="54,131,61,32,22,123,121,66,132,62,33,16,113" hai1="89,98,124,76,63,21,44,13,52,104,68,130,29" hai2="102,10,92,36,7,112,95,106,58,96,127,84,128" hai3="11,115,46,40,57,2,69,73,111,99,20,67,87"/><V37/><F112/><W71/><G111/><T135/><D113/><U114/><E76/><V50/><F128/><W116/><G115/><T9/><D131/><U94/><E104/><V105/><F127/><W90/><G116/><T60/><D9/><U35/><E114/><V56/><F106/><W39/><G73/><T45/><D66/><U86/><E86/><V77/><F105/><W59/><G99/><T119/><D119/><U103/><E89/><V28/><F28/><W24/><G2/><T108/><D108/><U53/><E35/><N who="0" m="13385" /><D54/><U118/><E118/><V23/><F23/><W80/><G11/><T126/><D45/><U48/><E124/><V134/><F134/><N who="0" m="51242" /><D126/><U110/><E110/><V8/><F8/><W15/><G67/><T49/><D49/><U109/><E109/><V91/><F77/><W83/><G69/><T41/><D41/><U64/><E130/><V12/><REACH who="2" step="1"/><F50/><REACH who="2" ten="315,409,191,75" step="2"/><W19/><G20/><T133/><D133/><U65/><E29/><V25/><F25/><AGARI ba="1,1" hai="16,22,25,60,61,62,121,123" m="51242,13385" machi="25" ten="40,2600,0" yaku="20,1,54,1" doraHai="74" who="0" fromWho="2" sc="315,39,409,0,191,-29,75,0" /><INIT seed="7,0,0,3,4,64" ten="354,409,162,75" oya="3" hai0="90,121,124,40,71,61,87,1,31,83,2,7,133" hai1="60,106,49,8,62,100,32,42,29,70,55,110,79" hai2="33,59,14,109,30,51,107,37,38,85,56,73,28" hai3="67,122,96,39,131,25,43,92,34,99,20,123,78"/><W65/><G34/><T74/><D121/><U23/><E110/><V102/><F109/><W16/><G131/><T84/><D74/><U113/><E113/><V132/><F73/><W117/><G117/><T97/><D133/><U98/><E62/><V18/><F132/><W103/><G78/><T76/><D124/><U36/><E23/><V15/><F33/><W105/><G65/><T115/><D115/><U57/><E8/><V4/><F107/><W48/><G39/><T21/><D40/><U93/><E79/><V45/><F102/><W82/><G82/><T80/><D7/><U46/><E93/><V89/><F4/><W112/><G112/><T26/><D97/><U50/><E49/><V19/><F45/><W69/><G48/><T119/><D61/><U108/><E108/><V0/><F51/><W22/><G43/><T135/><D119/><U11/><E11/><V128/><F85/><W91/><REACH who="3" step="1"/><G22/><REACH who="3" ten="354,409,162,65" step="2"/><T54/><D135/><U44/><E36/><V120/><F128/><W66/><G66/><T6/><D76/><U134/><E42/><V68/><F38/><W94/><G94/><T27/><D21/><U129/><E129/><V58/><F37/><W95/><G95/><T114/><D114/><U101/><E134/><V125/><F120/><W17/><G17/><T75/><D75/><U41/><E41/><V77/><F77/><W53/><G53/><T88/><D54/><U116/><E116/><V47/><F18/><W130/><G130/><T24/><D83/><U5/><E55/><V126/><F19/><W13/><G13/><T111/><D111/><RYUUKYOKU ba="0,1" sc="354,-10,409,-10,162,-10,65,30" hai3="16,20,25,67,69,91,92,96,99,103,105,122,123" /><INIT seed="7,1,1,4,1,40" ten="344,399,152,95" oya="3" hai0="7,99,18,127,68,111,134,32,47,81,87,27,67" hai1="105,123,26,95,110,133,89,22,85,9,43,37,36" hai2="86,128,17,101,25,61,76,19,94,75,24,54,121" hai3="16,125,103,120,84,65,39,69,83,58,21,78,41"/><W53/><G120/><T23/><D111/><U92/><E110/><V10/><F75/><W90/><G125/><T113/><D127/><U48/><E105/><V64/><F128/><W5/><G103/><T14/><D134/><U52/><E133/><V42/><F121/><W93/><G69/><T20/><D32/><U129/><E129/><V108/><F108/><W114/><G114/><T3/><D113/><U51/><E9/><V57/><F42/><W124/><G124/><T33/><D33/><U115/><E115/><V132/><F132/><W1/><G65/><T34/><D34/><U116/><E116/><V98/><F54/><W70/><G70/><T30/><D68/><U131/><E48/><V49/><F49/><W15/><G1/><T11/><D99/><U59/><E131/><V29/><F10/><W72/><G5/><T88/><D67/><U12/><E12/><V91/><F76/><W102/><G102/><T71/><D71/><U55/><E55/><V45/><F45/><W73/><G41/><T130/><D130/><U104/><E104/><V31/><F24/><W80/><G39/><T107/><D107/><U13/><E13/><V38/><F38/><W46/><G46/><T118/><D47/><U122/><E37/><V56/><F56/><W8/><G8/><T28/><REACH who="0" step="1"/><D118/><REACH who="0" ten="334,399,152,95" step="2"/><U2/><E122/><V44/><F44/><W96/><REACH who="3" step="1"/><G83/><REACH who="3" ten="334,399,152,85" step="2"/><T117/><D117/><U112/><E123/><V97/><F64/><W63/><AGARI ba="1,3" hai="15,16,21,53,58,63,72,73,78,80,84,90,93,96" machi="63" ten="20,12000,1" yaku="1,1,2,1,0,1,7,1,54,1,53,0" doraHai="40" doraHaiUra="119" who="3" fromWho="3" sc="334,-41,399,-41,152,-41,85,153" /><INIT seed="7,2,0,4,3,132" ten="293,358,111,238" oya="3" hai0="117,71,67,111,10,35,11,77,45,104,49,60,133" hai1="88,70,86,79,30,4,109,16,40,17,28,55,108" hai2="100,81,58,24,129,53,23,93,87,32,54,131,97" hai3="126,112,9,43,69,91,74,25,26,115,96,130,128"/><W31/><G74/><T56/><D111/><U73/><E40/><V64/><F32/><W106/><G69/><T95/><D104/><U135/><E4/><V124/><F129/><N who="3" m="49771" /><G43/><T121/><D121/><U101/><E101/><V3/><F3/><W19/><G126/><T114/><D133/><U98/><E135/><V22/><F131/><W48/><G48/><T66/><D35/><U14/><E17/><V39/><F39/><W46/><G46/><T127/><D117/><U7/><E7/><V116/><F116/><W68/><G68/><T65/><D114/><U72/><E98/><V33/><F33/><N who="3" m="20719" /><G91/><T118/><D118/><U0/><E0/><V123/><F123/><W103/><G26/><T125/><D95/><U13/><E13/><AGARI ba="2,0" hai="9,13,19,96,103,106,112,115" m="20719,49771" machi="13" ten="30,1500,0" yaku="19,1" doraHai="132" who="3" fromWho="1" sc="293,0,358,-21,111,0,238,21" /><INIT seed="7,3,0,1,1,9" ten="293,337,111,259" oya="3" hai0="59,27,15,52,119,12,10,33,126,53,68,19,3" hai1="77,107,46,14,90,85,51,106,115,43,102,20,104" hai2="128,100,30,111,78,72,114,75,45,25,5,101,97" hai3="103,113,58,74,125,41,61,98,4,28,48,118,29"/><W16/><G118/><T55/><D119/><U124/><E115/><V31/><F25/><W110/><G113/><T116/><D116/><U34/><E34/><V8/><F114/><W7/><G74/><T133/><D68/><U18/><E77/><V0/><F78/><W94/><G125/><T79/><D3/><U56/><E56/><V80/><F0/><W38/><G38/><T67/><D126/><U2/><E2/><V6/><F8/><W134/><G134/><T49/><D133/><U42/><E124/><V95/><F95/><W129/><G129/><T22/><D79/><U1/><E1/><V65/><F128/><W50/><G110/><T96/><D33/><U54/><REACH who="1" step="1"/><E102/><REACH who="1" ten="293,327,111,259" step="2"/><V82/><F111/><W64/><G41/><T66/><D96/><U120/><E120/><V69/><F97/><W93/><G93/><AGARI ba="3,1" hai="14,18,20,42,43,46,51,54,85,90,93,104,106,107" machi="93" ten="40,5200,0" yaku="1,1,52,1,53,1" doraHai="9" doraHaiUra="17" who="1" fromWho="3" sc="293,0,327,71,111,0,259,-61" owari="293,9.0,398,50.0,111,-39.0,198,-20.0" /></mjloggm>