<mjloggm ver="2.3"><GO type="169" lobby="0"/><UN n0="%E5%B0%B1%E6%B4%BB%E7%94%9F%40%E5%B7%9D%E6%9D%91%E8%BB%8D%E5%9B%A3" n1="%67%6F%73%68%69%6B%6B%75" n2="%4C%61%73%6B%26%59%75" n3="%6D%61%74%69%6F%73%61%6E" dan="18,17,17,16" rate="2259.00,2183.20,2186.35,2088.51" sx="M,F,M,M"/><TAIKYOKU oya="0"/><INIT seed="0,0,0,2,4,71" ten="250,250,250,250" oya="0" hai0="14,5,72,66,43,94,61,35,38,127,103,82,26" hai1="46,70,102,13,62,113,18,29,23,79,48,39,6" hai2="37,77,122,68,118,116,2,1,104,25,34,89,98" hai3="17,52,112,3,110,84,90,45,57,134,22,109,131"/><T11/><D127/><U49/><E113/><V36/><F122/><W44/><G112/><T81/><D35/><U73/><E102/><N who="2" m="62551" /><F89/><W114/><G3/><N who="2" m="1033" /><F77/><W85/><G134/><T4/><D26/><U16/><E29/><N who="2" m="19759" /><F68/><W119/><G131/><T60/><D5/><U8/><E18/><V64/><F64/><W67/><G67/><T130/><D130/><U30/><E30/><V80/><F80/><N who="3" m="49415" /><G85/><T76/><D81/><U135/><E135/><V133/><F133/><W51/><G114/><T108/><D108/><N who="3" m="41577" /><G119/><AGARI ba="0,0" hai="36,37,116,118,119" m="19759,1033,62551" machi="119" ten="30,7700,0" yaku="12,1,23,1,52,2" doraHai="71" who="2" fromWho="3" sc="250,0,250,0,250,77,250,-77" /><INIT seed="1,0,0,5,0,5" ten="250,250,327,173" oya="1" hai0="111,99,16,17,95,30,56,113,110,108,118,120,101" hai1="81,134,79,93,4,88,57,0,65,76,124,115,66" hai2="45,69,60,109,74,123,6,48,133,25,112,75,127" hai3="73,103,84,20,130,36,46,44,114,67,55,90,62"/><U39/><E39/><V19/><F6/><W31/><G73/><T34/><D118/><U10/><E115/><V105/><F19/><W47/><G114/><T53/><D113/><U51/><E124/><V1/><F25/><W82/><G130/><T77/><D120/><U32/><E32/><V13/><F13/><W41/><G103/><T129/><D129/><U78/><E134/><V29/><F29/><W21/><G55/><T54/><D77/><U107/><E107/><V119/><F60/><W126/><G126/><T18/><REACH who="0" step="1"/><D56/><REACH who="0" ten="240,250,327,173" step="2"/><U98/><REACH who="1" step="1"/><E81/><REACH who="1" ten="240,240,327,173" step="2"/><V64/><F112/><W63/><G82/><T86/><D86/><U116/><E116/><V12/><F119/><W71/><G84/><T80/><D80/><U97/><E97/><V91/><F75/><W59/><G47/><T15/><D15/><U132/><E132/><V122/><F74/><W37/><G46/><T52/><D52/><AGARI ba="0,2" hai="0,4,10,51,52,57,65,66,76,78,79,88,93,98" machi="52" ten="40,12000,1" yaku="1,1,52,1,54,2,53,0" doraHai="5" doraHaiUra="27" who="1" fromWho="0" sc="240,-120,240,140,327,0,173,0" /><INIT seed="1,1,0,4,4,94" ten="120,380,327,173" oya="1" hai0="79,85,93,119,67,39,17,7,95,33,11,72,99" hai1="48,46,110,100,122,128,97,55,35,44,133,20,32" hai2="8,47,78,126,135,56,115,118,49,129,102,86,88" hai3="116,3,5,40,18,15,111,13,41,96,127,131,89"/><U114/><E114/><V54/><F118/><W74/><G116/><T70/><D119/><U12/><E122/><V52/><F115/><W98/><G74/><T105/><D39/><U107/><E128/><V120/><F120/><W34/><G34/><T76/><D33/><U45/><E133/><V10/><F126/><W104/><G104/><T109/><D109/><U24/><E110/><V80/><F129/><W23/><G131/><T132/><D132/><U123/><E123/><V50/><F135/><W4/><G111/><T9/><D72/><U25/><E25/><V77/><F102/><W87/><G3/><T130/><D130/><U112/><E112/><V62/><F62/><W68/><G68/><T37/><D37/><U103/><E103/><V66/><F66/><W81/><G127/><T26/><D105/><U61/><E61/><V36/><F36/><W65/><G65/><T64/><D70/><U43/><E12/><V27/><F27/><W69/><G69/><T121/><D121/><U22/><E22/><V84/><F77/><W113/><G113/><T6/><D85/><U16/><REACH who="1" step="1"/><E46/><REACH who="1" ten="120,370,327,173" step="2"/><V42/><REACH who="2" step="1"/><F42/><REACH who="2" ten="120,370,317,173" step="2"/><W21/><G41/><T59/><D26/><U30/><E30/><V38/><F38/><AGARI ba="1,2" hai="16,20,24,32,35,38,43,44,45,48,55,97,100,107" machi="38" ten="30,11600,0" yaku="1,1,7,1,52,1,54,1,53,0" doraHai="94" doraHaiUra="83" who="1" fromWho="2" sc="120,0,370,139,317,-119,173,0" /><INIT seed="1,2,0,2,3,88" ten="120,509,198,173" oya="1" hai0="42,132,100,17,12,95,10,98,69,50,78,122,62" hai1="30,80,60,0,35,93,23,22,39,130,115,36,112" hai2="94,99,59,102,127,40,13,52,54,92,105,56,111" hai3="9,110,11,2,126,97,86,43,46,120,55,82,41"/><U61/><E0/><V114/><F111/><W21/><G120/><T53/><D122/><U38/><E80/><V5/><F127/><W28/><G110/><T63/><D132/><U81/><E81/><V33/><F33/><W18/><G28/><T31/><D69/><U104/><E104/><V51/><F40/><N who="3" m="15435" /><G2/><T113/><D113/><U135/><E135/><V15/><F114/><W72/><G72/><T49/><D78/><U91/><E130/><V89/><F5/><W109/><G109/><T71/><D31/><U14/><E14/><V103/><F105/><W25/><G97/><T65/><REACH who="0" step="1"/><D42/><REACH who="0" ten="110,509,198,173" step="2"/><U129/><E115/><V90/><F102/><W70/><G70/><T29/><D29/><U68/><E30/><V47/><F103/><W73/><G126/><T101/><D101/><U64/><E112/><V45/><F45/><W119/><G119/><T125/><D125/><U27/><E68/><V76/><F76/><N who="3" m="46407" /><G73/><T66/><D66/><U75/><E64/><V77/><F77/><W20/><G46/><T44/><D44/><U133/><E75/><V134/><F134/><W37/><G55/><T6/><D6/><U131/><E133/><V58/><F54/><W83/><G18/><T128/><D128/><U57/><E131/><V118/><F118/><W26/><G37/><T96/><D96/><AGARI ba="2,1" hai="13,15,47,51,52,56,58,59,89,90,92,94,96,99" machi="96" ten="40,8000,1" yaku="9,1,8,1,52,2,54,1" doraHai="88" who="2" fromWho="0" sc="110,-86,509,0,198,96,173,0" /><INIT seed="2,0,0,1,0,40" ten="24,509,294,173" oya="2" hai0="108,33,34,39,4,28,94,44,126,134,30,7,36" hai1="105,128,121,47,125,74,79,13,18,10,0,67,86" hai2="92,81,11,9,27,97,58,26,17,53,72,100,109" hai3="84,91,98,130,123,14,63,38,107,55,80,112,57"/><V106/><F109/><W76/><G123/><T60/><D108/><U24/><E105/><V89/><F106/><W46/><G130/><T73/><D73/><U132/><E74/><V25/><F17/><W101/><G112/><T99/><D126/><U42/><E67/><V31/><F31/><W56/><G56/><T37/><D134/><U122/><E0/><V12/><F12/><W22/><G38/><T70/><D30/><U96/><E96/><V41/><F41/><W5/><G46/><T15/><D28/><U88/><E79/><V75/><F75/><W103/><G103/><T82/><D82/><U3/><E3/><V114/><F114/><W43/><G43/><T21/><D44/><U71/><E71/><V85/><REACH who="2" step="1"/><F72/><REACH who="2" ten="24,509,284,173" step="2"/><W19/><G5/><T90/><D7/><U61/><E13/><V49/><AGARI ba="0,1" hai="9,11,25,26,27,49,53,58,81,85,89,92,97,100" machi="49" ten="30,11700,0" yaku="1,1,2,1,0,1,8,1,53,0" doraHai="40" doraHaiUra="120" who="2" fromWho="2" sc="24,-39,509,-39,284,127,173,-39" owari="-15,-52.0,470,58.0,411,21.0,134,-27.0" /></mjloggm>