<mjloggm ver="2.3"><GO type="169" lobby="0"/><UN n0="%43%2D%E3%83%93%E3%83%83%E3%82%AF" n1="%E3%81%8A%E3%81%98%E3%81%95%E3%82%93" n2="%E3%83%88%E3%83%88%E3%83%AA%E5%85%88%E7%94%9F%31%39%E6%AD%B3" n3="%E3%81%BE%E3%81%93%E3%81%95%E3%81%A8%76%65%72%32" dan="16,16,18,17" rate="2126.77,2138.89,2239.71,2168.16" sx="M,M,F,M"/><TAIKYOKU oya="0"/><INIT seed="0,0,0,0,5,26" ten="250,250,250,250" oya="0" hai0="81,34,11,46,116,10,70,104,36,57,132,77,47" hai1="78,92,1,8,2,25,105,114,89,52,30,80,6" hai2="118,4,117,71,123,41,97,84,22,14,28,88,13" hai3="127,58,49,113,56,101,61,134,119,86,43,62,96"/><T131/><D116/><N who="2" m="44650" /><F123/><W53/><G119/><T65/><D70/><U129/><E105/><V107/><F71/><W66/><G113/><T130/><D104/><U33/><E114/><V95/><F41/><W59/><G134/><T76/><D132/><U91/><E129/><N who="0" m="49161" /><D34/><U63/><E1/><V50/><F50/><W111/><G111/><T64/><D36/><U5/><E5/><V48/><F48/><W45/><G127/><T115/><D115/><U102/><E102/><N who="2" m="62927" /><F4/><W19/><G86/><N who="0" m="48423" /><D77/><U67/><E92/><V32/><F32/><W121/><G121/><T24/><D24/><AGARI ba="0,0" hai="13,14,22,24,28,84,88,95" m="62927,44650" machi="24" ten="30,3900,0" yaku="12,1,52,1,54,1" doraHai="26" who="2" fromWho="0" sc="250,-39,250,0,250,39,250,0" /><INIT seed="1,0,0,1,4,100" ten="211,250,289,250" oya="1" hai0="17,88,127,74,126,54,119,3,6,63,11,15,8" hai1="4,132,118,7,21,48,75,107,51,14,67,45,30" hai2="81,31,79,59,41,18,89,78,42,108,96,124,111" hai3="25,40,99,38,131,122,43,46,16,39,110,112,135"/><U26/><E118/><V109/><F124/><N who="0" m="47658" /><D74/><U87/><E75/><V101/><F31/><W130/><G112/><T13/><D63/><U64/><E132/><V115/><F115/><W80/><G122/><T24/><D54/><U69/><E69/><V56/><F18/><W32/><G110/><T83/><D83/><U120/><E120/><V47/><F89/><W129/><G135/><T113/><D113/><U50/><E107/><N who="2" m="63911" /><F42/><W84/><G99/><T76/><D76/><N who="2" m="29226" /><F81/><W91/><G32/><T133/><D88/><U93/><E45/><V55/><F55/><W71/><G71/><T105/><D105/><U12/><E93/><V94/><F94/><W62/><G62/><T102/><D102/><U19/><E87/><V5/><F5/><N who="1" m="2121" /><E14/><V9/><F9/><AGARI ba="0,0" hai="9,12,19,21,26,30,48,50,51,64,67" m="2121" machi="9" ten="30,1500,0" yaku="8,1" doraHai="100" who="1" fromWho="2" sc="211,0,250,15,289,-15,250,0" /><INIT seed="1,1,0,5,4,0" ten="211,265,274,250" oya="1" hai0="119,50,33,109,23,31,107,72,71,51,46,91,111" hai1="97,15,92,6,79,60,106,29,123,116,25,61,42" hai2="65,36,125,22,56,44,48,103,4,27,32,66,133" hai3="131,49,37,105,1,10,76,2,115,80,63,59,124"/><U85/><E116/><V81/><F32/><W127/><G105/><T3/><D119/><U101/><E123/><V53/><F133/><W30/><G37/><T93/><D107/><U87/><E42/><V55/><F125/><N who="3" m="48203" /><G131/><T58/><D71/><U35/><E79/><V95/><F36/><W102/><G102/><T34/><D72/><U20/><E106/><V134/><F134/><W88/><G49/><T112/><D112/><U84/><REACH who="1" step="1"/><E35/><REACH who="1" ten="211,255,274,250" step="2"/><V54/><F81/><W18/><G76/><T120/><D120/><U122/><E122/><V130/><F130/><W57/><G115/><T13/><D34/><U64/><E64/><V83/><F83/><W100/><G80/><T19/><D33/><U99/><E99/><V67/><F95/><W110/><G110/><T86/><D109/><U129/><E129/><V11/><F66/><W21/><G1/><T128/><D128/><U38/><E38/><V132/><F132/><W14/><G2/><T121/><D121/><U17/><E17/><V28/><F67/><W77/><G77/><T70/><D3/><U135/><E135/><V12/><F65/><W9/><G30/><T90/><D111/><U52/><E52/><N who="2" m="29703" /><F103/><W118/><G100/><T82/><D82/><U68/><E68/><V114/><F114/><W24/><G118/><T104/><D104/><U113/><E113/><V108/><F108/><W126/><G126/><T98/><D19/><U47/><E47/><V40/><F40/><W5/><G18/><T45/><D46/><U94/><E94/><V75/><F75/><W16/><G16/><T7/><D93/><RYUUKYOKU ba="1,1" sc="211,-15,255,15,274,15,250,-15" hai1="6,15,20,25,29,60,61,84,85,87,92,97,101" hai2="4,11,12,22,27,28,53,54,55,56" /><INIT seed="1,2,1,0,5,108" ten="196,270,289,235" oya="1" hai0="8,89,22,56,78,96,14,131,27,134,129,24,82" hai1="46,5,75,3,115,84,102,59,1,33,83,118,81" hai2="66,109,99,113,79,122,49,48,94,100,13,36,72" hai3="42,73,40,15,87,12,20,119,17,130,77,92,85"/><U9/><E118/><V45/><F122/><W90/><G130/><N who="0" m="49675" /><D134/><U44/><E1/><V91/><F109/><W31/><G73/><N who="0" m="43343" /><D56/><U16/><E33/><V55/><F113/><W117/><G31/><T114/><D22/><U60/><E115/><V4/><F66/><W80/><REACH who="3" step="1"/><G12/><REACH who="3" ten="196,270,289,225" step="2"/><T111/><D111/><U97/><E75/><V106/><F13/><W107/><G107/><T41/><D114/><U0/><E0/><V30/><F30/><W38/><G38/><T29/><D29/><U123/><E123/><V68/><F36/><W58/><G58/><T21/><D21/><U64/><E84/><V76/><F72/><W135/><G135/><T53/><D14/><U2/><E2/><V132/><F132/><W7/><G7/><T86/><D86/><U128/><E16/><V110/><F4/><W127/><G127/><T51/><D24/><U23/><E23/><V125/><F125/><W74/><G74/><T11/><D27/><U61/><E3/><V26/><F26/><W39/><G39/><T93/><D41/><AGARI ba="2,2" hai="15,17,20,40,41,42,77,80,85,87,90,92,117,119" machi="41" ten="40,1300,0" yaku="1,1,53,0" doraHai="108" doraHaiUra="98" who="3" fromWho="0" sc="196,-19,270,0,289,0,225,39" /><INIT seed="2,0,0,2,4,55" ten="177,270,289,264" oya="2" hai0="134,17,41,1,98,30,0,68,116,133,80,52,119" hai1="85,11,135,14,132,70,63,66,6,127,93,112,86" hai2="124,101,58,76,53,113,126,125,117,36,51,91,57" hai3="120,104,10,102,84,131,90,60,121,22,56,20,128"/><V28/><F113/><W62/><G102/><T78/><D68/><U108/><E112/><V79/><F117/><N who="0" m="45130" /><D41/><U18/><E108/><V44/><F28/><W103/><G103/><T4/><D98/><U122/><E127/><V26/><F26/><W111/><G104/><T115/><D115/><U19/><E122/><V87/><F101/><W95/><G111/><T105/><D105/><U25/><E25/><V33/><F33/><W15/><G62/><T71/><D71/><U97/><E19/><V38/><F79/><W61/><G61/><T118/><N who="0" m="45138" /><T37/><DORA hai="32" /><D37/><N who="2" m="14442" /><F76/><W74/><G74/><N who="0" m="43095" /><D30/><U16/><E18/><V39/><N who="2" m="14450" /><V65/><DORA hai="59" /><F65/><W47/><G47/><T12/><D52/><U88/><REACH who="1" step="1"/><E6/><REACH who="1" ten="177,260,289,264" step="2"/><V29/><F29/><W24/><G121/><T123/><D123/><U40/><E40/><V114/><F114/><W64/><G120/><T9/><D4/><U45/><E45/><V100/><F100/><W73/><G24/><T96/><D96/><U130/><E130/><N who="3" m="49706" /><G73/><T54/><D54/><U83/><E83/><AGARI ba="0,1" hai="44,51,53,57,58,83,87,91,124,125,126" m="14450" machi="83" ten="50,9600,0" yaku="18,1,52,2" doraHai="55,32,59" who="2" fromWho="1" sc="177,0,260,-96,289,106,264,0" /><INIT seed="2,1,0,0,2,35" ten="177,164,395,264" oya="2" hai0="105,47,94,93,95,127,126,38,4,104,131,52,74" hai1="60,23,54,114,135,68,26,133,107,21,128,51,53" hai2="78,96,25,11,12,92,77,64,67,40,113,61,18" hai3="46,121,119,20,88,14,16,86,132,63,15,83,41"/><V73/><F113/><W34/><G119/><T71/><D71/><U56/><E114/><V8/><F73/><W65/><G34/><T76/><D131/><U118/><E118/><V106/><F106/><W99/><G132/><N who="1" m="50762" /><E107/><V28/><F40/><W129/><G129/><T10/><D76/><U69/><E128/><V39/><F39/><W103/><G121/><T112/><D74/><U130/><E130/><V36/><F36/><W122/><G122/><T31/><D31/><N who="1" m="17871" /><E23/><N who="2" m="15423" /><F11/><W109/><G109/><T55/><D112/><U22/><E22/><V97/><F97/><W115/><G115/><T70/><D70/><U5/><E5/><V29/><F29/><W0/><G0/><N who="0" m="263" /><D38/><U87/><E87/><V116/><F116/><W32/><G32/><T72/><D72/><U66/><E54/><N who="0" m="20521" /><D47/><AGARI ba="1,0" hai="47,51,53,56,60,66,68,69" m="17871,50762" machi="47" ten="30,1000,0" yaku="20,1" doraHai="35" who="1" fromWho="0" sc="177,-13,164,13,395,0,264,0" /><INIT seed="3,0,0,0,5,126" ten="164,177,395,264" oya="3" hai0="98,114,63,60,97,111,65,130,64,7,51,22,125" hai1="134,20,96,9,95,49,8,59,104,128,6,4,21" hai2="101,15,127,58,42,76,0,87,107,19,75,13,2" hai3="24,109,17,54,105,57,129,100,73,34,36,68,47"/><W133/><G73/><T71/><D125/><U50/><E104/><V90/><F127/><W69/><G133/><T26/><D111/><U39/><E39/><V89/><F15/><W32/><G109/><T72/><D72/><U135/><E128/><V33/><F33/><W43/><G129/><T55/><D114/><U108/><E108/><V131/><F131/><W40/><G40/><T10/><D130/><U123/><E123/><V5/><F5/><W48/><G32/><T18/><D51/><U27/><E59/><V35/><F35/><W112/><G112/><T46/><D46/><U120/><E120/><V14/><F14/><W119/><G119/><T66/><D55/><U85/><E85/><V70/><F70/><W86/><G86/><T91/><D91/><U29/><E21/><V45/><F89/><W84/><G84/><T122/><D122/><U118/><E118/><V25/><F25/><W11/><G11/><N who="1" m="4170" /><E135/><V37/><F58/><W28/><REACH who="3" step="1"/><G17/><REACH who="3" ten="164,177,395,254" step="2"/><T12/><REACH who="0" step="1"/><D64/><REACH who="0" ten="154,177,395,254" step="2"/><U30/><E134/><V115/><F75/><W117/><G117/><T99/><D99/><AGARI ba="0,2" hai="24,28,34,36,43,47,48,54,57,68,69,99,100,105" machi="99" ten="40,2000,0" yaku="1,1,53,0" doraHai="126" doraHaiUra="132" who="3" fromWho="0" sc="154,-20,177,0,395,0,254,40" /><INIT seed="3,1,0,0,4,119" ten="134,177,395,294" oya="3" hai0="22,28,94,3,122,39,106,40,12,124,50,54,16" hai1="19,80,112,97,77,20,63,125,117,66,118,88,75" hai2="71,92,134,109,5,103,86,53,60,7,52,24,31" hai3="81,42,115,55,114,18,29,95,113,74,67,23,83"/><W64/><G29/><T65/><D106/><U110/><E112/><V130/><F109/><W32/><G32/><T10/><D65/><U6/><E6/><V0/><F130/><W68/><G42/><T9/><D124/><U89/><E110/><V102/><F134/><W45/><G68/><T37/><D40/><U13/><E125/><V131/><F131/><W90/><G74/><T105/><D105/><U129/><E129/><V87/><F71/><W99/><G67/><T35/><D122/><U57/><REACH who="1" step="1"/><E97/><REACH who="1" ten="134,167,395,294" step="2"/><V2/><F7/><W72/><G113/><T43/><D3/><U30/><E30/><V96/><F5/><W120/><G99/><T127/><D127/><U69/><E69/><V133/><F0/><W51/><G115/><T111/><D111/><U101/><E101/><V34/><F2/><W1/><G1/><T73/><D28/><U84/><E84/><V78/><F103/><W62/><G114/><T49/><D73/><U116/><AGARI ba="1,1" hai="13,19,20,57,63,66,75,77,80,88,89,116,117,118" machi="116" ten="30,7900,0" yaku="1,1,0,1,12,1,54,1,53,0" doraHai="119" doraHaiUra="46" who="1" fromWho="1" sc="134,-21,167,92,395,-21,294,-40" /><INIT seed="4,0,0,3,1,58" ten="113,259,374,254" oya="0" hai0="34,93,2,120,23,37,44,128,66,112,124,30,28" hai1="113,4,110,52,94,38,40,10,119,62,116,83,3" hai2="82,41,107,70,45,106,22,125,122,50,57,98,123" hai3="8,71,74,80,46,59,32,64,97,25,105,78,63"/><T129/><D120/><U134/><E110/><V114/><F70/><W87/><G8/><T102/><D34/><U67/><E134/><V86/><F114/><W14/><G14/><T42/><D2/><U79/><E113/><V21/><F125/><W16/><G46/><T12/><D112/><U95/><E95/><V55/><F122/><W100/><G59/><T24/><D124/><U117/><E94/><V104/><F98/><W1/><G1/><T131/><D12/><U91/><E91/><V127/><F127/><W35/><G87/><T56/><D30/><U76/><E40/><V68/><F68/><W18/><G32/><T69/><D69/><U81/><E38/><V51/><REACH who="2" step="1"/><F123/><REACH who="2" ten="113,259,364,254" step="2"/><W43/><G43/><T31/><D31/><AGARI ba="0,1" hai="16,18,25,31,35,63,64,71,74,78,80,97,100,105" machi="31" ten="40,8000,1" yaku="25,2,52,1,54,1" doraHai="58" who="3" fromWho="0" sc="113,-80,259,0,364,0,254,90" /><INIT seed="5,0,0,4,0,74" ten="33,259,364,344" oya="1" hai0="113,111,66,77,112,65,45,101,120,83,16,4,98" hai1="135,110,123,124,133,24,78,7,17,122,114,88,18" hai2="102,90,73,53,59,119,87,103,43,56,6,37,31" hai3="26,118,99,51,10,21,13,41,131,91,60,75,46"/><U109/><E114/><V57/><F119/><W104/><G131/><T12/><D111/><N who="1" m="42507" /><E78/><V34/><F73/><W105/><G118/><T44/><D4/><U93/><E7/><V58/><F6/><W84/><G75/><T117/><D117/><U76/><E76/><V27/><F43/><W116/><G99/><T89/><D120/><N who="1" m="46123" /><E124/><V61/><REACH who="2" step="1"/><F37/><REACH who="2" ten="33,259,354,344" step="2"/><W55/><G116/><T50/><D112/><U94/><E24/><V125/><F125/><W96/><G41/><T38/><D113/><U85/><E94/><AGARI ba="0,1" hai="27,31,34,53,56,57,58,59,61,87,90,94,102,103" machi="94" ten="40,1300,0" yaku="1,1,53,0" doraHai="74" doraHaiUra="71" who="2" fromWho="1" sc="33,0,259,-13,354,23,344,0" /><INIT seed="6,0,0,1,1,130" ten="33,246,377,344" oya="2" hai0="29,97,73,87,113,82,1,114,69,132,96,124,12" hai1="117,18,70,56,26,126,41,88,72,3,99,43,5" hai2="39,54,24,129,51,42,93,11,115,123,89,25,67" hai3="57,7,13,131,2,83,65,109,108,34,37,64,40"/><V31/><F123/><W134/><G131/><T66/><D1/><U116/><E70/><V86/><F129/><W107/><G34/><T102/><D29/><U6/><E72/><V75/><F75/><W61/><G107/><T92/><D66/><U105/><E105/><V21/><F115/><W80/><G2/><T76/><D12/><U106/><E106/><V121/><F121/><W55/><G65/><T10/><D10/><U118/><E126/><V79/><F79/><W95/><G95/><T14/><D14/><U46/><E56/><V110/><F110/><W127/><G127/><T15/><D15/><U100/><E100/><V135/><F67/><W128/><G128/><T35/><D35/><U0/><E0/><V58/><F11/><W112/><G13/><T9/><D9/><U62/><E62/><V44/><REACH who="2" step="1"/><F25/><REACH who="2" ten="33,246,367,344" step="2"/><W120/><G120/><T91/><D69/><U74/><E74/><V49/><F49/><W125/><G64/><T85/><D124/><U45/><E118/><V101/><F101/><W133/><G112/><N who="0" m="43115" /><D132/><AGARI ba="0,1" hai="21,24,31,39,42,44,51,54,58,86,89,93,132,135" machi="132" ten="40,12000,1" yaku="1,1,52,2,53,1" doraHai="130" doraHaiUra="84" who="2" fromWho="0" sc="33,-120,246,0,367,130,344,0" owari="-87,-59.0,246,-15.0,497,60.0,344,14.0" /></mjloggm>