<mjloggm ver="2.3"><GO type="169" lobby="0"/><UN n0="%E3%82%AB%E3%83%9C%E3%83%81%E3%83%A3%E3%82%BF%E3%83%8D" n1="%7A%65%52%6F" n2="%6B%65%69%30%34%31%33" n3="%E5%B0%B1%E6%B4%BB%E7%94%9F%40%E5%B7%9D%E6%9D%91%E8%BB%8D%E5%9B%A3" dan="16,17,16,17" rate="2149.03,2246.14,2115.14,2171.53" sx="M,M,M,M"/><TAIKYOKU oya="0"/><INIT seed="0,0,0,4,4,60" ten="250,250,250,250" oya="0" hai0="16,51,34,114,49,22,26,40,91,112,53,35,9" hai1="122,56,126,48,38,132,78,79,124,59,28,11,42" hai2="30,95,97,15,135,45,107,44,98,62,14,88,100" hai3="89,41,54,55,90,20,10,99,24,6,36,57,52"/><T65/><D91/><U118/><E118/><V72/><F135/><W116/><G116/><T106/><D106/><U128/><E122/><V108/><F108/><W133/><G133/><T120/><D120/><U131/><E28/><V63/><F72/><W31/><G99/><T119/><D119/><U117/><E11/><V18/><F30/><W64/><G41/><T115/><D40/><U134/><E117/><V66/><F63/><N who="3" m="37999" /><G36/><T29/><D51/><U113/><E79/><V37/><F37/><W46/><G46/><T12/><REACH who="0" step="1"/><D65/><REACH who="0" ten="240,250,250,250" step="2"/><U87/><E134/><V47/><REACH who="2" step="1"/><F18/><REACH who="2" ten="240,250,240,250" step="2"/><W103/><G103/><T0/><D0/><U105/><E132/><V2/><F2/><W77/><G77/><T25/><D25/><U130/><E78/><V58/><AGARI ba="0,2" hai="14,15,44,45,47,58,62,66,88,95,97,98,100,107" machi="58" ten="30,7900,0" yaku="1,1,0,1,52,1,54,1,53,0" doraHai="60" doraHaiUra="110" who="2" fromWho="2" sc="240,-39,250,-20,240,99,250,-20" /><INIT seed="1,0,0,2,1,41" ten="201,230,339,230" oya="1" hai0="13,69,7,17,75,19,65,86,49,85,96,29,114" hai1="32,112,23,104,105,27,76,92,129,62,78,84,113" hai2="91,22,54,93,95,20,56,109,63,123,44,79,77" hai3="4,128,111,33,31,73,24,116,103,35,25,67,72"/><U119/><E32/><V0/><F0/><W6/><G67/><T133/><D114/><U124/><E119/><V82/><F109/><W10/><G103/><T81/><D133/><U87/><E62/><V117/><F123/><W1/><G116/><T121/><D121/><U74/><E23/><V42/><F117/><W125/><G111/><T107/><D29/><U34/><E27/><V97/><F95/><W99/><G125/><T11/><D75/><U89/><E34/><V131/><F131/><W36/><G128/><T9/><D86/><N who="1" m="32811" /><E129/><V21/><REACH who="2" step="1"/><F82/><REACH who="2" ten="201,230,329,230" step="2"/><W18/><G99/><T39/><D81/><N who="1" m="45207" /><E124/><V101/><F101/><W98/><G98/><T48/><D96/><N who="1" m="57359" /><E78/><V8/><F8/><W26/><G10/><T46/><D11/><U52/><E52/><V130/><F130/><W30/><G1/><T2/><D2/><U108/><E108/><V118/><F118/><W53/><G53/><T47/><D9/><U127/><E127/><V5/><F5/><W12/><G6/><T115/><D7/><U126/><E126/><V132/><F132/><W58/><G4/><T64/><D115/><AGARI ba="0,1" hai="104,105,112,113,115" m="57359,45207,32811" machi="115" ten="30,2900,0" yaku="34,2" doraHai="41" who="1" fromWho="0" sc="201,-29,230,39,329,0,230,0" /><INIT seed="1,1,0,3,2,80" ten="172,269,329,230" oya="1" hai0="39,48,103,21,11,38,74,73,1,51,89,94,116" hai1="115,121,92,14,135,10,132,33,3,75,127,113,125" hai2="36,117,119,84,17,97,29,101,91,13,24,98,6" hai3="56,60,40,7,64,79,18,72,123,131,4,34,53"/><U20/><E92/><V63/><F36/><W22/><G123/><T106/><D116/><U25/><E33/><V68/><F6/><W47/><G34/><T55/><D106/><U16/><E3/><V128/><F98/><W96/><G131/><T5/><D103/><U124/><E75/><V50/><F50/><W58/><G96/><T54/><D74/><U112/><REACH who="1" step="1"/><E121/><REACH who="1" ten="172,259,329,230" step="2"/><V77/><F119/><W35/><G35/><T27/><D73/><U67/><E67/><V104/><F117/><W8/><G72/><T133/><D133/><U70/><E70/><V102/><F104/><W93/><G93/><T82/><D82/><U44/><E44/><V122/><F122/><W46/><G46/><T26/><D94/><U100/><E100/><V126/><F102/><W90/><G47/><T49/><D1/><U61/><E61/><V12/><F63/><W45/><G60/><T108/><D54/><U66/><E66/><V120/><F68/><W65/><G53/><T111/><D55/><U76/><E76/><V69/><F69/><W9/><G64/><T99/><D89/><U114/><N who="1" m="28672" /><DORA hai="62" /><U78/><E78/><V37/><F91/><W105/><G65/><T32/><D32/><U42/><E42/><V86/><F101/><W107/><G90/><T71/><D71/><U57/><E57/><V83/><F77/><W118/><G45/><T23/><D108/><U87/><E87/><V30/><F86/><W110/><G79/><T15/><D111/><U31/><AGARI ba="1,1" hai="10,14,16,20,25,31,124,125,127,132,135" m="28672" machi="31" ten="70,48000,5" yaku="1,1,0,1,18,1,34,3,54,1,53,7" doraHai="80,62" doraHaiUra="134,109" who="1" fromWho="1" sc="172,-161,259,493,329,-161,230,-161" /><INIT seed="1,2,0,5,2,38" ten="11,752,168,69" oya="1" hai0="87,51,120,65,133,122,49,108,8,94,89,83,129" hai1="39,57,21,43,53,115,73,123,41,100,121,80,66" hai2="91,106,104,79,46,113,67,54,112,34,116,48,72" hai3="13,37,114,70,35,59,1,42,84,27,31,33,99"/><U3/><E3/><V77/><F34/><W130/><G70/><T82/><D108/><U68/><E115/><V19/><F67/><W22/><G114/><N who="2" m="44137" /><F91/><W102/><G1/><T78/><D133/><U62/><E100/><V126/><F19/><W63/><G130/><T11/><D129/><U69/><E21/><V36/><F36/><W10/><G84/><T131/><D131/><U93/><E93/><V20/><F20/><W75/><G75/><T109/><D65/><U23/><E23/><V107/><F126/><W97/><G97/><T95/><D87/><U101/><E101/><V92/><F92/><W28/><G28/><T56/><D56/><U98/><E98/><V55/><F116/><W15/><G15/><T5/><D5/><U26/><E26/><V85/><F85/><W119/><G119/><T18/><D78/><N who="2" m="29706" /><F72/><W128/><G128/><T7/><D7/><U12/><E73/><V127/><F127/><W105/><G13/><T30/><D30/><U16/><E80/><V64/><F64/><W118/><G10/><T2/><D2/><U40/><E39/><V86/><F86/><W117/><G117/><T14/><D14/><U135/><E135/><V52/><AGARI ba="2,0" hai="46,48,52,54,55,104,106,107" m="29706,44137" machi="52" ten="40,2700,0" yaku="11,1,54,1" doraHai="38" who="2" fromWho="2" sc="11,-9,752,-15,168,33,69,-9" /><INIT seed="2,0,0,4,1,132" ten="2,737,201,60" oya="2" hai0="107,82,45,29,12,38,64,22,114,58,133,69,2" hai1="32,80,52,71,23,7,50,54,90,122,95,125,78" hai2="110,66,19,94,112,109,85,5,59,123,39,116,67" hai3="36,43,16,77,57,34,49,9,27,26,96,48,111"/><V40/><F116/><W97/><G111/><N who="2" m="42505" /><F123/><W11/><G36/><T70/><D114/><U10/><E32/><V103/><F5/><W88/><G34/><T92/><D107/><U108/><E108/><V63/><F112/><W100/><G77/><T129/><D2/><U131/><E122/><V31/><F31/><W6/><G6/><T65/><D133/><U130/><E71/><V0/><F0/><W74/><G74/><T121/><D121/><U60/><E60/><V84/><F19/><W91/><G57/><T62/><D129/><U35/><E35/><V53/><F103/><W33/><G33/><T134/><D134/><U44/><E23/><V89/><F85/><W3/><G3/><T37/><D82/><U135/><E135/><V120/><F120/><W113/><G113/><T73/><D73/><U81/><E130/><V51/><F39/><N who="0" m="14858" /><D92/><U15/><E131/><V106/><F106/><W42/><G100/><T86/><D86/><U124/><E54/><N who="2" m="34295" /><F40/><W8/><G8/><T56/><D12/><U72/><REACH who="1" step="1"/><E80/><REACH who="1" ten="2,727,201,60" step="2"/><V55/><F55/><W104/><G9/><T101/><D22/><U14/><E14/><V115/><F115/><W93/><G11/><T61/><D29/><U13/><E13/><V25/><F25/><W127/><G27/><T28/><D28/><U4/><E4/><V75/><F53/><W87/><G26/><T79/><D79/><U117/><E117/><V105/><F66/><W119/><G119/><T1/><D1/><U128/><E128/><V46/><F67/><W18/><G43/><T83/><D83/><U118/><E118/><RYUUKYOKU ba="0,1" sc="2,-10,727,30,201,-10,60,-10" hai1="7,10,15,44,50,52,72,78,81,90,95,124,125" owari="-8,-51.0,767,87.0,191,-1.0,50,-35.0" /></mjloggm>