<mjloggm ver="2.3"><GO type="169" lobby="0"/><UN n0="%E3%82%B7%E3%83%B3%E3%83%87%E3%83%AB%E3%83%A9" n1="%E5%B0%B1%E6%B4%BB%E7%94%9F%40%E5%B7%9D%E6%9D%91%E8%BB%8D%E5%9B%A3" n2="%7A%6F%6F%31%39%36%34" n3="%E3%82%AB%E3%83%84%E3%82%AA%E6%AD%A6%E5%A3%AB" dan="16,18,16,16" rate="2096.79,2240.43,2099.63,2083.81" sx="F,M,M,M"/><TAIKYOKU oya="0"/><INIT seed="0,0,0,5,0,64" ten="250,250,250,250" oya="0" hai0="73,85,110,135,134,32,42,102,99,53,84,7,96" hai1="15,121,57,125,30,22,58,47,70,107,103,33,124" hai2="49,24,95,79,129,97,48,40,54,94,113,41,132" hai3="105,120,36,127,25,75,133,10,27,69,12,128,89"/><T0/><D73/><U104/><E121/><V72/><F113/><W81/><G120/><T78/><D110/><U56/><E33/><V34/><F132/><N who="0" m="50730" /><D32/><U11/><E47/><V98/><F129/><W126/><G105/><T1/><D42/><U92/><E70/><V111/><F111/><W93/><G36/><T3/><D7/><U88/><E22/><V35/><F24/><W115/><G115/><T123/><D123/><U17/><E30/><V4/><F79/><W86/><G133/><T131/><D131/><U117/><E103/><V59/><F59/><W61/><G128/><T2/><N who="0" m="0" /><DORA hai="45" /><T44/><D78/><U26/><E26/><V38/><F54/><W20/><G20/><T37/><D37/><U71/><E71/><V9/><F38/><W5/><G75/><T80/><D80/><U100/><E100/><V21/><F21/><W91/><G81/><T108/><D108/><U106/><REACH who="1" step="1"/><E117/><REACH who="1" ten="250,240,250,250" step="2"/><V60/><F9/><W130/><G130/><T67/><D102/><U62/><E62/><V8/><F8/><W90/><G27/><T55/><D67/><U112/><E112/><V31/><F60/><W109/><G109/><T65/><D65/><U114/><E114/><V68/><F68/><W76/><G25/><T28/><D28/><U74/><E74/><V13/><F72/><W52/><G69/><T23/><D23/><U50/><E50/><V18/><F31/><W82/><G93/><T66/><D66/><U39/><E39/><V19/><F95/><W119/><G119/><T29/><D29/><U122/><E122/><V16/><F94/><RYUUKYOKU ba="0,1" sc="250,-15,240,15,250,-15,250,15" hai1="11,15,17,56,57,58,88,92,104,106,107,124,125" hai3="5,10,12,52,61,76,82,86,89,90,91,126,127" /><INIT seed="1,1,1,0,5,52" ten="235,255,235,265" oya="1" hai0="7,84,79,101,32,22,10,126,88,128,93,61,109" hai1="43,110,122,21,72,120,5,11,73,31,2,123,116" hai2="24,20,124,25,14,28,40,16,53,35,127,115,134" hai3="1,104,41,108,15,4,103,47,13,55,70,8,71"/><U30/><E43/><V82/><F40/><W86/><G104/><T81/><D32/><U12/><E116/><V6/><F82/><W89/><G103/><T119/><D109/><U62/><E110/><V50/><F50/><W105/><G105/><T92/><D119/><U112/><E112/><V96/><F96/><W3/><G3/><T100/><D126/><N who="2" m="48170" /><F53/><W57/><G108/><T37/><D128/><U97/><E97/><V106/><F106/><W90/><G90/><T121/><D37/><U0/><E62/><V66/><F66/><W135/><G135/><T77/><D121/><U27/><E73/><V59/><F59/><W45/><G45/><T67/><D22/><U68/><E68/><V102/><F102/><N who="0" m="39530" /><D79/><U54/><E54/><V48/><F48/><W111/><G111/><T39/><D39/><U118/><E72/><V36/><F36/><W51/><G71/><T33/><D33/><U98/><E98/><V132/><F115/><W99/><G99/><T107/><D107/><U117/><E117/><V65/><F65/><W74/><G74/><T75/><D75/><U29/><REACH who="1" step="1"/><E118/><REACH who="1" ten="235,245,235,265" step="2"/><V87/><F87/><W85/><G85/><T91/><D61/><U49/><E49/><V94/><F94/><W56/><G70/><T125/><D125/><U64/><E64/><V114/><F114/><W38/><G57/><T17/><D67/><U60/><E60/><V34/><F34/><W76/><G56/><T80/><D93/><U44/><E44/><V130/><F130/><W131/><G131/><T46/><D46/><U113/><E113/><V133/><F133/><RYUUKYOKU ba="1,2" sc="235,-15,245,15,235,15,265,-15" hai1="0,2,5,11,12,21,27,29,30,31,120,122,123" hai2="6,14,16,20,24,25,28,35,132,134" /><INIT seed="1,2,2,2,3,28" ten="220,260,250,250" oya="1" hai0="104,6,93,3,18,43,102,63,70,69,108,130,2" hai1="82,107,41,60,106,71,54,1,123,4,117,35,58" hai2="75,13,36,135,122,126,79,31,37,90,124,34,96" hai3="76,12,52,92,116,48,74,26,25,129,56,113,109"/><U84/><E117/><V115/><F122/><W22/><G116/><T55/><D108/><U77/><E123/><V100/><F115/><W30/><G109/><T118/><D118/><U11/><E71/><V67/><F90/><W50/><G113/><T14/><D130/><U65/><E41/><V38/><F13/><W0/><G0/><T5/><D104/><U85/><E35/><V133/><F67/><W132/><G132/><N who="2" m="50761" /><F79/><W49/><G129/><T68/><D43/><U19/><E65/><V62/><F62/><W23/><G12/><T88/><D102/><U27/><E84/><V8/><F8/><W33/><G22/><T95/><D2/><U114/><E114/><V46/><F46/><W57/><G92/><T89/><D3/><U103/><E103/><V111/><F75/><W53/><G76/><T39/><D39/><U32/><REACH who="1" step="1"/><E19/><REACH who="1" ten="220,250,250,250" step="2"/><V110/><F110/><W29/><REACH who="3" step="1"/><G74/><REACH who="3" ten="220,250,250,240" step="2"/><T131/><D131/><U127/><E127/><V83/><F111/><W91/><G91/><T87/><D88/><U80/><E80/><V73/><F83/><W40/><G40/><T7/><D89/><U119/><E119/><V44/><F73/><W9/><G9/><T10/><D87/><U59/><E59/><AGARI ba="2,4" hai="23,25,26,29,30,33,48,49,50,52,53,56,57,59" machi="59" ten="40,8000,1" yaku="1,1,52,1,54,1,53,2" doraHai="28" doraHaiUra="51" who="3" fromWho="1" sc="220,0,250,-86,250,0,240,126" /><INIT seed="2,0,0,4,5,47" ten="220,164,250,366" oya="2" hai0="89,101,128,82,8,37,12,42,14,44,55,112,99" hai1="105,11,126,122,4,40,109,111,72,75,115,130,33" hai2="121,76,46,27,49,45,17,132,67,7,78,60,91" hai3="119,50,16,21,6,106,87,32,86,36,28,43,131"/><V20/><F132/><W95/><G106/><T54/><D112/><U124/><E115/><V70/><F121/><W71/><G71/><T38/><D128/><U3/><E40/><V69/><F69/><W107/><G131/><T57/><D37/><U66/><E66/><V114/><F114/><W52/><G107/><T100/><D14/><U29/><E130/><V110/><F110/><N who="1" m="41993" /><E105/><V10/><F45/><W79/><G6/><T58/><D58/><U15/><E122/><V97/><F91/><W26/><G119/><T94/><D82/><U13/><E75/><V5/><F97/><W83/><G95/><T84/><D99/><U92/><E92/><V129/><F129/><W35/><G87/><T25/><D25/><N who="1" m="18607" /><E72/><V2/><REACH who="2" step="1"/><F5/><REACH who="2" ten="220,164,240,366" step="2"/><W24/><G36/><T116/><D38/><U85/><E85/><V48/><F48/><W125/><G43/><AGARI ba="0,1" hai="2,7,10,17,20,27,43,46,49,60,67,70,76,78" machi="43" ten="30,11600,0" yaku="1,1,7,1,52,1,53,1" doraHai="47" doraHaiUra="62" who="2" fromWho="3" sc="220,0,164,0,240,126,366,-116" /><INIT seed="2,1,0,0,4,86" ten="220,164,366,250" oya="2" hai0="126,12,37,89,104,0,27,59,41,34,127,38,42" hai1="109,92,95,9,71,7,114,28,103,36,134,19,125" hai2="116,16,23,63,54,102,64,120,96,6,90,106,68" hai3="29,2,8,132,79,80,78,85,14,130,93,98,117"/><V62/><F120/><W75/><G117/><T111/><D0/><U51/><E36/><V32/><F32/><W73/><G29/><N who="0" m="19775" /><D104/><U108/><E114/><V60/><F116/><W105/><G2/><T77/><D77/><U35/><E71/><V20/><F6/><W112/><G112/><T72/><D72/><U45/><E125/><N who="0" m="47625" /><D111/><N who="1" m="42571" /><E134/><V21/><F54/><W5/><G132/><T69/><D69/><U11/><E103/><V3/><F3/><W119/><G119/><T10/><D59/><U48/><E19/><V47/><F47/><W91/><G130/><T26/><D26/><N who="1" m="18839" /><E48/><V66/><F16/><W43/><G43/><N who="0" m="16395" /><D89/><U107/><E107/><V4/><F68/><W99/><G105/><T33/><D33/><U88/><E7/><AGARI ba="1,0" hai="7,10,12,37,38" m="16395,47625,19775" machi="7" ten="30,1000,0" yaku="18,1" doraHai="86" who="0" fromWho="1" sc="220,13,164,-13,366,0,250,0" /><INIT seed="3,0,0,1,0,50" ten="233,151,366,250" oya="3" hai0="23,27,39,5,98,24,113,29,18,122,6,38,64" hai1="101,116,128,4,82,30,40,52,51,106,34,109,57" hai2="104,86,44,20,15,108,77,58,131,35,46,45,11" hai3="37,66,78,89,22,60,59,94,2,95,41,70,13"/><W69/><G2/><T47/><D122/><U16/><E109/><V63/><F35/><W96/><G78/><T68/><D113/><U28/><E128/><V36/><F108/><W21/><G21/><T133/><D133/><U100/><E116/><V83/><F131/><W10/><G22/><T12/><D27/><U48/><E4/><V71/><F71/><W79/><G79/><T90/><D64/><U97/><E100/><V135/><F135/><W14/><G14/><T8/><D68/><U99/><E34/><V65/><F104/><W33/><G33/><T87/><D98/><U102/><E82/><V3/><F3/><W85/><G41/><T91/><D91/><U81/><E81/><V25/><F36/><W72/><G37/><T112/><D39/><U49/><E16/><N who="2" m="8319" /><F46/><W9/><G9/><T1/><D1/><U19/><E19/><AGARI ba="0,0" hai="19,20,25,44,45,58,63,65,77,83,86" m="8319" machi="19" ten="30,2000,0" yaku="8,1,54,1" doraHai="50" who="2" fromWho="1" sc="233,0,151,-20,366,20,250,0" /><INIT seed="4,0,0,5,2,41" ten="233,131,386,250" oya="0" hai0="68,23,67,2,49,71,118,24,34,16,129,63,0" hai1="36,96,11,20,86,28,134,25,108,37,10,97,47" hai2="81,95,66,54,40,128,72,111,39,56,69,132,92" hai3="29,107,27,59,112,133,124,4,116,120,17,135,91"/><T13/><D118/><U121/><E108/><V130/><F111/><W79/><G107/><T32/><D129/><U101/><E121/><V123/><F132/><W73/><G116/><T45/><D71/><U35/><E134/><V52/><F123/><W88/><G120/><T44/><D44/><U74/><E74/><V113/><F113/><W126/><G4/><T103/><D103/><U82/><E35/><V90/><F72/><W53/><G17/><T84/><D84/><U14/><E10/><V109/><F109/><W42/><G79/><T22/><D34/><U26/><E26/><V46/><F81/><W65/><G65/><T131/><D32/><U1/><E1/><V85/><F95/><W106/><G106/><T119/><D131/><N who="2" m="50218" /><F56/><W77/><G112/><T57/><D68/><U55/><E37/><V8/><F8/><W110/><G77/><T125/><D125/><N who="3" m="48233" /><G73/><T114/><D114/><U75/><E101/><V98/><F85/><W104/><G104/><T31/><REACH who="0" step="1"/><D119/><REACH who="0" ten="223,131,386,250" step="2"/><U3/><E75/><V38/><F38/><W70/><G70/><T21/><D21/><U58/><E36/><V60/><AGARI ba="0,1" hai="39,40,46,52,54,60,66,69,90,92,98" m="50218" machi="60" ten="30,4000,0" yaku="19,1,52,1,54,1" doraHai="41" who="2" fromWho="2" sc="223,-20,131,-10,386,50,250,-10" /><INIT seed="5,0,0,2,0,44" ten="203,121,436,240" oya="1" hai0="63,99,94,112,91,68,42,111,27,134,8,48,21" hai1="123,41,89,22,18,58,120,69,132,60,49,88,108" hai2="79,59,26,50,121,131,73,117,70,98,14,53,74" hai3="65,76,129,72,38,97,130,52,110,0,3,87,12"/><U83/><E132/><V126/><F117/><W37/><G72/><T128/><D111/><U15/><E108/><V125/><F121/><W16/><G65/><T9/><D134/><U40/><E69/><V29/><F70/><W105/><G110/><T118/><D118/><U114/><E114/><V36/><F36/><W25/><G25/><T17/><D112/><U55/><E120/><V46/><F131/><N who="3" m="50187" /><G3/><T92/><D128/><U10/><E123/><V51/><F79/><W5/><G5/><T95/><D68/><U39/><E39/><V122/><F98/><W62/><G0/><T7/><D63/><U107/><E107/><V56/><F14/><W104/><G104/><T61/><D61/><U100/><E100/><V133/><F122/><W119/><G119/><T81/><D81/><U77/><E22/><V11/><F11/><N who="0" m="4170" /><D7/><U57/><E41/><N who="2" m="24911" /><F59/><N who="3" m="35175" /><G87/><T80/><D99/><U93/><E93/><V23/><F133/><W43/><G43/><T102/><D102/><U1/><E1/><V6/><F6/><W135/><G76/><T84/><D95/><U78/><E40/><V96/><F96/><W71/><G71/><T124/><D94/><U103/><E103/><V64/><F64/><W90/><G135/><T109/><D92/><U85/><E77/><V47/><F26/><W66/><G90/><T32/><D109/><U34/><E34/><V54/><F74/><W24/><G66/><AGARI ba="0,0" hai="10,15,18,49,55,57,58,60,66,78,83,85,88,89" machi="66" ten="30,11600,0" yaku="7,1,8,1,52,1,54,1" doraHai="44" who="1" fromWho="3" sc="203,0,121,116,436,0,240,-116" /><INIT seed="5,1,0,3,4,100" ten="203,237,436,124" oya="1" hai0="0,9,24,56,10,35,3,124,101,27,11,117,103" hai1="90,115,38,41,13,59,44,34,5,61,1,78,39" hai2="113,93,66,46,72,105,21,123,29,48,74,86,36" hai3="94,25,79,18,4,60,134,54,64,71,62,89,106"/><U14/><E38/><V118/><F105/><W87/><G79/><T77/><D117/><U111/><E34/><V85/><F36/><W52/><G4/><T76/><D56/><U68/><E115/><V15/><F118/><W132/><G60/><T6/><D6/><U97/><E111/><V50/><F123/><W108/><G108/><T16/><D35/><U32/><E32/><V109/><F66/><W69/><G69/><T92/><D92/><U98/><E68/><V26/><F74/><W120/><G120/><T70/><D70/><U135/><E135/><V95/><F72/><W30/><G18/><T96/><D96/><U22/><E78/><V58/><F113/><W125/><G125/><T12/><D10/><U53/><E90/><V73/><F73/><W7/><G7/><T51/><D51/><U49/><E39/><V127/><F127/><W2/><G2/><T104/><D124/><U83/><E83/><V84/><F15/><W65/><G65/><T28/><D12/><U102/><E102/><V55/><F109/><W67/><G67/><T116/><D116/><U8/><E1/><V57/><F57/><W23/><REACH who="3" step="1"/><G106/><REACH who="3" ten="203,237,436,114" step="2"/><T119/><D104/><U42/><E61/><V33/><F33/><W130/><G130/><T63/><D63/><U37/><E5/><V133/><F133/><AGARI ba="1,1" hai="23,25,30,52,54,62,64,71,87,89,94,132,133,134" machi="133" ten="40,8000,1" yaku="1,1,20,1,54,1,53,1" doraHai="100" doraHaiUra="81" who="3" fromWho="2" sc="203,0,237,0,436,-83,114,93" /><INIT seed="6,0,0,2,2,127" ten="203,237,353,207" oya="2" hai0="29,72,62,106,94,114,8,3,70,78,103,133,40" hai1="55,116,117,38,41,109,19,34,10,83,105,35,0" hai2="130,27,84,26,74,65,111,49,58,77,59,42,14" hai3="54,89,37,11,110,80,46,82,20,5,61,51,16"/><V1/><F1/><W126/><G110/><T96/><D94/><U31/><E55/><V100/><F74/><W95/><G61/><T92/><D92/><U36/><E109/><V104/><F111/><W99/><G37/><T7/><D40/><U50/><E50/><V132/><F132/><W2/><REACH who="3" step="1"/><G126/><REACH who="3" ten="203,237,353,197" step="2"/><T123/><D62/><U88/><E38/><V43/><F65/><W67/><G67/><T45/><D133/><U91/><E36/><V75/><F49/><W86/><G86/><T12/><D72/><U57/><E116/><V97/><F84/><W33/><G33/><T21/><D123/><U85/><E35/><V53/><F75/><W17/><G17/><T63/><D63/><U25/><E19/><V107/><F97/><W23/><G23/><T56/><D21/><U66/><E34/><V98/><F98/><W44/><G44/><T69/><D45/><U122/><E85/><V128/><F59/><W15/><AGARI ba="0,1" hai="2,5,11,15,16,20,46,51,54,80,82,89,95,99" machi="15" ten="20,5200,0" yaku="1,1,0,1,7,1,54,1,53,0" doraHai="127" doraHaiUra="101" who="3" fromWho="3" sc="203,-13,237,-13,353,-26,197,62" /><INIT seed="7,0,0,1,0,85" ten="190,224,327,259" oya="3" hai0="4,97,77,132,0,13,108,66,133,109,70,79,37" hai1="122,34,45,130,94,86,82,36,20,123,44,9,67" hai2="27,68,56,55,128,60,17,51,2,118,115,33,62" hai3="3,35,58,134,28,26,47,103,89,135,98,88,125"/><W54/><G3/><T10/><D37/><U65/><E34/><V38/><F118/><W81/><G47/><N who="1" m="17994" /><E36/><V61/><F38/><W99/><G81/><T120/><D120/><U78/><E130/><V46/><F2/><W18/><G18/><T21/><D70/><U101/><E122/><V69/><F128/><W32/><G32/><T6/><D66/><U126/><E126/><V75/><F75/><W52/><G54/><T57/><D57/><U29/><E9/><V11/><F115/><W22/><G35/><T90/><D0/><U71/><E71/><V14/><F69/><W84/><G84/><T105/><D105/><U131/><E131/><V121/><F68/><W96/><G103/><T112/><D112/><U73/><E73/><V106/><F106/><W91/><REACH who="3" step="1"/><G125/><REACH who="3" ten="190,224,327,249" step="2"/><T12/><D97/><N who="1" m="59575" /><E123/><V5/><F121/><W127/><G127/><T64/><D64/><U50/><E67/><N who="2" m="39303" /><F33/><W42/><G42/><T49/><D21/><AGARI ba="0,1" hai="5,11,14,17,21,27,46,51,55,61,62" m="39303" machi="21" ten="30,1000,0" yaku="8,1" doraHai="85" who="2" fromWho="0" sc="190,-10,224,0,327,20,249,0" owari="180,-32.0,224,-18.0,347,45.0,249,5.0" /></mjloggm>