<mjloggm ver="2.3"><GO type="169" lobby="0"/><UN n0="%E3%82%A6%E3%83%AB%E3%83%88%E3%83%A9%E7%AB%8B%E7%9B%B4" n1="%E3%82%84%E3%81%BE%E3%83%BC%E3%82%93" n2="%E9%96%A2%E4%B8%83%E6%B5%B7" n3="%4D%72%2E%6E%69%6B%75%39" dan="18,16,16,17" rate="2147.91,2109.50,2143.86,2142.05" sx="M,M,M,M"/><TAIKYOKU oya="0"/><INIT seed="0,0,0,5,4,103" ten="250,250,250,250" oya="0" hai0="41,86,108,104,4,17,83,5,69,49,40,20,107" hai1="134,80,44,0,96,73,68,128,98,131,52,24,122" hai2="70,135,94,8,58,113,14,15,63,2,6,50,126" hai3="129,16,125,109,75,92,112,82,37,53,38,29,57"/><T27/><D69/><U13/><E122/><V61/><F135/><W18/><G112/><T48/><D108/><U32/><E0/><V67/><F126/><W105/><G109/><T120/><D120/><U31/><E134/><V90/><F113/><W12/><G125/><T117/><D117/><U56/><E68/><V101/><F101/><W45/><G129/><N who="1" m="49738" /><E44/><V97/><REACH who="2" step="1"/><F50/><REACH who="2" ten="250,250,240,250" step="2"/><W130/><G130/><T91/><D48/><N who="1" m="30727" /><E13/><V33/><F33/><W3/><G12/><T47/><REACH who="0" step="1"/><D41/><REACH who="0" ten="240,250,240,250" step="2"/><U119/><E119/><V106/><F106/><AGARI ba="0,2" hai="4,5,17,20,27,40,47,49,83,86,91,104,106,107" machi="106" ten="40,18000,2" yaku="1,1,2,1,52,3,53,1" doraHai="103" doraHaiUra="79" who="0" fromWho="2" sc="240,200,250,0,240,-180,250,0" /><INIT seed="0,1,0,0,0,71" ten="440,250,60,250" oya="0" hai0="134,121,50,83,129,116,17,78,42,25,16,80,133" hai1="41,67,86,125,105,128,84,68,97,126,30,64,49" hai2="37,85,7,12,28,38,4,130,24,113,132,82,104" hai3="131,33,34,111,14,108,53,69,3,92,112,66,103"/><T58/><D116/><U99/><E128/><V29/><F104/><W117/><G117/><T57/><D121/><U87/><E30/><V43/><F113/><W91/><G3/><T101/><D101/><U15/><E68/><V109/><F109/><N who="3" m="42059" /><G112/><T44/><D129/><U106/><E15/><V2/><F2/><W5/><G103/><T119/><D119/><U63/><E63/><V40/><F130/><W10/><G53/><T89/><D89/><U6/><E6/><V81/><F12/><W36/><G36/><T52/><D58/><U94/><E49/><V39/><F132/><N who="0" m="50794" /><D25/><U123/><E123/><V62/><F62/><N who="3" m="40151" /><G131/><T79/><D79/><U8/><E41/><N who="2" m="15947" /><F24/><W70/><G70/><T127/><D127/><N who="1" m="48651" /><E94/><V110/><F110/><W11/><G10/><T74/><D83/><N who="2" m="31754" /><F85/><AGARI ba="1,0" hai="5,11,14,33,34,85,91,92" m="40151,42059" machi="85" ten="30,1000,0" yaku="14,1" doraHai="71" who="3" fromWho="2" sc="440,0,250,0,60,-13,250,13" /><INIT seed="1,0,0,0,4,130" ten="440,250,47,263" oya="1" hai0="88,114,83,27,101,68,124,109,90,9,73,15,17" hai1="95,58,1,78,87,103,21,7,113,111,60,19,118" hai2="39,75,2,41,85,89,128,117,45,116,6,96,92" hai3="125,25,42,62,53,105,11,52,122,12,76,70,84"/><U133/><E113/><V34/><F34/><W26/><G122/><T121/><D114/><U131/><E118/><V79/><F128/><W72/><G72/><T36/><D124/><U120/><E131/><V126/><F96/><W82/><G105/><T77/><D109/><U8/><E120/><V0/><F0/><W74/><G125/><T49/><D36/><U37/><E37/><V24/><F24/><W112/><G112/><T135/><D68/><U107/><E107/><V132/><F126/><W69/><G42/><T32/><D101/><U67/><E111/><V64/><F64/><W94/><G69/><T3/><D49/><U63/><E103/><V56/><F56/><W33/><G70/><T65/><D65/><U40/><E40/><V55/><F55/><W108/><G108/><T10/><D10/><U102/><E102/><V47/><F47/><W134/><G134/><T54/><D54/><U43/><E133/><V123/><F123/><W51/><G33/><T23/><D135/><U98/><E63/><V13/><F132/><W119/><G119/><T91/><D121/><U97/><E43/><V104/><F104/><W127/><G127/><T31/><D91/><N who="1" m="53759" /><E78/><V100/><F100/><W71/><G71/><T48/><D48/><U80/><E80/><N who="2" m="45183" /><F13/><W30/><G62/><T99/><D99/><U44/><E44/><V61/><F61/><W18/><G51/><T93/><D93/><U20/><E20/><V46/><F46/><W57/><G12/><T14/><D3/><U115/><E115/><V129/><F129/><W16/><G76/><T110/><D110/><RYUUKYOKU ba="0,0" sc="440,10,250,10,47,10,263,-30" hai0="9,14,15,17,23,27,31,32,73,77,83,88,90" hai1="1,7,8,19,21,58,60,67,97,98" hai2="2,6,39,41,45,85,89,92,116,117" /><INIT seed="1,1,0,1,0,19" ten="450,260,57,233" oya="1" hai0="66,72,83,121,31,12,107,110,75,90,34,5,79" hai1="91,67,38,128,14,129,98,116,131,9,8,56,13" hai2="119,82,64,87,50,2,26,40,99,115,124,133,125" hai3="49,30,126,22,74,111,80,28,10,113,105,71,44"/><U127/><E116/><V81/><F119/><W97/><G113/><T35/><D121/><U61/><E38/><V21/><F115/><W47/><G71/><T130/><D75/><U46/><E46/><N who="2" m="25927" /><F2/><W53/><G111/><T55/><D66/><U59/><E127/><N who="2" m="48715" /><F133/><W18/><G126/><T41/><D41/><U1/><E1/><V33/><F33/><W132/><G132/><T65/><D65/><U84/><E98/><V120/><F120/><W92/><G105/><T6/><D55/><U134/><E59/><V57/><F99/><W104/><G104/><T112/><D107/><U52/><E67/><V96/><F96/><W60/><G60/><T42/><D35/><U106/><E106/><V77/><F82/><W25/><G47/><T135/><D34/><U101/><E101/><V76/><F57/><W73/><G80/><T11/><D83/><U4/><E134/><V117/><F64/><W93/><G93/><T109/><D135/><U95/><REACH who="1" step="1"/><E131/><REACH who="1" ten="450,250,57,233" step="2"/><V43/><F117/><W29/><REACH who="3" step="1"/><G10/><REACH who="3" ten="450,250,57,223" step="2"/><N who="0" m="4175" /><D130/><U88/><E88/><AGARI ba="1,2" hai="18,22,25,28,29,30,44,49,53,73,74,88,92,97" machi="88" ten="40,8000,1" yaku="1,1,52,1,54,1,53,1" doraHai="19" doraHaiUra="85" who="3" fromWho="1" sc="450,0,250,-83,57,0,223,103" /><INIT seed="2,0,0,5,1,86" ten="450,167,57,326" oya="2" hai0="120,21,53,76,64,6,92,126,111,24,43,45,87" hai1="116,68,122,69,89,9,94,3,55,15,23,34,61" hai2="67,108,28,5,90,133,20,60,42,40,83,39,106" hai3="13,30,107,79,58,99,31,57,132,104,0,105,85"/><V117/><F106/><W102/><G0/><T78/><D120/><U93/><E34/><V70/><F117/><W73/><G132/><T127/><D64/><U33/><E116/><V47/><F133/><W59/><G73/><T130/><D6/><U100/><E33/><V56/><F5/><W16/><G79/><T134/><D53/><U124/><E3/><V74/><F42/><W50/><G85/><T62/><D62/><U49/><E124/><N who="0" m="47657" /><D111/><U63/><E69/><V129/><F129/><W19/><G50/><N who="0" m="26943" /><D130/><U101/><E23/><V123/><F123/><W112/><G112/><T66/><D66/><U109/><E109/><V2/><F2/><W8/><REACH who="3" step="1"/><G19/><REACH who="3" ten="450,167,57,316" step="2"/><N who="0" m="12351" /><D134/><U7/><E122/><V125/><F125/><W32/><G32/><T72/><D72/><U103/><E68/><V36/><F108/><W51/><G51/><T52/><D78/><U35/><E35/><V115/><F115/><W135/><G135/><T128/><D128/><U48/><E49/><N who="2" m="26855" /><F70/><W114/><G114/><T17/><D76/><U113/><E113/><V44/><F74/><W71/><G71/><T1/><D17/><U80/><E61/><V84/><F44/><W12/><G12/><T41/><D1/><U118/><E63/><V82/><F82/><W119/><G119/><T25/><D41/><U131/><E118/><V77/><F77/><W14/><G14/><T88/><D25/><U18/><E131/><V98/><F98/><W10/><G10/><T54/><AGARI ba="0,1" hai="52,54,87,88,92" m="12351,26943,47657" machi="54" ten="30,7900,0" yaku="18,1,52,1,54,2" doraHai="86" who="0" fromWho="0" sc="450,89,167,-20,57,-39,316,-20" /><INIT seed="3,0,0,0,5,104" ten="539,147,18,296" oya="3" hai0="124,37,120,60,111,92,115,31,36,28,93,40,80" hai1="9,112,66,33,62,88,58,4,94,103,72,123,71" hai2="48,102,63,46,13,51,50,81,95,125,109,135,100" hai3="97,108,45,2,67,24,34,73,85,18,130,134,55"/><W53/><G2/><T57/><D120/><U49/><E112/><V82/><F109/><W116/><G116/><T75/><D124/><U86/><E123/><V17/><F125/><W65/><G73/><T105/><D105/><U70/><E33/><V10/><F135/><W77/><G134/><T42/><D57/><U54/><E72/><V87/><F46/><W84/><G130/><T61/><D75/><U16/><E103/><V117/><F117/><W76/><G108/><T113/><D80/><N who="2" m="30826" /><F63/><W5/><G5/><T119/><D111/><U26/><E26/><V22/><F10/><W128/><G128/><T96/><D96/><U11/><E11/><V114/><F114/><W90/><G97/><T106/><D106/><U21/><E21/><V6/><F6/><W78/><G34/><T41/><D41/><U110/><E110/><V74/><F74/><W38/><G38/><T133/><D133/><U23/><E23/><V52/><F52/><N who="3" m="20043" /><G45/><T3/><D119/><U126/><E126/><V19/><F19/><W107/><G107/><T59/><D59/><U25/><E25/><V7/><F7/><W32/><G32/><T101/><D3/><U118/><E118/><V79/><F79/><W39/><G39/><T1/><D1/><U20/><E16/><V35/><F35/><W43/><G43/><T99/><D99/><U29/><E29/><V131/><F131/><W15/><G24/><T27/><D27/><U132/><E132/><V56/><F56/><W44/><G44/><T121/><D121/><U122/><E122/><V98/><F98/><W69/><G18/><RYUUKYOKU ba="0,0" sc="539,15,147,-15,18,15,296,-15" hai0="28,31,36,37,40,42,60,61,92,93,101,113,115" hai2="13,17,22,48,50,51,87,95,100,102" /><INIT seed="4,1,0,5,5,73" ten="554,132,33,281" oya="0" hai0="62,96,122,59,128,18,82,104,106,15,63,39,44" hai1="123,19,58,75,3,14,94,129,118,6,124,21,135" hai2="86,83,5,85,89,26,16,54,107,0,41,121,48" hai3="130,38,61,76,8,66,29,88,93,55,72,67,117"/><T32/><D32/><U81/><E118/><V34/><F107/><W47/><G117/><T132/><D122/><U131/><E123/><V103/><F103/><W99/><G130/><N who="1" m="49674" /><E94/><V45/><F121/><W46/><G29/><T25/><D128/><U74/><E58/><V71/><F71/><W50/><G61/><T101/><D62/><U27/><E124/><V12/><F0/><W116/><G116/><T120/><D120/><U42/><E42/><V20/><F5/><W108/><G108/><T133/><D25/><U98/><E98/><V57/><F34/><W79/><G8/><T17/><D106/><U70/><E70/><V56/><F85/><W77/><REACH who="3" step="1"/><G72/><REACH who="3" ten="554,132,33,271" step="2"/><T2/><D63/><U114/><E75/><V119/><F119/><W134/><G134/><T95/><D133/><U24/><E135/><V78/><F89/><W1/><G1/><T40/><D2/><U125/><E74/><V22/><F41/><AGARI ba="1,1" hai="38,41,46,47,50,55,66,67,76,77,79,88,93,99" machi="41" ten="40,12000,2" yaku="1,1,52,3,54,1,53,1" doraHai="73" doraHaiUra="69" who="3" fromWho="2" sc="554,0,132,0,33,-123,271,133" owari="554,66.0,132,-27.0,-90,-59.0,404,20.0" /></mjloggm>