<mjloggm ver="2.3"><GO type="169" lobby="0"/><UN n0="%E4%BB%A3%E6%89%93%E3%81%A1%E3%81%AE%E7%A5%9E%E6%A7%98" n1="%E3%82%A6%E3%83%AB%E3%83%88%E3%83%A9%E7%AB%8B%E7%9B%B4" n2="%40%75" n3="%E3%83%B4%E3%82%A1%E3%83%AA%E3%83%BC" dan="18,16,16,16" rate="2170.67,2125.68,2115.12,2072.86" sx="M,M,F,M"/><TAIKYOKU oya="0"/><INIT seed="0,0,0,5,5,90" ten="250,250,250,250" oya="0" hai0="89,26,123,30,107,17,120,2,18,19,78,102,68" hai1="74,76,43,0,108,56,63,101,40,20,48,14,109" hai2="119,6,33,81,52,7,39,112,94,5,126,37,32" hai3="129,96,57,8,42,80,82,97,111,24,104,34,12"/><T105/><D2/><U47/><E0/><V113/><F81/><W51/><G111/><N who="1" m="42570" /><E101/><V59/><F119/><W62/><G51/><T100/><D68/><U66/><E43/><V31/><F31/><W11/><G42/><T85/><D78/><U45/><E45/><V69/><F69/><W121/><G11/><T9/><D9/><U127/><E127/><V71/><F71/><W27/><G129/><T53/><D102/><U10/><E20/><V13/><F13/><W58/><G58/><T64/><D64/><U36/><E76/><V116/><F116/><W22/><G27/><T72/><D72/><U93/><E74/><V25/><F25/><W84/><G34/><T133/><D133/><U131/><E131/><V125/><F7/><N who="3" m="3103" /><G80/><T1/><D1/><U77/><E77/><V54/><F59/><W75/><G104/><T114/><D114/><U87/><E36/><V65/><REACH who="2" step="1"/><F65/><REACH who="2" ten="250,250,240,250" step="2"/><N who="3" m="39119" /><G75/><T106/><D26/><U16/><E66/><V35/><F35/><W115/><G115/><T128/><D128/><U79/><E56/><V110/><F110/><W99/><G121/><T92/><D30/><U67/><E67/><V49/><F49/><W3/><G3/><T70/><D70/><U135/><E135/><V118/><F118/><W29/><G82/><T134/><D134/><U91/><E79/><V132/><F132/><W38/><G38/><T98/><REACH who="0" step="1"/><D53/><REACH who="0" ten="240,250,240,250" step="2"/><U86/><E63/><V41/><F41/><W88/><G24/><T23/><D23/><U28/><E28/><V4/><F4/><W46/><G29/><T122/><AGARI ba="0,2" hai="17,18,19,85,89,92,98,100,105,106,107,120,122,123" machi="122" ten="40,7800,0" yaku="1,1,0,1,52,1,53,0" doraHai="90" doraHaiUra="130" who="0" fromWho="0" sc="240,98,250,-26,240,-26,250,-26" /><INIT seed="0,1,0,1,1,106" ten="338,224,214,224" oya="0" hai0="12,39,48,7,54,127,49,82,44,102,130,38,119" hai1="21,13,117,19,123,131,75,95,10,112,84,72,64" hai2="69,46,31,18,41,133,100,87,36,76,128,4,83" hai3="11,77,29,2,56,105,88,129,15,35,59,101,30"/><T89/><D119/><U14/><E123/><V28/><F128/><W34/><G77/><T122/><D122/><U111/><E117/><V52/><F133/><W126/><G101/><T121/><D121/><U134/><E131/><V96/><F69/><W47/><G105/><T53/><D130/><U1/><E1/><V58/><F18/><W62/><G56/><T85/><D127/><U124/><E134/><V97/><F4/><W86/><G47/><T16/><D102/><U74/><E124/><V9/><F9/><W57/><G2/><T109/><D7/><U71/><E111/><V66/><F66/><W120/><G57/><T5/><D5/><U63/><E112/><V22/><F22/><W104/><G104/><T32/><D32/><U40/><E40/><V20/><F20/><W79/><G79/><T27/><D27/><U118/><E118/><V43/><F43/><W70/><G70/><T115/><D109/><U37/><E37/><V67/><F67/><N who="3" m="39391" /><G126/><T80/><D80/><U91/><REACH who="1" step="1"/><E10/><REACH who="1" ten="338,214,214,224" step="2"/><V116/><F116/><W3/><G3/><T92/><D115/><U45/><E45/><V110/><F110/><W60/><G129/><T125/><D125/><U90/><E90/><V50/><REACH who="2" step="1"/><F100/><REACH who="2" ten="338,214,204,224" step="2"/><W108/><G108/><T42/><D42/><U23/><E23/><V0/><F0/><W24/><G120/><T65/><D39/><U103/><E103/><V93/><F93/><N who="3" m="54423" /><G35/><T33/><D33/><U135/><E135/><V8/><F8/><W98/><G34/><T113/><D38/><U61/><E61/><V17/><F17/><N who="3" m="8447" /><G60/><T25/><D113/><RYUUKYOKU ba="1,2" sc="338,-15,214,15,204,15,224,-15" hai1="13,14,19,21,63,64,71,72,74,75,84,91,95" hai2="28,31,36,41,46,50,52,58,76,83,87,96,97" /><INIT seed="1,2,2,1,5,53" ten="323,229,219,209" oya="1" hai0="35,61,39,49,24,21,62,105,76,48,54,113,65" hai1="28,68,36,5,100,131,117,41,46,88,72,33,43" hai2="92,52,81,59,31,102,38,122,129,78,94,73,79" hai3="110,12,127,57,56,126,11,51,63,69,82,2,15"/><U70/><E117/><V47/><F122/><W0/><G51/><T9/><D39/><U106/><E43/><V97/><F129/><W18/><G82/><T112/><D105/><U67/><E88/><V44/><F31/><W60/><G69/><T10/><D35/><U98/><E131/><V86/><F38/><W124/><G110/><T32/><D32/><U23/><E23/><V55/><F73/><W128/><G128/><T123/><D123/><U71/><E5/><V8/><F8/><W107/><G107/><T95/><D76/><U22/><E22/><V121/><F121/><W58/><REACH who="3" step="1"/><G15/><REACH who="3" ten="323,229,219,199" step="2"/><T45/><D49/><U4/><E72/><V75/><F75/><W90/><G90/><T99/><D112/><U29/><E4/><V101/><F79/><W104/><G104/><T134/><D113/><U6/><E6/><V77/><F77/><W25/><G25/><T103/><D62/><AGARI ba="2,3" hai="0,2,11,12,18,56,57,58,60,62,63,124,126,127" machi="62" ten="50,8000,1" yaku="1,1,18,1,52,3,53,0" doraHai="53" doraHaiUra="91" who="3" fromWho="0" sc="323,-86,229,0,219,0,199,116" /><INIT seed="2,0,0,0,5,103" ten="237,229,219,315" oya="2" hai0="50,43,1,27,0,128,38,9,19,73,81,29,74" hai1="71,105,77,121,124,90,116,112,122,44,123,11,31" hai2="135,5,39,41,130,95,33,78,132,125,15,108,72" hai3="110,134,80,32,94,111,40,131,52,68,53,42,91"/><V59/><F33/><W35/><G80/><T23/><D128/><U8/><E71/><V118/><F118/><W13/><G68/><T57/><D38/><U100/><E116/><V126/><F130/><W101/><G101/><T47/><D57/><U119/><E119/><V117/><F117/><W7/><G134/><N who="2" m="51241" /><F59/><W133/><G133/><T70/><D70/><U45/><E112/><V36/><F95/><W65/><G65/><T69/><D69/><U58/><E77/><V97/><F97/><N who="3" m="57567" /><G32/><T49/><D49/><U17/><E58/><V114/><F114/><W55/><G35/><T67/><D67/><U93/><E31/><V113/><F113/><W89/><G89/><T24/><D81/><U18/><E124/><N who="2" m="47723" /><F15/><W99/><G99/><T63/><D63/><U79/><E123/><V66/><F5/><W82/><G82/><T86/><D86/><U48/><E122/><V104/><F108/><N who="3" m="41515" /><G131/><T64/><D64/><U20/><E121/><V61/><F41/><W3/><G3/><T102/><D102/><U88/><E100/><V22/><F22/><W56/><G56/><T83/><D1/><U2/><E20/><V129/><F129/><W115/><G115/><T87/><D0/><U54/><E2/><V12/><F12/><W21/><G21/><T120/><D120/><U127/><E127/><V98/><F61/><W28/><G28/><T34/><REACH who="0" step="1"/><D9/><AGARI ba="0,0" hai="7,9,13,40,42,52,53,55" m="41515,57567" machi="9" ten="30,2000,0" yaku="14,1,54,1" doraHai="103" who="3" fromWho="0" sc="237,-20,229,0,219,0,315,20" /><INIT seed="3,0,0,0,3,90" ten="217,229,219,335" oya="3" hai0="75,133,49,118,121,47,109,37,51,113,68,40,85" hai1="24,12,114,120,13,55,7,70,107,73,2,0,123" hai2="41,97,22,20,54,88,8,132,26,66,126,64,79" hai3="35,10,30,19,104,29,5,16,129,65,11,99,87"/><W48/><G65/><T103/><D75/><U25/><E55/><V101/><F126/><W23/><G87/><T106/><D118/><U98/><E98/><V3/><F132/><W21/><G48/><T135/><D121/><U89/><E89/><V62/><F79/><W77/><G77/><T112/><D106/><U86/><E86/><V42/><F3/><W34/><G99/><T1/><D1/><U52/><E52/><V111/><F8/><N who="3" m="3115" /><G5/><T134/><D103/><U122/><E107/><V60/><F111/><W50/><G50/><N who="0" m="18955" /><D85/><U119/><E73/><V108/><F108/><W63/><G63/><T38/><D109/><U33/><E70/><V53/><F101/><W94/><G94/><T44/><D68/><U36/><E36/><N who="0" m="13929" /><D40/><U43/><E43/><V110/><F97/><W78/><G129/><T69/><D69/><U45/><E123/><V124/><F110/><W32/><G104/><T117/><D117/><U116/><E7/><V31/><F124/><W82/><G82/><T95/><D95/><U39/><E39/><V56/><F88/><W96/><G96/><T72/><D72/><U18/><E45/><AGARI ba="0,0" hai="44,45,47,112,113,133,134,135" m="13929,18955" machi="45" ten="40,8000,1" yaku="28,2,20,1,34,2" doraHai="90" who="0" fromWho="1" sc="217,80,229,-80,219,0,335,0" /><INIT seed="4,0,0,0,1,74" ten="297,149,219,335" oya="0" hai0="80,55,60,73,95,76,114,31,86,6,92,130,126" hai1="93,79,131,34,69,51,106,19,77,103,36,47,82" hai2="94,83,22,118,15,52,133,134,70,37,67,3,26" hai3="111,81,12,35,29,122,65,43,132,57,24,91,90"/><T41/><D114/><U40/><E106/><V96/><F3/><W49/><G111/><T20/><D126/><U68/><E34/><V105/><F105/><W87/><G132/><T113/><D113/><U25/><E131/><V53/><F37/><W97/><G12/><T99/><D130/><U123/><E123/><V128/><F128/><W10/><G10/><T88/><D41/><U63/><E36/><V38/><F38/><W71/><G71/><T4/><D31/><U115/><E115/><V102/><F118/><W108/><G108/><T11/><D20/><N who="1" m="13471" /><E69/><V112/><F112/><W124/><G124/><T45/><D11/><U27/><E68/><V50/><F15/><W2/><G2/><T72/><D72/><U85/><E63/><V117/><F117/><W33/><G33/><T89/><REACH who="0" step="1"/><D60/><REACH who="0" ten="287,149,219,335" step="2"/><U1/><E1/><V135/><F50/><AGARI ba="0,1" hai="4,6,45,50,55,73,76,80,86,88,89,92,95,99" machi="50" ten="40,12000,1" yaku="1,1,2,1,52,1,54,1,53,0" doraHai="74" doraHaiUra="127" who="0" fromWho="2" sc="287,130,149,0,219,-120,335,0" /><INIT seed="4,1,0,2,5,92" ten="417,149,99,335" oya="0" hai0="52,91,49,36,3,50,24,87,75,29,82,100,98" hai1="27,16,72,66,34,69,60,23,20,131,106,54,51" hai2="57,37,109,59,79,32,132,7,4,126,12,44,133" hai3="21,56,22,94,127,89,18,105,13,5,121,85,76"/><T74/><D36/><U81/><E131/><V65/><F109/><W47/><G105/><T46/><D3/><U58/><E106/><V35/><F126/><W128/><G5/><T90/><D50/><U117/><E117/><V67/><F79/><W120/><G128/><T83/><D83/><U134/><E134/><N who="2" m="51819" /><F44/><W116/><G116/><T96/><D91/><U15/><E34/><N who="2" m="12843" /><F12/><W123/><G127/><T68/><D68/><U103/><E103/><V45/><F45/><W25/><G76/><T61/><D61/><U14/><E72/><V38/><F59/><W104/><G104/><T124/><D124/><U40/><E40/><V102/><F102/><W111/><G56/><T39/><D39/><N who="2" m="14858" /><F57/><W101/><G47/><T28/><D100/><U122/><E122/><V84/><F84/><W73/><G101/><T115/><D75/><U64/><E81/><V93/><F93/><W31/><G73/><T8/><D74/><U30/><E14/><V119/><F119/><W62/><G62/><T129/><D82/><U0/><E0/><V130/><F130/><W10/><G111/><T77/><D87/><U110/><E110/><V78/><F78/><W70/><G70/><T99/><D77/><U6/><E6/><AGARI ba="1,0" hai="4,6,7,65,67" m="14858,12843,51819" machi="6" ten="40,5200,0" yaku="28,2,20,1" doraHai="92" who="2" fromWho="1" sc="417,0,149,-55,99,55,335,0" /><INIT seed="5,0,0,1,5,8" ten="417,94,154,335" oya="1" hai0="41,31,88,24,84,98,134,126,107,0,123,131,7" hai1="51,125,85,50,89,116,132,44,108,68,5,52,54" hai2="16,10,130,34,106,128,87,13,109,135,60,2,111" hai3="133,35,77,74,65,38,66,121,25,122,49,75,56"/><U82/><E116/><V63/><F34/><W119/><G38/><T118/><D118/><U99/><E68/><V80/><F106/><W58/><G49/><T18/><D7/><U45/><E125/><V78/><F135/><W71/><G77/><T30/><D0/><U115/><E132/><V113/><F113/><W37/><G37/><T17/><D31/><U26/><E115/><V43/><F43/><W114/><G114/><T64/><D131/><N who="2" m="50218" /><F2/><W57/><G57/><T59/><D41/><U4/><E108/><AGARI ba="0,0" hai="10,13,16,60,63,78,80,87,108,109,111" m="50218" machi="108" ten="30,3900,0" yaku="19,1,52,1,54,1" doraHai="8" who="2" fromWho="1" sc="417,0,94,-39,154,39,335,0" /><INIT seed="6,0,0,0,1,101" ten="417,55,193,335" oya="2" hai0="65,62,132,79,124,97,7,26,91,104,92,30,114" hai1="82,39,12,95,47,61,13,118,75,66,48,31,127" hai2="28,125,53,60,14,83,119,115,78,35,108,86,84" hai3="77,113,98,10,33,41,25,19,88,29,121,24,50"/><V56/><F119/><W17/><G77/><T129/><D7/><U52/><E118/><V120/><F120/><W32/><G50/><T126/><D79/><U6/><E127/><N who="0" m="48681" /><D114/><U72/><E82/><V42/><F115/><W102/><G41/><T34/><D129/><U135/><E135/><V36/><F125/><W112/><G102/><N who="0" m="62543" /><D132/><U69/><E31/><V15/><F108/><W67/><G98/><N who="0" m="57631" /><D62/><U5/><E95/><V130/><F130/><W94/><G94/><T55/><D55/><U70/><E70/><V37/><F28/><W57/><G88/><T44/><D44/><U38/><E5/><V76/><F35/><W80/><G57/><T49/><D49/><U3/><E3/><V107/><F107/><W54/><G54/><T81/><D81/><U111/><E111/><V106/><F106/><W59/><G80/><T2/><D2/><U46/><E6/><V109/><F42/><W110/><G59/><T18/><D18/><U43/><REACH who="1" step="1"/><E39/><REACH who="1" ten="417,45,193,335" step="2"/><V105/><F109/><W51/><G110/><T128/><D128/><U131/><E131/><V58/><F105/><W11/><G29/><T85/><D30/><U64/><E64/><V22/><F83/><W99/><G67/><T8/><D65/><U73/><AGARI ba="0,1" hai="12,13,38,43,46,47,48,52,61,66,69,72,73,75" machi="73" ten="30,4000,0" yaku="1,1,0,1,54,1,53,0" doraHai="101" doraHaiUra="122" who="1" fromWho="1" sc="417,-10,45,50,193,-20,335,-10" /><INIT seed="7,0,0,2,5,21" ten="407,95,173,325" oya="3" hai0="71,101,133,17,68,75,31,91,6,132,1,82,120" hai1="29,76,37,105,51,35,55,98,64,3,124,13,61" hai2="80,114,19,45,12,56,130,104,39,50,73,123,84" hai3="74,97,53,47,49,36,10,121,67,40,20,110,27"/><W44/><G110/><T66/><D120/><U99/><E3/><V90/><F104/><W129/><G74/><T117/><D117/><U24/><E124/><V94/><F114/><W42/><G129/><T92/><D101/><U70/><E76/><V58/><F130/><W48/><G10/><N who="0" m="2383" /><D31/><U32/><E32/><V109/><F109/><W22/><G67/><T23/><D82/><U33/><E33/><V119/><F39/><W43/><G121/><T108/><D66/><U128/><E128/><V52/><F119/><W85/><G36/><T16/><D75/><U18/><E37/><V88/><F73/><W15/><G97/><N who="0" m="57503" /><D17/><U41/><E41/><V127/><F127/><W25/><G15/><N who="0" m="9631" /><D108/><U125/><E125/><V100/><F100/><W62/><G62/><T28/><D28/><U118/><E118/><V26/><F123/><W11/><G85/><T14/><D14/><U54/><E105/><V89/><F89/><W60/><G60/><T115/><D115/><U38/><E38/><V63/><F63/><W9/><G43/><T86/><D86/><U131/><E131/><V5/><F5/><W34/><G53/><T57/><D57/><U111/><E111/><V69/><F69/><W4/><G4/><T102/><D102/><U134/><E134/><AGARI ba="0,0" hai="68,71,132,133,134" m="9631,57503,2383" machi="134" ten="30,2000,0" yaku="20,1,54,1" doraHai="21" who="0" fromWho="1" sc="407,20,95,-20,173,0,325,0" owari="427,52.0,75,-42.0,173,-23.0,325,13.0" /></mjloggm>