<mjloggm ver="2.3"><GO type="169" lobby="0"/><UN n0="%74%61%6B%65%2D%79%6F%75" n1="%E3%82%A6%E3%83%AB%E3%83%88%E3%83%A9%E7%AB%8B%E7%9B%B4" n2="%E5%8D%97%E5%8D%97%E5%8D%97" n3="%E3%81%86%E3%82%8B%E3%81%95%E3%81%84%E3%81%AF%E8%A4%92%E3%82%81%E8%A9%9E" dan="16,17,16,17" rate="2090.92,2158.57,2188.48,2151.24" sx="F,M,M,M"/><TAIKYOKU oya="0"/><INIT seed="0,0,0,3,0,27" ten="250,250,250,250" oya="0" hai0="5,99,57,97,117,20,35,32,49,115,37,114,105" hai1="86,100,123,40,23,131,0,21,9,96,124,2,133" hai2="80,79,34,44,134,72,51,108,66,62,126,31,71" hai3="93,47,104,113,7,42,103,68,91,12,36,25,70"/><T109/><D37/><U26/><E123/><V122/><F122/><W110/><G110/><T18/><D117/><U101/><E124/><V94/><F108/><W92/><G104/><T74/><D109/><U58/><E131/><V119/><F126/><W75/><G75/><T84/><D74/><U39/><E133/><V107/><F94/><W41/><G113/><T129/><D5/><U55/><E40/><V1/><F119/><W90/><G25/><T17/><D84/><U111/><E39/><V22/><F22/><W46/><G103/><T10/><D129/><U81/><E23/><V78/><F78/><W63/><G63/><T4/><D49/><U61/><E111/><V106/><F134/><W77/><G77/><T73/><D73/><U83/><E9/><V60/><F60/><W56/><G56/><T14/><D57/><U87/><E2/><V54/><REACH who="2" step="1"/><F1/><REACH who="2" ten="250,250,240,250" step="2"/><W6/><REACH who="3" step="1"/><G36/><REACH who="3" ten="250,250,240,240" step="2"/><T88/><D105/><U82/><E0/><V3/><F3/><W24/><G24/><AGARI ba="0,2" hai="24,31,34,44,51,54,62,66,71,72,79,80,106,107" machi="24" ten="40,2600,0" yaku="1,1,52,1,53,0" doraHai="27" doraHaiUra="69" who="2" fromWho="3" sc="250,0,250,0,240,46,240,-26" /><INIT seed="1,0,0,3,0,35" ten="250,250,286,214" oya="1" hai0="109,126,114,34,105,68,129,29,108,54,83,99,30" hai1="66,125,60,127,74,31,77,67,62,78,130,135,64" hai2="51,104,107,11,14,18,44,121,12,32,39,7,70" hai3="10,111,106,118,48,58,24,49,1,84,131,0,112"/><U9/><E74/><V123/><F70/><W63/><G106/><T46/><D114/><U15/><E31/><V73/><F32/><W100/><G118/><T122/><D68/><U47/><E47/><V28/><F28/><W119/><G119/><T113/><D113/><U132/><E15/><V133/><F39/><W93/><G112/><T42/><D126/><N who="1" m="48139" /><E9/><V92/><F73/><W17/><G131/><T16/><D34/><U38/><E38/><V116/><F44/><W37/><G37/><T110/><D129/><U90/><E90/><V96/><F11/><W26/><G111/><T27/><D122/><U20/><E20/><V55/><F116/><W41/><G1/><T124/><D124/><U59/><E130/><V33/><F33/><W76/><G0/><T82/><D42/><U101/><E101/><V65/><F121/><W81/><G26/><T72/><D30/><U25/><E25/><V53/><F123/><W50/><G41/><T40/><D29/><U61/><E59/><V79/><F14/><W23/><G10/><T13/><D27/><U117/><E117/><V43/><F12/><W2/><G2/><T89/><D40/><U4/><E4/><V56/><F43/><W75/><G75/><T80/><D72/><U36/><E36/><V19/><F56/><W6/><G6/><T71/><D71/><U88/><E88/><V69/><F69/><W22/><G22/><N who="0" m="11535" /><D89/><U3/><E3/><V86/><F7/><W45/><G45/><T94/><D46/><U102/><E102/><V87/><F18/><W97/><G58/><T8/><D8/><RYUUKYOKU ba="0,0" sc="250,-15,250,15,286,-15,214,15" hai1="60,61,62,64,66,67,77,78,132,135" hai3="17,23,24,48,49,50,63,76,81,84,93,97,100" /><INIT seed="1,1,0,5,4,128" ten="235,265,271,229" oya="1" hai0="98,90,79,105,52,117,25,58,64,109,31,16,82" hai1="32,61,121,103,101,89,38,71,108,15,111,1,22" hai2="86,7,112,17,36,66,23,119,84,33,77,27,94" hai3="30,124,9,40,13,130,6,55,41,2,65,20,70"/><U85/><E32/><V0/><F36/><W63/><G130/><T96/><D117/><U59/><E1/><V44/><F119/><W122/><G122/><T75/><D109/><N who="1" m="42059" /><E71/><V56/><F33/><W49/><G124/><T81/><D64/><N who="1" m="38975" /><E38/><V92/><F66/><W43/><G30/><T115/><D115/><U4/><E121/><V80/><F0/><W106/><G106/><T24/><D105/><U88/><E89/><V114/><F114/><W73/><G73/><T74/><D90/><U45/><E45/><V91/><F44/><W127/><G127/><T120/><D120/><U118/><E118/><V132/><F56/><W57/><G20/><T99/><D74/><U95/><E22/><V42/><F112/><W113/><G113/><T21/><D75/><U47/><E47/><V135/><F91/><W129/><G129/><T69/><D69/><U125/><E125/><V54/><F23/><W123/><G123/><T62/><D79/><U72/><E72/><V39/><F39/><W8/><G41/><T11/><D11/><AGARI ba="1,0" hai="4,11,15,85,88,95,101,103" m="38975,42059" machi="11" ten="30,5800,0" yaku="14,1,10,1,54,1" doraHai="128" who="1" fromWho="0" sc="235,-61,265,61,271,0,229,0" /><INIT seed="1,2,0,1,4,77" ten="174,326,271,229" oya="1" hai0="112,111,35,8,96,33,74,133,52,31,90,7,81" hai1="94,109,115,25,82,60,79,16,135,55,45,122,43" hai2="114,104,9,10,4,27,92,123,89,100,42,23,71" hai3="108,26,120,20,107,51,97,113,28,32,14,21,73"/><U98/><E122/><V132/><F71/><W12/><G73/><T80/><D112/><U130/><E115/><V15/><F114/><W61/><G113/><T64/><D111/><U118/><E118/><V63/><F123/><W6/><G51/><T58/><D133/><U127/><E135/><V85/><F132/><W88/><G120/><T0/><D64/><U40/><E109/><V39/><F63/><W105/><G108/><T49/><D31/><U125/><E130/><V119/><F119/><W57/><G107/><T110/><D110/><U50/><E60/><V48/><F39/><W86/><G14/><T18/><D18/><U24/><E24/><V102/><F104/><W56/><G56/><T99/><D74/><U62/><E62/><V84/><F84/><W17/><G6/><T91/><D91/><U75/><E16/><N who="2" m="12775" /><F10/><W68/><G68/><T67/><D67/><U116/><E25/><V41/><F48/><W11/><G97/><T1/><D0/><U134/><E116/><V76/><F76/><W95/><G105/><T19/><D19/><U22/><E22/><V38/><F38/><W93/><G93/><T66/><D66/><AGARI ba="2,0" hai="11,12,17,20,21,26,28,32,57,61,66,86,88,95" machi="66" ten="30,2000,0" yaku="7,1,54,1" doraHai="77" who="3" fromWho="0" sc="174,-26,326,0,271,0,229,26" /><INIT seed="2,0,0,5,0,113" ten="148,326,271,255" oya="2" hai0="124,33,122,75,65,45,127,60,126,123,105,52,78" hai1="27,3,66,71,5,76,8,42,129,56,40,109,102" hai2="84,41,108,24,48,44,111,99,29,95,68,26,118" hai3="101,90,53,36,72,43,6,100,57,130,64,121,120"/><V91/><F68/><W14/><G72/><T38/><D105/><U107/><E129/><V92/><F118/><W4/><G36/><T70/><D33/><U28/><E56/><V16/><F29/><W0/><G0/><T37/><D78/><U10/><E10/><V31/><F31/><W80/><G43/><T67/><D75/><U1/><E76/><V86/><F86/><N who="3" m="50503" /><G130/><T47/><D67/><U20/><E20/><V15/><F95/><W104/><G104/><T12/><D12/><U17/><E17/><V85/><F85/><W69/><G69/><T51/><REACH who="0" step="1"/><D47/><REACH who="0" ten="138,326,271,255" step="2"/><U32/><E1/><V116/><F116/><W19/><G64/><T2/><D2/><U89/><E109/><N who="2" m="42059" /><F84/><W96/><G121/><AGARI ba="0,1" hai="37,38,45,51,52,60,65,70,121,122,123,124,126,127" machi="121" ten="50,12000,2" yaku="1,1,18,1,34,3,54,1,53,0" doraHai="113" doraHaiUra="34" who="0" fromWho="3" sc="138,130,326,0,271,0,255,-120" /><INIT seed="3,0,0,5,5,130" ten="268,326,271,135" oya="3" hai0="89,32,114,47,6,133,0,21,30,100,115,33,128" hai1="43,51,77,127,123,125,36,99,94,122,28,58,1" hai2="61,134,75,112,14,39,35,95,118,80,5,126,129" hai3="67,102,72,101,4,90,104,107,78,56,15,20,119"/><W2/><G119/><T57/><D128/><U65/><E1/><V69/><RYUUKYOKU type="yao9" ba="0,0" sc="268,0,326,0,271,0,135,0" hai2="5,14,35,39,61,69,75,80,95,112,118,126,129,134" /><INIT seed="3,1,0,0,2,88" ten="268,326,271,135" oya="3" hai0="131,56,101,27,116,47,9,78,109,130,119,71,29" hai1="12,35,16,121,123,70,115,8,82,40,54,102,13" hai2="134,30,126,98,48,125,57,44,36,62,112,32,92" hai3="52,65,15,50,93,105,6,7,10,110,24,34,58"/><W59/><G105/><T23/><D71/><U60/><E35/><V5/><F36/><W38/><G38/><T133/><D109/><U77/><E115/><V4/><F112/><W61/><G110/><T41/><D133/><U37/><E102/><N who="2" m="60743" /><F30/><W129/><G129/><N who="0" m="49163" /><D78/><U46/><E13/><V73/><F73/><W76/><G76/><T89/><D101/><U79/><E79/><V72/><F72/><W74/><G74/><T45/><D56/><U25/><E25/><V20/><F20/><W132/><G132/><T85/><D9/><U108/><E108/><V17/><F134/><W86/><G24/><T39/><D47/><U31/><E31/><V96/><F32/><W11/><G34/><T104/><D104/><U111/><E111/><V1/><F1/><W97/><G86/><T43/><D43/><U3/><E3/><V22/><F96/><W66/><G66/><T90/><D90/><U84/><REACH who="1" step="1"/><E54/><REACH who="1" ten="268,316,271,135" step="2"/><N who="2" m="29959" /><F126/><W99/><REACH who="3" step="1"/><G93/><AGARI ba="1,1" hai="23,27,29,39,41,45,85,89,93,116,119" m="49163" machi="93" ten="30,2000,0" yaku="19,1,52,1" doraHai="88" who="0" fromWho="3" sc="268,33,316,0,271,0,135,-23" /><INIT seed="4,0,0,0,2,68" ten="301,316,271,112" oya="0" hai0="119,20,7,22,45,134,28,110,65,72,121,112,49" hai1="125,105,106,131,95,61,92,109,43,14,67,71,84" hai2="24,26,53,88,9,10,17,124,108,64,15,76,25" hai3="56,39,104,99,79,48,78,59,35,30,58,80,27"/><T94/><D119/><U98/><E109/><V102/><F108/><W90/><G48/><T120/><D110/><U42/><E125/><V127/><F102/><W0/><G0/><T117/><D117/><U96/><E131/><V60/><F76/><W23/><G35/><T1/><D72/><U70/><E84/><V18/><F53/><W114/><G114/><T40/><D112/><U12/><E61/><V122/><F122/><W93/><G104/><T19/><D134/><U11/><E11/><V21/><F88/><W13/><G39/><T128/><D128/><U44/><E44/><V62/><F64/><AGARI ba="0,0" hai="12,14,42,43,64,67,70,71,92,95,96,98,105,106" machi="64" ten="25,1600,0" yaku="22,2" doraHai="68" who="1" fromWho="2" sc="301,0,316,16,271,-16,112,0" /><INIT seed="5,0,0,4,3,75" ten="301,332,255,112" oya="1" hai0="32,95,30,100,40,2,86,79,38,89,55,49,65" hai1="82,13,7,54,131,1,104,52,15,41,61,23,128" hai2="35,115,39,27,42,72,113,36,109,98,135,33,17" hai3="120,121,119,62,8,88,26,111,94,44,37,105,6"/><U126/><E104/><V74/><F98/><W123/><G105/><T16/><D2/><U64/><E41/><V127/><F17/><W21/><G111/><T70/><D100/><U129/><E126/><V80/><F27/><W134/><G62/><T29/><D38/><N who="2" m="14378" /><F42/><W66/><G66/><T69/><D40/><U96/><E96/><V124/><F80/><W31/><G119/><T43/><D43/><U34/><E34/><N who="2" m="12811" /><F135/><W73/><G37/><T97/><D32/><U53/><E23/><V48/><F48/><W12/><G44/><T99/><D65/><U117/><E117/><V24/><F24/><W50/><G73/><N who="2" m="28265" /><F109/><W118/><G50/><T63/><D63/><U112/><E82/><V132/><F132/><W19/><G118/><T18/><D86/><U59/><E112/><AGARI ba="0,0" hai="112,113,115,124,127" m="28265,12811,14378" machi="112" ten="40,12000,2" yaku="28,2,15,1,11,1,31,2" doraHai="75" who="2" fromWho="1" sc="301,0,332,-120,255,120,112,0" /><INIT seed="6,0,0,0,3,87" ten="301,212,375,112" oya="2" hai0="133,28,19,30,116,100,109,38,75,43,62,112,125" hai1="120,58,84,7,98,10,69,134,1,11,39,6,113" hai2="128,50,88,130,48,124,36,26,70,83,41,15,117" hai3="14,55,8,110,123,79,127,64,81,12,93,52,51"/><V108/><F70/><W49/><G127/><T99/><D75/><U94/><E69/><V76/><F117/><W65/><G123/><T68/><D109/><U78/><E39/><V9/><F124/><W135/><G110/><T31/><D125/><U114/><E120/><V91/><F26/><W34/><G34/><T20/><D133/><U59/><E134/><V5/><F36/><W16/><G93/><T35/><D112/><N who="1" m="43115" /><E84/><N who="2" m="48231" /><F108/><W45/><G135/><T25/><D116/><U29/><E78/><V57/><F57/><W32/><G32/><T101/><D43/><U104/><E29/><V95/><F95/><W111/><G111/><T97/><D38/><U129/><E129/><N who="2" m="49771" /><F50/><W74/><REACH who="3" step="1"/><G14/><REACH who="3" ten="301,212,375,102" step="2"/><T107/><D35/><U121/><E121/><V66/><F15/><W21/><G21/><T131/><D131/><U119/><E119/><V118/><F118/><W132/><G132/><T115/><D115/><U40/><E104/><V105/><F105/><W89/><G89/><T77/><D107/><U85/><E98/><V86/><F91/><W73/><G73/><T46/><D99/><U72/><E72/><V103/><F88/><W23/><G23/><T122/><D97/><U67/><E94/><V102/><F102/><W3/><G3/><T80/><D100/><U61/><E85/><V0/><F86/><W90/><G90/><T56/><D101/><U53/><E1/><V33/><F103/><W47/><AGARI ba="0,1" hai="8,12,16,45,47,49,51,52,55,64,65,74,79,81" machi="47" ten="20,12000,2" yaku="1,1,0,1,7,1,9,1,54,2,53,1" doraHai="87" doraHaiUra="106" who="3" fromWho="3" sc="301,-30,212,-30,375,-60,102,130" /><INIT seed="7,0,0,3,5,86" ten="271,182,315,232" oya="3" hai0="50,96,55,77,79,45,84,114,40,7,126,47,26" hai1="101,43,99,14,134,106,121,115,49,38,48,124,116" hai2="108,128,135,41,100,81,32,30,68,39,12,109,78" hai3="131,6,103,107,37,123,22,119,87,104,44,51,18"/><W27/><G37/><T62/><D126/><U21/><E121/><V36/><F12/><W117/><G123/><T16/><D114/><U120/><E120/><V102/><F68/><W9/><G131/><T74/><D74/><U29/><E116/><V85/><F85/><W92/><G104/><T15/><D96/><U52/><E115/><V5/><F81/><W113/><G107/><T83/><D26/><U46/><E124/><V17/><F17/><W57/><G57/><N who="0" m="35135" /><D47/><U71/><E71/><V63/><F39/><W1/><G113/><T23/><D7/><U2/><E2/><V89/><F5/><W130/><G130/><T80/><D80/><U3/><E3/><V28/><F36/><W35/><G35/><T93/><D93/><U110/><E110/><V112/><F32/><W94/><G94/><T72/><D72/><U88/><E134/><V54/><F112/><W73/><G73/><T65/><D65/><U4/><E38/><V133/><F128/><W33/><G103/><T75/><D75/><U91/><E29/><V69/><F69/><W25/><G25/><T58/><D58/><U76/><E76/><AGARI ba="0,0" hai="15,16,23,40,45,50,76,77,79,83,84" m="35135" machi="76" ten="30,2000,0" yaku="8,1,54,1" doraHai="86" who="0" fromWho="1" sc="271,20,182,-20,315,0,232,0" owari="291,9.0,162,-34.0,315,42.0,232,-17.0" /></mjloggm>