<mjloggm ver="2.3"><GO type="225" lobby="0"/><UN n0="%E3%82%A6%E3%83%AB%E3%83%88%E3%83%A9%E7%AB%8B%E7%9B%B4" n1="%65%71%6D%6D" n2="%74%72%79%6C%6F%6F%74" n3="%6F%6B%61%65%72%69" dan="17,16,16,16" rate="2129.42,2154.97,2132.79,2044.58" sx="M,M,M,F"/><TAIKYOKU oya="0"/><INIT seed="0,0,0,2,0,74" ten="250,250,250,250" oya="0" hai0="111,67,25,45,54,99,126,95,23,123,89,80,48" hai1="84,118,93,44,62,92,83,109,90,98,32,86,39" hai2="120,34,129,15,9,40,135,5,113,104,127,17,91" hai3="116,14,50,18,41,73,31,79,19,70,131,125,3"/><T20/><D123/><U8/><E118/><V22/><F104/><W52/><G116/><T107/><D126/><U13/><E32/><V38/><F120/><W55/><G125/><T4/><D111/><U11/><E109/><V51/><F127/><W47/><G70/><T26/><D107/><U42/><E62/><V37/><F113/><W72/><G3/><T81/><D4/><U75/><E75/><V96/><F129/><W35/><G131/><T58/><D45/><U124/><E124/><V114/><F135/><W102/><G102/><T7/><D7/><U12/><E12/><V56/><F34/><W133/><G133/><T110/><D67/><U53/><E53/><V27/><F114/><W119/><G119/><T121/><D110/><U87/><E11/><V49/><F56/><W71/><G71/><T61/><D48/><U29/><E29/><V6/><F6/><W24/><G19/><N who="0" m="12447" /><D121/><U16/><REACH who="1" step="1"/><E93/><REACH who="1" ten="250,240,250,250" step="2"/><N who="2" m="56383" /><F40/><W78/><G41/><T94/><D94/><U105/><E105/><V33/><F33/><W130/><G130/><T128/><D128/><U76/><AGARI ba="0,1" hai="8,13,16,39,42,44,76,83,84,86,87,90,92,98" machi="76" ten="20,8000,1" yaku="1,1,0,1,7,1,52,1,54,1,53,0" doraHai="74" doraHaiUra="117" who="1" fromWho="1" sc="250,-40,240,90,250,-20,250,-20" /><INIT seed="1,0,0,0,2,90" ten="210,330,230,230" oya="1" hai0="0,21,64,112,124,111,82,60,55,98,103,65,92" hai1="36,35,16,45,66,44,121,40,30,94,96,102,70" hai2="101,17,22,91,126,130,8,34,135,117,127,49,129" hai3="86,32,71,39,83,50,110,1,133,41,2,4,134"/><U9/><E121/><V67/><F117/><W31/><G71/><T69/><D112/><U59/><E70/><V114/><F34/><W20/><G32/><T12/><D0/><U19/><E45/><V95/><F114/><W132/><G39/><T100/><D111/><U80/><E80/><V54/><F101/><W52/><G41/><T106/><D124/><N who="2" m="47658" /><F67/><N who="0" m="25674" /><D106/><U25/><REACH who="1" step="1"/><E9/><REACH who="1" ten="210,320,230,230" step="2"/><V37/><F8/><W89/><G110/><T120/><D69/><U81/><E81/><V29/><F37/><W5/><G83/><T43/><D82/><U51/><E51/><V107/><F135/><W75/><G50/><T48/><D120/><U26/><E26/><V88/><F130/><W122/><G122/><T131/><D131/><U6/><E6/><V24/><F129/><W118/><G5/><T84/><D48/><U97/><E97/><V113/><F113/><W46/><G4/><T76/><D98/><U63/><AGARI ba="0,1" hai="16,19,25,30,35,36,40,44,59,63,66,94,96,102" machi="63" ten="30,11700,0" yaku="1,1,0,1,52,1,54,1,53,0" doraHai="90" doraHaiUra="3" who="1" fromWho="1" sc="210,-39,320,127,230,-39,230,-39" /><INIT seed="1,1,0,4,2,23" ten="171,447,191,191" oya="1" hai0="22,46,105,133,48,114,1,76,126,119,93,135,81" hai1="24,67,79,97,80,37,29,41,131,53,74,51,8" hai2="57,60,121,34,72,117,26,31,116,69,49,36,96" hai3="19,30,68,11,111,118,33,7,40,64,75,20,55"/><U16/><E131/><V50/><F121/><W127/><G75/><T52/><D105/><U9/><E67/><V3/><F36/><W17/><G40/><T106/><D106/><U84/><E41/><V77/><F69/><W87/><G33/><T101/><D1/><U39/><E74/><V115/><F115/><W63/><G127/><T44/><D114/><U104/><E39/><V5/><F96/><W35/><G35/><T18/><D119/><U103/><E37/><V15/><F3/><W43/><G118/><T58/><D126/><U110/><E110/><V0/><F0/><W13/><G111/><T65/><D93/><U70/><E70/><V125/><F125/><W94/><G43/><T109/><D101/><U92/><E104/><V128/><F128/><W45/><G30/><T113/><D113/><U66/><E66/><V134/><F134/><N who="0" m="51210" /><D65/><U78/><E78/><V132/><F132/><W28/><G94/><T4/><D4/><U73/><E73/><V14/><F117/><W83/><G45/><T100/><D100/><U56/><E29/><V120/><F116/><W47/><G28/><T112/><D109/><U123/><E123/><V71/><F120/><W62/><G7/><T10/><D10/><U86/><E86/><V99/><F71/><W6/><G6/><T90/><D112/><U107/><E107/><V42/><F5/><W82/><G87/><N who="0" m="50543" /><D76/><U98/><E98/><V2/><F2/><W95/><G95/><T21/><D18/><U25/><E16/><V32/><F77/><W27/><G62/><N who="0" m="36167" /><D44/><U129/><E129/><V102/><F72/><RYUUKYOKU ba="1,0" sc="171,10,447,10,191,-30,191,10" hai0="21,22,46,48" hai1="8,9,24,25,51,53,56,79,80,84,92,97,103" hai3="11,13,17,19,20,27,47,55,63,64,68,82,83" /><INIT seed="1,2,0,4,2,85" ten="181,457,161,201" oya="1" hai0="9,96,110,104,8,51,19,17,26,4,6,44,107" hai1="80,98,122,83,35,99,108,62,88,58,14,34,57" hai2="70,97,13,129,2,128,33,73,87,84,3,95,130" hai3="60,50,29,40,78,20,72,94,105,106,21,30,36"/><U12/><E122/><V31/><F70/><W45/><G60/><T10/><D110/><U1/><E62/><V61/><F61/><W18/><G36/><T46/><D26/><U41/><E41/><V118/><F118/><W89/><G78/><T125/><D96/><U23/><E23/><V71/><F71/><W135/><G72/><T79/><D79/><U116/><E1/><N who="2" m="11" /><F73/><W15/><G135/><T49/><REACH who="0" step="1"/><D10/><REACH who="0" ten="171,457,161,201" step="2"/><U133/><E108/><V114/><F114/><W75/><G30/><T22/><D22/><U93/><E133/><V112/><F112/><W131/><G29/><T43/><D43/><U134/><E134/><V56/><F13/><W53/><G21/><T115/><D115/><U113/><E113/><V124/><F124/><AGARI ba="2,1" hai="4,6,8,9,17,19,44,46,49,51,104,107,124,125" machi="124" ten="25,8000,1" yaku="1,1,22,2,53,2" doraHai="85" doraHaiUra="0" who="0" fromWho="2" sc="171,96,457,0,161,-86,201,0" /><INIT seed="2,0,0,2,1,135" ten="267,457,75,201" oya="2" hai0="12,67,119,46,82,22,23,71,41,13,25,47,118" hai1="121,76,93,84,101,130,36,19,10,4,117,100,113" hai2="104,124,78,8,60,77,2,51,114,28,54,6,134" hai3="50,62,58,64,53,27,125,83,108,90,122,133,0"/><V107/><F114/><W87/><G122/><T70/><D82/><N who="1" m="47175" /><E36/><V35/><F60/><W15/><G133/><T14/><D67/><U48/><E117/><N who="0" m="44553" /><D46/><U109/><E109/><V81/><F134/><W106/><G0/><T65/><D65/><U110/><E110/><V116/><F116/><W39/><G39/><N who="0" m="21951" /><D23/><U59/><E130/><V97/><F78/><W30/><G106/><N who="2" m="40489" /><F54/><W86/><G108/><T5/><D5/><U123/><E113/><V72/><F51/><W99/><G99/><T43/><D43/><U33/><E48/><V21/><F97/><W20/><G15/><T74/><D74/><U24/><E121/><V80/><F21/><W95/><G87/><T49/><D49/><U98/><E98/><V55/><F55/><W7/><G7/><T32/><D32/><U69/><E123/><V131/><F81/><W129/><G83/><T85/><D85/><U29/><E93/><V26/><F131/><W16/><G129/><T44/><D44/><U96/><E96/><V31/><F31/><AGARI ba="0,0" hai="12,13,14,22,25,31,70,71" m="21951,44553" machi="31" ten="30,1000,0" yaku="12,1" doraHai="135" who="0" fromWho="2" sc="267,10,457,0,75,-10,201,0" /><INIT seed="3,0,0,2,2,134" ten="277,457,65,201" oya="3" hai0="31,53,35,29,111,118,64,89,73,107,80,104,98" hai1="48,127,55,47,116,27,67,37,100,19,8,63,84" hai2="44,49,21,12,14,65,81,25,99,28,11,62,92" hai3="87,59,86,77,32,102,33,20,0,82,4,123,61"/><W114/><G123/><T9/><D118/><U18/><E127/><V22/><F81/><W36/><G36/><T41/><D53/><U91/><E116/><V122/><F122/><W109/><G114/><T106/><D9/><U51/><E100/><V54/><F22/><W121/><G121/><T46/><D64/><U1/><E51/><V101/><REACH who="2" step="1"/><F11/><REACH who="2" ten="277,457,55,201" step="2"/><N who="3" m="2439" /><G20/><T26/><D80/><U69/><E27/><V108/><F108/><W75/><G109/><T112/><D111/><U43/><E8/><V88/><F88/><W124/><G82/><T129/><D89/><U58/><E1/><V110/><F110/><W105/><G32/><T40/><D35/><U23/><E23/><V132/><F132/><W70/><G33/><T34/><D34/><U115/><E115/><V113/><F113/><W125/><G77/><T66/><D112/><U15/><E15/><V93/><F93/><AGARI ba="0,1" hai="18,19,37,43,47,48,55,58,63,67,69,84,91,93" machi="93" ten="30,3900,0" yaku="7,1,24,2" doraHai="134" who="1" fromWho="2" sc="277,0,457,49,55,-39,201,0" owari="277,8.0,506,60.0,16,-48.0,201,-20.0" /></mjloggm>