<mjloggm ver="2.3"><GO type="225" lobby="0"/><UN n0="%65%71%6D%6D" n1="%E5%B0%B1%E6%B4%BB%E7%94%9F%40%E5%B7%9D%E6%9D%91%E8%BB%8D%E5%9B%A3" n2="%74%61%6B%75%61%6B%61" n3="%E6%B5%B7%E6%9C%88%E5%8F%B3%E8%A1%9B%E9%96%80" dan="16,18,18,16" rate="2150.28,2212.54,2292.06,2106.46" sx="M,M,M,M"/><TAIKYOKU oya="0"/><INIT seed="0,0,0,3,4,72" ten="250,250,250,250" oya="0" hai0="77,62,10,51,7,111,17,57,87,37,92,27,42" hai1="125,6,22,118,131,81,15,74,24,1,123,49,95" hai2="8,69,65,33,91,84,109,126,105,82,28,29,3" hai3="114,45,0,11,115,55,56,5,116,127,88,78,20"/><T46/><D111/><U130/><E123/><V64/><F105/><W54/><G116/><T18/><D37/><U38/><E38/><V14/><F3/><W31/><G127/><T97/><D27/><U104/><E104/><V19/><F109/><W79/><G115/><T89/><D87/><U21/><E95/><V2/><F126/><W66/><G114/><T107/><D107/><U48/><E48/><V30/><F33/><W98/><G66/><T85/><D85/><U50/><E125/><V121/><F69/><W34/><G34/><T90/><D90/><U76/><E1/><V16/><F2/><W129/><G129/><N who="1" m="49162" /><E118/><V86/><F121/><W101/><G101/><T93/><D93/><U35/><E35/><V43/><F43/><W94/><G45/><T134/><D134/><U40/><E40/><V103/><F103/><W83/><G83/><T99/><D99/><U102/><E102/><V25/><F84/><W68/><G68/><T120/><D120/><U108/><E108/><V39/><F39/><W70/><G70/><T4/><D77/><U112/><E112/><V53/><F53/><W9/><G9/><T36/><D36/><U12/><E22/><AGARI ba="0,0" hai="8,14,16,19,22,25,28,29,30,64,65,82,86,91" machi="22" ten="40,2600,0" yaku="8,1,54,1" doraHai="72" who="2" fromWho="1" sc="250,0,250,-26,250,26,250,0" /><INIT seed="1,0,0,2,2,110" ten="250,224,276,250" oya="1" hai0="49,66,56,22,43,2,33,120,72,19,70,53,75" hai1="16,93,47,12,114,134,115,58,71,131,86,4,90" hai2="9,34,96,17,28,122,117,97,89,41,37,87,27" hai3="109,50,15,101,82,125,61,65,38,73,29,10,76"/><U25/><E71/><V88/><F122/><W85/><G109/><T44/><D33/><U83/><E131/><V6/><F117/><W118/><G38/><N who="0" m="21623" /><D2/><U13/><E134/><V1/><F89/><W55/><G125/><T26/><D120/><U77/><E58/><V102/><F17/><W68/><G118/><T18/><D18/><U60/><E60/><AGARI ba="0,0" hai="19,22,26,49,53,56,60,66,70,72,75" m="21623" machi="60" ten="30,1000,0" yaku="24,1" doraHai="110" who="0" fromWho="1" sc="250,10,224,-10,276,0,250,0" /><INIT seed="2,0,0,3,2,110" ten="260,214,276,250" oya="2" hai0="47,3,61,75,30,122,53,33,49,96,68,87,14" hai1="83,90,28,67,81,129,106,23,76,132,0,63,135" hai2="131,36,118,13,42,64,20,86,43,84,120,39,27" hai3="9,31,4,123,111,104,93,103,130,51,15,34,48"/><V74/><F74/><W37/><G37/><T109/><D122/><U1/><E106/><V52/><F118/><W41/><G123/><T25/><D75/><U69/><E129/><V108/><F64/><W59/><G130/><T24/><D109/><U127/><E127/><V62/><F39/><W57/><G104/><T56/><D3/><U70/><E70/><V124/><F36/><W95/><G111/><T82/><D68/><U92/><E28/><V117/><F124/><W8/><G34/><T107/><D14/><U6/><E23/><V11/><F117/><W35/><G35/><T97/><D25/><U12/><E12/><V66/><F66/><W58/><G31/><T60/><D60/><U100/><E100/><V121/><F108/><W98/><G95/><T79/><D107/><U10/><E0/><V99/><F99/><W40/><REACH who="3" step="1"/><G9/><REACH who="3" ten="260,214,276,240" step="2"/><T126/><D126/><U5/><E5/><V2/><F11/><W88/><G88/><T38/><D38/><U45/><E45/><V101/><F131/><W85/><G85/><T78/><D78/><U119/><E119/><V73/><F84/><W65/><G65/><AGARI ba="0,1" hai="24,30,33,47,49,53,56,61,65,79,82,87,96,97" machi="65" ten="30,1000,0" yaku="7,1" doraHai="110" who="0" fromWho="3" sc="260,20,214,0,276,0,240,-10" /><INIT seed="3,0,0,4,3,78" ten="280,214,276,230" oya="3" hai0="50,21,95,1,5,100,87,75,77,20,130,111,93" hai1="65,89,46,98,22,45,125,102,66,63,120,103,18" hai2="16,52,7,31,19,57,122,4,106,133,10,71,6" hai3="82,69,38,80,14,26,44,28,11,0,53,62,116"/><W135/><G116/><T84/><D75/><U92/><E120/><V85/><F71/><W30/><G0/><T39/><D39/><U59/><E125/><V3/><F106/><W9/><G38/><T127/><D127/><U61/><E102/><V101/><F101/><W74/><G74/><T118/><D118/><U64/><E103/><V70/><F70/><W97/><G69/><T131/><D111/><U41/><E41/><V35/><F133/><W67/><G135/><T96/><D87/><U15/><REACH who="1" step="1"/><E63/><REACH who="1" ten="280,204,276,230" step="2"/><V51/><F122/><W88/><G67/><AGARI ba="0,1" hai="15,18,22,45,46,59,61,64,65,66,67,89,92,98" machi="67" ten="40,8000,1" yaku="1,1,2,1,8,1,53,1" doraHai="78" doraHaiUra="12" who="1" fromWho="3" sc="280,0,204,90,276,0,230,-80" /><INIT seed="4,0,0,5,0,107" ten="280,294,276,150" oya="0" hai0="110,121,92,119,114,16,31,68,125,57,96,131,130" hai1="91,78,6,33,59,103,11,5,82,51,132,7,12" hai2="81,34,30,65,77,3,73,83,35,40,124,105,18" hai3="19,108,63,100,113,13,123,84,62,102,80,126,129"/><T46/><D68/><U53/><E33/><V24/><F35/><W15/><G113/><T74/><D114/><U134/><E103/><V98/><F124/><W44/><G108/><T50/><D125/><U118/><E91/><V25/><F83/><W54/><G126/><T117/><D110/><U43/><E43/><V135/><F135/><N who="1" m="51753" /><E118/><V56/><F3/><W45/><G129/><N who="0" m="49163" /><D121/><U60/><E51/><V89/><F40/><W99/><G123/><T9/><D74/><AGARI ba="0,0" hai="5,6,7,11,12,53,59,60,74,78,82" m="51753" machi="74" ten="30,2000,0" yaku="20,1,52,1" doraHai="107" who="1" fromWho="0" sc="280,-20,294,20,276,0,150,0" owari="260,-14.0,314,41.0,276,8.0,150,-35.0" /></mjloggm>