<mjloggm ver="2.3"><GO type="169" lobby="0"/><UN n0="%3D%4A%61%6D" n1="%E2%80%A0%E3%81%BE%E3%83%BC%E5%9D%8A%E2%80%A0" n2="%E7%8B%AC%E6%AD%A9" n3="%E5%B0%B1%E6%B4%BB%E7%94%9F%40%E5%B7%9D%E6%9D%91%E8%BB%8D%E5%9B%A3" dan="17,18,20,16" rate="2191.59,2198.06,2197.31,2153.33" sx="M,M,M,M"/><TAIKYOKU oya="0"/><INIT seed="0,0,0,0,3,113" ten="250,250,250,250" oya="0" hai0="69,121,125,66,24,79,89,67,55,20,91,87,97" hai1="96,44,47,13,38,62,22,50,132,39,85,1,111" hai2="70,52,77,18,31,2,29,42,28,106,16,0,6" hai3="94,23,128,134,65,54,43,84,30,19,12,86,119"/><T3/><D121/><U64/><E1/><V93/><F106/><W80/><G128/><T41/><D3/><U124/><E96/><V7/><F70/><W74/><G134/><T99/><D125/><U72/><E72/><V63/><F42/><W92/><G65/><N who="0" m="24587" /><D41/><U27/><E124/><V56/><F2/><W108/><G108/><T78/><D69/><U57/><E111/><V60/><F77/><N who="0" m="29194" /><D55/><U131/><E132/><V127/><F127/><W4/><G74/><T59/><D59/><U5/><E131/><V118/><F118/><W103/><G43/><T34/><D34/><U46/><E39/><V133/><F133/><W45/><G4/><N who="2" m="1577" /><F0/><W40/><G40/><T61/><D61/><N who="2" m="23626" /><F93/><W88/><G92/><N who="0" m="54335" /><D91/><U82/><E38/><V116/><F116/><W122/><G119/><T110/><D110/><U37/><E37/><V126/><F126/><W120/><G103/><T100/><D100/><U81/><E50/><AGARI ba="0,0" hai="16,18,28,29,31,50,52,56" m="23626,1577" machi="50" ten="30,3900,0" yaku="8,1,54,2" doraHai="113" who="2" fromWho="1" sc="250,0,250,-39,250,39,250,0" /><INIT seed="1,0,0,3,1,95" ten="250,211,289,250" oya="1" hai0="20,112,105,0,49,129,39,12,103,43,123,132,6" hai1="111,34,82,102,42,94,24,55,65,104,32,89,26" hai2="1,75,51,16,57,97,126,96,85,69,87,15,107" hai3="7,131,46,83,62,116,3,73,19,50,8,29,28"/><U93/><E104/><V88/><F69/><W5/><G131/><T133/><D112/><U72/><E111/><V119/><F119/><W41/><G116/><T56/><D123/><U108/><E108/><V13/><F1/><W114/><G114/><T76/><D129/><U48/><E42/><V79/><F75/><W58/><G7/><T117/><D76/><U38/><E38/><V27/><F107/><W110/><G110/><T35/><D35/><U68/><E32/><V90/><F79/><W44/><G44/><T77/><D77/><U33/><E33/><V53/><F27/><W59/><G59/><T4/><D0/><U30/><E24/><V124/><F13/><W115/><G115/><T36/><D117/><U9/><E9/><N who="2" m="6255" /><F126/><W63/><G63/><T113/><D113/><U14/><E14/><V70/><F70/><W47/><G47/><N who="0" m="25855" /><D6/><U37/><E37/><V64/><F64/><W128/><G128/><T25/><D56/><U66/><E68/><V98/><F124/><W21/><G83/><T67/><D67/><U10/><E82/><N who="2" m="49207" /><F87/><W122/><G73/><T120/><D120/><U11/><E72/><V84/><F84/><W81/><G81/><T121/><D121/><U40/><E66/><V17/><F17/><W52/><G122/><T78/><D78/><U100/><E65/><V118/><F118/><W101/><G29/><N who="0" m="17575" /><D12/><U106/><E30/><V2/><F2/><W135/><G28/><T125/><D125/><U80/><E34/><V92/><AGARI ba="0,0" hai="51,53,57,90,92,96,97,98" m="49207,6255" machi="92" ten="30,12000,2" yaku="8,1,52,3,54,2" doraHai="95" who="2" fromWho="2" sc="250,-30,211,-60,289,120,250,-30" /><INIT seed="2,0,0,3,2,135" ten="220,151,409,220" oya="2" hai0="2,111,3,24,11,58,123,118,92,108,51,46,74" hai1="110,121,17,102,21,73,22,57,55,50,104,1,112" hai2="95,77,27,38,122,65,82,99,41,61,18,40,131" hai3="129,128,39,9,14,101,36,59,105,68,64,97,94"/><V69/><F122/><W109/><G68/><T28/><D74/><U134/><E1/><V103/><F131/><N who="3" m="50251" /><G109/><N who="0" m="42059" /><D123/><U16/><E73/><V4/><F4/><N who="3" m="3367" /><G105/><T23/><D118/><U87/><E121/><V81/><F38/><W71/><G71/><T37/><D11/><U114/><E110/><V75/><REACH who="2" step="1"/><F81/><REACH who="2" ten="220,151,399,220" step="2"/><W19/><G39/><T100/><D37/><U115/><E115/><V126/><F126/><W20/><G36/><T80/><D80/><U47/><E114/><V26/><F26/><W85/><G64/><T8/><D3/><U25/><E112/><V120/><F120/><W10/><G59/><T130/><D58/><U67/><E67/><V133/><F133/><W70/><G70/><T44/><D130/><U15/><E134/><V54/><F54/><W90/><G10/><T63/><D8/><U62/><E57/><V0/><F0/><W79/><G79/><T76/><D76/><U84/><REACH who="1" step="1"/><E62/><REACH who="1" ten="220,141,399,220" step="2"/><V119/><F119/><W52/><G20/><AGARI ba="0,2" hai="18,20,27,40,41,61,65,69,75,77,82,95,99,103" machi="20" ten="40,2000,0" yaku="1,1,53,0" doraHai="135" doraHaiUra="35" who="2" fromWho="3" sc="220,0,141,0,399,40,220,-20" /><INIT seed="2,1,0,2,4,44" ten="220,141,439,200" oya="2" hai0="91,10,33,82,75,76,112,120,6,26,43,67,66" hai1="105,117,132,38,46,100,97,129,72,63,86,113,65" hai2="50,54,14,90,135,78,36,31,114,94,1,73,109" hai3="83,85,37,9,92,69,70,115,122,51,98,93,99"/><V32/><F1/><W101/><G37/><T79/><D112/><U123/><E117/><V128/><F36/><W108/><G122/><T24/><D120/><U20/><E113/><V47/><F114/><W133/><G115/><T13/><D43/><U68/><E72/><V7/><F135/><W88/><G133/><T58/><D33/><U17/><E123/><V96/><F128/><W102/><G108/><T49/><D91/><U11/><E132/><V29/><F32/><W48/><G9/><T34/><D79/><U18/><E129/><V95/><F109/><W8/><G8/><T21/><D34/><U103/><E103/><V121/><F121/><W71/><AGARI ba="1,0" hai="48,51,69,70,71,83,85,88,92,93,98,99,101,102" machi="71" ten="30,8000,1" yaku="0,1,9,1,52,2,54,1" doraHai="44" who="3" fromWho="3" sc="220,-21,141,-21,439,-41,200,83" /><INIT seed="3,0,0,1,5,50" ten="199,120,398,283" oya="3" hai0="17,120,75,103,80,79,93,68,114,130,88,12,84" hai1="56,110,77,52,41,23,95,60,43,117,132,15,1" hai2="31,128,70,35,40,11,69,65,134,14,6,26,5" hai3="18,27,71,44,53,62,8,122,101,32,87,97,133"/><W121/><G133/><T85/><D68/><U109/><E1/><V135/><F40/><W9/><G87/><T123/><D114/><U42/><E132/><N who="2" m="50731" /><F128/><W92/><G71/><N who="2" m="27145" /><F65/><W39/><G39/><T116/><D116/><U129/><E129/><V67/><F67/><W0/><G0/><T86/><D130/><U131/><E131/><V102/><F102/><W74/><G74/><T63/><D63/><U113/><E113/><V111/><F111/><N who="1" m="42505" /><E117/><V59/><F59/><W105/><G105/><T61/><D61/><U72/><E95/><V45/><F45/><W82/><G82/><T22/><REACH who="0" step="1"/><D103/><REACH who="0" ten="189,120,398,283" step="2"/><U89/><E89/><V54/><F6/><W66/><G66/><T29/><D29/><U37/><E37/><V10/><F5/><W16/><G122/><AGARI ba="0,1" hai="12,17,22,75,79,80,84,85,86,88,93,120,122,123" machi="122" ten="40,2600,0" yaku="1,1,54,1,53,0" doraHai="50" doraHaiUra="20" who="0" fromWho="3" sc="189,36,120,0,398,0,283,-26" /><INIT seed="4,0,0,1,5,8" ten="225,120,398,257" oya="0" hai0="120,95,103,110,46,12,61,6,47,44,10,102,96" hai1="35,29,75,97,92,87,60,55,77,3,130,34,106" hai2="125,69,76,105,19,134,13,21,104,109,67,32,126" hai3="85,53,9,52,63,86,135,123,131,118,37,114,30"/><T39/><D120/><U70/><E130/><V0/><F109/><W83/><G37/><T101/><D39/><U28/><E3/><V5/><F76/><W65/><G118/><T74/><D74/><U36/><E36/><V18/><F32/><W84/><G83/><T108/><REACH who="0" step="1"/><D61/><REACH who="0" ten="215,120,398,257" step="2"/><U115/><E75/><V129/><F129/><W81/><G123/><T58/><D58/><U111/><E60/><V68/><F68/><W128/><G128/><T116/><D116/><U50/><E70/><V117/><F117/><W72/><G131/><T94/><D94/><U89/><E92/><V54/><F69/><W45/><G72/><T62/><D62/><U43/><E111/><AGARI ba="0,1" hai="6,10,12,44,46,47,95,96,101,102,103,108,110,111" machi="111" ten="40,7700,0" yaku="1,1,10,1,52,1,53,0" doraHai="8" doraHaiUra="15" who="0" fromWho="1" sc="215,87,120,-77,398,0,257,0" /><INIT seed="4,1,0,0,3,39" ten="302,43,398,257" oya="0" hai0="21,52,23,35,116,9,55,45,99,11,109,119,104" hai1="68,46,75,114,94,50,91,81,17,63,90,122,82" hai2="18,111,56,85,0,62,72,74,44,66,108,4,95" hai3="121,88,5,61,103,134,1,80,65,89,83,84,100"/><T24/><D35/><U3/><E122/><V6/><F74/><W25/><G134/><T79/><D79/><U96/><E3/><V132/><F72/><W19/><G121/><T69/><D69/><U130/><E130/><V13/><F132/><W112/><G112/><T8/><D109/><U16/><E114/><V40/><F0/><W131/><G131/><T127/><D127/><U36/><E36/><V43/><F111/><W20/><G1/><T42/><D104/><U60/><E75/><V77/><F108/><W115/><G5/><N who="2" m="2153" /><F44/><W71/><G115/><T87/><D87/><AGARI ba="1,0" hai="19,20,25,61,65,71,80,83,84,87,88,89,100,103" machi="87" ten="40,2600,0" yaku="9,1,54,1" doraHai="39" who="3" fromWho="0" sc="302,-29,43,0,398,0,257,29" /><INIT seed="5,0,0,4,3,34" ten="273,43,398,286" oya="1" hai0="90,95,62,73,76,52,39,60,124,8,32,79,5" hai1="74,105,17,11,82,77,133,70,55,42,106,131,27" hai2="97,21,98,67,38,96,121,69,59,108,71,103,45" hai3="63,116,40,127,10,72,29,115,44,64,83,101,53"/><U3/><E70/><V113/><F121/><W94/><G115/><T49/><D32/><U19/><E131/><V56/><F108/><W129/><G129/><T41/><D124/><U112/><E112/><V80/><F113/><W81/><G72/><T78/><D41/><U7/><E133/><V12/><F103/><W125/><G29/><T75/><D39/><U88/><E55/><V0/><F0/><W24/><G24/><T58/><D75/><U89/><E42/><V47/><F38/><W93/><G53/><T135/><D73/><U15/><E27/><V22/><F80/><N who="3" m="30795" /><G10/><T68/><D68/><U87/><E19/><V100/><F100/><W102/><G116/><T132/><D132/><U61/><E61/><V110/><F110/><W120/><G120/><T4/><D135/><U51/><E51/><V20/><F69/><W6/><G6/><N who="0" m="2667" /><D8/><U107/><REACH who="1" step="1"/><E74/><REACH who="1" ten="273,33,398,286" step="2"/><V117/><F71/><W57/><G125/><T84/><AGARI ba="0,1" hai="49,52,58,60,62,76,78,79,84,90,95" m="2667" machi="84" ten="30,2000,0" yaku="8,1,54,1" doraHai="34" who="0" fromWho="0" sc="273,30,33,-10,398,-5,286,-5" /><INIT seed="6,0,0,2,5,18" ten="303,23,393,281" oya="2" hai0="130,11,86,29,93,10,96,35,4,88,127,124,6" hai1="38,92,97,16,30,48,61,77,23,31,111,122,34" hai2="116,107,84,3,121,102,22,27,41,26,28,62,117" hai3="78,103,50,36,98,134,43,119,123,1,52,135,89"/><V100/><F121/><W69/><G1/><T42/><D42/><U45/><E38/><V20/><F3/><W53/><G69/><T101/><D130/><U99/><E111/><V56/><F41/><W80/><G119/><T14/><D35/><U94/><E34/><V71/><F71/><W15/><G123/><T39/><D39/><U32/><E32/><V82/><F107/><W8/><G36/><T21/><D29/><U9/><E122/><V64/><F117/><W73/><G89/><T5/><D21/><U47/><E77/><N who="2" m="46159" /><F116/><W128/><G128/><T68/><D68/><U104/><E104/><V66/><F66/><W2/><G2/><T7/><REACH who="0" step="1"/><D11/><REACH who="0" ten="293,23,393,281" step="2"/><U75/><E75/><V65/><F65/><W74/><G74/><T17/><D17/><AGARI ba="0,1" hai="17,20,22,26,27,28,56,62,64,100,102" m="46159" machi="17" ten="30,5800,0" yaku="8,1,52,2" doraHai="18" who="2" fromWho="0" sc="293,-58,23,0,393,68,281,0" /><INIT seed="6,1,0,1,2,75" ten="235,23,461,281" oya="2" hai0="13,64,77,24,99,10,108,0,88,121,113,107,37" hai1="95,69,9,30,55,110,20,70,131,76,84,97,29" hai2="6,72,2,73,47,51,40,45,122,85,80,23,49" hai3="58,22,42,16,65,123,101,14,103,90,109,54,78"/><V105/><F105/><W126/><G109/><T53/><D0/><U96/><E110/><V21/><F122/><W43/><G123/><T120/><D37/><U114/><E114/><V91/><F72/><W34/><G34/><T3/><D3/><U46/><E131/><V25/><F73/><W134/><G134/><T117/><D108/><U132/><E132/><V28/><F2/><W27/><G126/><T1/><D1/><U5/><E70/><V79/><F6/><W86/><G65/><T52/><D64/><U57/><E69/><V32/><REACH who="2" step="1"/><F91/><REACH who="2" ten="235,23,451,281" step="2"/><W66/><G101/><T67/><D88/><U102/><E46/><V128/><F128/><W104/><G103/><T7/><D7/><U44/><E44/><V63/><F63/><W74/><G104/><T127/><D107/><U100/><E100/><V18/><F18/><W94/><G74/><T92/><D121/><U83/><E97/><V61/><F61/><W62/><G90/><T124/><D99/><U112/><E112/><V59/><F59/><W38/><G58/><T106/><D106/><U135/><E135/><V17/><F17/><W56/><G62/><T36/><D113/><U129/><E129/><V39/><F39/><W116/><G38/><T33/><D36/><U87/><E87/><V12/><F12/><W111/><G86/><T26/><D120/><U60/><REACH who="1" step="1"/><E20/><REACH who="1" ten="235,13,451,281" step="2"/><V31/><F31/><W50/><G22/><T118/><D127/><U35/><E35/><V98/><F98/><W125/><G111/><T89/><D33/><U15/><AGARI ba="1,2" hai="5,9,15,29,30,55,57,60,76,83,84,95,96,102" machi="15" ten="20,8000,1" yaku="1,1,0,1,7,1,8,1,52,1,53,0" doraHai="75" doraHaiUra="71" who="1" fromWho="1" sc="235,-21,13,103,451,-41,281,-21" /><INIT seed="7,0,0,3,1,69" ten="214,116,410,260" oya="3" hai0="83,124,3,27,67,82,111,68,7,54,65,74,6" hai1="106,122,35,9,57,44,33,117,128,72,86,73,59" hai2="75,25,45,16,13,40,48,5,80,135,127,77,92" hai3="38,28,96,37,132,125,114,18,17,118,12,94,90"/><W30/><G118/><T1/><D111/><U133/><E117/><V62/><F127/><W129/><G125/><T130/><D124/><U115/><E106/><V10/><F135/><W131/><G132/><T42/><D130/><N who="3" m="49673" /><G18/><T60/><D54/><U98/><E128/><V50/><F62/><W89/><G89/><T58/><D27/><U36/><E133/><V23/><F92/><W104/><G104/><T63/><D42/><U4/><E122/><V34/><F34/><W126/><G114/><T66/><D66/><U79/><E98/><V103/><F103/><W108/><G108/><T70/><D58/><U87/><E79/><V112/><F112/><W49/><G49/><AGARI ba="0,0" hai="5,10,13,16,23,25,40,45,48,49,50,75,77,80" machi="49" ten="30,2000,0" yaku="7,1,54,1" doraHai="69" who="2" fromWho="3" sc="214,0,116,0,410,20,260,-20" owari="214,-19.0,116,-38.0,430,53.0,240,4.0" /></mjloggm>