<mjloggm ver="2.3"><GO type="169" lobby="0"/><UN n0="%E5%B0%B1%E6%B4%BB%E7%94%9F%40%E5%B7%9D%E6%9D%91%E8%BB%8D%E5%9B%A3" n1="%E3%82%BF%E3%82%AD%E3%83%88%E3%83%BC%E3%83%AB" n2="%E3%81%BD%E3%82%93%E5%A4%A7%E7%94%9F" n3="%E3%83%94%E3%83%BC%E3%83%81%E3%83%BB%E3%83%9E%E3%82%AD" dan="16,16,16,16" rate="2155.09,2130.38,2071.97,2025.14" sx="M,M,M,F"/><TAIKYOKU oya="0"/><INIT seed="0,0,0,4,2,67" ten="250,250,250,250" oya="0" hai0="120,19,61,4,96,68,24,48,77,32,25,134,75" hai1="66,23,128,113,53,127,99,116,130,126,104,28,54" hai2="102,49,9,111,64,44,78,71,88,86,98,132,13" hai3="11,85,58,46,69,95,5,125,115,16,92,119,31"/><T62/><D120/><U35/><E116/><V93/><F111/><W38/><G119/><T59/><D134/><U123/><E123/><V81/><F132/><W8/><G115/><T52/><D4/><U3/><E104/><V1/><F1/><W47/><G38/><T121/><D121/><U55/><E99/><V57/><F57/><W109/><G109/><T82/><D96/><U122/><E122/><V65/><F71/><W51/><G31/><T6/><D6/><U105/><E105/><V114/><F102/><W90/><G69/><T45/><D32/><U26/><E113/><V76/><F76/><W21/><G95/><T135/><D135/><U7/><E66/><V14/><F114/><W40/><G47/><T56/><D19/><U84/><E84/><V112/><F112/><W36/><G36/><T124/><D124/><N who="1" m="47659" /><E35/><V17/><REACH who="2" step="1"/><F14/><REACH who="2" ten="250,250,240,250" step="2"/><W94/><G125/><T107/><D68/><U41/><E3/><V18/><F18/><W87/><G58/><T74/><D107/><U100/><E100/><V2/><F2/><W129/><G5/><T33/><D75/><U108/><E108/><V79/><F79/><W80/><G129/><N who="1" m="49770" /><E7/><V12/><F12/><N who="3" m="9351" /><G94/><T10/><D77/><AGARI ba="0,1" hai="8,11,40,46,51,77,80,85,87,90,92" m="9351" machi="77" ten="30,2000,0" yaku="8,1,54,1" doraHai="67" who="3" fromWho="0" sc="250,-20,250,0,240,0,250,30" /><INIT seed="1,0,0,5,2,81" ten="230,250,240,280" oya="1" hai0="28,54,1,69,59,84,20,107,50,27,53,16,100" hai1="111,37,41,34,121,25,117,45,116,85,55,38,97" hai2="10,9,95,76,39,108,51,110,65,101,112,42,129" hai3="33,126,6,128,43,26,49,80,75,119,4,48,32"/><U122/><E97/><N who="2" m="59583" /><F129/><W0/><G128/><T3/><D69/><U133/><E34/><V72/><F112/><W68/><G68/><T61/><D28/><U23/><E23/><V132/><F39/><W24/><G119/><N who="1" m="45642" /><E25/><V98/><F65/><W17/><G43/><T57/><REACH who="0" step="1"/><D84/><REACH who="0" ten="220,250,240,280" step="2"/><U103/><E85/><V115/><F72/><W83/><G75/><T102/><D102/><U120/><E103/><V93/><F110/><W31/><G31/><T90/><D90/><U22/><E111/><V15/><F108/><W123/><G123/><T131/><D131/><U58/><E133/><V87/><F132/><W2/><REACH who="3" step="1"/><G17/><REACH who="3" ten="220,250,240,270" step="2"/><T14/><D14/><U30/><E30/><V13/><F15/><W60/><G60/><T47/><D47/><U36/><E22/><V77/><F13/><W52/><G52/><T113/><D113/><U82/><E82/><V5/><F115/><W18/><G18/><T29/><D29/><U105/><E120/><V124/><F124/><AGARI ba="0,2" hai="0,2,4,6,24,26,32,33,48,49,80,83,124,126" machi="124" ten="25,3200,0" yaku="1,1,22,2,53,0" doraHai="81" doraHaiUra="71" who="3" fromWho="2" sc="220,0,250,0,240,-32,270,52" /><INIT seed="2,0,0,4,4,114" ten="220,250,208,322" oya="2" hai0="88,58,34,123,100,70,98,74,40,90,60,96,52" hai1="61,125,2,25,28,1,109,23,56,19,12,6,89" hai2="133,72,47,36,110,31,122,135,76,101,30,50,59" hai3="10,68,83,129,9,81,126,24,17,0,115,75,111"/><V21/><F122/><W54/><G68/><T48/><D74/><U91/><E125/><V4/><F36/><W80/><G75/><T79/><D123/><U14/><E109/><V104/><F110/><W118/><G111/><T105/><D79/><U132/><E132/><N who="2" m="50763" /><F4/><W46/><G126/><T82/><D82/><U55/><E12/><V116/><F116/><W29/><G118/><T53/><D34/><U38/><E38/><V71/><F71/><W20/><G115/><T106/><D40/><U42/><E42/><N who="2" m="24951" /><F59/><W120/><G120/><T87/><D87/><U39/><E39/><V69/><F69/><W103/><G0/><T35/><D35/><U18/><E18/><V5/><F5/><W33/><G129/><T94/><D70/><U130/><E130/><V27/><F31/><W128/><G128/><T92/><D100/><U8/><REACH who="1" step="1"/><E1/><REACH who="1" ten="220,240,208,322" step="2"/><V45/><F45/><AGARI ba="0,1" hai="45,48,52,53,58,60,88,90,92,94,96,98,105,106" machi="45" ten="30,7700,0" yaku="7,1,9,1,54,2" doraHai="114" who="0" fromWho="2" sc="220,87,240,0,208,-77,322,0" /><INIT seed="3,0,0,2,4,93" ten="307,240,131,322" oya="3" hai0="101,19,70,94,33,65,61,128,8,96,80,85,15" hai1="105,10,18,47,81,57,125,31,50,45,14,11,27" hai2="38,110,95,39,119,32,40,126,73,66,41,111,28" hai3="4,107,60,115,100,135,44,112,103,24,92,29,114"/><W134/><G107/><T108/><D108/><N who="2" m="41514" /><F73/><W69/><G4/><T43/><D128/><U99/><E125/><V55/><F28/><W109/><G44/><T132/><D132/><N who="3" m="50729" /><G109/><T5/><D43/><N who="2" m="16458" /><F32/><N who="3" m="20519" /><G92/><T42/><D42/><U49/><E81/><V7/><F119/><W67/><AGARI ba="0,0" hai="60,67,69,100,103,112,114,115" m="20519,50729" machi="67" ten="40,2100,0" yaku="20,1" doraHai="93" who="3" fromWho="3" sc="307,-7,240,-7,131,-7,322,21" /><INIT seed="3,1,0,1,2,34" ten="300,233,124,343" oya="3" hai0="60,8,75,52,45,0,33,120,9,67,127,100,6" hai1="44,70,68,78,106,28,62,1,71,94,86,19,47" hai2="53,118,102,42,116,77,13,18,15,90,69,108,46" hai3="41,110,11,128,111,36,92,50,58,74,96,125,25"/><W81/><G125/><T79/><D120/><U99/><E28/><V114/><F108/><N who="3" m="41515" /><G128/><T89/><D33/><U121/><E121/><V30/><F114/><W112/><G112/><T131/><D127/><U103/><E62/><V107/><F69/><W80/><G74/><T23/><D131/><U40/><E40/><V43/><F30/><W55/><G25/><T66/><D100/><U16/><E1/><V122/><F122/><W39/><G11/><T59/><D9/><U76/><E76/><V88/><F77/><W101/><G41/><T129/><D129/><U57/><E57/><V3/><F3/><W24/><G24/><T61/><D89/><U31/><E31/><V82/><F82/><AGARI ba="1,0" hai="36,39,50,55,58,80,81,82,92,96,101" m="41515" machi="82" ten="30,2900,0" yaku="14,1,10,1" doraHai="34" who="3" fromWho="2" sc="300,0,233,0,124,-32,343,32" /><INIT seed="3,2,0,1,3,60" ten="300,233,92,375" oya="3" hai0="53,57,129,70,80,100,111,54,58,109,96,6,40" hai1="87,8,81,46,65,67,93,43,59,3,20,95,103" hai2="71,88,0,11,45,133,42,126,83,92,86,2,14" hai3="79,69,64,99,9,89,37,51,119,117,21,113,104"/><W27/><G37/><T130/><D6/><U13/><E3/><V118/><F118/><W29/><G113/><T35/><D35/><U102/><E20/><V107/><F107/><W31/><G79/><T63/><D80/><U49/><E59/><V135/><F126/><W66/><G69/><T30/><D30/><U26/><E26/><V62/><F92/><N who="1" m="35401" /><E103/><V32/><F32/><W125/><G125/><T22/><D22/><U41/><E41/><V94/><F94/><N who="3" m="56783" /><G104/><T128/><D100/><U134/><E134/><V97/><F97/><W39/><G39/><T5/><D5/><N who="1" m="3215" /><E102/><V68/><F2/><W108/><G108/><N who="0" m="41547" /><D96/><U123/><E123/><V16/><F0/><W110/><G110/><T131/><N who="0" m="33280" /><DORA hai="114" /><T1/><D1/><U61/><E61/><V28/><F28/><W106/><G31/><T38/><D70/><U52/><E43/><V105/><F105/><W44/><G106/><T7/><D7/><U23/><E23/><V90/><F90/><AGARI ba="2,0" hai="46,49,52,65,67,81,87,90" m="3215,35401" machi="90" ten="30,7700,0" yaku="8,1,52,2,54,1" doraHai="60,114" who="1" fromWho="2" sc="300,0,233,83,92,-83,375,0" /><INIT seed="4,0,0,3,4,46" ten="300,316,9,375" oya="0" hai0="23,54,116,127,0,90,7,4,135,100,129,96,47" hai1="8,58,132,80,60,119,131,17,81,107,108,114,24" hai2="13,118,95,1,31,102,98,111,78,122,68,94,9" hai3="36,106,99,112,97,64,126,55,76,30,15,6,128"/><T83/><D116/><U2/><E119/><V18/><F122/><W10/><G112/><T77/><D129/><U69/><E108/><V121/><F121/><W44/><G128/><T32/><D32/><U53/><E131/><V89/><F118/><W25/><G76/><T42/><D127/><U27/><E114/><V66/><F111/><W62/><G106/><T52/><D135/><U85/><E107/><V61/><F78/><W5/><G5/><T48/><D23/><U45/><E69/><V124/><F124/><W73/><G73/><T67/><D67/><N who="1" m="39319" /><E2/><V115/><F115/><W35/><G126/><T92/><D100/><U14/><E132/><V59/><F1/><W56/><G36/><T49/><D0/><U105/><E105/><V63/><F31/><W109/><G109/><T19/><D19/><U84/><E84/><N who="2" m="52519" /><F68/><W51/><AGARI ba="0,0" hai="6,10,15,25,30,35,44,51,55,56,62,64,97,99" machi="51" ten="30,2000,0" yaku="0,1,52,1" doraHai="46" who="3" fromWho="3" sc="300,-10,316,-5,9,-5,375,20" /><INIT seed="5,0,0,1,2,86" ten="290,311,4,395" oya="1" hai0="110,111,121,65,53,128,79,102,77,42,70,21,19" hai1="75,114,83,31,105,131,112,27,68,10,91,103,24" hai2="126,78,116,119,63,123,132,117,74,106,1,88,115" hai3="32,13,94,36,30,41,93,22,3,5,38,113,50"/><U96/><E68/><V84/><F1/><W29/><G32/><T120/><D42/><U95/><E131/><V47/><F47/><W73/><G73/><T76/><D128/><U125/><E125/><V72/><F63/><W9/><G113/><N who="1" m="43626" /><E10/><V118/><N who="2" m="29696" /><DORA hai="6" /><V127/><F115/><W56/><G36/><T87/><D102/><U62/><E62/><V67/><F67/><W57/><G38/><T71/><D53/><U48/><E48/><V14/><F14/><W85/><G3/><T0/><D0/><U80/><E31/><V109/><F123/><N who="0" m="47178" /><D87/><N who="1" m="52735" /><E75/><N who="2" m="28715" /><F109/><N who="0" m="41482" /><D65/><U82/><AGARI ba="0,0" hai="24,27,80,82,83,96,103,105" m="52735,43626" machi="82" ten="30,3000,0" yaku="15,1,52,1" doraHai="86,6" who="1" fromWho="1" sc="290,-10,311,30,4,-10,395,-10" owari="280,-12.0,341,14.0,-6,-51.0,385,49.0" /></mjloggm>