<mjloggm ver="2.3"><GO type="225" lobby="0"/><UN n0="%E3%83%8D%E3%82%B8%E3%82%AD" n1="%E8%87%AA%E7%A7%B0%E6%9C%80%E5%BC%B7%E9%9B%80%E5%A3%AB%EF%BC%93" n2="%E3%82%A6%E3%83%AB%E3%83%88%E3%83%A9%E7%AB%8B%E7%9B%B4" n3="%E3%83%AA%E3%83%81%E3%83%A3%21%21" dan="17,16,17,17" rate="2133.64,2162.16,2150.34,2141.86" sx="M,M,M,M"/><TAIKYOKU oya="0"/><INIT seed="0,0,0,3,2,133" ten="250,250,250,250" oya="0" hai0="126,69,74,53,93,118,49,135,58,44,42,84,16" hai1="130,56,45,113,65,27,82,76,2,18,89,0,91" hai2="47,103,78,46,28,52,7,34,95,5,22,87,86" hai3="70,94,115,134,121,31,39,75,122,77,116,72,50"/><T40/><D118/><U36/><E113/><V48/><F34/><W108/><G39/><T106/><D106/><U59/><E130/><V107/><F107/><W119/><G70/><T109/><D74/><N who="3" m="28201" /><G50/><T112/><D112/><U51/><E36/><V55/><F78/><W3/><G31/><T32/><D32/><U124/><E76/><V110/><F110/><W132/><G3/><T30/><D69/><U97/><E97/><V1/><F1/><W80/><G115/><T120/><D120/><N who="3" m="46185" /><G108/><T41/><D30/><U38/><E38/><V83/><F83/><W79/><G94/><T104/><D104/><U63/><E2/><V98/><F28/><W67/><G67/><T129/><D109/><U6/><E0/><V114/><F114/><W92/><G92/><T33/><D33/><U12/><E82/><V10/><F22/><W26/><G26/><T127/><D129/><U105/><E105/><V102/><F95/><W11/><G11/><T21/><D135/><N who="3" m="51753" /><G77/><T100/><D44/><U8/><E27/><V20/><F10/><W4/><G4/><T128/><D128/><U96/><E45/><V123/><F20/><W68/><G68/><T15/><D100/><U17/><E6/><V13/><F123/><W60/><G60/><T90/><AGARI ba="0,0" hai="15,16,21,40,41,42,49,53,58,84,90,93,126,127" machi="90" ten="30,18000,2" yaku="0,1,25,2,52,2,54,1" doraHai="133" who="0" fromWho="0" sc="250,180,250,-60,250,-60,250,-60" /><INIT seed="0,1,0,4,0,116" ten="430,190,190,190" oya="0" hai0="105,50,68,39,109,100,21,113,135,59,128,77,75" hai1="91,62,17,41,6,119,44,52,71,126,19,99,1" hai2="5,11,10,84,23,36,93,47,4,32,30,31,85" hai3="117,111,55,127,124,120,29,97,104,46,123,110,37"/><T94/><D113/><U130/><E119/><V95/><F23/><W45/><G117/><T107/><D39/><U25/><E130/><V12/><F47/><N who="3" m="17931" /><G29/><T76/><D68/><U60/><E1/><V89/><F36/><W28/><G28/><T3/><D3/><U27/><E6/><V78/><F32/><W118/><G118/><T86/><D135/><U83/><E126/><N who="3" m="48170" /><G55/><T51/><D105/><U121/><E71/><V0/><F78/><W65/><G65/><T87/><D107/><U53/><E41/><V114/><F114/><W15/><G15/><T108/><D21/><U26/><E121/><N who="3" m="46666" /><G37/><T92/><D77/><U22/><E53/><V64/><F64/><W48/><G48/><T106/><D76/><U96/><E44/><V57/><F57/><W131/><G131/><T67/><D51/><U70/><E70/><V112/><F112/><W9/><G9/><T20/><D128/><U2/><E2/><V129/><F129/><W80/><G80/><T49/><D49/><U122/><E122/><V134/><F134/><W42/><G42/><T63/><D50/><U34/><E52/><V66/><F66/><W74/><G74/><T73/><D73/><U88/><E83/><V18/><F31/><W35/><G35/><T58/><D75/><U69/><E34/><V40/><F30/><W72/><G72/><T102/><D67/><U61/><E69/><V54/><F54/><W16/><G16/><N who="1" m="6218" /><E22/><N who="2" m="11591" /><F40/><W90/><G104/><T133/><D106/><U14/><E14/><V103/><F10/><W115/><G115/><T33/><D33/><U8/><E8/><RYUUKYOKU ba="1,0" sc="430,-15,190,15,190,-15,190,15" hai1="25,26,27,60,61,62,88,91,96,99" hai3="90,97,110,111" /><INIT seed="1,2,0,3,5,14" ten="415,205,175,205" oya="1" hai0="27,128,32,58,61,18,112,8,19,107,71,47,73" hai1="13,52,123,68,49,120,64,104,4,106,134,42,113" hai2="9,15,124,97,74,101,129,88,36,62,2,90,76" hai3="126,84,56,130,109,31,59,66,86,48,44,6,46"/><U116/><E116/><V22/><F36/><W40/><G109/><T39/><D73/><U103/><E113/><V30/><F129/><W1/><G126/><T89/><D71/><U95/><E42/><V12/><F124/><W108/><G108/><T75/><D75/><U102/><E134/><V85/><F74/><W131/><G31/><T53/><D107/><U114/><E114/><V72/><F72/><W35/><G35/><T41/><D128/><N who="3" m="49193" /><G6/><T28/><D112/><U33/><E33/><V65/><F2/><W115/><G1/><T81/><D8/><U55/><E4/><V125/><F125/><W91/><G86/><T26/><D26/><U0/><E0/><V80/><F30/><W70/><G115/><T98/><D98/><U34/><E34/><V45/><F45/><W117/><G117/><T38/><D38/><U60/><E104/><V118/><F118/><W100/><G100/><T77/><D77/><U69/><E106/><V51/><F51/><N who="3" m="27015" /><G66/><T119/><D119/><U67/><E102/><V11/><F101/><W16/><G16/><N who="0" m="6187" /><D41/><U121/><E121/><V96/><F96/><W43/><G70/><T122/><D122/><U94/><E103/><V23/><F97/><W127/><G127/><T10/><D10/><N who="2" m="3594" /><F23/><W132/><G132/><T63/><D39/><U92/><E120/><V57/><F22/><W3/><G3/><T87/><D47/><N who="1" m="27711" /><E123/><V7/><F7/><W37/><G37/><T54/><D61/><U5/><E67/><V17/><F15/><W78/><G78/><T20/><D32/><U29/><E64/><AGARI ba="2,0" hai="20,27,28,53,54,58,63,64,81,87,89" m="6187" machi="64" ten="30,8000,1" yaku="8,1,52,3,54,1" doraHai="14" who="0" fromWho="1" sc="415,86,205,-86,175,0,205,0" /><INIT seed="2,0,0,5,2,127" ten="501,119,175,205" oya="2" hai0="125,84,106,48,15,60,47,99,61,104,1,126,6" hai1="52,46,0,63,30,19,23,100,17,79,29,3,128" hai2="112,77,66,13,92,68,134,114,76,64,26,67,44" hai3="65,45,117,8,98,56,95,28,31,132,20,73,11"/><V51/><F68/><W18/><G73/><T129/><D1/><U70/><E3/><V21/><F134/><W53/><G117/><T24/><D24/><U109/><E0/><V87/><F13/><W82/><G82/><T81/><D129/><U43/><E128/><V12/><F12/><N who="3" m="9287" /><G65/><T86/><D99/><U119/><E119/><V135/><F135/><W107/><G45/><T133/><D133/><U50/><E109/><V7/><F7/><W124/><G107/><T118/><D118/><U36/><E100/><V32/><F32/><W62/><G124/><T49/><D15/><U101/><E101/><V94/><F114/><W93/><G93/><N who="2" m="35945" /><F87/><W40/><G40/><T14/><D14/><U27/><E79/><N who="2" m="30283" /><F112/><W9/><G132/><T5/><D81/><U42/><E30/><N who="2" m="17743" /><F67/><W55/><G55/><AGARI ba="0,0" hai="44,51,55,64,66" m="17743,30283,35945" machi="55" ten="30,1500,0" yaku="8,1" doraHai="127" who="2" fromWho="3" sc="501,0,119,0,175,15,205,-15" /><INIT seed="2,1,0,3,0,100" ten="501,119,190,190" oya="2" hai0="103,30,76,120,82,79,33,115,50,88,75,61,135" hai1="119,94,3,24,35,95,8,21,107,65,134,47,69" hai2="20,43,58,31,10,32,114,108,105,44,40,117,9" hai3="87,78,23,49,99,92,121,60,131,14,13,52,132"/><V59/><F32/><W85/><G121/><T104/><D50/><U127/><E119/><V66/><F114/><W34/><G34/><T72/><D61/><U97/><E134/><V2/><F2/><W55/><G131/><T91/><D30/><N who="1" m="19911" /><E47/><V37/><F117/><W18/><G132/><T110/><D33/><U11/><E21/><V133/><F133/><W124/><G13/><T12/><D12/><U83/><E83/><V64/><F108/><W19/><G19/><T118/><D120/><U96/><E96/><V16/><F31/><W41/><G41/><T74/><D135/><U26/><E26/><V42/><F42/><W123/><G123/><T6/><D6/><N who="1" m="1119" /><E11/><V0/><F0/><W80/><G87/><T39/><D39/><U81/><E81/><V1/><F1/><W25/><G14/><T125/><D125/><U90/><E90/><N who="0" m="34345" /><D118/><U122/><E122/><V113/><F20/><W128/><G124/><T109/><D115/><U102/><E127/><V84/><F113/><W17/><G128/><T5/><D5/><U112/><E112/><V56/><F10/><W70/><G17/><T48/><D48/><U116/><E116/><V111/><F16/><W106/><G55/><T73/><D79/><U130/><E130/><V36/><F9/><W71/><G49/><T27/><D27/><U98/><E98/><AGARI ba="1,0" hai="72,73,74,75,76,82,98,103,104,109,110" m="34345" machi="98" ten="40,8000,1" yaku="34,2,52,1,54,1" doraHai="100" who="0" fromWho="1" sc="501,83,119,-83,190,0,190,0" /><INIT seed="3,0,0,3,4,131" ten="584,36,190,190" oya="3" hai0="118,129,36,61,96,91,117,33,103,9,63,121,6" hai1="114,81,44,130,112,26,13,64,17,48,60,105,8" hai2="22,75,120,128,78,37,97,20,21,70,89,28,47" hai3="84,122,77,12,27,45,106,69,49,71,56,46,52"/><W119/><G106/><T7/><D121/><U62/><E105/><V24/><F70/><N who="3" m="26635" /><G12/><T23/><D33/><U108/><E130/><V127/><F128/><W65/><G27/><T113/><D129/><U95/><E108/><V125/><F120/><W133/><G84/><T25/><D36/><U32/><E64/><V4/><F4/><W115/><G77/><T53/><D113/><U85/><E95/><N who="2" m="56559" /><F78/><W87/><G87/><T30/><D117/><U74/><E74/><V132/><F75/><W90/><G90/><T92/><D118/><U94/><E94/><V82/><F82/><W99/><G99/><T72/><D72/><U31/><E114/><V43/><F132/><W86/><G133/><T58/><D103/><U123/><E123/><V10/><F10/><W29/><G86/><T14/><D61/><U88/><REACH who="1" step="1"/><E112/><REACH who="1" ten="584,26,190,190" step="2"/><V41/><F127/><W51/><G115/><T102/><D102/><U93/><E93/><V107/><F125/><W68/><G122/><T98/><D98/><U5/><E5/><AGARI ba="0,1" hai="5,6,7,9,14,23,25,30,53,58,63,91,92,96" machi="5" ten="30,2000,0" yaku="7,1,8,1" doraHai="131" who="0" fromWho="1" sc="584,30,26,-20,190,0,190,0" owari="614,71.0,6,-49.0,190,-1.0,190,-21.0" /></mjloggm>