<mjloggm ver="2.3"><GO type="169" lobby="0"/><UN n0="%E3%81%99%E3%81%BF%E3%82%84%E3%81%AB" n1="%E3%82%A6%E3%83%AB%E3%83%88%E3%83%A9%E7%AB%8B%E7%9B%B4" n2="%E3%82%B3%E3%83%BC%E3%83%A9%E4%B8%8B%E3%81%95%E3%81%84" n3="%E6%98%9F%E9%99%8D%E3%82%8B%E8%A1%97" dan="18,16,19,17" rate="2253.12,2119.83,2278.06,2188.95" sx="M,M,M,F"/><TAIKYOKU oya="0"/><INIT seed="0,0,0,2,2,86" ten="250,250,250,250" oya="0" hai0="126,7,30,65,130,118,79,19,53,32,133,128,31" hai1="134,83,106,50,108,122,59,102,28,73,18,6,91" hai2="107,84,42,105,46,127,16,35,135,15,4,33,90" hai3="10,72,81,114,43,54,3,112,64,60,74,55,124"/><T17/><D65/><U77/><E122/><V66/><F127/><W48/><G124/><T75/><D126/><U113/><E108/><V116/><F135/><W25/><G25/><T87/><D75/><U67/><E134/><V110/><F110/><W93/><G43/><T34/><D53/><U24/><E113/><V62/><F4/><W70/><G55/><T131/><D133/><U88/><E6/><V37/><F116/><W39/><G39/><T125/><D125/><U26/><E106/><V63/><F105/><W94/><G74/><T76/><D87/><N who="1" m="48623" /><E102/><V69/><F63/><W1/><G1/><T47/><D47/><U120/><E73/><V78/><F78/><N who="0" m="29738" /><D7/><U95/><E95/><V9/><REACH who="2" step="1"/><F107/><REACH who="2" ten="250,250,240,250" step="2"/><W14/><G114/><T20/><D118/><U85/><E120/><V38/><F38/><W104/><G104/><T41/><D131/><U96/><E50/><V129/><F129/><W101/><G48/><T49/><D49/><U89/><E96/><V115/><F115/><W97/><G97/><T109/><D109/><U0/><E0/><V2/><F2/><W13/><G3/><T12/><D130/><U111/><E111/><V40/><F40/><W58/><G112/><T103/><D41/><U98/><E98/><V119/><F119/><W68/><G72/><T121/><D128/><U22/><E85/><V11/><F11/><W51/><G10/><T132/><D132/><U29/><E26/><V52/><F52/><W36/><G36/><T71/><D121/><U92/><E92/><AGARI ba="0,1" hai="9,15,16,33,35,37,42,46,62,66,69,84,90,92" machi="92" ten="30,7700,0" yaku="1,1,7,1,52,1,54,1,53,0" doraHai="86" doraHaiUra="117" who="2" fromWho="1" sc="250,0,250,-77,240,87,250,0" /><INIT seed="1,0,0,1,2,33" ten="250,173,327,250" oya="1" hai0="75,26,5,85,105,129,37,79,117,99,18,116,134" hai1="22,51,86,87,76,93,8,6,130,28,90,82,21" hai2="14,91,92,121,54,19,78,45,10,29,109,36,11" hai3="127,20,68,63,103,23,110,101,38,62,44,83,125"/><U66/><E130/><V112/><F109/><W100/><G83/><T135/><D37/><U47/><E66/><V55/><F121/><W95/><G95/><T128/><D18/><U131/><E28/><V120/><F120/><W115/><G115/><T106/><D26/><U73/><E73/><V12/><F112/><W132/><G132/><N who="0" m="50731" /><D5/><U2/><REACH who="1" step="1"/><E131/><REACH who="1" ten="250,163,327,250" step="2"/><V126/><F29/><W94/><G110/><T50/><D75/><U57/><E57/><V30/><F30/><W34/><G68/><T67/><D67/><U118/><E118/><V32/><F32/><W96/><G34/><T3/><D117/><U40/><AGARI ba="0,1" hai="2,6,8,21,22,40,47,51,76,82,86,87,90,93" machi="40" ten="20,12000,1" yaku="1,1,0,1,7,1,52,1,53,1" doraHai="33" doraHaiUra="77" who="1" fromWho="1" sc="250,-40,163,130,327,-40,250,-40" /><INIT seed="1,1,0,1,2,6" ten="210,293,287,210" oya="1" hai0="51,74,4,82,35,63,41,125,77,64,5,86,54" hai1="105,108,75,47,93,78,119,24,8,48,16,104,71" hai2="65,55,120,44,84,45,92,117,62,53,83,14,59" hai3="131,0,109,129,10,107,1,79,123,112,17,124,115"/><U12/><E119/><V52/><F120/><W95/><G95/><T40/><D35/><U81/><E71/><V67/><F117/><W89/><G79/><T132/><D125/><U26/><E108/><V34/><F34/><W103/><G89/><T49/><D132/><U106/><REACH who="1" step="1"/><E93/><REACH who="1" ten="210,283,287,210" step="2"/><V20/><F92/><W15/><G109/><T57/><D41/><AGARI ba="1,1" hai="8,12,16,24,26,41,47,48,75,78,81,104,105,106" machi="41" ten="40,12000,1" yaku="1,1,2,1,52,1,54,1,53,0" doraHai="6" doraHaiUra="61" who="1" fromWho="0" sc="210,-123,283,133,287,0,210,0" /><INIT seed="1,2,0,2,0,12" ten="87,416,287,210" oya="1" hai0="102,5,121,73,127,52,51,38,30,11,34,37,132" hai1="99,79,113,32,42,94,56,96,122,48,78,90,17" hai2="106,85,70,45,33,88,123,55,71,115,19,65,131" hai3="21,62,119,58,4,13,54,66,10,24,91,116,92"/><U82/><E32/><V76/><F123/><W67/><G119/><T80/><D121/><U83/><E122/><V117/><F117/><W125/><G116/><T130/><D127/><U7/><E7/><V41/><F33/><W27/><G125/><T43/><D130/><U98/><E113/><V108/><F108/><W100/><G100/><T75/><D132/><U107/><E42/><V87/><F106/><W69/><G69/><T15/><D102/><N who="1" m="62943" /><E48/><V3/><F3/><W26/><REACH who="3" step="1"/><G21/><REACH who="3" ten="87,416,287,200" step="2"/><T101/><D101/><U109/><E109/><V97/><F70/><W86/><AGARI ba="2,1" hai="4,10,13,24,26,27,54,58,62,66,67,86,91,92" machi="86" ten="30,7900,0" yaku="1,1,2,1,0,1,8,1,53,0" doraHai="12" doraHaiUra="74" who="3" fromWho="3" sc="87,-22,416,-41,287,-22,200,95" /><INIT seed="2,0,0,0,3,112" ten="65,375,265,295" oya="2" hai0="126,105,78,22,51,2,56,94,71,1,46,44,30" hai1="13,114,87,111,8,131,17,53,28,25,81,31,128" hai2="68,86,92,32,47,95,58,99,52,129,124,16,85" hai3="4,76,67,24,103,122,3,80,108,18,74,73,107"/><V75/><F75/><W90/><G122/><T123/><D105/><U57/><E111/><V77/><F68/><W39/><G39/><T100/><D71/><U62/><E114/><V14/><F32/><W48/><G108/><T29/><D123/><U116/><E116/><V132/><F129/><N who="1" m="49737" /><E25/><V117/><F117/><W0/><G73/><T50/><D126/><U130/><N who="1" m="49745" /><U12/><DORA hai="115" /><E12/><V70/><F132/><W93/><G4/><T96/><D78/><AGARI ba="0,0" hai="8,13,17,28,31,53,57,62,78,81,87" m="49745" machi="78" ten="40,1300,0" yaku="19,1" doraHai="112,115" who="1" fromWho="0" sc="65,-13,375,13,265,0,295,0" /><INIT seed="3,0,0,3,1,40" ten="52,388,265,295" oya="3" hai0="81,9,21,38,134,54,7,63,117,6,128,18,110" hai1="16,109,102,106,125,93,85,131,67,103,129,118,59" hai2="32,114,94,61,87,70,80,97,115,3,57,29,111" hai3="75,95,100,0,22,37,49,26,20,135,64,62,11"/><W8/><G37/><T1/><D117/><U39/><E39/><V90/><F111/><W45/><G75/><T55/><D110/><U130/><E109/><V19/><F3/><W27/><G135/><T101/><D38/><U56/><E118/><V36/><F36/><W120/><G0/><T91/><D134/><U132/><E132/><V78/><F70/><W66/><G120/><T126/><D7/><U35/><E35/><V108/><F108/><W96/><G22/><T15/><D126/><U53/><E125/><V133/><F133/><W77/><G77/><T72/><D128/><U98/><E67/><N who="3" m="25642" /><G62/><T107/><D63/><U74/><E74/><V68/><F68/><W84/><G84/><T42/><D42/><U48/><E85/><V99/><F99/><W34/><G34/><T30/><D72/><U105/><E103/><V33/><F33/><W24/><G20/><T123/><D123/><U58/><E106/><V121/><F121/><W89/><G89/><T17/><D101/><U124/><E105/><V47/><F32/><W10/><G27/><T12/><D107/><U88/><E102/><V31/><F114/><W2/><G2/><T41/><D30/><U50/><E124/><V44/><F115/><W25/><G25/><T14/><D1/><U116/><E116/><V73/><F73/><W4/><G4/><T28/><D28/><N who="2" m="10826" /><F19/><W83/><G83/><T104/><D104/><U65/><E16/><V82/><F82/><W92/><G92/><T46/><D81/><U52/><E65/><AGARI ba="0,0" hai="44,47,57,61,65,78,80,87,90,94,97" m="10826" machi="65" ten="30,3900,0" yaku="8,1,52,2" doraHai="40" who="2" fromWho="1" sc="52,0,388,-39,265,39,295,0" /><INIT seed="4,0,0,1,5,123" ten="52,349,304,295" oya="0" hai0="4,119,71,50,114,5,92,129,41,44,65,103,12" hai1="8,115,127,28,57,69,0,17,59,39,40,24,131" hai2="48,29,54,118,94,33,25,96,72,116,121,2,70" hai3="68,3,14,36,130,23,47,82,13,124,80,34,126"/><T27/><D119/><U46/><E69/><V11/><F121/><W100/><G34/><T76/><D114/><U85/><E115/><V98/><F72/><W117/><G68/><T62/><D129/><U74/><E131/><V105/><F105/><W83/><G3/><T88/><D76/><U91/><E74/><V51/><F70/><W26/><G117/><N who="2" m="45161" /><F96/><W132/><G130/><T108/><D103/><U99/><E99/><V52/><F2/><W49/><G36/><T6/><D27/><U75/><E75/><V112/><F11/><W9/><G100/><T102/><D102/><U106/><E106/><V125/><F125/><N who="3" m="48235" /><G9/><T134/><D134/><U73/><E73/><V111/><F111/><W87/><G87/><T1/><D1/><U97/><E97/><V56/><F112/><W61/><G61/><T113/><D113/><U63/><E63/><N who="2" m="36231" /><F54/><N who="3" m="30015" /><G132/><T107/><D107/><U10/><E10/><V120/><F120/><W110/><G110/><T128/><D128/><U84/><E84/><V22/><F33/><W58/><G58/><T101/><D101/><AGARI ba="0,0" hai="22,25,29,48,51,94,98,101" m="36231,45161" machi="101" ten="30,2000,0" yaku="12,1,54,1" doraHai="123" who="2" fromWho="0" sc="52,-20,349,0,304,20,295,0" /><INIT seed="5,0,0,4,2,13" ten="32,349,324,295" oya="1" hai0="1,10,43,133,134,52,58,8,14,55,96,90,62" hai1="91,113,64,60,53,105,54,77,71,92,99,4,127" hai2="100,103,23,102,119,39,44,104,118,80,36,85,41" hai3="98,49,110,17,120,111,26,88,81,46,0,63,68"/><U28/><E113/><V82/><F104/><W94/><G0/><T109/><D109/><U114/><E114/><V93/><F36/><W69/><G120/><T126/><D126/><U72/><E127/><V87/><F93/><W75/><G68/><T122/><D122/><U135/><E135/><V107/><F107/><W108/><G69/><T30/><D30/><U125/><E125/><V11/><F11/><W50/><G63/><T2/><D43/><U15/><E4/><V70/><F70/><W116/><G116/><T21/><D21/><U56/><E28/><V18/><F85/><W51/><G75/><T74/><D74/><U83/><E71/><V132/><F82/><W32/><G81/><T67/><D2/><U22/><REACH who="1" step="1"/><E105/><REACH who="1" ten="32,339,324,295" step="2"/><V73/><F132/><W101/><G32/><T38/><D134/><U9/><E9/><V47/><F118/><W57/><G57/><T33/><D33/><U12/><E12/><V35/><F119/><W115/><G115/><T128/><D133/><U25/><E25/><V6/><F35/><W31/><G31/><T79/><D1/><U27/><E27/><V95/><F6/><W123/><G123/><T66/><D58/><U124/><E124/><V5/><F5/><W7/><G7/><T3/><D3/><U61/><E61/><V97/><F47/><W89/><REACH who="3" step="1"/><G46/><REACH who="3" ten="32,339,324,285" step="2"/><T24/><D62/><U16/><AGARI ba="0,2" hai="15,16,22,53,54,56,60,64,72,77,83,91,92,99" machi="16" ten="30,12000,1" yaku="1,1,0,1,52,1,54,1,53,1" doraHai="13" doraHaiUra="59" who="1" fromWho="1" sc="32,-40,339,140,324,-40,285,-40" owari="-8,-51.0,479,58.0,284,8.0,245,-15.0" /></mjloggm>