<mjloggm ver="2.3"><GO type="169" lobby="0"/><UN n0="%73%68%61%70%65%6C%65%72" n1="%E3%83%88%E3%83%88%E3%83%AA%E5%85%88%E7%94%9F%31%39%E6%AD%B3" n2="%E3%81%86%E3%81%83%E3%83%BC%E3%81%A1%E3%82%83%E3%82%93" n3="%E9%81%8B%E3%81%8C%E3%81%BB%E3%81%BC%E5%85%A8%E3%81%A6" dan="18,18,18,17" rate="2238.77,2202.39,2209.86,2151.24" sx="M,F,M,M"/><TAIKYOKU oya="0"/><INIT seed="0,0,0,5,1,76" ten="250,250,250,250" oya="0" hai0="127,32,84,100,48,85,97,39,43,88,79,54,20" hai1="121,73,117,133,64,52,132,4,51,25,19,65,15" hai2="31,53,120,115,59,8,96,23,98,131,116,50,107" hai3="3,102,106,77,119,90,135,67,126,105,86,18,49"/><T134/><D32/><U26/><E117/><V55/><F120/><W40/><G119/><T89/><D134/><N who="1" m="51819" /><E4/><V78/><F116/><W128/><G3/><T91/><D127/><U74/><E121/><V113/><F131/><W5/><G5/><T42/><D39/><U56/><E26/><V114/><F107/><W80/><G67/><N who="1" m="25674" /><E25/><V83/><F53/><W2/><G2/><T87/><D79/><U27/><E27/><V9/><F23/><AGARI ba="0,0" hai="15,19,23,51,52,56,73,74" m="25674,51819" machi="23" ten="30,2000,0" yaku="20,1,54,1" doraHai="76" who="1" fromWho="2" sc="250,0,250,20,250,-20,250,0" /><INIT seed="1,0,0,2,1,8" ten="250,270,230,250" oya="1" hai0="93,58,107,37,36,19,132,88,39,15,34,46,121" hai1="26,56,17,63,64,110,44,68,2,119,52,29,55" hai2="16,108,31,7,105,71,12,82,78,123,96,28,124" hai3="101,83,131,81,86,104,14,89,22,59,67,99,130"/><U51/><E119/><V33/><F123/><W4/><G83/><T85/><D107/><U32/><E110/><V40/><F71/><W77/><G77/><T72/><D72/><U126/><E126/><V62/><F124/><W90/><G90/><T60/><D121/><U79/><E2/><V42/><F108/><W23/><G67/><T102/><D34/><U127/><E127/><V50/><F7/><W70/><G59/><T91/><D132/><U24/><E79/><V9/><F33/><W21/><G70/><T47/><D91/><U75/><E75/><V109/><F109/><W135/><G135/><T38/><D102/><U61/><REACH who="1" step="1"/><E24/><REACH who="1" ten="250,260,230,250" step="2"/><V128/><F78/><W73/><G73/><T97/><N who="0" m="9728" /><DORA hai="57" /><T1/><D1/><U54/><E54/><V129/><F129/><W74/><G74/><T48/><D85/><U20/><E20/><V53/><F128/><W76/><G76/><T92/><D97/><U27/><E27/><V120/><F96/><W118/><G118/><T84/><D84/><U98/><E98/><V115/><F53/><W134/><G134/><T103/><D103/><U94/><E94/><V125/><F125/><W18/><G131/><T113/><D93/><U95/><E95/><V5/><F120/><W6/><REACH who="3" step="1"/><G130/><REACH who="3" ten="250,260,230,240" step="2"/><T114/><D88/><U41/><E41/><V111/><F42/><W87/><G87/><T13/><D113/><U43/><E43/><V122/><F40/><W133/><G133/><T25/><D114/><U0/><E0/><V66/><F115/><W117/><G117/><T65/><D65/><U35/><E35/><RYUUKYOKU ba="0,2" sc="250,-15,260,15,230,-15,240,15" hai1="17,26,29,32,44,51,52,55,56,61,63,64,68" hai3="4,6,14,18,21,22,23,81,86,89,99,101,104" /><INIT seed="1,1,2,1,1,75" ten="235,275,215,255" oya="1" hai0="84,27,133,107,11,112,0,90,24,40,103,34,58" hai1="127,45,110,98,51,86,50,19,130,20,64,55,49" hai2="85,60,62,22,106,119,43,15,30,37,83,94,4" hai3="25,66,35,14,32,129,54,79,73,135,76,111,91"/><U121/><E121/><V105/><F119/><W104/><G104/><T36/><D112/><U13/><E130/><V33/><F33/><W124/><G73/><T87/><D87/><U28/><E127/><V48/><F37/><W46/><G111/><T113/><D113/><U126/><E126/><V117/><F117/><W97/><G124/><T100/><D133/><U9/><E110/><V39/><F39/><W6/><G66/><T96/><D103/><U69/><E69/><V131/><F94/><W47/><G14/><T26/><D34/><U12/><E64/><V118/><F118/><W82/><G6/><T44/><D58/><U61/><E61/><V78/><F105/><W92/><G135/><T31/><D0/><U77/><E98/><V18/><F106/><W114/><G114/><T38/><D36/><U52/><E28/><V72/><F30/><W134/><G134/><T8/><REACH who="0" step="1"/><D31/><REACH who="0" ten="225,275,215,255" step="2"/><U56/><E86/><V102/><F102/><W29/><G35/><T74/><D74/><U68/><E68/><V81/><F131/><W101/><G129/><T67/><D67/><U41/><E77/><V23/><F72/><W70/><G70/><T10/><D10/><U109/><E109/><V71/><F71/><W5/><G79/><T42/><D42/><U59/><E9/><V95/><F85/><W128/><G128/><T21/><D21/><U89/><E89/><V57/><F78/><W17/><G91/><T132/><D132/><U99/><E99/><V120/><F22/><W3/><G76/><T7/><D7/><U53/><E41/><V123/><F4/><RYUUKYOKU ba="1,3" sc="225,15,275,15,215,-15,255,-15" hai0="8,11,24,26,27,38,40,44,84,90,96,100,107" hai1="12,13,19,20,45,49,50,51,52,53,55,56,59" /><INIT seed="1,2,3,1,0,119" ten="240,290,200,240" oya="1" hai0="24,9,8,101,70,71,5,88,126,124,99,105,110" hai1="55,117,125,6,58,53,37,40,44,17,68,106,104" hai2="64,18,41,16,102,85,30,90,89,69,122,113,128" hai3="52,87,27,11,28,61,10,111,1,96,103,59,93"/><U107/><E117/><V31/><F122/><W4/><G111/><T95/><D110/><U77/><E68/><V116/><F69/><W63/><G87/><T23/><D70/><U39/><E125/><N who="0" m="48233" /><D71/><U43/><E77/><V121/><F102/><W91/><G103/><T46/><D46/><U48/><E6/><V129/><F41/><W25/><G11/><T114/><D114/><U34/><E34/><V66/><F85/><W7/><G7/><T80/><D80/><U100/><E100/><V3/><F116/><W92/><G92/><T33/><D33/><U14/><E53/><V22/><F22/><W131/><G131/><T45/><D45/><U49/><REACH who="1" step="1"/><E43/><REACH who="1" ten="240,280,200,240" step="2"/><V54/><F54/><W20/><REACH who="3" step="1"/><G27/><REACH who="3" ten="240,280,200,230" step="2"/><T35/><D5/><U19/><E19/><V123/><F113/><W73/><G73/><T127/><D127/><U108/><E108/><V134/><REACH who="2" step="1"/><F3/><REACH who="2" ten="240,280,190,230" step="2"/><W65/><G65/><T56/><D101/><U15/><E15/><V13/><F13/><W21/><G21/><AGARI ba="2,6" hai="14,17,21,37,39,40,44,48,49,55,58,104,106,107" machi="21" ten="40,3900,0" yaku="1,1,53,1" doraHai="119" doraHaiUra="50" who="1" fromWho="3" sc="240,0,280,105,190,0,230,-45" /><INIT seed="1,3,0,3,4,133" ten="240,385,190,185" oya="1" hai0="118,57,13,84,38,97,24,75,107,29,131,63,22" hai1="68,43,82,72,48,87,76,7,46,21,120,23,18" hai2="123,121,35,45,40,41,32,96,99,20,95,19,70" hai3="36,73,26,89,65,6,114,50,15,67,77,52,80"/><U110/><E120/><V106/><F70/><W122/><G122/><T90/><D75/><U101/><E68/><V126/><F106/><W129/><G114/><T79/><D38/><U112/><E112/><V135/><F20/><W94/><G36/><T33/><D118/><U125/><E110/><V78/><F45/><W5/><G129/><T55/><D131/><U12/><E125/><V104/><F104/><W47/><G26/><T102/><D79/><U10/><E101/><V86/><F19/><W25/><G25/><T108/><D108/><U66/><E66/><V91/><F135/><W62/><G15/><T83/><REACH who="0" step="1"/><D13/><REACH who="0" ten="230,385,190,185" step="2"/><N who="1" m="5343" /><E72/><V92/><F78/><W3/><G77/><T109/><D109/><U49/><E49/><V17/><F123/><W71/><G73/><T14/><D14/><U56/><E12/><V37/><F37/><W64/><G3/><T111/><D111/><U60/><E18/><V115/><F17/><W51/><G50/><T69/><D69/><U34/><E34/><AGARI ba="3,1" hai="22,24,29,33,34,55,57,63,83,84,90,97,102,107" machi="34" ten="40,2600,0" yaku="1,1,53,1" doraHai="133" doraHaiUra="93" who="0" fromWho="1" sc="230,45,385,-35,190,0,185,0" /><INIT seed="2,0,0,2,5,108" ten="275,350,190,185" oya="2" hai0="79,48,131,24,130,68,12,82,56,102,57,8,106" hai1="0,47,87,127,67,7,96,95,81,51,36,78,58" hai2="76,40,33,64,88,71,26,39,111,66,98,1,126" hai3="46,17,5,110,28,55,9,42,85,15,91,23,52"/><V53/><F1/><W13/><G110/><T119/><D68/><U18/><E127/><V125/><F76/><W22/><G28/><T60/><D119/><U77/><E36/><V31/><F111/><W25/><G25/><T38/><D38/><U107/><E107/><V80/><F53/><W84/><G23/><T94/><D106/><U75/><E18/><V83/><F83/><W35/><G35/><T43/><D24/><U93/><E93/><V44/><F71/><W27/><G27/><T6/><D102/><U29/><E29/><V115/><F115/><W20/><G20/><T21/><D94/><U11/><E58/><V61/><F98/><W49/><REACH who="3" step="1"/><G85/><REACH who="3" ten="275,350,190,175" step="2"/><T99/><D21/><U30/><E30/><V134/><F126/><W73/><G73/><T92/><D130/><U104/><E75/><V90/><F125/><W50/><G50/><T37/><D37/><U62/><E87/><V97/><F26/><W120/><G120/><T34/><D34/><U129/><E51/><V86/><F31/><W114/><G114/><T45/><D131/><U105/><E129/><V63/><F33/><W10/><G10/><T2/><D48/><U112/><E11/><V116/><F39/><W32/><G32/><T121/><D8/><U72/><E72/><V100/><F86/><W4/><G4/><T101/><D6/><U123/><E123/><V124/><F124/><W122/><G122/><T117/><D121/><U3/><E112/><V54/><F61/><W89/><G89/><T14/><D60/><U16/><E62/><V103/><F63/><W70/><G70/><RYUUKYOKU ba="0,1" sc="275,-10,350,-10,190,-10,175,30" hai3="5,9,13,15,17,22,42,46,49,52,55,84,91" /><INIT seed="3,1,1,4,2,129" ten="265,340,180,205" oya="3" hai0="92,99,3,18,31,47,69,68,10,23,85,73,8" hai1="48,117,60,29,119,39,36,112,59,90,22,80,37" hai2="79,16,43,110,115,104,13,66,38,118,127,88,1" hai3="122,131,81,130,125,67,12,98,111,45,26,77,0"/><W4/><G122/><T134/><D73/><U105/><E112/><V103/><F1/><W49/><G0/><T17/><D31/><U62/><E105/><V21/><F118/><N who="1" m="45065" /><E29/><V116/><F127/><W46/><G125/><T108/><D108/><U102/><E102/><V53/><F110/><W95/><G111/><T113/><D113/><U107/><E107/><V71/><F79/><W78/><G67/><T7/><D85/><N who="1" m="50471" /><E22/><V24/><F115/><W25/><G12/><T64/><D10/><U33/><E33/><V91/><F13/><W15/><G15/><T128/><D128/><U87/><E87/><V135/><F116/><W58/><G130/><T72/><D72/><U70/><E70/><V132/><F103/><W65/><G65/><T121/><D64/><U42/><E59/><V20/><F104/><W63/><G58/><T32/><D32/><U55/><E55/><V101/><F53/><W35/><G35/><T5/><D68/><U6/><E6/><V52/><F52/><W124/><G4/><T57/><D5/><U126/><E126/><V40/><F21/><W54/><G54/><T96/><D23/><U44/><AGARI ba="1,1" hai="36,37,39,42,44,48,60,62" m="50471,45065" machi="44" ten="40,1500,0" yaku="12,1" doraHai="129" who="1" fromWho="1" sc="265,-5,340,28,180,-5,205,-8" /><INIT seed="4,0,0,2,3,33" ten="260,368,175,197" oya="0" hai0="102,124,25,44,39,74,94,126,38,112,97,2,78" hai1="41,55,121,67,35,45,30,56,49,127,90,86,128" hai2="130,106,98,58,24,63,47,91,12,7,93,99,132" hai3="52,40,88,79,131,129,71,61,116,75,135,6,89"/><T87/><D112/><U34/><E121/><V20/><F130/><N who="3" m="49675" /><G116/><T118/><D118/><U9/><E128/><V16/><F132/><W0/><G135/><T10/><D74/><U115/><E115/><V46/><F106/><W80/><G40/><T82/><D25/><U68/><E127/><N who="0" m="48681" /><D44/><U26/><E9/><V22/><F99/><W1/><G6/><AGARI ba="0,0" hai="2,6,10,38,39,78,82,87,94,97,102" m="48681" machi="6" ten="30,2900,0" yaku="18,1,52,1" doraHai="33" who="0" fromWho="3" sc="260,29,368,0,175,0,197,-29" /><INIT seed="4,1,0,2,2,24" ten="289,368,175,168" oya="0" hai0="38,40,96,43,73,71,56,102,113,100,26,50,23" hai1="111,124,134,95,57,126,63,2,79,54,76,104,46" hai2="27,106,90,135,3,94,128,115,109,91,22,33,9" hai3="65,80,68,15,97,131,48,49,69,122,70,42,88"/><T93/><D71/><U32/><E111/><V114/><F106/><W108/><G108/><T61/><D38/><U1/><E104/><V45/><F91/><W34/><G34/><T20/><D73/><U107/><E107/><V103/><F103/><W21/><G131/><T116/><D116/><U28/><E134/><V47/><F128/><W55/><G122/><T81/><D113/><U87/><E46/><V37/><F33/><W125/><G125/><N who="1" m="48234" /><E95/><V120/><F120/><W78/><G65/><T16/><D102/><U83/><E79/><V53/><F109/><W67/><G67/><T105/><D105/><U118/><E118/><V86/><F47/><W101/><G42/><T44/><D23/><U31/><E32/><V36/><F135/><W84/><G101/><T99/><D99/><U17/><E17/><V14/><F115/><W62/><G62/><T13/><D81/><U60/><E63/><V51/><F3/><AGARI ba="1,0" hai="1,2,3,28,31,54,57,60,76,83,87" m="48234" machi="3" ten="30,3900,0" yaku="18,1,52,2" doraHai="24" who="1" fromWho="2" sc="289,0,368,42,175,-42,168,0" /><INIT seed="5,0,0,5,5,99" ten="289,410,133,168" oya="1" hai0="54,0,57,27,59,106,4,16,85,38,44,1,58" hai1="103,77,47,83,101,28,133,123,135,30,9,49,68" hai2="91,20,112,69,118,120,64,82,2,66,126,50,63" hai3="121,35,53,84,5,12,36,65,74,24,100,18,45"/><U80/><E123/><V81/><F2/><W111/><G74/><T94/><D106/><U23/><E68/><V96/><F118/><W114/><G111/><T102/><D4/><U116/><E116/><V131/><F120/><W93/><G121/><T97/><D85/><U3/><E3/><V62/><F126/><W70/><G114/><T89/><D0/><U129/><E129/><V48/><F131/><W51/><G5/><T60/><D1/><U39/><E39/><V8/><F8/><W21/><G36/><T46/><D38/><U34/><E34/><V33/><F33/><W32/><G70/><T17/><D89/><U15/><E23/><V92/><F112/><W25/><G65/><T90/><D90/><U113/><E113/><V73/><F20/><W55/><G84/><T105/><D105/><U86/><E80/><V43/><F43/><W119/><G119/><T95/><D94/><U6/><E135/><V128/><F128/><W130/><G130/><T31/><D59/><U109/><E133/><V132/><F132/><W87/><G87/><T98/><D98/><U115/><E109/><V108/><F108/><W117/><G117/><T42/><D58/><U22/><E115/><V79/><REACH who="2" step="1"/><F82/><REACH who="2" ten="289,410,123,168" step="2"/><W26/><G35/><T37/><D44/><U122/><E122/><V67/><F67/><W71/><G32/><AGARI ba="0,1" hai="16,17,27,31,32,37,42,46,54,57,60,95,97,102" machi="32" ten="30,3900,0" yaku="7,1,52,1,54,1" doraHai="99" who="0" fromWho="3" sc="289,49,410,0,123,0,168,-39" /><INIT seed="6,0,0,3,1,132" ten="338,410,123,129" oya="2" hai0="54,56,110,8,78,109,79,59,68,19,105,69,61" hai1="26,35,63,83,48,57,37,25,24,11,22,89,101" hai2="5,131,124,0,14,71,13,99,134,3,91,67,29" hai3="10,87,96,72,50,81,30,116,32,38,114,74,76"/><V7/><F131/><W12/><G38/><T94/><D105/><U77/><E37/><V66/><F29/><W88/><G116/><T90/><D69/><U49/><E35/><V6/><F134/><W64/><G114/><T107/><D68/><U127/><E127/><V106/><F71/><W17/><G64/><T84/><D107/><U125/><E125/><V55/><F55/><W113/><G113/><T133/><D133/><U70/><E70/><V45/><F45/><W62/><G62/><T117/><D117/><U135/><E135/><V75/><F5/><W9/><G32/><T118/><D118/><U80/><E101/><V128/><F75/><W31/><G72/><T86/><D110/><U4/><E22/><V40/><F106/><W44/><G10/><T33/><D33/><U121/><E89/><V82/><F91/><W102/><G74/><T16/><D109/><U119/><E121/><V123/><F123/><W28/><G102/><T95/><D59/><U15/><E119/><V34/><F34/><W39/><G39/><T126/><D126/><U97/><E97/><V43/><F124/><W2/><G2/><T98/><D84/><N who="1" m="48143" /><E83/><V53/><F82/><W111/><G111/><T100/><D8/><U20/><E20/><V21/><F21/><W46/><G50/><T52/><D54/><AGARI ba="0,0" hai="4,11,15,24,25,26,48,49,54,57,63" m="48143" machi="54" ten="30,1000,0" yaku="8,1" doraHai="132" who="1" fromWho="0" sc="338,-10,410,10,123,0,129,0" /><INIT seed="7,0,0,3,2,17" ten="328,420,123,129" oya="3" hai0="90,97,8,54,18,77,29,52,126,107,22,115,96" hai1="131,45,121,85,33,91,110,106,48,84,99,101,82" hai2="95,71,78,10,117,2,92,100,102,108,132,39,70" hai3="105,83,32,42,104,76,129,67,50,81,1,16,37"/><W87/><G37/><T123/><D123/><U130/><E110/><V57/><F39/><W7/><G32/><T124/><D77/><U112/><E33/><V27/><F117/><W14/><G129/><N who="1" m="49162" /><E112/><V0/><F78/><W75/><G7/><T72/><D72/><U21/><E121/><V74/><F27/><W11/><G1/><T60/><D115/><U120/><E120/><V73/><F57/><W34/><G34/><T94/><D29/><U109/><E109/><V125/><F10/><W128/><G128/><T63/><D8/><U15/><E85/><V24/><F24/><W65/><G104/><T86/><D63/><U68/><E68/><V61/><F61/><W116/><G105/><T58/><D54/><N who="1" m="29967" /><E21/><V31/><F108/><W6/><G116/><T127/><D107/><U20/><E20/><V111/><F111/><W43/><G6/><T26/><AGARI ba="0,0" hai="18,22,26,52,58,60,86,90,94,96,97,124,126,127" machi="26" ten="30,7900,0" yaku="0,1,18,1,52,1,54,1" doraHai="17" who="0" fromWho="0" sc="328,79,420,-20,123,-20,129,-39" owari="407,51.0,400,20.0,103,-30.0,90,-41.0" /></mjloggm>