<mjloggm ver="2.3"><GO type="41" lobby="0"/><UN n0="%6F%6F%6F%6F%6F%6F%6C%6C" n1="%E3%81%AA%E3%81%8A%E3%81%84" n2="%E5%B0%B1%E6%B4%BB%E7%94%9F%40%E5%B7%9D%E6%9D%91%E8%BB%8D%E5%9B%A3" n3="%43%41%4E%59%43%4F" dan="14,13,17,14" rate="1955.20,1944.64,2212.90,1888.25" sx="M,M,M,M"/><TAIKYOKU oya="0"/><INIT seed="0,0,0,2,5,8" ten="250,250,250,250" oya="0" hai0="127,79,78,128,125,51,80,85,101,123,29,56,10" hai1="68,84,61,55,38,15,0,94,57,30,120,35,102" hai2="109,115,36,104,4,3,91,59,31,129,100,67,33" hai3="70,90,28,53,72,48,88,46,44,24,2,131,105"/><T113/><D123/><U27/><E120/><V32/><F104/><W5/><G70/><T39/><D39/><U96/><E38/><V81/><F36/><W107/><G72/><T34/><D34/><U130/><E130/><V108/><F100/><W1/><G131/><T65/><D29/><U89/><E0/><V60/><F129/><W66/><G66/><T42/><D128/><U20/><E68/><V124/><F124/><N who="0" m="47690" /><D101/><U117/><E117/><V45/><F115/><W58/><G105/><T135/><D113/><U116/><E116/><V14/><F3/><W13/><G107/><T7/><D135/><U76/><E76/><V82/><F45/><W99/><G2/><N who="0" m="375" /><D42/><U73/><E73/><V119/><F119/><W74/><G1/><T18/><D18/><U19/><E35/><V12/><F4/><W47/><G74/><T111/><D111/><N who="2" m="42570" /><F33/><W6/><G6/><T52/><D65/><U86/><E102/><V17/><F17/><W95/><G90/><AGARI ba="0,0" hai="51,52,56,78,79,80,85,90" m="375,47690" machi="90" ten="30,2900,0" yaku="18,1,54,1" doraHai="8" who="0" fromWho="3" sc="250,29,250,0,250,0,250,-29" /><INIT seed="0,1,0,4,1,9" ten="279,250,250,221" oya="0" hai0="1,100,5,24,35,29,41,12,93,98,65,87,107" hai1="126,119,70,39,80,127,110,114,78,129,101,102,2" hai2="91,92,104,128,25,86,77,13,14,3,116,36,118" hai3="42,96,108,56,4,73,134,121,63,68,132,22,48"/><T20/><D41/><U74/><E2/><V58/><F3/><W105/><G73/><T28/><D65/><U7/><E70/><V52/><F36/><W21/><G121/><T17/><D29/><U11/><E39/><V26/><F104/><W115/><G115/><T125/><D125/><N who="1" m="47627" /><E119/><N who="2" m="45611" /><F77/><W124/><G124/><T90/><D1/><N who="1" m="495" /><E114/><V59/><F59/><W131/><G4/><T51/><D51/><U97/><E102/><V0/><F0/><W66/><G68/><T103/><D100/><U30/><E30/><V32/><F128/><W10/><G131/><T83/><REACH who="0" step="1"/><D5/><REACH who="0" ten="269,250,250,221" step="2"/><U37/><E110/><V45/><F45/><W76/><G108/><T55/><D55/><U54/><E54/><V122/><F122/><W40/><G48/><T94/><AGARI ba="1,1" hai="12,17,20,24,28,35,83,87,90,93,94,98,103,107" machi="94" ten="30,6000,0" yaku="1,1,0,1,52,1,53,0" doraHai="9" doraHaiUra="62" who="0" fromWho="0" sc="269,73,250,-21,250,-21,221,-21" /><INIT seed="0,2,0,1,5,20" ten="342,229,229,200" oya="0" hai0="39,21,84,32,110,9,98,42,112,40,46,58,133" hai1="95,106,45,55,1,11,123,120,94,134,66,102,38" hai2="74,111,0,101,124,28,47,108,54,19,91,8,79" hai3="17,48,85,57,61,23,78,131,4,116,130,114,76"/><T12/><D112/><U117/><E117/><V92/><F124/><W14/><G114/><T118/><D118/><U73/><E55/><V59/><F101/><W89/><G116/><T125/><D125/><U82/><E66/><V31/><F47/><W60/><G130/><T37/><D32/><U100/><E94/><V3/><F79/><W109/><G131/><T69/><D69/><U97/><E95/><V18/><F74/><W132/><G132/><T113/><D113/><U127/><E102/><V62/><F19/><W2/><G109/><N who="2" m="42057" /><F18/><N who="3" m="10711" /><G2/><N who="2" m="553" /><F8/><W77/><G4/><T103/><D133/><U43/><E134/><V30/><F30/><W50/><G60/><T49/><D21/><U81/><E81/><V122/><F122/><W75/><G75/><T67/><D110/><U64/><E64/><V25/><F25/><W36/><G36/><T5/><D5/><N who="1" m="1455" /><E127/><V126/><F126/><W104/><G104/><T16/><D84/><AGARI ba="2,0" hai="28,31,54,59,62,84,91,92" m="553,42057" machi="84" ten="30,1000,0" yaku="14,1" doraHai="20" who="2" fromWho="0" sc="342,-16,229,0,229,16,200,0" /><INIT seed="1,0,0,1,4,133" ten="326,229,245,200" oya="1" hai0="56,14,132,92,121,134,45,85,97,131,46,76,54" hai1="13,64,135,23,34,90,32,50,125,74,66,31,78" hai2="106,2,37,115,22,99,16,6,79,19,71,103,61" hai3="123,109,1,63,8,27,72,29,53,39,112,128,57"/><U127/><E74/><V84/><F37/><W10/><G112/><T65/><D65/><U59/><E78/><V80/><F115/><W108/><G123/><T118/><D118/><U4/><E135/><N who="0" m="51753" /><D14/><U98/><E64/><V116/><F116/><W107/><G128/><T101/><D131/><U111/><E98/><V20/><F20/><W41/><G107/><T75/><D75/><U30/><E90/><V129/><F129/><W24/><G72/><T114/><D114/><U81/><E81/><V124/><F124/><N who="1" m="47689" /><E111/><V0/><F6/><W70/><G109/><T15/><D121/><U104/><E104/><V77/><F77/><W68/><G108/><T117/><D117/><U9/><E23/><V28/><F28/><N who="1" m="10793" /><E50/><V120/><F22/><W52/><G29/><T62/><D76/><U7/><E7/><V25/><F99/><W122/><G122/><T67/><D85/><U40/><E40/><V87/><F84/><W47/><G10/><T51/><D15/><U55/><E55/><V42/><F106/><W86/><G53/><T100/><D100/><U48/><E48/><V69/><F103/><W93/><G8/><T17/><D45/><U126/><N who="1" m="47697" /><U44/><DORA hai="58" /><E44/><V33/><F87/><W21/><G21/><T26/><D26/><U43/><E43/><V96/><F25/><W12/><G27/><T18/><AGARI ba="0,0" hai="17,18,46,51,54,56,62,67,92,97,101" m="51753" machi="18" ten="30,2000,0" yaku="20,1,52,1" doraHai="133,58" who="0" fromWho="0" sc="326,20,229,-10,245,-5,200,-5" /><INIT seed="2,0,0,2,2,5" ten="346,219,240,195" oya="2" hai0="29,11,121,42,39,60,114,48,79,41,74,69,38" hai1="57,28,56,8,43,111,7,12,81,97,72,27,73" hai2="67,59,53,33,70,94,68,78,101,91,106,125,37" hai3="82,10,127,76,46,45,24,13,95,135,14,26,64"/><V6/><F33/><W107/><G107/><T117/><D114/><U104/><E111/><V40/><F78/><W61/><G135/><T93/><D121/><U17/><E43/><V66/><F125/><W36/><G127/><T89/><D29/><U83/><E73/><V44/><F101/><W25/><G36/><T122/><D122/><U133/><E133/><V88/><F106/><W115/><G115/><T54/><D79/><U55/><E56/><V80/><F80/><W31/><G95/><T20/><D20/><U100/><E72/><V52/><F6/><W21/><G14/><T49/><D74/><U113/><E113/><V102/><F102/><W65/><G65/><T63/><D11/><U116/><E116/><V123/><F123/><W130/><G130/><T51/><D89/><U105/><E105/><V119/><F119/><W30/><G82/><T18/><D18/><U96/><E96/><V35/><F35/><W77/><G77/><T3/><D3/><U32/><REACH who="1" step="1"/><E17/><REACH who="1" ten="346,209,240,195" step="2"/><V19/><F19/><W87/><G87/><T132/><D132/><U62/><AGARI ba="0,1" hai="7,8,12,27,28,32,55,57,62,81,83,97,100,104" machi="62" ten="20,12000,2" yaku="1,1,2,1,0,1,7,1,52,1,53,1" doraHai="5" doraHaiUra="99" who="1" fromWho="1" sc="346,-30,209,130,240,-60,195,-30" /><INIT seed="3,0,0,2,1,25" ten="316,339,180,165" oya="3" hai0="72,129,74,56,41,134,124,31,24,87,35,10,111" hai1="75,77,121,1,89,17,84,116,13,113,47,98,83" hai2="20,62,135,29,16,26,48,5,28,69,43,128,12" hai3="68,4,122,27,0,91,40,93,131,6,11,82,103"/><W36/><G122/><T133/><D41/><U118/><E1/><V73/><F73/><W102/><G131/><T76/><D10/><U107/><E121/><V109/><F109/><W96/><G68/><T130/><D111/><U99/><E47/><N who="2" m="25727" /><F69/><W58/><G6/><T3/><D56/><U127/><E113/><V32/><F32/><W123/><G123/><T81/><D3/><U114/><E114/><V15/><F128/><N who="0" m="49258" /><D87/><U8/><E127/><V37/><F37/><W39/><G103/><T106/><D106/><U60/><E60/><V115/><F115/><W88/><G39/><T126/><D81/><U33/><E33/><V30/><F135/><N who="0" m="51722" /><D76/><U34/><E34/><V97/><F5/><W94/><G82/><T2/><D2/><U19/><E19/><V125/><F125/><AGARI ba="0,0" hai="24,31,35,72,74,124,125,126" m="51722,49258" machi="125" ten="40,32000,5" yakuman="39" doraHai="25" who="0" fromWho="2" sc="316,320,339,0,180,-320,165,0" owari="636,73.0,339,14.0,-140,-64.0,165,-23.0" /></mjloggm>