<mjloggm ver="2.3"><GO type="169" lobby="0"/><UN n0="%E5%B0%B1%E6%B4%BB%E7%94%9F%40%E5%B7%9D%E6%9D%91%E8%BB%8D%E5%9B%A3" n1="%E5%B0%8F%E7%89%A7%E6%84%9B%E4%BD%B3" n2="%4E%41%4B%37" n3="%E3%83%96%E3%83%AB%E3%83%96%E3%83%AB%E3%83%8F%E3%83%BC%E3%83%84" dan="18,16,16,17" rate="2243.83,2061.54,2022.84,2214.97" sx="M,M,M,M"/><TAIKYOKU oya="0"/><INIT seed="0,0,0,1,0,8" ten="250,250,250,250" oya="0" hai0="61,106,69,120,19,126,124,54,113,10,119,97,42" hai1="65,114,121,94,25,117,28,21,60,20,104,36,112" hai2="91,38,125,82,98,22,56,96,23,78,95,55,128" hai3="7,9,81,87,86,17,3,62,27,135,71,84,5"/><T92/><D106/><U39/><E117/><V0/><F128/><W4/><G135/><T49/><D119/><U118/><E118/><V53/><F125/><N who="0" m="48234" /><D113/><N who="1" m="43627" /><E104/><V2/><F38/><N who="1" m="14377" /><E121/><V74/><F98/><W47/><G3/><T29/><D29/><U70/><E94/><V111/><F111/><W51/><G71/><T109/><D109/><U50/><E50/><V24/><F23/><AGARI ba="0,0" hai="20,21,23,25,28,60,65,70" m="14377,43627" machi="23" ten="30,1000,0" yaku="11,1" doraHai="8" who="1" fromWho="2" sc="250,0,250,10,250,-10,250,0" /><INIT seed="1,0,0,3,3,82" ten="250,260,240,250" oya="1" hai0="24,120,44,41,114,8,106,16,52,87,37,127,30" hai1="3,55,69,123,97,19,75,13,10,104,39,57,31" hai2="131,133,47,101,111,70,71,51,17,29,76,67,99" hai3="116,125,53,59,60,42,63,5,56,48,90,28,36"/><U96/><E123/><V34/><F111/><W50/><G28/><T100/><D114/><U134/><E69/><V21/><F133/><W20/><G116/><T0/><D0/><U112/><E112/><V1/><F131/><W35/><G35/><T81/><D127/><U107/><E75/><V27/><F1/><W85/><G125/><T68/><D68/><U23/><E39/><V130/><F130/><W4/><G36/><T12/><D120/><U103/><E134/><V95/><F67/><W117/><G20/><T79/><D100/><U64/><E64/><V102/><F76/><W54/><G117/><T33/><D106/><U110/><E110/><V105/><F102/><W11/><G42/><T129/><D129/><U15/><E3/><V91/><F29/><W73/><G73/><T58/><D58/><U43/><E43/><V45/><F34/><W7/><G11/><T94/><D94/><AGARI ba="0,0" hai="4,5,7,48,50,53,54,56,59,60,63,85,90,94" machi="94" ten="40,5200,0" yaku="9,1,8,1,52,1" doraHai="82" who="3" fromWho="0" sc="250,-52,260,0,240,0,250,52" /><INIT seed="2,0,0,3,1,78" ten="198,260,240,302" oya="2" hai0="91,89,27,100,4,2,29,67,127,42,104,50,47" hai1="107,110,123,98,34,46,12,86,65,132,6,15,36" hai2="8,77,135,116,117,10,113,120,111,102,17,84,114" hai3="11,35,83,129,48,37,3,1,39,19,101,90,59"/><V18/><F102/><W133/><G35/><T26/><D127/><U97/><E34/><V71/><F71/><W23/><G101/><T5/><D67/><U108/><E132/><V16/><F84/><W95/><G3/><T28/><D104/><U0/><E0/><V103/><F103/><W31/><G31/><T43/><D100/><U134/><E134/><V24/><F77/><W9/><G1/><T105/><D105/><U32/><E107/><V125/><F135/><W40/><G37/><T61/><D2/><U7/><E36/><V112/><F125/><W54/><G129/><T87/><D61/><U20/><E123/><V58/><F120/><W30/><G30/><T44/><D87/><U73/><E86/><V13/><F111/><W118/><G39/><T122/><REACH who="0" step="1"/><D122/><REACH who="0" ten="188,260,240,302" step="2"/><U53/><E108/><V93/><F93/><W99/><G133/><T70/><D70/><U57/><E110/><V106/><F106/><W128/><G95/><T96/><D96/><U49/><E98/><V76/><F76/><W38/><G99/><T92/><D92/><U51/><E97/><V119/><F58/><W69/><G59/><T55/><D55/><U72/><E53/><V94/><F94/><W109/><G54/><T14/><D14/><U45/><E57/><V82/><F82/><W62/><G83/><T52/><D52/><U131/><E65/><V66/><F66/><W74/><G69/><T33/><D33/><U25/><E32/><V63/><F63/><W22/><G62/><T64/><D64/><U60/><E60/><V130/><F13/><W85/><G109/><RYUUKYOKU ba="0,1" sc="188,30,260,-10,240,-10,302,-10" hai0="4,5,26,27,28,29,42,43,44,47,50,89,91" /><INIT seed="3,1,1,3,2,31" ten="218,250,230,292" oya="3" hai0="78,40,20,57,119,17,104,29,30,63,122,72,82" hai1="9,90,33,56,16,26,92,131,58,135,32,71,103" hai2="11,124,68,77,49,86,61,52,18,5,48,15,74" hai3="83,88,3,4,42,70,43,75,34,130,23,38,132"/><W69/><G23/><T54/><D122/><U116/><E71/><V0/><F74/><W66/><G42/><T36/><D119/><U109/><E103/><V7/><F124/><W107/><G88/><T59/><D104/><U98/><E116/><V93/><F68/><W1/><G1/><T73/><D73/><U126/><E126/><V47/><F0/><W111/><G107/><T129/><D129/><U10/><E131/><V67/><F67/><W21/><G21/><T76/><D76/><U91/><E109/><V120/><F120/><W65/><G65/><T110/><D110/><U64/><E135/><V105/><F105/><W51/><G51/><N who="2" m="19529" /><F47/><W53/><G53/><T115/><D115/><U84/><E64/><V101/><F77/><N who="3" m="44479" /><G66/><T62/><D40/><U37/><E37/><V45/><F45/><N who="3" m="23799" /><G132/><T114/><D36/><U96/><E84/><V123/><F123/><W100/><G100/><T118/><D118/><U127/><E127/><V27/><F101/><W113/><G113/><T50/><D114/><U89/><E89/><N who="2" m="53431" /><F27/><W35/><G130/><T25/><REACH who="0" step="1"/><D57/><AGARI ba="1,1" hai="5,7,11,15,18,52,57,61" m="53431,19529" machi="57" ten="30,2000,0" yaku="8,1,54,1" doraHai="31" who="2" fromWho="0" sc="218,-23,250,0,230,33,292,0" /><INIT seed="4,0,0,5,2,88" ten="195,250,263,292" oya="0" hai0="63,122,40,90,19,18,103,4,80,94,64,51,91" hai1="85,1,111,95,89,118,114,104,112,53,127,32,113" hai2="100,78,16,60,129,54,43,47,14,49,45,9,39" hai3="106,41,30,82,75,93,57,131,123,71,61,0,109"/><T12/><D122/><U76/><E1/><V66/><F129/><W38/><G0/><T50/><D4/><U5/><E32/><V6/><F100/><W134/><G106/><T125/><D125/><U59/><E118/><V115/><F115/><W55/><G109/><T3/><D3/><U42/><E111/><V83/><F6/><W31/><G71/><T108/><D108/><U135/><E127/><V37/><F37/><W62/><G41/><T48/><D40/><U98/><E135/><V74/><REACH who="2" step="1"/><F60/><REACH who="2" ten="195,250,253,292" step="2"/><N who="3" m="35903" /><G38/><T105/><D105/><U36/><E5/><V124/><F124/><W23/><G61/><T79/><D103/><U10/><E36/><V33/><F33/><W8/><G62/><T121/><D121/><U58/><E112/><V21/><F21/><W126/><G23/><T116/><D116/><U24/><E113/><V132/><F132/><W68/><G134/><T70/><D12/><U102/><E114/><V133/><F133/><W130/><G126/><T67/><D67/><AGARI ba="0,1" hai="9,14,16,39,43,45,47,49,54,66,67,74,78,83" machi="67" ten="40,2600,0" yaku="1,1,54,1,53,0" doraHai="88" doraHaiUra="56" who="2" fromWho="0" sc="195,-26,250,0,253,36,292,0" /><INIT seed="5,0,0,4,5,108" ten="169,250,289,292" oya="1" hai0="73,112,70,7,132,6,64,34,15,104,28,9,90" hai1="66,8,24,68,48,11,55,60,44,109,86,79,95" hai2="111,17,88,92,110,128,91,13,80,113,50,58,57" hai3="51,41,75,3,125,26,76,134,127,133,56,16,84"/><U102/><E109/><V31/><F128/><W121/><G3/><T23/><D104/><U14/><E24/><V98/><F31/><W61/><G75/><T106/><D106/><U74/><E74/><V39/><F39/><W115/><G121/><T18/><D73/><U97/><REACH who="1" step="1"/><E14/><REACH who="1" ten="169,240,289,292" step="2"/><V129/><F111/><W131/><G26/><T67/><D132/><U2/><E2/><V94/><F110/><W0/><G0/><T20/><D34/><U103/><E103/><V81/><F13/><W47/><G134/><T126/><D28/><U40/><E40/><V96/><F129/><W46/><G41/><T49/><D15/><U89/><E89/><V25/><F25/><W59/><G131/><T27/><D90/><U78/><E78/><V52/><F91/><W32/><G76/><T22/><D27/><U37/><E37/><V83/><F88/><W62/><G32/><T87/><D87/><U65/><E65/><V43/><F43/><W53/><G84/><T124/><D67/><U30/><E30/><V42/><F42/><W123/><G133/><T10/><D64/><U118/><E118/><V122/><F122/><W29/><G29/><T100/><D100/><U38/><E38/><V107/><F98/><W82/><G123/><T116/><D116/><U33/><E33/><V105/><F96/><W45/><G82/><AGARI ba="0,1" hai="8,11,44,48,55,60,66,68,79,82,86,95,97,102" machi="82" ten="40,3900,0" yaku="1,1,53,1" doraHai="108" doraHaiUra="77" who="1" fromWho="3" sc="169,0,240,49,289,0,292,-39" /><INIT seed="5,1,0,3,5,56" ten="169,289,289,253" oya="1" hai0="61,20,27,92,67,53,93,11,5,52,0,58,46" hai1="50,122,129,97,66,65,1,70,116,74,90,62,34" hai2="117,25,121,10,13,72,43,41,115,22,98,101,106" hai3="77,99,112,107,26,28,57,71,14,80,60,95,100"/><U82/><E116/><V63/><F121/><W89/><G112/><T23/><D23/><U3/><E122/><V94/><F117/><W120/><G120/><T83/><D83/><U21/><E34/><V29/><F72/><W69/><G14/><T132/><D132/><U49/><E129/><V18/><F115/><W68/><G77/><T42/><D92/><U81/><E21/><V104/><F104/><W8/><G8/><T54/><D93/><U40/><E97/><V9/><F106/><W105/><G80/><T35/><D35/><U33/><E33/><V130/><F130/><W15/><G15/><T85/><D85/><U123/><E123/><V19/><F9/><W32/><REACH who="3" step="1"/><G100/><REACH who="3" ten="169,289,289,243" step="2"/><T30/><REACH who="0" step="1"/><D67/><AGARI ba="1,1" hai="26,28,32,57,60,67,68,69,71,89,95,99,105,107" machi="67" ten="40,5200,0" yaku="1,1,2,1,52,1,53,0" doraHai="56" doraHaiUra="125" who="3" fromWho="0" sc="169,-55,289,0,289,0,243,65" /><INIT seed="6,0,0,0,5,56" ten="114,289,289,308" oya="2" hai0="30,72,94,71,46,93,26,34,77,11,121,83,116" hai1="85,104,100,53,33,132,17,98,134,123,90,91,86" hai2="70,110,61,127,40,10,133,109,87,25,108,97,36" hai3="35,88,129,119,4,5,41,18,99,120,49,48,50"/><V28/><F127/><W37/><G119/><T95/><D121/><U45/><E33/><N who="2" m="20623" /><F133/><N who="1" m="51305" /><E123/><V7/><F87/><N who="1" m="33289" /><E17/><V96/><F40/><W73/><G73/><T39/><D116/><U58/><E45/><V60/><F36/><W126/><G35/><T122/><D122/><U102/><E100/><V31/><F31/><W107/><G37/><T114/><D114/><U22/><E22/><V89/><F70/><W92/><G41/><T42/><D71/><U111/><E111/><V62/><F89/><W81/><G126/><T55/><D55/><U2/><E2/><AGARI ba="0,0" hai="2,7,10,60,61,62,96,97,108,109,110" m="20623" machi="2" ten="40,12000,1" yaku="10,1,52,3" doraHai="56" who="2" fromWho="1" sc="114,0,289,-120,289,120,308,0" /><INIT seed="6,1,0,0,4,114" ten="114,169,409,308" oya="2" hai0="89,131,35,41,9,57,19,29,84,54,4,120,118" hai1="73,110,24,81,67,106,51,135,2,91,66,78,92" hai2="23,130,60,5,112,72,34,20,12,96,50,32,76" hai3="127,42,83,97,25,117,88,52,58,79,47,107,44"/><V101/><F112/><W55/><G117/><T43/><D120/><U56/><E106/><V124/><F124/><W100/><G127/><T132/><D131/><U31/><E110/><V36/><F36/><W16/><G55/><T68/><D68/><U80/><E2/><V3/><F3/><W121/><G121/><T11/><D132/><U48/><E135/><V14/><F76/><W86/><G42/><T126/><D126/><U7/><E7/><V49/><F72/><W125/><G125/><T71/><D71/><U102/><E102/><V37/><F37/><W63/><G79/><T6/><D118/><U122/><E80/><V75/><F75/><W59/><G59/><T65/><D65/><U17/><E17/><V82/><F82/><W119/><G119/><T87/><D19/><U38/><E38/><V1/><F60/><W70/><G70/><T40/><D29/><U134/><E134/><V113/><F113/><W99/><G99/><T39/><D35/><U62/><E66/><V116/><F96/><W8/><G8/><N who="0" m="3147" /><D39/><U30/><E122/><V111/><F130/><W53/><G53/><T85/><D89/><U26/><E30/><V15/><F111/><W74/><REACH who="3" step="1"/><G74/><REACH who="3" ten="114,169,409,298" step="2"/><T27/><D27/><U10/><E26/><V22/><F116/><W28/><G28/><T61/><AGARI ba="1,1" hai="4,6,40,41,43,54,57,61,84,85,87" m="3147" machi="61" ten="40,1500,0" yaku="8,1" doraHai="114" who="0" fromWho="0" sc="114,28,169,-5,409,-8,298,-5" /><INIT seed="7,0,0,5,5,123" ten="142,164,401,293" oya="3" hai0="109,98,97,112,14,35,28,88,4,30,71,122,80" hai1="10,56,74,84,47,39,64,37,42,75,90,41,128" hai2="102,100,105,26,95,124,85,45,59,114,118,76,83" hai3="54,113,115,23,13,62,48,40,22,65,29,129,34"/><W21/><G129/><T57/><D109/><U116/><E128/><V33/><F105/><W72/><G40/><T49/><D71/><U61/><E116/><V55/><F124/><W9/><G72/><T96/><D122/><U134/><E134/><V32/><F114/><N who="3" m="43531" /><G34/><T104/><D104/><U79/><E79/><V130/><F130/><W53/><G29/><N who="0" m="11371" /><D35/><U19/><E10/><V81/><F118/><W5/><G48/><T2/><D2/><U106/><E106/><V15/><F45/><W117/><G117/><T51/><D112/><U60/><E19/><V44/><F44/><W78/><G78/><T127/><D127/><U70/><E42/><V126/><F126/><W8/><G9/><N who="0" m="4391" /><D57/><AGARI ba="0,0" hai="5,8,13,21,22,23,53,54,57,62,65" m="43531" machi="57" ten="30,1500,0" yaku="15,1" doraHai="123" who="3" fromWho="0" sc="142,-15,164,0,401,0,293,15" /><INIT seed="7,1,0,2,3,49" ten="127,164,401,308" oya="3" hai0="75,7,45,94,47,112,67,29,9,130,38,102,43" hai1="118,108,84,78,59,34,0,39,25,62,15,116,1" hai2="64,44,11,69,98,92,68,121,107,37,27,65,123" hai3="20,73,56,90,10,117,54,74,99,120,16,105,5"/><W97/><G117/><N who="1" m="45162" /><E108/><V35/><F107/><W128/><G120/><N who="2" m="46153" /><F11/><W8/><G128/><T3/><D130/><U63/><E39/><V89/><F35/><W30/><G30/><T91/><D75/><U101/><E101/><V119/><F119/><W133/><G133/><T125/><D125/><U93/><E15/><V53/><F27/><N who="3" m="14727" /><G105/><T24/><D112/><U110/><E110/><V52/><F65/><W86/><G73/><T41/><D102/><U134/><E134/><V2/><F2/><W51/><G74/><T72/><D72/><U106/><E106/><V103/><F103/><W12/><G8/><T132/><D132/><U58/><E0/><V80/><F80/><AGARI ba="1,0" hai="5,10,12,51,54,56,80,86,90,97,99" m="14727" machi="80" ten="30,5800,0" yaku="8,1,52,1,54,1" doraHai="49" who="3" fromWho="2" sc="127,0,164,0,401,-61,308,61" owari="127,-37.0,164,-24.0,340,14.0,369,47.0" /></mjloggm>