<mjloggm ver="2.3"><GO type="169" lobby="0"/><UN n0="%E3%83%87%E3%83%87%E3%82%AD%E3%83%B3%E3%83%88" n1="%52%69%2D%4D%6F%2D" n2="%E5%B0%B1%E6%B4%BB%E7%94%9F%40%E5%B7%9D%E6%9D%91%E8%BB%8D%E5%9B%A3" n3="%E3%81%93%E3%81%98%E3%81%BE%E3%82%82%E3%82%93" dan="17,17,18,17" rate="2136.39,2191.23,2220.35,2181.07" sx="M,M,M,M"/><TAIKYOKU oya="0"/><INIT seed="0,0,0,1,4,134" ten="250,250,250,250" oya="0" hai0="27,96,15,54,34,91,104,113,4,120,12,65,60" hai1="9,57,88,6,116,129,42,135,132,103,50,100,123" hai2="7,84,90,51,77,69,41,45,16,86,31,18,102" hai3="95,43,68,76,125,24,71,33,40,46,74,35,115"/><T111/><D113/><U67/><E123/><V73/><F69/><W92/><G115/><T89/><D120/><U118/><E129/><V58/><F73/><W23/><G76/><T53/><D111/><U38/><E38/><V20/><F7/><W75/><G24/><T66/><D4/><U22/><E22/><V11/><F102/><W1/><G23/><T62/><D104/><U30/><E30/><V10/><F58/><W39/><G46/><T85/><D27/><U44/><E100/><V93/><F31/><W133/><G39/><T126/><D85/><U3/><E103/><V117/><F117/><W37/><G37/><T0/><D96/><U82/><E57/><V36/><F36/><W63/><G63/><T61/><D34/><U47/><E47/><V59/><F59/><W80/><G80/><T83/><D83/><U64/><E116/><V32/><F32/><W108/><G108/><T99/><D99/><U130/><E118/><V70/><F70/><W107/><G133/><N who="1" m="51274" /><E130/><V17/><F20/><W29/><G29/><T55/><D0/><U97/><E97/><V101/><F101/><W121/><G121/><T72/><D72/><U49/><E49/><V19/><N who="2" m="4608" /><DORA hai="122" /><V79/><REACH who="2" step="1"/><F84/><AGARI ba="0,0" hai="3,6,9,42,44,50,64,67,82,84,88" m="51274" machi="84" ten="30,2000,0" yaku="20,1,54,1" doraHai="134,122" who="1" fromWho="2" sc="250,0,250,20,250,-20,250,0" /><INIT seed="1,0,0,2,3,5" ten="250,270,230,250" oya="1" hai0="95,108,14,12,113,55,50,9,69,84,89,106,48" hai1="109,19,121,66,56,7,90,88,59,105,85,53,30" hai2="126,134,129,41,71,15,24,45,72,103,26,3,63" hai3="35,104,94,131,110,86,102,42,6,36,118,54,132"/><U79/><E121/><V39/><F3/><W65/><G35/><T33/><D108/><U93/><E105/><V34/><F72/><W51/><G110/><T58/><D113/><U124/><E109/><V115/><F129/><W76/><G131/><T117/><D69/><U13/><E124/><V16/><F134/><W73/><G65/><T28/><D106/><U61/><E30/><V123/><F123/><W83/><G132/><T130/><D130/><U23/><E7/><V87/><F126/><W17/><G6/><T100/><D117/><U27/><E27/><V43/><F43/><W11/><G118/><T60/><D100/><U96/><E79/><V92/><F34/><W80/><G36/><T62/><D14/><U74/><E74/><V122/><F122/><W4/><G42/><T32/><D28/><U0/><E0/><V64/><F115/><W52/><G17/><T20/><D20/><U98/><REACH who="1" step="1"/><E90/><REACH who="1" ten="250,260,230,250" step="2"/><V47/><F26/><W25/><G104/><T44/><D33/><U75/><E75/><V128/><F24/><W31/><G31/><T70/><D32/><U116/><E116/><V112/><F112/><W119/><G25/><T57/><D70/><U67/><E67/><V120/><F64/><W99/><G119/><T82/><D82/><U2/><E2/><V77/><F71/><W18/><G83/><T8/><D12/><U114/><E114/><V22/><F15/><N who="3" m="7551" /><G73/><T101/><D101/><U37/><E37/><V111/><F128/><W10/><G80/><T21/><D89/><U46/><E46/><V135/><F111/><W78/><G102/><RYUUKYOKU ba="0,1" sc="250,-10,260,30,230,-10,250,-10" hai1="13,19,23,53,56,59,61,66,85,88,93,96,98" /><INIT seed="1,1,1,4,3,125" ten="240,290,220,240" oya="1" hai0="40,134,19,49,70,48,58,91,93,75,54,20,79" hai1="16,86,13,81,36,18,3,103,85,135,52,129,73" hai2="68,21,25,120,42,64,78,2,96,118,10,131,12" hai3="15,71,33,87,53,74,102,107,24,63,32,31,4"/><U130/><E3/><V26/><F120/><W95/><G74/><T22/><D70/><U111/><E36/><V39/><F118/><W37/><G37/><T97/><D134/><U119/><E119/><V35/><F78/><W115/><G115/><T116/><D116/><U55/><E135/><V6/><F96/><W84/><G33/><T80/><D40/><U27/><E103/><V41/><F39/><W59/><G107/><T82/><D82/><U101/><E101/><V17/><F26/><W110/><G110/><T132/><D132/><U72/><E27/><V67/><F131/><N who="1" m="50185" /><E111/><V90/><F90/><W29/><G29/><T114/><D114/><U83/><E83/><V89/><F89/><W38/><G24/><T92/><D92/><U69/><E69/><V94/><F94/><W56/><G71/><T23/><REACH who="0" step="1"/><D49/><REACH who="0" ten="230,290,220,240" step="2"/><U43/><E43/><V104/><F104/><W0/><G95/><T99/><D99/><U112/><E112/><V30/><F68/><W98/><G98/><T127/><D127/><U45/><E81/><V47/><F41/><W44/><G38/><T88/><D88/><U50/><E55/><V60/><F42/><W100/><G53/><T77/><D77/><U61/><E61/><V34/><F60/><W128/><G63/><T133/><D133/><U108/><E108/><V7/><F64/><W121/><G128/><T124/><D124/><U117/><E117/><V76/><F67/><W8/><G102/><T46/><D46/><U106/><E106/><V11/><F47/><W126/><G44/><T57/><D57/><U122/><E45/><RYUUKYOKU ba="1,2" sc="230,30,290,-10,220,-10,240,-10" hai0="19,20,22,23,48,54,58,75,79,80,91,93,97" /><INIT seed="2,2,2,4,5,110" ten="260,280,210,230" oya="2" hai0="7,124,115,107,95,70,53,81,12,57,52,3,51" hai1="118,119,72,71,22,103,91,0,56,111,41,116,133" hai2="120,43,2,94,48,23,31,129,21,17,109,67,6" hai3="1,55,40,97,28,5,20,60,132,134,75,105,83"/><V128/><F120/><W63/><G40/><T4/><D107/><U47/><E0/><V38/><F38/><W84/><G75/><T92/><D3/><U49/><E72/><V78/><F67/><W11/><G105/><T34/><D34/><U30/><E103/><V89/><F78/><W88/><G97/><T24/><D70/><U27/><E71/><V108/><F2/><W80/><G80/><T42/><D115/><U121/><E121/><V29/><F6/><W25/><REACH who="3" step="1"/><G55/><REACH who="3" ten="260,280,210,220" step="2"/><T79/><D42/><U73/><E73/><V36/><F43/><W65/><G65/><T64/><D64/><U32/><E41/><V50/><F36/><W59/><G59/><T39/><D39/><U85/><E56/><V14/><F109/><W125/><G125/><T76/><D124/><U127/><E111/><V45/><F108/><W58/><G58/><T96/><D53/><N who="1" m="29887" /><E127/><V62/><F45/><W8/><G8/><T112/><D57/><U74/><E74/><V131/><F62/><AGARI ba="2,3" hai="1,5,11,20,25,28,60,62,63,83,84,88,132,134" machi="62" ten="40,2600,0" yaku="1,1,54,1,53,0" doraHai="110" doraHaiUra="102" who="3" fromWho="2" sc="260,0,280,0,210,-32,220,62" /><INIT seed="3,0,0,4,5,65" ten="260,280,178,282" oya="3" hai0="130,104,127,87,68,124,84,31,24,14,8,118,83" hai1="32,58,47,51,74,7,57,92,36,121,129,33,26" hai2="18,70,90,80,25,67,17,0,76,105,71,110,55" hai3="49,102,52,108,48,15,9,134,79,101,2,125,22"/><W38/><G38/><T120/><D104/><U95/><E121/><V94/><F105/><W40/><G2/><T69/><D120/><U45/><E74/><V89/><F0/><W41/><G125/><N who="0" m="48203" /><D130/><U133/><E7/><V122/><F122/><W106/><G134/><T116/><D87/><U39/><E51/><V86/><F67/><W50/><G108/><T78/><D116/><U21/><E21/><V99/><F110/><W46/><G22/><N who="0" m="15767" /><D118/><U3/><E3/><V72/><F55/><W135/><G79/><T132/><D132/><U13/><E133/><V91/><F25/><W117/><G117/><T29/><D29/><U28/><E26/><V96/><F96/><W27/><G27/><T126/><N who="0" m="48211" /><T123/><DORA hai="131" /><D123/><U103/><E28/><V113/><F113/><W11/><G135/><T115/><D115/><U1/><E129/><V20/><F20/><W60/><G106/><T109/><D109/><U35/><E35/><V62/><F62/><W19/><G9/><T12/><D12/><U42/><E1/><V4/><F4/><AGARI ba="0,0" hai="4,8,14,68,69,78,83,84" m="15767,48211" machi="4" ten="40,5200,0" yaku="18,1,52,2" doraHai="65,131" who="0" fromWho="2" sc="260,52,280,0,178,-52,282,0" /><INIT seed="4,0,0,5,2,3" ten="312,280,126,282" oya="0" hai0="1,62,12,99,26,66,46,124,123,96,45,83,121" hai1="35,67,6,50,15,36,90,122,81,23,33,58,9" hai2="74,65,60,94,13,84,10,55,20,71,119,135,82" hai3="57,130,40,56,127,106,108,42,47,129,112,132,79"/><T8/><D1/><U87/><E36/><V126/><F135/><W22/><G106/><T37/><D124/><U39/><E39/><V93/><F126/><W109/><G79/><T97/><D83/><U104/><E122/><V16/><F119/><W30/><G127/><T49/><D26/><U75/><E104/><V34/><F74/><W2/><G2/><T4/><D37/><U48/><E75/><V73/><F73/><W11/><G11/><T27/><D27/><U91/><E35/><V116/><F34/><W21/><G47/><T25/><D25/><U101/><E101/><V44/><F20/><W64/><G64/><T111/><D111/><U120/><E33/><V54/><F116/><W31/><REACH who="3" step="1"/><G132/><REACH who="3" ten="312,280,126,272" step="2"/><T76/><D76/><U133/><E67/><V17/><F17/><W89/><G89/><T68/><REACH who="0" step="1"/><D45/><REACH who="0" ten="302,280,126,272" step="2"/><U7/><E133/><V105/><F44/><W0/><G0/><T113/><D113/><AGARI ba="0,2" hai="21,22,30,31,40,42,56,57,108,109,112,113,129,130" machi="113" ten="25,8000,1" yaku="1,1,22,2,53,2" doraHai="3" doraHaiUra="38" who="3" fromWho="0" sc="302,-80,280,0,126,0,272,100" /><INIT seed="5,0,0,2,4,54" ten="222,280,126,372" oya="1" hai0="77,61,17,13,46,51,66,20,42,60,111,124,83" hai1="106,110,1,72,36,59,52,6,65,88,118,103,14" hai2="22,84,132,68,29,30,63,67,70,50,58,8,21" hai3="96,134,95,27,26,12,56,53,0,55,47,119,10"/><U92/><E118/><V15/><F132/><W120/><G0/><T19/><D111/><U24/><E1/><V2/><F2/><W93/><G120/><T35/><D124/><U90/><E36/><V122/><F122/><W100/><G134/><T4/><D35/><U9/><E72/><V64/><F84/><W115/><G115/><T97/><D97/><N who="1" m="59815" /><E106/><V102/><F102/><W105/><G105/><T133/><D133/><U43/><E110/><V81/><F81/><W18/><G119/><T16/><D4/><U82/><E43/><V121/><F121/><W25/><G93/><T74/><REACH who="0" step="1"/><D61/><REACH who="0" ten="212,280,126,372" step="2"/><N who="1" m="36071" /><E65/><V3/><F3/><W41/><G96/><T89/><D89/><N who="1" m="34411" /><E24/><V11/><F63/><W114/><G25/><T127/><D127/><U123/><E123/><V109/><F109/><W112/><G26/><T57/><AGARI ba="0,1" hai="13,16,17,19,20,42,46,51,57,60,66,74,77,83" machi="57" ten="20,12000,2" yaku="1,1,0,1,7,1,52,1,54,1,53,1" doraHai="54" doraHaiUra="78" who="0" fromWho="0" sc="212,130,280,-60,126,-30,372,-30" /><INIT seed="6,0,0,4,5,44" ten="342,220,96,342" oya="2" hai0="111,57,75,73,99,100,36,82,125,74,130,51,38" hai1="48,13,50,101,12,120,98,84,128,118,62,53,40" hai2="46,90,108,78,17,10,42,9,131,45,6,119,39" hai3="69,112,2,20,22,121,116,34,23,47,85,87,59"/><V95/><F119/><W43/><G69/><T91/><D111/><U16/><E118/><V134/><F131/><W67/><G116/><T52/><D130/><U79/><E128/><V68/><F134/><W37/><G121/><T80/><D125/><U30/><E120/><V129/><F68/><W0/><G34/><T127/><D127/><U102/><E30/><V89/><F129/><W14/><G112/><T71/><D71/><U81/><E40/><V86/><F108/><W93/><G14/><N who="1" m="5738" /><E16/><V97/><F17/><W103/><G0/><T32/><D32/><U126/><E126/><V29/><F29/><W63/><G2/><T28/><D28/><U104/><E104/><V113/><F113/><W58/><G58/><T8/><D8/><U132/><E132/><V124/><F124/><W24/><G87/><T72/><D72/><U15/><E15/><V56/><F6/><W33/><G33/><T54/><D54/><U76/><E76/><V35/><F35/><W92/><G92/><T21/><D21/><U61/><E50/><V122/><F122/><W4/><G4/><T114/><D114/><U25/><E25/><V64/><F78/><W7/><G7/><T117/><D117/><U65/><E65/><V107/><F46/><W18/><G85/><N who="0" m="50599" /><D82/><U5/><E5/><V66/><F107/><W94/><G94/><N who="0" m="58487" /><D38/><U27/><E27/><V77/><F77/><W55/><G67/><N who="2" m="25641" /><F56/><W31/><G31/><T106/><D36/><U41/><E41/><V49/><F39/><W96/><AGARI ba="0,0" hai="18,20,22,23,24,37,43,47,55,59,63,93,96,103" machi="96" ten="30,1100,0" yaku="0,1" doraHai="44" who="3" fromWho="3" sc="342,-3,220,-3,96,-5,342,11" /><INIT seed="7,0,0,3,5,56" ten="339,217,91,353" oya="3" hai0="4,57,1,52,97,70,64,116,88,85,31,83,66" hai1="2,27,16,120,77,133,50,51,69,32,106,53,79" hai2="55,46,41,12,35,81,124,121,9,96,115,87,67" hai3="104,84,0,61,135,38,76,118,19,60,34,74,92"/><W95/><G118/><T101/><D116/><U58/><E27/><V33/><F115/><W40/><G34/><T65/><D70/><U63/><E51/><V128/><F124/><W113/><G104/><T93/><D31/><U36/><E50/><V72/><F128/><W10/><G113/><T94/><D4/><U18/><E18/><V17/><F121/><W110/><G135/><T122/><D1/><U13/><E53/><V44/><F72/><W59/><G110/><T68/><D68/><U131/><E79/><V73/><F73/><W130/><G130/><T26/><D26/><U30/><E58/><V89/><F96/><W129/><G129/><T119/><D119/><U82/><E30/><V6/><F67/><W102/><G102/><T80/><D122/><U23/><E2/><V100/><F100/><W108/><G108/><T127/><D127/><U71/><E32/><V99/><F99/><W15/><G0/><T42/><D42/><U109/><E36/><V5/><F35/><W103/><G74/><T112/><D112/><U3/><E3/><V125/><F33/><W20/><G103/><T107/><D107/><U98/><E106/><V126/><F126/><W54/><G38/><T111/><D111/><U117/><E109/><V132/><F132/><W28/><G40/><T22/><D22/><U62/><E23/><V105/><F105/><W78/><G61/><AGARI ba="0,0" hai="52,57,61,64,65,66,80,83,85,88,93,94,97,101" machi="61" ten="40,8000,1" yaku="8,1,52,1,54,2" doraHai="56" who="0" fromWho="3" sc="339,80,217,0,91,0,353,-80" owari="419,52.0,217,-18.0,91,-41.0,273,7.0" /></mjloggm>