<mjloggm ver="2.3"><GO type="169" lobby="0"/><UN n0="%E6%A1%9C%E4%BA%95%E3%81%95%E3%82%93" n1="%E3%82%A6%E3%83%AB%E3%83%88%E3%83%A9%E7%AB%8B%E7%9B%B4" n2="%E8%A3%95%E7%BE%8E%E5%AD%90" n3="%E3%83%92%E3%83%AB%E3%83%99%E3%83%AB%E3%83%88" dan="17,18,17,18" rate="2166.67,2183.25,2157.22,2270.22" sx="M,M,F,M"/><TAIKYOKU oya="0"/><INIT seed="0,0,0,2,5,128" ten="250,250,250,250" oya="0" hai0="63,74,50,24,34,88,98,60,99,54,30,13,100" hai1="113,4,130,131,115,49,2,125,124,25,89,58,37" hai2="65,79,112,127,119,96,87,91,66,5,16,53,22" hai3="120,85,97,43,62,0,67,70,20,94,122,107,48"/><T117/><D117/><U90/><E37/><V135/><F127/><N who="1" m="48713" /><E25/><V19/><F135/><W76/><G0/><T92/><D74/><U75/><E4/><V32/><F32/><W69/><G69/><T38/><D38/><U121/><E2/><V80/><F112/><N who="1" m="43081" /><E121/><N who="3" m="46698" /><G107/><T59/><REACH who="0" step="1"/><D13/><REACH who="0" ten="240,250,250,250" step="2"/><U29/><E75/><V83/><F119/><W56/><G85/><T47/><D47/><U77/><E77/><V104/><F79/><W33/><G76/><T8/><D8/><U109/><E109/><V7/><F87/><W126/><G126/><T11/><D11/><U10/><E10/><V71/><F96/><W72/><G72/><T123/><D123/><U31/><E131/><V82/><F7/><W36/><G36/><T23/><D23/><U40/><E130/><V110/><F5/><W9/><G9/><T134/><D134/><U15/><E15/><V21/><F110/><W46/><G20/><T106/><AGARI ba="0,1" hai="24,30,34,50,54,59,60,63,88,92,98,99,100,106" machi="106" ten="20,7800,0" yaku="1,1,0,1,7,1,54,1,53,0" doraHai="128" doraHaiUra="116" who="0" fromWho="0" sc="240,88,250,-26,250,-26,250,-26" /><INIT seed="0,1,0,0,5,8" ten="328,224,224,224" oya="0" hai0="105,79,53,4,76,70,104,39,108,11,84,7,16" hai1="96,6,135,127,45,36,55,101,21,10,114,30,49" hai2="26,29,132,65,82,64,25,33,40,69,125,61,5" hai3="88,50,43,90,94,23,74,17,111,71,122,77,0"/><T18/><D70/><U120/><E120/><V2/><F132/><W112/><G112/><T100/><D39/><U134/><E36/><V81/><F125/><W86/><G71/><T44/><D108/><U35/><E35/><V51/><F64/><W124/><G0/><T32/><D32/><U22/><E127/><V133/><F133/><N who="1" m="50697" /><E30/><V67/><F65/><W129/><G124/><T31/><D31/><U128/><E128/><V121/><F26/><W118/><G118/><T102/><D11/><U27/><E27/><V19/><F5/><W41/><G111/><T15/><D84/><U28/><E28/><V24/><F2/><W80/><G129/><T95/><D95/><N who="1" m="58527" /><E114/><V93/><F93/><W14/><G122/><T119/><D44/><U12/><AGARI ba="1,0" hai="6,10,12,21,22,45,49,55" m="58527,50697" machi="12" ten="30,2000,0" yaku="20,1,52,1" doraHai="8" who="1" fromWho="1" sc="328,-11,224,23,224,-6,224,-6" /><INIT seed="1,0,0,4,3,119" ten="317,247,218,218" oya="1" hai0="38,82,54,112,31,7,113,124,74,100,26,94,25" hai1="59,24,125,48,109,37,78,70,101,134,39,21,5" hai2="33,49,79,86,87,10,103,99,98,85,6,17,121" hai3="92,56,18,28,34,81,115,135,90,41,122,40,52"/><U20/><E70/><V30/><F121/><W132/><G115/><T116/><D116/><U129/><E125/><V102/><F79/><W22/><G81/><T11/><D124/><U71/><E71/><V12/><F33/><W80/><G80/><T9/><D38/><U69/><E69/><V42/><F30/><W126/><G126/><T36/><D36/><U32/><E32/><V3/><F42/><W0/><G0/><T60/><D82/><U13/><E129/><V35/><F49/><W58/><G28/><T117/><D117/><U43/><E134/><N who="3" m="51242" /><G34/><T65/><D74/><U46/><E109/><V88/><F35/><W66/><G56/><T127/><D127/><U77/><E101/><N who="2" m="38411" /><F6/><W128/><G66/><T63/><D31/><N who="1" m="17799" /><E39/><V95/><F3/><W8/><G8/><T57/><D11/><N who="1" m="4335" /><E37/><V118/><F118/><W108/><G122/><T133/><D133/><U73/><E73/><V84/><AGARI ba="0,0" hai="10,12,17,84,85,86,87,88,95,98,99" m="38411" machi="84" ten="30,2000,0" yaku="8,1,54,1" doraHai="119" who="2" fromWho="2" sc="317,-5,247,-10,218,20,218,-5" /><INIT seed="2,0,0,4,1,97" ten="312,237,238,213" oya="2" hai0="121,35,26,90,115,67,68,3,119,32,131,82,88" hai1="79,99,52,134,106,8,85,100,48,43,30,13,72" hai2="56,14,16,102,73,74,21,101,118,69,109,54,113" hai3="86,87,9,63,60,112,129,41,61,12,107,117,127"/><V51/><F118/><W114/><G117/><T81/><D119/><U7/><E134/><V75/><F69/><W116/><G116/><T5/><D121/><U50/><E72/><V110/><REACH who="2" step="1"/><F113/><REACH who="2" ten="312,237,228,213" step="2"/><W11/><G114/><T28/><D68/><U91/><E79/><V94/><F94/><W124/><G112/><T62/><D115/><U105/><E105/><V46/><F46/><W39/><G107/><T126/><D82/><U15/><E43/><V111/><AGARI ba="0,1" hai="14,16,21,51,54,56,73,74,75,101,102,109,110,111" machi="111" ten="40,18000,2" yaku="1,1,0,1,14,1,10,1,52,2,54,1,53,0" doraHai="97" doraHaiUra="133" who="2" fromWho="2" sc="312,-60,237,-60,228,190,213,-60" /><INIT seed="2,1,0,4,4,49" ten="252,177,418,153" oya="2" hai0="8,93,17,41,3,135,123,84,22,128,64,35,95" hai1="70,48,98,62,36,27,109,79,133,83,52,7,130" hai2="69,101,47,0,63,37,82,50,61,112,29,43,46" hai3="91,1,18,25,119,33,38,14,102,15,77,11,106"/><V97/><F0/><W94/><G77/><T108/><D123/><U92/><E36/><V75/><F112/><W66/><G38/><T13/><D35/><U51/><E109/><V131/><F131/><W21/><G66/><T117/><D108/><U2/><E130/><V9/><F29/><N who="3" m="19631" /><G94/><T56/><D128/><U116/><E116/><V39/><F69/><W100/><G91/><T32/><D32/><U107/><E107/><V53/><F39/><W28/><G102/><T99/><D117/><U45/><E133/><V73/><F82/><W42/><G42/><T120/><D120/><U122/><E122/><V125/><F125/><W58/><G58/><T104/><D135/><U16/><E70/><V110/><F110/><W76/><G100/><N who="0" m="60543" /><D3/><U81/><E62/><V113/><F113/><W60/><G60/><N who="0" m="37895" /><D41/><U129/><E129/><V6/><F63/><W88/><G106/><T55/><D55/><N who="1" m="30095" /><E2/><V44/><F61/><W96/><G76/><T80/><D93/><U57/><E7/><V78/><F78/><W10/><G119/><T86/><D104/><U40/><E79/><V74/><F46/><W65/><G65/><T126/><D126/><U90/><E40/><V72/><F75/><W34/><G96/><T12/><D80/><U127/><E127/><V24/><F97/><W71/><G71/><T59/><D59/><U85/><E98/><V87/><F101/><W118/><G118/><T115/><D115/><U132/><E132/><V5/><F74/><W124/><G124/><T31/><D31/><U134/><E134/><V26/><F73/><W121/><G121/><RYUUKYOKU ba="1,0" sc="252,15,177,15,418,-15,153,-15" hai0="8,12,13,17,22,84,86" hai1="16,27,51,52,57,81,83,85,90,92" /><INIT seed="3,2,0,2,1,51" ten="267,192,403,138" oya="3" hai0="73,132,63,121,29,75,28,84,106,22,52,56,72" hai1="117,24,88,82,39,77,13,25,98,85,19,79,100" hai2="110,60,31,36,61,6,131,50,11,45,16,38,53" hai3="126,0,71,93,105,86,90,9,109,96,8,27,32"/><W35/><G71/><T114/><D121/><U34/><E39/><V12/><F110/><W89/><G126/><T59/><D106/><U116/><E77/><V41/><F131/><W129/><G129/><T81/><D132/><U120/><E79/><V55/><F31/><W20/><G109/><T123/><D123/><U103/><E120/><V128/><F128/><W76/><G76/><T66/><D114/><U21/><E103/><V102/><F102/><W130/><G130/><T58/><D58/><U104/><REACH who="1" step="1"/><E34/><REACH who="1" ten="267,182,403,138" step="2"/><V70/><F38/><W133/><G35/><T49/><REACH who="0" step="1"/><D22/><REACH who="0" ten="257,182,403,138" step="2"/><U119/><AGARI ba="2,2" hai="13,19,21,24,25,82,85,88,98,100,104,116,117,119" machi="119" ten="30,8000,1" yaku="1,1,2,1,0,1,12,1,54,1,53,0" doraHai="51" doraHaiUra="62" who="1" fromWho="1" sc="257,-22,182,106,403,-22,138,-42" /><INIT seed="4,0,0,2,0,60" ten="235,288,381,96" oya="0" hai0="30,116,81,9,10,128,34,132,111,3,32,107,98" hai1="102,133,54,61,80,117,26,74,122,52,78,57,114" hai2="88,49,100,51,35,97,65,90,31,62,59,58,123" hai3="87,15,105,134,13,121,85,40,22,2,56,106,110"/><T109/><D116/><U112/><E122/><V124/><F123/><W16/><G110/><N who="0" m="41995" /><D128/><U91/><E117/><V83/><F124/><W108/><G2/><T84/><D132/><U25/><E102/><V1/><F1/><W55/><G108/><T70/><D70/><U131/><E131/><V63/><F83/><W28/><G121/><T86/><D86/><U93/><E54/><N who="2" m="34167" /><F31/><W6/><G134/><T41/><D41/><U17/><E133/><V125/><F35/><N who="0" m="13354" /><D30/><U46/><E46/><V29/><F29/><W47/><G28/><T43/><D43/><U73/><E73/><V72/><F125/><W20/><G87/><T19/><D19/><U42/><E42/><V129/><F72/><W23/><G85/><T14/><D14/><U27/><REACH who="1" step="1"/><E17/><REACH who="1" ten="235,278,381,96" step="2"/><V50/><F129/><W79/><G40/><T126/><D126/><U92/><E92/><AGARI ba="0,1" hai="49,50,51,58,63,65,88,90,92,97,100" m="34167" machi="92" ten="30,3900,0" yaku="8,1,52,1,54,1" doraHai="60" who="2" fromWho="1" sc="235,0,278,-39,381,49,96,0" /><INIT seed="5,0,0,2,2,48" ten="235,239,430,96" oya="1" hai0="102,10,134,77,43,38,125,32,128,34,49,131,67" hai1="107,39,44,109,47,123,98,73,85,105,25,9,61" hai2="19,13,42,54,46,69,118,37,88,121,132,20,30" hai3="75,26,120,35,116,57,127,103,53,51,104,16,45"/><U28/><E73/><V11/><F121/><W17/><G75/><T63/><D38/><U68/><E123/><V33/><F69/><W94/><G120/><T36/><D36/><U79/><E109/><V101/><F101/><W99/><G116/><T106/><D134/><U119/><E9/><V96/><F132/><W55/><G127/><T90/><D125/><U41/><E47/><V126/><F33/><W4/><G4/><T82/><D90/><U2/><E2/><V80/><F118/><W66/><G66/><T22/><D22/><U65/><E119/><V15/><F30/><W130/><G130/><N who="0" m="49707" /><D10/><U12/><E12/><V27/><F11/><W29/><G104/><T24/><D24/><U76/><E85/><V40/><F40/><W91/><REACH who="3" step="1"/><G103/><REACH who="3" ten="235,239,430,86" step="2"/><T5/><D5/><U56/><E107/><V100/><F100/><W93/><G93/><T115/><D102/><U60/><E105/><V129/><F80/><W110/><G110/><T117/><D106/><U81/><E65/><V133/><F133/><W72/><G72/><T95/><D95/><U7/><E81/><V14/><F126/><W64/><G64/><T89/><D67/><U78/><E7/><V31/><F129/><W71/><G71/><T23/><D117/><U108/><E68/><V122/><F122/><W111/><G111/><T62/><D82/><U59/><E108/><V92/><F92/><W8/><G8/><T97/><D115/><U70/><E70/><V21/><F96/><W135/><G135/><T3/><D97/><U112/><E98/><V83/><F83/><W113/><G113/><RYUUKYOKU ba="0,1" sc="235,-10,239,-10,430,-10,86,30" hai3="16,17,26,29,35,45,51,53,55,57,91,94,99" /><INIT seed="6,1,1,2,3,104" ten="225,229,420,116" oya="2" hai0="13,110,119,41,1,30,77,7,99,94,75,21,53" hai1="71,132,114,64,124,72,45,22,10,86,19,25,63" hai2="92,12,78,122,54,74,66,28,97,118,48,108,36" hai3="83,51,62,102,26,82,107,4,96,117,32,85,89"/><V27/><F122/><W100/><G117/><T56/><D110/><U44/><E72/><V93/><F36/><W29/><G102/><T9/><D119/><U129/><E114/><V134/><F66/><W88/><G4/><T113/><D113/><U37/><E37/><V17/><F134/><W121/><G121/><T73/><D77/><U109/><E109/><V58/><F108/><W126/><G126/><T135/><D41/><U55/><E132/><V49/><F78/><W67/><G51/><T95/><D135/><U15/><E129/><V112/><F74/><W106/><G107/><T76/><D76/><U18/><E124/><V2/><F2/><W39/><G39/><T98/><D95/><U14/><E55/><V90/><F93/><W60/><REACH who="3" step="1"/><G67/><REACH who="3" ten="225,229,420,106" step="2"/><T3/><D7/><U46/><E64/><V33/><F112/><W79/><G79/><T35/><D3/><U52/><E45/><V69/><F49/><W127/><G127/><T81/><D1/><U42/><E46/><V6/><F6/><W24/><G24/><T11/><D13/><U120/><E44/><V61/><F48/><W91/><G91/><T128/><D128/><U103/><E15/><V80/><F90/><W123/><G123/><T111/><D111/><U16/><E14/><V20/><F12/><W34/><G34/><T130/><D35/><U125/><E125/><V116/><F33/><W59/><G59/><T0/><D56/><N who="1" m="35207" /><E25/><V65/><F116/><W131/><G131/><T40/><D130/><U23/><E120/><V43/><F118/><W57/><G57/><T47/><D0/><RYUUKYOKU ba="1,2" sc="225,-10,229,-10,420,-10,106,30" hai3="26,29,32,60,62,82,83,85,88,89,96,100,106" /><INIT seed="7,2,2,3,4,113" ten="215,219,410,136" oya="3" hai0="31,4,97,110,56,120,48,98,87,44,23,53,78" hai1="124,45,122,75,59,38,100,128,43,37,99,63,18" hai2="84,125,93,57,70,108,0,36,22,16,33,60,13" hai3="130,106,118,80,34,127,101,50,2,51,24,115,71"/><W112/><G2/><T64/><D110/><U123/><E75/><V92/><F33/><W5/><G5/><T111/><D111/><U89/><E38/><V88/><F36/><W41/><G118/><T46/><D120/><U119/><E119/><V94/><F125/><W134/><G127/><T8/><D64/><U85/><E18/><V90/><F70/><W102/><G71/><T15/><D78/><U86/><E86/><N who="2" m="52247" /><F0/><W96/><G102/><T21/><D87/><U83/><E128/><V30/><F30/><N who="3" m="19783" /><G41/><N who="0" m="24591" /><D46/><U133/><E133/><V82/><F108/><W74/><G134/><T129/><D129/><U26/><E26/><V14/><F13/><W114/><G130/><T17/><D31/><U20/><E20/><N who="0" m="7753" /><D4/><U9/><E9/><V67/><AGARI ba="2,2" hai="14,16,22,57,60,67,82,84,90,93,94" m="52247" machi="67" ten="30,4000,0" yaku="8,1,54,2" doraHai="113" who="2" fromWho="2" sc="215,-12,219,-12,410,66,136,-22" owari="203,-20.0,207,1.0,476,58.0,114,-39.0" /></mjloggm>