<mjloggm ver="2.3"><GO type="169" lobby="0"/><UN n0="%E6%B0%B4%E5%93%89%E3%81%AE%E3%83%AC%E3%82%B8%E3%82%A7%E3%83%B3%E3%83%89" n1="%E5%AF%A1%E4%BA%BA" n2="%E3%83%A4%E3%82%AD%E3%83%B3" n3="%E5%B0%B1%E6%B4%BB%E7%94%9F%40%E5%B7%9D%E6%9D%91%E8%BB%8D%E5%9B%A3" dan="16,16,18,17" rate="2117.80,2074.96,2236.15,2183.50" sx="M,M,M,M"/><TAIKYOKU oya="0"/><INIT seed="0,0,0,1,4,77" ten="250,250,250,250" oya="0" hai0="58,101,57,83,70,3,37,127,112,123,56,81,12" hai1="55,67,128,130,82,103,42,41,100,38,74,131,117" hai2="43,46,33,71,5,10,88,64,53,124,31,24,22" hai3="30,91,99,94,27,2,129,49,54,132,15,90,107"/><T109/><D3/><U122/><E117/><V104/><F104/><W44/><G2/><T17/><D70/><U87/><E122/><V29/><F124/><W51/><G129/><T108/><D123/><U28/><E67/><V26/><F53/><W96/><G132/><T78/><D112/><U6/><E74/><V48/><F64/><W14/><G51/><T34/><D127/><U68/><E68/><V4/><F71/><W60/><G60/><T35/><D78/><U63/><E6/><V106/><F106/><W36/><G36/><T119/><D37/><U86/><E28/><V52/><F88/><W9/><G107/><T39/><D39/><U80/><E63/><V93/><F93/><W59/><G59/><T65/><D65/><U69/><E55/><V110/><F110/><N who="0" m="42602" /><D101/><N who="1" m="38987" /><E69/><V85/><F85/><N who="1" m="32265" /><E38/><V114/><F114/><W120/><G120/><T19/><D119/><U21/><E21/><V62/><F10/><W23/><REACH who="3" step="1"/><G9/><REACH who="3" ten="250,250,250,240" step="2"/><N who="0" m="6287" /><D19/><U72/><E72/><V115/><F115/><W111/><G111/><T84/><D84/><U73/><E73/><V25/><F5/><W134/><G134/><T13/><D13/><U92/><E92/><AGARI ba="0,1" hai="14,15,23,27,30,44,49,54,90,91,92,94,96,99" machi="92" ten="40,5200,0" yaku="1,1,9,1,8,1,53,0" doraHai="77" doraHaiUra="66" who="3" fromWho="1" sc="250,0,250,-52,250,0,240,62" /><INIT seed="1,0,0,2,0,124" ten="250,198,250,302" oya="1" hai0="63,21,60,102,17,134,57,32,119,101,133,0,129" hai1="25,93,52,1,23,6,100,117,113,44,62,110,97" hai2="99,72,58,84,126,7,114,43,89,39,38,53,132" hai3="34,98,90,65,10,36,4,55,86,69,130,49,112"/><U81/><E113/><V35/><F72/><W78/><G36/><T45/><D32/><U94/><E117/><V77/><F126/><W83/><G34/><T50/><D0/><U82/><E110/><V127/><F35/><W30/><G30/><T11/><D11/><U46/><E1/><V106/><F114/><W88/><G112/><T123/><D119/><U15/><E6/><V67/><F67/><W118/><G118/><T92/><D123/><U26/><E15/><V122/><F77/><W14/><G130/><T8/><D8/><U71/><E94/><V5/><F122/><W73/><G98/><N who="0" m="59591" /><D102/><U96/><E96/><V87/><F87/><W41/><G73/><T75/><D57/><N who="1" m="35111" /><E71/><V70/><F70/><W33/><G33/><T64/><D64/><U13/><E13/><V12/><F99/><W104/><G104/><T120/><D129/><U116/><E116/><V42/><F106/><W20/><G20/><T3/><D3/><U105/><E105/><V29/><F7/><W66/><G69/><T79/><D79/><U31/><E26/><V18/><F5/><W91/><G55/><N who="0" m="30159" /><D75/><U27/><E27/><V121/><F121/><W125/><G125/><T59/><D59/><U47/><AGARI ba="0,0" hai="23,25,31,44,46,47,81,82,93,97,100" m="35111" machi="47" ten="30,3000,0" yaku="8,1,54,1" doraHai="124" who="1" fromWho="1" sc="250,-10,198,30,250,-10,302,-10" /><INIT seed="1,1,0,4,1,83" ten="240,228,240,292" oya="1" hai0="39,92,5,69,17,126,13,121,30,127,15,70,89" hai1="66,58,6,93,21,37,86,123,64,50,111,104,117" hai2="75,46,62,94,12,3,52,134,40,45,110,38,81" hai3="28,125,102,82,72,2,9,41,10,29,32,56,129"/><U73/><E73/><V33/><F3/><W7/><G102/><T115/><D115/><U103/><BYE who="0" /><E37/><V109/><F33/><W135/><G125/><T106/><D106/><U124/><E117/><V57/><F134/><W96/><G129/><T119/><D119/><U87/><E123/><V68/><F94/><W84/><G135/><T47/><D47/><U0/><E104/><V23/><F23/><W14/><G72/><T53/><D53/><N who="1" m="32055" /><E0/><V108/><F12/><W59/><G96/><T130/><D130/><U49/><E124/><UN n0="%E6%B0%B4%E5%93%89%E3%81%AE%E3%83%AC%E3%82%B8%E3%82%A7%E3%83%B3%E3%83%89" /><V16/><F46/><W77/><G41/><T65/><D39/><U44/><E6/><V88/><F68/><W99/><G99/><T24/><D5/><U26/><E103/><V128/><F128/><W97/><G97/><T19/><D121/><U105/><E105/><V100/><F100/><W95/><G95/><T112/><D92/><U113/><E113/><V132/><F132/><W78/><G78/><T67/><D112/><U8/><E8/><V63/><F63/><W131/><G131/><T55/><D70/><U42/><E111/><V31/><F31/><W51/><G32/><T90/><D69/><U54/><E42/><V101/><F101/><W18/><G56/><T79/><D79/><U4/><E4/><V60/><F75/><W85/><G59/><T76/><D76/><U118/><E118/><V91/><F62/><W116/><G116/><T133/><D133/><U35/><E35/><V98/><F108/><W43/><G43/><T11/><D30/><N who="3" m="11881" /><G51/><T114/><D114/><U80/><E93/><N who="2" m="56615" /><F16/><W27/><G27/><RYUUKYOKU ba="1,0" sc="240,-15,228,-15,240,15,292,15" hai2="38,40,45,52,57,60,81,91,109,110" hai3="2,7,9,10,14,18,77,82,84,85" /><INIT seed="2,2,0,1,2,74" ten="225,213,255,307" oya="2" hai0="35,25,102,40,100,48,63,45,9,71,78,127,13" hai1="113,99,89,16,54,93,24,83,112,49,44,70,32" hai2="86,80,14,50,22,1,109,33,105,115,21,98,91" hai3="108,126,4,69,101,120,64,68,77,85,90,46,31"/><V73/><F115/><W75/><G120/><T133/><D127/><U61/><E83/><V114/><F1/><W107/><G126/><T65/><D133/><U47/><E32/><V12/><F33/><W124/><G124/><T59/><D71/><U42/><E70/><V94/><F114/><W104/><G108/><T118/><D118/><U84/><E84/><V27/><F109/><W106/><G4/><T52/><D78/><U121/><E121/><V29/><F22/><W66/><G101/><T81/><D81/><U125/><E125/><V131/><F131/><W26/><G46/><T119/><D119/><U0/><E0/><V122/><F122/><W87/><G75/><T36/><D25/><U23/><REACH who="1" step="1"/><E61/><REACH who="1" ten="225,203,255,307" step="2"/><V6/><F73/><W51/><G69/><N who="0" m="42175" /><D35/><U20/><E20/><V134/><F134/><W92/><G68/><T8/><D8/><U39/><AGARI ba="2,1" hai="16,23,24,39,42,44,47,49,54,89,93,99,112,113" machi="39" ten="20,5200,0" yaku="1,1,0,1,7,1,54,1,53,0" doraHai="74" doraHaiUra="135" who="1" fromWho="1" sc="225,-15,203,68,255,-28,307,-15" /><INIT seed="3,0,0,3,1,2" ten="210,271,227,292" oya="3" hai0="4,74,51,129,117,1,23,48,100,6,116,119,126" hai1="84,93,76,50,77,0,28,125,21,134,31,71,10" hai2="110,25,90,115,16,63,44,114,132,85,83,17,58" hai3="121,67,68,130,111,59,104,8,75,118,57,46,80"/><W91/><G118/><T54/><D74/><U61/><E134/><V108/><F132/><W32/><G121/><T47/><D1/><U96/><E125/><V98/><F44/><W124/><G32/><T13/><D126/><U9/><E71/><V103/><F115/><W73/><G104/><T19/><D129/><U43/><E61/><V39/><F39/><W62/><G124/><T81/><D81/><N who="1" m="47143" /><E77/><V82/><F82/><W78/><G75/><T34/><D34/><U37/><E37/><V135/><F114/><W49/><G130/><T41/><REACH who="0" step="1"/><D100/><REACH who="0" ten="200,271,227,292" step="2"/><U95/><E0/><V27/><F135/><W42/><G111/><T33/><D33/><U107/><E31/><V88/><F110/><W66/><G91/><T20/><D20/><U45/><E21/><V14/><F108/><W112/><G112/><T106/><D106/><U12/><E28/><V89/><F89/><W120/><G120/><T36/><D36/><U87/><E107/><V24/><F90/><W55/><G67/><T109/><D109/><U72/><E72/><V3/><F3/><W15/><REACH who="3" step="1"/><G42/><REACH who="3" ten="200,271,227,282" step="2"/><T64/><D64/><U127/><E127/><V52/><REACH who="2" step="1"/><F14/><REACH who="2" ten="200,271,217,282" step="2"/><W30/><G30/><T35/><D35/><U97/><E12/><V60/><F60/><W99/><G99/><T65/><D65/><U18/><E97/><V11/><F11/><W131/><G131/><T7/><D7/><AGARI ba="0,3" hai="7,8,15,46,49,55,57,59,62,66,68,73,78,80" machi="7" ten="30,5800,0" yaku="1,1,7,1,52,1,53,0" doraHai="2" doraHaiUra="69" who="3" fromWho="0" sc="200,-58,271,0,217,0,282,88" /><INIT seed="3,1,0,0,1,30" ten="142,271,217,370" oya="3" hai0="100,98,45,108,6,90,2,56,75,111,103,34,71" hai1="26,112,114,102,22,116,27,10,38,131,72,54,68" hai2="8,33,130,64,79,39,120,129,77,97,57,61,95" hai3="1,99,94,46,0,122,16,89,31,41,42,32,3"/><W85/><G122/><T21/><D71/><U110/><E72/><V59/><F39/><W86/><G42/><T78/><D34/><U117/><E38/><V82/><F120/><W105/><G105/><T91/><D6/><U106/><E68/><V13/><F57/><W52/><G41/><T55/><D2/><U118/><E106/><V53/><F33/><W74/><G74/><T127/><D127/><U115/><E102/><V126/><F126/><W12/><G31/><T124/><D124/><U44/><E44/><V37/><F37/><W5/><G5/><T40/><D21/><U125/><E54/><V48/><F61/><W76/><G76/><T47/><D78/><U101/><E101/><N who="2" m="60607" /><F64/><W24/><G24/><N who="1" m="9258" /><E125/><V4/><F82/><W29/><G29/><T70/><D75/><U134/><E110/><N who="0" m="42025" /><D70/><U20/><E131/><AGARI ba="1,0" hai="4,8,13,48,53,59,77,79,129,130,131" m="60607" machi="131" ten="30,1000,0" yaku="19,1" doraHai="30" who="2" fromWho="1" sc="142,0,271,-13,217,13,370,0" /><INIT seed="4,0,0,3,0,81" ten="142,258,230,370" oya="0" hai0="62,10,22,116,91,88,92,23,51,36,39,59,133" hai1="128,38,124,46,97,82,135,45,70,9,104,48,130" hai2="76,41,134,102,122,90,55,86,65,27,101,72,100" hai3="50,95,8,131,44,109,74,127,6,98,103,69,94"/><T0/><D116/><U61/><E135/><V30/><F41/><W87/><G74/><T84/><D133/><U93/><E124/><V68/><F134/><W2/><G69/><T126/><D126/><U75/><E38/><V77/><F72/><W56/><G127/><T63/><D39/><U1/><E104/><V47/><F65/><W14/><G131/><N who="1" m="50218" /><E75/><V52/><F68/><W11/><G109/><T28/><D36/><U43/><E82/><N who="2" m="49495" /><F122/><W32/><G32/><T113/><D113/><U18/><E46/><V12/><F12/><W49/><G56/><T4/><D51/><U67/><E18/><V118/><F118/><W29/><G29/><T85/><D28/><U13/><E1/><V34/><F34/><W7/><G44/><T21/><REACH who="0" step="1"/><D59/><REACH who="0" ten="132,258,230,370" step="2"/><U111/><E48/><N who="2" m="28703" /><F30/><W16/><G6/><T17/><D17/><U105/><E70/><V54/><F27/><W20/><G7/><T119/><D119/><U42/><E111/><V5/><F5/><W40/><G50/><T99/><D99/><U114/><E97/><V132/><F132/><W89/><G2/><T112/><D112/><U83/><E114/><V110/><F110/><W53/><G40/><T123/><D123/><U58/><E58/><V57/><F55/><W115/><G115/><T125/><D125/><U106/><E43/><V31/><F31/><W35/><G35/><T96/><D96/><U33/><E33/><V121/><F121/><W26/><G49/><AGARI ba="0,1" hai="49,54,57,76,77,100,101,102" m="28703,49495" machi="49" ten="30,3900,0" yaku="8,1,52,1,54,1" doraHai="81" who="2" fromWho="3" sc="132,0,258,0,230,49,370,-39" /><INIT seed="5,0,0,0,4,100" ten="132,258,279,331" oya="1" hai0="2,60,38,45,99,110,76,72,43,117,26,135,11" hai1="16,124,119,96,51,36,23,0,55,98,28,101,61" hai2="62,41,128,113,83,84,89,133,116,24,121,123,70" hai3="7,34,78,125,103,112,20,58,105,68,13,126,37"/><U102/><E0/><V39/><F116/><W27/><G68/><T44/><D117/><U56/><E36/><V132/><F39/><W50/><G37/><T32/><D110/><U17/><E124/><N who="3" m="47722" /><G78/><T114/><D114/><U19/><E119/><V92/><F41/><W79/><G79/><T22/><D135/><N who="2" m="51786" /><F128/><W93/><G105/><T69/><D45/><U95/><E28/><V67/><F113/><W33/><G112/><T10/><D99/><U52/><E23/><V90/><F24/><W1/><G1/><T107/><D11/><U18/><E18/><V15/><F15/><W12/><G58/><T88/><D88/><N who="1" m="55399" /><E98/><AGARI ba="0,0" hai="62,67,70,83,84,89,90,92,98,121,123" m="51786" machi="98" ten="30,1000,0" yaku="20,1" doraHai="100" who="2" fromWho="1" sc="132,0,258,-10,279,10,331,0" /><INIT seed="6,0,0,5,0,48" ten="132,248,289,331" oya="2" hai0="100,50,15,3,123,34,22,76,55,1,54,40,39" hai1="24,43,129,111,53,104,46,17,84,95,13,67,73" hai2="23,116,30,21,107,64,99,44,106,60,19,85,7" hai3="37,126,70,90,96,59,115,121,117,93,89,32,92"/><V102/><F116/><W98/><G70/><T0/><D34/><U69/><E73/><V8/><F85/><W29/><G117/><T110/><D123/><U131/><E104/><V113/><F113/><W14/><G121/><T120/><D120/><U12/><E111/><V52/><F30/><W103/><G37/><T11/><D110/><U122/><E122/><V2/><F107/><W62/><G126/><T82/><D100/><U135/><E135/><V77/><F77/><W125/><G125/><T16/><D39/><U86/><E67/><V109/><F109/><W65/><G115/><T134/><D134/><U91/><E69/><V25/><F23/><W58/><G58/><T9/><D40/><U18/><E24/><V101/><F101/><W66/><G66/><T47/><REACH who="0" step="1"/><D55/><REACH who="0" ten="122,248,289,331" step="2"/><U128/><E53/><V75/><F52/><W118/><G103/><T5/><D5/><U63/><E131/><V33/><F33/><W36/><G36/><T27/><D27/><U71/><E129/><V79/><F102/><W68/><G118/><T74/><AGARI ba="0,1" hai="0,1,3,9,11,15,16,22,47,50,54,74,76,82" machi="74" ten="30,7900,0" yaku="1,1,0,1,52,1,54,1,53,0" doraHai="48" doraHaiUra="127" who="0" fromWho="0" sc="122,89,248,-20,289,-39,331,-20" /><INIT seed="7,0,0,2,2,118" ten="211,228,250,311" oya="3" hai0="53,47,1,13,101,87,12,55,2,128,48,105,8" hai1="100,102,20,57,69,129,30,45,120,124,19,3,7" hai2="116,93,31,9,81,134,63,117,92,104,131,43,80" hai3="5,68,52,38,65,27,25,96,115,35,56,40,72"/><W133/><G72/><T70/><D70/><U23/><E69/><V112/><F104/><W94/><G35/><T39/><D128/><U4/><E3/><V75/><F31/><W111/><G111/><T89/><D39/><U62/><E120/><V59/><F131/><W64/><G68/><T88/><D101/><N who="1" m="39019" /><E124/><V49/><F112/><W77/><G77/><T76/><D105/><U78/><E78/><V15/><F75/><W91/><G38/><T28/><D28/><U11/><E129/><V46/><F134/><W44/><G5/><N who="1" m="2122" /><E30/><V50/><F50/><N who="3" m="26887" /><G115/><T123/><D123/><U110/><E110/><V16/><F117/><W51/><G133/><T21/><D2/><U127/><E45/><V37/><F116/><W60/><G60/><T41/><D1/><U121/><E121/><V24/><F24/><AGARI ba="0,0" hai="24,25,27,51,52,56,64,65,91,94,96" m="26887" machi="24" ten="30,2900,0" yaku="8,1,54,1" doraHai="118" who="3" fromWho="2" sc="211,0,228,0,250,-29,311,29" owari="211,-29.0,228,3.0,221,-18.0,340,44.0" /></mjloggm>