<mjloggm ver="2.3"><GO type="169" lobby="0"/><UN n0="%E3%82%A6%E3%83%AB%E3%83%88%E3%83%A9%E7%AB%8B%E7%9B%B4" n1="%E6%98%9F%E9%99%8D%E3%82%8B%E8%A1%97" n2="%EF%BC%A0%E3%81%BF%E3%82%84" n3="%E3%81%A0%E3%81%90%E3%81%A9" dan="17,16,17,16" rate="2159.83,2139.59,2206.92,2094.59" sx="M,F,M,M"/><TAIKYOKU oya="0"/><INIT seed="0,0,0,5,3,47" ten="250,250,250,250" oya="0" hai0="41,122,121,49,27,74,104,31,87,2,6,124,67" hai1="106,101,57,118,97,64,119,40,35,60,34,14,42" hai2="55,83,116,75,89,33,90,17,117,65,0,11,93" hai3="133,44,66,85,72,1,56,94,8,114,38,48,79"/><T43/><D74/><U46/><E40/><V123/><F123/><W129/><G114/><T37/><D37/><U45/><E46/><V99/><F33/><W126/><G38/><T135/><D104/><U76/><E76/><N who="2" m="44447" /><F65/><W108/><G72/><T32/><D67/><U91/><E91/><N who="2" m="55743" /><F55/><W73/><G73/><T128/><D87/><U132/><E132/><V92/><F17/><W111/><G133/><T112/><D49/><U103/><E103/><V20/><F20/><W62/><G129/><T69/><D43/><U131/><E131/><V84/><F11/><W70/><G126/><T110/><D41/><U61/><E61/><V130/><F0/><W25/><G25/><T15/><D69/><U51/><REACH who="1" step="1"/><E14/><REACH who="1" ten="250,240,250,250" step="2"/><V4/><F130/><W7/><G79/><T10/><D128/><U88/><E88/><V30/><F90/><W107/><G44/><T109/><D135/><U12/><E12/><V120/><F89/><W22/><G62/><T19/><D112/><U26/><E26/><V13/><F13/><W29/><G1/><T86/><D124/><U78/><E78/><V54/><F120/><N who="0" m="46186" /><D86/><U134/><E134/><V71/><F84/><W80/><G85/><T100/><D100/><U98/><E98/><V23/><F116/><AGARI ba="0,1" hai="34,35,42,45,51,57,60,64,97,101,106,116,118,119" machi="116" ten="40,5200,0" yaku="1,1,52,1,53,1" doraHai="47" doraHaiUra="63" who="1" fromWho="2" sc="250,0,240,62,250,-52,250,0" /><INIT seed="1,0,0,3,2,20" ten="250,302,198,250" oya="1" hai0="135,92,83,24,57,99,69,28,127,15,27,78,38" hai1="90,1,89,134,129,112,65,72,118,45,37,8,44" hai2="54,108,80,84,77,106,9,85,11,5,87,10,73" hai3="117,103,40,126,56,39,12,47,6,52,132,111,64"/><U42/><E118/><V102/><F108/><W96/><G111/><T122/><D69/><U62/><E112/><V46/><F106/><W16/><G117/><T23/><D38/><U17/><E129/><V121/><F121/><W74/><G74/><T115/><D115/><U51/><E134/><V59/><F102/><W2/><G64/><T29/><D135/><U60/><E72/><V98/><F98/><W43/><G43/><T18/><D127/><U31/><E31/><V67/><F67/><W76/><G76/><T86/><D122/><U22/><E60/><V41/><F54/><W79/><G79/><T26/><D57/><U63/><E62/><V107/><F59/><W21/><G132/><T14/><D14/><U119/><E119/><V116/><F107/><W125/><G6/><T128/><D128/><U49/><E8/><V35/><F35/><W68/><G2/><T93/><D93/><U66/><E1/><V133/><F133/><W113/><G68/><T50/><D50/><U131/><E37/><N who="2" m="21807" /><F116/><W4/><G4/><T95/><D95/><U53/><E131/><V105/><F105/><W100/><G113/><T101/><AGARI ba="0,0" hai="15,18,23,24,26,27,28,29,78,83,86,92,99,101" machi="101" ten="30,8000,1" yaku="0,1,8,1,52,3" doraHai="20" who="0" fromWho="0" sc="250,80,302,-40,198,-20,250,-20" /><INIT seed="2,0,0,4,4,43" ten="330,262,178,230" oya="2" hai0="4,24,75,0,78,8,30,69,106,10,41,90,80" hai1="77,15,31,94,37,45,18,82,26,52,126,14,32" hai2="72,97,103,16,92,121,21,134,93,84,58,6,1" hai3="3,83,88,50,116,48,102,89,53,132,70,59,120"/><V119/><F72/><W81/><G70/><T99/><D10/><U67/><E126/><V2/><F134/><W47/><G120/><T40/><D69/><U110/><E110/><V64/><F119/><W11/><G116/><T100/><REACH who="0" step="1"/><D90/><REACH who="0" ten="320,262,178,230" step="2"/><N who="3" m="34921" /><G132/><T118/><D118/><U71/><E71/><V127/><F121/><W44/><G102/><T91/><D91/><U95/><E82/><N who="3" m="31242" /><G3/><T117/><D117/><U130/><E130/><V25/><F127/><W35/><G35/><AGARI ba="0,1" hai="0,4,8,24,30,35,40,41,75,78,80,99,100,106" machi="35" ten="30,2000,0" yaku="1,1,7,1,53,0" doraHai="43" doraHaiUra="113" who="0" fromWho="3" sc="320,30,262,0,178,0,230,-20" /><INIT seed="3,0,0,1,5,85" ten="350,262,178,210" oya="3" hai0="29,38,28,5,44,1,34,98,108,51,82,89,31" hai1="102,30,83,61,15,106,25,19,128,121,117,97,109" hai2="129,2,33,23,36,43,55,71,123,135,27,22,70" hai3="3,90,133,96,131,78,9,45,11,47,74,64,76"/><W57/><G74/><T52/><D108/><U10/><E121/><V21/><F2/><W50/><G131/><T111/><D111/><U32/><E109/><V13/><F129/><W93/><G133/><T58/><D34/><U77/><E128/><V115/><F115/><W65/><G47/><T113/><D113/><U60/><REACH who="1" step="1"/><E117/><REACH who="1" ten="350,252,178,210" step="2"/><V127/><F123/><W66/><G57/><T116/><D116/><U132/><E132/><V73/><F135/><W6/><REACH who="3" step="1"/><G9/><REACH who="3" ten="350,252,178,200" step="2"/><T0/><D58/><U69/><E69/><V126/><F71/><W110/><G110/><T100/><D44/><U114/><E114/><V88/><F70/><W112/><G112/><T7/><D38/><U24/><E24/><V80/><F27/><W75/><G75/><AGARI ba="0,2" hai="10,15,19,25,30,32,60,61,75,77,83,97,102,106" machi="75" ten="30,2000,0" yaku="1,1,7,1,53,0" doraHai="85" doraHaiUra="87" who="1" fromWho="3" sc="350,0,252,40,178,0,200,-20" /><INIT seed="4,0,0,0,5,52" ten="350,292,178,180" oya="0" hai0="98,128,130,134,27,121,92,47,90,8,122,95,4" hai1="30,45,119,103,66,111,5,114,28,124,48,57,0" hai2="79,106,14,43,12,91,29,89,118,60,87,72,107" hai3="77,26,32,101,78,80,55,73,104,88,102,82,1"/><T83/><D27/><U97/><E119/><V34/><F118/><W20/><G32/><T75/><D47/><U9/><E111/><V31/><F43/><W59/><G1/><T100/><D8/><U50/><E124/><V70/><F72/><W85/><G77/><N who="0" m="44479" /><D4/><U115/><E50/><V21/><F79/><W38/><G104/><N who="2" m="39977" /><F87/><W53/><G38/><T24/><D24/><U135/><E135/><V129/><F34/><W61/><REACH who="3" step="1"/><G53/><REACH who="3" ten="350,292,178,170" step="2"/><T42/><D134/><U2/><E0/><V131/><F131/><N who="0" m="50218" /><D42/><U65/><E2/><V46/><F129/><W22/><G22/><T126/><D126/><U108/><E108/><V19/><F21/><W120/><G120/><T63/><D63/><U67/><E48/><V96/><F60/><W81/><G81/><T117/><D117/><U132/><E132/><V110/><F110/><W39/><G39/><T37/><D37/><U36/><E36/><V113/><F70/><W62/><G62/><T86/><AGARI ba="0,1" hai="86,90,92,95,98,100,121,122" m="50218,44479" machi="86" ten="30,6000,0" yaku="19,1,34,2" doraHai="52" who="0" fromWho="0" sc="350,70,292,-20,178,-20,170,-20" /><INIT seed="4,1,0,3,4,86" ten="420,272,158,150" oya="0" hai0="112,21,47,91,129,85,7,6,88,8,55,35,69" hai1="11,50,111,41,65,108,28,83,1,93,82,104,113" hai2="109,39,122,121,76,95,30,130,101,58,23,38,17" hai3="14,124,81,36,133,134,51,74,57,64,96,84,89"/><T31/><D35/><U29/><E104/><V66/><F109/><W13/><G36/><T132/><D69/><U87/><E65/><V25/><F130/><W105/><G124/><T52/><D112/><U123/><E123/><V118/><F118/><W63/><G51/><T60/><D132/><N who="3" m="50793" /><G74/><T56/><D129/><U99/><E113/><V127/><F127/><W125/><G125/><T2/><D2/><U106/><E106/><V5/><F5/><W72/><G72/><T43/><D55/><U98/><E1/><V126/><F126/><W46/><G46/><T116/><D116/><U9/><E50/><V114/><F114/><W53/><G53/><T70/><D70/><U4/><E93/><V45/><F76/><W131/><G131/><T120/><D120/><N who="2" m="46186" /><F17/><W44/><G44/><T100/><D47/><U135/><E135/><V75/><F75/><W71/><G71/><T90/><D43/><U62/><E87/><V19/><F19/><W32/><G32/><T73/><D73/><U107/><E107/><V128/><F45/><W80/><G80/><T16/><D85/><U59/><E41/><V94/><F128/><W77/><G77/><T61/><D61/><U117/><E62/><N who="2" m="38231" /><F95/><W37/><G37/><T10/><D100/><AGARI ba="1,0" hai="13,14,57,63,64,81,84,89,96,100,105" m="50793" machi="100" ten="30,2000,0" yaku="20,1,52,1" doraHai="86" who="3" fromWho="0" sc="420,-23,272,0,158,0,150,23" /><INIT seed="5,0,0,5,5,79" ten="397,272,158,173" oya="1" hai0="101,9,48,107,61,110,112,72,34,121,4,123,24" hai1="22,96,100,90,0,21,77,10,41,35,15,76,105" hai2="135,47,84,95,17,19,128,106,70,1,97,31,50" hai3="108,115,7,114,40,87,85,49,14,118,111,109,98"/><U133/><E0/><V42/><F1/><W67/><G67/><T73/><D48/><U39/><E35/><V102/><F70/><W99/><G40/><T11/><D110/><U57/><E133/><V91/><F135/><W120/><G49/><T113/><D61/><U60/><E90/><V82/><F128/><W132/><G14/><T129/><D129/><U27/><E22/><V65/><F65/><W68/><G7/><T80/><D107/><U23/><E41/><V63/><F63/><W32/><G68/><T18/><D101/><U62/><E39/><V36/><F31/><W104/><G32/><T45/><D45/><U89/><E89/><V92/><F36/><W55/><G55/><T13/><D73/><U71/><E71/><V134/><F134/><W25/><G25/><T74/><D72/><U29/><E23/><V103/><F106/><W12/><G12/><N who="0" m="7455" /><D74/><U66/><REACH who="1" step="1"/><E62/><REACH who="1" ten="397,262,158,173" step="2"/><V124/><F124/><W6/><G132/><T56/><D34/><U119/><E119/><V75/><F75/><W8/><G118/><T127/><D127/><U38/><E38/><V117/><F117/><W44/><G111/><T83/><D123/><U116/><E116/><V130/><F130/><W20/><G120/><T58/><D121/><U122/><E122/><V46/><F46/><W126/><G44/><T28/><D113/><U53/><E53/><V3/><F3/><W52/><G52/><T51/><D112/><U33/><E33/><V16/><F102/><W93/><G115/><T54/><D58/><U131/><E131/><V59/><F59/><W37/><G114/><RYUUKYOKU ba="0,1" sc="397,10,262,10,158,10,173,-30" hai0="4,9,13,24,28,51,54,56,80,83" hai1="10,15,21,27,29,57,60,66,76,77,96,100,105" hai2="16,17,19,42,47,50,82,84,91,92,95,97,103" /><INIT seed="5,1,1,0,0,102" ten="407,272,168,143" oya="1" hai0="1,70,30,55,84,54,62,130,109,15,104,90,2" hai1="128,80,7,94,66,49,132,33,69,17,95,42,76" hai2="71,135,110,75,19,47,86,38,81,58,56,3,29" hai3="18,53,61,21,27,4,73,106,91,20,72,83,82"/><U36/><E36/><V98/><F110/><W113/><G106/><T25/><D104/><U34/><E34/><V45/><F71/><W101/><G101/><T85/><D55/><U111/><E33/><V100/><F135/><W131/><G4/><T88/><D130/><U79/><E69/><V127/><F127/><W122/><G122/><T97/><D97/><U40/><E66/><V46/><F38/><W48/><G113/><T50/><D15/><U108/><E7/><V126/><F126/><W8/><G61/><T133/><D133/><U89/><E132/><V10/><F75/><W26/><G8/><T39/><D39/><U114/><E114/><V44/><F29/><W64/><G64/><T31/><D31/><U57/><E128/><V77/><N who="2" m="11264" /><DORA hai="16" /><V11/><F3/><W51/><G131/><T60/><D109/><U74/><E76/><V129/><F129/><W0/><G0/><T23/><D70/><U24/><E95/><N who="2" m="58463" /><F19/><W92/><G73/><T5/><D5/><U59/><E111/><V120/><F120/><W123/><G72/><T9/><D30/><U116/><E116/><V93/><F93/><W117/><G117/><T52/><D2/><U68/><E68/><V134/><F134/><W22/><G18/><T105/><D105/><U28/><E28/><V35/><F35/><W115/><G115/><T78/><D78/><U32/><E32/><V99/><F99/><N who="3" m="57759" /><G123/><T107/><D107/><U6/><E108/><V67/><F67/><W124/><G124/><T103/><D1/><U37/><E17/><V13/><F10/><W65/><G65/><RYUUKYOKU ba="1,1" sc="407,-10,272,-10,168,30,143,-10" hai2="11,13,56,58,77,81,86" /><INIT seed="6,2,1,5,1,61" ten="397,262,198,133" oya="2" hai0="83,86,32,113,58,92,128,10,114,69,33,95,129" hai1="3,99,120,45,25,130,51,87,36,43,23,108,131" hai2="42,90,7,71,22,73,117,39,93,52,115,89,125" hai3="59,104,72,21,88,27,9,100,46,109,6,85,8"/><V44/><F115/><W112/><G109/><T20/><D69/><U116/><E3/><V122/><F122/><W107/><G112/><N who="0" m="43115" /><D20/><U4/><E108/><V62/><F117/><W0/><G72/><T28/><D58/><U60/><E4/><V38/><F125/><W96/><G9/><T57/><D57/><U54/><E120/><V2/><F73/><W40/><G59/><T1/><D10/><U121/><E121/><V41/><F52/><W111/><G111/><T132/><D1/><U79/><E116/><V84/><F22/><W16/><G100/><T97/><D132/><U29/><E60/><V18/><F18/><W110/><G96/><T56/><D56/><U13/><E13/><V94/><F7/><W80/><REACH who="3" step="1"/><G110/><REACH who="3" ten="397,262,198,123" step="2"/><T105/><D97/><U11/><E99/><V49/><F2/><W17/><G17/><T133/><D133/><U135/><E11/><V65/><F41/><W77/><G77/><T53/><D105/><U48/><E135/><V31/><F31/><W74/><G74/><T63/><D28/><U106/><E106/><V75/><F75/><W70/><G70/><T123/><D123/><U30/><E29/><V98/><AGARI ba="2,2" hai="38,39,42,44,49,62,65,71,84,89,90,93,94,98" machi="98" ten="20,3900,0" yaku="0,1,7,1,52,1" doraHai="61" who="2" fromWho="2" sc="397,-15,262,-15,198,65,123,-15" /><INIT seed="6,3,0,5,4,128" ten="382,247,263,108" oya="2" hai0="116,53,40,1,120,35,61,31,112,32,93,43,134" hai1="115,79,9,90,30,12,104,100,34,103,45,80,94" hai2="60,46,37,106,114,86,133,85,3,59,122,72,71" hai3="2,113,6,41,51,7,21,102,82,27,14,44,109"/><V33/><RYUUKYOKU type="yao9" ba="3,0" sc="382,0,247,0,263,0,108,0" hai2="3,33,37,46,59,60,71,72,85,86,106,114,122,133" /><INIT seed="6,4,0,2,0,95" ten="382,247,263,108" oya="2" hai0="123,107,92,67,27,100,48,24,57,6,135,80,114" hai1="25,52,101,62,35,9,86,93,103,69,55,96,28" hai2="104,129,87,63,44,2,131,15,31,40,71,34,60" hai3="56,26,125,102,97,130,8,10,84,32,61,106,113"/><V47/><F2/><W118/><G118/><T122/><D107/><U30/><E30/><V14/><F104/><W116/><G116/><T4/><D92/><U23/><E35/><V111/><F111/><W65/><G130/><N who="2" m="49673" /><F87/><W105/><G105/><T21/><D57/><U108/><E108/><V109/><F109/><W66/><G125/><T68/><D48/><U127/><E127/><V39/><F44/><W43/><G66/><T91/><D67/><U37/><E37/><V117/><F117/><W42/><G113/><T99/><D80/><U19/><E69/><V16/><F71/><W110/><G110/><T89/><D68/><U5/><E28/><V72/><F14/><W98/><G84/><T36/><D36/><U79/><E101/><V128/><F72/><W134/><G134/><T74/><D74/><U90/><E79/><V64/><F64/><W3/><G97/><T76/><D99/><U41/><E41/><V133/><F133/><W82/><G82/><T124/><D76/><U12/><E62/><V0/><F0/><W54/><G3/><T75/><D75/><U94/><AGARI ba="4,0" hai="5,9,12,19,23,25,52,55,86,90,93,94,96,103" machi="94" ten="20,8000,1" yaku="0,1,7,1,8,1,52,1,54,1" doraHai="95" who="1" fromWho="1" sc="382,-24,247,92,263,-44,108,-24" /><INIT seed="7,0,0,4,1,27" ten="358,339,219,84" oya="3" hai0="6,102,133,82,1,105,77,89,95,8,43,45,106" hai1="127,122,9,129,107,109,66,92,111,50,35,119,17" hai2="37,93,118,16,63,28,21,128,58,74,130,65,44" hai3="23,10,29,79,15,39,123,90,81,69,72,113,88"/><W33/><G39/><N who="0" m="21759" /><D102/><U101/><E122/><V57/><F118/><W40/><G123/><T108/><D108/><U60/><E119/><V96/><F74/><W126/><G69/><T38/><D38/><U20/><E35/><V7/><F7/><W75/><G75/><N who="0" m="43327" /><D133/><U62/><E107/><V64/><F37/><W61/><G40/><T49/><D49/><U56/><E129/><V18/><F44/><W68/><G113/><T91/><D91/><U19/><E127/><V110/><F110/><W132/><G126/><T135/><D135/><U103/><E50/><V116/><F116/><W71/><G132/><T115/><D115/><U25/><E62/><V84/><F84/><AGARI ba="0,0" hai="1,6,8,84,89,95,105,106" m="43327,21759" machi="84" ten="30,1000,0" yaku="25,1" doraHai="27" who="0" fromWho="2" sc="358,10,339,0,219,-10,84,0" owari="368,47.0,339,14.0,209,-19.0,84,-42.0" /></mjloggm>