<mjloggm ver="2.3"><GO type="169" lobby="0"/><UN n0="%E3%83%8D%E3%83%BC%E3%83%A0%E3%83%AC%E3%82%B9%EF%BC%97" n1="%33%31%6A%69%6E" n2="%E2%80%A0%E3%81%BE%E3%83%BC%E5%9D%8A%E2%80%A0" n3="%E3%82%A6%E3%83%AB%E3%83%88%E3%83%A9%E7%AB%8B%E7%9B%B4" dan="17,17,18,17" rate="2130.17,2177.04,2296.09,2208.09" sx="M,F,M,M"/><TAIKYOKU oya="0"/><INIT seed="0,0,0,0,4,96" ten="250,250,250,250" oya="0" hai0="55,57,59,17,45,44,98,15,22,82,87,88,86" hai1="101,38,0,100,75,68,133,51,76,127,66,89,114" hai2="83,84,112,81,6,61,35,99,116,25,113,20,30" hai3="5,129,42,119,28,79,91,85,104,53,73,72,95"/><T33/><D33/><U19/><E38/><V108/><F108/><W130/><G42/><T16/><D98/><U67/><E0/><V58/><F116/><W49/><G28/><T111/><D111/><U9/><E68/><V7/><F81/><N who="3" m="47295" /><G5/><T71/><D71/><U24/><E127/><V54/><F35/><W37/><G37/><T1/><D1/><U132/><E114/><V90/><F112/><W106/><G53/><T34/><D34/><U134/><E89/><V80/><F113/><W12/><G49/><N who="0" m="29103" /><D44/><U103/><E51/><V18/><F80/><W110/><G12/><N who="0" m="9479" /><D87/><U124/><E124/><V118/><F118/><W26/><G119/><T120/><D120/><U78/><E75/><N who="3" m="28746" /><G110/><T92/><D92/><U62/><E62/><V115/><F115/><W13/><G13/><T109/><D109/><U48/><E48/><V94/><REACH who="2" step="1"/><F30/><REACH who="2" ten="250,250,240,250" step="2"/><W8/><G130/><T39/><D39/><U40/><E40/><V122/><F122/><W52/><G129/><T31/><D31/><U11/><E24/><V21/><F21/><AGARI ba="0,1" hai="15,17,21,57,59,82,86,88" m="9479,29103" machi="21" ten="30,5800,0" yaku="8,1,54,2" doraHai="96" who="0" fromWho="2" sc="250,68,250,0,240,-58,250,0" /><INIT seed="0,1,0,3,0,99" ten="318,250,182,250" oya="0" hai0="84,118,92,40,17,55,85,64,106,3,77,132,72" hai1="74,90,13,63,98,100,50,95,49,58,103,114,30" hai2="93,97,46,91,82,89,21,2,39,57,29,81,22" hai3="109,28,71,6,36,5,68,79,18,131,88,80,73"/><T69/><D118/><U87/><E114/><V11/><F2/><W108/><G36/><T113/><D113/><U38/><E38/><V53/><F39/><W121/><G28/><T10/><D106/><U20/><E74/><V119/><F119/><W130/><G18/><T124/><D124/><U32/><E32/><V67/><F29/><W33/><G33/><T127/><D127/><U43/><E43/><V111/><F111/><N who="3" m="42571" /><G121/><T23/><D132/><U61/><E61/><V122/><F122/><W1/><G88/><T112/><D112/><U24/><E13/><V34/><F34/><W31/><G31/><T70/><D3/><U35/><E35/><V37/><F89/><W60/><G60/><T54/><D10/><U42/><E42/><V134/><F11/><N who="3" m="2479" /><G6/><T45/><D17/><U104/><REACH who="1" step="1"/><E103/><REACH who="1" ten="318,240,182,250" step="2"/><V0/><F0/><W96/><G131/><T128/><D72/><U12/><E12/><V27/><F37/><W110/><G130/><T101/><D40/><U102/><E102/><V126/><F126/><W94/><G110/><T19/><D101/><U117/><E117/><V26/><F134/><W14/><G14/><T116/><D116/><U51/><E51/><V125/><F125/><W56/><G73/><T115/><D128/><U25/><E25/><V123/><F123/><W133/><G133/><T105/><D115/><U135/><E135/><V62/><F27/><W120/><G120/><T107/><D70/><U41/><E41/><V4/><F26/><W47/><G71/><T16/><D69/><U129/><E129/><V8/><F62/><W78/><G68/><RYUUKYOKU ba="1,1" sc="318,-10,240,30,182,-10,250,-10" hai1="20,24,30,49,50,58,63,87,90,95,98,100,104" /><INIT seed="1,2,1,3,3,69" ten="308,270,172,240" oya="1" hai0="78,19,113,71,80,106,117,55,63,39,96,82,130" hai1="119,64,84,2,3,26,61,34,99,17,116,21,92" hai2="110,67,23,45,1,53,42,95,91,73,11,122,77" hai3="127,25,83,4,58,72,81,60,59,14,57,104,135"/><U36/><E84/><V118/><F122/><W86/><G104/><T32/><D113/><U37/><E34/><V28/><F67/><W76/><G127/><T44/><D117/><U18/><E116/><V0/><F118/><W70/><G135/><T49/><D130/><U24/><E119/><V129/><F110/><W109/><G109/><T33/><D19/><U98/><E64/><V102/><F102/><W68/><G60/><T10/><D10/><U54/><E54/><V22/><F53/><W41/><G25/><T51/><D39/><U103/><E61/><V46/><F46/><W27/><G27/><T9/><D9/><U43/><E43/><V115/><F0/><W79/><G41/><T108/><D108/><U56/><E56/><V134/><F134/><W128/><G128/><T131/><D131/><U125/><E125/><V123/><F115/><W13/><REACH who="3" step="1"/><G4/><REACH who="3" ten="308,270,172,230" step="2"/><T111/><D111/><U114/><E114/><V100/><F129/><W7/><G7/><T124/><D124/><U94/><REACH who="1" step="1"/><E21/><REACH who="1" ten="308,260,172,230" step="2"/><V101/><F23/><W12/><AGARI ba="2,3" hai="12,13,14,57,58,59,68,70,72,76,79,81,83,86" machi="12" ten="30,2000,0" yaku="1,1,0,1,53,0" doraHai="69" doraHaiUra="112" who="3" fromWho="3" sc="308,-7,260,-12,172,-7,230,56" /><INIT seed="2,0,0,0,3,119" ten="301,248,165,286" oya="2" hai0="4,118,79,41,17,135,49,67,15,120,66,19,31" hai1="0,76,68,78,39,99,132,125,130,44,7,5,129" hai2="12,109,42,75,59,103,87,54,29,10,115,124,53" hai3="122,52,105,80,95,13,121,89,117,50,85,20,74"/><V11/><F75/><W98/><G117/><T86/><D118/><U23/><E68/><V62/><F115/><W133/><G133/><T107/><D135/><U37/><E132/><V58/><F124/><W90/><G105/><T65/><D107/><U48/><E125/><V21/><F109/><W28/><G74/><T131/><D131/><N who="1" m="50187" /><E99/><V1/><F1/><W60/><G60/><T32/><D120/><U126/><E126/><V91/><F103/><W104/><G104/><T97/><D32/><U33/><E33/><V43/><F29/><W16/><G28/><T70/><D70/><U73/><E23/><V96/><F96/><W81/><G81/><N who="0" m="47423" /><D31/><U63/><E63/><V77/><F77/><N who="1" m="29801" /><E73/><V111/><F21/><W123/><G123/><T69/><D69/><U30/><E30/><V134/><F111/><W94/><G80/><T8/><D97/><U40/><E0/><V88/><F134/><W9/><G9/><T22/><D22/><U36/><AGARI ba="0,0" hai="5,7,36,37,39,40,44,48" m="29801,50187" machi="36" ten="40,1500,0" yaku="19,1" doraHai="119" who="1" fromWho="1" sc="301,-4,248,15,165,-7,286,-4" /><INIT seed="3,0,0,5,0,15" ten="297,263,158,282" oya="3" hai0="51,18,118,39,26,73,116,1,19,84,23,98,79" hai1="91,50,125,62,16,102,42,57,120,55,112,100,59" hai2="33,60,96,133,108,124,8,40,129,119,65,52,87" hai3="128,94,126,81,30,114,44,93,122,80,22,49,46"/><W17/><G122/><T64/><D39/><U103/><E112/><V34/><F119/><W6/><G114/><T135/><D135/><U45/><E120/><V134/><F40/><W88/><G128/><T29/><D73/><U83/><E125/><V56/><F124/><W121/><G121/><T32/><D1/><U74/><E59/><V63/><F129/><W92/><G126/><T2/><D2/><U37/><E37/><V85/><F108/><W69/><G69/><T41/><D64/><U0/><E0/><V66/><F96/><W58/><G6/><T77/><D98/><U47/><E47/><N who="3" m="17962" /><G30/><T67/><D67/><U31/><E31/><V38/><F38/><W89/><G49/><T107/><D107/><U27/><E74/><V117/><F8/><W12/><G58/><T111/><D111/><U53/><E53/><V113/><F113/><W48/><G48/><T14/><D41/><U97/><E83/><AGARI ba="0,0" hai="12,17,22,80,81,83,88,89,92,93,94" m="17962" machi="83" ten="30,5800,0" yaku="8,1,52,1,54,1" doraHai="15" who="3" fromWho="1" sc="297,0,263,-58,158,0,282,58" /><INIT seed="3,1,0,3,1,100" ten="297,205,158,340" oya="3" hai0="85,53,98,21,101,67,64,47,82,45,90,95,48" hai1="97,128,37,24,6,75,71,131,26,42,52,122,87" hai2="32,61,91,34,124,9,114,13,60,113,83,84,20" hai3="14,5,38,103,129,2,115,11,99,50,94,116,63"/><W27/><G38/><T30/><REACH who="0" step="1"/><D47/><REACH who="0" ten="287,205,158,340" step="2"/><N who="1" m="24015" /><E131/><V73/><F114/><W102/><G115/><T89/><D89/><U49/><E128/><V55/><F113/><W51/><G129/><T72/><D72/><U7/><E75/><V105/><F73/><W86/><G116/><T17/><D17/><U110/><E122/><V28/><F91/><W54/><G103/><T79/><D79/><U93/><E110/><V81/><F34/><W106/><G102/><T117/><D117/><U121/><E121/><V96/><F32/><W33/><G33/><T132/><D132/><U120/><E120/><V59/><F81/><W25/><G94/><T56/><D56/><U3/><E93/><V18/><F83/><W109/><G109/><T104/><D104/><U65/><E71/><V46/><F105/><W68/><G106/><T19/><D19/><U62/><E6/><V88/><F59/><W78/><G68/><T23/><D23/><U35/><E7/><V111/><F20/><W22/><G78/><T4/><D4/><U112/><E35/><V70/><F70/><W92/><G22/><T80/><D80/><U16/><E112/><V77/><F77/><W107/><G107/><T43/><D43/><U1/><E16/><V41/><F111/><W66/><G5/><T12/><D12/><U76/><E3/><V74/><F41/><W123/><G14/><T134/><D134/><U118/><E1/><V31/><F13/><W57/><G2/><T36/><D36/><U58/><E118/><V29/><F74/><W130/><G123/><T15/><D15/><U133/><E58/><RYUUKYOKU ba="1,1" sc="287,30,205,-10,158,-10,340,-10" hai0="21,30,45,48,53,64,67,82,85,90,95,98,101" /><INIT seed="4,2,1,2,3,75" ten="317,195,148,330" oya="0" hai0="116,15,133,97,96,19,65,24,42,113,104,88,76" hai1="118,112,22,71,38,37,54,90,7,45,117,68,123" hai2="52,13,64,62,16,57,131,41,86,23,115,95,28" hai3="66,105,78,12,135,26,107,20,21,126,35,49,84"/><T48/><D116/><N who="1" m="44651" /><E90/><N who="2" m="53719" /><F115/><W34/><G66/><T102/><D113/><U36/><E22/><V91/><F131/><W108/><G49/><T110/><D133/><U51/><E7/><V33/><F33/><W134/><G12/><T63/><D110/><U30/><E30/><V124/><F124/><W129/><G126/><T2/><D2/><U106/><E106/><V11/><F41/><W61/><G61/><T55/><D42/><N who="1" m="25015" /><E112/><V77/><F91/><W43/><G43/><T74/><D24/><U50/><E123/><V67/><F77/><W69/><G26/><AGARI ba="2,1" hai="11,13,16,23,26,28,52,57,62,64,67" m="53719" machi="26" ten="30,3900,0" yaku="8,1,54,2" doraHai="75" who="2" fromWho="3" sc="317,0,195,0,148,55,330,-45" /><INIT seed="5,0,0,2,2,0" ten="317,195,203,285" oya="1" hai0="66,1,116,12,65,127,39,112,79,129,30,41,36" hai1="47,81,120,80,71,133,54,101,121,92,108,55,67" hai2="100,83,90,42,61,4,128,60,63,106,8,46,72" hai3="77,7,94,88,40,32,2,118,56,102,114,69,28"/><U70/><E133/><V123/><F123/><W58/><G69/><T113/><D116/><U95/><E108/><V26/><F128/><W35/><G102/><T38/><D129/><U119/><E47/><V19/><F100/><W15/><G2/><T14/><D127/><U51/><E51/><V62/><F106/><W126/><G77/><T134/><D134/><U3/><E101/><V52/><F19/><W107/><G107/><T45/><D1/><U132/><E132/><V17/><F17/><W91/><G40/><T85/><D30/><U23/><E3/><V25/><N who="2" m="15360" /><DORA hai="110" /><V68/><F68/><W124/><G15/><N who="0" m="5675" /><D85/><U64/><REACH who="1" step="1"/><E23/><REACH who="1" ten="317,185,203,285" step="2"/><V117/><F46/><W131/><G131/><T105/><D45/><U109/><E109/><V89/><F117/><AGARI ba="0,1" hai="54,55,64,67,70,71,80,81,92,95,117,119,120,121" machi="117" ten="25,12000,1" yaku="1,1,22,2,53,2" doraHai="0,110" doraHaiUra="50,98" who="1" fromWho="2" sc="317,0,185,130,203,-120,285,0" /><INIT seed="5,1,0,2,0,111" ten="317,315,83,285" oya="1" hai0="82,47,85,22,63,3,9,127,121,116,20,78,67" hai1="58,15,84,14,39,38,126,113,95,97,37,27,108" hai2="122,48,35,55,29,76,79,59,24,123,61,102,68" hai3="56,72,17,33,94,53,2,65,74,28,132,125,69"/><U87/><E113/><V23/><F122/><W101/><G2/><T80/><D116/><U30/><E108/><V119/><F119/><W124/><G132/><T5/><D121/><U103/><E126/><V75/><F123/><W50/><G28/><T66/><D127/><N who="3" m="48713" /><G33/><T26/><D47/><U0/><E0/><V31/><F75/><W98/><G17/><T96/><D66/><U7/><E58/><V73/><F73/><W114/><G114/><T60/><D63/><AGARI ba="1,0" hai="50,53,56,63,65,69,72,74,94,98,101" m="48713" machi="63" ten="30,1000,0" yaku="18,1" doraHai="111" who="3" fromWho="0" sc="317,-13,315,0,83,0,285,13" /><INIT seed="6,0,0,4,3,121" ten="304,315,83,298" oya="2" hai0="12,80,29,46,40,85,110,20,67,97,47,9,98" hai1="107,104,84,35,69,66,41,45,122,11,27,117,94" hai2="13,6,112,128,36,90,77,126,28,37,88,21,129" hai3="18,115,61,131,120,64,33,95,26,15,93,57,44"/><V108/><F112/><W127/><G120/><T7/><D110/><U16/><E117/><V73/><F126/><W116/><G116/><T32/><D32/><U3/><E122/><V53/><F28/><W25/><G127/><T135/><D135/><U4/><E94/><N who="3" m="35850" /><G33/><T50/><D67/><U23/><E84/><V2/><F2/><W101/><G131/><N who="2" m="50249" /><F36/><W14/><G115/><T82/><D47/><U71/><E35/><V49/><F37/><W102/><G44/><T59/><D59/><U58/><E58/><N who="2" m="33071" /><F108/><W22/><G26/><N who="0" m="16583" /><D82/><U38/><REACH who="1" step="1"/><E66/><REACH who="1" ten="304,305,83,298" step="2"/><V51/><F51/><W114/><G114/><T65/><D65/><U106/><AGARI ba="0,1" hai="3,4,11,16,23,27,38,41,45,69,71,104,106,107" machi="106" ten="30,7900,0" yaku="1,1,2,1,0,1,54,1,53,0" doraHai="121" doraHaiUra="74" who="1" fromWho="1" sc="304,-20,305,89,83,-39,298,-20" /><INIT seed="7,0,0,0,5,132" ten="284,394,44,278" oya="3" hai0="70,121,73,74,58,65,20,108,37,107,122,3,26" hai1="62,71,110,52,61,8,119,89,19,22,114,23,6" hai2="127,88,67,59,56,97,135,91,13,105,123,36,128" hai3="96,32,79,77,76,47,125,45,94,109,124,118,44"/><W29/><G118/><T98/><D108/><U99/><E110/><V92/><F36/><W41/><G109/><T120/><D37/><U106/><E114/><V2/><F2/><W43/><G29/><T4/><D58/><U25/><E22/><V66/><F105/><W131/><G32/><T90/><D90/><U83/><E71/><V38/><F38/><W40/><G131/><T5/><D5/><U68/><E68/><V51/><F135/><W75/><G75/><T0/><D20/><U50/><E83/><V27/><F123/><W113/><G113/><T64/><D26/><U49/><E49/><V57/><F128/><W129/><G129/><T24/><D24/><U10/><E10/><V104/><F27/><W80/><G80/><T30/><D30/><U85/><E85/><V86/><F104/><W55/><G55/><T15/><D15/><N who="1" m="5527" /><E106/><V69/><F69/><W95/><G95/><T82/><D82/><U133/><E119/><V102/><F51/><W39/><G39/><T16/><D16/><U72/><E72/><N who="0" m="27753" /><D4/><U53/><E133/><V100/><F13/><W33/><G33/><T34/><D34/><U14/><E14/><V117/><F117/><W78/><N who="3" m="19456" /><DORA hai="60" /><W9/><G9/><T31/><D31/><U42/><E42/><V11/><F11/><W12/><G12/><T115/><D115/><U18/><E18/><V54/><F54/><N who="1" m="21097" /><E50/><V7/><F7/><W21/><G21/><T93/><D107/><U134/><E134/><V35/><F35/><W87/><G87/><T130/><D130/><U63/><E63/><V101/><F127/><RYUUKYOKU ba="0,0" sc="284,-30,394,10,44,10,278,10" hai1="19,23,25,61,62,89,99" hai2="56,57,59,66,67,86,88,91,92,97,100,101,102" hai3="40,41,43,44,45,47,94,96,124,125" /><INIT seed="7,1,0,2,0,5" ten="254,404,54,288" oya="3" hai0="84,115,120,39,56,100,98,54,43,15,11,32,42" hai1="57,22,80,67,87,119,129,14,133,45,130,26,61" hai2="109,111,70,65,17,97,27,7,59,116,121,71,105" hai3="118,2,31,30,88,23,41,21,92,81,66,99,75"/><W29/><G118/><T126/><D120/><U58/><E119/><V13/><F116/><W135/><G2/><T86/><D126/><U131/><E133/><V20/><F121/><W38/><G135/><T37/><D32/><U0/><E0/><V28/><F59/><W48/><G38/><T3/><D3/><U63/><E14/><V74/><F74/><W110/><G110/><T124/><D124/><U55/><E45/><V25/><F71/><W90/><G66/><T9/><D115/><U18/><E87/><V6/><F65/><W128/><G128/><T112/><D112/><U34/><E80/><V132/><F105/><W79/><REACH who="3" step="1"/><G90/><REACH who="3" ten="254,404,54,278" step="2"/><T95/><D39/><U40/><E130/><V64/><F64/><W62/><G62/><N who="0" m="36119" /><D37/><U19/><E129/><V123/><F132/><W127/><G127/><T134/><D134/><U125/><E125/><V69/><F123/><W113/><G113/><T93/><D11/><U106/><E131/><V8/><F70/><W60/><G60/><T33/><D33/><U50/><E34/><V53/><F69/><W107/><G107/><T77/><D77/><U89/><E106/><V91/><F111/><W78/><G78/><T85/><D95/><U122/><E89/><V104/><F109/><W35/><G35/><T36/><D36/><U82/><E122/><V117/><F117/><W101/><G101/><T44/><D44/><AGARI ba="1,1" hai="21,23,29,30,31,41,44,48,75,79,81,88,92,99" machi="44" ten="40,3900,0" yaku="1,1,54,1,53,0" doraHai="5" doraHaiUra="51" who="3" fromWho="0" sc="254,-42,404,0,54,0,278,52" /><INIT seed="7,2,0,5,1,17" ten="212,404,54,330" oya="3" hai0="52,19,107,55,36,7,22,82,38,59,29,114,37" hai1="63,1,121,28,32,95,49,44,56,20,35,122,106" hai2="51,48,8,60,110,26,6,97,103,112,117,14,12" hai3="54,70,62,39,85,128,42,123,100,79,115,5,126"/><W81/><G123/><T83/><D107/><U23/><E106/><V93/><F110/><W64/><G115/><T88/><D7/><U33/><E1/><V46/><F112/><W67/><G128/><T87/><D114/><U25/><E95/><V65/><F117/><W127/><G100/><T71/><D71/><U99/><E99/><V43/><F14/><W130/><G130/><T68/><D68/><U30/><E49/><V98/><F46/><N who="3" m="23903" /><G5/><T78/><D29/><U125/><E44/><V53/><F43/><W76/><G67/><T89/><D59/><U133/><E125/><N who="3" m="47626" /><G54/><T111/><D111/><U73/><E133/><V74/><F53/><W104/><G104/><T124/><D124/><U102/><E102/><V45/><F98/><W92/><G92/><T31/><D31/><U4/><E4/><V131/><F131/><W135/><G135/><T84/><D78/><AGARI ba="2,0" hai="62,64,70,76,78,79,81,85" m="47626,23903" machi="78" ten="30,1500,0" yaku="18,1" doraHai="17" who="3" fromWho="0" sc="212,-21,404,0,54,0,330,21" /><INIT seed="7,3,0,4,2,133" ten="191,404,54,351" oya="3" hai0="103,46,81,47,29,102,110,8,108,71,2,40,34" hai1="41,127,35,69,109,106,13,30,18,9,14,45,105" hai2="97,21,118,116,91,31,72,78,63,93,48,22,122" hai3="52,59,126,114,66,32,38,57,83,113,90,117,25"/><W65/><G38/><T17/><D71/><U64/><E109/><V6/><F118/><W124/><G117/><T96/><D102/><U121/><E121/><V82/><F116/><W20/><G32/><T49/><D17/><U76/><E127/><N who="3" m="48682" /><G90/><T94/><D46/><U19/><E76/><V85/><F122/><W51/><G83/><T15/><D2/><U43/><E64/><N who="3" m="24682" /><G59/><T88/><D29/><AGARI ba="3,0" hai="20,25,29,51,52,57,113,114" m="24682,48682" machi="29" ten="30,12000,1" yaku="18,1,52,3,54,1" doraHai="133" who="3" fromWho="0" sc="191,-129,404,0,54,0,351,129" owari="62,-34.0,404,20.0,54,-45.0,480,59.0" /></mjloggm>