<mjloggm ver="2.3"><GO type="169" lobby="0"/><UN n0="%6D%61%73%61%73%69%6F" n1="%E3%83%88%E3%83%88%E3%83%AA%E5%85%88%E7%94%9F%31%39%E6%AD%B3" n2="%E3%82%B3%E3%83%B3%E3%83%93%E3%83%8B%E5%BA%97%E9%95%B7" n3="%64%6F%75%6D%6F%6B%75%6E" dan="16,18,16,17" rate="2138.27,2188.56,2065.57,2179.36" sx="M,F,M,M"/><TAIKYOKU oya="0"/><INIT seed="0,0,0,3,1,128" ten="250,250,250,250" oya="0" hai0="86,43,31,11,49,14,100,10,16,7,78,135,96" hai1="99,122,104,117,56,70,24,20,52,124,5,90,81" hai2="12,68,98,67,94,114,27,23,48,22,76,34,8" hai3="134,71,38,15,123,39,50,89,30,125,91,73,106"/><T59/><D135/><U60/><E117/><V131/><F114/><W18/><G30/><T132/><D132/><U113/><E122/><V57/><F68/><W108/><G50/><T102/><D31/><U35/><E35/><V110/><F131/><W121/><G71/><T41/><D59/><U21/><E124/><V74/><F34/><W92/><G106/><T82/><D49/><U83/><E113/><V130/><F130/><W63/><G73/><T13/><REACH who="0" step="1"/><D102/><REACH who="0" ten="240,250,250,250" step="2"/><U103/><E70/><V1/><F48/><W3/><G134/><T42/><D42/><U80/><E103/><V88/><F57/><W28/><G123/><T0/><D0/><U133/><E133/><V32/><F1/><W87/><G28/><T109/><D109/><U17/><E56/><V112/><F110/><W129/><G3/><T44/><D44/><U45/><E45/><V65/><F112/><W37/><G108/><T9/><D9/><U64/><E60/><V4/><F32/><W66/><G121/><T33/><D33/><U29/><E29/><V79/><F23/><W127/><G129/><T54/><D54/><U19/><E52/><V51/><F51/><W107/><G125/><T69/><D69/><U115/><E115/><V118/><F118/><W53/><G127/><T119/><D119/><U61/><E61/><V120/><F120/><W97/><G53/><T111/><D111/><U93/><E64/><N who="2" m="24651" /><F74/><W95/><G66/><T75/><D75/><U25/><E20/><V77/><F22/><N who="3" m="11615" /><G63/><T116/><D116/><U72/><E72/><V105/><F27/><N who="1" m="10313" /><E21/><V36/><F36/><RYUUKYOKU ba="0,1" sc="240,10,250,-30,250,10,250,10" hai0="7,10,11,13,14,16,41,43,78,82,86,96,100" hai2="4,8,12,76,77,79,88,94,98,105" hai3="37,38,39,87,89,91,92,95,97,107" /><INIT seed="0,1,1,0,2,40" ten="250,220,260,260" oya="0" hai0="30,116,44,80,54,2,134,21,92,113,67,53,59" hai1="122,131,98,60,20,23,85,8,47,70,3,49,46" hai2="68,39,72,11,19,18,117,104,96,0,86,61,120" hai3="114,102,29,130,69,107,79,97,71,4,57,51,84"/><T50/><D2/><U10/><E122/><V6/><F72/><W88/><G114/><T87/><D116/><U127/><E131/><V55/><F120/><W26/><G4/><T93/><D113/><U106/><E127/><V36/><F117/><W110/><G79/><T45/><D134/><U5/><E8/><V38/><F86/><W128/><G110/><T119/><D119/><U32/><E32/><V7/><F7/><W89/><G89/><T135/><D135/><U78/><E70/><V82/><F82/><W28/><G28/><T13/><D67/><U112/><E112/><V101/><REACH who="2" step="1"/><F55/><REACH who="2" ten="250,220,250,260" step="2"/><W115/><G115/><T103/><D80/><U35/><E85/><V65/><AGARI ba="1,2" hai="0,6,11,18,19,36,38,39,61,65,68,96,101,104" machi="65" ten="40,5200,0" yaku="1,1,2,1,0,1,53,0" doraHai="40" doraHaiUra="9" who="2" fromWho="2" sc="250,-27,220,-14,250,75,260,-14" /><INIT seed="1,0,0,5,1,92" ten="223,206,325,246" oya="1" hai0="49,97,110,79,74,31,0,12,95,25,93,57,18" hai1="106,71,117,94,80,133,3,82,90,38,54,50,30" hai2="13,60,32,59,2,111,35,134,10,67,129,15,58" hai3="76,87,85,121,115,27,128,102,61,24,120,43,63"/><U19/><E117/><V84/><F2/><W52/><G115/><T8/><D110/><U103/><E71/><V41/><F111/><W55/><G102/><T132/><D132/><U33/><E38/><V119/><F134/><W125/><G43/><T83/><D0/><U118/><E133/><V9/><F119/><W131/><REACH who="3" step="1"/><G76/><REACH who="3" ten="223,206,325,236" step="2"/><T77/><D79/><U123/><E103/><V122/><F122/><W39/><G39/><T14/><D77/><U116/><E123/><V51/><F41/><W109/><G109/><T100/><D100/><U73/><E116/><V135/><F135/><W47/><G47/><T34/><D74/><U29/><E73/><V4/><F129/><W81/><G81/><T98/><D83/><U62/><E82/><V124/><F124/><AGARI ba="0,1" hai="24,27,52,55,61,63,85,87,120,121,124,125,128,131" machi="124" ten="25,12000,2" yaku="1,1,22,2,54,1,53,2" doraHai="92" doraHaiUra="127" who="3" fromWho="2" sc="223,0,206,0,325,-120,236,130" /><INIT seed="2,0,0,1,1,11" ten="223,206,205,366" oya="2" hai0="44,112,6,73,12,77,1,99,24,35,76,54,129" hai1="57,40,62,119,122,132,17,93,107,47,118,19,56" hai2="81,61,55,84,29,80,86,105,85,49,124,94,22" hai3="33,59,10,64,134,41,83,74,52,89,43,2,102"/><V135/><F135/><W109/><G33/><T28/><D112/><U38/><E107/><V69/><F124/><W78/><G102/><T126/><D129/><U39/><E132/><V63/><F105/><W8/><G64/><T108/><D1/><U15/><E122/><V45/><F94/><W121/><G121/><T92/><D108/><U14/><E93/><V87/><F69/><W75/><G75/><T113/><D126/><U3/><E3/><V104/><F104/><W100/><G100/><T90/><D113/><U123/><E123/><V96/><N who="2" m="21504" /><DORA hai="21" /><V95/><F29/><W60/><G109/><T50/><REACH who="0" step="1"/><D73/><REACH who="0" ten="213,206,205,366" step="2"/><U130/><E130/><V97/><F95/><W53/><G2/><T88/><D88/><U128/><E128/><V5/><F81/><W114/><G89/><T20/><D20/><U25/><E119/><V66/><F80/><W82/><G114/><T18/><D18/><U110/><E118/><V30/><F5/><W48/><G134/><T79/><D79/><U26/><E110/><V13/><F30/><W27/><G82/><T4/><D4/><U23/><E23/><V42/><F22/><W70/><G83/><T116/><D116/><U106/><E17/><V65/><F13/><W67/><G78/><T71/><D71/><U51/><E19/><V36/><F97/><W0/><G74/><T120/><D120/><U115/><E106/><V98/><F96/><W68/><G0/><T31/><D31/><U133/><E115/><V101/><F98/><W72/><G72/><T91/><D91/><U127/><E133/><V7/><F7/><RYUUKYOKU ba="0,1" sc="213,30,206,-10,205,-10,366,-10" hai0="6,12,24,28,35,44,50,54,76,77,90,92,99" /><INIT seed="3,1,1,4,2,101" ten="243,196,195,356" oya="3" hai0="77,91,113,54,121,133,9,97,66,100,128,41,15" hai1="129,2,102,124,37,44,115,38,72,13,0,4,110" hai2="6,36,104,45,78,123,93,47,85,132,82,43,116" hai3="58,18,112,57,111,125,65,92,32,95,83,99,20"/><W119/><G32/><T73/><D121/><U68/><E115/><V69/><F123/><W17/><G112/><T131/><D54/><U35/><E68/><V52/><F116/><W71/><G119/><T108/><D66/><U130/><E35/><V5/><F69/><W96/><G71/><T7/><D41/><U103/><E72/><V42/><F93/><W120/><G120/><T22/><D113/><U16/><E110/><V3/><F132/><W1/><G1/><N who="1" m="618" /><E4/><V89/><F3/><W19/><G111/><T46/><D46/><U39/><E44/><V62/><F78/><W106/><G106/><N who="0" m="63759" /><D22/><N who="1" m="11535" /><E124/><V30/><F104/><W55/><G125/><T53/><D108/><U127/><E127/><V27/><F52/><W24/><G65/><T29/><D53/><U134/><E134/><V23/><REACH who="2" step="1"/><F62/><REACH who="2" ten="243,196,185,356" step="2"/><W10/><G55/><T33/><D133/><U122/><E122/><V109/><F109/><W25/><G92/><T118/><D118/><U59/><E59/><V135/><F135/><W49/><G95/><T34/><D77/><U40/><E40/><V94/><F94/><W63/><G58/><T80/><D80/><U64/><E64/><V12/><F12/><N who="3" m="7319" /><G83/><T105/><D105/><U31/><E103/><V88/><F88/><W28/><G63/><T26/><D91/><U76/><E102/><V75/><F75/><W70/><G70/><T56/><D73/><U98/><E76/><V21/><F21/><N who="3" m="13367" /><G57/><T60/><D34/><U87/><E98/><V8/><F8/><W61/><G61/><T79/><D79/><U48/><E87/><V90/><F90/><RYUUKYOKU ba="1,2" sc="243,15,196,-15,185,15,356,-15" hai0="7,9,15,26,29,33,56,60,128,131" hai2="5,6,23,27,30,36,42,43,45,47,82,85,89" /><INIT seed="4,2,2,0,2,123" ten="258,181,200,341" oya="0" hai0="18,92,108,3,97,43,94,114,12,1,14,39,33" hai1="106,65,29,72,6,51,100,58,73,71,11,42,40" hai2="63,64,105,132,85,80,126,109,127,135,60,115,70" hai3="78,121,55,95,54,26,86,41,117,83,68,129,74"/><T15/><D33/><U57/><E71/><V27/><F105/><W21/><G68/><T35/><D35/><U116/><E116/><V24/><F60/><W69/><G69/><T38/><D114/><U111/><E111/><V67/><F109/><W81/><G41/><T59/><D108/><U17/><E29/><V102/><F102/><W36/><G36/><T130/><D130/><U93/><E106/><V53/><F115/><W46/><G46/><T124/><D124/><N who="2" m="47658" /><F53/><W49/><G49/><T107/><D59/><U104/><E104/><V66/><F63/><W45/><G45/><T50/><D50/><U128/><E128/><V89/><F70/><W9/><G117/><T52/><D52/><U110/><E110/><V122/><F122/><W98/><G55/><T13/><D107/><U19/><E65/><N who="2" m="16643" /><V37/><DORA hai="77" /><F37/><W62/><G54/><T125/><D125/><U101/><E51/><V20/><F20/><W10/><G62/><T30/><D30/><U31/><E31/><V112/><F112/><W48/><G48/><T113/><D113/><U25/><E42/><V131/><F131/><W91/><G129/><T82/><D43/><U16/><E40/><V32/><F32/><W61/><G61/><T90/><D39/><U28/><E57/><V47/><F47/><W44/><G44/><T96/><D38/><U103/><E58/><V5/><F5/><W99/><G121/><T79/><N who="0" m="3072" /><DORA hai="75" /><T76/><D18/><U4/><E4/><V119/><F119/><W7/><G7/><T2/><D82/><U134/><E6/><V23/><F23/><RYUUKYOKU ba="2,2" sc="258,15,181,-15,200,15,341,-15" hai0="1,2,3,76,79,90,92,94,96,97" hai2="24,27,80,85,89,132,135" /><INIT seed="4,3,2,3,3,6" ten="273,166,215,326" oya="0" hai0="8,76,57,18,29,48,89,133,25,5,54,20,28" hai1="93,109,4,60,52,7,117,132,59,72,66,16,127" hai2="13,100,49,102,85,71,95,118,123,39,50,99,35" hai3="73,68,134,103,1,106,80,84,110,26,42,30,92"/><T74/><D133/><U125/><E109/><V24/><F39/><W9/><G68/><T105/><D105/><U111/><E111/><V56/><F71/><W53/><G42/><T121/><D121/><U10/><E117/><V107/><F123/><W101/><G73/><T15/><D76/><U67/><E72/><V41/><F118/><W90/><G106/><T126/><D74/><U122/><E122/><V83/><F107/><W37/><G37/><T62/><D126/><N who="1" m="48139" /><E132/><V129/><F129/><W43/><G43/><T61/><D89/><U17/><E93/><V23/><F35/><W115/><G134/><T36/><D36/><U65/><E7/><V82/><F102/><W131/><G101/><T70/><D70/><U77/><E77/><V0/><F0/><AGARI ba="3,2" hai="0,4,10,16,17,52,59,60,65,66,67" m="48139" machi="0" ten="30,7700,0" yaku="18,1,52,1,54,2" doraHai="6" who="1" fromWho="2" sc="273,0,166,106,215,-86,326,0" /><INIT seed="5,0,0,1,4,38" ten="273,272,129,326" oya="1" hai0="45,10,110,108,34,2,18,58,49,105,95,24,47" hai1="91,31,75,23,26,129,65,119,67,87,122,94,16" hai2="113,104,135,30,1,70,55,25,134,46,5,121,12" hai3="62,51,128,27,131,8,57,107,118,78,82,106,83"/><U36/><E119/><V125/><F121/><W44/><G27/><T66/><D105/><U116/><E116/><V100/><F70/><W88/><G8/><T96/><D47/><U11/><E122/><V21/><F125/><W126/><G126/><T50/><D2/><U33/><E75/><V112/><F100/><W35/><G35/><T90/><D10/><U130/><E36/><V64/><F64/><W132/><G132/><N who="2" m="50729" /><F104/><W81/><G78/><T48/><D45/><U123/><E123/><V28/><F55/><W60/><G88/><T41/><D41/><U89/><E11/><N who="2" m="2479" /><F46/><W120/><G120/><T92/><D92/><U103/><E103/><V73/><F73/><W102/><G102/><T124/><D124/><U114/><E114/><N who="2" m="44139" /><F12/><W59/><G106/><T93/><D93/><U37/><E65/><V20/><F20/><W13/><G13/><T69/><D69/><U3/><E67/><V68/><F68/><W63/><G107/><T85/><D66/><U42/><E3/><V0/><F0/><W52/><G118/><T39/><D39/><U17/><E23/><V15/><F15/><W56/><AGARI ba="0,0" hai="44,51,52,56,57,59,60,62,63,81,82,83,128,131" machi="56" ten="40,8000,1" yaku="0,1,29,2,54,1" doraHai="38" who="3" fromWho="3" sc="273,-20,272,-40,129,-20,326,80" /><INIT seed="6,0,0,3,4,41" ten="253,232,109,406" oya="2" hai0="66,97,93,135,4,123,72,12,98,2,15,0,115" hai1="116,109,61,125,105,88,130,17,71,25,111,132,44" hai2="122,29,31,89,84,48,50,18,70,64,47,63,119" hai3="81,3,120,76,26,134,78,35,13,27,6,94,68"/><V83/><F122/><W42/><G68/><T87/><D72/><U54/><E105/><V92/><F119/><W38/><G35/><T22/><D66/><U10/><E116/><V19/><F50/><W49/><G38/><T30/><D2/><U110/><E130/><V9/><F19/><W113/><G3/><T112/><D0/><U62/><E132/><V60/><F92/><W32/><G32/><T129/><D123/><U77/><E125/><V99/><F99/><W46/><G94/><T131/><D135/><U117/><E117/><V21/><F63/><W24/><G120/><T5/><D87/><U80/><E71/><V127/><F127/><W8/><G113/><T28/><D93/><U56/><E77/><V40/><REACH who="2" step="1"/><F9/><REACH who="2" ten="253,232,99,406" step="2"/><W14/><G134/><T118/><D118/><U73/><E62/><V1/><F1/><W128/><G8/><T45/><D129/><U55/><E10/><V7/><F7/><W103/><G6/><T39/><D131/><U52/><E110/><V58/><F58/><W86/><G128/><T79/><D4/><U57/><E111/><V69/><F69/><W85/><G49/><T95/><D5/><U43/><E109/><V104/><F104/><W53/><G81/><T96/><D95/><U90/><E57/><V102/><F102/><W108/><G103/><T65/><D115/><U126/><E126/><V34/><F34/><W67/><G108/><T51/><D112/><U91/><E80/><V23/><F23/><W33/><G33/><T100/><D22/><U121/><E121/><V106/><F106/><W11/><G11/><RYUUKYOKU ba="0,1" sc="253,-10,232,-10,99,30,406,-10" hai2="18,21,29,31,40,47,48,60,64,70,83,84,89" /><INIT seed="6,1,1,3,2,34" ten="243,222,129,396" oya="2" hai0="24,33,68,133,134,126,2,128,91,56,66,7,125" hai1="121,50,73,30,52,131,92,46,31,60,129,76,101" hai2="89,107,118,42,35,102,4,83,104,113,75,14,32" hai3="9,96,64,74,81,17,132,94,37,22,122,19,18"/><V28/><F118/><W114/><G37/><T119/><D56/><N who="1" m="34823" /><E121/><V67/><F113/><W48/><G64/><T98/><D91/><U25/><E73/><V13/><F42/><W105/><G105/><T78/><D78/><U45/><E76/><V109/><F67/><W40/><G81/><T43/><D43/><N who="1" m="24895" /><E46/><V63/><F109/><W72/><G72/><T120/><D98/><N who="1" m="59591" /><E25/><V11/><F63/><W80/><G19/><T111/><D111/><U10/><E10/><V86/><F75/><W6/><G22/><T57/><D57/><U12/><E12/><V100/><F14/><W70/><G94/><T51/><D51/><U15/><E15/><V44/><F44/><W123/><G80/><T62/><D120/><U16/><E16/><V115/><F115/><W26/><G40/><T49/><D49/><U116/><E116/><V23/><F32/><W36/><G96/><T127/><D119/><U58/><E58/><V82/><F35/><W95/><G95/><T90/><D90/><U88/><E88/><V130/><F107/><W61/><G132/><T69/><D69/><U79/><E79/><N who="2" m="46431" /><F104/><W5/><G114/><T106/><D106/><U110/><E110/><V0/><F0/><W99/><G122/><T77/><D77/><U8/><E8/><V112/><F112/><W85/><G123/><T55/><D55/><U65/><E65/><V117/><F117/><W3/><G74/><T97/><D97/><U20/><E20/><V108/><F108/><W103/><G3/><T71/><D2/><U27/><E27/><N who="2" m="16511" /><F130/><AGARI ba="1,1" hai="30,31,129,130,131" m="59591,24895,34823" machi="130" ten="30,2000,0" yaku="19,1,54,1" doraHai="34" who="1" fromWho="2" sc="243,0,222,33,129,-23,396,0" /><INIT seed="7,0,0,3,4,59" ten="243,255,106,396" oya="3" hai0="21,102,30,62,80,52,55,125,22,65,53,98,63" hai1="34,112,54,89,72,12,35,75,23,133,96,84,106" hai2="60,100,78,41,68,117,49,46,121,33,1,119,14" hai3="74,93,56,58,111,79,87,37,113,44,11,104,120"/><W99/><G58/><T131/><D131/><U51/><E112/><V27/><F1/><W90/><G56/><T108/><D108/><U29/><E133/><V122/><F78/><W8/><G44/><T64/><D125/><U31/><E31/><V110/><F100/><W6/><G8/><T128/><D128/><U67/><E67/><V43/><F14/><W7/><G11/><T42/><D42/><N who="2" m="15882" /><F27/><W19/><G7/><T115/><D115/><U132/><E132/><V101/><F101/><W48/><G19/><T97/><D80/><N who="1" m="49287" /><E96/><V86/><F33/><W129/><G6/><T105/><D102/><U70/><E106/><V135/><F86/><W26/><G87/><T3/><D55/><U15/><E35/><V92/><F92/><W39/><G99/><T116/><D116/><N who="2" m="44618" /><F135/><W82/><G26/><T24/><D24/><U61/><E34/><V107/><F107/><W88/><G104/><T118/><D105/><U134/><E134/><V13/><F13/><W10/><G74/><T38/><D118/><U40/><E12/><V66/><F110/><W85/><G111/><T69/><D30/><U0/><E0/><V16/><F16/><W28/><G113/><T25/><D25/><N who="1" m="16575" /><E15/><V50/><F46/><W17/><G129/><T81/><D3/><U91/><E91/><V94/><F94/><W124/><G88/><T36/><D81/><U130/><E130/><V4/><F4/><W32/><G90/><T47/><D47/><N who="1" m="28031" /><E40/><V127/><F127/><W123/><G124/><T18/><D18/><U57/><E57/><V109/><F109/><W2/><G2/><RYUUKYOKU ba="0,0" sc="243,10,255,10,106,10,396,-30" hai0="21,22,36,38,52,53,62,63,64,65,69,97,98" hai1="61,70,72,75" hai2="49,50,60,66,68,121,122" owari="253,-15.0,265,7.0,116,-38.0,366,46.0" /></mjloggm>