<mjloggm ver="2.3"><GO type="169" lobby="0"/><UN n0="%E2%80%A0%41%71%75%61%E2%80%A0" n1="%E5%B0%B1%E6%B4%BB%E7%94%9F%40%E5%B7%9D%E6%9D%91%E8%BB%8D%E5%9B%A3" n2="%E3%81%B5%E3%81%8B%E3%81%98" n3="%E3%83%8A%E3%82%A4%E3%83%AB%E3%83%91%E3%83%BC%E3%83%81" dan="17,17,17,16" rate="2142.50,2191.47,2175.26,2033.78" sx="M,M,M,M"/><TAIKYOKU oya="0"/><INIT seed="0,0,0,5,4,109" ten="250,250,250,250" oya="0" hai0="39,23,2,18,51,65,121,97,37,61,74,46,42" hai1="25,91,96,119,94,77,107,102,68,129,66,67,106" hai2="76,44,49,114,75,15,92,99,60,108,43,115,27" hai3="90,26,1,41,64,127,89,14,17,120,133,131,135"/><T48/><D121/><U73/><E119/><V100/><F108/><W0/><G120/><T104/><D2/><U12/><E129/><V13/><F27/><W28/><G131/><T9/><D74/><U87/><E107/><V36/><F36/><W50/><G127/><T128/><D128/><U86/><E86/><V101/><F101/><W16/><G64/><T82/><D9/><U132/><E132/><N who="3" m="50762" /><G41/><T117/><D117/><U35/><E12/><V8/><F60/><W57/><G50/><T29/><D29/><U123/><E123/><V55/><F55/><W40/><G57/><T110/><D110/><U103/><E103/><V81/><REACH who="2" step="1"/><F13/><REACH who="2" ten="250,250,240,250" step="2"/><W124/><G0/><T95/><D39/><U20/><E35/><V47/><F47/><W83/><G1/><T126/><D37/><U3/><E3/><V6/><AGARI ba="0,1" hai="6,8,15,43,44,49,75,76,81,92,99,100,114,115" machi="6" ten="20,8000,1" yaku="1,1,0,1,7,1,52,2,53,0" doraHai="109" doraHaiUra="62" who="2" fromWho="2" sc="250,-40,250,-20,240,90,250,-20" /><INIT seed="1,0,0,0,2,131" ten="210,230,330,230" oya="1" hai0="125,93,94,34,16,73,18,52,127,13,36,83,111" hai1="2,104,133,19,48,49,64,56,62,106,87,84,97" hai2="77,50,4,98,53,32,51,89,132,7,41,58,129" hai3="15,43,20,69,135,45,1,119,23,8,120,60,25"/><U3/><E19/><V90/><F32/><W65/><G120/><T17/><D36/><U116/><E116/><V95/><F129/><W105/><G119/><T33/><D13/><U26/><E26/><V10/><F77/><W79/><G1/><T22/><D22/><U112/><E112/><V72/><F72/><W114/><G114/><T107/><D107/><U117/><E117/><V30/><F30/><W27/><G105/><T78/><D111/><U5/><E5/><V67/><F67/><W68/><G79/><T75/><D52/><U99/><E62/><V121/><F121/><W128/><G69/><T11/><D11/><U66/><REACH who="1" step="1"/><E56/><REACH who="1" ten="210,220,330,230" step="2"/><V28/><F4/><W21/><G128/><T70/><D70/><U46/><E46/><V124/><F7/><W14/><G27/><T71/><D71/><U57/><E57/><V38/><F58/><W40/><G25/><T126/><REACH who="0" step="1"/><D73/><REACH who="0" ten="200,220,330,230" step="2"/><U76/><E76/><V81/><F10/><W12/><G8/><T102/><D102/><U42/><E42/><V6/><F41/><W108/><G43/><T118/><D118/><U100/><E100/><V35/><F53/><W39/><REACH who="3" step="1"/><G108/><REACH who="3" ten="200,220,330,220" step="2"/><T37/><D37/><U91/><E91/><V109/><F89/><W134/><AGARI ba="0,3" hai="12,14,15,20,21,23,39,40,45,60,65,68,134,135" machi="134" ten="40,8000,1" yaku="1,1,2,1,0,1,52,2,53,0" doraHai="131" doraHaiUra="115" who="3" fromWho="3" sc="200,-20,220,-40,330,-20,220,110" /><INIT seed="2,0,0,2,0,21" ten="180,180,310,330" oya="2" hai0="85,23,3,79,55,13,93,53,46,120,17,110,82" hai1="9,133,86,0,99,94,92,19,30,96,116,129,113" hai2="20,106,63,31,38,59,67,109,11,97,66,25,54" hai3="134,125,29,47,91,26,60,126,61,65,128,132,95"/><V14/><F38/><W50/><G65/><T78/><D120/><U8/><E116/><V77/><F109/><W12/><G12/><T108/><D3/><U104/><E113/><V7/><REACH who="2" step="1"/><F77/><REACH who="2" ten="180,180,300,330" step="2"/><W135/><G128/><T40/><D79/><U44/><E129/><V16/><F16/><W6/><G6/><T74/><D110/><U88/><E19/><V10/><F10/><W51/><G125/><T62/><D108/><U90/><E9/><V41/><F41/><W89/><G126/><T27/><D17/><U105/><E8/><V102/><AGARI ba="0,1" hai="7,11,14,20,25,31,54,59,63,66,67,97,102,106" machi="102" ten="30,6000,0" yaku="1,1,0,1,52,1,53,0" doraHai="21" doraHaiUra="76" who="2" fromWho="2" sc="180,-20,180,-20,300,70,330,-20" /><INIT seed="2,1,0,0,3,76" ten="160,160,370,310" oya="2" hai0="80,95,1,132,122,12,32,18,89,86,127,73,20" hai1="53,114,65,6,38,113,51,82,22,26,14,102,62" hai2="11,112,70,81,5,75,35,3,129,133,96,119,54" hai3="68,108,77,109,49,64,19,27,103,123,15,130,99"/><V17/><F17/><W28/><G123/><T8/><D122/><U9/><E38/><V97/><F54/><W106/><G130/><T59/><D127/><U84/><E102/><V98/><F98/><W37/><G37/><T2/><D132/><U39/><E39/><V111/><F97/><W92/><G49/><T100/><D32/><U66/><E113/><V52/><F52/><W83/><G92/><T31/><D59/><U16/><E62/><V43/><F43/><W104/><G104/><T29/><D100/><U7/><E7/><V93/><F93/><W124/><G124/><T79/><REACH who="0" step="1"/><D8/><REACH who="0" ten="150,160,370,310" step="2"/><U87/><E114/><V116/><F11/><W72/><G108/><T47/><D47/><N who="1" m="27903" /><E87/><V134/><F111/><W23/><G109/><T131/><D131/><U121/><E121/><V44/><F129/><W110/><G110/><T69/><D69/><U10/><E10/><V4/><F70/><W34/><G68/><T0/><AGARI ba="1,1" hai="0,1,2,12,18,20,29,31,73,79,80,86,89,95" machi="0" ten="30,4000,0" yaku="1,1,0,1,52,1,53,0" doraHai="76" doraHaiUra="42" who="0" fromWho="0" sc="150,53,160,-11,370,-21,310,-11" /><INIT seed="3,0,0,1,1,98" ten="203,149,349,299" oya="3" hai0="47,135,34,126,91,94,35,43,2,57,74,111,26" hai1="24,99,15,22,130,31,38,48,59,44,93,68,104" hai2="23,55,39,33,1,96,112,109,11,70,21,18,4" hai3="97,85,127,64,29,107,84,106,116,41,3,51,9"/><W61/><G116/><T46/><D2/><U13/><E68/><V103/><F112/><W12/><G3/><T77/><D111/><U117/><E117/><V53/><F33/><W115/><G115/><T20/><D126/><U122/><E122/><V37/><F70/><W6/><G29/><T95/><D135/><U30/><E130/><V75/><F75/><W129/><G127/><T132/><D132/><U108/><E108/><V123/><F109/><W114/><G114/><T56/><D74/><U124/><E124/><V69/><F69/><W121/><G121/><T118/><D118/><U27/><E104/><V134/><F134/><W54/><G41/><T19/><D77/><U80/><E59/><V78/><F78/><W79/><G79/><T81/><D81/><U86/><E38/><V16/><F123/><W5/><G5/><T62/><D57/><U133/><E86/><V32/><F32/><W76/><G129/><T52/><D95/><U72/><E80/><V17/><F53/><W0/><G0/><T45/><REACH who="0" step="1"/><D43/><REACH who="0" ten="193,149,349,299" step="2"/><U65/><E72/><V125/><F125/><W102/><G76/><T120/><D120/><U90/><E133/><V49/><F1/><W42/><G42/><T50/><D50/><U14/><E65/><V128/><F128/><W28/><G51/><T36/><D36/><U63/><E63/><V73/><F37/><W10/><G64/><T7/><D7/><U92/><E92/><N who="2" m="58759" /><F39/><W88/><G6/><T71/><D71/><U113/><E113/><V83/><F83/><W58/><G107/><T110/><D110/><U25/><E22/><RYUUKYOKU ba="0,1" sc="193,15,149,15,349,-15,299,-15" hai0="19,20,26,34,35,45,46,47,52,56,62,91,94" hai1="13,14,15,24,25,27,30,31,44,48,90,93,99" /><INIT seed="4,1,1,2,0,35" ten="208,164,334,284" oya="0" hai0="59,18,1,21,113,3,25,53,32,17,96,80,23" hai1="126,134,67,29,40,111,90,55,73,4,104,78,8" hai2="69,31,9,33,112,75,129,46,12,48,38,110,116" hai3="63,118,77,132,28,10,7,123,44,114,24,122,86"/><T19/><D113/><U37/><E111/><V105/><RYUUKYOKU type="yao9" ba="1,1" sc="208,0,164,0,334,0,284,0" hai2="9,12,31,33,38,46,48,69,75,105,110,112,116,129" /><INIT seed="4,2,1,2,4,14" ten="208,164,334,284" oya="0" hai0="71,36,132,70,102,124,6,75,97,77,74,3,13" hai1="33,52,88,63,89,66,64,53,7,69,123,122,121" hai2="85,62,61,115,44,27,1,134,92,82,79,28,40" hai3="16,58,31,108,106,22,99,9,83,103,60,2,91"/><T32/><D13/><U116/><E33/><V81/><F1/><W19/><G108/><T17/><D124/><U12/><E116/><V42/><F115/><W41/><G41/><T54/><D54/><U25/><E25/><V101/><F134/><W118/><G118/><T119/><D119/><U21/><E66/><V39/><F42/><W45/><G45/><T93/><D132/><U127/><E127/><V48/><F39/><W95/><G83/><T86/><D32/><U78/><E78/><V57/><F82/><W120/><G120/><T96/><D36/><U65/><E65/><V29/><F27/><W72/><G72/><T51/><D51/><U114/><E114/><V37/><F37/><W15/><G31/><N who="2" m="11849" /><F57/><W23/><G23/><T107/><D6/><U56/><E53/><V38/><F38/><W10/><G2/><T50/><D3/><U128/><E128/><V87/><F87/><W133/><G133/><T43/><D86/><U100/><E100/><V112/><F112/><W113/><G113/><T130/><D130/><U46/><E46/><V76/><F76/><W80/><G80/><N who="0" m="45111" /><D75/><U11/><REACH who="1" step="1"/><E21/><REACH who="1" ten="208,154,334,284" step="2"/><V0/><F44/><W84/><G9/><T34/><D34/><U104/><E104/><V20/><F20/><W129/><G129/><T73/><D107/><U109/><E109/><V5/><F79/><W125/><G125/><T8/><D102/><U49/><AGARI ba="2,2" hai="7,11,12,49,52,56,63,64,69,88,89,121,122,123" machi="49" ten="30,7900,0" yaku="1,1,0,1,54,2,53,0" doraHai="14" doraHaiUra="30" who="1" fromWho="1" sc="208,-41,154,105,334,-22,284,-22" /><INIT seed="5,0,0,4,4,84" ten="167,259,312,262" oya="1" hai0="16,74,88,113,115,118,32,39,119,116,57,125,59" hai1="123,106,78,53,108,49,96,131,63,7,55,133,79" hai2="94,44,30,45,61,11,103,82,111,1,67,64,27" hai3="29,52,72,36,121,104,97,35,134,17,127,50,81"/><U100/><E123/><V41/><F111/><W114/><G121/><T110/><D110/><U14/><E108/><V86/><F1/><W91/><G36/><T4/><D74/><U124/><E131/><V28/><F11/><W101/><G114/><N who="0" m="43531" /><D32/><U109/><E109/><V6/><F6/><W31/><G134/><T90/><D39/><U18/><E133/><V9/><F9/><W12/><G127/><T54/><D125/><U47/><E7/><V34/><F28/><W87/><G35/><T132/><D132/><U65/><E55/><V99/><F41/><W24/><G24/><T122/><D122/><U15/><E124/><V40/><F40/><W25/><G25/><T3/><D16/><U23/><REACH who="1" step="1"/><E14/><REACH who="1" ten="167,249,312,262" step="2"/><V105/><F67/><W98/><G12/><T33/><D33/><U70/><AGARI ba="0,1" hai="15,18,23,47,49,53,63,65,70,78,79,96,100,106" machi="70" ten="20,7800,0" yaku="1,1,2,1,0,1,7,1,53,0" doraHai="84" doraHaiUra="20" who="1" fromWho="1" sc="167,-26,249,88,312,-26,262,-26" /><INIT seed="5,1,0,0,5,53" ten="141,337,286,236" oya="1" hai0="22,120,56,18,112,134,101,127,106,71,25,57,75" hai1="51,13,94,133,105,69,45,96,123,52,10,46,90" hai2="83,132,128,11,88,92,29,7,47,65,70,89,21" hai3="15,3,111,125,8,126,107,32,17,86,50,78,99"/><U84/><E123/><V48/><F128/><W67/><G111/><T33/><D75/><U62/><E133/><V14/><F132/><W0/><G32/><T91/><D134/><U97/><E105/><V85/><F70/><W108/><G108/><T118/><D118/><U9/><E9/><V115/><F65/><W16/><G17/><T77/><D120/><U64/><REACH who="1" step="1"/><E45/><REACH who="1" ten="141,327,286,236" step="2"/><V81/><F115/><W72/><G8/><T68/><D106/><U49/><E49/><V54/><F89/><W82/><G50/><T28/><D91/><U37/><E37/><V58/><F47/><W93/><G107/><T122/><D112/><U60/><E60/><V129/><F129/><W117/><G117/><T36/><D36/><U23/><E23/><V114/><F114/><W6/><G125/><T35/><D127/><U124/><E124/><V87/><F87/><W42/><G86/><T98/><D22/><U80/><E80/><V41/><F81/><W116/><G126/><T5/><D122/><U63/><E63/><V12/><F83/><W135/><G116/><T30/><D35/><U109/><E109/><V40/><F29/><W38/><G135/><T76/><D30/><U2/><E2/><V4/><F4/><AGARI ba="1,1" hai="4,10,13,46,51,52,62,64,69,84,90,94,96,97" machi="4" ten="30,5800,0" yaku="1,1,7,1,54,1,53,0" doraHai="53" doraHaiUra="19" who="1" fromWho="2" sc="141,0,327,71,286,-61,236,0" /><INIT seed="5,2,0,5,2,46" ten="141,398,225,236" oya="1" hai0="20,104,122,53,128,94,62,14,111,86,30,89,51" hai1="131,80,96,6,121,113,83,97,15,37,25,135,91" hai2="110,28,21,63,57,132,65,95,47,39,93,85,22" hai3="105,108,36,33,18,17,115,49,16,10,35,55,107"/><U67/><E37/><V31/><F110/><W87/><G108/><T127/><D111/><U13/><E113/><V124/><F124/><W3/><G115/><T1/><D1/><U72/><E72/><V114/><F114/><W101/><G36/><T75/><D127/><U76/><E67/><V102/><F132/><W81/><G3/><T90/><D75/><U70/><E25/><V68/><F68/><W45/><G101/><T56/><D104/><U59/><E59/><V100/><F39/><W116/><G116/><T117/><D117/><U74/><E74/><V61/><F85/><W48/><G48/><T29/><D128/><U126/><E6/><V4/><F4/><W38/><G38/><T78/><D122/><U77/><E91/><V134/><F134/><W54/><G54/><T27/><D78/><U11/><E11/><V98/><F47/><W44/><G44/><T69/><D90/><U66/><E66/><V120/><F120/><W64/><G64/><T12/><D69/><U88/><E70/><V123/><F123/><W92/><G92/><T9/><D62/><U129/><E126/><V60/><F60/><W133/><G133/><T23/><REACH who="0" step="1"/><D9/><REACH who="0" ten="131,398,225,236" step="2"/><U106/><E121/><V99/><F65/><W103/><G10/><T7/><D7/><U119/><E135/><V42/><F63/><W50/><G105/><T112/><D112/><U130/><E106/><V26/><F61/><W24/><G107/><T82/><D82/><N who="1" m="31275" /><E88/><V125/><F125/><W118/><G118/><T40/><D40/><U52/><E129/><V41/><F42/><W34/><G81/><RYUUKYOKU ba="2,1" sc="131,30,398,-10,225,-10,236,-10" hai0="12,14,20,23,27,29,30,51,53,56,86,89,94" /><INIT seed="6,3,1,4,0,33" ten="161,388,215,226" oya="2" hai0="36,98,34,11,41,65,18,66,114,21,79,76,105" hai1="67,127,37,92,42,95,125,117,68,132,38,57,87" hai2="84,54,103,51,50,82,56,9,12,25,118,22,69" hai3="15,135,99,109,80,120,20,106,6,131,2,19,89"/><V61/><F118/><W28/><G109/><T83/><D34/><U119/><E87/><V13/><F103/><W112/><G120/><T122/><D122/><U4/><E4/><V115/><F115/><W134/><G131/><T130/><D130/><U111/><E111/><V90/><F69/><W16/><G112/><T93/><D105/><U81/><E81/><V128/><F128/><W101/><G28/><T60/><D114/><U46/><E132/><N who="3" m="50730" /><G80/><T5/><D36/><U121/><E121/><V32/><F32/><W70/><G70/><T97/><D41/><U39/><E92/><V62/><F50/><W73/><G89/><T49/><D49/><N who="1" m="26839" /><E95/><V64/><F64/><W44/><G44/><T110/><D110/><U27/><E27/><V1/><F1/><W107/><G107/><T30/><D30/><U104/><E104/><V48/><F48/><W116/><G73/><T133/><D133/><U26/><E26/><V94/><F82/><W8/><G19/><T29/><D29/><U14/><E14/><N who="2" m="5739" /><F9/><W126/><G126/><N who="1" m="48138" /><E68/><V72/><F72/><W55/><G55/><T35/><D35/><U91/><E91/><V58/><F90/><W59/><G59/><N who="0" m="37023" /><D83/><U86/><E86/><V108/><F108/><W31/><G31/><T100/><D98/><U24/><E24/><V88/><F58/><W113/><G113/><T7/><D66/><U47/><E47/><V77/><F77/><N who="0" m="29770" /><D11/><U52/><E67/><V85/><F85/><W71/><G71/><T0/><D0/><U17/><E39/><V78/><F78/><W124/><G124/><T123/><D123/><RYUUKYOKU ba="3,1" sc="161,10,388,-30,215,10,226,10" hai0="5,7,18,21,93,97,100" hai2="22,25,51,54,56,61,62,84,88,94" hai3="2,6,8,15,16,20,99,101,106,116" /><INIT seed="6,4,1,5,2,91" ten="171,358,225,236" oya="2" hai0="49,122,54,105,21,57,18,99,109,3,76,38,74" hai1="121,16,9,45,86,90,60,8,115,132,116,48,112" hai2="104,22,4,84,95,92,97,52,119,106,19,67,7" hai3="26,130,37,125,34,43,118,25,39,41,100,107,135"/><V2/><F119/><W23/><G118/><T127/><D109/><U103/><E116/><V71/><F71/><W17/><G135/><T50/><D122/><U56/><E121/><V69/><F69/><W40/><G130/><T58/><D38/><U82/><E132/><V108/><F67/><W66/><G125/><T80/><D3/><U36/><E103/><N who="2" m="60863" /><F104/><W124/><G124/><T1/><D1/><U113/><E36/><V123/><F106/><W14/><G66/><T77/><D127/><U117/><E117/><V35/><F35/><W6/><G100/><T83/><D105/><U65/><E16/><V79/><F2/><W110/><G107/><T134/><D134/><U51/><E51/><V85/><F123/><W93/><G110/><T31/><D31/><U78/><E78/><V81/><F108/><W87/><G34/><T46/><D99/><U44/><E44/><V53/><F7/><W129/><G129/><T94/><D50/><U131/><E131/><V27/><F4/><W55/><G37/><T10/><D10/><U61/><E61/><V98/><F85/><W30/><G39/><T11/><D11/><U114/><E114/><V47/><F47/><W63/><G6/><T13/><REACH who="0" step="1"/><D94/><REACH who="0" ten="161,358,225,236" step="2"/><U5/><E5/><V102/><AGARI ba="4,2" hai="19,22,27,52,53,79,81,84,92,98,102" m="60863" machi="102" ten="30,11700,0" yaku="8,1,52,2,54,1" doraHai="91" who="2" fromWho="2" sc="161,-43,358,-43,225,149,236,-43" /><INIT seed="6,5,0,5,2,42" ten="118,315,374,193" oya="2" hai0="134,132,29,89,100,72,13,4,84,86,107,67,125" hai1="43,81,114,31,79,96,8,66,80,12,39,111,103" hai2="124,18,47,118,14,51,45,104,6,133,52,48,49" hai3="58,130,127,88,119,74,93,50,5,70,17,99,64"/><V131/><F118/><W75/><G119/><T108/><D67/><U32/><E111/><V85/><F104/><W87/><G130/><T38/><D108/><U76/><E114/><V128/><F133/><N who="0" m="51306" /><D29/><U129/><E129/><N who="2" m="49739" /><F124/><W59/><G127/><T55/><D38/><U54/><E66/><V105/><F105/><W23/><G5/><T2/><D125/><U120/><E120/><V7/><F85/><W69/><G70/><T35/><D35/><U1/><E1/><V44/><F52/><W40/><G69/><T123/><D123/><U26/><E54/><V21/><AGARI ba="5,0" hai="6,7,14,18,21,44,45,47,48,49,51" m="49739" machi="21" ten="40,12000,1" yaku="19,1,52,3" doraHai="42" who="2" fromWho="2" sc="118,-45,315,-45,374,135,193,-45" /><INIT seed="6,6,0,1,5,127" ten="73,270,509,148" oya="2" hai0="116,133,77,117,90,80,124,101,34,50,72,17,25" hai1="36,3,73,120,52,54,70,0,62,130,102,99,57" hai2="43,126,121,94,11,10,59,8,24,35,131,111,104" hai3="135,31,64,85,19,82,95,60,97,108,122,91,26"/><V33/><F104/><W134/><G108/><T4/><D124/><U112/><E73/><V107/><F107/><W68/><G19/><T69/><D69/><U78/><E36/><V83/><F121/><W16/><G122/><T56/><D4/><U51/><E120/><V66/><F43/><W53/><G53/><N who="0" m="31799" /><D101/><U125/><E125/><V93/><F83/><W21/><REACH who="3" step="1"/><G31/><REACH who="3" ten="73,270,509,138" step="2"/><N who="0" m="19823" /><D17/><U81/><E54/><V49/><F111/><W37/><G37/><T92/><D133/><U12/><E52/><V29/><F29/><W2/><G2/><T28/><D28/><U27/><E112/><V48/><F126/><W123/><G123/><T41/><D41/><U79/><E3/><V63/><F66/><W30/><G30/><T6/><D6/><U114/><E0/><V47/><F35/><W20/><G20/><T39/><D39/><U18/><E114/><V119/><F33/><W44/><G44/><T76/><D72/><U23/><E18/><V100/><F47/><W88/><AGARI ba="6,1" hai="16,21,26,60,64,68,82,85,88,91,95,97,134,135" machi="88" ten="30,8000,1" yaku="1,1,0,1,54,2,53,1" doraHai="127" doraHaiUra="89" who="3" fromWho="3" sc="73,-26,270,-26,509,-46,138,108" /><INIT seed="7,0,0,2,3,127" ten="47,244,463,246" oya="3" hai0="108,91,81,64,63,70,93,6,25,117,65,76,129" hai1="67,113,75,133,15,34,79,94,33,13,126,98,112" hai2="85,77,130,30,88,44,69,46,62,50,40,122,128" hai3="36,110,57,121,97,16,132,107,54,0,104,23,56"/><W28/><G121/><T83/><D117/><U124/><E67/><N who="2" m="41207" /><F30/><W4/><G36/><T41/><D108/><U58/><E58/><V78/><F46/><W106/><G110/><T135/><D41/><U119/><E133/><V73/><F73/><W84/><G132/><T103/><D135/><U125/><E119/><V114/><F122/><W12/><G28/><T123/><D123/><U71/><E71/><V86/><F86/><W22/><G22/><T2/><D103/><N who="1" m="60887" /><E79/><V131/><F114/><N who="1" m="44137" /><E75/><V68/><F68/><W1/><G97/><T95/><D65/><U49/><E49/><V82/><AGARI ba="0,0" hai="40,44,50,77,78,82,85,88,128,130,131" m="41207" machi="82" ten="30,8000,1" yaku="19,1,52,3,54,1" doraHai="127" who="2" fromWho="2" sc="47,-20,244,-20,463,80,246,-40" owari="27,-47.0,224,2.0,543,64.0,206,-19.0" /></mjloggm>