<mjloggm ver="2.3"><GO type="225" lobby="0"/><UN n0="%63%6F%61" n1="%E3%81%8D%E3%81%BF%E3%81%9F%E3%81%BE%E3%81%94" n2="%72%69%6F%75%63%68%61%6E" n3="%E3%82%A6%E3%83%AB%E3%83%88%E3%83%A9%E7%AB%8B%E7%9B%B4" dan="16,16,16,17" rate="2157.55,2044.15,2074.11,2186.42" sx="M,M,M,M"/><TAIKYOKU oya="0"/><INIT seed="0,0,0,1,3,91" ten="250,250,250,250" oya="0" hai0="60,128,66,23,5,84,108,116,95,54,33,40,85" hai1="43,70,46,99,74,6,32,20,118,0,126,52,10" hai2="92,56,4,104,38,27,82,122,12,77,123,97,63" hai3="72,71,121,81,119,28,67,100,41,16,35,30,76"/><T133/><D33/><U42/><E70/><V1/><F104/><W51/><G119/><T78/><D116/><U45/><E74/><V109/><F1/><W124/><G100/><T7/><D128/><U59/><E32/><V129/><F38/><W18/><G124/><T68/><D133/><U29/><E126/><V90/><F129/><W65/><G121/><T110/><D40/><N who="1" m="15403" /><E0/><V130/><F130/><W13/><G18/><T69/><D69/><U37/><E37/><V53/><F109/><N who="0" m="42090" /><D54/><U9/><E118/><V39/><F39/><W11/><G35/><T21/><D78/><U75/><E75/><V98/><F98/><W105/><G105/><T111/><D85/><U112/><E99/><V83/><F83/><W101/><G71/><T114/><D114/><U58/><E58/><V26/><F123/><W107/><G67/><T8/><N who="0" m="42098" /><T88/><DORA hai="57" /><D7/><U86/><E86/><N who="2" m="48463" /><F122/><W106/><G65/><T24/><D24/><N who="1" m="16519" /><E112/><V80/><F80/><W14/><G107/><T113/><D113/><U96/><E96/><V120/><F120/><W115/><G115/><T22/><D22/><U61/><E6/><V36/><F36/><W2/><G106/><T64/><D64/><U87/><E87/><V31/><F31/><W49/><G72/><T117/><D117/><U48/><E46/><V89/><F89/><W17/><G76/><T103/><D103/><U15/><E15/><AGARI ba="0,0" hai="5,8,15,21,23,60,66,68,84,88,95" m="42098" machi="15" ten="40,12000,1" yaku="14,1,10,1,52,2,54,1" doraHai="91,57" who="0" fromWho="1" sc="250,120,250,-120,250,0,250,0" /><INIT seed="0,1,0,0,2,109" ten="370,130,250,250" oya="0" hai0="79,113,38,16,105,15,57,63,49,22,62,95,5" hai1="100,54,72,111,40,83,2,90,20,76,131,85,93" hai2="121,46,51,112,26,24,0,48,101,114,124,30,102" hai3="94,17,14,28,66,128,108,12,107,132,56,9,123"/><T11/><D113/><N who="2" m="43626" /><F0/><W125/><G107/><T23/><D105/><U119/><E2/><V74/><F74/><W13/><G123/><T53/><D38/><U61/><E40/><V37/><F37/><W27/><G108/><T106/><D106/><U86/><E111/><V43/><F43/><W1/><G1/><T88/><D79/><U75/><E20/><V78/><F78/><W99/><G128/><T64/><D5/><U34/><E131/><V91/><F91/><W52/><G125/><T122/><D122/><U135/><E34/><V103/><F121/><W29/><G132/><T92/><D92/><N who="1" m="54351" /><E135/><V89/><F89/><N who="3" m="55759" /><G66/><T82/><D63/><U10/><E61/><V80/><F80/><W45/><G45/><T42/><D42/><U8/><E54/><V81/><F81/><W110/><G110/><T44/><D82/><U41/><E41/><V39/><F39/><W104/><G104/><T25/><D25/><N who="2" m="9834" /><F30/><N who="3" m="11883" /><G27/><T129/><D129/><U47/><E75/><V96/><F96/><AGARI ba="1,0" hai="11,15,16,22,23,44,49,53,57,62,64,88,95,96" machi="96" ten="30,11600,0" yaku="7,1,8,1,54,2" doraHai="109" who="0" fromWho="2" sc="370,119,130,0,250,-119,250,0" /><INIT seed="0,2,0,1,3,58" ten="489,130,131,250" oya="0" hai0="110,4,34,89,111,33,83,9,36,68,133,87,57" hai1="117,24,10,116,63,17,105,127,1,69,60,30,131" hai2="35,123,15,26,64,90,40,99,45,79,11,93,54" hai3="112,121,2,49,46,88,52,126,66,135,59,31,98"/><T70/><D57/><U134/><E105/><V130/><F123/><W85/><G112/><T80/><D36/><U109/><E69/><N who="0" m="26729" /><D133/><U113/><E109/><N who="0" m="41481" /><D80/><U103/><E103/><V0/><F130/><W97/><G2/><AGARI ba="2,0" hai="2,4,9,33,34,83,87,89" m="41481,26729" machi="2" ten="30,2900,0" yaku="14,1,10,1" doraHai="58" who="0" fromWho="3" sc="489,35,130,0,131,0,250,-35" /><INIT seed="0,3,0,5,5,100" ten="524,130,131,215" oya="0" hai0="64,83,19,42,103,120,113,54,110,123,47,34,35" hai1="55,73,88,1,87,89,18,27,77,105,132,6,33" hai2="97,79,93,92,10,61,66,128,12,52,17,57,4" hai3="29,95,69,50,14,51,91,106,62,96,115,44,38"/><T67/><D113/><U111/><E89/><V122/><F122/><W65/><G115/><T3/><D3/><U85/><E87/><V107/><F128/><W74/><G74/><T72/><D54/><U119/><E111/><V45/><F79/><W40/><G29/><T5/><D5/><U30/><E132/><V68/><F45/><W58/><G14/><T20/><D103/><U104/><E119/><V116/><F116/><W86/><G106/><T2/><D2/><U101/><E101/><V15/><F107/><W13/><G13/><T31/><D110/><U118/><E18/><V24/><F24/><W108/><G108/><T133/><D133/><U117/><E55/><V60/><REACH who="2" step="1"/><F97/><REACH who="2" ten="524,130,121,215" step="2"/><W70/><G96/><T49/><D120/><U99/><E99/><V114/><F114/><W43/><G38/><T131/><D123/><U121/><E121/><V125/><F125/><W46/><AGARI ba="3,1" hai="40,43,44,46,50,51,58,62,65,69,70,86,91,95" machi="46" ten="30,2000,0" yaku="0,1,9,1" doraHai="100" who="3" fromWho="3" sc="524,-13,130,-8,121,-8,215,39" /><INIT seed="1,0,0,1,5,106" ten="511,122,113,254" oya="1" hai0="36,51,82,131,115,97,12,81,75,88,78,89,6" hai1="94,91,104,21,49,98,68,84,4,135,79,121,63" hai2="11,113,35,27,119,70,8,92,1,17,38,69,134" hai3="95,39,132,72,26,80,54,103,48,40,129,127,123"/><U66/><E121/><V130/><F119/><W108/><G123/><T18/><D115/><U10/><E135/><V44/><F11/><W117/><G40/><T41/><D131/><U74/><E21/><V64/><F64/><W67/><G39/><T2/><D51/><U34/><E49/><V120/><F120/><W9/><G67/><T15/><D82/><N who="1" m="45431" /><E34/><V96/><F130/><W61/><G61/><T93/><D89/><U37/><E10/><V14/><F134/><W32/><G9/><N who="0" m="2263" /><D18/><U102/><E4/><V23/><F113/><W101/><G26/><T126/><D126/><U100/><E102/><N who="2" m="60679" /><F44/><AGARI ba="0,0" hai="12,15,36,41,44,75,78,81,88,93,97" m="2263" machi="44" ten="30,3900,0" yaku="25,1,52,1,54,1" doraHai="106" who="0" fromWho="2" sc="511,39,122,0,113,-39,254,0" /><INIT seed="2,0,0,2,0,76" ten="550,122,74,254" oya="2" hai0="105,74,82,134,108,130,109,12,24,95,94,19,115" hai1="92,52,116,58,126,51,66,4,68,69,11,6,18" hai2="56,29,65,44,88,14,77,42,101,31,10,38,132" hai3="127,16,63,57,53,5,23,54,86,13,123,78,71"/><V122/><F122/><W50/><G123/><T121/><D121/><U120/><E116/><V91/><F132/><W133/><G133/><T113/><D105/><U114/><E126/><V111/><F111/><N who="0" m="42570" /><D134/><U17/><E114/><N who="0" m="43529" /><D130/><U0/><E6/><V81/><F101/><W47/><G127/><T72/><D24/><U28/><E28/><V99/><F99/><W25/><G71/><T22/><D82/><U98/><E120/><V49/><F31/><W39/><G39/><T83/><D83/><U112/><E112/><V117/><F29/><W75/><G75/><AGARI ba="0,0" hai="12,19,22,72,74,75,94,95" m="43529,42570" machi="75" ten="40,1300,0" yaku="14,1" doraHai="76" who="0" fromWho="3" sc="550,13,122,0,74,0,254,-13" /><INIT seed="3,0,0,5,0,12" ten="563,122,74,241" oya="3" hai0="73,113,38,9,14,83,111,28,135,30,89,11,55" hai1="110,1,3,64,77,19,131,31,125,22,43,88,69" hai2="98,18,75,105,49,25,44,60,120,90,61,24,116" hai3="87,78,41,132,126,117,48,57,91,104,108,46,103"/><W29/><G78/><T21/><D38/><U114/><E110/><V82/><F116/><W51/><G29/><N who="0" m="11371" /><D73/><U119/><E77/><V15/><F120/><W32/><G91/><T0/><D0/><U27/><E114/><V67/><F75/><W81/><G87/><N who="0" m="50431" /><D135/><U107/><E107/><V121/><F121/><W97/><G81/><T129/><D113/><U34/><E131/><V65/><F105/><W79/><G51/><T71/><D71/><U94/><E125/><V50/><F49/><W127/><G57/><T124/><D124/><U66/><E43/><V100/><F61/><W5/><G41/><T2/><D2/><U80/><E80/><V72/><F72/><W96/><G79/><T106/><D106/><U6/><E69/><V70/><F67/><W93/><G117/><T95/><D129/><U101/><E3/><V85/><F98/><W68/><G97/><T84/><D55/><U62/><E101/><V47/><F100/><W128/><G103/><T26/><D14/><N who="1" m="9591" /><E62/><V99/><F99/><W76/><G96/><T53/><D53/><U86/><E119/><V112/><F112/><W35/><G128/><T36/><D36/><U59/><E59/><V123/><F123/><W56/><G56/><T130/><D130/><U40/><E40/><V109/><F109/><W10/><G108/><T45/><D45/><U8/><AGARI ba="0,0" hai="1,6,8,27,31,34,64,66,86,88,94" m="9591" machi="8" ten="30,4000,0" yaku="24,1,52,1,54,1" doraHai="12" who="1" fromWho="1" sc="563,-10,122,40,74,-10,241,-20" owari="553,66.0,162,-24.0,64,-44.0,221,2.0" /></mjloggm>