<mjloggm ver="2.3"><GO type="169" lobby="0"/><UN n0="%E3%83%97%E3%83%AD%E3%82%AD%E3%82%B7%E3%83%BC" n1="%E3%82%A4%E3%83%8B%E3%82%A8%E3%82%B9%E3%82%BF" n2="%72%61%6E%74%61%6E" n3="%E3%83%88%E3%83%88%E3%83%AA%E5%85%88%E7%94%9F%31%39%E6%AD%B3" dan="16,18,16,19" rate="2136.80,2170.59,2025.69,2262.56" sx="M,M,M,F"/><TAIKYOKU oya="0"/><INIT seed="0,0,0,3,2,36" ten="250,250,250,250" oya="0" hai0="22,102,87,53,47,77,74,86,12,29,123,91,130" hai1="30,93,115,116,120,134,18,15,119,69,19,103,55" hai2="128,101,32,125,67,110,10,54,82,133,3,105,64" hai3="118,24,52,126,127,39,9,4,114,58,23,61,25"/><T97/><D123/><U28/><E69/><V8/><F110/><W38/><G114/><T88/><D130/><U129/><E55/><V34/><F101/><W78/><G78/><T75/><D29/><U2/><E93/><V42/><F105/><W117/><G39/><T122/><D122/><U65/><E65/><V49/><F82/><W16/><G25/><T27/><D27/><U0/><E103/><V132/><F128/><W60/><G38/><T111/><D22/><U84/><E84/><N who="0" m="32297" /><D53/><U72/><E72/><N who="0" m="27689" /><D47/><U100/><E100/><V48/><F54/><W121/><G60/><T45/><D45/><U46/><E46/><V57/><F57/><W63/><G63/><T6/><D12/><U76/><E76/><V92/><F92/><W107/><G107/><N who="0" m="63951" /><D6/><U108/><E120/><V21/><F21/><W51/><G61/><T99/><D111/><U31/><E129/><V135/><F3/><W13/><REACH who="3" step="1"/><G121/><REACH who="3" ten="250,250,250,240" step="2"/><T66/><D66/><U98/><E108/><V26/><F67/><W43/><G43/><T7/><D77/><U11/><E115/><V89/><F64/><W124/><AGARI ba="0,1" hai="4,9,13,16,23,24,51,52,58,117,118,124,126,127" machi="124" ten="30,8000,1" yaku="1,1,0,1,18,1,54,2,53,0" doraHai="36" doraHaiUra="83" who="3" fromWho="3" sc="250,-40,250,-20,250,-20,240,90" /><INIT seed="1,0,0,4,2,8" ten="210,230,230,330" oya="1" hai0="47,59,23,1,117,110,75,45,21,85,4,118,124" hai1="133,107,16,111,88,33,116,18,58,119,84,97,5" hai2="79,19,128,76,95,99,56,132,72,78,13,48,108" hai3="30,32,15,67,10,31,96,115,66,53,52,22,64"/><U14/><E33/><V135/><F108/><W123/><G123/><T39/><D75/><U28/><E28/><N who="3" m="10794" /><G32/><T101/><D110/><U131/><E111/><V40/><F128/><W35/><G35/><T0/><D101/><U122/><E122/><V86/><F72/><W77/><G115/><T20/><D124/><U63/><E131/><V7/><F7/><N who="3" m="3551" /><G77/><T43/><D4/><U92/><E133/><N who="2" m="51275" /><F86/><W134/><G134/><T38/><D85/><U126/><E126/><V2/><F2/><N who="0" m="1130" /><D59/><U60/><E116/><N who="0" m="44649" /><D43/><U68/><E119/><V113/><F113/><W61/><G61/><N who="1" m="23626" /><E68/><V57/><F40/><W54/><G96/><T100/><D100/><U65/><E107/><V98/><F48/><W29/><G67/><T26/><D26/><AGARI ba="0,0" hai="22,26,29,52,53,54,64,66" m="3551,10794" machi="26" ten="30,3900,0" yaku="8,1,52,1,54,1" doraHai="8" who="3" fromWho="0" sc="210,-39,230,0,230,0,330,39" /><INIT seed="2,0,0,3,5,92" ten="171,230,230,369" oya="2" hai0="60,128,55,22,12,58,31,6,122,54,35,4,16" hai1="42,117,30,72,40,71,50,96,84,70,77,112,115" hai2="14,78,46,130,99,56,107,5,7,81,67,127,121" hai3="76,15,18,45,0,118,114,1,110,19,69,120,49"/><V73/><F121/><W95/><G118/><T100/><D122/><U38/><E72/><V52/><F130/><W105/><G105/><T104/><D128/><U103/><E30/><V37/><F127/><W89/><G120/><T85/><D35/><U116/><E84/><V25/><F67/><W83/><G69/><T3/><D31/><U111/><E77/><V11/><F25/><W43/><G110/><T106/><D3/><U17/><E17/><V82/><F82/><W2/><G114/><T124/><D124/><U62/><E103/><V53/><F37/><W126/><G126/><T102/><D85/><U132/><E96/><V26/><F26/><W10/><G19/><T65/><D106/><U8/><E8/><V63/><F46/><W123/><G123/><T125/><D125/><U28/><E28/><V68/><F68/><W48/><G48/><T24/><D104/><U90/><E90/><V119/><F119/><W75/><REACH who="3" step="1"/><G2/><REACH who="3" ten="171,230,230,359" step="2"/><T64/><D4/><U79/><E50/><V21/><F5/><W133/><G133/><T34/><D6/><U44/><E132/><V74/><F107/><W98/><AGARI ba="0,1" hai="0,1,10,15,18,43,45,49,75,76,83,89,95,98" machi="98" ten="20,5200,0" yaku="1,1,0,1,7,1,52,1,53,0" doraHai="92" doraHaiUra="101" who="3" fromWho="3" sc="171,-13,230,-13,230,-26,359,62" /><INIT seed="3,0,0,3,1,114" ten="158,217,204,421" oya="3" hai0="94,21,0,82,80,116,86,124,42,32,5,127,40" hai1="23,3,77,103,133,84,31,50,105,14,90,106,69" hai2="122,39,73,18,68,118,100,10,91,71,2,128,26" hai3="28,29,4,45,121,27,89,19,43,97,55,83,129"/><W85/><G121/><T131/><D32/><U93/><E3/><V1/><F39/><W92/><G129/><T132/><D131/><U56/><E69/><V20/><F73/><W51/><G4/><T22/><D132/><U67/><E133/><V74/><F74/><W60/><G19/><T8/><D94/><U65/><E77/><V11/><F100/><W47/><G27/><T72/><D72/><U24/><E105/><V101/><F101/><W34/><G34/><T130/><D130/><U96/><E14/><V107/><F107/><W59/><REACH who="3" step="1"/><G47/><REACH who="3" ten="158,217,204,411" step="2"/><T108/><D5/><U64/><E24/><V78/><F26/><W111/><G111/><T87/><D0/><U6/><E6/><V37/><F122/><W120/><G120/><T9/><REACH who="0" step="1"/><D108/><REACH who="0" ten="148,217,204,411" step="2"/><U113/><E113/><V57/><F1/><W41/><G41/><T38/><D38/><U58/><E106/><V104/><F37/><W16/><G16/><T110/><D110/><U25/><E31/><V63/><F104/><W7/><G7/><T98/><D98/><U52/><E96/><V54/><F2/><W15/><G15/><T36/><D36/><U70/><E25/><V17/><F128/><W115/><G115/><T95/><D95/><U112/><E112/><V99/><F17/><W125/><G125/><T126/><D126/><U134/><E134/><V61/><F18/><W79/><AGARI ba="0,2" hai="28,29,43,45,51,55,59,60,79,83,85,89,92,97" machi="79" ten="20,12000,1" yaku="1,1,0,1,7,1,8,1,53,1" doraHai="114" doraHaiUra="46" who="3" fromWho="3" sc="148,-40,217,-40,204,-40,411,140" /><INIT seed="3,1,0,3,0,71" ten="108,177,164,551" oya="3" hai0="60,97,2,64,5,24,65,87,79,52,93,18,134" hai1="118,19,31,85,96,48,106,63,86,133,92,112,94" hai2="45,80,95,41,75,34,27,126,73,20,32,43,66" hai3="128,70,53,33,3,102,103,4,110,25,14,116,81"/><W47/><G116/><T51/><D134/><U72/><E72/><V117/><F117/><W123/><G123/><T54/><D5/><U69/><E112/><V23/><F126/><W42/><G70/><T29/><D2/><U114/><E114/><V10/><F66/><W100/><G3/><T68/><D64/><U101/><E133/><V7/><F95/><W109/><G128/><T13/><D51/><U130/><E31/><V88/><F23/><W83/><G53/><T84/><D87/><U135/><E135/><V129/><F129/><W132/><G132/><T58/><D68/><U0/><E0/><V111/><F111/><N who="3" m="42507" /><G4/><T104/><D104/><U56/><E106/><V44/><F75/><W131/><G14/><T57/><D58/><U125/><E56/><V30/><F73/><W76/><G131/><T124/><D124/><U59/><E69/><V1/><F43/><W15/><G15/><T108/><D108/><U98/><E118/><V46/><REACH who="2" step="1"/><F41/><REACH who="2" ten="108,177,154,551" step="2"/><W37/><G33/><T120/><D65/><U8/><E130/><V50/><F50/><W21/><G76/><T122/><D120/><U6/><E125/><V35/><F35/><W38/><G81/><N who="0" m="47167" /><D122/><U55/><E48/><V127/><F127/><W91/><G83/><T9/><D93/><U74/><E74/><V11/><F11/><W89/><G42/><T119/><D119/><U90/><E86/><AGARI ba="1,1" hai="1,7,10,20,27,30,32,34,44,45,46,80,86,88" machi="86" ten="40,2600,0" yaku="1,1,54,1,53,0" doraHai="71" doraHaiUra="121" who="2" fromWho="1" sc="108,0,177,-29,154,39,551,0" /><INIT seed="4,0,0,0,4,3" ten="108,148,193,551" oya="0" hai0="118,107,125,46,2,67,98,127,54,130,20,42,1" hai1="52,113,100,23,62,92,58,129,70,64,6,44,96" hai2="77,30,0,51,121,75,111,53,132,43,84,108,50" hai3="135,89,24,86,65,81,15,76,69,93,131,10,123"/><T117/><D67/><U19/><E129/><V40/><F75/><W106/><G131/><T99/><D130/><U72/><E72/><V105/><F105/><W71/><G106/><T85/><D85/><U94/><E113/><V32/><F0/><N who="0" m="106" /><D54/><U82/><E82/><V29/><F121/><W68/><G123/><T7/><D20/><U21/><E44/><V88/><F77/><W4/><G135/><T115/><D115/><U27/><E23/><V122/><F132/><W79/><G24/><T59/><D59/><U78/><E78/><V134/><F134/><W80/><G76/><T116/><D7/><U22/><E22/><V8/><F8/><W87/><REACH who="3" step="1"/><G81/><REACH who="3" ten="108,148,193,541" step="2"/><T102/><D99/><U37/><E96/><V35/><F122/><W112/><G112/><T14/><D14/><U45/><E27/><V83/><F83/><W74/><G74/><T133/><D133/><U25/><E25/><V16/><F32/><W110/><G110/><T60/><D60/><AGARI ba="0,1" hai="4,10,15,60,65,68,69,71,79,80,86,87,89,93" machi="60" ten="40,2600,0" yaku="1,1,52,1,53,0" doraHai="3" doraHaiUra="28" who="3" fromWho="0" sc="108,-26,148,0,193,0,541,36" /><INIT seed="5,0,0,2,4,110" ten="82,148,193,577" oya="1" hai0="49,79,52,91,132,93,60,81,97,36,34,118,98" hai1="56,58,8,21,104,123,108,25,44,120,23,87,70" hai2="39,111,1,40,94,101,37,22,27,67,0,7,45" hai3="13,24,50,11,103,48,64,63,119,107,89,30,127"/><U72/><E72/><V2/><F111/><W102/><G127/><T75/><D118/><U61/><E108/><V19/><F67/><W33/><G119/><T77/><D36/><U131/><E104/><V29/><F39/><W55/><G89/><T38/><D38/><U9/><E70/><V47/><F47/><W59/><G107/><T128/><D34/><U26/><E44/><V134/><F134/><W71/><G50/><T66/><D132/><U106/><E106/><V133/><F133/><W114/><G114/><T92/><D128/><U135/><E135/><V122/><F122/><W54/><G54/><T46/><D77/><U121/><E87/><V83/><F83/><W17/><AGARI ba="0,0" hai="11,13,17,24,30,33,48,55,59,63,64,71,102,103" machi="17" ten="20,1500,0" yaku="0,1,7,1" doraHai="110" who="3" fromWho="3" sc="82,-4,148,-7,193,-4,577,15" /><INIT seed="6,0,0,2,2,122" ten="78,141,189,592" oya="2" hai0="90,83,113,87,55,107,58,135,68,133,31,9,1" hai1="106,49,43,41,85,40,102,116,114,8,132,20,110" hai2="34,99,22,44,108,67,79,45,121,3,125,126,27" hai3="76,73,100,2,77,69,52,105,118,13,117,24,66"/><V81/><F121/><W71/><G2/><T65/><D107/><U35/><E35/><V75/><F34/><W19/><G24/><T97/><D113/><U25/><E116/><V50/><F3/><W128/><G128/><T39/><D39/><U51/><E110/><V57/><F108/><W123/><G123/><T127/><D31/><U30/><E132/><N who="0" m="50761" /><D127/><N who="2" m="48650" /><F99/><W6/><G13/><T26/><D26/><U112/><E85/><V109/><F109/><W91/><G52/><T17/><D68/><U46/><E8/><V12/><F12/><W70/><G91/><T89/><D65/><U59/><E102/><V88/><F88/><N who="0" m="33898" /><D97/><U60/><E106/><V32/><F32/><W33/><G73/><T53/><D58/><U18/><E30/><N who="2" m="17783" /><F67/><W120/><G6/><N who="0" m="1231" /><D17/><U92/><E92/><V101/><F101/><W86/><G100/><T29/><D29/><U16/><E18/><V93/><F93/><W96/><G33/><T42/><D42/><U78/><E78/><AGARI ba="0,0" hai="53,55,78,83,87" m="1231,33898,50761" machi="78" ten="30,2000,0" yaku="20,1,54,1" doraHai="122" who="0" fromWho="1" sc="78,20,141,-20,189,0,592,0" /><INIT seed="7,0,0,5,3,84" ten="98,121,189,592" oya="3" hai0="77,41,10,23,16,64,73,91,113,82,133,106,31" hai1="49,90,47,48,7,13,116,71,20,69,9,44,58" hai2="127,2,15,30,97,38,19,61,66,123,121,33,65" hai3="28,25,100,103,110,88,17,34,72,29,96,132,111"/><W68/><G72/><T50/><D106/><U81/><E116/><V124/><F38/><W14/><G68/><T75/><D133/><U39/><E39/><V87/><F2/><W85/><G132/><T86/><D113/><U117/><E117/><V105/><F30/><W59/><G59/><T99/><D64/><U22/><E58/><N who="2" m="37047" /><F33/><W102/><G29/><T51/><D75/><U67/><E67/><V4/><F4/><W52/><G52/><T5/><D41/><N who="1" m="24591" /><E71/><V46/><F46/><W24/><G24/><N who="0" m="16799" /><D73/><U54/><E69/><V70/><F87/><AGARI ba="0,0" hai="7,9,13,20,22,47,49,54,81,87,90" m="24591" machi="87" ten="30,2000,0" yaku="8,1,52,1" doraHai="84" who="1" fromWho="2" sc="98,0,121,20,189,-20,592,0" owari="98,-40.0,141,-26.0,169,-3.0,592,69.0" /></mjloggm>