<mjloggm ver="2.3"><GO type="169" lobby="0"/><UN n0="%6B%69%79%6F%64%61%69" n1="%E3%82%A6%E3%83%92%E3%83%A7%E5%8A%A9" n2="%E3%83%88%E3%83%88%E3%83%AA%E5%85%88%E7%94%9F%31%39%E6%AD%B3" n3="%E3%81%A0%E3%81%90%E3%81%A9" dan="17,17,18,16" rate="2212.75,2197.26,2199.11,2100.09" sx="M,M,F,M"/><TAIKYOKU oya="0"/><INIT seed="0,0,0,1,3,124" ten="250,250,250,250" oya="0" hai0="110,48,26,63,62,30,107,66,8,92,19,29,83" hai1="105,133,78,35,125,45,46,42,87,2,47,82,115" hai2="33,43,4,17,6,0,90,109,51,14,57,74,24" hai3="50,56,38,84,123,73,20,70,94,130,75,91,60"/><T27/><D107/><U88/><E35/><V112/><F112/><W102/><G38/><T126/><D126/><U106/><E125/><V23/><F74/><W101/><G123/><T28/><D110/><U25/><E115/><V93/><F109/><W12/><G70/><T100/><D83/><U54/><E2/><V3/><F6/><W59/><G75/><T135/><D135/><U77/><E133/><V113/><F113/><W9/><G73/><T108/><D108/><U13/><E25/><V52/><F43/><W116/><G20/><T95/><D48/><U31/><E31/><V22/><F33/><W99/><G116/><T21/><D8/><U72/><E13/><V44/><F44/><W68/><G68/><T55/><D55/><U134/><E134/><V49/><F49/><W131/><G50/><T40/><D40/><U69/><E69/><V76/><F76/><W1/><G1/><T7/><D7/><U98/><E78/><V114/><F114/><W11/><G11/><T39/><D39/><U120/><E120/><V119/><F119/><W67/><G56/><N who="0" m="37191" /><D63/><U97/><E42/><V58/><F58/><W96/><G96/><N who="0" m="59399" /><D95/><U127/><E54/><V32/><F32/><W18/><REACH who="3" step="1"/><G101/><REACH who="3" ten="250,250,250,240" step="2"/><T128/><D128/><U37/><E37/><V122/><F122/><W34/><G34/><T129/><D129/><U61/><E127/><V81/><F0/><W117/><G117/><T86/><D86/><U16/><E98/><N who="2" m="57655" /><F3/><W36/><G36/><T89/><D89/><U80/><E72/><V79/><F51/><W118/><G118/><T71/><D71/><RYUUKYOKU ba="0,1" sc="250,15,250,-15,250,-15,240,15" hai0="19,21,26,27,28,29,30" hai3="9,12,18,59,60,67,84,91,94,99,102,130,131" /><INIT seed="0,1,1,1,0,94" ten="265,235,235,255" oya="0" hai0="56,124,97,17,2,109,78,115,95,133,57,93,45" hai1="96,81,77,64,79,74,120,40,51,70,50,135,86" hai2="13,130,99,53,16,87,31,126,118,36,84,131,60" hai3="116,119,47,114,55,123,46,23,72,83,44,121,134"/><T49/><D2/><U71/><E120/><N who="3" m="46154" /><G114/><T38/><D38/><U111/><E135/><V63/><F36/><W69/><G23/><T11/><D115/><U3/><E3/><V15/><F126/><W59/><G72/><T107/><D107/><U26/><E77/><V48/><F31/><W112/><G112/><T127/><D133/><U39/><E74/><V85/><F118/><N who="3" m="45099" /><G83/><T106/><D106/><U90/><E39/><V19/><F99/><W125/><G134/><T80/><D109/><U25/><E71/><V65/><F65/><W129/><G69/><T33/><D33/><U42/><E70/><V21/><F130/><W73/><G73/><T88/><D95/><N who="1" m="56439" /><E64/><V103/><F103/><W75/><G75/><T41/><D127/><U62/><E111/><V22/><REACH who="2" step="1"/><F131/><REACH who="2" ten="265,235,225,255" step="2"/><W117/><G117/><T100/><D100/><U67/><E67/><V9/><F9/><W92/><G129/><T43/><D124/><U27/><E62/><V89/><F89/><W29/><G29/><T0/><D78/><U5/><E51/><V132/><F132/><W20/><G125/><T82/><D49/><U37/><E50/><V7/><F7/><W68/><G68/><T61/><D61/><U32/><E37/><V122/><F122/><W30/><G30/><T54/><D11/><U108/><E108/><V66/><F66/><W52/><G20/><T58/><D17/><U34/><E5/><V104/><F104/><W24/><G92/><T35/><D35/><N who="1" m="13355" /><E79/><V1/><F1/><W6/><G6/><T110/><D0/><U4/><E4/><V102/><F102/><RYUUKYOKU ba="1,2" sc="265,-15,235,15,225,15,255,-15" hai1="25,26,27,40,42,81,86" hai2="13,15,16,19,21,22,48,53,60,63,84,85,87" /><INIT seed="1,2,2,5,1,95" ten="250,250,240,240" oya="1" hai0="7,8,105,94,114,120,97,21,116,44,125,27,33" hai1="111,17,132,65,100,119,55,38,115,86,34,12,109" hai2="39,64,29,103,5,117,35,23,81,30,101,20,104" hai3="9,123,6,50,77,22,42,31,98,1,107,90,47"/><U62/><E119/><V48/><F39/><W36/><G123/><T61/><D33/><U16/><E38/><V11/><F117/><W4/><G4/><T49/><D105/><U99/><E34/><V15/><F64/><W37/><G77/><T74/><D74/><U118/><E118/><V129/><F129/><W25/><REACH who="3" step="1"/><G90/><REACH who="3" ten="250,250,240,230" step="2"/><T69/><D120/><U2/><E115/><V14/><F5/><W63/><G63/><T45/><D114/><U32/><E62/><V57/><F35/><W130/><G130/><T96/><D7/><U52/><E32/><V122/><F122/><W59/><G59/><T128/><D61/><U66/><E2/><V127/><F57/><W73/><G73/><T79/><D128/><U89/><E132/><V68/><F68/><W102/><AGARI ba="2,3" hai="1,6,9,22,25,31,36,37,42,47,50,98,102,107" machi="102" ten="30,8000,1" yaku="1,1,0,1,52,1,53,2" doraHai="95" doraHaiUra="70" who="3" fromWho="3" sc="250,-22,250,-42,240,-22,230,116" /><INIT seed="2,0,0,5,0,88" ten="228,208,218,346" oya="2" hai0="54,111,27,3,10,71,49,94,80,45,92,16,85" hai1="51,82,7,108,83,79,74,63,39,25,58,44,104" hai2="48,105,91,65,37,125,117,70,69,131,22,61,9" hai3="6,66,4,95,40,56,42,24,112,50,121,124,0"/><V100/><F117/><W126/><G121/><T12/><D71/><U86/><E104/><V123/><F123/><W122/><G122/><T106/><D106/><U64/><E39/><V28/><F37/><W93/><G112/><T2/><D111/><U118/><E118/><V89/><F70/><W127/><G24/><T87/><D87/><U31/><E108/><V96/><F131/><W109/><G109/><T97/><D97/><U90/><E7/><N who="3" m="2602" /><G0/><T98/><D98/><U26/><REACH who="1" step="1"/><E31/><REACH who="1" ten="228,198,218,346" step="2"/><V32/><F28/><W18/><G18/><T81/><D2/><U116/><E116/><V113/><F105/><W35/><G35/><T29/><D3/><U129/><E129/><V134/><F32/><W132/><G132/><T14/><D14/><U135/><E135/><V75/><F134/><W114/><G114/><T115/><D115/><U102/><E102/><V46/><F100/><W52/><G66/><T34/><D81/><U47/><E47/><V57/><F113/><W15/><G15/><T128/><D128/><U59/><E59/><V53/><F57/><W21/><G21/><T11/><D11/><U23/><E23/><V77/><F22/><W84/><G84/><T68/><D68/><U99/><E99/><V133/><F96/><W19/><G19/><T60/><D60/><U43/><AGARI ba="0,1" hai="25,26,43,44,51,58,63,64,74,79,82,83,86,90" machi="43" ten="20,2700,0" yaku="1,1,0,1,7,1,53,0" doraHai="88" doraHaiUra="110" who="1" fromWho="1" sc="228,-7,198,37,218,-13,346,-7" /><INIT seed="3,0,0,5,5,73" ten="221,235,205,339" oya="3" hai0="114,91,60,58,55,36,86,131,105,120,127,10,30" hai1="102,96,33,122,8,89,28,113,71,66,130,117,78" hai2="64,54,47,121,2,99,13,132,3,4,116,126,115" hai3="81,50,111,108,43,110,112,18,24,79,109,87,46"/><W61/><G112/><T85/><D105/><U82/><E113/><V14/><F115/><W129/><G129/><T32/><D36/><U39/><E39/><V103/><F116/><W19/><N who="3" m="27648" /><DORA hai="12" /><W133/><G133/><T34/><D120/><U11/><E122/><V63/><F126/><W74/><G24/><T107/><D107/><U65/><E130/><V72/><F72/><W15/><G15/><T41/><D41/><U21/><E89/><V125/><F125/><W83/><G61/><T84/><D91/><AGARI ba="0,0" hai="18,19,43,46,50,74,79,81,83,87,91" m="27648" machi="91" ten="70,12000,1" yaku="14,1,10,1,52,3" doraHai="73,12" who="3" fromWho="0" sc="221,-120,235,0,205,0,339,120" /><INIT seed="3,1,0,0,4,100" ten="101,235,205,459" oya="3" hai0="25,48,79,67,75,56,20,15,97,44,58,116,6" hai1="9,120,118,8,125,73,27,68,128,4,132,41,17" hai2="47,122,42,72,49,38,36,99,82,61,101,135,70" hai3="126,64,60,74,65,24,119,104,121,14,76,22,2"/><W117/><G2/><T91/><D116/><U59/><E120/><V124/><F122/><W115/><G121/><T93/><D67/><U108/><E68/><V127/><F135/><W81/><G115/><T53/><D75/><U50/><E118/><V32/><F32/><W130/><G104/><T57/><D79/><U35/><E73/><V106/><F49/><W19/><G130/><T33/><D33/><U46/><E128/><V113/><F113/><W109/><G126/><T52/><D15/><U78/><E78/><N who="2" m="44359" /><F36/><W5/><G65/><AGARI ba="1,0" hai="38,42,47,61,65,70,99,101,106,124,127" m="44359" machi="65" ten="30,2000,0" yaku="23,1,52,1" doraHai="100" who="2" fromWho="3" sc="101,0,235,0,205,23,459,-23" /><INIT seed="4,0,0,4,0,47" ten="101,235,228,436" oya="0" hai0="31,6,122,132,123,104,125,127,91,92,107,2,97" hai1="75,50,25,53,18,67,128,3,35,48,56,121,86" hai2="135,11,1,24,0,88,57,51,133,101,10,78,58" hai3="54,70,77,94,93,34,120,46,16,13,19,17,115"/><T72/><D2/><N who="2" m="1130" /><F101/><W37/><G34/><T106/><D6/><U82/><E75/><V134/><F78/><W52/><G70/><T112/><D31/><U129/><E3/><V68/><F68/><W126/><G115/><T29/><D29/><N who="1" m="19887" /><E18/><N who="3" m="7274" /><G37/><T5/><D5/><U30/><E30/><V99/><F24/><W20/><G126/><N who="0" m="48139" /><D112/><U44/><E121/><N who="0" m="46089" /><D132/><U60/><E86/><V103/><F58/><W96/><G77/><T98/><D72/><U65/><E82/><V73/><F73/><W100/><G120/><T22/><D22/><U36/><E36/><V119/><F119/><W84/><G46/><T21/><D21/><U28/><E60/><V124/><F124/><W83/><G94/><T12/><D12/><U27/><E28/><V89/><F11/><W42/><G42/><T14/><D14/><U85/><E27/><V109/><F10/><W111/><G111/><T15/><D15/><U69/><E69/><V38/><F38/><W118/><G118/><T66/><D66/><U114/><E114/><V79/><F109/><W130/><G130/><N who="1" m="50282" /><E67/><V23/><F23/><W49/><G20/><T76/><D76/><U43/><E65/><V39/><F39/><W102/><G13/><T4/><D4/><U33/><E33/><V61/><F79/><W117/><G117/><T59/><D59/><U71/><E71/><V26/><F26/><W8/><G8/><T113/><D113/><U90/><E56/><V55/><F61/><W105/><N who="3" m="7282" /><W110/><DORA hai="45" /><G110/><T7/><D7/><U116/><E116/><V62/><F62/><W32/><G32/><RYUUKYOKU ba="0,0" sc="101,15,235,-15,228,15,436,-15" hai0="91,92,97,98,104,106,107" hai2="51,55,57,88,89,99,103,133,134,135" /><INIT seed="4,1,0,5,4,105" ten="116,220,243,421" oya="0" hai0="48,82,86,124,57,58,8,115,24,126,129,118,65" hai1="132,121,80,16,10,47,43,90,34,98,60,94,55" hai2="135,42,52,78,2,99,12,117,101,25,30,68,0" hai3="79,119,85,70,37,87,76,122,71,88,130,72,73"/><T89/><D118/><U15/><E121/><V77/><F68/><W26/><G37/><T50/><D115/><U31/><E132/><V125/><F135/><W40/><G40/><T120/><D120/><U113/><E113/><V18/><F42/><W103/><G122/><T64/><D129/><U109/><E109/><V28/><F125/><N who="0" m="48234" /><D8/><U75/><E31/><V83/><F77/><W38/><G38/><T96/><D24/><U67/><E34/><V114/><F117/><W9/><G119/><T69/><D69/><U97/><E55/><V45/><F114/><W102/><G9/><T49/><D96/><U56/><E98/><V106/><F12/><W27/><REACH who="3" step="1"/><G88/><REACH who="3" ten="116,220,243,411" step="2"/><T41/><D41/><U127/><E127/><V63/><F2/><W53/><G53/><T61/><D58/><U111/><E111/><V128/><F0/><W51/><G51/><T17/><D17/><U35/><E43/><V39/><F39/><W11/><G11/><T3/><D3/><U33/><REACH who="1" step="1"/><E47/><REACH who="1" ten="116,210,243,411" step="2"/><V32/><F45/><W66/><G66/><AGARI ba="1,2" hai="48,49,50,57,61,64,65,66,82,86,89" m="48234" machi="66" ten="30,1500,0" yaku="18,1" doraHai="105" who="0" fromWho="3" sc="116,38,210,0,243,0,411,-18" /><INIT seed="4,2,0,3,3,115" ten="154,210,243,393" oya="0" hai0="127,70,22,118,105,27,114,106,41,108,6,61,94" hai1="96,20,50,38,58,135,2,44,95,65,26,87,36" hai2="113,21,109,82,119,71,73,86,9,124,39,5,35" hai3="10,69,89,49,103,37,29,43,122,123,112,100,132"/><T0/><D114/><U15/><E2/><V88/><F113/><W13/><G37/><T11/><D127/><U62/><E135/><V111/><F35/><W102/><G69/><T63/><D108/><N who="2" m="41546" /><F39/><W12/><G112/><T40/><D118/><U84/><E38/><V28/><F71/><W16/><G29/><T126/><D126/><U46/><E36/><V66/><F66/><W110/><G110/><T32/><D32/><U64/><E15/><N who="2" m="5551" /><F73/><W1/><G1/><T56/><D70/><U17/><E65/><V93/><F124/><W98/><G132/><T92/><D106/><U52/><REACH who="1" step="1"/><E46/><REACH who="1" ten="154,200,243,393" step="2"/><V67/><F67/><W54/><G13/><T129/><D0/><U60/><E60/><V68/><F68/><W117/><G122/><T134/><D134/><U57/><E57/><V99/><F119/><W42/><G117/><T25/><D129/><U18/><E18/><V24/><F82/><W31/><G123/><T79/><D56/><U3/><E3/><V91/><F86/><W81/><G31/><T90/><D63/><U59/><E59/><V116/><F116/><W104/><G104/><T131/><D105/><U83/><E83/><V4/><F4/><W120/><G120/><T97/><D6/><U80/><E80/><V107/><F107/><W51/><G81/><T74/><D61/><U7/><E7/><V53/><F28/><W121/><G121/><T30/><D30/><U19/><E19/><V101/><F24/><W23/><G16/><T48/><D27/><U34/><E34/><V133/><F133/><W75/><G12/><T14/><D25/><RYUUKYOKU ba="2,1" sc="154,-10,200,30,243,-10,393,-10" hai1="17,20,26,44,50,52,58,62,64,84,87,95,96" /><INIT seed="5,3,1,3,5,88" ten="144,230,233,383" oya="1" hai0="41,117,37,130,6,92,115,94,21,47,68,10,51" hai1="124,40,19,71,83,42,108,116,30,24,57,16,25" hai2="5,38,122,73,11,26,128,59,80,44,28,12,55" hai3="125,31,81,34,120,110,89,54,67,95,61,66,104"/><U45/><E116/><V107/><F122/><W29/><G104/><T75/><D117/><U23/><E71/><V106/><F128/><W43/><G110/><T60/><D130/><U134/><E108/><V15/><F38/><W8/><G43/><T36/><D75/><U18/><E134/><V14/><F44/><W46/><G81/><T52/><D115/><U98/><E124/><V62/><F73/><W22/><G34/><T13/><D37/><U70/><E70/><V17/><F80/><W102/><G102/><T72/><D72/><U7/><E7/><V99/><F99/><W79/><G79/><T131/><D21/><N who="1" m="15631" /><E83/><V53/><F53/><W65/><G8/><T50/><D50/><N who="1" m="26919" /><E42/><V97/><F17/><N who="1" m="6761" /><E57/><V63/><F106/><W93/><G125/><T0/><D0/><U121/><E121/><V109/><F109/><W58/><G89/><T78/><D78/><U27/><E98/><V101/><F63/><W1/><G1/><T129/><D129/><U3/><E3/><V135/><F135/><W96/><G96/><T111/><D111/><U132/><E132/><V114/><F114/><W118/><G118/><T9/><D131/><U123/><E123/><V100/><F100/><W4/><G4/><T49/><D49/><U85/><E85/><V113/><F113/><W32/><G120/><T84/><D84/><U119/><E119/><V133/><F133/><W64/><G46/><N who="0" m="23847" /><D10/><U56/><E56/><V127/><F127/><W39/><G39/><T86/><D86/><U103/><E103/><V2/><F2/><W126/><N who="3" m="16384" /><DORA hai="35" /><W105/><G126/><RYUUKYOKU ba="3,1" sc="144,10,230,10,233,10,383,-30" hai0="6,9,13,47,51,52,60,68,92,94" hai1="19,23,25,27" hai2="5,11,12,14,15,26,28,55,59,62,97,101,107" /><INIT seed="5,4,1,2,4,8" ten="154,240,243,353" oya="1" hai0="17,20,56,47,126,14,30,62,67,33,35,104,108" hai1="105,45,60,31,37,40,43,59,112,121,103,53,87" hai2="0,1,91,120,133,76,49,94,92,61,119,9,73" hai3="74,110,66,75,12,95,52,84,44,57,58,80,101"/><U130/><E121/><V128/><F119/><W82/><G110/><T4/><D104/><U28/><E43/><V100/><F120/><W13/><G75/><T117/><D108/><U123/><E123/><V135/><F128/><W19/><G74/><T50/><D117/><U64/><E130/><V39/><F39/><W69/><G69/><T68/><D126/><U16/><E112/><V77/><F100/><W90/><G44/><T129/><D129/><U107/><E64/><V89/><F73/><W70/><G70/><T116/><D116/><U98/><E107/><V111/><F111/><W96/><G66/><T86/><D4/><U106/><E106/><V88/><F49/><N who="3" m="30863" /><G58/><T93/><D30/><U114/><E114/><V78/><F61/><W48/><G48/><T83/><D93/><N who="2" m="35946" /><F9/><W109/><G109/><T21/><D21/><U102/><E102/><V38/><F38/><W32/><G32/><T131/><D68/><U11/><REACH who="1" step="1"/><E87/><REACH who="1" ten="154,230,243,353" step="2"/><V99/><F99/><W51/><G101/><T97/><D97/><U79/><E79/><V81/><F81/><N who="3" m="31339" /><G96/><T65/><D131/><U3/><E3/><AGARI ba="4,2" hai="0,1,3,76,77,78,88,89,91,133,135" m="35946" machi="3" ten="40,5200,0" yaku="28,2,54,1" doraHai="8" who="2" fromWho="1" sc="154,0,230,-64,243,84,353,0" /><INIT seed="6,0,0,5,3,97" ten="154,166,327,353" oya="2" hai0="135,33,83,102,58,126,61,105,36,44,121,125,87" hai1="63,9,8,90,3,119,20,21,113,99,114,10,27" hai2="15,24,100,16,31,12,73,79,2,25,89,68,112" hai3="67,129,110,62,42,23,26,120,45,34,41,108,6"/><V115/><F68/><W117/><G120/><T124/><D33/><U55/><E119/><V132/><F2/><W91/><G117/><T80/><D121/><U118/><E118/><V43/><F132/><W127/><G34/><T29/><D29/><U69/><E3/><V4/><F43/><W38/><G42/><N who="0" m="22599" /><D135/><U60/><E21/><N who="2" m="13351" /><F89/><W14/><G129/><T46/><D46/><U32/><E32/><N who="2" m="20591" /><F79/><W70/><G127/><N who="0" m="32515" /><T131/><DORA hai="50" /><D131/><U98/><E69/><V5/><F100/><W48/><G91/><T122/><D122/><U52/><E63/><V47/><F73/><W13/><G38/><T17/><D17/><N who="1" m="12687" /><E60/><V133/><F47/><W109/><G6/><N who="2" m="2665" /><F133/><W28/><AGARI ba="0,0" hai="13,14,23,26,28,41,45,48,62,67,70,108,109,110" machi="28" ten="30,1100,0" yaku="0,1" doraHai="97,50" who="3" fromWho="3" sc="154,-3,166,-3,327,-5,353,11" /><INIT seed="7,0,0,3,5,108" ten="151,163,322,364" oya="3" hai0="122,109,23,61,20,19,5,133,16,11,135,119,4" hai1="25,59,32,71,39,49,24,111,130,46,51,2,102" hai2="22,91,100,66,15,94,127,28,1,7,132,26,55" hai3="52,31,0,86,37,43,115,96,118,116,56,79,47"/><W57/><G0/><T114/><D109/><U60/><E111/><V101/><F132/><N who="0" m="50762" /><D119/><U98/><E71/><V120/><F127/><W12/><G115/><T50/><D114/><U97/><E2/><V21/><F120/><W36/><G36/><T58/><D122/><U41/><E130/><V75/><F75/><W18/><G31/><T48/><D23/><U9/><E9/><V10/><F66/><W125/><G57/><T27/><D19/><U93/><E32/><V88/><F91/><W17/><G125/><T53/><D5/><U73/><E73/><V124/><F124/><W54/><G54/><T99/><D99/><N who="1" m="59759" /><E39/><V83/><F83/><W90/><G79/><T126/><D126/><U129/><E51/><V64/><F64/><W117/><G96/><N who="1" m="36970" /><E129/><V68/><F68/><W103/><G103/><T74/><D74/><U67/><AGARI ba="0,0" hai="24,25,41,46,49,59,60,67" m="36970,59759" machi="67" ten="30,1100,0" yaku="8,1" doraHai="108" who="1" fromWho="1" sc="151,-3,163,11,322,-3,364,-5" owari="148,-35.0,174,-23.0,319,12.0,359,46.0" /></mjloggm>