<mjloggm ver="2.3"><GO type="169" lobby="0"/><UN n0="%E9%87%8E%E7%94%B0%E7%A5%9E" n1="%E6%96%87%E5%9B%9B%E9%83%8E" n2="%E3%82%B5%E3%83%B3%E3%83%9E%E9%81%93%E6%A5%BD%E4%BB%A3%E8%A1%A8" n3="%E5%B0%B1%E6%B4%BB%E7%94%9F%40%E5%B7%9D%E6%9D%91%E8%BB%8D%E5%9B%A3" dan="16,17,17,18" rate="2131.00,2185.46,2173.78,2241.66" sx="F,M,M,M"/><TAIKYOKU oya="0"/><INIT seed="0,0,0,2,2,65" ten="250,250,250,250" oya="0" hai0="77,82,61,56,27,23,21,81,72,17,22,84,131" hai1="59,134,70,50,112,13,98,52,100,97,74,89,41" hai2="19,93,71,103,88,109,91,119,132,115,5,135,102" hai3="15,92,14,122,117,42,39,54,78,107,79,26,48"/><T3/><D131/><U86/><E74/><V57/><F5/><W1/><G107/><T44/><D3/><U29/><E29/><V114/><F57/><W55/><G1/><T47/><D23/><U32/><E32/><V75/><F19/><W11/><G39/><T38/><D38/><U9/><E134/><V6/><F6/><W20/><G42/><T90/><REACH who="0" step="1"/><D22/><REACH who="0" ten="240,250,250,250" step="2"/><U43/><E112/><V118/><F75/><W46/><G20/><T108/><D108/><U104/><E97/><V133/><F133/><W67/><G122/><T2/><D2/><U35/><E35/><V36/><F36/><W83/><G117/><T130/><D130/><U129/><E129/><V76/><F109/><W110/><G110/><T73/><D73/><U18/><REACH who="1" step="1"/><E70/><REACH who="1" ten="240,240,250,250" step="2"/><V85/><F71/><W127/><G127/><T25/><D25/><U120/><E120/><V34/><F34/><W124/><G26/><T66/><AGARI ba="0,2" hai="17,21,27,44,47,56,61,66,72,77,81,82,84,90" machi="66" ten="20,3900,0" yaku="1,1,0,1,7,1,53,0" doraHai="65" doraHaiUra="121" who="0" fromWho="0" sc="240,59,240,-13,250,-13,250,-13" /><INIT seed="0,1,0,5,5,28" ten="299,227,237,237" oya="0" hai0="95,58,127,94,61,17,5,69,128,31,89,51,81" hai1="132,83,120,14,124,7,4,1,49,26,32,55,57" hai2="53,67,27,71,107,134,86,98,113,87,78,46,105" hai3="103,41,33,23,112,92,38,72,35,21,101,115,125"/><T65/><D128/><U39/><E120/><V22/><F113/><W106/><G72/><T102/><D127/><U110/><E1/><V73/><F73/><W118/><G118/><T70/><D5/><U77/><E39/><V133/><F71/><W20/><G125/><T30/><D70/><U104/><E104/><V116/><F67/><W111/><G111/><T68/><D68/><U93/><E124/><V44/><F116/><W50/><G38/><T88/><D102/><U47/><E110/><V82/><F87/><W97/><G106/><N who="2" m="40457" /><F53/><W62/><G62/><T6/><D6/><U56/><E93/><V126/><F98/><W108/><G108/><T16/><D81/><U48/><E14/><V15/><F15/><W117/><G103/><T80/><D80/><U0/><E0/><V63/><F63/><W11/><G11/><T91/><D69/><U8/><E83/><V79/><F79/><W109/><G109/><T18/><D51/><U13/><E48/><V121/><F121/><W36/><G36/><T24/><REACH who="0" step="1"/><D31/><REACH who="0" ten="289,227,237,237" step="2"/><U85/><E49/><V12/><F126/><W3/><G117/><T29/><D29/><U84/><E4/><V45/><F82/><W66/><G3/><T10/><D10/><U122/><E8/><V43/><F78/><W59/><G112/><T119/><D119/><U99/><E7/><V75/><F75/><W130/><G115/><T135/><D135/><U131/><E132/><V123/><F134/><W19/><G130/><T129/><D129/><U9/><E131/><V60/><F133/><W34/><G101/><T54/><D54/><RYUUKYOKU ba="1,1" sc="289,30,227,-10,237,-10,237,-10" hai0="16,17,18,24,30,58,61,65,88,89,91,94,95" /><INIT seed="0,2,1,1,2,89" ten="319,217,227,227" oya="0" hai0="62,5,14,101,106,74,91,21,51,65,37,11,17" hai1="87,123,88,105,0,94,113,63,96,120,125,112,24" hai2="25,131,45,115,124,126,130,31,38,93,6,69,100" hai3="83,116,103,104,12,118,28,77,20,56,72,97,86"/><T60/><D37/><U2/><E24/><V81/><F69/><W33/><G33/><T67/><D74/><U66/><E125/><N who="2" m="48235" /><F6/><W122/><G122/><N who="1" m="46634" /><E63/><N who="0" m="24105" /><D106/><U95/><E66/><V41/><F81/><W57/><G28/><T52/><D101/><N who="1" m="60567" /><E105/><V59/><F59/><W82/><G20/><T127/><D127/><U49/><E49/><V90/><F100/><W48/><G12/><N who="0" m="5231" /><D91/><U134/><E134/><V61/><F61/><W32/><G32/><T80/><D80/><U128/><E128/><V70/><F70/><W36/><G36/><T64/><D64/><U47/><E47/><AGARI ba="2,1" hai="14,17,21,47,51,52,65,67" m="5231,24105" machi="47" ten="30,2900,0" yaku="8,1,54,1" doraHai="89" who="0" fromWho="1" sc="319,45,217,-35,227,0,227,0" /><INIT seed="0,3,0,2,5,18" ten="364,182,227,227" oya="0" hai0="87,45,2,43,5,74,99,131,129,24,39,124,83" hai1="113,55,85,57,95,71,38,94,46,37,115,104,52" hai2="90,23,116,53,60,30,42,26,106,86,6,41,17" hai3="101,56,1,132,84,0,47,48,21,109,22,7,44"/><T11/><D124/><U25/><E104/><V107/><F116/><W120/><G1/><T64/><D74/><U117/><E117/><V123/><F123/><W63/><G0/><T133/><D133/><U97/><E71/><V67/><F6/><W36/><G132/><T12/><D64/><U103/><E25/><V62/><F106/><W54/><G109/><T78/><D24/><U82/><E94/><V51/><F107/><W34/><G34/><T76/><D76/><U110/><E110/><V135/><F30/><W10/><G120/><T75/><D87/><U16/><E16/><V121/><F121/><W89/><G101/><T66/><D66/><U49/><E38/><V50/><F50/><W13/><G36/><T68/><D68/><U88/><REACH who="1" step="1"/><E37/><REACH who="1" ten="364,172,227,227" step="2"/><V29/><F17/><W27/><G27/><T130/><REACH who="0" step="1"/><D99/><REACH who="0" ten="354,172,227,227" step="2"/><U32/><E32/><V102/><F135/><W79/><G79/><T28/><D28/><U61/><AGARI ba="3,2" hai="46,49,52,55,57,61,82,85,88,95,97,103,113,115" machi="61" ten="30,8000,1" yaku="1,1,0,1,54,2,53,1" doraHai="18" doraHaiUra="96" who="1" fromWho="1" sc="354,-43,172,109,227,-23,227,-23" /><INIT seed="1,0,0,2,5,110" ten="311,281,204,204" oya="1" hai0="75,57,10,59,96,102,85,70,61,64,6,26,79" hai1="119,113,126,131,56,65,114,124,109,42,132,107,77" hai2="122,62,116,34,127,7,48,106,8,82,50,89,25" hai3="52,121,115,111,5,91,78,40,120,33,69,3,45"/><U100/><E119/><V94/><F122/><W60/><G111/><T55/><D75/><U29/><E77/><V66/><F106/><W98/><G33/><T14/><D26/><U67/><E29/><V46/><F116/><W36/><G78/><T28/><D28/><U37/><E109/><V9/><F127/><N who="1" m="48681" /><E132/><V81/><F34/><W1/><G5/><T117/><D117/><U4/><E4/><V47/><F25/><W86/><G98/><T84/><D79/><U72/><E72/><V73/><F73/><W13/><G13/><T105/><REACH who="0" step="1"/><D70/><REACH who="0" ten="301,281,204,204" step="2"/><U118/><E118/><V97/><F7/><W58/><G69/><T32/><D32/><U0/><E131/><V95/><F9/><W16/><G120/><T104/><D104/><U112/><E0/><V128/><F8/><W11/><G121/><T22/><D22/><U17/><E17/><V51/><F128/><W93/><G115/><T49/><AGARI ba="0,1" hai="6,10,14,49,55,57,59,61,64,84,85,96,102,105" machi="49" ten="20,5200,0" yaku="1,1,0,1,7,1,53,1" doraHai="110" doraHaiUra="101" who="0" fromWho="0" sc="301,62,281,-26,204,-13,204,-13" /><INIT seed="2,0,0,3,1,128" ten="363,255,191,191" oya="2" hai0="86,52,61,78,111,96,115,6,70,92,73,24,23" hai1="109,21,46,2,11,20,41,9,94,59,69,98,116" hai2="77,68,72,127,67,117,55,8,43,64,7,125,102" hai3="112,66,76,79,118,91,99,38,31,18,71,13,83"/><V26/><F117/><W16/><G118/><T124/><D115/><U12/><E116/><V49/><F102/><W3/><G3/><T15/><D111/><U131/><E69/><V28/><F43/><W104/><G38/><T17/><D124/><N who="2" m="47690" /><F77/><W36/><G36/><T58/><D73/><U95/><E109/><V120/><F68/><W132/><G112/><T113/><D113/><U107/><E131/><V60/><F60/><W14/><G31/><T22/><D70/><U85/><E107/><V54/><F72/><W45/><G45/><T103/><D6/><U62/><E41/><V110/><F120/><W4/><G4/><T105/><D105/><U50/><E62/><V0/><F110/><W47/><G47/><T122/><D122/><U57/><E50/><V129/><F129/><W35/><G35/><T37/><D37/><U134/><E46/><N who="2" m="27959" /><F55/><W89/><G71/><T93/><D78/><U106/><E106/><V33/><AGARI ba="0,0" hai="0,7,8,26,28,33,64,67" m="27959,47690" machi="33" ten="30,1500,0" yaku="18,1" doraHai="128" who="2" fromWho="2" sc="363,-5,255,-5,191,15,191,-5" /><INIT seed="2,1,0,4,0,23" ten="358,250,206,186" oya="2" hai0="49,124,129,24,133,28,101,35,120,82,32,30,14" hai1="98,134,100,56,10,132,111,78,87,44,2,83,106" hai2="66,55,69,119,85,54,113,104,121,108,79,99,80" hai3="9,3,34,22,45,115,122,110,89,102,33,47,48"/><V86/><F119/><W126/><G122/><T29/><D120/><U43/><E111/><V11/><F113/><W39/><G110/><T68/><D68/><U17/><E56/><V38/><F38/><W61/><G126/><T75/><D124/><U71/><E71/><V97/><F121/><W12/><G102/><T51/><D129/><U88/><E78/><V6/><F108/><W1/><G39/><T127/><D127/><U73/><E73/><V118/><F118/><W105/><G105/><T90/><D133/><N who="1" m="51307" /><E2/><V109/><F109/><W93/><G61/><T95/><D101/><U130/><E130/><V123/><F123/><W4/><G47/><T18/><D75/><U58/><E58/><V60/><F86/><W94/><G94/><T25/><D82/><U36/><E10/><V64/><F64/><W21/><G115/><T96/><D30/><U103/><E103/><V74/><F74/><W91/><G91/><T46/><D46/><U81/><E17/><V52/><REACH who="2" step="1"/><F104/><REACH who="2" ten="358,250,196,186" step="2"/><W40/><G3/><AGARI ba="1,1" hai="3,6,11,52,54,55,60,66,69,79,80,85,97,99" machi="3" ten="40,7700,0" yaku="1,1,2,1,54,1,53,0" doraHai="23" doraHaiUra="131" who="2" fromWho="3" sc="358,0,250,0,196,90,186,-80" /><INIT seed="2,2,0,3,0,94" ten="358,250,286,106" oya="2" hai0="5,52,62,2,41,124,99,21,51,75,91,98,92" hai1="36,10,13,109,0,120,113,79,39,43,127,64,23" hai2="58,65,28,114,119,105,111,84,17,133,60,18,42" hai3="26,50,14,20,49,121,35,77,8,11,115,134,7"/><V74/><F74/><W30/><G121/><T89/><D124/><U6/><E113/><V96/><F114/><W126/><G115/><T59/><D75/><U69/><E127/><V46/><F119/><W44/><G126/><T116/><D116/><U15/><E120/><V12/><F133/><W76/><G134/><T128/><D128/><U22/><E109/><V1/><F1/><W45/><G35/><T73/><D73/><U34/><E34/><V78/><F28/><W88/><G11/><T85/><D2/><U55/><E79/><V129/><F129/><W67/><G67/><T110/><D5/><U117/><E117/><V97/><F105/><W87/><G45/><N who="0" m="26031" /><D110/><U125/><E125/><V54/><F65/><W66/><G50/><T135/><D135/><U108/><E108/><V56/><F56/><W130/><G66/><T33/><D33/><U4/><E55/><V57/><F57/><W123/><G123/><T32/><D32/><U83/><E83/><N who="2" m="47223" /><F17/><W3/><G3/><T102/><D102/><U103/><E64/><V61/><F61/><W107/><G107/><T101/><D101/><U104/><E0/><V31/><F31/><W71/><G71/><T9/><D62/><U86/><E69/><V72/><F72/><W90/><G130/><T80/><D59/><U25/><E104/><V118/><F118/><W106/><G106/><T37/><D37/><U48/><E39/><N who="2" m="21855" /><F111/><W81/><REACH who="3" step="1"/><G76/><REACH who="3" ten="358,250,286,96" step="2"/><T112/><D112/><U53/><E36/><V38/><F38/><W63/><G63/><T132/><D132/><U29/><E48/><V95/><F60/><RYUUKYOKU ba="2,1" sc="358,-10,250,-10,286,-10,96,30" hai3="7,8,14,20,26,30,44,49,77,81,87,88,90" /><INIT seed="3,3,1,2,2,44" ten="348,240,276,126" oya="3" hai0="19,67,122,100,106,93,73,65,28,35,64,75,91" hai1="30,5,20,114,6,51,16,124,32,29,0,132,69" hai2="120,11,85,70,39,12,33,135,83,123,102,48,66" hai3="40,10,121,117,82,18,58,53,125,9,13,109,129"/><W116/><G121/><N who="2" m="46665" /><F33/><W61/><G125/><T56/><D122/><U52/><E114/><V41/><F102/><W79/><G129/><T60/><D106/><U90/><E69/><V24/><F24/><W80/><G109/><T25/><D100/><U87/><E32/><V92/><F92/><W8/><G40/><T101/><D101/><U68/><E68/><V128/><F70/><W7/><G82/><T21/><D75/><U17/><E124/><V88/><F66/><W81/><G80/><T97/><D73/><U98/><E98/><V38/><F135/><W22/><REACH who="3" step="1"/><G7/><REACH who="3" ten="348,240,276,116" step="2"/><N who="1" m="2570" /><E132/><V108/><F108/><W94/><G94/><T62/><D62/><U104/><E104/><V63/><F63/><W54/><G54/><T86/><D97/><U47/><E0/><V14/><F128/><W119/><G119/><T107/><D107/><U105/><E105/><V46/><F12/><AGARI ba="3,2" hai="12,19,21,25,28,35,56,60,64,65,67,86,91,93" machi="12" ten="30,1000,0" yaku="7,1" doraHai="44" who="0" fromWho="2" sc="348,39,240,0,276,-19,116,0" /><INIT seed="4,0,0,5,1,10" ten="387,240,257,116" oya="0" hai0="17,48,134,78,71,121,85,128,26,92,40,33,63" hai1="72,109,102,90,115,97,120,11,37,66,77,135,41" hai2="16,64,89,122,126,61,53,54,99,105,1,42,23" hai3="81,108,84,100,45,31,65,22,43,119,127,68,46"/><T20/><D121/><U6/><E120/><V34/><F34/><W12/><G119/><T0/><D0/><U32/><E109/><V59/><F1/><W93/><G108/><T2/><D2/><U125/><E32/><V106/><F122/><W57/><G68/><T47/><D134/><U132/><E66/><V15/><F42/><W75/><G75/><T95/><D128/><U36/><E90/><V131/><F131/><W96/><G127/><T60/><D33/><U49/><E49/><V76/><F76/><W104/><G104/><T55/><D71/><U101/><E125/><V69/><F54/><W98/><G98/><T133/><D133/><N who="1" m="51275" /><E115/><V7/><F7/><W8/><G43/><T118/><D118/><U129/><E129/><V83/><F126/><W116/><G116/><T111/><D111/><U91/><E91/><V88/><F89/><W5/><G57/><N who="0" m="34879" /><D63/><U52/><E52/><V18/><F18/><W80/><G65/><T30/><D30/><U117/><E117/><V130/><F130/><W103/><G103/><N who="1" m="39434" /><E97/><V113/><F113/><W62/><G62/><T25/><D95/><U35/><E35/><V107/><F99/><W24/><REACH who="3" step="1"/><G81/><REACH who="3" ten="387,240,257,106" step="2"/><T123/><D123/><U51/><E41/><V58/><F53/><W73/><G73/><T3/><D40/><U9/><E51/><V94/><F94/><W86/><G86/><T27/><D85/><U67/><E67/><V124/><F124/><W110/><G110/><T38/><D38/><U13/><E37/><V74/><F74/><W19/><G19/><T82/><D82/><N who="1" m="45351" /><E36/><V44/><F44/><RYUUKYOKU ba="0,1" sc="387,-30,240,10,257,10,106,10" hai1="6,9,11,13" hai2="15,16,23,58,59,61,64,69,83,88,105,106,107" hai3="5,8,12,22,24,31,45,46,80,84,93,96,100" /><INIT seed="5,1,1,3,1,58" ten="357,250,267,116" oya="1" hai0="111,66,15,16,47,19,134,25,128,133,69,46,131" hai1="70,71,62,123,130,89,3,48,38,108,102,104,50" hai2="35,24,20,74,63,33,53,6,21,5,59,32,93" hai3="12,103,72,81,95,112,82,79,129,117,115,60,22"/><U68/><E123/><V109/><F74/><W1/><G1/><T51/><D111/><U64/><E3/><V57/><F109/><W83/><G22/><N who="0" m="13511" /><D69/><U106/><E38/><V110/><F110/><W9/><G117/><T78/><D66/><U67/><E108/><V26/><F93/><W75/><G129/><N who="0" m="49739" /><D78/><U98/><E130/><V101/><F101/><W40/><G40/><N who="0" m="25031" /><D47/><U29/><E106/><V31/><REACH who="2" step="1"/><F59/><REACH who="2" ten="357,250,257,116" step="2"/><W120/><G120/><T18/><D18/><AGARI ba="1,2" hai="5,6,18,20,21,24,26,31,32,33,35,53,57,63" machi="18" ten="40,5200,0" yaku="1,1,2,1,52,1,53,0" doraHai="58" doraHaiUra="107" who="2" fromWho="0" sc="357,-55,250,0,257,75,116,0" /><INIT seed="6,0,0,0,5,108" ten="302,250,332,116" oya="2" hai0="54,67,28,20,93,89,133,37,49,17,123,119,81" hai1="40,1,90,10,70,69,65,71,4,36,86,87,82" hai2="13,6,25,38,125,116,7,52,75,105,102,107,21" hai3="128,27,72,45,24,58,129,103,48,122,110,53,15"/><V85/><F75/><W97/><G110/><T112/><D123/><U132/><E132/><V101/><F38/><W96/><G72/><T113/><D133/><U114/><E65/><V95/><F116/><W35/><G122/><T60/><D37/><U34/><E34/><V12/><F85/><W120/><G120/><T64/><D28/><U124/><E124/><V77/><F95/><W61/><G35/><T126/><D81/><U33/><E33/><V130/><F21/><W39/><G39/><T42/><D42/><U41/><E36/><V91/><F91/><W100/><G15/><T0/><D0/><U106/><E106/><V11/><F25/><W8/><G8/><T44/><D126/><U76/><REACH who="1" step="1"/><E114/><REACH who="1" ten="302,240,332,116" step="2"/><N who="0" m="44137" /><D119/><U29/><E29/><V62/><F125/><W19/><G128/><T92/><D67/><U59/><E59/><V30/><F30/><W3/><G129/><T94/><D64/><U51/><E51/><V63/><F130/><W115/><G115/><T73/><D60/><U2/><E2/><V104/><F104/><W22/><G3/><T26/><D73/><U31/><E31/><V66/><F66/><W5/><G5/><T118/><D118/><U43/><E43/><V84/><F7/><W99/><REACH who="3" step="1"/><G24/><REACH who="3" ten="302,240,332,106" step="2"/><T78/><D26/><U46/><E46/><V79/><F6/><W32/><G32/><T23/><D44/><U9/><E9/><V68/><F11/><W74/><G74/><T88/><D23/><U80/><AGARI ba="0,2" hai="1,4,10,40,41,69,70,71,76,80,82,86,87,90" machi="80" ten="40,2700,0" yaku="1,1,0,1,53,0" doraHai="108" doraHaiUra="98" who="1" fromWho="1" sc="302,-7,240,47,332,-13,106,-7" /><INIT seed="7,0,0,5,5,98" ten="295,287,319,99" oya="3" hai0="72,42,27,65,132,68,47,88,111,21,43,22,90" hai1="119,135,25,19,97,103,59,28,76,13,14,63,69" hai2="124,6,40,123,1,55,126,118,134,85,82,84,81" hai3="11,58,106,129,114,87,51,77,121,107,112,9,100"/><W110/><G121/><T20/><D111/><U128/><E76/><V113/><F118/><W7/><G110/><T127/><D72/><U15/><E119/><V8/><F40/><W66/><G129/><T32/><D132/><U35/><E135/><V71/><F71/><W53/><G66/><T95/><D127/><N who="2" m="48682" /><F134/><W105/><G100/><T52/><D32/><U115/><E128/><V29/><F29/><W109/><G109/><T133/><D133/><U54/><E69/><V74/><F113/><N who="3" m="43627" /><G7/><T33/><D33/><U117/><E117/><V130/><F130/><W61/><G61/><T49/><D27/><U125/><E115/><V31/><F31/><W5/><G5/><T89/><D95/><U45/><E45/><V26/><F26/><W18/><G18/><T24/><D24/><U70/><E70/><V94/><F74/><W3/><G3/><T64/><D68/><U75/><E75/><V30/><F30/><W23/><G23/><T67/><AGARI ba="0,0" hai="20,21,22,42,43,47,49,52,64,65,67,88,89,90" machi="67" ten="40,12000,2" yaku="0,1,29,2,8,1,54,2" doraHai="98" who="0" fromWho="0" sc="295,120,287,-30,319,-30,99,-60" owari="415,51.0,257,-14.0,289,9.0,39,-46.0" /></mjloggm>