<mjloggm ver="2.3"><GO type="41" lobby="0"/><UN n0="%73%68%69%6E%36%6B" n1="%E5%B0%B1%E6%B4%BB%E7%94%9F%40%E5%B7%9D%E6%9D%91%E8%BB%8D%E5%9B%A3" n2="%E5%BB%83%E4%BA%BA%E9%81%94%E9%9B%86%E5%90%88" n3="%E3%81%90%E3%83%BC%E3%81%A1%E3%82%83%E3%82%93%30" dan="14,17,15,14" rate="1977.82,2207.15,1983.38,1922.88" sx="M,M,M,F"/><TAIKYOKU oya="0"/><INIT seed="0,0,0,3,0,15" ten="250,250,250,250" oya="0" hai0="104,117,112,133,99,44,0,127,88,86,72,97,65" hai1="92,57,7,52,90,9,114,131,105,80,11,93,108" hai2="134,110,103,68,28,19,128,6,42,1,107,12,74" hai3="78,25,23,58,124,91,135,43,34,69,40,130,123"/><T73/><D117/><U118/><E118/><V63/><F74/><W24/><G123/><T46/><D0/><U5/><E105/><V50/><F1/><W29/><G69/><T113/><D65/><U60/><E114/><V59/><F6/><W106/><G124/><T87/><D127/><U16/><E131/><V26/><F128/><W49/><G130/><T38/><D38/><U66/><E108/><V77/><F77/><W64/><G106/><T98/><D133/><U85/><E11/><V115/><F134/><W129/><G135/><T55/><D55/><U41/><E41/><V35/><F110/><W116/><G129/><T14/><D14/><N who="1" m="7247" /><E66/><V119/><F119/><W109/><G109/><T67/><D67/><U84/><E93/><V102/><F68/><W100/><G116/><T71/><D71/><U125/><E125/><V21/><F115/><N who="0" m="44106" /><D104/><U62/><E62/><V13/><F107/><W121/><G40/><T83/><D46/><U76/><AGARI ba="0,0" hai="5,7,52,57,60,76,80,84,85,90,92" m="7247" machi="76" ten="30,7900,0" yaku="8,1,52,1,54,2" doraHai="15" who="1" fromWho="1" sc="250,-39,250,79,250,-20,250,-20" /><INIT seed="1,0,0,4,4,69" ten="211,329,230,230" oya="1" hai0="58,57,47,79,9,97,70,115,113,87,114,119,84" hai1="130,41,48,124,5,102,80,111,65,59,28,18,109" hai2="31,132,4,122,73,135,10,88,126,56,23,61,64" hai3="100,62,77,99,120,67,128,46,49,83,133,116,108"/><U54/><E5/><V72/><F122/><W0/><G108/><N who="1" m="41546" /><E28/><V125/><F31/><W103/><G116/><T75/><D119/><U51/><E102/><V3/><F23/><W25/><G120/><T66/><D70/><U34/><E34/><V32/><F32/><W90/><G133/><N who="2" m="51273" /><F88/><W22/><G128/><T38/><D75/><AGARI ba="0,0" hai="3,4,10,56,61,64,72,73,75,125,126" m="51273" machi="75" ten="30,1000,0" yaku="20,1" doraHai="69" who="2" fromWho="0" sc="211,-10,329,0,230,10,230,0" /><INIT seed="2,0,0,4,2,94" ten="201,329,240,230" oya="2" hai0="127,43,126,106,104,48,132,108,76,59,54,47,69" hai1="28,58,131,46,89,56,71,35,52,27,107,63,18" hai2="87,0,14,135,31,4,119,115,7,62,109,29,23" hai3="34,41,82,133,129,95,73,80,78,16,60,88,90"/><V65/><F119/><W121/><G121/><T68/><D108/><U64/><E131/><V72/><F72/><W128/><G34/><T8/><D76/><U85/><E107/><V120/><F120/><W100/><G41/><T20/><D8/><U134/><E134/><V74/><F74/><W86/><G60/><T97/><D20/><U61/><E18/><V122/><F122/><W2/><G2/><T111/><D111/><U38/><E38/><V70/><F109/><W39/><G39/><T105/><D105/><U11/><E11/><V130/><F135/><W42/><G42/><T57/><D132/><U44/><REACH who="1" step="1"/><E71/><REACH who="1" ten="201,319,240,230" step="2"/><V103/><F130/><N who="3" m="50283" /><G16/><T26/><D106/><U124/><E124/><V6/><F0/><W9/><G9/><T112/><D69/><U40/><E40/><V33/><F6/><W37/><G37/><T116/><D68/><U81/><AGARI ba="0,1" hai="27,28,35,44,46,52,56,58,61,63,64,81,85,89" machi="81" ten="20,5200,0" yaku="1,1,0,1,7,1,54,1,53,0" doraHai="94" doraHaiUra="98" who="1" fromWho="1" sc="201,-13,319,62,240,-26,230,-13" /><INIT seed="3,0,0,1,3,98" ten="188,381,214,217" oya="3" hai0="60,0,63,14,4,115,103,95,48,43,101,125,123" hai1="2,24,65,22,114,124,50,76,122,104,11,31,84" hai2="83,75,49,107,17,26,25,32,28,127,120,100,18" hai3="106,39,62,10,134,66,20,56,67,113,119,105,99"/><W79/><G119/><T46/><D123/><U117/><E114/><V21/><F120/><W72/><G39/><T37/><D0/><U102/><E124/><V78/><F127/><W131/><G113/><T38/><D125/><U135/><E135/><V70/><F70/><W44/><G134/><T47/><D115/><U30/><E122/><V111/><F111/><W52/><G131/><T1/><D1/><U130/><E130/><V41/><F107/><W108/><G108/><T3/><D3/><U35/><E117/><V58/><F100/><N who="0" m="38474" /><D37/><U34/><E65/><N who="3" m="24586" /><G106/><T45/><D38/><U68/><E68/><V53/><F41/><W9/><G105/><T16/><D4/><U13/><E2/><V87/><F75/><W19/><G72/><T6/><D6/><U133/><E133/><V5/><F5/><W82/><G44/><N who="0" m="17003" /><D95/><U110/><E34/><V128/><F128/><W85/><G99/><T55/><D43/><U129/><E35/><V54/><F54/><W15/><AGARI ba="0,0" hai="9,10,15,19,20,52,56,62,79,82,85" m="24586" machi="15" ten="30,3000,0" yaku="8,1,54,1" doraHai="98" who="3" fromWho="3" sc="188,-10,381,-10,214,-10,217,30" /><INIT seed="3,1,0,3,5,59" ten="178,371,204,247" oya="3" hai0="2,84,60,114,68,66,46,19,94,3,38,133,122" hai1="5,89,80,25,128,13,18,81,27,21,130,16,124" hai2="95,104,113,69,22,57,50,99,10,115,12,127,103" hai3="34,36,56,107,6,74,52,9,108,134,33,45,109"/><W28/><G107/><T8/><D122/><U61/><E124/><V135/><F135/><W39/><G74/><T31/><D133/><U132/><E132/><V15/><F69/><W79/><G79/><T40/><D114/><U51/><E5/><V65/><F127/><W123/><G123/><T77/><D31/><U32/><E51/><V1/><F1/><W110/><G134/><T58/><D68/><U85/><E80/><V62/><F104/><W73/><G73/><T105/><D105/><U97/><E97/><V14/><F10/><W100/><G100/><T93/><D3/><U55/><E32/><N who="3" m="12394" /><G28/><T116/><D116/><U30/><E25/><V96/><F96/><W54/><G45/><T42/><D42/><U75/><E75/><V67/><F50/><N who="3" m="30743" /><G54/><T72/><D72/><U20/><E18/><V29/><F67/><W111/><N who="3" m="27648" /><DORA hai="125" /><W101/><G101/><T118/><D118/><U63/><E55/><V126/><REACH who="2" step="1"/><F126/><REACH who="2" ten="178,371,194,247" step="2"/><W98/><G98/><T7/><D2/><AGARI ba="1,1" hai="2,6,9,36,39" m="27648,30743,12394" machi="2" ten="60,11600,0" yaku="14,1,10,1,54,1" doraHai="59,125" who="3" fromWho="0" sc="178,-119,371,0,194,0,247,129" /><INIT seed="3,2,0,4,0,79" ten="59,371,194,376" oya="3" hai0="124,135,35,67,97,36,4,98,39,104,106,105,48" hai1="116,127,115,132,61,111,71,32,62,114,14,84,73" hai2="18,19,45,91,131,130,65,46,83,44,30,119,26" hai3="134,129,103,2,112,108,37,34,120,20,29,82,74"/><W53/><RYUUKYOKU type="yao9" ba="2,0" sc="59,0,371,0,194,0,376,0" hai3="2,20,29,34,37,53,74,82,103,108,112,120,129,134" /><INIT seed="3,3,0,1,3,92" ten="59,371,194,376" oya="3" hai0="95,21,39,105,76,14,101,61,59,26,40,37,35" hai1="132,47,84,34,24,23,109,88,75,112,52,53,0" hai2="118,77,49,22,86,63,43,71,16,79,68,5,133" hai3="57,131,55,44,27,120,30,36,108,97,64,9,67"/><W72/><G72/><T121/><D105/><U110/><E112/><V111/><F118/><W116/><G116/><T122/><D35/><U41/><E0/><V29/><F5/><W3/><G120/><T10/><D76/><U81/><E75/><V123/><F123/><W126/><G126/><T8/><D121/><U54/><E34/><V4/><F4/><W38/><G131/><T113/><D122/><U70/><E70/><V127/><F127/><W13/><G3/><T25/><D113/><U106/><E106/><V12/><F71/><W31/><G108/><T90/><D101/><U56/><E132/><V99/><F111/><N who="1" m="42505" /><E41/><V91/><F133/><W19/><G97/><T69/><D69/><U18/><E47/><N who="2" m="25855" /><F29/><N who="3" m="10763" /><G36/><T74/><D37/><U98/><E98/><V117/><F68/><W134/><G134/><T48/><D74/><U115/><E115/><V6/><F99/><W2/><G2/><T83/><D39/><U46/><E46/><V124/><F124/><W104/><G104/><T119/><D83/><U33/><E33/><V107/><F107/><W42/><G27/><T102/><D119/><U125/><E125/><V87/><F117/><W135/><G135/><T66/><D26/><U58/><AGARI ba="3,0" hai="18,23,24,52,53,54,56,58,81,84,88" m="42505" machi="58" ten="40,5200,0" yaku="14,1,54,2" doraHai="92" who="1" fromWho="1" sc="59,-16,371,61,194,-16,376,-29" /><INIT seed="4,0,0,1,5,100" ten="43,432,178,347" oya="0" hai0="15,0,55,115,34,124,21,19,121,2,32,14,99" hai1="70,73,4,1,122,86,110,50,62,134,25,102,119" hai2="130,125,109,77,17,46,38,85,53,83,72,13,47" hai3="40,81,36,61,94,118,27,22,104,93,41,89,97"/><T64/><D99/><U79/><E50/><V105/><F109/><W92/><G118/><T39/><D121/><U5/><E86/><V106/><F130/><W82/><G104/><T23/><D39/><U10/><E5/><V71/><F71/><W68/><G68/><T120/><D64/><U11/><E11/><V60/><F125/><W90/><G36/><T108/><D55/><U58/><E58/><V80/><F38/><W42/><G61/><T117/><D117/><U126/><E110/><V30/><F30/><W74/><G74/><T6/><D108/><U66/><E134/><V129/><F129/><W37/><G37/><T29/><D124/><U48/><E48/><V91/><F47/><W35/><G35/><T103/><D103/><U95/><E95/><V9/><F60/><W135/><G135/><T59/><D59/><U8/><E8/><V84/><REACH who="2" step="1"/><F72/><REACH who="2" ten="43,432,168,347" step="2"/><W16/><REACH who="3" step="1"/><G92/><REACH who="3" ten="43,432,168,337" step="2"/><T101/><D120/><U112/><E122/><V31/><F31/><W52/><G52/><T113/><D29/><U24/><E70/><V132/><F132/><W75/><G75/><T33/><D101/><U87/><E62/><V18/><F18/><W20/><G20/><T57/><D57/><U111/><E102/><V98/><F98/><AGARI ba="0,2" hai="16,22,27,40,41,42,81,82,89,90,93,94,97,98" machi="98" ten="40,8000,1" yaku="1,1,9,1,8,1,54,1,53,0" doraHai="100" doraHaiUra="67" who="3" fromWho="2" sc="43,0,432,0,168,-80,337,100" /><INIT seed="5,0,0,3,3,5" ten="43,432,88,437" oya="1" hai0="93,128,38,112,10,69,24,3,64,104,91,28,16" hai1="131,75,48,25,33,50,100,54,78,119,73,88,135" hai2="86,65,122,114,6,51,94,110,77,21,32,121,9" hai3="129,14,35,27,76,132,68,49,0,42,123,17,92"/><U26/><E119/><V125/><F32/><W81/><G68/><T127/><D104/><U89/><E131/><V134/><F110/><W66/><G0/><T120/><D128/><U96/><E135/><V101/><F134/><W118/><G123/><T84/><D120/><U43/><E43/><V111/><F111/><W82/><G118/><T7/><D38/><U19/><E19/><V60/><F77/><W71/><G71/><T117/><D127/><U29/><E78/><V72/><F72/><W57/><G27/><T22/><D117/><U106/><E48/><V2/><F125/><W70/><G70/><T23/><D112/><U20/><E75/><V67/><F114/><W34/><G34/><T83/><D69/><U95/><E73/><V102/><F102/><W97/><G35/><T41/><D64/><U79/><E79/><V130/><F51/><W44/><G129/><T105/><D105/><U11/><E106/><V109/><F109/><W126/><G126/><T1/><D41/><U39/><E39/><V12/><F130/><W55/><G66/><N who="2" m="25097" /><F60/><N who="3" m="35903" /><G132/><T108/><D108/><U15/><E26/><V115/><F115/><W52/><G42/><T98/><D28/><U53/><E33/><V37/><F37/><W59/><G44/><T124/><D124/><U36/><E36/><V4/><F122/><W45/><G45/><T30/><D30/><U18/><E54/><V58/><F58/><AGARI ba="0,0" hai="11,15,18,20,25,29,50,53,58,88,89,95,96,100" machi="58" ten="30,11600,0" yaku="7,1,8,1,52,1,54,1" doraHai="5" who="1" fromWho="2" sc="43,0,432,116,88,-116,437,0" owari="43,-36.0,548,65.0,-28,-53.0,437,24.0" /></mjloggm>