<mjloggm ver="2.3"><GO type="41" lobby="0"/><UN n0="%E8%A1%8C%E9%9B%B2%E6%B5%81%E6%B0%B4" n1="%47%4F%47%4F%E3%83%9A%E3%82%AB%E3%83%83" n2="%E5%B0%B1%E6%B4%BB%E7%94%9F%40%E5%B7%9D%E6%9D%91%E8%BB%8D%E5%9B%A3" n3="%E3%81%8B%E3%81%95%E3%81%82%E3%82%8B%E3%81%8D" dan="13,14,18,14" rate="1846.24,1928.36,2207.06,1979.88" sx="F,M,M,M"/><TAIKYOKU oya="0"/><INIT seed="0,0,0,2,2,134" ten="250,250,250,250" oya="0" hai0="82,72,111,37,71,100,10,73,76,54,96,80,21" hai1="51,74,101,92,26,31,114,42,59,128,52,75,56" hai2="121,86,20,16,125,34,43,106,116,60,44,133,25" hai3="2,123,24,36,95,130,77,91,64,89,28,17,62"/><T6/><D71/><U33/><E114/><V69/><F133/><W49/><G36/><T81/><D37/><U12/><E128/><V40/><F121/><W48/><G130/><T108/><D54/><U22/><E42/><V58/><F106/><W79/><G2/><T15/><D21/><U46/><E33/><V35/><F116/><W115/><G115/><T127/><D127/><U38/><E12/><V70/><F125/><W124/><G124/><T1/><D1/><U0/><E0/><V68/><F86/><W7/><G7/><T27/><D27/><U41/><E59/><V78/><F78/><N who="3" m="29707" /><G28/><T23/><D23/><U102/><REACH who="1" step="1"/><E92/><REACH who="1" ten="250,240,250,250" step="2"/><V90/><F43/><W118/><G95/><T50/><D73/><AGARI ba="0,1" hai="22,26,31,38,41,46,51,52,56,73,74,75,101,102" machi="73" ten="40,5200,0" yaku="1,1,2,1,54,1,53,0" doraHai="134" doraHaiUra="30" who="1" fromWho="0" sc="250,-52,240,62,250,0,250,0" /><INIT seed="1,0,0,3,3,5" ten="198,302,250,250" oya="1" hai0="80,50,42,120,28,6,54,65,30,24,130,74,108" hai1="12,23,63,67,114,85,107,66,113,41,58,1,94" hai2="14,95,34,19,73,17,121,88,99,133,110,29,27" hai3="53,92,55,59,129,47,32,8,61,100,125,96,102"/><U10/><E107/><V97/><F121/><W105/><G125/><T72/><D120/><U77/><E1/><V81/><F110/><W60/><G32/><T86/><D108/><U18/><E41/><V13/><F133/><W68/><G68/><T104/><D65/><U76/><E114/><V70/><F70/><W4/><G129/><T31/><D104/><U117/><E117/><V25/><F25/><W101/><G105/><T39/><D130/><U48/><E113/><V22/><F73/><W93/><G93/><T106/><D106/><U115/><E115/><V16/><F81/><W127/><G127/><T20/><D42/><U84/><E48/><V38/><F38/><W21/><G21/><T116/><D39/><U69/><E69/><V103/><REACH who="2" step="1"/><F14/><REACH who="2" ten="198,302,240,250" step="2"/><W90/><G102/><T91/><D116/><U122/><E122/><V2/><F2/><W131/><G101/><T11/><D74/><U62/><E23/><V51/><F51/><W7/><G100/><T33/><D72/><U132/><E132/><V134/><F134/><W79/><G131/><T128/><D128/><U119/><E119/><V26/><F26/><W15/><G15/><N who="0" m="5623" /><D33/><U3/><E3/><V135/><F135/><W35/><G35/><T49/><D49/><U78/><E94/><AGARI ba="0,1" hai="13,16,17,19,22,27,29,34,88,94,95,97,99,103" machi="94" ten="30,7700,0" yaku="1,1,7,1,54,2,53,0" doraHai="5" doraHaiUra="37" who="2" fromWho="1" sc="198,0,302,-77,240,87,250,0" /><INIT seed="2,0,0,2,4,48" ten="198,225,327,250" oya="2" hai0="63,98,53,46,54,43,76,129,106,81,8,25,75" hai1="20,44,120,86,130,87,82,47,68,80,110,100,40" hai2="26,84,64,133,122,60,61,59,33,92,37,121,96" hai3="94,67,127,10,95,124,125,11,18,88,21,79,119"/><V72/><F72/><W128/><G119/><T69/><D129/><U118/><E118/><V66/><F37/><W101/><G128/><T65/><D8/><U97/><E68/><V134/><F33/><W52/><G67/><T39/><D25/><U4/><E130/><V109/><F26/><N who="3" m="14647" /><G79/><T9/><D9/><U90/><E120/><N who="2" m="46187" /><F84/><N who="3" m="52487" /><G101/><T13/><REACH who="0" step="1"/><D13/><REACH who="0" ten="188,225,327,250" step="2"/><U112/><E4/><V15/><F15/><W55/><G95/><T45/><D45/><U3/><E20/><V103/><F109/><W51/><G11/><T24/><D24/><U30/><E110/><V1/><F1/><W31/><G10/><T70/><D70/><U83/><E3/><V104/><F104/><W117/><G117/><T5/><D5/><U78/><E47/><V58/><F92/><W77/><G31/><T132/><D132/><N who="2" m="50794" /><F103/><AGARI ba="0,1" hai="39,43,46,53,54,63,65,69,75,76,81,98,103,106" machi="103" ten="40,5200,0" yaku="1,1,52,2,53,0" doraHai="48" doraHaiUra="14" who="0" fromWho="2" sc="188,62,225,0,327,-52,250,0" /><INIT seed="3,0,0,0,0,74" ten="250,225,275,250" oya="3" hai0="16,1,90,89,77,127,5,91,92,32,78,115,25" hai1="76,62,121,57,61,124,66,11,52,120,31,64,19" hai2="20,109,35,46,63,29,22,43,6,73,100,131,79" hai3="129,126,130,84,97,102,133,3,38,41,72,23,67"/><W2/><G72/><T132/><D132/><U86/><E124/><V99/><F131/><N who="3" m="50187" /><G126/><T36/><D127/><U68/><E31/><V75/><F109/><W65/><G133/><T128/><D36/><U21/><E11/><V82/><F73/><W60/><G84/><T8/><D128/><U85/><E85/><V93/><F6/><W105/><G23/><T54/><D115/><U17/><E17/><V30/><F63/><W55/><G55/><T123/><D54/><U44/><E44/><V117/><F117/><W69/><G65/><T58/><D58/><U53/><E121/><V39/><REACH who="2" step="1"/><F30/><REACH who="2" ten="250,225,265,250" step="2"/><W59/><G69/><T71/><D71/><U134/><E134/><V113/><F113/><W42/><G38/><T18/><D123/><U12/><REACH who="1" step="1"/><E120/><REACH who="1" ten="250,215,265,250" step="2"/><V81/><F81/><AGARI ba="0,2" hai="12,19,21,52,53,57,61,62,64,66,68,76,81,86" machi="81" ten="40,8000,1" yaku="1,1,2,1,52,1,54,1,53,0" doraHai="74" doraHaiUra="37" who="1" fromWho="2" sc="250,0,215,100,265,-80,250,0" /><INIT seed="4,0,0,5,3,55" ten="250,315,185,250" oya="0" hai0="123,99,16,130,49,17,47,82,87,53,135,48,32" hai1="58,134,30,70,98,71,113,42,73,97,64,11,54" hai2="35,34,109,15,112,14,24,90,69,12,28,115,10" hai3="45,8,122,93,77,124,111,62,2,79,26,84,117"/><T74/><D74/><U67/><E73/><V29/><F69/><W4/><G111/><T119/><D123/><U114/><E30/><V0/><F90/><W59/><G117/><T110/><D119/><U133/><E42/><V3/><F109/><W81/><G122/><T128/><D32/><N who="2" m="12330" /><F10/><W38/><G124/><T125/><D110/><U104/><E11/><V40/><F40/><W46/><G38/><T19/><D125/><U96/><E104/><V37/><F37/><W25/><G77/><T51/><D135/><N who="1" m="51723" /><E71/><V92/><F92/><W23/><G93/><T131/><D99/><U76/><E76/><AGARI ba="0,0" hai="16,17,19,47,48,49,51,53,76,82,87,128,130,131" machi="76" ten="50,4800,0" yaku="19,1,54,1" doraHai="55" who="0" fromWho="1" sc="250,48,315,-48,185,0,250,0" /><INIT seed="4,1,0,5,5,78" ten="298,267,185,250" oya="0" hai0="90,85,31,102,108,46,28,65,89,91,11,121,110" hai1="120,58,32,87,75,25,52,70,115,30,40,81,57" hai2="88,27,62,84,6,38,54,100,48,79,97,131,18" hai3="124,5,67,114,10,2,16,112,68,113,60,101,132"/><T80/><D121/><U22/><E120/><V43/><F131/><W98/><G124/><T122/><D122/><U133/><E70/><V93/><F6/><W74/><G74/><T19/><D65/><U35/><E75/><V29/><F38/><W21/><G132/><T53/><D102/><U96/><E133/><V45/><F18/><W107/><REACH who="3" step="1"/><G114/><REACH who="3" ten="298,267,185,240" step="2"/><T41/><D110/><U23/><E115/><V104/><F79/><W12/><AGARI ba="1,1" hai="2,5,10,12,16,21,60,67,68,98,101,107,112,113" machi="12" ten="30,7900,0" yaku="1,1,2,1,0,1,54,1,53,0" doraHai="78" doraHaiUra="86" who="3" fromWho="3" sc="298,-40,267,-21,185,-21,240,92" /><INIT seed="5,0,0,3,1,102" ten="258,246,164,332" oya="1" hai0="89,122,24,37,57,23,125,48,28,88,55,68,99" hai1="64,25,86,46,76,65,13,128,15,39,75,129,85" hai2="7,49,98,63,56,84,66,36,6,80,26,115,134" hai3="113,45,131,109,61,71,120,130,105,133,101,93,32"/><U43/><E75/><V126/><F36/><W83/><G109/><T59/><D68/><U16/><E15/><V5/><F115/><W12/><G120/><T127/><D122/><U3/><E25/><V94/><F126/><N who="0" m="48138" /><D37/><U21/><E3/><V8/><F134/><W52/><G133/><T74/><D74/><U44/><E44/><V34/><F34/><W51/><G32/><T40/><D40/><U35/><E35/><V38/><F38/><W104/><G113/><T53/><D99/><U78/><E86/><V111/><F111/><W117/><G117/><T50/><AGARI ba="0,0" hai="23,24,28,48,50,53,55,57,59,88,89" m="48138" machi="50" ten="30,2000,0" yaku="18,1,54,1" doraHai="102" who="0" fromWho="0" sc="258,20,246,-10,164,-5,332,-5" /><INIT seed="6,0,0,4,5,33" ten="278,236,159,327" oya="2" hai0="120,109,123,106,27,52,10,5,89,54,82,66,111" hai1="2,100,135,93,112,30,105,36,78,69,44,97,131" hai2="87,127,103,9,68,25,121,95,132,133,49,90,55" hai3="86,57,17,60,31,81,84,75,94,8,134,124,71"/><V85/><F121/><N who="0" m="46666" /><D106/><U38/><E93/><V74/><F74/><W92/><G71/><T40/><D27/><U110/><E44/><V73/><F73/><W47/><G134/><N who="2" m="51817" /><F68/><W21/><G124/><T88/><D82/><U1/><E135/><V58/><F127/><W24/><G75/><T46/><D66/><U119/><E78/><V104/><F25/><W61/><G47/><T50/><D10/><U20/><E110/><N who="0" m="41993" /><D5/><U63/><E20/><V98/><F9/><W11/><G8/><T64/><D46/><U35/><E131/><V70/><F70/><W102/><G11/><T14/><D64/><N who="1" m="41119" /><E119/><V16/><F16/><W23/><G17/><T32/><D14/><U126/><E112/><V99/><AGARI ba="0,0" hai="49,55,58,85,87,90,95,98,99,103,104" m="51817" machi="99" ten="30,1500,0" yaku="20,1" doraHai="33" who="2" fromWho="2" sc="278,-5,236,-5,159,15,327,-5" /><INIT seed="6,1,0,3,0,129" ten="273,231,174,322" oya="2" hai0="65,58,68,52,63,69,34,128,106,44,56,15,82" hai1="127,2,123,93,31,94,14,61,118,116,67,62,6" hai2="87,66,9,22,60,72,11,20,49,112,85,48,4" hai3="51,111,41,74,13,78,130,64,16,81,120,77,134"/><V35/><F72/><W131/><G111/><T33/><D106/><U133/><E2/><V42/><F35/><W75/><G120/><T109/><D82/><U71/><E123/><V98/><F112/><W12/><G64/><T47/><D15/><U90/><E31/><V108/><F108/><W110/><G110/><T38/><D33/><U45/><E127/><V8/><F4/><W103/><G103/><T83/><D34/><U70/><E45/><N who="0" m="17481" /><D83/><U117/><E90/><V30/><F42/><W100/><G12/><T23/><D23/><N who="2" m="8746" /><F30/><W32/><G100/><T29/><D29/><U18/><E6/><V24/><F24/><W105/><G32/><T122/><D128/><U53/><E53/><V26/><F26/><W21/><G105/><T135/><D122/><U0/><E0/><V101/><F101/><W59/><G75/><T73/><D73/><U80/><E14/><V40/><F98/><W96/><G96/><T99/><D99/><U76/><E18/><V50/><F40/><W39/><G78/><T115/><D109/><U1/><E1/><V119/><F119/><W107/><G107/><T102/><D102/><U126/><E126/><V7/><F7/><W55/><G39/><T17/><D17/><U28/><E28/><V125/><F125/><W104/><G41/><T3/><D3/><U43/><E43/><V132/><F132/><W114/><G104/><T79/><D135/><U10/><E133/><V113/><F113/><W124/><G134/><T95/><D115/><U88/><E76/><V54/><F54/><W92/><G114/><T97/><D79/><RYUUKYOKU ba="1,0" sc="273,-10,231,-10,174,30,322,-10" hai2="8,9,11,48,49,50,60,66,85,87" /><INIT seed="6,2,0,0,3,9" ten="263,221,204,312" oya="2" hai0="24,33,39,71,21,97,91,56,83,117,69,25,104" hai1="62,0,40,116,35,78,60,110,20,123,111,19,131" hai2="82,27,105,130,13,109,92,12,48,22,41,135,5" hai3="17,34,108,55,26,75,101,88,89,99,120,81,52"/><V45/><F105/><W93/><G108/><T134/><D39/><U47/><E35/><V98/><F109/><W133/><G120/><T121/><D121/><U119/><E123/><V118/><F118/><W96/><G133/><T11/><D117/><U124/><E0/><V86/><F135/><W53/><G75/><T77/><D134/><U128/><E78/><N who="2" m="46423" /><F5/><W66/><G81/><T31/><D11/><U14/><E124/><V94/><F130/><N who="1" m="49705" /><E119/><V61/><F61/><N who="1" m="23657" /><E116/><V16/><F94/><N who="3" m="56391" /><G34/><T127/><D127/><U115/><E115/><V72/><F72/><W64/><G101/><AGARI ba="2,0" hai="12,13,16,22,27,41,45,48,92,98,101" m="46423" machi="101" ten="30,11600,0" yaku="8,1,52,2,54,1" doraHai="9" who="2" fromWho="3" sc="263,0,221,0,204,122,312,-122" /><INIT seed="6,3,0,3,1,49" ten="263,221,326,190" oya="2" hai0="132,56,102,39,106,66,61,47,34,65,27,58,5" hai1="44,29,122,20,89,62,99,6,51,107,52,79,95" hai2="19,133,97,75,115,125,14,72,46,109,54,23,31" hai3="64,25,100,36,77,129,63,68,88,28,124,32,4"/><V113/><F109/><W33/><G33/><T43/><D132/><U50/><E107/><V105/><F31/><W117/><G117/><T127/><D5/><U40/><E62/><V83/><F133/><W91/><G36/><T16/><D127/><U92/><E122/><V9/><F83/><W45/><G124/><T126/><D126/><U71/><E71/><V55/><F125/><W60/><G129/><T69/><D66/><U78/><E6/><V10/><F46/><W123/><G123/><T26/><D26/><N who="1" m="16583" /><E95/><V48/><F48/><W104/><G77/><N who="1" m="29194" /><E51/><V130/><F130/><W112/><G112/><N who="2" m="43081" /><F97/><W103/><G4/><T2/><D2/><U110/><E110/><V96/><F96/><N who="3" m="61447" /><G103/><T21/><D34/><U80/><E80/><V7/><F105/><W108/><G108/><T114/><D114/><U86/><E99/><V93/><F93/><W74/><G74/><N who="2" m="28201" /><F10/><W85/><G45/><T38/><D38/><U53/><AGARI ba="3,0" hai="40,44,50,52,53,86,89,92" m="29194,16583" machi="53" ten="30,7900,0" yaku="8,1,52,2,54,1" doraHai="49" who="1" fromWho="1" sc="263,-23,221,88,326,-42,190,-23" /><INIT seed="7,0,0,0,2,62" ten="240,309,284,167" oya="3" hai0="64,23,24,92,40,76,49,84,130,134,10,89,95" hai1="60,21,126,129,5,18,90,71,46,85,122,51,131" hai2="28,127,31,61,59,58,73,105,13,72,110,74,86" hai3="36,108,52,80,22,8,56,69,124,120,123,53,97"/><W106/><G69/><T113/><D134/><U112/><E5/><V132/><F110/><W35/><G35/><T26/><D130/><U44/><E126/><V109/><F109/><W115/><G36/><T37/><D76/><U99/><E99/><V50/><F105/><W6/><G108/><T121/><D37/><U25/><E122/><V94/><F132/><W103/><G123/><T68/><D121/><U47/><E112/><V20/><F127/><W83/><G120/><T57/><D68/><U114/><E114/><V67/><F94/><W70/><G115/><T34/><D10/><U15/><E25/><V88/><F58/><W104/><G70/><T81/><D26/><U63/><E51/><V118/><F118/><W102/><G124/><T111/><D34/><U98/><E98/><V75/><F75/><W133/><G133/><T101/><D101/><U41/><E41/><V0/><F0/><W91/><G22/><T7/><D7/><U54/><E54/><V65/><F50/><W45/><G45/><N who="0" m="25767" /><D113/><U66/><REACH who="1" step="1"/><E63/><REACH who="1" ten="240,299,284,167" step="2"/><V38/><F61/><N who="3" m="35975" /><G53/><T125/><D125/><U29/><E29/><V128/><F128/><W93/><G104/><T135/><D135/><U117/><E117/><V78/><F38/><W55/><G55/><T4/><D4/><U33/><E33/><V79/><F28/><W27/><G27/><T42/><D42/><U39/><E39/><V17/><F31/><W96/><G103/><T30/><D111/><U1/><E1/><V107/><F107/><W100/><G100/><T11/><D11/><U116/><E116/><V16/><F20/><RYUUKYOKU ba="0,1" sc="240,10,299,10,284,-30,167,10" hai0="23,24,30,57,64,81,84,89,92,95" hai1="15,18,21,44,46,47,60,66,71,85,90,129,131" hai3="6,8,80,83,91,93,96,97,102,106" /><INIT seed="7,1,1,3,2,48" ten="250,309,254,177" oya="3" hai0="120,107,46,126,39,75,56,93,96,44,1,102,35" hai1="55,36,8,19,54,111,57,108,123,40,92,128,26" hai2="115,14,41,63,20,94,98,130,23,32,104,117,67" hai3="106,91,13,43,51,47,79,127,78,50,71,88,125"/><W68/><G106/><T103/><D120/><U11/><E123/><V101/><F32/><W133/><G13/><T9/><D126/><N who="3" m="48137" /><G133/><T27/><D56/><U59/><E40/><V64/><F115/><W85/><G51/><T17/><D75/><U58/><E36/><V15/><F117/><W30/><G30/><T7/><D39/><U74/><E74/><V122/><F122/><W110/><G110/><T66/><D66/><U10/><E128/><V70/><F67/><W73/><G73/><T25/><D35/><U3/><E3/><V112/><F112/><W90/><G85/><T52/><D46/><U65/><E65/><V131/><F41/><W80/><G80/><T119/><D119/><U86/><E111/><V0/><F0/><W83/><G83/><T38/><D38/><U118/><E108/><V95/><F15/><W12/><G12/><N who="0" m="5183" /><D107/><U72/><E72/><V82/><F82/><W6/><G6/><T121/><D121/><U132/><E132/><V29/><F29/><W100/><G100/><N who="0" m="60431" /><D1/><U31/><E31/><V16/><F23/><W62/><G62/><T42/><D42/><U2/><E118/><V60/><F63/><W5/><G5/><T87/><D87/><U99/><E86/><V77/><F77/><AGARI ba="1,1" hai="43,47,50,68,71,77,78,79,88,90,91" m="48137" machi="77" ten="30,2900,0" yaku="18,1,54,1" doraHai="48" who="3" fromWho="2" sc="250,0,309,0,254,-32,177,42" /><INIT seed="7,2,0,2,2,14" ten="250,309,222,219" oya="3" hai0="40,79,67,64,15,62,46,41,107,0,80,8,117" hai1="66,116,85,82,4,65,132,89,83,70,10,28,95" hai2="120,101,7,69,81,97,98,1,55,9,121,33,75" hai3="43,125,68,108,22,110,34,61,119,131,49,44,96"/><W123/><G34/><T57/><D117/><U50/><E132/><V124/><F69/><W135/><G119/><T115/><D107/><U112/><E28/><V21/><F124/><W84/><G123/><N who="2" m="47177" /><F33/><W42/><G125/><T35/><D35/><U134/><E134/><V60/><F21/><W5/><G135/><T114/><D0/><U102/><E112/><N who="0" m="43049" /><D67/><U133/><E116/><V73/><F81/><W20/><G131/><T54/><D64/><U52/><E83/><V71/><F71/><W87/><G42/><T24/><D24/><U72/><E70/><V127/><F127/><W16/><G5/><T53/><D41/><U92/><E92/><N who="2" m="58535" /><F98/><W39/><G39/><N who="0" m="21791" /><D53/><U130/><E130/><V19/><F19/><W48/><G96/><T78/><D80/><U99/><E133/><V18/><F18/><AGARI ba="2,0" hai="8,15,18,54,57,62,78,79" m="21791,43049" machi="18" ten="30,3900,0" yaku="15,1,11,1,52,1" doraHai="14" who="0" fromWho="2" sc="250,45,309,0,222,-45,219,0" owari="295,10.0,309,40.0,177,-32.0,219,-18.0" /></mjloggm>