<mjloggm ver="2.3"><GO type="169" lobby="0"/><UN n0="%E3%81%86%E3%81%8D%E3%81%A7%E3%82%93" n1="%E3%81%84%E3%81%AC%E3%81%98%E3%82%83%E3%82%89%EF%BC%94" n2="%64%61%72%74%65%72" n3="%E3%82%A6%E3%83%AB%E3%83%88%E3%83%A9%E7%AB%8B%E7%9B%B4" dan="17,19,18,17" rate="2178.19,2263.35,2226.38,2215.53" sx="M,M,M,M"/><TAIKYOKU oya="0"/><INIT seed="0,0,0,2,0,22" ten="250,250,250,250" oya="0" hai0="33,90,124,74,117,7,116,82,10,96,114,40,120" hai1="11,128,13,46,93,78,81,85,55,56,115,32,71" hai2="30,80,95,105,51,87,91,65,15,60,66,109,53" hai3="48,23,17,39,31,133,68,58,26,122,49,102,79"/><T45/><D114/><U20/><E71/><V38/><F38/><W101/><G68/><T5/><D120/><U127/><E32/><V28/><F105/><W129/><G39/><T118/><D124/><U123/><E123/><V61/><F109/><W0/><G0/><T99/><D33/><U6/><E127/><V50/><F15/><W119/><G119/><T42/><D7/><U12/><E115/><V4/><F4/><W14/><G129/><T1/><D42/><U132/><E128/><V54/><F95/><W104/><G133/><T57/><D57/><U103/><E132/><V34/><F34/><W77/><G122/><T108/><D108/><U112/><E112/><V27/><F87/><W121/><G121/><T62/><D62/><U100/><E46/><V36/><F36/><W63/><G49/><T52/><D52/><U97/><E20/><V86/><F86/><W21/><G48/><T98/><D90/><N who="1" m="55479" /><E12/><V110/><F91/><W8/><G8/><T47/><REACH who="0" step="1"/><D40/><REACH who="0" ten="240,250,250,250" step="2"/><U67/><E67/><V107/><F110/><W29/><G29/><T73/><D73/><U84/><E55/><V25/><F54/><W92/><G58/><T125/><D125/><U135/><E135/><V69/><F53/><W106/><G63/><T24/><D24/><U64/><E64/><V130/><F130/><W83/><G26/><T16/><D16/><U94/><E56/><V18/><F18/><W44/><G17/><T3/><D3/><U9/><E6/><V70/><F69/><W2/><G2/><T43/><D43/><U75/><E75/><V59/><F70/><RYUUKYOKU ba="0,1" sc="240,30,250,-10,250,-10,250,-10" hai0="1,5,10,45,47,74,82,96,98,99,116,117,118" /><INIT seed="0,1,1,5,2,104" ten="270,240,240,240" oya="0" hai0="85,122,105,73,51,83,50,18,1,6,3,88,46" hai1="39,35,96,61,17,125,67,76,93,33,60,103,126" hai2="72,52,2,94,34,26,20,36,107,23,113,12,56" hai3="110,53,9,66,90,133,112,135,118,43,28,119,108"/><T129/><D122/><U106/><E39/><V38/><F107/><W37/><G28/><T84/><D129/><U63/><E67/><V82/><F2/><W115/><G90/><T127/><D127/><N who="1" m="48651" /><E76/><V114/><F34/><N who="1" m="12809" /><E17/><V45/><F38/><W134/><G9/><T123/><D123/><U10/><E10/><V15/><F113/><N who="3" m="43595" /><G66/><T30/><D105/><AGARI ba="1,1" hai="60,61,63,93,96,103,105,106" m="12809,48651" machi="105" ten="40,1300,0" yaku="18,1" doraHai="104" who="1" fromWho="0" sc="270,-16,240,26,240,0,240,0" /><INIT seed="1,0,0,5,1,117" ten="254,266,240,240" oya="1" hai0="14,39,83,101,54,30,51,92,133,88,42,126,115" hai1="43,122,104,23,61,19,29,24,106,62,109,68,103" hai2="3,21,135,134,132,85,87,120,111,25,45,33,4" hai3="105,64,27,41,130,76,97,31,69,57,9,91,86"/><U112/><E112/><V77/><F111/><W47/><G130/><T93/><D115/><U36/><E109/><V56/><F33/><W74/><G74/><T114/><D114/><U44/><E122/><V11/><F120/><W96/><G76/><T15/><D126/><U63/><E68/><V94/><F77/><W127/><G127/><T52/><D133/><U131/><E131/><V108/><F108/><W32/><G69/><T82/><D30/><U16/><REACH who="1" step="1"/><E103/><REACH who="1" ten="254,256,240,240" step="2"/><V81/><F135/><W2/><G105/><AGARI ba="0,1" hai="16,19,23,24,29,36,43,44,61,62,63,104,105,106" machi="105" ten="40,12000,1" yaku="1,1,2,1,54,1,53,2" doraHai="117" doraHaiUra="12" who="1" fromWho="3" sc="254,0,256,130,240,0,240,-120" /><INIT seed="1,1,0,5,3,99" ten="254,386,240,120" oya="1" hai0="34,101,49,25,104,39,103,129,127,112,134,48,74" hai1="130,4,124,42,107,122,55,93,61,128,73,116,114" hai2="40,0,89,14,23,21,76,10,98,111,65,79,56" hai3="9,31,86,92,37,6,67,81,68,109,131,59,75"/><U16/><E116/><V46/><F111/><W26/><G37/><T38/><D112/><U19/><E122/><V123/><F0/><W28/><G131/><T8/><D74/><U132/><E114/><V53/><F65/><W20/><G109/><T58/><D129/><N who="1" m="49771" /><E107/><V80/><F123/><W52/><G75/><T133/><D8/><U13/><E73/><V113/><F113/><W84/><G68/><T70/><D70/><U41/><E124/><V60/><F79/><W97/><G67/><T110/><D110/><U72/><E72/><V18/><F76/><W2/><G31/><N who="0" m="19823" /><D104/><U7/><E132/><N who="0" m="50793" /><D127/><U82/><E82/><V44/><F80/><W106/><G81/><T87/><D87/><U115/><E93/><N who="2" m="56623" /><F40/><N who="1" m="15465" /><E115/><V22/><AGARI ba="1,0" hai="10,14,18,21,22,23,44,46,53,56,60" m="56623" machi="22" ten="30,1100,0" yaku="8,1" doraHai="99" who="2" fromWho="2" sc="254,-4,386,-6,240,14,120,-4" /><INIT seed="2,0,0,1,3,93" ten="250,380,254,116" oya="2" hai0="55,87,59,76,99,15,98,100,70,18,28,94,84" hai1="16,105,37,116,126,26,10,25,111,50,39,74,60" hai2="96,43,131,75,122,68,51,41,42,106,119,82,90" hai3="77,72,65,45,58,101,112,135,5,36,49,30,2"/><V81/><F122/><W22/><G135/><T109/><D109/><U47/><E116/><V13/><F119/><W132/><G112/><T53/><D70/><U114/><E114/><V21/><F68/><W20/><G132/><T33/><BYE who="3" /><D76/><UN n3="%E3%82%A6%E3%83%AB%E3%83%88%E3%83%A9%E7%AB%8B%E7%9B%B4" /><U79/><E111/><V23/><F131/><W86/><G72/><T32/><D53/><U120/><E105/><V66/><F66/><W73/><G73/><T89/><D28/><U117/><E117/><V129/><F129/><W71/><G36/><T121/><D121/><U104/><E104/><V17/><F75/><W40/><G71/><T133/><D133/><U110/><E110/><V7/><F7/><W113/><G113/><T4/><D4/><U9/><E126/><V88/><F23/><W1/><G1/><T91/><D33/><U95/><E60/><V123/><F123/><W44/><G44/><T8/><D100/><U134/><E134/><V64/><F64/><W118/><G118/><T67/><D67/><U11/><E95/><N who="2" m="56423" /><F106/><W130/><G130/><T69/><D32/><U3/><E3/><V127/><F127/><W31/><G2/><T78/><D69/><U34/><E120/><V61/><F61/><N who="3" m="38071" /><G5/><T29/><D29/><N who="3" m="10761" /><G101/><T57/><D8/><U107/><E107/><V103/><F103/><W46/><G46/><T128/><D128/><U52/><E34/><V108/><F108/><W102/><G102/><T62/><D59/><U24/><E16/><V54/><F90/><W125/><G125/><T85/><D91/><U115/><E115/><V0/><F0/><W19/><G19/><T92/><D18/><RYUUKYOKU ba="0,0" sc="250,-30,380,10,254,10,116,10" hai1="9,10,11,24,25,26,37,39,47,50,52,74,79" hai2="13,17,21,41,42,43,51,54,81,82" hai3="20,22,40,45,49,77,86" /><INIT seed="2,1,0,3,3,98" ten="220,390,264,126" oya="2" hai0="81,90,51,50,64,38,123,11,124,13,10,30,69" hai1="96,118,18,55,28,72,29,65,43,110,84,120,9" hai2="25,115,54,80,87,83,133,127,48,97,24,33,44" hai3="73,60,66,5,105,37,3,99,82,49,23,16,88"/><V114/><F133/><W100/><G37/><T94/><D123/><U8/><E118/><V52/><F127/><W35/><G35/><T102/><D38/><U27/><E72/><V0/><F0/><W117/><G117/><T26/><D124/><U42/><E120/><V21/><F33/><W63/><G3/><T79/><D69/><U103/><E110/><V104/><F54/><W119/><G5/><T68/><D68/><U134/><E65/><V85/><F104/><W78/><G119/><T20/><D64/><U132/><E84/><V113/><F97/><W36/><G36/><T116/><D102/><U57/><E134/><V131/><F131/><W4/><G4/><T61/><D61/><U128/><E128/><V130/><F130/><W32/><G32/><T56/><D56/><U58/><E58/><V77/><REACH who="2" step="1"/><F21/><REACH who="2" ten="220,390,254,126" step="2"/><W71/><G63/><T6/><D116/><U67/><E96/><V1/><F1/><W14/><G49/><T2/><D2/><U86/><E55/><V106/><F106/><W92/><REACH who="3" step="1"/><G105/><REACH who="3" ten="220,390,254,116" step="2"/><T19/><D11/><U95/><E8/><V53/><F53/><W41/><G41/><T46/><D10/><U59/><E43/><V109/><F109/><W135/><G135/><T91/><D20/><U75/><E42/><V62/><F62/><W22/><G22/><T122/><D51/><U17/><E9/><V45/><F45/><W7/><G7/><T111/><D50/><U74/><E132/><V47/><F47/><W112/><G112/><T76/><D46/><U40/><E40/><V129/><F129/><W12/><G12/><RYUUKYOKU ba="1,2" sc="220,-15,390,-15,254,15,116,15" hai2="24,25,44,48,52,77,80,83,85,87,113,114,115" hai3="14,16,23,60,66,71,73,78,82,88,92,99,100" /><INIT seed="2,2,2,5,2,7" ten="205,375,269,131" oya="2" hai0="18,132,116,25,62,79,110,109,108,114,126,2,29" hai1="50,5,111,41,104,130,69,95,44,134,115,70,71" hai2="17,30,112,67,26,51,122,91,78,82,63,16,28" hai3="48,11,34,22,88,107,101,40,0,14,128,121,3"/><V102/><F122/><W73/><G121/><T59/><D114/><U81/><E104/><V21/><F112/><W60/><G34/><N who="0" m="20783" /><D126/><U12/><E115/><V46/><F91/><W103/><G73/><T89/><D132/><U64/><E111/><V39/><F102/><W98/><G128/><T87/><D2/><U100/><E130/><V53/><F39/><W84/><G103/><T23/><D79/><U55/><E134/><V120/><F17/><W31/><G60/><T76/><D76/><U8/><E81/><V99/><F99/><W15/><G40/><T117/><D23/><U93/><E100/><V38/><F38/><W58/><G58/><T133/><D18/><U80/><E64/><V135/><F120/><W131/><G48/><T6/><D6/><U86/><REACH who="1" step="1"/><E55/><REACH who="1" ten="205,365,269,131" step="2"/><V13/><F135/><W10/><G131/><T68/><D133/><U42/><E42/><V85/><REACH who="2" step="1"/><F26/><REACH who="2" ten="205,365,259,131" step="2"/><W61/><G101/><T32/><D110/><U77/><AGARI ba="2,4" hai="5,8,12,41,44,50,69,70,71,77,80,86,93,95" machi="77" ten="30,8000,1" yaku="1,1,0,1,25,2,52,1,53,0" doraHai="7" doraHaiUra="57" who="1" fromWho="1" sc="205,-22,365,126,259,-42,131,-22" /><INIT seed="3,0,0,0,5,129" ten="183,491,217,109" oya="3" hai0="114,26,103,36,76,59,53,73,8,130,22,107,126" hai1="110,82,104,55,16,80,99,87,63,10,27,132,20" hai2="118,48,47,67,128,109,101,92,39,40,49,12,23" hai3="35,14,31,135,21,112,81,66,115,51,2,34,44"/><W91/><G2/><T46/><D130/><U84/><E132/><V13/><F118/><W106/><G106/><T96/><D126/><U95/><E104/><V111/><F67/><W56/><G135/><T9/><D114/><U29/><E110/><N who="2" m="41995" /><F128/><W75/><G34/><T133/><D133/><U100/><E10/><V102/><F92/><W19/><G35/><T32/><D32/><U98/><E98/><V93/><F93/><W89/><G31/><T62/><D76/><U69/><E29/><V125/><F125/><W124/><G124/><T61/><D61/><U86/><E69/><V18/><F13/><W28/><G28/><T42/><REACH who="0" step="1"/><D73/><REACH who="0" ten="173,491,217,109" step="2"/><U78/><E78/><V7/><F7/><W122/><G115/><T70/><D70/><U88/><E82/><V85/><F85/><W54/><G112/><T25/><D25/><U50/><E63/><V65/><F65/><W17/><G75/><T108/><D108/><U123/><E123/><V113/><F113/><W90/><G122/><T119/><D119/><U71/><E71/><V3/><F3/><W64/><G81/><T83/><D83/><U74/><E74/><V38/><F38/><W52/><REACH who="3" step="1"/><G17/><AGARI ba="0,1" hai="8,9,17,22,26,36,42,46,53,59,62,96,103,107" machi="17" ten="30,3900,0" yaku="1,1,7,1,53,1" doraHai="129" doraHaiUra="41" who="0" fromWho="3" sc="173,49,491,0,217,0,109,-39" /><INIT seed="4,0,0,3,0,15" ten="222,491,217,70" oya="0" hai0="98,11,130,18,112,71,40,101,67,126,32,84,93" hai1="19,63,17,64,5,76,95,21,6,133,99,9,50" hai2="29,57,51,59,10,30,62,83,100,117,16,96,129" hai3="2,34,56,125,77,116,26,61,42,119,1,85,8"/><T91/><D112/><U12/><E76/><V65/><F129/><W111/><G42/><T53/><D130/><U46/><E133/><V75/><F117/><W103/><G103/><T45/><D32/><U134/><E134/><V22/><F10/><W135/><G135/><T37/><D126/><U58/><E21/><V60/><F51/><W81/><G125/><T122/><D122/><U127/><E5/><V68/><F83/><W72/><G111/><T39/><D53/><N who="1" m="29911" /><E127/><V43/><F43/><W28/><G72/><T38/><D67/><U54/><E54/><V69/><F75/><W79/><G79/><T109/><D71/><U82/><E82/><V33/><F33/><W20/><G34/><T105/><REACH who="0" step="1"/><D109/><REACH who="0" ten="212,491,217,70" step="2"/><U123/><E123/><V120/><F120/><W88/><G119/><T110/><D110/><U74/><E74/><V52/><F69/><W41/><G116/><T27/><D27/><U7/><E7/><V132/><F68/><W131/><G131/><T107/><D107/><U47/><E47/><V14/><F132/><W70/><G70/><T124/><D124/><U24/><E24/><V113/><F113/><W106/><G106/><AGARI ba="0,1" hai="14,16,22,29,30,52,57,59,60,62,65,96,100,106" machi="106" ten="30,7700,0" yaku="7,1,52,1,54,2" doraHai="15" who="2" fromWho="3" sc="212,0,491,0,217,87,70,-77" owari="212,-19.0,491,60.0,304,10.0,-7,-51.0" /></mjloggm>