<mjloggm ver="2.3"><GO type="169" lobby="0"/><UN n0="%6D%6F%65%2E%6E" n1="%6A%75%6E%6F%6E" n2="%E3%82%A6%E3%83%AB%E3%83%88%E3%83%A9%E7%AB%8B%E7%9B%B4" n3="%E9%96%A2%E4%B8%83%E6%B5%B7" dan="16,17,17,17" rate="2119.86,2178.84,2158.42,2196.71" sx="F,M,M,M"/><TAIKYOKU oya="0"/><INIT seed="0,0,0,2,3,121" ten="250,250,250,250" oya="0" hai0="7,96,38,65,135,39,42,12,3,5,129,2,90" hai1="60,63,58,8,82,11,93,115,132,124,37,112,20" hai2="41,101,131,79,97,18,100,117,46,40,27,67,54" hai3="126,36,29,22,92,55,45,72,53,77,49,71,6"/><T30/><D129/><U118/><E118/><V110/><F131/><W113/><G113/><N who="1" m="43594" /><E132/><V19/><F67/><W4/><G71/><T44/><D39/><U106/><E106/><V24/><F79/><W78/><G36/><T95/><D135/><U76/><E124/><V23/><F54/><W111/><G92/><T130/><D130/><U70/><E70/><V75/><F46/><W56/><G126/><T94/><D65/><U28/><E60/><V33/><F23/><W43/><G43/><T80/><D30/><U74/><E93/><V50/><F50/><W133/><G133/><T114/><D114/><U47/><E28/><V99/><F75/><W34/><G34/><T73/><D94/><U13/><E20/><V21/><F21/><W81/><G77/><T83/><D73/><U68/><E13/><V31/><F31/><W87/><G72/><T89/><D80/><U51/><E68/><V10/><F10/><W134/><G134/><T122/><D122/><U85/><E74/><V26/><F26/><W1/><G1/><T116/><D116/><U52/><E37/><V104/><F104/><W35/><G35/><T107/><D107/><U125/><E125/><V17/><F33/><W91/><G29/><T25/><D25/><U127/><E127/><V88/><F27/><W32/><G32/><T14/><D14/><U16/><E16/><V128/><F24/><W108/><G22/><T66/><D12/><U86/><E85/><V69/><F128/><W64/><G64/><AGARI ba="0,0" hai="8,11,47,51,52,58,63,64,76,82,86" m="43594" machi="64" ten="30,2000,0" yaku="11,1,54,1" doraHai="121" who="1" fromWho="3" sc="250,0,250,20,250,0,250,-20" /><INIT seed="1,0,0,1,5,113" ten="250,270,250,230" oya="1" hai0="78,71,22,74,133,51,132,91,10,7,57,27,122" hai1="72,53,88,90,123,13,19,11,66,45,120,28,56" hai2="135,41,83,107,130,76,62,86,55,81,99,40,60" hai3="30,70,17,0,97,29,95,39,44,8,85,67,64"/><U131/><E72/><V108/><F108/><W129/><G129/><T14/><D71/><U37/><E131/><V12/><F130/><W16/><G85/><T73/><D122/><U84/><E28/><V1/><F1/><W110/><G110/><T119/><D91/><U82/><E90/><V75/><F135/><N who="0" m="51786" /><D78/><U50/><REACH who="1" step="1"/><E66/><REACH who="1" ten="250,260,250,230" step="2"/><V15/><F75/><W4/><G30/><T117/><D74/><U126/><E126/><V102/><F76/><W89/><G29/><N who="0" m="17655" /><D73/><U127/><E127/><V33/><F102/><W94/><G64/><T47/><D57/><U54/><E54/><AGARI ba="0,1" hai="7,10,14,47,51,54,117,119" m="17655,51786" machi="54" ten="30,3900,0" yaku="20,1,52,2" doraHai="113" who="0" fromWho="1" sc="250,49,260,-39,250,0,230,0" /><INIT seed="2,0,0,2,4,62" ten="299,221,250,230" oya="2" hai0="37,40,67,125,8,23,104,127,98,120,102,60,87" hai1="12,122,89,96,59,34,93,42,75,83,109,39,72" hai2="53,101,22,30,6,4,76,43,133,15,58,47,49" hai3="84,64,31,0,32,92,36,121,16,66,82,91,55"/><V63/><F133/><W19/><G36/><T108/><D120/><U29/><E109/><V46/><F101/><W70/><G70/><T35/><D35/><U57/><E122/><V10/><F76/><N who="3" m="46151" /><G32/><T17/><D108/><U118/><E118/><V97/><F97/><N who="3" m="57503" /><G0/><T106/><D87/><U95/><E12/><V33/><F33/><W41/><G41/><T85/><D85/><U25/><E95/><V5/><F47/><W38/><G38/><T27/><D8/><U86/><E39/><V79/><F79/><W69/><G69/><T77/><D77/><U74/><REACH who="1" step="1"/><E42/><REACH who="1" ten="299,211,250,230" step="2"/><V56/><F15/><W13/><G121/><T131/><D40/><U117/><E117/><V124/><F43/><W103/><G103/><AGARI ba="0,1" hai="25,29,34,57,59,72,74,75,83,86,89,93,96,103" machi="103" ten="40,2600,0" yaku="1,1,53,1" doraHai="62" doraHaiUra="26" who="1" fromWho="3" sc="299,0,211,36,250,0,230,-26" /><INIT seed="3,0,0,1,0,70" ten="299,247,250,204" oya="3" hai0="55,21,106,125,95,87,88,97,81,2,13,73,26" hai1="11,4,59,103,114,119,77,45,76,25,5,67,128" hai2="24,63,7,58,82,89,40,69,133,113,31,1,27" hai3="90,116,111,104,84,80,64,100,57,124,78,50,134"/><W34/><G116/><T115/><D2/><U101/><E114/><V105/><F113/><W44/><G124/><T14/><D115/><U118/><E128/><V33/><F133/><W126/><G126/><T129/><D125/><U130/><E130/><V8/><F105/><W23/><G34/><T38/><D129/><U109/><E109/><V107/><F107/><W75/><G111/><T9/><D38/><U102/><E45/><V41/><F69/><W74/><G134/><T96/><D55/><U108/><E108/><V28/><F89/><W43/><G23/><T42/><D42/><U122/><E122/><V83/><F41/><W85/><G64/><T61/><D61/><N who="1" m="38335" /><E25/><V86/><F86/><W56/><G84/><T117/><D117/><N who="1" m="44555" /><E4/><V10/><F40/><W135/><G75/><T71/><D71/><U16/><E16/><V18/><F18/><W62/><G62/><T46/><D46/><U99/><E99/><V12/><F63/><W35/><G35/><T93/><D106/><U91/><E91/><V15/><F58/><W98/><REACH who="3" step="1"/><G135/><REACH who="3" ten="299,247,250,194" step="2"/><T123/><D73/><U131/><E131/><V20/><F33/><W120/><G120/><T0/><D21/><U66/><E66/><V17/><F20/><W48/><G48/><T112/><D123/><U132/><E132/><V37/><F10/><W92/><AGARI ba="0,1" hai="43,44,50,56,57,74,78,80,85,90,92,98,100,104" machi="92" ten="20,12000,1" yaku="1,1,0,1,7,1,24,2,53,0" doraHai="70" doraHaiUra="49" who="3" fromWho="3" sc="299,-40,247,-40,250,-40,194,130" /><INIT seed="3,1,0,4,1,19" ten="259,207,210,324" oya="3" hai0="55,131,114,42,103,75,36,30,133,68,69,27,45" hai1="72,66,102,89,96,67,81,52,8,116,44,87,60" hai2="46,83,35,92,80,108,37,48,34,128,61,57,6" hai3="21,84,58,11,115,112,78,123,3,33,18,20,7"/><W90/><G78/><T5/><D75/><U65/><E116/><V12/><F37/><W40/><G33/><T10/><D131/><U53/><E60/><V0/><F0/><W54/><G40/><T111/><D111/><U105/><E44/><V13/><F108/><W120/><G58/><T73/><D73/><U107/><E107/><V104/><F104/><W1/><G54/><T51/><D133/><U130/><E130/><V41/><F128/><W64/><G64/><T4/><D114/><N who="3" m="43561" /><G90/><T94/><D103/><U132/><E132/><V59/><F34/><W113/><G84/><T14/><D94/><U16/><REACH who="1" step="1"/><E72/><REACH who="1" ten="259,197,210,324" step="2"/><V43/><F46/><W95/><G113/><T26/><D45/><U71/><E71/><V88/><F61/><W47/><G47/><T99/><D68/><U82/><E82/><V25/><F80/><W118/><G118/><T100/><D69/><U29/><E29/><V98/><F83/><W62/><G62/><T117/><D117/><U63/><E63/><V110/><F43/><W121/><G95/><N who="0" m="58495" /><D42/><U91/><E91/><V15/><F41/><W97/><G97/><T125/><D30/><U17/><E17/><V24/><F110/><W76/><G76/><T38/><D38/><U86/><E86/><V135/><F135/><W56/><G56/><T49/><D36/><U134/><E134/><V31/><F57/><W127/><G18/><T106/><D106/><U70/><E70/><V9/><F59/><W74/><G74/><T22/><D49/><U77/><E77/><V85/><F48/><W126/><G123/><T119/><D119/><RYUUKYOKU ba="1,1" sc="259,-10,197,30,210,-10,324,-10" hai1="8,16,52,53,65,66,67,81,87,89,96,102,105" /><INIT seed="4,2,1,4,1,9" ten="249,227,200,314" oya="0" hai0="52,84,64,87,63,60,49,44,0,48,30,72,42" hai1="99,94,40,90,71,7,21,32,50,65,41,34,12" hai2="86,115,122,28,18,88,121,108,37,133,79,35,100" hai3="93,112,81,111,128,58,67,127,38,10,78,105,15"/><T104/><D72/><U27/><E71/><V2/><F37/><W124/><G111/><T89/><D104/><U36/><E36/><V129/><F2/><W24/><G105/><T54/><D0/><U13/><E65/><V47/><F28/><W66/><G38/><T5/><D5/><U61/><E61/><N who="0" m="23625" /><D64/><U8/><E13/><V62/><F35/><W29/><G58/><N who="0" m="33039" /><D30/><U83/><E83/><V57/><F57/><W55/><G67/><T109/><D109/><U74/><E74/><V56/><F56/><W11/><G66/><T69/><D69/><U26/><E26/><V113/><F62/><W106/><G24/><T23/><D23/><U120/><E120/><V51/><F122/><W85/><G106/><T96/><D42/><U73/><E73/><V117/><F108/><W43/><G43/><T4/><D4/><U107/><E107/><V123/><F123/><W1/><G1/><T25/><D25/><U16/><REACH who="1" step="1"/><E40/><REACH who="1" ten="249,217,200,314" step="2"/><V95/><F121/><W101/><G55/><T46/><D54/><U20/><E20/><V53/><F53/><W22/><G22/><T75/><D75/><U116/><E116/><V134/><F117/><W103/><G11/><T91/><D48/><U114/><E114/><V135/><F115/><W17/><G112/><T39/><D39/><U33/><E33/><V77/><F113/><W102/><G10/><T59/><D59/><U14/><E14/><V130/><F51/><W70/><G15/><T132/><D44/><AGARI ba="2,2" hai="7,8,12,16,21,27,32,34,41,44,50,90,94,99" machi="44" ten="40,5200,0" yaku="1,1,52,1,54,1,53,0" doraHai="9" doraHaiUra="119" who="1" fromWho="0" sc="249,-58,217,78,200,0,314,0" /><INIT seed="5,0,0,5,4,104" ten="191,295,200,314" oya="1" hai0="115,100,88,0,75,22,132,43,78,10,133,117,118" hai1="26,58,33,80,53,129,86,21,102,83,97,110,62" hai2="90,84,119,71,52,17,63,35,87,107,61,16,125" hai3="93,106,126,89,122,91,4,67,70,48,28,2,65"/><U47/><E129/><V32/><F107/><W66/><G106/><T135/><D115/><U60/><E33/><V76/><F125/><W36/><G36/><T30/><D100/><U24/><E110/><V5/><F5/><W69/><G122/><T55/><D55/><U130/><E130/><V20/><F119/><W134/><G134/><T79/><D79/><U29/><E24/><V114/><F114/><W95/><G28/><T45/><D30/><U124/><E124/><V8/><F76/><W25/><G25/><T41/><D22/><U38/><E62/><V98/><F98/><W108/><G108/><T3/><D88/><N who="3" m="33865" /><G48/><N who="0" m="26671" /><D43/><U51/><E38/><V77/><F90/><W64/><G4/><N who="0" m="1287" /><D3/><U6/><E86/><V34/><F77/><W85/><G2/><T72/><D78/><U42/><REACH who="1" step="1"/><E6/><REACH who="1" ten="191,285,200,314" step="2"/><V7/><F87/><W44/><G126/><T111/><D111/><U14/><E14/><V19/><F84/><W23/><G85/><T68/><D118/><U57/><E57/><V109/><F109/><W113/><G113/><T37/><D117/><U40/><E40/><V128/><F128/><W39/><G39/><T94/><D37/><U50/><E50/><V99/><F7/><W9/><G70/><T131/><D131/><U127/><E127/><V11/><F71/><W105/><G69/><T31/><D68/><U74/><E74/><V46/><F63/><W92/><G44/><T81/><D75/><U116/><E116/><V13/><F61/><W121/><G121/><T56/><D72/><U15/><E15/><V82/><F13/><W18/><G18/><RYUUKYOKU ba="0,1" sc="191,-10,285,30,200,-10,314,-10" hai1="21,26,29,42,47,51,53,58,60,80,83,97,102" /><INIT seed="5,1,1,4,3,80" ten="181,315,190,304" oya="1" hai0="64,131,96,10,114,77,31,20,50,45,76,17,21" hai1="106,46,41,32,134,103,99,52,56,115,84,3,98" hai2="24,105,47,111,95,39,92,7,37,66,23,60,30" hai3="1,93,112,133,16,5,12,48,61,4,132,90,102"/><U63/><E115/><V86/><F105/><W14/><G112/><T101/><D114/><U57/><E134/><N who="3" m="51818" /><G102/><T70/><D131/><U13/><E3/><V26/><F111/><W124/><G124/><T127/><D127/><U11/><E32/><V35/><F7/><N who="3" m="2635" /><G1/><T78/><D64/><U18/><E56/><V25/><F25/><W122/><G122/><T104/><D70/><U43/><E99/><V81/><F47/><W72/><G72/><T67/><D67/><U58/><E46/><V6/><F6/><W22/><G61/><T65/><D65/><U42/><E58/><V117/><F117/><W0/><G48/><T54/><D31/><U97/><E98/><V44/><F44/><W34/><G0/><T29/><D29/><U55/><E55/><V8/><F39/><W15/><G34/><T82/><D45/><U27/><E27/><V126/><F37/><W91/><G91/><T62/><D50/><U36/><E36/><V129/><F126/><W116/><G116/><T53/><D62/><U74/><E74/><V130/><F26/><W59/><G59/><T83/><D54/><U125/><REACH who="1" step="1"/><E125/><REACH who="1" ten="181,305,190,304" step="2"/><V75/><F35/><W85/><AGARI ba="1,2" hai="12,14,15,16,22,85,90,93" m="2635,51818" machi="85" ten="30,4000,0" yaku="20,1,52,1,54,1" doraHai="80" who="3" fromWho="3" sc="181,-11,305,-21,190,-11,304,63" /><INIT seed="6,0,0,1,3,11" ten="170,284,179,367" oya="2" hai0="7,36,108,112,83,103,55,53,114,91,111,125,8" hai1="116,0,34,23,45,75,2,41,92,3,46,25,9" hai2="135,1,51,68,80,99,67,44,120,59,94,109,54" hai3="6,97,129,132,123,61,62,26,100,98,35,21,47"/><V122/><F1/><W65/><G35/><T93/><D125/><U96/><E116/><V130/><F68/><W13/><G123/><T127/><D127/><U30/><E75/><V82/><F109/><W79/><G79/><T28/><D36/><U134/><E134/><V4/><F135/><W72/><G72/><T43/><D43/><U74/><E74/><V14/><F130/><W16/><G129/><T29/><D103/><U84/><E84/><V89/><F122/><W105/><G97/><N who="0" m="57535" /><D108/><U90/><E34/><V121/><F121/><W69/><G62/><T101/><D101/><U12/><REACH who="1" step="1"/><E41/><REACH who="1" ten="170,274,179,367" step="2"/><V85/><F120/><W5/><G132/><T71/><D111/><U118/><E118/><V78/><F82/><W15/><G47/><T57/><D83/><U27/><E27/><V102/><F44/><W124/><G124/><T52/><D112/><U42/><E42/><V48/><F85/><W133/><G133/><T33/><D33/><U110/><E110/><V128/><F80/><W87/><G87/><T58/><D114/><U40/><E40/><V60/><F78/><W66/><G26/><T119/><D119/><U88/><E88/><V73/><F89/><W104/><G100/><T31/><D71/><U24/><E24/><V37/><F73/><W19/><G98/><T76/><D76/><U50/><E50/><N who="2" m="31191" /><F128/><W95/><G61/><N who="0" m="36031" /><D58/><U81/><E81/><V107/><F37/><W126/><G69/><T56/><D56/><U22/><E22/><V63/><F94/><W115/><G126/><T106/><D106/><U113/><E113/><V70/><F63/><RYUUKYOKU ba="0,1" sc="170,10,274,10,179,10,367,-30" hai0="7,8,28,29,31,52,53" hai1="0,2,3,9,12,23,25,30,45,46,90,92,96" hai2="4,14,48,51,60,67,70,99,102,107" /><INIT seed="6,1,1,5,5,51" ten="180,284,189,337" oya="2" hai0="120,124,129,30,70,106,26,25,27,57,28,114,66" hai1="65,74,29,34,52,78,93,75,38,40,64,62,130" hai2="46,11,107,50,17,15,5,9,91,24,53,135,86" hai3="101,117,92,55,48,97,110,73,87,44,118,49,126"/><V39/><F107/><W3/><G3/><T108/><D108/><U79/><E38/><V77/><F135/><W123/><G123/><T23/><D120/><U36/><E36/><V80/><F39/><W76/><G110/><T94/><D106/><U8/><E40/><V111/><F111/><W68/><G68/><T61/><D70/><U6/><E34/><V116/><F116/><W67/><G67/><N who="1" m="25674" /><E29/><V14/><REACH who="2" step="1"/><F24/><REACH who="2" ten="180,284,179,337" step="2"/><W88/><G118/><T119/><D119/><U56/><E74/><V125/><F125/><W63/><G126/><T85/><D124/><U115/><E75/><V43/><F43/><W132/><G132/><T54/><D30/><U131/><E115/><V1/><F1/><W22/><G117/><T89/><D114/><U13/><E131/><V37/><F37/><W33/><G73/><T59/><REACH who="0" step="1"/><D129/><REACH who="0" ten="170,284,179,337" step="2"/><U31/><E130/><V90/><AGARI ba="1,3" hai="5,9,11,14,15,17,46,50,53,77,80,86,90,91" machi="90" ten="30,11700,0" yaku="1,1,0,1,8,1,52,1,53,0" doraHai="51" doraHaiUra="100" who="2" fromWho="2" sc="170,-40,284,-40,179,150,337,-40" /><INIT seed="6,2,0,2,2,93" ten="130,244,329,297" oya="2" hai0="99,69,0,119,12,84,25,61,85,75,106,5,132" hai1="117,19,41,110,72,103,62,27,20,100,68,34,47" hai2="22,52,66,58,48,112,107,42,26,64,91,17,7" hai3="89,108,71,73,24,67,109,29,133,131,79,46,95"/><V77/><F112/><W1/><G1/><T60/><D75/><U127/><E110/><V40/><F107/><W92/><G133/><T13/><D132/><U86/><E117/><V130/><F130/><W28/><G95/><T82/><D119/><U97/><E72/><V111/><F77/><W54/><G29/><T81/><D0/><U70/><E127/><V21/><F7/><W90/><G90/><T59/><D69/><U36/><E103/><V37/><F111/><W8/><G8/><T44/><D44/><U2/><E2/><V3/><F3/><W98/><G131/><T123/><D123/><U33/><E86/><V116/><F116/><W121/><G121/><T30/><D106/><U6/><E6/><V23/><F23/><W55/><G55/><T134/><D134/><U10/><E10/><V78/><F78/><W11/><G11/><T135/><D135/><U124/><E124/><V14/><F91/><W126/><G126/><T15/><D5/><U118/><E118/><V39/><F39/><W122/><G122/><T56/><D99/><U50/><E36/><V74/><F74/><W63/><G79/><T87/><D30/><U115/><E115/><V43/><F37/><W105/><G105/><T51/><D25/><U96/><E70/><V31/><AGARI ba="2,0" hai="14,17,21,22,26,31,40,42,43,48,52,58,64,66" machi="31" ten="30,6000,0" yaku="0,1,8,1,54,1" doraHai="93" who="2" fromWho="2" sc="130,-22,244,-22,329,66,297,-22" /><INIT seed="6,3,0,2,1,126" ten="108,222,395,275" oya="2" hai0="110,127,88,8,113,42,99,70,128,39,76,43,52" hai1="26,103,71,56,108,134,30,79,24,132,120,121,1" hai2="29,9,98,22,48,100,16,62,55,82,68,10,20" hai3="116,130,90,64,122,84,6,18,27,33,86,131,50"/><V58/><F82/><W119/><G122/><N who="1" m="47210" /><E71/><V118/><F118/><W34/><G64/><T60/><D110/><U77/><E108/><V36/><F36/><W46/><G6/><T101/><D127/><U57/><E103/><V94/><F68/><W81/><G18/><T105/><D113/><U111/><E1/><V23/><F29/><W65/><G65/><T49/><D76/><N who="1" m="29259" /><E30/><V125/><F125/><W106/><G106/><T37/><D70/><U59/><E111/><V78/><F78/><W31/><G34/><T69/><D69/><U3/><E3/><V19/><F62/><W109/><G86/><T115/><D115/><U97/><E97/><V135/><F135/><AGARI ba="3,0" hai="24,26,56,57,59,132,134,135" m="29259,47210" machi="135" ten="40,8000,1" yaku="28,2,20,1,13,1" doraHai="126" who="1" fromWho="2" sc="108,0,222,89,395,-89,275,0" /><INIT seed="7,0,0,5,5,84" ten="108,311,306,275" oya="3" hai0="73,69,94,28,83,64,122,128,90,129,66,85,33" hai1="63,125,103,61,134,38,91,77,34,4,3,123,0" hai2="31,126,58,86,97,76,18,11,50,82,60,112,32" hai3="67,135,47,15,105,96,79,17,40,130,8,107,99"/><W19/><G130/><T92/><D122/><U43/><E34/><V124/><F32/><W46/><G135/><T42/><D42/><U37/><E123/><V68/><F31/><W1/><G1/><T54/><D54/><U119/><E103/><V35/><F35/><W65/><G79/><T78/><D94/><U104/><E104/><V95/><F68/><W20/><G105/><T89/><D69/><U120/><E77/><V39/><F50/><N who="3" m="26951" /><G47/><T59/><D59/><U75/><E75/><V93/><F39/><W101/><G101/><T14/><D14/><U9/><E134/><V5/><F112/><W16/><G107/><T87/><D33/><U115/><E0/><N who="2" m="423" /><F97/><N who="3" m="37451" /><G19/><T52/><D28/><U53/><E120/><V44/><F44/><W110/><G110/><T133/><D133/><U88/><E115/><V70/><F70/><W24/><AGARI ba="0,0" hai="8,15,16,17,20,24,65,67" m="37451,26951" machi="24" ten="30,3000,0" yaku="8,1,54,1" doraHai="84" who="3" fromWho="3" sc="108,-10,311,-10,306,-10,275,30" owari="98,-40.0,301,10.0,296,-10.0,305,40.0" /></mjloggm>