<mjloggm ver="2.3"><GO type="169" lobby="0"/><UN n0="%E3%82%A6%E3%83%AB%E3%83%88%E3%83%A9%E7%AB%8B%E7%9B%B4" n1="%73%69%6E%31%31%32%35" n2="%70%61%72%61%6F%6E%64%65" n3="%E3%81%93%E3%82%93%E3%81%BA%E3%81%84%E3%81%A8%E3%81%86%E3%81%B5" dan="17,17,17,16" rate="2203.00,2143.75,2157.43,2064.28" sx="M,M,M,F"/><TAIKYOKU oya="0"/><INIT seed="0,0,0,3,4,34" ten="250,250,250,250" oya="0" hai0="100,122,27,20,113,62,12,71,61,88,65,86,108" hai1="120,55,123,75,33,67,98,96,26,60,132,1,77" hai2="80,44,25,91,24,99,121,63,103,95,129,14,133" hai3="50,64,66,107,134,83,37,128,97,104,112,19,101"/><T109/><D113/><U114/><E1/><V39/><F121/><W3/><G37/><T56/><D100/><U31/><E114/><V42/><F129/><W131/><G112/><T89/><D12/><U0/><E132/><V4/><F133/><W29/><G134/><T87/><D122/><U23/><E55/><V13/><F63/><W30/><G107/><T53/><D87/><U90/><E23/><V6/><F80/><W35/><G50/><T73/><D73/><U70/><E90/><V81/><F81/><W69/><G19/><T118/><D118/><U54/><E54/><V28/><F103/><W58/><G58/><T93/><REACH who="0" step="1"/><D89/><REACH who="0" ten="240,250,250,250" step="2"/><U135/><E75/><V49/><F14/><W85/><G85/><T15/><D15/><U84/><E135/><V124/><F13/><W72/><G72/><T130/><D130/><U40/><E84/><V11/><F91/><W125/><G131/><T76/><D76/><U47/><E77/><V32/><F4/><W117/><G128/><T51/><D51/><U7/><E96/><V79/><F79/><W102/><G97/><T48/><D48/><U17/><E98/><V46/><F6/><W2/><G117/><T110/><D110/><U82/><E123/><V36/><F39/><W106/><G102/><T74/><D74/><U43/><E120/><V119/><F119/><W9/><G101/><T68/><D68/><U127/><E70/><V5/><F36/><W126/><G69/><T21/><D21/><U59/><E7/><V38/><F38/><W111/><G106/><T115/><D115/><U8/><E33/><RYUUKYOKU ba="0,1" sc="240,30,250,-10,250,-10,250,-10" hai0="20,27,53,56,61,62,65,71,86,88,93,108,109" /><INIT seed="0,1,1,0,4,29" ten="270,240,240,240" oya="0" hai0="40,122,108,106,63,13,12,21,47,35,59,114,115" hai1="61,125,43,0,129,50,69,9,45,62,5,57,6" hai2="14,1,24,75,90,88,102,77,58,52,7,25,78" hai3="93,109,135,54,15,31,132,53,99,119,118,127,16"/><T100/><D122/><U71/><E129/><V76/><F1/><W82/><G109/><T3/><D3/><U97/><E125/><V73/><F102/><W131/><G131/><T113/><D108/><U32/><E6/><V30/><F73/><W49/><G127/><T4/><D35/><U17/><E17/><V121/><F121/><W11/><G82/><T89/><D106/><U44/><E32/><V116/><F116/><W101/><G31/><T95/><D100/><U60/><E97/><V67/><F67/><W22/><G11/><T80/><D80/><U134/><E134/><N who="3" m="51242" /><G54/><T38/><D21/><U92/><E92/><V36/><F36/><W128/><G128/><T84/><REACH who="0" step="1"/><D4/><REACH who="0" ten="260,240,240,240" step="2"/><U110/><E110/><V66/><F7/><W34/><G34/><T27/><D27/><U105/><E105/><V79/><F25/><W41/><G119/><T87/><D87/><U65/><E9/><V123/><F123/><W8/><G118/><T28/><D28/><U74/><E0/><V117/><F117/><W130/><G130/><T56/><D56/><U81/><E74/><V23/><F14/><W107/><G8/><T91/><D91/><N who="2" m="34858" /><F75/><W20/><G107/><T48/><D48/><N who="1" m="26655" /><E81/><V26/><F26/><W120/><G120/><T37/><D37/><U64/><E5/><V83/><F83/><W133/><G133/><T68/><D68/><N who="1" m="26187" /><E57/><V55/><F79/><W10/><G10/><T124/><D124/><U46/><E46/><V104/><F104/><W111/><G111/><T85/><D85/><U94/><E94/><V96/><F96/><W51/><G93/><RYUUKYOKU ba="1,2" sc="260,10,240,10,240,10,240,-30" hai0="12,13,38,40,47,59,63,84,89,95,113,114,115" hai1="45,50,60,61,62,64,65" hai2="23,24,30,52,55,58,66,76,77,78" /><INIT seed="0,2,2,2,2,84" ten="270,250,250,210" oya="0" hai0="46,95,67,15,82,125,40,101,75,1,33,86,123" hai1="48,94,107,53,10,134,16,88,130,114,113,76,117" hai2="20,2,38,9,23,29,79,61,45,135,98,115,129" hai3="72,5,36,32,66,47,77,58,121,111,102,0,21"/><T6/><D123/><U87/><E117/><V109/><F115/><N who="1" m="44041" /><E134/><V74/><F135/><W4/><G32/><T63/><D33/><U100/><E130/><V64/><F129/><W55/><G111/><T62/><D1/><U37/><E37/><V51/><F109/><W118/><G118/><T132/><D132/><U24/><E76/><V120/><F23/><W60/><G102/><T96/><D75/><U26/><E107/><V89/><F20/><W25/><G0/><T12/><D125/><U27/><E100/><V127/><F29/><W30/><G121/><T122/><D122/><U28/><E10/><V133/><F133/><W112/><G112/><T52/><D6/><U43/><E43/><V44/><F127/><W31/><G31/><T73/><D73/><U3/><E3/><V11/><F74/><W41/><REACH who="3" step="1"/><G66/><REACH who="3" ten="270,250,250,200" step="2"/><T59/><D67/><U93/><E28/><V124/><F64/><W97/><G97/><T35/><D35/><U13/><E16/><V17/><F17/><W18/><G18/><T56/><D63/><U80/><E13/><V81/><F124/><W106/><G106/><T119/><D119/><U83/><E83/><AGARI ba="2,3" hai="4,5,21,25,30,36,41,47,55,58,60,72,77,83" machi="83" ten="40,1300,0" yaku="1,1,53,0" doraHai="84" doraHaiUra="131" who="3" fromWho="1" sc="270,0,250,-19,250,0,200,49" /><INIT seed="1,0,0,5,1,91" ten="270,231,250,249" oya="1" hai0="80,12,88,93,129,56,119,103,112,82,47,31,73" hai1="134,17,3,38,110,57,116,96,106,99,71,108,23" hai2="118,5,76,32,64,98,29,20,51,52,70,123,121" hai3="111,124,68,109,74,14,46,114,13,34,2,36,35"/><U26/><E116/><V92/><F32/><W8/><G68/><T67/><D112/><U18/><E71/><V113/><F118/><W61/><G74/><T55/><D119/><U115/><E115/><V89/><F113/><W90/><G114/><T75/><D129/><U45/><E134/><V72/><F5/><W127/><G61/><T95/><D75/><U105/><E3/><V102/><F70/><W58/><G58/><T7/><D73/><U94/><E57/><V50/><F64/><W10/><G90/><T37/><D31/><N who="1" m="17887" /><E38/><V48/><F72/><W22/><G46/><T117/><D47/><U1/><E1/><V133/><F76/><W69/><G36/><T0/><D0/><U27/><E45/><N who="2" m="27663" /><F133/><W104/><G104/><N who="1" m="40042" /><E27/><N who="2" m="16615" /><F121/><W53/><G69/><T21/><D37/><U83/><E83/><V135/><F135/><W63/><G2/><T86/><D117/><U24/><E24/><V84/><F123/><W131/><G63/><N who="0" m="36255" /><D67/><U60/><E60/><V101/><F101/><W9/><G53/><T66/><D66/><U43/><E43/><V54/><F54/><W33/><G131/><T42/><D42/><U79/><E79/><V16/><F16/><N who="1" m="6249" /><E94/><AGARI ba="0,0" hai="50,51,84,89,92,94,98,102" m="16615,27663" machi="94" ten="30,7700,0" yaku="8,1,52,2,54,1" doraHai="91" who="2" fromWho="1" sc="270,0,231,-77,250,77,249,0" /><INIT seed="2,0,0,3,4,127" ten="270,154,327,249" oya="2" hai0="109,6,89,33,50,122,118,65,129,30,128,5,106" hai1="74,101,68,8,21,9,46,18,103,107,13,114,126" hai2="51,47,12,22,15,17,86,104,115,60,59,52,132" hai3="82,39,78,26,76,116,73,7,28,48,135,102,85"/><V31/><F104/><W80/><G39/><T105/><D122/><U3/><E114/><V29/><F115/><W91/><G116/><T53/><D118/><U124/><E74/><V130/><F130/><N who="0" m="50282" /><D109/><U93/><E68/><V64/><F132/><W92/><G7/><N who="0" m="2571" /><D65/><U70/><E70/><V97/><F97/><W55/><G102/><N who="1" m="38922" /><E107/><N who="0" m="40969" /><D89/><U24/><E93/><V0/><F0/><W56/><G135/><T94/><D94/><U38/><E3/><V99/><F99/><W75/><G92/><T16/><D16/><U10/><E38/><V23/><F86/><W79/><G91/><T35/><D30/><N who="2" m="11274" /><F15/><W45/><G85/><T108/><D108/><U87/><E87/><V62/><F12/><W34/><G78/><T96/><D96/><U25/><E126/><V19/><F17/><W131/><G131/><T44/><AGARI ba="0,0" hai="33,35,44,50,53" m="40969,2571,50282" machi="44" ten="40,8000,1" yaku="19,1,52,3" doraHai="127" who="0" fromWho="0" sc="270,80,154,-20,327,-40,249,-20" /><INIT seed="3,0,0,3,3,2" ten="350,134,287,229" oya="3" hai0="112,11,86,82,38,130,66,97,36,88,106,54,9" hai1="55,17,63,23,51,108,80,49,42,48,26,127,107" hai2="6,117,22,53,128,111,65,41,133,13,46,34,5" hai3="96,74,62,78,121,37,113,90,119,67,0,72,40"/><W118/><G113/><T131/><D66/><U76/><E127/><V102/><F117/><W24/><G121/><T33/><D33/><U64/><E108/><V3/><F34/><W104/><G90/><T10/><D54/><U32/><E107/><V115/><F115/><W27/><G27/><T89/><D112/><U83/><E32/><V126/><F3/><W69/><G24/><T18/><D18/><U44/><E76/><V16/><F111/><W29/><G29/><T116/><D116/><N who="3" m="44585" /><G78/><T25/><D25/><U43/><E43/><V114/><F126/><W47/><G0/><T110/><D110/><U105/><E105/><V135/><F114/><W1/><G1/><T58/><D58/><U35/><E35/><V122/><F122/><W93/><G93/><T79/><D89/><U31/><E31/><V98/><F128/><N who="0" m="49194" /><D79/><U84/><E84/><V21/><F65/><W124/><G124/><T120/><D120/><U50/><REACH who="1" step="1"/><E42/><REACH who="1" ten="350,124,287,229" step="2"/><V75/><F41/><W71/><G71/><AGARI ba="0,1" hai="17,23,26,44,48,49,50,51,55,63,64,71,80,83" machi="71" ten="40,2600,0" yaku="1,1,2,1,53,0" doraHai="2" doraHaiUra="95" who="1" fromWho="3" sc="350,0,124,36,287,0,229,-26" /><INIT seed="4,0,0,5,0,90" ten="350,160,287,203" oya="0" hai0="100,58,41,40,84,23,56,118,59,122,25,116,65" hai1="43,81,70,10,72,83,86,0,85,87,55,39,24" hai2="126,94,22,106,61,29,92,96,88,52,44,11,77" hai3="82,79,131,38,18,115,13,20,53,37,130,27,46"/><T95/><D122/><U62/><E24/><N who="2" m="16535" /><F106/><W119/><G119/><T112/><D112/><U108/><E108/><V63/><F126/><W123/><G115/><T107/><D107/><U80/><E70/><V19/><F77/><W76/><G123/><T2/><D2/><U31/><E31/><V66/><F66/><W133/><G133/><T105/><D105/><U7/><E55/><V69/><F69/><W5/><G79/><T45/><D118/><U35/><E62/><V42/><F42/><N who="0" m="16490" /><D45/><N who="1" m="23807" /><E35/><V64/><F64/><W101/><G101/><T102/><D116/><U110/><E110/><V103/><F11/><N who="3" m="4335" /><G53/><T134/><D134/><U124/><E124/><V15/><F19/><W111/><G46/><T4/><D4/><U117/><E117/><V9/><F15/><W91/><G91/><N who="0" m="53735" /><D65/><U48/><E48/><N who="2" m="28679" /><F9/><W120/><G120/><T125/><D125/><U57/><E57/><V21/><F21/><W28/><G111/><T14/><D14/><U16/><E16/><AGARI ba="0,0" hai="16,23,25,56,58,59,100,102" m="53735,16490" machi="16" ten="30,5800,0" yaku="8,1,52,1,54,1" doraHai="90" who="0" fromWho="1" sc="350,58,160,-58,287,0,203,0" /><INIT seed="4,1,0,5,0,6" ten="408,102,287,203" oya="0" hai0="31,110,35,79,120,123,40,45,121,43,20,4,84" hai1="39,42,101,130,11,54,36,37,71,111,126,66,33" hai2="108,87,16,0,62,25,103,109,129,26,95,93,72" hai3="80,41,105,122,117,56,48,64,68,127,49,86,73"/><T114/><D35/><U115/><E33/><V125/><F72/><W104/><G73/><T18/><D31/><U46/><E101/><V12/><F0/><W57/><G117/><T58/><D114/><U24/><E111/><V118/><F118/><W50/><G41/><T116/><D116/><U30/><E115/><V113/><F113/><W65/><G68/><T75/><D75/><U52/><E130/><V32/><F129/><W131/><G131/><T77/><D110/><U99/><E126/><V81/><F125/><W135/><G127/><T83/><D4/><U27/><E99/><V134/><F134/><W19/><G135/><T107/><D107/><U29/><E71/><V10/><F108/><W100/><G100/><T78/><D58/><N who="3" m="22633" /><G105/><T132/><D132/><U22/><E66/><V112/><F112/><W69/><G104/><T124/><D124/><U14/><E46/><V1/><F1/><W44/><G69/><T5/><D5/><U67/><E67/><N who="3" m="25674" /><G122/><T9/><D43/><U102/><E42/><V89/><F109/><W34/><G34/><T17/><D40/><U47/><E102/><V51/><F32/><W21/><G44/><T55/><D45/><U13/><E47/><V63/><F103/><W133/><G133/><T90/><D55/><N who="1" m="21035" /><E11/><V76/><F51/><W96/><G96/><T82/><D9/><U91/><E91/><V53/><F53/><W28/><G48/><T60/><D123/><U119/><E119/><V15/><F89/><N who="3" m="51399" /><G28/><N who="1" m="10858" /><E22/><N who="2" m="11527" /><F62/><W61/><G61/><T97/><D60/><U3/><E3/><V94/><F63/><W59/><G59/><RYUUKYOKU ba="1,0" sc="408,-30,102,10,287,10,203,10" hai1="13,14,24,27,36,37,39" hai2="10,15,25,26,76,81,87,93,94,95" hai3="19,21,49,50" /><INIT seed="5,2,0,4,0,110" ten="378,112,297,213" oya="1" hai0="77,63,45,68,133,41,28,55,78,102,74,21,94" hai1="121,29,90,42,135,16,116,109,56,132,119,82,113" hai2="9,5,62,11,12,79,1,59,54,72,50,70,3" hai3="80,33,48,35,85,10,106,92,103,60,118,129,71"/><U93/><E109/><V0/><F72/><W88/><G129/><T98/><D74/><U112/><E121/><V117/><F79/><W125/><G125/><T4/><D4/><U8/><E29/><V66/><REACH who="2" step="1"/><F117/><REACH who="2" ten="378,112,287,213" step="2"/><N who="1" m="45129" /><E42/><V95/><F95/><W53/><G92/><T115/><D94/><U126/><E126/><V19/><AGARI ba="2,1" hai="0,1,3,5,9,11,12,19,50,54,59,62,66,70" machi="19" ten="20,2700,0" yaku="1,1,0,1,7,1,53,0" doraHai="110" doraHaiUra="76" who="2" fromWho="2" sc="378,-9,112,-15,287,43,213,-9" /><INIT seed="6,0,0,3,0,98" ten="369,97,330,204" oya="2" hai0="131,106,63,62,103,101,27,65,116,71,120,58,2" hai1="96,92,43,32,115,5,17,75,72,46,4,81,6" hai2="26,25,42,22,104,68,12,50,127,9,85,36,100" hai3="88,90,70,64,122,48,95,33,84,121,37,45,52"/><V94/><F36/><W56/><G33/><T119/><D120/><U55/><E115/><V44/><F104/><W74/><G74/><T82/><D2/><U30/><E55/><V132/><F68/><W54/><G90/><T124/><D106/><U97/><E17/><V135/><F127/><W91/><G91/><T130/><D124/><U110/><E110/><V29/><F25/><W112/><G112/><T67/><D82/><U38/><E81/><V133/><F85/><W51/><REACH who="3" step="1"/><G37/><REACH who="3" ten="369,97,330,194" step="2"/><T111/><D111/><U49/><E38/><V19/><F94/><W34/><G34/><T35/><D35/><U126/><E126/><V105/><F105/><W125/><G125/><T59/><D71/><U47/><E72/><V114/><F114/><W118/><G118/><T0/><D0/><U20/><E75/><V15/><F135/><W21/><G21/><T28/><D119/><U11/><E32/><V117/><F117/><W23/><G23/><T18/><D116/><U78/><E11/><V69/><F133/><W40/><G40/><T87/><D87/><U61/><E78/><V7/><F132/><W79/><G79/><T10/><D10/><U123/><E123/><V134/><F134/><W109/><G109/><T83/><D83/><U129/><E129/><V16/><F9/><W24/><G24/><T14/><D131/><U108/><E108/><V73/><F26/><W13/><G13/><N who="2" m="5193" /><F22/><W3/><G3/><T80/><D130/><U41/><E92/><V113/><F113/><W89/><G89/><T1/><D27/><N who="1" m="16743" /><E61/><AGARI ba="0,1" hai="45,48,51,52,54,56,61,64,70,84,88,95,121,122" machi="61" ten="40,8000,1" yaku="1,1,54,2,53,1" doraHai="98" doraHaiUra="57" who="3" fromWho="1" sc="369,0,97,-80,330,0,194,90" /><INIT seed="7,0,0,3,3,56" ten="369,17,330,284" oya="3" hai0="105,22,119,17,91,68,51,31,89,42,7,80,78" hai1="101,107,121,8,130,117,116,135,94,41,102,69,26" hai2="114,59,36,1,18,63,108,127,57,55,32,38,9" hai3="71,62,52,44,109,11,93,39,35,27,126,29,28"/><W113/><G113/><T100/><D68/><U95/><E41/><V65/><F108/><W92/><G109/><T64/><D64/><U83/><E69/><V74/><F32/><W86/><G126/><T16/><D7/><U84/><E26/><V2/><F74/><W5/><G29/><T103/><D31/><U79/><E8/><V106/><F106/><W54/><G86/><N who="0" m="48407" /><D105/><U48/><E121/><V131/><F127/><W61/><G71/><T21/><D119/><U76/><E48/><V12/><F131/><W0/><G54/><T37/><D37/><U58/><E130/><V33/><F114/><W77/><G77/><T132/><D132/><U120/><E58/><V60/><REACH who="2" step="1"/><F33/><REACH who="2" ten="369,17,320,284" step="2"/><W66/><G66/><T88/><D22/><U125/><E120/><V49/><F49/><W87/><G87/><T25/><D17/><U133/><E125/><V115/><F115/><W72/><G72/><T128/><D128/><U75/><E107/><V3/><AGARI ba="0,1" hai="1,2,3,9,12,18,36,38,55,57,59,60,63,65" machi="3" ten="30,8000,1" yaku="1,1,0,1,52,2,53,1" doraHai="56" doraHaiUra="15" who="2" fromWho="2" sc="369,-20,17,-20,320,90,284,-40" owari="349,15.0,-3,-50.0,410,51.0,244,-16.0" /></mjloggm>