<mjloggm ver="2.3"><GO type="225" lobby="0"/><UN n0="%E3%82%A6%E3%83%AB%E3%83%88%E3%83%A9%E7%AB%8B%E7%9B%B4" n1="%6C%6F%4A%61%73%6B%69%6E" n2="%E3%82%AB%E3%83%A9%E3%82%B9%E3%81%AE%E5%AD%90" n3="%E7%B7%8B%E3%81%84%E7%8C%AB%EF%BC%9E%EF%BC%9C%EF%BC%81" dan="17,17,17,16" rate="2152.04,2182.49,2166.33,2161.75" sx="M,M,M,F"/><TAIKYOKU oya="0"/><INIT seed="0,0,0,4,4,92" ten="250,250,250,250" oya="0" hai0="86,98,74,55,7,36,54,94,59,68,116,73,109" hai1="108,67,124,93,22,135,113,9,69,130,83,88,118" hai2="117,28,51,131,2,119,46,49,27,34,89,29,48" hai3="120,78,21,17,104,110,19,127,12,121,41,32,106"/><T70/><D116/><N who="2" m="44618" /><F131/><W44/><G32/><T101/><D36/><U84/><E118/><V85/><F29/><W95/><G127/><T90/><D109/><U31/><E108/><V0/><F46/><W33/><G33/><T23/><D7/><U134/><E124/><V103/><F103/><W45/><G110/><T64/><D70/><U57/><E69/><V111/><F111/><W5/><G5/><T133/><D133/><U97/><E113/><V112/><F112/><W100/><G78/><T115/><D115/><U56/><E130/><V37/><F37/><W14/><G95/><AGARI ba="0,0" hai="0,2,27,28,34,48,49,51,85,89,95" m="44618" machi="95" ten="30,1000,0" yaku="12,1" doraHai="92" who="2" fromWho="3" sc="250,0,250,0,250,10,250,-10" /><INIT seed="1,0,0,0,1,58" ten="250,250,260,240" oya="1" hai0="19,116,30,97,77,91,79,123,104,13,32,20,69" hai1="11,50,27,48,40,46,88,6,84,12,4,81,73" hai2="55,42,28,95,38,0,133,63,57,134,117,5,43" hai3="51,101,33,118,102,52,72,34,62,64,67,119,35"/><U115/><E115/><V53/><F28/><W110/><G72/><T85/><D116/><N who="3" m="44585" /><G110/><T71/><D123/><U135/><E73/><V125/><F95/><W78/><G78/><T108/><D108/><U18/><E135/><N who="2" m="51723" /><F117/><W94/><G94/><T98/><D71/><U105/><E105/><V131/><F5/><W127/><G127/><T128/><D69/><U26/><E48/><V7/><F7/><AGARI ba="0,0" hai="4,6,7,11,12,18,26,27,40,46,50,81,84,88" machi="7" ten="40,3900,0" yaku="8,1,54,1" doraHai="58" who="1" fromWho="2" sc="250,0,250,39,260,-39,240,0" /><INIT seed="1,1,0,3,5,20" ten="250,289,221,240" oya="1" hai0="46,114,24,61,27,95,36,38,122,26,33,6,130" hai1="72,60,103,81,23,108,112,32,109,52,29,14,51" hai2="119,39,116,79,35,63,88,9,82,30,44,110,115" hai3="8,69,19,1,86,133,107,78,70,98,59,111,16"/><U22/><E112/><V121/><F121/><W89/><G133/><T135/><D114/><U96/><E60/><V53/><F115/><W129/><G129/><T74/><D33/><U17/><E32/><V71/><F110/><N who="1" m="42601" /><E81/><V28/><F39/><W58/><G111/><T55/><D74/><U123/><E72/><V90/><F71/><W56/><G78/><T94/><D38/><U12/><E29/><V3/><F35/><W100/><G1/><T113/><D113/><U41/><E41/><V18/><F30/><W13/><REACH who="3" step="1"/><G19/><REACH who="3" ten="250,289,221,230" step="2"/><T85/><D130/><U10/><E123/><V120/><F3/><W77/><G77/><T131/><D131/><U68/><E68/><V92/><F120/><W48/><G48/><T43/><D122/><U31/><E31/><V50/><F28/><W2/><G2/><T93/><D135/><U126/><E126/><V67/><F18/><W64/><G64/><T91/><REACH who="0" step="1"/><D6/><REACH who="0" ten="240,289,221,230" step="2"/><U42/><E51/><V99/><F50/><W0/><G0/><T47/><D47/><U127/><E127/><V132/><F44/><W83/><AGARI ba="1,2" hai="8,13,16,56,58,59,69,70,83,86,89,98,100,107" machi="83" ten="30,4000,0" yaku="1,1,0,1,54,1,53,0" doraHai="20" doraHaiUra="105" who="3" fromWho="3" sc="240,-11,289,-21,221,-11,230,63" /><INIT seed="2,0,0,4,4,74" ten="229,268,210,293" oya="2" hai0="102,9,4,25,56,116,17,63,105,0,99,121,100" hai1="87,134,125,42,5,129,60,30,12,41,72,93,106" hai2="79,118,44,26,135,76,50,80,21,128,86,22,114" hai3="112,130,34,97,85,73,2,96,108,115,104,45,98"/><V58/><F118/><W61/><G2/><T10/><D116/><U132/><E106/><V113/><F128/><W122/><G34/><T31/><D102/><U75/><E129/><V52/><F135/><N who="1" m="51753" /><E30/><N who="2" m="17743" /><F114/><N who="3" m="43563" /><G130/><T32/><D10/><N who="1" m="4175" /><E125/><V37/><F113/><W16/><G73/><N who="1" m="28234" /><E60/><N who="2" m="35911" /><F37/><W54/><G122/><T46/><D17/><U133/><E133/><V18/><F18/><W57/><G104/><T6/><D6/><U1/><E1/><V27/><F27/><W131/><G131/><T36/><D121/><U7/><E7/><V62/><F62/><W66/><G16/><T69/><D63/><U48/><E48/><V81/><F22/><W120/><G120/><T78/><D25/><U51/><E51/><V82/><F86/><W8/><G85/><T111/><D36/><U101/><E87/><V35/><F35/><W33/><G33/><T38/><D38/><U70/><E70/><V94/><F94/><W126/><G126/><T77/><D69/><U67/><E67/><V40/><AGARI ba="0,0" hai="40,44,50,76,79,80,81,82" m="35911,17743" machi="40" ten="30,11700,0" yaku="8,1,52,2,54,1" doraHai="74" who="2" fromWho="2" sc="229,-39,268,-39,210,117,293,-39" /><INIT seed="2,1,0,0,5,46" ten="190,229,327,254" oya="2" hai0="84,86,96,1,28,47,61,68,103,57,77,8,74" hai1="72,98,21,134,104,125,64,18,95,114,106,20,25" hai2="83,27,80,121,92,89,34,29,69,9,52,53,117" hai3="119,5,123,35,97,81,36,105,23,0,101,94,50"/><V107/><F121/><W43/><G35/><T113/><D68/><U54/><E114/><V76/><F117/><W126/><G119/><T99/><D113/><U4/><E72/><V49/><F107/><W42/><G123/><T116/><D116/><U100/><E125/><V118/><F118/><W48/><G36/><T82/><D28/><U65/><E104/><V132/><F69/><W91/><G126/><T19/><D47/><U45/><E4/><V85/><F132/><W3/><G3/><T109/><D109/><U37/><E37/><V44/><F9/><W31/><G0/><T10/><D99/><U120/><E106/><V22/><F34/><W133/><G5/><T87/><D8/><U32/><E32/><V71/><F71/><W15/><G133/><T135/><D135/><U16/><E120/><V67/><F67/><W12/><G105/><T51/><D1/><U130/><E134/><V79/><F53/><W2/><G2/><T30/><D30/><U90/><E100/><V111/><F111/><W55/><G31/><T56/><D19/><U39/><E39/><V60/><F60/><W73/><G73/><T127/><D10/><U108/><E108/><V66/><F66/><W59/><G23/><T131/><D131/><U62/><E130/><V17/><F29/><W128/><G128/><T115/><D115/><U78/><E78/><AGARI ba="1,0" hai="17,22,27,44,49,52,76,78,79,80,83,85,89,92" machi="78" ten="40,7700,0" yaku="8,1,52,1,54,1" doraHai="46" who="2" fromWho="1" sc="190,0,229,-80,327,80,254,0" /><INIT seed="2,2,0,4,1,99" ten="190,149,407,254" oya="2" hai0="110,14,28,109,125,34,49,51,84,69,35,29,104" hai1="78,127,102,126,93,60,111,53,119,23,80,32,124" hai2="117,41,54,43,94,90,25,116,61,95,105,45,131" hai3="76,73,65,70,48,77,33,55,19,42,134,12,81"/><V129/><F105/><W103/><G33/><T44/><D104/><U82/><E119/><N who="2" m="45643" /><F25/><W121/><G121/><T71/><D84/><U15/><E32/><V3/><F3/><W17/><G134/><T130/><D44/><U9/><E111/><V91/><F61/><W74/><G42/><N who="2" m="15881" /><F45/><W26/><G26/><T86/><D86/><U135/><E135/><V7/><F7/><W20/><G73/><T8/><D14/><U37/><E37/><V72/><F54/><W4/><G4/><T67/><D8/><U1/><E23/><V83/><F83/><W40/><G81/><T36/><D36/><U88/><E1/><V63/><F63/><W92/><G74/><T62/><D62/><U6/><E78/><V16/><F16/><W98/><G40/><T118/><D118/><U56/><REACH who="1" step="1"/><E102/><REACH who="1" ten="190,139,407,254" step="2"/><V113/><F113/><W24/><G76/><T38/><D38/><U10/><E10/><V64/><F72/><W108/><G77/><T85/><D35/><U120/><E120/><V27/><F131/><W31/><G20/><T106/><D34/><U87/><AGARI ba="2,1" hai="6,9,15,53,56,60,80,82,87,88,93,124,126,127" machi="87" ten="30,7900,0" yaku="1,1,0,1,18,1,54,1,53,0" doraHai="99" doraHaiUra="75" who="1" fromWho="1" sc="190,-22,139,95,407,-41,254,-22" /><INIT seed="3,0,0,3,1,77" ten="168,234,366,232" oya="3" hai0="29,102,124,51,133,108,120,4,46,53,26,86,10" hai1="65,47,23,63,48,0,1,111,66,44,35,81,59" hai2="68,82,13,43,6,72,104,116,87,74,132,71,20" hai3="80,69,110,19,83,99,90,21,11,38,85,15,14"/><W3/><G69/><T56/><D120/><U67/><E35/><V45/><F116/><W135/><G38/><T58/><D124/><U101/><E1/><V49/><F104/><W31/><G135/><T130/><D133/><U52/><E0/><V84/><F132/><W88/><G110/><T98/><D108/><U40/><E101/><V123/><F123/><W121/><G121/><T119/><D130/><U5/><E5/><V126/><F126/><W76/><G3/><T18/><D119/><U37/><E111/><V9/><F84/><N who="3" m="48135" /><G31/><T117/><D117/><U125/><E125/><V134/><F134/><W91/><G99/><T57/><D18/><AGARI ba="0,0" hai="11,14,15,18,19,21,83,85,88,90,91" m="48135" machi="18" ten="30,11600,0" yaku="8,1,52,2,54,1" doraHai="77" who="3" fromWho="0" sc="168,-116,234,0,366,0,232,116" /><INIT seed="3,1,0,5,3,20" ten="52,234,366,348" oya="3" hai0="16,49,11,67,62,92,66,24,57,120,28,118,17" hai1="51,129,41,103,97,59,117,89,99,64,52,7,61" hai2="54,84,55,56,79,27,78,18,2,65,30,111,32" hai3="126,63,101,26,58,4,82,29,39,107,5,106,88"/><W46/><G126/><T10/><D120/><U69/><E129/><V68/><F2/><W131/><G131/><T0/><D0/><U122/><E117/><V44/><F111/><W109/><G109/><T33/><D118/><U60/><E122/><V128/><F128/><W81/><G107/><T12/><D49/><U93/><E7/><V124/><F124/><W53/><G106/><T91/><D57/><U15/><E15/><V50/><F68/><W98/><G101/><T121/><D62/><U22/><E22/><V23/><F65/><W114/><G114/><T127/><D127/><U130/><E130/><V94/><F94/><N who="3" m="56647" /><G39/><T13/><REACH who="0" step="1"/><D121/><REACH who="0" ten="42,234,366,348" step="2"/><U119/><E119/><V43/><F55/><W34/><G46/><T40/><D40/><U21/><E41/><V80/><F43/><W104/><G63/><T85/><AGARI ba="1,1" hai="10,11,12,13,16,17,24,28,33,66,67,85,91,92" machi="85" ten="20,12000,2" yaku="1,1,0,1,7,1,9,1,52,1,54,1,53,0" doraHai="20" doraHaiUra="135" who="0" fromWho="0" sc="42,133,234,-31,366,-31,348,-61" owari="175,-32.0,203,-20.0,335,43.0,287,9.0" /></mjloggm>