<mjloggm ver="2.3"><GO type="97" lobby="0"/><UN n0="%74%72%69%65%74%74%61" n1="%E5%B0%B1%E6%B4%BB%E7%94%9F%40%E5%B7%9D%E6%9D%91%E8%BB%8D%E5%9B%A3" n2="%69%62%67%7A" n3="%E7%B3%B8%E4%BA%95%E3%81%A3%E3%81%A6%E5%87%84%E3%81%84%E3%82%8F" dan="13,17,14,13" rate="1852.74,2147.65,1915.71,1829.03" sx="M,M,M,M"/><TAIKYOKU oya="0"/><INIT seed="0,0,0,1,4,75" ten="250,250,250,250" oya="0" hai0="117,76,70,99,13,7,24,53,85,2,105,77,95" hai1="40,59,94,28,86,128,55,32,48,36,123,134,42" hai2="20,113,89,21,17,62,47,66,109,118,49,30,23" hai3="12,15,39,63,54,83,60,81,111,122,124,56,116"/><T57/><D70/><U37/><E123/><V90/><F109/><W46/><G116/><T43/><D117/><U61/><E32/><V29/><F113/><W84/><G111/><T135/><D2/><U126/><E28/><V1/><F1/><W0/><G124/><T80/><D135/><U8/><E8/><V5/><F5/><W129/><G129/><T119/><D105/><U110/><E94/><V92/><F17/><W38/><G0/><T87/><D119/><U131/><E86/><N who="0" m="32777" /><D43/><N who="1" m="16427" /><E126/><V11/><F11/><W64/><G122/><T91/><D24/><U97/><E97/><V115/><F115/><W103/><G103/><T93/><D80/><U73/><E73/><V125/><F125/><W45/><G38/><N who="1" m="14954" /><E110/><V33/><F33/><W6/><G39/><T26/><D26/><U112/><E112/><V14/><F14/><W44/><G6/><T114/><D114/><U74/><E74/><V9/><F9/><W69/><G83/><T25/><D25/><U72/><E72/><V130/><F118/><W106/><REACH who="3" step="1"/><G106/><REACH who="3" ten="250,250,250,240" step="2"/><T78/><D93/><U18/><E134/><V10/><F92/><W121/><G121/><T101/><D101/><U79/><E131/><V120/><F130/><W19/><G19/><T16/><D7/><U68/><E18/><V51/><F120/><W88/><AGARI ba="0,1" hai="12,15,44,45,46,54,56,60,63,64,69,81,84,88" machi="88" ten="30,4000,0" yaku="1,1,0,1,54,1,53,0" doraHai="75" doraHaiUra="31" who="3" fromWho="3" sc="250,-20,250,-10,250,-10,240,50" /><INIT seed="1,0,0,2,3,7" ten="230,240,240,290" oya="1" hai0="41,134,32,47,121,50,117,93,19,2,109,130,70" hai1="65,14,114,107,122,90,36,118,91,85,133,59,97" hai2="66,125,67,63,103,89,42,48,69,29,60,102,6" hai3="64,62,76,51,40,34,15,95,24,20,99,1,11"/><U16/><E122/><V27/><F125/><W33/><G76/><T128/><D117/><U83/><E36/><V120/><F120/><W78/><G78/><T92/><D70/><U30/><E118/><V38/><F38/><W135/><G135/><T113/><D113/><U68/><E133/><V55/><F42/><W46/><G1/><T52/><D32/><U23/><E114/><V119/><F89/><W105/><G105/><T25/><D2/><U124/><E124/><V31/><F119/><W9/><G34/><T12/><D134/><U26/><E68/><V72/><F72/><W115/><G115/><T110/><BYE who="3" /><D25/><U100/><E59/><V87/><F87/><W58/><G58/><T8/><D121/><U74/><E74/><V4/><F27/><W17/><G17/><T116/><D116/><U73/><E73/><V43/><F43/><UN n3="%E7%B3%B8%E4%BA%95%E3%81%A3%E3%81%A6%E5%87%84%E3%81%84%E3%82%8F" /><W39/><G33/><T80/><D80/><U101/><E65/><V3/><F3/><W111/><G15/><T61/><D61/><U129/><E129/><N who="0" m="49769" /><D41/><U56/><E56/><V127/><F127/><W131/><G131/><T96/><D93/><N who="1" m="56503" /><E107/><V53/><F69/><W28/><G39/><T106/><D106/><U75/><E75/><V37/><F37/><W18/><G111/><T10/><D10/><AGARI ba="0,0" hai="10,14,16,23,26,30,83,85,91,100,101" m="56503" machi="10" ten="30,5800,0" yaku="8,1,52,1,54,1" doraHai="7" who="1" fromWho="0" sc="230,-58,240,58,240,0,290,0" /><INIT seed="1,1,0,1,5,52" ten="172,298,240,290" oya="1" hai0="103,124,88,77,93,5,51,24,9,38,3,46,7" hai1="127,125,116,14,112,75,94,1,29,57,28,128,58" hai2="45,8,42,120,100,95,84,119,64,79,134,133,104" hai3="117,82,21,98,33,36,25,132,19,68,17,83,56"/><U109/><E1/><V49/><F119/><W20/><G68/><T131/><D124/><N who="1" m="47691" /><E75/><V96/><F120/><W0/><G132/><N who="2" m="50793" /><F64/><W72/><G117/><T115/><D131/><U121/><E116/><V34/><F34/><W40/><G0/><T73/><D115/><U63/><E121/><V12/><F104/><W76/><G33/><T65/><D103/><U71/><E112/><V99/><F99/><W118/><G118/><T91/><D38/><U126/><E126/><V13/><F8/><W97/><G82/><AGARI ba="1,0" hai="12,13,42,45,49,79,82,84,95,96,100" m="50793" machi="82" ten="30,1000,0" yaku="20,1" doraHai="52" who="2" fromWho="3" sc="172,0,298,0,240,13,290,-13" /><INIT seed="2,0,0,0,0,27" ten="172,298,253,277" oya="2" hai0="42,74,69,64,68,67,115,49,56,48,117,18,122" hai1="75,45,58,52,132,129,106,38,114,77,63,107,72" hai2="83,8,88,100,93,16,66,1,71,112,87,4,128" hai3="3,39,31,46,40,118,85,34,90,105,76,109,111"/><V113/><F128/><W131/><G118/><T30/><D74/><U82/><E114/><V15/><F71/><N who="0" m="27210" /><D18/><U73/><E129/><V103/><F66/><N who="0" m="25130" /><D30/><U7/><E7/><V96/><REACH who="2" step="1"/><F103/><REACH who="2" ten="172,298,243,277" step="2"/><W13/><G131/><T94/><D117/><U121/><E121/><V29/><F29/><W35/><G3/><T25/><D115/><U92/><E132/><V10/><AGARI ba="0,1" hai="1,4,8,10,15,16,83,87,88,93,96,100,112,113" machi="10" ten="20,12000,1" yaku="1,1,0,1,7,1,54,2,53,0" doraHai="27" doraHaiUra="62" who="2" fromWho="2" sc="172,-40,298,-40,243,130,277,-40" /><INIT seed="2,1,0,3,1,123" ten="132,258,373,237" oya="2" hai0="20,84,121,100,16,118,99,17,132,134,42,54,85" hai1="25,109,21,27,110,23,66,26,90,69,68,33,74" hai2="106,2,112,128,92,61,124,0,86,45,10,30,108" hai3="73,48,91,102,1,127,4,103,81,78,12,57,135"/><V96/><F112/><W97/><G127/><T41/><D121/><U47/><E74/><V22/><F124/><W125/><G125/><T98/><D118/><U80/><E33/><V87/><F128/><W89/><G135/><T72/><D72/><U52/><E23/><V8/><F106/><W46/><G1/><T76/><D54/><U126/><E21/><V104/><F104/><W111/><G57/><T7/><D7/><U94/><E126/><V37/><F61/><W119/><G119/><T71/><D71/><U88/><E80/><V39/><F22/><W114/><G114/><T115/><D76/><U122/><E122/><V34/><F34/><W36/><G36/><T29/><D29/><U58/><E47/><V59/><F59/><W75/><G111/><N who="1" m="42506" /><E66/><V67/><F45/><W56/><G56/><T35/><D20/><U116/><E116/><V32/><F32/><W44/><G4/><T55/><D55/><U40/><E40/><N who="0" m="15465" /><D35/><U95/><E95/><V129/><F67/><W64/><G64/><T18/><D115/><U79/><E79/><V70/><F92/><N who="3" m="58663" /><G73/><T50/><D50/><N who="1" m="30999" /><E90/><N who="3" m="34314" /><G103/><T131/><D131/><U13/><E13/><V43/><F129/><W77/><G78/><T130/><D130/><U83/><E83/><V14/><F43/><N who="3" m="24607" /><G46/><T65/><D65/><U51/><E51/><V6/><F108/><W15/><G75/><T120/><D120/><U49/><E49/><V9/><F14/><N who="3" m="5163" /><G77/><T133/><D100/><U28/><E28/><V63/><F30/><W113/><G113/><T62/><D62/><U105/><E105/><V3/><F63/><RYUUKYOKU ba="1,0" sc="132,10,258,10,373,-30,237,10" hai0="16,17,18,84,85,98,99,132,133,134" hai1="25,26,27,68,69,88,94" hai3="81" /><INIT seed="3,2,0,0,0,39" ten="142,268,343,247" oya="3" hai0="117,100,78,72,114,82,129,70,91,58,81,97,65" hai1="98,45,55,94,40,52,14,62,43,15,38,32,56" hai2="77,36,49,2,22,75,30,130,101,95,46,133,96" hai3="106,21,7,127,11,126,118,105,104,20,92,83,111"/><W51/><G118/><T108/><D70/><U122/><E32/><V61/><F2/><W23/><G83/><N who="0" m="45511" /><D58/><N who="1" m="35143" /><E38/><V107/><F36/><W48/><G111/><T135/><D65/><U3/><E3/><V102/><F130/><W63/><G63/><T5/><D5/><U42/><E45/><V27/><F133/><W120/><G92/><N who="0" m="58407" /><D117/><U4/><E4/><V134/><F134/><W85/><G85/><N who="0" m="50607" /><D135/><U80/><E80/><V73/><F61/><W93/><G93/><T6/><D6/><U33/><E122/><V9/><F9/><W103/><G120/><T76/><D129/><U19/><E19/><V50/><F50/><W88/><G103/><T57/><D57/><U10/><E10/><V89/><F102/><W13/><REACH who="3" step="1"/><G88/><REACH who="3" ten="142,268,343,237" step="2"/><T71/><D71/><U119/><E119/><V131/><F131/><W74/><G74/><N who="0" m="43287" /><D108/><U124/><E124/><AGARI ba="2,1" hai="7,11,13,20,21,23,48,51,104,105,106,124,126,127" machi="124" ten="50,4800,0" yaku="1,1,18,1,53,0" doraHai="39" doraHaiUra="128" who="3" fromWho="1" sc="142,0,268,-54,343,0,237,64" /><INIT seed="3,3,0,0,1,127" ten="142,214,343,301" oya="3" hai0="0,103,42,47,123,87,5,32,27,56,70,9,20" hai1="60,131,128,94,50,121,19,65,116,133,26,44,89" hai2="58,83,92,45,66,82,52,23,46,8,33,48,11" hai3="31,88,100,4,51,130,117,75,29,12,14,97,49"/><W99/><G117/><T129/><D70/><U134/><E121/><V95/><F33/><W2/><G75/><T3/><D123/><U119/><E19/><V76/><F23/><W79/><G79/><T101/><D32/><U111/><E26/><V96/><F95/><W115/><G115/><T132/><D132/><N who="1" m="50795" /><E111/><V120/><F120/><W105/><G2/><T35/><D35/><U104/><E104/><V64/><F76/><W110/><G110/><T34/><D34/><U93/><E60/><N who="2" m="37911" /><F66/><W25/><G4/><T71/><D71/><U126/><E65/><V73/><F73/><W22/><G130/><N who="1" m="49706" /><E126/><V55/><F11/><W67/><G67/><T107/><D107/><U62/><E62/><V91/><F8/><W74/><G74/><T37/><D129/><U124/><E124/><V85/><F96/><W39/><G39/><T43/><D0/><U118/><E89/><V98/><F98/><W15/><REACH who="3" step="1"/><G29/><REACH who="3" ten="142,214,343,291" step="2"/><T18/><D42/><AGARI ba="3,1" hai="42,44,50,93,94,116,118,119" m="49706,50795" machi="42" ten="40,12000,2" yaku="12,1,20,1,19,1,52,3" doraHai="127" who="1" fromWho="0" sc="142,-129,214,139,343,0,291,0" owari="13,-49.0,353,46.0,343,14.0,291,-11.0" /></mjloggm>