<mjloggm ver="2.3"><GO type="169" lobby="0"/><UN n0="%67%6F%75%73%69" n1="%74%61%74%73%75%37%30%32" n2="%E5%94%AF%E4%B8%80%E7%B5%B6%E5%AF%BE%E7%A5%9E%E7%9C%8C%E5%8D%97" n3="%E3%82%A6%E3%83%AB%E3%83%88%E3%83%A9%E7%AB%8B%E7%9B%B4" dan="18,16,16,17" rate="2217.22,2153.06,2101.65,2154.29" sx="M,M,M,M"/><TAIKYOKU oya="0"/><INIT seed="0,0,0,2,3,125" ten="250,250,250,250" oya="0" hai0="36,83,49,39,27,47,129,115,0,15,124,1,58" hai1="75,8,74,14,25,105,96,101,123,77,54,68,23" hai2="85,133,135,17,88,108,134,24,3,2,117,86,52" hai3="13,50,26,81,67,122,44,33,18,51,112,110,89"/><T111/><D115/><U46/><E123/><V55/><F108/><W113/><G110/><T84/><D124/><U118/><E118/><V72/><F72/><W119/><G119/><T64/><D111/><U128/><E68/><V106/><F117/><W76/><G122/><T99/><D99/><U70/><E70/><V91/><F106/><W126/><G126/><T79/><D27/><U53/><E77/><V127/><F127/><W7/><G67/><T120/><D120/><U69/><E69/><V56/><F17/><W92/><G51/><T103/><D103/><U28/><E128/><V10/><F24/><W95/><G95/><T73/><D129/><U60/><E53/><N who="2" m="20555" /><F56/><W29/><G7/><T37/><D73/><U32/><E32/><V16/><F16/><W57/><G57/><T61/><REACH who="0" step="1"/><D15/><REACH who="0" ten="240,250,250,250" step="2"/><U98/><E96/><V41/><F41/><AGARI ba="0,1" hai="0,1,36,37,39,41,47,49,58,61,64,79,83,84" machi="41" ten="40,7700,0" yaku="1,1,2,1,53,1" doraHai="125" doraHaiUra="45" who="0" fromWho="2" sc="240,87,250,0,250,-77,250,0" /><INIT seed="0,1,0,0,2,4" ten="327,250,173,250" oya="0" hai0="61,44,101,73,81,86,64,85,1,55,30,25,68" hai1="28,48,116,108,31,21,54,38,42,9,89,115,99" hai2="94,119,87,2,46,24,22,52,98,7,91,123,114" hai3="134,97,51,135,106,122,107,39,33,62,131,8,132"/><T10/><D73/><U103/><E116/><V65/><F123/><W75/><G39/><T16/><D101/><U56/><E115/><V29/><F114/><W78/><G33/><T109/><D109/><U27/><E108/><V70/><F119/><W36/><G36/><T15/><D1/><U113/><E113/><V53/><F70/><W125/><G122/><T133/><D133/><U47/><E89/><V57/><F46/><W127/><G51/><T3/><D3/><U111/><E111/><V58/><F87/><W84/><G62/><T50/><REACH who="0" step="1"/><D81/><REACH who="0" ten="317,250,173,250" step="2"/><U6/><E103/><V26/><F2/><W59/><G75/><T120/><D120/><U11/><E6/><V121/><F121/><W92/><G132/><T34/><AGARI ba="1,1" hai="10,15,16,25,30,34,44,50,55,61,64,68,85,86" machi="34" ten="20,12000,1" yaku="1,1,0,1,7,1,52,1,54,1,53,0" doraHai="4" doraHaiUra="100" who="0" fromWho="0" sc="317,133,250,-41,173,-41,250,-41" /><INIT seed="0,2,0,1,0,22" ten="450,209,132,209" oya="0" hai0="95,65,126,96,99,102,52,76,66,56,11,5,77" hai1="105,101,7,106,128,134,124,103,60,35,131,50,32" hai2="46,88,0,120,135,113,37,40,114,109,34,16,57" hai3="15,4,20,39,18,92,122,41,116,117,25,72,3"/><T44/><D126/><U19/><E124/><V21/><F120/><W83/><G122/><T64/><D44/><U129/><E134/><V89/><F135/><W26/><G92/><T123/><D123/><U97/><E50/><V12/><F0/><W107/><G107/><N who="1" m="40970" /><E97/><V68/><F68/><W63/><G63/><T14/><REACH who="0" step="1"/><D99/><REACH who="0" ten="440,209,132,209" step="2"/><U80/><E131/><V112/><F109/><W55/><G117/><T2/><D2/><U10/><E129/><V110/><F110/><W8/><G116/><T6/><D6/><U27/><E128/><V54/><REACH who="2" step="1"/><F34/><REACH who="2" ten="440,209,122,209" step="2"/><W111/><G111/><T84/><D84/><U75/><E35/><V62/><AGARI ba="2,2" hai="12,16,21,37,40,46,54,57,62,88,89,112,113,114" machi="62" ten="30,12000,2" yaku="1,1,2,1,0,1,54,2,53,1" doraHai="22" doraHaiUra="36" who="2" fromWho="2" sc="440,-62,209,-32,122,146,209,-32" /><INIT seed="1,0,0,3,0,38" ten="378,177,268,177" oya="1" hai0="30,45,57,75,56,129,109,135,13,74,53,116,34" hai1="24,28,90,52,89,27,122,95,99,119,20,84,37" hai2="47,63,12,81,54,60,18,55,123,133,26,39,62" hai3="22,87,6,14,3,105,113,61,125,71,70,21,134"/><U9/><E119/><V101/><F123/><W110/><G87/><T91/><D116/><U4/><E122/><V100/><F133/><W0/><G61/><T82/><D34/><U43/><E27/><V59/><F26/><W121/><G14/><T40/><D30/><U115/><E115/><V131/><F131/><W108/><G6/><T23/><D57/><U78/><E78/><V88/><F39/><W111/><G121/><T15/><D15/><U130/><E130/><V93/><F81/><W46/><G46/><T127/><D127/><U33/><E33/><V68/><F68/><N who="3" m="26155" /><G105/><T112/><D112/><U128/><E128/><V114/><F114/><W76/><G76/><T83/><D135/><U67/><E67/><V102/><F47/><W41/><G113/><T96/><D13/><U2/><E52/><V44/><F44/><W29/><G134/><T36/><D23/><N who="3" m="8713" /><G29/><T65/><D65/><U49/><E37/><V64/><F64/><W103/><G103/><T11/><D83/><U17/><E28/><V104/><F104/><W72/><G72/><T79/><D75/><U117/><E117/><V92/><F59/><W42/><G125/><T58/><D58/><U98/><REACH who="1" step="1"/><E90/><REACH who="1" ten="378,167,268,177" step="2"/><V126/><F126/><W77/><G77/><T7/><D129/><U73/><E73/><V69/><F88/><W10/><G10/><T132/><D132/><U124/><E124/><V25/><F69/><W97/><G97/><T35/><D96/><U8/><E8/><N who="2" m="6407" /><F25/><W85/><G85/><T80/><D74/><U120/><E120/><V32/><F32/><W51/><G51/><RYUUKYOKU ba="0,1" sc="378,-30,167,10,268,10,177,10" hai1="2,4,9,17,20,24,43,49,84,89,95,98,99" hai2="54,55,60,62,63,92,93,100,101,102" hai3="0,3,41,42,108,110,111" /><INIT seed="1,1,1,5,4,49" ten="348,177,278,187" oya="1" hai0="102,16,35,6,50,112,5,75,55,111,58,18,68" hai1="7,66,70,71,9,98,92,125,61,97,26,20,119" hai2="14,130,24,129,110,85,60,84,59,12,115,106,79" hai3="87,4,123,53,94,95,17,89,63,13,32,21,107"/><U90/><E119/><V31/><F106/><W131/><G107/><T27/><D68/><U93/><E125/><V47/><F110/><W44/><G123/><T80/><D112/><U52/><E71/><V56/><F115/><W103/><G32/><T118/><D118/><U57/><E70/><V126/><F126/><W100/><G131/><N who="2" m="50185" /><F47/><W78/><G78/><T108/><D102/><U88/><E66/><V41/><F41/><W39/><G39/><T133/><D133/><U121/><E121/><V29/><F59/><N who="3" m="35311" /><G44/><T42/><D42/><U114/><E114/><V104/><F104/><W45/><G45/><T101/><D101/><N who="3" m="38985" /><G4/><T83/><D5/><U46/><E46/><V36/><F36/><W30/><G30/><N who="2" m="11273" /><F24/><W34/><G34/><T65/><D35/><U127/><E127/><V64/><F79/><W43/><G43/><T2/><D27/><U96/><E26/><V8/><F14/><W69/><G69/><T28/><D28/><U82/><E82/><AGARI ba="1,1" hai="13,17,21,82,87,89,94,95" m="38985,35311" machi="82" ten="30,2000,0" yaku="8,1,52,1" doraHai="49" who="3" fromWho="1" sc="348,0,177,-23,278,0,187,33" /><INIT seed="2,0,0,0,3,58" ten="348,154,278,220" oya="2" hai0="49,38,98,54,13,104,105,111,24,55,23,18,114" hai1="67,84,4,56,40,73,96,89,7,62,15,132,94" hai2="25,131,47,0,126,119,120,123,29,92,106,88,42" hai3="11,95,113,30,10,9,110,51,76,107,19,27,70"/><V65/><F119/><W100/><G107/><T3/><D3/><U80/><E132/><V63/><F106/><W28/><G70/><T93/><D38/><U121/><E121/><V37/><F0/><W69/><G69/><T74/><D74/><U50/><E73/><V8/><F8/><W5/><G76/><T2/><D2/><U72/><E72/><V102/><F102/><W64/><G5/><T16/><D111/><U31/><E15/><V32/><F126/><W83/><G83/><T91/><D114/><U109/><E109/><V20/><F32/><W6/><G6/><T90/><D55/><U133/><E133/><V129/><F129/><W60/><G110/><T1/><D1/><U112/><E112/><V71/><REACH who="2" step="1"/><F131/><REACH who="2" ten="348,154,268,220" step="2"/><W61/><G113/><T39/><D104/><U116/><E116/><V134/><F134/><W59/><G9/><N who="0" m="6191" /><D105/><U57/><E7/><V85/><AGARI ba="0,1" hai="20,25,29,37,42,47,63,65,71,85,88,92,120,123" machi="85" ten="20,12000,1" yaku="1,1,0,1,7,1,52,1,54,1,53,0" doraHai="58" doraHaiUra="75" who="2" fromWho="2" sc="348,-40,154,-40,268,130,220,-40" /><INIT seed="2,1,0,1,5,22" ten="308,114,398,180" oya="2" hai0="13,100,82,102,55,89,31,110,1,73,135,58,46" hai1="64,26,126,77,25,71,52,2,23,133,76,67,3" hai2="93,27,109,70,54,40,49,9,112,12,24,66,125" hai3="50,4,42,16,90,35,130,132,123,41,17,57,83"/><V19/><F112/><W119/><G119/><T38/><D1/><U75/><E23/><V103/><F70/><W39/><G35/><T79/><D135/><U92/><E71/><V29/><F125/><W117/><G117/><T36/><D110/><U85/><E75/><V48/><F109/><W105/><G105/><T68/><D68/><U56/><E126/><V53/><F66/><N who="1" m="25129" /><E3/><V59/><F40/><W65/><G123/><T21/><D89/><N who="1" m="53295" /><E2/><V86/><F29/><W0/><G0/><T94/><D94/><U81/><E133/><V87/><F103/><W95/><G132/><T104/><D104/><U128/><E128/><V28/><F28/><W62/><G39/><T78/><D36/><U107/><E107/><V111/><F111/><W114/><G114/><T74/><D13/><U131/><E131/><V34/><F34/><W80/><G95/><T122/><D122/><U113/><E113/><V61/><F61/><W43/><G80/><T63/><D38/><U69/><E69/><V51/><F51/><W72/><G50/><T33/><D33/><U60/><E81/><V97/><F87/><N who="3" m="50559" /><G72/><T98/><D74/><U47/><E47/><N who="2" m="27807" /><F97/><W96/><G96/><T20/><D46/><U88/><E88/><AGARI ba="1,0" hai="9,12,19,24,27,49,54,59,86,88,93" m="27807" machi="88" ten="30,11600,0" yaku="8,1,52,2,54,1" doraHai="22" who="2" fromWho="1" sc="308,0,114,-119,398,119,180,0" owari="308,11.0,-5,-51.0,517,62.0,180,-22.0" /></mjloggm>