<mjloggm ver="2.3"><GO type="169" lobby="0"/><UN n0="%E6%9A%97%E3%81%84%E7%AC%A6" n1="%E3%81%9F%E3%82%93%E3%82%86%E3%81%86" n2="%E3%80%90%E7%BD%AA%E6%AD%8C%E3%80%91" n3="%E3%82%A6%E3%83%AB%E3%83%88%E3%83%A9%E7%AB%8B%E7%9B%B4" dan="16,16,19,18" rate="2154.91,2084.55,2357.81,2184.94" sx="M,F,F,M"/><TAIKYOKU oya="0"/><INIT seed="0,0,0,2,5,93" ten="250,250,250,250" oya="0" hai0="39,125,49,74,133,135,121,127,18,17,80,6,57" hai1="42,129,20,103,8,94,31,126,88,99,19,28,69" hai2="79,101,10,13,95,43,112,60,122,86,23,37,96" hai3="102,53,73,105,38,108,123,63,124,1,65,51,120"/><T14/><D39/><U11/><E69/><V78/><F112/><W7/><G73/><T87/><D74/><U46/><E126/><N who="0" m="48137" /><D121/><U72/><E72/><V119/><F119/><W30/><G38/><T114/><D114/><U35/><E129/><V67/><F122/><W118/><G118/><T16/><D57/><U68/><E68/><V61/><F61/><W66/><G124/><T115/><D49/><N who="1" m="26839" /><E103/><V15/><F86/><W3/><G51/><T75/><D75/><U106/><E106/><V89/><F89/><W104/><G63/><T12/><D115/><U109/><E35/><V117/><F117/><W113/><G113/><T91/><D6/><U55/><E55/><V26/><F43/><W92/><G7/><T82/><D80/><U110/><E110/><V4/><F15/><AGARI ba="0,0" hai="12,14,15,16,17,18,82,87,91,133,135" m="48137" machi="15" ten="40,3900,0" yaku="18,1,54,1" doraHai="93" who="0" fromWho="2" sc="250,39,250,0,250,-39,250,0" /><INIT seed="0,1,0,2,3,25" ten="289,250,211,250" oya="0" hai0="4,101,2,125,48,122,19,130,124,90,107,6,119" hai1="132,29,35,91,114,135,123,17,67,106,75,41,115" hai2="105,27,81,127,85,13,56,54,57,80,63,22,52" hai3="36,33,76,121,59,60,40,16,77,30,97,88,82"/><T50/><D122/><U95/><E106/><V1/><F1/><W110/><G110/><T5/><D2/><U112/><E75/><V113/><F127/><N who="0" m="48714" /><D119/><U99/><E123/><V69/><F105/><W79/><G121/><T10/><D90/><U66/><E41/><V131/><F131/><W3/><G3/><T98/><D130/><U39/><E17/><V24/><F69/><W102/><G36/><T84/><D84/><U129/><E39/><V12/><F27/><W111/><G40/><T53/><D53/><U51/><E51/><V28/><F113/><W15/><G111/><T65/><D65/><N who="1" m="24587" /><E129/><V46/><F46/><W134/><G134/><N who="1" m="51242" /><E35/><V92/><F92/><N who="3" m="56455" /><G33/><T18/><D10/><U45/><E45/><V32/><F32/><W117/><G117/><T14/><D14/><N who="2" m="5738" /><F85/><W128/><G128/><T21/><D21/><U89/><E89/><V120/><F120/><W44/><G44/><T116/><D116/><U104/><E104/><V133/><F133/><W74/><G74/><T73/><D73/><U34/><E34/><V8/><F8/><N who="3" m="6247" /><G102/><T71/><D71/><U26/><E26/><V100/><F100/><W31/><G82/><T94/><D107/><U72/><E72/><V37/><F37/><W61/><G59/><T38/><D38/><U68/><E68/><V78/><F78/><W96/><G96/><T93/><D93/><U7/><E7/><V83/><F83/><W49/><G49/><AGARI ba="1,0" hai="4,5,6,18,19,48,49,50,94,98,101" m="48714" machi="49" ten="30,1500,0" yaku="18,1" doraHai="25" who="0" fromWho="3" sc="289,18,250,0,211,0,250,-18" /><AGARI ba="1,0" hai="22,24,28,49,52,54,56,57,63,80,81" m="5738" machi="49" ten="30,3900,0" yaku="8,1,52,1,54,1" doraHai="25" who="2" fromWho="3" sc="307,0,250,0,211,39,232,-39" /><INIT seed="0,2,0,2,3,92" ten="307,250,250,193" oya="0" hai0="127,16,126,114,41,134,103,123,33,66,129,65,11" hai1="34,125,53,29,23,105,15,21,47,19,133,94,20" hai2="86,9,107,82,81,0,4,36,62,26,61,76,5" hai3="99,31,38,28,60,57,73,128,64,100,10,121,39"/><T18/><D33/><U79/><E105/><V32/><F36/><W22/><G73/><T12/><D114/><U54/><E125/><N who="0" m="47625" /><D123/><U102/><E79/><V120/><F120/><W131/><G121/><T118/><D118/><U63/><E54/><V91/><F5/><W17/><G10/><T84/><D41/><U67/><E34/><V101/><F101/><W7/><G7/><T71/><D134/><U77/><E77/><V104/><F104/><W3/><G3/><T87/><D129/><N who="3" m="49737" /><G17/><T117/><D117/><U13/><E133/><V44/><F44/><W119/><G119/><T75/><D75/><U45/><E53/><V27/><F107/><N who="3" m="63903" /><G22/><T106/><D18/><U24/><E21/><V49/><F49/><W97/><G97/><N who="0" m="61807" /><D71/><U55/><E15/><V69/><F69/><W78/><G78/><T68/><D68/><U96/><E55/><V42/><F42/><W85/><G85/><AGARI ba="2,0" hai="11,12,16,65,66,84,85,87" m="61807,47625" machi="85" ten="30,5800,0" yaku="18,1,52,1,54,1" doraHai="92" who="0" fromWho="3" sc="307,64,250,0,250,0,193,-64" /><INIT seed="0,3,0,3,5,74" ten="371,250,250,129" oya="0" hai0="91,42,70,77,62,108,115,67,135,38,50,46,97" hai1="123,8,25,79,24,104,89,80,7,87,55,54,71" hai2="30,36,40,112,17,85,132,113,63,68,3,13,53" hai3="134,125,35,78,88,10,14,69,58,4,45,5,48"/><T126/><D115/><U84/><E104/><V105/><F3/><W6/><G69/><T103/><D135/><U20/><E71/><V121/><F121/><W83/><G35/><T27/><D126/><U110/><E123/><V101/><F30/><W28/><G28/><T12/><D91/><U114/><E114/><V43/><F85/><N who="3" m="48375" /><G125/><T72/><D12/><N who="1" m="5151" /><E110/><V57/><F132/><W11/><G134/><T33/><D50/><U16/><E25/><V122/><F122/><W2/><G2/><T29/><D108/><U94/><AGARI ba="3,0" hai="16,20,24,54,55,79,80,84,87,89,94" m="5151" machi="94" ten="30,4000,0" yaku="8,1,52,1,54,1" doraHai="74" who="1" fromWho="1" sc="371,-23,250,49,250,-13,129,-13" /><INIT seed="1,0,0,4,1,71" ten="348,299,237,116" oya="1" hai0="21,15,23,40,2,111,76,22,131,119,127,49,114" hai1="46,29,51,72,47,16,62,37,117,95,69,99,59" hai2="94,39,79,124,3,97,115,67,41,8,34,60,13" hai3="126,17,109,66,88,1,7,42,53,52,64,73,105"/><U6/><E117/><V35/><F124/><W81/><G105/><T11/><D119/><U107/><E107/><V100/><F115/><W9/><G126/><T121/><D127/><U0/><E72/><V54/><F8/><W75/><G109/><T87/><D2/><U56/><E29/><V44/><F3/><W102/><G102/><T50/><D111/><U84/><E84/><V129/><F129/><W10/><G42/><T25/><D131/><U19/><E6/><V118/><F118/><W24/><G75/><T65/><D65/><U26/><E0/><V70/><F13/><W122/><G122/><T112/><D121/><U38/><E69/><V106/><F94/><W33/><G73/><T120/><D50/><U55/><E56/><V74/><REACH who="2" step="1"/><F54/><REACH who="2" ten="348,299,227,116" step="2"/><W63/><G53/><T130/><D130/><U27/><E26/><V32/><F32/><W78/><G33/><T77/><D25/><U96/><E27/><V4/><F4/><W125/><G125/><T133/><D114/><U89/><E95/><V58/><F58/><N who="3" m="35271" /><G1/><T12/><D120/><U30/><E55/><V93/><F93/><W57/><G57/><T91/><D112/><U61/><E59/><V86/><F86/><N who="3" m="48439" /><G7/><T18/><D15/><U31/><E51/><V104/><F104/><W132/><G10/><T101/><D11/><U108/><E108/><V113/><F113/><W110/><G110/><T98/><D49/><U20/><E20/><V128/><F128/><W68/><G9/><T90/><D22/><U103/><E103/><V28/><F28/><W135/><G24/><N who="0" m="14391" /><D101/><U116/><E116/><RYUUKYOKU ba="0,1" sc="348,-15,299,15,227,15,116,-15" hai1="16,19,30,31,37,38,46,47,61,62,89,96,99" hai2="34,35,39,41,44,60,67,70,74,79,97,100,106" /><INIT seed="1,1,1,2,5,114" ten="333,314,242,101" oya="1" hai0="60,53,68,99,126,71,16,10,103,41,94,63,23" hai1="46,105,1,64,79,66,19,113,4,124,37,36,33" hai2="48,82,24,77,8,27,73,2,7,28,49,102,93" hai3="107,47,18,88,131,45,78,132,25,15,112,12,54"/><U5/><E113/><V91/><F102/><W6/><G107/><T55/><D41/><U98/><E33/><V56/><F27/><W119/><G112/><T38/><D38/><U125/><E79/><V14/><F2/><W89/><G131/><T134/><D10/><U9/><E19/><V30/><F30/><W85/><G132/><T116/><D134/><U90/><E5/><V35/><REACH who="2" step="1"/><F56/><REACH who="2" ten="333,314,232,101" step="2"/><W95/><G25/><T130/><D103/><U100/><E90/><V127/><F127/><N who="1" m="48713" /><E46/><V84/><AGARI ba="1,2" hai="7,8,14,24,28,35,48,49,73,77,82,84,91,93" machi="84" ten="20,2700,0" yaku="1,1,0,1,7,1,53,0" doraHai="114" doraHaiUra="13" who="2" fromWho="2" sc="333,-8,314,-14,232,50,101,-8" /><INIT seed="2,0,0,0,5,59" ten="325,300,282,93" oya="2" hai0="109,71,14,58,45,17,135,86,111,100,129,0,77" hai1="104,12,103,43,38,54,10,132,56,5,3,46,121" hai2="19,120,31,7,84,55,62,35,15,23,76,64,32" hai3="91,63,39,102,81,34,95,92,122,115,112,9,66"/><V22/><F120/><W93/><G39/><T106/><D71/><U116/><E121/><V128/><F128/><W131/><G34/><T51/><D0/><U75/><E116/><V127/><F127/><W68/><G122/><T74/><D74/><U11/><E132/><V78/><F55/><W85/><G131/><T1/><D1/><U33/><E33/><V18/><F7/><W113/><REACH who="3" step="1"/><G9/><REACH who="3" ten="325,300,282,83" step="2"/><T42/><D129/><U47/><E11/><V79/><F31/><W87/><G87/><T72/><D86/><U52/><E75/><V4/><F4/><W70/><G70/><T101/><D72/><U57/><E38/><V61/><F84/><W67/><G67/><T119/><D119/><U21/><E10/><V2/><F2/><W28/><G28/><T73/><D73/><U108/><E3/><V8/><F8/><W94/><G94/><T44/><D106/><U130/><E5/><V29/><F29/><W6/><G6/><T133/><D133/><U16/><E130/><V126/><F126/><W82/><G82/><T40/><D135/><U89/><E104/><V83/><F83/><W134/><G134/><T26/><D17/><U96/><E16/><V107/><F107/><W30/><G30/><T97/><D111/><U69/><E108/><V90/><F64/><W41/><G41/><T124/><D109/><U36/><E43/><V110/><F110/><W118/><G118/><T50/><D42/><U27/><E69/><V37/><F37/><W99/><AGARI ba="0,1" hai="63,66,68,81,85,91,92,93,95,99,102,112,113,115" machi="99" ten="40,8000,1" yaku="1,1,0,1,11,1,52,1,53,0" doraHai="59" doraHaiUra="48" who="3" fromWho="3" sc="325,-20,300,-20,282,-40,83,90" /><INIT seed="3,0,0,1,2,34" ten="305,280,242,173" oya="3" hai0="12,33,31,46,70,71,22,13,101,67,72,126,91" hai1="111,87,25,35,85,50,43,131,88,76,27,38,42" hai2="36,129,32,47,135,37,78,29,55,0,60,5,7" hai3="105,10,9,44,68,98,99,24,83,48,57,106,107"/><W63/><G68/><T103/><D72/><U81/><E38/><V125/><F5/><W128/><G128/><T108/><D33/><U110/><E131/><V53/><F129/><W19/><G83/><T123/><D123/><U122/><E122/><V8/><F135/><W40/><G24/><T15/><D46/><U66/><E66/><V104/><F104/><W96/><REACH who="3" step="1"/><G19/><REACH who="3" ten="305,280,242,163" step="2"/><T100/><D71/><U64/><E27/><V61/><F29/><W69/><G69/><T20/><D31/><U119/><E25/><V112/><F32/><W54/><AGARI ba="0,1" hai="9,10,40,44,48,54,57,63,96,98,99,105,106,107" machi="54" ten="40,3900,0" yaku="1,1,0,1,53,0" doraHai="34" doraHaiUra="16" who="3" fromWho="3" sc="305,-13,280,-13,242,-13,163,49" /><INIT seed="3,1,0,3,1,76" ten="292,267,229,212" oya="3" hai0="109,25,122,81,111,26,18,112,14,30,63,121,72" hai1="7,129,131,85,47,116,19,37,58,128,125,44,124" hai2="0,71,82,54,104,95,8,4,106,94,49,36,29" hai3="77,61,110,74,24,3,53,101,117,73,62,6,90"/><W64/><G117/><T108/><D63/><U135/><E7/><V91/><F36/><W20/><G110/><T87/><D72/><U2/><E2/><V21/><F71/><W32/><G32/><N who="0" m="20559" /><D26/><U83/><E116/><V42/><F42/><W38/><G38/><T65/><D65/><U133/><E19/><V39/><F39/><W56/><G101/><T126/><D126/><N who="1" m="48747" /><E58/><V103/><F94/><W43/><G43/><T89/><D112/><U27/><E27/><V35/><F103/><W92/><G77/><T86/><D87/><U5/><E5/><V84/><F21/><AGARI ba="1,0" hai="14,18,21,81,86,89,108,109,111,121,122" m="20559" machi="21" ten="30,2000,0" yaku="14,1,52,1" doraHai="76" who="0" fromWho="2" sc="292,23,267,0,229,-23,212,0" /><INIT seed="4,0,0,5,5,67" ten="315,267,206,212" oya="0" hai0="11,12,86,23,62,42,48,88,5,80,77,47,51" hai1="102,90,105,89,97,118,134,36,87,99,120,39,101" hai2="56,26,115,76,58,9,41,45,68,50,34,40,110" hai3="33,35,7,71,64,4,116,32,6,28,66,125,70"/><T119/><D119/><U3/><E3/><V57/><F110/><W91/><G28/><T43/><D62/><U128/><E118/><V104/><F104/><W27/><G116/><T117/><D117/><U60/><E120/><V65/><F76/><W44/><G27/><T18/><D51/><U8/><E8/><V1/><F115/><W17/><G17/><T83/><D43/><U100/><E100/><V109/><F109/><W96/><G125/><T123/><D123/><U113/><E113/><V79/><F79/><W54/><G91/><T114/><D114/><U133/><E60/><N who="2" m="39975" /><F9/><W25/><G96/><T106/><D106/><U46/><E46/><N who="2" m="25927" /><F26/><W73/><G25/><T85/><D23/><U61/><E105/><V111/><F1/><W82/><G64/><T129/><D129/><U75/><E75/><V72/><F72/><W24/><G66/><T103/><D103/><U126/><E87/><V22/><F22/><W81/><G24/><T94/><REACH who="0" step="1"/><D83/><REACH who="0" ten="305,267,206,212" step="2"/><U69/><E128/><V108/><F34/><W127/><G81/><T124/><D124/><U98/><E126/><V122/><F122/><W74/><G127/><T121/><D121/><U37/><E101/><V31/><F31/><W135/><G82/><T59/><D59/><U14/><E102/><V84/><F84/><W92/><G33/><T95/><D95/><U10/><E98/><V16/><F111/><W131/><G35/><T29/><D29/><U55/><E99/><V78/><F108/><W38/><G32/><T52/><D52/><U13/><E97/><V20/><F20/><W49/><G131/><RYUUKYOKU ba="0,1" sc="305,30,267,-10,206,-10,212,-10" hai0="5,11,12,18,42,47,48,77,80,85,86,88,94" /><INIT seed="4,1,1,1,3,50" ten="335,257,196,202" oya="0" hai0="22,52,83,119,8,122,74,15,29,105,47,17,3" hai1="13,25,71,75,51,38,103,12,118,77,69,59,93" hai2="87,2,110,113,40,19,33,18,27,31,125,67,24" hai3="21,111,127,70,131,26,112,54,95,133,61,58,43"/><T66/><D105/><U46/><E118/><V32/><F110/><W78/><G111/><T106/><D106/><U5/><E25/><V16/><F40/><W82/><G112/><T134/><D119/><U97/><E13/><V91/><F113/><W132/><G127/><T123/><D66/><U99/><E99/><V63/><F2/><W102/><G131/><T39/><D134/><U124/><E124/><V92/><F125/><W121/><G121/><T116/><D116/><U68/><E38/><V36/><F36/><W42/><G70/><T44/><D44/><U6/><E59/><V117/><F117/><W49/><G95/><T34/><D39/><U100/><E100/><V57/><REACH who="2" step="1"/><F27/><REACH who="2" ten="335,257,186,202" step="2"/><W88/><G43/><T80/><D123/><U60/><E12/><V130/><F130/><W56/><G42/><T37/><D37/><U115/><E115/><V35/><AGARI ba="1,2" hai="16,18,19,24,31,32,33,35,57,63,67,87,91,92" machi="35" ten="30,4000,0" yaku="1,1,0,1,54,1,53,0" doraHai="50" doraHaiUra="109" who="2" fromWho="2" sc="335,-21,257,-11,186,63,202,-11" /><INIT seed="5,0,0,1,1,28" ten="314,246,249,191" oya="1" hai0="13,95,116,120,87,127,118,39,101,55,40,44,78" hai1="109,48,68,96,61,35,122,30,92,75,46,81,5" hai2="22,124,59,115,106,31,4,23,53,18,49,37,76" hai3="3,56,25,110,0,51,83,11,98,132,125,69,102"/><U66/><E5/><V14/><F37/><W34/><G110/><T85/><D101/><U33/><E122/><V19/><F106/><W88/><G69/><T129/><D127/><U32/><E109/><V17/><F124/><W134/><G125/><T89/><D129/><U104/><E75/><V64/><F115/><W29/><G51/><T43/><D43/><U65/><E65/><V121/><F121/><W131/><G56/><T6/><D120/><U90/><E104/><V107/><F107/><W45/><G45/><T67/><D67/><U72/><E72/><V93/><F76/><W63/><G63/><T79/><D55/><U91/><E81/><V60/><F93/><N who="3" m="58703" /><G11/><T130/><D130/><U1/><E1/><V54/><F54/><W84/><G131/><T58/><D58/><U12/><E12/><V10/><REACH who="2" step="1"/><F31/><REACH who="2" ten="314,246,239,191" step="2"/><W20/><G34/><T114/><D114/><U103/><REACH who="1" step="1"/><E30/><REACH who="1" ten="314,236,239,191" step="2"/><V26/><F26/><W42/><G42/><AGARI ba="0,2" hai="32,33,35,42,46,48,61,66,68,90,91,92,96,103" machi="42" ten="40,12000,1" yaku="1,1,2,1,52,3,53,0" doraHai="28" doraHaiUra="21" who="1" fromWho="3" sc="314,0,236,140,239,0,191,-120" /><INIT seed="5,1,0,2,0,134" ten="314,376,239,71" oya="1" hai0="120,10,135,78,54,93,94,116,22,113,67,70,92" hai1="7,38,112,95,21,64,101,85,117,39,44,42,65" hai2="72,59,86,114,9,47,53,102,0,18,73,69,83" hai3="3,60,103,26,119,128,12,77,33,31,76,11,118"/><U97/><E117/><V100/><F69/><W29/><G103/><T34/><D34/><U27/><E39/><V82/><F82/><W110/><G110/><T25/><D116/><N who="3" m="44585" /><G128/><T35/><D35/><U50/><E112/><V51/><F114/><W124/><G31/><T55/><D78/><N who="3" m="30313" /><G60/><T108/><D113/><U88/><E7/><V14/><F0/><W68/><G68/><T16/><D67/><U104/><E38/><V132/><F132/><W75/><G75/><N who="2" m="28745" /><F59/><W43/><G43/><T5/><D70/><U58/><E58/><V19/><F19/><AGARI ba="1,0" hai="19,21,27,42,44,50,64,65,85,88,95,97,101,104" machi="19" ten="30,2900,0" yaku="7,1,54,1" doraHai="134" who="1" fromWho="2" sc="314,0,376,32,239,-32,71,0" /><INIT seed="5,2,0,2,3,103" ten="314,408,207,71" oya="1" hai0="71,114,94,5,96,132,100,9,40,124,31,38,37" hai1="66,33,101,14,99,13,42,1,72,67,70,112,115" hai2="19,117,17,105,76,15,4,120,2,78,51,7,29" hai3="98,62,23,82,25,134,3,75,32,45,113,126,88"/><U133/><E1/><V63/><F120/><W59/><G3/><T24/><D114/><N who="1" m="43563" /><E72/><V26/><F117/><W22/><G113/><T116/><D116/><U47/><E33/><V73/><F73/><W50/><G126/><T12/><D124/><U90/><E90/><V43/><F2/><W10/><G134/><T16/><D71/><U83/><E83/><V122/><F122/><W118/><G118/><T68/><D68/><U30/><E30/><V125/><F63/><W87/><G75/><T93/><D40/><U35/><E35/><V54/><F43/><W74/><G74/><T18/><D132/><U53/><E53/><V106/><F54/><W81/><G81/><T6/><D18/><U127/><E133/><V97/><F97/><W48/><G32/><T21/><D5/><U85/><E85/><V8/><F29/><W41/><G98/><T128/><D94/><U129/><E127/><V80/><F80/><W36/><G10/><T79/><D79/><U130/><E67/><V111/><F125/><W11/><G11/><T46/><D31/><U102/><E102/><V20/><F8/><W109/><G109/><T55/><D55/><U131/><E66/><V107/><F111/><W57/><G23/><T104/><D93/><N who="1" m="58607" /><E70/><V123/><F123/><W28/><REACH who="3" step="1"/><G59/><REACH who="3" ten="314,408,207,61" step="2"/><T52/><D9/><U39/><AGARI ba="2,1" hai="13,14,39,42,47,129,130,131" m="58607,43563" machi="39" ten="40,3900,0" yaku="19,1,15,1" doraHai="103" who="1" fromWho="1" sc="314,-15,408,55,207,-15,61,-15" /><INIT seed="5,3,0,3,0,121" ten="299,463,192,46" oya="1" hai0="116,5,120,76,84,115,68,28,124,128,41,24,13" hai1="55,126,97,111,131,91,70,2,86,3,96,69,134" hai2="37,118,43,71,85,30,31,27,65,47,102,15,101" hai3="81,18,67,26,62,34,66,122,93,32,38,100,129"/><U21/><E55/><V11/><F11/><W58/><BYE who="2" /><G122/><T16/><D68/><U35/><E21/><UN n2="%E3%80%90%E7%BD%AA%E6%AD%8C%E3%80%91" /><V60/><F118/><W106/><G106/><T75/><D75/><U90/><E86/><V4/><F31/><W7/><G129/><T1/><D120/><U10/><E10/><V50/><F15/><W130/><G130/><T79/><D41/><U9/><E9/><V56/><F85/><W57/><G38/><T51/><D51/><U114/><E131/><V19/><F19/><W8/><G81/><T103/><D103/><U95/><E95/><V49/><F49/><W61/><G18/><T89/><D116/><U17/><E17/><V53/><REACH who="2" step="1"/><F4/><REACH who="2" ten="299,463,182,46" step="2"/><W83/><G26/><T92/><D5/><U88/><E96/><V77/><F77/><W29/><G29/><T42/><D76/><U82/><E97/><V132/><F132/><W45/><G45/><T33/><D79/><U54/><E134/><V104/><F104/><W108/><G83/><T59/><D28/><U110/><E82/><V72/><F72/><W36/><G36/><T113/><D128/><U78/><E78/><V135/><F135/><W39/><G39/><T25/><D13/><U117/><E90/><V112/><F112/><W22/><G22/><AGARI ba="3,1" hai="22,27,30,37,43,47,50,53,56,60,65,71,101,102" machi="22" ten="30,7700,0" yaku="1,1,7,1,24,2,53,0" doraHai="121" doraHaiUra="0" who="2" fromWho="3" sc="299,0,463,0,182,96,46,-86" owari="299,10.0,463,56.0,278,-12.0,-40,-54.0" /></mjloggm>