<mjloggm ver="2.3"><GO type="233" lobby="0"/><UN n0="%E8%B6%85%E3%83%92%E3%83%A2%E3%83%AA%E3%83%AD" n1="%E9%81%8A%E8%B5%B0" n2="%E3%82%A6%E3%83%AB%E3%83%88%E3%83%A9%E7%AB%8B%E7%9B%B4" n3="%70%69%2D%70%6F" dan="17,19,17,17" rate="2150.84,2272.79,2112.17,2198.46" sx="F,M,M,M"/><TAIKYOKU oya="0"/><INIT seed="0,0,0,4,5,4" ten="250,250,250,250" oya="0" hai0="115,49,45,16,82,21,97,69,1,131,127,20,18" hai1="107,128,133,15,108,0,43,100,112,130,90,78,135" hai2="93,5,117,32,7,123,13,64,119,102,24,121,105" hai3="36,116,8,83,65,73,86,6,110,55,95,134,98"/><T33/><D115/><U61/><E0/><V11/><F105/><W126/><G116/><N who="2" m="44617" /><F64/><W40/><G110/><T124/><D33/><U132/><E108/><V92/><F92/><W91/><G126/><N who="0" m="48171" /><D69/><U81/><E43/><V38/><F38/><W39/><G134/><T104/><D131/><N who="1" m="50219" /><E61/><V26/><F93/><W47/><G65/><T34/><D34/><U58/><E58/><V29/><F102/><W122/><G122/><N who="2" m="46601" /><F26/><W12/><G55/><T9/><D82/><U44/><E44/><V84/><F84/><W77/><G73/><T129/><D129/><U101/><E112/><V56/><F56/><W120/><G120/><T57/><D57/><U106/><E90/><V68/><F68/><W80/><G83/><T96/><D49/><AGARI ba="0,0" hai="6,8,12,36,39,40,47,49,77,80,86,91,95,98" machi="49" ten="30,7700,0" yaku="7,1,25,2,52,1" doraHai="4" who="3" fromWho="0" sc="250,-77,250,0,250,0,250,77" /><INIT seed="1,0,0,5,0,62" ten="173,250,250,327" oya="1" hai0="1,69,122,57,101,14,91,58,65,79,125,98,4" hai1="124,104,120,72,52,92,89,0,22,84,128,33,19" hai2="83,26,54,17,49,21,123,68,28,108,95,38,87" hai3="112,102,132,61,31,94,111,114,47,11,129,119,117"/><U71/><E120/><V16/><F123/><W18/><G111/><T77/><D122/><U70/><E33/><V39/><F108/><W86/><G31/><T113/><D113/><U127/><E104/><V5/><F68/><W60/><G129/><T56/><D1/><U66/><E72/><V131/><F131/><W109/><G109/><T41/><D125/><N who="1" m="48203" /><E128/><V110/><F110/><W43/><G132/><T106/><D41/><U115/><E115/><N who="3" m="44074" /><G18/><T78/><D91/><U82/><E0/><V35/><F5/><W126/><G11/><T116/><D116/><N who="3" m="44617" /><G126/><T23/><D4/><U27/><E66/><V25/><F17/><W44/><G44/><T50/><D50/><U13/><E27/><V3/><F3/><W8/><G8/><T36/><D36/><U80/><E52/><V46/><REACH who="2" step="1"/><F95/><REACH who="2" ten="173,250,240,327" step="2"/><W75/><G94/><N who="0" m="58583" /><D69/><AGARI ba="0,1" hai="13,19,22,69,70,71,80,82,84,89,92" m="48203" machi="69" ten="30,1500,0" yaku="18,1" doraHai="62" who="1" fromWho="0" sc="173,-15,250,25,240,0,327,0" /><INIT seed="1,1,0,1,4,108" ten="158,275,240,327" oya="1" hai0="58,76,118,62,40,88,30,97,110,34,10,98,64" hai1="89,107,85,68,16,24,134,100,17,29,19,49,56" hai2="36,39,121,79,25,3,12,35,5,27,14,22,59" hai3="128,47,129,84,55,65,82,1,46,103,81,26,127"/><U125/><E68/><V15/><F121/><W43/><G1/><T135/><D110/><U31/><E134/><V80/><F35/><W109/><G109/><T9/><D118/><U23/><E125/><V67/><F3/><W120/><G127/><T41/><D135/><U114/><E114/><V102/><F102/><W119/><G120/><T77/><D30/><N who="1" m="11275" /><E107/><V48/><F5/><W95/><G65/><T11/><D34/><U50/><E100/><V70/><F70/><W131/><G119/><T44/><D98/><U53/><E49/><V105/><F105/><W21/><G55/><T28/><D28/><U111/><E111/><V61/><F48/><N who="3" m="26719" /><G47/><T78/><REACH who="0" step="1"/><D44/><REACH who="0" ten="148,275,240,327" step="2"/><U130/><E130/><V63/><F22/><W37/><G21/><T42/><D42/><U57/><E57/><V133/><F133/><W4/><G128/><T32/><D32/><U113/><E113/><V91/><F59/><W124/><G129/><T93/><AGARI ba="1,1" hai="9,10,11,40,41,58,62,64,76,77,78,88,93,97" machi="93" ten="40,8000,1" yaku="1,1,0,1,8,1,54,1,53,0" doraHai="108" doraHaiUra="20" who="0" fromWho="0" sc="148,93,275,-41,240,-21,327,-21" /><INIT seed="2,0,0,1,0,116" ten="241,234,219,306" oya="2" hai0="58,124,45,7,54,102,81,35,46,62,117,1,134" hai1="72,118,82,18,65,135,53,31,2,63,126,90,105" hai2="112,115,40,125,78,114,128,120,47,20,97,55,60" hai3="123,107,23,59,121,49,131,39,30,17,129,42,57"/><V44/><F78/><W27/><G107/><T41/><D35/><U130/><E118/><V32/><F32/><W56/><G39/><T0/><D117/><U88/><E105/><V34/><F34/><W122/><G30/><T43/><D134/><U61/><E135/><V76/><F76/><W93/><G93/><T9/><D124/><U70/><E126/><V68/><F97/><W64/><G64/><T50/><D102/><U26/><E2/><V52/><F20/><W110/><G110/><T95/><D95/><U6/><E6/><V79/><F79/><W85/><G85/><T33/><D33/><U8/><E130/><N who="3" m="49674" /><G42/><T22/><D22/><U87/><E72/><V127/><F128/><W109/><G109/><T83/><REACH who="0" step="1"/><D1/><REACH who="0" ten="231,234,219,306" step="2"/><U92/><E31/><V21/><F21/><W10/><G10/><T91/><D91/><U99/><E8/><V103/><F103/><W28/><G28/><T51/><AGARI ba="0,1" hai="0,7,9,41,43,45,46,50,51,54,58,62,81,83" machi="51" ten="20,12000,2" yaku="1,1,0,1,7,1,9,1,53,2" doraHai="116" doraHaiUra="77" who="0" fromWho="0" sc="231,130,234,-30,219,-60,306,-30" /><INIT seed="3,0,0,3,3,92" ten="361,204,159,276" oya="3" hai0="115,111,89,64,133,66,96,46,28,78,93,73,62" hai1="60,45,36,86,76,94,126,4,10,47,18,116,7" hai2="67,117,34,114,83,105,90,37,38,72,9,49,61" hai3="12,81,106,121,99,98,71,1,97,57,109,104,110"/><W6/><G121/><T13/><D111/><N who="3" m="42505" /><G71/><T85/><D73/><U75/><E116/><V134/><F117/><W120/><G120/><T69/><D133/><U108/><E75/><V125/><F114/><W21/><G1/><T8/><D115/><U100/><E108/><V74/><F134/><W32/><G32/><T5/><D28/><U119/><E119/><V39/><F34/><W30/><G81/><T48/><D78/><U20/><E126/><V84/><F125/><W65/><G6/><N who="1" m="2090" /><E36/><V59/><F9/><W135/><G135/><T51/><D66/><U41/><E41/><V122/><F122/><W0/><G0/><T33/><D33/><U131/><E131/><V53/><REACH who="2" step="1"/><F105/><REACH who="2" ten="361,204,149,276" step="2"/><W31/><G21/><T82/><D8/><U29/><E10/><V27/><F27/><W35/><G12/><T2/><D13/><U118/><E118/><V128/><F128/><W3/><G3/><T132/><D132/><U42/><E20/><V25/><F25/><N who="3" m="18895" /><G31/><T88/><D2/><U43/><E29/><V95/><F95/><W112/><G112/><T91/><D93/><U44/><E94/><V15/><F15/><W130/><G130/><T77/><D82/><U56/><E18/><V11/><F11/><W58/><G58/><AGARI ba="0,1" hai="37,38,39,49,53,58,59,61,67,72,74,83,84,90" machi="58" ten="40,2600,0" yaku="1,1,53,1" doraHai="92" doraHaiUra="63" who="2" fromWho="3" sc="361,0,204,0,149,36,276,-26" /><INIT seed="4,0,0,3,1,47" ten="361,204,185,250" oya="0" hai0="103,94,124,77,21,87,84,132,56,17,9,32,131" hai1="33,101,83,14,119,79,54,42,18,24,108,129,62" hai2="114,106,110,60,43,30,8,89,1,98,26,125,63" hai3="69,58,99,90,46,120,135,107,29,121,118,82,34"/><T51/><D32/><U70/><E119/><V75/><F110/><W55/><G69/><T128/><D124/><U68/><E108/><V111/><F111/><W4/><G118/><T81/><D9/><U67/><E129/><V105/><F75/><W57/><G135/><T95/><D132/><U16/><E70/><V76/><F76/><W49/><G4/><T27/><D103/><U41/><E101/><V126/><F43/><W39/><G107/><T25/><D25/><U5/><E5/><N who="2" m="1071" /><F89/><W91/><G39/><T11/><D11/><U104/><E104/><V92/><F92/><N who="3" m="56727" /><G82/><T109/><D109/><U61/><E33/><N who="2" m="20695" /><F114/><W116/><G91/><T45/><D56/><U37/><E54/><V59/><F98/><W15/><G15/><T115/><D115/><U50/><E61/><N who="2" m="23627" /><F59/><W7/><G7/><T134/><D134/><U31/><E37/><V19/><F106/><W64/><G64/><T102/><D102/><U123/><E123/><N who="3" m="47178" /><G116/><T20/><D20/><U72/><E14/><V53/><F105/><W28/><G28/><T88/><REACH who="0" step="1"/><D95/><REACH who="0" ten="351,204,185,250" step="2"/><U86/><E31/><V0/><F126/><W2/><G2/><T127/><D127/><U80/><E24/><AGARI ba="0,1" hai="24,29,34,46,49,55,57,58" m="47178,56727" machi="24" ten="30,2000,0" yaku="13,1,52,1" doraHai="47" who="3" fromWho="1" sc="351,0,204,-20,185,0,250,30" /><INIT seed="5,0,0,0,2,13" ten="351,184,185,280" oya="1" hai0="119,33,3,56,49,54,0,135,18,60,15,12,109" hai1="10,21,69,35,61,106,26,16,105,24,68,93,2" hai2="84,127,73,70,51,126,81,101,89,108,107,72,39" hai3="79,36,23,34,59,44,104,111,92,32,42,112,74"/><U83/><E93/><V114/><F39/><W133/><G111/><T100/><D119/><U120/><E120/><V55/><F70/><W19/><G104/><T117/><D33/><U48/><E48/><V11/><F108/><W102/><G112/><T87/><D117/><U14/><E83/><V85/><F11/><W86/><G133/><T4/><D109/><U88/><E88/><N who="2" m="51215" /><F55/><W82/><G59/><T113/><D113/><U94/><E94/><N who="2" m="54575" /><F51/><W129/><G129/><T132/><D100/><U20/><E35/><V22/><F22/><W80/><G80/><T66/><D87/><U50/><E50/><V41/><F41/><W78/><G78/><T130/><D130/><U97/><E2/><V91/><F91/><W71/><G71/><T28/><D3/><U96/><E10/><V6/><F6/><W67/><G67/><T17/><D0/><U45/><E14/><V43/><F43/><W124/><G86/><T30/><D132/><U62/><REACH who="1" step="1"/><E16/><REACH who="1" ten="351,174,185,280" step="2"/><N who="0" m="6249" /><D135/><U118/><E118/><V53/><F114/><W25/><G34/><T77/><D15/><U125/><E125/><V27/><F127/><W122/><G124/><T1/><D1/><U7/><E7/><V116/><F126/><W38/><G122/><T31/><D12/><U110/><E110/><V40/><F116/><W128/><G32/><T90/><D4/><U8/><E8/><V103/><F103/><W52/><G19/><T57/><D90/><U47/><AGARI ba="0,1" hai="20,21,24,26,45,47,61,62,68,69,96,97,105,106" machi="47" ten="25,9600,0" yaku="1,1,0,1,22,2,53,0" doraHai="13" doraHaiUra="123" who="1" fromWho="1" sc="351,-32,174,106,185,-32,280,-32" /><INIT seed="5,1,0,1,0,64" ten="319,280,153,248" oya="1" hai0="4,113,56,17,47,61,58,8,93,85,65,55,6" hai1="84,14,27,123,120,32,71,39,111,25,26,130,21" hai2="103,89,92,40,132,125,73,20,31,13,82,37,67" hai3="19,112,119,116,127,135,1,60,24,107,7,72,114"/><U83/><E39/><V23/><F132/><W102/><G72/><T52/><D113/><N who="3" m="43625" /><G135/><T18/><D47/><U122/><E130/><V33/><F125/><W51/><G127/><T129/><D129/><U98/><E111/><V62/><F40/><W117/><G51/><T41/><D41/><U22/><E32/><V126/><F37/><W121/><G121/><T57/><D55/><U16/><E98/><V53/><F53/><W104/><G102/><T100/><D57/><U34/><E34/><V128/><F128/><W131/><G131/><T118/><D118/><U66/><E66/><V109/><F109/><W81/><G81/><T5/><D8/><U105/><E105/><V91/><F126/><W29/><G19/><T59/><D59/><U97/><E97/><V99/><F99/><W80/><G80/><T124/><D124/><U3/><E3/><V79/><F103/><W69/><G7/><T87/><D100/><U38/><E38/><V42/><F42/><W11/><G11/><T86/><REACH who="0" step="1"/><D93/><REACH who="0" ten="309,280,153,248" step="2"/><U110/><E110/><V44/><F44/><W45/><G45/><T75/><D75/><U96/><E123/><V30/><F73/><W36/><G117/><T63/><AGARI ba="1,1" hai="4,5,6,17,18,52,56,58,61,63,65,85,86,87" machi="63" ten="40,12000,2" yaku="1,1,0,1,8,1,54,1,53,3" doraHai="64" doraHaiUra="0" who="0" fromWho="0" sc="309,133,280,-61,153,-31,248,-31" /><INIT seed="6,0,0,4,1,78" ten="442,219,122,217" oya="2" hai0="25,66,34,76,51,29,36,89,92,24,58,67,101" hai1="20,128,113,93,106,71,59,117,70,64,11,98,105" hai2="5,130,94,85,38,41,65,4,73,57,135,35,75" hai3="134,102,31,103,81,83,123,16,110,40,124,97,50"/><V82/><F35/><W56/><G110/><T68/><D36/><U26/><E117/><V55/><F73/><W100/><G123/><T109/><D68/><U47/><E128/><V104/><F104/><W18/><G124/><T132/><D109/><U12/><E113/><V8/><F130/><W3/><G3/><T42/><D101/><U115/><E115/><V121/><F121/><W32/><G134/><T99/><D76/><U52/><E47/><N who="2" m="23991" /><F135/><W17/><G97/><T21/><D132/><U96/><E106/><V88/><F65/><W2/><G2/><T69/><D69/><U63/><E105/><V116/><F116/><W90/><G90/><T46/><D58/><U53/><E71/><V114/><F114/><W84/><G84/><T9/><D9/><U80/><E80/><N who="3" m="30794" /><G32/><T22/><D34/><U54/><E70/><V43/><F43/><W62/><G31/><AGARI ba="0,0" hai="21,22,24,25,29,31,42,46,51,66,67,89,92,99" machi="31" ten="30,3900,0" yaku="7,1,9,1,8,1" doraHai="78" who="0" fromWho="3" sc="442,39,219,0,122,0,217,-39" /><INIT seed="7,0,0,2,4,125" ten="481,219,122,178" oya="3" hai0="102,83,67,49,55,63,88,64,25,52,98,32,8" hai1="131,101,30,95,73,106,60,68,37,122,53,45,82" hai2="107,20,23,50,19,16,117,72,120,21,34,36,12" hai3="38,66,90,97,39,57,77,133,111,115,56,46,9"/><W116/><G116/><T5/><D83/><U10/><E122/><V29/><F36/><W112/><G77/><T103/><D103/><U62/><E131/><V26/><F107/><W27/><G133/><T76/><D88/><U13/><E106/><V65/><F72/><W1/><G111/><T126/><D64/><U14/><E30/><N who="2" m="19799" /><F50/><W99/><G27/><T78/><D126/><U84/><E14/><N who="2" m="9239" /><F65/><W18/><G66/><T87/><D87/><U69/><E84/><V44/><F44/><W51/><G39/><T15/><D55/><U89/><E101/><V54/><F54/><N who="3" m="30071" /><G38/><T42/><D42/><U113/><E53/><V121/><F117/><W22/><G90/><T91/><D91/><U100/><E89/><V40/><F40/><W104/><G104/><N who="0" m="63575" /><D49/><U11/><E100/><V110/><F110/><W70/><G70/><N who="0" m="42367" /><D52/><U59/><E69/><V132/><F132/><W61/><G61/><T17/><D76/><U134/><E68/><V123/><F29/><W108/><G108/><T48/><D78/><N who="1" m="44367" /><E134/><V94/><F94/><W6/><G97/><T7/><D48/><U24/><E37/><V119/><F119/><W35/><G99/><T105/><D105/><U127/><E62/><V86/><F86/><W31/><G57/><T93/><D93/><U96/><E59/><V118/><F118/><W4/><G31/><AGARI ba="0,0" hai="5,7,8,15,17,25,31,32" m="42367,63575" machi="31" ten="30,1000,0" yaku="25,1" doraHai="125" who="0" fromWho="3" sc="481,10,219,0,122,0,178,-10" owari="491,59.0,219,2.0,122,-38.0,168,-23.0" /></mjloggm>