<mjloggm ver="2.3"><GO type="225" lobby="0"/><UN n0="%E5%A4%A7%E5%AE%AE%E5%BF%8D%76" n1="%65%69%6B%31" n2="%E3%83%88%E3%83%88%E3%83%AA%E5%85%88%E7%94%9F%31%39%E6%AD%B3" n3="%64%61%61%61%61%61%61%61" dan="17,18,17,17" rate="2165.53,2212.91,2182.87,2200.14" sx="M,M,F,F"/><TAIKYOKU oya="0"/><INIT seed="0,0,0,2,4,116" ten="250,250,250,250" oya="0" hai0="91,126,37,0,100,2,48,65,18,55,101,118,24" hai1="6,98,22,78,79,45,35,61,14,71,68,70,131" hai2="88,42,121,107,8,94,76,13,4,82,92,110,32" hai3="132,83,10,28,23,99,21,112,46,16,105,57,129"/><T125/><D118/><U87/><E35/><V133/><F121/><W59/><G112/><T12/><D37/><U7/><E131/><V108/><F32/><W27/><G129/><T49/><D65/><U85/><E61/><V11/><F107/><W75/><G132/><T124/><D24/><U40/><E98/><V58/><F133/><W130/><G130/><T60/><D60/><U17/><E85/><N who="2" m="50231" /><F76/><W25/><G75/><T122/><D91/><U123/><E123/><V102/><F102/><N who="0" m="39530" /><D122/><U31/><E31/><V86/><F86/><W114/><G83/><T53/><D18/><U5/><REACH who="1" step="1"/><E87/><REACH who="1" ten="250,240,250,250" step="2"/><V93/><F108/><W117/><G99/><T64/><D64/><U109/><E109/><V134/><F110/><W41/><G117/><T72/><D72/><U19/><E19/><V62/><F134/><W106/><G16/><T1/><D12/><U120/><E120/><V104/><F104/><W30/><G105/><T26/><D26/><U115/><E115/><V29/><F29/><W113/><G106/><T89/><D89/><U54/><E54/><AGARI ba="0,1" hai="0,1,2,48,49,53,54,55,124,125,126" m="39530" machi="54" ten="40,7700,0" yaku="28,2,18,1" doraHai="116" who="0" fromWho="1" sc="250,87,240,-77,250,0,250,0" /><INIT seed="0,1,0,2,4,8" ten="337,163,250,250" oya="0" hai0="6,111,21,110,23,54,70,109,82,56,102,25,29" hai1="63,121,104,97,95,52,26,4,33,43,42,85,37" hai2="12,106,66,129,118,101,44,36,120,18,28,30,58" hai3="133,50,15,60,79,5,100,49,19,0,127,83,39"/><T93/><D70/><U92/><E121/><V45/><F120/><W90/><G39/><T84/><D6/><U64/><E37/><V62/><F129/><W91/><G0/><T27/><D93/><U114/><E114/><V32/><F118/><W14/><G133/><T88/><D102/><U124/><E124/><V81/><F106/><W119/><G119/><T128/><D128/><U65/><E4/><V80/><F101/><W51/><G127/><T9/><D9/><U125/><E125/><V94/><F94/><W89/><G100/><T16/><D56/><N who="1" m="35207" /><E33/><V99/><F99/><W78/><G5/><T17/><D54/><U38/><E38/><V34/><F34/><W112/><G112/><T71/><D71/><U57/><E104/><V87/><F80/><W2/><G2/><T132/><D132/><U131/><E131/><V13/><F18/><AGARI ba="1,0" hai="16,17,18,21,23,25,27,29,82,84,88,109,110,111" machi="18" ten="40,12000,1" yaku="14,1,10,1,54,2" doraHai="8" who="0" fromWho="2" sc="337,123,163,0,250,-123,250,0" /><INIT seed="0,2,0,5,3,79" ten="460,163,127,250" oya="0" hai0="40,75,131,118,104,36,51,56,52,127,55,28,16" hai1="82,106,78,32,67,116,24,72,99,13,76,62,30" hai2="8,134,9,93,47,29,115,74,18,7,90,86,87" hai3="2,125,89,128,46,133,33,73,129,120,70,64,54"/><T57/><D104/><U53/><E116/><V91/><F115/><W5/><G89/><T98/><D118/><U77/><E53/><V84/><F74/><W100/><G54/><T114/><D114/><U1/><E1/><V14/><F134/><W49/><G49/><T61/><D75/><U27/><E27/><V4/><F29/><W42/><G46/><T71/><D28/><U48/><E48/><V105/><F105/><W96/><G42/><T68/><D98/><U50/><E50/><V44/><F86/><W124/><G5/><T119/><D119/><U21/><E21/><V38/><F38/><W111/><G64/><T135/><D16/><U107/><E13/><V65/><F65/><W94/><G2/><T59/><D135/><U34/><E34/><V26/><F26/><W6/><G73/><T12/><D12/><U10/><E10/><V103/><F103/><W66/><G100/><T130/><D127/><U25/><E25/><V43/><F43/><W95/><G124/><T39/><D59/><U97/><E107/><V126/><F126/><W112/><G125/><T19/><D19/><U81/><E106/><V122/><F122/><W20/><G133/><T58/><D58/><U102/><E102/><V110/><F110/><W109/><G109/><T132/><D132/><U31/><E31/><V88/><F90/><W63/><G111/><T113/><D113/><U108/><E108/><V0/><F18/><W15/><G120/><T41/><D51/><U117/><E117/><V121/><F121/><W17/><G112/><T11/><D11/><U22/><E72/><RYUUKYOKU ba="2,0" sc="460,15,163,-15,127,15,250,-15" hai0="36,39,40,41,52,55,56,57,61,68,71,130,131" hai2="0,4,7,8,9,14,44,47,84,87,88,91,93" /><INIT seed="0,3,0,0,1,29" ten="475,148,142,235" oya="0" hai0="77,55,129,112,9,117,104,50,93,124,85,57,3" hai1="134,122,102,100,128,78,108,40,32,115,8,24,130" hai2="34,121,22,47,73,54,131,68,67,76,58,88,7" hai3="63,43,81,28,103,2,26,17,52,114,56,75,127"/><T116/><D104/><U31/><E122/><V30/><F121/><W62/><G114/><T66/><D112/><U74/><E115/><V110/><F34/><W23/><G127/><T79/><D124/><U87/><E74/><V61/><F7/><W64/><G2/><T14/><D3/><U36/><E108/><V41/><F110/><W118/><G118/><T89/><D129/><N who="1" m="49771" /><E134/><V111/><F111/><W126/><G126/><T59/><D116/><U97/><E8/><V39/><F131/><W15/><G43/><T10/><D117/><U86/><E78/><V107/><F107/><W21/><G103/><N who="1" m="39466" /><E97/><V71/><F88/><W53/><G75/><T135/><D135/><U94/><E94/><V5/><F5/><W6/><G6/><N who="0" m="3383" /><D10/><U11/><E11/><V125/><F125/><W96/><G96/><T0/><D0/><U72/><E72/><V65/><F73/><W38/><G81/><T44/><D79/><U105/><E105/><V69/><REACH who="2" step="1"/><F76/><REACH who="2" ten="475,148,132,235" step="2"/><W113/><G113/><T92/><D77/><U16/><E87/><V13/><F13/><W1/><G1/><T109/><D109/><U95/><E86/><V35/><F35/><W90/><G90/><T18/><D93/><U12/><E95/><V51/><F51/><W84/><G84/><T80/><D92/><U45/><E12/><V82/><F82/><W91/><G91/><T46/><D89/><U99/><E99/><V27/><AGARI ba="3,1" hai="22,27,30,39,41,47,54,58,61,65,67,68,69,71" machi="27" ten="40,5200,0" yaku="1,1,0,1,53,1" doraHai="29" doraHaiUra="48" who="2" fromWho="2" sc="475,-29,148,-16,132,71,235,-16" /><INIT seed="1,0,0,5,0,25" ten="446,132,203,219" oya="1" hai0="12,52,131,100,23,32,16,114,10,7,28,84,119" hai1="83,39,47,59,96,56,2,71,53,102,122,87,19" hai2="94,33,57,15,115,63,81,124,134,107,90,29,85" hai3="46,125,95,54,3,1,58,36,40,111,13,66,4"/><U118/><E118/><V75/><F107/><W128/><G111/><T67/><D119/><U61/><E122/><V9/><F134/><W62/><G128/><T8/><D114/><U109/><E2/><V89/><F124/><W70/><G125/><T101/><D67/><U27/><E71/><V20/><F33/><W112/><G112/><T120/><D131/><U69/><E69/><V82/><F115/><W130/><G130/><T92/><D120/><U0/><E0/><V26/><F89/><W37/><G37/><T99/><D84/><U91/><E109/><V6/><REACH who="2" step="1"/><F75/><REACH who="2" ten="446,132,193,219" step="2"/><W135/><G135/><T18/><D32/><U30/><E102/><V65/><AGARI ba="0,1" hai="6,9,15,20,26,29,57,63,65,81,82,85,90,94" machi="65" ten="20,12000,2" yaku="1,1,2,1,0,1,7,1,8,1,52,1,53,0" doraHai="25" doraHaiUra="14" who="2" fromWho="2" sc="446,-30,132,-60,193,130,219,-30" /><INIT seed="2,0,0,5,2,14" ten="416,72,323,189" oya="2" hai0="24,113,88,26,36,15,11,18,38,45,4,51,126" hai1="133,107,20,115,16,2,86,70,12,21,121,114,93" hai2="47,13,108,61,99,65,0,118,55,46,34,66,131" hai3="6,17,127,109,130,84,31,96,83,112,32,8,71"/><V59/><F0/><W3/><G71/><T134/><D113/><U41/><E107/><V53/><F118/><W9/><G112/><N who="1" m="43050" /><E70/><V105/><F34/><W73/><G73/><T100/><D126/><U94/><E41/><V74/><F74/><W25/><G127/><T92/><D134/><U85/><E2/><V67/><F131/><W54/><G130/><T80/><D100/><U37/><E37/><V129/><F129/><W95/><G109/><T79/><D79/><U104/><E104/><V60/><F108/><W117/><G117/><T30/><D4/><U97/><E97/><V87/><F105/><W91/><G54/><N who="2" m="20489" /><F99/><W102/><REACH who="3" step="1"/><G9/><REACH who="3" ten="416,72,323,179" step="2"/><T7/><D11/><U27/><E27/><V57/><F87/><W5/><G5/><T52/><D7/><U22/><E86/><V110/><F110/><W78/><G78/><T135/><D26/><U28/><E85/><V106/><F106/><W119/><G119/><T98/><D24/><U43/><E133/><V10/><F66/><W103/><G103/><T62/><D135/><U128/><E128/><V81/><F81/><W76/><G76/><T19/><D80/><U75/><E75/><V64/><F67/><W72/><G72/><T23/><D98/><U125/><E125/><V1/><F1/><W50/><G50/><T90/><D51/><U44/><E94/><V132/><F132/><W77/><G77/><T123/><D92/><U40/><E93/><V116/><F116/><W29/><G29/><T89/><D30/><U63/><E28/><V82/><F82/><W39/><G39/><T124/><D38/><RYUUKYOKU ba="0,1" sc="416,-15,72,-15,323,15,179,15" hai2="10,13,46,47,57,59,60,61,64,65" hai3="3,6,8,17,25,31,32,83,84,91,95,96,102" /><INIT seed="2,1,1,4,1,75" ten="401,57,338,194" oya="2" hai0="13,7,112,28,125,59,95,80,24,53,108,17,79" hai1="72,134,100,64,49,62,32,126,111,135,25,11,92" hai2="93,47,128,88,119,48,67,37,133,77,91,57,2" hai3="34,82,41,130,102,31,12,14,33,1,104,36,132"/><V78/><F119/><W19/><G1/><T58/><D112/><U16/><E111/><V117/><F117/><W22/><G36/><T124/><D108/><U29/><E126/><N who="0" m="48745" /><D7/><U8/><E72/><V97/><F2/><W54/><G41/><T43/><D43/><U63/><E49/><V110/><F37/><W50/><G104/><T70/><D70/><U30/><E30/><V42/><F128/><W52/><G102/><T87/><D95/><U122/><E122/><V85/><F133/><N who="1" m="50697" /><E63/><N who="2" m="38383" /><F110/><W39/><G31/><T27/><D53/><U18/><E92/><AGARI ba="1,1" hai="42,47,48,77,78,85,88,91,92,93,97" m="38383" machi="92" ten="30,11600,0" yaku="8,1,52,2,54,1" doraHai="75" who="2" fromWho="1" sc="401,0,57,-119,338,129,194,0" owari="401,20.0,-62,-56.0,467,57.0,194,-21.0" /></mjloggm>