<mjloggm ver="2.3"><GO type="169" lobby="0"/><UN n0="%E3%83%95%E3%83%AA%E3%83%BC%E3%82%B6%E6%A7%98" n1="%E5%B0%B1%E6%B4%BB%E7%94%9F%40%E5%B7%9D%E6%9D%91%E8%BB%8D%E5%9B%A3" n2="%E3%81%97%E3%81%8B%E8%8C%B6" n3="%E6%AF%94%E5%98%89%E7%A7%80%E4%BB%81" dan="17,16,16,16" rate="2179.76,2112.22,2152.83,2120.54" sx="M,M,M,M"/><TAIKYOKU oya="0"/><INIT seed="0,0,0,2,5,119" ten="250,250,250,250" oya="0" hai0="104,1,113,126,121,16,63,88,68,13,61,40,36" hai1="38,23,84,107,130,79,123,100,12,62,41,81,31" hai2="6,98,85,97,124,94,77,58,114,17,49,8,80" hai3="105,26,34,103,106,111,35,95,92,74,47,127,133"/><T120/><D113/><U60/><E130/><V73/><F124/><W67/><G127/><T21/><D126/><U9/><E38/><V69/><F69/><W132/><G74/><T90/><D104/><U18/><E41/><V87/><F114/><W15/><G67/><T3/><D40/><U89/><E123/><V122/><F122/><W51/><G111/><T135/><D36/><U14/><E31/><V7/><F73/><W96/><G15/><T46/><D46/><U33/><E33/><N who="3" m="12298" /><G26/><T42/><D42/><U76/><E100/><V112/><F112/><W66/><G66/><T52/><D135/><N who="3" m="51785" /><G106/><T30/><D30/><U37/><E37/><V115/><F115/><W131/><G131/><T110/><D110/><U59/><E107/><V82/><F97/><W129/><G129/><T64/><D1/><U70/><E70/><V19/><F49/><W29/><G29/><T32/><D3/><U54/><REACH who="1" step="1"/><E60/><REACH who="1" ten="250,240,250,250" step="2"/><V78/><F58/><W93/><G105/><T48/><D32/><U27/><E27/><V22/><F8/><W28/><G28/><T43/><D63/><U2/><E2/><V91/><REACH who="2" step="1"/><F17/><AGARI ba="0,1" hai="9,12,14,17,18,23,54,59,62,76,79,81,84,89" machi="17" ten="30,7700,0" yaku="1,1,7,1,8,1,53,1" doraHai="119" doraHaiUra="5" who="1" fromWho="2" sc="250,0,240,87,250,-77,250,0" /><INIT seed="1,0,0,1,1,90" ten="250,327,173,250" oya="1" hai0="7,124,58,18,47,73,5,126,16,102,65,40,103" hai1="8,46,37,88,28,100,15,53,72,76,64,92,128" hai2="32,44,112,48,127,79,107,134,55,2,33,105,6" hai3="45,81,27,132,61,23,20,36,57,77,96,63,135"/><U94/><E128/><V120/><F120/><W14/><G96/><T119/><D73/><U109/><E109/><V98/><F112/><W82/><G36/><T69/><D69/><U25/><E64/><V75/><F134/><N who="3" m="51243" /><G45/><T34/><D34/><U130/><E130/><V89/><F127/><W42/><G42/><T13/><D119/><U30/><E76/><V117/><F117/><W68/><G68/><T35/><D35/><U38/><E72/><V85/><F79/><W11/><G27/><T129/><D129/><U93/><E100/><V49/><F75/><N who="3" m="43199" /><G82/><T116/><D116/><U71/><E71/><V114/><F114/><W84/><G84/><T51/><D65/><U83/><E38/><V3/><F48/><W12/><G12/><T122/><D122/><U80/><E25/><V110/><F110/><W54/><G63/><T70/><D70/><U67/><E67/><V86/><F6/><AGARI ba="0,0" hai="6,11,14,20,23,54,57,61" m="43199,51243" machi="6" ten="30,1000,0" yaku="20,1" doraHai="90" who="3" fromWho="2" sc="250,0,327,0,173,-10,250,10" /><INIT seed="2,0,0,2,4,1" ten="250,327,163,260" oya="2" hai0="38,122,52,61,70,17,115,133,19,41,99,132,48" hai1="26,8,66,65,72,45,47,85,90,12,39,104,50" hai2="98,128,34,106,9,93,81,37,60,103,0,130,75" hai3="126,11,125,32,109,14,71,27,112,35,15,89,59"/><V117/><F34/><W102/><G71/><T100/><D115/><U31/><E72/><V24/><F37/><W135/><G102/><T10/><D122/><U28/><E39/><V69/><F24/><W63/><G112/><T101/><D41/><U78/><E78/><N who="2" m="44255" /><F93/><W67/><G109/><T127/><D38/><U29/><E26/><V18/><F18/><N who="0" m="6666" /><D10/><U2/><E2/><V118/><F60/><W110/><G110/><T76/><D76/><U49/><E104/><V95/><F95/><W97/><G135/><N who="0" m="51787" /><D127/><N who="3" m="48649" /><G27/><T129/><D99/><U62/><E62/><V123/><F69/><W53/><G67/><N who="0" m="41327" /><D129/><N who="2" m="49770" /><F123/><W73/><G73/><T13/><D13/><N who="3" m="4617" /><G11/><T3/><D3/><U16/><E65/><V94/><F94/><AGARI ba="0,0" hai="32,35,53,59,63,89,94,97" m="4617,48649" machi="94" ten="30,1000,0" yaku="18,1" doraHai="1" who="3" fromWho="2" sc="250,0,327,0,163,-10,260,10" /><INIT seed="3,0,0,1,1,87" ten="250,327,153,270" oya="3" hai0="79,103,110,128,81,36,60,80,121,50,67,5,107" hai1="41,93,104,65,105,68,123,66,82,24,134,52,114" hai2="3,1,16,92,108,98,19,21,31,23,78,4,106" hai3="135,0,126,57,89,37,53,59,84,47,38,20,75"/><W14/><G0/><T91/><D36/><U113/><E41/><V7/><F106/><W116/><G116/><T13/><D121/><U48/><E123/><V85/><F108/><W33/><G33/><T118/><D118/><U69/><E134/><V54/><F31/><W46/><G135/><T120/><D120/><U18/><E66/><V96/><F54/><W74/><G126/><T132/><D128/><U2/><E2/><V95/><F85/><W17/><G37/><T25/><D107/><U73/><E93/><V8/><F8/><W58/><G38/><T131/><D103/><U61/><E69/><V124/><REACH who="2" step="1"/><F78/><REACH who="2" ten="250,327,143,270" step="2"/><W88/><G84/><N who="0" m="50575" /><D79/><U133/><E133/><V27/><F27/><W111/><G111/><T94/><D25/><U72/><E104/><V122/><F122/><W63/><G75/><T83/><D110/><U77/><E105/><V44/><F44/><N who="3" m="16939" /><G74/><T56/><D132/><U97/><E72/><V90/><F90/><AGARI ba="0,1" hai="14,17,20,53,57,58,59,63,88,89,90" m="16939" machi="90" ten="30,12000,1" yaku="8,1,52,3,54,1" doraHai="87" who="3" fromWho="2" sc="250,0,327,0,143,-120,270,130" /><INIT seed="3,1,0,3,0,58" ten="250,327,23,400" oya="3" hai0="92,2,62,7,123,108,103,133,3,131,105,117,0" hai1="9,111,11,37,60,79,5,85,66,122,21,87,40" hai2="68,106,72,67,100,41,89,70,93,14,69,121,51" hai3="50,101,43,110,124,99,132,102,104,22,27,25,61"/><W83/><G132/><T88/><D123/><U134/><E111/><V56/><F72/><W91/><G110/><T32/><D117/><U34/><E34/><V42/><F121/><W57/><G124/><T12/><D108/><U63/><E122/><V4/><F106/><W80/><G102/><T53/><D32/><U84/><E79/><V10/><F100/><W82/><G91/><T109/><D109/><U65/><E134/><V98/><REACH who="2" step="1"/><F51/><REACH who="2" ten="250,327,13,400" step="2"/><W116/><G116/><T15/><D105/><U49/><E37/><V96/><F96/><W45/><REACH who="3" step="1"/><G22/><REACH who="3" ten="250,327,13,390" step="2"/><T78/><D103/><U94/><E21/><V54/><F54/><AGARI ba="1,2" hai="25,27,43,45,50,54,57,61,80,82,83,99,101,104" machi="54" ten="40,7700,0" yaku="1,1,2,1,52,1,53,0" doraHai="58" doraHaiUra="113" who="3" fromWho="2" sc="250,0,327,0,13,-80,390,100" owari="250,-15.0,327,13.0,-67,-57.0,490,59.0" /></mjloggm>