<mjloggm ver="2.3"><GO type="233" lobby="0"/><UN n0="%E6%A5%A0%E5%B9%B8%E6%9D%91" n1="%6E%61%6B%61%6A%75%75%6E" n2="%E3%82%A6%E3%83%AB%E3%83%88%E3%83%A9%E7%AB%8B%E7%9B%B4" n3="%6D%61%74%69%6F%73%61%6E" dan="17,17,18,16" rate="2187.68,2219.99,2196.93,2100.94" sx="F,M,M,M"/><TAIKYOKU oya="0"/><INIT seed="0,0,0,0,3,74" ten="250,250,250,250" oya="0" hai0="125,47,17,53,69,116,129,75,49,42,100,26,107" hai1="4,20,113,120,124,114,7,40,99,110,131,35,76" hai2="68,115,97,31,105,48,58,66,33,38,57,21,71" hai3="65,102,88,45,111,126,22,61,103,87,24,29,19"/><T52/><D116/><U72/><E40/><V73/><F21/><W5/><G111/><T70/><D129/><U56/><E56/><V36/><F97/><W18/><G126/><T77/><D125/><U112/><E124/><V43/><F31/><W62/><G5/><T101/><D69/><U9/><E35/><V123/><F73/><W118/><G45/><T39/><D70/><U121/><E99/><V119/><F105/><W135/><G135/><T60/><D107/><U63/><E63/><N who="3" m="24074" /><G118/><T128/><D128/><U3/><E131/><V23/><F23/><N who="3" m="15519" /><G65/><T117/><D117/><U82/><E110/><V133/><F33/><W94/><G19/><T92/><D60/><U96/><E96/><V10/><F119/><W37/><G37/><T106/><D106/><U64/><E64/><V130/><F130/><W50/><G50/><T90/><D39/><U59/><E59/><V67/><F10/><W25/><AGARI ba="0,0" hai="18,22,25,87,88,94,102,103" m="15519,24074" machi="25" ten="30,2000,0" yaku="8,1,54,1" doraHai="74" who="3" fromWho="3" sc="250,-10,250,-5,250,-5,250,20" /><INIT seed="1,0,0,4,2,33" ten="240,245,245,270" oya="1" hai0="11,87,26,98,92,58,25,91,2,49,7,127,1" hai1="117,29,61,62,74,27,48,132,54,18,85,64,89" hai2="109,59,45,94,103,83,5,15,131,102,6,73,60" hai3="66,88,82,108,81,90,86,113,96,31,44,110,125"/><U69/><E117/><V72/><F109/><N who="3" m="42091" /><G66/><T111/><D111/><U115/><E115/><V68/><F68/><W97/><G44/><T112/><D112/><U118/><E118/><V14/><F83/><W116/><G31/><T56/><D127/><U123/><E123/><V76/><F76/><W121/><G116/><T46/><D2/><U134/><E74/><V43/><F94/><N who="3" m="56407" /><G121/><T135/><D135/><N who="1" m="51755" /><E18/><V4/><F45/><W13/><G113/><T0/><D0/><U119/><E119/><V3/><F43/><W107/><G13/><T101/><D26/><U80/><E69/><V71/><F3/><W55/><G55/><T128/><D25/><U120/><E64/><V28/><F28/><W78/><G125/><T70/><D128/><U10/><E10/><V57/><F131/><W100/><G82/><T50/><D70/><U75/><E75/><V130/><F130/><W17/><G17/><T23/><D23/><N who="1" m="15615" /><E120/><V21/><F21/><W77/><AGARI ba="0,0" hai="77,78,81,86,88,97,100,107" m="56407,42091" machi="77" ten="30,7900,0" yaku="14,1,34,2,54,1" doraHai="33" who="3" fromWho="3" sc="240,-20,245,-39,245,-20,270,79" /><INIT seed="2,0,0,3,1,120" ten="220,206,225,349" oya="2" hai0="75,24,8,68,1,58,91,7,78,22,125,34,96" hai1="43,60,16,92,55,39,15,112,134,79,133,59,85" hai2="31,90,88,19,93,5,14,64,40,104,74,26,65" hai3="41,106,45,117,36,77,76,42,25,130,2,98,28"/><V135/><F104/><W109/><G117/><T44/><D68/><U129/><E112/><V116/><F74/><W84/><G2/><T54/><D125/><U47/><E129/><V66/><F116/><W27/><G42/><T94/><D34/><U63/><E63/><V9/><F135/><W110/><G130/><T0/><D0/><U99/><E79/><V113/><F113/><W111/><G84/><T33/><D33/><U89/><REACH who="1" step="1"/><E99/><REACH who="1" ten="220,196,225,349" step="2"/><V12/><F40/><W62/><G62/><T37/><D78/><N who="3" m="30313" /><G28/><T56/><D75/><U35/><E35/><V71/><F71/><W17/><G17/><T81/><D96/><U6/><E6/><V123/><F123/><W126/><G126/><T132/><D7/><U114/><E114/><V10/><REACH who="2" step="1"/><F93/><REACH who="2" ten="220,196,215,349" step="2"/><W21/><G106/><T108/><D94/><U80/><E80/><V3/><F3/><W20/><G41/><T86/><D81/><U115/><E115/><V73/><F73/><W97/><G111/><T23/><D1/><U82/><E82/><V57/><F57/><W13/><G110/><T18/><D108/><U121/><E121/><V83/><F83/><W11/><G109/><T52/><D58/><U127/><E127/><V61/><F61/><W48/><G45/><T118/><D56/><U29/><E29/><V70/><F70/><W124/><G124/><T107/><D44/><U105/><E105/><V4/><F4/><W103/><G36/><T95/><D107/><U87/><E87/><V46/><F46/><W53/><G98/><N who="0" m="57727" /><D37/><U131/><E131/><V30/><F30/><W119/><G97/><RYUUKYOKU ba="0,2" sc="220,-15,196,15,215,15,349,-15" hai1="15,16,39,43,47,55,59,60,85,89,92,133,134" hai2="5,9,10,12,14,19,26,31,64,65,66,88,90" /><INIT seed="2,1,2,0,2,67" ten="205,211,230,334" oya="2" hai0="60,50,90,26,113,74,10,88,89,19,99,97,11" hai1="34,102,72,51,14,6,96,116,132,41,32,2,95" hai2="85,83,84,82,73,17,114,117,94,30,40,77,120" hai3="124,28,127,98,31,112,108,105,45,87,23,36,109"/><V33/><F33/><W121/><G121/><T131/><D113/><U61/><E116/><V38/><F30/><W62/><G112/><T1/><D74/><U129/><E72/><V76/><F114/><W110/><G23/><N who="0" m="13695" /><D1/><U20/><E2/><V126/><F40/><N who="3" m="22663" /><G87/><N who="2" m="33353" /><F17/><W58/><G105/><T63/><D131/><U101/><E132/><V92/><F38/><W27/><G98/><N who="0" m="37387" /><D50/><U103/><E129/><V135/><F120/><W65/><G27/><T53/><D53/><U56/><E34/><V0/><F0/><W118/><G118/><T66/><D66/><U93/><E32/><V24/><F24/><W119/><G119/><T5/><D5/><U39/><E39/><V16/><F16/><W54/><G65/><T75/><D75/><U80/><E96/><V64/><F64/><W106/><G106/><T25/><D25/><U22/><E6/><V13/><F13/><W81/><G81/><T123/><D123/><U7/><E80/><V59/><F117/><W15/><G15/><T86/><D86/><U79/><E7/><V48/><F135/><W9/><G9/><AGARI ba="1,2" hai="9,10,11,60,63,88,89,90" m="37387,13695" machi="9" ten="30,2000,0" yaku="8,1,54,1" doraHai="67" who="0" fromWho="3" sc="205,43,211,0,230,0,334,-23" /><INIT seed="3,0,0,4,1,56" ten="248,211,230,311" oya="3" hai0="87,16,57,13,81,89,60,30,70,76,88,49,34" hai1="19,71,91,39,63,58,75,5,94,120,122,97,78" hai2="116,96,85,41,48,104,0,86,12,129,51,6,101" hai3="108,47,83,103,38,134,45,53,105,43,33,35,67"/><W119/><G119/><T62/><D34/><U110/><E39/><V73/><F73/><W121/><G121/><T72/><D30/><U64/><E110/><V17/><F116/><W115/><G115/><T68/><D68/><U135/><E135/><V93/><F129/><W118/><G118/><T32/><D32/><U133/><E133/><V29/><F29/><W124/><G134/><T24/><D24/><U25/><E5/><V23/><F0/><W84/><G108/><T98/><D98/><U132/><E132/><V113/><F113/><W111/><G111/><T100/><D100/><U114/><E114/><V74/><F74/><W77/><G67/><T107/><D107/><U37/><E37/><V31/><F31/><W90/><G124/><T61/><D70/><U82/><REACH who="1" step="1"/><E71/><REACH who="1" ten="248,201,230,311" step="2"/><V102/><F6/><W28/><G38/><T99/><D99/><U69/><E69/><V106/><F106/><W27/><G35/><T126/><D126/><U117/><E117/><V131/><F104/><W18/><G105/><T7/><D7/><U44/><E44/><N who="2" m="25615" /><F131/><W22/><G33/><T10/><REACH who="0" step="1"/><D72/><REACH who="0" ten="238,201,230,311" step="2"/><U123/><E123/><V127/><F127/><W2/><G47/><T14/><D14/><U11/><E11/><V54/><F102/><W128/><G45/><AGARI ba="0,2" hai="12,17,23,45,51,54,85,86,93,96,101" m="25615" machi="45" ten="30,1000,0" yaku="8,1" doraHai="56" who="2" fromWho="3" sc="238,0,201,0,230,30,311,-10" /><INIT seed="4,0,0,4,2,54" ten="238,201,260,301" oya="0" hai0="71,104,118,28,128,116,88,78,27,94,97,56,49" hai1="19,13,82,53,109,22,21,80,134,44,30,52,69" hai2="46,8,12,108,106,125,45,29,91,112,40,124,34" hai3="76,120,31,135,74,117,87,72,111,60,73,39,9"/><T115/><D115/><U38/><E109/><V70/><F106/><W95/><G39/><T66/><D128/><U37/><E134/><V122/><F70/><W68/><G117/><T41/><D78/><U127/><E69/><V103/><F103/><W4/><G111/><T93/><D104/><U102/><E127/><V26/><F122/><W77/><G135/><T61/><D93/><U3/><E3/><V100/><F100/><W98/><G31/><T33/><REACH who="0" step="1"/><D71/><REACH who="0" ten="228,201,260,301" step="2"/><U23/><E102/><V67/><F112/><W99/><G95/><T58/><D58/><U130/><E130/><V132/><F132/><W50/><G77/><T6/><D6/><U7/><E7/><V119/><F108/><W121/><G76/><T64/><D64/><U32/><E80/><V42/><F67/><W18/><G4/><T114/><D114/><U11/><E82/><V59/><F59/><W65/><G120/><T16/><D16/><U20/><E30/><V89/><F124/><W5/><G121/><T79/><D79/><U90/><E90/><V62/><F125/><W85/><G18/><T35/><D35/><U55/><E32/><V86/><F91/><W0/><G68/><T51/><D51/><N who="1" m="28775" /><E38/><V113/><F113/><W75/><G65/><T96/><D96/><U101/><E37/><V25/><F34/><W1/><G99/><T2/><D2/><U131/><E131/><V84/><F29/><W81/><G98/><T92/><D92/><U17/><E101/><V110/><F89/><W24/><G1/><T123/><D123/><U129/><E129/><V48/><F110/><RYUUKYOKU ba="0,1" sc="228,15,201,15,260,-15,301,-15" hai0="27,28,33,41,49,56,61,66,88,94,97,116,118" hai1="11,13,17,19,20,21,22,23,53,55" /><INIT seed="4,1,1,2,0,82" ten="243,216,245,286" oya="0" hai0="85,35,70,25,111,21,44,131,64,28,100,92,135" hai1="9,47,96,112,46,76,26,3,54,108,78,40,120" hai2="67,80,84,52,104,109,103,49,114,117,48,106,71" hai3="87,73,14,128,129,118,15,27,5,127,17,113,23"/><T126/><D126/><U29/><E120/><V8/><F109/><W133/><G73/><T56/><D135/><U61/><E108/><V60/><F114/><W51/><G118/><T130/><D111/><U89/><E112/><V36/><F36/><W18/><G113/><T119/><D119/><U12/><E3/><V75/><F75/><W53/><G133/><T72/><D72/><U125/><E125/><V65/><F65/><W74/><G74/><T79/><D44/><U11/><E11/><V7/><F49/><W38/><G38/><T88/><D79/><U69/><E69/><V24/><F103/><W1/><G1/><T16/><D100/><U50/><E96/><V30/><F117/><W132/><G5/><T57/><D70/><U34/><E89/><V0/><F24/><W62/><G62/><T6/><D6/><U107/><E107/><V58/><F30/><W2/><G2/><T31/><D31/><U45/><E61/><V55/><F55/><W123/><G123/><T63/><REACH who="0" step="1"/><D57/><REACH who="0" ten="233,216,245,286" step="2"/><U43/><E43/><V39/><F39/><W124/><G132/><T110/><D110/><U102/><E102/><V95/><F71/><W91/><G124/><T99/><D99/><U134/><E134/><V83/><F58/><W13/><G127/><T68/><D68/><U93/><E76/><V105/><F7/><W116/><G116/><T41/><D41/><U121/><E78/><V10/><F0/><W98/><G98/><T122/><D122/><U19/><E121/><V42/><F42/><W59/><G18/><T4/><D4/><U77/><E77/><RYUUKYOKU ba="1,2" sc="233,15,216,-15,245,-15,286,15" hai0="16,21,25,28,35,56,63,64,85,88,92,130,131" hai3="13,14,15,17,23,27,51,53,59,87,91,128,129" /><INIT seed="4,2,2,4,4,64" ten="248,201,230,301" oya="0" hai0="79,83,44,71,28,73,98,10,32,112,133,9,35" hai1="113,55,7,135,103,48,99,82,16,49,94,18,127" hai2="119,117,56,25,92,87,19,106,77,11,66,67,58" hai3="128,123,125,74,3,17,111,22,63,27,81,51,105"/><T85/><D133/><U20/><E135/><V62/><F106/><W14/><G3/><T102/><D112/><U0/><E127/><V132/><F132/><W43/><G111/><T130/><D130/><U42/><E113/><V4/><F19/><W104/><G125/><T60/><D44/><N who="1" m="25623" /><E0/><V108/><F25/><W69/><G128/><T131/><D131/><U23/><E7/><V116/><F108/><W31/><G123/><T8/><D73/><U47/><E82/><N who="2" m="47567" /><F92/><W46/><G74/><T124/><D124/><U33/><E33/><V2/><F67/><W13/><G13/><T80/><D80/><U96/><E96/><V24/><F24/><W100/><G81/><T109/><D28/><U5/><E5/><V118/><F118/><W95/><G95/><T84/><D84/><U86/><E86/><V126/><F126/><W45/><G100/><T39/><D39/><U115/><E115/><V53/><F53/><W114/><G114/><T21/><D109/><U68/><E68/><AGARI ba="2,2" hai="2,4,11,56,58,62,66,68,116,117,119" m="47567" machi="68" ten="30,2000,0" yaku="12,1,52,1" doraHai="64" who="2" fromWho="1" sc="248,0,201,-26,230,46,301,0" /><INIT seed="5,0,0,5,3,93" ten="248,175,276,301" oya="1" hai0="96,20,124,126,75,55,42,70,115,28,41,51,52" hai1="46,90,16,103,15,74,111,6,134,32,27,85,66" hai2="62,26,59,8,23,58,104,54,4,92,89,31,30" hai3="2,18,133,114,24,57,9,25,29,63,40,117,132"/><U56/><E74/><V14/><F104/><W102/><G40/><T99/><D75/><U11/><E134/><V127/><F127/><N who="0" m="48682" /><D70/><U101/><E111/><V109/><F109/><W1/><G117/><T60/><D115/><U135/><E135/><N who="3" m="51786" /><G114/><T113/><D113/><U76/><E76/><V72/><F59/><W116/><G116/><T130/><D130/><U122/><E122/><V34/><F72/><W94/><G25/><N who="0" m="16423" /><D60/><N who="1" m="38151" /><E32/><V107/><F107/><W19/><G94/><T110/><D110/><U49/><E27/><V69/><F69/><W7/><G102/><T106/><D106/><U50/><E6/><V112/><F112/><W123/><G2/><T95/><D55/><N who="1" m="30135" /><E50/><V87/><F34/><N who="3" m="20775" /><G123/><T98/><D95/><AGARI ba="0,0" hai="11,15,16,85,90,95,101,103" m="30135,38151" machi="95" ten="30,2900,0" yaku="8,1,54,1" doraHai="93" who="1" fromWho="0" sc="248,-29,175,29,276,0,301,0" /><INIT seed="5,1,0,1,0,101" ten="219,204,276,301" oya="1" hai0="76,124,72,53,132,30,128,43,8,125,41,102,54" hai1="49,22,16,57,25,94,61,68,21,13,19,70,79" hai2="81,55,2,0,106,65,3,96,103,23,50,98,91" hai3="18,123,117,56,69,39,11,51,71,67,93,46,134"/><U90/><E79/><V9/><F65/><W20/><G123/><T97/><D30/><U127/><E127/><N who="0" m="48713" /><D132/><U37/><E37/><V34/><F34/><W110/><G39/><T122/><D122/><U92/><E49/><V32/><F32/><W135/><G11/><T35/><D35/><U59/><E59/><V6/><F23/><W118/><G110/><T84/><D72/><U27/><E13/><V75/><F75/><W120/><G120/><T116/><D8/><U66/><REACH who="1" step="1"/><E94/><REACH who="1" ten="219,194,276,301" step="2"/><V62/><F50/><W107/><G93/><T95/><D76/><U17/><E17/><V104/><F0/><W45/><G56/><T108/><D95/><U86/><AGARI ba="1,1" hai="16,19,21,22,25,27,57,61,66,68,70,86,90,92" machi="86" ten="20,18000,2" yaku="1,1,0,1,7,1,9,1,54,1,53,1" doraHai="101" doraHaiUra="52" who="1" fromWho="1" sc="219,-61,194,193,276,-61,301,-61" /><INIT seed="5,2,0,3,4,99" ten="158,387,215,240" oya="1" hai0="22,91,34,127,134,64,46,81,45,2,90,135,21" hai1="17,105,56,28,33,114,65,61,37,5,0,98,120" hai2="79,117,126,54,78,125,111,14,128,4,55,53,68" hai3="13,84,29,86,69,58,44,112,108,119,88,10,49"/><U132/><E120/><V35/><F35/><W116/><G69/><T57/><D2/><U60/><E37/><V62/><F111/><W73/><G73/><T7/><D34/><U59/><E114/><V9/><F117/><W103/><G112/><T123/><D7/><U1/><E5/><V42/><F42/><W20/><G58/><T40/><D127/><N who="2" m="48650" /><F128/><W74/><G74/><T107/><D107/><U92/><E105/><V83/><F83/><W38/><G38/><T89/><D81/><U18/><E132/><N who="0" m="50729" /><D123/><U36/><E36/><V12/><F12/><W113/><G108/><T133/><N who="0" m="50737" /><T131/><DORA hai="48" /><D131/><U11/><E28/><V16/><F4/><W24/><G113/><T85/><D85/><U101/><E33/><V77/><F68/><W27/><G86/><T39/><D46/><U47/><E47/><V106/><F106/><W87/><G84/><T19/><D19/><U110/><E110/><V82/><F82/><W129/><G129/><T30/><D30/><U23/><E17/><V71/><F71/><W67/><G29/><T97/><D97/><U63/><E1/><V15/><F15/><W31/><G13/><T26/><D26/><N who="1" m="14711" /><E0/><V130/><F130/><W41/><G31/><T102/><D39/><U70/><E11/><V109/><F109/><W75/><G10/><T122/><D122/><U3/><E3/><V124/><N who="2" m="48658" /><V8/><DORA hai="66" /><F8/><W51/><G119/><T118/><D118/><U104/><E104/><V115/><F115/><W76/><G116/><T25/><D25/><U52/><E70/><V121/><F121/><RYUUKYOKU ba="2,0" sc="158,-15,387,15,215,15,240,-15" hai1="52,56,59,60,61,63,65,92,98,101" hai2="9,14,16,53,54,55,62,77,78,79" /><INIT seed="5,3,0,1,1,19" ten="143,402,230,225" oya="1" hai0="128,43,49,8,21,26,82,48,87,127,20,101,76" hai1="38,75,108,64,129,115,94,70,41,2,131,132,84" hai2="23,99,113,111,112,39,6,130,27,73,14,119,65" hai3="57,22,44,62,102,133,126,100,36,10,46,24,123"/><U121/><RYUUKYOKU type="yao9" ba="3,0" sc="143,0,402,0,230,0,225,0" hai1="2,38,41,64,70,75,84,94,108,115,121,129,131,132" /><INIT seed="5,4,0,2,5,51" ten="143,402,230,225" oya="1" hai0="127,27,61,6,1,113,73,67,125,44,59,134,71" hai1="107,120,68,94,46,41,101,57,28,112,99,100,45" hai2="128,2,89,48,97,87,25,91,130,70,98,96,92" hai3="72,5,69,108,20,30,33,3,126,42,12,31,85"/><U16/><E68/><V119/><F2/><W105/><G72/><T17/><D73/><U88/><E120/><V109/><F25/><W54/><G105/><T35/><D134/><U49/><E28/><V13/><F13/><W86/><G69/><T11/><D113/><U110/><E112/><V52/><F70/><W19/><G108/><T75/><D75/><U9/><E110/><V78/><F78/><W93/><G42/><T23/><D35/><U65/><E107/><V0/><F0/><W36/><G36/><T55/><REACH who="0" step="1"/><D44/><REACH who="0" ten="133,402,230,225" step="2"/><U95/><E46/><N who="2" m="27671" /><F109/><W114/><G114/><T39/><D39/><U76/><E45/><V60/><F119/><W4/><G33/><T7/><D7/><U124/><E124/><V77/><F130/><W121/><G5/><T115/><D115/><U64/><E41/><V79/><F128/><W123/><G4/><T40/><D40/><U133/><E133/><V117/><F117/><W10/><G126/><T122/><D122/><U14/><E76/><N who="2" m="29259" /><F60/><AGARI ba="4,1" hai="1,6,11,17,23,27,55,59,60,61,67,71,125,127" machi="60" ten="40,2600,0" yaku="1,1,52,1,53,0" doraHai="51" doraHaiUra="80" who="0" fromWho="2" sc="133,48,402,0,230,-38,225,0" /><INIT seed="6,0,0,3,2,102" ten="181,402,192,225" oya="2" hai0="35,105,111,48,42,15,10,62,4,13,109,117,124" hai1="72,127,31,104,95,92,55,98,106,118,130,96,47" hai2="32,30,16,120,75,3,39,135,49,71,63,2,123" hai3="107,126,103,112,82,54,26,59,51,40,131,68,113"/><V61/><F39/><W115/><G68/><T100/><D35/><U87/><E31/><V83/><F135/><W41/><G126/><T121/><D121/><U22/><E22/><V94/><F94/><N who="1" m="35881" /><E55/><V17/><F49/><W81/><G131/><T29/><D29/><U36/><E47/><V44/><F44/><W43/><G26/><T86/><D86/><U56/><E56/><V97/><F97/><AGARI ba="0,0" hai="40,41,43,51,54,59,81,82,97,103,107,112,113,115" machi="97" ten="50,6400,0" yaku="15,1,11,1,52,1" doraHai="102" who="3" fromWho="2" sc="181,0,402,0,192,-64,225,64" /><INIT seed="7,0,0,3,1,56" ten="181,402,128,289" oya="3" hai0="23,135,10,19,39,5,71,52,66,6,17,44,9" hai1="126,102,41,113,67,58,89,13,116,30,80,114,22" hai2="106,104,2,46,38,63,118,54,101,81,68,82,69" hai3="93,4,77,32,100,96,20,16,0,85,51,45,124"/><W94/><G32/><T57/><D135/><U117/><E126/><V105/><F118/><N who="1" m="45673" /><E41/><V75/><F2/><W125/><G4/><T53/><D71/><U12/><E102/><V8/><F101/><W99/><G0/><T48/><D66/><U84/><E67/><V130/><F130/><W18/><G77/><T64/><D64/><U87/><E58/><V79/><F8/><N who="0" m="3178" /><D39/><U133/><E133/><V31/><F31/><W88/><G99/><T108/><D108/><U24/><E87/><V3/><F3/><W36/><G36/><T109/><D109/><U40/><E40/><V112/><F112/><AGARI ba="0,0" hai="12,13,22,24,30,80,84,89,112,113,114" m="45673" machi="112" ten="30,2000,0" yaku="15,1,12,1" doraHai="56" who="1" fromWho="2" sc="181,0,402,20,128,-20,289,0" owari="181,-22.0,422,52.0,108,-39.0,289,9.0" /></mjloggm>