<mjloggm ver="2.3"><GO type="169" lobby="0"/><UN n0="%E3%82%A6%E3%83%AB%E3%83%88%E3%83%A9%E7%AB%8B%E7%9B%B4" n1="%E3%83%95%E3%83%B3%E3%83%8C" n2="%E3%81%B6%E3%81%A3%E3%81%A8%E3%81%B3%E3%82%AB%E3%83%BC%E3%83%89" n3="%6A%75%6D%70%2D%75%70" dan="17,16,17,17" rate="2212.01,2092.01,2159.60,2188.64" sx="M,M,M,M"/><TAIKYOKU oya="0"/><INIT seed="0,0,0,2,5,4" ten="250,250,250,250" oya="0" hai0="19,53,30,67,134,21,98,107,57,70,94,123,103" hai1="85,54,86,129,28,18,20,105,42,44,115,121,56" hai2="38,124,33,114,37,65,14,80,96,88,75,132,130" hai3="24,109,79,48,126,31,55,0,84,112,101,9,127"/><T118/><D123/><U135/><E121/><V43/><F33/><W131/><G109/><T93/><D118/><U62/><E105/><V50/><F114/><W49/><G131/><T95/><D134/><U60/><E129/><V83/><F65/><W26/><G101/><T11/><D70/><U58/><E28/><V23/><F132/><W92/><G112/><T99/><D67/><U36/><E135/><V12/><F124/><N who="3" m="47659" /><G49/><T78/><D78/><U16/><E18/><V35/><F35/><W113/><G113/><T13/><D30/><U10/><E115/><V106/><F38/><W15/><G0/><T100/><REACH who="0" step="1"/><D21/><REACH who="0" ten="240,250,250,250" step="2"/><U34/><E34/><V116/><F23/><W81/><G31/><T71/><D71/><U68/><E68/><V128/><F116/><W61/><G61/><AGARI ba="0,1" hai="11,13,19,53,57,61,93,94,95,98,99,100,103,107" machi="61" ten="30,5800,0" yaku="1,1,7,1,52,1,53,0" doraHai="4" doraHaiUra="74" who="0" fromWho="3" sc="240,68,250,0,250,0,250,-58" /><INIT seed="0,1,0,4,4,58" ten="308,250,250,192" oya="0" hai0="34,93,65,17,7,24,77,110,41,66,105,11,51" hai1="63,26,80,40,97,31,6,90,127,28,35,2,46" hai2="16,103,119,29,32,131,10,130,69,128,27,54,33" hai3="4,133,106,43,1,70,73,91,134,13,120,64,67"/><T53/><D105/><U88/><E127/><V81/><F119/><W108/><G73/><T74/><D41/><U0/><E31/><V30/><F103/><W94/><G1/><T39/><D39/><U21/><E35/><N who="2" m="13387" /><F69/><W49/><G106/><T129/><D129/><U115/><E115/><V107/><F107/><W121/><G49/><T42/><D42/><U124/><E124/><V89/><F81/><W48/><G48/><T95/><D110/><U125/><E125/><V5/><F54/><W123/><G43/><T3/><D77/><U9/><E0/><N who="2" m="295" /><F89/><W96/><G108/><T76/><D76/><U109/><E109/><V100/><F100/><W22/><G22/><AGARI ba="1,0" hai="16,22,27,29,30,128,130,131" m="295,13387" machi="22" ten="40,8000,1" yaku="19,1,34,2,54,1" doraHai="58" who="2" fromWho="3" sc="308,0,250,0,250,83,192,-83" /><INIT seed="1,0,0,5,4,38" ten="308,250,333,109" oya="1" hai0="60,53,52,39,7,29,25,94,85,50,26,72,121" hai1="71,33,73,58,23,11,9,42,86,66,1,116,28" hai2="135,65,104,120,54,90,133,76,109,127,13,37,75" hai3="12,112,107,64,81,55,16,129,20,93,95,79,46"/><U40/><E73/><V31/><F120/><W124/><G112/><T96/><D39/><U10/><E71/><V111/><F104/><W115/><G107/><T67/><D72/><U5/><E33/><V6/><F65/><W103/><G124/><T19/><D121/><U8/><E116/><V0/><F127/><W51/><G129/><T59/><D7/><U122/><E122/><V108/><F0/><W88/><G115/><T43/><D85/><U24/><REACH who="1" step="1"/><E86/><REACH who="1" ten="308,240,333,109" step="2"/><V22/><F75/><W57/><G103/><T48/><D29/><U74/><E74/><V131/><F31/><W63/><G79/><T84/><D84/><AGARI ba="0,1" hai="12,16,20,46,51,55,57,63,64,81,84,88,93,95" machi="84" ten="40,5200,0" yaku="8,1,54,2" doraHai="38" who="3" fromWho="0" sc="308,-52,240,0,333,0,109,62" /><INIT seed="2,0,0,2,4,47" ten="256,240,333,171" oya="2" hai0="22,18,92,119,82,32,81,14,80,91,44,88,95" hai1="23,68,134,17,5,57,83,58,8,96,72,6,50" hai2="52,1,60,12,131,45,49,70,53,31,79,16,100" hai3="19,74,128,55,61,125,7,13,129,126,34,40,132"/><V25/><F1/><W101/><G74/><T36/><D32/><U62/><E68/><V21/><F131/><N who="3" m="50251" /><G34/><T43/><D119/><U86/><E72/><V29/><F79/><W48/><G61/><T42/><D36/><U120/><E134/><V69/><F100/><W78/><G40/><T10/><D22/><U124/><E124/><N who="3" m="47722" /><G7/><T118/><D118/><U9/><E96/><V33/><REACH who="2" step="1"/><F31/><REACH who="2" ten="256,240,323,171" step="2"/><W117/><G101/><T2/><D2/><U85/><E120/><V130/><F130/><W71/><G117/><T89/><D89/><U102/><E102/><V39/><F39/><W122/><G78/><T63/><D91/><U30/><E30/><V28/><F28/><W93/><G122/><T59/><D88/><U46/><E83/><V112/><F112/><W24/><G93/><T51/><REACH who="0" step="1"/><D43/><REACH who="0" ten="246,240,323,171" step="2"/><U116/><E116/><V56/><AGARI ba="0,2" hai="12,16,21,25,29,33,45,49,52,53,56,60,69,70" machi="56" ten="30,12000,1" yaku="1,1,0,1,52,1,54,2,53,0" doraHai="47" doraHaiUra="97" who="2" fromWho="2" sc="246,-40,240,-40,323,140,171,-40" /><INIT seed="2,1,0,3,2,35" ten="206,200,463,131" oya="2" hai0="33,46,113,111,0,104,21,103,124,69,67,87,94" hai1="83,42,29,129,8,107,55,3,53,102,97,56,62" hai2="58,100,99,11,39,48,47,44,80,85,25,6,4" hai3="49,20,122,73,65,132,45,98,66,50,76,81,119"/><V1/><F6/><W109/><G119/><T60/><D21/><U110/><E110/><V72/><F72/><W19/><G122/><T128/><D87/><U117/><E117/><V14/><F39/><W92/><G132/><T89/><D94/><U26/><E129/><V24/><F58/><W115/><G109/><T114/><D89/><U18/><E42/><V7/><F47/><W118/><G115/><T90/><D90/><U71/><E83/><V57/><F57/><W112/><G112/><T31/><D46/><U37/><E37/><V70/><F70/><W5/><G5/><T74/><D31/><U13/><E3/><V82/><F82/><W84/><G73/><T15/><D15/><U34/><E71/><V106/><F7/><W120/><G120/><T116/><D60/><U68/><E68/><V135/><F135/><W43/><G50/><T59/><D59/><U16/><E18/><V91/><REACH who="2" step="1"/><F14/><REACH who="2" ten="206,200,453,131" step="2"/><N who="3" m="9335" /><G118/><T88/><D116/><U77/><E56/><V38/><F38/><W63/><G63/><T134/><D134/><U10/><E62/><V64/><F64/><W125/><G125/><T2/><D124/><U61/><E61/><V127/><F127/><W130/><G130/><T79/><D128/><U75/><E75/><V9/><F9/><W51/><G51/><T41/><D114/><U23/><E8/><V12/><F12/><W54/><G54/><AGARI ba="1,1" hai="1,4,11,24,25,44,48,54,80,85,91,99,100,106" machi="54" ten="30,11600,0" yaku="1,1,7,1,52,1,53,1" doraHai="35" doraHaiUra="96" who="2" fromWho="3" sc="206,0,200,0,453,129,131,-119" /><INIT seed="2,2,0,2,4,66" ten="206,200,582,12" oya="2" hai0="25,71,0,18,116,16,56,114,12,39,82,98,11" hai1="14,34,77,121,103,32,72,60,96,92,53,52,93" hai2="110,64,88,105,120,31,133,91,70,42,94,108,54" hai3="19,28,81,74,85,35,90,68,26,45,61,78,124"/><V41/><F105/><W44/><G124/><T117/><D39/><U80/><E121/><V84/><F120/><W20/><G61/><T1/><D71/><U5/><E93/><V30/><F133/><W3/><G3/><T79/><D114/><U65/><E32/><V119/><F119/><N who="0" m="45642" /><D56/><U123/><E34/><V13/><F54/><W130/><G130/><T118/><D118/><U58/><E123/><V21/><F91/><W46/><G68/><T111/><D111/><N who="2" m="42538" /><F13/><W38/><G38/><T29/><D98/><U36/><E36/><V86/><F86/><W73/><REACH who="3" step="1"/><G78/><REACH who="3" ten="206,200,582,2" step="2"/><T95/><D0/><U126/><E126/><V135/><F135/><W17/><G17/><T23/><D1/><U7/><E7/><V22/><F31/><W4/><G4/><T63/><D63/><U89/><E5/><V10/><F30/><W6/><G6/><N who="0" m="3191" /><D95/><U109/><E109/><V2/><F2/><W97/><G97/><T55/><D55/><U128/><E128/><V9/><F42/><W27/><AGARI ba="2,1" hai="19,20,26,27,28,35,44,45,46,73,74,81,85,90" machi="27" ten="30,2000,0" yaku="1,1,0,1,53,0" doraHai="66" doraHaiUra="129" who="3" fromWho="3" sc="206,-7,200,-7,582,-12,2,36" /><INIT seed="3,0,0,1,3,116" ten="199,193,570,38" oya="3" hai0="83,34,46,26,129,39,91,7,10,18,61,55,21" hai1="108,113,44,59,88,14,126,127,87,74,54,70,2" hai2="58,41,119,133,106,117,118,8,77,107,1,105,67" hai3="49,69,43,96,25,71,31,51,52,114,124,123,37"/><W66/><G114/><T38/><D129/><U68/><E2/><V76/><F41/><W103/><G124/><N who="1" m="47658" /><E74/><V92/><F92/><W22/><G123/><T75/><D34/><U24/><E108/><V97/><F97/><W81/><G37/><T111/><D111/><U62/><E24/><V80/><F133/><W28/><G81/><T40/><D61/><U110/><E113/><V78/><F80/><W48/><G43/><T20/><D55/><U94/><E110/><V93/><F93/><W19/><G69/><T109/><D21/><U132/><E132/><V56/><F67/><W36/><G36/><T50/><D109/><U4/><E44/><V134/><F134/><W131/><G131/><T60/><D60/><U27/><E27/><V100/><F100/><W63/><REACH who="3" step="1"/><G52/><REACH who="3" ten="199,193,570,28" step="2"/><T42/><D42/><U98/><E68/><V128/><F128/><W73/><G73/><T12/><D75/><U65/><E70/><V29/><F58/><W89/><G89/><T122/><D122/><U82/><E54/><V130/><F56/><W86/><G86/><N who="0" m="50655" /><D39/><U99/><E82/><V6/><F130/><W90/><G90/><T95/><D38/><U101/><E101/><V53/><F53/><W57/><G57/><T102/><D102/><U125/><E125/><V45/><F45/><W85/><G85/><T11/><D40/><U135/><E135/><V32/><F118/><W115/><G115/><T5/><D46/><U3/><E87/><V47/><F47/><W79/><G79/><T23/><D50/><U35/><E59/><V15/><F119/><W104/><AGARI ba="0,1" hai="19,22,25,28,31,48,49,51,63,66,71,96,103,104" machi="104" ten="30,11700,0" yaku="1,1,5,1,0,1,53,1" doraHai="116" doraHaiUra="16" who="3" fromWho="3" sc="199,-39,193,-39,570,-39,28,127" /><INIT seed="3,1,0,1,4,41" ten="160,154,531,155" oya="3" hai0="71,114,122,11,22,18,92,113,8,56,26,85,15" hai1="72,31,118,98,43,97,67,86,116,5,13,109,101" hai2="121,60,59,47,16,28,135,30,94,66,78,29,80" hai3="64,106,36,77,62,108,89,90,88,104,3,76,51"/><W123/><G123/><T103/><D71/><U33/><E72/><V7/><F121/><W134/><G36/><T65/><D122/><U96/><E109/><V42/><F7/><W130/><G3/><T54/><D65/><U68/><E101/><V100/><F135/><W50/><G134/><T99/><D85/><U119/><E86/><V32/><F32/><W102/><G102/><T45/><D11/><N who="1" m="4335" /><E43/><V120/><F120/><W55/><G50/><T93/><D93/><U74/><E74/><V127/><F127/><W129/><G106/><T126/><D126/><U107/><E107/><V24/><F80/><W40/><G40/><T53/><D45/><U1/><E1/><V12/><F78/><W25/><G25/><T124/><D124/><U73/><E73/><V115/><F115/><N who="0" m="44042" /><D56/><U132/><E132/><V39/><F94/><W2/><G2/><T82/><D82/><U38/><E38/><V58/><F58/><N who="3" m="36951" /><G104/><T4/><AGARI ba="1,0" hai="4,8,15,18,22,26,53,54,92,99,103" m="44042" machi="4" ten="30,1100,0" yaku="11,1" doraHai="41" who="0" fromWho="0" sc="160,14,154,-4,531,-4,155,-6" /><INIT seed="4,0,0,5,3,131" ten="174,150,527,149" oya="0" hai0="98,7,36,8,103,53,6,46,17,88,29,120,39" hai1="10,85,59,3,42,20,70,5,31,104,99,84,65" hai2="67,69,30,57,108,93,82,14,134,109,113,117,64" hai3="79,78,92,11,75,54,0,21,111,97,106,94,52"/><T23/><D120/><U102/><E42/><V101/><F69/><W114/><G111/><T132/><D29/><U41/><E41/><V74/><F67/><W110/><G114/><T50/><D132/><U25/><E70/><V33/><F14/><W44/><G110/><T115/><D115/><U37/><E37/><V105/><F93/><N who="3" m="35947" /><G106/><T62/><D62/><U48/><E48/><V26/><F57/><W125/><G0/><T61/><D88/><U1/><E3/><V60/><F64/><W15/><G75/><T77/><D77/><N who="3" m="29193" /><G125/><T9/><D61/><U55/><E65/><V89/><F60/><W133/><G133/><T38/><D98/><U73/><E73/><V135/><F89/><W68/><G68/><T32/><D103/><U72/><E72/><V116/><F113/><W130/><G130/><T56/><D32/><U126/><E126/><V86/><F86/><W34/><G34/><T51/><D6/><U112/><E112/><V119/><F109/><W87/><G87/><T83/><D7/><U16/><E85/><V24/><F24/><W43/><G21/><T76/><D76/><U128/><E84/><V47/><F108/><W80/><G80/><T91/><D83/><U118/><E128/><V81/><F82/><W13/><G13/><T71/><D71/><U100/><E118/><V122/><F81/><W66/><G66/><T121/><D91/><U127/><E127/><V19/><F74/><W35/><G35/><T4/><D4/><U129/><E129/><V45/><F134/><W124/><G124/><T95/><D95/><U2/><E2/><RYUUKYOKU ba="0,0" sc="174,0,150,0,527,0,149,0" /><INIT seed="5,1,0,3,3,23" ten="174,150,527,149" oya="1" hai0="14,44,33,18,66,55,84,56,113,130,128,122,96" hai1="26,58,12,43,78,34,83,106,9,60,29,94,32" hai2="62,82,57,36,10,132,68,111,72,118,93,104,115" hai3="88,21,38,73,125,85,80,48,7,108,19,117,110"/><U20/><E106/><V50/><F104/><W25/><G38/><T133/><D33/><U4/><E43/><V107/><F107/><W116/><G125/><T120/><D113/><U102/><E94/><V121/><F10/><W22/><G7/><T64/><D96/><U54/><REACH who="1" step="1"/><E102/><REACH who="1" ten="174,140,527,149" step="2"/><V24/><F93/><W0/><G0/><T105/><D105/><U28/><E28/><V95/><F95/><W46/><G73/><AGARI ba="1,1" hai="4,9,12,20,26,29,32,34,54,58,60,73,78,83" machi="73" ten="30,11600,0" yaku="1,1,7,1,52,1,53,1" doraHai="23" doraHaiUra="6" who="1" fromWho="3" sc="174,0,140,129,527,0,149,-119" /><INIT seed="5,2,0,1,1,85" ten="174,269,527,30" oya="1" hai0="19,8,21,129,33,46,80,92,65,126,0,13,35" hai1="24,5,96,114,15,91,77,71,9,4,26,98,34" hai2="95,116,29,52,93,3,107,88,55,123,23,62,122" hai3="120,117,56,54,135,53,36,67,94,87,100,14,121"/><U108/><E71/><V32/><F107/><W64/><G14/><T27/><D65/><N who="3" m="25161" /><G94/><T40/><D129/><U75/><E114/><V82/><F3/><W63/><G87/><T59/><D59/><U28/><E108/><V2/><F2/><W12/><G100/><T84/><D126/><U99/><E26/><N who="2" m="16607" /><F32/><W49/><G12/><T31/><D92/><N who="2" m="35402" /><F116/><W81/><G81/><T11/><D11/><U66/><E66/><V90/><F123/><W70/><G135/><T83/><D83/><U112/><E112/><V44/><F82/><W103/><G103/><T22/><D0/><U30/><E30/><V109/><F122/><W89/><G89/><N who="2" m="34409" /><F109/><W115/><G115/><T18/><D35/><U101/><E75/><V60/><F44/><N who="3" m="27815" /><G117/><T130/><D33/><U51/><E34/><V125/><F125/><W72/><G72/><T61/><D80/><U45/><E101/><V76/><F76/><W111/><G111/><T118/><D118/><U74/><E77/><V37/><F37/><W48/><G120/><T73/><D73/><U86/><E74/><V10/><F10/><W57/><G121/><T1/><D8/><U43/><E4/><V105/><F105/><W97/><G70/><T39/><D1/><U25/><E28/><V41/><F41/><W50/><G97/><T68/><D68/><U110/><E110/><V78/><F78/><W47/><G36/><T42/><D39/><U104/><E104/><V134/><F134/><W38/><G57/><T131/><D131/><U6/><E6/><V79/><F79/><W128/><G128/><T132/><D130/><RYUUKYOKU ba="2,0" sc="174,-30,269,10,527,10,30,10" hai1="5,9,15,24,25,43,45,51,86,91,96,98,99" hai2="52,55,60,62" hai3="38,47,48,50,54,56,63" /><INIT seed="5,3,0,5,2,94" ten="144,279,537,40" oya="1" hai0="129,102,96,86,125,56,114,73,11,76,121,89,39" hai1="54,106,87,82,13,65,100,27,5,128,107,51,46" hai2="133,53,55,30,70,79,69,3,43,98,0,90,91" hai3="6,20,75,4,127,95,105,37,68,77,21,15,80"/><U9/><E128/><V64/><F30/><W72/><G105/><T22/><D39/><U93/><E65/><V62/><F43/><W108/><G37/><T63/><D129/><U130/><E27/><V61/><F79/><W112/><G108/><T104/><D114/><U42/><E130/><V117/><F117/><W26/><G112/><T81/><D125/><U28/><E28/><V115/><F115/><W48/><G68/><T8/><D22/><U33/><E33/><V119/><F119/><W103/><G72/><T36/><D36/><U47/><E47/><V118/><F118/><W109/><G127/><T84/><D121/><U2/><E2/><V97/><F133/><W67/><G67/><AGARI ba="3,0" hai="0,3,53,55,61,62,64,67,69,70,90,91,97,98" machi="67" ten="25,6400,0" yaku="22,2,52,2" doraHai="94" who="2" fromWho="3" sc="144,0,279,0,537,73,40,-73" owari="144,-26.0,279,8.0,610,71.0,-33,-53.0" /></mjloggm>