<mjloggm ver="2.3"><GO type="169" lobby="0"/><UN n0="%66%61%62%65%72%67%65" n1="%E5%B0%B1%E6%B4%BB%E7%94%9F%40%E5%B7%9D%E6%9D%91%E8%BB%8D%E5%9B%A3" n2="%E3%83%9F%E3%82%B9%E3%83%86%E3%82%A3%E3%82%B3" n3="%E7%A0%B2%E3%81%AE%E4%B8%8A%E3%81%AE%E3%81%82%E3%81%AE%E5%A8%98" dan="16,17,16,16" rate="2091.94,2138.97,2091.97,2129.12" sx="F,M,M,F"/><TAIKYOKU oya="0"/><INIT seed="0,0,0,5,1,45" ten="250,250,250,250" oya="0" hai0="88,10,78,71,53,26,1,67,126,103,31,43,124" hai1="89,122,66,0,49,40,132,119,54,129,62,34,70" hai2="102,117,51,80,48,104,57,77,85,125,109,130,56" hai3="24,75,96,116,98,99,91,18,19,133,60,5,118"/><T135/><D135/><U97/><E34/><V23/><F104/><W83/><G133/><T115/><D115/><U8/><E119/><V11/><F117/><W100/><G118/><T39/><D103/><U36/><E122/><V30/><F125/><N who="0" m="48234" /><D78/><U84/><E132/><V92/><F130/><W16/><G116/><T95/><D53/><U47/><E129/><V58/><F109/><W20/><G5/><N who="0" m="1327" /><D39/><U82/><E97/><N who="2" m="59687" /><F11/><W6/><G6/><T41/><D67/><U29/><E8/><V28/><F23/><W74/><G60/><T120/><D71/><U68/><E68/><V32/><F32/><W127/><G127/><T33/><D120/><U37/><E37/><V4/><F4/><W110/><G110/><T3/><D3/><U14/><E0/><V2/><F2/><W123/><G123/><T13/><D13/><U69/><E69/><V134/><F134/><W44/><G44/><T27/><D26/><U101/><E14/><V50/><AGARI ba="0,0" hai="28,30,48,50,51,56,57,58,77,80,85" m="59687" machi="50" ten="30,7900,0" yaku="8,1,52,3" doraHai="45" who="2" fromWho="2" sc="250,-39,250,-20,250,79,250,-20" /><INIT seed="1,0,0,0,3,44" ten="211,230,329,230" oya="1" hai0="101,37,91,116,93,65,79,38,129,34,122,114,7" hai1="124,13,83,69,57,6,126,85,90,115,28,31,92" hai2="131,75,112,108,68,77,134,103,42,74,20,104,70" hai3="36,25,50,109,73,76,123,96,80,105,3,12,5"/><U40/><E115/><V127/><F20/><W32/><G36/><T121/><D114/><U55/><E69/><V26/><F26/><W24/><G123/><N who="0" m="47115" /><D116/><U51/><E40/><V132/><F42/><W88/><G109/><T11/><D34/><U48/><E83/><V63/><F63/><W41/><G3/><T82/><D101/><U62/><E6/><V97/><F112/><W60/><G60/><T52/><D65/><U99/><E13/><V95/><F108/><W23/><G32/><T4/><D129/><U78/><E78/><V86/><F131/><W0/><G0/><N who="0" m="391" /><D7/><U107/><E85/><V94/><F68/><W59/><G5/><T46/><D93/><N who="2" m="35338" /><F70/><W113/><G113/><T130/><D91/><U8/><E8/><V120/><F127/><N who="1" m="48681" /><E107/><V111/><F120/><W66/><G88/><T10/><D10/><U125/><N who="1" m="48689" /><U61/><DORA hai="84" /><E61/><V14/><F14/><W119/><G12/><T53/><D130/><U2/><E2/><V29/><F29/><AGARI ba="0,0" hai="28,29,31,48,51,55,57,62,90,92,99" m="48689" machi="29" ten="40,12000,1" yaku="18,1,52,3" doraHai="44,84" who="1" fromWho="2" sc="211,0,230,120,329,-120,230,0" /><INIT seed="1,1,0,2,5,100" ten="211,350,209,230" oya="1" hai0="41,71,22,108,42,19,76,79,89,18,127,92,51" hai1="97,46,37,35,83,12,104,121,11,132,111,101,47" hai2="91,15,66,120,27,53,50,69,112,129,98,110,48" hai3="4,45,80,44,117,77,1,85,125,73,133,106,3"/><U21/><E121/><V54/><F120/><W116/><G133/><T38/><D71/><U57/><E35/><V78/><F112/><W128/><G128/><T26/><D108/><U118/><E118/><N who="3" m="45674" /><G125/><T39/><D127/><U126/><E126/><V64/><F110/><W32/><G106/><T88/><D51/><U6/><E111/><V122/><F129/><W49/><G32/><T114/><D92/><U58/><E132/><V31/><F122/><W8/><G1/><T14/><D14/><U81/><E21/><V55/><F78/><N who="0" m="29738" /><D26/><U17/><E6/><V52/><F69/><W5/><G5/><T99/><D99/><U74/><E74/><V63/><F15/><W2/><G2/><T9/><D22/><U113/><E113/><V94/><F63/><W82/><G49/><T29/><D29/><U56/><REACH who="1" step="1"/><E37/><REACH who="1" ten="211,340,209,230" step="2"/><V102/><F50/><W25/><G25/><T70/><D39/><U75/><E75/><V36/><F36/><W119/><G119/><T40/><D38/><U103/><E103/><V86/><F27/><W43/><G73/><T62/><D114/><U72/><E72/><V28/><F28/><W90/><G4/><T24/><D24/><U13/><E13/><V33/><F31/><W96/><G3/><T115/><D115/><U124/><E124/><V61/><F61/><W131/><G131/><T68/><D19/><U67/><E67/><V87/><F33/><W107/><G8/><T59/><D18/><U135/><E135/><V34/><F34/><W16/><G16/><T130/><D130/><U60/><E60/><V93/><F66/><RYUUKYOKU ba="1,1" sc="211,-10,340,30,209,-10,230,-10" hai1="11,12,17,46,47,56,57,58,81,83,97,101,104" /><INIT seed="1,2,1,0,2,9" ten="201,370,199,220" oya="1" hai0="55,113,31,76,67,47,93,41,21,126,75,57,90" hai1="133,125,11,18,40,8,77,114,134,14,22,60,132" hai2="7,2,32,64,108,20,84,135,115,78,69,91,83" hai3="129,48,38,119,1,5,112,124,70,71,23,25,107"/><U92/><E114/><V37/><F32/><W87/><G112/><T19/><D113/><U86/><E125/><V53/><F37/><W80/><G124/><T118/><D126/><U28/><E40/><V46/><F115/><W26/><G38/><T68/><D31/><U51/><E51/><V29/><F135/><W104/><G129/><T35/><D35/><U45/><E45/><V44/><F2/><W85/><G119/><T127/><D127/><U116/><E116/><V30/><F7/><W59/><G59/><T101/><D101/><U3/><E3/><V98/><F69/><W24/><G23/><T105/><D105/><U62/><E28/><V109/><F64/><W66/><G48/><T0/><D0/><U42/><E42/><V120/><F120/><W61/><G71/><T36/><D75/><U89/><REACH who="1" step="1"/><E77/><REACH who="1" ten="201,360,199,220" step="2"/><V13/><F46/><W88/><G1/><T39/><D76/><U130/><E130/><V121/><F121/><W50/><G50/><N who="0" m="30967" /><D39/><U117/><E117/><V99/><F44/><W82/><REACH who="3" step="1"/><G5/><REACH who="3" ten="201,360,199,210" step="2"/><T100/><D118/><U96/><E96/><V131/><F131/><W73/><G73/><T58/><D36/><U110/><E110/><V15/><F109/><W43/><G43/><T74/><D74/><U33/><E33/><V102/><F108/><W111/><G111/><T6/><D41/><U122/><E122/><V4/><F99/><W106/><G106/><T72/><D72/><U97/><E97/><V56/><F98/><W27/><N who="3" m="6144" /><DORA hai="49" /><W34/><G34/><T12/><D47/><U54/><E54/><V128/><F53/><RYUUKYOKU ba="2,3" sc="201,-15,360,15,199,-15,210,15" hai1="8,11,14,18,22,60,62,86,89,92,132,133,134" hai3="61,66,70,80,82,85,87,88,104,107" /><INIT seed="1,3,3,2,1,14" ten="186,375,184,225" oya="1" hai0="0,101,84,85,116,83,120,60,51,128,132,113,20" hai1="28,134,39,121,31,2,48,122,114,37,93,96,12" hai2="68,65,94,125,52,105,108,1,21,130,95,76,111" hai3="55,35,32,135,133,74,42,107,87,92,97,15,69"/><U26/><E2/><V50/><F105/><W13/><G69/><T49/><D113/><U115/><E134/><N who="3" m="51210" /><G74/><T80/><D116/><U109/><E109/><N who="2" m="42059" /><F1/><W86/><G107/><T123/><D0/><U88/><E39/><V25/><F76/><W129/><G129/><T45/><D132/><U63/><E37/><V78/><F78/><W124/><G42/><T44/><D128/><U18/><E63/><N who="2" m="39999" /><F130/><W22/><G55/><T103/><D60/><U77/><E77/><V38/><F125/><W10/><G124/><T104/><D104/><U64/><E64/><V112/><F112/><W33/><G22/><AGARI ba="3,3" hai="20,22,44,45,49,51,80,83,84,85,101,103,120,123" machi="22" ten="25,1600,0" yaku="22,2" doraHai="14" who="0" fromWho="3" sc="186,55,375,0,184,0,225,-25" /><INIT seed="2,0,0,0,1,67" ten="241,375,184,200" oya="2" hai0="118,10,37,134,105,49,109,43,81,5,32,78,124" hai1="12,113,61,94,96,108,31,69,88,57,59,26,92" hai2="99,131,122,85,2,29,46,17,91,48,27,36,98" hai3="52,90,7,73,55,75,72,24,40,129,74,126,135"/><V116/><F36/><W34/><G40/><T76/><D32/><U79/><E108/><V68/><F2/><W71/><G71/><T41/><D105/><U63/><E113/><V1/><F1/><W33/><G135/><T13/><D109/><U21/><E79/><V9/><F116/><W62/><G129/><T114/><D114/><U45/><E45/><V86/><F122/><W25/><G126/><T89/><D124/><U39/><E39/><V35/><F131/><W119/><G119/><T3/><D118/><U127/><E127/><V30/><F30/><W107/><G107/><T110/><D110/><U83/><E83/><V101/><F99/><W103/><G103/><T95/><D37/><U82/><E82/><V0/><F0/><W84/><G7/><T133/><D3/><U19/><E92/><V115/><F91/><W104/><G104/><T53/><D41/><U70/><E61/><V87/><F115/><W54/><N who="3" m="18432" /><DORA hai="22" /><W51/><G62/><T123/><D43/><U6/><E59/><V77/><F77/><W8/><G8/><T102/><D102/><U117/><E117/><V60/><F9/><W11/><G11/><T14/><D14/><U18/><E18/><V66/><F17/><W20/><G51/><T121/><D121/><U23/><E6/><V128/><F128/><W132/><G132/><N who="0" m="50795" /><D81/><U93/><E94/><V38/><F38/><W130/><G130/><T56/><D123/><U100/><E100/><V4/><F4/><W28/><G20/><T15/><D15/><U47/><E47/><V112/><F112/><W50/><G50/><RYUUKYOKU ba="0,0" sc="241,15,375,15,184,-15,200,-15" hai0="5,10,13,49,53,56,76,78,89,95" hai1="12,19,21,23,26,31,57,63,69,70,88,93,96" /><INIT seed="3,1,0,5,2,47" ten="256,390,169,185" oya="3" hai0="81,24,15,63,82,107,33,134,91,56,87,111,133" hai1="29,57,108,3,78,64,50,80,121,135,59,127,48" hai2="75,44,42,72,123,66,106,32,34,118,2,11,41" hai3="60,125,13,120,103,71,9,104,1,26,98,76,85"/><W28/><G120/><T95/><D107/><U112/><E3/><V105/><F118/><W22/><G125/><T49/><D111/><U92/><E121/><V46/><F123/><W74/><G1/><T40/><D15/><U25/><E112/><V67/><F11/><W62/><G74/><T17/><D40/><U101/><E108/><V45/><F45/><W99/><G99/><T36/><D36/><U4/><E4/><V6/><F6/><W0/><G0/><T114/><D114/><U12/><E12/><V30/><F2/><W124/><G124/><T116/><D116/><U68/><E68/><V5/><F5/><W128/><G128/><T53/><D63/><N who="1" m="37999" /><E59/><V102/><REACH who="2" step="1"/><F102/><REACH who="2" ten="256,390,159,185" step="2"/><W10/><G10/><T43/><D134/><U52/><E135/><V35/><F35/><W122/><G122/><T69/><D33/><U113/><E113/><V117/><F117/><W86/><G71/><T18/><D69/><U65/><E101/><V94/><F94/><N who="3" m="58839" /><G76/><T19/><D95/><U109/><E92/><V77/><F77/><W7/><G104/><T119/><D133/><U126/><E78/><V37/><F37/><W84/><AGARI ba="1,1" hai="7,9,13,22,26,28,60,62,84,85,86" m="58839" machi="84" ten="30,1500,0" yaku="8,1" doraHai="47" who="3" fromWho="3" sc="256,-6,390,-6,159,-6,185,28" /><INIT seed="3,2,0,2,1,100" ten="250,384,153,213" oya="3" hai0="37,45,74,119,20,85,14,2,116,12,106,127,34" hai1="67,133,57,49,114,83,75,108,8,55,117,19,79" hai2="121,21,22,134,44,58,35,103,63,53,95,5,0" hai3="41,48,50,10,64,82,61,70,128,3,62,129,112"/><W113/><G82/><T56/><D74/><U33/><E114/><N who="3" m="44138" /><G10/><T101/><D34/><U135/><E33/><V23/><F121/><W36/><G3/><T28/><D56/><U115/><E115/><V27/><F134/><N who="1" m="51209" /><E108/><V97/><F35/><W4/><G4/><T93/><D101/><U109/><E109/><V15/><F0/><W24/><G24/><T86/><D93/><U120/><E120/><V122/><F122/><W51/><G61/><T124/><D2/><U118/><E67/><V90/><F44/><AGARI ba="2,0" hai="36,41,44,48,50,51,62,64,70,128,129" m="44138" machi="44" ten="40,3900,0" yaku="34,2" doraHai="100" who="3" fromWho="2" sc="250,0,384,0,153,-45,213,45" /><INIT seed="3,3,0,3,1,49" ten="250,384,108,258" oya="3" hai0="29,31,32,132,15,92,86,59,23,106,97,7,84" hai1="107,91,76,115,74,96,38,117,112,62,110,57,111" hai2="5,52,21,73,69,4,121,63,8,9,36,12,34" hai3="88,99,78,122,41,79,0,67,16,126,50,42,45"/><W124/><G122/><T119/><D119/><U85/><E38/><V109/><F73/><W55/><G67/><T125/><D32/><U27/><E27/><V75/><F75/><W25/><G0/><T11/><D106/><U68/><E68/><V134/><F36/><W10/><G126/><T113/><D125/><U43/><E43/><N who="3" m="16394" /><G124/><T54/><D132/><U98/><E117/><V100/><F34/><W131/><G131/><T48/><D113/><U1/><E1/><V135/><F100/><W56/><G56/><T6/><D6/><U114/><E76/><V65/><F121/><W81/><G99/><T70/><D70/><U30/><E74/><V104/><F104/><W83/><G88/><N who="0" m="55431" /><D23/><U44/><E44/><V133/><F21/><N who="3" m="13479" /><G10/><T18/><D7/><U64/><E107/><V58/><F109/><N who="1" m="41481" /><E30/><AGARI ba="3,0" hai="11,15,18,29,30,31,48,54,59,84,86" m="55431" machi="30" ten="30,3900,0" yaku="8,1,52,1,54,1" doraHai="49" who="0" fromWho="1" sc="250,48,384,-48,108,0,258,0" /><INIT seed="4,0,0,2,5,70" ten="298,336,108,258" oya="0" hai0="52,104,115,24,96,58,51,133,83,100,63,89,17" hai1="65,118,71,90,43,18,15,36,112,5,72,35,4" hai2="77,135,128,102,103,127,10,79,91,14,61,67,62" hai3="22,34,49,114,113,95,66,23,59,20,11,105,101"/><T126/><D115/><N who="3" m="44041" /><G34/><T119/><D119/><U117/><E72/><V84/><F135/><W57/><G105/><T28/><D133/><U48/><E35/><V19/><F128/><W39/><G11/><T54/><D17/><U69/><E112/><V32/><F32/><W41/><G66/><T132/><D132/><U124/><E124/><V74/><F74/><W37/><G49/><T94/><D126/><U122/><E122/><V30/><F127/><W7/><G7/><T108/><D108/><U26/><E26/><V87/><F30/><W64/><G41/><T129/><D129/><U123/><E123/><V75/><F75/><W53/><G64/><T88/><D83/><U21/><E48/><V125/><F125/><W46/><G46/><N who="0" m="27767" /><D104/><U9/><E5/><V44/><F44/><W107/><G107/><T42/><D42/><U86/><E65/><V73/><F73/><W38/><G53/><T40/><D40/><U27/><E71/><V85/><F91/><W92/><G101/><T29/><D29/><U80/><E69/><V98/><F98/><W1/><G1/><T106/><D106/><U97/><E97/><V78/><REACH who="2" step="1"/><F67/><REACH who="2" ten="298,336,98,258" step="2"/><W99/><G99/><T16/><D28/><U45/><AGARI ba="0,1" hai="4,9,15,18,21,27,36,43,45,80,86,90,117,118" machi="45" ten="30,2000,0" yaku="0,1,52,1" doraHai="70" who="1" fromWho="1" sc="298,-10,336,30,98,-5,258,-5" /><INIT seed="5,0,0,0,0,130" ten="288,366,93,253" oya="1" hai0="10,126,118,101,52,117,27,135,84,96,8,113,24" hai1="109,78,20,80,48,15,63,7,103,38,132,12,16" hai2="85,56,53,104,58,124,62,133,2,11,110,3,134" hai3="106,76,57,41,65,120,4,9,36,31,28,51,114"/><U100/><E38/><V73/><F104/><W47/><G120/><T108/><D108/><U34/><E34/><V40/><F73/><W91/><G106/><T66/><D66/><U42/><E109/><V112/><F110/><W68/><G114/><T21/><D113/><U94/><E63/><V5/><F3/><W0/><G91/><T67/><D67/><U115/><E115/><V23/><F112/><W71/><G76/><T61/><D84/><N who="1" m="48151" /><E132/><N who="2" m="50795" /><F124/><W45/><G71/><T26/><D135/><U83/><E83/><V86/><F40/><W111/><G111/><T14/><D126/><U37/><E37/><V102/><F102/><W60/><REACH who="3" step="1"/><G57/><REACH who="3" ten="288,366,93,243" step="2"/><T13/><D101/><U97/><E103/><V1/><F1/><W39/><G39/><T6/><D118/><U87/><E87/><N who="2" m="33291" /><F58/><W22/><G22/><AGARI ba="0,1" hai="2,5,11,22,23,53,56,62" m="33291,50795" machi="22" ten="30,7700,0" yaku="20,1,52,3" doraHai="130" who="2" fromWho="3" sc="288,0,366,0,93,87,243,-77" /><INIT seed="6,0,0,4,1,39" ten="288,366,180,166" oya="2" hai0="75,59,62,118,20,7,121,135,93,72,42,29,99" hai1="9,81,19,52,17,119,91,100,3,87,38,128,78" hai2="65,126,86,66,21,68,110,116,106,103,45,113,122" hai3="34,16,57,115,28,58,70,132,125,27,48,56,25"/><V54/><F106/><W67/><G132/><T101/><D121/><U33/><E33/><V26/><F103/><W127/><G115/><T77/><D7/><U133/><E119/><V111/><F86/><W41/><G70/><T43/><D135/><U37/><E133/><V79/><F79/><W105/><G105/><T114/><D114/><U69/><E69/><V123/><F113/><W94/><G94/><T71/><D71/><U107/><E128/><V0/><F0/><W134/><G134/><T35/><D35/><U104/><E104/><V32/><F32/><W15/><G25/><N who="0" m="16551" /><D118/><U5/><E38/><V12/><F12/><W46/><REACH who="3" step="1"/><G67/><REACH who="3" ten="288,366,180,156" step="2"/><N who="2" m="25609" /><F116/><W80/><G80/><T92/><D93/><U8/><E107/><V49/><F68/><W2/><G2/><T55/><D92/><U95/><E95/><V90/><F126/><W22/><AGARI ba="0,1" hai="15,16,22,27,28,34,41,46,48,56,57,58,125,127" machi="22" ten="30,7900,0" yaku="1,1,0,1,52,1,54,1,53,0" doraHai="39" doraHaiUra="61" who="3" fromWho="3" sc="288,-20,366,-20,180,-39,156,89" /><INIT seed="7,0,0,1,5,5" ten="268,346,141,245" oya="3" hai0="109,106,54,97,124,79,120,131,81,85,108,47,1" hai1="103,32,51,113,58,15,50,110,80,72,132,26,93" hai2="135,82,40,129,116,64,59,16,75,130,115,91,23" hai3="128,133,60,30,71,98,38,57,121,25,68,45,17"/><W77/><G121/><T43/><D120/><U100/><E110/><V22/><F116/><W104/><G77/><T112/><D124/><U61/><E132/><V28/><F115/><W125/><G133/><T122/><D122/><U96/><E113/><V35/><F135/><W95/><G104/><T3/><D112/><U55/><E103/><V56/><F40/><W101/><G125/><T111/><D131/><U0/><E0/><V67/><F75/><W49/><G38/><T12/><D54/><U66/><E26/><V39/><F82/><W123/><G128/><T13/><D97/><U83/><E32/><V8/><F28/><W87/><G87/><T118/><D106/><U18/><E72/><V7/><F7/><W31/><G17/><T99/><D99/><U76/><E76/><V117/><F117/><W78/><G78/><T21/><D118/><U6/><E6/><V62/><F91/><W14/><G14/><T11/><D21/><N who="1" m="11487" /><E50/><V94/><F94/><W102/><G102/><T92/><D13/><U24/><E24/><V69/><F39/><W70/><G123/><T88/><D92/><U74/><E74/><V41/><F41/><N who="3" m="24751" /><G25/><T73/><D73/><U84/><E84/><V86/><F86/><W20/><G20/><T65/><D79/><U107/><E107/><V46/><F46/><AGARI ba="0,0" hai="46,51,55,58,61,66,80,83,93,96,100" m="11487" machi="46" ten="30,1000,0" yaku="8,1" doraHai="5" who="1" fromWho="2" sc="268,0,346,10,141,-10,245,0" owari="268,7.0,356,45.0,131,-37.0,245,-15.0" /></mjloggm>