<mjloggm ver="2.3"><GO type="233" lobby="0"/><UN n0="%E5%B0%8F%E9%98%AA%E3%81%A1%E3%81%B2%E3%82%8D" n1="%E3%81%97%E3%82%8D%E3%81%9F%E3%82%93%E3%81%8C%E3%81%84%E3%81%84%E3%81%8A" n2="%E3%81%BF%E3%81%BF%E3%81%9A" n3="%E3%82%A6%E3%83%AB%E3%83%88%E3%83%A9%E7%AB%8B%E7%9B%B4" dan="16,16,16,17" rate="2160.37,2103.63,2154.10,2213.55" sx="F,F,M,M"/><TAIKYOKU oya="0"/><INIT seed="0,0,0,2,1,129" ten="250,250,250,250" oya="0" hai0="43,91,34,51,30,88,63,97,55,92,127,67,89" hai1="101,4,41,94,24,10,85,107,77,40,49,90,7" hai2="57,81,2,20,134,121,39,124,65,122,61,135,64" hai3="11,62,126,3,133,54,71,23,82,93,100,29,33"/><T113/><D113/><U44/><E107/><V76/><F2/><W95/><G23/><T87/><D43/><U31/><E101/><V84/><F39/><W120/><G54/><T73/><D73/><U115/><E115/><V108/><F108/><W117/><G82/><T109/><D127/><U75/><E75/><V106/><F106/><W21/><G21/><T78/><D109/><U105/><E105/><V103/><F103/><W50/><G50/><T5/><D5/><U0/><E7/><V79/><F124/><W131/><G95/><T56/><D34/><U128/><E128/><V45/><F45/><W68/><G93/><T99/><D30/><U69/><E69/><V118/><F118/><W86/><G86/><T22/><D22/><U27/><E77/><V53/><F20/><W110/><G100/><T80/><D97/><U104/><E104/><V96/><F96/><W32/><G68/><AGARI ba="0,0" hai="51,55,56,63,67,68,78,80,87,88,89,91,92,99" machi="68" ten="30,2900,0" yaku="7,1,54,1" doraHai="129" who="0" fromWho="3" sc="250,29,250,0,250,0,250,-29" /><INIT seed="0,1,0,0,2,82" ten="279,250,250,221" oya="0" hai0="21,133,62,107,125,94,115,51,30,10,108,7,106" hai1="110,73,4,91,101,114,11,78,27,55,14,5,75" hai2="112,121,42,32,88,103,132,102,66,120,36,71,134" hai3="37,93,35,25,87,26,2,123,48,65,56,100,67"/><T96/><D115/><U85/><E114/><V131/><F32/><W124/><G37/><T98/><D133/><N who="2" m="51306" /><F112/><W52/><G2/><T72/><D72/><U23/><E110/><V97/><F131/><W111/><G35/><T34/><D34/><U47/><E78/><V104/><F102/><W49/><G111/><T20/><D108/><U92/><E4/><V70/><F42/><W74/><G74/><T44/><D125/><U18/><E101/><V135/><N who="2" m="51314" /><V127/><DORA hai="24" /><F36/><W22/><G124/><T109/><D109/><U17/><E47/><V117/><F127/><W116/><G116/><T16/><D62/><U105/><E105/><V50/><F50/><W58/><G26/><N who="0" m="16719" /><D106/><U13/><REACH who="1" step="1"/><E55/><REACH who="1" ten="279,240,250,221" step="2"/><V59/><F117/><W41/><G123/><N who="2" m="47177" /><F88/><N who="3" m="53407" /><G100/><N who="0" m="60439" /><D107/><U84/><E84/><V119/><F119/><W54/><G41/><N who="0" m="24975" /><D98/><U46/><E46/><V64/><F64/><W6/><G6/><T89/><D89/><U38/><E38/><V79/><F79/><W95/><G95/><T81/><D7/><U60/><E60/><AGARI ba="1,1" hai="59,60,66,70,71,97,103,104" m="47177,51314" machi="60" ten="50,1600,0" yaku="20,1" doraHai="82,24" who="2" fromWho="1" sc="279,0,240,-19,250,29,221,0" /><INIT seed="1,0,0,3,4,131" ten="279,221,279,221" oya="1" hai0="126,2,81,123,36,14,78,91,38,19,63,83,8" hai1="87,51,4,32,54,33,65,7,69,56,24,57,110" hai2="127,93,28,13,95,99,58,23,6,119,116,34,37" hai3="125,88,94,73,72,39,124,120,45,67,68,105,25"/><U77/><E110/><V134/><F37/><W108/><G105/><T102/><D126/><N who="3" m="48745" /><G120/><T121/><D2/><U71/><E69/><V64/><F127/><W47/><G108/><T20/><D102/><U107/><E71/><V104/><F104/><W100/><G100/><T46/><D63/><U9/><E107/><V135/><F34/><W118/><G118/><N who="2" m="45097" /><F6/><W96/><G39/><T21/><D91/><U112/><E112/><V16/><F28/><W106/><G106/><T114/><D114/><U76/><E4/><V101/><F95/><W30/><G67/><T50/><D36/><U117/><E117/><V5/><BYE who="1" /><F5/><W1/><G1/><T86/><D38/><U31/><E31/><V103/><F58/><W62/><G62/><T41/><REACH who="0" step="1"/><D83/><REACH who="0" ten="269,221,279,221" step="2"/><U3/><E3/><V22/><F103/><W52/><G68/><T48/><D48/><U60/><E60/><V66/><F66/><W109/><G109/><T90/><D90/><U26/><E26/><V130/><F64/><W49/><G47/><T115/><D115/><U53/><E53/><V111/><F111/><W10/><G10/><T61/><D61/><U11/><E11/><N who="2" m="6207" /><F130/><W128/><G128/><T18/><D18/><U0/><E0/><V74/><F74/><W80/><G80/><T15/><D15/><U12/><E12/><V82/><F82/><W59/><G45/><T70/><D70/><U133/><E133/><AGARI ba="0,1" hai="22,23,93,99,101,133,134,135" m="6207,45097" machi="133" ten="30,8000,1" yaku="20,1,52,3,54,1" doraHai="131" who="2" fromWho="1" sc="269,0,221,-80,279,90,221,0" /><INIT seed="2,0,0,3,1,31" ten="269,141,369,221" oya="2" hai0="50,0,30,23,72,64,105,111,104,127,116,53,135" hai1="33,79,131,71,8,95,132,11,6,9,57,73,130" hai2="29,17,15,109,118,106,60,42,35,82,94,85,110" hai3="37,46,52,74,117,108,103,56,55,66,114,1,7"/><V78/><F118/><W91/><G117/><T48/><D116/><U34/><E34/><V5/><F106/><W122/><G122/><T133/><D72/><U39/><E39/><V24/><F42/><W54/><G114/><T81/><D0/><U49/><E49/><V44/><F44/><W2/><G74/><T10/><D111/><N who="2" m="42506" /><F5/><W102/><G7/><T83/><D10/><U59/><E59/><V51/><F51/><W13/><G108/><T36/><D64/><U134/><E134/><V19/><F15/><W97/><G13/><T100/><D30/><U3/><E3/><V26/><F26/><W40/><G1/><T22/><D36/><U58/><E58/><V65/><F94/><W18/><G2/><T21/><D21/><U121/><E121/><V112/><F112/><W38/><G38/><T86/><D53/><U84/><E84/><V14/><F14/><W61/><G18/><T12/><D12/><U90/><E90/><V98/><F98/><W101/><REACH who="3" step="1"/><G91/><REACH who="3" ten="269,141,369,211" step="2"/><T125/><D100/><U128/><E128/><V76/><F76/><W96/><AGARI ba="0,1" hai="37,40,46,52,54,55,56,61,66,96,97,101,102,103" machi="96" ten="40,12000,2" yaku="1,1,2,1,0,1,54,1,53,3" doraHai="31" doraHaiUra="99" who="3" fromWho="3" sc="269,-30,141,-30,369,-60,211,130" /><INIT seed="3,0,0,1,3,60" ten="239,111,309,341" oya="3" hai0="83,126,135,88,104,44,48,132,124,49,115,26,76" hai1="117,118,55,18,16,70,109,51,116,54,6,24,73" hai2="69,50,29,108,122,131,67,129,33,8,10,100,78" hai3="89,42,40,0,96,80,15,21,5,25,53,101,34"/><W98/><G0/><T121/><D104/><U75/><E75/><V46/><F108/><W82/><G34/><T9/><D121/><U114/><E114/><V47/><F122/><UN n1="%E3%81%97%E3%82%8D%E3%81%9F%E3%82%93%E3%81%8C%E3%81%84%E3%81%84%E3%81%8A" /><W23/><G53/><T72/><D26/><U112/><E73/><V62/><F78/><W123/><G123/><T111/><D111/><U127/><E109/><V130/><F100/><W41/><G89/><T65/><D9/><N who="2" m="3690" /><F50/><W38/><G38/><T22/><D22/><U110/><E112/><V95/><F95/><W31/><G5/><T133/><D115/><U94/><E110/><V28/><F33/><W119/><G119/><T3/><D3/><U27/><E70/><V120/><F120/><W11/><G11/><T37/><D37/><U58/><E127/><N who="0" m="48681" /><D44/><AGARI ba="0,0" hai="28,29,44,46,47,62,67,69,129,130,131" m="3690" machi="44" ten="40,2600,0" yaku="19,1,52,1" doraHai="60" who="2" fromWho="0" sc="239,-26,111,0,309,26,341,0" /><INIT seed="4,0,0,2,1,90" ten="213,111,335,341" oya="0" hai0="3,113,103,54,70,27,29,89,101,97,133,108,14" hai1="58,77,67,86,131,45,12,56,41,99,106,69,64" hai2="91,44,94,110,116,123,79,121,26,19,125,24,114" hai3="74,134,61,81,25,126,80,60,62,46,18,119,48"/><T98/><D3/><U76/><E131/><V88/><F110/><W34/><G119/><T22/><D113/><U5/><E69/><V35/><F114/><W47/><G34/><T72/><D72/><U71/><E71/><V52/><F116/><W30/><G74/><T59/><D70/><U7/><E106/><V43/><F79/><W100/><G30/><T4/><D133/><U85/><E12/><V118/><F118/><W96/><G134/><T127/><D127/><U78/><E99/><N who="2" m="57799" /><F35/><W93/><G126/><T120/><D120/><U107/><E107/><V63/><F125/><W129/><G47/><T104/><D108/><U117/><E117/><V10/><F121/><W66/><G66/><T20/><D89/><U55/><E45/><V84/><F43/><N who="3" m="24671" /><G129/><T92/><D4/><U15/><E15/><N who="2" m="7671" /><F123/><W6/><G6/><T31/><D14/><U16/><E41/><V49/><F63/><W51/><G51/><T102/><D104/><U111/><E77/><V8/><F8/><W2/><G2/><T17/><D98/><U135/><E135/><V105/><F105/><W9/><G9/><T65/><D65/><U42/><E42/><V83/><AGARI ba="0,0" hai="24,26,44,49,52,83,84,91" m="7671,57799" machi="83" ten="30,8000,1" yaku="25,1,8,1,52,1,54,2" doraHai="90" who="2" fromWho="2" sc="213,-40,111,-20,335,80,341,-20" /><INIT seed="5,0,0,5,1,26" ten="173,91,415,321" oya="1" hai0="7,128,81,29,135,4,80,63,48,8,117,127,89" hai1="93,102,22,35,132,78,67,125,43,91,130,21,126" hai2="129,25,83,96,84,95,134,44,73,5,40,37,69" hai3="56,75,60,1,52,62,49,113,97,77,64,15,46"/><U103/><E35/><V122/><F122/><W24/><G1/><T58/><D117/><U88/><E43/><V68/><F129/><W28/><G113/><T38/><D38/><U0/><E0/><V72/><F134/><W55/><G15/><T20/><D135/><U92/><E67/><V98/><F98/><W133/><G133/><T36/><D36/><U12/><E12/><V106/><F5/><W87/><G97/><T16/><D128/><U123/><E123/><V70/><F106/><W53/><G75/><T82/><D127/><U33/><E132/><V34/><F34/><W85/><G77/><T61/><D89/><U6/><E33/><V131/><F131/><W94/><G94/><T9/><D48/><U115/><E130/><V54/><F54/><N who="3" m="21099" /><G62/><N who="0" m="23563" /><D58/><U105/><E78/><V119/><F69/><W41/><G41/><T10/><D29/><U18/><E6/><N who="0" m="2089" /><D20/><AGARI ba="0,0" hai="20,24,28,46,49,55,56,60,64,85,87" m="21099" machi="20" ten="30,3900,0" yaku="8,1,52,1,54,1" doraHai="26" who="3" fromWho="0" sc="173,-39,91,0,415,0,321,39" /><INIT seed="6,0,0,3,4,1" ten="134,91,415,360" oya="2" hai0="3,16,127,21,91,82,64,86,113,96,18,56,133" hai1="130,123,39,71,101,104,97,108,99,6,48,2,17" hai2="131,54,118,92,69,62,23,33,65,67,35,80,24" hai3="73,45,13,109,124,27,115,114,117,129,10,112,40"/><V83/><F118/><W85/><G73/><T88/><D3/><U119/><E39/><V32/><F131/><W72/><G72/><T110/><D110/><U8/><E108/><V49/><F92/><W20/><G109/><T111/><D111/><U0/><E119/><V26/><F67/><W125/><G85/><T58/><D113/><U70/><E123/><V47/><REACH who="2" step="1"/><F26/><REACH who="2" ten="134,91,405,360" step="2"/><W60/><G117/><T11/><D64/><U135/><E130/><V90/><F90/><W107/><G129/><T44/><D91/><U41/><E104/><V61/><F61/><W29/><G60/><T30/><D88/><U55/><E71/><V7/><F7/><N who="3" m="3295" /><G107/><T53/><D96/><U134/><E97/><V57/><F57/><W128/><G128/><T50/><D56/><U93/><E70/><V79/><F79/><W87/><G87/><T78/><D58/><U31/><E99/><V34/><N who="2" m="8192" /><DORA hai="52" /><V66/><F66/><W116/><G116/><T51/><D78/><U84/><E93/><V28/><AGARI ba="0,1" hai="23,24,28,47,49,54,62,65,69,80,83" m="8192" machi="28" ten="60,11700,0" yaku="1,1,0,1,53,1" doraHai="1,52" doraHaiUra="38,46" who="2" fromWho="2" sc="134,-39,91,-39,405,127,360,-39" /><INIT seed="6,1,0,0,4,63" ten="95,52,532,321" oya="2" hai0="108,38,18,48,23,65,81,93,126,72,56,12,112" hai1="22,132,74,17,37,58,39,101,89,64,83,111,125" hai2="21,3,49,109,55,77,131,15,32,44,29,27,33" hai3="135,52,9,118,41,35,61,103,8,42,107,53,5"/><V25/><F131/><W90/><G35/><T46/><D108/><U85/><E111/><V79/><F3/><W114/><G118/><T97/><D38/><U66/><E74/><V69/><F69/><W117/><G117/><T95/><D112/><U100/><E132/><V62/><F62/><W92/><G135/><T7/><D7/><U102/><E125/><V128/><F128/><W134/><G134/><T86/><D72/><U120/><E120/><V30/><F109/><W84/><G114/><T91/><D126/><U124/><E124/><V36/><F36/><W80/><G107/><T68/><D68/><U119/><E119/><V13/><REACH who="2" step="1"/><F21/><REACH who="2" ten="95,52,522,321" step="2"/><W0/><G0/><T99/><D23/><U60/><REACH who="1" step="1"/><E66/><REACH who="1" ten="95,42,522,321" step="2"/><V73/><F73/><W14/><G61/><T1/><D65/><U110/><E110/><V115/><F115/><W31/><G9/><T133/><D133/><U40/><E40/><V88/><F88/><W130/><G42/><T127/><D91/><U87/><E87/><V43/><F43/><W106/><G41/><T78/><D86/><U51/><E51/><V67/><F67/><W11/><G11/><T10/><D10/><U116/><E116/><V34/><F34/><W122/><G130/><T57/><D127/><U20/><E20/><V16/><F16/><W129/><G129/><T45/><D18/><U123/><E123/><V105/><F105/><W70/><G106/><T6/><D6/><U76/><E76/><AGARI ba="1,2" hai="13,15,25,27,29,30,32,33,44,49,55,76,77,79" machi="76" ten="40,3900,0" yaku="1,1,9,1,53,0" doraHai="63" doraHaiUra="71" who="2" fromWho="1" sc="95,0,42,-42,522,62,321,0" /><INIT seed="6,2,0,0,1,52" ten="95,0,584,321" oya="2" hai0="62,88,119,17,0,128,19,21,12,33,81,49,59" hai1="122,71,48,42,75,41,32,61,103,73,106,86,99" hai2="80,24,26,130,90,57,102,31,69,105,74,72,97" hai3="38,58,134,15,127,133,13,11,55,65,35,109,5"/><V121/><F69/><W66/><G38/><T54/><D0/><U29/><E86/><V94/><F121/><W63/><G35/><T18/><D33/><U20/><E20/><V91/><F130/><W39/><G39/><T101/><D128/><U45/><E122/><V115/><F115/><W47/><G109/><T126/><D126/><U51/><E51/><V93/><F57/><W3/><G127/><T10/><D119/><U104/><E42/><V92/><F31/><W46/><G46/><N who="0" m="27959" /><D101/><U44/><E44/><V95/><F24/><W78/><G78/><T77/><D77/><U124/><E106/><V67/><F67/><W129/><G129/><T56/><D62/><U50/><E50/><V108/><F26/><W53/><G53/><T16/><D21/><U8/><E8/><V37/><F37/><W131/><G131/><T14/><D14/><N who="3" m="5129" /><G47/><T68/><D68/><U125/><E125/><V89/><F108/><W30/><G30/><T76/><D76/><U100/><E100/><V118/><F118/><W114/><G114/><T135/><D135/><AGARI ba="2,0" hai="3,5,11,55,58,63,65,66,133,134,135" m="5129" machi="135" ten="30,2000,0" yaku="20,1,52,1" doraHai="52" who="3" fromWho="0" sc="95,-26,0,0,584,0,321,26" /><INIT seed="7,0,0,1,2,63" ten="69,0,584,347" oya="3" hai0="114,83,10,36,51,81,106,133,92,117,118,33,31" hai1="12,29,124,38,46,35,78,62,56,0,30,116,53" hai2="121,122,93,84,89,134,7,87,47,42,110,58,128" hai3="34,15,98,61,1,67,88,50,125,54,64,123,102"/><W104/><G1/><T127/><D106/><U79/><E0/><V91/><F110/><W131/><G123/><N who="2" m="47113" /><F134/><W115/><G125/><T71/><D36/><U120/><E120/><V44/><F128/><W135/><G131/><T39/><D39/><U100/><E116/><V75/><F75/><W86/><G135/><T55/><D71/><U68/><E124/><V52/><F7/><W32/><G115/><T129/><D133/><U113/><E113/><V21/><F21/><W101/><G101/><T69/><D69/><U107/><E107/><V82/><F42/><W90/><G15/><T72/><D129/><U132/><E132/><V126/><F126/><W76/><G76/><T17/><D127/><U41/><E100/><V119/><F119/><W105/><G105/><T109/><D72/><U70/><E70/><V43/><F43/><W27/><G61/><AGARI ba="0,0" hai="44,47,52,58,61,82,84,87,89,91,93" m="47113" machi="61" ten="30,2000,0" yaku="13,1,54,1" doraHai="63" who="2" fromWho="3" sc="69,0,0,0,584,20,347,-20" owari="69,-33.0,0,-50.0,604,70.0,327,13.0" /></mjloggm>