<mjloggm ver="2.3"><GO type="169" lobby="0"/><UN n0="%E3%81%8F%E3%82%89%E3%81%BE%E3%82%82%E3%82%93" n1="%6D%6F%6E%6F%2D%31%34" n2="%4A%75%6E%65%52%61%69%6E" n3="%E5%B0%B1%E6%B4%BB%E7%94%9F%40%E5%B7%9D%E6%9D%91%E8%BB%8D%E5%9B%A3" dan="16,16,16,18" rate="2057.95,2051.21,2077.39,2249.86" sx="M,M,M,M"/><TAIKYOKU oya="0"/><INIT seed="0,0,0,0,3,50" ten="250,250,250,250" oya="0" hai0="14,97,4,113,20,134,117,72,124,61,32,17,90" hai1="126,23,69,114,109,24,47,59,48,22,131,119,6" hai2="123,100,39,83,40,25,46,26,88,120,21,67,7" hai3="101,66,80,55,122,57,49,12,5,45,110,102,27"/><T16/><D117/><U84/><E69/><V121/><F100/><W79/><G122/><T129/><D113/><U71/><E71/><V75/><F67/><W104/><G104/><T35/><D72/><U106/><E106/><V93/><F7/><W31/><G110/><T87/><D134/><U30/><E109/><V38/><F38/><W91/><G91/><T13/><D129/><U54/><E131/><V92/><F92/><W115/><G115/><T98/><D4/><U99/><E119/><V96/><REACH who="2" step="1"/><F21/><REACH who="2" ten="250,250,240,250" step="2"/><W52/><G66/><T65/><D35/><U74/><E22/><V112/><F112/><W86/><G5/><T128/><D32/><U107/><E6/><V33/><F33/><W133/><G133/><T56/><D128/><U68/><E23/><V2/><F2/><W95/><G95/><N who="0" m="54751" /><D124/><U118/><E126/><V103/><F103/><W132/><G132/><T3/><D3/><U78/><E107/><V11/><F11/><AGARI ba="0,1" hai="11,13,14,16,17,20,56,61,65,97,98" m="54751" machi="11" ten="30,2900,0" yaku="8,1,54,1" doraHai="50" who="0" fromWho="2" sc="250,39,250,0,240,-29,250,0" /><INIT seed="0,1,0,5,3,92" ten="289,250,211,250" oya="0" hai0="109,77,64,90,102,0,113,35,82,103,86,37,75" hai1="101,2,73,106,115,69,28,1,38,118,66,42,119" hai2="60,26,63,41,100,58,135,48,105,131,18,23,9" hai3="19,24,50,120,57,17,14,51,22,117,8,132,98"/><T88/><D113/><U95/><E95/><V125/><F131/><W54/><G117/><T25/><D37/><U81/><E115/><V46/><F135/><W87/><G120/><T83/><D0/><U130/><E130/><V114/><F114/><W74/><G74/><T93/><D109/><U6/><E28/><V78/><F125/><W76/><G132/><T52/><D64/><U45/><E1/><V112/><F112/><W16/><G51/><T13/><D13/><U123/><E123/><V34/><F78/><W55/><G55/><T89/><D89/><U44/><E44/><V10/><F34/><W43/><G43/><T107/><D107/><U20/><E20/><V36/><F36/><W70/><G70/><T79/><D52/><U65/><E65/><V39/><F39/><W61/><G50/><T127/><D127/><U33/><E33/><V68/><F68/><W4/><G98/><T27/><D77/><N who="1" m="44207" /><E66/><V84/><F84/><W104/><G104/><T40/><D40/><U85/><E85/><V29/><F29/><W56/><G56/><T126/><D126/><U12/><E69/><V3/><F3/><W5/><G5/><T59/><D59/><U15/><E119/><V71/><F71/><W21/><G21/><T99/><REACH who="0" step="1"/><D35/><REACH who="0" ten="279,250,211,250" step="2"/><U49/><E38/><V111/><F111/><W67/><G67/><T116/><D116/><U91/><E118/><V128/><F128/><W62/><G62/><T7/><D7/><U31/><E6/><V134/><F134/><W108/><G108/><T96/><D96/><N who="1" m="61735" /><E2/><V94/><F41/><W124/><G124/><RYUUKYOKU ba="1,1" sc="279,15,250,-15,211,-15,250,15" hai0="25,27,75,79,82,83,86,88,90,93,99,102,103" hai3="4,8,14,16,17,19,22,24,54,57,61,76,87" /><INIT seed="0,2,1,0,0,67" ten="294,235,196,265" oya="0" hai0="72,119,85,123,35,47,92,23,121,59,52,43,74" hai1="97,132,18,122,57,104,124,118,17,31,45,88,49" hai2="64,33,98,30,44,109,27,4,40,134,9,91,75" hai3="133,76,66,87,61,7,48,19,103,112,25,13,95"/><T5/><D35/><U73/><E73/><V62/><F109/><W26/><G133/><T116/><D74/><U128/><E122/><V83/><F134/><W0/><G0/><T102/><D72/><U2/><E2/><V20/><F98/><W135/><G7/><T126/><D126/><U105/><E105/><V78/><F91/><W16/><G135/><T11/><D121/><U117/><E104/><V39/><F20/><W79/><G48/><T129/><D123/><U37/><E37/><V29/><F29/><W69/><G19/><T34/><D34/><U1/><E1/><V110/><F110/><W131/><G131/><T36/><D23/><U120/><E128/><V28/><F28/><W56/><G69/><T68/><D68/><U10/><E31/><V127/><F127/><W90/><G103/><T53/><D129/><U100/><E120/><V94/><F94/><W51/><G51/><T86/><D53/><N who="1" m="29871" /><E100/><V93/><F93/><W111/><G112/><T46/><D46/><U14/><E118/><V96/><F96/><W54/><G66/><T65/><D65/><U99/><E117/><V84/><F84/><W71/><G71/><T115/><D115/><U101/><E99/><V89/><F89/><W50/><G61/><N who="0" m="36071" /><D119/><U15/><E101/><V3/><REACH who="2" step="1"/><F64/><REACH who="2" ten="294,235,186,265" step="2"/><W114/><G111/><T38/><D116/><U12/><E124/><V108/><F108/><W58/><G90/><N who="0" m="53327" /><D102/><U55/><E132/><V22/><F22/><N who="3" m="11535" /><G114/><T82/><D86/><U81/><E97/><V125/><F125/><W6/><G87/><T21/><D21/><U24/><E88/><RYUUKYOKU ba="2,2" sc="294,-10,235,-10,186,30,265,-10" hai2="3,4,9,27,30,33,39,40,44,62,75,78,83" /><INIT seed="1,3,2,4,4,9" ten="284,225,216,255" oya="1" hai0="101,42,132,58,36,117,115,32,39,56,61,92,15" hai1="13,10,26,28,110,113,109,34,73,29,70,44,116" hai2="94,17,30,102,12,80,128,64,23,86,98,95,72" hai3="50,54,11,85,83,75,20,135,125,4,105,0,124"/><U69/><E73/><V47/><F128/><W84/><G105/><T90/><D32/><U24/><E113/><V19/><F72/><W131/><G135/><T129/><D117/><U57/><E57/><V106/><F64/><W38/><G38/><T35/><D35/><N who="1" m="20871" /><E44/><V96/><F30/><W27/><G75/><T130/><D115/><U45/><E45/><V65/><F65/><W6/><G6/><T134/><D101/><U119/><E70/><V133/><F133/><N who="0" m="51306" /><D56/><U120/><E69/><V51/><F98/><W7/><G7/><T111/><D111/><N who="1" m="42507" /><E120/><V40/><REACH who="2" step="1"/><F19/><AGARI ba="3,2" hai="10,13,19,26,29,34,116,119" m="42507,20871" machi="19" ten="30,12000,1" yaku="14,1,10,1,34,2,52,1" doraHai="9" who="1" fromWho="2" sc="284,0,225,149,216,-129,255,0" /><INIT seed="1,4,0,3,2,101" ten="284,374,87,255" oya="1" hai0="100,111,34,113,51,135,94,126,106,77,66,110,16" hai1="87,109,107,52,27,57,42,0,134,43,79,125,19" hai2="105,11,115,91,39,132,30,133,21,2,119,74,76" hai3="80,128,35,118,108,56,98,114,36,54,69,23,82"/><U29/><E0/><V103/><F119/><W47/><G35/><T65/><D113/><U18/><E107/><V116/><F116/><W17/><G69/><T61/><D34/><U104/><E104/><V73/><F39/><W8/><G114/><T88/><D77/><U46/><E134/><N who="2" m="51819" /><F115/><W48/><G118/><T84/><D126/><U24/><E109/><N who="0" m="41481" /><D135/><U28/><E46/><V10/><F91/><W81/><G128/><T12/><D51/><U97/><E97/><N who="2" m="61679" /><F76/><W15/><G108/><T64/><D61/><U4/><E4/><N who="2" m="1303" /><F11/><W49/><G36/><T127/><D127/><U72/><E79/><V37/><F37/><W86/><G98/><N who="0" m="61719" /><D66/><U102/><E102/><V90/><F90/><W7/><G86/><T13/><D13/><U55/><E87/><V63/><F63/><W92/><G92/><T130/><D130/><U5/><E125/><V53/><F53/><W123/><G123/><T70/><D70/><U60/><E60/><V45/><F45/><W25/><REACH who="3" step="1"/><G80/><REACH who="3" ten="284,374,87,245" step="2"/><T75/><D75/><U1/><E72/><V40/><F40/><AGARI ba="4,1" hai="7,8,15,17,23,25,40,47,48,49,54,56,81,82" machi="40" ten="30,7700,0" yaku="1,1,2,1,7,1,8,1,53,0" doraHai="101" doraHaiUra="32" who="3" fromWho="2" sc="284,0,374,0,87,-89,245,99" owari="284,-12.0,374,48.0,-2,-50.0,344,14.0" /></mjloggm>