<mjloggm ver="2.3"><GO type="169" lobby="0"/><UN n0="%6F%6E%65%73%74%61%72" n1="%E3%82%AB%E3%83%9C%E3%83%81%E3%83%A3%E3%82%BF%E3%83%8D" n2="%E7%A2%BA%E8%AA%8D%E4%BA%8B%E9%A0%85" n3="%E5%B0%B1%E6%B4%BB%E7%94%9F%40%E5%B7%9D%E6%9D%91%E8%BB%8D%E5%9B%A3" dan="17,16,17,17" rate="2166.02,2198.57,2213.58,2261.68" sx="M,M,M,M"/><TAIKYOKU oya="0"/><INIT seed="0,0,0,1,3,110" ten="250,250,250,250" oya="0" hai0="128,121,133,37,92,97,131,112,71,103,125,3,40" hai1="109,41,122,4,47,123,15,50,33,91,124,99,26" hai2="80,1,75,135,106,83,126,25,24,72,117,61,102" hai3="113,107,10,60,48,43,52,56,129,0,96,17,82"/><T108/><RYUUKYOKU type="yao9" ba="0,0" sc="250,0,250,0,250,0,250,0" hai0="3,37,40,71,92,97,103,108,112,121,125,128,131,133" /><INIT seed="0,1,0,3,0,95" ten="250,250,250,250" oya="0" hai0="8,49,72,83,21,61,63,36,117,126,80,133,135" hai1="119,57,103,129,118,20,31,105,132,64,90,18,123" hai2="16,111,114,81,23,45,50,6,113,106,82,130,41" hai3="46,9,14,110,74,47,116,102,51,87,120,11,33"/><T78/><D117/><U35/><E123/><V55/><F111/><W76/><G33/><T69/><D36/><U89/><E132/><N who="0" m="50761" /><D126/><U77/><E129/><V17/><F130/><W107/><G74/><T22/><D49/><U13/><E77/><V10/><F106/><W67/><G116/><T29/><D29/><U0/><E119/><V42/><F113/><W68/><G110/><T71/><D8/><U112/><E118/><V60/><F114/><W26/><G11/><T34/><D34/><U124/><E112/><V98/><F98/><W101/><G47/><T62/><D83/><U131/><E131/><V104/><F104/><W58/><G68/><AGARI ba="1,0" hai="21,22,61,62,63,68,69,71,72,78,80" m="50761" machi="68" ten="40,2000,0" yaku="20,1" doraHai="95" who="0" fromWho="3" sc="250,23,250,0,250,0,250,-23" /><INIT seed="0,2,0,2,0,60" ten="273,250,250,227" oya="0" hai0="117,82,40,101,67,19,127,23,69,45,74,9,131" hai1="65,34,98,46,76,54,123,51,5,15,93,47,118" hai2="0,6,2,125,62,48,122,126,66,4,63,88,130" hai3="107,37,96,105,39,52,32,68,77,102,35,20,28"/><T24/><D131/><U116/><E123/><V110/><F122/><W104/><G77/><T64/><D127/><N who="2" m="48650" /><F130/><W75/><G75/><T73/><D117/><U7/><E34/><V99/><F48/><W87/><G87/><T128/><D128/><U56/><E76/><V43/><F43/><W92/><G68/><T70/><D70/><U111/><E111/><V41/><F41/><W11/><G11/><T12/><D101/><U17/><E118/><V81/><F63/><W50/><G20/><T112/><D112/><U86/><E116/><V97/><F110/><W57/><REACH who="3" step="1"/><G28/><REACH who="3" ten="273,250,250,217" step="2"/><T135/><D69/><U25/><E86/><N who="2" m="50255" /><F99/><W95/><G95/><T90/><D73/><U134/><E93/><V80/><F97/><W120/><G120/><T78/><D135/><U114/><E98/><V108/><F108/><W72/><G72/><T55/><D74/><U79/><E79/><V133/><F133/><W36/><AGARI ba="2,1" hai="32,35,36,37,39,50,52,57,92,96,102,104,105,107" machi="36" ten="40,5200,0" yaku="1,1,0,1,54,1,53,0" doraHai="60" doraHaiUra="3" who="3" fromWho="3" sc="273,-28,250,-15,250,-15,217,68" /><INIT seed="1,0,0,3,4,26" ten="245,235,235,285" oya="1" hai0="120,78,87,25,6,4,49,88,31,20,28,98,119" hai1="17,64,81,71,124,13,9,112,69,126,50,73,27" hai2="75,62,41,61,43,93,89,47,34,94,59,39,100" hai3="111,101,123,76,48,46,125,102,134,82,16,60,117"/><U37/><E37/><V84/><F75/><W32/><G123/><T52/><D119/><U133/><E112/><V15/><F34/><W131/><G32/><T55/><D120/><U127/><E133/><V44/><F15/><W63/><G117/><T114/><D114/><U109/><E109/><V110/><F110/><W30/><G30/><N who="0" m="17703" /><D98/><U72/><E64/><V105/><F105/><W121/><G121/><T1/><D1/><U108/><E108/><V79/><F79/><W38/><G38/><T70/><D78/><U128/><E128/><V14/><F14/><W54/><G111/><T106/><D106/><U40/><E27/><V92/><F100/><W58/><G131/><T57/><D55/><U85/><E40/><V24/><F24/><W23/><G125/><T116/><D70/><N who="1" m="26635" /><E50/><V29/><F43/><W10/><G134/><T36/><D36/><U86/><E86/><V67/><F41/><W103/><G10/><T115/><D116/><U8/><E9/><V107/><F39/><W19/><G46/><T3/><D3/><U99/><E99/><V66/><F47/><W96/><G96/><T65/><D65/><U21/><E8/><V129/><F66/><W5/><G5/><N who="0" m="2155" /><D115/><U90/><AGARI ba="0,0" hai="13,17,21,72,73,81,85,90,124,126,127" m="26635" machi="90" ten="40,2100,0" yaku="18,1" doraHai="26" who="1" fromWho="1" sc="245,-7,235,21,235,-7,285,-7" /><INIT seed="1,1,0,1,4,64" ten="238,256,228,278" oya="1" hai0="133,5,40,104,122,90,129,42,45,108,118,126,86" hai1="49,53,128,68,84,112,61,105,50,85,81,130,78" hai2="30,115,120,4,102,7,79,106,62,41,117,125,60" hai3="27,69,32,14,72,109,22,94,15,26,96,9,54"/><U83/><E105/><V67/><F117/><W95/><G72/><T110/><D118/><U52/><E112/><V36/><F120/><W58/><G69/><T73/><D104/><U16/><E16/><V107/><F30/><W119/><G109/><T124/><D133/><U20/><E20/><V70/><F115/><W103/><G119/><T8/><D73/><U11/><E11/><V55/><F79/><W97/><G32/><T77/><D77/><U39/><E39/><V34/><F34/><W59/><G22/><T113/><D113/><U31/><E31/><V99/><F107/><W23/><G23/><T6/><D122/><U18/><E18/><V24/><F24/><W29/><G29/><T82/><D129/><N who="1" m="49771" /><E50/><V25/><F25/><W88/><G58/><T101/><D101/><U80/><E49/><V0/><F0/><W123/><G123/><T38/><D40/><U33/><E33/><V46/><REACH who="2" step="1"/><F125/><REACH who="2" ten="238,256,218,278" step="2"/><N who="0" m="48234" /><D6/><U132/><E132/><V75/><F75/><W111/><G111/><T28/><D28/><U43/><E78/><V47/><F47/><W71/><G14/><AGARI ba="1,1" hai="5,8,14,38,42,45,82,86,90,108,110" m="48234" machi="14" ten="30,1000,0" yaku="18,1" doraHai="64" who="0" fromWho="3" sc="238,23,256,0,218,0,278,-13" /><INIT seed="2,0,0,3,5,36" ten="261,256,218,265" oya="2" hai0="59,95,72,57,100,129,65,93,42,12,122,105,13" hai1="112,133,88,21,84,39,0,14,76,9,55,10,109" hai2="81,106,22,98,8,38,71,125,87,94,103,33,58" hai3="120,18,80,64,5,97,34,4,3,128,99,54,96"/><V1/><F33/><W78/><G120/><T2/><D72/><U31/><E112/><V89/><F71/><W43/><G34/><T51/><D2/><U46/><E109/><V66/><F125/><W70/><G128/><T49/><D105/><U35/><E133/><V40/><F22/><W63/><G3/><T134/><D129/><U127/><E127/><V91/><F66/><W115/><G115/><T86/><D86/><U61/><E76/><V11/><F58/><W16/><G54/><T73/><D73/><U102/><E35/><V23/><F23/><W118/><G118/><T132/><D100/><U45/><E102/><V126/><F126/><W75/><REACH who="3" step="1"/><G43/><REACH who="3" ten="261,256,218,255" step="2"/><T117/><D122/><U82/><E0/><V28/><F1/><W69/><G69/><T27/><D65/><U41/><E61/><V121/><F121/><W104/><G104/><T48/><D117/><U114/><E114/><V25/><F40/><W113/><G113/><T32/><D32/><U83/><E55/><V101/><F106/><W67/><G67/><T108/><D42/><U116/><E116/><V26/><F38/><W37/><G37/><T110/><D51/><U50/><E50/><V15/><F11/><N who="1" m="4105" /><E41/><V29/><F8/><W47/><G47/><T107/><REACH who="0" step="1"/><D107/><REACH who="0" ten="251,256,218,255" step="2"/><U90/><E39/><V19/><F101/><W124/><G124/><T131/><D131/><U44/><E44/><V53/><F103/><W62/><G62/><T56/><D56/><U52/><E46/><V60/><F60/><W130/><G130/><T24/><AGARI ba="0,2" hai="12,13,24,27,48,49,57,59,93,95,108,110,132,134" machi="24" ten="25,6400,0" yaku="1,1,0,1,22,2,53,0" doraHai="36" doraHaiUra="77" who="0" fromWho="0" sc="251,84,256,-16,218,-32,255,-16" /><INIT seed="3,0,0,3,2,30" ten="335,240,186,239" oya="3" hai0="72,61,34,27,110,107,19,124,132,17,90,25,82" hai1="43,50,45,66,109,60,8,94,2,65,11,24,68" hai2="57,93,21,6,102,55,97,56,23,44,99,89,4" hai3="47,70,127,98,113,96,32,62,18,85,101,26,111"/><W103/><G113/><T117/><D107/><U81/><E109/><V5/><F44/><W118/><G118/><T3/><D110/><U14/><E2/><V112/><F112/><W133/><G111/><T80/><D3/><U87/><E65/><V123/><F123/><W35/><G47/><T86/><D117/><U48/><E94/><V95/><REACH who="2" step="1"/><F57/><REACH who="2" ten="335,240,176,239" step="2"/><W28/><G70/><T104/><D124/><U115/><E115/><V52/><F52/><W119/><G127/><T128/><D128/><U53/><E24/><V114/><F114/><W71/><G119/><T41/><D41/><U7/><E11/><V69/><F69/><W39/><G71/><T63/><D27/><U88/><REACH who="1" step="1"/><E53/><REACH who="1" ten="335,230,176,239" step="2"/><V130/><F130/><W108/><G26/><T116/><D25/><U10/><E10/><V84/><F84/><W54/><G85/><T129/><D86/><U22/><E22/><V126/><F126/><W67/><G54/><T79/><D116/><U13/><E13/><V12/><F12/><W83/><G108/><T20/><D20/><U9/><E9/><V59/><F59/><W51/><G67/><T38/><D129/><U91/><E91/><V76/><F76/><W125/><G125/><T64/><D79/><U77/><E77/><V37/><F37/><AGARI ba="0,2" hai="7,8,14,37,43,45,48,50,60,66,68,81,87,88" machi="37" ten="30,7700,0" yaku="1,1,7,1,54,1,53,1" doraHai="30" doraHaiUra="40" who="1" fromWho="2" sc="335,0,230,97,176,-77,239,0" /><INIT seed="4,0,0,2,3,96" ten="335,327,99,239" oya="0" hai0="41,106,113,99,3,77,91,69,116,108,65,66,81" hai1="50,6,11,44,37,85,61,134,128,20,121,76,28" hai2="82,22,71,36,119,58,86,13,118,64,67,101,75" hai3="46,133,123,29,48,54,55,14,90,0,15,45,40"/><T7/><D116/><N who="2" m="44586" /><F36/><W23/><G0/><T39/><D113/><U83/><E37/><V73/><F71/><W87/><G123/><T33/><D33/><U52/><E134/><V59/><F13/><W1/><G1/><T30/><D30/><U42/><E128/><V53/><F22/><W62/><G133/><T47/><D108/><U131/><E131/><V9/><F9/><W24/><G54/><T38/><D38/><U4/><E121/><V74/><F101/><W98/><G98/><T25/><D25/><N who="1" m="16423" /><E11/><V31/><F31/><W126/><G126/><T12/><D12/><U95/><E95/><V112/><F112/><W111/><G111/><T103/><D69/><U63/><E42/><V18/><F18/><W84/><G84/><T109/><D109/><U117/><E117/><V32/><F32/><W34/><G34/><T93/><D7/><AGARI ba="0,0" hai="4,6,7,44,50,52,61,63,76,83,85" m="16423" machi="7" ten="30,2000,0" yaku="8,1,54,1" doraHai="96" who="1" fromWho="0" sc="335,-20,327,20,99,0,239,0" /><INIT seed="5,0,0,3,4,37" ten="315,347,99,239" oya="1" hai0="45,85,84,121,27,55,60,23,63,132,35,98,116" hai1="24,131,107,49,62,32,8,29,61,92,25,66,67" hai2="103,126,106,52,100,20,13,65,117,40,28,128,48" hai3="39,17,33,105,41,71,86,54,74,93,127,0,120"/><U124/><E107/><V91/><F117/><W14/><G74/><T78/><D35/><U109/><E124/><V46/><F126/><W83/><G33/><T82/><D116/><U101/><E131/><V22/><F128/><W110/><G71/><T118/><D118/><U21/><E109/><V125/><F125/><W19/><G0/><T129/><D132/><U99/><E8/><V76/><F65/><W108/><G105/><T72/><D121/><U70/><E49/><V43/><F76/><W73/><G73/><T102/><D129/><U115/><E115/><V135/><F135/><W30/><G30/><T34/><D34/><U36/><E36/><V7/><F91/><W95/><G54/><T80/><D45/><U18/><E62/><V51/><F106/><W2/><G2/><T87/><D55/><U26/><E67/><V9/><F22/><W1/><G1/><T50/><D50/><U16/><REACH who="1" step="1"/><E25/><REACH who="1" ten="315,337,99,239" step="2"/><N who="2" m="16423" /><F51/><W94/><G127/><T5/><D63/><U81/><E81/><V111/><F111/><W31/><G110/><T130/><D60/><U12/><E12/><V90/><F90/><W77/><G14/><T15/><D130/><U59/><E59/><V96/><F96/><W44/><G108/><T97/><D82/><U88/><E88/><V4/><F4/><W133/><G133/><T68/><D5/><U69/><E69/><V3/><F3/><W123/><G120/><T114/><D68/><U134/><E134/><V11/><F11/><W104/><G123/><T38/><D38/><U112/><E112/><V47/><F47/><W10/><G10/><RYUUKYOKU ba="0,1" sc="315,-15,337,15,99,15,239,-15" hai1="16,18,21,24,26,29,32,61,66,70,92,99,101" hai2="7,9,13,40,43,46,48,52,100,103" /><INIT seed="5,1,1,0,0,63" ten="300,352,114,224" oya="1" hai0="108,98,110,30,106,24,92,48,102,20,16,4,50" hai1="43,36,113,18,47,21,55,85,132,111,83,53,15" hai2="44,121,5,125,9,94,33,67,60,57,81,133,38" hai3="84,89,80,96,66,49,91,56,120,58,62,131,22"/><U61/><E113/><V86/><F133/><W118/><G120/><T59/><D4/><U124/><E132/><V134/><F134/><W12/><G118/><T97/><D50/><U119/><E119/><V2/><F125/><W100/><G131/><T127/><D127/><U117/><E117/><V128/><F128/><W28/><G91/><T105/><D105/><U1/><E124/><V95/><F33/><W90/><G90/><T8/><D48/><U10/><E111/><V126/><F121/><W76/><G89/><T42/><D42/><U32/><E32/><V129/><F129/><W3/><G3/><T31/><D59/><U68/><E1/><V93/><F126/><W104/><G49/><T45/><D45/><U25/><E85/><V75/><F86/><W103/><G103/><T54/><D54/><U72/><E83/><V122/><F122/><W114/><G114/><T77/><D77/><U70/><E72/><V34/><F34/><W79/><G79/><T112/><D112/><U23/><E23/><V71/><F71/><W19/><G28/><T41/><D41/><U37/><E37/><V51/><F38/><W13/><G13/><N who="0" m="7207" /><D31/><U46/><E46/><V0/><F0/><W78/><G78/><T17/><D30/><N who="1" m="17711" /><E70/><AGARI ba="1,1" hai="12,19,22,56,58,62,66,70,76,80,84,96,100,104" machi="70" ten="30,2000,0" yaku="7,1,52,1" doraHai="63" who="3" fromWho="1" sc="300,0,352,-23,114,0,224,33" /><INIT seed="6,0,0,2,3,80" ten="300,329,114,257" oya="2" hai0="129,107,1,63,52,20,45,22,0,47,106,29,127" hai1="97,49,135,38,87,33,36,86,2,99,125,132,55" hai2="76,133,72,85,43,5,44,9,110,14,91,92,66" hai3="130,101,56,60,98,119,23,103,27,19,69,78,94"/><V32/><F133/><N who="1" m="51273" /><E33/><V117/><F117/><W109/><G119/><T128/><D29/><U118/><E2/><V100/><F110/><W53/><G109/><T122/><D63/><U50/><E125/><V134/><F134/><W40/><G130/><T73/><D73/><U75/><E75/><V18/><F32/><W31/><G69/><T13/><D13/><U113/><E118/><V102/><F66/><W121/><G121/><T120/><REACH who="0" step="1"/><D52/><REACH who="0" ten="290,329,114,257" step="2"/><U25/><E55/><V57/><F57/><W89/><G40/><T15/><D15/><U48/><E25/><V70/><F70/><W88/><G31/><T131/><D131/><U7/><E7/><V21/><F72/><W116/><G116/><T4/><D4/><U104/><E113/><V96/><F18/><W35/><G35/><T26/><D26/><U77/><E104/><V24/><F24/><W54/><G54/><T111/><D111/><U3/><E3/><V37/><REACH who="2" step="1"/><F21/><REACH who="2" ten="290,329,104,257" step="2"/><W82/><G19/><T16/><D16/><U90/><E99/><V39/><F39/><W126/><G27/><T46/><D46/><U123/><E97/><V93/><F93/><N who="3" m="56615" /><G23/><T58/><D58/><U71/><E71/><V8/><F8/><W64/><G64/><T115/><D115/><U95/><E123/><V12/><F12/><W61/><G61/><T81/><D81/><AGARI ba="0,2" hai="36,38,48,49,50,77,81,86,87,90,95" m="51273" machi="81" ten="30,3900,0" yaku="20,1,52,2" doraHai="80" who="1" fromWho="0" sc="290,-39,329,59,104,0,257,0" /><AGARI ba="0,0" hai="5,9,14,37,43,44,76,81,85,91,92,96,100,102" machi="81" ten="40,3900,0" yaku="1,1,52,1,53,0" doraHai="80" doraHaiUra="112" who="2" fromWho="0" sc="251,-39,388,0,104,39,257,0" /><INIT seed="6,1,0,1,1,74" ten="212,388,143,257" oya="2" hai0="26,46,58,53,72,38,129,132,77,15,133,130,123" hai1="112,52,84,89,51,31,82,76,118,60,64,86,90" hai2="18,95,121,0,83,115,128,20,113,97,39,28,17" hai3="100,98,70,102,109,56,65,99,134,6,4,5,33"/><V103/><F121/><W44/><G70/><T47/><D15/><U96/><E118/><V85/><F0/><W91/><G33/><T131/><D26/><U127/><E112/><N who="2" m="43083" /><F39/><W61/><G109/><T24/><D24/><U35/><E127/><V73/><F73/><W119/><G119/><T94/><D94/><N who="1" m="56407" /><E35/><V122/><F122/><W78/><G78/><T9/><D9/><U67/><E60/><V126/><F126/><W104/><G134/><N who="0" m="51819" /><D123/><U66/><E31/><V69/><F69/><W50/><G91/><T21/><D21/><U87/><E89/><N who="2" m="51391" /><F128/><W116/><G116/><T71/><D71/><U62/><E62/><V16/><F28/><W43/><G5/><T37/><D77/><U2/><E2/><V13/><AGARI ba="1,0" hai="13,16,17,18,20,95,97,103" m="51391,43083" machi="13" ten="30,3000,0" yaku="15,1,54,1" doraHai="74" who="2" fromWho="2" sc="212,-11,388,-11,143,33,257,-11" /><INIT seed="6,2,0,0,2,30" ten="201,377,176,246" oya="2" hai0="120,77,67,72,107,34,108,80,32,38,66,14,73" hai1="42,114,49,95,55,133,117,50,19,127,104,100,93" hai2="45,112,101,103,41,36,87,97,129,119,21,85,22" hai3="126,9,44,70,8,54,113,61,74,28,68,65,56"/><V43/><F119/><W23/><G74/><T109/><D120/><U121/><E117/><V37/><F112/><W4/><G113/><T82/><D14/><U26/><E114/><V81/><F129/><W12/><G126/><T62/><D38/><U35/><E127/><V6/><F6/><W17/><G44/><T29/><D107/><U71/><E133/><V115/><F115/><W79/><G79/><N who="0" m="44135" /><D67/><U31/><E121/><V51/><F51/><W52/><G68/><N who="0" m="42071" /><D29/><U39/><E71/><V116/><F116/><W53/><G70/><T33/><AGARI ba="2,0" hai="32,33,34,73,77,82,108,109" m="42071,44135" machi="33" ten="30,7900,0" yaku="23,1,52,3" doraHai="30" who="0" fromWho="0" sc="201,85,377,-22,176,-41,246,-22" /><INIT seed="7,0,0,1,4,133" ten="286,355,135,224" oya="3" hai0="20,2,100,3,11,28,57,9,87,127,110,29,70" hai1="25,83,94,98,119,55,105,32,99,31,38,45,113" hai2="34,73,10,131,41,116,51,30,47,101,26,108,122" hai3="63,64,97,130,91,68,1,46,4,126,124,27,24"/><W93/><G130/><T115/><D70/><U19/><E113/><V85/><F116/><W75/><G75/><T16/><D100/><U60/><E119/><V37/><F108/><W134/><G134/><T71/><D71/><U17/><E83/><V6/><F131/><W106/><G106/><T112/><D57/><U36/><E105/><V82/><F101/><W96/><G96/><T79/><D127/><N who="3" m="48681" /><G46/><T58/><D58/><U22/><E99/><V42/><F42/><W78/><G78/><T8/><D87/><U18/><E32/><V49/><F85/><W95/><G95/><T0/><D110/><U13/><E60/><V102/><F102/><W120/><G120/><T61/><D61/><U109/><E109/><V35/><F35/><W59/><G68/><T89/><D89/><N who="1" m="55631" /><E38/><V50/><F50/><W48/><G48/><T39/><D79/><U43/><E36/><V114/><F114/><N who="0" m="43562" /><D39/><U84/><E43/><V56/><F56/><W14/><G14/><AGARI ba="0,0" hai="0,2,3,8,9,11,14,16,20,28,29" m="43562" machi="14" ten="40,8000,1" yaku="15,1,11,1,34,2,54,1" doraHai="133" who="0" fromWho="3" sc="286,80,355,0,135,0,224,-80" owari="366,46.0,355,16.0,135,-36.0,144,-26.0" /></mjloggm>