<mjloggm ver="2.3"><GO type="225" lobby="0"/><UN n0="%57%69%6E%73%74%6F%6E" n1="%E3%81%BF%E3%81%BF%E3%81%9A" n2="%E3%82%A6%E3%83%AB%E3%83%88%E3%83%A9%E7%AB%8B%E7%9B%B4" n3="%48%69%74%6C%65%72" dan="16,16,17,17" rate="2122.03,2187.01,2111.00,2219.55" sx="F,M,M,M"/><TAIKYOKU oya="0"/><INIT seed="0,0,0,1,1,105" ten="250,250,250,250" oya="0" hai0="55,9,34,3,17,95,62,91,135,67,36,99,130" hai1="64,102,82,15,26,123,117,122,83,44,40,88,41" hai2="54,24,11,101,77,30,86,106,90,49,59,18,124" hai3="121,98,5,35,32,132,71,37,89,100,68,109,39"/><T42/><D130/><U113/><E117/><V14/><F124/><W126/><G89/><T50/><D34/><N who="3" m="12841" /><G126/><T19/><D135/><U111/><E102/><V92/><F106/><N who="3" m="63767" /><G132/><T63/><D63/><U2/><E2/><V107/><F107/><W25/><G25/><T134/><D134/><U65/><E111/><V78/><REACH who="2" step="1"/><F101/><REACH who="2" ten="250,250,240,250" step="2"/><W128/><G128/><T85/><D99/><U112/><E122/><V13/><F13/><W110/><G121/><T103/><D103/><U80/><E123/><V81/><F81/><W10/><G109/><T27/><D27/><U96/><E112/><V69/><F69/><N who="3" m="26699" /><G110/><T76/><D95/><N who="1" m="56423" /><E113/><V1/><F1/><AGARI ba="0,1" hai="1,5,10,37,39" m="26699,63767,12841" machi="1" ten="30,2000,0" yaku="33,2" doraHai="105" who="3" fromWho="2" sc="250,0,250,0,240,-20,250,30" /><INIT seed="1,0,0,3,5,64" ten="250,250,220,280" oya="1" hai0="122,7,75,66,87,96,101,117,103,133,127,53,125" hai1="84,45,115,130,2,102,50,126,94,31,33,32,34" hai2="83,132,123,0,57,5,86,128,39,135,134,70,38" hai3="91,6,76,82,79,118,95,13,110,46,25,65,68"/><U81/><E115/><V59/><F123/><W47/><G110/><T15/><D75/><U19/><E2/><V104/><F104/><W14/><G118/><T80/><D117/><U121/><E121/><V92/><F92/><W124/><G124/><N who="0" m="47691" /><D122/><U51/><E126/><V97/><F97/><W36/><G68/><T12/><D133/><N who="2" m="34050" /><V3/><DORA hai="106" /><F70/><W21/><G65/><T28/><D66/><U60/><E130/><V18/><F18/><W1/><G1/><N who="2" m="585" /><F5/><W43/><G6/><T98/><D7/><U26/><E60/><V100/><F100/><W4/><G4/><T114/><D101/><U63/><E63/><V78/><F128/><W74/><G79/><T73/><D103/><U129/><E129/><V48/><F48/><W24/><G47/><T119/><D119/><U131/><E131/><V30/><F30/><W35/><G35/><T58/><D28/><U120/><E19/><V105/><F105/><W22/><G22/><T109/><D96/><U42/><E120/><V67/><F67/><W41/><G21/><T99/><D98/><N who="1" m="59735" /><E51/><V29/><F29/><W40/><G36/><AGARI ba="0,0" hai="36,38,39,57,59,78,83,86" m="585,34050" machi="36" ten="50,1600,0" yaku="20,1" doraHai="64,106" who="2" fromWho="3" sc="250,0,250,0,220,16,280,-16" /><INIT seed="2,0,0,2,4,102" ten="250,250,236,264" oya="2" hai0="30,28,88,87,105,46,135,100,16,53,96,60,24" hai1="121,122,50,52,103,131,90,120,107,19,36,85,59" hai2="93,113,7,23,58,119,91,71,47,80,78,48,67" hai3="8,115,21,75,101,40,97,132,104,130,18,41,98"/><V10/><F119/><W2/><G75/><T112/><D112/><U0/><E131/><V17/><F113/><W12/><G130/><T116/><D116/><U111/><E111/><V45/><F71/><W72/><G72/><T31/><D135/><U39/><E0/><V13/><F67/><W25/><G115/><T94/><D60/><U62/><E19/><V49/><F80/><W56/><G132/><T61/><D61/><U14/><E14/><N who="2" m="5471" /><F78/><W63/><G98/><T9/><D9/><U4/><E4/><V54/><F49/><W129/><G2/><T128/><D128/><U34/><E34/><V38/><F38/><W76/><G76/><T6/><D6/><U99/><E50/><V65/><F65/><W123/><G123/><T126/><D126/><U42/><E42/><V66/><F66/><W22/><G129/><T33/><REACH who="0" step="1"/><D16/><REACH who="0" ten="240,250,236,264" step="2"/><U79/><E79/><V15/><F15/><W106/><G8/><T26/><D26/><U20/><E20/><V11/><F11/><W82/><G25/><T29/><D29/><U57/><E121/><V3/><F3/><W27/><G27/><T109/><D109/><U95/><E120/><V37/><F37/><W81/><G22/><T69/><D69/><U73/><E122/><V84/><AGARI ba="0,1" hai="13,17,23,45,47,48,54,58,84,91,93" m="5471" machi="84" ten="30,3000,0" yaku="25,1,8,1" doraHai="102" who="2" fromWho="2" sc="240,-10,250,-10,236,40,264,-10" /><INIT seed="2,1,0,4,3,55" ten="230,240,276,254" oya="2" hai0="34,74,103,83,43,33,49,113,125,128,32,105,30" hai1="73,115,126,130,64,107,120,63,111,78,42,48,31" hai2="135,114,57,132,24,9,54,22,97,15,13,69,95" hai3="70,79,122,87,16,121,11,27,29,26,68,118,88"/><V100/><F69/><W12/><G118/><T45/><D113/><U53/><E31/><V85/><F85/><W89/><G79/><T77/><D128/><U119/><E78/><V102/><F102/><W8/><G89/><T10/><D125/><U112/><E107/><V91/><F100/><W124/><G124/><T92/><D92/><U75/><E75/><V133/><F9/><W37/><G37/><T106/><D10/><U84/><E84/><V56/><F114/><W39/><G39/><T0/><D0/><U21/><E21/><V81/><F81/><W71/><G11/><T44/><D103/><U5/><E5/><V18/><F57/><W101/><G101/><T61/><D30/><U50/><E73/><V129/><F129/><W94/><REACH who="3" step="1"/><G26/><REACH who="3" ten="230,240,276,244" step="2"/><T96/><D96/><U17/><E126/><V98/><F98/><W7/><G7/><T20/><D20/><AGARI ba="1,1" hai="8,12,16,20,27,29,68,70,71,87,88,94,121,122" machi="20" ten="40,8000,1" yaku="1,1,54,2,53,1" doraHai="55" doraHaiUra="25" who="3" fromWho="0" sc="230,-83,240,0,276,0,244,93" /><INIT seed="3,0,0,2,0,24" ten="147,240,276,337" oya="3" hai0="86,38,100,59,49,131,17,6,42,20,52,62,9" hai1="103,126,101,16,121,117,41,83,28,118,11,112,90" hai2="15,134,23,53,2,111,54,122,48,119,92,123,73" hai3="45,89,36,71,50,4,125,80,68,8,67,108,58"/><W97/><G36/><T87/><D131/><U82/><E112/><V88/><F2/><W72/><G58/><T115/><D115/><U129/><E121/><V56/><F73/><W124/><G67/><T65/><D100/><U94/><E126/><V31/><F119/><W91/><G108/><T18/><D18/><U127/><E127/><V43/><F43/><W99/><G80/><T22/><D22/><U33/><E129/><V104/><F104/><W32/><G50/><T74/><D74/><U25/><E41/><V63/><F134/><W130/><G45/><T132/><D132/><U135/><E135/><V75/><F75/><W30/><G8/><T47/><D17/><U66/><E66/><V13/><F111/><W29/><G4/><T35/><D20/><U95/><E83/><V93/><F93/><W116/><G72/><T69/><D35/><U14/><E82/><V77/><F77/><W3/><G3/><T128/><D128/><U51/><E51/><V79/><F79/><W10/><G130/><T44/><D44/><U46/><E95/><V7/><F7/><W60/><G32/><T105/><D105/><U102/><REACH who="1" step="1"/><E46/><REACH who="1" ten="147,230,276,337" step="2"/><N who="2" m="27799" /><F123/><W27/><G124/><T78/><REACH who="0" step="1"/><D78/><REACH who="0" ten="137,230,276,337" step="2"/><U37/><E37/><V40/><F122/><W133/><G125/><T0/><AGARI ba="0,2" hai="0,6,9,38,42,47,49,52,59,62,65,69,86,87" machi="0" ten="20,12000,2" yaku="1,1,2,1,0,1,7,1,24,2,54,1,53,0" doraHai="24" doraHaiUra="96" who="0" fromWho="0" sc="137,140,230,-30,276,-30,337,-60" /><INIT seed="4,0,0,0,0,52" ten="277,200,246,277" oya="0" hai0="101,114,32,16,69,93,39,17,98,76,40,47,86" hai1="30,61,99,23,133,112,4,118,84,48,116,131,110" hai2="55,96,20,125,64,130,100,94,104,108,49,80,71" hai3="115,134,70,135,107,21,103,124,77,113,78,27,82"/><T46/><D114/><N who="3" m="43529" /><G70/><T102/><D69/><U54/><E112/><V11/><F108/><W127/><G103/><T95/><D32/><U38/><E38/><V2/><F130/><W19/><G107/><T35/><D35/><U119/><E110/><V12/><F2/><W132/><G78/><T91/><D76/><U37/><E37/><V33/><F33/><W44/><G44/><T18/><REACH who="0" step="1"/><D46/><REACH who="0" ten="267,200,246,277" step="2"/><U8/><E131/><V59/><F71/><W111/><G111/><T5/><D5/><U97/><E133/><V126/><F126/><W109/><G109/><T73/><D73/><AGARI ba="0,1" hai="19,21,27,73,77,82,124,127,132,134,135" m="43529" machi="73" ten="40,2600,0" yaku="20,1,15,1" doraHai="52" who="3" fromWho="0" sc="267,-26,200,0,246,0,277,36" owari="241,-16.0,200,-30.0,246,5.0,313,41.0" /></mjloggm>