<mjloggm ver="2.3"><GO type="169" lobby="0"/><UN n0="%47%4F%4B%49%47%45%4E" n1="%4D%75%72%70%68%79" n2="%E3%83%9B%E3%83%BB%E3%82%B8%E3%83%A5%E3%83%B3" n3="%E5%B0%B1%E6%B4%BB%E7%94%9F%40%E5%B7%9D%E6%9D%91%E8%BB%8D%E5%9B%A3" dan="16,17,17,17" rate="2144.36,2150.26,2230.20,2179.25" sx="M,M,M,M"/><TAIKYOKU oya="0"/><INIT seed="0,0,0,0,4,77" ten="250,250,250,250" oya="0" hai0="108,124,83,132,37,66,45,123,128,43,26,82,53" hai1="92,107,55,52,54,114,135,74,35,9,119,22,63" hai2="65,23,95,24,56,29,17,121,8,97,133,12,96" hai3="91,79,122,127,75,104,111,39,116,126,25,47,70"/><T27/><D123/><U5/><E119/><V129/><F121/><W1/><RYUUKYOKU type="yao9" ba="0,0" sc="250,0,250,0,250,0,250,0" hai3="1,25,39,47,70,75,79,91,104,111,116,122,126,127" /><INIT seed="0,1,0,1,5,98" ten="250,250,250,250" oya="0" hai0="43,92,130,33,41,1,67,117,20,84,35,121,134" hai1="46,118,122,108,49,100,83,39,77,4,14,104,50" hai2="44,18,93,54,6,97,45,105,36,38,133,47,107" hai3="8,22,27,71,115,89,53,101,48,55,19,96,2"/><T70/><D1/><U73/><E118/><V29/><F133/><W91/><G71/><T62/><D117/><U7/><E122/><V59/><F29/><W76/><G76/><T34/><D121/><U3/><E108/><V61/><F6/><W74/><G74/><T103/><D134/><U66/><E66/><V21/><F38/><W40/><G40/><T82/><D130/><U124/><E124/><V90/><REACH who="2" step="1"/><F36/><REACH who="2" ten="250,250,240,250" step="2"/><W25/><G115/><T112/><D112/><U11/><E7/><V9/><F9/><W13/><G2/><T0/><D0/><U110/><E110/><V65/><F65/><W51/><G8/><T99/><REACH who="0" step="1"/><D20/><REACH who="0" ten="240,250,240,250" step="2"/><U63/><E3/><V81/><F81/><W16/><G22/><T15/><D15/><AGARI ba="1,2" hai="15,18,21,44,45,47,54,59,61,90,93,97,105,107" machi="15" ten="40,1300,0" yaku="1,1,53,0" doraHai="98" doraHaiUra="5" who="2" fromWho="0" sc="240,-16,250,0,240,36,250,0" /><INIT seed="1,0,0,4,2,56" ten="224,250,276,250" oya="1" hai0="46,21,41,6,58,37,22,90,19,83,34,42,44" hai1="70,49,127,96,25,105,134,78,100,124,111,55,77" hai2="26,9,76,84,91,48,118,30,7,62,107,29,110" hai3="82,92,94,86,53,17,131,79,130,104,8,72,33"/><U85/><E70/><V20/><F118/><W5/><G33/><T69/><D34/><U71/><E71/><V28/><F110/><W120/><G120/><T89/><D69/><U11/><E111/><V59/><F76/><W122/><G122/><T14/><D6/><U97/><E11/><V54/><F107/><W115/><G17/><T36/><D83/><U103/><E25/><V75/><F75/><W24/><G24/><T108/><D108/><U132/><E49/><V66/><F7/><W4/><G4/><T117/><D117/><U51/><E51/><V95/><REACH who="2" step="1"/><F9/><REACH who="2" ten="224,250,266,250" step="2"/><W61/><G8/><T35/><D35/><U99/><E78/><V98/><F98/><W74/><G5/><T10/><D10/><U87/><E99/><V121/><F121/><W116/><G104/><T125/><D125/><N who="1" m="48203" /><E77/><V119/><F119/><W38/><G116/><T88/><D22/><U80/><E87/><V45/><AGARI ba="0,1" hai="20,26,28,29,30,45,48,54,59,62,66,84,91,95" machi="45" ten="20,8000,1" yaku="1,1,0,1,7,1,8,1,52,1,53,0" doraHai="56" doraHaiUra="128" who="2" fromWho="2" sc="224,-20,250,-40,266,90,250,-20" /><INIT seed="2,0,0,0,4,2" ten="204,210,356,230" oya="2" hai0="67,72,41,17,68,32,81,116,35,83,87,24,58" hai1="21,13,48,6,25,128,119,121,109,66,63,106,11" hai2="45,133,107,114,108,102,39,125,61,122,89,31,8" hai3="127,80,15,47,103,5,97,4,46,101,120,130,29"/><V60/><F114/><W105/><G120/><T33/><D68/><U113/><E113/><V59/><F122/><W132/><G132/><T71/><D71/><U65/><E121/><V135/><F125/><W118/><G118/><T50/><D116/><U56/><E119/><V77/><F77/><W19/><G127/><T85/><D72/><U117/><E117/><V90/><F31/><W88/><G29/><T7/><D67/><U18/><E106/><V26/><F26/><W96/><G130/><T28/><D17/><U78/><E128/><V62/><F59/><W12/><G80/><T37/><D37/><U9/><E109/><V14/><F108/><W40/><G88/><N who="2" m="33897" /><F102/><W70/><G70/><T27/><D83/><U74/><E74/><V42/><F107/><W1/><G1/><T69/><D69/><U57/><E78/><V0/><F0/><W54/><G54/><T10/><D81/><U20/><E66/><V100/><F100/><W64/><G64/><T115/><D115/><U53/><REACH who="1" step="1"/><E25/><REACH who="1" ten="204,200,356,230" step="2"/><V82/><F82/><W129/><G129/><T52/><D27/><U110/><E110/><V91/><F133/><W93/><G93/><T94/><D94/><U30/><E30/><V134/><F135/><W43/><REACH who="3" step="1"/><G19/><REACH who="3" ten="204,200,356,220" step="2"/><T75/><D75/><U44/><E44/><N who="2" m="23647" /><F134/><W98/><G98/><T3/><D35/><U95/><E95/><V23/><F45/><W92/><G92/><T104/><D104/><AGARI ba="0,2" hai="4,5,12,15,40,43,46,47,96,97,101,103,104,105" machi="104" ten="25,8000,1" yaku="1,1,22,2,52,2,53,0" doraHai="2" doraHaiUra="16" who="3" fromWho="0" sc="204,-80,200,0,356,0,220,100" /><INIT seed="3,0,0,5,1,129" ten="124,200,356,320" oya="3" hai0="22,8,74,19,78,82,76,84,126,67,125,10,131" hai1="109,64,60,119,6,63,127,31,108,47,69,73,62" hai2="86,66,95,134,116,87,23,9,75,44,83,25,132" hai3="113,112,29,14,110,2,15,91,130,128,5,61,133"/><W33/><G91/><T97/><D131/><N who="3" m="50217" /><G61/><N who="1" m="23658" /><E73/><V54/><F116/><W81/><G81/><N who="0" m="47143" /><D67/><U57/><E6/><V120/><F66/><W41/><G41/><T20/><D97/><U46/><E31/><V30/><F120/><W104/><G104/><T7/><D19/><U39/><E119/><V42/><F54/><W92/><G92/><T1/><D10/><U72/><E72/><V65/><F65/><W111/><G2/><T26/><D26/><U100/><E100/><V34/><F95/><W17/><G5/><T117/><D117/><U52/><E127/><AGARI ba="0,0" hai="1,7,8,20,22,74,78,82,125,126,127" m="47143" machi="127" ten="30,1000,0" yaku="18,1" doraHai="129" who="0" fromWho="1" sc="124,10,200,-10,356,0,320,0" /><INIT seed="4,0,0,1,3,12" ten="134,190,356,320" oya="0" hai0="111,99,114,124,19,51,128,10,130,65,135,76,16" hai1="123,103,72,109,25,70,23,39,91,117,62,44,81" hai2="118,63,56,86,31,41,21,43,125,9,78,7,35" hai3="90,15,71,32,129,105,42,120,88,47,26,69,106"/><T80/><D111/><U134/><E109/><V38/><F35/><W89/><G129/><N who="0" m="49771" /><D114/><U96/><E117/><V24/><F118/><W3/><G3/><T110/><D110/><U14/><E123/><V27/><F125/><W132/><G132/><T82/><D124/><U53/><E134/><V77/><F27/><W36/><G120/><T18/><D135/><U54/><E14/><N who="2" m="5439" /><F38/><W29/><REACH who="3" step="1"/><G15/><REACH who="3" ten="134,190,356,310" step="2"/><N who="0" m="7287" /><D65/><U85/><E25/><V48/><F48/><W28/><G28/><T133/><D133/><U94/><E39/><V119/><F119/><W66/><G66/><T104/><D51/><U45/><E62/><V22/><F22/><W0/><G0/><T102/><D80/><U97/><E81/><N who="2" m="47407" /><F78/><W115/><G115/><T17/><D17/><U58/><E23/><V87/><F31/><W98/><G98/><T49/><D49/><U126/><E96/><V95/><F21/><W20/><G20/><T121/><D121/><U37/><E97/><V64/><F24/><W52/><G52/><T11/><D11/><U61/><E54/><V2/><F2/><W73/><G73/><AGARI ba="0,1" hai="18,19,73,76,82,99,102,104" m="7287,49771" machi="73" ten="30,12000,1" yaku="19,1,52,3,54,1" doraHai="12" who="0" fromWho="3" sc="134,130,190,0,356,0,310,-120" /><INIT seed="4,1,0,4,4,36" ten="264,190,356,190" oya="0" hai0="115,57,28,101,42,18,0,41,29,38,74,9,103" hai1="58,66,20,43,22,2,111,99,131,98,51,114,84" hai2="6,96,116,86,119,32,135,49,118,16,31,40,91" hai3="72,35,110,123,105,13,21,104,17,11,46,77,47"/><T27/><D74/><U95/><E111/><V78/><F6/><W85/><G72/><T83/><D115/><U62/><E2/><V59/><F135/><W107/><G35/><T97/><D38/><U64/><E114/><V102/><F78/><W50/><G110/><T75/><D75/><U106/><E131/><V76/><F76/><W117/><G117/><T132/><D0/><U94/><E106/><V108/><F108/><W53/><G123/><T10/><D83/><U71/><E84/><V70/><F70/><W33/><G33/><T15/><D132/><U23/><E66/><V133/><F133/><W127/><G127/><T93/><D101/><N who="1" m="60631" /><E71/><V134/><F134/><W67/><G67/><T88/><D103/><N who="1" m="60927" /><E51/><V56/><F32/><W90/><G77/><T14/><D57/><U7/><E7/><V8/><F102/><W81/><REACH who="3" step="1"/><G47/><REACH who="3" ten="264,190,356,180" step="2"/><T12/><D9/><AGARI ba="1,1" hai="9,11,13,17,21,46,50,53,81,85,90,104,105,107" machi="9" ten="40,2600,0" yaku="1,1,2,1,53,0" doraHai="36" doraHaiUra="122" who="3" fromWho="0" sc="264,-29,190,0,356,0,180,39" /><INIT seed="5,0,0,4,4,20" ten="235,190,356,219" oya="1" hai0="57,89,104,48,19,96,21,49,72,51,6,98,27" hai1="121,66,26,129,58,56,38,43,77,123,122,1,18" hai2="94,71,133,74,17,62,69,36,15,103,52,2,73" hai3="119,127,126,91,37,31,33,124,4,132,34,32,116"/><U102/><E1/><V29/><F2/><W68/><G37/><T40/><D72/><U134/><E77/><V25/><F36/><W107/><G68/><T109/><D109/><U125/><E102/><V23/><F133/><W95/><G107/><T67/><D6/><U28/><E134/><V106/><F71/><W41/><G41/><T100/><D40/><U85/><E125/><V46/><F94/><W75/><G75/><T42/><D42/><U81/><E129/><V84/><F84/><W12/><G132/><T113/><D113/><U3/><E3/><V5/><F5/><W30/><G95/><N who="0" m="58399" /><D67/><U65/><E18/><V60/><F60/><W108/><G91/><T70/><D70/><U117/><E117/><N who="3" m="45130" /><G108/><T112/><D104/><U11/><E11/><AGARI ba="0,0" hai="4,11,12,30,31,32,33,34,124,126,127" m="45130" machi="11" ten="50,8000,1" yaku="18,1,12,1,34,2" doraHai="20" who="3" fromWho="1" sc="235,0,190,-80,356,0,219,80" /><INIT seed="6,0,0,5,4,89" ten="235,110,356,299" oya="2" hai0="83,110,45,22,40,104,106,9,98,87,18,54,118" hai1="85,88,121,32,53,34,71,7,47,84,19,72,127" hai2="90,86,44,0,92,25,28,16,55,50,48,61,26" hai3="130,113,56,23,134,21,12,122,31,30,108,63,38"/><V126/><F0/><W80/><G38/><T120/><D110/><U35/><E72/><V52/><F126/><W96/><G108/><T59/><D120/><U75/><E75/><V132/><F132/><W51/><G122/><T43/><D118/><U74/><E74/><V41/><F61/><W128/><G134/><T69/><D69/><U101/><E121/><V135/><F135/><W2/><G2/><T81/><D9/><U95/><E71/><V29/><F41/><W111/><G111/><T123/><D123/><U10/><E127/><V124/><F124/><W1/><G1/><T46/><D104/><U6/><E101/><V67/><F67/><W114/><G51/><T37/><D106/><U94/><E19/><V49/><F49/><W131/><G80/><T125/><D98/><U93/><E53/><V99/><F99/><W15/><G96/><T119/><D119/><U11/><E47/><N who="0" m="17929" /><D37/><U82/><REACH who="1" step="1"/><E85/><REACH who="1" ten="235,100,356,299" step="2"/><V3/><F55/><N who="3" m="34207" /><G31/><T105/><D125/><U36/><E36/><V4/><F29/><W129/><G129/><T60/><D87/><U133/><E133/><V112/><F28/><W115/><G30/><T17/><D17/><U65/><E65/><V27/><F16/><W20/><AGARI ba="0,1" hai="12,15,20,21,23,113,114,115,128,130,131" m="34207" machi="20" ten="50,8000,1" yaku="29,2,15,1,11,1,19,1" doraHai="89" who="3" fromWho="3" sc="235,-20,100,-20,356,-40,299,90" /><INIT seed="7,0,0,4,4,35" ten="215,80,316,389" oya="3" hai0="68,123,126,96,116,94,132,131,0,40,34,111,15" hai1="37,58,80,60,98,50,33,29,84,54,7,97,107" hai2="31,89,55,17,53,10,28,115,57,120,47,64,134" hai3="75,124,72,103,117,122,112,110,95,20,62,36,91"/><W114/><G36/><T70/><D15/><U45/><E33/><V127/><F115/><W100/><G110/><T2/><D94/><U135/><E29/><V74/><F74/><N who="3" m="28203" /><G117/><T79/><D79/><U108/><E108/><V19/><F134/><W25/><G62/><T26/><D96/><U93/><E135/><V86/><F127/><W99/><G124/><T4/><D40/><U83/><E107/><V39/><F120/><W66/><G66/><T109/><D4/><U48/><E37/><V102/><F102/><N who="3" m="38955" /><G20/><T85/><D85/><U63/><E93/><V9/><F39/><W43/><G25/><T16/><D26/><U105/><E105/><V59/><F86/><W56/><G56/><T44/><D44/><U23/><E23/><V22/><F22/><W71/><G43/><T67/><D67/><U18/><E18/><V14/><F64/><W118/><G71/><T42/><D42/><U133/><E133/><V49/><F89/><W46/><G46/><T87/><D87/><U11/><E63/><V90/><F90/><W41/><G41/><T3/><D16/><U8/><E83/><V125/><F125/><W76/><G76/><T81/><D81/><U6/><E6/><V27/><F27/><W12/><G12/><T77/><D77/><U61/><E61/><V101/><F101/><W92/><G92/><T121/><D132/><U51/><E45/><V106/><F106/><W128/><G95/><T113/><D126/><U129/><E129/><V52/><F47/><W24/><G91/><T130/><D34/><U5/><E5/><V30/><F19/><RYUUKYOKU ba="0,0" sc="215,0,80,0,316,0,389,0" owari="215,-18.0,80,-42.0,316,12.0,389,48.0" /></mjloggm>