<mjloggm ver="2.3"><GO type="169" lobby="0"/><UN n0="%E3%83%AB%E3%82%BF%E3%82%B9%E3%82%B1" n1="%6B%69%79%6F%64%61%69" n2="%E3%83%94%E3%82%B3%E3%83%9E%E3%82%B9%E3%83%86%E3%82%A3%E3%83%95" n3="%E3%83%88%E3%83%88%E3%83%AA%E5%85%88%E7%94%9F%31%39%E6%AD%B3" dan="16,17,17,19" rate="2033.20,2136.01,2145.68,2280.05" sx="M,M,M,F"/><TAIKYOKU oya="0"/><INIT seed="0,0,0,5,5,86" ten="250,250,250,250" oya="0" hai0="14,36,85,108,47,121,37,116,119,71,50,7,133" hai1="134,29,46,106,95,43,72,2,61,118,76,123,53" hai2="15,33,75,117,27,26,59,113,98,93,34,18,4" hai3="79,80,109,56,23,128,88,41,125,48,105,31,87"/><T103/><D121/><U10/><E106/><V40/><F75/><W78/><G105/><T91/><D103/><U6/><E118/><V114/><F117/><W122/><G109/><T115/><D115/><U81/><E134/><V83/><F83/><W57/><G128/><T44/><D71/><U21/><E123/><V131/><F131/><W58/><G125/><T30/><D133/><U28/><E21/><V120/><F120/><W135/><G135/><T100/><D100/><U94/><E94/><V70/><F70/><W9/><G122/><T8/><D30/><U16/><E16/><V67/><F40/><W97/><G97/><T54/><D108/><U104/><E104/><V77/><F77/><N who="3" m="29195" /><G9/><T24/><D24/><U129/><E129/><V96/><F27/><N who="3" m="16895" /><G41/><T126/><D126/><U92/><E29/><V5/><F33/><W55/><AGARI ba="0,0" hai="48,55,56,57,58,80,87,88" m="16895,29195" machi="55" ten="30,4000,0" yaku="8,1,52,1,54,1" doraHai="86" who="3" fromWho="3" sc="250,-20,250,-10,250,-10,250,40" /><INIT seed="1,0,0,3,4,99" ten="230,240,240,290" oya="1" hai0="98,87,120,27,119,31,10,130,76,57,37,52,68" hai1="75,73,67,41,35,80,117,17,16,127,129,8,97" hai2="110,15,51,55,32,128,109,115,94,42,92,106,2" hai3="45,93,29,49,116,62,36,70,133,26,91,50,103"/><U82/><E35/><V112/><F2/><W60/><G133/><T131/><D119/><U102/><E117/><V69/><F106/><W105/><G116/><T114/><D114/><N who="2" m="43562" /><F32/><W88/><G36/><T19/><D68/><U40/><E67/><V79/><F69/><W72/><G72/><T90/><D37/><U14/><E127/><V6/><F42/><W61/><G70/><T134/><D134/><U118/><E118/><V113/><F79/><W24/><G105/><T18/><D76/><U66/><E66/><V104/><F104/><W30/><G103/><T81/><D98/><U1/><E1/><V23/><F128/><N who="0" m="49194" /><D10/><U54/><E54/><V126/><F126/><W44/><G61/><N who="0" m="36007" /><D120/><U5/><E129/><V56/><F113/><W77/><G77/><T39/><D39/><U64/><E64/><V38/><F38/><W125/><G125/><T33/><AGARI ba="0,0" hai="18,19,27,31,33,81,87,90" m="36007,49194" machi="33" ten="30,2000,0" yaku="19,1,54,1" doraHai="99" who="0" fromWho="0" sc="230,20,240,-10,240,-5,290,-5" /><INIT seed="2,0,0,4,0,62" ten="250,230,235,285" oya="2" hai0="1,55,11,39,68,84,102,105,61,40,75,63,22" hai1="76,88,119,124,14,41,32,3,125,43,134,2,23" hai2="20,83,66,92,127,131,49,111,58,87,18,45,100" hai3="29,135,122,113,67,15,117,52,78,57,16,44,118"/><V12/><F131/><W98/><G122/><T36/><D22/><U95/><E32/><V0/><F0/><W91/><G135/><T96/><D84/><U5/><E76/><V13/><F127/><N who="1" m="48713" /><E119/><V126/><F126/><W74/><G113/><T50/><D75/><U77/><E77/><V33/><F33/><W27/><G67/><T93/><D40/><N who="1" m="15435" /><E134/><V9/><F111/><W94/><G44/><T48/><D48/><U132/><E132/><V53/><F100/><W121/><G121/><T114/><D114/><U46/><E46/><V72/><F92/><W42/><G42/><T51/><D51/><U128/><E128/><V109/><F72/><W34/><G78/><T70/><D70/><U64/><E64/><V37/><F109/><W54/><G74/><T90/><D68/><U24/><E14/><V104/><F104/><W86/><G98/><T21/><D36/><U4/><E3/><V35/><F35/><W97/><G97/><T89/><D39/><U80/><E80/><V112/><F37/><W116/><REACH who="3" step="1"/><G57/><REACH who="3" ten="250,230,235,275" step="2"/><T110/><D110/><U56/><E56/><V10/><F112/><W120/><G120/><T123/><D123/><U85/><E2/><V101/><F45/><W31/><G31/><AGARI ba="0,1" hai="4,5,23,24,31,85,88,95" m="15435,48713" machi="31" ten="30,2000,0" yaku="18,1,54,1" doraHai="62" who="1" fromWho="3" sc="250,0,230,30,235,0,275,-20" /><INIT seed="3,0,0,1,4,49" ten="250,260,235,255" oya="3" hai0="12,42,94,65,97,25,36,108,103,34,35,31,37" hai1="58,99,72,87,102,92,86,74,38,15,33,133,1" hai2="22,11,113,101,57,32,3,27,115,8,70,29,47" hai3="81,89,105,73,79,53,48,26,2,64,117,82,132"/><W129/><G117/><T7/><D108/><U54/><E38/><V78/><F70/><W5/><G105/><T19/><D7/><U10/><E1/><V51/><F101/><W124/><G129/><T4/><D4/><U40/><E33/><V111/><F111/><W121/><G121/><T128/><D128/><U67/><E67/><V60/><F78/><W45/><G132/><T13/><D35/><U20/><E40/><V44/><F32/><W59/><G124/><T130/><D130/><U110/><E133/><V43/><F44/><W123/><G123/><T56/><D12/><U39/><E39/><V28/><F28/><W76/><G89/><T107/><D107/><U131/><E20/><V114/><REACH who="2" step="1"/><F3/><REACH who="2" ten="250,260,225,255" step="2"/><W109/><G109/><T85/><D34/><U118/><E110/><V77/><F77/><W116/><G116/><T55/><D31/><U134/><E118/><V9/><F9/><W24/><G2/><T91/><D103/><U50/><E131/><V52/><AGARI ba="0,1" hai="8,11,22,27,29,43,47,51,52,57,60,113,114,115" machi="52" ten="30,7900,0" yaku="1,1,0,1,52,1,54,1,53,0" doraHai="49" doraHaiUra="68" who="2" fromWho="2" sc="250,-20,260,-20,225,89,255,-39" /><INIT seed="4,0,0,5,2,77" ten="230,240,314,216" oya="0" hai0="3,41,68,126,89,91,98,2,52,37,102,26,110" hai1="107,130,100,105,58,64,25,87,11,124,83,38,84" hai2="34,21,135,129,133,85,27,16,121,80,70,108,48" hai3="115,95,75,86,51,117,101,106,113,112,1,53,7"/><T5/><D68/><U47/><E87/><V28/><F70/><W40/><G117/><T42/><D37/><U15/><E100/><V92/><F108/><W24/><G75/><T116/><D116/><U131/><E124/><V0/><F121/><W31/><G40/><T50/><D2/><U63/><E25/><V94/><F0/><W35/><G106/><T12/><D3/><U134/><E134/><N who="2" m="51211" /><F48/><W90/><G101/><T88/><D26/><U9/><E9/><V99/><F99/><W109/><G109/><T22/><D110/><U55/><E38/><V56/><F56/><W111/><G111/><T66/><D66/><U120/><E120/><V45/><F45/><W17/><G1/><T62/><D62/><U36/><E36/><V29/><F129/><N who="1" m="49161" /><E47/><V104/><F104/><W39/><G39/><T114/><D126/><U125/><E64/><V122/><F122/><W44/><G113/><T67/><D67/><U61/><E63/><V32/><F29/><W23/><G115/><T73/><D114/><U97/><E97/><V14/><F32/><W13/><G112/><T71/><D71/><U10/><E10/><V93/><F93/><W128/><G128/><T132/><D132/><U59/><E59/><V65/><F65/><W118/><G118/><T8/><D22/><U46/><E46/><V81/><F81/><W6/><AGARI ba="0,0" hai="6,7,13,17,23,24,31,35,44,51,53,86,90,95" machi="6" ten="30,1100,0" yaku="0,1" doraHai="77" who="3" fromWho="3" sc="230,-5,240,-3,314,-3,216,11" /><INIT seed="5,0,0,4,3,130" ten="225,237,311,227" oya="1" hai0="64,45,43,94,63,66,60,113,9,132,98,56,101" hai1="87,48,34,97,54,71,79,39,1,70,47,25,22" hai2="93,10,6,90,75,114,82,91,111,115,50,126,122" hai3="19,58,106,53,104,61,121,92,33,123,76,135,124"/><U69/><E1/><V5/><F122/><W112/><G33/><T57/><D113/><N who="2" m="43018" /><F111/><W128/><G112/><T46/><D132/><U67/><E34/><V8/><F126/><W78/><G128/><T77/><D43/><U37/><E67/><V44/><F75/><W11/><G124/><T117/><D117/><U105/><E105/><V107/><F107/><W49/><G106/><T52/><D77/><U129/><E129/><V65/><F82/><W84/><G104/><T4/><REACH who="0" step="1"/><D64/><REACH who="0" ten="215,237,311,227" step="2"/><U103/><E79/><V31/><F65/><N who="3" m="39095" /><G135/><T13/><AGARI ba="0,1" hai="4,9,13,45,46,52,56,57,60,63,66,94,98,101" machi="13" ten="20,8000,1" yaku="1,1,0,1,7,1,8,1,54,1,53,0" doraHai="130" doraHaiUra="15" who="0" fromWho="0" sc="215,90,237,-40,311,-20,227,-20" /><INIT seed="6,0,0,4,2,106" ten="305,197,291,207" oya="2" hai0="9,40,26,24,55,105,90,127,57,86,19,93,96" hai1="44,69,102,36,103,116,110,126,77,30,115,23,124" hai2="111,122,121,71,107,112,58,28,73,104,76,54,12" hai3="84,15,132,134,61,45,65,82,17,29,119,53,108"/><V2/><F2/><W51/><G108/><T78/><D40/><N who="1" m="22535" /><E110/><V133/><F71/><W56/><G119/><T63/><D127/><N who="1" m="48683" /><E69/><V75/><F111/><W46/><G29/><T0/><D0/><U97/><E116/><V98/><F28/><W18/><G46/><T21/><D9/><U135/><E135/><N who="3" m="51754" /><G15/><N who="0" m="9471" /><D105/><U59/><E115/><V7/><F133/><W33/><G33/><T68/><D68/><U94/><E77/><AGARI ba="0,0" hai="17,18,45,51,53,56,61,65,77,82,84" m="51754" machi="77" ten="30,1000,0" yaku="20,1" doraHai="106" who="3" fromWho="1" sc="305,0,197,-10,291,0,207,10" /><INIT seed="7,0,0,1,2,133" ten="305,187,291,217" oya="3" hai0="52,93,20,44,53,123,95,50,96,66,125,60,105" hai1="111,132,122,33,15,2,42,39,135,83,48,80,119" hai2="126,41,107,115,47,77,51,35,84,25,10,34,13" hai3="27,121,56,116,99,78,109,26,103,81,7,113,9"/><W82/><G116/><T24/><D123/><U124/><E2/><V11/><F107/><W61/><G121/><T127/><D105/><U88/><E33/><V112/><F126/><N who="0" m="48138" /><D53/><U8/><E39/><V85/><F10/><W16/><G113/><N who="2" m="43593" /><F25/><W4/><G82/><T120/><D96/><U104/><E104/><V54/><F54/><W19/><G7/><T90/><D90/><U5/><E111/><V92/><F92/><W6/><G6/><T128/><D128/><U69/><E69/><V12/><F12/><W79/><G109/><T108/><D120/><U3/><E124/><V114/><F114/><W38/><G99/><T1/><D1/><U29/><E119/><V62/><F62/><W17/><G103/><T23/><D23/><U102/><E102/><V89/><F89/><W40/><G4/><T70/><D108/><U0/><E122/><V98/><F98/><W37/><G9/><T73/><D73/><U30/><E3/><V130/><F130/><W67/><G79/><T71/><D71/><U118/><E0/><V97/><F97/><W32/><G32/><T76/><D76/><U134/><E118/><V59/><F84/><W94/><G78/><T28/><AGARI ba="0,0" hai="20,24,28,44,50,52,60,66,70,93,95" m="48138" machi="28" ten="30,8000,1" yaku="18,1,52,3,54,1" doraHai="133" who="0" fromWho="0" sc="305,80,187,-20,291,-20,217,-40" owari="385,48.0,167,-33.0,271,7.0,177,-22.0" /></mjloggm>