<mjloggm ver="2.3"><GO type="169" lobby="0"/><UN n0="%E5%B0%B1%E6%B4%BB%E7%94%9F%40%E5%B7%9D%E6%9D%91%E8%BB%8D%E5%9B%A3" n1="%E2%80%A0%E3%83%81%E3%82%BF%E3%83%B3%E3%83%80%E3%82%A8%E3%83%AB%E2%80%A0" n2="%E9%BB%92%E7%8A%AC%40%E3%81%A6%E3%82%93%E3%81%BB%E3%83%BC" n3="%4E%6F%69%65" dan="17,16,16,17" rate="2241.78,2098.32,2118.59,2141.92" sx="M,M,F,M"/><TAIKYOKU oya="0"/><INIT seed="0,0,0,1,4,51" ten="250,250,250,250" oya="0" hai0="20,121,65,92,69,53,79,100,102,15,2,99,60" hai1="71,115,7,54,70,119,67,80,135,35,37,124,91" hai2="113,95,17,72,30,58,123,31,82,26,10,109,117" hai3="3,120,75,14,133,90,61,105,68,127,52,97,101"/><T43/><D2/><U66/><E119/><V21/><F123/><W1/><G75/><T36/><D121/><U44/><E35/><V41/><F117/><W73/><G73/><T78/><D102/><U104/><E104/><V129/><F113/><W130/><G120/><T88/><D100/><U46/><E115/><V131/><F41/><W39/><G39/><T77/><D43/><U118/><E118/><V122/><F122/><W18/><G127/><T64/><D36/><U8/><E124/><V126/><F126/><W38/><G38/><T110/><D110/><U111/><E111/><V76/><F109/><W94/><G68/><T5/><D20/><U128/><E128/><V29/><F95/><W12/><G130/><N who="2" m="49673" /><F58/><W134/><G14/><AGARI ba="0,0" hai="10,14,17,21,26,29,30,31,72,76,82" m="49673" machi="14" ten="30,1000,0" yaku="19,1" doraHai="51" who="2" fromWho="3" sc="250,0,250,0,250,10,250,-10" /><INIT seed="1,0,0,4,1,25" ten="250,250,260,240" oya="1" hai0="101,34,83,39,38,108,113,61,62,17,2,103,116" hai1="93,77,131,110,63,14,90,128,86,18,55,114,1" hai2="130,117,15,50,119,97,4,87,37,22,26,49,42" hai3="31,74,68,21,92,65,30,41,52,115,120,71,54"/><U9/><E114/><V73/><F73/><W98/><G74/><T19/><D2/><U44/><E1/><V43/><F130/><N who="1" m="49705" /><E110/><V20/><F97/><W23/><G115/><T109/><D34/><U28/><E77/><V66/><F66/><W132/><G120/><T51/><D83/><U72/><E72/><V82/><F37/><N who="0" m="13834" /><D51/><N who="1" m="29159" /><E63/><N who="0" m="24073" /><D116/><U129/><E129/><V121/><F121/><W16/><G41/><N who="2" m="15369" /><F117/><W96/><G65/><T47/><D47/><U78/><E78/><V29/><F119/><W122/><G122/><T107/><D107/><U36/><E36/><V104/><F104/><W70/><G92/><T133/><D133/><U24/><E24/><V58/><F58/><W12/><G132/><T27/><D27/><U85/><E85/><V79/><F4/><W102/><G102/><N who="0" m="38923" /><D113/><U126/><E126/><V80/><F80/><W60/><G60/><T0/><D0/><U11/><E11/><V135/><F135/><W124/><G124/><T67/><D67/><U56/><E56/><V7/><F7/><W94/><G94/><T8/><D8/><U127/><E127/><V35/><F35/><W91/><G91/><T48/><D48/><U81/><E81/><V125/><F125/><W111/><G70/><T100/><D100/><U123/><E123/><V105/><F105/><W40/><G40/><T84/><D84/><U134/><E134/><V64/><F64/><W112/><G112/><T10/><D10/><U76/><E76/><V53/><F53/><W32/><G32/><T3/><D3/><U5/><E5/><V13/><F22/><W95/><G23/><RYUUKYOKU ba="0,0" sc="250,10,250,10,260,10,240,-30" hai0="17,19,108,109" hai1="9,14,18,28,86,90,93" hai2="13,15,20,26,29,49,50,79,82,87" /><INIT seed="1,1,0,3,3,30" ten="260,260,270,210" oya="1" hai0="74,122,77,6,55,15,85,102,47,19,28,128,10" hai1="5,44,32,120,17,25,43,60,113,50,103,82,2" hai2="72,21,135,83,126,90,131,61,39,110,34,23,38" hai3="132,84,33,40,119,13,107,46,37,129,79,111,87"/><U104/><E120/><V7/><F7/><W95/><G107/><T63/><D74/><U57/><E113/><V70/><F90/><W134/><G111/><T65/><D122/><U92/><E104/><V76/><F23/><W0/><G0/><T68/><D102/><U16/><E82/><V117/><F21/><W125/><G33/><T11/><D128/><U4/><E2/><V48/><F83/><W14/><G129/><T133/><D133/><N who="3" m="51305" /><G125/><T1/><D28/><U20/><E17/><V94/><F94/><W58/><G119/><T114/><D114/><U73/><E73/><V35/><F61/><W41/><G41/><T18/><D77/><U9/><E9/><V8/><F8/><W27/><G27/><T29/><D29/><U66/><REACH who="1" step="1"/><E32/><REACH who="1" ten="260,250,270,210" step="2"/><V130/><F35/><W105/><G105/><T12/><D1/><U99/><AGARI ba="1,1" hai="4,5,16,20,25,43,44,50,57,60,66,92,99,103" machi="99" ten="30,12000,1" yaku="1,1,2,1,0,1,8,1,54,1,53,0" doraHai="30" doraHaiUra="26" who="1" fromWho="1" sc="260,-41,250,133,270,-41,210,-41" /><INIT seed="1,2,0,3,1,0" ten="219,383,229,169" oya="1" hai0="91,111,119,66,15,93,133,110,1,10,135,67,26" hai1="124,120,58,117,31,2,21,108,88,62,134,24,33" hai2="131,13,107,38,52,28,6,104,44,61,3,113,78" hai3="36,96,86,94,125,75,46,89,8,29,9,102,39"/><U64/><E120/><V30/><F3/><W76/><G125/><T43/><D1/><U112/><E117/><V77/><F107/><W116/><G116/><T16/><D43/><U25/><E112/><V7/><F104/><W123/><G123/><T37/><D37/><U56/><E124/><V105/><F105/><W53/><G29/><N who="2" m="11369" /><F38/><W92/><G39/><T115/><D26/><U126/><E126/><V41/><F113/><W114/><G114/><T22/><D115/><U42/><E134/><N who="0" m="51209" /><D22/><U95/><E2/><V121/><F121/><W82/><G36/><T71/><D119/><U80/><E108/><N who="0" m="41513" /><D71/><U79/><E42/><V55/><F131/><W98/><G46/><T129/><D129/><U73/><E64/><V122/><F122/><W127/><G127/><T18/><D18/><U100/><E62/><V19/><F41/><W32/><G32/><T106/><D106/><U101/><E58/><N who="2" m="35015" /><F44/><W132/><G132/><T14/><D14/><U51/><E56/><V87/><F55/><W12/><G53/><T97/><AGARI ba="2,0" hai="10,15,16,66,67,91,93,97" m="41513,51209" machi="97" ten="30,4000,0" yaku="20,1,14,1,54,1" doraHai="0" who="0" fromWho="0" sc="219,46,383,-22,229,-12,169,-12" /><INIT seed="2,0,0,2,3,129" ten="265,361,217,157" oya="2" hai0="81,57,24,25,83,131,5,69,120,7,17,58,12" hai1="95,70,101,82,100,50,132,91,87,72,130,75,23" hai2="126,52,19,33,106,123,35,122,22,119,88,63,64" hai3="56,115,49,21,9,94,43,60,135,108,13,6,85"/><V34/><F106/><W55/><G108/><T36/><D69/><U107/><E70/><V37/><F37/><W134/><G115/><T117/><D36/><U97/><E130/><V103/><F119/><W73/><G73/><N who="1" m="28234" /><E23/><V8/><F103/><W133/><G21/><N who="0" m="11431" /><D131/><U112/><E50/><V30/><F30/><W84/><G94/><T61/><D120/><U66/><E66/><V59/><F126/><W105/><G105/><T125/><D125/><U77/><E112/><V110/><F8/><W114/><G114/><T48/><D117/><U89/><E132/><V45/><F110/><W20/><G20/><T90/><D48/><U2/><E2/><V1/><F1/><W27/><G27/><N who="0" m="10315" /><D57/><U127/><E127/><V10/><F10/><W104/><G104/><T53/><D90/><N who="1" m="34315" /><E107/><V18/><F18/><W71/><G71/><T54/><D54/><U121/><E121/><V78/><F78/><W96/><G96/><T29/><D29/><U113/><E113/><V15/><F45/><AGARI ba="0,0" hai="6,9,13,43,45,49,55,56,60,84,85,133,134,135" machi="45" ten="40,8000,1" yaku="20,1,52,3" doraHai="129" who="3" fromWho="2" sc="265,0,361,0,217,-80,157,80" /><INIT seed="3,0,0,0,4,54" ten="265,361,137,237" oya="3" hai0="104,126,58,21,115,134,122,76,109,27,45,105,46" hai1="98,129,96,108,87,29,121,23,41,78,26,62,71" hai2="75,73,52,16,63,81,84,82,101,39,28,9,34" hai3="131,3,116,24,110,85,123,66,37,38,5,102,60"/><W61/><G116/><T14/><D122/><U47/><E121/><V44/><F101/><W40/><G123/><T94/><D115/><U7/><E108/><V77/><F34/><W80/><G110/><T111/><D76/><U19/><E129/><V127/><F28/><W20/><G131/><T113/><D14/><U95/><E7/><V117/><F117/><W53/><G102/><T67/><D94/><U30/><E71/><V57/><F127/><W72/><G72/><T120/><D21/><U91/><E62/><V89/><F44/><W79/><G40/><T135/><D27/><U51/><REACH who="1" step="1"/><E96/><REACH who="1" ten="265,351,137,237" step="2"/><V56/><F39/><W18/><G38/><T112/><D120/><U132/><E132/><V1/><F1/><W68/><G37/><T0/><D0/><U88/><E88/><V2/><F2/><W12/><G3/><T103/><D103/><U59/><E59/><V35/><F57/><W97/><G97/><T64/><D126/><U90/><E90/><V83/><F35/><W10/><G61/><T6/><D6/><U11/><E11/><V114/><F114/><W69/><G69/><T93/><D58/><U128/><E128/><V107/><F107/><W33/><G33/><T48/><D105/><U119/><E119/><V92/><REACH who="2" step="1"/><F77/><REACH who="2" ten="265,351,127,237" step="2"/><W70/><G70/><T32/><D104/><U118/><E118/><V74/><F74/><W100/><G100/><T17/><D134/><U22/><E22/><V125/><F125/><W86/><G86/><T25/><D111/><U99/><E99/><V15/><AGARI ba="0,2" hai="9,15,16,52,56,63,73,75,81,82,83,84,89,92" machi="15" ten="30,12000,2" yaku="1,1,0,1,52,1,54,2,53,1" doraHai="54" doraHaiUra="8" who="2" fromWho="2" sc="265,-30,351,-30,127,140,237,-60" /><INIT seed="4,0,0,3,1,43" ten="235,321,267,177" oya="0" hai0="86,73,112,89,45,84,115,57,132,32,122,110,64" hai1="66,92,35,42,71,23,6,100,105,95,109,77,120" hai2="83,129,31,94,28,37,76,118,59,72,33,96,107" hai3="102,5,50,12,103,9,114,113,30,0,62,79,126"/><T75/><D32/><U26/><E109/><V49/><F37/><W68/><G79/><T48/><D110/><U52/><E120/><V116/><F107/><W51/><G30/><T63/><D122/><U36/><E77/><V99/><F129/><W101/><G126/><T4/><D132/><U98/><E6/><V80/><F80/><W58/><G68/><T27/><D4/><U65/><E65/><V81/><F81/><W14/><G0/><T90/><D27/><U130/><E130/><V131/><F131/><W135/><G135/><T7/><D7/><U67/><E67/><V24/><F31/><W111/><G14/><T88/><D86/><U60/><E52/><N who="2" m="32143" /><F94/><W16/><G5/><T85/><D85/><U41/><E35/><V39/><F39/><W29/><G29/><T82/><D75/><U38/><E38/><V69/><F69/><W22/><G22/><T17/><D17/><U121/><E121/><V13/><F13/><W91/><G91/><T56/><D56/><U53/><E53/><V108/><F108/><W123/><G123/><T10/><D10/><U34/><E34/><V44/><F44/><W20/><G20/><T117/><D73/><U46/><REACH who="1" step="1"/><E42/><REACH who="1" ten="235,311,267,177" step="2"/><V127/><F127/><W97/><G111/><T124/><D124/><U93/><E93/><V19/><F33/><W74/><G74/><T133/><D133/><U54/><E54/><V18/><F76/><W78/><G78/><N who="0" m="46167" /><D117/><U125/><E125/><V8/><F116/><W1/><G1/><T87/><D87/><U25/><E25/><V104/><F118/><W55/><G97/><RYUUKYOKU ba="0,1" sc="235,10,311,10,267,-30,177,10" hai0="45,48,57,63,64,88,89,90,112,115" hai1="23,26,36,41,46,60,66,71,92,95,98,100,105" hai3="9,12,16,50,51,55,58,62,101,102,103,113,114" /><INIT seed="4,1,1,1,5,92" ten="245,321,237,187" oya="0" hai0="6,84,94,108,59,23,69,103,115,98,28,58,7" hai1="60,34,110,105,91,10,51,66,54,61,47,113,11" hai2="18,134,116,127,63,77,49,62,21,133,114,68,86" hai3="27,45,87,31,109,107,88,53,97,48,57,15,65"/><T121/><D69/><U72/><E110/><V9/><F9/><W119/><G109/><T117/><D121/><U124/><E34/><V73/><F73/><W2/><G2/><T50/><D108/><U83/><E124/><V90/><F77/><W106/><G119/><T46/><D84/><N who="1" m="50591" /><E72/><V8/><F8/><W37/><G15/><T25/><D117/><U76/><E105/><V17/><F116/><W95/><G87/><T128/><D128/><U80/><E113/><V19/><F114/><W74/><G74/><T102/><D102/><U24/><E24/><V12/><F127/><W96/><G96/><T42/><REACH who="0" step="1"/><D115/><REACH who="0" ten="235,321,237,187" step="2"/><U130/><E130/><V30/><F68/><W123/><G123/><T52/><D52/><U33/><E54/><V16/><F133/><W126/><G126/><T26/><D26/><U32/><E66/><V81/><F134/><W82/><G65/><T4/><AGARI ba="1,2" hai="4,6,7,23,25,28,42,46,50,58,59,94,98,103" machi="4" ten="30,12000,1" yaku="1,1,0,1,8,1,52,1,53,1" doraHai="92" doraHaiUra="43" who="0" fromWho="0" sc="235,143,321,-41,237,-41,187,-41" /><INIT seed="4,2,0,3,1,44" ten="378,280,196,146" oya="0" hai0="24,133,114,31,97,0,121,111,21,28,91,134,65" hai1="127,120,70,29,8,59,20,112,129,90,101,17,18" hai2="131,52,79,22,2,11,54,56,106,55,39,126,3" hai3="26,128,99,115,4,30,74,92,105,46,14,50,107"/><T94/><D121/><U69/><E120/><V40/><F106/><W108/><G108/><T73/><D73/><U118/><E118/><V84/><F131/><W104/><G74/><T38/><D0/><U98/><E129/><V135/><F135/><N who="0" m="51722" /><D38/><U109/><E109/><V47/><F126/><W110/><G110/><T63/><D111/><U130/><E130/><V113/><F113/><W27/><G128/><T122/><D122/><U34/><E127/><V87/><F3/><W125/><G125/><T45/><D45/><U57/><E90/><V88/><F56/><W15/><G115/><T124/><D124/><U64/><E112/><V119/><F119/><W67/><G67/><T61/><D114/><U116/><E116/><V49/><F39/><W58/><G58/><N who="0" m="37047" /><D63/><U23/><E34/><V25/><F79/><W96/><G96/><T10/><D10/><U7/><E8/><V77/><F77/><W33/><G4/><T85/><D85/><U95/><E7/><V72/><F72/><W81/><G81/><T53/><D53/><U100/><E98/><V66/><F66/><W6/><G6/><T5/><D5/><U42/><E64/><V93/><F11/><W35/><G99/><T117/><D117/><U86/><E86/><N who="2" m="52375" /><F2/><W123/><G123/><T68/><D68/><U16/><E70/><V37/><F37/><W19/><G92/><T82/><D82/><U48/><E69/><V75/><F75/><W78/><G78/><T51/><D31/><AGARI ba="2,0" hai="22,25,31,40,47,49,52,54,55,84,87" m="52375" machi="31" ten="30,7700,0" yaku="8,1,52,1,54,2" doraHai="44" who="2" fromWho="0" sc="378,-83,280,0,196,83,146,0" /><INIT seed="5,0,0,5,4,93" ten="295,280,279,146" oya="1" hai0="113,58,101,30,94,39,53,125,107,132,64,23,20" hai1="100,127,67,78,121,110,31,96,118,83,103,18,52" hai2="95,4,13,54,87,59,66,3,33,82,116,128,109" hai3="106,40,19,115,11,130,81,126,85,73,56,75,50"/><U42/><E121/><V70/><F3/><W133/><G115/><T28/><D28/><U86/><E118/><V84/><F33/><W117/><G117/><T17/><D39/><U1/><E1/><V34/><F116/><W46/><G130/><T25/><D107/><U12/><E127/><V123/><F34/><W16/><G126/><T10/><D125/><U27/><E110/><V88/><F123/><W68/><G68/><T38/><D38/><U122/><E67/><V63/><F109/><W62/><G133/><T24/><D132/><U99/><E42/><V44/><F44/><W131/><G106/><T98/><D113/><U35/><E122/><V89/><F128/><W120/><G131/><T69/><D10/><U76/><E76/><V77/><F77/><W71/><G71/><T108/><D108/><U124/><E124/><V80/><F13/><W104/><G104/><T22/><D22/><N who="1" m="15863" /><E52/><V92/><REACH who="2" step="1"/><F4/><REACH who="2" ten="295,280,269,146" step="2"/><W47/><G47/><T111/><D111/><U21/><E35/><V9/><F9/><W5/><G120/><T45/><D45/><U15/><E15/><V97/><F97/><AGARI ba="0,1" hai="12,18,21,78,83,86,96,97,99,100,103" m="15863" machi="97" ten="30,11600,0" yaku="8,1,52,3" doraHai="93" who="1" fromWho="2" sc="295,0,280,126,269,-116,146,0" /><INIT seed="5,1,0,4,3,21" ten="295,406,153,146" oya="1" hai0="53,115,76,13,117,87,15,120,40,26,97,56,63" hai1="35,119,34,90,4,79,73,18,106,1,67,128,133" hai2="126,71,0,47,28,38,66,80,20,30,32,17,48" hai3="64,125,70,6,98,96,59,14,69,92,55,58,134"/><U29/><E119/><V27/><F0/><W68/><G125/><T44/><D117/><U100/><E133/><V95/><F126/><W93/><G134/><T110/><D110/><U113/><E18/><V8/><F38/><W132/><G132/><T130/><D120/><U107/><E90/><V121/><F121/><W83/><G83/><N who="0" m="47591" /><D115/><U77/><E113/><V102/><F80/><W112/><G112/><T5/><D5/><U16/><E128/><V37/><F37/><W72/><G72/><T101/><D130/><U36/><E36/><V25/><F66/><W7/><G64/><T118/><D26/><N who="1" m="18743" /><E16/><V23/><F71/><W105/><G105/><T84/><D84/><U49/><E49/><V82/><F82/><W10/><G55/><T131/><D118/><U86/><E86/><V94/><F102/><W91/><REACH who="3" step="1"/><G6/><REACH who="3" ten="295,406,153,136" step="2"/><T22/><D53/><U41/><E67/><V61/><F61/><W24/><G24/><T122/><D63/><U39/><E107/><V12/><F32/><W45/><G45/><T78/><D44/><U2/><E4/><V89/><F89/><AGARI ba="1,1" hai="7,10,14,58,59,68,69,70,89,91,92,93,96,98" machi="89" ten="40,8000,1" yaku="1,1,9,1,53,2" doraHai="21" doraHaiUra="52" who="3" fromWho="2" sc="295,0,406,0,153,-83,136,93" /><INIT seed="6,0,0,2,4,70" ten="295,406,70,229" oya="2" hai0="99,121,115,56,82,59,132,8,34,109,131,42,80" hai1="129,54,53,123,26,72,0,92,106,44,48,63,122" hai2="16,30,81,50,127,65,97,12,85,13,100,93,86" hai3="7,64,31,17,4,5,113,21,74,14,91,38,83"/><V73/><F73/><W58/><G38/><T45/><D34/><U43/><E106/><V33/><F127/><W66/><G113/><T130/><D109/><U29/><E129/><N who="0" m="49161" /><D132/><U75/><E0/><V10/><F65/><N who="3" m="25195" /><G74/><N who="1" m="28202" /><E92/><V116/><F116/><W9/><G58/><N who="0" m="22059" /><D121/><N who="1" m="46091" /><E63/><V18/><F50/><W120/><G120/><T71/><D8/><U60/><E60/><V125/><F125/><W88/><G83/><T46/><D46/><U67/><E67/><V110/><F110/><W103/><G103/><T87/><D71/><U25/><E25/><AGARI ba="0,0" hai="4,5,7,9,14,17,21,25,31,88,91" m="25195" machi="25" ten="30,2000,0" yaku="8,1,54,1" doraHai="70" who="3" fromWho="1" sc="295,0,406,-20,70,0,229,20" /><INIT seed="7,0,0,0,4,65" ten="295,386,70,249" oya="3" hai0="22,33,80,18,19,26,27,24,56,76,94,96,40" hai1="53,86,131,126,17,88,11,114,59,36,111,69,54" hai2="29,7,48,10,47,101,74,1,71,49,93,63,37" hai3="122,13,99,82,89,121,23,127,105,78,85,107,73"/><W4/><G23/><T41/><D33/><U9/><E111/><V60/><F60/><W52/><G52/><T14/><D56/><U62/><E69/><V5/><F5/><W120/><G13/><T15/><D80/><U70/><E70/><V79/><F29/><W21/><G21/><N who="0" m="11479" /><D76/><U81/><E36/><V104/><F93/><N who="3" m="54447" /><G4/><T43/><D15/><U8/><E114/><V51/><F101/><AGARI ba="0,0" hai="19,22,24,26,27,40,41,43,94,96,101" m="11479" machi="101" ten="30,1000,0" yaku="8,1" doraHai="65" who="0" fromWho="2" sc="295,10,386,0,70,-10,249,0" owari="305,11.0,386,48.0,60,-44.0,249,-15.0" /></mjloggm>