<mjloggm ver="2.3"><GO type="169" lobby="0"/><UN n0="%E3%82%AF%E3%83%AD%E3%83%8E%E3%82%B9%40" n1="%64%6F%6E%63%68%61%6E%33" n2="%E3%82%A6%E3%83%AB%E3%83%88%E3%83%A9%E7%AB%8B%E7%9B%B4" n3="%E6%9A%97%E3%81%84%E7%AC%A6" dan="16,16,18,16" rate="2160.82,2077.15,2227.08,2116.07" sx="M,M,M,M"/><TAIKYOKU oya="0"/><INIT seed="0,0,0,3,5,59" ten="250,250,250,250" oya="0" hai0="89,52,128,95,126,19,24,2,54,21,125,86,16" hai1="8,3,4,110,41,107,68,121,51,15,26,102,130" hai2="112,1,114,61,50,80,58,55,33,93,6,66,79" hai3="40,38,67,120,23,88,74,106,97,32,123,134,36"/><T47/><D128/><U105/><E121/><N who="3" m="46666" /><G32/><T34/><D34/><U17/><E68/><V30/><F6/><W13/><G74/><T39/><D2/><U71/><E71/><V133/><F1/><W12/><G106/><T113/><D113/><U115/><E102/><V118/><F133/><W37/><G134/><T77/><D77/><U99/><E99/><V0/><F0/><W29/><G40/><T129/><D129/><U91/><E91/><V75/><F118/><W31/><G67/><T56/><D19/><U84/><E84/><V122/><F122/><W5/><G5/><T25/><D25/><U90/><E90/><V78/><F78/><W103/><G103/><T76/><D76/><U9/><E110/><V42/><F42/><W27/><G31/><T101/><D101/><U57/><E115/><V94/><F30/><W83/><G83/><T109/><D109/><U18/><E26/><V81/><F33/><W108/><G108/><T96/><D86/><U11/><E107/><V69/><F81/><W82/><G82/><T65/><D65/><U70/><E105/><V20/><F94/><AGARI ba="0,0" hai="12,13,23,27,29,36,37,38,88,94,97" m="46666" machi="94" ten="40,2600,0" yaku="13,1,54,1" doraHai="59" who="3" fromWho="2" sc="250,0,250,0,250,-26,250,26" /><INIT seed="1,0,0,1,5,75" ten="250,250,224,276" oya="1" hai0="7,0,126,99,83,51,48,103,42,100,112,55,66" hai1="8,18,17,120,28,25,95,98,92,132,90,105,11" hai2="47,96,54,104,4,81,61,12,128,80,37,134,33" hai3="9,60,59,62,94,108,78,43,63,19,22,110,93"/><U32/><E120/><V77/><F33/><W3/><G43/><T74/><D112/><U5/><E132/><V88/><F134/><W76/><G3/><T101/><D126/><U123/><E123/><V102/><F128/><W130/><G9/><T27/><D27/><U36/><E36/><V20/><F37/><W30/><G30/><T68/><D68/><U35/><E35/><V46/><F61/><N who="3" m="23659" /><G130/><T71/><D71/><U56/><E105/><V107/><F54/><N who="3" m="34295" /><G110/><T52/><D66/><U15/><E56/><V29/><F107/><W124/><G108/><T34/><D34/><U40/><E40/><V14/><F14/><N who="3" m="9591" /><G124/><T21/><D21/><U10/><E18/><V122/><F122/><W57/><G57/><T23/><D23/><U31/><E31/><V131/><F131/><W13/><G13/><T114/><D114/><U67/><E67/><V26/><F12/><W135/><G135/><T127/><D127/><U64/><E64/><V82/><F4/><W45/><G45/><N who="0" m="25655" /><D0/><U106/><E106/><V87/><REACH who="2" step="1"/><F82/><REACH who="2" ten="250,250,214,276" step="2"/><W129/><G129/><T58/><D7/><U2/><REACH who="1" step="1"/><E95/><AGARI ba="0,1" hai="76,78,93,94,95" m="9591,34295,23659" machi="95" ten="30,3900,0" yaku="8,1,52,2" doraHai="75" who="3" fromWho="1" sc="250,0,250,-39,214,0,276,49" /><INIT seed="2,0,0,3,4,118" ten="250,211,214,325" oya="2" hai0="86,111,127,100,106,16,17,30,49,126,103,92,133" hai1="21,26,1,73,57,23,2,70,34,44,43,60,108" hai2="19,131,88,104,65,77,61,82,5,102,51,35,41" hai3="59,33,114,55,116,47,119,89,36,113,67,91,62"/><V14/><F35/><W53/><G33/><T39/><D39/><U124/><E70/><V45/><F131/><W38/><G91/><N who="0" m="53367" /><D111/><U76/><E108/><V72/><F5/><W74/><G89/><T58/><D133/><U25/><E124/><N who="0" m="47657" /><D30/><U48/><E76/><V63/><F88/><W130/><G74/><T27/><D27/><U11/><E73/><V9/><REACH who="2" step="1"/><F65/><REACH who="2" ten="250,211,204,325" step="2"/><W13/><G130/><T69/><D100/><U7/><E34/><V95/><F95/><W20/><G119/><T22/><D103/><U123/><E1/><V56/><F56/><W93/><G93/><T109/><D106/><U94/><E94/><V54/><F54/><W107/><G55/><N who="0" m="32111" /><D109/><U64/><E2/><V31/><F31/><W15/><G107/><T8/><D69/><U42/><E7/><V101/><F101/><W135/><G116/><T29/><D29/><U97/><E64/><V12/><F12/><W4/><G15/><N who="0" m="9503" /><D17/><U40/><E57/><V117/><F117/><W24/><G67/><T129/><D129/><U98/><E42/><V50/><F50/><W105/><G105/><T83/><D83/><U132/><E48/><V120/><F120/><W32/><G59/><T52/><D52/><U134/><E123/><V125/><F125/><W6/><G53/><T78/><D78/><U84/><E40/><V87/><F87/><W99/><G36/><T18/><D18/><U112/><E84/><V75/><F75/><W85/><G85/><T28/><D28/><U66/><E43/><V115/><F115/><W90/><G38/><T10/><AGARI ba="0,1" hai="8,10" m="9503,32111,47657,53367" machi="10" ten="30,4000,0" yaku="25,1,18,1,54,1" doraHai="118" who="0" fromWho="0" sc="250,50,211,-10,204,-20,325,-10" /><INIT seed="3,0,0,5,0,23" ten="300,201,184,315" oya="3" hai0="124,55,41,122,38,86,98,133,112,76,104,27,121" hai1="47,105,134,78,96,20,60,82,120,46,54,108,42" hai2="127,88,74,30,87,69,68,123,18,45,77,3,81" hai3="70,99,2,126,110,67,117,115,39,10,32,85,113"/><W43/><G85/><T36/><D133/><U129/><E120/><V7/><F123/><W15/><G99/><T8/><D124/><U35/><E35/><V65/><F127/><W28/><G126/><T92/><D112/><U102/><E108/><V75/><F75/><W132/><G15/><T1/><D104/><U66/><E129/><V80/><F65/><W64/><G117/><T107/><D107/><U40/><E134/><V21/><F30/><W53/><G132/><T29/><D55/><U57/><E20/><V50/><F7/><N who="3" m="1399" /><G53/><T130/><D130/><U118/><E118/><V62/><F62/><N who="3" m="40215" /><G67/><T93/><D41/><U24/><E24/><V44/><F3/><W6/><G6/><T91/><D38/><U111/><E111/><V58/><F58/><W49/><G49/><T63/><D36/><U103/><E103/><V79/><F79/><W61/><G61/><T4/><D63/><U59/><E47/><V5/><F5/><W90/><G90/><T125/><D125/><U37/><E40/><V135/><F135/><W0/><G0/><T16/><D16/><U131/><E131/><V109/><F109/><W52/><G52/><T51/><D51/><U114/><E114/><V119/><F119/><W72/><G72/><T106/><D76/><U94/><E105/><V100/><F100/><W31/><G110/><T17/><D106/><U14/><E14/><N who="2" m="9431" /><F45/><N who="3" m="23807" /><G31/><T13/><D13/><U128/><E128/><V89/><F89/><W11/><G11/><T12/><D1/><U97/><E97/><V84/><F84/><W22/><G32/><N who="0" m="20543" /><D4/><U33/><E33/><RYUUKYOKU ba="0,0" sc="300,10,201,-30,184,10,315,10" hai0="8,12,17,86,91,92,93,98,121,122" hai2="44,50,68,69,74,77,80,81,87,88" hai3="22,28,113,115" /><INIT seed="3,1,0,4,4,13" ten="310,171,194,325" oya="3" hai0="80,89,48,62,64,81,117,105,130,40,96,123,10" hai1="52,93,50,135,97,107,51,111,16,70,94,109,103" hai2="88,11,116,18,87,6,100,95,71,91,78,24,92" hai3="20,2,74,84,118,42,134,73,113,12,101,32,25"/><W23/><G2/><T60/><D123/><U83/><E70/><V55/><F71/><W77/><G32/><T112/><D117/><U47/><E135/><V5/><F78/><W102/><G113/><T28/><D130/><U125/><E125/><V21/><F116/><W39/><G39/><T9/><D112/><U30/><E30/><V99/><F55/><W44/><G74/><T63/><D28/><U35/><E35/><V7/><REACH who="2" step="1"/><F100/><REACH who="2" ten="310,171,184,325" step="2"/><W41/><G101/><T122/><D122/><U34/><E34/><V0/><AGARI ba="1,1" hai="0,5,6,7,11,18,21,24,87,88,91,92,95,99" machi="0" ten="20,12000,2" yaku="1,1,2,1,0,1,7,1,52,1,54,1,53,0" doraHai="13" doraHaiUra="75" who="2" fromWho="2" sc="310,-31,171,-31,184,133,325,-61" /><INIT seed="4,0,0,4,4,19" ten="279,140,317,264" oya="0" hai0="83,52,76,98,41,50,88,40,68,53,80,110,128" hai1="111,25,34,77,126,79,114,70,10,113,90,22,103" hai2="18,118,112,21,4,78,74,39,69,30,115,95,63" hai3="84,9,100,82,102,33,133,61,57,101,130,42,14"/><T58/><D68/><U8/><E70/><V13/><F39/><W65/><G33/><T125/><D128/><U31/><E103/><V81/><F118/><W55/><G130/><T135/><D135/><U5/><E111/><V94/><F4/><W56/><G42/><T46/><D110/><U3/><E90/><V48/><F48/><W16/><G133/><T45/><D125/><U131/><E131/><V7/><F7/><W132/><G132/><T32/><D32/><U59/><E59/><V129/><F30/><W89/><REACH who="3" step="1"/><G102/><REACH who="3" ten="279,140,317,254" step="2"/><T85/><D46/><U91/><E126/><V15/><F129/><W106/><G106/><T64/><D64/><U86/><E8/><V44/><F44/><W49/><AGARI ba="0,1" hai="9,14,16,49,55,56,57,61,65,82,84,89,100,101" machi="49" ten="20,12000,2" yaku="1,1,0,1,7,1,8,1,54,1,53,2" doraHai="19" doraHaiUra="99" who="3" fromWho="3" sc="279,-60,140,-30,317,-30,254,130" /><INIT seed="5,0,0,5,4,45" ten="219,110,287,384" oya="1" hai0="51,7,76,133,117,127,43,132,78,95,112,47,11" hai1="29,33,34,135,32,31,57,5,9,35,16,23,77" hai2="128,0,60,36,113,14,69,131,13,38,21,114,75" hai3="42,59,15,48,3,28,44,116,107,98,94,65,89"/><U70/><E70/><V126/><F0/><W10/><G3/><T115/><D117/><U81/><N who="1" m="8192" /><DORA hai="58" /><U56/><E135/><N who="0" m="51785" /><D95/><U68/><E68/><V96/><F96/><W66/><G107/><T102/><D102/><U121/><E121/><V64/><F75/><W55/><G28/><T18/><D18/><U122/><E122/><V82/><F82/><W108/><G108/><T19/><D19/><U50/><E50/><V109/><F109/><W46/><G116/><T103/><D103/><U73/><E31/><V80/><F80/><W87/><G98/><T84/><D127/><U27/><REACH who="1" step="1"/><E29/><REACH who="1" ten="219,100,287,384" step="2"/><V49/><F49/><W123/><G123/><T53/><D115/><U25/><E25/><V40/><F113/><W71/><G71/><T79/><D112/><U101/><E101/><V72/><F69/><W120/><G120/><T17/><D17/><U41/><E41/><V37/><F40/><W93/><G48/><T92/><D43/><U85/><E85/><V24/><F114/><W90/><G87/><T129/><D129/><U118/><E118/><V74/><F128/><W88/><G42/><T63/><D63/><U62/><E62/><V91/><F131/><W124/><G124/><T61/><D61/><U4/><E4/><V22/><F60/><W54/><G94/><T83/><D92/><U104/><E104/><V52/><F126/><W105/><G93/><T1/><AGARI ba="0,1" hai="1,7,11,47,51,53,76,78,79,83,84" m="51785" machi="1" ten="30,2000,0" yaku="20,1,52,1" doraHai="45,58" who="0" fromWho="0" sc="219,30,100,-10,287,-5,384,-5" /><INIT seed="6,0,0,3,2,63" ten="249,90,282,379" oya="2" hai0="5,82,41,53,80,71,39,43,104,129,0,50,31" hai1="29,98,18,115,123,87,103,108,72,62,8,15,12" hai2="58,124,90,102,118,78,21,1,59,130,97,57,2" hai3="4,119,114,51,20,106,81,76,65,27,109,19,112"/><V94/><F118/><W33/><G106/><T49/><D104/><U48/><E72/><V73/><F124/><W68/><G119/><T83/><D129/><U107/><E115/><N who="3" m="44074" /><G33/><T56/><D31/><U30/><E123/><V32/><F32/><W17/><G4/><T135/><D135/><U88/><E108/><V125/><F125/><W132/><G51/><T11/><D71/><U121/><E121/><V89/><F130/><W86/><G132/><T84/><D39/><U44/><E12/><V64/><F64/><W10/><G10/><T26/><D26/><U61/><E61/><V93/><F21/><W67/><G68/><T116/><D116/><U70/><E62/><V117/><F117/><W14/><G109/><T35/><D35/><U3/><E3/><V95/><F1/><W131/><G131/><T23/><D23/><U127/><E127/><V122/><F122/><W60/><G60/><T126/><D126/><U111/><E111/><V79/><F2/><W92/><G92/><N who="2" m="35433" /><F73/><W101/><G101/><T77/><D43/><U6/><E6/><V96/><F96/><W85/><G86/><T22/><D22/><U91/><E70/><V7/><F7/><W74/><G74/><T42/><D42/><U9/><E9/><V113/><F113/><W110/><G110/><T69/><D69/><U54/><REACH who="1" step="1"/><E91/><AGARI ba="0,0" hai="57,58,59,78,79,89,90,91,95,97,102" m="35433" machi="91" ten="30,1500,0" yaku="8,1" doraHai="63" who="2" fromWho="1" sc="249,0,90,-15,282,15,379,0" /><INIT seed="6,1,0,3,1,122" ten="249,75,297,379" oya="2" hai0="76,20,19,128,116,38,48,6,26,3,53,62,60" hai1="95,10,18,78,37,21,68,113,132,88,133,98,8" hai2="41,72,73,36,4,24,65,114,71,99,93,134,28" hai3="97,87,33,27,104,103,30,66,45,31,115,108,23"/><V96/><F114/><W54/><G31/><T126/><D38/><U12/><E37/><V61/><F134/><W63/><G87/><T109/><D128/><U43/><E68/><V82/><F4/><W47/><G115/><T64/><D126/><U44/><E113/><V100/><F82/><W11/><G11/><T85/><D116/><U106/><E78/><V32/><F41/><W55/><G23/><T123/><D123/><U58/><E106/><V39/><F39/><W5/><G5/><T22/><D109/><U35/><E35/><V46/><F46/><N who="3" m="17419" /><G108/><T59/><D3/><U127/><E127/><V118/><F36/><W125/><G125/><T101/><D101/><U34/><E34/><V110/><F110/><W92/><G92/><T1/><D6/><U102/><E102/><V84/><F84/><W17/><G17/><T120/><D1/><U2/><E2/><V49/><F49/><W90/><G90/><T121/><D22/><U69/><E69/><AGARI ba="1,0" hai="27,30,33,54,55,63,66,69,97,103,104" m="17419" machi="69" ten="30,1000,0" yaku="25,1" doraHai="122" who="3" fromWho="1" sc="249,0,75,-13,297,0,379,13" /><INIT seed="7,0,0,2,2,57" ten="249,62,297,392" oya="3" hai0="12,35,18,129,82,127,80,58,31,128,19,112,130" hai1="114,93,98,39,16,81,111,20,79,51,84,72,104" hai2="7,71,52,77,6,59,75,100,101,36,65,42,60" hai3="33,102,87,17,88,49,96,99,15,115,29,134,66"/><W94/><G134/><T118/><D118/><U8/><E39/><V68/><F68/><W83/><G66/><T32/><D127/><U76/><E114/><V86/><F75/><W64/><G64/><T89/><D112/><U4/><E111/><V2/><F2/><W132/><G132/><T56/><D89/><U107/><E107/><V91/><F77/><W37/><G37/><T106/><D106/><U70/><E70/><V131/><F131/><W3/><G3/><T119/><D119/><U78/><E51/><V110/><F110/><W45/><G33/><N who="0" m="12875" /><D12/><U40/><E40/><V55/><F55/><W109/><G115/><T11/><D11/><U85/><E85/><V124/><F124/><W30/><G99/><T46/><D46/><U41/><E41/><V44/><F101/><W133/><G133/><T123/><D31/><U121/><E121/><V13/><F13/><W117/><G117/><T97/><D97/><U9/><E9/><V108/><F100/><W54/><G109/><T122/><D58/><U135/><E135/><V34/><F34/><W53/><G54/><T105/><D56/><U47/><E47/><V43/><F43/><W26/><G26/><T116/><D105/><U74/><E74/><V61/><F108/><W67/><G67/><T69/><D69/><U113/><E113/><V10/><F10/><AGARI ba="0,0" hai="10,15,17,29,30,45,49,53,83,87,88,94,96,102" machi="10" ten="30,12000,1" yaku="7,1,25,2,8,1,54,1" doraHai="57" who="3" fromWho="2" sc="249,0,62,0,297,-120,392,120" owari="249,5.0,62,-44.0,177,-22.0,512,61.0" /></mjloggm>