<mjloggm ver="2.3"><GO type="169" lobby="0"/><UN n0="%79%75%69%79%75%69%30%30" n1="%E3%82%B3%E3%83%AA%E3%83%A9%E3%83%83%E3%82%AF%E3%83%9E" n2="%E3%83%88%E3%83%88%E3%83%AA%E5%85%88%E7%94%9F%31%39%E6%AD%B3" n3="%E3%83%90%E3%82%A4%E3%82%A2%E3%83%A9%E3%83%B3" dan="17,16,19,17" rate="2149.99,2019.47,2273.94,2128.71" sx="M,M,F,M"/><TAIKYOKU oya="0"/><INIT seed="0,0,0,0,5,27" ten="250,250,250,250" oya="0" hai0="118,41,92,26,73,68,52,24,56,22,36,112,126" hai1="95,3,91,100,120,75,58,97,51,64,17,82,102" hai2="53,109,49,57,6,99,123,33,2,5,60,31,81" hai3="1,71,93,80,21,50,98,59,76,25,23,84,128"/><T62/><D112/><U48/><E120/><V78/><F123/><W88/><G128/><T16/><D118/><U12/><E3/><V7/><F109/><W47/><G71/><T35/><D73/><U114/><E114/><V132/><F132/><W14/><G1/><T34/><D126/><U20/><E75/><V70/><F2/><W133/><G133/><T135/><D135/><U4/><E4/><V10/><F10/><W90/><G59/><T18/><D68/><U9/><E9/><V107/><F107/><W77/><G14/><T63/><D63/><N who="1" m="38007" /><E82/><V79/><F99/><W130/><G130/><T85/><D36/><U119/><E119/><V61/><F70/><W39/><G39/><T129/><D41/><U111/><E111/><V0/><F0/><W131/><G131/><T101/><D129/><U44/><E51/><V115/><F115/><W45/><G23/><T86/><D35/><U42/><AGARI ba="0,0" hai="12,17,20,42,44,48,91,95,97,100,102" m="38007" machi="42" ten="30,1100,0" yaku="8,1" doraHai="27" who="1" fromWho="1" sc="250,-5,250,11,250,-3,250,-3" /><INIT seed="1,0,0,3,5,30" ten="245,261,247,247" oya="1" hai0="99,36,31,83,124,17,119,56,128,67,26,117,102" hai1="79,92,59,121,126,48,24,27,77,8,21,111,22" hai2="85,78,113,43,129,7,5,2,68,80,86,61,132" hai3="44,38,114,112,11,54,66,46,131,23,69,20,135"/><U75/><E121/><V42/><F129/><W49/><G11/><T37/><D128/><U73/><E126/><V108/><F108/><W133/><G20/><T45/><D124/><U35/><E35/><V109/><F109/><W127/><G23/><T82/><D17/><U63/><E111/><V74/><F132/><N who="3" m="50763" /><G131/><T16/><D37/><U53/><E73/><V57/><F68/><W19/><G19/><T29/><D36/><U95/><E75/><V110/><F113/><W34/><G34/><T28/><D45/><U87/><E8/><V18/><F110/><W10/><G10/><T58/><D117/><U81/><E77/><V107/><F107/><W103/><G127/><T90/><D102/><U97/><E97/><V105/><F105/><W93/><G93/><N who="0" m="56759" /><D119/><U72/><E72/><V118/><F118/><W64/><G103/><T123/><D123/><U12/><E12/><V122/><F122/><W25/><G25/><N who="1" m="9802" /><E48/><V9/><F18/><W120/><G120/><T15/><D26/><U76/><E76/><V94/><F7/><W104/><G104/><T130/><D130/><U3/><E3/><V100/><F74/><W62/><G66/><T47/><D67/><U96/><E92/><V1/><F1/><W125/><G125/><T50/><D15/><U70/><E70/><V0/><F0/><W39/><G39/><T84/><D16/><U13/><E13/><V91/><F100/><AGARI ba="0,0" hai="21,22,53,59,63,79,81,87,95,96,100" m="9802" machi="100" ten="30,1500,0" yaku="8,1" doraHai="30" who="1" fromWho="2" sc="245,0,261,15,247,-15,247,0" /><INIT seed="1,1,0,4,4,45" ten="245,276,232,247" oya="1" hai0="98,17,135,129,44,130,64,93,88,34,26,86,52" hai1="18,51,29,36,99,82,12,54,126,121,65,83,133" hai2="37,15,58,62,33,4,94,113,67,40,43,120,3" hai3="101,38,13,90,127,105,61,128,125,103,48,96,81"/><U89/><E36/><V30/><F120/><W75/><G38/><T72/><D72/><U112/><E121/><V134/><F3/><W119/><G61/><T31/><D135/><U115/><E133/><V27/><F134/><W9/><G119/><T57/><D17/><U118/><E126/><V84/><F37/><W111/><G128/><N who="0" m="49259" /><D44/><U100/><E118/><V109/><F109/><W71/><G71/><T80/><D64/><U35/><E65/><V132/><F113/><W68/><G68/><T95/><D98/><U25/><E83/><V69/><F69/><W102/><G111/><T85/><D86/><U108/><E108/><V14/><F132/><W87/><G75/><T49/><AGARI ba="1,0" hai="26,31,34,49,52,57,80,85,88,93,95" m="49259" machi="49" ten="30,7900,0" yaku="19,1,52,1,54,2" doraHai="45" who="0" fromWho="0" sc="245,82,276,-40,232,-21,247,-21" /><INIT seed="2,0,0,2,4,68" ten="327,236,211,226" oya="2" hai0="1,65,82,91,11,67,14,9,77,86,89,81,74" hai1="115,43,134,102,120,106,135,56,96,111,123,55,76" hai2="109,66,26,13,92,97,16,72,61,62,17,2,46" hai3="24,22,23,125,4,78,59,99,79,98,93,107,48"/><V41/><F2/><W42/><G125/><T8/><D1/><U54/><E115/><V58/><F72/><W113/><G113/><T127/><D127/><U124/><E124/><V104/><F104/><W39/><G4/><T0/><D0/><U60/><E111/><V95/><F109/><W117/><G117/><T50/><D14/><U122/><E76/><V64/><F26/><W90/><G22/><T12/><D12/><U20/><E43/><V36/><F97/><W108/><G39/><T15/><D15/><U52/><REACH who="1" step="1"/><E20/><REACH who="1" ten="327,226,211,226" step="2"/><V126/><F126/><W38/><G78/><T112/><D112/><U128/><E128/><V133/><F133/><AGARI ba="0,1" hai="52,54,55,56,60,96,102,106,120,122,123,133,134,135" machi="133" ten="50,8000,1" yaku="1,1,13,1,20,1,54,1,53,0" doraHai="68" doraHaiUra="25" who="1" fromWho="2" sc="327,0,226,90,211,-80,226,0" /><INIT seed="3,0,0,4,2,55" ten="327,316,131,226" oya="3" hai0="105,68,97,98,70,94,78,42,106,53,44,30,46" hai1="28,64,25,89,108,47,96,16,54,102,126,116,13" hai2="66,129,40,130,21,51,76,71,127,39,119,27,91" hai3="85,35,10,118,128,104,31,117,41,59,61,84,37"/><W33/><G104/><T87/><D30/><U80/><E108/><V62/><F119/><W101/><G101/><T135/><D135/><U34/><E126/><V75/><F127/><W99/><G99/><T82/><D70/><U3/><E3/><V52/><F91/><W133/><G41/><T8/><D68/><U88/><E64/><V48/><F48/><W79/><G37/><T60/><D97/><U81/><E116/><V90/><F90/><W67/><G10/><T69/><D69/><U72/><E72/><V115/><F115/><W95/><G133/><T14/><D46/><U86/><E81/><V74/><F40/><W107/><G107/><T113/><D113/><U36/><E36/><V49/><F49/><W77/><G128/><N who="2" m="49257" /><F76/><W73/><G73/><T1/><D1/><U111/><E111/><V121/><F121/><W22/><G95/><T122/><D122/><U12/><E12/><V2/><F2/><W125/><G125/><T23/><D42/><U63/><E63/><V43/><F43/><W114/><G114/><T38/><D38/><U5/><E89/><V15/><F15/><W17/><G79/><T131/><D131/><U4/><E47/><N who="2" m="27775" /><F39/><W6/><G77/><T19/><D44/><U26/><E26/><V134/><F134/><W124/><G124/><T83/><D83/><U7/><E54/><V57/><F71/><W65/><G118/><T9/><D105/><U18/><REACH who="1" step="1"/><E13/><REACH who="1" ten="327,306,131,226" step="2"/><V110/><F110/><W50/><G117/><T24/><D14/><U0/><E0/><V93/><F74/><W56/><G61/><T100/><D60/><RYUUKYOKU ba="0,1" sc="327,-10,306,30,131,-10,226,-10" hai1="4,5,7,16,18,25,28,34,80,86,88,96,102" /><INIT seed="4,1,1,4,0,92" ten="317,336,121,216" oya="0" hai0="3,89,126,56,27,103,50,61,21,17,102,109,5" hai1="66,132,64,134,119,4,23,29,30,133,90,40,127" hai2="69,42,112,43,45,101,28,44,125,39,65,67,77" hai3="95,120,87,71,47,24,108,91,81,118,16,135,49"/><T6/><D126/><U14/><E127/><V128/><F125/><W63/><G108/><T96/><D109/><U130/><E119/><V122/><F28/><W36/><G36/><T75/><D75/><U83/><E130/><V12/><F77/><W18/><G118/><T124/><D50/><U70/><E40/><V35/><F35/><W32/><G135/><T20/><D20/><U105/><E105/><V31/><F31/><N who="1" m="11785" /><E70/><V53/><F12/><W58/><G24/><T114/><D124/><U68/><E68/><V33/><F101/><N who="0" m="38410" /><D3/><U15/><E15/><V79/><F33/><W41/><G71/><T9/><D9/><N who="1" m="4391" /><E23/><V82/><F128/><W111/><G32/><T98/><D114/><U100/><E100/><V72/><F112/><W46/><G120/><T57/><D57/><U7/><E7/><N who="0" m="2569" /><D89/><U51/><E51/><V13/><F122/><W59/><G59/><T1/><D1/><U54/><E54/><AGARI ba="1,1" hai="17,21,27,54,56,61,96,98" m="2569,38410" machi="54" ten="30,5800,0" yaku="8,1,52,2" doraHai="92" who="0" fromWho="1" sc="317,71,336,-61,121,0,216,0" /><INIT seed="4,2,0,1,0,109" ten="388,275,121,216" oya="0" hai0="110,121,81,72,107,33,127,74,50,112,130,26,135" hai1="31,36,78,71,7,124,62,65,96,18,45,91,54" hai2="98,93,123,53,13,30,104,66,56,102,34,38,84" hai3="28,134,52,129,14,69,17,3,128,117,35,48,20"/><T58/><RYUUKYOKU type="yao9" ba="2,0" sc="388,0,275,0,121,0,216,0" hai0="26,33,50,58,72,74,81,107,110,112,121,127,130,135" /><INIT seed="4,3,0,3,5,70" ten="388,275,121,216" oya="0" hai0="29,107,81,63,102,84,51,109,65,100,7,25,92" hai1="89,45,94,117,69,71,134,133,54,68,43,13,77" hai2="21,122,4,78,128,28,90,121,125,30,14,86,36" hai3="53,131,62,108,23,115,24,15,12,79,31,26,33"/><T85/><D7/><U82/><E117/><V72/><F36/><W59/><G108/><T1/><D1/><U44/><E13/><V99/><F128/><W91/><G131/><T119/><D119/><U95/><E54/><V6/><F125/><W60/><G79/><T10/><D10/><U46/><E43/><V130/><F130/><W50/><G115/><T96/><D51/><U64/><E64/><V39/><F39/><W56/><G50/><T42/><D42/><U80/><E89/><V2/><F2/><W37/><G37/><T48/><D48/><U57/><E57/><V112/><F112/><W0/><G0/><T103/><D109/><U93/><REACH who="1" step="1"/><E77/><REACH who="1" ten="388,265,121,216" step="2"/><V61/><F14/><W34/><G91/><T74/><D100/><U97/><E97/><V66/><F99/><W127/><G127/><T8/><D102/><U40/><E40/><V47/><F78/><W5/><G5/><T106/><D103/><U73/><E73/><V58/><F72/><W55/><REACH who="3" step="1"/><G34/><REACH who="3" ten="388,265,121,206" step="2"/><N who="0" m="20783" /><D74/><U101/><E101/><V41/><F4/><W123/><G123/><T17/><D106/><U132/><AGARI ba="3,2" hai="44,45,46,68,69,71,80,82,93,94,95,132,133,134" machi="132" ten="50,32000,5" yakuman="40" doraHai="70" doraHaiUra="49" who="1" fromWho="1" sc="388,-163,265,349,121,-83,206,-83" /><INIT seed="5,0,0,1,0,42" ten="225,614,38,123" oya="1" hai0="48,7,0,37,69,127,11,80,17,64,95,5,44" hai1="133,38,117,74,9,86,110,121,120,19,59,116,35" hai2="63,104,53,40,105,36,92,114,25,100,22,47,51" hai3="46,15,54,88,1,8,55,99,106,91,125,119,128"/><U18/><E38/><V4/><F114/><W129/><G1/><T60/><D127/><U132/><E74/><V124/><F124/><W23/><G119/><N who="1" m="45642" /><E59/><V70/><F4/><N who="3" m="3463" /><G23/><T131/><D7/><U16/><E86/><V78/><F78/><W27/><G27/><T61/><D17/><U76/><E35/><V73/><F73/><W115/><G55/><T62/><D131/><N who="3" m="50249" /><G115/><T56/><D37/><U41/><E76/><V130/><F130/><W90/><G125/><T111/><D111/><U83/><E41/><V77/><F77/><W31/><G31/><T57/><D80/><U118/><E83/><V13/><F13/><W6/><G6/><T20/><D20/><U33/><E118/><V97/><F22/><W107/><G99/><T21/><D21/><U58/><E33/><V82/><F25/><W39/><G39/><T66/><D95/><U126/><E110/><V79/><F82/><W52/><G54/><T103/><D64/><U50/><E126/><V34/><F79/><W29/><G29/><T72/><D72/><U96/><E96/><V94/><F94/><W101/><G101/><T30/><D103/><U98/><E98/><V49/><F34/><W68/><G68/><T102/><D102/><U12/><E120/><V112/><F112/><W32/><G32/><T71/><D30/><U87/><E121/><V134/><F36/><W135/><G135/><T14/><D69/><U65/><E133/><V43/><F134/><W28/><G28/><T85/><D71/><U93/><E132/><V2/><F70/><W108/><G108/><T75/><D75/><RYUUKYOKU ba="0,0" sc="225,-10,614,-10,38,-10,123,30" hai3="46,52,88,90,91,106,107" /><INIT seed="6,1,0,1,5,99" ten="215,604,28,153" oya="2" hai0="72,39,28,128,102,87,12,94,8,133,71,5,96" hai1="49,35,121,117,90,81,135,112,114,54,134,131,83" hai2="126,101,30,67,78,27,89,80,47,93,34,6,37" hai3="50,57,38,43,21,122,4,100,109,65,15,123,79"/><V77/><F126/><W46/><G109/><T98/><D71/><U113/><E35/><V7/><F67/><W107/><G79/><T110/><D39/><U10/><E121/><V95/><F78/><W103/><G107/><T26/><D72/><U61/><E117/><V130/><F130/><W16/><G123/><T108/><D128/><U66/><E131/><V58/><F58/><W44/><G122/><T118/><D118/><U17/><E10/><V105/><F105/><W92/><G92/><T60/><D87/><N who="1" m="50543" /><E17/><V55/><F101/><W56/><G56/><T13/><D26/><U48/><E83/><V74/><F93/><W86/><G86/><T36/><D60/><U33/><E33/><V41/><REACH who="2" step="1"/><F55/><REACH who="2" ten="215,604,18,153" step="2"/><W88/><G57/><T59/><D94/><U125/><E125/><V51/><F51/><N who="3" m="27039" /><G65/><T40/><D59/><N who="1" m="33231" /><E48/><V9/><F9/><N who="3" m="4519" /><G38/><T63/><D36/><U73/><E66/><V45/><F45/><W53/><G88/><T124/><D8/><U64/><E64/><V69/><F69/><W127/><G127/><T119/><D124/><U120/><E120/><V25/><F25/><AGARI ba="1,1" hai="16,21,25,46,50,53,100,103" m="4519,27039" machi="25" ten="30,7700,0" yaku="8,1,52,2,54,1" doraHai="99" who="3" fromWho="2" sc="215,0,604,0,18,-80,153,90" owari="215,-18.0,604,70.0,-62,-56.0,243,4.0" /></mjloggm>