<mjloggm ver="2.3"><GO type="41" lobby="0"/><UN n0="%E3%81%B4%E3%82%87%E3%82%93%E5%90%89%EF%BC%B2%EF%BC%B8" n1="%E3%82%B7%E3%83%A9%E3%82%BF%E3%83%9E" n2="%79%6B%68%69%74" n3="%E3%82%A6%E3%83%AB%E3%83%88%E3%83%A9%E7%AB%8B%E7%9B%B4" dan="14,13,13,16" rate="1923.49,1872.69,1923.16,2159.35" sx="M,M,M,M"/><TAIKYOKU oya="0"/><INIT seed="0,0,0,5,1,117" ten="250,250,250,250" oya="0" hai0="123,133,122,38,121,15,86,23,8,1,92,56,47" hai1="46,63,6,10,18,98,66,3,14,16,37,109,79" hai2="88,29,101,95,119,107,130,30,127,52,67,112,76" hai3="65,33,87,125,84,114,9,11,74,102,81,91,116"/><T89/><D1/><U40/><E109/><V94/><F112/><W83/><G33/><T61/><D133/><U124/><E124/><V78/><F67/><W25/><G74/><T28/><D38/><U17/><E98/><N who="2" m="59607" /><F107/><W43/><G116/><T80/><D47/><U75/><E79/><N who="2" m="30251" /><F127/><W82/><G114/><T59/><D80/><U4/><E75/><V41/><F41/><W64/><G43/><T39/><D39/><U72/><E72/><V21/><F119/><W42/><G42/><T90/><D90/><U68/><REACH who="1" step="1"/><E4/><REACH who="1" ten="250,240,250,250" step="2"/><V54/><F130/><W128/><G128/><T5/><REACH who="0" step="1"/><D61/><REACH who="0" ten="240,240,250,250" step="2"/><U55/><E55/><V35/><F54/><W36/><G125/><T97/><D97/><U13/><AGARI ba="0,2" hai="3,6,10,13,14,16,17,18,37,40,46,63,66,68" machi="13" ten="30,7900,0" yaku="1,1,0,1,54,1,53,1" doraHai="117" doraHaiUra="2" who="1" fromWho="1" sc="240,-39,240,99,250,-20,250,-20" /><INIT seed="1,0,0,0,0,100" ten="201,339,230,230" oya="1" hai0="92,115,5,91,11,46,13,117,84,102,129,130,134" hai1="88,23,98,47,71,60,80,21,59,19,1,26,93" hai2="77,54,62,12,32,135,107,57,65,44,18,75,125" hai3="82,3,38,131,103,27,68,8,81,95,48,25,99"/><U69/><E1/><V56/><F32/><W73/><G38/><T53/><D117/><U116/><E116/><V83/><F135/><W2/><G68/><T113/><D134/><U79/><E47/><V55/><F125/><W37/><G37/><T127/><D127/><U109/><E23/><V41/><F57/><W67/><G67/><T16/><D5/><U33/><E33/><V118/><F118/><W51/><G103/><T87/><D87/><U15/><E15/><V106/><F55/><W126/><G99/><T0/><D0/><U72/><REACH who="1" step="1"/><E109/><REACH who="1" ten="201,329,230,230" step="2"/><V30/><F30/><W36/><G2/><T31/><D113/><U123/><E123/><V35/><F35/><W43/><G3/><T20/><D115/><U39/><E39/><V66/><F44/><W29/><G36/><T45/><D45/><U97/><E97/><V128/><F41/><W111/><G29/><T119/><D119/><U4/><E4/><V90/><F128/><W110/><G131/><T24/><D130/><U70/><E70/><V120/><F120/><W34/><G43/><T121/><D121/><U61/><E61/><V58/><F62/><W63/><G63/><T42/><D129/><U64/><AGARI ba="0,1" hai="19,21,26,59,60,64,69,71,72,79,80,88,93,98" machi="64" ten="20,7800,0" yaku="1,1,0,1,7,1,54,1,53,0" doraHai="100" doraHaiUra="124" who="1" fromWho="1" sc="201,-26,329,88,230,-26,230,-26" /><INIT seed="1,1,0,0,2,38" ten="175,417,204,204" oya="1" hai0="21,23,97,122,131,104,115,91,29,68,37,72,11" hai1="93,79,123,61,120,132,2,22,42,18,56,100,112" hai2="66,128,3,85,121,4,27,110,19,60,113,65,17" hai3="62,67,126,130,78,43,94,118,135,86,71,81,87"/><U109/><E2/><V58/><F121/><W75/><G130/><T28/><D115/><U24/><E112/><V83/><F113/><W92/><G126/><T124/><D72/><U5/><E5/><V9/><F128/><W108/><G108/><T41/><D131/><U39/><E79/><V102/><F110/><W53/><G135/><T7/><D68/><U119/><E119/><V57/><F102/><W101/><G118/><T47/><D124/><U74/><E74/><V76/><F27/><W8/><G53/><T90/><D122/><U50/><E39/><V6/><F6/><W34/><G34/><T1/><D28/><U0/><E0/><V35/><REACH who="2" step="1"/><F35/><REACH who="2" ten="175,417,194,204" step="2"/><W59/><G101/><T30/><D30/><U98/><E109/><V25/><F25/><W49/><G8/><T84/><D29/><U70/><E100/><V106/><F106/><W12/><G12/><T36/><D104/><U10/><E24/><V111/><F111/><W73/><G73/><T69/><D21/><U52/><E22/><V114/><F114/><W48/><G75/><T15/><D23/><U80/><E120/><V51/><F51/><W107/><G49/><T117/><D117/><U33/><E50/><V31/><F31/><W88/><G107/><T105/><D105/><U127/><E123/><V77/><F77/><W89/><G78/><T103/><D103/><U133/><E33/><V125/><F125/><W82/><G71/><T14/><D36/><U45/><E127/><V54/><F54/><W40/><G48/><T55/><D37/><N who="1" m="21711" /><E70/><V16/><F16/><W99/><G89/><RYUUKYOKU ba="1,1" sc="175,-10,417,-10,194,30,204,-10" hai2="3,4,9,17,19,57,58,60,65,66,76,83,85" /><INIT seed="2,2,1,2,5,70" ten="165,407,224,194" oya="2" hai0="78,126,76,18,43,105,13,7,125,87,31,27,127" hai1="120,29,47,49,112,24,14,52,133,22,67,111,53" hai2="10,109,114,75,128,100,63,101,74,21,107,97,39" hai3="110,48,82,80,55,45,106,118,84,19,117,69,86"/><V65/><F114/><W113/><G106/><T44/><D105/><U79/><E112/><V51/><F128/><W134/><G113/><T40/><D7/><U1/><E1/><V129/><F129/><W34/><G34/><N who="0" m="20863" /><D87/><U58/><E111/><V59/><F101/><W8/><G69/><T41/><D44/><U85/><E133/><V99/><F109/><W72/><G72/><T119/><D119/><U2/><E2/><V30/><F10/><AGARI ba="2,1" hai="10,13,18,40,41,43,76,78,125,126,127" m="20863" machi="10" ten="40,1300,0" yaku="18,1" doraHai="70" who="0" fromWho="2" sc="165,29,407,0,224,-19,194,0" /><INIT seed="3,0,0,3,4,11" ten="194,407,205,194" oya="3" hai0="128,119,41,15,80,118,86,2,67,65,52,116,0" hai1="35,82,18,62,77,108,28,115,32,50,78,42,20" hai2="47,101,105,33,132,43,96,83,44,27,129,134,84" hai3="127,79,48,85,73,126,106,74,88,8,38,31,95"/><W125/><G38/><T122/><D122/><U24/><E115/><V39/><F44/><W121/><G31/><T98/><D41/><U13/><E108/><V130/><F33/><W17/><G121/><T131/><D98/><U12/><E62/><V107/><F27/><W23/><G106/><T46/><D2/><U124/><E124/><V10/><F105/><W110/><G110/><T109/><D0/><U68/><E68/><V102/><F102/><W69/><G69/><T91/><D109/><U103/><E103/><V53/><F53/><W92/><G8/><T120/><D120/><U37/><E37/><V25/><F25/><W7/><G7/><T49/><REACH who="0" step="1"/><D15/><REACH who="0" ten="184,407,205,194" step="2"/><U19/><E12/><V34/><F96/><W40/><G126/><T45/><D45/><U94/><E13/><V51/><F43/><W114/><G127/><T76/><D76/><U113/><E77/><V55/><F47/><N who="3" m="25703" /><G125/><T133/><D133/><U75/><E42/><V30/><F134/><W60/><G79/><T97/><D97/><U36/><E78/><V54/><F132/><W29/><G74/><T21/><D21/><U104/><E20/><V87/><F10/><W66/><G73/><T4/><D4/><U5/><E5/><V1/><F1/><W22/><G22/><T59/><D59/><U14/><E75/><V135/><F135/><W70/><G29/><T64/><AGARI ba="0,1" hai="46,49,52,64,65,67,80,86,91,116,118,119,128,131" machi="64" ten="40,5200,0" yaku="1,1,0,1,54,1,53,0" doraHai="11" doraHaiUra="123" who="0" fromWho="0" sc="184,62,407,-13,205,-13,194,-26" /><INIT seed="4,0,0,2,0,104" ten="246,394,192,168" oya="0" hai0="81,66,61,64,130,88,2,106,132,110,97,13,116" hai1="134,4,57,118,11,41,59,98,20,26,45,17,74" hai2="67,84,28,124,101,5,112,73,37,48,93,129,72" hai3="77,135,7,44,69,54,22,33,16,38,128,126,52"/><T90/><D116/><U85/><E118/><V43/><F37/><W18/><G33/><T123/><D2/><U78/><E134/><V65/><F28/><W70/><G7/><T36/><D123/><U63/><E85/><V76/><F112/><W119/><G119/><T9/><D132/><U117/><E117/><V108/><F108/><W3/><G3/><T27/><D110/><U105/><E105/><V31/><F31/><W102/><G135/><T19/><D36/><U121/><E98/><V50/><F5/><W127/><G102/><T86/><D106/><U6/><E6/><V46/><F50/><W133/><G133/><T53/><D27/><U100/><E100/><V96/><F129/><W32/><G32/><T14/><D130/><U24/><E24/><V82/><REACH who="2" step="1"/><F124/><REACH who="2" ten="246,394,182,168" step="2"/><W40/><G128/><T122/><D122/><U34/><E4/><V125/><F125/><N who="3" m="47627" /><G18/><T120/><D120/><U51/><E17/><V114/><F114/><W35/><G35/><T113/><D113/><U23/><E51/><V131/><F131/><W89/><G77/><T95/><D13/><U99/><E78/><V10/><F10/><W115/><G115/><T8/><D8/><U62/><E34/><V1/><F1/><W75/><G16/><T91/><D91/><U39/><E11/><V111/><F111/><W47/><G89/><T12/><D12/><U87/><E121/><V0/><F0/><W56/><G38/><T29/><D29/><U92/><E39/><V60/><F60/><W15/><G15/><T68/><D68/><N who="3" m="26217" /><G22/><T94/><D94/><U103/><E92/><RYUUKYOKU ba="0,1" sc="246,15,394,-15,182,15,168,-15" hai0="9,14,19,53,61,64,66,81,86,88,90,95,97" hai2="43,46,48,65,67,72,73,76,82,84,93,96,101" /><INIT seed="4,1,1,0,2,15" ten="261,379,197,153" oya="0" hai0="45,77,104,33,117,61,28,107,13,79,59,6,43" hai1="17,7,49,18,120,131,5,130,135,112,38,37,94" hai2="63,115,16,92,52,84,36,42,126,65,48,4,73" hai3="69,2,76,116,11,111,32,22,27,91,124,109,30"/><T68/><D117/><U44/><E120/><V71/><F73/><W121/><G76/><T108/><D68/><U0/><E135/><V60/><F60/><W110/><G91/><T41/><D108/><U97/><E112/><V20/><F4/><N who="3" m="1431" /><G69/><T3/><D3/><U132/><E132/><V103/><F126/><W81/><G81/><T96/><D28/><U67/><E67/><V12/><F115/><W46/><G46/><T8/><D33/><U82/><E82/><V10/><F36/><W101/><G101/><T123/><D123/><U105/><E105/><V25/><F42/><N who="0" m="15882" /><D107/><U34/><E34/><V83/><F103/><W39/><G39/><N who="1" m="14858" /><E5/><V118/><F92/><W55/><G55/><N who="0" m="34047" /><D104/><U35/><E7/><V88/><F118/><W85/><G121/><T122/><D122/><U51/><E35/><V1/><F1/><W23/><G116/><T93/><D45/><U50/><E0/><V14/><F10/><W19/><G124/><T21/><D21/><U29/><E29/><V47/><AGARI ba="1,1" hai="12,14,16,20,25,47,48,52,63,65,71,83,84,88" machi="47" ten="20,12000,2" yaku="0,1,7,1,52,1,54,3" doraHai="15" who="2" fromWho="2" sc="261,-61,379,-31,197,133,153,-31" /><INIT seed="5,0,0,0,2,96" ten="200,348,330,122" oya="1" hai0="57,26,32,50,7,111,62,11,118,67,9,82,40" hai1="34,76,89,126,75,81,18,44,33,84,85,135,4" hai2="35,98,6,125,106,123,71,17,48,10,24,61,115" hai3="0,99,2,49,37,41,20,114,38,56,119,51,27"/><U69/><E69/><V66/><F123/><W105/><G119/><T117/><D111/><U8/><E135/><V12/><F125/><W28/><G114/><T134/><D134/><U64/><E64/><V92/><F48/><W91/><G51/><T72/><D11/><U31/><E126/><V129/><F129/><W110/><G110/><T108/><D108/><U79/><E18/><V16/><F115/><W97/><G97/><T112/><D112/><U13/><E31/><N who="2" m="19943" /><F92/><W100/><G91/><T60/><D60/><U39/><E84/><V83/><F83/><W80/><G80/><T95/><D40/><U47/><E79/><V122/><F122/><W52/><REACH who="3" step="1"/><G41/><REACH who="3" ten="200,348,330,112" step="2"/><T94/><D50/><U130/><E89/><V36/><F36/><AGARI ba="0,1" hai="0,2,20,27,28,36,37,38,49,52,56,99,100,105" machi="36" ten="40,8000,1" yaku="1,1,2,1,52,1,54,1,53,0" doraHai="96" doraHaiUra="113" who="3" fromWho="2" sc="200,0,348,0,330,-80,112,90" /><INIT seed="6,0,0,4,0,97" ten="200,348,250,202" oya="2" hai0="35,98,59,18,42,135,7,107,109,110,96,58,56" hai1="45,126,72,69,15,62,118,40,51,103,5,53,85" hai2="74,14,99,60,54,127,57,101,106,83,65,88,133" hai3="86,44,134,12,47,22,91,84,100,63,81,129,115"/><V20/><F133/><W113/><G134/><T55/><D135/><U46/><E72/><V61/><F127/><W114/><G129/><T116/><D116/><U34/><E34/><V105/><F74/><W89/><G63/><T64/><D64/><U122/><E118/><V1/><F1/><W6/><G100/><T21/><D35/><U33/><E33/><V13/><F106/><W24/><G12/><T50/><D42/><U41/><E126/><V75/><F20/><W79/><G6/><T119/><D7/><U29/><E29/><V19/><F19/><N who="3" m="12383" /><G79/><T77/><D98/><U30/><E30/><V92/><F61/><W124/><G124/><T66/><D66/><U10/><E85/><N who="2" m="52239" /><F65/><W82/><AGARI ba="0,0" hai="44,47,81,82,84,86,89,91,113,114,115" m="12383" machi="82" ten="30,2000,0" yaku="15,1,11,1" doraHai="97" who="3" fromWho="3" sc="200,-5,348,-5,250,-10,202,20" /><INIT seed="7,0,0,5,4,26" ten="195,343,240,222" oya="3" hai0="75,22,51,135,84,30,44,7,68,120,118,28,81" hai1="66,123,47,48,42,100,61,119,107,32,115,15,37" hai2="54,78,65,106,88,86,10,39,125,90,34,116,89" hai3="82,16,112,45,130,21,27,83,1,134,9,64,25"/><W40/><G112/><T70/><D118/><U73/><E73/><V50/><F116/><W13/><G130/><T91/><D120/><U2/><E2/><V59/><F39/><W31/><G134/><T96/><D75/><U92/><E119/><V128/><F106/><W109/><G109/><T94/><D135/><U105/><E123/><V117/><F117/><W110/><G110/><T95/><D7/><U102/><E115/><V33/><F128/><W132/><G132/><T101/><D95/><U14/><E32/><V3/><F125/><W72/><G72/><T17/><D70/><U69/><E105/><V36/><F36/><W24/><G64/><T4/><D4/><U126/><E107/><V113/><F113/><W76/><G1/><T71/><D71/><U79/><E79/><V104/><F104/><W122/><G122/><T85/><D85/><U99/><E102/><V5/><F65/><W77/><G77/><T43/><D68/><U52/><E126/><V53/><F53/><W6/><G76/><T58/><D58/><AGARI ba="0,0" hai="14,15,37,42,47,48,52,58,61,66,69,92,99,100" machi="58" ten="30,7700,0" yaku="7,1,24,2,54,1" doraHai="26" who="1" fromWho="0" sc="195,-77,343,77,240,0,222,0" owari="118,-38.0,420,52.0,240,4.0,222,-18.0" /></mjloggm>