<mjloggm ver="2.3"><GO type="169" lobby="0"/><UN n0="%E9%BB%92%E7%8A%AC%40%E3%81%A6%E3%82%93%E3%81%BB%E3%83%BC" n1="%E5%B0%B1%E6%B4%BB%E7%94%9F%40%E5%B7%9D%E6%9D%91%E8%BB%8D%E5%9B%A3" n2="%E3%81%A8%E3%81%B3%E3%81%BE%E3%82%8B" n3="%6B%6F%6A%69%6D%6F%6E%39" dan="16,17,16,16" rate="2105.27,2139.50,2055.63,2139.14" sx="F,M,M,M"/><TAIKYOKU oya="0"/><INIT seed="0,0,0,1,1,31" ten="250,250,250,250" oya="0" hai0="40,119,9,48,133,26,15,72,34,44,68,123,101" hai1="129,14,11,8,13,10,50,67,73,56,84,116,105" hai2="57,24,82,94,41,30,5,18,120,66,128,132,19" hai3="61,45,114,89,76,79,58,126,124,92,91,29,2"/><T112/><D68/><U27/><E73/><V32/><F120/><W109/><G114/><T88/><D72/><U6/><E105/><V16/><F132/><W103/><G2/><T83/><D123/><U55/><E116/><V3/><F128/><W134/><G134/><T54/><D112/><U115/><E129/><V107/><F107/><W85/><G29/><N who="0" m="19767" /><D133/><U63/><E115/><V93/><F41/><W49/><G103/><T106/><D119/><U28/><E84/><V42/><F42/><W46/><G91/><T4/><D106/><U113/><E113/><V102/><F82/><W122/><G122/><T86/><D101/><U62/><E13/><V43/><F43/><W60/><G109/><T78/><D54/><U131/><E63/><N who="3" m="24138" /><G58/><T47/><D47/><N who="3" m="17929" /><G49/><T1/><D1/><U135/><E135/><V0/><F57/><W37/><G37/><T130/><D130/><U35/><REACH who="1" step="1"/><E131/><REACH who="1" ten="250,240,250,250" step="2"/><V95/><F102/><W69/><G85/><T70/><D70/><AGARI ba="0,1" hai="6,8,10,11,14,27,28,35,50,55,56,62,67,70" machi="70" ten="30,7700,0" yaku="1,1,2,1,7,1,52,1,53,0" doraHai="31" doraHaiUra="125" who="1" fromWho="0" sc="250,-77,240,87,250,0,250,0" /><INIT seed="1,0,0,1,3,92" ten="173,327,250,250" oya="1" hai0="50,59,95,58,45,2,37,77,112,126,84,99,28" hai1="8,27,83,74,42,75,104,118,64,121,47,94,110" hai2="113,98,76,21,120,13,102,131,93,66,17,29,24" hai3="119,25,127,71,4,116,62,43,128,73,108,54,134"/><U101/><E118/><N who="3" m="45098" /><G73/><T9/><D37/><U96/><E121/><V109/><F120/><W53/><G25/><T67/><D112/><U111/><E64/><V39/><F113/><W72/><G4/><T33/><D126/><U51/><E27/><V132/><F132/><W15/><G15/><T38/><D38/><U106/><E8/><V135/><F135/><W97/><G97/><T85/><D28/><U55/><E42/><V70/><F39/><W56/><G72/><N who="1" m="27690" /><E83/><V14/><F131/><W23/><G23/><T61/><D33/><U12/><E12/><V80/><F109/><AGARI ba="0,0" hai="47,51,55,94,96,101,104,106,109,110,111" m="27690" machi="109" ten="30,5800,0" yaku="14,1,10,1,52,1" doraHai="92" who="1" fromWho="2" sc="173,0,327,58,250,-58,250,0" /><INIT seed="1,1,0,2,0,52" ten="173,385,192,250" oya="1" hai0="110,118,35,62,111,120,45,109,81,46,95,133,38" hai1="124,16,13,37,58,15,36,88,9,121,60,98,90" hai2="17,79,18,83,115,34,21,6,128,20,19,28,25" hai3="75,122,123,74,29,80,53,82,26,72,108,119,50"/><U70/><E121/><V77/><F83/><W40/><G40/><T3/><D35/><U42/><E70/><V44/><F79/><W27/><G108/><T14/><D3/><U94/><E124/><V31/><F77/><W5/><G5/><T101/><D118/><U125/><E125/><V48/><F128/><W102/><G102/><T54/><D120/><U100/><E42/><V130/><F130/><W126/><G75/><T22/><D81/><U113/><E113/><V49/><F115/><W66/><G66/><T76/><D76/><U85/><E15/><V23/><F6/><W93/><G93/><T131/><D131/><U4/><E4/><V71/><F71/><W67/><G67/><T30/><D133/><U132/><E132/><V92/><F92/><W59/><G29/><T33/><D33/><U91/><REACH who="1" step="1"/><E85/><REACH who="1" ten="173,375,192,250" step="2"/><V116/><F116/><W63/><G126/><T87/><D87/><U8/><E8/><V7/><F7/><W47/><G119/><T104/><D14/><U96/><E96/><V97/><F97/><W1/><G123/><T43/><D43/><U135/><E135/><V86/><F86/><W39/><G122/><T41/><D41/><U12/><E12/><V55/><F31/><W32/><G74/><T51/><D38/><U134/><E134/><V61/><REACH who="2" step="1"/><F44/><REACH who="2" ten="173,375,182,250" step="2"/><W84/><G84/><T127/><D46/><U10/><E10/><V89/><F89/><W69/><G47/><N who="0" m="28031" /><D109/><U78/><E78/><V0/><F0/><W129/><G1/><T99/><D110/><U114/><E114/><V107/><F107/><W11/><G129/><RYUUKYOKU ba="1,2" sc="173,-15,375,15,182,15,250,-15" hai1="9,13,16,36,37,58,60,88,90,91,94,98,100" hai2="17,18,19,20,21,23,25,28,34,48,49,55,61" /><INIT seed="1,2,2,0,1,66" ten="158,390,197,235" oya="1" hai0="31,28,77,13,47,89,62,67,15,111,123,42,49" hai1="12,39,112,97,9,103,105,55,26,6,104,117,32" hai2="48,57,35,23,33,20,30,29,25,63,126,85,45" hai3="108,69,113,84,130,17,0,22,46,64,80,14,7"/><U92/><E112/><V61/><F126/><W75/><G75/><T27/><D123/><U114/><E117/><V18/><F85/><W121/><G121/><T131/><D131/><U87/><E114/><V76/><F76/><W74/><G74/><T134/><D134/><U81/><E39/><V129/><F129/><W88/><G113/><T40/><D77/><U37/><E37/><V99/><F99/><W110/><G130/><T59/><D111/><N who="3" m="42537" /><G46/><T4/><D42/><U96/><E55/><V5/><F5/><W122/><G122/><T127/><D127/><U19/><E97/><V118/><F118/><W36/><G36/><T71/><D28/><U125/><E125/><V68/><F30/><W100/><G100/><T94/><D4/><U133/><E133/><V70/><F35/><W73/><G73/><T60/><D60/><U98/><E98/><V116/><F63/><N who="3" m="40095" /><G7/><T86/><REACH who="0" step="1"/><D59/><REACH who="0" ten="148,390,197,235" step="2"/><U93/><E32/><AGARI ba="2,3" hai="13,15,27,31,32,40,47,49,62,67,71,86,89,94" machi="32" ten="30,12000,2" yaku="1,1,2,1,7,1,52,1,53,2" doraHai="66" doraHaiUra="10" who="0" fromWho="1" sc="148,156,390,-126,197,0,235,0" /><INIT seed="2,0,0,5,5,89" ten="304,264,197,235" oya="2" hai0="13,66,111,105,69,87,127,19,96,109,53,123,81" hai1="77,6,130,29,115,125,110,107,12,32,108,118,2" hai2="37,26,99,51,10,71,22,4,39,86,36,7,114" hai3="117,116,11,90,48,113,54,41,9,60,5,57,38"/><V120/><F120/><W50/><G113/><T103/><D123/><U58/><E107/><V128/><F71/><W133/><G133/><T17/><D127/><U28/><E115/><V64/><F114/><W88/><G38/><T61/><D53/><U14/><E77/><V72/><F64/><W15/><G116/><T18/><REACH who="0" step="1"/><D13/><REACH who="0" ten="294,264,197,235" step="2"/><N who="1" m="5227" /><E125/><V23/><F26/><W1/><G117/><T35/><D35/><U95/><E32/><V129/><F128/><W27/><G27/><T46/><D46/><U56/><E130/><V70/><F129/><W79/><G41/><T65/><D65/><U100/><E118/><V122/><F122/><W3/><G3/><T31/><D31/><U106/><E2/><V121/><F121/><W131/><G131/><T80/><D80/><U76/><E29/><V20/><F7/><W74/><G1/><T21/><D21/><U68/><E28/><V34/><F34/><W8/><G15/><T132/><D132/><U102/><E6/><V84/><F4/><W52/><G5/><T0/><D0/><U93/><E108/><V40/><F40/><W16/><G54/><T33/><D33/><U49/><E110/><V134/><F134/><W124/><G124/><T45/><D45/><U75/><E49/><V92/><F51/><W24/><G50/><T135/><D135/><U85/><E58/><V62/><F10/><W73/><G48/><T47/><D47/><U119/><E56/><V104/><F23/><N who="3" m="13415" /><G74/><T44/><D44/><U94/><E68/><V59/><F70/><W112/><G112/><T30/><D30/><U82/><E119/><RYUUKYOKU ba="0,1" sc="294,15,264,-15,197,-15,235,15" hai0="17,18,19,61,66,69,81,87,96,103,105,109,111" hai3="8,9,11,52,57,60,73,79,88,90" /><INIT seed="3,1,1,3,4,104" ten="309,249,182,250" oya="3" hai0="107,31,14,24,59,68,32,58,124,122,1,60,92" hai1="2,71,133,135,76,111,85,112,77,119,83,94,55" hai2="39,97,40,79,67,96,127,129,18,27,86,13,49" hai3="93,69,6,28,109,116,63,15,128,9,53,43,118"/><W25/><G128/><T89/><D122/><U54/><E2/><V75/><F39/><W66/><G43/><T100/><D1/><U114/><E71/><V70/><F129/><W10/><G109/><T12/><D124/><U5/><E111/><V65/><F70/><W52/><G93/><T88/><D89/><N who="1" m="53551" /><E5/><V11/><F75/><W30/><G10/><T110/><D110/><U3/><E3/><V46/><F127/><W38/><G38/><T33/><D33/><U50/><E77/><V106/><F106/><W90/><G90/><T56/><D100/><U91/><E55/><V61/><F27/><W26/><G25/><T20/><D107/><U73/><E119/><V19/><F19/><W47/><G30/><T72/><D72/><U103/><E103/><V120/><F120/><W45/><G45/><T117/><D117/><U7/><E7/><V108/><F108/><W80/><G80/><T23/><D32/><U42/><E42/><V64/><REACH who="2" step="1"/><F61/><REACH who="2" ten="309,249,172,250" step="2"/><W78/><G118/><T4/><D68/><U81/><E50/><V8/><F8/><W99/><G116/><T62/><D4/><U36/><E36/><V0/><F0/><W37/><G37/><T35/><D35/><U126/><E126/><V48/><F48/><W123/><G123/><T95/><D60/><U41/><E73/><V131/><F131/><W44/><G63/><T22/><D62/><U74/><E74/><V130/><F130/><W102/><G69/><T82/><D12/><U101/><E114/><V29/><F29/><W105/><G28/><T134/><D14/><U87/><E112/><RYUUKYOKU ba="1,2" sc="309,-10,249,-10,172,30,250,-10" hai2="11,13,18,40,46,49,64,65,67,79,86,96,97" /><INIT seed="4,2,2,1,0,82" ten="299,239,202,240" oya="0" hai0="121,111,34,66,129,112,0,13,85,35,17,11,95" hai1="41,79,131,58,31,75,101,46,14,52,36,43,91" hai2="18,110,130,64,25,128,70,23,92,55,104,47,86" hai3="42,103,62,48,123,98,39,80,8,78,113,69,133"/><T16/><D121/><U53/><E131/><N who="2" m="50219" /><F110/><W26/><G113/><T30/><D129/><U132/><E132/><V1/><F1/><W73/><G133/><T107/><D107/><U32/><E101/><V81/><F104/><W20/><G123/><T87/><D111/><U105/><E105/><V57/><F70/><W122/><G122/><T115/><D66/><U76/><E75/><V93/><F64/><W5/><G48/><T72/><D72/><U60/><E41/><V118/><F118/><W44/><G62/><T27/><D0/><U67/><E14/><V29/><F47/><W135/><G135/><T49/><D35/><U126/><E126/><V84/><F29/><W65/><G65/><T134/><D134/><U83/><E91/><N who="2" m="51599" /><F86/><N who="0" m="32778" /><D95/><U114/><E114/><N who="0" m="43561" /><D49/><AGARI ba="2,2" hai="18,23,25,49,55,57,92,93" m="51599,50219" machi="49" ten="30,2000,0" yaku="19,1,52,1" doraHai="82" who="2" fromWho="0" sc="299,-26,239,0,202,46,240,0" /><INIT seed="5,0,0,3,0,131" ten="273,239,248,240" oya="1" hai0="96,43,133,8,9,12,59,46,82,74,16,72,102" hai1="101,134,119,113,15,36,57,32,71,87,110,88,121" hai2="76,91,23,125,130,109,21,95,78,58,103,84,107" hai3="83,62,117,22,52,44,27,115,97,99,70,20,3"/><U13/><E71/><V132/><F109/><W68/><G3/><T39/><D133/><U127/><E32/><V123/><F123/><W53/><G115/><T35/><D35/><U111/><E121/><V93/><F130/><W14/><G117/><T60/><D8/><U86/><E119/><V0/><F0/><W30/><G70/><T5/><D5/><U48/><E36/><V51/><F107/><W47/><G83/><T61/><D82/><U37/><E37/><V50/><F125/><W129/><G129/><T11/><D9/><U56/><E113/><V4/><F4/><W41/><G68/><T104/><REACH who="0" step="1"/><D60/><REACH who="0" ten="263,239,248,240" step="2"/><U26/><E134/><V29/><F132/><W64/><G62/><T98/><D98/><U66/><E127/><V25/><F23/><W31/><G97/><T105/><D105/><U85/><E111/><V7/><F7/><W28/><G99/><T92/><D92/><U6/><E110/><V126/><F95/><W17/><G22/><T75/><D75/><U89/><E6/><V90/><F126/><W108/><G108/><T73/><D73/><U54/><E101/><V63/><F103/><W65/><G20/><T55/><AGARI ba="0,1" hai="11,12,16,39,43,46,55,59,61,72,74,96,102,104" machi="55" ten="20,5200,0" yaku="1,1,0,1,7,1,54,1,53,0" doraHai="131" doraHaiUra="19" who="0" fromWho="0" sc="263,62,239,-26,248,-13,240,-13" /><INIT seed="6,0,0,2,2,123" ten="325,213,235,227" oya="2" hai0="5,61,78,44,15,82,86,40,83,49,57,18,62" hai1="98,133,105,32,20,90,24,54,0,87,117,26,8" hai2="3,122,110,14,128,2,22,93,30,72,125,36,91" hai3="99,52,114,106,17,63,6,71,12,115,97,16,25"/><V103/><F122/><W64/><G6/><T112/><D112/><N who="3" m="43049" /><G106/><T70/><D70/><U79/><E117/><V9/><F36/><W76/><G76/><T81/><D61/><U39/><E39/><V118/><F72/><W28/><G52/><N who="0" m="34087" /><D5/><U113/><E113/><V109/><F118/><W129/><G129/><T23/><AGARI ba="0,0" hai="15,18,23,40,44,49,78,81,82,83,86" m="34087" machi="23" ten="30,2000,0" yaku="8,1,54,1" doraHai="123" who="0" fromWho="0" sc="325,20,213,-5,235,-10,227,-5" /><INIT seed="7,0,0,2,1,45" ten="345,208,225,222" oya="3" hai0="73,48,16,67,117,55,0,134,51,135,81,116,17" hai1="40,93,54,121,42,77,24,28,133,89,7,72,111" hai2="52,4,118,83,130,8,12,32,127,106,110,23,119" hai3="84,9,101,96,14,99,100,122,5,29,112,88,91"/><W53/><G112/><T20/><D0/><U105/><E111/><V71/><F71/><W13/><G122/><T80/><D55/><U10/><E121/><V6/><F106/><W128/><G128/><T103/><D67/><U115/><E105/><V79/><F110/><W50/><G29/><T22/><D103/><N who="3" m="39497" /><G14/><T108/><D108/><U74/><E115/><V95/><F32/><W61/><G61/><T92/><D92/><U21/><E133/><V68/><F130/><W120/><G120/><T27/><D27/><U90/><E90/><N who="3" m="34346" /><G84/><T49/><D49/><U18/><E28/><V59/><F118/><W97/><G97/><T15/><D15/><N who="1" m="5599" /><E72/><AGARI ba="0,0" hai="16,17,20,22,48,51,72,73,80,81,116,117,134,135" machi="72" ten="25,8000,1" yaku="22,2,52,2,54,1" doraHai="45" who="0" fromWho="1" sc="345,80,208,-80,225,0,222,0" owari="425,52.0,128,-37.0,225,3.0,222,-18.0" /></mjloggm>