<mjloggm ver="2.3"><GO type="41" lobby="0"/><UN n0="%78%78%78%78%78%78" n1="%64%6F%6C%6C%69%6E%33" n2="%E3%82%81%E3%82%93%E3%81%9F%E3%82%93%E3%81%B4%E3%82%87%E3%82%93" n3="%E5%B0%B1%E6%B4%BB%E7%94%9F%40%E5%B7%9D%E6%9D%91%E8%BB%8D%E5%9B%A3" dan="15,15,14,17" rate="1975.07,1918.57,2011.52,2182.64" sx="M,M,M,M"/><TAIKYOKU oya="0"/><INIT seed="0,0,0,0,0,40" ten="250,250,250,250" oya="0" hai0="61,92,105,18,118,2,134,23,46,130,44,13,0" hai1="97,89,21,111,133,47,24,110,96,117,119,43,64" hai2="100,1,95,31,53,86,58,16,113,72,70,127,93" hai3="19,94,131,17,34,80,29,28,125,30,4,74,108"/><T79/><D118/><U122/><E122/><V120/><F1/><W116/><G74/><T65/><D105/><U126/><E64/><V63/><F72/><W124/><G80/><T51/><D2/><U115/><E115/><V57/><F113/><W42/><G42/><T91/><D0/><U78/><E78/><V135/><F70/><W77/><G77/><T103/><D134/><U87/><E133/><V7/><F7/><W39/><G39/><T83/><D103/><U32/><E32/><V56/><F31/><W102/><G102/><T123/><D51/><U71/><E71/><V12/><F127/><N who="3" m="48715" /><G94/><T54/><D65/><U14/><E14/><V76/><F120/><W45/><G45/><N who="0" m="17515" /><D130/><U33/><E33/><V9/><F135/><W6/><G116/><N who="1" m="44618" /><E126/><V59/><F100/><W48/><G48/><T128/><D128/><U20/><E24/><V49/><F49/><W81/><G131/><T104/><D104/><U84/><E84/><V88/><F76/><W37/><G37/><T35/><D35/><U129/><E129/><V109/><F109/><N who="1" m="41481" /><E87/><V73/><F73/><W101/><G108/><T36/><D36/><N who="1" m="21991" /><E89/><V41/><F41/><W27/><G101/><T107/><D107/><U98/><AGARI ba="0,0" hai="20,21,96,97,98" m="21991,41481,44618" machi="98" ten="40,2700,0" yaku="14,1,52,1" doraHai="40" who="1" fromWho="1" sc="250,-13,250,27,250,-7,250,-7" /><INIT seed="1,0,0,2,3,121" ten="237,277,243,243" oya="1" hai0="3,24,80,118,122,27,49,23,0,124,95,114,108" hai1="107,98,69,104,31,109,132,129,48,126,25,5,96" hai2="94,45,88,101,89,44,112,135,115,113,106,133,74" hai3="39,4,82,41,97,8,65,66,59,12,54,1,26"/><U119/><E119/><V93/><F45/><W36/><G1/><T105/><D105/><U90/><E69/><V9/><F74/><W92/><G82/><T21/><D118/><U19/><E5/><V60/><F44/><W56/><G56/><T64/><D114/><U77/><E77/><V7/><F60/><W134/><G134/><N who="2" m="51209" /><F9/><W120/><G120/><T73/><D108/><U6/><E109/><V128/><F128/><W30/><G41/><T127/><D64/><U85/><E129/><V68/><F7/><W34/><G39/><T37/><D95/><N who="2" m="36362" /><F68/><W84/><G84/><T38/><D49/><U79/><E6/><V63/><F63/><W10/><G10/><T100/><D73/><U117/><E48/><V35/><F35/><W83/><G83/><T99/><D80/><U57/><E117/><V14/><F14/><W17/><G4/><T2/><D122/><U11/><E57/><V47/><F47/><W87/><G87/><T125/><D38/><U18/><E11/><V22/><F22/><N who="0" m="8202" /><D37/><U72/><E132/><V52/><F52/><W75/><G75/><T86/><D86/><U32/><E72/><V123/><F123/><W42/><G42/><T46/><D46/><U76/><E32/><V62/><F62/><W55/><G36/><T15/><D15/><U61/><E61/><V111/><F111/><W116/><G116/><T43/><D43/><U20/><E20/><V71/><F71/><W67/><REACH who="3" step="1"/><G59/><REACH who="3" ten="237,277,243,233" step="2"/><T33/><D33/><U51/><E85/><V58/><F58/><W78/><G78/><T110/><D110/><U28/><E51/><RYUUKYOKU ba="0,1" sc="237,10,277,-30,243,10,233,10" hai0="0,2,3,24,27,99,100,124,125,127" hai2="88,89,101,106,112,113,115" hai3="8,12,17,26,30,34,54,55,65,66,67,92,97" /><INIT seed="2,1,1,1,1,74" ten="247,247,253,243" oya="2" hai0="46,130,113,49,32,63,92,53,129,128,100,31,71" hai1="99,97,119,39,45,109,115,2,9,24,77,40,111" hai2="57,133,123,114,122,102,118,98,20,33,38,127,80" hai3="131,15,44,28,90,54,121,0,82,47,52,69,29"/><V135/><F33/><W120/><G0/><T8/><D113/><U25/><E115/><V81/><F38/><W93/><G69/><T84/><D8/><U1/><E119/><V12/><F20/><W124/><G131/><T56/><D71/><U85/><E2/><V96/><F57/><W51/><G124/><T106/><D106/><U5/><E25/><V87/><F12/><W16/><G120/><N who="2" m="46121" /><F118/><W73/><G73/><T104/><D104/><U79/><E24/><V95/><F127/><W134/><G134/><N who="2" m="51209" /><F87/><N who="3" m="50551" /><G93/><T6/><D6/><U21/><E21/><V26/><F26/><W83/><G83/><N who="2" m="31817" /><F98/><N who="1" m="37385" /><E85/><V23/><F23/><N who="3" m="11679" /><G121/><T65/><D84/><U41/><E41/><V66/><F66/><W11/><G11/><T43/><D92/><U68/><E68/><V18/><F18/><W91/><G91/><T10/><D10/><U58/><E58/><V19/><F19/><W89/><G89/><T126/><D126/><U14/><E1/><V42/><F42/><W4/><G4/><T103/><D32/><U88/><E88/><V37/><F37/><W116/><G116/><T70/><D31/><N who="3" m="11849" /><G47/><T55/><D55/><AGARI ba="1,1" hai="44,51,52,54,55" m="11849,11679,50551" machi="55" ten="30,3900,0" yaku="8,1,54,2" doraHai="74" who="3" fromWho="0" sc="247,-42,247,0,253,0,243,52" /><INIT seed="3,0,0,4,2,56" ten="205,247,253,295" oya="3" hai0="109,85,57,119,7,17,90,61,122,11,83,78,41" hai1="133,19,102,124,21,108,26,23,77,76,1,18,2" hai2="28,22,16,103,49,100,59,20,89,114,135,8,10" hai3="6,39,112,99,64,31,75,93,69,87,116,125,101"/><W123/><G75/><T47/><D119/><U91/><E108/><V86/><F114/><W42/><G112/><T25/><D109/><U84/><E102/><V121/><F135/><W24/><G116/><T70/><D70/><U74/><E133/><V107/><F121/><W62/><G123/><T65/><D122/><U15/><E124/><V72/><F72/><W118/><G118/><T58/><D17/><U80/><REACH who="1" step="1"/><E76/><REACH who="1" ten="205,237,253,295" step="2"/><V60/><F103/><W27/><G125/><T12/><D90/><U54/><E54/><V4/><F100/><W34/><G42/><T36/><D25/><U113/><E113/><V53/><F107/><W67/><G67/><T88/><D58/><U131/><E131/><V127/><F127/><W44/><G24/><T32/><D32/><U9/><E9/><V104/><F10/><W105/><G44/><T73/><D78/><U13/><E13/><V5/><F8/><W110/><G110/><T95/><REACH who="0" step="1"/><D73/><REACH who="0" ten="195,237,253,295" step="2"/><U94/><AGARI ba="0,2" hai="1,2,15,18,19,21,23,26,74,77,80,84,91,94" machi="94" ten="20,5200,0" yaku="1,1,0,1,7,1,53,1" doraHai="56" doraHaiUra="79" who="1" fromWho="1" sc="195,-13,237,72,253,-13,295,-26" /><INIT seed="4,0,0,1,3,21" ten="182,309,240,269" oya="0" hai0="1,47,112,93,15,53,12,18,40,54,129,58,20" hai1="135,33,86,121,6,46,55,95,117,89,31,91,102" hai2="51,50,13,107,41,61,90,24,27,39,56,122,97" hai3="80,49,67,7,75,64,2,127,29,94,38,85,57"/><T101/><D112/><U32/><E121/><V79/><F122/><W132/><G38/><T36/><D129/><U125/><E117/><V35/><F35/><W16/><G127/><T126/><D1/><U68/><E125/><V0/><F0/><W71/><G132/><T76/><D126/><U14/><E68/><V17/><F39/><W66/><G75/><T70/><D76/><U37/><E135/><V10/><F79/><W133/><G133/><T103/><D70/><U65/><E65/><V111/><F111/><W81/><G29/><T59/><D93/><U62/><E102/><V83/><F107/><W73/><G73/><T69/><D69/><U72/><E72/><V123/><F123/><W48/><G7/><T96/><D15/><U98/><E37/><V60/><F60/><W19/><G2/><T30/><D30/><U134/><E31/><V108/><F108/><W9/><G9/><T99/><D103/><U104/><E104/><V5/><F5/><W8/><G71/><T114/><D114/><U106/><E106/><V131/><F131/><W87/><G94/><T22/><D22/><U77/><E77/><V63/><F63/><W115/><G8/><T100/><D100/><U45/><E33/><V43/><F97/><W78/><G115/><T128/><D128/><U11/><E32/><V113/><F113/><W109/><G109/><T88/><D88/><U34/><E34/><V119/><F90/><N who="3" m="51495" /><G49/><N who="2" m="18441" /><F83/><W28/><G28/><T84/><D84/><U44/><E134/><V42/><F119/><W92/><G92/><N who="0" m="58503" /><D99/><U130/><E130/><V105/><F105/><RYUUKYOKU ba="0,0" sc="182,10,309,-30,240,10,269,10" hai0="12,18,20,36,40,47,53,54,58,59" hai2="10,13,17,24,27,41,42,43,56,61" hai3="16,19,48,57,64,66,67,78,81,87" /><INIT seed="4,1,0,4,3,90" ten="192,279,250,279" oya="0" hai0="7,79,29,26,5,32,45,10,102,84,44,120,108" hai1="73,97,135,121,18,58,78,16,34,82,95,61,6" hai2="14,83,56,28,13,46,72,113,19,38,22,116,1" hai3="109,128,47,112,25,71,101,51,27,2,125,100,122"/><T114/><D120/><U40/><E121/><V75/><F116/><W99/><G2/><T124/><D114/><U70/><E34/><V77/><F1/><W66/><G122/><T104/><D7/><U96/><E70/><V91/><F113/><W12/><G112/><T48/><D44/><U54/><E6/><V21/><F75/><W69/><G109/><T133/><D108/><U129/><E129/><V103/><F103/><W127/><G128/><T64/><D133/><U132/><E40/><V86/><F46/><W131/><G131/><T67/><D124/><N who="3" m="47689" /><G12/><T37/><D37/><U76/><E76/><V43/><F43/><N who="3" m="25087" /><G101/><T68/><D102/><U105/><E105/><V85/><F72/><W89/><G89/><T8/><D104/><U0/><E0/><V33/><F38/><W15/><G15/><N who="0" m="5519" /><D68/><N who="3" m="26185" /><G66/><T123/><D123/><U130/><E130/><V55/><F33/><W36/><G36/><T93/><D10/><U62/><E135/><V24/><F14/><W57/><G57/><T81/><D93/><AGARI ba="1,0" hai="25,27,93,99,100" m="26185,25087,47689" machi="93" ten="30,2000,0" yaku="18,1,52,1" doraHai="90" who="3" fromWho="0" sc="192,-23,279,0,250,0,279,23" /><INIT seed="5,0,0,2,1,28" ten="169,279,250,302" oya="1" hai0="0,111,60,118,109,41,135,17,71,76,3,128,43" hai1="102,83,14,42,80,115,67,18,12,24,127,58,91" hai2="61,89,2,13,93,82,6,16,120,72,53,112,25" hai3="38,133,57,84,97,114,39,73,124,99,63,33,129"/><U32/><E127/><V45/><F120/><W22/><G73/><T68/><D76/><U123/><E123/><V44/><F112/><W37/><G124/><T78/><D78/><U7/><E115/><V26/><F72/><W87/><G114/><T23/><D118/><U47/><E102/><V100/><F82/><W9/><G33/><T51/><D23/><U29/><E7/><V74/><F100/><W20/><G129/><T8/><D17/><U104/><E104/><V65/><F74/><W103/><G9/><T94/><D8/><U5/><E5/><V70/><F6/><W52/><G133/><T56/><D94/><U119/><E119/><V126/><F2/><W31/><G99/><T50/><D3/><U69/><E69/><N who="0" m="26697" /><D0/><U40/><E14/><V108/><F108/><N who="0" m="41546" /><D135/><U121/><E121/><V130/><F130/><W46/><G46/><T96/><D96/><U54/><E47/><V48/><F45/><W49/><G49/><N who="0" m="18443" /><D128/><U75/><E75/><V122/><F122/><W1/><G1/><T85/><D85/><U113/><E113/><V15/><F15/><W79/><G79/><T101/><D101/><U66/><E18/><V92/><F92/><W36/><N who="3" m="9728" /><DORA hai="98" /><W125/><G125/><T132/><D132/><U35/><E12/><V117/><F117/><W62/><G87/><T19/><D19/><U106/><E106/><V11/><F126/><W4/><G84/><AGARI ba="0,0" hai="11,13,16,25,26,44,48,53,61,65,70,84,89,93" machi="84" ten="30,2000,0" yaku="7,1,54,1" doraHai="28,98" who="2" fromWho="3" sc="169,0,279,0,250,20,302,-20" /><INIT seed="6,0,0,0,1,112" ten="169,279,270,282" oya="2" hai0="124,84,52,92,131,18,102,114,88,101,118,23,35" hai1="119,134,62,90,82,12,58,41,70,42,99,6,100" hai2="126,105,46,74,86,108,61,87,76,95,36,83,24" hai3="38,34,91,28,80,56,67,2,123,109,51,47,103"/><V7/><F126/><W107/><G109/><T120/><D114/><U128/><E70/><V59/><F108/><W69/><G2/><T54/><D35/><U40/><E134/><V13/><F105/><W1/><G1/><T50/><D120/><U97/><E128/><V25/><F36/><W57/><G123/><T89/><D54/><U9/><E119/><V31/><F46/><W117/><G117/><T104/><D104/><U125/><E125/><V5/><F13/><W121/><G121/><T66/><D131/><U48/><E48/><V29/><F74/><W15/><G15/><N who="0" m="9695" /><D66/><U77/><E90/><V75/><F75/><W135/><G135/><T30/><D124/><U133/><E100/><N who="0" m="38505" /><D89/><U39/><E39/><V65/><F95/><W14/><G14/><T10/><D30/><U64/><REACH who="1" step="1"/><E133/><REACH who="1" ten="169,269,270,282" step="2"/><V11/><F86/><AGARI ba="0,1" hai="6,9,12,40,41,42,58,62,64,77,82,86,97,99" machi="86" ten="40,5200,0" yaku="1,1,2,1,8,1,53,0" doraHai="112" doraHaiUra="132" who="1" fromWho="2" sc="169,0,269,62,270,-52,282,0" /><INIT seed="7,0,0,3,2,24" ten="169,331,218,282" oya="3" hai0="127,102,22,26,101,87,28,81,110,51,109,5,21" hai1="86,100,105,103,30,68,47,91,3,80,93,132,85" hai2="112,121,98,135,59,46,53,18,113,128,44,90,77" hai3="40,63,0,39,43,34,75,4,72,88,108,29,27"/><W60/><G108/><T2/><D127/><U122/><E122/><V64/><F77/><W96/><G4/><T33/><D51/><U17/><E68/><V15/><F121/><W131/><G0/><T111/><D81/><U42/><E3/><V25/><F128/><W123/><G123/><T119/><D87/><U49/><E132/><V19/><F135/><W45/><G131/><T74/><D74/><U32/><E105/><V129/><F64/><W107/><G43/><T54/><D54/><U13/><E32/><V69/><F69/><W117/><G117/><T41/><D41/><U11/><E30/><V124/><F124/><W23/><G23/><T106/><D106/><U37/><E37/><V9/><F129/><W55/><G63/><T10/><D101/><U66/><E66/><V20/><F113/><W35/><G35/><T8/><D102/><U36/><E36/><V57/><F57/><W92/><REACH who="3" step="1"/><G107/><REACH who="3" ten="169,331,218,272" step="2"/><T130/><D130/><U79/><AGARI ba="0,1" hai="11,13,17,42,47,49,79,80,85,86,91,93,100,103" machi="79" ten="20,2700,0" yaku="0,1,7,1,8,1" doraHai="24" who="1" fromWho="1" sc="169,-7,331,37,218,-7,272,-13" owari="162,-34.0,368,47.0,211,-19.0,259,6.0" /></mjloggm>