<mjloggm ver="2.3"><GO type="169" lobby="0"/><UN n0="%E3%82%A6%E3%83%AB%E3%83%88%E3%83%A9%E7%AB%8B%E7%9B%B4" n1="%E3%82%B3%E3%83%BC%E3%83%B3%E3%83%9D%E3%82%BF%E3%83%BC%E3%82%B8%E3%83%A5" n2="%E9%BE%8D%E9%96%80%E6%B8%95%E9%80%8F%E8%8F%AF" n3="%E3%83%8F%E3%82%A4%E3%83%86%E3%83%B3%E3%83%9C%E3%83%BC" dan="17,16,16,16" rate="2157.12,2088.54,2094.01,2150.25" sx="M,M,F,M"/><TAIKYOKU oya="0"/><INIT seed="0,0,0,1,5,90" ten="250,250,250,250" oya="0" hai0="116,109,92,47,82,26,94,18,36,0,68,33,38" hai1="122,93,96,54,12,70,134,113,25,23,86,9,71" hai2="95,34,102,130,20,35,52,29,61,121,21,97,56" hai3="105,69,41,4,65,115,28,19,119,127,81,101,100"/><T72/><D116/><U128/><E122/><V5/><F121/><W37/><G115/><T53/><D68/><U73/><E73/><V30/><F130/><W104/><G19/><T110/><D0/><U22/><E128/><V49/><F5/><W46/><G101/><T10/><D10/><U13/><E134/><V57/><F35/><W120/><G119/><T111/><D53/><U58/><E113/><V14/><F34/><W118/><G118/><T107/><D107/><U108/><E108/><V40/><F40/><W64/><G64/><T133/><D133/><U85/><E70/><V135/><F135/><W88/><G4/><T55/><D55/><U124/><E71/><V3/><F3/><W125/><G28/><N who="2" m="10857" /><F14/><W123/><G65/><AGARI ba="0,0" hai="20,21,49,52,56,57,61,65,95,97,102" m="10857" machi="65" ten="30,3900,0" yaku="8,1,52,1,54,1" doraHai="90" who="2" fromWho="3" sc="250,0,250,0,250,39,250,-39" /><INIT seed="1,0,0,0,2,11" ten="250,250,289,211" oya="1" hai0="70,120,122,51,91,18,113,50,55,61,28,40,88" hai1="95,45,3,14,107,36,44,99,101,118,86,111,32" hai2="135,127,98,37,33,23,116,132,85,75,81,104,68" hai3="130,71,93,8,66,96,56,27,65,115,7,90,117"/><U34/><E3/><V43/><F33/><W83/><G115/><T38/><D28/><U19/><E118/><V63/><F116/><W59/><G71/><T26/><D38/><U17/><E17/><V30/><F75/><W52/><G130/><T102/><D102/><U5/><E5/><V73/><F73/><W35/><G59/><T0/><D0/><U131/><E131/><V97/><F127/><W46/><G46/><N who="0" m="25927" /><D113/><U31/><E111/><V112/><F112/><W16/><G35/><T48/><D48/><U69/><E69/><V74/><F74/><W100/><G117/><T82/><D82/><U62/><E62/><V4/><F104/><W39/><G39/><T76/><D76/><U134/><E134/><V94/><F132/><W125/><G125/><T105/><D105/><U121/><E121/><N who="0" m="46697" /><D61/><U126/><E126/><V21/><F37/><W84/><G7/><T103/><D103/><U53/><E36/><V108/><F108/><W80/><G80/><T79/><D79/><U9/><E31/><V78/><F68/><W6/><G6/><T72/><D72/><U20/><E107/><V24/><F135/><W106/><G106/><T1/><D1/><U119/><E119/><V54/><F4/><W57/><G57/><N who="0" m="33023" /><D70/><U123/><E123/><V109/><F109/><W129/><G129/><T10/><D26/><N who="1" m="14623" /><E34/><V124/><F124/><W110/><G110/><T92/><D92/><N who="1" m="58599" /><E32/><V67/><F94/><W64/><G27/><T49/><D49/><U77/><E77/><V87/><F78/><W22/><G100/><T128/><D128/><U13/><E95/><RYUUKYOKU ba="0,0" sc="250,30,250,-10,289,-10,211,-10" hai0="10,18,88,91" /><INIT seed="2,1,0,4,4,85" ten="280,240,279,201" oya="2" hai0="49,133,57,71,108,54,125,8,134,35,16,9,52" hai1="131,79,120,31,86,60,111,2,26,99,65,46,122" hai2="109,12,23,116,42,44,50,21,100,92,118,32,106" hai3="36,101,63,83,127,14,67,24,4,124,78,126,72"/><V115/><F115/><W30/><G36/><T15/><D71/><U96/><E2/><V121/><F121/><N who="1" m="46697" /><E111/><V41/><F106/><W55/><G55/><T74/><D74/><U40/><E131/><V73/><F32/><W51/><G51/><T0/><D35/><U3/><E3/><V19/><F73/><W25/><G101/><T117/><D108/><U129/><E79/><V91/><F109/><W95/><G95/><T87/><D125/><U70/><E129/><V10/><F100/><W34/><G25/><T58/><D117/><U7/><E7/><V47/><F116/><W113/><G4/><T93/><D0/><U112/><E112/><V69/><F69/><N who="3" m="42239" /><G14/><T37/><D37/><N who="1" m="21775" /><E86/><V27/><F118/><W123/><G123/><T61/><REACH who="0" step="1"/><D9/><REACH who="0" ten="270,240,279,201" step="2"/><U81/><E81/><V105/><F10/><W18/><G113/><T64/><D64/><U84/><E70/><V110/><F23/><W68/><G68/><T104/><D104/><U1/><E1/><V114/><F105/><W66/><G66/><T22/><D22/><U77/><E65/><V80/><F110/><W29/><G34/><T107/><D107/><U11/><E11/><V97/><F114/><W62/><G62/><T38/><D38/><U39/><E39/><V56/><F21/><AGARI ba="1,1" hai="18,21,24,29,30,72,78,83,124,126,127" m="42239" machi="21" ten="30,1000,0" yaku="18,1" doraHai="85" who="3" fromWho="2" sc="270,0,240,0,279,-13,201,23" /><INIT seed="3,0,0,5,4,55" ten="270,240,266,224" oya="3" hai0="6,125,80,107,58,40,127,4,76,135,7,37,60" hai1="54,53,46,87,57,99,91,31,120,48,78,126,19" hai2="111,69,24,42,56,118,10,71,5,130,17,72,97" hai3="96,105,115,35,13,116,47,93,109,18,131,30,75"/><W100/><G116/><T110/><D107/><U122/><E126/><V113/><F118/><W33/><G115/><T82/><D110/><U49/><E31/><V128/><F113/><W112/><G112/><T29/><D29/><U121/><E99/><V28/><F72/><W62/><G75/><T94/><D135/><U79/><REACH who="1" step="1"/><E19/><REACH who="1" ten="270,230,266,224" step="2"/><V67/><F17/><W132/><G30/><T15/><D127/><U90/><E90/><V119/><F97/><W114/><G114/><T39/><D125/><U63/><E63/><V1/><F111/><W21/><G109/><T12/><D60/><U14/><E14/><V50/><F119/><W86/><G132/><T41/><D15/><U129/><E129/><V133/><F130/><W34/><G62/><T124/><D12/><U77/><E77/><V38/><F128/><W32/><G131/><T101/><D76/><U108/><E108/><V81/><F133/><W65/><G65/><T64/><D124/><U83/><AGARI ba="0,1" hai="46,48,49,53,54,57,78,79,83,87,91,120,121,122" machi="83" ten="30,4000,0" yaku="1,1,0,1,52,1,53,0" doraHai="55" doraHaiUra="20" who="1" fromWho="1" sc="270,-10,230,50,266,-10,224,-20" /><INIT seed="4,0,0,0,4,41" ten="260,280,256,204" oya="0" hai0="3,59,74,48,1,57,130,98,78,135,119,36,23" hai1="58,103,117,120,62,89,107,122,131,43,99,102,121" hai2="123,95,75,129,32,114,125,67,111,133,42,55,6" hai3="68,61,132,52,7,91,93,97,92,70,47,44,21"/><T49/><D119/><U56/><E117/><V83/><F111/><W73/><G73/><T12/><D36/><U112/><E131/><V108/><F108/><W60/><G7/><T4/><D130/><U34/><E34/><V5/><F32/><W8/><G8/><T2/><D135/><U14/><E112/><V94/><F75/><W64/><G132/><T65/><D74/><U16/><E102/><V22/><F125/><W88/><G21/><T80/><D98/><U109/><E109/><V18/><F114/><W118/><G118/><T13/><D80/><U35/><E35/><V50/><F123/><W51/><G61/><T30/><D78/><U106/><E89/><V96/><F83/><W86/><G70/><T15/><D4/><U66/><E43/><V79/><F42/><W25/><G25/><T82/><D82/><U104/><REACH who="1" step="1"/><E56/><AGARI ba="0,0" hai="44,47,51,52,56,60,64,68,86,88,91,92,93,97" machi="56" ten="30,8000,1" yaku="7,1,52,2,54,2" doraHai="41" who="3" fromWho="1" sc="260,0,280,-80,256,0,204,80" /><INIT seed="5,0,0,2,5,29" ten="260,200,256,284" oya="1" hai0="52,94,3,35,132,128,54,45,23,39,109,78,77" hai1="84,112,6,64,43,123,104,15,10,22,92,134,87" hai2="21,61,126,1,98,44,30,8,80,100,79,59,4" hai3="14,96,9,85,53,38,5,70,68,37,71,49,76"/><U20/><E123/><V107/><F126/><W47/><REACH who="3" step="1"/><G96/><REACH who="3" ten="260,200,256,274" step="2"/><T27/><D109/><U97/><E112/><V13/><F44/><W11/><G11/><T125/><D45/><U36/><E134/><V99/><F98/><W103/><G103/><T7/><D132/><U75/><E75/><V41/><F99/><W46/><G46/><T88/><D125/><U16/><E104/><V114/><F100/><W58/><G58/><T63/><D128/><U110/><E110/><V42/><F107/><W82/><AGARI ba="0,1" hai="5,9,14,37,38,47,49,53,68,70,71,76,82,85" machi="82" ten="40,8000,1" yaku="21,2,0,1,53,1" doraHai="29" doraHaiUra="73" who="3" fromWho="3" sc="260,-20,200,-40,256,-20,274,90" /><INIT seed="6,0,0,1,2,18" ten="240,160,236,364" oya="2" hai0="127,68,99,12,83,45,33,115,113,3,57,122,10" hai1="81,105,43,79,36,6,104,98,70,37,55,74,34" hai2="48,28,4,106,119,14,32,31,78,20,117,131,56" hai3="109,85,91,112,38,120,92,103,89,134,84,76,44"/><V126/><F131/><W53/><G120/><T39/><D68/><U111/><E111/><V66/><F106/><W24/><G109/><T26/><D122/><U88/><E70/><V49/><F126/><W133/><G103/><T108/><D108/><U64/><E64/><V63/><F78/><W65/><G76/><T47/><D3/><U40/><E34/><V27/><F31/><W86/><G65/><T96/><D127/><U35/><E35/><V128/><F128/><W135/><G112/><T1/><D1/><U121/><E121/><V123/><F123/><W77/><G77/><T110/><D83/><U8/><E55/><V58/><F49/><W94/><G24/><T7/><D57/><U61/><E61/><V46/><F58/><W114/><G114/><N who="0" m="43531" /><D110/><U75/><E75/><V0/><F0/><W97/><G53/><T54/><D47/><U5/><E40/><AGARI ba="0,0" hai="38,40,44,84,85,86,89,91,92,94,97,133,134,135" machi="40" ten="40,1300,0" yaku="20,1" doraHai="18" who="3" fromWho="1" sc="240,0,160,-13,236,0,364,13" /><INIT seed="7,0,0,4,0,9" ten="240,147,236,377" oya="3" hai0="107,109,100,52,8,39,35,68,6,104,84,82,38" hai1="37,112,73,94,121,64,98,26,12,17,127,101,20" hai2="70,99,122,2,29,119,134,65,108,21,11,114,67" hai3="3,66,89,87,41,129,30,77,45,0,19,79,113"/><W58/><G129/><T116/><D35/><U95/><E121/><V49/><F119/><W36/><G30/><T1/><D68/><U85/><E73/><V18/><F108/><W80/><G113/><T61/><D116/><U111/><E111/><V83/><F122/><W56/><G56/><T130/><D130/><U22/><E127/><V86/><F134/><W133/><G133/><T50/><D61/><U33/><E112/><V59/><F114/><W91/><G91/><T123/><D123/><U117/><E117/><V62/><F29/><W97/><G19/><T106/><D100/><U27/><E37/><V43/><F99/><W47/><G47/><T16/><D16/><U103/><E33/><V132/><F132/><W110/><G36/><T120/><D120/><U124/><E124/><V93/><F93/><W7/><G7/><T125/><D125/><U25/><E64/><V60/><F2/><W76/><G66/><T28/><D28/><U46/><E46/><V74/><F74/><W53/><G3/><T51/><D109/><U102/><REACH who="1" step="1"/><E22/><REACH who="1" ten="240,137,236,377" step="2"/><V24/><F21/><W23/><G23/><T4/><D39/><U63/><E63/><V96/><F62/><W72/><G45/><T32/><D38/><U13/><E13/><V40/><F60/><W55/><G72/><T118/><D32/><U69/><E69/><V57/><F70/><W48/><G110/><T105/><D118/><U14/><E14/><V54/><F67/><W92/><G0/><T128/><D1/><U71/><E71/><V31/><F65/><W10/><G58/><T44/><D44/><RYUUKYOKU ba="0,1" sc="240,-10,137,30,236,-10,377,-10" hai1="12,17,20,25,26,27,85,94,95,98,101,102,103" owari="230,3.0,167,-33.0,226,-17.0,377,47.0" /></mjloggm>