<mjloggm ver="2.3"><GO type="169" lobby="0"/><UN n0="%E3%82%A6%E3%83%AB%E3%83%88%E3%83%A9%E7%AB%8B%E7%9B%B4" n1="%E3%81%AB%E3%81%9B%E6%82%9F%E7%A9%BA" n2="%EF%BD%9E%E5%8E%9F%E6%9D%91%E5%92%8C%EF%BD%9E" n3="%E7%B4%94%EF%BC%93%E9%BE%8D%E9%96%80" dan="17,16,16,17" rate="2160.25,2120.26,2126.02,2151.62" sx="M,M,F,F"/><TAIKYOKU oya="0"/><INIT seed="0,0,0,5,3,29" ten="250,250,250,250" oya="0" hai0="127,28,40,3,129,6,31,66,32,2,78,11,33" hai1="77,52,16,85,93,132,75,84,20,87,10,19,47" hai2="7,81,88,89,17,95,48,59,76,96,125,135,67" hai3="60,41,107,55,8,92,102,63,58,91,71,50,30"/><T114/><D78/><U34/><E75/><V38/><F125/><W120/><G120/><T25/><D66/><U22/><E132/><V83/><F135/><W118/><G118/><T4/><D40/><U116/><E116/><V130/><F130/><W64/><G30/><T80/><D80/><U12/><E34/><V82/><F38/><W70/><G107/><T69/><D69/><U23/><E19/><V15/><F7/><W5/><G102/><T106/><D106/><U13/><E13/><V68/><F68/><W56/><G41/><T24/><D127/><U9/><E9/><V113/><F113/><W103/><G103/><T39/><D39/><U108/><E108/><V49/><F89/><W128/><G50/><T46/><D46/><U104/><E104/><V37/><F37/><W86/><REACH who="3" step="1"/><G128/><REACH who="3" ten="250,250,250,240" step="2"/><T131/><D114/><U100/><E100/><V53/><F76/><W115/><G115/><T62/><D62/><U73/><E73/><V54/><F67/><W61/><G61/><T133/><D133/><U123/><E123/><V18/><REACH who="2" step="1"/><F15/><AGARI ba="0,1" hai="5,8,15,55,56,58,60,63,64,70,71,86,91,92" machi="15" ten="30,2000,0" yaku="1,1,7,1,53,0" doraHai="29" doraHaiUra="126" who="3" fromWho="2" sc="250,0,250,0,250,-20,240,30" /><INIT seed="1,0,0,4,3,80" ten="250,250,230,270" oya="1" hai0="57,108,117,66,100,2,115,8,23,17,95,132,113" hai1="30,24,88,19,20,96,104,77,91,36,16,83,39" hai2="81,51,65,45,63,7,13,25,106,101,68,125,85" hai3="74,119,84,26,35,89,109,82,55,99,52,97,42"/><U129/><E129/><V116/><F125/><W61/><G109/><T1/><D117/><U133/><E133/><V93/><F116/><W15/><G119/><T5/><D132/><U6/><E6/><V37/><F37/><W94/><G42/><T12/><D108/><U43/><E43/><V70/><F106/><W122/><G122/><T34/><D1/><U3/><E3/><V67/><F25/><W32/><G74/><T130/><D130/><U64/><E64/><V71/><F67/><W58/><G15/><T62/><D100/><U120/><E120/><V105/><F105/><W123/><G123/><T135/><D135/><U0/><E0/><V44/><F44/><W41/><G41/><T46/><D46/><U107/><E39/><V22/><F93/><W31/><G35/><T73/><D73/><U114/><E36/><V78/><F101/><W18/><G18/><T111/><D111/><U134/><E114/><V9/><REACH who="2" step="1"/><F22/><REACH who="2" ten="250,250,220,270" step="2"/><W40/><G40/><AGARI ba="0,1" hai="7,9,13,40,45,51,63,65,68,70,71,78,81,85" machi="40" ten="30,12000,2" yaku="1,1,2,1,7,1,25,2,52,1,53,1" doraHai="80" doraHaiUra="4" who="2" fromWho="3" sc="250,0,250,0,220,130,270,-120" /><INIT seed="2,0,0,2,2,91" ten="250,250,350,150" oya="2" hai0="1,123,5,92,79,94,16,81,117,118,23,97,14" hai1="111,66,122,64,78,28,108,102,7,12,83,104,38" hai2="125,127,34,56,87,106,52,22,41,32,100,68,90" hai3="19,101,60,18,73,129,70,72,10,29,112,39,58"/><V119/><F119/><N who="0" m="45578" /><D123/><U93/><E38/><V130/><F68/><W103/><G70/><T80/><D97/><N who="1" m="59695" /><E104/><V105/><F130/><W8/><G29/><T31/><D31/><U134/><E28/><V50/><F41/><W43/><G43/><T6/><D81/><U109/><E122/><V89/><F22/><W99/><G39/><T71/><D71/><U115/><E115/><V85/><F100/><W48/><G48/><T17/><D17/><U75/><E134/><V62/><F50/><W132/><G129/><T57/><D57/><U21/><E21/><V33/><F105/><W30/><G30/><T126/><D126/><N who="2" m="48138" /><F106/><W55/><G132/><T95/><D1/><U35/><E35/><V133/><F133/><W120/><G120/><T4/><D4/><U40/><E40/><V42/><F42/><W11/><G112/><T84/><AGARI ba="0,0" hai="5,6,14,16,23,79,80,84,92,94,95" m="45578" machi="84" ten="30,8000,1" yaku="12,1,52,3,54,1" doraHai="91" who="0" fromWho="0" sc="250,80,250,-20,350,-40,150,-20" /><INIT seed="3,0,0,0,4,54" ten="330,230,310,130" oya="3" hai0="38,10,122,45,8,76,83,30,105,20,92,90,47" hai1="75,11,31,135,21,53,39,29,99,94,103,81,49" hai2="100,131,40,87,114,22,14,98,97,107,1,113,23" hai3="65,73,61,60,32,51,36,71,6,74,26,35,17"/><W89/><G36/><T34/><D34/><U84/><E39/><V116/><F1/><W4/><G51/><T48/><D105/><U88/><E135/><V78/><F116/><W41/><G41/><T7/><D38/><U25/><E11/><V66/><F131/><W12/><G89/><T101/><D101/><U127/><E127/><V134/><F134/><W9/><G60/><T64/><D64/><U44/><E75/><V110/><F110/><W130/><G130/><T77/><D122/><U59/><E44/><V46/><F66/><W67/><G67/><T129/><D129/><U33/><E33/><V2/><F2/><W128/><G128/><T121/><D121/><U111/><E111/><V106/><F22/><W80/><G73/><T27/><D83/><U132/><E132/><V96/><F96/><W37/><G37/><T125/><D47/><U62/><E62/><V93/><F23/><W85/><G74/><T43/><D125/><U69/><E69/><V18/><F98/><W55/><G55/><T50/><D50/><U82/><REACH who="1" step="1"/><E31/><REACH who="1" ten="330,220,310,130" step="2"/><V52/><F46/><W115/><G35/><T119/><D10/><U68/><E68/><V63/><F63/><W28/><REACH who="3" step="1"/><G115/><REACH who="3" ten="330,220,310,120" step="2"/><T19/><D43/><U3/><E3/><V124/><F40/><W72/><G72/><T109/><D109/><U15/><E15/><V118/><F113/><W123/><G123/><T86/><D48/><U70/><E70/><V95/><F114/><W104/><G104/><AGARI ba="0,2" hai="21,25,29,49,53,59,81,82,84,88,94,99,103,104" machi="104" ten="30,7700,0" yaku="1,1,7,1,52,1,54,1,53,0" doraHai="54" doraHaiUra="117" who="1" fromWho="3" sc="330,0,220,97,310,0,120,-77" /><INIT seed="4,0,0,3,3,43" ten="330,317,310,43" oya="0" hai0="59,55,35,21,69,132,110,45,23,112,71,104,22" hai1="75,106,109,82,19,74,12,124,32,115,131,130,61" hai2="64,65,101,3,118,54,52,63,28,77,116,108,134" hai3="39,48,119,80,97,6,8,42,100,36,128,123,46"/><T1/><D35/><U125/><E32/><V84/><F3/><W72/><G119/><N who="2" m="45609" /><F28/><W91/><G128/><N who="1" m="49194" /><E109/><V13/><F101/><W88/><G123/><T120/><D120/><U111/><E111/><V81/><F134/><W62/><G62/><T14/><D1/><U107/><E61/><V2/><F2/><W51/><G36/><T94/><D104/><N who="1" m="39979" /><E115/><V95/><F95/><W98/><G72/><N who="1" m="27690" /><E19/><V73/><F73/><W122/><G122/><T70/><D112/><U68/><E68/><N who="2" m="42015" /><F108/><W27/><G27/><T135/><D110/><U41/><E41/><V11/><F65/><W56/><G80/><T0/><D0/><U30/><E12/><V60/><F60/><W86/><G86/><T67/><D14/><U7/><E30/><V78/><F78/><W49/><G56/><T40/><D67/><U85/><E7/><AGARI ba="0,0" hai="7,11,13,52,54,77,81,84" m="42015,45609" machi="7" ten="30,2000,0" yaku="12,1,54,1" doraHai="43" who="2" fromWho="1" sc="330,0,317,-20,310,20,43,0" /><INIT seed="5,0,0,2,3,46" ten="330,297,330,43" oya="1" hai0="133,123,58,57,40,2,128,97,31,86,63,44,37" hai1="99,81,98,127,17,68,74,1,83,7,85,77,0" hai2="30,50,89,87,49,15,29,95,110,69,102,115,116" hai3="53,14,51,43,52,71,96,120,103,105,12,131,35"/><U125/><E68/><V108/><F116/><W114/><G120/><T80/><D2/><U117/><E117/><V59/><F69/><W129/><G71/><T55/><D123/><U45/><E17/><V42/><F108/><W23/><G35/><T75/><D128/><N who="3" m="49225" /><G114/><T130/><D130/><U104/><E7/><V62/><F110/><W39/><G39/><T48/><D133/><U92/><E45/><V18/><F42/><W79/><G79/><T33/><D75/><U13/><E13/><N who="3" m="5226" /><G23/><T41/><D31/><N who="2" m="11786" /><F102/><W56/><G53/><T107/><D33/><U113/><E113/><V78/><F78/><W61/><G43/><T90/><D41/><U32/><E32/><V11/><F115/><W19/><G19/><T36/><D107/><U47/><E0/><V3/><F3/><W8/><G8/><T25/><D25/><U26/><E26/><V64/><AGARI ba="0,0" hai="11,15,18,49,50,59,62,64,87,89,95" m="11786" machi="64" ten="30,4000,0" yaku="8,1,52,2" doraHai="46" who="2" fromWho="2" sc="330,-10,297,-20,330,40,43,-10" /><INIT seed="6,0,0,4,2,66" ten="320,277,370,33" oya="2" hai0="96,84,34,5,36,119,80,75,29,100,115,30,128" hai1="60,73,98,90,31,46,50,68,44,61,123,51,132" hai2="3,57,37,102,95,107,89,48,27,82,63,47,23" hai3="129,45,127,0,42,87,40,93,131,94,64,111,20"/><V71/><F3/><W15/><G0/><T125/><D36/><U21/><E73/><V113/><F113/><W99/><G111/><T52/><D75/><U13/><E98/><V14/><F107/><W26/><G127/><T76/><D115/><U122/><E90/><V11/><F71/><W16/><G64/><T41/><D41/><U58/><E13/><V134/><F37/><W78/><G131/><T110/><D125/><U72/><E72/><V104/><F104/><W116/><G116/><T67/><D128/><U38/><E21/><V109/><F134/><W77/><G129/><T118/><D110/><U25/><E25/><V121/><F82/><W22/><G87/><T101/><D67/><N who="1" m="41071" /><E31/><V7/><F102/><W97/><G94/><T124/><D124/><U4/><E4/><V56/><F23/><W126/><G126/><T12/><D29/><U106/><E106/><V33/><F27/><W28/><G99/><T112/><D30/><U43/><E132/><V70/><F33/><W17/><G28/><T103/><D34/><U81/><E81/><V86/><F109/><W91/><REACH who="3" step="1"/><G40/><REACH who="3" ten="320,277,370,23" step="2"/><T114/><D96/><U10/><E43/><V1/><F1/><W105/><G105/><T79/><D114/><U6/><E123/><V59/><F121/><W88/><G88/><T19/><D112/><U62/><E122/><V120/><F120/><W18/><G18/><T53/><D19/><U108/><E108/><V49/><F86/><W8/><G8/><N who="0" m="4111" /><D76/><U85/><E85/><V74/><F74/><W55/><G55/><N who="0" m="21067" /><D84/><U24/><E10/><V133/><F11/><RYUUKYOKU ba="0,1" sc="320,15,277,-15,370,-15,23,15" hai0="79,80,100,101,103,118,119" hai3="15,16,17,20,22,26,42,45,77,78,91,93,97" /><INIT seed="7,1,1,1,0,91" ten="335,262,355,38" oya="3" hai0="70,103,100,2,28,20,21,67,8,123,124,30,94" hai1="25,135,27,54,132,19,55,37,130,78,80,110,69" hai2="10,6,115,105,95,129,102,126,81,89,128,114,14" hai3="56,101,97,104,53,59,40,16,120,52,58,5,41"/><W60/><G120/><T90/><D123/><U50/><E37/><V45/><F126/><W112/><G112/><N who="2" m="43049" /><F105/><W61/><G5/><T66/><D70/><U63/><E110/><V29/><F29/><N who="0" m="11370" /><D124/><U111/><E111/><V49/><F81/><W38/><G38/><T22/><D8/><U127/><E127/><V106/><F102/><N who="0" m="38954" /><D2/><U108/><E108/><V75/><F75/><W36/><G36/><T92/><D92/><U72/><E130/><V86/><F106/><W43/><REACH who="3" step="1"/><G59/><REACH who="3" ten="335,262,355,28" step="2"/><T99/><AGARI ba="1,2" hai="20,21,22,66,67,90,94,99" m="38954,11370" machi="99" ten="30,2000,0" yaku="8,1,52,1" doraHai="91" who="0" fromWho="0" sc="335,43,262,-6,355,-6,28,-11" owari="378,47.0,256,-14.0,349,15.0,17,-48.0" /></mjloggm>