<mjloggm ver="2.3"><GO type="225" lobby="0"/><UN n0="%E6%9D%8E%E8%B3%80" n1="%E3%83%88%E3%83%88%E3%83%AA%E5%85%88%E7%94%9F%31%39%E6%AD%B3" n2="%E3%82%B7%E3%83%AD%E3%82%AF%E3%83%AD" n3="%E9%8A%80%E3%81%B0%E3%81%95%E3%81%BF" dan="16,17,16,17" rate="2055.86,2176.75,2168.59,2158.41" sx="M,F,M,M"/><TAIKYOKU oya="0"/><INIT seed="0,0,0,0,3,46" ten="250,250,250,250" oya="0" hai0="123,24,100,51,69,90,67,32,44,76,94,66,103" hai1="114,1,109,8,121,131,93,55,19,40,68,77,85" hai2="95,86,16,70,119,124,59,111,52,104,53,33,29" hai3="63,88,54,0,35,13,113,10,49,122,133,92,110"/><T11/><D123/><U129/><E121/><V130/><F104/><W106/><G122/><T39/><D39/><U134/><E68/><V38/><F70/><W62/><G106/><T80/><D11/><U132/><E109/><V25/><F111/><W47/><G35/><T43/><D32/><U125/><E114/><V72/><F72/><W107/><G107/><T126/><D24/><U34/><E34/><V116/><F38/><W75/><G75/><T5/><D5/><N who="1" m="1071" /><E40/><V83/><F130/><N who="1" m="49673" /><E19/><V45/><F124/><W60/><G110/><T22/><D22/><U41/><E125/><V15/><F95/><W12/><G113/><T57/><D69/><U23/><E23/><N who="2" m="11679" /><F45/><W71/><G133/><T87/><D126/><U102/><E41/><V101/><F101/><N who="0" m="38986" /><D57/><U82/><E55/><V28/><F28/><W117/><G117/><N who="2" m="45129" /><F59/><W73/><G73/><T2/><D2/><U105/><E105/><V50/><F50/><W65/><G0/><T18/><D18/><U96/><AGARI ba="0,0" hai="77,82,85,93,96,102,132,134" m="49673,1071" machi="96" ten="30,1100,0" yaku="19,1" doraHai="46" who="1" fromWho="1" sc="250,-5,250,11,250,-3,250,-3" /><INIT seed="1,0,0,3,2,2" ten="245,261,247,247" oya="1" hai0="50,49,73,120,51,87,82,100,54,4,116,90,74" hai1="119,126,48,124,117,133,26,44,83,39,94,43,99" hai2="113,134,9,86,111,32,109,56,92,52,103,34,13" hai3="1,24,121,114,37,106,21,68,3,10,129,22,27"/><U69/><E69/><V112/><F134/><W40/><G106/><T63/><D116/><U18/><E133/><V20/><F20/><W28/><G68/><T12/><D100/><U128/><E128/><V101/><F86/><W125/><G121/><T79/><D120/><U29/><E18/><N who="2" m="8495" /><F92/><W77/><G114/><N who="2" m="44137" /><F103/><W75/><G129/><T96/><D96/><U47/><E83/><V81/><F81/><W16/><G125/><N who="1" m="48234" /><E94/><V104/><F104/><W80/><REACH who="3" step="1"/><G10/><REACH who="3" ten="245,261,247,237" step="2"/><T127/><D127/><U23/><E99/><V33/><F101/><W110/><G110/><T6/><D73/><U132/><E132/><V8/><F8/><W131/><G131/><T130/><D130/><U0/><E0/><V72/><F72/><W31/><G31/><T36/><D74/><U55/><AGARI ba="0,1" hai="23,26,29,39,43,44,47,48,55,117,119" m="48234" machi="55" ten="30,1500,0" yaku="18,1" doraHai="2" who="1" fromWho="1" sc="245,-5,261,25,247,-5,237,-5" /><INIT seed="1,1,0,1,0,36" ten="240,286,242,232" oya="1" hai0="5,64,65,102,17,54,110,95,122,101,37,12,55" hai1="90,91,133,10,126,97,81,105,6,111,118,93,26" hai2="27,22,112,44,8,66,1,130,13,67,100,4,76" hai3="62,24,71,20,7,29,3,106,38,69,132,77,42"/><U116/><E133/><V45/><F130/><W11/><G106/><T47/><D110/><U108/><E126/><V94/><F112/><W31/><G132/><T51/><D37/><U78/><E26/><V80/><F1/><W2/><G2/><T121/><D5/><U35/><E35/><V115/><F115/><W33/><G62/><T40/><D55/><U123/><E10/><V98/><F66/><N who="0" m="25706" /><D54/><U23/><E23/><V53/><F67/><W128/><G128/><T18/><D95/><N who="1" m="56567" /><E105/><V88/><F100/><N who="0" m="38506" /><D12/><U72/><E123/><AGARI ba="1,0" hai="17,18,40,47,51,121,122,123" m="38506,25706" machi="123" ten="30,2000,0" yaku="13,1,52,1" doraHai="36" who="0" fromWho="1" sc="240,23,286,-23,242,0,232,0" /><INIT seed="2,0,0,1,0,93" ten="263,263,242,232" oya="2" hai0="79,23,25,36,80,89,56,19,74,118,16,1,41" hai1="59,108,75,91,99,76,125,52,64,85,55,131,20" hai2="44,30,122,6,102,104,17,126,127,87,57,72,116" hai3="124,119,45,117,31,73,135,26,82,40,71,97,4"/><V114/><F116/><W67/><G124/><N who="2" m="47657" /><F114/><W5/><G135/><T58/><D118/><U33/><E33/><V49/><F122/><W29/><G119/><T43/><D1/><U2/><E2/><V70/><F70/><W0/><G117/><T120/><D120/><U134/><E125/><V21/><F72/><W107/><G31/><T100/><D100/><U46/><E108/><V47/><F30/><W34/><G0/><T53/><D36/><U106/><E131/><V121/><F121/><W129/><G129/><T37/><D37/><U8/><E8/><V24/><F6/><W86/><G73/><T132/><D132/><U109/><E109/><V63/><F87/><W88/><G67/><T48/><D89/><U3/><E3/><V68/><F68/><W90/><G71/><T12/><REACH who="0" step="1"/><D58/><REACH who="0" ten="253,263,242,232" step="2"/><U35/><E59/><V54/><F63/><W96/><G90/><T92/><D92/><U66/><E91/><V115/><F115/><W69/><G69/><T103/><D103/><U113/><E113/><V18/><F102/><W83/><G83/><T11/><AGARI ba="0,1" hai="11,12,16,19,23,25,41,43,48,53,56,74,79,80" machi="11" ten="20,8000,1" yaku="1,1,0,1,7,1,54,1,53,1" doraHai="93" doraHaiUra="77" who="0" fromWho="0" sc="253,90,263,-20,242,-40,232,-20" /><INIT seed="3,0,0,4,3,75" ten="343,243,202,212" oya="3" hai0="79,7,61,62,70,125,131,89,84,85,94,113,46" hai1="86,57,90,25,69,28,20,103,123,9,101,41,130" hai2="102,39,134,121,114,107,72,115,19,66,13,40,30" hai3="98,37,34,35,74,38,81,53,76,105,23,11,58"/><W48/><G23/><T73/><D70/><U29/><E69/><V122/><F72/><W45/><G11/><T56/><D73/><U5/><E123/><N who="2" m="47115" /><F134/><W18/><G18/><T83/><D125/><U126/><E130/><V80/><F30/><W77/><G77/><T108/><D108/><U88/><E126/><V97/><F80/><W21/><G21/><T47/><D131/><U10/><E41/><V6/><F6/><W91/><G91/><N who="1" m="34858" /><E86/><V4/><F4/><W3/><G3/><T2/><D62/><U49/><E29/><V135/><F135/><W124/><G124/><T78/><D78/><U95/><E95/><V42/><F66/><W71/><G71/><T26/><D113/><N who="2" m="43018" /><F39/><W127/><G127/><T33/><D33/><U24/><E24/><V51/><F51/><W82/><G82/><T110/><D26/><U120/><E120/><V59/><F59/><W119/><G119/><T15/><D2/><U104/><E104/><V0/><F0/><W128/><G128/><T132/><D132/><U52/><E9/><AGARI ba="0,0" hai="9,13,19,40,42,97,102,107" m="43018,47115" machi="9" ten="30,1000,0" yaku="13,1" doraHai="75" who="2" fromWho="1" sc="343,0,243,-10,202,10,212,0" owari="343,45.0,233,3.0,212,-19.0,212,-29.0" /></mjloggm>