<mjloggm ver="2.3"><GO type="169" lobby="0"/><UN n0="%2D%6B%6F%65%69%2D" n1="%E5%8C%97%E9%A2%A8%E3%83%80%E3%83%B3%E3%82%B4" n2="%6E%61%63%6F%6D%61%69%69" n3="%E5%B0%B1%E6%B4%BB%E7%94%9F%40%E5%B7%9D%E6%9D%91%E8%BB%8D%E5%9B%A3" dan="16,16,16,16" rate="2103.78,2148.64,2096.54,2133.62" sx="M,M,F,M"/><TAIKYOKU oya="0"/><INIT seed="0,0,0,2,1,19" ten="250,250,250,250" oya="0" hai0="128,63,73,110,17,83,8,0,94,86,3,107,76" hai1="37,52,113,103,133,47,57,40,58,15,41,11,72" hai2="123,89,111,44,132,74,50,100,93,131,4,18,97" hai3="70,121,114,43,21,130,99,42,84,118,79,87,134"/><T5/><D107/><U120/><E120/><V67/><F123/><W91/><G70/><T78/><D128/><U14/><E72/><V1/><F131/><W95/><G121/><T31/><D110/><U68/><E68/><V9/><F132/><W129/><G118/><T55/><D78/><U117/><E117/><V65/><F74/><W77/><G114/><T16/><D0/><U35/><E35/><V119/><F111/><W28/><G134/><T10/><D10/><U62/><E133/><V116/><F89/><W61/><G61/><T25/><D94/><U122/><E122/><V27/><F27/><N who="3" m="16495" /><G130/><T90/><D90/><U46/><E113/><V30/><F30/><W22/><G129/><T109/><D73/><U66/><E103/><V64/><REACH who="2" step="1"/><F18/><REACH who="2" ten="250,250,240,250" step="2"/><W125/><G79/><T96/><D109/><U56/><E66/><V69/><F69/><W36/><G77/><T135/><D135/><U45/><E14/><V32/><F32/><W59/><G91/><T112/><D112/><U2/><E2/><V108/><F108/><W82/><G82/><T7/><D96/><U6/><E37/><V88/><F88/><W127/><G99/><T80/><D80/><U71/><E71/><V34/><F34/><W115/><G115/><T106/><D5/><U48/><E62/><V54/><AGARI ba="0,1" hai="1,4,9,44,50,54,64,65,67,93,97,100,116,119" machi="54" ten="30,2000,0" yaku="1,1,0,1,53,0" doraHai="19" doraHaiUra="24" who="2" fromWho="2" sc="250,-10,250,-5,240,30,250,-5" /><INIT seed="1,0,0,5,4,60" ten="240,245,270,245" oya="1" hai0="96,112,54,86,115,91,119,82,24,75,72,66,65" hai1="31,52,20,79,56,131,69,15,71,117,90,83,26" hai2="51,44,16,37,133,135,84,114,101,106,3,55,116" hai3="17,74,85,98,5,41,126,132,13,6,2,97,11"/><U80/><E117/><V43/><F3/><W48/><G74/><T122/><D119/><U92/><E131/><V108/><F116/><W45/><G126/><T18/><D122/><U68/><E15/><V104/><F114/><W57/><G132/><T87/><D72/><U77/><E83/><V30/><F30/><W99/><G2/><T130/><D75/><U22/><E22/><V49/><F101/><W58/><G85/><T19/><D130/><U89/><E80/><V113/><F37/><W32/><G32/><T61/><D115/><U8/><E8/><V81/><F113/><W1/><G1/><T134/><D134/><U70/><N who="1" m="17408" /><DORA hai="95" /><U46/><E46/><V125/><F125/><W118/><G118/><T107/><D112/><U102/><E102/><V76/><F108/><W64/><G58/><N who="0" m="35031" /><D107/><U9/><E9/><V100/><F100/><W109/><G109/><T25/><D87/><U0/><E0/><V88/><F76/><W111/><G111/><T127/><D96/><N who="3" m="24577" /><W123/><DORA hai="33" /><G123/><T38/><D38/><U94/><E94/><V121/><F121/><W93/><G93/><T10/><D127/><U73/><E73/><V14/><F135/><W50/><G50/><T110/><D110/><U36/><E36/><V59/><F133/><W7/><G6/><T42/><D86/><U4/><E4/><V128/><F128/><W47/><G45/><T53/><D82/><U27/><E92/><V78/><F78/><W67/><G67/><T129/><D65/><U39/><E39/><V103/><F103/><W12/><G12/><T29/><D66/><RYUUKYOKU ba="0,0" sc="240,-15,245,-15,270,15,245,15" hai2="14,16,43,44,49,51,55,59,81,84,88,104,106" hai3="5,7,11,13,17,41,47,48,57,64" /><INIT seed="2,1,0,0,4,78" ten="225,230,285,260" oya="2" hai0="54,81,67,129,98,51,77,12,42,46,88,16,14" hai1="99,20,10,73,101,63,1,117,97,114,105,132,66" hai2="120,108,79,110,100,116,121,96,93,60,22,2,34" hai3="111,35,30,29,119,38,109,76,49,58,134,94,130"/><V27/><F34/><W90/><G38/><T9/><D129/><U115/><E117/><V57/><F2/><W133/><G119/><T21/><D67/><U102/><E132/><N who="3" m="50794" /><G35/><T62/><D62/><U84/><E20/><V124/><F124/><W50/><G76/><T39/><D98/><U45/><E45/><V36/><F79/><W104/><G104/><T56/><D88/><U33/><E33/><V25/><F36/><W52/><G49/><T113/><D113/><U71/><E84/><V72/><F72/><W125/><G130/><T47/><D47/><U28/><E28/><N who="3" m="10858" /><G125/><T70/><D70/><U55/><E73/><V15/><F116/><W48/><G48/><T103/><D103/><U32/><E32/><V4/><F4/><W23/><G23/><T122/><D122/><U64/><E64/><V0/><F121/><W3/><G3/><T95/><D95/><U123/><E123/><V92/><F0/><W37/><G37/><T80/><D77/><U41/><E41/><V135/><F92/><W83/><G94/><T6/><AGARI ba="1,0" hai="6,9,12,14,16,21,39,42,46,51,54,56,80,81" machi="6" ten="20,8000,1" yaku="0,1,7,1,52,2,54,1" doraHai="78" who="0" fromWho="0" sc="225,83,230,-21,285,-41,260,-21" /><INIT seed="3,0,0,1,2,95" ten="308,209,244,239" oya="3" hai0="54,27,121,89,96,16,22,19,86,60,115,97,134" hai1="15,47,79,3,59,90,64,7,72,75,94,128,62" hai2="42,51,69,11,37,135,88,118,53,29,26,99,85" hai3="104,71,112,76,9,30,20,58,14,21,105,119,100"/><W40/><G71/><T120/><D120/><U93/><E3/><V116/><F69/><W55/><G119/><T4/><D121/><U77/><E128/><V31/><F135/><W87/><G112/><T50/><D134/><U81/><E47/><V91/><F37/><W5/><G40/><T38/><D38/><U101/><E101/><V12/><F42/><W74/><G74/><T6/><D115/><U49/><E49/><V109/><F109/><W117/><G117/><T13/><D60/><U126/><E126/><V133/><F133/><W41/><G41/><T129/><D129/><U106/><E106/><V92/><F26/><W52/><G30/><T28/><D19/><U84/><E7/><N who="0" m="2601" /><D86/><U18/><E72/><V35/><F35/><W70/><G70/><T67/><D89/><U45/><E45/><N who="2" m="27887" /><F118/><W63/><G104/><T124/><D67/><U127/><E127/><V130/><F130/><W61/><G87/><T78/><D78/><N who="1" m="29707" /><E75/><V43/><F43/><W32/><G76/><T17/><D124/><U1/><E1/><V25/><F25/><W122/><G32/><T111/><D111/><U34/><E34/><V73/><F73/><W107/><G107/><T103/><D103/><U66/><E66/><V33/><F33/><W2/><G2/><T57/><D28/><U68/><E68/><V48/><F116/><W36/><G36/><T46/><D46/><U10/><AGARI ba="0,0" hai="10,15,18,59,62,64,81,84,90,93,94" m="29707" machi="10" ten="30,1100,0" yaku="8,1" doraHai="95" who="1" fromWho="1" sc="308,-3,209,11,244,-3,239,-5" /><INIT seed="4,0,0,3,3,127" ten="305,220,241,234" oya="0" hai0="132,66,87,60,108,77,29,62,11,6,82,54,88" hai1="13,16,71,86,94,68,19,34,42,10,115,126,3" hai2="76,57,12,90,85,73,69,124,43,75,20,5,125" hai3="46,134,56,122,109,123,79,135,36,65,7,80,38"/><T49/><D132/><N who="3" m="50729" /><G7/><T98/><D108/><U93/><E126/><N who="2" m="48747" /><F69/><W103/><G103/><T45/><D29/><U28/><E115/><V133/><F76/><W78/><G80/><T21/><D21/><U58/><E42/><V51/><F133/><W100/><G100/><T41/><D54/><U70/><E3/><V130/><F75/><W4/><G4/><T95/><REACH who="0" step="1"/><D66/><REACH who="0" ten="295,220,241,234" step="2"/><U83/><E28/><V63/><F20/><W39/><G109/><T2/><AGARI ba="0,1" hai="2,6,11,41,45,49,60,62,77,82,87,88,95,98" machi="2" ten="20,12000,1" yaku="1,1,2,1,0,1,7,1,54,1,53,0" doraHai="127" doraHaiUra="121" who="0" fromWho="0" sc="295,130,220,-40,241,-40,234,-40" /><INIT seed="4,1,0,1,3,36" ten="425,180,201,194" oya="0" hai0="55,43,111,19,28,64,125,25,83,58,79,1,34" hai1="122,88,100,91,78,6,109,52,115,50,89,84,118" hai2="87,54,65,0,4,20,63,106,16,98,107,116,59" hai3="12,18,113,101,60,17,73,11,128,46,117,31,13"/><T112/><D112/><U14/><E118/><V103/><F116/><W131/><G73/><T127/><D111/><U119/><E122/><V133/><F133/><W8/><G101/><T23/><D1/><U130/><E119/><V126/><F126/><W45/><G117/><T104/><D104/><U3/><E3/><V26/><F107/><W49/><G60/><T129/><D64/><U76/><E109/><V22/><F0/><W57/><G31/><T114/><D114/><U9/><E130/><N who="3" m="49706" /><G113/><T85/><D129/><U61/><E115/><V39/><F4/><W93/><G93/><T2/><D2/><U15/><E100/><V77/><F39/><W66/><G66/><T47/><D55/><AGARI ba="1,0" hai="8,11,12,13,17,18,45,46,49,55,57" m="49706" machi="55" ten="30,1000,0" yaku="19,1" doraHai="36" who="3" fromWho="0" sc="425,-13,180,0,201,0,194,13" /><INIT seed="5,0,0,0,0,51" ten="412,180,201,207" oya="1" hai0="90,87,104,15,107,117,54,35,7,33,16,102,9" hai1="43,20,46,116,32,70,110,11,73,92,41,49,25" hai2="120,53,45,66,85,72,34,106,18,126,2,135,76" hai3="121,5,98,23,78,28,8,112,86,30,65,100,84"/><U13/><E116/><V12/><F120/><W122/><G112/><T4/><D117/><U42/><E32/><V131/><F106/><W67/><G121/><T127/><D127/><U29/><E70/><V57/><F2/><W55/><G122/><T132/><D132/><U123/><E123/><V63/><F34/><W101/><G5/><T10/><D35/><U79/><E110/><V108/><F72/><W128/><G8/><T83/><D33/><U125/><E125/><V58/><F108/><W44/><G128/><T111/><D111/><U113/><E113/><V115/><F131/><W133/><G133/><T62/><D102/><N who="3" m="39529" /><G98/><T77/><D77/><U39/><E39/><V93/><F135/><W75/><G75/><T24/><D4/><U6/><REACH who="1" step="1"/><E92/><REACH who="1" ten="412,170,201,207" step="2"/><V109/><F126/><W94/><G94/><T59/><D104/><U27/><E27/><V37/><F109/><W61/><G84/><T88/><D107/><U71/><E71/><V130/><F115/><W134/><G86/><T103/><D24/><U56/><E56/><V1/><F130/><W26/><G134/><T97/><D87/><U36/><E36/><V95/><F37/><W89/><G78/><T22/><D59/><U47/><E47/><V60/><F45/><W50/><G89/><T114/><D90/><U96/><E96/><V3/><F95/><W14/><G14/><T91/><D88/><U0/><E0/><V40/><F93/><W118/><G118/><T31/><D91/><U64/><E64/><N who="3" m="24650" /><G30/><T81/><D31/><U74/><E74/><V68/><F85/><W105/><G105/><RYUUKYOKU ba="0,1" sc="412,-15,170,15,201,-15,207,15" hai1="6,11,13,20,25,29,41,42,43,46,49,73,79" hai3="23,26,28,44,50,55,61" /><INIT seed="5,1,1,3,5,134" ten="397,185,186,222" oya="1" hai0="83,55,5,115,53,48,119,3,56,15,91,26,95" hai1="35,103,37,40,64,18,58,8,66,107,80,105,73" hai2="1,127,31,70,106,51,69,46,57,81,130,87,45" hai3="38,4,50,13,0,65,93,34,41,9,14,94,32"/><U28/><E28/><V24/><F106/><W17/><G38/><T77/><D119/><U96/><E35/><V109/><F1/><W21/><G0/><T11/><D115/><U75/><E107/><V92/><F130/><W7/><G7/><T30/><D3/><U62/><E66/><V108/><F57/><W84/><G84/><T63/><D83/><U2/><E80/><V47/><F92/><W54/><G41/><T71/><D77/><U25/><E25/><V19/><F19/><W117/><G117/><T52/><D71/><U82/><E82/><V39/><F39/><W20/><G20/><N who="0" m="15687" /><D48/><U67/><E67/><V129/><F51/><W27/><G65/><T118/><D118/><U101/><E101/><V114/><F114/><W113/><G113/><T72/><D72/><U68/><E58/><V59/><F59/><W42/><G42/><T85/><AGARI ba="1,1" hai="5,11,15,52,53,55,56,63,85,91,95" m="15687" machi="85" ten="30,2000,0" yaku="8,1,54,1" doraHai="134" who="0" fromWho="0" sc="397,33,185,-11,186,-6,222,-6" /><INIT seed="6,0,0,3,0,29" ten="430,174,180,216" oya="2" hai0="4,112,119,0,62,31,16,90,81,43,135,13,107" hai1="9,83,94,95,37,5,99,133,66,56,85,3,123" hai2="87,75,1,45,101,20,98,12,51,48,104,27,47" hai3="73,71,65,127,39,30,53,111,36,124,125,52,100"/><V129/><F75/><W60/><G73/><T33/><D107/><U72/><E72/><V109/><F1/><W134/><G30/><T25/><D43/><U93/><E37/><N who="3" m="14410" /><G100/><T69/><D112/><U59/><E133/><V130/><F109/><W38/><G111/><T84/><D135/><U49/><E123/><V23/><F12/><W82/><G82/><T115/><D119/><U54/><E66/><V42/><F87/><W76/><G76/><T97/><D115/><U18/><E18/><V91/><F91/><W2/><G2/><T108/><D108/><U58/><REACH who="1" step="1"/><E99/><REACH who="1" ten="430,164,180,216" step="2"/><V122/><F122/><W114/><G134/><T26/><D16/><U74/><E74/><V41/><REACH who="2" step="1"/><F27/><REACH who="2" ten="430,164,170,216" step="2"/><W21/><G114/><T102/><D25/><U35/><E35/><V32/><F32/><W64/><G125/><T92/><D33/><U24/><E24/><V96/><F96/><W22/><G124/><T68/><D26/><U105/><E105/><V6/><F6/><W19/><G127/><T10/><D4/><U34/><E34/><V40/><F40/><W70/><G22/><AGARI ba="0,2" hai="20,22,23,41,42,45,47,48,51,98,101,104,129,130" machi="22" ten="40,3900,0" yaku="1,1,9,1,53,0" doraHai="29" doraHaiUra="113" who="2" fromWho="3" sc="430,0,164,0,170,59,216,-39" /><INIT seed="6,1,0,2,0,74" ten="430,164,229,177" oya="2" hai0="27,90,21,110,69,94,10,85,92,9,103,4,80" hai1="78,95,41,20,14,33,65,43,62,75,59,67,24" hai2="68,105,37,84,109,17,26,70,31,25,133,23,77" hai3="8,106,18,102,113,53,117,1,87,6,56,124,135"/><V116/><F116/><W55/><G117/><T126/><D110/><U79/><E75/><V66/><F105/><W127/><G135/><T101/><D69/><U72/><E72/><V7/><F37/><W38/><G38/><T60/><D126/><N who="3" m="48169" /><G113/><T11/><D4/><U32/><E32/><V16/><F7/><W35/><G35/><T99/><D60/><N who="1" m="38047" /><E33/><V47/><F133/><W131/><G131/><T49/><D49/><U42/><E14/><V130/><F130/><W48/><G87/><T52/><D52/><U104/><E104/><V29/><F109/><W125/><N who="3" m="48177" /><W15/><DORA hai="63" /><G53/><T2/><D2/><U44/><E95/><N who="0" m="36393" /><D99/><U73/><E73/><V107/><F107/><W115/><G115/><T120/><D120/><U123/><E123/><V114/><F114/><W128/><G128/><T82/><D82/><U19/><E44/><V100/><F100/><W132/><G132/><T81/><D81/><U88/><E88/><V36/><F47/><W28/><G106/><T3/><D3/><U86/><E86/><V108/><F36/><W30/><G102/><T121/><D121/><U13/><E24/><V97/><F108/><W96/><G96/><T58/><D58/><AGARI ba="1,0" hai="13,19,20,41,42,43,58,62,67,78,79" m="38047" machi="58" ten="30,8000,1" yaku="8,1,52,4" doraHai="74,63" who="1" fromWho="0" sc="430,-83,164,83,229,0,177,0" /><INIT seed="7,0,0,2,4,135" ten="347,247,229,177" oya="3" hai0="10,29,4,80,99,48,76,102,59,57,35,14,81" hai1="38,117,120,109,39,96,131,134,133,70,3,53,112" hai2="17,107,12,90,31,114,40,87,61,30,108,54,122" hai3="49,64,21,67,27,62,52,20,105,79,68,15,75"/><W51/><G105/><T129/><D129/><U8/><E109/><V66/><F108/><W97/><G67/><T23/><D35/><U124/><E120/><V128/><F107/><W126/><G97/><T46/><D29/><U71/><E131/><V45/><F128/><W1/><G1/><T0/><D23/><U6/><E112/><V34/><F34/><W118/><G118/><T86/><D80/><U82/><E117/><V93/><F122/><W36/><G36/><N who="1" m="13866" /><E53/><V28/><F114/><W56/><G126/><T106/><D0/><U63/><E96/><V125/><F125/><W32/><G51/><T101/><D101/><U115/><E115/><V127/><F54/><AGARI ba="0,0" hai="4,10,14,46,48,54,57,59,76,81,86,99,102,106" machi="54" ten="30,1000,0" yaku="7,1" doraHai="135" who="0" fromWho="2" sc="347,10,247,0,229,-10,177,0" owari="357,45.0,247,5.0,219,-18.0,177,-32.0" /></mjloggm>