<mjloggm ver="2.3"><GO type="233" lobby="0"/><UN n0="%52%65%3A%7A%61%77%61" n1="%E6%99%AE%E8%B3%A2" n2="%E3%82%A6%E3%83%AB%E3%83%88%E3%83%A9%E7%AB%8B%E7%9B%B4" n3="%E5%B0%8F%E9%98%AA%E3%81%A1%E3%81%B2%E3%82%8D" dan="16,16,18,18" rate="2077.85,2167.85,2236.23,2225.73" sx="M,M,M,F"/><TAIKYOKU oya="0"/><INIT seed="0,0,0,2,2,11" ten="250,250,250,250" oya="0" hai0="41,104,95,60,24,89,39,127,97,19,117,15,26" hai1="124,76,59,45,112,33,32,128,96,56,130,114,58" hai2="4,69,116,107,135,131,47,13,78,101,44,25,109" hai3="79,5,66,8,0,46,73,14,10,17,1,111,53"/><T27/><D117/><U16/><E76/><V65/><F116/><W51/><G111/><T113/><D113/><N who="1" m="43627" /><E45/><V29/><F109/><W122/><G122/><T7/><D127/><U94/><E124/><V82/><F131/><N who="1" m="50217" /><E16/><V20/><F135/><W83/><REACH who="3" step="1"/><G66/><REACH who="3" ten="250,250,250,240" step="2"/><T36/><D7/><U102/><AGARI ba="0,1" hai="32,33,56,58,59,94,96,102" m="50217,43627" machi="102" ten="40,2700,0" yaku="11,1,19,1" doraHai="11" who="1" fromWho="1" sc="250,-13,250,37,250,-7,240,-7" /><INIT seed="1,0,0,3,0,45" ten="237,287,243,233" oya="1" hai0="35,94,134,68,88,109,49,57,114,84,31,71,55" hai1="48,120,6,110,107,112,11,77,101,23,39,103,133" hai2="111,115,22,17,53,20,113,99,78,38,79,5,64" hai3="130,16,34,30,76,7,98,27,86,124,51,56,4"/><U90/><E120/><V28/><F38/><W93/><G130/><T21/><D114/><N who="2" m="43530" /><F64/><W70/><G70/><T42/><D35/><U80/><E112/><V40/><F40/><W122/><G122/><T54/><D134/><U131/><E131/><V37/><F37/><W104/><G104/><T62/><D42/><U43/><E133/><V46/><F5/><W58/><G58/><T10/><D10/><U100/><E110/><V26/><F99/><W33/><G33/><T106/><D106/><U2/><E90/><V118/><F118/><W102/><G124/><T126/><D109/><U52/><E23/><V74/><F74/><W44/><G56/><T19/><D31/><U85/><E107/><V29/><F29/><W105/><G16/><T32/><D32/><U12/><E2/><V69/><F69/><W15/><G15/><N who="0" m="9471" /><D126/><U13/><E13/><N who="2" m="9263" /><F111/><W129/><G129/><T82/><D82/><U121/><E121/><V81/><F81/><W132/><G132/><T135/><D135/><U0/><E0/><V72/><F72/><W9/><G9/><T89/><D89/><U91/><E91/><V96/><F79/><W67/><G67/><T14/><D14/><U92/><E39/><V116/><F78/><W117/><G117/><T36/><D36/><U119/><E119/><V63/><F116/><W123/><G123/><T87/><D87/><U47/><E43/><V24/><F28/><W65/><G65/><T41/><D41/><U108/><E108/><V61/><F26/><W59/><G76/><T127/><D127/><U125/><E125/><V75/><F75/><RYUUKYOKU ba="0,0" sc="237,15,287,15,243,-15,233,-15" hai0="49,54,55,57,62,68,71,84,88,94" hai1="6,11,12,47,48,52,77,80,85,92,100,101,103" /><INIT seed="1,1,0,4,4,102" ten="252,302,228,218" oya="1" hai0="51,5,134,118,107,85,46,53,104,7,119,78,4" hai1="96,126,62,52,94,11,83,135,105,82,125,87,32" hai2="122,115,68,58,0,23,76,116,31,73,30,28,91" hai3="93,14,90,129,38,3,108,45,60,24,109,43,6"/><U8/><E32/><V79/><F68/><W124/><G129/><T110/><D110/><U20/><E20/><V70/><F70/><W17/><G124/><N who="1" m="47722" /><E135/><V72/><F0/><W47/><G24/><T50/><D134/><U88/><E105/><V131/><F122/><W2/><G60/><T59/><D78/><N who="1" m="46551" /><E83/><V127/><F127/><W99/><G6/><T120/><D120/><U98/><E98/><V84/><F116/><W130/><G47/><T65/><D85/><U97/><E97/><V57/><F131/><W10/><REACH who="3" step="1"/><G130/><REACH who="3" ten="252,302,228,208" step="2"/><T111/><D111/><AGARI ba="1,1" hai="2,3,10,14,17,38,43,45,90,93,99,108,109,111" machi="111" ten="40,8000,1" yaku="1,1,2,1,14,1,53,1" doraHai="102" doraHaiUra="41" who="3" fromWho="0" sc="252,-83,302,0,228,0,208,93" /><INIT seed="2,0,0,5,5,90" ten="169,302,228,301" oya="2" hai0="16,1,60,108,135,87,81,111,46,91,124,80,6" hai1="88,44,12,131,95,98,20,77,123,89,79,26,96" hai2="54,56,112,23,105,51,35,75,9,127,3,30,32" hai3="122,18,116,133,59,55,107,57,93,7,22,61,100"/><V14/><F112/><W28/><G122/><T97/><D124/><U120/><E131/><V13/><F127/><W73/><G116/><T115/><D135/><U84/><E12/><V82/><F105/><W134/><G107/><T76/><D115/><U64/><E64/><V47/><F3/><W86/><G73/><T31/><D31/><U63/><E63/><V85/><F75/><W21/><G7/><T27/><D60/><U110/><E110/><N who="0" m="42025" /><D97/><U129/><E129/><V17/><F56/><W94/><G100/><T117/><D46/><U10/><E10/><V125/><F125/><W33/><G33/><T74/><D117/><U40/><E123/><V62/><F62/><N who="3" m="36159" /><G86/><T48/><D48/><N who="1" m="26631" /><E120/><V50/><F50/><W71/><G71/><T29/><D6/><U34/><E34/><V41/><F54/><N who="3" m="34039" /><G133/><T2/><D16/><N who="1" m="12551" /><E98/><V8/><F30/><W119/><G119/><T69/><D69/><U101/><E101/><V99/><F99/><W11/><G134/><T15/><D15/><U67/><E67/><V0/><F0/><W78/><G78/><T39/><D39/><U70/><E70/><V53/><F41/><W72/><G72/><T113/><D113/><U37/><E37/><V43/><F43/><W36/><G36/><T126/><D126/><U121/><E121/><V52/><F53/><W66/><G66/><T4/><D4/><U65/><E65/><V104/><F104/><W5/><G5/><T24/><D24/><U92/><AGARI ba="0,0" hai="77,79,84,88,89,92,95,96" m="12551,26631" machi="92" ten="30,8000,1" yaku="8,1,52,2,54,2" doraHai="90" who="1" fromWho="1" sc="169,-20,302,80,228,-40,301,-20" /><INIT seed="3,0,0,1,5,75" ten="149,382,188,281" oya="3" hai0="59,111,70,78,33,94,110,2,124,10,67,99,134" hai1="116,44,102,5,112,45,73,84,51,49,121,31,68" hai2="135,107,34,39,46,18,57,74,85,96,101,81,24" hai3="88,26,128,23,125,43,13,11,103,22,35,126,38"/><W1/><G103/><T87/><D70/><U120/><E112/><V50/><F135/><W56/><G43/><T82/><D33/><U20/><E73/><V52/><F74/><W129/><G38/><T100/><D124/><N who="3" m="47721" /><G56/><T3/><D134/><U133/><E133/><V89/><F39/><W71/><G71/><T114/><D114/><U28/><E68/><V106/><F106/><W130/><G88/><T66/><D10/><U54/><E102/><V4/><F4/><N who="3" m="3303" /><G1/><T80/><D80/><U123/><E116/><V127/><F127/><W65/><G65/><N who="0" m="24587" /><D59/><U119/><E119/><V30/><F57/><W0/><G0/><T40/><D40/><U109/><E121/><V122/><REACH who="2" step="1"/><F18/><REACH who="2" ten="149,382,178,281" step="2"/><W90/><G90/><T16/><D16/><U36/><E123/><AGARI ba="0,1" hai="24,30,34,46,50,52,81,85,89,96,101,107,122,123" machi="123" ten="40,8000,1" yaku="1,1,2,1,54,1,53,1" doraHai="75" doraHaiUra="76" who="2" fromWho="1" sc="149,0,382,-80,178,90,281,0" /><INIT seed="4,0,0,5,0,87" ten="149,302,268,281" oya="0" hai0="40,14,97,61,108,5,81,41,23,16,51,123,102" hai1="21,50,69,60,39,132,95,33,135,11,113,34,38" hai2="93,115,49,55,59,94,76,25,91,84,125,12,8" hai3="88,29,124,18,56,7,92,117,112,68,116,71,122"/><T118/><D123/><U109/><E109/><V10/><F115/><W79/><G79/><T32/><D118/><U89/><E113/><V45/><F125/><W1/><G112/><T70/><D32/><U58/><E11/><V72/><F72/><W105/><G105/><T30/><D108/><U111/><E111/><V63/><F76/><W24/><G18/><T107/><D30/><U3/><E3/><V101/><F25/><W28/><G124/><T52/><D5/><U131/><E131/><V66/><F12/><W20/><G29/><T103/><D103/><U104/><E104/><V22/><F22/><W114/><G114/><T47/><REACH who="0" step="1"/><D81/><REACH who="0" ten="139,302,268,281" step="2"/><U46/><E33/><V77/><F101/><W53/><G122/><T86/><D86/><U54/><E34/><V4/><F4/><W0/><G116/><T98/><D98/><U64/><E135/><V9/><F94/><W15/><G117/><T100/><D100/><U17/><E132/><V27/><F93/><W119/><G119/><T67/><AGARI ba="0,1" hai="14,16,23,40,41,47,51,52,61,67,70,97,102,107" machi="67" ten="30,11700,0" yaku="1,1,0,1,54,2,53,0" doraHai="87" doraHaiUra="85" who="0" fromWho="0" sc="139,127,302,-39,268,-39,281,-39" /><INIT seed="4,1,0,3,3,86" ten="266,263,229,242" oya="0" hai0="129,12,85,26,11,17,39,14,135,66,134,120,20" hai1="5,28,131,123,45,122,72,121,31,49,1,2,109" hai2="69,19,92,29,30,96,7,100,65,133,101,15,112" hai3="38,103,128,105,56,82,90,27,23,58,98,62,99"/><T78/><D120/><U70/><E109/><V51/><F112/><W114/><G38/><T50/><D39/><U41/><E70/><V80/><F133/><N who="0" m="50698" /><D66/><U33/><E72/><V35/><F7/><W95/><G114/><T118/><D118/><U107/><E107/><V67/><F69/><W16/><G128/><T57/><D129/><U73/><E131/><V55/><F101/><W113/><G113/><T10/><D57/><U71/><E71/><V89/><F35/><W47/><G47/><T3/><D50/><U37/><E73/><V115/><F115/><W13/><G82/><N who="0" m="47319" /><D3/><U126/><E126/><V24/><F67/><W77/><G77/><T88/><D88/><U18/><E37/><V54/><F65/><W76/><G76/><T63/><D63/><U97/><E1/><V116/><F116/><W25/><REACH who="3" step="1"/><G56/><REACH who="3" ten="266,263,229,232" step="2"/><T6/><D6/><U44/><E5/><V75/><F80/><W43/><G43/><T9/><AGARI ba="1,1" hai="9,10,11,12,14,17,20,26" m="47319,50698" machi="9" ten="30,1500,0" yaku="20,1" doraHai="86" who="0" fromWho="0" sc="266,28,263,-6,229,-6,232,-6" /><INIT seed="4,2,0,0,2,37" ten="294,257,223,226" oya="0" hai0="98,32,112,108,77,109,38,118,96,51,28,12,84" hai1="58,76,57,92,115,79,95,10,62,2,70,50,111" hai2="69,46,130,105,5,74,3,16,36,131,40,23,132" hai3="110,72,33,104,114,67,30,97,6,19,106,101,66"/><T117/><D38/><U31/><E111/><N who="0" m="42569" /><D32/><U85/><E70/><V64/><F105/><W56/><G110/><T63/><D28/><U80/><E115/><V103/><F103/><W27/><G72/><T123/><D63/><U53/><E31/><V49/><F49/><W81/><G114/><T34/><D34/><U54/><E2/><V93/><F93/><N who="1" m="35913" /><E10/><N who="2" m="2367" /><F64/><W83/><G6/><T35/><D35/><U47/><E47/><V7/><F69/><W9/><G67/><T116/><D12/><U75/><E75/><V41/><F7/><W125/><G104/><T44/><D112/><U87/><E87/><V119/><F119/><W61/><G125/><T135/><D123/><U121/><E121/><V18/><F74/><W1/><G1/><T11/><D11/><U128/><E128/><N who="2" m="49195" /><F132/><W13/><AGARI ba="2,0" hai="9,13,19,27,30,33,56,61,66,81,83,97,101,106" machi="13" ten="30,1100,0" yaku="0,1" doraHai="37" who="3" fromWho="3" sc="294,-7,257,-5,223,-5,226,17" /><INIT seed="5,0,0,4,5,92" ten="287,252,218,243" oya="1" hai0="101,26,74,133,82,128,6,94,40,22,10,5,59" hai1="119,125,29,4,8,117,35,122,96,80,79,9,124" hai2="100,75,58,24,134,110,45,108,39,61,51,12,114" hai3="115,86,64,84,98,106,123,103,31,50,120,34,63"/><U85/><E122/><V56/><F75/><W60/><G115/><T52/><D40/><U28/><E9/><V49/><F12/><W93/><G50/><N who="2" m="18953" /><F24/><N who="3" m="18791" /><G60/><T33/><D33/><U16/><E29/><V72/><F100/><W23/><G23/><T127/><D127/><N who="1" m="48715" /><E16/><V107/><F107/><W36/><G36/><T27/><D27/><N who="1" m="18847" /><E96/><V73/><F73/><W118/><G118/><T15/><D10/><U32/><E32/><V83/><F72/><W104/><G104/><T18/><D74/><U67/><E67/><V121/><F121/><N who="3" m="46667" /><G93/><T90/><D94/><U65/><E65/><N who="2" m="39079" /><F83/><W0/><G0/><AGARI ba="0,0" hai="0,4,8,79,80,85,117,119" m="18847,48715" machi="0" ten="30,1500,0" yaku="18,1" doraHai="92" who="1" fromWho="3" sc="287,0,252,15,218,0,243,-15" /><INIT seed="5,1,0,0,2,100" ten="287,267,218,228" oya="1" hai0="125,4,3,127,75,22,11,119,57,59,109,133,72" hai1="114,88,19,96,112,106,128,30,60,39,68,79,108" hai2="111,58,121,99,132,92,67,24,54,49,103,101,117" hai3="50,34,70,63,116,23,28,126,45,47,120,27,36"/><U113/><E128/><V40/><F121/><W130/><G120/><T62/><D119/><U64/><E39/><V61/><F111/><W6/><G130/><T33/><D33/><U91/><E108/><V51/><F117/><W107/><G126/><N who="0" m="48139" /><D109/><U41/><E41/><V53/><F132/><W42/><G6/><T17/><D133/><U124/><E124/><V44/><F24/><W1/><G1/><T104/><D104/><U97/><E79/><V55/><REACH who="2" step="1"/><F103/><REACH who="2" ten="287,267,208,228" step="2"/><W38/><G116/><T131/><D131/><U14/><E30/><V102/><F102/><W118/><G118/><T122/><D122/><U35/><E35/><V84/><F84/><W13/><G107/><T12/><D75/><U48/><E106/><V7/><F7/><W80/><G80/><T77/><D72/><U66/><E113/><V46/><AGARI ba="1,1" hai="40,44,46,49,51,53,54,55,58,61,67,92,99,101" machi="46" ten="20,5200,0" yaku="1,1,0,1,7,1,8,1,53,0" doraHai="100" doraHaiUra="8" who="2" fromWho="2" sc="287,-14,267,-27,208,65,228,-14" /><INIT seed="6,0,0,3,0,133" ten="273,240,273,214" oya="2" hai0="2,37,3,14,77,75,94,9,55,82,114,86,16" hai1="126,20,40,58,74,53,50,89,116,34,24,84,121" hai2="25,135,78,8,44,39,83,68,35,27,42,85,57" hai3="119,19,59,61,23,52,15,92,70,10,98,105,130"/><V69/><F135/><W122/><G119/><T73/><D114/><U12/><E116/><V107/><F107/><W81/><G122/><T28/><D28/><U124/><E121/><V38/><F38/><W41/><G130/><T104/><D104/><U110/><E110/><V33/><F57/><W66/><G105/><T0/><D37/><U80/><E74/><V87/><F8/><W117/><G117/><T63/><D94/><N who="1" m="54567" /><E40/><V100/><F100/><W93/><G41/><T109/><D109/><U13/><E80/><V123/><F123/><W22/><G81/><T108/><D108/><U112/><E112/><V64/><F87/><W7/><G98/><T125/><D75/><U26/><E26/><V79/><F79/><W36/><G36/><T76/><D73/><U65/><E65/><V31/><F64/><W32/><G32/><T43/><D43/><U72/><E72/><V11/><F11/><W18/><G23/><T5/><D77/><U106/><E106/><V67/><F67/><W120/><G120/><T1/><D1/><U127/><E34/><V47/><F47/><W95/><REACH who="3" step="1"/><G22/><REACH who="3" ten="273,240,273,204" step="2"/><T21/><D21/><U54/><E54/><V45/><F35/><W134/><G134/><T101/><D55/><U118/><E118/><V131/><F131/><W88/><G88/><T17/><D82/><U48/><E48/><AGARI ba="0,1" hai="7,10,15,18,19,48,52,59,61,66,70,92,93,95" machi="48" ten="40,5200,0" yaku="1,1,54,1,53,1" doraHai="133" doraHaiUra="46" who="3" fromWho="1" sc="273,0,240,-52,273,0,204,62" /><INIT seed="7,0,0,3,2,67" ten="273,188,273,266" oya="3" hai0="29,116,1,11,81,60,118,119,48,75,99,112,123" hai1="17,64,94,41,21,49,45,129,113,135,25,132,47" hai2="6,91,101,82,53,3,39,32,20,56,85,46,61" hai3="7,35,90,12,52,111,54,16,59,57,24,76,2"/><W88/><G76/><T74/><D123/><U38/><E113/><V63/><F32/><W105/><G105/><T22/><D112/><U92/><E129/><V110/><F110/><W107/><G107/><T103/><D81/><U18/><E18/><V28/><F101/><W40/><G40/><T37/><D37/><U27/><E27/><N who="2" m="16487" /><F3/><W42/><G42/><T109/><D109/><U0/><E0/><V26/><F39/><W134/><G134/><T95/><D48/><U44/><E44/><V106/><F106/><W5/><G2/><T115/><D115/><U72/><E72/><V87/><F6/><N who="3" m="2059" /><G35/><T83/><D1/><U9/><E9/><V19/><F46/><W98/><G24/><T80/><D11/><U50/><E64/><V117/><F117/><W100/><G100/><T78/><D75/><U43/><REACH who="1" step="1"/><E38/><REACH who="1" ten="273,178,273,266" step="2"/><V131/><F131/><W70/><G111/><T127/><D74/><U30/><E30/><V65/><F19/><W84/><G70/><T122/><D29/><U114/><E114/><V15/><F26/><W121/><G121/><T93/><D122/><U58/><E58/><N who="2" m="35023" /><F15/><W104/><G104/><T55/><D116/><U68/><E68/><V62/><F56/><N who="3" m="21579" /><G16/><T128/><D118/><U120/><E120/><V124/><F65/><W108/><G12/><T33/><D119/><U34/><E34/><V96/><F62/><W133/><G108/><T126/><D33/><U13/><E13/><V86/><F63/><W4/><G4/><T77/><D60/><U31/><E31/><V10/><F10/><W89/><G133/><AGARI ba="0,1" hai="17,21,25,41,43,45,47,49,50,92,94,132,133,135" machi="133" ten="40,5200,0" yaku="1,1,9,1,20,1,53,0" doraHai="67" doraHaiUra="8" who="1" fromWho="3" sc="273,0,178,62,273,0,266,-52" /><INIT seed="8,0,0,3,1,120" ten="273,240,273,214" oya="0" hai0="76,42,75,66,62,15,61,129,109,40,100,92,21" hai1="108,55,68,125,26,91,84,96,57,49,38,2,41" hai2="0,70,5,123,48,35,3,133,131,20,124,43,12" hai3="132,74,73,19,130,9,50,60,78,47,25,44,67"/><T72/><D129/><U86/><E2/><V89/><F70/><W77/><G130/><T8/><D62/><U83/><E125/><V110/><F110/><W63/><G132/><T88/><D100/><U30/><E108/><V103/><F103/><W22/><G9/><T90/><D21/><U95/><E68/><V82/><F35/><W114/><G114/><T23/><D23/><U119/><E119/><V104/><F104/><W111/><G111/><T32/><D32/><U81/><E41/><V126/><F123/><W117/><G117/><T1/><D1/><U36/><E26/><V127/><F133/><W112/><G112/><T31/><D31/><U85/><REACH who="1" step="1"/><E30/><REACH who="1" ten="273,230,273,214" step="2"/><V101/><F0/><W122/><G122/><T6/><D109/><U14/><E14/><V87/><F12/><W107/><G25/><T79/><D42/><U13/><E13/><V69/><F43/><W7/><G7/><T37/><D40/><U39/><AGARI ba="0,1" hai="36,38,39,49,55,57,81,83,84,85,86,91,95,96" machi="39" ten="40,2700,0" yaku="1,1,0,1,53,0" doraHai="120" doraHaiUra="106" who="1" fromWho="1" sc="273,-13,230,37,273,-7,214,-7" /><INIT seed="9,0,0,2,4,16" ten="260,267,266,207" oya="1" hai0="34,71,75,47,44,13,116,107,53,130,112,123,102" hai1="82,98,30,37,3,113,84,21,132,117,69,49,7" hai2="59,65,18,121,39,95,55,108,76,28,85,70,27" hai3="25,58,128,68,100,90,119,57,80,110,118,101,50"/><U2/><E113/><V78/><F39/><W8/><G68/><T89/><D89/><U0/><E37/><V63/><F18/><W81/><G110/><T4/><D102/><N who="3" m="39529" /><G128/><T131/><D4/><U87/><E69/><V24/><F24/><W93/><G8/><T74/><D13/><U104/><E104/><V43/><F43/><W32/><G32/><T133/><D53/><U115/><E115/><V12/><F12/><W124/><G124/><T103/><D103/><U10/><E132/><V97/><F85/><N who="3" m="52431" /><G25/><T67/><D67/><U94/><E49/><V54/><F121/><W125/><G125/><T96/><D47/><U88/><E117/><N who="3" m="44554" /><G50/><T9/><D116/><U42/><E42/><V129/><F129/><W41/><G41/><T51/><D130/><U114/><E114/><V22/><F108/><W23/><G23/><T122/><D112/><U105/><E21/><V109/><F109/><W106/><G106/><T33/><D51/><U45/><E105/><V73/><F70/><W83/><AGARI ba="0,0" hai="57,58,80,81,83" m="44554,52431,39529" machi="83" ten="40,2700,0" yaku="16,1,12,1" doraHai="16" who="3" fromWho="3" sc="260,-7,267,-13,266,-7,207,27" /><INIT seed="10,0,0,4,1,71" ten="253,254,259,234" oya="2" hai0="26,126,24,31,16,46,109,100,135,3,60,97,95" hai1="12,2,63,11,28,64,62,36,66,114,68,38,61" hai2="80,43,15,99,93,53,90,74,103,86,41,54,124" hai3="4,76,125,30,7,45,33,106,17,129,21,117,89"/><V47/><F124/><W44/><G106/><T83/><D109/><U18/><E114/><V5/><F74/><W91/><G117/><T96/><D3/><U85/><E28/><V121/><F121/><W49/><G129/><T75/><D126/><U69/><E2/><V10/><REACH who="2" step="1"/><F43/><REACH who="2" ten="253,254,249,234" step="2"/><N who="3" m="24735" /><G125/><T57/><D75/><U77/><E63/><V92/><F92/><W113/><G113/><T127/><D127/><U115/><E115/><V131/><F131/><W116/><G116/><T58/><D60/><U101/><E101/><V0/><F0/><W14/><G33/><T105/><D135/><U104/><E104/><V20/><F20/><N who="3" m="11319" /><G76/><T42/><D95/><U118/><E118/><V84/><F84/><W134/><G134/><T50/><D83/><AGARI ba="0,1" hai="11,12,18,36,38,61,62,64,66,68,69,77,83,85" machi="83" ten="40,5200,0" yaku="9,1,52,2" doraHai="71" who="1" fromWho="0" sc="253,-52,254,62,249,0,234,0" owari="201,-30.0,316,42.0,249,5.0,234,-17.0" /></mjloggm>