<mjloggm ver="2.3"><GO type="169" lobby="0"/><UN n0="%4D%75%72%70%68%79" n1="%E3%82%A6%E3%83%AB%E3%83%88%E3%83%A9%E7%AB%8B%E7%9B%B4" n2="%E3%81%82%E3%81%A3%E3%81%8D%E3%83%BC%E3%81%AB%E3%82%83%E3%82%93" n3="%E7%94%9F%E8%82%89%E3%81%A7%E3%81%99%E3%82%88" dan="17,16,16,16" rate="2173.01,2086.64,2021.70,2120.51" sx="M,M,M,M"/><TAIKYOKU oya="0"/><INIT seed="0,0,0,4,1,51" ten="250,250,250,250" oya="0" hai0="128,3,2,44,115,94,47,52,79,87,31,48,100" hai1="29,98,103,107,119,71,56,38,105,61,37,7,15" hai2="50,62,112,117,53,58,43,99,9,30,59,19,69" hai3="97,95,101,60,54,11,18,126,32,68,120,106,17"/><T109/><D115/><U110/><E119/><V27/><F117/><W40/><G120/><T88/><D128/><U133/><E110/><V124/><F112/><W77/><G126/><T131/><D131/><U108/><E108/><V0/><F69/><W20/><G32/><T75/><D109/><U90/><E133/><V113/><F113/><W14/><G40/><T5/><D31/><U46/><E71/><V78/><F124/><W12/><G77/><T64/><D64/><U123/><E123/><V74/><F43/><W125/><G125/><T76/><D5/><U39/><E90/><V70/><F70/><W85/><G68/><T13/><D13/><U89/><E89/><V93/><F78/><W92/><REACH who="3" step="1"/><G85/><REACH who="3" ten="250,250,250,240" step="2"/><T57/><D76/><U1/><E39/><V23/><F74/><W21/><G21/><T82/><REACH who="0" step="1"/><D100/><REACH who="0" ten="240,250,250,240" step="2"/><U45/><E103/><V41/><F0/><AGARI ba="0,2" hai="0,2,3,44,47,48,52,57,75,79,82,87,88,94" machi="0" ten="40,12000,1" yaku="1,1,2,1,52,1,54,2,53,0" doraHai="51" doraHaiUra="121" who="0" fromWho="2" sc="240,140,250,0,250,-120,240,0" /><INIT seed="0,1,0,1,3,29" ten="380,250,130,240" oya="0" hai0="39,106,33,17,43,31,6,8,5,55,99,103,86" hai1="129,123,97,40,10,66,105,70,57,93,82,127,109" hai2="87,2,125,110,30,96,88,58,1,80,67,11,7" hai3="79,37,9,94,76,71,131,75,12,118,81,73,120"/><T60/><D39/><U49/><E105/><V56/><F110/><W24/><G120/><T20/><D43/><U64/><E123/><V74/><F125/><W45/><G118/><T91/><D31/><U26/><E109/><V38/><F38/><W28/><G131/><T44/><D33/><U101/><E129/><V61/><F30/><W102/><G71/><T84/><D84/><U89/><E127/><V19/><F74/><W35/><G37/><T132/><D132/><U77/><E70/><V113/><F113/><W92/><G102/><T116/><D116/><U13/><E26/><V135/><F135/><W98/><G98/><T85/><D85/><N who="1" m="48335" /><E89/><V21/><F96/><W115/><G115/><T36/><D36/><U107/><E107/><V16/><F1/><W124/><G124/><T4/><D60/><U15/><E15/><V117/><F117/><W78/><G45/><T27/><D44/><N who="1" m="25735" /><E57/><V65/><REACH who="2" step="1"/><F21/><REACH who="2" ten="380,250,120,240" step="2"/><W34/><G34/><T53/><REACH who="0" step="1"/><D8/><REACH who="0" ten="370,250,120,240" step="2"/><U48/><E48/><V62/><AGARI ba="1,2" hai="2,7,11,16,19,56,58,61,62,65,67,80,87,88" machi="62" ten="30,16000,3" yaku="1,1,2,1,0,1,9,1,54,2,53,2" doraHai="29" doraHaiUra="59" who="2" fromWho="2" sc="370,-81,250,-41,120,183,240,-41" /><INIT seed="1,0,0,3,1,104" ten="289,209,303,199" oya="1" hai0="51,1,55,110,48,85,99,130,19,84,7,129,75" hai1="35,134,128,56,26,123,30,131,40,112,120,125,70" hai2="50,89,57,25,97,74,98,94,41,13,54,73,78" hai3="61,44,108,64,20,119,9,32,82,38,100,58,77"/><U79/><E70/><V28/><F41/><W0/><G32/><T43/><D110/><U2/><E40/><V46/><F78/><W68/><G108/><T117/><D117/><U103/><E103/><V24/><F24/><W114/><G114/><T66/><D66/><U14/><E56/><V81/><F81/><W83/><G119/><T86/><D19/><U29/><E79/><V93/><F13/><W12/><G83/><T118/><D118/><U95/><E95/><V10/><F10/><W107/><G20/><T91/><D7/><U8/><E112/><V59/><F59/><W15/><G68/><T4/><D4/><N who="1" m="1047" /><E125/><V113/><F113/><W135/><G38/><T16/><D1/><U31/><E14/><V92/><F92/><W11/><G0/><T122/><D122/><N who="1" m="46635" /><E134/><V63/><F57/><W126/><G135/><T5/><D91/><U39/><E39/><V90/><F63/><W45/><G126/><T22/><D99/><U71/><E71/><V116/><F116/><W33/><G107/><T87/><D87/><U101/><E101/><V52/><F54/><W111/><G100/><T76/><D43/><U133/><E133/><V21/><AGARI ba="0,0" hai="21,25,28,46,50,52,73,74,89,90,93,94,97,98" machi="21" ten="20,12000,2" yaku="0,1,7,1,9,1,52,2,54,1" doraHai="104" who="2" fromWho="2" sc="289,-30,209,-60,303,120,199,-30" /><INIT seed="2,0,0,3,0,40" ten="259,149,423,169" oya="2" hai0="41,124,4,21,61,23,112,109,129,70,65,62,126" hai1="30,17,6,56,78,67,20,26,86,58,93,64,120" hai2="88,87,34,53,32,135,60,76,119,118,24,83,10" hai3="125,35,16,50,123,108,122,121,8,102,55,7,84"/><V91/><F135/><W9/><G35/><T74/><D112/><U100/><E120/><V105/><F105/><W38/><G38/><T132/><D74/><U111/><E111/><V1/><F34/><W48/><G108/><T43/><D109/><U106/><E106/><V42/><F42/><N who="0" m="15882" /><D132/><U130/><E130/><V57/><F91/><W97/><G125/><N who="0" m="48235" /><D129/><U36/><E36/><V44/><F44/><W99/><G84/><T11/><D62/><U101/><E6/><V59/><F59/><W45/><G50/><T52/><D52/><U66/><E58/><V29/><REACH who="2" step="1"/><F76/><REACH who="2" ten="259,149,413,169" step="2"/><W131/><G131/><T133/><D133/><U73/><E56/><V77/><F77/><W28/><G102/><T49/><D49/><U81/><E101/><V15/><F15/><AGARI ba="0,1" hai="4,11,15,21,23,61,65,70" m="48235,15882" machi="15" ten="30,1000,0" yaku="18,1" doraHai="40" who="0" fromWho="2" sc="259,20,149,0,413,-10,169,0" /><INIT seed="3,0,0,0,2,72" ten="279,149,403,169" oya="3" hai0="58,127,3,134,44,5,120,9,132,86,19,20,67" hai1="74,78,100,52,108,126,101,92,43,29,4,17,106" hai2="68,122,8,61,48,59,96,98,75,62,6,66,107" hai3="97,12,23,129,30,90,99,80,133,49,76,94,69"/><W7/><G69/><T71/><D71/><U121/><E29/><V45/><F107/><W39/><G39/><T104/><D104/><U35/><E35/><V82/><F122/><W131/><G133/><N who="0" m="51307" /><D120/><U10/><E17/><V93/><F93/><W33/><G33/><T37/><D127/><U34/><E34/><V103/><F103/><N who="1" m="39497" /><E52/><V24/><F82/><W88/><G49/><T51/><D37/><U116/><E10/><V36/><F75/><W15/><G7/><T18/><D20/><U64/><E64/><V57/><F24/><N who="3" m="16671" /><G90/><T55/><D86/><U2/><E4/><V73/><F73/><N who="3" m="43023" /><G99/><T89/><D89/><U119/><E2/><V21/><F36/><W117/><G117/><N who="1" m="45130" /><E43/><V125/><F21/><W115/><G115/><T60/><AGARI ba="0,0" hai="3,5,9,18,19,44,51,55,58,60,67" m="51307" machi="60" ten="30,1100,0" yaku="20,1" doraHai="72" who="0" fromWho="0" sc="279,11,149,-3,403,-3,169,-5" /><INIT seed="4,0,0,5,1,4" ten="290,146,400,164" oya="0" hai0="71,75,39,66,74,17,117,62,103,109,93,115,99" hai1="55,82,84,79,119,37,68,108,24,9,8,83,102" hai2="76,105,49,85,6,33,22,44,87,15,73,70,107" hai3="133,10,36,98,50,25,122,67,34,118,23,12,0"/><T28/><D117/><U88/><E119/><V11/><F70/><W29/><G118/><T96/><D39/><U21/><E68/><V54/><F33/><W123/><G36/><T51/><D115/><U7/><E108/><V64/><F64/><W81/><G133/><T127/><D109/><U27/><E37/><V41/><F73/><W130/><G130/><T92/><D127/><U20/><E102/><V47/><F22/><W16/><G67/><T134/><D134/><U42/><E42/><V104/><REACH who="2" step="1"/><F76/><REACH who="2" ten="290,146,390,164" step="2"/><W46/><G34/><T43/><D75/><U5/><E79/><V131/><F131/><W135/><G135/><T59/><D74/><U80/><E21/><V97/><F97/><W124/><G124/><T86/><D71/><U31/><E27/><V13/><F13/><W48/><G0/><T35/><D35/><U128/><E128/><V45/><F45/><W32/><G32/><T78/><D78/><U52/><E80/><V77/><F77/><W125/><G125/><T72/><D72/><U132/><E82/><V14/><F14/><W38/><G81/><T111/><D111/><U1/><E132/><V60/><F60/><W110/><G110/><T106/><D96/><U113/><E113/><V100/><F100/><W89/><G98/><T94/><D99/><U56/><E56/><V30/><F30/><W116/><G116/><T95/><D28/><U101/><E101/><V63/><F63/><W18/><G29/><T120/><D103/><U129/><E129/><V69/><F69/><W2/><G2/><AGARI ba="0,1" hai="1,2,5,7,8,9,20,24,31,52,55,83,84,88" machi="2" ten="30,12000,2" yaku="7,1,9,1,52,2,54,2" doraHai="4" who="1" fromWho="3" sc="290,0,146,130,390,0,164,-120" /><INIT seed="5,0,0,3,2,117" ten="290,276,390,44" oya="1" hai0="104,78,38,12,129,90,99,35,61,1,13,134,7" hai1="101,94,51,93,48,31,49,91,71,82,17,62,16" hai2="73,14,116,130,88,39,47,77,2,52,107,70,87" hai3="37,63,59,32,89,44,29,8,123,92,100,65,135"/><U66/><E31/><V3/><F107/><W68/><G135/><T9/><D38/><U119/><E119/><V110/><F70/><W24/><G100/><T34/><D78/><U106/><E106/><V113/><F116/><W96/><G8/><T27/><D90/><U45/><E45/><V60/><F110/><W41/><REACH who="3" step="1"/><G68/><REACH who="3" ten="290,276,390,34" step="2"/><T22/><D134/><U84/><E101/><V131/><F130/><W95/><G95/><T4/><D129/><U128/><E128/><V112/><F131/><W6/><G6/><T97/><D104/><U19/><AGARI ba="0,1" hai="16,17,19,48,49,51,62,66,71,82,84,91,93,94" machi="19" ten="30,3000,0" yaku="0,1,54,1" doraHai="117" who="1" fromWho="1" sc="290,-10,276,40,390,-10,34,-10" /><INIT seed="5,1,0,0,2,37" ten="280,316,380,24" oya="1" hai0="64,126,106,27,65,40,116,81,132,1,68,21,52" hai1="96,113,125,17,32,109,91,77,112,87,4,0,103" hai2="62,23,76,101,74,75,2,97,110,50,84,28,59" hai3="22,108,73,70,54,78,88,36,111,63,133,105,71"/><U135/><E32/><V121/><F2/><W82/><G133/><T72/><D116/><U118/><E4/><V15/><F121/><W122/><G122/><T93/><D106/><N who="1" m="63847" /><E17/><V127/><F110/><W102/><G36/><T123/><D1/><U41/><E41/><V117/><F117/><W26/><G71/><T39/><D123/><U13/><E13/><V25/><F127/><W83/><G102/><T107/><D107/><U42/><E42/><V38/><F38/><W5/><G105/><T6/><D126/><U134/><E0/><V92/><F50/><W8/><G70/><T7/><D7/><U20/><E20/><V47/><F47/><W51/><G63/><T3/><D3/><U128/><E118/><V12/><F74/><W14/><G83/><T45/><D6/><U95/><E125/><V66/><F75/><W35/><G35/><T99/><D68/><U98/><E109/><V124/><F124/><W53/><G53/><T55/><D65/><U44/><E44/><V48/><F48/><W104/><G104/><T130/><D64/><U89/><E77/><V58/><F58/><W46/><REACH who="3" step="1"/><G88/><REACH who="3" ten="280,316,380,14" step="2"/><N who="0" m="55719" /><D55/><U34/><E34/><V31/><F31/><AGARI ba="1,1" hai="5,8,14,22,26,31,46,51,54,73,78,82,108,111" machi="31" ten="30,2000,0" yaku="1,1,7,1,53,0" doraHai="37" doraHaiUra="67" who="3" fromWho="2" sc="280,0,316,0,380,-23,14,33" /><INIT seed="6,0,0,0,4,72" ten="280,316,357,47" oya="2" hai0="42,0,73,112,129,51,82,77,25,5,111,7,116" hai1="68,57,39,10,2,63,4,46,9,1,121,59,38" hai2="90,131,67,50,85,109,75,19,84,70,126,132,23" hai3="49,24,64,26,107,125,130,105,62,52,48,69,12"/><V45/><F75/><W54/><G125/><T31/><D111/><U114/><E114/><V94/><F109/><W122/><G122/><T91/><D112/><U86/><E121/><V8/><F126/><W92/><G130/><T32/><D129/><U108/><E108/><V117/><F117/><W20/><G12/><T127/><D127/><U36/><E86/><V13/><F131/><W78/><G92/><T113/><D113/><U93/><E93/><V103/><F132/><W41/><G41/><T74/><D116/><U6/><REACH who="1" step="1"/><E46/><REACH who="1" ten="280,306,357,47" step="2"/><V97/><F84/><W29/><G105/><T17/><D73/><U14/><E14/><V128/><F128/><W76/><G107/><T123/><D123/><U40/><E40/><V133/><F133/><W30/><G54/><T135/><D135/><U71/><E71/><V43/><F70/><W21/><G49/><T11/><D42/><U33/><E33/><V61/><F67/><AGARI ba="0,1" hai="1,2,4,6,9,10,36,38,39,57,59,63,67,68" machi="67" ten="40,8000,1" yaku="1,1,9,1,53,2" doraHai="72" doraHaiUra="3" who="1" fromWho="2" sc="280,0,306,90,357,-80,47,0" /><INIT seed="7,0,0,4,5,6" ten="280,396,277,47" oya="3" hai0="66,23,90,98,104,39,84,42,25,97,105,107,28" hai1="41,31,78,118,55,91,69,72,57,94,101,65,121" hai2="135,4,9,115,86,54,70,79,126,92,64,89,35" hai3="37,45,88,17,130,113,0,50,53,110,47,128,29"/><W99/><G113/><T38/><D66/><U103/><E31/><V87/><F35/><W111/><G0/><T2/><D2/><U33/><E33/><V24/><F115/><W73/><G73/><T32/><D32/><U26/><E26/><V49/><F126/><W77/><G77/><T127/><D127/><U16/><E16/><V51/><F135/><W132/><G132/><T133/><D133/><U10/><E91/><V46/><F70/><W106/><G29/><T8/><D8/><U40/><E10/><V125/><F64/><W44/><G17/><T109/><D109/><N who="3" m="41481" /><G106/><T14/><D14/><U102/><E78/><V36/><F36/><W122/><G122/><T43/><D39/><U82/><E69/><V108/><F125/><W134/><G134/><T7/><D7/><U124/><E124/><V20/><F108/><W62/><G62/><T75/><D75/><U80/><E72/><V1/><F49/><W3/><G3/><T34/><D34/><U95/><E65/><V11/><F79/><W120/><G120/><T74/><D74/><U117/><E121/><V27/><F9/><W112/><G112/><T63/><D63/><U21/><E21/><V123/><F123/><W131/><G37/><T58/><D38/><U12/><E118/><V71/><F71/><W59/><G88/><T83/><D105/><U15/><E117/><V81/><F20/><W100/><G100/><T116/><D116/><U52/><E103/><V76/><AGARI ba="0,0" hai="1,4,11,24,27,46,51,54,76,81,86,87,89,92" machi="76" ten="20,2700,0" yaku="0,1,7,1,52,1" doraHai="6" who="2" fromWho="2" sc="280,-7,396,-7,277,27,47,-13" owari="273,-13.0,389,50.0,304,10.0,34,-47.0" /></mjloggm>