<mjloggm ver="2.3"><GO type="169" lobby="0"/><UN n0="%5A%75%74%74%61%6B%61" n1="%6B%69%79%6F%64%61%69" n2="%4B%52%4A" n3="%E3%82%A6%E3%83%AB%E3%83%88%E3%83%A9%E7%AB%8B%E7%9B%B4" dan="16,18,16,17" rate="2107.39,2226.42,2022.46,2144.52" sx="M,M,M,M"/><TAIKYOKU oya="0"/><INIT seed="0,0,0,2,5,133" ten="250,250,250,250" oya="0" hai0="33,5,35,20,105,107,14,66,115,64,123,68,116" hai1="119,134,114,79,50,2,95,41,26,70,109,48,132" hai2="98,111,110,113,82,42,17,15,100,108,93,43,90" hai3="9,103,106,122,3,73,126,0,22,13,71,60,96"/><T7/><D115/><U40/><E2/><N who="3" m="554" /><G22/><T101/><D123/><U86/><E26/><V59/><F113/><W77/><G13/><T57/><D68/><U55/><E95/><V118/><F118/><W46/><G9/><T135/><D135/><U34/><E86/><V92/><F82/><N who="3" m="45359" /><G46/><T11/><D101/><U125/><E79/><V81/><F59/><W39/><G39/><T45/><D45/><U131/><E34/><V63/><F63/><W97/><G97/><T87/><D87/><U28/><E28/><V29/><F29/><W74/><G74/><T69/><D69/><U120/><E70/><V52/><F52/><W61/><G61/><T18/><D20/><U51/><E55/><V16/><F81/><W84/><G84/><T4/><D116/><U12/><E12/><V75/><F75/><W72/><G72/><T127/><D57/><U76/><E76/><V25/><F25/><W80/><G80/><T32/><D107/><U117/><E51/><V65/><F17/><W62/><G62/><T129/><D105/><U124/><E114/><V10/><F65/><N who="3" m="41383" /><G122/><T21/><D11/><U58/><E58/><V130/><F130/><W1/><N who="3" m="562" /><W83/><DORA hai="37" /><G83/><T54/><D129/><U89/><E131/><V8/><F8/><W36/><G36/><T19/><D19/><U67/><E120/><V27/><F27/><W49/><G49/><T23/><D54/><U78/><E78/><V53/><F53/><W24/><G24/><T38/><D38/><U56/><E56/><V99/><AGARI ba="0,0" hai="10,15,16,42,43,90,92,93,98,99,100,108,110,111" machi="99" ten="40,8000,1" yaku="0,1,14,1,52,2,54,1" doraHai="133,37" who="2" fromWho="2" sc="250,-40,250,-20,250,80,250,-20" /><INIT seed="1,0,0,3,4,31" ten="210,230,330,230" oya="1" hai0="91,20,55,13,57,84,24,0,54,114,70,48,77" hai1="128,66,85,7,11,64,97,103,35,47,73,63,119" hai2="80,43,1,67,98,33,18,106,34,92,61,87,58" hai3="130,78,46,90,60,102,89,51,42,38,15,115,72"/><U107/><E66/><V39/><F106/><W12/><G115/><T2/><D114/><U129/><E73/><V10/><F39/><W100/><G130/><T8/><D70/><U49/><E85/><V82/><F43/><W127/><G127/><T71/><D71/><U9/><E119/><V50/><F50/><W29/><G72/><T83/><D24/><U17/><E17/><V125/><F125/><W88/><G78/><T6/><D20/><U22/><E22/><V134/><F134/><W96/><G38/><T123/><D123/><U111/><E111/><V68/><F68/><W74/><G74/><T21/><D21/><U4/><E35/><V23/><F1/><W118/><G118/><T121/><D121/><U133/><E133/><V36/><F36/><W109/><G109/><T105/><D105/><U113/><E113/><V30/><F10/><N who="1" m="3593" /><E63/><V101/><F30/><W26/><G60/><T79/><D0/><U44/><E64/><V14/><REACH who="2" step="1"/><F80/><REACH who="2" ten="210,230,320,230" step="2"/><W52/><G42/><T122/><D2/><U99/><E49/><V86/><F86/><W124/><G124/><T117/><D117/><U5/><E99/><V81/><F81/><W27/><G96/><T40/><D40/><U3/><E3/><V25/><F25/><N who="3" m="9227" /><G29/><T95/><D122/><U19/><E19/><V110/><F110/><W132/><G132/><T75/><D75/><U108/><E108/><V93/><F93/><W56/><G46/><N who="1" m="17450" /><E129/><V41/><F41/><W126/><G126/><T135/><D135/><U76/><E128/><V45/><F45/><W53/><G51/><N who="0" m="30943" /><D83/><U94/><E107/><RYUUKYOKU ba="0,1" sc="210,10,230,10,320,10,230,-30" hai0="6,8,13,48,55,77,79,84,91,95" hai1="4,5,7,76,94,97,103" hai2="14,18,23,33,34,58,61,67,82,87,92,98,101" /><INIT seed="1,1,1,4,3,121" ten="220,240,330,200" oya="1" hai0="127,5,98,9,84,103,130,19,76,113,125,12,29" hai1="49,116,65,117,50,86,83,47,58,31,104,22,105" hai2="13,8,32,99,87,133,70,88,14,107,37,129,30" hai3="64,33,95,41,108,106,80,18,3,60,44,25,73"/><U119/><E50/><V11/><F70/><N who="3" m="42247" /><G95/><T72/><D72/><U122/><E122/><V134/><F129/><W20/><G18/><T118/><D118/><U24/><E58/><V82/><F37/><N who="3" m="21551" /><G20/><T74/><D74/><U27/><E65/><V62/><F62/><W126/><G106/><T38/><D38/><U0/><E0/><V135/><F30/><N who="3" m="19663" /><G3/><T131/><D29/><U39/><E27/><V78/><F32/><W69/><G69/><T1/><D1/><U91/><REACH who="1" step="1"/><E39/><REACH who="1" ten="220,230,330,200" step="2"/><V115/><F115/><W42/><G42/><AGARI ba="1,2" hai="22,24,31,42,47,49,83,86,91,104,105,116,117,119" machi="42" ten="40,7700,0" yaku="1,1,2,1,53,1" doraHai="121" doraHaiUra="21" who="1" fromWho="3" sc="220,0,230,100,330,0,200,-80" /><INIT seed="1,2,0,3,5,117" ten="220,330,330,120" oya="1" hai0="57,6,44,83,56,11,2,91,82,93,89,49,86" hai1="75,110,81,127,71,40,98,15,50,129,116,80,84" hai2="76,58,104,90,66,45,20,38,122,53,30,9,124" hai3="94,22,67,103,19,62,48,35,79,85,128,105,101"/><U95/><E71/><V18/><F76/><W3/><G35/><T88/><D83/><U78/><E15/><V61/><F104/><W102/><G3/><T92/><D82/><U87/><E50/><V39/><F124/><W111/><G105/><T123/><D123/><U70/><E40/><V26/><F122/><W1/><G1/><T23/><D23/><U36/><E70/><V121/><F121/><W74/><G128/><T28/><D28/><U4/><E4/><V34/><F90/><W109/><G74/><T41/><REACH who="0" step="1"/><D91/><REACH who="0" ten="210,330,330,120" step="2"/><N who="1" m="53759" /><E127/><V43/><F9/><W134/><G134/><T14/><D14/><U96/><E116/><V131/><F131/><W42/><G79/><T132/><D132/><U72/><E129/><V126/><F126/><W106/><G111/><T108/><D108/><U64/><E110/><V119/><F119/><W52/><G109/><T46/><D46/><U113/><E81/><V29/><F30/><W25/><G106/><T115/><D115/><U120/><E113/><V135/><F135/><W114/><G114/><T130/><D130/><U54/><E80/><V65/><F29/><W10/><G10/><T59/><D59/><U118/><E78/><V13/><F34/><W5/><G5/><T12/><D12/><U0/><E120/><V27/><F13/><W21/><G21/><T69/><D69/><U16/><E75/><V112/><F112/><W17/><G22/><T51/><D51/><U55/><E72/><V125/><F125/><W7/><G48/><T60/><D60/><U47/><E118/><V133/><F133/><W99/><G62/><RYUUKYOKU ba="2,1" sc="210,30,330,-10,330,-10,120,-10" hai0="2,6,11,41,44,49,56,57,86,88,89,92,93" /><INIT seed="2,3,1,3,4,49" ten="240,320,320,110" oya="2" hai0="28,1,50,105,3,8,113,44,31,13,131,43,11" hai1="121,48,80,5,69,88,86,2,104,38,20,46,51" hai2="93,110,37,134,129,34,0,25,128,90,15,83,9" hai3="84,98,10,120,124,112,53,73,18,82,96,71,85"/><V81/><F0/><W65/><G120/><T6/><D113/><U79/><E69/><V119/><F119/><W35/><G35/><T118/><D118/><U41/><E104/><V42/><F134/><W47/><G112/><T115/><D115/><U56/><E121/><V97/><F110/><W58/><G124/><T101/><D131/><N who="2" m="50250" /><F42/><W12/><G73/><T61/><D3/><U68/><E68/><V123/><F37/><W107/><G107/><T133/><D133/><U55/><E5/><N who="2" m="3503" /><F123/><W14/><G71/><T33/><D33/><U67/><E2/><V63/><F63/><W78/><G65/><T77/><D77/><U24/><E67/><V72/><F72/><W30/><G30/><AGARI ba="3,1" hai="25,30,34,81,83,90,93,97" m="3503,50250" machi="30" ten="30,1500,0" yaku="19,1" doraHai="49" who="2" fromWho="3" sc="240,0,320,0,320,34,110,-24" /><INIT seed="2,4,0,0,5,48" ten="240,320,354,86" oya="2" hai0="16,32,124,56,111,92,102,10,9,41,51,94,37" hai1="3,1,126,44,81,108,80,120,18,88,57,71,35" hai2="96,105,6,19,61,87,129,125,11,65,130,90,68" hai3="63,12,74,58,21,14,64,5,47,73,99,76,25"/><V39/><F125/><W77/><G74/><T7/><D32/><U78/><E71/><V132/><F132/><W84/><G73/><T119/><D37/><U98/><E35/><V69/><F39/><W54/><G99/><T121/><D121/><U31/><E31/><V2/><F68/><W45/><G45/><T107/><D107/><U85/><E126/><V95/><REACH who="2" step="1"/><F19/><REACH who="2" ten="240,320,344,86" step="2"/><W49/><G5/><T116/><D16/><U109/><E18/><V59/><F59/><W50/><G50/><T34/><D56/><U123/><E57/><V30/><F30/><N who="3" m="17711" /><G77/><T24/><D124/><U28/><E78/><V91/><F91/><W135/><G135/><T131/><D119/><U0/><E88/><V43/><F43/><W83/><AGARI ba="4,1" hai="12,14,47,49,54,58,63,64,76,83,84" m="17711" machi="83" ten="30,2000,0" yaku="8,1,52,1" doraHai="48" who="3" fromWho="3" sc="240,-9,320,-9,344,-14,86,42" /><INIT seed="3,0,0,5,2,82" ten="231,311,330,128" oya="3" hai0="19,46,80,78,52,38,62,18,94,105,48,20,126" hai1="107,98,63,67,53,69,60,30,65,59,49,39,14" hai2="34,35,32,81,68,128,0,31,21,124,135,55,73" hai3="104,3,115,99,131,44,101,37,76,87,110,1,112"/><W40/><G131/><T66/><D105/><U57/><E30/><V17/><F128/><W117/><G117/><T127/><D38/><U58/><E14/><V7/><F68/><W83/><REACH who="3" step="1"/><G110/><REACH who="3" ten="231,311,330,118" step="2"/><T36/><D127/><U72/><E72/><V91/><F124/><W24/><G24/><T129/><D126/><U106/><E106/><V12/><F73/><W64/><G64/><T45/><D129/><U4/><E107/><V42/><F135/><W61/><G61/><T120/><D62/><U25/><E25/><V9/><F34/><W70/><G70/><T10/><D66/><U43/><E69/><V109/><F35/><W100/><G100/><T5/><D120/><U111/><E111/><V29/><F32/><W2/><AGARI ba="0,1" hai="1,2,3,37,40,44,76,83,87,99,101,104,112,115" machi="2" ten="30,6000,0" yaku="1,1,0,1,52,1,53,0" doraHai="82" doraHaiUra="90" who="3" fromWho="3" sc="231,-20,311,-20,330,-20,118,70" /><INIT seed="3,1,0,2,4,22" ten="211,291,310,188" oya="3" hai0="61,80,3,86,56,83,69,67,99,2,129,42,93" hai1="33,12,51,133,119,5,40,78,77,1,97,127,92" hai2="118,34,64,73,120,135,60,130,44,52,39,89,14" hai3="27,30,101,9,88,66,114,4,20,62,104,68,128"/><W108/><G114/><T65/><D129/><U85/><E1/><V32/><F73/><W105/><G128/><T126/><D126/><U90/><E33/><V16/><F130/><W0/><G101/><T53/><D42/><U23/><E133/><V106/><F135/><W84/><REACH who="3" step="1"/><G108/><REACH who="3" ten="211,291,310,178" step="2"/><T36/><D36/><U8/><E127/><V96/><F39/><W111/><G111/><T26/><D3/><U134/><E134/><V71/><F120/><W29/><G29/><T10/><D2/><U100/><E119/><V24/><F118/><W122/><G122/><T18/><D69/><U87/><E100/><V49/><F71/><W121/><G121/><T82/><D86/><U13/><E87/><V94/><F96/><W6/><G6/><T57/><D18/><N who="1" m="10703" /><E85/><V28/><F16/><W81/><AGARI ba="1,1" hai="0,4,9,20,27,30,62,66,68,81,84,88,104,105" machi="81" ten="20,18000,2" yaku="1,1,0,1,7,1,52,1,54,1,53,1" doraHai="22" doraHaiUra="19" who="3" fromWho="3" sc="211,-61,291,-61,310,-61,178,193" /><INIT seed="3,2,0,0,1,71" ten="150,230,249,371" oya="3" hai0="100,65,64,101,117,47,68,44,133,107,34,82,104" hai1="75,29,127,102,13,78,18,94,6,110,113,122,25" hai2="95,85,17,50,126,66,132,21,60,108,51,36,31" hai3="3,23,74,57,76,77,33,89,128,37,22,24,109"/><W86/><G3/><T0/><D0/><U58/><E113/><V92/><F126/><W41/><G128/><T98/><D34/><U114/><E114/><V46/><F31/><W5/><G5/><T56/><D68/><U83/><E110/><V8/><F108/><W62/><G109/><T16/><D133/><U45/><E6/><V115/><F115/><W119/><G119/><T97/><D82/><U96/><E58/><V72/><F72/><W38/><G33/><T48/><D117/><U112/><E112/><V9/><F132/><W63/><G74/><T2/><D2/><U20/><E45/><V15/><F36/><W105/><G105/><T87/><D87/><U40/><E40/><V121/><F121/><W55/><G23/><T7/><D7/><U80/><E80/><V39/><F39/><W4/><G4/><T116/><D116/><U81/><E81/><V91/><F92/><W130/><G130/><T79/><D79/><U69/><E69/><V1/><F1/><W12/><G12/><T123/><D123/><U118/><E118/><V10/><REACH who="2" step="1"/><F46/><REACH who="2" ten="150,230,239,371" step="2"/><W131/><G38/><T90/><D47/><U111/><E111/><V120/><F120/><W73/><G73/><T93/><D44/><U70/><E122/><V43/><F43/><W134/><G41/><T106/><D106/><U67/><E127/><V124/><F124/><W11/><G37/><T26/><D107/><U84/><E75/><V99/><F99/><W61/><G134/><T54/><D101/><U14/><E29/><V19/><F19/><N who="3" m="12383" /><G131/><T52/><D104/><U88/><E102/><RYUUKYOKU ba="2,1" sc="150,-15,230,15,239,15,371,-15" hai1="13,14,18,20,25,67,70,78,83,84,88,94,96" hai2="8,9,10,15,17,21,50,51,60,66,85,91,95" /><INIT seed="4,3,1,4,5,49" ten="135,245,254,356" oya="0" hai0="4,37,39,98,71,48,29,17,96,99,93,15,59" hai1="84,128,1,14,103,133,86,26,43,116,68,76,46" hai2="74,18,8,51,73,121,60,31,89,129,25,52,109" hai3="12,81,113,66,88,107,85,53,56,45,135,124,55"/><T82/><D71/><U127/><E68/><V102/><F121/><W87/><G107/><T79/><D4/><U47/><E1/><V28/><F109/><W38/><G38/><T33/><D93/><U112/><E103/><V35/><F102/><W132/><G113/><T126/><D126/><U41/><E128/><V130/><F31/><W40/><G124/><T54/><D33/><U30/><E133/><V77/><F89/><W105/><G105/><T94/><D29/><U65/><E65/><V117/><F117/><W13/><G87/><T7/><D7/><U23/><E76/><V119/><F119/><W101/><G101/><T97/><N who="0" m="24576" /><DORA hai="91" /><T134/><D94/><U34/><E112/><V50/><F60/><W63/><G40/><T90/><D90/><U123/><E123/><V70/><F70/><W0/><G0/><T22/><REACH who="0" step="1"/><D134/><REACH who="0" ten="125,245,254,356" step="2"/><U115/><E127/><V72/><F130/><W118/><G135/><T57/><D57/><U106/><E106/><V110/><F129/><W64/><G132/><T6/><D6/><U83/><E116/><V9/><F28/><W62/><G118/><T32/><D32/><U27/><E115/><V19/><F35/><W100/><G100/><T10/><D10/><U78/><E34/><V36/><F8/><W24/><G56/><T67/><D67/><U58/><E58/><V95/><F9/><W42/><G66/><T44/><D44/><U69/><E69/><V92/><F95/><W120/><G64/><T80/><D80/><U108/><E30/><V21/><F92/><N who="3" m="54287" /><G45/><N who="1" m="16906" /><E83/><V5/><F5/><W122/><G81/><RYUUKYOKU ba="3,2" sc="125,30,245,-10,254,-10,356,-10" hai0="15,17,22,37,39,48,54,59,79,82" /><INIT seed="4,4,2,2,0,120" ten="155,235,244,346" oya="0" hai0="94,65,37,35,123,25,0,114,26,11,80,79,105" hai1="23,17,66,16,2,82,70,115,74,29,24,86,21" hai2="63,20,32,30,108,39,40,10,131,50,5,102,18" hai3="19,1,76,128,125,12,113,133,97,43,134,52,57"/><T3/><D105/><U112/><E74/><V87/><F39/><W15/><G1/><T89/><D123/><U34/><E2/><N who="2" m="311" /><F102/><W64/><G43/><T84/><D37/><U9/><E9/><V135/><F63/><W59/><G76/><T121/><D121/><U81/><E66/><V98/><F98/><W95/><G125/><T77/><D114/><N who="1" m="43563" /><E70/><V85/><F108/><W72/><G72/><T69/><D79/><N who="1" m="46399" /><E82/><V51/><F40/><W90/><G113/><T27/><D35/><U119/><E119/><V99/><F99/><W28/><G64/><T48/><D48/><U88/><E88/><V92/><F92/><W53/><G95/><T62/><REACH who="0" step="1"/><D11/><REACH who="0" ten="145,235,244,346" step="2"/><U118/><E118/><V126/><F50/><W56/><G134/><T46/><D46/><U44/><E44/><V104/><F51/><W7/><G133/><T13/><D13/><U41/><E41/><V96/><F135/><W78/><G15/><T38/><D38/><U101/><E34/><V116/><F116/><W47/><G12/><T103/><D103/><U8/><E8/><V58/><F104/><W124/><G47/><T109/><D109/><U49/><E49/><V67/><F32/><W106/><G106/><T130/><D130/><U4/><E101/><V22/><F131/><W107/><G107/><T33/><D33/><N who="1" m="20647" /><E4/><V14/><F14/><W91/><G7/><T42/><D42/><U73/><E73/><AGARI ba="4,3" hai="0,3,25,26,27,62,65,69,73,77,80,84,89,94" machi="73" ten="40,2000,0" yaku="1,1,53,0" doraHai="120" doraHaiUra="55" who="0" fromWho="1" sc="145,62,235,-32,244,0,346,0" /><INIT seed="4,5,0,5,2,29" ten="207,203,244,346" oya="0" hai0="35,34,134,50,94,92,74,30,121,88,131,48,107" hai1="52,59,93,25,114,118,16,66,85,9,119,89,3" hai2="122,132,100,58,105,20,112,10,43,49,13,135,24" hai3="31,72,68,17,38,96,101,128,99,4,125,37,116"/><T53/><D121/><U6/><E114/><V79/><F122/><W76/><G17/><T90/><D74/><U64/><E119/><V71/><F71/><W14/><G14/><T127/><D30/><U44/><E44/><V98/><F79/><W7/><G116/><T67/><D107/><U36/><E36/><V61/><F112/><W62/><G99/><T19/><D67/><U113/><E113/><V95/><F105/><W23/><G23/><T60/><D60/><U12/><E118/><V75/><F75/><W129/><G31/><T111/><D127/><U77/><E77/><V91/><F49/><W123/><G125/><T41/><D41/><U57/><E57/><V117/><F43/><W21/><G21/><T18/><D53/><U11/><REACH who="1" step="1"/><E25/><REACH who="1" ten="207,193,244,346" step="2"/><V8/><F117/><W69/><G38/><T120/><D120/><U1/><E1/><V97/><F135/><W126/><G37/><T5/><D134/><U39/><E39/><V102/><F132/><W130/><G123/><T86/><D111/><U46/><E46/><V78/><F78/><W42/><G126/><T2/><D2/><U22/><E22/><V45/><F45/><W83/><G42/><T81/><D131/><U104/><E104/><N who="2" m="63511" /><F24/><W103/><G69/><T15/><D15/><U26/><E26/><V33/><F33/><W56/><G68/><T84/><D81/><U32/><E32/><V27/><F27/><W82/><G82/><T110/><D110/><U115/><E115/><V40/><F40/><W70/><G70/><T133/><D133/><U63/><AGARI ba="5,1" hai="3,6,9,11,12,16,52,59,63,64,66,85,89,93" machi="63" ten="20,8000,1" yaku="1,1,0,1,7,1,54,2,53,0" doraHai="29" doraHaiUra="47" who="1" fromWho="1" sc="207,-45,193,105,244,-25,346,-25" /><INIT seed="5,0,0,2,1,64" ten="162,298,219,321" oya="1" hai0="132,63,128,26,69,66,85,72,121,33,47,20,106" hai1="102,4,53,124,52,88,42,68,7,51,89,19,25" hai2="112,18,92,101,95,45,125,131,40,54,44,104,15" hai3="113,34,12,107,80,8,35,27,79,31,130,6,111"/><U41/><E68/><V134/><F125/><W120/><G107/><T61/><D72/><U81/><E102/><V87/><F134/><W119/><G120/><T129/><D132/><U29/><E124/><V83/><F131/><W58/><G111/><T118/><D118/><U77/><E19/><V71/><F71/><W10/><G130/><N who="0" m="50283" /><D33/><U37/><E37/><V100/><F104/><W82/><G113/><T50/><D106/><U123/><E123/><V103/><F112/><W1/><G119/><T14/><D63/><U17/><E17/><V67/><F67/><W133/><G133/><T28/><D14/><U127/><E127/><V99/><F54/><W46/><G46/><N who="2" m="18025" /><F40/><W13/><G58/><T117/><D117/><U110/><E77/><N who="2" m="46575" /><F95/><W90/><G35/><T5/><D85/><U109/><E25/><V93/><F93/><W36/><G1/><T55/><D5/><U86/><E86/><V73/><F73/><W94/><G36/><T84/><D84/><U57/><E81/><V91/><F91/><W49/><G90/><T135/><D135/><U38/><E38/><V2/><F2/><W122/><G94/><T108/><D121/><U115/><E115/><V11/><AGARI ba="0,0" hai="11,15,18,92,99,100,101,103" m="46575,18025" machi="11" ten="30,1100,0" yaku="8,1" doraHai="64" who="2" fromWho="2" sc="162,-3,298,-5,219,11,321,-3" /><INIT seed="6,0,0,0,2,7" ten="159,293,230,318" oya="2" hai0="27,4,14,48,46,40,78,91,127,88,81,71,68" hai1="119,9,5,96,36,113,61,0,97,134,17,79,123" hai2="21,99,111,117,86,47,132,77,37,11,129,43,67" hai3="13,87,93,58,55,60,16,49,24,130,116,35,82"/><V103/><F117/><W26/><G35/><T128/><D127/><U125/><E36/><V124/><F124/><W39/><G39/><T33/><D128/><U6/><E119/><V25/><F129/><W92/><G130/><T56/><D71/><U89/><E79/><V122/><F122/><W94/><G60/><T74/><D68/><U126/><E6/><V95/><F132/><W64/><G64/><T98/><D98/><U42/><E42/><V112/><F112/><W110/><G110/><T105/><D105/><U70/><E97/><V102/><F102/><W54/><G54/><T114/><D114/><U73/><E73/><V101/><F101/><W15/><G15/><T75/><D75/><U30/><E30/><V38/><F67/><W133/><G133/><T10/><D33/><U107/><E123/><V31/><F111/><W20/><REACH who="3" step="1"/><G116/><REACH who="3" ten="159,293,230,308" step="2"/><T69/><D69/><U72/><E70/><V3/><F38/><W51/><G51/><T45/><D27/><U76/><E61/><V131/><F131/><W34/><G34/><T109/><D109/><U57/><E134/><V85/><F37/><W29/><G29/><T115/><D115/><U80/><E113/><V120/><F120/><W104/><G104/><T63/><D46/><U52/><E107/><V19/><F47/><W53/><G53/><AGARI ba="0,1" hai="4,10,14,40,45,48,53,56,63,74,78,81,88,91" machi="53" ten="30,3900,0" yaku="7,1,52,1,54,1" doraHai="7" who="0" fromWho="3" sc="159,49,293,0,230,0,308,-39" /><INIT seed="7,0,0,5,1,106" ten="208,293,230,269" oya="3" hai0="3,133,24,99,82,45,2,108,103,114,102,118,31" hai1="18,83,11,81,80,75,50,6,57,72,53,95,110" hai2="77,74,64,58,73,130,59,129,49,51,13,120,36" hai3="63,14,10,16,128,32,107,44,122,28,76,131,91"/><W55/><G107/><T26/><D118/><U61/><E110/><V121/><F13/><W111/><G122/><N who="2" m="47209" /><F77/><W20/><G32/><T27/><D108/><U40/><E18/><V132/><F36/><W25/><G111/><T65/><D31/><U117/><E117/><V93/><F93/><W62/><G76/><T23/><D23/><U1/><E95/><V66/><F132/><W101/><G101/><N who="0" m="38411" /><D99/><U85/><E85/><V96/><F96/><W4/><G91/><T86/><D65/><N who="2" m="25194" /><F59/><W29/><G62/><T56/><D56/><U12/><E1/><N who="0" m="9" /><D45/><U33/><E33/><V9/><F9/><W119/><G119/><T70/><D70/><U67/><REACH who="1" step="1"/><E40/><REACH who="1" ten="208,283,230,269" step="2"/><V60/><F74/><W34/><G34/><T87/><D82/><U100/><E100/><V7/><F73/><W123/><G123/><T48/><D133/><U19/><E19/><V54/><F7/><W0/><G4/><T89/><D89/><U47/><AGARI ba="0,1" hai="6,11,12,47,50,53,57,61,67,72,75,80,81,83" machi="47" ten="30,7900,0" yaku="1,1,0,1,52,2,53,0" doraHai="106" doraHaiUra="68" who="1" fromWho="1" sc="208,-20,283,89,230,-20,269,-39" owari="188,-31.0,372,47.0,210,-19.0,230,3.0" /></mjloggm>