<mjloggm ver="2.3"><GO type="97" lobby="0"/><UN n0="%E3%82%B7%E3%82%BB%E3%81%8A%E3%81%98" n1="%E5%B0%B1%E6%B4%BB%E7%94%9F%40%E5%B7%9D%E6%9D%91%E8%BB%8D%E5%9B%A3" n2="%31%33%36%30" n3="%6E%65%77%6C%65%66%74" dan="14,16,14,13" rate="1916.69,2135.00,1984.01,1953.29" sx="M,M,M,M"/><TAIKYOKU oya="0"/><INIT seed="0,0,0,0,1,94" ten="250,250,250,250" oya="0" hai0="107,110,51,40,16,3,54,22,49,15,2,118,76" hai1="41,43,12,123,68,62,39,53,75,14,42,37,70" hai2="97,82,35,57,106,10,87,52,60,19,5,105,81" hai3="108,125,133,78,98,122,89,30,29,20,84,73,69"/><T34/><D118/><U8/><E75/><V4/><F35/><W18/><G69/><N who="1" m="26730" /><E8/><V83/><F106/><W6/><G133/><T1/><D34/><U59/><E14/><V26/><F87/><W96/><G108/><T100/><D110/><U135/><E12/><N who="2" m="7575" /><F26/><W56/><G125/><T25/><D76/><U128/><E123/><V13/><F105/><W11/><G122/><T103/><D107/><U127/><E127/><V90/><F13/><N who="3" m="5367" /><G78/><T67/><D67/><N who="1" m="39391" /><E135/><V38/><F38/><N who="1" m="14345" /><E128/><V113/><F113/><W117/><G73/><T95/><D95/><AGARI ba="0,0" hai="4,5,52,57,60,81,82,83,90,95,97" m="7575" machi="95" ten="30,3900,0" yaku="8,1,52,1,54,1" doraHai="94" who="2" fromWho="0" sc="250,-39,250,0,250,39,250,0" /><INIT seed="1,0,0,5,4,54" ten="211,250,289,250" oya="1" hai0="97,15,110,62,115,46,118,49,82,126,102,2,119" hai1="36,99,37,84,45,69,56,134,123,75,80,44,33" hai2="55,50,9,61,92,24,52,25,1,60,88,112,95" hai3="0,86,39,108,21,32,83,66,105,5,125,131,38"/><U128/><E75/><V51/><F1/><W98/><G32/><T73/><D115/><U48/><E69/><V6/><F112/><W16/><G125/><T116/><D2/><U129/><E33/><V107/><F107/><W14/><G131/><T43/><D126/><U30/><E123/><V89/><F9/><W91/><G108/><T41/><D110/><U117/><E117/><V109/><F109/><W64/><G5/><AGARI ba="0,0" hai="5,6,24,25,50,51,52,55,60,61,88,89,92,95" machi="5" ten="25,8000,1" yaku="22,2,8,1,54,2" doraHai="54" who="2" fromWho="3" sc="211,0,250,0,289,80,250,-80" /><INIT seed="2,0,0,4,2,0" ten="211,250,369,170" oya="2" hai0="92,81,102,30,66,68,83,34,28,38,132,122,65" hai1="18,76,37,48,109,42,88,135,44,74,47,127,25" hai2="10,29,19,80,31,111,15,94,27,9,73,1,103" hai3="118,91,63,11,134,17,96,98,8,112,86,69,60"/><V99/><F111/><W56/><G118/><T64/><D122/><U70/><E70/><V90/><F73/><W36/><G36/><T3/><D38/><U43/><E109/><V39/><F39/><W107/><G134/><T124/><D68/><U84/><E127/><V115/><F115/><W4/><G112/><T113/><D113/><U116/><E116/><V79/><F79/><W104/><G69/><T105/><D105/><U5/><E135/><V114/><F114/><W82/><G17/><T54/><D124/><U13/><E74/><V72/><F72/><W87/><G56/><T62/><D132/><U108/><E76/><V78/><F78/><W110/><G110/><T133/><D133/><U12/><E108/><V97/><F80/><W126/><G126/><T67/><D3/><U33/><E5/><V131/><F131/><W55/><G55/><T120/><D120/><U51/><E37/><V117/><F117/><W128/><G128/><T2/><D2/><U58/><E58/><V16/><F27/><W125/><G125/><T95/><D34/><U57/><E57/><V35/><F35/><W20/><G20/><T100/><D54/><U52/><E42/><V50/><F50/><W6/><G82/><N who="0" m="31243" /><D67/><U22/><E33/><V45/><F45/><W59/><G59/><T106/><D62/><U41/><E41/><V93/><F1/><W85/><REACH who="3" step="1"/><G85/><REACH who="3" ten="211,250,369,160" step="2"/><T7/><D66/><U49/><E49/><V46/><F46/><W75/><G75/><T119/><D119/><U23/><E22/><V53/><F53/><W130/><G130/><T89/><D65/><RYUUKYOKU ba="0,1" sc="211,-30,250,10,369,10,160,10" hai1="12,13,18,23,25,43,44,47,48,51,52,84,88" hai2="9,10,15,16,19,29,31,90,93,94,97,99,103" hai3="4,6,8,11,60,63,86,87,91,96,98,104,107" /><INIT seed="2,1,1,0,5,91" ten="181,260,379,170" oya="2" hai0="13,134,116,129,46,70,114,103,76,42,69,124,18" hai1="118,100,51,67,23,61,2,7,108,127,49,26,11" hai2="14,3,33,17,132,65,126,12,5,8,10,41,93" hai3="101,119,6,120,77,90,53,73,45,78,56,54,48"/><V110/><F33/><W38/><G120/><T25/><D114/><U74/><E118/><V106/><F106/><W47/><G119/><T28/><D116/><U102/><E74/><V82/><F132/><W9/><G73/><T117/><D117/><U133/><E133/><V43/><F126/><W35/><G35/><T99/><D134/><U123/><E108/><V34/><F34/><W89/><G101/><T63/><D129/><U107/><E127/><V44/><F110/><W95/><G89/><T80/><D124/><U131/><E131/><V83/><F3/><W66/><G66/><T27/><D28/><U40/><E123/><V87/><F65/><W96/><G38/><T19/><D18/><U32/><E32/><V64/><F64/><W84/><G45/><T121/><D121/><U31/><E40/><N who="2" m="15435" /><F44/><W55/><G55/><T36/><D63/><U113/><E113/><V37/><F37/><W105/><G105/><T58/><D58/><U15/><E2/><V68/><F68/><W109/><G109/><T111/><D111/><U130/><E130/><V75/><F75/><W62/><REACH who="3" step="1"/><G96/><REACH who="3" ten="181,260,379,160" step="2"/><T57/><D70/><U79/><E107/><V21/><F8/><W128/><G128/><T85/><D69/><U135/><E135/><V81/><F87/><W22/><G22/><N who="0" m="11631" /><D57/><N who="1" m="37295" /><E79/><V92/><AGARI ba="1,2" hai="5,10,12,14,17,21,81,82,83,92,93" m="15435" machi="92" ten="30,6000,0" yaku="8,1,52,2" doraHai="91" who="2" fromWho="2" sc="181,-21,260,-21,379,83,160,-21" /><INIT seed="2,2,0,0,0,133" ten="160,239,462,139" oya="2" hai0="2,113,30,44,92,37,81,116,90,42,5,103,93" hai1="72,88,28,110,0,63,31,91,46,89,32,12,67" hai2="87,48,76,33,16,126,83,55,8,121,84,3,52" hai3="99,123,1,131,66,62,78,51,79,59,47,107,65"/><V135/><F121/><W68/><G123/><T6/><D113/><U22/><E0/><V97/><F135/><W95/><G107/><T64/><D30/><U35/><E72/><V9/><F33/><W74/><G1/><T23/><D116/><U127/><E127/><V39/><F39/><W122/><G122/><T111/><D111/><U24/><E110/><V94/><F126/><W101/><G131/><T50/><D64/><U38/><E31/><V125/><F125/><W117/><G117/><T112/><D112/><U82/><E82/><V118/><F118/><W17/><G74/><T130/><D130/><U53/><E12/><N who="2" m="7175" /><F3/><W106/><G106/><T41/><D23/><U115/><E115/><V54/><F9/><W96/><G96/><N who="0" m="59783" /><D81/><U129/><E129/><V49/><F87/><W73/><G73/><T15/><D2/><U120/><E120/><V128/><F128/><W104/><G104/><T119/><D119/><U11/><E11/><V124/><F124/><W14/><G68/><T109/><D109/><U10/><E10/><V43/><F43/><N who="3" m="25087" /><G65/><T108/><D108/><U75/><E75/><V70/><F70/><W40/><G40/><N who="0" m="24839" /><D37/><U36/><E36/><V18/><F18/><W114/><G114/><T85/><D5/><U56/><E38/><V71/><F71/><W19/><G14/><T134/><D134/><U34/><E34/><V7/><F7/><W105/><G105/><T98/><D85/><U21/><E35/><V132/><F132/><W60/><G60/><T61/><D61/><U69/><E69/><V58/><F49/><W27/><G27/><RYUUKYOKU ba="2,0" sc="160,0,239,0,462,0,139,0" hai0="6,15,41,42,90,93,98" hai1="21,22,24,28,32,46,53,56,63,67,88,89,91" hai2="48,52,54,55,58,76,83,84,94,97" hai3="17,19,59,62,66,78,79,95,99,101" /><INIT seed="2,3,0,5,5,32" ten="160,239,462,139" oya="2" hai0="101,70,5,67,131,61,37,127,1,0,68,8,9" hai1="44,83,94,47,65,39,108,74,88,58,48,40,28" hai2="135,124,34,3,72,82,21,113,110,73,14,19,17" hai3="59,41,111,69,50,29,126,20,49,54,78,84,132"/><V86/><F113/><W107/><G107/><T6/><D127/><U2/><E2/><V128/><F34/><W103/><G126/><T77/><D131/><U71/><E108/><V89/><F124/><W91/><G69/><T27/><D37/><U53/><E28/><V46/><F128/><W80/><G132/><T117/><D117/><U26/><E26/><V4/><F135/><W104/><G111/><T23/><D77/><U79/><E71/><V118/><F118/><W114/><G114/><T38/><D38/><U105/><E105/><V92/><F110/><W112/><G112/><T129/><D129/><U109/><E109/><V93/><F73/><W81/><G103/><T55/><D101/><U102/><E102/><V33/><F33/><W76/><G104/><T25/><D70/><U100/><E100/><V75/><F75/><W11/><G11/><T43/><D43/><U42/><E65/><V134/><F134/><W52/><G41/><T85/><D85/><U12/><E12/><V15/><F72/><W99/><G99/><T98/><D98/><U31/><E31/><V16/><F19/><W95/><G95/><T115/><D115/><U125/><E125/><V22/><F46/><N who="3" m="27703" /><G80/><T10/><D10/><AGARI ba="3,0" hai="3,4,10,14,15,16,17,21,22,82,86,89,92,93" machi="10" ten="40,7700,0" yaku="9,1,52,1,54,1" doraHai="32" who="2" fromWho="0" sc="160,-86,239,0,462,86,139,0" /><INIT seed="2,4,0,0,0,9" ten="74,239,548,139" oya="2" hai0="89,30,103,67,66,0,128,78,58,84,16,29,18" hai1="79,73,51,97,1,2,96,52,69,113,57,54,133" hai2="23,20,7,50,85,17,95,59,77,41,116,48,15" hai3="70,87,81,119,121,101,104,47,114,6,122,102,46"/><V132/><F116/><W106/><G119/><T72/><D0/><U39/><E69/><V94/><F132/><W127/><G70/><T61/><D128/><U120/><E39/><V65/><F7/><W53/><G114/><T19/><D103/><N who="3" m="39433" /><G53/><T35/><D78/><U99/><E113/><V93/><F41/><W34/><G34/><T63/><D72/><U4/><E120/><N who="3" m="46186" /><G6/><T111/><D35/><U38/><E133/><V115/><F115/><W86/><G127/><T32/><D32/><U3/><E38/><V82/><F23/><W45/><G81/><T22/><D22/><U123/><E123/><V12/><F65/><W55/><G55/><T88/><D111/><U110/><E110/><V8/><F59/><W40/><G40/><T33/><D89/><U75/><E79/><V124/><F124/><W60/><G60/><T10/><D10/><U26/><E4/><N who="2" m="3079" /><F50/><W100/><G100/><T42/><D42/><U37/><E37/><V134/><F134/><W49/><G49/><T125/><D125/><U112/><E112/><V14/><F48/><W107/><AGARI ba="4,0" hai="45,46,47,86,87,104,106,107" m="46186,39433" machi="107" ten="40,2700,0" yaku="28,2" doraHai="9" who="3" fromWho="3" sc="74,-11,239,-11,548,-17,139,39" /><INIT seed="3,0,0,0,3,102" ten="63,228,531,178" oya="3" hai0="22,127,115,13,21,81,20,99,105,120,33,114,133" hai1="112,25,38,119,61,106,95,88,71,124,77,90,44" hai2="132,2,98,80,110,16,68,66,108,123,82,62,59" hai3="97,26,9,103,104,101,130,128,63,135,47,18,69"/><W86/><G135/><T79/><D120/><U17/><E106/><V84/><F2/><W100/><G86/><T1/><D133/><U70/><E77/><V53/><F132/><W117/><G117/><T27/><D1/><U0/><E0/><V94/><F123/><W55/><G9/><T92/><D127/><U78/><E78/><V96/><F16/><W83/><G83/><N who="2" m="31785" /><F94/><W121/><G121/><T45/><D33/><U113/><E61/><N who="2" m="36079" /><F84/><W56/><G69/><T125/><D125/><U52/><E44/><V43/><F43/><W24/><G47/><T8/><D27/><N who="3" m="10281" /><G18/><T19/><D45/><U41/><E90/><V122/><F122/><W6/><G6/><T60/><D60/><U75/><E52/><V14/><F14/><W54/><G54/><T65/><D65/><U39/><E17/><V36/><F36/><W29/><G29/><T76/><D81/><U91/><E25/><V111/><AGARI ba="0,0" hai="62,66,68,96,98,108,110,111" m="36079,31785" machi="111" ten="40,1500,0" yaku="14,1" doraHai="102" who="2" fromWho="2" sc="63,-4,228,-4,531,15,178,-7" owari="59,-44.0,224,2.0,546,65.0,171,-23.0" /></mjloggm>