<mjloggm ver="2.3"><GO type="225" lobby="0"/><UN n0="%53%65%6E%61%72" n1="%E5%B0%B1%E6%B4%BB%E7%94%9F%40%E5%B7%9D%E6%9D%91%E8%BB%8D%E5%9B%A3" n2="%E6%B3%95%E6%94%BF%E5%A4%A7%E5%AD%A6%EF%BC%93%E5%B9%B4" n3="%4B%52%65%72%65%65%65%4E" dan="18,17,17,16" rate="2202.83,2178.79,2152.63,2062.24" sx="M,F,M,M"/><TAIKYOKU oya="0"/><INIT seed="0,0,0,4,2,47" ten="250,250,250,250" oya="0" hai0="64,126,38,12,18,1,132,43,118,87,93,85,7" hai1="121,83,102,123,27,86,130,5,9,57,129,20,72" hai2="28,21,63,54,4,40,135,99,73,133,60,56,115" hai3="32,14,92,88,39,41,49,25,82,76,15,98,90"/><T37/><D118/><U51/><E72/><V23/><F115/><W53/><G39/><T24/><D132/><N who="2" m="50762" /><F73/><W61/><G61/><N who="2" m="23625" /><F40/><W67/><G67/><T70/><D64/><U16/><E102/><V107/><F4/><W103/><G41/><T94/><D70/><U125/><E125/><V35/><F35/><W91/><G25/><T17/><D24/><U114/><E114/><V108/><F108/><W120/><G120/><T45/><D126/><U84/><E121/><V100/><F28/><W80/><G32/><T134/><D134/><U117/><E117/><V58/><F58/><N who="3" m="33071" /><G76/><T19/><D1/><U113/><E113/><V10/><F10/><W3/><G3/><T59/><D59/><U95/><E123/><V110/><F110/><W66/><G66/><T74/><D74/><U33/><E33/><V128/><F128/><N who="1" m="49257" /><E9/><V55/><F55/><W42/><G42/><T26/><D38/><U105/><E5/><V124/><F124/><W112/><G112/><T2/><D2/><U30/><E30/><V71/><F71/><W131/><G131/><T6/><D6/><U78/><E105/><V69/><F69/><W22/><G22/><N who="0" m="13663" /><D7/><U109/><E109/><V46/><F46/><W31/><G31/><T119/><D119/><U89/><E57/><V62/><AGARI ba="0,0" hai="21,23,54,56,62,99,100,107" m="23625,50762" machi="62" ten="30,1100,0" yaku="20,1" doraHai="47" who="2" fromWho="2" sc="250,-5,250,-3,250,11,250,-3" /><INIT seed="1,0,0,3,5,115" ten="245,247,261,247" oya="1" hai0="58,27,48,10,65,101,131,67,111,0,12,102,47" hai1="130,84,86,128,68,89,97,110,114,38,116,125,123" hai2="92,2,53,135,75,28,69,93,82,120,112,105,30" hai3="99,59,46,72,23,4,119,15,21,132,71,56,49"/><U70/><E38/><V55/><F105/><W122/><G72/><T25/><D0/><U1/><E1/><V76/><F69/><N who="1" m="26729" /><E114/><V94/><F112/><W33/><G33/><T108/><D131/><N who="1" m="50219" /><E123/><V8/><F120/><W44/><G71/><T66/><D58/><N who="3" m="22057" /><G122/><T124/><D124/><U91/><E125/><V42/><F42/><N who="3" m="24727" /><G46/><T18/><D108/><U121/><E121/><V81/><F81/><W134/><G99/><T79/><D111/><U77/><E110/><V80/><F80/><W14/><G119/><T60/><D60/><U9/><E77/><V127/><F127/><W7/><G134/><T100/><REACH who="0" step="1"/><D79/><REACH who="0" ten="235,247,261,247" step="2"/><U87/><E116/><V45/><F76/><W13/><G132/><T62/><D62/><U17/><E97/><V37/><F2/><W35/><G35/><T50/><D50/><U88/><E9/><V43/><F8/><W109/><G109/><T113/><D113/><U103/><E17/><V64/><F135/><W133/><G133/><T3/><D3/><U16/><E16/><V126/><F126/><W83/><G7/><T51/><D51/><U107/><E107/><V39/><F39/><W63/><G4/><T34/><D34/><U24/><E24/><V20/><F37/><W32/><G32/><T22/><D22/><N who="3" m="8201" /><G63/><T129/><D129/><U36/><E36/><N who="2" m="21735" /><F20/><W57/><G57/><T11/><D11/><U90/><N who="1" m="23040" /><DORA hai="73" /><U54/><E54/><AGARI ba="0,1" hai="10,12,18,25,27,47,48,54,65,66,67,100,101,102" machi="54" ten="40,5200,0" yaku="1,1,8,1,53,1" doraHai="115,73" doraHaiUra="5,74" who="0" fromWho="1" sc="235,62,247,-52,261,0,247,0" /><INIT seed="2,0,0,5,3,96" ten="297,195,261,247" oya="2" hai0="132,20,23,71,27,13,65,75,130,79,44,90,118" hai1="126,91,123,25,26,33,116,94,16,108,134,85,17" hai2="8,106,62,122,87,52,51,64,98,50,22,11,56" hai3="88,80,60,46,83,74,70,2,131,49,63,95,78"/><V76/><F122/><W111/><G2/><T114/><D114/><U37/><E116/><V105/><F22/><W36/><G36/><T125/><D118/><U28/><E37/><V99/><F106/><W5/><G5/><T110/><D110/><U73/><E123/><V48/><F64/><W101/><G111/><T81/><D132/><U35/><E108/><V45/><F45/><W102/><G83/><T4/><D130/><U30/><E134/><V53/><F53/><W6/><G6/><T55/><D90/><U32/><E126/><V93/><F105/><W107/><G131/><T1/><D1/><U119/><E119/><V14/><F14/><W29/><G29/><T39/><D27/><U135/><E135/><V47/><F47/><W15/><G15/><T129/><D129/><U12/><E73/><V9/><F76/><W68/><G107/><T124/><D65/><U24/><REACH who="1" step="1"/><E12/><REACH who="1" ten="297,185,261,247" step="2"/><V69/><F69/><W7/><G70/><T59/><D71/><U109/><E109/><V113/><F113/><W10/><G68/><T117/><D117/><U104/><E104/><V121/><F121/><W54/><G63/><N who="0" m="36351" /><D125/><U31/><AGARI ba="0,1" hai="16,17,24,25,26,28,30,31,32,33,35,85,91,94" machi="31" ten="40,8000,1" yaku="1,1,0,1,29,2,54,1,53,0" doraHai="96" doraHaiUra="19" who="1" fromWho="1" sc="297,-20,185,90,261,-40,247,-20" /><INIT seed="3,0,0,3,4,21" ten="277,275,221,227" oya="3" hai0="101,94,91,125,47,130,29,24,39,45,38,124,85" hai1="116,102,81,99,131,114,73,54,107,55,117,56,9" hai2="44,72,23,98,26,134,16,0,76,109,112,28,61" hai3="123,70,113,15,18,3,80,119,14,78,100,11,48"/><W37/><G37/><N who="0" m="13835" /><D101/><U87/><E114/><V71/><F112/><W51/><G113/><T20/><D130/><U75/><E131/><V93/><F109/><W104/><G119/><N who="1" m="45642" /><E9/><V17/><F0/><W19/><G123/><T115/><D115/><U5/><E5/><V128/><F128/><W82/><G3/><T34/><D34/><U66/><E66/><V96/><F134/><W4/><G70/><T60/><D60/><N who="1" m="35863" /><E55/><V7/><F7/><W95/><G104/><T33/><D33/><U97/><E97/><V27/><F96/><N who="3" m="59423" /><G4/><T58/><D58/><U84/><E84/><V106/><F71/><W110/><G110/><T105/><D105/><U25/><E25/><N who="2" m="16447" /><F72/><W2/><G2/><T86/><D85/><U64/><E64/><V59/><F44/><W49/><G78/><AGARI ba="0,0" hai="73,75,78,81,87,99,102,107" m="35863,45642" machi="78" ten="30,1000,0" yaku="12,1" doraHai="21" who="1" fromWho="3" sc="277,0,275,10,221,0,227,-10" /><INIT seed="4,0,0,2,1,110" ten="277,285,221,217" oya="0" hai0="70,115,75,60,135,102,95,66,123,77,129,16,124" hai1="19,62,67,48,92,132,45,18,84,73,30,44,59" hai2="114,35,104,89,20,58,12,9,96,101,39,37,133" hai3="10,3,42,103,130,91,72,49,50,55,98,21,71"/><T61/><D123/><U28/><E73/><V117/><F35/><W108/><G108/><T125/><D135/><U109/><E109/><V122/><F122/><W69/><G72/><T116/><D116/><U81/><E92/><V34/><F34/><W121/><G121/><T15/><D129/><U64/><E64/><V83/><F133/><W111/><G111/><T76/><D115/><U52/><E45/><V51/><F20/><W99/><G130/><T85/><D61/><U100/><E100/><V112/><F117/><W4/><G21/><T29/><D29/><N who="1" m="11371" /><E132/><V40/><F83/><W90/><G42/><T25/><D25/><U5/><E5/><N who="2" m="3119" /><F89/><AGARI ba="0,0" hai="18,19,44,48,52,59,62,67,81,84,89" m="11371" machi="89" ten="30,2000,0" yaku="8,1,54,1" doraHai="110" who="1" fromWho="2" sc="277,0,285,20,221,-20,217,0" owari="277,8.0,305,40.0,201,-30.0,217,-18.0" /></mjloggm>