<mjloggm ver="2.3"><GO type="169" lobby="0"/><UN n0="%54%53%55%42%41%53%41" n1="%E3%83%A9%E3%82%B0%E3%83%A9%E3%83%BC%E3%82%B8" n2="%E3%83%88%E3%83%88%E3%83%AA%E5%85%88%E7%94%9F%31%39%E6%AD%B3" n3="%E5%A4%AA%E3%81%8F%E3%81%AA%E3%81%84%E3%81%8A" dan="16,16,18,19" rate="2097.42,2136.73,2195.19,2325.05" sx="M,F,F,F"/><TAIKYOKU oya="0"/><INIT seed="0,0,0,2,1,124" ten="250,250,250,250" oya="0" hai0="41,70,8,54,64,24,4,45,86,101,43,51,114" hai1="72,79,11,88,103,63,91,40,29,12,58,76,16" hai2="122,62,34,37,132,35,135,61,47,60,119,106,55" hai3="117,100,19,68,126,89,81,90,97,95,15,22,84"/><T42/><D114/><U65/><E103/><V121/><F106/><W82/><G117/><T10/><D101/><U9/><E40/><N who="2" m="22927" /><F35/><W59/><G68/><T73/><D73/><U18/><E29/><V104/><F34/><W49/><G126/><T6/><D70/><U25/><E72/><V28/><F28/><W118/><G118/><T17/><D64/><U85/><E91/><V13/><F13/><W33/><G33/><T50/><D86/><U105/><E105/><V53/><F104/><W109/><G109/><T113/><D113/><U134/><E134/><N who="2" m="51243" /><F119/><W110/><G110/><T77/><D77/><U1/><E1/><V48/><F53/><N who="3" m="32175" /><G90/><T75/><D75/><U94/><E9/><N who="0" m="3689" /><D51/><U96/><REACH who="1" step="1"/><E85/><REACH who="1" ten="250,240,250,250" step="2"/><V125/><F125/><W26/><G100/><T128/><D128/><U78/><E78/><V5/><F5/><W31/><G84/><T69/><D6/><U0/><E0/><V36/><F36/><W74/><G74/><T14/><D4/><U67/><E67/><V120/><F121/><W129/><G129/><T20/><D69/><U2/><E2/><V3/><F3/><W123/><G123/><T111/><D111/><U99/><E99/><V98/><F98/><W127/><G127/><T83/><D83/><U39/><E39/><V44/><AGARI ba="0,1" hai="44,48,55,60,61,62,120,122" m="51243,22927" machi="44" ten="30,4000,0" yaku="20,1,34,2" doraHai="124" who="2" fromWho="2" sc="250,-20,240,-10,250,50,250,-10" /><INIT seed="1,0,0,3,1,83" ten="230,230,300,240" oya="1" hai0="75,86,39,21,106,41,131,58,14,93,56,3,57" hai1="111,104,63,121,135,97,8,6,134,125,128,129,40" hai2="67,110,44,31,122,127,117,103,71,7,100,35,87" hai3="72,12,61,46,105,55,26,43,81,133,114,32,0"/><U18/><E40/><V47/><F117/><W29/><G0/><T89/><D3/><N who="1" m="95" /><E63/><V11/><F122/><W30/><G114/><T53/><D106/><U49/><E49/><V84/><F110/><W130/><G105/><T59/><D75/><U118/><E118/><V20/><F35/><W113/><G113/><T64/><D131/><N who="1" m="50251" /><E121/><V88/><F127/><W92/><G61/><T73/><D73/><U108/><E125/><V82/><F67/><W101/><G43/><T60/><D41/><U54/><E54/><V68/><F71/><W9/><G55/><T94/><D39/><U16/><E97/><V90/><F68/><W27/><G46/><N who="2" m="17449" /><F11/><W42/><G9/><T23/><D94/><U66/><E66/><V107/><F7/><W22/><G42/><T52/><D14/><U91/><E91/><V76/><F107/><W13/><G130/><T48/><D57/><U96/><E96/><V70/><F90/><W79/><G101/><T34/><D34/><U1/><E1/><V62/><F62/><AGARI ba="0,0" hai="21,23,48,52,53,56,58,59,60,62,64,86,89,93" machi="62" ten="30,7700,0" yaku="7,1,8,1,52,1,54,1" doraHai="83" who="0" fromWho="2" sc="230,77,230,0,300,-77,240,0" /><INIT seed="2,0,0,0,5,55" ten="307,230,223,240" oya="2" hai0="93,11,111,35,103,94,84,83,36,107,47,101,97" hai1="10,100,29,38,99,43,45,86,91,9,63,20,2" hai2="51,110,7,127,109,113,18,12,108,32,125,48,129" hai3="126,123,37,72,8,81,50,25,80,65,28,5,58"/><V14/><F113/><W104/><G37/><T39/><D35/><U59/><E2/><V69/><F32/><W17/><G123/><T73/><D39/><U114/><E114/><V102/><F69/><W24/><G104/><T49/><D36/><U90/><E29/><V57/><F129/><W56/><G126/><N who="2" m="48137" /><F102/><W64/><G17/><T21/><D73/><U33/><E33/><V122/><F122/><W74/><G8/><T70/><D70/><U30/><E30/><V23/><F57/><W87/><G28/><T79/><D111/><U4/><E20/><V71/><F71/><W34/><G34/><T88/><D21/><U16/><E16/><N who="2" m="10631" /><F7/><W53/><G5/><T135/><D135/><U41/><E4/><V78/><F78/><W124/><G124/><T75/><D11/><AGARI ba="0,0" hai="11,14,18,48,51,108,109,110" m="10631,48137" machi="11" ten="40,12000,1" yaku="14,1,10,1,18,1,54,1" doraHai="55" who="2" fromWho="0" sc="307,-120,230,0,223,120,240,0" /><INIT seed="2,1,0,5,0,20" ten="187,230,343,240" oya="2" hai0="101,23,128,67,40,111,79,119,46,96,13,48,103" hai1="2,121,97,78,94,45,126,115,6,56,107,7,81" hai2="127,22,73,65,12,89,80,3,71,63,98,38,37" hai3="69,110,10,28,113,61,117,70,82,131,106,35,132"/><V47/><F3/><W15/><G82/><T118/><D111/><U124/><E115/><V4/><F127/><W18/><G106/><T75/><D128/><U104/><E121/><V24/><F47/><W43/><G117/><N who="0" m="44555" /><D67/><U57/><E45/><V52/><F12/><W105/><G43/><T16/><D96/><U76/><E2/><V29/><F4/><W66/><G110/><T1/><D1/><U30/><E30/><V55/><F73/><W92/><G105/><T86/><D75/><U100/><E81/><AGARI ba="1,0" hai="13,16,23,40,46,48,79,81,86,101,103" m="44555" machi="81" ten="30,2000,0" yaku="12,1,54,1" doraHai="20" who="0" fromWho="1" sc="187,23,230,-23,343,0,240,0" /><INIT seed="3,0,0,0,0,108" ten="210,207,343,240" oya="3" hai0="104,88,71,109,2,135,5,118,83,126,44,42,105" hai1="86,121,84,125,62,92,28,103,64,97,40,133,134" hai2="75,93,98,128,58,22,7,82,95,31,68,116,4" hai3="26,70,45,60,73,8,17,27,78,122,56,11,107"/><W72/><G122/><T94/><D109/><U110/><E110/><V0/><F68/><W131/><G107/><T90/><D118/><U51/><E121/><V30/><F116/><W52/><G131/><T35/><D35/><U54/><E125/><V49/><F128/><W114/><G70/><T119/><D71/><U20/><E40/><V10/><F7/><W115/><G45/><T112/><D119/><U3/><E3/><V19/><F93/><W100/><G100/><T41/><D126/><U74/><E74/><V36/><F36/><W99/><G99/><T81/><D135/><N who="1" m="51723" /><E28/><V123/><F123/><W89/><G89/><T130/><D130/><U50/><E20/><V111/><F111/><W127/><G127/><T29/><D29/><U120/><E120/><V37/><F37/><W46/><G46/><T61/><D44/><N who="1" m="27975" /><E51/><V33/><F33/><W66/><G66/><T117/><D117/><U102/><E102/><V79/><F49/><W59/><G17/><T23/><D5/><U16/><E16/><V85/><F58/><AGARI ba="0,0" hai="58,62,64,84,86,92,97,103" m="27975,51723" machi="58" ten="30,1000,0" yaku="20,1" doraHai="108" who="1" fromWho="2" sc="210,0,207,10,343,-10,240,0" /><INIT seed="4,0,0,1,0,135" ten="210,217,333,240" oya="0" hai0="31,120,50,110,125,57,49,91,132,93,29,6,74" hai1="33,66,85,92,20,95,39,44,112,54,12,121,109" hai2="114,113,111,97,52,19,105,102,134,108,25,98,5" hai3="65,40,8,77,36,87,60,62,96,76,23,43,35"/><T116/><D74/><U70/><E121/><V41/><F134/><W42/><G35/><T126/><D120/><U45/><E33/><V123/><F123/><W47/><G96/><T103/><D132/><U89/><E109/><V17/><F41/><W84/><G36/><T0/><D103/><U100/><E112/><N who="2" m="43115" /><F5/><W80/><G8/><N who="0" m="2119" /><D116/><U14/><E39/><V90/><F52/><W130/><G130/><T27/><D110/><N who="2" m="42026" /><F25/><W53/><G53/><N who="0" m="31919" /><D50/><U13/><E54/><V106/><F90/><W107/><G47/><T4/><D4/><U94/><E100/><AGARI ba="0,0" hai="17,19,97,98,100,102,105,106" m="42026,43115" machi="100" ten="30,1000,0" yaku="15,1" doraHai="135" who="2" fromWho="1" sc="210,0,217,-10,333,10,240,0" /><INIT seed="5,0,0,0,1,43" ten="210,207,343,240" oya="1" hai0="108,121,109,36,66,53,77,93,90,107,18,15,14" hai1="117,30,1,128,98,104,41,88,129,132,57,3,125" hai2="9,62,82,33,100,13,60,32,118,70,130,45,12" hai3="23,19,29,38,96,120,37,92,124,6,27,133,28"/><U64/><E117/><V16/><F118/><W86/><G120/><T83/><D107/><U89/><E30/><V119/><F119/><W76/><G124/><T71/><D121/><U94/><E125/><V80/><F130/><N who="1" m="50281" /><E104/><V63/><F70/><W122/><G122/><T116/><D116/><U103/><E132/><V81/><F100/><N who="3" m="60423" /><G37/><T59/><D36/><U101/><E101/><V73/><F73/><W58/><G38/><T24/><D71/><U69/><E69/><V65/><F65/><W105/><G105/><T72/><D66/><U115/><E115/><V7/><REACH who="2" step="1"/><F45/><REACH who="2" ten="210,207,333,240" step="2"/><W79/><G133/><T34/><D109/><U20/><E64/><V123/><F123/><W42/><G58/><T84/><D108/><U26/><E57/><V135/><F135/><W127/><G127/><T68/><D68/><U39/><E103/><V25/><F25/><W78/><G27/><T46/><D46/><N who="1" m="23871" /><E89/><V111/><F111/><W49/><G76/><T110/><D110/><U113/><E113/><V22/><AGARI ba="0,1" hai="7,9,12,13,16,22,32,33,60,62,63,80,81,82" machi="22" ten="30,4000,0" yaku="1,1,0,1,54,1,53,0" doraHai="43" doraHaiUra="61" who="2" fromWho="2" sc="210,-10,207,-20,333,50,240,-10" /><INIT seed="6,0,0,0,2,91" ten="200,187,383,230" oya="2" hai0="15,103,47,42,21,34,0,78,23,72,8,53,38" hai1="17,37,69,25,24,93,122,111,127,123,29,74,130" hai2="50,32,55,124,119,43,48,126,84,85,104,44,3" hai3="12,134,96,70,132,41,1,18,36,67,73,59,4"/><V100/><F119/><W77/><G70/><T27/><D34/><U45/><E111/><V94/><F32/><W118/><G118/><T5/><D103/><U6/><E74/><V7/><F104/><W83/><G96/><T80/><D15/><U75/><E75/><V51/><F3/><W128/><G128/><T82/><D27/><U121/><E130/><V81/><F7/><W110/><G110/><T125/><D125/><N who="2" m="48234" /><F55/><W108/><G108/><T86/><REACH who="0" step="1"/><D53/><REACH who="0" ten="190,187,383,230" step="2"/><U49/><E127/><V106/><F100/><W97/><G12/><T114/><D114/><U40/><E6/><V57/><F106/><W98/><G4/><T9/><D9/><U52/><E24/><V63/><F43/><W10/><G10/><T129/><D129/><U113/><E113/><V11/><F11/><W135/><G1/><T33/><D33/><U61/><E17/><V20/><F20/><W35/><G35/><T46/><D46/><U105/><E105/><V66/><F44/><N who="3" m="23591" /><G18/><T13/><D13/><U54/><E25/><V112/><F112/><W22/><G22/><T16/><D16/><U39/><E29/><V101/><F101/><W2/><G2/><T26/><D26/><U107/><E107/><V71/><F66/><W79/><G67/><T109/><D109/><U131/><E131/><V60/><F71/><W87/><G59/><T92/><D92/><U116/><E116/><V115/><F115/><W99/><G134/><T102/><D102/><U68/><E93/><V14/><F57/><W76/><G135/><T62/><D62/><U120/><N who="1" m="30720" /><DORA hai="117" /><U64/><E69/><RYUUKYOKU ba="0,1" sc="190,15,187,15,383,-15,230,-15" hai0="0,5,8,21,23,38,42,47,72,78,80,82,86" hai1="37,39,40,45,49,52,54,61,64,68" /><INIT seed="7,1,1,4,2,79" ten="205,202,368,215" oya="3" hai0="82,134,12,21,132,130,32,114,47,67,97,4,84" hai1="115,125,92,64,133,51,24,116,85,81,105,28,120" hai2="46,75,117,41,69,38,13,25,95,127,45,39,131" hai3="16,9,104,65,126,42,99,20,121,31,10,76,29"/><W89/><G121/><T49/><D32/><U8/><E115/><V112/><F69/><W54/><G126/><T26/><D67/><U122/><E133/><N who="0" m="51305" /><D97/><U77/><E105/><V57/><F75/><W19/><G76/><N who="0" m="46151" /><D114/><U5/><E125/><V58/><F112/><W68/><G65/><T0/><D0/><U66/><E116/><V109/><F39/><W118/><G68/><T129/><D12/><U27/><E120/><V56/><F38/><W86/><G99/><T102/><D4/><U14/><E122/><V98/><F98/><W59/><G104/><T15/><D15/><U106/><E106/><V107/><F107/><W101/><G118/><T34/><D34/><U60/><E92/><V35/><F95/><W100/><G101/><T36/><D36/><U73/><E73/><V88/><F35/><W3/><G3/><T50/><D102/><U53/><E28/><V108/><F13/><W22/><G29/><N who="0" m="17615" /><D49/><U40/><E24/><V55/><F25/><W44/><G31/><T87/><D87/><U113/><E27/><V111/><F127/><W33/><G33/><T17/><D17/><N who="3" m="6729" /><G100/><T128/><D128/><U11/><E113/><V2/><F131/><W123/><G123/><T30/><D30/><U124/><E124/><V52/><F2/><W80/><G20/><T23/><D23/><U83/><E8/><V90/><F117/><W6/><G22/><T18/><D18/><U93/><E93/><V37/><F109/><W62/><G6/><T91/><D91/><U7/><E83/><V96/><F111/><W110/><G110/><T135/><D135/><RYUUKYOKU ba="1,1" sc="205,15,202,-15,368,-15,215,15" hai0="47,50,129,130" hai3="9,10,42,44,54,59,62,80,86,89" /><INIT seed="7,2,1,1,0,91" ten="220,187,353,230" oya="3" hai0="25,54,16,4,119,58,81,59,104,44,10,113,71" hai1="106,82,79,12,116,6,74,135,60,65,17,89,62" hai2="131,122,8,13,105,26,21,64,120,53,38,50,128" hai3="80,29,112,96,31,57,109,88,39,78,51,30,103"/><W67/><G39/><T124/><D119/><U24/><E135/><V111/><F111/><W33/><G109/><T95/><D104/><U129/><E129/><N who="2" m="49739" /><F105/><W126/><G112/><T28/><D71/><U115/><E115/><V77/><F77/><W9/><G126/><T55/><D81/><U45/><E116/><V63/><F38/><W68/><G68/><T34/><D124/><U35/><E106/><V20/><F63/><N who="3" m="38383" /><G33/><T14/><D113/><U32/><E6/><N who="2" m="3223" /><F64/><W27/><G9/><T73/><D73/><U66/><E60/><V102/><F102/><W1/><G1/><T23/><D95/><U18/><E65/><V108/><F108/><W107/><G107/><T99/><D99/><U61/><E61/><V19/><F20/><N who="3" m="15591" /><G78/><T118/><D118/><U86/><E32/><V85/><F85/><N who="3" m="50215" /><G51/><N who="0" m="29031" /><D34/><U5/><E35/><V97/><F122/><W72/><G72/><T49/><D4/><U75/><E5/><V52/><F50/><W101/><G96/><T46/><AGARI ba="2,1" hai="10,14,16,23,25,28,46,49,55,58,59" m="29031" machi="46" ten="30,2000,0" yaku="8,1,54,1" doraHai="91" who="0" fromWho="0" sc="220,36,187,-7,353,-7,230,-12" owari="256,6.0,180,-32.0,346,44.0,218,-18.0" /></mjloggm>