<mjloggm ver="2.3"><GO type="41" lobby="0"/><UN n0="%E3%81%AD%E3%82%8B%E3%81%A6%E3%81%83%E3%82%93" n1="%E5%B0%B1%E6%B4%BB%E7%94%9F%40%E5%B7%9D%E6%9D%91%E8%BB%8D%E5%9B%A3" n2="%74%65%74%65%37%32%37" n3="%E7%89%8C%E6%93%8D%E4%BD%9C%E2%98%86" dan="15,17,14,15" rate="1997.97,2171.88,1972.70,1999.45" sx="M,M,M,F"/><TAIKYOKU oya="0"/><INIT seed="0,0,0,4,0,38" ten="250,250,250,250" oya="0" hai0="50,127,11,35,118,20,65,78,71,0,60,34,81" hai1="111,69,89,59,75,17,57,94,134,110,64,7,120" hai2="113,131,3,73,36,106,62,90,13,103,135,39,56" hai3="74,107,32,29,51,72,122,77,14,91,124,83,102"/><T123/><D118/><U46/><E120/><V130/><F3/><W99/><G122/><T114/><D114/><U15/><E75/><V125/><F73/><W27/><G124/><T86/><D123/><U5/><E134/><V132/><F103/><W115/><G115/><T48/><D127/><U80/><E80/><V116/><F106/><W67/><G74/><T10/><D20/><U66/><E17/><V52/><F113/><W117/><G117/><T4/><REACH who="0" step="1"/><D11/><REACH who="0" ten="240,250,250,250" step="2"/><U19/><E110/><V40/><F116/><W25/><G32/><AGARI ba="0,1" hai="0,4,10,32,34,35,48,50,60,65,71,78,81,86" machi="32" ten="40,3900,0" yaku="1,1,2,1,53,0" doraHai="38" doraHaiUra="23" who="0" fromWho="3" sc="240,49,250,0,250,0,250,-39" /><INIT seed="0,1,0,3,3,46" ten="289,250,250,211" oya="0" hai0="132,120,44,57,69,70,36,82,110,53,117,35,29" hai1="62,31,10,102,0,20,42,129,75,73,94,52,74" hai2="43,96,22,41,19,4,60,34,12,93,50,116,51" hai3="91,16,47,21,72,67,25,64,88,122,101,27,92"/><T59/><D35/><U14/><E129/><V118/><F34/><W45/><G122/><T63/><D29/><U23/><E0/><V68/><F4/><W84/><G72/><T130/><D82/><U28/><E42/><N who="2" m="15883" /><F68/><W107/><G107/><T78/><D78/><U66/><E28/><V54/><F60/><W135/><G101/><T24/><D24/><U113/><E113/><V126/><F54/><W2/><G2/><T76/><D76/><U26/><E23/><V85/><F85/><N who="3" m="52239" /><G27/><T65/><D120/><U33/><E33/><V32/><F126/><W1/><G1/><T103/><D103/><U114/><E114/><V86/><F86/><W49/><G45/><T128/><D117/><N who="2" m="45162" /><F32/><W13/><G135/><T133/><D110/><U125/><E125/><V90/><AGARI ba="1,0" hai="12,19,22,50,51,90,93,96" m="45162,15883" machi="90" ten="30,4000,0" yaku="12,1,52,2" doraHai="46" who="2" fromWho="2" sc="289,-21,250,-11,250,43,211,-11" /><INIT seed="1,0,0,1,2,56" ten="268,239,293,200" oya="1" hai0="30,10,54,118,60,34,91,20,106,121,15,65,99" hai1="9,82,12,8,28,42,127,48,17,109,98,59,13" hai2="93,58,39,68,63,104,35,126,27,86,45,76,2" hai3="94,102,89,135,21,77,52,110,108,37,19,111,44"/><U36/><E127/><V33/><F126/><W80/><G135/><T125/><D125/><U116/><E116/><V122/><F104/><W41/><G102/><T134/><D134/><U5/><E109/><V101/><F68/><W74/><G94/><T100/><D20/><U61/><E36/><V112/><F2/><W114/><G89/><T120/><D54/><U85/><E28/><V90/><F101/><W22/><G114/><T84/><D118/><U75/><E75/><V133/><F122/><W79/><G79/><T29/><D15/><U40/><E48/><V11/><F11/><W67/><G67/><T78/><D10/><U32/><E98/><V4/><F4/><W49/><REACH who="3" step="1"/><G19/><REACH who="3" ten="268,239,293,190" step="2"/><T47/><D78/><N who="1" m="46295" /><E32/><V69/><F76/><W129/><G129/><T46/><D34/><U18/><E17/><V72/><F112/><W130/><G130/><T57/><D120/><U81/><E81/><V66/><F133/><W3/><G3/><T31/><REACH who="0" step="1"/><D121/><REACH who="0" ten="258,239,293,190" step="2"/><U87/><E87/><V6/><F35/><W38/><G38/><T128/><D128/><U115/><E115/><V103/><F72/><W1/><G1/><T14/><D14/><U43/><E43/><V50/><F39/><W96/><G96/><T0/><D0/><U24/><E24/><V25/><F27/><W88/><G88/><T119/><D119/><U123/><E123/><V23/><F33/><W51/><G51/><T117/><D117/><U7/><E7/><V113/><F6/><W97/><G97/><T55/><D55/><AGARI ba="0,2" hai="5,8,9,12,13,18,40,42,55,59,61" m="46295" machi="55" ten="30,2900,0" yaku="8,1,52,1" doraHai="56" who="1" fromWho="0" sc="258,-29,239,49,293,0,190,0" /><INIT seed="1,1,0,3,0,84" ten="229,288,293,190" oya="1" hai0="58,94,124,126,77,88,110,3,93,133,95,123,67" hai1="112,125,47,114,117,57,40,101,8,33,29,121,72" hai2="119,23,12,11,68,6,111,35,34,104,64,80,79" hai3="18,0,82,13,45,32,52,59,56,100,1,103,5"/><U91/><E72/><V14/><F104/><W62/><G32/><T74/><D3/><U44/><E117/><V54/><F111/><W81/><G45/><T28/><D28/><U118/><E118/><V135/><F135/><W97/><G5/><T105/><D105/><U132/><E125/><N who="0" m="48233" /><D67/><U86/><E132/><V9/><F23/><W21/><G1/><T71/><D71/><U27/><E101/><V102/><F102/><W43/><G43/><T50/><D58/><U25/><E25/><V108/><F108/><W122/><G0/><T129/><D50/><U83/><E121/><V26/><F26/><W42/><G42/><T89/><D110/><U20/><E33/><V78/><F78/><W87/><G122/><T76/><D133/><U65/><E47/><V15/><F15/><W53/><G97/><N who="0" m="57511" /><D123/><U61/><REACH who="1" step="1"/><E8/><REACH who="1" ten="229,278,293,190" step="2"/><V7/><F119/><W39/><G39/><AGARI ba="1,1" hai="20,27,29,39,40,44,57,61,65,83,86,91,112,114" machi="39" ten="30,12000,1" yaku="1,1,2,1,7,1,52,1,53,1" doraHai="84" doraHaiUra="63" who="1" fromWho="3" sc="229,0,278,133,293,0,190,-123" /><INIT seed="1,2,0,1,5,26" ten="229,411,293,67" oya="1" hai0="119,77,59,1,97,107,73,55,5,108,110,14,20" hai1="118,22,104,12,56,86,68,131,111,33,29,40,101" hai2="52,64,28,126,31,50,88,2,63,4,106,23,54" hai3="45,67,7,120,125,75,6,15,133,132,39,61,128"/><U58/><E68/><V47/><F106/><W80/><G120/><T27/><D1/><U38/><E118/><V129/><F126/><W114/><G125/><T18/><D77/><U37/><E33/><V91/><F129/><W98/><G114/><T51/><D73/><U84/><E131/><V127/><F127/><W105/><G128/><T103/><D119/><U48/><E111/><N who="0" m="42537" /><D5/><U53/><E104/><V17/><F4/><W93/><G15/><AGARI ba="2,0" hai="14,15,18,20,27,51,55,59,97,103,107" m="42537" machi="15" ten="30,1000,0" yaku="14,1" doraHai="26" who="0" fromWho="3" sc="229,16,411,0,293,0,67,-16" /><INIT seed="2,0,0,4,5,28" ten="245,411,293,51" oya="2" hai0="125,120,60,127,67,76,116,7,15,69,130,124,59" hai1="94,52,13,34,41,82,4,58,38,88,128,18,50" hai2="93,3,43,47,103,19,97,11,90,33,75,57,56" hai3="53,49,133,37,98,102,74,68,32,30,110,105,122"/><V92/><F75/><W104/><G122/><T55/><D120/><U65/><E34/><V51/><F33/><W84/><G37/><T8/><D130/><U100/><E128/><V115/><F115/><W29/><G74/><T63/><D76/><U16/><E38/><V91/><F103/><W66/><G110/><T12/><REACH who="0" step="1"/><D116/><REACH who="0" ten="235,411,293,51" step="2"/><U85/><E41/><V44/><F3/><AGARI ba="0,1" hai="3,7,8,12,15,55,59,60,63,67,69,124,125,127" machi="3" ten="40,5200,0" yaku="1,1,2,1,18,1,53,0" doraHai="28" doraHaiUra="83" who="0" fromWho="2" sc="235,62,411,0,293,-52,51,0" /><INIT seed="3,0,0,2,3,117" ten="297,411,241,51" oya="3" hai0="86,88,107,121,73,23,71,111,114,4,21,52,3" hai1="97,95,84,32,76,30,43,6,37,17,1,14,28" hai2="101,126,24,91,118,110,98,74,100,19,8,20,16" hai3="115,127,0,66,104,92,103,18,78,13,102,133,77"/><W122/><G122/><T48/><D73/><U119/><E119/><V10/><F74/><W56/><G115/><T132/><D71/><U79/><E1/><V116/><F110/><W69/><G0/><T51/><D107/><U82/><E6/><V34/><F34/><W113/><G104/><T29/><D51/><U7/><E7/><V105/><F126/><W55/><G113/><T128/><D114/><U54/><E79/><V112/><F101/><W61/><G133/><T46/><D121/><U53/><E43/><V62/><F112/><W135/><G127/><T63/><D29/><N who="1" m="11371" /><E37/><V38/><F38/><W45/><G135/><T75/><D75/><U90/><E32/><V33/><F33/><W72/><G72/><T70/><D132/><U120/><E120/><V80/><F118/><W93/><G45/><T36/><D36/><U35/><E35/><V42/><F42/><W87/><G69/><T44/><D44/><U9/><AGARI ba="0,0" hai="9,14,17,53,54,76,82,84,90,95,97" m="11371" machi="9" ten="30,1100,0" yaku="8,1" doraHai="117" who="1" fromWho="1" sc="297,-3,411,11,241,-3,51,-5" /><BYE who="3" /><INIT seed="4,0,0,1,2,40" ten="294,422,238,46" oya="0" hai0="128,10,17,100,5,127,56,115,3,73,110,77,107" hai1="15,14,32,63,111,44,37,61,52,53,72,45,135" hai2="94,126,21,129,13,42,123,39,98,97,80,62,2" hai3="8,103,0,81,35,30,6,58,18,79,23,85,93"/><T134/><D115/><U124/><E72/><V69/><F2/><W27/><G27/><T55/><D128/><U116/><E32/><V49/><F39/><W78/><G78/><T101/><D134/><U24/><E111/><V60/><F123/><W99/><G99/><T16/><D127/><U91/><E116/><V28/><F69/><W12/><G12/><N who="1" m="4650" /><E37/><V130/><F126/><W7/><G7/><T82/><D110/><U109/><E109/><V71/><F71/><W89/><G89/><T51/><REACH who="0" step="1"/><D107/><REACH who="0" ten="284,422,238,46" step="2"/><U57/><E124/><V1/><F130/><W4/><G4/><T105/><D105/><U113/><E113/><V48/><F129/><W75/><G75/><T41/><D41/><U84/><E135/><V133/><F42/><W54/><G54/><T119/><D119/><U65/><E65/><V64/><F64/><W26/><G26/><T20/><D20/><U31/><E53/><V68/><F133/><W47/><G47/><T38/><D38/><U122/><E122/><V125/><F21/><W108/><G108/><T106/><D106/><U95/><E63/><V46/><F60/><W102/><G102/><AGARI ba="0,1" hai="3,5,10,16,17,51,55,56,73,77,82,100,101,102" machi="102" ten="40,3900,0" yaku="1,1,54,1,53,0" doraHai="40" doraHaiUra="9" who="0" fromWho="3" sc="284,49,422,0,238,0,46,-39" /><INIT seed="4,1,0,2,3,74" ten="333,422,238,7" oya="0" hai0="32,112,65,90,106,46,98,92,80,76,105,42,70" hai1="115,37,2,61,10,83,39,69,19,55,35,132,102" hai2="81,22,86,110,52,40,38,89,75,111,5,97,9" hai3="94,95,121,60,18,130,127,78,101,108,114,135,0"/><T77/><D32/><U91/><E35/><V26/><F38/><W100/><G100/><T44/><D65/><U11/><E132/><V62/><F40/><W13/><G13/><T53/><D70/><U1/><E102/><V71/><F71/><W107/><G107/><T104/><D112/><U24/><E24/><V48/><F62/><W59/><G59/><T8/><D8/><U68/><E91/><V45/><F97/><W28/><G28/><T66/><D66/><U96/><E55/><V79/><F75/><W17/><G17/><T120/><D120/><U58/><E58/><V47/><F47/><W131/><G131/><T50/><REACH who="0" step="1"/><D80/><REACH who="0" ten="323,422,238,7" step="2"/><U33/><E11/><V20/><F20/><W21/><G21/><T12/><D12/><U16/><E10/><V63/><F111/><W125/><G125/><T27/><D27/><U54/><E68/><V14/><F110/><W124/><G124/><T64/><D64/><U43/><E83/><V15/><F15/><W56/><G56/><T88/><D88/><U4/><E69/><V85/><F63/><W34/><G34/><T30/><D30/><U123/><E61/><V73/><F89/><W82/><G82/><T93/><D93/><U7/><E115/><V51/><F51/><AGARI ba="1,1" hai="42,44,46,50,51,53,76,77,90,92,98,104,105,106" machi="51" ten="40,12000,1" yaku="1,1,52,2,53,2" doraHai="74" doraHaiUra="41" who="0" fromWho="2" sc="323,133,422,0,238,-123,7,0" /><INIT seed="4,2,0,5,5,129" ten="456,422,115,7" oya="0" hai0="6,49,85,109,15,126,78,113,29,100,20,123,106" hai1="81,55,121,73,69,75,26,51,134,23,104,96,114" hai2="12,67,91,33,48,93,2,60,45,35,88,14,41" hai3="125,43,13,8,57,34,103,132,1,118,38,25,39"/><T82/><D113/><U108/><E108/><V119/><F2/><W71/><G71/><T28/><D123/><U80/><E121/><V112/><F91/><W124/><G124/><T122/><D122/><U120/><E69/><V84/><F112/><W86/><G86/><T50/><D126/><U70/><E70/><V94/><F119/><W42/><G42/><T56/><D109/><U127/><E120/><V62/><F94/><W5/><G5/><T21/><D106/><U22/><E127/><V76/><F76/><W65/><G65/><T31/><D100/><U128/><E128/><V37/><F37/><W95/><G95/><T40/><D56/><U97/><E114/><V99/><F99/><N who="1" m="37961" /><E134/><V44/><F44/><W115/><G115/><T98/><D98/><U72/><E104/><V53/><F41/><W4/><G4/><T135/><D135/><U9/><E9/><V58/><F62/><W92/><G92/><T89/><D89/><U110/><E110/><V46/><F46/><W68/><G68/><T79/><D79/><U7/><E7/><V3/><F3/><W61/><G61/><T66/><D66/><U64/><E64/><V83/><F93/><W30/><G30/><T27/><D40/><U16/><E23/><N who="0" m="8777" /><D27/><U18/><E18/><V36/><REACH who="2" step="1"/><F36/><REACH who="2" ten="456,422,105,7" step="2"/><W105/><G105/><T52/><D78/><U59/><E80/><V63/><F63/><W32/><G32/><AGARI ba="2,1" hai="12,14,32,33,35,45,48,53,58,60,67,83,84,88" machi="32" ten="40,2600,0" yaku="1,1,54,1,53,0" doraHai="129" doraHaiUra="111" who="2" fromWho="3" sc="456,0,422,0,105,42,7,-32" owari="456,56.0,422,22.0,147,-25.0,-25,-53.0" /></mjloggm>