<mjloggm ver="2.3"><GO type="169" lobby="0"/><UN n0="%E3%83%AD%E3%83%B3%E3%82%88%E3%82%8A%E8%A8%BC%E6%8B%A0" n1="%E5%B0%B1%E6%B4%BB%E7%94%9F%40%E5%B7%9D%E6%9D%91%E8%BB%8D%E5%9B%A3" n2="%E3%83%A9%E3%83%A0%E3%83%80%E3%81%95%E3%82%93" n3="%E5%BA%83%E5%A0%B4%E3%81%AE%E7%8B%BC" dan="17,18,16,16" rate="2209.86,2258.33,2095.63,2064.69" sx="M,M,M,M"/><TAIKYOKU oya="0"/><INIT seed="0,0,0,3,3,27" ten="250,250,250,250" oya="0" hai0="4,85,10,0,40,23,41,97,99,121,104,91,115" hai1="129,49,16,12,122,86,110,135,118,59,39,76,5" hai2="28,74,89,13,100,3,87,22,36,34,93,48,52" hai3="68,117,26,94,84,42,33,95,58,37,103,64,126"/><T61/><D115/><U20/><E39/><V55/><F3/><W2/><G2/><T98/><D121/><U6/><E118/><V46/><F74/><W65/><G68/><T67/><D104/><U83/><E122/><V24/><F36/><W54/><G126/><T132/><D132/><U113/><E113/><V124/><F124/><W131/><G131/><T78/><D78/><U107/><E107/><V62/><F100/><W82/><G42/><T31/><D23/><U7/><E129/><V108/><F108/><W106/><G37/><T80/><REACH who="0" step="1"/><D31/><REACH who="0" ten="240,250,250,250" step="2"/><U105/><E135/><V60/><F34/><W44/><G106/><T50/><D50/><U17/><E105/><V109/><F109/><W112/><G112/><T111/><D111/><U77/><E110/><V69/><F69/><AGARI ba="0,1" hai="0,4,10,40,41,61,67,69,80,85,91,97,98,99" machi="69" ten="40,2000,0" yaku="1,1,53,0" doraHai="27" doraHaiUra="134" who="0" fromWho="2" sc="240,30,250,0,250,-20,250,0" /><INIT seed="0,1,0,4,1,74" ten="270,250,230,250" oya="0" hai0="59,67,86,45,19,52,16,88,107,23,53,78,33" hai1="111,50,120,119,97,68,48,10,3,11,28,112,126" hai2="81,13,58,57,46,80,22,6,117,84,35,43,104" hai3="106,102,44,101,49,73,64,71,37,26,94,17,79"/><T21/><D33/><U72/><E68/><V29/><F104/><W123/><G106/><T83/><D107/><U99/><E72/><V127/><F127/><W39/><G123/><T121/><D121/><U56/><E120/><V61/><F117/><W92/><G71/><T130/><D130/><U129/><E129/><V90/><F35/><W42/><G64/><T75/><D67/><U12/><E119/><V89/><F29/><W118/><G118/><T69/><D69/><U38/><E38/><V82/><F90/><W91/><G37/><T115/><D115/><U98/><E112/><V66/><F58/><W60/><G60/><T0/><D0/><U87/><E126/><V41/><F41/><W40/><G40/><T25/><D45/><U34/><E111/><V36/><REACH who="2" step="1"/><F22/><REACH who="2" ten="270,250,220,250" step="2"/><N who="3" m="13647" /><G91/><T135/><D59/><U4/><E28/><V116/><F116/><W65/><G42/><T103/><D103/><U32/><E32/><V125/><F125/><W47/><G102/><T18/><D135/><U96/><E34/><V132/><F132/><W93/><G101/><T85/><D23/><U113/><E113/><V134/><F134/><W114/><G114/><T31/><D75/><U110/><E110/><V20/><F20/><W63/><G73/><T7/><D7/><U51/><N who="1" m="25088" /><DORA hai="109" /><U131/><E131/><V105/><F105/><W100/><G100/><T15/><D15/><U14/><E3/><V5/><F5/><W55/><G44/><T108/><D108/><U2/><E56/><V27/><F27/><W77/><G47/><T133/><D133/><U76/><E10/><AGARI ba="1,1" hai="6,10,13,36,43,46,57,61,66,80,81,82,84,89" machi="10" ten="40,5200,0" yaku="1,1,6,1,53,1" doraHai="74,109" doraHaiUra="70,24" who="2" fromWho="1" sc="270,0,250,-55,220,65,250,0" /><INIT seed="1,0,0,3,0,134" ten="270,195,285,250" oya="1" hai0="32,43,26,33,72,34,120,123,109,78,111,23,103" hai1="104,6,106,91,98,77,118,13,3,59,2,20,126" hai2="37,10,56,8,125,45,57,119,44,0,67,82,31" hai3="71,65,5,66,47,132,135,42,76,7,130,14,92"/><U89/><E118/><V38/><F119/><W133/><G76/><T117/><D117/><U17/><E77/><V27/><F125/><W87/><G130/><T21/><D103/><U121/><E121/><N who="0" m="46665" /><D43/><U48/><E126/><V40/><F82/><W93/><G71/><T22/><D78/><U108/><E108/><N who="0" m="41545" /><D72/><U94/><E89/><V99/><F38/><W18/><G87/><T102/><D102/><U54/><REACH who="1" step="1"/><E6/><REACH who="1" ten="270,185,285,250" step="2"/><V39/><F39/><W70/><G7/><T64/><D64/><U19/><E19/><AGARI ba="0,1" hai="19,21,22,23,26,32,33,34" m="41545,46665" machi="19" ten="40,8000,1" yaku="13,1,14,1,34,2" doraHai="134" who="0" fromWho="1" sc="270,90,185,-80,285,0,250,0" /><INIT seed="2,0,0,3,3,81" ten="360,105,285,250" oya="2" hai0="27,129,58,93,124,109,95,55,110,76,2,39,33" hai1="131,126,42,89,62,18,102,13,114,123,100,80,59" hai2="28,41,106,26,45,57,122,127,53,99,43,8,37" hai3="117,5,20,119,108,22,118,69,133,16,24,66,94"/><V17/><F122/><W50/><G108/><T130/><D39/><U74/><E123/><V98/><F127/><W85/><G50/><T101/><D2/><U52/><E126/><V82/><F106/><W46/><G46/><T90/><D76/><U103/><E114/><V3/><F43/><W44/><G44/><T64/><D64/><U14/><E131/><V77/><F17/><W54/><G54/><T113/><D113/><U0/><E0/><V12/><F12/><W87/><G5/><T83/><D83/><U96/><E42/><V11/><F11/><W111/><G111/><T1/><D1/><U120/><E120/><V135/><F135/><W48/><G48/><T115/><D115/><U30/><E30/><V121/><F121/><W92/><G133/><T128/><D124/><U132/><E132/><V63/><F8/><W97/><G22/><T70/><D70/><U21/><E74/><V19/><F19/><W25/><G25/><T9/><D9/><U65/><E13/><V38/><F38/><W7/><G7/><T61/><D95/><U91/><E91/><V56/><F56/><W104/><G104/><T10/><D101/><U134/><E134/><V35/><REACH who="2" step="1"/><F3/><REACH who="2" ten="360,105,275,250" step="2"/><W29/><G16/><T6/><D10/><U68/><E68/><V36/><F36/><W84/><G84/><AGARI ba="0,1" hai="26,28,35,37,41,45,53,57,63,77,82,84,98,99" machi="84" ten="30,11600,0" yaku="1,1,7,1,52,1,53,1" doraHai="81" doraHaiUra="79" who="2" fromWho="3" sc="360,0,105,0,275,126,250,-116" /><INIT seed="2,1,0,0,0,125" ten="360,105,401,134" oya="2" hai0="113,117,28,91,30,50,84,38,122,15,80,66,118" hai1="53,74,14,24,20,75,9,109,108,63,55,107,51" hai2="81,54,93,61,82,76,46,97,11,129,36,86,111" hai3="4,59,135,89,101,127,90,120,114,71,10,0,70"/><V68/><F111/><N who="1" m="42569" /><E107/><V69/><F129/><W94/><G120/><T88/><D113/><U85/><E85/><V79/><F11/><W134/><G127/><T83/><D38/><U99/><E99/><V92/><F36/><W19/><G114/><T98/><D122/><U33/><E33/><V41/><F41/><W57/><G101/><T64/><D98/><U23/><E63/><V31/><F31/><W128/><G128/><T110/><D110/><U42/><E42/><V104/><F104/><W58/><G19/><T49/><D15/><U37/><E37/><V132/><F132/><N who="3" m="50731" /><G90/><T124/><D124/><U123/><E123/><V105/><F105/><W16/><G16/><T62/><D62/><U7/><E53/><V25/><F25/><W12/><G0/><T130/><D84/><AGARI ba="1,0" hai="4,10,12,57,58,59,70,71,84,89,94" m="50731" machi="84" ten="30,1000,0" yaku="20,1" doraHai="125" who="3" fromWho="0" sc="360,-13,105,0,401,0,134,13" /><INIT seed="3,0,0,2,5,93" ten="347,105,401,147" oya="3" hai0="24,50,86,31,127,92,95,125,112,21,6,51,73" hai1="48,9,74,65,79,84,8,80,57,134,117,77,111" hai2="129,124,126,87,33,35,54,82,61,32,103,115,120" hai3="34,44,110,43,39,45,15,78,98,118,53,133,60"/><W1/><G1/><T22/><D73/><U90/><E111/><V29/><F115/><W11/><G34/><T47/><D112/><U76/><E134/><V36/><F36/><W30/><G30/><T71/><D71/><U123/><E123/><V12/><F129/><W105/><G133/><T26/><D6/><U17/><E117/><V108/><F120/><W13/><G118/><T104/><D104/><U37/><E37/><V132/><F132/><W14/><G110/><T23/><D86/><U102/><E74/><V0/><F0/><W135/><G78/><T109/><D109/><U52/><E65/><V64/><F108/><W88/><G135/><T55/><D51/><U99/><REACH who="1" step="1"/><E17/><REACH who="1" ten="347,95,401,147" step="2"/><V19/><F64/><W38/><G38/><T83/><D127/><U113/><E113/><V89/><F126/><W94/><G105/><AGARI ba="0,1" hai="8,9,48,52,57,76,77,79,80,84,90,99,102,105" machi="105" ten="40,5200,0" yaku="1,1,52,1,54,1,53,0" doraHai="93" doraHaiUra="68" who="1" fromWho="3" sc="347,0,95,62,401,0,147,-52" /><INIT seed="4,0,0,0,2,74" ten="347,157,401,95" oya="0" hai0="102,121,52,107,43,15,87,37,99,75,48,54,103" hai1="104,29,108,13,89,57,60,100,62,98,111,51,2" hai2="24,95,71,83,117,122,131,134,65,110,23,124,91" hai3="38,35,58,17,125,25,118,64,114,0,28,31,7"/><T115/><D75/><U46/><E2/><V56/><F110/><W16/><G38/><T26/><D121/><U67/><E29/><V92/><F122/><W113/><G58/><T90/><D115/><N who="3" m="44041" /><G64/><T18/><D103/><U66/><E89/><V4/><F71/><W30/><G125/><T130/><D130/><U3/><E3/><V36/><F36/><W68/><G68/><T8/><D37/><U14/><E108/><V128/><F124/><W69/><G69/><T105/><D105/><U82/><E82/><V76/><F134/><W93/><G93/><T78/><D43/><U53/><E111/><V27/><F117/><W6/><G118/><T47/><D54/><U45/><E45/><V40/><F40/><W34/><G25/><T5/><D26/><U88/><E88/><V77/><F27/><W86/><G86/><T55/><D55/><U81/><E81/><V19/><F65/><W39/><G39/><T106/><D106/><U63/><E63/><V42/><F42/><W109/><G109/><T72/><D5/><N who="3" m="1545" /><G0/><T9/><D9/><U70/><AGARI ba="0,0" hai="13,14,46,51,53,57,60,62,66,67,70,98,100,104" machi="70" ten="20,1500,0" yaku="0,1,7,1" doraHai="74" who="1" fromWho="1" sc="347,-7,157,15,401,-4,95,-4" /><INIT seed="5,0,0,3,3,69" ten="340,172,397,91" oya="1" hai0="92,42,90,79,126,66,7,102,20,11,97,23,53" hai1="112,114,10,135,117,109,2,89,25,118,124,17,111" hai2="22,28,15,46,115,72,101,58,91,43,74,39,100" hai3="73,83,134,12,105,85,75,107,8,34,57,0,40"/><U80/><E80/><V47/><F115/><N who="1" m="44073" /><E89/><V96/><F101/><W130/><G34/><T50/><D126/><U24/><E124/><V76/><F91/><W3/><G40/><T71/><D79/><U120/><E135/><V61/><F76/><W104/><G134/><T27/><D102/><U132/><E132/><V121/><F47/><W133/><G133/><T21/><D71/><U108/><E2/><V6/><F121/><W122/><G122/><T99/><D99/><U33/><E120/><V113/><F113/><W78/><G130/><T62/><D90/><U1/><E17/><V68/><F68/><W123/><G123/><T84/><D84/><U129/><E129/><V59/><F59/><W38/><G38/><T98/><D98/><U77/><E77/><V127/><F127/><W88/><G57/><T93/><D97/><U48/><E48/><V31/><F31/><W16/><REACH who="3" step="1"/><G73/><REACH who="3" ten="340,172,397,81" step="2"/><T60/><D42/><U67/><E33/><V19/><F74/><W29/><G29/><T82/><D66/><U52/><E67/><V64/><F72/><W116/><G116/><N who="1" m="44650" /><E52/><V128/><F128/><W51/><G51/><T55/><D50/><U32/><E32/><V119/><F119/><W9/><G9/><T13/><D55/><U44/><E44/><V4/><F28/><W18/><G18/><T30/><D53/><U125/><E125/><V26/><F19/><W37/><G37/><T95/><D62/><U36/><E36/><V131/><F39/><W65/><G65/><T103/><D60/><U49/><E49/><V14/><F131/><W63/><G63/><RYUUKYOKU ba="0,1" sc="340,-15,172,15,397,-15,81,15" hai1="1,10,24,25,108,109,111" hai3="0,3,8,12,16,75,78,83,85,88,104,105,107" /><INIT seed="5,1,1,3,1,48" ten="325,187,382,96" oya="1" hai0="59,95,31,3,108,54,52,84,106,93,132,112,15" hai1="53,77,88,21,110,128,135,127,92,46,126,125,101" hai2="122,20,61,99,13,115,121,47,27,2,29,134,44" hai3="131,111,71,12,123,37,73,4,107,91,25,35,78"/><U56/><E128/><V130/><F2/><W70/><G37/><T87/><D108/><U60/><E135/><V109/><F109/><W36/><G36/><T80/><D106/><U51/><E110/><V6/><F130/><W67/><G123/><T55/><D3/><U33/><E33/><V120/><F134/><W7/><G111/><T114/><D132/><U96/><E21/><V42/><F115/><N who="0" m="44074" /><D31/><U65/><E77/><V26/><F61/><W1/><G107/><T19/><D59/><U22/><E22/><V72/><F72/><W98/><G1/><T38/><D38/><U89/><AGARI ba="1,1" hai="46,51,53,56,60,65,88,89,92,96,101,125,126,127" machi="89" ten="40,12000,1" yaku="0,1,18,1,52,1,54,1" doraHai="48" who="1" fromWho="1" sc="325,-41,187,133,382,-41,96,-41" /><INIT seed="5,2,0,5,5,10" ten="284,320,341,55" oya="1" hai0="93,24,31,83,130,108,14,38,92,96,87,84,129" hai1="41,91,27,100,69,66,22,127,11,79,1,98,39" hai2="67,8,58,75,132,36,56,63,76,50,15,114,43" hai3="21,97,134,62,45,78,42,40,86,112,71,110,126"/><U89/><E127/><V48/><F132/><W77/><G126/><T82/><D108/><U17/><E79/><V131/><F131/><W13/><G110/><T88/><D38/><U59/><E69/><V90/><F114/><W104/><G134/><T35/><D14/><N who="1" m="7391" /><E41/><V2/><F2/><W6/><G112/><T5/><D5/><U70/><E70/><V16/><F75/><W4/><G104/><T123/><D123/><U107/><E107/><V54/><F36/><W109/><G109/><T0/><D0/><U19/><E39/><V135/><F135/><W25/><G97/><T49/><D49/><U122/><E1/><V28/><F76/><N who="3" m="29291" /><G86/><N who="0" m="32811" /><D93/><N who="1" m="58447" /><E122/><V94/><F28/><W12/><G71/><T55/><D55/><U33/><E33/><V23/><F8/><W128/><G62/><AGARI ba="2,0" hai="19,22,27,59,62,66,89,91" m="58447,7391" machi="62" ten="30,2900,0" yaku="8,1,52,1" doraHai="10" who="1" fromWho="3" sc="284,0,320,35,341,0,55,-35" /><INIT seed="5,3,0,1,5,80" ten="284,355,341,20" oya="1" hai0="119,5,97,98,83,14,40,3,20,27,92,74,120" hai1="64,86,93,116,101,65,122,24,67,68,95,78,61" hai2="2,66,56,50,114,22,0,19,123,76,29,127,63" hai3="73,128,79,133,12,124,4,36,100,131,71,121,9"/><U7/><E116/><V42/><F123/><W77/><G121/><T106/><D119/><U94/><E122/><V105/><F105/><W28/><G28/><T59/><D120/><U129/><E129/><V34/><F127/><W104/><G104/><T118/><D118/><U130/><E130/><N who="3" m="49706" /><G100/><T132/><D3/><U32/><E7/><V15/><F114/><W58/><G71/><T54/><D132/><U62/><E101/><V89/><F76/><N who="3" m="29259" /><G36/><T47/><D83/><U69/><E24/><V87/><F34/><W108/><G108/><T41/><D74/><U60/><E32/><V53/><F42/><W85/><G73/><T107/><D98/><U70/><E78/><V44/><F29/><W113/><G113/><T115/><D115/><U1/><E1/><V126/><F126/><W17/><G124/><T88/><D41/><U90/><AGARI ba="3,0" hai="60,61,62,64,65,67,68,69,70,86,90,93,94,95" machi="90" ten="40,12000,1" yaku="0,1,29,2,52,1" doraHai="80" who="1" fromWho="1" sc="284,-43,355,129,341,-43,20,-43" owari="241,-16.0,484,58.0,298,10.0,-23,-52.0" /></mjloggm>