<mjloggm ver="2.3"><GO type="225" lobby="0"/><UN n0="%E3%83%9B%E3%83%B3%E3%82%A4%E3%83%84%E5%8E%A8" n1="%64%61%72%74%65%72" n2="%68%61%6E%65%31%35%30%30" n3="%E5%B0%B1%E6%B4%BB%E7%94%9F%40%E5%B7%9D%E6%9D%91%E8%BB%8D%E5%9B%A3" dan="16,16,17,17" rate="2030.63,2119.18,2159.77,2120.79" sx="M,M,M,M"/><TAIKYOKU oya="0"/><INIT seed="0,0,0,3,3,86" ten="250,250,250,250" oya="0" hai0="129,2,19,47,65,37,113,67,73,46,6,133,41" hai1="128,115,79,59,88,30,39,14,17,97,24,98,60" hai2="38,110,90,87,44,84,66,114,29,23,40,130,82" hai3="125,34,72,64,89,96,135,119,50,108,105,102,22"/><T124/><D73/><U63/><E39/><V3/><F114/><W4/><G34/><T20/><D113/><U68/><E115/><V10/><F66/><W18/><G72/><T80/><D129/><U28/><E128/><V35/><F35/><W116/><G135/><T132/><D124/><U120/><E120/><V103/><F130/><W32/><G125/><T126/><D47/><U62/><E68/><V8/><F110/><W13/><G32/><T101/><D101/><U69/><E69/><V121/><F121/><W42/><G108/><T106/><D106/><U49/><E79/><V85/><F103/><W92/><G64/><T26/><D80/><U57/><E98/><V104/><F104/><W117/><G4/><T107/><D107/><U61/><E49/><V43/><F43/><W12/><G12/><T27/><D27/><U1/><E1/><V15/><F3/><W33/><G33/><T118/><D118/><U25/><E25/><V76/><F87/><W123/><G123/><T48/><D37/><U112/><E112/><V9/><F29/><N who="1" m="11369" /><E24/><V16/><REACH who="2" step="1"/><F10/><REACH who="2" ten="250,250,240,250" step="2"/><W131/><G131/><T45/><D126/><U94/><N who="1" m="15360" /><DORA hai="53" /><U54/><E54/><V5/><F5/><W99/><REACH who="3" step="1"/><G117/><REACH who="3" ten="250,250,240,240" step="2"/><T81/><D6/><U109/><E109/><V56/><F56/><W21/><G21/><AGARI ba="0,2" hai="14,17,21,57,59,88,94,97" m="15360,11369" machi="21" ten="40,8000,1" yaku="8,1,52,3,54,1" doraHai="86,53" who="1" fromWho="3" sc="250,0,250,100,240,0,240,-80" /><INIT seed="1,0,0,2,2,23" ten="250,350,240,160" oya="1" hai0="15,28,117,3,64,83,56,8,4,71,116,101,57" hai1="127,16,68,50,89,39,97,102,7,27,84,38,69" hai2="81,13,122,134,80,43,112,96,82,129,86,26,12" hai3="130,49,106,72,73,115,90,120,34,6,108,74,100"/><U65/><E127/><V63/><F122/><W88/><G120/><T14/><D14/><N who="2" m="5738" /><F134/><W46/><G34/><T132/><D132/><U29/><E7/><V2/><F2/><W79/><G115/><T10/><D101/><U54/><E39/><V123/><F123/><W121/><G121/><T60/><D83/><U22/><E38/><V17/><F112/><W111/><G130/><T87/><D87/><U78/><E78/><V95/><F43/><W30/><G6/><T24/><D10/><U114/><E114/><V94/><F129/><W61/><G30/><T59/><REACH who="0" step="1"/><D3/><REACH who="0" ten="240,350,240,160" step="2"/><U9/><E9/><V31/><F86/><W93/><G61/><T118/><D118/><U75/><E102/><V36/><F63/><W119/><G119/><T53/><D53/><U55/><E55/><V133/><F82/><W77/><G49/><T37/><D37/><U35/><E84/><V25/><F81/><W104/><G46/><T5/><D5/><U76/><E97/><V67/><F80/><W52/><G52/><T58/><N who="0" m="14336" /><DORA hai="51" /><T42/><D42/><U128/><E76/><N who="3" m="29258" /><G111/><T85/><D85/><U48/><E128/><V18/><F36/><W113/><G108/><T21/><AGARI ba="0,1" hai="4,8,15,21,24,28,60,64,71,116,117" m="14336" machi="21" ten="40,8000,1" yaku="1,1,0,1,52,1,53,2" doraHai="23,51" doraHaiUra="20,19" who="0" fromWho="0" sc="240,90,350,-40,240,-20,160,-20" /><INIT seed="2,0,0,2,1,33" ten="330,310,220,140" oya="2" hai0="28,99,74,16,67,9,49,124,123,59,104,108,114" hai1="79,109,100,86,88,129,47,12,48,7,37,64,98" hai2="90,0,8,19,117,106,91,102,30,131,60,95,135" hai3="126,6,51,14,31,41,125,35,112,54,103,40,116"/><V1/><F117/><W15/><G116/><T94/><D74/><U18/><E129/><V65/><F131/><W10/><G112/><T81/><D104/><U22/><E37/><V29/><F106/><W69/><G103/><T133/><D123/><U121/><E121/><V55/><F55/><W101/><G69/><T42/><D114/><U96/><E109/><V76/><F76/><W75/><G101/><T23/><D81/><U110/><E110/><V52/><F102/><W20/><G75/><T2/><D28/><U85/><E64/><V17/><F52/><W13/><G40/><T71/><D124/><U38/><E38/><V50/><F50/><W92/><G41/><T56/><D133/><U25/><E79/><V73/><F73/><W21/><G92/><T107/><D107/><U80/><E86/><V24/><F135/><W118/><G118/><T132/><D132/><U82/><E82/><V120/><F120/><W115/><G115/><T44/><D49/><U134/><E134/><V66/><F8/><W4/><G54/><T5/><D9/><N who="1" m="4159" /><E100/><V57/><F57/><W62/><G51/><T34/><D59/><U32/><E32/><V128/><F24/><N who="3" m="18919" /><G62/><T127/><D56/><U39/><E39/><V122/><F122/><W105/><G105/><T87/><D87/><U78/><E78/><V63/><F128/><W61/><G61/><T53/><D94/><AGARI ba="0,0" hai="0,1,17,19,29,30,60,63,65,66,90,91,94,95" machi="94" ten="25,9600,0" yaku="22,2,52,2" doraHai="33" who="2" fromWho="0" sc="330,-96,310,0,220,96,140,0" /><INIT seed="2,1,0,0,0,80" ten="234,310,316,140" oya="2" hai0="74,92,33,7,22,96,107,108,114,110,111,31,6" hai1="21,28,17,41,119,20,36,120,81,11,118,104,112" hai2="123,52,103,84,105,26,51,56,67,40,34,129,73" hai3="63,13,71,37,32,117,39,47,78,62,132,89,131"/><V97/><F73/><W113/><G32/><T61/><D114/><U106/><E112/><V130/><F123/><W134/><G113/><T50/><D74/><U46/><E120/><V116/><F116/><W3/><G3/><T72/><D72/><U38/><E11/><V25/><F40/><W60/><G78/><T59/><D50/><U66/><E66/><V58/><F34/><W55/><G13/><T90/><D107/><U2/><E2/><V53/><F67/><W42/><G89/><T109/><D33/><U15/><E38/><V10/><F10/><W76/><G76/><T83/><D83/><U85/><E106/><V102/><F84/><W45/><G117/><T57/><D57/><U86/><E104/><V30/><F103/><W77/><G77/><T27/><N who="0" m="27648" /><DORA hai="93" /><T54/><AGARI ba="1,0" hai="6,7,22,27,31,54,59,61,90,92,96" m="27648" machi="54" ten="60,8000,1" yaku="4,1,0,1,14,1,52,1" doraHai="80,93" who="0" fromWho="0" sc="234,83,310,-21,316,-41,140,-21" /><INIT seed="3,0,0,2,4,7" ten="317,289,275,119" oya="3" hai0="50,29,21,25,26,32,24,98,37,115,104,95,86" hai1="64,74,128,51,119,12,59,124,123,85,122,6,43" hai2="15,44,133,107,90,34,57,113,28,94,112,47,60" hai3="92,14,56,19,108,20,1,99,127,66,30,103,89"/><W87/><G1/><T40/><D37/><U76/><E74/><V105/><F133/><W18/><G127/><T77/><D104/><U72/><E72/><V80/><F107/><W4/><G108/><T67/><D67/><U36/><E124/><V118/><F105/><W45/><G45/><T61/><D61/><U130/><E119/><V0/><F0/><W120/><G120/><T58/><D32/><U9/><E36/><V41/><F118/><W31/><G4/><T71/><D71/><U125/><E125/><V35/><F80/><W135/><G135/><T17/><D115/><U69/><E69/><V48/><F47/><W84/><G84/><T117/><D117/><U134/><E134/><V8/><F28/><W33/><G33/><T75/><D75/><U63/><E43/><V16/><F113/><W68/><G68/><T49/><D58/><U93/><E51/><V38/><F38/><W100/><G19/><T132/><D40/><U73/><E73/><V10/><F112/><W78/><G78/><T55/><D55/><U52/><E64/><V102/><F102/><W101/><REACH who="3" step="1"/><G99/><REACH who="3" ten="317,289,275,109" step="2"/><T116/><D116/><U126/><E126/><V129/><F34/><W22/><G22/><T121/><D121/><U114/><E114/><V97/><F35/><W91/><G91/><N who="0" m="55679" /><D132/><U11/><E76/><V3/><F3/><W106/><G106/><T65/><D86/><U110/><E110/><V131/><REACH who="2" step="1"/><F10/><REACH who="2" ten="317,289,265,109" step="2"/><W13/><G13/><T23/><D77/><U5/><E122/><V46/><F46/><W39/><G39/><T82/><D17/><U27/><E123/><RYUUKYOKU ba="0,2" sc="317,-15,289,-15,265,15,109,15" hai2="8,15,16,41,44,48,57,60,90,94,97,129,131" hai3="14,18,20,30,31,56,66,87,89,92,100,101,103" /><INIT seed="3,1,2,1,0,122" ten="302,274,280,124" oya="3" hai0="30,11,15,129,49,105,109,7,27,55,6,98,5" hai1="2,29,115,131,53,97,107,124,16,39,128,17,32" hai2="133,18,94,9,93,72,116,37,4,89,56,130,125" hai3="13,25,91,134,10,45,100,101,90,104,69,135,51"/><W61/><G134/><T23/><D129/><N who="1" m="49739" /><E115/><V46/><F130/><W103/><G104/><T92/><D105/><U77/><E124/><V79/><F116/><W102/><N who="3" m="26112" /><DORA hai="83" /><W3/><G3/><T73/><D73/><U35/><E107/><V28/><F28/><W34/><G135/><T12/><D109/><U87/><E39/><V65/><F18/><N who="1" m="7273" /><E29/><V26/><F26/><W81/><G34/><T31/><D31/><U96/><E2/><N who="2" m="151" /><F89/><W112/><G25/><T70/><D70/><U121/><E121/><V24/><F24/><W111/><G111/><T67/><D67/><U88/><E77/><V75/><F75/><W48/><G112/><T78/><D78/><U47/><E47/><V59/><F125/><W43/><G51/><T64/><D64/><U66/><E66/><V114/><F114/><W123/><G123/><T44/><D12/><U41/><E41/><N who="2" m="22831" /><F133/><W19/><REACH who="3" step="1"/><G81/><REACH who="3" ten="302,274,280,114" step="2"/><T52/><D49/><U99/><E53/><V33/><F33/><W36/><G36/><T60/><D52/><U110/><E110/><V57/><F65/><AGARI ba="1,3" hai="10,13,19,43,45,48,61,65,69,90,91" m="26112" machi="65" ten="50,4800,0" yaku="1,1,53,1" doraHai="122,83" doraHaiUra="38,95" who="3" fromWho="2" sc="302,0,274,0,280,-51,114,81" /><INIT seed="3,2,0,1,1,69" ten="302,274,229,195" oya="3" hai0="104,111,115,61,99,90,48,31,107,75,25,24,135" hai1="14,53,17,127,56,129,125,58,66,43,65,6,128" hai2="117,79,54,134,97,78,51,46,108,62,93,77,98" hai3="8,44,131,63,101,119,88,2,41,37,86,71,67"/><W36/><G119/><T39/><D39/><U3/><E3/><V73/><F117/><W16/><G131/><N who="1" m="50250" /><E6/><V112/><F112/><W55/><G101/><T9/><D75/><U121/><E121/><V52/><F134/><W33/><G33/><T23/><D111/><U0/><E0/><V22/><F108/><W21/><G2/><T74/><D74/><U96/><E96/><V92/><F73/><W123/><G123/><T87/><D9/><N who="1" m="6351" /><E43/><N who="2" m="25055" /><F62/><W89/><G8/><T28/><D99/><N who="2" m="37898" /><F22/><W103/><G103/><T18/><D18/><U30/><E30/><V81/><F81/><W122/><G122/><T19/><D61/><N who="1" m="35983" /><E58/><V100/><F100/><W4/><G4/><T64/><D64/><AGARI ba="2,0" hai="64,65,66,125,127" m="35983,6351,50250" machi="64" ten="30,1000,0" yaku="19,1" doraHai="69" who="1" fromWho="0" sc="302,-16,274,16,229,0,195,0" /><INIT seed="4,0,0,3,1,44" ten="286,290,229,195" oya="0" hai0="67,87,106,124,30,49,57,115,24,40,62,102,43" hai1="66,86,68,79,55,113,89,100,4,64,135,109,12" hai2="82,132,117,112,58,101,15,17,93,92,28,41,120" hai3="26,95,7,5,52,91,42,114,123,116,33,11,1"/><T56/><D115/><U32/><E32/><V111/><F120/><W51/><G116/><T78/><D102/><U80/><E109/><V14/><F111/><W69/><G69/><T45/><D106/><U88/><E135/><V21/><F132/><W38/><G123/><T77/><D124/><U10/><E113/><V39/><F112/><W60/><G114/><T96/><D96/><U3/><E100/><V126/><F126/><W74/><G74/><T119/><D119/><U130/><E130/><V54/><F28/><W75/><G7/><T65/><D43/><U35/><E35/><V37/><F41/><W134/><G75/><T76/><D87/><U129/><E129/><V94/><F101/><W90/><G134/><T128/><D128/><U70/><E70/><V9/><F82/><W73/><G73/><T110/><D110/><U104/><E104/><V13/><F117/><W127/><G127/><T97/><D97/><U2/><E2/><V103/><F103/><W72/><G72/><T99/><D99/><U34/><E34/><V125/><F125/><W85/><G91/><N who="1" m="34890" /><E68/><V59/><F39/><W31/><G38/><T84/><D84/><U105/><E105/><V121/><F37/><W50/><REACH who="3" step="1"/><G42/><REACH who="3" ten="286,290,229,185" step="2"/><T22/><D40/><U6/><E6/><V0/><F121/><W122/><G122/><T23/><D77/><U47/><E3/><V133/><F133/><W61/><G61/><N who="0" m="38055" /><D78/><U108/><E108/><V83/><F0/><W118/><G118/><T81/><D76/><U16/><E4/><V63/><F63/><W53/><G53/><N who="0" m="29871" /><D81/><U107/><E107/><RYUUKYOKU ba="0,1" sc="286,10,290,10,229,-30,185,10" hai0="22,23,24,30,57,62,67" hai1="10,12,16,47,55,64,66,79,80,86" hai3="1,5,11,26,31,33,50,51,52,60,85,90,95" /><INIT seed="4,1,1,0,1,94" ten="296,300,199,195" oya="0" hai0="54,49,79,101,6,7,77,2,58,107,30,8,25" hai1="103,63,22,128,87,109,125,48,71,14,51,34,118" hai2="111,10,56,45,47,13,59,29,18,121,43,60,132" hai3="52,69,46,11,21,65,129,61,1,126,106,76,85"/><T42/><D7/><U102/><E34/><V119/><F121/><W68/><G106/><T40/><D40/><U57/><E118/><V78/><F111/><W19/><G69/><T27/><D27/><U55/><E109/><V33/><F119/><W80/><G129/><T83/><D42/><U100/><E128/><V64/><F132/><W12/><G126/><T82/><D101/><U32/><E32/><V74/><F29/><W96/><G96/><T20/><REACH who="0" step="1"/><D107/><REACH who="0" ten="286,300,199,195" step="2"/><U66/><E125/><V90/><F43/><W67/><G67/><T24/><D24/><U99/><E102/><V98/><F64/><W9/><REACH who="3" step="1"/><G1/><REACH who="3" ten="286,300,199,185" step="2"/><T127/><D127/><U37/><E66/><V95/><F33/><W122/><G122/><T108/><D108/><U97/><E100/><V110/><F110/><W41/><G41/><T112/><D112/><U116/><E103/><V105/><F105/><W44/><G44/><T114/><D114/><U17/><E116/><V16/><F47/><W50/><AGARI ba="1,3" hai="9,11,12,19,21,46,50,52,61,65,68,76,80,85" machi="50" ten="30,4000,0" yaku="1,1,0,1,54,1,53,0" doraHai="94" doraHaiUra="113" who="3" fromWho="3" sc="286,-21,300,-11,199,-11,185,73" /><INIT seed="5,0,0,0,4,50" ten="265,289,188,258" oya="1" hai0="110,66,135,49,107,87,91,22,126,114,61,20,39" hai1="98,121,36,70,54,76,79,112,7,62,101,88,128" hai2="124,125,118,119,56,38,127,19,26,130,9,120,94" hai3="1,116,106,122,68,102,17,85,27,81,23,69,72"/><U16/><E121/><V134/><F38/><W45/><G1/><T92/><D39/><U115/><E36/><V18/><F94/><W44/><G72/><T32/><D32/><U8/><E128/><V84/><F84/><W48/><G122/><T64/><D107/><U90/><E16/><N who="2" m="6187" /><F120/><W96/><G116/><N who="2" m="44585" /><F130/><W24/><G24/><T12/><D92/><U67/><E54/><V31/><F56/><W28/><G28/><T93/><D93/><N who="1" m="58575" /><E79/><V35/><F9/><W4/><G4/><T100/><D87/><U123/><E76/><V46/><F46/><W133/><G133/><AGARI ba="0,0" hai="26,31,35,124,125,127,133,134" m="44585,6187" machi="133" ten="40,8000,1" yaku="18,1,34,2,54,1" doraHai="50" who="2" fromWho="3" sc="265,0,289,0,188,80,258,-80" /><INIT seed="6,0,0,3,1,57" ten="265,289,268,178" oya="2" hai0="86,29,55,14,43,131,99,97,10,3,79,32,19" hai1="59,20,58,64,7,56,26,30,115,60,33,42,120" hai2="49,122,117,21,82,84,118,12,100,135,104,69,17" hai3="89,50,111,62,13,126,130,74,80,103,123,47,113"/><V124/><F122/><W90/><G123/><T133/><D133/><U114/><E120/><V44/><F135/><W91/><G111/><T68/><D68/><U46/><E7/><V72/><F72/><W38/><G38/><T102/><D43/><U36/><REACH who="1" step="1"/><E33/><REACH who="1" ten="265,279,268,178" step="2"/><V27/><F124/><W34/><G126/><T78/><D32/><U75/><E75/><V9/><F69/><AGARI ba="0,1" hai="20,26,30,36,42,46,56,58,59,60,64,69,114,115" machi="69" ten="40,8000,1" yaku="1,1,52,1,53,2" doraHai="57" doraHaiUra="108" who="1" fromWho="2" sc="265,0,279,90,268,-80,178,0" owari="265,7.0,369,46.0,188,-21.0,178,-32.0" /></mjloggm>