<mjloggm ver="2.3"><GO type="169" lobby="0"/><UN n0="%E3%82%A6%E3%83%AB%E3%83%88%E3%83%A9%E7%AB%8B%E7%9B%B4" n1="%7A%65%6C%64%65%6E" n2="%E5%A4%95%E5%87%AA" n3="%E3%82%B7%E3%83%A3%E3%83%BC%E3%83%AA%E3%83%97%E3%83%88%E3%83%A9" dan="17,19,17,16" rate="2111.84,2266.20,2091.83,2147.07" sx="M,M,M,M"/><TAIKYOKU oya="0"/><INIT seed="0,0,0,2,5,102" ten="250,250,250,250" oya="0" hai0="36,51,38,3,81,89,37,74,55,53,129,134,96" hai1="30,44,61,21,94,4,100,34,130,73,49,28,10" hai2="17,117,122,82,24,8,124,131,79,12,126,76,87" hai3="67,32,47,97,2,85,58,88,86,20,90,15,75"/><T68/><D3/><U71/><E73/><V70/><F70/><W121/><G2/><T108/><D74/><U123/><E34/><V105/><F122/><W91/><G32/><T84/><D68/><U59/><E71/><V72/><F117/><W80/><G121/><T106/><D129/><U11/><E130/><V31/><F131/><W57/><G47/><T35/><D35/><U7/><E123/><V18/><F105/><W104/><G67/><T119/><D119/><U109/><E109/><V6/><F31/><W78/><G58/><T66/><D66/><U48/><E100/><V54/><F54/><W113/><G57/><T45/><D108/><U33/><E94/><V133/><F133/><W116/><G116/><T1/><D1/><U56/><E33/><V103/><F103/><N who="3" m="62575" /><G20/><T62/><D134/><U25/><E44/><V111/><F111/><W135/><G15/><T23/><D23/><U112/><E112/><V19/><F24/><W101/><G135/><T64/><D106/><U14/><E30/><V125/><F72/><W42/><G42/><T98/><D64/><N who="1" m="38951" /><E59/><V27/><F27/><W40/><G40/><T50/><D62/><U5/><E11/><V83/><F87/><N who="3" m="33291" /><G101/><T9/><D9/><U115/><E115/><AGARI ba="0,0" hai="75,78,80,88,90,91,113,115" m="33291,62575" machi="115" ten="30,7700,0" yaku="34,2,52,1,54,1" doraHai="102" who="3" fromWho="1" sc="250,0,250,-77,250,0,250,77" /><INIT seed="1,0,0,2,5,70" ten="250,173,250,327" oya="1" hai0="98,30,90,35,60,53,100,42,73,29,8,22,116" hai1="132,11,89,123,24,33,32,107,86,79,52,81,2" hai2="105,5,57,103,16,83,19,121,94,27,80,120,61" hai3="47,67,12,66,82,110,97,45,15,14,40,74,127"/><U1/><E123/><V135/><F105/><W104/><G110/><T13/><D73/><U64/><E107/><V44/><F135/><W115/><G115/><T101/><D35/><U125/><E132/><V133/><F133/><W37/><G127/><T124/><D124/><U96/><E125/><V51/><F5/><W130/><G130/><T85/><D42/><U48/><E64/><N who="2" m="38959" /><F121/><W17/><G17/><N who="2" m="6729" /><F27/><W55/><G82/><T59/><D116/><U21/><E96/><N who="2" m="59799" /><F120/><W113/><G74/><T122/><D122/><U118/><E118/><V71/><F71/><W65/><G113/><T129/><D129/><U23/><E23/><V3/><F3/><W7/><G7/><T58/><D22/><U91/><E2/><V72/><F72/><W36/><G97/><T18/><D98/><U56/><E11/><V4/><F4/><W28/><G28/><T46/><D29/><U76/><E1/><V63/><F63/><W88/><G104/><T41/><D30/><N who="1" m="17679" /><E32/><V106/><F106/><W54/><G88/><N who="1" m="33866" /><E33/><V99/><F99/><W77/><G77/><AGARI ba="0,0" hai="48,52,56,76,77,79,81,86" m="33866,17679" machi="77" ten="30,5800,0" yaku="8,1,54,2" doraHai="70" who="1" fromWho="3" sc="250,0,173,58,250,0,327,-58" /><INIT seed="1,1,0,5,2,93" ten="250,231,250,269" oya="1" hai0="130,13,128,9,71,99,51,17,28,73,108,64,134" hai1="1,46,123,12,106,2,42,79,0,120,27,112,117" hai2="70,131,10,59,75,67,115,57,58,53,132,8,66" hai3="7,41,19,38,91,40,78,50,119,122,14,101,126"/><U113/><E79/><V63/><F75/><W76/><G122/><N who="1" m="46634" /><E46/><V104/><F132/><W49/><G126/><T68/><D73/><U65/><E65/><N who="2" m="24587" /><F104/><W61/><G119/><T107/><D134/><U87/><E87/><V62/><F131/><W133/><G7/><T22/><D51/><N who="3" m="19465" /><G38/><T83/><D83/><U72/><E72/><V95/><F115/><N who="1" m="44105" /><E42/><N who="3" m="16490" /><G133/><T121/><D121/><U5/><E106/><V3/><F3/><W94/><G101/><T35/><D71/><U80/><E80/><V34/><F34/><W118/><G118/><T55/><D68/><U21/><E117/><V29/><F29/><W15/><G15/><T105/><D105/><U102/><E102/><V100/><F70/><W30/><G30/><T4/><D107/><U90/><E90/><V16/><F53/><W96/><G61/><N who="2" m="23049" /><F16/><W47/><G47/><T110/><D64/><U86/><E12/><V124/><F124/><W11/><AGARI ba="1,0" hai="11,14,19,76,78,91,94,96" m="16490,19465" machi="11" ten="30,2000,0" yaku="8,1,52,1" doraHai="93" who="3" fromWho="3" sc="250,-6,231,-11,250,-6,269,23" /><INIT seed="2,0,0,5,3,119" ten="244,220,244,292" oya="2" hai0="86,32,128,59,39,18,29,24,85,100,133,61,62" hai1="75,51,108,49,107,103,46,12,47,5,69,73,99" hai2="17,135,109,15,23,134,25,14,66,98,44,77,50" hai3="30,94,114,113,37,41,64,131,4,22,106,26,43"/><V2/><F2/><W55/><G106/><T84/><D39/><U118/><E118/><V74/><F66/><W53/><G64/><T125/><D100/><U63/><E108/><V67/><F109/><W34/><G131/><T72/><D72/><U1/><E1/><V76/><F67/><W10/><G34/><T52/><D128/><U111/><E111/><V21/><F98/><W68/><G68/><T65/><D125/><U121/><E63/><V127/><F127/><W80/><G94/><T102/><D102/><U19/><E5/><V3/><F3/><N who="3" m="287" /><G80/><T38/><D38/><U104/><E69/><V132/><F74/><W40/><G37/><T91/><D18/><U9/><E107/><V56/><F56/><W28/><G28/><T81/><REACH who="0" step="1"/><D133/><REACH who="0" ten="234,220,244,292" step="2"/><U115/><E75/><V116/><F116/><W35/><G35/><T96/><D96/><U45/><E73/><V71/><F71/><AGARI ba="0,1" hai="24,29,32,52,59,61,62,65,71,81,84,85,86,91" machi="71" ten="30,7700,0" yaku="1,1,7,1,54,1,53,1" doraHai="119" doraHaiUra="31" who="0" fromWho="2" sc="234,87,220,0,244,-77,292,0" /><INIT seed="3,0,0,3,1,49" ten="321,220,167,292" oya="3" hai0="0,76,30,101,116,26,10,108,40,86,88,84,42" hai1="111,58,25,72,11,83,16,99,118,105,94,69,57" hai2="74,104,28,38,18,56,127,5,102,13,2,8,67" hai3="39,124,47,125,91,134,54,15,132,34,82,92,20"/><W106/><G106/><T89/><D116/><U129/><E69/><V12/><F38/><W70/><G70/><T128/><D101/><U119/><E105/><V97/><F74/><W36/><G34/><T80/><D108/><U31/><E111/><V100/><F127/><W62/><G82/><T133/><D128/><U120/><E120/><V109/><F109/><W7/><G7/><T60/><D133/><U3/><E129/><V98/><F28/><W122/><G122/><T51/><D0/><U112/><E112/><V52/><F67/><W50/><G62/><T24/><D10/><U23/><E72/><V110/><F110/><W27/><G15/><T29/><D60/><U130/><E83/><V95/><REACH who="2" step="1"/><F18/><REACH who="2" ten="321,220,157,292" step="2"/><N who="3" m="12695" /><G36/><T131/><D30/><U126/><E126/><N who="3" m="48746" /><G39/><T75/><D131/><U77/><E130/><V85/><F85/><AGARI ba="0,1" hai="47,50,54,85,91,92,132,134" m="48746,12695" machi="85" ten="30,2900,0" yaku="18,1,52,1" doraHai="49" who="3" fromWho="2" sc="321,0,220,0,157,-29,292,39" /><INIT seed="3,1,0,1,1,55" ten="321,220,128,331" oya="3" hai0="68,103,86,122,100,133,1,79,72,129,31,20,87" hai1="95,94,114,99,130,107,127,123,37,51,119,77,24" hai2="135,120,89,71,64,33,96,53,112,105,60,34,5" hai3="111,106,7,3,88,18,75,81,48,44,15,2,82"/><W70/><G70/><T52/><D1/><U39/><E77/><V117/><F112/><W59/><G106/><T128/><D68/><U12/><E107/><V11/><F117/><W40/><G111/><T115/><D31/><U62/><E12/><V91/><F120/><W25/><G25/><T98/><D20/><U104/><E104/><V97/><F135/><W9/><G75/><T90/><D52/><U76/><E76/><V49/><F97/><W83/><G7/><T54/><D54/><U45/><E99/><V43/><F43/><W84/><REACH who="3" step="1"/><G59/><REACH who="3" ten="321,220,128,321" step="2"/><T4/><D4/><U69/><E24/><V23/><F105/><W85/><G85/><T30/><D87/><U21/><E69/><V22/><F34/><W8/><G8/><T92/><D86/><U131/><E123/><V26/><F33/><W93/><AGARI ba="1,1" hai="2,3,9,15,18,40,44,48,81,82,83,84,88,93" machi="93" ten="30,6000,0" yaku="1,1,0,1,54,1,53,0" doraHai="55" doraHaiUra="102" who="3" fromWho="3" sc="321,-21,220,-21,128,-21,321,73" /><INIT seed="3,2,0,4,5,14" ten="300,199,107,394" oya="3" hai0="130,44,83,2,49,127,101,77,50,87,132,0,100" hai1="29,111,21,7,55,33,23,68,123,3,128,22,26" hai2="73,34,39,78,96,38,32,16,105,94,58,17,120" hai3="47,119,20,113,9,57,126,116,41,118,88,54,10"/><W95/><G126/><T80/><D127/><U53/><E68/><V108/><F105/><W71/><G71/><T102/><D130/><U84/><E123/><V48/><F120/><W6/><G113/><T62/><D132/><U75/><E75/><V86/><F73/><W31/><G31/><T42/><D62/><U15/><E84/><V135/><F39/><W60/><G20/><T52/><REACH who="0" step="1"/><D80/><REACH who="0" ten="290,199,107,394" step="2"/><U98/><E128/><V115/><F135/><W61/><G61/><T59/><AGARI ba="2,1" hai="0,2,42,44,49,50,52,59,77,83,87,100,101,102" machi="59" ten="30,8000,1" yaku="1,1,2,1,0,1,54,1,53,1" doraHai="14" doraHaiUra="79" who="0" fromWho="0" sc="290,96,199,-22,107,-22,394,-42" /><INIT seed="4,0,0,1,4,119" ten="386,177,85,352" oya="0" hai0="111,6,62,124,76,33,87,35,130,42,67,132,96" hai1="82,115,55,98,126,26,122,10,113,57,9,40,32" hai2="8,78,52,34,21,97,108,86,22,75,66,116,37" hai3="105,125,81,83,63,49,20,47,43,110,112,41,38"/><T73/><D87/><U103/><E126/><V104/><F34/><W133/><G105/><T2/><D96/><U114/><E40/><V123/><F108/><W95/><G110/><T30/><D111/><U79/><E122/><V89/><F37/><W4/><G4/><T3/><D124/><U64/><E64/><V71/><F116/><W120/><G125/><T68/><D130/><U128/><E128/><V106/><F106/><W12/><G63/><T1/><D6/><U65/><E65/><V131/><F131/><W50/><G95/><T16/><D16/><U24/><E10/><V56/><F123/><W7/><G7/><T102/><D102/><U46/><E46/><V59/><F71/><W27/><G12/><T25/><D42/><U54/><E9/><V90/><F8/><W91/><G20/><T45/><D45/><U23/><E32/><V70/><F70/><W127/><G27/><N who="1" m="10282" /><E57/><V15/><F75/><W48/><G38/><T134/><REACH who="0" step="1"/><D33/><REACH who="0" ten="376,177,85,352" step="2"/><U44/><E44/><V17/><F22/><W85/><G47/><T121/><D121/><U39/><E23/><V99/><F21/><W28/><G120/><T36/><D36/><U88/><E39/><V13/><F17/><W118/><G41/><T51/><D51/><U61/><E103/><V5/><F5/><W31/><G43/><T93/><D93/><U100/><E100/><V101/><F101/><W129/><G127/><T19/><D19/><U77/><E98/><V18/><F18/><W0/><G129/><T14/><D14/><U69/><E115/><V109/><F109/><W107/><G112/><RYUUKYOKU ba="0,1" sc="376,30,177,-10,85,-10,352,-10" hai0="1,2,3,25,30,35,62,67,68,73,76,132,134" /><INIT seed="4,1,1,5,3,46" ten="406,167,75,342" oya="0" hai0="78,24,56,77,69,8,30,14,116,62,9,75,73" hai1="92,133,59,57,104,118,63,74,96,54,111,127,13" hai2="129,29,0,61,89,15,131,123,45,76,43,107,90" hai3="65,85,115,31,106,21,124,7,94,130,41,26,1"/><T80/><D69/><U40/><E118/><V17/><F0/><W58/><G106/><T105/><D105/><U97/><E111/><V121/><F107/><W109/><G109/><T135/><D135/><U28/><E74/><V70/><F29/><W52/><G41/><T108/><D108/><U50/><E133/><V120/><F76/><W66/><G1/><T68/><D68/><U39/><E127/><V25/><F25/><W3/><G3/><T112/><D112/><U71/><E28/><V86/><F70/><W72/><G72/><T33/><D116/><U125/><E125/><V2/><F61/><W22/><G7/><T36/><D36/><U10/><E104/><V60/><F60/><W98/><G85/><T93/><D93/><U114/><E114/><V32/><F32/><W55/><G55/><T51/><D14/><U44/><E92/><V122/><F2/><W83/><G83/><T103/><D103/><U27/><E27/><V6/><F6/><W5/><G5/><T82/><REACH who="0" step="1"/><D51/><REACH who="0" ten="396,167,75,342" step="2"/><U81/><E71/><V49/><F123/><W113/><G124/><T101/><D101/><U11/><E13/><V34/><F122/><W134/><G134/><T67/><AGARI ba="1,2" hai="8,9,24,30,33,56,62,67,73,75,77,78,80,82" machi="67" ten="20,7800,0" yaku="1,1,0,1,7,1,9,1,53,0" doraHai="46" doraHaiUra="132" who="0" fromWho="0" sc="396,101,167,-27,75,-27,342,-27" /><INIT seed="4,2,0,1,4,64" ten="497,140,48,315" oya="0" hai0="131,49,32,83,76,11,104,126,40,122,68,38,62" hai1="8,113,71,27,80,47,36,6,9,2,44,67,66" hai2="92,39,60,58,69,34,111,7,72,61,53,85,30" hai3="4,63,74,25,91,81,5,124,90,45,70,43,65"/><T110/><D122/><U120/><E120/><V96/><F72/><W77/><G124/><T46/><D126/><U26/><E113/><V89/><F111/><W10/><G4/><T14/><D32/><U33/><E80/><V75/><F75/><W133/><G25/><T3/><D104/><U132/><E132/><V100/><F39/><W115/><G115/><T99/><D131/><U20/><E20/><V48/><F7/><W17/><G17/><T28/><D28/><U127/><E127/><V59/><F34/><W41/><G41/><T54/><D99/><U98/><E98/><V107/><F30/><W31/><G31/><T93/><D93/><U97/><E97/><V119/><F119/><W15/><G133/><T128/><D3/><U19/><E19/><V116/><F116/><W16/><REACH who="3" step="1"/><G5/><REACH who="3" ten="497,140,48,305" step="2"/><T52/><D128/><U42/><E42/><V86/><F107/><W123/><G123/><T23/><D40/><U102/><E26/><V0/><F0/><W57/><G57/><T56/><D56/><U134/><E27/><V87/><F100/><W101/><G101/><T106/><D106/><U114/><E102/><V88/><F89/><W29/><G29/><T21/><D14/><U121/><E121/><V125/><F125/><W94/><G94/><T117/><D117/><U55/><E2/><V12/><F12/><W112/><G112/><T51/><D110/><U24/><E114/><V135/><F135/><W108/><G108/><T37/><D76/><U22/><E134/><V103/><F103/><W35/><G35/><T50/><D46/><U79/><E33/><RYUUKYOKU ba="2,1" sc="497,-10,140,-10,48,-10,305,30" hai3="10,15,16,43,45,63,65,70,74,77,81,90,91" /><INIT seed="5,3,1,3,5,3" ten="487,130,38,335" oya="1" hai0="2,23,83,26,12,133,72,40,108,115,52,126,60" hai1="119,64,48,95,0,24,32,62,118,130,43,20,38" hai2="47,132,86,44,31,134,10,16,81,49,97,135,121" hai3="120,50,92,89,112,78,14,45,8,90,109,28,58"/><U34/><E0/><V105/><F121/><W4/><G109/><T9/><D2/><U39/><E130/><V102/><F31/><W13/><G112/><T6/><D108/><U71/><E48/><V82/><F47/><W70/><G70/><T74/><D40/><U29/><E95/><V124/><F124/><W116/><G120/><T104/><D104/><U18/><E34/><V128/><F128/><W11/><G116/><T111/><D111/><U56/><E71/><V103/><F103/><W15/><G28/><T85/><D115/><U101/><E101/><V36/><F36/><W84/><G58/><T46/><D126/><U35/><E35/><V79/><F82/><N who="3" m="47191" /><G15/><T106/><D106/><U59/><E59/><V7/><F16/><N who="3" m="8231" /><G92/><T22/><D74/><U27/><E39/><V93/><F105/><W117/><G117/><T51/><D72/><U110/><E110/><V53/><F10/><W68/><G68/><T73/><D73/><U129/><E129/><V25/><F25/><W87/><G87/><T17/><D26/><U91/><E118/><V54/><REACH who="2" step="1"/><F7/><REACH who="2" ten="487,130,28,335" step="2"/><W33/><G33/><T5/><D6/><U65/><E119/><V37/><F37/><W94/><G94/><T66/><D5/><U114/><E114/><V113/><F113/><W127/><G127/><T75/><D75/><U63/><E38/><V55/><AGARI ba="3,2" hai="44,49,53,54,55,79,81,86,93,97,102,132,134,135" machi="55" ten="40,5200,0" yaku="1,1,0,1,20,1,53,0" doraHai="3" doraHaiUra="19" who="2" fromWho="2" sc="487,-16,130,-29,28,81,335,-16" /><INIT seed="6,0,0,3,4,100" ten="471,101,109,319" oya="2" hai0="88,91,38,3,47,42,39,104,49,58,121,69,52" hai1="17,109,16,103,30,15,18,61,77,125,26,45,64" hai2="6,116,12,78,87,50,20,5,129,99,73,59,108" hai3="37,94,66,135,67,90,46,34,33,44,10,124,14"/><V84/><F116/><W7/><G135/><T40/><D3/><U22/><E109/><V75/><F108/><W133/><G133/><T126/><D104/><U76/><E125/><V25/><F75/><W62/><G124/><T130/><D126/><U123/><E123/><V79/><F129/><W120/><G120/><T24/><D24/><U114/><E114/><V96/><F73/><W55/><G67/><T4/><D4/><N who="2" m="1642" /><F12/><W53/><G44/><T112/><D121/><U0/><E0/><V70/><F70/><W19/><G55/><T9/><D9/><U107/><E45/><V48/><F87/><W131/><G53/><T31/><D69/><U122/><E122/><V110/><F84/><W93/><G93/><T21/><D47/><U11/><E103/><V54/><F50/><W43/><G131/><T8/><D49/><U92/><E92/><V118/><F118/><W134/><G134/><T101/><D38/><U23/><E107/><V132/><F132/><W102/><G102/><T68/><D101/><U113/><E113/><V115/><F115/><W98/><G7/><T35/><D68/><AGARI ba="0,0" hai="10,14,19,33,34,37,43,46,62,66,68,90,94,98" machi="68" ten="30,1000,0" yaku="7,1" doraHai="100" who="3" fromWho="0" sc="471,-10,101,0,109,0,319,10" /><INIT seed="7,0,0,1,1,60" ten="461,101,109,329" oya="3" hai0="18,82,61,84,80,44,113,16,10,71,1,25,99" hai1="52,38,95,35,129,93,106,94,30,31,124,115,111" hai2="19,3,29,15,4,27,76,13,92,130,88,28,105" hai3="0,9,102,50,85,112,66,100,20,97,36,69,101"/><W12/><G36/><T81/><D99/><U98/><E111/><V21/><F105/><W24/><G112/><T37/><D113/><U118/><E115/><V17/><F130/><W89/><G0/><T41/><D71/><U109/><E109/><V127/><F127/><W34/><G34/><T7/><D61/><U43/><E124/><V42/><F3/><W79/><G79/><T57/><D57/><U70/><E129/><V131/><F131/><W116/><G116/><T104/><D104/><U48/><E70/><V39/><F76/><W59/><G69/><T134/><D134/><U6/><E118/><V75/><F75/><W72/><G72/><T121/><D121/><U58/><E6/><V83/><F83/><W126/><G126/><T49/><D37/><U128/><E128/><V68/><F68/><W54/><G97/><T125/><D125/><U8/><E8/><N who="2" m="4231" /><F42/><W91/><G85/><T56/><D56/><U133/><E133/><V45/><F45/><W53/><G53/><T86/><D25/><U77/><E77/><V74/><F74/><W123/><G66/><T64/><D64/><U87/><E35/><V55/><F55/><W47/><G47/><T14/><D1/><U46/><REACH who="1" step="1"/><E87/><AGARI ba="0,0" hai="7,10,14,16,18,41,44,49,80,81,82,84,86,87" machi="87" ten="40,2600,0" yaku="8,1,54,1" doraHai="60" who="0" fromWho="1" sc="461,26,101,-26,109,0,329,0" owari="487,58.0,75,-42.0,109,-29.0,329,13.0" /></mjloggm>