<mjloggm ver="2.3"><GO type="169" lobby="0"/><UN n0="%6D%75%6B%69%74%74%69" n1="%E3%81%8B%E3%81%AE%E3%82%93%E2%99%AA" n2="%E5%B0%B1%E6%B4%BB%E7%94%9F%40%E5%B7%9D%E6%9D%91%E8%BB%8D%E5%9B%A3" n3="%E6%A1%9C%E4%BA%95%E3%81%95%E3%82%93" dan="17,17,16,16" rate="2134.56,2121.54,2109.49,2110.40" sx="M,F,M,M"/><TAIKYOKU oya="0"/><INIT seed="0,0,0,0,1,67" ten="250,250,250,250" oya="0" hai0="56,81,24,26,78,39,14,9,119,96,63,80,105" hai1="65,18,95,127,121,97,28,23,98,120,118,60,35" hai2="82,15,25,43,27,12,70,103,73,77,11,33,5" hai3="68,72,50,30,71,29,48,42,40,91,49,22,113"/><T102/><D119/><U13/><E118/><V74/><F74/><W46/><G72/><T38/><D38/><U58/><E127/><V116/><F116/><W115/><G91/><T45/><D39/><U87/><E98/><V108/><F108/><W36/><G36/><T85/><D45/><U99/><E99/><V1/><F103/><W109/><G46/><T125/><D81/><U130/><E130/><V133/><F133/><W107/><G22/><T53/><REACH who="0" step="1"/><D125/><REACH who="0" ten="240,250,250,250" step="2"/><U37/><E37/><V54/><F43/><W79/><G42/><T104/><D104/><U55/><E120/><V128/><F128/><W124/><G107/><T21/><D21/><U61/><E121/><V69/><F33/><W41/><G41/><T84/><D84/><U89/><E35/><V6/><F82/><W8/><G40/><T44/><D44/><U86/><REACH who="1" step="1"/><E28/><REACH who="1" ten="240,240,250,250" step="2"/><V47/><F47/><W122/><G122/><T126/><D126/><U94/><E94/><V110/><F110/><W100/><G124/><T52/><D52/><U17/><E17/><AGARI ba="0,2" hai="9,14,17,24,26,53,56,63,78,80,85,96,102,105" machi="17" ten="30,5800,0" yaku="1,1,7,1,53,1" doraHai="67" doraHaiUra="57" who="0" fromWho="1" sc="240,78,240,-58,250,0,250,0" /><INIT seed="0,1,0,3,0,88" ten="318,182,250,250" oya="0" hai0="28,127,85,74,75,66,62,80,82,55,113,129,50" hai1="51,60,89,110,134,31,72,2,24,4,117,112,18" hai2="131,59,58,17,104,78,132,7,44,48,35,63,54" hai3="107,1,30,73,122,37,23,0,76,61,130,13,70"/><T94/><D113/><U81/><E117/><V21/><F35/><W8/><G37/><T45/><D127/><U12/><E2/><V83/><F131/><W41/><G107/><T87/><D129/><U84/><E4/><V22/><F104/><W133/><G41/><T105/><D105/><U69/><E110/><V26/><F132/><W64/><G130/><T42/><D28/><U57/><E72/><V135/><F135/><W27/><G133/><T68/><D42/><U96/><E96/><V128/><F128/><W6/><G122/><T126/><D126/><U79/><E134/><V86/><F7/><W106/><G106/><T111/><D111/><U115/><E69/><V29/><REACH who="2" step="1"/><F63/><REACH who="2" ten="318,182,240,250" step="2"/><W32/><G32/><T38/><D62/><U92/><E112/><V3/><F3/><W33/><G33/><T91/><D75/><U65/><E115/><V43/><F43/><W49/><G73/><T100/><D74/><U116/><E60/><V14/><AGARI ba="1,1" hai="14,17,21,22,26,29,44,48,54,58,59,78,83,86" machi="14" ten="20,8000,1" yaku="1,1,0,1,7,1,8,1,53,1" doraHai="88" doraHaiUra="40" who="2" fromWho="2" sc="318,-41,182,-21,240,93,250,-21" /><INIT seed="1,0,0,2,3,86" ten="277,161,333,229" oya="1" hai0="36,29,46,58,85,112,26,30,5,130,110,14,65" hai1="0,106,120,28,8,117,80,13,15,32,125,135,45" hai2="74,91,11,114,76,81,72,18,25,70,43,99,63" hai3="51,127,103,49,59,39,66,9,55,62,121,87,75"/><U77/><E117/><V24/><F74/><W78/><G121/><T31/><D112/><U16/><E106/><V33/><F114/><W41/><G75/><T47/><D110/><U52/><E120/><V102/><F43/><W21/><G127/><T67/><D130/><U19/><E0/><V134/><F134/><W79/><G39/><T92/><D36/><U113/><E32/><V50/><F50/><W6/><G103/><T93/><D26/><U12/><E28/><V100/><F25/><W89/><G21/><T123/><D123/><U68/><E68/><V105/><F100/><W116/><G41/><T23/><D5/><U42/><E125/><V73/><F73/><W64/><G51/><T57/><D14/><U40/><E135/><V95/><F11/><W128/><G128/><T107/><D23/><U35/><E35/><V133/><F133/><W118/><G66/><N who="0" m="25099" /><D107/><U44/><E113/><V90/><F95/><N who="0" m="36426" /><D85/><N who="1" m="48271" /><E40/><V10/><F10/><W101/><G101/><T54/><D54/><U84/><E84/><V71/><F71/><W132/><G132/><T7/><D7/><U4/><E42/><V1/><F1/><W56/><G118/><T38/><D38/><U37/><E37/><V131/><F131/><W22/><G116/><T69/><D69/><U129/><E52/><V82/><F70/><W20/><G20/><T96/><D96/><U97/><E97/><V111/><F33/><W2/><G22/><T17/><D17/><N who="1" m="6731" /><E129/><V122/><F122/><W115/><G115/><T119/><D119/><U53/><E53/><V109/><F109/><W27/><G27/><RYUUKYOKU ba="0,0" sc="277,10,161,10,333,-30,229,10" hai0="29,30,31,46,47,57,58" hai1="4,8,12,13,15,44,45" hai3="2,6,9,49,55,56,59,62,64,78,79,87,89" /><INIT seed="1,1,0,0,3,21" ten="287,171,303,239" oya="1" hai0="100,16,48,35,74,96,78,17,81,54,49,115,116" hai1="129,44,131,66,38,122,103,61,1,82,62,130,11" hai2="65,14,70,77,33,26,68,41,128,85,84,5,8" hai3="123,83,34,30,125,112,4,31,87,45,28,114,10"/><U64/><E122/><V3/><F128/><W98/><G123/><T89/><D115/><U75/><E103/><V101/><F41/><W118/><G125/><T53/><D116/><U106/><E106/><V13/><F101/><W46/><G118/><T25/><D89/><U6/><E38/><V113/><F113/><W94/><G114/><T36/><D36/><U67/><REACH who="1" step="1"/><E44/><REACH who="1" ten="287,161,303,239" step="2"/><V69/><F65/><W22/><G112/><T43/><D100/><U55/><E55/><V92/><F70/><W88/><G45/><T72/><D54/><U108/><E108/><V20/><F69/><W121/><G46/><T124/><D53/><U2/><E2/><V105/><F68/><W7/><G121/><T127/><D127/><U99/><E99/><V15/><F105/><W126/><G126/><T29/><D124/><U135/><E135/><V42/><F42/><W76/><G34/><T12/><D96/><U0/><E0/><V73/><F33/><W117/><G117/><T56/><D43/><U27/><E27/><V40/><F40/><W60/><G60/><T97/><D35/><U18/><E18/><V63/><F63/><W93/><G98/><T59/><D17/><U47/><E47/><V58/><F26/><W80/><G7/><T19/><D19/><U107/><E107/><V132/><F5/><W119/><G4/><T102/><D97/><U39/><E39/><V24/><F3/><W32/><G32/><T133/><D102/><U90/><E90/><V51/><F24/><W120/><G119/><T57/><D25/><U23/><E23/><V52/><F20/><RYUUKYOKU ba="1,1" sc="287,-10,161,30,303,-10,239,-10" hai1="1,6,11,61,62,64,66,67,75,82,129,130,131" /><INIT seed="1,2,1,2,2,24" ten="277,191,293,229" oya="1" hai0="126,28,40,54,130,60,68,62,16,83,22,59,56" hai1="127,81,42,14,20,2,39,21,132,105,55,63,7" hai2="84,4,93,100,115,38,6,51,33,74,64,58,133" hai3="101,50,118,75,96,53,76,82,110,85,3,87,94"/><U0/><E105/><V121/><F74/><W80/><G110/><T69/><D126/><U103/><E103/><V78/><F33/><W65/><G118/><T95/><D130/><U107/><E107/><V8/><F38/><W45/><G3/><T135/><D135/><U112/><E39/><V134/><F121/><W113/><G113/><T102/><D40/><U109/><E42/><V92/><F115/><W99/><G65/><T70/><D83/><U29/><E112/><V114/><F114/><W52/><G53/><T48/><D28/><U117/><E20/><V66/><F51/><W72/><REACH who="3" step="1"/><G99/><REACH who="3" ten="277,191,293,219" step="2"/><T125/><D54/><U31/><E55/><V9/><F66/><W49/><G49/><T129/><D48/><U116/><E117/><V18/><F64/><W17/><G17/><T57/><D16/><U12/><E116/><V36/><F36/><W89/><AGARI ba="2,2" hai="45,50,52,72,75,76,80,82,85,87,89,94,96,101" machi="89" ten="20,8000,1" yaku="1,1,0,1,7,1,54,1,53,1" doraHai="24" doraHaiUra="41" who="3" fromWho="3" sc="277,-22,191,-42,293,-22,219,106" /><INIT seed="2,0,0,2,5,113" ten="255,149,271,325" oya="2" hai0="71,21,61,63,89,108,126,124,30,94,53,26,70" hai1="90,110,32,22,133,114,5,37,85,104,7,131,67" hai2="14,39,55,97,80,64,58,121,130,125,112,135,74" hai3="72,102,44,27,56,83,47,106,40,49,36,92,48"/><V34/><F39/><W93/><G36/><T52/><D108/><U119/><E22/><V107/><F34/><W91/><G56/><N who="0" m="34951" /><D53/><U111/><E67/><V11/><F121/><W23/><G106/><T100/><D63/><U134/><E32/><V132/><F64/><W76/><G102/><T95/><D100/><U4/><E104/><V46/><F46/><W35/><G35/><T57/><D57/><U68/><E68/><N who="0" m="26153" /><D89/><U62/><E62/><V25/><F25/><W101/><G101/><T19/><D30/><U33/><E33/><V81/><F97/><W129/><G129/><T54/><D54/><U87/><E131/><V66/><F66/><W3/><G3/><T116/><D116/><U51/><E114/><V0/><F107/><W16/><G91/><T99/><D99/><U43/><E37/><V24/><F74/><W41/><AGARI ba="0,0" hai="16,23,27,40,41,44,47,48,49,72,76,83,92,93" machi="41" ten="20,5200,0" yaku="0,1,7,1,9,1,54,1" doraHai="113" who="3" fromWho="3" sc="255,-13,149,-13,271,-26,325,52" /><INIT seed="3,0,0,3,1,11" ten="242,136,245,377" oya="3" hai0="8,9,69,52,112,66,38,3,127,46,78,58,25" hai1="24,76,80,10,121,90,94,113,101,105,18,124,59" hai2="57,43,47,20,98,68,33,5,86,131,117,87,45" hai3="12,126,123,0,2,62,40,16,44,23,81,19,48"/><W104/><G123/><T73/><D127/><U37/><E121/><V79/><F33/><W109/><G126/><T39/><D112/><U119/><E113/><V13/><F68/><W102/><G109/><T133/><D133/><U111/><E111/><V95/><F117/><W4/><G4/><T97/><D97/><U1/><E101/><V82/><F131/><W34/><G34/><T22/><D69/><U85/><E105/><V61/><F86/><W96/><G62/><T77/><D66/><U114/><E114/><V14/><F20/><W67/><G67/><T64/><D64/><U92/><E37/><V55/><F5/><W32/><G32/><T110/><D110/><U70/><E70/><V42/><F47/><W53/><G81/><T31/><D73/><U15/><E1/><V91/><REACH who="2" step="1"/><F42/><REACH who="2" ten="242,136,235,377" step="2"/><W35/><G35/><T107/><D46/><U27/><E124/><V36/><AGARI ba="0,1" hai="13,14,36,43,45,55,57,61,79,82,87,91,95,98" machi="36" ten="20,12000,2" yaku="1,1,2,1,0,1,7,1,52,2,53,0" doraHai="11" doraHaiUra="103" who="2" fromWho="2" sc="242,-30,136,-30,235,130,377,-60" /><INIT seed="4,0,0,4,2,101" ten="212,106,365,317" oya="0" hai0="125,80,9,17,19,81,40,42,43,59,118,10,90" hai1="129,104,83,82,12,64,115,108,69,112,106,26,24" hai2="39,2,35,95,46,22,72,67,30,122,73,25,135" hai3="1,79,77,47,123,63,93,48,38,102,71,16,126"/><T116/><D59/><U111/><E69/><V50/><F122/><W103/><G1/><T29/><D29/><U92/><E64/><V21/><F2/><W87/><G38/><T76/><D90/><U44/><E44/><V27/><F39/><W74/><G74/><T75/><D125/><U100/><E12/><V114/><F114/><N who="1" m="43561" /><E92/><V88/><F67/><W70/><G123/><T56/><D56/><U15/><E15/><V8/><F8/><N who="0" m="3178" /><D76/><U41/><E41/><V3/><F3/><W119/><G119/><N who="0" m="45611" /><D75/><U89/><E89/><V68/><F68/><W61/><G126/><T31/><D31/><U33/><E100/><N who="3" m="38442" /><G71/><T98/><D98/><U5/><E5/><V107/><F73/><W94/><G70/><T131/><D131/><U49/><E49/><V62/><F50/><W117/><G117/><T133/><D133/><U130/><E33/><V124/><F35/><W97/><G97/><T134/><D134/><U109/><E129/><V18/><F46/><W14/><G63/><T128/><D128/><U6/><E130/><V113/><F62/><W78/><G61/><T53/><D53/><U37/><E37/><V85/><F135/><W32/><G32/><T91/><D91/><U11/><E6/><V132/><F132/><W105/><G94/><T84/><D84/><U23/><E11/><V36/><F36/><W99/><G93/><T34/><D34/><U110/><E110/><V13/><F124/><W7/><G7/><T52/><D52/><U28/><E26/><V54/><F72/><W96/><G87/><T66/><D66/><U65/><E65/><RYUUKYOKU ba="0,0" sc="212,15,106,15,365,-15,317,-15" hai0="17,19,40,42,43,80,81" hai1="23,24,28,82,83,104,106,108,109,111" /><INIT seed="4,1,0,1,4,74" ten="227,121,350,302" oya="0" hai0="45,114,14,30,81,25,16,54,29,38,72,47,132" hai1="57,106,7,59,131,64,56,105,135,102,50,62,75" hai2="44,67,120,110,92,126,46,53,129,60,21,73,36" hai3="37,32,22,8,69,95,99,24,51,84,118,68,98"/><T34/><D114/><U107/><E131/><V23/><F110/><W63/><G37/><T133/><D30/><U61/><E135/><N who="0" m="51785" /><D38/><U117/><E117/><V94/><F73/><W96/><G32/><T134/><N who="0" m="51793" /><T1/><DORA hai="93" /><D1/><U13/><E75/><V123/><F126/><W71/><G118/><T79/><D54/><U3/><E3/><V19/><F129/><W89/><G51/><T10/><AGARI ba="1,0" hai="10,14,16,25,29,34,45,47,72,79,81" m="51793" machi="10" ten="40,7800,0" yaku="20,1,52,1,54,1" doraHai="74,93" who="0" fromWho="0" sc="227,81,121,-27,350,-27,302,-27" /><INIT seed="4,2,0,3,4,111" ten="308,94,323,275" oya="0" hai0="48,70,54,124,39,24,127,133,40,94,0,79,20" hai1="59,55,112,58,85,89,34,92,60,22,117,83,131" hai2="28,102,71,19,44,12,104,93,53,49,25,10,106" hai3="62,50,116,113,47,3,101,97,80,120,134,21,64"/><T105/><D105/><U56/><E117/><V75/><F71/><W69/><G116/><T100/><D0/><U78/><E34/><V15/><F75/><W7/><G134/><T18/><D70/><U103/><E131/><V6/><F102/><W33/><G33/><T65/><D65/><U26/><E103/><V132/><F93/><W114/><G120/><T77/><D133/><U107/><E107/><V57/><F44/><W68/><G68/><T5/><D5/><U46/><E46/><V81/><F81/><W51/><G21/><T11/><D11/><U66/><E66/><V118/><F118/><W98/><G80/><T96/><D40/><U121/><E112/><N who="3" m="43114" /><G47/><N who="0" m="27935" /><D39/><U30/><REACH who="1" step="1"/><E121/><REACH who="1" ten="308,84,323,275" step="2"/><V95/><F132/><W87/><G101/><T74/><D74/><AGARI ba="2,1" hai="22,26,30,55,56,58,59,60,74,78,83,85,89,92" machi="74" ten="30,3900,0" yaku="1,1,2,1,7,1,53,0" doraHai="111" doraHaiUra="119" who="1" fromWho="0" sc="308,-45,84,55,323,0,275,0" /><INIT seed="5,0,0,1,4,31" ten="263,139,323,275" oya="1" hai0="134,122,108,60,33,117,132,61,2,59,120,121,89" hai1="10,78,79,67,99,106,69,43,46,86,37,97,70" hai2="0,36,131,53,64,25,13,34,81,39,40,123,62" hai3="126,109,83,41,133,17,82,23,129,20,115,55,90"/><U6/><E67/><V114/><F0/><W24/><G109/><T50/><D2/><U47/><E47/><V51/><F123/><W124/><G115/><T35/><D108/><U16/><E16/><V101/><F13/><W18/><G129/><T105/><D117/><U76/><E86/><V44/><F101/><W14/><G133/><N who="0" m="51307" /><D105/><U26/><E26/><V113/><F81/><W4/><G41/><T100/><D100/><U72/><E72/><V74/><F131/><W3/><G4/><T112/><D112/><N who="2" m="43114" /><F74/><W32/><G3/><T85/><D50/><U130/><E130/><V75/><F75/><W98/><G55/><N who="0" m="33919" /><D61/><U15/><REACH who="1" step="1"/><E106/><REACH who="1" ten="263,129,323,275" step="2"/><V5/><F5/><W107/><G107/><T19/><D19/><U135/><E135/><V80/><F64/><W125/><G18/><T21/><D21/><U49/><E49/><V84/><F51/><W128/><G128/><T95/><AGARI ba="0,1" hai="33,35,85,89,95,120,121,122" m="33919,51307" machi="95" ten="40,8000,1" yaku="13,1,20,1,52,2" doraHai="31" who="0" fromWho="0" sc="263,90,129,-40,323,-20,275,-20" /><INIT seed="6,0,0,5,0,59" ten="353,89,303,255" oya="2" hai0="133,102,125,61,47,109,86,122,84,119,27,111,130" hai1="87,117,0,110,56,41,79,82,7,120,103,80,76" hai2="96,135,31,57,3,55,68,74,9,12,19,26,92" hai3="106,14,73,45,72,34,63,95,67,50,4,37,128"/><V23/><F135/><W48/><G106/><T1/><D1/><U25/><E110/><V118/><F118/><W20/><G34/><T123/><D133/><U44/><E0/><V129/><F129/><W116/><G116/><T17/><D119/><U52/><E7/><V127/><F127/><W16/><G128/><T43/><D130/><U134/><E117/><V65/><F74/><W113/><G37/><T93/><D125/><U38/><E134/><V90/><F3/><W33/><G33/><T69/><D86/><U58/><E120/><V62/><REACH who="2" step="1"/><F68/><REACH who="2" ten="353,89,293,255" step="2"/><W60/><G73/><T126/><D69/><U28/><E103/><V101/><F101/><W18/><G72/><T22/><D102/><U132/><E132/><V114/><F114/><W54/><G113/><T36/><D126/><U53/><E58/><V30/><F30/><W83/><G45/><T66/><D47/><U108/><E108/><V131/><F131/><W5/><G5/><T91/><D111/><U39/><E56/><V107/><F107/><W88/><G4/><T98/><D109/><U49/><E39/><V124/><F124/><W10/><G18/><T13/><D36/><U85/><REACH who="1" step="1"/><E38/><REACH who="1" ten="353,79,293,255" step="2"/><V35/><F35/><AGARI ba="0,2" hai="25,28,35,41,44,49,52,53,76,79,80,82,85,87" machi="35" ten="30,12000,2" yaku="1,1,2,1,7,1,9,1,54,1,53,1" doraHai="59" doraHaiUra="46" who="1" fromWho="2" sc="353,0,79,140,293,-120,255,0" /><INIT seed="7,0,0,4,2,83" ten="353,219,173,255" oya="3" hai0="46,87,59,102,67,85,37,31,42,112,129,21,114" hai1="11,68,64,17,7,3,57,99,119,14,130,89,26" hai2="48,74,124,94,77,75,100,92,23,36,123,116,25" hai3="97,86,19,90,109,5,30,50,22,63,79,33,51"/><W40/><G109/><T8/><D129/><U45/><E68/><V132/><F116/><W61/><G5/><T98/><D8/><U93/><E130/><V131/><F131/><W2/><G2/><T113/><D67/><U101/><E119/><V54/><F36/><W118/><G118/><T110/><D59/><U10/><E45/><V69/><F69/><W28/><G79/><T12/><D110/><U120/><E120/><V55/><F124/><W73/><G73/><T52/><D52/><U71/><E71/><V39/><F39/><W133/><G97/><T80/><D80/><U18/><E26/><V44/><F123/><W104/><G104/><N who="0" m="63575" /><D12/><N who="1" m="7327" /><E3/><V82/><F132/><W91/><G33/><T27/><AGARI ba="0,0" hai="21,27,31,37,42,46,85,87,112,113,114" m="63575" machi="27" ten="40,8000,1" yaku="15,1,11,1,52,2" doraHai="83" who="0" fromWho="0" sc="353,80,219,-20,173,-20,255,-40" owari="433,53.0,199,-20.0,153,-35.0,215,2.0" /></mjloggm>