<mjloggm ver="2.3"><GO type="169" lobby="0"/><UN n0="%E3%82%A6%E3%83%AB%E3%83%88%E3%83%A9%E7%AB%8B%E7%9B%B4" n1="%73%68%6F%6F%74%33%39" n2="%6B%6F%6A%69%6D%6F%6E%39" n3="%34%E7%95%99" dan="18,17,16,16" rate="2214.09,2117.82,2140.77,2085.25" sx="M,M,M,M"/><TAIKYOKU oya="0"/><INIT seed="0,0,0,1,0,104" ten="250,250,250,250" oya="0" hai0="92,40,54,23,6,47,68,108,86,103,101,62,59" hai1="94,51,45,34,114,82,72,3,91,112,116,85,126" hai2="134,53,119,111,42,98,56,16,93,124,25,96,52" hai3="99,65,41,132,60,21,113,7,88,19,10,24,81"/><T120/><D120/><U20/><E116/><V125/><F119/><W74/><G113/><N who="1" m="43626" /><E34/><V61/><F111/><W17/><G41/><T115/><D115/><U67/><E3/><V29/><F134/><W18/><G132/><T107/><D107/><U63/><E20/><N who="2" m="13447" /><F42/><W121/><G121/><T46/><D68/><N who="1" m="42111" /><E126/><N who="2" m="48747" /><F29/><N who="3" m="17551" /><G74/><T28/><D6/><U78/><E51/><V76/><F76/><W95/><G81/><T14/><D108/><U97/><E45/><N who="0" m="16905" /><D40/><U122/><E122/><V70/><F70/><W27/><G27/><N who="0" m="16511" /><D14/><U129/><E129/><V9/><F9/><W38/><G38/><T64/><D64/><U39/><E39/><V31/><F31/><W12/><G65/><T71/><D71/><U110/><E110/><V80/><F53/><W50/><G50/><T4/><D4/><U109/><E109/><V44/><F44/><W22/><G22/><T66/><D66/><U11/><E11/><V102/><F80/><W43/><G43/><T128/><D128/><U130/><E130/><V15/><F15/><W5/><G5/><T87/><D92/><U13/><E13/><V106/><F93/><W89/><G60/><T37/><D37/><U77/><E77/><V35/><F35/><W26/><G26/><T84/><AGARI ba="0,0" hai="54,59,62,84,86,87,101,103" m="16511,16905" machi="84" ten="30,1500,0" yaku="8,1" doraHai="104" who="0" fromWho="0" sc="250,15,250,-5,250,-5,250,-5" /><INIT seed="0,1,0,2,3,38" ten="265,245,245,245" oya="0" hai0="48,21,118,116,50,106,12,81,84,26,43,52,40" hai1="87,30,8,92,83,58,3,20,13,5,10,76,29" hai2="73,15,121,103,82,34,111,127,17,77,98,39,95" hai3="99,67,23,0,112,88,6,120,7,45,132,125,105"/><T46/><D106/><U57/><E92/><V104/><F121/><W14/><G112/><T4/><D118/><U24/><REACH who="1" step="1"/><E30/><REACH who="1" ten="265,235,245,245" step="2"/><V134/><F95/><N who="3" m="56807" /><G105/><T110/><D116/><U126/><E126/><V89/><F127/><W54/><G125/><T71/><D110/><U102/><E102/><V122/><F111/><W117/><G120/><T75/><D71/><U128/><E128/><V49/><F122/><W25/><G117/><T28/><D75/><U42/><E42/><V33/><F103/><W93/><G132/><T74/><D74/><U11/><E11/><V96/><F104/><W22/><G93/><T16/><D50/><U107/><E107/><V113/><F134/><W123/><G123/><T36/><D36/><U114/><E114/><V9/><F39/><W91/><G67/><T97/><D97/><U85/><E85/><V135/><F113/><W37/><G37/><T78/><REACH who="0" step="1"/><D4/><AGARI ba="1,1" hai="3,4,5,8,10,13,20,24,29,57,58,76,83,87" machi="4" ten="30,2000,0" yaku="1,1,7,1,53,0" doraHai="38" doraHaiUra="119" who="1" fromWho="0" sc="265,-23,235,33,245,0,245,0" /><INIT seed="1,0,0,2,2,3" ten="242,268,245,245" oya="1" hai0="74,12,109,105,125,80,96,89,40,42,7,101,85" hai1="66,90,115,16,13,24,120,79,36,114,22,44,33" hai2="91,83,82,72,107,31,129,4,41,58,69,123,117" hai3="103,88,17,110,132,35,77,73,131,57,27,86,76"/><U61/><E120/><V118/><F123/><W46/><G73/><T87/><D109/><U32/><E79/><N who="3" m="30282" /><G132/><T119/><D119/><U108/><E108/><V135/><F107/><W116/><G35/><T38/><D125/><U84/><E36/><V92/><F69/><W55/><G110/><T9/><D38/><U20/><E44/><V78/><F31/><W81/><G131/><T21/><D74/><U124/><E124/><V11/><F129/><W133/><G133/><T49/><D49/><U26/><E33/><V39/><F83/><W53/><G103/><T54/><D54/><N who="3" m="20489" /><G57/><T75/><D75/><U65/><E32/><V94/><F58/><W5/><G116/><T51/><D51/><U95/><E13/><V48/><F48/><W34/><G34/><T64/><D64/><U37/><E37/><V126/><F126/><W130/><G130/><T62/><D62/><U50/><E50/><V134/><F135/><W122/><G122/><T71/><D71/><U2/><E2/><N who="2" m="407" /><F134/><W30/><G30/><T102/><D102/><U111/><E111/><V45/><F94/><W93/><G81/><T43/><D43/><U0/><E0/><V59/><F59/><W128/><G46/><T97/><D42/><U68/><REACH who="1" step="1"/><E66/><REACH who="1" ten="242,258,245,245" step="2"/><V60/><F60/><W63/><G63/><T99/><D40/><U25/><E25/><V6/><F118/><W113/><G128/><T8/><D12/><U127/><E127/><V106/><F117/><W23/><G113/><T15/><D15/><U56/><E56/><V104/><F39/><W10/><G10/><T19/><D9/><RYUUKYOKU ba="0,1" sc="242,-15,258,15,245,-15,245,15" hai1="16,20,22,24,26,61,65,68,84,90,95,114,115" hai3="5,17,23,27,86,88,93" /><INIT seed="1,1,1,2,3,17" ten="227,273,230,260" oya="1" hai0="63,33,6,72,113,102,55,96,80,8,2,12,119" hai1="24,89,31,126,93,120,135,84,0,130,20,74,88" hai2="15,109,11,90,83,52,68,3,94,35,22,124,127" hai3="87,26,108,56,58,131,111,9,75,129,99,70,34"/><U79/><E120/><V43/><F68/><W78/><G9/><T115/><D119/><U27/><E0/><V13/><F35/><W48/><G70/><T125/><D33/><U104/><E104/><V32/><F32/><W98/><G75/><T21/><D125/><N who="2" m="48202" /><F109/><N who="3" m="42059" /><G87/><T107/><D55/><U44/><E126/><V121/><F121/><W62/><G48/><T51/><D51/><U18/><E135/><V61/><F43/><W91/><G78/><T40/><D40/><U76/><E74/><V69/><F69/><W54/><G58/><T23/><D63/><U97/><E130/><N who="3" m="49674" /><G91/><T39/><D39/><U28/><E44/><V29/><F83/><W82/><G82/><T37/><D37/><U16/><E79/><V77/><F77/><W10/><G10/><T42/><D42/><U50/><E50/><V128/><F128/><W105/><G105/><T57/><D57/><U66/><E76/><V134/><F11/><W112/><G112/><T1/><D80/><N who="1" m="49159" /><E66/><V41/><F41/><W103/><G103/><T36/><D72/><U73/><E73/><V60/><F60/><W46/><G46/><T14/><D36/><U71/><E71/><V86/><F3/><W117/><G117/><T106/><D106/><U65/><E65/><V101/><F61/><W45/><G45/><T30/><D115/><U38/><E38/><V81/><F101/><W53/><G53/><T5/><D113/><U122/><E122/><V110/><F52/><W118/><G118/><T123/><D123/><U7/><E7/><V116/><F116/><W92/><G92/><T114/><D6/><RYUUKYOKU ba="1,1" sc="227,-15,273,15,230,-15,260,15" hai1="16,18,20,24,27,28,31,89,93,97" hai3="26,34,54,56,62,98,99" /><INIT seed="1,2,1,4,4,60" ten="212,288,215,275" oya="1" hai0="69,57,79,132,76,70,89,64,126,127,24,37,93" hai1="13,43,9,32,12,128,71,14,74,109,96,111,40" hai2="97,15,5,45,6,41,75,54,112,83,66,50,88" hai3="105,23,28,108,135,29,91,72,47,113,22,10,36"/><U134/><E74/><V34/><F34/><W110/><G72/><T56/><D37/><U86/><E32/><V129/><F129/><W103/><G113/><T101/><D101/><U2/><E128/><V53/><F112/><W7/><G103/><T35/><D24/><U131/><E131/><V115/><F115/><W80/><G105/><T125/><D35/><U11/><E96/><V94/><F75/><W119/><G91/><T130/><D130/><U120/><E120/><V133/><F133/><W121/><G80/><T55/><D132/><U123/><E123/><V73/><F73/><W98/><G98/><N who="0" m="57647" /><D64/><U44/><E134/><V116/><F116/><W106/><G106/><T63/><D57/><U102/><E102/><V68/><F83/><W124/><G135/><T59/><D56/><U31/><E31/><N who="3" m="11850" /><G121/><T51/><D63/><U61/><E86/><V46/><F68/><AGARI ba="2,1" hai="51,55,59,68,69,70,76,79,125,126,127" m="57647" machi="68" ten="40,1300,0" yaku="18,1" doraHai="60" who="0" fromWho="2" sc="212,29,288,0,215,-19,275,0" /><INIT seed="2,0,0,2,5,129" ten="241,288,196,275" oya="2" hai0="55,73,47,131,86,39,80,95,133,57,14,97,36" hai1="64,26,118,50,123,16,46,134,102,76,53,104,111" hai2="49,115,121,94,128,74,130,38,40,98,88,63,119" hai3="84,23,29,24,70,45,122,82,62,19,125,11,33"/><V83/><F121/><W20/><G125/><T120/><D73/><U127/><E118/><V114/><F119/><W92/><G122/><T79/><D120/><U43/><E123/><V103/><F38/><W67/><G92/><T65/><D131/><N who="2" m="50218" /><F63/><W28/><G45/><T8/><D47/><U34/><E127/><V109/><F109/><W99/><G29/><T135/><D65/><U116/><E64/><V5/><F5/><W56/><G70/><T89/><D39/><U126/><E111/><V44/><F74/><W48/><G48/><T96/><D96/><U9/><E50/><V90/><F83/><W66/><G99/><T112/><D112/><AGARI ba="0,0" hai="40,44,49,88,90,94,98,103,112,114,115" m="50218" machi="112" ten="30,2900,0" yaku="19,1,54,1" doraHai="129" who="2" fromWho="0" sc="241,-29,288,0,196,29,275,0" /><INIT seed="2,1,0,0,0,130" ten="212,288,225,275" oya="2" hai0="98,63,51,14,115,58,57,24,86,62,101,52,37" hai1="121,111,108,94,38,13,80,56,123,60,99,82,49" hai2="133,55,26,47,107,6,73,75,124,112,72,10,43" hai3="21,41,4,50,3,132,11,79,23,66,25,20,32"/><V128/><F112/><W35/><G79/><T118/><D37/><U110/><E38/><V15/><F107/><W77/><G66/><T19/><D115/><U48/><E13/><V129/><F124/><W45/><G77/><T127/><D127/><U54/><E82/><V119/><F119/><W34/><REACH who="3" step="1"/><G25/><REACH who="3" ten="212,288,225,265" step="2"/><T1/><D24/><U91/><REACH who="1" step="1"/><E80/><REACH who="1" ten="212,278,225,265" step="2"/><V27/><F129/><W120/><G120/><AGARI ba="1,2" hai="48,49,54,56,60,91,94,99,108,110,111,120,121,123" machi="120" ten="50,8000,1" yaku="1,1,2,1,14,1,13,1,53,1" doraHai="130" doraHaiUra="88" who="1" fromWho="3" sc="212,0,278,103,225,0,265,-83" /><INIT seed="3,0,0,2,4,121" ten="212,381,225,182" oya="3" hai0="66,72,81,51,79,56,69,10,28,93,7,50,67" hai1="100,117,111,43,41,31,99,40,63,59,49,39,23" hai2="102,19,68,5,73,104,58,84,114,119,101,135,96" hai3="85,128,116,115,87,132,65,134,34,60,2,113,29"/><W13/><G13/><T90/><D28/><U107/><E117/><V80/><F114/><N who="3" m="43531" /><G2/><T42/><D69/><U32/><E39/><V64/><F135/><N who="3" m="51755" /><G116/><T133/><D133/><U62/><E32/><V57/><F119/><W122/><G29/><T53/><D50/><U45/><E63/><V46/><F5/><W74/><G34/><T130/><D42/><U16/><E111/><V47/><F19/><W86/><G122/><T27/><D130/><U125/><E125/><V123/><F123/><W52/><G74/><T75/><D27/><U37/><E37/><V12/><F73/><W20/><G20/><T48/><D48/><U22/><E22/><V1/><F12/><W126/><G128/><T3/><D75/><U105/><E105/><V44/><F1/><W15/><G15/><T11/><REACH who="0" step="1"/><D10/><REACH who="0" ten="202,381,225,182" step="2"/><U92/><E31/><V112/><F68/><N who="3" m="42023" /><G126/><T6/><D6/><U70/><E70/><V55/><F104/><W26/><G26/><T76/><D76/><U110/><E107/><V89/><F112/><W97/><G97/><AGARI ba="0,1" hai="3,7,11,51,53,56,66,67,72,79,81,90,93,97" machi="97" ten="30,2000,0" yaku="1,1,7,1,53,0" doraHai="121" doraHaiUra="8" who="0" fromWho="3" sc="202,30,381,0,225,0,182,-20" /><INIT seed="4,0,0,2,4,43" ten="232,381,225,162" oya="0" hai0="5,111,47,32,71,69,22,46,7,33,18,56,76" hai1="117,11,51,4,38,103,109,24,64,49,42,131,17" hai2="40,125,58,29,15,28,62,2,88,14,68,107,9" hai3="100,116,81,130,95,34,110,104,59,121,54,132,65"/><T126/><D126/><U94/><E109/><V63/><F107/><W27/><G116/><T114/><D111/><U124/><E117/><V123/><F123/><W13/><G110/><T77/><D56/><U25/><E131/><V84/><F125/><W85/><G104/><T89/><D22/><U106/><E64/><V70/><F40/><W80/><G132/><T93/><D93/><U23/><E106/><V39/><F39/><W90/><G130/><T50/><D50/><U57/><E25/><V82/><F2/><W92/><G65/><T112/><D89/><U91/><E103/><V75/><F75/><W96/><G121/><T1/><D18/><U36/><E51/><V78/><F78/><W127/><G127/><T26/><D26/><U86/><E124/><V105/><F105/><W3/><G3/><AGARI ba="0,0" hai="1,3,5,7,32,33,46,47,69,71,76,77,112,114" machi="3" ten="25,9600,0" yaku="22,2,52,2" doraHai="43" who="0" fromWho="3" sc="232,96,381,0,225,0,162,-96" /><INIT seed="4,1,0,1,0,133" ten="328,381,225,66" oya="0" hai0="90,62,40,89,10,135,36,15,85,125,83,9,105" hai1="76,56,102,21,59,110,63,103,107,117,86,119,69" hai2="48,4,84,112,42,27,118,23,72,32,104,81,5" hai3="58,51,129,120,96,74,113,132,68,75,29,43,39"/><T6/><D105/><U95/><E110/><V7/><F112/><W8/><G129/><T12/><D135/><U0/><E0/><V19/><F104/><W65/><G113/><T53/><D125/><U98/><E69/><V26/><F118/><W79/><G132/><T67/><D53/><U17/><E59/><V131/><F131/><W73/><G79/><T121/><D121/><U128/><E128/><V50/><F72/><W60/><G120/><T64/><D62/><U127/><E127/><V122/><F122/><W16/><G29/><T31/><D31/><U41/><E41/><V99/><F99/><W1/><G96/><T37/><D37/><U3/><E3/><V77/><F42/><W134/><G1/><T126/><D126/><U94/><E107/><V97/><F97/><W130/><G130/><T35/><D35/><U25/><E103/><V78/><F78/><W22/><G8/><T93/><D40/><U70/><E70/><V14/><F32/><W115/><G115/><T114/><D36/><U44/><E44/><V54/><REACH who="2" step="1"/><F50/><REACH who="2" ten="328,381,215,66" step="2"/><W116/><G134/><T33/><D33/><U52/><E76/><V101/><F101/><W109/><G116/><T57/><D114/><U108/><E108/><V49/><F49/><W61/><G109/><T91/><D91/><N who="1" m="53623" /><E119/><V123/><F123/><W88/><G51/><T106/><D106/><U87/><E117/><V38/><F38/><W66/><G88/><T18/><D89/><U71/><E87/><V111/><F111/><W34/><G34/><T45/><D85/><U55/><E71/><V24/><F24/><RYUUKYOKU ba="1,1" sc="328,-15,381,15,215,15,66,-15" hai1="17,21,25,52,55,56,63,95,98,102" hai2="4,5,7,14,19,23,26,27,48,54,77,81,84" /><INIT seed="5,2,1,3,4,30" ten="313,396,230,51" oya="1" hai0="114,76,32,106,90,112,97,39,9,132,87,125,12" hai1="15,94,71,14,115,42,8,73,68,5,126,34,63" hai2="50,56,89,130,53,51,91,118,74,103,109,45,57" hai3="102,40,124,58,100,79,49,80,75,13,119,33,3"/><U113/><E73/><V41/><F118/><W43/><G3/><T61/><D39/><U101/><E42/><V135/><F109/><W96/><G124/><T24/><D61/><U19/><E126/><V81/><F130/><W108/><G108/><T44/><D44/><U46/><E46/><V78/><F135/><W23/><G119/><T54/><D54/><U99/><E34/><V70/><F70/><W16/><G33/><T55/><D55/><U120/><E120/><V0/><F0/><W65/><G49/><T6/><D76/><U22/><REACH who="1" step="1"/><E63/><REACH who="1" ten="313,386,230,51" step="2"/><V92/><F41/><W88/><G40/><T133/><D125/><U128/><E128/><V28/><F45/><W69/><G43/><T35/><D133/><U25/><E25/><V121/><F74/><W85/><G69/><AGARI ba="2,2" hai="5,8,14,15,19,22,68,69,71,94,99,101,113,115" machi="69" ten="40,2000,0" yaku="1,1,53,0" doraHai="30" doraHaiUra="37" who="1" fromWho="3" sc="313,0,386,46,230,0,51,-26" /><INIT seed="5,3,0,4,3,112" ten="313,432,230,25" oya="1" hai0="62,4,122,73,55,130,86,98,3,81,94,51,110" hai1="87,36,100,53,83,133,0,70,31,16,46,27,96" hai2="25,37,8,28,64,45,134,107,20,77,32,23,113" hai3="60,67,34,82,35,65,72,132,111,33,93,120,104"/><U103/><E0/><V21/><F107/><W128/><G120/><T117/><D73/><U129/><E70/><V90/><F77/><N who="3" m="44327" /><G93/><T123/><D62/><U84/><E133/><V29/><F64/><W108/><G132/><T106/><D106/><U74/><E129/><V7/><F90/><W40/><G40/><T39/><D39/><U54/><E74/><V124/><F45/><W116/><G104/><T1/><D110/><N who="3" m="42025" /><G128/><T105/><D105/><U56/><E96/><V92/><F37/><W30/><G67/><T80/><D94/><U97/><E97/><V75/><F92/><W2/><G30/><T17/><D98/><U58/><E46/><V121/><F75/><W79/><G79/><T99/><D99/><U19/><E36/><V13/><F121/><W71/><G2/><T61/><D1/><U101/><E31/><V78/><F78/><W95/><G95/><T63/><D3/><U47/><E47/><V38/><F38/><W85/><G85/><N who="1" m="32842" /><E83/><V52/><F134/><W102/><G102/><T135/><D86/><U24/><E58/><V15/><F29/><W69/><G69/><T50/><D135/><U57/><E57/><V18/><F28/><W59/><G59/><T5/><D130/><U43/><E43/><V131/><F131/><W89/><G89/><T76/><D76/><U66/><E66/><V12/><F32/><N who="3" m="8195" /><W115/><DORA hai="10" /><G115/><T41/><D41/><U44/><E44/><V125/><F113/><W88/><G88/><T22/><D123/><U126/><E103/><V114/><F114/><W42/><G42/><T11/><D122/><RYUUKYOKU ba="3,0" sc="313,-10,432,-10,230,-10,25,30" hai3="60,65,71,116" /><INIT seed="6,4,0,1,1,126" ten="303,422,220,55" oya="2" hai0="48,133,60,27,21,11,90,82,28,96,10,77,71" hai1="107,38,125,16,36,109,116,115,25,23,7,72,55" hai2="30,122,110,9,118,132,35,40,123,58,114,24,65" hai3="1,75,53,135,87,69,32,8,51,83,59,63,130"/><V76/><F118/><W74/><G32/><T34/><D133/><U57/><E116/><V85/><F114/><W14/><G135/><T121/><D121/><U88/><E109/><V15/><F132/><W80/><G1/><T94/><D34/><U89/><E72/><V93/><F40/><W43/><G83/><T42/><D60/><U5/><E107/><V119/><F119/><W67/><G43/><T73/><D71/><U120/><E125/><V29/><F29/><W47/><G69/><T66/><D66/><U127/><E127/><V49/><F110/><W33/><G33/><T62/><D62/><U105/><E105/><V101/><F76/><W50/><G50/><T41/><D41/><U134/><E134/><V100/><F100/><W111/><G130/><T99/><D99/><U2/><E115/><V128/><F128/><W68/><G68/><T102/><D102/><U86/><E120/><V64/><F64/><W56/><G56/><T26/><D26/><U20/><E2/><V92/><F101/><W81/><G81/><T91/><D91/><U106/><E106/><V4/><F65/><W70/><G70/><T18/><D28/><U124/><E124/><V17/><F122/><W44/><G44/><T78/><D78/><U31/><E38/><V104/><F104/><W79/><REACH who="3" step="1"/><G111/><REACH who="3" ten="303,422,220,45" step="2"/><T97/><D42/><U103/><E57/><V98/><F123/><W52/><G52/><T0/><D0/><U46/><E55/><V39/><F58/><W117/><G117/><T113/><D48/><U22/><E46/><V129/><F49/><W3/><G3/><RYUUKYOKU ba="4,1" sc="303,-10,422,-10,220,-10,45,30" hai3="8,14,47,51,53,59,63,67,74,75,79,80,87" /><INIT seed="7,5,1,3,3,104" ten="293,412,210,75" oya="3" hai0="76,111,81,127,108,84,92,1,71,10,113,85,35" hai1="128,83,65,11,54,58,73,38,53,131,13,135,25" hai2="124,0,47,41,48,21,80,16,64,69,70,89,115" hai3="105,91,57,60,99,112,126,55,102,24,74,116,106"/><W5/><G116/><T9/><D35/><U20/><E38/><V93/><F0/><W42/><G126/><T133/><D71/><U2/><E2/><V26/><F115/><W51/><G112/><T28/><D1/><U118/><E135/><V40/><F124/><W134/><G5/><T6/><D92/><U44/><E44/><V37/><F64/><W7/><G7/><T29/><D81/><U94/><E94/><V123/><F123/><W67/><G134/><T3/><D76/><U59/><E59/><V32/><F32/><W45/><G91/><T12/><D12/><U78/><E65/><V36/><F80/><W63/><G24/><T121/><D3/><U61/><E54/><V77/><F77/><W95/><G74/><T88/><D88/><U82/><E82/><V75/><F75/><W98/><G98/><T119/><D6/><U43/><E118/><V4/><F4/><W62/><G62/><T114/><D119/><U117/><E117/><V33/><F33/><W66/><REACH who="3" step="1"/><G42/><REACH who="3" ten="293,412,210,65" step="2"/><T100/><D127/><U129/><E43/><V110/><F40/><W68/><AGARI ba="5,2" hai="45,51,55,57,60,63,66,67,68,95,99,102,105,106" machi="68" ten="20,12000,1" yaku="1,1,2,1,0,1,7,1,53,1" doraHai="104" doraHaiUra="96" who="3" fromWho="3" sc="293,-45,412,-45,210,-45,65,155" /><INIT seed="7,6,0,1,3,104" ten="248,367,165,220" oya="3" hai0="11,110,89,58,99,40,36,19,132,115,7,107,97" hai1="72,45,98,29,5,25,54,28,44,31,128,117,16" hai2="92,134,55,37,14,121,75,35,42,102,33,18,135" hai3="50,56,64,60,1,100,22,6,8,23,86,17,118"/><W27/><G118/><T94/><D110/><U2/><E72/><V112/><F112/><W119/><G119/><T74/><D74/><U43/><E128/><V62/><F121/><W85/><G100/><T126/><D19/><U21/><E117/><V13/><F42/><W113/><G113/><T109/><D109/><U114/><E114/><V4/><F37/><W129/><G129/><T79/><D79/><U80/><E2/><V41/><F41/><W111/><G111/><T67/><D126/><U122/><E5/><V46/><F4/><W101/><G101/><T105/><D99/><U95/><E80/><V120/><F120/><W20/><G50/><T93/><D93/><U39/><E122/><V77/><F92/><W96/><G96/><T48/><D132/><N who="2" m="50730" /><F102/><W12/><G12/><N who="2" m="4713" /><F18/><W10/><G10/><T106/><D36/><U83/><E83/><N who="2" m="45503" /><F62/><W63/><REACH who="3" step="1"/><G63/><REACH who="3" ten="248,367,165,210" step="2"/><N who="0" m="38391" /><D115/><U76/><E39/><V71/><F71/><W73/><G73/><T32/><D11/><U127/><E98/><V116/><F116/><W26/><G26/><T51/><D97/><U108/><E25/><V81/><F81/><W133/><G133/><T53/><D107/><U57/><E108/><V66/><F66/><W131/><G131/><T9/><D106/><U65/><E65/><V125/><F125/><W68/><G68/><T49/><D105/><U130/><E127/><V3/><F3/><W52/><G52/><T69/><D53/><U24/><E54/><V61/><F61/><W84/><AGARI ba="6,1" hai="1,6,8,17,20,22,23,27,56,60,64,84,85,86" machi="84" ten="30,6000,0" yaku="1,1,0,1,53,1" doraHai="104" doraHaiUra="15" who="3" fromWho="3" sc="248,-26,367,-26,165,-26,210,88" /><INIT seed="7,7,0,2,5,86" ten="222,341,139,298" oya="3" hai0="55,125,15,98,34,83,113,63,17,40,68,118,74" hai1="52,106,29,123,67,54,85,1,133,58,76,37,71" hai2="114,88,62,90,134,33,97,107,7,20,103,41,73" hai3="6,23,12,127,128,19,53,82,94,47,69,9,78"/><W109/><G69/><T121/><D34/><U79/><E1/><V22/><F33/><W70/><G70/><T44/><D118/><U3/><E3/><V39/><F73/><W43/><G128/><T99/><D121/><U95/><E106/><V49/><F39/><W13/><G127/><T120/><D120/><U24/><E37/><V60/><F7/><W5/><G109/><T84/><D74/><U131/><E123/><V31/><F114/><W129/><G129/><T64/><D113/><U16/><E71/><V65/><F134/><W56/><G94/><T35/><D35/><U101/><E133/><V38/><F38/><W110/><G110/><T124/><D40/><U100/><E16/><V135/><F135/><W81/><G78/><T25/><D25/><U14/><E14/><V26/><F20/><W30/><G30/><T42/><D42/><U0/><E79/><V104/><F104/><W32/><G32/><T66/><D66/><U50/><E67/><V92/><F107/><W72/><G72/><T27/><D27/><U48/><E0/><V59/><F62/><N who="3" m="36111" /><G5/><T57/><D68/><U46/><E131/><V122/><F122/><W130/><G130/><T116/><D116/><U111/><E111/><V119/><F119/><W108/><G108/><T112/><D112/><U117/><E117/><V126/><F126/><W4/><G4/><T10/><D125/><U18/><E29/><V93/><F93/><W36/><G36/><T102/><D124/><U61/><E76/><V21/><F21/><W115/><G115/><T51/><D102/><N who="1" m="39531" /><E95/><V11/><F11/><RYUUKYOKU ba="7,0" sc="222,10,341,-30,139,10,298,10" hai0="10,15,17,44,51,55,57,63,64,83,84,98,99" hai2="22,26,31,41,49,59,60,65,88,90,92,97,103" hai3="6,9,12,13,19,23,43,47,81,82" /><INIT seed="7,8,0,0,1,71" ten="232,311,149,308" oya="3" hai0="47,49,8,84,31,122,102,54,66,19,65,126,33" hai1="78,131,10,95,61,18,12,45,7,41,27,0,101" hai2="81,82,128,94,129,113,93,15,36,50,22,119,48" hai3="25,108,86,85,116,77,125,117,98,2,121,43,13"/><W38/><G121/><T76/><D122/><U56/><E131/><N who="2" m="50251" /><F119/><W135/><G2/><T124/><D102/><U103/><E78/><V132/><F22/><W105/><G135/><T63/><D31/><U87/><E27/><V3/><F15/><W30/><G125/><T42/><D33/><U62/><E87/><V111/><F3/><W134/><G134/><T21/><D8/><U118/><E118/><V44/><F132/><W74/><G13/><T9/><D9/><U123/><E123/><V92/><F111/><W35/><G86/><T88/><D76/><U64/><E95/><N who="2" m="24323" /><V40/><DORA hai="29" /><F113/><W24/><G85/><T72/><D72/><U114/><E114/><V109/><F109/><W23/><G108/><T68/><D124/><U104/><E104/><V100/><F100/><N who="3" m="62615" /><G24/><T110/><D110/><U51/><E0/><V39/><F50/><W127/><G23/><T60/><D126/><U52/><E7/><V89/><F89/><W6/><G6/><T106/><D106/><U97/><E97/><V53/><F53/><W4/><G4/><T115/><D115/><U58/><AGARI ba="8,0" hai="10,12,18,41,45,51,52,56,58,61,62,64,101,103" machi="58" ten="20,5200,0" yaku="0,1,7,1,8,1,54,1" doraHai="71,29" who="1" fromWho="1" sc="232,-21,311,76,149,-21,308,-34" owari="211,-19.0,387,49.0,128,-37.0,274,7.0" /></mjloggm>