<mjloggm ver="2.3"><GO type="169" lobby="0"/><UN n0="%E2%98%85%E9%B3%B3%E8%9D%B6" n1="%E3%81%BB%E3%81%98" n2="%E5%B0%B1%E6%B4%BB%E7%94%9F%40%E5%B7%9D%E6%9D%91%E8%BB%8D%E5%9B%A3" n3="%E3%81%8C%E3%81%B6%E3%82%8A%E5%AF%84%E3%82%8A" dan="16,16,17,16" rate="2044.21,2050.21,2220.19,2051.51" sx="F,M,M,M"/><TAIKYOKU oya="0"/><INIT seed="0,0,0,3,3,40" ten="250,250,250,250" oya="0" hai0="75,99,23,81,64,62,61,53,57,125,32,80,131" hai1="0,84,49,104,116,6,119,39,13,10,126,5,123" hai2="118,89,16,129,8,127,83,124,110,132,86,35,7" hai3="121,130,128,112,24,21,133,67,69,92,66,120,111"/><T96/><D32/><U36/><E123/><V43/><F35/><W52/><G112/><T76/><D131/><N who="3" m="50217" /><G69/><T117/><D117/><U59/><E104/><V31/><F129/><W22/><G111/><T72/><D125/><N who="2" m="48202" /><F31/><W78/><G78/><T9/><D23/><N who="3" m="8713" /><G24/><T12/><D80/><U115/><E126/><V28/><F28/><W18/><G18/><T94/><D75/><U60/><E115/><V20/><F110/><W87/><G133/><T41/><D41/><U50/><E6/><V100/><F132/><W25/><G25/><T97/><D94/><U56/><E39/><V114/><F114/><W47/><G87/><T93/><D93/><U45/><E36/><V91/><F118/><W106/><G92/><T29/><D29/><U82/><E0/><N who="2" m="103" /><F100/><W44/><G106/><T79/><D79/><N who="1" m="46175" /><E50/><V74/><F74/><W55/><G67/><T3/><D3/><U108/><E108/><V17/><F91/><W71/><G66/><T134/><D134/><U38/><E38/><V107/><F107/><W102/><G102/><T63/><D64/><N who="1" m="38919" /><E59/><V51/><F20/><W73/><G71/><T30/><D30/><U15/><E15/><V95/><F83/><W88/><G88/><T19/><AGARI ba="0,0" hai="9,12,19,53,57,61,62,63,72,76,81,96,97,99" machi="19" ten="30,1500,0" yaku="0,1" doraHai="40" who="0" fromWho="0" sc="250,15,250,-5,250,-5,250,-5" /><INIT seed="0,1,0,5,4,69" ten="265,245,245,245" oya="0" hai0="50,130,118,54,128,26,61,37,107,95,4,103,120" hai1="79,99,29,76,15,18,86,1,132,96,9,100,121" hai2="56,11,84,73,36,16,32,0,70,23,20,10,105" hai3="64,87,123,92,19,41,71,109,91,66,25,116,81"/><T53/><D120/><U46/><E121/><V74/><F70/><W83/><G123/><T108/><D118/><U49/><E1/><V39/><F32/><W59/><G71/><T85/><D107/><U65/><E65/><V12/><F105/><W106/><G106/><T27/><D4/><U34/><E132/><V115/><F115/><W62/><G66/><T58/><D108/><U131/><E131/><N who="0" m="50217" /><D103/><U45/><E45/><V111/><F111/><W72/><G109/><T42/><D95/><U43/><E96/><V47/><F47/><W17/><G116/><T113/><D113/><U48/><E48/><V44/><F44/><W134/><G134/><T63/><D85/><U119/><E119/><V2/><F56/><W14/><G41/><T122/><D122/><U82/><E29/><V98/><F84/><W8/><G72/><N who="2" m="27753" /><F98/><W77/><G77/><T55/><D27/><U101/><E34/><V75/><F75/><W5/><G25/><T3/><D3/><N who="2" m="1066" /><F11/><W33/><G33/><T38/><D26/><U133/><E133/><V80/><F80/><AGARI ba="1,0" hai="5,8,14,17,19,59,62,64,80,81,83,87,91,92" machi="80" ten="40,1300,0" yaku="8,1" doraHai="69" who="3" fromWho="2" sc="265,0,245,0,245,-16,245,16" /><INIT seed="1,0,0,4,1,134" ten="265,245,229,261" oya="1" hai0="86,32,98,20,1,103,49,33,97,115,29,69,16" hai1="96,117,10,92,72,74,9,60,125,14,66,82,7" hai2="51,25,106,94,48,27,65,39,133,109,23,108,112" hai3="81,84,75,45,79,36,12,77,73,62,54,120,53"/><U4/><E117/><V102/><F106/><W130/><G120/><T68/><D1/><U41/><E41/><V30/><F39/><W6/><G130/><T88/><D29/><U78/><E125/><V118/><F118/><W111/><G111/><T80/><D98/><U85/><E9/><V128/><F128/><W99/><G99/><T119/><D115/><U46/><E46/><V127/><F133/><W71/><G36/><T42/><D68/><U87/><E74/><V124/><F112/><W59/><G71/><T135/><D69/><U0/><E0/><V122/><F65/><W131/><G131/><T113/><D113/><U89/><REACH who="1" step="1"/><E7/><REACH who="1" ten="265,235,229,261" step="2"/><V105/><F122/><W55/><G45/><T107/><D119/><U67/><E67/><V24/><F109/><W61/><G73/><T93/><D135/><U63/><E63/><V114/><F108/><W76/><G75/><T104/><D42/><U126/><E126/><N who="2" m="48171" /><F114/><W38/><G38/><T28/><D49/><N who="2" m="19018" /><F105/><W47/><G47/><T57/><D104/><U83/><E83/><V132/><F132/><W101/><G62/><T21/><D80/><U58/><AGARI ba="0,1" hai="4,10,14,58,60,66,72,78,82,85,87,89,92,96" machi="58" ten="20,3900,0" yaku="1,1,0,1,7,1,53,0" doraHai="134" doraHaiUra="22" who="1" fromWho="1" sc="265,-13,235,49,229,-13,261,-13" /><INIT seed="1,1,0,0,2,108" ten="252,284,216,248" oya="1" hai0="53,105,79,56,84,67,109,42,126,47,77,119,96" hai1="65,30,22,111,41,17,16,19,120,85,18,113,12" hai2="131,51,5,55,66,29,114,25,36,31,3,107,21" hai3="122,61,121,133,1,44,94,135,97,83,23,110,73"/><U92/><E120/><V91/><F36/><W8/><G23/><T81/><D109/><U68/><E111/><V11/><F107/><W80/><G110/><T78/><D119/><U88/><E41/><V48/><F131/><W102/><G61/><T71/><D126/><U35/><E35/><V40/><F66/><W49/><G121/><T4/><D71/><U99/><E30/><V75/><F75/><W2/><G122/><T76/><D67/><U13/><E68/><V9/><F9/><W74/><G74/><T57/><D105/><U115/><E65/><V60/><F31/><W124/><G124/><T27/><D96/><U70/><E70/><V15/><F3/><W128/><G128/><T123/><D27/><U82/><REACH who="1" step="1"/><E12/><REACH who="1" ten="252,274,216,248" step="2"/><V33/><F33/><W132/><G2/><T127/><D123/><U86/><E86/><V28/><F28/><W20/><G73/><T112/><D84/><U103/><AGARI ba="1,1" hai="13,16,17,18,19,22,82,85,88,92,99,103,113,115" machi="103" ten="30,18000,2" yaku="1,1,0,1,52,2,54,2,53,0" doraHai="108" doraHaiUra="134" who="1" fromWho="1" sc="252,-61,274,193,216,-61,248,-61" /><INIT seed="1,2,0,1,2,70" ten="191,467,155,187" oya="1" hai0="117,104,22,129,110,62,134,97,133,119,30,57,46" hai1="83,53,37,21,1,76,17,35,2,95,93,103,4" hai2="87,12,44,105,124,108,58,55,43,6,38,131,0" hai3="60,112,120,32,89,40,85,113,36,16,54,102,14"/><U79/><E35/><V64/><F105/><W73/><G32/><T132/><D110/><U125/><E125/><V45/><F108/><W135/><G73/><T126/><D129/><U127/><E127/><V59/><F124/><W82/><G120/><T3/><D3/><U109/><E109/><V41/><F131/><W101/><G135/><T39/><D126/><U31/><E31/><V29/><F29/><W84/><G112/><T63/><D104/><U91/><E103/><V90/><F0/><W48/><G113/><T115/><D97/><U52/><E4/><V123/><F64/><W86/><G86/><T118/><D115/><U121/><E83/><V71/><F71/><W20/><G36/><T24/><D57/><U56/><E56/><V42/><F123/><W23/><G40/><AGARI ba="2,0" hai="22,24,30,39,40,46,62,63,117,118,119,132,133,134" machi="40" ten="50,3200,0" yaku="20,1,52,1" doraHai="70" who="0" fromWho="3" sc="191,38,467,0,155,0,187,-38" /><INIT seed="2,0,0,3,3,111" ten="229,467,155,149" oya="2" hai0="114,35,1,112,85,69,22,98,56,80,14,0,75" hai1="42,61,128,64,31,82,33,120,103,34,55,116,29" hai2="37,52,131,4,19,81,46,5,119,92,48,124,89" hai3="133,25,79,62,135,63,109,100,110,84,51,90,16"/><V43/><F119/><W32/><G100/><T57/><D35/><U68/><E116/><V87/><F124/><W105/><G105/><T107/><D69/><U45/><E128/><V47/><F131/><W101/><G101/><T26/><D75/><U73/><E103/><V77/><REACH who="2" step="1"/><F19/><REACH who="2" ten="229,467,145,149" step="2"/><W44/><G109/><T134/><D107/><U121/><E120/><V54/><F54/><W12/><G110/><T94/><D134/><U115/><E121/><V18/><F18/><W10/><G133/><T95/><D98/><AGARI ba="0,1" hai="4,5,37,43,46,47,48,52,77,81,87,89,92,98" machi="98" ten="30,5800,0" yaku="1,1,7,1,54,1,53,0" doraHai="111" doraHaiUra="118" who="2" fromWho="0" sc="229,-58,467,0,145,68,149,0" /><INIT seed="2,1,0,2,3,84" ten="171,467,213,149" oya="2" hai0="76,51,132,131,53,74,64,49,83,122,40,130,46" hai1="78,4,50,110,85,29,41,1,10,42,112,17,32" hai2="35,81,67,129,44,15,13,19,100,61,58,66,120" hai3="73,11,69,109,65,72,56,116,22,43,20,62,117"/><V12/><F120/><W121/><G121/><T33/><D33/><U92/><E112/><V70/><F35/><W16/><G109/><T26/><D132/><U28/><E110/><V107/><F129/><W54/><G43/><T59/><D122/><U79/><E79/><V75/><F67/><W89/><G11/><T24/><REACH who="0" step="1"/><D64/><REACH who="0" ten="161,467,213,149" step="2"/><U0/><E32/><V111/><F111/><W99/><G116/><T97/><D97/><U36/><E36/><V113/><F113/><W5/><G117/><T133/><D133/><U105/><E1/><V21/><F70/><W57/><G69/><T125/><D125/><U128/><E0/><V106/><F44/><W77/><G5/><T27/><AGARI ba="1,1" hai="24,26,27,40,46,49,51,53,59,74,76,83,130,131" machi="27" ten="30,2000,0" yaku="1,1,0,1,53,0" doraHai="84" doraHaiUra="25" who="0" fromWho="0" sc="161,33,467,-6,213,-11,149,-6" /><INIT seed="3,0,0,5,5,127" ten="194,461,202,143" oya="3" hai0="22,95,77,44,56,104,29,21,35,98,114,88,124" hai1="76,37,2,17,24,13,53,55,65,117,47,133,93" hai2="66,121,99,41,20,135,132,119,108,68,82,112,42" hai3="36,43,126,30,38,26,105,131,113,100,9,49,8"/><W75/><G75/><T67/><D124/><U107/><E107/><V123/><F112/><W122/><G126/><T94/><D104/><U57/><E2/><V28/><F119/><W6/><G113/><T23/><D77/><U46/><E133/><N who="2" m="51275" /><F82/><W64/><G122/><N who="2" m="46601" /><F99/><W3/><G9/><T12/><D44/><U97/><E76/><V90/><F90/><W1/><G1/><T85/><D35/><U118/><E24/><N who="2" m="16391" /><F108/><W102/><G64/><T116/><D116/><N who="1" m="44651" /><E65/><V84/><F84/><W15/><G3/><T81/><D114/><U33/><E37/><V54/><F54/><W87/><G87/><T58/><D94/><U25/><E55/><V89/><F89/><W71/><G71/><T7/><D29/><N who="1" m="19631" /><E57/><V45/><F45/><W62/><G38/><T111/><D111/><U5/><E53/><V115/><F115/><W0/><G36/><T52/><D67/><U74/><E74/><V4/><F4/><W40/><G105/><T106/><D106/><U61/><E5/><V11/><F11/><W86/><G0/><T91/><D52/><U120/><E61/><AGARI ba="0,0" hai="41,42,61,66,68" m="16391,46601,51275" machi="61" ten="30,2000,0" yaku="20,1,13,1" doraHai="127" who="2" fromWho="1" sc="194,0,461,-20,202,20,143,0" /><INIT seed="4,0,0,3,2,90" ten="194,441,222,143" oya="0" hai0="82,130,0,110,35,24,6,45,4,55,21,99,129" hai1="65,104,57,124,105,123,28,121,12,84,126,23,63" hai2="79,11,103,20,96,7,68,33,134,52,18,81,46" hai3="30,54,5,9,49,26,97,25,34,102,108,39,72"/><T101/><D35/><U131/><E131/><N who="0" m="50185" /><D0/><U41/><E41/><V77/><F33/><W50/><G26/><T44/><D110/><U66/><E66/><V36/><F68/><W76/><G108/><T17/><D82/><U10/><E84/><N who="2" m="48175" /><F79/><W38/><G76/><T67/><D67/><U118/><E118/><V80/><F80/><W13/><G72/><T15/><D55/><U89/><E89/><V8/><F36/><W58/><REACH who="3" step="1"/><G50/><REACH who="3" ten="194,441,222,133" step="2"/><T60/><D60/><U29/><E121/><V70/><F134/><W135/><G135/><T22/><D44/><U92/><E123/><V37/><F37/><W113/><G113/><T120/><D45/><U75/><E75/><V78/><F78/><W85/><G85/><T83/><D83/><U117/><E117/><V71/><F71/><W100/><G100/><T127/><D120/><U32/><E63/><V128/><F70/><W3/><G3/><T88/><D127/><U61/><E124/><V107/><F128/><W109/><G109/><T87/><D87/><U56/><E126/><V98/><F103/><W119/><G119/><T59/><D101/><U48/><E48/><V86/><F86/><W95/><AGARI ba="0,1" hai="5,9,13,25,30,34,38,39,49,54,58,95,97,102" machi="95" ten="20,8000,1" yaku="1,1,0,1,7,1,52,1,53,1" doraHai="90" doraHaiUra="53" who="3" fromWho="3" sc="194,-40,441,-20,222,-20,133,90" /><INIT seed="5,0,0,0,5,78" ten="154,421,202,223" oya="1" hai0="21,119,20,100,27,132,42,59,99,115,82,54,17" hai1="76,62,70,96,130,114,77,39,85,112,102,124,93" hai2="79,8,41,37,65,6,0,128,133,116,2,126,31" hai3="98,105,5,90,103,35,131,84,120,38,110,69,92"/><U66/><E39/><V24/><F116/><W36/><G120/><T52/><D119/><U45/><E45/><N who="2" m="23727" /><F126/><W109/><G131/><T75/><D132/><U127/><E130/><V67/><F128/><W117/><G117/><T129/><D129/><U95/><E95/><V1/><F67/><W47/><G69/><T81/><D115/><N who="1" m="44075" /><E85/><V86/><F86/><W13/><G35/><T94/><D42/><U33/><E33/><N who="2" m="20711" /><F133/><W30/><G30/><T91/><D75/><U44/><E44/><V26/><F26/><W46/><G46/><T50/><D21/><U28/><E28/><V4/><F4/><W88/><G90/><T9/><D9/><U63/><E63/><V101/><F101/><W34/><G34/><T55/><D100/><U18/><E18/><V10/><F10/><W83/><G105/><T7/><D7/><U16/><E16/><V57/><F57/><W104/><G104/><T15/><D27/><U23/><E23/><V51/><F51/><W22/><G47/><T122/><D122/><U121/><E121/><V14/><F65/><W118/><G118/><T48/><D59/><U73/><E73/><V134/><F134/><W11/><REACH who="3" step="1"/><G22/><REACH who="3" ten="154,421,202,213" step="2"/><T74/><D74/><U61/><E124/><V71/><F71/><W113/><G113/><T72/><D72/><U123/><E127/><V32/><F32/><W29/><G29/><T25/><D25/><U68/><E123/><V125/><F125/><W43/><G43/><T135/><D135/><U40/><E40/><V106/><F106/><W97/><G97/><T3/><D3/><U49/><E70/><RYUUKYOKU ba="0,1" sc="154,10,421,-30,202,10,213,10" hai0="15,17,20,48,50,52,54,55,81,82,91,94,99" hai2="0,1,2,6,8,14,79" hai3="5,11,13,36,38,83,84,88,92,98,103,109,110" /><INIT seed="6,1,1,4,0,29" ten="164,391,212,223" oya="2" hai0="10,55,118,40,72,24,81,88,124,43,38,54,28" hai1="41,135,30,71,92,107,113,73,37,58,97,120,96" hai2="26,16,89,9,13,79,66,68,94,108,21,131,61" hai3="134,17,67,121,115,126,20,112,50,22,0,70,53"/><V91/><F131/><W133/><G0/><T117/><D124/><U46/><E71/><V36/><F36/><W51/><G126/><T35/><D10/><U8/><E135/><N who="3" m="51722" /><G121/><T100/><D100/><U64/><E73/><V7/><F108/><W99/><G99/><T32/><D72/><U56/><E113/><N who="3" m="43594" /><G22/><N who="0" m="15383" /><D54/><U106/><E64/><V12/><F79/><W60/><G53/><T1/><D1/><U90/><E30/><V6/><F94/><W45/><G45/><T104/><D104/><U14/><E106/><V59/><F68/><W2/><G2/><T110/><D110/><U77/><E77/><V84/><F84/><W114/><N who="3" m="43602" /><W75/><DORA hai="86" /><G75/><T83/><D55/><U122/><E97/><V111/><F111/><W125/><G125/><T85/><D81/><U3/><E107/><V11/><AGARI ba="1,1" hai="6,7,9,11,12,13,16,21,26,59,61,66,89,91" machi="11" ten="30,18000,2" yaku="0,1,9,1,8,1,52,2,54,1" doraHai="29,86" who="2" fromWho="2" sc="164,-61,391,-61,212,193,223,-61" /><INIT seed="6,2,0,4,1,54" ten="103,330,405,162" oya="2" hai0="47,46,121,50,36,109,104,55,29,118,40,12,114" hai1="15,9,120,130,83,43,7,102,96,127,31,33,58" hai2="134,112,123,71,65,44,21,53,56,110,88,89,16" hai3="52,22,129,61,19,17,25,73,81,5,67,113,8"/><V106/><F123/><W125/><G129/><T35/><D121/><U93/><E120/><V95/><F106/><W80/><G125/><T57/><D109/><U24/><E127/><V13/><F71/><W107/><G107/><T20/><D104/><U98/><E43/><V115/><F110/><W0/><G113/><N who="2" m="43593" /><F134/><W105/><G105/><T85/><D114/><U108/><E108/><V11/><F65/><W116/><G116/><T6/><D35/><U34/><E130/><V135/><F135/><W14/><G73/><T100/><D100/><U91/><E83/><V94/><F44/><W23/><G52/><T32/><D32/><U64/><E34/><V99/><F11/><W26/><G0/><T51/><D29/><U37/><E37/><V60/><F95/><W66/><G66/><T3/><D3/><U76/><E76/><V74/><F74/><W103/><G103/><AGARI ba="2,0" hai="13,16,21,53,56,60,88,89,94,99,103" m="43593" machi="103" ten="30,11600,0" yaku="15,1,52,1,54,2" doraHai="54" who="2" fromWho="3" sc="103,0,330,0,405,122,162,-122" /><INIT seed="6,3,0,2,1,46" ten="103,330,527,40" oya="2" hai0="68,129,87,132,109,62,111,38,95,86,122,20,81" hai1="22,59,125,61,33,31,98,69,88,60,102,35,47" hai2="45,63,12,131,104,4,116,55,70,118,7,72,36" hai3="19,5,11,15,119,92,10,82,79,126,108,93,42"/><V135/><F72/><W29/><G108/><T77/><D38/><U71/><E125/><V9/><F104/><W65/><G126/><T26/><D122/><U105/><E61/><V17/><F131/><W13/><G119/><T52/><D129/><U133/><E133/><V24/><F135/><W103/><G65/><T0/><D0/><U107/><E107/><V121/><F121/><W49/><G29/><T51/><D132/><U134/><E134/><V67/><F7/><W99/><G92/><T124/><D87/><U48/><E35/><V91/><F91/><W76/><G82/><T3/><D3/><U64/><E33/><V14/><F24/><W34/><G34/><T120/><D120/><U44/><E44/><AGARI ba="3,0" hai="5,10,11,13,15,19,42,44,49,76,79,93,99,103" machi="44" ten="40,2600,0" yaku="8,1,52,1" doraHai="46" who="3" fromWho="1" sc="103,0,330,-35,527,0,40,35" /><INIT seed="7,0,0,4,3,72" ten="103,295,527,75" oya="3" hai0="16,27,103,107,74,128,40,41,123,109,22,2,130" hai1="50,119,85,91,58,116,114,1,77,8,129,125,102" hai2="6,99,10,48,68,34,31,92,101,82,47,118,80" hai3="3,13,83,131,49,67,55,96,113,37,133,43,110"/><W108/><G3/><T86/><D2/><U32/><E32/><V56/><F68/><W14/><G67/><T17/><D74/><U44/><E114/><V51/><F118/><W11/><G113/><T36/><D109/><N who="3" m="42089" /><G133/><T18/><D123/><U122/><E122/><V121/><F121/><W134/><G134/><T69/><D69/><U30/><E30/><V111/><F111/><W15/><G131/><N who="0" m="50219" /><D86/><U78/><E129/><V12/><F34/><W19/><G96/><N who="0" m="61927" /><D36/><U115/><E58/><V54/><F31/><AGARI ba="0,0" hai="16,17,18,22,27,31,40,41" m="61927,50219" machi="31" ten="30,2000,0" yaku="19,1,54,1" doraHai="72" who="0" fromWho="2" sc="103,20,295,0,527,-20,75,0" owari="123,-28.0,295,10.0,507,60.0,75,-42.0" /></mjloggm>