<mjloggm ver="2.3"><GO type="169" lobby="0"/><UN n0="%E9%AD%94%E5%A5%B4%E5%8C%96" n1="%E5%B0%B1%E6%B4%BB%E7%94%9F%40%E5%B7%9D%E6%9D%91%E8%BB%8D%E5%9B%A3" n2="%77%61%77%61%33%30%33%30" n3="%E3%81%93%E3%82%93%E3%81%BA%E3%81%84%E3%81%A8%E3%81%86%E3%81%B5" dan="16,17,16,17" rate="2143.64,2210.38,2073.74,2101.21" sx="M,M,M,F"/><TAIKYOKU oya="0"/><INIT seed="0,0,0,4,1,94" ten="250,250,250,250" oya="0" hai0="59,131,80,66,119,13,60,63,51,101,36,52,125" hai1="103,79,77,23,50,113,14,111,35,37,38,87,135" hai2="44,11,122,53,108,2,115,117,118,92,9,110,100" hai3="10,102,43,24,58,25,89,124,121,127,21,5,73"/><T126/><D119/><N who="2" m="45578" /><F53/><W78/><G121/><T120/><D120/><U97/><E35/><V33/><F44/><W82/><G102/><T62/><D80/><U134/><E111/><N who="2" m="42539" /><F92/><W81/><G43/><T112/><D13/><U76/><E113/><V6/><F100/><W83/><G58/><N who="0" m="37143" /><D101/><U56/><E87/><V93/><F93/><W88/><G25/><T61/><D112/><U72/><E72/><V91/><F91/><W47/><G47/><N who="0" m="27775" /><D131/><U7/><E38/><V67/><F67/><W12/><G78/><T90/><D90/><U96/><E37/><V116/><F115/><W107/><G107/><T15/><D15/><U64/><E103/><V48/><F48/><W18/><G73/><T46/><D59/><U34/><E56/><V129/><F122/><W4/><G4/><T19/><D19/><U85/><E85/><V98/><F33/><W32/><G32/><T41/><AGARI ba="0,0" hai="36,41,46,61,62,63,125,126" m="27775,37143" machi="41" ten="30,6000,0" yaku="34,2,54,1" doraHai="94" who="0" fromWho="0" sc="250,60,250,-20,250,-20,250,-20" /><INIT seed="0,1,0,4,5,65" ten="310,230,230,230" oya="0" hai0="40,4,89,82,5,51,88,105,66,123,133,3,12" hai1="95,37,76,67,38,107,103,91,93,52,132,28,43" hai2="49,11,108,46,75,113,114,104,27,77,122,117,9" hai3="13,116,19,72,47,16,17,128,86,97,68,84,50"/><T126/><D123/><U64/><E132/><V39/><F39/><W7/><G72/><T33/><D33/><U56/><E107/><V63/><F104/><W115/><G115/><T134/><D105/><U135/><E135/><N who="0" m="51721" /><D3/><U30/><E76/><V106/><F106/><W20/><G116/><T73/><D126/><U83/><E43/><V120/><F77/><W119/><G119/><T2/><D2/><U70/><E70/><V54/><F75/><W60/><G128/><T29/><D29/><N who="1" m="11371" /><E37/><V53/><F117/><W118/><G118/><T74/><D66/><N who="1" m="25131" /><E38/><V90/><F114/><W32/><G32/><T101/><D101/><U99/><E83/><V8/><F113/><W14/><G7/><N who="0" m="2635" /><D12/><U69/><E69/><V42/><F120/><W102/><G68/><T10/><D10/><U78/><E78/><V100/><F9/><W98/><G102/><T94/><D82/><U79/><E79/><V125/><F11/><W36/><G13/><T61/><D61/><N who="1" m="35975" /><E93/><V48/><F122/><W18/><G60/><T127/><D127/><U31/><N who="1" m="11379" /><U62/><DORA hai="59" /><E62/><V26/><F63/><W25/><G14/><T41/><D74/><U124/><E124/><V1/><F1/><W110/><G20/><T129/><D73/><U131/><E131/><V22/><F125/><W112/><G112/><T55/><D129/><U45/><E45/><V111/><F46/><W85/><G47/><N who="0" m="28159" /><D94/><U57/><E57/><V23/><F23/><W109/><G36/><T87/><D41/><U92/><E95/><V15/><F42/><W71/><G71/><T44/><D44/><RYUUKYOKU ba="1,0" sc="310,-10,230,30,230,-10,230,-10" hai1="91,92,99,103" /><INIT seed="1,2,0,5,0,21" ten="300,260,220,220" oya="1" hai0="120,6,68,86,67,88,56,58,124,76,23,52,40" hai1="22,51,62,11,107,103,131,73,49,90,80,45,34" hai2="75,15,126,121,48,85,135,61,117,72,46,43,108" hai3="36,39,28,65,129,122,84,2,57,101,83,79,17"/><U8/><E34/><V32/><F32/><W41/><G122/><T25/><D6/><U100/><E107/><V63/><F117/><W119/><G119/><T125/><D40/><U44/><E131/><V77/><F72/><W133/><G2/><T128/><D76/><U3/><E3/><V30/><F75/><W29/><G129/><T118/><D118/><U18/><E62/><V38/><F30/><W1/><G1/><T35/><D35/><U95/><E80/><V114/><F38/><W78/><G39/><T19/><D128/><U53/><E73/><V66/><F63/><N who="3" m="38127" /><G36/><T89/><D68/><U94/><E11/><V132/><F114/><W92/><G41/><T0/><D0/><U9/><E9/><V113/><F113/><W96/><G133/><T14/><D67/><U54/><E8/><V47/><F47/><W59/><G79/><T13/><D120/><U20/><E90/><N who="0" m="34921" /><D86/><U7/><REACH who="1" step="1"/><E18/><REACH who="1" ten="300,250,220,220" step="2"/><V102/><F132/><W64/><G17/><T130/><D130/><U109/><E109/><V91/><F135/><W33/><G33/><T42/><D124/><U26/><E26/><V112/><F108/><W60/><AGARI ba="2,1" hai="28,29,59,60,64,78,83,84,92,96,101" m="38127" machi="60" ten="30,1100,0" yaku="8,1" doraHai="21" who="3" fromWho="3" sc="300,-5,250,-7,220,-5,220,27" /><INIT seed="2,0,0,2,2,103" ten="295,243,215,247" oya="2" hai0="5,60,96,116,7,108,68,105,127,132,77,102,0" hai1="131,48,92,63,83,82,134,30,73,31,129,61,11" hai2="84,66,110,69,70,3,106,130,128,87,36,111,120" hai3="112,22,29,94,114,76,14,74,98,53,67,8,119"/><V107/><F3/><W12/><G119/><T85/><D108/><N who="2" m="41514" /><F36/><W39/><G39/><T78/><D132/><U9/><E92/><V126/><F120/><W1/><G1/><T10/><D127/><U79/><E48/><V27/><F27/><W19/><G67/><T17/><D7/><U58/><E134/><V122/><F122/><W52/><G76/><T91/><D116/><U104/><E58/><V80/><F126/><W46/><G74/><T6/><D6/><U2/><E2/><V115/><F115/><N who="3" m="44075" /><G46/><T26/><D60/><U16/><E79/><N who="2" m="46111" /><F87/><W51/><G51/><T56/><D68/><N who="2" m="26218" /><F66/><W24/><G14/><T75/><D75/><U71/><E71/><V121/><F121/><W35/><G35/><T57/><D78/><U50/><E73/><V88/><F88/><AGARI ba="0,0" hai="8,12,19,22,24,29,52,53,88,94,98" m="44075" machi="88" ten="30,3900,0" yaku="11,1,54,2" doraHai="103" who="3" fromWho="2" sc="295,0,243,0,215,-39,247,39" /><INIT seed="3,0,0,2,5,98" ten="295,243,176,286" oya="3" hai0="2,66,114,81,9,89,0,112,117,14,7,65,110" hai1="95,46,42,38,43,78,86,45,76,26,135,94,63" hai2="55,5,85,80,83,75,33,70,133,12,27,69,37" hai3="67,40,35,97,47,30,51,19,79,84,127,57,23"/><W18/><G35/><T52/><D117/><U132/><E63/><V72/><F37/><W93/><G127/><T125/><D125/><U15/><E15/><V34/><F133/><W1/><G1/><T16/><D110/><U104/><E26/><V124/><F27/><N who="3" m="16767" /><G84/><N who="0" m="50319" /><D2/><U105/><E86/><V107/><F85/><W25/><G79/><T4/><D4/><U17/><E17/><V118/><F12/><W64/><G25/><T111/><D111/><U21/><E21/><V129/><F124/><W20/><G20/><N who="0" m="11287" /><D52/><U60/><E60/><V73/><F55/><W119/><G119/><T29/><D29/><U22/><E22/><V68/><F118/><W126/><G126/><T6/><D6/><U36/><AGARI ba="0,0" hai="36,38,42,43,45,46,76,78,94,95,104,105,132,135" machi="36" ten="25,3200,0" yaku="0,1,22,2" doraHai="98" who="1" fromWho="1" sc="295,-8,243,32,176,-8,286,-16" /><INIT seed="4,0,0,1,3,46" ten="287,275,168,270" oya="0" hai0="58,98,33,124,61,130,10,131,38,9,94,117,47" hai1="1,134,126,119,28,30,5,86,19,3,23,123,42" hai2="60,41,43,89,120,56,112,6,29,111,71,85,32" hai3="135,12,127,20,67,105,93,125,14,100,27,2,129"/><T121/><D117/><U25/><E42/><V37/><F111/><W102/><G2/><N who="1" m="522" /><E86/><V16/><F112/><W115/><G105/><T116/><D116/><U17/><E119/><V45/><F6/><W106/><G106/><T52/><D33/><U64/><E64/><V88/><F29/><N who="1" m="11369" /><E123/><V59/><F32/><W75/><G75/><T69/><D124/><U81/><E81/><V15/><F120/><W77/><G67/><T0/><D0/><U8/><E126/><V96/><F43/><W87/><G87/><T18/><D69/><U54/><E54/><V22/><F71/><W109/><G93/><T73/><D73/><U101/><E101/><V51/><F37/><W104/><G104/><T95/><D95/><U132/><E5/><V57/><F96/><W97/><G77/><T66/><D121/><U72/><E72/><V7/><F7/><W13/><G97/><T44/><D38/><U21/><E8/><N who="0" m="3177" /><D47/><U11/><E11/><V83/><REACH who="2" step="1"/><F89/><REACH who="2" ten="287,275,158,270" step="2"/><W62/><G127/><T114/><D98/><U90/><E90/><V31/><F31/><W103/><G125/><T65/><D114/><U40/><E40/><V49/><F49/><W122/><G115/><T110/><D110/><U36/><E36/><V76/><F76/><W80/><G122/><T39/><D39/><U108/><E108/><V70/><F70/><W4/><G109/><T63/><D63/><AGARI ba="0,1" hai="15,16,22,41,45,51,56,57,59,60,63,83,85,88" machi="63" ten="40,12000,2" yaku="1,1,8,1,52,1,54,2,53,1" doraHai="46" doraHaiUra="82" who="2" fromWho="0" sc="287,-120,275,0,158,130,270,0" /><INIT seed="5,0,0,5,1,6" ten="167,275,288,270" oya="1" hai0="82,105,28,45,93,58,13,68,24,111,104,35,22" hai1="128,4,52,67,127,31,87,1,26,61,49,94,110" hai2="17,79,96,7,30,117,131,51,63,23,80,75,8" hai3="62,37,25,88,77,118,46,129,10,83,11,19,99"/><U126/><E128/><V0/><F117/><W72/><G129/><T21/><D68/><U92/><E110/><V20/><F131/><W34/><G118/><T86/><D111/><U48/><E48/><V120/><F120/><W74/><G74/><T18/><D58/><U90/><E92/><V14/><F51/><W95/><G62/><T36/><D93/><U121/><E121/><V33/><F23/><W65/><G65/><T97/><D97/><U109/><E109/><V116/><F116/><W15/><G25/><T44/><D35/><U41/><E41/><V39/><F39/><W101/><G34/><T9/><D22/><U103/><E103/><V27/><F63/><W112/><G112/><T3/><D3/><U54/><E4/><V102/><F96/><W89/><REACH who="3" step="1"/><G10/><REACH who="3" ten="167,275,288,260" step="2"/><T32/><D32/><U2/><E61/><V78/><F102/><W50/><G50/><T134/><D134/><U53/><E67/><V114/><F114/><W133/><G133/><T84/><D36/><U100/><E49/><V69/><F69/><W132/><G132/><T113/><D113/><U119/><E119/><V123/><F123/><W81/><G81/><T107/><REACH who="0" step="1"/><D86/><REACH who="0" ten="157,275,288,260" step="2"/><U40/><E87/><V91/><F75/><W71/><G71/><T115/><D115/><U38/><E38/><V66/><F66/><W16/><G16/><T12/><D12/><U76/><E1/><V73/><F73/><W108/><G108/><T60/><D60/><U85/><E2/><V130/><F130/><W43/><AGARI ba="0,2" hai="11,15,19,37,43,46,72,77,83,88,89,95,99,101" machi="43" ten="30,7900,0" yaku="1,1,0,1,52,1,54,1,53,0" doraHai="6" doraHaiUra="135" who="3" fromWho="3" sc="157,-20,275,-39,288,-20,260,99" /><INIT seed="6,0,0,2,1,133" ten="137,236,268,359" oya="2" hai0="76,25,15,128,6,124,46,95,59,71,56,92,99" hai1="87,113,38,77,32,90,81,50,53,5,2,84,69" hai2="7,103,97,24,23,73,110,102,88,44,40,20,134" hai3="52,29,75,11,14,21,37,105,116,22,119,70,33"/><V27/><F134/><W66/><G75/><T93/><D71/><U107/><E38/><V74/><F7/><W135/><G37/><T8/><D128/><U114/><E32/><V104/><F103/><W51/><G135/><T85/><D25/><U126/><E69/><V45/><F110/><W67/><G105/><T17/><D99/><U115/><E107/><V98/><F104/><W121/><G33/><T101/><D101/><U118/><E118/><V4/><F102/><W122/><G70/><T49/><D17/><U86/><E5/><V26/><F4/><W31/><G51/><T65/><D65/><U28/><E28/><V82/><F82/><W0/><G14/><T16/><D6/><U68/><E2/><V34/><F26/><W120/><G11/><T19/><D19/><U130/><E68/><V112/><F40/><W127/><G122/><T78/><D124/><U72/><E130/><V125/><F88/><W1/><G52/><T30/><D30/><U108/><E108/><V39/><F39/><W132/><G132/><T83/><REACH who="0" step="1"/><D76/><REACH who="0" ten="127,236,268,359" step="2"/><U109/><E126/><AGARI ba="0,1" hai="0,1,21,22,29,31,66,67,116,119,120,121,126,127" machi="126" ten="25,6400,0" yaku="22,2,52,2" doraHai="133" who="3" fromWho="1" sc="127,0,236,-64,268,0,359,74" /><INIT seed="7,0,0,1,4,74" ten="127,172,268,433" oya="3" hai0="92,82,94,34,23,58,47,35,37,110,8,46,54" hai1="27,63,131,39,28,67,114,71,118,125,115,70,50" hai2="5,19,106,84,14,119,108,126,24,103,105,104,80" hai3="61,128,55,129,68,9,133,97,86,16,18,42,11"/><W121/><G42/><T49/><D110/><U33/><E39/><V134/><F119/><W123/><G97/><T2/><D23/><U21/><E131/><V113/><F113/><N who="1" m="43017" /><E125/><V12/><F24/><W66/><G55/><T111/><D111/><U0/><E0/><V3/><F134/><W109/><G86/><T122/><D122/><U72/><E72/><V64/><F64/><W88/><G88/><T69/><D69/><N who="1" m="42239" /><E118/><V127/><F12/><W26/><G26/><T116/><D116/><U83/><E33/><V56/><F56/><W43/><G43/><T85/><D35/><U41/><E83/><V65/><F108/><W53/><G53/><T79/><D34/><U29/><E29/><V73/><F65/><W101/><G101/><T120/><D120/><U90/><E90/><V91/><F103/><W38/><G38/><T52/><D37/><U100/><E100/><V59/><F73/><W75/><G75/><T87/><D87/><U48/><E48/><V6/><F3/><W7/><G133/><T81/><D81/><U102/><E102/><V15/><F80/><W96/><G109/><T22/><D22/><U51/><E51/><V30/><F30/><W10/><G123/><T124/><D124/><U99/><E99/><V98/><F98/><W32/><G96/><T20/><D20/><U60/><E60/><V17/><F104/><W31/><G121/><T89/><D92/><U107/><E107/><V40/><F106/><W62/><G66/><T76/><D94/><U57/><E28/><V132/><F126/><W25/><G31/><T4/><D54/><RYUUKYOKU ba="0,0" sc="127,30,172,-10,268,-10,433,-10" hai0="2,4,8,46,47,49,52,58,76,79,82,85,89" owari="157,-34.0,162,-24.0,258,6.0,423,52.0" /></mjloggm>