<mjloggm ver="2.3"><GO type="225" lobby="0"/><UN n0="%E8%B1%86%E7%89%B9%EF%BC%A0%E6%B2%B3%E6%9D%91%E8%BB%8D%E5%9B%A3" n1="%E3%82%A6%E3%83%AB%E3%83%88%E3%83%A9%E7%AB%8B%E7%9B%B4" n2="%E3%81%9D%E3%83%BC%E3%81%B7%E5%BB%B6%E9%95%B7" n3="%E3%82%AA%E3%82%A2%E3%83%AA%E3%83%A0%E3%81%AE%E8%A9%A0%E5%94%B1" dan="17,17,16,16" rate="2151.70,2111.05,2124.41,2084.11" sx="M,M,M,M"/><TAIKYOKU oya="0"/><INIT seed="0,0,0,4,2,11" ten="250,250,250,250" oya="0" hai0="50,44,71,112,13,95,33,47,72,41,117,97,83" hai1="27,23,38,59,16,125,115,79,7,107,80,120,45" hai2="53,1,98,4,20,99,12,126,55,10,102,89,22" hai3="104,66,128,21,31,46,87,82,37,103,18,78,61"/><T129/><D117/><U60/><E120/><V76/><F126/><W93/><G128/><T36/><D112/><U123/><E123/><V111/><F111/><W131/><G131/><T42/><D129/><U124/><E107/><V133/><F133/><W114/><G114/><T106/><D106/><U113/><E7/><V91/><F76/><W63/><G104/><T92/><D71/><U0/><E0/><V85/><F91/><W54/><G31/><T73/><D33/><U43/><E115/><V118/><F118/><W32/><G32/><T94/><D97/><N who="2" m="36874" /><F1/><W122/><G122/><T48/><D36/><U51/><E38/><V29/><F102/><W30/><G103/><T57/><D83/><U24/><E24/><N who="2" m="16519" /><F22/><W100/><G100/><T3/><D3/><U130/><E130/><V67/><F67/><W109/><G66/><T58/><REACH who="0" step="1"/><D94/><AGARI ba="0,0" hai="4,10,12,53,55,85,89,94" m="16519,36874" machi="94" ten="30,2000,0" yaku="8,1,52,1" doraHai="11" who="2" fromWho="0" sc="250,-20,250,0,250,20,250,0" /><INIT seed="1,0,0,0,1,79" ten="230,250,270,250" oya="1" hai0="63,100,11,113,39,58,30,55,117,6,32,5,51" hai1="35,37,88,115,92,52,22,18,125,70,123,102,20" hai2="12,85,17,13,112,73,36,111,56,121,8,114,94" hai3="59,83,77,108,42,27,132,109,126,9,41,97,106"/><U43/><E35/><V62/><F73/><W78/><G132/><T38/><D117/><U16/><E70/><V7/><F36/><W101/><G126/><T90/><D113/><N who="2" m="43626" /><F111/><W131/><G131/><T1/><D6/><U96/><E37/><V44/><F44/><W15/><G27/><T105/><D90/><U66/><E43/><V19/><F121/><W91/><G91/><T4/><D4/><U29/><E66/><N who="2" m="39239" /><F13/><W69/><G59/><T127/><D127/><U110/><E125/><V103/><F85/><W21/><G69/><T64/><D30/><U128/><E128/><V133/><F133/><W46/><G42/><T50/><D32/><U54/><E110/><V116/><F116/><W0/><G109/><T31/><D31/><U80/><E29/><V61/><F61/><W34/><G108/><T82/><D50/><U118/><E118/><V98/><AGARI ba="0,0" hai="7,8,12,17,19,94,98,103" m="39239,43626" machi="98" ten="30,1100,0" yaku="11,1" doraHai="79" who="2" fromWho="2" sc="230,-3,250,-5,270,11,250,-3" /><INIT seed="2,0,0,3,3,6" ten="227,245,281,247" oya="2" hai0="16,87,7,67,5,22,55,50,118,131,70,97,94" hai1="58,115,4,122,45,73,68,17,65,135,62,60,90" hai2="14,78,83,71,110,25,95,43,59,51,120,19,107" hai3="24,89,114,132,39,29,41,20,37,92,80,72,33"/><V76/><F107/><W46/><G132/><T82/><D131/><U121/><E73/><V113/><F71/><W1/><G114/><T64/><D118/><U26/><E115/><V10/><F113/><W75/><G1/><T8/><D70/><U85/><E135/><V54/><F120/><W105/><G105/><T101/><D7/><U31/><E17/><V32/><F110/><W66/><G66/><T30/><D30/><U93/><E45/><V109/><F109/><W15/><G39/><T106/><D106/><U23/><REACH who="1" step="1"/><E4/><REACH who="1" ten="227,235,281,247" step="2"/><V40/><F19/><W133/><G133/><T12/><D5/><U52/><AGARI ba="0,1" hai="23,26,31,52,58,60,62,65,68,85,90,93,121,122" machi="52" ten="30,8000,1" yaku="1,1,2,1,0,1,54,1,53,1" doraHai="6" doraHaiUra="91" who="1" fromWho="1" sc="227,-20,235,90,281,-40,247,-20" /><INIT seed="3,0,0,2,0,68" ten="207,325,241,227" oya="3" hai0="20,133,92,36,12,5,81,69,66,9,71,55,85" hai1="60,62,67,111,84,105,102,50,79,57,121,30,14" hai2="134,32,59,100,86,135,96,120,124,116,0,65,64" hai3="99,119,45,127,19,114,33,28,61,34,3,63,82"/><W6/><G114/><T108/><D108/><U112/><E105/><V117/><F124/><W93/><G119/><T118/><D118/><N who="2" m="45674" /><F32/><W129/><G129/><T52/><D133/><N who="2" m="50698" /><F0/><W101/><G127/><T83/><D36/><U8/><E50/><V76/><F120/><W21/><G45/><T122/><D122/><U94/><E8/><V43/><F43/><W104/><G82/><N who="0" m="31243" /><D69/><U18/><E94/><V131/><F131/><W73/><G73/><T7/><D71/><U26/><E84/><V44/><F86/><W27/><G34/><T113/><D66/><U11/><E67/><V126/><F76/><W17/><G104/><T77/><D113/><U75/><E75/><V88/><F88/><W130/><G130/><T29/><D7/><U39/><E112/><V24/><F44/><W95/><G95/><T48/><D48/><U123/><E121/><V40/><F40/><W53/><G53/><T47/><D47/><U23/><E123/><V91/><F91/><W90/><G90/><N who="0" m="53327" /><D77/><U35/><E79/><V89/><F89/><W15/><G19/><T10/><D10/><AGARI ba="0,0" hai="3,6,10,15,17,21,27,28,33,61,63,93,99,101" machi="10" ten="40,3900,0" yaku="24,2" doraHai="68" who="3" fromWho="0" sc="207,-39,325,0,241,0,227,39" /><INIT seed="3,1,0,4,4,130" ten="168,325,241,266" oya="3" hai0="40,109,71,120,38,10,2,84,44,45,100,42,32" hai1="19,117,25,104,97,60,33,133,79,88,49,62,93" hai2="0,54,61,108,66,48,24,41,35,107,110,114,12" hai3="73,69,77,118,96,58,63,39,3,4,59,47,125"/><W51/><G118/><T131/><D120/><U75/><E49/><V101/><F0/><W92/><G125/><T105/><D131/><U82/><E117/><V52/><F41/><W94/><G39/><T129/><D129/><U95/><E95/><V26/><F114/><W9/><G69/><T28/><D84/><N who="1" m="52359" /><E19/><V124/><F124/><W65/><G59/><T74/><D71/><U122/><E122/><V87/><F12/><W135/><G135/><T43/><D43/><U116/><E133/><V30/><F26/><W121/><G121/><T7/><D74/><U34/><E116/><V22/><F22/><W13/><G3/><T50/><D50/><U123/><E123/><V5/><F5/><W134/><G134/><T132/><D132/><U1/><E1/><V31/><F31/><W55/><G96/><T64/><D64/><U27/><E27/><V111/><F87/><W86/><G73/><T14/><D14/><U36/><E36/><V127/><F48/><W53/><G65/><T99/><D28/><N who="1" m="19599" /><E34/><V16/><F16/><W83/><AGARI ba="1,0" hai="4,9,13,47,51,53,55,58,63,77,83,86,92,94" machi="83" ten="30,3000,0" yaku="0,1,8,1" doraHai="130" who="3" fromWho="3" sc="168,-11,325,-11,241,-11,266,33" /><INIT seed="3,2,0,2,1,61" ten="157,314,230,299" oya="3" hai0="120,131,87,122,107,90,95,28,92,10,11,47,4" hai1="26,99,58,83,84,66,124,46,103,50,29,113,117" hai2="19,91,106,32,105,44,1,71,0,111,129,45,34" hai3="126,43,15,119,35,6,75,78,101,27,80,17,22"/><W8/><G126/><T30/><D107/><U77/><E113/><V127/><F111/><W68/><G119/><T97/><D131/><U98/><E124/><V49/><F127/><W18/><G68/><T102/><D122/><U70/><E70/><V96/><F71/><W16/><G101/><T62/><D120/><U63/><E103/><V86/><F96/><N who="1" m="36905" /><E117/><V100/><F100/><W121/><G121/><T51/><D62/><U108/><E108/><V104/><F19/><W39/><REACH who="3" step="1"/><G35/><REACH who="3" ten="157,314,230,289" step="2"/><T20/><D20/><N who="1" m="15559" /><E46/><AGARI ba="2,1" hai="6,8,15,16,17,18,22,27,39,43,46,75,78,80" machi="46" ten="40,3900,0" yaku="1,1,54,1,53,0" doraHai="61" doraHaiUra="56" who="3" fromWho="1" sc="157,0,314,-45,230,0,289,55" owari="157,-34.0,269,7.0,230,-17.0,344,44.0" /></mjloggm>