<mjloggm ver="2.3"><GO type="41" lobby="0"/><UN n0="%E5%B0%B1%E6%B4%BB%E7%94%9F%40%E5%B7%9D%E6%9D%91%E8%BB%8D%E5%9B%A3" n1="%E9%80%B2%E6%92%83%E3%81%AE%E3%83%88%E3%83%AA%E3%83%8B%E3%83%BC%E3%82%BF" n2="%E3%81%94%E3%82%8A%E3%82%89%E3%81%A3%EF%BC%81" n3="%74%68%65%2E%2E%2E" dan="17,13,15,14" rate="2198.16,1967.99,2112.68,1980.98" sx="M,M,M,M"/><TAIKYOKU oya="0"/><INIT seed="0,0,0,4,2,44" ten="250,250,250,250" oya="0" hai0="125,82,19,75,32,5,124,11,133,77,98,79,64" hai1="16,115,31,56,109,102,97,43,55,4,100,1,129" hai2="17,69,49,103,18,48,6,10,28,70,23,7,45" hai3="89,112,13,12,42,14,47,134,81,8,25,95,59"/><T53/><D32/><U80/><E31/><V29/><F45/><W90/><G112/><T40/><D79/><U52/><E1/><V108/><F103/><W101/><G134/><T118/><D118/><U38/><E38/><V9/><F23/><W61/><G25/><T67/><D133/><U58/><E43/><V21/><F21/><W76/><G101/><N who="1" m="39018" /><E4/><V78/><F78/><W0/><G0/><T121/><D121/><U117/><E115/><V131/><F108/><W24/><G24/><T106/><D106/><U114/><E114/><V15/><F15/><W63/><G8/><T91/><D19/><U36/><E36/><V127/><F127/><N who="0" m="48714" /><D40/><U20/><E109/><V68/><F68/><W51/><G95/><N who="0" m="56703" /><D53/><N who="1" m="20555" /><E117/><V41/><F41/><W57/><G61/><T92/><D92/><U84/><E97/><V26/><F26/><W85/><REACH who="3" step="1"/><G59/><REACH who="3" ten="250,250,250,240" step="2"/><T35/><D35/><U110/><E110/><V86/><REACH who="2" step="1"/><F86/><REACH who="2" ten="250,250,240,240" step="2"/><W88/><G88/><T33/><D33/><U66/><E129/><AGARI ba="0,2" hai="6,7,9,10,17,18,28,29,48,49,69,70,129,131" machi="129" ten="25,12000,2" yaku="1,1,2,1,22,2,52,2,53,0" doraHai="44" doraHaiUra="104" who="2" fromWho="1" sc="250,0,250,-120,240,140,240,0" /><INIT seed="1,0,0,5,0,80" ten="250,130,380,240" oya="1" hai0="9,118,22,135,73,41,5,35,119,125,75,42,19" hai1="40,14,114,10,78,45,6,38,3,37,59,4,26" hai2="106,85,129,100,74,88,131,89,1,109,66,133,55" hai3="34,124,108,51,94,36,97,39,54,84,99,102,82"/><U132/><E37/><V128/><F1/><W130/><G34/><T32/><D125/><U123/><E123/><V57/><F74/><W117/><G124/><T44/><D135/><U15/><E132/><V120/><F133/><W112/><G112/><T2/><D73/><U72/><E6/><V30/><F120/><W21/><G130/><T11/><D75/><U71/><E71/><V49/><F109/><W25/><G99/><T61/><D42/><U23/><E59/><V134/><F134/><W13/><G13/><T68/><D68/><U60/><E60/><V64/><F30/><W96/><G108/><T126/><D61/><U115/><E15/><V98/><F89/><W20/><G97/><T8/><D126/><U33/><E14/><V53/><F55/><W83/><G83/><AGARI ba="0,0" hai="49,53,57,64,66,83,85,88,98,100,106,128,129,131" machi="83" ten="40,5200,0" yaku="19,1,52,1,54,1" doraHai="80" who="2" fromWho="3" sc="250,0,130,0,380,52,240,-52" /><INIT seed="2,0,0,1,1,74" ten="250,130,432,188" oya="2" hai0="33,88,125,87,8,41,11,126,94,95,77,18,60" hai1="108,26,89,72,78,111,128,100,42,27,92,97,103" hai2="4,124,61,67,121,107,34,28,46,73,86,106,10" hai3="81,135,38,80,29,2,3,50,90,133,30,115,9"/><V6/><F73/><W0/><G38/><T45/><D33/><U62/><E42/><V123/><F124/><N who="0" m="47722" /><D60/><U37/><E37/><V47/><F28/><N who="3" m="10859" /><G115/><T55/><D55/><U36/><E36/><V76/><F34/><W59/><G9/><N who="0" m="3659" /><D18/><U7/><E7/><V24/><F24/><W109/><G90/><T75/><D95/><U105/><E62/><V15/><F4/><W53/><G109/><N who="1" m="42058" /><E26/><V66/><F123/><W57/><G57/><T56/><D56/><U25/><E25/><V129/><F121/><W23/><G23/><T22/><D22/><U98/><E27/><V5/><F5/><W93/><G93/><T68/><D68/><U1/><E1/><V52/><F66/><W99/><G99/><T65/><D65/><U58/><E58/><V127/><F127/><W39/><G39/><N who="0" m="21695" /><D75/><U69/><E69/><V112/><F47/><W117/><G117/><T110/><D110/><U63/><E63/><V118/><F118/><W85/><G85/><T82/><D94/><U44/><E44/><V79/><F46/><W14/><G14/><T35/><D35/><U20/><E20/><V31/><F31/><W114/><G114/><T134/><D134/><AGARI ba="0,0" hai="0,2,3,50,53,59,80,81,133,134,135" m="10859" machi="134" ten="40,1300,0" yaku="20,1" doraHai="74" who="3" fromWho="0" sc="250,-13,130,0,432,0,188,13" /><INIT seed="3,0,0,1,5,62" ten="237,130,432,201" oya="3" hai0="102,41,118,124,91,80,112,13,34,107,88,127,82" hai1="8,128,35,133,57,53,126,122,20,131,55,106,114" hai2="79,134,32,90,24,66,50,70,117,9,15,7,109" hai3="110,94,99,121,52,28,38,59,89,23,43,56,85"/><W93/><G121/><T83/><D34/><U44/><E106/><V105/><F105/><W100/><G110/><T75/><D41/><U2/><E35/><V37/><F37/><W12/><G56/><T14/><D118/><U54/><E20/><V64/><F117/><W58/><G59/><T25/><D25/><U51/><E8/><V69/><F109/><W5/><G38/><T42/><D42/><N who="1" m="24983" /><E2/><V29/><F134/><W115/><G43/><T76/><D112/><U132/><E122/><V0/><F79/><W30/><G115/><T95/><D14/><U22/><E22/><V10/><F50/><W125/><G125/><N who="0" m="48203" /><D13/><U71/><E126/><V17/><REACH who="2" step="1"/><F90/><REACH who="2" ten="237,130,422,201" step="2"/><N who="0" m="34346" /><D107/><U65/><E114/><V21/><F21/><W113/><G113/><T26/><D26/><U123/><E123/><V31/><F31/><W11/><G23/><T36/><D36/><U72/><E72/><V73/><F73/><W97/><REACH who="3" step="1"/><G99/><AGARI ba="0,1" hai="75,76,80,82,83,95,99,102" m="34346,48203" machi="99" ten="30,7700,0" yaku="18,1,34,2,54,1" doraHai="62" who="0" fromWho="3" sc="237,87,130,0,422,0,201,-77" /><INIT seed="4,0,0,5,2,36" ten="324,130,422,124" oya="0" hai0="116,120,128,125,47,99,69,107,82,121,133,76,72" hai1="17,126,97,68,7,67,65,106,3,123,31,78,21" hai2="92,8,4,50,73,29,32,130,83,0,84,48,101" hai3="132,66,122,14,64,10,114,25,70,46,94,27,18"/><T87/><D69/><U53/><E106/><V103/><F73/><W44/><G132/><T11/><D11/><U30/><E3/><V131/><F29/><N who="1" m="10761" /><E68/><V112/><F32/><W90/><G114/><T9/><D9/><U98/><E7/><V34/><F34/><W91/><G122/><T77/><D47/><N who="3" m="17961" /><G70/><T58/><D58/><U135/><E123/><N who="0" m="47177" /><D116/><U23/><E135/><V19/><F112/><W59/><G91/><T110/><D133/><U124/><E78/><V93/><F19/><W61/><G64/><N who="1" m="24650" /><E53/><V134/><F134/><W89/><G89/><T113/><D113/><U57/><E57/><V5/><F8/><W13/><G14/><T75/><D128/><U49/><E49/><V108/><F0/><W52/><G66/><T20/><D125/><N who="1" m="48235" /><E17/><V115/><F115/><W60/><G61/><T40/><D75/><U74/><E74/><V1/><F1/><W42/><G42/><T12/><D72/><U63/><E63/><V81/><F50/><W45/><N who="3" m="17969" /><W104/><DORA hai="80" /><G104/><T119/><D40/><U41/><E41/><V71/><F48/><W28/><G28/><T85/><D77/><U117/><E117/><V26/><F71/><W96/><AGARI ba="0,0" hai="10,13,18,25,27,52,59,60,90,94,96" m="17969" machi="96" ten="30,2000,0" yaku="8,1,54,1" doraHai="36,80" who="3" fromWho="3" sc="324,-10,130,-5,422,-5,124,20" /><INIT seed="5,0,0,4,0,20" ten="314,125,417,144" oya="1" hai0="116,92,82,106,32,79,135,36,69,120,109,104,124" hai1="91,23,127,15,2,95,81,60,17,103,62,25,74" hai2="84,105,3,88,58,65,130,56,28,11,66,75,99" hai3="9,0,123,112,7,70,34,85,55,108,46,1,16"/><U126/><E2/><V51/><F75/><W122/><G108/><T18/><RYUUKYOKU type="yao9" ba="0,0" sc="314,0,125,0,417,0,144,0" hai0="18,32,36,69,79,82,92,104,106,109,116,120,124,135" /><INIT seed="5,1,0,5,5,70" ten="314,125,417,144" oya="1" hai0="132,68,94,130,0,126,113,4,34,61,45,84,8" hai1="112,98,32,80,40,91,89,93,128,104,83,24,88" hai2="86,49,47,60,125,27,6,10,117,43,75,65,21" hai3="38,35,59,100,9,122,131,134,110,78,3,42,114"/><U7/><E32/><V55/><F75/><W56/><G78/><T53/><D113/><U48/><E7/><V74/><F74/><W19/><G19/><T135/><D126/><U46/><E112/><V64/><F117/><W17/><G17/><T81/><D130/><U124/><E128/><V63/><F125/><W22/><G22/><T71/><D34/><U120/><E124/><V62/><F86/><W26/><G100/><T123/><D123/><U85/><E120/><V1/><REACH who="2" step="1"/><F43/><REACH who="2" ten="314,125,407,144" step="2"/><W20/><G42/><T119/><D119/><U28/><E104/><V99/><F99/><W133/><G131/><T77/><D132/><U14/><E14/><V82/><F82/><W95/><G114/><T109/><D135/><U37/><E37/><V107/><F107/><W73/><G38/><T2/><D109/><U90/><E24/><V41/><F41/><W115/><G26/><T129/><D129/><U67/><E28/><AGARI ba="1,1" hai="1,6,10,21,27,28,47,49,55,60,62,63,64,65" machi="28" ten="40,1300,0" yaku="1,1,53,0" doraHai="70" doraHaiUra="101" who="2" fromWho="1" sc="314,0,125,-16,407,26,144,0" /><INIT seed="6,0,0,5,4,65" ten="314,109,433,144" oya="2" hai0="18,79,46,89,48,15,39,44,87,110,12,118,90" hai1="95,67,82,4,86,125,20,59,26,132,24,5,33" hai2="117,85,92,103,36,111,58,1,99,50,23,41,112" hai3="105,114,108,72,31,113,8,133,70,77,130,109,13"/><V56/><F117/><W10/><G105/><T73/><D110/><N who="3" m="42601" /><G77/><T122/><D122/><U64/><E33/><V37/><F1/><W106/><G72/><T75/><D118/><U61/><E67/><V84/><F111/><W135/><G106/><T128/><D128/><U91/><E132/><N who="3" m="50762" /><G70/><T52/><D79/><U107/><E107/><V34/><F34/><W127/><G130/><T55/><D12/><U7/><E125/><V42/><F37/><W16/><G127/><T78/><D78/><U9/><E82/><V100/><F36/><W0/><G31/><T120/><D120/><U2/><REACH who="1" step="1"/><E24/><REACH who="1" ten="314,99,433,144" step="2"/><V69/><F92/><W11/><G0/><T25/><D75/><U88/><E88/><V96/><F103/><W40/><G40/><T21/><D89/><U126/><E126/><V19/><F42/><W57/><G57/><T6/><D73/><U53/><E53/><V81/><BYE who="0" /><F56/><W121/><G121/><T22/><D22/><AGARI ba="0,1" hai="8,10,11,13,16,22,113,114" m="50762,42601" machi="22" ten="40,8000,1" yaku="20,1,34,2,54,1" doraHai="65" who="3" fromWho="0" sc="314,-80,99,0,433,0,144,90" /><UN n0="%E5%B0%B1%E6%B4%BB%E7%94%9F%40%E5%B7%9D%E6%9D%91%E8%BB%8D%E5%9B%A3" /><INIT seed="7,0,0,4,4,7" ten="234,99,433,234" oya="3" hai0="101,102,116,91,32,126,72,0,6,74,114,59,35" hai1="73,11,122,5,103,107,124,118,23,75,33,111,135" hai2="36,123,80,58,104,115,67,98,133,1,27,38,26" hai3="52,61,48,71,64,57,93,3,43,24,129,85,69"/><W40/><G3/><T81/><D116/><U105/><E23/><V117/><F117/><W90/><G129/><T45/><D126/><U77/><E5/><V128/><F1/><W31/><REACH who="3" step="1"/><G71/><REACH who="3" ten="234,99,433,224" step="2"/><T87/><D0/><U100/><E33/><AGARI ba="0,1" hai="24,31,33,40,43,48,52,57,61,64,69,85,90,93" machi="33" ten="30,12000,1" yaku="1,1,2,1,7,1,54,1,53,1" doraHai="7" doraHaiUra="49" who="3" fromWho="1" sc="234,0,99,-120,433,0,224,130" owari="234,-17.0,-21,-52.0,433,54.0,354,15.0" /></mjloggm>