<mjloggm ver="2.3"><GO type="169" lobby="0"/><UN n0="%E3%83%97%E3%83%A9%E3%83%81%E3%83%8A%E3%83%A0" n1="%E5%B0%B1%E6%B4%BB%E7%94%9F%40%E5%B7%9D%E6%9D%91%E8%BB%8D%E5%9B%A3" n2="%69%6E%66%6F%31%32%33" n3="%E6%97%85%E4%BA%BA%E3%81%A1%E3%82%88%E3%81%99%E3%81%91" dan="17,17,16,16" rate="2143.64,2244.60,2122.27,2130.22" sx="M,M,M,M"/><TAIKYOKU oya="0"/><INIT seed="0,0,0,1,3,4" ten="250,250,250,250" oya="0" hai0="46,68,39,28,58,29,54,23,44,0,61,40,16" hai1="27,7,52,34,117,41,64,20,77,105,11,47,111" hai2="124,92,56,93,65,120,86,88,63,50,95,81,69" hai3="125,118,49,5,37,32,60,85,130,75,129,9,79"/><T59/><D0/><U24/><E105/><V42/><F124/><W97/><G37/><T10/><D46/><U104/><E104/><V12/><F120/><W67/><G118/><T128/><D128/><N who="3" m="49257" /><G32/><T22/><D22/><U35/><E64/><V17/><F42/><W8/><G5/><T62/><D68/><U82/><E117/><V108/><F108/><W21/><G75/><T83/><D83/><U121/><E121/><V115/><F115/><W127/><G49/><T31/><D10/><N who="3" m="4201" /><G97/><T100/><D100/><U102/><E35/><V123/><F123/><W57/><G21/><T74/><D74/><U70/><E34/><V98/><F50/><W3/><G3/><T19/><REACH who="0" step="1"/><D23/><REACH who="0" ten="240,250,250,250" step="2"/><U96/><E20/><N who="2" m="11303" /><F69/><W51/><G51/><T110/><D110/><U132/><E111/><V114/><F114/><W109/><G109/><T87/><D87/><U107/><E70/><V15/><F15/><W119/><G119/><T18/><D18/><U76/><E27/><V38/><F38/><W48/><G48/><T131/><D131/><U33/><E24/><V80/><F80/><AGARI ba="0,1" hai="57,60,67,79,80,85,125,127" m="4201,49257" machi="80" ten="30,7700,0" yaku="19,1,52,3" doraHai="4" who="3" fromWho="2" sc="240,0,250,0,250,-77,250,87" /><INIT seed="1,0,0,0,5,107" ten="240,250,173,337" oya="1" hai0="97,8,16,70,87,135,96,101,9,79,0,89,108" hai1="117,82,66,55,127,36,78,26,129,12,56,39,53" hai2="10,128,69,133,59,131,41,71,113,114,130,81,37" hai3="120,46,33,50,115,25,3,14,5,29,73,111,1"/><U84/><E117/><V93/><F93/><W17/><G115/><N who="2" m="44041" /><F81/><W63/><G120/><T51/><D70/><N who="2" m="26634" /><F10/><W6/><G111/><T24/><D108/><U48/><E127/><V67/><F133/><W90/><G63/><T60/><D135/><U34/><E129/><V42/><F37/><W76/><G90/><T2/><D2/><U54/><E12/><V43/><F59/><W47/><G3/><T22/><D0/><U15/><E15/><V104/><F104/><W62/><G1/><T19/><D19/><U75/><E84/><V126/><F67/><W32/><G32/><T68/><D68/><U121/><E121/><V28/><F28/><W38/><G38/><T86/><D8/><U35/><E26/><V103/><F103/><W21/><G47/><T52/><D9/><U13/><E13/><V57/><F57/><W125/><G14/><T91/><D87/><U27/><E27/><V132/><F132/><W45/><G46/><T99/><D86/><U116/><E116/><V77/><F77/><W112/><G76/><T20/><D79/><U106/><E106/><V65/><F65/><W31/><G31/><T83/><D83/><U30/><E30/><V7/><F7/><W61/><G5/><T98/><D101/><U105/><E105/><V58/><F58/><W118/><G6/><T49/><D22/><U85/><E85/><V119/><F119/><W80/><G118/><T18/><D18/><U122/><E122/><V102/><F102/><W11/><G112/><T64/><D64/><U95/><E35/><V124/><AGARI ba="0,0" hai="41,42,43,124,126,128,130,131" m="26634,44041" machi="124" ten="50,12000,2" yaku="28,2,19,1,11,1,34,2" doraHai="107" who="2" fromWho="2" sc="240,-30,250,-60,173,120,337,-30" /><INIT seed="2,0,0,2,3,7" ten="210,190,293,307" oya="2" hai0="106,32,110,112,125,126,56,94,38,76,84,26,46" hai1="14,41,73,91,0,99,121,135,63,131,54,107,17" hai2="70,49,100,72,129,132,108,71,123,12,95,59,57" hai3="31,30,2,120,51,101,124,65,81,34,105,36,5"/><V130/><F72/><W85/><G120/><T134/><D106/><U18/><E73/><V88/><F100/><W27/><G36/><T53/><D112/><U102/><E121/><V78/><F78/><W103/><G124/><T77/><D110/><U50/><E0/><V90/><F123/><W11/><G105/><T113/><D113/><U118/><E118/><V96/><F132/><W6/><G31/><N who="0" m="19575" /><D134/><U128/><E135/><V97/><F108/><W62/><G51/><N who="0" m="30783" /><D94/><U67/><E41/><V68/><F12/><W23/><G34/><T86/><D86/><U9/><E91/><N who="2" m="34859" /><F95/><W39/><G39/><T61/><D61/><U25/><E25/><V22/><F22/><W37/><G37/><T40/><D84/><U98/><E98/><N who="2" m="37995" /><F49/><W66/><G85/><T33/><D33/><U52/><E18/><V122/><F122/><W114/><G114/><T58/><D76/><U115/><E115/><V1/><F1/><W21/><G81/><T8/><D77/><U82/><E82/><V117/><F117/><W24/><G103/><T29/><D38/><U79/><E79/><V15/><F15/><W20/><G101/><T44/><D126/><U28/><E28/><V116/><F116/><W10/><G30/><T35/><D29/><U127/><E127/><V55/><F55/><N who="1" m="21033" /><E50/><V16/><F16/><W75/><G75/><T64/><D125/><U48/><E48/><V109/><F109/><W87/><G87/><T3/><D3/><U47/><E47/><V93/><F93/><W104/><G104/><T119/><D46/><U60/><E67/><N who="3" m="25610" /><G62/><N who="0" m="37975" /><D119/><U89/><E89/><RYUUKYOKU ba="0,0" sc="210,-30,190,10,293,10,307,10" hai1="9,14,17,60,63,99,102,107,128,131" hai2="57,59,68,70,71,129,130" hai3="2,5,6,10,11,20,21,23,24,27" /><INIT seed="2,1,0,4,5,21" ten="180,200,303,317" oya="2" hai0="46,117,74,78,23,29,135,100,68,134,2,26,110" hai1="97,8,105,0,38,51,124,42,33,7,50,89,70" hai2="108,128,127,77,37,49,119,101,34,59,121,31,81" hai3="32,22,1,91,28,93,63,111,36,45,79,19,47"/><V5/><F119/><W80/><G111/><T9/><D68/><U3/><E70/><V131/><F121/><W40/><G1/><T83/><D110/><U113/><E33/><V115/><F108/><W35/><G28/><T53/><D100/><U88/><E3/><V62/><F37/><W126/><G126/><T12/><D2/><U64/><E124/><V116/><F127/><W99/><G47/><T118/><D53/><U96/><E113/><V60/><F116/><N who="0" m="44650" /><D46/><U48/><E64/><V65/><F115/><W17/><G63/><T25/><D25/><U90/><REACH who="1" step="1"/><E105/><REACH who="1" ten="180,190,303,317" step="2"/><V69/><F69/><W125/><G125/><T103/><D103/><U133/><E133/><V18/><F101/><W94/><G32/><T109/><D109/><U66/><E66/><V6/><F65/><W57/><G35/><T15/><D9/><U24/><E24/><V11/><F11/><W114/><G114/><T132/><AGARI ba="1,1" hai="12,15,23,26,29,74,78,83,132,134,135" m="44650" machi="132" ten="40,5200,0" yaku="20,1,12,1,52,1" doraHai="21" who="0" fromWho="0" sc="180,65,190,-14,303,-27,317,-14" /><INIT seed="3,0,0,1,5,84" ten="245,176,276,303" oya="3" hai0="109,59,53,89,110,8,93,13,63,15,79,117,43" hai1="101,103,80,48,66,61,7,36,120,99,133,82,81" hai2="72,32,40,4,47,85,67,73,27,113,130,46,118" hai3="111,42,52,28,126,50,78,3,60,30,75,135,9"/><W22/><G42/><T65/><D117/><U20/><E36/><V132/><F118/><W92/><G60/><T68/><D79/><U108/><E120/><V76/><F113/><W98/><G126/><T23/><D23/><U95/><E108/><N who="0" m="41577" /><D8/><U37/><E37/><V19/><F67/><W6/><G111/><T38/><D38/><U125/><E133/><V91/><F132/><W51/><G135/><T77/><D77/><U55/><E125/><V64/><F64/><W1/><G1/><T100/><D100/><U124/><E124/><V90/><F4/><W14/><G51/><N who="0" m="31167" /><D43/><U35/><E35/><V106/><F106/><W49/><G50/><T21/><D21/><U62/><E7/><V56/><F76/><W11/><G78/><T87/><AGARI ba="0,0" hai="13,15,63,65,68,87,89,93" m="31167,41577" machi="87" ten="30,2000,0" yaku="14,1,52,1" doraHai="84" who="0" fromWho="0" sc="245,20,176,-5,276,-5,303,-10" /><INIT seed="4,0,0,2,0,48" ten="265,171,271,293" oya="0" hai0="17,32,101,104,134,6,24,38,2,129,50,111,71" hai1="119,115,89,113,110,20,41,60,54,21,92,33,56" hai2="123,29,16,46,0,73,12,77,1,78,18,14,11" hai3="51,66,120,25,122,100,126,67,22,26,65,45,59"/><T79/><D38/><U44/><E110/><V49/><F123/><N who="3" m="47147" /><G126/><T95/><D104/><U90/><E33/><V94/><F29/><N who="3" m="17591" /><G26/><T27/><D71/><U128/><E119/><V52/><F94/><W121/><G121/><T64/><D64/><U82/><E82/><V74/><F77/><W108/><G108/><T70/><D70/><U125/><E125/><V87/><F87/><W114/><G114/><N who="1" m="43530" /><E128/><V105/><F105/><W42/><G100/><T19/><D101/><U85/><E90/><V15/><F15/><W28/><G28/><T58/><D79/><U117/><E117/><V7/><F7/><W39/><G39/><AGARI ba="0,0" hai="20,21,39,41,44,54,56,60,85,89,92" m="43530" machi="39" ten="30,3900,0" yaku="15,1,11,1,52,1" doraHai="48" who="1" fromWho="3" sc="265,0,171,39,271,0,293,-39" /><INIT seed="5,0,0,4,3,65" ten="265,210,271,254" oya="1" hai0="97,26,111,6,48,66,100,13,73,3,81,77,33" hai1="78,109,113,93,125,7,45,52,8,5,28,36,38" hai2="17,50,40,108,37,20,29,55,133,59,67,53,99" hai3="131,69,106,16,64,27,117,46,103,120,30,83,41"/><U92/><E113/><V2/><F108/><W132/><G120/><T98/><D111/><U91/><E109/><V1/><F29/><W87/><G132/><T75/><D97/><U71/><E125/><V19/><F133/><W74/><G74/><T128/><D128/><U127/><E127/><V82/><F19/><W85/><G131/><T114/><D13/><U68/><E78/><V58/><F67/><W51/><G117/><T63/><D48/><U96/><E28/><V121/><F121/><W90/><G87/><T32/><D114/><U79/><E79/><V4/><F4/><W88/><G90/><T122/><D122/><U39/><E92/><V14/><F82/><W25/><G30/><N who="0" m="19543" /><D6/><U119/><E119/><V54/><F54/><W44/><G16/><T101/><D101/><U76/><E76/><V86/><F86/><W11/><G11/><T130/><D130/><U60/><E7/><V9/><F9/><W116/><G116/><T21/><D21/><U102/><E102/><V49/><F99/><W115/><G115/><T112/><D112/><U12/><REACH who="1" step="1"/><E45/><AGARI ba="0,0" hai="1,2,14,17,20,37,40,45,49,50,53,55,58,59" machi="45" ten="40,1300,0" yaku="9,1" doraHai="65" who="2" fromWho="1" sc="265,0,210,-13,271,13,254,0" /><INIT seed="6,0,0,4,4,13" ten="265,197,284,254" oya="2" hai0="112,2,41,98,11,48,46,38,81,111,14,125,104" hai1="96,115,84,73,77,26,88,25,127,90,126,36,116" hai2="108,101,120,66,44,65,33,53,12,4,10,37,119" hai3="129,31,34,32,121,75,61,21,103,76,94,117,93"/><V79/><F119/><W74/><G117/><T110/><D2/><U70/><E116/><V132/><F120/><W43/><G121/><T83/><D112/><U51/><E70/><V3/><F33/><W63/><G43/><T78/><D125/><N who="1" m="47627" /><E36/><V135/><F108/><W109/><G109/><T57/><D83/><N who="1" m="45487" /><E51/><N who="2" m="28903" /><F37/><W102/><G76/><T72/><D104/><U59/><E59/><V80/><F101/><W82/><G82/><T7/><D98/><U131/><E131/><V107/><F107/><W130/><G21/><T28/><D28/><AGARI ba="0,0" hai="28,31,32,34,61,63,74,75,93,94,102,103,129,130" machi="28" ten="25,1600,0" yaku="22,2" doraHai="13" who="3" fromWho="0" sc="265,-16,197,0,284,0,254,16" /><INIT seed="7,0,0,5,0,88" ten="249,197,284,270" oya="3" hai0="108,53,6,49,51,24,116,26,102,12,72,50,109" hai1="100,101,61,4,110,79,126,103,76,60,134,113,107" hai2="67,74,105,11,30,27,95,38,0,63,8,3,117" hai3="66,2,98,104,55,32,21,135,77,133,16,86,97"/><W71/><G32/><T57/><D72/><U93/><E107/><V9/><F105/><W91/><G2/><T14/><D116/><U28/><E110/><V132/><F117/><W83/><G71/><T44/><D102/><U62/><E113/><V112/><F74/><W80/><G66/><T90/><D108/><U68/><E134/><N who="3" m="51210" /><G55/><T45/><D109/><U70/><E126/><V87/><F38/><W92/><G104/><T20/><D26/><U13/><E28/><V10/><F132/><W89/><G89/><T15/><D90/><U65/><E65/><V122/><F112/><W40/><G40/><T121/><D6/><U1/><E1/><V35/><F122/><W25/><G83/><T54/><D121/><U123/><E123/><V7/><F0/><W64/><G64/><T75/><D75/><AGARI ba="0,0" hai="16,21,25,75,77,80,86,91,92,97,98" m="51210" machi="75" ten="30,5800,0" yaku="20,1,52,1,54,1" doraHai="88" who="3" fromWho="0" sc="249,-58,197,0,284,0,270,58" owari="191,-31.0,197,-20.0,284,8.0,328,43.0" /></mjloggm>