<mjloggm ver="2.3"><GO type="169" lobby="0"/><UN n0="%7A%68%6B%64%73%68%67%79" n1="%E3%83%AA%E3%82%B0%E3%83%AB" n2="%E3%83%88%E3%83%88%E3%83%AA%E5%85%88%E7%94%9F%31%39%E6%AD%B3" n3="%E3%82%82%E3%82%81%E3%82%93%E3%81%AA%E3%81%A1%E3%82%83%E3%81%84" dan="17,16,18,19" rate="2177.38,2048.70,2197.74,2241.62" sx="F,F,F,M"/><TAIKYOKU oya="0"/><INIT seed="0,0,0,0,2,21" ten="250,250,250,250" oya="0" hai0="83,25,112,17,78,80,46,56,0,64,58,111,90" hai1="113,100,37,27,32,130,86,30,89,95,63,118,102" hai2="105,97,104,45,10,54,43,26,107,1,88,119,66" hai3="35,94,41,103,59,96,106,60,98,36,67,109,87"/><T6/><D112/><U108/><E118/><V123/><F123/><W34/><G109/><T44/><D111/><U28/><E108/><V16/><F119/><W39/><G87/><N who="0" m="48631" /><D0/><U14/><E130/><V8/><F66/><W70/><G59/><N who="0" m="22571" /><D6/><U116/><E116/><V9/><F54/><W93/><G106/><T114/><D64/><U2/><E2/><V19/><F1/><W13/><G13/><T3/><D3/><U50/><E37/><V132/><F132/><W40/><G36/><T55/><D55/><U128/><E128/><V11/><N who="2" m="2048" /><DORA hai="77" /><V124/><F124/><W24/><G39/><T57/><D57/><U42/><E14/><V134/><F134/><W5/><G5/><T12/><D12/><U85/><E42/><V92/><REACH who="2" step="1"/><F26/><REACH who="2" ten="250,250,240,250" step="2"/><W76/><G24/><T72/><D114/><U49/><E27/><V71/><F71/><W117/><G117/><T81/><D72/><U120/><E113/><V15/><F15/><W133/><G133/><T115/><D115/><U33/><E120/><V121/><F121/><W129/><G129/><T91/><D25/><U52/><E52/><V65/><F65/><W75/><G40/><T126/><D126/><U48/><E63/><V131/><F131/><W122/><G41/><T38/><D38/><AGARI ba="0,1" hai="16,19,38,43,45,88,92,97,104,105,107" m="2048" machi="38" ten="60,8000,1" yaku="1,1,54,2,53,1" doraHai="21,77" doraHaiUra="68,53" who="2" fromWho="0" sc="250,-80,250,0,240,90,250,0" /><INIT seed="1,0,0,0,3,67" ten="170,250,330,250" oya="1" hai0="81,132,113,63,45,3,39,16,80,72,108,44,99" hai1="54,78,73,14,10,127,9,74,5,124,64,25,17" hai2="13,19,109,34,96,48,123,32,92,111,68,62,93" hai3="18,41,21,57,26,61,12,98,11,23,118,135,91"/><U65/><E78/><V71/><F123/><W129/><G135/><T2/><D113/><U60/><E64/><V27/><F48/><W75/><G75/><T101/><D132/><U102/><E54/><V133/><F62/><W120/><G120/><T29/><D29/><U94/><E94/><N who="2" m="36459" /><F96/><W116/><G129/><T15/><D108/><N who="2" m="41546" /><F133/><W6/><G41/><T100/><D63/><U131/><E102/><V30/><F32/><W66/><G98/><T1/><D39/><U0/><E25/><V87/><F87/><W86/><REACH who="3" step="1"/><G23/><AGARI ba="0,0" hai="13,19,23,27,30,34,68,71" m="41546,36459" machi="23" ten="30,3900,0" yaku="14,1,52,2" doraHai="67" who="2" fromWho="3" sc="170,0,250,0,330,39,250,-39" /><INIT seed="2,0,0,3,1,41" ten="170,250,369,211" oya="2" hai0="75,109,112,91,111,72,20,19,60,70,11,88,132" hai1="133,68,57,43,67,129,78,76,110,9,32,42,2" hai2="25,7,16,117,64,44,21,81,45,130,107,74,134" hai3="63,127,51,98,6,73,23,29,121,54,119,47,108"/><V53/><F117/><W96/><G119/><T122/><D122/><U85/><E68/><V61/><F107/><W33/><G121/><T65/><D112/><U22/><E32/><V125/><F130/><W94/><G73/><N who="0" m="28235" /><D11/><U126/><E22/><V55/><F134/><W92/><G108/><N who="0" m="41547" /><D132/><U87/><E57/><N who="2" m="36911" /><F74/><W104/><G33/><T56/><D70/><U80/><E9/><V124/><F81/><W105/><G127/><N who="2" m="48713" /><F7/><W82/><G6/><T28/><D28/><U128/><E80/><V49/><F55/><W26/><G82/><T35/><D35/><U4/><E110/><V58/><AGARI ba="0,0" hai="16,21,25,44,45,49,53,58" m="48713,36911" machi="58" ten="30,11700,0" yaku="18,1,52,2,54,1" doraHai="41" who="2" fromWho="2" sc="170,-39,250,-39,369,117,211,-39" /><INIT seed="2,1,0,5,2,122" ten="131,211,486,172" oya="2" hai0="26,52,100,41,71,125,101,61,7,90,95,96,44" hai1="93,110,49,57,60,97,82,6,119,32,107,127,84" hai2="67,105,50,3,106,11,126,76,54,103,31,102,79" hai3="48,73,5,43,38,14,2,35,109,72,24,28,63"/><V17/><F126/><W23/><G38/><T4/><D125/><U87/><E119/><V111/><F67/><W8/><G109/><T29/><D71/><U66/><E32/><V130/><F130/><W124/><G124/><T112/><D112/><U51/><E107/><V0/><F31/><W83/><G63/><T120/><D120/><U25/><E110/><V27/><F27/><W70/><G70/><T56/><D100/><U62/><E6/><V89/><F89/><W88/><G43/><T99/><D44/><U1/><E1/><V121/><F121/><W116/><G48/><T58/><D56/><U9/><E9/><V129/><F129/><W21/><G116/><T134/><D41/><U113/><E113/><V123/><F123/><W65/><G65/><T59/><D59/><N who="1" m="37215" /><E25/><V85/><F11/><W36/><G36/><T118/><D118/><U75/><E75/><V37/><F37/><W117/><G117/><T74/><D74/><U55/><E127/><V114/><F114/><W68/><G68/><T13/><D13/><U16/><E16/><V80/><F17/><N who="3" m="10679" /><G21/><T92/><REACH who="0" step="1"/><D134/><REACH who="0" ten="121,211,486,172" step="2"/><U22/><E57/><N who="2" m="32983" /><F3/><W20/><G73/><T46/><D46/><U40/><E40/><V64/><F0/><W133/><G72/><T135/><D135/><U81/><E55/><V108/><F64/><W78/><G133/><T53/><D53/><U42/><E42/><V104/><F108/><W69/><G69/><T39/><D39/><U98/><E60/><V91/><F111/><W94/><G2/><T128/><D128/><U34/><E49/><V131/><F131/><RYUUKYOKU ba="1,1" sc="121,15,211,-15,486,15,172,-15" hai0="4,7,26,29,52,58,61,90,92,95,96,99,101" hai2="76,79,80,85,91,102,103,104,105,106" /><INIT seed="2,2,1,3,1,9" ten="136,196,501,157" oya="2" hai0="89,56,66,38,105,125,32,30,33,20,13,85,104" hai1="127,78,124,84,51,11,108,53,40,87,107,1,117" hai2="132,119,0,94,83,103,101,130,18,97,22,16,59" hai3="36,2,110,3,6,67,95,76,68,93,28,122,5"/><V62/><F119/><W15/><G122/><T24/><D38/><U46/><E107/><V135/><F0/><W31/><G36/><T116/><D116/><U10/><E117/><V88/><F130/><W129/><G129/><T92/><D125/><N who="1" m="48203" /><E108/><V34/><F34/><W106/><G106/><T21/><D33/><U128/><E128/><V126/><F126/><W37/><G37/><T41/><D32/><U71/><E71/><V50/><F50/><W133/><G76/><T26/><D41/><U112/><E112/><V43/><F43/><W65/><G133/><N who="2" m="51273" /><F83/><W134/><G134/><T74/><D74/><U44/><E78/><V48/><F48/><W49/><G49/><T47/><D47/><N who="1" m="27903" /><E11/><V81/><F18/><W86/><G68/><T17/><REACH who="0" step="1"/><D26/><REACH who="0" ten="126,196,501,157" step="2"/><U79/><E46/><V57/><F81/><W91/><G110/><T14/><D14/><U55/><E40/><V72/><F72/><W99/><G2/><T23/><D23/><U114/><E1/><V69/><F69/><W118/><G118/><T35/><D35/><U96/><E44/><V115/><F115/><W64/><G3/><T131/><D131/><U75/><E114/><V61/><F59/><W39/><G39/><T73/><D73/><U121/><E75/><V60/><F57/><W98/><G15/><AGARI ba="2,2" hai="15,16,22,60,61,62,88,94,97,101,103" m="51273" machi="15" ten="30,11600,0" yaku="20,1,52,1,54,2" doraHai="9" who="2" fromWho="3" sc="126,0,196,0,501,142,157,-122" /><INIT seed="2,3,0,3,0,71" ten="126,196,643,35" oya="2" hai0="95,74,101,2,6,119,56,118,17,93,135,0,104" hai1="133,21,15,98,69,65,109,86,80,3,87,72,105" hai2="4,53,66,10,130,131,34,127,121,37,39,63,128" hai3="41,23,94,12,8,116,125,108,103,9,19,99,33"/><V38/><BYE who="0" /><F121/><W132/><G116/><T46/><D46/><U31/><E3/><N who="2" m="287" /><F34/><W114/><G33/><UN n0="%7A%68%6B%64%73%68%67%79" /><T83/><D135/><U54/><E109/><V52/><F127/><W45/><G108/><T73/><D17/><U7/><E72/><V91/><F91/><W79/><G132/><T51/><D6/><U36/><E36/><V96/><F96/><W59/><G125/><T24/><D24/><U62/><E105/><V110/><F110/><W40/><G114/><T122/><D104/><U1/><E1/><V25/><F25/><W115/><G115/><T47/><D56/><AGARI ba="3,0" hai="37,38,39,52,53,56,63,66,128,130,131" m="287" machi="56" ten="40,12000,1" yaku="19,1,52,3,54,1" doraHai="71" who="2" fromWho="0" sc="126,-129,196,0,643,129,35,0" owari="-3,-50.0,196,0.0,772,86.0,35,-36.0" /></mjloggm>