<mjloggm ver="2.3"><GO type="169" lobby="0"/><UN n0="%E9%9D%92%E7%8C%AB" n1="%E6%9D%BE%E5%B1%8B%E3%81%8A%E3%81%98%E3%81%95%E3%82%93" n2="%67%6F%73%68%69%6B%6B%75" n3="%E5%B0%B1%E6%B4%BB%E7%94%9F%40%E5%B7%9D%E6%9D%91%E8%BB%8D%E5%9B%A3" dan="17,16,16,17" rate="2080.53,2100.15,2176.73,2215.11" sx="M,M,F,M"/><TAIKYOKU oya="0"/><INIT seed="0,0,0,3,1,97" ten="250,250,250,250" oya="0" hai0="39,12,73,17,114,113,108,62,61,107,60,38,126" hai1="25,28,134,9,95,78,112,32,11,24,67,52,59" hai2="101,71,117,55,127,72,106,94,31,49,51,54,83" hai3="98,16,35,19,79,133,119,115,87,7,76,53,80"/><T15/><D73/><U23/><E134/><V5/><F106/><W81/><G119/><T91/><D107/><U100/><E78/><V88/><F71/><W36/><G115/><T70/><D70/><U93/><E67/><V1/><F117/><W2/><G133/><T110/><D91/><U109/><E109/><N who="0" m="42089" /><D126/><U22/><E32/><V3/><F127/><W10/><G36/><N who="0" m="13867" /><D17/><N who="1" m="12367" /><E112/><AGARI ba="0,0" hai="12,15,60,61,62,112,113,114" m="13867,42089" machi="112" ten="40,12000,1" yaku="28,2,14,1,10,1" doraHai="97" who="0" fromWho="1" sc="250,120,250,-120,250,0,250,0" /><INIT seed="0,1,0,2,5,16" ten="370,130,250,250" oya="0" hai0="125,1,13,33,37,93,2,117,123,39,94,50,70" hai1="91,5,48,110,112,77,12,132,89,84,87,43,120" hai2="133,99,80,69,46,15,135,115,59,88,106,35,90" hai3="75,7,119,27,71,45,63,122,56,102,107,3,127"/><T61/><D123/><U67/><E120/><V42/><F69/><W22/><G119/><T38/><D33/><U79/><E67/><V28/><F115/><W130/><G127/><T8/><D117/><U76/><E112/><V17/><F59/><W24/><G130/><T4/><D50/><U54/><E43/><V29/><F106/><W41/><G75/><T44/><D44/><U0/><E0/><V40/><F99/><W51/><G71/><T23/><D125/><U111/><E5/><V58/><F58/><W73/><G73/><T92/><REACH who="0" step="1"/><D23/><REACH who="0" ten="360,130,250,250" step="2"/><U82/><E132/><V95/><F35/><W53/><G122/><T72/><D72/><U86/><E82/><V85/><F46/><W101/><G107/><T11/><D11/><U97/><E48/><V134/><F134/><W103/><G22/><T20/><D20/><U129/><E129/><V52/><F135/><W64/><G41/><T66/><AGARI ba="1,1" hai="1,2,4,8,13,37,38,39,61,66,70,92,93,94" machi="66" ten="40,3900,0" yaku="1,1,0,1,53,0" doraHai="16" doraHaiUra="126" who="0" fromWho="0" sc="360,52,130,-14,250,-14,250,-14" /><INIT seed="0,2,0,5,3,50" ten="412,116,236,236" oya="0" hai0="66,15,56,16,37,26,7,22,75,71,88,30,29" hai1="91,21,14,93,24,89,94,10,111,27,52,123,48" hai2="61,46,97,45,13,95,112,120,125,19,38,107,102" hai3="85,55,70,62,64,68,117,11,82,127,43,8,131"/><T12/><D75/><U59/><E123/><V79/><F120/><W132/><G117/><T57/><D37/><U121/><E121/><V49/><F125/><W122/><G127/><T36/><D36/><U110/><E93/><V129/><F112/><W100/><G132/><T106/><D106/><U99/><E91/><V80/><F129/><W78/><G131/><T41/><D41/><U92/><E92/><V81/><F38/><W69/><G122/><T84/><D71/><U108/><REACH who="1" step="1"/><E21/><REACH who="1" ten="412,106,236,236" step="2"/><V126/><F126/><W101/><G101/><T103/><D103/><U51/><E51/><V4/><F49/><W114/><G100/><T58/><D66/><U124/><E124/><V25/><F95/><W73/><G114/><T128/><D128/><U34/><E34/><V0/><F102/><W23/><G23/><T65/><D65/><U115/><E115/><V98/><F107/><W109/><G64/><T2/><D2/><U5/><AGARI ba="2,1" hai="5,10,14,24,27,48,52,59,89,94,99,108,110,111" machi="5" ten="30,12000,2" yaku="1,1,0,1,14,1,52,1,54,1,53,1" doraHai="50" doraHaiUra="1" who="1" fromWho="1" sc="412,-62,106,136,236,-32,236,-32" /><INIT seed="1,0,0,1,5,43" ten="350,242,204,204" oya="1" hai0="99,36,74,90,129,52,60,24,107,29,56,1,124" hai1="105,71,30,114,103,85,132,48,40,9,8,108,38" hai2="127,17,92,0,131,33,116,72,53,120,133,91,21" hai3="117,110,79,111,78,58,19,100,118,46,130,122,39"/><U3/><E114/><V20/><F33/><W59/><G122/><T66/><D74/><U44/><E132/><V135/><F72/><W41/><G100/><T15/><D1/><U32/><E108/><N who="3" m="41514" /><G19/><T97/><D36/><U42/><E3/><V25/><F0/><W95/><G95/><T106/><D129/><U75/><E75/><V128/><F116/><N who="3" m="44651" /><G130/><T10/><D124/><U109/><E109/><V94/><F127/><W23/><G23/><T82/><D107/><U4/><E4/><V14/><F120/><W113/><G113/><T115/><D115/><U70/><E8/><V84/><F94/><W88/><G88/><T45/><D106/><U18/><E30/><V47/><F131/><W98/><G98/><T63/><D90/><U5/><E32/><V11/><F128/><W76/><AGARI ba="0,0" hai="39,41,46,58,59,76,78,79" m="44651,41514" machi="76" ten="40,5200,0" yaku="14,1,12,1,52,1" doraHai="43" who="3" fromWho="3" sc="350,-13,242,-26,204,-13,204,52" /><INIT seed="2,0,0,5,2,38" ten="337,216,191,256" oya="2" hai0="66,114,96,98,3,107,106,47,59,135,119,85,81" hai1="27,42,9,128,18,50,82,121,20,33,80,17,79" hai2="41,129,39,97,44,122,58,67,11,132,91,32,134" hai3="105,57,111,63,53,60,104,72,16,103,124,84,115"/><V43/><F32/><W36/><G72/><T101/><D3/><U52/><E128/><V78/><F122/><W5/><G111/><T19/><D114/><U24/><E121/><V62/><F78/><W37/><G124/><T126/><D126/><U88/><E33/><V45/><F129/><W28/><G115/><T0/><D0/><U117/><E117/><V87/><F11/><W8/><G28/><T112/><D112/><U4/><E4/><V71/><F97/><W110/><G110/><T127/><D127/><U86/><E42/><V30/><F30/><W77/><G63/><T29/><D29/><U61/><E61/><V6/><F6/><W23/><G103/><T113/><D113/><U125/><E9/><V109/><F109/><W118/><G118/><T7/><D7/><U76/><E125/><V21/><F21/><W56/><G56/><T55/><D119/><U73/><E79/><V65/><F65/><W100/><G100/><T40/><D66/><U69/><E69/><V123/><F71/><W120/><G120/><T133/><D19/><U1/><E1/><V13/><F13/><N who="3" m="5263" /><G36/><N who="0" m="21895" /><D101/><U131/><E131/><V70/><F70/><W48/><G37/><T89/><D107/><U31/><REACH who="1" step="1"/><E27/><REACH who="1" ten="337,206,191,256" step="2"/><V25/><F25/><N who="3" m="14567" /><G60/><N who="0" m="35967" /><D106/><U34/><E34/><V92/><REACH who="2" step="1"/><F123/><REACH who="2" ten="337,206,181,256" step="2"/><W130/><G130/><T90/><D90/><U51/><E51/><AGARI ba="0,2" hai="39,41,43,44,45,51,58,62,67,87,91,92,132,134" machi="51" ten="40,12000,1" yaku="1,1,2,1,52,2,53,1" doraHai="38" doraHaiUra="54" who="2" fromWho="1" sc="337,0,206,-120,181,140,256,0" /><INIT seed="2,1,0,4,2,82" ten="337,86,321,256" oya="2" hai0="53,10,110,115,45,26,76,9,65,103,58,28,14" hai1="80,112,60,72,89,50,47,70,87,68,3,63,83" hai2="35,12,64,132,41,128,74,44,78,29,118,56,49" hai3="73,121,52,119,57,61,4,117,30,97,86,69,101"/><V134/><F118/><W48/><G121/><T2/><D115/><U126/><E112/><V129/><F78/><W88/><G73/><T37/><D110/><U19/><E3/><V23/><F74/><W113/><G113/><T6/><D103/><U51/><E126/><V114/><F35/><W135/><G135/><N who="2" m="51753" /><F29/><W79/><G79/><T13/><D65/><U54/><E72/><V133/><F114/><W21/><G4/><T17/><D76/><U92/><E68/><V104/><F104/><W27/><G69/><T77/><D77/><U42/><E19/><N who="2" m="10727" /><F133/><W75/><G75/><T24/><D2/><U7/><E7/><V55/><F64/><W91/><G91/><T0/><D0/><U100/><E70/><V38/><AGARI ba="1,0" hai="38,41,44,49,55,56,128,129" m="10727,51753" machi="38" ten="30,1500,0" yaku="20,1" doraHai="82" who="2" fromWho="2" sc="337,-6,86,-6,321,18,256,-6" /><INIT seed="2,2,0,4,4,20" ten="331,80,339,250" oya="2" hai0="66,122,54,23,108,27,83,116,71,64,93,6,38" hai1="123,8,33,94,49,62,56,134,81,28,70,42,101" hai2="12,82,34,120,32,75,99,96,45,127,72,1,37" hai3="100,92,11,114,119,105,125,103,76,131,39,128,102"/><V77/><F1/><W3/><G39/><T91/><D38/><U47/><E134/><V107/><F120/><W16/><G3/><T36/><D36/><U97/><E123/><V132/><F132/><W7/><G7/><T86/><D122/><U79/><E70/><V67/><F127/><W115/><G11/><T135/><D135/><U4/><E33/><V95/><F72/><W113/><G16/><N who="0" m="12775" /><D71/><U80/><E28/><V13/><F99/><N who="3" m="61599" /><G119/><T53/><D108/><U2/><E79/><V44/><F44/><W74/><G125/><T78/><D6/><U19/><E19/><V35/><F107/><W48/><G48/><T18/><D18/><U5/><E5/><V104/><F104/><W10/><G10/><T63/><D116/><U110/><E110/><V52/><F67/><AGARI ba="2,0" hai="2,4,8,42,47,49,56,62,67,80,81,94,97,101" machi="67" ten="30,1000,0" yaku="7,1" doraHai="20" who="1" fromWho="2" sc="331,0,80,16,339,-16,250,0" /><INIT seed="3,0,0,4,3,42" ten="331,96,323,250" oya="3" hai0="22,111,53,54,73,41,60,96,21,97,108,116,118" hai1="99,35,72,82,28,100,77,36,38,85,34,102,1" hai2="66,24,86,87,23,101,135,121,110,68,112,134,95" hai3="65,126,128,10,43,57,124,123,8,130,49,58,67"/><W7/><G7/><T103/><D41/><U14/><E100/><V76/><F112/><W45/><G10/><T92/><D73/><U59/><E59/><N who="3" m="22538" /><G8/><T91/><D60/><U20/><E14/><V132/><F110/><N who="0" m="42026" /><D21/><U109/><E20/><V50/><F121/><W19/><G19/><T115/><D115/><U62/><E109/><V52/><F76/><W69/><G123/><T131/><D22/><U98/><E98/><N who="2" m="59615" /><F66/><N who="3" m="25099" /><G69/><T88/><D91/><U104/><E85/><V9/><F68/><W0/><G0/><T11/><D11/><U2/><E62/><V122/><F122/><W25/><G25/><T80/><D131/><AGARI ba="0,0" hai="43,45,49,124,126,128,130,131" m="25099,22538" machi="131" ten="30,11600,0" yaku="19,1,34,2,52,1" doraHai="42" who="3" fromWho="0" sc="331,-116,96,0,323,0,250,116" /><INIT seed="3,1,0,2,4,113" ten="215,96,323,366" oya="3" hai0="34,123,64,117,32,114,14,99,53,55,43,27,135" hai1="106,77,54,26,85,78,58,51,4,8,105,2,44" hai2="127,134,128,39,92,108,59,98,15,93,56,33,94" hai3="103,22,48,112,52,104,69,102,18,96,7,65,35"/><W47/><G112/><T125/><D123/><U37/><E78/><V79/><F108/><W131/><G35/><T45/><D114/><U63/><E37/><V16/><F33/><W68/><G131/><T129/><D129/><U13/><E2/><V118/><F39/><W130/><G130/><T62/><D135/><U24/><E105/><V10/><F134/><W70/><G7/><T5/><D125/><U3/><E106/><V25/><F127/><W40/><G103/><T29/><D34/><U30/><E30/><V84/><F118/><W90/><G90/><T21/><D117/><U61/><E3/><V88/><F25/><W91/><G91/><T41/><D99/><U120/><E63/><V87/><F128/><W72/><G72/><T0/><D0/><U23/><E23/><V115/><F115/><W12/><REACH who="3" step="1"/><G40/><REACH who="3" ten="215,96,323,356" step="2"/><T86/><D43/><U28/><E120/><V83/><F94/><W107/><G107/><T97/><D32/><U60/><E4/><V76/><F79/><W119/><G119/><T74/><D74/><U101/><E77/><V126/><F126/><W38/><G38/><T121/><D121/><U111/><E101/><AGARI ba="1,1" hai="10,15,16,56,59,76,83,84,87,88,92,93,98,101" machi="101" ten="30,7700,0" yaku="7,1,8,1,54,2" doraHai="113" who="2" fromWho="1" sc="215,0,96,-80,323,90,356,0" /><INIT seed="4,0,0,0,5,29" ten="215,16,413,356" oya="0" hai0="44,22,54,106,86,72,46,37,28,57,43,125,55" hai1="111,134,84,12,6,41,113,79,116,2,34,53,76" hai2="25,33,51,73,96,93,133,64,104,108,17,13,97" hai3="119,99,94,90,77,102,62,59,100,78,87,50,8"/><T67/><D106/><U117/><E12/><V75/><F108/><W30/><G119/><T70/><D72/><U128/><E53/><V48/><F133/><W98/><G30/><T92/><D125/><U14/><E14/><V80/><F104/><W68/><G68/><T127/><D127/><U124/><E124/><V103/><F97/><W135/><G135/><T58/><D46/><U74/><E134/><V65/><F25/><W15/><G50/><T129/><D129/><U110/><E84/><V24/><F24/><W89/><G99/><T56/><D70/><U40/><E6/><V27/><F27/><W47/><G47/><T36/><D36/><U71/><E71/><V120/><F33/><W49/><G49/><N who="2" m="19017" /><F73/><W52/><G90/><T7/><D67/><N who="2" m="25674" /><F120/><W23/><G23/><T63/><D7/><U4/><E4/><V132/><F75/><W5/><REACH who="3" step="1"/><G102/><REACH who="3" ten="215,16,413,346" step="2"/><T88/><D22/><U85/><E116/><V45/><F132/><W42/><G42/><T1/><D28/><U10/><E117/><V61/><F45/><W101/><G101/><T82/><D63/><U112/><E111/><V69/><F69/><W105/><AGARI ba="0,1" hai="5,8,15,52,59,62,77,78,87,89,94,98,100,105" machi="105" ten="20,5200,0" yaku="1,1,0,1,7,1,54,1,53,0" doraHai="29" doraHaiUra="123" who="3" fromWho="3" sc="215,-26,16,-13,413,-13,346,62" /><INIT seed="5,0,0,4,3,98" ten="189,3,400,408" oya="1" hai0="30,69,95,28,127,93,53,130,29,119,123,56,117" hai1="122,68,121,61,11,109,71,14,8,89,84,97,43" hai2="70,18,72,20,27,135,26,39,51,118,7,106,99" hai3="33,42,63,67,126,104,65,83,82,90,111,112,103"/><U12/><E43/><V16/><F39/><W23/><G111/><T66/><D130/><U107/><E109/><V133/><F118/><W52/><G33/><T110/><D110/><U77/><E121/><V75/><F70/><W35/><G35/><T21/><D123/><U101/><E122/><V37/><F37/><W0/><G0/><T113/><D113/><U22/><E77/><V40/><F7/><W38/><G126/><T48/><D127/><U5/><E22/><N who="2" m="13639" /><F106/><W131/><G131/><T25/><D119/><U94/><E61/><V115/><F115/><W19/><G112/><T80/><D117/><U86/><E86/><V100/><F40/><W124/><G124/><T49/><D69/><U34/><E34/><V24/><F51/><W108/><G108/><T60/><D80/><U132/><E132/><N who="2" m="50763" /><F27/><W54/><G42/><T74/><D74/><U46/><E46/><V116/><F116/><W120/><G38/><T105/><D105/><U36/><E36/><V6/><F6/><AGARI ba="0,0" hai="5,6,8,11,12,14,68,71,84,89,94,97,101,107" machi="6" ten="30,5800,0" yaku="7,1,9,1,52,1" doraHai="98" who="1" fromWho="2" sc="189,0,3,58,400,-58,408,0" /><INIT seed="5,1,0,4,1,22" ten="189,61,342,408" oya="1" hai0="106,93,43,132,39,128,84,62,28,77,107,112,52" hai1="31,2,98,71,56,21,131,76,105,30,92,61,63" hai2="48,29,1,36,108,100,57,94,47,24,0,104,96" hai3="126,87,12,49,115,129,27,64,127,119,51,90,118"/><U89/><E2/><V130/><F108/><W6/><G129/><T19/><D128/><U111/><E131/><V121/><F121/><W58/><G115/><T103/><D112/><U120/><E120/><V41/><F130/><W14/><G27/><T73/><D132/><U44/><E111/><V72/><F72/><W17/><G6/><T113/><D113/><U97/><E76/><V125/><F125/><N who="3" m="47627" /><G64/><T37/><D28/><U67/><E44/><V78/><F78/><W123/><G123/><T23/><D43/><U117/><E117/><N who="3" m="44554" /><G58/><T25/><D107/><U83/><E83/><V133/><F133/><W20/><G14/><T80/><D106/><U81/><E81/><AGARI ba="1,0" hai="12,17,20,49,51,81,87,90" m="44554,47627" machi="81" ten="30,2000,0" yaku="18,1,12,1" doraHai="22" who="3" fromWho="1" sc="189,0,61,-23,342,0,408,23" /><INIT seed="6,0,0,2,5,28" ten="189,38,342,431" oya="2" hai0="102,70,38,14,107,8,71,29,123,79,89,86,76" hai1="91,46,3,15,74,135,55,75,9,116,100,0,64" hai2="44,62,117,96,129,87,105,78,67,80,58,56,63" hai3="82,133,73,5,6,47,124,11,23,104,97,99,27"/><V110/><F129/><W30/><G124/><T19/><D123/><U20/><E135/><V121/><F121/><W48/><G133/><T77/><D38/><U131/><E131/><V60/><F117/><W95/><G104/><T52/><D107/><U54/><E100/><V34/><F110/><W51/><G51/><T112/><D102/><U84/><E64/><V49/><F34/><W31/><G31/><T106/><D106/><U98/><E98/><V65/><F105/><W43/><G11/><T59/><D29/><U85/><E20/><V13/><F96/><W41/><G41/><T22/><D8/><U125/><E125/><V122/><F122/><W130/><G130/><T126/><D112/><U128/><E128/><V120/><F120/><W103/><G97/><T21/><D21/><U1/><E116/><V92/><F92/><W35/><G35/><T101/><D101/><U88/><E84/><V115/><F115/><W108/><G108/><T26/><D26/><U61/><E91/><V24/><F13/><W33/><G33/><T17/><D17/><N who="1" m="8431" /><E61/><N who="2" m="38071" /><F24/><W25/><G25/><T83/><REACH who="0" step="1"/><D126/><REACH who="0" ten="179,38,342,431" step="2"/><U90/><E75/><V50/><F50/><AGARI ba="0,1" hai="14,19,22,50,52,59,70,71,76,77,79,83,86,89" machi="50" ten="40,8000,1" yaku="1,1,2,1,54,1,53,1" doraHai="28" doraHaiUra="12" who="0" fromWho="2" sc="179,90,38,0,342,-80,431,0" /><INIT seed="7,0,0,3,2,96" ten="269,38,262,431" oya="3" hai0="79,83,76,23,125,118,105,74,27,6,113,121,64" hai1="99,40,29,89,10,31,72,134,2,107,133,33,106" hai2="129,120,127,13,66,9,41,78,3,135,7,30,25" hai3="130,81,55,67,93,54,97,11,44,0,82,110,73"/><W88/><G110/><T109/><D118/><U8/><E99/><V100/><F127/><W43/><G130/><T61/><D109/><U39/><E72/><V20/><F135/><W123/><G123/><T111/><D111/><U56/><E56/><V80/><F100/><W48/><G67/><T5/><D121/><U19/><E40/><V87/><F129/><W70/><G70/><T102/><D79/><U1/><E39/><V12/><F120/><W108/><G108/><T71/><D125/><U60/><E60/><V38/><F66/><W58/><G73/><T119/><D119/><U50/><E50/><V91/><F38/><W94/><G94/><T114/><D102/><U69/><E89/><V116/><F41/><W115/><G115/><N who="0" m="44043" /><D105/><U51/><E51/><V122/><F116/><W103/><G103/><T36/><D36/><U128/><E69/><V17/><F122/><W34/><G34/><T126/><D126/><U75/><E75/><V37/><F37/><W95/><G95/><T16/><AGARI ba="0,0" hai="5,6,16,23,27,61,64,71,74,76,83" m="44043" machi="16" ten="30,4000,0" yaku="15,1,11,1,54,1" doraHai="96" who="0" fromWho="0" sc="269,40,38,-10,262,-10,431,-20" owari="309,11.0,28,-47.0,252,-15.0,411,51.0" /></mjloggm>