<mjloggm ver="2.3"><GO type="97" lobby="0"/><UN n0="%E5%B0%B1%E6%B4%BB%E7%94%9F%40%E5%B7%9D%E6%9D%91%E8%BB%8D%E5%9B%A3" n1="%E3%81%BA%E4%B8%B8" n2="%6D%69%6F" n3="%E5%9B%9E%E8%99%AB%E7%8E%8B%E5%A5%B3%E3%82%B5%E3%83%8A%E3%83%80" dan="16,14,14,14" rate="2139.48,1895.77,1846.05,1913.77" sx="M,M,F,F"/><TAIKYOKU oya="0"/><INIT seed="0,0,0,3,4,113" ten="250,250,250,250" oya="0" hai0="22,10,0,50,31,96,5,27,102,11,61,45,1" hai1="30,48,2,21,74,60,58,71,118,97,54,37,104" hai2="73,94,33,130,42,86,134,7,40,68,119,109,122" hai3="36,70,23,13,29,103,6,100,101,117,72,56,67"/><T131/><D131/><U17/><E74/><V83/><F122/><W25/><G36/><T49/><D61/><U9/><E30/><V105/><F109/><W41/><G41/><T128/><D128/><U107/><E97/><V95/><F105/><W76/><G70/><T14/><D49/><U91/><E91/><V82/><F33/><W116/><G76/><T121/><D121/><U35/><E35/><V65/><F73/><W16/><G6/><T20/><D20/><U125/><E9/><V93/><F130/><W12/><G72/><T43/><REACH who="0" step="1"/><D10/><REACH who="0" ten="240,250,250,250" step="2"/><U132/><E21/><V63/><F134/><W84/><G84/><T53/><D53/><U46/><E132/><V24/><F24/><W108/><G108/><T44/><D44/><U133/><E133/><V18/><F7/><W115/><G115/><T90/><D90/><U66/><E46/><V87/><F18/><W51/><G51/><T57/><D57/><U55/><E17/><V39/><F39/><W79/><G79/><T34/><D34/><U106/><E37/><V126/><F83/><W110/><G110/><T64/><D64/><U78/><E55/><V88/><F86/><W111/><G111/><T32/><D32/><U77/><E60/><V81/><F81/><W92/><G16/><T62/><D62/><U28/><E66/><V75/><F75/><W85/><G56/><T4/><D4/><U98/><E58/><V8/><F8/><W127/><G67/><T124/><D124/><U80/><E125/><V26/><F26/><W135/><G127/><T112/><D112/><U47/><E47/><RYUUKYOKU ba="0,1" sc="240,30,250,-10,250,-10,250,-10" hai0="0,1,5,11,14,22,27,31,43,45,50,96,102" /><INIT seed="0,1,1,4,1,57" ten="270,240,240,240" oya="0" hai0="49,45,125,78,19,104,20,27,84,30,28,71,6" hai1="89,70,103,16,17,12,54,34,58,132,5,92,77" hai2="133,46,51,72,86,120,0,122,95,55,112,7,81" hai3="99,96,79,39,14,3,68,2,90,130,26,128,101"/><T10/><D125/><U31/><E70/><V35/><F35/><W123/><G39/><T105/><D71/><U117/><E117/><V56/><F112/><W59/><G68/><T114/><D104/><U116/><E116/><V43/><F133/><W36/><G36/><T64/><D64/><U21/><E132/><V111/><F111/><W100/><G79/><T48/><D105/><U1/><E77/><V63/><F95/><N who="3" m="56439" /><G26/><T61/><D61/><U102/><E34/><V42/><F72/><W33/><G33/><T109/><D109/><U41/><E31/><V76/><F43/><W18/><G59/><T82/><D114/><U127/><E41/><V40/><F40/><W60/><G60/><T44/><D49/><U62/><E17/><V73/><F73/><W135/><G135/><T85/><D84/><U121/><E127/><V69/><F69/><W38/><G38/><T94/><D94/><U9/><E121/><V91/><F91/><W22/><G123/><T75/><D75/><U47/><E47/><N who="0" m="17993" /><D48/><U15/><E1/><N who="3" m="10" /><G99/><AGARI ba="1,1" hai="5,9,12,15,16,21,54,58,62,89,92,99,102,103" machi="99" ten="30,7700,0" yaku="7,1,8,1,52,1,54,1" doraHai="57" who="1" fromWho="3" sc="270,0,240,90,240,0,240,-80" /><INIT seed="1,0,0,5,5,103" ten="270,330,240,160" oya="1" hai0="52,68,67,61,50,0,79,109,7,48,108,86,25" hai1="24,91,121,12,110,114,51,107,8,43,65,21,83" hai2="49,3,6,96,13,94,117,22,5,127,74,89,131" hai3="15,56,30,82,47,85,77,119,99,90,34,32,59"/><U27/><E114/><V72/><F117/><W46/><G119/><T69/><D0/><U37/><E121/><V29/><F127/><W75/><G99/><T36/><D7/><U55/><E65/><V132/><F132/><W26/><G34/><T123/><D25/><U112/><E112/><V100/><F131/><W2/><G2/><T38/><D79/><U40/><E107/><V76/><F3/><W18/><G56/><N who="0" m="37287" /><D86/><N who="1" m="50655" /><E37/><N who="0" m="14441" /><D48/><U57/><E110/><N who="0" m="42601" /><D123/><U93/><E93/><V62/><F49/><W53/><G77/><T106/><D106/><U23/><E24/><V44/><F76/><W31/><G31/><T4/><D4/><N who="1" m="3079" /><E21/><V87/><F5/><W122/><G75/><T9/><D9/><U101/><E101/><V113/><F113/><W128/><G122/><T102/><D102/><U105/><E105/><V98/><F6/><W1/><G1/><T60/><D60/><U14/><E14/><V41/><F62/><W125/><G15/><T111/><D111/><U10/><E10/><V130/><F74/><W104/><G26/><T66/><D66/><U84/><E84/><V95/><F72/><W129/><G85/><T54/><D54/><U120/><E120/><V73/><F87/><W116/><G53/><T39/><D39/><U58/><E55/><V78/><F78/><W88/><G104/><T97/><D97/><U134/><E51/><V124/><F73/><W64/><G64/><T16/><D16/><U92/><E27/><V81/><F98/><W20/><G18/><T80/><D80/><U118/><E23/><V35/><F22/><W45/><G82/><RYUUKYOKU ba="0,0" sc="270,30,330,-10,240,-10,160,-10" hai0="50,52,68,69" /><INIT seed="2,1,0,2,3,109" ten="300,320,230,150" oya="2" hai0="114,48,38,128,64,120,97,65,129,123,17,108,82" hai1="28,52,126,90,54,98,110,13,76,57,56,84,14" hai2="23,80,101,69,96,133,47,81,63,87,130,27,40" hai3="11,121,39,104,135,22,6,83,100,122,91,9,61"/><V55/><F133/><W74/><G39/><T24/><D38/><U89/><E110/><V116/><F130/><N who="0" m="50282" /><D97/><U25/><E126/><V59/><F116/><W26/><G135/><T2/><D2/><U7/><E98/><V18/><F69/><W12/><G104/><T95/><D95/><U132/><E132/><V62/><F62/><W99/><G61/><T58/><D82/><N who="1" m="47175" /><E28/><V131/><F87/><W94/><G11/><T118/><D114/><U107/><E25/><V113/><F113/><W124/><G124/><T29/><D17/><U60/><E107/><V75/><F75/><W70/><G70/><T68/><D68/><U20/><E20/><V127/><F127/><W10/><G10/><T19/><D19/><U117/><E117/><V111/><F111/><W50/><G50/><T0/><D0/><U34/><E34/><V49/><F131/><W43/><G43/><T72/><D72/><U44/><E44/><V67/><F67/><N who="0" m="25674" /><D108/><U106/><E106/><AGARI ba="1,0" hai="18,23,27,40,47,49,55,59,63,80,81,96,101,106" machi="106" ten="30,1500,0" yaku="7,1" doraHai="109" who="2" fromWho="1" sc="300,0,320,-18,230,18,150,0" /><INIT seed="2,2,0,4,4,112" ten="300,302,248,150" oya="2" hai0="105,29,30,101,51,71,113,32,33,114,70,91,133" hai1="8,41,36,82,63,18,62,117,135,2,54,130,132" hai2="90,129,79,21,61,115,99,65,9,111,108,118,58" hai3="44,64,12,80,26,68,6,43,40,97,120,100,37"/><V128/><F79/><W96/><G120/><T46/><D133/><N who="1" m="51275" /><E36/><V124/><F115/><W25/><G40/><T131/><D131/><N who="2" m="50250" /><F124/><W77/><G68/><T104/><D91/><U86/><E130/><V110/><F21/><W83/><G64/><T52/><D101/><U88/><E41/><V4/><F90/><W31/><G97/><T3/><D3/><U60/><E2/><N who="2" m="151" /><F99/><W0/><G0/><T85/><D85/><U56/><E8/><V48/><F48/><W67/><G67/><T93/><D51/><N who="1" m="30815" /><E18/><V127/><F127/><W23/><G26/><T35/><D35/><U1/><E1/><V94/><F94/><W11/><REACH who="3" step="1"/><G77/><REACH who="3" ten="300,302,248,140" step="2"/><T98/><D113/><U122/><E122/><V19/><F19/><W53/><G53/><T81/><D52/><U47/><E47/><V109/><F109/><W95/><AGARI ba="2,1" hai="6,11,12,23,25,31,37,43,44,80,83,95,96,100" machi="95" ten="20,8000,1" yaku="1,1,0,1,7,1,53,2" doraHai="112" doraHaiUra="78" who="3" fromWho="3" sc="300,-22,302,-22,248,-42,140,96" /><INIT seed="3,0,0,5,3,86" ten="278,280,206,236" oya="3" hai0="29,6,104,109,92,13,133,25,91,56,31,99,45" hai1="126,69,36,21,129,39,130,58,41,93,98,50,8" hai2="55,51,24,11,110,119,63,10,46,106,27,2,87" hai3="108,64,42,53,128,47,43,28,9,48,32,17,4"/><W97/><G128/><N who="1" m="49258" /><E69/><V65/><F106/><W60/><G108/><T77/><D133/><U74/><E74/><V23/><F110/><W114/><G114/><T20/><D104/><U96/><E8/><V62/><F27/><W33/><G17/><T73/><D109/><U35/><E35/><V30/><F63/><W112/><G112/><T120/><D120/><U76/><E76/><V105/><F119/><W135/><G135/><T125/><D125/><U85/><E126/><V94/><F105/><W52/><G28/><T54/><D45/><N who="1" m="25903" /><E58/><V134/><F2/><W84/><G97/><N who="1" m="37482" /><E21/><V34/><F34/><W95/><G33/><T37/><D37/><U90/><AGARI ba="0,0" hai="36,39,85,90,93" m="37482,25903,49258" machi="90" ten="30,2000,0" yaku="19,1,52,1" doraHai="86" who="1" fromWho="1" sc="278,-5,280,20,206,-5,236,-10" owari="273,7.0,300,40.0,201,-30.0,226,-17.0" /></mjloggm>