<mjloggm ver="2.3"><GO type="169" lobby="0"/><UN n0="%74%6E%66%73%68%32%30%34" n1="%E3%81%BF%E3%81%99%E3%81%A1%E3%82%87" n2="%E3%82%A6%E3%83%AB%E3%83%88%E3%83%A9%E7%AB%8B%E7%9B%B4" n3="%E4%BC%8F%E8%99%8E" dan="17,16,18,16" rate="2159.30,2076.70,2199.91,2153.23" sx="M,M,M,M"/><TAIKYOKU oya="0"/><INIT seed="0,0,0,1,3,48" ten="250,250,250,250" oya="0" hai0="129,49,66,71,126,84,73,89,67,15,122,46,107" hai1="133,1,65,132,38,32,54,37,60,33,35,43,80" hai2="108,131,7,50,118,120,22,14,116,8,26,101,19" hai3="104,39,75,128,25,94,88,17,5,109,102,123,130"/><T119/><D122/><U64/><E1/><V114/><F101/><W6/><G39/><T76/><D119/><N who="2" m="45610" /><F50/><W121/><G75/><T2/><D2/><U10/><E10/><V23/><F120/><N who="3" m="46155" /><G102/><T57/><D71/><U70/><E80/><V3/><F114/><W11/><G104/><T69/><D107/><U45/><E65/><V127/><F127/><W98/><G109/><T27/><D69/><U79/><E79/><V106/><F106/><W4/><G25/><T52/><D126/><U28/><E28/><N who="2" m="17495" /><F131/><N who="3" m="50219" /><G17/><T36/><D129/><U29/><E29/><V12/><F108/><W95/><G95/><T59/><D73/><U51/><REACH who="1" step="1"/><E37/><REACH who="1" ten="250,240,250,250" step="2"/><V77/><F77/><W44/><G44/><AGARI ba="0,1" hai="32,33,35,38,43,44,45,51,54,60,64,70,132,133" machi="44" ten="50,6400,0" yaku="1,1,2,1,52,1,53,0" doraHai="48" doraHaiUra="72" who="1" fromWho="3" sc="250,0,240,74,250,0,250,-64" /><INIT seed="1,0,0,2,3,16" ten="250,314,250,186" oya="1" hai0="133,107,103,129,128,73,37,85,13,74,51,7,100" hai1="78,70,93,105,102,21,130,1,116,95,26,33,84" hai2="38,94,98,109,79,117,42,66,4,124,56,63,122" hai3="6,39,61,18,97,114,55,110,67,19,119,81,5"/><U50/><E116/><V65/><F122/><W44/><G114/><T96/><D37/><U71/><E33/><V45/><F117/><W28/><G119/><T131/><D133/><U3/><E105/><V43/><F124/><W11/><G110/><T17/><D7/><U25/><E3/><V30/><F109/><W60/><G28/><T132/><D132/><U64/><E1/><V108/><F108/><W15/><G97/><N who="0" m="61839" /><D51/><U32/><E32/><V59/><F4/><W87/><G18/><T88/><D17/><U8/><E8/><V101/><F79/><W62/><G67/><T23/><D13/><U83/><E26/><V76/><F76/><W111/><G111/><T123/><D23/><U40/><E130/><V12/><F12/><W113/><G113/><T80/><D123/><U14/><E14/><V134/><F134/><W0/><G0/><T2/><D2/><U31/><E102/><V20/><F43/><W115/><G115/><T104/><AGARI ba="0,0" hai="73,74,80,85,88,96,103,104,128,129,131" m="61839" machi="104" ten="30,7900,0" yaku="19,1,34,2,54,1" doraHai="16" who="0" fromWho="0" sc="250,79,314,-39,250,-20,186,-20" /><INIT seed="2,0,0,4,1,22" ten="329,275,230,166" oya="2" hai0="49,9,64,51,63,131,19,1,37,43,6,30,31" hai1="73,110,104,114,94,118,127,69,5,47,41,0,129" hai2="106,8,46,111,109,89,15,57,82,67,25,96,18" hai3="77,55,62,4,126,87,107,100,52,105,14,70,26"/><V103/><F46/><W84/><G126/><T16/><D131/><U83/><RYUUKYOKU type="yao9" ba="0,0" sc="329,0,275,0,230,0,166,0" hai1="0,5,41,47,69,73,83,94,104,110,114,118,127,129" /><INIT seed="2,1,0,1,0,33" ten="329,275,230,166" oya="2" hai0="41,127,37,5,129,57,132,118,107,44,54,122,67" hai1="42,73,14,109,120,116,1,88,52,23,131,100,117" hai2="39,125,66,30,28,50,80,112,12,46,24,89,123" hai3="26,0,20,103,76,75,31,91,135,17,128,126,124"/><V65/><F39/><W119/><G119/><T96/><D122/><U133/><E120/><V51/><F112/><W86/><G103/><T113/><D113/><U101/><E73/><V105/><F105/><W56/><G135/><T79/><D118/><U84/><E42/><V78/><F125/><N who="3" m="48235" /><G128/><T87/><D127/><U102/><E133/><V82/><F123/><W2/><G56/><T64/><D132/><U71/><E71/><V8/><F89/><W18/><G76/><T62/><D129/><U95/><E1/><N who="3" m="618" /><G75/><T97/><D107/><U9/><E23/><V121/><F121/><W72/><G72/><T74/><D74/><U43/><E43/><V106/><F78/><W34/><G34/><T13/><D79/><U25/><E25/><V77/><F24/><W35/><G35/><T68/><D57/><U38/><E38/><V32/><F32/><W10/><G10/><T21/><D37/><U29/><E131/><V58/><F8/><W19/><G19/><T81/><D68/><U45/><E29/><V92/><F30/><W90/><G90/><T83/><D41/><U99/><E116/><V111/><F28/><W85/><G85/><T6/><D87/><U59/><E117/><V98/><F77/><W61/><G61/><T16/><D62/><N who="1" m="36199" /><E45/><V130/><F46/><W27/><G27/><T3/><D44/><U15/><E84/><V115/><F130/><W11/><G11/><T63/><D63/><U104/><E104/><V47/><F106/><W40/><G40/><T7/><D16/><N who="1" m="8271" /><E15/><V22/><F47/><W60/><G60/><T55/><D13/><RYUUKYOKU ba="1,0" sc="329,-15,275,15,230,-15,166,15" hai1="88,95,99,100,101,102,109" hai3="17,18,20,26,31,86,91" /><INIT seed="3,2,0,2,4,79" ten="314,290,215,181" oya="3" hai0="78,93,80,10,124,129,128,111,17,110,34,49,114" hai1="68,31,5,37,42,12,55,126,118,29,9,51,101" hai2="43,58,130,32,26,38,95,70,85,81,40,66,77" hai3="121,24,47,41,22,112,115,1,28,125,57,113,104"/><W14/><G104/><T127/><D34/><U15/><E68/><V76/><F70/><W53/><G121/><T65/><D65/><U54/><E37/><V30/><F130/><N who="0" m="50282" /><D49/><U60/><E126/><N who="0" m="48169" /><D114/><U2/><E118/><V75/><F38/><W108/><G125/><T72/><D10/><U97/><E42/><V99/><F66/><W82/><G1/><T50/><D17/><U90/><E60/><V35/><F58/><W64/><G64/><T119/><D50/><U117/><E117/><V4/><F4/><W98/><G108/><N who="0" m="41515" /><D119/><U102/><E2/><V27/><F35/><W92/><G14/><T83/><D83/><U36/><E12/><V100/><F27/><W88/><G113/><T96/><D96/><U33/><E36/><V69/><F69/><W131/><G131/><T59/><D59/><U89/><E33/><V8/><F8/><W103/><G112/><T0/><D0/><U94/><E51/><V61/><F61/><N who="3" m="36015" /><G115/><T106/><D93/><U73/><E94/><V18/><F18/><W120/><G82/><T44/><D44/><U105/><E9/><V3/><F3/><W21/><G47/><T122/><D106/><U11/><E105/><V91/><F77/><W45/><G45/><T87/><D122/><U63/><E11/><V116/><F116/><W67/><G120/><T23/><D23/><U52/><E97/><V6/><F6/><W132/><G67/><T46/><D46/><U74/><E5/><V62/><F62/><W19/><G21/><T16/><D16/><U86/><E63/><V56/><F56/><W109/><G109/><RYUUKYOKU ba="2,0" sc="314,15,290,-15,215,15,181,-15" hai0="72,78,80,87" hai2="26,30,32,40,43,75,76,81,85,91,95,99,100" /><INIT seed="4,3,0,1,3,3" ten="329,275,230,166" oya="0" hai0="104,2,87,105,36,130,75,55,11,45,27,12,71" hai1="54,125,56,86,59,94,93,40,95,103,39,82,8" hai2="28,134,53,26,99,102,65,127,21,61,92,133,51" hai3="120,4,111,131,17,128,42,34,107,119,89,32,67"/><T124/><D75/><U48/><E125/><V25/><F25/><W30/><G111/><T121/><D124/><U19/><E103/><V6/><F127/><W70/><G119/><T80/><D121/><U50/><E39/><V74/><F74/><W77/><G120/><T14/><D71/><U7/><E19/><V126/><F126/><W113/><G107/><T49/><D130/><U108/><E108/><V106/><F106/><W98/><G77/><T47/><D2/><U90/><E40/><V101/><F101/><W73/><G73/><T100/><D27/><U10/><E7/><V20/><F20/><W110/><G110/><T116/><D14/><U122/><E122/><V123/><F6/><W60/><G113/><T66/><D66/><U135/><E135/><V38/><F38/><W18/><G42/><N who="0" m="22727" /><D100/><U62/><REACH who="1" step="1"/><E48/><REACH who="1" ten="329,265,230,166" step="2"/><V23/><F123/><W78/><G128/><T41/><D41/><U9/><E9/><V132/><F132/><W69/><G131/><T117/><D105/><U13/><E13/><V24/><F134/><W31/><G4/><T81/><D104/><U1/><E1/><V33/><F133/><W118/><G118/><T57/><D117/><U68/><E68/><V83/><F102/><W29/><G69/><T88/><D116/><U109/><E109/><V79/><F28/><W129/><G129/><T22/><D11/><U85/><E85/><V91/><F51/><W96/><G18/><T0/><D0/><U63/><E63/><V37/><F61/><W43/><G17/><T115/><D12/><U76/><E76/><V52/><F79/><RYUUKYOKU ba="3,1" sc="329,-10,265,30,230,-10,166,-10" hai1="8,10,50,54,56,59,62,82,86,90,93,94,95" /><INIT seed="5,4,1,2,1,123" ten="319,295,220,156" oya="1" hai0="59,90,15,75,103,85,36,72,9,74,60,92,23" hai1="27,69,121,44,6,2,20,46,32,1,5,11,115" hai2="38,110,112,86,47,51,12,79,105,28,42,18,91" hai3="107,104,41,0,119,100,8,125,40,131,22,64,30"/><U67/><E69/><V133/><F105/><W10/><G64/><T101/><D36/><U39/><E67/><V78/><F110/><W106/><G100/><T82/><D23/><U128/><E121/><V96/><F133/><W87/><G87/><T48/><D48/><U34/><E39/><V111/><F111/><W76/><G76/><T70/><D70/><U29/><E46/><V114/><F28/><W55/><G55/><T21/><D21/><U124/><E44/><V24/><F24/><W54/><G54/><T66/><REACH who="0" step="1"/><D92/><REACH who="0" ten="309,295,220,156" step="2"/><U71/><E71/><V17/><F51/><W83/><G22/><T25/><D25/><U98/><E115/><V14/><F114/><W58/><G106/><T37/><D37/><U61/><E61/><V16/><F112/><W126/><G107/><T62/><D62/><U132/><E132/><V33/><F33/><W130/><G104/><T3/><D3/><U109/><E34/><V50/><F38/><W49/><G49/><T52/><D52/><U129/><E32/><V127/><F14/><W56/><G0/><T108/><D108/><U63/><E109/><V118/><F12/><W84/><G30/><T35/><D35/><U26/><E63/><V45/><F50/><W102/><G41/><T97/><D97/><U19/><E98/><V57/><F96/><W120/><G40/><T99/><D99/><U53/><E53/><V89/><F42/><W31/><G31/><T94/><D94/><U13/><E27/><V135/><F135/><W80/><G8/><T43/><D43/><U122/><E29/><V68/><F68/><RYUUKYOKU ba="4,2" sc="309,30,295,-10,220,-10,156,-10" hai0="9,15,59,60,66,72,74,75,82,85,90,101,103" /><INIT seed="6,5,2,1,4,88" ten="339,285,210,146" oya="2" hai0="70,106,107,30,55,3,26,18,103,127,117,77,75" hai1="34,57,101,128,98,85,124,69,87,130,84,111,123" hai2="110,118,131,61,92,47,76,4,40,115,81,9,8" hai3="126,82,19,58,91,94,73,129,44,60,10,112,56"/><V25/><F118/><W120/><G120/><T114/><D117/><U104/><E111/><V96/><F110/><W41/><G126/><T68/><D18/><U16/><E69/><V109/><F109/><W80/><G129/><N who="1" m="49770" /><E124/><V12/><F131/><W33/><G33/><N who="0" m="20695" /><D55/><U1/><E123/><V135/><F135/><W37/><G112/><T22/><D22/><U116/><E116/><V90/><F115/><W49/><G37/><T105/><D114/><U64/><E1/><V132/><F132/><W113/><G113/><T71/><D127/><U36/><E36/><V35/><F61/><W83/><G73/><T59/><D59/><U5/><E5/><V31/><F12/><N who="3" m="7575" /><G60/><T93/><D3/><U99/><E34/><V119/><F4/><W122/><G122/><T29/><D29/><U27/><E99/><AGARI ba="5,2" hai="41,44,49,56,58,80,82,83,91,94,99" m="7575" machi="99" ten="30,2000,0" yaku="8,1,52,1" doraHai="88" who="3" fromWho="1" sc="339,0,285,-35,210,0,146,55" /><INIT seed="7,0,0,3,1,117" ten="339,250,210,201" oya="3" hai0="124,25,77,82,52,128,56,58,89,84,0,30,18" hai1="73,38,125,109,10,86,97,99,51,115,13,26,66" hai2="60,127,64,90,27,78,132,67,112,100,87,2,102" hai3="119,4,105,7,34,15,126,129,135,28,35,81,131"/><W31/><G105/><T83/><D0/><U47/><E109/><V62/><F2/><W130/><G81/><T95/><D128/><U50/><E73/><V76/><F112/><W44/><G44/><T6/><D6/><N who="3" m="2089" /><G119/><T107/><D107/><U123/><E123/><V48/><F48/><W46/><G46/><T24/><D124/><U103/><E125/><V3/><F127/><W5/><G126/><T54/><D18/><U39/><E51/><V71/><F3/><W36/><G36/><T120/><D120/><U80/><E26/><N who="0" m="10345" /><D30/><N who="3" m="11305" /><G135/><T45/><D45/><U17/><E115/><V133/><F132/><W101/><G101/><T32/><D32/><U8/><E39/><V65/><F133/><W93/><G93/><T59/><D83/><U113/><E38/><V92/><F71/><W69/><G69/><T134/><D134/><U55/><E103/><N who="2" m="39467" /><F27/><W85/><G85/><AGARI ba="0,0" hai="52,54,56,58,59,77,82,84,85,89,95" m="10345" machi="85" ten="30,2000,0" yaku="8,1,54,1" doraHai="117" who="0" fromWho="3" sc="339,20,250,0,210,0,201,-20" owari="359,46.0,250,5.0,210,-19.0,181,-32.0" /></mjloggm>