<mjloggm ver="2.3"><GO type="169" lobby="0"/><UN n0="%EF%BC%9D%E4%BC%8A%E8%97%A4%E3%81%8B%E3%81%AA%E6%81%B5%EF%BC%9D" n1="%6D%6F%6D%6F%2D" n2="%E9%A7%84%E5%A6%B9" n3="%E5%B0%B1%E6%B4%BB%E7%94%9F%40%E5%B7%9D%E6%9D%91%E8%BB%8D%E5%9B%A3" dan="16,17,16,18" rate="2104.92,2142.22,2092.57,2254.39" sx="F,M,F,M"/><TAIKYOKU oya="0"/><INIT seed="0,0,0,4,0,64" ten="250,250,250,250" oya="0" hai0="122,27,44,53,66,46,47,93,80,57,107,114,73" hai1="95,116,0,49,51,84,113,81,59,121,86,83,7" hai2="40,98,1,20,62,131,22,127,23,31,82,37,77" hai3="126,16,26,135,2,36,13,68,78,50,34,70,74"/><T102/><D114/><U71/><E71/><V43/><F1/><W11/><G36/><T65/><D122/><U42/><E121/><V38/><F38/><W10/><G74/><T24/><D107/><U48/><E116/><V105/><F131/><W25/><G78/><T88/><D102/><U21/><E113/><V128/><F128/><W35/><G50/><T69/><D80/><U52/><E95/><V94/><F105/><W17/><G135/><T96/><D73/><U4/><E42/><N who="2" m="15915" /><F37/><W28/><G126/><T124/><D124/><U19/><E0/><V106/><F106/><W29/><G2/><T100/><D100/><U109/><E109/><V133/><F62/><W79/><G79/><T115/><D115/><U30/><E30/><V15/><F133/><W8/><G17/><T6/><D6/><U91/><E7/><V72/><F72/><W12/><G12/><T129/><D129/><U39/><E39/><V90/><F15/><W92/><G92/><T63/><REACH who="0" step="1"/><D66/><REACH who="0" ten="240,250,250,250" step="2"/><U54/><E4/><V101/><F127/><W99/><G99/><T55/><D55/><U61/><E54/><V45/><F101/><W41/><G41/><T119/><D119/><U103/><E103/><V76/><F82/><W89/><G89/><T117/><D117/><U14/><E83/><V125/><F125/><W18/><REACH who="3" step="1"/><G18/><REACH who="3" ten="240,250,250,240" step="2"/><T120/><D120/><U32/><E91/><V112/><F112/><W60/><G60/><AGARI ba="0,2" hai="24,27,44,46,47,53,57,60,63,65,69,88,93,96" machi="60" ten="40,12000,1" yaku="1,1,52,1,54,1,53,2" doraHai="64" doraHaiUra="56" who="0" fromWho="3" sc="240,140,250,0,250,0,240,-120" /><INIT seed="0,1,0,4,4,48" ten="380,250,250,120" oya="0" hai0="5,39,85,32,29,98,100,25,74,106,104,94,130" hai1="51,117,112,55,92,86,40,6,56,102,76,133,103" hai2="122,30,129,34,79,33,131,2,116,88,87,44,13" hai3="110,108,114,68,8,52,105,23,22,101,14,107,7"/><T43/><D74/><U70/><E117/><V21/><F2/><W9/><G68/><T20/><D130/><N who="2" m="49674" /><F79/><W59/><G114/><T61/><D5/><U3/><E70/><V64/><F122/><W27/><G9/><T121/><D121/><U71/><E71/><V118/><F64/><W109/><G101/><T82/><D32/><N who="2" m="12394" /><F44/><W134/><G134/><T67/><D43/><U80/><E112/><V11/><F30/><W81/><G81/><T0/><D39/><U17/><E40/><V69/><F21/><W60/><REACH who="3" step="1"/><G23/><REACH who="3" ten="380,250,250,110" step="2"/><T58/><REACH who="0" step="1"/><D0/><REACH who="0" ten="370,250,250,110" step="2"/><U72/><E3/><V46/><F116/><W99/><G99/><T123/><D123/><U15/><E133/><V24/><F118/><W18/><AGARI ba="1,2" hai="7,8,14,18,22,27,52,59,60,105,107,108,109,110" machi="18" ten="30,16000,3" yaku="1,1,0,1,14,1,52,1,54,1,53,3" doraHai="48" doraHaiUra="120" who="3" fromWho="3" sc="370,-81,250,-41,250,-41,110,183" /><INIT seed="1,0,0,1,3,87" ten="289,209,209,293" oya="1" hai0="129,93,55,132,108,6,104,69,43,125,113,41,65" hai1="98,11,119,131,111,102,63,127,71,23,126,57,91" hai2="73,24,47,54,48,80,62,58,124,85,13,75,117" hai3="118,70,0,128,103,31,81,46,27,28,95,56,92"/><U122/><E119/><V97/><F117/><W100/><G70/><T53/><D104/><U22/><E122/><V59/><F124/><N who="1" m="47657" /><E71/><V40/><F24/><W134/><G0/><T1/><D125/><U99/><E131/><V130/><F130/><W89/><G118/><T36/><D1/><U4/><E111/><V49/><F97/><W26/><G128/><T33/><D6/><U72/><E72/><V123/><F13/><W76/><G56/><T44/><D33/><U34/><E34/><V12/><F12/><W30/><G46/><N who="0" m="23847" /><D93/><N who="1" m="56639" /><E57/><V68/><F68/><W106/><G106/><T66/><D129/><U10/><E63/><V2/><F123/><W78/><G134/><T35/><D35/><U3/><E11/><V15/><F2/><W86/><G95/><AGARI ba="0,0" hai="3,4,10,22,23,95,99,102" m="56639,47657" machi="95" ten="30,2900,0" yaku="18,1,52,1" doraHai="87" who="1" fromWho="3" sc="289,0,209,29,209,0,293,-29" /><INIT seed="1,1,0,0,1,118" ten="289,238,209,264" oya="1" hai0="106,53,81,107,82,15,41,49,105,110,35,122,10" hai1="123,103,112,101,31,96,85,68,2,26,6,75,11" hai2="23,128,34,94,120,98,72,36,66,43,37,62,71" hai3="113,20,1,4,93,27,65,29,111,131,48,124,87"/><U67/><E112/><V58/><F34/><W64/><G113/><T45/><D110/><U47/><E85/><V44/><F72/><W77/><G111/><T13/><D35/><N who="1" m="20983" /><E103/><V80/><F128/><W21/><G131/><T40/><D122/><U52/><E52/><V130/><F130/><W119/><G119/><T54/><D10/><U133/><E47/><V135/><F135/><W30/><G1/><T126/><D126/><U42/><E42/><N who="0" m="16489" /><D49/><U104/><E133/><V83/><F36/><W12/><G124/><T16/><D45/><U70/><E75/><V79/><F120/><W0/><G0/><T127/><D16/><U25/><E25/><V7/><F71/><N who="1" m="27177" /><E67/><V9/><F23/><W19/><G48/><T109/><D109/><U46/><E46/><V28/><F28/><W129/><G30/><T63/><D63/><U121/><AGARI ba="1,0" hai="2,6,11,96,101,104,121,123" m="27177,20983" machi="121" ten="30,6000,0" yaku="23,1,52,2" doraHai="118" who="1" fromWho="1" sc="289,-21,238,63,209,-21,264,-21" /><INIT seed="1,2,0,2,1,62" ten="268,301,188,243" oya="1" hai0="104,101,24,61,75,116,85,123,120,91,99,26,95" hai1="88,3,90,33,53,64,71,43,121,118,25,73,10" hai2="17,105,27,83,36,124,68,115,74,94,112,30,78" hai3="29,56,89,1,125,13,23,97,96,50,40,128,131"/><U38/><E118/><V16/><F105/><W44/><G1/><T110/><D116/><U122/><E53/><V127/><F68/><W77/><G125/><N who="2" m="48201" /><F36/><W58/><G77/><T134/><D110/><U14/><E90/><V47/><F47/><W98/><G89/><T52/><D75/><U113/><E73/><V135/><F94/><W92/><G92/><T126/><D126/><U18/><E88/><V32/><F135/><W133/><G133/><T87/><D134/><U54/><E54/><V6/><F6/><W70/><G70/><T37/><D37/><U31/><E43/><V81/><F81/><W100/><G100/><T7/><D7/><N who="1" m="1407" /><E38/><V46/><F46/><W45/><G44/><T5/><D5/><U119/><E119/><V42/><F42/><W102/><G102/><T117/><D117/><U9/><E113/><AGARI ba="2,0" hai="16,17,27,30,32,74,78,83,112,113,115" m="48201" machi="113" ten="30,3900,0" yaku="11,1,18,1,54,1" doraHai="62" who="2" fromWho="1" sc="268,0,301,-45,188,45,243,0" /><INIT seed="2,0,0,1,2,24" ten="268,256,233,243" oya="2" hai0="82,5,103,42,38,0,52,46,29,90,30,77,6" hai1="95,129,104,3,4,44,88,96,84,35,48,60,43" hai2="119,22,120,41,58,37,132,64,70,101,135,9,111" hai3="106,113,7,73,108,112,26,68,54,75,62,61,12"/><V53/><F119/><W94/><G106/><T20/><D103/><U74/><E35/><V72/><F72/><W130/><G130/><T131/><D131/><U107/><E129/><V116/><F116/><W51/><G108/><T99/><D20/><U21/><E74/><V14/><F101/><W89/><G75/><N who="0" m="43327" /><D6/><U19/><E4/><V79/><F79/><W13/><G73/><T98/><D52/><U11/><E3/><V34/><F34/><W63/><G68/><T23/><D23/><U117/><E11/><V1/><F22/><W66/><G66/><T28/><D90/><U55/><E117/><V39/><F1/><W32/><G7/><T91/><D91/><U17/><E84/><V65/><F111/><W83/><G83/><T105/><D105/><U92/><E92/><V8/><F14/><W118/><G118/><T50/><D50/><U80/><E80/><V59/><F53/><W33/><G13/><T100/><D100/><U127/><E17/><V25/><F25/><W45/><G12/><T36/><D36/><U134/><E104/><V2/><F2/><W78/><G78/><T123/><D123/><U86/><E107/><V10/><F10/><AGARI ba="0,0" hai="0,5,10,28,29,30,38,42,46,98,99" m="43327" machi="10" ten="30,7700,0" yaku="25,1,52,3" doraHai="24" who="0" fromWho="2" sc="268,77,256,0,233,-77,243,0" /><INIT seed="3,0,0,5,3,67" ten="345,256,156,243" oya="3" hai0="97,83,17,3,56,40,70,129,81,74,54,24,50" hai1="75,19,18,119,51,128,102,6,130,22,131,80,124" hai2="93,26,33,107,53,120,133,108,48,16,123,122,35" hai3="37,61,38,46,47,66,49,125,11,20,99,132,96"/><W111/><G125/><T63/><D129/><U55/><E119/><V101/><F107/><W103/><G132/><T13/><D3/><U21/><E124/><V113/><F133/><W82/><G82/><T28/><D74/><U41/><E41/><V0/><F0/><W134/><G134/><T104/><D104/><U127/><E102/><V84/><F113/><W60/><G11/><T29/><D97/><U5/><E127/><V23/><F108/><W68/><G111/><T85/><D24/><N who="1" m="14391" /><E80/><V114/><F114/><W45/><G49/><T116/><D116/><U14/><E75/><V115/><F115/><W112/><G112/><T44/><D70/><U25/><E25/><V36/><F36/><W95/><G96/><T77/><REACH who="0" step="1"/><D83/><REACH who="0" ten="335,256,156,243" step="2"/><U4/><E128/><V72/><F72/><W64/><REACH who="3" step="1"/><G20/><AGARI ba="0,1" hai="13,17,20,28,29,40,44,50,54,56,63,77,81,85" machi="20" ten="30,8000,1" yaku="1,1,2,1,7,1,8,1,53,1" doraHai="67" doraHaiUra="10" who="0" fromWho="3" sc="335,90,256,0,156,0,243,-80" /><INIT seed="4,0,0,1,0,133" ten="425,256,156,163" oya="0" hai0="17,15,84,85,72,41,36,116,93,78,39,18,11" hai1="90,114,35,129,105,23,26,118,54,128,48,33,77" hai2="46,70,97,3,115,96,50,60,94,117,73,67,81" hai3="4,24,124,53,43,134,21,107,119,30,92,131,101"/><T74/><D116/><U52/><E118/><V42/><F117/><W64/><G107/><T76/><D41/><U120/><E105/><V109/><F109/><W8/><G119/><T106/><D106/><U37/><E37/><V13/><F3/><W95/><G134/><T79/><D93/><U20/><E77/><V98/><F115/><W68/><G43/><T49/><D49/><U1/><E1/><V10/><F81/><W132/><G132/><T63/><D63/><U25/><E90/><V86/><F73/><N who="0" m="28266" /><D15/><U103/><E103/><V45/><F45/><W82/><G82/><T28/><D11/><U88/><E48/><V83/><F94/><W40/><G40/><T12/><D12/><U87/><E87/><N who="0" m="33353" /><D28/><U123/><E88/><V121/><F121/><W14/><G101/><T99/><D99/><U55/><E55/><V2/><F2/><W135/><G135/><T102/><D102/><U7/><E114/><V31/><F31/><W56/><G95/><T69/><D69/><U6/><AGARI ba="0,0" hai="6,7,20,23,25,26,33,35,52,54,120,123,128,129" machi="6" ten="25,6400,0" yaku="0,1,22,2,54,1" doraHai="133" who="1" fromWho="1" sc="425,-32,256,64,156,-16,163,-16" /><INIT seed="5,0,0,4,0,73" ten="393,320,140,147" oya="1" hai0="96,21,111,62,133,84,54,4,109,124,51,31,3" hai1="81,30,74,108,130,76,99,88,44,87,28,106,103" hai2="61,34,104,23,59,70,56,128,41,127,93,14,36" hai3="94,123,1,132,22,55,35,52,71,37,126,26,40"/><U77/><E44/><V10/><F104/><W43/><G123/><T42/><D42/><N who="3" m="15913" /><G35/><T114/><D62/><U13/><E130/><V131/><F34/><W110/><G110/><T47/><D114/><U67/><E67/><N who="2" m="41327" /><F127/><W134/><G71/><T119/><D133/><N who="3" m="51305" /><G37/><T60/><D119/><U15/><E108/><V135/><F135/><W17/><G1/><T24/><D124/><U120/><E120/><V107/><F36/><W75/><G126/><T112/><D112/><U33/><E33/><V122/><F41/><W53/><G94/><T105/><D60/><U116/><E116/><V8/><F93/><W58/><G75/><T5/><D3/><U113/><E113/><V16/><F107/><W50/><AGARI ba="0,0" hai="17,22,26,50,52,53,55,58" m="51305,15913" machi="50" ten="30,2000,0" yaku="20,1,54,1" doraHai="73" who="3" fromWho="3" sc="393,-5,320,-10,140,-5,147,20" /><INIT seed="6,0,0,5,2,135" ten="388,310,135,167" oya="2" hai0="92,113,39,44,14,33,68,1,104,115,120,80,60" hai1="114,107,101,111,34,53,40,128,106,93,88,31,87" hai2="54,25,134,100,51,71,50,21,73,32,10,96,127" hai3="62,46,112,126,105,12,94,79,95,56,118,74,103"/><V97/><F32/><W109/><G109/><T37/><D120/><U18/><E111/><V57/><F73/><W47/><G118/><T13/><D104/><U99/><E114/><V9/><F71/><W75/><G105/><T125/><D1/><U27/><E128/><V42/><F134/><W90/><G75/><T16/><D33/><U81/><E40/><V24/><F127/><W67/><G74/><T110/><D125/><U38/><E38/><V0/><F0/><W23/><G79/><T123/><D123/><U48/><E18/><V122/><F122/><W132/><G132/><T4/><D110/><U131/><E131/><V35/><F35/><W64/><G64/><T5/><D80/><U70/><E70/><V26/><F21/><W20/><G112/><T129/><D92/><U58/><AGARI ba="0,0" hai="27,31,34,48,53,58,81,87,88,93,99,101,106,107" machi="58" ten="20,2700,0" yaku="0,1,7,1,54,1" doraHai="135" who="1" fromWho="1" sc="388,-7,310,27,135,-13,167,-7" /><INIT seed="7,0,0,2,1,131" ten="381,337,122,160" oya="3" hai0="82,87,61,69,126,84,80,37,13,52,88,124,79" hai1="111,100,77,86,60,127,56,24,50,21,32,29,40" hai2="45,72,78,62,96,6,38,97,67,91,90,9,115" hai3="63,48,15,22,133,35,11,16,27,74,104,44,39"/><W53/><G104/><T17/><D37/><U19/><E111/><V116/><F116/><W66/><G74/><T68/><D52/><U114/><E114/><V125/><F115/><W75/><G75/><T36/><D36/><U110/><E110/><V93/><F125/><N who="0" m="48234" /><D61/><U51/><E127/><V58/><F72/><W18/><G39/><T102/><D102/><U65/><E100/><V120/><F120/><W20/><G35/><T30/><D30/><U128/><E128/><V108/><F108/><W85/><G85/><T92/><D82/><U129/><E40/><V7/><F78/><W122/><G122/><T0/><D0/><U12/><E129/><V23/><F23/><AGARI ba="0,0" hai="13,17,23,68,69,79,80,84,87,88,92" m="48234" machi="23" ten="30,2000,0" yaku="18,1,54,1" doraHai="131" who="0" fromWho="2" sc="381,20,337,0,122,-20,160,0" owari="401,50.0,337,14.0,102,-40.0,160,-24.0" /></mjloggm>