<mjloggm ver="2.3"><GO type="169" lobby="0"/><UN n0="%32%5F%63%6F%6F%6C" n1="%E5%B0%B1%E6%B4%BB%E7%94%9F%40%E5%B7%9D%E6%9D%91%E8%BB%8D%E5%9B%A3" n2="%E3%82%AE%E3%82%BF%E3%83%AB%E3%83%9E" n3="%74%61%74%73%75%37%30%32" dan="16,17,16,16" rate="2059.25,2232.82,2095.21,2216.42" sx="M,M,M,M"/><TAIKYOKU oya="0"/><INIT seed="0,0,0,0,4,68" ten="250,250,250,250" oya="0" hai0="36,40,100,28,129,106,109,46,93,125,13,113,35" hai1="102,116,87,96,82,97,41,117,69,57,74,91,70" hai2="6,111,92,95,72,104,130,15,39,26,73,118,124" hai3="79,56,34,24,98,76,105,61,27,42,2,133,67"/><T107/><D113/><U121/><E121/><V9/><F104/><W14/><G2/><T58/><D125/><U23/><E74/><V112/><F112/><W115/><G115/><T7/><D129/><U59/><E41/><V4/><F124/><W43/><G133/><T81/><D81/><U37/><E23/><V38/><F26/><W12/><G105/><T63/><D109/><U131/><E131/><V54/><F130/><W33/><G98/><T53/><D93/><U77/><E77/><V85/><F85/><W71/><G56/><T101/><D106/><U83/><E87/><V32/><F54/><W103/><G61/><T134/><D107/><U31/><E91/><V65/><F65/><W75/><G67/><T44/><D134/><U47/><E47/><V94/><F32/><W66/><G66/><T62/><D62/><U119/><E119/><V127/><F127/><W99/><G99/><T51/><D28/><U3/><E3/><V22/><F22/><W114/><G114/><T88/><D88/><U11/><E11/><V49/><F9/><W132/><G132/><T25/><D25/><U78/><E78/><V21/><F21/><W86/><G86/><T80/><D80/><U50/><E31/><V0/><F73/><W17/><G17/><T128/><D35/><U120/><E120/><V5/><F72/><W135/><G135/><T45/><D128/><U64/><E102/><N who="0" m="39529" /><D63/><U16/><E64/><V48/><F0/><W18/><G103/><T122/><D122/><U108/><E116/><V126/><F118/><W10/><G75/><T84/><D84/><RYUUKYOKU ba="0,0" sc="250,30,250,-10,250,-10,250,-10" hai0="7,13,36,40,44,45,46,51,53,58" /><INIT seed="0,1,0,4,4,80" ten="280,240,240,240" oya="0" hai0="56,134,125,27,130,87,22,24,51,55,31,69,114" hai1="103,37,62,85,5,42,10,111,3,123,46,128,75" hai2="76,97,17,45,9,0,113,29,92,8,89,33,25" hai3="44,40,82,115,58,98,53,59,14,23,74,73,20"/><T79/><D114/><U52/><E123/><V12/><F113/><W43/><G115/><T35/><D130/><U1/><E75/><V7/><F76/><W54/><G82/><T100/><D69/><U108/><E128/><V2/><F45/><W18/><G98/><T109/><D134/><U39/><E39/><V61/><F61/><W66/><G44/><T99/><D125/><U78/><E103/><V127/><F127/><W101/><G101/><T32/><D109/><N who="1" m="42059" /><E3/><AGARI ba="1,0" hai="0,2,3,7,8,9,12,17,25,29,33,89,92,97" machi="3" ten="30,1000,0" yaku="7,1" doraHai="80" who="2" fromWho="1" sc="280,0,240,-13,240,13,240,0" /><INIT seed="1,0,0,0,2,126" ten="280,227,253,240" oya="1" hai0="48,47,63,97,78,50,42,111,109,114,91,5,77" hai1="43,72,2,34,79,57,110,87,3,64,100,93,17" hai2="122,71,22,37,125,55,44,61,133,24,96,117,94" hai3="25,131,20,30,46,68,9,1,0,56,98,129,65"/><U23/><E34/><V67/><F117/><W38/><G68/><T54/><D114/><U73/><E43/><V83/><F122/><W99/><G38/><T113/><D113/><U49/><E110/><N who="0" m="41993" /><D63/><U132/><E132/><V80/><F125/><W76/><G46/><N who="0" m="27991" /><D5/><U11/><E100/><V59/><F133/><W127/><G127/><T130/><D130/><N who="3" m="49673" /><G76/><T75/><D75/><U101/><E101/><V89/><F71/><W70/><G70/><T85/><D97/><N who="3" m="36873" /><G9/><T51/><D51/><U66/><E11/><V29/><F37/><W31/><G31/><T18/><D18/><U7/><E49/><AGARI ba="0,0" hai="22,24,29,44,49,55,59,61,67,80,83,89,94,96" machi="49" ten="40,1300,0" yaku="8,1" doraHai="126" who="2" fromWho="1" sc="280,0,227,-13,253,13,240,0" /><INIT seed="2,0,0,0,2,64" ten="280,214,266,240" oya="2" hai0="78,65,76,36,1,24,48,74,2,47,23,127,28" hai1="119,134,84,15,63,109,131,51,125,37,100,126,87" hai2="43,120,53,89,38,70,39,18,10,115,69,135,11" hai3="94,75,42,116,101,52,110,132,73,117,34,71,57"/><V9/><F115/><W104/><G34/><T20/><D36/><U92/><E37/><V19/><F120/><W122/><G122/><T3/><D127/><U128/><E51/><V49/><F43/><W30/><G30/><T60/><D20/><U102/><E15/><V88/><F10/><W77/><G104/><T5/><D5/><U133/><E63/><V4/><F49/><W45/><G71/><T12/><D12/><U54/><E54/><V0/><F53/><W6/><G6/><T50/><D74/><U66/><E66/><V55/><F55/><W68/><G68/><T85/><D85/><N who="1" m="32843" /><E109/><V25/><F135/><N who="1" m="51721" /><E119/><V67/><F4/><W124/><G124/><N who="1" m="47722" /><E92/><V108/><F67/><W33/><G110/><T44/><D48/><U114/><E114/><V56/><F108/><W13/><G13/><T16/><D28/><U106/><E106/><V86/><F86/><W40/><G40/><T93/><D93/><U21/><E21/><V103/><F56/><W26/><G132/><T113/><D113/><U41/><E41/><V62/><F25/><W130/><G42/><N who="0" m="24855" /><D47/><U83/><E83/><V112/><F112/><W80/><G45/><T7/><D7/><U121/><E121/><V32/><F32/><W129/><G117/><T107/><D107/><U105/><E105/><V58/><F58/><W46/><G46/><T22/><D22/><U98/><E98/><V81/><F81/><W95/><G116/><T118/><D118/><U123/><E123/><V59/><F59/><W72/><G95/><T35/><D35/><U27/><E27/><V99/><F39/><RYUUKYOKU ba="0,0" sc="280,15,214,15,266,-15,240,-15" hai0="1,2,3,16,23,24,60,65,76,78" hai1="100,102,128,131" /><INIT seed="3,1,0,0,0,59" ten="295,229,251,225" oya="3" hai0="51,34,24,64,53,27,50,32,11,79,43,65,91" hai1="56,117,55,89,115,94,71,36,130,67,87,10,95" hai2="80,97,17,37,93,69,128,75,68,38,123,108,62" hai3="48,23,57,7,84,102,9,12,63,26,100,82,86"/><W14/><G48/><T13/><D79/><U4/><E36/><V42/><F108/><W20/><G14/><T39/><D39/><U134/><E115/><V112/><F112/><W127/><G127/><T110/><D110/><U83/><E130/><V103/><F128/><W29/><G23/><T5/><D32/><U129/><E129/><V98/><F123/><W18/><G7/><T70/><D34/><U61/><E134/><V81/><F42/><W133/><G133/><T73/><D73/><U106/><E106/><V22/><F75/><W132/><G86/><T76/><D76/><U30/><E30/><V88/><F38/><W119/><G119/><T135/><D135/><U33/><E33/><V21/><F37/><W60/><G132/><T8/><D70/><U74/><E74/><V107/><F22/><W122/><G122/><T105/><D105/><U96/><E96/><V58/><F69/><W15/><G15/><N who="0" m="5519" /><D91/><U66/><E117/><V114/><F68/><W45/><G45/><N who="0" m="25919" /><D24/><U99/><E71/><V126/><F126/><W35/><G35/><T40/><D27/><U25/><E25/><N who="2" m="14511" /><F114/><W101/><G57/><N who="0" m="32959" /><D40/><U111/><E111/><V116/><F116/><W77/><AGARI ba="1,0" hai="9,12,18,20,26,29,60,63,77,82,84,100,101,102" machi="77" ten="30,11700,0" yaku="0,1,8,1,52,2" doraHai="59" who="3" fromWho="3" sc="295,-40,229,-40,251,-40,225,120" /><INIT seed="3,2,0,4,3,59" ten="255,189,211,345" oya="3" hai0="35,124,112,11,29,74,17,73,95,37,5,60,104" hai1="81,94,91,93,114,135,8,51,40,14,70,66,97" hai2="42,45,20,118,62,48,117,54,21,130,53,24,34" hai3="120,1,50,28,78,58,134,108,26,46,77,22,12"/><W71/><G120/><T57/><D104/><U44/><E114/><V75/><F75/><W122/><G122/><T16/><D112/><U125/><E135/><V82/><F130/><W105/><G71/><T126/><D37/><U131/><E125/><N who="0" m="48233" /><D95/><U128/><E81/><V132/><F132/><W36/><G1/><N who="0" m="431" /><D29/><U2/><E2/><V116/><F34/><W65/><G105/><T123/><D35/><U41/><E41/><V69/><F20/><W32/><G36/><T106/><D106/><U119/><E119/><V115/><F82/><W79/><G134/><T110/><D110/><U80/><E80/><V33/><F33/><W43/><G108/><T27/><D123/><U121/><E121/><V84/><F115/><W92/><G92/><T99/><D99/><U107/><E107/><V113/><F113/><W72/><G72/><N who="0" m="27755" /><D27/><U64/><E94/><V101/><F84/><W133/><G133/><T90/><D90/><U76/><E76/><V3/><F101/><W30/><G30/><T18/><D18/><U68/><E128/><V83/><F83/><W4/><G32/><T102/><D102/><U25/><E25/><V111/><F111/><W100/><G100/><T19/><D19/><N who="1" m="8647" /><E131/><V49/><F3/><W98/><G98/><T85/><D85/><U67/><E97/><V31/><REACH who="2" step="1"/><F49/><REACH who="2" ten="255,189,201,345" step="2"/><W13/><G4/><T87/><D87/><U127/><E127/><V15/><F15/><W129/><G129/><T23/><D23/><U109/><E109/><V55/><F55/><AGARI ba="2,1" hai="16,17,55,57,60" m="27755,431,48233" machi="55" ten="30,3900,0" yaku="18,1,52,1,54,1" doraHai="59" who="0" fromWho="2" sc="255,55,189,0,201,-45,345,0" /><INIT seed="4,0,0,2,4,10" ten="310,189,156,345" oya="0" hai0="23,22,131,65,135,104,109,34,42,105,7,47,49" hai1="115,24,128,51,125,62,63,40,73,75,87,74,93" hai2="39,106,85,96,8,89,67,37,113,95,21,45,33" hai3="17,118,44,129,132,108,92,76,72,13,107,58,68"/><T121/><D121/><U98/><E125/><V61/><F33/><W114/><G68/><T4/><D34/><U100/><E128/><V54/><F113/><W83/><G107/><T6/><D131/><U16/><E115/><V134/><F134/><W80/><G114/><T55/><D135/><U94/><E40/><V88/><F106/><W82/><G132/><T38/><D105/><U122/><E122/><V31/><F8/><W27/><G129/><T110/><D104/><U111/><E111/><N who="0" m="42505" /><D65/><U91/><REACH who="1" step="1"/><E51/><REACH who="1" ten="310,179,156,345" step="2"/><V103/><F39/><W2/><G108/><T102/><D102/><U19/><E19/><V48/><F37/><W126/><G126/><T1/><D1/><U50/><E50/><V70/><REACH who="2" step="1"/><F85/><REACH who="2" ten="310,179,146,345" step="2"/><W52/><G2/><T90/><D38/><U127/><E127/><V123/><F123/><W18/><G118/><T119/><D119/><U43/><E43/><V9/><F9/><N who="3" m="6319" /><G72/><T3/><D3/><U84/><E84/><V46/><F46/><W81/><G44/><T26/><D42/><U130/><E130/><V120/><F120/><W69/><G76/><T79/><D79/><U29/><E29/><V53/><F53/><W5/><G52/><T28/><D55/><U25/><E25/><AGARI ba="0,2" hai="21,25,31,45,48,54,61,67,70,88,89,95,96,103" machi="25" ten="40,2600,0" yaku="1,1,54,1,53,0" doraHai="10" doraHaiUra="101" who="2" fromWho="1" sc="310,0,179,-26,146,46,345,0" /><INIT seed="5,0,0,3,5,124" ten="310,153,192,345" oya="1" hai0="83,129,40,0,84,114,97,8,32,61,134,102,14" hai1="24,98,116,19,51,92,113,10,57,1,5,128,11" hai2="104,62,56,79,81,35,80,78,18,126,112,96,67" hai3="6,26,44,120,63,68,64,85,22,105,36,3,86"/><U54/><E116/><V49/><F35/><W74/><G105/><T60/><D32/><U110/><E110/><V7/><F126/><W132/><G120/><T130/><D114/><U2/><E113/><V108/><F112/><W125/><G125/><T15/><D134/><U28/><E128/><N who="0" m="49257" /><D40/><U50/><E19/><V103/><F108/><W115/><G74/><T77/><D0/><U109/><E109/><V135/><F135/><W23/><G3/><T27/><D27/><U66/><E66/><V87/><F7/><W39/><G26/><T75/><D75/><U82/><E82/><V117/><F18/><W17/><G39/><T30/><D30/><U58/><E10/><V38/><F38/><W12/><G36/><T4/><D14/><U70/><E70/><V13/><F13/><W91/><G12/><T34/><D34/><U107/><E107/><AGARI ba="0,0" hai="4,8,15,60,61,77,83,84,97,102,107" m="49257" machi="107" ten="30,7700,0" yaku="19,1,52,3" doraHai="124" who="0" fromWho="1" sc="310,77,153,-77,192,0,345,0" /><INIT seed="6,0,0,1,2,12" ten="387,76,192,345" oya="2" hai0="27,81,101,105,17,30,42,133,92,29,41,4,112" hai1="80,121,82,57,90,52,33,48,6,131,74,83,3" hai2="35,14,97,123,75,72,10,76,34,20,7,53,94" hai3="113,87,115,50,65,59,120,9,68,56,69,32,61"/><V58/><F123/><W129/><G32/><T5/><D105/><U71/><E33/><V89/><F35/><W1/><G1/><T124/><D112/><N who="3" m="43081" /><G9/><T79/><D124/><U107/><E107/><V73/><F34/><W62/><G87/><N who="0" m="48575" /><D17/><U67/><E121/><V36/><F36/><W49/><G129/><T0/><D0/><U88/><E131/><V13/><F76/><W119/><G119/><T70/><D70/><N who="3" m="27241" /><G120/><T128/><D133/><U63/><REACH who="1" step="1"/><E74/><REACH who="1" ten="387,66,192,345" step="2"/><V103/><F75/><W132/><G132/><T106/><D128/><U104/><E104/><V118/><F118/><W98/><G98/><T66/><D106/><U91/><E91/><V77/><F89/><W46/><G46/><T84/><D101/><U100/><E100/><V44/><F44/><W114/><G114/><T130/><D130/><U55/><E55/><AGARI ba="0,1" hai="49,50,55,56,59,61,62,65" m="27241,43081" machi="55" ten="30,7700,0" yaku="15,1,11,1,34,2" doraHai="12" who="3" fromWho="1" sc="387,0,66,-77,192,0,345,87" owari="387,19.0,-11,-51.0,192,-21.0,432,53.0" /></mjloggm>