<mjloggm ver="2.3"><GO type="169" lobby="0"/><UN n0="%6B%61%6E%64%6F%72%61%6F" n1="%E3%82%A6%E3%83%AB%E3%83%88%E3%83%A9%E7%AB%8B%E7%9B%B4" n2="%E8%85%90%E7%94%9F%E8%B1%9A%E3%82%B3%E3%83%84%E3%83%9C%E3%83%BC" n3="%69%6B%65%65%74%74%69" dan="16,18,16,16" rate="2124.95,2201.10,2133.75,2108.24" sx="M,M,M,F"/><TAIKYOKU oya="0"/><INIT seed="0,0,0,2,0,117" ten="250,250,250,250" oya="0" hai0="13,127,109,73,91,126,107,2,7,64,46,60,36" hai1="35,61,94,100,17,3,101,76,4,70,44,0,6" hai2="28,81,10,41,75,80,79,87,108,11,113,116,59" hai3="133,57,65,56,32,49,102,78,97,69,12,34,5"/><T93/><D107/><U40/><E35/><V15/><F116/><W52/><G69/><T22/><D2/><U14/><E76/><V112/><F108/><W25/><G78/><T98/><D73/><U1/><E61/><V124/><F124/><N who="0" m="47658" /><D109/><U125/><E70/><V50/><F28/><W122/><G133/><T45/><D36/><U129/><E129/><V72/><F10/><W39/><G39/><T21/><D21/><U30/><E30/><V51/><F51/><W8/><G122/><T71/><D7/><U105/><E105/><V128/><F128/><W47/><G25/><T23/><D23/><U106/><E106/><V54/><F41/><W33/><REACH who="3" step="1"/><G65/><REACH who="3" ten="250,250,250,240" step="2"/><T95/><D71/><U82/><E125/><V27/><F27/><W38/><G38/><T89/><D64/><U74/><E74/><V121/><F121/><W43/><G43/><T92/><D98/><U86/><E40/><V111/><F111/><W9/><G9/><T88/><D60/><U26/><E26/><V84/><F75/><W48/><G48/><T120/><D120/><U67/><E67/><V42/><F42/><W115/><G115/><T134/><D134/><U16/><E0/><V31/><F72/><W19/><G19/><AGARI ba="0,1" hai="13,19,22,45,46,88,89,91,92,93,95" m="47658" machi="19" ten="40,3900,0" yaku="18,1,54,1" doraHai="117" who="0" fromWho="3" sc="250,49,250,0,250,0,240,-39" /><INIT seed="0,1,0,0,2,134" ten="299,250,250,201" oya="0" hai0="28,38,90,81,128,12,78,122,85,74,69,125,99" hai1="117,76,0,35,70,108,18,25,14,104,80,6,24" hai2="42,19,40,73,2,79,36,43,47,44,41,63,83" hai3="97,22,65,56,82,50,133,15,123,129,32,126,16"/><T101/><D122/><U71/><E104/><V66/><F2/><W135/><G123/><T48/><D38/><U1/><E117/><V29/><F29/><W102/><G32/><T77/><D69/><U34/><E80/><V54/><F19/><W121/><G129/><T84/><D28/><U53/><E53/><V20/><F20/><W21/><G121/><T118/><D48/><U92/><E92/><V61/><F66/><W94/><G82/><N who="0" m="45367" /><D12/><U111/><E76/><V46/><REACH who="2" step="1"/><F54/><REACH who="2" ten="299,250,240,201" step="2"/><W127/><G22/><T96/><D118/><U131/><E18/><V23/><F23/><W13/><G13/><T91/><D128/><U8/><E131/><V17/><F17/><W59/><G65/><T103/><D125/><N who="3" m="47625" /><G50/><T58/><D58/><AGARI ba="1,1" hai="15,16,21,56,58,59,94,97,102,133,135" m="47625" machi="58" ten="30,8000,1" yaku="18,1,52,3,54,1" doraHai="134" who="3" fromWho="0" sc="299,-83,250,0,240,0,201,93" /><INIT seed="1,0,0,4,0,72" ten="216,250,240,294" oya="1" hai0="38,15,12,122,109,77,50,25,37,89,52,27,51" hai1="2,76,100,132,118,124,49,102,125,78,48,23,71" hai2="19,7,81,3,126,79,6,123,5,31,99,11,14" hai3="39,87,88,113,117,10,135,97,96,63,105,90,0"/><U127/><E71/><V70/><F70/><W115/><G39/><T69/><D109/><U21/><E2/><V1/><F123/><W74/><G63/><T111/><D111/><U80/><E80/><V92/><F31/><W35/><G35/><T45/><D69/><U66/><E66/><V65/><F65/><W129/><G10/><T95/><D122/><U110/><E110/><V107/><F107/><W68/><G0/><T101/><D101/><N who="1" m="39019" /><E132/><V134/><F126/><W60/><G60/><T82/><D37/><U131/><E131/><V106/><F106/><W84/><G68/><T56/><D38/><U16/><E118/><V133/><F133/><W54/><G54/><T22/><D12/><N who="1" m="9351" /><E23/><V34/><F34/><W4/><G4/><T42/><D15/><U20/><E20/><V121/><F121/><W36/><G36/><T17/><D27/><U44/><E48/><V32/><F32/><W47/><G117/><T24/><D25/><U91/><E91/><V28/><F134/><W85/><G129/><T30/><D30/><U108/><E108/><V29/><F29/><W93/><G74/><T40/><D40/><AGARI ba="0,0" hai="40,44,49,76,78,124,125,127" m="9351,39019" machi="40" ten="30,11600,0" yaku="18,1,52,2,54,1" doraHai="72" who="1" fromWho="0" sc="216,-116,250,116,240,0,294,0" /><INIT seed="1,1,0,0,2,68" ten="100,366,240,294" oya="1" hai0="22,135,115,78,15,45,23,129,38,95,30,11,66" hai1="33,80,108,101,35,112,94,77,100,0,111,55,44" hai2="106,131,16,81,57,56,86,25,26,90,113,73,17" hai3="42,67,52,12,126,76,123,24,39,27,93,9,120"/><U79/><E0/><V119/><F119/><W104/><G104/><T85/><D115/><U4/><E4/><V124/><F106/><W109/><G109/><N who="1" m="42058" /><E79/><V89/><F113/><W105/><G105/><T117/><D117/><U130/><E130/><V43/><F131/><W122/><G67/><T127/><D129/><U114/><E55/><V82/><F124/><W59/><G126/><T62/><D127/><U71/><E71/><V97/><F43/><W49/><G76/><T116/><D116/><U54/><E101/><V18/><F73/><W118/><G93/><T92/><D135/><U14/><E14/><V134/><F134/><W34/><G118/><T31/><D95/><U10/><E10/><V13/><F13/><W107/><G107/><T50/><D31/><U20/><E20/><V58/><F97/><W99/><G99/><T53/><D30/><U96/><E35/><V63/><F63/><W1/><G1/><T132/><D132/><U51/><E33/><V88/><F86/><AGARI ba="1,0" hai="44,51,54,77,80,86,94,96,100,112,114" m="42058" machi="86" ten="30,2900,0" yaku="14,1,10,1" doraHai="68" who="1" fromWho="2" sc="100,0,366,32,240,-32,294,0" /><INIT seed="1,2,0,4,0,104" ten="100,398,208,294" oya="1" hai0="65,26,96,45,86,48,47,129,82,18,7,6,21" hai1="131,107,58,109,60,44,111,88,36,78,42,5,116" hai2="2,25,50,76,127,68,23,80,84,71,69,87,113" hai3="35,118,20,125,66,49,9,135,10,51,43,56,133"/><U122/><E107/><V124/><F2/><W63/><G35/><T28/><D129/><U83/><E122/><V115/><F50/><W30/><G125/><N who="2" m="48201" /><F87/><W53/><G118/><T90/><D65/><U103/><E103/><V40/><F40/><W62/><G30/><AGARI ba="2,0" hai="23,25,30,68,69,71,76,80,84,113,115" m="48201" machi="30" ten="40,1300,0" yaku="18,1" doraHai="104" who="2" fromWho="3" sc="100,0,398,0,208,19,294,-19" /><INIT seed="2,0,0,4,3,27" ten="100,398,227,275" oya="2" hai0="87,29,62,115,45,9,15,65,105,3,40,60,30" hai1="18,20,38,50,81,84,61,8,80,52,39,14,106" hai2="111,19,57,76,95,46,72,16,103,91,21,94,121" hai3="1,110,56,23,130,92,49,67,28,77,11,58,82"/><V99/><F121/><W64/><G110/><T107/><D115/><U124/><E106/><V114/><F114/><W85/><G1/><T126/><D3/><U43/><E124/><V125/><F125/><W70/><G70/><T5/><D62/><U129/><E129/><V133/><F111/><W134/><G134/><T32/><D32/><U69/><E81/><V118/><F133/><W74/><G11/><T100/><D87/><U13/><E43/><V54/><F118/><W31/><G74/><T37/><D126/><U127/><E127/><V101/><F46/><W131/><G92/><T10/><D10/><U42/><E42/><V53/><F72/><W132/><G132/><T83/><D83/><U22/><E22/><V89/><F76/><W119/><G119/><T88/><D88/><N who="2" m="33866" /><F54/><N who="3" m="31823" /><G131/><T17/><D100/><N who="2" m="38474" /><F99/><W104/><G104/><T68/><REACH who="0" step="1"/><D5/><REACH who="0" ten="90,398,227,275" step="2"/><U135/><E135/><V55/><F95/><W41/><G130/><T102/><D102/><U59/><E80/><V120/><F94/><W93/><G93/><T36/><D36/><U51/><E39/><V44/><F120/><W97/><G85/><T24/><D24/><U73/><E84/><V79/><F79/><W7/><G82/><T108/><D108/><U123/><E38/><V34/><F34/><W25/><G77/><T63/><D63/><U6/><E73/><V109/><F109/><W35/><G35/><T71/><D71/><U128/><E128/><V90/><F90/><W33/><G33/><T98/><D98/><U112/><E123/><V116/><F116/><W66/><G97/><T117/><D117/><RYUUKYOKU ba="0,1" sc="90,30,398,-10,227,-10,275,-10" hai0="9,15,17,29,30,37,40,45,60,65,68,105,107" /><INIT seed="3,1,1,1,2,29" ten="120,388,217,265" oya="3" hai0="103,59,37,44,53,66,43,98,135,25,19,61,68" hai1="82,81,87,7,2,95,58,12,105,8,132,113,100" hai2="38,45,75,5,72,63,78,17,60,57,24,89,86" hai3="50,83,99,112,130,110,6,0,30,10,124,133,111"/><W9/><G112/><T20/><D135/><U48/><E113/><V107/><F107/><W73/><G133/><T106/><REACH who="0" step="1"/><D68/><REACH who="0" ten="110,388,217,265" step="2"/><U117/><E132/><V31/><F5/><N who="3" m="1191" /><G130/><T42/><D42/><U76/><E7/><V39/><F17/><W88/><G124/><T13/><D13/><U97/><E12/><V71/><F71/><W131/><G131/><T93/><D93/><U69/><E95/><V21/><F78/><N who="3" m="44495" /><G30/><T90/><D90/><U32/><E76/><V121/><F89/><W70/><G70/><T56/><D56/><U74/><E58/><V125/><F57/><W49/><G88/><T1/><D1/><U67/><E2/><V35/><F125/><W84/><G99/><T41/><D41/><U118/><E97/><V109/><F31/><W3/><G84/><T26/><D26/><U28/><E87/><V128/><F24/><W115/><G115/><T47/><D47/><U119/><E28/><V16/><F45/><W104/><G104/><T91/><D91/><U126/><E105/><V34/><F86/><W116/><G116/><T96/><D96/><U122/><E126/><V64/><F128/><W101/><G101/><T18/><D18/><U92/><E100/><V65/><F16/><W77/><G77/><T27/><D27/><U54/><E118/><V123/><REACH who="2" step="1"/><F21/><REACH who="2" ten="110,388,207,265" step="2"/><W127/><G127/><T62/><D62/><N who="1" m="40183" /><E119/><V36/><F36/><W33/><G6/><T120/><D120/><U46/><E122/><V80/><F80/><W40/><G3/><T23/><D23/><U94/><E82/><V85/><F85/><W55/><G10/><RYUUKYOKU ba="1,3" sc="110,15,388,-15,207,15,265,-15" hai0="19,20,25,37,43,44,53,59,61,66,98,103,106" hai2="34,35,38,39,60,63,64,65,72,75,109,121,123" /><INIT seed="4,2,3,1,4,72" ten="125,373,222,250" oya="0" hai0="40,42,111,74,133,39,3,95,41,71,35,85,86" hai1="19,33,115,103,13,2,62,21,58,89,31,54,57" hai2="98,30,27,129,47,28,18,118,113,101,87,93,134" hai3="20,106,132,53,76,110,25,36,15,9,105,80,122"/><T24/><D74/><U102/><E115/><V119/><F113/><W50/><G36/><T79/><D3/><U123/><E123/><V67/><F134/><W37/><G37/><T51/><D71/><U26/><E2/><V63/><F129/><W128/><G110/><T78/><D133/><U23/><E33/><V16/><F47/><W107/><G128/><T73/><D73/><U92/><E58/><N who="2" m="37367" /><F87/><AGARI ba="2,3" hai="13,19,21,23,26,31,54,57,62,87,89,92,102,103" machi="87" ten="30,2000,0" yaku="7,1,8,1" doraHai="72" who="1" fromWho="2" sc="125,0,373,56,222,-26,250,0" /><INIT seed="5,0,0,3,3,66" ten="125,429,196,250" oya="1" hai0="21,119,81,126,38,62,128,26,102,28,18,11,98" hai1="63,118,83,77,41,116,100,25,105,114,86,88,60" hai2="112,12,120,35,19,129,32,13,79,91,36,85,110" hai3="84,27,45,96,71,24,33,107,17,68,31,5,104"/><U111/><E41/><V115/><F110/><W39/><G5/><T131/><D119/><U54/><E111/><V47/><F120/><W75/><G75/><T43/><D38/><U42/><E42/><N who="2" m="22983" /><F79/><W76/><G39/><T23/><D43/><U109/><E109/><V73/><F73/><W2/><G45/><T20/><D81/><U122/><E122/><V44/><F44/><W48/><G48/><T127/><D62/><U82/><E25/><V121/><F13/><W117/><G2/><T15/><D98/><N who="1" m="61591" /><E60/><V101/><F101/><W72/><G72/><T103/><D103/><U52/><E63/><V34/><F129/><N who="0" m="49738" /><D102/><U14/><E14/><V135/><F121/><W30/><G17/><T4/><D4/><U16/><E16/><V132/><F91/><W69/><G96/><T67/><D67/><U106/><E106/><V9/><F85/><W59/><G117/><T93/><D93/><U125/><E83/><V97/><F97/><W0/><G0/><T74/><D74/><U53/><E82/><V108/><F108/><W57/><G84/><T7/><D7/><U87/><E86/><V49/><F49/><W92/><G76/><T61/><D61/><U124/><E87/><V113/><AGARI ba="0,0" hai="9,12,19,32,34,35,112,113,115,132,135" m="22983" machi="113" ten="40,2700,0" yaku="15,1,11,1" doraHai="66" who="2" fromWho="2" sc="125,-7,429,-13,196,27,250,-7" /><INIT seed="6,0,0,2,1,84" ten="118,416,223,243" oya="2" hai0="129,125,9,57,24,59,66,45,44,6,32,50,93" hai1="122,123,86,90,128,25,20,33,78,106,7,37,98" hai2="8,130,52,35,56,12,31,69,135,41,68,120,126" hai3="134,131,64,88,16,81,22,102,28,100,74,21,19"/><V70/><F120/><W36/><G36/><T47/><D32/><U34/><E7/><V48/><F135/><W114/><G134/><T85/><D24/><U63/><E63/><V76/><F130/><W14/><G131/><T58/><D129/><U62/><E62/><V3/><F3/><W40/><G114/><T17/><D17/><U99/><E78/><V72/><F126/><W42/><G28/><T113/><D113/><U4/><E4/><V80/><F41/><N who="3" m="15979" /><G64/><T118/><D118/><U5/><E5/><V110/><F110/><W46/><G46/><T77/><D125/><U109/><E37/><V115/><F115/><W92/><G81/><T67/><D77/><U71/><E71/><V89/><F31/><W27/><G74/><T132/><D132/><U105/><E105/><V133/><F35/><W60/><G60/><T29/><D29/><U96/><E106/><V103/><F103/><W51/><G51/><T83/><D50/><U127/><E127/><V104/><F104/><W0/><G0/><T13/><REACH who="0" step="1"/><D83/><REACH who="0" ten="108,416,223,243" step="2"/><N who="1" m="49503" /><E109/><V53/><F133/><W30/><G30/><T107/><D107/><U87/><E128/><V15/><F76/><W26/><G27/><T18/><D18/><U54/><E25/><V1/><F48/><W10/><G10/><T65/><D65/><U43/><E34/><V108/><F8/><W112/><G112/><T117/><D117/><U38/><E33/><V39/><F39/><W119/><G119/><T11/><D11/><U91/><E38/><V23/><F108/><W124/><G124/><T61/><D61/><U116/><E116/><RYUUKYOKU ba="0,1" sc="108,15,416,-15,223,-15,243,15" hai0="6,9,13,44,45,47,57,58,59,66,67,85,93" hai3="14,16,19,21,22,26,88,92,100,102" /><INIT seed="7,1,1,1,2,89" ten="123,401,208,258" oya="3" hai0="24,41,83,110,126,75,2,123,4,7,73,28,100" hai1="37,20,33,121,99,124,88,69,93,6,22,19,8" hai2="76,13,9,72,42,111,101,57,16,36,108,86,25" hai3="56,52,90,97,63,91,27,81,51,3,95,125,47"/><W26/><G3/><T77/><D110/><U129/><E37/><V46/><F72/><W84/><REACH who="3" step="1"/><G125/><REACH who="3" ten="123,401,208,248" step="2"/><T43/><D126/><U29/><E124/><V128/><F111/><W0/><G0/><T54/><D2/><U68/><E121/><V133/><F108/><W32/><G32/><T12/><D123/><U11/><E33/><V31/><F128/><W50/><G50/><T92/><D73/><U82/><E129/><V21/><F36/><W117/><G117/><T66/><D66/><AGARI ba="1,2" hai="26,27,47,51,52,56,63,66,81,84,90,91,95,97" machi="66" ten="30,12000,1" yaku="1,1,7,1,8,1,52,1,54,1,53,0" doraHai="89" doraHaiUra="106" who="3" fromWho="0" sc="123,-123,401,0,208,0,248,143" /><INIT seed="7,2,0,3,5,75" ten="0,401,208,391" oya="3" hai0="107,87,115,29,14,49,47,99,72,16,1,134,106" hai1="133,44,96,93,113,129,83,8,7,12,94,34,88" hai2="45,69,32,73,97,61,127,56,4,98,11,102,59" hai3="125,10,53,41,20,70,90,52,81,28,50,120,122"/><W55/><G70/><T89/><D1/><U40/><E34/><V63/><F127/><W128/><G125/><T38/><D38/><U5/><E113/><V43/><F73/><W108/><G128/><T117/><D117/><U77/><E129/><V104/><F98/><W18/><G108/><T25/><D72/><U109/><E94/><V112/><F112/><W95/><G81/><T60/><D115/><U62/><E62/><V78/><F32/><W48/><G120/><T27/><D60/><U91/><E133/><V126/><F126/><W57/><G122/><T86/><D134/><U42/><E109/><V51/><F69/><W54/><G28/><T121/><D121/><U31/><E31/><V33/><F33/><W130/><G10/><T114/><D114/><U64/><E64/><V82/><F61/><N who="3" m="36007" /><G41/><N who="1" m="15978" /><E44/><V85/><F63/><W65/><G65/><T119/><D119/><U118/><E118/><V35/><F35/><W36/><G36/><T84/><D99/><U3/><E3/><AGARI ba="2,0" hai="3,4,11,43,45,51,56,59,78,82,85,97,102,104" machi="3" ten="30,2000,0" yaku="7,1,52,1" doraHai="75" who="2" fromWho="1" sc="0,0,401,-26,208,26,391,0" owari="0,-50.0,375,18.0,234,-17.0,391,49.0" /></mjloggm>