<mjloggm ver="2.3"><GO type="169" lobby="0"/><UN n0="%E3%81%90%E3%81%BF%E3%82%83%E3%81%99" n1="%66%65%65%73" n2="%D0%A1%E3%82%AB%E3%83%83%E3%83%97%E5%A4%A7%E9%96%A2" n3="%E5%B0%B1%E6%B4%BB%E7%94%9F%40%E5%B7%9D%E6%9D%91%E8%BB%8D%E5%9B%A3" dan="16,16,16,16" rate="2066.26,2153.11,2115.97,2114.55" sx="M,M,M,M"/><TAIKYOKU oya="0"/><INIT seed="0,0,0,5,4,95" ten="250,250,250,250" oya="0" hai0="90,26,104,131,76,62,25,77,6,5,55,84,99" hai1="47,83,125,49,22,130,70,10,35,135,36,81,17" hai2="80,8,65,1,53,51,108,33,118,64,87,96,114" hai3="67,28,79,46,20,54,129,44,30,111,132,57,29"/><T113/><D113/><U115/><E35/><V41/><F33/><W102/><G111/><T40/><D40/><U119/><E36/><V19/><F114/><W39/><G129/><T127/><D127/><U106/><E70/><V128/><F41/><W69/><G132/><T101/><D131/><U37/><E37/><V11/><F108/><W16/><G79/><T60/><D77/><U86/><E115/><V78/><F128/><W123/><G39/><T27/><D76/><U88/><E106/><V14/><F118/><W98/><G67/><T52/><D62/><U89/><E119/><V82/><F80/><W121/><G69/><T120/><D120/><N who="3" m="46153" /><G57/><T45/><D60/><U72/><E72/><V59/><F1/><W4/><G4/><T48/><REACH who="0" step="1"/><D55/><REACH who="0" ten="240,250,250,250" step="2"/><U56/><E130/><V42/><F42/><W63/><G63/><T43/><D43/><U103/><E125/><V12/><REACH who="2" step="1"/><F96/><REACH who="2" ten="240,250,240,250" step="2"/><W134/><G134/><T109/><D109/><U94/><E135/><V73/><F73/><W68/><G68/><T133/><D133/><U93/><E86/><V71/><F71/><W85/><G85/><T58/><D58/><U7/><E56/><V100/><F100/><W2/><G98/><T9/><D9/><U13/><E103/><V126/><F126/><W107/><G102/><T15/><D15/><U0/><E10/><V117/><F117/><W97/><G2/><T66/><D66/><U34/><E0/><V18/><AGARI ba="0,2" hai="8,11,12,14,18,19,51,53,59,64,65,78,82,87" machi="18" ten="20,8000,1" yaku="1,1,0,1,7,1,9,1,8,1,53,0" doraHai="95" doraHaiUra="32" who="2" fromWho="2" sc="240,-40,250,-20,240,100,250,-20" /><INIT seed="1,0,0,4,5,90" ten="200,230,340,230" oya="1" hai0="64,135,27,134,110,85,88,113,81,7,132,86,72" hai1="32,76,102,10,2,127,67,4,91,83,34,117,115" hai2="101,5,18,51,40,73,14,1,60,120,38,16,39" hai3="69,94,109,98,36,11,124,128,47,99,105,107,118"/><U78/><E117/><V25/><F73/><W55/><G69/><T122/><D113/><U79/><E115/><V15/><F1/><W84/><G118/><T44/><D110/><U68/><E127/><V28/><F5/><W13/><G124/><T58/><D72/><U66/><E102/><V116/><F116/><W57/><G128/><T87/><D122/><U26/><E68/><V75/><F75/><W6/><G109/><T82/><D7/><U95/><E83/><N who="0" m="31753" /><D44/><U54/><E54/><V56/><F120/><W23/><G84/><T63/><D27/><U61/><E61/><V21/><F51/><W93/><G47/><T131/><D131/><U130/><E130/><V9/><F40/><W114/><G36/><T104/><D104/><U35/><REACH who="1" step="1"/><E26/><REACH who="1" ten="200,220,340,230" step="2"/><V24/><F25/><W42/><G114/><T8/><D8/><U20/><E20/><V29/><F101/><N who="3" m="60623" /><G107/><T70/><D70/><U65/><E65/><V30/><REACH who="2" step="1"/><F24/><REACH who="2" ten="200,220,330,230" step="2"/><W41/><G105/><T22/><D134/><U53/><E53/><AGARI ba="0,2" hai="9,14,15,16,18,21,28,29,30,38,39,53,56,60" machi="53" ten="40,5200,0" yaku="1,1,2,1,54,1,53,0" doraHai="90" doraHaiUra="31" who="2" fromWho="1" sc="200,0,220,-52,330,72,230,0" /><INIT seed="2,0,0,1,2,29" ten="200,168,402,230" oya="2" hai0="21,107,23,87,106,98,72,57,115,116,12,128,69" hai1="25,126,28,84,114,32,15,105,130,79,16,7,41" hai2="94,17,52,19,27,26,64,132,86,54,92,48,59" hai3="40,77,97,83,35,34,127,70,78,62,8,71,60"/><V22/><F132/><W58/><G40/><T68/><D72/><U104/><E114/><V101/><F64/><W66/><G127/><T135/><D98/><U13/><E126/><V117/><F117/><W37/><G37/><T49/><D12/><U121/><E130/><V50/><F101/><W123/><G123/><T119/><D87/><U96/><E121/><V33/><F86/><W39/><G39/><T134/><D49/><U82/><E41/><V6/><F6/><W110/><G110/><T31/><D31/><U9/><REACH who="1" step="1"/><E96/><REACH who="1" ten="200,158,402,230" step="2"/><V20/><REACH who="2" step="1"/><F33/><REACH who="2" ten="200,158,392,230" step="2"/><W11/><G35/><T122/><D122/><U51/><E51/><V5/><F5/><W43/><G34/><T102/><D134/><U47/><E47/><AGARI ba="0,2" hai="17,19,20,22,26,27,47,48,50,52,54,59,92,94" machi="47" ten="30,18000,2" yaku="1,1,7,1,9,1,8,1,54,1,53,2" doraHai="29" doraHaiUra="89" who="2" fromWho="1" sc="200,0,158,-180,392,200,230,0" owari="200,-20.0,-22,-52.0,592,69.0,230,3.0" /></mjloggm>