<mjloggm ver="2.3"><GO type="225" lobby="0"/><UN n0="%E3%81%8A%E3%81%98%E3%81%95%E3%82%93" n1="%72%69%6F%75%63%68%61%6E" n2="%74%61%74%73%75%37%30%32" n3="%E3%83%88%E3%83%88%E3%83%AA%E5%85%88%E7%94%9F%31%39%E6%AD%B3" dan="16,16,17,17" rate="2179.60,2075.76,2282.24,2167.52" sx="M,M,M,F"/><TAIKYOKU oya="0"/><INIT seed="0,0,0,5,4,90" ten="250,250,250,250" oya="0" hai0="134,87,76,19,67,0,48,6,56,123,85,133,52" hai1="4,130,38,30,72,82,68,101,17,18,24,63,60" hai2="23,47,105,26,114,111,37,15,11,94,135,78,54" hai3="86,22,25,51,55,102,50,21,43,129,3,65,115"/><T62/><D123/><U29/><E38/><V34/><F114/><W110/><G115/><T119/><D119/><U126/><E68/><V9/><F105/><W59/><G3/><T122/><D122/><U58/><E72/><V95/><F111/><W83/><G110/><T81/><D6/><U35/><E4/><V33/><F34/><W1/><G1/><T120/><D0/><U2/><E2/><V46/><F33/><W40/><G129/><T70/><D120/><U49/><E130/><V103/><F103/><W112/><G112/><T75/><REACH who="0" step="1"/><D19/><REACH who="0" ten="240,250,250,250" step="2"/><U20/><E17/><N who="2" m="12655" /><F135/><AGARI ba="0,1" hai="48,52,56,62,67,70,75,76,81,85,87,133,134,135" machi="135" ten="40,12000,1" yaku="1,1,20,1,54,1,53,1" doraHai="90" doraHaiUra="104" who="0" fromWho="2" sc="240,130,250,0,250,-120,250,0" /><INIT seed="0,1,0,4,4,131" ten="370,250,130,250" oya="0" hai0="47,49,29,46,75,118,52,81,85,18,71,129,88" hai1="12,127,96,99,6,41,117,59,8,0,78,27,70" hai2="73,83,115,100,93,120,26,111,91,31,3,2,76" hai3="56,135,77,25,60,66,9,94,72,124,57,21,97"/><T33/><D71/><U123/><E123/><V106/><F115/><W11/><G124/><T43/><D118/><U68/><E117/><V128/><F111/><W50/><G135/><T54/><D129/><U108/><E68/><V134/><F120/><W23/><G23/><T64/><D64/><U80/><E70/><V133/><F128/><W95/><G95/><T36/><D75/><U40/><E0/><V4/><F100/><W32/><G32/><T121/><D121/><U45/><E108/><V84/><F106/><W61/><G50/><T28/><D33/><U122/><E122/><V17/><F17/><W86/><G86/><T51/><D18/><U5/><E127/><V126/><F126/><W10/><G77/><T14/><D14/><U65/><E5/><V42/><F42/><N who="1" m="16489" /><E45/><AGARI ba="1,0" hai="28,29,36,43,45,46,47,49,51,52,54,81,85,88" machi="45" ten="30,11600,0" yaku="7,1,9,1,54,2" doraHai="131" who="0" fromWho="1" sc="370,119,250,-119,130,0,250,0" /><INIT seed="0,2,0,3,3,47" ten="489,131,130,250" oya="0" hai0="12,125,81,8,80,11,109,3,51,76,108,130,70" hai1="95,19,60,31,37,0,52,71,114,106,39,92,107" hai2="120,45,26,134,113,38,89,66,5,118,46,82,54" hai3="104,90,63,102,55,103,53,49,6,25,112,78,50"/><T27/><D70/><U84/><E0/><V64/><F120/><W57/><G112/><T32/><D125/><U126/><E126/><V122/><F113/><W131/><G131/><T93/><D130/><U62/><E114/><V65/><F122/><W36/><G36/><N who="1" m="13898" /><E71/><V7/><F118/><W1/><G78/><T100/><D3/><U132/><E31/><V30/><F134/><W2/><G104/><N who="1" m="39978" /><E84/><N who="2" m="50327" /><F38/><W85/><G1/><T15/><D27/><U75/><E75/><V123/><F123/><W14/><G2/><T124/><D32/><U121/><E121/><V61/><F46/><N who="3" m="27831" /><G25/><T74/><D124/><U23/><E23/><N who="2" m="15711" /><F61/><N who="1" m="23657" /><E132/><V33/><F33/><W56/><G14/><T129/><D15/><U22/><E22/><V4/><F66/><N who="3" m="39271" /><G6/><N who="2" m="1537" /><V28/><DORA hai="105" /><F28/><W91/><G91/><T67/><D12/><U20/><E20/><V44/><F44/><W72/><G72/><T17/><D74/><U69/><E19/><V98/><F98/><W73/><G73/><T94/><D17/><U88/><E88/><V115/><F115/><W97/><G97/><T99/><D99/><U96/><E69/><V24/><F24/><W58/><G58/><T83/><D67/><U110/><E96/><V128/><F128/><W42/><G90/><T10/><D129/><U68/><E68/><V9/><F9/><W133/><G133/><T79/><D8/><U29/><E29/><V111/><F111/><W40/><G85/><T135/><D135/><U48/><E110/><V116/><F116/><W101/><AGARI ba="2,0" hai="40,42,50,55,57,101,102,103" m="39271,27831" machi="101" ten="30,4000,0" yaku="8,1,52,2" doraHai="47,105" who="3" fromWho="3" sc="489,-22,131,-12,130,-12,250,46" /><INIT seed="1,0,0,5,3,9" ten="467,119,118,296" oya="1" hai0="77,37,122,117,56,33,31,115,6,15,92,58,125" hai1="133,51,71,129,46,22,99,79,63,72,104,48,8" hai2="73,53,107,119,30,38,5,45,21,88,18,111,57" hai3="44,13,102,128,27,97,113,2,4,69,0,123,24"/><U47/><E72/><V87/><F119/><W20/><G113/><T54/><D37/><U85/><E104/><V121/><F107/><W84/><G69/><T114/><D117/><U23/><E71/><V49/><F73/><W101/><G123/><T66/><D77/><U40/><E129/><V16/><F121/><W60/><G128/><T26/><D122/><U127/><E127/><V50/><F38/><W100/><G60/><T124/><D92/><U89/><E133/><V135/><F135/><W86/><G97/><T39/><D39/><U42/><E63/><V120/><F111/><W17/><G2/><T76/><D76/><U10/><E99/><V55/><F120/><W83/><G0/><T3/><D3/><U91/><E79/><V126/><F126/><N who="0" m="48746" /><D66/><U131/><REACH who="1" step="1"/><E131/><REACH who="1" ten="467,109,118,296" step="2"/><V32/><F32/><W65/><G86/><AGARI ba="0,1" hai="8,10,22,23,40,42,46,47,48,51,85,86,89,91" machi="86" ten="25,12000,1" yaku="1,1,2,1,22,2,8,1,53,0" doraHai="9" doraHaiUra="93" who="1" fromWho="3" sc="467,0,109,130,118,0,296,-120" /><INIT seed="1,1,0,5,2,93" ten="467,239,118,176" oya="1" hai0="47,108,54,128,55,34,1,9,67,130,4,53,126" hai1="56,7,39,75,11,48,71,64,29,107,124,111,104" hai2="88,105,68,65,82,134,20,120,89,2,59,58,80" hai3="76,44,113,32,77,70,25,63,66,115,6,86,131"/><U127/><E111/><V122/><F105/><W49/><G131/><N who="0" m="50219" /><D34/><U23/><E39/><V61/><F2/><W109/><G109/><T114/><D114/><U97/><E75/><V79/><F134/><W36/><G36/><T90/><D108/><U118/><E118/><V106/><F106/><W38/><G38/><T52/><D67/><U121/><E121/><V94/><F68/><W5/><G115/><T116/><D116/><U13/><E71/><V84/><F59/><W85/><G85/><T91/><D126/><N who="1" m="48171" /><E97/><V110/><F110/><W99/><G113/><T87/><D87/><U33/><E33/><V119/><F119/><W22/><G32/><T10/><D10/><U12/><E48/><AGARI ba="1,0" hai="1,4,9,47,48,52,53,54,55,90,91" m="50219" machi="48" ten="30,2000,0" yaku="19,1,54,1" doraHai="93" who="0" fromWho="1" sc="467,23,239,-23,118,0,176,0" /><INIT seed="2,0,0,0,4,68" ten="490,216,118,176" oya="2" hai0="118,112,11,97,24,113,9,76,35,23,86,49,81" hai1="53,80,41,64,88,36,2,101,20,130,98,133,127" hai2="122,82,58,14,124,30,46,120,73,132,109,48,106" hai3="95,108,28,83,31,75,19,121,72,89,129,123,63"/><V18/><F106/><W103/><G108/><T104/><D35/><U13/><E2/><V25/><F109/><W93/><G129/><T66/><D66/><U67/><E130/><V87/><F73/><W71/><G19/><T44/><D118/><U117/><E117/><V16/><F124/><W135/><G135/><T45/><D45/><U107/><E127/><V69/><F69/><W22/><G22/><T91/><D104/><U92/><E133/><V3/><F3/><W47/><G47/><T131/><D131/><U7/><E36/><V128/><F128/><W54/><G71/><T52/><D113/><U42/><E53/><V96/><F132/><W39/><G54/><T74/><D112/><U126/><E126/><V33/><F58/><W51/><G51/><T70/><D70/><U12/><E107/><V4/><F96/><W38/><G89/><T90/><D74/><U115/><E115/><V15/><F4/><W55/><G55/><T59/><D44/><U26/><E80/><V65/><F65/><N who="1" m="25161" /><E101/><V8/><F48/><W78/><G83/><T125/><D125/><U1/><E1/><V32/><F46/><W40/><G103/><T94/><D91/><U27/><E27/><V100/><F100/><W84/><G84/><T60/><D49/><U61/><E61/><V57/><F57/><W102/><G102/><T5/><D5/><U119/><E119/><V77/><REACH who="2" step="1"/><F33/><REACH who="2" ten="490,216,108,176" step="2"/><W6/><G6/><T17/><AGARI ba="0,1" hai="9,11,17,23,24,52,59,60,76,81,86,90,94,97" machi="17" ten="20,12000,2" yaku="0,1,7,1,25,2,8,1,54,1" doraHai="68" who="0" fromWho="0" sc="490,130,216,-30,108,-60,176,-30" /><INIT seed="3,0,0,4,3,41" ten="620,186,48,146" oya="3" hai0="33,99,81,101,115,87,7,51,61,134,104,106,69" hai1="73,37,125,19,91,38,24,97,30,49,95,44,107" hai2="105,22,131,89,23,60,90,42,84,77,93,66,132" hai3="35,80,78,17,129,126,102,36,111,67,120,113,4"/><W50/><G113/><T88/><D33/><U110/><E73/><V119/><F131/><W34/><G120/><T26/><D26/><U127/><E110/><V52/><F132/><W103/><G36/><T100/><D7/><U54/><E19/><V108/><F108/><W21/><G129/><T9/><D9/><U63/><E63/><V40/><F105/><W46/><G111/><T13/><D13/><U122/><E122/><V123/><F119/><W70/><G126/><N who="1" m="48138" /><E107/><V29/><F77/><W57/><G70/><T14/><D51/><U28/><E30/><V32/><F32/><AGARI ba="0,0" hai="24,28,32,37,38,44,49,54,91,95,97" m="48138" machi="32" ten="30,2000,0" yaku="18,1,52,1" doraHai="41" who="1" fromWho="2" sc="620,0,186,20,48,-20,146,0" owari="620,71.0,206,1.0,28,-47.0,146,-25.0" /></mjloggm>