<mjloggm ver="2.3"><GO type="41" lobby="0"/><UN n0="%E3%83%84%E3%83%8A%E3%81%95%E3%82%93%E6%80%92" n1="%E3%83%95%E3%82%A7%E3%83%AB%E3%83%A1%E3%83%BC%E3%83%AB" n2="%61%72%61%7A%61%77%61" n3="%E5%B0%B1%E6%B4%BB%E7%94%9F%40%E5%B7%9D%E6%9D%91%E8%BB%8D%E5%9B%A3" dan="13,14,14,18" rate="1856.13,1962.10,1893.99,2222.78" sx="M,M,M,M"/><TAIKYOKU oya="0"/><INIT seed="0,0,0,2,4,63" ten="250,250,250,250" oya="0" hai0="45,6,125,98,129,46,34,29,21,61,118,33,106" hai1="19,115,28,94,105,89,37,103,80,3,95,96,22" hai2="102,74,40,110,76,128,90,17,50,18,86,55,93" hai3="73,108,12,126,84,100,9,8,121,132,23,101,123"/><T31/><D118/><U16/><E37/><V58/><F110/><W47/><G73/><T51/><D129/><U25/><E3/><V4/><F128/><W119/><G119/><T99/><D125/><U107/><E115/><V52/><F4/><W72/><G72/><T30/><D6/><U82/><E107/><V65/><F55/><W77/><G108/><T67/><D21/><U91/><E82/><V114/><F114/><W112/><G132/><T53/><D45/><U56/><E80/><V81/><F102/><W0/><G0/><T10/><D10/><U26/><E56/><V13/><F13/><W36/><G77/><T122/><D122/><U1/><E1/><V79/><F79/><W43/><G84/><T24/><D24/><U131/><E131/><V60/><REACH who="2" step="1"/><F40/><REACH who="2" ten="250,250,240,250" step="2"/><W109/><G109/><T130/><D130/><U68/><E26/><V48/><F48/><W92/><G112/><T85/><D106/><U70/><E19/><V49/><F49/><W14/><G36/><T88/><D33/><U104/><E28/><V54/><F54/><W124/><G43/><T75/><D34/><U7/><E7/><V66/><F66/><W57/><G121/><T111/><D111/><U44/><E104/><V5/><F5/><W11/><G123/><T2/><D2/><U20/><E20/><V133/><F133/><W83/><G23/><T135/><D135/><U113/><E113/><V59/><AGARI ba="0,1" hai="17,18,50,52,58,59,60,65,74,76,81,86,90,93" machi="59" ten="20,8000,1" yaku="1,1,0,1,7,1,52,1,54,1,53,0" doraHai="63" doraHaiUra="64" who="2" fromWho="2" sc="250,-40,250,-20,240,90,250,-20" /><INIT seed="1,0,0,4,5,49" ten="210,230,330,230" oya="1" hai0="115,99,133,74,25,50,129,3,5,134,122,90,67" hai1="132,87,81,77,76,52,116,20,101,70,135,22,14" hai2="53,123,112,18,125,47,117,63,61,120,21,102,60" hai3="4,118,43,72,8,66,113,96,92,16,59,10,83"/><U93/><E70/><V55/><F117/><W75/><G113/><T89/><D115/><U65/><E65/><V41/><F112/><W9/><G43/><T127/><D67/><U6/><E116/><V121/><F102/><W17/><G4/><T84/><D25/><U86/><E101/><V23/><F125/><W109/><G109/><T54/><D74/><U71/><E71/><V64/><F64/><W131/><G131/><T29/><D29/><U48/><E6/><V37/><REACH who="2" step="1"/><F18/><REACH who="2" ten="210,230,320,230" step="2"/><W95/><G17/><T58/><D127/><U126/><E126/><V73/><F73/><W78/><G16/><T30/><D122/><U68/><E68/><V111/><F111/><W27/><G75/><T15/><D129/><U11/><E132/><V104/><F104/><W44/><G72/><T34/><D30/><U94/><E135/><V40/><F40/><W26/><G66/><T105/><D105/><U130/><E130/><V56/><F56/><W7/><G59/><T85/><D34/><U46/><E11/><V1/><F1/><W38/><G7/><T33/><D33/><U0/><E0/><V79/><F79/><W97/><G10/><T124/><D3/><U82/><E14/><V45/><F45/><W107/><G44/><T80/><D124/><U13/><E13/><V100/><F100/><W51/><G107/><T128/><D15/><U36/><E36/><V32/><F32/><W88/><G38/><T57/><D128/><U42/><E42/><V108/><F108/><W106/><G106/><T19/><D134/><U69/><E69/><V114/><F114/><RYUUKYOKU ba="0,1" sc="210,-15,230,15,320,15,230,-15" hai1="20,22,46,48,52,76,77,81,82,86,87,93,94" hai2="21,23,37,41,47,53,55,60,61,63,120,121,123" /><INIT seed="1,1,1,0,5,53" ten="195,245,335,215" oya="1" hai0="111,55,73,75,106,135,76,104,74,22,64,100,0" hai1="79,122,124,20,54,70,128,71,32,17,16,35,10" hai2="133,12,102,29,109,5,66,61,2,116,101,117,30" hai3="13,3,56,108,9,21,130,25,46,18,24,83,103"/><U38/><E122/><V80/><F2/><W114/><G114/><T52/><D111/><U95/><E38/><V134/><F80/><W57/><G130/><T120/><D135/><N who="2" m="51722" /><F12/><N who="3" m="9415" /><G3/><T112/><D112/><U63/><E128/><V31/><F5/><N who="3" m="3247" /><G108/><T28/><D120/><U8/><E79/><V39/><F39/><W96/><G46/><T1/><D76/><U42/><E42/><V58/><F109/><W85/><G96/><T126/><D64/><U91/><E124/><V87/><F87/><W27/><G103/><AGARI ba="1,1" hai="29,30,31,58,61,66,101,102,103,116,117" m="51722" machi="103" ten="30,2000,0" yaku="20,1,52,1" doraHai="53" who="2" fromWho="3" sc="195,0,245,0,335,33,215,-23" /><INIT seed="2,0,0,1,2,93" ten="195,245,368,192" oya="2" hai0="13,110,15,33,78,49,120,34,7,53,111,125,107" hai1="117,122,76,82,55,29,71,22,23,66,18,60,54" hai2="70,42,39,6,90,94,59,36,118,103,12,3,47" hai3="67,27,79,95,35,56,30,96,14,19,134,132,129"/><V89/><F118/><W65/><G79/><T11/><D107/><U104/><E117/><V112/><F70/><W50/><G129/><T16/><D120/><U38/><E38/><V61/><F112/><W62/><G50/><T20/><D78/><U123/><E29/><V57/><F3/><W100/><REACH who="3" step="1"/><G65/><REACH who="3" ten="195,245,368,182" step="2"/><T68/><D49/><U44/><E44/><V106/><F36/><W115/><G115/><T135/><D53/><U121/><E104/><V0/><F106/><W87/><G87/><T32/><D68/><U105/><E105/><V58/><F61/><W92/><G92/><T124/><REACH who="0" step="1"/><D135/><REACH who="0" ten="185,245,368,182" step="2"/><U83/><E76/><V99/><F39/><W26/><G26/><T31/><D31/><U101/><E54/><V4/><F42/><W98/><G98/><T69/><D69/><U43/><E55/><V114/><F99/><W102/><G102/><T52/><D52/><U77/><E43/><V126/><F103/><W113/><G113/><T130/><D130/><U46/><E101/><V5/><F114/><W81/><G81/><N who="1" m="30730" /><E77/><V9/><F126/><AGARI ba="0,2" hai="7,11,13,15,16,20,32,33,34,110,111,124,125,126" machi="126" ten="50,12000,2" yaku="1,1,18,1,34,3,54,1,53,0" doraHai="93" doraHaiUra="63" who="0" fromWho="2" sc="185,140,245,0,368,-120,182,0" /><INIT seed="3,0,0,2,0,8" ten="325,245,248,182" oya="3" hai0="6,2,28,129,115,133,127,60,33,88,44,24,67" hai1="43,76,66,51,107,104,75,109,1,41,22,42,105" hai2="55,134,81,117,135,100,80,64,97,9,83,68,27" hai3="62,116,59,111,89,38,32,93,11,25,96,94,120"/><W7/><G116/><T50/><D127/><U130/><E1/><V92/><F117/><W12/><G120/><T132/><D2/><U53/><E109/><V31/><F55/><W122/><G122/><T21/><D6/><U39/><E39/><V82/><F9/><W23/><G111/><T114/><D33/><U14/><E66/><V65/><F68/><W123/><G123/><T57/><D129/><U70/><E70/><V110/><F110/><W56/><G38/><T112/><REACH who="0" step="1"/><D88/><REACH who="0" ten="315,245,248,182" step="2"/><U36/><E130/><V84/><F84/><W49/><G32/><T119/><D119/><U34/><E34/><V47/><F83/><W78/><G78/><T128/><D128/><U77/><E36/><V106/><F82/><W90/><G49/><T69/><D69/><U126/><E126/><V103/><F81/><W72/><G62/><T71/><D71/><U131/><E131/><V99/><F80/><W10/><G72/><T74/><D74/><U121/><E121/><V5/><F5/><W17/><REACH who="3" step="1"/><G10/><REACH who="3" ten="315,245,248,172" step="2"/><T46/><D46/><N who="1" m="27895" /><E75/><V30/><F47/><W61/><G61/><T20/><D20/><U108/><E108/><V91/><F91/><W79/><G79/><T95/><D95/><U86/><E76/><V3/><F92/><W26/><G26/><T125/><D125/><U16/><E77/><V40/><F27/><W48/><G48/><T18/><D18/><U54/><E104/><V73/><F106/><W124/><G124/><T35/><D35/><U13/><E105/><V63/><F63/><W45/><G45/><T37/><D37/><U29/><E107/><RYUUKYOKU ba="0,2" sc="315,15,245,-15,248,-15,172,15" hai0="21,24,28,44,50,57,60,67,112,114,115,132,133" hai3="7,11,12,17,23,25,56,59,89,90,93,94,96" /><INIT seed="3,1,2,2,4,25" ten="330,230,233,187" oya="3" hai0="135,47,76,65,92,41,126,9,100,3,36,46,4" hai1="6,90,23,78,2,45,22,99,73,96,17,105,116" hai2="112,19,38,62,127,31,51,72,68,43,57,117,89" hai3="26,59,64,91,34,61,55,13,103,133,86,1,16"/><W70/><G1/><T58/><D126/><U24/><E116/><V30/><F117/><W134/><G103/><T121/><D135/><N who="3" m="51721" /><G34/><T120/><D47/><U95/><E105/><V33/><F112/><W44/><G26/><T124/><D124/><U110/><E110/><V111/><F127/><W8/><G44/><T104/><D92/><U56/><E45/><V27/><F72/><W82/><G55/><T14/><D14/><U128/><E128/><V115/><F115/><W18/><G18/><T10/><D9/><U84/><E56/><AGARI ba="1,2" hai="8,13,16,56,59,61,64,70,82,86,91" m="51721" machi="56" ten="30,2900,0" yaku="20,1,54,1" doraHai="25" who="3" fromWho="1" sc="330,0,230,-32,233,0,187,52" /><INIT seed="3,2,0,0,3,51" ten="330,198,233,239" oya="3" hai0="70,22,57,126,89,84,4,114,73,39,115,31,75" hai1="61,26,122,40,6,16,69,65,107,49,17,132,118" hai2="35,86,82,27,135,124,133,66,96,23,101,127,43" hai3="42,83,104,88,103,10,102,130,5,108,29,36,56"/><W125/><G104/><T2/><D70/><U14/><E122/><V112/><F35/><W21/><G36/><T54/><D39/><U129/><E107/><V76/><F43/><W128/><G42/><T123/><D123/><U28/><E118/><V24/><F66/><W34/><G34/><T99/><D99/><U8/><E129/><V55/><F112/><N who="0" m="43050" /><D126/><U109/><E109/><V37/><F37/><W85/><G125/><N who="2" m="48201" /><F55/><W116/><G116/><T94/><D4/><U18/><E132/><N who="2" m="50763" /><F23/><W38/><G38/><T80/><D2/><U11/><E40/><V12/><F12/><W110/><G21/><T121/><D121/><U113/><E49/><V60/><F60/><W50/><G29/><T19/><D80/><U134/><E113/><V92/><AGARI ba="2,0" hai="24,27,76,82,86,92,96,101" m="50763,48201" machi="92" ten="30,2000,0" yaku="18,1,20,1" doraHai="51" who="2" fromWho="2" sc="330,-7,198,-7,233,26,239,-12" /><INIT seed="4,0,0,2,2,15" ten="323,191,259,227" oya="0" hai0="63,24,8,79,134,110,106,48,20,85,71,90,128" hai1="87,52,82,100,39,130,32,37,3,21,27,53,10" hai2="57,28,84,40,109,117,23,16,118,111,69,121,45" hai3="94,35,77,96,78,135,72,67,80,61,65,126,74"/><T103/><D134/><U43/><E130/><V76/><F69/><W59/><G35/><T95/><D128/><U26/><E100/><V7/><F121/><W116/><G116/><N who="2" m="44649" /><F7/><W104/><G104/><T108/><D8/><U73/><E32/><V92/><F28/><W31/><G31/><T131/><D131/><U62/><E27/><N who="2" m="14823" /><F57/><W55/><G126/><T132/><D132/><U18/><E73/><V9/><F9/><W70/><G70/><T66/><D48/><U41/><E37/><N who="2" m="21647" /><F92/><W91/><G135/><T17/><D79/><U33/><E33/><V47/><F47/><W122/><G122/><T60/><D60/><U44/><E41/><V102/><F102/><W1/><G1/><T30/><D30/><U42/><E42/><V6/><F6/><W125/><G125/><T112/><D112/><U49/><E62/><V98/><F98/><W133/><G133/><T13/><D103/><U120/><E39/><V129/><F129/><W75/><G75/><T46/><D46/><U0/><E120/><V123/><F123/><W89/><G89/><T115/><D115/><U29/><E0/><V93/><F93/><W5/><G5/><T14/><REACH who="0" step="1"/><D106/><REACH who="0" ten="313,191,259,227" step="2"/><U2/><E3/><V86/><F76/><W38/><G38/><T83/><D83/><AGARI ba="0,1" hai="55,59,61,65,67,72,74,77,78,80,83,91,94,96" machi="83" ten="40,1300,0" yaku="9,1" doraHai="15" who="3" fromWho="0" sc="313,-13,191,0,259,0,227,23" /><INIT seed="5,0,0,5,4,101" ten="300,191,259,250" oya="1" hai0="134,102,22,58,132,21,13,73,45,1,16,118,124" hai1="29,42,125,12,120,9,87,104,72,57,54,64,31" hai2="39,62,24,10,34,68,63,46,90,38,91,121,110" hai3="111,76,27,33,82,84,35,2,56,37,51,122,89"/><U92/><E120/><V97/><F121/><W88/><G37/><T67/><D1/><U115/><E72/><V50/><F10/><W94/><G122/><T107/><D118/><U103/><E64/><V74/><F74/><W71/><G71/><T65/><D73/><U25/><E42/><V0/><F0/><W3/><G111/><T47/><D124/><U75/><E75/><V14/><F110/><W19/><G35/><T77/><D77/><U105/><E125/><V128/><F14/><W79/><G3/><T106/><D102/><U100/><E100/><V86/><F128/><W80/><G2/><T43/><D22/><U81/><E92/><V85/><F97/><W126/><G126/><T112/><D47/><U23/><E31/><V30/><F38/><W127/><G127/><T8/><D8/><U123/><E103/><V99/><F99/><W116/><G33/><T20/><D21/><U44/><E123/><V119/><F39/><W135/><G135/><N who="0" m="51755" /><D112/><U93/><E93/><V48/><F119/><W36/><G36/><N who="0" m="21735" /><D65/><U117/><E117/><V113/><F113/><W5/><G116/><T95/><D95/><U40/><E40/><V96/><F96/><W26/><G94/><T49/><D49/><N who="1" m="28967" /><E57/><V98/><F98/><W6/><G84/><T4/><D4/><N who="1" m="3111" /><E115/><V60/><F46/><W55/><G80/><T114/><D114/><U11/><E11/><V129/><F129/><W61/><G82/><T78/><D78/><U108/><E108/><V70/><F50/><W69/><G51/><T59/><D58/><U66/><E66/><V28/><F48/><RYUUKYOKU ba="0,0" sc="300,15,191,15,259,-15,250,-15" hai0="13,16,20,59,67,106,107" hai1="23,25,29,81,87,104,105" /><INIT seed="5,1,0,2,1,36" ten="315,206,244,235" oya="1" hai0="57,22,85,13,125,62,42,135,88,72,31,48,110" hai1="63,127,56,60,9,112,94,15,116,117,5,49,121" hai2="74,92,54,21,67,126,68,70,123,101,105,98,43" hai3="11,50,118,23,16,131,124,83,28,1,65,129,79"/><U113/><E121/><V89/><F123/><W55/><G124/><T40/><D72/><U19/><E127/><V130/><F126/><W26/><G65/><T27/><D110/><U29/><E29/><V53/><F74/><W115/><G118/><T80/><D125/><U91/><E5/><V134/><F130/><N who="3" m="49675" /><G115/><N who="1" m="44106" /><E49/><V71/><F134/><W69/><G69/><T4/><D48/><U45/><E45/><V35/><F35/><W132/><G132/><T46/><D46/><U25/><E25/><V75/><F75/><N who="3" m="43519" /><G11/><N who="0" m="4327" /><D135/><U73/><E73/><V37/><F21/><W103/><G103/><T93/><D80/><U86/><E63/><V51/><F37/><W44/><G1/><T33/><D33/><U99/><E99/><V18/><F18/><AGARI ba="1,0" hai="16,18,23,26,28,44,50,55" m="43519,49675" machi="18" ten="30,2000,0" yaku="19,1,54,1" doraHai="36" who="3" fromWho="2" sc="315,0,206,0,244,-23,235,23" /><INIT seed="6,0,0,2,0,20" ten="315,206,221,258" oya="2" hai0="115,21,108,120,81,15,2,99,56,47,117,98,128" hai1="71,132,135,107,76,58,35,11,16,51,77,0,1" hai2="95,126,43,79,134,133,41,18,92,38,109,13,65" hai3="7,118,100,123,40,10,72,12,34,73,48,4,19"/><V104/><F104/><W121/><G34/><T6/><D56/><U116/><E71/><V129/><F65/><W111/><G111/><T36/><D47/><U110/><E107/><V103/><F79/><W75/><G118/><T114/><D21/><U70/><E70/><V32/><F109/><W55/><G40/><T113/><D15/><N who="1" m="7295" /><E110/><V54/><F32/><W87/><G100/><T93/><D6/><U8/><E116/><V37/><F54/><W45/><REACH who="3" step="1"/><G87/><REACH who="3" ten="315,206,221,248" step="2"/><T97/><D108/><U78/><E35/><V31/><F103/><W84/><G84/><T85/><D117/><U39/><E135/><V69/><F43/><W61/><G61/><T83/><D85/><U62/><E62/><V63/><F41/><W23/><G23/><T5/><D115/><U131/><E132/><V42/><F63/><W82/><G82/><T91/><D81/><U119/><E119/><V122/><F42/><W46/><G46/><T67/><D83/><U90/><E39/><V50/><F38/><W102/><G102/><T89/><D113/><U30/><E51/><V60/><F37/><W127/><G127/><T59/><D114/><U52/><E8/><V130/><F50/><W25/><G25/><T49/><D49/><U14/><E90/><V106/><F60/><W26/><G26/><T125/><D91/><U86/><E86/><V53/><F134/><W24/><G24/><T74/><D89/><U29/><E76/><V68/><F133/><W28/><G28/><T9/><D125/><U17/><E77/><V80/><F31/><W44/><G44/><T96/><D36/><RYUUKYOKU ba="0,1" sc="315,-10,206,-10,221,-10,248,30" hai3="4,7,10,12,19,45,48,55,72,73,75,121,123" /><INIT seed="7,1,1,2,2,29" ten="305,196,211,278" oya="3" hai0="42,80,129,98,106,59,24,21,89,120,132,33,47" hai1="4,76,26,40,64,11,5,1,77,63,51,116,0" hai2="126,54,130,131,115,92,127,27,2,28,68,36,52" hai3="32,12,10,67,35,9,62,16,133,74,43,6,109"/><W14/><G74/><T104/><D120/><U56/><E116/><V105/><F2/><W87/><G109/><T103/><D129/><N who="2" m="49162" /><F36/><W121/><G121/><T97/><D33/><U107/><E107/><V135/><F68/><W38/><G133/><T84/><D132/><U50/><E26/><V15/><F105/><W53/><G53/><N who="2" m="20585" /><F135/><W134/><G134/><T94/><D59/><U25/><E25/><V73/><F73/><W101/><G101/><T49/><D98/><U123/><E123/><V102/><F15/><W111/><G111/><T17/><AGARI ba="1,1" hai="17,21,24,42,47,49,80,84,89,94,97,103,104,106" machi="17" ten="20,1500,0" yaku="0,1,7,1" doraHai="29" who="0" fromWho="0" sc="305,28,196,-5,211,-5,278,-8" owari="333,43.0,191,-31.0,206,-19.0,270,7.0" /></mjloggm>