<mjloggm ver="2.3"><GO type="169" lobby="0"/><UN n0="%E3%83%AD%E3%83%83%E3%83%86%E9%9B%80%E7%90%83" n1="%4B%55%5A%55" n2="%E3%82%A6%E3%83%AB%E3%83%88%E3%83%A9%E7%AB%8B%E7%9B%B4" n3="%E7%8E%A9%E5%80%8B%4A%42" dan="16,16,18,17" rate="2118.59,2127.44,2225.25,2118.47" sx="M,M,M,M"/><TAIKYOKU oya="0"/><INIT seed="0,0,0,4,5,128" ten="250,250,250,250" oya="0" hai0="120,80,49,8,84,74,101,89,48,7,63,134,36" hai1="32,132,107,76,133,135,40,6,108,105,29,94,87" hai2="106,96,71,110,1,85,15,2,69,4,72,95,23" hai3="125,44,35,38,116,14,131,19,30,11,66,33,100"/><T68/><D36/><U58/><E108/><V42/><F72/><W99/><G116/><T22/><D120/><U24/><E40/><V114/><F114/><W53/><G131/><T102/><D74/><U126/><E126/><V13/><F85/><W104/><G66/><T31/><D68/><U20/><E6/><V93/><F23/><W25/><G125/><T97/><D63/><U0/><E0/><V127/><F96/><W18/><G18/><T37/><D37/><U57/><E32/><V73/><F73/><W46/><G38/><T113/><D113/><U103/><E103/><V118/><F106/><N who="1" m="40457" /><E94/><V75/><F42/><W26/><REACH who="3" step="1"/><G53/><REACH who="3" ten="250,250,250,240" step="2"/><T65/><D65/><U67/><E67/><V91/><F127/><W43/><G43/><T122/><D122/><U34/><E34/><V112/><F118/><W98/><G98/><T119/><D97/><U82/><AGARI ba="0,1" hai="20,24,29,57,58,76,82,87,132,133,135" m="40457" machi="82" ten="40,8000,1" yaku="20,1,52,3" doraHai="128" who="1" fromWho="1" sc="250,-40,250,90,250,-20,240,-20" /><INIT seed="1,0,0,2,5,68" ten="210,340,230,220" oya="1" hai0="48,64,110,86,120,33,17,126,0,78,122,87,53" hai1="59,39,97,75,55,119,130,50,42,5,28,73,112" hai2="24,123,63,127,133,37,134,35,21,2,129,115,83" hai3="76,31,43,62,45,25,93,101,38,98,80,19,91"/><U135/><E119/><V16/><F2/><W70/><G19/><T3/><D110/><U9/><E112/><V10/><F123/><N who="0" m="47146" /><D126/><U13/><E135/><N who="2" m="51723" /><F127/><W66/><G91/><T95/><D33/><U58/><E130/><V92/><F129/><W52/><G52/><T71/><D95/><U131/><E131/><V69/><F10/><W85/><G25/><T94/><D94/><U14/><E28/><V49/><F49/><W47/><G47/><T90/><D90/><U116/><E116/><V81/><F92/><W121/><G121/><T96/><D96/><U114/><E114/><V30/><F115/><W36/><REACH who="3" step="1"/><G31/><REACH who="3" ten="210,340,230,210" step="2"/><T46/><D17/><U7/><E55/><V88/><F88/><W27/><G27/><T4/><D53/><U32/><E42/><V11/><F83/><W6/><G6/><T111/><D4/><U104/><E7/><V113/><F81/><W61/><G61/><T77/><D46/><U82/><E5/><V67/><F113/><W132/><G132/><T44/><D44/><U100/><E58/><V106/><F11/><W41/><G41/><T117/><D117/><U54/><E9/><V89/><F89/><W79/><G79/><T34/><D78/><U109/><E54/><V84/><F84/><W60/><G60/><T29/><D87/><U74/><E59/><V40/><F106/><W72/><G72/><T118/><D86/><U20/><E75/><V103/><F103/><W125/><G125/><T128/><D77/><U102/><E74/><V18/><F21/><W23/><G23/><T15/><D128/><U124/><E20/><RYUUKYOKU ba="0,1" sc="210,-15,340,-15,230,15,210,15" hai2="16,18,24,30,35,37,40,63,67,69" hai3="36,38,43,45,62,66,70,76,80,85,93,98,101" /><INIT seed="2,1,1,1,4,25" ten="195,325,245,225" oya="2" hai0="121,26,102,135,11,74,18,111,30,103,110,70,65" hai1="131,43,1,117,39,14,4,56,64,95,41,29,80" hai2="59,40,0,84,134,122,107,125,129,108,16,86,28" hai3="10,38,20,115,54,90,3,49,71,77,61,118,62"/><V76/><F0/><W27/><G118/><T119/><D121/><U92/><E117/><V72/><F122/><W89/><G38/><T78/><D119/><U87/><E1/><V83/><F107/><W24/><G24/><T44/><D135/><U6/><E29/><V37/><F134/><W2/><G77/><T109/><D44/><U105/><E105/><V97/><F125/><W13/><G3/><T114/><D114/><U91/><E131/><V130/><F97/><W120/><G2/><T17/><D65/><U19/><E92/><V52/><F28/><N who="3" m="17511" /><G71/><T73/><D70/><U99/><E39/><V132/><F132/><W96/><G115/><T55/><D55/><U133/><E133/><V113/><F113/><W15/><G15/><N who="0" m="7423" /><D18/><U106/><E106/><V36/><F16/><N who="3" m="8247" /><G120/><T60/><D60/><N who="3" m="23145" /><G96/><T32/><D78/><U46/><E99/><V82/><F108/><W50/><G50/><T22/><D32/><U34/><E34/><V93/><F37/><W101/><G101/><AGARI ba="1,1" hai="22,26,30,73,74,101,102,103,109,110,111" m="7423" machi="101" ten="30,2000,0" yaku="14,1,52,1" doraHai="25" who="0" fromWho="3" sc="195,33,325,0,245,0,225,-23" /><INIT seed="3,0,0,2,5,50" ten="228,325,245,202" oya="3" hai0="65,4,120,36,75,33,83,71,70,3,92,26,69" hai1="5,118,90,125,35,52,94,11,87,89,60,51,135" hai2="95,110,17,40,105,84,129,38,53,128,49,27,102" hai3="61,13,59,57,119,82,37,104,67,39,0,34,14"/><W131/><G119/><T88/><D120/><U23/><E118/><V25/><F105/><W46/><G104/><T113/><D36/><U10/><E35/><V115/><F115/><W98/><G34/><T72/><D113/><U54/><E125/><V74/><F74/><W80/><G0/><T81/><D65/><U12/><E135/><V93/><F40/><W63/><G98/><T2/><D75/><U86/><E23/><V116/><F38/><W101/><G101/><T132/><D132/><U55/><E11/><V96/><F116/><W66/><REACH who="3" step="1"/><G46/><REACH who="3" ten="228,325,245,192" step="2"/><T77/><D2/><U68/><E68/><V44/><F96/><W62/><G62/><T9/><D70/><U19/><E60/><V106/><F102/><W18/><G18/><T45/><D45/><N who="1" m="28143" /><E19/><V109/><F106/><W20/><G20/><T41/><D71/><U28/><E28/><V97/><F97/><W30/><G30/><T43/><D69/><U1/><E1/><V8/><F17/><W108/><G108/><T21/><D33/><U99/><E99/><V56/><F44/><W42/><G42/><T107/><D107/><U103/><E103/><V127/><F110/><W134/><G134/><T126/><D43/><U48/><E48/><V64/><F109/><W85/><G85/><N who="0" m="50239" /><D41/><U24/><E87/><V122/><F84/><W117/><G117/><T47/><D47/><U78/><E86/><V114/><F114/><W124/><G124/><T91/><D126/><U22/><E22/><V29/><F127/><W15/><G15/><T58/><D21/><U32/><E12/><V31/><F31/><RYUUKYOKU ba="0,1" sc="228,-10,325,-10,245,-10,192,30" hai3="13,14,37,39,57,59,61,63,66,67,80,82,131" /><INIT seed="3,1,1,1,5,31" ten="218,315,235,222" oya="3" hai0="57,36,121,4,61,110,30,38,112,69,72,21,73" hai1="93,82,20,8,96,102,92,7,108,103,126,80,83" hai2="81,88,129,130,51,100,95,34,63,74,44,56,5" hai3="67,77,116,37,70,60,99,6,105,115,59,86,107"/><W16/><G116/><T14/><D110/><U134/><E108/><V41/><F5/><W17/><G37/><T29/><D69/><U54/><E126/><V47/><F47/><W106/><G115/><T62/><D121/><U3/><E134/><V23/><F23/><W32/><G6/><T94/><D112/><U42/><E42/><V25/><F100/><W33/><G99/><T132/><D132/><U117/><E117/><V43/><F43/><W45/><G45/><T10/><D62/><U68/><E68/><V71/><F71/><W111/><G70/><T113/><D113/><U101/><E96/><V15/><F15/><W123/><G123/><T27/><D30/><U49/><REACH who="1" step="1"/><E20/><REACH who="1" ten="218,305,235,222" step="2"/><V98/><F41/><W133/><G133/><T55/><D36/><U128/><E128/><V78/><F130/><W124/><G124/><T35/><D38/><U79/><E79/><V40/><F129/><W11/><G111/><T46/><D21/><U119/><E119/><V65/><REACH who="2" step="1"/><F25/><REACH who="2" ten="218,305,225,222" step="2"/><W66/><G11/><T97/><REACH who="0" step="1"/><D46/><AGARI ba="1,3" hai="3,7,8,46,49,54,80,82,83,92,93,101,102,103" machi="46" ten="40,1300,0" yaku="1,1,53,0" doraHai="31" doraHaiUra="24" who="1" fromWho="0" sc="218,-16,305,46,225,0,222,0" /><INIT seed="4,0,0,2,5,5" ten="202,351,225,222" oya="0" hai0="82,112,64,33,101,135,99,15,62,126,122,61,76" hai1="37,63,110,130,39,94,65,38,52,49,66,34,56" hai2="119,31,23,91,100,80,25,41,74,90,87,81,127" hai3="12,60,133,120,44,113,73,104,40,83,102,89,8"/><T121/><D112/><U59/><E34/><V21/><F127/><W43/><G113/><T79/><D126/><U46/><E94/><V116/><F100/><W131/><G131/><T97/><D135/><U125/><E125/><V19/><F41/><W11/><G133/><T26/><D15/><U84/><E84/><V75/><F91/><W47/><G12/><T50/><D50/><U54/><E130/><V92/><F80/><W72/><G60/><T18/><D18/><U45/><E110/><V85/><F85/><W105/><G89/><T93/><D99/><U55/><E46/><V129/><F129/><W7/><G7/><T68/><D62/><AGARI ba="0,0" hai="37,38,39,45,49,52,54,55,56,59,62,63,65,66" machi="62" ten="40,16000,3" yaku="9,1,35,6,54,1" doraHai="5" who="1" fromWho="0" sc="202,-160,351,160,225,0,222,0" /><INIT seed="5,0,0,4,4,122" ten="42,511,225,222" oya="1" hai0="110,109,17,58,125,28,63,67,113,131,40,95,48" hai1="112,66,98,45,133,128,103,33,6,21,2,87,0" hai2="38,121,1,60,13,70,30,78,64,76,123,39,24" hai3="114,102,52,82,132,4,27,68,129,83,41,72,130"/><U134/><E33/><V47/><F1/><W55/><G68/><T90/><D113/><U101/><E112/><V127/><F127/><W105/><G114/><T8/><D125/><U25/><E128/><N who="3" m="49258" /><G132/><N who="1" m="50794" /><E66/><V46/><F13/><W65/><G65/><T16/><D131/><U77/><E45/><V26/><F30/><W53/><G72/><T37/><D37/><U12/><E12/><V74/><F64/><W34/><G4/><T10/><D28/><U106/><E101/><V115/><F60/><W19/><G41/><T31/><D31/><N who="1" m="17839" /><E6/><V100/><F100/><W51/><G51/><T23/><D48/><U56/><E56/><V80/><F115/><W62/><G62/><T107/><D40/><U84/><E77/><V20/><F78/><W92/><G34/><T104/><D8/><U11/><E11/><V15/><F76/><W7/><G7/><T118/><D10/><U9/><E9/><V5/><F47/><W117/><G102/><T35/><D35/><U91/><E87/><V81/><F46/><W96/><G96/><T120/><D120/><U69/><E69/><V49/><F70/><W43/><G43/><T32/><D32/><U79/><E79/><V85/><F85/><W54/><G54/><T36/><D36/><U89/><E89/><V22/><F5/><W44/><G55/><T86/><D17/><U108/><E108/><V59/><F123/><W119/><G44/><T126/><D126/><U29/><E29/><V18/><F121/><W73/><G53/><T42/><D42/><U111/><E111/><N who="0" m="42505" /><D118/><U135/><E135/><V71/><F18/><RYUUKYOKU ba="0,0" sc="42,15,511,15,225,-15,222,-15" hai0="16,23,58,63,67,86,90,95,104,107" hai1="0,2,84,91,98,103,106" /><INIT seed="5,1,0,2,4,82" ten="57,526,210,207" oya="1" hai0="111,71,121,58,7,28,54,119,68,24,59,36,39" hai1="110,65,50,106,120,22,27,43,21,38,10,122,49" hai2="99,130,91,123,70,90,132,100,97,112,52,11,118" hai3="63,3,109,134,26,20,66,78,73,86,135,12,76"/><U60/><E106/><V44/><F70/><N who="0" m="26666" /><D24/><U77/><E38/><N who="0" m="14377" /><D28/><U42/><E77/><V127/><F91/><W18/><G3/><T87/><D87/><U93/><E93/><V107/><F90/><W32/><G73/><T113/><D7/><U92/><E92/><V124/><F11/><W48/><G78/><T103/><D103/><U13/><E27/><V9/><F9/><W41/><G26/><T23/><D23/><U75/><E75/><V57/><F99/><W56/><G32/><T85/><D85/><U33/><E33/><V108/><F97/><W1/><G1/><T67/><D111/><U74/><E110/><V117/><F100/><W98/><G98/><T81/><D81/><U62/><E10/><V19/><F107/><W128/><G109/><T131/><D119/><U15/><E74/><V37/><F19/><W45/><G76/><T126/><D113/><U34/><E34/><V16/><F16/><W64/><G86/><T105/><D105/><U116/><E116/><V14/><F108/><W55/><G18/><T83/><D83/><U84/><E84/><V6/><F112/><W29/><G29/><T129/><D126/><U94/><E94/><V79/><F127/><W35/><G35/><T89/><D89/><U53/><E21/><V104/><F124/><W80/><G80/><T72/><D72/><U114/><E22/><V25/><F118/><W133/><G20/><T125/><D125/><U40/><E114/><V30/><F117/><W46/><G12/><T17/><D17/><U69/><E15/><V115/><F14/><W96/><G96/><RYUUKYOKU ba="1,0" sc="57,0,526,0,210,0,207,0" /><INIT seed="6,2,0,3,5,16" ten="57,526,210,207" oya="2" hai0="36,82,46,63,57,47,80,75,6,105,30,28,65" hai1="10,123,89,131,126,76,121,52,107,99,97,1,11" hai2="60,56,9,0,7,41,68,54,101,66,124,31,13" hai3="100,69,67,108,132,25,78,45,20,19,81,61,34"/><V117/><F117/><W114/><G108/><T96/><D6/><U70/><E70/><V87/><F124/><W106/><G34/><T32/><D32/><U77/><E126/><V118/><F118/><W2/><G2/><T48/><D36/><U55/><E131/><V130/><F130/><W83/><G132/><T94/><D105/><U111/><E111/><V88/><F101/><W74/><G83/><T4/><D4/><U39/><E39/><V98/><F41/><W26/><G45/><T125/><D125/><U113/><E89/><V59/><F98/><W18/><G114/><T109/><D109/><U8/><E113/><V15/><F31/><W29/><REACH who="3" step="1"/><G26/><REACH who="3" ten="57,526,210,197" step="2"/><T17/><D47/><U38/><E1/><V53/><F0/><W128/><G128/><T49/><D75/><U72/><E72/><V110/><F110/><W35/><G35/><T127/><D127/><U44/><E121/><V103/><F15/><W43/><G43/><T134/><D134/><U58/><E123/><V5/><F13/><W116/><G116/><T85/><D82/><U22/><E44/><V42/><F42/><W91/><G91/><T62/><D46/><U119/><E119/><V14/><F88/><W133/><G133/><T37/><D37/><U73/><E38/><V33/><F33/><W64/><G64/><T122/><D65/><U112/><E112/><V120/><F66/><W129/><G129/><T3/><D3/><U86/><E73/><V50/><F120/><W21/><G21/><T12/><D122/><U27/><E22/><V115/><F115/><W102/><G102/><RYUUKYOKU ba="2,1" sc="57,-10,526,-10,210,-10,197,30" hai3="18,19,20,25,29,61,67,69,74,78,81,100,106" /><INIT seed="7,3,1,3,0,47" ten="47,516,200,227" oya="3" hai0="95,110,59,99,112,76,5,115,65,101,6,68,93" hai1="33,98,119,117,132,62,13,79,135,94,19,127,2" hai2="83,118,61,11,126,31,34,84,0,121,73,89,82" hai3="97,44,70,81,75,42,45,4,32,52,29,21,41"/><W74/><G70/><T20/><D110/><U90/><E2/><V108/><F108/><W116/><G116/><N who="1" m="44618" /><E127/><V122/><F61/><W130/><G32/><T1/><D68/><U50/><E33/><V55/><F55/><W78/><G75/><T30/><D76/><U56/><E50/><V12/><F0/><W125/><G125/><T129/><D129/><U27/><E27/><N who="2" m="18815" /><F126/><W60/><G4/><T96/><D1/><U106/><E106/><V80/><F73/><W39/><G97/><T131/><D131/><U85/><E98/><V133/><F133/><W37/><G130/><T10/><D10/><N who="1" m="6583" /><E79/><V100/><F100/><W9/><G9/><T48/><D48/><U17/><E17/><N who="2" m="8351" /><F118/><W86/><G74/><T105/><D105/><U113/><E113/><V104/><F104/><W64/><G64/><AGARI ba="3,1" hai="56,62,64,85,90,94,132,135" m="6583,44618" machi="64" ten="30,1000,0" yaku="12,1" doraHai="47" who="1" fromWho="3" sc="47,0,516,29,200,0,227,-19" owari="47,-45.0,545,64.0,200,-20.0,208,1.0" /></mjloggm>