<mjloggm ver="2.3"><GO type="97" lobby="0"/><UN n0="%73%61%6B%75%72%61%43" n1="%E8%8C%A8%E3%81%AE%E5%90%9B" n2="%E5%B0%B1%E6%B4%BB%E7%94%9F%40%E5%B7%9D%E6%9D%91%E8%BB%8D%E5%9B%A3" n3="%E6%9B%B9%E6%93%8D" dan="14,15,17,15" rate="1911.73,1979.64,2223.92,2011.90" sx="M,M,M,M"/><TAIKYOKU oya="0"/><INIT seed="0,0,0,3,2,48" ten="250,250,250,250" oya="0" hai0="7,8,75,16,101,80,125,123,124,92,134,94,32" hai1="13,77,106,20,31,97,128,126,15,72,25,111,86" hai2="105,82,43,87,107,63,66,83,5,11,121,47,95" hai3="29,12,55,68,78,112,100,30,33,1,44,122,89"/><T74/><D123/><U42/><E111/><V65/><F121/><W54/><G122/><T53/><D32/><U14/><E128/><V120/><F95/><W3/><G112/><T4/><D134/><U61/><E72/><V110/><F110/><W131/><G68/><T98/><D94/><U46/><E126/><N who="0" m="48745" /><D80/><U41/><E61/><V133/><F133/><W10/><G131/><T93/><D93/><U51/><E106/><V103/><F103/><W35/><G100/><T114/><D114/><U2/><E2/><V24/><F24/><W36/><G78/><T28/><D28/><U45/><E97/><V108/><F83/><W6/><G89/><T116/><D116/><U79/><REACH who="1" step="1"/><E86/><REACH who="1" ten="250,240,250,250" step="2"/><V132/><F108/><W127/><G127/><T88/><D75/><U58/><E58/><V113/><F113/><W90/><G1/><T109/><D74/><U85/><E85/><V71/><F107/><W38/><G3/><T9/><D109/><U129/><E129/><V17/><F132/><W81/><G44/><T130/><D130/><U59/><E59/><V57/><F47/><W56/><G56/><T62/><D101/><U60/><E60/><V23/><F57/><W70/><G70/><T19/><D8/><U135/><E135/><V0/><F63/><W104/><G104/><T21/><D9/><U91/><E91/><V76/><F120/><W18/><G90/><T102/><D102/><U84/><E84/><V115/><F115/><W39/><G10/><T27/><D19/><U49/><AGARI ba="0,1" hai="13,14,15,20,25,31,41,42,45,46,49,51,77,79" machi="49" ten="30,7900,0" yaku="1,1,0,1,9,1,8,1,53,0" doraHai="48" doraHaiUra="67" who="1" fromWho="1" sc="250,-39,240,89,250,-20,250,-20" /><INIT seed="1,0,0,0,2,55" ten="211,329,230,230" oya="1" hai0="87,2,88,70,98,30,8,95,123,71,131,67,4" hai1="115,40,26,54,45,7,61,25,47,72,36,44,43" hai2="52,129,85,121,96,31,11,76,114,51,84,102,125" hai3="103,3,75,24,19,82,133,46,60,35,53,16,57"/><U104/><E104/><V135/><F121/><W99/><G133/><T48/><D131/><U109/><E72/><V38/><F38/><W73/><G3/><T49/><D123/><U78/><E78/><V126/><F135/><W116/><G116/><T91/><D30/><U94/><E115/><V97/><F31/><W39/><G35/><T81/><D71/><U124/><E7/><V107/><F129/><W80/><G24/><T37/><D37/><U0/><E0/><V127/><F114/><W79/><G39/><T132/><D132/><U23/><E26/><V65/><F65/><W101/><G46/><T69/><D70/><U42/><E124/><V10/><F97/><W32/><G32/><T130/><D130/><U93/><E109/><V66/><F66/><W34/><G34/><T56/><REACH who="0" step="1"/><D69/><REACH who="0" ten="201,329,230,230" step="2"/><U22/><E36/><V134/><F134/><W83/><G75/><T27/><D27/><U63/><E25/><V18/><F18/><N who="3" m="6699" /><G73/><T62/><AGARI ba="0,1" hai="2,4,8,48,49,56,62,67,81,87,88,91,95,98" machi="62" ten="30,7900,0" yaku="1,1,0,1,52,1,54,1,53,0" doraHai="55" doraHaiUra="50" who="0" fromWho="0" sc="201,89,329,-39,230,-20,230,-20" /><INIT seed="2,0,0,2,4,37" ten="290,290,210,210" oya="2" hai0="26,52,12,66,54,74,117,36,113,134,22,119,61" hai1="67,109,72,51,93,95,100,39,2,75,29,116,16" hai2="107,15,5,83,130,89,122,41,24,118,23,60,98" hai3="3,4,80,45,103,108,76,106,78,1,85,55,11"/><V47/><F118/><N who="0" m="45066" /><D74/><U135/><E39/><V31/><F122/><W40/><G108/><T10/><D113/><U73/><E135/><V123/><F123/><W125/><G125/><T68/><D36/><U112/><E2/><V50/><F130/><W77/><G55/><T6/><D134/><U43/><E29/><AGARI ba="0,0" hai="6,10,12,22,26,29,52,54,61,66,68" m="45066" machi="29" ten="30,2000,0" yaku="12,1,54,1" doraHai="37" who="0" fromWho="1" sc="290,20,290,-20,210,0,210,0" /><INIT seed="3,0,0,4,1,94" ten="310,270,210,210" oya="3" hai0="134,24,126,38,67,33,122,22,43,0,116,36,51" hai1="127,49,118,77,50,124,47,9,78,15,96,103,125" hai2="37,53,121,48,81,5,60,130,87,14,82,21,110" hai3="71,42,35,7,89,90,4,6,93,114,102,74,129"/><W85/><G114/><T88/><D122/><U46/><E118/><V26/><F37/><W56/><G71/><T133/><D33/><U107/><E49/><V131/><F110/><W115/><G115/><T58/><D0/><U65/><E65/><V80/><F60/><W101/><G74/><T117/><D126/><U120/><E120/><V111/><F111/><W10/><G35/><T119/><D88/><N who="3" m="33897" /><G129/><N who="2" m="49161" /><F121/><W20/><G42/><T86/><D86/><U31/><E31/><N who="2" m="17871" /><F87/><W69/><G69/><T41/><D24/><U57/><E57/><N who="2" m="32935" /><F14/><N who="3" m="5447" /><G56/><T16/><D38/><U63/><E63/><V12/><F12/><W73/><G73/><T84/><D36/><U40/><REACH who="1" step="1"/><E47/><REACH who="1" ten="310,260,210,210" step="2"/><V66/><F66/><W132/><G132/><T95/><D119/><U104/><E104/><V1/><F1/><W108/><G108/><T97/><D134/><U23/><E23/><V98/><F5/><AGARI ba="0,1" hai="5,9,15,40,46,50,77,78,96,103,107,124,125,127" machi="5" ten="40,8000,1" yaku="1,1,18,1,52,1,53,1" doraHai="94" doraHaiUra="100" who="1" fromWho="2" sc="310,0,260,90,210,-80,210,0" owari="310,11.0,350,45.0,130,-37.0,210,-19.0" /></mjloggm>