<mjloggm ver="2.3"><GO type="225" lobby="0"/><UN n0="%E2%98%85%E3%83%9F%E3%83%BC%E3%82%B3%E2%98%85" n1="%E5%B0%B1%E6%B4%BB%E7%94%9F%40%E5%B7%9D%E6%9D%91%E8%BB%8D%E5%9B%A3" n2="%E3%81%86%E3%81%A9%E3%82%93%E5%B1%8B" n3="%E6%9C%9D%E5%80%89%E6%9C%88%E5%A5%88" dan="16,17,16,16" rate="2098.78,2202.57,2069.35,2123.04" sx="F,M,M,M"/><TAIKYOKU oya="0"/><INIT seed="0,0,0,4,1,125" ten="250,250,250,250" oya="0" hai0="134,42,4,57,48,79,60,102,118,117,90,29,101" hai1="111,43,39,1,49,97,66,34,81,40,109,47,46" hai2="59,94,131,115,87,51,91,16,73,76,56,11,113" hai3="10,6,107,119,70,36,96,106,54,5,58,44,23"/><T121/><D121/><U99/><E34/><V114/><F131/><W14/><G70/><T103/><D134/><U7/><E81/><V104/><F104/><W133/><G119/><T50/><D79/><U20/><E66/><V9/><F51/><W30/><G133/><T37/><D4/><U95/><E20/><V45/><F45/><W83/><G83/><T116/><D29/><U112/><E112/><V71/><F71/><W129/><G129/><T12/><D12/><U24/><E24/><V35/><F35/><W52/><G6/><T84/><D37/><U27/><E27/><V64/><F64/><W62/><G96/><T92/><REACH who="0" step="1"/><D42/><REACH who="0" ten="240,250,250,250" step="2"/><U25/><E7/><V67/><F16/><W18/><G36/><T122/><D122/><U26/><E1/><V82/><F115/><W72/><G30/><T132/><D132/><U130/><E26/><V128/><F114/><W22/><G5/><T75/><D75/><U55/><E25/><V21/><F113/><W74/><G72/><T108/><D108/><N who="1" m="41547" /><E43/><V31/><F31/><W86/><G74/><T63/><D63/><U80/><E130/><V19/><F128/><W88/><G106/><T69/><D69/><U124/><E124/><V98/><F73/><W127/><G107/><T78/><D78/><U120/><E120/><V33/><F76/><W41/><G127/><T85/><D85/><U8/><E39/><V15/><F15/><W123/><G41/><T32/><D32/><U28/><E40/><V93/><F87/><W0/><G123/><T3/><D3/><U110/><N who="1" m="41555" /><U61/><DORA hai="77" /><E28/><RYUUKYOKU ba="0,1" sc="240,30,250,-10,250,-10,250,-10" hai0="48,50,57,60,84,90,92,101,102,103,116,117,118" /><INIT seed="0,1,1,5,2,107" ten="270,240,240,240" oya="0" hai0="114,127,135,8,133,49,116,132,48,30,16,82,26" hai1="121,88,109,98,19,100,91,27,5,15,21,29,94" hai2="120,58,103,129,131,59,104,11,64,128,18,61,53" hai3="24,111,74,22,14,32,73,42,85,39,78,28,90"/><T63/><D116/><U56/><E121/><V130/><F120/><W2/><G2/><T71/><D114/><U113/><E113/><V70/><F131/><W92/><G78/><T84/><D127/><U43/><E109/><V93/><F104/><W83/><G111/><T4/><D63/><U41/><E5/><V67/><F67/><W33/><G83/><T72/><D71/><U110/><E110/><V37/><F37/><W3/><G3/><N who="0" m="31" /><D72/><U87/><E56/><V65/><F65/><W57/><G57/><T102/><D102/><U7/><E7/><V66/><F66/><W50/><G39/><T69/><D69/><U68/><E68/><V40/><F40/><W119/><G119/><T117/><D16/><U38/><E38/><V97/><REACH who="2" step="1"/><F53/><REACH who="2" ten="270,240,230,240" step="2"/><W12/><G42/><T20/><D117/><U36/><E36/><V31/><F31/><W9/><G28/><T105/><D105/><U34/><REACH who="1" step="1"/><E91/><AGARI ba="1,2" hai="20,26,30,48,49,82,84,91,132,133,135" m="31" machi="91" ten="30,1500,0" yaku="20,1" doraHai="107" who="0" fromWho="1" sc="270,38,240,-18,230,0,240,0" /><INIT seed="0,2,0,0,5,61" ten="308,222,230,240" oya="0" hai0="125,92,88,130,84,81,97,72,109,103,11,67,40" hai1="79,104,65,46,110,26,71,62,115,105,42,90,94" hai2="23,91,12,83,8,96,102,28,21,38,77,10,131" hai3="111,95,128,127,45,98,50,132,16,101,14,80,89"/><T120/><D120/><U39/><E110/><V121/><F38/><W73/><G111/><T29/><D125/><U75/><E115/><V112/><F112/><W70/><G127/><T60/><D109/><U58/><E75/><V17/><F121/><W0/><G70/><T107/><D130/><U57/><E79/><V129/><F91/><W82/><G132/><T55/><D40/><U133/><E133/><V37/><F37/><W36/><G36/><T63/><D29/><U24/><E58/><V99/><F8/><N who="3" m="6215" /><G0/><T32/><D32/><U124/><E124/><V19/><F28/><W116/><G116/><T53/><D11/><U52/><E105/><V20/><F17/><W9/><G73/><T108/><D63/><U3/><E104/><V13/><F13/><W49/><G9/><T69/><D108/><U4/><E4/><V114/><F114/><W118/><G118/><T15/><D15/><U135/><E3/><V87/><REACH who="2" step="1"/><F99/><REACH who="2" ten="308,222,220,240" step="2"/><W51/><G128/><T122/><D122/><U33/><E135/><V64/><F64/><W119/><G119/><T34/><D34/><U22/><E33/><V126/><F126/><W123/><G123/><T134/><D134/><U35/><E35/><V66/><F66/><W48/><G89/><T5/><D5/><U113/><E113/><V85/><F85/><W41/><AGARI ba="2,1" hai="41,45,48,49,50,51,80,82,95,98,101" m="6215" machi="41" ten="30,2000,0" yaku="8,1,54,1" doraHai="61" who="3" fromWho="3" sc="308,-12,222,-7,220,-7,240,36" /><INIT seed="1,0,0,3,0,26" ten="296,215,213,276" oya="1" hai0="85,18,52,83,87,30,94,98,58,117,109,7,10" hai1="79,42,68,96,25,92,59,2,31,19,77,32,16" hai2="106,75,116,15,8,1,21,104,131,11,71,34,108" hai3="88,9,128,111,47,122,35,82,118,67,124,134,81"/><U105/><E68/><V112/><RYUUKYOKU type="yao9" ba="0,0" sc="296,0,215,0,213,0,276,0" hai2="1,8,11,15,21,34,71,75,104,106,108,112,116,131" /><INIT seed="1,1,0,0,5,23" ten="296,215,213,276" oya="1" hai0="44,94,110,98,112,7,39,13,21,0,103,120,123" hai1="104,133,70,43,91,9,62,86,1,36,58,34,111" hai2="87,4,76,85,88,53,74,66,102,24,116,54,122" hai3="51,99,106,130,75,49,129,101,29,95,27,105,30"/><U46/><E104/><V32/><F122/><N who="0" m="46634" /><D112/><U73/><E73/><V26/><F116/><W79/><G30/><T135/><D110/><U55/><E133/><V131/><F131/><N who="3" m="50187" /><G79/><T19/><D135/><U132/><E132/><V96/><F66/><W134/><G75/><T128/><D128/><U41/><E41/><V93/><F4/><W5/><G5/><T8/><D44/><U31/><E111/><V2/><F2/><W78/><G78/><T100/><D39/><U82/><E70/><V6/><F6/><W47/><G49/><T107/><D103/><U81/><E9/><V48/><F32/><N who="3" m="20543" /><G134/><T118/><D118/><U119/><E119/><V90/><F76/><W115/><G115/><T3/><D107/><U15/><E15/><AGARI ba="1,0" hai="0,3,7,8,13,15,19,21,94,98,100" m="46634" machi="15" ten="30,1000,0" yaku="13,1" doraHai="23" who="0" fromWho="1" sc="296,13,215,-13,213,0,276,0" /><INIT seed="2,0,0,1,2,10" ten="309,202,213,276" oya="2" hai0="103,126,31,132,105,119,96,52,56,27,117,38,43" hai1="48,129,1,28,97,75,53,110,34,68,22,55,36" hai2="91,19,64,63,11,3,125,124,33,83,8,30,4" hai3="77,74,39,107,121,134,67,112,87,116,44,73,42"/><V47/><F47/><W41/><G121/><T7/><D132/><U12/><E36/><V120/><F91/><W94/><G116/><N who="0" m="44619" /><D126/><N who="2" m="48746" /><F83/><W15/><G107/><T128/><D128/><U135/><E68/><V131/><F120/><W109/><G134/><T79/><D79/><U99/><E75/><V114/><F114/><W0/><G0/><T69/><D69/><U45/><E129/><V90/><F131/><W92/><G67/><T35/><D7/><U98/><E135/><V26/><F90/><W9/><G42/><T93/><D43/><U61/><E110/><V88/><F88/><W24/><G109/><T123/><D38/><U115/><E115/><V23/><F64/><W14/><G112/><T17/><D123/><U16/><E1/><V70/><F63/><W118/><G118/><T18/><D105/><U59/><E34/><V51/><F51/><AGARI ba="0,0" hai="17,18,27,31,35,51,52,56,93,96,103" m="44619" machi="51" ten="30,2000,0" yaku="12,1,54,1" doraHai="10" who="0" fromWho="2" sc="309,20,202,0,213,-20,276,0" /><INIT seed="3,0,0,3,2,29" ten="329,202,193,276" oya="3" hai0="65,45,94,77,13,18,24,76,80,126,51,46,58" hai1="11,114,70,0,27,131,20,84,83,38,95,30,110" hai2="135,40,32,104,9,39,111,31,93,103,50,78,44" hai3="99,115,89,130,123,133,57,86,43,105,41,118,1"/><W107/><G1/><T125/><D24/><U6/><E70/><V4/><F111/><W79/><G123/><T67/><D94/><U101/><E38/><V14/><F104/><W7/><G118/><T56/><D56/><U119/><E114/><V102/><F135/><W96/><G115/><T106/><D106/><U116/><E110/><V15/><F78/><N who="0" m="30314" /><D80/><U100/><E95/><V19/><F39/><W72/><G7/><T2/><D2/><U36/><E36/><V62/><F62/><W134/><G57/><T53/><D65/><U117/><E131/><V61/><F61/><W54/><G54/><T92/><D92/><U55/><E55/><V132/><F132/><N who="3" m="50795" /><G130/><T63/><D63/><U26/><E26/><V47/><F47/><W42/><G105/><T122/><D122/><U23/><E23/><N who="2" m="11767" /><F32/><W25/><G107/><T69/><D69/><U16/><E30/><V109/><F109/><W87/><G25/><T127/><D67/><U17/><E17/><V112/><F112/><W60/><G60/><T71/><D71/><U8/><E8/><AGARI ba="0,0" hai="8,13,18,45,46,51,53,58,125,126,127" m="30314" machi="8" ten="30,1000,0" yaku="18,1" doraHai="29" who="0" fromWho="1" sc="329,10,202,-10,193,0,276,0" owari="339,44.0,192,-31.0,193,-21.0,276,8.0" /></mjloggm>