<mjloggm ver="2.3"><GO type="169" lobby="0"/><UN n0="%E6%8E%A8%E7%A9%BA%EF%BC%B0" n1="%E5%B0%B1%E6%B4%BB%E7%94%9F%40%E5%B7%9D%E6%9D%91%E8%BB%8D%E5%9B%A3" n2="%7A%61%63%63" n3="%67%61%72%75%63%69%61" dan="16,18,17,16" rate="2159.45,2262.74,2187.68,2079.63" sx="F,M,F,M"/><TAIKYOKU oya="0"/><INIT seed="0,0,0,3,4,108" ten="250,250,250,250" oya="0" hai0="44,0,114,72,21,88,132,58,61,43,63,104,22" hai1="56,6,28,18,73,113,83,55,36,125,82,16,5" hai2="1,110,34,7,127,112,8,102,70,117,77,100,80" hai3="31,103,27,30,78,131,65,4,40,71,25,107,97"/><T48/><D104/><U9/><E36/><V19/><F110/><W35/><G131/><T64/><D72/><U118/><E118/><V130/><F117/><W129/><G129/><T57/><D0/><U81/><E73/><V33/><F130/><W14/><G40/><T46/><D132/><U49/><E125/><V52/><F70/><W119/><G78/><T84/><D46/><U74/><E74/><V42/><F127/><W24/><G119/><T86/><D86/><U98/><E28/><V39/><F19/><W59/><G59/><T60/><D114/><U17/><E113/><V92/><F102/><W20/><G25/><T29/><D29/><U101/><REACH who="1" step="1"/><E9/><REACH who="1" ten="250,240,250,250" step="2"/><V90/><F8/><W47/><G31/><T2/><D2/><U94/><AGARI ba="0,1" hai="5,6,16,17,18,49,55,56,81,82,83,94,98,101" machi="94" ten="30,8000,1" yaku="1,1,2,1,0,1,8,1,54,1,53,0" doraHai="108" doraHaiUra="133" who="1" fromWho="1" sc="250,-40,240,90,250,-20,250,-20" /><INIT seed="1,0,0,1,5,52" ten="210,330,230,230" oya="1" hai0="117,21,61,95,50,105,81,53,7,28,92,78,96" hai1="36,10,121,74,25,43,113,102,128,34,86,99,75" hai2="3,1,22,6,122,9,45,84,67,80,73,20,112" hai3="17,98,64,11,41,93,62,100,116,44,126,70,76"/><U79/><E121/><V37/><F122/><W68/><G126/><T51/><D117/><U120/><E120/><V77/><F1/><W5/><G76/><T135/><D135/><U4/><E86/><V16/><F112/><W57/><G17/><T87/><D7/><U127/><E127/><V32/><F32/><W27/><G27/><T31/><D105/><U58/><E113/><V49/><F67/><W119/><G116/><T110/><D110/><U59/><E128/><V2/><F22/><W82/><G82/><T85/><D61/><U30/><E99/><V118/><F118/><W42/><G119/><T104/><D104/><U132/><E102/><V125/><F37/><W109/><G109/><T111/><D111/><U35/><E35/><V33/><F33/><W18/><G18/><T130/><D130/><U12/><E132/><V129/><F2/><W13/><REACH who="3" step="1"/><G42/><REACH who="3" ten="210,330,230,220" step="2"/><T103/><D81/><U40/><E40/><V90/><F129/><W72/><G72/><T115/><D78/><U107/><E79/><V65/><F125/><W106/><G106/><T83/><D83/><U48/><E107/><V29/><F77/><W60/><G60/><T97/><D115/><U14/><E75/><V71/><F73/><W89/><G89/><T38/><D103/><U101/><E101/><V56/><F90/><W15/><G15/><T133/><D133/><U54/><E14/><V0/><F0/><W19/><G19/><T46/><D21/><U47/><E74/><V69/><F80/><W94/><G94/><T124/><D124/><U123/><E123/><V8/><F20/><RYUUKYOKU ba="0,1" sc="210,-15,330,15,230,-15,220,15" hai1="4,10,12,25,30,34,36,43,47,48,54,58,59" hai3="5,11,13,41,44,57,62,64,68,70,93,98,100" /><INIT seed="1,1,1,2,4,120" ten="195,345,215,235" oya="1" hai0="25,76,48,38,66,44,37,135,74,62,65,63,110" hai1="125,116,60,82,64,18,5,2,108,68,119,105,20" hai2="75,17,0,67,27,83,32,16,91,47,92,10,29" hai3="49,1,123,31,24,15,40,111,80,42,130,114,121"/><U54/><E105/><V128/><F128/><W34/><G114/><T87/><D74/><U21/><E125/><V3/><F67/><W93/><G130/><T86/><D25/><U115/><E115/><V126/><F126/><W94/><G1/><T132/><D48/><U50/><E21/><V106/><F106/><W122/><G80/><T6/><D44/><U52/><E54/><V36/><F3/><W129/><G129/><T51/><D51/><U77/><E5/><V14/><F0/><W58/><G15/><T103/><D103/><U23/><E23/><V41/><F83/><W69/><G69/><T43/><D6/><U33/><E33/><V84/><F75/><W99/><G93/><T59/><D59/><U78/><E78/><V124/><F124/><W39/><G39/><T127/><D127/><U8/><E8/><V30/><F29/><W12/><G12/><T79/><REACH who="0" step="1"/><D43/><REACH who="0" ten="185,345,215,235" step="2"/><U19/><E50/><V28/><REACH who="2" step="1"/><F30/><REACH who="2" ten="185,345,205,235" step="2"/><W89/><G123/><T81/><D81/><U35/><E82/><V133/><F133/><W71/><G122/><T97/><D97/><U53/><E116/><V98/><F98/><W134/><G121/><T22/><D22/><U85/><E20/><V131/><F131/><W9/><G134/><T102/><D102/><U100/><E100/><V55/><F55/><W7/><G40/><T88/><D88/><U45/><E53/><V95/><F95/><W13/><G42/><T101/><D101/><U11/><E52/><V56/><F56/><W73/><G89/><T26/><D26/><U96/><E119/><V61/><F61/><RYUUKYOKU ba="1,3" sc="185,15,345,-15,205,15,235,-15" hai0="37,38,62,63,65,66,76,79,86,87,110,132,135" hai2="10,14,16,17,27,28,32,36,41,47,84,91,92" /><INIT seed="2,2,3,4,1,130" ten="200,330,220,220" oya="2" hai0="32,40,30,44,14,54,63,5,65,20,39,91,72" hai1="131,105,27,89,77,69,2,7,79,108,97,45,102" hai2="52,121,57,88,18,24,78,38,51,85,46,48,115" hai3="106,81,3,1,23,127,56,61,22,128,82,62,50"/><V43/><F121/><W17/><G106/><T9/><D72/><U25/><E131/><V101/><F115/><W76/><G128/><T94/><D32/><U113/><E113/><V119/><F119/><W59/><G50/><T90/><D54/><U92/><E69/><V55/><F101/><W109/><G109/><T70/><D30/><U53/><E108/><V68/><F68/><W99/><G99/><T15/><D94/><U122/><E122/><V125/><F125/><W117/><G17/><T37/><D39/><U34/><E7/><V16/><F78/><W123/><G123/><T112/><D112/><U8/><E8/><V124/><F24/><W41/><G41/><T86/><D86/><U12/><E12/><V4/><F4/><W83/><G83/><T28/><REACH who="0" step="1"/><D14/><REACH who="0" ten="190,330,220,220" step="2"/><U26/><E2/><V49/><F124/><W0/><G0/><T87/><D87/><U42/><E53/><V84/><F85/><W35/><G127/><T33/><D33/><U80/><E34/><V104/><F104/><W31/><G35/><T13/><D13/><U100/><E105/><V11/><F38/><W6/><G31/><T36/><D36/><U132/><E27/><AGARI ba="2,4" hai="5,9,15,20,27,28,37,40,44,63,65,70,90,91" machi="27" ten="40,2600,0" yaku="1,1,53,1" doraHai="130" doraHaiUra="10" who="0" fromWho="1" sc="190,72,330,-32,220,0,220,0" /><INIT seed="3,0,0,3,0,0" ten="262,298,220,220" oya="3" hai0="126,102,24,44,8,35,128,120,107,28,54,61,119" hai1="129,41,67,103,116,77,109,6,70,42,19,29,68" hai2="133,43,91,71,13,56,122,59,111,114,20,79,130" hai3="80,83,89,15,17,31,125,115,94,60,36,48,90"/><W50/><G36/><T14/><D120/><U39/><E109/><V110/><F71/><W7/><G115/><T57/><D119/><U124/><E116/><V63/><F114/><W95/><G125/><T96/><D126/><U27/><E124/><V106/><F133/><W74/><G31/><T62/><D128/><U134/><E134/><V121/><F106/><W123/><G74/><T86/><D86/><U65/><E129/><V76/><F43/><W33/><G33/><T22/><D44/><U105/><E19/><N who="2" m="10351" /><F56/><W45/><G60/><T37/><D37/><U97/><E77/><N who="2" m="29771" /><F91/><W113/><G113/><T88/><D88/><N who="3" m="33897" /><G123/><N who="2" m="47113" /><F130/><W12/><G17/><T92/><D107/><U40/><E39/><V75/><F75/><W30/><G30/><T66/><D35/><U104/><E104/><V112/><F112/><W99/><G15/><T87/><D87/><U51/><E51/><N who="3" m="19498" /><G45/><T26/><D26/><U18/><E18/><V58/><F58/><W52/><G52/><AGARI ba="0,0" hai="52,59,63,110,111" m="47113,29771,10351" machi="52" ten="30,2000,0" yaku="13,1,54,1" doraHai="0" who="2" fromWho="3" sc="262,0,298,0,220,20,220,-20" /><INIT seed="4,0,0,3,3,91" ten="262,298,240,200" oya="0" hai0="109,111,30,35,11,45,89,74,124,25,42,97,73" hai1="90,112,108,104,96,12,106,78,28,95,82,57,40" hai2="56,69,15,24,110,1,4,71,58,101,54,70,38" hai3="122,99,37,5,64,31,129,105,60,115,113,114,46"/><T116/><D116/><U59/><E108/><V68/><F110/><W22/><G5/><T87/><D124/><U67/><E40/><V84/><F38/><W27/><G129/><T118/><D118/><U63/><E112/><V50/><F1/><W55/><G122/><T47/><D111/><U10/><E28/><V9/><F101/><W94/><G105/><T128/><D109/><U17/><REACH who="1" step="1"/><E57/><REACH who="1" ten="262,288,240,200" step="2"/><V16/><F70/><W36/><G46/><T80/><D47/><U52/><E52/><V117/><F117/><W135/><G55/><T83/><D128/><U93/><E93/><V23/><F58/><N who="3" m="36887" /><G135/><T48/><D80/><U79/><E79/><V43/><F43/><W8/><G8/><T77/><D11/><U13/><E13/><V62/><REACH who="2" step="1"/><F84/><AGARI ba="0,1" hai="10,12,17,59,63,67,78,82,84,90,95,96,104,106" machi="84" ten="30,3900,0" yaku="1,1,7,1,52,1,53,0" doraHai="91" doraHaiUra="65" who="1" fromWho="2" sc="262,0,288,49,240,-39,200,0" /><INIT seed="5,0,0,1,4,80" ten="262,337,201,200" oya="1" hai0="70,117,118,126,133,20,47,72,37,64,6,115,76" hai1="107,23,7,21,78,1,69,92,59,4,62,3,125" hai2="84,13,90,49,77,86,100,74,52,82,43,12,61" hai3="93,103,81,85,104,24,5,88,29,121,68,124,73"/><U38/><E107/><V18/><F100/><W95/><G121/><T83/><D20/><U57/><E38/><V101/><F101/><W131/><G68/><T97/><D97/><U99/><E78/><V129/><F129/><W94/><G131/><T33/><D115/><U39/><E39/><V67/><F43/><W79/><G5/><T36/><D133/><U105/><E105/><V132/><F132/><W27/><G124/><T60/><D126/><U127/><E69/><V40/><F40/><W10/><G10/><T135/><D135/><U11/><E99/><V75/><F75/><W19/><G19/><T56/><D56/><U41/><E41/><V54/><F74/><W102/><G24/><T51/><D51/><U98/><E98/><V50/><F61/><W58/><G58/><T55/><D55/><N who="2" m="21034" /><F67/><W65/><G65/><T116/><D47/><U42/><E42/><V30/><F30/><W53/><G53/><T130/><D130/><U122/><E62/><V9/><F12/><W28/><G28/><T35/><REACH who="0" step="1"/><D6/><REACH who="0" ten="252,337,201,200" step="2"/><U44/><E59/><V2/><F2/><W45/><G45/><T113/><D113/><U17/><E57/><V46/><F46/><W96/><G102/><T87/><D87/><U32/><E44/><V8/><F8/><W114/><G114/><T31/><D31/><U91/><E11/><V89/><F77/><W112/><G112/><T109/><D109/><U108/><E108/><V120/><F120/><W123/><G123/><T34/><AGARI ba="0,1" hai="33,34,35,36,37,60,64,70,72,76,83,116,117,118" machi="34" ten="40,8000,1" yaku="1,1,0,1,23,2,53,0" doraHai="80" doraHaiUra="16" who="0" fromWho="0" sc="252,90,337,-40,201,-20,200,-20" /><INIT seed="6,0,0,0,0,89" ten="342,297,181,180" oya="2" hai0="99,128,27,14,98,67,4,20,122,66,8,86,24" hai1="48,130,112,85,2,3,21,88,129,123,5,118,119" hai2="102,28,35,127,31,124,45,133,87,120,65,22,63" hai3="59,97,53,30,77,56,93,39,12,106,105,92,113"/><V131/><F120/><W15/><G39/><T75/><D75/><U101/><E101/><V81/><F35/><W7/><G77/><T110/><D110/><U58/><E123/><V10/><F102/><W115/><G30/><N who="0" m="17671" /><D128/><N who="1" m="49259" /><E112/><N who="3" m="43082" /><G59/><T37/><D37/><U70/><E70/><V71/><F131/><W46/><G46/><T114/><D114/><U95/><E21/><V42/><F133/><W33/><G33/><T108/><D108/><U96/><E5/><V32/><F32/><W17/><G7/><T19/><D122/><U34/><E34/><V73/><F73/><W23/><G12/><T60/><D86/><U117/><E85/><V104/><F104/><N who="3" m="40043" /><G97/><N who="0" m="36875" /><D60/><AGARI ba="0,0" hai="15,17,23,53,56,60,92,93" m="40043,43082" machi="60" ten="30,7700,0" yaku="15,1,11,1,52,2" doraHai="89" who="3" fromWho="0" sc="342,-77,297,0,181,0,180,77" /><INIT seed="7,0,0,5,0,117" ten="265,297,181,257" oya="3" hai0="42,7,130,68,72,120,64,81,58,94,93,92,50" hai1="101,57,5,109,30,134,73,9,71,25,121,100,32" hai2="59,116,39,43,1,2,28,124,66,29,107,131,38" hai3="113,33,90,75,11,34,83,26,89,82,52,19,49"/><W78/><G113/><T80/><D130/><U69/><E121/><V46/><F116/><W86/><G90/><T17/><D120/><U37/><E109/><V27/><F107/><W53/><G53/><T23/><D68/><U96/><E134/><V128/><F124/><W40/><G40/><T110/><D110/><U76/><E57/><V70/><F59/><W48/><G48/><T0/><D72/><U15/><E37/><V123/><F38/><W35/><G26/><N who="0" m="14703" /><D7/><U115/><E100/><V8/><F8/><W97/><G97/><T21/><D21/><U13/><E13/><V129/><F29/><W55/><REACH who="3" step="1"/><G49/><REACH who="3" ten="265,297,181,247" step="2"/><T102/><D42/><U84/><E115/><V54/><F54/><W135/><G135/><T61/><D50/><U24/><E25/><V103/><F103/><W85/><G85/><T6/><D102/><U126/><E126/><V112/><F112/><W104/><G104/><T62/><D62/><U95/><E73/><V36/><F39/><W18/><G18/><T74/><D74/><U132/><E132/><V22/><REACH who="2" step="1"/><F123/><REACH who="2" ten="265,297,171,247" step="2"/><W105/><G105/><T106/><D106/><U87/><E101/><V119/><F119/><W60/><G60/><AGARI ba="0,2" hai="1,2,22,27,28,36,43,46,60,66,70,128,129,131" machi="60" ten="40,2600,0" yaku="1,1,19,1,53,0" doraHai="117" doraHaiUra="31" who="2" fromWho="3" sc="265,0,297,0,171,46,247,-26" /><INIT seed="8,0,0,2,1,3" ten="265,297,217,221" oya="0" hai0="56,123,102,48,130,24,39,99,27,124,49,46,4" hai1="52,63,83,26,61,79,85,20,106,131,118,128,28" hai2="6,119,93,71,64,121,1,70,91,42,81,133,16" hai3="94,8,40,101,31,112,44,45,109,12,97,23,29"/><T2/><D123/><U65/><E118/><V68/><F121/><W57/><G109/><T47/><D130/><N who="1" m="49707" /><E106/><V10/><F119/><W122/><G112/><T86/><D39/><U96/><E52/><V33/><F33/><W66/><G122/><T117/><D117/><U98/><E63/><V110/><F110/><W87/><G87/><T21/><D86/><U36/><E36/><V37/><F81/><W62/><G45/><T0/><D56/><AGARI ba="0,0" hai="20,26,28,56,61,65,79,83,85,96,98" m="49707" machi="56" ten="30,1000,0" yaku="19,1" doraHai="3" who="1" fromWho="0" sc="265,-10,297,10,217,0,221,0" owari="255,6.0,307,40.0,217,-28.0,221,-18.0" /></mjloggm>