<mjloggm ver="2.3"><GO type="169" lobby="0"/><UN n0="%74%61%74%73%75%37%30%32" n1="%E3%81%98%E3%82%83%E3%81%B3%E3%81%A3%E3%81%A8" n2="%E3%81%BF%E3%81%A3%E3%81%8F%E3%82%8D%E3%83%BC%E3%82%93" n3="%E3%83%88%E3%83%88%E3%83%AA%E5%85%88%E7%94%9F%31%39%E6%AD%B3" dan="16,16,16,18" rate="2143.47,2108.33,2048.24,2189.03" sx="M,M,M,F"/><TAIKYOKU oya="0"/><INIT seed="0,0,0,5,3,54" ten="250,250,250,250" oya="0" hai0="102,32,87,114,105,85,75,56,17,39,106,14,131" hai1="92,37,90,64,44,82,4,31,33,52,132,49,107" hai2="125,63,58,121,100,99,73,97,16,78,112,55,21" hai3="1,68,25,35,86,66,98,40,34,11,79,3,135"/><T110/><D114/><U20/><E107/><V65/><F121/><W127/><G135/><T67/><D32/><U46/><E33/><V74/><F125/><W18/><G127/><T9/><D75/><U101/><E132/><V71/><F112/><W115/><G115/><T88/><D39/><U116/><E116/><V60/><F78/><W124/><G124/><T47/><D47/><U0/><E64/><V28/><F28/><W119/><G119/><T134/><D134/><U26/><E101/><V72/><REACH who="2" step="1"/><F100/><REACH who="2" ten="250,250,240,250" step="2"/><W2/><G79/><T76/><D102/><U29/><E31/><V27/><AGARI ba="0,1" hai="16,21,27,55,58,60,63,65,71,72,73,74,97,99" machi="27" ten="30,12000,2" yaku="1,1,2,1,0,1,52,1,54,1,53,2" doraHai="54" doraHaiUra="93" who="2" fromWho="2" sc="250,-60,250,-30,240,130,250,-30" /><INIT seed="1,0,0,5,0,105" ten="190,220,370,220" oya="1" hai0="60,100,11,1,17,88,73,18,28,93,51,87,96" hai1="111,95,8,45,48,31,27,91,110,132,125,6,5" hai2="126,55,46,71,128,94,30,82,64,47,69,54,85" hai3="33,2,120,135,53,34,58,113,124,9,62,7,104"/><U43/><E132/><V57/><F30/><W78/><G113/><T21/><D73/><U49/><E49/><V59/><F94/><W102/><G120/><T97/><D96/><U109/><E125/><V68/><F85/><W52/><G135/><T74/><D74/><U123/><E123/><V119/><F82/><W32/><G124/><T37/><D37/><U122/><E122/><V114/><F126/><W80/><G102/><T75/><D75/><U106/><E106/><V38/><F114/><W29/><G104/><T3/><D3/><U81/><E81/><V41/><F119/><W16/><G53/><N who="2" m="19977" /><F128/><W76/><G29/><T70/><D51/><U134/><E134/><V99/><F99/><W24/><REACH who="3" step="1"/><G80/><REACH who="3" ten="190,220,370,210" step="2"/><T86/><D28/><U118/><E118/><V56/><F47/><W133/><G133/><T72/><D100/><U89/><E95/><V108/><F108/><W19/><G19/><T40/><D18/><U63/><E5/><V90/><F90/><W12/><G12/><T14/><D88/><U116/><E116/><V77/><F77/><W22/><AGARI ba="0,1" hai="2,7,9,16,22,24,32,33,34,52,58,62,76,78" machi="22" ten="40,8000,1" yaku="1,1,0,1,54,2,53,0" doraHai="105" doraHaiUra="67" who="3" fromWho="3" sc="190,-20,220,-40,370,-20,210,90" /><INIT seed="2,0,0,1,0,38" ten="170,180,350,300" oya="2" hai0="121,55,41,78,111,80,105,72,63,91,74,67,101" hai1="124,76,15,70,33,22,37,120,31,16,115,62,133" hai2="100,25,11,50,83,30,2,106,85,5,7,60,108" hai3="128,71,57,69,92,53,51,131,20,94,35,116,27"/><V49/><F108/><W17/><G116/><T59/><D111/><U19/><E37/><V110/><F110/><W68/><REACH who="3" step="1"/><G35/><REACH who="3" ten="170,180,350,290" step="2"/><T103/><D121/><U58/><E33/><V39/><F39/><W23/><G23/><T129/><D129/><AGARI ba="0,1" hai="17,20,27,51,53,57,68,69,71,92,94,128,129,131" machi="129" ten="50,3200,0" yaku="1,1,19,1,53,0" doraHai="38" doraHaiUra="24" who="3" fromWho="0" sc="170,-32,180,0,350,0,290,42" /><INIT seed="3,0,0,5,5,58" ten="138,180,350,332" oya="3" hai0="19,3,119,98,117,87,31,53,44,33,21,125,107" hai1="126,97,42,13,114,27,28,32,45,103,73,18,120" hai2="118,74,69,24,128,50,10,109,85,38,104,64,86" hai3="71,83,55,14,65,84,77,30,60,66,94,36,132"/><W90/><G132/><T51/><D125/><U0/><E0/><V92/><F74/><W67/><G36/><T57/><D3/><U46/><E120/><V22/><F38/><W59/><G30/><T6/><D6/><U49/><E114/><V76/><F104/><W108/><G108/><T110/><D110/><U130/><E73/><V9/><F118/><W75/><REACH who="3" step="1"/><G14/><REACH who="3" ten="138,180,350,322" step="2"/><T82/><D119/><U47/><E126/><V113/><F109/><W70/><AGARI ba="0,1" hai="55,59,60,65,66,67,70,71,75,77,83,84,90,94" machi="70" ten="30,11700,0" yaku="1,1,2,1,0,1,52,1,53,0" doraHai="58" doraHaiUra="34" who="3" fromWho="3" sc="138,-39,180,-39,350,-39,322,127" /><INIT seed="3,1,0,4,4,109" ten="99,141,311,449" oya="3" hai0="31,3,15,119,43,42,49,7,63,101,105,97,128" hai1="96,118,40,14,62,114,38,92,80,66,5,20,70" hai2="22,33,134,132,88,84,26,91,135,4,82,11,17" hai3="67,69,110,27,99,125,25,95,76,89,103,79,19"/><W56/><G69/><T53/><D119/><U52/><E118/><V104/><F104/><W16/><G110/><T6/><D128/><U30/><E114/><V36/><F36/><W18/><G125/><T32/><D3/><U130/><E130/><V44/><F44/><W81/><G103/><T37/><D37/><U74/><E38/><V78/><REACH who="2" step="1"/><F33/><REACH who="2" ten="99,141,301,449" step="2"/><W1/><G1/><AGARI ba="1,1" hai="1,4,11,17,22,26,78,82,84,88,91,132,134,135" machi="1" ten="40,8000,1" yaku="1,1,2,1,20,1,54,1,53,0" doraHai="109" doraHaiUra="24" who="2" fromWho="3" sc="99,0,141,0,301,93,449,-83" /><INIT seed="4,0,0,0,4,122" ten="99,141,394,366" oya="0" hai0="118,72,40,54,57,84,9,28,23,63,62,91,51" hai1="69,120,1,77,89,83,49,13,0,111,126,12,20" hai2="99,104,130,34,15,119,39,68,97,52,11,6,48" hai3="30,37,78,73,105,129,86,66,93,31,35,108,115"/><T121/><D118/><U110/><E120/><V71/><F119/><W124/><G105/><T65/><D121/><U128/><E69/><V25/><F39/><W74/><G37/><T53/><D72/><U41/><E89/><V88/><F130/><W92/><G86/><T19/><D40/><U47/><E128/><V109/><F109/><W106/><G129/><T67/><D28/><U100/><E100/><V26/><F99/><W125/><G106/><T134/><D9/><U18/><E126/><V8/><F11/><W75/><G78/><T50/><D134/><U33/><E33/><V46/><F104/><W90/><G66/><T2/><D2/><U107/><E107/><V102/><F102/><W14/><G14/><T103/><D103/><U27/><E12/><V87/><F97/><W17/><G17/><T7/><D7/><U36/><E49/><V55/><F55/><W82/><G115/><T43/><D43/><U133/><E133/><V38/><F38/><W42/><G42/><T22/><D19/><U80/><E80/><V76/><F76/><W96/><G82/><T132/><D132/><U123/><E123/><V64/><F64/><W60/><G93/><T113/><D113/><U61/><E61/><V44/><F46/><W117/><G60/><T112/><D112/><U58/><E58/><V131/><F131/><W101/><G101/><T24/><D24/><N who="2" m="9322" /><F34/><W94/><G117/><T45/><D84/><N who="1" m="48239" /><E27/><V56/><F56/><W81/><G35/><T127/><D91/><U5/><E0/><V116/><F116/><W4/><G31/><T59/><D45/><RYUUKYOKU ba="0,0" sc="99,10,141,10,394,10,366,-30" hai0="22,23,50,51,53,54,57,59,62,63,65,67,127" hai1="1,5,13,18,20,36,41,47,110,111" hai2="6,8,15,44,48,52,68,71,87,88" /><INIT seed="4,1,0,2,4,112" ten="109,151,404,336" oya="0" hai0="3,85,79,88,21,63,103,45,32,5,33,113,17" hai1="68,111,52,60,81,65,30,120,34,96,87,64,25" hai2="53,62,86,42,80,118,127,102,14,43,78,13,31" hai3="122,91,114,133,55,129,108,2,89,54,97,124,84"/><T61/><D113/><U10/><E111/><V105/><F31/><W115/><G108/><T19/><D79/><U75/><E120/><V132/><F127/><W28/><G28/><T40/><D103/><U15/><E75/><V38/><F132/><W72/><G84/><T100/><D100/><U131/><E131/><V22/><F14/><W23/><G23/><T90/><D5/><U37/><E37/><V135/><F135/><W58/><G133/><T92/><D3/><U1/><E1/><V94/><F94/><W117/><G2/><T59/><D90/><U110/><E110/><V71/><F38/><W16/><G58/><T46/><D63/><U39/><E39/><V27/><F13/><W24/><G24/><T101/><D101/><U106/><E65/><V36/><F36/><W77/><G77/><T74/><D74/><U29/><E29/><V107/><F102/><W83/><G72/><T20/><D33/><U0/><E0/><V123/><F107/><W57/><G122/><T119/><D119/><U116/><E116/><V126/><F105/><W73/><G117/><T11/><D32/><U109/><E109/><V128/><F128/><W47/><G129/><T130/><D130/><U56/><E106/><V99/><F123/><W35/><G35/><T6/><D6/><N who="1" m="3543" /><E96/><V44/><F99/><W48/><G73/><T82/><D11/><U12/><E12/><V98/><F98/><W93/><G115/><T66/><D92/><U95/><E95/><V70/><F78/><W69/><G114/><T26/><D40/><U104/><E104/><V8/><F42/><RYUUKYOKU ba="1,0" sc="109,30,151,-10,404,-10,336,-10" hai0="17,19,20,21,26,45,46,59,61,66,82,85,88" /><INIT seed="4,2,0,3,5,21" ten="139,141,394,326" oya="0" hai0="124,118,111,52,130,54,15,99,132,24,39,103,125" hai1="44,114,43,131,63,32,16,28,62,101,9,27,77" hai2="13,96,135,66,113,64,51,2,91,73,129,34,69" hai3="70,80,48,108,56,117,46,134,79,87,68,35,49"/><T127/><D118/><U83/><E101/><V61/><F2/><W20/><G108/><T1/><D1/><U78/><E131/><V90/><F73/><W58/><G35/><T119/><D119/><U17/><E114/><V75/><F75/><W57/><G117/><T23/><D130/><U97/><E97/><V11/><F64/><W120/><G134/><T81/><D132/><U8/><E77/><V116/><F129/><W123/><G20/><T55/><D39/><U29/><E29/><V93/><F34/><W22/><G22/><T94/><D15/><U40/><E40/><V72/><F72/><W12/><G12/><T37/><D37/><U128/><E128/><V38/><F38/><W100/><G100/><T126/><N who="0" m="31744" /><DORA hai="45" /><T41/><D41/><U89/><E89/><V14/><F14/><W53/><REACH who="3" step="1"/><G49/><REACH who="3" ten="139,141,394,316" step="2"/><T74/><D111/><U26/><E32/><V19/><F116/><W112/><G112/><T110/><D110/><U5/><E8/><V122/><F113/><W31/><G31/><N who="0" m="17823" /><D74/><U4/><E28/><V71/><F135/><W92/><G92/><T3/><D3/><U95/><E95/><V88/><F93/><W65/><G65/><T18/><D18/><U104/><E16/><V133/><F133/><W107/><G107/><T67/><D67/><U85/><E104/><V60/><F66/><W86/><G86/><T121/><D81/><U30/><E17/><V84/><F19/><W82/><G82/><T10/><D10/><U50/><E9/><V76/><F13/><W115/><G115/><T36/><D36/><U105/><E105/><RYUUKYOKU ba="2,1" sc="139,15,141,-15,394,-15,316,15" hai0="52,54,55,94,99,103,121" hai3="46,48,53,56,57,58,68,70,79,80,87,120,123" /><INIT seed="4,3,1,1,1,3" ten="154,126,379,331" oya="0" hai0="46,76,121,116,135,126,73,36,45,65,52,71,107" hai1="21,2,61,7,86,20,101,88,100,131,83,35,43" hai2="99,103,80,92,11,47,16,82,54,48,72,38,28" hai3="67,102,49,130,53,56,42,75,22,1,117,127,118"/><T30/><D116/><U26/><E131/><V111/><F111/><W15/><G1/><T32/><D107/><U112/><E35/><V37/><F28/><W74/><G130/><T106/><D106/><U98/><E43/><V25/><F72/><W93/><G127/><T50/><D121/><U8/><E112/><V79/><F79/><W40/><G74/><T120/><D120/><U0/><E0/><V132/><F132/><W39/><G75/><T134/><D126/><U58/><E98/><V95/><F37/><W12/><G12/><T78/><D73/><U62/><E62/><V115/><F38/><W4/><G22/><T81/><D81/><U105/><E105/><V55/><F92/><W97/><G39/><T27/><D65/><U84/><E84/><V96/><F99/><W119/><REACH who="3" step="1"/><G67/><REACH who="3" ten="154,126,379,321" step="2"/><T41/><REACH who="0" step="1"/><D71/><REACH who="0" ten="144,126,379,321" step="2"/><U91/><E2/><V19/><F115/><W33/><G33/><T31/><D31/><U64/><E64/><V90/><F82/><W94/><G94/><T14/><D14/><U60/><E83/><V57/><F80/><W124/><G124/><T129/><D129/><U13/><E13/><V9/><F95/><W125/><G125/><T51/><D51/><U87/><E26/><V63/><F25/><W108/><G108/><T10/><D10/><AGARI ba="3,3" hai="4,10,15,40,42,49,53,56,93,97,102,117,118,119" machi="10" ten="40,2600,0" yaku="1,1,52,1,53,0" doraHai="3" doraHaiUra="85" who="3" fromWho="0" sc="144,-35,126,0,379,0,321,65" /><INIT seed="5,0,0,5,5,39" ten="109,126,379,386" oya="1" hai0="92,0,128,94,19,123,112,98,6,60,13,11,77" hai1="72,9,87,12,78,134,30,20,127,42,65,88,102" hai2="2,52,10,93,56,8,135,133,119,33,27,26,122" hai3="15,46,126,80,106,25,132,95,62,124,50,63,79"/><U5/><E134/><N who="2" m="51211" /><F119/><W55/><G106/><T3/><D112/><U61/><E127/><N who="3" m="48682" /><G132/><T121/><D128/><U97/><E72/><V110/><F110/><W116/><G116/><T53/><D77/><U64/><E78/><V17/><F122/><W82/><G82/><T4/><D94/><N who="1" m="58679" /><E61/><N who="2" m="35975" /><F33/><W67/><G67/><T38/><D38/><U47/><E20/><N who="2" m="13583" /><F2/><W107/><G107/><T115/><D115/><U51/><E30/><V41/><F41/><W66/><G66/><T71/><D0/><U89/><E89/><V14/><F14/><W1/><G1/><T125/><D3/><U31/><E31/><V105/><F105/><W75/><G25/><T21/><D125/><U35/><E35/><V101/><F27/><W129/><G129/><T22/><D123/><U100/><E100/><V36/><F36/><W104/><G104/><T40/><D121/><U109/><E109/><V32/><F32/><W85/><G15/><T54/><D13/><U118/><E118/><V83/><F83/><AGARI ba="0,0" hai="5,9,12,42,47,51,64,65,83,87,88" m="58679" machi="83" ten="30,5800,0" yaku="8,1,52,1,54,1" doraHai="39" who="1" fromWho="2" sc="109,0,126,58,379,-58,386,0" /><INIT seed="5,1,0,0,1,26" ten="109,184,321,386" oya="1" hai0="133,22,6,119,107,31,49,44,45,50,41,32,123" hai1="55,33,105,47,21,95,7,8,16,118,40,5,88" hai2="60,69,87,115,66,52,120,59,34,78,36,43,84" hai3="106,131,30,51,58,48,73,25,104,90,18,108,128"/><U12/><E118/><V102/><F102/><W39/><G108/><T70/><D119/><U19/><E105/><N who="3" m="40554" /><G39/><T116/><D107/><U53/><E33/><V10/><F120/><W15/><G58/><T9/><D116/><U64/><E64/><V111/><F111/><W81/><G90/><T80/><D32/><U13/><E5/><V94/><F34/><N who="3" m="20815" /><G81/><T46/><D70/><U97/><REACH who="1" step="1"/><E19/><REACH who="1" ten="109,174,321,386" step="2"/><V20/><F66/><W61/><G18/><T28/><D123/><U134/><E134/><V3/><F69/><W71/><G71/><T135/><D22/><U77/><E77/><V0/><F20/><W121/><G121/><T92/><D80/><U74/><E74/><V86/><F78/><W89/><G73/><T100/><D135/><U1/><E1/><V113/><F3/><W126/><G131/><T132/><D133/><U83/><E83/><V129/><F129/><W125/><G128/><T37/><D132/><U85/><E85/><V114/><F0/><W79/><G79/><T110/><D110/><U27/><E27/><V56/><F87/><W130/><G130/><T11/><D37/><AGARI ba="1,1" hai="7,8,12,13,16,21,37,40,47,53,55,88,95,97" machi="37" ten="30,11600,0" yaku="1,1,7,1,54,2,53,0" doraHai="26" doraHaiUra="76" who="1" fromWho="0" sc="109,-119,174,129,321,0,386,0" owari="-10,-51.0,303,-10.0,321,12.0,386,49.0" /></mjloggm>