<mjloggm ver="2.3"><GO type="225" lobby="0"/><UN n0="%E5%B0%B1%E6%B4%BB%E7%94%9F%40%E5%B7%9D%E6%9D%91%E8%BB%8D%E5%9B%A3" n1="%E3%81%9D%E3%83%BC%E3%81%B7%E5%BB%B6%E9%95%B7" n2="%E8%B5%A4%E8%A3%8F%E3%83%9B%E3%82%B7%E3%83%BC%E3%83%8E" n3="%E5%A7%89%E5%B8%AF%E8%B1%8A%E9%9F%B3%40%E5%85%AD%E6%9B%9C" dan="17,17,16,16" rate="2160.39,2207.41,2156.74,2082.81" sx="M,M,M,F"/><TAIKYOKU oya="0"/><INIT seed="0,0,0,4,1,22" ten="250,250,250,250" oya="0" hai0="35,2,60,8,121,126,82,125,16,45,40,14,110" hai1="47,20,122,119,19,27,42,71,130,106,33,105,0" hai2="97,111,17,37,118,75,57,24,79,38,13,54,94" hai3="102,132,76,109,41,78,4,84,25,12,28,80,3"/><T32/><D121/><U23/><E122/><V63/><F75/><W134/><G3/><T52/><D2/><U96/><E33/><V131/><F79/><W62/><G102/><T10/><D10/><U93/><E119/><V31/><F131/><W61/><G41/><T43/><D82/><U86/><E71/><V112/><F111/><W113/><G76/><T26/><D110/><U18/><E86/><V92/><F92/><W85/><G85/><T68/><D68/><U1/><E130/><V72/><F72/><W107/><G107/><T70/><D70/><U124/><E124/><N who="0" m="47721" /><D35/><U89/><E106/><V88/><F112/><W117/><G113/><T21/><D32/><U81/><E81/><V55/><F118/><W67/><G78/><T91/><D91/><U87/><E96/><V36/><F55/><W6/><G67/><T46/><D60/><U49/><REACH who="1" step="1"/><E105/><REACH who="1" ten="250,240,250,250" step="2"/><V99/><F99/><W51/><G80/><T98/><D98/><U129/><E129/><V135/><F135/><W29/><G132/><T50/><D45/><U5/><E5/><AGARI ba="0,1" hai="5,8,14,16,21,26,40,43,46,50,52" m="47721" machi="5" ten="30,11600,0" yaku="18,1,52,1,54,2" doraHai="22" who="0" fromWho="1" sc="250,126,240,-116,250,0,250,0" /><INIT seed="0,1,0,4,4,113" ten="376,124,250,250" oya="0" hai0="29,31,37,122,125,10,12,81,38,79,96,19,84" hai1="64,70,9,34,99,60,100,22,50,120,1,118,54" hai2="53,76,62,108,117,119,42,30,68,21,52,98,7" hai3="15,72,128,44,63,2,58,94,35,80,77,69,133"/><T89/><D122/><U131/><E34/><V91/><F76/><W4/><G35/><T85/><D125/><U25/><E131/><V20/><F7/><W16/><G69/><T47/><D37/><U73/><E73/><V57/><F68/><W17/><G94/><T18/><D38/><U95/><E120/><V121/><F121/><W93/><G93/><T101/><D47/><U83/><E83/><V88/><F42/><W5/><G17/><T59/><D59/><U78/><E78/><V45/><F108/><W105/><G105/><T86/><D19/><U124/><E124/><V92/><F91/><W132/><G2/><T46/><D46/><U26/><E1/><V127/><F127/><W129/><G44/><T109/><D109/><U8/><E26/><V102/><F102/><W24/><G24/><T130/><D130/><N who="3" m="50281" /><G4/><T82/><D85/><U115/><E115/><V103/><F103/><W134/><G5/><T13/><D12/><U75/><E75/><V111/><F111/><W28/><G28/><T71/><D71/><U0/><E0/><V87/><F98/><W97/><G97/><T107/><AGARI ba="1,0" hai="10,13,18,29,31,79,81,82,84,86,89,96,101,107" machi="107" ten="20,2100,0" yaku="0,1,7,1" doraHai="113" who="0" fromWho="0" sc="376,24,124,-8,250,-8,250,-8" /><INIT seed="0,2,0,4,2,99" ten="400,116,242,242" oya="0" hai0="124,88,80,24,0,92,64,16,82,121,76,107,11" hai1="19,34,7,55,115,106,36,35,77,75,68,51,90" hai2="59,81,83,60,116,30,125,103,97,126,37,102,87" hai3="91,38,127,123,134,21,15,89,111,20,10,96,9"/><T39/><D107/><U26/><E36/><V17/><F37/><W86/><G38/><T117/><D39/><U74/><E115/><V61/><F30/><W53/><G134/><T44/><D121/><U6/><E68/><V132/><F132/><W62/><G111/><T46/><D0/><U28/><E35/><V105/><F116/><W94/><G127/><N who="2" m="48649" /><F17/><W78/><G78/><T73/><D117/><U70/><E70/><V119/><F119/><W66/><G53/><T131/><D64/><U47/><E106/><V43/><F43/><W57/><G123/><T27/><D131/><U4/><E77/><V135/><F135/><W22/><G15/><N who="0" m="7295" /><D73/><U25/><E25/><N who="0" m="9801" /><D76/><U104/><E19/><V49/><F49/><W2/><G2/><T129/><D129/><U130/><E130/><V12/><F12/><W67/><G66/><T50/><D124/><U13/><E13/><V42/><F42/><W5/><G5/><T110/><D110/><U84/><REACH who="1" step="1"/><E104/><REACH who="1" ten="400,106,242,242" step="2"/><V63/><F105/><W93/><AGARI ba="2,1" hai="9,10,20,21,22,57,62,67,86,89,91,93,94,96" machi="93" ten="30,2000,0" yaku="0,1,8,1" doraHai="99" who="3" fromWho="3" sc="400,-12,106,-7,242,-7,242,36" /><INIT seed="1,0,0,4,1,12" ten="388,99,235,278" oya="1" hai0="121,58,119,49,37,74,88,65,96,120,90,60,78" hai1="3,1,70,83,30,135,95,57,115,77,116,87,123" hai2="48,127,85,59,126,44,113,55,62,24,99,33,107" hai3="86,2,93,61,72,111,27,118,129,7,84,112,63"/><U53/><E115/><V101/><F113/><W69/><G72/><T134/><D37/><U79/><E116/><V73/><F73/><W130/><G7/><T82/><D134/><U68/><E123/><N who="0" m="47177" /><D119/><U102/><E135/><V14/><F85/><W15/><G93/><N who="0" m="56359" /><D90/><U114/><E114/><V124/><F24/><W50/><G61/><T89/><D89/><U80/><E30/><V17/><F33/><W56/><G27/><T103/><D49/><U13/><E3/><V67/><REACH who="2" step="1"/><F127/><REACH who="2" ten="388,99,225,278" step="2"/><W105/><G86/><T71/><D74/><U94/><E1/><V22/><AGARI ba="0,1" hai="14,17,22,44,48,55,59,62,67,99,101,107,124,126" machi="22" ten="30,7900,0" yaku="1,1,2,1,0,1,52,1,53,0" doraHai="12" doraHaiUra="91" who="2" fromWho="2" sc="388,-20,99,-39,225,89,278,-20" /><INIT seed="2,0,0,5,4,27" ten="368,60,314,258" oya="2" hai0="61,31,72,124,55,33,35,67,112,48,81,80,8" hai1="94,88,29,25,57,78,54,0,51,26,105,58,130" hai2="20,121,19,114,62,24,82,86,118,56,42,102,115" hai3="135,90,13,10,69,74,77,113,21,50,106,7,95"/><V134/><F118/><W93/><G69/><T117/><D112/><U75/><E130/><V52/><F121/><W39/><G39/><T38/><D38/><U91/><E105/><V9/><F134/><W108/><G106/><T11/><D33/><U116/><E0/><V103/><F42/><W28/><G108/><T73/><D124/><U6/><E116/><V100/><REACH who="2" step="1"/><F9/><REACH who="2" ten="368,60,304,258" step="2"/><W101/><G10/><T104/><D11/><U119/><E119/><V1/><F1/><W128/><G135/><T37/><D8/><U132/><E132/><V22/><F22/><W18/><G21/><T87/><D35/><U122/><E122/><V111/><F111/><W15/><G113/><T32/><D117/><U107/><E6/><V125/><F125/><W65/><G7/><T40/><D32/><U98/><E107/><V123/><F123/><W3/><G3/><T59/><D40/><U127/><E127/><V43/><F43/><W36/><G128/><T12/><D104/><U133/><E133/><V99/><F99/><W46/><G36/><T41/><D37/><U44/><E26/><V120/><F120/><W96/><G96/><T85/><D41/><U45/><E75/><V16/><F16/><W84/><G74/><T97/><D73/><U83/><E78/><AGARI ba="0,1" hai="19,20,24,52,56,62,78,82,86,100,102,103,114,115" machi="78" ten="40,3900,0" yaku="1,1,54,1,53,0" doraHai="27" doraHaiUra="89" who="2" fromWho="1" sc="368,0,60,-39,304,49,258,0" /><INIT seed="2,1,0,0,3,63" ten="368,21,353,258" oya="2" hai0="66,10,41,0,4,56,14,83,108,68,126,52,62" hai1="124,33,94,88,75,116,15,46,28,102,73,120,12" hai2="61,53,29,71,1,112,80,59,119,24,55,101,45" hai3="6,81,128,132,114,30,129,36,16,113,122,3,82"/><V115/><F1/><W118/><G36/><T110/><D126/><U117/><E124/><V72/><F101/><W93/><G93/><T78/><D41/><U35/><E102/><V99/><F99/><W44/><G44/><T86/><REACH who="0" step="1"/><D0/><REACH who="0" ten="358,21,353,258" step="2"/><U57/><E120/><V13/><F119/><W127/><G122/><T43/><D43/><U34/><E28/><V54/><F115/><W31/><G3/><T8/><D8/><U58/><E46/><V90/><F112/><W105/><G118/><T25/><D25/><U26/><E26/><V11/><F45/><W104/><G127/><T37/><D37/><U32/><E32/><V135/><F135/><W51/><G132/><T9/><D9/><U91/><E35/><V50/><F24/><W18/><G6/><T49/><AGARI ba="1,1" hai="4,10,14,49,52,56,62,66,68,78,83,86,108,110" machi="49" ten="30,7900,0" yaku="1,1,0,1,52,1,54,1,53,0" doraHai="63" doraHaiUra="92" who="0" fromWho="0" sc="358,92,21,-21,353,-40,258,-21" /><INIT seed="3,0,0,4,0,103" ten="450,0,313,237" oya="3" hai0="126,99,106,104,102,72,28,121,19,67,48,10,46" hai1="92,108,43,45,37,4,35,52,118,131,120,11,133" hai2="5,54,9,50,100,14,68,105,90,115,24,33,77" hai3="79,130,110,3,63,32,119,69,31,84,41,22,93"/><W112/><G22/><T13/><D121/><U26/><E92/><V0/><F68/><W135/><G93/><T66/><D72/><U82/><E52/><V16/><F77/><W124/><G84/><T109/><D106/><U89/><E89/><V98/><F115/><W44/><G79/><T49/><D109/><U58/><E58/><V17/><F90/><W53/><G53/><T56/><D28/><U6/><E6/><V47/><F33/><W36/><G31/><T51/><D126/><U128/><E120/><V81/><F81/><W61/><G44/><T57/><D46/><U55/><E55/><V7/><F24/><W74/><G41/><T70/><D70/><U20/><E20/><V125/><F125/><W107/><G63/><T101/><D101/><U42/><E42/><V117/><F117/><W8/><G8/><T73/><D73/><U38/><E38/><V88/><F7/><W29/><G29/><T23/><D10/><U78/><E118/><V83/><REACH who="2" step="1"/><F0/><REACH who="2" ten="450,0,303,237" step="2"/><W71/><G61/><N who="0" m="38183" /><D102/><U85/><E78/><V122/><F122/><AGARI ba="0,1" hai="3,32,36,69,71,74,107,110,112,119,122,124,130,135" machi="122" ten="0,48000,5" yakuman="47" doraHai="103" who="3" fromWho="2" sc="450,0,0,0,303,-480,237,490" owari="450,25.0,0,-40.0,-177,-68.0,727,83.0" /></mjloggm>