<mjloggm ver="2.3"><GO type="169" lobby="0"/><UN n0="%E3%82%A6%E3%83%AB%E3%83%88%E3%83%A9%E7%AB%8B%E7%9B%B4" n1="%E3%83%9D%E3%82%B3%E3%83%94%E3%83%B3" n2="%E3%81%BB%E3%82%8A%E3%81%88%E3%82%82%E3%82%93" n3="%E5%B9%BB%E3%81%AB%E8%B3%AD%E3%81%91%E3%82%8D" dan="17,16,16,16" rate="2127.27,2101.41,2204.83,2117.87" sx="M,M,M,M"/><TAIKYOKU oya="0"/><INIT seed="0,0,0,5,4,104" ten="250,250,250,250" oya="0" hai0="0,36,106,130,109,129,16,108,59,131,92,9,3" hai1="133,57,20,31,112,78,48,107,81,15,68,84,4" hai2="25,103,98,135,102,85,38,61,28,116,132,32,125" hai3="91,114,53,60,37,66,122,23,82,65,93,88,113"/><T76/><D106/><U123/><E133/><N who="2" m="51275" /><F125/><W117/><G37/><T34/><D36/><U63/><E123/><V54/><F116/><W51/><G117/><T8/><D76/><U115/><E107/><N who="2" m="63959" /><F85/><W56/><G122/><T39/><D39/><U110/><E110/><N who="0" m="42601" /><D34/><U62/><E68/><V74/><F38/><W121/><G121/><T128/><N who="0" m="32768" /><DORA hai="134" /><T10/><D59/><U90/><E57/><N who="2" m="34999" /><F103/><W127/><G127/><T96/><D16/><U95/><E78/><V17/><F74/><W99/><G113/><T13/><D13/><U79/><E15/><V73/><F73/><W42/><G114/><T14/><D14/><U27/><E79/><V21/><F17/><W44/><G23/><AGARI ba="0,0" hai="21,23,25,28,32" m="34999,63959,51275" machi="23" ten="30,1000,0" yaku="20,1" doraHai="104,134" who="2" fromWho="3" sc="250,0,250,0,250,10,250,-10" /><INIT seed="1,0,0,3,4,13" ten="250,250,260,240" oya="1" hai0="77,116,41,47,45,120,92,4,6,72,33,126,24" hai1="127,53,99,2,90,11,1,115,10,56,54,25,103" hai2="87,98,97,100,22,111,67,94,66,133,5,112,35" hai3="128,19,29,75,70,16,14,26,84,105,80,81,82"/><U32/><E127/><V23/><F35/><W91/><G70/><T69/><D116/><U20/><E115/><V8/><F112/><W61/><G105/><T109/><D126/><U101/><E32/><V44/><F133/><W12/><G128/><T31/><D120/><U131/><E131/><V17/><F111/><W85/><G61/><T68/><D109/><U40/><E40/><V64/><F87/><N who="3" m="33355" /><G75/><T78/><D92/><U93/><E2/><V83/><F83/><W7/><G91/><T58/><D58/><U21/><E21/><V3/><F44/><W59/><G59/><T51/><D72/><U95/><E95/><V63/><F98/><W110/><G110/><T79/><REACH who="0" step="1"/><D47/><REACH who="0" ten="240,250,260,240" step="2"/><U42/><E56/><V30/><F94/><W102/><G102/><T130/><D130/><U48/><E93/><V27/><F100/><W89/><G89/><T106/><D106/><U88/><E90/><V74/><F74/><W132/><G132/><T125/><D125/><U114/><E101/><V39/><F97/><W60/><G60/><T129/><D129/><U113/><E88/><V134/><F134/><W108/><G108/><T37/><D37/><U46/><E113/><V76/><F39/><W9/><G14/><T96/><D96/><U34/><E114/><V52/><F63/><W15/><G12/><T71/><AGARI ba="0,1" hai="4,6,24,31,33,41,45,51,68,69,71,77,78,79" machi="71" ten="40,5200,0" yaku="1,1,0,1,53,1" doraHai="13" doraHaiUra="43" who="0" fromWho="0" sc="240,62,250,-26,260,-13,240,-13" /><INIT seed="2,0,0,4,4,46" ten="302,224,247,227" oya="2" hai0="51,110,114,45,42,10,106,53,117,89,88,129,78" hai1="73,102,112,72,134,68,109,35,33,24,54,58,122" hai2="26,5,12,64,107,7,131,56,67,40,27,63,81" hai3="121,71,104,120,14,36,34,3,1,55,15,20,6"/><V79/><F107/><W108/><G104/><T29/><D114/><U8/><E109/><V86/><F131/><W25/><G36/><T99/><D110/><U116/><E134/><V130/><F130/><W113/><G71/><T11/><D129/><U103/><E68/><V44/><F67/><W23/><G55/><T21/><D78/><U77/><E116/><V32/><F32/><W22/><G108/><T31/><D117/><U37/><E37/><V95/><F95/><W38/><G38/><T132/><D132/><U66/><E66/><V2/><F2/><N who="3" m="523" /><G113/><T115/><D115/><U48/><E122/><N who="3" m="47210" /><G6/><T19/><D106/><U125/><E112/><V18/><F5/><W9/><G9/><N who="0" m="3083" /><D53/><U123/><E8/><N who="2" m="6407" /><F7/><W76/><G76/><T127/><D99/><U92/><E77/><V124/><F40/><W100/><G100/><T75/><D75/><U91/><E73/><V59/><F44/><W52/><G52/><T30/><D127/><U62/><E72/><V47/><F124/><W118/><G118/><T4/><D4/><U133/><E125/><V82/><F47/><W0/><N who="3" m="531" /><W17/><DORA hai="43" /><G34/><T49/><D49/><U57/><E35/><V105/><F105/><W80/><G80/><T61/><D61/><U50/><E123/><V41/><F41/><W65/><G65/><T93/><D93/><U94/><E62/><V98/><F98/><W84/><G84/><T74/><D74/><U96/><E94/><V135/><F135/><W90/><G90/><T28/><N who="0" m="7168" /><DORA hai="13" /><T128/><D128/><U119/><E133/><V87/><F59/><RYUUKYOKU ba="0,0" sc="302,10,224,-30,247,10,227,10" hai0="19,21,42,45,51,88,89" hai2="26,27,56,63,64,79,81,82,86,87" hai3="14,15,17,20,22,23,25" /><INIT seed="2,1,0,1,0,69" ten="312,194,257,237" oya="2" hai0="18,24,92,2,113,48,108,10,67,107,31,44,19" hai1="43,46,116,104,126,63,75,47,132,74,13,64,101" hai2="94,79,119,84,41,50,32,100,71,85,98,123,3" hai3="21,129,33,102,120,109,11,96,105,28,70,15,55"/><V30/><F71/><W4/><G120/><T60/><D107/><U122/><E132/><V93/><F3/><W12/><G109/><T73/><D73/><U124/><E116/><V66/><F66/><W117/><G117/><T6/><D108/><U8/><E122/><V97/><F119/><W22/><G129/><T118/><D113/><U127/><E104/><V88/><F123/><W49/><G70/><T39/><D92/><U29/><E101/><V103/><F32/><W52/><G55/><T134/><D134/><U0/><E29/><V14/><F30/><W121/><G121/><T26/><D39/><U57/><E0/><V45/><F79/><W82/><G82/><T65/><D118/><U36/><REACH who="1" step="1"/><E47/><REACH who="1" ten="312,184,257,237" step="2"/><V53/><F100/><W54/><G28/><T25/><D31/><U83/><E83/><V78/><F78/><W106/><G105/><T68/><REACH who="0" step="1"/><D67/><REACH who="0" ten="302,184,257,237" step="2"/><U133/><E133/><V16/><REACH who="2" step="1"/><F41/><AGARI ba="1,2" hai="2,6,10,18,19,24,25,26,41,44,48,60,65,68" machi="41" ten="40,2600,0" yaku="1,1,2,1,53,0" doraHai="69" doraHaiUra="111" who="0" fromWho="2" sc="302,49,184,0,257,-29,237,0" /><INIT seed="3,0,0,1,4,25" ten="351,184,228,237" oya="3" hai0="51,38,78,43,97,27,81,126,50,60,65,26,16" hai1="62,57,12,100,19,58,117,9,22,94,36,89,85" hai2="112,1,104,44,68,101,6,110,49,55,7,131,111" hai3="20,39,2,69,135,96,8,47,11,84,30,46,116"/><W134/><G69/><T21/><D126/><U88/><E117/><V121/><F112/><W61/><G116/><T75/><D38/><U120/><E36/><V64/><F121/><W125/><G125/><T34/><D43/><U122/><E58/><V82/><F131/><W53/><G84/><T63/><D63/><U67/><E100/><V59/><F68/><W95/><G39/><T83/><D83/><U31/><REACH who="1" step="1"/><E89/><REACH who="1" ten="351,174,228,237" step="2"/><V132/><F101/><N who="3" m="60575" /><G135/><T86/><D34/><U66/><E66/><V45/><F132/><W123/><G134/><T128/><D128/><U102/><E102/><V129/><F64/><W33/><G123/><T71/><D97/><U90/><E90/><V13/><F129/><W87/><G33/><T105/><D65/><U133/><E133/><V37/><F37/><W54/><G61/><T40/><D60/><U4/><E4/><V14/><F7/><W113/><G113/><T124/><D124/><U115/><E115/><V76/><F6/><W15/><G47/><T91/><D91/><U35/><E35/><V77/><F45/><W48/><G46/><T10/><D71/><U70/><E70/><V23/><F44/><N who="3" m="27783" /><G54/><T118/><D118/><U79/><E79/><V29/><F77/><W73/><G2/><T92/><D78/><U103/><E103/><V72/><F1/><W42/><G42/><T5/><D51/><U28/><E28/><V108/><F104/><W119/><G119/><T99/><D50/><U114/><E114/><V93/><F59/><W24/><G30/><T52/><D52/><U3/><E3/><V106/><F55/><RYUUKYOKU ba="0,1" sc="351,-10,174,30,228,-10,237,-10" hai1="9,12,19,22,31,57,62,67,85,88,94,120,122" /><INIT seed="4,1,1,5,0,21" ten="341,204,218,227" oya="0" hai0="45,40,32,87,132,28,102,48,128,85,106,97,133" hai1="62,82,20,15,73,93,84,103,34,109,14,3,135" hai2="47,42,54,108,1,39,11,111,56,53,2,30,68" hai3="94,50,26,110,46,19,27,130,115,124,61,60,22"/><T24/><REACH who="0" step="1"/><D128/><REACH who="0" ten="331,204,218,227" step="2"/><U25/><E109/><V81/><F108/><W120/><G110/><T134/><AGARI ba="1,2" hai="24,28,32,40,45,48,85,87,97,102,106,132,133,134" machi="134" ten="30,18000,2" yaku="21,2,2,1,0,1,20,1,52,1,53,0" doraHai="21" doraHaiUra="104" who="0" fromWho="0" sc="331,203,204,-61,218,-61,227,-61" /><INIT seed="4,2,0,4,1,65" ten="534,143,157,166" oya="0" hai0="58,101,34,70,135,33,3,71,73,78,72,36,74" hai1="14,133,130,32,27,11,104,129,44,89,91,105,55" hai2="62,111,134,25,28,5,15,79,47,114,57,77,9" hai3="102,123,1,35,115,10,121,85,26,2,61,24,30"/><T49/><D49/><U66/><E133/><V31/><F134/><W50/><G50/><T54/><D54/><U67/><E32/><N who="0" m="12393" /><D58/><U75/><E75/><V127/><F111/><W23/><G85/><T17/><D17/><U103/><E27/><V118/><F118/><W20/><G61/><T124/><D78/><U120/><E14/><V41/><F25/><W86/><G86/><T64/><D64/><U94/><E11/><V93/><F79/><W51/><G51/><T81/><D81/><U83/><E94/><V29/><F93/><W116/><G102/><T42/><D135/><U122/><E103/><V56/><F77/><W98/><G98/><T69/><D101/><U109/><E109/><V126/><F56/><W45/><G45/><T117/><D117/><U37/><E44/><V95/><F95/><W80/><G80/><T38/><D42/><U68/><E83/><V92/><F92/><W12/><G35/><T13/><D13/><U21/><E21/><V39/><REACH who="2" step="1"/><F114/><REACH who="2" ten="534,143,147,166" step="2"/><W113/><G116/><T48/><D124/><U59/><E59/><V112/><F112/><W97/><G97/><T100/><D100/><U131/><E131/><V82/><F82/><W43/><G113/><T84/><D84/><U6/><E130/><V99/><F99/><W119/><G115/><T4/><D48/><U132/><E132/><V108/><F108/><W18/><G119/><T107/><D107/><U60/><E129/><V46/><F46/><W8/><G26/><T22/><D22/><U40/><E105/><V96/><F96/><W88/><G23/><T110/><D110/><RYUUKYOKU ba="2,1" sc="534,15,143,-15,147,15,166,-15" hai0="3,4,36,38,69,70,71,72,73,74" hai2="5,9,15,28,29,31,39,41,47,57,62,126,127" /><INIT seed="4,3,1,2,4,11" ten="549,128,162,151" oya="0" hai0="60,131,1,103,68,7,87,67,37,119,99,74,83" hai1="25,86,46,77,63,0,80,69,92,17,40,52,51" hai2="117,104,124,5,100,82,125,28,16,2,129,38,21" hai3="88,116,61,44,19,108,114,41,123,39,64,66,72"/><T113/><D119/><U48/><E0/><V20/><F38/><W27/><G72/><T65/><D37/><U122/><E122/><V18/><F82/><W29/><G116/><T6/><D113/><U33/><E69/><V89/><F89/><W53/><G114/><T50/><D131/><U57/><E92/><V73/><F100/><W105/><G105/><T134/><D134/><U54/><E33/><V12/><F73/><W70/><G123/><T42/><D1/><U24/><REACH who="1" step="1"/><E17/><REACH who="1" ten="549,118,162,151" step="2"/><V93/><F93/><W133/><G70/><T31/><D68/><U98/><E98/><V97/><F97/><W118/><G118/><T96/><D99/><U71/><E71/><V85/><F104/><W128/><G19/><T45/><D96/><U91/><E91/><V59/><F117/><W14/><G29/><T94/><D31/><U126/><E126/><V79/><F129/><W47/><G133/><T76/><D94/><U34/><E34/><V112/><F28/><W3/><G88/><T4/><D103/><U109/><E109/><V10/><F112/><W75/><G3/><T58/><D74/><U81/><E81/><V135/><F135/><W32/><G75/><T56/><D56/><AGARI ba="3,2" hai="24,25,40,46,48,51,52,54,56,57,63,77,80,86" machi="56" ten="30,7700,0" yaku="1,1,7,1,8,1,54,1,53,0" doraHai="11" doraHaiUra="35" who="1" fromWho="0" sc="549,-86,118,106,162,0,151,0" /><INIT seed="5,0,0,0,3,122" ten="463,224,162,151" oya="1" hai0="87,29,108,126,41,17,118,72,90,100,33,23,54" hai1="10,91,5,20,105,22,129,114,15,4,61,94,102" hai2="124,51,112,44,127,52,79,14,35,9,82,34,71" hai3="50,119,62,83,75,104,84,57,78,89,28,53,76"/><U77/><E114/><V85/><F71/><W6/><G104/><T106/><D72/><U49/><E129/><V107/><F107/><W37/><G37/><T16/><D41/><U88/><E77/><V74/><F112/><W55/><G119/><T92/><D126/><U24/><E105/><V58/><F124/><W130/><G130/><T27/><D108/><U116/><E116/><V93/><F127/><W65/><G6/><T32/><D118/><U135/><E135/><V96/><F74/><W30/><G55/><T7/><D7/><U86/><E102/><V42/><F14/><W117/><G117/><T36/><D36/><U11/><E61/><V131/><F9/><W66/><G66/><T59/><D33/><U68/><E68/><V115/><F131/><W25/><G75/><T47/><D47/><U69/><E69/><V123/><F123/><W73/><G73/><T38/><D38/><U120/><E120/><V97/><F115/><W56/><G28/><T18/><D100/><U109/><E109/><V40/><F40/><W81/><REACH who="3" step="1"/><G83/><REACH who="3" ten="463,224,162,141" step="2"/><T31/><D106/><U46/><E5/><V8/><F82/><W133/><G133/><T13/><D31/><N who="1" m="17799" /><E4/><V67/><F67/><W0/><G0/><T111/><D111/><U1/><E1/><V134/><F134/><W132/><G132/><T3/><D3/><U113/><E113/><V70/><F42/><W99/><G99/><T101/><D101/><U39/><E39/><V110/><F96/><W80/><G80/><T63/><AGARI ba="0,1" hai="13,16,17,18,23,27,29,32,54,59,63,87,90,92" machi="63" ten="20,2700,0" yaku="0,1,7,1,54,1" doraHai="122" who="0" fromWho="0" sc="463,37,224,-13,162,-7,141,-7" /><INIT seed="6,0,0,4,1,132" ten="500,211,155,134" oya="2" hai0="39,21,95,19,97,115,103,113,135,117,35,32,18" hai1="127,54,49,36,108,72,92,73,102,68,119,6,107" hai2="67,58,62,110,85,12,9,28,1,96,109,25,86" hai3="5,125,74,104,88,43,3,38,71,57,16,13,4"/><V101/><F1/><W34/><G71/><T31/><D39/><U105/><E108/><V82/><F110/><W22/><G104/><T112/><D135/><U20/><E119/><V48/><F48/><W106/><G106/><T53/><D117/><U128/><E128/><V42/><F42/><W45/><G74/><T27/><D53/><U111/><E111/><V66/><F66/><W130/><G130/><T14/><D19/><U17/><E6/><V76/><F109/><W24/><G125/><T26/><D26/><U78/><E36/><V93/><F85/><W0/><G88/><T37/><D37/><U99/><E127/><V11/><REACH who="2" step="1"/><F12/><REACH who="2" ten="500,211,145,134" step="2"/><W123/><G123/><T121/><D121/><U50/><E50/><V69/><F69/><W63/><G3/><T120/><D120/><U64/><E64/><V129/><F129/><W89/><G0/><T83/><D83/><U100/><E68/><V33/><AGARI ba="0,1" hai="9,11,25,28,33,58,62,67,76,82,86,93,96,101" machi="33" ten="20,3900,0" yaku="1,1,0,1,7,1,53,0" doraHai="132" doraHaiUra="51" who="2" fromWho="2" sc="500,-13,211,-13,145,49,134,-13" /><INIT seed="6,1,0,1,4,130" ten="487,198,194,121" oya="2" hai0="108,102,57,78,123,69,23,67,90,128,113,134,107" hai1="47,10,93,132,58,44,81,17,126,85,104,6,35" hai2="82,88,24,65,7,34,50,121,53,52,63,114,74" hai3="27,120,62,61,19,103,117,40,22,105,4,86,73"/><V30/><F121/><W115/><G73/><T71/><D90/><U118/><E104/><V8/><F114/><W39/><G117/><T101/><D23/><U12/><E35/><V99/><F74/><W98/><G120/><T72/><D57/><U79/><E118/><V60/><F60/><W77/><G4/><T131/><D67/><U0/><E126/><V20/><F34/><W110/><G110/><T21/><D21/><U70/><E70/><V124/><F124/><W66/><G61/><T42/><D42/><U32/><E32/><V106/><F106/><W109/><G109/><T5/><D5/><U13/><E0/><V87/><F99/><W95/><G115/><T133/><D78/><U37/><E37/><V15/><REACH who="2" step="1"/><F50/><REACH who="2" ten="487,198,184,121" step="2"/><W127/><G127/><T122/><D72/><U46/><E132/><V41/><F41/><W3/><G105/><T91/><D107/><U14/><E6/><V89/><F89/><W54/><G40/><T45/><D91/><U92/><E58/><AGARI ba="1,1" hai="7,8,15,20,24,30,52,53,58,63,65,82,87,88" machi="58" ten="30,12000,1" yaku="1,1,7,1,8,1,54,2,53,0" doraHai="130" doraHaiUra="111" who="2" fromWho="1" sc="487,0,198,-123,184,133,121,0" /><INIT seed="6,2,0,2,3,15" ten="487,75,317,121" oya="2" hai0="44,86,93,37,87,107,122,4,127,65,104,85,12" hai1="43,98,27,91,76,1,75,51,95,96,64,84,120" hai2="62,118,30,47,112,25,74,5,108,132,116,81,90" hai3="70,20,41,82,50,10,55,125,23,8,56,111,18"/><V69/><F132/><W45/><G111/><T123/><D65/><U94/><E1/><V3/><F108/><W22/><G70/><T16/><D4/><U97/><E64/><N who="2" m="41111" /><F90/><W7/><G125/><T13/><D127/><U40/><E27/><V6/><F6/><W128/><G128/><T21/><D93/><N who="1" m="54503" /><E51/><V113/><F47/><W71/><G71/><T66/><D66/><U131/><E43/><V35/><F81/><W24/><G82/><T57/><D57/><U31/><E40/><V100/><F74/><W17/><G7/><T26/><D44/><U49/><E49/><V34/><F100/><W54/><G54/><T68/><D68/><U117/><E31/><V67/><F67/><W133/><G133/><T83/><D83/><N who="1" m="45471" /><E131/><V58/><F58/><W114/><G114/><N who="2" m="44137" /><F34/><W89/><G89/><T36/><D36/><U101/><E120/><V134/><F134/><W119/><G119/><N who="2" m="45609" /><F5/><W72/><G72/><T106/><D37/><U28/><E117/><V29/><F30/><W11/><REACH who="3" step="1"/><G24/><REACH who="3" ten="487,75,317,111" step="2"/><T61/><D26/><U102/><E28/><V59/><F59/><W73/><G73/><T79/><D123/><U129/><E129/><V9/><F3/><W0/><G0/><T19/><D122/><U14/><E14/><V88/><F88/><W130/><G130/><T48/><D79/><U32/><E32/><V105/><F105/><W126/><G126/><T2/><D2/><U135/><E135/><V92/><F92/><AGARI ba="2,1" hai="92,94,95,96,97,98,101,102" m="45471,54503" machi="92" ten="30,8000,1" yaku="35,5" doraHai="15" who="1" fromWho="2" sc="487,0,75,96,317,-86,111,0" /><INIT seed="7,0,0,4,0,5" ten="487,171,231,111" oya="3" hai0="43,51,38,47,9,116,28,99,24,68,2,50,87" hai1="92,123,94,36,95,111,72,78,67,7,21,8,114" hai2="104,27,12,93,73,113,35,74,101,118,131,75,110" hai3="63,41,34,49,29,107,125,76,48,65,119,106,58"/><W40/><G119/><T126/><D68/><U33/><E111/><V1/><F118/><W90/><G76/><T127/><D116/><U83/><E33/><V109/><F12/><W97/><G34/><T26/><D87/><U18/><E123/><V81/><F93/><N who="3" m="56503" /><G107/><T120/><D120/><U79/><E36/><V128/><F1/><W91/><G106/><T100/><D51/><N who="3" m="19529" /><G125/><T77/><D77/><U115/><E67/><V82/><F110/><W46/><G46/><T70/><D70/><U102/><E79/><V55/><F109/><W6/><G29/><T135/><D38/><U134/><E134/><V42/><F35/><W129/><G129/><T130/><D135/><U59/><E59/><V121/><F121/><W84/><G6/><N who="0" m="1239" /><D28/><U23/><E102/><V13/><F104/><W45/><G45/><T66/><D130/><U103/><E103/><V80/><F128/><W4/><G4/><T98/><D100/><U31/><E31/><V53/><F101/><W112/><G112/><N who="1" m="43050" /><E18/><V85/><F113/><W22/><G22/><T37/><D37/><U44/><E44/><V16/><F131/><W105/><G105/><T20/><D127/><U14/><AGARI ba="0,0" hai="7,8,14,21,23,72,78,83,92,94,95" m="43050" machi="14" ten="30,2000,0" yaku="15,1,52,1" doraHai="5" who="1" fromWho="1" sc="487,-5,171,20,231,-5,111,-10" owari="482,58.0,191,-21.0,226,3.0,101,-40.0" /></mjloggm>