<mjloggm ver="2.3"><GO type="169" lobby="0"/><UN n0="%E7%9C%9F%E3%81%A3%E5%90%91%E5%8B%9D%E8%B2%A0" n1="%70%6F%6E%5F%6B%61%73%75" n2="%E2%91%A3%E3%82%BB%E3%83%B3%E3%83%81" n3="%E3%82%A6%E3%83%AB%E3%83%88%E3%83%A9%E7%AB%8B%E7%9B%B4" dan="17,16,18,17" rate="2177.76,2056.18,2187.47,2143.68" sx="F,M,M,M"/><TAIKYOKU oya="0"/><INIT seed="0,0,0,1,5,135" ten="250,250,250,250" oya="0" hai0="33,103,96,0,59,124,58,131,27,41,66,118,62" hai1="19,88,69,60,10,79,119,133,114,25,81,129,21" hai2="111,61,98,86,95,78,104,85,51,84,40,110,29" hai3="91,37,22,16,77,36,97,48,105,42,34,127,87"/><T102/><D118/><U94/><E133/><V108/><F29/><W23/><G34/><T115/><D115/><U31/><E119/><V112/><F112/><W15/><G77/><T100/><D0/><U11/><E114/><V17/><F104/><W109/><G109/><T71/><D131/><U64/><E129/><V50/><F78/><W56/><G127/><T122/><D122/><U44/><E44/><V121/><F121/><W101/><G23/><T63/><D41/><U83/><E19/><V90/><F40/><W72/><G72/><T24/><D124/><U134/><E134/><V7/><F7/><W74/><G74/><T55/><D33/><U65/><E64/><V3/><F3/><W89/><G89/><T132/><D132/><U68/><E68/><V6/><F6/><W45/><REACH who="3" step="1"/><G56/><REACH who="3" ten="250,250,250,240" step="2"/><T70/><REACH who="0" step="1"/><D96/><REACH who="0" ten="240,250,250,240" step="2"/><U92/><E79/><V82/><F111/><W28/><G28/><T20/><D20/><U5/><E21/><V49/><F110/><W107/><G107/><T120/><D120/><U93/><E31/><V73/><F108/><W54/><G54/><T123/><D123/><U99/><E99/><V125/><F125/><W2/><G2/><T47/><D47/><U8/><E65/><V1/><F1/><W38/><G38/><T39/><D39/><U30/><E30/><V76/><F73/><W46/><G46/><T106/><D106/><U13/><E10/><V130/><F130/><W128/><G128/><T9/><D9/><U35/><E8/><V14/><F76/><W126/><G126/><T4/><D4/><U113/><E5/><RYUUKYOKU ba="0,2" sc="240,15,250,-15,250,-15,240,15" hai0="24,27,55,58,59,62,63,66,70,71,100,102,103" hai3="15,16,22,36,37,42,45,48,87,91,97,101,105" /><INIT seed="0,1,2,4,5,127" ten="255,235,235,255" oya="0" hai0="80,57,71,93,21,9,77,108,29,107,52,76,110" hai1="74,79,15,27,3,113,26,97,125,134,81,131,124" hai2="135,68,1,99,18,55,2,36,123,7,88,90,132" hai3="17,42,83,59,39,96,45,106,62,75,48,98,130"/><T117/><D117/><U51/><E3/><N who="2" m="1035" /><F7/><W50/><G130/><T112/><D112/><U64/><E131/><V61/><F36/><W101/><G17/><T116/><D107/><U19/><E113/><V54/><F123/><W119/><G119/><T65/><D9/><U85/><E64/><N who="2" m="40975" /><F18/><W121/><G121/><T103/><D65/><U94/><E85/><V22/><F22/><W24/><G24/><N who="0" m="16527" /><D71/><U14/><E51/><V6/><F6/><W56/><G96/><N who="0" m="59791" /><D80/><U37/><E37/><V129/><F129/><W87/><G75/><T78/><D116/><U34/><E14/><V4/><F4/><W122/><G122/><T53/><D57/><U66/><E66/><V128/><F128/><W70/><G70/><T46/><D46/><U58/><E58/><V12/><F12/><W133/><G133/><N who="2" m="51273" /><F99/><W41/><G41/><T109/><AGARI ba="1,2" hai="52,53,76,77,78,108,109,110" m="59791,16527" machi="109" ten="40,7800,0" yaku="14,1,10,1,54,1" doraHai="127" who="0" fromWho="0" sc="255,101,235,-27,235,-27,255,-27" /><INIT seed="0,2,0,3,1,86" ten="356,208,208,228" oya="0" hai0="75,109,39,111,118,133,101,120,117,11,34,56,59" hai1="51,114,0,33,21,55,18,77,47,36,46,90,128" hai2="22,4,93,104,110,7,96,32,9,85,127,17,66" hai3="115,12,61,82,31,1,122,43,19,102,70,108,6"/><T74/><D34/><U71/><E71/><V83/><F32/><W97/><G115/><T91/><D39/><U49/><E36/><V24/><F104/><W14/><G122/><T41/><D41/><U103/><E33/><V69/><F110/><N who="0" m="41994" /><D101/><U27/><E114/><V20/><F127/><W134/><G31/><T100/><D100/><U60/><E128/><V54/><F66/><W15/><G43/><T35/><D35/><U44/><E103/><N who="2" m="60815" /><F69/><W64/><G134/><T125/><D11/><U50/><E0/><V48/><F22/><W80/><G108/><T37/><D37/><U53/><E77/><N who="2" m="46319" /><F9/><W81/><G1/><T119/><D125/><U72/><E72/><N who="0" m="27689" /><D120/><U132/><E132/><V3/><F3/><W130/><G130/><T105/><D105/><U135/><E135/><V129/><F129/><W29/><G6/><T79/><D79/><U8/><E8/><V88/><F88/><W84/><G102/><T68/><D68/><U99/><REACH who="1" step="1"/><E60/><REACH who="1" ten="356,198,208,228" step="2"/><V10/><F10/><W38/><G61/><T106/><D133/><U107/><E107/><V63/><F63/><W131/><G70/><T98/><D106/><U116/><E116/><V58/><AGARI ba="2,1" hai="4,7,17,20,24,48,54,58" m="46319,60815" machi="58" ten="30,1100,0" yaku="8,1" doraHai="86" who="2" fromWho="2" sc="356,-7,198,-5,208,27,228,-5" /><INIT seed="1,0,0,1,1,76" ten="349,193,235,223" oya="1" hai0="80,77,29,23,120,17,67,40,114,132,37,58,30" hai1="89,51,66,79,100,98,78,20,110,47,71,122,62" hai2="7,94,105,93,130,36,121,123,102,56,69,64,99" hai3="91,118,63,125,65,11,41,26,16,101,13,61,75"/><U103/><E122/><V74/><F36/><W133/><G125/><T116/><D114/><U9/><E110/><V46/><F69/><W131/><G131/><T12/><D116/><U14/><E20/><V50/><F7/><W95/><G118/><T90/><D132/><U15/><E89/><V59/><F74/><W60/><G133/><T19/><D90/><U129/><E129/><V113/><F130/><W108/><G108/><T72/><D40/><U32/><E32/><V45/><F113/><W68/><G75/><T31/><D37/><U48/><E14/><V42/><F45/><W117/><G117/><T128/><D120/><U57/><E71/><V3/><F3/><W87/><G41/><T112/><D112/><U85/><E48/><V124/><F124/><W126/><G126/><T111/><D111/><U97/><E97/><V34/><F34/><W134/><G134/><T104/><D104/><U0/><E0/><V27/><F27/><W73/><G73/><T21/><D58/><N who="2" m="22058" /><F64/><W25/><G25/><T1/><D67/><U4/><E85/><V83/><F94/><W6/><G101/><N who="1" m="38986" /><E98/><V22/><F22/><W54/><G26/><N who="0" m="14655" /><D1/><U28/><E28/><V10/><F105/><W86/><G68/><T92/><D128/><U84/><E84/><V38/><F38/><W8/><G86/><T109/><D109/><U53/><AGARI ba="0,0" hai="4,9,15,47,51,53,57,62,66,78,79" m="38986" machi="53" ten="30,1500,0" yaku="8,1" doraHai="76" who="1" fromWho="1" sc="349,-5,193,15,235,-5,223,-5" /><INIT seed="1,1,0,3,3,107" ten="344,208,230,218" oya="1" hai0="33,62,40,54,17,129,47,103,128,14,20,124,92" hai1="127,113,41,43,104,53,63,76,132,73,19,121,86" hai2="59,111,5,83,16,96,23,101,79,100,109,81,70" hai3="134,95,30,32,117,126,71,57,120,114,130,60,133"/><U15/><E113/><V0/><F70/><W88/><G71/><T115/><D33/><U29/><E121/><V106/><F101/><W55/><G120/><T78/><D115/><U39/><E104/><V98/><F98/><W94/><G114/><T82/><D124/><U38/><E127/><V123/><F123/><W75/><G126/><T118/><D118/><U131/><E29/><V74/><F59/><W42/><G42/><T35/><D35/><U90/><E41/><V24/><REACH who="2" step="1"/><F83/><REACH who="2" ten="344,208,220,218" step="2"/><W77/><G57/><T2/><D103/><U28/><E131/><V122/><F122/><W52/><G130/><T49/><D82/><U22/><E132/><V25/><F25/><W125/><G117/><T135/><D135/><U45/><E38/><V112/><F112/><W18/><G134/><T6/><D129/><U116/><E116/><V119/><F119/><W7/><G133/><T13/><D128/><U105/><E105/><V34/><F34/><W89/><G32/><T66/><D92/><U10/><E39/><V80/><F80/><W1/><G95/><T69/><D69/><U31/><E76/><V97/><F97/><W21/><G77/><T51/><D78/><U26/><E26/><V85/><F85/><W67/><G94/><T87/><D87/><U44/><E86/><V84/><F84/><W93/><G93/><T50/><D47/><U36/><E45/><V61/><F61/><W46/><G60/><T12/><D62/><U37/><E63/><V58/><F58/><W64/><G125/><T108/><D50/><U9/><E37/><V68/><F68/><RYUUKYOKU ba="1,1" sc="344,-10,208,-10,220,30,218,-10" hai2="0,5,16,23,24,74,79,81,96,100,106,109,111" /><INIT seed="2,2,1,3,1,121" ten="334,198,250,208" oya="2" hai0="51,43,24,134,127,112,69,44,41,110,98,76,8" hai1="118,33,21,89,78,61,106,34,129,84,54,45,65" hai2="105,18,97,70,4,64,0,103,28,1,9,46,32" hai3="107,2,130,115,95,81,77,135,14,71,25,132,87"/><V29/><F18/><W85/><G2/><T23/><D69/><U124/><E118/><V104/><F0/><W5/><G71/><T30/><D112/><U116/><E116/><V26/><F29/><W109/><G107/><T117/><D127/><U63/><E106/><N who="2" m="63855" /><F46/><W20/><G115/><T93/><D76/><U80/><E124/><V94/><F94/><W131/><G14/><T96/><D93/><U27/><E129/><N who="3" m="49162" /><G5/><T90/><D30/><U11/><E11/><V59/><F59/><W72/><G20/><T50/><D23/><U48/><E78/><V55/><F55/><W36/><G36/><T125/><D8/><U3/><E3/><V82/><F82/><W47/><G25/><T83/><D24/><U39/><E39/><V62/><AGARI ba="2,1" hai="1,4,9,26,28,32,62,64,70,104,105" m="63855" machi="62" ten="30,6000,0" yaku="25,1,33,2" doraHai="121" who="2" fromWho="2" sc="334,-22,198,-22,250,76,208,-22" /><INIT seed="2,3,0,4,3,61" ten="312,176,326,186" oya="2" hai0="113,123,23,118,56,52,89,36,9,13,24,122,78" hai1="20,63,88,3,19,41,131,74,43,10,46,50,82" hai2="77,47,53,2,40,94,109,105,117,34,28,8,127" hai3="111,70,32,81,11,125,26,59,33,107,121,21,124"/><V130/><F105/><W18/><G70/><T12/><D113/><U84/><E131/><V115/><F115/><W58/><G107/><T133/><D36/><U132/><E132/><V95/><F117/><W116/><G81/><T64/><D133/><U79/><E3/><V54/><F28/><W69/><G69/><T87/><D78/><U15/><E63/><V30/><F30/><W99/><G99/><T98/><D98/><U129/><E129/><V44/><F34/><N who="3" m="13419" /><G59/><T27/><D12/><U92/><REACH who="1" step="1"/><E10/><REACH who="1" ten="312,166,326,186" step="2"/><V134/><F8/><W68/><G11/><T51/><D9/><U16/><E16/><V102/><F2/><W104/><G18/><T110/><D118/><U126/><E126/><V85/><F127/><W71/><G116/><T38/><D122/><U101/><E101/><V57/><F102/><W106/><G121/><T22/><D123/><U86/><E86/><V120/><F85/><W14/><G125/><T97/><D87/><U96/><E96/><V62/><F134/><W42/><G124/><T48/><D97/><U0/><E0/><V29/><F130/><W6/><G6/><T80/><D110/><U93/><E93/><V128/><F95/><W55/><G111/><T73/><D80/><U31/><E31/><V39/><F29/><W60/><G106/><T5/><D5/><U37/><E37/><V114/><F109/><W119/><G104/><T35/><D38/><U103/><E103/><V108/><F128/><W135/><G135/><T66/><D35/><U49/><E49/><V4/><F120/><W100/><G119/><T91/><D48/><RYUUKYOKU ba="3,1" sc="312,-10,166,30,326,-10,186,-10" hai1="15,19,20,41,43,46,50,74,79,82,84,88,92" /><INIT seed="3,4,1,1,5,36" ten="302,196,316,176" oya="3" hai0="26,48,134,92,95,116,35,1,42,81,53,89,31" hai1="19,118,133,125,59,119,73,6,132,25,90,102,121" hai2="84,61,123,58,9,129,97,99,128,65,106,32,126" hai3="80,72,82,94,29,100,17,66,68,93,41,112,5"/><W103/><G68/><T45/><D116/><N who="1" m="44587" /><E121/><V113/><F113/><W108/><G112/><T51/><D1/><U86/><E73/><V109/><F123/><W91/><G72/><T23/><D134/><N who="1" m="51819" /><E102/><N who="3" m="38954" /><G108/><T78/><D35/><U75/><E75/><V50/><F109/><W57/><G29/><T40/><D89/><U107/><E107/><V130/><F106/><W55/><G66/><T18/><D31/><U7/><E125/><V77/><F32/><W16/><G5/><T52/><D92/><N who="3" m="35433" /><G41/><T88/><D81/><N who="3" m="31337" /><G91/><T3/><D3/><U135/><E135/><V101/><F126/><W46/><G46/><N who="0" m="27767" /><D78/><U54/><E90/><V67/><F101/><W24/><G24/><T76/><D76/><U83/><E83/><N who="2" m="47215" /><F67/><W20/><G20/><T98/><AGARI ba="4,1" hai="18,23,26,40,42,45,48,53,88,95,98" m="27767" machi="98" ten="30,8000,1" yaku="8,1,52,2,54,2" doraHai="36" who="0" fromWho="0" sc="302,102,196,-24,316,-24,176,-44" /><INIT seed="4,0,0,4,0,80" ten="404,172,292,132" oya="0" hai0="118,98,66,126,78,17,41,32,56,48,67,57,27" hai1="49,53,50,5,33,44,92,63,45,107,132,12,29" hai2="15,6,127,51,40,77,109,0,8,130,30,14,86" hai3="52,18,7,71,74,115,97,19,39,73,69,96,72"/><T16/><D118/><U99/><E132/><V113/><F109/><W42/><G7/><T123/><D123/><U75/><E75/><V28/><F0/><W59/><G115/><T23/><D32/><U108/><E108/><V79/><F113/><W104/><G42/><T82/><D56/><U76/><E76/><N who="2" m="29259" /><F127/><W105/><G39/><T103/><D17/><U68/><E107/><V120/><F120/><W87/><G59/><T24/><D24/><U37/><E37/><V22/><F86/><W61/><G61/><T9/><D9/><U122/><E122/><V95/><F95/><W70/><G52/><T20/><D20/><U110/><E110/><V102/><F102/><W2/><G87/><T101/><D101/><U91/><E29/><V38/><F130/><W114/><G2/><T135/><D135/><U83/><E83/><V36/><F36/><W93/><G93/><T89/><D89/><U85/><E33/><V34/><F38/><W129/><G129/><T134/><D126/><U90/><E63/><V81/><F81/><W133/><G133/><T58/><D82/><N who="1" m="49463" /><E68/><V111/><F34/><W117/><G117/><T121/><D134/><U11/><E50/><V100/><F100/><W106/><REACH who="3" step="1"/><G114/><REACH who="3" ten="404,172,292,122" step="2"/><T26/><D41/><U46/><AGARI ba="0,1" hai="5,11,12,44,45,46,49,53,91,92,99" m="49463" machi="46" ten="30,2000,0" yaku="8,1,52,1" doraHai="80" who="1" fromWho="1" sc="404,-10,172,30,292,-5,122,-5" /><INIT seed="5,0,0,3,4,1" ten="394,202,287,117" oya="1" hai0="84,19,32,9,134,67,50,45,64,11,76,72,6" hai1="15,39,94,122,102,89,90,38,14,93,13,131,62" hai2="37,16,71,52,109,115,2,127,126,56,129,59,65" hai3="103,78,27,17,29,104,12,35,70,5,66,83,100"/><U48/><E122/><V40/><F2/><W101/><G104/><T58/><D32/><U25/><E131/><V34/><F34/><W51/><G70/><T77/><D72/><U92/><E102/><V87/><F87/><W85/><G66/><T46/><D46/><U8/><E48/><N who="2" m="30727" /><F109/><W86/><G51/><T119/><D134/><U112/><E112/><V105/><F105/><W118/><G118/><T18/><D58/><U63/><E25/><V24/><F59/><W22/><REACH who="3" step="1"/><G85/><REACH who="3" ten="394,202,287,107" step="2"/><T82/><D84/><U108/><E108/><V21/><F115/><W26/><G26/><T30/><D50/><U113/><E113/><V41/><F129/><W60/><G60/><N who="1" m="23082" /><E8/><V120/><F65/><W33/><G33/><T0/><D64/><U116/><E116/><V31/><F71/><W10/><G10/><T44/><D9/><U54/><E54/><V97/><F41/><W133/><G133/><T73/><D67/><U125/><E125/><V95/><F40/><W79/><G79/><T106/><D76/><U3/><E3/><V36/><F127/><W96/><G96/><T43/><D43/><U42/><E42/><V28/><F126/><W124/><G124/><T123/><D119/><U128/><E128/><V99/><F99/><W20/><G20/><T81/><D77/><U111/><E111/><V130/><F130/><W57/><G57/><T74/><D11/><U88/><AGARI ba="0,1" hai="13,14,15,38,39,88,89,90,92,93,94" m="23082" machi="88" ten="40,12000,1" yaku="29,2,28,2,54,1" doraHai="1" who="1" fromWho="1" sc="394,-40,202,130,287,-40,107,-40" /><INIT seed="5,1,0,1,4,125" ten="354,332,247,67" oya="1" hai0="11,119,77,112,26,43,115,86,95,93,129,73,135" hai1="111,9,59,123,7,83,65,23,37,39,22,127,117" hai2="91,42,2,105,50,19,104,90,38,109,48,56,70" hai3="8,71,40,113,128,63,100,54,17,96,97,89,24"/><U106/><E127/><V132/><F2/><W47/><G113/><T107/><D43/><U0/><E123/><V68/><F109/><W35/><G89/><N who="2" m="33801" /><F56/><W58/><G71/><N who="2" m="27177" /><F19/><W122/><G122/><T101/><D135/><U27/><E117/><V32/><F42/><W29/><G128/><T108/><D129/><U134/><E134/><V60/><F132/><W99/><G8/><T36/><D11/><U126/><E106/><N who="2" m="41067" /><F60/><W94/><REACH who="3" step="1"/><G17/><REACH who="3" ten="354,332,247,57" step="2"/><T130/><D112/><U92/><E126/><V84/><F38/><AGARI ba="1,1" hai="24,29,35,38,40,47,54,58,63,94,96,97,99,100" machi="38" ten="30,3900,0" yaku="1,1,2,1,7,1,53,0" doraHai="125" doraHaiUra="102" who="3" fromWho="2" sc="354,0,332,0,247,-42,57,52" /><INIT seed="6,0,0,2,1,68" ten="354,332,205,109" oya="2" hai0="55,60,128,100,25,105,133,24,38,93,64,47,13" hai1="65,113,119,35,70,42,98,58,114,9,94,87,118" hai2="29,125,45,84,57,16,27,73,59,78,101,36,74" hai3="86,134,82,18,89,85,120,132,20,8,6,67,103"/><V50/><F101/><W15/><G120/><T12/><D105/><U61/><E35/><V28/><F84/><W107/><G107/><T11/><D12/><U63/><E9/><V108/><F36/><W75/><G75/><T23/><D128/><U5/><E5/><V92/><F92/><W48/><G103/><T88/><D133/><U117/><E42/><V41/><F125/><W39/><G67/><T129/><D23/><U0/><E0/><V46/><F108/><W83/><G48/><T127/><D129/><U7/><E7/><V33/><F78/><W32/><G32/><T26/><D100/><N who="1" m="60503" /><E87/><V4/><F4/><W97/><G97/><T31/><D31/><U122/><E122/><V112/><F112/><N who="1" m="43113" /><E119/><V71/><F71/><W131/><G131/><T80/><D127/><U116/><E116/><V34/><F50/><W1/><REACH who="3" step="1"/><G39/><REACH who="3" ten="354,332,205,99" step="2"/><T135/><D38/><U90/><E65/><V91/><F74/><W115/><G115/><T130/><D64/><U121/><E121/><V52/><F73/><W81/><G81/><T96/><D80/><U10/><E118/><V104/><F34/><W66/><G66/><T77/><D130/><U123/><E123/><V53/><F33/><W30/><G30/><T22/><D96/><U62/><E117/><V51/><F104/><W102/><G102/><T76/><D60/><U44/><E63/><N who="2" m="36263" /><F29/><W14/><G14/><T111/><D13/><U3/><E62/><V109/><F28/><W2/><G2/><T72/><D72/><U43/><E61/><V19/><F51/><W110/><G110/><T124/><D111/><RYUUKYOKU ba="0,1" sc="354,-10,332,-10,205,-10,99,30" hai3="1,6,8,15,18,20,82,83,85,86,89,132,134" /><INIT seed="7,1,1,3,5,47" ten="344,322,195,129" oya="3" hai0="5,128,54,30,111,78,112,82,85,58,93,91,101" hai1="44,96,50,31,81,52,57,76,118,45,135,114,92" hai2="75,55,72,131,1,79,36,83,104,7,80,115,122" hai3="63,23,49,120,26,42,95,32,61,90,38,27,116"/><W73/><G120/><T98/><D111/><U77/><E114/><V105/><F55/><W71/><G116/><T86/><D128/><U2/><E135/><V43/><F115/><W33/><G38/><T40/><D40/><U25/><E2/><V8/><F122/><W97/><G73/><T88/><D112/><U9/><E9/><V20/><F20/><W16/><G71/><T46/><D46/><U84/><E77/><N who="2" m="44071" /><F131/><W117/><G117/><T60/><D5/><U17/><E17/><V41/><F41/><W102/><G102/><T126/><D126/><U103/><E118/><V22/><F22/><AGARI ba="1,1" hai="22,25,31,44,45,50,52,57,76,81,84,92,96,103" machi="22" ten="30,7700,0" yaku="7,1,8,1,52,1,54,1" doraHai="47" who="1" fromWho="2" sc="344,0,322,90,195,-80,129,0" owari="344,14.0,412,51.0,115,-38.0,129,-27.0" /></mjloggm>