<mjloggm ver="2.3"><GO type="169" lobby="0"/><UN n0="%E7%B7%92%E6%96%B9%E6%99%BA%E7%B5%B5%E9%87%8C%2B" n1="%E7%AB%8B%E8%8F%AF%E5%A5%8F" n2="%E5%B0%B1%E6%B4%BB%E7%94%9F%40%E5%B7%9D%E6%9D%91%E8%BB%8D%E5%9B%A3" n3="%E8%A6%AA%E6%8C%87%EF%BC%88%E5%A4%A7%EF%BC%89" dan="19,17,17,17" rate="2237.42,2236.72,2148.53,2183.90" sx="M,F,M,M"/><TAIKYOKU oya="0"/><INIT seed="0,0,0,0,4,5" ten="250,250,250,250" oya="0" hai0="57,72,28,20,42,13,39,112,120,97,93,115,129" hai1="59,4,126,64,101,122,67,81,80,87,96,128,89" hai2="36,37,109,133,27,50,3,60,117,118,23,99,100" hai3="125,45,123,43,35,91,41,58,12,110,66,71,49"/><T130/><D72/><U26/><E122/><V68/><F3/><W108/><G35/><T75/><D75/><U33/><E126/><V38/><F133/><W90/><G125/><T132/><D120/><U119/><E119/><V31/><F109/><N who="3" m="42091" /><G123/><T21/><D132/><U56/><E128/><V102/><F50/><W51/><G12/><T7/><D42/><U84/><E4/><V8/><F8/><W30/><G30/><T32/><D57/><U98/><E33/><V16/><F31/><W92/><G92/><T61/><D61/><U34/><E34/><V44/><F44/><N who="3" m="25743" /><G71/><T55/><D39/><U134/><E134/><V19/><F19/><W48/><G48/><T0/><D0/><U76/><E26/><V2/><F2/><W82/><G82/><T73/><D32/><U14/><E14/><V95/><F102/><W107/><G107/><T113/><D113/><U74/><E74/><V106/><F106/><W124/><G124/><T131/><D131/><U94/><E98/><V127/><F127/><W52/><G43/><T135/><D135/><U18/><E18/><V114/><F114/><W6/><G6/><T1/><D1/><U24/><E24/><V77/><F77/><W86/><G86/><T104/><D104/><U85/><E85/><V69/><REACH who="2" step="1"/><F60/><AGARI ba="0,0" hai="45,51,52,58,60,66,90,91" m="25743,42091" machi="60" ten="30,2000,0" yaku="14,1,54,1" doraHai="5" who="3" fromWho="2" sc="250,0,250,0,250,-20,250,20" /><INIT seed="1,0,0,4,2,44" ten="250,250,230,270" oya="1" hai0="10,118,121,40,8,119,39,1,24,54,75,61,130" hai1="76,84,14,17,123,52,74,57,50,30,108,55,56" hai2="66,29,105,2,15,132,67,89,32,16,27,35,122" hai3="36,21,92,135,133,131,113,116,48,111,19,13,95"/><U58/><E74/><V100/><F122/><W126/><G113/><T18/><D121/><U53/><E123/><V91/><F2/><W96/><G36/><T65/><D75/><U6/><E6/><V51/><F35/><W31/><G111/><T59/><D130/><U97/><E108/><V82/><F132/><N who="3" m="50763" /><G131/><T26/><D40/><U120/><E120/><V93/><F105/><W23/><G126/><T88/><D39/><U68/><E68/><V112/><F112/><W11/><G116/><T47/><D1/><U80/><E97/><V134/><F134/><W62/><G62/><T109/><D109/><U63/><E30/><V45/><F100/><N who="3" m="60423" /><G31/><T43/><D118/><U85/><E85/><V90/><F82/><W33/><G33/><T25/><D65/><U73/><E73/><V98/><F67/><W22/><G95/><T127/><D127/><U37/><E37/><V4/><F4/><N who="3" m="3303" /><G48/><N who="0" m="26751" /><D18/><AGARI ba="0,0" hai="18,19,21,22,23" m="3303,60423,50763" machi="18" ten="30,1000,0" yaku="20,1" doraHai="44" who="3" fromWho="0" sc="250,-10,250,0,230,0,270,10" /><INIT seed="2,0,0,3,4,109" ten="240,250,230,280" oya="2" hai0="52,15,91,131,0,103,40,26,118,21,135,35,99" hai1="130,2,11,51,122,125,7,70,64,44,9,86,27" hai2="94,37,18,132,50,3,129,34,22,111,106,105,8" hai3="133,39,115,45,73,119,134,29,124,53,114,82,93"/><V30/><F37/><W1/><G119/><T47/><D0/><U81/><E125/><V97/><F129/><W79/><G124/><T88/><D131/><U48/><E130/><V126/><F132/><N who="3" m="50795" /><G1/><T75/><D75/><U28/><E122/><V102/><F126/><W12/><G29/><T128/><D128/><U19/><E64/><V49/><F111/><W61/><G12/><T78/><D78/><U96/><E70/><V4/><F105/><W104/><G104/><T123/><D123/><U68/><E68/><V87/><F106/><W23/><G23/><T63/><D135/><U85/><E96/><V120/><F120/><W77/><G77/><T127/><D35/><U80/><E19/><V83/><F30/><W112/><G93/><N who="0" m="58863" /><D15/><U5/><E2/><V101/><F34/><W107/><G107/><T24/><D24/><U46/><E27/><V84/><F102/><W110/><G110/><T41/><D127/><U74/><E74/><V55/><F83/><W89/><G89/><N who="0" m="34379" /><D118/><U10/><E10/><V33/><F33/><W6/><G6/><T98/><D98/><U71/><E71/><V67/><F87/><W66/><G39/><T56/><D47/><U95/><E95/><V14/><F84/><W108/><G108/><T13/><D13/><U42/><E28/><AGARI ba="0,0" hai="21,26,28,40,41,52,56,63" m="34379,58863" machi="28" ten="30,3900,0" yaku="8,1,54,2" doraHai="109" who="0" fromWho="1" sc="240,39,250,-39,230,0,280,0" /><INIT seed="3,0,0,4,3,15" ten="279,211,230,280" oya="3" hai0="1,52,49,63,64,72,109,104,37,65,58,103,126" hai1="120,14,119,44,115,76,26,50,91,70,77,98,55" hai2="132,39,80,95,124,90,13,84,105,57,5,88,61" hai3="73,56,122,20,71,133,83,93,113,25,135,46,59"/><W31/><G113/><T82/><D1/><U130/><E115/><V108/><F105/><W89/><G122/><T78/><D126/><U45/><E120/><V30/><F124/><W48/><G71/><T8/><D109/><U86/><E70/><V134/><F39/><W101/><G101/><T68/><D65/><U9/><E119/><V17/><F108/><W4/><G4/><T79/><D79/><U85/><E130/><V2/><F30/><W29/><G29/><T11/><D103/><U106/><E26/><V112/><F5/><W123/><G123/><T6/><D104/><U16/><E45/><V41/><F41/><N who="3" m="24655" /><G83/><T97/><D6/><U24/><E24/><V36/><F36/><W107/><G73/><T69/><D69/><U43/><E43/><V128/><F2/><W32/><G107/><T99/><D37/><U27/><E27/><V62/><F128/><W12/><G12/><T127/><D127/><U28/><E28/><V53/><F112/><W129/><G32/><T19/><D8/><U22/><E22/><N who="2" m="11567" /><F134/><N who="3" m="51211" /><G129/><T87/><D72/><U60/><E60/><N who="2" m="35887" /><F132/><W33/><G33/><T21/><D11/><U23/><E23/><V10/><F10/><W66/><G66/><T67/><D64/><U94/><E106/><V54/><F54/><W111/><G111/><T38/><D38/><U0/><E0/><V3/><F3/><W116/><G116/><T102/><D102/><U96/><E96/><AGARI ba="0,0" hai="61,62,80,84,88,90,95,96" m="35887,11567" machi="96" ten="30,3900,0" yaku="8,1,52,1,54,1" doraHai="15" who="2" fromWho="1" sc="279,0,211,-39,230,39,280,0" /><AGARI ba="0,0" hai="20,25,31,56,59,89,93,96" m="51211,24655" machi="96" ten="30,1500,0" yaku="20,1" doraHai="15" who="3" fromWho="1" sc="279,0,172,-15,269,0,280,15" /><INIT seed="3,1,0,0,1,48" ten="279,157,269,295" oya="3" hai0="67,114,106,72,116,130,135,8,111,6,107,2,20" hai1="109,35,99,123,30,0,76,100,126,125,46,84,103" hai2="85,89,53,13,127,34,94,29,105,77,98,108,68" hai3="132,91,131,9,117,22,10,81,61,80,58,124,5"/><W93/><G117/><T64/><D116/><U49/><E0/><V122/><F68/><W44/><G132/><T28/><D72/><U55/><E109/><V54/><F108/><W110/><G110/><T79/><D79/><U3/><E3/><V14/><F127/><N who="1" m="48649" /><E123/><V102/><F122/><W1/><G124/><T118/><D28/><U21/><E35/><V78/><F29/><W87/><G131/><T26/><D20/><U83/><E99/><V47/><F34/><W27/><G44/><T60/><D8/><U40/><E40/><V75/><F47/><W115/><G10/><T38/><D107/><U52/><E55/><N who="2" m="21003" /><F77/><W51/><G51/><T16/><D106/><U120/><E120/><V43/><F43/><W90/><G115/><T104/><D104/><U97/><E97/><V92/><F92/><W17/><G91/><T15/><D114/><U70/><E70/><V56/><F56/><W4/><G4/><T11/><D6/><U119/><E119/><V82/><AGARI ba="1,0" hai="13,14,75,78,82,85,89,94,98,102,105" m="21003" machi="82" ten="30,7900,0" yaku="24,1,52,3" doraHai="48" who="2" fromWho="2" sc="279,-21,157,-21,269,82,295,-40" /><INIT seed="4,0,0,0,0,41" ten="258,136,351,255" oya="0" hai0="51,29,82,133,17,76,83,6,126,135,70,73,88" hai1="100,96,89,32,117,87,64,33,91,123,60,12,105" hai2="43,99,112,63,26,20,54,28,104,80,85,2,3" hai3="110,71,38,98,69,129,128,50,127,16,132,77,66"/><T78/><D70/><U7/><E117/><V101/><F112/><W120/><G110/><T134/><D6/><U119/><E119/><V56/><REACH who="2" step="1"/><F43/><REACH who="2" ten="258,136,341,255" step="2"/><W93/><G128/><T72/><D126/><U124/><E124/><V21/><F21/><W35/><G129/><T118/><D118/><U0/><E32/><V108/><F108/><W47/><G35/><T19/><D29/><U122/><E33/><V8/><F8/><W65/><G127/><T84/><D51/><U48/><E48/><V40/><F40/><W67/><G50/><T52/><REACH who="0" step="1"/><D52/><REACH who="0" ten="248,136,341,255" step="2"/><U94/><E123/><V25/><F25/><W49/><G49/><T55/><D55/><U111/><E122/><V23/><F23/><W116/><G116/><T39/><D39/><U18/><E111/><V75/><F75/><W58/><G38/><T5/><D5/><U79/><E7/><V68/><F68/><W59/><G71/><T37/><D37/><U31/><E31/><V4/><F4/><W1/><G69/><T125/><D125/><U131/><E131/><V103/><F103/><W121/><G121/><T97/><D97/><U42/><E42/><V15/><F15/><W95/><G98/><T113/><D113/><U81/><E0/><V107/><F107/><W11/><G1/><T90/><D90/><AGARI ba="0,2" hai="2,3,20,26,28,54,56,63,80,85,90,99,101,104" machi="90" ten="30,2000,0" yaku="1,1,7,1,53,0" doraHai="41" doraHaiUra="13" who="2" fromWho="0" sc="248,-20,136,0,341,40,255,0" /><INIT seed="5,0,0,3,3,2" ten="228,136,381,255" oya="1" hai0="25,129,94,37,28,62,45,82,13,32,111,134,95" hai1="128,75,74,100,66,116,118,76,92,133,78,52,97" hai2="1,115,55,110,107,19,18,44,96,135,113,30,69" hai3="70,60,22,15,117,27,85,36,39,127,73,122,81"/><U21/><E66/><V124/><F110/><W41/><G122/><T112/><D111/><U104/><E21/><V8/><F69/><W33/><G73/><N who="1" m="27658" /><E52/><V67/><F67/><W130/><G33/><T6/><D13/><U120/><E120/><V125/><F135/><W105/><G105/><T64/><D62/><U114/><E133/><V88/><F30/><W17/><G41/><T131/><D25/><U49/><E49/><N who="2" m="29095" /><F1/><W56/><G70/><T0/><D28/><U31/><E31/><V7/><F7/><W51/><G51/><T10/><D0/><U98/><E128/><V48/><F48/><W38/><G130/><T119/><D134/><U65/><E65/><V53/><F53/><W40/><G40/><T123/><D64/><U102/><E114/><N who="2" m="43531" /><F107/><W12/><G60/><T14/><D112/><U61/><E61/><V5/><F5/><W11/><G38/><T71/><D71/><U103/><E103/><V109/><F109/><W58/><G39/><T80/><D37/><U99/><E99/><V26/><F26/><W43/><G27/><T68/><D68/><U108/><E108/><V16/><F8/><W46/><G11/><T23/><D10/><U79/><AGARI ba="0,0" hai="76,78,79,92,97,98,100,102,104,116,118" m="27658" machi="79" ten="30,3000,0" yaku="34,2" doraHai="2" who="1" fromWho="1" sc="228,-10,136,30,381,-10,255,-10" /><INIT seed="5,1,0,4,3,132" ten="218,166,371,245" oya="1" hai0="101,119,74,52,54,96,65,77,28,41,103,75,0" hai1="82,116,93,26,110,80,25,37,84,87,66,88,107" hai2="134,63,27,89,133,62,91,46,122,8,51,15,127" hai3="21,131,130,12,50,6,48,120,121,83,112,108,76"/><U3/><E116/><V125/><F122/><N who="3" m="47211" /><G108/><T105/><D0/><U85/><E110/><V117/><F117/><W5/><G112/><T13/><D119/><U38/><E107/><V71/><F27/><W29/><G29/><T97/><D28/><U99/><E3/><V95/><F71/><W67/><G67/><T36/><D65/><U73/><E66/><V43/><F63/><W30/><G30/><T14/><D41/><U32/><E32/><V10/><F62/><W39/><G39/><T40/><D40/><U118/><E118/><V53/><F43/><W86/><G21/><T20/><D77/><U104/><E104/><V69/><F69/><W100/><G100/><T49/><D49/><N who="3" m="19049" /><G12/><T34/><D34/><U42/><E73/><V135/><F91/><W79/><G79/><T24/><D24/><U57/><E57/><V61/><F61/><W55/><G55/><T102/><D102/><U124/><E25/><V60/><F60/><W17/><G17/><T70/><D70/><U129/><E26/><V113/><F113/><W126/><G126/><N who="2" m="48137" /><F15/><W4/><G76/><T56/><D105/><U115/><E124/><V9/><F9/><W7/><G7/><T78/><D78/><U33/><E115/><V1/><F1/><W128/><G5/><T81/><D13/><U111/><E111/><V31/><F31/><W72/><G4/><T98/><D14/><U35/><E42/><V90/><F90/><N who="3" m="51551" /><G6/><T68/><D68/><U123/><E123/><V47/><F47/><W94/><G72/><T18/><D75/><U58/><E88/><V45/><F45/><RYUUKYOKU ba="1,0" sc="218,-15,166,-15,371,15,245,15" hai2="8,10,46,51,53,89,95,133,134,135" hai3="94,128,130,131" /><INIT seed="6,2,0,0,3,134" ten="203,151,386,260" oya="2" hai0="108,59,121,122,96,33,9,84,98,97,13,44,29" hai1="8,102,61,64,35,117,40,37,128,5,101,11,10" hai2="17,34,26,127,70,38,100,105,58,123,69,116,50" hai3="20,125,21,0,23,46,82,89,54,57,119,41,112"/><V95/><F38/><W53/><G119/><T81/><D108/><U77/><E117/><V55/><F105/><W68/><G68/><T106/><D106/><U94/><E35/><V36/><F36/><W15/><G0/><T76/><D33/><U124/><E128/><V1/><F1/><W129/><G129/><T111/><D29/><U83/><E5/><V133/><F116/><W48/><G112/><T2/><D2/><U115/><E115/><V103/><F103/><W74/><G125/><T25/><D25/><U12/><E12/><V30/><F17/><N who="3" m="10303" /><G74/><T80/><D111/><U14/><E14/><V31/><F31/><W63/><G53/><T86/><D44/><U45/><E94/><V132/><F127/><W109/><G109/><T4/><REACH who="0" step="1"/><D59/><REACH who="0" ten="193,151,386,260" step="2"/><U78/><E124/><V52/><F58/><W47/><G47/><T19/><D19/><U79/><REACH who="1" step="1"/><E83/><REACH who="1" ten="193,141,386,260" step="2"/><V88/><F34/><W22/><G82/><T107/><D107/><U67/><E67/><V87/><F132/><W104/><G104/><T114/><D114/><U110/><E110/><V65/><F133/><W73/><G73/><T72/><D72/><U90/><E90/><AGARI ba="2,2" hai="21,22,23,41,46,48,54,57,63,89,90" m="10303" machi="90" ten="30,1000,0" yaku="8,1" doraHai="134" who="3" fromWho="1" sc="193,0,141,-16,386,0,260,36" /><AGARI ba="2,0" hai="4,9,13,76,80,81,84,86,90,96,97,98,121,122" machi="90" ten="40,1300,0" yaku="1,1,53,0" doraHai="134" doraHaiUra="91" who="0" fromWho="1" sc="193,13,125,-13,386,0,296,0" /><INIT seed="7,0,0,3,0,33" ten="206,112,386,296" oya="3" hai0="7,64,65,132,12,109,108,46,134,55,106,97,122" hai1="11,18,13,78,38,84,135,29,56,43,72,121,48" hai2="31,94,104,21,85,10,37,44,96,57,24,42,22" hai3="114,23,83,49,98,90,125,16,124,66,58,111,36"/><W102/><G36/><T62/><D122/><U87/><E121/><V1/><F104/><W77/><G114/><T4/><D97/><U63/><E38/><V53/><F85/><W8/><G111/><T52/><D12/><U20/><E72/><V50/><F1/><W54/><G90/><T76/><D76/><U129/><E129/><V120/><F120/><W86/><G66/><N who="0" m="25707" /><D106/><U82/><E135/><N who="0" m="51753" /><D7/><U112/><E112/><V47/><F10/><W6/><G98/><T123/><D123/><U99/><E99/><V0/><F0/><W2/><REACH who="3" step="1"/><G102/><REACH who="3" ten="206,112,386,286" step="2"/><T34/><D109/><U71/><E71/><V127/><F127/><W32/><G32/><T80/><D34/><U95/><E95/><V19/><F94/><W119/><G119/><T100/><D100/><U91/><E91/><V73/><F96/><W45/><G45/><T39/><D46/><U128/><E128/><V131/><F131/><W25/><AGARI ba="0,1" hai="2,6,8,16,23,25,49,54,58,77,83,86,124,125" machi="25" ten="30,11700,0" yaku="1,1,0,1,52,1,54,1,53,0" doraHai="33" doraHaiUra="68" who="3" fromWho="3" sc="206,-39,112,-39,386,-39,286,127" owari="167,-23.0,73,-43.0,347,15.0,413,51.0" /></mjloggm>