<mjloggm ver="2.3"><GO type="225" lobby="0"/><UN n0="%E5%A7%89%E5%B8%AF%E8%B1%8A%E9%9F%B3%40%E5%85%AD%E6%9B%9C" n1="%E5%B0%B1%E6%B4%BB%E7%94%9F%40%E5%B7%9D%E6%9D%91%E8%BB%8D%E5%9B%A3" n2="%64%61%7A%61%69" n3="%E5%B2%A9%E7%9F%B3%E3%82%AA%E3%83%BC%E3%83%97%E3%83%B3" dan="16,17,16,16" rate="2087.96,2189.55,2174.57,2070.76" sx="F,M,M,M"/><TAIKYOKU oya="0"/><INIT seed="0,0,0,4,0,10" ten="250,250,250,250" oya="0" hai0="1,98,11,103,48,78,41,68,42,64,61,80,105" hai1="25,110,77,114,83,22,54,13,9,85,73,32,96" hai2="19,30,104,62,94,119,95,111,128,107,12,52,47" hai3="91,130,109,3,51,93,17,55,37,124,24,88,8"/><T116/><D116/><U56/><E110/><V71/><F111/><W53/><G37/><T97/><D98/><U106/><E114/><V34/><F128/><W21/><G130/><T115/><D115/><U69/><E32/><V5/><F119/><W63/><G109/><T46/><D11/><U84/><E69/><V59/><F71/><W27/><G91/><T120/><D120/><U131/><E96/><V26/><F5/><W87/><G124/><T39/><D41/><U23/><E106/><V82/><F82/><W135/><G135/><T75/><D48/><U2/><E2/><AGARI ba="0,0" hai="1,2,39,42,46,61,64,68,75,78,80,97,103,105" machi="2" ten="40,7700,0" yaku="33,3" doraHai="10" who="0" fromWho="1" sc="250,77,250,-77,250,0,250,0" /><INIT seed="0,1,0,5,4,112" ten="327,173,250,250" oya="0" hai0="93,3,62,114,9,24,103,47,60,76,71,89,134" hai1="42,34,59,127,99,74,2,15,46,18,29,5,10" hai2="8,88,98,67,40,28,86,27,20,90,85,77,12" hai3="128,63,31,78,125,121,102,132,32,110,65,72,105"/><T25/><D114/><U48/><E74/><V107/><F107/><W117/><RYUUKYOKU type="yao9" ba="1,0" sc="327,0,173,0,250,0,250,0" hai3="31,32,63,65,72,78,102,105,110,117,121,125,128,132" /><INIT seed="0,2,0,0,3,115" ten="327,173,250,250" oya="0" hai0="8,108,6,101,7,49,100,61,121,94,134,52,65" hai1="86,67,4,96,20,87,95,63,93,113,21,122,25" hai2="37,19,22,32,48,109,132,57,116,27,84,59,26" hai3="103,131,0,13,123,58,60,91,54,64,29,70,30"/><T45/><D121/><U92/><E113/><V105/><F37/><W119/><G0/><T9/><D134/><U85/><E122/><V39/><F39/><W69/><G103/><T98/><D108/><U47/><E4/><V56/><F105/><W15/><G70/><T31/><D31/><U74/><E74/><V62/><F109/><W128/><G123/><T5/><D100/><U126/><E126/><V72/><F72/><W117/><G91/><T129/><D129/><N who="3" m="49737" /><G29/><T99/><REACH who="0" step="1"/><D98/><REACH who="0" ten="317,173,250,250" step="2"/><U14/><E96/><V78/><F132/><W127/><G30/><T41/><D41/><U66/><E47/><V111/><F111/><W133/><G133/><T16/><D16/><N who="1" m="10263" /><E63/><V120/><F19/><AGARI ba="2,1" hai="19,21,25,66,67,85,86,87,92,93,95" m="10263" machi="19" ten="30,2000,0" yaku="8,1,54,1" doraHai="115" who="1" fromWho="2" sc="317,0,173,36,250,-26,250,0" /><INIT seed="1,0,0,4,0,94" ten="317,209,224,250" oya="1" hai0="9,82,78,16,101,57,77,102,130,128,126,32,11" hai1="22,31,17,47,59,34,133,50,112,84,72,54,109" hai2="135,90,132,105,113,129,42,52,66,104,14,44,74" hai3="116,51,60,131,95,37,97,79,83,25,7,121,13"/><U123/><E72/><V91/><F74/><W29/><G121/><T21/><D57/><U99/><E123/><V45/><F129/><N who="0" m="49770" /><D32/><U68/><E68/><V63/><F113/><W67/><G37/><T30/><D30/><U12/><E112/><V35/><F35/><W89/><G51/><T4/><D11/><U10/><E133/><N who="2" m="51275" /><F14/><W38/><G38/><T76/><D82/><U115/><E115/><V80/><F45/><W117/><G13/><N who="0" m="9359" /><D126/><U70/><E70/><N who="2" m="42335" /><F52/><W26/><G131/><T86/><D86/><U124/><E124/><V93/><F80/><W61/><G83/><T106/><D106/><N who="2" m="41066" /><F93/><W71/><G95/><T62/><D62/><U88/><E34/><V119/><F119/><W134/><G61/><T0/><AGARI ba="0,0" hai="0,4,9,76,77,78,101,102" m="9359,49770" machi="0" ten="30,2000,0" yaku="19,1,54,1" doraHai="94" who="0" fromWho="0" sc="317,20,209,-10,224,-5,250,-5" /><INIT seed="2,0,0,2,1,67" ten="337,199,219,245" oya="2" hai0="33,106,97,124,40,105,91,0,38,39,92,8,77" hai1="70,90,36,62,84,30,89,27,12,16,9,79,107" hai2="45,20,52,133,132,85,78,6,42,114,109,15,134" hai3="123,41,26,93,32,83,28,61,13,129,95,135,60"/><V131/><F114/><W35/><G123/><T44/><D39/><U2/><E36/><V43/><F131/><W125/><G41/><T122/><D33/><U58/><E2/><V22/><F109/><W1/><G1/><T99/><D97/><U49/><E107/><V112/><F112/><W48/><G48/><T24/><D24/><U14/><E14/><V18/><F6/><W57/><G35/><T104/><D124/><U108/><E108/><V102/><F102/><W103/><G125/><T72/><D122/><U73/><E73/><V5/><F5/><W11/><G61/><T19/><D19/><U120/><E120/><V119/><F119/><W64/><G103/><N who="0" m="62719" /><D91/><U59/><E70/><V47/><F22/><W69/><G57/><T101/><D92/><U71/><E71/><V113/><F113/><W127/><G129/><T34/><D101/><U51/><E79/><V74/><F74/><W10/><G10/><T76/><D76/><U65/><E59/><V110/><F110/><W118/><G118/><T56/><D56/><U46/><E46/><N who="2" m="17419" /><F52/><W111/><G127/><T130/><D34/><U50/><E84/><V4/><F4/><W116/><G111/><T81/><D130/><U55/><E55/><V7/><F7/><AGARI ba="0,0" hai="0,7,8,38,40,44,72,77,81,104,106" m="62719" machi="7" ten="30,3900,0" yaku="25,1,33,2" doraHai="67" who="0" fromWho="2" sc="337,39,199,0,219,-39,245,0" /><INIT seed="3,0,0,5,2,19" ten="376,199,180,245" oya="3" hai0="35,62,18,122,107,120,43,82,79,115,129,99,46" hai1="37,71,41,65,51,91,69,1,86,32,10,44,17" hai2="119,24,83,78,90,70,100,89,124,3,31,94,101" hai3="118,45,8,93,29,68,14,7,21,49,96,60,6"/><W126/><G118/><T111/><D35/><U112/><E32/><V36/><F119/><W12/><G68/><T109/><D115/><U15/><E112/><V130/><F130/><W92/><G60/><T132/><D132/><U106/><E106/><V121/><F70/><W67/><G67/><T20/><D99/><U88/><E65/><V50/><F36/><W77/><G77/><T33/><D107/><U11/><E37/><V64/><F3/><W2/><G93/><T81/><D62/><U74/><E74/><V4/><F124/><W53/><G7/><T66/><D66/><U25/><E25/><V113/><F113/><W125/><G125/><T97/><D97/><U123/><E123/><V72/><F121/><W80/><G80/><T34/><D46/><U135/><E135/><V57/><F4/><W128/><G128/><T28/><D43/><U103/><E103/><V39/><F39/><W108/><G108/><T110/><D111/><U22/><E91/><V85/><F90/><W16/><G29/><T13/><D28/><U116/><E116/><V95/><F95/><W52/><G126/><T63/><D79/><U98/><E98/><V87/><F72/><W26/><G53/><T9/><D129/><U58/><E1/><V102/><F64/><W56/><G45/><T133/><D109/><U59/><E69/><V61/><F61/><W30/><G30/><T54/><D110/><U27/><E71/><V42/><F42/><W40/><G40/><T73/><D122/><U84/><E41/><V131/><F131/><W48/><G2/><T5/><D120/><RYUUKYOKU ba="0,0" sc="376,0,199,0,180,0,245,0" owari="376,47.0,199,-20.0,180,-32.0,245,5.0" /></mjloggm>