<mjloggm ver="2.3"><GO type="169" lobby="0"/><UN n0="%E5%B0%B1%E6%B4%BB%E7%94%9F%40%E5%B7%9D%E6%9D%91%E8%BB%8D%E5%9B%A3" n1="%E3%81%84%E3%81%A3%E3%81%8D%40%4B%55" n2="%E3%82%B7%E3%82%A7%E3%83%95%E3%83%81%E3%83%A7%E3%82%B3" n3="%E3%81%A8%E3%81%A8" dan="16,16,18,17" rate="2132.97,2063.30,2238.74,2135.42" sx="M,M,M,F"/><TAIKYOKU oya="0"/><INIT seed="0,0,0,5,1,48" ten="250,250,250,250" oya="0" hai0="53,24,91,55,25,131,63,98,10,32,64,99,86" hai1="81,74,115,125,135,36,108,17,94,57,124,8,1" hai2="107,133,105,106,84,77,60,79,21,76,31,68,29" hai3="11,3,38,110,54,122,40,6,23,2,14,67,82"/><T47/><D131/><U34/><E108/><V9/><F133/><W62/><G110/><T89/><D10/><U96/><E135/><V66/><F9/><W118/><G118/><T85/><D47/><U13/><E34/><V100/><F100/><W51/><G40/><T90/><D32/><U58/><E1/><V19/><REACH who="2" step="1"/><F84/><REACH who="2" ten="250,250,240,250" step="2"/><N who="0" m="32362" /><D64/><U0/><E124/><V80/><F80/><W104/><G82/><T49/><D63/><U41/><E81/><V109/><F109/><W116/><G62/><T129/><D129/><U26/><E8/><V120/><F120/><W132/><G67/><T27/><D49/><U92/><E36/><V134/><F134/><W42/><G51/><T33/><D33/><U93/><E125/><V127/><F127/><W52/><G38/><T18/><D18/><U22/><E17/><V61/><F61/><W78/><G11/><T7/><D7/><U69/><E115/><V113/><F113/><W70/><G6/><T45/><D45/><U128/><E128/><V71/><F71/><W111/><G70/><T72/><D72/><U15/><E69/><V103/><F103/><W119/><G132/><T83/><D83/><U114/><E74/><V39/><F39/><W35/><G35/><T20/><D20/><U102/><E114/><V28/><F28/><W5/><G23/><T95/><D95/><U43/><E94/><V121/><F121/><W56/><G122/><T75/><D75/><U101/><E93/><V123/><F123/><W46/><G5/><T87/><D87/><U4/><E92/><V73/><F73/><W117/><G117/><RYUUKYOKU ba="0,1" sc="250,15,250,-15,240,15,250,-15" hai0="24,25,27,53,55,89,90,91,98,99" hai2="19,21,29,31,60,66,68,76,77,79,105,106,107" /><INIT seed="0,1,1,0,0,77" ten="265,235,255,235" oya="0" hai0="59,70,84,24,113,6,107,26,20,120,133,74,55" hai1="114,91,47,42,0,4,135,9,103,15,121,79,99" hai2="97,54,19,96,3,127,72,78,102,48,7,29,27" hai3="45,106,28,115,108,60,22,58,67,10,116,44,1"/><T40/><D70/><U90/><E121/><V82/><F127/><W17/><G106/><T16/><D74/><U66/><E135/><V39/><F39/><W63/><G116/><T53/><D113/><U31/><E114/><V36/><F36/><W80/><G28/><T100/><D120/><U8/><E31/><V112/><F112/><W87/><G108/><T125/><D125/><U117/><E66/><V68/><F68/><W73/><G73/><T134/><D40/><U46/><E117/><V123/><F123/><W52/><G10/><T94/><D6/><U49/><E47/><V62/><F62/><W89/><G1/><T35/><D107/><U132/><E132/><N who="0" m="50793" /><D59/><U30/><E30/><V92/><F19/><W32/><G32/><T85/><D100/><U38/><E79/><V50/><F97/><W122/><G122/><T5/><D5/><U95/><REACH who="1" step="1"/><E38/><REACH who="1" ten="265,225,255,235" step="2"/><V2/><F7/><AGARI ba="1,2" hai="0,4,7,8,9,15,42,46,49,90,91,95,99,103" machi="7" ten="30,3900,0" yaku="1,1,2,1,7,1,53,0" doraHai="77" doraHaiUra="71" who="1" fromWho="2" sc="265,0,225,62,255,-42,235,0" /><INIT seed="1,0,0,5,2,125" ten="265,287,213,235" oya="1" hai0="23,124,31,64,32,102,86,120,3,29,19,40,123" hai1="12,51,20,41,99,115,135,10,78,77,132,113,9" hai2="133,110,58,94,56,81,13,95,131,90,105,21,50" hai3="75,68,44,48,127,96,49,24,88,28,98,59,46"/><U70/><E70/><V72/><F105/><W35/><G68/><T89/><D124/><U130/><E99/><V121/><F121/><N who="0" m="46666" /><D3/><U107/><E107/><V80/><F110/><W53/><G75/><T54/><D64/><U119/><E119/><V63/><F133/><W39/><G127/><T97/><D40/><U106/><E106/><V66/><F72/><W118/><G118/><T116/><D32/><U47/><E20/><V71/><F95/><W73/><G73/><T33/><D33/><U82/><E130/><V1/><F1/><W61/><G39/><T60/><D60/><U43/><E43/><V25/><F13/><W38/><G38/><T45/><D54/><U117/><E117/><V122/><F131/><W67/><REACH who="3" step="1"/><G88/><REACH who="3" ten="265,287,213,225" step="2"/><T52/><D116/><U111/><E132/><V126/><F126/><W7/><G7/><T11/><D102/><U34/><E135/><V103/><F103/><W4/><G4/><T55/><D97/><U8/><E113/><V18/><F122/><W57/><G57/><T76/><D89/><U6/><E115/><V0/><F71/><W62/><G62/><T2/><D45/><U87/><E47/><V16/><F56/><W128/><G128/><T26/><D76/><U27/><E77/><V37/><F37/><W30/><G30/><N who="0" m="11275" /><D86/><U42/><E87/><N who="2" m="52575" /><F50/><W5/><G5/><AGARI ba="0,1" hai="2,5,11,19,23,26,52,55" m="11275,46666" machi="5" ten="30,2000,0" yaku="13,1,54,1" doraHai="125" who="0" fromWho="3" sc="265,30,287,0,213,0,225,-20" /><INIT seed="2,0,0,2,1,107" ten="295,287,213,205" oya="2" hai0="96,40,43,130,120,39,112,79,101,30,63,9,114" hai1="31,128,1,106,77,90,3,87,85,123,38,19,24" hai2="15,11,86,22,45,28,94,99,50,62,56,71,117" hai3="8,5,26,23,29,49,111,81,35,51,18,57,34"/><V47/><F71/><W74/><G111/><T82/><D120/><U36/><E106/><V92/><F117/><W97/><G97/><T48/><D130/><U105/><E128/><V108/><F108/><W131/><G131/><T59/><D39/><U73/><E123/><V21/><F86/><W7/><G7/><T104/><D30/><U61/><E105/><V83/><F83/><W78/><G57/><T64/><D9/><U68/><E19/><N who="2" m="8703" /><F92/><W16/><G18/><T72/><REACH who="0" step="1"/><D48/><REACH who="0" ten="285,287,213,205" step="2"/><U20/><E38/><V65/><F28/><W53/><G35/><T133/><D133/><U37/><E36/><V2/><F2/><N who="3" m="55" /><G53/><T52/><D52/><U88/><E37/><V119/><F119/><W55/><G55/><T132/><D132/><U98/><E3/><V129/><F129/><W10/><G10/><T100/><D100/><U58/><E1/><V0/><F0/><W80/><G51/><T126/><D126/><U118/><E118/><V25/><F50/><W124/><G49/><T14/><D14/><U13/><E13/><V67/><F67/><W89/><G124/><T42/><AGARI ba="0,1" hai="40,42,43,59,63,64,72,79,82,96,101,104,112,114" machi="42" ten="30,4000,0" yaku="1,1,0,1,52,1,53,0" doraHai="107" doraHaiUra="115" who="0" fromWho="0" sc="285,50,287,-10,213,-20,205,-10" /><INIT seed="3,0,0,5,1,126" ten="335,277,193,195" oya="3" hai0="109,130,125,80,49,101,89,118,45,121,78,114,0" hai1="2,82,73,6,88,94,113,16,75,72,91,131,134" hai2="123,77,54,46,28,115,37,53,129,65,62,19,33" hai3="60,107,21,84,43,83,10,112,85,108,40,8,79"/><W4/><G112/><T5/><D118/><U120/><E113/><V92/><F115/><W116/><G116/><T69/><D114/><U119/><E120/><V71/><F123/><W103/><G85/><T55/><D121/><U98/><E119/><V18/><F77/><W68/><G21/><T74/><D69/><U124/><E124/><V110/><F110/><W7/><G7/><T32/><D32/><U30/><E30/><V63/><F92/><W81/><G10/><T102/><D125/><U64/><E64/><V95/><F95/><W99/><G83/><T58/><D109/><U35/><E35/><V90/><F90/><W26/><G26/><T106/><D106/><U41/><E41/><V39/><F18/><W97/><G97/><T70/><D70/><U11/><E134/><V128/><F19/><W61/><G108/><T96/><D89/><U42/><E42/><N who="2" m="22863" /><F39/><W3/><REACH who="3" step="1"/><G61/><REACH who="3" ten="335,277,193,185" step="2"/><T135/><D96/><U36/><E98/><V56/><F28/><W17/><G17/><T57/><D5/><U44/><E16/><V27/><F27/><W117/><G117/><T104/><D80/><U122/><E122/><V22/><F22/><W29/><G29/><T67/><D74/><U111/><E111/><V59/><F33/><W76/><G76/><T86/><D78/><U1/><E73/><V132/><F132/><W25/><G25/><T133/><D0/><U87/><E2/><V47/><F62/><W23/><G23/><T93/><D133/><U14/><E1/><V24/><F24/><W38/><G38/><T66/><D135/><U20/><E75/><RYUUKYOKU ba="0,1" sc="335,-10,277,-10,193,-10,185,30" hai3="3,4,8,40,43,60,68,79,81,84,99,103,107" /><INIT seed="3,1,1,4,1,109" ten="325,267,183,215" oya="3" hai0="39,2,46,84,95,11,133,98,15,110,88,87,23" hai1="91,75,70,55,135,56,7,22,41,78,122,61,25" hai2="119,129,48,49,105,99,29,65,42,52,101,93,17" hai3="126,118,13,69,34,86,76,9,115,20,31,63,60"/><W57/><G34/><T125/><D110/><U131/><E122/><V113/><F119/><W130/><G118/><T67/><D125/><U120/><E120/><V116/><F116/><W127/><G130/><T0/><D133/><U74/><E131/><V35/><F129/><W36/><G36/><T114/><D67/><U85/><E135/><V8/><F113/><W3/><G3/><T97/><D87/><U124/><E124/><V53/><F65/><W6/><G69/><T50/><D39/><U16/><E70/><V117/><F117/><W1/><G63/><T106/><D114/><U121/><E121/><V37/><F35/><W26/><G1/><T71/><D71/><U32/><E7/><V68/><F29/><W104/><G104/><T83/><D23/><U90/><E90/><V59/><F105/><W89/><G76/><T80/><D106/><U44/><E32/><V40/><F37/><W47/><G47/><T12/><D12/><U54/><E54/><V73/><F73/><W132/><G132/><T96/><D2/><U111/><E111/><V72/><F72/><W82/><REACH who="3" step="1"/><G115/><REACH who="3" ten="325,267,183,205" step="2"/><T27/><D0/><U102/><E78/><V14/><F68/><W21/><G21/><T24/><D46/><AGARI ba="1,2" hai="8,14,17,40,42,46,48,49,52,53,59,93,99,101" machi="46" ten="30,3900,0" yaku="7,1,8,1,54,1" doraHai="109" who="2" fromWho="0" sc="325,-42,267,0,183,62,205,0" /><INIT seed="4,0,0,5,5,120" ten="283,267,245,205" oya="0" hai0="33,119,3,125,132,74,41,9,47,49,71,28,70" hai1="130,0,126,50,62,104,101,106,31,87,25,48,98" hai2="72,16,6,77,23,55,69,107,53,78,61,76,8" hai3="81,65,7,10,118,112,128,21,89,38,93,42,11"/><T5/><D119/><U15/><E126/><V64/><F107/><W75/><G118/><T29/><D125/><U73/><E73/><V34/><F34/><W12/><G65/><T63/><D132/><U83/><E0/><V91/><F72/><W56/><G128/><T127/><D127/><U22/><E130/><V51/><F91/><W124/><G112/><T19/><D74/><U108/><E108/><V1/><REACH who="2" step="1"/><F51/><REACH who="2" ten="283,267,235,205" step="2"/><W109/><G75/><T95/><D33/><U115/><E104/><V44/><F44/><W17/><G124/><T20/><D63/><U40/><E115/><V122/><F122/><W27/><G89/><T52/><D41/><U54/><E62/><V135/><F135/><W103/><G42/><T58/><D47/><U97/><E40/><V32/><F32/><W105/><G105/><T24/><D70/><U18/><E50/><V102/><F102/><W99/><G103/><T100/><D71/><U86/><E101/><V133/><F133/><W79/><G56/><T82/><D82/><U131/><E106/><V113/><F113/><W114/><G81/><T116/><D116/><U92/><E131/><V13/><AGARI ba="0,1" hai="1,6,8,13,16,23,53,55,61,64,69,76,77,78" machi="13" ten="30,7900,0" yaku="1,1,0,1,54,1,53,1" doraHai="120" doraHaiUra="60" who="2" fromWho="2" sc="283,-39,267,-20,235,89,205,-20" /><INIT seed="5,0,0,1,3,111" ten="244,247,324,185" oya="1" hai0="68,94,122,124,62,55,132,8,28,38,129,35,104" hai1="47,125,16,76,24,121,95,85,101,37,53,79,14" hai2="116,89,112,91,64,69,3,99,12,21,82,41,63" hai3="30,44,4,5,114,77,110,49,15,118,51,6,117"/><U119/><E121/><V36/><F116/><W115/><G77/><T86/><D104/><U20/><E119/><N who="3" m="45578" /><G30/><T18/><D38/><U127/><E37/><V27/><F3/><W83/><G83/><T9/><D124/><N who="1" m="47691" /><E14/><V71/><F71/><W103/><G103/><T33/><D129/><U128/><E128/><V40/><F36/><W52/><G110/><T70/><D132/><U19/><E19/><V87/><F12/><W2/><G2/><T22/><D122/><U75/><E75/><V123/><F123/><W134/><G134/><T131/><D131/><U61/><E61/><V92/><F112/><N who="3" m="43051" /><G51/><T113/><D113/><U7/><E7/><V32/><F32/><W54/><G54/><T31/><D28/><AGARI ba="0,0" hai="21,27,28,40,41,63,64,69,82,87,89,91,92,99" machi="28" ten="30,1000,0" yaku="7,1" doraHai="111" who="2" fromWho="0" sc="244,-10,247,0,324,10,185,0" /><INIT seed="6,0,0,3,3,38" ten="234,247,334,185" oya="2" hai0="40,94,133,59,23,110,55,135,79,48,26,113,78" hai1="52,14,93,132,100,108,101,44,43,81,70,120,117" hai2="30,57,82,7,50,9,88,68,66,74,63,16,2" hai3="90,129,42,45,97,91,39,10,8,122,125,103,72"/><V5/><F30/><W33/><G122/><T22/><D110/><U104/><E117/><V134/><F134/><N who="0" m="51210" /><D113/><U98/><E120/><V73/><F5/><W11/><G33/><T62/><D94/><U96/><E70/><V105/><F105/><W1/><G72/><T99/><D99/><U29/><E108/><V126/><F126/><W128/><G1/><T92/><D92/><U67/><E132/><V116/><F116/><W24/><G24/><T54/><D54/><U76/><E67/><V49/><F68/><W19/><G19/><N who="0" m="12639" /><D23/><U28/><E14/><V3/><F3/><W21/><G21/><T0/><D0/><U53/><E29/><V102/><F102/><W130/><REACH who="3" step="1"/><G125/><REACH who="3" ten="234,247,334,175" step="2"/><T20/><D20/><U58/><E28/><V77/><F73/><W121/><G121/><T75/><D75/><U119/><E119/><V107/><F74/><W65/><G65/><T35/><D35/><U18/><E18/><V106/><F66/><W17/><G17/><T25/><D25/><U64/><E64/><V71/><F16/><W31/><G31/><T60/><D60/><U89/><E104/><AGARI ba="0,1" hai="8,10,11,39,42,45,90,91,97,103,104,128,129,130" machi="104" ten="50,8000,1" yaku="1,1,19,1,52,1,53,1" doraHai="38" doraHaiUra="69" who="3" fromWho="1" sc="234,0,247,-80,334,0,175,90" /><INIT seed="7,0,0,1,5,32" ten="234,167,334,265" oya="3" hai0="96,104,27,89,18,26,133,23,29,65,43,12,8" hai1="64,118,77,81,11,108,72,94,20,109,42,56,55" hai2="105,41,25,38,58,125,122,114,90,126,100,5,68" hai3="73,103,6,127,59,69,62,115,130,98,39,3,36"/><W60/><G73/><T61/><D133/><U113/><E118/><V17/><F68/><W102/><G115/><T22/><D43/><U128/><E113/><V37/><F114/><W34/><G34/><T28/><D104/><U35/><E128/><V121/><F5/><W47/><G127/><N who="2" m="48649" /><F58/><W106/><G103/><T135/><D135/><U91/><E35/><V51/><F90/><W4/><G4/><T40/><D40/><U16/><E64/><V79/><F79/><W110/><G47/><T57/><D96/><U48/><E11/><V44/><F25/><W71/><G130/><T99/><D99/><U14/><REACH who="1" step="1"/><E42/><REACH who="1" ten="234,157,334,265" step="2"/><V10/><F41/><W78/><G110/><T95/><D8/><U88/><E88/><V54/><F10/><W33/><G33/><T80/><D89/><U76/><E76/><V13/><F121/><W134/><G78/><T124/><D124/><U45/><E45/><V70/><F44/><W101/><G134/><T84/><D65/><U75/><E75/><V83/><F122/><W50/><G102/><T107/><D57/><U15/><E15/><V131/><F13/><W0/><G71/><T116/><D12/><U117/><E117/><V74/><F74/><W19/><G69/><T66/><D66/><U9/><E9/><V31/><F70/><W129/><G129/><T97/><D116/><U93/><E93/><V85/><F100/><W46/><G59/><T52/><D95/><U120/><E120/><V7/><F131/><W87/><G101/><T132/><D107/><U92/><E92/><V67/><F105/><W123/><G106/><RYUUKYOKU ba="0,1" sc="234,-10,157,30,334,-10,265,-10" hai1="14,16,20,48,55,56,72,77,81,91,94,108,109" owari="224,-18.0,187,-31.0,334,43.0,255,6.0" /></mjloggm>