<mjloggm ver="2.3"><GO type="169" lobby="0"/><UN n0="%E5%B0%B1%E6%B4%BB%E7%94%9F%40%E5%B7%9D%E6%9D%91%E8%BB%8D%E5%9B%A3" n1="%E3%82%86%E3%81%84%E3%81%A1%E3%82%83%E3%82%93%E3%81%AE%E3%83%91%E3%83%91" n2="%E3%83%8B%E3%83%A3%E3%83%83%E3%83%94%E3%83%BC%E5%A4%8F%E7%9B%AE" n3="%E3%81%8F%E3%82%89%E3%81%BE%E3%82%82%E3%82%93" dan="16,18,17,16" rate="2119.56,2221.75,2163.03,2057.93" sx="M,M,M,M"/><TAIKYOKU oya="0"/><INIT seed="0,0,0,4,4,3" ten="250,250,250,250" oya="0" hai0="11,108,7,44,122,6,40,125,48,132,2,98,29" hai1="5,80,16,109,47,21,30,36,69,93,100,4,77" hai2="20,57,121,96,31,86,0,22,41,45,37,110,18" hai3="116,101,32,19,124,88,107,14,66,133,73,129,33"/><T38/><D122/><U56/><E69/><V59/><F121/><W26/><G116/><T54/><D125/><U9/><E30/><V71/><F71/><W12/><G73/><T130/><D130/><U83/><E109/><V28/><F110/><W126/><G133/><T74/><D74/><U42/><E9/><V10/><F96/><W39/><G39/><T79/><D132/><U43/><E43/><V62/><F86/><W55/><G129/><T75/><D108/><U111/><E111/><V128/><F128/><W13/><G66/><T134/><D134/><U67/><E100/><V104/><F104/><W17/><G101/><T123/><D29/><U99/><E67/><V120/><F120/><W87/><G55/><T105/><D123/><U65/><E65/><V52/><F59/><W106/><G106/><T131/><D131/><U114/><E56/><V1/><F22/><N who="3" m="13647" /><G19/><T24/><D24/><U92/><E114/><V94/><F94/><N who="3" m="54559" /><G107/><T34/><D34/><U76/><E83/><V23/><F23/><W50/><G50/><T89/><D105/><U135/><E135/><V15/><REACH who="2" step="1"/><F1/><REACH who="2" ten="250,250,240,250" step="2"/><W118/><G118/><T85/><D98/><U51/><E92/><V113/><F113/><W60/><G33/><T53/><D85/><N who="1" m="48263" /><E77/><V115/><F115/><W46/><G32/><T70/><D70/><U91/><E36/><V102/><F102/><W112/><G112/><T97/><D79/><U61/><E61/><V90/><F90/><W25/><G60/><T82/><D75/><U81/><E81/><V64/><F64/><W72/><G72/><T117/><D82/><RYUUKYOKU ba="0,1" sc="250,-15,250,15,240,15,250,-15" hai1="4,5,16,21,42,47,51,91,93,99" hai2="0,10,15,18,20,28,31,37,41,45,52,57,62" /><INIT seed="1,1,1,5,1,66" ten="235,265,255,235" oya="1" hai0="22,2,8,28,104,133,42,61,91,120,57,118,44" hai1="49,52,56,73,62,116,4,135,79,38,24,82,58" hai2="37,59,84,43,96,130,93,102,92,18,13,105,125" hai3="17,101,46,99,19,80,10,33,39,48,36,72,11"/><U109/><E116/><V81/><F130/><W76/><G33/><T98/><D118/><U51/><E38/><V124/><F59/><W67/><G67/><T21/><D133/><U97/><E135/><V55/><F55/><W110/><G110/><T71/><D71/><U31/><E109/><V68/><F68/><W3/><G39/><T7/><D28/><U40/><E4/><V128/><F128/><W121/><G121/><T95/><D104/><U60/><E97/><V86/><F43/><N who="3" m="22887" /><G48/><T32/><D32/><U75/><E75/><V65/><F65/><W90/><G90/><T23/><D120/><U0/><E0/><V131/><F37/><W6/><G11/><T87/><D44/><U63/><E40/><V12/><F131/><W30/><G30/><T5/><D5/><U64/><REACH who="1" step="1"/><E51/><REACH who="1" ten="235,255,255,235" step="2"/><V20/><F86/><W107/><AGARI ba="1,2" hai="3,6,10,17,19,72,76,80,99,101,107" m="22887" machi="107" ten="30,1100,0" yaku="25,1" doraHai="66" who="3" fromWho="3" sc="235,-4,255,-6,255,-4,235,34" /><INIT seed="2,0,0,1,0,92" ten="231,249,251,269" oya="2" hai0="60,104,18,25,17,44,8,113,86,32,90,98,135" hai1="80,95,96,4,79,77,5,52,15,126,57,71,26" hai2="109,16,67,91,84,78,119,107,114,47,105,73,55" hai3="88,29,72,9,134,103,81,85,45,68,21,63,75"/><V69/><F114/><W128/><G134/><T61/><D113/><U122/><E71/><V24/><F119/><W40/><G128/><T20/><D135/><U117/><E117/><V106/><F109/><W34/><G34/><T101/><D32/><U56/><E122/><V27/><F78/><W129/><G129/><T97/><D44/><U112/><E112/><V42/><F73/><W14/><G103/><T121/><D121/><U51/><E126/><V124/><F124/><W6/><G68/><T19/><D8/><N who="1" m="4487" /><E5/><V82/><F55/><W132/><G63/><N who="0" m="24139" /><D104/><U50/><E80/><V43/><F69/><W70/><G70/><T1/><D1/><U28/><E51/><V58/><F58/><N who="1" m="22633" /><E26/><V12/><F67/><W133/><G133/><T39/><D39/><U37/><E37/><V123/><F123/><W118/><G118/><T83/><D101/><N who="1" m="60575" /><E28/><AGARI ba="0,0" hai="17,18,19,20,25,28,83,86,90,97,98" m="24139" machi="28" ten="30,3900,0" yaku="8,1,52,2" doraHai="92" who="0" fromWho="1" sc="231,39,249,-39,251,0,269,0" /><INIT seed="3,0,0,3,1,39" ten="270,210,251,269" oya="3" hai0="2,10,19,55,73,48,20,68,133,32,102,8,43" hai1="109,45,83,16,54,30,9,76,95,64,90,130,80" hai2="78,96,122,15,94,91,79,17,34,113,106,119,118" hai3="22,124,114,71,69,86,93,116,60,75,104,11,89"/><W134/><G116/><T50/><D32/><U49/><E109/><V70/><F34/><W53/><G104/><T25/><D68/><U52/><E130/><V81/><F70/><W126/><G75/><T132/><D73/><U47/><E64/><V46/><F113/><W117/><G117/><T105/><D105/><U6/><E30/><V67/><F67/><W13/><G114/><T12/><D102/><U127/><E127/><N who="3" m="48682" /><G134/><N who="0" m="51819" /><D2/><U131/><E131/><V5/><F5/><N who="3" m="3311" /><G22/><T112/><D112/><U77/><E6/><V100/><F122/><W115/><G115/><T72/><D72/><U26/><E77/><V33/><F79/><W56/><AGARI ba="0,0" hai="53,56,60,69,71,86,89,93" m="3311,48682" machi="56" ten="30,1500,0" yaku="18,1" doraHai="39" who="3" fromWho="3" sc="270,-5,210,-5,251,-5,269,15" /><INIT seed="3,1,0,2,2,80" ten="265,205,246,284" oya="3" hai0="96,113,88,106,24,21,107,71,94,97,99,54,90" hai1="10,30,50,56,85,46,27,116,66,104,92,102,108" hai2="4,0,36,128,67,29,53,11,31,59,83,112,32" hai3="95,61,123,100,120,47,93,7,103,58,49,26,117"/><W63/><G117/><T5/><D71/><U55/><E104/><V9/><F112/><W48/><G7/><T1/><D113/><U39/><E116/><V20/><F32/><W76/><G26/><T34/><D34/><U131/><E108/><V69/><F36/><W57/><G47/><T64/><D64/><U118/><E118/><V126/><F128/><W8/><G8/><T133/><D133/><U125/><E131/><V134/><F134/><W12/><G12/><T16/><D90/><U13/><E125/><V119/><F119/><W42/><G42/><T43/><D43/><U19/><E39/><V72/><F126/><W82/><G82/><T23/><D21/><N who="1" m="15727" /><E102/><V130/><F130/><W37/><G37/><T105/><REACH who="0" step="1"/><D54/><REACH who="0" ten="255,205,246,284" step="2"/><U127/><E127/><V70/><F67/><W18/><G76/><T75/><D75/><U15/><E66/><V52/><F53/><W79/><G79/><T87/><D87/><U3/><E85/><V77/><F69/><W98/><G98/><T35/><D35/><U121/><E121/><V45/><F70/><W91/><G91/><T89/><D89/><U6/><E55/><V2/><F20/><W60/><G120/><T129/><D129/><U132/><E132/><V110/><F110/><W41/><G123/><T51/><D51/><U17/><E50/><N who="2" m="28751" /><F59/><W33/><G33/><T84/><D84/><U114/><E56/><V68/><F68/><W135/><G135/><T101/><D101/><U124/><E124/><V73/><F73/><W78/><G57/><T14/><D14/><N who="1" m="5131" /><E46/><V74/><F74/><W122/><G122/><RYUUKYOKU ba="1,1" sc="255,15,205,-15,246,15,284,-15" hai0="1,5,16,23,24,88,94,96,97,99,105,106,107" hai2="0,2,4,9,11,29,31,72,77,83" /><INIT seed="4,2,1,1,3,124" ten="270,190,261,269" oya="0" hai0="70,108,77,42,14,97,64,45,120,93,16,102,85" hai1="95,106,131,19,1,125,44,34,46,0,28,113,96" hai2="4,32,5,58,94,65,6,41,56,98,60,29,105" hai3="91,54,26,83,110,107,74,21,103,31,76,35,114"/><T126/><D120/><U25/><E106/><V3/><F41/><W7/><G110/><T73/><D126/><U53/><E125/><V115/><F115/><W130/><G114/><T23/><D108/><U87/><E113/><V134/><F134/><W11/><G54/><T100/><D73/><U127/><E127/><V9/><F105/><W79/><G79/><T55/><D55/><U63/><E87/><V66/><F29/><W104/><G103/><T49/><D100/><U12/><E46/><V62/><REACH who="2" step="1"/><F32/><REACH who="2" ten="270,190,251,269" step="2"/><W51/><G35/><T129/><D129/><U133/><E133/><V20/><F20/><W72/><G130/><T82/><D70/><U109/><E109/><V78/><F78/><W61/><G76/><T81/><D81/><U86/><E131/><V50/><F50/><W101/><G51/><T118/><D118/><U99/><E34/><V48/><F48/><W13/><G21/><T88/><D102/><AGARI ba="2,2" hai="3,4,5,6,9,56,58,60,62,65,66,94,98,102" machi="102" ten="30,3900,0" yaku="1,1,7,1,9,1,53,0" doraHai="124" doraHaiUra="30" who="2" fromWho="0" sc="270,-45,190,0,251,65,269,0" /><INIT seed="5,0,0,5,4,119" ten="225,190,316,269" oya="1" hai0="13,44,29,81,115,90,135,17,22,102,21,92,42" hai1="131,101,114,56,98,38,113,96,28,85,18,80,11" hai2="7,76,68,88,8,130,122,35,67,109,52,107,94" hai3="106,30,103,82,77,62,31,134,112,1,66,110,16"/><U104/><E38/><V20/><F122/><W51/><G110/><T41/><D115/><U40/><E40/><V10/><F35/><W73/><G1/><T4/><D135/><U105/><E28/><V45/><F107/><W15/><G112/><N who="1" m="43114" /><E56/><V63/><F109/><W117/><G134/><T53/><D4/><U126/><E18/><V108/><F108/><W9/><G117/><T83/><D102/><N who="1" m="62535" /><E11/><V116/><F116/><W39/><G39/><T118/><D118/><U91/><E126/><V61/><F76/><W89/><G51/><N who="0" m="28903" /><D29/><U14/><E14/><V47/><F20/><W71/><G89/><T50/><D22/><U111/><E111/><V97/><F10/><W132/><G132/><T87/><D42/><U54/><E54/><V86/><F45/><AGARI ba="0,0" hai="13,17,21,41,45,50,81,83,87,90,92" m="28903" machi="45" ten="30,1000,0" yaku="8,1" doraHai="119" who="0" fromWho="2" sc="225,10,190,0,316,-10,269,0" /><INIT seed="6,0,0,5,2,33" ten="235,190,306,269" oya="2" hai0="71,55,3,11,53,8,93,79,115,43,20,127,57" hai1="5,98,56,23,69,86,2,75,104,17,34,123,81" hai2="62,27,121,78,54,94,39,87,42,38,51,109,83" hai3="107,128,70,129,47,80,28,26,40,76,21,124,74"/><V91/><F121/><W30/><G107/><T72/><D71/><U22/><E34/><V68/><F109/><W35/><G70/><T90/><D127/><U31/><E69/><V36/><F27/><W82/><G124/><T133/><D133/><U16/><E75/><V12/><F12/><W114/><G114/><T118/><D115/><U9/><E123/><V6/><F6/><W61/><G61/><T119/><D43/><U111/><E111/><V60/><F42/><W41/><G80/><T45/><D45/><U1/><E31/><V99/><REACH who="2" step="1"/><F68/><REACH who="2" ten="235,190,296,269" step="2"/><W49/><G41/><T89/><D118/><U110/><E110/><V63/><F63/><W135/><G135/><T19/><D119/><U101/><E2/><V125/><F125/><W15/><G15/><T100/><D3/><U13/><E17/><V52/><F52/><W92/><G30/><T24/><D55/><U4/><E4/><V48/><F48/><W7/><G7/><T96/><D53/><U112/><E112/><V32/><F32/><W0/><G35/><T97/><D19/><U126/><E126/><V64/><F64/><W14/><G0/><T29/><D24/><U59/><REACH who="1" step="1"/><E23/><REACH who="1" ten="235,180,296,269" step="2"/><V66/><F66/><W77/><G21/><T108/><D20/><U105/><E105/><V85/><F85/><W84/><G84/><T130/><D108/><U10/><E10/><V103/><F103/><W122/><G122/><T113/><D8/><U116/><E116/><V25/><F25/><W106/><G26/><T131/><D11/><U65/><E65/><V18/><F18/><W67/><G67/><RYUUKYOKU ba="0,2" sc="235,-15,180,15,296,15,269,-15" hai1="1,5,9,13,16,22,56,59,81,86,98,101,104" hai2="36,38,39,51,54,60,62,78,83,87,91,94,99" /><INIT seed="6,1,2,0,5,71" ten="220,195,311,254" oya="2" hai0="11,27,39,51,5,108,43,135,19,59,128,122,77" hai1="130,16,95,134,129,52,104,0,90,125,99,102,123" hai2="46,66,50,30,113,61,35,91,68,62,121,119,89" hai3="116,54,72,4,84,93,65,53,40,14,8,131,69"/><V132/><F119/><W33/><G72/><T26/><D122/><U126/><E0/><V76/><F121/><W79/><G33/><T38/><D108/><U115/><E123/><V96/><F113/><W97/><G116/><T109/><D109/><U32/><E32/><V34/><F132/><W12/><G69/><T48/><D135/><U74/><E134/><V31/><F76/><W88/><G131/><N who="1" m="50186" /><E115/><V36/><F36/><W2/><G65/><T45/><D128/><U58/><E74/><V25/><F62/><W15/><REACH who="3" step="1"/><G40/><REACH who="3" ten="220,195,311,244" step="2"/><T56/><D43/><U7/><E7/><V124/><F124/><N who="1" m="47721" /><E16/><V57/><F68/><W47/><G47/><T17/><D45/><U92/><E90/><V86/><F91/><W29/><G29/><T105/><D5/><U85/><E85/><V106/><F86/><W98/><G98/><T87/><D87/><U24/><E24/><V94/><F31/><W100/><G100/><T107/><D77/><U133/><E133/><V9/><F34/><W22/><G22/><T120/><D120/><U64/><E64/><V21/><F35/><W70/><G70/><T63/><D11/><U49/><AGARI ba="1,3" hai="49,52,58,92,95,99,102,104" m="47721,50186" machi="49" ten="30,4000,0" yaku="19,1,18,1,54,1" doraHai="71" who="1" fromWho="1" sc="220,-11,195,73,311,-21,244,-11" /><INIT seed="7,0,0,5,0,0" ten="209,268,290,233" oya="3" hai0="128,25,116,17,91,110,46,73,58,37,94,57,43" hai1="68,3,130,22,48,18,113,50,82,112,40,93,74" hai2="31,99,32,72,4,54,34,76,89,135,104,12,133" hai3="63,7,9,66,1,131,81,80,134,26,95,36,51"/><W59/><G36/><T38/><D110/><U114/><E68/><V56/><F31/><W62/><G134/><N who="2" m="51209" /><F4/><W55/><G131/><T10/><D116/><U96/><E3/><V33/><F12/><W47/><G95/><T53/><D73/><U64/><E64/><V16/><F16/><W108/><G108/><T127/><D128/><U78/><E40/><V87/><F76/><W123/><G123/><T109/><D109/><U71/><E71/><V107/><F99/><W85/><G26/><T30/><D127/><U115/><E130/><V65/><F65/><W111/><G111/><T15/><D38/><U129/><E129/><V28/><F28/><W90/><REACH who="3" step="1"/><G63/><REACH who="3" ten="209,268,290,223" step="2"/><T45/><D25/><N who="1" m="14551" /><E115/><V24/><F24/><W79/><G79/><T92/><D30/><U41/><E93/><N who="2" m="54463" /><F72/><W119/><G119/><T20/><D92/><U69/><E113/><V97/><F97/><W67/><G67/><T83/><D83/><U132/><E96/><V102/><F102/><W88/><G88/><T84/><REACH who="0" step="1"/><D20/><REACH who="0" ten="199,268,290,223" step="2"/><U60/><E112/><V6/><F32/><W35/><G35/><T44/><D44/><U13/><E114/><V5/><F34/><W118/><G118/><T2/><D2/><U125/><E82/><V117/><F33/><W23/><G23/><T49/><AGARI ba="0,2" hai="10,15,17,37,43,45,46,49,53,57,58,84,91,94" machi="49" ten="30,2000,0" yaku="1,1,0,1,53,0" doraHai="0" doraHaiUra="27" who="0" fromWho="0" sc="199,40,268,-5,290,-5,223,-10" /><INIT seed="8,0,0,4,0,94" ten="239,263,285,213" oya="0" hai0="64,20,108,27,126,85,68,75,115,118,55,36,79" hai1="117,57,98,119,135,33,81,49,12,22,87,83,102" hai2="80,101,70,96,16,59,7,110,51,84,76,90,1" hai3="82,134,121,29,47,2,112,123,77,122,25,114,67"/><T37/><D75/><U61/><E33/><V34/><F70/><W23/><G2/><T69/><D115/><U88/><E49/><V14/><F34/><W106/><G134/><T24/><D108/><U116/><E135/><V92/><F110/><W65/><G106/><T44/><D126/><U0/><E0/><V104/><F1/><W39/><G39/><T127/><D127/><U109/><E109/><V32/><F32/><W128/><G128/><T95/><D118/><U40/><E40/><V124/><F124/><W6/><G6/><T15/><D15/><U18/><E83/><V130/><F130/><W10/><G10/><T3/><D3/><U54/><E102/><V5/><F59/><W11/><G11/><T91/><D79/><U62/><E62/><V21/><F51/><W107/><G107/><T66/><D37/><U9/><E98/><AGARI ba="0,0" hai="5,7,14,16,21,76,80,84,90,92,96,98,101,104" machi="98" ten="30,7700,0" yaku="7,1,52,2,54,1" doraHai="94" who="2" fromWho="1" sc="239,0,263,-77,285,77,213,0" owari="239,4.0,186,-31.0,362,46.0,213,-19.0" /></mjloggm>