<mjloggm ver="2.3"><GO type="169" lobby="0"/><UN n0="%6F%6B%61%65%72%69" n1="%E3%82%A6%E3%83%AB%E3%83%88%E3%83%A9%E7%AB%8B%E7%9B%B4" n2="%E3%82%89%E3%81%8F%E3%81%A0%EF%BC%90%EF%BC%91%EF%BC%90%EF%BC%99" n3="%74%61%6B%65%2D%79%6F%75" dan="16,17,17,16" rate="2116.25,2228.76,2185.17,2052.00" sx="F,M,M,F"/><TAIKYOKU oya="0"/><INIT seed="0,0,0,5,4,112" ten="250,250,250,250" oya="0" hai0="110,111,0,10,57,35,68,18,65,60,132,100,102" hai1="37,21,72,103,31,39,51,15,105,104,3,43,75" hai2="70,131,49,34,128,53,97,19,133,84,52,87,124" hai3="91,63,86,99,109,119,82,24,96,28,50,23,11"/><T9/><D35/><U8/><E51/><V56/><F34/><W67/><G109/><N who="0" m="41483" /><D132/><U59/><E59/><N who="2" m="33167" /><F70/><W54/><G119/><T117/><D117/><U116/><E8/><N who="0" m="3177" /><D0/><U46/><E15/><V17/><F133/><W38/><G38/><T48/><D18/><N who="2" m="6666" /><F124/><W27/><G27/><T30/><D30/><U47/><E31/><V129/><F97/><W80/><G11/><T127/><D127/><U6/><E21/><V95/><F95/><W93/><G96/><T16/><D16/><U85/><E3/><V126/><F126/><W62/><G67/><T121/><D121/><U123/><E123/><V130/><N who="2" m="32768" /><DORA hai="58" /><V114/><F114/><W83/><REACH who="3" step="1"/><G99/><REACH who="3" ten="250,250,250,240" step="2"/><T13/><D13/><U74/><E116/><V135/><F135/><W81/><N who="3" m="20480" /><DORA hai="118" /><W125/><G125/><T113/><D113/><U4/><E74/><V36/><F36/><W88/><G88/><T71/><D68/><U14/><E75/><V45/><F87/><W115/><G115/><T79/><D79/><U20/><E85/><V77/><F84/><W44/><AGARI ba="0,1" hai="23,24,28,44,50,54,62,63,86,91,93" m="20480" machi="44" ten="40,12000,2" yaku="1,1,0,1,8,1,52,2,53,1" doraHai="112,58,118" doraHaiUra="98,25,64" who="3" fromWho="3" sc="250,-60,250,-30,250,-30,240,130" /><INIT seed="1,0,0,2,4,2" ten="190,220,220,370" oya="1" hai0="50,108,99,36,124,79,74,25,77,27,73,109,80" hai1="115,135,13,58,132,45,119,18,10,38,6,92,31" hai2="122,91,76,106,83,9,69,22,24,35,21,84,1" hai3="54,94,95,100,110,40,72,125,78,98,68,97,123"/><U17/><E115/><V48/><F106/><W93/><G68/><T90/><D36/><U59/><E119/><V53/><F69/><W81/><G40/><T133/><D133/><N who="1" m="51275" /><E31/><V63/><F122/><W112/><G54/><T89/><D124/><U42/><E92/><V23/><F35/><W127/><G112/><T46/><D50/><U37/><E37/><V11/><F63/><W26/><G26/><T85/><D46/><U67/><E67/><V118/><F118/><W51/><G51/><T55/><D55/><U104/><E104/><V43/><F43/><W52/><G52/><T66/><D66/><U3/><E3/><V29/><F76/><N who="0" m="29258" /><D27/><U130/><E130/><V62/><F62/><W121/><G110/><N who="0" m="42603" /><D25/><U114/><E114/><V39/><F39/><W116/><G116/><T117/><D117/><U103/><E103/><V96/><F96/><N who="3" m="36971" /><G100/><T128/><D128/><U49/><E38/><V15/><F1/><W0/><G0/><T120/><D120/><AGARI ba="0,0" hai="72,78,81,93,94,95,120,121,123,125,127" m="36971" machi="120" ten="40,2600,0" yaku="34,2" doraHai="2" who="3" fromWho="0" sc="190,-26,220,0,220,0,370,26" /><INIT seed="2,0,0,4,2,76" ten="164,220,220,396" oya="2" hai0="47,72,1,114,50,25,69,48,63,102,130,20,66" hai1="22,53,3,111,16,128,89,55,10,62,67,129,122" hai2="32,96,23,135,42,46,58,124,41,73,116,11,79" hai3="109,87,115,9,119,30,113,127,134,90,91,110,4"/><V6/><F32/><W99/><G119/><T57/><D114/><N who="3" m="43529" /><G30/><T70/><D130/><N who="1" m="50283" /><E111/><N who="3" m="42506" /><G127/><T101/><D72/><U39/><E39/><V2/><F116/><W64/><G64/><T74/><D1/><U85/><E10/><V107/><F124/><W93/><G134/><T131/><D131/><U52/><E3/><V82/><F135/><W45/><G45/><T15/><D74/><U65/><E62/><V36/><F42/><W54/><G54/><T14/><D70/><U49/><E49/><V0/><F0/><N who="3" m="135" /><G87/><T133/><D133/><U37/><E122/><V125/><F125/><W86/><G86/><T34/><D47/><U120/><E120/><V88/><F58/><W21/><G21/><T117/><D57/><U100/><E37/><V13/><F23/><W123/><G123/><T121/><D20/><U59/><E59/><V51/><F51/><W104/><G104/><T33/><D50/><U78/><E67/><V19/><F107/><W92/><G92/><T56/><D121/><U7/><E65/><V12/><F19/><W18/><G18/><T106/><D106/><U17/><E17/><V29/><F29/><W108/><G108/><T27/><D66/><U40/><E40/><V94/><AGARI ba="0,0" hai="2,6,11,12,13,36,41,46,73,79,82,88,94,96" machi="94" ten="30,12000,1" yaku="0,1,25,2,52,1,54,1" doraHai="76" who="2" fromWho="2" sc="164,-40,220,-40,220,120,396,-40" /><INIT seed="2,1,0,4,1,56" ten="124,180,340,356" oya="2" hai0="69,8,12,43,87,5,9,62,99,75,83,90,0" hai1="98,114,88,85,58,68,123,29,101,131,66,128,47" hai2="100,105,111,122,84,53,28,63,6,109,20,119,94" hai3="10,46,116,86,102,31,37,80,44,22,13,89,54"/><V108/><F119/><W40/><G116/><T112/><D112/><U19/><E68/><V134/><F122/><W74/><G74/><T79/><D99/><U115/><E29/><V55/><F134/><W49/><G102/><T3/><D43/><U110/><E47/><V1/><F1/><W118/><G118/><T120/><D120/><U93/><E19/><V25/><F6/><W113/><G113/><T32/><D32/><U71/><E71/><V76/><F105/><W60/><G60/><T92/><REACH who="0" step="1"/><D8/><REACH who="0" ten="114,180,340,356" step="2"/><U35/><E35/><V132/><F132/><W125/><G40/><T51/><D51/><U24/><E123/><V97/><F63/><W73/><G37/><T2/><D2/><U107/><E115/><V50/><F50/><W14/><G10/><T36/><D36/><U30/><E114/><V133/><F133/><W39/><G49/><T106/><D106/><U127/><E107/><V11/><F11/><W82/><G39/><T129/><D129/><U78/><E131/><V65/><F65/><AGARI ba="1,1" hai="0,3,5,9,12,62,65,69,75,79,83,87,90,92" machi="65" ten="40,5200,0" yaku="1,1,52,1,53,1" doraHai="56" doraHaiUra="59" who="0" fromWho="2" sc="114,65,180,0,340,-55,356,0" /><INIT seed="3,0,0,2,1,21" ten="179,180,285,356" oya="3" hai0="26,95,68,106,44,40,58,131,74,71,117,99,27" hai1="76,69,22,20,42,13,29,56,98,125,133,112,94" hai2="0,96,18,59,90,110,52,92,115,83,60,107,5" hai3="34,12,89,2,111,82,101,65,19,75,39,35,31"/><W55/><G2/><T78/><D106/><U51/><E69/><V38/><F38/><W3/><G3/><T30/><D117/><U70/><E70/><V120/><F120/><W124/><G39/><T46/><D131/><U103/><E112/><V47/><F115/><W48/><G65/><T67/><D58/><U50/><E125/><V135/><F135/><W88/><G101/><T41/><D30/><U109/><E109/><V119/><F119/><W43/><G43/><T66/><D78/><U123/><E123/><V33/><F33/><W17/><G124/><T134/><D95/><U28/><E133/><V49/><F110/><W126/><G126/><T61/><D134/><U122/><E122/><V80/><F107/><W129/><G129/><T57/><D57/><U64/><E76/><V100/><F100/><W93/><G19/><T102/><D102/><U45/><E13/><V127/><F127/><W8/><G75/><T132/><D132/><U116/><E116/><V84/><F84/><N who="3" m="50199" /><G31/><T77/><D77/><U91/><E103/><V87/><F87/><N who="3" m="52415" /><G111/><T79/><D79/><U16/><E29/><V81/><F5/><W108/><G108/><T72/><D99/><U1/><E28/><V86/><F0/><W104/><G104/><T23/><D23/><N who="1" m="8747" /><E16/><V37/><F37/><W7/><G7/><T63/><AGARI ba="0,0" hai="26,27,40,41,44,46,61,63,66,67,68,71,72,74" machi="63" ten="25,8000,1" yaku="0,1,22,2,52,2" doraHai="21" who="0" fromWho="0" sc="179,80,180,-20,285,-20,356,-40" /><INIT seed="4,0,0,2,1,82" ten="259,160,265,316" oya="0" hai0="49,14,63,24,100,95,134,7,13,16,50,55,53" hai1="108,43,57,25,91,118,62,45,60,133,18,66,121" hai2="27,61,54,85,119,75,19,126,114,2,29,74,38" hai3="36,86,105,46,123,122,34,90,37,71,79,78,96"/><T106/><D106/><U8/><E118/><V93/><F38/><W33/><G71/><T15/><D134/><U4/><E121/><N who="3" m="46090" /><G105/><T113/><D113/><U65/><E108/><V32/><F2/><W135/><G96/><N who="0" m="59423" /><D7/><U44/><E133/><V9/><F114/><W12/><G12/><N who="0" m="4715" /><D24/><U101/><E101/><V42/><F119/><W28/><G135/><T30/><D30/><U10/><E4/><V102/><F42/><N who="3" m="22855" /><G37/><T23/><D63/><U124/><E124/><V99/><F74/><W6/><G6/><T83/><D83/><U97/><E25/><V68/><F75/><W26/><G34/><T40/><D40/><U69/><E18/><V111/><F61/><W128/><G128/><T116/><D116/><U88/><E43/><V80/><F19/><W107/><G107/><T67/><D67/><U98/><REACH who="1" step="1"/><E57/><REACH who="1" ten="259,150,265,316" step="2"/><V5/><F27/><W48/><G26/><T125/><D125/><U84/><E84/><V3/><F126/><W47/><G28/><T59/><D59/><U17/><E17/><V11/><F85/><W127/><G127/><T132/><D132/><U131/><E131/><V1/><F29/><W104/><G33/><T129/><D129/><U94/><E94/><V21/><F32/><W117/><G104/><T35/><D35/><U41/><E41/><V92/><F5/><W81/><G117/><T110/><D110/><U31/><E31/><V72/><F111/><W58/><G58/><T112/><D112/><U130/><E130/><V52/><F1/><W109/><G109/><T76/><D16/><U77/><E77/><N who="2" m="44071" /><F3/><W73/><G73/><RYUUKYOKU ba="0,1" sc="259,-15,150,15,265,-15,316,15" hai1="8,10,44,45,60,62,65,66,69,88,91,97,98" hai3="47,48,78,79,81,86,90" /><INIT seed="5,1,1,2,2,118" ten="244,165,250,331" oya="1" hai0="71,78,19,61,108,4,135,18,129,105,94,124,51" hai1="123,75,22,125,81,92,130,6,127,16,58,24,2" hai2="59,112,74,49,12,23,106,39,41,77,44,80,114" hai3="1,21,100,103,26,53,97,34,73,134,76,0,132"/><U28/><E92/><V42/><F106/><W95/><G34/><T104/><D108/><U86/><E75/><V113/><F59/><W126/><G100/><T66/><D129/><U65/><E130/><V82/><F82/><N who="3" m="45327" /><G53/><T111/><D111/><U60/><E123/><V11/><F23/><W15/><G15/><T110/><D110/><U128/><E128/><V48/><REACH who="2" step="1"/><F42/><REACH who="2" ten="244,165,240,331" step="2"/><W45/><G21/><T119/><D105/><U64/><E64/><V102/><F102/><W36/><G103/><T69/><D104/><U63/><E63/><V55/><F55/><W46/><G95/><T89/><D71/><U50/><E28/><V79/><F79/><W3/><G46/><T13/><D78/><U8/><REACH who="1" step="1"/><E50/><REACH who="1" ten="244,155,240,331" step="2"/><V17/><AGARI ba="1,3" hai="11,12,17,39,41,44,48,49,74,77,80,112,113,114" machi="17" ten="30,7900,0" yaku="1,1,0,1,15,1,11,1,53,0" doraHai="118" doraHaiUra="52" who="2" fromWho="2" sc="244,-21,155,-40,240,112,331,-21" /><INIT seed="6,0,0,3,2,95" ten="223,115,352,310" oya="2" hai0="26,3,9,24,48,74,111,116,94,130,13,66,51" hai1="79,122,56,85,134,11,107,108,103,41,45,127,106" hai2="120,59,20,105,55,34,39,8,75,133,100,12,15" hai3="84,30,86,123,78,69,58,72,71,17,63,27,119"/><V99/><F39/><W81/><G119/><T33/><D111/><U64/><E108/><V6/><F75/><W42/><G123/><T57/><D74/><U47/><E122/><V5/><F120/><W131/><G42/><T129/><D116/><U112/><E112/><V22/><F34/><W32/><G131/><T68/><D68/><U73/><E127/><V10/><F133/><W7/><G7/><T28/><D26/><U29/><E29/><V88/><F88/><W14/><G71/><T19/><D51/><AGARI ba="0,0" hai="5,6,8,10,12,15,20,22,51,55,59,99,100,105" machi="51" ten="30,5800,0" yaku="7,1,9,1,52,1" doraHai="95" who="2" fromWho="0" sc="223,-58,115,0,352,58,310,0" /><INIT seed="6,1,0,4,5,6" ten="165,115,410,310" oya="2" hai0="10,75,66,32,15,57,11,134,133,92,47,77,51" hai1="116,60,122,115,7,79,27,121,33,111,80,20,65" hai2="123,112,126,39,25,91,96,16,42,84,104,64,61" hai3="5,44,103,59,36,58,14,86,28,22,67,78,117"/><V48/><F123/><W118/><G103/><T56/><D32/><U83/><E111/><V102/><F112/><W31/><G117/><T101/><D75/><U34/><E116/><V76/><F126/><W74/><G74/><T106/><D77/><U52/><E115/><V38/><F76/><W125/><G118/><T23/><D23/><U26/><E7/><V88/><F91/><W129/><G125/><T50/><D106/><U41/><E41/><V1/><F1/><W94/><G129/><T87/><D51/><U12/><E12/><V93/><F42/><W35/><G35/><T37/><D37/><U107/><E107/><V119/><F48/><W72/><G72/><T81/><D92/><U71/><E52/><V46/><F46/><W69/><G69/><T73/><D73/><N who="1" m="43119" /><E83/><V4/><F4/><W63/><G59/><N who="0" m="22603" /><D66/><U49/><E49/><V97/><F119/><W21/><G78/><N who="0" m="46519" /><D15/><U90/><E90/><V99/><F38/><W82/><G82/><T108/><D101/><U53/><E53/><V54/><F39/><W40/><G36/><T9/><D108/><U70/><E70/><N who="2" m="42255" /><F54/><W128/><G67/><T109/><D109/><U130/><E130/><V127/><F127/><W17/><G128/><T98/><D50/><U3/><E3/><V55/><F55/><W95/><G40/><T43/><D43/><U120/><E27/><V113/><F113/><W100/><G14/><T114/><D114/><U0/><E0/><V18/><F25/><W89/><G89/><T2/><D2/><U45/><E45/><V29/><F102/><W124/><G100/><RYUUKYOKU ba="1,0" sc="165,-10,115,30,410,-10,310,-10" hai1="20,26,33,34,60,65,71,120,121,122" /><INIT seed="7,2,0,2,2,55" ten="155,145,400,300" oya="3" hai0="119,12,87,19,13,107,71,17,21,117,62,88,25" hai1="20,68,102,52,72,85,26,56,95,80,18,63,37" hai2="28,111,94,120,70,91,42,115,64,79,33,0,4" hai3="23,98,90,29,34,27,14,105,39,46,93,82,134"/><W2/><G2/><T108/><D107/><U97/><E37/><V6/><F111/><W92/><G105/><T112/><D108/><U122/><E68/><V3/><F42/><W103/><G134/><T74/><D74/><U99/><E72/><V43/><F43/><W104/><G39/><T75/><D75/><U77/><REACH who="1" step="1"/><E99/><REACH who="1" ten="155,135,400,300" step="2"/><V96/><F96/><W10/><G98/><T44/><D112/><U73/><E73/><V86/><F91/><W48/><G104/><T81/><D119/><U132/><E132/><V106/><F94/><W58/><G103/><T35/><D117/><U76/><E76/><V69/><F6/><W32/><G82/><T128/><D128/><U113/><E113/><V36/><F64/><W31/><G92/><T8/><D71/><U61/><E61/><V45/><F28/><W130/><G130/><T51/><D62/><U22/><E22/><V135/><F86/><W129/><G129/><T66/><D66/><U116/><E116/><V57/><F0/><W133/><G133/><T49/><REACH who="0" step="1"/><D44/><REACH who="0" ten="145,135,400,300" step="2"/><U53/><E53/><V110/><F36/><W1/><G46/><T5/><D5/><U126/><E126/><V24/><F45/><W59/><G32/><T16/><D16/><U78/><E78/><V131/><F33/><W30/><G34/><T50/><D50/><U15/><E15/><V100/><F3/><W11/><G48/><T41/><D41/><U123/><AGARI ba="2,2" hai="18,20,26,52,56,63,77,80,85,95,97,102,122,123" machi="123" ten="30,7900,0" yaku="1,1,0,1,52,1,54,1,53,0" doraHai="55" doraHaiUra="125" who="1" fromWho="1" sc="145,-22,135,105,400,-22,300,-41" owari="123,-38.0,240,-16.0,378,48.0,259,6.0" /></mjloggm>