<mjloggm ver="2.3"><GO type="169" lobby="0"/><UN n0="%E5%B0%B1%E6%B4%BB%E7%94%9F%40%E5%B7%9D%E6%9D%91%E8%BB%8D%E5%9B%A3" n1="%73%75%7A%75%6D%65%E3%81%AE%E6%B6%99" n2="%33%E7%95%AA%44%48%E4%BA%95%E7%AB%AF" n3="%65%76%65%72%31%37%2A" dan="16,16,16,16" rate="2093.37,2082.74,2146.50,2153.32" sx="M,M,M,M"/><TAIKYOKU oya="0"/><INIT seed="0,0,0,3,1,122" ten="250,250,250,250" oya="0" hai0="49,39,77,76,114,75,88,5,41,65,74,86,12" hai1="55,82,4,18,23,19,30,89,94,96,91,97,80" hai2="22,112,120,7,92,57,58,131,127,130,121,21,37" hai3="3,132,79,66,107,134,104,2,98,135,126,24,73"/><T85/><D39/><U17/><E4/><V95/><F37/><W90/><G66/><T78/><D114/><U100/><E55/><V54/><F7/><W9/><G24/><T1/><D1/><N who="3" m="9" /><G9/><N who="0" m="4143" /><D74/><U44/><E44/><V36/><F36/><W50/><G50/><T119/><D75/><U32/><E32/><V109/><F54/><W10/><G10/><T110/><D119/><U118/><E118/><V72/><F72/><W102/><G90/><T0/><D0/><U31/><E23/><V8/><F127/><W25/><G25/><T20/><D65/><U106/><E106/><V67/><F8/><W63/><G63/><T70/><D70/><U124/><E124/><V28/><F67/><W29/><G29/><T64/><D64/><U81/><E100/><V123/><F123/><W115/><G107/><T47/><D110/><U129/><E129/><V40/><F40/><W13/><G13/><T117/><D117/><U101/><E101/><V133/><F28/><W125/><G115/><T59/><D59/><U52/><E52/><V113/><F133/><W16/><G16/><T27/><D88/><U68/><E68/><V45/><F45/><W84/><G84/><T116/><D116/><U87/><E87/><V46/><F46/><W48/><G48/><T26/><D26/><U103/><E103/><V51/><F51/><W38/><G38/><T105/><D105/><U53/><E53/><V128/><F128/><W99/><G99/><T60/><D60/><U33/><E33/><V43/><F43/><W15/><G15/><T14/><D14/><U42/><E42/><RYUUKYOKU ba="0,0" sc="250,0,250,0,250,0,250,0" hai0="20,27,41,47,49,76,77,78,85,86" hai1="17,18,19,30,31,80,81,82,89,91,94,96,97" hai2="21,22,57,58,92,95,109,112,113,120,121,130,131" hai3="73,79,98,102,104,125,126,132,134,135" /><INIT seed="0,1,0,5,0,66" ten="250,250,250,250" oya="0" hai0="89,126,115,26,106,40,60,124,105,16,0,78,18" hai1="52,87,130,90,101,62,12,99,121,91,120,13,37" hai2="97,30,59,70,56,41,95,68,10,73,75,128,6" hai3="58,32,98,123,2,131,4,76,114,49,94,36,71"/><T127/><D0/><U35/><E37/><V33/><F128/><W80/><G32/><T77/><D115/><U103/><E35/><V51/><F30/><W92/><G36/><T111/><D40/><U88/><E130/><V134/><F134/><W72/><G131/><T28/><D111/><U117/><E117/><V125/><F33/><W110/><G110/><T5/><D5/><U31/><E31/><V104/><F104/><N who="0" m="40042" /><D89/><U55/><E87/><V43/><F95/><W44/><G94/><T85/><D60/><U22/><E62/><V20/><F20/><W63/><G114/><T93/><D93/><U24/><E24/><V50/><F10/><W82/><G82/><N who="0" m="47311" /><D78/><U81/><E81/><V23/><F23/><AGARI ba="1,0" hai="16,18,23,26,28,124,126,127" m="47311,40042" machi="23" ten="40,3900,0" yaku="18,1,54,1" doraHai="66" who="0" fromWho="2" sc="250,42,250,0,250,-42,250,0" /><INIT seed="0,2,0,1,4,48" ten="292,250,208,250" oya="0" hai0="131,82,121,64,125,106,94,59,73,19,115,124,116" hai1="56,102,8,49,20,99,114,93,77,128,66,16,52" hai2="60,44,3,109,111,30,26,37,69,95,35,27,54" hai3="15,75,40,62,51,50,105,119,98,31,134,85,101"/><T74/><D106/><U45/><E128/><V104/><F104/><W21/><G75/><T11/><D121/><U112/><E8/><V81/><F3/><W41/><G119/><T78/><D116/><U120/><E77/><V67/><F81/><W17/><G134/><T18/><D115/><N who="1" m="44075" /><E120/><V110/><F95/><W84/><G31/><T55/><D74/><U33/><E66/><V91/><F91/><W38/><G62/><T103/><D131/><U36/><E33/><V76/><F76/><W72/><G72/><T89/><D103/><U113/><N who="1" m="44083" /><U43/><DORA hai="6" /><E36/><V4/><F4/><W13/><G38/><T7/><D64/><U2/><E2/><V39/><REACH who="2" step="1"/><F27/><REACH who="2" ten="292,250,198,250" step="2"/><W90/><G90/><T86/><D124/><U0/><E0/><V57/><F57/><W135/><G105/><T108/><D125/><U127/><E127/><V132/><F132/><W88/><G135/><T12/><REACH who="0" step="1"/><D108/><REACH who="0" ten="282,250,198,250" step="2"/><U107/><E107/><V133/><F133/><W47/><G101/><T42/><D42/><U122/><E122/><V9/><F9/><W123/><G41/><T117/><D117/><U34/><E43/><V126/><F126/><W92/><G40/><T14/><D14/><U79/><E102/><V63/><F63/><AGARI ba="2,2" hai="7,11,12,18,19,55,59,63,73,78,82,86,89,94" machi="63" ten="30,11600,0" yaku="1,1,7,1,52,2,53,0" doraHai="48,6" doraHaiUra="70,28" who="0" fromWho="2" sc="282,142,250,0,198,-122,250,0" /><INIT seed="0,3,0,4,1,62" ten="424,250,76,250" oya="0" hai0="56,16,66,67,89,128,25,90,93,123,5,115,86" hai1="46,77,52,100,57,8,36,83,41,55,78,64,80" hai2="112,9,121,129,103,79,53,2,127,124,88,21,117" hai3="122,17,51,38,15,114,12,118,28,108,110,130,113"/><T98/><D123/><U23/><E100/><V33/><F33/><W22/><G38/><T20/><D115/><U104/><E104/><V39/><F112/><N who="3" m="43115" /><G51/><T19/><D128/><U61/><E23/><V63/><F121/><W1/><G130/><T11/><D56/><U99/><E99/><V18/><F129/><W96/><G96/><T13/><D5/><U105/><E105/><V120/><F120/><W7/><G122/><T45/><D45/><U92/><E92/><AGARI ba="3,0" hai="11,13,16,19,20,25,66,67,86,89,90,92,93,98" machi="92" ten="30,12000,1" yaku="7,1,8,1,52,2,54,1" doraHai="62" who="0" fromWho="1" sc="424,129,250,-129,76,0,250,0" /><INIT seed="0,4,0,2,3,34" ten="553,121,76,250" oya="0" hai0="76,7,69,1,17,51,28,15,113,66,22,61,70" hai1="96,130,134,128,103,133,95,88,43,48,122,120,30" hai2="14,72,56,101,80,50,44,106,3,68,9,82,104" hai3="78,24,127,26,73,111,21,35,46,47,58,81,63"/><T2/><D113/><U93/><E30/><V100/><F68/><W89/><G111/><T29/><D69/><U118/><E43/><V20/><F106/><W109/><G109/><T112/><D112/><U114/><E114/><V107/><F104/><W0/><G0/><T12/><D76/><U117/><E48/><V83/><F72/><W67/><G127/><T86/><D86/><U27/><E27/><V45/><F3/><W94/><G35/><T57/><D15/><U92/><E103/><N who="2" m="39499" /><F20/><W123/><G123/><N who="1" m="47146" /><E96/><V126/><F126/><W19/><REACH who="3" step="1"/><G24/><REACH who="3" ten="553,121,76,240" step="2"/><T131/><D131/><N who="1" m="50219" /><E88/><V121/><F121/><W79/><G79/><T102/><D2/><U108/><E108/><V54/><F107/><W10/><G10/><T105/><D1/><U124/><E124/><V5/><AGARI ba="4,1" hai="5,9,14,44,45,50,54,56,80,82,83" m="39499" machi="5" ten="30,1100,0" yaku="8,1" doraHai="34" who="2" fromWho="2" sc="553,-9,121,-7,76,33,240,-7" /><INIT seed="1,0,0,0,4,93" ten="544,114,109,233" oya="1" hai0="127,44,103,67,37,92,114,0,77,48,28,39,122" hai1="113,20,101,11,14,106,94,6,86,72,5,64,24" hai2="85,66,107,55,47,104,35,100,129,121,132,46,95" hai3="42,88,131,102,58,124,105,57,25,4,34,43,83"/><U40/><E113/><V32/><F121/><W90/><G124/><T65/><D0/><U13/><E72/><V125/><F125/><W52/><G4/><T73/><D114/><U89/><E40/><V41/><F66/><W70/><G70/><T126/><D122/><U61/><E106/><V110/><F107/><W98/><G58/><T81/><D28/><U119/><E119/><V80/><F104/><W1/><G1/><T78/><D78/><U69/><E101/><V130/><F110/><W111/><G111/><T38/><D92/><U109/><E109/><V116/><F116/><W59/><G59/><T23/><D103/><U120/><E120/><V33/><F132/><W87/><G90/><T50/><D50/><U112/><E112/><V97/><F55/><W9/><G9/><T76/><D76/><U27/><E20/><V2/><F2/><W53/><G131/><N who="2" m="50185" /><F41/><W96/><G53/><T17/><D126/><U19/><E19/><V135/><F135/><W21/><G34/><N who="2" m="8705" /><V133/><DORA hai="49" /><F133/><W99/><G105/><T71/><D71/><U12/><E12/><V8/><F8/><AGARI ba="0,0" hai="5,6,8,11,13,14,24,27,61,64,69,86,89,94" machi="8" ten="40,2000,0" yaku="9,1" doraHai="93,49" who="1" fromWho="2" sc="544,0,114,20,109,-20,233,0" /><INIT seed="1,1,0,4,0,134" ten="544,134,89,233" oya="1" hai0="69,2,20,27,112,129,72,28,66,53,76,79,10" hai1="44,42,18,40,24,32,101,52,81,22,49,46,43" hai2="121,36,92,88,64,56,51,47,74,50,113,135,67" hai3="95,94,41,115,126,91,26,96,130,111,107,29,68"/><U118/><E118/><V23/><F121/><W98/><G111/><T122/><D112/><U63/><E101/><V77/><F113/><W120/><G115/><T97/><D72/><U34/><E81/><V9/><F135/><W55/><G68/><T78/><D129/><U108/><E108/><V119/><F119/><W99/><G120/><T109/><D109/><U59/><REACH who="1" step="1"/><E44/><REACH who="1" ten="544,124,89,233" step="2"/><V16/><F74/><W127/><G130/><T8/><D122/><U89/><E89/><V80/><F80/><W103/><G91/><T33/><D78/><U13/><E13/><V31/><F77/><W58/><G103/><T83/><D76/><U85/><E85/><V25/><F47/><W39/><G107/><T62/><D83/><U123/><E123/><V84/><F36/><W35/><G95/><T128/><D79/><U110/><E110/><V1/><F1/><W4/><G94/><T100/><D2/><U116/><E116/><V48/><F56/><W54/><G99/><T132/><D97/><U82/><E82/><V30/><F30/><W38/><G98/><T75/><D75/><U71/><E71/><V6/><F6/><W60/><G96/><T86/><D28/><U3/><E3/><V21/><F9/><W65/><G39/><T14/><D10/><U114/><E114/><V73/><F73/><W19/><G4/><T0/><D8/><U57/><E57/><V124/><REACH who="2" step="1"/><F124/><REACH who="2" ten="544,124,79,233" step="2"/><N who="3" m="47659" /><G19/><T125/><D0/><U17/><E17/><V131/><F131/><W104/><G38/><T15/><D125/><U117/><E117/><V11/><F11/><W133/><G29/><RYUUKYOKU ba="1,2" sc="544,-15,124,15,79,15,233,-15" hai1="18,22,24,32,34,40,42,43,46,49,52,59,63" hai2="16,21,23,25,31,48,50,51,64,67,84,88,92" /><INIT seed="1,2,2,2,3,18" ten="529,139,94,218" oya="1" hai0="132,90,103,51,54,120,41,72,93,121,80,130,40" hai1="27,6,20,3,109,67,59,29,49,63,118,26,23" hai2="75,89,13,65,126,77,96,73,78,11,70,62,68" hai3="134,0,92,127,69,17,135,129,81,133,86,35,50"/><U84/><E118/><V104/><F70/><W123/><G123/><N who="0" m="47179" /><D132/><U88/><E3/><V83/><F126/><W74/><G69/><T97/><D130/><U36/><E36/><V98/><F104/><W102/><G35/><T33/><D33/><U56/><E109/><V34/><F34/><W7/><G50/><T31/><D31/><U101/><E101/><V122/><F122/><W5/><G74/><T64/><D64/><U111/><E111/><V99/><F89/><N who="3" m="51407" /><G17/><T125/><D125/><U66/><E6/><V44/><F44/><W1/><G127/><T82/><D90/><U87/><E49/><V85/><REACH who="2" step="1"/><F78/><REACH who="2" ten="529,139,84,218" step="2"/><W37/><G133/><T2/><D103/><U53/><E59/><V52/><F52/><W58/><G135/><T108/><D108/><U107/><E107/><V105/><F105/><W43/><G134/><T100/><D100/><U71/><E71/><V60/><F60/><W46/><G102/><T119/><D119/><U30/><E84/><V91/><F91/><W14/><G58/><T42/><D54/><U10/><E10/><V38/><F38/><W39/><G37/><T110/><D110/><U76/><E76/><V4/><AGARI ba="2,3" hai="4,11,13,62,65,68,73,75,77,83,85,96,98,99" machi="4" ten="30,2000,0" yaku="1,1,0,1,53,0" doraHai="18" doraHaiUra="32" who="2" fromWho="2" sc="529,-7,139,-12,84,56,218,-7" /><INIT seed="2,0,0,5,0,112" ten="522,127,140,211" oya="2" hai0="118,91,85,123,44,120,106,87,69,133,40,58,37" hai1="8,9,135,47,60,39,129,93,14,38,24,46,49" hai2="94,57,99,31,127,110,77,66,96,101,132,63,71" hai3="97,102,7,76,113,56,126,61,50,130,80,51,19"/><V62/><F127/><W20/><G113/><T52/><D69/><U22/><E135/><V34/><F132/><W83/><G130/><T81/><D133/><U28/><E129/><V67/><F110/><W108/><G108/><T17/><D106/><U48/><E60/><V117/><F77/><W32/><G7/><T29/><D118/><U54/><E93/><V15/><F117/><W27/><G32/><T104/><D104/><U134/><E134/><V26/><F15/><W30/><G30/><T73/><D73/><U122/><E122/><V16/><F99/><W75/><G83/><T70/><D70/><U53/><REACH who="1" step="1"/><E8/><REACH who="1" ten="522,117,140,211" step="2"/><V12/><F63/><W11/><G11/><T41/><D120/><U10/><E10/><V64/><F71/><W119/><G119/><T5/><D123/><U89/><E89/><V43/><F43/><W131/><G131/><T55/><D91/><U90/><E90/><V42/><F42/><W3/><G126/><T88/><D88/><U78/><E78/><V100/><F101/><W72/><G76/><T13/><D41/><U111/><E111/><V121/><F121/><W59/><G61/><T0/><D40/><U116/><E116/><V92/><F94/><W98/><G102/><T45/><D81/><U105/><E105/><V82/><F82/><W18/><G80/><T109/><D109/><U124/><E124/><V128/><F128/><W125/><G125/><T36/><D36/><U86/><E86/><V115/><F115/><W6/><G75/><T114/><D37/><U74/><E74/><V103/><F100/><W25/><G72/><RYUUKYOKU ba="0,1" sc="522,-15,117,15,140,15,211,-15" hai1="9,14,22,24,28,38,39,46,47,48,49,53,54" hai2="12,16,26,31,34,57,62,64,66,67,92,96,103" /><INIT seed="2,1,1,0,1,66" ten="507,132,155,196" oya="2" hai0="103,96,92,89,2,97,91,19,3,111,125,61,122" hai1="34,60,15,47,77,0,84,99,42,102,9,90,107" hai2="46,93,12,16,120,67,104,1,95,81,20,45,8" hai3="128,85,18,124,127,135,101,59,117,79,35,10,72"/><V53/><F104/><W6/><G117/><T21/><D122/><U132/><E132/><V65/><F120/><W29/><G135/><T25/><D111/><U71/><E34/><V118/><F118/><W50/><G128/><T56/><D125/><U7/><E77/><V41/><F53/><N who="3" m="32183" /><G101/><T51/><D51/><U113/><E113/><V88/><F81/><N who="3" m="47295" /><G72/><T52/><D91/><U110/><E110/><V83/><F83/><W44/><G44/><N who="2" m="17001" /><F1/><W37/><G18/><T39/><D39/><U62/><E0/><V33/><F33/><W69/><G37/><T64/><D64/><N who="2" m="24650" /><F41/><W27/><G10/><T133/><D133/><U49/><REACH who="1" step="1"/><E71/><REACH who="1" ten="507,122,155,196" step="2"/><V57/><F57/><W24/><G69/><T76/><D76/><U78/><E78/><V40/><F40/><W109/><G35/><T87/><REACH who="0" step="1"/><D97/><REACH who="0" ten="497,122,155,196" step="2"/><U130/><E130/><V74/><F74/><W121/><G109/><T26/><D26/><U28/><E28/><V43/><F43/><W14/><G27/><T86/><D86/><U55/><E55/><V17/><F88/><W94/><G24/><AGARI ba="1,3" hai="8,12,16,17,20,24,93,95" m="24650,17001" machi="24" ten="30,2900,0" yaku="8,1,54,1" doraHai="66" who="2" fromWho="3" sc="497,0,122,0,155,62,196,-32" /><INIT seed="2,2,0,1,1,128" ten="497,122,217,164" oya="2" hai0="117,42,109,3,129,48,133,58,71,132,59,34,55" hai1="64,112,121,24,103,73,4,75,57,104,10,108,29" hai2="126,77,13,62,119,81,45,53,67,99,14,100,111" hai3="52,66,96,93,83,120,113,56,7,47,35,12,76"/><V130/><F119/><W97/><G120/><T84/><D34/><U63/><E108/><V124/><F130/><W1/><G35/><T26/><D3/><U36/><E112/><V115/><F115/><W8/><G1/><T43/><D117/><U72/><E121/><V28/><F28/><W98/><G113/><T106/><D106/><U32/><E36/><V51/><F111/><W2/><G66/><T68/><D129/><U135/><E103/><V11/><F11/><W21/><G47/><T95/><D26/><U85/><E85/><V41/><F41/><N who="0" m="15370" /><D95/><U134/><REACH who="1" step="1"/><E104/><REACH who="1" ten="497,112,217,164" step="2"/><V38/><F38/><W27/><G93/><T65/><D84/><U9/><E9/><V20/><F100/><W125/><G96/><T23/><D109/><U16/><E16/><V114/><F99/><W30/><G97/><T79/><D79/><U39/><E39/><V116/><F114/><W74/><G98/><T40/><D23/><U86/><E86/><N who="2" m="48431" /><F20/><W46/><G2/><AGARI ba="2,1" hai="2,4,10,24,29,32,57,63,64,72,73,75,134,135" machi="2" ten="40,5200,0" yaku="1,1,52,2,53,0" doraHai="128" doraHaiUra="127" who="1" fromWho="3" sc="497,0,112,68,217,0,164,-58" /><INIT seed="3,0,0,0,1,44" ten="497,180,217,106" oya="3" hai0="113,55,46,111,102,32,77,37,65,89,1,26,93" hai1="124,112,0,28,39,68,22,59,81,10,70,117,49" hai2="24,106,88,128,97,36,35,58,86,96,40,74,99" hai3="107,13,78,14,67,101,108,31,21,130,5,7,72"/><W20/><G108/><T12/><D1/><U80/><E39/><V41/><F74/><W73/><G130/><T18/><D111/><U53/><E112/><V38/><F106/><W47/><G67/><T79/><D113/><U104/><E104/><V27/><F128/><W92/><G107/><T9/><D65/><U91/><E124/><V120/><F120/><W116/><G116/><T126/><D126/><U61/><E117/><V23/><F35/><W33/><G47/><T29/><D102/><U45/><E28/><V85/><F85/><W94/><G78/><T52/><D37/><U30/><E30/><V114/><F114/><W62/><G31/><T123/><D123/><U83/><E22/><V69/><F69/><W54/><G54/><T76/><REACH who="0" step="1"/><D46/><REACH who="0" ten="487,180,217,106" step="2"/><U100/><E100/><V98/><F38/><W51/><G101/><T60/><D60/><U42/><E91/><V63/><N who="2" m="24576" /><DORA hai="3" /><V127/><F36/><W119/><G119/><T121/><D121/><U6/><AGARI ba="0,1" hai="0,6,10,42,45,49,53,59,61,68,70,80,81,83" machi="6" ten="30,4000,0" yaku="0,1,52,2" doraHai="44,3" who="1" fromWho="1" sc="487,-10,180,50,217,-10,106,-20" /><INIT seed="4,0,0,2,4,51" ten="477,230,207,86" oya="0" hai0="6,133,115,94,37,118,95,110,71,132,27,105,20" hai1="67,76,7,75,4,121,58,81,125,91,12,135,114" hai2="85,32,38,9,86,96,31,33,55,102,34,41,47" hai3="23,84,116,106,16,123,97,44,57,45,36,15,68"/><T93/><D71/><U43/><E121/><V70/><F70/><W30/><G116/><T53/><D37/><U89/><E125/><V60/><F31/><W73/><G68/><T122/><D105/><U40/><E135/><V130/><F130/><W108/><G73/><T64/><D122/><U35/><E35/><V25/><F25/><W119/><G123/><T29/><D118/><U10/><E4/><V0/><F0/><W61/><G108/><T17/><D110/><U124/><E124/><V134/><F9/><W28/><G119/><T90/><D64/><U117/><E117/><V83/><F134/><W103/><G84/><T126/><D126/><U99/><E99/><V2/><F2/><W128/><G128/><T19/><D6/><U8/><E8/><V62/><F86/><W80/><G80/><T49/><D90/><U24/><E24/><V54/><F62/><W131/><G131/><T92/><D115/><U39/><E114/><V87/><F60/><W72/><G72/><T50/><D50/><U46/><E40/><V48/><F38/><W101/><G101/><T1/><D1/><U104/><E104/><V79/><REACH who="2" step="1"/><F87/><REACH who="2" ten="477,230,197,86" step="2"/><W21/><G36/><T109/><D132/><U26/><E26/><V13/><F13/><W74/><G74/><T69/><D133/><U88/><E12/><V3/><F3/><W22/><G30/><T65/><D69/><U59/><E10/><V56/><F56/><W113/><G113/><T111/><D27/><U112/><E112/><V18/><F18/><W98/><G28/><T66/><N who="0" m="24064" /><DORA hai="77" /><T100/><D19/><RYUUKYOKU ba="0,1" sc="477,-10,230,-10,197,30,86,-10" hai2="32,33,34,41,47,48,54,55,79,83,85,96,102" /><INIT seed="5,1,1,1,3,111" ten="467,220,227,76" oya="1" hai0="89,33,29,47,81,135,52,9,2,61,102,68,109" hai1="37,6,72,121,27,11,84,59,130,96,15,119,73" hai2="71,74,65,36,39,54,97,125,12,43,60,1,34" hai3="85,25,75,98,5,20,50,103,56,122,80,88,16"/><U83/><E119/><V40/><F1/><W134/><G122/><T18/><D109/><U78/><E121/><V110/><F110/><W58/><G134/><T82/><D102/><U108/><E130/><V127/><F74/><W123/><G123/><T92/><D68/><U57/><E108/><V13/><F34/><W131/><G131/><T114/><D29/><U17/><E37/><N who="2" m="14411" /><F97/><W45/><G5/><T8/><D8/><U132/><E132/><V55/><F13/><W10/><G10/><T120/><D33/><U100/><E72/><V107/><F12/><W23/><G23/><T91/><D9/><U69/><E69/><V14/><F14/><W95/><REACH who="3" step="1"/><G75/><REACH who="3" ten="467,220,227,66" step="2"/><T67/><D135/><U101/><E73/><V86/><F127/><W53/><AGARI ba="1,2" hai="16,20,25,45,50,53,56,58,80,85,88,95,98,103" machi="53" ten="20,12000,2" yaku="1,1,2,1,0,1,7,1,8,1,54,2,53,0" doraHai="111" doraHaiUra="104" who="3" fromWho="3" sc="467,-31,220,-61,227,-31,66,143" /><INIT seed="6,0,0,1,3,90" ten="436,159,196,209" oya="2" hai0="124,58,59,93,103,104,94,79,62,81,4,128,112" hai1="85,21,86,56,9,102,134,11,76,116,61,44,87" hai2="117,15,69,98,123,135,83,13,132,89,48,122,16" hai3="126,51,54,31,106,27,55,3,50,57,77,37,8"/><V28/><F69/><W99/><G126/><T46/><D112/><U125/><E134/><N who="2" m="51243" /><F117/><W115/><G37/><T118/><D118/><U70/><E125/><V53/><F28/><W111/><G111/><T68/><D68/><U97/><E70/><V129/><F129/><W26/><G115/><T107/><D4/><U40/><E116/><V66/><F66/><W49/><G77/><T14/><D14/><U1/><E76/><V47/><F13/><W34/><G27/><T20/><D20/><U80/><E80/><V5/><F5/><W113/><G113/><T42/><D103/><U110/><E110/><V73/><F73/><W74/><G74/><T65/><D59/><U38/><E1/><V45/><F47/><W72/><G72/><T29/><D29/><U39/><E39/><V119/><F119/><W114/><G114/><T10/><D10/><U100/><E21/><N who="2" m="11423" /><F98/><W19/><G3/><T64/><D64/><U41/><E41/><V82/><F89/><W0/><G0/><T101/><D124/><U92/><REACH who="1" step="1"/><E102/><REACH who="1" ten="436,149,196,209" step="2"/><V120/><AGARI ba="0,1" hai="45,48,53,82,83,120,122,123" m="11423,51243" machi="120" ten="40,3900,0" yaku="20,1,54,1" doraHai="90" who="2" fromWho="2" sc="436,-13,149,-13,196,49,209,-13" /><INIT seed="6,1,0,0,2,49" ten="423,136,245,196" oya="2" hai0="53,76,0,64,19,66,94,134,13,119,1,92,37" hai1="103,17,111,71,72,120,129,65,85,54,93,9,130" hai2="43,97,104,24,117,41,46,116,57,3,16,61,86" hai3="78,42,56,87,110,121,112,30,47,69,88,123,31"/><V27/><F3/><W122/><G69/><T132/><D37/><U80/><E111/><V45/><F86/><W100/><G110/><T67/><D76/><U75/><E65/><V77/><F77/><W21/><G78/><T89/><D53/><U10/><E71/><V59/><F97/><W95/><G100/><T25/><D25/><U32/><E32/><V115/><F61/><W128/><G128/><T118/><D1/><U124/><E124/><V35/><F35/><W109/><G109/><T91/><D0/><U125/><E125/><V99/><F99/><W62/><G21/><N who="0" m="11503" /><D92/><U107/><E17/><V2/><F115/><W84/><G84/><N who="0" m="52519" /><D91/><U22/><E22/><V105/><F2/><W113/><G113/><T48/><D48/><U79/><E54/><V36/><F36/><W40/><G112/><T108/><D108/><U50/><E50/><V18/><AGARI ba="1,0" hai="16,18,24,27,41,43,45,46,57,59,104,105,116,117" machi="18" ten="25,9600,0" yaku="0,1,22,2,54,1" doraHai="49" who="2" fromWho="2" sc="423,-33,136,-33,245,99,196,-33" /><INIT seed="6,2,0,4,3,51" ten="390,103,344,163" oya="2" hai0="118,55,89,93,92,36,24,83,12,38,21,62,16" hai1="76,26,117,42,133,125,67,86,6,53,81,87,85" hai2="63,7,52,19,95,25,46,40,121,2,37,132,114" hai3="47,119,14,102,75,11,22,104,27,135,113,41,115"/><V90/><F121/><W71/><G75/><T73/><D118/><U116/><E67/><V3/><F114/><N who="3" m="43531" /><G71/><T134/><D134/><U20/><E133/><V5/><F132/><W130/><G135/><T49/><D62/><U100/><E125/><V64/><F3/><W50/><G130/><T91/><D73/><U122/><E122/><V34/><F2/><W10/><G14/><T44/><D83/><U111/><E111/><V66/><F66/><W69/><G69/><T48/><D48/><U110/><E110/><V97/><F34/><W31/><G119/><T82/><D82/><U18/><E42/><V84/><F84/><W60/><G60/><T57/><D44/><U105/><E6/><V124/><F124/><W29/><G29/><T17/><D38/><U65/><E65/><V70/><F70/><W23/><G23/><N who="0" m="11655" /><D36/><U68/><E68/><V80/><F64/><W77/><G77/><T99/><D93/><U96/><E116/><V28/><F80/><W54/><G41/><T56/><D57/><U9/><E9/><V107/><F107/><W32/><G32/><T120/><D120/><U94/><E117/><V33/><REACH who="2" step="1"/><F19/><REACH who="2" ten="390,103,334,163" step="2"/><W61/><G61/><T128/><D128/><U13/><E105/><V112/><F112/><W103/><G104/><T72/><D72/><U1/><E1/><V30/><F30/><W35/><G35/><T101/><AGARI ba="2,1" hai="17,21,24,49,55,56,89,91,92,99,101" m="11655" machi="101" ten="30,4000,0" yaku="8,1,52,1,54,1" doraHai="51" who="0" fromWho="0" sc="390,56,103,-12,334,-22,163,-12" /><INIT seed="7,0,0,4,1,128" ten="446,91,312,151" oya="3" hai0="68,106,53,16,78,15,0,135,124,126,47,33,58" hai1="8,73,14,83,87,30,84,21,52,28,20,104,9" hai2="98,74,17,96,61,44,113,39,3,5,108,70,115" hai3="116,55,123,77,27,119,93,82,11,131,66,4,99"/><W107/><G131/><T118/><D135/><U22/><E104/><V42/><F108/><W101/><G66/><T63/><D118/><U54/><E73/><V35/><F35/><W132/><G123/><T29/><D0/><U13/><E22/><V65/><F74/><W95/><G27/><N who="0" m="18623" /><D78/><U2/><E2/><V26/><F5/><W56/><G55/><T37/><D106/><U59/><E83/><V111/><F3/><W24/><G56/><AGARI ba="0,0" hai="8,9,13,14,20,21,28,30,52,54,56,59,84,87" machi="56" ten="25,6400,0" yaku="22,2,8,1,54,1" doraHai="128" who="1" fromWho="3" sc="446,0,91,64,312,0,151,-64" owari="446,54.0,155,-24.0,312,11.0,87,-41.0" /></mjloggm>