<mjloggm ver="2.3"><GO type="169" lobby="0"/><UN n0="%E5%B0%B1%E6%B4%BB%E7%94%9F%40%E5%B7%9D%E6%9D%91%E8%BB%8D%E5%9B%A3" n1="%56%4F%4E%41%50%41%4C%54" n2="%E3%83%9E%E3%82%B8%E3%81%8D%E3%82%8C%E3%81%9D%E3%81%86%EF%BC%81" n3="%6F%6E%65%73%74%61%72" dan="17,16,16,17" rate="2186.15,2066.87,2175.66,2175.67" sx="M,M,M,M"/><TAIKYOKU oya="0"/><INIT seed="0,0,0,4,0,69" ten="250,250,250,250" oya="0" hai0="105,18,70,31,42,5,80,49,39,126,33,106,71" hai1="116,98,11,34,25,37,67,133,112,114,61,8,75" hai2="131,123,16,82,54,108,3,68,2,30,134,86,107" hai3="111,74,125,92,79,15,38,132,65,36,127,62,27"/><T32/><D18/><U135/><E75/><V48/><F123/><W73/><G132/><N who="1" m="50762" /><E116/><V130/><F134/><W95/><G111/><T58/><D126/><N who="3" m="48137" /><G15/><T72/><D49/><U91/><E37/><N who="3" m="14442" /><G27/><N who="0" m="18559" /><D58/><U117/><E117/><V81/><F108/><W122/><G122/><T103/><D103/><U23/><E34/><V121/><F121/><W60/><G79/><N who="0" m="44135" /><D5/><U46/><E114/><V63/><F2/><W7/><G7/><T128/><D128/><U83/><E112/><V89/><F3/><W109/><G109/><T41/><D41/><U97/><E46/><V14/><F131/><W118/><G118/><T104/><D33/><U1/><E1/><V45/><F130/><W84/><G95/><T90/><D90/><U101/><E91/><V77/><F107/><N who="0" m="27394" /><T55/><DORA hai="9" /><D55/><U47/><E25/><V56/><F30/><W93/><G92/><T99/><D99/><U52/><E97/><V113/><F113/><W124/><G124/><T20/><D20/><U19/><E23/><V85/><F14/><W26/><G26/><T10/><D10/><U50/><E98/><V87/><F16/><W78/><G93/><T100/><D100/><U64/><E101/><V44/><F87/><W53/><G53/><T119/><D119/><U6/><E52/><V12/><F12/><W4/><G4/><T96/><D96/><U57/><E6/><V59/><F86/><W115/><G115/><T22/><D22/><U29/><E19/><V110/><F85/><W102/><G102/><T129/><D129/><U35/><E35/><V40/><F54/><W24/><G24/><RYUUKYOKU ba="0,0" sc="250,30,250,-10,250,-10,250,-10" hai0="39,42,70,71" /><INIT seed="0,1,0,0,2,65" ten="280,240,240,240" oya="0" hai0="35,44,88,24,27,122,63,133,9,126,36,22,96" hai1="20,132,31,37,18,124,120,85,58,115,14,92,128" hai2="76,17,41,23,99,86,121,3,8,135,12,15,100" hai3="106,10,131,2,98,75,19,60,54,34,71,125,127"/><T112/><D122/><U101/><E120/><V47/><F135/><W5/><G75/><T56/><D112/><U50/><E132/><V52/><F3/><W6/><G131/><T123/><D123/><U91/><E128/><V110/><F110/><W83/><G83/><T42/><D126/><U43/><E124/><N who="3" m="47690" /><G6/><T118/><D118/><U113/><E37/><V4/><F121/><W32/><G19/><T111/><D111/><U70/><E70/><V38/><F76/><W102/><G54/><T84/><D133/><U13/><E31/><V114/><F114/><N who="1" m="43529" /><E101/><V80/><F52/><W11/><G11/><T45/><D45/><N who="1" m="25919" /><E58/><V61/><F61/><W77/><G77/><T79/><D35/><N who="3" m="13353" /><G60/><T68/><D9/><U39/><E39/><V78/><F100/><W53/><G53/><T46/><D46/><U40/><E40/><V90/><F78/><W129/><G129/><T81/><D22/><U97/><E14/><V103/><F103/><W7/><G5/><T59/><D59/><U62/><E62/><V1/><F1/><W25/><G25/><T82/><D56/><U51/><E51/><V64/><F64/><W73/><G73/><T95/><REACH who="0" step="1"/><D81/><REACH who="0" ten="270,240,240,240" step="2"/><U57/><E57/><V119/><F119/><W93/><G93/><T134/><D134/><U94/><E92/><V55/><F80/><W104/><G104/><T16/><D16/><U74/><E18/><V89/><F17/><W117/><G117/><T29/><D29/><U28/><E28/><V130/><F23/><W69/><AGARI ba="1,1" hai="2,7,10,69,71,98,102,106" m="13353,47690" machi="69" ten="40,8000,1" yaku="18,1,23,1,52,2" doraHai="65" who="3" fromWho="3" sc="270,-41,240,-21,240,-21,240,93" /><INIT seed="1,0,0,2,3,15" ten="229,219,219,333" oya="1" hai0="3,101,31,75,86,47,2,32,49,82,5,7,41" hai1="128,99,92,22,102,73,6,50,1,38,14,96,33" hai2="103,80,46,74,115,110,13,100,120,35,54,23,106" hai3="72,127,134,29,68,90,95,24,112,4,66,57,132"/><U105/><E38/><V27/><F120/><W36/><G112/><T63/><D75/><U17/><E128/><V42/><F110/><W130/><G72/><T12/><D101/><U61/><E73/><V62/><F35/><W53/><G36/><T59/><D31/><U114/><E114/><V111/><F111/><W67/><G130/><T81/><D32/><U83/><E61/><V109/><F109/><W85/><G127/><T122/><D81/><U34/><E1/><V113/><F13/><W9/><G68/><T19/><D122/><U8/><E83/><V76/><F54/><W87/><G87/><T52/><D3/><U84/><E84/><V60/><F60/><W20/><G132/><T26/><D26/><U30/><E50/><V93/><F106/><W51/><REACH who="3" step="1"/><G134/><REACH who="3" ten="229,219,219,323" step="2"/><T108/><D108/><U131/><E131/><V65/><F115/><W44/><G44/><T45/><D47/><U135/><E135/><V104/><F113/><W58/><G58/><T124/><D124/><U98/><E98/><V91/><F46/><W118/><G118/><T43/><D43/><U69/><E69/><V64/><F42/><W55/><G55/><T121/><D121/><U133/><E133/><V16/><F65/><W79/><G79/><N who="0" m="46431" /><D2/><AGARI ba="0,1" hai="2,4,9,20,24,29,51,53,57,66,67,85,90,95" machi="2" ten="30,3900,0" yaku="1,1,7,1,53,1" doraHai="15" doraHaiUra="18" who="3" fromWho="0" sc="229,-39,219,0,219,0,323,49" /><INIT seed="2,0,0,4,2,72" ten="190,219,219,372" oya="2" hai0="124,108,85,9,42,110,114,99,127,2,125,77,79" hai1="10,102,93,135,91,116,106,65,36,46,60,78,69" hai2="52,3,70,105,16,27,13,133,55,71,12,41,123" hai3="129,101,19,62,98,112,28,119,100,1,7,81,97"/><V33/><F3/><W47/><G1/><T92/><D114/><U26/><E116/><V20/><F123/><W84/><G7/><N who="0" m="1271" /><D42/><U90/><E106/><V45/><F105/><W63/><G28/><T23/><D85/><U66/><E66/><V57/><F133/><W64/><G129/><T6/><D6/><U22/><E10/><V53/><F57/><W73/><G73/><T18/><D23/><U118/><E118/><V25/><F13/><W128/><G119/><T37/><D37/><U31/><E78/><N who="0" m="29705" /><D18/><U122/><E122/><V134/><F134/><W34/><G128/><T54/><D54/><U113/><E113/><V35/><F35/><W67/><G34/><T126/><D126/><U104/><E135/><V109/><F33/><W107/><G84/><T24/><D24/><U21/><E22/><V56/><F56/><W50/><G112/><T74/><D74/><U103/><E36/><V58/><F58/><W75/><G19/><T83/><D83/><U86/><E46/><V120/><F120/><W15/><G81/><T29/><D29/><U8/><E8/><V61/><F27/><W121/><G15/><T30/><D30/><U68/><E31/><V48/><F25/><W115/><G75/><T43/><D43/><U95/><E26/><V82/><F82/><W40/><G121/><T38/><D38/><U44/><E21/><V76/><F76/><W131/><G131/><T14/><D14/><U89/><E44/><V94/><F41/><W5/><G5/><T111/><D127/><U117/><E86/><V11/><F12/><W49/><G115/><RYUUKYOKU ba="0,0" sc="190,30,219,-10,219,-10,372,-10" hai0="92,99,108,110,111,124,125" /><INIT seed="3,1,0,2,0,52" ten="220,209,209,362" oya="3" hai0="2,79,82,46,134,47,99,84,18,48,8,100,74" hai1="58,115,22,97,39,31,135,111,12,50,0,122,76" hai2="69,25,102,107,127,109,27,33,32,54,21,13,94" hai3="71,117,41,85,60,67,75,61,36,90,96,29,81"/><W51/><G117/><T14/><D134/><U53/><E122/><V24/><F107/><W118/><G118/><T10/><D74/><U72/><E115/><V73/><F73/><W9/><G36/><T120/><D120/><U114/><E114/><V19/><F69/><W64/><G29/><T45/><D2/><U87/><E0/><V91/><F102/><W42/><G75/><T101/><D10/><U70/><E111/><V28/><F127/><W17/><G51/><T89/><D100/><U129/><E129/><V38/><F38/><W20/><G96/><T77/><REACH who="0" step="1"/><D48/><REACH who="0" ten="210,209,209,362" step="2"/><U23/><E72/><V131/><F131/><W116/><G9/><T130/><D130/><U34/><E50/><V93/><F109/><W49/><G49/><T43/><D43/><U62/><E39/><V83/><F33/><W65/><G116/><T103/><D103/><U40/><E40/><V125/><F125/><W108/><G108/><T66/><D66/><U110/><E110/><V78/><F54/><W7/><G67/><T133/><D133/><U119/><E53/><V121/><F121/><W3/><G3/><T1/><D1/><U113/><E135/><V59/><F32/><W55/><G55/><T15/><D15/><U86/><E12/><V123/><F13/><W124/><G124/><T98/><D98/><U56/><E97/><V132/><F123/><W6/><G42/><T126/><D126/><U80/><E113/><V26/><F132/><W63/><G41/><T128/><D128/><U106/><E119/><V92/><N who="2" m="6144" /><DORA hai="105" /><V44/><F44/><W57/><G63/><RYUUKYOKU ba="1,1" sc="210,15,209,-15,209,-15,362,15" hai0="8,14,18,45,46,47,77,79,82,84,89,99,101" hai3="6,7,17,20,57,60,61,64,65,71,81,85,90" /><INIT seed="3,2,1,1,2,83" ten="225,194,194,377" oya="3" hai0="4,108,117,49,114,129,91,11,74,36,93,62,40" hai1="65,31,56,73,46,57,116,43,38,0,75,30,135" hai2="23,84,16,115,121,113,127,89,102,131,14,95,18" hai3="96,55,66,111,106,51,42,54,48,112,130,63,53"/><W132/><G112/><T98/><D117/><U8/><E116/><V69/><F69/><N who="3" m="42207" /><G106/><T7/><D74/><U50/><E135/><V12/><F127/><W1/><G1/><T109/><D36/><U13/><E0/><V6/><F131/><W87/><G96/><T107/><D129/><U10/><E38/><V20/><F121/><W78/><G87/><T82/><D114/><U104/><E104/><V70/><F70/><W59/><G78/><T17/><D62/><U80/><E10/><V29/><F6/><W124/><G130/><T90/><D107/><U33/><E33/><V37/><F37/><W58/><G124/><T22/><D40/><U72/><E80/><V126/><F126/><W68/><G42/><T92/><D49/><N who="3" m="19017" /><G132/><T3/><D82/><U44/><E73/><V21/><F102/><W32/><G32/><T76/><D76/><U41/><E75/><V61/><F61/><N who="3" m="36047" /><G68/><T64/><D4/><U34/><E34/><V52/><F52/><N who="3" m="20011" /><G111/><T24/><D108/><U9/><E72/><V71/><F71/><W85/><G85/><T35/><D109/><U25/><E25/><AGARI ba="2,1" hai="12,14,16,18,20,21,23,25,29,84,89,95,113,115" machi="25" ten="40,5200,0" yaku="9,1,52,1,54,1" doraHai="83" who="2" fromWho="1" sc="225,0,194,-58,194,68,377,0" /><INIT seed="4,0,0,1,5,33" ten="225,136,262,377" oya="0" hai0="111,51,100,76,32,25,1,86,104,36,65,20,95" hai1="26,125,57,55,91,44,54,112,105,69,10,53,43" hai2="38,68,37,123,130,24,5,114,93,58,135,23,66" hai3="78,94,39,83,2,107,108,50,121,9,28,21,12"/><T7/><D36/><U127/><E105/><V41/><F123/><W92/><G107/><T70/><D111/><U126/><E26/><V46/><F114/><W81/><G108/><T16/><D32/><U40/><E112/><V106/><F106/><W29/><G39/><T47/><D104/><U60/><E91/><V13/><F38/><W77/><G2/><T48/><D70/><U98/><E98/><V84/><F68/><W6/><G50/><T4/><D65/><N who="1" m="41127" /><E10/><V11/><F130/><W15/><G121/><T124/><D124/><U79/><E79/><V64/><F58/><W120/><G120/><T117/><D117/><U63/><E44/><V52/><F93/><W0/><G0/><T96/><D1/><U45/><E45/><V133/><F84/><W119/><G21/><T74/><D74/><U19/><E19/><V132/><F23/><W116/><G6/><T8/><D8/><AGARI ba="0,0" hai="8,9,12,15,28,29,77,78,81,83,92,94,116,119" machi="8" ten="25,1600,0" yaku="22,2" doraHai="33" who="3" fromWho="0" sc="225,-16,136,0,262,0,377,16" /><INIT seed="5,0,0,2,5,70" ten="209,136,262,393" oya="1" hai0="131,7,15,67,71,127,84,57,103,91,20,66,73" hai1="132,102,116,87,56,23,48,98,45,33,9,55,44" hai2="17,97,28,105,85,1,89,72,59,123,83,120,135" hai3="107,94,47,18,50,93,69,92,63,42,27,31,60"/><U5/><E33/><V13/><F135/><W35/><G107/><T39/><D73/><U10/><E116/><V111/><F111/><W77/><G69/><T43/><D71/><U22/><E132/><V100/><F1/><W52/><G77/><T2/><D2/><U78/><E45/><V30/><F72/><W121/><G121/><T51/><D103/><U46/><E46/><V11/><F30/><W12/><REACH who="3" step="1"/><G42/><REACH who="3" ten="209,136,262,383" step="2"/><T38/><D43/><U108/><E108/><V104/><F104/><W101/><G101/><T74/><D74/><U14/><E78/><V130/><F105/><W16/><G16/><T49/><D7/><U99/><E102/><V61/><F100/><W6/><G6/><T62/><D131/><U58/><E5/><V36/><F130/><W41/><G41/><T126/><D126/><U88/><E88/><V86/><F89/><W53/><G53/><T80/><D127/><U82/><E55/><V25/><F17/><W117/><G117/><T128/><D128/><U26/><E26/><V0/><F25/><W79/><G79/><T54/><D54/><U65/><E65/><V118/><F118/><W24/><G24/><T3/><D67/><U112/><E112/><V134/><F123/><W119/><G119/><T32/><D66/><U29/><E29/><V95/><F28/><W96/><G96/><T37/><D91/><U68/><E98/><V19/><F97/><W124/><G124/><T76/><D76/><U133/><E68/><V90/><F120/><W115/><G115/><T75/><D75/><U64/><E99/><V81/><F90/><RYUUKYOKU ba="0,1" sc="209,-10,136,-10,262,-10,383,30" hai3="12,18,27,31,35,47,50,52,60,63,92,93,94" /><INIT seed="6,1,1,1,2,1" ten="199,126,252,413" oya="2" hai0="72,8,17,89,31,54,130,90,102,116,40,13,104" hai1="29,73,65,86,52,123,44,99,47,125,46,37,127" hai2="117,64,15,93,107,60,18,27,122,126,63,75,68" hai3="124,57,91,59,108,14,4,51,16,36,35,71,118"/><V33/><F107/><W5/><G71/><T119/><D72/><U82/><E73/><V39/><F39/><W85/><G108/><T55/><D130/><U120/><E99/><V84/><F126/><N who="1" m="48137" /><E29/><V48/><F122/><N who="1" m="46633" /><E82/><V67/><F48/><W96/><G36/><T74/><D74/><U62/><E86/><V2/><F2/><W78/><G118/><N who="0" m="45099" /><D31/><U77/><E77/><V121/><F75/><W114/><G114/><T50/><D102/><U83/><E83/><V135/><F84/><W45/><G35/><T38/><D104/><U7/><E7/><N who="3" m="2634" /><G96/><T43/><D38/><U20/><E20/><V95/><F117/><W92/><G78/><T106/><D106/><U24/><E24/><V23/><F121/><W128/><G124/><T21/><D21/><U11/><E11/><V88/><F33/><W133/><G128/><T109/><D109/><U87/><E87/><V79/><F79/><W110/><G110/><T111/><D111/><U101/><E101/><V3/><F3/><W112/><G112/><T115/><D115/><U0/><E0/><V19/><F23/><N who="3" m="11671" /><G133/><T81/><D89/><U94/><E37/><V76/><F88/><W26/><G26/><T69/><D90/><U34/><E34/><V32/><F27/><W6/><G6/><T98/><D98/><U70/><E94/><V30/><F32/><W103/><G103/><T53/><D81/><U22/><E22/><V10/><F95/><W66/><G92/><T129/><D129/><U61/><E61/><N who="2" m="39951" /><F93/><W97/><G91/><T134/><D134/><U25/><E25/><V9/><F135/><RYUUKYOKU ba="1,1" sc="199,-10,126,30,252,-10,413,-10" hai1="44,46,47,52,62,65,70" /><INIT seed="7,2,1,5,1,14" ten="189,156,242,403" oya="3" hai0="36,77,54,105,70,119,113,29,107,115,59,7,49" hai1="65,4,38,92,90,116,103,94,40,31,125,72,82" hai2="48,131,86,24,6,17,69,117,110,5,132,51,22" hai3="109,87,16,100,32,64,28,11,53,96,79,81,85"/><W12/><G64/><T83/><D119/><U8/><E116/><V122/><F69/><W108/><G53/><T98/><D70/><U76/><E125/><V99/><F110/><N who="3" m="42603" /><G28/><T93/><D7/><U15/><E65/><V13/><F86/><N who="3" m="48447" /><G32/><T60/><D36/><U66/><E66/><V135/><F99/><W1/><G1/><T120/><D29/><U46/><E103/><V84/><F84/><W9/><G9/><T124/><D124/><U18/><E31/><V33/><F33/><W10/><G10/><T35/><D35/><U42/><E42/><V118/><F117/><W58/><G58/><T80/><D120/><U44/><E44/><V133/><F118/><W128/><G128/><T91/><D60/><U27/><E90/><V20/><F131/><W19/><G19/><T106/><D77/><U55/><E55/><V57/><F57/><W63/><G63/><T68/><D68/><U25/><REACH who="1" step="1"/><E4/><REACH who="1" ten="189,146,242,403" step="2"/><V30/><F5/><W78/><G78/><T114/><AGARI ba="2,2" hai="49,54,59,80,83,91,93,98,105,106,107,113,114,115" machi="114" ten="40,5200,0" yaku="0,1,15,1,11,1" doraHai="14" who="0" fromWho="0" sc="189,78,146,-15,242,-15,403,-28" owari="267,7.0,131,-37.0,227,-17.0,375,47.0" /></mjloggm>