<mjloggm ver="2.3"><GO type="41" lobby="0"/><UN n0="%E5%A7%AB%E6%88%B8%E4%BA%BA" n1="%E5%B0%B1%E6%B4%BB%E7%94%9F%40%E5%B7%9D%E6%9D%91%E8%BB%8D%E5%9B%A3" n2="%6D%69%6C%61%6C%61%76" n3="%E6%AD%A3%E7%B5%B1%E6%B4%BE%41" dan="14,17,14,14" rate="1926.04,2174.70,1959.07,1913.10" sx="M,M,M,M"/><TAIKYOKU oya="0"/><INIT seed="0,0,0,2,4,123" ten="250,250,250,250" oya="0" hai0="81,11,125,0,87,57,66,43,17,19,2,67,106" hai1="126,29,86,20,69,90,38,135,52,55,91,75,68" hai2="7,44,99,88,16,94,134,42,54,128,33,82,34" hai3="124,5,64,59,118,25,73,133,83,72,92,107,58"/><T89/><D106/><U53/><E75/><V26/><F7/><W102/><G118/><T48/><D125/><U45/><E126/><V63/><F128/><W129/><G124/><T131/><D131/><U1/><E1/><V80/><F134/><W6/><G25/><T78/><D0/><U79/><E135/><V14/><F33/><W50/><G107/><T110/><D2/><U30/><E79/><V23/><F34/><W77/><G73/><T60/><D67/><U65/><E65/><V122/><F14/><W95/><G133/><T4/><D78/><U74/><E74/><V10/><F10/><W116/><G116/><T40/><D4/><U120/><E120/><V132/><F122/><W37/><G37/><T111/><D11/><U51/><E38/><V115/><F115/><W71/><G71/><T15/><D15/><U41/><E90/><V113/><F113/><W70/><G64/><T46/><REACH who="0" step="1"/><D43/><REACH who="0" ten="240,250,250,250" step="2"/><U32/><E69/><V9/><F9/><W130/><G70/><T117/><D117/><U101/><E68/><V100/><F132/><W22/><G130/><T12/><D12/><U85/><E41/><V62/><F42/><W28/><G5/><T84/><D84/><U121/><E85/><V35/><F35/><W36/><G6/><T76/><D76/><U31/><E32/><V24/><F26/><W119/><G77/><T114/><D114/><U13/><E121/><V49/><F100/><W93/><G119/><T39/><D39/><U61/><E13/><V96/><F96/><W8/><G129/><T105/><D105/><U56/><E101/><RYUUKYOKU ba="0,1" sc="240,15,250,-15,250,15,250,-15" hai0="17,19,40,46,48,57,60,66,81,87,89,110,111" hai2="16,23,24,44,49,54,62,63,80,82,88,94,99" /><INIT seed="0,1,1,5,2,104" ten="255,235,265,235" oya="0" hai0="62,92,116,55,100,127,108,1,73,85,42,112,97" hai1="123,50,36,40,61,17,113,34,10,79,43,3,18" hai2="81,32,86,33,110,99,38,19,78,15,83,58,26" hai3="21,118,25,45,77,28,5,35,91,11,27,51,76"/><T37/><D116/><U60/><E34/><V84/><F38/><W105/><G105/><T68/><D112/><U121/><E36/><V82/><F110/><W13/><G118/><T59/><D1/><U7/><E79/><V117/><F117/><W9/><G9/><T130/><D127/><U107/><E107/><V4/><F4/><W101/><G101/><T134/><D130/><U12/><E113/><V39/><F39/><W75/><G91/><T102/><D134/><U109/><E109/><V94/><F58/><W124/><G124/><T88/><D108/><U120/><E17/><V14/><F14/><W24/><G24/><T128/><D128/><U114/><E114/><V57/><F57/><W31/><REACH who="3" step="1"/><G75/><REACH who="3" ten="255,235,265,225" step="2"/><T56/><D73/><U49/><E3/><V46/><F26/><W125/><G125/><T47/><D68/><U67/><E7/><V54/><F78/><W20/><G20/><T93/><D59/><U132/><E132/><V122/><F33/><W133/><G133/><T64/><D64/><U90/><E67/><V53/><F32/><W30/><G30/><T2/><D2/><U119/><E90/><AGARI ba="1,2" hai="37,42,47,55,56,62,85,88,90,92,93,97,100,102" machi="90" ten="30,2900,0" yaku="7,1,54,1" doraHai="104" who="0" fromWho="1" sc="255,52,235,-32,265,0,225,0" /><INIT seed="0,2,0,0,5,5" ten="307,203,265,225" oya="0" hai0="57,74,98,130,28,25,78,127,93,37,109,102,54" hai1="134,88,112,14,51,47,118,0,64,67,69,101,120" hai2="13,43,72,49,65,108,97,24,95,133,45,75,99" hai3="26,90,40,132,50,103,87,86,19,53,122,35,131"/><T82/><D37/><U110/><E0/><V22/><F108/><W4/><G122/><T2/><D127/><U106/><E120/><V30/><F133/><W113/><G40/><T91/><D130/><U111/><E118/><V129/><F129/><W85/><G131/><T38/><D38/><U46/><E106/><V107/><F107/><W128/><G128/><T121/><D121/><U124/><E101/><V39/><F39/><W61/><G61/><T7/><D109/><N who="1" m="41483" /><E69/><V6/><F97/><W92/><G132/><T3/><D7/><U52/><E134/><V23/><F65/><N who="1" m="25161" /><E124/><V44/><F44/><W56/><G103/><T135/><D102/><U119/><E119/><V79/><F79/><W1/><G1/><T48/><REACH who="0" step="1"/><D135/><REACH who="0" ten="297,203,265,225" step="2"/><U89/><E112/><V41/><F6/><W29/><G4/><T126/><D126/><U12/><E47/><V59/><F45/><W63/><G113/><T20/><AGARI ba="2,1" hai="2,3,20,25,28,48,54,57,74,78,82,91,93,98" machi="20" ten="20,3900,0" yaku="1,1,0,1,7,1,53,0" doraHai="5" doraHaiUra="42" who="0" fromWho="0" sc="297,55,203,-15,265,-15,225,-15" /><INIT seed="0,3,0,4,4,1" ten="352,188,250,210" oya="0" hai0="28,78,13,5,73,105,57,17,40,94,114,38,102" hai1="54,92,0,41,29,115,49,11,25,27,22,42,83" hai2="71,132,58,86,119,64,67,18,93,112,99,98,66" hai3="61,8,26,77,6,108,109,75,82,84,125,76,124"/><T24/><D114/><U21/><E115/><V110/><F71/><W69/><G26/><T135/><D135/><U20/><E83/><V101/><F132/><W62/><G69/><T60/><D105/><U117/><E117/><V37/><F37/><W12/><G75/><T10/><D38/><U111/><E111/><N who="3" m="42570" /><G76/><T122/><D122/><U53/><E53/><V87/><F119/><W90/><G77/><T4/><D40/><U65/><E65/><V23/><F112/><W91/><G91/><T118/><D118/><U129/><E129/><V120/><F120/><W100/><G100/><T89/><D102/><U35/><E92/><N who="2" m="58567" /><F58/><W2/><G2/><T104/><D104/><U33/><E33/><V16/><F110/><W128/><G128/><T3/><D78/><U80/><E80/><V85/><F23/><W123/><G123/><T97/><D73/><U43/><E27/><V55/><F55/><W34/><G34/><T46/><D46/><U72/><E72/><V107/><F107/><W50/><G50/><T7/><D3/><U133/><E133/><V130/><F130/><W88/><G90/><AGARI ba="3,0" hai="16,18,64,66,67,85,86,87,90,93,99" m="58567" machi="90" ten="30,2000,0" yaku="8,1,54,1" doraHai="1" who="2" fromWho="3" sc="352,0,188,0,250,29,210,-29" /><INIT seed="1,0,0,5,5,113" ten="352,188,279,181" oya="1" hai0="53,69,72,120,92,111,129,41,42,81,13,20,22" hai1="38,66,93,94,73,122,70,108,97,99,52,58,128" hai2="36,63,134,60,31,25,114,27,9,39,79,119,127" hai3="16,105,116,109,78,104,2,50,106,74,43,130,47"/><U71/><E122/><V54/><F114/><W35/><G35/><T10/><D111/><U125/><E73/><V107/><F79/><W117/><G2/><T61/><D120/><U89/><E38/><V124/><F9/><W0/><G0/><T121/><D121/><U132/><E125/><V7/><F54/><W33/><G33/><T51/><D129/><U40/><E128/><V3/><F3/><W59/><G109/><T30/><D92/><U88/><E108/><V110/><F110/><W76/><G130/><T67/><D72/><U100/><E40/><V133/><F31/><W65/><G65/><T131/><D81/><U28/><E66/><V56/><F56/><W46/><G59/><T45/><D131/><U112/><E112/><V82/><F82/><N who="3" m="45335" /><G78/><T85/><D85/><U91/><E132/><V83/><F83/><W55/><G16/><T37/><D42/><U118/><E118/><N who="3" m="45674" /><G47/><T14/><D30/><U115/><E28/><V86/><F119/><W77/><G77/><T23/><REACH who="0" step="1"/><D10/><REACH who="0" ten="342,188,279,181" step="2"/><U17/><E115/><V12/><F127/><W68/><G43/><T19/><D19/><U8/><E17/><V11/><F124/><W126/><G126/><T75/><D75/><U24/><E8/><V57/><F11/><W87/><G87/><T49/><D49/><U95/><E24/><V29/><F86/><W5/><G5/><T102/><D102/><U6/><E6/><V101/><F7/><W44/><G44/><AGARI ba="0,1" hai="13,14,20,22,23,37,41,44,45,51,53,61,67,69" machi="44" ten="40,1300,0" yaku="1,1,53,0" doraHai="113" doraHaiUra="98" who="0" fromWho="3" sc="342,23,188,0,279,0,181,-13" /><INIT seed="2,0,0,4,2,67" ten="365,188,279,168" oya="2" hai0="87,113,79,18,9,78,95,101,12,105,23,102,120" hai1="116,90,0,63,53,108,125,54,118,3,77,106,92" hai2="64,80,73,85,45,126,43,124,94,66,96,52,4" hai3="83,49,40,88,131,112,11,59,117,91,89,111,103"/><V19/><F73/><W37/><G117/><T56/><D120/><U27/><E106/><V41/><F4/><W60/><G111/><T86/><D113/><U127/><E77/><N who="0" m="29193" /><D105/><U70/><E27/><V99/><F19/><W84/><G37/><T38/><D38/><U104/><E104/><V97/><F94/><W133/><G112/><T2/><D2/><N who="1" m="555" /><E108/><V72/><F72/><W93/><G133/><T121/><D121/><U33/><E33/><V109/><F109/><W10/><G103/><N who="0" m="39435" /><D56/><U128/><E90/><V20/><F20/><W119/><G119/><N who="1" m="45610" /><E92/><V16/><F16/><W122/><G122/><T14/><D95/><U110/><E110/><V6/><F6/><AGARI ba="0,0" hai="6,9,12,14,18,23,86,87" m="39435,29193" machi="6" ten="30,1000,0" yaku="8,1" doraHai="67" who="0" fromWho="2" sc="365,10,188,0,279,-10,168,0" /><INIT seed="3,0,0,4,1,128" ten="375,188,269,168" oya="3" hai0="13,46,111,42,127,72,34,60,97,0,134,88,105" hai1="112,43,99,118,90,54,31,78,116,129,19,87,85" hai2="29,84,20,59,126,132,91,133,122,109,104,124,77" hai3="28,11,100,15,89,80,12,106,45,4,73,55,95"/><W81/><G28/><T40/><D111/><U70/><E70/><V56/><F104/><W32/><G32/><T93/><D0/><U53/><E129/><V76/><F109/><W27/><G27/><T21/><D72/><U92/><E31/><V2/><F2/><W82/><G73/><T75/><D75/><U98/><E53/><V3/><F3/><W101/><G106/><T64/><D34/><U39/><E54/><V24/><F122/><W107/><G107/><T33/><D33/><U120/><E19/><V131/><F56/><W135/><G135/><N who="2" m="51785" /><F59/><W8/><G55/><T130/><D134/><U108/><E43/><V6/><F6/><N who="3" m="3095" /><G45/><T48/><D130/><U119/><E39/><V67/><F67/><W49/><G49/><T61/><D105/><U121/><E108/><V35/><F35/><W9/><G9/><T58/><D127/><N who="2" m="48682" /><F131/><W30/><G30/><T62/><D42/><U41/><E41/><V69/><F69/><W7/><G7/><T1/><D1/><U47/><E47/><V102/><F102/><W117/><G117/><T66/><D64/><U51/><E51/><V50/><F50/><W71/><G71/><T52/><D66/><U94/><E112/><V44/><F44/><W74/><G74/><T125/><D125/><U79/><E118/><V63/><F63/><W23/><G23/><T14/><D21/><U103/><E103/><V86/><F86/><AGARI ba="0,0" hai="4,11,15,80,81,82,86,89,95,100,101" m="3095" machi="86" ten="30,1500,0" yaku="8,1" doraHai="128" who="3" fromWho="2" sc="375,0,188,0,269,-15,168,15" /><INIT seed="3,1,0,1,3,130" ten="375,188,254,183" oya="3" hai0="47,8,7,61,101,73,80,60,52,30,5,96,72" hai1="0,66,13,123,57,125,53,77,117,64,26,104,124" hai2="12,33,120,119,133,107,134,24,62,34,100,1,43" hai3="65,50,87,82,23,37,113,18,112,99,90,10,27"/><W17/><G37/><T44/><D30/><U122/><E0/><V25/><F1/><W118/><G118/><T67/><D72/><U131/><E104/><V114/><F119/><W91/><G65/><N who="1" m="25194" /><E26/><V11/><F114/><W29/><G18/><T89/><D73/><U81/><E13/><V19/><F62/><W75/><G75/><T115/><D115/><U95/><E95/><V79/><F79/><W28/><G28/><T69/><D61/><N who="1" m="36015" /><E81/><V32/><F43/><W76/><G113/><T39/><D39/><U16/><E77/><V83/><F83/><W111/><G112/><T106/><D44/><U63/><E16/><V102/><F120/><N who="1" m="46121" /><E117/><V59/><F107/><W84/><G99/><T127/><D8/><U51/><E63/><V98/><F98/><W36/><G76/><T108/><D89/><U31/><E31/><V22/><F100/><W3/><G29/><T85/><D85/><U129/><E51/><V58/><F102/><W110/><G50/><T14/><D80/><U74/><E74/><V88/><F88/><N who="3" m="51223" /><G87/><T94/><D106/><U42/><E42/><V116/><F116/><W56/><G3/><T103/><D103/><U78/><E78/><V68/><F68/><W93/><G10/><T54/><D14/><U105/><E105/><V70/><F70/><W126/><G91/><T97/><D69/><U92/><E92/><V55/><F24/><W48/><G93/><T121/><D94/><U128/><AGARI ba="1,0" hai="124,125,128,129,131" m="46121,36015,25194" machi="128" ten="40,5200,0" yaku="19,1,34,2" doraHai="130" who="1" fromWho="1" sc="375,-14,188,55,254,-14,183,-27" /><INIT seed="4,0,0,4,4,10" ten="361,243,240,156" oya="0" hai0="43,122,117,37,19,132,42,52,93,71,45,59,87" hai1="95,61,107,133,80,120,119,64,109,115,40,78,131" hai2="3,99,106,23,127,112,72,134,24,48,70,8,27" hai3="18,125,86,90,103,135,21,101,13,88,89,34,124"/><T14/><D122/><U12/><E107/><V29/><F72/><W116/><G116/><T63/><D117/><U39/><E109/><V53/><F70/><W31/><G135/><T15/><D132/><U96/><E133/><V111/><F134/><W83/><G34/><T110/><D110/><U32/><E32/><V105/><F111/><W97/><G31/><T51/><D43/><U0/><E0/><V54/><F54/><W7/><G7/><T68/><D19/><U121/><E119/><V94/><F127/><N who="3" m="48715" /><G103/><T98/><D87/><U128/><E40/><V62/><F62/><W76/><G76/><T129/><D129/><N who="1" m="49739" /><E39/><V38/><F38/><W33/><G33/><T2/><D2/><U36/><E36/><V5/><F24/><W91/><G91/><N who="0" m="55615" /><D71/><N who="1" m="42383" /><E12/><V84/><F84/><W104/><AGARI ba="0,0" hai="13,18,21,83,86,88,89,90,97,101,104" m="48715" machi="104" ten="30,4000,0" yaku="18,1,52,1,54,1" doraHai="10" who="3" fromWho="3" sc="361,-20,243,-10,240,-10,156,40" /><INIT seed="5,0,0,5,5,104" ten="341,233,230,196" oya="1" hai0="118,32,31,108,99,9,85,58,25,39,28,115,54" hai1="105,113,7,91,130,22,102,82,76,126,73,63,27" hai2="84,38,65,90,97,101,57,43,132,92,34,64,55" hai3="29,51,98,123,0,2,50,40,14,56,61,12,48"/><U116/><E116/><V53/><F132/><W127/><G123/><T71/><D118/><U135/><E113/><V46/><F34/><W15/><G40/><T78/><D108/><U120/><E120/><V66/><REACH who="2" step="1"/><F57/><REACH who="2" ten="341,233,220,196" step="2"/><W89/><G127/><T42/><D71/><U11/><E135/><V35/><F35/><W13/><G29/><T19/><D31/><U75/><E126/><V36/><F36/><W60/><N who="3" m="3584" /><DORA hai="114" /><W106/><G56/><T10/><D115/><U86/><E130/><V131/><F131/><W87/><G106/><AGARI ba="0,1" hai="38,43,46,53,55,64,65,66,84,90,92,97,101,106" machi="106" ten="40,1300,0" yaku="1,1,53,0" doraHai="104,114" doraHaiUra="21,30" who="2" fromWho="3" sc="341,0,233,0,220,23,196,-13" /><INIT seed="6,0,0,2,1,18" ten="341,233,243,183" oya="2" hai0="102,42,97,2,54,66,62,45,30,108,123,124,53" hai1="63,11,127,72,57,113,106,115,135,89,96,9,52" hai2="35,7,19,73,61,29,48,17,24,28,26,49,110" hai3="3,117,128,56,64,76,79,77,99,91,68,109,8"/><V78/><F110/><W84/><G117/><T69/><D123/><U27/><E72/><V85/><F73/><W41/><G68/><T100/><D108/><U116/><E116/><V93/><F7/><W22/><G109/><T119/><D2/><U75/><E75/><V31/><F61/><W32/><G32/><T38/><D119/><U40/><E40/><V101/><F101/><W0/><G41/><T43/><D124/><U12/><E127/><V10/><F10/><W50/><G99/><T118/><D118/><U44/><E44/><V51/><F31/><W55/><G128/><T112/><D112/><N who="1" m="43083" /><E135/><V59/><F59/><W87/><G64/><T33/><D43/><U105/><E27/><V13/><F13/><W46/><G46/><T126/><D126/><U83/><E11/><V5/><F5/><W132/><G8/><T86/><D86/><N who="1" m="50399" /><E96/><V71/><F71/><W25/><G132/><T103/><D97/><U80/><E80/><V125/><F125/><W37/><G37/><T92/><D92/><U39/><E39/><V4/><F4/><AGARI ba="0,0" hai="4,9,12,52,57,63,105,106" m="50399,43083" machi="4" ten="30,2000,0" yaku="15,1,54,1" doraHai="18" who="1" fromWho="2" sc="341,0,233,20,243,-20,183,0" /><INIT seed="7,0,0,5,4,126" ten="341,253,223,183" oya="3" hai0="64,45,111,70,74,131,33,92,122,88,23,80,56" hai1="7,20,31,84,102,66,14,24,2,90,52,28,6" hai2="32,133,53,58,95,19,41,59,44,55,135,123,78" hai3="12,87,107,65,96,26,86,22,98,72,54,115,69"/><W63/><G72/><T116/><D116/><U34/><E66/><V9/><F32/><W50/><G115/><T48/><D111/><U11/><E102/><V29/><F29/><W1/><G1/><T112/><D122/><U17/><E52/><N who="2" m="20043" /><F78/><W97/><G107/><T57/><D33/><U75/><E75/><V110/><F110/><W82/><G12/><T43/><D112/><U121/><E121/><V119/><F95/><W62/><G62/><T49/><D70/><U61/><E61/><V83/><F83/><W89/><G87/><T37/><D64/><U40/><E40/><V127/><F123/><W68/><G68/><T104/><D104/><U30/><REACH who="1" step="1"/><E6/><REACH who="1" ten="341,243,223,183" step="2"/><V117/><F127/><W67/><G67/><T36/><D74/><U91/><E91/><V46/><F19/><W0/><G0/><T21/><D37/><U120/><E120/><V81/><F41/><W79/><G89/><T130/><D36/><U47/><E47/><V15/><F46/><W93/><G93/><AGARI ba="0,1" hai="2,7,11,14,17,20,24,28,30,31,34,84,90,93" machi="93" ten="30,7700,0" yaku="1,1,7,1,24,2,53,0" doraHai="126" doraHaiUra="38" who="1" fromWho="3" sc="341,0,243,87,223,0,183,-77" owari="341,44.0,330,13.0,223,-18.0,106,-39.0" /></mjloggm>