<mjloggm ver="2.3"><GO type="169" lobby="0"/><UN n0="%67%6F%69%73%75%62%61%69" n1="%E7%99%BD%E9%B9%BF%E6%84%9B%E8%8E%89" n2="%E7%A0%B2%E3%81%AE%E4%B8%8A%E3%81%AE%E3%81%82%E3%81%AE%E5%A8%98" n3="%E5%B0%B1%E6%B4%BB%E7%94%9F%40%E5%B7%9D%E6%9D%91%E8%BB%8D%E5%9B%A3" dan="16,18,16,16" rate="2151.22,2264.07,2163.44,2128.81" sx="M,F,F,M"/><TAIKYOKU oya="0"/><INIT seed="0,0,0,0,2,18" ten="250,250,250,250" oya="0" hai0="74,29,43,51,79,53,93,116,49,124,41,46,83" hai1="10,105,35,38,30,102,91,50,37,52,26,68,1" hai2="120,2,70,13,103,86,63,59,67,64,5,60,22" hai3="33,8,134,84,6,132,23,125,73,16,57,112,62"/><T85/><D116/><U0/><E68/><V61/><F120/><W109/><G33/><T27/><D124/><U17/><E91/><V126/><F126/><W48/><G73/><T15/><D15/><U121/><E121/><V28/><F2/><W11/><G125/><T34/><D74/><U106/><E0/><V71/><F61/><W58/><G112/><T39/><D39/><U4/><E17/><V133/><F133/><N who="3" m="51307" /><G109/><T118/><D118/><U119/><E119/><V36/><F36/><W65/><G84/><T47/><REACH who="0" step="1"/><D93/><REACH who="0" ten="240,250,250,250" step="2"/><U69/><E106/><V129/><F13/><N who="3" m="9615" /><G6/><T128/><D128/><U115/><E115/><V90/><F5/><W45/><G58/><T107/><D107/><U12/><E1/><V25/><F59/><W122/><G122/><T75/><D75/><U9/><E69/><V24/><F129/><W130/><G130/><T54/><AGARI ba="0,1" hai="27,29,34,41,43,46,47,49,51,53,54,79,83,85" machi="54" ten="20,7800,0" yaku="1,1,0,1,7,1,9,1,53,0" doraHai="18" doraHaiUra="100" who="0" fromWho="0" sc="240,88,250,-26,250,-26,250,-26" /><INIT seed="0,1,0,4,0,126" ten="328,224,224,224" oya="0" hai0="110,78,30,11,94,34,55,19,69,16,81,113,128" hai1="10,35,13,96,84,17,76,28,50,15,92,60,111" hai2="74,0,67,90,23,72,97,115,102,42,106,108,27" hai3="44,121,73,20,83,38,104,37,100,22,112,124,116"/><T3/><D113/><U89/><E111/><V59/><F115/><W134/><G124/><T56/><D69/><U99/><E60/><V91/><F0/><W107/><G112/><T82/><D110/><U130/><E130/><V68/><F68/><W45/><G83/><T120/><D120/><U24/><E76/><V21/><F42/><W52/><G73/><T6/><D128/><U135/><E135/><V105/><F108/><W114/><G114/><T88/><D34/><U29/><E29/><V64/><F59/><W93/><G93/><T122/><D30/><U25/><E25/><V80/><F80/><W7/><G7/><T65/><D65/><U41/><REACH who="1" step="1"/><E15/><REACH who="1" ten="328,214,224,224" step="2"/><V119/><F27/><W39/><G134/><T70/><D122/><U125/><E125/><V48/><F119/><W85/><G116/><T123/><D123/><U47/><AGARI ba="1,1" hai="10,13,17,24,28,35,41,47,50,84,89,92,96,99" machi="47" ten="30,4000,0" yaku="1,1,0,1,53,1" doraHai="126" doraHaiUra="43" who="1" fromWho="1" sc="328,-21,214,53,224,-11,224,-11" /><INIT seed="1,0,0,4,5,91" ten="307,267,213,213" oya="1" hai0="121,49,71,10,116,37,69,30,43,74,109,118,105" hai1="132,107,125,8,59,47,79,17,87,4,58,97,52" hai2="38,50,76,57,66,82,61,15,2,65,135,102,33" hai3="86,40,85,101,93,36,41,106,78,27,68,89,20"/><U123/><E123/><V1/><F38/><W9/><G68/><T64/><D105/><U99/><E17/><V53/><F33/><W83/><G36/><T14/><D74/><U22/><E22/><V45/><F135/><W130/><G130/><T54/><D121/><U100/><E132/><V31/><F31/><W73/><G9/><T92/><D109/><U48/><E125/><V111/><F111/><W34/><G34/><T21/><D37/><U18/><E18/><V124/><F124/><W81/><G106/><T67/><D43/><U114/><E99/><V122/><F122/><W6/><G6/><T88/><D69/><U128/><E128/><V42/><F102/><W7/><G7/><N who="0" m="3423" /><D71/><U127/><E114/><V94/><F15/><W11/><G11/><T19/><D30/><U129/><E129/><V95/><F1/><W103/><G103/><T39/><D39/><U90/><E79/><V117/><F117/><W3/><G3/><T84/><D118/><U98/><E98/><V60/><F2/><W35/><G35/><T28/><D28/><U133/><E133/><V63/><F63/><W70/><G70/><T120/><D120/><U46/><E46/><V25/><F25/><W56/><G56/><N who="0" m="32847" /><D116/><U115/><E127/><V126/><F126/><W112/><G112/><T16/><D19/><U77/><E115/><V23/><F23/><W5/><G5/><T26/><AGARI ba="0,0" hai="16,21,26,64,67,84,88,92" m="32847,3423" machi="26" ten="30,7900,0" yaku="8,1,52,1,54,2" doraHai="91" who="0" fromWho="0" sc="307,79,267,-39,213,-20,213,-20" /><INIT seed="2,0,0,5,5,103" ten="386,228,193,193" oya="2" hai0="101,55,40,47,76,8,33,54,32,66,125,89,11" hai1="72,115,23,28,111,81,2,44,22,12,17,130,119" hai2="108,82,52,134,87,94,49,53,67,123,135,71,34" hai3="133,6,79,75,107,51,117,73,102,74,31,61,26"/><V20/><F123/><W113/><G117/><T65/><D125/><U56/><E115/><V30/><F34/><W57/><G113/><T15/><D101/><U127/><E119/><V29/><F108/><W122/><G122/><T58/><D76/><U0/><E44/><V64/><F71/><W21/><G133/><N who="2" m="50697" /><F94/><W116/><G116/><T36/><D89/><U41/><E41/><V3/><F3/><N who="1" m="1065" /><E81/><V129/><F129/><W83/><G6/><T88/><D54/><N who="2" m="21098" /><F49/><W50/><G50/><T62/><D15/><U132/><E132/><V18/><F30/><W120/><G51/><T10/><D33/><U99/><E56/><V98/><F98/><W80/><G80/><T43/><D32/><U106/><E99/><V59/><F59/><W48/><G48/><T86/><REACH who="0" step="1"/><D43/><REACH who="0" ten="376,228,193,193" step="2"/><U114/><E114/><V13/><F29/><W9/><G120/><T96/><D96/><U90/><E28/><V92/><F92/><AGARI ba="0,1" hai="8,10,11,36,40,47,55,58,62,65,66,86,88,92" machi="92" ten="40,2600,0" yaku="1,1,54,1,53,0" doraHai="103" doraHaiUra="124" who="0" fromWho="2" sc="376,36,228,0,193,-26,193,0" /><INIT seed="3,0,0,0,4,96" ten="412,228,167,193" oya="3" hai0="108,61,59,79,125,94,87,113,3,1,105,42,123" hai1="53,45,5,34,30,73,85,14,98,82,80,0,56" hai2="58,4,19,93,129,111,31,70,36,117,49,60,10" hai3="97,2,86,74,128,54,12,15,44,37,132,107,65"/><W20/><G74/><T29/><D105/><U17/><E73/><V76/><F117/><W8/><G128/><T21/><D123/><U32/><E45/><V72/><F36/><W109/><G132/><T40/><D108/><U121/><E121/><V88/><F111/><W41/><G109/><T38/><D125/><U63/><E98/><V9/><F129/><W110/><G110/><T118/><D118/><U35/><E30/><V120/><F120/><W116/><G116/><T62/><D113/><U126/><E126/><V48/><F31/><W104/><G65/><T66/><D62/><U89/><E5/><V67/><F70/><W24/><G54/><T18/><D29/><U27/><E0/><V6/><F72/><W91/><G2/><T131/><D131/><U124/><E27/><V7/><F76/><W52/><G52/><T133/><D133/><U75/><E124/><V47/><F19/><W22/><G22/><T16/><D18/><U101/><E80/><V69/><F69/><W51/><G37/><T78/><D1/><U112/><E75/><V43/><REACH who="2" step="1"/><F49/><REACH who="2" ten="412,228,157,193" step="2"/><W90/><G8/><T119/><D119/><U130/><E130/><V102/><F102/><W64/><G91/><T71/><D38/><U68/><E68/><V99/><AGARI ba="0,1" hai="4,6,7,9,10,43,47,48,58,60,67,88,93,99" machi="99" ten="30,7900,0" yaku="1,1,0,1,8,1,54,1,53,0" doraHai="96" doraHaiUra="81" who="2" fromWho="2" sc="412,-20,228,-20,157,89,193,-39" /><INIT seed="4,0,0,4,2,75" ten="392,208,246,154" oya="0" hai0="132,17,4,102,88,5,76,11,94,1,104,131,36" hai1="16,86,26,96,114,81,71,73,115,93,54,100,7" hai2="113,107,33,91,65,31,9,25,67,59,48,29,112" hai3="125,60,38,46,83,82,35,77,50,127,19,61,57"/><T95/><D36/><U129/><E129/><V10/><F107/><W134/><G35/><T92/><D131/><U108/><E108/><V121/><F121/><W103/><G134/><T99/><D132/><U13/><E73/><V126/><F126/><W74/><G38/><T79/><D4/><U62/><E7/><V66/><F29/><W72/><G103/><T97/><D95/><U6/><E6/><V69/><F69/><W130/><G130/><T89/><D17/><U55/><E26/><V37/><F37/><W51/><G19/><T128/><D128/><U63/><E71/><V28/><F28/><W15/><G15/><T32/><D32/><U39/><E39/><V111/><F111/><W47/><REACH who="3" step="1"/><G57/><REACH who="3" ten="392,208,246,144" step="2"/><T0/><D0/><U98/><E115/><V123/><F59/><W58/><G58/><T106/><D106/><U30/><E114/><V87/><F112/><W70/><G70/><T118/><D118/><U24/><E16/><V78/><F113/><W68/><G68/><T40/><D40/><U34/><E13/><V120/><F120/><W122/><G122/><T20/><D20/><U2/><E2/><V90/><F123/><W56/><G56/><T85/><AGARI ba="0,1" hai="1,5,11,76,79,85,88,89,92,94,97,99,102,104" machi="85" ten="20,12000,1" yaku="0,1,7,1,52,2,54,1" doraHai="75" who="0" fromWho="0" sc="392,130,208,-40,246,-40,144,-40" /><INIT seed="4,1,0,1,0,16" ten="522,168,206,104" oya="0" hai0="121,80,50,73,91,102,37,113,106,126,124,87,0" hai1="14,13,132,93,22,23,70,51,33,109,6,89,15" hai2="24,35,99,10,97,101,54,76,53,125,82,30,38" hai3="85,92,71,117,110,123,108,86,41,105,79,135,114"/><T43/><D121/><U90/><E109/><V29/><F38/><W130/><G71/><T5/><D37/><U28/><E70/><V104/><F125/><N who="0" m="48234" /><D0/><U118/><E118/><V133/><F133/><W69/><G69/><T34/><D34/><U59/><E132/><V7/><F97/><W96/><G41/><T48/><D5/><U65/><E33/><V61/><F61/><W66/><G66/><T111/><D43/><U4/><E28/><V120/><F30/><W20/><G20/><N who="1" m="7722" /><E51/><V8/><F8/><W119/><G105/><T72/><D48/><U88/><E93/><V21/><F35/><W18/><G18/><T46/><D50/><U26/><E26/><V39/><F39/><W60/><G60/><AGARI ba="1,0" hai="4,6,13,14,15,59,60,65,88,89,90" m="7722" machi="60" ten="40,8000,1" yaku="8,1,52,3,54,1" doraHai="16" who="1" fromWho="3" sc="522,0,168,83,206,0,104,-83" /><INIT seed="5,0,0,5,0,109" ten="522,251,206,21" oya="1" hai0="11,10,62,115,39,76,48,35,81,123,87,124,117" hai1="15,82,14,73,44,90,5,47,50,118,53,2,32" hai2="88,110,58,106,37,111,74,94,25,40,101,38,3" hai3="108,55,7,65,116,23,133,36,114,57,13,56,77"/><U31/><E118/><V43/><F74/><W86/><G108/><T4/><D39/><U42/><E2/><V34/><F3/><W26/><G36/><T41/><D117/><U128/><E128/><V91/><F58/><W60/><G116/><T131/><D115/><U102/><E102/><V113/><F113/><W130/><G133/><T21/><D35/><U61/><E5/><V89/><F106/><W69/><G130/><T16/><D131/><U49/><E61/><V1/><F1/><W63/><G69/><T95/><D124/><U24/><REACH who="1" step="1"/><E90/><REACH who="1" ten="522,241,206,21" step="2"/><V121/><F89/><W72/><G7/><T66/><D4/><U0/><E0/><V67/><F91/><W70/><G70/><T29/><D123/><U103/><E103/><V17/><F101/><W85/><G114/><T51/><D62/><U79/><AGARI ba="0,1" hai="14,15,24,31,32,42,44,47,49,50,53,73,79,82" machi="79" ten="30,3000,0" yaku="1,1,0,1,53,0" doraHai="109" doraHaiUra="54" who="1" fromWho="1" sc="522,-10,241,40,206,-10,21,-10" /><INIT seed="5,1,0,4,4,76" ten="512,281,196,11" oya="1" hai0="4,115,113,83,26,98,60,52,68,121,67,23,107" hai1="6,129,123,131,48,104,124,16,114,39,108,135,47" hai2="87,62,117,125,45,55,81,80,11,59,126,27,20" hai3="36,73,25,99,42,91,89,66,79,35,40,34,51"/><U61/><E123/><V75/><F117/><W70/><G36/><T5/><D121/><U122/><E122/><V112/><F112/><W93/><G70/><T17/><D107/><U49/><E104/><V78/><F45/><W2/><G2/><T127/><D127/><N who="2" m="48650" /><F11/><W15/><G66/><T50/><D98/><U44/><E124/><V9/><F9/><W116/><G116/><T65/><D65/><U24/><E6/><V18/><F81/><W95/><G15/><T77/><D4/><U12/><E24/><V118/><F118/><W119/><G119/><T31/><D31/><U106/><E106/><V3/><F3/><W133/><G133/><T8/><D8/><U33/><E33/><V132/><F132/><W63/><G63/><T0/><D5/><U56/><E135/><V43/><F43/><W101/><G101/><T120/><D0/><U94/><E108/><V7/><F7/><W130/><G130/><N who="1" m="49674" /><E114/><V96/><F96/><W58/><G40/><T10/><D10/><N who="1" m="6167" /><E94/><V21/><F21/><W97/><G25/><T105/><D105/><U88/><E88/><V53/><F75/><W57/><G42/><T72/><D120/><U41/><E44/><V14/><F27/><W1/><G1/><T85/><REACH who="0" step="1"/><D72/><REACH who="0" ten="502,281,196,11" step="2"/><U38/><E39/><V19/><F19/><W32/><REACH who="3" step="1"/><G51/><REACH who="3" ten="502,281,196,1" step="2"/><T71/><D71/><U28/><E48/><V92/><F62/><W29/><G29/><T13/><D13/><U22/><E49/><V103/><F14/><W102/><G102/><T69/><D69/><U64/><E28/><V86/><F103/><W30/><G30/><RYUUKYOKU ba="1,2" sc="502,10,281,10,196,-30,1,10" hai0="17,23,26,50,52,60,67,68,77,83,85,113,115" hai1="22,38,41,47,56,61,64" hai3="32,34,35,57,58,73,79,89,91,93,95,97,99" /><INIT seed="5,2,2,1,4,76" ten="512,291,166,11" oya="1" hai0="107,117,69,15,3,75,31,71,38,36,19,108,105" hai1="11,9,66,62,77,70,28,51,124,54,93,123,103" hai2="47,79,60,85,27,25,50,101,4,90,129,42,26" hai3="57,48,78,22,80,128,116,67,131,2,133,121,58"/><U73/><E123/><V94/><F129/><W0/><G121/><T52/><D3/><U59/><E124/><V86/><F101/><W114/><G114/><T115/><D108/><U120/><E120/><V91/><F79/><W99/><G133/><T56/><D117/><U68/><E28/><V18/><F4/><W21/><G116/><T81/><D115/><U61/><E93/><V132/><F132/><W5/><G99/><T84/><D75/><U72/><E103/><V87/><F60/><W113/><G113/><T34/><D34/><U82/><E73/><V106/><F106/><W96/><G96/><T8/><D31/><U110/><E110/><V46/><F18/><W44/><G5/><T39/><D107/><U127/><E127/><V111/><F111/><W32/><G32/><T88/><REACH who="0" step="1"/><D105/><REACH who="0" ten="502,291,166,11" step="2"/><U135/><E135/><V33/><F33/><W100/><G2/><T6/><D6/><U40/><E40/><V30/><F30/><W63/><G0/><T53/><D53/><U45/><E45/><V95/><F46/><W12/><G100/><T20/><D20/><U41/><E41/><V118/><F118/><W23/><G12/><T24/><D24/><U37/><E37/><V43/><F43/><W104/><G104/><T55/><D55/><U1/><E1/><V89/><AGARI ba="2,3" hai="25,26,27,42,47,50,85,86,87,89,90,91,94,95" machi="89" ten="40,8000,1" yaku="0,1,29,2,8,1" doraHai="76" who="2" fromWho="2" sc="502,-22,291,-42,166,116,11,-22" owari="480,58.0,249,-15.0,282,8.0,-11,-51.0" /></mjloggm>