<mjloggm ver="2.3"><GO type="169" lobby="0"/><UN n0="%68%6F%73%69%67%61%6D%69" n1="%E3%82%A6%E3%83%AB%E3%83%88%E3%83%A9%E7%AB%8B%E7%9B%B4" n2="%31%2F%32%31" n3="%67%61%6D%6F%33" dan="16,18,16,17" rate="2153.19,2208.82,2071.98,2193.57" sx="M,M,M,M"/><TAIKYOKU oya="0"/><INIT seed="0,0,0,2,0,113" ten="250,250,250,250" oya="0" hai0="92,116,134,127,5,81,86,46,47,103,24,89,104" hai1="13,62,94,22,36,42,4,71,74,14,110,109,32" hai2="90,95,53,87,122,76,45,96,64,129,41,25,79" hai3="135,38,88,19,17,39,105,2,91,77,128,9,132"/><T75/><D134/><N who="3" m="51241" /><G105/><T83/><D127/><U66/><E32/><V117/><F122/><W121/><G121/><T118/><D5/><U28/><E74/><V43/><F129/><W120/><G120/><T26/><D75/><U23/><E42/><N who="2" m="15883" /><F64/><W101/><G101/><T108/><D104/><U107/><E36/><N who="3" m="13866" /><G77/><N who="2" m="29769" /><F25/><W102/><G102/><T65/><D65/><U131/><E66/><V123/><F123/><W114/><G128/><T16/><D103/><U33/><E131/><V97/><F117/><W112/><G2/><T61/><D86/><U12/><E33/><V31/><F31/><W21/><G9/><T51/><D92/><U69/><E28/><V70/><F70/><W0/><G0/><T35/><D35/><U119/><E94/><V6/><F6/><W67/><G67/><T11/><D11/><U133/><E4/><V37/><F37/><W54/><G54/><T130/><D130/><U106/><E133/><V55/><F45/><W18/><G21/><T27/><D27/><U85/><E107/><V56/><F55/><W59/><G59/><T30/><D30/><U7/><E106/><V60/><AGARI ba="0,0" hai="53,56,60,87,90,95,96,97" m="29769,15883" machi="60" ten="30,1100,0" yaku="8,1" doraHai="113" who="2" fromWho="2" sc="250,-5,250,-3,250,11,250,-3" /><INIT seed="1,0,0,0,4,18" ten="245,247,261,247" oya="1" hai0="123,41,88,130,55,51,87,79,47,94,1,99,102" hai1="39,43,125,92,44,119,69,14,106,107,65,30,76" hai2="13,68,73,42,33,118,126,111,115,52,60,71,19" hai3="121,35,61,37,59,91,120,54,23,53,67,109,10"/><U15/><E119/><V127/><F73/><W114/><G35/><T97/><D130/><U124/><E76/><V72/><F72/><W27/><G37/><T98/><D1/><U25/><E92/><V96/><F33/><W9/><G114/><T63/><D123/><U49/><E49/><V64/><F118/><W46/><G109/><T81/><REACH who="0" step="1"/><D102/><REACH who="0" ten="235,247,261,247" step="2"/><U83/><E124/><V58/><F115/><W4/><G120/><T122/><D122/><U135/><E125/><V117/><F117/><W24/><G121/><T101/><D101/><U57/><E135/><V40/><F111/><W16/><G91/><T128/><D128/><U86/><E106/><V31/><F126/><W22/><G46/><T75/><D75/><U45/><E107/><V84/><F127/><W50/><G50/><T108/><D108/><U38/><E45/><V74/><F74/><W133/><G133/><T7/><D7/><U70/><E39/><V95/><F60/><W12/><REACH who="3" step="1"/><G10/><REACH who="3" ten="235,247,261,237" step="2"/><T105/><D105/><U29/><E44/><V17/><F40/><W8/><G8/><T5/><D5/><U132/><E43/><V134/><F42/><W36/><G36/><T89/><D89/><U93/><E38/><V20/><F134/><W28/><AGARI ba="0,2" hai="4,9,12,16,22,23,24,27,28,53,54,59,61,67" machi="28" ten="20,12000,2" yaku="1,1,0,1,7,1,8,1,52,2,54,1,53,0" doraHai="18" doraHaiUra="66" who="3" fromWho="3" sc="235,-30,247,-60,261,-30,237,140" /><INIT seed="2,0,0,3,0,70" ten="205,187,231,377" oya="2" hai0="34,25,94,22,61,4,57,46,1,68,123,5,89" hai1="133,3,29,121,13,101,63,135,66,99,12,108,69" hai2="11,17,58,122,62,35,32,90,71,14,91,112,86" hai3="0,44,110,15,114,7,41,115,47,113,124,24,52"/><V6/><F122/><W50/><G110/><T39/><D123/><U118/><E121/><V36/><F71/><W60/><G24/><T33/><D68/><U18/><E118/><V105/><F105/><W42/><G0/><T55/><D1/><U102/><E3/><V10/><F36/><N who="3" m="21543" /><G7/><T9/><D9/><U87/><E108/><V40/><F40/><W93/><G93/><T96/><D34/><U117/><E117/><V77/><F112/><W59/><G15/><T84/><D33/><U26/><E87/><V51/><F51/><W106/><G106/><T31/><D39/><U2/><E2/><V16/><F6/><W85/><G85/><T116/><D116/><U38/><E38/><V79/><F32/><W37/><G124/><T111/><D111/><U98/><E98/><V134/><F35/><W107/><G107/><T75/><D75/><U81/><E81/><N who="2" m="47423" /><F134/><N who="1" m="51209" /><E99/><V56/><F77/><W132/><G132/><T54/><D96/><U74/><E74/><V88/><F62/><AGARI ba="0,0" hai="37,42,47,50,52,59,60,62,113,114,115" m="21543" machi="62" ten="30,12000,2" yaku="11,1,34,2,52,2,54,1" doraHai="70" who="3" fromWho="2" sc="205,0,187,0,231,-120,377,120" /><INIT seed="3,0,0,0,2,14" ten="205,187,111,497" oya="3" hai0="92,5,104,78,84,77,105,15,122,103,62,50,58" hai1="67,59,7,38,63,23,133,2,81,17,64,25,28" hai2="66,9,45,89,94,52,10,126,125,121,30,109,13" hai3="69,119,102,51,70,100,21,99,18,44,106,115,91"/><W68/><G119/><T33/><D33/><U131/><E38/><V116/><F116/><W74/><G115/><T1/><D1/><U86/><E131/><V40/><F30/><W75/><G91/><T56/><D122/><U60/><E133/><V41/><F121/><W129/><G100/><T36/><D36/><U48/><E48/><N who="2" m="28687" /><F66/><W97/><G97/><T65/><D105/><U16/><E7/><V82/><F82/><W88/><G88/><T54/><D104/><U79/><E2/><V8/><F109/><W39/><G39/><T87/><D87/><U53/><E53/><V49/><F49/><W32/><G32/><T113/><D113/><U90/><E79/><V93/><F93/><W61/><G61/><T11/><REACH who="0" step="1"/><D84/><REACH who="0" ten="195,187,111,497" step="2"/><U35/><E35/><V85/><F125/><W22/><G106/><T57/><D57/><AGARI ba="0,1" hai="16,17,23,25,28,57,59,60,63,64,67,81,86,90" machi="57" ten="30,12000,2" yaku="7,1,9,1,8,1,52,2,54,1" doraHai="14" who="1" fromWho="0" sc="195,-120,187,130,111,0,497,0" /><INIT seed="4,0,0,5,2,34" ten="75,317,111,497" oya="0" hai0="38,132,112,25,71,92,73,127,84,67,20,47,68" hai1="104,0,56,7,78,114,130,113,50,135,102,101,61" hai2="109,62,8,117,128,41,36,126,124,115,24,15,75" hai3="16,87,80,86,105,55,10,133,88,3,21,100,131"/><T69/><D73/><U45/><E78/><V2/><F62/><W48/><G131/><T53/><D132/><U123/><E123/><V54/><F54/><W107/><G133/><T44/><D127/><N who="2" m="48682" /><F41/><W116/><G116/><T79/><D112/><N who="1" m="43115" /><E104/><V93/><F93/><W96/><G105/><T13/><D13/><U103/><E130/><V32/><F75/><W19/><G21/><T33/><D33/><U99/><E99/><V46/><F46/><W49/><G49/><T97/><D67/><N who="1" m="39335" /><E135/><V65/><F65/><W17/><G86/><T51/><D84/><U121/><E121/><V77/><F36/><W18/><G18/><T30/><D79/><U94/><E94/><V35/><F77/><W91/><G91/><T11/><D11/><N who="1" m="2535" /><E103/><V89/><F89/><W26/><G26/><T31/><D31/><U120/><E120/><V37/><F37/><W83/><G83/><T129/><D129/><U98/><E98/><V27/><F128/><W95/><G107/><T58/><REACH who="0" step="1"/><D38/><REACH who="0" ten="65,317,111,497" step="2"/><U14/><E14/><V60/><F115/><W134/><G134/><T22/><D22/><U106/><E106/><V29/><F117/><W85/><G85/><T5/><D5/><U4/><E4/><N who="2" m="1047" /><F15/><N who="3" m="7287" /><G3/><T110/><D110/><U9/><E9/><V12/><F109/><W125/><G125/><T59/><D59/><AGARI ba="0,1" hai="17,19,48,55,59,80,87,88,95,96,100" m="7287" machi="59" ten="30,3900,0" yaku="8,1,54,2" doraHai="34" who="3" fromWho="0" sc="65,-39,317,0,111,0,497,49" /><INIT seed="5,0,0,3,1,19" ten="26,317,111,546" oya="1" hai0="83,67,94,17,132,45,5,113,114,37,135,131,133" hai1="31,39,97,111,6,89,58,53,121,69,119,38,104" hai2="71,27,86,99,65,90,120,13,1,34,28,68,91" hai3="54,52,88,96,62,107,77,108,41,12,110,101,48"/><U134/><E69/><V80/><F120/><W70/><G77/><T72/><D5/><U66/><E66/><V92/><F1/><W15/><G41/><N who="0" m="22703" /><D17/><U125/><E121/><V85/><F65/><W24/><G24/><T87/><D94/><U82/><E125/><V79/><F13/><W47/><G12/><T2/><D2/><U124/><E134/><V128/><F128/><W118/><G118/><T126/><D72/><U127/><E119/><V29/><F29/><W106/><G106/><T9/><D83/><AGARI ba="0,0" hai="27,28,34,68,71,79,80,83,85,86,90,91,92,99" machi="83" ten="30,1000,0" yaku="7,1" doraHai="19" who="2" fromWho="0" sc="26,-10,317,0,111,10,546,0" /><INIT seed="6,0,0,0,4,74" ten="16,317,121,546" oya="2" hai0="118,11,24,44,48,99,109,3,90,1,28,84,15" hai1="79,62,112,72,98,31,37,107,53,86,4,122,89" hai2="130,135,94,49,102,21,57,97,124,134,50,27,117" hai3="73,104,66,76,128,30,45,33,131,121,5,101,17"/><V127/><F117/><W108/><G121/><T132/><D118/><U55/><E37/><V54/><F49/><W69/><G108/><T7/><D132/><N who="2" m="50730" /><F21/><W126/><G5/><T125/><D125/><N who="2" m="48202" /><F27/><W20/><G126/><T106/><D109/><U14/><E62/><V67/><F67/><W83/><G45/><T96/><D106/><U58/><E53/><V23/><F23/><W16/><G20/><T46/><D1/><U68/><E55/><V63/><F63/><W29/><G29/><T35/><D3/><U91/><E14/><V6/><F6/><W110/><G110/><T103/><D103/><U32/><E4/><V12/><F12/><W51/><G51/><T56/><D56/><U129/><E31/><V60/><F60/><N who="3" m="40135" /><G17/><T115/><D115/><U70/><E112/><V38/><F38/><W78/><G16/><T92/><REACH who="0" step="1"/><D44/><REACH who="0" ten="6,317,121,546" step="2"/><U123/><E58/><V100/><F102/><W111/><G101/><T43/><AGARI ba="0,1" hai="7,11,15,24,28,35,43,46,48,84,90,92,96,99" machi="43" ten="20,5200,0" yaku="1,1,2,1,0,1,7,1,53,0" doraHai="74" doraHaiUra="133" who="0" fromWho="0" sc="6,62,317,-13,121,-26,546,-13" /><INIT seed="7,0,0,2,5,85" ten="68,304,95,533" oya="3" hai0="43,109,114,49,51,13,32,68,45,133,107,30,9" hai1="118,106,117,73,70,74,77,94,5,7,0,108,86" hai2="22,6,135,60,20,54,29,84,2,111,33,127,72" hai3="126,75,131,63,99,80,61,88,35,134,15,62,71"/><W96/><G35/><T3/><D109/><U93/><E86/><V112/><F72/><W42/><G42/><T105/><D68/><U11/><E11/><V79/><F111/><W123/><G123/><T55/><D3/><U81/><E81/><V12/><F2/><W21/><G71/><T27/><D133/><U97/><E97/><V18/><F33/><W26/><G134/><T64/><D64/><U125/><E77/><V87/><F127/><W83/><G126/><T122/><D114/><U89/><E70/><V50/><F112/><W104/><G75/><T92/><D122/><U95/><E95/><V19/><F60/><W65/><G65/><T58/><REACH who="0" step="1"/><D92/><REACH who="0" ten="58,304,95,533" step="2"/><U25/><E0/><V102/><F135/><W124/><G124/><T47/><D47/><U130/><E94/><V98/><F6/><AGARI ba="0,1" hai="6,9,13,27,30,32,43,45,49,51,55,58,105,107" machi="6" ten="30,7700,0" yaku="1,1,7,1,53,2" doraHai="85" doraHaiUra="100" who="0" fromWho="2" sc="58,87,304,0,95,-77,533,0" owari="145,-25.0,304,10.0,18,-48.0,533,63.0" /></mjloggm>