<mjloggm ver="2.3"><GO type="169" lobby="0"/><UN n0="%E7%A0%B4%E5%B9%BB" n1="%E9%88%B4%E4%BD%B3" n2="%E3%83%88%E3%83%88%E3%83%AA%E5%85%88%E7%94%9F%31%39%E6%AD%B3" n3="%30%30%73%61%69" dan="16,16,19,17" rate="2123.86,2194.21,2284.37,2152.08" sx="F,M,F,M"/><TAIKYOKU oya="0"/><INIT seed="0,0,0,2,1,40" ten="250,250,250,250" oya="0" hai0="76,104,6,82,75,27,25,32,130,60,121,16,58" hai1="122,3,125,103,131,101,124,8,98,35,1,47,4" hai2="13,80,109,68,118,41,34,78,71,83,116,36,17" hai3="90,107,133,38,31,37,120,56,22,12,113,39,7"/><T42/><D121/><U66/><E122/><V48/><F34/><W2/><G113/><T111/><D104/><U19/><E35/><V117/><F36/><W100/><G133/><T55/><D130/><U114/><E114/><V85/><F109/><W69/><G69/><T26/><D111/><U92/><E131/><V106/><F106/><W63/><G107/><T79/><D32/><U28/><E28/><V53/><F41/><W65/><G100/><T77/><D6/><U126/><E66/><V129/><F80/><W99/><G120/><T20/><REACH who="0" step="1"/><D42/><REACH who="0" ten="240,250,250,250" step="2"/><U67/><E126/><V128/><F129/><W74/><G7/><T10/><D10/><U73/><E125/><V18/><F128/><W91/><G37/><T134/><D134/><U110/><E110/><V0/><F118/><W84/><G38/><T135/><D135/><U44/><E8/><V86/><F117/><W96/><G39/><T5/><D5/><U87/><E4/><V9/><F116/><W24/><G22/><T119/><D119/><U95/><E124/><V49/><F9/><W102/><G2/><T72/><D72/><U33/><E73/><V93/><F0/><W94/><G74/><T70/><D70/><U105/><E33/><V123/><F68/><W89/><G12/><AGARI ba="0,1" hai="12,16,20,25,26,27,55,58,60,75,76,77,79,82" machi="12" ten="40,3900,0" yaku="1,1,54,1,53,0" doraHai="40" doraHaiUra="61" who="0" fromWho="3" sc="240,49,250,0,250,0,250,-39" /><INIT seed="0,1,0,0,2,96" ten="289,250,250,211" oya="0" hai0="68,66,65,47,57,82,33,132,5,16,38,122,8" hai1="130,49,20,83,58,72,87,81,133,4,71,127,37" hai2="100,35,41,103,55,17,77,135,11,84,93,126,109" hai3="121,34,104,13,31,6,32,112,42,94,89,110,116"/><T7/><D122/><U99/><E71/><V2/><F35/><W118/><G112/><T61/><D33/><U45/><E37/><V44/><F109/><W1/><G104/><T98/><D132/><U115/><E133/><V131/><F135/><W51/><G110/><T70/><D82/><U64/><E115/><V123/><F123/><W124/><G1/><T39/><D57/><U12/><E130/><V50/><F131/><W106/><G106/><T25/><D98/><U21/><E72/><V67/><F126/><W40/><G124/><T52/><D38/><U85/><E127/><V102/><F67/><W101/><G121/><T76/><D76/><U78/><E99/><V119/><F119/><W111/><G111/><T114/><D114/><U80/><E80/><N who="2" m="47119" /><F2/><W95/><G6/><T105/><D105/><U3/><E3/><V23/><F11/><W97/><G13/><N who="0" m="7207" /><D39/><U60/><E12/><N who="2" m="9639" /><F93/><W27/><G34/><T56/><D70/><U15/><E15/><V117/><F117/><W0/><G0/><T69/><D69/><U9/><E9/><V24/><F24/><W28/><G116/><T22/><D68/><U125/><E4/><N who="0" m="1609" /><D47/><U74/><E74/><V10/><F10/><W129/><G118/><T90/><D90/><N who="1" m="51503" /><E125/><V108/><F108/><W46/><G129/><T91/><D91/><U79/><E79/><V62/><F62/><W14/><G89/><T48/><D61/><U54/><AGARI ba="1,0" hai="20,21,45,49,54,58,60,64,78,83,87" m="51503" machi="54" ten="30,1100,0" yaku="8,1" doraHai="96" who="1" fromWho="1" sc="289,-6,250,14,250,-4,211,-4" /><INIT seed="1,0,0,0,4,42" ten="283,264,246,207" oya="1" hai0="118,127,34,53,46,6,122,45,95,132,66,77,129" hai1="113,48,107,14,84,4,124,19,112,131,38,44,135" hai2="20,102,0,63,93,80,64,72,65,22,71,52,101" hai3="9,62,67,1,2,89,99,86,13,23,88,100,96"/><U126/><E107/><V82/><F0/><W47/><G23/><T25/><D118/><U109/><E38/><V114/><F114/><W69/><G96/><T134/><D127/><N who="1" m="48683" /><E4/><V43/><F43/><W130/><G130/><T98/><D129/><U104/><E104/><V103/><F65/><W58/><G69/><T92/><D66/><U128/><E128/><V31/><F93/><N who="3" m="58479" /><G2/><T120/><D77/><U68/><E68/><V29/><F22/><W115/><G1/><T90/><D6/><U15/><E131/><V50/><F72/><W49/><G86/><N who="0" m="52311" /><D53/><N who="1" m="29831" /><E135/><N who="0" m="51753" /><D25/><U59/><E59/><V26/><REACH who="2" step="1"/><F29/><REACH who="2" ten="283,264,236,207" step="2"/><W78/><G115/><T33/><D33/><U7/><E109/><V35/><F35/><W85/><G9/><T70/><D34/><U57/><E113/><V121/><F121/><N who="0" m="46698" /><D70/><U10/><E112/><V41/><F41/><N who="3" m="24815" /><G13/><T30/><D30/><U17/><E15/><V91/><F91/><AGARI ba="0,1" hai="45,46,91,95,98" m="46698,51753,52311" machi="91" ten="30,7700,0" yaku="20,1,13,1,52,2" doraHai="42" who="0" fromWho="2" sc="283,87,264,0,236,-77,207,0" /><INIT seed="2,0,0,3,2,82" ten="370,264,159,207" oya="2" hai0="54,109,131,26,36,65,8,34,57,37,95,94,77" hai1="38,33,62,128,69,124,43,119,73,112,120,90,123" hai2="20,78,58,19,51,132,63,129,23,71,55,39,22" hai3="99,50,11,3,29,89,12,31,96,101,56,67,133"/><V2/><F2/><W17/><G133/><T13/><D65/><U18/><RYUUKYOKU type="yao9" ba="0,0" sc="370,0,264,0,159,0,207,0" hai1="18,33,38,43,62,69,73,90,112,119,120,123,124,128" /><INIT seed="2,1,0,1,1,126" ten="370,264,159,207" oya="2" hai0="51,44,76,119,95,83,57,63,47,81,45,11,46" hai1="4,118,80,43,97,82,87,79,27,71,13,33,15" hai2="29,94,68,86,100,115,111,89,24,69,114,120,2" hai3="28,61,62,117,12,23,104,40,10,78,125,35,30"/><V16/><F120/><W18/><G117/><T21/><D119/><U42/><E118/><V49/><F2/><W92/><G104/><T112/><D112/><U6/><E71/><V25/><F111/><W133/><G125/><T22/><D11/><U73/><E97/><V36/><F36/><W122/><G122/><T3/><D3/><U127/><E127/><V123/><F123/><W110/><G110/><T66/><D95/><U37/><E33/><V20/><F100/><W32/><G78/><T85/><REACH who="0" step="1"/><D81/><REACH who="0" ten="360,264,159,207" step="2"/><U96/><E82/><V98/><F114/><W39/><G92/><T134/><D134/><U48/><E80/><V129/><F115/><W5/><G133/><T56/><D56/><U55/><E73/><V58/><F98/><W121/><G121/><T19/><D19/><U116/><E96/><V31/><F31/><W0/><G30/><T103/><D103/><U59/><E116/><V88/><F89/><W109/><G109/><T75/><D75/><U9/><E59/><V41/><F58/><W108/><G108/><T102/><D102/><U131/><E9/><V107/><F107/><W77/><G77/><T101/><D101/><U105/><E79/><V52/><F68/><W34/><G28/><T1/><D1/><U67/><E105/><V124/><F69/><W50/><G0/><T74/><D74/><U54/><E6/><V70/><F70/><W17/><G5/><T84/><D84/><U26/><E87/><V113/><F124/><W38/><G17/><T7/><D7/><U65/><E4/><V91/><F113/><W8/><G10/><RYUUKYOKU ba="1,1" sc="360,30,264,-10,159,-10,207,-10" hai0="21,22,44,45,46,47,51,57,63,66,76,83,85" /><INIT seed="3,2,1,5,5,121" ten="390,254,149,197" oya="3" hai0="77,65,107,29,8,58,125,42,43,34,102,44,94" hai1="1,127,41,123,108,86,11,79,117,132,0,70,59" hai2="54,12,16,131,75,83,47,63,84,97,20,26,49" hai3="78,126,120,23,52,112,2,51,18,24,50,64,76"/><W66/><G112/><T6/><D125/><U90/><E79/><V99/><F75/><W48/><G120/><T134/><D134/><U74/><E41/><V129/><F63/><W104/><G126/><T93/><D77/><N who="3" m="29801" /><G2/><T32/><D43/><U110/><E59/><V89/><REACH who="2" step="1"/><F12/><REACH who="2" ten="390,254,139,197" step="2"/><W98/><G104/><T56/><D107/><U53/><E74/><V96/><AGARI ba="2,2" hai="16,20,26,47,49,54,83,84,89,96,97,99,129,131" machi="96" ten="30,7900,0" yaku="1,1,2,1,0,1,54,1,53,0" doraHai="121" doraHaiUra="61" who="2" fromWho="2" sc="390,-22,254,-22,139,105,197,-41" /><INIT seed="4,0,0,1,3,107" ten="368,232,244,156" oya="0" hai0="48,4,55,105,97,34,90,26,24,79,70,106,38" hai1="41,15,117,87,8,91,125,64,98,56,29,88,7" hai2="86,118,28,13,66,100,73,37,131,132,116,63,27" hai3="126,44,93,114,3,82,10,89,11,17,78,61,12"/><T2/><D38/><U42/><E117/><N who="2" m="45163" /><F37/><W67/><G114/><T33/><D70/><U101/><E125/><V62/><F131/><W72/><G126/><T95/><D79/><U113/><E113/><V40/><F40/><W96/><G44/><T43/><D43/><U52/><E64/><V127/><F127/><W80/><G80/><T22/><D33/><U104/><E29/><V121/><F121/><W84/><G3/><T129/><D34/><U77/><E77/><V130/><F130/><W85/><REACH who="3" step="1"/><G11/><REACH who="3" ten="368,232,244,146" step="2"/><T19/><D2/><U102/><E102/><V115/><F100/><W65/><G65/><T47/><D129/><U57/><E57/><AGARI ba="0,1" hai="10,12,17,57,61,67,72,78,82,84,85,89,93,96" machi="57" ten="30,3900,0" yaku="1,1,7,1,52,1,53,0" doraHai="107" doraHaiUra="135" who="3" fromWho="1" sc="368,0,232,-39,244,0,146,49" /><INIT seed="5,0,0,4,1,9" ten="368,193,244,195" oya="1" hai0="27,62,61,4,8,54,3,5,28,81,109,52,77" hai1="123,30,42,133,29,132,102,119,131,2,82,72,57" hai2="73,26,23,51,55,37,25,124,39,38,94,121,24" hai3="111,91,80,114,1,112,66,105,45,20,6,76,84"/><U129/><E119/><V107/><F121/><W98/><G111/><T49/><D109/><U19/><E123/><V11/><F107/><W87/><G66/><T34/><D5/><U108/><E2/><V88/><F73/><N who="3" m="43023" /><G1/><T59/><REACH who="0" step="1"/><D54/><REACH who="0" ten="358,193,244,195" step="2"/><U12/><E108/><V106/><F55/><W90/><G6/><T134/><D134/><N who="1" m="51819" /><E42/><V46/><F124/><W17/><G112/><T95/><D95/><U53/><E102/><V50/><F94/><W103/><G114/><T44/><D44/><U63/><E82/><V41/><F46/><W89/><G45/><T122/><D122/><U99/><E99/><V125/><F41/><W78/><G98/><T100/><D100/><U113/><E113/><V0/><F125/><W79/><G103/><T36/><D36/><U13/><E72/><AGARI ba="0,1" hai="3,4,8,27,28,34,49,52,59,61,62,72,77,81" machi="72" ten="30,3900,0" yaku="1,1,7,1,54,1,53,0" doraHai="9" doraHaiUra="65" who="0" fromWho="1" sc="358,49,193,-39,244,0,195,0" /><INIT seed="6,0,0,5,3,77" ten="407,154,244,195" oya="2" hai0="66,37,60,133,50,100,122,57,74,118,6,107,36" hai1="106,22,8,16,45,111,104,18,21,117,121,96,27" hai2="119,68,63,102,3,11,91,126,132,33,56,79,75" hai3="34,93,0,42,72,14,135,120,39,24,28,52,19"/><V71/><F33/><W134/><G120/><T97/><D122/><U116/><E111/><V127/><F102/><W2/><G72/><T55/><D74/><U25/><E121/><V76/><F75/><W101/><G42/><T130/><D130/><U114/><E114/><V15/><F15/><W51/><G39/><T98/><D133/><N who="3" m="50697" /><G93/><T83/><D118/><U115/><E115/><V54/><F3/><W80/><G80/><T26/><D6/><U84/><E8/><V46/><F68/><W30/><G101/><T44/><D98/><U81/><E45/><V88/><F71/><W35/><G30/><T17/><REACH who="0" step="1"/><D83/><REACH who="0" ten="397,154,244,195" step="2"/><U90/><REACH who="1" step="1"/><E96/><REACH who="1" ten="397,144,244,195" step="2"/><V105/><F132/><W32/><G0/><T29/><D29/><U7/><E7/><V49/><F119/><AGARI ba="0,2" hai="16,18,21,22,25,27,81,84,90,104,106,116,117,119" machi="119" ten="40,8000,1" yaku="1,1,9,1,52,1,54,1,53,0" doraHai="77" doraHaiUra="10" who="1" fromWho="2" sc="397,0,144,100,244,-80,195,0" /><INIT seed="7,0,0,2,3,132" ten="397,244,164,195" oya="3" hai0="27,61,72,77,112,124,13,100,6,119,97,21,0" hai1="30,104,29,69,51,48,34,9,67,59,70,133,134" hai2="41,127,64,35,63,86,7,58,23,106,31,110,68" hai3="56,84,88,87,125,130,4,123,55,47,131,93,40"/><W32/><G123/><T49/><D119/><U116/><E104/><V28/><F110/><W73/><G73/><T117/><D117/><U120/><E120/><V128/><F106/><W17/><G32/><T24/><D0/><U81/><E116/><V79/><F128/><N who="3" m="49195" /><G4/><T113/><D124/><U115/><E115/><V19/><F35/><W42/><G125/><T94/><D61/><U118/><E118/><V126/><F31/><W105/><G105/><T33/><D33/><U99/><E99/><V111/><F28/><W37/><G17/><N who="0" m="10415" /><D6/><U18/><E81/><V43/><F111/><W74/><G40/><T10/><D10/><U82/><E82/><V54/><F7/><W122/><G74/><T22/><D22/><U129/><E129/><V71/><F71/><W50/><G122/><T109/><D109/><U26/><E30/><V25/><F43/><W16/><G16/><T98/><D98/><AGARI ba="0,0" hai="37,42,47,50,55,56,84,87,88,93,98" m="49195" machi="98" ten="30,2900,0" yaku="19,1,54,1" doraHai="132" who="3" fromWho="0" sc="397,-29,244,0,164,0,195,29" /><INIT seed="7,1,0,1,3,86" ten="368,244,164,224" oya="3" hai0="107,85,48,121,95,73,55,97,30,6,37,52,11" hai1="49,114,46,53,125,90,132,104,135,59,34,69,21" hai2="47,122,105,15,76,2,61,94,39,50,20,123,88" hai3="43,8,117,106,24,38,110,83,75,14,62,115,81"/><W68/><G117/><T5/><D37/><U1/><E69/><V70/><F2/><W42/><G115/><T23/><D73/><U82/><E34/><V130/><F105/><W64/><G106/><T56/><D107/><U127/><E1/><V129/><F39/><W120/><G120/><N who="2" m="46121" /><F76/><W108/><G24/><N who="0" m="16671" /><D121/><U128/><E104/><V134/><F134/><N who="1" m="51241" /><E114/><V33/><F33/><W3/><G3/><T93/><D11/><U28/><E128/><N who="2" m="49259" /><F15/><W44/><G43/><T78/><D55/><U41/><E28/><V89/><F20/><W67/><G67/><T40/><D40/><U18/><E82/><V10/><F10/><W72/><G81/><N who="0" m="47287" /><D93/><U74/><E74/><V17/><F17/><N who="3" m="8391" /><G83/><T116/><D116/><U31/><E31/><V109/><F109/><AGARI ba="1,0" hai="38,42,44,62,64,68,72,75,108,109,110" m="8391" machi="109" ten="30,1500,0" yaku="10,1" doraHai="86" who="3" fromWho="2" sc="368,0,244,0,164,-18,224,18" /><INIT seed="7,2,0,1,4,77" ten="368,244,146,242" oya="3" hai0="27,8,98,59,62,113,23,74,50,89,51,119,102" hai1="61,17,37,123,105,73,49,64,6,125,111,0,52" hai2="24,39,20,5,16,58,86,54,118,19,69,88,117" hai3="72,42,1,134,92,63,68,18,85,38,116,41,14"/><W75/><G1/><T106/><D119/><U7/><E111/><V25/><F69/><W90/><G116/><T95/><D113/><U103/><E37/><V78/><F39/><W132/><G63/><T128/><D128/><U94/><E105/><V53/><F78/><W44/><G42/><T101/><D74/><U15/><E123/><V4/><F117/><W133/><REACH who="3" step="1"/><G68/><REACH who="3" ten="368,244,146,232" step="2"/><T127/><D127/><U97/><E125/><V29/><F118/><W126/><G126/><T65/><D62/><U28/><E61/><N who="2" m="36047" /><F54/><W80/><G80/><T87/><D65/><U22/><E64/><V48/><F48/><W108/><G108/><T30/><D50/><U107/><E0/><V21/><F29/><W31/><G31/><T100/><D51/><U110/><E28/><V67/><F67/><W79/><G79/><T33/><D33/><U47/><E110/><V66/><F66/><W122/><G122/><T40/><D40/><U115/><E115/><V104/><F104/><W55/><G55/><T83/><D106/><U26/><E107/><V96/><F96/><W112/><G112/><T71/><D71/><U99/><E99/><V130/><F130/><W91/><G91/><N who="0" m="51711" /><D59/><U35/><E35/><V60/><F60/><W46/><G46/><T9/><AGARI ba="2,1" hai="8,9,23,27,30,89,95,98,100,101,102" m="51711" machi="9" ten="30,2000,0" yaku="8,1,52,1" doraHai="77" who="0" fromWho="0" sc="368,36,244,-7,146,-7,232,-12" owari="404,50.0,237,4.0,139,-36.0,220,-18.0" /></mjloggm>