<mjloggm ver="2.3"><GO type="169" lobby="0"/><UN n0="%6D%61%73%61%73%69%6F" n1="%E3%82%82%E3%82%84%E3%81%97%E3%82%82%E3%82%93" n2="%E5%B0%B1%E6%B4%BB%E7%94%9F%40%E5%B7%9D%E6%9D%91%E8%BB%8D%E5%9B%A3" n3="%E4%BA%BA%E7%94%9F%E3%83%95%E3%83%AB%E3%82%BC%E3%83%B3%E3%83%84" dan="16,16,17,16" rate="2115.12,2131.36,2254.77,2140.54" sx="F,F,M,M"/><TAIKYOKU oya="0"/><INIT seed="0,0,0,2,3,38" ten="250,250,250,250" oya="0" hai0="81,106,103,56,90,59,121,63,111,3,74,128,86" hai1="0,108,127,72,15,118,7,18,28,83,30,96,42" hai2="129,97,85,80,55,109,23,71,54,49,105,122,66" hai3="24,95,57,124,131,70,112,93,87,82,89,6,69"/><T26/><D121/><U79/><E118/><V123/><F129/><W68/><G112/><T10/><D128/><U120/><E120/><V29/><F109/><W27/><G131/><T116/><D116/><U34/><E108/><V37/><F37/><W43/><G124/><T4/><D111/><U35/><E127/><V119/><F119/><W20/><G6/><T33/><D74/><U132/><E132/><V47/><F71/><W13/><G13/><T22/><D33/><U53/><E53/><V135/><F135/><W8/><G8/><T101/><D106/><U76/><E76/><V100/><F66/><W114/><G114/><T17/><REACH who="0" step="1"/><D59/><REACH who="0" ten="240,250,250,250" step="2"/><U61/><E34/><V64/><F122/><W73/><G73/><T133/><D133/><U92/><E35/><V130/><F123/><W110/><G110/><T25/><D25/><U84/><E72/><V46/><F130/><W62/><G27/><T60/><D60/><U52/><E61/><V19/><F64/><AGARI ba="0,1" hai="3,4,10,17,22,26,56,63,64,81,86,90,101,103" machi="64" ten="30,5800,0" yaku="1,1,7,1,53,1" doraHai="38" doraHaiUra="12" who="0" fromWho="2" sc="240,68,250,0,250,-58,250,0" /><INIT seed="0,1,0,5,2,124" ten="308,250,192,250" oya="0" hai0="44,21,29,6,45,70,69,80,113,110,131,8,62" hai1="102,3,76,41,34,35,100,90,117,4,56,65,89" hai2="43,81,23,88,28,72,95,125,57,121,135,112,85" hai3="73,106,61,126,0,20,51,133,10,120,114,26,67"/><T68/><D113/><U39/><E117/><V118/><F121/><W63/><G114/><T115/><D115/><U122/><E122/><V53/><F112/><W17/><G73/><T16/><D29/><U54/><E65/><V1/><F1/><W71/><G120/><T83/><D110/><U11/><E76/><V58/><F125/><W130/><G106/><T18/><D62/><U19/><E39/><V46/><F135/><W5/><G126/><T14/><D131/><U116/><E41/><V25/><F118/><W111/><G111/><T127/><D127/><U109/><E109/><V22/><F22/><W94/><G133/><T7/><D18/><U64/><E64/><V99/><F53/><W87/><G61/><T37/><D6/><U96/><E116/><V92/><F92/><W82/><G94/><T103/><D103/><U91/><E19/><V74/><F74/><W9/><G9/><T13/><REACH who="0" step="1"/><D37/><REACH who="0" ten="298,250,192,250" step="2"/><U79/><E102/><V48/><REACH who="2" step="1"/><F72/><REACH who="2" ten="298,250,182,250" step="2"/><W40/><G63/><T97/><D97/><U86/><E96/><V128/><F128/><W66/><G87/><T30/><D30/><U27/><E86/><V59/><F59/><W132/><G130/><T52/><D52/><U55/><E54/><V105/><F105/><W31/><G132/><T60/><D60/><U78/><E35/><V33/><F33/><W77/><G67/><T42/><D42/><U123/><E123/><V47/><F47/><AGARI ba="1,2" hai="7,8,13,14,16,21,44,45,47,68,69,70,80,83" machi="47" ten="40,3900,0" yaku="1,1,54,1,53,0" doraHai="124" doraHaiUra="49" who="0" fromWho="2" sc="298,62,250,0,182,-42,250,0" /><INIT seed="0,2,0,3,1,116" ten="360,250,140,250" oya="0" hai0="31,112,37,73,87,81,80,109,3,43,90,61,40" hai1="64,20,0,70,68,49,39,35,59,113,85,65,107" hai2="4,124,30,117,18,63,94,89,17,101,28,53,118" hai3="12,14,5,42,36,62,114,106,50,82,123,54,41"/><T23/><D3/><U24/><E35/><V103/><F124/><W19/><G106/><T97/><D112/><U128/><E113/><V83/><F83/><W108/><G114/><T95/><D109/><U9/><E39/><V8/><F63/><W56/><G108/><T2/><D2/><U129/><E107/><V110/><F53/><W6/><G36/><T75/><D80/><U135/><E135/><V71/><F71/><W88/><G14/><T119/><D119/><N who="2" m="45578" /><F110/><W72/><G72/><T46/><D43/><U96/><E96/><N who="2" m="57423" /><F18/><W1/><G1/><T47/><D47/><U104/><E104/><V98/><F17/><W57/><G42/><T15/><D61/><N who="1" m="37951" /><E85/><V127/><F127/><W22/><G123/><T45/><D45/><U67/><E49/><V134/><F134/><W86/><REACH who="3" step="1"/><G41/><REACH who="3" ten="360,250,140,240" step="2"/><T78/><D15/><U76/><E0/><N who="2" m="7" /><F103/><W33/><G33/><T52/><D75/><U125/><E125/><V91/><F91/><W26/><G26/><N who="0" m="16863" /><D73/><U131/><E76/><V99/><F101/><W74/><G74/><T79/><D40/><U130/><E130/><V13/><F13/><W51/><G51/><N who="0" m="28791" /><D37/><U25/><E24/><V44/><F44/><W105/><G105/><T120/><D120/><U60/><E9/><V115/><F115/><W38/><G38/><T92/><D78/><U111/><E111/><V7/><F7/><W122/><G122/><T132/><D132/><U102/><E102/><V16/><F98/><W121/><G121/><T66/><D97/><U21/><E25/><V133/><F99/><W11/><G11/><T10/><D10/><RYUUKYOKU ba="2,1" sc="360,-15,250,15,140,-15,240,15" hai1="20,21,60,65,67,68,70,128,129,131" hai3="5,6,12,19,22,50,54,56,57,62,82,86,88" /><INIT seed="1,3,1,2,0,111" ten="345,265,125,255" oya="1" hai0="43,61,109,128,12,1,26,8,116,122,51,36,107" hai1="0,25,23,11,85,57,13,56,75,2,129,130,89" hai2="17,86,59,24,131,88,87,110,119,94,55,70,4" hai3="133,41,93,98,60,92,115,95,82,120,108,35,68"/><U30/><E75/><V45/><F110/><W135/><G108/><T22/><D128/><N who="1" m="49259" /><E56/><V66/><F131/><W78/><G35/><T134/><D61/><U132/><E57/><V46/><F119/><W28/><G28/><T121/><D51/><U6/><E132/><N who="3" m="50762" /><G41/><T81/><D81/><AGARI ba="3,1" hai="0,2,6,11,13,23,25,30,81,85,89" m="49259" machi="81" ten="30,1500,0" yaku="19,1" doraHai="111" who="1" fromWho="0" sc="345,-24,265,34,125,0,255,0" /><INIT seed="1,4,0,2,4,22" ten="321,299,125,255" oya="1" hai0="69,67,89,118,37,92,87,126,102,14,0,13,57" hai1="84,5,33,38,40,116,114,64,42,9,75,130,131" hai2="43,65,85,82,35,76,86,36,55,124,49,59,119" hai3="98,104,1,48,99,20,134,128,120,79,80,72,95"/><U32/><E75/><V11/><F119/><W103/><G120/><T117/><D0/><U112/><E116/><V68/><F124/><W12/><G1/><T7/><D37/><U110/><E64/><V27/><F11/><W122/><G122/><T2/><D126/><U15/><E84/><V127/><F127/><W58/><G134/><T101/><D69/><U30/><E38/><V45/><F85/><W19/><G128/><N who="1" m="49194" /><E110/><V51/><F51/><W18/><G48/><T70/><D70/><U17/><E30/><V60/><F35/><N who="1" m="13385" /><E42/><V111/><F111/><W132/><G132/><T52/><D67/><U115/><E40/><V125/><F125/><W28/><G58/><T73/><D57/><U77/><E77/><V3/><F3/><W21/><G28/><T56/><D2/><U129/><N who="1" m="49202" /><U34/><N who="1" m="13393" /><DORA hai="63" /><U105/><DORA hai="96" /><E105/><V93/><F93/><W54/><G54/><T6/><D73/><U107/><E107/><V71/><F71/><W29/><G29/><T133/><D133/><U25/><E25/><AGARI ba="4,0" hai="25,27,36,43,45,49,55,59,60,65,68,76,82,86" machi="25" ten="40,8000,1" yaku="24,2,52,3" doraHai="22,63,96" who="2" fromWho="1" sc="321,0,299,-92,125,92,255,0" /><INIT seed="2,0,0,3,1,9" ten="321,207,217,255" oya="2" hai0="23,119,83,54,25,88,19,40,91,12,37,27,15" hai1="50,60,29,79,77,84,55,65,6,98,126,133,132" hai2="30,121,47,56,103,100,8,14,49,94,43,58,112" hai3="51,62,13,31,96,101,85,28,0,76,114,20,129"/><V135/><F112/><W109/><G109/><T18/><D119/><U70/><E126/><V128/><F121/><W17/><G0/><T24/><D37/><U111/><E111/><V99/><F135/><N who="1" m="51785" /><E29/><V115/><F115/><W2/><G2/><T87/><D40/><U26/><E26/><V57/><F128/><W92/><G129/><T106/><D106/><U66/><E66/><V78/><F78/><W1/><G1/><T16/><D54/><U108/><E108/><V72/><F72/><W10/><G114/><T74/><D74/><U120/><E120/><V44/><F44/><W117/><G117/><T107/><D107/><U63/><E63/><V131/><F131/><W53/><G62/><T73/><D73/><U3/><E84/><V39/><F30/><W123/><G123/><T45/><D45/><N who="1" m="28111" /><E98/><V38/><REACH who="2" step="1"/><F100/><REACH who="2" ten="321,207,207,255" step="2"/><W41/><G28/><T104/><D104/><U67/><E77/><V81/><F81/><N who="3" m="47271" /><G31/><T71/><D71/><U7/><E79/><V89/><F89/><W82/><G82/><T124/><D124/><U61/><E3/><V127/><F127/><W34/><G34/><T48/><D91/><U4/><E7/><AGARI ba="0,1" hai="7,8,14,38,39,43,47,49,56,57,58,94,99,103" machi="7" ten="40,12000,1" yaku="1,1,52,1,53,2" doraHai="9" doraHaiUra="69" who="2" fromWho="1" sc="321,0,207,-120,207,130,255,0" /><INIT seed="2,1,0,3,5,43" ten="321,87,337,255" oya="2" hai0="105,134,99,61,36,69,9,63,88,101,33,123,59" hai1="54,82,60,132,26,41,74,1,112,16,124,92,87" hai2="103,126,72,45,84,117,79,32,97,102,20,0,12" hai3="39,22,120,56,111,49,53,95,90,27,66,64,10"/><V110/><F117/><W68/><G111/><T13/><D123/><U48/><E112/><V42/><F32/><W34/><G120/><T94/><D134/><U50/><E132/><V55/><F0/><W109/><G109/><T3/><D33/><U73/><E124/><V19/><F72/><W71/><G34/><T21/><D36/><U104/><E104/><V75/><F75/><W121/><G121/><T62/><D69/><U65/><E1/><V130/><F130/><W98/><G39/><T81/><D3/><U96/><E41/><V4/><F4/><W70/><REACH who="3" step="1"/><G10/><REACH who="3" ten="321,87,337,245" step="2"/><T114/><D114/><U89/><E73/><V107/><F110/><W28/><AGARI ba="1,1" hai="22,27,28,49,53,56,64,66,68,70,71,90,95,98" machi="28" ten="30,7900,0" yaku="1,1,2,1,0,1,53,1" doraHai="43" doraHaiUra="91" who="3" fromWho="3" sc="321,-21,87,-21,337,-40,245,92" /><INIT seed="3,0,0,1,0,55" ten="300,66,297,337" oya="3" hai0="65,22,123,119,86,116,59,1,31,51,82,18,64" hai1="95,99,67,20,28,56,96,76,43,127,39,121,115" hai2="104,14,84,42,135,78,15,45,54,41,6,97,11" hai3="71,49,94,72,53,7,2,88,112,124,35,48,93"/><W134/><G112/><T102/><D1/><U32/><E115/><V103/><F135/><W73/><G71/><T69/><D123/><U74/><E121/><V62/><F78/><W5/><G35/><T33/><D102/><U30/><E127/><V125/><F125/><W52/><G124/><T23/><D69/><U61/><E32/><V111/><F111/><W58/><G134/><T17/><D31/><U81/><E96/><V12/><F84/><W117/><G117/><T19/><D33/><U114/><E114/><V36/><F42/><W70/><G70/><T13/><D116/><U37/><E43/><V92/><F104/><W126/><G126/><T68/><D68/><U100/><REACH who="1" step="1"/><E30/><REACH who="1" ten="300,56,297,337" step="2"/><V108/><F108/><W91/><G2/><T29/><D119/><U128/><E128/><V57/><AGARI ba="0,1" hai="6,11,12,14,15,36,41,45,54,57,62,92,97,103" machi="57" ten="30,2000,0" yaku="0,1,52,1" doraHai="55" who="2" fromWho="2" sc="300,-5,56,-5,297,30,337,-10" /><INIT seed="4,0,0,3,3,75" ten="295,51,327,327" oya="0" hai0="113,108,56,38,6,74,32,104,84,51,120,115,3" hai1="68,127,116,103,101,39,83,69,73,128,90,37,81" hai2="19,99,60,0,5,86,78,31,30,22,4,42,71" hai3="107,47,131,82,11,15,95,132,34,134,70,27,88"/><T63/><D38/><U28/><E73/><V18/><F0/><W50/><G70/><T72/><D32/><U58/><E28/><N who="2" m="10795" /><F71/><W97/><G34/><T85/><D104/><U67/><E67/><V91/><F42/><W55/><G27/><T133/><D120/><U87/><E58/><V129/><F129/><W123/><G123/><T118/><D118/><U65/><E65/><V121/><F121/><W25/><G25/><T98/><D98/><U76/><E76/><V52/><F99/><W33/><G33/><T7/><D51/><U124/><E87/><V106/><F78/><W16/><G131/><T94/><D56/><U111/><E128/><V40/><F40/><W114/><G114/><T48/><D48/><U2/><E2/><V135/><F106/><W41/><G107/><T130/><D3/><U1/><E1/><V125/><F125/><W29/><G29/><T126/><D130/><U119/><REACH who="1" step="1"/><E90/><REACH who="1" ten="295,41,327,327" step="2"/><V62/><F91/><W43/><G82/><T57/><D57/><U10/><E10/><V66/><F86/><W44/><REACH who="3" step="1"/><G55/><REACH who="3" ten="295,41,327,317" step="2"/><T96/><D113/><U13/><E13/><V20/><F52/><W100/><G100/><T46/><D115/><U79/><E79/><V21/><F66/><W26/><G26/><T35/><D35/><U102/><E102/><V12/><F12/><W59/><G59/><T122/><D122/><U17/><E17/><V110/><F19/><W54/><G54/><T117/><D7/><U9/><E9/><V92/><F18/><W23/><G23/><T49/><D6/><N who="2" m="2666" /><F21/><W77/><G77/><T45/><D72/><RYUUKYOKU ba="0,2" sc="295,-15,41,15,327,-15,317,15" hai1="37,39,68,69,81,83,101,103,111,116,119,124,127" hai3="11,15,16,41,43,44,47,50,88,95,97,132,134" /><INIT seed="5,1,2,3,3,125" ten="280,56,312,332" oya="1" hai0="74,65,6,5,62,64,71,23,115,2,34,9,17" hai1="16,54,131,59,112,26,31,10,19,79,0,81,40" hai2="103,116,29,37,87,90,100,33,69,22,13,76,45" hai3="15,119,70,73,18,80,88,38,120,89,47,111,96"/><U105/><E112/><V66/><F33/><W4/><G111/><T27/><D115/><U55/><E105/><V51/><F116/><W134/><G70/><T49/><D74/><U107/><E107/><V56/><F37/><W78/><G119/><T39/><D39/><U126/><E126/><V68/><F76/><W93/><G120/><T102/><D102/><U48/><E40/><N who="2" m="24999" /><F68/><W113/><G113/><T60/><D49/><U82/><E131/><V46/><F69/><W50/><G134/><T98/><D98/><U91/><E91/><V117/><F46/><W127/><G4/><T129/><D6/><U36/><E36/><V135/><F135/><W12/><G127/><T8/><D8/><U14/><E0/><V83/><F117/><W44/><G38/><T43/><D43/><U21/><E55/><V52/><F66/><W25/><G89/><T35/><REACH who="0" step="1"/><D129/><REACH who="0" ten="270,56,312,332" step="2"/><U86/><REACH who="1" step="1"/><E82/><REACH who="1" ten="270,46,312,332" step="2"/><V123/><F123/><W42/><G80/><T95/><D95/><U63/><E63/><N who="2" m="36231" /><F103/><W108/><G50/><T121/><D121/><U41/><E41/><V114/><F114/><W7/><G42/><T61/><D61/><U20/><E20/><V124/><F124/><W58/><G93/><T118/><D118/><U132/><E132/><V84/><F100/><W1/><G47/><T57/><AGARI ba="1,4" hai="2,5,9,17,23,27,34,35,57,60,62,64,65,71" machi="57" ten="20,2700,0" yaku="1,1,0,1,7,1,53,0" doraHai="125" doraHaiUra="128" who="0" fromWho="0" sc="270,70,46,-14,312,-8,332,-8" /><INIT seed="6,0,0,4,5,96" ten="340,32,304,324" oya="2" hai0="12,18,19,64,82,45,36,27,47,125,40,84,44" hai1="95,89,123,127,3,28,129,92,97,87,71,51,7" hai2="1,70,86,72,133,106,91,73,0,93,81,58,33" hai3="122,46,60,24,77,54,11,6,126,85,39,68,78"/><V124/><F70/><W29/><G122/><T69/><D125/><U62/><E127/><V30/><F106/><W67/><G126/><T15/><D69/><U107/><E129/><V121/><F121/><W61/><G85/><T38/><D64/><U56/><E123/><V16/><F124/><W37/><G37/><T80/><D27/><U94/><E71/><V66/><F133/><W114/><G114/><T104/><D104/><U4/><E28/><V110/><F110/><W32/><G61/><T63/><D63/><U22/><E51/><V52/><F66/><W134/><G134/><T13/><D40/><U21/><E107/><V43/><F43/><W116/><G116/><T10/><D82/><U14/><E3/><V101/><F72/><W98/><G98/><T119/><D119/><U112/><E112/><V59/><F59/><W50/><REACH who="3" step="1"/><G39/><REACH who="3" ten="340,32,304,314" step="2"/><T8/><REACH who="0" step="1"/><D12/><AGARI ba="0,1" hai="6,11,12,24,29,32,46,50,54,60,67,68,77,78" machi="12" ten="30,3900,0" yaku="1,1,2,1,7,1,53,0" doraHai="96" doraHaiUra="115" who="3" fromWho="0" sc="340,-39,32,0,304,0,314,49" /><INIT seed="7,0,0,3,1,109" ten="301,32,304,363" oya="3" hai0="11,127,47,120,9,29,58,19,21,74,111,28,77" hai1="4,90,85,18,88,12,38,32,106,37,104,94,41" hai2="30,114,71,99,113,123,110,128,101,115,14,45,25" hai3="118,49,23,135,107,6,83,76,89,34,56,61,1"/><W72/><G34/><T57/><D111/><U126/><E126/><V22/><F110/><W70/><G118/><T73/><D77/><U16/><E32/><V36/><F128/><W62/><G107/><T17/><D47/><U53/><E4/><V91/><F71/><W122/><G122/><T116/><D21/><U100/><E100/><V131/><F131/><W0/><G135/><T65/><D65/><U103/><E103/><V75/><F75/><W44/><G70/><T132/><D132/><U8/><E18/><V55/><F123/><W92/><G23/><T82/><D82/><U80/><E38/><V46/><F36/><W95/><G6/><T86/><D86/><U39/><E37/><V59/><F14/><W93/><G89/><T117/><REACH who="0" step="1"/><D120/><REACH who="0" ten="291,32,304,363" step="2"/><U108/><E108/><V121/><F121/><W102/><G83/><T60/><D60/><U26/><E26/><V43/><F43/><W31/><G76/><T129/><D129/><U40/><E39/><V130/><F130/><W63/><G62/><T48/><D48/><U66/><E66/><V54/><F91/><W124/><G63/><T35/><D35/><U134/><E134/><V13/><F13/><W112/><G61/><T15/><D15/><U24/><E24/><V27/><F27/><W52/><G49/><T5/><D5/><U133/><E133/><V125/><F125/><AGARI ba="0,1" hai="9,11,17,19,28,29,57,58,73,74,116,117,125,127" machi="125" ten="25,3200,0" yaku="1,1,22,2,53,0" doraHai="109" doraHaiUra="33" who="0" fromWho="2" sc="291,42,32,0,304,-32,363,0" owari="333,13.0,32,-47.0,272,-13.0,363,47.0" /></mjloggm>