<mjloggm ver="2.3"><GO type="169" lobby="0"/><UN n0="%63%75%72%65%74%61%70%65" n1="%67%61%72%75%63%69%61" n2="%E5%8D%97%E6%98%9F%E6%98%8E%E6%97%A5%E6%AD%A9" n3="%E5%B0%B1%E6%B4%BB%E7%94%9F%40%E5%B7%9D%E6%9D%91%E8%BB%8D%E5%9B%A3" dan="16,16,18,17" rate="2101.59,2193.85,2214.10,2217.04" sx="M,M,M,M"/><TAIKYOKU oya="0"/><INIT seed="0,0,0,0,2,34" ten="250,250,250,250" oya="0" hai0="50,135,25,73,21,37,134,130,23,88,104,63,101" hai1="41,102,105,18,8,64,48,20,131,84,80,106,57" hai2="14,52,67,22,69,5,51,91,29,19,76,7,45" hai3="79,1,122,17,107,72,10,0,61,93,82,87,9"/><T109/><D73/><U97/><E131/><V68/><F76/><W26/><G107/><T115/><D115/><U103/><E8/><V56/><F29/><W126/><G122/><T81/><D37/><U30/><E30/><V39/><F69/><W31/><G126/><T66/><D130/><U123/><E123/><V11/><F22/><W120/><G120/><T119/><D119/><U28/><E28/><V83/><F68/><W40/><G40/><T121/><D121/><U27/><E41/><V118/><F118/><W100/><G61/><T90/><D109/><U116/><E116/><V59/><F39/><W47/><G47/><T133/><D50/><U92/><E103/><V15/><F67/><W71/><G71/><N who="0" m="42463" /><D81/><U78/><REACH who="1" step="1"/><E64/><REACH who="1" ten="250,240,250,250" step="2"/><V70/><F70/><W111/><G111/><T36/><D101/><U125/><E125/><V35/><F35/><W117/><G117/><T114/><D114/><U53/><AGARI ba="0,1" hai="18,20,27,48,53,57,78,80,84,92,97,102,105,106" machi="53" ten="30,2000,0" yaku="1,1,0,1,53,0" doraHai="34" doraHaiUra="127" who="1" fromWho="1" sc="250,-10,240,30,250,-5,250,-5" /><INIT seed="1,0,0,3,0,107" ten="240,270,245,245" oya="1" hai0="94,102,86,75,25,110,63,32,17,131,88,7,39" hai1="37,16,81,57,132,48,101,89,50,111,27,70,123" hai2="67,49,30,9,77,11,120,2,36,127,23,103,38" hai3="46,61,13,97,59,3,85,76,55,90,133,6,109"/><U72/><E70/><V73/><F120/><W52/><G133/><T60/><D39/><U126/><E37/><V15/><F103/><W105/><G3/><T24/><D110/><U26/><E123/><V116/><F116/><W58/><G109/><T93/><D131/><U117/><E111/><V35/><F127/><W99/><G105/><T115/><D115/><U69/><E69/><V41/><F67/><W10/><G76/><T18/><D7/><U0/><E0/><V74/><F77/><W95/><REACH who="3" step="1"/><G46/><REACH who="3" ten="240,270,245,235" step="2"/><T135/><D135/><U113/><E132/><V128/><F2/><W118/><G118/><T83/><D32/><U5/><E117/><V28/><F35/><W42/><G42/><T104/><D104/><U66/><E113/><V64/><F41/><W29/><G29/><T108/><D108/><U130/><E130/><V91/><F128/><W33/><G33/><T44/><D44/><U100/><E126/><V98/><F30/><W122/><G122/><T65/><D18/><U12/><E16/><V1/><F28/><W51/><AGARI ba="0,1" hai="6,10,13,51,52,55,58,59,61,85,90,95,97,99" machi="51" ten="20,12000,2" yaku="1,1,0,1,7,1,8,1,54,1,53,1" doraHai="107" doraHaiUra="80" who="3" fromWho="3" sc="240,-30,270,-60,245,-30,235,130" /><INIT seed="2,0,0,1,0,112" ten="210,210,215,365" oya="2" hai0="116,83,80,11,4,10,76,131,78,135,27,96,1" hai1="104,47,67,114,2,117,15,17,50,42,64,44,90" hai2="123,103,38,63,20,53,106,35,70,126,36,21,31" hai3="41,30,71,127,101,32,49,122,94,134,84,107,74"/><V7/><F123/><W68/><G122/><T102/><D131/><U132/><E2/><V33/><F20/><W100/><G74/><T52/><D135/><U97/><E117/><V72/><F21/><W23/><G32/><T46/><D27/><U18/><E114/><V8/><F72/><W108/><G108/><T62/><D116/><U119/><E119/><V111/><F53/><W66/><G107/><T0/><D96/><U87/><E132/><V37/><F126/><W89/><G127/><T13/><D102/><U120/><E120/><V57/><F57/><W25/><G134/><T130/><D130/><U69/><E69/><V14/><F111/><W34/><G34/><T55/><D13/><U58/><E18/><V45/><F45/><W43/><G71/><T92/><D92/><N who="1" m="56471" /><E104/><V75/><F75/><W113/><G113/><T129/><D129/><U51/><E58/><V60/><F31/><W29/><G29/><T12/><D12/><U73/><E87/><V86/><F86/><W77/><G77/><T16/><D46/><U19/><E19/><V105/><F105/><W99/><G101/><T128/><D128/><U6/><E6/><V54/><F70/><W39/><G39/><T56/><D56/><U24/><E24/><V95/><F106/><W28/><G28/><T115/><D115/><U3/><E3/><V61/><REACH who="2" step="1"/><F54/><REACH who="2" ten="210,210,205,365" step="2"/><W40/><G68/><T88/><D55/><N who="1" m="30151" /><E73/><V110/><F110/><W93/><G66/><T124/><D124/><U118/><E118/><V26/><F26/><W85/><G85/><T79/><D1/><U48/><E48/><AGARI ba="0,1" hai="23,25,30,40,41,43,48,49,84,89,93,94,99,100" machi="48" ten="40,2600,0" yaku="6,1,8,1" doraHai="112" who="3" fromWho="1" sc="210,0,210,-26,205,0,365,36" /><INIT seed="3,0,0,1,5,67" ten="210,184,205,401" oya="3" hai0="82,16,128,3,74,39,100,79,77,102,1,0,49" hai1="20,59,125,76,116,115,26,61,46,97,93,114,103" hai2="109,112,84,42,133,75,45,25,15,119,60,22,87" hai3="2,18,36,28,27,4,106,135,86,69,129,9,113"/><W107/><G36/><T105/><D39/><U57/><E125/><V37/><F112/><W89/><G113/><T96/><D128/><U23/><E116/><V85/><F119/><W127/><G127/><T134/><D134/><U126/><E126/><V53/><F133/><W55/><G135/><T52/><D102/><U41/><E76/><V94/><F75/><W38/><G38/><T48/><D79/><U54/><E59/><V64/><F109/><W118/><G118/><T50/><REACH who="0" step="1"/><D16/><REACH who="0" ten="200,184,205,401" step="2"/><N who="1" m="12551" /><E23/><V11/><F22/><W35/><G129/><T19/><D19/><U131/><E131/><V14/><F25/><W120/><G120/><T90/><D90/><U34/><E34/><V63/><F11/><W51/><G18/><T121/><D121/><U130/><E130/><V110/><F110/><W44/><REACH who="3" step="1"/><G69/><REACH who="3" ten="200,184,205,391" step="2"/><T62/><D62/><U58/><E115/><V132/><F132/><W71/><G71/><T43/><D43/><U88/><E114/><V70/><F63/><W72/><G72/><T40/><D40/><U78/><E78/><V8/><F42/><W81/><AGARI ba="0,2" hai="2,4,9,27,28,35,44,51,55,81,86,89,106,107" machi="81" ten="20,7800,0" yaku="1,1,0,1,7,1,53,1" doraHai="67" doraHaiUra="80" who="3" fromWho="3" sc="200,-26,184,-26,205,-26,391,98" /><INIT seed="3,1,0,2,0,46" ten="174,158,179,489" oya="3" hai0="77,52,24,126,26,50,133,90,88,116,3,80,112" hai1="134,23,96,45,68,127,75,123,81,94,38,87,91" hai2="15,4,1,40,48,60,20,55,135,73,17,119,114" hai3="39,65,106,10,59,72,128,29,0,71,70,129,54"/><W18/><G106/><T93/><D116/><U86/><E68/><V121/><F114/><W132/><G72/><T58/><D3/><U62/><E123/><V108/><F119/><W16/><G29/><T100/><D112/><U27/><E127/><V42/><F73/><W28/><G28/><T124/><D133/><U31/><E134/><V51/><F121/><W99/><G39/><T125/><D100/><U89/><E75/><V49/><F135/><W53/><G132/><T115/><D115/><U131/><E131/><N who="3" m="50250" /><G99/><N who="0" m="57767" /><D90/><U13/><E38/><V2/><F108/><W69/><G65/><T83/><D83/><U36/><E36/><V120/><F120/><W37/><G37/><T64/><D64/><U105/><E105/><V56/><REACH who="2" step="1"/><F4/><REACH who="2" ten="174,158,169,489" step="2"/><N who="3" m="1287" /><G53/><T57/><D57/><U84/><E62/><AGARI ba="1,1" hai="16,18,54,59,62,69,70,71" m="1287,50250" machi="62" ten="40,3900,0" yaku="19,1,54,1" doraHai="46" who="3" fromWho="1" sc="174,0,158,-42,169,0,489,52" /><INIT seed="3,2,0,0,2,25" ten="174,116,169,541" oya="3" hai0="51,55,134,22,56,54,57,132,89,104,43,8,3" hai1="87,122,119,47,68,70,37,106,39,63,69,113,85" hai2="128,10,59,65,78,64,110,86,124,80,98,18,32" hai3="66,90,9,30,67,100,123,126,62,77,19,5,50"/><W20/><G123/><T118/><D118/><U76/><E122/><V111/><F32/><W112/><G126/><T52/><D104/><U41/><E113/><V11/><F124/><W35/><G112/><T7/><D89/><U135/><E119/><V115/><F115/><W125/><G125/><T99/><D99/><U102/><E135/><N who="0" m="51753" /><D22/><U36/><E63/><N who="2" m="38015" /><F65/><W75/><G100/><T15/><D3/><U73/><E73/><V101/><F18/><W121/><G121/><T94/><D94/><U46/><E76/><V29/><F29/><W127/><G127/><T83/><D83/><U82/><E82/><V27/><F27/><W91/><G77/><T49/><D43/><U38/><REACH who="1" step="1"/><E47/><REACH who="1" ten="174,106,169,541" step="2"/><V34/><F80/><W93/><G62/><T48/><AGARI ba="2,1" hai="7,8,15,48,49,51,52,54,55,56,57" m="51753" machi="48" ten="40,2700,0" yaku="20,1,54,1" doraHai="25" who="0" fromWho="0" sc="174,43,106,-9,169,-9,541,-15" /><INIT seed="4,0,0,0,2,51" ten="217,97,160,526" oya="0" hai0="83,68,134,29,66,73,33,80,44,129,135,117,105" hai1="18,101,81,67,128,127,46,65,76,43,109,111,34" hai2="30,91,94,88,123,24,2,31,95,112,122,47,69" hai3="32,108,41,26,119,93,103,77,130,0,104,99,56"/><T78/><D117/><U75/><E127/><V11/><F69/><W36/><G119/><T40/><D129/><U62/><E34/><V58/><F112/><W110/><G130/><T102/><D83/><U70/><E18/><V23/><F31/><W133/><G0/><T35/><D29/><U50/><E128/><V3/><F47/><W74/><G133/><N who="0" m="50699" /><D66/><U106/><E67/><V96/><F58/><W125/><G125/><T8/><D8/><U39/><REACH who="1" step="1"/><E50/><REACH who="1" ten="217,87,160,526" step="2"/><V20/><F20/><W15/><G32/><T98/><D68/><U25/><E25/><V21/><F21/><W12/><G26/><T49/><AGARI ba="0,1" hai="33,35,40,44,49,73,78,80,98,102,105" m="50699" machi="49" ten="30,1500,0" yaku="20,1" doraHai="51" who="0" fromWho="0" sc="217,25,87,-5,160,-5,526,-5" /><INIT seed="4,1,0,4,3,60" ten="242,82,155,521" oya="0" hai0="120,9,11,82,16,64,111,43,20,49,135,134,42" hai1="69,0,67,114,54,66,132,90,119,77,27,55,103" hai2="93,47,116,65,105,115,6,124,85,34,102,21,5" hai3="15,89,57,125,86,68,130,79,56,83,29,10,58"/><T25/><D120/><U81/><E119/><V131/><F34/><W3/><G130/><T97/><D111/><U17/><E0/><V40/><F105/><W26/><G125/><T87/><D97/><U100/><E69/><V92/><F124/><W35/><G68/><T48/><D11/><U39/><E39/><V70/><F131/><W106/><G106/><T13/><D64/><N who="1" m="24619" /><E132/><N who="0" m="50729" /><D43/><U4/><E4/><V12/><F116/><W23/><G35/><T59/><D42/><U129/><E129/><V1/><F1/><W99/><G3/><T101/><D59/><U18/><E77/><V71/><F71/><W33/><G33/><T14/><D101/><N who="1" m="38987" /><E114/><V84/><F115/><W28/><G99/><T123/><D123/><U133/><E133/><V7/><F70/><W45/><G45/><T36/><D36/><U128/><E128/><V8/><F65/><W104/><G104/><T121/><D121/><U76/><E76/><V75/><F102/><W30/><G79/><N who="0" m="46559" /><D14/><U112/><E112/><V51/><F75/><W53/><G53/><N who="1" m="19978" /><E27/><V24/><F5/><AGARI ba="1,0" hai="5,10,15,23,26,28,29,30,56,57,58,83,86,89" machi="5" ten="40,1300,0" yaku="8,1" doraHai="60" who="3" fromWho="2" sc="242,0,82,0,155,-16,521,16" /><AGARI ba="1,0" hai="5,9,13,16,20,25,48,49" m="46559,50729" machi="5" ten="30,2900,0" yaku="20,1,54,1" doraHai="60" who="0" fromWho="2" sc="242,29,82,0,139,-29,537,0" /><INIT seed="4,2,0,1,2,56" ten="271,82,110,537" oya="0" hai0="9,46,116,33,14,102,110,101,6,61,89,19,29" hai1="39,132,53,51,42,114,78,22,0,121,4,75,92" hai2="52,12,67,11,23,17,84,100,109,130,58,69,7" hai3="117,45,47,57,103,96,95,28,127,79,128,107,90"/><T126/><D116/><U86/><E121/><V94/><F109/><W106/><G117/><T74/><D74/><U41/><E39/><V20/><F130/><W118/><G118/><T2/><D110/><U25/><E132/><V54/><F69/><W113/><G113/><T13/><D126/><U120/><E120/><V99/><F84/><W31/><G127/><T1/><D1/><U66/><E75/><V59/><F67/><W68/><G68/><T123/><D123/><U108/><E108/><V73/><F73/><W77/><G128/><T125/><D125/><U81/><E114/><V3/><F3/><W40/><G107/><T112/><D112/><U122/><E122/><V70/><F70/><W30/><G57/><T21/><D14/><U8/><E66/><V124/><F124/><W18/><G18/><T26/><D46/><U105/><E92/><V115/><F115/><W82/><G45/><T97/><D61/><U72/><E105/><V55/><F59/><W32/><G32/><T88/><D102/><U83/><E83/><V15/><F58/><W38/><REACH who="3" step="1"/><G82/><REACH who="3" ten="271,82,110,527" step="2"/><T43/><REACH who="0" step="1"/><D43/><REACH who="0" ten="261,82,110,527" step="2"/><U131/><E131/><V98/><F7/><W91/><G91/><T76/><D76/><U111/><E111/><V34/><F55/><W62/><G62/><T50/><D50/><U35/><E41/><V64/><F52/><W93/><G93/><AGARI ba="2,2" hai="2,6,9,13,19,21,26,29,33,88,89,93,97,101" machi="93" ten="30,12000,1" yaku="1,1,7,1,24,2,54,1,53,0" doraHai="56" doraHaiUra="119" who="0" fromWho="3" sc="261,146,82,0,110,0,527,-126" /><INIT seed="4,3,0,1,3,81" ten="407,82,110,401" oya="0" hai0="35,30,131,57,65,129,17,34,25,72,132,108,48" hai1="104,55,50,14,64,68,63,111,89,80,95,109,97" hai2="39,40,10,106,19,125,60,12,92,84,135,107,13" hai3="16,110,83,100,70,4,69,2,130,94,32,27,102"/><T78/><D132/><U5/><E104/><V28/><F135/><W24/><G110/><T31/><D108/><U113/><E113/><V99/><F125/><W47/><G130/><N who="0" m="49675" /><D17/><U90/><E5/><V20/><F39/><W98/><G102/><T7/><D7/><U21/><E14/><V67/><F40/><W29/><G47/><T128/><D128/><U71/><E71/><V6/><F28/><N who="0" m="10794" /><D25/><U124/><E124/><V1/><F1/><W36/><G36/><T123/><D123/><U126/><E21/><V82/><F92/><W23/><G4/><T114/><D114/><U85/><REACH who="1" step="1"/><E126/><REACH who="1" ten="407,72,110,401" step="2"/><V66/><F99/><W103/><G2/><T44/><D35/><U62/><E62/><V43/><F107/><W37/><G70/><T51/><D34/><U105/><E105/><V134/><F106/><W93/><G69/><T42/><D51/><U127/><E127/><V86/><F134/><W61/><G61/><T9/><D9/><U53/><E53/><V52/><F43/><W133/><G133/><T119/><D42/><U26/><E26/><V118/><F52/><W76/><G27/><T45/><D48/><U0/><E0/><V38/><F38/><W49/><G37/><T120/><D120/><U79/><E79/><N who="2" m="46175" /><F60/><W11/><G49/><T96/><D78/><U33/><E33/><V22/><F67/><W59/><G32/><T122/><D122/><U91/><E91/><V56/><F22/><W75/><G29/><T54/><D65/><U87/><E87/><V88/><F66/><W101/><G24/><T58/><D54/><U8/><E8/><RYUUKYOKU ba="3,1" sc="407,-10,72,30,110,-10,401,-10" hai1="50,55,63,64,68,80,85,89,90,95,97,109,111" /><INIT seed="5,4,1,1,0,15" ten="397,102,100,391" oya="1" hai0="89,11,129,102,45,25,122,53,35,49,37,52,10" hai1="127,0,66,18,1,47,76,111,16,134,22,32,54" hai2="30,109,7,83,120,93,91,81,23,108,112,6,117" hai3="79,107,78,50,99,95,58,13,77,130,31,4,115"/><U86/><E32/><V74/><F117/><W97/><G115/><T116/><D116/><U19/><E127/><V36/><F120/><W12/><G130/><T75/><D75/><U84/><E134/><V70/><F70/><W14/><G107/><T114/><D37/><U55/><E111/><V69/><F69/><W26/><G4/><T94/><D114/><U56/><E66/><V90/><F36/><W105/><G105/><T98/><D122/><U48/><E0/><V64/><F64/><W40/><G95/><T39/><D39/><U135/><E1/><V119/><F119/><W123/><G123/><T104/><D129/><U57/><E135/><V28/><F112/><W27/><G27/><T62/><D62/><N who="1" m="36119" /><E76/><V41/><F41/><W85/><G85/><N who="1" m="32874" /><E47/><V60/><F60/><W9/><G9/><T118/><D118/><U65/><E65/><V29/><F74/><W126/><G126/><T20/><D35/><U61/><E61/><V133/><F133/><W100/><G100/><T43/><D102/><U42/><E42/><V21/><F30/><W124/><G124/><T103/><D103/><U106/><E106/><V44/><F93/><W46/><REACH who="3" step="1"/><G58/><REACH who="3" ten="397,102,100,381" step="2"/><T82/><D104/><U101/><E101/><V24/><F24/><AGARI ba="4,2" hai="16,18,19,22,24,48,55,57" m="32874,36119" machi="24" ten="30,12000,1" yaku="8,1,52,3,54,1" doraHai="15" who="1" fromWho="2" sc="397,0,102,152,100,-132,381,0" owari="397,50.0,254,-15.0,-32,-53.0,381,18.0" /></mjloggm>