<mjloggm ver="2.3"><GO type="169" lobby="0"/><UN n0="%E5%B0%B1%E6%B4%BB%E7%94%9F%40%E5%B7%9D%E6%9D%91%E8%BB%8D%E5%9B%A3" n1="%E3%83%9A%E3%83%83%E3%83%81%E3%83%A7%E3%83%AA%E3%83%B3" n2="%E3%82%82%E3%81%BF%E3%81%82%E3%81%92" n3="%E5%A4%A9%E9%87%8E%E9%81%A0%E5%AD%90" dan="16,16,16,16" rate="2163.63,2142.01,2043.11,2100.66" sx="M,F,M,F"/><TAIKYOKU oya="0"/><INIT seed="0,0,0,1,4,118" ten="250,250,250,250" oya="0" hai0="53,43,72,83,29,126,101,42,45,81,115,7,102" hai1="75,68,120,57,71,134,37,24,25,26,69,41,19" hai2="30,48,61,55,74,103,52,110,38,133,49,14,93" hai3="105,135,89,27,73,3,66,36,63,82,77,119,127"/><T44/><D115/><U47/><E75/><V32/><F74/><W90/><G119/><T12/><D126/><U16/><E134/><V20/><F32/><W94/><G135/><T106/><D106/><U23/><E19/><N who="2" m="10359" /><F38/><W6/><G127/><T2/><D2/><U117/><E117/><V96/><F110/><W33/><G36/><T8/><D29/><U114/><E114/><V131/><F131/><W0/><G105/><T9/><D72/><U18/><E18/><V123/><F123/><W60/><G60/><T34/><D34/><U116/><E116/><V99/><F30/><W107/><G107/><T11/><D12/><U88/><E57/><N who="2" m="34983" /><F133/><W56/><G6/><T85/><D53/><U113/><E113/><V97/><F48/><W59/><G27/><T124/><D124/><U87/><REACH who="1" step="1"/><E120/><REACH who="1" ten="250,240,250,250" step="2"/><V54/><F54/><W46/><G73/><T98/><D7/><U5/><E5/><V121/><F121/><W15/><G59/><AGARI ba="0,1" hai="49,55,59,93,96,97,99,103" m="34983,10359" machi="59" ten="30,2000,0" yaku="8,1,54,1" doraHai="118" who="2" fromWho="3" sc="250,0,240,0,250,30,250,-20" /><INIT seed="1,0,0,4,0,66" ten="250,240,280,230" oya="1" hai0="106,52,27,121,9,129,101,111,119,133,1,117,85" hai1="5,16,83,21,108,74,26,48,86,60,76,23,120" hai2="29,22,73,72,0,112,97,88,56,44,63,78,42" hai3="91,81,6,124,40,103,24,87,57,10,116,50,32"/><U65/><E120/><V90/><F0/><W38/><G38/><T94/><D121/><U69/><E108/><V132/><F132/><W55/><G124/><T43/><D106/><U113/><E113/><V126/><F126/><W114/><G114/><T4/><D111/><U109/><E109/><V125/><F112/><W35/><G116/><T118/><D43/><U47/><E23/><V59/><F73/><W19/><G40/><T14/><D133/><U102/><E102/><V30/><F78/><W17/><G103/><T95/><D129/><U131/><E131/><V39/><F72/><W33/><REACH who="3" step="1"/><G24/><REACH who="3" ten="250,240,280,220" step="2"/><T53/><D27/><U62/><E62/><V18/><F125/><W11/><G11/><T13/><D101/><U25/><E5/><V61/><F42/><W75/><G75/><T8/><D1/><AGARI ba="0,1" hai="1,6,10,17,19,32,33,35,50,55,57,81,87,91" machi="1" ten="40,1300,0" yaku="1,1,53,0" doraHai="66" doraHaiUra="123" who="3" fromWho="0" sc="250,-13,240,0,280,0,220,23" /><INIT seed="2,0,0,5,5,62" ten="237,240,280,243" oya="2" hai0="30,15,94,105,119,111,10,123,36,134,85,82,48" hai1="103,87,19,126,66,29,104,23,2,35,90,4,55" hai2="112,16,3,114,108,130,31,74,42,26,83,12,84" hai3="80,34,98,110,13,50,53,125,72,106,107,63,99"/><V64/><F3/><W41/><G110/><T122/><D36/><U58/><E126/><V120/><F120/><W88/><G125/><T121/><D105/><U71/><E71/><V8/><F130/><W132/><G34/><T60/><D111/><U52/><E103/><V1/><F1/><W117/><G117/><T96/><D119/><U102/><E102/><V25/><F74/><W124/><G41/><T89/><D134/><U129/><E104/><V37/><F108/><W49/><G124/><T17/><D30/><U73/><E73/><V32/><F26/><W109/><G109/><T5/><D60/><N who="1" m="38167" /><E35/><V22/><F32/><W9/><G132/><T7/><REACH who="0" step="1"/><D48/><REACH who="0" ten="227,240,280,243" step="2"/><U33/><E33/><V38/><F38/><W11/><G63/><T14/><D14/><N who="1" m="9719" /><E2/><V81/><F37/><W70/><G106/><T128/><D128/><U24/><E129/><V118/><F118/><W115/><G107/><T68/><D68/><U51/><E51/><V86/><F31/><W59/><G70/><T116/><D116/><U131/><E131/><V76/><F12/><W39/><G39/><T45/><D45/><U77/><E29/><V43/><F114/><W27/><G115/><T92/><D92/><N who="1" m="54367" /><E24/><V44/><F112/><W100/><G27/><T127/><D127/><U54/><E4/><V95/><F44/><W75/><G50/><T69/><D69/><U21/><E21/><V91/><F22/><W40/><G49/><T20/><D20/><U47/><E47/><V79/><F25/><W57/><G13/><T28/><D28/><U97/><E77/><AGARI ba="0,1" hai="5,7,10,15,17,77,82,85,89,94,96,121,122,123" machi="77" ten="40,2600,0" yaku="1,1,53,1" doraHai="62" doraHaiUra="6" who="0" fromWho="1" sc="227,36,240,-26,280,0,243,0" /><INIT seed="3,0,0,1,3,5" ten="263,214,280,243" oya="3" hai0="78,34,49,74,107,81,9,105,104,10,45,91,4" hai1="3,35,33,94,23,75,47,96,40,36,52,114,11" hai2="76,100,73,39,59,132,65,0,48,111,55,12,88" hai3="32,2,122,26,7,72,53,68,66,14,43,129,42"/><W29/><G122/><T77/><D34/><U17/><E114/><V135/><F111/><W106/><G129/><T124/><D124/><U118/><E118/><V70/><F39/><W90/><G72/><T1/><D78/><U15/><E75/><V112/><F112/><W50/><G106/><T80/><D80/><U113/><E113/><V102/><F0/><W123/><G2/><T6/><D91/><U86/><E86/><V126/><F126/><W13/><G13/><T30/><D30/><U41/><E41/><V93/><F76/><W71/><G123/><T28/><D28/><U38/><E38/><V46/><F73/><W51/><G90/><T108/><D108/><U115/><E115/><V92/><F70/><W101/><G101/><T27/><D27/><U121/><E121/><V25/><F25/><W31/><G31/><T82/><D82/><U116/><E116/><V18/><F93/><W44/><G66/><T37/><D37/><U128/><E128/><V95/><F95/><W134/><G134/><N who="2" m="51241" /><F65/><W20/><G43/><T8/><REACH who="0" step="1"/><D1/><REACH who="0" ten="253,214,280,243" step="2"/><U57/><E3/><V62/><F102/><W79/><G79/><T120/><D120/><U67/><E67/><V61/><F100/><W125/><G125/><T130/><D130/><U63/><E23/><N who="2" m="11719" /><F46/><W56/><G32/><T89/><D89/><AGARI ba="0,1" hai="11,15,17,33,35,36,40,47,52,57,63,89,94,96" machi="89" ten="30,3900,0" yaku="7,1,52,1,54,1" doraHai="5" who="1" fromWho="0" sc="253,-39,214,49,280,0,243,0" /><INIT seed="4,0,0,5,1,130" ten="214,263,280,243" oya="0" hai0="95,106,12,131,109,16,59,40,96,63,134,33,125" hai1="90,133,46,85,101,42,20,28,122,104,69,1,70" hai2="23,3,79,21,72,29,13,88,112,75,74,117,98" hai3="10,0,61,78,5,87,30,120,126,67,89,7,18"/><T47/><D131/><U38/><E122/><V92/><F3/><W48/><G78/><T58/><D33/><U77/><E77/><V124/><F112/><W102/><G102/><T8/><D125/><U97/><E1/><V127/><F117/><W2/><G126/><N who="2" m="48169" /><F13/><W39/><G39/><T81/><D109/><U121/><E121/><V25/><F79/><W9/><G30/><T37/><D106/><U4/><E4/><V123/><F123/><W6/><G120/><T62/><D134/><U108/><E108/><V31/><F31/><W82/><G48/><T53/><D81/><U14/><E133/><V129/><F129/><W113/><G113/><T60/><REACH who="0" step="1"/><D59/><REACH who="0" ten="204,263,280,243" step="2"/><U76/><E70/><V84/><F84/><W51/><G2/><T71/><D71/><U45/><E69/><V54/><F54/><W128/><G0/><T35/><D35/><AGARI ba="0,1" hai="21,23,25,29,35,72,74,75,88,92,98" m="48169" machi="35" ten="40,2600,0" yaku="18,1,54,1" doraHai="130" who="2" fromWho="0" sc="204,-26,263,0,280,36,243,0" /><INIT seed="5,0,0,0,5,24" ten="178,263,316,243" oya="1" hai0="110,135,10,100,23,29,68,121,6,33,44,53,15" hai1="81,70,51,35,129,126,78,133,18,94,108,61,28" hai2="32,54,69,72,46,101,73,36,105,131,95,49,91" hai3="88,56,127,99,124,5,25,59,102,14,67,2,130"/><U96/><E108/><V8/><F131/><W116/><G2/><T63/><D110/><U41/><E133/><V20/><F32/><W109/><G109/><T31/><D33/><U38/><E126/><N who="3" m="48170" /><G130/><T30/><D135/><U118/><E129/><V83/><F69/><W117/><G67/><T57/><D121/><U113/><E18/><V26/><F36/><W21/><G88/><T9/><D68/><U74/><E113/><V125/><F125/><W64/><G14/><N who="0" m="5431" /><D44/><U104/><E118/><N who="3" m="45674" /><G5/><N who="0" m="3535" /><D100/><N who="1" m="62471" /><E51/><V42/><F101/><W58/><G64/><T123/><D123/><U90/><E90/><V27/><F105/><N who="3" m="63711" /><G58/><T75/><D75/><U111/><E94/><V43/><F73/><W52/><G52/><T40/><D40/><U4/><E4/><V134/><F72/><W86/><G86/><T17/><D17/><AGARI ba="0,0" hai="17,21,25,56,59" m="63711,45674,48170" machi="17" ten="30,2000,0" yaku="18,1,12,1" doraHai="24" who="3" fromWho="0" sc="178,-20,263,0,316,0,243,20" /><INIT seed="6,0,0,0,5,26" ten="158,263,316,263" oya="2" hai0="12,92,11,107,89,96,76,134,102,120,105,57,118" hai1="8,114,29,36,17,66,109,46,3,127,95,104,64" hai2="63,18,41,7,60,86,5,71,121,119,25,99,4" hai3="133,84,48,112,90,67,61,101,23,75,20,135,88"/><V45/><F121/><W117/><G75/><T59/><D120/><U78/><E104/><V10/><F71/><W34/><G34/><T94/><D118/><U111/><E29/><V98/><F119/><W16/><G101/><T43/><D134/><N who="3" m="51209" /><G23/><T15/><D76/><U62/><E78/><V132/><F132/><W13/><G117/><T77/><D77/><U42/><E114/><V124/><F124/><W6/><G6/><T0/><D0/><U82/><E127/><V53/><F86/><W126/><G112/><T129/><D129/><U72/><E95/><V100/><F53/><W24/><G13/><T22/><D43/><U73/><E17/><V31/><F18/><W97/><G97/><T56/><D22/><U49/><E49/><N who="2" m="26799" /><F10/><W30/><G16/><T40/><D40/><U28/><E28/><V27/><F27/><W35/><G35/><T14/><REACH who="0" step="1"/><D11/><REACH who="0" ten="148,263,316,263" step="2"/><U110/><E8/><V103/><F25/><W131/><G24/><T52/><D52/><U54/><E54/><V128/><F128/><W80/><G131/><T115/><D115/><U50/><E36/><V21/><F21/><W106/><G20/><T65/><D65/><U123/><E66/><V83/><F31/><W38/><G67/><T122/><D122/><U9/><E111/><V81/><F103/><W113/><G30/><T93/><D93/><U33/><E110/><V91/><F100/><W55/><G113/><T69/><D69/><U37/><E64/><V70/><F70/><W125/><G55/><T39/><D39/><U2/><E37/><V87/><F83/><W1/><G80/><RYUUKYOKU ba="0,1" sc="148,15,263,-15,316,15,263,-15" hai0="12,14,15,56,57,59,89,92,94,96,102,105,107" hai2="4,5,7,60,63,81,87,91,98,99" /><INIT seed="6,1,1,0,5,58" ten="163,248,331,248" oya="2" hai0="48,16,127,38,71,0,84,99,92,22,102,78,110" hai1="69,26,42,55,45,67,4,68,64,10,37,86,40" hai2="115,60,97,107,29,131,66,114,15,101,46,14,27" hai3="2,89,130,79,18,7,30,109,81,63,24,59,106"/><V51/><F131/><W53/><G109/><T49/><D38/><U134/><E134/><V117/><F117/><W129/><G106/><T72/><D110/><U32/><E42/><V1/><F1/><W76/><G18/><T104/><D127/><U57/><E86/><V3/><F3/><W65/><G89/><T75/><D71/><U126/><E126/><V50/><F15/><W11/><G65/><T56/><D0/><U135/><E135/><V39/><F14/><W12/><G2/><T31/><D31/><U105/><E105/><V100/><F100/><W17/><G17/><T91/><D72/><U8/><E26/><V88/><F88/><W111/><G111/><T6/><D6/><U28/><E28/><V47/><F47/><W83/><G79/><T52/><D75/><U19/><E19/><V13/><F13/><W35/><REACH who="3" step="1"/><G83/><REACH who="3" ten="163,248,331,238" step="2"/><T74/><D74/><AGARI ba="1,2" hai="7,11,12,24,30,35,53,59,63,74,76,81,129,130" machi="74" ten="40,5200,0" yaku="1,1,2,1,52,1,53,0" doraHai="58" doraHaiUra="119" who="3" fromWho="0" sc="163,-55,248,0,331,0,238,75" /><INIT seed="7,0,0,5,0,56" ten="108,248,331,313" oya="3" hai0="132,103,124,49,35,71,72,125,44,122,85,63,33" hai1="10,55,79,36,57,70,77,27,5,112,76,113,104" hai2="127,65,98,48,81,86,47,87,62,59,9,58,97" hai3="4,3,130,17,29,39,75,60,25,88,66,118,68"/><W53/><G118/><T135/><D72/><U101/><E70/><V114/><F114/><N who="1" m="44137" /><E36/><V45/><F127/><W21/><G75/><T13/><D103/><U134/><E134/><N who="0" m="51241" /><D13/><N who="1" m="5327" /><E27/><V82/><F9/><W92/><G39/><T99/><D99/><N who="2" m="37898" /><F58/><W34/><G130/><T12/><D12/><U38/><E38/><V89/><F48/><W69/><G69/><T116/><D85/><U24/><E24/><V90/><AGARI ba="0,0" hai="45,47,59,62,65,81,82,86,87,89,90" m="37898" machi="90" ten="30,2000,0" yaku="8,1,52,1" doraHai="56" who="2" fromWho="2" sc="108,-5,248,-5,331,20,313,-10" owari="103,-40.0,243,-16.0,351,46.0,303,10.0" /></mjloggm>