<mjloggm ver="2.3"><GO type="169" lobby="0"/><UN n0="%E3%81%B6%E3%81%A3%E3%81%A8%E3%81%B3%E3%82%AB%E3%83%BC%E3%83%89" n1="%E3%82%B7%E3%83%A5%E3%83%9E%E3%82%A4%E3%82%B1%E3%83%AB" n2="%E3%81%82%E3%81%B2%E3%82%8B%E3%81%95%E3%82%93" n3="%E3%82%A6%E3%83%AB%E3%83%88%E3%83%A9%E7%AB%8B%E7%9B%B4" dan="17,16,17,17" rate="2211.61,2088.22,2209.52,2207.47" sx="M,M,M,M"/><TAIKYOKU oya="0"/><INIT seed="0,0,0,2,4,104" ten="250,250,250,250" oya="0" hai0="101,28,99,40,133,112,56,35,52,27,91,61,119" hai1="87,57,38,32,3,109,21,116,30,5,79,125,43" hai2="117,93,135,51,124,66,33,121,126,46,122,23,12" hai3="9,72,36,62,85,107,71,129,103,29,113,75,2"/><T90/><D112/><U86/><E116/><V73/><F33/><W26/><G85/><T84/><D119/><U47/><E109/><V94/><F117/><W63/><G63/><T31/><D133/><U115/><E125/><N who="2" m="48235" /><F66/><N who="3" m="41431" /><G113/><T19/><D40/><U81/><E32/><V20/><F12/><W114/><G114/><T6/><D6/><U131/><E57/><V60/><F60/><W14/><G14/><T10/><D35/><U54/><E54/><V39/><F39/><W106/><G26/><T76/><D76/><U132/><E131/><V25/><F25/><W89/><G89/><T58/><D58/><U92/><E132/><V64/><F64/><W24/><G24/><T55/><D55/><U68/><E68/><V70/><F70/><W95/><G95/><N who="2" m="36361" /><F135/><W77/><G29/><N who="0" m="11339" /><D101/><U111/><E30/><V69/><F69/><W1/><G77/><T127/><D99/><U83/><E79/><V123/><F73/><N who="3" m="28235" /><G129/><T65/><D127/><U41/><E115/><V53/><AGARI ba="0,0" hai="20,23,46,51,53,121,122,123" m="36361,48235" machi="53" ten="40,1500,0" yaku="18,1" doraHai="104" who="2" fromWho="2" sc="250,-7,250,-4,250,15,250,-4" /><INIT seed="1,0,0,5,5,12" ten="243,246,265,246" oya="1" hai0="72,135,108,8,117,129,70,32,79,52,17,116,38" hai1="93,31,60,37,119,100,57,22,24,98,128,65,30" hai2="7,125,58,0,66,107,105,15,46,96,75,63,20" hai3="122,40,61,112,35,48,103,4,118,42,59,111,134"/><U33/><E119/><V11/><F75/><W80/><G35/><T74/><D70/><U92/><E128/><V91/><F125/><W114/><G103/><T36/><D32/><U29/><E33/><V73/><F73/><W113/><G4/><T133/><D129/><U131/><E131/><V115/><F115/><W28/><G28/><T62/><D108/><U54/><E37/><V27/><F0/><W16/><G122/><T51/><D62/><U26/><E26/><V69/><F69/><W18/><G118/><T101/><D101/><U81/><E93/><V97/><F46/><W132/><G80/><T34/><D34/><U106/><E106/><V78/><F78/><W6/><G6/><T45/><D79/><U19/><REACH who="1" step="1"/><E81/><REACH who="1" ten="243,236,265,246" step="2"/><V56/><F107/><W120/><G120/><T67/><D38/><U43/><E43/><V39/><F39/><W47/><G40/><T76/><D36/><U121/><E121/><V87/><F105/><W25/><G25/><T109/><D117/><U126/><E126/><V14/><F27/><W13/><G111/><T44/><D116/><U127/><E127/><V82/><F82/><W53/><REACH who="3" step="1"/><G13/><REACH who="3" ten="243,236,265,236" step="2"/><T90/><D109/><U130/><E130/><V1/><F15/><W2/><G2/><T71/><D133/><AGARI ba="0,2" hai="16,18,42,47,48,53,59,61,112,113,114,132,133,134" machi="133" ten="50,8000,1" yaku="1,1,20,1,52,2,54,1,53,0" doraHai="12" doraHaiUra="21" who="3" fromWho="0" sc="243,-80,236,0,265,0,236,100" /><INIT seed="2,0,0,0,0,24" ten="163,236,265,336" oya="2" hai0="75,81,119,132,69,40,73,21,59,126,117,49,28" hai1="48,100,122,39,78,37,60,35,55,14,34,0,32" hai2="5,42,57,22,53,114,90,30,123,16,7,106,125" hai3="8,65,3,84,104,4,109,54,130,1,127,17,93"/><V25/><F114/><W133/><G104/><T68/><D132/><U112/><E0/><V111/><F123/><W115/><G3/><T129/><D81/><U110/><E112/><V51/><F106/><W19/><G65/><T128/><D40/><U103/><E122/><V41/><F125/><W18/><G115/><T2/><D2/><U52/><E110/><V124/><F124/><W63/><G127/><T134/><D49/><U89/><E78/><V26/><F111/><W94/><G109/><T92/><D59/><U13/><E89/><V45/><F90/><W66/><G133/><T87/><D87/><U46/><E60/><V108/><F108/><W88/><G54/><N who="1" m="20522" /><E48/><V56/><F56/><W135/><G135/><T61/><D61/><U23/><E23/><V95/><F95/><W105/><G105/><T6/><D92/><U15/><E46/><V12/><F42/><W62/><G130/><T113/><D126/><U36/><AGARI ba="0,0" hai="13,14,15,32,34,35,36,37,39,100,103" m="20522" machi="36" ten="50,8000,1" yaku="29,2,28,2,54,1" doraHai="24" who="1" fromWho="1" sc="163,-20,236,80,265,-40,336,-20" /><INIT seed="3,0,0,5,0,14" ten="143,316,225,316" oya="3" hai0="63,115,97,22,23,116,135,20,41,88,113,8,28" hai1="100,21,25,59,24,36,7,10,27,79,101,105,17" hai2="109,53,120,89,2,16,38,94,131,108,15,51,102" hai3="26,119,78,98,132,125,76,31,43,121,123,107,1"/><W91/><G119/><T127/><D116/><U0/><E36/><V42/><F2/><W92/><G1/><T90/><D41/><U34/><E79/><N who="3" m="30250" /><G43/><T62/><D28/><U54/><E105/><V35/><F35/><W68/><G68/><T52/><D135/><U86/><E86/><N who="2" m="52535" /><F38/><W37/><G37/><T11/><D127/><U75/><E75/><V95/><F42/><W64/><G64/><T71/><D71/><U72/><E72/><V114/><F114/><N who="0" m="43530" /><D97/><U33/><E33/><V83/><F83/><W118/><G118/><T55/><D63/><U112/><E112/><V110/><F131/><W4/><G4/><T122/><D62/><U106/><E106/><V67/><F67/><W44/><G107/><T111/><D122/><U46/><E46/><N who="2" m="27895" /><F120/><W80/><G44/><T128/><D128/><U126/><E126/><V57/><F57/><W61/><G61/><T99/><D111/><U56/><E56/><V45/><F45/><W134/><G125/><T48/><D48/><U19/><E34/><V40/><F40/><W9/><G123/><T73/><D73/><U69/><E69/><V18/><F15/><W29/><G121/><T30/><D30/><N who="3" m="11273" /><G26/><N who="1" m="10346" /><E59/><V130/><F130/><W82/><G134/><T58/><D58/><U13/><E54/><N who="0" m="20521" /><D99/><AGARI ba="0,0" hai="16,18,95,99,102,108,109,110" m="27895,52535" machi="99" ten="30,7700,0" yaku="14,1,52,2,54,1" doraHai="14" who="2" fromWho="0" sc="143,-77,316,0,225,77,316,0" /><INIT seed="4,0,0,4,1,89" ten="66,316,302,316" oya="0" hai0="119,33,47,98,35,111,7,120,70,68,10,86,113" hai1="100,106,6,124,59,52,25,130,87,56,67,16,105" hai2="101,88,135,82,127,134,94,44,129,99,39,36,121" hai3="29,77,38,12,93,76,64,28,69,24,125,27,15"/><T40/><D119/><U8/><E124/><V128/><F121/><W32/><G38/><N who="0" m="21911" /><D86/><U83/><E130/><N who="2" m="50283" /><F44/><W78/><G125/><T14/><D14/><U30/><E67/><V23/><F127/><W132/><G132/><N who="2" m="50729" /><F23/><W65/><G93/><T112/><D98/><U122/><E59/><V2/><F2/><W42/><G42/><T63/><D63/><U1/><E100/><V45/><F45/><W48/><G48/><T81/><D81/><U133/><E122/><V75/><F75/><W109/><G69/><N who="0" m="26731" /><D120/><U49/><E133/><V80/><F80/><W53/><G12/><T92/><D92/><U96/><E96/><N who="2" m="57415" /><F82/><W0/><G15/><T102/><D102/><U46/><E46/><V21/><F21/><W60/><G27/><T5/><D111/><U114/><E105/><AGARI ba="0,0" hai="36,39,99,101,105" m="57415,50729,50283" machi="105" ten="30,7700,0" yaku="19,1,20,1,52,1,54,1" doraHai="89" who="2" fromWho="1" sc="66,0,316,-77,302,77,316,0" /><INIT seed="5,0,0,1,3,129" ten="66,239,379,316" oya="1" hai0="23,105,111,115,50,79,85,103,92,59,134,69,40" hai1="95,14,124,30,28,2,76,126,21,6,35,24,15" hai2="55,77,128,122,100,9,46,25,87,10,11,26,82" hai3="101,58,7,33,1,116,127,44,67,41,62,96,61"/><U109/><E76/><V63/><F122/><W68/><G33/><T42/><D69/><U47/><E47/><V52/><F128/><W135/><G127/><N who="1" m="48682" /><E95/><V86/><F100/><W119/><G7/><T81/><D111/><U3/><E109/><V36/><F87/><W39/><G1/><N who="1" m="10" /><E6/><V48/><F36/><W49/><G135/><T130/><D130/><U78/><E78/><V0/><F0/><W8/><G8/><T64/><D105/><U75/><E75/><V114/><F114/><W89/><G89/><T27/><D115/><U4/><E4/><V123/><F123/><W29/><G29/><N who="1" m="11370" /><E35/><V93/><F93/><W99/><G39/><T60/><D50/><U117/><E117/><N who="3" m="45130" /><G101/><T98/><REACH who="0" step="1"/><D134/><REACH who="0" ten="56,239,379,316" step="2"/><U88/><E88/><V20/><F48/><W19/><G49/><T65/><D65/><U90/><E90/><V102/><F102/><W57/><G67/><T133/><D133/><U32/><E32/><V118/><F118/><W120/><G120/><T80/><D80/><U110/><E110/><V72/><F82/><W17/><G44/><T83/><D83/><U112/><E112/><V91/><F91/><W106/><G106/><T5/><D5/><U53/><E53/><V43/><F52/><W45/><G45/><T104/><D104/><U73/><E73/><V94/><F72/><W84/><G99/><T125/><D125/><U34/><E34/><V66/><F55/><W113/><G96/><T18/><AGARI ba="0,1" hai="18,23,27,40,42,59,60,64,79,81,85,92,98,103" machi="18" ten="20,5200,0" yaku="1,1,0,1,7,1,8,1,53,0" doraHai="129" doraHaiUra="51" who="0" fromWho="0" sc="56,62,239,-26,379,-13,316,-13" /><INIT seed="6,0,0,0,5,101" ten="118,213,366,303" oya="2" hai0="133,20,1,122,69,81,32,97,57,87,36,15,19" hai1="93,14,96,120,107,86,16,27,109,95,42,132,123" hai2="40,39,55,26,121,3,77,56,118,102,98,0,119" hai3="103,51,60,43,9,62,22,10,83,4,91,5,82"/><V112/><F121/><N who="1" m="46665" /><E109/><V6/><F112/><W84/><G103/><T127/><D69/><U125/><E125/><V41/><F77/><W47/><G22/><T90/><D133/><U12/><E132/><V79/><F79/><W104/><G104/><T94/><D122/><U76/><E42/><V111/><F111/><W129/><G129/><T53/><D127/><U135/><E135/><V37/><F26/><W78/><G9/><T124/><D124/><U115/><E115/><V52/><F102/><W71/><G71/><T49/><D36/><U106/><E27/><V73/><F56/><W38/><G5/><T58/><D32/><U114/><E12/><V45/><F98/><W11/><G11/><T34/><D34/><U117/><E117/><V116/><F73/><W88/><G91/><T67/><D1/><U30/><E30/><V100/><F100/><W46/><G46/><T68/><D68/><U105/><E114/><V25/><F25/><W66/><G66/><T35/><D35/><U110/><E110/><V131/><F131/><W89/><G89/><T65/><REACH who="0" step="1"/><D58/><REACH who="0" ten="108,213,366,303" step="2"/><U74/><E74/><V31/><F118/><W44/><G38/><T28/><D28/><U24/><E24/><V29/><F31/><W92/><G47/><T134/><D134/><U18/><E18/><V126/><F29/><W72/><REACH who="3" step="1"/><G82/><REACH who="3" ten="108,213,366,293" step="2"/><T70/><D70/><U2/><E2/><AGARI ba="0,2" hai="2,4,10,43,44,51,60,62,72,78,83,84,88,92" machi="2" ten="30,7700,0" yaku="1,1,2,1,7,1,54,1,53,0" doraHai="101" doraHaiUra="50" who="3" fromWho="1" sc="108,0,213,-77,366,0,293,97" /><INIT seed="7,0,0,1,0,7" ten="108,136,366,390" oya="3" hai0="32,93,118,44,132,55,72,48,68,83,99,25,85" hai1="10,58,35,62,2,17,40,34,100,60,57,56,133" hai2="96,61,104,84,105,65,101,87,6,42,5,102,27" hai3="71,64,16,98,106,30,109,39,31,21,75,3,38"/><W63/><G3/><T66/><D132/><U114/><E133/><V51/><F27/><W1/><G1/><T77/><D118/><U23/><E114/><V120/><F120/><W108/><G75/><T81/><D68/><U0/><E40/><V9/><F6/><W92/><G106/><T134/><D134/><U69/><E100/><V24/><F24/><N who="3" m="14375" /><G39/><T15/><D66/><U86/><E0/><V13/><F102/><N who="3" m="60743" /><G38/><T89/><D25/><U46/><E46/><V82/><F105/><W67/><G67/><T33/><REACH who="0" step="1"/><D15/><REACH who="0" ten="98,136,366,390" step="2"/><U90/><E69/><V20/><F20/><W54/><G64/><T11/><D11/><U122/><E122/><V88/><F87/><W43/><G71/><T79/><AGARI ba="0,1" hai="32,33,44,48,55,72,77,79,81,83,85,89,93,99" machi="79" ten="20,2700,0" yaku="1,1,0,1,7,1,53,0" doraHai="7" doraHaiUra="121" who="0" fromWho="0" sc="98,37,136,-7,366,-7,390,-13" owari="135,-26.0,129,-37.0,359,16.0,377,47.0" /></mjloggm>