<mjloggm ver="2.3"><GO type="225" lobby="0"/><UN n0="%68%61%6E%65%31%35%30%30" n1="%E3%83%AD%E3%83%9C%E3%82%B3%E3%83%97" n2="%E3%82%8A%E3%82%81%E3%82%8D" n3="%E3%82%A6%E3%83%AB%E3%83%88%E3%83%A9%E7%AB%8B%E7%9B%B4" dan="18,16,17,17" rate="2298.87,2050.22,2123.09,2206.74" sx="M,M,M,M"/><TAIKYOKU oya="0"/><INIT seed="0,0,0,1,0,131" ten="250,250,250,250" oya="0" hai0="106,83,4,76,117,40,6,130,80,70,31,2,115" hai1="45,65,87,36,94,81,90,135,3,9,114,126,125" hai2="23,12,95,103,101,53,7,66,71,24,121,20,41" hai3="82,27,74,55,18,11,52,73,92,39,50,133,35"/><T47/><D115/><U63/><E114/><V57/><F121/><W104/><G39/><T34/><D117/><U120/><E120/><V72/><F72/><W129/><G104/><T105/><D83/><U38/><E3/><V60/><F41/><W28/><G129/><T25/><D70/><U10/><E81/><V86/><F23/><W78/><G133/><T51/><D130/><U119/><E119/><V15/><F71/><W26/><G74/><T22/><D22/><U134/><E45/><V88/><F66/><W59/><G92/><T46/><D46/><U112/><E112/><V100/><REACH who="2" step="1"/><F7/><REACH who="2" ten="250,250,240,250" step="2"/><W37/><G73/><T128/><D6/><U61/><E65/><V29/><AGARI ba="0,1" hai="12,15,20,24,29,53,57,60,86,88,95,100,101,103" machi="29" ten="30,16000,3" yaku="1,1,2,1,0,1,8,1,54,1,53,3" doraHai="131" doraHaiUra="99" who="2" fromWho="2" sc="250,-80,250,-40,240,170,250,-40" /><INIT seed="1,0,0,0,2,96" ten="170,210,410,210" oya="1" hai0="48,45,81,19,18,47,93,24,106,58,66,102,121" hai1="52,27,62,0,11,88,109,129,100,76,42,124,99" hai2="120,90,91,131,23,95,40,67,71,82,73,118,21" hai3="116,78,111,20,64,107,122,17,115,92,70,84,55"/><U31/><E42/><V6/><F120/><W51/><G107/><T77/><D106/><U50/><E76/><V68/><F118/><W101/><G115/><T69/><D69/><U104/><E62/><V123/><F123/><W105/><G105/><T29/><D121/><U43/><E43/><V63/><F6/><W25/><G122/><T127/><D127/><U39/><E39/><V32/><F32/><W15/><G116/><T36/><D36/><U112/><E112/><V5/><F5/><W37/><G37/><T83/><D47/><U4/><E124/><V126/><F40/><W60/><G111/><T133/><D133/><U80/><E109/><V41/><F131/><W8/><G78/><T89/><D102/><U134/><E134/><V30/><F41/><W16/><G84/><T119/><D45/><U56/><E129/><V12/><F73/><W3/><G3/><T38/><D38/><U114/><E114/><V74/><F71/><W72/><G72/><T22/><D119/><U35/><REACH who="1" step="1"/><E88/><REACH who="1" ten="170,200,410,210" step="2"/><V132/><F91/><W57/><G70/><T14/><D77/><U2/><E2/><V9/><F90/><W85/><G85/><T117/><D117/><U75/><E75/><V53/><F74/><W130/><G130/><T94/><D89/><U103/><E103/><V46/><F132/><W54/><G51/><T97/><D48/><U7/><E7/><V128/><F126/><W1/><G1/><T110/><D110/><U61/><E61/><V10/><F128/><W13/><G101/><T108/><D108/><U135/><E135/><V28/><F63/><RYUUKYOKU ba="0,1" sc="170,-10,200,30,410,-10,210,-10" hai1="0,4,11,27,31,35,50,52,56,80,99,100,104" /><INIT seed="1,1,1,3,0,54" ten="160,230,400,200" oya="1" hai0="132,33,32,73,11,105,5,111,31,91,124,135,13" hai1="53,51,56,20,57,100,8,83,88,19,35,38,55" hai2="42,99,49,112,128,115,81,15,0,116,48,90,103" hai3="59,114,40,6,121,101,12,25,26,118,93,110,133"/><U44/><E35/><N who="0" m="13385" /><D91/><U66/><E38/><V7/><F0/><W68/><G68/><T22/><D73/><U125/><E100/><V21/><F116/><W67/><G114/><N who="2" m="43561" /><F42/><W2/><G2/><T28/><D105/><U18/><E125/><V113/><F128/><W41/><G110/><T47/><D47/><U24/><E66/><V61/><F61/><N who="3" m="38335" /><G133/><N who="0" m="51275" /><D111/><U30/><E8/><N who="2" m="4511" /><F21/><W71/><G71/><T72/><D72/><U92/><E83/><V50/><F113/><W34/><G34/><T109/><D109/><U64/><E64/><V129/><F129/><W117/><G118/><T3/><D124/><U17/><E53/><V37/><F37/><W134/><G117/><T119/><D119/><U127/><E127/><V130/><F130/><W4/><G134/><T45/><D45/><U65/><E65/><V52/><F90/><W80/><G40/><T96/><D96/><AGARI ba="1,1" hai="17,18,19,20,24,30,44,51,55,56,57,88,92,96" machi="96" ten="40,12000,1" yaku="8,1,52,2,54,1" doraHai="54" who="1" fromWho="0" sc="160,-123,230,133,400,0,200,0" /><INIT seed="1,2,0,3,0,69" ten="37,363,400,200" oya="1" hai0="10,114,90,2,18,52,95,107,17,16,15,88,61" hai1="49,93,81,20,31,8,126,62,84,35,22,108,26" hai2="109,53,27,14,134,60,68,123,102,75,7,50,6" hai3="67,34,0,57,127,40,112,91,79,41,82,92,73"/><U110/><E93/><V71/><F123/><W9/><G34/><T124/><D107/><U94/><E94/><V96/><F109/><N who="1" m="42089" /><E126/><V30/><F134/><W128/><G112/><T1/><D114/><U12/><E62/><V119/><F119/><W19/><G128/><T97/><D124/><U89/><E49/><V104/><F75/><W72/><G72/><T117/><D117/><U74/><E74/><V46/><F60/><W28/><G67/><T70/><D70/><U116/><E116/><V25/><F25/><W4/><G57/><N who="0" m="34983" /><D1/><U48/><E48/><V32/><F6/><AGARI ba="2,0" hai="6,8,12,20,22,26,31,35,81,84,89" m="42089" machi="6" ten="30,2900,0" yaku="14,1,10,1" doraHai="69" who="1" fromWho="2" sc="37,0,363,35,400,-35,200,0" /><INIT seed="1,3,0,3,2,77" ten="37,398,365,200" oya="1" hai0="126,125,127,79,22,41,7,63,49,120,59,35,25" hai1="94,75,82,104,39,4,123,28,74,42,56,21,13" hai2="117,130,40,112,1,128,69,113,9,12,103,129,57" hai3="107,87,26,86,48,10,51,33,6,108,5,132,133"/><U66/><E104/><V83/><F1/><W8/><G26/><T68/><D120/><U24/><E123/><V50/><F69/><W70/><G70/><T64/><D35/><U46/><E94/><V101/><F117/><W135/><G33/><T100/><D100/><N who="2" m="38474" /><F40/><W81/><G107/><T61/><D7/><U116/><E116/><V38/><F38/><W37/><G132/><T119/><D119/><U47/><E47/><V99/><F99/><W30/><G30/><T60/><D79/><U43/><E43/><V11/><F83/><W19/><G19/><T97/><D97/><U44/><E44/><V2/><F2/><W106/><G106/><T65/><D41/><U3/><E3/><V96/><F96/><W20/><G20/><T52/><REACH who="0" step="1"/><D68/><REACH who="0" ten="27,398,365,200" step="2"/><U34/><E42/><V14/><F112/><W29/><G133/><T91/><D91/><U27/><E4/><V84/><F113/><W115/><G115/><T78/><D78/><U92/><E34/><V55/><F84/><W54/><G135/><T105/><D105/><U15/><E75/><V71/><F71/><W121/><G87/><T67/><D67/><U36/><E66/><V32/><F32/><W62/><G86/><T95/><D95/><U122/><E92/><V58/><F130/><W31/><G121/><T18/><AGARI ba="3,1" hai="18,22,25,49,52,59,60,61,63,64,65,125,126,127" machi="18" ten="40,8000,1" yaku="1,1,0,1,18,1,54,1,53,1" doraHai="77" doraHaiUra="53" who="0" fromWho="0" sc="27,99,398,-43,365,-23,200,-23" /><INIT seed="2,0,0,4,3,43" ten="126,355,342,177" oya="2" hai0="41,10,98,126,32,97,132,123,121,86,53,49,12" hai1="42,82,81,129,62,5,31,107,79,114,17,4,134" hai2="39,65,50,2,25,63,105,135,102,24,89,16,9" hai3="13,54,78,110,67,7,125,83,130,84,40,68,15"/><V75/><F75/><W18/><G110/><T20/><D32/><U124/><E107/><V35/><F39/><W3/><G130/><T95/><D132/><U87/><E114/><V69/><F135/><W45/><G125/><T8/><D126/><U115/><E134/><V64/><F64/><W90/><G3/><T1/><D41/><U34/><E124/><V44/><F35/><W117/><G117/><T131/><D131/><U106/><E129/><V48/><F48/><W93/><G54/><T122/><D1/><U55/><E106/><V99/><F89/><W22/><G67/><T21/><D86/><U14/><E87/><V52/><REACH who="2" step="1"/><F16/><REACH who="2" ten="126,355,332,177" step="2"/><N who="3" m="10527" /><G68/><T103/><D123/><U57/><E17/><V58/><F58/><W80/><G78/><T0/><D122/><U28/><E57/><V71/><F71/><W72/><G72/><T120/><D120/><U36/><E79/><V73/><F73/><W74/><G74/><T112/><D121/><U94/><E36/><V85/><F85/><W111/><G111/><T104/><D112/><U119/><E34/><V127/><F127/><W96/><G84/><T33/><D33/><U77/><E115/><V51/><F51/><N who="3" m="27047" /><G7/><AGARI ba="0,1" hai="2,7,9,24,25,44,50,52,63,65,69,99,102,105" machi="7" ten="40,12000,1" yaku="1,1,52,1,54,1,53,1" doraHai="43" doraHaiUra="59" who="2" fromWho="3" sc="126,0,355,0,332,130,177,-120" /><INIT seed="2,1,0,1,0,57" ten="126,355,462,57" oya="2" hai0="13,124,31,120,100,5,58,11,107,19,40,87,118" hai1="80,93,72,18,108,129,3,131,36,6,9,133,132" hai2="130,125,76,44,41,55,106,97,117,15,94,114,14" hai3="32,104,26,86,77,29,66,84,25,34,128,91,2"/><V89/><F117/><W111/><G104/><T28/><D120/><U75/><E36/><V61/><F114/><W56/><G2/><T126/><D118/><U102/><E18/><V123/><F123/><W23/><G111/><T27/><D40/><U37/><E37/><V83/><F106/><W81/><G128/><N who="1" m="49226" /><E108/><V38/><F125/><W59/><G66/><T113/><D113/><U1/><E1/><V53/><F130/><W54/><G26/><T24/><D87/><U116/><E116/><V47/><F53/><W119/><G59/><T42/><D58/><U22/><E22/><V39/><F39/><W63/><REACH who="3" step="1"/><G119/><REACH who="3" ten="126,355,462,47" step="2"/><T0/><D107/><U96/><E80/><AGARI ba="1,1" hai="23,25,29,32,34,54,56,63,77,80,81,84,86,91" machi="80" ten="30,12000,2" yaku="1,1,2,1,7,1,52,1,53,2" doraHai="57" doraHaiUra="30" who="3" fromWho="1" sc="126,0,355,-123,462,0,47,133" /><INIT seed="3,0,0,5,3,126" ten="126,232,462,180" oya="3" hai0="5,123,52,27,124,64,84,101,18,10,49,97,9" hai1="90,7,30,131,36,53,54,62,109,119,104,129,35" hai2="96,78,94,42,66,77,85,71,25,11,117,51,55" hai3="60,86,113,17,91,4,102,79,75,40,69,89,16"/><W98/><G113/><T23/><D124/><U32/><E36/><V65/><F117/><W8/><G40/><T44/><D123/><U37/><E119/><V116/><F71/><W134/><G134/><T118/><D118/><U93/><E37/><V72/><F72/><W6/><G75/><T39/><D39/><U14/><E104/><V56/><F42/><W41/><G41/><T81/><D64/><N who="2" m="24682" /><F85/><W24/><G69/><T21/><D5/><U115/><E115/><V26/><F11/><W63/><G79/><N who="2" m="30217" /><F116/><W38/><G38/><T125/><D125/><U67/><E109/><V12/><F12/><W13/><G24/><T34/><D34/><N who="1" m="12843" /><E30/><V46/><F46/><W50/><G17/><T57/><D44/><U120/><E14/><V28/><F28/><W121/><G121/><T80/><D21/><U95/><E7/><V103/><AGARI ba="0,0" hai="25,26,51,55,56,94,96,103" m="30217,24682" machi="103" ten="30,1100,0" yaku="8,1" doraHai="126" who="2" fromWho="2" sc="126,-3,232,-3,462,11,180,-5" owari="123,-38.0,229,3.0,473,57.0,175,-22.0" /></mjloggm>