<mjloggm ver="2.3"><GO type="169" lobby="0"/><UN n0="%E3%83%88%E3%83%88%E3%83%AA%E5%85%88%E7%94%9F%31%39%E6%AD%B3" n1="%6D%61%74%69%6F%73%61%6E" n2="%E3%81%84%E3%81%97%E3%82%82%E3%82%8A" n3="%68%61%7A%75%6B%69%38%39" dan="18,16,16,16" rate="2212.58,2087.63,2131.21,2090.62" sx="F,M,M,M"/><TAIKYOKU oya="0"/><INIT seed="0,0,0,4,5,88" ten="250,250,250,250" oya="0" hai0="58,113,97,120,122,55,118,110,37,54,13,116,117" hai1="28,99,121,131,130,65,119,0,68,135,26,33,67" hai2="108,105,2,39,66,20,70,42,80,74,4,106,53" hai3="85,125,16,51,3,96,132,82,81,123,43,109,93"/><T12/><D37/><U23/><E119/><V38/><F20/><W114/><G3/><T78/><D78/><U8/><E121/><N who="0" m="46697" /><D97/><U40/><E40/><V134/><F53/><N who="0" m="19978" /><D58/><U5/><E68/><V1/><F134/><W129/><G114/><T127/><D113/><U60/><E135/><V83/><F83/><W56/><G132/><T57/><D57/><U24/><E99/><V90/><F90/><W44/><G123/><T101/><D101/><U95/><E60/><V111/><F66/><W25/><G125/><T50/><D50/><U34/><E34/><V11/><F70/><W48/><G129/><N who="1" m="49162" /><E95/><V126/><F126/><W76/><G81/><T86/><D127/><U92/><E92/><V89/><F89/><W100/><G56/><T59/><D59/><U46/><E46/><N who="2" m="23895" /><F39/><W41/><G41/><T115/><D115/><U128/><E128/><V31/><F105/><W29/><G29/><AGARI ba="0,0" hai="0,5,8,23,24,26,28,29,33,65,67" m="49162" machi="29" ten="30,1000,0" yaku="19,1" doraHai="88" who="1" fromWho="3" sc="250,0,250,10,250,0,250,-10" /><INIT seed="1,0,0,4,3,63" ten="250,260,250,240" oya="1" hai0="68,73,15,0,59,78,47,64,33,89,131,114,99" hai1="100,119,29,116,130,128,104,71,132,118,10,133,117" hai2="13,17,83,127,56,53,46,92,28,122,70,105,22" hai3="74,120,26,6,134,57,81,90,24,12,87,51,65"/><U38/><E29/><V1/><F105/><W107/><G120/><T62/><D0/><U69/><E10/><V95/><F122/><W135/><G107/><T18/><D114/><U75/><E75/><V112/><F70/><N who="1" m="26633" /><E104/><V23/><F1/><W58/><G74/><T108/><D33/><U61/><E100/><V4/><F112/><W39/><G39/><T36/><D131/><N who="1" m="50219" /><E38/><V96/><F4/><W109/><G109/><T7/><D108/><U40/><E40/><V82/><F28/><W106/><G106/><T34/><D34/><U121/><N who="1" m="29696" /><DORA hai="93" /><U19/><E19/><V35/><F35/><W25/><G6/><T125/><D7/><U94/><E94/><V45/><F95/><W20/><G12/><T8/><D73/><U80/><E80/><V123/><F123/><W44/><G20/><T48/><D36/><U129/><N who="1" m="50227" /><U54/><DORA hai="30" /><E121/><V111/><F111/><W42/><REACH who="3" step="1"/><G58/><AGARI ba="0,0" hai="54,58,61,132,133" m="29696,50227,26633" machi="58" ten="80,12000,1" yaku="19,1,34,2" doraHai="63,93,30" who="1" fromWho="3" sc="250,0,260,120,250,0,240,-120" /><INIT seed="1,1,0,5,0,130" ten="250,380,250,120" oya="1" hai0="55,111,98,26,116,123,50,52,19,32,112,6,45" hai1="105,46,5,131,100,75,43,3,132,125,24,69,78" hai2="87,60,99,23,80,21,85,97,35,40,89,83,30" hai3="48,110,34,108,92,120,58,102,15,4,82,114,122"/><U113/><E113/><V93/><F35/><W133/><G34/><T53/><D112/><U121/><E121/><V7/><F7/><W59/><G114/><T104/><D123/><U16/><E131/><V25/><F40/><W76/><G102/><T129/><D116/><U39/><E125/><V12/><F60/><W73/><G92/><T11/><D129/><U18/><E24/><V9/><F23/><W103/><G103/><T134/><D111/><N who="3" m="42537" /><G48/><T56/><D134/><U66/><E66/><V107/><F107/><W96/><G96/><T79/><D79/><U81/><E69/><V128/><F93/><W86/><G73/><T17/><D104/><U67/><E67/><V63/><F63/><W13/><G133/><T101/><D32/><U64/><E64/><V109/><F109/><W37/><G37/><T2/><D26/><U38/><E38/><V49/><F49/><W51/><G51/><T127/><D127/><U31/><E31/><V22/><F22/><W44/><G44/><T33/><D33/><U47/><E47/><V65/><F65/><W10/><G15/><T57/><D98/><N who="1" m="61591" /><E132/><V117/><F128/><W124/><G124/><T119/><D101/><U88/><E88/><N who="2" m="51239" /><F117/><W90/><G90/><T14/><D119/><U94/><E94/><V115/><F115/><W71/><G71/><T68/><D68/><U62/><E62/><V0/><F0/><W135/><G135/><T29/><D29/><U42/><E43/><V27/><F27/><W74/><G74/><T126/><D126/><U41/><E42/><V1/><F1/><W95/><G95/><RYUUKYOKU ba="1,0" sc="250,-30,380,10,250,10,120,10" hai1="3,5,16,18,39,41,46,75,78,81" hai2="9,12,21,25,30,83,87,89,97,99" hai3="4,10,13,58,59,76,82,86,120,122" /><INIT seed="1,2,0,1,4,73" ten="220,390,260,130" oya="1" hai0="27,33,5,113,53,103,105,22,13,34,107,84,104" hai1="39,57,12,112,59,31,116,110,56,68,6,101,43" hai2="78,60,20,129,128,83,132,35,122,120,26,16,125" hai3="97,19,131,106,41,80,8,85,74,50,29,89,55"/><U3/><E68/><V71/><F125/><W23/><G131/><N who="2" m="50249" /><F132/><W81/><G41/><T42/><D113/><U102/><E112/><V121/><F35/><W66/><G66/><T52/><D103/><U100/><E3/><V88/><F88/><W9/><G29/><T40/><D13/><U115/><E115/><V64/><F122/><W17/><G106/><T47/><D5/><U25/><E116/><V79/><F79/><W77/><G97/><T90/><D34/><U119/><E119/><V86/><AGARI ba="2,0" hai="16,20,26,60,64,71,78,83,86,120,121" m="50249" machi="86" ten="30,4000,0" yaku="19,1,52,1,54,1" doraHai="73" who="2" fromWho="2" sc="220,-12,390,-22,260,46,130,-12" /><INIT seed="2,0,0,1,0,87" ten="208,368,306,118" oya="2" hai0="43,76,71,48,5,118,37,28,10,40,80,56,132" hai1="44,78,96,83,29,22,47,17,110,82,35,4,75" hai2="111,7,116,61,63,24,34,39,38,112,120,68,72" hai3="1,33,15,8,45,36,128,90,0,124,16,20,84"/><V57/><F112/><W135/><G124/><T130/><D71/><U107/><E110/><V93/><F116/><W127/><G127/><T81/><D118/><U25/><E4/><V59/><F120/><W97/><G135/><T41/><D132/><U51/><E83/><V106/><F106/><W115/><G128/><T50/><D130/><U119/><E119/><V12/><F72/><W100/><G33/><T117/><D117/><U73/><E73/><V67/><F111/><W6/><G115/><T42/><D37/><U92/><E51/><V70/><F93/><W60/><G60/><T58/><D28/><U104/><E104/><V54/><F34/><W126/><G126/><T32/><D32/><U2/><E2/><V79/><F79/><W98/><G0/><T131/><D131/><U55/><E55/><V23/><F7/><W49/><G100/><T27/><D27/><U123/><E107/><V125/><F12/><W74/><G36/><N who="2" m="13865" /><F23/><W14/><G1/><T11/><D81/><U46/><E123/><V134/><F24/><W102/><G102/><T103/><D103/><U94/><E96/><V62/><F125/><W65/><G65/><T9/><D5/><U89/><E94/><V99/><F99/><W52/><G74/><T88/><D76/><U108/><E108/><V113/><F134/><W64/><G64/><T13/><D13/><N who="1" m="9519" /><E92/><AGARI ba="0,0" hai="6,8,14,15,16,20,45,49,52,84,90,92,97,98" machi="92" ten="30,8000,1" yaku="7,1,8,1,52,1,54,2" doraHai="87" who="3" fromWho="1" sc="208,0,368,-80,306,0,118,80" /><INIT seed="3,0,0,1,5,40" ten="208,288,306,198" oya="3" hai0="93,101,115,134,88,87,26,123,3,42,15,86,92" hai1="119,20,122,64,32,111,82,108,56,46,78,112,35" hai2="5,98,89,1,0,114,127,21,58,7,65,59,117" hai3="18,133,54,126,72,62,107,77,84,71,128,104,75"/><W130/><G18/><T76/><D3/><U27/><E122/><V4/><F114/><W105/><G54/><T12/><D123/><U70/><E70/><V51/><F117/><W43/><G43/><T55/><D115/><U85/><E112/><V11/><F127/><W94/><G62/><T95/><D134/><U17/><E119/><V113/><F113/><W66/><G66/><T34/><D42/><U61/><REACH who="1" step="1"/><E46/><REACH who="1" ten="208,278,306,198" step="2"/><V23/><F58/><W116/><G71/><T6/><D101/><U124/><E124/><V31/><F59/><W73/><G116/><T90/><D34/><AGARI ba="0,1" hai="17,20,27,32,34,35,56,61,64,78,82,85,108,111" machi="34" ten="40,2600,0" yaku="1,1,53,1" doraHai="40" doraHaiUra="81" who="1" fromWho="0" sc="208,-26,278,36,306,0,198,0" /><INIT seed="4,0,0,2,1,101" ten="182,314,306,198" oya="0" hai0="88,15,127,81,69,2,60,71,97,20,42,57,74" hai1="95,131,87,18,106,90,44,21,110,109,7,35,53" hai2="3,45,33,66,108,28,32,123,24,70,125,41,5" hai3="36,96,47,39,19,85,79,34,68,75,135,83,37"/><T133/><D2/><U64/><E35/><V76/><F108/><W17/><G135/><T128/><D133/><U23/><E64/><V134/><F123/><W100/><G68/><T65/><D128/><U13/><E131/><V54/><F54/><W29/><G47/><T48/><D127/><U12/><E106/><V30/><F134/><W62/><G62/><T103/><D42/><U78/><E78/><V43/><F43/><W112/><G112/><T126/><D126/><U14/><E109/><V104/><F76/><W16/><G29/><T119/><D119/><U0/><E110/><V129/><F129/><W114/><G114/><T25/><D15/><N who="1" m="9439" /><E0/><V46/><F125/><W116/><G34/><T31/><D48/><N who="1" m="28807" /><E23/><V56/><F33/><W49/><G49/><T98/><D74/><U63/><E63/><V8/><F46/><W132/><G132/><T50/><D50/><U52/><E52/><V6/><F32/><W91/><G116/><T4/><D4/><AGARI ba="0,0" hai="4,7,12,13,14,87,90,95" m="28807,9439" machi="4" ten="30,1000,0" yaku="8,1" doraHai="101" who="1" fromWho="0" sc="182,-10,314,10,306,0,198,0" /><INIT seed="5,0,0,2,1,29" ten="172,324,306,198" oya="1" hai0="59,78,31,16,66,134,86,34,133,12,39,118,89" hai1="126,99,46,17,77,61,32,119,92,13,3,109,33" hai2="40,0,135,1,36,70,38,43,88,132,23,71,76" hai3="131,22,117,7,65,10,113,18,21,64,122,27,37"/><U125/><E3/><V28/><F28/><W60/><G37/><T75/><D118/><U20/><E119/><V100/><F100/><W85/><G117/><T8/><D39/><U98/><E109/><V15/><F76/><W127/><G127/><N who="1" m="48650" /><E77/><V48/><F23/><W103/><G131/><T79/><D75/><U68/><E46/><V49/><REACH who="2" step="1"/><F15/><REACH who="2" ten="172,324,296,198" step="2"/><W87/><G21/><T83/><D79/><U121/><E121/><V73/><F73/><W114/><G122/><T67/><D78/><U53/><E99/><V58/><F58/><N who="3" m="36887" /><G103/><T124/><D124/><U57/><E68/><V72/><F72/><W90/><G90/><AGARI ba="0,1" hai="13,17,20,32,33,53,57,61,90,92,98" m="48650" machi="90" ten="30,5800,0" yaku="18,1,52,2" doraHai="29" who="1" fromWho="3" sc="172,0,324,68,296,0,198,-58" /><AGARI ba="0,0" hai="0,1,36,38,40,43,48,49,70,71,88,90,132,135" machi="90" ten="25,6400,0" yaku="1,1,22,2,54,1,53,0" doraHai="29" doraHaiUra="104" who="2" fromWho="3" sc="172,0,392,0,296,64,140,-64" /><INIT seed="5,1,0,0,2,125" ten="172,392,360,76" oya="1" hai0="47,58,69,65,96,37,49,50,23,9,98,113,30" hai1="26,13,42,129,10,92,7,52,127,24,1,99,82" hai2="5,88,76,100,44,83,123,35,94,72,62,111,79" hai3="61,39,43,14,97,54,2,59,102,104,56,87,74"/><U122/><E122/><V118/><F35/><W4/><G74/><T131/><D69/><U115/><E127/><V103/><F5/><W80/><G2/><T53/><D37/><U105/><E105/><V68/><F111/><W90/><G39/><T93/><D113/><U31/><E115/><V16/><F123/><W28/><G28/><T11/><D131/><U46/><E82/><V19/><F79/><W33/><G33/><T40/><D65/><U34/><E26/><V71/><F118/><W12/><G43/><T114/><D114/><U60/><E129/><V18/><F44/><W70/><G70/><T20/><D96/><U29/><E29/><V119/><F119/><W101/><G4/><T89/><D20/><U41/><E1/><V32/><F32/><W57/><G102/><T77/><D77/><U124/><E124/><V36/><F36/><W0/><G0/><T134/><D134/><U86/><E86/><V106/><F106/><W38/><G38/><T107/><D107/><U67/><E46/><V64/><REACH who="2" step="1"/><F71/><REACH who="2" ten="172,392,350,76" step="2"/><W63/><REACH who="3" step="1"/><G59/><REACH who="3" ten="172,392,350,66" step="2"/><T51/><D58/><N who="1" m="34887" /><E34/><V91/><F91/><W112/><G112/><T116/><D116/><U133/><E7/><V110/><F110/><W108/><G108/><T73/><D40/><U22/><E42/><V55/><F55/><AGARI ba="1,2" hai="12,14,54,55,56,57,61,63,80,87,90,97,101,104" machi="55" ten="30,3900,0" yaku="1,1,7,1,9,1,53,0" doraHai="125" doraHaiUra="17" who="3" fromWho="2" sc="172,0,392,0,350,-42,66,62" /><INIT seed="6,0,0,0,4,81" ten="172,392,308,128" oya="2" hai0="132,63,129,135,37,121,96,72,124,9,34,18,30" hai1="55,105,117,10,27,110,98,118,53,85,64,31,126" hai2="40,68,56,131,49,86,130,5,109,38,62,87,116" hai3="112,25,128,123,19,97,95,39,90,59,0,44,61"/><V91/><F116/><W8/><G123/><T113/><D121/><U35/><E110/><V69/><F109/><W104/><G128/><N who="2" m="49193" /><F38/><W20/><G104/><T94/><D129/><U82/><E126/><V16/><F5/><W80/><G112/><T41/><D72/><U99/><E99/><V67/><F16/><W76/><G39/><T70/><D113/><U88/><E64/><V57/><F87/><W65/><G44/><N who="0" m="23599" /><D124/><U103/><REACH who="1" step="1"/><E10/><REACH who="1" ten="172,382,308,128" step="2"/><V3/><F3/><W92/><G0/><T83/><D9/><U45/><E45/><N who="2" m="25767" /><F69/><W21/><G8/><T74/><D70/><U77/><E77/><V43/><F43/><W36/><G36/><T47/><D47/><U24/><E24/><V46/><F46/><W101/><G21/><T93/><D96/><U84/><E84/><V51/><F51/><W22/><G22/><T60/><D74/><U89/><E89/><V50/><F50/><W14/><G25/><T66/><D60/><U127/><E127/><V122/><F122/><W73/><G90/><T17/><D63/><U15/><E15/><V71/><F71/><W100/><REACH who="3" step="1"/><G97/><REACH who="3" ten="172,382,308,118" step="2"/><T12/><D12/><U23/><E23/><V4/><F4/><W42/><G42/><T108/><D108/><U26/><E26/><V6/><F6/><W119/><G119/><AGARI ba="0,2" hai="27,31,35,53,55,82,85,88,98,103,105,117,118,119" machi="119" ten="40,5200,0" yaku="1,1,52,1,54,1,53,0" doraHai="81" doraHaiUra="75" who="1" fromWho="3" sc="172,0,382,72,308,0,118,-52" /><INIT seed="7,0,0,0,1,102" ten="172,454,308,66" oya="3" hai0="84,4,75,111,73,110,41,122,67,33,106,127,87" hai1="81,30,6,20,38,1,29,16,116,32,64,34,44" hai2="98,7,37,109,5,50,79,10,117,120,53,23,96" hai3="82,49,130,42,89,78,48,135,26,58,31,22,21"/><W105/><G130/><T124/><D122/><U24/><E64/><V85/><F109/><N who="0" m="41482" /><D33/><U54/><E81/><V65/><F37/><W52/><G135/><T119/><D119/><U125/><E54/><V107/><F117/><W18/><G89/><T103/><D4/><U35/><E44/><V62/><F120/><W93/><G93/><T12/><D12/><U76/><E76/><V95/><F23/><W128/><G128/><T88/><D87/><U101/><E101/><V126/><F126/><N who="0" m="48170" /><D67/><U15/><E38/><V99/><F7/><W61/><G42/><T121/><D121/><U92/><E92/><V55/><F85/><W70/><G70/><T72/><D41/><U123/><E125/><V129/><F129/><W43/><G43/><T118/><D118/><U51/><E51/><V97/><F79/><W66/><G66/><T100/><D106/><U83/><E83/><AGARI ba="0,0" hai="72,73,75,83,84,88,100,103" m="48170,41482" machi="83" ten="40,8000,1" yaku="18,1,34,2,54,1" doraHai="102" who="0" fromWho="1" sc="172,80,454,-80,308,0,66,0" owari="252,-15.0,374,47.0,308,11.0,66,-43.0" /></mjloggm>