<mjloggm ver="2.3"><GO type="169" lobby="0"/><UN n0="%E5%B0%B1%E6%B4%BB%E7%94%9F%40%E5%B7%9D%E6%9D%91%E8%BB%8D%E5%9B%A3" n1="%41%54%4D%31%34%32%39" n2="%7A%65%6C%64%65%6E" n3="%E3%83%94%E3%83%B3%E3%82%AF%E3%81%AE%E3%81%84%E3%81%BC%E3%81%84%E3%81%BC" dan="17,16,19,16" rate="2204.49,2052.07,2254.13,2112.25" sx="M,M,M,M"/><TAIKYOKU oya="0"/><INIT seed="0,0,0,5,4,6" ten="250,250,250,250" oya="0" hai0="113,25,106,65,99,124,85,118,52,121,94,122,17" hai1="87,15,37,39,3,102,96,42,68,115,58,92,105" hai2="9,43,119,27,108,1,133,20,78,49,10,54,46" hai3="72,93,74,117,104,73,135,8,61,33,28,2,126"/><T53/><D113/><U44/><E3/><V16/><F108/><W79/><G117/><T69/><D118/><U30/><E68/><V67/><F119/><W127/><G135/><T57/><D124/><N who="3" m="47657" /><G104/><T4/><D106/><U91/><E115/><V77/><F133/><W120/><G93/><T95/><D69/><U131/><E131/><V81/><F1/><W32/><G120/><T22/><D4/><U56/><E37/><V75/><F67/><W21/><G79/><T89/><D65/><U116/><E116/><V112/><F112/><W83/><G83/><T36/><D36/><U19/><REACH who="1" step="1"/><E30/><REACH who="1" ten="250,240,250,250" step="2"/><V64/><F77/><W123/><G123/><T47/><D47/><U129/><E129/><V86/><F64/><W132/><G132/><T41/><D41/><U70/><E70/><V107/><F107/><W109/><G28/><T55/><REACH who="0" step="1"/><D57/><REACH who="0" ten="240,240,250,250" step="2"/><U128/><E128/><V103/><F43/><W5/><G2/><T14/><D14/><U114/><E114/><V26/><F46/><W31/><G109/><T97/><D97/><U0/><E0/><V88/><F54/><W11/><G5/><T29/><D29/><U82/><E82/><V18/><F81/><W98/><G98/><T35/><D35/><U38/><E38/><V51/><F26/><N who="3" m="16847" /><G32/><T23/><D23/><AGARI ba="0,2" hai="15,19,23,39,42,44,56,58,87,91,92,96,102,105" machi="23" ten="30,3900,0" yaku="1,1,7,1,53,1" doraHai="6" doraHaiUra="12" who="1" fromWho="0" sc="240,-39,240,59,250,0,250,0" /><INIT seed="1,0,0,3,0,10" ten="201,299,250,250" oya="1" hai0="37,70,132,90,112,89,24,113,14,126,98,49,22" hai1="68,99,129,120,9,78,82,51,25,124,123,73,106" hai2="131,23,104,39,84,52,40,121,72,87,53,133,56" hai3="95,41,64,135,100,110,59,28,34,16,77,97,60"/><U116/><E116/><V76/><F121/><W86/><G110/><T3/><D37/><U92/><E68/><V88/><F104/><W35/><G135/><T21/><D3/><U27/><E124/><V130/><F133/><W83/><G41/><T80/><D70/><U128/><E51/><V69/><F69/><W32/><REACH who="3" step="1"/><G16/><REACH who="3" ten="201,299,250,240" step="2"/><T33/><D132/><U74/><E123/><V63/><F40/><W15/><G15/><T93/><D113/><U46/><E120/><V19/><F39/><W0/><G0/><T107/><D112/><U85/><E27/><AGARI ba="0,1" hai="27,28,32,34,35,59,60,64,77,83,86,95,97,100" machi="27" ten="40,1300,0" yaku="1,1,53,0" doraHai="10" doraHaiUra="11" who="3" fromWho="1" sc="201,0,299,-13,250,0,240,23" /><INIT seed="2,0,0,2,4,83" ten="201,286,250,263" oya="2" hai0="11,4,103,65,85,129,64,50,98,96,127,121,66" hai1="41,105,128,60,61,26,43,114,27,130,78,87,48" hai2="51,110,86,132,19,119,107,104,15,53,34,12,118" hai3="79,28,52,6,72,77,24,54,99,113,122,124,109"/><V49/><F34/><W71/><G122/><T7/><D121/><U40/><E105/><V21/><F132/><W1/><G71/><T120/><D120/><U29/><E114/><V30/><F30/><W5/><G113/><T58/><D129/><N who="1" m="49771" /><E48/><V82/><F110/><W117/><G117/><T90/><D127/><U17/><E17/><V69/><F69/><W116/><G116/><T36/><D36/><U59/><E59/><V14/><F118/><W125/><G109/><T80/><D103/><U88/><E78/><N who="3" m="29706" /><G99/><N who="0" m="37931" /><D11/><U63/><E29/><V57/><F51/><W93/><G93/><AGARI ba="0,0" hai="26,27,40,41,43,60,61,63,87,88,93" m="49771" machi="93" ten="40,5200,0" yaku="19,1,52,1,54,1" doraHai="83" who="1" fromWho="3" sc="201,0,286,52,250,0,263,-52" /><INIT seed="3,0,0,1,5,108" ten="201,338,250,211" oya="3" hai0="90,114,70,25,45,129,80,46,101,89,19,30,41" hai1="109,100,73,132,96,97,26,105,81,55,82,58,3" hai2="102,9,57,134,118,92,1,61,117,42,64,74,133" hai3="113,72,20,130,84,62,103,87,95,24,12,11,85"/><W93/><G113/><T35/><D70/><U31/><E109/><V135/><F74/><W18/><G72/><T43/><D129/><U106/><E3/><V52/><F42/><W15/><G130/><T60/><D101/><U47/><E132/><V88/><F102/><W27/><G62/><T76/><D60/><U63/><E97/><N who="2" m="57479" /><F64/><W6/><G103/><T22/><D114/><U4/><E4/><AGARI ba="0,0" hai="1,4,9,52,57,61,117,118,133,134,135" m="57479" machi="4" ten="30,3900,0" yaku="20,1,54,2" doraHai="108" who="2" fromWho="1" sc="201,0,338,-39,250,39,211,0" /><INIT seed="4,0,0,5,3,61" ten="201,299,289,211" oya="0" hai0="11,66,130,63,85,106,14,16,36,90,15,37,75" hai1="110,6,105,84,86,128,81,116,114,50,93,30,112" hai2="49,95,52,121,27,45,21,98,87,42,58,101,89" hai3="53,67,135,103,96,92,70,115,51,56,124,79,40"/><T59/><D130/><U33/><E105/><V22/><F121/><W65/><G115/><N who="1" m="44074" /><E110/><V1/><F1/><W32/><G32/><T127/><D127/><U113/><E116/><V122/><F122/><W109/><G109/><T48/><D106/><U44/><E6/><V24/><F24/><W38/><G124/><T26/><D75/><U9/><E9/><V83/><REACH who="2" step="1"/><F27/><REACH who="2" ten="201,299,279,211" step="2"/><W8/><G135/><T73/><D26/><N who="1" m="18647" /><E113/><V12/><F12/><W133/><G133/><T88/><D73/><U82/><E128/><V13/><F13/><W43/><G38/><AGARI ba="0,1" hai="21,22,38,42,45,49,52,58,83,87,89,95,98,101" machi="38" ten="30,3900,0" yaku="1,1,7,1,54,1,53,0" doraHai="61" doraHaiUra="108" who="2" fromWho="3" sc="201,0,299,0,279,49,211,-39" /><INIT seed="5,0,0,2,5,107" ten="201,299,328,172" oya="1" hai0="49,122,36,110,1,106,121,124,12,109,39,51,71" hai1="128,8,119,37,104,30,4,82,70,67,29,113,57" hai2="42,127,46,132,131,63,123,17,129,91,120,117,31" hai3="19,101,60,79,97,64,16,58,105,92,14,72,65"/><U130/><E119/><V78/><F31/><W115/><G115/><T118/><D1/><U9/><E37/><N who="0" m="14409" /><D106/><U61/><E104/><V45/><F78/><W21/><G105/><T6/><D6/><U55/><E113/><V47/><F117/><W15/><G79/><T18/><D18/><U26/><E82/><V53/><F91/><W85/><G85/><T3/><D12/><U126/><E126/><V102/><F17/><W27/><G72/><T98/><D98/><U20/><E30/><V100/><F42/><W84/><G84/><T54/><D3/><U11/><REACH who="1" step="1"/><E4/><REACH who="1" ten="201,289,328,172" step="2"/><V88/><F127/><W23/><REACH who="3" step="1"/><G27/><REACH who="3" ten="201,289,328,162" step="2"/><T89/><D124/><U43/><E43/><V94/><F123/><W125/><G125/><T38/><D118/><U48/><AGARI ba="0,2" hai="8,9,11,20,26,29,48,55,57,61,67,70,128,130" machi="48" ten="30,12000,1" yaku="1,1,0,1,53,3" doraHai="107" doraHaiUra="7" who="1" fromWho="1" sc="201,-40,289,140,328,-40,162,-40" /><INIT seed="5,1,0,3,5,97" ten="161,429,288,122" oya="1" hai0="130,89,11,117,61,113,32,122,110,90,35,60,7" hai1="53,17,40,55,98,120,96,43,127,18,78,31,8" hai2="58,94,48,45,44,13,124,132,125,111,54,63,10" hai3="68,36,49,24,28,52,115,128,101,123,1,102,33"/><U108/><E120/><V39/><F111/><W93/><G123/><T66/><D110/><U42/><E108/><V107/><F107/><W46/><G1/><T26/><D122/><U62/><E31/><V133/><F94/><W27/><G68/><T22/><D117/><U134/><E127/><N who="2" m="48715" /><F13/><W69/><G69/><T118/><D113/><U47/><E78/><V64/><F10/><W2/><G2/><T12/><D118/><U73/><E73/><V105/><F105/><W129/><G115/><T6/><D130/><N who="3" m="50281" /><G93/><T19/><D35/><U88/><E8/><V91/><F91/><N who="0" m="34826" /><D32/><U65/><E96/><V71/><F39/><W106/><G106/><T75/><D75/><U38/><E38/><V57/><F57/><N who="3" m="32911" /><G27/><T121/><D121/><U84/><E98/><V56/><F58/><W95/><G95/><T82/><D82/><N who="1" m="49175" /><E18/><V112/><F112/><W3/><G3/><T4/><D66/><U81/><E65/><V87/><F87/><W29/><G29/><AGARI ba="1,0" hai="4,6,7,11,12,19,22,26,29,60,61" m="34826" machi="29" ten="30,1000,0" yaku="8,1" doraHai="97" who="0" fromWho="3" sc="161,13,429,0,288,0,122,-13" /><INIT seed="6,0,0,1,1,107" ten="174,429,288,109" oya="2" hai0="61,128,117,89,88,81,29,102,86,127,115,67,63" hai1="133,108,57,47,24,35,109,7,26,80,113,4,54" hai2="103,62,39,45,22,110,21,60,119,91,121,13,112" hai3="97,19,134,2,123,28,17,36,125,9,94,20,101"/><V76/><F119/><W32/><G123/><T79/><D115/><U82/><E133/><V48/><F39/><W8/><G36/><T131/><D117/><U65/><E113/><V93/><F121/><W3/><G134/><T53/><D127/><U15/><E65/><V41/><F112/><W77/><G125/><T116/><D116/><U85/><E47/><V30/><F103/><W104/><G104/><T43/><D43/><U37/><E37/><V68/><F68/><W129/><G77/><T100/><D29/><U34/><E15/><V66/><F66/><W99/><G129/><N who="0" m="49739" /><D53/><U46/><E46/><V95/><F76/><W71/><G71/><N who="0" m="42479" /><D63/><U31/><E31/><V92/><F91/><AGARI ba="0,0" hai="79,81,86,88,89,91,100,102" m="42479,49739" machi="91" ten="30,2000,0" yaku="19,1,54,1" doraHai="107" who="0" fromWho="2" sc="174,20,429,0,288,-20,109,0" /><INIT seed="7,0,0,1,0,108" ten="194,429,268,109" oya="3" hai0="114,109,23,77,58,47,113,6,72,100,93,94,42" hai1="22,123,17,13,48,105,110,21,36,28,96,31,133" hai2="46,85,71,38,75,26,81,68,12,65,87,95,11" hai3="103,33,64,118,29,107,34,117,3,54,2,25,18"/><W127/><G64/><T89/><D109/><U132/><E123/><V76/><F65/><W5/><G54/><T27/><D6/><U14/><E36/><V130/><F130/><W112/><G112/><N who="0" m="43115" /><D100/><N who="1" m="62599" /><E48/><V45/><F26/><N who="3" m="18615" /><G18/><N who="0" m="12791" /><D58/><U101/><E101/><V122/><F46/><W90/><G90/><T63/><D63/><U129/><E129/><V62/><F62/><W35/><G127/><T20/><D20/><U86/><E22/><V19/><F45/><W59/><G59/><T80/><D89/><U37/><E21/><V124/><F71/><W32/><G25/><T70/><D70/><U56/><E56/><V84/><F68/><W67/><G67/><T98/><D98/><U78/><E110/><V73/><F124/><W4/><G103/><T125/><D125/><U97/><E97/><V88/><F88/><W104/><G104/><T120/><D120/><U16/><E31/><V134/><F95/><W52/><G52/><T41/><D41/><U99/><E28/><V55/><F55/><W30/><G30/><T79/><D79/><U131/><E78/><V60/><F76/><W9/><G107/><T135/><D135/><U43/><E132/><V102/><F134/><W7/><G9/><T111/><D111/><U61/><E133/><V119/><F60/><W39/><G39/><AGARI ba="0,0" hai="39,42,47,72,77,80,93,94" m="12791,43115" machi="39" ten="30,8000,1" yaku="15,1,11,1,52,3" doraHai="108" who="0" fromWho="3" sc="194,80,429,0,268,0,109,-80" owari="274,7.0,429,53.0,268,-13.0,29,-47.0" /></mjloggm>