<mjloggm ver="2.3"><GO type="225" lobby="0"/><UN n0="%6A%64%75%68%67%72%79%32" n1="%E5%B0%B1%E6%B4%BB%E7%94%9F%40%E5%B7%9D%E6%9D%91%E8%BB%8D%E5%9B%A3" n2="%E5%91%89%E5%AF%8C%E6%98%A5" n3="%E3%81%AD%E3%81%93%E3%81%A0%E3%81%BE" dan="16,16,16,16" rate="2114.25,2137.24,2111.35,2060.33" sx="M,M,M,M"/><TAIKYOKU oya="0"/><INIT seed="0,0,0,3,1,134" ten="250,250,250,250" oya="0" hai0="119,39,76,71,18,54,53,82,42,24,7,5,90" hai1="19,50,45,9,60,96,91,31,26,48,52,135,132" hai2="107,86,128,67,115,81,40,29,124,75,20,23,79" hai3="61,110,72,116,17,32,94,109,102,127,35,80,66"/><T88/><D119/><U120/><E120/><V83/><F67/><W105/><G94/><T56/><D71/><U106/><E60/><V84/><F40/><W118/><G17/><T95/><D42/><U126/><E126/><V8/><F115/><W100/><G127/><T93/><D39/><U27/><E50/><V55/><F128/><W129/><G129/><T78/><D18/><U57/><E57/><V15/><F107/><W6/><G6/><T130/><D130/><U16/><E9/><V21/><F75/><W64/><G72/><T69/><D69/><U123/><E123/><V47/><F124/><W59/><G80/><T3/><D24/><U11/><E11/><V73/><F29/><W1/><G59/><T13/><D3/><U10/><E10/><V44/><F73/><W133/><G133/><N who="1" m="51274" /><E27/><V108/><F108/><W4/><G61/><N who="0" m="35983" /><D54/><U51/><E51/><V22/><N who="2" m="5120" /><DORA hai="0" /><V2/><F2/><W46/><G1/><T85/><D13/><U122/><E122/><V70/><F70/><W125/><G125/><T14/><D14/><U63/><E63/><V112/><F112/><W74/><G116/><T28/><D28/><U62/><E62/><V104/><F55/><W111/><G118/><T36/><D36/><U34/><E106/><V49/><F104/><W114/><G105/><T98/><D78/><U121/><E121/><V30/><F49/><W38/><G114/><T43/><D43/><U12/><E12/><V68/><F68/><W117/><G117/><T58/><D58/><U103/><E103/><N who="3" m="39466" /><G38/><T77/><D77/><U131/><E131/><RYUUKYOKU ba="0,0" sc="250,15,250,15,250,-15,250,-15" hai0="5,7,76,82,85,88,90,93,95,98" hai1="16,19,26,31,34,45,48,52,91,96" /><INIT seed="0,1,0,3,4,7" ten="265,265,235,235" oya="0" hai0="82,116,135,19,54,124,70,87,79,86,75,76,101" hai1="88,56,129,121,107,114,60,98,21,69,48,102,45" hai2="47,30,10,62,39,5,3,68,13,128,89,97,34" hai3="4,6,113,127,2,118,133,49,78,93,94,58,84"/><T23/><D116/><U73/><E121/><V104/><F128/><W11/><G118/><T20/><D70/><U81/><E69/><V26/><F89/><W111/><G113/><T72/><D124/><U131/><E114/><V67/><F13/><N who="3" m="5351" /><G111/><T38/><D38/><U106/><E106/><V71/><F71/><W103/><G2/><T100/><D135/><U115/><E115/><V31/><F31/><W125/><G133/><T132/><D132/><U96/><E21/><V74/><F74/><W95/><G6/><T120/><D54/><U64/><E73/><V112/><F112/><W32/><G32/><T29/><D82/><U35/><E35/><V44/><F39/><W40/><G103/><AGARI ba="1,0" hai="3,5,10,26,30,34,44,47,62,67,68,97,103,104" machi="103" ten="40,5200,0" yaku="25,2,52,1" doraHai="7" who="2" fromWho="3" sc="265,0,265,0,235,55,235,-55" /><INIT seed="1,0,0,0,2,102" ten="265,265,290,180" oya="1" hai0="96,125,39,68,94,78,111,53,95,22,57,61,24" hai1="128,113,60,129,77,66,7,42,86,52,54,85,9" hai2="40,21,67,73,33,2,44,88,76,4,131,108,135" hai3="31,10,116,132,12,0,25,74,112,82,97,110,8"/><U5/><E113/><V16/><F33/><W92/><G112/><T83/><D111/><U37/><E37/><V50/><F108/><W28/><G110/><T70/><D39/><U63/><E42/><V43/><F131/><N who="1" m="50249" /><E77/><V91/><F135/><W65/><G132/><T59/><D125/><U103/><E103/><V26/><F67/><W109/><G109/><T134/><D134/><U41/><E41/><V45/><F76/><W130/><G130/><T71/><D57/><N who="1" m="34855" /><E54/><V15/><F73/><W35/><G74/><T79/><D96/><U49/><E49/><N who="2" m="26759" /><F2/><W107/><G65/><T119/><D119/><U106/><E106/><V3/><F3/><W23/><G107/><T1/><D1/><N who="1" m="175" /><E7/><V120/><F120/><W118/><G97/><T29/><REACH who="0" step="1"/><D79/><REACH who="0" ten="255,265,290,180" step="2"/><U30/><E30/><N who="2" m="17743" /><F4/><N who="3" m="1031" /><G28/><T13/><D13/><U34/><E34/><V75/><F75/><AGARI ba="0,1" hai="22,24,29,53,59,61,68,70,71,75,78,83,94,95" machi="75" ten="40,1300,0" yaku="1,1,53,0" doraHai="102" doraHaiUra="69" who="0" fromWho="2" sc="255,23,265,0,290,-13,180,0" /><INIT seed="2,0,0,2,0,129" ten="278,265,277,180" oya="2" hai0="107,123,121,130,12,94,29,19,128,34,134,114,135" hai1="104,124,40,110,0,51,24,52,3,44,7,133,131" hai2="85,91,126,11,57,69,95,70,81,115,39,118,76" hai3="6,14,45,58,50,48,47,112,96,125,4,42,71"/><V61/><F115/><W63/><G125/><T32/><D107/><U1/><E104/><V113/><F126/><W109/><G109/><T62/><D114/><U99/><E124/><V117/><F113/><W16/><G71/><T86/><D62/><U74/><E74/><V35/><F39/><W87/><G112/><T132/><D86/><U83/><E131/><N who="0" m="50217" /><D94/><U106/><E110/><V46/><F35/><N who="0" m="13354" /><D29/><U75/><E24/><V18/><F46/><W127/><G127/><T65/><D65/><U2/><E7/><V59/><F70/><W119/><G119/><T68/><D68/><U64/><E64/><V33/><F69/><W79/><G96/><T27/><D27/><U43/><E0/><V60/><F33/><W10/><G79/><T77/><D77/><U13/><E13/><N who="2" m="7487" /><F117/><W9/><G87/><T5/><D5/><U122/><E122/><V49/><F118/><W93/><G93/><T102/><D102/><U90/><E75/><V53/><F59/><W28/><G28/><T17/><D17/><U26/><E26/><V101/><F101/><W25/><G25/><T105/><D105/><U72/><E72/><V82/><F82/><W84/><G84/><AGARI ba="0,0" hai="49,53,57,60,61,76,81,84,85,91,95" m="7487" machi="84" ten="30,1500,0" yaku="8,1" doraHai="129" who="2" fromWho="3" sc="278,0,265,0,277,15,180,-15" /><INIT seed="2,1,0,2,2,111" ten="278,265,292,165" oya="2" hai0="20,37,119,117,134,95,27,74,34,128,60,9,104" hai1="46,102,76,62,48,70,66,110,123,3,89,23,49" hai2="24,45,68,28,52,101,118,26,61,84,58,77,40" hai3="105,67,75,54,39,72,2,83,121,5,93,86,10"/><V107/><F118/><N who="0" m="45066" /><D104/><U44/><E110/><V85/><F26/><W13/><G121/><T25/><D74/><U43/><E3/><V63/><F77/><W17/><G105/><T122/><D37/><U53/><E123/><V22/><F63/><W98/><G39/><T79/><D79/><U91/><E76/><V38/><REACH who="2" step="1"/><F68/><REACH who="2" ten="278,265,282,165" step="2"/><W73/><G67/><T11/><D60/><U116/><E116/><V97/><AGARI ba="1,1" hai="22,24,28,38,40,45,52,58,61,84,85,97,101,107" machi="97" ten="30,12000,1" yaku="1,1,2,1,0,1,54,1,53,1" doraHai="111" doraHaiUra="36" who="2" fromWho="2" sc="278,-41,265,-41,282,133,165,-41" /><INIT seed="2,2,0,5,3,121" ten="237,224,415,124" oya="2" hai0="128,38,106,64,57,129,105,60,26,82,83,123,15" hai1="89,50,70,66,9,11,45,58,98,133,12,14,7" hai2="76,54,109,51,111,41,31,21,86,68,61,40,67" hai3="53,22,43,96,107,6,5,37,8,36,44,49,100"/><V91/><F76/><W101/><G101/><T131/><D123/><U59/><E70/><V80/><F21/><W81/><G22/><T2/><D2/><U77/><E77/><V3/><F31/><W27/><G27/><T93/><D38/><U13/><E66/><V95/><F3/><W73/><G6/><T132/><D132/><U126/><E126/><V120/><F120/><W119/><G119/><T63/><D26/><U19/><E13/><V78/><F54/><W4/><G4/><T117/><D117/><U94/><E133/><V104/><F104/><N who="0" m="40042" /><D93/><U87/><E98/><N who="2" m="57727" /><F51/><W114/><G114/><T71/><D15/><U47/><E47/><V116/><F116/><W23/><G23/><T56/><D71/><U32/><E32/><V69/><F69/><W134/><G134/><T99/><D99/><U39/><E39/><V29/><F29/><W48/><G81/><T16/><D63/><U124/><E124/><V113/><F113/><W130/><G73/><T127/><D57/><U10/><E10/><V65/><F65/><W102/><G102/><T115/><D127/><U20/><E20/><V18/><F18/><W33/><G33/><T17/><D115/><U90/><E90/><V55/><F55/><AGARI ba="2,0" hai="7,9,11,12,14,19,45,50,55,58,59,87,89,94" machi="55" ten="30,2000,0" yaku="7,1,8,1" doraHai="121" who="1" fromWho="2" sc="237,0,224,26,415,-26,124,0" /><INIT seed="3,0,0,1,0,95" ten="237,250,389,124" oya="3" hai0="77,37,110,16,20,115,84,39,23,27,72,122,45" hai1="15,128,41,47,124,132,25,3,127,7,10,55,65" hai2="68,33,6,88,64,44,13,135,42,54,40,131,121" hai3="89,19,105,36,53,91,117,107,90,74,26,120,61"/><W114/><G117/><T92/><D122/><U126/><E128/><V133/><F121/><W60/><G114/><T80/><D115/><U87/><E132/><N who="2" m="50763" /><F131/><W49/><G120/><T69/><D69/><U75/><E75/><V96/><F33/><W38/><G74/><T51/><D110/><U0/><E65/><V32/><F32/><W34/><G38/><T28/><D72/><U11/><E55/><V108/><F108/><W50/><G36/><T130/><D92/><U17/><E87/><V111/><F111/><W22/><G34/><T82/><D82/><U59/><E59/><V102/><F88/><W8/><G8/><T31/><D130/><U67/><E67/><V56/><F44/><W81/><G81/><T79/><D79/><U4/><E25/><V118/><F64/><W125/><G125/><T129/><D28/><U113/><E113/><V62/><F68/><W14/><G26/><T63/><D63/><U48/><E7/><V106/><F118/><W104/><REACH who="3" step="1"/><G53/><REACH who="3" ten="237,250,389,114" step="2"/><T97/><D129/><U66/><E66/><V100/><F40/><W112/><G112/><T101/><D39/><U109/><E109/><V58/><F42/><W52/><G52/><N who="0" m="29807" /><D37/><U98/><E0/><V73/><F54/><W78/><G78/><T76/><D76/><U99/><AGARI ba="0,1" hai="3,4,10,11,15,17,41,47,48,98,99,124,126,127" machi="99" ten="40,8000,1" yaku="0,1,18,1,52,2" doraHai="95" who="1" fromWho="1" sc="237,-20,250,90,389,-20,114,-40" owari="217,-18.0,340,14.0,369,47.0,74,-43.0" /></mjloggm>