<mjloggm ver="2.3"><GO type="169" lobby="0"/><UN n0="%69%6E%66%6F%31%32%33" n1="%68%69%6E%6F%6D%61%72%75" n2="%E4%BB%B2%E5%B7%9D%E7%BF%94" n3="%E5%B0%B1%E6%B4%BB%E7%94%9F%40%E5%B7%9D%E6%9D%91%E8%BB%8D%E5%9B%A3" dan="17,16,16,17" rate="2158.87,2105.43,2190.74,2253.08" sx="M,M,M,M"/><TAIKYOKU oya="0"/><INIT seed="0,0,0,1,3,93" ten="250,250,250,250" oya="0" hai0="33,107,125,42,20,66,81,117,16,80,39,94,32" hai1="8,3,88,31,27,105,9,119,99,122,0,54,55" hai2="92,23,35,15,131,74,96,69,52,102,126,62,133" hai3="135,53,34,82,37,77,5,104,68,111,129,78,85"/><T4/><D107/><U65/><E119/><V26/><F126/><W91/><G68/><T1/><D117/><U12/><E122/><V71/><F74/><W29/><G37/><T115/><D115/><U90/><E65/><V41/><F131/><W19/><G5/><T86/><D125/><U63/><E0/><V51/><F133/><W110/><G34/><T28/><D66/><U98/><E3/><V22/><F35/><W58/><G29/><T67/><D67/><U73/><E73/><V46/><F15/><W49/><G129/><T103/><D28/><U11/><E105/><V132/><F22/><W72/><G104/><T87/><D39/><U56/><E12/><V60/><F132/><W30/><G30/><T18/><D42/><U123/><E123/><V114/><F114/><W6/><G6/><T79/><D4/><U121/><E121/><V44/><F69/><W112/><G112/><T45/><D45/><U106/><E106/><V124/><F124/><W61/><G135/><T95/><D1/><U108/><E108/><V84/><F84/><W14/><G61/><T120/><D120/><U24/><E55/><V38/><REACH who="2" step="1"/><F71/><REACH who="2" ten="250,250,240,250" step="2"/><W64/><G72/><T13/><D13/><U47/><E27/><V40/><F40/><W70/><G110/><T36/><D20/><N who="1" m="15751" /><E47/><V109/><F109/><W113/><G113/><T127/><D127/><U116/><E116/><V59/><F59/><W130/><G111/><T50/><D33/><U100/><E100/><V43/><F43/><W48/><G130/><T21/><D32/><U89/><AGARI ba="0,1" hai="8,9,11,54,56,63,88,89,90,98,99" m="15751" machi="89" ten="30,7900,0" yaku="8,1,52,2,54,1" doraHai="93" who="1" fromWho="1" sc="250,-39,250,89,240,-20,250,-20" /><INIT seed="1,0,0,5,0,21" ten="211,339,220,230" oya="1" hai0="113,114,110,25,26,63,88,5,9,115,40,4,47" hai1="6,122,24,80,86,93,3,76,59,55,33,61,44" hai2="49,42,39,72,120,94,95,126,20,27,89,71,64" hai3="14,43,1,73,90,130,62,101,31,133,30,15,79"/><U68/><E122/><V38/><F120/><W117/><G1/><T48/><D110/><U11/><E68/><V104/><F104/><W7/><G101/><T29/><D63/><U105/><E105/><V65/><F72/><W13/><G7/><T69/><D69/><U0/><E0/><V116/><F116/><W125/><G117/><T66/><D66/><U107/><E107/><V128/><F126/><W82/><G125/><T78/><D78/><U121/><E121/><V132/><F128/><W92/><G130/><T36/><D29/><U119/><E119/><V103/><F132/><W124/><G124/><T81/><D36/><U41/><E93/><V106/><F106/><W34/><G133/><T85/><REACH who="0" step="1"/><D4/><REACH who="0" ten="201,339,220,230" step="2"/><U111/><E111/><V127/><F39/><W84/><G62/><T50/><D50/><U123/><E123/><V135/><F38/><W75/><G31/><T74/><D74/><U109/><E109/><V67/><F71/><W10/><G73/><T56/><D56/><U102/><E6/><V46/><F127/><W134/><G134/><T51/><D51/><U2/><E61/><V54/><F135/><W108/><G108/><T99/><D99/><U58/><E59/><V28/><F103/><W98/><G75/><T8/><D8/><U131/><E58/><V32/><F32/><W91/><G10/><T77/><D77/><U57/><E11/><V35/><F35/><W12/><G79/><T97/><D97/><U129/><E57/><N who="2" m="32975" /><F89/><W112/><N who="3" m="3584" /><DORA hai="53" /><W18/><G91/><T60/><D60/><U96/><E131/><V16/><F28/><RYUUKYOKU ba="0,1" sc="201,15,339,-15,220,15,230,-15" hai0="5,9,25,26,40,47,48,81,85,88,113,114,115" hai2="16,20,27,42,46,64,65,67,94,95" /><INIT seed="2,1,1,5,3,99" ten="216,324,235,215" oya="2" hai0="13,56,51,45,71,54,133,60,93,83,22,43,113" hai1="0,112,121,48,131,40,123,126,125,76,105,92,79" hai2="20,72,57,29,86,38,110,31,95,17,61,11,3" hai3="74,34,21,66,81,55,91,106,97,36,30,4,134"/><V25/><F38/><W90/><G36/><T10/><D133/><U65/><E0/><V107/><F107/><W6/><G34/><T98/><D113/><U129/><E65/><V63/><F72/><W104/><G134/><T58/><D83/><U103/><E40/><V14/><F110/><W41/><G41/><T19/><D71/><U42/><E48/><V114/><F114/><W132/><G132/><T73/><D73/><U50/><E50/><V62/><F3/><W7/><G66/><T26/><D58/><U111/><E42/><V18/><F57/><W84/><G74/><T122/><D122/><N who="1" m="46603" /><E105/><V2/><F2/><W47/><G91/><AGARI ba="1,1" hai="11,14,17,18,20,25,29,31,61,62,63,86,91,95" machi="91" ten="40,2000,0" yaku="8,1" doraHai="99" who="2" fromWho="3" sc="216,0,324,0,235,33,215,-23" /><INIT seed="2,2,0,0,5,126" ten="216,324,268,192" oya="2" hai0="24,56,63,75,83,130,127,87,28,123,11,91,68" hai1="112,10,17,47,57,69,18,38,134,1,115,79,98" hai2="35,49,117,119,94,37,102,111,116,9,50,4,40" hai3="22,46,77,48,59,7,135,15,114,30,97,45,2"/><V21/><F35/><W6/><G2/><T14/><D123/><U96/><E69/><V44/><F111/><W72/><G135/><T85/><D127/><U121/><E121/><V13/><F102/><W125/><G125/><T39/><D39/><U132/><E79/><V104/><F104/><W34/><G34/><T133/><D133/><N who="1" m="51307" /><E57/><V27/><REACH who="2" step="1"/><F94/><REACH who="2" ten="216,324,258,192" step="2"/><W109/><G109/><T8/><D83/><U52/><E115/><V65/><F65/><W105/><G114/><T74/><D74/><U78/><E112/><V80/><F80/><W64/><G105/><T54/><D75/><U90/><E1/><V118/><N who="2" m="29696" /><DORA hai="29" /><V82/><F82/><W107/><G64/><T84/><D91/><U120/><E90/><V106/><F106/><W76/><G72/><T89/><D89/><U43/><E78/><V108/><F108/><W12/><G107/><T5/><D130/><U42/><E120/><V93/><F93/><W88/><G88/><T25/><D87/><U71/><E98/><V19/><AGARI ba="2,1" hai="4,9,13,19,21,27,37,40,44,49,50" m="29696" machi="19" ten="60,6000,0" yaku="1,1,0,1,53,0" doraHai="126,29" doraHaiUra="129,32" who="2" fromWho="2" sc="216,-22,324,-22,258,76,192,-22" /><INIT seed="2,3,0,5,5,45" ten="194,302,334,170" oya="2" hai0="86,115,59,7,103,47,24,106,73,75,4,40,89" hai1="0,38,64,124,82,33,51,84,48,118,19,135,6" hai2="14,9,83,70,133,8,114,108,123,88,80,57,69" hai3="46,63,3,109,104,15,62,41,74,32,119,2,35"/><V23/><F114/><W29/><G119/><T132/><D115/><U87/><E33/><V76/><F123/><W71/><G74/><T101/><D132/><U49/><E38/><V94/><F133/><W105/><G29/><T98/><D103/><U13/><E135/><V60/><F83/><W112/><G15/><T12/><D24/><U111/><E118/><V72/><F23/><W44/><G112/><T55/><D7/><U102/><E102/><V122/><F108/><W67/><G109/><T126/><D126/><U96/><E111/><V129/><F129/><W68/><G41/><T78/><D78/><U17/><E96/><V22/><F22/><W128/><REACH who="3" step="1"/><G67/><REACH who="3" ten="194,302,334,160" step="2"/><T52/><D40/><U125/><E64/><V130/><F130/><AGARI ba="3,1" hai="2,3,32,35,44,46,62,63,68,71,104,105,128,130" machi="130" ten="25,12000,2" yaku="1,1,2,1,22,2,53,2" doraHai="45" doraHaiUra="30" who="3" fromWho="2" sc="194,0,302,0,334,-129,160,139" /><INIT seed="3,0,0,1,2,111" ten="194,302,205,299" oya="3" hai0="104,56,99,65,52,122,73,32,7,25,103,119,77" hai1="83,58,42,96,61,34,64,36,31,129,92,97,5" hai2="123,69,29,49,59,55,38,84,72,89,3,22,14" hai3="71,24,91,90,35,28,17,117,131,70,18,68,82"/><W121/><G117/><T113/><D119/><U105/><E129/><V94/><F3/><W62/><G121/><T51/><D122/><U37/><E5/><V101/><F72/><W78/><G131/><T130/><D130/><U15/><E105/><V66/><F38/><W95/><G62/><T19/><D7/><U80/><E37/><V46/><F123/><W48/><G48/><T39/><D39/><U133/><E133/><V120/><F120/><W45/><G45/><T67/><D113/><U115/><E115/><V63/><F101/><W44/><G44/><T98/><D98/><U0/><E0/><V11/><F69/><W47/><G47/><T124/><D124/><U41/><E36/><V12/><F11/><W114/><G114/><T4/><D4/><U88/><E31/><V85/><F85/><W126/><G126/><T53/><D53/><U135/><E34/><V75/><F75/><W30/><G30/><T79/><D32/><U74/><E74/><V125/><F125/><W107/><G107/><T87/><D73/><U43/><E135/><V9/><F9/><W93/><G78/><T21/><REACH who="0" step="1"/><D77/><REACH who="0" ten="184,302,205,299" step="2"/><U108/><E108/><V1/><F1/><W100/><G35/><T116/><D116/><U118/><E118/><V27/><AGARI ba="0,1" hai="12,14,22,27,29,46,49,55,59,63,66,84,89,94" machi="27" ten="30,2000,0" yaku="0,1,8,1" doraHai="111" who="2" fromWho="2" sc="184,-5,302,-5,205,30,299,-10" /><INIT seed="4,0,0,1,2,100" ten="179,297,235,289" oya="0" hai0="52,68,42,120,128,118,47,88,33,3,64,122,50" hai1="7,31,35,134,127,34,15,26,0,94,57,109,30" hai2="81,90,32,1,85,18,76,4,75,24,130,104,2" hai3="46,106,25,79,56,63,108,12,115,121,119,116,71"/><T40/><D3/><U96/><E109/><V103/><F130/><W86/><G71/><T87/><D33/><U93/><E0/><V123/><F123/><W105/><G108/><T39/><D118/><U20/><E127/><V53/><F4/><W77/><G25/><T58/><D128/><U14/><E134/><V62/><F53/><W97/><G97/><T61/><D42/><U84/><E35/><V27/><F27/><W78/><G121/><T37/><D37/><U91/><E7/><V10/><F10/><W131/><G131/><T13/><D13/><U73/><E73/><V124/><F124/><W117/><G115/><T44/><D44/><U99/><E84/><V16/><F62/><W49/><G86/><T101/><D101/><U80/><E80/><AGARI ba="0,0" hai="39,40,47,50,52,58,61,64,68,80,87,88,120,122" machi="80" ten="30,12000,1" yaku="7,1,24,2,54,2" doraHai="100" who="0" fromWho="1" sc="179,120,297,-120,235,0,289,0" /><INIT seed="4,1,0,2,5,98" ten="299,177,235,289" oya="0" hai0="38,102,12,59,105,28,100,22,65,78,128,19,85" hai1="58,0,112,67,54,109,70,52,89,115,40,55,20" hai2="116,76,124,96,37,45,68,82,5,104,117,18,29" hai3="122,129,2,113,119,108,73,94,77,41,43,74,1"/><T49/><D38/><U133/><E109/><V97/><F68/><W118/><G77/><T3/><D3/><U15/><E0/><V123/><F123/><W125/><G122/><T81/><D105/><U27/><E40/><V36/><F124/><W44/><G94/><T79/><D128/><U134/><E15/><V31/><F5/><W101/><G44/><T33/><D79/><U13/><E13/><V93/><F18/><W127/><G129/><T51/><D33/><U114/><E70/><V6/><F6/><W83/><G83/><T84/><D84/><U24/><E89/><V26/><F97/><W11/><G11/><T61/><D28/><U88/><E88/><N who="2" m="55335" /><F45/><W75/><G75/><T132/><D132/><N who="1" m="50795" /><E20/><N who="2" m="15559" /><F31/><W30/><G30/><T63/><D63/><AGARI ba="1,0" hai="24,27,52,54,55,58,63,67,112,114,115" m="50795" machi="63" ten="40,8000,1" yaku="15,1,11,1,20,1,54,1" doraHai="98" who="1" fromWho="0" sc="299,-83,177,83,235,0,289,0" /><INIT seed="5,0,0,2,4,45" ten="216,260,235,289" oya="1" hai0="82,69,102,18,128,64,2,39,134,62,61,100,70" hai1="93,10,25,42,125,7,48,22,37,71,35,54,40" hai2="98,13,9,117,34,44,86,78,96,28,89,68,115" hai3="87,43,33,21,85,83,51,129,116,79,110,95,75"/><U72/><E71/><V67/><F117/><W111/><G33/><T20/><D2/><U53/><E72/><V5/><F115/><W1/><G1/><T3/><D3/><U104/><E35/><V65/><F78/><W32/><G32/><T31/><D39/><U80/><E104/><V108/><F108/><W118/><G21/><T38/><D38/><U130/><E37/><V76/><F76/><W103/><G129/><T6/><D6/><U63/><E130/><V15/><F15/><W52/><G43/><T49/><D31/><U131/><E131/><V58/><F68/><W109/><G103/><T74/><D128/><U132/><E132/><V121/><F28/><W90/><REACH who="3" step="1"/><G75/><REACH who="3" ten="216,260,235,279" step="2"/><T91/><D134/><U30/><E125/><V135/><F34/><W12/><G12/><T17/><D74/><U124/><E124/><V122/><F135/><W92/><G92/><T119/><D100/><U127/><E127/><V19/><F122/><W73/><G73/><T16/><D102/><U113/><E93/><V14/><F121/><W41/><G41/><T50/><D119/><U4/><E113/><V24/><F13/><W120/><G120/><T0/><D20/><U36/><E36/><V133/><F14/><W106/><G106/><T57/><D0/><U101/><E101/><V84/><F133/><W47/><AGARI ba="0,1" hai="47,51,52,79,83,85,87,90,95,109,110,111,116,118" machi="47" ten="40,8000,1" yaku="1,1,0,1,52,1,54,1,53,0" doraHai="45" doraHaiUra="11" who="3" fromWho="3" sc="216,-20,260,-40,235,-20,279,90" /><INIT seed="6,0,0,2,5,131" ten="196,220,215,369" oya="2" hai0="112,23,18,39,34,42,30,24,106,2,65,48,130" hai1="25,95,31,97,40,121,99,36,70,20,82,44,135" hai2="58,47,22,108,5,3,52,85,107,76,100,123,72" hai3="115,35,113,114,93,6,29,50,41,66,88,62,27"/><V49/><F123/><W86/><G6/><T96/><D39/><U128/><E70/><V124/><F72/><W92/><G41/><T73/><D73/><U14/><E128/><V90/><F76/><W117/><G117/><T89/><D130/><U133/><E121/><V126/><F108/><W127/><G127/><N who="2" m="48681" /><F100/><W87/><G50/><T51/><D2/><U116/><E116/><V67/><F107/><W57/><G92/><T19/><D112/><U91/><E99/><AGARI ba="0,0" hai="27,29,35,57,62,66,86,87,88,93,99,113,114,115" machi="99" ten="40,5200,0" yaku="15,1,11,1,54,1" doraHai="131" who="3" fromWho="1" sc="196,0,220,-52,215,0,369,52" /><INIT seed="7,0,0,0,1,23" ten="196,168,215,421" oya="3" hai0="117,85,101,37,51,128,86,110,49,105,100,62,79" hai1="124,98,58,84,70,108,97,41,91,59,122,55,88" hai2="78,95,3,125,12,33,61,87,0,77,72,7,10" hai3="113,115,17,104,131,109,19,20,32,44,15,96,75"/><W65/><G32/><T21/><D110/><U127/><E70/><V4/><F33/><W24/><G75/><T74/><D37/><U27/><E41/><V34/><F34/><W16/><G109/><T13/><D74/><U6/><E108/><V90/><F12/><W25/><G131/><T14/><D117/><U132/><E6/><V71/><F125/><W126/><G126/><T38/><D38/><U68/><E68/><V30/><F30/><W52/><G65/><T69/><D69/><U89/><E122/><V107/><F107/><W111/><G111/><T123/><D62/><U54/><E127/><V29/><F29/><W39/><G39/><T114/><D123/><U76/><E124/><V81/><F78/><W80/><G80/><T60/><D60/><U67/><E132/><V2/><F7/><W130/><G130/><T112/><D128/><U18/><E67/><V40/><F40/><W5/><G5/><T133/><D133/><U11/><E11/><V50/><F50/><N who="0" m="18954" /><D79/><U45/><E45/><V57/><F71/><W9/><G96/><N who="1" m="36970" /><E76/><V73/><F73/><W63/><G104/><T116/><D116/><U8/><E84/><N who="0" m="32361" /><D105/><U48/><E48/><V35/><F35/><W43/><G43/><T99/><D99/><U31/><E31/><V26/><F0/><W36/><G36/><T22/><D100/><U56/><E8/><V66/><F2/><W119/><G119/><T118/><D101/><U47/><E47/><V129/><F129/><W1/><G44/><T42/><D42/><U94/><E94/><V93/><F95/><W92/><G92/><RYUUKYOKU ba="0,0" sc="196,-15,168,15,215,15,421,-15" hai1="18,27,54,55,56,58,59,88,89,91" hai2="3,4,10,26,57,61,66,72,77,81,87,90,93" owari="181,-32.0,183,-22.0,230,3.0,406,51.0" /></mjloggm>