<mjloggm ver="2.3"><GO type="169" lobby="0"/><UN n0="%E3%81%AD%E3%81%93%E3%81%A0%E3%81%BE" n1="%72%61%74%74%61%74%74%61" n2="%6D%61%74%69%6F%73%61%6E" n3="%E3%82%A6%E3%83%AB%E3%83%88%E3%83%A9%E7%AB%8B%E7%9B%B4" dan="16,18,18,17" rate="2021.39,2225.33,2239.17,2174.16" sx="M,M,M,M"/><TAIKYOKU oya="0"/><INIT seed="0,0,0,4,2,25" ten="250,250,250,250" oya="0" hai0="50,103,59,112,31,108,66,119,34,74,63,115,38" hai1="4,3,95,53,96,57,18,76,33,5,36,128,84" hai2="123,27,13,121,106,70,75,91,65,101,113,135,98" hai3="90,71,9,102,39,97,30,133,51,6,78,7,2"/><T46/><D119/><U110/><E36/><V124/><F113/><W24/><G39/><T83/><D38/><U29/><E110/><V23/><F135/><W28/><G133/><T8/><D103/><U45/><E45/><V43/><F75/><W32/><G71/><T56/><D56/><U40/><E40/><V107/><F107/><W129/><G78/><T42/><D108/><U61/><E3/><V47/><F124/><W126/><G90/><T17/><D74/><U93/><E128/><V73/><F73/><W100/><G129/><T1/><D83/><U69/><E69/><V125/><F125/><W49/><G126/><T67/><D67/><U116/><E116/><V111/><F111/><W117/><G117/><T99/><D99/><U11/><E33/><V54/><F54/><W127/><G127/><T130/><D130/><U10/><E76/><V82/><F65/><W109/><G109/><T85/><D85/><U37/><E84/><N who="2" m="50583" /><F70/><W64/><G64/><T35/><D35/><U16/><E37/><N who="2" m="21999" /><F27/><N who="3" m="18463" /><G7/><N who="1" m="2634" /><E29/><V22/><F123/><W77/><G77/><T80/><D1/><U81/><E81/><V114/><F121/><W72/><G72/><T104/><D104/><U132/><E132/><V48/><F114/><N who="0" m="43562" /><D80/><U60/><E60/><V68/><F68/><W120/><G120/><T21/><D34/><U26/><E26/><V92/><F48/><N who="3" m="18507" /><G97/><T122/><D122/><U55/><E55/><V52/><F52/><W87/><G87/><T41/><D41/><U94/><E96/><N who="2" m="61735" /><F13/><W134/><G134/><T44/><D42/><U79/><E79/><V89/><AGARI ba="0,0" hai="22,23,89,92,98" m="61735,21999,50583" machi="89" ten="30,1100,0" yaku="5,1" doraHai="25" who="2" fromWho="2" sc="250,-5,250,-3,250,11,250,-3" /><INIT seed="1,0,0,5,0,129" ten="245,247,261,247" oya="1" hai0="87,123,10,114,1,92,102,2,13,17,42,122,95" hai1="74,80,83,58,37,29,133,18,44,132,50,126,98" hai2="104,77,76,90,20,73,101,78,96,23,119,53,135" hai3="19,118,86,130,79,55,12,21,100,0,116,35,27"/><U31/><E126/><V108/><F119/><N who="3" m="45611" /><G100/><T125/><D125/><U25/><E37/><V48/><F73/><W14/><G55/><T22/><D114/><U34/><E31/><V103/><F103/><W94/><G94/><T127/><D127/><U65/><E18/><V97/><F108/><W91/><G91/><N who="0" m="53375" /><D42/><U46/><E65/><V30/><F30/><N who="3" m="19935" /><G86/><T33/><D33/><U85/><E58/><V63/><F63/><W115/><G79/><T47/><D47/><U93/><E74/><V68/><F68/><W134/><G0/><N who="0" m="107" /><D95/><U45/><E50/><V69/><F69/><W11/><G130/><T70/><D102/><U28/><E28/><V49/><F97/><W121/><G121/><N who="0" m="46091" /><D70/><U52/><E52/><V38/><F38/><W128/><G128/><T15/><D15/><U56/><E56/><V88/><F49/><W72/><G115/><T59/><D59/><U36/><E36/><V51/><F48/><W81/><G81/><T7/><D22/><N who="2" m="8234" /><F90/><W60/><G60/><T62/><D62/><U8/><E8/><V111/><F88/><W3/><G3/><T109/><D109/><U99/><E99/><V106/><F111/><W6/><G72/><T75/><D75/><U105/><E105/><V124/><F124/><W41/><G41/><T61/><D61/><U39/><E39/><V40/><F40/><W57/><G57/><T107/><D107/><U54/><E54/><V120/><F106/><W84/><G84/><T43/><D43/><U113/><E85/><V66/><F120/><W5/><G5/><AGARI ba="0,0" hai="5,7,10,13,17" m="46091,107,53375" machi="5" ten="30,1000,0" yaku="13,1" doraHai="129" who="0" fromWho="3" sc="245,10,247,0,261,0,247,-10" /><INIT seed="2,0,0,4,3,53" ten="255,247,261,237" oya="2" hai0="126,84,83,0,26,133,111,80,49,19,10,46,38" hai1="28,115,58,40,35,4,112,71,56,88,67,62,118" hai2="64,119,130,61,75,110,18,57,13,135,97,34,129" hai3="54,68,43,98,77,125,121,70,47,106,36,81,16"/><V33/><F119/><W85/><G121/><T6/><D111/><U30/><E118/><V69/><F75/><W78/><G125/><T94/><D38/><U95/><E40/><V101/><F110/><W51/><G77/><T134/><D126/><U107/><E107/><V123/><F123/><W25/><G98/><T132/><D94/><U29/><E35/><V32/><F135/><W128/><G106/><T63/><D63/><U79/><E79/><V127/><F127/><W3/><G3/><T73/><D73/><U5/><E5/><V76/><F76/><W23/><REACH who="3" step="1"/><G128/><REACH who="3" ten="255,247,261,227" step="2"/><T12/><D0/><U89/><E4/><V7/><F7/><W108/><G108/><T24/><D6/><U103/><E103/><V1/><F1/><W100/><G100/><T2/><D2/><U72/><E72/><V109/><F109/><W87/><G87/><T113/><D84/><U8/><E89/><V122/><F122/><W50/><G50/><T91/><D49/><U105/><E105/><V20/><REACH who="2" step="1"/><F69/><REACH who="2" ten="255,247,251,227" step="2"/><W39/><G39/><T102/><D134/><U60/><E71/><V22/><F22/><W55/><G55/><T41/><D133/><U114/><E8/><V124/><F124/><W14/><G14/><T45/><D12/><U42/><E115/><V117/><F117/><W131/><G131/><T44/><D113/><U17/><E114/><V96/><F96/><W74/><G74/><T92/><D132/><U120/><E112/><V93/><AGARI ba="0,2" hai="13,18,20,32,33,34,57,61,64,93,97,101,129,130" machi="93" ten="40,12000,1" yaku="1,1,0,1,52,1,53,1" doraHai="53" doraHaiUra="59" who="2" fromWho="2" sc="255,-40,247,-40,251,140,227,-40" /><INIT seed="2,1,0,2,2,129" ten="215,207,391,187" oya="2" hai0="40,38,25,35,24,60,56,101,114,107,71,135,87" hai1="55,41,103,50,12,83,44,109,22,93,42,46,84" hai2="9,80,6,95,61,54,131,75,85,3,37,98,28" hai3="57,0,130,21,48,34,10,134,112,52,91,106,76"/><V127/><F37/><W77/><G34/><T69/><D114/><U36/><E109/><V47/><F75/><W63/><G106/><T81/><D40/><U27/><E12/><V2/><F28/><W89/><G130/><T11/><D38/><U31/><E103/><V88/><F131/><W39/><G39/><T125/><D11/><U74/><E74/><V117/><F117/><W64/><G112/><T133/><D125/><U16/><E93/><V73/><F73/><W113/><G113/><T8/><D8/><U23/><E55/><V92/><F127/><W7/><G134/><N who="0" m="51211" /><D101/><U96/><E96/><V123/><F123/><W70/><G91/><N who="0" m="51695" /><D107/><U4/><E4/><V58/><F95/><W18/><REACH who="3" step="1"/><G89/><REACH who="3" ten="215,207,391,177" step="2"/><T78/><D78/><U32/><E36/><V49/><F88/><W118/><G118/><T33/><D33/><U65/><E32/><V66/><F80/><W43/><G43/><T26/><D35/><U67/><E83/><V59/><F2/><W20/><G20/><T99/><D99/><U119/><E119/><V105/><F105/><W94/><G94/><T132/><D132/><U121/><E41/><V72/><F98/><W15/><AGARI ba="1,1" hai="0,7,10,15,18,21,48,52,57,63,64,70,76,77" machi="15" ten="20,8000,1" yaku="1,1,0,1,7,1,54,1,53,1" doraHai="129" doraHaiUra="14" who="3" fromWho="3" sc="215,-21,207,-21,391,-41,177,93" /><INIT seed="3,0,0,1,2,45" ten="194,186,350,270" oya="3" hai0="111,6,69,76,70,55,72,92,7,84,40,73,9" hai1="95,13,49,53,110,26,3,57,109,121,54,24,88" hai2="117,126,128,105,82,114,102,85,11,74,28,64,90" hai3="29,27,21,12,8,65,123,116,56,99,108,2,118"/><W87/><G123/><T130/><D40/><U38/><E3/><V125/><F28/><W71/><G71/><T20/><D111/><N who="1" m="42507" /><E38/><V115/><F64/><W100/><G108/><T83/><D130/><U81/><E81/><V127/><F11/><W98/><G2/><T48/><D20/><U25/><E121/><V120/><F120/><W36/><G36/><T0/><D7/><U39/><E39/><V31/><F31/><W103/><G87/><T46/><REACH who="0" step="1"/><D73/><REACH who="0" ten="184,186,350,270" step="2"/><U17/><E25/><V107/><F128/><W86/><G118/><T101/><D101/><U106/><E106/><N who="2" m="40459" /><F117/><W42/><G116/><T129/><D129/><U35/><E35/><V66/><F102/><W122/><G122/><T89/><AGARI ba="0,1" hai="0,6,9,46,48,55,69,70,72,76,83,84,89,92" machi="89" ten="30,8000,1" yaku="1,1,0,1,52,1,53,2" doraHai="45" doraHaiUra="67" who="0" fromWho="0" sc="184,90,186,-20,350,-20,270,-40" /><INIT seed="4,0,0,5,0,8" ten="274,166,330,230" oya="0" hai0="12,62,112,101,15,44,5,23,63,6,24,122,20" hai1="51,92,109,57,4,94,70,133,53,72,78,47,110" hai2="38,1,115,121,30,135,22,117,79,28,107,128,113" hai3="76,54,75,46,36,88,26,124,7,16,81,102,106"/><T49/><D122/><U84/><E70/><V31/><F121/><W127/><G7/><N who="0" m="2571" /><D101/><U9/><E133/><V0/><F107/><W21/><G102/><T68/><D68/><U77/><E72/><V85/><F38/><W66/><G106/><T131/><D112/><N who="2" m="43082" /><F135/><W58/><G66/><T32/><D32/><U17/><E4/><V41/><F41/><W34/><G34/><T86/><D86/><U90/><E109/><V123/><F123/><W2/><G2/><N who="2" m="1129" /><F128/><W67/><G67/><T64/><D23/><U100/><E110/><V61/><F61/><N who="0" m="23050" /><D64/><U98/><REACH who="1" step="1"/><E57/><REACH who="1" ten="274,156,330,230" step="2"/><V25/><F117/><W52/><G58/><T55/><D131/><U129/><E129/><V73/><F73/><W33/><G75/><T42/><D42/><U114/><E114/><V56/><F56/><W10/><G124/><T91/><D91/><U45/><E45/><V130/><F130/><W134/><G46/><T87/><D87/><U103/><E103/><V48/><F85/><W60/><G88/><T59/><D59/><U13/><AGARI ba="0,1" hai="9,13,17,47,51,53,77,78,84,90,92,94,98,100" machi="13" ten="30,8000,1" yaku="1,1,0,1,8,1,52,1,53,1" doraHai="8" doraHaiUra="95" who="1" fromWho="1" sc="274,-40,156,90,330,-20,230,-20" /><INIT seed="5,0,0,2,0,56" ten="234,246,310,210" oya="1" hai0="14,30,132,71,51,23,98,122,31,0,50,11,124" hai1="47,74,115,35,46,90,19,52,109,128,60,45,110" hai2="112,114,99,48,62,66,16,42,72,69,27,93,103" hai3="133,1,13,59,3,70,54,95,127,81,17,24,7"/><U39/><E74/><V119/><F72/><W9/><G70/><T61/><D0/><U134/><E35/><V100/><F119/><W44/><G127/><T78/><D124/><U58/><E115/><N who="2" m="44075" /><F42/><W73/><G133/><T37/><D37/><U101/><E101/><N who="2" m="60655" /><F48/><W83/><G95/><T55/><D78/><U113/><E113/><V21/><AGARI ba="0,0" hai="16,21,27,62,66,69,100,103" m="60655,44075" machi="21" ten="30,7900,0" yaku="15,1,11,1,52,1,54,1" doraHai="56" who="2" fromWho="2" sc="234,-20,246,-39,310,79,210,-20" /><INIT seed="6,0,0,5,1,56" ten="214,207,389,190" oya="2" hai0="80,110,112,87,21,14,84,1,91,26,66,12,109" hai1="79,33,13,98,108,99,132,49,5,65,24,64,106" hai2="126,51,104,73,119,115,57,100,40,76,8,113,62" hai3="85,46,69,120,127,94,122,103,134,124,114,36,4"/><V23/><F119/><W44/><G69/><T58/><D1/><U96/><E106/><V133/><F133/><W89/><G134/><T37/><D37/><U101/><E101/><V39/><F39/><W48/><G4/><T2/><D112/><U19/><E108/><V135/><F135/><W86/><G114/><T54/><D2/><U59/><E79/><V60/><F73/><W61/><G103/><T30/><D66/><U93/><E93/><V31/><F76/><W129/><G129/><T75/><D75/><U29/><E5/><V28/><F104/><W20/><G20/><T15/><REACH who="0" step="1"/><D87/><REACH who="0" ten="204,207,389,190" step="2"/><U6/><E132/><V105/><F115/><W74/><G74/><T68/><D68/><U53/><E64/><V117/><F113/><W121/><G86/><T10/><D10/><U77/><E65/><V118/><F8/><W45/><G36/><T72/><D72/><U78/><E6/><V55/><F117/><W52/><REACH who="3" step="1"/><G61/><AGARI ba="0,1" hai="12,14,15,21,26,30,54,58,61,80,84,91,109,110" machi="61" ten="40,2600,0" yaku="1,1,52,1,53,0" doraHai="56" doraHaiUra="90" who="0" fromWho="3" sc="204,36,207,0,389,0,190,-26" /><INIT seed="7,0,0,3,3,57" ten="240,207,389,164" oya="3" hai0="42,37,26,123,63,17,84,69,38,72,109,71,70" hai1="108,45,28,98,130,66,116,49,118,36,20,8,94" hai2="96,2,61,67,122,1,40,97,77,9,114,58,120" hai3="135,91,93,24,56,99,115,32,113,48,18,13,65"/><W60/><G135/><T33/><D109/><U43/><E108/><V134/><F134/><W86/><G48/><T22/><D84/><U21/><E130/><V133/><F133/><W125/><G125/><T85/><D85/><U46/><E66/><V87/><F40/><W110/><G110/><T68/><D72/><U124/><E8/><V75/><F75/><W80/><G32/><T16/><D33/><U128/><E128/><V103/><F114/><W41/><G41/><T52/><D123/><N who="2" m="47146" /><F9/><W82/><G24/><T132/><D42/><N who="1" m="24791" /><E28/><V95/><F97/><W55/><G65/><T23/><D132/><U47/><E47/><V126/><F126/><W30/><G30/><T112/><D112/><N who="3" m="43081" /><G99/><T44/><D44/><U35/><E35/><V62/><F62/><W111/><G111/><T6/><D69/><U19/><E19/><V10/><F10/><AGARI ba="0,0" hai="10,13,18,55,56,60,80,82,86,91,93" m="43081" machi="10" ten="30,2900,0" yaku="15,1,52,1" doraHai="57" who="3" fromWho="2" sc="240,0,207,0,389,-29,164,29" /><INIT seed="7,1,0,2,4,54" ten="240,207,360,193" oya="3" hai0="131,95,53,73,77,104,130,11,71,94,118,46,90" hai1="3,36,23,61,55,9,5,52,74,14,13,17,39" hai2="33,111,18,133,105,92,62,44,100,80,79,84,16" hai3="115,125,56,134,67,72,42,60,83,132,129,43,112"/><W91/><G125/><T65/><D104/><U38/><E74/><V113/><F33/><W93/><G129/><N who="0" m="49163" /><D118/><U26/><E61/><V28/><F28/><W7/><G7/><T98/><D11/><U24/><REACH who="1" step="1"/><E14/><REACH who="1" ten="240,197,360,193" step="2"/><V49/><F62/><W63/><G63/><T81/><D73/><U82/><E82/><V64/><F80/><W76/><G42/><T19/><D81/><U35/><E35/><V59/><F111/><W85/><REACH who="3" step="1"/><G43/><REACH who="3" ten="240,197,360,183" step="2"/><T8/><D71/><U97/><E97/><V116/><F116/><W107/><G107/><T120/><D98/><U119/><E119/><V31/><F105/><W10/><G10/><T32/><D8/><U47/><E47/><V30/><F44/><W1/><G1/><T27/><D46/><U6/><E6/><V109/><F109/><W88/><G88/><T126/><D90/><U78/><E78/><V70/><F79/><W4/><G4/><T75/><D77/><U20/><E20/><V103/><F103/><W86/><G86/><T96/><D32/><U68/><E68/><V0/><F84/><W40/><G40/><T2/><D75/><U48/><E48/><V99/><F49/><W66/><G66/><T121/><D65/><U117/><E117/><V89/><F100/><W114/><AGARI ba="1,2" hai="56,60,67,72,76,83,85,91,93,112,114,115,132,134" machi="114" ten="40,12000,1" yaku="1,1,0,1,15,1,52,1,53,0" doraHai="54" doraHaiUra="135" who="3" fromWho="3" sc="240,-41,197,-41,360,-41,183,143" owari="199,-20.0,156,-34.0,319,12.0,326,42.0" /></mjloggm>