<mjloggm ver="2.3"><GO type="169" lobby="0"/><UN n0="%E3%83%88%E3%83%88%E3%83%AA%E5%85%88%E7%94%9F%31%39%E6%AD%B3" n1="%E5%87%9C%E7%94%B0%E8%8E%89%E5%AD%90" n2="%E3%83%AD%E3%83%83%E3%83%86%E9%9B%80%E7%90%83" n3="%E3%82%82%E3%82%81%E3%82%93%E3%81%AA%E3%81%A1%E3%82%83%E3%81%84" dan="18,16,17,18" rate="2226.71,2073.84,2180.10,2268.72" sx="F,M,M,M"/><TAIKYOKU oya="0"/><INIT seed="0,0,0,3,3,78" ten="250,250,250,250" oya="0" hai0="113,41,43,67,109,116,89,31,117,59,28,26,8" hai1="9,23,77,82,30,69,24,107,100,130,62,105,132" hai2="14,110,55,18,50,44,25,87,20,47,101,45,125" hai3="63,11,121,129,120,4,72,79,134,65,80,60,106"/><T33/><D113/><U51/><E130/><V124/><F110/><W112/><G112/><T133/><D133/><U104/><E132/><V49/><F101/><W81/><G134/><T57/><D109/><U35/><E51/><V21/><F87/><W19/><G106/><T103/><D103/><U119/><E119/><V99/><F99/><W102/><G102/><T70/><D70/><U64/><E9/><V115/><F115/><W34/><G34/><T127/><D127/><N who="2" m="48714" /><F55/><W131/><G19/><AGARI ba="0,0" hai="14,18,19,20,21,25,44,45,47,49,50" m="48714" machi="19" ten="30,1000,0" yaku="18,1" doraHai="78" who="2" fromWho="3" sc="250,0,250,0,250,10,250,-10" /><INIT seed="1,0,0,3,3,27" ten="250,250,260,240" oya="1" hai0="120,134,104,118,114,52,5,112,18,34,19,25,103" hai1="115,99,57,15,22,44,29,94,85,51,83,100,126" hai2="106,130,101,1,50,60,97,76,77,116,16,79,47" hai3="23,42,123,35,59,110,2,56,45,117,38,119,88"/><U54/><E115/><V107/><F116/><N who="3" m="44619" /><G35/><T39/><D118/><U81/><E126/><V105/><F1/><W135/><G123/><T74/><D39/><U70/><E70/><V67/><F130/><W127/><G127/><T11/><D74/><U17/><E29/><V91/><F91/><W63/><G110/><T122/><D103/><U80/><REACH who="1" step="1"/><E57/><REACH who="1" ten="250,240,260,240" step="2"/><V3/><F107/><W33/><G59/><T75/><D104/><U12/><E12/><V125/><F106/><W24/><G2/><T61/><D112/><U46/><E46/><V98/><F3/><W66/><G135/><T86/><D134/><U14/><E14/><V124/><F124/><W7/><G33/><T92/><D114/><U128/><E128/><V108/><F105/><W71/><G71/><T121/><D34/><U64/><E64/><V43/><F67/><W40/><G66/><T13/><D25/><U131/><E131/><V132/><F47/><W9/><G56/><N who="0" m="34951" /><D122/><U95/><E95/><V48/><F125/><W87/><G45/><T53/><D121/><U129/><E129/><V89/><F132/><W113/><G113/><T41/><D92/><U82/><E82/><V10/><F108/><W26/><G26/><T36/><D120/><U78/><AGARI ba="0,1" hai="15,17,22,44,51,54,78,80,81,83,85,94,99,100" machi="78" ten="20,7800,0" yaku="1,1,0,1,7,1,8,1,53,0" doraHai="27" doraHaiUra="111" who="1" fromWho="1" sc="250,-26,240,88,260,-26,240,-26" /><INIT seed="1,1,0,3,0,11" ten="224,328,234,214" oya="1" hai0="6,71,50,77,135,80,113,98,48,59,127,86,23" hai1="109,31,29,35,44,89,45,66,56,107,134,32,130" hai2="70,133,111,99,26,46,104,74,57,108,120,94,125" hai3="19,102,9,62,27,87,112,14,24,123,81,67,124"/><U47/><E130/><V20/><F70/><W55/><G123/><T88/><D113/><U101/><E134/><V30/><F120/><W25/><G112/><T40/><D71/><U72/><E72/><V110/><F133/><W1/><G124/><T105/><D135/><U52/><E66/><V84/><F125/><W121/><G121/><T51/><D127/><U118/><E118/><V128/><F128/><W114/><G114/><T78/><D40/><U21/><E109/><V15/><F74/><W5/><G55/><T97/><D59/><U73/><E73/><V42/><F57/><W117/><G102/><T82/><D105/><U3/><E3/><V38/><F104/><W18/><G117/><T106/><D106/><U63/><E89/><N who="2" m="53543" /><F99/><W58/><G1/><T0/><D0/><U34/><REACH who="1" step="1"/><E21/><REACH who="1" ten="224,318,234,214" step="2"/><V53/><F111/><W96/><REACH who="3" step="1"/><G96/><AGARI ba="1,1" hai="29,31,32,34,35,44,45,47,52,56,63,96,101,107" machi="96" ten="50,9600,0" yaku="1,1,2,1,54,1,53,0" doraHai="11" doraHaiUra="65" who="1" fromWho="3" sc="224,0,318,109,234,0,214,-99" /><INIT seed="1,2,0,5,2,53" ten="224,427,234,115" oya="1" hai0="135,54,9,6,1,76,126,11,111,117,131,12,26" hai1="82,23,121,8,109,50,84,81,55,104,41,92,19" hai2="101,42,16,49,65,132,129,87,14,33,56,28,103" hai3="62,98,51,94,7,2,74,0,127,30,73,58,118"/><U108/><E104/><V13/><F132/><W83/><G118/><T36/><D36/><U69/><E69/><V21/><F129/><W119/><G119/><T99/><D117/><U61/><E121/><V71/><F33/><W79/><G127/><T64/><D126/><U66/><E41/><V120/><F120/><W22/><G74/><T102/><D131/><U47/><E92/><V116/><F28/><W59/><G30/><T43/><D43/><U68/><E8/><V38/><F116/><W75/><G75/><T105/><D111/><N who="1" m="42571" /><E84/><V52/><F13/><AGARI ba="2,0" hai="13,19,23,47,50,55,61,66,68,81,82" m="42571" machi="13" ten="30,2900,0" yaku="14,1,10,1" doraHai="53" who="1" fromWho="2" sc="224,0,427,35,234,-35,115,0" /><INIT seed="1,3,0,0,3,24" ten="224,462,199,115" oya="1" hai0="73,122,93,27,105,40,110,104,90,23,127,77,96" hai1="71,51,69,102,54,59,9,18,70,4,114,86,11" hai2="33,74,84,16,42,125,36,32,62,89,97,100,38" hai3="81,13,129,43,132,88,29,37,57,94,7,60,31"/><U68/><E114/><V26/><F74/><W107/><G107/><T25/><D110/><U55/><E71/><V128/><F128/><W130/><G132/><T121/><D127/><U95/><E18/><V28/><F125/><W41/><G81/><N who="0" m="45231" /><D25/><U120/><E120/><N who="0" m="46185" /><D40/><N who="3" m="15433" /><G37/><T101/><D90/><U113/><E113/><V22/><F42/><W39/><G39/><T44/><D44/><U108/><E108/><V83/><F62/><W3/><G3/><T106/><D93/><U65/><E65/><V5/><F5/><W20/><G130/><T126/><D126/><U52/><E11/><V66/><F66/><N who="3" m="39183" /><G129/><T78/><D78/><U117/><E117/><V2/><F2/><W14/><G14/><T49/><D49/><U119/><E119/><V63/><F63/><W17/><G7/><T61/><D61/><U10/><E10/><V103/><F103/><W1/><G1/><T6/><D6/><U79/><E79/><V8/><F8/><W30/><G30/><AGARI ba="3,0" hai="23,27,30,96,101,104,105,106" m="46185,45231" machi="30" ten="30,2000,0" yaku="13,1,52,1" doraHai="24" who="0" fromWho="3" sc="224,29,462,0,199,0,115,-29" /><INIT seed="2,0,0,1,0,129" ten="253,462,199,86" oya="2" hai0="104,79,25,60,31,50,124,41,113,30,22,45,37" hai1="90,122,97,29,116,87,130,34,14,78,103,36,76" hai2="85,131,91,88,77,9,65,49,21,115,108,80,70" hai3="111,54,62,12,35,119,11,126,23,106,125,42,117"/><V57/><F115/><W66/><G35/><T92/><D113/><U134/><E36/><V110/><F131/><W38/><G106/><T109/><D104/><U2/><E2/><V63/><F21/><W133/><G23/><T83/><D109/><N who="2" m="42090" /><F9/><W107/><G111/><T84/><D124/><N who="3" m="47721" /><G107/><T121/><D121/><U32/><E116/><N who="3" m="44618" /><G12/><T118/><D118/><U68/><E130/><V120/><F120/><W73/><G11/><T46/><D60/><U105/><E34/><V7/><F7/><W5/><G5/><T93/><D31/><U101/><E14/><V43/><F70/><N who="3" m="42327" /><G73/><T16/><REACH who="0" step="1"/><D30/><REACH who="0" ten="243,462,199,86" step="2"/><U127/><E29/><V100/><F100/><W40/><G38/><T18/><D18/><U114/><E105/><V26/><F26/><W48/><G133/><T8/><D8/><U74/><E134/><V72/><F72/><W20/><G20/><T53/><AGARI ba="0,1" hai="16,22,25,37,41,45,46,50,53,79,83,84,92,93" machi="53" ten="20,5200,0" yaku="1,1,0,1,7,1,54,1,53,0" doraHai="129" doraHaiUra="27" who="0" fromWho="0" sc="243,62,462,-13,199,-26,86,-13" /><INIT seed="3,0,0,0,4,128" ten="305,449,173,73" oya="3" hai0="89,90,7,82,23,118,104,45,5,131,72,103,65" hai1="122,95,24,47,105,97,17,32,68,58,69,76,94" hai2="120,43,14,52,19,37,16,129,6,3,130,44,77" hai3="116,85,15,115,55,22,67,113,107,73,75,126,135"/><W106/><G67/><T10/><D118/><U1/><E1/><V33/><F120/><W12/><G126/><T99/><D131/><N who="2" m="50186" /><F33/><W36/><G36/><T31/><D7/><U108/><E108/><V60/><F77/><W41/><G55/><T79/><D65/><U53/><E105/><V27/><F3/><W63/><G63/><T0/><D31/><U51/><E76/><V50/><F27/><W111/><G111/><T34/><D34/><U30/><E122/><V132/><F132/><W83/><G22/><T78/><D23/><U59/><E17/><V64/><F14/><W13/><G13/><T88/><D78/><U86/><E86/><V4/><F4/><W133/><G85/><T102/><D102/><U112/><E112/><V20/><F6/><W101/><G101/><T110/><D110/><U134/><E134/><V109/><F20/><W125/><G125/><T119/><D119/><U26/><E26/><V9/><F9/><W96/><G96/><T29/><D29/><U57/><REACH who="1" step="1"/><E95/><REACH who="1" ten="305,439,173,73" step="2"/><V11/><F109/><W66/><G116/><T91/><D79/><U98/><E98/><V123/><F123/><W46/><G83/><T49/><D82/><U61/><E61/><V121/><F121/><W42/><REACH who="3" step="1"/><G66/><REACH who="3" ten="305,439,173,63" step="2"/><T28/><D0/><U62/><E62/><V84/><F84/><W93/><G93/><T18/><D104/><U56/><N who="1" m="14336" /><DORA hai="48" /><U100/><AGARI ba="0,2" hai="24,30,32,47,51,53,68,69,94,97,100" m="14336" machi="100" ten="40,8000,1" yaku="1,1,4,1,0,1,52,1,53,1" doraHai="128,48" doraHaiUra="25,71" who="1" fromWho="1" sc="305,-20,439,100,173,-20,63,-40" /><INIT seed="4,0,0,4,2,5" ten="285,539,153,23" oya="0" hai0="90,117,9,60,93,4,19,32,35,84,21,41,2" hai1="68,13,37,18,72,132,20,15,61,73,0,122,105" hai2="98,42,123,115,86,124,129,51,29,24,45,102,63" hai3="62,66,67,96,23,76,100,43,38,121,16,3,74"/><T53/><D117/><U75/><E122/><V65/><F123/><W133/><G121/><T118/><D118/><U95/><E0/><V82/><F115/><W7/><G133/><T46/><D60/><U22/><E105/><V10/><F129/><W128/><G128/><T80/><D80/><U36/><E132/><V47/><F124/><W110/><G110/><T112/><D53/><U120/><E120/><V57/><F47/><W116/><G116/><T134/><D112/><U88/><E68/><V12/><F24/><W11/><G62/><T97/><D97/><U101/><E101/><V14/><F29/><W131/><G131/><T55/><D55/><U125/><E61/><V85/><F14/><W17/><G17/><T31/><D31/><U64/><E64/><V34/><F34/><W30/><G30/><T52/><D52/><U83/><E83/><V109/><F109/><W48/><G38/><T79/><D79/><U56/><E56/><V54/><F65/><W94/><G76/><T89/><D89/><U113/><E125/><V71/><F71/><W50/><G74/><T70/><D70/><U104/><E104/><V77/><F82/><W8/><G50/><T44/><D44/><U49/><E49/><V28/><F28/><W99/><G99/><T106/><D106/><U27/><E113/><V58/><F58/><W107/><G107/><T39/><D134/><U78/><E78/><V92/><F77/><W103/><G103/><T108/><D108/><U114/><E114/><V111/><F111/><W126/><G126/><T33/><D33/><U1/><E72/><RYUUKYOKU ba="0,0" sc="285,15,539,-15,153,15,23,-15" hai0="2,4,9,19,21,32,35,39,41,46,84,90,93" hai2="10,12,42,45,51,54,57,63,85,86,92,98,102" /><INIT seed="4,1,0,2,0,103" ten="300,524,168,8" oya="0" hai0="5,14,68,67,19,50,55,8,21,116,69,23,45" hai1="113,13,84,53,104,22,70,47,0,100,66,83,27" hai2="35,134,58,36,62,20,76,30,12,11,56,40,71" hai3="2,61,94,80,3,129,26,37,41,46,131,109,101"/><T107/><D116/><U79/><E0/><V91/><F35/><W82/><G109/><T114/><D114/><U98/><E13/><V119/><F76/><W81/><G26/><T73/><D73/><U43/><E53/><V10/><F71/><W9/><G61/><T64/><D68/><U97/><E97/><V65/><F134/><W123/><G123/><T85/><D69/><U38/><E113/><V132/><F132/><W54/><G54/><T135/><D135/><U32/><E32/><V130/><F130/><N who="3" m="49675" /><G9/><T102/><D23/><U75/><E70/><V1/><F119/><W78/><G78/><T51/><D51/><U52/><E66/><V34/><F34/><W89/><G101/><T88/><D21/><U72/><E52/><V121/><F121/><W16/><G16/><AGARI ba="1,0" hai="16,22,27,38,43,47,72,75,79,83,84,98,100,104" machi="16" ten="30,3900,0" yaku="7,1,52,1,54,1" doraHai="103" who="1" fromWho="3" sc="300,0,524,42,168,0,8,-42" owari="300,10.0,566,66.0,168,-23.0,-34,-53.0" /></mjloggm>