<mjloggm ver="2.3"><GO type="225" lobby="0"/><UN n0="%E8%87%AA%E7%A7%B0%E6%9C%80%E5%BC%B7%E9%9B%80%E5%A3%AB%EF%BC%93" n1="%74%61%74%73%75%37%30%32" n2="%E5%B0%B1%E6%B4%BB%E7%94%9F%40%E5%B7%9D%E6%9D%91%E8%BB%8D%E5%9B%A3" n3="%65%71%6D%6D" dan="16,16,17,16" rate="2071.41,2159.51,2189.34,2095.52" sx="M,M,M,M"/><TAIKYOKU oya="0"/><INIT seed="0,0,0,4,4,119" ten="250,250,250,250" oya="0" hai0="85,58,1,33,23,17,109,123,105,111,116,103,73" hai1="26,61,16,7,5,120,82,94,2,100,3,134,128" hai2="65,112,70,87,90,31,126,35,13,132,72,80,130" hai3="55,51,45,69,108,77,39,96,36,11,48,129,66"/><T101/><D116/><U43/><E43/><V60/><F112/><W28/><G77/><T86/><D73/><U71/><E82/><V9/><F130/><W37/><G28/><T27/><D1/><U131/><E94/><V46/><F126/><W110/><G11/><T79/><D33/><U62/><E100/><N who="0" m="38473" /><D105/><U41/><E41/><V4/><F132/><W75/><G96/><T97/><D97/><U59/><E71/><V122/><F72/><W50/><G75/><T32/><D32/><U118/><E62/><V121/><REACH who="2" step="1"/><F46/><REACH who="2" ten="250,250,240,250" step="2"/><W21/><G129/><N who="1" m="49738" /><E134/><V104/><F104/><W78/><G45/><T63/><D123/><U124/><E120/><V125/><F125/><W29/><G39/><T114/><D114/><U84/><E124/><V106/><F106/><W15/><G37/><T20/><D109/><U107/><E107/><V83/><F83/><W12/><G36/><T89/><D111/><U10/><E118/><V68/><F68/><W47/><G108/><T44/><D44/><U74/><E74/><V127/><F127/><W57/><G69/><T52/><D79/><U91/><E59/><V49/><F49/><N who="3" m="29119" /><G78/><T53/><D58/><U99/><E61/><V24/><AGARI ba="0,1" hai="4,9,13,24,31,35,60,65,70,80,87,90,121,122" machi="24" ten="30,7900,0" yaku="1,1,0,1,52,2,53,0" doraHai="119" doraHaiUra="42" who="2" fromWho="2" sc="250,-39,250,-20,240,89,250,-20" /><INIT seed="1,0,0,4,3,36" ten="211,230,329,230" oya="1" hai0="42,135,13,32,21,33,86,132,125,29,17,83,20" hai1="87,63,25,104,117,55,99,123,134,67,15,70,46" hai2="114,39,52,89,22,115,0,74,75,71,8,3,64" hai3="9,126,16,80,28,23,124,90,34,19,79,59,105"/><U101/><E117/><V54/><F39/><W129/><G105/><T38/><D125/><N who="3" m="48233" /><G129/><T2/><D2/><N who="2" m="554" /><F8/><W51/><G90/><T49/><D49/><U1/><E123/><V110/><F110/><W131/><G131/><T12/><D12/><U95/><E1/><V65/><F22/><W4/><G34/><T31/><D31/><U91/><E134/><N who="0" m="51241" /><D21/><U58/><E46/><V30/><F89/><W97/><G97/><T96/><D96/><U24/><REACH who="1" step="1"/><E15/><REACH who="1" ten="211,220,329,230" step="2"/><V122/><F122/><W113/><G113/><T120/><D120/><U40/><E40/><V100/><F114/><W116/><G116/><T102/><D42/><U26/><E26/><V60/><F115/><W6/><G6/><T66/><D38/><U69/><E69/><V76/><F71/><W133/><G4/><T92/><D13/><U57/><E57/><V121/><F121/><W127/><G127/><T119/><D119/><U107/><E107/><V73/><F73/><W98/><G133/><T84/><D66/><U18/><E18/><V88/><F65/><W37/><G37/><T94/><D29/><U112/><E112/><V56/><F30/><W45/><G59/><T68/><D68/><U77/><E77/><V103/><F76/><W35/><G19/><T61/><D17/><U128/><E128/><V5/><F5/><W78/><G78/><T106/><D106/><U48/><AGARI ba="0,1" hai="24,25,48,55,58,63,67,70,87,91,95,99,101,104" machi="48" ten="20,7800,0" yaku="1,1,0,1,7,1,53,1" doraHai="36" doraHaiUra="53" who="1" fromWho="1" sc="211,-26,220,88,329,-26,230,-26" /><INIT seed="1,1,0,0,3,109" ten="185,308,303,204" oya="1" hai0="124,67,83,99,134,6,102,132,49,66,113,55,26" hai1="68,13,4,62,135,80,27,48,60,25,98,120,18" hai2="110,50,94,125,9,7,93,115,114,112,107,30,14" hai3="12,77,123,59,105,20,44,34,28,57,37,75,15"/><U122/><E135/><N who="0" m="51753" /><D6/><U21/><E48/><V10/><F110/><W5/><G123/><T130/><D130/><U81/><E122/><V131/><F131/><W52/><G105/><T86/><D124/><U11/><E120/><V108/><F108/><W64/><G34/><T79/><D26/><U69/><E69/><V1/><F125/><W61/><G5/><T19/><D19/><U65/><E62/><V70/><F70/><W104/><G104/><N who="0" m="63583" /><D113/><U100/><REACH who="1" step="1"/><E25/><REACH who="1" ten="185,298,303,204" step="2"/><V97/><F50/><W42/><G61/><T90/><D79/><U73/><E73/><V101/><F30/><W84/><G75/><T106/><D106/><AGARI ba="1,1" hai="4,11,13,18,21,27,60,65,68,80,81,98,100,106" machi="106" ten="30,2900,0" yaku="1,1,7,1,53,0" doraHai="109" doraHaiUra="89" who="1" fromWho="0" sc="185,-32,298,42,303,0,204,0" /><INIT seed="1,2,0,1,0,123" ten="153,340,303,204" oya="1" hai0="2,100,89,0,52,3,25,42,27,116,96,135,20" hai1="31,105,117,30,75,62,49,57,99,104,95,29,45" hai2="126,70,125,131,61,112,83,5,24,86,111,74,121" hai3="22,10,7,76,37,65,118,107,38,54,44,1,60"/><U103/><E117/><V53/><F121/><W23/><G107/><T129/><D116/><U33/><E75/><V72/><F131/><W41/><G118/><T119/><D119/><U101/><E33/><V39/><F39/><W64/><G38/><T97/><D129/><U28/><E28/><V90/><F112/><W81/><G54/><T59/><D42/><N who="1" m="24759" /><E105/><V87/><F111/><W93/><G93/><T34/><D34/><U50/><E50/><V79/><F5/><W108/><G64/><T35/><D35/><U77/><E104/><V51/><F24/><W19/><G19/><T63/><D135/><U113/><E77/><V84/><F61/><W69/><REACH who="3" step="1"/><G108/><REACH who="3" ten="153,340,303,194" step="2"/><T43/><D100/><N who="1" m="60543" /><E113/><V88/><F70/><W9/><G9/><T68/><D43/><U11/><E11/><V78/><F125/><W13/><G13/><T66/><D27/><U122/><E122/><V47/><F126/><W120/><G120/><T8/><D8/><U124/><E124/><V85/><N who="2" m="22016" /><DORA hai="128" /><V40/><F53/><AGARI ba="2,1" hai="29,30,31,53,57,62,101,103" m="60543,24759" machi="53" ten="30,1500,0" yaku="8,1" doraHai="123,128" who="1" fromWho="2" sc="153,0,340,31,303,-21,194,0" /><INIT seed="1,3,0,5,0,49" ten="153,371,282,194" oya="1" hai0="8,60,93,63,118,20,3,84,34,100,111,120,90" hai1="132,126,67,75,115,35,9,80,112,108,125,65,4" hai2="103,121,41,123,57,104,24,19,68,22,58,135,89" hai3="82,86,43,76,38,85,12,129,97,124,13,48,18"/><U79/><E35/><V101/><F68/><W42/><G38/><T122/><D34/><U99/><E132/><V37/><F135/><W74/><G124/><N who="1" m="47722" /><E99/><V26/><F89/><W70/><G129/><T0/><D118/><U114/><E108/><V40/><F22/><W73/><G70/><T130/><D111/><U14/><AGARI ba="3,0" hai="4,9,14,65,67,75,79,80,112,114,115" m="47722" machi="14" ten="40,2100,0" yaku="18,1" doraHai="49" who="1" fromWho="1" sc="153,-10,371,30,282,-10,194,-10" /><INIT seed="1,4,0,5,4,62" ten="143,401,272,184" oya="1" hai0="36,16,44,99,114,121,15,54,100,129,79,70,48" hai1="131,109,105,25,47,60,13,57,103,8,120,85,119" hai2="73,104,14,101,29,86,3,51,68,0,27,1,74" hai3="112,10,108,91,41,106,132,50,34,97,24,72,9"/><U113/><E119/><V88/><F68/><W76/><G112/><T21/><D114/><U31/><E113/><V95/><F14/><W12/><G108/><T102/><D70/><U117/><E117/><V92/><F104/><W2/><G132/><T66/><D121/><U122/><E131/><V94/><F51/><W125/><G125/><T18/><D129/><U118/><E109/><V7/><F7/><W40/><G2/><T75/><D36/><U67/><E118/><V23/><REACH who="2" step="1"/><F101/><REACH who="2" ten="143,401,262,184" step="2"/><W46/><G50/><T126/><D126/><U38/><E103/><V82/><AGARI ba="4,1" hai="0,1,3,23,27,29,73,74,82,86,88,92,94,95" machi="82" ten="40,8000,1" yaku="1,1,2,1,0,1,54,1,53,0" doraHai="62" doraHaiUra="58" who="2" fromWho="2" sc="143,-24,401,-44,262,102,184,-24" /><INIT seed="2,0,0,5,4,6" ten="119,357,364,160" oya="2" hai0="10,114,113,70,105,107,24,87,18,75,56,90,62" hai1="101,122,126,72,133,11,4,81,3,16,21,5,91" hai2="51,61,96,53,116,106,0,131,69,27,118,112,76" hai3="97,54,50,128,79,41,52,45,58,60,47,29,111"/><V43/><F112/><W37/><G111/><T20/><D75/><U130/><E5/><V32/><F131/><W35/><G128/><T100/><D70/><U85/><E130/><V99/><F43/><W42/><G79/><T36/><D36/><U17/><E72/><V14/><F0/><W119/><G97/><T73/><D73/><U84/><E101/><V13/><F76/><W30/><G35/><T26/><D26/><U123/><E126/><V31/><F14/><W2/><G2/><T64/><D105/><U59/><E133/><V78/><F13/><W68/><G119/><T66/><D66/><U86/><E59/><V1/><F1/><W98/><G98/><T33/><D33/><U117/><E117/><V34/><F34/><W63/><G30/><T88/><D90/><U95/><E21/><V15/><F15/><W121/><G29/><T104/><D104/><U77/><E85/><V9/><F9/><W120/><G54/><T48/><D48/><U127/><E127/><V93/><F78/><W115/><G115/><T38/><D38/><U23/><E23/><V57/><F99/><W129/><G129/><T103/><D107/><U65/><E65/><AGARI ba="0,0" hai="37,41,42,45,47,50,52,58,60,63,65,68,120,121" machi="65" ten="40,8000,1" yaku="34,3,54,1" doraHai="6" who="3" fromWho="1" sc="119,0,357,-80,364,0,160,80" /><INIT seed="3,0,0,1,5,114" ten="119,277,364,240" oya="3" hai0="86,14,65,108,80,26,11,71,13,90,53,35,92" hai1="21,70,130,51,105,56,37,38,84,31,122,132,104" hai2="46,117,24,133,33,127,83,8,99,88,50,97,55" hai3="9,15,89,128,93,73,61,48,69,3,68,17,60"/><W106/><G106/><T10/><D108/><U102/><E70/><V12/><F117/><W135/><G73/><T119/><D71/><U63/><E122/><V82/><F133/><W81/><G81/><T110/><D110/><U85/><E132/><V7/><F127/><W100/><G100/><T32/><D65/><U2/><E2/><V54/><F54/><W34/><G34/><T134/><D134/><U67/><E130/><V98/><F88/><W72/><G72/><T19/><D119/><U124/><E51/><V94/><F94/><W120/><G120/><T75/><D75/><U87/><E124/><V113/><F113/><W5/><G135/><T96/><D26/><U25/><E105/><V62/><F62/><W111/><G111/><T36/><D36/><U112/><E112/><V79/><F79/><W45/><G128/><T18/><REACH who="0" step="1"/><D53/><REACH who="0" ten="109,277,364,240" step="2"/><U44/><E38/><V23/><F33/><W59/><G68/><T66/><D66/><U47/><E37/><V74/><F74/><W29/><G69/><T28/><D28/><AGARI ba="0,1" hai="7,8,12,23,24,28,46,50,55,82,83,97,98,99" machi="28" ten="40,1300,0" yaku="8,1" doraHai="114" who="2" fromWho="0" sc="109,-13,277,0,364,23,240,0" owari="96,-40.0,277,8.0,387,48.0,240,-16.0" /></mjloggm>