<mjloggm ver="2.3"><GO type="225" lobby="0"/><UN n0="%E3%82%A6%E3%83%92%E3%83%A7%E5%8A%A9" n1="%E3%82%AB%E3%83%9C%E3%83%81%E3%83%A3%E3%82%BF%E3%83%8D" n2="%E3%83%88%E3%83%88%E3%83%AA%E5%85%88%E7%94%9F%31%39%E6%AD%B3" n3="%64%61%61%61%61%61%61%61" dan="16,16,17,17" rate="2150.54,2161.56,2165.57,2213.14" sx="M,M,F,F"/><TAIKYOKU oya="0"/><INIT seed="0,0,0,5,2,77" ten="250,250,250,250" oya="0" hai0="82,88,43,97,120,39,112,114,36,41,27,123,32" hai1="118,63,20,110,30,126,37,5,129,127,71,48,14" hai2="9,1,3,134,73,24,44,133,51,91,131,50,34" hai3="2,107,113,109,69,106,31,76,60,115,67,124,46"/><T58/><D58/><U116/><E37/><V35/><F73/><W70/><G109/><T72/><D27/><N who="1" m="16743" /><E110/><V74/><F74/><W29/><G124/><N who="1" m="47658" /><E48/><N who="2" m="18475" /><F44/><W68/><G76/><T130/><D32/><N who="2" m="12330" /><F24/><W92/><G92/><T101/><D130/><U53/><E129/><V19/><F131/><W93/><G93/><T79/><D39/><U66/><E53/><V62/><F62/><W8/><G46/><T15/><D36/><U16/><E5/><V80/><F19/><W26/><G31/><T122/><D15/><U132/><E132/><N who="2" m="50795" /><F9/><AGARI ba="0,0" hai="9,14,16,63,66,71,116,118" m="47658,16743" machi="9" ten="30,2000,0" yaku="18,1,54,1" doraHai="77" who="1" fromWho="2" sc="250,0,250,20,250,-20,250,0" /><INIT seed="1,0,0,4,4,122" ten="250,270,230,250" oya="1" hai0="104,82,77,11,9,20,38,97,109,95,6,47,100" hai1="61,121,110,86,89,81,43,30,84,40,62,65,126" hai2="2,4,134,118,26,37,66,111,0,133,106,123,79" hai3="72,116,31,93,132,130,27,114,135,41,49,92,63"/><U16/><E121/><V68/><F123/><W96/><G114/><T56/><D56/><U10/><E30/><V91/><F118/><W18/><G72/><T54/><D20/><U51/><E126/><V85/><F37/><W113/><G113/><T107/><D11/><U33/><E33/><V80/><F106/><W83/><G83/><T60/><D60/><N who="1" m="23147" /><E65/><V12/><F66/><W70/><G18/><T99/><D99/><U119/><E119/><V90/><F68/><W73/><G73/><N who="0" m="43311" /><D54/><U19/><E86/><V58/><F58/><W29/><G63/><T112/><D112/><U28/><E28/><V124/><F124/><W55/><G31/><T52/><D95/><U129/><E129/><V57/><F57/><W69/><G130/><T15/><D107/><U108/><E51/><V71/><F71/><W103/><G49/><N who="0" m="28735" /><D38/><U120/><E120/><V53/><F53/><W98/><G55/><T35/><D35/><U36/><E10/><N who="2" m="4167" /><F2/><W117/><G29/><T5/><D5/><U42/><E36/><V102/><F0/><W128/><G128/><T125/><D125/><U3/><E3/><V67/><F67/><W59/><G59/><T94/><D104/><U39/><E39/><V48/><F48/><W105/><G105/><T78/><D78/><U23/><E23/><V74/><F74/><W101/><G41/><T8/><D9/><U87/><E87/><N who="2" m="50535" /><F79/><W88/><G88/><T32/><D32/><U44/><E44/><V64/><F91/><W76/><G76/><T1/><D1/><U22/><E22/><V75/><F75/><W131/><G131/><RYUUKYOKU ba="0,0" sc="250,10,270,10,230,-30,250,10" hai0="6,8,15,94,97,100,109" hai1="16,19,40,42,43,81,84,89,108,110" hai3="27,69,70,92,93,96,98,101,103,116,117,132,135" /><INIT seed="1,1,0,5,5,68" ten="260,280,200,260" oya="1" hai0="59,17,64,72,86,132,56,69,95,120,49,78,42" hai1="81,2,128,131,74,10,101,21,130,109,18,58,89" hai2="103,65,28,15,35,93,55,48,123,133,84,113,7" hai3="127,60,106,90,5,16,53,107,38,22,39,124,20"/><U79/><E109/><V125/><F123/><W8/><G90/><T34/><D120/><U46/><E101/><V70/><F133/><W52/><G60/><T1/><D72/><U63/><E89/><V119/><F119/><W102/><G102/><T47/><D34/><U0/><E10/><V108/><F108/><W112/><G8/><T115/><D115/><U50/><E50/><V77/><F125/><W61/><G61/><T24/><D1/><U71/><E46/><V9/><F113/><W19/><G5/><T3/><D3/><U6/><E6/><V88/><F70/><W92/><G112/><T11/><D132/><U134/><E71/><V91/><F65/><W116/><G92/><T87/><D69/><U75/><E74/><V57/><F35/><W12/><G12/><T40/><D40/><U104/><E104/><V98/><REACH who="2" step="1"/><F28/><REACH who="2" ten="260,280,190,260" step="2"/><W114/><G114/><T94/><D64/><N who="1" m="39031" /><E134/><V14/><F14/><AGARI ba="1,1" hai="0,2,14,18,21,75,79,81,128,130,131" m="39031" machi="14" ten="30,1500,0" yaku="19,1" doraHai="68" who="1" fromWho="2" sc="260,0,280,28,190,-18,260,0" /><INIT seed="1,2,0,4,1,88" ten="260,308,172,260" oya="1" hai0="59,78,106,103,91,130,13,22,68,84,79,48,87" hai1="133,47,46,53,89,15,52,64,5,85,111,119,44" hai2="82,121,7,62,28,112,80,17,54,77,34,30,81" hai3="0,14,18,16,116,39,83,10,97,43,2,61,1"/><U101/><E119/><V123/><F112/><W86/><G116/><T73/><D68/><U75/><E75/><V66/><F77/><W107/><G39/><T29/><D130/><U27/><E133/><V26/><F7/><W72/><G72/><T96/><D87/><U70/><E111/><V37/><F37/><W93/><G107/><T25/><D13/><U100/><E27/><V122/><F54/><N who="1" m="21097" /><E64/><V51/><F51/><W3/><G43/><T90/><D90/><U50/><E70/><V45/><F45/><N who="1" m="17513" /><E15/><V35/><F17/><W76/><G61/><T125/><D125/><U126/><E5/><V60/><F66/><W131/><G131/><T42/><D59/><U69/><E126/><V63/><F26/><W40/><G40/><T102/><D42/><N who="1" m="24951" /><E69/><V32/><AGARI ba="2,0" hai="28,30,32,34,35,60,62,63,80,81,82,121,122,123" machi="32" ten="50,32000,5" yakuman="40" doraHai="88" who="2" fromWho="2" sc="260,-82,308,-162,172,326,260,-82" /><INIT seed="2,0,0,2,4,96" ten="178,146,498,178" oya="2" hai0="117,125,130,107,100,42,76,69,134,19,11,26,45" hai1="101,16,33,23,110,131,92,1,114,3,97,27,84" hai2="103,122,15,21,72,39,98,54,29,86,9,102,67" hai3="55,77,58,88,51,109,123,108,35,18,83,121,64"/><V73/><F122/><W14/><G35/><T66/><D117/><U2/><E114/><V62/><F39/><W78/><G64/><T115/><D115/><U7/><E110/><N who="3" m="42602" /><G88/><T118/><D118/><U8/><E131/><V82/><F54/><W70/><G70/><T13/><D130/><U37/><E37/><V36/><F36/><W135/><G135/><T53/><D134/><U127/><E127/><V119/><F119/><W60/><G60/><T52/><D125/><U65/><E65/><V128/><F128/><W104/><G104/><T68/><D76/><N who="3" m="29289" /><G83/><T32/><D69/><U124/><E124/><V95/><F86/><W111/><N who="3" m="42610" /><W80/><DORA hai="44" /><G80/><T50/><D68/><U133/><E133/><V129/><F82/><W20/><AGARI ba="0,0" hai="14,18,20,51,55,58,121,123" m="29289,42610" machi="20" ten="40,2700,0" yaku="14,1,52,1" doraHai="96,44" who="3" fromWho="3" sc="178,-7,146,-7,498,-13,178,27" /><INIT seed="3,0,0,4,3,121" ten="171,139,485,205" oya="3" hai0="134,58,45,42,122,36,29,16,93,89,41,131,81" hai1="78,75,19,120,84,62,44,7,101,77,124,68,35" hai2="74,17,72,46,107,48,76,114,24,53,135,94,37" hai3="39,102,96,63,108,31,59,60,57,67,126,83,5"/><W130/><G108/><T116/><D116/><U38/><E120/><V52/><F94/><W13/><G39/><T10/><D122/><U73/><E35/><V87/><F76/><W49/><G130/><T40/><D131/><U79/><E124/><V71/><F71/><W47/><G31/><T104/><D104/><U2/><E101/><V109/><F107/><W14/><G83/><T64/><D29/><U95/><E19/><V92/><F37/><W21/><G5/><T110/><D110/><U54/><E75/><V33/><F74/><W56/><G126/><T86/><D134/><U98/><E73/><V65/><F72/><W3/><G3/><T9/><D9/><U20/><E20/><V27/><F33/><W61/><G67/><T123/><D123/><U1/><E84/><V6/><F6/><W22/><G14/><N who="0" m="7255" /><D36/><U106/><E106/><V103/><F114/><W8/><G13/><T51/><D81/><U66/><E7/><V85/><F24/><W117/><G8/><T12/><D12/><U100/><E54/><V125/><F27/><W80/><G80/><T128/><D128/><U25/><E25/><V99/><F17/><W15/><G15/><T34/><D34/><U55/><E55/><V4/><F125/><W115/><G115/><T105/><D105/><U132/><E132/><V129/><F135/><W50/><G117/><T113/><D113/><U90/><E100/><V127/><F129/><W26/><G21/><T119/><D119/><U11/><E11/><V91/><F127/><W30/><G22/><T69/><D69/><U111/><E111/><RYUUKYOKU ba="0,0" sc="171,15,139,15,485,-15,205,-15" hai0="40,41,42,45,51,58,64,86,89,93" hai1="1,2,38,44,62,66,68,77,78,79,90,95,98" owari="186,-21.0,154,-35.0,470,57.0,190,-1.0" /></mjloggm>