<mjloggm ver="2.3"><GO type="225" lobby="0"/><UN n0="%66%65%65%73" n1="%E5%B0%B1%E6%B4%BB%E7%94%9F%40%E5%B7%9D%E6%9D%91%E8%BB%8D%E5%9B%A3" n2="%E3%83%89%E3%83%90%E3%82%AF%E3%83%81%E5%A4%A7%E9%87%8E" n3="%E5%8F%8B%47%46%49" dan="17,17,16,16" rate="2157.49,2202.39,2110.63,2090.56" sx="M,M,M,M"/><TAIKYOKU oya="0"/><INIT seed="0,0,0,0,1,19" ten="250,250,250,250" oya="0" hai0="42,23,74,18,10,64,80,32,58,26,22,115,45" hai1="83,101,98,131,124,72,39,4,117,114,27,7,40" hai2="81,56,1,54,70,16,13,29,78,51,5,122,97" hai3="118,37,28,104,92,121,53,69,76,11,123,110,109"/><T67/><D32/><U84/><E117/><V86/><F122/><N who="3" m="46603" /><G118/><T95/><D10/><U90/><E72/><V8/><F70/><W73/><G104/><T125/><D115/><U35/><E124/><V43/><F29/><W14/><G69/><T65/><D125/><U50/><E39/><V20/><F97/><W24/><G37/><T38/><D95/><U60/><E60/><V112/><REACH who="2" step="1"/><F43/><REACH who="2" ten="250,250,240,250" step="2"/><W62/><G28/><T108/><D108/><U130/><E98/><V36/><F36/><W63/><G110/><T127/><D127/><U107/><E114/><AGARI ba="0,1" hai="1,5,8,13,16,20,51,54,56,78,81,86,112,114" machi="114" ten="40,5200,0" yaku="1,1,52,1,54,1,53,0" doraHai="19" doraHaiUra="31" who="2" fromWho="1" sc="250,0,250,-52,240,62,250,0" /><INIT seed="1,0,0,0,5,73" ten="250,198,302,250" oya="1" hai0="110,80,113,109,2,19,26,127,49,22,134,130,54" hai1="97,37,5,89,78,107,133,129,92,114,79,96,15" hai2="36,38,111,62,74,60,118,13,119,17,106,4,70" hai3="72,100,121,102,3,58,105,88,29,122,1,91,11"/><U21/><E37/><V16/><F106/><W18/><G72/><T86/><D113/><U87/><E114/><V112/><F74/><W44/><G105/><T48/><D2/><U14/><E133/><V24/><F112/><W52/><G29/><T77/><D134/><U103/><E129/><V46/><F4/><W33/><G33/><T53/><D130/><U34/><E34/><V94/><F94/><W124/><G124/><T64/><D64/><U125/><E125/><V84/><F84/><W81/><G3/><T82/><D127/><U35/><E35/><V85/><F85/><N who="3" m="50223" /><G1/><T7/><D7/><U8/><REACH who="1" step="1"/><E97/><REACH who="1" ten="250,188,302,250" step="2"/><V50/><F36/><W75/><G122/><T51/><REACH who="0" step="1"/><D80/><REACH who="0" ten="240,188,302,250" step="2"/><U117/><E117/><V132/><F118/><W6/><G121/><T9/><D9/><U45/><E45/><V59/><F46/><W12/><G44/><T55/><AGARI ba="0,2" hai="19,22,26,48,49,51,53,54,55,77,82,86,109,110" machi="55" ten="40,5200,0" yaku="1,1,0,1,52,1,53,0" doraHai="73" doraHaiUra="43" who="0" fromWho="0" sc="240,72,188,-26,302,-13,250,-13" /><INIT seed="2,0,0,3,0,20" ten="312,162,289,237" oya="2" hai0="9,107,93,52,90,2,115,77,91,135,51,85,11" hai1="21,50,53,12,126,1,81,88,119,36,26,125,31" hai2="35,98,80,45,42,8,27,104,64,16,28,101,54" hai3="40,122,114,39,130,49,29,58,66,82,95,102,5"/><V69/><F54/><W0/><G122/><T116/><D107/><U30/><E36/><V78/><F69/><W70/><G130/><T55/><D115/><U19/><E1/><V108/><F64/><W92/><G114/><T75/><D55/><U61/><E61/><V32/><F108/><W96/><G82/><T60/><D75/><U24/><E119/><V7/><F16/><W68/><G68/><T13/><D77/><U109/><E109/><V43/><F35/><W100/><G29/><N who="1" m="10762" /><E126/><V10/><F10/><W103/><G5/><T44/><D2/><U131/><E131/><V14/><REACH who="2" step="1"/><F45/><REACH who="2" ten="312,162,279,237" step="2"/><W4/><G70/><T105/><D9/><U129/><E129/><V94/><F94/><W71/><G92/><N who="0" m="54351" /><D105/><U133/><E133/><V118/><F118/><W106/><G106/><T18/><D116/><U67/><E67/><V123/><F123/><W73/><G71/><T83/><D135/><U56/><E125/><V84/><AGARI ba="0,1" hai="7,8,14,27,28,32,42,43,78,80,84,98,101,104" machi="84" ten="20,12000,1" yaku="1,1,0,1,7,1,52,1,53,1" doraHai="20" doraHaiUra="99" who="2" fromWho="2" sc="312,-40,162,-40,279,130,237,-40" /><INIT seed="2,1,0,4,2,81" ten="272,122,409,197" oya="2" hai0="130,121,99,38,91,126,67,2,40,97,85,83,109" hai1="42,59,135,123,49,45,77,60,115,125,19,104,134" hai2="120,133,28,57,22,78,110,65,131,12,111,106,69" hai3="128,119,43,46,6,5,10,21,107,39,23,82,53"/><V31/><F69/><W15/><G119/><T74/><D2/><U64/><E104/><V76/><F106/><W61/><G128/><T7/><D7/><U26/><E115/><V87/><F120/><W102/><G5/><T84/><D74/><U129/><E129/><V24/><F131/><W54/><G102/><T103/><D67/><U25/><E123/><V48/><F133/><W8/><G107/><T88/><D40/><U80/><E125/><V72/><F72/><W75/><G10/><T11/><D11/><U17/><E26/><V3/><F3/><W105/><G105/><N who="0" m="63727" /><D38/><U108/><E108/><V16/><F31/><W117/><G117/><T132/><D130/><U55/><E25/><V73/><F73/><W56/><G54/><T33/><D33/><U66/><E66/><V89/><F48/><W14/><G14/><T112/><D121/><U18/><REACH who="1" step="1"/><E64/><REACH who="1" ten="272,112,409,197" step="2"/><V70/><F110/><W90/><REACH who="3" step="1"/><G75/><AGARI ba="1,1" hai="17,18,19,42,45,49,55,59,60,75,77,80,134,135" machi="75" ten="40,5200,0" yaku="1,1,2,1,53,1" doraHai="81" doraHaiUra="79" who="1" fromWho="3" sc="272,0,112,65,409,0,197,-55" /><INIT seed="3,0,0,3,1,35" ten="272,177,409,142" oya="3" hai0="57,53,25,79,106,110,77,10,127,8,19,122,116" hai1="12,15,24,119,13,50,69,9,47,75,105,33,27" hai2="78,38,99,133,108,95,16,65,124,86,46,83,68" hai3="117,96,0,64,5,111,39,135,31,62,42,20,21"/><W74/><G117/><T40/><D122/><U85/><E75/><V52/><F108/><W120/><G120/><T125/><D116/><U72/><E72/><V90/><F133/><W71/><G135/><T43/><D106/><U98/><E69/><V87/><F124/><N who="0" m="47690" /><D25/><U37/><E37/><V51/><F38/><W97/><G111/><T29/><D29/><U11/><E33/><V121/><F121/><W70/><G70/><T113/><D113/><U4/><E119/><V130/><F130/><W18/><G31/><T114/><D114/><U134/><E134/><V66/><F68/><W103/><G74/><T36/><D19/><U32/><E32/><V14/><F99/><W67/><G67/><T45/><D40/><U7/><E15/><V55/><F55/><W109/><G109/><T131/><D131/><U2/><E2/><V22/><AGARI ba="0,0" hai="14,16,22,46,51,52,65,66,78,83,86,87,90,95" machi="22" ten="20,8000,1" yaku="0,1,7,1,8,1,54,2" doraHai="35" who="2" fromWho="2" sc="272,-20,177,-20,409,80,142,-40" owari="252,5.0,157,-24.0,489,59.0,102,-40.0" /></mjloggm>