<mjloggm ver="2.3"><GO type="97" lobby="0"/><UN n0="%E3%83%97%E3%83%A9%E3%82%B9%E3%83%88%E3%82%B7%E3%82%A2%E3%83%8B%E3%83%B3" n1="%E9%87%8E%E7%94%B0%E3%83%9A%E3%83%8B%E5%A4%AB" n2="%72%65%69%74%61%72%6F%75" n3="%E5%B0%B1%E6%B4%BB%E7%94%9F%40%E5%B7%9D%E6%9D%91%E8%BB%8D%E5%9B%A3" dan="14,15,14,16" rate="1878.82,1991.14,1989.51,2134.15" sx="M,M,F,M"/><TAIKYOKU oya="0"/><INIT seed="0,0,0,4,4,28" ten="250,250,250,250" oya="0" hai0="14,62,68,4,124,88,72,133,110,27,128,121,40" hai1="100,30,97,102,54,130,85,53,105,16,114,87,125" hai2="45,25,10,122,92,98,106,135,79,61,43,82,37" hai3="26,51,70,116,86,117,73,132,90,80,19,13,5"/><T21/><D72/><U41/><E102/><V131/><F122/><W107/><G132/><T123/><D133/><U2/><E2/><V35/><F135/><W3/><G107/><T129/><D124/><U38/><E125/><V11/><F131/><N who="0" m="50250" /><D110/><U60/><E130/><V23/><F106/><W99/><G70/><T83/><D40/><U96/><E96/><V108/><F108/><W12/><G73/><T29/><D4/><U113/><E30/><V0/><F61/><W8/><G99/><T18/><D68/><U65/><E41/><V103/><F0/><W127/><G127/><T115/><D62/><U66/><E38/><V101/><F103/><W91/><G91/><T89/><D115/><N who="1" m="44043" /><E16/><V76/><F79/><W46/><G26/><T112/><D112/><U111/><E111/><V44/><F45/><W118/><REACH who="3" step="1"/><G19/><REACH who="3" ten="250,250,250,240" step="2"/><T67/><D123/><U6/><E6/><V109/><F109/><W134/><G134/><T22/><D121/><U126/><E126/><V42/><F25/><W55/><AGARI ba="0,1" hai="3,5,8,12,13,46,51,55,80,86,90,116,117,118" machi="55" ten="30,2000,0" yaku="1,1,0,1,53,0" doraHai="28" doraHaiUra="15" who="3" fromWho="3" sc="250,-10,250,-5,250,-5,240,30" /><INIT seed="1,0,0,1,0,126" ten="240,245,245,270" oya="1" hai0="32,62,84,36,105,27,14,81,76,21,42,121,87" hai1="64,8,2,129,33,102,3,15,124,101,24,128,133" hai2="116,77,29,72,54,73,46,23,43,41,16,98,31" hai3="61,122,88,55,91,99,114,39,50,107,4,115,103"/><U25/><E64/><V132/><F116/><W18/><G39/><T19/><D105/><U92/><E124/><V57/><F132/><W97/><G122/><T93/><D121/><U110/><E133/><V13/><F98/><W118/><G118/><T9/><D32/><U89/><E110/><V109/><F109/><W90/><G4/><T11/><D36/><U66/><E66/><V71/><F71/><W113/><G18/><T78/><D42/><U17/><E33/><V117/><F117/><W12/><G12/><T0/><D0/><N who="1" m="43" /><E101/><V74/><F46/><W96/><REACH who="3" step="1"/><G61/><REACH who="3" ten="240,245,245,260" step="2"/><T26/><D62/><U108/><E108/><V48/><F77/><W106/><G106/><T60/><D60/><U131/><E102/><V6/><F6/><W52/><G52/><T134/><D134/><U70/><E70/><V125/><F125/><W53/><G53/><T37/><D37/><U95/><E95/><V100/><F100/><W83/><G83/><N who="0" m="47207" /><D93/><U35/><E35/><V51/><F48/><W65/><G65/><T59/><D27/><U112/><E112/><V47/><REACH who="2" step="1"/><F43/><REACH who="2" ten="240,245,235,260" step="2"/><W94/><G94/><T7/><D7/><U111/><E111/><V68/><F68/><W28/><G28/><T69/><D69/><U20/><E8/><V123/><F123/><W10/><G10/><T120/><D9/><U45/><E45/><AGARI ba="0,2" hai="45,50,55,88,90,91,96,97,99,103,107,113,114,115" machi="45" ten="50,3200,0" yaku="1,1,54,1,53,0" doraHai="126" doraHaiUra="80" who="3" fromWho="1" sc="240,0,245,-32,235,0,260,52" /><INIT seed="2,0,0,4,1,110" ten="240,213,235,312" oya="2" hai0="12,56,98,62,28,0,130,75,76,25,105,16,124" hai1="1,29,111,118,52,74,89,83,35,104,85,121,131" hai2="49,82,33,132,21,125,106,2,78,41,8,81,37" hai3="20,22,90,129,108,53,5,88,27,101,116,113,133"/><V58/><F106/><W109/><G116/><T126/><D0/><U122/><E118/><V97/><F132/><W47/><G133/><T18/><D130/><U86/><E104/><V91/><F125/><W80/><G5/><T54/><D76/><U57/><E1/><V87/><F33/><W26/><G101/><N who="0" m="62647" /><D75/><U50/><E74/><V61/><F97/><W9/><G9/><T120/><D12/><U66/><E111/><N who="3" m="42570" /><G129/><T100/><D100/><U103/><E103/><V13/><F2/><W38/><G113/><T32/><D120/><N who="1" m="46187" /><E131/><V117/><F117/><W60/><G80/><T93/><D93/><U24/><E86/><N who="2" m="48439" /><F37/><W127/><G127/><AGARI ba="0,0" hai="16,18,25,28,32,54,56,62,124,126,127" m="62647" machi="127" ten="30,2000,0" yaku="18,1,54,1" doraHai="110" who="0" fromWho="3" sc="240,20,213,0,235,0,312,-20" /><INIT seed="3,0,0,1,3,6" ten="260,213,235,292" oya="3" hai0="30,34,4,85,121,97,70,54,96,108,13,89,104" hai1="55,82,66,90,130,107,64,12,29,132,2,76,79" hai2="52,28,67,84,5,94,31,19,56,119,24,98,83" hai3="45,111,117,51,87,101,109,102,21,99,38,59,33"/><W17/><G33/><T129/><D70/><U58/><E2/><V0/><F119/><W92/><G117/><T127/><D121/><U7/><E107/><V43/><F43/><W40/><G87/><T123/><D123/><U32/><E29/><V47/><F47/><W60/><G38/><T18/><D4/><U27/><E27/><V74/><F74/><W9/><G9/><N who="0" m="6447" /><D104/><U135/><E32/><V71/><F0/><W14/><REACH who="3" step="1"/><G101/><REACH who="3" ten="260,213,235,282" step="2"/><T11/><D11/><N who="1" m="4223" /><E130/><V39/><F39/><W46/><G46/><T116/><D116/><U91/><E132/><V73/><F73/><W69/><G69/><T100/><D129/><U68/><E68/><V124/><F71/><W8/><G8/><T63/><D100/><U41/><E135/><V48/><F5/><W75/><G75/><T122/><D85/><N who="1" m="50487" /><E41/><V61/><F84/><W65/><AGARI ba="0,1" hai="14,17,21,40,45,51,59,60,65,92,99,102,109,111" machi="65" ten="30,3000,0" yaku="1,1,0,1,53,0" doraHai="6" doraHaiUra="110" who="3" fromWho="3" sc="260,-10,213,-10,235,-10,282,40" owari="250,5.0,203,-30.0,225,-17.0,322,42.0" /></mjloggm>