<mjloggm ver="2.3"><GO type="225" lobby="0"/><UN n0="%E3%81%BF%E3%81%BF%E3%81%9A" n1="%E8%B6%B3%E3%81%AE%E8%B8%8F%E3%81%BF%E5%A0%B4%E3%82%82%E3%81%AA%E3%81%84" n2="%E5%B0%B1%E6%B4%BB%E7%94%9F%40%E5%B7%9D%E6%9D%91%E8%BB%8D%E5%9B%A3" n3="%79%61%73%68%69%78" dan="17,17,18,17" rate="2217.40,2225.26,2182.53,2212.46" sx="M,M,M,M"/><TAIKYOKU oya="0"/><INIT seed="0,0,0,2,3,35" ten="250,250,250,250" oya="0" hai0="64,11,75,67,102,120,112,55,80,15,54,126,79" hai1="68,25,58,89,119,121,29,122,71,46,69,104,87" hai2="129,53,130,98,115,74,61,106,57,45,73,118,52" hai3="26,114,65,81,109,116,103,27,48,34,21,60,63"/><T30/><D112/><U38/><E119/><V10/><F115/><W2/><G114/><T44/><D120/><U135/><E104/><V88/><F10/><W133/><G116/><T76/><D126/><U86/><E135/><V95/><F106/><W13/><G133/><T7/><D102/><U97/><E97/><V14/><F14/><W23/><G2/><T113/><D113/><U28/><E58/><V91/><F91/><W131/><G103/><T99/><D99/><U4/><E4/><V92/><F92/><W127/><G34/><T83/><D30/><U50/><E38/><V111/><F111/><W37/><G109/><T93/><D93/><U134/><E134/><V78/><F78/><W107/><G37/><T123/><D123/><U66/><E66/><V85/><F85/><W84/><G107/><T41/><D67/><U132/><E87/><V20/><F20/><W36/><G36/><T117/><D64/><U32/><E29/><V105/><F105/><W16/><G127/><T12/><D12/><U77/><E77/><V33/><F33/><W31/><G131/><N who="2" m="50185" /><F118/><W9/><G84/><N who="0" m="48135" /><D117/><U72/><E72/><N who="2" m="27755" /><F45/><W56/><G81/><T94/><D94/><U110/><E110/><V8/><F8/><W96/><G9/><T62/><D62/><U108/><E108/><V6/><F6/><W43/><G63/><T40/><D44/><U1/><E132/><V22/><F22/><W49/><G96/><T51/><D51/><N who="3" m="19529" /><G13/><T47/><D47/><U100/><E46/><V59/><F61/><W82/><G82/><T19/><D7/><U124/><E124/><RYUUKYOKU ba="0,0" sc="250,10,250,-30,250,10,250,10" hai0="11,15,19,40,41,54,55,75,79,83" hai2="52,53,57,59,88,95,98" hai3="16,21,23,26,27,31,43,56,60,65" /><INIT seed="0,1,0,1,0,91" ten="260,220,260,260" oya="0" hai0="26,34,52,101,30,33,27,5,29,81,68,90,67" hai1="126,127,32,19,17,106,79,23,132,45,118,31,83" hai2="18,13,102,77,20,73,128,129,2,99,36,16,133" hai3="75,35,130,60,37,110,84,93,15,122,109,46,58"/><T28/><D5/><U111/><E118/><V6/><F36/><W87/><G75/><T49/><D101/><U24/><E106/><V25/><F133/><W12/><G130/><N who="2" m="50281" /><F73/><W38/><G35/><T112/><D112/><U62/><E132/><V63/><F77/><W39/><G46/><T0/><D0/><U54/><E111/><N who="3" m="42506" /><G122/><T7/><D7/><U44/><E19/><N who="2" m="12447" /><F63/><W114/><G114/><T61/><D30/><U98/><E98/><V4/><F2/><W121/><G121/><T85/><D49/><U89/><E62/><V123/><F123/><W104/><G104/><T65/><REACH who="0" step="1"/><D68/><REACH who="0" ten="250,220,260,260" step="2"/><U70/><E70/><V88/><F18/><W105/><G39/><T21/><D21/><U100/><E17/><V108/><F108/><W103/><G38/><T50/><D50/><U9/><E23/><N who="2" m="11663" /><F102/><W69/><G37/><T97/><D97/><U56/><E100/><V134/><F134/><W113/><G103/><T59/><AGARI ba="1,1" hai="26,27,28,29,33,34,52,59,61,65,67,81,85,90" machi="59" ten="30,11700,0" yaku="1,1,0,1,9,1,54,1,53,0" doraHai="91" doraHaiUra="71" who="0" fromWho="0" sc="250,130,220,-40,260,-40,260,-40" /><INIT seed="0,2,0,2,0,5" ten="380,180,220,220" oya="0" hai0="66,61,59,126,57,40,90,14,105,32,71,30,117" hai1="122,33,103,133,82,10,60,115,104,1,84,2,67" hai2="73,107,51,131,101,70,50,86,80,110,37,25,38" hai3="124,77,41,99,89,52,62,31,132,102,53,20,114"/><T42/><D117/><U44/><E122/><V121/><F73/><W17/><G114/><T24/><D126/><U18/><E133/><V92/><F70/><W79/><G124/><T87/><D105/><U113/><E33/><V23/><F121/><W64/><G132/><T29/><D29/><U4/><E18/><V69/><F69/><W96/><G41/><T135/><D135/><U91/><E44/><V15/><F107/><W49/><G31/><T54/><D71/><U120/><E120/><V118/><F118/><W39/><G39/><T43/><D14/><U98/><REACH who="1" step="1"/><E1/><REACH who="1" ten="380,170,220,220" step="2"/><V16/><F38/><W12/><G64/><T111/><D111/><U76/><E76/><N who="2" m="46343" /><F37/><W109/><G109/><T13/><D13/><U56/><AGARI ba="2,1" hai="2,4,10,56,60,67,82,84,91,98,103,104,113,115" machi="56" ten="30,4000,0" yaku="1,1,0,1,52,1,53,0" doraHai="5" doraHaiUra="130" who="1" fromWho="1" sc="380,-22,170,56,220,-12,220,-12" /><INIT seed="1,0,0,2,5,46" ten="358,226,208,208" oya="1" hai0="26,3,63,130,125,99,132,118,127,70,0,52,101" hai1="25,35,97,79,74,71,83,75,14,108,69,72,100" hai2="113,112,7,19,58,51,82,88,95,115,105,56,5" hai3="103,18,128,11,1,12,66,60,33,73,48,16,96"/><U121/><E14/><V29/><F105/><W55/><G73/><N who="1" m="28266" /><E121/><V64/><F29/><W28/><G1/><T8/><D118/><U120/><E120/><V44/><F82/><W84/><G84/><T65/><D132/><U86/><E86/><N who="2" m="52631" /><F19/><W6/><G33/><T93/><D130/><U67/><E67/><V57/><F64/><W9/><G28/><T124/><D26/><U24/><E24/><V85/><F85/><W119/><G128/><T87/><D8/><U134/><E134/><V23/><F23/><W80/><G80/><T81/><D52/><AGARI ba="0,0" hai="5,7,44,51,52,56,57,58,112,113,115" m="52631" machi="52" ten="40,8000,1" yaku="11,1,52,1,54,2" doraHai="46" who="2" fromWho="0" sc="358,-80,226,0,208,80,208,0" /><INIT seed="2,0,0,4,1,6" ten="278,226,288,208" oya="2" hai0="35,32,50,46,86,80,56,59,39,57,34,28,94" hai1="22,30,134,74,126,29,16,129,115,62,100,101,36" hai2="55,12,11,106,45,96,81,117,103,112,70,21,95" hai3="15,79,93,42,61,64,89,68,118,17,31,5,133"/><V54/><F112/><W63/><G133/><T111/><D111/><U102/><E115/><V33/><F33/><W1/><G118/><T84/><D39/><U3/><E134/><V72/><F70/><W24/><G79/><T19/><D28/><U78/><E36/><V130/><F130/><W52/><G42/><T41/><D94/><U4/><E129/><V7/><F117/><W9/><G63/><T99/><D99/><U91/><E126/><V82/><F72/><W71/><G71/><T47/><D47/><U116/><E116/><V113/><F113/><W128/><G128/><T125/><D125/><U73/><E91/><V75/><F75/><W88/><G93/><T122/><D122/><U127/><E127/><V85/><F21/><W0/><G0/><T20/><REACH who="0" step="1"/><D80/><REACH who="0" ten="268,226,288,208" step="2"/><U114/><E30/><V123/><F82/><W97/><G97/><T8/><D8/><U108/><E29/><V66/><F45/><W135/><G135/><T121/><D121/><U60/><E108/><V26/><F81/><W90/><G31/><T105/><D105/><U48/><E114/><V92/><F95/><W132/><G132/><T131/><D131/><U65/><E102/><V44/><F92/><W110/><G110/><T119/><D119/><U2/><E101/><V69/><F96/><W38/><G38/><T124/><D124/><U98/><E98/><V58/><F44/><W67/><G67/><T51/><D51/><U104/><E65/><V83/><F66/><W120/><G120/><T107/><D107/><U53/><E104/><V10/><F106/><W109/><G109/><RYUUKYOKU ba="0,1" sc="268,30,226,-10,288,-10,208,-10" hai0="19,20,32,34,35,41,46,50,56,57,59,84,86" /><INIT seed="3,1,1,2,1,119" ten="298,216,278,198" oya="3" hai0="94,27,18,128,92,47,89,58,42,36,116,118,86" hai1="70,93,107,126,38,0,113,71,17,95,114,102,26" hai2="132,55,103,6,57,78,25,22,59,84,67,129,19" hai3="72,50,109,131,65,53,133,4,75,34,79,115,80"/><W124/><G115/><T56/><D128/><U123/><E123/><V104/><F129/><W125/><G131/><T134/><D134/><U51/><E38/><V99/><F132/><W91/><G133/><T30/><D18/><U81/><E81/><V45/><F6/><W7/><G65/><T2/><D2/><U62/><E0/><V23/><F67/><W12/><G34/><T111/><D111/><U3/><E3/><V73/><F73/><W77/><G109/><T20/><D58/><U8/><E62/><V10/><F10/><W39/><G39/><T68/><D68/><U85/><E95/><V106/><F106/><W74/><G80/><T112/><D112/><U41/><E26/><V28/><F78/><N who="3" m="29707" /><G91/><T63/><D94/><U101/><E70/><V48/><F84/><W14/><G53/><AGARI ba="1,1" hai="20,27,30,36,42,47,53,56,63,86,89,92,116,118" machi="53" ten="30,1000,0" yaku="7,1" doraHai="119" who="0" fromWho="3" sc="298,23,216,0,278,0,198,-13" owari="321,41.0,216,-18.0,278,8.0,185,-31.0" /></mjloggm>