<mjloggm ver="2.3"><GO type="169" lobby="0"/><UN n0="%E8%90%8C%E3%81%88%E3%81%AE%E7%A5%9E" n1="%E5%B0%B1%E6%B4%BB%E7%94%9F%40%E5%B7%9D%E6%9D%91%E8%BB%8D%E5%9B%A3" n2="%3E%5F%30%40%E6%9D%8F%E6%9D%8F%E8%BB%8D%E5%9C%98" n3="%E3%83%80%E3%83%9C" dan="16,17,18,16" rate="2135.50,2201.66,2232.37,2059.23" sx="F,M,F,M"/><TAIKYOKU oya="0"/><INIT seed="0,0,0,0,4,111" ten="250,250,250,250" oya="0" hai0="52,110,47,89,71,95,99,79,83,93,114,70,61" hai1="55,16,51,54,6,7,44,125,50,3,22,17,2" hai2="49,122,80,33,100,4,27,131,9,31,92,46,45" hai3="67,21,105,98,40,72,74,48,13,28,135,133,134"/><T38/><D110/><U90/><E90/><V78/><F122/><W97/><G67/><T73/><D114/><U64/><E64/><V68/><F68/><W108/><G108/><T43/><REACH who="0" step="1"/><D95/><REACH who="0" ten="240,250,250,250" step="2"/><U119/><E119/><V107/><F92/><W57/><G133/><T106/><D106/><U132/><E132/><V15/><F107/><W76/><G134/><T11/><D11/><U20/><REACH who="1" step="1"/><E44/><REACH who="1" ten="240,240,250,250" step="2"/><V14/><F46/><W129/><G135/><T115/><D115/><U127/><AGARI ba="0,2" hai="2,3,6,7,16,17,20,22,50,51,54,55,125,127" machi="127" ten="25,12000,2" yaku="1,1,2,1,0,1,22,2,54,1,53,0" doraHai="111" doraHaiUra="112" who="1" fromWho="1" sc="240,-60,240,140,250,-30,250,-30" /><INIT seed="1,0,0,4,4,15" ten="180,380,220,220" oya="1" hai0="116,102,41,73,134,53,104,46,54,132,99,88,118" hai1="13,12,72,44,5,37,74,25,10,47,103,84,128" hai2="133,97,14,124,66,96,101,60,105,123,34,109,87" hai3="4,17,26,18,19,125,89,51,71,107,98,129,57"/><U112/><E112/><V21/><F123/><W8/><G71/><T80/><D54/><U111/><E128/><V23/><F34/><W108/><G129/><T94/><D53/><U36/><E103/><V91/><F109/><W77/><G108/><T75/><D46/><U115/><E115/><V117/><F117/><N who="0" m="45162" /><D41/><U85/><E111/><V100/><F124/><W52/><G125/><T6/><D6/><U1/><E25/><V90/><F14/><N who="3" m="5383" /><G107/><T28/><D28/><U121/><E5/><V7/><F7/><W35/><G35/><T76/><D73/><U16/><E1/><V81/><F91/><W95/><G77/><T56/><D56/><U9/><REACH who="1" step="1"/><E121/><REACH who="1" ten="180,370,220,220" step="2"/><V62/><F101/><W114/><G114/><T55/><D55/><U119/><E119/><V29/><F100/><W67/><G67/><T49/><D49/><U131/><E131/><V40/><F66/><W0/><G0/><T43/><D43/><U45/><E45/><V127/><F40/><W68/><G68/><T32/><D32/><U86/><E86/><AGARI ba="0,1" hai="75,76,80,86,88,94,99,102,104,132,134" m="45162" machi="86" ten="30,7700,0" yaku="24,1,34,2,54,1" doraHai="15" who="0" fromWho="1" sc="180,87,370,-77,220,0,220,0" /><INIT seed="2,0,0,2,1,66" ten="267,293,220,220" oya="2" hai0="23,118,43,74,96,125,126,134,72,17,3,35,88" hai1="87,58,122,4,19,92,93,48,95,0,46,110,31" hai2="111,79,108,104,94,42,132,76,101,12,44,13,85" hai3="2,119,133,30,83,120,18,103,61,124,36,100,130"/><V63/><F132/><W121/><G36/><T8/><D35/><U33/><E110/><N who="2" m="42027" /><F104/><W28/><G2/><T62/><D43/><U105/><E105/><V90/><F101/><W64/><G119/><T73/><D134/><U16/><E122/><V11/><F63/><W5/><G5/><N who="0" m="1087" /><D62/><U25/><E58/><V20/><F20/><W65/><G133/><T52/><D52/><U6/><E87/><V115/><F115/><W123/><G61/><T81/><D118/><U106/><E106/><V114/><F114/><W112/><G112/><T56/><D56/><U129/><E129/><V107/><F107/><W40/><G40/><T102/><D102/><U34/><E34/><V39/><F13/><W75/><G103/><T84/><D96/><U77/><E77/><V10/><F10/><W7/><G100/><T1/><D1/><U53/><E0/><V69/><F69/><W99/><G99/><T38/><D38/><U80/><E4/><AGARI ba="0,0" hai="4,11,12,39,42,44,76,79,85,90,94" m="42027" machi="4" ten="30,2900,0" yaku="14,1,10,1" doraHai="66" who="2" fromWho="1" sc="267,0,293,-29,220,29,220,0" /><INIT seed="2,1,0,2,3,26" ten="267,264,249,220" oya="2" hai0="98,93,76,99,91,124,9,31,100,118,82,88,40" hai1="92,108,71,65,38,117,70,90,44,68,110,80,119" hai2="3,8,115,111,24,46,75,109,84,32,58,52,18" hai3="7,134,50,113,126,57,20,15,85,60,48,39,127"/><V131/><F75/><W36/><G85/><N who="0" m="48327" /><D40/><N who="1" m="22551" /><E80/><V102/><F115/><W83/><G83/><T56/><D124/><N who="3" m="47657" /><G7/><T11/><D118/><N who="1" m="45067" /><E92/><V87/><F102/><W14/><G20/><T106/><D56/><U125/><E90/><N who="0" m="34345" /><D31/><U37/><E37/><N who="3" m="14410" /><G113/><T133/><D11/><U2/><E2/><V97/><F97/><W121/><G121/><T123/><D9/><U35/><E35/><V120/><F120/><W114/><G114/><T45/><D45/><U49/><E125/><V104/><F46/><W79/><G79/><T10/><D10/><U112/><E112/><V1/><F104/><W6/><G6/><T25/><D25/><U42/><E65/><V16/><F8/><W30/><G14/><T23/><D23/><U74/><E74/><V41/><F32/><W27/><G15/><T95/><D123/><U34/><E34/><V122/><F122/><W94/><G27/><T47/><D99/><U101/><E101/><V72/><F24/><W22/><G22/><T43/><D43/><U96/><E96/><V0/><F41/><W33/><G33/><T55/><D106/><U130/><E130/><V135/><F131/><W21/><G21/><T63/><D95/><U59/><E42/><V107/><F107/><W116/><G94/><T54/><D93/><U132/><E132/><V53/><F135/><W4/><G134/><T5/><D133/><U62/><E62/><N who="2" m="36167" /><F72/><W17/><G116/><T78/><D100/><U103/><E103/><V67/><F67/><W12/><G4/><T89/><N who="0" m="34353" /><T128/><DORA hai="19" /><D98/><U29/><E29/><V105/><F105/><RYUUKYOKU ba="1,0" sc="267,-10,264,30,249,-10,220,-10" hai1="49,59,68,70,71,108,110" /><INIT seed="3,2,0,2,0,93" ten="257,294,239,210" oya="3" hai0="8,13,126,129,125,6,53,70,88,75,41,49,22" hai1="0,101,50,39,78,19,111,17,100,83,66,62,14" hai2="132,18,84,105,4,135,95,24,108,122,123,113,64" hai3="51,118,52,69,107,92,130,99,7,124,32,91,103"/><W67/><G118/><T23/><D75/><U109/><E39/><V131/><F113/><W63/><G124/><N who="0" m="47723" /><D70/><U10/><E0/><V102/><F4/><W77/><G130/><T34/><D34/><U1/><E1/><V27/><F131/><W36/><G36/><T61/><D129/><U40/><E40/><V30/><F18/><W128/><G128/><T116/><D116/><U33/><E50/><V82/><F105/><W87/><G7/><T20/><D41/><U48/><E48/><V44/><F44/><W2/><G32/><T21/><D61/><U106/><E17/><V60/><F108/><N who="1" m="41545" /><E33/><V46/><F46/><W86/><G2/><T73/><D73/><N who="1" m="43471" /><E106/><V35/><F27/><W96/><G77/><T97/><D23/><U47/><E47/><AGARI ba="2,0" hai="47,51,52,63,67,69,86,87,91,92,96,99,103,107" machi="47" ten="30,11600,0" yaku="7,1,52,2,54,1" doraHai="93" who="3" fromWho="1" sc="257,0,294,-122,239,0,210,122" /><INIT seed="3,3,0,2,0,15" ten="257,172,239,332" oya="3" hai0="45,51,59,133,3,106,122,30,87,102,62,129,118" hai1="63,117,14,116,65,0,58,25,105,53,18,39,121" hai2="135,107,8,98,125,42,27,115,28,131,33,7,68" hai3="55,97,52,50,81,93,32,40,9,95,17,35,132"/><W23/><G132/><T114/><D118/><N who="1" m="45675" /><E0/><V21/><F115/><W113/><G113/><T89/><D114/><U100/><E121/><V73/><F135/><W134/><G134/><T20/><D133/><U54/><E39/><V22/><F131/><W77/><G9/><T130/><D3/><U43/><E43/><V31/><F125/><W36/><G40/><T4/><D4/><U5/><E5/><V80/><F68/><W10/><G10/><T120/><D102/><U82/><E25/><V19/><F42/><W67/><G67/><T64/><D106/><U38/><E38/><V127/><F127/><W84/><G36/><T103/><D103/><U109/><E109/><V49/><F49/><W96/><G93/><T26/><D130/><U66/><E82/><V47/><F47/><W29/><G29/><T56/><D56/><N who="1" m="35215" /><E100/><V46/><F80/><W16/><G55/><T91/><D129/><U110/><E105/><V90/><F107/><W108/><G108/><T24/><D122/><U88/><E88/><V74/><F46/><W69/><G69/><T72/><D91/><U83/><E83/><V2/><F31/><W112/><G112/><T48/><D120/><U78/><E78/><V1/><F1/><W41/><G41/><T111/><D111/><U126/><E126/><V60/><F60/><W11/><G77/><T85/><D62/><N who="1" m="36183" /><E110/><V94/><F22/><AGARI ba="3,0" hai="14,18,22,65,66" m="36183,35215,45675" machi="22" ten="30,2000,0" yaku="12,1,52,1" doraHai="15" who="1" fromWho="2" sc="257,0,172,29,239,-29,332,0" /><INIT seed="4,0,0,4,5,83" ten="257,201,210,332" oya="0" hai0="94,92,99,33,114,132,15,65,66,32,56,102,134" hai1="91,52,36,2,47,55,59,75,21,119,35,10,64" hai2="61,5,48,98,19,57,63,95,13,16,58,111,127" hai3="50,71,128,44,41,31,51,40,125,78,76,123,0"/><T1/><D1/><U88/><E35/><V90/><F111/><W45/><G0/><T103/><D15/><U110/><E75/><V97/><F127/><W7/><G7/><T67/><D56/><U89/><E119/><V124/><F124/><W69/><G125/><T135/><D114/><U4/><E110/><V62/><F98/><AGARI ba="0,0" hai="32,33,65,66,67,92,94,98,99,102,103,132,134,135" machi="98" ten="50,4800,0" yaku="9,1,20,1" doraHai="83" who="0" fromWho="2" sc="257,48,201,0,210,-48,332,0" /><INIT seed="4,1,0,5,4,17" ten="305,201,162,332" oya="0" hai0="13,66,54,62,77,115,87,65,128,132,49,96,44" hai1="123,28,56,35,126,16,12,67,82,39,11,110,112" hai2="129,111,119,122,45,88,101,78,5,133,104,70,81" hai3="61,84,108,43,34,94,116,124,30,97,113,107,52"/><T80/><D115/><U95/><E123/><V106/><F70/><W31/><G116/><T86/><D132/><U2/><E39/><V55/><F122/><W25/><G113/><T23/><D128/><U24/><E112/><V131/><F5/><W64/><G107/><N who="2" m="41001" /><F45/><W120/><G120/><T51/><D96/><U47/><E110/><V71/><F71/><W83/><G108/><T7/><D86/><U134/><E134/><V105/><F55/><W72/><G72/><T46/><D62/><U18/><E126/><V75/><F111/><W121/><G124/><T42/><REACH who="0" step="1"/><D23/><REACH who="0" ten="295,201,162,332" step="2"/><U125/><E125/><V8/><F133/><W21/><G21/><T0/><D0/><U38/><E2/><V48/><F119/><W130/><G130/><N who="2" m="49673" /><F8/><AGARI ba="1,1" hai="7,8,13,42,44,46,49,51,54,65,66,77,80,87" machi="8" ten="40,12000,1" yaku="1,1,25,2,8,1,53,0" doraHai="17" doraHaiUra="57" who="0" fromWho="2" sc="295,133,201,0,162,-123,332,0" /><INIT seed="4,2,0,4,4,52" ten="428,201,39,332" oya="0" hai0="8,99,31,12,81,102,76,73,24,113,61,45,54" hai1="71,66,20,104,37,42,14,34,13,85,91,122,131" hai2="27,58,51,123,47,77,109,75,43,124,40,60,68" hai3="15,26,28,3,17,10,57,30,44,2,29,69,128"/><T55/><D113/><U1/><E34/><V111/><F123/><W63/><G69/><T74/><D74/><U117/><E1/><V79/><F27/><W56/><G44/><T88/><D45/><U97/><E122/><V126/><F75/><W65/><G128/><T98/><D61/><U38/><E117/><V5/><F5/><W121/><G121/><T22/><D99/><U134/><E134/><V106/><F106/><W112/><G112/><T18/><REACH who="0" step="1"/><D88/><REACH who="0" ten="418,201,39,332" step="2"/><U35/><E97/><V36/><F77/><W7/><G63/><T133/><D133/><U129/><E91/><V41/><F79/><W11/><G65/><T62/><D62/><U96/><E96/><V25/><F68/><W9/><G56/><T115/><D115/><U89/><E66/><N who="2" m="39191" /><F36/><W95/><G57/><T135/><D135/><U19/><E71/><V16/><F47/><W132/><G132/><T114/><D114/><U101/><E38/><V108/><F51/><W100/><G100/><T116/><D116/><U21/><E101/><V80/><F80/><W78/><G78/><T59/><D59/><U94/><E104/><AGARI ba="2,1" hai="8,12,18,22,24,31,54,55,73,76,81,98,102,104" machi="104" ten="30,2900,0" yaku="1,1,7,1,53,0" doraHai="52" doraHaiUra="32" who="0" fromWho="1" sc="418,45,201,-35,39,0,332,0" /><INIT seed="4,3,0,0,3,129" ten="463,166,39,332" oya="0" hai0="57,107,98,134,10,2,118,92,9,75,71,91,55" hai1="114,83,50,20,19,34,11,52,101,80,135,46,8" hai2="132,77,116,109,64,72,59,23,42,40,41,17,5" hai3="112,0,87,99,128,76,122,93,82,121,94,125,96"/><T18/><D134/><U24/><E135/><V29/><F109/><W62/><G0/><T60/><D118/><U130/><E130/><V1/><F116/><W79/><G62/><T102/><D75/><U26/><E114/><V133/><F29/><W14/><G14/><T49/><D2/><U54/><E101/><V35/><F35/><W6/><G6/><T16/><D10/><N who="1" m="3627" /><E34/><V89/><F5/><W25/><G25/><N who="1" m="9834" /><E54/><V110/><F1/><W58/><G58/><T31/><D31/><U66/><E66/><V124/><F110/><W106/><G106/><T15/><D71/><U74/><E74/><V95/><F124/><W85/><G112/><T100/><D107/><U4/><E4/><V97/><F77/><W103/><G128/><T43/><D18/><U81/><E81/><V123/><F72/><W67/><G67/><T32/><D32/><U21/><E21/><V48/><F123/><W51/><G51/><T39/><D39/><U90/><E90/><V105/><F105/><W78/><G125/><T111/><D111/><U84/><E84/><N who="3" m="32330" /><G82/><T119/><D119/><U65/><E65/><V33/><F33/><W27/><G27/><AGARI ba="3,0" hai="19,20,27,46,50,52,80,83" m="9834,3627" machi="27" ten="30,2000,0" yaku="8,1,54,1" doraHai="129" who="1" fromWho="3" sc="463,0,166,29,39,0,332,-29" /><INIT seed="5,0,0,5,2,18" ten="463,195,39,303" oya="1" hai0="61,124,41,134,97,66,94,74,117,36,25,37,119" hai1="112,20,73,48,1,80,5,82,6,98,102,110,121" hai2="17,59,62,33,29,43,111,76,108,90,116,96,122" hai3="12,81,95,38,75,67,105,100,23,40,35,93,132"/><U45/><E121/><V83/><F122/><W39/><G35/><T104/><D119/><U47/><E112/><V123/><F123/><W99/><G132/><T68/><D117/><U127/><E127/><V27/><F116/><W72/><G67/><T71/><D74/><U55/><E110/><V64/><F43/><W57/><G57/><T30/><D71/><U101/><E73/><V31/><F31/><W53/><G53/><T89/><D124/><U130/><E130/><V8/><F96/><W52/><G72/><T28/><D28/><U0/><E98/><V131/><F131/><W24/><G52/><T135/><D41/><U56/><E55/><V65/><F65/><W16/><G12/><T44/><D44/><U26/><E26/><V113/><F90/><W128/><G128/><T10/><D10/><U118/><E118/><V114/><F8/><W92/><REACH who="3" step="1"/><G40/><REACH who="3" ten="463,195,39,293" step="2"/><T69/><D69/><U11/><E56/><V60/><F60/><W15/><G15/><T14/><D14/><U109/><E109/><V70/><F59/><W51/><G51/><T19/><D134/><U79/><E48/><V50/><F50/><W54/><G54/><T13/><D135/><U84/><E47/><V22/><F108/><W49/><G49/><T3/><D3/><U125/><E45/><V129/><F111/><W91/><G91/><T133/><D133/><U58/><E58/><V21/><F129/><W86/><G86/><T46/><D46/><U88/><E125/><V32/><F32/><W63/><G63/><T34/><D61/><U103/><E88/><V4/><F33/><RYUUKYOKU ba="0,1" sc="463,-10,195,-10,39,-10,293,30" hai3="16,23,24,38,39,75,81,92,93,95,99,100,105" /><INIT seed="6,1,1,1,0,106" ten="453,185,29,323" oya="2" hai0="56,35,32,59,75,96,7,50,111,43,24,22,74" hai1="67,115,128,17,122,123,135,126,14,120,46,41,119" hai2="40,100,37,82,60,68,124,39,65,127,54,29,57" hai3="49,52,10,113,81,48,87,8,21,23,30,125,73"/><V109/><F29/><W12/><G125/><N who="2" m="48201" /><F100/><W25/><G113/><T117/><D111/><U0/><E0/><V108/><F82/><W9/><G73/><T134/><D7/><U72/><E126/><V51/><F40/><W71/><G71/><T94/><D134/><U58/><E119/><V4/><F4/><W110/><G110/><AGARI ba="1,1" hai="37,39,51,54,57,60,65,68,108,109,110" m="48201" machi="110" ten="30,11600,0" yaku="10,1,18,1,34,2" doraHai="106" who="2" fromWho="3" sc="453,0,185,0,29,129,323,-119" /><INIT seed="6,2,0,3,5,70" ten="453,185,158,204" oya="2" hai0="72,42,105,2,43,25,41,10,129,60,119,131,65" hai1="92,62,74,132,7,57,97,67,11,79,55,47,20" hai2="122,45,36,102,30,56,51,26,91,104,125,98,112" hai3="83,21,123,54,6,8,27,50,135,78,49,87,48"/><V114/><F122/><W0/><G135/><T58/><D72/><U9/><E132/><V4/><F125/><W89/><G123/><T18/><D105/><U106/><E106/><V117/><F117/><W88/><REACH who="3" step="1"/><G54/><REACH who="3" ten="453,185,158,194" step="2"/><T77/><D119/><U133/><E133/><V116/><F116/><W38/><G38/><T1/><D77/><U85/><E74/><V84/><F36/><W24/><G24/><T94/><D25/><U118/><E118/><V16/><F26/><W61/><G61/><T32/><D32/><U108/><E108/><V13/><F112/><W22/><G22/><T100/><D10/><U90/><E20/><V23/><F114/><W126/><G126/><T76/><D76/><U124/><E124/><V46/><F30/><AGARI ba="2,1" hai="0,6,8,21,27,30,48,49,50,78,83,87,88,89" machi="30" ten="40,2600,0" yaku="1,1,54,1,53,0" doraHai="70" doraHaiUra="68" who="3" fromWho="2" sc="453,0,185,0,158,-32,194,42" /><INIT seed="7,0,0,3,4,90" ten="453,185,126,236" oya="3" hai0="80,94,29,12,54,16,85,118,39,4,8,10,45" hai1="103,101,68,32,58,123,38,107,113,35,76,84,22" hai2="109,129,36,119,115,95,82,70,83,114,44,55,18" hai3="93,89,24,26,46,34,51,121,17,79,7,125,1"/><W127/><G79/><N who="0" m="46239" /><D39/><U77/><E68/><V112/><F119/><W132/><G121/><T66/><D118/><U74/><E38/><V11/><F109/><W56/><G132/><T111/><D111/><U62/><E74/><V75/><F129/><W128/><G128/><T122/><D122/><U43/><E43/><V87/><F70/><W48/><G7/><T117/><D117/><U73/><E73/><V33/><F33/><W86/><G1/><T59/><D29/><U27/><E123/><V9/><F75/><W99/><G56/><T13/><D94/><U106/><E113/><V30/><F30/><W47/><G99/><T126/><D126/><N who="3" m="48137" /><G17/><T31/><D31/><U49/><E49/><N who="3" m="19018" /><G34/><T130/><D130/><U57/><E62/><V81/><F18/><W14/><G14/><T42/><D42/><U64/><E64/><V134/><F134/><W0/><G0/><T124/><D124/><U50/><E50/><V65/><F65/><W69/><G69/><T2/><D2/><U20/><E27/><AGARI ba="0,0" hai="24,26,27,46,47,86,89,93" m="19018,48137" machi="27" ten="30,2900,0" yaku="18,1,52,1" doraHai="90" who="3" fromWho="1" sc="453,0,185,-29,126,0,236,29" /><INIT seed="7,1,0,4,3,135" ten="453,156,126,265" oya="3" hai0="34,94,127,6,112,121,23,117,61,71,108,93,107" hai1="124,44,98,35,128,70,58,123,87,27,22,97,43" hai2="38,4,55,57,14,119,51,8,45,52,134,84,32" hai3="116,72,82,24,80,106,62,2,46,109,50,132,65"/><W7/><G116/><T101/><D34/><U48/><E70/><V17/><F119/><W100/><G132/><T73/><D117/><U40/><E35/><V120/><F32/><W56/><G109/><T89/><D108/><U49/><E128/><V68/><F68/><W53/><G72/><T79/><D121/><U30/><E123/><V88/><F120/><W28/><G7/><T54/><D6/><U74/><E74/><V99/><F134/><W3/><G3/><T115/><D107/><U92/><E124/><V19/><F99/><N who="1" m="37897" /><E58/><V12/><F12/><W26/><G2/><T78/><D127/><U103/><E103/><V91/><F38/><W96/><G24/><T125/><D54/><N who="1" m="29959" /><E49/><N who="2" m="30959" /><F91/><AGARI ba="1,0" hai="22,27,30,40,43,87,91,92" m="29959,37897" machi="91" ten="30,1000,0" yaku="8,1" doraHai="135" who="1" fromWho="2" sc="453,0,156,13,126,-13,265,0" owari="453,55.0,169,-23.0,113,-39.0,265,7.0" /></mjloggm>