<mjloggm ver="2.3"><GO type="169" lobby="0"/><UN n0="%E3%81%9F%E3%83%BC%E3%81%AC" n1="%E5%B0%B1%E6%B4%BB%E7%94%9F%40%E5%B7%9D%E6%9D%91%E8%BB%8D%E5%9B%A3" n2="%E5%B9%B3%E4%BA%95%E9%8A%80%E4%BA%8C" n3="%E3%82%AB%E3%83%84%E3%82%AA%E6%AD%A6%E5%A3%AB" dan="17,17,17,16" rate="2172.99,2187.98,2178.98,2113.79" sx="M,M,M,M"/><TAIKYOKU oya="0"/><INIT seed="0,0,0,5,2,5" ten="250,250,250,250" oya="0" hai0="68,89,42,124,17,0,114,64,107,66,69,103,35" hai1="86,46,92,122,6,110,14,82,63,97,84,3,71" hai2="100,118,37,31,135,91,109,20,24,54,123,67,115" hai3="116,11,30,1,119,49,18,126,98,88,23,48,28"/><T99/><D114/><U52/><E3/><V26/><F123/><W9/><G1/><T45/><D124/><U2/><E122/><V7/><F115/><W106/><G126/><T94/><D35/><U117/><E117/><V51/><F37/><W96/><G106/><T81/><D0/><U101/><E2/><V29/><F118/><W61/><G18/><T78/><D17/><U120/><E120/><V8/><F109/><W74/><G61/><T93/><D68/><U111/><E71/><V16/><F135/><W79/><G23/><T132/><D69/><U55/><E46/><V112/><F112/><W4/><G4/><T105/><D132/><U36/><E36/><V77/><F67/><W33/><G79/><T53/><D53/><U65/><E65/><V10/><F100/><W80/><G80/><T34/><D34/><U22/><E86/><V125/><F125/><W73/><G33/><T113/><D94/><U76/><E63/><V12/><F77/><W58/><G88/><T129/><D105/><U62/><E62/><V38/><F38/><W57/><AGARI ba="0,0" hai="9,11,28,30,48,49,57,58,73,74,96,98,116,119" machi="57" ten="25,8000,1" yaku="0,1,22,2,52,2" doraHai="5" who="3" fromWho="3" sc="250,-40,250,-20,250,-20,250,80" /><INIT seed="1,0,0,0,3,47" ten="210,230,230,330" oya="1" hai0="7,49,34,50,31,111,68,74,121,33,39,130,64" hai1="3,95,40,96,98,63,75,107,84,27,123,11,23" hai2="28,77,115,80,105,94,24,52,10,46,125,109,15" hai3="66,104,135,128,16,0,44,13,116,133,6,14,131"/><U122/><E75/><V73/><F105/><W18/><G104/><T21/><D74/><U127/><E127/><V8/><F125/><W82/><G66/><T91/><D39/><U101/><E40/><V26/><F109/><W119/><G82/><T85/><D111/><U87/><E63/><V43/><F115/><W106/><G44/><T30/><D121/><U9/><E87/><V100/><F10/><N who="3" m="6199" /><G106/><T69/><D130/><N who="3" m="49705" /><G6/><T120/><D120/><U72/><E84/><V54/><F94/><W70/><G0/><T29/><D7/><U57/><E57/><V36/><F100/><W20/><G70/><T108/><D108/><U93/><E72/><V45/><F45/><W92/><G92/><T129/><D129/><U126/><E126/><V1/><F1/><W65/><G65/><T61/><D68/><U132/><E107/><V60/><F26/><W62/><G62/><T25/><D34/><U42/><E3/><V134/><F60/><W124/><G124/><T35/><D35/><U41/><E101/><V17/><F134/><AGARI ba="0,0" hai="14,18,20,116,119,133,134,135" m="49705,6199" machi="134" ten="30,8000,1" yaku="20,1,19,1,34,2,54,1" doraHai="47" who="3" fromWho="2" sc="210,0,230,0,230,-80,330,80" /><INIT seed="2,0,0,5,4,127" ten="210,230,150,410" oya="2" hai0="31,72,77,12,95,96,73,15,92,38,60,78,27" hai1="55,3,124,111,115,114,135,103,74,132,30,19,107" hai2="1,58,94,67,5,71,43,35,129,61,119,11,126" hai3="79,113,85,40,36,42,69,20,47,68,87,109,134"/><V54/><F119/><W26/><G113/><N who="1" m="43018" /><E74/><V86/><F126/><W133/><G109/><T9/><D38/><U110/><E107/><V101/><F35/><W22/><G79/><T128/><D60/><U13/><E103/><V4/><F4/><W91/><G91/><T89/><D128/><U123/><E55/><V80/><F43/><W41/><G41/><T84/><D73/><U122/><E3/><V50/><F101/><W118/><G26/><T81/><D77/><U21/><E30/><V116/><F116/><W18/><G118/><T63/><D63/><U59/><E59/><V0/><F94/><W88/><G18/><T65/><D65/><U37/><E37/><V108/><F108/><N who="1" m="41513" /><E124/><V56/><F56/><W83/><G42/><T64/><D64/><U53/><E53/><V48/><F48/><W28/><G28/><T75/><D75/><U106/><E106/><V39/><F39/><W125/><G125/><T90/><REACH who="0" step="1"/><D9/><REACH who="0" ten="200,230,150,410" step="2"/><U33/><E33/><AGARI ba="0,1" hai="12,15,27,31,33,72,78,81,84,89,90,92,95,96" machi="33" ten="30,7700,0" yaku="1,1,2,1,7,1,53,1" doraHai="127" doraHaiUra="93" who="0" fromWho="1" sc="200,87,230,-77,150,0,410,0" /><INIT seed="3,0,0,1,3,126" ten="287,153,150,410" oya="3" hai0="105,94,2,83,70,65,120,23,129,41,57,76,19" hai1="54,93,135,58,117,45,102,73,29,87,79,108,51" hai2="78,22,69,62,134,92,35,16,133,24,97,3,111" hai3="50,1,68,25,86,17,47,115,52,109,37,98,14"/><W125/><G68/><T84/><D120/><U91/><E108/><V26/><F111/><W44/><G1/><T4/><D105/><U48/><E117/><V11/><F78/><W103/><G115/><T9/><D70/><U96/><E135/><N who="2" m="51723" /><F69/><W28/><G86/><T106/><D106/><U122/><E122/><V30/><F62/><W116/><G125/><T90/><D41/><U56/><E29/><N who="2" m="19895" /><F92/><W8/><G116/><T46/><D46/><U81/><REACH who="1" step="1"/><E48/><REACH who="1" ten="287,143,150,410" step="2"/><V42/><F97/><W74/><G109/><T112/><D112/><U99/><E99/><V64/><F64/><W100/><G98/><T89/><D65/><U82/><AGARI ba="0,1" hai="45,51,54,56,58,73,79,81,82,87,91,93,96,102" machi="82" ten="20,2700,0" yaku="1,1,0,1,7,1,53,0" doraHai="126" doraHaiUra="6" who="1" fromWho="1" sc="287,-7,143,37,150,-7,410,-13" /><INIT seed="4,0,0,0,5,125" ten="280,180,143,397" oya="0" hai0="88,83,33,29,19,7,32,13,78,122,111,91,18" hai1="49,68,118,65,37,79,98,61,53,69,123,94,12" hai2="31,42,134,117,2,100,90,47,64,17,56,60,15" hai3="25,120,109,77,52,119,113,132,16,86,45,57,14"/><T3/><D122/><U135/><E123/><V21/><F2/><W28/><G113/><T74/><D111/><U4/><E118/><V66/><F117/><W93/><G119/><T40/><D40/><U84/><E37/><V67/><F134/><W34/><G45/><T9/><D19/><U106/><E106/><V89/><F100/><W55/><G132/><T0/><D0/><U26/><E135/><V116/><F116/><W96/><G109/><T126/><D126/><U97/><E26/><V76/><F76/><W95/><G57/><T24/><REACH who="0" step="1"/><D33/><REACH who="0" ten="270,180,143,397" step="2"/><U103/><E4/><V105/><F31/><W1/><G1/><T39/><D39/><U92/><E12/><V38/><REACH who="2" step="1"/><F105/><REACH who="2" ten="270,180,133,397" step="2"/><W107/><G107/><T43/><D43/><U46/><E79/><V58/><F58/><W87/><G77/><T35/><D35/><U11/><E69/><V129/><F129/><W131/><G131/><T5/><D5/><U80/><E68/><V101/><F101/><W75/><G34/><T41/><D41/><U73/><E103/><V59/><F59/><W85/><G120/><T124/><D124/><U10/><E46/><V82/><F82/><W62/><G28/><T127/><D127/><U51/><E80/><V48/><F48/><W114/><G16/><T27/><D27/><U36/><E36/><V70/><F70/><W112/><G25/><T6/><D6/><U104/><E104/><V133/><F133/><W8/><G114/><T130/><D130/><U22/><E51/><V20/><F20/><AGARI ba="0,2" hai="3,7,9,13,18,20,24,29,32,74,78,83,88,91" machi="20" ten="30,12000,1" yaku="1,1,7,1,24,2,54,1,53,0" doraHai="125" doraHaiUra="81" who="0" fromWho="2" sc="270,140,180,0,133,-120,397,0" /><INIT seed="4,1,0,5,3,39" ten="410,180,13,397" oya="0" hai0="88,7,67,118,18,38,13,109,47,26,121,134,10" hai1="114,76,130,43,25,0,11,2,51,127,123,89,12" hai2="73,110,85,84,79,17,133,15,86,124,54,49,35" hai3="90,91,22,27,1,119,120,28,34,71,44,33,5"/><T68/><D118/><U125/><E76/><V122/><F110/><W103/><G71/><T8/><D109/><U111/><E111/><V95/><F122/><W108/><G108/><T81/><D121/><U94/><E123/><V56/><F35/><W83/><G103/><T80/><D134/><U106/><E106/><V19/><F133/><W45/><G119/><T129/><D129/><U46/><E25/><V96/><F124/><N who="1" m="47689" /><E130/><V29/><F29/><W61/><G61/><T69/><D26/><U131/><E114/><V115/><F115/><W100/><G100/><T62/><D69/><U126/><E131/><V16/><F73/><W63/><G63/><T78/><D78/><U60/><E60/><V99/><F79/><W57/><G34/><T24/><D24/><U72/><E72/><V48/><F96/><W66/><G33/><T20/><D88/><U97/><N who="1" m="47697" /><U6/><AGARI ba="1,0" hai="0,2,6,11,12,43,46,51,89,94,97" m="47697" machi="6" ten="40,5200,0" yaku="4,1,18,1,52,1" doraHai="39" who="1" fromWho="1" sc="410,-27,180,55,13,-14,397,-14" owari="383,48.0,235,-16.0,-1,-50.0,383,18.0" /></mjloggm>