<mjloggm ver="2.3"><GO type="169" lobby="0"/><UN n0="%77%61%77%61%33%30%33%30" n1="%E3%83%88%E3%83%88%E3%83%AA%E5%85%88%E7%94%9F%31%39%E6%AD%B3" n2="%6D%61%73%79" n3="%E3%82%B7%E3%83%A3%E3%83%BC%E3%83%AA%E3%83%97%E3%83%88%E3%83%A9" dan="17,18,16,16" rate="2144.60,2232.66,2020.81,2100.26" sx="M,F,M,M"/><TAIKYOKU oya="0"/><INIT seed="0,0,0,3,2,16" ten="250,250,250,250" oya="0" hai0="70,128,125,2,115,6,0,20,87,83,30,129,97" hai1="66,8,7,106,62,22,81,11,60,29,1,94,72" hai2="15,78,105,109,56,48,40,36,112,46,24,35,19" hai3="101,33,26,14,89,43,31,12,132,41,75,27,95"/><T120/><D120/><U3/><E106/><V55/><F112/><W21/><G132/><T68/><D115/><U28/><E72/><V59/><F109/><W111/><G111/><T67/><D97/><U47/><E81/><V79/><F105/><W93/><G75/><T100/><D100/><U51/><E94/><V65/><F59/><W54/><G54/><T99/><D99/><U39/><E39/><V130/><F130/><N who="0" m="50282" /><D125/><U13/><E3/><N who="0" m="1065" /><D6/><U121/><E121/><V45/><F45/><W110/><G110/><T96/><D96/><U124/><E124/><V49/><F49/><W37/><G101/><T80/><D67/><U88/><E88/><V133/><F133/><W84/><G95/><T118/><D118/><U53/><E62/><V117/><F117/><W131/><G131/><T107/><D107/><U34/><E34/><V63/><F35/><W17/><REACH who="3" step="1"/><G37/><REACH who="3" ten="250,250,250,240" step="2"/><T127/><D127/><U82/><E53/><V77/><F36/><W69/><G69/><N who="0" m="26731" /><D87/><U85/><E85/><V50/><F65/><W64/><G64/><T98/><D98/><U103/><E66/><V42/><F63/><W123/><G123/><T52/><D52/><U74/><E60/><V10/><F42/><AGARI ba="0,1" hai="12,14,17,21,26,27,31,33,41,42,43,84,89,93" machi="42" ten="40,2600,0" yaku="1,1,52,1,53,0" doraHai="16" doraHaiUra="73" who="3" fromWho="2" sc="250,0,250,0,250,-26,240,36" /><INIT seed="1,0,0,1,1,39" ten="250,250,224,276" oya="1" hai0="58,87,115,8,30,68,32,25,2,62,100,90,7" hai1="122,123,5,86,93,120,26,70,119,19,126,10,74" hai2="96,21,55,77,73,88,83,52,131,17,49,0,44" hai3="15,51,40,59,23,1,31,121,48,81,99,92,61"/><U4/><E119/><V82/><F131/><W13/><G1/><T108/><D108/><U33/><E74/><V102/><F0/><W3/><G3/><T27/><D115/><U36/><E70/><V132/><F132/><W35/><G35/><T53/><D68/><U91/><E126/><V42/><F83/><W41/><G81/><T56/><D100/><U94/><E36/><V37/><F37/><W72/><G72/><T105/><D105/><U43/><E43/><N who="3" m="16458" /><G121/><T110/><D27/><U129/><E129/><V28/><F28/><W107/><G107/><T57/><REACH who="0" step="1"/><D110/><REACH who="0" ten="240,250,224,276" step="2"/><U111/><E111/><V109/><F109/><W125/><G125/><T78/><D78/><U95/><E26/><V34/><F34/><W65/><G31/><T6/><D6/><U114/><E33/><V29/><F29/><W47/><G47/><T60/><D60/><U84/><E114/><V97/><F102/><N who="3" m="60775" /><G23/><T11/><D11/><U89/><E122/><V45/><F44/><W104/><G104/><T24/><D24/><U18/><E123/><V69/><F69/><W38/><G38/><T50/><D50/><AGARI ba="0,1" hai="13,15,48,50,51,59,61,65" m="60775,16458" machi="50" ten="30,7700,0" yaku="8,1,52,3" doraHai="39" who="3" fromWho="0" sc="240,-77,250,0,224,0,276,87" /><INIT seed="2,0,0,2,2,117" ten="163,250,224,363" oya="2" hai0="93,4,67,134,68,113,129,66,3,83,25,86,62" hai1="73,99,88,120,77,114,98,63,81,97,48,0,116" hai2="53,121,104,107,28,20,94,96,44,54,55,92,30" hai3="56,110,78,61,76,64,27,119,23,6,9,85,14"/><V132/><F132/><W105/><G119/><T91/><D134/><U108/><E114/><V50/><F121/><W19/><G105/><T15/><D129/><U49/><E116/><V95/><F96/><W36/><G36/><T32/><D113/><U70/><E0/><V131/><F131/><W124/><G110/><T40/><D3/><U112/><E112/><V29/><REACH who="2" step="1"/><F20/><REACH who="2" ten="163,250,214,363" step="2"/><W125/><REACH who="3" step="1"/><G85/><REACH who="3" ten="163,250,214,353" step="2"/><T18/><D86/><U1/><E108/><V34/><F34/><W65/><G65/><T58/><D67/><U12/><E99/><V57/><F57/><W75/><G75/><T74/><D58/><U89/><E98/><V72/><F72/><W45/><G45/><T42/><D32/><U123/><E97/><V118/><F118/><W82/><G82/><T128/><D83/><U37/><E73/><V109/><F109/><W111/><G111/><T47/><D74/><U46/><E46/><V103/><F103/><W87/><G87/><T80/><D80/><U5/><E81/><V84/><F84/><W71/><G71/><T79/><D47/><U10/><E89/><V115/><F115/><W69/><G69/><T122/><D91/><U33/><E88/><V21/><F21/><W38/><G38/><T11/><D68/><U43/><E37/><V2/><F2/><W106/><G106/><AGARI ba="0,2" hai="28,29,30,44,50,53,54,55,92,94,95,104,106,107" machi="106" ten="50,2400,0" yaku="1,1,53,0" doraHai="117" doraHaiUra="13" who="2" fromWho="3" sc="163,0,250,0,214,44,353,-24" /><INIT seed="2,1,0,5,4,1" ten="163,250,258,329" oya="2" hai0="133,94,80,27,50,25,60,89,91,123,125,78,13" hai1="59,126,69,61,45,39,37,4,116,127,76,73,23" hai2="8,44,40,57,3,106,118,48,86,82,7,22,18" hai3="6,121,71,129,65,96,29,111,79,62,47,67,36"/><V28/><F106/><W34/><G65/><T0/><D125/><N who="1" m="47627" /><E116/><V55/><F118/><W107/><G79/><T88/><D133/><U110/><E69/><V134/><F134/><W114/><G121/><T75/><D0/><U119/><E119/><V101/><F101/><W85/><G85/><T132/><D132/><U95/><E110/><V74/><F74/><W63/><G63/><T104/><D104/><U41/><E23/><V5/><F28/><W64/><G64/><T30/><D123/><U109/><E109/><V124/><F124/><W49/><G49/><T35/><D27/><U117/><E117/><V42/><F57/><W53/><G53/><T15/><D60/><U16/><E16/><V93/><F93/><W19/><G19/><T33/><D33/><U2/><E95/><V131/><F131/><W68/><G68/><T115/><D115/><U14/><E14/><V20/><F20/><W120/><G114/><T9/><D50/><N who="1" m="26927" /><E76/><V51/><F51/><W97/><G111/><T21/><D15/><U24/><E24/><N who="2" m="14423" /><F8/><W32/><G120/><T83/><D83/><U26/><E26/><V38/><F3/><W54/><G129/><T122/><D122/><U10/><E73/><V98/><F98/><W135/><G97/><T100/><D35/><U72/><E72/><V84/><F38/><W87/><G36/><T103/><REACH who="0" step="1"/><D94/><REACH who="0" ten="153,250,258,329" step="2"/><U92/><E92/><V52/><F82/><W90/><G135/><T43/><D43/><N who="2" m="16426" /><F55/><AGARI ba="1,1" hai="2,4,10,37,39,55,59,61" m="26927,47627" machi="55" ten="30,2000,0" yaku="18,1,52,1" doraHai="1" who="1" fromWho="2" sc="153,0,250,33,258,-23,329,0" /><INIT seed="3,0,0,0,1,37" ten="153,283,235,329" oya="3" hai0="132,3,61,6,39,111,110,122,92,77,18,42,89" hai1="94,32,21,44,47,124,29,25,125,64,107,9,88" hai2="109,123,8,114,30,112,17,35,128,134,106,115,101" hai3="60,24,72,40,49,48,103,50,117,130,116,16,52"/><W4/><G72/><T78/><D122/><U22/><E107/><V59/><F123/><W65/><G4/><T56/><D6/><U84/><E64/><V131/><F106/><W11/><G103/><T118/><D3/><U76/><E9/><V119/><F101/><W98/><G98/><T53/><D18/><U19/><E76/><V133/><F59/><N who="3" m="37023" /><G117/><T86/><D132/><N who="2" m="50794" /><F109/><N who="0" m="41482" /><D118/><U100/><E100/><V75/><F75/><W73/><G130/><N who="2" m="49705" /><F119/><W120/><G73/><T45/><AGARI ba="0,0" hai="39,42,45,53,56,61,77,78,86,89,92" m="41482" machi="45" ten="30,2000,0" yaku="14,1,52,1" doraHai="37" who="0" fromWho="0" sc="153,20,283,-5,235,-5,329,-10" /><INIT seed="4,0,0,3,2,125" ten="173,278,230,319" oya="0" hai0="70,65,134,113,38,40,36,108,106,61,42,19,31" hai1="8,4,64,99,115,133,135,27,93,57,105,78,29" hai2="55,111,71,120,91,28,130,119,83,81,96,15,13" hai3="22,118,79,25,6,20,80,69,77,127,94,48,102"/><T39/><D106/><U54/><E105/><V72/><F71/><W56/><G127/><T49/><D31/><U121/><E121/><V23/><F120/><W45/><G69/><T84/><D19/><U112/><E78/><V98/><F111/><W34/><G118/><T116/><D84/><U123/><E123/><V100/><F72/><W75/><G77/><T63/><D108/><U43/><E43/><N who="0" m="16425" /><D116/><U109/><E109/><V107/><F28/><W33/><G6/><T47/><D113/><N who="1" m="43595" /><E64/><V35/><F35/><W58/><G33/><T103/><D103/><N who="1" m="60911" /><E54/><V51/><F55/><N who="3" m="30095" /><G34/><T14/><D14/><N who="1" m="5383" /><E57/><N who="3" m="22122" /><G75/><T87/><D87/><U95/><E95/><V110/><F107/><W128/><G80/><T126/><D126/><U2/><E2/><V53/><F81/><W132/><G79/><T88/><D88/><U21/><AGARI ba="0,0" hai="21,27,29,133,135" m="5383,60911,43595" machi="21" ten="30,2000,0" yaku="15,1,11,1" doraHai="125" who="1" fromWho="1" sc="173,-10,278,20,230,-5,319,-5" /><INIT seed="5,0,0,5,1,65" ten="163,298,225,314" oya="1" hai0="64,86,96,68,74,14,131,126,63,43,103,83,24" hai1="94,73,107,31,18,100,56,125,121,119,23,6,57" hai2="123,84,124,102,133,7,117,81,76,21,97,5,45" hai3="16,93,90,70,34,75,4,17,95,55,101,82,135"/><U112/><E119/><V127/><F117/><W28/><G4/><T1/><D126/><N who="2" m="48170" /><F133/><W53/><G135/><T130/><D1/><U44/><E121/><V67/><F123/><W29/><G70/><T128/><D74/><U49/><E73/><V11/><F21/><W110/><G110/><T89/><D14/><U111/><E107/><N who="2" m="63951" /><F45/><W27/><G28/><T122/><D43/><U78/><E112/><V118/><F118/><W129/><G129/><T26/><REACH who="0" step="1"/><D122/><REACH who="0" ten="153,298,225,314" step="2"/><U13/><E13/><V9/><F67/><W30/><G75/><T77/><D77/><U99/><E78/><V41/><F41/><W116/><G116/><T59/><D59/><U12/><E125/><V39/><F39/><W50/><G55/><T91/><D91/><U71/><E57/><V115/><F115/><W113/><G90/><T105/><AGARI ba="0,1" hai="24,26,63,64,68,83,86,89,96,103,105,128,130,131" machi="105" ten="30,7900,0" yaku="1,1,0,1,19,1,52,1,53,0" doraHai="65" doraHaiUra="37" who="0" fromWho="0" sc="153,89,298,-39,225,-20,314,-20" /><INIT seed="6,0,0,1,1,91" ten="242,259,205,294" oya="2" hai0="129,130,128,95,86,45,65,21,76,80,108,123,53" hai1="96,135,64,103,97,1,32,42,84,34,71,27,11" hai2="85,43,104,52,90,109,47,3,57,107,25,133,23" hai3="134,62,75,49,68,20,131,29,70,39,33,17,67"/><V115/><F115/><W112/><G39/><T38/><D108/><U58/><E71/><V46/><F133/><W114/><G75/><T36/><D123/><U19/><E135/><V28/><F3/><W69/><G134/><T101/><D65/><U106/><E42/><V13/><F109/><W117/><G117/><T59/><D45/><U98/><E84/><V9/><F104/><W56/><G131/><T82/><D21/><U94/><E97/><V102/><F102/><W7/><G7/><T89/><D101/><U5/><E19/><N who="2" m="8623" /><F107/><W31/><G49/><T15/><D15/><U24/><E32/><V79/><F79/><W73/><G73/><T12/><D12/><U74/><E74/><V37/><F43/><W119/><G33/><T105/><D82/><U35/><E35/><V88/><F37/><W6/><G6/><T132/><D105/><U60/><E34/><V48/><F90/><AGARI ba="0,0" hai="1,5,11,24,27,58,60,64,90,94,96,98,103,106" machi="90" ten="30,2000,0" yaku="7,1,52,1" doraHai="91" who="1" fromWho="2" sc="242,0,259,20,205,-20,294,0" /><INIT seed="7,0,0,4,2,97" ten="242,279,185,294" oya="3" hai0="55,85,112,32,105,26,109,16,110,99,33,15,126" hai1="39,17,135,125,130,113,25,127,5,83,22,46,12" hai2="70,53,76,45,28,92,100,104,42,57,88,75,58" hai3="21,114,120,9,54,87,29,95,63,94,13,59,19"/><W4/><G114/><T30/><D112/><U7/><E113/><V124/><F70/><W96/><G120/><T102/><D126/><N who="1" m="48139" /><E83/><N who="2" m="45471" /><F124/><W2/><G87/><T61/><D32/><U106/><E39/><N who="2" m="21727" /><F28/><W71/><G71/><T49/><D61/><U24/><E46/><V79/><F79/><W65/><G65/><T40/><D85/><U6/><E130/><V48/><F48/><W67/><G67/><T20/><REACH who="0" step="1"/><D40/><REACH who="0" ten="232,279,185,294" step="2"/><U116/><E116/><V27/><F53/><W35/><G96/><T77/><D77/><U44/><E135/><V90/><F90/><W80/><G80/><T122/><D122/><U31/><E106/><V129/><F129/><W38/><G38/><T93/><D93/><U89/><E89/><V74/><F74/><W82/><G82/><T23/><D23/><N who="1" m="15807" /><E44/><AGARI ba="0,1" hai="15,16,20,26,30,33,44,49,55,99,102,105,109,110" machi="44" ten="30,7700,0" yaku="1,1,7,1,52,1,54,1,53,0" doraHai="97" doraHaiUra="64" who="0" fromWho="1" sc="232,87,279,-77,185,0,294,0" owari="319,42.0,202,-20.0,185,-31.0,294,9.0" /></mjloggm>