<mjloggm ver="2.3"><GO type="169" lobby="0"/><UN n0="%E3%81%84%E3%81%AA%E3%81%97%E3%82%93%E3%80%82" n1="%E5%B0%B1%E6%B4%BB%E7%94%9F%40%E5%B7%9D%E6%9D%91%E8%BB%8D%E5%9B%A3" n2="%E3%83%9A%E3%83%81%E3%83%A7%E3%83%BC%E3%83%AA%E3%83%B3" n3="%E7%89%8C%E7%A5%9E" dan="16,18,17,16" rate="2048.48,2221.74,2223.14,2104.44" sx="M,M,M,M"/><TAIKYOKU oya="0"/><INIT seed="0,0,0,3,3,109" ten="250,250,250,250" oya="0" hai0="9,65,35,39,130,95,43,111,46,101,7,84,42" hai1="107,78,49,1,21,86,11,74,131,71,70,99,120" hai2="58,14,128,16,8,0,114,106,123,45,24,88,85" hai3="60,92,20,116,54,125,127,55,126,37,83,100,10"/><T80/><D130/><U79/><E21/><V117/><F117/><W110/><G116/><T4/><D35/><U134/><E49/><V87/><F106/><W30/><G110/><T94/><D111/><U72/><E86/><V67/><F123/><W133/><G133/><T51/><D65/><U135/><E11/><V12/><F0/><W115/><G37/><T129/><D129/><U96/><E1/><V61/><F128/><W62/><G83/><T102/><D39/><U75/><E131/><V66/><F114/><W29/><G10/><T26/><D26/><U108/><E108/><V23/><F85/><W27/><G30/><T118/><D118/><U90/><E90/><V93/><F45/><W104/><G104/><T38/><D38/><U34/><E107/><V73/><F73/><W36/><G115/><T98/><D42/><U47/><E47/><V89/><F89/><W53/><REACH who="3" step="1"/><G36/><REACH who="3" ten="250,250,250,240" step="2"/><T91/><REACH who="0" step="1"/><D9/><REACH who="0" ten="240,250,250,240" step="2"/><U40/><E134/><V105/><F105/><W22/><G22/><T113/><D113/><U124/><E34/><V77/><F8/><W52/><N who="3" m="13312" /><DORA hai="33" /><W68/><G68/><T76/><D76/><U2/><E71/><V64/><F77/><W132/><G132/><T81/><D81/><U82/><E82/><V69/><F69/><W17/><G17/><T63/><D63/><U3/><E79/><V18/><F24/><W59/><G59/><T121/><D121/><U32/><E78/><V19/><F23/><W15/><G15/><AGARI ba="0,2" hai="12,14,15,16,18,19,58,61,64,66,67,87,88,93" machi="15" ten="40,5200,0" yaku="8,1,54,2" doraHai="109,33" who="2" fromWho="3" sc="240,0,250,0,250,72,240,-52" /><INIT seed="1,0,0,5,1,5" ten="240,250,322,188" oya="1" hai0="52,100,107,119,56,122,77,39,83,3,74,104,110" hai1="2,135,113,31,36,64,96,7,55,102,6,131,133" hai2="114,9,105,11,80,82,60,121,19,116,91,67,73" hai3="57,59,58,89,37,78,62,109,44,99,23,130,17"/><U101/><E113/><V30/><F116/><W42/><G109/><T92/><D119/><U27/><E36/><V124/><F121/><W51/><G130/><T50/><D110/><U61/><E131/><V46/><F105/><W33/><G33/><T94/><D122/><U13/><E55/><V41/><F114/><W32/><G32/><T0/><D39/><U22/><E2/><V126/><F30/><W21/><G78/><T65/><D65/><U49/><E49/><N who="2" m="26831" /><F19/><W134/><G134/><N who="1" m="51210" /><E13/><V127/><F91/><W29/><G37/><T125/><D125/><U15/><E15/><V63/><F63/><W98/><G62/><T35/><D35/><U118/><E118/><V95/><F95/><W76/><G76/><T79/><D79/><U34/><E101/><V120/><F120/><W85/><G29/><T128/><D128/><U70/><E22/><V123/><F123/><W18/><G23/><T129/><D129/><U53/><E53/><V47/><F47/><W111/><G111/><T1/><REACH who="0" step="1"/><D94/><AGARI ba="0,0" hai="6,7,27,31,34,61,64,70,94,96,102" m="51210" machi="94" ten="30,1500,0" yaku="20,1" doraHai="5" who="1" fromWho="0" sc="240,-15,250,15,322,0,188,0" /><INIT seed="1,1,0,2,4,3" ten="225,265,322,188" oya="1" hai0="49,13,118,17,59,70,2,117,53,71,14,127,86" hai1="28,4,60,72,124,105,133,57,44,0,16,9,54" hai2="33,106,84,111,68,120,74,30,51,45,64,32,43" hai3="34,121,91,113,130,63,110,61,58,10,85,98,101"/><U89/><E105/><V36/><F74/><W55/><G113/><T18/><D2/><U40/><E72/><V15/><F106/><W69/><G121/><T21/><D127/><U7/><E124/><V20/><F120/><W96/><G34/><T6/><D6/><U41/><E133/><V80/><F111/><W135/><G110/><T87/><D87/><U95/><E28/><V104/><F104/><W134/><G130/><T114/><D114/><U76/><E76/><V46/><F64/><N who="3" m="41119" /><G10/><T90/><D70/><U62/><E62/><V77/><F68/><W8/><G8/><T65/><D65/><U24/><E44/><V35/><F15/><W125/><G101/><T99/><D99/><N who="1" m="57839" /><E7/><V88/><F77/><W5/><G5/><T100/><D100/><U107/><E107/><V92/><F80/><N who="3" m="49575" /><G125/><T123/><D71/><U79/><E79/><V31/><REACH who="2" step="1"/><F20/><AGARI ba="1,0" hai="0,4,9,16,20,24,40,41,54,57,60" m="57839" machi="20" ten="30,5800,0" yaku="25,1,52,1,54,1" doraHai="3" who="1" fromWho="2" sc="225,0,265,61,322,-61,188,0" /><INIT seed="1,2,0,2,4,11" ten="225,326,261,188" oya="1" hai0="110,86,116,115,28,43,24,55,54,27,129,41,123" hai1="79,49,66,131,65,12,101,64,36,111,22,77,14" hai2="6,76,40,31,121,126,92,42,96,45,17,53,39" hai3="104,120,59,112,125,89,1,52,102,91,34,134,113"/><U130/><E36/><V73/><F121/><W80/><G120/><T81/><D116/><U84/><E111/><V68/><F68/><W48/><G34/><T135/><D115/><U119/><E119/><V70/><F70/><W20/><G1/><T60/><D110/><U90/><E101/><V44/><F31/><W56/><G125/><T94/><D123/><U100/><E100/><V51/><F126/><W25/><G134/><T117/><D117/><U128/><E49/><V19/><F6/><W3/><G3/><T75/><D135/><U124/><E124/><V88/><REACH who="2" step="1"/><F42/><REACH who="2" ten="225,326,251,188" step="2"/><W8/><G112/><T16/><D129/><U71/><E71/><V4/><F4/><W83/><G113/><T38/><D43/><U67/><N who="1" m="16896" /><DORA hai="10" /><U63/><E63/><V5/><F5/><W107/><G107/><T37/><D60/><U95/><E22/><V61/><F61/><W15/><G104/><T29/><D41/><U99/><E99/><V50/><F50/><W2/><G48/><T87/><D38/><U78/><AGARI ba="2,1" hai="12,14,77,78,79,84,90,95,128,130,131" m="16896" machi="78" ten="50,24000,3" yaku="0,1,29,2,19,1,52,4" doraHai="11,10" who="1" fromWho="1" sc="225,-82,326,256,251,-82,188,-82" /><INIT seed="1,3,0,2,3,128" ten="143,582,169,106" oya="1" hai0="76,127,126,39,96,123,102,60,11,23,125,59,7" hai1="129,9,117,33,103,62,104,43,12,45,41,101,13" hai2="65,89,57,100,0,40,32,95,64,20,121,66,5" hai3="75,35,105,3,86,81,97,53,131,38,69,90,111"/><U31/><E117/><V115/><F32/><W130/><G111/><T44/><D76/><U84/><E129/><N who="3" m="49162" /><G3/><T85/><D85/><U49/><E104/><V16/><F121/><W56/><G35/><T109/><D109/><U77/><E43/><V99/><F115/><W83/><G69/><T63/><D123/><U52/><E13/><V55/><F40/><W36/><G105/><N who="0" m="63687" /><D23/><U48/><E62/><V74/><F74/><W108/><G97/><T30/><D30/><U54/><E31/><V4/><F100/><N who="1" m="38473" /><E49/><V37/><F37/><N who="3" m="14443" /><G108/><T17/><D17/><N who="1" m="8335" /><E33/><V26/><F0/><W91/><G75/><T122/><D122/><U19/><E19/><V94/><F94/><N who="3" m="54615" /><G91/><T106/><D106/><U118/><E118/><V87/><REACH who="2" step="1"/><F87/><REACH who="2" ten="143,582,159,106" step="2"/><W67/><G83/><AGARI ba="3,1" hai="41,45,48,52,54,77,83,84" m="8335,38473" machi="83" ten="30,2900,0" yaku="8,1,54,1" doraHai="128" who="1" fromWho="3" sc="143,0,582,48,159,0,106,-38" /><INIT seed="1,4,0,3,4,128" ten="143,630,159,68" oya="1" hai0="118,125,61,96,83,107,82,91,102,87,60,15,126" hai1="52,115,76,30,21,123,51,63,32,62,72,129,56" hai2="1,122,31,88,92,35,105,40,100,75,5,67,69" hai3="95,36,113,4,59,120,112,114,77,37,106,33,85"/><U131/><E115/><V16/><F40/><W50/><G120/><T135/><D118/><U103/><E32/><V70/><F75/><W94/><G106/><T132/><D15/><U26/><E123/><V9/><F100/><W3/><G33/><T119/><D119/><U39/><E39/><V24/><F105/><W68/><G68/><T66/><D82/><N who="1" m="45319" /><E103/><V79/><F79/><W57/><G4/><T54/><D54/><U73/><E73/><V25/><F67/><W127/><G3/><T47/><D47/><U8/><E8/><V13/><F25/><W108/><G112/><T34/><D60/><U42/><E42/><V110/><F110/><W23/><G108/><T93/><D107/><U90/><E90/><V58/><F58/><W124/><G77/><T89/><D102/><U86/><E86/><V17/><F17/><W80/><G85/><T12/><D12/><U43/><E43/><V71/><F122/><W53/><G80/><T7/><D7/><U46/><E46/><V134/><F134/><N who="0" m="51242" /><D34/><U133/><E133/><V18/><REACH who="2" step="1"/><F13/><REACH who="2" ten="143,630,149,68" step="2"/><W22/><G53/><T121/><D121/><U0/><E0/><V99/><AGARI ba="4,1" hai="1,5,9,16,18,24,31,35,69,70,71,88,92,99" machi="99" ten="30,8000,1" yaku="1,1,2,1,0,1,54,2,53,0" doraHai="128" doraHaiUra="11" who="2" fromWho="2" sc="143,-24,630,-44,149,102,68,-24" /><INIT seed="2,0,0,4,5,118" ten="119,586,251,44" oya="2" hai0="15,56,84,53,30,46,39,102,28,105,67,124,112" hai1="49,68,42,73,107,60,54,31,58,131,104,12,125" hai2="13,122,79,72,110,129,3,78,106,81,103,40,25" hai3="119,9,101,10,51,77,47,97,21,16,48,71,83"/><V27/><F122/><W66/><G119/><T128/><D112/><U120/><E73/><V82/><F3/><W133/><G133/><T114/><D114/><U92/><E120/><V70/><F70/><W75/><G71/><T45/><D67/><U35/><E125/><V100/><F129/><W5/><G66/><T113/><D113/><U115/><E115/><V7/><F40/><W80/><G80/><T41/><D46/><U108/><E108/><V90/><F110/><W74/><G74/><T11/><D124/><U63/><E63/><V50/><F50/><W121/><G121/><T61/><D128/><U6/><E31/><V4/><F90/><W20/><G20/><T65/><D105/><U36/><E35/><V0/><F0/><W88/><G51/><T95/><D65/><U89/><E68/><V26/><F13/><W33/><G33/><T111/><D111/><U94/><E36/><V8/><F8/><W52/><G5/><N who="2" m="2121" /><F106/><W29/><G29/><T130/><D130/><U127/><E127/><V85/><F72/><W19/><G88/><T98/><D84/><U123/><E123/><V134/><F134/><W24/><REACH who="3" step="1"/><G19/><AGARI ba="0,0" hai="11,15,19,28,30,39,41,45,53,56,61,95,98,102" machi="19" ten="30,1000,0" yaku="7,1" doraHai="118" who="0" fromWho="3" sc="119,10,586,0,251,0,44,-10" /><INIT seed="3,0,0,3,2,15" ten="129,586,251,34" oya="3" hai0="17,43,115,89,4,18,47,74,84,51,119,16,7" hai1="110,45,9,32,124,123,70,25,120,100,90,81,66" hai2="23,41,88,73,128,34,20,64,103,37,104,38,105" hai3="1,85,0,5,80,26,97,87,46,40,42,55,72"/><W79/><G97/><T71/><D119/><U54/><E110/><V69/><F73/><W56/><G26/><T111/><D111/><U91/><E124/><V36/><F34/><W27/><G27/><T96/><D74/><U117/><E117/><V126/><F41/><W53/><G42/><T28/><D71/><U114/><E114/><V118/><F118/><W48/><G55/><T83/><D115/><U125/><E125/><V31/><F126/><W44/><G44/><T14/><D28/><U60/><E100/><V131/><F31/><W107/><G107/><N who="2" m="41033" /><F103/><W3/><REACH who="3" step="1"/><G5/><REACH who="3" ten="129,586,251,24" step="2"/><N who="0" m="2123" /><D96/><U95/><E54/><V129/><F64/><W33/><G33/><T62/><D62/><AGARI ba="0,1" hai="0,1,3,40,46,48,53,56,62,72,79,80,85,87" machi="62" ten="40,2000,0" yaku="1,1,53,0" doraHai="15" doraHaiUra="29" who="3" fromWho="0" sc="129,-20,586,0,251,0,24,30" /><INIT seed="3,1,0,2,1,17" ten="109,586,251,54" oya="3" hai0="25,27,46,92,4,111,13,77,35,118,107,63,26" hai1="76,9,39,117,7,116,62,128,114,20,54,38,24" hai2="83,69,103,29,45,52,47,75,40,3,133,110,15" hai3="28,11,122,56,33,86,100,61,5,81,21,78,108"/><W36/><G122/><T93/><D107/><U49/><E114/><V124/><F3/><W22/><G36/><T10/><D118/><N who="1" m="45675" /><E62/><V99/><F69/><W1/><G108/><T6/><D111/><U134/><E76/><V70/><F70/><W2/><G2/><T82/><D35/><U132/><E128/><V85/><F110/><W112/><G112/><T73/><D4/><U44/><E39/><V48/><F75/><W84/><G100/><T0/><D13/><N who="1" m="5311" /><E38/><V94/><F124/><W43/><G43/><T57/><REACH who="0" step="1"/><D46/><REACH who="0" ten="99,586,251,54" step="2"/><U12/><E12/><V98/><F47/><W53/><REACH who="3" step="1"/><G86/><REACH who="3" ten="99,586,251,44" step="2"/><T131/><D131/><U42/><E42/><V130/><F85/><W64/><G64/><AGARI ba="1,2" hai="0,6,10,25,26,27,57,63,64,73,77,82,92,93" machi="64" ten="40,1300,0" yaku="1,1,53,0" doraHai="17" doraHaiUra="14" who="0" fromWho="3" sc="99,36,586,0,251,0,44,-16" /><INIT seed="4,0,0,2,0,56" ten="135,586,251,28" oya="0" hai0="114,92,3,69,117,105,54,113,131,12,126,77,78" hai1="87,86,76,43,17,10,133,13,35,40,66,31,55" hai2="111,124,5,82,2,60,8,41,29,88,48,103,11" hai3="34,115,20,73,47,129,22,123,132,100,28,64,109"/><T116/><D12/><U120/><E133/><V81/><F111/><W65/><G115/><N who="0" m="44043" /><D69/><U121/><E66/><V104/><F124/><W58/><G109/><T25/><D25/><U42/><E35/><V108/><F108/><W71/><G132/><T99/><D3/><U70/><E70/><V39/><F39/><W30/><G71/><T57/><D105/><U18/><E31/><V37/><F37/><W32/><G47/><T127/><D54/><U110/><E110/><V19/><F29/><W96/><G58/><T45/><D45/><U67/><E67/><V107/><F103/><W80/><G64/><T27/><D27/><U125/><E125/><N who="0" m="47625" /><D57/><U7/><E55/><V130/><F8/><W44/><G65/><T51/><D51/><U26/><E26/><V46/><F11/><W63/><G44/><T118/><D131/><U62/><E62/><V14/><F46/><W68/><G63/><T94/><D94/><U21/><E43/><V106/><F60/><W38/><G68/><T134/><D134/><U90/><E42/><V112/><F41/><W53/><G53/><T36/><D36/><U128/><E40/><V97/><F48/><W6/><G38/><T24/><D24/><U89/><E128/><V4/><F2/><W23/><G129/><T72/><D72/><U59/><E59/><V0/><F0/><W9/><G32/><T83/><D83/><U119/><E13/><V91/><F130/><W84/><G34/><T33/><D33/><U85/><E21/><V122/><F112/><W95/><G30/><T15/><D15/><U135/><E135/><RYUUKYOKU ba="0,0" sc="135,30,586,-10,251,-10,28,-10" hai0="77,78,92,99,116,117,118" /><INIT seed="4,1,0,3,1,35" ten="165,576,241,18" oya="0" hai0="132,79,78,93,51,80,47,1,34,3,24,20,32" hai1="41,98,16,86,128,36,81,67,101,133,134,74,103" hai2="37,69,122,65,76,73,22,131,5,70,44,90,13" hai3="49,19,55,59,46,50,0,60,27,61,109,77,8"/><T88/><D132/><N who="1" m="50795" /><E128/><V121/><F76/><W48/><G109/><T97/><D32/><U39/><E74/><V112/><F73/><W4/><G77/><T11/><D34/><U95/><E67/><V29/><F29/><W10/><G61/><T127/><D127/><U120/><E120/><V123/><F90/><W45/><REACH who="3" step="1"/><G27/><REACH who="3" ten="165,576,241,8" step="2"/><T58/><D78/><N who="1" m="46391" /><E41/><V110/><F110/><W85/><G85/><T2/><D79/><U6/><E6/><V42/><F5/><W99/><G99/><T7/><D97/><N who="1" m="59583" /><E16/><V72/><F72/><W105/><G105/><AGARI ba="1,1" hai="36,39,98,103,105" m="59583,46391,50795" machi="105" ten="30,1000,0" yaku="20,1" doraHai="35" who="1" fromWho="3" sc="165,0,576,23,241,0,8,-13" owari="165,-23.0,599,70.0,241,4.0,-5,-51.0" /></mjloggm>