<mjloggm ver="2.3"><GO type="169" lobby="0"/><UN n0="%73%61%69%72%61%73%75" n1="%E3%81%84%E3%81%A3%E3%81%8D%40%4B%55" n2="%E3%81%AE%E3%81%B3%E3%81%97%E3%82%8D%E2%99%82" n3="%E5%B0%B1%E6%B4%BB%E7%94%9F%40%E5%B7%9D%E6%9D%91%E8%BB%8D%E5%9B%A3" dan="16,16,16,17" rate="2151.32,2053.76,2133.98,2143.33" sx="M,M,M,M"/><TAIKYOKU oya="0"/><INIT seed="0,0,0,0,3,91" ten="250,250,250,250" oya="0" hai0="105,6,72,8,110,115,121,75,57,10,100,73,22" hai1="46,55,34,93,116,81,47,125,124,59,37,23,19" hai2="31,82,96,14,112,131,16,41,109,42,101,40,0" hai3="63,128,36,122,108,9,79,65,103,48,62,58,43"/><T33/><D121/><U30/><E116/><V66/><F109/><W67/><G79/><T118/><D33/><U53/><E81/><V78/><F131/><W90/><G103/><T133/><D118/><U12/><E93/><V77/><F112/><W44/><G9/><T27/><D115/><U130/><E130/><V119/><F0/><W111/><G90/><T24/><D133/><U107/><E107/><V83/><F119/><W95/><G95/><T29/><D110/><N who="3" m="42025" /><G128/><T18/><D57/><U129/><E129/><V7/><F7/><W84/><G84/><T4/><D8/><U132/><E132/><V98/><F31/><W51/><G122/><T135/><D135/><U52/><E59/><AGARI ba="0,0" hai="36,43,44,48,51,58,59,62,63,65,67" m="42025" machi="59" ten="30,3900,0" yaku="14,1,34,2" doraHai="91" who="3" fromWho="1" sc="250,0,250,-39,250,0,250,39" /><INIT seed="1,0,0,2,2,23" ten="250,211,250,289" oya="1" hai0="120,126,73,133,25,131,92,91,95,2,0,63,93" hai1="135,53,33,29,124,44,56,78,62,74,27,24,45" hai2="77,114,103,70,97,128,101,116,134,86,129,110,76" hai3="54,123,39,121,65,21,64,42,34,125,20,43,130"/><U55/><E124/><V82/><F70/><W1/><G1/><T115/><D115/><U6/><E135/><V132/><F116/><W68/><G34/><T99/><D73/><U10/><E74/><V66/><F66/><W81/><G125/><T60/><D126/><U108/><E78/><N who="2" m="46423" /><F114/><W89/><G130/><N who="2" m="50281" /><F110/><W59/><G68/><T83/><D131/><U85/><E108/><V107/><F103/><W37/><G89/><T61/><D133/><AGARI ba="0,0" hai="76,77,97,101,107,132,133,134" m="50281,46423" machi="133" ten="30,7700,0" yaku="20,1,19,1,34,2" doraHai="23" who="2" fromWho="0" sc="250,-77,211,0,250,77,289,0" /><INIT seed="2,0,0,5,4,106" ten="173,211,327,289" oya="2" hai0="11,17,115,62,123,111,30,69,77,5,23,121,79" hai1="100,45,108,41,65,36,87,13,59,113,64,118,94" hai2="112,70,114,135,82,86,60,40,2,20,26,67,44" hai3="29,42,49,84,8,31,83,71,129,103,15,99,133"/><V9/><F135/><W25/><G71/><T35/><D115/><U127/><E113/><V53/><F53/><W132/><G129/><T104/><D104/><U120/><E118/><V0/><F0/><W50/><G132/><T56/><D69/><U24/><E120/><V107/><F107/><W39/><G39/><T57/><D111/><U93/><E108/><V54/><F54/><W92/><G133/><T28/><D79/><U18/><E127/><V55/><F55/><W101/><G101/><T3/><D77/><U68/><E68/><V19/><F2/><W73/><G73/><T33/><D62/><U46/><E46/><V76/><REACH who="2" step="1"/><F9/><REACH who="2" ten="173,211,317,289" step="2"/><W66/><G66/><T74/><D11/><U78/><E64/><V52/><F52/><W125/><G125/><T22/><D3/><U91/><E65/><V80/><F80/><W88/><G42/><T47/><D47/><U102/><E45/><V95/><F95/><W6/><REACH who="3" step="1"/><G31/><REACH who="3" ten="173,211,317,279" step="2"/><T10/><D28/><U90/><E41/><V32/><F32/><AGARI ba="0,2" hai="6,8,15,25,29,32,49,50,83,84,88,92,99,103" machi="32" ten="30,7700,0" yaku="1,1,2,1,7,1,54,1,53,0" doraHai="106" doraHaiUra="119" who="3" fromWho="2" sc="173,0,211,0,317,-77,279,97" /><INIT seed="3,0,0,0,2,88" ten="173,211,240,376" oya="3" hai0="90,112,1,38,89,71,116,21,93,127,119,91,46" hai1="131,125,92,27,41,79,83,40,107,103,104,85,19" hai2="66,68,29,35,96,129,20,8,2,74,84,62,102" hai3="97,52,47,70,72,73,3,42,113,34,115,4,26"/><W122/><G70/><T118/><D71/><U67/><E67/><V110/><F84/><W98/><G122/><T36/><D1/><U55/><E125/><V60/><F20/><W58/><G4/><T76/><D127/><U133/><E133/><V22/><F22/><W6/><G6/><T44/><D21/><U134/><E134/><V59/><F110/><W56/><G3/><T65/><D65/><U11/><E27/><N who="2" m="18879" /><F59/><W54/><G42/><T49/><D49/><U132/><E132/><V81/><F62/><W135/><G135/><T75/><D112/><U48/><E131/><V86/><F86/><W106/><G47/><N who="0" m="17963" /><D76/><U25/><E25/><V99/><F99/><W37/><G26/><T80/><D80/><U126/><E126/><V100/><F100/><W51/><G34/><T24/><D24/><U16/><E103/><V109/><F109/><W12/><G12/><T111/><D111/><U18/><E11/><V33/><F129/><W77/><G77/><T108/><D108/><U130/><E130/><V13/><F13/><W5/><G5/><T43/><D43/><U57/><REACH who="1" step="1"/><E92/><REACH who="1" ten="173,201,240,376" step="2"/><N who="2" m="58631" /><F8/><W17/><G106/><AGARI ba="0,1" hai="16,18,19,40,41,48,55,57,79,83,85,104,106,107" machi="106" ten="40,5200,0" yaku="1,1,54,1,53,1" doraHai="88" doraHaiUra="45" who="1" fromWho="3" sc="173,0,201,62,240,0,376,-52" /><INIT seed="4,0,0,0,1,6" ten="173,263,240,324" oya="0" hai0="51,29,41,5,81,49,13,4,35,16,131,118,57" hai1="114,115,132,104,50,68,52,87,135,128,127,61,23" hai2="91,62,112,124,26,83,1,117,46,122,18,72,34" hai3="78,28,96,9,44,7,102,0,99,92,37,53,77"/><T75/><D131/><U126/><E104/><V133/><F133/><N who="1" m="51273" /><E128/><V55/><F124/><N who="1" m="47657" /><E23/><V30/><F1/><W64/><G28/><T84/><D118/><U134/><N who="1" m="51281" /><U123/><DORA hai="20" /><E123/><V105/><F112/><W76/><G64/><T93/><D75/><U27/><E27/><V65/><F105/><W103/><G37/><T24/><D93/><U40/><E40/><V47/><F26/><W63/><G99/><T100/><D100/><U10/><E10/><V73/><F73/><W3/><G103/><T101/><D101/><U85/><E68/><V25/><F25/><W15/><G44/><T110/><D110/><U88/><E61/><V54/><F62/><W2/><G63/><T120/><D120/><U8/><E8/><V11/><F11/><W89/><G102/><T58/><D41/><U107/><E107/><V59/><F72/><W48/><G48/><T113/><D113/><N who="1" m="43019" /><E88/><V14/><F91/><W71/><G71/><T121/><D121/><U74/><E74/><V108/><F122/><W70/><G70/><T109/><D109/><U66/><E66/><V12/><F108/><W130/><G130/><T36/><D36/><U69/><E69/><V19/><F65/><W82/><REACH who="3" step="1"/><G53/><REACH who="3" ten="173,263,240,314" step="2"/><T33/><D51/><U39/><E39/><V42/><F55/><W119/><G119/><T86/><D49/><U129/><E129/><V43/><F54/><W32/><G32/><T94/><D35/><U111/><E111/><V79/><F117/><W60/><G60/><T116/><D116/><U98/><E98/><V21/><F34/><W106/><G106/><RYUUKYOKU ba="0,1" sc="173,-15,263,15,240,-15,314,15" hai1="50,52,85,87" hai3="0,2,3,7,9,15,76,77,78,82,89,92,96" /><INIT seed="5,1,1,4,1,6" ten="158,278,225,329" oya="1" hai0="69,121,53,29,3,102,33,97,76,9,2,11,28" hai1="120,123,34,89,65,84,15,1,125,72,75,0,79" hai2="98,126,95,110,7,116,57,26,106,17,105,96,8" hai3="77,25,5,16,115,36,31,14,104,58,56,41,87"/><U51/><E34/><V117/><F126/><W71/><G104/><T21/><D76/><U13/><E125/><V63/><F110/><W109/><G71/><T78/><D78/><U30/><E65/><V101/><F26/><W112/><G109/><T66/><D21/><U119/><E79/><V91/><F17/><W39/><G5/><T48/><D121/><U59/><E59/><N who="3" m="22570" /><G41/><T82/><D82/><U108/><E51/><V133/><F133/><W90/><G77/><T46/><D2/><U88/><E108/><V118/><F106/><W93/><G25/><N who="0" m="18575" /><D29/><U24/><E24/><V50/><F50/><W23/><G31/><T107/><D3/><U85/><REACH who="1" step="1"/><E30/><REACH who="1" ten="158,268,225,329" step="2"/><V131/><F118/><AGARI ba="1,2" hai="0,1,13,15,72,75,84,85,88,89,118,119,120,123" machi="118" ten="25,12000,1" yaku="1,1,2,1,22,2,54,1,53,0" doraHai="6" doraHaiUra="40" who="1" fromWho="2" sc="158,0,268,143,225,-123,329,0" /><INIT seed="5,2,0,5,3,89" ten="158,411,102,329" oya="1" hai0="80,131,79,84,134,73,51,124,61,7,14,120,99" hai1="68,117,97,129,119,75,67,66,29,22,53,81,126" hai2="11,128,65,103,132,92,40,112,91,59,55,63,42" hai3="108,77,57,9,52,41,38,19,90,64,21,20,76"/><U87/><E75/><V48/><F132/><W102/><G102/><T33/><D33/><U31/><E126/><V85/><F128/><W69/><G108/><T86/><D134/><U118/><E129/><V25/><F112/><W13/><G64/><T27/><D131/><U54/><E68/><V107/><F107/><W8/><G69/><T71/><D71/><U18/><E97/><V95/><F11/><W2/><G41/><T15/><D61/><U88/><E54/><V58/><REACH who="2" step="1"/><F25/><REACH who="2" ten="158,411,92,329" step="2"/><W104/><G104/><T109/><D27/><N who="1" m="14807" /><E119/><V82/><F82/><W127/><G127/><T133/><D124/><U47/><E118/><V56/><F56/><W62/><G8/><T125/><D125/><U74/><E117/><V96/><AGARI ba="2,1" hai="40,42,48,55,58,59,63,65,85,91,92,95,96,103" machi="96" ten="30,12000,2" yaku="1,1,0,1,8,1,52,2,53,1" doraHai="89" doraHaiUra="50" who="2" fromWho="2" sc="158,-32,411,-62,92,136,329,-32" /><INIT seed="6,0,0,1,4,45" ten="126,349,228,297" oya="2" hai0="24,59,112,131,6,39,75,10,60,12,51,101,90" hai1="14,96,105,46,47,114,71,124,23,27,37,61,53" hai2="126,73,70,113,93,91,42,67,108,125,9,18,44" hai3="17,95,133,99,86,135,102,74,43,65,26,22,72"/><V83/><F113/><W82/><G65/><T13/><D112/><U111/><E111/><V116/><F116/><W64/><G64/><T19/><D131/><U97/><E14/><V3/><F108/><W80/><G43/><T79/><D39/><U8/><E8/><V127/><F67/><W81/><REACH who="3" step="1"/><G86/><REACH who="3" ten="126,349,228,287" step="2"/><T54/><D75/><AGARI ba="0,1" hai="17,22,26,72,74,75,80,81,82,95,99,102,133,135" machi="75" ten="40,2600,0" yaku="1,1,2,1,53,0" doraHai="45" doraHaiUra="109" who="3" fromWho="0" sc="126,-26,349,0,228,0,287,36" /><INIT seed="7,0,0,5,0,49" ten="100,349,228,323" oya="3" hai0="67,44,99,124,9,60,119,118,135,111,6,90,83" hai1="82,103,127,29,35,26,2,80,117,27,110,19,24" hai2="37,125,69,130,48,46,133,92,107,100,53,50,113" hai3="61,128,104,28,7,43,81,13,22,112,41,68,30"/><W78/><G104/><T16/><D111/><U59/><E110/><V77/><F92/><W15/><G112/><T108/><D135/><U40/><E117/><V64/><F77/><W52/><G128/><T18/><D124/><U34/><E127/><V31/><F100/><W132/><G132/><T79/><D108/><U4/><E40/><N who="3" m="15434" /><G68/><T115/><D115/><U76/><E103/><V105/><F31/><N who="3" m="11819" /><G7/><T63/><D119/><U86/><E35/><V1/><F1/><W97/><G97/><T10/><D118/><U25/><E59/><N who="2" m="33191" /><F105/><W38/><G38/><T62/><D44/><U57/><E57/><V51/><F107/><W39/><G39/><T20/><D67/><U87/><E4/><V106/><F106/><W88/><G78/><T85/><D6/><U3/><REACH who="1" step="1"/><E19/><REACH who="1" ten="100,339,228,323" step="2"/><V66/><F125/><W17/><G17/><T21/><D18/><U14/><E14/><V32/><F32/><W91/><G22/><T120/><D120/><U134/><E134/><V116/><F133/><W93/><G81/><T33/><D33/><U123/><E123/><V102/><F102/><W5/><G5/><T95/><REACH who="0" step="1"/><D21/><REACH who="0" ten="90,339,228,323" step="2"/><U84/><E84/><V72/><F116/><W23/><G23/><T75/><D75/><U54/><E54/><V55/><F72/><W71/><G71/><T129/><D129/><U96/><E96/><V109/><F130/><W56/><G91/><AGARI ba="0,2" hai="2,3,24,25,26,27,29,34,76,80,82,86,87,91" machi="91" ten="40,1300,0" yaku="1,1,53,0" doraHai="49" doraHaiUra="89" who="1" fromWho="3" sc="90,0,339,33,228,0,323,-13" owari="90,-41.0,372,47.0,228,-17.0,310,11.0" /></mjloggm>