<mjloggm ver="2.3"><GO type="169" lobby="0"/><UN n0="%E3%81%B6%E3%81%A3%E3%81%A8%E3%81%B3%E3%82%AB%E3%83%BC%E3%83%89" n1="%E5%AE%AE%E6%9C%AC%E4%BE%86%E5%A4%8F" n2="%53" n3="%E3%82%A6%E3%83%AB%E3%83%88%E3%83%A9%E7%AB%8B%E7%9B%B4" dan="17,16,16,17" rate="2178.25,2098.44,2131.42,2172.53" sx="M,F,M,M"/><TAIKYOKU oya="0"/><INIT seed="0,0,0,4,0,46" ten="250,250,250,250" oya="0" hai0="11,23,8,82,0,74,133,79,26,36,98,90,112" hai1="33,92,101,132,95,22,51,57,68,84,32,126,38" hai2="105,29,75,86,127,114,20,89,77,116,37,111,107" hai3="28,124,34,48,65,31,41,10,76,103,40,96,135"/><T35/><BYE who="2" /><D112/><U50/><E68/><V25/><F25/><W67/><G124/><T108/><D36/><UN n2="%53" /><U69/><E69/><V16/><F29/><N who="3" m="11339" /><G34/><T80/><D35/><U119/><E38/><V134/><F37/><W5/><G76/><T42/><D42/><U87/><E119/><V102/><F20/><W47/><G135/><T53/><D133/><U7/><E132/><V60/><F16/><W1/><G1/><T43/><D43/><U27/><E7/><V39/><F60/><W85/><G41/><T97/><D108/><U83/><E126/><V64/><F39/><W2/><G2/><T122/><D122/><U14/><E14/><V71/><F127/><W99/><G85/><N who="0" m="48287" /><D0/><U45/><E45/><V73/><F111/><W49/><G5/><T3/><D74/><U109/><E109/><V66/><F75/><W94/><G10/><N who="0" m="3627" /><D3/><U130/><E32/><V54/><F116/><W123/><G123/><T70/><D70/><U18/><E33/><V91/><F114/><W12/><G12/><T121/><D121/><U106/><E27/><V9/><F71/><W59/><G99/><N who="0" m="37899" /><D23/><U61/><E22/><V118/><F134/><W62/><G67/><T44/><D26/><U56/><E84/><V110/><F86/><W17/><G17/><T129/><D129/><U131/><E18/><V19/><F19/><W128/><G128/><T6/><D6/><U81/><E131/><V52/><F110/><W63/><G65/><T21/><D21/><U104/><E130/><V30/><F118/><W24/><G24/><T125/><D125/><U115/><E115/><RYUUKYOKU ba="0,0" sc="250,-10,250,-10,250,-10,250,30" hai3="40,47,48,49,59,62,63,94,96,103" /><INIT seed="1,1,0,3,1,76" ten="240,240,240,280" oya="1" hai0="97,59,0,104,67,10,80,73,58,129,121,37,21" hai1="32,62,85,72,16,55,25,100,87,28,109,39,27" hai2="61,75,126,35,84,29,42,74,94,48,101,9,45" hai3="50,6,114,33,131,20,71,26,120,98,1,88,5"/><U3/><E72/><V132/><F132/><W51/><G120/><T90/><D121/><U52/><E3/><V118/><F118/><W54/><G114/><T38/><D129/><U18/><E39/><V19/><F126/><W79/><G33/><T41/><D21/><U83/><E100/><V68/><F29/><W47/><G71/><T82/><D38/><U64/><E87/><V110/><F35/><W105/><G1/><T92/><D67/><U115/><E109/><V123/><F123/><W34/><G34/><T43/><D43/><U107/><E107/><V135/><F135/><W111/><G79/><N who="0" m="44143" /><D104/><U78/><E115/><V119/><F119/><W57/><G131/><T125/><D82/><U106/><E106/><V15/><F110/><W4/><G111/><T66/><D66/><U69/><REACH who="1" step="1"/><E27/><REACH who="1" ten="240,230,240,280" step="2"/><V133/><F74/><W17/><G105/><T95/><D125/><U49/><E49/><V12/><F75/><W24/><G24/><T31/><D37/><U65/><E65/><V14/><F133/><W63/><G47/><T13/><D97/><U22/><E22/><V116/><F116/><W36/><G36/><T40/><D0/><U56/><E56/><V128/><F128/><W53/><G53/><AGARI ba="1,1" hai="16,18,25,28,32,52,53,55,62,64,69,78,83,85" machi="53" ten="40,12000,1" yaku="1,1,52,1,54,2,53,0" doraHai="76" doraHaiUra="44" who="1" fromWho="3" sc="240,0,230,133,240,0,280,-123" /><INIT seed="1,2,0,5,5,103" ten="240,363,240,157" oya="1" hai0="59,115,8,131,13,132,76,29,21,83,52,117,96" hai1="71,5,27,32,102,80,25,65,100,114,9,91,7" hai2="54,53,51,70,20,75,124,111,104,40,90,56,38" hai3="93,66,101,105,63,109,72,133,2,82,45,130,16"/><U64/><E114/><V99/><F75/><W121/><G121/><T41/><D117/><U39/><E39/><V116/><F116/><W31/><G2/><T97/><D131/><U49/><E32/><V35/><F35/><W120/><G120/><T30/><D132/><U22/><E71/><V37/><F111/><W26/><G130/><T50/><D41/><U67/><E49/><V128/><F90/><W42/><G109/><T86/><D115/><U3/><E7/><V15/><F128/><W85/><G133/><T88/><D76/><U92/><E80/><V47/><F70/><N who="3" m="42335" /><G16/><N who="0" m="8231" /><D21/><U44/><E44/><V129/><F129/><W77/><G93/><T107/><D107/><U36/><E36/><V17/><F124/><W61/><G85/><T123/><D123/><U118/><E118/><V24/><F38/><N who="3" m="21719" /><G61/><T95/><D95/><U73/><E73/><V34/><F34/><N who="3" m="20855" /><G101/><T112/><D112/><U57/><E57/><V68/><F68/><W106/><AGARI ba="2,0" hai="72,77,82,105,106" m="20855,21719,42335" machi="106" ten="30,7900,0" yaku="33,2,52,2" doraHai="103" who="3" fromWho="3" sc="240,-22,363,-41,240,-22,157,85" /><INIT seed="2,0,0,1,0,0" ten="218,322,218,242" oya="2" hai0="121,61,3,42,4,78,122,12,119,66,111,87,8" hai1="79,82,32,103,55,41,112,129,133,95,10,18,38" hai2="114,17,113,49,37,86,73,62,59,21,110,125,80" hai3="13,109,1,93,74,7,16,100,77,68,48,43,69"/><V54/><F73/><W99/><G109/><T2/><D111/><U70/><E112/><V31/><F110/><W104/><G104/><T83/><D119/><U85/><E70/><V75/><F75/><W130/><G130/><T26/><D3/><U81/><E32/><V40/><F125/><W118/><G118/><T84/><D2/><U23/><E133/><V20/><F37/><W123/><G123/><T15/><D42/><U96/><E129/><V97/><F97/><W101/><G68/><T56/><D26/><U25/><E81/><V19/><F31/><W45/><G69/><T128/><D128/><U92/><E10/><V94/><F94/><W107/><G107/><T134/><D134/><U64/><E64/><V35/><F35/><W105/><G105/><T11/><REACH who="0" step="1"/><D87/><REACH who="0" ten="208,322,218,242" step="2"/><U60/><E41/><V29/><F113/><W127/><G1/><T91/><D91/><U53/><E25/><V27/><F114/><W131/><G131/><T30/><D30/><U58/><E85/><V72/><F72/><W22/><G127/><T120/><D120/><U106/><E79/><V24/><F29/><W33/><G74/><T63/><D63/><U132/><E60/><V89/><F40/><W98/><G77/><T117/><D117/><U47/><E132/><V71/><F62/><W126/><G126/><T76/><D76/><U88/><E88/><V57/><F71/><W116/><G116/><T51/><D51/><U67/><E38/><V36/><F36/><W90/><G90/><T6/><AGARI ba="0,1" hai="4,6,8,11,12,15,56,61,66,78,83,84,121,122" machi="6" ten="20,12000,2" yaku="1,1,0,1,7,1,9,1,52,2,53,0" doraHai="0" doraHaiUra="44" who="0" fromWho="0" sc="208,130,322,-30,218,-60,242,-30" /><INIT seed="3,0,0,2,2,84" ten="338,292,158,212" oya="3" hai0="71,130,3,43,123,15,75,88,5,66,103,64,83" hai1="85,100,107,122,96,133,47,21,124,89,46,91,10" hai2="102,6,114,77,62,106,90,68,120,121,92,80,98" hai3="1,74,127,14,108,37,132,22,78,44,13,69,82"/><W34/><G22/><T93/><D123/><N who="2" m="47178" /><F6/><W126/><G14/><T55/><D3/><U23/><E122/><V38/><F38/><W131/><G13/><T32/><D32/><U134/><E124/><N who="3" m="47658" /><G34/><T42/><D130/><U125/><E10/><V95/><F62/><W24/><G24/><T110/><D110/><U117/><E125/><V20/><F68/><W9/><G131/><T72/><D72/><U99/><E117/><V26/><F26/><W63/><G108/><T57/><D71/><U52/><E85/><N who="2" m="48271" /><F20/><W109/><G109/><T25/><D25/><U48/><E46/><V27/><F27/><W28/><G28/><T11/><D83/><U112/><E112/><V135/><F114/><W60/><G69/><T56/><D103/><U73/><E73/><V40/><F40/><N who="0" m="15402" /><D75/><U0/><E0/><V54/><F54/><W76/><G37/><T30/><D30/><U41/><E41/><V29/><F29/><W4/><G44/><T113/><D113/><U111/><E111/><V105/><F135/><N who="1" m="51721" /><E23/><V19/><F19/><W128/><G132/><T51/><D57/><U49/><E21/><V79/><F79/><N who="3" m="44407" /><G128/><T58/><D56/><U115/><E115/><V97/><AGARI ba="0,0" hai="90,92,95,97,98,102,105,106" m="48271,47178" machi="97" ten="30,7900,0" yaku="13,1,34,2,52,1" doraHai="84" who="2" fromWho="2" sc="338,-20,292,-20,158,79,212,-39" /><INIT seed="4,0,0,1,3,116" ten="318,272,237,173" oya="0" hai0="31,134,29,3,114,9,72,5,98,10,118,115,61" hai1="51,76,133,121,103,79,49,53,124,112,12,82,77" hai2="101,81,27,119,125,48,69,55,60,32,109,120,14" hai3="0,111,64,35,107,68,19,59,58,84,123,62,1"/><T85/><D72/><U45/><E121/><V11/><F109/><W90/><G111/><T83/><D98/><U56/><E133/><V105/><F119/><W25/><G107/><T34/><D118/><U99/><E124/><V50/><F125/><W95/><G123/><T63/><D10/><U24/><E112/><N who="0" m="43049" /><D134/><U18/><E24/><V78/><F120/><W52/><G68/><T30/><D34/><U135/><E135/><V37/><F37/><W22/><REACH who="3" step="1"/><G35/><REACH who="3" ten="318,272,237,163" step="2"/><T80/><D80/><U73/><E82/><V132/><F81/><W104/><G104/><T110/><D110/><U28/><E73/><V88/><F105/><W130/><G130/><T71/><D71/><U91/><E77/><AGARI ba="0,1" hai="3,5,9,29,30,31,61,63,77,83,85" m="43049" machi="77" ten="30,1500,0" yaku="15,1" doraHai="116" who="0" fromWho="1" sc="318,25,272,-15,237,0,163,0" /><INIT seed="4,1,0,4,5,103" ten="343,257,237,163" oya="0" hai0="50,77,11,24,0,43,120,61,88,121,131,83,99" hai1="13,7,53,39,128,64,45,69,14,67,125,80,124" hai2="129,56,101,9,3,112,74,117,5,70,18,20,29" hai3="28,36,22,12,85,73,17,82,89,90,15,37,41"/><T44/><D131/><U118/><E118/><V97/><F70/><W71/><G71/><T51/><D61/><U123/><E123/><V10/><F112/><W55/><G73/><T62/><D62/><U108/><E108/><V81/><F129/><W59/><G41/><T57/><D24/><U32/><E32/><V84/><F74/><W30/><G37/><T66/><D66/><U34/><E34/><V8/><F29/><W104/><G36/><T23/><D23/><U76/><E128/><V35/><F56/><W26/><G104/><T21/><D21/><U38/><E69/><V122/><F35/><W92/><G30/><T119/><D119/><U54/><E7/><V109/><F122/><W134/><G28/><T87/><D11/><U111/><E111/><V58/><F58/><W40/><G40/><T65/><D0/><U49/><E80/><V105/><F109/><W60/><REACH who="3" step="1"/><G134/><REACH who="3" ten="343,257,237,153" step="2"/><T96/><D120/><U33/><E39/><V75/><F75/><W1/><G1/><T106/><D106/><U135/><E38/><V2/><F3/><W132/><G132/><T46/><D121/><U4/><E135/><V25/><REACH who="2" step="1"/><F117/><REACH who="2" ten="343,257,227,153" step="2"/><W72/><G72/><T16/><D46/><U42/><E45/><V91/><AGARI ba="1,2" hai="2,5,8,9,10,18,20,25,81,84,91,97,101,105" machi="91" ten="20,8000,1" yaku="1,1,2,1,0,1,7,1,52,1,53,0" doraHai="103" doraHaiUra="68" who="2" fromWho="2" sc="343,-41,257,-21,227,103,153,-21" /><INIT seed="5,0,0,0,5,117" ten="302,236,330,132" oya="1" hai0="99,11,98,7,49,78,18,34,130,46,89,79,92" hai1="5,56,128,12,121,9,39,17,68,36,20,81,101" hai2="38,43,47,62,3,123,54,124,63,90,106,27,14" hai3="108,32,71,112,66,118,74,120,1,127,16,75,83"/><U119/><E68/><V45/><F3/><W55/><G16/><T44/><D34/><U58/><E119/><V107/><F123/><W93/><G55/><T69/><D69/><U40/><E121/><V19/><F27/><W41/><G66/><T100/><D18/><U59/><E128/><V4/><F4/><W77/><G41/><T116/><D130/><U23/><E23/><V53/><F90/><W13/><G13/><T0/><D46/><U48/><E101/><V96/><F96/><W21/><G93/><T52/><D116/><U72/><E72/><V31/><F124/><W35/><G83/><T125/><D125/><U88/><E40/><V82/><F31/><W29/><G77/><T67/><D67/><U50/><E39/><V2/><F82/><W70/><G21/><T134/><D134/><U57/><E36/><V133/><F38/><W80/><G80/><T15/><D0/><U86/><N who="1" m="14336" /><DORA hai="85" /><U94/><REACH who="1" step="1"/><E81/><REACH who="1" ten="302,226,330,132" step="2"/><V114/><F43/><W28/><G75/><T109/><D109/><U84/><E84/><V73/><F73/><W8/><G71/><T104/><AGARI ba="0,1" hai="7,11,15,44,49,52,78,79,89,92,98,99,100,104" machi="104" ten="20,5200,0" yaku="0,1,7,1,52,1,54,1" doraHai="117,85" who="0" fromWho="0" sc="302,62,226,-26,330,-13,132,-13" /><INIT seed="6,0,0,4,2,80" ten="364,200,317,119" oya="2" hai0="118,74,59,6,56,88,5,122,85,61,116,9,107" hai1="48,14,40,104,112,62,67,55,96,90,91,98,23" hai2="92,108,86,12,28,121,94,0,58,71,37,125,26" hai3="47,11,3,77,64,38,82,103,18,105,34,45,42"/><V79/><F121/><W100/><G34/><T111/><D111/><U16/><E40/><V60/><F71/><W134/><G134/><T7/><D74/><U21/><E112/><V32/><F0/><W102/><G64/><N who="0" m="38951" /><D107/><U73/><E73/><V50/><F37/><W99/><G47/><T22/><D22/><U131/><E131/><V24/><F125/><W110/><G18/><T39/><D59/><N who="1" m="37343" /><E104/><V95/><F50/><W65/><G65/><T1/><D39/><U78/><E78/><V36/><F36/><W41/><G41/><T127/><D122/><U54/><E23/><N who="2" m="15391" /><F26/><W72/><REACH who="3" step="1"/><G110/><REACH who="3" ten="364,200,317,109" step="2"/><T135/><D135/><U57/><E54/><N who="2" m="33879" /><F32/><W84/><G84/><T76/><D85/><U66/><E66/><V17/><F108/><W70/><G70/><T123/><D6/><AGARI ba="0,1" hai="3,6,11,38,42,45,72,77,82,99,100,102,103,105" machi="6" ten="40,8000,1" yaku="1,1,25,2,53,1" doraHai="80" doraHaiUra="69" who="3" fromWho="0" sc="364,-80,200,0,317,0,109,90" /><INIT seed="7,0,0,3,3,14" ten="284,200,317,199" oya="3" hai0="92,13,0,75,117,78,77,38,5,66,51,6,101" hai1="115,100,81,96,70,18,105,49,19,108,110,55,90" hai2="133,89,67,99,57,128,127,28,85,59,134,58,21" hai3="11,71,41,80,74,125,131,86,34,130,119,95,54"/><W8/><G119/><T120/><D120/><U94/><E70/><V109/><F109/><W12/><G34/><T39/><D0/><U82/><E115/><V1/><F1/><W73/><G71/><T116/><D75/><U43/><E43/><V84/><F127/><W33/><G33/><T2/><D2/><U3/><E3/><V72/><F128/><N who="3" m="49195" /><G125/><T129/><D129/><U48/><E48/><V46/><F72/><N who="3" m="27755" /><G41/><T45/><D66/><U35/><E35/><V20/><F67/><W22/><G95/><T23/><D39/><U104/><E110/><V24/><F46/><W31/><G54/><T97/><D38/><U17/><E108/><V69/><F69/><W26/><G12/><T61/><D117/><U25/><E25/><N who="2" m="16423" /><F134/><W76/><AGARI ba="0,0" hai="8,11,22,26,31,76,80,86" m="27755,49195" machi="76" ten="30,1500,0" yaku="19,1" doraHai="14" who="3" fromWho="3" sc="284,-5,200,-5,317,-5,199,15" /><INIT seed="7,1,0,3,3,50" ten="279,195,312,214" oya="3" hai0="92,20,86,73,30,10,115,97,51,89,39,128,47" hai1="130,70,61,90,3,88,56,53,59,19,37,11,98" hai2="74,83,8,134,94,67,109,27,58,54,107,129,72" hai3="108,113,25,111,55,0,5,22,52,69,32,6,71"/><W21/><G32/><T96/><D73/><U78/><E70/><N who="3" m="26634" /><G113/><T104/><D39/><U84/><E37/><V34/><F107/><W121/><G121/><T102/><D128/><U48/><E130/><V38/><F94/><W64/><G64/><T15/><D115/><U118/><E118/><V93/><F93/><W1/><G6/><N who="0" m="3543" /><D104/><U114/><E98/><V127/><F67/><W116/><G116/><T99/><D102/><U91/><E114/><V36/><F38/><W18/><G22/><T17/><D30/><U77/><E84/><V75/><F36/><W7/><G7/><T122/><D122/><U16/><E3/><N who="3" m="1098" /><G5/><T101/><D101/><U79/><E11/><V110/><F8/><W124/><G124/><T87/><D87/><U82/><E82/><V117/><F83/><W120/><G120/><T100/><D100/><U131/><E131/><V57/><F129/><W40/><G40/><N who="0" m="25063" /><D86/><U62/><E48/><V66/><F75/><W125/><G125/><T106/><D106/><U13/><E13/><AGARI ba="1,0" hai="13,17,20,89,92,96,97,99" m="25063,3543" machi="13" ten="30,1000,0" yaku="8,1" doraHai="50" who="0" fromWho="1" sc="279,13,195,-13,312,0,214,0" owari="292,9.0,182,-32.0,312,42.0,214,-19.0" /></mjloggm>