<mjloggm ver="2.3"><GO type="169" lobby="0"/><UN n0="%7A%68%6B%64%73%68%67%79" n1="%E3%83%88%E3%83%88%E3%83%AA%E5%85%88%E7%94%9F%31%39%E6%AD%B3" n2="%E3%81%AE%E3%81%86%E3%81%AA%E3%82%81%E3%82%8D%E3%82%93" n3="%E6%B0%B4%E6%9C%AC%E3%82%86%E3%81%8B%E3%82%8A" dan="17,18,16,16" rate="2171.33,2203.59,2119.13,2062.30" sx="F,F,M,F"/><TAIKYOKU oya="0"/><INIT seed="0,0,0,0,3,4" ten="250,250,250,250" oya="0" hai0="95,35,18,40,97,21,87,28,122,62,129,84,61" hai1="78,126,17,111,7,52,34,27,90,88,123,65,30" hai2="117,116,55,68,39,125,110,3,25,12,31,124,76" hai3="115,41,83,92,38,47,71,67,50,102,108,70,118"/><T91/><D122/><U93/><E123/><V99/><F68/><W56/><G115/><T101/><D129/><U114/><E114/><V9/><F39/><W37/><G102/><T94/><D40/><U15/><E111/><V63/><F76/><W104/><G104/><T105/><D28/><U106/><E106/><V69/><F99/><W127/><G92/><T57/><D35/><U107/><E107/><V11/><F110/><W82/><G82/><T29/><D29/><U81/><E126/><N who="2" m="48747" /><F3/><W16/><G108/><T20/><D57/><U43/><E7/><V44/><F44/><W13/><G118/><N who="2" m="45673" /><F12/><W73/><G127/><T131/><D131/><U54/><E65/><N who="2" m="41151" /><F55/><W5/><G5/><T6/><D6/><U14/><E43/><V24/><F24/><W36/><G56/><T8/><D105/><U66/><E15/><V0/><F0/><W19/><G67/><T79/><D62/><U85/><E66/><V72/><F72/><W64/><G64/><T134/><D61/><U98/><REACH who="1" step="1"/><E78/><REACH who="1" ten="250,240,250,250" step="2"/><V89/><F89/><W46/><G41/><T135/><D79/><U53/><E53/><V58/><F58/><W42/><G13/><N who="0" m="7463" /><D87/><U2/><E2/><V113/><F113/><W133/><G38/><T75/><D75/><U100/><E100/><V48/><F48/><W109/><G37/><T74/><D74/><U60/><E60/><V103/><F103/><W33/><G109/><T121/><D121/><U51/><E51/><V22/><AGARI ba="0,1" hai="9,11,22,25,31" m="41151,45673,48747" machi="22" ten="30,7900,0" yaku="18,1,12,1,52,2" doraHai="4" who="2" fromWho="2" sc="250,-39,240,-20,250,89,250,-20" /><INIT seed="1,0,0,1,4,39" ten="211,220,339,230" oya="1" hai0="112,93,20,76,22,100,67,17,115,103,59,8,134" hai1="104,72,33,31,83,54,129,73,43,116,120,9,95" hai2="1,91,40,86,121,21,69,70,15,132,6,62,123" hai3="111,51,24,122,135,133,41,37,87,47,118,25,2"/><U19/><E116/><V68/><F132/><N who="3" m="50763" /><G2/><T30/><D134/><U28/><E120/><V128/><F128/><W85/><G122/><T88/><D76/><U113/><E113/><V55/><F1/><W26/><G111/><T0/><D115/><U45/><E104/><V94/><F62/><W107/><G107/><T36/><D36/><U109/><E129/><V32/><F32/><W5/><G5/><T64/><D112/><U7/><E109/><V61/><F61/><W29/><G118/><T23/><D30/><U60/><E19/><V126/><F55/><W53/><G29/><T79/><D79/><U65/><E54/><V99/><F126/><W11/><G11/><T96/><D0/><N who="1" m="231" /><E95/><V127/><F127/><W101/><G101/><N who="0" m="38987" /><D59/><AGARI ba="0,0" hai="24,25,26,37,41,47,51,53,59,85,87" m="50763" machi="59" ten="30,2000,0" yaku="20,1,52,1" doraHai="39" who="3" fromWho="0" sc="211,-20,220,0,339,0,230,20" /><INIT seed="2,0,0,0,2,60" ten="191,220,339,250" oya="2" hai0="42,73,50,15,2,1,80,35,19,75,85,120,110" hai1="0,132,14,8,109,57,101,11,43,39,69,30,6" hai2="124,70,65,78,115,105,102,17,118,114,16,81,96" hai3="29,62,94,31,25,117,126,82,28,116,79,88,71"/><V5/><F118/><W53/><G25/><T37/><D120/><U123/><E69/><V68/><F124/><W111/><G126/><T87/><D35/><U67/><E123/><V119/><F119/><W38/><G38/><T51/><D110/><U22/><E109/><V64/><F5/><W134/><G111/><T4/><D37/><U106/><E132/><V12/><F68/><W95/><G134/><T54/><D42/><U20/><E30/><V47/><F47/><W128/><G95/><T7/><D19/><U9/><E9/><V66/><F70/><W52/><G128/><T129/><D80/><U74/><E74/><V131/><F131/><W89/><G116/><T61/><D61/><U127/><E127/><V13/><F13/><W58/><G71/><T26/><D26/><U76/><E76/><V33/><F33/><W122/><G122/><T125/><D125/><U97/><E43/><V3/><F3/><W10/><G10/><T18/><D18/><U113/><E39/><V36/><F36/><W86/><G117/><T133/><D15/><U91/><E113/><V100/><F100/><W121/><G121/><T24/><D24/><U45/><E101/><V107/><F107/><W41/><G41/><T34/><D34/><U72/><E106/><V108/><F17/><W135/><G135/><T92/><D133/><U83/><E0/><V77/><F108/><W32/><G32/><T46/><D129/><U84/><E14/><V90/><F90/><N who="3" m="34923" /><G94/><T27/><D92/><U40/><E6/><V59/><F114/><W104/><G104/><T21/><D2/><RYUUKYOKU ba="0,0" sc="191,-10,220,-10,339,-10,250,30" hai3="28,29,31,52,53,58,62,79,82,86" /><INIT seed="3,1,0,4,1,132" ten="181,210,329,280" oya="3" hai0="122,126,25,91,41,8,96,77,37,125,54,42,84" hai1="50,117,99,121,40,33,62,133,35,9,7,70,102" hai2="95,56,129,20,17,110,87,134,45,112,59,100,21" hai3="128,18,89,2,114,34,79,44,71,103,83,124,47"/><W76/><G114/><T61/><D122/><U81/><E121/><V60/><F112/><W85/><G71/><T86/><D8/><U10/><E133/><V63/><F110/><W53/><G34/><T3/><D3/><U4/><E117/><V57/><F134/><W14/><G2/><T135/><D135/><U52/><E40/><N who="0" m="15465" /><D37/><U116/><E116/><V31/><F45/><N who="3" m="17483" /><G128/><T15/><D15/><U97/><E81/><V120/><F129/><W49/><G103/><T106/><D77/><U39/><E39/><V115/><F115/><W90/><G79/><T119/><D119/><U109/><E109/><V19/><F31/><W130/><G130/><T78/><D78/><U104/><E70/><V66/><F120/><W101/><G101/><T26/><D106/><U107/><E102/><V6/><F6/><W74/><G74/><T123/><D123/><U88/><E62/><V68/><F100/><W55/><G14/><T43/><D43/><U58/><E107/><V36/><F36/><W5/><G5/><N who="1" m="2122" /><E104/><V29/><F63/><W118/><G118/><T65/><D54/><U94/><E35/><V131/><F131/><W75/><G55/><T67/><D96/><N who="1" m="36939" /><E33/><V28/><F60/><W64/><G75/><T24/><D61/><U27/><E27/><V92/><F68/><W48/><G83/><N who="0" m="49567" /><D86/><AGARI ba="1,0" hai="9,10,50,52,58,86,88,94" m="36939,2122" machi="86" ten="30,3900,0" yaku="8,1,54,2" doraHai="132" who="1" fromWho="0" sc="181,-42,210,42,329,0,280,0" /><INIT seed="4,0,0,2,0,56" ten="139,252,329,280" oya="0" hai0="116,79,25,105,21,64,17,131,73,83,113,9,132" hai1="39,15,70,97,103,90,126,78,30,50,14,18,127" hai2="63,12,31,111,101,6,45,81,112,42,133,85,54" hai3="107,10,38,82,86,52,5,0,53,129,44,122,55"/><T1/><D116/><U22/><E39/><V100/><F111/><W110/><G107/><T98/><D113/><U66/><E78/><V46/><F133/><W40/><G110/><T4/><D132/><U115/><E115/><V26/><F112/><W123/><REACH who="3" step="1"/><G129/><REACH who="3" ten="139,252,329,270" step="2"/><T61/><D131/><U20/><E126/><V74/><F74/><W108/><G108/><T130/><D130/><U93/><E127/><V109/><F109/><W76/><AGARI ba="0,1" hai="0,5,10,38,40,44,52,53,55,76,82,86,122,123" machi="76" ten="30,4000,0" yaku="1,1,0,1,54,1,53,0" doraHai="56" doraHaiUra="91" who="3" fromWho="3" sc="139,-20,252,-10,329,-10,270,50" /><INIT seed="5,0,0,3,0,76" ten="119,242,319,320" oya="1" hai0="60,73,113,129,117,92,89,7,120,3,36,55,49" hai1="24,33,26,87,124,68,106,35,82,59,69,104,78" hai2="116,34,96,20,53,29,62,88,37,43,11,102,9" hai3="103,108,77,86,39,14,8,16,118,79,17,52,22"/><U47/><E124/><V75/><F116/><W4/><G108/><T70/><D117/><U125/><E125/><V98/><F34/><W28/><G39/><T74/><D36/><U54/><E47/><V40/><F75/><W50/><G103/><T71/><D113/><U67/><E35/><V99/><F102/><W134/><G134/><T0/><D129/><U93/><E67/><V84/><F62/><W85/><G28/><T44/><D120/><U109/><E109/><V83/><F53/><W81/><G118/><T111/><D111/><U58/><E58/><V15/><F37/><W115/><G115/><T6/><D0/><U41/><E41/><N who="2" m="15947" /><F15/><W130/><G130/><T121/><D121/><U56/><E56/><V95/><F95/><W127/><G127/><T112/><D112/><U32/><E32/><V101/><F101/><W30/><G30/><T90/><D3/><U61/><E33/><V135/><F135/><W12/><G4/><T119/><D119/><U126/><E126/><V42/><F42/><W100/><G100/><T131/><D131/><U38/><E38/><V1/><F1/><W105/><G105/><T132/><D74/><U110/><E110/><V66/><F66/><W45/><G79/><T64/><D73/><AGARI ba="0,0" hai="8,12,14,16,17,22,45,50,52,73,77,81,85,86" machi="73" ten="30,7700,0" yaku="7,1,52,1,54,2" doraHai="76" who="3" fromWho="0" sc="119,-77,242,0,319,0,320,77" /><INIT seed="6,0,0,2,0,95" ten="42,242,319,397" oya="2" hai0="11,115,109,18,42,47,61,126,84,122,59,76,20" hai1="1,132,114,131,121,102,134,21,7,75,58,41,135" hai2="13,35,8,44,96,63,36,39,54,74,51,128,94" hai3="101,3,71,48,6,67,120,111,0,93,22,60,107"/><V9/><F74/><W77/><G111/><T37/><D109/><U127/><E75/><V64/><F35/><W65/><G65/><T125/><D122/><U15/><E121/><V73/><F73/><W117/><G77/><T92/><D115/><U46/><E114/><V69/><F128/><W97/><G117/><T99/><D11/><N who="1" m="2543" /><E58/><V50/><F50/><W34/><G6/><T119/><D119/><U85/><E85/><V91/><REACH who="2" step="1"/><F8/><REACH who="2" ten="42,242,309,397" step="2"/><W12/><G34/><T123/><D123/><U2/><E131/><V130/><F130/><W57/><G120/><T72/><D72/><U49/><E49/><V133/><F133/><W5/><G48/><T27/><D84/><U14/><E134/><V19/><AGARI ba="0,1" hai="9,13,19,36,39,44,51,54,63,64,69,91,94,96" machi="19" ten="20,7800,0" yaku="1,1,0,1,7,1,52,1,53,0" doraHai="95" doraHaiUra="124" who="2" fromWho="2" sc="42,-26,242,-26,309,88,397,-26" /><INIT seed="6,1,0,0,0,45" ten="16,216,397,371" oya="2" hai0="26,25,126,30,50,69,5,105,102,54,81,43,9" hai1="67,7,40,106,65,37,93,20,114,19,124,133,3" hai2="117,116,87,42,111,17,31,131,83,118,63,22,130" hai3="91,8,61,129,15,34,119,88,0,96,94,109,104"/><V53/><F31/><W108/><G0/><T49/><D69/><U76/><E106/><V32/><F32/><W36/><G34/><T12/><D126/><U39/><E124/><V55/><F42/><W46/><G119/><T51/><D43/><U85/><E114/><V62/><F111/><W98/><G129/><N who="2" m="49161" /><F62/><W10/><G61/><T99/><D81/><U68/><E133/><V11/><F11/><W100/><G91/><T75/><D75/><U89/><E68/><V41/><F41/><W84/><G10/><T122/><D122/><U57/><E76/><N who="2" m="46567" /><F63/><W125/><G125/><T101/><D101/><U24/><E7/><V59/><F59/><W135/><G135/><T47/><REACH who="0" step="1"/><D26/><AGARI ba="1,0" hai="17,22,26,53,55,116,117,118" m="46567,49161" machi="26" ten="40,2000,0" yaku="19,1" doraHai="45" who="2" fromWho="0" sc="16,-23,216,0,397,23,371,0" owari="-7,-51.0,216,-18.0,420,52.0,371,17.0" /></mjloggm>