<mjloggm ver="2.3"><GO type="225" lobby="0"/><UN n0="%E8%B6%B3%E3%81%AE%E8%B8%8F%E3%81%BF%E5%A0%B4%E3%82%82%E3%81%AA%E3%81%84" n1="%E3%82%A6%E3%82%A3%E3%83%B3%44" n2="%E9%AC%BC%E7%95%9C%E6%88%A6%E5%A3%AB" n3="%E5%B0%B1%E6%B4%BB%E7%94%9F%40%E5%B7%9D%E6%9D%91%E8%BB%8D%E5%9B%A3" dan="16,16,16,17" rate="2121.95,2175.94,2069.20,2226.75" sx="M,M,M,M"/><TAIKYOKU oya="0"/><INIT seed="0,0,0,5,0,35" ten="250,250,250,250" oya="0" hai0="2,72,1,119,109,124,24,16,107,115,32,18,41" hai1="30,6,112,123,62,64,76,84,19,97,39,134,88" hai2="91,111,71,48,26,101,117,126,37,114,52,17,120" hai3="121,46,53,81,38,56,102,23,61,4,131,49,3"/><T63/><D107/><U29/><E123/><V69/><F120/><W50/><G121/><T133/><D72/><U66/><E39/><V36/><F114/><W28/><G131/><T116/><D41/><U8/><E134/><V103/><F111/><W67/><G38/><T60/><D133/><U130/><E130/><V89/><F126/><W98/><G81/><T118/><D115/><U47/><E112/><V51/><F26/><W99/><G50/><T125/><D109/><U80/><E47/><V78/><F17/><N who="0" m="6762" /><D60/><U96/><E19/><V14/><F14/><W122/><G122/><T40/><D40/><U82/><E64/><V100/><F78/><W44/><G44/><T42/><D42/><U129/><E129/><V104/><F101/><W45/><G45/><T70/><D63/><U31/><E80/><V54/><REACH who="2" step="1"/><F117/><REACH who="2" ten="250,250,240,250" step="2"/><W65/><G102/><T59/><D70/><U85/><E76/><V21/><F21/><W73/><G73/><T12/><D12/><U92/><E92/><V108/><F108/><W113/><G113/><T7/><D7/><U132/><E132/><V58/><F58/><W105/><G105/><AGARI ba="0,1" hai="36,37,48,51,52,54,69,71,89,91,100,103,104,105" machi="105" ten="25,6400,0" yaku="1,1,22,2,54,1,53,0" doraHai="35" doraHaiUra="43" who="2" fromWho="3" sc="250,0,250,0,240,74,250,-64" /><INIT seed="1,0,0,0,4,114" ten="250,250,314,186" oya="1" hai0="91,96,107,86,65,93,135,115,34,51,11,30,125" hai1="4,102,132,108,109,48,105,64,99,55,36,113,41" hai2="33,49,17,52,57,94,67,69,60,129,95,19,92" hai3="38,110,8,116,76,134,78,66,98,54,32,59,70"/><U20/><E113/><V100/><F33/><W124/><G32/><T40/><D115/><U126/><E126/><V56/><F129/><W97/><G124/><T87/><D125/><U81/><E132/><V73/><F73/><W133/><G38/><T71/><D135/><N who="3" m="51721" /><G110/><N who="1" m="42602" /><E64/><V16/><REACH who="2" step="1"/><F100/><REACH who="2" ten="250,250,304,186" step="2"/><W111/><G111/><T28/><D34/><U63/><E63/><V14/><F14/><W43/><G43/><T103/><D40/><U122/><E122/><V27/><F27/><W15/><G116/><T130/><D130/><U3/><E41/><V89/><F89/><W84/><G66/><T123/><D65/><U35/><E35/><V44/><AGARI ba="0,1" hai="16,17,19,44,49,52,56,57,60,67,69,92,94,95" machi="44" ten="30,7900,0" yaku="1,1,0,1,54,2,53,0" doraHai="114" doraHaiUra="0" who="2" fromWho="2" sc="250,-20,250,-39,304,89,186,-20" /><INIT seed="2,0,0,1,5,128" ten="230,211,393,166" oya="2" hai0="107,30,95,78,26,59,130,56,80,51,82,117,36" hai1="94,47,65,106,25,132,6,62,49,124,9,8,91" hai2="109,105,111,93,108,1,104,76,17,29,39,98,74" hai3="101,113,33,83,72,53,99,114,45,129,2,61,43"/><V66/><F39/><W71/><G33/><T4/><D107/><U55/><E106/><V42/><F1/><W7/><G129/><T100/><D36/><U112/><E112/><V41/><F29/><W60/><G53/><T18/><D130/><U38/><E124/><V131/><F131/><W14/><G14/><T54/><D4/><U85/><E38/><V84/><F66/><W12/><G12/><T79/><D117/><U121/><E121/><V0/><F0/><W15/><G15/><T58/><D18/><U88/><E6/><V73/><F17/><W24/><G24/><T77/><D100/><U22/><E91/><N who="2" m="55615" /><F42/><W97/><G97/><T28/><D95/><U110/><E132/><V68/><F41/><W96/><G96/><T123/><D123/><U11/><E110/><V44/><F44/><W103/><G103/><T52/><D51/><U116/><E116/><V115/><F68/><W20/><G20/><T40/><D40/><U37/><E37/><V10/><F10/><W34/><G34/><T63/><D63/><U27/><REACH who="1" step="1"/><E22/><REACH who="1" ten="230,201,393,166" step="2"/><V135/><F135/><W35/><G35/><T57/><N who="0" m="14336" /><DORA hai="87" /><T133/><D133/><U126/><E126/><V122/><F115/><W119/><G119/><T118/><D118/><U31/><E31/><V13/><F122/><W16/><G7/><T70/><D30/><U46/><E46/><V67/><F111/><W23/><G2/><T92/><D28/><U21/><E21/><V48/><F109/><W125/><G125/><T120/><D120/><U89/><E89/><V69/><F108/><W127/><G127/><RYUUKYOKU ba="0,1" sc="230,-10,201,30,393,-10,166,-10" hai1="8,9,11,25,27,47,49,55,62,65,85,88,94" /><INIT seed="3,1,1,2,5,98" ten="220,231,383,156" oya="3" hai0="66,89,37,87,78,49,83,73,2,92,107,85,5" hai1="11,111,60,12,55,50,127,25,44,130,109,105,10" hai2="116,13,0,4,36,67,132,7,123,51,113,64,126" hai3="42,81,133,80,120,46,121,47,71,69,101,22,58"/><W88/><G133/><T1/><D66/><U135/><E105/><V129/><F0/><W96/><G120/><T72/><D49/><U79/><E127/><V38/><F113/><W53/><G121/><T100/><D37/><U131/><E79/><V82/><F123/><W75/><G69/><T8/><REACH who="0" step="1"/><D1/><REACH who="0" ten="210,231,383,156" step="2"/><U40/><E135/><V24/><F51/><N who="3" m="31039" /><G71/><T19/><D19/><U117/><E117/><V118/><F36/><W115/><G75/><T43/><D43/><U99/><E40/><V31/><F38/><W77/><G115/><T23/><D23/><U74/><E74/><V52/><F116/><W21/><G77/><T6/><D6/><N who="1" m="3159" /><E11/><V70/><F132/><W57/><G57/><T90/><D90/><U124/><E124/><V41/><F126/><W29/><G29/><T134/><D134/><U20/><E60/><V54/><F31/><W62/><G62/><T56/><D56/><U114/><E114/><V65/><F118/><W76/><G76/><T35/><D35/><U104/><E130/><V39/><F70/><W63/><G63/><T9/><D9/><U34/><E34/><V30/><F39/><W108/><G108/><T102/><D102/><N who="1" m="62559" /><E131/><V106/><F129/><W18/><G22/><T94/><D94/><U16/><E111/><V122/><F122/><W84/><G80/><T95/><D95/><U26/><E109/><V45/><F82/><W32/><G32/><T3/><D3/><U97/><E97/><AGARI ba="1,2" hai="2,5,8,72,73,78,83,85,87,89,92,97,100,107" machi="97" ten="40,2600,0" yaku="1,1,52,1,53,0" doraHai="98" doraHaiUra="119" who="0" fromWho="1" sc="210,49,231,-29,383,0,156,0" owari="259,6.0,202,-20.0,383,48.0,156,-34.0" /></mjloggm>