<mjloggm ver="2.3"><GO type="169" lobby="0"/><UN n0="%E5%B0%B1%E6%B4%BB%E7%94%9F%40%E5%B7%9D%E6%9D%91%E8%BB%8D%E5%9B%A3" n1="%4A%61%6E%2D%4D%61%63%68" n2="%E3%81%B3%E3%82%93%E3%81%B3%E3%82%93" n3="%E3%81%86%E3%81%91%E3%81%AA%E3%81%8C%E3%81%99%E3%81%9C" dan="17,17,16,17" rate="2243.63,2193.97,2122.78,2187.89" sx="M,M,M,F"/><TAIKYOKU oya="0"/><INIT seed="0,0,0,2,0,102" ten="250,250,250,250" oya="0" hai0="38,113,95,101,6,118,48,74,33,105,79,70,123" hai1="60,126,88,49,35,97,107,51,63,90,108,40,0" hai2="103,2,75,92,26,3,111,133,39,31,25,59,85" hai3="15,72,120,116,71,125,69,52,13,28,45,27,36"/><T1/><RYUUKYOKU type="yao9" ba="0,0" sc="250,0,250,0,250,0,250,0" hai0="1,6,33,38,48,70,74,79,95,101,105,113,118,123" /><INIT seed="0,1,0,1,3,47" ten="250,250,250,250" oya="0" hai0="65,7,66,48,8,104,80,98,9,99,67,63,69" hai1="37,101,33,86,39,14,75,32,135,64,29,71,88" hai2="108,21,103,44,40,93,26,115,58,43,42,128,49" hai3="116,28,54,10,19,107,130,74,16,124,110,96,45"/><T94/><D104/><U91/><E75/><V51/><F115/><W119/><G74/><T72/><D98/><U2/><E2/><V23/><F108/><W132/><G110/><T126/><D126/><U123/><E123/><V18/><F128/><W125/><G130/><T12/><D9/><U122/><E122/><V89/><F103/><W83/><G28/><T27/><D27/><U114/><E101/><V36/><F36/><W112/><G112/><T78/><REACH who="0" step="1"/><D48/><REACH who="0" ten="240,250,250,250" step="2"/><U131/><E131/><V62/><F51/><N who="3" m="29039" /><G96/><T25/><D25/><U30/><E114/><V92/><F23/><W120/><G107/><T87/><D87/><U31/><E86/><N who="2" m="52279" /><F93/><W85/><G120/><T17/><D17/><U102/><E37/><V34/><F34/><W134/><G19/><T24/><D24/><U95/><E39/><V22/><F22/><W55/><G16/><T90/><AGARI ba="1,1" hai="7,8,12,63,65,66,67,69,72,78,80,90,94,99" machi="90" ten="20,7800,0" yaku="1,1,0,1,7,1,53,1" doraHai="47" doraHaiUra="11" who="0" fromWho="0" sc="240,91,250,-27,250,-27,250,-27" /><INIT seed="0,2,0,0,2,31" ten="331,223,223,223" oya="0" hai0="134,24,124,44,69,109,0,83,106,6,64,97,122" hai1="79,78,46,107,32,48,7,103,96,66,93,135,112" hai2="52,40,116,75,129,77,128,67,56,91,58,71,63" hai3="108,57,125,121,94,42,9,29,68,54,39,28,36"/><T37/><D122/><U104/><E112/><V51/><F75/><W5/><G121/><T84/><D124/><U130/><E135/><V26/><F77/><W95/><G68/><T132/><D0/><U131/><E7/><V18/><F18/><W114/><G114/><T92/><D106/><N who="1" m="40491" /><E66/><V60/><F91/><W100/><G108/><T117/><D117/><U34/><E78/><V65/><F26/><W98/><G125/><T88/><D109/><U45/><E79/><V53/><F116/><W119/><G119/><T59/><D6/><U110/><E110/><V27/><F27/><W13/><G39/><T123/><D123/><U90/><E90/><V30/><F30/><W55/><G95/><T12/><D69/><U80/><E80/><V72/><F72/><W10/><G9/><T133/><D12/><U38/><E38/><V33/><F33/><N who="1" m="12905" /><E48/><N who="2" m="30727" /><F40/><W85/><G5/><T126/><D126/><U14/><E14/><V8/><F8/><W120/><G10/><T81/><D24/><U23/><E23/><V19/><F19/><W74/><G13/><T35/><D35/><U89/><E89/><V101/><F101/><W113/><G100/><T3/><D3/><U43/><E43/><V111/><F111/><W20/><G42/><N who="0" m="22607" /><D84/><U62/><E62/><AGARI ba="2,0" hai="59,62,64,81,83,88,92,97,132,133,134" m="22607" machi="62" ten="30,2900,0" yaku="20,1,54,1" doraHai="31" who="0" fromWho="1" sc="331,35,223,-35,223,0,223,0" /><INIT seed="0,3,0,3,2,130" ten="366,188,223,223" oya="0" hai0="67,40,39,30,72,68,14,8,93,5,92,60,1" hai1="78,84,111,10,75,19,76,34,91,118,122,121,12" hai2="53,123,74,131,51,101,0,47,42,127,69,99,102" hai3="64,77,44,41,124,117,48,88,94,80,120,29,103"/><T63/><D72/><U108/><E34/><V100/><F74/><W106/><G117/><T89/><D30/><U55/><E75/><V49/><F69/><W52/><G124/><T129/><D129/><U22/><E118/><V87/><F0/><W43/><G120/><T96/><D63/><U36/><E36/><V56/><F123/><N who="1" m="47113" /><E55/><V4/><F4/><W54/><G64/><T95/><D39/><U110/><E10/><V85/><F127/><W24/><G106/><T133/><D40/><U125/><E125/><V35/><F35/><W31/><G103/><T28/><D28/><U116/><E116/><V97/><F131/><W105/><G105/><T109/><D109/><N who="1" m="27907" /><U126/><DORA hai="16" /><E126/><V115/><F115/><W38/><G43/><T6/><D6/><U98/><E98/><AGARI ba="3,0" hai="42,47,49,51,53,56,85,87,97,98,99,100,101,102" machi="98" ten="40,1300,0" yaku="8,1" doraHai="130,16" who="2" fromWho="1" sc="366,0,188,-22,223,22,223,0" /><INIT seed="1,0,0,2,2,52" ten="366,166,245,223" oya="1" hai0="106,27,85,54,82,87,79,91,2,39,127,15,61" hai1="76,121,51,0,46,43,116,23,103,53,55,30,95" hai2="28,133,75,112,90,35,99,8,88,70,12,78,104" hai3="56,131,96,34,26,3,33,102,40,13,94,73,113"/><U17/><E0/><V60/><F133/><W119/><G113/><T65/><D2/><U128/><E121/><V18/><F112/><W19/><G119/><T83/><D39/><U101/><E128/><V111/><F78/><W134/><G3/><T25/><D106/><U81/><E30/><V21/><F21/><W57/><G134/><T108/><D108/><U124/><E124/><V36/><F36/><W110/><G73/><T84/><D84/><N who="1" m="48167" /><E116/><V72/><F72/><W50/><G110/><T1/><D1/><U135/><E135/><V4/><F18/><W42/><G131/><T130/><D130/><U64/><E64/><N who="2" m="41223" /><F75/><W14/><G33/><T29/><D127/><U68/><E68/><V7/><F7/><W6/><G6/><T107/><D107/><U92/><E55/><V120/><F120/><W77/><G77/><T44/><D15/><N who="3" m="5641" /><G34/><T58/><D29/><U118/><E43/><N who="3" m="16426" /><G50/><AGARI ba="0,0" hai="25,27,44,50,54,58,61,65,79,82,83,85,87,91" machi="50" ten="40,2600,0" yaku="8,1,52,1" doraHai="52" who="0" fromWho="3" sc="366,26,166,0,245,0,223,-26" /><INIT seed="2,0,0,0,2,18" ten="392,166,245,197" oya="2" hai0="129,42,65,7,0,59,58,104,96,14,81,133,23" hai1="43,6,73,97,32,107,48,64,39,35,36,54,115" hai2="74,27,102,9,79,1,71,99,84,108,12,25,45" hai3="118,89,60,103,106,26,132,85,121,51,34,93,52"/><V128/><F74/><W117/><G121/><T110/><D0/><U49/><E73/><V75/><F75/><W20/><G34/><T53/><D110/><U50/><E115/><V122/><F71/><W83/><G132/><T72/><D42/><U119/><E119/><V5/><F122/><W67/><G106/><T95/><D104/><U124/><E54/><V126/><F126/><W29/><G103/><T38/><D38/><U109/><E64/><V76/><F128/><W16/><G83/><T123/><D123/><U94/><E107/><V87/><F45/><W3/><G3/><T125/><D65/><U62/><E62/><V28/><F1/><W22/><G67/><T116/><D59/><U69/><E6/><V78/><F108/><W44/><G60/><T127/><D133/><U100/><E69/><V15/><F15/><AGARI ba="0,0" hai="15,16,20,22,26,29,44,51,52,85,89,93,117,118" machi="15" ten="30,8000,1" yaku="7,1,52,2,54,2" doraHai="18" who="3" fromWho="2" sc="392,0,166,0,245,-80,197,80" /><INIT seed="3,0,0,0,2,73" ten="392,166,165,277" oya="3" hai0="113,86,44,89,65,47,19,81,64,45,80,4,98" hai1="28,36,10,125,0,75,100,108,135,104,5,68,43" hai2="3,60,9,20,119,27,30,72,71,90,25,123,52" hai3="83,132,2,78,67,38,70,97,40,11,96,29,55"/><W85/><G132/><T124/><D124/><U106/><E135/><V58/><F119/><W49/><G29/><T129/><D129/><U59/><E59/><V50/><F72/><W35/><G35/><T92/><D113/><U112/><E125/><V74/><F74/><W37/><G37/><T127/><D127/><U42/><E42/><V21/><F123/><W115/><G115/><T13/><D4/><U121/><E121/><V24/><F90/><W131/><G131/><T130/><D130/><U46/><E100/><V69/><F25/><W51/><G51/><T133/><D133/><U118/><E118/><V15/><F3/><W62/><G2/><T34/><D34/><U56/><E56/><V103/><F103/><W32/><G32/><T84/><D84/><U126/><E28/><V94/><F94/><W111/><G111/><T122/><D81/><U8/><E8/><V23/><F50/><W57/><REACH who="3" step="1"/><G11/><REACH who="3" ten="392,166,165,267" step="2"/><N who="0" m="6591" /><D122/><U128/><E128/><V39/><F39/><W17/><G17/><T18/><D18/><U33/><E33/><V102/><F23/><W14/><G14/><T48/><D48/><U88/><E108/><V95/><F15/><W110/><G110/><T87/><D87/><U120/><E75/><V26/><F9/><W31/><G31/><T12/><D12/><U66/><E112/><V6/><F30/><W93/><G93/><T116/><D116/><U41/><E126/><V77/><F95/><W105/><G105/><T99/><D99/><U7/><E0/><V76/><F21/><W101/><G101/><AGARI ba="0,1" hai="44,45,47,64,65,80,86,89,92,98,101" m="6591" machi="101" ten="30,1000,0" yaku="8,1" doraHai="73" who="0" fromWho="3" sc="392,20,166,0,165,0,267,-10" /><INIT seed="4,0,0,5,2,74" ten="412,166,165,257" oya="0" hai0="104,22,66,91,84,0,67,63,126,8,24,75,29" hai1="4,62,70,109,94,25,77,80,61,127,89,9,55" hai2="3,56,54,36,114,76,93,99,13,57,101,50,34" hai3="42,37,88,95,43,119,81,103,90,23,65,20,135"/><T58/><D75/><U30/><E109/><V10/><F3/><W21/><G119/><T35/><D104/><U113/><E127/><V87/><F34/><W79/><G135/><T106/><D106/><U31/><E113/><V125/><F36/><W72/><G65/><T69/><D126/><U68/><E30/><V108/><F108/><W112/><G112/><T47/><D47/><U40/><E40/><V110/><F110/><W28/><G28/><T53/><D35/><U98/><E61/><V26/><F26/><W129/><G129/><T117/><D117/><U12/><E62/><V6/><F125/><W133/><G133/><T38/><D38/><U128/><E55/><V33/><F33/><W118/><G118/><T39/><D39/><U64/><E64/><V16/><F114/><W86/><G103/><T111/><D111/><U15/><E15/><V97/><F97/><W122/><G122/><T60/><D8/><U107/><E107/><V85/><F6/><W27/><G37/><T52/><REACH who="0" step="1"/><D0/><REACH who="0" ten="402,166,165,257" step="2"/><U131/><E128/><V102/><F10/><W45/><G45/><T51/><D51/><U7/><E131/><V32/><F50/><W2/><G2/><T78/><D78/><U48/><E48/><V82/><F32/><W105/><G105/><T73/><D73/><N who="1" m="43055" /><E7/><V5/><F5/><W44/><G44/><T19/><D19/><U100/><E100/><V14/><F102/><W134/><G134/><T59/><D59/><N who="2" m="22602" /><F16/><N who="3" m="12679" /><G72/><T46/><D46/><U41/><E41/><V130/><F130/><W120/><G43/><T1/><D1/><U92/><E4/><RYUUKYOKU ba="0,1" sc="402,30,166,-10,165,-10,257,-10" hai0="22,24,29,52,53,58,60,63,66,67,69,84,91" /><INIT seed="4,1,1,1,4,26" ten="432,156,155,247" oya="0" hai0="66,113,132,35,1,44,47,49,23,27,33,25,78" hai1="97,14,52,24,62,61,58,10,55,85,94,67,75" hai2="12,88,127,63,51,8,18,89,125,73,84,72,102" hai3="6,99,115,117,16,50,11,45,37,109,130,39,96"/><T0/><D113/><U77/><E75/><V133/><F133/><W22/><G109/><T114/><D114/><U81/><E61/><V135/><F135/><W80/><G115/><T122/><D122/><U119/><E119/><V19/><F102/><W69/><G117/><T32/><D132/><U7/><REACH who="1" step="1"/><E24/><REACH who="1" ten="432,146,155,247" step="2"/><V28/><F73/><W5/><G69/><T43/><D27/><U91/><AGARI ba="1,2" hai="7,10,14,52,55,58,62,67,77,81,85,91,94,97" machi="91" ten="20,12000,2" yaku="1,1,2,1,0,1,7,1,8,1,54,1,53,0" doraHai="26" doraHaiUra="17" who="1" fromWho="1" sc="432,-61,146,143,155,-31,247,-31" /><INIT seed="5,0,0,4,5,26" ten="371,289,124,216" oya="1" hai0="130,29,69,133,31,1,66,3,90,51,129,46,87" hai1="128,82,70,116,85,9,117,101,7,68,100,42,83" hai2="131,92,65,27,98,73,38,20,44,36,41,81,39" hai3="80,99,64,88,97,12,17,84,74,75,5,11,118"/><U43/><E85/><V2/><F131/><N who="0" m="50186" /><D133/><U91/><E128/><V132/><F132/><W109/><G109/><T57/><D69/><U67/><E9/><V111/><F111/><W6/><G118/><T94/><D57/><U127/><E7/><V8/><F65/><W123/><G123/><T54/><D66/><U89/><REACH who="1" step="1"/><E67/><REACH who="1" ten="371,279,124,216" step="2"/><V105/><F8/><W120/><G6/><T135/><D135/><U108/><E108/><V37/><F73/><W102/><G75/><T113/><D113/><U60/><E60/><V47/><F81/><W4/><G74/><T49/><D49/><U24/><E24/><V52/><F39/><W19/><G5/><T61/><D61/><U79/><E79/><V124/><F38/><W121/><G64/><T30/><AGARI ba="0,1" hai="1,3,29,30,31,46,51,54,87,90,94" m="50186" machi="30" ten="30,7900,0" yaku="19,1,52,3" doraHai="26" who="0" fromWho="0" sc="371,89,279,-39,124,-20,216,-20" /><INIT seed="6,0,0,1,3,18" ten="460,240,104,196" oya="2" hai0="75,123,94,41,59,17,118,135,0,24,28,8,72" hai1="51,100,23,111,89,127,32,96,22,46,55,110,35" hai2="42,88,37,74,43,90,50,4,122,34,112,70,109" hai3="58,61,53,67,115,92,76,12,104,60,33,132,85"/><V98/><F37/><W49/><G104/><T117/><D123/><U116/><E116/><N who="0" m="44649" /><D135/><U16/><E127/><V87/><F74/><W1/><G132/><T114/><D114/><U5/><E5/><V80/><F70/><W64/><G1/><T15/><D0/><U78/><E78/><V129/><F34/><W10/><G33/><N who="0" m="20615" /><D41/><U39/><E39/><V56/><F109/><W77/><G115/><T91/><D59/><U40/><E40/><N who="2" m="15403" /><F112/><W101/><G61/><T45/><D45/><U120/><E35/><V79/><F122/><W108/><G108/><T47/><D47/><U99/><E32/><V3/><F3/><W97/><G85/><AGARI ba="0,0" hai="8,15,17,72,75,85,91,94" m="20615,44649" machi="85" ten="30,1000,0" yaku="12,1" doraHai="18" who="0" fromWho="3" sc="460,10,240,0,104,0,196,-10" /><INIT seed="7,0,0,2,2,83" ten="470,240,104,186" oya="3" hai0="94,114,103,12,63,44,102,69,5,42,108,75,79" hai1="2,80,130,122,22,112,119,97,77,68,62,70,23" hai2="74,33,93,26,47,104,131,49,120,9,51,110,133" hai3="65,28,121,95,35,134,67,106,135,59,123,31,72"/><W124/><G106/><T36/><D108/><U45/><E122/><V40/><F104/><W89/><G72/><T105/><D105/><U6/><E130/><V4/><F74/><W7/><G7/><T88/><D114/><U3/><E112/><V127/><F120/><W78/><G78/><T61/><D75/><U46/><E62/><V66/><F110/><W17/><G17/><T113/><D79/><U30/><E80/><V41/><F127/><W85/><G124/><T82/><D82/><U92/><E77/><V84/><F131/><W21/><G35/><T50/><D36/><U56/><E56/><V8/><F133/><N who="3" m="50699" /><G31/><T1/><D1/><U48/><E30/><V20/><F66/><N who="3" m="25099" /><G59/><T118/><D69/><U0/><E6/><V57/><F33/><W27/><AGARI ba="0,0" hai="21,27,28,85,89,95,121,123" m="25099,50699" machi="27" ten="30,3000,0" yaku="20,1,52,1" doraHai="83" who="3" fromWho="3" sc="470,-10,240,-10,104,-10,186,30" /><INIT seed="7,1,0,5,4,121" ten="460,230,94,216" oya="3" hai0="35,62,33,23,109,100,59,129,79,116,7,53,41" hai1="45,75,68,128,27,58,6,67,85,105,74,48,90" hai2="82,123,18,40,26,56,31,114,91,61,71,29,55" hai3="37,19,130,52,124,64,3,117,38,95,107,32,80"/><W34/><G117/><T42/><D109/><U127/><E105/><V63/><F114/><W14/><G107/><T46/><D116/><U24/><E68/><V93/><F123/><W110/><G3/><T86/><D129/><U2/><E128/><V39/><F82/><W78/><G130/><T57/><D100/><U13/><E2/><V92/><F92/><W99/><G64/><T81/><D7/><U20/><E127/><V98/><F40/><W132/><G132/><T97/><D97/><U102/><E102/><V69/><F39/><W131/><G131/><T5/><D5/><U16/><E74/><V70/><REACH who="2" step="1"/><F63/><REACH who="2" ten="460,230,84,216" step="2"/><W44/><G38/><T49/><D41/><U66/><E75/><V1/><F1/><W126/><G37/><T28/><D28/><U119/><E119/><V72/><F72/><W8/><G80/><T113/><D113/><U133/><E133/><V84/><F84/><W21/><G95/><T0/><D0/><U10/><E85/><V112/><F112/><W106/><G106/><T88/><D23/><U134/><E134/><V17/><F17/><W135/><G135/><T96/><D96/><U76/><E20/><V103/><F103/><W94/><G21/><T30/><D30/><U50/><E16/><V125/><F125/><W54/><G126/><T122/><D122/><U43/><E6/><V87/><F87/><W120/><G19/><T111/><D79/><U77/><E76/><V73/><F73/><W47/><G78/><T83/><D86/><U65/><E77/><V9/><F9/><W25/><G124/><T60/><D81/><RYUUKYOKU ba="1,1" sc="460,-10,230,-10,84,30,216,-10" hai2="18,26,29,31,55,56,61,69,70,71,91,93,98" owari="460,56.0,220,2.0,114,-39.0,206,-19.0" /></mjloggm>