<mjloggm ver="2.3"><GO type="169" lobby="0"/><UN n0="%E3%82%B9%E3%82%B1%E3%83%BC%E3%82%BF%E3%83%BC" n1="%E3%82%A6%E3%83%AB%E3%83%88%E3%83%A9%E7%AB%8B%E7%9B%B4" n2="%E4%B8%8D%E8%81%B4%E3%81%B1%E3%81%BF%E3%82%85%E3%81%B1%E3%81%BF%E3%82%85" n3="%E3%83%80%E3%83%9E%E3%83%86%E3%83%B3" dan="16,17,16,16" rate="2164.55,2144.38,2116.16,2068.28" sx="M,M,M,M"/><TAIKYOKU oya="0"/><INIT seed="0,0,0,1,4,43" ten="250,250,250,250" oya="0" hai0="54,41,82,129,46,75,38,36,92,48,34,122,6" hai1="65,8,57,80,62,116,32,103,86,15,1,84,105" hai2="133,58,18,3,23,100,4,63,56,52,83,97,42" hai3="70,10,12,51,134,50,74,98,0,39,127,67,93"/><T131/><D34/><U73/><E116/><V37/><F133/><W107/><G39/><T64/><D6/><U106/><E1/><V114/><F114/><W7/><G74/><T69/><D92/><U49/><E32/><V111/><F111/><W11/><G107/><T47/><D75/><U20/><E73/><V35/><F35/><W135/><G70/><T123/><D82/><U9/><E86/><V53/><F83/><W113/><G67/><T17/><D38/><U95/><E105/><V89/><F89/><W102/><G113/><T79/><D17/><N who="1" m="10303" /><E49/><V2/><F4/><W78/><G78/><T59/><D79/><N who="1" m="46111" /><E106/><V110/><F110/><W21/><G21/><T128/><D69/><U16/><E16/><V24/><F42/><W26/><G26/><T121/><D121/><U40/><E40/><V120/><F37/><W71/><G71/><T13/><D13/><U119/><E119/><V14/><F14/><W72/><G72/><T112/><D112/><U104/><E104/><V117/><F117/><W60/><G135/><T19/><D19/><U126/><E126/><V81/><F120/><W87/><G127/><T68/><D68/><U5/><E5/><V90/><F81/><W45/><G134/><T27/><D27/><U99/><AGARI ba="0,0" hai="8,9,57,62,65,95,99,103" m="46111,10303" machi="99" ten="30,1100,0" yaku="8,1" doraHai="43" who="1" fromWho="1" sc="250,-5,250,11,250,-3,250,-3" /><INIT seed="1,0,0,3,2,84" ten="245,261,247,247" oya="1" hai0="90,2,127,27,130,109,21,82,3,10,91,32,43" hai1="133,31,108,134,25,11,102,88,89,126,57,38,94" hai2="52,34,16,68,72,73,59,15,86,111,56,65,18" hai3="78,19,81,112,120,103,121,77,135,8,96,123,35"/><U75/><E38/><V12/><F34/><W51/><G112/><T20/><D109/><U128/><E75/><V39/><F39/><W66/><G35/><T17/><D32/><U99/><E108/><V74/><F111/><W101/><G135/><N who="1" m="51722" /><E126/><V97/><F97/><W6/><G19/><T40/><D127/><U117/><E117/><V113/><F113/><W13/><G66/><T131/><D82/><U71/><E71/><V24/><F86/><W61/><G61/><T85/><D85/><U41/><E128/><N who="0" m="49193" /><D21/><N who="1" m="15791" /><E41/><N who="0" m="15945" /><D10/><U46/><E46/><V118/><F118/><W23/><G23/><T55/><D55/><U5/><E57/><V54/><F68/><W63/><G121/><T14/><D27/><U125/><E125/><V47/><F47/><W93/><G123/><T129/><N who="0" m="49201" /><T107/><DORA hai="42" /><D107/><U50/><E50/><V28/><F65/><W104/><G51/><T67/><D67/><U105/><E105/><V45/><F45/><W98/><G104/><T79/><D79/><U124/><E124/><V114/><F114/><W37/><G120/><T29/><D29/><U60/><E60/><V4/><F73/><W69/><G63/><T76/><D76/><U44/><E44/><V132/><F132/><W122/><G77/><T87/><D87/><U80/><E80/><V0/><F28/><W115/><G81/><T70/><D70/><U116/><E116/><V36/><F24/><W48/><G69/><T53/><D53/><U110/><E110/><V7/><F36/><W64/><G37/><T95/><D95/><U26/><E26/><V49/><F49/><RYUUKYOKU ba="0,0" sc="245,10,261,10,247,10,247,-30" hai0="2,3,14,17,20,90,91" hai1="5,11,88,89,94,99,102" hai2="0,4,7,12,15,16,18,52,54,56,59,72,74" /><INIT seed="1,1,0,4,0,6" ten="255,271,257,217" oya="1" hai0="74,115,80,96,5,71,36,78,106,84,120,103,55" hai1="90,39,32,52,20,17,88,35,73,68,79,7,126" hai2="26,12,4,105,85,101,37,60,123,0,67,132,134" hai3="119,109,34,116,49,8,86,25,27,77,19,3,54"/><U29/><E68/><V91/><F123/><W83/><G109/><T131/><D36/><U100/><E39/><V99/><F37/><W43/><G43/><T59/><D120/><U82/><E126/><V21/><F0/><W65/><G65/><T58/><D115/><U9/><E100/><V112/><F112/><W125/><G125/><T51/><D131/><U108/><E108/><V61/><F12/><N who="3" m="7559" /><G3/><T102/><D102/><U46/><E35/><V38/><F4/><W1/><G1/><T72/><D71/><U53/><E53/><V64/><F38/><W114/><G34/><T33/><D33/><U130/><E130/><V121/><F67/><W16/><G114/><T107/><D107/><U14/><E29/><V2/><F2/><W62/><G62/><T15/><REACH who="0" step="1"/><D59/><REACH who="0" ten="245,271,257,217" step="2"/><U95/><E32/><V41/><F121/><W118/><G16/><T104/><D104/><U129/><E129/><V18/><F18/><W117/><N who="3" m="29696" /><DORA hai="44" /><W76/><G76/><T66/><D66/><U122/><E122/><V23/><F64/><W97/><G97/><T47/><D47/><AGARI ba="1,1" hai="25,27,47,49,54,77,83,86" m="29696,7559" machi="47" ten="60,7700,0" yaku="12,1,52,2" doraHai="6,44" who="3" fromWho="0" sc="245,-80,271,0,257,0,217,90" /><INIT seed="2,0,0,4,2,2" ten="165,271,257,307" oya="2" hai0="16,10,7,34,44,97,53,17,133,70,124,24,125" hai1="90,35,91,81,9,55,37,48,47,111,67,83,1" hai2="26,28,109,93,56,30,69,41,98,106,89,6,92" hai3="75,82,99,21,131,87,128,0,117,29,45,52,20"/><V107/><F69/><W3/><G75/><T72/><D72/><U68/><E35/><V101/><F109/><W43/><G99/><T88/><D70/><U108/><E37/><V129/><F129/><N who="3" m="49739" /><G117/><T58/><D44/><U127/><E127/><N who="0" m="48713" /><D133/><U94/><E90/><V123/><F123/><W120/><G120/><T61/><D24/><U19/><E67/><V130/><F130/><W77/><G52/><T18/><D34/><U51/><E51/><V39/><F30/><W62/><G62/><T80/><D18/><U13/><E1/><N who="3" m="586" /><G29/><T15/><D97/><U50/><E68/><V135/><F56/><W66/><G66/><T100/><D100/><U4/><E19/><V64/><F64/><W95/><G95/><T31/><D31/><U114/><E111/><V46/><F135/><W110/><G110/><T86/><AGARI ba="0,0" hai="7,10,15,16,17,53,58,61,80,86,88" m="48713" machi="86" ten="30,7900,0" yaku="18,1,52,1,54,2" doraHai="2" who="0" fromWho="0" sc="165,79,271,-20,257,-39,307,-20" /><INIT seed="3,0,0,0,2,123" ten="244,251,218,287" oya="3" hai0="27,100,90,58,37,49,3,74,70,42,69,32,76" hai1="87,122,13,96,121,81,68,80,19,86,12,95,103" hai2="48,18,4,107,65,17,73,44,72,97,135,20,133" hai3="34,64,91,36,15,117,43,108,84,40,67,16,78"/><W14/><G117/><T55/><D3/><U128/><E68/><V101/><F65/><W88/><G34/><T115/><D100/><U10/><E128/><V105/><F105/><W130/><G130/><T23/><D32/><U53/><E53/><V92/><F4/><W62/><G36/><T127/><D127/><U82/><E122/><V85/><F85/><W57/><G67/><T129/><D115/><U51/><E121/><V52/><F107/><W28/><G28/><T119/><D119/><U24/><E24/><V125/><F18/><W114/><G114/><T0/><D0/><U8/><REACH who="1" step="1"/><E51/><REACH who="1" ten="244,241,218,287" step="2"/><V61/><F125/><W11/><G14/><T118/><D49/><U2/><E2/><V132/><F61/><W9/><G9/><T83/><D129/><U124/><E124/><V63/><F63/><W79/><G108/><T102/><D118/><U1/><E1/><V41/><F41/><N who="3" m="15947" /><G91/><T77/><D90/><U116/><E116/><V39/><F39/><W111/><G111/><T99/><D37/><U89/><E89/><V29/><F29/><W7/><G7/><AGARI ba="0,1" hai="7,8,10,12,13,19,80,81,82,86,87,95,96,103" machi="7" ten="40,2600,0" yaku="1,1,8,1,53,0" doraHai="123" doraHaiUra="59" who="1" fromWho="3" sc="244,0,241,36,218,0,287,-26" /><INIT seed="4,0,0,3,1,80" ten="244,277,218,261" oya="0" hai0="51,126,63,4,129,91,25,65,12,22,2,11,61" hai1="32,67,26,78,39,3,128,68,64,43,121,109,44" hai2="72,84,82,42,98,15,31,92,69,70,33,54,56" hai3="40,1,0,93,17,120,37,58,125,27,38,62,122"/><T85/><D129/><U24/><E109/><V19/><F72/><W35/><G125/><T113/><D126/><U88/><E121/><N who="3" m="46698" /><G93/><T59/><D113/><U116/><E116/><V127/><F127/><W49/><G49/><T108/><D108/><U112/><E128/><V111/><F42/><W135/><G135/><T130/><D130/><U99/><E112/><V34/><F111/><W131/><G131/><T117/><D117/><U97/><E3/><N who="3" m="1098" /><G40/><T110/><D2/><U76/><E32/><V60/><F33/><W102/><G102/><T119/><D119/><U53/><E43/><V124/><F34/><W104/><G104/><T103/><D103/><U45/><E68/><V29/><F70/><W7/><G7/><T71/><D110/><U94/><E39/><V89/><F69/><W13/><G27/><T66/><D51/><U23/><E24/><V75/><F75/><W73/><G35/><T132/><D132/><U105/><E105/><V48/><F48/><W57/><G73/><T77/><D77/><N who="1" m="29803" /><E99/><V134/><F134/><W28/><G28/><T47/><D47/><U107/><E107/><V123/><F123/><W52/><G57/><T106/><D106/><U86/><E97/><V83/><F124/><W21/><AGARI ba="0,0" hai="13,17,21,37,38,52,58,62" m="1098,46698" machi="21" ten="30,2000,0" yaku="13,1,54,1" doraHai="80" who="3" fromWho="3" sc="244,-10,277,-5,218,-5,261,20" /><INIT seed="5,0,0,5,1,110" ten="234,272,213,281" oya="1" hai0="116,0,57,69,98,30,78,124,131,134,56,76,25" hai1="111,90,26,53,120,100,67,74,89,95,87,113,59" hai2="11,73,22,55,19,82,107,29,109,62,81,21,6" hai3="42,91,117,50,97,129,101,68,132,36,33,108,84"/><U114/><E74/><V38/><F38/><W35/><G108/><T115/><D116/><U79/><E120/><V49/><F107/><W37/><G68/><T24/><D69/><U48/><E111/><V1/><F109/><W10/><G117/><T99/><D0/><U45/><E26/><V47/><F73/><W72/><G72/><T28/><D124/><U106/><E79/><V8/><F8/><W13/><G129/><T7/><D7/><U104/><E90/><V92/><F62/><W52/><G132/><T93/><D93/><U4/><E4/><V34/><F92/><W75/><G75/><T77/><D77/><U83/><E95/><V3/><F21/><W18/><G36/><T2/><D2/><U31/><E31/><V61/><F61/><W121/><G121/><T102/><D102/><U126/><E126/><V17/><F17/><W23/><G23/><T44/><D134/><U88/><E89/><V51/><F51/><W64/><G64/><T32/><D131/><U125/><E125/><V112/><F3/><W119/><G119/><T80/><D80/><U15/><E15/><N who="2" m="9599" /><F82/><W96/><G42/><T58/><D32/><U5/><E5/><V27/><F81/><W133/><G37/><T39/><D39/><U66/><E66/><V65/><F65/><W63/><G63/><T14/><D14/><U46/><E67/><V60/><F60/><W105/><G133/><T86/><D30/><U71/><E71/><V94/><F94/><N who="3" m="54631" /><G96/><T9/><D99/><N who="1" m="61471" /><E106/><V16/><F16/><W41/><G41/><T43/><D98/><U135/><E135/><RYUUKYOKU ba="0,0" sc="234,-30,272,10,213,10,281,10" hai1="45,46,48,53,59,83,87,88,113,114" hai2="1,6,11,27,29,34,47,49,55,112" hai3="10,13,18,33,35,50,52,97,101,105" /><INIT seed="5,1,0,2,4,101" ten="204,282,223,291" oya="1" hai0="50,93,116,23,129,98,2,128,131,67,25,35,58" hai1="30,118,55,7,17,42,14,94,113,81,73,85,11" hai2="52,3,53,28,106,60,100,86,54,121,0,77,20" hai3="122,40,79,75,51,89,91,117,10,127,44,31,8"/><U5/><E118/><V16/><F121/><W99/><G122/><T109/><D116/><U92/><E73/><V125/><F28/><W9/><G117/><T82/><D2/><U119/><E119/><V63/><F125/><W69/><G69/><T112/><D109/><U130/><E130/><V49/><F49/><W120/><G120/><T64/><D35/><U39/><E113/><V15/><F0/><W74/><G127/><T111/><D111/><U46/><E30/><V88/><F3/><W76/><G74/><T95/><D82/><U18/><E18/><V80/><F106/><W97/><G31/><T56/><D95/><U24/><E55/><V59/><F100/><W108/><G108/><T71/><D112/><U57/><E57/><N who="0" m="22121" /><D50/><U105/><E105/><V72/><F63/><W66/><G66/><T22/><D71/><U47/><E47/><V19/><F19/><W107/><G107/><T103/><D23/><U68/><E68/><V96/><F96/><N who="3" m="36939" /><G75/><T32/><D32/><U124/><E124/><V135/><F135/><W65/><G65/><T41/><D41/><U62/><E62/><V90/><F72/><W36/><G36/><T21/><D21/><N who="1" m="13359" /><E5/><V84/><F84/><W123/><G123/><T48/><D48/><U134/><E134/><V102/><F102/><W115/><G115/><T70/><D70/><U61/><E61/><V45/><F45/><W4/><G4/><T6/><D6/><U110/><E110/><V43/><F43/><W126/><G126/><T26/><D22/><U29/><E29/><V87/><F87/><W83/><G40/><RYUUKYOKU ba="1,0" sc="204,10,282,10,223,10,291,-30" hai0="25,26,64,67,93,98,103,128,129,131" hai1="7,11,14,39,42,46,81,85,92,94" hai2="15,16,20,52,53,54,59,60,77,80,86,88,90" /><INIT seed="5,2,0,5,0,114" ten="214,292,233,261" oya="1" hai0="82,83,126,59,5,127,120,27,85,133,93,95,29" hai1="14,94,122,2,117,37,10,11,125,89,99,39,24" hai2="71,26,53,1,0,79,97,55,90,44,42,113,128" hai3="112,48,54,4,51,103,119,50,3,43,69,73,86"/><U28/><E122/><V47/><F79/><W58/><G73/><T34/><D120/><U68/><E68/><V118/><F118/><W57/><G69/><T30/><D133/><U96/><E117/><V35/><F71/><W80/><G119/><T106/><D106/><U101/><E125/><N who="0" m="47625" /><D30/><U77/><E77/><V84/><F97/><W81/><G112/><T105/><D105/><U7/><E11/><V31/><F113/><W130/><G130/><T33/><D33/><U131/><E2/><V40/><F128/><W18/><G103/><T74/><D5/><U87/><E131/><V20/><F35/><W66/><G3/><T124/><N who="0" m="47633" /><T111/><DORA hai="70" /><D111/><U17/><E7/><V134/><F134/><W132/><G4/><T104/><D104/><U60/><E60/><V63/><F63/><W62/><G132/><T19/><D19/><U72/><E72/><V45/><F0/><W49/><G18/><T102/><D59/><U32/><REACH who="1" step="1"/><E99/><REACH who="1" ten="214,282,233,261" step="2"/><V15/><F1/><W46/><REACH who="3" step="1"/><G80/><AGARI ba="2,1" hai="10,14,17,24,28,32,37,39,80,87,89,94,96,101" machi="80" ten="30,18000,2" yaku="1,1,2,1,7,1,52,2,53,1" doraHai="114,70" doraHaiUra="123,13" who="1" fromWho="3" sc="214,0,282,196,233,0,261,-186" /><INIT seed="5,3,0,5,0,77" ten="214,478,233,75" oya="1" hai0="75,64,80,119,122,49,43,1,82,115,0,101,117" hai1="86,13,78,95,14,113,19,18,96,17,21,89,53" hai2="35,44,9,85,102,105,123,37,100,32,72,40,129" hai3="11,98,7,118,33,112,59,84,57,70,54,5,16"/><U47/><E113/><V10/><F123/><W56/><G70/><T94/><D64/><U132/><E132/><V104/><F129/><W36/><G36/><T41/><D75/><U99/><E18/><V114/><F85/><W45/><G33/><T125/><D49/><U22/><E78/><V126/><F126/><W116/><G112/><T62/><D115/><U83/><E95/><V66/><F66/><W63/><G98/><T24/><D94/><U71/><E71/><V30/><F72/><W39/><G63/><T97/><D97/><U91/><E91/><V69/><F69/><W108/><G108/><T121/><D24/><U130/><E130/><V106/><F30/><W88/><G39/><T93/><D93/><U34/><E34/><V90/><F90/><W67/><G67/><T81/><D62/><U58/><E47/><V120/><F120/><N who="0" m="46186" /><D101/><U92/><E92/><V51/><F114/><W15/><G118/><N who="0" m="45067" /><D125/><U3/><E3/><AGARI ba="3,0" hai="0,1,3,41,43,80,81,82" m="45067,46186" machi="3" ten="40,12000,2" yaku="28,2,13,1,52,3" doraHai="77" who="0" fromWho="1" sc="214,129,478,-129,233,0,75,0" /><INIT seed="6,0,0,3,5,126" ten="343,349,233,75" oya="2" hai0="49,63,38,114,24,90,45,13,107,47,83,9,102" hai1="74,116,33,60,43,67,117,85,88,29,51,36,104" hai2="8,14,41,66,103,92,87,40,34,64,86,39,113" hai3="106,93,110,54,32,131,27,76,130,2,78,120,97"/><V72/><F72/><W111/><G2/><T22/><D114/><U124/><E74/><V118/><F118/><W18/><G18/><T98/><D38/><U81/><E36/><V19/><F34/><W21/><G21/><T100/><D100/><U20/><E33/><V115/><F39/><W135/><G27/><T96/><D63/><U129/><E104/><V1/><F1/><W46/><G32/><T77/><D96/><U132/><E129/><N who="3" m="49162" /><G120/><T109/><D90/><U70/><E132/><V125/><F125/><W128/><N who="3" m="49170" /><W15/><DORA hai="61" /><G15/><T30/><D49/><U17/><E51/><V58/><F115/><W42/><G54/><T108/><D108/><N who="3" m="41513" /><G135/><T134/><D134/><U28/><E17/><V68/><F113/><W62/><G62/><T71/><D109/><U12/><E20/><V73/><F19/><W56/><G56/><T11/><D13/><U80/><E12/><V37/><F58/><W59/><G59/><T89/><D22/><U48/><E60/><V105/><F14/><W121/><G121/><T35/><D24/><U10/><E124/><V0/><F0/><W69/><G69/><T79/><D71/><U3/><E70/><V50/><F68/><W123/><G123/><T5/><D35/><U75/><E3/><V16/><F16/><W112/><G112/><T122/><D122/><U26/><E26/><V7/><F8/><W82/><G82/><T44/><D11/><U53/><E80/><V25/><F25/><W101/><G106/><T23/><D23/><U4/><E81/><V6/><F105/><W31/><G31/><RYUUKYOKU ba="0,0" sc="343,-10,349,-10,233,-10,75,30" hai3="42,46,76,78,93,97,101" /><INIT seed="7,1,0,2,2,84" ten="333,339,223,105" oya="3" hai0="19,26,36,68,67,102,125,55,42,54,96,104,126" hai1="135,51,82,1,38,33,2,11,22,47,27,110,119" hai2="49,13,133,53,65,97,112,60,32,122,18,77,108" hai3="101,114,12,31,46,100,62,103,20,41,25,127,80"/><W117/><G117/><T6/><D6/><U115/><E38/><V34/><F108/><W21/><G114/><T37/><D68/><U48/><E33/><V7/><F112/><W85/><G127/><N who="0" m="48651" /><D67/><U129/><E129/><V52/><F7/><W63/><G12/><T74/><D74/><U4/><E110/><V70/><F77/><W113/><G20/><N who="0" m="13599" /><D42/><U99/><E115/><V17/><F133/><W86/><G113/><T128/><D128/><U111/><E111/><V30/><F30/><W107/><G107/><T72/><D72/><U76/><E135/><V69/><F69/><W105/><G105/><T66/><D66/><U87/><E119/><V28/><F28/><W92/><G92/><T116/><D116/><U131/><E131/><V9/><F122/><W121/><G121/><T75/><D75/><U93/><E47/><V106/><F18/><W35/><G35/><T98/><D96/><U14/><E2/><V39/><F39/><AGARI ba="1,0" hai="36,37,39,54,55,98,102,104" m="13599,48651" machi="39" ten="30,1000,0" yaku="18,1" doraHai="84" who="0" fromWho="2" sc="333,13,339,0,223,-13,105,0" owari="346,44.0,339,14.0,210,-19.0,105,-39.0" /></mjloggm>