<mjloggm ver="2.3"><GO type="169" lobby="0"/><UN n0="%E3%82%B7%E3%83%B3%E3%83%87%E3%83%AB%E3%83%A9" n1="%E3%82%A6%E3%83%AB%E3%83%88%E3%83%A9%E7%AB%8B%E7%9B%B4" n2="%E3%83%95%E3%82%A1%E3%83%B3%E3%83%95%E3%82%A1%E3%83%BC%E3%83%AC" n3="%E5%80%89%E6%A9%8B%EF%BC%A0%E4%BA%8B%E5%8B%99" dan="16,16,16,17" rate="2075.89,2172.18,2091.61,2177.83" sx="F,M,M,M"/><TAIKYOKU oya="0"/><INIT seed="0,0,0,0,2,111" ten="250,250,250,250" oya="0" hai0="99,68,61,21,123,53,74,95,117,30,18,36,10" hai1="121,14,60,16,91,105,33,23,0,98,82,97,94" hai2="69,58,124,49,54,52,70,84,118,93,110,129,81" hai3="85,64,24,11,128,109,6,127,132,76,46,12,62"/><T96/><D117/><U32/><E121/><V35/><F118/><W100/><G109/><T106/><D123/><U134/><E134/><V44/><F110/><W4/><G132/><T40/><D74/><U83/><E0/><V25/><F129/><W71/><G128/><T26/><D106/><U50/><E50/><V51/><F124/><W42/><G127/><T55/><D36/><U28/><E60/><V120/><F120/><W13/><G100/><T72/><D72/><U45/><E45/><V130/><F130/><W104/><G104/><T7/><D40/><U73/><E28/><V20/><F35/><W5/><G24/><T38/><D38/><U75/><E75/><V87/><F93/><W39/><REACH who="3" step="1"/><G11/><REACH who="3" ten="250,250,250,240" step="2"/><T57/><D68/><U8/><E8/><V131/><F131/><W63/><G63/><T78/><D78/><U101/><REACH who="1" step="1"/><E73/><REACH who="1" ten="250,240,250,240" step="2"/><V15/><F51/><W66/><G66/><T1/><D10/><U114/><E114/><V29/><F49/><W19/><G19/><T102/><D18/><U125/><E125/><V31/><F31/><W90/><G90/><T88/><D88/><U116/><E116/><V9/><F29/><W119/><G119/><T122/><D61/><U3/><E3/><V79/><F9/><W126/><G126/><T135/><D1/><U56/><E56/><V80/><F58/><W59/><G59/><T67/><D57/><U43/><E43/><V2/><F2/><W92/><G92/><T17/><D95/><U103/><E103/><V77/><F70/><W22/><G22/><N who="0" m="15703" /><D122/><U27/><E27/><V41/><F25/><RYUUKYOKU ba="0,2" sc="250,-15,240,15,250,-15,240,15" hai1="14,16,23,32,33,82,83,91,94,97,98,101,105" hai3="4,5,6,12,13,39,42,46,62,64,71,76,85" /><INIT seed="1,1,2,3,0,122" ten="235,255,235,255" oya="1" hai0="95,113,22,101,112,33,103,61,83,106,47,114,45" hai1="94,104,98,117,38,107,82,96,65,67,105,128,16" hai2="18,124,120,116,41,72,53,92,80,125,74,4,126" hai3="32,75,68,78,27,5,21,60,127,3,134,93,87"/><U62/><E117/><V14/><F116/><W69/><G32/><T55/><D33/><U63/><E38/><V30/><F120/><W43/><G127/><T91/><D106/><U57/><E128/><V81/><F41/><W84/><G134/><T73/><D22/><U132/><E132/><V89/><F30/><W24/><G43/><T6/><D6/><U19/><E82/><N who="2" m="31851" /><F53/><W44/><G78/><N who="0" m="44495" /><D47/><U58/><REACH who="1" step="1"/><E98/><REACH who="1" ten="235,245,235,255" step="2"/><N who="2" m="57615" /><F4/><W37/><G37/><T8/><D114/><U131/><E131/><V20/><AGARI ba="1,3" hai="14,18,20,72,74,124,125,126" m="57615,31851" machi="20" ten="40,1500,0" yaku="18,1" doraHai="122" who="2" fromWho="2" sc="235,-5,245,-8,235,48,255,-5" /><INIT seed="2,0,0,0,4,51" ten="230,237,283,250" oya="2" hai0="85,112,94,37,90,95,124,33,79,41,22,106,36" hai1="115,8,129,108,64,19,102,91,52,43,15,97,101" hai2="86,27,32,111,135,84,57,9,49,38,14,29,17" hai3="26,23,65,131,1,73,68,107,74,30,103,105,93"/><V11/><F38/><W76/><G131/><T99/><D33/><U116/><E115/><V39/><F39/><W82/><G1/><T18/><D112/><U119/><E116/><V72/><F72/><W25/><G74/><T59/><D124/><U35/><E35/><V83/><F135/><W34/><G68/><T46/><D106/><U87/><E119/><V67/><F111/><W88/><G65/><T6/><D6/><U89/><E108/><V126/><F126/><W58/><G103/><T66/><D79/><U78/><E43/><V60/><F83/><W13/><G13/><T128/><D128/><U96/><E64/><V42/><REACH who="2" step="1"/><F11/><REACH who="2" ten="230,237,273,250" step="2"/><W132/><G132/><T56/><D37/><U28/><E8/><V133/><F133/><W121/><G121/><T7/><D36/><U53/><E129/><V80/><F80/><W63/><G82/><T3/><D3/><U16/><E78/><V50/><F50/><W21/><G76/><T71/><D71/><U127/><E127/><V98/><F98/><W10/><G10/><T70/><D99/><U81/><E81/><V12/><F12/><W61/><G73/><T120/><D70/><U24/><E15/><V125/><F125/><W5/><G26/><T31/><D120/><U47/><E24/><V4/><F4/><W77/><G5/><T75/><D7/><U109/><E109/><V114/><F114/><W45/><G77/><T134/><D75/><U117/><E117/><V0/><F0/><W113/><G113/><T123/><D134/><U54/><E97/><V110/><F110/><W130/><G25/><RYUUKYOKU ba="0,1" sc="230,-10,237,-10,273,30,250,-10" hai2="9,14,17,27,29,32,42,49,57,60,67,84,86" /><INIT seed="2,1,1,3,2,58" ten="220,227,303,240" oya="2" hai0="55,34,17,104,129,75,113,79,5,42,62,91,90" hai1="73,111,99,103,112,16,127,77,24,12,81,128,65" hai2="135,52,39,98,54,59,50,71,8,15,57,106,94" hai3="23,131,117,76,27,119,53,45,18,132,66,44,114"/><V80/><F135/><W61/><G132/><T133/><D133/><U49/><E112/><V31/><F39/><W26/><G131/><T120/><D113/><U67/><E128/><V105/><F31/><W21/><G114/><T84/><D129/><U41/><E111/><V87/><F71/><W14/><G76/><T100/><D120/><U70/><E127/><V122/><F122/><W51/><G44/><T124/><D124/><U72/><E72/><V43/><F43/><W68/><REACH who="3" step="1"/><G14/><REACH who="3" ten="220,227,303,230" step="2"/><T22/><D79/><U38/><E12/><V110/><F15/><W125/><G125/><T47/><D47/><U121/><E77/><V56/><F110/><W123/><G123/><T86/><D75/><U29/><E73/><V30/><F106/><W2/><G2/><T25/><D104/><U101/><E121/><V46/><F105/><W82/><G82/><T33/><D25/><U36/><E24/><V35/><F80/><W48/><G48/><T69/><D5/><U11/><E49/><V60/><F50/><W10/><G10/><T95/><D95/><U6/><E81/><V109/><F8/><W63/><G63/><T107/><D62/><U20/><E11/><V28/><F46/><W3/><G3/><T116/><D107/><N who="1" m="63935" /><E6/><V89/><F109/><W40/><G40/><T96/><D42/><U93/><E41/><V13/><F13/><W130/><G130/><T64/><D116/><U7/><E7/><V9/><F9/><W102/><G102/><T134/><D100/><U0/><E103/><V19/><F94/><W126/><G126/><T83/><D83/><RYUUKYOKU ba="1,2" sc="220,-10,227,-10,303,-10,230,30" hai3="18,21,23,26,27,45,51,53,61,66,68,117,119" /><INIT seed="3,2,2,5,4,28" ten="210,217,293,260" oya="3" hai0="119,0,91,63,30,21,100,130,120,62,78,99,115" hai1="41,127,118,48,126,83,34,81,4,58,90,84,13" hai2="35,116,88,111,50,112,94,110,44,95,71,12,20" hai3="106,124,8,52,114,45,73,97,24,72,32,85,15"/><W64/><G114/><T57/><D119/><U117/><E4/><V104/><F116/><N who="1" m="44649" /><E13/><V25/><F104/><W56/><G124/><N who="1" m="47658" /><E58/><V77/><F77/><W105/><G64/><T31/><D78/><U93/><E34/><V70/><F94/><W103/><G106/><T5/><D57/><U2/><E2/><V87/><F12/><W92/><G45/><AGARI ba="2,2" hai="41,45,48,81,83,84,90,93" m="47658,44649" machi="45" ten="30,2000,0" yaku="12,1,18,1" doraHai="28" who="1" fromWho="3" sc="210,0,217,46,293,0,260,-26" /><INIT seed="4,0,0,4,0,4" ten="210,263,293,234" oya="0" hai0="120,105,91,39,14,109,110,33,60,78,53,113,31" hai1="128,27,23,18,92,29,49,51,71,44,30,68,13" hai2="106,70,50,81,101,129,107,83,20,130,67,7,59" hai3="9,114,15,127,123,34,37,48,117,133,3,58,55"/><T35/><D120/><U126/><E126/><V72/><F20/><W69/><RYUUKYOKU type="yao9" ba="0,0" sc="210,0,263,0,293,0,234,0" hai3="3,9,15,34,37,48,55,58,69,114,117,123,127,133" /><INIT seed="4,1,0,0,1,43" ten="210,263,293,234" oya="0" hai0="58,26,12,97,78,55,64,29,60,40,74,33,51" hai1="71,103,18,112,54,68,130,48,10,3,76,59,81" hai2="98,8,129,45,123,6,93,88,63,116,53,24,104" hai3="115,16,85,15,102,133,44,75,135,87,111,34,28"/><T4/><D40/><U90/><E130/><V11/><F123/><W27/><G111/><T66/><D97/><U89/><E103/><V77/><F129/><W47/><G115/><T65/><D78/><U56/><E112/><V121/><F121/><W126/><G75/><T106/><D106/><U22/><E3/><V36/><F116/><W134/><G102/><T101/><D101/><U119/><E10/><V23/><F104/><W9/><G126/><T107/><D107/><U113/><E119/><V50/><F36/><W17/><G17/><T14/><D74/><U20/><E20/><V94/><F77/><W19/><G19/><T132/><D132/><U124/><E124/><V96/><F63/><W21/><G34/><T105/><D105/><U120/><E120/><V122/><F6/><W57/><G57/><T61/><REACH who="0" step="1"/><D14/><REACH who="0" ten="200,263,293,234" step="2"/><U41/><E76/><V52/><F122/><W73/><G73/><T92/><D92/><U91/><E90/><N who="2" m="55351" /><F53/><W7/><G28/><AGARI ba="1,1" hai="8,11,23,24,28,45,50,52,88,94,98" m="55351" machi="28" ten="30,7700,0" yaku="8,1,52,1,54,2" doraHai="43" who="2" fromWho="3" sc="200,0,263,0,293,90,234,-80" /><INIT seed="5,0,0,2,1,42" ten="200,263,383,154" oya="1" hai0="80,11,135,125,84,113,15,31,65,82,66,53,37" hai1="116,70,17,35,21,14,89,102,86,57,34,94,93" hai2="118,77,23,5,98,51,123,87,7,32,39,29,105" hai3="47,52,4,44,122,88,58,64,48,55,40,27,16"/><U112/><E70/><V8/><F39/><W101/><G122/><T67/><D37/><U6/><E116/><V50/><F118/><W96/><G4/><N who="2" m="1609" /><F32/><W26/><G64/><T103/><D113/><U75/><E75/><V12/><F105/><W108/><G108/><T49/><D125/><U104/><E112/><V124/><F98/><W45/><G40/><T90/><D135/><U9/><E104/><V2/><F2/><W25/><G88/><T126/><D126/><U111/><E111/><V99/><F99/><W59/><G96/><T10/><D31/><U81/><E102/><V134/><F134/><W78/><G78/><T127/><D127/><U85/><E57/><V69/><F69/><W74/><G74/><T30/><D30/><U100/><E100/><V56/><F56/><W115/><G115/><T79/><D103/><U91/><REACH who="1" step="1"/><E81/><REACH who="1" ten="200,253,383,154" step="2"/><N who="2" m="47535" /><F124/><W62/><G101/><T1/><D80/><U54/><E54/><V130/><F123/><W117/><REACH who="3" step="1"/><G117/><REACH who="3" ten="200,253,383,144" step="2"/><T128/><D79/><U18/><E18/><AGARI ba="0,2" hai="16,18,25,26,27,44,45,47,48,52,55,58,59,62" machi="18" ten="40,16000,3" yaku="1,1,2,1,8,1,52,3,54,2,53,0" doraHai="42" doraHaiUra="60" who="3" fromWho="1" sc="200,0,253,-160,383,0,144,180" /><INIT seed="6,0,0,1,1,72" ten="200,93,383,324" oya="2" hai0="2,47,61,58,66,87,76,4,10,130,7,69,80" hai1="124,79,31,75,42,22,32,48,0,57,109,117,54" hai2="45,110,106,78,90,103,108,16,111,9,52,121,50" hai3="91,20,128,89,18,118,77,21,3,65,99,12,94"/><V100/><F121/><W6/><G118/><T125/><D125/><U98/><E117/><V135/><F135/><W40/><G128/><T112/><D112/><U116/><E116/><V113/><F113/><W14/><G3/><T81/><D130/><U35/><E109/><V15/><F106/><W84/><G65/><T37/><D7/><U83/><E124/><V62/><F78/><W73/><G40/><T132/><D132/><U85/><E0/><V28/><F28/><W25/><G73/><T86/><D69/><U41/><E75/><V70/><F90/><W88/><G6/><T36/><D47/><U24/><E35/><V68/><REACH who="2" step="1"/><F62/><REACH who="2" ten="200,93,373,324" step="2"/><W95/><G77/><AGARI ba="0,1" hai="2,4,10,36,37,58,61,66,76,77,80,81,86,87" machi="77" ten="30,7700,0" yaku="7,1,9,1,52,2" doraHai="72" who="0" fromWho="3" sc="200,87,93,0,373,0,324,-77" /><INIT seed="7,0,0,1,0,82" ten="287,93,373,247" oya="3" hai0="70,97,96,48,117,44,69,37,61,133,34,86,15" hai1="8,0,30,98,107,76,1,39,36,91,58,20,72" hai2="116,25,29,100,80,38,102,12,52,57,13,43,130" hai3="120,24,119,62,93,84,47,126,118,75,31,129,79"/><W9/><G120/><T109/><D109/><U56/><E20/><V131/><F116/><W81/><G129/><N who="2" m="49161" /><F80/><W85/><G126/><T28/><D133/><U135/><E30/><V124/><F124/><W132/><G132/><T11/><D117/><U3/><E135/><V110/><F110/><W89/><G62/><T78/><D37/><U59/><E8/><V123/><F123/><W4/><G47/><T16/><D34/><U53/><E53/><V73/><F73/><W17/><G17/><T35/><D35/><U90/><E72/><V46/><F12/><W23/><G75/><T104/><D28/><U60/><E60/><N who="2" m="35879" /><F13/><AGARI ba="0,0" hai="4,9,13,23,24,31,79,81,84,85,89,93,118,119" machi="13" ten="30,5800,0" yaku="7,1,52,2" doraHai="82" who="3" fromWho="2" sc="287,0,93,0,373,-58,247,58" /><INIT seed="7,1,0,1,3,118" ten="287,93,315,305" oya="3" hai0="100,11,79,102,36,45,28,53,77,38,56,103,94" hai1="48,97,17,64,130,41,10,7,119,121,70,91,75" hai2="57,128,74,80,20,113,112,8,13,86,92,61,68" hai3="5,82,27,0,24,88,21,83,58,19,81,129,108"/><W37/><G37/><T14/><D36/><U116/><E75/><V31/><F128/><W95/><G129/><T18/><D38/><U55/><E130/><V30/><F68/><W51/><G108/><T78/><D28/><U39/><E17/><N who="2" m="8359" /><F92/><W90/><G0/><T76/><D76/><U4/><E91/><N who="3" m="34858" /><G5/><T46/><REACH who="0" step="1"/><D94/><REACH who="0" ten="277,93,315,305" step="2"/><U115/><E97/><V2/><F31/><W125/><G125/><T99/><D99/><U29/><E29/><V124/><F30/><W107/><G107/><T9/><D9/><U120/><E7/><V73/><F124/><W101/><G95/><T89/><D89/><U84/><E84/><V35/><F74/><W34/><G101/><T134/><D134/><U105/><E105/><V126/><F73/><W111/><G111/><T52/><D52/><U50/><E115/><V104/><F104/><W40/><G34/><T12/><D12/><U43/><E10/><V66/><F35/><W60/><G27/><T65/><D65/><U67/><E4/><V72/><F72/><W114/><G114/><N who="2" m="44137" /><F126/><W44/><G83/><T63/><AGARI ba="1,1" hai="11,14,18,45,46,53,56,63,77,78,79,100,102,103" machi="63" ten="30,4000,0" yaku="1,1,0,1,8,1,53,0" doraHai="118" doraHaiUra="110" who="0" fromWho="0" sc="277,53,93,-11,315,-11,305,-21" owari="330,44.0,82,-42.0,304,10.0,284,-12.0" /></mjloggm>