<mjloggm ver="2.3"><GO type="169" lobby="0"/><UN n0="%E3%81%86%E3%82%8B%E3%81%95%E3%81%84%E3%81%AF%E8%A4%92%E3%82%81%E8%A9%9E" n1="%E3%83%90%E3%82%B9%E3%82%BF%E3%83%BC%E5%90%9B" n2="%E3%82%AB%E3%83%A9%E3%82%B9%E3%81%AE%E5%AD%90" n3="%E3%83%88%E3%83%88%E3%83%AA%E5%85%88%E7%94%9F%31%39%E6%AD%B3" dan="16,16,17,18" rate="2134.45,2140.88,2193.25,2233.86" sx="M,M,M,F"/><TAIKYOKU oya="0"/><INIT seed="0,0,0,2,1,69" ten="250,250,250,250" oya="0" hai0="102,4,30,89,111,8,36,49,41,133,42,122,27" hai1="66,107,15,22,6,112,75,101,96,21,130,124,61" hai2="119,118,106,103,121,115,10,65,26,71,110,35,23" hai3="9,77,0,113,117,55,72,34,128,94,62,2,100"/><T134/><D122/><U88/><E75/><V68/><F121/><W20/><G34/><T51/><D102/><U63/><E112/><V105/><F115/><W86/><G113/><T39/><D89/><U131/><E124/><V109/><F35/><W90/><G128/><N who="1" m="49194" /><E63/><N who="2" m="39999" /><F71/><W79/><G117/><N who="2" m="44553" /><F10/><W56/><G72/><T73/><D73/><U17/><E6/><V76/><F76/><W116/><G116/><T84/><D84/><U87/><E22/><V48/><F48/><W12/><G0/><T53/><D49/><U29/><E29/><N who="2" m="17631" /><F103/><W43/><G2/><T37/><D111/><AGARI ba="0,0" hai="105,106,109,110,111" m="17631,44553,39999" machi="111" ten="30,2000,0" yaku="14,1,12,1" doraHai="69" who="2" fromWho="0" sc="250,-20,250,0,250,20,250,0" /><INIT seed="1,0,0,3,0,23" ten="230,250,270,250" oya="1" hai0="78,86,67,11,127,87,50,116,77,99,68,22,5" hai1="84,2,71,121,26,134,85,123,57,16,55,102,8" hai2="14,118,74,66,44,18,1,0,93,80,13,43,82" hai3="40,45,41,117,25,83,115,125,96,34,7,135,36"/><U61/><E134/><V58/><F118/><W59/><G115/><T132/><D132/><U109/><E109/><V105/><F105/><W47/><G135/><T46/><D116/><U49/><E102/><V129/><F129/><W94/><G117/><T60/><D127/><U70/><E121/><V42/><F74/><W53/><G125/><T10/><D99/><U72/><E72/><V35/><F35/><W31/><G7/><T97/><D97/><U29/><E123/><V79/><F79/><W75/><G83/><T51/><D22/><U12/><E2/><V32/><F32/><W108/><G75/><T91/><D51/><U3/><E3/><V9/><F93/><W48/><G108/><T37/><D37/><U38/><E38/><V133/><F133/><W106/><G106/><T30/><D30/><U73/><E73/><V110/><F110/><W21/><G34/><T20/><D20/><N who="1" m="15559" /><E70/><V100/><F100/><N who="3" m="60439" /><G36/><T114/><D114/><U65/><E71/><V130/><F130/><W56/><G56/><T76/><D5/><U64/><E61/><N who="2" m="38199" /><F1/><W128/><G128/><T90/><D60/><U112/><E112/><V126/><F0/><W92/><G92/><N who="0" m="54359" /><D68/><U101/><E101/><V120/><F126/><W103/><G103/><T124/><D124/><U62/><E62/><V113/><F120/><W33/><G33/><T17/><D67/><AGARI ba="0,0" hai="8,12,16,49,55,57,64,65,67,84,85" m="15559" machi="67" ten="30,5800,0" yaku="8,1,52,1,54,1" doraHai="23" who="1" fromWho="0" sc="230,-58,250,58,270,0,250,0" /><INIT seed="1,1,0,0,1,48" ten="172,308,270,250" oya="1" hai0="130,81,82,27,46,131,90,73,109,44,37,69,68" hai1="76,54,103,41,30,45,111,104,133,113,21,126,15" hai2="115,14,125,18,112,9,71,124,39,123,134,79,26" hai3="22,63,28,64,40,10,99,75,50,19,31,72,107"/><U25/><E113/><N who="2" m="43595" /><F71/><N who="0" m="27210" /><D27/><U89/><E133/><V42/><F42/><W85/><G10/><T43/><D43/><U135/><E126/><N who="2" m="48747" /><F39/><W119/><G119/><T83/><D37/><U66/><E111/><V11/><F79/><W94/><G107/><T53/><D90/><U52/><E135/><V32/><F134/><W121/><G121/><T91/><D91/><U105/><E76/><V80/><F80/><W116/><G116/><T102/><D102/><U93/><E66/><V8/><F123/><W77/><G72/><T56/><D109/><U129/><E129/><N who="0" m="49161" /><D73/><U20/><E103/><V67/><F67/><W65/><G75/><T5/><D5/><U120/><E120/><V101/><F101/><N who="3" m="60663" /><G65/><T59/><D53/><N who="1" m="20587" /><E104/><V13/><F32/><W7/><G64/><T2/><D2/><U58/><E105/><V62/><F62/><W29/><G63/><T38/><D38/><U128/><E128/><V98/><F98/><W35/><G35/><T1/><D1/><U106/><E106/><V3/><F3/><W127/><G127/><T60/><D60/><U55/><E89/><V132/><F132/><W87/><G77/><T96/><D96/><U47/><E41/><V122/><F122/><W6/><G40/><T114/><D114/><U61/><E93/><V36/><F36/><W16/><G50/><T4/><D4/><U51/><E61/><V117/><F117/><W74/><G74/><T110/><D110/><U24/><E15/><V17/><F26/><N who="3" m="14663" /><G7/><T108/><D108/><U34/><E34/><V23/><AGARI ba="1,0" hai="8,9,11,13,14,17,18,23" m="48747,43595" machi="23" ten="30,7900,0" yaku="11,1,18,1,34,2" doraHai="48" who="2" fromWho="2" sc="172,-21,308,-40,270,82,250,-21" /><INIT seed="2,0,0,5,2,13" ten="151,268,352,229" oya="2" hai0="104,43,107,118,98,76,127,111,68,81,87,102,99" hai1="1,62,36,15,53,44,5,8,133,22,122,49,46" hai2="40,35,52,109,30,29,60,50,77,100,74,90,28" hai3="34,3,38,116,131,20,17,103,21,72,31,10,121"/><V0/><F0/><W41/><G116/><T125/><D68/><U57/><E122/><V26/><F100/><W14/><G121/><T6/><D43/><U123/><E123/><V65/><F40/><W32/><G72/><T48/><D6/><U25/><E133/><V117/><F117/><W88/><G131/><T93/><D118/><U73/><E73/><V55/><F109/><W59/><G103/><T110/><D48/><U78/><E78/><V82/><F90/><W11/><G38/><T71/><D71/><U4/><E36/><V9/><F9/><W83/><G41/><T115/><D115/><U105/><E105/><V119/><F119/><W64/><G59/><T61/><D61/><U16/><E1/><V114/><F114/><W51/><G51/><T19/><D19/><N who="1" m="8679" /><E46/><V75/><F74/><W135/><G64/><AGARI ba="0,0" hai="4,5,16,22,25,44,49,53,57,62,64" m="8679" machi="64" ten="30,7700,0" yaku="8,1,52,2,54,1" doraHai="13" who="1" fromWho="3" sc="151,0,268,77,352,0,229,-77" /><INIT seed="3,0,0,0,2,116" ten="151,345,352,152" oya="3" hai0="122,104,102,90,133,126,12,19,87,108,52,43,11" hai1="123,7,4,42,47,60,1,86,88,46,105,82,135" hai2="74,94,28,6,69,89,32,127,39,25,78,23,121" hai3="114,109,2,44,77,53,110,75,17,61,67,48,33"/><W97/><G114/><T56/><D122/><U103/><E123/><V125/><F121/><W84/><G75/><T62/><D108/><N who="3" m="41577" /><G33/><T54/><D126/><N who="2" m="48138" /><F39/><W111/><N who="3" m="41585" /><W55/><DORA hai="66" /><G2/><T130/><D130/><U38/><E135/><V18/><F6/><W13/><G97/><T73/><D73/><U15/><E1/><V22/><F69/><N who="3" m="42223" /><G84/><T21/><D133/><U14/><E4/><V72/><F78/><W96/><G96/><T41/><D102/><U49/><E103/><V30/><F30/><W24/><G77/><T0/><D104/><U71/><E7/><V100/><F100/><W8/><G24/><T3/><D3/><U36/><E105/><V79/><F79/><W115/><G115/><T5/><REACH who="0" step="1"/><D54/><AGARI ba="0,0" hai="8,13,17,44,48,53,54,55" m="42223,41585" machi="54" ten="40,7700,0" yaku="14,1,10,1,52,1" doraHai="116,66" who="3" fromWho="0" sc="151,-77,345,0,352,0,152,77" /><INIT seed="3,1,0,2,2,130" ten="74,345,352,229" oya="3" hai0="100,110,102,131,95,22,101,114,7,24,119,66,115" hai1="63,68,60,134,13,128,88,29,12,122,72,61,90" hai2="74,50,43,32,109,82,127,52,35,116,55,38,92" hai3="10,76,91,51,44,46,108,42,64,14,126,84,40"/><W34/><G34/><T37/><D119/><U16/><E122/><V99/><F116/><W69/><G108/><T31/><D110/><U62/><E72/><V4/><F109/><W87/><G126/><T106/><D106/><U18/><E128/><V26/><F127/><W58/><G69/><T123/><D123/><U124/><E124/><V93/><F38/><W41/><G76/><T0/><D131/><U21/><E29/><V15/><F74/><W49/><G41/><T67/><D37/><U73/><E73/><V53/><F35/><W121/><G121/><T105/><D105/><U86/><E134/><V113/><F32/><W57/><G64/><T30/><D30/><U56/><E68/><V9/><F113/><N who="0" m="43018" /><D95/><N who="2" m="36426" /><F26/><W117/><G117/><T65/><D7/><U83/><E90/><V27/><F27/><W120/><G120/><T6/><D6/><U70/><E70/><V2/><F2/><AGARI ba="1,0" hai="0,2,22,24,31,65,66,67,100,101,102" m="43018" machi="2" ten="40,1300,0" yaku="11,1" doraHai="130" who="0" fromWho="2" sc="74,16,345,0,352,-16,229,0" /><INIT seed="4,0,0,3,2,7" ten="90,345,336,229" oya="0" hai0="88,128,47,124,135,13,64,81,107,34,11,12,95" hai1="69,23,106,37,113,19,78,105,52,104,74,2,48" hai2="27,71,41,111,120,123,59,10,73,5,16,100,30" hai3="70,114,33,89,8,109,56,117,15,6,42,132,50"/><T110/><D34/><U102/><E37/><V122/><F71/><W3/><G109/><T86/><D107/><U57/><E69/><V126/><F111/><W85/><G117/><T118/><D118/><U93/><E2/><V53/><F73/><W103/><G70/><T61/><D110/><U35/><E35/><V108/><F108/><W83/><G33/><T68/><D128/><U72/><E78/><V134/><F134/><W63/><G132/><T75/><D135/><U133/><E133/><V65/><F126/><W96/><G114/><T45/><D13/><U84/><E113/><V4/><F41/><W76/><G3/><T66/><D66/><U129/><E129/><V54/><F100/><W80/><G50/><T26/><D26/><U79/><E79/><V112/><F112/><W60/><G42/><T21/><D21/><U119/><E119/><V130/><F130/><W18/><G6/><T25/><D25/><U87/><E87/><V97/><F97/><W38/><G56/><T99/><D75/><U101/><E101/><V49/><F65/><W127/><G38/><T43/><D43/><U90/><E102/><V92/><F54/><W0/><G0/><T24/><D24/><U62/><E62/><V22/><F92/><W125/><G125/><T1/><D1/><U115/><E115/><V28/><F4/><W98/><G127/><T20/><D20/><U67/><E67/><V40/><F40/><W17/><G103/><N who="0" m="60927" /><D124/><U9/><E23/><V82/><F82/><W44/><G83/><T36/><D36/><U51/><E104/><V29/><F29/><RYUUKYOKU ba="0,0" sc="90,15,345,-15,336,15,229,-15" hai0="11,12,45,47,61,64,68,81,86,88" hai2="5,10,16,22,27,28,30,49,53,59,120,122,123" /><INIT seed="4,1,0,1,2,62" ten="105,330,351,214" oya="0" hai0="37,111,48,4,12,39,8,16,54,114,106,93,67" hai1="38,75,46,58,79,83,66,94,50,40,120,49,123" hai2="132,36,47,107,113,45,130,92,95,51,61,105,129" hai3="70,28,25,15,7,23,110,125,2,87,31,6,124"/><T43/><D106/><N who="2" m="40458" /><F36/><W91/><G70/><T131/><D131/><N who="2" m="50186" /><F113/><W116/><G116/><T1/><D111/><U88/><E38/><V101/><F132/><W100/><G100/><T135/><D135/><U89/><E89/><V5/><F101/><W103/><G103/><T3/><D114/><U133/><E133/><V85/><F5/><W0/><G110/><T112/><D112/><U76/><E76/><V35/><F35/><W81/><G28/><T69/><D93/><N who="2" m="35914" /><F85/><W71/><G71/><T82/><D82/><U44/><E58/><V33/><F33/><W108/><G108/><T64/><D69/><U22/><E22/><V65/><F51/><W84/><G84/><T102/><D102/><U53/><E66/><V127/><F127/><N who="3" m="48715" /><G7/><T104/><D39/><U42/><E53/><V119/><F119/><W59/><G59/><AGARI ba="1,0" hai="45,47,59,61,65" m="35914,50186,40458" machi="59" ten="30,2000,0" yaku="19,1,52,1" doraHai="62" who="2" fromWho="3" sc="105,0,330,0,351,23,214,-23" /><INIT seed="5,0,0,4,1,84" ten="105,330,374,191" oya="1" hai0="26,83,106,69,130,107,30,63,78,14,105,17,40" hai1="59,127,86,112,75,90,104,70,66,124,115,35,13" hai2="0,73,74,117,6,134,7,9,12,110,135,81,28" hai3="80,67,72,95,100,101,19,79,114,64,38,21,128"/><U121/><E75/><V126/><F110/><W3/><G38/><T111/><D111/><U34/><E104/><V46/><F117/><W41/><G3/><T91/><D40/><U42/><E70/><V98/><F126/><N who="1" m="48169" /><E13/><V60/><F28/><W47/><G114/><N who="1" m="43562" /><E42/><V22/><F73/><W77/><G77/><T82/><D130/><U103/><E103/><V33/><F74/><W93/><G128/><T62/><D69/><U27/><E27/><V8/><F12/><W23/><G41/><T36/><D36/><U125/><E121/><V65/><F0/><W61/><G72/><T24/><D78/><U54/><E66/><V20/><F65/><W76/><G47/><T102/><D102/><U68/><E68/><V18/><F46/><W10/><G64/><T92/><D107/><U109/><E109/><V25/><F25/><N who="0" m="9834" /><D106/><U132/><E132/><V49/><F135/><W11/><G67/><T15/><D105/><U123/><E123/><V44/><F134/><W113/><G113/><T1/><D15/><U4/><E4/><V53/><F7/><W85/><G19/><T116/><D1/><U29/><E29/><V48/><F6/><W89/><G100/><T96/><D30/><U2/><E2/><V32/><F18/><W122/><G101/><T131/><D131/><U71/><E71/><V129/><F129/><W45/><G122/><T120/><D120/><U97/><E125/><V108/><F108/><W50/><G76/><T55/><D17/><U31/><E31/><V56/><F33/><W57/><G79/><T43/><D14/><U52/><E35/><RYUUKYOKU ba="0,0" sc="105,0,330,0,374,0,191,0" /><INIT seed="6,1,0,0,2,76" ten="105,330,374,191" oya="2" hai0="54,7,59,83,24,81,122,27,23,80,106,125,75" hai1="60,127,92,70,26,77,14,49,98,19,120,61,46" hai2="44,6,42,94,12,43,47,131,0,37,22,102,62" hai3="89,63,45,101,123,50,73,118,16,87,84,9,35"/><V30/><F131/><W38/><G118/><T107/><D75/><U40/><E120/><V71/><F0/><W64/><G123/><T121/><D122/><U17/><E127/><V52/><F71/><W25/><G73/><T132/><D121/><U36/><E70/><V51/><F62/><W86/><G38/><T129/><D129/><U39/><E39/><V48/><F37/><W104/><G35/><T110/><D110/><U56/><E77/><V90/><F102/><W99/><G63/><T18/><D125/><U82/><E82/><V117/><F117/><W97/><G97/><T111/><D111/><U74/><E74/><V68/><F68/><W11/><G64/><T96/><D27/><U57/><E36/><V109/><F109/><W134/><G134/><T103/><D7/><U91/><E26/><N who="2" m="16727" /><F12/><W4/><G4/><T53/><D132/><U95/><E95/><V72/><F72/><W113/><G113/><T100/><D59/><N who="1" m="22603" /><E19/><V65/><F65/><W130/><G130/><T41/><D41/><U115/><E115/><V114/><F114/><W67/><G67/><T13/><D24/><U21/><AGARI ba="1,0" hai="14,17,21,40,46,49,60,61,91,92,98" m="22603" machi="21" ten="30,1100,0" yaku="8,1" doraHai="76" who="1" fromWho="1" sc="105,-4,330,14,374,-6,191,-4" /><INIT seed="7,0,0,4,1,59" ten="101,344,368,187" oya="3" hai0="128,105,117,134,103,41,5,101,126,6,99,129,58" hai1="73,3,91,92,48,127,97,70,16,133,20,66,94" hai2="46,108,17,79,82,37,13,36,78,45,106,88,132" hai3="22,84,1,119,65,12,69,112,53,98,57,131,135"/><W10/><G119/><T62/><D41/><U50/><E73/><V15/><F106/><W35/><G35/><T0/><D117/><U122/><E122/><V14/><F108/><W109/><G112/><T124/><D5/><U40/><E3/><V95/><F132/><W29/><G1/><T74/><D74/><U32/><E32/><V83/><F37/><W24/><G109/><T11/><D103/><U23/><E23/><V71/><F71/><W21/><G131/><T87/><D87/><U111/><E111/><V19/><F36/><W38/><G38/><T2/><D2/><U118/><E118/><V130/><F130/><W8/><G135/><T52/><REACH who="0" step="1"/><D134/><REACH who="0" ten="91,344,368,187" step="2"/><U114/><E133/><V100/><F100/><W51/><G84/><T115/><D115/><U7/><E7/><V33/><F79/><W125/><G98/><T54/><D54/><U56/><E114/><V90/><F78/><W72/><G72/><T49/><D49/><U43/><E127/><V76/><F76/><W89/><G125/><T85/><D85/><N who="1" m="52335" /><E70/><V96/><F90/><W104/><G89/><T67/><D67/><U123/><E123/><V44/><F33/><W63/><G104/><T61/><D61/><N who="1" m="38183" /><E43/><V39/><F39/><W121/><G121/><T25/><D25/><N who="1" m="14471" /><E40/><V102/><F102/><AGARI ba="0,1" hai="48,50,94,97,102" m="14471,38183,52335" machi="102" ten="30,3900,0" yaku="8,1,52,1,54,1" doraHai="59" who="1" fromWho="2" sc="91,0,344,49,368,-39,187,0" owari="91,-41.0,393,49.0,329,13.0,187,-21.0" /></mjloggm>