<mjloggm ver="2.3"><GO type="169" lobby="0"/><UN n0="%67%61%79%75%6E%79" n1="%48%41%49%48%55%4E" n2="%72%69%63%68%69%6B%6F" n3="%E5%B0%B1%E6%B4%BB%E7%94%9F%40%E5%B7%9D%E6%9D%91%E8%BB%8D%E5%9B%A3" dan="16,16,17,17" rate="2030.83,2010.00,2183.76,2185.81" sx="M,M,F,M"/><TAIKYOKU oya="0"/><INIT seed="0,0,0,0,0,51" ten="250,250,250,250" oya="0" hai0="115,108,134,129,81,34,30,132,33,104,62,75,21" hai1="131,91,47,74,72,7,100,85,16,28,45,17,67" hai2="0,135,68,60,50,3,26,133,122,5,87,8,117" hai3="61,101,93,13,4,79,24,106,95,43,40,37,46"/><T6/><D115/><U86/><E131/><V14/><F122/><W118/><G118/><T127/><D104/><U36/><E100/><V112/><F112/><W111/><G111/><T116/><D116/><U125/><E125/><V53/><F117/><W20/><G79/><T123/><D123/><U76/><E28/><V69/><F26/><W105/><G40/><T54/><D127/><U31/><E31/><V124/><F124/><W113/><G113/><T119/><D119/><U15/><E7/><V97/><F97/><W89/><G61/><T103/><D6/><U55/><E67/><V96/><F96/><W48/><G37/><T71/><D103/><U58/><E76/><V73/><F73/><W83/><G83/><T120/><D120/><U27/><E27/><V94/><F94/><W19/><G101/><T98/><D98/><U32/><E32/><V38/><F87/><W59/><G59/><N who="0" m="35191" /><D71/><U49/><E17/><V66/><F38/><W56/><G56/><T9/><D9/><N who="1" m="6255" /><E85/><V121/><F69/><W102/><G102/><T42/><D42/><N who="1" m="22727" /><E58/><N who="2" m="33079" /><F121/><W84/><G95/><T64/><D64/><U130/><E130/><V63/><F63/><W114/><G114/><T80/><D129/><U70/><E70/><V82/><F82/><AGARI ba="0,0" hai="47,49,55,72,74,82,86,91" m="22727,6255" machi="82" ten="30,3900,0" yaku="25,1,52,1,54,1" doraHai="51" who="1" fromWho="2" sc="250,0,250,39,250,-39,250,0" /><INIT seed="1,0,0,3,1,83" ten="250,289,211,250" oya="1" hai0="61,17,91,45,51,63,33,110,25,69,60,56,88" hai1="47,54,108,58,34,75,44,85,10,23,24,104,118" hai2="78,39,89,134,94,18,13,7,129,76,73,59,119" hai3="121,12,5,36,120,6,74,122,125,64,32,113,124"/><U95/><E118/><V72/><F119/><W52/><G74/><T111/><D69/><U71/><E75/><V42/><F129/><W70/><G36/><T130/><D130/><U117/><E117/><V28/><F134/><W3/><G113/><T21/><D33/><U84/><E104/><V46/><F28/><W65/><G32/><T126/><D56/><U62/><E34/><V98/><F7/><N who="3" m="2571" /><G3/><T15/><D25/><U135/><E135/><V99/><F72/><W97/><G97/><T14/><D14/><U19/><E108/><N who="0" m="41513" /><D126/><N who="3" m="48745" /><G70/><T68/><D68/><U1/><E71/><V115/><F115/><W105/><G105/><T123/><D123/><U67/><E1/><V29/><F29/><W4/><N who="3" m="2579" /><W112/><DORA hai="77" /><G112/><T55/><AGARI ba="0,0" hai="15,17,21,45,51,55,60,61,63,88,91" m="41513" machi="55" ten="30,2000,0" yaku="14,1,54,1" doraHai="83,77" who="0" fromWho="0" sc="250,20,289,-10,211,-5,250,-5" /><INIT seed="2,0,0,3,4,40" ten="270,279,206,245" oya="2" hai0="74,127,14,35,134,44,121,16,32,52,56,109,17" hai1="77,55,76,98,48,42,114,103,108,20,106,112,88" hai2="129,122,84,6,11,1,63,5,90,25,116,8,70" hai3="83,60,91,92,82,50,79,71,53,41,57,113,4"/><V0/><F122/><W62/><G113/><T26/><D121/><U110/><E42/><V69/><F129/><W28/><G28/><T99/><D127/><U104/><E20/><V30/><F63/><W23/><G4/><T100/><D74/><U33/><E33/><V36/><F36/><W64/><G23/><T9/><D109/><N who="1" m="42091" /><E106/><V10/><F10/><W65/><G79/><N who="1" m="30282" /><E88/><V107/><F107/><W19/><G19/><T78/><D78/><U54/><E54/><V96/><F96/><W81/><G41/><T45/><D32/><U111/><N who="1" m="42099" /><U2/><DORA hai="39" /><E2/><V101/><F101/><W67/><REACH who="3" step="1"/><G50/><REACH who="3" ten="270,279,206,235" step="2"/><T117/><D35/><U75/><E75/><V131/><F131/><W118/><G118/><T37/><D117/><U86/><E86/><AGARI ba="0,1" hai="53,57,60,62,64,65,67,71,81,82,83,86,91,92" machi="86" ten="40,2600,0" yaku="1,1,53,1" doraHai="40,39" doraHaiUra="89,47" who="3" fromWho="1" sc="270,0,279,-26,206,0,235,36" /><INIT seed="3,0,0,2,3,9" ten="270,253,206,271" oya="3" hai0="23,72,122,55,57,133,98,24,126,107,41,75,29" hai1="68,106,40,91,39,81,132,76,108,34,102,79,121" hai2="65,13,48,43,123,27,1,74,66,92,62,109,50" hai3="28,117,85,134,71,19,52,94,131,130,12,99,38"/><W33/><G71/><T70/><D122/><U14/><E121/><V32/><F123/><W115/><G117/><T120/><D120/><U15/><E108/><V77/><F1/><W3/><G38/><T6/><D6/><U103/><E132/><V95/><F109/><W80/><G3/><T20/><D70/><U22/><E34/><V21/><F74/><W51/><G134/><T89/><D41/><U26/><E68/><V86/><F32/><W60/><G115/><T42/><D42/><U59/><E106/><V4/><F95/><W128/><G28/><T30/><D133/><U135/><E135/><V82/><F92/><W125/><G33/><T113/><D126/><U104/><E104/><V46/><F50/><W90/><G60/><T67/><D67/><U5/><E5/><V49/><F48/><W36/><G36/><T118/><D118/><U64/><E40/><V73/><F73/><W110/><G110/><T16/><D30/><N who="1" m="17751" /><E91/><V119/><F119/><W11/><G125/><T116/><D116/><U45/><E45/><V114/><F62/><W56/><REACH who="3" step="1"/><G80/><REACH who="3" ten="270,253,206,261" step="2"/><T69/><D69/><U129/><E39/><V2/><F2/><W25/><G25/><T58/><D113/><U8/><E81/><V84/><F114/><W17/><G17/><T0/><D16/><U88/><E129/><V37/><F37/><W35/><G35/><T54/><D29/><U61/><E61/><V124/><F124/><W47/><G47/><T127/><D0/><U44/><E44/><V93/><F46/><W97/><AGARI ba="0,1" hai="11,12,19,51,52,56,85,90,94,97,99,128,130,131" machi="97" ten="40,12000,1" yaku="1,1,0,1,19,1,52,1,54,1,53,0" doraHai="9" doraHaiUra="105" who="3" fromWho="3" sc="270,-40,253,-40,206,-40,261,130" /><INIT seed="3,1,0,5,0,77" ten="230,213,166,391" oya="3" hai0="132,66,3,40,11,134,16,112,58,12,80,20,38" hai1="18,35,24,99,93,69,6,56,131,122,67,76,121" hai2="2,49,36,123,74,73,127,119,1,129,8,19,42" hai3="111,43,44,32,39,50,117,57,130,30,54,120,21"/><W106/><G117/><T84/><D112/><U31/><E131/><V113/><F119/><W78/><G120/><T124/><D124/><U26/><E69/><V104/><F113/><W45/><G32/><T0/><D40/><U85/><E6/><V4/><F123/><W22/><G106/><T79/><D38/><U47/><E47/><V114/><F114/><W126/><G126/><T91/><D79/><U52/><E67/><V110/><F104/><W65/><G130/><T13/><D66/><U105/><E105/><V118/><F2/><W59/><G111/><T100/><D58/><U28/><E18/><V96/><F73/><W34/><G34/><T41/><D41/><U33/><E85/><V128/><F74/><W53/><G30/><T133/><D100/><U7/><E7/><AGARI ba="1,0" hai="0,3,7,11,12,13,16,20,80,84,91,132,133,134" machi="7" ten="40,5200,0" yaku="20,1,52,1,54,1" doraHai="77" who="0" fromWho="1" sc="230,55,213,-55,166,0,391,0" /><INIT seed="4,0,0,2,2,68" ten="285,158,166,391" oya="0" hai0="84,106,52,80,129,62,66,49,27,101,123,90,78" hai1="131,58,7,23,93,99,120,22,61,132,3,64,53" hai2="35,95,86,46,0,74,126,77,26,13,20,69,67" hai3="9,135,17,134,119,65,54,31,44,60,108,112,117"/><T63/><D123/><U33/><E120/><V105/><F105/><W125/><G31/><T70/><D129/><U15/><E33/><V133/><F126/><W116/><G108/><T85/><D62/><U89/><E132/><N who="3" m="50730" /><G125/><T1/><D1/><U128/><E3/><V41/><F0/><W30/><G30/><T45/><D106/><U12/><E64/><V97/><F74/><W50/><G112/><T8/><D8/><N who="1" m="4127" /><E15/><V127/><F35/><W5/><G17/><T24/><REACH who="0" step="1"/><D101/><REACH who="0" ten="275,158,166,391" step="2"/><U40/><E61/><V48/><F133/><W28/><G9/><T21/><D21/><U91/><E22/><V82/><F127/><W103/><G103/><T111/><D111/><U10/><E23/><V55/><F13/><W57/><G5/><T83/><AGARI ba="0,1" hai="24,27,45,49,52,63,66,70,78,80,83,84,85,90" machi="83" ten="20,12000,1" yaku="1,1,0,1,7,1,54,1,53,1" doraHai="68" doraHaiUra="73" who="0" fromWho="0" sc="275,130,158,-40,166,-40,391,-40" /><INIT seed="4,1,0,0,2,66" ten="405,118,126,351" oya="0" hai0="3,6,28,135,55,12,20,74,107,11,4,24,79" hai1="105,22,2,122,126,29,127,88,37,41,113,104,21" hai2="62,57,30,96,128,102,68,7,23,26,31,48,124" hai3="9,36,109,89,10,0,65,32,18,77,17,130,92"/><T69/><D107/><N who="1" m="41035" /><E122/><V119/><F124/><N who="1" m="47657" /><E113/><V106/><F128/><W132/><G36/><T16/><D69/><U129/><E129/><V25/><F119/><W53/><G109/><T71/><D71/><U64/><E2/><V42/><F7/><W111/><G111/><T86/><D74/><U115/><E115/><V70/><F48/><W118/><G32/><T5/><D55/><U19/><E29/><V131/><F42/><W116/><G77/><T73/><D73/><U33/><E33/><V101/><F101/><W84/><G132/><T51/><D51/><U45/><E64/><V34/><REACH who="2" step="1"/><F131/><REACH who="2" ten="405,118,116,351" step="2"/><W47/><G130/><T99/><D135/><U56/><E56/><V87/><F87/><W121/><G121/><T72/><D72/><U133/><E133/><V44/><F44/><W60/><G116/><T91/><D99/><U97/><E19/><V63/><F63/><W50/><G118/><T123/><D123/><U85/><E97/><V40/><F40/><W120/><G120/><T43/><D43/><U38/><E38/><V52/><AGARI ba="1,1" hai="23,25,26,30,31,34,52,57,62,68,70,96,102,106" machi="52" ten="20,12000,2" yaku="1,1,0,1,7,1,52,2,54,1,53,0" doraHai="66" doraHaiUra="35" who="2" fromWho="2" sc="405,-61,118,-31,116,133,351,-31" /><INIT seed="5,0,0,2,2,29" ten="344,87,249,320" oya="1" hai0="54,80,47,102,74,126,132,72,14,52,22,9,51" hai1="62,2,112,32,135,10,36,27,73,30,55,3,134" hai2="125,90,114,37,101,28,67,40,123,75,83,81,60" hai3="63,1,19,24,45,12,31,66,92,133,38,82,20"/><U21/><E36/><V129/><F123/><W5/><G133/><N who="1" m="50698" /><E73/><V116/><F116/><W49/><G38/><T119/><D119/><U127/><E62/><V121/><F121/><W113/><G113/><T57/><D132/><U25/><E55/><V26/><F125/><W61/><G82/><T13/><D126/><U8/><E127/><V107/><F129/><W59/><G63/><T16/><D102/><U76/><E76/><V79/><F114/><W108/><G108/><T0/><D0/><N who="1" m="43" /><E112/><V46/><F101/><W84/><G5/><T100/><D80/><U6/><E6/><V99/><F99/><W96/><G1/><T65/><D65/><U110/><E110/><V70/><F107/><W87/><G49/><T41/><D100/><U69/><E69/><V95/><F83/><W122/><G45/><T128/><D54/><U130/><E130/><V50/><F37/><W105/><G105/><T33/><D128/><U88/><E88/><V111/><F111/><W68/><G68/><T120/><D120/><U35/><E35/><V117/><F117/><W34/><REACH who="3" step="1"/><G122/><REACH who="3" ten="344,87,249,310" step="2"/><T11/><D33/><U15/><E15/><V71/><F71/><W4/><G4/><T39/><REACH who="0" step="1"/><D22/><REACH who="0" ten="334,87,249,310" step="2"/><U115/><E115/><V93/><F90/><AGARI ba="0,2" hai="12,19,20,24,31,34,59,61,66,84,87,90,92,96" machi="90" ten="30,3900,0" yaku="1,1,7,1,52,1,53,0" doraHai="29" doraHaiUra="131" who="3" fromWho="2" sc="334,0,87,0,249,-39,310,59" /><INIT seed="6,0,0,4,3,102" ten="334,87,210,369" oya="2" hai0="33,115,67,80,43,96,75,128,40,89,101,122,81" hai1="39,98,32,111,104,127,118,27,9,41,79,94,114" hai2="71,106,129,83,93,50,22,21,1,74,116,95,91" hai3="97,48,107,132,69,120,77,54,46,3,51,130,134"/><V44/><F116/><W64/><G3/><T5/><D122/><U86/><E118/><V73/><F129/><W19/><G120/><T84/><D33/><U99/><E111/><V108/><F71/><W103/><G130/><T8/><D128/><U7/><E114/><V58/><F108/><W62/><G77/><T82/><D115/><U126/><E39/><V45/><F1/><W90/><G90/><T66/><D75/><U65/><E41/><N who="0" m="15945" /><D101/><N who="1" m="62527" /><E65/><N who="0" m="24585" /><D96/><U0/><E86/><V88/><F58/><W26/><G51/><T11/><D5/><U87/><E87/><V59/><F59/><W125/><G125/><N who="1" m="47626" /><E79/><V131/><F131/><W57/><G69/><T52/><D52/><U4/><E4/><V133/><F74/><W10/><G10/><AGARI ba="0,0" hai="8,10,11,80,81,82,84,89" m="24585,15945" machi="10" ten="30,1000,0" yaku="8,1" doraHai="102" who="0" fromWho="3" sc="334,10,87,0,210,0,369,-10" /><INIT seed="7,0,0,2,3,100" ten="344,87,210,359" oya="3" hai0="59,114,47,66,38,41,78,104,77,116,9,14,26" hai1="7,56,101,74,110,95,25,13,34,4,40,0,96" hai2="73,113,19,123,16,57,72,106,39,65,30,81,112" hai3="10,15,37,82,52,44,68,121,97,53,61,87,120"/><W117/><G117/><T86/><D116/><U36/><E110/><V75/><F123/><W109/><G109/><T111/><D111/><U102/><E0/><V131/><F131/><W130/><G130/><T11/><D104/><U22/><E34/><V88/><F39/><W125/><G125/><T80/><D114/><N who="2" m="44138" /><F30/><W119/><G119/><T3/><D3/><U35/><E35/><V71/><F106/><W27/><G97/><T5/><D11/><U62/><E74/><V93/><F81/><W8/><G27/><T107/><D107/><U6/><E102/><V1/><F71/><W45/><G10/><T79/><REACH who="0" step="1"/><D26/><REACH who="0" ten="334,87,210,359" step="2"/><U20/><E36/><V122/><F1/><W55/><G120/><T108/><D108/><U32/><E32/><V12/><F12/><W133/><G121/><T60/><AGARI ba="0,1" hai="5,9,14,38,41,47,59,60,66,77,78,79,80,86" machi="60" ten="30,2000,0" yaku="1,1,0,1,53,0" doraHai="100" doraHaiUra="84" who="0" fromWho="0" sc="334,30,87,-5,210,-5,359,-10" owari="364,46.0,82,-42.0,205,-19.0,349,15.0" /></mjloggm>