<mjloggm ver="2.3"><GO type="169" lobby="0"/><UN n0="%E5%B0%B1%E6%B4%BB%E7%94%9F%40%E5%B7%9D%E6%9D%91%E8%BB%8D%E5%9B%A3" n1="%E9%B3%B3%E3%81%8F%E3%82%93" n2="%E3%83%A0%E3%82%AF" n3="%E3%83%AA%E3%83%BC%E3%83%81%EF%BC%91" dan="18,16,16,17" rate="2236.03,2100.75,2123.11,2128.81" sx="M,M,M,M"/><TAIKYOKU oya="0"/><INIT seed="0,0,0,2,5,6" ten="250,250,250,250" oya="0" hai0="59,26,131,44,71,74,103,62,118,31,112,134,9" hai1="95,72,77,41,45,117,98,0,113,64,116,89,27" hai2="63,125,115,66,12,80,53,132,60,54,119,120,65" hai3="11,108,133,38,85,23,123,58,124,18,121,36,111"/><T128/><D74/><U4/><E113/><V83/><F115/><W104/><G104/><T78/><D118/><U127/><E64/><V126/><F119/><W10/><G58/><T99/><D112/><U48/><E127/><N who="2" m="48651" /><F12/><N who="3" m="9671" /><G85/><T13/><D78/><U51/><E72/><V135/><F120/><N who="3" m="46155" /><G124/><T40/><D134/><N who="2" m="51242" /><F83/><W55/><G55/><N who="2" m="21001" /><F80/><W94/><G94/><T88/><D71/><U49/><E77/><V109/><F109/><N who="3" m="42059" /><G133/><T3/><D103/><U37/><E95/><V106/><F106/><W5/><G5/><T84/><D99/><U122/><E4/><V107/><F107/><W96/><G96/><T86/><D86/><U81/><E98/><V100/><F100/><W14/><G14/><T102/><D13/><U24/><E81/><V34/><F34/><W21/><G21/><T129/><D102/><U32/><E122/><V114/><F114/><W30/><G30/><T22/><D84/><U76/><E76/><V20/><F20/><W87/><G87/><T79/><D79/><U93/><E93/><V2/><F2/><W56/><G56/><T39/><D88/><U75/><E0/><V46/><F46/><W50/><G50/><T68/><D68/><U42/><E89/><V97/><F97/><W35/><G35/><T92/><D92/><U19/><E32/><V101/><F101/><W15/><G15/><T16/><D31/><U91/><E91/><V17/><F17/><W1/><G1/><T90/><D90/><U8/><E19/><V29/><F29/><W43/><G38/><T57/><D62/><AGARI ba="0,0" hai="60,62,63,65,66" m="21001,51242,48651" machi="62" ten="40,12000,2" yaku="28,2,18,1,20,1,34,2" doraHai="6" who="2" fromWho="0" sc="250,-120,250,0,250,120,250,0" /><INIT seed="1,0,0,1,0,71" ten="130,250,370,250" oya="1" hai0="134,129,33,118,36,12,6,62,89,96,88,47,133" hai1="65,72,103,32,0,44,87,64,120,74,1,104,78" hai2="68,52,18,122,27,63,43,29,67,19,57,56,92" hai3="60,10,61,3,94,110,11,108,117,54,97,93,23"/><U82/><E120/><V121/><F43/><W114/><G114/><T130/><D33/><U70/><E65/><V107/><F107/><W17/><G117/><T28/><D118/><U101/><E101/><V16/><F92/><W35/><G35/><T39/><D28/><U127/><E74/><V115/><F115/><W59/><G61/><T90/><D96/><N who="1" m="61543" /><E44/><V7/><F7/><W106/><G106/><T81/><D81/><U102/><E102/><V84/><F84/><W46/><G46/><T8/><D62/><N who="1" m="40215" /><E87/><V14/><F14/><W119/><G119/><T86/><D86/><U83/><E83/><V34/><REACH who="2" step="1"/><F68/><REACH who="2" ten="130,250,360,250" step="2"/><W76/><G94/><T2/><D2/><N who="1" m="1131" /><E32/><V69/><F69/><W24/><G3/><T53/><D53/><U111/><E111/><N who="3" m="42538" /><G76/><T21/><D21/><U4/><E4/><V113/><F113/><W41/><G41/><N who="0" m="22951" /><D39/><U66/><E66/><V80/><F80/><W5/><G5/><T100/><D100/><AGARI ba="0,1" hai="10,11,17,23,24,54,59,60,93,97,100" m="42538" machi="100" ten="30,1000,0" yaku="14,1" doraHai="71" who="3" fromWho="0" sc="130,-10,250,0,360,0,250,20" /><INIT seed="2,0,0,4,5,101" ten="120,250,360,270" oya="2" hai0="36,64,110,54,15,96,24,116,62,38,108,48,90" hai1="128,111,43,65,37,119,68,94,129,134,52,63,8" hai2="89,66,14,118,133,55,58,1,18,56,25,114,33" hai3="22,125,61,87,105,0,74,57,124,73,16,131,112"/><V84/><F133/><W6/><G112/><T59/><D24/><U78/><E78/><V39/><F114/><W82/><G131/><N who="1" m="50250" /><E134/><V120/><F118/><W88/><G6/><T20/><D96/><U50/><E119/><V71/><F120/><W104/><G0/><T97/><D116/><U69/><E8/><V109/><F39/><W49/><G49/><T67/><D20/><U13/><E13/><V70/><F1/><W35/><G35/><T60/><D15/><U75/><E94/><V11/><F109/><N who="0" m="42090" /><D97/><U3/><E75/><V10/><F10/><W46/><G46/><N who="0" m="27927" /><D90/><U123/><E3/><V23/><F33/><W77/><G74/><T103/><D103/><U130/><E111/><V9/><F9/><W85/><G73/><T5/><D5/><U40/><E130/><V126/><F66/><W79/><G79/><T122/><D122/><U44/><E123/><V86/><F58/><AGARI ba="0,0" hai="36,38,58,59,60,62,64,67" m="27927,42090" machi="58" ten="30,3900,0" yaku="14,1,34,2" doraHai="101" who="0" fromWho="2" sc="120,39,250,0,360,-39,270,0" /><INIT seed="3,0,0,3,3,61" ten="159,250,321,270" oya="3" hai0="18,63,70,132,26,74,3,15,117,9,121,106,108" hai1="19,42,69,37,39,54,113,126,131,16,12,123,84" hai2="83,60,107,53,6,30,86,14,93,17,76,45,51" hai3="21,2,111,8,13,7,10,33,92,115,78,20,104"/><W125/><G104/><T91/><D106/><U119/><E123/><V102/><F107/><W124/><G115/><T79/><D3/><U97/><E113/><V118/><F118/><W71/><G71/><T129/><D117/><U41/><E119/><V99/><F30/><W112/><G78/><T66/><D121/><U134/><E97/><V44/><F60/><W52/><G112/><T23/><D129/><U128/><E84/><V31/><F31/><W57/><G92/><T25/><D132/><U109/><E134/><V77/><F6/><W1/><G33/><T62/><D108/><U72/><E69/><V105/><F105/><W24/><G111/><T85/><D63/><U38/><E109/><V101/><F101/><W73/><G73/><T35/><D35/><U56/><E72/><V29/><F29/><W5/><G13/><T133/><D133/><U110/><E110/><V0/><F0/><W32/><G32/><T82/><REACH who="0" step="1"/><D9/><REACH who="0" ten="149,250,321,270" step="2"/><U50/><E126/><N who="3" m="48746" /><G24/><T67/><D67/><U28/><E28/><V122/><F122/><W116/><G116/><T87/><D87/><U65/><E19/><V49/><F86/><W46/><G2/><T80/><AGARI ba="0,1" hai="15,18,23,25,26,62,66,70,74,79,80,82,85,91" machi="80" ten="20,5200,0" yaku="1,1,0,1,7,1,52,1,53,0" doraHai="61" doraHaiUra="130" who="0" fromWho="0" sc="149,62,250,-13,321,-13,270,-26" /><INIT seed="4,0,0,3,1,103" ten="211,237,308,244" oya="0" hai0="105,6,22,81,30,129,55,8,68,104,133,113,134" hai1="2,24,18,54,41,11,106,17,64,112,99,12,16" hai2="57,66,43,110,31,125,85,59,76,109,101,82,7" hai3="87,0,35,131,75,45,60,32,120,84,40,62,56"/><T94/><D68/><U37/><E112/><V135/><F135/><N who="0" m="51722" /><D113/><U100/><E2/><V130/><F130/><W77/><G0/><N who="0" m="71" /><D129/><U117/><E64/><V80/><F125/><W19/><G131/><T46/><D81/><U69/><E69/><V86/><F7/><W97/><G120/><T95/><D30/><U33/><E117/><V15/><F31/><W25/><G75/><T61/><D22/><U49/><E41/><V34/><F34/><W73/><G73/><T123/><D123/><U4/><E37/><V26/><F26/><W52/><G77/><T78/><D78/><U128/><E128/><V51/><F15/><W90/><G32/><T132/><D132/><U63/><E63/><V67/><F101/><W38/><G60/><T14/><D14/><U116/><E116/><V72/><F72/><W108/><G35/><T74/><D74/><U91/><E91/><N who="2" m="51623" /><F110/><W53/><G108/><T10/><D10/><U20/><REACH who="1" step="1"/><E33/><REACH who="1" ten="211,227,308,244" step="2"/><V92/><F109/><W119/><G119/><T13/><D13/><U48/><E48/><V71/><F51/><W29/><G38/><T9/><D9/><U28/><E28/><V114/><F71/><W121/><G29/><T118/><D118/><U44/><AGARI ba="0,1" hai="4,11,12,16,17,18,20,24,44,49,54,99,100,106" machi="44" ten="20,12000,2" yaku="1,1,0,1,7,1,52,1,54,1,53,1" doraHai="103" doraHaiUra="98" who="1" fromWho="1" sc="211,-60,227,130,308,-30,244,-30" /><INIT seed="5,0,0,4,5,88" ten="151,357,278,214" oya="1" hai0="20,112,91,66,77,127,49,17,86,87,52,36,40" hai1="130,82,46,135,39,38,2,108,51,72,76,35,124" hai2="74,90,109,103,62,125,71,44,58,69,132,70,106" hai3="5,114,111,92,19,116,56,73,67,31,13,102,7"/><U21/><E35/><V14/><F109/><W119/><G111/><T89/><D112/><U41/><E108/><V131/><F74/><W133/><G73/><T81/><D127/><U28/><E124/><V57/><F125/><W18/><G114/><T4/><D4/><U117/><E117/><N who="3" m="45130" /><G31/><T65/><D40/><U26/><E2/><V128/><F132/><W43/><G43/><T93/><D36/><U59/><E135/><V34/><F34/><W95/><G102/><T25/><REACH who="0" step="1"/><D89/><REACH who="0" ten="141,357,278,214" step="2"/><U24/><E130/><V122/><F90/><W12/><G5/><T100/><D100/><U55/><E26/><V11/><F128/><W105/><G133/><T3/><D3/><U64/><E64/><V101/><F131/><W48/><G67/><T61/><D61/><AGARI ba="0,1" hai="21,24,28,38,39,41,46,51,55,59,61,72,76,82" machi="61" ten="30,1500,0" yaku="7,1" doraHai="88" who="1" fromWho="0" sc="141,-15,357,25,278,0,214,0" /><INIT seed="5,1,0,3,0,118" ten="126,382,278,214" oya="1" hai0="127,91,82,113,92,37,33,132,71,106,10,103,119" hai1="78,101,62,79,22,64,98,102,48,3,65,111,17" hai2="16,84,43,114,50,52,122,75,115,94,18,117,13" hai3="4,41,95,99,93,28,70,77,129,107,35,56,53"/><U110/><E3/><V87/><F117/><W131/><G70/><T108/><RYUUKYOKU type="yao9" ba="1,0" sc="126,0,382,0,278,0,214,0" hai0="10,33,37,71,82,91,92,103,106,108,113,119,127,132" /><INIT seed="5,2,0,5,2,57" ten="126,382,278,214" oya="1" hai0="56,101,90,10,44,107,65,38,27,12,88,8,62" hai1="43,54,69,78,68,114,63,103,49,55,17,126,118" hai2="99,51,72,32,24,11,70,111,87,6,73,33,21" hai3="74,28,109,64,52,105,35,5,106,0,59,91,29"/><U46/><E103/><V123/><F111/><W113/><G109/><T41/><D10/><U127/><E78/><V2/><F123/><W84/><G74/><T124/><D124/><N who="1" m="47659" /><E17/><V15/><F70/><N who="1" m="27241" /><E118/><V100/><F51/><W89/><G64/><T30/><D101/><U14/><E14/><V81/><F2/><W25/><G29/><T128/><D107/><U58/><E114/><V129/><F129/><W71/><G71/><T93/><D93/><U80/><E80/><V23/><F72/><W20/><G113/><T48/><D38/><U42/><AGARI ba="2,0" hai="42,43,46,49,54,55,58,63" m="27241,47659" machi="42" ten="40,12000,1" yaku="18,1,34,2,52,1" doraHai="57" who="1" fromWho="1" sc="126,-42,382,126,278,-42,214,-42" /><INIT seed="5,3,0,0,1,131" ten="84,508,236,172" oya="1" hai0="49,132,56,104,45,30,63,65,4,91,114,42,77" hai1="62,97,26,123,33,15,55,117,129,31,127,27,74" hai2="120,115,66,34,81,68,0,57,50,39,106,105,111" hai3="80,51,83,102,58,8,46,78,14,17,82,109,44"/><U128/><E74/><V32/><F120/><W85/><G109/><T73/><D104/><U107/><E123/><V121/><F121/><W10/><G102/><T25/><D114/><U126/><E117/><V100/><F111/><W87/><G10/><T89/><D4/><U2/><E2/><V116/><F116/><W70/><G70/><T23/><D73/><U59/><E15/><V124/><F0/><W88/><G83/><T7/><D77/><U118/><E118/><V38/><F68/><W43/><G46/><T64/><D7/><U6/><E6/><V61/><F124/><N who="1" m="47657" /><E26/><V47/><F115/><W98/><G98/><T20/><D132/><U41/><E41/><V94/><F106/><W21/><G21/><T86/><D23/><U29/><E29/><V67/><F105/><W122/><G122/><T95/><REACH who="0" step="1"/><D91/><REACH who="0" ten="74,508,236,172" step="2"/><U60/><E129/><V53/><F32/><W108/><G108/><T103/><D103/><U12/><E128/><V5/><F100/><W11/><G11/><T52/><AGARI ba="3,1" hai="20,25,30,42,45,49,52,56,63,64,65,86,89,95" machi="52" ten="20,12000,2" yaku="1,1,0,1,7,1,8,1,54,1,53,1" doraHai="131" doraHaiUra="22" who="0" fromWho="0" sc="74,139,508,-63,236,-33,172,-33" /><INIT seed="6,0,0,5,3,76" ten="213,445,203,139" oya="2" hai0="55,21,37,25,130,95,14,58,124,33,75,127,63" hai1="19,24,73,125,78,88,51,121,64,114,28,47,86" hai2="97,101,57,56,39,41,36,0,120,107,5,119,66" hai3="123,128,26,46,70,50,59,32,108,49,84,72,17"/><V82/><F119/><W92/><G72/><T60/><D75/><U18/><E121/><V15/><F120/><W30/><G123/><T40/><D130/><U61/><E114/><V100/><F0/><W44/><G128/><T10/><D33/><U117/><E117/><V2/><F2/><W54/><G70/><T132/><D132/><U71/><E125/><N who="0" m="48201" /><D95/><U81/><E51/><V109/><F101/><W16/><G108/><T62/><D40/><U68/><E68/><V1/><F109/><W89/><REACH who="3" step="1"/><G59/><REACH who="3" ten="213,445,203,129" step="2"/><T122/><D122/><U69/><E69/><V93/><F56/><W99/><G99/><T48/><D37/><U45/><E45/><V38/><F38/><W85/><G85/><T96/><D96/><U90/><E47/><V7/><F39/><W104/><G104/><T3/><D58/><U102/><E86/><V9/><F107/><W103/><G103/><T113/><D113/><U87/><E87/><V98/><F98/><W13/><G13/><T116/><D116/><U12/><E12/><V65/><F57/><W74/><G74/><T118/><D3/><U11/><E73/><V94/><F1/><W29/><G29/><T43/><D14/><U8/><E102/><V34/><F15/><W31/><G31/><T20/><D118/><U105/><E28/><V83/><F36/><W23/><G23/><T4/><D21/><U79/><E71/><V53/><F97/><W126/><G126/><T106/><D20/><U67/><E105/><V134/><F100/><W115/><G115/><T111/><D106/><U6/><E11/><V77/><F9/><RYUUKYOKU ba="0,1" sc="213,-10,445,-10,203,-10,129,30" hai3="16,17,26,30,32,44,46,49,50,54,84,89,92" /><INIT seed="7,1,1,4,4,92" ten="203,435,193,159" oya="3" hai0="134,28,29,62,27,106,121,114,93,21,113,120,128" hai1="126,17,45,72,123,36,42,87,40,2,76,97,118" hai2="24,110,86,77,69,74,107,68,23,35,75,70,33" hai3="63,3,30,117,111,98,131,90,52,7,80,100,116"/><W46/><G131/><T18/><D106/><U82/><E123/><N who="0" m="47177" /><D62/><U125/><E42/><V15/><F110/><W81/><G111/><T102/><D128/><U44/><E44/><V43/><F107/><W85/><G81/><T31/><D102/><U91/><E2/><V67/><F67/><W122/><G122/><T26/><D93/><N who="1" m="56511" /><E118/><V71/><F71/><W65/><G30/><N who="0" m="11883" /><D134/><U5/><E17/><V99/><F43/><W1/><G65/><T89/><D89/><U32/><E5/><V8/><F86/><W94/><G3/><T83/><D83/><U25/><E25/><V103/><F77/><W101/><G101/><T12/><D27/><U112/><E32/><AGARI ba="1,1" hai="12,18,21,26,31,32,113,114" m="11883,47177" machi="32" ten="30,2000,0" yaku="34,2" doraHai="92" who="0" fromWho="1" sc="203,33,435,-23,193,0,159,0" owari="236,4.0,412,51.0,193,-21.0,159,-34.0" /></mjloggm>