<mjloggm ver="2.3"><GO type="169" lobby="0"/><UN n0="%E7%B6%BE%E9%A6%99" n1="%E3%81%AF%E3%81%92%E3%81%A1%E3%82%87%E3%81%8F" n2="%E3%82%A6%E3%83%AB%E3%83%88%E3%83%A9%E7%AB%8B%E7%9B%B4" n3="%E3%82%BF%E3%82%B1%E3%82%AA%E3%81%97%E3%82%83%E3%82%93" dan="17,16,17,19" rate="2161.09,2185.33,2199.79,2323.62" sx="F,M,M,M"/><TAIKYOKU oya="0"/><INIT seed="0,0,0,5,5,110" ten="250,250,250,250" oya="0" hai0="1,101,42,4,44,104,77,13,135,68,61,76,49" hai1="105,2,54,63,123,25,82,75,79,113,35,36,0" hai2="129,97,59,60,131,41,126,30,67,73,52,7,43" hai3="53,10,32,11,111,128,38,19,108,115,127,9,57"/><T119/><D119/><U27/><E123/><V16/><F73/><W39/><G32/><T109/><D109/><N who="3" m="42057" /><G127/><T14/><D135/><U124/><E124/><V107/><F30/><W120/><G128/><N who="2" m="49225" /><F7/><W17/><G115/><T5/><D104/><U6/><E54/><V51/><F126/><W121/><G53/><T87/><D101/><U102/><E63/><V47/><F107/><W8/><N who="3" m="2048" /><DORA hai="65" /><W96/><G96/><T20/><D1/><U48/><E6/><V134/><F97/><W3/><G57/><T37/><D37/><N who="3" m="13833" /><G3/><T114/><D114/><U23/><E35/><V88/><F134/><W26/><G26/><T28/><D4/><U90/><E27/><V116/><F116/><W130/><G130/><T118/><D118/><U46/><E25/><V94/><F16/><AGARI ba="0,0" hai="16,17,19,120,121" m="13833,2048,42057" machi="16" ten="50,8000,1" yaku="28,2,14,1,54,1" doraHai="110,65" who="3" fromWho="2" sc="250,0,250,0,250,-80,250,80" /><INIT seed="1,0,0,3,4,95" ten="250,250,170,330" oya="1" hai0="62,19,4,26,71,103,67,12,51,23,56,63,60" hai1="10,126,3,88,66,79,68,84,110,90,70,73,78" hai2="82,129,33,0,128,83,87,42,101,32,16,21,8" hai3="18,123,76,44,80,69,74,131,41,120,59,122,39"/><U24/><E126/><V91/><F42/><W47/><G47/><T106/><D51/><U119/><E119/><V14/><F101/><W127/><G18/><T28/><D4/><U50/><E73/><V5/><REACH who="2" step="1"/><F83/><REACH who="2" ten="250,250,160,330" step="2"/><W93/><G127/><T36/><D36/><U35/><E110/><V53/><F53/><W2/><G41/><T133/><D133/><U11/><E66/><V9/><F9/><W135/><G39/><T31/><D71/><U86/><E11/><V30/><F30/><W96/><G69/><T17/><D31/><U108/><E108/><V81/><F81/><W20/><G135/><T121/><D121/><U116/><E10/><V111/><F111/><W105/><G80/><T29/><D29/><U107/><E70/><V113/><F113/><W109/><G109/><T55/><D67/><U65/><E65/><V58/><F58/><W40/><G59/><T25/><D28/><U99/><E68/><V6/><F6/><W22/><G40/><T112/><D112/><U72/><E116/><V134/><F134/><W1/><G120/><T94/><D55/><U45/><E45/><V124/><F124/><W130/><G44/><T92/><D56/><U85/><E35/><AGARI ba="0,1" hai="0,5,8,14,16,21,32,33,35,82,87,91,128,129" machi="35" ten="40,2600,0" yaku="1,1,54,1,53,0" doraHai="95" doraHaiUra="27" who="2" fromWho="1" sc="250,0,250,-26,160,36,330,0" /><INIT seed="2,0,0,5,1,110" ten="250,224,196,330" oya="2" hai0="63,59,54,28,128,76,102,78,18,21,14,48,114" hai1="3,93,90,120,31,135,96,109,105,81,75,84,5" hai2="20,51,80,100,125,61,69,52,99,94,23,0,77" hai3="19,35,86,32,43,71,22,130,115,129,117,134,65"/><V42/><F125/><W67/><G117/><T50/><D128/><N who="3" m="49257" /><G134/><T73/><D102/><U45/><E109/><V98/><F0/><W103/><G43/><T107/><D107/><U118/><E118/><V101/><F42/><W133/><G133/><T72/><D114/><U119/><E119/><V53/><F69/><W74/><G74/><T46/><D28/><U92/><E120/><V9/><F9/><W25/><G115/><T6/><D6/><U7/><E135/><V47/><F61/><N who="3" m="40367" /><G67/><T4/><D4/><U124/><E124/><V29/><F53/><W58/><G103/><T1/><D1/><U88/><E105/><V68/><F68/><W104/><G104/><T79/><REACH who="0" step="1"/><D50/><REACH who="0" ten="240,224,196,330" step="2"/><U38/><E31/><V36/><F29/><W126/><G126/><T37/><D37/><U83/><E3/><V123/><F36/><W66/><G35/><T26/><D26/><U8/><E7/><V127/><F127/><W39/><G32/><T17/><D17/><U13/><E38/><V55/><F123/><W132/><G39/><T12/><D12/><U62/><E62/><V33/><F33/><W10/><G25/><T57/><D57/><U15/><E15/><V30/><F30/><W44/><G19/><T16/><D16/><U89/><E45/><V97/><F101/><W91/><G44/><T82/><D82/><N who="1" m="49175" /><E75/><N who="2" m="43071" /><F55/><AGARI ba="0,1" hai="14,18,21,46,48,54,55,59,63,72,73,76,78,79" machi="55" ten="40,1300,0" yaku="1,1,53,0" doraHai="110" doraHaiUra="116" who="0" fromWho="2" sc="240,23,224,0,196,-13,330,0" /><INIT seed="3,0,0,0,4,118" ten="263,224,183,330" oya="3" hai0="60,10,132,102,59,46,90,104,93,117,100,107,109" hai1="101,29,38,119,5,78,12,47,35,94,121,22,80" hai2="37,97,89,23,58,67,8,56,32,84,110,128,63" hai3="54,131,44,120,115,27,134,26,125,52,70,39,42"/><W30/><G115/><T76/><D117/><U82/><E119/><V74/><F32/><W133/><G125/><T9/><D132/><N who="3" m="50793" /><G131/><T92/><D76/><U114/><E114/><V111/><F74/><W3/><G3/><T88/><D46/><U20/><E35/><V48/><F97/><W113/><G113/><T105/><D109/><N who="2" m="41482" /><F8/><W55/><G70/><T11/><D59/><N who="2" m="22570" /><F23/><N who="3" m="15711" /><G27/><T21/><D21/><U4/><E29/><V31/><F31/><W43/><G43/><T112/><D60/><U45/><E12/><V65/><F84/><W40/><G40/><T99/><REACH who="0" step="1"/><D112/><REACH who="0" ten="253,224,183,330" step="2"/><U108/><E108/><V33/><F33/><W50/><G39/><T106/><N who="0" m="27136" /><DORA hai="85" /><T124/><D124/><U6/><E38/><V36/><F37/><W18/><G42/><T62/><D62/><U17/><E22/><V57/><F36/><W28/><G28/><T13/><D13/><U72/><E47/><V116/><F116/><W19/><G44/><T81/><D81/><U14/><E45/><V129/><F48/><W1/><G50/><T135/><D135/><U16/><E80/><V64/><F63/><W34/><G34/><T49/><D49/><U103/><E20/><V122/><F57/><W0/><G0/><T73/><D73/><U53/><E82/><V71/><F71/><W7/><G1/><T87/><AGARI ba="0,1" hai="9,10,11,87,88,90,92,93,99,100,102" m="27136" machi="87" ten="60,8000,1" yaku="1,1,0,1,52,2,54,1,53,0" doraHai="118,85" doraHaiUra="51,41" who="0" fromWho="0" sc="253,90,224,-20,183,-20,330,-40" /><INIT seed="4,0,0,3,2,82" ten="343,204,163,290" oya="0" hai0="17,42,134,118,132,110,113,62,21,43,120,87,89" hai1="76,112,103,130,84,105,30,101,25,70,100,92,94" hai2="65,20,63,3,9,67,51,19,4,109,26,122,28" hai3="133,32,74,16,53,95,106,58,86,79,55,41,11"/><T129/><D120/><U38/><E38/><V14/><F109/><W114/><G106/><T54/><D110/><U125/><E70/><V98/><F122/><W29/><G133/><N who="0" m="51307" /><D129/><U99/><E130/><V52/><F98/><W121/><G74/><T40/><D118/><U111/><E111/><V45/><REACH who="2" step="1"/><F63/><REACH who="2" ten="343,204,153,290" step="2"/><W37/><G121/><T90/><D113/><U78/><E112/><V57/><F57/><W93/><G58/><N who="0" m="35159" /><D87/><U34/><E84/><V49/><F49/><W77/><G86/><T10/><D10/><AGARI ba="0,1" hai="3,4,9,10,14,19,20,26,28,45,51,52,65,67" machi="10" ten="30,8000,1" yaku="1,1,7,1,54,1,53,2" doraHai="82" doraHaiUra="60" who="2" fromWho="0" sc="343,-80,204,0,153,90,290,0" /><INIT seed="5,0,0,2,5,67" ten="263,204,243,290" oya="1" hai0="118,121,14,114,93,111,115,51,110,16,109,21,60" hai1="64,66,89,129,40,46,33,8,55,83,12,73,94" hai2="48,50,92,77,130,105,20,63,84,90,1,9,134" hai3="10,65,79,85,38,99,45,86,24,42,119,68,52"/><U17/><E33/><V102/><F130/><W126/><G126/><T127/><D118/><U74/><E129/><V82/><F134/><W47/><G119/><T62/><D127/><U116/><E116/><V23/><F63/><W19/><G99/><T76/><D121/><U34/><E34/><V11/><F102/><W123/><G123/><T104/><D104/><U54/><E73/><V91/><F105/><W128/><G128/><T27/><D76/><U41/><E83/><V29/><F77/><W59/><G47/><T133/><D133/><U132/><E74/><V71/><F71/><W103/><G103/><T6/><D93/><U36/><E132/><V80/><F1/><W75/><G24/><T32/><D51/><N who="2" m="19498" /><F82/><W100/><G100/><T113/><REACH who="0" step="1"/><D6/><REACH who="0" ten="253,204,243,290" step="2"/><U5/><E5/><V35/><F92/><W56/><G79/><T120/><D120/><U81/><E81/><V117/><F80/><W70/><G75/><T97/><D97/><N who="1" m="57551" /><E36/><V107/><F107/><W28/><G38/><T106/><D106/><U96/><E96/><V44/><F117/><W30/><G86/><T3/><D3/><U18/><E41/><V26/><F84/><W72/><G85/><T13/><D13/><N who="1" m="7335" /><E40/><V58/><F90/><W15/><G42/><T31/><AGARI ba="0,1" hai="14,16,21,27,31,32,60,62,109,110,111,113,114,115" machi="31" ten="40,8000,1" yaku="1,1,0,1,15,1,54,1,53,0" doraHai="67" doraHaiUra="88" who="0" fromWho="0" sc="253,90,204,-40,243,-20,290,-20" /><INIT seed="6,0,0,5,0,18" ten="343,164,223,270" oya="2" hai0="14,122,69,35,78,132,101,22,110,130,126,131,112" hai1="5,13,102,75,39,129,107,41,56,88,54,96,104" hai2="79,116,47,135,6,81,38,49,52,93,7,90,30" hai3="0,59,31,109,51,42,67,119,80,8,106,73,20"/><V9/><F116/><W44/><G106/><T10/><D122/><U60/><E129/><N who="0" m="49161" /><D35/><U82/><E104/><V120/><F120/><W70/><G59/><T97/><D69/><U45/><E5/><V4/><F135/><W92/><G92/><T55/><D112/><U3/><E3/><V37/><F30/><W58/><G8/><T64/><D64/><U29/><E13/><V118/><F118/><W86/><G86/><T57/><D126/><U72/><REACH who="1" step="1"/><E29/><REACH who="1" ten="343,154,223,270" step="2"/><V133/><F133/><W89/><G31/><T123/><D132/><U74/><E74/><V24/><F4/><W12/><G0/><T40/><D14/><U91/><E91/><V83/><F7/><W114/><G89/><T98/><D123/><U121/><E121/><V76/><F6/><W50/><G12/><T34/><D101/><U77/><E77/><V127/><F79/><W26/><G73/><T66/><D78/><U46/><E46/><V1/><F76/><W17/><G44/><T21/><D110/><U15/><E15/><V33/><F1/><W2/><G2/><T65/><D98/><U94/><E94/><V19/><F93/><W16/><G109/><T117/><D97/><U11/><E11/><V105/><F105/><W115/><G17/><T43/><D10/><U71/><E71/><V61/><F9/><W128/><G16/><T100/><D117/><U108/><E108/><V25/><F19/><W63/><G119/><T85/><D100/><U113/><E113/><V103/><F103/><W48/><G115/><T87/><D87/><AGARI ba="0,1" hai="39,41,45,54,56,60,72,75,82,87,88,96,102,107" machi="87" ten="40,5200,0" yaku="1,1,54,1,53,1" doraHai="18" doraHaiUra="95" who="1" fromWho="0" sc="343,-52,154,62,223,0,270,0" /><INIT seed="7,0,0,2,5,133" ten="291,216,223,270" oya="3" hai0="23,86,42,123,18,96,130,17,121,67,135,34,113" hai1="47,127,41,11,104,80,79,126,76,30,117,99,114" hai2="115,25,44,124,3,73,92,87,24,28,60,102,29" hai3="75,59,63,134,53,69,13,72,83,100,33,68,120"/><W111/><G120/><T55/><D34/><U26/><E114/><V71/><F73/><W22/><G33/><T8/><D135/><U107/><E117/><V108/><F3/><W118/><G118/><T116/><D116/><U16/><E11/><V95/><F108/><W45/><G134/><T110/><D110/><U98/><E16/><V61/><F87/><W54/><G100/><T12/><D113/><U112/><E112/><V66/><F44/><W93/><G93/><T62/><D42/><U94/><E99/><V65/><F115/><W39/><G22/><T43/><D43/><U81/><E94/><V77/><F77/><W125/><G13/><T82/><D55/><U6/><E6/><V35/><F102/><W105/><G105/><N who="1" m="40522" /><E98/><V14/><F14/><W37/><G83/><N who="1" m="31818" /><E26/><V48/><F35/><W27/><G27/><T109/><D109/><U0/><E0/><V5/><F5/><W106/><G106/><T91/><D96/><U132/><E30/><V122/><F122/><W90/><G111/><T74/><D74/><U89/><E89/><V103/><F103/><W38/><G90/><T49/><D121/><U1/><E1/><V10/><F10/><W97/><G97/><T40/><D123/><U85/><E132/><V21/><F21/><W57/><G45/><N who="0" m="25767" /><D18/><U64/><E64/><V20/><F20/><W101/><G101/><T19/><D19/><U70/><E70/><V32/><F71/><W84/><G75/><T7/><D7/><U129/><E129/><V58/><F32/><W88/><G68/><N who="0" m="42103" /><D23/><U36/><E85/><V52/><F66/><RYUUKYOKU ba="0,0" sc="291,15,216,15,223,-15,270,-15" hai0="8,12,17,82,86,91,130" hai1="36,41,47,76,79,126,127" owari="306,40.0,231,-17.0,208,-29.0,255,6.0" /></mjloggm>