<mjloggm ver="2.3"><GO type="169" lobby="0"/><UN n0="%E3%82%A6%E3%83%AB%E3%83%88%E3%83%A9%E7%AB%8B%E7%9B%B4" n1="%E3%83%B4%E3%82%A1%E3%83%AA%E3%83%BC" n2="%E6%8C%AF%E8%BE%BC%E5%A4%AA%E9%99%BD" n3="%E3%81%8B%E3%82%8A%E3%82%93%E3%81%A1%E3%82%83%E3%82%93" dan="16,16,16,16" rate="2149.66,2082.97,2083.48,2086.06" sx="M,M,M,F"/><TAIKYOKU oya="0"/><INIT seed="0,0,0,3,4,108" ten="250,250,250,250" oya="0" hai0="76,38,92,69,21,14,123,37,39,104,51,28,122" hai1="91,107,120,27,15,34,132,124,33,55,88,48,57" hai2="82,100,95,29,75,87,72,58,134,103,85,80,26" hai3="47,79,53,127,111,31,60,105,101,13,119,23,64"/><T118/><D104/><U115/><E107/><V49/><F49/><W54/><G119/><T42/><D76/><U135/><E120/><N who="0" m="46121" /><D92/><U73/><E73/><N who="2" m="28235" /><F58/><W52/><G79/><T97/><D97/><U1/><E1/><V5/><F5/><W110/><G101/><N who="2" m="38985" /><F26/><W36/><G105/><T113/><D14/><U6/><E124/><V3/><F29/><W63/><G127/><T66/><D21/><U131/><E131/><V78/><F3/><W22/><G13/><T19/><D19/><U125/><E125/><V25/><F25/><W109/><G31/><T30/><D30/><U117/><E117/><V96/><F134/><N who="1" m="51241" /><E27/><V90/><F87/><W0/><G0/><T18/><D18/><U70/><E70/><V46/><F46/><W17/><G17/><T10/><D28/><U102/><E102/><N who="2" m="60703" /><F82/><W2/><G2/><T129/><D118/><U41/><E41/><V116/><F116/><W65/><G47/><N who="0" m="26103" /><D10/><N who="1" m="4567" /><E33/><V81/><F81/><W126/><G126/><T77/><D69/><U84/><E34/><V40/><F40/><W32/><G32/><T11/><D11/><U20/><E84/><V50/><F50/><W71/><G36/><T8/><D8/><U68/><E68/><AGARI ba="0,0" hai="22,23,52,53,54,60,63,64,65,68,71,109,110,111" machi="68" ten="50,6400,0" yaku="9,1,14,1,54,1" doraHai="108" who="3" fromWho="1" sc="250,0,250,-64,250,0,250,64" /><INIT seed="1,0,0,0,0,36" ten="250,186,250,314" oya="1" hai0="48,68,52,84,86,103,109,28,50,81,91,79,51" hai1="18,38,80,10,55,47,110,11,7,77,71,113,62" hai2="5,129,33,115,120,27,125,26,106,45,3,49,64" hai3="73,94,8,101,114,135,20,25,4,99,96,46,23"/><U29/><E29/><V75/><F75/><W61/><G73/><T12/><D109/><U14/><E113/><V56/><F106/><W131/><G114/><T37/><D37/><U35/><E35/><V72/><F72/><W116/><G116/><T16/><D68/><U92/><E92/><V66/><F120/><W67/><G131/><T133/><D28/><U17/><E110/><V132/><F129/><W100/><G46/><N who="0" m="27671" /><D103/><U102/><E102/><V123/><F64/><W119/><G135/><T128/><D133/><U44/><E18/><V2/><F66/><W117/><G117/><T32/><D32/><U98/><E98/><V30/><F33/><W83/><G83/><N who="0" m="49631" /><D128/><U88/><E77/><V104/><F30/><W74/><G74/><T59/><D59/><N who="1" m="35199" /><E71/><V1/><F56/><W124/><G119/><T31/><D31/><U21/><E38/><V122/><F3/><W41/><G100/><T54/><D54/><U89/><E89/><V9/><F2/><W118/><G101/><T0/><D0/><U60/><E60/><V15/><F1/><W126/><G61/><T97/><D97/><U107/><E107/><V39/><F39/><W34/><G99/><T58/><D58/><U63/><E63/><V93/><F104/><W108/><G96/><T90/><D90/><U130/><E130/><V134/><F115/><W42/><G108/><T95/><D95/><U24/><E11/><AGARI ba="0,0" hai="11,12,16,50,51,79,81,84" m="49631,27671" machi="11" ten="30,7700,0" yaku="25,1,8,1,54,2" doraHai="36" who="0" fromWho="1" sc="250,77,186,-77,250,0,314,0" /><INIT seed="2,0,0,4,4,110" ten="327,109,250,314" oya="2" hai0="103,120,62,101,83,129,3,127,42,126,66,134,49" hai1="125,61,20,1,95,75,39,94,15,88,106,115,116" hai2="84,22,33,93,108,7,86,32,130,96,64,25,19" hai3="73,60,65,107,77,109,13,70,72,26,69,11,118"/><V54/><F108/><W24/><G107/><T132/><D3/><U87/><E1/><V34/><F130/><W37/><G37/><T128/><D120/><U4/><E39/><V135/><F135/><N who="0" m="51754" /><D83/><U21/><E75/><V98/><F64/><W16/><G118/><T79/><D79/><U99/><E106/><V41/><F41/><W55/><G109/><T114/><D114/><U2/><E2/><V67/><F67/><W68/><G55/><T117/><D117/><U0/><E0/><V18/><F7/><W80/><REACH who="3" step="1"/><G73/><REACH who="3" ten="327,109,250,304" step="2"/><T113/><D113/><U53/><E116/><V89/><F54/><W57/><AGARI ba="0,1" hai="11,13,16,24,26,57,60,65,68,69,70,72,77,80" machi="57" ten="30,8000,1" yaku="1,1,2,1,0,1,54,1,53,1" doraHai="110" doraHaiUra="9" who="3" fromWho="3" sc="327,-20,109,-20,250,-40,304,90" /><INIT seed="3,0,0,5,1,126" ten="307,89,210,394" oya="3" hai0="129,3,29,49,1,65,37,85,0,8,45,26,125" hai1="63,47,105,41,98,99,80,106,122,118,35,42,64" hai2="16,11,83,86,132,61,121,58,60,100,87,53,109" hai3="134,124,28,116,112,21,102,72,25,2,114,71,39"/><W78/><G71/><T46/><D125/><U97/><E122/><V101/><F109/><W119/><G39/><T10/><D65/><U23/><E118/><N who="3" m="45098" /><G102/><N who="2" m="39529" /><F132/><W33/><G78/><T12/><D37/><U108/><E35/><V79/><F121/><W75/><G72/><T36/><D36/><U6/><E6/><V22/><F11/><W128/><G75/><T24/><D85/><U51/><E108/><V82/><F61/><W62/><G62/><T54/><D46/><U38/><E38/><V77/><F86/><W73/><G73/><T93/><D93/><U133/><E133/><V70/><F70/><W84/><G84/><T52/><D54/><U68/><E42/><V50/><F60/><W131/><G134/><T32/><D24/><U15/><REACH who="1" step="1"/><E80/><REACH who="1" ten="307,79,210,394" step="2"/><N who="2" m="30763" /><F87/><W57/><G124/><T34/><D34/><U111/><E111/><V5/><F5/><W27/><G2/><T7/><D0/><U13/><E13/><AGARI ba="0,1" hai="13,16,22,50,53,58,77,79" m="30763,39529" machi="13" ten="30,2000,0" yaku="8,1,54,1" doraHai="126" who="2" fromWho="1" sc="307,0,79,-20,210,30,394,0" /><INIT seed="4,0,0,5,3,60" ten="307,59,240,394" oya="0" hai0="74,75,97,36,35,128,133,116,17,53,20,70,92" hai1="56,48,130,106,122,80,51,78,42,82,50,66,27" hai2="40,67,16,62,7,45,108,121,25,30,38,49,125" hai3="135,124,73,41,131,81,115,21,39,31,126,98,99"/><T5/><D116/><U94/><E130/><V23/><F121/><W90/><G115/><T101/><D35/><U29/><E122/><V76/><F108/><W3/><G3/><T9/><D36/><U28/><E106/><V95/><F125/><W46/><G131/><T64/><D128/><U118/><E118/><V1/><F76/><N who="3" m="44175" /><G135/><T103/><D133/><U107/><E107/><V34/><F95/><W4/><G4/><T11/><D103/><U47/><E94/><V59/><F7/><W110/><G110/><T88/><D101/><U69/><E69/><V61/><F1/><W104/><G90/><T22/><D22/><U58/><E58/><V63/><F38/><W52/><G104/><T77/><D77/><U93/><E93/><V72/><F72/><W127/><G52/><T100/><D100/><U132/><E132/><V84/><F84/><W54/><G54/><T109/><D53/><U129/><E129/><V24/><AGARI ba="0,0" hai="16,23,24,25,30,34,40,45,49,59,61,62,63,67" machi="24" ten="20,5200,0" yaku="0,1,7,1,52,1,54,1" doraHai="60" who="2" fromWho="2" sc="307,-26,59,-13,240,52,394,-13" /><INIT seed="5,0,0,4,4,99" ten="281,46,292,381" oya="1" hai0="68,107,22,131,9,52,40,15,117,111,93,7,13" hai1="67,128,48,21,47,42,16,122,95,50,119,17,28" hai2="130,88,33,74,106,35,115,25,121,1,38,91,69" hai3="30,100,94,53,23,83,2,96,41,43,64,71,92"/><U26/><E128/><V45/><RYUUKYOKU type="yao9" ba="0,0" sc="281,0,46,0,292,0,381,0" hai2="1,25,33,35,38,45,69,74,88,91,106,115,121,130" /><INIT seed="5,1,0,4,2,51" ten="281,46,292,381" oya="1" hai0="60,104,131,16,119,34,45,59,56,6,117,98,74" hai1="70,118,134,90,22,68,133,110,29,61,127,62,94" hai2="81,101,7,111,97,128,38,11,10,96,41,71,43" hai3="53,93,89,37,27,15,92,130,48,113,135,21,114"/><U120/><E127/><V32/><F111/><W5/><G37/><T13/><D74/><U3/><E120/><V58/><F71/><N who="1" m="27177" /><E3/><V121/><F121/><W28/><G130/><T80/><D34/><U42/><E118/><V57/><F32/><W46/><G135/><N who="1" m="51722" /><E42/><N who="2" m="15883" /><F128/><W125/><G125/><T49/><D6/><U63/><E110/><V40/><N who="2" m="15891" /><V86/><DORA hai="107" /><F38/><W39/><G39/><T77/><D131/><U73/><E73/><V2/><F2/><W122/><G122/><T83/><D117/><U24/><E62/><V64/><F7/><W36/><G36/><T0/><D60/><U75/><E75/><V95/><F96/><AGARI ba="1,0" hai="22,24,29,61,63,90,94,96" m="51722,27177" machi="96" ten="30,1500,0" yaku="20,1" doraHai="51,107" who="1" fromWho="2" sc="281,0,46,18,292,-18,381,0" /><INIT seed="5,2,0,3,3,129" ten="281,64,274,381" oya="1" hai0="97,30,113,11,25,88,83,33,134,126,73,24,78" hai1="60,1,98,48,87,52,21,124,95,67,3,36,121" hai2="47,53,51,61,110,115,2,42,18,80,96,5,12" hai3="133,64,104,112,71,86,79,28,49,26,63,90,84"/><U91/><E124/><V6/><F110/><W82/><G104/><T16/><D126/><U107/><E121/><V8/><F115/><W120/><G120/><T57/><D113/><U29/><E36/><V108/><F108/><W92/><G49/><T101/><D57/><U45/><E29/><V132/><F132/><W131/><G112/><T62/><D62/><U22/><E3/><V14/><F2/><W65/><G65/><T34/><D134/><U85/><E1/><V125/><F125/><W81/><G131/><T9/><D88/><N who="1" m="55655" /><E107/><V72/><F72/><W41/><G41/><T100/><D100/><U13/><E13/><V44/><F80/><W119/><G133/><T114/><D114/><U4/><E4/><V58/><F47/><W94/><G119/><T56/><D56/><N who="1" m="37255" /><E85/><V77/><F77/><W40/><G40/><T43/><D43/><U74/><E74/><V59/><F59/><W103/><G103/><T32/><D32/><AGARI ba="2,0" hai="26,28,32,63,64,71,79,81,82,84,86,90,92,94" machi="32" ten="30,1000,0" yaku="7,1" doraHai="129" who="3" fromWho="0" sc="281,-16,64,0,274,0,381,16" /><INIT seed="6,0,0,4,2,95" ten="265,64,274,397" oya="2" hai0="94,30,64,124,80,108,20,129,101,99,93,115,98" hai1="123,120,34,40,88,37,105,39,62,24,9,81,76" hai2="48,125,52,14,29,28,132,25,0,69,119,100,50" hai3="68,127,70,91,96,36,53,78,130,58,77,33,109"/><V112/><F119/><W32/><G36/><T74/><D108/><U122/><E9/><V57/><F112/><W56/><G109/><T82/><D74/><U133/><E133/><V44/><F0/><W83/><G127/><T18/><D124/><U5/><E5/><V49/><F125/><W59/><G53/><T104/><D104/><U41/><E62/><V46/><F132/><W51/><G51/><T1/><D1/><U103/><E41/><V106/><F69/><W97/><G130/><T65/><D30/><U71/><E40/><V63/><F14/><W131/><G131/><T4/><D4/><U60/><E88/><V89/><F29/><W110/><G110/><T6/><D6/><U107/><E107/><V42/><F46/><W67/><G67/><N who="0" m="25675" /><D129/><U27/><E60/><V35/><REACH who="2" step="1"/><F89/><REACH who="2" ten="265,64,264,397" step="2"/><W7/><G91/><N who="0" m="55615" /><D115/><U90/><E71/><V55/><F55/><W10/><G70/><T134/><D134/><U73/><E90/><V75/><F75/><W111/><G68/><T126/><D126/><U12/><E12/><AGARI ba="0,1" hai="12,18,20,80,82,94,99,101" m="55615,25675" machi="12" ten="30,3900,0" yaku="8,1,52,2" doraHai="95" who="0" fromWho="1" sc="265,49,64,-39,264,0,397,0" /><INIT seed="7,0,0,1,2,74" ten="314,25,264,397" oya="3" hai0="25,37,54,111,53,135,131,108,128,3,59,98,119" hai1="13,120,95,14,47,101,96,75,73,60,110,65,79" hai2="23,61,116,84,28,72,100,16,5,129,50,56,34" hai3="80,118,133,33,52,109,94,39,31,88,18,76,85"/><W117/><G39/><T30/><D3/><U66/><E13/><V132/><F72/><W89/><G109/><T124/><D37/><U107/><E14/><V77/><F129/><N who="0" m="49738" /><D119/><U134/><E47/><V122/><F132/><W112/><G112/><T21/><D135/><U105/><E60/><V19/><F116/><W8/><G133/><T26/><D124/><U114/><E65/><V15/><F122/><W55/><G89/><T2/><D2/><U62/><E66/><V49/><F100/><W99/><G33/><N who="0" m="20687" /><D98/><U17/><E62/><V46/><F5/><W91/><G31/><N who="0" m="17871" /><D54/><U58/><E17/><V22/><F34/><W9/><G91/><T67/><D67/><U103/><E58/><V81/><F28/><W123/><G123/><T51/><AGARI ba="0,0" hai="51,53,59,108,111" m="17871,20687,49738" machi="51" ten="30,1100,0" yaku="19,1" doraHai="74" who="0" fromWho="0" sc="314,11,25,-3,264,-3,397,-5" owari="325,13.0,22,-48.0,261,-14.0,392,49.0" /></mjloggm>