<mjloggm ver="2.3"><GO type="169" lobby="0"/><UN n0="%E5%BE%A9%E8%AE%90%E3%81%A1%E3%82%83%E3%82%93" n1="%E5%A4%95%E5%87%AA" n2="%4E%6E%31%33%34" n3="%E3%82%A6%E3%83%AB%E3%83%88%E3%83%A9%E7%AB%8B%E7%9B%B4" dan="16,17,16,17" rate="2133.72,2126.98,2159.25,2222.24" sx="F,M,M,M"/><TAIKYOKU oya="0"/><INIT seed="0,0,0,0,0,105" ten="250,250,250,250" oya="0" hai0="43,3,26,126,72,98,76,11,54,115,29,110,6" hai1="57,77,60,114,31,88,116,78,112,81,125,132,107" hai2="70,36,21,119,35,129,73,84,49,24,92,65,85" hai3="71,50,8,9,68,131,122,100,51,5,62,39,63"/><T48/><D115/><N who="1" m="44075" /><E107/><V61/><F36/><W59/><G100/><T38/><D126/><U33/><E116/><V99/><F119/><W128/><G5/><T28/><D110/><U101/><E101/><V27/><F129/><N who="3" m="49739" /><G39/><T135/><D135/><U22/><E33/><V93/><F73/><W56/><G9/><T69/><D69/><N who="3" m="26697" /><G8/><T111/><D111/><U58/><E58/><N who="3" m="22058" /><G122/><T82/><D98/><U13/><E132/><V130/><F99/><W25/><G25/><T102/><D102/><U127/><E13/><V97/><F27/><W14/><G14/><T19/><D19/><U2/><E2/><V32/><F97/><W104/><G104/><T118/><D26/><U10/><E10/><V4/><F4/><W95/><G95/><T15/><D15/><U83/><E127/><V42/><F93/><W34/><G34/><T16/><D16/><U79/><E125/><V40/><F92/><W123/><G123/><T37/><D118/><U45/><E22/><V121/><F121/><W64/><G64/><T41/><D38/><U23/><E23/><V124/><F124/><W52/><G52/><T113/><D113/><U12/><E12/><V20/><F130/><W0/><G0/><T67/><D67/><U80/><E31/><N who="0" m="11849" /><D37/><U117/><E117/><V1/><F1/><W106/><G106/><T90/><D90/><U18/><E88/><V103/><F103/><W109/><G109/><T7/><D7/><U30/><E30/><V120/><F120/><W87/><G87/><N who="2" m="33353" /><F24/><W74/><G74/><T86/><D72/><U44/><E18/><V17/><F17/><RYUUKYOKU ba="0,0" sc="250,10,250,10,250,-30,250,10" hai0="3,6,11,41,43,48,54,76,82,86" hai1="44,45,57,60,77,78,79,80,81,83" hai3="50,51,62,63" /><INIT seed="0,1,0,0,2,125" ten="260,260,220,260" oya="0" hai0="108,126,96,32,102,90,40,22,85,133,17,97,113" hai1="77,38,81,12,52,9,79,30,18,114,67,4,112" hai2="10,47,57,64,68,87,31,76,83,71,21,2,88" hai3="91,131,49,42,110,36,111,106,8,123,92,127,55"/><T0/><D113/><N who="1" m="43627" /><E38/><V129/><F129/><W86/><G106/><T19/><D32/><U73/><E79/><V115/><F115/><W48/><G36/><T105/><D126/><U116/><E67/><V128/><F128/><W74/><G74/><T95/><D0/><U100/><E100/><V7/><F47/><N who="3" m="25719" /><G8/><T24/><D133/><U99/><E99/><V107/><F107/><W45/><G127/><T130/><D130/><U46/><E30/><V50/><F76/><W65/><G65/><T63/><D40/><U94/><E94/><V6/><F64/><W58/><G45/><T20/><D63/><U75/><E116/><V37/><F37/><W135/><G131/><T26/><D108/><U60/><E75/><V16/><F31/><W33/><G33/><T98/><AGARI ba="1,0" hai="17,19,20,22,24,26,85,90,95,96,97,98,102,105" machi="98" ten="30,3000,0" yaku="0,1,9,1" doraHai="125" who="0" fromWho="0" sc="260,33,260,-11,220,-11,260,-11" /><INIT seed="0,2,0,4,2,75" ten="293,249,209,249" oya="0" hai0="6,53,122,135,12,121,79,131,56,74,24,91,33" hai1="86,108,128,112,72,52,119,126,105,106,57,60,27" hai2="45,115,59,70,98,93,76,104,118,111,61,89,103" hai3="67,38,8,2,19,10,117,77,125,28,9,92,36"/><T46/><D131/><U95/><E119/><V1/><F115/><W62/><G117/><T39/><D135/><U13/><E72/><V90/><F118/><W48/><G28/><T4/><D121/><U88/><E128/><V43/><F111/><W15/><G125/><T17/><D122/><U66/><E112/><V5/><F70/><W32/><G32/><T116/><D116/><U96/><E108/><V127/><F127/><W71/><G48/><T85/><D24/><U0/><E0/><V55/><F76/><W25/><G25/><T124/><D33/><U80/><E126/><V114/><F114/><W64/><G64/><T14/><D14/><U84/><E84/><V42/><F104/><W68/><G68/><T34/><D34/><U18/><E27/><V130/><F130/><W11/><G2/><T81/><D124/><U16/><E66/><V41/><REACH who="2" step="1"/><F45/><REACH who="2" ten="293,249,199,249" step="2"/><W23/><G77/><T78/><D46/><U22/><E18/><V51/><F51/><W97/><N who="3" m="2048" /><DORA hai="87" /><W110/><REACH who="3" step="1"/><G110/><REACH who="3" ten="293,249,199,239" step="2"/><T37/><D78/><AGARI ba="2,2" hai="13,16,22,52,57,60,78,80,86,88,95,96,105,106" machi="78" ten="30,12000,2" yaku="7,1,52,2,54,3" doraHai="75,87" who="1" fromWho="0" sc="293,-126,249,146,199,0,239,0" /><INIT seed="1,0,0,5,4,23" ten="167,395,199,239" oya="1" hai0="132,53,133,9,56,29,32,61,28,33,91,78,108" hai1="86,130,80,119,96,11,113,38,6,109,75,112,60" hai2="116,35,27,36,70,57,1,84,92,85,17,88,48" hai3="102,128,39,122,62,25,105,68,42,93,101,13,117"/><U4/><E4/><V79/><F116/><W107/><G122/><T111/><D9/><U114/><E119/><V115/><F36/><W5/><G128/><T43/><D78/><U0/><E130/><V40/><F70/><W58/><G68/><T22/><D91/><U34/><E75/><V129/><F1/><W67/><G117/><T21/><D43/><U72/><E72/><V99/><F129/><W81/><G81/><T100/><D100/><U95/><E38/><V51/><F115/><W65/><G65/><T134/><D61/><U15/><E60/><V7/><F7/><W55/><G102/><T26/><D53/><U46/><E46/><N who="2" m="25671" /><F35/><N who="0" m="13386" /><D56/><U3/><E34/><V74/><F74/><W16/><G42/><T52/><D52/><U94/><E3/><V63/><F51/><W104/><G67/><T83/><D83/><U18/><E0/><V135/><F135/><W90/><G39/><T50/><D50/><U73/><E73/><V2/><F2/><W87/><G101/><T59/><D59/><U123/><E6/><V110/><F79/><W106/><G5/><T44/><D44/><U121/><E121/><V98/><F98/><W77/><G77/><T14/><D14/><U69/><E69/><V12/><F12/><W71/><N who="3" m="26624" /><DORA hai="89" /><W31/><G71/><T20/><D26/><U41/><E123/><V19/><F27/><W127/><G25/><T131/><D131/><U124/><E114/><V49/><F49/><W10/><REACH who="3" step="1"/><G31/><AGARI ba="0,0" hai="20,21,22,28,29,31,108,111,132,133,134" m="13386" machi="31" ten="40,8000,1" yaku="28,2,20,1,34,2" doraHai="23,89" who="0" fromWho="3" sc="167,80,395,0,199,0,239,-80" /><INIT seed="2,0,0,2,0,129" ten="247,395,199,159" oya="2" hai0="44,26,87,67,124,60,108,58,91,123,63,53,125" hai1="8,109,75,11,55,4,65,40,82,102,83,88,98" hai2="52,37,42,12,84,66,134,94,105,32,22,122,43" hai3="133,115,13,5,96,131,130,7,41,70,79,112,49"/><V24/><F122/><W80/><G70/><T51/><D123/><U16/><E65/><V18/><F105/><W33/><G33/><T120/><D120/><U28/><E28/><V38/><F66/><W59/><G96/><T76/><D76/><U104/><E40/><V69/><F69/><W61/><G49/><T35/><D108/><U99/><E109/><V118/><F118/><W2/><G41/><T0/><D0/><U23/><E55/><V10/><F32/><W15/><G2/><T3/><D3/><U90/><E4/><N who="3" m="1610" /><G59/><T107/><D107/><U56/><E56/><V113/><F42/><W71/><G61/><T57/><D26/><U73/><E23/><V74/><F74/><W1/><G1/><T100/><D100/><U97/><E97/><V72/><F72/><W110/><G71/><T101/><D101/><U46/><E102/><V14/><F43/><W128/><G110/><T119/><D35/><U19/><E46/><V20/><F52/><W31/><G31/><T17/><D67/><U39/><E39/><V92/><F38/><W117/><G117/><T86/><D53/><U93/><E93/><V121/><F94/><W81/><G133/><T85/><D51/><U6/><E6/><N who="2" m="3159" /><F134/><W29/><G29/><T89/><D60/><U30/><E30/><N who="2" m="17671" /><F37/><W27/><G27/><T78/><D63/><U95/><E95/><V114/><F92/><W50/><G50/><T77/><D58/><U34/><E34/><V103/><F103/><W127/><G127/><T62/><D124/><U64/><E64/><V45/><F45/><W106/><G130/><RYUUKYOKU ba="0,0" sc="247,-10,395,30,199,-10,159,-10" hai1="8,11,16,19,73,75,82,83,88,90,98,99,104" /><INIT seed="3,1,0,1,0,105" ten="237,425,189,149" oya="3" hai0="129,27,50,16,131,0,108,82,49,1,37,134,77" hai1="29,64,42,57,75,55,8,56,81,39,85,41,93" hai2="120,19,114,30,47,74,23,71,31,78,33,21,34" hai3="13,103,87,59,54,18,83,102,126,66,127,95,117"/><W36/><G36/><T100/><D37/><U63/><E75/><V53/><F71/><W70/><G66/><T43/><D100/><U104/><E104/><V115/><F120/><W38/><G38/><T40/><D134/><U109/><E109/><V14/><F47/><W60/><G70/><T107/><D107/><U125/><E125/><N who="3" m="47626" /><G95/><T6/><D108/><U86/><E29/><N who="2" m="10763" /><F53/><W2/><G2/><T123/><D123/><U10/><E93/><V90/><F74/><W91/><G117/><T4/><D27/><U106/><E106/><V25/><F90/><W26/><G26/><T17/><D82/><U24/><E24/><V132/><F78/><AGARI ba="1,0" hai="0,1,4,6,16,17,40,43,49,50,77,78,129,131" machi="78" ten="25,3200,0" yaku="22,2,54,1" doraHai="105" who="0" fromWho="2" sc="237,35,425,0,189,-35,149,0" /><INIT seed="4,0,0,0,2,120" ten="272,425,154,149" oya="0" hai0="63,103,22,135,65,7,127,19,51,11,123,87,38" hai1="118,86,57,114,44,1,48,27,94,20,131,24,70" hai2="74,113,13,132,85,102,97,128,106,2,76,79,64" hai3="126,75,71,112,40,39,99,98,66,68,46,12,37"/><T54/><D38/><U108/><E70/><V45/><F2/><W14/><G75/><T93/><D123/><U80/><E1/><V116/><F64/><W88/><G126/><T104/><D127/><U4/><E4/><V115/><F45/><W82/><G112/><N who="2" m="43081" /><F13/><W122/><G122/><T47/><D104/><U9/><E94/><V92/><F128/><W10/><G39/><T32/><D32/><U21/><E80/><N who="2" m="45079" /><F132/><W111/><G111/><T60/><D135/><U105/><E105/><V36/><F36/><W91/><G14/><T56/><D63/><U41/><E86/><V50/><F50/><W61/><G71/><T109/><D109/><U119/><E20/><V84/><F116/><W58/><G68/><T73/><D73/><U34/><E34/><V43/><F43/><W121/><G121/><T72/><D72/><U25/><E21/><V26/><F26/><W3/><G3/><T30/><D30/><U95/><E27/><V89/><F79/><W125/><G125/><T133/><D133/><U78/><E25/><V0/><F0/><W81/><G91/><T77/><D11/><U23/><E9/><V101/><F102/><W17/><REACH who="3" step="1"/><G82/><REACH who="3" ten="272,425,154,139" step="2"/><T67/><D103/><U35/><E78/><V55/><F101/><W53/><G53/><T96/><D77/><U49/><E114/><V107/><F55/><W16/><G16/><T8/><D54/><N who="1" m="31951" /><E118/><V15/><F15/><W100/><G100/><T29/><D19/><U90/><E119/><V69/><F69/><W18/><G18/><T42/><D29/><U83/><E108/><V5/><F5/><RYUUKYOKU ba="0,1" sc="272,-15,425,-15,154,15,139,15" hai2="84,85,89,92,97,106,107" hai3="10,12,17,37,40,46,58,61,66,81,88,98,99" /><INIT seed="5,1,1,5,5,56" ten="257,410,169,154" oya="1" hai0="39,4,107,34,53,100,72,90,47,79,89,33,95" hai1="127,46,119,122,68,104,14,124,134,106,1,23,129" hai2="103,99,37,94,117,109,69,50,19,18,96,86,3" hai3="42,48,0,15,31,8,5,51,60,114,35,133,108"/><U132/><E1/><V71/><F37/><W67/><G108/><T74/><D4/><U113/><E122/><V78/><F3/><W125/><G125/><N who="1" m="48202" /><E119/><V80/><F109/><W128/><G128/><T36/><D89/><U27/><E14/><V13/><F117/><W101/><G133/><T70/><D72/><U32/><E32/><V88/><F50/><W83/><G114/><T6/><D6/><U57/><E68/><V93/><REACH who="2" step="1"/><F19/><REACH who="2" ten="257,410,159,154" step="2"/><W73/><G0/><T21/><D39/><U123/><E134/><V59/><F59/><W16/><G51/><T85/><D36/><U11/><E57/><V44/><F44/><W111/><G48/><T26/><D47/><U41/><E132/><V54/><F54/><W7/><G111/><T62/><D53/><U58/><E58/><V98/><F98/><W92/><G42/><T82/><D70/><U118/><E118/><V24/><F24/><W20/><G16/><T30/><D26/><U10/><E27/><V120/><F120/><W45/><G45/><T130/><D30/><U66/><E123/><V65/><F65/><W22/><G31/><T77/><D130/><U84/><E129/><V76/><F76/><W17/><G67/><T131/><D77/><U115/><E66/><V9/><AGARI ba="1,2" hai="9,13,18,69,71,78,80,86,88,93,94,96,99,103" machi="9" ten="20,5200,0" yaku="1,1,0,1,7,1,54,1,53,0" doraHai="56" doraHaiUra="135" who="2" fromWho="2" sc="257,-14,410,-27,159,75,154,-14" /><INIT seed="6,0,0,2,3,94" ten="243,383,234,140" oya="2" hai0="25,132,17,28,73,105,126,52,74,123,131,68,88" hai1="56,97,92,50,13,59,21,118,85,110,113,32,36" hai2="42,69,121,93,86,10,27,3,79,84,7,57,104" hai3="54,2,1,0,82,114,12,64,96,77,37,108,91"/><V51/><F69/><W116/><G116/><T87/><D68/><U61/><E36/><V129/><F104/><W80/><G108/><T115/><D105/><U24/><E32/><V81/><F121/><W15/><G37/><T107/><D107/><U33/><E33/><V44/><F129/><W9/><G64/><T117/><D123/><U109/><E113/><V134/><F134/><W128/><G128/><T23/><D115/><U30/><E13/><N who="2" m="5343" /><F27/><W98/><G114/><T35/><D131/><U18/><E118/><V122/><F3/><W31/><G31/><T106/><D106/><U55/><E30/><V20/><F20/><W76/><G54/><T103/><D132/><U4/><E4/><V40/><F57/><W48/><G48/><T70/><D70/><U125/><E125/><V47/><F122/><W34/><G34/><T111/><D74/><U124/><E124/><V71/><F71/><W19/><G91/><T22/><D35/><U135/><E135/><V90/><F47/><W127/><G127/><T53/><D73/><U89/><E110/><V45/><F44/><W67/><G67/><T120/><D120/><U100/><E109/><V60/><F60/><W133/><G133/><T130/><D130/><U102/><E61/><V11/><F11/><W83/><REACH who="3" step="1"/><G15/><REACH who="3" ten="243,383,234,130" step="2"/><T112/><D126/><U16/><E50/><V63/><F63/><W41/><G41/><AGARI ba="0,1" hai="40,41,42,45,51,79,81,84,86,90,93" m="5343" machi="41" ten="30,2900,0" yaku="25,1,8,1" doraHai="94" who="2" fromWho="3" sc="243,0,383,0,234,39,130,-29" /><INIT seed="6,1,0,4,4,28" ten="243,383,273,101" oya="2" hai0="99,126,82,129,56,124,100,67,80,88,90,50,8" hai1="3,16,12,44,64,51,114,125,17,103,7,26,62" hai2="25,27,104,127,75,52,116,98,11,1,118,107,133" hai3="120,112,69,13,123,73,70,79,4,113,18,58,38"/><V48/><F75/><W121/><G73/><T35/><D8/><U92/><E3/><V15/><F1/><W97/><G79/><T81/><D67/><U135/><E135/><V14/><F133/><W65/><G4/><T42/><D35/><U49/><E114/><N who="3" m="44138" /><G97/><T5/><D5/><U109/><E51/><V37/><F11/><W34/><G18/><T40/><D129/><U55/><E125/><N who="0" m="48233" /><D56/><U110/><E7/><V30/><F30/><W32/><G13/><T86/><D50/><U134/><E134/><V72/><F98/><W77/><G77/><T132/><D42/><U53/><E53/><V41/><F72/><W76/><G76/><T61/><D61/><U24/><E17/><V46/><F25/><W87/><G87/><N who="0" m="50279" /><D40/><U74/><E74/><V85/><F27/><W111/><G38/><T60/><D60/><U84/><E62/><V128/><F37/><W0/><G0/><T115/><D115/><U94/><E26/><V71/><F15/><W2/><G2/><T131/><D131/><U96/><E24/><V106/><F128/><W20/><G20/><T83/><D132/><U39/><E39/><V119/><F14/><W10/><G10/><T89/><D86/><U95/><E84/><V93/><F85/><W54/><G111/><T66/><D66/><U6/><E64/><V117/><F127/><W68/><G65/><T43/><D43/><U23/><E6/><V105/><F119/><W45/><G45/><T21/><D21/><U101/><E12/><V19/><F118/><W108/><G108/><N who="1" m="41578" /><E23/><V91/><N who="2" m="26624" /><DORA hai="78" /><V130/><F117/><RYUUKYOKU ba="1,0" sc="243,15,383,-15,273,-15,101,15" hai0="81,82,83,89,90,99,100" hai3="32,34,54,58,68,69,70,120,121,123" /><INIT seed="7,2,0,2,0,17" ten="258,368,258,116" oya="3" hai0="96,101,98,72,83,91,14,73,92,60,85,75,89" hai1="114,129,13,3,30,7,90,55,20,53,31,59,40" hai2="26,65,81,71,49,18,108,115,27,15,77,86,128" hai3="112,52,135,106,84,67,132,94,122,118,1,19,4"/><W32/><G106/><N who="0" m="63783" /><D14/><U130/><E114/><V2/><F128/><W78/><G118/><T9/><D9/><N who="1" m="2303" /><E40/><V116/><F108/><W58/><G122/><T64/><D60/><U131/><E90/><V70/><F2/><W87/><G112/><T11/><D11/><U35/><E35/><V44/><F116/><W12/><G32/><T76/><D64/><U41/><E41/><V121/><F121/><W37/><G67/><T93/><AGARI ba="2,0" hai="72,73,75,76,83,85,89,91,92,93,98" m="63783" machi="93" ten="30,12000,2" yaku="24,1,35,5" doraHai="17" who="0" fromWho="0" sc="258,126,368,-32,258,-32,116,-62" owari="384,48.0,336,14.0,226,-17.0,54,-45.0" /></mjloggm>