<mjloggm ver="2.3"><GO type="169" lobby="0"/><UN n0="%E5%B0%B1%E6%B4%BB%E7%94%9F%40%E5%B7%9D%E6%9D%91%E8%BB%8D%E5%9B%A3" n1="%E3%82%80%E3%81%A8%E3%81%85%E3%83%BC" n2="%4A%57%35%35" n3="%E3%81%A1%E3%82%8A%E3%82%81%E3%82%93%E3%81%98%E3%82%83%E3%81%93" dan="17,16,18,16" rate="2176.62,2123.55,2264.41,2094.44" sx="M,M,M,M"/><TAIKYOKU oya="0"/><INIT seed="0,0,0,1,5,123" ten="250,250,250,250" oya="0" hai0="99,66,69,134,9,88,65,20,71,47,104,81,83" hai1="118,54,76,11,43,60,110,2,8,4,100,130,49" hai2="18,98,135,15,82,12,102,37,16,38,108,13,53" hai3="86,107,79,50,117,133,126,96,3,36,116,19,113"/><T40/><D134/><U29/><E118/><V22/><F135/><W62/><G36/><T17/><D71/><U58/><E130/><V42/><F108/><W90/><G133/><T61/><D66/><U115/><E115/><V132/><F132/><W122/><G113/><T64/><D64/><U41/><E110/><V23/><F42/><W128/><G128/><T109/><D9/><U72/><E29/><V93/><F15/><W32/><G122/><T77/><D77/><U63/><E100/><V14/><F14/><W127/><G32/><T92/><D104/><U0/><E76/><V33/><F33/><W95/><G3/><T56/><D69/><U57/><E72/><V70/><F70/><W85/><G62/><T21/><D109/><U46/><E8/><V101/><F101/><W26/><G50/><T73/><D73/><U52/><E2/><V74/><F74/><W103/><G26/><T39/><REACH who="0" step="1"/><D21/><REACH who="0" ten="240,250,250,250" step="2"/><U91/><REACH who="1" step="1"/><E91/><REACH who="1" ten="240,240,250,250" step="2"/><V84/><F53/><AGARI ba="0,2" hai="0,4,11,41,43,46,49,52,53,54,57,58,60,63" machi="53" ten="30,8000,1" yaku="1,1,2,1,7,1,9,1,54,1,53,0" doraHai="123" doraHaiUra="105" who="1" fromWho="2" sc="240,0,240,100,250,-80,250,0" /><INIT seed="1,0,0,5,2,69" ten="240,340,170,250" oya="1" hai0="121,59,80,18,58,91,122,44,10,27,125,102,86" hai1="51,129,30,118,78,55,124,84,48,85,1,72,60" hai2="47,53,11,74,40,20,101,71,127,65,24,7,15" hai3="46,81,25,105,116,103,77,119,97,50,75,56,106"/><U13/><E1/><V89/><F74/><W93/><G56/><T5/><D125/><U9/><E124/><V111/><F127/><W132/><G25/><T34/><D102/><U100/><E118/><N who="3" m="45098" /><G132/><T63/><D44/><U32/><E129/><V2/><F111/><W16/><G16/><T70/><D70/><U28/><E72/><V66/><F101/><W79/><G79/><T62/><D62/><U17/><E100/><V21/><F71/><W68/><G68/><T98/><D98/><U6/><E32/><V52/><F66/><W134/><G134/><T36/><D36/><U83/><E17/><V12/><F65/><W8/><G8/><T114/><D114/><U31/><E85/><V87/><F21/><W110/><G110/><T35/><D35/><U115/><E115/><V57/><F24/><W95/><G95/><T19/><D19/><U76/><E76/><V113/><F20/><W14/><G14/><T120/><D63/><U107/><E107/><V49/><F113/><W61/><G61/><T33/><D33/><U0/><E0/><V112/><F112/><W90/><G90/><T99/><D99/><U130/><E130/><V94/><REACH who="2" step="1"/><F53/><AGARI ba="0,0" hai="46,50,53,75,77,81,93,97,103,105,106" m="45098" machi="53" ten="30,1000,0" yaku="12,1" doraHai="69" who="3" fromWho="2" sc="240,0,340,0,170,-10,250,10" /><INIT seed="2,0,0,4,1,80" ten="240,340,160,260" oya="2" hai0="44,118,97,8,76,119,19,37,22,21,11,129,5" hai1="40,103,75,26,120,73,128,113,55,77,20,0,35" hai2="135,126,48,51,78,133,58,9,17,12,27,28,56" hai3="30,109,111,65,16,39,127,84,74,7,67,82,33"/><V122/><F122/><W54/><G74/><T132/><D129/><U114/><E35/><V18/><F78/><W79/><G7/><T6/><D132/><N who="2" m="50762" /><F126/><W71/><G127/><T96/><D76/><U130/><E77/><V47/><F18/><W92/><G39/><T31/><D44/><U106/><E75/><V124/><F124/><W85/><G54/><T10/><D37/><U81/><E73/><V52/><F48/><W72/><G92/><T34/><D96/><U24/><E120/><V41/><F41/><W45/><G45/><T15/><D97/><U29/><E40/><V1/><F1/><W93/><G93/><T13/><D34/><AGARI ba="0,0" hai="9,12,17,27,28,34,47,51,52,56,58" m="50762" machi="34" ten="30,2900,0" yaku="20,1,54,1" doraHai="80" who="2" fromWho="0" sc="240,-29,340,0,160,29,260,0" /><INIT seed="2,1,0,1,4,126" ten="211,340,189,260" oya="2" hai0="40,36,98,43,52,134,49,74,42,82,96,32,120" hai1="46,70,84,108,10,17,34,22,56,9,20,7,133" hai2="50,37,113,76,39,83,60,114,57,87,16,12,92" hai3="62,31,119,47,116,28,58,15,65,59,38,25,24"/><V30/><F30/><W104/><G104/><T48/><D120/><U75/><E70/><V91/><F50/><W64/><G15/><T132/><D32/><U88/><E75/><V78/><F39/><W93/><G93/><T79/><D36/><U19/><E34/><V53/><F37/><W130/><G38/><T128/><D49/><U3/><E46/><V72/><REACH who="2" step="1"/><F76/><REACH who="2" ten="211,340,179,260" step="2"/><W18/><G116/><T13/><D128/><U69/><E133/><N who="0" m="51305" /><D13/><U97/><E3/><V127/><F127/><W26/><G130/><T2/><D2/><U103/><E108/><V63/><F63/><W100/><G119/><T41/><N who="0" m="10752" /><DORA hai="121" /><T23/><D23/><AGARI ba="1,1" hai="12,16,23,53,57,60,72,78,83,87,91,92,113,114" machi="23" ten="30,11600,0" yaku="1,1,7,1,54,1,53,1" doraHai="126,121" doraHaiUra="4,105" who="2" fromWho="0" sc="211,-119,340,0,179,129,260,0" /><INIT seed="2,2,0,0,4,28" ten="92,340,308,260" oya="2" hai0="114,127,53,46,2,25,132,19,99,45,79,57,5" hai1="71,125,130,20,87,67,13,38,101,83,31,43,72" hai2="48,1,27,135,23,68,54,98,81,8,123,24,77" hai3="115,9,120,85,52,134,89,34,97,36,47,0,103"/><V78/><F123/><W86/><G120/><T107/><D114/><U49/><E72/><V39/><F39/><W4/><G115/><T95/><D107/><U74/><E74/><V35/><F68/><W56/><G134/><T61/><D127/><U17/><E38/><V69/><F69/><W70/><G70/><T133/><D79/><U84/><E130/><V92/><F135/><W106/><G89/><T11/><D132/><U6/><E101/><V14/><F1/><W63/><REACH who="3" step="1"/><G34/><REACH who="3" ten="92,340,308,250" step="2"/><T26/><D133/><U93/><E71/><V109/><F35/><W12/><G12/><T41/><D41/><AGARI ba="2,1" hai="0,4,9,36,41,47,52,56,63,85,86,97,103,106" machi="41" ten="40,2600,0" yaku="1,1,54,1,53,0" doraHai="28" doraHaiUra="121" who="3" fromWho="0" sc="92,-32,340,0,308,0,250,42" /><INIT seed="3,0,0,5,3,21" ten="60,340,308,292" oya="3" hai0="84,88,69,118,90,14,133,47,31,134,87,91,111" hai1="117,24,89,64,41,3,73,13,110,60,95,92,12" hai2="0,131,6,65,123,130,1,66,135,112,7,48,36" hai3="5,34,67,40,16,23,114,93,33,71,108,45,107"/><W20/><G107/><T57/><D69/><U121/><E3/><V98/><F36/><W19/><G114/><T128/><D118/><U29/><E73/><V27/><F112/><W22/><G71/><T126/><D126/><U94/><E117/><V59/><F98/><W77/><G67/><T51/><D128/><U101/><E101/><V53/><F135/><W61/><G77/><T9/><D111/><U122/><E110/><V81/><F81/><W30/><G108/><T76/><D31/><U115/><E115/><V15/><F123/><W8/><G61/><T37/><D37/><U129/><E129/><N who="2" m="49163" /><F27/><N who="3" m="16743" /><G93/><T35/><D35/><N who="3" m="13321" /><G40/><T83/><D57/><U46/><E94/><V79/><F79/><W80/><G80/><T127/><D127/><U70/><E95/><V17/><F65/><W113/><G45/><T96/><D96/><U11/><E122/><V28/><F28/><W63/><G63/><T38/><D38/><U74/><E74/><V43/><F43/><W109/><G109/><T86/><D133/><U52/><E41/><V62/><F62/><W44/><G44/><T119/><D119/><U32/><E121/><V116/><F116/><W68/><G68/><T10/><D134/><U2/><E92/><V99/><F99/><W39/><G39/><T18/><REACH who="0" step="1"/><D9/><REACH who="0" ten="50,340,308,292" step="2"/><U55/><E11/><N who="2" m="6399" /><F66/><W54/><G113/><T106/><D106/><U82/><E64/><V42/><F59/><W124/><G124/><T132/><D132/><U120/><E120/><V78/><F48/><W58/><G58/><T72/><D72/><U97/><E70/><V4/><F78/><RYUUKYOKU ba="0,1" sc="50,30,340,-10,308,-10,292,-10" hai0="10,14,18,47,51,76,83,84,86,87,88,90,91" /><INIT seed="4,1,1,4,5,18" ten="80,330,298,282" oya="0" hai0="100,16,66,98,39,4,31,24,65,71,22,131,19" hai1="42,40,93,83,15,30,135,35,105,38,12,68,122" hai2="41,109,90,50,133,92,3,6,13,121,108,85,57" hai3="20,114,134,54,73,127,32,91,8,0,43,49,51"/><T28/><D39/><U96/><E105/><V61/><F121/><W37/><G32/><T132/><D131/><U26/><E122/><V113/><F113/><W29/><G114/><T48/><D132/><U2/><E2/><V115/><F115/><W125/><G134/><T117/><D117/><U75/><E68/><V47/><F3/><W17/><G73/><T95/><D71/><U78/><E135/><V101/><F133/><W52/><G91/><T112/><D112/><U97/><E97/><V74/><F74/><W25/><G37/><T94/><D4/><U69/><E69/><V82/><F101/><W111/><G111/><T58/><D95/><U27/><E27/><V124/><F124/><N who="3" m="47691" /><G43/><T7/><D7/><U53/><E53/><N who="3" m="20586" /><G0/><T104/><D104/><U99/><E99/><V129/><F129/><W33/><G8/><T76/><D76/><U21/><E35/><V46/><F46/><W72/><G72/><T45/><D19/><U14/><REACH who="1" step="1"/><E38/><REACH who="1" ten="80,320,298,282" step="2"/><V44/><F108/><W63/><G33/><T23/><D23/><U120/><E120/><V88/><F109/><W119/><G119/><T80/><D80/><U56/><E56/><V11/><F57/><W130/><G130/><T62/><REACH who="0" step="1"/><D65/><REACH who="0" ten="70,320,298,282" step="2"/><U128/><E128/><V55/><F82/><W60/><G20/><T10/><D10/><U81/><E81/><V67/><F11/><W89/><G17/><T118/><D118/><U36/><E36/><V86/><F67/><W123/><G123/><T9/><D9/><U5/><E5/><V116/><F6/><W126/><G126/><T77/><D77/><RYUUKYOKU ba="1,3" sc="70,15,320,15,298,-15,282,-15" hai0="16,22,24,28,31,45,48,58,62,66,94,98,100" hai1="12,14,15,21,26,30,40,42,75,78,83,93,96" /><INIT seed="4,2,3,2,4,26" ten="85,335,283,267" oya="0" hai0="113,0,74,111,5,56,34,66,50,86,9,130,75" hai1="35,7,128,79,17,47,134,6,37,126,114,71,85" hai2="120,1,15,131,97,4,117,38,39,106,77,16,23" hai3="27,31,49,118,76,55,64,102,36,62,8,41,116"/><T60/><D113/><U127/><E71/><V83/><F120/><W103/><G76/><T87/><D111/><U22/><E35/><V98/><F131/><W51/><G8/><T28/><D130/><U58/><E114/><V72/><F1/><W73/><G73/><T24/><REACH who="0" step="1"/><D50/><REACH who="0" ten="75,335,283,267" step="2"/><U54/><E128/><V29/><F39/><W112/><G116/><T119/><D119/><U11/><E37/><V96/><F117/><W135/><G112/><T121/><D121/><U48/><E48/><V14/><F38/><W30/><G118/><T42/><D42/><U104/><E127/><V53/><F106/><W25/><G36/><T95/><D95/><U94/><E94/><V21/><F83/><W90/><G41/><T115/><D115/><U100/><E104/><V93/><F93/><W44/><G49/><T99/><D99/><U80/><E80/><V92/><F96/><W19/><G51/><T63/><D63/><U89/><E126/><V129/><F97/><W133/><G62/><T57/><D57/><U101/><E58/><V125/><F129/><W108/><G108/><T13/><D13/><U45/><E45/><V68/><F125/><W132/><G44/><T69/><D69/><U59/><E47/><V122/><F68/><W82/><G82/><T110/><D110/><U3/><E59/><V105/><F105/><W67/><G133/><T20/><D20/><U52/><E22/><V10/><F122/><W70/><G70/><T18/><D18/><U12/><E17/><V107/><F107/><W32/><G32/><T61/><D61/><U2/><E134/><RYUUKYOKU ba="2,4" sc="75,30,335,-10,283,-10,267,-10" hai0="0,5,9,24,28,34,56,60,66,74,75,86,87" /><INIT seed="4,3,4,5,3,61" ten="105,325,273,257" oya="0" hai0="1,13,34,125,101,102,59,114,52,36,46,33,107" hai1="57,123,25,60,82,75,48,23,130,56,35,126,106" hai2="122,39,85,92,12,134,54,40,2,63,8,27,109" hai3="65,93,37,32,58,105,55,29,7,127,6,9,120"/><T18/><D1/><U71/><E123/><V11/><F109/><W129/><G105/><T118/><D118/><U62/><E106/><V0/><F122/><W74/><G120/><T24/><D114/><U3/><E3/><V67/><F8/><W89/><G37/><T10/><D125/><U124/><E35/><V49/><F27/><W98/><G74/><T116/><D116/><U99/><E99/><V78/><F134/><W72/><G72/><T68/><D68/><U73/><E130/><V94/><F94/><W30/><G127/><N who="1" m="48682" /><E71/><N who="2" m="42495" /><F92/><W121/><G121/><T131/><D131/><U115/><E115/><V45/><F85/><W96/><G96/><T81/><D81/><U15/><E15/><V108/><F78/><W135/><G135/><T110/><D110/><U79/><E73/><V128/><F128/><W21/><G32/><T70/><D70/><U77/><E77/><V26/><F26/><W69/><G129/><T119/><D119/><U111/><E111/><V38/><F38/><W44/><G21/><T50/><D107/><U22/><E22/><V14/><F14/><W88/><G89/><T133/><D133/><U41/><E56/><N who="2" m="32847" /><F108/><W64/><G9/><T66/><D34/><U84/><E75/><V28/><F28/><N who="3" m="10859" /><G69/><T91/><D91/><U47/><E57/><V43/><F43/><W17/><G17/><AGARI ba="3,4" hai="17,23,25,41,47,48,60,62,79,82,84" m="48682" machi="17" ten="30,1000,0" yaku="18,1" doraHai="61" who="1" fromWho="3" sc="105,0,325,59,273,0,257,-19" /><AGARI ba="3,0" hai="0,2,11,12,17,39,40,45" m="32847,42495" machi="17" ten="30,2000,0" yaku="24,1,52,1" doraHai="61" who="2" fromWho="3" sc="105,0,384,0,273,20,238,-20" /><INIT seed="5,0,0,4,2,51" ten="105,384,293,218" oya="1" hai0="122,131,2,29,35,107,57,104,55,31,28,73,39" hai1="49,37,18,6,130,88,7,121,50,33,5,66,98" hai2="81,93,10,115,119,1,110,45,97,127,24,12,25" hai3="41,62,99,120,135,118,74,75,47,65,126,101,134"/><U129/><E37/><V59/><F119/><W89/><G120/><T14/><D35/><U113/><E33/><V11/><F110/><W96/><G118/><T43/><D2/><U133/><E121/><V23/><F127/><W86/><G126/><T112/><D122/><U87/><E98/><V100/><F45/><W84/><G41/><T48/><D112/><U132/><E66/><V61/><F1/><W82/><G47/><T3/><D3/><U83/><E18/><V32/><F32/><W21/><G21/><T77/><D131/><N who="1" m="50187" /><E113/><V71/><F71/><W114/><G114/><T60/><D39/><U42/><E42/><V36/><F36/><W19/><G19/><T9/><D43/><U103/><E103/><V13/><F100/><W69/><G86/><T124/><D124/><U123/><E123/><V44/><F97/><W54/><G99/><T80/><REACH who="0" step="1"/><D60/><REACH who="0" ten="95,384,293,218" step="2"/><U79/><E79/><V40/><F61/><W105/><REACH who="3" step="1"/><G54/><REACH who="3" ten="95,384,293,208" step="2"/><T92/><D92/><U34/><E34/><V117/><F93/><W22/><G22/><T106/><D106/><U26/><E26/><V109/><F115/><W38/><G38/><T72/><D72/><AGARI ba="0,2" hai="62,65,69,72,74,75,82,84,89,96,101,105,134,135" machi="72" ten="40,2600,0" yaku="1,1,53,1" doraHai="51" doraHaiUra="94" who="3" fromWho="0" sc="95,-26,384,0,293,0,208,46" /><INIT seed="6,0,0,2,4,26" ten="69,384,293,254" oya="2" hai0="66,15,63,28,102,5,50,115,31,81,57,0,130" hai1="64,69,104,14,101,78,127,77,108,38,49,23,112" hai2="89,88,32,48,33,107,9,103,58,61,30,73,98" hai3="70,68,125,6,121,45,119,72,131,87,27,105,74"/><V86/><F73/><W11/><G119/><T59/><D0/><U80/><E38/><V34/><F48/><W106/><G121/><T120/><D120/><U52/><E108/><V122/><F122/><W128/><G45/><T111/><D111/><U118/><E118/><V79/><F9/><W22/><G87/><T40/><D130/><N who="3" m="49705" /><G125/><T124/><D124/><U92/><E104/><N who="3" m="40042" /><G22/><T75/><D115/><U126/><E64/><V82/><REACH who="2" step="1"/><F30/><REACH who="2" ten="69,384,283,254" step="2"/><N who="0" m="11306" /><D75/><U91/><E126/><V29/><F29/><W21/><G74/><T110/><D110/><U97/><E127/><V60/><F60/><W4/><G72/><T3/><D3/><U113/><E113/><V13/><F13/><W16/><G11/><N who="0" m="4591" /><D102/><U8/><E101/><V62/><F62/><W116/><G116/><T10/><D10/><U96/><E8/><V18/><F18/><W41/><G4/><T37/><D37/><U17/><E17/><V135/><F135/><W76/><G6/><T114/><D114/><U132/><E112/><V42/><F42/><W133/><G41/><T65/><D81/><U24/><E80/><V19/><F19/><W100/><G133/><T53/><D40/><U43/><E43/><V123/><F123/><W2/><G2/><T99/><D99/><U85/><E97/><V54/><AGARI ba="0,1" hai="32,33,34,54,58,61,79,82,86,88,89,98,103,107" machi="54" ten="30,6000,0" yaku="1,1,0,1,54,1,53,0" doraHai="26" doraHaiUra="129" who="2" fromWho="2" sc="69,-20,384,-20,283,70,254,-20" /><INIT seed="6,1,0,5,3,24" ten="49,364,353,234" oya="2" hai0="121,47,8,107,83,128,87,116,113,82,13,77,62" hai1="71,72,54,85,22,123,50,102,69,91,18,20,3" hai2="84,2,27,103,65,122,55,119,111,101,25,94,46" hai3="57,61,134,104,115,117,48,81,16,44,14,52,10"/><V17/><F119/><W63/><G117/><T70/><D121/><U129/><E72/><V40/><F2/><W42/><G134/><T100/><D116/><U6/><E102/><V96/><F122/><W88/><G104/><T125/><D125/><U5/><E123/><V89/><F65/><W67/><G115/><T60/><D128/><U4/><E3/><V118/><F118/><W33/><G33/><T106/><D113/><U45/><E129/><V9/><F111/><W58/><G63/><T131/><D131/><U7/><E7/><V11/><F55/><W78/><G78/><T31/><D70/><U39/><E39/><V53/><F53/><W0/><G0/><T97/><D106/><U132/><E132/><V56/><F56/><N who="3" m="37287" /><G42/><T34/><D82/><U124/><E20/><V109/><F101/><W126/><G126/><T93/><D107/><U127/><E127/><V12/><F11/><W76/><G76/><T30/><D34/><U49/><E49/><N who="2" m="26823" /><F109/><W1/><G1/><T75/><D75/><U120/><E120/><V29/><F29/><N who="0" m="10762" /><D47/><U130/><E130/><V21/><F9/><W23/><G10/><T68/><D68/><U26/><E124/><V92/><AGARI ba="1,0" hai="12,17,21,25,27,84,89,92,94,96,103" m="26823" machi="92" ten="30,1500,0" yaku="8,1" doraHai="24" who="2" fromWho="2" sc="49,-6,364,-6,353,18,234,-6" /><INIT seed="6,2,0,5,2,123" ten="43,358,371,228" oya="2" hai0="120,101,83,16,98,2,129,94,80,4,9,92,74" hai1="85,56,103,117,73,15,112,26,75,45,40,81,18" hai2="41,6,88,91,124,10,7,86,27,89,68,19,50" hai3="30,23,21,135,76,118,14,127,87,38,64,131,63"/><V67/><F124/><W48/><G118/><T36/><D120/><U78/><E117/><V96/><F96/><W54/><G38/><T17/><D129/><U1/><E1/><V5/><F68/><W66/><G131/><T110/><D110/><U97/><E26/><V52/><F67/><W130/><G127/><T47/><D92/><U22/><E56/><N who="2" m="32791" /><F41/><W29/><G130/><T44/><D83/><U104/><REACH who="1" step="1"/><E112/><REACH who="1" ten="43,348,371,228" step="2"/><V107/><F107/><W69/><G135/><T53/><D47/><U12/><E12/><N who="2" m="7575" /><F27/><W25/><G25/><T119/><D119/><U70/><E70/><V122/><F122/><W125/><G69/><T93/><D93/><AGARI ba="2,1" hai="5,6,7,86,88,89,91,93" m="7575,32791" machi="93" ten="30,5800,0" yaku="8,1,54,2" doraHai="123" who="2" fromWho="0" sc="43,-64,348,0,371,74,228,0" owari="-21,-52.0,348,15.0,445,54.0,228,-17.0" /></mjloggm>