<mjloggm ver="2.3"><GO type="169" lobby="0"/><UN n0="%E5%B0%B1%E6%B4%BB%E7%94%9F%40%E5%B7%9D%E6%9D%91%E8%BB%8D%E5%9B%A3" n1="%4A%75%6E%65%52%61%69%6E" n2="%E3%82%8F%E3%81%9F%E5%9D%8A%E2%98%86" n3="%E3%82%84%E3%81%BE%E3%81%AA%E3%81%84%E9%9B%A8" dan="16,16,16,16" rate="2123.55,2106.31,2097.09,2078.57" sx="M,M,M,F"/><TAIKYOKU oya="0"/><INIT seed="0,0,0,5,3,18" ten="250,250,250,250" oya="0" hai0="122,71,97,94,12,68,135,35,56,73,114,46,26" hai1="91,102,113,31,66,49,111,129,27,42,125,64,124" hai2="77,41,98,132,93,100,13,127,29,0,43,61,82" hai3="52,6,81,99,76,115,38,34,45,20,7,130,9"/><T48/><D122/><U59/><E111/><V78/><F0/><W54/><G34/><T63/><D73/><U2/><E2/><V60/><F132/><W90/><G115/><T22/><D114/><U51/><E113/><V11/><F127/><N who="1" m="48713" /><E129/><V69/><F29/><W10/><G130/><T79/><D35/><U33/><E102/><V120/><F120/><W134/><G134/><T119/><D119/><U67/><E91/><V3/><F3/><W75/><G90/><T89/><D79/><N who="2" m="30218" /><F69/><W5/><G99/><T86/><D12/><U44/><E59/><V109/><F109/><W28/><G10/><T65/><D135/><U17/><E17/><N who="2" m="8383" /><F82/><W1/><G54/><T16/><REACH who="0" step="1"/><D97/><REACH who="0" ten="240,250,250,250" step="2"/><U62/><E62/><AGARI ba="0,1" hai="41,43,60,61,62,93,98,100" m="8383,30218" machi="62" ten="30,1000,0" yaku="8,1" doraHai="18" who="2" fromWho="1" sc="240,0,250,-10,250,20,250,0" /><INIT seed="1,0,0,1,1,127" ten="240,240,270,250" oya="1" hai0="8,20,28,59,58,91,51,135,57,85,47,109,113" hai1="25,93,101,43,1,130,30,102,132,5,66,3,121" hai2="63,42,17,64,69,13,12,49,94,126,29,56,107" hai3="36,116,97,22,6,117,123,120,73,53,15,110,55"/><U33/><E121/><V67/><F107/><W96/><G22/><T89/><D109/><U92/><E132/><V14/><F126/><W18/><G15/><T77/><D135/><U100/><E43/><V60/><F29/><W21/><G21/><T4/><D113/><U0/><E66/><V74/><F74/><W122/><G6/><T7/><D77/><U32/><E130/><V40/><F94/><W35/><G35/><T26/><D85/><U79/><E79/><V16/><F49/><W124/><G18/><T48/><D48/><U27/><E5/><V115/><F115/><W76/><G76/><T83/><D83/><U119/><E119/><N who="3" m="45642" /><G73/><T65/><D65/><U131/><E131/><V19/><AGARI ba="0,0" hai="12,13,14,16,17,19,40,42,56,60,63,64,67,69" machi="19" ten="30,2000,0" yaku="0,1,54,1" doraHai="127" who="2" fromWho="2" sc="240,-5,240,-10,270,20,250,-5" /><INIT seed="2,0,0,2,4,91" ten="235,230,290,245" oya="2" hai0="130,10,120,28,44,63,124,133,83,21,75,26,135" hai1="39,49,68,66,96,30,89,76,9,117,14,20,45" hai2="50,85,19,11,116,16,71,5,37,118,61,97,88" hai3="123,1,105,34,128,4,24,114,27,32,74,113,103"/><V70/><F37/><W12/><G74/><T51/><D120/><U58/><E117/><V48/><F97/><W6/><G103/><T90/><D124/><U115/><E115/><N who="3" m="44042" /><G105/><T43/><D130/><U126/><E126/><V46/><F50/><W60/><G60/><T87/><D75/><U8/><E68/><V101/><F101/><W59/><G59/><T38/><D63/><N who="1" m="38263" /><E39/><V13/><F118/><W67/><G67/><T99/><D38/><U78/><E30/><V81/><F116/><W134/><G1/><T82/><D10/><N who="1" m="4203" /><E20/><V7/><F19/><W122/><G128/><T22/><D22/><U73/><E73/><V100/><F100/><W104/><G104/><T93/><REACH who="0" step="1"/><D82/><REACH who="0" ten="225,230,290,245" step="2"/><U109/><E109/><V36/><F36/><W42/><G6/><N who="2" m="2057" /><F61/><W92/><G4/><T94/><D94/><N who="1" m="56399" /><E14/><V33/><F33/><W108/><G12/><T52/><D52/><AGARI ba="0,1" hai="45,49,52,76,78" m="56399,4203,38263" machi="52" ten="30,3900,0" yaku="8,1,52,1,54,1" doraHai="91" who="1" fromWho="0" sc="225,-39,230,49,290,0,245,0" /><AGARI ba="0,0" hai="11,13,16,46,48,52,70,71,81,85,88" m="2057" machi="52" ten="30,11600,0" yaku="25,1,54,3" doraHai="91" who="2" fromWho="0" sc="186,-116,279,0,290,116,245,0" /><INIT seed="2,1,0,3,3,29" ten="70,279,406,245" oya="2" hai0="93,104,120,47,45,106,63,113,135,56,24,101,100" hai1="124,125,95,22,109,76,16,122,74,48,89,40,12" hai2="66,102,127,83,60,130,115,8,17,88,94,54,75" hai3="69,128,57,67,97,81,132,112,9,131,50,80,4"/><V84/><F115/><W55/><G112/><T35/><D113/><U111/><E74/><V85/><F75/><W53/><G132/><T129/><D120/><U114/><E76/><V41/><F41/><W79/><G97/><T105/><D129/><N who="3" m="49737" /><G67/><T1/><D1/><U5/><E114/><V3/><F130/><W99/><G99/><T10/><D10/><N who="1" m="4175" /><E122/><V108/><F102/><W25/><G25/><T98/><D135/><U31/><E31/><V107/><F107/><W14/><G69/><T43/><D101/><U11/><E11/><V23/><F66/><W126/><G126/><N who="1" m="48746" /><E40/><V21/><F127/><W103/><G103/><T116/><D116/><U123/><E123/><V121/><F121/><W64/><G64/><T72/><D72/><U39/><E39/><V118/><F118/><W26/><G26/><T73/><D73/><U34/><E48/><V117/><F117/><W18/><G4/><T13/><D13/><N who="1" m="9487" /><E34/><V37/><F37/><W32/><G79/><T133/><D133/><U96/><AGARI ba="1,0" hai="89,95,96,109,111" m="9487,48746,4175" machi="96" ten="30,2000,0" yaku="18,1,54,1" doraHai="29" who="1" fromWho="1" sc="70,-6,279,23,406,-11,245,-6" /><INIT seed="3,0,0,1,0,64" ten="64,302,395,239" oya="3" hai0="4,122,57,13,106,73,35,105,16,14,134,76,68" hai1="83,118,30,20,93,85,40,51,38,131,97,90,17" hai2="27,23,28,87,47,71,113,86,52,2,11,112,81" hai3="125,59,29,9,0,53,108,104,110,41,8,95,49"/><W116/><G104/><T96/><D35/><U1/><E1/><V98/><F71/><W89/><G116/><T39/><D39/><U58/><E131/><V33/><F33/><W128/><G128/><T69/><D122/><U78/><E118/><V94/><F2/><W109/><G125/><T62/><D4/><U67/><E38/><V46/><F11/><W18/><G29/><T119/><D119/><U123/><E123/><V48/><F46/><W10/><G41/><T103/><D134/><U121/><E121/><V124/><F124/><W5/><REACH who="3" step="1"/><G18/><REACH who="3" ten="64,302,395,229" step="2"/><T32/><D106/><U72/><E30/><V34/><F34/><W21/><G21/><T31/><D31/><U56/><E17/><V80/><F112/><W135/><G135/><T26/><D32/><U117/><E20/><V6/><F113/><W25/><G25/><T7/><D7/><U63/><E117/><V111/><F6/><W127/><G127/><T22/><D26/><U102/><E40/><V50/><F23/><W74/><G74/><T37/><D37/><U19/><E19/><V43/><F27/><W42/><G42/><T99/><D14/><U115/><E115/><V88/><F28/><W24/><G24/><T54/><REACH who="0" step="1"/><D96/><AGARI ba="0,1" hai="0,5,8,9,10,49,53,59,89,95,96,108,109,110" machi="96" ten="40,7700,0" yaku="1,1,14,1,10,1,53,0" doraHai="64" doraHaiUra="70" who="3" fromWho="0" sc="64,-77,302,0,395,0,229,87" owari="-13,-51.0,302,-10.0,395,49.0,316,12.0" /></mjloggm>