<mjloggm ver="2.3"><GO type="169" lobby="0"/><UN n0="%E3%83%88%E3%83%88%E3%83%AA%E5%85%88%E7%94%9F%31%39%E6%AD%B3" n1="%E5%80%89%E6%95%B7%E6%A5%93%E9%A6%99" n2="%67%6F%69%73%75%62%61%69" n3="%E3%83%AD%E3%83%B3%E3%82%88%E3%82%8A%E8%A8%BC%E6%8B%A0" dan="18,16,16,17" rate="2190.91,2045.34,2140.86,2238.66" sx="F,F,M,M"/><TAIKYOKU oya="0"/><INIT seed="0,0,0,2,2,120" ten="250,250,250,250" oya="0" hai0="1,39,82,84,64,3,23,65,133,51,37,8,46" hai1="87,57,93,47,48,66,43,59,130,2,101,53,61" hai2="135,74,25,63,99,44,21,115,17,58,5,52,7" hai3="113,114,95,75,14,0,16,29,102,132,123,70,24"/><T20/><D133/><U26/><E2/><V6/><F115/><W76/><G70/><T55/><D37/><U117/><E117/><V90/><F135/><W68/><G132/><T131/><D131/><U96/><E130/><V112/><F112/><W45/><G0/><T19/><D39/><U38/><E87/><V128/><F128/><W13/><G13/><N who="0" m="7591" /><D3/><U31/><E26/><V83/><F74/><W104/><G68/><T79/><D1/><U121/><E121/><V72/><F72/><W89/><G75/><T22/><AGARI ba="0,0" hai="20,22,23,46,51,55,64,65,79,82,84" m="7591" machi="22" ten="30,1500,0" yaku="8,1" doraHai="120" who="0" fromWho="0" sc="250,15,250,-5,250,-5,250,-5" /><INIT seed="0,1,0,0,2,70" ten="265,245,245,245" oya="0" hai0="57,5,34,128,112,26,10,14,85,131,50,33,41" hai1="119,115,113,93,124,53,15,11,132,66,117,47,37" hai2="62,97,75,120,18,111,49,106,79,107,48,58,39" hai3="83,13,35,125,20,2,69,55,65,88,122,87,71"/><T99/><D112/><N who="1" m="43083" /><E93/><V64/><F120/><W27/><G2/><T76/><D99/><U16/><E132/><V31/><F111/><W46/><G125/><T81/><D57/><U123/><E123/><V105/><F31/><W51/><G122/><T127/><D127/><U32/><E32/><N who="0" m="12393" /><D26/><U3/><E66/><V116/><F116/><W80/><G35/><T95/><D95/><U54/><E124/><V68/><F97/><W114/><G114/><T110/><D110/><U44/><E44/><AGARI ba="1,0" hai="5,10,14,41,44,50,76,81,85,128,131" m="12393" machi="44" ten="30,1500,0" yaku="25,1" doraHai="70" who="0" fromWho="1" sc="265,18,245,-18,245,0,245,0" /><INIT seed="0,2,0,3,4,49" ten="283,227,245,245" oya="0" hai0="16,103,70,112,42,64,23,100,128,108,89,80,72" hai1="47,101,114,19,111,79,3,17,58,91,34,51,57" hai2="6,9,95,84,61,97,83,65,129,90,43,46,18" hai3="77,71,135,125,60,88,38,118,25,56,109,59,30"/><T5/><D112/><U81/><E3/><V99/><F129/><W98/><G118/><T50/><D128/><U102/><E34/><V123/><F123/><W35/><G38/><T24/><D108/><U107/><E91/><V0/><F18/><W11/><G109/><T134/><D134/><U63/><E107/><V106/><F106/><W41/><G41/><T45/><D5/><U96/><E96/><V33/><F33/><W44/><G44/><T86/><REACH who="0" step="1"/><D72/><REACH who="0" ten="273,227,245,245" step="2"/><U105/><E114/><V53/><F6/><W130/><G135/><T85/><D85/><U82/><E111/><V1/><F84/><W10/><G130/><T8/><D8/><U122/><E122/><V2/><F9/><W62/><G11/><T131/><D131/><U104/><E104/><V117/><F117/><W116/><G10/><T28/><D28/><U110/><E105/><V115/><F115/><W74/><G30/><T113/><D113/><U4/><E110/><V69/><F0/><W75/><G75/><T66/><D66/><U14/><E4/><V31/><F31/><W21/><G74/><T7/><D7/><U76/><E19/><V39/><F1/><W93/><G116/><T29/><D29/><U12/><E17/><V22/><F2/><W120/><G35/><T92/><D92/><U132/><E132/><V48/><F95/><W20/><G93/><T73/><D73/><U15/><E82/><V87/><REACH who="2" step="1"/><F22/><REACH who="2" ten="273,227,235,245" step="2"/><W37/><G21/><T68/><D68/><U26/><E81/><V55/><F55/><W40/><G71/><T13/><D13/><U52/><E14/><RYUUKYOKU ba="2,2" sc="273,15,227,-15,235,15,245,-15" hai0="16,23,24,42,45,50,64,70,80,86,89,100,103" hai2="39,43,46,48,53,61,65,69,83,87,90,97,99" /><INIT seed="0,3,2,0,3,33" ten="288,212,250,230" oya="0" hai0="126,53,47,62,15,114,1,99,4,61,82,48,54" hai1="128,74,115,120,17,9,113,37,135,96,34,35,66" hai2="72,60,70,19,102,119,71,75,39,6,110,93,86" hai3="21,51,91,133,36,112,100,27,84,58,25,87,55"/><T105/><D114/><N who="1" m="43531" /><E120/><V8/><F39/><W116/><G112/><T13/><D126/><U85/><E74/><V123/><F123/><W18/><G116/><T89/><D105/><U57/><E37/><V67/><F110/><W68/><G68/><T29/><D29/><U103/><E128/><V14/><F119/><W90/><G36/><T28/><D28/><U83/><E135/><V76/><F71/><W44/><G133/><T31/><D31/><U65/><E9/><V104/><F104/><W77/><G100/><T73/><D73/><U79/><E17/><V98/><F76/><W56/><G77/><T20/><D1/><U43/><E43/><V26/><F86/><W46/><G58/><T130/><D130/><U42/><E42/><V97/><F97/><W40/><G27/><T59/><D4/><U108/><E108/><V16/><F26/><W124/><G124/><T134/><D134/><U5/><E5/><V3/><REACH who="2" step="1"/><F19/><REACH who="2" ten="288,212,240,230" step="2"/><W69/><G69/><T107/><D107/><N who="1" m="63975" /><E66/><V52/><F52/><W32/><G40/><T63/><D99/><U106/><E106/><V50/><F50/><W30/><G87/><N who="0" m="50423" /><D63/><AGARI ba="3,3" hai="34,35,57,63,65,79,83,85" m="63975,43531" machi="63" ten="30,1000,0" yaku="11,1" doraHai="33" who="1" fromWho="0" sc="288,-19,212,49,240,0,230,0" /><INIT seed="1,0,0,5,4,128" ten="269,261,240,230" oya="1" hai0="17,13,46,103,133,73,53,77,65,48,78,95,122" hai1="11,7,102,6,125,35,44,50,22,39,40,119,69" hai2="90,27,120,131,135,30,10,31,63,118,66,54,123" hai3="2,99,38,47,130,23,68,41,42,89,64,83,25"/><U106/><E35/><V59/><F118/><W115/><G115/><T55/><D122/><U52/><E119/><V67/><F131/><W82/><G130/><T87/><D73/><U98/><E69/><V100/><F100/><W3/><G42/><T97/><D133/><U57/><E125/><V61/><F135/><W105/><G83/><T70/><D70/><U12/><REACH who="1" step="1"/><E22/><REACH who="1" ten="269,251,240,230" step="2"/><V94/><F123/><W8/><G68/><T112/><D112/><U45/><E45/><V110/><F120/><W96/><G23/><T74/><D46/><U4/><AGARI ba="0,1" hai="4,6,7,11,12,39,40,44,50,52,57,98,102,106" machi="4" ten="20,7800,0" yaku="1,1,0,1,7,1,54,1,53,0" doraHai="128" doraHaiUra="58" who="1" fromWho="1" sc="269,-26,251,88,240,-26,230,-26" /><INIT seed="1,1,0,4,2,84" ten="243,339,214,204" oya="1" hai0="97,83,58,81,30,75,131,100,99,62,40,0,23" hai1="73,121,31,129,89,116,45,63,126,106,21,130,4" hai2="64,122,132,54,133,3,41,108,68,39,29,80,9" hai3="13,69,36,35,91,55,17,50,16,74,101,127,20"/><U2/><E73/><V61/><F122/><W104/><G36/><T88/><D0/><U95/><E106/><V118/><F118/><W70/><G35/><T11/><D131/><N who="1" m="50187" /><E116/><V85/><F108/><W53/><G74/><T66/><D40/><U34/><E34/><V123/><F123/><W60/><G127/><T43/><D43/><U77/><E77/><V117/><F117/><W94/><G101/><T134/><D134/><N who="2" m="51818" /><F29/><W49/><G104/><T110/><D110/><U59/><E121/><V113/><F113/><W1/><G60/><T112/><D112/><U96/><E126/><V26/><F26/><W38/><G1/><T92/><D11/><N who="1" m="2455" /><E45/><V10/><F3/><W57/><G17/><T103/><D75/><U48/><E48/><V15/><F15/><W135/><G38/><T65/><D65/><N who="1" m="39167" /><E21/><V114/><F114/><W7/><G135/><T46/><D46/><U14/><E14/><V125/><F125/><W87/><G7/><T5/><D5/><U86/><E31/><V119/><F119/><W52/><G55/><T12/><D103/><U128/><E128/><V67/><F67/><W93/><G94/><N who="0" m="58487" /><D12/><U32/><E32/><V111/><F111/><W76/><G76/><T82/><D82/><U109/><E109/><V33/><F33/><W44/><AGARI ba="1,0" hai="13,16,20,44,49,50,52,53,57,69,70,87,91,93" machi="44" ten="20,12000,2" yaku="0,1,7,1,25,2,52,1,54,2" doraHai="84" who="3" fromWho="3" sc="243,-31,339,-61,214,-31,204,123" /><INIT seed="2,0,0,2,2,17" ten="212,278,183,327" oya="2" hai0="4,88,91,59,103,97,27,120,65,10,116,69,77" hai1="83,98,38,19,9,31,130,29,51,106,89,21,28" hai2="72,87,2,54,128,74,15,52,121,32,76,23,62" hai3="7,82,93,42,107,64,41,81,35,24,16,102,117"/><V71/><F2/><W63/><G117/><T47/><D120/><U90/><E38/><V30/><F121/><W37/><G7/><T55/><D116/><U36/><E36/><V79/><F32/><W132/><G132/><T94/><D69/><U96/><E130/><V110/><F128/><W112/><G112/><T99/><D77/><U123/><E106/><V33/><F33/><W13/><G41/><T39/><D65/><U73/><E73/><V133/><F133/><W134/><G134/><T84/><D27/><U1/><E123/><V135/><F135/><W75/><G93/><T49/><D39/><U109/><E109/><V3/><F3/><W118/><G42/><T67/><D91/><N who="1" m="34827" /><E1/><V129/><F129/><W11/><G37/><T0/><REACH who="0" step="1"/><D103/><REACH who="0" ten="202,278,183,327" step="2"/><U95/><E31/><V100/><F100/><W25/><G118/><T85/><D85/><U119/><E119/><V5/><F71/><W53/><G75/><T114/><D114/><U68/><E68/><V78/><F87/><W40/><G102/><T86/><D86/><U113/><E113/><V125/><F125/><W8/><G64/><T50/><D50/><U6/><E29/><V111/><F74/><W61/><G61/><AGARI ba="0,1" hai="0,4,10,47,49,55,59,61,67,84,88,94,97,99" machi="61" ten="40,2600,0" yaku="1,1,54,1,53,0" doraHai="17" doraHaiUra="126" who="0" fromWho="3" sc="202,36,278,0,183,0,327,-26" /><INIT seed="3,0,0,4,1,112" ten="238,278,183,301" oya="3" hai0="43,18,100,118,69,22,66,77,4,1,33,109,134" hai1="61,14,13,75,96,45,87,23,55,52,19,76,84" hai2="64,86,94,102,31,9,27,24,6,97,73,74,60" hai3="131,58,95,53,110,126,39,10,50,68,106,93,63"/><W47/><G106/><T21/><D109/><U26/><E75/><V128/><F128/><W129/><G126/><T85/><D33/><U71/><E96/><V40/><F40/><W67/><G10/><T80/><D134/><U44/><E71/><V32/><F24/><W16/><G16/><T54/><D43/><U57/><E55/><V91/><F9/><W88/><G110/><T120/><D120/><U78/><E84/><V124/><F6/><W107/><G107/><T89/><D1/><U25/><E25/><V15/><F15/><N who="1" m="5641" /><E87/><V29/><F29/><W41/><G95/><T98/><D4/><U65/><E65/><V111/><F111/><W115/><G115/><T35/><D35/><U105/><E105/><V92/><REACH who="2" step="1"/><F124/><REACH who="2" ten="238,278,173,301" step="2"/><W11/><G11/><T2/><D18/><U0/><E0/><V121/><F121/><W82/><G131/><T46/><D2/><U36/><E36/><V122/><F122/><W17/><G129/><T135/><D22/><U20/><E20/><V123/><F123/><W81/><G17/><T83/><D21/><U49/><E49/><V12/><F12/><W104/><G104/><T101/><D135/><U72/><E72/><V127/><F127/><W70/><G70/><AGARI ba="0,1" hai="27,31,32,60,64,70,73,74,86,91,92,94,97,102" machi="70" ten="30,3900,0" yaku="1,1,7,1,53,1" doraHai="112" doraHaiUra="59" who="2" fromWho="3" sc="238,0,278,0,173,49,301,-39" /><INIT seed="4,0,0,2,0,111" ten="238,278,222,262" oya="0" hai0="108,27,74,110,25,69,72,76,121,89,13,119,3" hai1="120,113,50,29,79,122,134,131,84,132,22,19,11" hai2="93,100,85,118,53,124,90,83,71,14,56,31,95" hai3="42,17,126,135,2,105,67,54,62,55,112,0,52"/><T128/><D121/><N who="1" m="46699" /><E79/><V36/><F71/><W75/><G105/><T26/><D119/><U103/><E103/><V47/><F124/><W127/><G75/><N who="0" m="28715" /><D76/><U66/><E84/><V64/><F118/><W57/><G135/><N who="1" m="51754" /><E66/><V34/><F64/><W130/><G130/><T77/><D3/><U21/><E50/><V99/><F34/><W129/><G129/><T12/><D77/><U18/><E131/><V133/><F31/><W102/><G42/><T94/><D128/><U15/><E29/><V106/><F133/><W97/><G127/><T88/><D69/><U58/><E58/><V116/><F116/><W114/><G126/><T41/><D41/><U87/><E87/><V65/><F65/><W80/><G80/><T96/><D89/><U109/><E109/><AGARI ba="0,0" hai="12,13,25,26,27,88,94,96,108,109,110" m="28715" machi="109" ten="40,3900,0" yaku="10,1,54,1" doraHai="111" who="0" fromWho="1" sc="238,39,278,-39,222,0,262,0" /><INIT seed="4,1,0,1,2,25" ten="277,239,222,262" oya="0" hai0="134,50,132,41,80,99,6,90,133,62,28,51,85" hai1="33,36,16,63,95,23,37,87,48,55,101,122,112" hai2="20,13,84,93,109,74,78,29,108,4,1,24,131" hai3="58,45,105,82,98,17,79,76,38,125,110,115,66"/><T35/><D6/><U119/><E122/><V64/><F131/><W59/><G110/><T72/><D72/><U111/><E111/><V54/><F74/><W19/><G115/><T56/><D41/><U94/><E119/><V53/><F1/><W7/><G125/><T130/><D130/><U15/><E112/><V8/><F64/><W11/><G79/><T10/><D10/><U123/><E123/><V126/><F126/><W31/><G31/><T77/><D77/><U129/><E63/><V18/><F109/><W70/><G70/><T30/><D99/><U34/><E129/><V92/><F108/><W0/><G98/><T49/><D35/><U113/><E34/><V117/><F117/><W3/><G105/><T121/><D121/><U124/><E124/><V12/><F92/><W57/><G66/><AGARI ba="1,0" hai="28,30,49,50,51,56,62,66,80,85,90,132,133,134" machi="66" ten="50,9600,0" yaku="20,1,52,2" doraHai="25" who="0" fromWho="3" sc="277,99,239,0,222,0,262,-99" /><INIT seed="4,2,0,2,5,89" ten="376,239,222,163" oya="0" hai0="19,52,39,107,60,5,86,14,1,46,53,128,21" hai1="57,54,65,2,94,129,36,42,119,50,133,47,93" hai2="87,78,80,45,113,77,67,69,37,111,99,134,26" hai3="66,55,16,85,75,0,108,31,105,32,44,109,68"/><T135/><D107/><U81/><E2/><V25/><F111/><W73/><G105/><T92/><D128/><U9/><E119/><V74/><F134/><W76/><G0/><T7/><D135/><U48/><E133/><V124/><F113/><W23/><G31/><T115/><D115/><U4/><E129/><V88/><F124/><W29/><G29/><T51/><D39/><U56/><E81/><V97/><F69/><W33/><G33/><T22/><D1/><U28/><E28/><V130/><F67/><W114/><G32/><T6/><D22/><U83/><E83/><V8/><F130/><W101/><G101/><T100/><D86/><U41/><E41/><V43/><F77/><W20/><G114/><T62/><REACH who="0" step="1"/><D53/><REACH who="0" ten="366,239,222,163" step="2"/><U120/><E120/><V106/><F8/><W59/><G23/><T131/><D131/><U90/><E9/><V72/><F72/><W34/><G34/><T61/><D61/><N who="1" m="38063" /><E36/><V63/><F63/><W118/><G75/><T91/><D91/><U27/><E90/><V116/><F116/><W38/><G73/><T112/><D112/><U102/><E102/><V70/><F106/><W13/><G118/><T125/><D125/><U58/><E4/><V121/><F121/><W96/><G108/><T3/><D3/><U122/><E122/><V11/><F11/><W10/><G10/><T123/><D123/><U126/><E126/><V40/><F37/><W30/><G38/><T84/><D84/><U49/><E54/><V110/><F74/><W12/><G55/><T82/><D82/><U35/><E35/><V103/><F110/><RYUUKYOKU ba="2,1" sc="366,30,239,-10,222,-10,163,-10" hai0="5,6,7,14,19,21,46,51,52,60,62,92,100" /><INIT seed="4,3,1,0,5,24" ten="396,229,212,153" oya="0" hai0="20,5,112,85,16,57,7,30,77,3,35,92,12" hai1="18,124,69,11,9,130,127,119,34,107,76,95,40" hai2="89,33,55,88,31,109,120,17,42,38,27,8,125" hai3="21,102,15,0,86,72,25,128,22,66,14,93,126"/><T36/><D36/><U61/><E107/><V51/><F120/><W37/><G72/><T117/><D117/><U68/><E34/><V98/><F109/><W84/><G0/><T90/><D112/><U56/><E119/><V67/><F125/><N who="1" m="48201" /><E40/><V50/><F38/><W97/><G37/><T23/><D35/><U32/><E32/><V108/><F108/><W58/><G126/><T19/><D3/><U10/><E76/><V101/><F67/><W63/><G128/><T73/><D30/><U114/><E130/><V111/><F111/><W1/><G1/><T48/><D77/><U6/><E114/><V129/><F129/><W29/><G15/><T46/><D73/><U96/><E18/><AGARI ba="3,1" hai="14,18,21,22,25,29,58,63,66,84,86,93,97,102" machi="18" ten="40,8000,1" yaku="25,2,8,1,52,1" doraHai="24" who="3" fromWho="1" sc="396,0,229,-89,212,0,153,99" /><INIT seed="5,0,0,3,3,105" ten="396,140,212,252" oya="1" hai0="33,26,128,42,57,63,30,8,68,79,132,14,58" hai1="83,97,110,19,56,69,129,71,28,3,116,45,55" hai2="59,51,40,76,9,29,39,37,73,18,65,131,88" hai3="43,16,95,108,5,120,103,130,32,54,94,122,112"/><U20/><E116/><V27/><F131/><W125/><G108/><T41/><D68/><U1/><E129/><V111/><F111/><W10/><G130/><T121/><D128/><U114/><E110/><V53/><F65/><W46/><G32/><T47/><D132/><U23/><E114/><V86/><F40/><W21/><G112/><T25/><D121/><U106/><E45/><V38/><F76/><W134/><G134/><T52/><D47/><U36/><E36/><V89/><F73/><W109/><G109/><T99/><D79/><U77/><E71/><V127/><F127/><W90/><G54/><T102/><D25/><U7/><E69/><V48/><F48/><W81/><G81/><T87/><D87/><U124/><E124/><V34/><REACH who="2" step="1"/><F86/><REACH who="2" ten="396,140,202,252" step="2"/><W44/><G43/><T15/><D41/><U85/><E3/><V100/><F100/><W61/><G103/><T75/><D75/><U4/><E1/><V17/><F17/><W6/><G16/><T113/><D42/><U91/><E77/><V96/><F96/><W82/><G125/><T135/><D135/><U49/><E97/><V115/><F115/><W64/><G64/><T60/><D113/><U78/><E106/><V0/><F0/><W2/><G2/><T84/><D84/><U93/><E78/><V133/><F133/><W12/><G122/><T104/><D104/><U31/><E83/><V101/><F101/><W119/><G82/><T50/><D99/><U35/><E35/><V107/><F107/><W62/><G120/><T80/><D80/><U92/><E19/><V126/><F126/><RYUUKYOKU ba="0,1" sc="396,-10,140,-10,202,30,252,-10" hai2="9,18,27,29,34,37,38,39,51,53,59,88,89" /><INIT seed="6,1,1,2,3,0" ten="386,130,232,242" oya="2" hai0="126,133,103,38,43,39,56,35,26,90,13,41,79" hai1="9,95,19,59,124,117,63,113,15,132,22,8,71" hai2="84,55,93,2,1,4,118,57,109,30,5,134,92" hai3="37,46,28,99,47,65,88,77,31,115,112,128,24"/><V20/><F118/><W119/><G119/><T74/><D103/><U94/><E117/><V54/><F134/><W91/><G128/><T120/><D120/><U68/><E132/><V86/><F20/><W104/><G77/><T32/><D56/><U111/><E111/><V53/><F57/><W100/><G65/><T42/><D13/><U110/><E113/><N who="3" m="43594" /><G31/><T45/><D90/><N who="3" m="34345" /><G37/><T36/><D79/><U25/><E110/><V44/><F109/><W107/><G104/><T70/><D74/><U60/><E124/><V105/><F30/><W27/><G27/><T7/><D26/><U33/><E71/><V67/><F44/><W82/><G82/><T69/><D45/><U116/><E116/><V122/><F54/><W131/><G131/><T34/><D133/><U21/><E33/><AGARI ba="1,1" hai="24,28,33,46,47,99,100,107" m="34345,43594" machi="33" ten="30,3900,0" yaku="15,1,11,1,54,1" doraHai="0" who="3" fromWho="1" sc="386,0,130,-42,232,0,242,52" /><INIT seed="7,0,0,0,4,5" ten="386,88,232,294" oya="3" hai0="87,128,14,35,75,85,95,31,86,118,81,52,66" hai1="90,48,40,11,62,111,74,3,70,78,45,99,122" hai2="24,132,8,4,25,47,1,34,129,65,120,69,27" hai3="18,53,133,15,2,123,23,58,12,103,6,51,22"/><W97/><G123/><T63/><D118/><U127/><E111/><V29/><F69/><W71/><G71/><T131/><D52/><U113/><E127/><V109/><F65/><W125/><G125/><T94/><D14/><U59/><E113/><V121/><F47/><W38/><G38/><T112/><D112/><U100/><E122/><N who="2" m="47211" /><F109/><W30/><G133/><T10/><D10/><U134/><E134/><V43/><F43/><W114/><G114/><T33/><D75/><U41/><E90/><V13/><F132/><W36/><G36/><T28/><D81/><U82/><E70/><V17/><F129/><N who="0" m="49738" /><D28/><U116/><E116/><V32/><F29/><W96/><G2/><T49/><D49/><U0/><E0/><V26/><F26/><N who="3" m="16735" /><G103/><T54/><D54/><U61/><E41/><V44/><F44/><W7/><G7/><T57/><D31/><U106/><E3/><V98/><F98/><W89/><G89/><T64/><D64/><U91/><E91/><V9/><AGARI ba="0,0" hai="1,4,8,9,13,17,24,25,27,32,34" m="47211" machi="9" ten="40,8000,1" yaku="13,1,34,2,52,2" doraHai="5" who="2" fromWho="2" sc="386,-20,88,-20,232,80,294,-40" owari="366,47.0,68,-43.0,312,11.0,254,-15.0" /></mjloggm>