<mjloggm ver="2.3"><GO type="169" lobby="0"/><UN n0="%E3%81%9F%E3%81%91%E3%81%93%E3%81%9E%E3%83%BC" n1="%E3%82%A6%E3%83%AB%E3%83%88%E3%83%A9%E7%AB%8B%E7%9B%B4" n2="%52%69%2D%4D%6F%2D" n3="%E2%98%86%E3%82%BF%E3%82%B9%E3%83%9E%E3%83%8B%E3%82%A2" dan="16,17,17,17" rate="2164.42,2194.83,2194.44,2158.22" sx="M,M,M,M"/><TAIKYOKU oya="0"/><INIT seed="0,0,0,4,4,14" ten="250,250,250,250" oya="0" hai0="82,114,94,73,51,116,42,0,66,110,22,88,75" hai1="62,13,118,64,5,10,104,123,74,105,83,7,124" hai2="101,44,21,111,46,61,121,12,100,43,39,79,11" hai3="28,135,67,4,87,81,133,65,69,122,109,33,52"/><T25/><D116/><U77/><E118/><V30/><F121/><W127/><G122/><T70/><D0/><U26/><E123/><V9/><F111/><W128/><G109/><T113/><D110/><U34/><E124/><V134/><F134/><N who="3" m="51211" /><G127/><T78/><D75/><U32/><E7/><V54/><F79/><N who="3" m="46527" /><G128/><T119/><D119/><U16/><E5/><V85/><F85/><W92/><G69/><T91/><D42/><U37/><E37/><V96/><F101/><W90/><G4/><T115/><D51/><U129/><E129/><V72/><F72/><W17/><G52/><T102/><D102/><U20/><E10/><V3/><F3/><W117/><G117/><T98/><D91/><U58/><REACH who="1" step="1"/><E13/><REACH who="1" ten="250,240,250,250" step="2"/><V84/><F12/><W112/><G112/><T68/><REACH who="0" step="1"/><D66/><REACH who="0" ten="240,240,250,250" step="2"/><U56/><E56/><V49/><F39/><W2/><G67/><T71/><D71/><U103/><E103/><V131/><F100/><W108/><G65/><T63/><D63/><U130/><E130/><V76/><F131/><W50/><G108/><T19/><AGARI ba="0,2" hai="19,22,25,68,70,73,78,82,88,94,98,113,114,115" machi="19" ten="30,11700,0" yaku="1,1,0,1,52,1,54,1,53,0" doraHai="14" doraHaiUra="53" who="0" fromWho="0" sc="240,137,240,-39,250,-39,250,-39" /><INIT seed="0,1,0,4,1,52" ten="377,201,211,211" oya="0" hai0="134,131,97,12,109,23,99,58,31,1,4,72,53" hai1="87,74,13,92,5,32,84,125,101,42,73,108,94" hai2="48,27,114,63,121,76,17,0,15,78,65,20,70" hai3="93,46,55,2,111,117,41,102,56,127,38,88,106"/><T36/><D72/><U91/><E32/><V49/><F114/><W50/><G117/><T71/><D36/><U89/><E108/><V110/><F121/><W25/><G111/><T112/><D71/><U116/><E116/><V21/><F0/><W118/><G118/><T29/><D1/><U51/><E125/><V40/><F110/><W96/><G2/><T9/><D109/><U85/><E42/><V79/><REACH who="2" step="1"/><F40/><REACH who="2" ten="377,201,201,211" step="2"/><W104/><G127/><T28/><D112/><U11/><E74/><V3/><F3/><W126/><G126/><T39/><D131/><U54/><E73/><V95/><F95/><W86/><REACH who="3" step="1"/><G25/><REACH who="3" ten="377,201,201,201" step="2"/><T128/><D128/><U80/><E80/><AGARI ba="1,2" hai="38,41,46,50,55,56,80,86,88,93,96,102,104,106" machi="80" ten="30,8000,1" yaku="1,1,2,1,7,1,52,1,54,1,53,0" doraHai="52" doraHaiUra="133" who="3" fromWho="1" sc="377,0,201,-83,201,0,201,103" /><INIT seed="1,0,0,4,2,25" ten="377,118,201,304" oya="1" hai0="15,118,122,109,51,135,64,26,70,75,46,71,9" hai1="57,39,24,18,50,36,55,53,116,128,73,28,123" hai2="100,127,37,90,133,82,106,87,115,119,32,20,1" hai3="44,99,107,21,120,3,96,98,40,13,54,2,17"/><U131/><E73/><V94/><F32/><W121/><G107/><T35/><D118/><U124/><E116/><V56/><F119/><W111/><G111/><T130/><D75/><U12/><E123/><V89/><F1/><W68/><G68/><T29/><D122/><U97/><E97/><N who="2" m="61711" /><F56/><W34/><G121/><T31/><D109/><U43/><E124/><V41/><F20/><W66/><G66/><T5/><D130/><N who="1" m="49707" /><E43/><V72/><F37/><N who="1" m="14409" /><E55/><V16/><F16/><W61/><G34/><T42/><D135/><U52/><E53/><V23/><F23/><W108/><G108/><T38/><D64/><U86/><E86/><N who="2" m="52567" /><F41/><W79/><G79/><T62/><D62/><U63/><E63/><V134/><F127/><W117/><G120/><T30/><D35/><N who="1" m="20871" /><E18/><V129/><F129/><W105/><G117/><T4/><D4/><U102/><E102/><V104/><F104/><W77/><G105/><T60/><D60/><U110/><E12/><V93/><F115/><W126/><G126/><T8/><D26/><U76/><E110/><V0/><F0/><W81/><G54/><T114/><D114/><U92/><E92/><V33/><F33/><W85/><G61/><T78/><D38/><U69/><E76/><AGARI ba="0,0" hai="72,76,82,87,89,93,133,134" m="52567,61711" machi="76" ten="30,3900,0" yaku="24,1,34,2" doraHai="25" who="2" fromWho="1" sc="377,0,118,-39,201,39,304,0" /><INIT seed="2,0,0,3,5,25" ten="377,79,240,304" oya="2" hai0="4,119,112,109,67,75,122,66,19,65,46,21,37" hai1="27,115,36,34,62,74,28,120,32,85,5,23,82" hai2="52,16,8,80,22,61,26,64,107,42,117,2,49" hai3="68,134,58,127,39,113,81,24,11,29,126,7,106"/><V45/><F117/><W33/><G68/><T94/><D112/><U121/><E115/><V47/><F107/><W20/><G113/><T53/><D119/><U93/><E36/><V13/><F2/><N who="3" m="503" /><G106/><T17/><D122/><U41/><E41/><V135/><F135/><W84/><G39/><T99/><D75/><U40/><E40/><V101/><F101/><W54/><G54/><T83/><D4/><U48/><E5/><V118/><F118/><W30/><G58/><T92/><D109/><U76/><E48/><V102/><F102/><W133/><G81/><T128/><D128/><U89/><REACH who="1" step="1"/><E62/><REACH who="1" ten="377,69,240,304" step="2"/><V129/><F129/><W86/><G86/><T69/><D37/><U124/><E124/><N who="3" m="47658" /><G84/><T10/><D69/><U108/><E108/><V96/><F42/><W31/><G33/><AGARI ba="0,1" hai="23,27,28,32,33,34,74,76,82,85,89,93,120,121" machi="33" ten="40,2600,0" yaku="1,1,52,1,53,0" doraHai="25" doraHaiUra="125" who="1" fromWho="3" sc="377,0,69,36,240,0,304,-26" /><INIT seed="3,0,0,0,5,119" ten="377,105,240,278" oya="3" hai0="130,34,20,134,48,110,61,123,62,11,1,78,71" hai1="104,36,135,101,18,29,66,17,115,121,117,67,122" hai2="93,112,75,124,27,55,51,118,128,26,21,5,16" hai3="58,116,125,76,10,43,84,83,88,94,19,49,107"/><W69/><G107/><T79/><D34/><U53/><E36/><V127/><F118/><W7/><G116/><T70/><D110/><U126/><E117/><V102/><F112/><W82/><G69/><T35/><D35/><U14/><E115/><V42/><F75/><W24/><G125/><N who="2" m="48201" /><F42/><W97/><G82/><T3/><D20/><U133/><E126/><V100/><F128/><W113/><G113/><T87/><D48/><U92/><E29/><V73/><F73/><W96/><G24/><T45/><D87/><U106/><E53/><V12/><F5/><W31/><G19/><T114/><D114/><U22/><E92/><V91/><F100/><W25/><G58/><T81/><D81/><U77/><E77/><V129/><F102/><W68/><G68/><T33/><D33/><U39/><E39/><V65/><F65/><W80/><G80/><T95/><D130/><U8/><E101/><V44/><F129/><W86/><G49/><T111/><D111/><U63/><E63/><V60/><F60/><W120/><G43/><T38/><D38/><U0/><E0/><V99/><AGARI ba="0,0" hai="12,16,21,26,27,44,51,55,91,93,99" m="48201" machi="99" ten="30,2000,0" yaku="18,1,54,1" doraHai="119" who="2" fromWho="2" sc="377,-5,105,-5,240,20,278,-10" /><INIT seed="4,0,0,3,4,29" ten="372,100,260,268" oya="0" hai0="90,98,135,133,129,43,106,13,77,64,96,20,105" hai1="49,82,97,7,17,47,116,120,66,57,18,91,11" hai2="5,56,95,118,65,45,102,108,121,71,70,75,6" hai3="94,19,52,40,9,104,128,112,32,0,73,89,101"/><T107/><D64/><U103/><E120/><V58/><F108/><W48/><G73/><T16/><D129/><U126/><E126/><V78/><F121/><W92/><G128/><T86/><D77/><U69/><E69/><V131/><F75/><W110/><G110/><T60/><D60/><U74/><E116/><V3/><F78/><W54/><G112/><T8/><D43/><U59/><E74/><V85/><F131/><W113/><G104/><T44/><D44/><U119/><E119/><V79/><F118/><W35/><G113/><T123/><D123/><U25/><E82/><N who="2" m="47327" /><F3/><W88/><G40/><T93/><REACH who="0" step="1"/><D8/><REACH who="0" ten="362,100,260,268" step="2"/><U80/><E66/><V1/><F65/><W38/><G38/><T34/><D34/><U28/><E47/><V72/><F45/><W67/><G67/><T14/><D14/><U61/><E61/><V27/><F70/><W51/><G9/><T22/><D22/><U63/><E63/><V100/><F71/><W81/><G0/><T24/><D24/><U50/><E57/><V42/><F42/><W15/><G15/><T12/><D12/><U87/><E59/><V33/><F1/><W31/><G54/><T115/><D115/><U111/><E111/><V130/><F130/><W122/><G52/><T36/><D36/><U125/><E50/><V4/><F58/><W114/><G51/><T37/><D37/><U132/><E49/><V134/><F56/><W117/><G48/><T109/><D109/><U99/><E11/><V55/><F55/><W30/><G117/><T84/><D84/><U62/><E87/><V23/><F72/><RYUUKYOKU ba="0,1" sc="362,30,100,-10,260,-10,268,-10" hai0="13,16,20,86,90,93,96,98,105,106,107,133,135" /><INIT seed="4,1,1,0,4,73" ten="392,90,250,258" oya="0" hai0="81,32,135,75,129,40,123,107,9,38,86,110,61" hai1="98,87,2,63,39,126,109,84,120,45,82,48,78" hai2="66,88,67,12,55,36,103,65,94,72,68,31,28" hai3="134,125,29,70,117,49,26,93,41,95,19,111,15"/><T97/><D123/><U128/><E120/><V99/><F68/><W60/><G111/><T77/><D32/><U62/><E109/><V1/><F1/><W131/><G117/><T13/><D110/><U54/><E128/><V34/><F36/><W64/><G131/><T30/><D129/><U4/><E126/><V85/><F72/><W23/><G125/><T18/><D135/><U74/><E39/><V0/><F0/><W3/><G3/><T113/><D113/><U51/><E98/><V46/><F34/><W37/><G37/><T105/><D30/><U53/><E4/><V76/><F76/><W130/><G130/><T33/><D33/><U122/><E2/><V14/><F14/><W89/><G134/><T80/><D75/><U127/><E127/><V52/><F12/><W96/><G93/><T100/><D38/><U108/><E108/><V27/><F46/><W119/><G119/><T124/><D124/><U25/><E25/><V50/><F27/><W133/><G133/><T114/><D114/><U91/><E122/><V22/><F22/><W116/><G116/><T20/><D40/><U112/><E112/><V17/><F17/><W71/><G49/><T115/><D115/><U35/><E35/><V79/><F50/><W43/><REACH who="3" step="1"/><G70/><REACH who="3" ten="392,90,250,248" step="2"/><T44/><D105/><U7/><E51/><V8/><F94/><W56/><G56/><T21/><D107/><U92/><E48/><V5/><F103/><W59/><G59/><T47/><D100/><U106/><E106/><V16/><F99/><W42/><G42/><T101/><D97/><U6/><E92/><RYUUKYOKU ba="1,2" sc="392,-10,90,-10,250,-10,248,30" hai3="15,19,23,26,29,41,43,60,64,71,89,95,96" /><INIT seed="5,2,2,4,0,56" ten="382,80,240,278" oya="1" hai0="7,3,124,96,71,66,24,122,50,131,126,134,132" hai1="60,102,30,115,39,47,46,87,32,76,116,28,89" hai2="128,84,53,82,85,106,0,29,18,35,49,74,43" hai3="114,14,130,78,20,75,94,100,61,64,54,135,86"/><U109/><E116/><V79/><F0/><W73/><G114/><T117/><D96/><U119/><E119/><V70/><F106/><W27/><G54/><T103/><D103/><U118/><E118/><V99/><F70/><W26/><G135/><N who="0" m="51755" /><D117/><U37/><E76/><V17/><F43/><W133/><G133/><T105/><D105/><U104/><E115/><V101/><F128/><W36/><G36/><T41/><D122/><U69/><E109/><V97/><F35/><W15/><G130/><T112/><D112/><U5/><E5/><V123/><F123/><W107/><G107/><T129/><D24/><U63/><E104/><V65/><F65/><W31/><G75/><T125/><D7/><U88/><E87/><V91/><F29/><W44/><G44/><N who="0" m="25871" /><D3/><U95/><E95/><N who="2" m="58559" /><F99/><N who="3" m="59511" /><G27/><T25/><D25/><U33/><E102/><V2/><F2/><W48/><G48/><T52/><D52/><U1/><E1/><V58/><F74/><W19/><G31/><T6/><D6/><U16/><E16/><V21/><F21/><W83/><G73/><T42/><D42/><U23/><E23/><V34/><F34/><W62/><G64/><T113/><D113/><U4/><E4/><V51/><F51/><W59/><G59/><T98/><D98/><U108/><E108/><V121/><F121/><W57/><G57/><T9/><D9/><U45/><E45/><V8/><F8/><W68/><G68/><AGARI ba="2,2" hai="28,30,32,33,37,39,46,47,60,63,68,69,88,89" machi="68" ten="25,12000,1" yaku="22,2,52,2,54,1" doraHai="56" who="1" fromWho="3" sc="382,0,80,146,240,0,278,-126" /><INIT seed="5,3,0,4,2,105" ten="382,226,240,152" oya="1" hai0="49,17,30,112,6,91,25,118,18,36,106,119,57" hai1="26,60,111,120,29,101,131,115,80,8,52,41,107" hai2="90,61,98,35,46,97,7,110,16,135,42,28,73" hai3="114,45,116,38,39,24,123,125,122,130,121,96,22"/><U68/><E120/><V93/><F110/><W99/><G114/><T32/><D36/><U134/><E115/><V94/><F135/><W21/><G45/><T48/><D106/><U85/><E134/><V0/><F73/><W87/><G87/><T82/><D112/><U95/><E111/><V3/><F7/><W78/><G78/><T127/><D127/><U9/><E131/><V102/><F35/><W51/><G51/><T55/><D6/><U128/><E128/><V71/><F28/><W104/><G104/><T27/><D118/><U19/><E41/><V70/><F16/><W88/><G130/><T65/><D65/><U62/><E62/><V58/><F70/><W13/><G13/><T50/><D119/><U12/><E107/><V92/><F92/><N who="3" m="56327" /><G116/><T117/><D117/><U2/><E2/><V108/><F71/><W86/><G86/><T63/><D25/><U23/><E68/><V67/><F108/><W76/><G76/><T89/><D82/><U59/><E80/><V33/><F33/><W43/><G125/><T34/><D34/><U72/><E72/><V54/><F67/><W37/><G43/><T31/><D31/><U11/><E85/><V47/><F47/><W74/><G99/><AGARI ba="3,0" hai="8,9,11,12,19,23,26,29,52,59,60,95,99,101" machi="99" ten="40,3900,0" yaku="8,1,54,1" doraHai="105" who="1" fromWho="3" sc="382,0,226,48,240,0,152,-48" /><INIT seed="5,4,0,3,2,19" ten="382,274,240,104" oya="1" hai0="8,105,103,40,27,38,65,83,53,120,124,123,10" hai1="73,58,119,16,98,114,3,131,37,77,74,81,89" hai2="21,111,63,125,55,101,61,68,15,109,60,64,50" hai3="17,59,13,127,57,54,52,112,100,79,24,129,62"/><U39/><E119/><V84/><F101/><W92/><G112/><T71/><D124/><U121/><E121/><N who="0" m="46665" /><D53/><U118/><E118/><V26/><F15/><W93/><G127/><T75/><D27/><U82/><E3/><V66/><F125/><W4/><G129/><T51/><D38/><U23/><E131/><V104/><F104/><W102/><G79/><N who="0" m="44543" /><D51/><U20/><E114/><V90/><F68/><W25/><G4/><T22/><D22/><U56/><E98/><V72/><F72/><W85/><G85/><T99/><D40/><U34/><E77/><V6/><F6/><W86/><G86/><T30/><D30/><U69/><E89/><V33/><F33/><W9/><G93/><T133/><D133/><U76/><E76/><V18/><F109/><W117/><G117/><T108/><D108/><U7/><E7/><V128/><F111/><W44/><G44/><T0/><D0/><U12/><E12/><V113/><F113/><W67/><G67/><T116/><D116/><U36/><E36/><V46/><REACH who="2" step="1"/><F128/><REACH who="2" ten="382,274,230,104" step="2"/><W14/><G14/><T49/><D105/><U80/><E34/><V41/><F41/><W11/><G11/><T5/><D71/><U115/><E69/><V32/><F32/><W130/><G130/><T97/><D103/><N who="3" m="39465" /><G92/><AGARI ba="4,1" hai="18,21,26,46,50,55,60,61,63,64,66,84,90,92" machi="92" ten="40,5200,0" yaku="1,1,8,1,52,1,53,0" doraHai="19" doraHaiUra="132" who="2" fromWho="3" sc="382,0,274,0,230,74,104,-64" /><INIT seed="6,0,0,3,2,111" ten="382,274,304,40" oya="2" hai0="50,14,48,92,70,4,39,68,18,90,8,85,35" hai1="32,112,49,24,31,122,81,120,61,127,17,0,3" hai2="106,121,93,87,83,73,34,105,134,115,79,80,116" hai3="71,72,57,63,27,76,37,28,13,108,86,110,9"/><V47/><F34/><W59/><G72/><T101/><D35/><U130/><E49/><V67/><F67/><W38/><G71/><T132/><D39/><U53/><E53/><V99/><F47/><W1/><G1/><N who="1" m="586" /><E61/><V123/><F116/><W36/><G86/><T124/><D124/><U6/><E81/><V128/><F128/><W22/><G76/><T55/><D132/><U133/><E6/><V21/><F21/><W11/><G11/><T30/><D68/><U58/><E58/><V113/><F134/><W74/><G74/><T104/><D70/><U109/><E133/><V54/><F54/><W77/><G77/><T129/><D129/><U29/><E130/><V78/><F106/><W117/><G117/><T75/><D75/><U89/><E89/><N who="2" m="55727" /><F105/><W5/><REACH who="3" step="1"/><G59/><REACH who="3" ten="382,274,304,30" step="2"/><T15/><D8/><U10/><E10/><V82/><F82/><W94/><G94/><T43/><D104/><U26/><E109/><V69/><F69/><W40/><G40/><T64/><D43/><U95/><E95/><V98/><F98/><W100/><G100/><T41/><D41/><U126/><E122/><AGARI ba="0,1" hai="73,78,79,80,83,87,113,115,121,122,123" m="55727" machi="122" ten="30,11600,0" yaku="34,2,52,2" doraHai="111" who="2" fromWho="1" sc="382,0,274,-116,304,126,30,0" /><INIT seed="6,1,0,3,1,111" ten="382,158,430,30" oya="2" hai0="54,69,41,117,93,38,21,60,123,131,113,51,101" hai1="99,89,121,58,32,91,112,10,35,27,17,34,65" hai2="132,107,1,29,59,11,82,66,71,74,45,19,128" hai3="30,44,120,70,72,94,96,25,57,13,2,64,22"/><V124/><F71/><W36/><G2/><T43/><D101/><U7/><E121/><V24/><F107/><W63/><G72/><T23/><D123/><U15/><E99/><V6/><F124/><W67/><G120/><T105/><D105/><U39/><E39/><V116/><F116/><W90/><G70/><T114/><D117/><U97/><E97/><V9/><F128/><W76/><G76/><T106/><D106/><U95/><E95/><V83/><F132/><W102/><G36/><T122/><D122/><U108/><E108/><V104/><F104/><W86/><G44/><N who="0" m="23607" /><D131/><U28/><E112/><N who="0" m="43113" /><D43/><U73/><E73/><V87/><F74/><W134/><G134/><T33/><D33/><U118/><E35/><V31/><F45/><W4/><G67/><N who="0" m="41191" /><D93/><U18/><E34/><V110/><F110/><W8/><G86/><T126/><D126/><U20/><E32/><V129/><F129/><W37/><G37/><T48/><D48/><U16/><E118/><V75/><F75/><W133/><G133/><T125/><D125/><U52/><E65/><V12/><F87/><W53/><REACH who="3" step="1"/><G53/><REACH who="3" ten="382,158,430,20" step="2"/><T115/><D115/><U55/><E55/><V47/><F66/><W5/><G5/><T119/><D119/><U80/><E52/><V68/><F6/><W14/><G14/><T79/><D79/><U49/><E15/><V77/><F77/><W84/><G84/><T109/><D109/><U50/><E7/><V0/><F12/><W103/><AGARI ba="1,1" hai="4,8,13,22,25,30,57,63,64,90,94,96,102,103" machi="103" ten="30,7900,0" yaku="1,1,0,1,8,1,53,1" doraHai="111" doraHaiUra="26" who="3" fromWho="3" sc="382,-21,158,-21,430,-40,20,92" /><INIT seed="7,0,0,0,0,110" ten="361,137,390,112" oya="3" hai0="80,52,128,59,105,120,118,117,71,51,33,17,109" hai1="24,122,40,54,1,15,95,69,132,6,49,85,36" hai2="2,55,68,58,19,50,111,89,57,3,88,35,113" hai3="134,135,73,119,115,4,90,103,86,98,47,22,106"/><W87/><G119/><T9/><D109/><U124/><E1/><V8/><F68/><W7/><G47/><T29/><D120/><U41/><E69/><V78/><F35/><W100/><G100/><T61/><D105/><U77/><E36/><V107/><F107/><W45/><G73/><T30/><D128/><U67/><E67/><V23/><F78/><W82/><G87/><T96/><D96/><U44/><E122/><V64/><F113/><W21/><G45/><T83/><D117/><U56/><E124/><V81/><F3/><W91/><G91/><T60/><D118/><U25/><E132/><N who="3" m="50730" /><G115/><T53/><D33/><U76/><E76/><V39/><F39/><W129/><G129/><T70/><D17/><U16/><E6/><AGARI ba="0,0" hai="4,6,7,21,22,82,86,90,98,103,106" m="50730" machi="6" ten="30,1500,0" yaku="20,1" doraHai="110" who="3" fromWho="1" sc="361,0,137,-15,390,0,112,15" /><INIT seed="7,1,0,3,5,27" ten="361,122,390,127" oya="3" hai0="87,6,93,123,55,46,119,71,108,107,64,3,13" hai1="86,2,22,132,111,60,11,131,63,26,113,47,133" hai2="25,4,24,69,74,135,65,40,130,1,81,76,45" hai3="129,16,38,96,28,121,94,56,115,66,124,117,128"/><W0/><G0/><T134/><D107/><U72/><E72/><V51/><F130/><N who="3" m="50283" /><G121/><T19/><D123/><U92/><E131/><V98/><F135/><N who="1" m="51785" /><E113/><V88/><F65/><W77/><G117/><T126/><D134/><U10/><E111/><V61/><F61/><N who="1" m="23625" /><E47/><V125/><F69/><W110/><G38/><T104/><D104/><U29/><E2/><V103/><F125/><W68/><G68/><T23/><D126/><U50/><E50/><V12/><F1/><W112/><G124/><T127/><D127/><U53/><E53/><V102/><F102/><N who="3" m="60695" /><G110/><T52/><D119/><U17/><E17/><V79/><F103/><W30/><G77/><T82/><D108/><U120/><E120/><V89/><F76/><W41/><G41/><T91/><D46/><U84/><E92/><N who="2" m="56583" /><F79/><W49/><G66/><T43/><D64/><U44/><E44/><V57/><F45/><W80/><G80/><T35/><D71/><U42/><E42/><V39/><F40/><W105/><G105/><T18/><D43/><U15/><E15/><V20/><F39/><W37/><G37/><T73/><D73/><U122/><E122/><V21/><F74/><W101/><G101/><T58/><D82/><U5/><E5/><V99/><F81/><W118/><G118/><T36/><D36/><U85/><AGARI ba="1,0" hai="10,11,22,26,29,84,85,86" m="23625,51785" machi="85" ten="40,2700,0" yaku="20,1,52,1" doraHai="27" who="1" fromWho="1" sc="361,-8,122,30,390,-8,127,-14" owari="353,15.0,152,-25.0,382,49.0,113,-39.0" /></mjloggm>