<mjloggm ver="2.3"><GO type="169" lobby="0"/><UN n0="%E3%81%8A%E3%81%98%E3%81%95%E3%82%93" n1="%40%75" n2="%E3%82%A6%E3%83%AB%E3%83%88%E3%83%A9%E7%AB%8B%E7%9B%B4" n3="%46%75%6E%54%69%6D%65" dan="16,16,16,16" rate="2149.48,2064.48,2099.87,2130.28" sx="M,F,M,M"/><TAIKYOKU oya="0"/><INIT seed="0,0,0,3,4,100" ten="250,250,250,250" oya="0" hai0="68,56,62,1,122,26,47,61,125,16,75,63,104" hai1="23,86,133,101,110,116,4,117,77,97,17,35,40" hai2="87,94,69,108,54,22,28,24,3,121,124,32,106" hai3="99,126,37,5,73,123,12,25,74,84,119,105,131"/><T85/><D75/><U11/><E110/><V114/><F114/><W41/><G119/><T27/><D1/><U134/><E35/><V21/><F121/><W31/><G123/><T88/><D122/><U80/><E40/><V135/><F69/><W91/><G126/><T7/><D7/><U36/><E36/><V102/><F3/><W8/><G131/><T19/><D68/><U49/><E49/><V71/><F108/><W128/><G128/><T9/><D104/><U55/><E55/><V107/><F71/><W64/><G64/><T90/><D125/><U113/><E113/><V118/><F124/><W52/><G41/><T43/><D56/><U132/><E17/><N who="0" m="6729" /><D9/><U53/><E53/><V72/><F72/><W111/><G37/><T34/><D34/><U92/><REACH who="1" step="1"/><E23/><REACH who="1" ten="250,240,250,250" step="2"/><V51/><F21/><W78/><G52/><T18/><D18/><U2/><AGARI ba="0,1" hai="2,4,11,77,80,86,92,97,101,116,117,132,133,134" machi="2" ten="30,7900,0" yaku="1,1,2,1,0,1,20,1,53,0" doraHai="100" doraHaiUra="66" who="1" fromWho="1" sc="250,-39,240,89,250,-20,250,-20" /><INIT seed="1,0,0,1,1,107" ten="211,329,230,230" oya="1" hai0="130,108,41,113,67,83,25,79,102,8,120,44,85" hai1="15,134,127,0,36,51,10,54,111,95,69,45,104" hai2="1,135,103,66,93,29,80,109,52,68,20,61,100" hai3="117,77,47,125,78,30,99,4,42,84,97,13,123"/><U12/><E104/><V119/><F119/><W94/><G123/><T24/><D113/><U5/><E69/><V22/><F1/><W121/><G121/><T16/><D120/><U26/><E127/><V14/><F109/><W43/><G125/><T33/><D108/><U21/><E134/><V72/><F135/><W59/><G117/><T132/><D132/><U46/><E111/><V7/><F93/><W71/><G71/><T11/><D130/><U27/><E27/><N who="0" m="10313" /><D102/><U116/><E116/><V31/><F31/><W65/><G30/><T101/><D101/><U2/><E2/><V60/><F29/><W110/><G110/><T128/><D67/><U74/><E95/><V82/><F82/><W18/><G4/><T58/><D58/><U49/><E74/><V55/><F103/><W3/><G3/><T129/><D16/><U126/><E36/><V96/><F80/><W57/><G57/><T76/><D76/><U32/><E32/><V63/><F72/><W90/><G78/><T70/><D70/><U114/><E114/><V34/><F34/><W53/><G65/><T6/><D33/><U75/><E75/><V118/><F66/><W112/><G112/><T23/><D23/><N who="2" m="8746" /><F68/><W28/><G28/><T38/><D11/><U124/><E126/><V56/><F56/><W17/><G77/><T48/><D38/><U9/><E9/><N who="2" m="4415" /><F118/><W131/><G59/><T122/><D122/><U88/><E124/><V62/><N who="2" m="15360" /><DORA hai="87" /><V98/><F100/><W105/><G105/><T106/><D106/><U40/><E88/><V92/><F92/><W115/><G94/><RYUUKYOKU ba="0,0" sc="211,10,329,10,230,10,230,-30" hai0="6,8,41,44,48,79,83,85,128,129" hai1="0,5,10,12,15,21,26,40,45,46,49,51,54" hai2="52,55,96,98" /><INIT seed="1,1,0,2,1,59" ten="221,339,240,200" oya="1" hai0="87,63,112,82,101,78,3,102,5,108,77,99,125" hai1="38,49,96,33,100,88,64,115,43,23,8,120,19" hai2="105,39,79,2,1,132,32,89,80,117,48,119,34" hai3="68,104,91,90,133,45,22,54,95,47,129,55,4"/><U14/><E115/><V36/><F48/><W50/><G104/><T76/><D112/><U13/><E120/><V27/><F89/><W40/><G68/><T30/><D108/><U10/><E33/><N who="2" m="12907" /><F27/><W53/><G129/><T70/><D30/><U73/><E73/><N who="2" m="43119" /><F105/><W35/><G133/><T71/><D125/><U11/><E38/><N who="2" m="14379" /><F132/><W111/><G111/><T134/><D134/><U113/><E113/><V6/><F6/><W81/><G35/><T41/><D41/><U123/><E123/><V12/><F12/><W121/><G121/><T66/><D71/><U97/><E14/><V130/><F130/><W31/><G4/><T61/><D102/><U118/><E100/><V44/><F44/><N who="3" m="25863" /><G81/><T103/><D103/><U72/><E43/><V0/><AGARI ba="1,0" hai="0,1,2,117,119" m="14379,43119,12907" machi="0" ten="40,1500,0" yaku="23,1" doraHai="59" who="2" fromWho="2" sc="221,-5,339,-8,240,18,200,-5" /><INIT seed="2,0,0,4,2,90" ten="216,331,258,195" oya="2" hai0="101,80,120,63,64,23,84,32,105,47,51,9,81" hai1="50,44,41,61,131,89,13,45,27,125,107,43,14" hai2="70,65,116,33,78,60,135,85,87,29,53,5,22" hai3="20,127,110,24,134,109,72,39,73,79,95,83,36"/><V97/><F116/><W113/><G127/><T3/><D32/><U40/><E131/><V108/><F135/><W115/><G134/><T82/><D120/><U118/><E125/><V91/><F108/><N who="3" m="41579" /><G73/><T31/><D101/><U99/><E118/><V112/><F112/><N who="3" m="43083" /><G95/><T56/><D105/><U46/><E61/><V67/><F33/><W11/><G11/><T34/><D34/><U111/><E111/><V92/><F5/><W16/><AGARI ba="0,0" hai="16,20,24,36,39,72,79,83" m="43083,41579" machi="16" ten="30,4000,0" yaku="14,1,11,1,54,1" doraHai="90" who="3" fromWho="3" sc="216,-10,331,-10,258,-20,195,40" /><INIT seed="3,0,0,0,1,66" ten="206,321,238,235" oya="3" hai0="1,93,108,80,6,116,10,34,71,92,84,82,3" hai1="85,73,43,72,57,112,122,89,110,101,39,52,15" hai2="103,2,115,131,119,128,32,126,117,8,29,44,129" hai3="67,7,70,102,21,37,94,22,104,59,56,86,83"/><W17/><G104/><T13/><D34/><U100/><E110/><V41/><F103/><W127/><G37/><T114/><D116/><N who="2" m="44618" /><F44/><W48/><G127/><T58/><D108/><U88/><E112/><V38/><F41/><W132/><G132/><T133/><D133/><U11/><E122/><V74/><F38/><W53/><G7/><T135/><D135/><U75/><E43/><V95/><F95/><W65/><G70/><T5/><D114/><U130/><E39/><V90/><F90/><N who="3" m="51551" /><G59/><T31/><D31/><U45/><E45/><V121/><F74/><W69/><G69/><T14/><D58/><U36/><E36/><V50/><F50/><W97/><G22/><T20/><D20/><U30/><E30/><V87/><F87/><W4/><G4/><T124/><D10/><U42/><E42/><V61/><F61/><W49/><G48/><T106/><D84/><U99/><E99/><V134/><F115/><W23/><G23/><T19/><D19/><N who="1" m="8703" /><E75/><V46/><F134/><W125/><G125/><T33/><D33/><U81/><E73/><V9/><F126/><W26/><AGARI ba="0,0" hai="17,21,26,49,53,56,65,67,94,97,102" m="51551" machi="26" ten="30,1500,0" yaku="8,1" doraHai="66" who="3" fromWho="3" sc="206,-5,321,-5,238,-5,235,15" /><INIT seed="3,1,0,4,4,66" ten="201,316,233,250" oya="3" hai0="57,28,127,55,103,17,19,46,63,74,31,79,104" hai1="83,29,34,77,35,44,48,68,38,122,71,116,27" hai2="124,108,129,4,8,76,65,110,2,93,16,85,12" hai3="41,102,90,5,100,53,11,51,86,45,62,60,89"/><W87/><G87/><T67/><D127/><U115/><E122/><V84/><F124/><W21/><G21/><T123/><D123/><U125/><E115/><V32/><F32/><W88/><G86/><T81/><D103/><N who="3" m="39465" /><G41/><T59/><D104/><U109/><E125/><V73/><F129/><W97/><G97/><T112/><D112/><U130/><E130/><V113/><F113/><W72/><G72/><T33/><D46/><U23/><E35/><V24/><F24/><W70/><G70/><T43/><D43/><N who="1" m="22647" /><E48/><V61/><F73/><W80/><G80/><T99/><D99/><U0/><E23/><V52/><F84/><W94/><G94/><T82/><D82/><U95/><E95/><V126/><F126/><W134/><G134/><T20/><D33/><U14/><E14/><AGARI ba="1,0" hai="5,11,14,45,51,53,60,62,88,89,90" m="39465" machi="14" ten="30,2900,0" yaku="8,1,54,1" doraHai="66" who="3" fromWho="1" sc="201,0,316,-32,233,0,250,32" /><INIT seed="3,2,0,2,3,65" ten="201,284,233,282" oya="3" hai0="64,67,2,126,10,105,93,116,71,124,8,60,16" hai1="32,114,34,61,94,43,117,119,134,92,76,82,1" hai2="44,72,27,6,63,11,55,118,102,83,96,115,23" hai3="87,95,52,45,97,58,53,90,3,91,42,112,123"/><W111/><G112/><T4/><D105/><U113/><E134/><V108/><F118/><N who="1" m="45065" /><E1/><V80/><F108/><W9/><G123/><T50/><D116/><U31/><E43/><V101/><F115/><N who="1" m="44041" /><E61/><V59/><F44/><W7/><G111/><T39/><D39/><U122/><E31/><V66/><F55/><W26/><G26/><T131/><D131/><U135/><E135/><V46/><F46/><W107/><G58/><T70/><D93/><N who="1" m="35947" /><E122/><V103/><F96/><W109/><G109/><T14/><D50/><U132/><E132/><V22/><F72/><AGARI ba="2,0" hai="32,34,72,76,82" m="35947,44041,45065" machi="72" ten="30,1000,0" yaku="12,1" doraHai="65" who="1" fromWho="2" sc="201,0,284,16,233,-16,282,0" /><INIT seed="4,0,0,4,5,83" ten="201,300,217,282" oya="0" hai0="35,93,126,56,112,37,14,107,113,77,82,57,63" hai1="7,41,10,42,71,75,51,53,1,86,60,105,128" hai2="61,103,69,116,122,67,59,85,48,18,104,26,43" hai3="38,88,111,110,45,6,117,44,65,52,109,108,21"/><T49/><D35/><U34/><E75/><V68/><F122/><W106/><G106/><T78/><D37/><U13/><E128/><V19/><F116/><W84/><G111/><T23/><D107/><U115/><E34/><V5/><F5/><W118/><G65/><T0/><D0/><U54/><E105/><V3/><F3/><W131/><G131/><T130/><D130/><U70/><E70/><V40/><F69/><W94/><G6/><T46/><D126/><U92/><E1/><V129/><F129/><W100/><G100/><T90/><D14/><U98/><E115/><N who="0" m="44105" /><D23/><U81/><E71/><V119/><F119/><W39/><G39/><T120/><D120/><U31/><E60/><V17/><F26/><W127/><G127/><T97/><D63/><U62/><E31/><V74/><F74/><W91/><G91/><T87/><D78/><N who="1" m="46391" /><E62/><V22/><F61/><W99/><G21/><T32/><D32/><U24/><E24/><V9/><F22/><W114/><G114/><T25/><D25/><U15/><E15/><N who="2" m="7407" /><F67/><W124/><G124/><T76/><D76/><U66/><E66/><V28/><F68/><W36/><G36/><T30/><D30/><U132/><E132/><V4/><F28/><W27/><G27/><T20/><D20/><U89/><E54/><AGARI ba="0,0" hai="46,49,54,56,57,77,82,87,90,93,97" m="44105" machi="54" ten="30,2900,0" yaku="15,1,52,1" doraHai="83" who="0" fromWho="1" sc="201,29,300,-29,217,0,282,0" /><INIT seed="4,1,0,1,1,99" ten="230,271,217,282" oya="0" hai0="7,54,101,58,87,30,76,4,71,10,60,67,94" hai1="20,134,15,83,98,74,129,52,119,25,38,66,43" hai2="88,27,46,120,18,135,28,37,26,77,110,85,105" hai3="92,113,6,126,55,29,23,82,65,133,57,103,8"/><T96/><D30/><U13/><E119/><V53/><F110/><W124/><G113/><T112/><D112/><U116/><E116/><V104/><F120/><W12/><G133/><T93/><D76/><U95/><E129/><V39/><F135/><W132/><G132/><T22/><D22/><U73/><E73/><V86/><F18/><W123/><G123/><T114/><D114/><U51/><E66/><V75/><F75/><W34/><G34/><T64/><D64/><U40/><E134/><V108/><F108/><W3/><G65/><T24/><D24/><U115/><E115/><V72/><F72/><W97/><G82/><T44/><D44/><U118/><E118/><V1/><F1/><W41/><G41/><T56/><D71/><U78/><E38/><V5/><F5/><W9/><G23/><T127/><D127/><N who="3" m="48681" /><G29/><T42/><D42/><U11/><E11/><V122/><F122/><W91/><G9/><T21/><D21/><U109/><E109/><V0/><F28/><W62/><G91/><N who="0" m="53503" /><D10/><U14/><E20/><V79/><F77/><W69/><G69/><T84/><D84/><U90/><REACH who="1" step="1"/><E25/><REACH who="1" ten="230,261,217,282" step="2"/><V125/><F27/><W102/><G3/><T17/><D17/><U35/><E35/><V61/><F26/><W36/><G36/><N who="2" m="13897" /><F0/><W80/><G8/><T89/><D89/><U48/><E48/><AGARI ba="1,1" hai="4,7,48,54,56,58,60,67,94,96,101" m="53503" machi="48" ten="30,2900,0" yaku="8,1,52,1" doraHai="99" who="0" fromWho="1" sc="230,42,261,-32,217,0,282,0" /><INIT seed="4,2,0,3,4,54" ten="272,229,217,282" oya="0" hai0="80,31,1,48,38,116,72,2,76,60,130,91,12" hai1="47,37,108,131,49,56,36,22,96,81,13,63,84" hai2="106,71,83,110,128,20,135,77,118,53,59,19,121" hai3="32,125,68,40,94,0,90,114,93,101,6,98,16"/><T109/><D38/><U67/><E108/><V45/><F121/><W29/><G68/><T55/><D116/><U52/><E131/><V57/><F110/><W113/><G125/><T87/><D109/><U23/><E96/><V92/><F106/><W107/><G40/><T42/><D42/><U34/><E34/><V8/><F71/><W73/><G73/><T14/><D130/><U103/><E103/><V33/><F33/><W105/><G6/><T70/><D31/><U58/><E58/><N who="2" m="22027" /><F128/><W5/><G5/><T65/><D1/><U100/><E100/><V123/><F123/><W15/><G29/><T79/><D2/><U41/><E36/><V86/><F135/><W44/><G44/><T17/><D12/><U129/><E129/><V120/><F120/><W35/><G0/><T10/><D72/><U46/><REACH who="1" step="1"/><E13/><REACH who="1" ten="272,219,217,282" step="2"/><N who="2" m="7591" /><F118/><W99/><G35/><T102/><D102/><U112/><E112/><N who="3" m="43114" /><G32/><T88/><D91/><AGARI ba="2,1" hai="22,23,37,41,46,47,49,52,56,63,67,81,84,91" machi="91" ten="30,7700,0" yaku="1,1,7,1,52,1,54,1,53,0" doraHai="54" doraHaiUra="9" who="1" fromWho="0" sc="272,-83,219,93,217,0,282,0" /><INIT seed="5,0,0,1,5,124" ten="189,312,217,282" oya="1" hai0="86,28,16,33,46,67,37,65,125,3,103,132,11" hai1="54,6,48,5,101,102,89,61,110,87,108,119,120" hai2="95,43,76,29,2,44,121,55,69,56,40,122,90" hai3="83,50,109,57,91,127,82,81,38,112,39,84,23"/><U107/><E119/><V68/><F2/><W106/><G109/><N who="1" m="42090" /><E61/><V9/><F76/><W24/><G127/><T25/><D125/><U78/><E78/><V27/><F9/><W41/><G106/><T32/><D132/><U58/><E107/><V117/><F117/><W94/><G112/><T52/><D33/><U80/><E120/><V10/><F10/><W100/><G100/><AGARI ba="0,0" hai="5,6,48,54,58,80,87,89,100,101,102" m="42090" machi="100" ten="30,1500,0" yaku="10,1" doraHai="124" who="1" fromWho="3" sc="189,0,312,15,217,0,282,-15" /><INIT seed="5,1,0,3,3,70" ten="189,327,217,267" oya="1" hai0="13,93,24,65,72,18,131,30,102,87,97,81,106" hai1="25,11,32,31,123,29,94,61,132,21,63,77,54" hai2="43,112,79,80,109,28,86,34,135,120,78,128,9" hai3="124,48,98,134,2,8,114,16,50,100,71,119,51"/><U49/><E123/><V92/><F9/><W84/><G71/><T104/><D131/><U47/><E132/><V75/><F28/><W64/><G64/><T130/><D130/><U27/><E77/><V56/><F56/><W19/><G134/><T22/><D65/><U89/><REACH who="1" step="1"/><E11/><REACH who="1" ten="189,317,217,267" step="2"/><V57/><F79/><W68/><G8/><T7/><D72/><U55/><E55/><V37/><F78/><W125/><G125/><T40/><D40/><U0/><E0/><V45/><F43/><W60/><G2/><T33/><D7/><U62/><E62/><V15/><F75/><W52/><G60/><T129/><D129/><U76/><E76/><AGARI ba="1,1" hai="13,18,22,24,30,33,76,81,87,93,97,102,104,106" machi="76" ten="30,1000,0" yaku="7,1" doraHai="70" who="0" fromWho="1" sc="189,23,317,-13,217,0,267,0" /><INIT seed="6,0,0,2,2,100" ten="212,304,217,267" oya="2" hai0="93,50,66,65,104,58,91,52,6,85,70,12,76" hai1="133,94,126,2,103,45,19,105,124,129,21,68,32" hai2="75,25,108,101,31,107,74,123,11,18,27,106,14" hai3="99,34,67,90,98,15,61,111,55,26,22,86,54"/><V122/><F108/><W8/><G34/><T115/><D115/><U72/><E32/><V44/><F44/><W114/><G111/><T119/><D119/><U59/><E68/><V87/><F87/><W127/><G127/><N who="1" m="48682" /><E2/><V121/><F101/><W110/><G110/><T60/><D66/><U135/><E72/><V117/><F117/><W47/><G114/><T1/><D1/><U116/><E116/><V89/><F89/><W46/><G22/><T102/><D76/><U36/><E129/><V79/><F27/><W69/><G26/><T56/><D6/><U131/><E94/><V113/><F113/><W40/><G47/><T125/><D125/><U29/><E29/><V130/><F130/><W134/><G99/><T24/><D24/><N who="1" m="14399" /><E59/><V3/><F3/><W80/><G98/><T9/><D102/><U78/><E78/><V28/><F28/><W97/><G97/><T0/><D0/><U33/><E33/><V48/><F79/><W20/><G20/><T39/><D70/><U120/><E120/><V23/><F75/><W51/><G134/><T49/><D104/><U62/><E105/><V92/><F74/><W84/><G86/><T41/><D50/><U13/><E103/><V43/><F92/><W64/><G67/><T30/><D30/><U95/><E95/><V82/><F82/><W16/><AGARI ba="0,0" hai="8,15,16,40,46,51,54,55,61,64,69,80,84,90" machi="16" ten="20,2700,0" yaku="0,1,7,1,54,1" doraHai="100" who="3" fromWho="3" sc="212,-7,304,-7,217,-13,267,27" /><INIT seed="7,0,0,1,3,34" ten="205,297,204,294" oya="3" hai0="115,36,60,126,70,109,42,66,82,78,125,89,118" hai1="35,44,63,116,91,128,38,77,2,59,112,29,75" hai2="107,48,100,45,30,7,65,61,105,15,46,88,28" hai3="124,86,69,1,90,56,33,50,18,108,84,123,104"/><W23/><G123/><T25/><D109/><U52/><E2/><V134/><F105/><W0/><G104/><T19/><D118/><U79/><E116/><V26/><F107/><W10/><G69/><T102/><D102/><U99/><E75/><V6/><F100/><W4/><G33/><T53/><D89/><U64/><E35/><V72/><F72/><W43/><G124/><N who="0" m="47723" /><D115/><U3/><E3/><V5/><F134/><W73/><G73/><N who="0" m="43343" /><D53/><U97/><E29/><V32/><F28/><W93/><G1/><T55/><D55/><U101/><E91/><V54/><F88/><W85/><G108/><T119/><D119/><U111/><E111/><V117/><F117/><W80/><G80/><T37/><D42/><U131/><E101/><V103/><F103/><W67/><G43/><T113/><D113/><U71/><E112/><V21/><F46/><W110/><G110/><T92/><D92/><U130/><E79/><V16/><REACH who="2" step="1"/><F5/><REACH who="2" ten="205,297,194,294" step="2"/><W22/><G90/><T81/><D81/><U51/><E77/><V9/><F9/><W47/><G93/><T57/><D70/><AGARI ba="0,1" hai="6,7,15,16,21,26,30,32,45,48,54,61,65,70" machi="70" ten="30,3900,0" yaku="1,1,7,1,54,1,53,0" doraHai="34" doraHaiUra="96" who="2" fromWho="0" sc="205,-39,297,0,194,49,294,0" /><INIT seed="8,0,0,2,3,121" ten="166,297,243,294" oya="0" hai0="61,75,58,72,59,74,71,97,133,129,76,86,87" hai1="13,117,106,94,50,36,51,21,60,38,40,37,124" hai2="80,44,41,92,27,25,93,0,3,1,130,81,46" hai3="67,11,56,23,18,88,43,89,5,29,52,63,62"/><T2/><D2/><U78/><E106/><V26/><F130/><W31/><G43/><T110/><D129/><U73/><E94/><N who="2" m="36459" /><F41/><W6/><G11/><T109/><D97/><U15/><E78/><V113/><F113/><W120/><G120/><T79/><D133/><U70/><E73/><V9/><F9/><W77/><G77/><N who="0" m="29771" /><D71/><U17/><E15/><V91/><F91/><N who="3" m="34891" /><G67/><T48/><D48/><U135/><E40/><V69/><F69/><W19/><G63/><T20/><D20/><U105/><E105/><V99/><F99/><W98/><G98/><T7/><D7/><N who="3" m="2569" /><G19/><T65/><D58/><U64/><E135/><V32/><F32/><W45/><G45/><AGARI ba="0,0" hai="0,1,3,25,26,27,44,45,46,80,81" m="36459" machi="45" ten="40,2600,0" yaku="28,2" doraHai="121" who="2" fromWho="3" sc="166,0,297,0,243,26,294,-26" /><INIT seed="9,0,0,1,1,23" ten="166,297,269,268" oya="1" hai0="22,38,134,43,85,119,71,34,101,3,94,58,33" hai1="10,96,91,5,9,111,66,29,74,114,72,55,56" hai2="63,45,27,121,78,68,35,98,7,13,99,81,51" hai3="19,77,80,89,92,83,130,26,47,50,107,128,70"/><U106/><E29/><V116/><F121/><W32/><G107/><T69/><D3/><U0/><E114/><V21/><F35/><W36/><G36/><T59/><D38/><U131/><E66/><V54/><F116/><W14/><G70/><T40/><D85/><U52/><E131/><N who="3" m="50218" /><G77/><T11/><D22/><U37/><E37/><V88/><F78/><W118/><G118/><T30/><D119/><U102/><E111/><V48/><F48/><W84/><G26/><T125/><D30/><U25/><E25/><V18/><F63/><W79/><G79/><T28/><D28/><U75/><E91/><V108/><F68/><W57/><G57/><T87/><D101/><U15/><REACH who="1" step="1"/><E56/><REACH who="1" ten="166,287,269,268" step="2"/><V16/><F27/><W132/><G32/><T100/><D100/><U127/><E127/><V17/><F88/><W135/><G135/><T86/><D134/><U31/><E31/><V39/><F39/><W73/><G132/><T53/><D125/><U129/><E129/><V113/><F113/><W12/><G73/><T112/><D112/><U103/><E103/><V2/><F108/><W105/><G105/><T42/><D42/><U8/><E8/><V1/><F21/><N who="3" m="11495" /><G14/><T104/><D104/><U44/><E44/><V123/><F1/><W46/><G47/><T65/><D11/><U110/><E110/><V20/><F2/><W117/><G117/><T82/><D65/><U122/><E122/><V4/><F123/><W97/><G97/><N who="2" m="36873" /><F13/><W64/><G64/><T95/><REACH who="0" step="1"/><D82/><REACH who="0" ten="156,287,269,268" step="2"/><U24/><E24/><N who="2" m="14343" /><F81/><W120/><G120/><T76/><D76/><U109/><E109/><RYUUKYOKU ba="0,2" sc="156,0,287,0,269,0,268,0" hai0="33,34,40,43,53,58,59,69,71,86,87,94,95" hai1="0,5,9,10,15,52,55,72,74,75,96,102,106" hai2="4,7,17,18,45,51,54" hai3="46,50,80,83,84,89,92" /><INIT seed="9,1,2,0,0,15" ten="156,287,269,268" oya="1" hai0="113,125,85,60,48,117,5,32,126,89,30,18,119" hai1="78,54,132,92,101,105,20,110,95,106,56,26,135" hai2="122,80,68,63,8,0,36,93,6,99,111,131,50" hai3="13,14,84,1,28,70,58,10,75,127,31,130,19"/><U53/><E110/><V71/><F36/><W23/><G75/><T79/><D113/><U123/><E123/><V59/><F111/><W107/><G70/><T51/><D5/><U57/><E78/><V82/><F122/><W76/><G107/><N who="1" m="40970" /><E101/><V61/><F131/><W67/><G127/><N who="0" m="48651" /><D79/><U39/><E39/><V52/><F68/><W109/><G130/><T116/><D60/><U7/><E7/><V16/><F16/><N who="3" m="8247" /><G1/><T44/><D44/><U25/><E20/><V88/><REACH who="2" step="1"/><F63/><REACH who="2" ten="156,287,259,268" step="2"/><N who="3" m="38391" /><G109/><T118/><N who="0" m="29696" /><DORA hai="11" /><T49/><D18/><U104/><E135/><V46/><F46/><W29/><G29/><T64/><D64/><AGARI ba="1,3" hai="0,6,8,50,52,59,61,64,71,80,82,88,93,99" machi="64" ten="40,8000,1" yaku="1,1,54,2,53,1" doraHai="15,11" doraHaiUra="42,2" who="2" fromWho="0" sc="156,-83,287,0,259,113,268,0" owari="73,-43.0,287,9.0,372,47.0,268,-13.0" /></mjloggm>