<mjloggm ver="2.3"><GO type="169" lobby="0"/><UN n0="%68%65%61%6C%74%68%79%37" n1="%E3%82%B7%E3%82%A7%E3%83%95%E3%83%81%E3%83%A7%E3%82%B3" n2="%E3%81%98%E3%81%BE%E3%81%AE%E3%82%8A" n3="%E5%B0%B1%E6%B4%BB%E7%94%9F%40%E5%B7%9D%E6%9D%91%E8%BB%8D%E5%9B%A3" dan="18,16,17,18" rate="2179.63,2158.64,2177.48,2265.22" sx="M,M,M,M"/><TAIKYOKU oya="0"/><INIT seed="0,0,0,4,1,47" ten="250,250,250,250" oya="0" hai0="24,131,89,76,52,30,106,69,1,96,2,99,51" hai1="11,115,102,48,93,118,0,12,31,18,135,5,128" hai2="58,78,44,9,72,26,71,35,23,55,81,53,125" hai3="130,7,133,73,17,122,29,132,22,36,54,100,38"/><T83/><D131/><U92/><E118/><V80/><F71/><W40/><G73/><T21/><D69/><U32/><E128/><V110/><F110/><W116/><G116/><T64/><D64/><U66/><E135/><V63/><F125/><W121/><G100/><T65/><D65/><U34/><E115/><V39/><F80/><W127/><G130/><T124/><D124/><U77/><E77/><V123/><F123/><N who="3" m="47115" /><G29/><T41/><D41/><U134/><E134/><N who="3" m="51818" /><G7/><T97/><D89/><U50/><E66/><V87/><F72/><W28/><G28/><T10/><D106/><U14/><E14/><V25/><F35/><W8/><G8/><T84/><REACH who="0" step="1"/><D10/><REACH who="0" ten="240,250,250,250" step="2"/><U88/><E102/><V107/><F9/><W126/><G40/><T90/><D90/><U95/><E88/><V109/><F107/><W62/><G127/><T20/><D20/><N who="1" m="11335" /><E32/><V85/><F23/><W79/><G126/><T3/><D3/><U86/><E0/><V49/><F109/><W6/><G79/><T68/><D68/><U46/><E11/><V37/><F78/><W43/><G43/><T13/><D13/><U75/><E5/><V112/><F25/><N who="3" m="14543" /><G6/><T74/><D74/><U57/><E34/><V61/><F26/><W19/><G38/><T82/><D82/><U120/><E75/><V111/><F81/><W45/><G36/><T119/><D119/><U56/><E120/><V33/><F111/><W113/><G113/><T108/><D108/><U60/><E93/><V94/><F112/><W70/><G70/><T27/><D27/><U114/><E92/><V104/><F94/><RYUUKYOKU ba="0,1" sc="240,30,250,-10,250,-10,250,-10" hai0="1,2,21,24,30,51,52,76,83,84,96,97,99" /><INIT seed="0,1,1,1,0,38" ten="270,240,240,240" oya="0" hai0="120,27,72,110,55,21,98,121,61,11,47,5,118" hai1="103,96,132,44,51,122,10,12,17,45,135,131,73" hai2="28,30,1,18,86,67,109,119,105,16,87,128,115" hai3="111,76,101,89,14,9,94,104,32,125,85,69,59"/><T13/><D118/><U112/><E122/><V93/><F115/><W81/><G125/><T34/><D34/><U3/><E112/><V99/><F105/><W130/><G69/><T66/><D72/><U129/><E73/><V92/><F1/><W52/><G32/><T15/><D110/><U82/><E82/><V127/><F109/><W35/><G35/><T133/><D133/><N who="1" m="51275" /><E3/><V42/><F128/><N who="1" m="49225" /><E51/><V50/><F127/><W46/><G130/><T36/><D98/><U56/><E56/><V33/><F119/><W80/><G111/><T126/><D126/><U60/><E60/><V116/><F50/><W19/><G59/><T22/><D15/><U26/><E26/><V57/><F57/><W48/><G48/><BYE who="3" /><N who="0" m="29087" /><D36/><U8/><E8/><V95/><F99/><W117/><G117/><T24/><D120/><UN n3="%E5%B0%B1%E6%B4%BB%E7%94%9F%40%E5%B7%9D%E6%9D%91%E8%BB%8D%E5%9B%A3" /><U90/><E90/><V78/><F116/><W2/><G2/><T70/><D121/><U62/><E62/><V83/><F83/><W68/><G68/><T108/><D108/><U63/><E63/><V123/><F123/><W49/><G76/><T114/><D114/><U107/><AGARI ba="1,1" hai="10,12,17,44,45,96,103,107" m="49225,51275" machi="107" ten="30,2000,0" yaku="20,1,19,1" doraHai="38" who="1" fromWho="1" sc="270,-11,240,33,240,-6,240,-6" /><INIT seed="1,0,0,2,4,104" ten="259,273,234,234" oya="1" hai0="4,133,17,85,15,68,92,59,97,88,105,117,66" hai1="79,45,83,116,101,100,93,121,67,21,14,69,64" hai2="73,54,38,90,95,71,113,43,78,37,20,75,48" hai3="16,55,129,91,62,25,35,61,132,110,42,7,131"/><U99/><E116/><V31/><F71/><W119/><G7/><T74/><D133/><U84/><E121/><V40/><F78/><W127/><G132/><T52/><D68/><U111/><E69/><V8/><F8/><W106/><G106/><T24/><D66/><U10/><E111/><V0/><F0/><W60/><G42/><T33/><D105/><U98/><E21/><V107/><F107/><W49/><G110/><T134/><D117/><U108/><E108/><V51/><F31/><W94/><G127/><T96/><D74/><U28/><E28/><V13/><F113/><W56/><G119/><T87/><D33/><U39/><E39/><V44/><F38/><W22/><REACH who="3" step="1"/><G35/><REACH who="3" ten="259,273,234,224" step="2"/><T130/><D4/><N who="1" m="3399" /><E45/><V126/><F44/><W5/><G5/><T6/><D6/><U12/><E12/><V63/><F13/><W109/><G109/><T41/><D41/><U23/><E23/><V26/><F43/><W89/><G89/><T77/><D134/><U11/><E11/><V122/><F90/><W112/><G112/><T102/><D88/><U80/><E79/><V82/><F40/><W1/><G1/><T19/><D77/><U72/><E100/><V30/><F37/><W65/><G65/><T70/><D102/><U3/><E3/><V118/><F118/><W27/><G27/><T123/><D24/><U34/><E34/><V76/><F26/><W120/><G120/><T115/><D123/><U47/><E64/><V103/><F76/><W2/><G2/><T128/><D15/><U58/><E67/><V81/><F103/><W32/><G32/><RYUUKYOKU ba="0,1" sc="259,-10,273,-10,234,-10,224,30" hai3="16,22,25,49,55,56,60,61,62,91,94,129,131" /><INIT seed="2,1,1,5,5,33" ten="249,263,224,254" oya="2" hai0="8,31,46,15,7,43,90,28,12,100,68,51,52" hai1="22,89,2,61,99,101,67,132,125,71,69,79,84" hai2="118,4,63,36,18,23,91,95,13,73,29,126,104" hai3="127,32,97,50,102,58,37,109,64,111,48,42,19"/><V24/><F118/><W54/><G32/><T5/><D68/><U94/><E125/><V55/><F104/><W26/><G127/><T66/><D100/><U78/><E132/><V116/><F116/><W11/><G64/><T87/><D66/><U17/><E69/><V82/><F36/><W60/><G37/><T57/><D15/><U3/><E79/><V121/><F121/><W34/><G42/><T41/><D5/><U115/><E78/><V131/><F126/><W70/><G11/><T85/><D85/><U93/><REACH who="1" step="1"/><E115/><REACH who="1" ten="249,253,224,254" step="2"/><V65/><F73/><W96/><G70/><T130/><D130/><U122/><E122/><V128/><F131/><W21/><G109/><T40/><REACH who="0" step="1"/><D46/><REACH who="0" ten="239,253,224,254" step="2"/><U0/><E0/><V25/><F128/><W38/><G111/><T133/><D133/><U44/><E44/><V62/><F13/><AGARI ba="1,3" hai="2,3,13,17,22,61,67,71,84,89,93,94,99,101" machi="13" ten="30,7700,0" yaku="1,1,7,1,52,2,53,0" doraHai="33" doraHaiUra="6" who="1" fromWho="2" sc="239,0,253,110,224,-80,254,0" /><INIT seed="3,0,0,4,2,12" ten="239,363,144,254" oya="3" hai0="88,0,5,52,96,45,81,27,130,79,37,21,89" hai1="40,87,95,125,106,119,131,51,41,48,126,35,36" hai2="20,29,75,113,43,6,18,7,101,50,76,13,46" hai3="59,49,83,2,135,110,32,116,10,74,102,53,80"/><W103/><G116/><T16/><D130/><U71/><E106/><V77/><F113/><W28/><G135/><T70/><D70/><U23/><E35/><V26/><F101/><W55/><G110/><T67/><D67/><U11/><E71/><V128/><F128/><W99/><G103/><T86/><D96/><U127/><E131/><V108/><F108/><W9/><G74/><T82/><D81/><U44/><E119/><V1/><F75/><W30/><G32/><T58/><D5/><U69/><E69/><V114/><F114/><W100/><G2/><T73/><D0/><U57/><E11/><V22/><REACH who="2" step="1"/><F1/><REACH who="2" ten="239,363,134,254" step="2"/><W93/><G102/><T72/><D72/><U105/><E126/><V91/><F91/><W133/><G133/><T122/><D73/><U104/><E125/><V132/><F132/><W120/><G120/><T17/><D122/><U78/><E127/><V19/><F19/><W62/><G30/><T65/><D17/><U98/><E104/><V60/><F60/><W61/><G62/><T56/><D89/><U117/><E105/><V33/><F33/><W15/><G28/><T134/><D134/><U39/><E117/><V124/><F124/><W111/><G111/><T112/><D112/><U64/><E78/><AGARI ba="0,1" hai="6,7,13,18,20,22,26,29,43,46,50,76,77,78" machi="78" ten="40,5200,0" yaku="1,1,8,1,52,1,53,0" doraHai="12" doraHaiUra="68" who="2" fromWho="1" sc="239,0,363,-52,134,62,254,0" /><INIT seed="4,0,0,3,3,65" ten="239,311,196,254" oya="0" hai0="116,21,4,31,79,96,51,101,94,109,5,126,60" hai1="97,68,37,128,61,92,26,57,69,89,27,102,23" hai2="43,29,25,100,0,112,58,10,71,42,88,19,2" hai3="34,106,50,95,129,28,117,62,39,63,93,47,64"/><T78/><D116/><U36/><E128/><V67/><F112/><W119/><G106/><T82/><D126/><U9/><E9/><V35/><F100/><W24/><G39/><T41/><D109/><U118/><E118/><V107/><F107/><W44/><G129/><T125/><D125/><U77/><E77/><N who="0" m="29193" /><D82/><U56/><E56/><V72/><F72/><W70/><G62/><T84/><D84/><U55/><E26/><V13/><F0/><W75/><G75/><T113/><D113/><U33/><E33/><V20/><F58/><W38/><G38/><N who="1" m="14954" /><E102/><V52/><F52/><W3/><G3/><T30/><D60/><U40/><E40/><V11/><F11/><W15/><G47/><N who="0" m="26095" /><D21/><U99/><E99/><V121/><F121/><W86/><G86/><T53/><D53/><U12/><E12/><V49/><F49/><W104/><G15/><T85/><D85/><U123/><E123/><V98/><F67/><W81/><G104/><T124/><D124/><U46/><E46/><V1/><F71/><W111/><G111/><T17/><D17/><AGARI ba="0,0" hai="17,23,27,55,57,61,68,69,89,92,97" m="14954" machi="17" ten="30,3900,0" yaku="25,1,52,2" doraHai="65" who="1" fromWho="0" sc="239,-39,311,39,196,0,254,0" /><INIT seed="5,0,0,2,0,96" ten="200,350,196,254" oya="1" hai0="18,119,116,19,7,97,79,93,130,124,31,77,67" hai1="45,133,125,113,64,29,15,39,81,38,70,17,30" hai2="75,23,132,107,13,37,98,106,105,56,33,20,25" hai3="40,115,111,48,2,128,55,47,83,1,74,53,102"/><U11/><E113/><V24/><F37/><W135/><G111/><T57/><D124/><U82/><E125/><V78/><F132/><W66/><G135/><T65/><D130/><U51/><E133/><V71/><F71/><W43/><G43/><T129/><D129/><U28/><E70/><V63/><F33/><W61/><G115/><T69/><D69/><U95/><E64/><N who="0" m="24649" /><D7/><U99/><E38/><V108/><F108/><W114/><G114/><T12/><D31/><U54/><REACH who="1" step="1"/><E39/><REACH who="1" ten="200,340,196,254" step="2"/><V62/><F105/><W46/><G128/><T21/><D119/><U80/><E80/><V104/><F107/><W101/><G83/><T86/><D116/><U134/><E134/><V109/><F106/><W122/><G122/><T3/><D3/><U26/><E26/><V32/><F104/><W6/><G2/><T89/><D57/><U4/><E4/><V123/><F24/><W9/><G6/><T72/><D72/><U60/><E60/><V127/><F25/><W118/><G74/><T103/><D19/><U10/><E10/><V112/><F75/><W42/><G9/><T121/><D121/><U92/><E92/><AGARI ba="0,1" hai="12,18,21,77,79,86,89,92,93,97,103" m="24649" machi="92" ten="30,2000,0" yaku="8,1,52,1" doraHai="96" who="0" fromWho="1" sc="200,30,340,-20,196,0,254,0" /><INIT seed="6,0,0,1,0,122" ten="230,320,196,254" oya="2" hai0="30,82,79,21,35,120,40,99,18,105,104,78,96" hai1="128,64,113,51,52,19,29,46,43,69,50,60,134" hai2="67,56,81,114,103,135,41,32,53,36,12,94,124" hai3="42,131,77,38,11,107,0,90,34,10,129,93,14"/><V133/><F32/><W5/><G107/><T9/><D35/><U75/><E75/><V72/><F114/><W71/><G34/><T16/><D40/><U57/><E113/><V37/><F124/><W127/><G127/><T86/><D120/><U92/><E128/><N who="3" m="49226" /><G71/><T24/><D79/><U25/><E19/><V15/><F67/><W59/><G77/><T28/><D105/><U85/><E134/><N who="2" m="51211" /><F41/><W66/><G42/><T61/><D61/><U110/><E69/><V13/><F72/><W31/><G31/><N who="0" m="11819" /><D104/><U109/><E64/><V7/><F81/><W62/><G38/><N who="2" m="14953" /><F7/><W44/><G44/><T121/><D121/><U33/><E46/><V68/><F68/><W73/><G73/><T119/><D119/><U123/><E43/><V116/><F116/><W102/><G59/><T17/><D17/><U54/><E57/><V87/><F87/><W89/><G66/><T45/><D45/><U58/><E58/><V100/><F94/><W111/><G62/><AGARI ba="0,0" hai="12,13,15,53,56,62,100,103" m="14953,51211" machi="62" ten="40,2000,0" yaku="20,1" doraHai="122" who="2" fromWho="3" sc="230,0,320,0,196,20,254,-20" /><INIT seed="6,1,0,2,3,94" ten="230,320,216,234" oya="2" hai0="49,37,87,25,35,3,132,77,84,51,36,59,29" hai1="26,128,60,31,7,134,114,105,43,53,93,98,66" hai2="79,130,58,90,30,27,73,18,38,12,41,28,91" hai3="119,129,113,11,71,39,62,121,110,19,47,74,111"/><V68/><F68/><W107/><RYUUKYOKU type="yao9" ba="1,0" sc="230,0,320,0,216,0,234,0" hai3="11,19,39,47,62,71,74,107,110,111,113,119,121,129" /><INIT seed="6,2,0,4,4,111" ten="230,320,216,234" oya="2" hai0="109,10,76,79,42,113,96,57,30,49,38,95,133" hai1="86,14,107,68,97,92,16,61,3,8,24,83,64" hai2="101,21,15,122,5,128,65,52,23,135,74,58,131" hai3="62,100,73,114,91,87,75,72,54,12,103,77,1"/><V110/><F122/><W85/><G1/><T106/><D109/><U116/><E107/><V121/><F121/><W20/><G20/><T43/><D106/><U67/><E3/><V4/><F110/><W60/><G12/><T104/><D104/><U46/><E116/><V2/><F2/><W89/><G54/><N who="0" m="31951" /><D38/><U50/><E24/><V53/><F74/><W70/><G70/><T35/><D35/><U132/><E132/><V47/><F135/><W28/><G28/><T7/><D30/><U40/><E61/><N who="3" m="23658" /><G77/><N who="0" m="29771" /><D113/><U99/><E68/><V63/><F101/><N who="3" m="38987" /><G114/><T112/><D112/><U129/><E129/><N who="2" m="49739" /><F23/><W9/><G9/><T22/><D22/><U31/><E31/><V48/><F65/><N who="1" m="25161" /><E92/><V55/><F55/><W94/><G94/><T11/><D133/><U25/><E25/><V124/><F124/><W93/><G93/><T34/><D34/><U13/><E13/><V120/><F120/><W102/><G102/><N who="0" m="60703" /><D7/><U26/><E26/><V44/><F44/><W17/><G17/><AGARI ba="2,0" hai="4,5,15,17,21,47,48,52,53,58,63" m="49739" machi="17" ten="30,2900,0" yaku="19,1,54,1" doraHai="111" who="2" fromWho="3" sc="230,0,320,0,216,35,234,-35" /><INIT seed="6,3,0,3,4,125" ten="230,320,251,199" oya="2" hai0="91,103,56,5,75,12,88,128,74,40,51,57,37" hai1="116,108,83,82,120,26,124,6,109,30,99,50,121" hai2="21,80,52,113,59,66,126,15,71,78,87,0,86" hai3="1,22,96,118,117,43,73,93,72,115,20,41,70"/><V45/><F0/><W46/><G70/><T61/><D37/><U9/><E116/><V69/><F113/><W85/><G1/><T47/><D103/><U19/><E19/><N who="2" m="10495" /><F71/><W77/><G115/><T7/><D128/><U2/><E124/><V95/><F69/><W53/><G53/><N who="0" m="33967" /><D75/><U60/><E60/><N who="2" m="38175" /><F126/><W133/><G133/><T104/><D104/><U44/><E120/><V127/><F127/><W13/><G13/><T94/><D74/><U90/><E121/><V106/><F106/><W102/><G73/><T134/><D134/><U31/><E109/><V35/><F35/><W67/><G72/><T123/><D123/><U16/><E108/><V48/><F87/><W81/><G67/><T54/><D12/><U92/><E2/><V131/><F131/><W27/><G43/><T89/><D94/><AGARI ba="3,0" hai="45,48,52,78,80,86,94,95" m="38175,10495" machi="94" ten="30,2900,0" yaku="8,1,54,1" doraHai="125" who="2" fromWho="0" sc="230,-38,320,0,251,38,199,0" /><INIT seed="6,4,0,2,5,33" ten="192,320,289,199" oya="2" hai0="84,49,129,58,124,120,14,107,123,23,68,96,134" hai1="7,30,83,45,34,127,11,80,128,112,115,125,92" hai2="63,15,54,27,46,50,31,66,17,99,48,51,132" hai3="82,121,43,119,42,135,122,74,67,78,57,25,6"/><V72/><F72/><W9/><G119/><T19/><D68/><U5/><E128/><V28/><F132/><W2/><G135/><T64/><D134/><U20/><E34/><V0/><F0/><W44/><G43/><T93/><D129/><U126/><E92/><V89/><F89/><W102/><G102/><T117/><D124/><U53/><E30/><N who="2" m="11307" /><F99/><W131/><G131/><T76/><D117/><U12/><E20/><N who="2" m="13711" /><F15/><W65/><G25/><T133/><D133/><U106/><E5/><V24/><F24/><W109/><G109/><T55/><D64/><U56/><E45/><V59/><AGARI ba="4,0" hai="46,48,50,51,54,59,63,66" m="13711,11307" machi="59" ten="30,1500,0" yaku="8,1" doraHai="33" who="2" fromWho="2" sc="192,-9,320,-9,289,27,199,-9" /><INIT seed="6,5,0,5,1,57" ten="183,311,316,190" oya="2" hai0="129,113,101,44,24,108,84,66,87,51,45,54,58" hai1="112,74,110,126,77,117,43,49,131,119,114,116,52" hai2="10,124,46,109,105,26,15,48,56,55,1,68,83" hai3="21,31,75,38,39,125,120,67,60,22,135,7,106"/><V69/><F1/><W3/><G106/><T47/><D108/><U93/><E110/><V76/><F109/><W80/><G120/><T17/><D113/><N who="1" m="43627" /><E131/><V29/><F105/><W11/><G125/><T128/><D101/><U82/><E126/><V85/><F124/><W32/><G135/><T23/><REACH who="0" step="1"/><D66/><REACH who="0" ten="173,311,316,190" step="2"/><U100/><E100/><V25/><F46/><W14/><G3/><T91/><D91/><U28/><E116/><V5/><REACH who="2" step="1"/><F26/><REACH who="2" ten="173,311,306,190" step="2"/><W40/><G40/><T64/><D64/><U89/><E43/><V73/><F73/><W41/><G41/><T63/><D63/><U123/><E123/><V72/><F72/><W133/><G133/><T98/><D98/><U107/><E117/><V18/><F18/><W111/><G111/><T6/><D6/><U50/><E119/><V79/><F79/><W95/><G75/><T37/><D37/><U97/><E74/><V35/><AGARI ba="5,2" hai="5,10,15,25,29,35,48,55,56,68,69,76,83,85" machi="35" ten="20,3900,0" yaku="1,1,0,1,7,1,53,0" doraHai="57" doraHaiUra="132" who="2" fromWho="2" sc="173,-18,311,-18,306,74,190,-18" /><INIT seed="6,6,0,2,5,76" ten="155,293,380,172" oya="2" hai0="111,97,70,10,55,60,109,35,100,98,17,31,79" hai1="90,22,92,88,7,95,47,29,65,58,53,24,118" hai2="135,1,12,86,116,89,44,131,62,114,94,125,64" hai3="9,96,63,133,57,2,91,102,129,103,81,74,99"/><V16/><F1/><W21/><G129/><T71/><D79/><U3/><E118/><V18/><F116/><W42/><G133/><T82/><D35/><U75/><E75/><V46/><F135/><W52/><G42/><T78/><D31/><U120/><E120/><V45/><F131/><W19/><G2/><T69/><D98/><N who="3" m="37417" /><G9/><T84/><D55/><U5/><E3/><V51/><F114/><W67/><G74/><T108/><D10/><U15/><E65/><V38/><F38/><W8/><G8/><T61/><REACH who="0" step="1"/><D17/><REACH who="0" ten="145,293,380,172" step="2"/><U119/><E29/><V34/><F34/><W56/><G19/><T121/><D121/><U117/><E117/><V43/><F18/><W13/><G21/><T4/><D4/><U127/><E119/><V54/><F54/><W93/><G13/><T134/><D134/><U128/><E15/><V66/><F16/><W105/><G105/><AGARI ba="6,1" hai="60,61,69,70,71,78,82,84,97,100,105,108,109,111" machi="105" ten="50,3200,0" yaku="1,1,52,1,53,0" doraHai="76" doraHaiUra="50" who="0" fromWho="3" sc="145,60,293,0,380,0,172,-50" /><INIT seed="7,0,0,1,2,95" ten="205,293,380,122" oya="3" hai0="133,62,30,60,71,135,58,132,48,39,51,121,19" hai1="11,54,29,70,107,23,33,26,116,61,73,78,64" hai2="27,106,44,108,96,46,28,40,52,124,92,84,131" hai3="114,10,77,82,18,38,12,53,119,24,91,2,98"/><W88/><G38/><T56/><D30/><U128/><E128/><V112/><F108/><W118/><G114/><T72/><D72/><U134/><E134/><V115/><F124/><W120/><G120/><T9/><D39/><U110/><E110/><V122/><F131/><W80/><G2/><T79/><D79/><U65/><E65/><V129/><F129/><W67/><G67/><N who="0" m="39303" /><D121/><U86/><E86/><V89/><F106/><W111/><G111/><T83/><D83/><U57/><E107/><V63/><F122/><W126/><G126/><T103/><D103/><U1/><E33/><V85/><F112/><W32/><G32/><T21/><D9/><U47/><E70/><V25/><F25/><W66/><G66/><N who="0" m="39255" /><D71/><U20/><E11/><V93/><F93/><W101/><G24/><AGARI ba="0,0" hai="19,21,24,48,51,132,133,135" m="39255,39303" machi="24" ten="30,1000,0" yaku="20,1" doraHai="95" who="0" fromWho="3" sc="205,10,293,0,380,0,122,-10" owari="215,-18.0,293,9.0,380,48.0,112,-39.0" /></mjloggm>