<mjloggm ver="2.3"><GO type="169" lobby="0"/><UN n0="%E5%8D%97%E6%A5%B5%E3%83%80%E3%83%B3%E3%82%B5%E3%83%BC" n1="%E3%83%96%E3%83%AB%E3%83%96%E3%83%AB%E3%83%8F%E3%83%BC%E3%83%84" n2="%E5%B0%B1%E6%B4%BB%E7%94%9F%40%E5%B7%9D%E6%9D%91%E8%BB%8D%E5%9B%A3" n3="%E8%B3%A2%E8%80%85%E3%81%AC%E3%81%93" dan="16,17,17,16" rate="2083.82,2196.02,2210.94,2114.81" sx="M,M,M,F"/><TAIKYOKU oya="0"/><INIT seed="0,0,0,5,4,8" ten="250,250,250,250" oya="0" hai0="80,37,46,26,129,45,100,115,133,79,32,33,49" hai1="96,126,104,112,70,3,20,59,65,27,121,54,64" hai2="67,4,90,13,130,0,43,75,60,55,30,18,53" hai3="117,41,15,125,47,82,58,76,36,63,120,110,95"/><T40/><D115/><U68/><E3/><V94/><F75/><W119/><G110/><T38/><D100/><U52/><E121/><V78/><F78/><W12/><G125/><T56/><D129/><U114/><E126/><V83/><F83/><W61/><G120/><T17/><D133/><U98/><E27/><V11/><F43/><W91/><G117/><T73/><D56/><U103/><E20/><V42/><F42/><W107/><G107/><T14/><D26/><U50/><E96/><V102/><F30/><W97/><G119/><T28/><D28/><U51/><E65/><V89/><F102/><W71/><G71/><T81/><D81/><U116/><E116/><V118/><F130/><W62/><REACH who="3" step="1"/><G58/><REACH who="3" ten="250,250,250,240" step="2"/><T123/><D123/><U39/><E68/><V9/><F118/><W132/><G132/><T101/><D38/><U1/><E39/><V29/><F29/><W131/><G131/><T6/><D101/><U87/><E70/><V22/><F90/><W24/><G24/><T2/><D2/><U93/><E1/><V99/><F22/><W66/><G66/><T74/><D74/><AGARI ba="0,1" hai="12,15,36,41,47,61,62,63,74,76,82,91,95,97" machi="74" ten="40,5200,0" yaku="1,1,52,2,53,0" doraHai="8" doraHaiUra="35" who="3" fromWho="0" sc="250,-52,250,0,250,0,240,62" /><INIT seed="1,0,0,3,1,84" ten="198,250,250,302" oya="1" hai0="116,25,68,82,52,7,97,13,71,87,135,47,6" hai1="101,56,12,24,90,69,126,70,98,112,34,104,66" hai2="43,79,27,96,20,61,51,10,8,131,94,86,130" hai3="35,119,37,103,50,39,95,111,36,129,59,5,80"/><U125/><E112/><V11/><F61/><W18/><G35/><T16/><D116/><U72/><E72/><V40/><F79/><W54/><G111/><T60/><D97/><U55/><E12/><V19/><F86/><W106/><G106/><T21/><D135/><U2/><E2/><V32/><F32/><W38/><G5/><N who="0" m="1547" /><D68/><U63/><E90/><V26/><F26/><W113/><G39/><T17/><D71/><U132/><E132/><V3/><F3/><W110/><G129/><N who="2" m="49161" /><F51/><W108/><G113/><T14/><D17/><U117/><E117/><V58/><F58/><W133/><G133/><T128/><D128/><U46/><E46/><V23/><F20/><W74/><G18/><T121/><D121/><U28/><REACH who="1" step="1"/><E70/><REACH who="1" ten="198,240,250,302" step="2"/><V64/><F64/><W49/><G119/><T33/><D47/><U15/><E15/><V29/><F40/><W75/><G74/><T62/><D13/><U44/><E44/><V115/><F43/><W123/><G75/><T99/><D14/><U77/><E77/><V85/><F115/><W67/><G110/><T102/><D33/><U105/><E105/><V89/><F8/><W134/><G108/><T22/><D102/><U118/><E118/><V81/><F10/><W57/><G103/><T78/><D22/><U65/><E65/><V41/><F41/><W1/><G67/><T45/><D99/><U48/><AGARI ba="0,1" hai="24,28,34,48,55,56,63,66,69,98,101,104,125,126" machi="48" ten="30,11700,0" yaku="1,1,0,1,25,2,53,0" doraHai="84" doraHaiUra="42" who="1" fromWho="1" sc="198,-39,240,127,250,-39,302,-39" /><INIT seed="1,1,0,4,2,12" ten="159,367,211,263" oya="1" hai0="99,68,103,31,73,1,60,78,122,15,123,17,81" hai1="135,18,76,77,48,43,58,16,21,22,47,128,39" hai2="118,108,25,85,94,51,67,41,104,23,38,55,95" hai3="52,127,113,124,40,132,35,82,83,90,56,106,98"/><U116/><E116/><V130/><F104/><W121/><G113/><T37/><D1/><U13/><E128/><V36/><F118/><W66/><G121/><N who="0" m="46091" /><D31/><U33/><E33/><V9/><F130/><W131/><G35/><T64/><D37/><U110/><E110/><V84/><F67/><W89/><G131/><T88/><D103/><U57/><E135/><V62/><F62/><W92/><G66/><T24/><D24/><N who="1" m="14375" /><E39/><V80/><F84/><W59/><G40/><T71/><D71/><U10/><E22/><V119/><F41/><W32/><G32/><T65/><D65/><U50/><E50/><V69/><F69/><W93/><G106/><T70/><D70/><U87/><E87/><V29/><F108/><W19/><G132/><T74/><D74/><U54/><E54/><V79/><F119/><W26/><G98/><T112/><D112/><U102/><E102/><V44/><F36/><W129/><G129/><T91/><D99/><U7/><E7/><V86/><F38/><W11/><G52/><T72/><D73/><U107/><E107/><V105/><F105/><W3/><G3/><T27/><D27/><U101/><E101/><V20/><F86/><W134/><G26/><T49/><D49/><U97/><E97/><V111/><F111/><W125/><G134/><T8/><AGARI ba="1,0" hai="8,15,17,60,64,68,72,78,81,88,91" m="46091" machi="8" ten="30,4000,0" yaku="13,1,52,1,54,1" doraHai="12" who="0" fromWho="0" sc="159,43,367,-21,211,-11,263,-11" /><INIT seed="2,0,0,0,0,133" ten="202,346,200,252" oya="2" hai0="13,81,58,77,124,41,42,7,117,116,23,94,113" hai1="21,37,26,54,20,112,127,71,1,36,59,65,27" hai2="128,74,22,8,100,119,111,31,92,134,69,96,12" hai3="95,61,46,25,130,51,122,104,73,97,32,39,10"/><V99/><F119/><N who="0" m="45642" /><D113/><U40/><E1/><V115/><F115/><W126/><G104/><T34/><D34/><U108/><E108/><V6/><F134/><W50/><G39/><T9/><D94/><U75/><E75/><V131/><F74/><W121/><G73/><N who="0" m="43183" /><D58/><U110/><E110/><V123/><F69/><W44/><G61/><T4/><D23/><U60/><E112/><V45/><F123/><W85/><G85/><T18/><D124/><U98/><E98/><V29/><F111/><W0/><G126/><T55/><D55/><U87/><E87/><V5/><F99/><W106/><G106/><T16/><D18/><U43/><E127/><V48/><F6/><AGARI ba="0,0" hai="4,6,7,9,13,16,41,42" m="43183,45642" machi="6" ten="30,2000,0" yaku="12,1,54,1" doraHai="133" who="0" fromWho="2" sc="202,20,346,0,200,-20,252,0" /><INIT seed="3,0,0,2,1,33" ten="222,346,180,252" oya="3" hai0="93,32,35,1,10,24,103,106,68,83,58,100,84" hai1="56,7,131,71,94,127,31,128,82,133,8,114,69" hai2="53,25,110,78,115,50,118,96,73,44,2,124,38" hai3="116,65,46,14,40,126,48,90,28,121,79,109,13"/><W20/><G116/><T63/><D68/><U22/><E114/><V30/><F118/><W42/><G121/><T88/><D106/><U75/><E94/><V0/><F115/><W11/><G126/><T86/><D32/><U15/><E127/><V64/><F124/><W60/><G79/><T21/><D35/><U37/><E37/><V41/><F110/><W92/><G109/><T6/><D84/><U104/><E104/><V18/><F18/><W72/><G72/><T123/><D83/><U74/><E56/><V55/><F64/><W67/><G42/><T70/><D70/><U113/><E133/><V77/><F96/><W36/><G36/><T51/><D51/><U80/><E80/><V125/><F125/><W62/><G62/><T122/><D122/><U3/><E75/><V102/><F102/><W91/><G60/><T87/><D87/><U54/><E54/><V47/><F55/><W89/><G92/><T81/><D93/><U112/><E69/><V9/><F9/><W101/><G101/><T5/><D5/><U17/><E71/><V97/><F97/><W61/><G61/><T117/><D117/><U76/><E31/><V134/><F134/><W119/><G119/><T23/><D123/><U111/><E111/><V95/><F95/><W107/><G107/><T130/><D103/><U4/><E4/><V98/><F98/><W16/><G28/><N who="0" m="17423" /><D100/><U99/><E99/><V19/><F19/><AGARI ba="0,0" hai="11,13,14,16,19,20,40,46,48,65,67,89,90,91" machi="19" ten="40,3900,0" yaku="8,1,54,1" doraHai="33" who="3" fromWho="2" sc="222,0,346,0,180,-39,252,39" /><INIT seed="3,1,0,0,5,67" ten="222,346,141,291" oya="3" hai0="134,9,43,78,98,1,83,47,48,75,2,19,114" hai1="49,129,105,133,7,45,30,6,59,89,117,21,99" hai2="123,94,36,22,125,80,111,8,46,122,34,61,27" hai3="13,65,106,95,0,10,120,69,72,132,32,128,4"/><W58/><G106/><T29/><D29/><U23/><E117/><V121/><F111/><W5/><G72/><T124/><D134/><U51/><E129/><V37/><F125/><W135/><G120/><T26/><D124/><U115/><E105/><V102/><F34/><W57/><G32/><T81/><D81/><U71/><E71/><V70/><F80/><W63/><G128/><T86/><D86/><U25/><E133/><N who="3" m="51274" /><G95/><T33/><D98/><U87/><E99/><N who="2" m="59767" /><F8/><AGARI ba="1,0" hai="0,4,5,8,10,13,57,58,63,65,69" m="51274" machi="8" ten="30,2900,0" yaku="20,1,52,1" doraHai="67" who="3" fromWho="2" sc="222,0,346,0,141,-32,291,32" /><INIT seed="3,2,0,1,0,128" ten="222,346,109,323" oya="3" hai0="67,105,106,114,11,64,35,18,129,76,71,70,4" hai1="126,123,73,85,20,75,49,7,131,19,36,29,52" hai2="110,54,3,65,108,40,74,124,24,118,41,103,101" hai3="113,42,48,66,98,107,127,97,89,62,133,96,27"/><W45/><G113/><T38/><D114/><U43/><E123/><V12/><F74/><W17/><G127/><T111/><D18/><U88/><E131/><V116/><F3/><W39/><G89/><T82/><D129/><U33/><E7/><V132/><F124/><W13/><G27/><T1/><D67/><U102/><E126/><V56/><F24/><W68/><G39/><T47/><D35/><U135/><E29/><V83/><F83/><W60/><G60/><N who="0" m="40199" /><D71/><U122/><E43/><N who="2" m="16459" /><F12/><W95/><G95/><T30/><D30/><U69/><E102/><N who="2" m="38923" /><F65/><W9/><REACH who="3" step="1"/><G107/><REACH who="3" ten="222,346,109,313" step="2"/><T94/><D94/><N who="1" m="54543" /><E36/><V46/><F116/><W72/><G72/><N who="0" m="43271" /><D111/><U77/><E73/><V14/><F118/><W32/><G32/><T57/><D106/><U80/><E33/><V58/><F110/><W86/><G86/><T34/><D105/><U87/><E75/><V59/><F108/><W104/><G104/><T28/><D34/><U44/><E87/><V63/><F132/><AGARI ba="2,1" hai="9,13,17,42,45,48,62,66,68,96,97,98,132,133" machi="132" ten="40,12000,1" yaku="1,1,52,2,53,1" doraHai="128" doraHaiUra="10" who="3" fromWho="2" sc="222,0,346,0,109,-126,313,136" owari="222,-18.0,346,15.0,-17,-52.0,449,55.0" /></mjloggm>