<mjloggm ver="2.3"><GO type="169" lobby="0"/><UN n0="%73%61%6E%64%69%72%69%73" n1="%4A%75%6E%65%52%61%69%6E" n2="%E5%B0%B1%E6%B4%BB%E7%94%9F%40%E5%B7%9D%E6%9D%91%E8%BB%8D%E5%9B%A3" n3="%E3%82%84%E3%81%BE%E3%81%AA%E3%81%84%E9%9B%A8" dan="17,16,16,16" rate="2241.12,2104.29,2117.44,2080.69" sx="M,M,M,F"/><TAIKYOKU oya="0"/><INIT seed="0,0,0,1,5,88" ten="250,250,250,250" oya="0" hai0="79,49,121,125,104,1,70,43,105,100,7,19,135" hai1="89,6,124,21,130,32,80,61,55,9,44,40,73" hai2="112,54,114,39,103,46,71,5,28,8,29,115,91" hai3="59,98,82,26,111,118,126,66,77,113,97,27,87"/><T72/><D70/><U117/><E117/><V119/><F71/><W107/><G113/><T131/><D121/><U67/><E32/><V41/><F119/><W96/><G118/><T20/><D135/><U106/><E106/><V58/><F103/><W34/><G107/><T51/><D131/><U17/><E130/><V108/><F108/><W86/><G111/><T129/><D125/><U53/><E124/><V45/><F45/><W128/><G128/><T31/><D31/><U90/><E90/><V75/><F75/><W122/><G126/><T102/><D129/><U3/><E67/><V109/><F91/><W4/><G4/><T24/><D7/><U16/><E61/><V74/><F74/><W60/><G34/><T69/><D1/><U134/><E134/><V93/><F93/><W99/><G122/><T15/><D69/><U11/><E11/><V92/><F92/><W95/><REACH who="3" step="1"/><G87/><REACH who="3" ten="250,250,250,240" step="2"/><T52/><D104/><U76/><E89/><AGARI ba="0,1" hai="26,27,59,60,66,77,82,86,89,95,96,97,98,99" machi="89" ten="40,8000,1" yaku="1,1,2,1,8,1,52,1,53,1" doraHai="88" doraHaiUra="85" who="3" fromWho="1" sc="250,0,250,-80,250,0,240,90" /><INIT seed="1,0,0,3,2,54" ten="250,170,250,330" oya="1" hai0="15,113,75,85,26,89,112,42,29,115,41,53,83" hai1="98,103,12,71,84,8,51,17,132,23,28,87,31" hai2="133,111,86,62,73,107,14,44,4,135,58,67,78" hai3="93,6,60,105,97,96,82,37,106,68,56,122,91"/><U121/><E121/><V64/><F107/><W11/><G37/><T20/><D75/><U100/><E71/><V123/><F123/><W21/><G68/><T63/><REACH who="0" step="1"/><D15/><REACH who="0" ten="240,170,250,330" step="2"/><U125/><E132/><V25/><F14/><W94/><G122/><T47/><D47/><U76/><E125/><V74/><F44/><W124/><G124/><T116/><D116/><U9/><E12/><V7/><F133/><W101/><G82/><T90/><D90/><U127/><E127/><V55/><F135/><W30/><G11/><T45/><D45/><U104/><E8/><V0/><F0/><W120/><G120/><T16/><D16/><U128/><E9/><V48/><F74/><W99/><G6/><T39/><D39/><U46/><E17/><V50/><F73/><W22/><G30/><T36/><D36/><U13/><E46/><V126/><F126/><W110/><G110/><T33/><D33/><U34/><E13/><V61/><F111/><W43/><G43/><T114/><N who="0" m="28672" /><DORA hai="130" /><T38/><D38/><U95/><E34/><V5/><F5/><W129/><G129/><T57/><AGARI ba="0,1" hai="20,26,29,41,42,53,57,63,83,85,89" m="28672" machi="57" ten="60,8000,1" yaku="1,1,0,1,52,1,53,1" doraHai="54,130" doraHaiUra="79,3" who="0" fromWho="0" sc="240,90,170,-40,250,-20,330,-20" /><INIT seed="2,0,0,4,5,64" ten="330,130,230,310" oya="2" hai0="87,45,70,8,54,102,41,21,93,129,67,43,12" hai1="26,48,101,1,52,97,72,118,100,9,51,73,76" hai2="3,126,105,82,134,19,28,133,127,24,65,115,78" hai3="27,15,23,86,91,63,116,68,132,104,16,57,69"/><V74/><F115/><W60/><G116/><T5/><D129/><U108/><E118/><V128/><F3/><W123/><G104/><T111/><D111/><U85/><E108/><V77/><F77/><W2/><G2/><T99/><D21/><U18/><E85/><V25/><F105/><W114/><G123/><T7/><D7/><U84/><E84/><V33/><F65/><W55/><G132/><N who="2" m="50793" /><F24/><W0/><G0/><T30/><D30/><U46/><E51/><V40/><F40/><W98/><G63/><T47/><D87/><U89/><E89/><V103/><F103/><W22/><G114/><T61/><REACH who="0" step="1"/><D54/><REACH who="0" ten="320,130,230,310" step="2"/><U34/><E52/><V14/><F128/><W109/><G109/><T96/><D96/><U81/><E97/><V75/><F75/><W39/><G98/><T120/><D120/><U20/><E72/><V29/><F29/><W71/><G39/><T53/><D53/><U107/><E73/><V32/><F32/><W37/><G37/><T49/><D49/><U124/><E34/><V113/><F113/><W4/><G4/><T6/><D6/><U50/><E50/><V125/><F125/><W62/><G62/><T112/><D112/><U122/><E124/><V10/><AGARI ba="0,1" hai="10,14,19,25,28,33,74,78,82,126,127" m="50793" machi="10" ten="30,1500,0" yaku="20,1" doraHai="64" who="2" fromWho="2" sc="320,-5,130,-5,230,25,310,-5" /><INIT seed="2,1,0,1,5,125" ten="315,125,255,305" oya="2" hai0="56,33,92,129,126,13,69,108,54,59,81,90,110" hai1="0,117,34,78,26,55,122,99,36,124,3,64,114" hai2="102,66,24,15,109,61,58,10,105,17,43,82,85" hai3="49,93,37,106,50,5,86,23,131,95,19,80,135"/><V8/><F43/><W94/><G37/><T73/><D69/><U134/><E99/><V112/><F112/><W63/><G106/><T65/><D33/><U7/><E78/><V46/><F109/><N who="0" m="42090" /><D65/><U121/><E64/><V103/><F46/><W28/><G28/><T21/><D126/><U62/><E34/><V53/><F105/><W96/><G63/><T38/><D38/><U25/><E62/><V74/><F74/><W11/><G96/><T87/><D129/><U45/><E36/><V120/><F120/><W128/><G135/><T91/><D13/><U67/><E67/><V51/><F24/><N who="3" m="14463" /><G11/><T107/><D21/><U89/><E134/><V116/><F10/><W6/><G6/><T79/><D107/><U57/><E124/><V4/><F4/><W29/><G29/><T44/><D91/><U12/><E89/><V75/><F75/><W48/><G5/><T42/><D42/><U2/><E7/><V30/><F30/><W83/><G86/><T47/><D59/><U20/><E57/><N who="2" m="37167" /><F116/><W104/><G104/><T31/><D31/><U100/><E117/><V52/><F53/><W88/><G88/><AGARI ba="1,0" hai="8,15,17,51,52,58,82,85,88,102,103" m="37167" machi="88" ten="30,5800,0" yaku="8,1,54,2" doraHai="125" who="2" fromWho="3" sc="315,0,125,0,255,61,305,-61" /><INIT seed="2,2,0,4,5,44" ten="315,125,316,244" oya="2" hai0="63,43,46,60,116,118,97,35,88,30,92,22,123" hai1="55,42,79,10,115,26,58,34,57,39,91,49,101" hai2="67,59,127,13,87,2,133,90,71,112,69,102,28" hai3="33,131,117,3,84,52,125,23,135,65,21,11,53"/><V51/><F2/><W32/><G117/><N who="0" m="45163" /><D35/><U82/><E115/><V78/><F112/><W95/><G65/><T16/><D30/><U107/><E91/><V77/><F127/><W122/><G122/><T109/><D109/><U9/><E58/><V54/><F133/><W134/><G125/><T0/><D0/><U100/><E34/><N who="3" m="13418" /><G84/><T1/><D1/><U83/><E26/><V76/><F102/><W7/><G95/><T4/><D4/><U66/><E66/><V103/><F103/><W25/><G131/><T40/><D123/><U130/><E130/><V113/><F113/><W62/><G62/><N who="0" m="23595" /><D46/><U47/><E101/><V104/><F104/><W17/><G53/><T8/><D8/><U85/><REACH who="1" step="1"/><E82/><REACH who="1" ten="315,115,316,244" step="2"/><V106/><F67/><W114/><G114/><T64/><D64/><U119/><E119/><V36/><F71/><W27/><G134/><T61/><D61/><U129/><E129/><V68/><F69/><W80/><G80/><T12/><AGARI ba="2,1" hai="12,16,22,40,43,88,92,97" m="23595,45163" machi="12" ten="30,4000,0" yaku="12,1,54,2" doraHai="44" who="0" fromWho="0" sc="315,56,115,-12,316,-22,244,-12" /><INIT seed="3,0,0,2,1,87" ten="371,103,294,232" oya="3" hai0="83,127,126,75,88,112,113,36,90,105,108,111,14" hai1="60,80,22,53,110,15,63,134,8,120,121,99,66" hai2="123,18,20,54,41,65,98,49,103,29,35,94,71" hai3="106,69,25,59,10,102,50,13,52,116,24,114,86"/><W40/><G116/><T93/><D36/><U64/><E110/><N who="0" m="42025" /><D105/><U11/><E134/><V82/><F123/><W21/><G69/><T1/><D1/><U89/><E22/><V58/><F41/><W16/><G114/><N who="0" m="44139" /><D14/><U55/><E15/><V0/><F0/><W61/><G106/><T74/><D93/><U109/><E109/><V37/><F37/><W97/><G40/><T84/><D90/><U31/><E80/><V72/><F65/><W51/><G25/><T30/><D30/><U43/><E43/><V46/><F71/><W34/><G34/><T78/><D78/><U133/><E133/><V91/><F29/><W125/><G125/><AGARI ba="0,0" hai="74,75,83,84,88,125,126,127" m="44139,42025" machi="125" ten="40,12000,2" yaku="18,1,14,1,11,1,34,2,52,1,54,1" doraHai="87" who="0" fromWho="3" sc="371,120,103,0,294,0,232,-120" /><INIT seed="4,0,0,0,4,25" ten="491,103,294,112" oya="0" hai0="133,51,111,0,53,121,59,57,125,22,80,113,19" hai1="129,115,99,28,29,41,26,75,103,101,119,48,35" hai2="45,135,21,23,102,64,90,61,46,100,76,70,82" hai3="87,44,56,112,27,10,132,7,114,32,9,17,117"/><T65/><D0/><U116/><E75/><V127/><F127/><W63/><G117/><T107/><D107/><U58/><E129/><V86/><F135/><W110/><G110/><T38/><D38/><U118/><E115/><V39/><F39/><W89/><G132/><T96/><D113/><N who="3" m="43625" /><G44/><T95/><D121/><U105/><E101/><V33/><F33/><W74/><G74/><T124/><D80/><U40/><E58/><V69/><F69/><W77/><G77/><T68/><D68/><U106/><E106/><V14/><F23/><N who="3" m="13807" /><G32/><T81/><D111/><U120/><E120/><V6/><F90/><W12/><G12/><T62/><D81/><U130/><E130/><V42/><F46/><W18/><G18/><T55/><D133/><U15/><E15/><V37/><F21/><W83/><G7/><T131/><D131/><U4/><E4/><V98/><F98/><W122/><G122/><T91/><REACH who="0" step="1"/><D65/><AGARI ba="0,0" hai="9,10,56,63,65,83,87,89" m="13807,43625" machi="65" ten="30,1000,0" yaku="15,1" doraHai="25" who="3" fromWho="0" sc="491,-10,103,0,294,0,112,10" /><INIT seed="5,0,0,5,4,28" ten="481,103,294,122" oya="1" hai0="44,31,124,98,5,129,125,108,135,51,11,118,87" hai1="68,29,66,96,107,14,12,104,132,0,86,133,22" hai2="126,91,32,62,4,18,50,97,73,17,122,63,1" hai3="71,41,53,111,56,69,99,74,24,64,90,106,37"/><U16/><E0/><V114/><F73/><W85/><G74/><T109/><D118/><U88/><E29/><V77/><F32/><W15/><G111/><T92/><D31/><U103/><E104/><V61/><F122/><W20/><G41/><T55/><D87/><U9/><E66/><V127/><F77/><W123/><G37/><T59/><D135/><N who="1" m="51787" /><E68/><V72/><F72/><W35/><G64/><T105/><D105/><U94/><E14/><V6/><F114/><W25/><G25/><T76/><D76/><U84/><E84/><V83/><F50/><W121/><G121/><T3/><D129/><U2/><E9/><V95/><F83/><W42/><G42/><T36/><D36/><U19/><E2/><V13/><F1/><W34/><G71/><T26/><D26/><U43/><E43/><V65/><F65/><W60/><G15/><T93/><D44/><U46/><E19/><N who="2" m="7179" /><F13/><W116/><G116/><T58/><D58/><U119/><E119/><V102/><F102/><W54/><G69/><T101/><REACH who="0" step="1"/><D93/><REACH who="0" ten="471,103,294,122" step="2"/><U128/><E128/><V131/><F131/><W7/><G123/><T112/><D112/><U120/><E120/><V8/><F95/><W117/><G117/><T30/><D30/><U47/><AGARI ba="0,1" hai="12,16,22,46,47,86,88,94,96,103,107" m="51787" machi="47" ten="30,6000,0" yaku="20,1,54,2" doraHai="28" who="1" fromWho="1" sc="471,-20,103,70,294,-20,122,-20" /><INIT seed="5,1,0,1,3,115" ten="451,173,274,102" oya="1" hai0="114,47,84,49,77,116,21,129,40,46,18,28,101" hai1="3,72,33,36,78,22,6,41,102,76,91,10,56" hai2="66,117,69,81,131,1,110,29,125,34,45,60,122" hai3="63,62,50,92,48,14,96,19,74,32,7,83,12"/><U82/><E33/><V65/><F1/><W42/><G32/><T59/><D116/><U35/><E35/><V104/><F104/><W99/><G74/><T57/><D114/><U113/><E113/><V89/><F110/><W106/><G106/><T17/><D129/><U51/><E78/><V68/><F29/><W87/><G7/><T111/><D111/><U107/><E22/><V108/><F108/><W75/><G75/><T26/><D101/><U103/><E91/><V54/><F34/><W70/><G70/><T13/><D47/><N who="1" m="23975" /><E107/><V67/><F89/><W38/><G38/><T30/><D30/><U52/><AGARI ba="1,0" hai="3,6,10,51,52,56,72,76,82,102,103" m="23975" machi="52" ten="30,3000,0" yaku="25,1,54,1" doraHai="115" who="1" fromWho="1" sc="451,-11,173,33,274,-11,102,-11" /><INIT seed="5,2,0,2,3,38" ten="440,206,263,91" oya="1" hai0="99,103,6,54,8,134,90,73,118,2,61,131,125" hai1="95,7,57,135,5,22,71,130,15,3,59,96,132" hai2="34,106,1,127,65,87,62,122,88,101,85,58,74" hai3="69,41,79,43,116,102,70,120,52,111,128,78,64"/><U113/><E71/><V68/><F122/><W9/><G111/><T47/><D118/><U44/><E113/><V63/><F1/><W82/><G120/><T26/><D73/><U75/><E75/><V49/><F34/><W112/><G102/><T89/><D125/><U19/><E130/><V18/><F74/><W133/><G128/><T93/><D131/><U123/><E123/><V92/><F127/><W45/><G64/><T53/><D134/><N who="1" m="51243" /><E44/><V119/><F119/><W84/><G133/><T98/><D26/><U104/><E104/><V121/><F121/><W105/><G105/><T31/><D31/><U17/><E17/><V42/><F85/><W91/><G112/><T83/><D83/><U25/><E3/><V14/><F106/><W115/><G115/><T67/><D47/><U48/><E48/><V27/><F27/><W37/><G70/><T4/><D4/><N who="1" m="1611" /><E25/><V35/><F35/><W81/><G69/><T50/><D50/><U126/><E126/><V16/><F101/><AGARI ba="2,0" hai="15,19,22,57,59,95,96,101" m="1611,51243" machi="101" ten="30,1500,0" yaku="20,1" doraHai="38" who="1" fromWho="2" sc="440,0,206,21,263,-21,91,0" /><INIT seed="5,3,0,1,1,46" ten="440,227,242,91" oya="1" hai0="82,18,116,54,44,106,29,84,99,4,77,85,117" hai1="33,91,100,63,75,113,13,67,68,20,103,9,98" hai2="78,50,42,35,21,105,15,70,126,80,90,17,132" hai3="71,28,127,39,118,22,79,10,16,125,7,26,86"/><U61/><E33/><V64/><F105/><W51/><G39/><T24/><D4/><U40/><E75/><V41/><F35/><W83/><G71/><T1/><D1/><U12/><E113/><V66/><F126/><W107/><G107/><T11/><D85/><U120/><E120/><V109/><F109/><W62/><G62/><T122/><D122/><U23/><E40/><V49/><F78/><W124/><G118/><T123/><D123/><U95/><E63/><V25/><F25/><W53/><G28/><T94/><D106/><U31/><E13/><V19/><F70/><W121/><G121/><T59/><D44/><U5/><REACH who="1" step="1"/><E31/><REACH who="1" ten="440,217,242,91" step="2"/><V43/><F132/><W135/><G135/><T8/><D29/><U131/><E131/><V58/><F19/><W92/><G92/><T115/><D115/><U101/><AGARI ba="3,1" hai="5,9,12,20,23,61,67,68,91,95,98,100,101,103" machi="101" ten="30,6000,0" yaku="1,1,0,1,53,1" doraHai="46" doraHaiUra="93" who="1" fromWho="1" sc="440,-23,217,79,242,-23,91,-23" /><INIT seed="5,4,0,0,1,68" ten="417,296,219,68" oya="1" hai0="0,20,35,118,40,26,47,105,80,127,67,76,32" hai1="135,37,92,50,5,29,122,104,28,53,18,90,96" hai2="51,69,59,97,119,82,17,133,108,13,98,55,130" hai3="44,109,73,10,45,126,111,121,70,24,132,123,102"/><U31/><E122/><V107/><F108/><W129/><G24/><T49/><D0/><U113/><E113/><V39/><F119/><W16/><G102/><T52/><D105/><U95/><E135/><V93/><F69/><W7/><G7/><T56/><D118/><U112/><E112/><V100/><F133/><W101/><G101/><T36/><D127/><U64/><E104/><V65/><F130/><W12/><G126/><T33/><D67/><U27/><E64/><V43/><F82/><W99/><G99/><T2/><D2/><U72/><E72/><V125/><F125/><W103/><G103/><T114/><D114/><U25/><E5/><V116/><F65/><W60/><G60/><T120/><D120/><U11/><E37/><V42/><F39/><W91/><G91/><T124/><D124/><U106/><E106/><V61/><F51/><W22/><G132/><T117/><D117/><U128/><E128/><V79/><F79/><W74/><G129/><T54/><D54/><U83/><E83/><V4/><F4/><W48/><G70/><T58/><D58/><N who="1" m="33079" /><E95/><V89/><F116/><W94/><G94/><T34/><D34/><U19/><E11/><AGARI ba="4,0" hai="11,13,17,42,43,55,59,61,89,93,97,98,100,107" machi="11" ten="30,1000,0" yaku="7,1" doraHai="68" who="2" fromWho="1" sc="417,0,296,-22,219,22,68,0" /><INIT seed="6,0,0,1,0,1" ten="417,274,241,68" oya="2" hai0="47,14,64,46,48,86,6,16,29,72,125,98,53" hai1="0,24,2,71,88,67,79,19,77,15,119,91,124" hai2="69,92,130,28,135,121,36,39,107,22,93,106,63" hai3="81,27,112,82,128,58,118,60,127,131,83,34,78"/><V105/><F121/><W87/><G118/><T5/><D72/><U122/><E119/><V54/><F130/><W31/><G127/><T70/><D125/><U50/><E124/><V4/><F135/><W68/><G68/><T55/><D29/><U109/><E109/><V38/><F4/><N who="0" m="1642" /><D70/><U32/><E122/><V111/><F111/><W51/><G51/><N who="0" m="28919" /><D64/><U52/><E67/><V73/><F73/><W35/><G35/><T74/><D74/><U13/><E71/><V101/><F101/><W65/><G112/><T99/><D86/><U114/><E114/><V66/><REACH who="2" step="1"/><F54/><REACH who="2" ten="417,274,231,68" step="2"/><W12/><G128/><T9/><AGARI ba="0,1" hai="9,14,16,47,48,55,98,99" m="28919,1642" machi="9" ten="30,8000,1" yaku="8,1,52,3,54,1" doraHai="1" who="0" fromWho="0" sc="417,90,274,-20,231,-40,68,-20" /><INIT seed="7,0,0,2,3,35" ten="507,254,191,48" oya="3" hai0="39,99,53,74,22,17,54,127,72,133,69,56,124" hai1="7,63,64,80,114,73,109,45,115,126,24,43,122" hai2="42,4,100,84,52,97,123,90,44,10,93,30,55" hai3="112,75,66,120,27,110,15,104,51,28,88,125,68"/><W70/><G120/><T12/><D69/><U132/><E122/><V25/><F123/><W2/><G125/><N who="0" m="48203" /><D39/><U118/><E126/><V50/><F30/><W94/><G75/><N who="0" m="28715" /><D133/><U16/><E132/><V77/><F25/><W8/><G104/><T71/><D71/><U20/><E109/><V102/><F102/><W31/><G31/><T11/><D99/><U82/><E118/><V79/><F79/><W57/><G110/><T128/><D128/><U0/><E73/><V13/><REACH who="2" step="1"/><F77/><REACH who="2" ten="507,254,181,48" step="2"/><W119/><G119/><T5/><D56/><N who="1" m="36967" /><E7/><V40/><F40/><W18/><G112/><N who="1" m="43050" /><E0/><AGARI ba="0,1" hai="0,5,11,12,17,22,53,54" m="28715,48203" machi="0" ten="30,2000,0" yaku="18,1,52,1" doraHai="35" who="0" fromWho="1" sc="507,30,254,-20,181,0,48,0" owari="537,64.0,234,3.0,181,-22.0,48,-45.0" /></mjloggm>