<mjloggm ver="2.3"><GO type="169" lobby="0"/><UN n0="%E6%B9%98%E5%8C%97%E2%91%AD%E4%B8%89%E4%BA%95%E5%AF%BF" n1="%63%75%72%65%74%61%70%65" n2="%E3%83%88%E3%83%88%E3%83%AA%E5%85%88%E7%94%9F%31%39%E6%AD%B3" n3="%68%61%73%65%33%32%38" dan="16,16,18,16" rate="2200.73,2118.96,2186.90,2111.96" sx="M,M,F,M"/><TAIKYOKU oya="0"/><INIT seed="0,0,0,2,1,34" ten="250,250,250,250" oya="0" hai0="13,6,80,62,108,10,54,51,41,94,89,27,25" hai1="29,96,91,126,4,42,121,122,130,56,93,87,8" hai2="15,81,84,5,9,107,50,23,2,43,112,106,38" hai3="14,52,111,24,36,17,64,133,88,3,98,30,60"/><T113/><D113/><U100/><E126/><V33/><F33/><W101/><G3/><T99/><D108/><U66/><E130/><V57/><F38/><W39/><G133/><T48/><D62/><U85/><E42/><V135/><F135/><W105/><G111/><T61/><D61/><U21/><E87/><V1/><F112/><W103/><G103/><T90/><D41/><U79/><E79/><N who="2" m="46143" /><F23/><W0/><G0/><N who="2" m="105" /><F57/><W82/><G82/><T35/><D35/><U46/><E46/><AGARI ba="0,0" hai="5,9,15,43,46,50,106,107" m="105,46143" machi="46" ten="30,7700,0" yaku="25,1,52,3" doraHai="34" who="2" fromWho="1" sc="250,0,250,-77,250,77,250,0" /><INIT seed="1,0,0,2,5,8" ten="250,173,327,250" oya="1" hai0="65,33,10,117,24,114,81,82,72,0,113,107,110" hai1="119,132,20,45,80,27,96,118,66,11,51,94,101" hai2="135,121,37,50,120,30,126,22,93,60,131,18,74" hai3="34,29,104,85,109,95,61,63,36,38,5,21,89"/><U108/><E132/><V23/><F37/><W1/><G104/><T91/><D117/><U76/><E108/><V64/><F74/><W32/><G109/><T67/><D110/><U6/><E66/><V47/><F131/><W40/><G34/><T124/><D107/><U25/><E25/><V130/><F130/><W39/><G32/><T83/><D72/><U48/><E48/><V112/><F135/><W98/><G40/><T79/><D79/><U3/><E80/><V106/><F106/><W128/><G128/><T115/><D91/><U75/><E75/><V84/><F126/><W26/><G1/><T43/><D43/><U125/><E76/><V86/><F112/><W105/><REACH who="3" step="1"/><G5/><REACH who="3" ten="250,173,327,240" step="2"/><T16/><D124/><U14/><E3/><V57/><F120/><W13/><G13/><T62/><D0/><U92/><E125/><V71/><F121/><W41/><G41/><T28/><REACH who="0" step="1"/><D62/><REACH who="0" ten="240,173,327,240" step="2"/><U116/><E119/><V68/><F60/><W4/><G4/><T53/><D53/><U103/><E116/><V52/><F52/><W73/><G73/><T58/><D58/><U54/><E118/><V12/><F57/><W42/><G42/><T69/><D69/><U59/><E59/><V87/><F68/><W122/><G122/><T102/><D102/><AGARI ba="0,2" hai="21,26,29,36,38,39,61,63,85,89,95,98,102,105" machi="102" ten="40,2600,0" yaku="1,1,53,1" doraHai="8" doraHaiUra="97" who="3" fromWho="0" sc="240,-26,173,0,327,0,240,46" /><INIT seed="2,0,0,5,5,108" ten="214,173,327,286" oya="2" hai0="51,4,118,1,15,60,48,19,115,70,122,106,39" hai1="86,27,78,102,10,8,65,73,87,83,71,14,28" hai2="36,96,119,133,30,72,113,82,50,67,68,29,57" hai3="49,37,109,64,61,32,44,124,54,110,99,53,6"/><V80/><F119/><W111/><G32/><T104/><D39/><U126/><E126/><V100/><F36/><W91/><G6/><T40/><D118/><U112/><E102/><V42/><F133/><W90/><G124/><T63/><D122/><U116/><E116/><V24/><F68/><W9/><G9/><T94/><D4/><U88/><E65/><V5/><F113/><W59/><G99/><T46/><D1/><U93/><E71/><V25/><F5/><W45/><G91/><T105/><D115/><U11/><E112/><V35/><F72/><W16/><G90/><T121/><D121/><U125/><E125/><V134/><F134/><W23/><G37/><T20/><D70/><U117/><E117/><V130/><F130/><W74/><G74/><T22/><D94/><U132/><E132/><V0/><F0/><W62/><G62/><T81/><D81/><U120/><E120/><V127/><F127/><W3/><G3/><T123/><D123/><U13/><REACH who="1" step="1"/><E73/><REACH who="1" ten="214,163,327,286" step="2"/><V31/><F67/><W66/><REACH who="3" step="1"/><G44/><REACH who="3" ten="214,163,327,276" step="2"/><T69/><D46/><U129/><E129/><V79/><F100/><W43/><G43/><T131/><D40/><U21/><AGARI ba="0,2" hai="8,10,11,13,14,21,27,28,78,83,86,87,88,93" machi="21" ten="30,8000,1" yaku="1,1,0,1,8,1,54,1,53,1" doraHai="108" doraHaiUra="89" who="1" fromWho="1" sc="214,-20,163,100,327,-40,276,-20" /><INIT seed="3,0,0,2,2,51" ten="194,263,287,256" oya="3" hai0="130,120,0,42,14,1,104,2,78,79,30,45,95" hai1="66,15,117,22,32,100,72,69,3,111,115,127,76" hai2="86,13,88,132,43,39,134,49,47,123,122,34,20" hai3="16,119,87,80,27,91,125,48,6,11,97,73,29"/><W67/><G119/><T108/><D104/><U135/><RYUUKYOKU type="yao9" ba="0,0" sc="194,0,263,0,287,0,256,0" hai1="3,15,22,32,66,69,72,76,100,111,115,117,127,135" /><INIT seed="3,1,0,4,5,25" ten="194,263,287,256" oya="3" hai0="7,48,41,40,70,44,20,73,35,76,31,47,126" hai1="23,117,82,49,54,101,130,91,127,38,74,21,18" hai2="34,6,112,113,84,123,97,96,72,32,107,46,78" hai3="121,80,105,93,104,43,131,5,81,50,22,37,102"/><W111/><G121/><T108/><D35/><U79/><E38/><V109/><F84/><W14/><G37/><T8/><D70/><U87/><E127/><V55/><F55/><W119/><G119/><T51/><D126/><U92/><E130/><V29/><F46/><W124/><G131/><T26/><D108/><U68/><E68/><V133/><F6/><W132/><G124/><T27/><D73/><U16/><E117/><V129/><F129/><W13/><G132/><T89/><D76/><U12/><E101/><V69/><F69/><W120/><G120/><T11/><D7/><U36/><E36/><V56/><F56/><W65/><G111/><T10/><D27/><U4/><E4/><V86/><F86/><W52/><G105/><T0/><D0/><U110/><E110/><V61/><F61/><W2/><G2/><T116/><D116/><U88/><E91/><AGARI ba="1,0" hai="8,10,11,20,26,31,40,41,44,47,48,51,89,91" machi="91" ten="40,5200,0" yaku="9,1,8,1,52,1" doraHai="25" who="0" fromWho="1" sc="194,55,263,-55,287,0,256,0" /><INIT seed="4,0,0,4,1,80" ten="249,208,287,256" oya="0" hai0="27,105,83,114,120,1,74,94,49,78,115,33,17" hai1="116,96,0,37,91,132,103,70,64,112,3,32,20" hai2="34,126,45,60,106,2,123,100,102,75,5,8,104" hai3="98,29,28,44,87,21,128,39,42,117,24,35,86"/><T118/><D105/><U79/><E116/><V129/><F123/><W68/><G117/><T53/><D1/><U97/><E32/><V18/><F75/><W95/><G128/><T77/><D118/><U47/><E132/><V54/><F129/><W66/><G35/><T26/><D78/><U131/><E131/><V23/><F34/><W30/><G68/><T50/><D120/><U67/><E112/><N who="0" m="43049" /><D33/><U48/><E37/><V81/><F126/><W110/><G110/><T19/><D94/><U73/><E70/><V38/><F81/><W46/><G66/><T108/><D108/><U52/><E79/><V36/><F104/><W124/><G124/><T130/><D130/><U40/><E73/><V133/><F133/><W7/><G7/><T43/><D43/><U65/><E40/><V12/><F106/><W127/><G127/><T113/><N who="0" m="43057" /><T31/><DORA hai="125" /><D50/><U111/><E111/><V121/><F121/><W9/><G9/><T82/><D82/><U71/><E71/><V134/><F134/><W58/><G58/><N who="0" m="33071" /><D31/><U90/><E20/><V22/><F22/><W4/><G42/><T61/><D61/><U63/><E63/><V69/><F45/><W101/><G39/><T85/><D74/><U55/><E3/><V62/><F62/><W72/><G72/><T57/><D57/><U135/><E0/><V107/><F107/><W10/><G46/><T119/><D119/><U11/><E135/><V16/><F38/><W99/><G44/><T13/><D13/><U84/><E47/><V25/><F36/><W92/><G30/><T41/><D41/><RYUUKYOKU ba="0,0" sc="249,30,208,-10,287,-10,256,-10" hai0="17,19,26,27,77,83,85" /><INIT seed="4,1,0,3,1,9" ten="279,198,277,246" oya="0" hai0="111,43,88,62,4,100,66,121,26,122,98,34,11" hai1="76,96,93,5,74,24,79,55,125,13,15,113,118" hai2="31,48,28,59,70,73,21,128,23,85,131,46,54" hai3="115,69,110,119,67,101,33,37,132,41,60,29,94"/><T106/><D43/><U123/><E123/><V65/><F73/><W17/><G110/><T58/><D111/><U27/><E118/><V10/><F70/><W71/><G119/><T52/><D34/><U105/><E105/><V63/><F10/><W99/><G115/><T112/><D112/><U95/><E74/><V107/><F107/><W61/><G132/><T8/><D8/><U56/><E125/><V7/><F7/><W0/><G0/><T49/><D26/><N who="1" m="9771" /><E5/><V97/><F97/><W77/><G77/><N who="1" m="29770" /><E113/><V19/><F85/><W90/><G90/><T87/><D66/><U57/><E57/><V84/><F84/><W91/><G91/><T32/><D32/><U134/><E134/><V38/><F38/><W20/><G33/><T104/><D106/><U133/><E133/><V81/><F81/><W40/><G29/><N who="2" m="11337" /><F19/><W51/><G37/><T22/><D22/><U86/><E86/><V6/><F6/><W3/><G3/><T75/><D75/><U92/><E96/><V129/><AGARI ba="1,0" hai="21,23,46,48,54,59,63,65,128,129,131" m="11337" machi="129" ten="40,1500,0" yaku="19,1" doraHai="9" who="2" fromWho="2" sc="279,-8,198,-5,277,18,246,-5" /><INIT seed="5,0,0,2,0,121" ten="271,193,295,241" oya="1" hai0="100,105,73,77,110,11,5,116,75,21,115,30,8" hai1="28,106,31,46,13,134,42,123,6,19,69,97,39" hai2="60,131,50,130,9,93,70,118,108,72,26,62,112" hai3="41,114,94,125,0,89,83,16,3,74,44,53,117"/><U47/><E123/><V67/><F118/><W33/><G117/><T63/><D116/><U124/><E69/><V18/><F72/><W87/><G114/><T90/><D115/><U36/><E124/><V95/><F112/><W45/><G125/><T49/><D110/><U59/><E134/><V43/><F108/><W79/><G33/><T128/><D128/><N who="2" m="49194" /><F62/><W61/><G16/><T22/><D63/><U109/><E6/><V56/><F9/><W58/><REACH who="3" step="1"/><G45/><REACH who="3" ten="271,193,295,231" step="2"/><T101/><D5/><U15/><E109/><V98/><F18/><W102/><G102/><T81/><D100/><U52/><E28/><V40/><F26/><W66/><G66/><T64/><D101/><U133/><E31/><V65/><F65/><W57/><G57/><T14/><D64/><U80/><E133/><V20/><F20/><W55/><G55/><T85/><D30/><U24/><E24/><V88/><F95/><W51/><AGARI ba="0,1" hai="0,3,41,44,51,53,58,61,74,79,83,87,89,94" machi="51" ten="20,2700,0" yaku="1,1,0,1,7,1,53,0" doraHai="121" doraHaiUra="23" who="3" fromWho="3" sc="271,-7,193,-13,295,-7,231,37" /><INIT seed="6,0,0,2,2,128" ten="264,180,288,268" oya="2" hai0="86,36,134,19,81,130,9,17,116,76,66,127,62" hai1="11,18,45,104,58,27,13,8,2,50,107,121,90" hai2="84,20,85,37,93,122,0,82,51,80,102,99,26" hai3="87,57,114,100,10,88,4,21,67,12,52,133,61"/><V7/><F122/><W34/><G34/><T6/><D36/><U24/><E121/><V79/><F37/><W110/><G110/><T41/><D41/><U22/><E58/><V77/><F0/><W73/><G73/><T64/><D130/><U101/><E101/><V92/><F7/><W35/><G35/><T55/><D116/><U33/><E107/><V118/><F118/><W29/><G114/><T108/><D108/><U28/><E104/><V115/><F115/><W46/><G100/><T43/><D43/><U106/><E106/><V119/><F119/><W59/><G46/><T5/><D127/><U74/><E74/><V65/><F65/><N who="0" m="25194" /><D134/><U120/><E120/><V95/><REACH who="2" step="1"/><F51/><REACH who="2" ten="264,180,278,268" step="2"/><W89/><G61/><T53/><D6/><U15/><E2/><V117/><F117/><W68/><G4/><T131/><D131/><U38/><E38/><V98/><F98/><W125/><G67/><T132/><D62/><U75/><E75/><V126/><F126/><W97/><G125/><T112/><D112/><U23/><E33/><V124/><F124/><W49/><G49/><T48/><D48/><U56/><E56/><V94/><F94/><W42/><G59/><T113/><D113/><U31/><E50/><V96/><F96/><W69/><G97/><T83/><D5/><N who="1" m="3215" /><E45/><V105/><F105/><W91/><G69/><T78/><D83/><U103/><E103/><V30/><AGARI ba="0,1" hai="20,26,30,77,79,80,82,84,85,92,93,95,99,102" machi="30" ten="20,18000,2" yaku="1,1,0,1,7,1,9,1,8,1,53,1" doraHai="128" doraHaiUra="25" who="2" fromWho="2" sc="264,-60,180,-60,278,190,268,-60" /><INIT seed="6,1,0,4,3,104" ten="204,120,468,208" oya="2" hai0="24,22,48,134,32,66,1,23,130,33,133,45,108" hai1="65,53,28,50,16,90,101,76,68,87,61,86,114" hai2="64,73,40,70,41,132,77,35,131,49,2,115,109" hai3="19,58,126,12,13,100,39,94,125,27,128,84,105"/><V11/><F49/><W116/><G116/><T129/><D1/><U124/><E114/><V3/><F41/><W80/><G128/><N who="0" m="49259" /><D66/><U88/><E124/><N who="3" m="47722" /><G39/><T4/><D4/><U57/><E28/><V5/><F131/><W74/><G58/><T122/><D122/><U123/><E123/><V54/><F54/><W15/><G105/><T8/><D8/><U34/><E34/><N who="0" m="13417" /><D108/><U7/><E7/><V29/><F109/><W91/><G27/><T82/><D82/><U97/><E76/><V0/><F40/><W42/><G42/><N who="0" m="24631" /><D23/><U26/><E87/><V127/><F115/><W36/><G36/><T60/><D60/><U103/><E97/><V51/><F51/><W38/><G38/><T78/><D78/><U106/><E106/><V10/><F127/><W56/><G56/><T98/><D98/><U69/><E69/><V18/><F70/><W121/><G121/><T72/><D72/><U79/><E79/><V83/><F35/><W30/><G30/><AGARI ba="1,0" hai="22,24,30,133,134" m="24631,13417,49259" machi="30" ten="30,1000,0" yaku="19,1" doraHai="104" who="0" fromWho="3" sc="204,13,120,0,468,0,208,-13" /><INIT seed="7,0,0,5,3,124" ten="217,120,468,195" oya="3" hai0="25,0,106,82,32,123,104,132,3,24,121,4,112" hai1="53,8,33,68,83,111,7,1,23,6,113,126,20" hai2="28,74,29,46,18,66,99,39,11,55,64,130,127" hai3="109,58,38,118,12,94,67,71,56,134,117,108,131"/><W78/><G131/><T87/><D132/><U77/><E68/><V116/><F74/><W102/><G134/><T79/><D112/><U59/><E111/><N who="3" m="42570" /><G38/><T125/><D125/><U15/><E113/><V52/><F127/><W107/><G107/><N who="0" m="41003" /><D25/><U65/><E65/><V73/><F39/><W63/><G78/><T41/><D87/><U45/><E126/><V61/><F130/><W89/><G102/><T17/><D17/><U34/><E45/><V114/><F114/><W27/><G27/><T95/><D95/><U26/><E59/><N who="3" m="22570" /><G12/><T105/><D105/><U76/><E53/><V40/><F116/><W98/><AGARI ba="0,0" hai="63,67,71,89,94,98,117,118" m="22570,42570" machi="98" ten="30,1500,0" yaku="10,1" doraHai="124" who="3" fromWho="3" sc="217,-5,120,-5,468,-5,195,15" /><INIT seed="7,1,0,2,0,32" ten="212,115,463,210" oya="3" hai0="45,133,66,106,70,108,8,94,1,118,47,124,90" hai1="76,112,33,64,80,30,127,75,105,100,40,59,56" hai2="38,19,20,6,77,39,15,62,9,104,57,95,22" hai3="34,109,126,61,130,14,28,23,42,60,4,89,46"/><W12/><G130/><T85/><D106/><U25/><E112/><V73/><F104/><W86/><G126/><T128/><D124/><U113/><E113/><V29/><F29/><W82/><G109/><T102/><D108/><U21/><E127/><V110/><F22/><W123/><G123/><T17/><D118/><U13/><E40/><V119/><F119/><W18/><G34/><T132/><D128/><U65/><E100/><V79/><F110/><W131/><G28/><T35/><D35/><U121/><E105/><V114/><F114/><W51/><G131/><T96/><D66/><U98/><E98/><V129/><F79/><W120/><G120/><T31/><D70/><U87/><E121/><V115/><F115/><W71/><G71/><T3/><D31/><U72/><E33/><V24/><F129/><W26/><G26/><T116/><D116/><U41/><E41/><V53/><F95/><W7/><G7/><N who="0" m="1135" /><D17/><U63/><REACH who="1" step="1"/><E13/><REACH who="1" ten="212,105,463,210" step="2"/><V5/><F5/><W36/><G36/><T11/><D96/><U101/><E101/><V92/><F92/><W93/><G93/><T48/><D102/><U44/><E44/><V67/><F67/><W83/><G83/><T84/><D47/><U10/><E10/><AGARI ba="1,1" hai="4,10,12,14,18,23,42,46,51,60,61,82,86,89" machi="10" ten="40,2000,0" yaku="8,1" doraHai="32" who="3" fromWho="1" sc="212,0,105,-23,463,0,210,33" /><INIT seed="7,2,0,2,5,42" ten="212,82,463,243" oya="3" hai0="81,52,3,39,2,90,60,23,134,35,30,49,127" hai1="135,29,133,45,27,18,64,103,51,25,46,94,98" hai2="132,83,22,41,67,69,95,108,97,77,101,14,11" hai3="62,116,17,105,55,87,31,19,37,122,13,79,86"/><W84/><G116/><T107/><D35/><U111/><E111/><V91/><F108/><W78/><G105/><T40/><D107/><U5/><E5/><V110/><F110/><W44/><G37/><T85/><D39/><U117/><E117/><V63/><F132/><W15/><G31/><T114/><D134/><U104/><E104/><V73/><F41/><W0/><G0/><T48/><D127/><U126/><E126/><V123/><F22/><W121/><G121/><T43/><D114/><U66/><E46/><V59/><F123/><W93/><G93/><T65/><D3/><U99/><E99/><V33/><F33/><W119/><G119/><T4/><D4/><U9/><E135/><V100/><F69/><W82/><G122/><T10/><D10/><U125/><E125/><V96/><F96/><W53/><G87/><T120/><D120/><U24/><E133/><V113/><F113/><W70/><G70/><T1/><D1/><U50/><E50/><N who="0" m="19561" /><D65/><U21/><E25/><V54/><F67/><W106/><G106/><T75/><D75/><U112/><E112/><V129/><F129/><W8/><G8/><T128/><D128/><U80/><E80/><V131/><F131/><W16/><G62/><T74/><D74/><U89/><E103/><V68/><F68/><W115/><G115/><T20/><D2/><U88/><E89/><V12/><F11/><W72/><G72/><T38/><D38/><U26/><E26/><V58/><F73/><W71/><G71/><T57/><D23/><U36/><E36/><V102/><F95/><W109/><G109/><RYUUKYOKU ba="2,0" sc="212,30,82,-10,463,-10,243,-10" hai0="20,30,40,43,52,57,60,81,85,90" owari="242,4.0,72,-43.0,453,56.0,233,-17.0" /></mjloggm>