<mjloggm ver="2.3"><GO type="169" lobby="0"/><UN n0="%E3%82%A6%E3%83%AB%E3%83%88%E3%83%A9%E7%AB%8B%E7%9B%B4" n1="%48%6F%6C%64%65%6E" n2="%E8%B6%85%E4%BA%BA%EF%BC%AD" n3="%E3%82%AB%E3%83%A9%E3%82%B9%E3%81%AE%E5%AD%90" dan="18,16,17,16" rate="2179.57,2037.53,2187.15,2109.59" sx="M,M,M,M"/><TAIKYOKU oya="0"/><INIT seed="0,0,0,5,2,58" ten="250,250,250,250" oya="0" hai0="1,85,37,23,105,122,9,10,131,98,79,60,76" hai1="119,68,82,30,132,54,4,55,33,128,36,53,93" hai2="13,29,86,27,107,56,8,38,19,24,74,45,72" hai3="101,11,124,135,117,80,5,121,103,104,70,69,92"/><T83/><D122/><U3/><E119/><V46/><F107/><W48/><G117/><T43/><D131/><U114/><E36/><V91/><F27/><W20/><G135/><T61/><D76/><U34/><E132/><V90/><F90/><W112/><G121/><T6/><D10/><U116/><E116/><V63/><F38/><W97/><G124/><T0/><D0/><U109/><E68/><V62/><F74/><W57/><G112/><T88/><D23/><U67/><E67/><V95/><F72/><W52/><G80/><T2/><D2/><U129/><E114/><V32/><REACH who="2" step="1"/><F63/><REACH who="2" ten="250,250,240,250" step="2"/><W7/><G104/><T18/><D18/><U87/><E129/><V134/><F134/><W49/><G103/><T35/><D35/><U42/><E128/><V113/><F113/><W39/><G39/><T84/><D105/><U40/><E34/><V17/><F17/><W75/><G75/><T126/><D126/><U59/><E33/><V108/><F108/><W127/><G127/><T133/><D133/><U14/><E109/><V65/><AGARI ba="0,1" hai="8,13,19,24,29,32,45,46,56,62,65,86,91,95" machi="65" ten="20,8000,1" yaku="1,1,0,1,7,1,52,1,53,1" doraHai="58" doraHaiUra="25" who="2" fromWho="2" sc="250,-40,250,-20,240,90,250,-20" /><INIT seed="1,0,0,2,0,110" ten="210,230,330,230" oya="1" hai0="63,56,11,103,70,29,33,102,66,92,123,2,53" hai1="135,45,25,42,120,113,71,115,73,19,65,4,119" hai2="79,31,21,126,72,15,116,30,28,55,108,8,131" hai3="96,129,17,41,81,7,106,89,64,90,98,97,99"/><U54/><E119/><V75/><F116/><W24/><G129/><T20/><D123/><U60/><E120/><V34/><F34/><W26/><G106/><T18/><D92/><U80/><E54/><V114/><F108/><W44/><G64/><T127/><D127/><U130/><E130/><V117/><F117/><W125/><G125/><T14/><D70/><U101/><E101/><V23/><F131/><W100/><G100/><T62/><D62/><U13/><E4/><V61/><F126/><W32/><G32/><T93/><D53/><U133/><E25/><V109/><F109/><W95/><G7/><N who="0" m="1527" /><D93/><U132/><E80/><V16/><F114/><N who="1" m="43529" /><E73/><V12/><F79/><W38/><G17/><T49/><D49/><N who="1" m="26807" /><E13/><V105/><F105/><W128/><G128/><T58/><D58/><U47/><E19/><N who="2" m="8583" /><F72/><W37/><G37/><T84/><D84/><U50/><E50/><V87/><F87/><W3/><G3/><T121/><D121/><U51/><E51/><V76/><F76/><W1/><G1/><T111/><D111/><U67/><E67/><V36/><F75/><W0/><G0/><T85/><D85/><U6/><E6/><V82/><F36/><W5/><G5/><T9/><D9/><U77/><E77/><V88/><F82/><W124/><G124/><T68/><D56/><U134/><N who="1" m="34304" /><DORA hai="10" /><U46/><AGARI ba="0,0" hai="46,47,60,65,71" m="34304,26807,43529" machi="46" ten="60,18000,2" yaku="4,1,20,1,34,2,52,3" doraHai="110,10" who="1" fromWho="1" sc="210,-60,230,180,330,-60,230,-60" /><INIT seed="1,1,0,4,0,98" ten="150,410,270,170" oya="1" hai0="96,127,36,67,58,27,24,19,66,118,39,25,13" hai1="30,38,123,33,20,131,70,129,75,91,45,26,65" hai2="57,62,54,115,102,15,119,74,23,56,10,7,132" hai3="126,110,81,8,52,50,53,55,37,109,21,46,43"/><U72/><E123/><V17/><F74/><W117/><G81/><T120/><D118/><U121/><E121/><V125/><F119/><W108/><G117/><T1/><D120/><U89/><E20/><V3/><F115/><W63/><G8/><T134/><D1/><U88/><E65/><V107/><F132/><W93/><G93/><T42/><D134/><U92/><E70/><V18/><F125/><W135/><G135/><T4/><D4/><U95/><E95/><V112/><F112/><W97/><G97/><T78/><D127/><U76/><E92/><V86/><F86/><W35/><G35/><T44/><D39/><U71/><E71/><V49/><F18/><W114/><G21/><T32/><D32/><U122/><E122/><V51/><REACH who="2" step="1"/><F57/><REACH who="2" ten="150,410,260,170" step="2"/><N who="3" m="35239" /><G126/><T128/><D58/><U34/><E75/><V83/><F83/><W94/><G114/><T48/><D78/><U11/><E76/><V103/><F103/><W100/><G100/><T64/><D96/><AGARI ba="1,1" hai="3,7,10,15,17,23,49,51,54,56,62,96,102,107" machi="96" ten="40,5200,0" yaku="1,1,52,1,53,1" doraHai="98" doraHaiUra="9" who="2" fromWho="0" sc="150,-55,410,0,260,65,170,0" /><INIT seed="2,0,0,0,3,20" ten="95,410,325,170" oya="2" hai0="25,117,101,26,130,123,66,14,64,94,46,41,5" hai1="90,34,99,75,37,30,100,48,69,87,92,106,4" hai2="36,50,29,56,3,113,67,116,82,24,70,86,7" hai3="88,32,39,122,134,84,72,60,18,68,119,78,83"/><V125/><F36/><W126/><G122/><T44/><D123/><U97/><E37/><V1/><F116/><W15/><G119/><T22/><D117/><U23/><E69/><V13/><F113/><W45/><G134/><T35/><D35/><U127/><E34/><V57/><F70/><W16/><G32/><T73/><D73/><U33/><E33/><V19/><F7/><W71/><G126/><T76/><D76/><U62/><E75/><V89/><F125/><W115/><G115/><T58/><D130/><U105/><E127/><V38/><F38/><W79/><G79/><T52/><D41/><U43/><E4/><V51/><F1/><W118/><G118/><T61/><D101/><U12/><E62/><N who="2" m="38343" /><F3/><W49/><G39/><T74/><D74/><U47/><E12/><V80/><F80/><W54/><G60/><T135/><D135/><U40/><E40/><V120/><F57/><W0/><G0/><T128/><D128/><U10/><E105/><V77/><F77/><W103/><G18/><N who="0" m="10583" /><D5/><U17/><E106/><V110/><F110/><W11/><G103/><T81/><D81/><AGARI ba="0,0" hai="11,15,16,45,49,54,68,71,72,78,81,83,84,88" machi="81" ten="30,8000,1" yaku="7,1,25,2,54,2" doraHai="20" who="3" fromWho="0" sc="95,-80,410,0,325,0,170,80" /><INIT seed="3,0,0,4,0,78" ten="15,410,325,250" oya="3" hai0="120,129,57,101,79,89,103,110,88,20,72,4,1" hai1="36,52,80,24,115,93,42,5,124,100,114,29,118" hai2="66,67,112,116,83,39,70,69,133,91,105,106,30" hai3="13,40,99,61,55,9,54,19,15,87,44,2,92"/><W11/><G2/><T77/><D4/><U53/><E5/><V111/><F39/><W21/><G87/><T113/><D1/><U73/><E124/><V86/><F112/><W62/><G62/><T33/><D33/><U121/><E121/><V122/><F116/><W102/><G61/><T130/><D57/><U74/><E118/><V117/><F117/><W17/><REACH who="3" step="1"/><G21/><REACH who="3" ten="15,410,325,240" step="2"/><T68/><D20/><U58/><E114/><V84/><F122/><W23/><G23/><T27/><D27/><U14/><E115/><V98/><F30/><W38/><AGARI ba="0,1" hai="9,11,13,15,17,19,38,40,44,54,55,92,99,102" machi="38" ten="20,7800,0" yaku="1,1,0,1,7,1,9,1,53,0" doraHai="78" doraHaiUra="107" who="3" fromWho="3" sc="15,-26,410,-26,325,-26,240,88" owari="-11,-51.0,384,48.0,299,-10.0,328,13.0" /></mjloggm>