<mjloggm ver="2.3"><GO type="169" lobby="0"/><UN n0="%EF%BC%BC%28%EF%BC%BE%6F%EF%BC%BE%29%EF%BC%8F%E2%98%85" n1="%E3%83%88%E3%83%88%E3%83%AA%E5%85%88%E7%94%9F%31%39%E6%AD%B3" n2="%E2%98%86%6E%61%6F%E2%98%86" n3="%74%6F%72%69%30%36%31%32" dan="17,18,16,17" rate="2110.44,2244.07,2096.97,2125.88" sx="M,F,F,M"/><TAIKYOKU oya="0"/><INIT seed="0,0,0,0,2,46" ten="250,250,250,250" oya="0" hai0="15,104,52,73,55,41,106,94,36,10,64,47,71" hai1="97,16,48,83,54,114,129,12,85,35,1,130,30" hai2="62,86,38,82,18,124,31,57,123,98,70,68,44" hai3="108,59,4,110,26,13,42,7,90,40,33,27,128"/><T2/><D2/><U91/><E1/><V74/><F123/><W122/><G122/><T61/><D73/><U103/><E114/><V78/><F124/><W23/><G90/><T6/><REACH who="0" step="1"/><D94/><REACH who="0" ten="240,250,250,250" step="2"/><N who="1" m="58807" /><E129/><V135/><F135/><W100/><G128/><T60/><D60/><U109/><E130/><V8/><F74/><W63/><G110/><T132/><D132/><U101/><E109/><V111/><F111/><W88/><G108/><T0/><D0/><U102/><E35/><V89/><F62/><W39/><G33/><T56/><D56/><N who="1" m="32839" /><E30/><V25/><F68/><W79/><G59/><T92/><D92/><U3/><E3/><V80/><F57/><W17/><G63/><T76/><D76/><U21/><AGARI ba="0,1" hai="12,16,21,83,85,91,101,102" m="32839,58807" machi="21" ten="30,4000,0" yaku="8,1,52,1,54,1" doraHai="46" who="1" fromWho="1" sc="240,-20,250,50,250,-10,250,-10" /><INIT seed="1,0,0,1,0,55" ten="220,300,240,240" oya="1" hai0="47,27,109,38,124,26,30,28,35,113,97,41,120" hai1="110,71,63,116,20,15,44,1,9,93,106,92,133" hai2="12,60,77,37,68,61,121,17,11,54,119,82,22" hai3="13,8,85,7,102,40,58,84,90,123,128,52,74"/><U103/><E116/><V49/><F121/><W56/><G74/><T0/><D113/><U33/><E33/><V25/><F119/><W95/><G123/><T91/><D120/><U69/><E1/><V107/><F37/><W66/><G40/><T101/><D109/><U104/><E110/><V127/><F68/><W67/><G128/><T78/><D124/><U39/><E133/><V16/><F107/><W132/><G102/><T114/><D114/><U80/><E20/><V34/><F34/><W6/><G132/><T122/><D0/><U51/><E39/><V57/><REACH who="2" step="1"/><F127/><REACH who="2" ten="220,300,230,240" step="2"/><W43/><G43/><T31/><D122/><U19/><E106/><V14/><F14/><W130/><G130/><T118/><D118/><U81/><E71/><V18/><F18/><W135/><G135/><T21/><D31/><U134/><E134/><V94/><F94/><W115/><G115/><T3/><D3/><U83/><E104/><V88/><F88/><N who="3" m="53639" /><G7/><T117/><D117/><U23/><E103/><V64/><F64/><N who="3" m="24619" /><G52/><T42/><D42/><N who="1" m="24983" /><E69/><V108/><F108/><W36/><G36/><T79/><D91/><U65/><E93/><AGARI ba="0,1" hai="6,8,13,56,58,85,90,93" m="24619,53639" machi="93" ten="30,7700,0" yaku="8,1,52,2,54,1" doraHai="55" who="3" fromWho="1" sc="220,0,300,-77,230,0,240,87" /><AGARI ba="0,0" hai="21,26,27,28,30,35,38,41,47,78,79,93,97,101" machi="93" ten="30,1000,0" yaku="7,1" doraHai="55" who="0" fromWho="1" sc="220,10,223,-10,230,0,327,0" /><INIT seed="2,0,0,4,3,17" ten="230,213,230,327" oya="2" hai0="110,37,21,3,130,103,6,29,41,57,116,44,26" hai1="109,97,126,65,115,90,47,134,75,100,92,64,13" hai2="85,39,105,123,49,108,122,53,69,19,20,98,96" hai3="106,70,94,119,16,68,113,131,46,55,63,67,87"/><V114/><F69/><W15/><G106/><T18/><D110/><U95/><E115/><V56/><F39/><W73/><G73/><T0/><D130/><U42/><E75/><V60/><F114/><W61/><G119/><T51/><D116/><U14/><E109/><V7/><F108/><W135/><G131/><T99/><D6/><U83/><E134/><V72/><F72/><W117/><G117/><T76/><D76/><U23/><E83/><V77/><F7/><W43/><G135/><T102/><D102/><U74/><E74/><V66/><F105/><W48/><G113/><T86/><D86/><U38/><E126/><V89/><F77/><W11/><G94/><T81/><D81/><U84/><E13/><V35/><F35/><W80/><G63/><T30/><D3/><U32/><E32/><V132/><F132/><W40/><G70/><T101/><D101/><U24/><REACH who="1" step="1"/><E14/><REACH who="1" ten="230,203,230,327" step="2"/><N who="2" m="9335" /><F122/><W50/><REACH who="3" step="1"/><G48/><REACH who="3" ten="230,203,230,317" step="2"/><T36/><D36/><U129/><E129/><V112/><F112/><W45/><G45/><T118/><D118/><U62/><E62/><V22/><F49/><W12/><G12/><T78/><D0/><U28/><AGARI ba="0,2" hai="23,24,28,38,42,47,64,65,84,90,92,95,97,100" machi="28" ten="20,8000,1" yaku="1,1,0,1,7,1,52,1,53,1" doraHai="17" doraHaiUra="25" who="1" fromWho="1" sc="230,-20,203,100,230,-40,317,-20" /><INIT seed="3,0,0,1,5,56" ten="210,303,190,297" oya="3" hai0="31,43,18,4,5,101,135,46,55,95,62,25,68" hai1="42,52,45,111,3,11,114,85,1,92,22,102,53" hai2="27,65,113,103,48,90,17,130,70,54,122,38,131" hai3="74,78,30,133,109,59,61,99,39,40,120,16,64"/><W71/><G120/><T32/><D135/><U28/><E114/><V89/><F113/><W84/><G133/><T24/><D101/><U110/><E28/><V9/><F38/><W47/><G74/><T23/><D95/><U117/><E22/><N who="2" m="13775" /><F103/><W19/><G109/><N who="1" m="41482" /><E117/><V116/><F116/><W44/><G99/><T123/><D123/><U96/><E85/><V6/><F122/><W83/><G30/><T79/><D79/><U124/><E124/><V97/><F97/><W106/><G106/><T128/><D128/><N who="2" m="49194" /><F65/><W112/><G112/><T67/><REACH who="0" step="1"/><D55/><REACH who="0" ten="200,303,190,297" step="2"/><U86/><E53/><V132/><F132/><W81/><G81/><T98/><D98/><U51/><E52/><V8/><F54/><W20/><G44/><T127/><D127/><U115/><E115/><V49/><F90/><W119/><G119/><T15/><D15/><U50/><E3/><V104/><F89/><W14/><REACH who="3" step="1"/><G19/><REACH who="3" ten="200,303,190,287" step="2"/><T91/><D91/><N who="1" m="53367" /><E96/><V41/><F104/><W108/><G108/><T75/><D75/><U37/><E102/><V121/><F121/><W126/><G126/><T125/><D125/><U87/><E87/><V33/><F41/><W21/><G21/><T13/><D13/><U129/><E129/><V10/><F9/><W2/><G2/><T35/><D35/><U63/><E11/><V105/><F10/><W57/><AGARI ba="0,2" hai="14,16,20,39,40,47,57,59,61,64,71,78,83,84" machi="57" ten="30,12000,1" yaku="1,1,0,1,52,1,54,1,53,1" doraHai="56" doraHaiUra="60" who="3" fromWho="3" sc="200,-40,303,-40,190,-40,287,140" /><INIT seed="3,1,0,5,1,106" ten="160,263,150,427" oya="3" hai0="96,8,58,28,124,35,25,73,114,72,51,99,9" hai1="112,122,24,132,50,109,17,0,62,52,126,54,10" hai2="61,16,59,30,93,90,38,19,81,123,121,26,128" hai3="92,75,85,95,55,15,29,67,69,3,5,32,22"/><W103/><G75/><T102/><D124/><U78/><E112/><V116/><F116/><W27/><G103/><T118/><D118/><U91/><E122/><V49/><F38/><W107/><G107/><T63/><D114/><U47/><E126/><V97/><F128/><W12/><G55/><T43/><D9/><U131/><E131/><V39/><F39/><W11/><G85/><T76/><D8/><U94/><E109/><V13/><F49/><W18/><REACH who="3" step="1"/><G15/><REACH who="3" ten="160,263,150,417" step="2"/><T105/><D99/><U56/><E54/><V65/><F81/><W134/><G134/><T42/><D42/><U115/><E132/><V68/><F123/><W130/><G130/><T36/><D73/><U101/><E115/><V108/><F121/><W21/><G21/><T1/><D72/><U23/><E101/><V45/><F108/><W34/><G34/><T2/><D96/><N who="1" m="57439" /><E10/><V104/><F104/><W80/><G80/><T46/><D102/><U117/><E117/><V110/><F110/><W88/><G88/><T120/><D105/><U40/><E0/><V20/><F90/><W82/><G82/><T33/><D120/><U70/><E78/><V98/><F97/><W79/><G79/><T89/><D76/><U100/><E100/><V119/><F98/><W64/><G64/><N who="0" m="39031" /><D89/><U53/><E40/><V111/><F65/><W41/><G41/><N who="0" m="22823" /><D35/><U48/><E53/><N who="2" m="34031" /><F111/><W14/><G14/><T71/><D43/><N who="1" m="24703" /><E50/><V113/><F13/><W83/><G83/><T77/><D77/><U129/><E129/><V74/><F119/><W87/><G87/><T133/><D133/><U7/><E52/><RYUUKYOKU ba="1,1" sc="160,-10,263,-10,150,-10,417,30" hai3="3,5,11,12,18,22,27,29,32,67,69,92,95" /><INIT seed="3,2,1,2,1,42" ten="150,253,140,447" oya="3" hai0="0,85,57,80,131,7,107,49,132,134,114,65,59" hai1="60,14,84,113,40,11,27,77,32,38,119,79,46" hai2="35,106,3,15,105,24,5,82,99,125,71,121,123" hai3="41,51,21,135,118,112,58,45,19,52,6,120,78"/><W1/><G120/><N who="2" m="46153" /><F71/><W115/><G118/><T69/><D107/><U75/><E113/><N who="3" m="43594" /><G78/><T50/><D114/><U103/><E119/><V4/><F15/><W101/><G101/><T54/><D7/><N who="2" m="2634" /><F3/><W64/><G21/><T86/><D0/><U39/><E75/><V73/><F99/><W108/><G19/><T110/><D69/><U124/><E38/><V16/><F125/><W126/><G6/><T70/><D70/><U63/><E124/><V95/><F95/><W102/><G102/><T98/><D98/><U44/><E103/><V34/><F82/><W13/><G13/><T2/><D2/><U111/><E14/><V81/><F81/><W10/><G10/><T94/><D94/><U29/><E11/><V17/><F73/><W31/><G31/><T72/><D72/><U74/><E74/><V56/><F24/><W104/><G104/><N who="2" m="40041" /><F56/><W92/><G92/><T129/><D80/><U53/><E84/><V47/><F47/><N who="3" m="27775" /><G1/><T116/><D86/><U30/><E79/><V37/><F37/><N who="3" m="21679" /><G126/><T61/><D85/><U43/><E77/><V89/><F89/><W83/><G83/><T88/><D88/><U28/><E39/><V130/><F17/><W117/><G117/><T9/><D116/><U23/><E40/><V22/><F16/><W62/><G135/><T133/><D9/><U67/><E43/><V109/><F22/><W33/><G33/><T122/><D122/><U127/><E23/><V100/><F34/><W26/><G26/><T96/><D96/><U68/><E127/><V36/><F35/><W20/><G20/><T55/><D133/><RYUUKYOKU ba="2,1" sc="150,-10,253,-10,140,-10,447,30" hai3="58,62,64,108" /><INIT seed="3,3,1,5,1,121" ten="140,243,130,477" oya="3" hai0="98,63,81,33,65,52,77,104,130,83,124,36,134" hai1="115,118,1,70,90,128,108,135,0,71,73,3,2" hai2="132,117,109,6,15,41,129,35,106,113,48,95,57" hai3="27,46,69,53,13,51,78,20,72,96,47,76,89"/><W26/><G69/><N who="1" m="26122" /><E90/><V99/><F117/><W39/><G72/><T86/><D134/><U60/><E60/><V97/><F35/><W7/><G39/><T111/><D36/><U68/><E135/><V49/><F132/><W11/><G47/><T29/><D83/><U94/><E94/><V59/><F129/><W114/><G114/><T18/><D130/><U23/><E23/><V10/><F113/><W28/><G27/><T56/><D18/><U54/><E54/><V62/><F59/><W116/><G116/><T58/><D29/><U103/><E103/><V50/><F106/><W107/><G107/><T61/><D33/><U93/><E93/><AGARI ba="3,1" hai="7,11,13,20,26,28,46,51,53,76,78,89,93,96" machi="93" ten="40,2000,0" yaku="8,1" doraHai="121" who="3" fromWho="1" sc="140,0,243,-29,130,0,477,39" /><INIT seed="3,4,0,3,5,66" ten="140,214,130,516" oya="3" hai0="26,40,73,71,117,128,18,121,43,130,123,98,28" hai1="5,83,10,108,52,27,68,25,49,106,50,39,56" hai2="96,115,120,2,31,59,94,37,79,85,135,87,95" hai3="133,3,84,80,89,74,38,4,46,113,41,45,20"/><W33/><G33/><T54/><D73/><U77/><E106/><V61/><F2/><W48/><G113/><T57/><D18/><U72/><E39/><V34/><F115/><W53/><G74/><T17/><D17/><U102/><E102/><V23/><F34/><W90/><G133/><T132/><D98/><U63/><E108/><V7/><F37/><W75/><G75/><T24/><D28/><U67/><REACH who="1" step="1"/><E50/><REACH who="1" ten="140,204,130,516" step="2"/><V62/><F120/><W97/><G38/><T127/><D123/><U116/><E116/><V129/><F135/><W69/><G48/><T100/><D132/><U8/><E8/><V13/><F129/><W1/><G41/><T124/><D117/><U51/><E51/><V125/><F95/><W70/><G80/><T93/><D121/><U99/><E99/><V110/><F94/><W21/><G97/><T22/><D93/><U29/><E29/><V9/><F96/><W118/><G118/><T86/><D100/><U42/><E42/><V107/><F107/><W60/><G60/><T47/><D43/><U126/><E126/><V88/><F62/><W111/><G111/><T35/><D130/><U119/><E119/><V91/><F61/><W114/><G114/><T104/><D128/><U65/><E65/><V92/><F110/><W76/><G53/><T101/><D104/><U32/><E32/><V64/><F125/><W103/><G103/><T81/><D101/><U105/><E105/><V14/><F92/><W0/><G46/><T82/><D35/><U12/><AGARI ba="4,1" hai="5,10,12,25,27,49,52,56,63,67,68,72,77,83" machi="12" ten="20,8000,1" yaku="1,1,0,1,7,1,52,1,54,1,53,0" doraHai="66" doraHaiUra="30" who="1" fromWho="1" sc="140,-24,204,102,130,-24,516,-44" /><INIT seed="4,0,0,3,2,79" ten="116,306,106,472" oya="0" hai0="51,9,89,111,77,2,102,73,12,74,121,23,27" hai1="76,52,75,46,25,86,60,109,5,122,117,6,135" hai2="67,65,62,118,132,124,44,98,24,58,55,66,0" hai3="110,126,63,39,20,53,85,57,13,123,129,115,93"/><T106/><D2/><U10/><E109/><V8/><F118/><W15/><G110/><T26/><D111/><U103/><E117/><V97/><F132/><W49/><G39/><T32/><D121/><U70/><E75/><V134/><F134/><W130/><G126/><T71/><D71/><U105/><E135/><V14/><F124/><W50/><G115/><T1/><D77/><U116/><E116/><V29/><F0/><W72/><G72/><T64/><D64/><U114/><E122/><V42/><F29/><W94/><G123/><T127/><D127/><U40/><E114/><V37/><REACH who="2" step="1"/><F24/><REACH who="2" ten="116,306,96,472" step="2"/><W92/><G129/><T17/><D27/><U35/><E25/><V125/><F125/><W21/><G130/><T133/><D133/><U100/><E35/><V80/><F80/><W31/><G31/><T81/><D1/><U82/><E82/><V38/><F38/><W91/><G15/><T56/><D32/><U7/><E7/><AGARI ba="0,1" hai="7,8,14,37,42,44,55,58,62,65,66,67,97,98" machi="7" ten="40,1300,0" yaku="1,1,53,0" doraHai="79" doraHaiUra="22" who="2" fromWho="1" sc="116,0,306,-13,96,23,472,0" /><INIT seed="5,0,0,2,0,111" ten="116,293,119,472" oya="1" hai0="54,95,66,38,110,13,27,94,60,46,112,85,23" hai1="32,97,43,113,106,63,104,26,89,101,72,8,100" hai2="130,2,17,31,18,12,76,4,99,58,96,62,81" hai3="126,11,120,121,14,55,93,25,68,28,135,45,82"/><U109/><E109/><V51/><F2/><W83/><G68/><T124/><D110/><U15/><E72/><V122/><F122/><W77/><G126/><T34/><D124/><U80/><E113/><V71/><F71/><W56/><G45/><T114/><D34/><U37/><E37/><V21/><F31/><W30/><G135/><T52/><D13/><U108/><E108/><V128/><F51/><W132/><G93/><N who="0" m="35339" /><D85/><U78/><E43/><V36/><F17/><W133/><G30/><N who="0" m="17791" /><D46/><U79/><E26/><V134/><F36/><W50/><G132/><T69/><D38/><U127/><E32/><V57/><F57/><W41/><G41/><T98/><D98/><U129/><E129/><N who="2" m="49771" /><F4/><W107/><G107/><T61/><D60/><U9/><E127/><V70/><F70/><W42/><G55/><T53/><D69/><U102/><E63/><V92/><F92/><W67/><G67/><T131/><D131/><U48/><E48/><V74/><F134/><W44/><G28/><T7/><D7/><U115/><E104/><V125/><F125/><W87/><G133/><T39/><D39/><U118/><E106/><V84/><F74/><N who="3" m="43319" /><G56/><T116/><D116/><U20/><E118/><V91/><F76/><N who="3" m="46567" /><G25/><T19/><D19/><N who="1" m="10367" /><E78/><V6/><F6/><W5/><AGARI ba="0,0" hai="5,11,14,42,44,50,120,121" m="46567,43319" machi="5" ten="30,1100,0" yaku="25,1" doraHai="111" who="3" fromWho="3" sc="116,-3,293,-5,119,-3,472,11" /><INIT seed="6,0,0,2,0,106" ten="113,288,116,483" oya="2" hai0="119,5,107,131,17,120,73,123,118,71,11,112,32" hai1="34,51,113,50,83,38,49,61,132,127,115,55,47" hai2="36,0,130,23,86,109,12,28,126,68,128,20,129" hai3="94,78,16,31,93,122,69,10,33,66,48,46,102"/><V25/><F68/><W114/><G122/><T110/><D17/><U59/><E34/><V87/><F36/><W44/><G114/><N who="1" m="43530" /><E132/><V65/><F65/><W134/><G134/><T101/><D101/><U7/><E127/><V27/><F126/><W56/><G69/><T42/><D42/><N who="1" m="22999" /><E7/><V22/><F109/><W108/><G31/><T45/><D45/><N who="1" m="28079" /><E83/><V53/><F53/><AGARI ba="0,0" hai="50,51,53,59,61" m="28079,22999,43530" machi="53" ten="30,3900,0" yaku="15,1,34,2" doraHai="106" who="1" fromWho="2" sc="113,0,288,39,116,-39,483,0" /><INIT seed="7,0,0,5,2,62" ten="113,327,77,483" oya="3" hai0="92,39,116,135,101,99,65,28,89,120,133,115,70" hai1="19,58,67,91,49,132,71,44,10,93,52,2,102" hai2="112,34,14,77,100,15,106,73,124,18,75,17,68" hai3="128,7,36,130,3,26,97,63,27,87,107,22,4"/><W0/><G36/><T134/><D116/><U9/><E132/><V42/><F34/><W48/><G87/><T78/><D120/><U35/><E35/><V85/><F68/><W119/><G48/><T98/><D39/><U56/><E102/><V54/><F42/><W84/><G84/><T72/><D28/><U76/><E76/><V40/><F40/><W118/><G63/><N who="0" m="40255" /><D115/><U55/><E2/><N who="3" m="554" /><G97/><N who="0" m="57487" /><D101/><U125/><E125/><V96/><F85/><W103/><G103/><T74/><D74/><U5/><E71/><V121/><F121/><W20/><G107/><T104/><D104/><U23/><E5/><N who="3" m="2122" /><G119/><T122/><D122/><U24/><E44/><V6/><F6/><W37/><G37/><T29/><D29/><U86/><REACH who="1" step="1"/><E67/><REACH who="1" ten="113,317,77,483" step="2"/><V90/><F124/><W82/><G118/><T129/><D78/><U60/><AGARI ba="0,1" hai="9,10,19,23,24,49,52,55,56,58,60,86,91,93" machi="60" ten="20,12000,2" yaku="1,1,2,1,0,1,7,1,8,1,54,1,53,0" doraHai="62" doraHaiUra="1" who="1" fromWho="1" sc="113,-30,317,130,77,-30,483,-60" owari="83,-32.0,447,55.0,47,-45.0,423,22.0" /></mjloggm>