<mjloggm ver="2.3"><GO type="169" lobby="0"/><UN n0="%E3%83%88%E3%83%88%E3%83%AA%E5%85%88%E7%94%9F%31%39%E6%AD%B3" n1="%E5%A4%A9%E6%9C%88%E7%B4%97%E7%9F%A2%E9%A6%99" n2="%E3%83%8F%E3%83%AF%E3%82%A4%E3%82%A2%E3%83%B3" n3="%77%61%77%61%33%30%33%30" dan="18,16,16,17" rate="2273.77,2104.76,2094.88,2200.87" sx="F,M,M,M"/><TAIKYOKU oya="0"/><INIT seed="0,0,0,5,4,8" ten="250,250,250,250" oya="0" hai0="51,105,7,85,103,94,29,67,76,31,9,41,87" hai1="0,35,121,84,44,106,130,92,46,104,126,91,26" hai2="24,43,88,23,4,33,38,53,54,64,131,68,48" hai3="99,79,19,17,73,129,119,107,101,49,86,16,63"/><T57/><D105/><U132/><E121/><V60/><F131/><W28/><G73/><T77/><D103/><U52/><E130/><V50/><F33/><W134/><G129/><T14/><D67/><U98/><E0/><V32/><F32/><W124/><G119/><T81/><D57/><U74/><E74/><V133/><F133/><W97/><G134/><T2/><D2/><U72/><E72/><V114/><F114/><W40/><G28/><T27/><D27/><U78/><E132/><V39/><F4/><W102/><G63/><T47/><D94/><U122/><E122/><V71/><F88/><W90/><G79/><T30/><REACH who="0" step="1"/><D31/><REACH who="0" ten="240,250,250,250" step="2"/><U66/><E106/><V5/><F71/><W59/><G59/><T61/><D61/><U82/><E104/><V120/><F120/><W18/><G102/><T25/><D25/><U22/><E66/><V116/><F68/><W6/><G101/><T20/><D20/><U37/><E35/><V108/><F64/><W70/><G70/><T89/><D89/><U69/><E69/><V45/><F60/><W42/><G107/><T62/><D62/><U56/><E126/><V3/><F23/><W135/><G90/><T36/><D36/><U10/><E37/><V123/><F24/><W83/><G124/><T21/><D21/><U95/><E95/><V125/><F125/><W93/><G93/><T55/><D55/><U111/><E10/><N who="2" m="2367" /><F123/><W75/><G135/><T13/><D13/><U11/><E11/><V96/><F116/><W113/><N who="3" m="4096" /><DORA hai="112" /><W115/><G113/><T117/><D117/><U127/><E127/><RYUUKYOKU ba="0,1" sc="240,30,250,-10,250,-10,250,-10" hai0="7,9,14,29,30,41,47,51,76,77,81,85,87" /><INIT seed="0,1,1,4,2,90" ten="270,240,240,240" oya="0" hai0="69,99,117,129,23,50,33,57,32,108,102,1,74" hai1="21,87,128,43,106,91,6,94,9,132,28,123,98" hai2="81,14,89,115,97,120,133,85,7,80,2,112,26" hai3="130,34,39,3,134,61,127,53,72,25,78,135,125"/><T73/><D117/><U104/><E123/><V15/><F2/><W63/><G72/><T18/><D69/><U68/><E132/><N who="3" m="50730" /><G78/><T10/><D129/><U76/><E128/><V46/><F133/><W30/><G3/><T5/><D108/><U20/><E68/><V24/><F120/><W38/><G130/><T121/><D121/><U55/><E43/><V66/><F66/><W77/><G77/><T22/><D22/><N who="1" m="8811" /><E106/><V103/><F46/><W56/><G63/><T47/><D57/><U59/><E104/><V31/><F80/><W49/><G49/><T16/><D73/><U35/><E35/><V105/><F24/><W67/><G53/><T41/><D74/><U109/><E109/><V36/><F36/><AGARI ba="1,1" hai="25,30,34,36,38,39,56,61,67,125,127" m="50730" machi="36" ten="30,1000,0" yaku="20,1" doraHai="90" who="3" fromWho="2" sc="270,0,240,0,240,-13,240,23" /><INIT seed="1,0,0,2,3,12" ten="270,240,227,263" oya="1" hai0="116,33,86,100,71,49,27,38,56,109,46,96,53" hai1="117,129,63,135,126,44,22,121,124,123,52,47,25" hai2="34,84,79,32,35,62,106,97,6,114,122,11,39" hai3="26,88,67,30,51,20,89,57,134,69,16,64,5"/><U14/><E117/><V128/><F39/><W61/><G134/><T45/><D116/><U80/><E135/><V54/><F122/><W60/><G5/><T8/><D71/><U17/><E129/><V77/><F128/><W92/><G51/><T87/><D109/><U43/><E80/><V65/><F54/><W107/><G107/><T42/><D33/><U28/><E63/><V0/><F84/><W102/><G102/><T98/><D98/><U113/><E113/><V21/><F114/><W104/><G104/><T55/><D27/><U9/><E44/><V29/><F97/><W10/><G10/><T110/><D110/><U2/><E2/><V133/><F106/><W127/><G127/><N who="1" m="48682" /><E52/><V105/><F105/><W73/><G73/><T3/><D3/><U50/><AGARI ba="0,0" hai="9,14,17,22,25,28,43,47,50,121,123" m="48682" machi="50" ten="30,3000,0" yaku="18,1,52,1" doraHai="12" who="1" fromWho="1" sc="270,-10,240,30,227,-10,263,-10" /><INIT seed="1,1,0,4,4,52" ten="260,270,217,253" oya="1" hai0="44,42,110,40,103,49,45,127,135,129,106,65,104" hai1="60,15,43,95,89,81,112,79,134,108,115,29,69" hai2="58,133,21,59,123,73,34,63,84,57,48,77,105" hai3="22,9,53,111,66,96,62,39,130,75,116,88,61"/><U37/><E134/><V76/><F34/><W107/><G75/><T31/><D135/><U18/><E108/><V90/><F133/><W67/><G39/><T93/><D110/><U24/><E37/><V2/><F2/><W38/><G38/><T132/><D132/><U11/><E43/><V100/><F123/><W46/><G111/><T41/><D129/><U56/><E69/><V10/><F10/><W3/><G107/><T1/><D1/><U64/><E81/><V74/><F21/><W6/><G130/><T78/><D127/><U98/><REACH who="1" step="1"/><E79/><REACH who="1" ten="260,260,217,253" step="2"/><V26/><F76/><W82/><G116/><T83/><D41/><U122/><E122/><V87/><F77/><W20/><G82/><T35/><D83/><U120/><E120/><V13/><F74/><W117/><G117/><T101/><D78/><U32/><AGARI ba="1,1" hai="11,15,18,24,29,32,56,60,64,89,95,98,112,115" machi="32" ten="20,7800,0" yaku="1,1,0,1,7,1,52,1,53,0" doraHai="52" doraHaiUra="128" who="1" fromWho="1" sc="260,-27,260,91,217,-27,253,-27" /><INIT seed="1,2,0,2,2,68" ten="233,351,190,226" oya="1" hai0="24,36,101,19,115,58,51,17,5,54,89,99,29" hai1="134,49,84,123,14,10,40,70,42,60,129,37,111" hai2="72,26,25,78,53,0,43,108,131,55,81,91,69" hai3="74,23,32,120,95,133,90,27,57,28,30,113,20"/><U93/><E123/><V88/><F0/><W107/><G107/><T67/><D115/><U77/><E134/><V86/><F108/><W87/><G120/><T34/><D36/><U106/><E106/><V66/><F131/><W82/><G133/><T48/><D5/><U46/><E111/><V71/><F43/><W3/><G3/><T102/><D102/><U33/><E33/><V122/><F122/><W8/><G113/><T125/><D125/><U2/><E129/><V18/><F91/><W126/><G126/><T118/><D118/><U79/><E2/><V56/><F66/><W110/><G8/><T16/><D89/><U83/><E93/><V38/><F38/><W105/><G105/><T114/><D114/><U96/><E96/><V59/><F59/><W75/><G32/><T63/><REACH who="0" step="1"/><D67/><REACH who="0" ten="223,351,190,226" step="2"/><N who="1" m="41319" /><E77/><V104/><F88/><W31/><G90/><T98/><D98/><U116/><E116/><V39/><F39/><W132/><G110/><T7/><D7/><N who="1" m="3423" /><E37/><V45/><F104/><AGARI ba="2,1" hai="16,17,19,24,29,34,48,51,54,58,63,99,101,104" machi="104" ten="40,2600,0" yaku="1,1,54,1,53,0" doraHai="68" doraHaiUra="65" who="0" fromWho="2" sc="223,42,351,0,190,-32,226,0" /><INIT seed="2,0,0,3,2,98" ten="265,351,158,226" oya="2" hai0="79,121,26,64,12,104,30,47,43,127,103,57,100" hai1="126,3,81,72,7,86,49,94,114,0,105,60,117" hai2="90,39,23,76,66,16,89,88,2,31,68,125,132" hai3="70,38,123,28,44,51,71,75,52,87,108,129,110"/><V46/><F132/><W91/><G75/><T135/><D121/><U84/><E105/><V62/><F2/><W113/><G123/><T54/><D104/><U99/><E117/><V59/><F125/><W18/><G28/><T80/><D135/><U21/><E126/><V130/><F130/><W111/><G129/><T20/><D64/><U6/><E114/><V5/><F5/><W69/><G113/><T63/><D12/><U106/><E106/><V58/><F31/><W27/><G38/><T45/><D127/><U53/><E72/><V122/><F122/><W74/><G74/><T92/><D92/><U55/><E21/><V101/><F101/><N who="0" m="38986" /><D43/><U131/><E131/><V37/><F76/><W34/><G34/><T112/><D112/><U1/><E94/><V102/><F102/><W4/><G4/><T25/><D25/><U73/><E73/><V40/><REACH who="2" step="1"/><F37/><REACH who="2" ten="265,351,148,226" step="2"/><W50/><G111/><T36/><D36/><U93/><E6/><V29/><F29/><W56/><G108/><T15/><D15/><AGARI ba="0,1" hai="15,16,23,39,40,46,58,59,62,66,68,88,89,90" machi="15" ten="40,12000,1" yaku="1,1,54,2,53,1" doraHai="98" doraHaiUra="41" who="2" fromWho="0" sc="265,-120,351,0,148,130,226,0" /><BYE who="0" /><INIT seed="2,1,0,2,1,9" ten="145,351,278,226" oya="2" hai0="64,5,50,107,92,115,83,1,63,41,52,2,128" hai1="93,95,3,90,20,19,114,85,126,105,122,80,82" hai2="117,12,51,36,89,33,113,15,71,46,38,24,45" hai3="37,103,62,134,14,79,47,65,86,73,40,109,49"/><V48/><F48/><BYE who="2" /><W110/><G73/><T120/><D120/><U35/><E3/><UN n0="%E3%83%88%E3%83%88%E3%83%AA%E5%85%88%E7%94%9F%31%39%E6%AD%B3" /><V56/><F56/><W84/><G134/><T7/><D115/><U119/><E114/><V28/><F28/><W44/><G103/><T53/><D107/><U76/><E119/><V13/><F13/><W102/><G102/><T69/><D128/><U6/><E126/><V67/><F67/><W29/><G29/><T21/><D41/><U108/><E35/><V60/><F60/><W130/><G130/><T96/><D83/><U81/><E108/><V77/><F77/><W87/><G79/><T0/><D21/><U75/><E122/><V124/><F124/><W123/><G123/><T121/><D121/><U10/><E105/><V135/><F135/><W30/><G30/><T101/><REACH who="0" step="1"/><D53/><REACH who="0" ten="135,351,278,226" step="2"/><U129/><E129/><V74/><F74/><W54/><G109/><T97/><D97/><U34/><E34/><V98/><F98/><W8/><G110/><T16/><D16/><U104/><E104/><V18/><F18/><W111/><G111/><T27/><D27/><U22/><E22/><V125/><F125/><W57/><G87/><T32/><D32/><U66/><E20/><V23/><F23/><W11/><G8/><T4/><D4/><AGARI ba="1,1" hai="4,11,14,37,40,44,47,49,54,57,62,65,84,86" machi="4" ten="30,2000,0" yaku="7,1,52,1" doraHai="9" who="3" fromWho="0" sc="135,-23,351,0,278,0,226,33" /><INIT seed="3,0,0,0,0,100" ten="112,351,278,259" oya="3" hai0="15,34,125,133,47,96,45,39,90,40,102,106,123" hai1="22,105,10,0,126,49,57,12,84,122,130,68,25" hai2="117,107,17,97,79,33,23,51,99,72,121,53,54" hai3="3,62,81,93,28,61,50,67,69,124,114,4,71"/><W38/><G114/><UN n2="%E3%83%8F%E3%83%AF%E3%82%A4%E3%82%A2%E3%83%B3" /><T18/><D123/><U43/><E68/><V52/><F33/><W91/><G38/><T35/><D133/><U19/><E122/><V31/><F117/><W5/><G28/><T127/><D47/><U26/><E130/><V14/><F121/><W101/><G124/><T111/><D90/><U134/><E126/><N who="0" m="48137" /><D111/><U8/><E134/><V63/><F31/><W85/><G3/><T77/><D77/><U2/><E105/><V44/><F63/><W6/><G101/><T73/><D73/><U24/><E84/><V29/><F29/><W109/><G109/><T16/><D18/><U37/><E37/><V46/><F46/><W7/><N who="3" m="1024" /><DORA hai="128" /><W11/><G11/><AGARI ba="0,0" hai="11,15,16,34,35,39,40,45,96,102,106" m="48137" machi="11" ten="30,3900,0" yaku="18,1,52,1,54,1" doraHai="100,128" who="0" fromWho="3" sc="112,39,351,0,278,0,259,-39" /><INIT seed="4,0,0,5,2,109" ten="151,351,278,220" oya="0" hai0="3,32,113,78,83,28,34,46,0,56,108,101,118" hai1="54,5,103,61,122,29,74,14,52,33,36,98,58" hai2="94,127,134,72,110,116,119,73,64,132,38,93,4" hai3="85,77,7,133,87,41,2,48,45,42,91,8,25"/><T131/><D118/><U70/><E36/><V12/><F38/><W9/><G133/><N who="2" m="51305" /><F110/><W50/><G9/><T71/><D71/><U60/><E122/><V129/><F64/><W21/><G77/><T35/><D108/><U107/><E74/><N who="2" m="28779" /><F129/><W128/><G128/><T55/><D131/><U111/><E111/><V47/><F47/><W81/><G87/><T105/><D113/><U23/><E33/><V80/><F80/><W99/><G99/><T125/><D125/><U88/><E5/><V44/><F44/><W43/><REACH who="3" step="1"/><G45/><REACH who="3" ten="151,351,278,210" step="2"/><T92/><D46/><U97/><E97/><V130/><F130/><W121/><G121/><T66/><D0/><U114/><E98/><V69/><F127/><W24/><G24/><T104/><D3/><U37/><E107/><V100/><F116/><W51/><G51/><T6/><D105/><U67/><E37/><V63/><F119/><W84/><G84/><T39/><D104/><U59/><E61/><V95/><F63/><W65/><G65/><T31/><D66/><U115/><E67/><V126/><F126/><W106/><G106/><T89/><D39/><U49/><E60/><V1/><F1/><W124/><G124/><T76/><D76/><U11/><E49/><V18/><F69/><W22/><G22/><T27/><D27/><U68/><E23/><N who="2" m="11719" /><F4/><W26/><G26/><T90/><D6/><U112/><E68/><V15/><F15/><W57/><G57/><T16/><D56/><U19/><E70/><V53/><F53/><W30/><AGARI ba="0,1" hai="2,7,8,21,25,30,41,42,43,48,50,81,85,91" machi="30" ten="30,2000,0" yaku="1,1,0,1,53,0" doraHai="109" doraHaiUra="62" who="3" fromWho="3" sc="151,-10,351,-5,278,-5,210,30" /><INIT seed="5,0,0,5,2,6" ten="141,346,273,240" oya="1" hai0="131,87,61,124,120,62,45,24,81,105,34,56,95" hai1="97,23,14,9,27,94,79,35,118,7,75,74,3" hai2="82,58,126,49,64,72,69,116,52,32,46,76,31" hai3="86,37,30,93,112,16,77,17,127,47,39,13,41"/><U65/><E118/><V73/><F126/><W90/><G127/><T15/><D124/><U20/><E65/><V21/><F116/><W29/><G112/><T121/><D105/><U2/><E35/><V89/><F89/><W38/><G77/><T83/><D131/><U132/><E132/><V115/><F115/><W91/><G17/><T12/><D95/><U78/><E20/><V42/><F32/><W53/><G53/><T71/><D34/><U19/><E78/><V8/><F72/><W59/><G59/><T98/><D45/><U26/><E26/><V106/><F106/><W102/><G102/><T51/><D51/><U122/><E122/><V70/><F8/><W28/><REACH who="3" step="1"/><G91/><REACH who="3" ten="141,346,273,230" step="2"/><T11/><D56/><U67/><E67/><V50/><F64/><W5/><G5/><T84/><D71/><U63/><E79/><V54/><F54/><W57/><G57/><T68/><D68/><U10/><E63/><V108/><F69/><W134/><G134/><T107/><D62/><U104/><E2/><V92/><F70/><W18/><G18/><T103/><D61/><U80/><E3/><V133/><F133/><W4/><G4/><N who="0" m="3175" /><D15/><U100/><E14/><V114/><F114/><W43/><G43/><T96/><D121/><U109/><E7/><V123/><F123/><W113/><G113/><T117/><D120/><U0/><E0/><V40/><F40/><W66/><G66/><T22/><D117/><U111/><E19/><V101/><F58/><W25/><G25/><T119/><D119/><U110/><E27/><V130/><F101/><W88/><G88/><RYUUKYOKU ba="0,1" sc="141,-10,346,-10,273,-10,230,30" hai3="13,16,28,29,30,37,38,39,41,47,86,90,93" /><INIT seed="6,1,1,0,3,129" ten="131,336,263,260" oya="2" hai0="46,63,97,114,47,6,58,98,32,121,23,115,104" hai1="107,124,96,132,122,113,90,128,60,21,130,79,75" hai2="72,94,109,0,34,59,105,89,112,35,19,4,43" hai3="54,108,17,57,73,64,52,91,118,25,18,62,78"/><V85/><F105/><W14/><G108/><T9/><D32/><U56/><E132/><V70/><F70/><W123/><G118/><T5/><D121/><U3/><E3/><V36/><F72/><W126/><G126/><T15/><D23/><U125/><E122/><V135/><F109/><W77/><G123/><T106/><D58/><U49/><E113/><V61/><F112/><W84/><G73/><T38/><D15/><U81/><E49/><V45/><F135/><W71/><G25/><T103/><D63/><U33/><E33/><V67/><REACH who="2" step="1"/><F19/><REACH who="2" ten="131,336,253,260" step="2"/><W133/><G133/><T116/><D116/><U110/><E110/><V101/><F101/><W119/><G17/><T22/><D103/><U26/><E107/><V102/><F102/><W42/><G119/><T51/><D104/><U74/><E74/><V82/><F82/><W86/><G18/><T50/><D106/><U117/><E117/><V41/><F41/><W69/><G42/><T95/><D114/><U27/><E124/><V37/><F37/><W88/><G69/><T99/><D38/><U120/><E125/><V80/><F80/><W24/><G71/><T66/><D115/><U93/><E120/><V134/><F134/><W29/><G29/><T87/><D95/><U55/><E128/><V44/><F44/><W16/><G16/><T2/><D47/><U100/><E130/><V20/><F20/><W76/><G24/><N who="1" m="9258" /><E21/><V111/><F111/><W48/><G57/><T10/><D22/><U8/><E100/><V13/><F13/><W40/><G14/><T92/><D46/><U68/><E68/><RYUUKYOKU ba="1,2" sc="131,-15,336,15,253,15,260,-15" hai1="8,55,56,60,75,79,81,90,93,96" hai2="0,4,34,35,36,43,45,59,61,67,85,89,94" /><INIT seed="6,2,2,3,5,92" ten="116,351,268,245" oya="2" hai0="11,117,122,49,35,44,83,41,124,100,38,64,116" hai1="46,84,47,21,40,129,88,39,20,110,133,59,125" hai2="33,68,5,55,36,24,52,120,25,134,69,51,67" hai3="106,96,123,81,75,77,72,104,62,4,43,132,57"/><V86/><F36/><W71/><G71/><T94/><D122/><U15/><E110/><V115/><F120/><W90/><G123/><T73/><D35/><U42/><E125/><V127/><F127/><W102/><G43/><T112/><D124/><U97/><E133/><V56/><F134/><W30/><G132/><T111/><D111/><U29/><E129/><V61/><F115/><W89/><G4/><T50/><D112/><U82/><E97/><V105/><F105/><W17/><G30/><T114/><D114/><U0/><E0/><V48/><F69/><W28/><G28/><T135/><D135/><U9/><E59/><V8/><F86/><W45/><G45/><T126/><D126/><U32/><E29/><V19/><F19/><W118/><G118/><T98/><D64/><U22/><E32/><V58/><F33/><W101/><G17/><T6/><D117/><U27/><E27/><V119/><F119/><W65/><G75/><T70/><D116/><U113/><E113/><V85/><F85/><W26/><G26/><T14/><REACH who="0" step="1"/><D70/><REACH who="0" ten="106,351,268,245" step="2"/><U108/><E108/><V54/><REACH who="2" step="1"/><F54/><REACH who="2" ten="106,351,258,245" step="2"/><W16/><G65/><T60/><D60/><U53/><E53/><V79/><F79/><AGARI ba="2,4" hai="6,11,14,38,41,44,49,50,73,79,83,94,98,100" machi="79" ten="40,5200,0" yaku="1,1,52,1,53,1" doraHai="92" doraHaiUra="95" who="0" fromWho="2" sc="106,98,351,0,258,-58,245,0" /><INIT seed="7,0,0,1,4,25" ten="204,351,200,245" oya="3" hai0="3,111,9,72,55,23,95,50,130,90,118,46,54" hai1="28,1,47,32,109,8,85,71,80,31,65,78,98" hai2="131,100,42,64,101,123,122,115,76,30,6,40,102" hai3="52,120,114,125,132,51,92,99,75,21,59,26,104"/><W108/><G120/><N who="2" m="46121" /><F115/><W97/><G75/><T107/><D111/><U79/><E47/><V70/><F131/><W93/><G114/><T73/><D118/><U43/><E85/><V7/><F76/><W124/><G108/><T68/><D107/><U2/><E28/><V83/><F83/><W106/><G132/><T56/><D68/><U48/><E65/><V44/><F30/><N who="3" m="17743" /><G104/><T82/><D130/><U45/><E32/><V53/><F53/><W33/><G33/><T94/><D23/><U96/><E8/><V121/><N who="2" m="46129" /><V66/><DORA hai="49" /><F42/><W37/><G37/><T81/><D73/><U69/><E1/><V14/><F14/><W105/><G105/><T84/><D72/><U5/><E2/><V20/><F20/><W112/><G106/><T63/><REACH who="0" step="1"/><D82/><REACH who="0" ten="194,351,200,245" step="2"/><U113/><E80/><V38/><F70/><W17/><G112/><T126/><D126/><U134/><E69/><V89/><F89/><N who="3" m="55439" /><G125/><T110/><D110/><U86/><E71/><V13/><F13/><W22/><G124/><T12/><D12/><U67/><E113/><V117/><F117/><W36/><G36/><T35/><D35/><U41/><E109/><V133/><F133/><W29/><G22/><T91/><D91/><U27/><E134/><V119/><F119/><W127/><G127/><T135/><D135/><U128/><E128/><V34/><F34/><W39/><G39/><T58/><D58/><U116/><E116/><V60/><F60/><W74/><G74/><T11/><D11/><U87/><E78/><V61/><F61/><W16/><G59/><T15/><D15/><RYUUKYOKU ba="0,1" sc="194,15,351,-15,200,15,245,-15" hai0="3,9,46,50,54,55,56,63,81,84,90,94,95" hai2="6,7,38,40,44,64,66,100,101,102" owari="209,-29.0,346,44.0,215,-18.0,230,3.0" /></mjloggm>