<mjloggm ver="2.3"><GO type="169" lobby="0"/><UN n0="%E3%83%A4%E3%82%AD%E3%83%B3" n1="%E5%B0%B1%E6%B4%BB%E7%94%9F%40%E5%B7%9D%E6%9D%91%E8%BB%8D%E5%9B%A3" n2="%E3%81%B5%E3%81%8F%E3%82%84%E3%82%93" n3="%E6%97%A9%E7%94%B0%E9%80%B2" dan="18,18,18,17" rate="2223.01,2216.19,2195.54,2131.89" sx="M,M,M,M"/><TAIKYOKU oya="0"/><INIT seed="0,0,0,3,4,115" ten="250,250,250,250" oya="0" hai0="127,74,82,131,70,58,10,61,62,19,55,105,42" hai1="11,48,134,84,121,79,34,13,20,24,117,23,65" hai2="104,102,96,129,91,118,68,106,93,122,30,85,3" hai3="1,116,15,47,75,50,97,87,39,77,135,53,22"/><T73/><D105/><N who="2" m="40554" /><F68/><W56/><G1/><T27/><D127/><U89/><E121/><V72/><F3/><W94/><G75/><T126/><D126/><U46/><E134/><V100/><F30/><W57/><G135/><T0/><D42/><U103/><E103/><N who="2" m="39467" /><F122/><W66/><G39/><T108/><D108/><U2/><E2/><V95/><F129/><W43/><G66/><T80/><D131/><U33/><E79/><V44/><F44/><W6/><G57/><T78/><D27/><U37/><E37/><V92/><F118/><W101/><G116/><T71/><D61/><U107/><E107/><V52/><F52/><W67/><G67/><T14/><D0/><U125/><E65/><V12/><F12/><W88/><G77/><AGARI ba="0,0" hai="10,14,19,55,58,62,70,71,73,74,77,78,80,82" machi="77" ten="40,2000,0" yaku="9,1" doraHai="115" who="0" fromWho="3" sc="250,20,250,0,250,0,250,-20" /><INIT seed="0,1,0,3,2,129" ten="270,250,250,230" oya="0" hai0="94,56,36,24,41,81,130,86,60,83,59,39,88" hai1="0,20,44,3,99,57,33,37,78,46,131,1,27" hai2="54,93,79,134,12,25,72,82,120,53,47,70,122" hai3="84,64,22,38,118,51,119,80,52,10,62,30,4"/><T105/><D105/><U113/><E131/><V91/><F70/><W35/><G35/><T112/><D112/><U68/><E68/><V100/><F100/><W15/><G38/><T85/><D130/><U126/><E126/><V26/><F12/><W76/><G30/><T58/><D41/><U127/><E127/><V135/><F25/><W45/><REACH who="3" step="1"/><G22/><REACH who="3" ten="270,250,250,220" step="2"/><T90/><D60/><U132/><E37/><V29/><F122/><W96/><G96/><T125/><D125/><U11/><E99/><V95/><F120/><W123/><G123/><T98/><REACH who="0" step="1"/><D24/><REACH who="0" ten="260,250,250,220" step="2"/><U66/><E27/><V63/><F26/><W18/><G18/><T28/><D28/><U87/><E113/><V109/><F29/><W106/><G106/><T49/><D49/><U111/><E111/><V71/><F109/><W40/><G40/><T6/><D6/><U97/><E33/><V19/><F19/><W67/><G67/><T116/><D116/><U65/><E66/><V121/><F121/><W92/><G92/><T50/><D50/><U114/><E65/><V75/><F95/><W89/><G89/><AGARI ba="1,2" hai="36,39,56,58,59,81,83,85,86,88,89,90,94,98" machi="89" ten="40,7700,0" yaku="1,1,9,1,54,1,53,0" doraHai="129" doraHaiUra="21" who="0" fromWho="3" sc="260,100,250,0,250,0,220,-80" /><INIT seed="0,2,0,5,2,109" ten="360,250,250,140" oya="0" hai0="46,29,74,92,8,102,21,6,76,96,124,82,87" hai1="84,75,78,40,121,122,53,135,49,62,108,72,28" hai2="123,25,42,44,61,127,54,79,33,52,104,63,68" hai3="111,41,43,45,26,34,117,20,13,119,100,73,4"/><T55/><D124/><U31/><E108/><V81/><F104/><W36/><G111/><T65/><D65/><U27/><E135/><V126/><F33/><W11/><G73/><T24/><D74/><U0/><E0/><V58/><F25/><W47/><G34/><T132/><D132/><U39/><E39/><V15/><F15/><W48/><REACH who="3" step="1"/><G100/><REACH who="3" ten="360,250,250,130" step="2"/><T30/><D30/><AGARI ba="2,1" hai="4,11,13,20,26,30,36,41,43,45,47,48,117,119" machi="30" ten="30,3900,0" yaku="1,1,2,1,7,1,53,0" doraHai="109" doraHaiUra="133" who="3" fromWho="0" sc="360,-45,250,0,250,0,130,55" /><INIT seed="1,0,0,1,4,76" ten="315,250,250,185" oya="1" hai0="45,87,9,28,102,132,119,20,2,15,70,12,99" hai1="59,16,134,120,79,51,30,10,77,67,110,37,135" hai2="36,52,74,55,1,109,75,117,83,11,122,106,80" hai3="124,93,111,53,71,85,125,114,43,100,25,29,47"/><U88/><E120/><V107/><F36/><W61/><G114/><T41/><D119/><U26/><E37/><V130/><F117/><W19/><G111/><T34/><D70/><U17/><E110/><V8/><F109/><W65/><G53/><T60/><D34/><U33/><E77/><V105/><F130/><W44/><G19/><T24/><D60/><U95/><E79/><V96/><F96/><W121/><G121/><T92/><D132/><U81/><E81/><N who="2" m="31307" /><F1/><W68/><G68/><T31/><D87/><U35/><E35/><V133/><F133/><N who="1" m="50697" /><E10/><N who="2" m="3627" /><F122/><W21/><G71/><T94/><D94/><U66/><E51/><V113/><F113/><W73/><G93/><T39/><D2/><U0/><E0/><V46/><F46/><W72/><G47/><T48/><D39/><U131/><E131/><V69/><F69/><W54/><G44/><T98/><D98/><N who="1" m="57703" /><E59/><V38/><F38/><W126/><G73/><AGARI ba="0,0" hai="52,55,73,74,75,105,106,107" m="3627,31307" machi="73" ten="40,12000,2" yaku="28,2,52,3,54,1" doraHai="76" who="2" fromWho="3" sc="315,0,250,0,250,120,185,-120" /><INIT seed="2,0,0,1,4,80" ten="315,250,370,65" oya="2" hai0="16,46,51,135,12,10,59,133,94,4,5,89,76" hai1="56,92,78,84,24,86,79,67,117,37,105,70,122" hai2="77,98,64,39,74,82,87,21,3,123,88,38,121" hai3="32,63,48,72,50,111,45,55,8,75,71,11,107"/><V102/><F3/><W99/><G111/><T119/><D119/><U35/><E105/><N who="2" m="63703" /><F21/><W18/><G32/><T104/><D76/><N who="1" m="29227" /><E70/><V126/><F64/><W31/><G31/><T124/><D104/><U9/><E37/><V0/><F0/><W54/><G71/><T57/><D124/><U47/><E35/><V19/><F19/><W25/><G63/><T103/><D103/><U134/><E117/><V130/><F126/><W128/><G128/><T49/><D135/><U95/><E122/><V69/><F69/><W30/><G107/><T132/><D132/><U27/><E9/><V129/><F38/><W112/><G99/><T28/><D28/><U120/><E120/><N who="2" m="46155" /><F39/><W108/><G112/><T58/><D133/><U116/><E116/><V26/><F26/><N who="1" m="9769" /><E47/><V13/><F13/><W97/><G11/><T113/><D113/><U101/><E134/><V127/><F127/><W7/><G18/><T41/><REACH who="0" step="1"/><D51/><REACH who="0" ten="305,250,370,65" step="2"/><U22/><E101/><V61/><F61/><W6/><G30/><T15/><D15/><U29/><E29/><V42/><F42/><W81/><G25/><T53/><D53/><U33/><E33/><V60/><F60/><W1/><G50/><T85/><AGARI ba="0,1" hai="4,5,10,12,16,41,46,49,57,58,59,85,89,94" machi="85" ten="30,8000,1" yaku="1,1,0,1,8,1,52,1,54,1,53,0" doraHai="80" doraHaiUra="110" who="0" fromWho="0" sc="305,90,250,-20,370,-40,65,-20" /><INIT seed="3,0,0,4,5,9" ten="395,230,330,45" oya="3" hai0="102,89,99,126,120,135,60,15,82,133,61,24,40" hai1="92,88,97,57,18,42,58,81,41,64,124,63,25" hai2="76,98,1,55,16,49,107,21,128,91,19,20,10" hai3="83,50,65,117,48,84,86,59,0,85,51,5,111"/><W12/><G117/><T22/><D120/><U44/><E124/><V122/><F76/><W13/><G111/><T56/><D40/><U28/><E81/><V2/><F128/><W68/><G68/><T118/><D118/><U7/><E7/><V74/><F74/><W29/><G29/><T87/><D126/><U75/><E75/><V77/><F77/><W114/><G114/><T121/><D121/><U106/><E106/><V26/><F10/><W103/><G103/><T90/><D90/><U4/><E4/><V72/><F72/><W100/><G100/><T46/><D46/><U6/><E6/><V112/><F112/><W39/><G39/><T52/><D61/><U34/><E44/><V36/><F36/><W31/><G31/><T67/><D67/><U101/><E101/><V94/><F107/><W80/><G0/><T95/><REACH who="0" step="1"/><D15/><REACH who="0" ten="385,230,330,45" step="2"/><N who="3" m="5705" /><G5/><T71/><D71/><U27/><E57/><V110/><F122/><W69/><G69/><T109/><D109/><U70/><E70/><V125/><F110/><W130/><G130/><T104/><D104/><U37/><E37/><V113/><F125/><W38/><G38/><T78/><D78/><U105/><E105/><V11/><F113/><W93/><G93/><T115/><D115/><U108/><E108/><V132/><F2/><W123/><G123/><T17/><AGARI ba="0,1" hai="17,22,24,52,56,60,82,87,89,95,99,102,133,135" machi="17" ten="30,4000,0" yaku="1,1,0,1,54,1,53,0" doraHai="9" doraHaiUra="3" who="0" fromWho="0" sc="385,50,230,-10,330,-10,45,-20" /><INIT seed="4,0,0,0,5,117" ten="435,220,320,25" oya="0" hai0="83,15,30,110,128,96,42,13,112,49,120,70,101" hai1="105,61,79,62,19,11,86,129,113,99,10,90,72" hai2="52,60,68,4,37,31,67,91,66,88,50,132,64" hai3="48,5,44,97,6,43,39,46,14,80,57,130,7"/><T102/><D112/><U21/><E129/><V87/><F4/><W82/><G130/><T84/><D70/><U124/><E124/><V33/><F37/><W56/><G14/><T76/><D128/><U108/><E108/><V74/><F74/><W85/><G97/><T18/><D110/><U0/><E0/><V135/><F33/><W54/><REACH who="3" step="1"/><G82/><REACH who="3" ten="435,220,320,15" step="2"/><T106/><D15/><U121/><E113/><V81/><F135/><W27/><G27/><T45/><D96/><U111/><E99/><V118/><F132/><W94/><G94/><T73/><D106/><U29/><E111/><V38/><F118/><W55/><G55/><T59/><D13/><U104/><E105/><V71/><F81/><W20/><G20/><T119/><D83/><U23/><E21/><V122/><F67/><W78/><AGARI ba="0,1" hai="5,6,7,39,43,44,46,48,54,56,57,78,80,85" machi="78" ten="30,2000,0" yaku="1,1,0,1,53,0" doraHai="117" doraHaiUra="134" who="3" fromWho="3" sc="435,-10,220,-5,320,-5,15,30" /><INIT seed="5,0,0,0,2,17" ten="425,215,315,45" oya="1" hai0="4,134,92,114,108,103,121,38,95,11,104,22,68" hai1="117,122,43,9,125,55,113,128,50,60,107,118,75" hai2="28,34,65,33,105,96,115,97,57,7,91,123,71" hai3="98,64,29,35,49,89,26,39,37,106,47,82,74"/><U99/><E75/><V66/><F71/><W90/><G64/><T54/><D108/><U80/><E122/><V56/><F7/><W73/><G73/><T3/><D38/><U126/><E80/><V67/><F105/><W77/><G90/><T19/><D68/><U130/><E99/><V18/><F123/><W13/><G13/><T119/><D119/><N who="1" m="45579" /><E9/><V51/><F51/><W86/><G98/><T25/><D103/><U41/><E60/><V1/><F1/><W23/><G35/><T24/><D104/><U30/><E30/><V78/><F78/><W100/><G100/><T111/><D111/><U79/><E79/><V0/><F0/><W94/><REACH who="3" step="1"/><G106/><REACH who="3" ten="425,215,315,35" step="2"/><T135/><D121/><U93/><E107/><V52/><F97/><W76/><G76/><T20/><D95/><U48/><E93/><V132/><F34/><W88/><G88/><T16/><D92/><U46/><E113/><V15/><F115/><W72/><G72/><T36/><D114/><U32/><E32/><V81/><F96/><W83/><G83/><T45/><D36/><U8/><E8/><V21/><F81/><W120/><G120/><T6/><D11/><U127/><E41/><AGARI ba="0,1" hai="23,26,29,37,39,41,47,49,74,77,82,86,89,94" machi="41" ten="30,7700,0" yaku="1,1,7,1,52,1,53,1" doraHai="17" doraHaiUra="85" who="3" fromWho="1" sc="425,0,215,-77,315,0,35,87" /><INIT seed="6,0,0,0,4,5" ten="425,138,315,122" oya="2" hai0="65,41,56,27,59,12,84,85,126,17,21,115,135" hai1="89,70,20,6,76,94,52,78,116,15,23,114,53" hai2="31,101,77,29,50,72,38,11,86,24,134,123,93" hai3="9,95,61,28,127,122,58,60,82,4,90,80,88"/><V51/><F38/><W69/><G122/><T45/><D115/><U117/><E70/><V42/><F72/><W110/><G110/><T100/><D126/><U106/><E106/><V1/><F134/><W3/><G127/><T133/><D100/><U124/><E124/><V130/><F130/><W44/><G28/><T18/><D133/><U14/><E114/><V8/><F1/><W7/><G44/><T97/><D97/><U107/><E107/><V19/><F101/><W32/><G32/><T30/><D135/><U102/><E102/><V103/><F103/><W109/><G109/><T55/><D65/><U34/><E34/><V132/><F123/><W62/><G7/><T25/><D18/><U54/><E116/><V108/><F108/><W129/><G129/><T43/><D59/><U26/><E20/><N who="2" m="13343" /><F132/><W128/><G128/><T74/><D74/><U39/><E39/><V111/><F111/><W10/><G69/><T104/><D104/><U87/><E117/><V131/><F131/><W92/><G58/><T81/><D45/><U91/><E91/><N who="3" m="34858" /><G4/><T13/><D41/><U73/><E73/><V120/><F120/><W119/><G3/><T35/><D43/><U48/><E48/><N who="2" m="18475" /><F42/><W36/><G36/><T83/><D56/><U37/><E37/><V113/><F113/><W40/><G40/><T112/><D112/><U57/><E57/><V67/><F67/><W64/><G64/><T0/><D0/><U79/><E6/><V125/><F125/><W16/><G119/><T33/><D55/><U68/><E68/><V99/><F31/><AGARI ba="0,0" hai="14,15,23,26,31,52,53,54,76,78,79,87,89,94" machi="31" ten="40,2600,0" yaku="8,1,54,1" doraHai="5" who="1" fromWho="2" sc="425,0,138,26,315,-26,122,0" /><INIT seed="7,0,0,1,0,102" ten="425,164,289,122" oya="3" hai0="81,62,123,28,113,0,92,106,89,8,33,21,100" hai1="27,88,3,107,132,131,82,97,72,41,13,2,134" hai2="99,34,110,64,94,111,4,12,37,6,78,93,46" hai3="70,24,85,87,31,74,103,124,25,57,112,45,23"/><W10/><G70/><T69/><D123/><U44/><E131/><V18/><F34/><W19/><G74/><T75/><D33/><U43/><E27/><V32/><F32/><W128/><G128/><T126/><D126/><U83/><E13/><V115/><F78/><W14/><G124/><T35/><D21/><U125/><E125/><V121/><F64/><W5/><G112/><T98/><D28/><U52/><E52/><V68/><F68/><W109/><G109/><T127/><D35/><U17/><E17/><V58/><F121/><W63/><G45/><T117/><D117/><U36/><E43/><V29/><F58/><W130/><G130/><T119/><D81/><N who="1" m="30731" /><E72/><V56/><F56/><W60/><G103/><T48/><D100/><N who="1" m="62863" /><E88/><V86/><F46/><W84/><REACH who="3" step="1"/><G57/><REACH who="3" ten="425,164,289,112" step="2"/><T11/><D113/><U38/><E38/><V15/><F37/><W77/><G77/><T95/><D69/><U61/><E61/><V59/><F115/><W50/><G50/><T47/><D127/><U108/><E108/><V66/><F59/><W133/><G133/><AGARI ba="0,1" hai="2,3,36,41,44,132,133,134" m="62863,30731" machi="133" ten="30,2000,0" yaku="20,1,52,1" doraHai="102" who="1" fromWho="3" sc="425,0,164,30,289,0,112,-20" owari="425,53.0,194,-21.0,289,9.0,92,-41.0" /></mjloggm>