<mjloggm ver="2.3"><GO type="225" lobby="0"/><UN n0="%46%4C%41%4D%45" n1="%E4%B8%87%E8%83%BD%E3%81%AD%E3%81%8E" n2="%E3%81%8A%E3%81%BE%E3%81%A4%E3%82%8A" n3="%E5%B0%B1%E6%B4%BB%E7%94%9F%40%E5%B7%9D%E6%9D%91%E8%BB%8D%E5%9B%A3" dan="16,16,16,17" rate="2061.07,2045.70,2123.93,2167.16" sx="M,M,M,M"/><TAIKYOKU oya="0"/><INIT seed="0,0,0,2,5,124" ten="250,250,250,250" oya="0" hai0="36,49,67,107,19,133,69,91,65,21,77,26,16" hai1="8,79,61,63,24,64,42,46,71,97,57,129,109" hai2="86,95,105,56,126,75,78,123,125,100,85,10,80" hai3="88,20,2,28,127,53,5,40,103,98,9,72,51"/><T90/><D36/><U73/><E109/><V44/><F10/><W18/><G127/><N who="2" m="48649" /><F44/><W118/><G72/><T31/><D107/><U39/><E24/><V120/><F56/><W70/><G70/><T1/><D1/><U11/><E129/><V87/><F105/><W47/><G28/><T32/><D133/><U34/><E34/><V58/><F58/><W41/><G118/><T33/><D77/><U81/><REACH who="1" step="1"/><E97/><AGARI ba="0,0" hai="75,78,80,85,86,87,95,97,100,120,123" m="48649" machi="97" ten="30,3900,0" yaku="18,1,34,2" doraHai="124" who="2" fromWho="1" sc="250,0,250,-39,250,39,250,0" /><INIT seed="1,0,0,5,2,22" ten="250,211,289,250" oya="1" hai0="25,102,89,24,101,123,77,97,91,105,99,4,18" hai1="100,71,80,87,95,2,106,134,61,20,15,48,135" hai2="70,127,107,47,125,73,49,111,131,11,130,86,120" hai3="56,74,33,41,13,132,78,121,28,27,51,67,55"/><U108/><E2/><V43/><F73/><W59/><G121/><T115/><D115/><U118/><E106/><V133/><F107/><W79/><G132/><N who="1" m="50730" /><E118/><V88/><F133/><W104/><G104/><T19/><D4/><U9/><E48/><V110/><F11/><W5/><G74/><T6/><D6/><N who="1" m="3511" /><E108/><N who="2" m="41515" /><F120/><W52/><G41/><T81/><D123/><U129/><E129/><N who="2" m="49163" /><F49/><W113/><G113/><T32/><D32/><U21/><E95/><V31/><F31/><W68/><G13/><T17/><D91/><N who="1" m="51687" /><E100/><V23/><F70/><W116/><G5/><T72/><REACH who="0" step="1"/><D89/><REACH who="0" ten="240,211,289,250" step="2"/><U117/><E117/><V62/><F88/><W109/><G116/><T50/><D50/><U90/><E90/><V29/><F125/><W36/><G109/><T37/><D37/><U8/><E8/><V75/><F127/><W85/><G36/><T84/><D84/><U69/><E61/><V60/><F86/><W119/><G85/><T30/><D30/><U93/><E93/><AGARI ba="0,1" hai="17,18,19,24,25,72,77,81,93,97,99,101,102,105" machi="93" ten="40,8000,1" yaku="1,1,52,2,53,2" doraHai="22" doraHaiUra="92" who="0" fromWho="1" sc="240,90,211,-80,289,0,250,0" /><INIT seed="2,0,0,1,1,101" ten="330,131,289,250" oya="2" hai0="94,99,31,133,82,62,100,48,57,35,117,104,88" hai1="18,28,98,89,135,129,71,121,126,29,52,3,112" hai2="84,8,37,13,14,119,64,131,86,63,125,42,22" hai3="16,72,97,11,93,34,122,76,96,43,91,102,127"/><V7/><F119/><W38/><G34/><T30/><D117/><U12/><E3/><V81/><BYE who="1" /><F125/><W21/><G122/><T15/><D133/><U113/><E113/><V6/><F131/><W116/><G127/><T27/><D30/><U118/><E118/><V20/><F37/><W59/><G116/><T106/><D15/><UN n1="%E4%B8%87%E8%83%BD%E3%81%AD%E3%81%8E" /><U77/><E126/><V80/><F42/><W23/><G72/><T33/><D33/><U49/><E52/><V53/><F53/><W17/><G76/><T114/><D114/><U115/><E89/><V25/><F25/><W67/><G38/><T60/><D48/><U124/><E18/><V1/><F1/><W61/><G43/><T56/><D56/><U74/><E98/><V44/><F44/><W51/><G51/><T78/><D100/><U120/><E12/><V19/><F63/><W54/><G67/><T73/><D62/><U0/><E77/><V58/><F58/><W9/><G21/><T103/><D103/><U45/><E115/><V70/><F19/><W128/><G128/><T69/><D69/><U5/><E112/><V46/><F70/><W2/><G2/><T26/><D26/><U90/><E121/><V85/><F46/><W123/><G123/><T66/><AGARI ba="0,0" hai="27,31,35,57,60,66,73,78,82,88,94,99,104,106" machi="66" ten="20,8000,1" yaku="0,1,7,1,52,2,54,1" doraHai="101" who="0" fromWho="0" sc="330,80,131,-20,289,-40,250,-20" /><INIT seed="3,0,0,5,2,45" ten="410,111,249,230" oya="3" hai0="110,81,40,29,9,83,100,131,77,36,127,125,93" hai1="65,42,133,58,69,50,52,23,96,92,15,30,106" hai2="112,25,68,28,64,113,24,111,76,75,17,115,22" hai3="74,13,66,18,121,59,27,117,129,7,102,97,116"/><W95/><G121/><T78/><D29/><U84/><E133/><V82/><F111/><W49/><G74/><T99/><D110/><U0/><E0/><V19/><F19/><W105/><G129/><T101/><D131/><U107/><E84/><V4/><F4/><W109/><G109/><T67/><D67/><U8/><E42/><V3/><F3/><W47/><G105/><T60/><D60/><U87/><E87/><V43/><F43/><W5/><G27/><T26/><D26/><U91/><E23/><V70/><F64/><W119/><G59/><T39/><D9/><U123/><E30/><V46/><F46/><W62/><G62/><T122/><D122/><U89/><E123/><V63/><F63/><W79/><G79/><T55/><D55/><U98/><E65/><V37/><F37/><W90/><G66/><T14/><D40/><U2/><E2/><V20/><AGARI ba="0,0" hai="17,20,22,24,25,28,68,70,75,76,82,112,113,115" machi="20" ten="40,1500,0" yaku="0,1" doraHai="45" who="2" fromWho="2" sc="410,-4,111,-4,249,15,230,-7" owari="406,51.0,107,-39.0,264,6.0,223,-18.0" /></mjloggm>