<mjloggm ver="2.3"><GO type="169" lobby="0"/><UN n0="%E5%B0%B1%E6%B4%BB%E7%94%9F%40%E5%B7%9D%E6%9D%91%E8%BB%8D%E5%9B%A3" n1="%E2%80%A0%E3%81%BE%E3%83%BC%E5%9D%8A%E2%80%A0" n2="%49%53%53%4F%4E%34" n3="%E6%99%82%E3%81%AE%E6%BC%82%E6%B3%8A" dan="18,17,16,16" rate="2249.60,2181.48,2159.52,2186.94" sx="M,M,M,F"/><TAIKYOKU oya="0"/><INIT seed="0,0,0,4,1,89" ten="250,250,250,250" oya="0" hai0="64,29,35,62,86,14,11,2,25,85,1,107,123" hai1="97,41,82,28,24,115,108,53,92,70,51,116,49" hai2="22,67,133,99,54,31,132,44,20,3,32,6,105" hai3="66,57,102,34,33,98,26,124,91,94,73,10,16"/><T129/><D123/><U36/><E70/><V38/><F67/><W23/><G73/><T131/><D107/><U87/><E116/><V74/><F54/><W63/><G124/><T126/><D126/><U55/><E108/><V42/><F22/><W81/><G81/><T19/><D85/><U9/><E36/><V46/><F20/><W12/><REACH who="3" step="1"/><G102/><REACH who="3" ten="250,250,250,240" step="2"/><T90/><D129/><U84/><E82/><V60/><F74/><W101/><G101/><T83/><REACH who="0" step="1"/><D131/><REACH who="0" ten="240,250,250,240" step="2"/><U110/><E110/><V96/><F132/><W95/><G95/><T39/><D39/><U104/><E92/><V113/><F133/><W50/><G50/><T21/><D21/><U119/><E51/><V80/><F38/><W111/><G111/><T71/><AGARI ba="0,2" hai="1,2,11,14,19,25,29,35,62,64,71,83,86,90" machi="71" ten="20,3900,0" yaku="1,1,0,1,7,1,53,0" doraHai="89" doraHaiUra="72" who="0" fromWho="0" sc="240,59,250,-13,250,-13,240,-13" /><INIT seed="0,1,0,5,5,3" ten="299,237,237,227" oya="0" hai0="31,110,83,77,92,101,87,103,111,53,116,74,6" hai1="109,119,56,41,135,49,107,86,30,117,102,16,24" hai2="43,79,62,95,72,44,28,11,65,19,50,1,47" hai3="66,15,4,73,68,34,100,48,18,115,84,94,80"/><T17/><D116/><U96/><E109/><N who="0" m="41481" /><D31/><U40/><E135/><V93/><F28/><W22/><G115/><T38/><D38/><U12/><E41/><V78/><F47/><W127/><G34/><T0/><D17/><U121/><E121/><V129/><F129/><W33/><G33/><T45/><D45/><U8/><E86/><V58/><F72/><W106/><G127/><T36/><D36/><U39/><E39/><V104/><F104/><W112/><G112/><T126/><D126/><U134/><E134/><V55/><F1/><W35/><G35/><T97/><D53/><U105/><E105/><V124/><F124/><W42/><G42/><T113/><D113/><U5/><E30/><V88/><F93/><W130/><G130/><T132/><D132/><U85/><E85/><N who="2" m="52623" /><F43/><W10/><G106/><T64/><D64/><U7/><E24/><V61/><F61/><W27/><G66/><T122/><D122/><U75/><E75/><V108/><F108/><W89/><G73/><T76/><D74/><U123/><E123/><V98/><F65/><W133/><G133/><T70/><D70/><U20/><E20/><V51/><F44/><W26/><G68/><T114/><D114/><U14/><E40/><V91/><F55/><W13/><G48/><T69/><D69/><U32/><E32/><V23/><F51/><W81/><REACH who="3" step="1"/><G100/><REACH who="3" ten="299,237,237,217" step="2"/><N who="0" m="60455" /><D77/><U128/><E128/><V90/><F79/><W37/><G37/><T131/><D131/><U60/><E49/><V52/><F78/><W54/><G54/><T63/><D63/><U125/><E125/><V25/><F50/><RYUUKYOKU ba="1,1" sc="299,15,237,-15,237,-15,217,15" hai0="0,6,76,83,87,101,103" hai3="4,10,13,15,18,22,26,27,80,81,84,89,94" /><INIT seed="0,2,1,3,3,110" ten="314,222,222,232" oya="0" hai0="53,108,40,85,97,24,106,86,28,43,23,88,58" hai1="55,2,70,48,91,20,131,1,122,72,38,134,121" hai2="29,94,113,120,125,35,118,92,26,126,63,6,7" hai3="52,62,42,103,95,47,104,13,67,135,64,107,8"/><T60/><D108/><U56/><E72/><V100/><F120/><W68/><G135/><T25/><D86/><U18/><E70/><V105/><F105/><W128/><G128/><T3/><D3/><U73/><E38/><V15/><F118/><W93/><G67/><T59/><D106/><U31/><E73/><V111/><F111/><W14/><G14/><T51/><D97/><U9/><E131/><V81/><F81/><W79/><G79/><T19/><D28/><U109/><E109/><V4/><F63/><W36/><G95/><T34/><D34/><U102/><E102/><V50/><F50/><W30/><G30/><T112/><D112/><U129/><E129/><V39/><F39/><W69/><G69/><T71/><D71/><U75/><E75/><V123/><F123/><W74/><G74/><T78/><D78/><U61/><E31/><V57/><F57/><W65/><G65/><T90/><D25/><U44/><E91/><V80/><F80/><W115/><G115/><T46/><D90/><U98/><E98/><N who="2" m="59463" /><F94/><W119/><G119/><T12/><D24/><U22/><E1/><V17/><F113/><W133/><G133/><T54/><D46/><U132/><E122/><V32/><F32/><W45/><G93/><AGARI ba="2,1" hai="12,19,23,40,43,51,53,54,58,59,60,85,88,93" machi="93" ten="30,12000,1" yaku="7,1,25,2,8,1,54,1" doraHai="110" who="0" fromWho="3" sc="314,136,222,0,222,0,232,-126" /><INIT seed="0,3,0,3,1,103" ten="450,222,222,106" oya="0" hai0="97,23,67,117,124,135,16,22,61,108,17,127,98" hai1="39,33,75,88,102,15,94,80,110,25,55,21,42" hai2="65,0,79,120,52,31,50,77,27,71,12,37,99" hai3="131,4,48,14,64,20,104,105,46,119,107,130,60"/><T125/><D117/><U51/><E110/><V11/><F0/><W9/><G119/><T24/><D135/><U113/><E33/><V111/><F37/><W63/><G20/><T95/><D108/><U58/><E113/><V66/><F111/><W54/><REACH who="3" step="1"/><G63/><REACH who="3" ten="450,222,222,96" step="2"/><T62/><D62/><U90/><E21/><N who="2" m="15855" /><F120/><W29/><G29/><T6/><D6/><U73/><E25/><V1/><F71/><AGARI ba="3,1" hai="4,9,14,46,48,54,60,64,71,104,105,107,130,131" machi="71" ten="40,8000,1" yaku="1,1,52,3,53,0" doraHai="103" doraHaiUra="93" who="3" fromWho="2" sc="450,0,222,0,222,-89,96,99" /><INIT seed="1,0,0,4,0,41" ten="450,222,133,195" oya="1" hai0="26,108,47,72,36,40,123,4,99,79,29,93,13" hai1="75,104,88,116,11,91,82,51,114,15,61,5,59" hai2="62,69,56,0,67,76,120,30,50,31,97,87,8" hai3="21,28,86,77,102,132,121,92,105,14,66,37,133"/><U128/><E116/><V70/><F120/><W80/><G121/><T17/><D123/><U135/><E114/><V113/><F113/><W16/><G105/><T125/><D125/><U100/><E128/><V101/><F0/><W106/><G106/><T54/><D108/><U34/><E34/><V115/><F115/><W18/><G37/><T57/><D4/><U25/><E135/><N who="3" m="51786" /><G66/><T134/><D134/><U35/><E104/><V130/><F130/><W89/><G102/><T48/><D79/><U6/><E100/><V3/><F3/><W95/><G28/><T78/><D78/><U38/><E38/><V126/><F126/><W39/><G39/><T98/><D72/><U55/><E75/><V119/><F8/><N who="3" m="6215" /><G77/><T1/><D93/><U53/><E5/><V64/><F119/><W84/><G84/><T43/><D1/><U65/><E53/><V12/><F76/><W22/><G22/><T49/><D29/><U45/><REACH who="1" step="1"/><E82/><REACH who="1" ten="450,212,133,195" step="2"/><V81/><F81/><W96/><G96/><T58/><D98/><U118/><E118/><V73/><F97/><W94/><G80/><T110/><D99/><U46/><E46/><V85/><F101/><W71/><G95/><T60/><D36/><U44/><E44/><V111/><F73/><W112/><G112/><T42/><D110/><U20/><E20/><V129/><F111/><W83/><G83/><T2/><D47/><U74/><E74/><V23/><F129/><W10/><G94/><T7/><D54/><U122/><E122/><V9/><F23/><W127/><G21/><N who="0" m="13615" /><D7/><U107/><E107/><V109/><F109/><RYUUKYOKU ba="0,1" sc="450,-10,212,30,133,-10,195,-10" hai1="6,11,15,25,35,45,51,55,59,61,65,88,91" /><INIT seed="1,1,1,1,5,42" ten="440,242,123,185" oya="1" hai0="1,59,82,68,114,120,25,76,31,21,2,53,122" hai1="132,90,83,54,63,127,72,65,39,107,27,108,129" hai2="66,38,117,88,10,19,7,20,28,116,71,81,97" hai3="98,3,23,115,30,16,96,87,45,92,118,112,32"/><U26/><E107/><V85/><F38/><W11/><G118/><T52/><D68/><U24/><E129/><V69/><F28/><W74/><G74/><T80/><D114/><U8/><E132/><V22/><F22/><W105/><G105/><T15/><D15/><U36/><E127/><V51/><F71/><W9/><G112/><T34/><D34/><U77/><E54/><V14/><F51/><W17/><G115/><T135/><D135/><U67/><E108/><V134/><F134/><W91/><G32/><T73/><D82/><U40/><E40/><V102/><F69/><W13/><G30/><T99/><D99/><U46/><E46/><V0/><REACH who="2" step="1"/><F66/><REACH who="2" ten="440,242,113,185" step="2"/><W126/><G126/><T89/><D53/><U101/><E65/><V106/><AGARI ba="1,2" hai="0,7,10,14,19,20,81,85,88,97,102,106,116,117" machi="106" ten="20,12000,2" yaku="1,1,2,1,0,1,7,1,54,1,53,1" doraHai="42" doraHaiUra="93" who="2" fromWho="2" sc="440,-31,242,-61,113,143,185,-31" /><INIT seed="2,0,0,0,3,7" ten="409,181,256,154" oya="2" hai0="3,76,27,134,28,50,87,23,41,16,116,63,130" hai1="121,122,118,20,8,103,127,74,120,107,109,2,32" hai2="78,89,75,97,83,35,30,57,105,77,68,111,117" hai3="82,86,11,49,47,4,25,135,99,67,104,9,101"/><V46/><F68/><W90/><G135/><T34/><D130/><U79/><E20/><V37/><F117/><W65/><G25/><T69/><D134/><U36/><E118/><V71/><F71/><W31/><G31/><T92/><D3/><U1/><E32/><V124/><F35/><W62/><G4/><T17/><D116/><U128/><E128/><V81/><F30/><W93/><G104/><T96/><D69/><U19/><E36/><V33/><F33/><W98/><G98/><T125/><D125/><U24/><E24/><V123/><F57/><W126/><G126/><T40/><D63/><U54/><E54/><V56/><F56/><N who="3" m="37063" /><G67/><T43/><D50/><U84/><E127/><V112/><F124/><W38/><G38/><T14/><D17/><U72/><E1/><V21/><F123/><W88/><G101/><T66/><D66/><U114/><E103/><N who="2" m="62703" /><F46/><W6/><G6/><T10/><D76/><N who="2" m="29290" /><F37/><W102/><G102/><N who="0" m="60679" /><D87/><U113/><E2/><V29/><F29/><W133/><G133/><T119/><D119/><U52/><E121/><V5/><F5/><W131/><G131/><T13/><D34/><U26/><E122/><V42/><F21/><W95/><G95/><T70/><D70/><U132/><E120/><V53/><F75/><W85/><G99/><T51/><D51/><U0/><E74/><V100/><F100/><W22/><G22/><N who="0" m="15479" /><D14/><N who="1" m="7623" /><E72/><V18/><F18/><W94/><G94/><T64/><D64/><U55/><E132/><V129/><F129/><W61/><G61/><T60/><D23/><U58/><E107/><V91/><F81/><RYUUKYOKU ba="0,0" sc="409,15,181,-15,256,-15,154,15" hai0="10,13,16,40,41,43,60" hai3="9,11,47,49,82,85,86,88,90,93" /><INIT seed="3,1,0,3,1,19" ten="424,166,241,169" oya="3" hai0="71,87,76,7,122,114,48,65,74,86,109,41,58" hai1="56,116,85,129,108,12,90,115,118,91,52,33,62" hai2="50,82,117,94,124,64,72,63,54,14,22,107,16" hai3="83,80,89,119,102,61,6,125,75,66,15,42,134"/><W43/><G119/><T55/><D109/><U135/><E115/><V40/><F107/><W49/><G134/><T92/><D122/><U99/><E108/><V1/><F117/><W101/><G125/><T68/><D114/><U18/><E135/><V2/><F124/><W113/><G113/><T30/><D74/><U120/><E120/><V78/><F40/><W28/><G75/><T95/><D7/><U106/><E129/><V98/><F50/><W27/><G43/><T104/><D104/><U45/><E33/><V105/><F105/><W10/><G42/><T70/><D65/><U24/><E45/><V35/><F35/><W17/><G49/><T110/><D110/><U73/><E73/><V53/><F1/><W57/><G6/><T126/><D126/><U5/><E5/><V128/><F2/><W93/><G101/><T26/><D41/><U77/><E77/><V11/><F11/><W103/><G103/><T3/><D3/><U60/><E60/><V25/><F14/><W133/><G102/><T97/><D76/><U8/><E106/><V37/><F37/><W123/><G133/><T59/><D59/><U88/><E99/><V51/><F51/><W4/><G4/><T13/><D13/><U44/><E44/><V100/><REACH who="2" step="1"/><F128/><REACH who="2" ten="424,166,231,169" step="2"/><W31/><G123/><T9/><D9/><U112/><E112/><V111/><F111/><W67/><G10/><T36/><D36/><U132/><E132/><V39/><F39/><W32/><G15/><T131/><D131/><U84/><E24/><V130/><F130/><W47/><G27/><T0/><D26/><RYUUKYOKU ba="1,1" sc="424,-15,166,15,231,15,169,-15" hai1="8,12,18,52,56,62,84,85,88,90,91,116,118" hai2="16,22,25,53,54,63,64,72,78,82,94,98,100" /><INIT seed="4,2,1,3,5,107" ten="409,181,246,154" oya="0" hai0="133,24,106,49,48,47,135,19,61,76,54,81,99" hai1="101,117,114,100,16,14,20,102,110,27,7,125,130" hai2="121,80,129,109,128,15,72,78,118,5,3,88,4" hai3="58,22,116,56,124,31,9,87,46,94,6,13,64"/><T63/><D106/><U10/><E117/><V84/><F109/><W57/><G116/><T70/><D99/><U119/><E119/><V74/><F118/><W77/><G124/><T96/><D96/><U132/><E110/><V21/><F121/><W79/><G46/><T33/><D48/><U29/><E125/><V67/><F3/><W60/><G77/><T18/><D33/><U17/><E130/><N who="2" m="50283" /><F67/><W28/><G94/><T69/><D61/><U111/><E111/><V0/><F0/><W97/><G97/><T40/><D40/><U43/><E132/><N who="0" m="50761" /><D63/><U1/><E114/><V25/><F15/><W37/><G37/><T115/><D115/><U105/><E105/><V36/><F36/><W11/><G60/><T73/><D24/><U52/><E43/><V134/><F134/><W65/><G65/><T75/><D75/><N who="2" m="28714" /><F78/><W103/><G64/><T35/><D35/><U120/><E120/><V123/><F123/><W42/><G79/><T90/><D90/><U23/><REACH who="1" step="1"/><E52/><REACH who="1" ten="409,171,246,154" step="2"/><V12/><F12/><W62/><G13/><T108/><D108/><U91/><E91/><V122/><F122/><W53/><G53/><T55/><D55/><U126/><E126/><V50/><F50/><W41/><G41/><T112/><D112/><U131/><E131/><V59/><F59/><W45/><G42/><T51/><D51/><U32/><E32/><V26/><F26/><W38/><G56/><T95/><D54/><U68/><E68/><V2/><F2/><W98/><G57/><T44/><D69/><U34/><E34/><V89/><F89/><W71/><G71/><RYUUKYOKU ba="2,2" sc="409,-15,171,15,246,15,154,-15" hai1="1,7,10,14,16,17,20,23,27,29,100,101,102" hai2="4,5,21,25,80,84,88" /><INIT seed="5,3,2,3,4,67" ten="394,186,261,139" oya="1" hai0="14,22,76,48,113,135,128,111,119,21,39,118,30" hai1="104,44,47,17,26,115,10,40,110,9,37,57,92" hai2="90,95,114,91,23,18,5,46,99,61,72,58,6" hai3="4,32,49,56,55,125,106,116,15,65,42,96,109"/><U105/><E115/><V73/><F114/><W112/><G112/><T126/><D39/><U68/><E110/><V20/><F73/><W120/><G109/><T34/><D113/><U71/><E57/><V11/><F72/><W13/><G120/><T127/><D76/><U24/><E37/><V43/><F90/><W122/><G122/><T19/><D111/><U98/><E92/><V27/><F23/><W45/><G32/><T80/><D80/><U103/><E17/><V108/><F108/><W50/><G125/><N who="0" m="47627" /><D48/><U94/><E94/><V51/><REACH who="2" step="1"/><F11/><REACH who="2" ten="394,186,251,139" step="2"/><W75/><G75/><T60/><D34/><U100/><E98/><V97/><F97/><W124/><G124/><T29/><D22/><U54/><E54/><AGARI ba="3,3" hai="5,6,18,20,27,43,46,51,54,58,61,91,95,99" machi="54" ten="30,12000,2" yaku="1,1,7,1,25,2,8,1,53,1" doraHai="67" doraHaiUra="53" who="2" fromWho="1" sc="394,0,186,-129,251,159,139,0" /><INIT seed="6,0,0,0,2,13" ten="394,57,410,139" oya="2" hai0="128,100,1,108,121,10,17,72,113,8,67,45,92" hai1="83,57,59,131,73,44,116,12,66,41,130,123,20" hai2="27,33,70,24,63,69,132,60,14,39,79,35,86" hai3="93,94,106,37,118,97,23,49,122,54,101,0,114"/><V109/><F39/><W50/><G118/><T107/><D108/><U74/><E116/><V120/><F109/><W53/><G122/><T112/><D107/><U42/><E123/><V103/><F120/><W78/><G37/><T95/><D121/><U62/><E59/><V134/><F14/><W47/><G0/><T119/><D119/><U5/><E5/><V133/><F86/><W110/><G110/><T25/><D72/><U4/><E4/><V31/><F79/><W36/><G36/><T19/><D128/><U58/><E58/><V89/><F89/><W11/><G114/><N who="0" m="44139" /><D67/><U75/><E83/><V52/><F103/><W15/><G23/><N who="0" m="13551" /><D45/><U61/><E61/><V6/><F6/><W3/><G3/><T115/><D115/><U16/><REACH who="1" step="1"/><E42/><REACH who="1" ten="394,47,410,139" step="2"/><V84/><F60/><W96/><G54/><T38/><D1/><U68/><E68/><V46/><F63/><W48/><G53/><T26/><D38/><AGARI ba="0,1" hai="12,16,20,38,41,44,57,62,66,73,74,75,130,131" machi="38" ten="40,5200,0" yaku="1,1,52,1,54,1,53,0" doraHai="13" doraHaiUra="64" who="1" fromWho="0" sc="394,-52,47,62,410,0,139,0" /><INIT seed="7,0,0,5,0,17" ten="342,109,410,139" oya="3" hai0="120,30,106,14,72,66,51,19,29,21,46,84,101" hai1="113,109,64,102,10,44,90,77,130,15,78,105,32" hai2="26,81,12,36,119,54,9,131,0,100,83,60,2" hai3="133,3,123,35,25,108,128,33,126,76,67,62,74"/><W37/><RYUUKYOKU type="yao9" ba="0,0" sc="342,0,109,0,410,0,139,0" hai3="3,25,33,35,37,62,67,74,76,108,123,126,128,133" /><INIT seed="7,1,0,5,0,13" ten="342,109,410,139" oya="3" hai0="16,30,97,40,100,4,111,5,34,92,66,19,11" hai1="75,17,79,125,103,80,109,36,90,64,27,69,3" hai2="127,52,44,86,123,91,43,32,83,26,7,133,124" hai3="107,31,55,8,15,98,14,35,82,67,49,135,10"/><W118/><G118/><T60/><D111/><U99/><E109/><V78/><F133/><W119/><G119/><T9/><D40/><U76/><E125/><N who="2" m="48203" /><F123/><W37/><G37/><T71/><D34/><U134/><E134/><V93/><F7/><W77/><G67/><T2/><REACH who="0" step="1"/><D30/><REACH who="0" ten="332,109,410,139" step="2"/><U106/><E36/><N who="2" m="21607" /><F52/><W41/><G41/><T58/><D58/><U96/><E3/><AGARI ba="1,1" hai="2,3,4,5,9,11,16,19,60,66,71,92,97,100" machi="3" ten="30,12000,2" yaku="1,1,7,1,9,1,52,2,54,1,53,0" doraHai="13" doraHaiUra="81" who="0" fromWho="1" sc="332,133,109,-123,410,0,139,0" owari="465,56.0,-14,-51.0,410,21.0,139,-26.0" /></mjloggm>