<mjloggm ver="2.3"><GO type="233" lobby="0"/><UN n0="%E3%81%97%E3%82%85%E3%81%B0%E3%82%8B%E3%81%A4" n1="%65%69%6B%31" n2="%74%61%6B%75%61%6B%61" n3="%E3%82%A6%E3%83%AB%E3%83%88%E3%83%A9%E7%AB%8B%E7%9B%B4" dan="16,17,18,18" rate="2115.30,2146.38,2200.02,2237.44" sx="M,M,M,M"/><TAIKYOKU oya="0"/><INIT seed="0,0,0,0,2,74" ten="250,250,250,250" oya="0" hai0="72,7,44,134,78,106,66,38,34,41,133,87,29" hai1="62,82,112,61,43,28,99,5,93,42,117,13,102" hai2="94,110,90,39,0,31,111,40,58,108,91,54,83" hai3="103,96,65,69,49,114,37,14,89,36,20,101,35"/><T121/><D121/><U131/><E117/><V132/><F132/><N who="0" m="50794" /><D106/><U75/><E131/><V135/><F135/><W73/><G35/><T56/><D7/><U77/><E112/><V100/><F0/><W97/><G69/><T30/><D72/><U64/><E28/><V16/><F31/><W104/><G73/><T127/><D127/><U123/><E123/><V71/><F71/><W122/><G104/><T129/><D129/><U86/><E75/><V6/><F6/><W1/><G1/><T80/><D34/><U125/><E125/><V21/><F39/><W50/><G37/><T81/><D80/><U67/><E62/><AGARI ba="0,0" hai="29,30,38,41,44,56,62,66,78,81,87" m="50794" machi="62" ten="30,2900,0" yaku="20,1,52,1" doraHai="74" who="0" fromWho="1" sc="250,29,250,-29,250,0,250,0" /><INIT seed="0,1,0,2,1,0" ten="279,221,250,250" oya="0" hai0="113,130,112,49,53,57,46,35,39,67,126,8,9" hai1="6,27,133,78,26,22,63,25,84,21,54,125,90" hai2="44,52,120,51,79,91,58,17,69,88,56,41,13" hai3="55,106,42,61,20,105,119,29,101,122,34,129,31"/><T89/><D35/><U134/><E78/><V23/><F69/><W30/><G34/><T107/><D107/><U92/><E125/><V87/><F120/><W14/><G119/><T94/><D126/><U98/><E63/><V2/><F2/><W74/><G74/><T50/><D130/><U99/><E54/><V114/><F114/><W75/><G75/><T40/><D50/><U124/><E124/><V59/><REACH who="2" step="1"/><F41/><REACH who="2" ten="279,221,240,250" step="2"/><W10/><G42/><T80/><D112/><U37/><E134/><V5/><F5/><W102/><G122/><T48/><D113/><U3/><E133/><V104/><F104/><W32/><G106/><T86/><D67/><U82/><E3/><V100/><F100/><W132/><G102/><T15/><D39/><U66/><E37/><V135/><F135/><W36/><G36/><T117/><D117/><U131/><E66/><V24/><F24/><W33/><G105/><T60/><D60/><U83/><E131/><V68/><F68/><W12/><G61/><T64/><D64/><U73/><E26/><V1/><F1/><W19/><G129/><T123/><D123/><U43/><E25/><V103/><F103/><W28/><G101/><T111/><D111/><U16/><E43/><V118/><F118/><W71/><G71/><T62/><D62/><U18/><E27/><V11/><F11/><W97/><G132/><T38/><D38/><U128/><E128/><V127/><F127/><W115/><G115/><T70/><D70/><U96/><E21/><V76/><F76/><W93/><N who="3" m="7168" /><DORA hai="45" /><W109/><G20/><T116/><D116/><RYUUKYOKU ba="1,1" sc="279,-10,221,-10,240,30,250,-10" hai2="13,17,23,44,51,52,56,58,59,79,87,88,91" /><INIT seed="1,2,1,2,5,35" ten="269,211,270,240" oya="1" hai0="116,42,131,117,79,40,111,108,133,20,81,120,125" hai1="26,28,73,58,22,32,110,90,93,61,85,132,84" hai2="122,96,106,17,51,49,30,57,118,88,72,67,66" hai3="112,54,15,45,9,11,23,33,65,130,123,83,115"/><U3/><E73/><V82/><F122/><W63/><G33/><T10/><D120/><U91/><E132/><V60/><F118/><W31/><G123/><T34/><D34/><U16/><E110/><N who="0" m="42025" /><D133/><U94/><E3/><V95/><F30/><W129/><G83/><T47/><D131/><N who="3" m="50185" /><G54/><T105/><D105/><U135/><E135/><V102/><F17/><N who="3" m="10687" /><G45/><T86/><D125/><U21/><REACH who="1" step="1"/><E16/><REACH who="1" ten="269,201,270,240" step="2"/><V0/><F0/><W121/><G121/><T114/><D117/><U13/><E13/><V43/><F67/><AGARI ba="2,2" hai="21,22,26,28,32,58,61,67,84,85,90,91,93,94" machi="67" ten="30,12000,1" yaku="1,1,7,1,9,1,53,2" doraHai="35" doraHaiUra="18" who="1" fromWho="2" sc="269,0,201,146,270,-126,240,0" /><INIT seed="1,3,0,2,1,70" ten="269,347,144,240" oya="1" hai0="79,93,23,128,106,90,41,2,134,98,4,80,22" hai1="16,73,55,61,53,125,109,88,85,76,92,117,10" hai2="0,87,27,86,107,120,77,91,114,71,69,131,124" hai3="84,7,31,95,5,44,24,40,56,127,111,18,72"/><U108/><E117/><V51/><F120/><W45/><G72/><T39/><D128/><U126/><E73/><V11/><F124/><N who="1" m="47721" /><E76/><V115/><F107/><W29/><G111/><N who="1" m="42570" /><E61/><V74/><F27/><W32/><G24/><T65/><D106/><U49/><E49/><V116/><F116/><W104/><G104/><T42/><D134/><U43/><E43/><V123/><F123/><W46/><G40/><T81/><D42/><U1/><E16/><V25/><F131/><W58/><G18/><T64/><D41/><U102/><E102/><V97/><F51/><W47/><G127/><T28/><D79/><U67/><E67/><V118/><F77/><W36/><G46/><T60/><D65/><U100/><E100/><V8/><F74/><W19/><G45/><T133/><D60/><U38/><E38/><V129/><F118/><W26/><G19/><T37/><D64/><U63/><E63/><V62/><F62/><W121/><G36/><T110/><D110/><U54/><E54/><V21/><F129/><W130/><G47/><T50/><D50/><U9/><E9/><V119/><F119/><W105/><G44/><T122/><D39/><U17/><E1/><V101/><F0/><W112/><G58/><T35/><D2/><U34/><E34/><V132/><F8/><W66/><G56/><T99/><D35/><U57/><E57/><V94/><F11/><W113/><G66/><T89/><D37/><U96/><E85/><V78/><F86/><W59/><G84/><T135/><D135/><U6/><E6/><V3/><F132/><W68/><G5/><RYUUKYOKU ba="3,0" sc="269,-10,347,30,144,-10,240,-10" hai1="10,17,53,55,88,92,96" /><INIT seed="1,4,0,0,2,26" ten="259,377,134,230" oya="1" hai0="46,70,89,107,102,5,54,91,55,106,38,14,34" hai1="117,110,12,32,130,88,27,66,105,99,39,119,65" hai2="133,127,93,47,13,62,20,87,35,8,6,123,95" hai3="48,64,81,25,28,44,7,63,90,21,69,111,30"/><U126/><E39/><V74/><F74/><W94/><G111/><T31/><D70/><U122/><E122/><V84/><F35/><W98/><G7/><T120/><D120/><U56/><E110/><V41/><F123/><W85/><G25/><T42/><D34/><U43/><E43/><V116/><F116/><W18/><G21/><T72/><D72/><U58/><E130/><V9/><F127/><W121/><G18/><T60/><D31/><U128/><E128/><V67/><F20/><W96/><G96/><T104/><D102/><U131/><E131/><V83/><F8/><W11/><G11/><T124/><D124/><U10/><E126/><V4/><F4/><W86/><G86/><T1/><D1/><U23/><E32/><V100/><F100/><W0/><G0/><T103/><D103/><U114/><E114/><V22/><F22/><W132/><G132/><T37/><D37/><U50/><E105/><V49/><F87/><W115/><G115/><T80/><D60/><U29/><E119/><V45/><F45/><W68/><G68/><T36/><D36/><U2/><E2/><V53/><F53/><W135/><G135/><T3/><D3/><U76/><E117/><V16/><F6/><W108/><G108/><T15/><D5/><N who="1" m="3151" /><E76/><N who="2" m="46183" /><F133/><W59/><G69/><T71/><D71/><U109/><E109/><V33/><F33/><W92/><G121/><T61/><D106/><U125/><E125/><V73/><F73/><W113/><G113/><T112/><D107/><U24/><E24/><V101/><F101/><N who="3" m="60615" /><G81/><T51/><D112/><U17/><E27/><RYUUKYOKU ba="4,0" sc="259,-15,377,-15,134,15,230,15" hai2="9,13,16,41,47,49,62,67,93,95" hai3="28,30,44,48,59,63,64,85,90,94" /><INIT seed="2,5,0,4,0,41" ten="244,362,149,245" oya="2" hai0="89,21,104,81,70,29,26,122,130,8,62,11,19" hai1="115,105,28,2,68,82,61,95,42,53,99,119,49" hai2="128,102,131,126,121,37,113,15,24,85,123,39,4" hai3="98,55,72,76,46,96,34,80,101,30,23,40,86"/><V64/><F102/><W78/><G34/><T58/><D122/><N who="2" m="46602" /><F113/><W31/><G55/><T108/><D70/><U114/><E119/><V1/><F85/><W32/><G32/><T35/><D104/><U87/><E105/><V38/><F1/><W118/><G118/><T60/><D60/><U0/><E28/><V93/><F93/><W77/><G72/><T3/><D130/><N who="2" m="49706" /><F126/><W65/><G65/><T117/><D117/><U79/><E0/><V44/><F64/><W12/><G30/><T73/><D3/><U120/><E2/><V22/><F15/><W59/><G12/><T132/><D73/><U20/><E120/><V103/><F4/><W92/><G98/><T45/><D81/><U88/><E115/><V66/><F66/><W56/><G86/><T127/><D89/><U106/><E114/><V107/><F103/><W16/><G80/><T133/><D127/><U54/><E106/><V110/><F110/><W57/><G78/><T111/><D111/><U134/><E79/><V67/><F67/><W18/><G77/><T9/><D108/><U116/><E87/><V36/><F107/><W63/><G76/><T94/><D94/><U100/><E95/><V84/><F84/><W69/><G92/><T5/><D5/><U13/><E100/><V14/><F14/><W90/><G101/><T97/><D97/><U48/><E13/><V10/><F10/><W129/><G96/><T125/><D125/><U112/><E112/><V43/><F24/><N who="3" m="16799" /><G129/><T75/><D9/><U7/><E116/><V50/><N who="2" m="9216" /><DORA hai="74" /><V17/><F17/><W109/><G16/><RYUUKYOKU ba="5,0" sc="244,-10,362,-10,149,30,245,-10" hai2="22,43,44,50" /><INIT seed="2,6,0,0,5,58" ten="234,352,179,235" oya="2" hai0="120,18,112,15,26,102,90,118,81,11,133,32,56" hai1="31,78,135,115,48,46,16,9,65,42,55,83,43" hai2="79,41,101,64,47,121,124,5,27,111,99,127,21" hai3="4,0,40,37,7,132,114,125,2,3,50,117,25"/><V86/><F121/><W131/><G37/><T108/><D120/><U116/><E115/><V44/><F5/><W19/><G50/><T12/><D112/><U35/><E116/><V122/><F122/><W69/><G40/><T53/><D108/><U95/><E135/><V10/><F10/><W33/><G69/><T51/><D133/><U106/><E106/><V66/><F111/><W98/><G98/><T103/><D118/><U73/><E35/><V28/><F79/><W36/><G36/><T77/><D90/><U119/><E31/><V91/><F66/><W129/><G132/><T39/><D39/><U22/><E119/><V110/><F64/><W54/><G54/><T24/><D15/><U88/><E9/><V63/><F63/><W130/><G117/><T20/><D32/><U75/><E75/><V93/><F110/><W134/><G134/><T80/><D26/><U113/><E65/><V6/><F6/><N who="3" m="2091" /><G114/><T109/><D109/><U82/><E82/><N who="0" m="31849" /><D77/><U85/><E113/><V59/><F59/><W14/><G125/><N who="2" m="48201" /><F41/><W67/><G67/><T30/><AGARI ba="6,0" hai="11,12,18,20,24,30,51,53,56,102,103" m="31849" machi="30" ten="30,1100,0" yaku="8,1" doraHai="58" who="0" fromWho="0" sc="234,29,352,-9,179,-11,235,-9" /><INIT seed="3,0,0,2,0,96" ten="263,343,168,226" oya="3" hai0="129,56,44,38,50,17,63,80,55,74,10,75,73" hai1="22,30,45,118,124,8,120,77,46,14,108,105,117" hai2="87,49,94,135,57,54,127,21,122,51,86,72,18" hai3="24,20,64,23,12,9,62,4,43,53,25,106,112"/><W1/><G112/><T58/><D129/><U82/><E120/><V65/><F72/><W109/><G109/><T39/><D80/><U13/><E105/><V67/><F127/><W29/><G106/><T15/><REACH who="0" step="1"/><D58/><REACH who="0" ten="253,343,168,226" step="2"/><U2/><E82/><V92/><F122/><W97/><G43/><AGARI ba="0,1" hai="10,15,17,38,39,43,44,50,55,56,63,73,74,75" machi="43" ten="40,2600,0" yaku="1,1,2,1,53,0" doraHai="96" doraHaiUra="78" who="0" fromWho="3" sc="253,36,343,0,168,0,226,-26" /><INIT seed="4,0,0,1,1,24" ten="289,343,168,200" oya="0" hai0="92,134,63,95,64,46,105,18,11,116,109,114,86" hai1="104,2,121,122,126,112,125,65,75,14,38,43,35" hai2="68,52,48,79,130,19,21,97,0,127,42,23,66" hai3="80,56,128,106,120,87,96,131,110,77,17,62,99"/><T115/><D116/><U3/><E75/><V124/><F0/><N who="1" m="41" /><E104/><V55/><F79/><W67/><G110/><T37/><D105/><U50/><E50/><V100/><F68/><W107/><G120/><N who="1" m="46186" /><E14/><V4/><F66/><W132/><G132/><T54/><D54/><N who="2" m="20522" /><F130/><N who="3" m="49707" /><G99/><T31/><D63/><U51/><E51/><V71/><F4/><W53/><G96/><T61/><D61/><U93/><E93/><N who="2" m="58415" /><F71/><N who="3" m="42487" /><G17/><T89/><D18/><U10/><E65/><V36/><F36/><W84/><G84/><T20/><D64/><U103/><E103/><V129/><F19/><W119/><G119/><T83/><D37/><U91/><E91/><V16/><F16/><W41/><G41/><T82/><D89/><U47/><E43/><V22/><F129/><W1/><G1/><T13/><D109/><U9/><E38/><V45/><F127/><W60/><AGARI ba="0,0" hai="53,56,60,77,80,87,106,107" m="42487,49707" machi="60" ten="30,1100,0" yaku="19,1" doraHai="24" who="3" fromWho="3" sc="289,-5,343,-3,168,-3,200,11" /><INIT seed="5,0,0,2,2,89" ten="284,340,165,211" oya="1" hai0="29,36,11,70,9,103,47,46,91,24,80,114,62" hai1="59,76,69,42,77,30,96,112,74,39,23,92,117" hai2="31,60,107,135,87,115,44,106,52,16,18,54,124" hai3="40,93,129,128,15,109,53,132,131,43,4,82,127"/><U19/><E69/><V88/><F124/><W100/><G109/><T111/><D111/><U71/><E71/><V98/><F135/><W119/><G127/><T118/><D118/><U28/><E117/><V56/><F115/><W41/><G119/><T38/><D103/><U34/><E112/><V122/><F122/><W26/><G132/><T49/><D114/><U3/><E3/><V64/><F31/><W81/><G26/><T12/><D91/><U97/><E39/><V10/><F107/><W126/><G53/><N who="2" m="20585" /><F106/><W78/><G126/><T84/><D84/><U0/><E42/><V79/><F10/><N who="3" m="4551" /><G78/><T73/><D73/><U21/><E0/><V51/><F98/><AGARI ba="0,0" hai="40,41,43,81,82,93,98,100,128,129,131" m="4551" machi="98" ten="40,2600,0" yaku="19,1,52,1" doraHai="89" who="3" fromWho="2" sc="284,0,340,0,165,-26,211,26" /><INIT seed="6,0,0,0,3,35" ten="284,340,139,237" oya="2" hai0="101,59,113,98,114,49,127,17,64,56,31,15,104" hai1="117,70,111,3,37,26,109,71,27,100,99,84,58" hai2="63,45,39,121,2,7,106,28,105,25,81,87,92" hai3="33,47,78,80,61,8,96,10,66,85,9,131,13"/><V86/><F121/><W24/><G131/><T91/><D31/><U72/><E72/><V32/><F92/><W67/><G33/><T77/><D77/><U125/><E37/><V74/><F87/><W112/><G112/><N who="0" m="43115" /><D127/><U130/><E117/><V34/><F63/><W116/><G116/><T22/><D64/><N who="3" m="24617" /><G24/><T62/><D62/><U21/><E27/><V0/><F34/><W90/><G47/><T14/><D14/><U110/><E130/><V79/><F86/><N who="3" m="48407" /><G96/><T122/><D122/><U132/><E125/><V20/><F20/><W89/><G61/><T38/><D38/><U93/><E132/><V16/><F16/><N who="3" m="8231" /><G90/><T53/><D91/><U119/><E119/><V133/><F133/><W57/><G57/><AGARI ba="0,0" hai="15,17,22,49,53,56,57,59,98,101,104" m="43115" machi="57" ten="30,1000,0" yaku="15,1" doraHai="35" who="0" fromWho="3" sc="284,10,340,0,139,0,237,-10" /><INIT seed="7,0,0,1,3,21" ten="294,340,139,227" oya="3" hai0="6,82,44,57,135,69,125,108,116,43,120,67,60" hai1="26,97,47,59,36,114,81,20,98,115,40,119,37" hai2="30,133,105,126,102,34,92,101,86,45,35,83,103" hai3="123,48,50,73,42,129,53,70,28,10,25,15,29"/><W32/><G73/><T46/><D6/><U41/><E119/><V75/><F30/><W77/><G70/><T90/><D90/><U96/><E59/><V2/><F2/><W19/><G123/><T79/><D79/><U63/><E63/><V18/><F18/><W54/><G77/><T12/><D12/><U58/><E58/><V14/><F14/><W16/><G129/><T104/><D82/><U89/><E81/><V24/><F75/><W110/><G42/><T117/><D104/><U109/><E109/><V68/><F68/><W107/><G107/><T134/><D120/><U99/><E99/><V74/><F74/><W111/><G29/><T124/><D69/><U0/><E0/><V56/><F105/><W100/><G100/><T27/><D27/><U1/><E1/><V71/><F71/><W31/><G31/><T113/><D113/><N who="1" m="43019" /><E41/><V93/><F126/><N who="0" m="48746" /><D46/><U3/><E3/><V62/><F45/><W4/><G19/><T112/><D108/><N who="3" m="41513" /><G4/><T22/><D22/><U66/><E89/><V130/><F130/><W118/><G118/><N who="0" m="45675" /><D112/><U78/><E78/><N who="2" m="46455" /><F35/><W85/><G85/><T23/><D23/><U33/><E33/><V122/><F122/><W84/><G84/><T87/><D87/><U5/><E5/><V132/><F34/><W11/><G11/><T64/><D64/><U61/><E66/><N who="2" m="39239" /><F24/><W8/><G8/><T51/><AGARI ba="0,0" hai="43,44,51,57,60,67,134,135" m="45675,48746" machi="51" ten="40,5200,0" yaku="18,1,34,2" doraHai="21" who="0" fromWho="0" sc="294,52,340,-13,139,-13,227,-26" owari="346,44.0,327,13.0,126,-37.0,201,-20.0" /></mjloggm>