<mjloggm ver="2.3"><GO type="169" lobby="0"/><UN n0="%E3%82%A6%E3%83%AB%E3%83%88%E3%83%A9%E7%AB%8B%E7%9B%B4" n1="%E3%81%8D%E3%82%89%E3%82%81%E3%81%8F%E3%83%91%E3%83%B3%E3%82%B8%E3%83%BC" n2="%E3%80%93%E3%81%84%E3%81%A1%E3%81%AF%E3%82%89%E3%80%93" n3="%E3%81%AE%E3%81%86%E3%81%AA%E3%82%81%E3%82%8D%E3%82%93" dan="17,16,19,17" rate="2178.72,2148.75,2319.12,2180.99" sx="M,M,M,M"/><TAIKYOKU oya="0"/><INIT seed="0,0,0,3,4,125" ten="250,250,250,250" oya="0" hai0="77,99,95,76,56,2,66,15,58,63,113,93,40" hai1="36,29,42,101,118,11,4,98,126,14,41,9,28" hai2="130,123,55,39,73,121,54,92,67,62,108,22,60" hai3="75,134,88,120,94,107,119,20,86,52,45,100,50"/><T84/><D2/><U109/><E118/><V65/><F73/><W26/><G119/><T97/><D113/><U132/><E126/><V122/><F92/><W49/><G134/><T51/><D15/><U43/><E109/><V64/><F22/><W90/><G120/><T33/><D33/><U23/><E132/><V7/><F7/><W69/><G75/><T131/><D84/><U70/><E70/><V128/><F39/><W129/><G69/><T53/><D40/><U1/><E36/><V102/><F102/><W110/><G110/><T111/><D131/><N who="2" m="50218" /><F108/><W57/><G129/><T17/><D17/><U72/><E72/><V3/><F3/><W25/><G20/><T38/><D38/><U105/><E23/><V61/><AGARI ba="0,0" hai="54,55,60,61,62,64,65,67,121,122,123" m="50218" machi="61" ten="50,16000,3" yaku="29,2,28,2,19,1,34,2,52,3" doraHai="125" who="2" fromWho="2" sc="250,-80,250,-40,250,160,250,-40" /><INIT seed="1,0,0,1,4,122" ten="170,210,410,210" oya="1" hai0="132,73,22,45,98,104,111,10,94,105,25,109,99" hai1="34,62,9,63,24,130,4,83,77,112,66,12,69" hai2="90,23,42,119,40,100,126,15,37,52,7,59,115" hai3="21,127,2,48,89,123,17,39,32,93,3,18,64"/><U56/><E112/><V54/><F119/><W86/><G39/><T97/><D73/><U84/><E130/><V5/><F115/><W76/><G32/><T114/><D114/><U20/><E34/><V75/><F75/><W121/><G127/><T61/><D10/><U41/><E41/><V1/><F1/><W53/><G64/><T117/><D117/><U8/><E8/><V128/><F128/><W28/><G28/><N who="0" m="17463" /><D45/><U80/><E80/><V19/><F126/><W96/><G3/><T51/><D51/><U38/><E38/><V78/><F78/><W85/><G2/><T49/><D49/><U88/><E77/><V101/><F37/><W11/><G11/><T74/><D74/><U68/><REACH who="1" step="1"/><E62/><REACH who="1" ten="170,200,410,210" step="2"/><V131/><F131/><W106/><G76/><T58/><D132/><U81/><E81/><V108/><F42/><W0/><G121/><T135/><D135/><U46/><E46/><V43/><F43/><W27/><G123/><T57/><D94/><U95/><E95/><V116/><F40/><W55/><G93/><T16/><D105/><U70/><E70/><V33/><F33/><W120/><G106/><T26/><D104/><U72/><E72/><V31/><F116/><W92/><G120/><T6/><D6/><U118/><E118/><V14/><F7/><W125/><G125/><T50/><D50/><U91/><E91/><V82/><F90/><W133/><G48/><T30/><D61/><U107/><E107/><V110/><F5/><W65/><G133/><T67/><D58/><U113/><E113/><V47/><F47/><W134/><G134/><RYUUKYOKU ba="0,1" sc="170,-10,200,30,410,-10,210,-10" hai1="4,9,12,20,24,56,63,66,68,69,83,84,88" /><INIT seed="1,1,1,2,5,122" ten="160,230,400,200" oya="1" hai0="25,0,92,76,43,107,20,77,53,18,13,19,102" hai1="95,84,98,45,16,7,101,83,29,112,46,99,85" hai2="133,121,36,22,40,33,58,111,62,118,66,3,39" hai3="17,96,86,119,132,2,109,59,110,6,72,104,50"/><U10/><E112/><V117/><F33/><W125/><G72/><T106/><D0/><U31/><E98/><V34/><F34/><W100/><G132/><T94/><D43/><U51/><E84/><V30/><F3/><W73/><G73/><T124/><D124/><U75/><E75/><V28/><F22/><W8/><G125/><T57/><D106/><U24/><E46/><V135/><F28/><W69/><G69/><T128/><D107/><U14/><E24/><V126/><F30/><W27/><G119/><N who="2" m="45577" /><F126/><W68/><G68/><T80/><D128/><U116/><E116/><V91/><F91/><W61/><G50/><N who="0" m="30903" /><D102/><U71/><E71/><V48/><F121/><W5/><G5/><T90/><D80/><U127/><E127/><V115/><F115/><W60/><G86/><N who="0" m="52311" /><D94/><U54/><REACH who="1" step="1"/><E7/><REACH who="1" ten="160,220,400,200" step="2"/><V131/><F135/><W113/><G113/><T79/><D79/><AGARI ba="1,2" hai="10,14,16,29,31,45,51,54,79,83,85,95,99,101" machi="79" ten="30,18000,2" yaku="1,1,2,1,7,1,8,1,54,1,53,1" doraHai="122" doraHaiUra="42" who="1" fromWho="0" sc="160,-183,220,203,400,0,200,0" owari="-23,-52.0,423,52.0,400,20.0,200,-20.0" /></mjloggm>