<mjloggm ver="2.3"><GO type="169" lobby="0"/><UN n0="%4B%E3%80%82" n1="%77%61%77%61%33%30%33%30" n2="%E2%80%A0%E3%81%BE%E3%83%BC%E5%9D%8A%E2%80%A0" n3="%E5%B0%B1%E6%B4%BB%E7%94%9F%40%E5%B7%9D%E6%9D%91%E8%BB%8D%E5%9B%A3" dan="17,16,17,18" rate="2192.21,2070.70,2170.55,2263.83" sx="M,M,M,M"/><TAIKYOKU oya="0"/><INIT seed="0,0,0,4,4,106" ten="250,250,250,250" oya="0" hai0="77,85,10,78,65,44,20,73,58,33,119,67,34" hai1="49,70,55,43,62,63,112,79,39,133,41,27,94" hai2="69,130,88,89,19,14,53,7,125,95,2,97,13" hai3="61,105,48,102,11,37,8,87,104,126,82,23,100"/><T56/><D119/><U26/><E133/><V80/><F69/><W24/><G37/><T15/><D85/><U91/><E112/><V35/><F35/><W132/><G132/><T109/><D20/><U21/><E79/><V127/><F130/><W12/><G126/><T30/><D44/><U120/><E120/><V22/><F2/><W5/><G104/><T6/><D109/><U45/><E43/><V83/><F53/><W135/><G105/><T18/><D18/><U28/><E26/><V68/><F68/><W42/><G135/><T122/><D15/><U16/><E28/><V92/><F125/><W47/><G61/><T52/><D10/><U121/><E70/><V3/><F3/><W60/><G60/><T76/><D6/><U90/><E90/><V38/><F38/><W66/><G11/><T40/><D40/><U46/><REACH who="1" step="1"/><E121/><REACH who="1" ten="250,240,250,250" step="2"/><V110/><F127/><W124/><G124/><T123/><D78/><U25/><E25/><V134/><F134/><W4/><G66/><T32/><D30/><U51/><E51/><V75/><F110/><W81/><G5/><T99/><D123/><U113/><E113/><V31/><F31/><N who="3" m="17823" /><G81/><T118/><D122/><U86/><AGARI ba="0,1" hai="16,21,27,39,41,45,46,49,55,62,63,86,91,94" machi="86" ten="20,5200,0" yaku="1,1,0,1,7,1,54,1,53,0" doraHai="106" doraHaiUra="0" who="1" fromWho="1" sc="250,-26,240,62,250,-13,250,-13" /><INIT seed="1,0,0,0,3,28" ten="224,302,237,237" oya="1" hai0="91,18,89,46,53,100,101,54,42,41,88,11,87" hai1="16,8,85,128,34,9,15,86,55,104,93,48,134" hai2="14,4,131,13,90,118,77,73,0,6,17,49,103" hai3="20,24,19,7,123,81,50,26,59,40,22,21,111"/><U38/><E38/><V121/><F0/><W43/><G123/><T32/><D32/><U67/><E104/><V5/><F118/><W124/><G124/><T31/><D31/><U25/><E134/><V116/><F116/><W112/><G112/><T83/><D11/><U98/><E67/><V52/><F121/><W107/><G107/><T84/><D18/><U3/><E128/><V33/><F131/><W1/><G111/><T80/><D91/><U51/><E51/><V68/><F68/><W110/><G110/><T69/><D69/><U62/><E62/><V44/><F33/><W66/><G21/><T58/><D58/><U127/><E127/><V78/><F103/><W63/><G50/><T37/><D37/><U96/><E96/><V108/><F108/><W2/><G81/><T27/><D27/><U56/><E25/><V23/><F73/><W76/><G76/><T135/><D135/><U39/><E39/><V105/><F105/><W65/><G65/><T95/><D95/><U99/><E99/><V133/><F133/><W35/><G35/><T47/><AGARI ba="0,0" hai="41,42,46,47,53,54,80,83,84,87,88,89,100,101" machi="47" ten="25,8000,1" yaku="0,1,22,2,8,1,54,1" doraHai="28" who="0" fromWho="0" sc="224,80,302,-40,237,-20,237,-20" /><INIT seed="2,0,0,1,0,114" ten="304,262,217,217" oya="2" hai0="127,120,113,104,27,52,83,10,122,110,24,62,3" hai1="49,108,87,2,88,116,81,68,43,54,45,18,106" hai2="37,117,69,121,96,124,9,132,44,4,92,112,102" hai3="73,64,85,25,115,21,63,123,105,128,13,41,66"/><V86/><F121/><W5/><G73/><T46/><D113/><U11/><E68/><V42/><F112/><W71/><G66/><T15/><D3/><U8/><E106/><V26/><F124/><W97/><G123/><T1/><D1/><U61/><E108/><V90/><F69/><W19/><G115/><T72/><D104/><U100/><E100/><V28/><F132/><W91/><G128/><T80/><D127/><U70/><E116/><V135/><F135/><W6/><G41/><T59/><D110/><U7/><E70/><V65/><F65/><W30/><G97/><T84/><D72/><U134/><E61/><V47/><F47/><W130/><G130/><T131/><D83/><U111/><E111/><V76/><F76/><W36/><G36/><T60/><D131/><U75/><E75/><V94/><F117/><W101/><G101/><T48/><D60/><U53/><E134/><V74/><F74/><W93/><REACH who="3" step="1"/><G105/><REACH who="3" ten="304,262,217,207" step="2"/><T107/><D107/><U125/><E125/><V133/><F133/><W32/><AGARI ba="0,1" hai="5,6,13,19,21,25,30,32,63,64,71,85,91,93" machi="32" ten="20,8000,1" yaku="1,1,2,1,0,1,7,1,53,1" doraHai="114" doraHaiUra="23" who="3" fromWho="3" sc="304,-20,262,-20,217,-40,207,90" /><INIT seed="3,0,0,2,1,78" ten="284,242,177,297" oya="3" hai0="125,22,21,83,135,9,44,15,58,42,102,121,10" hai1="40,46,43,62,5,99,128,123,51,77,47,124,6" hai2="114,110,64,38,18,4,100,56,96,11,28,1,3" hai3="60,109,13,72,12,16,129,67,91,88,107,37,31"/><W87/><G37/><T41/><D121/><U130/><E123/><V106/><F38/><W94/><G72/><T63/><D135/><U89/><E124/><V65/><F114/><W131/><G107/><T27/><D102/><U54/><E77/><V85/><F110/><W86/><G31/><T119/><D119/><U98/><E62/><V48/><F28/><W126/><G126/><T55/><D125/><U57/><E57/><V92/><F1/><W79/><G79/><T68/><D68/><U111/><E111/><V71/><F71/><W73/><G73/><T36/><D42/><U82/><E54/><V118/><F118/><W24/><G109/><T84/><D27/><U61/><E61/><V29/><F18/><W59/><G24/><T104/><D104/><U113/><E113/><V33/><F33/><W101/><G101/><T74/><D74/><U116/><E89/><V45/><F56/><W26/><G26/><T49/><D36/><U90/><E90/><V134/><F29/><W30/><G30/><T25/><D25/><U66/><E51/><V117/><F134/><W108/><G108/><T23/><D15/><U50/><E50/><V80/><F106/><W32/><G32/><T122/><D122/><U8/><E116/><V97/><F117/><W69/><G69/><T95/><D95/><U105/><E105/><V2/><F2/><W52/><G67/><T75/><D75/><U133/><E66/><V7/><F65/><W76/><G76/><AGARI ba="0,0" hai="9,10,21,22,23,41,44,49,55,58,63,76,83,84" machi="76" ten="40,2600,0" yaku="8,1,52,1" doraHai="78" who="0" fromWho="3" sc="284,26,242,0,177,0,297,-26" /><INIT seed="4,0,0,3,2,127" ten="310,242,177,271" oya="0" hai0="59,99,53,30,77,134,39,82,119,56,65,92,7" hai1="60,35,44,63,100,93,95,83,69,75,51,21,66" hai2="111,121,74,94,46,52,25,101,128,124,27,84,120" hai3="55,43,26,110,112,16,19,58,45,54,2,118,22"/><T47/><D119/><U133/><E35/><V62/><F74/><W129/><G110/><T132/><D30/><U32/><E32/><V131/><F111/><W85/><G2/><T71/><D7/><U89/><E100/><V24/><F124/><W0/><G0/><T9/><D9/><U8/><E8/><V126/><F126/><W20/><G118/><T72/><D71/><U87/><E75/><V6/><F6/><W17/><G112/><T102/><D65/><U1/><E1/><V41/><F52/><N who="3" m="20011" /><G129/><N who="2" m="49737" /><F62/><W76/><G58/><T81/><D81/><U106/><E63/><V29/><F29/><N who="3" m="17607" /><G45/><T64/><D64/><U28/><E60/><V130/><N who="2" m="49745" /><V98/><DORA hai="73" /><F84/><W50/><G50/><AGARI ba="0,0" hai="24,25,27,41,46,50,94,98,101,120,121" m="49745" machi="50" ten="40,8000,1" yaku="19,1,52,4" doraHai="127,73" who="2" fromWho="3" sc="310,0,242,0,177,80,271,-80" /><INIT seed="5,0,0,2,1,17" ten="310,242,257,191" oya="1" hai0="58,104,62,77,29,41,82,5,44,35,8,81,119" hai1="36,28,18,99,89,96,122,135,39,125,43,51,133" hai2="83,102,27,94,4,33,129,34,31,22,3,74,70" hai3="101,106,24,13,25,95,66,73,32,130,111,57,11"/><U107/><E122/><V61/><F129/><W112/><G106/><T75/><D104/><U114/><E28/><V42/><F42/><W116/><G73/><T108/><D82/><U23/><E114/><V60/><F4/><W7/><G111/><T91/><D91/><U132/><E125/><V21/><F3/><W105/><G130/><T98/><D98/><N who="1" m="37419" /><E107/><V9/><F9/><W65/><G105/><T59/><D119/><U110/><E89/><V40/><F102/><W85/><G116/><T14/><D62/><U45/><E110/><V20/><F94/><W127/><G127/><T72/><D72/><U1/><E1/><V12/><F34/><W52/><G112/><T87/><D75/><U80/><E80/><V37/><F12/><AGARI ba="0,0" hai="12,18,23,36,39,43,45,51,132,133,135" m="37419" machi="12" ten="30,2900,0" yaku="20,1,52,1" doraHai="17" who="1" fromWho="2" sc="310,0,242,29,257,-29,191,0" /><INIT seed="5,1,0,2,0,116" ten="310,271,228,191" oya="1" hai0="123,114,29,3,77,5,100,105,132,118,102,31,27" hai1="120,2,10,0,1,69,44,93,16,92,19,70,37" hai2="67,42,38,90,108,109,50,94,88,62,76,45,73" hai3="80,106,7,46,128,43,110,55,112,60,20,56,103"/><U8/><E37/><V64/><F90/><W134/><G110/><T68/><D118/><U26/><E44/><V33/><F33/><W74/><G128/><T87/><D3/><U13/><E120/><V49/><F67/><W53/><G134/><T54/><D5/><U6/><E6/><V34/><F34/><W113/><G7/><T95/><D105/><U9/><E26/><V51/><F76/><W86/><G74/><T81/><D123/><U111/><E111/><V122/><F73/><W22/><G103/><T97/><D68/><N who="1" m="26219" /><E13/><V121/><F121/><W119/><G55/><T61/><D132/><U48/><E48/><V135/><F122/><W57/><G57/><N who="0" m="34999" /><D114/><N who="3" m="44137" /><G106/><T79/><D102/><U39/><E39/><V104/><F104/><W124/><G124/><T18/><D79/><U126/><E126/><V4/><F4/><W129/><G129/><T12/><D27/><U71/><E71/><V25/><F25/><W66/><G66/><T65/><D65/><U78/><E78/><V99/><REACH who="2" step="1"/><F135/><REACH who="2" ten="310,271,218,191" step="2"/><W117/><G117/><T131/><D131/><U75/><E75/><V24/><F24/><W96/><G119/><T130/><D130/><U125/><E125/><V52/><F52/><W59/><G96/><T127/><D127/><U36/><E0/><V84/><F84/><W98/><G98/><T40/><D40/><U15/><E1/><V115/><F115/><W17/><G86/><T11/><AGARI ba="1,1" hai="11,12,18,29,31,77,81,87,95,97,100" m="34999" machi="11" ten="30,1100,0" yaku="8,1" doraHai="116" who="0" fromWho="0" sc="310,24,271,-6,218,-4,191,-4" /><INIT seed="6,0,0,5,4,6" ten="334,265,214,187" oya="2" hai0="0,84,15,93,48,62,73,102,101,78,22,117,35" hai1="134,91,26,47,25,41,79,130,105,118,14,89,88" hai2="37,76,120,90,95,8,33,132,42,39,103,29,77" hai3="55,54,99,34,56,53,83,112,24,70,108,74,123"/><V129/><F120/><W13/><G108/><T10/><D35/><U52/><E105/><V100/><F129/><W119/><G70/><T131/><D73/><U11/><E118/><V80/><F132/><W116/><G123/><T86/><D0/><U9/><E134/><V27/><F77/><W133/><G112/><T4/><D22/><U19/><E130/><V64/><F64/><W43/><G133/><T92/><D62/><U36/><E79/><V31/><F31/><W32/><G43/><T82/><D117/><U16/><E52/><V127/><F127/><W68/><G68/><T135/><D131/><U96/><E96/><V61/><F61/><W12/><G74/><T87/><D48/><U59/><E59/><V75/><F8/><W122/><G122/><T2/><D2/><U106/><E106/><V125/><F125/><W72/><G72/><T17/><D4/><U23/><E23/><V98/><REACH who="2" step="1"/><F42/><REACH who="2" ten="334,265,204,187" step="2"/><W5/><G116/><T1/><D135/><U45/><E11/><V128/><F128/><W111/><G119/><T7/><D1/><U44/><E19/><V57/><F57/><W104/><G111/><T67/><D67/><U107/><E44/><V58/><F58/><W18/><G56/><T110/><D110/><U71/><E45/><V69/><F69/><W97/><G34/><T94/><D17/><U3/><E71/><V60/><F60/><W40/><G40/><T121/><D121/><U51/><E41/><V46/><F46/><W126/><G126/><T109/><D109/><U38/><E47/><V20/><F20/><W124/><G18/><RYUUKYOKU ba="0,1" sc="334,15,265,-15,204,15,187,-15" hai0="7,10,15,78,82,84,86,87,92,93,94,101,102" hai2="27,29,33,37,39,75,76,80,90,95,98,100,103" /><INIT seed="6,1,1,4,3,65" ten="349,250,219,172" oya="2" hai0="61,32,119,80,79,38,0,34,13,90,52,109,113" hai1="77,26,2,72,104,36,46,47,91,112,92,64,101" hai2="99,70,134,107,129,73,100,83,43,9,74,11,88" hai3="25,85,97,103,18,84,33,122,29,4,49,10,41"/><V123/><F123/><W35/><G122/><T30/><D0/><U24/><E2/><V12/><F129/><W115/><G115/><T87/><D38/><U105/><E105/><V44/><F134/><W86/><G35/><T39/><D39/><U57/><E36/><V16/><F70/><W67/><G67/><T56/><D109/><U125/><E101/><V131/><F131/><W71/><G18/><T81/><D113/><U106/><E104/><V59/><F9/><W14/><G49/><T42/><D42/><U133/><E106/><V20/><F59/><W22/><G41/><T1/><D1/><U117/><E77/><V31/><F31/><W114/><G114/><T23/><D119/><U19/><E72/><V94/><F83/><W3/><G33/><T5/><D5/><U130/><E117/><V124/><F11/><W126/><G126/><T116/><D116/><U68/><E125/><V15/><F15/><W21/><G21/><T89/><D32/><U102/><E19/><V8/><F8/><W28/><G28/><T120/><D34/><U51/><E26/><V98/><F124/><W27/><G27/><N who="0" m="16767" /><D120/><U50/><E24/><V7/><F7/><W76/><G3/><T108/><D108/><U75/><E75/><V53/><F53/><W128/><G128/><T135/><D135/><U17/><E17/><V127/><F127/><W62/><G76/><N who="0" m="46471" /><D13/><U111/><E112/><V110/><F110/><W95/><G71/><T60/><D60/><AGARI ba="1,1" hai="4,10,14,22,25,29,60,62,84,85,86,95,97,103" machi="60" ten="40,1300,0" yaku="8,1" doraHai="65" who="3" fromWho="0" sc="349,-16,250,0,219,0,172,26" /><INIT seed="7,0,0,2,4,23" ten="333,250,219,198" oya="3" hai0="43,119,106,120,80,25,135,77,108,20,94,8,125" hai1="39,38,75,3,128,123,40,42,63,36,51,35,57" hai2="18,46,49,107,85,0,59,31,71,12,72,56,37" hai3="44,6,91,19,133,98,50,132,114,99,5,126,29"/><W78/><G126/><T22/><D106/><U4/><E35/><V90/><F72/><W115/><G78/><T17/><D108/><U53/><E75/><V122/><F0/><W16/><G29/><T118/><D120/><U68/><E4/><N who="3" m="1642" /><G91/><T131/><D8/><U121/><E3/><V93/><F71/><W74/><G74/><T111/><D111/><U61/><E128/><V48/><F107/><W58/><G58/><T104/><D104/><U76/><E76/><V27/><F37/><W124/><G124/><T103/><D131/><U21/><E21/><N who="2" m="15855" /><F122/><N who="1" m="46601" /><E68/><V129/><F129/><W14/><G99/><T13/><D125/><U33/><E33/><V45/><F45/><W65/><G65/><T15/><D119/><U10/><E10/><N who="2" m="6423" /><F49/><W11/><G98/><T41/><D118/><U101/><E101/><V79/><F79/><W89/><G89/><T127/><D103/><U30/><E30/><V113/><F113/><N who="3" m="43019" /><G19/><T47/><D17/><U66/><E63/><V2/><F2/><W117/><G117/><T95/><D127/><U82/><E61/><V105/><F105/><W69/><G69/><T102/><D77/><U134/><E66/><V88/><F90/><W1/><G1/><T81/><D102/><U9/><E57/><V55/><AGARI ba="0,0" hai="46,48,55,56,59,85,88,93" m="6423,15855" machi="55" ten="30,4000,0" yaku="8,1,52,1,54,1" doraHai="23" who="2" fromWho="2" sc="333,-10,250,-10,219,40,198,-20" owari="323,42.0,240,-16.0,259,6.0,178,-32.0" /></mjloggm>