<mjloggm ver="2.3"><GO type="169" lobby="0"/><UN n0="%E3%82%A6%E3%83%AB%E3%83%88%E3%83%A9%E7%AB%8B%E7%9B%B4" n1="%72%61%6E%74%61%6E" n2="%E6%9A%97%E3%81%84%E7%AC%A6" n3="%E3%81%9F%E3%81%8C%E3%82%84%E3%81%99" dan="18,16,16,16" rate="2216.37,2013.98,2114.74,2169.41" sx="M,M,M,M"/><TAIKYOKU oya="0"/><INIT seed="0,0,0,4,1,31" ten="250,250,250,250" oya="0" hai0="123,57,121,73,97,10,25,119,98,15,74,37,53" hai1="118,128,111,99,80,6,127,82,85,13,16,103,115" hai2="22,35,109,134,95,47,62,42,32,3,106,129,66" hai3="96,133,100,61,58,120,104,70,39,54,102,44,24"/><T81/><D119/><U51/><E118/><V87/><F106/><W12/><G102/><T89/><D37/><U105/><E111/><V93/><F3/><W34/><G12/><T78/><D74/><U65/><E128/><V7/><F7/><W17/><G17/><T76/><D76/><U71/><E127/><V107/><F107/><W116/><G116/><T56/><D56/><U131/><E131/><V91/><F129/><W135/><G120/><T84/><D25/><U130/><E6/><V72/><F72/><W59/><G59/><T50/><D121/><U36/><E36/><V77/><F77/><W68/><G44/><T63/><D63/><U4/><E4/><V26/><F109/><W1/><G1/><T8/><D123/><U108/><E108/><V83/><F95/><W88/><G39/><T27/><D27/><U113/><E130/><V43/><F83/><N who="1" m="31785" /><E85/><V23/><F23/><W21/><G21/><T86/><D73/><U67/><E51/><V92/><F92/><W132/><REACH who="3" step="1"/><G88/><REACH who="3" ten="250,250,250,240" step="2"/><T60/><D89/><U5/><E5/><V41/><F47/><W122/><G122/><T79/><D79/><U75/><E71/><V126/><F126/><W45/><G45/><N who="0" m="27855" /><D86/><U9/><E75/><V0/><F0/><W69/><G69/><T14/><D14/><U64/><E13/><V117/><F117/><W38/><G38/><T94/><D15/><N who="1" m="7279" /><E103/><V55/><F87/><W28/><AGARI ba="0,1" hai="24,28,34,54,58,61,68,70,96,100,104,132,133,135" machi="28" ten="40,8000,1" yaku="1,1,0,1,20,1,52,1,53,0" doraHai="31" doraHaiUra="125" who="3" fromWho="3" sc="250,-40,250,-20,250,-20,240,90" /><INIT seed="1,0,0,5,0,68" ten="210,230,230,330" oya="1" hai0="69,7,9,61,13,51,79,24,53,101,18,130,120" hai1="118,88,94,12,16,58,131,54,10,21,105,31,1" hai2="26,104,64,33,117,52,25,0,29,108,111,98,46" hai3="129,60,45,71,8,89,103,30,123,36,112,3,15"/><U110/><E105/><V116/><F0/><W109/><G103/><T91/><D130/><U19/><E118/><V43/><F25/><W127/><G3/><T82/><D120/><U125/><E131/><V14/><F64/><W38/><G129/><T75/><D101/><U49/><E1/><V119/><F14/><W95/><G112/><T93/><D69/><U74/><E74/><V11/><F11/><W37/><G123/><T80/><D61/><U41/><E125/><V124/><F124/><W42/><G109/><N who="2" m="42057" /><F98/><W47/><G47/><T77/><D24/><N who="1" m="16783" /><E110/><V62/><F104/><W115/><G115/><T59/><D93/><U83/><E41/><V70/><F70/><W23/><G127/><T122/><D122/><U67/><E67/><V56/><F117/><W35/><G35/><T63/><D91/><U121/><E121/><V135/><F135/><W113/><G113/><T55/><D55/><U57/><E83/><V48/><AGARI ba="0,0" hai="26,29,33,43,46,48,52,56,62,116,119" m="42057" machi="48" ten="30,2000,0" yaku="14,1,54,1" doraHai="68" who="2" fromWho="2" sc="210,-5,230,-10,230,20,330,-5" /><INIT seed="2,0,0,5,3,24" ten="205,220,250,325" oya="2" hai0="73,64,130,50,47,57,3,38,114,75,69,91,63" hai1="121,40,46,127,1,93,7,31,119,4,92,72,6" hai2="87,44,25,39,84,128,102,27,126,66,122,101,81" hai3="5,77,19,113,43,134,0,96,65,14,11,85,21"/><V115/><F66/><W51/><G65/><T42/><D3/><U33/><E119/><V103/><F115/><W131/><G131/><T61/><D114/><U52/><E1/><V132/><F122/><W109/><G113/><T94/><D130/><U123/><E72/><V12/><F128/><W79/><G96/><T83/><D83/><U45/><E127/><V110/><F126/><W55/><G43/><T129/><D129/><U36/><E33/><V116/><F116/><W20/><G109/><T28/><D63/><U133/><E31/><V78/><F132/><W118/><G118/><T80/><D80/><U120/><E133/><V26/><F110/><W100/><G100/><T13/><D13/><U104/><E104/><V106/><F12/><W112/><G112/><T86/><REACH who="0" step="1"/><D28/><REACH who="0" ten="195,220,250,325" step="2"/><U108/><E108/><V70/><F106/><W48/><G134/><T89/><D89/><U22/><E22/><V56/><F70/><W76/><G21/><T53/><AGARI ba="0,1" hai="38,42,47,50,53,57,61,64,69,73,75,86,91,94" machi="53" ten="30,8000,1" yaku="1,1,0,1,24,2,53,1" doraHai="24" doraHaiUra="62" who="0" fromWho="0" sc="195,90,220,-20,250,-40,325,-20" /><INIT seed="3,0,0,3,4,52" ten="285,200,210,305" oya="3" hai0="36,64,93,49,126,106,24,44,14,4,118,68,98" hai1="120,0,77,78,128,37,7,53,125,74,35,60,3" hai2="109,90,5,25,73,105,113,18,9,59,20,108,57" hai3="124,131,76,129,84,85,13,70,119,39,48,46,28"/><W130/><G39/><T66/><D106/><U15/><E120/><V8/><F73/><W88/><G119/><T80/><D36/><U21/><E37/><V72/><F72/><W6/><G70/><T81/><D126/><U132/><E35/><V38/><F105/><W41/><G124/><T99/><D99/><U11/><E125/><V67/><F67/><W33/><G33/><T31/><D118/><U16/><E132/><V29/><F38/><W61/><G28/><T94/><D94/><U10/><E128/><V65/><F65/><W79/><G61/><T117/><D117/><U92/><E74/><V71/><F71/><W107/><G85/><T23/><D66/><U122/><E122/><V43/><F43/><W40/><G40/><T104/><D104/><U56/><E92/><V45/><F45/><W103/><G103/><T83/><D64/><U102/><E102/><V62/><F62/><W135/><G135/><T42/><D68/><U95/><E95/><V101/><F101/><W133/><G107/><T34/><D34/><U22/><E22/><V86/><F29/><W12/><G133/><T127/><D127/><U30/><E30/><V114/><F113/><W63/><G63/><T58/><D93/><U50/><E60/><V26/><F114/><W27/><G27/><T2/><D98/><U116/><E116/><V110/><F26/><W82/><REACH who="3" step="1"/><G6/><AGARI ba="0,0" hai="0,3,6,7,10,11,15,16,21,50,53,56,77,78" machi="6" ten="40,5200,0" yaku="9,1,52,1,54,1" doraHai="52" who="1" fromWho="3" sc="285,0,200,52,210,0,305,-52" /><INIT seed="4,0,0,5,1,130" ten="285,252,210,253" oya="0" hai0="65,104,46,12,80,72,126,27,71,102,75,133,24" hai1="6,66,132,108,41,103,101,63,115,18,21,96,44" hai2="9,47,61,29,26,112,11,77,120,86,45,1,37" hai3="35,135,78,73,10,55,90,85,52,25,100,0,30"/><T117/><D24/><U122/><E108/><V59/><F120/><W131/><G100/><T68/><D12/><U32/><E32/><V22/><F37/><W60/><G131/><T113/><D27/><U129/><E129/><V127/><F127/><W98/><G98/><N who="0" m="61527" /><D117/><U88/><E6/><V48/><F1/><W43/><G43/><T64/><D64/><U125/><E125/><V50/><F112/><W74/><G78/><T42/><D126/><U39/><E115/><V89/><F77/><W119/><G119/><T106/><D106/><U3/><E122/><V110/><F110/><W97/><G55/><T69/><D65/><U99/><E3/><V123/><F123/><W62/><G97/><T15/><D15/><N who="1" m="9439" /><E99/><V105/><F105/><W58/><G60/><T34/><D34/><U134/><E96/><V57/><F57/><W95/><G73/><N who="0" m="28235" /><D80/><U20/><E20/><V84/><F50/><W67/><G67/><T70/><D70/><N who="1" m="42335" /><E88/><V93/><F47/><W14/><G74/><T36/><D113/><U13/><E13/><V107/><F107/><W33/><G33/><T7/><D7/><U118/><E118/><V51/><F59/><W121/><G121/><T2/><D2/><U111/><E111/><V19/><F61/><W109/><G109/><T87/><D87/><U53/><E53/><N who="2" m="29839" /><F51/><W5/><G0/><T76/><D76/><U16/><E16/><V94/><F19/><W91/><G91/><AGARI ba="0,0" hai="9,11,22,26,29,84,86,89,91,93,94" m="29839" machi="91" ten="30,1000,0" yaku="8,1" doraHai="130" who="2" fromWho="3" sc="285,0,252,0,210,10,253,-10" /><INIT seed="5,0,0,4,5,127" ten="285,252,220,243" oya="1" hai0="92,106,124,45,119,132,67,130,53,97,64,133,16" hai1="91,19,104,48,112,100,114,94,25,2,117,89,122" hai2="111,14,35,69,5,8,24,15,82,56,135,88,3" hai3="20,113,42,10,87,38,22,90,72,75,108,128,60"/><U103/><E117/><V55/><F69/><W43/><G38/><T50/><D106/><U30/><E122/><V134/><F111/><W76/><G108/><T54/><D119/><U66/><E2/><V47/><F24/><W26/><G113/><N who="1" m="43626" /><E104/><V79/><F35/><W80/><G10/><T4/><D4/><U102/><E66/><V34/><F34/><W123/><G123/><T74/><D74/><U32/><E19/><V98/><F47/><W33/><G33/><T129/><D124/><U96/><E48/><V73/><F15/><W118/><G72/><T40/><D16/><U37/><E91/><V29/><F29/><W101/><G118/><T83/><D83/><U27/><E27/><V120/><F3/><W9/><G101/><N who="1" m="25858" /><U61/><DORA hai="36" /><E61/><V71/><F120/><W58/><G9/><T86/><D67/><U13/><E37/><V1/><F1/><W116/><G116/><T78/><D64/><U17/><E17/><V11/><F8/><W57/><G60/><T23/><D97/><U28/><E28/><V59/><F71/><W99/><G26/><T121/><D121/><U7/><E7/><V77/><F77/><W39/><G99/><T0/><D0/><U70/><E70/><V126/><F126/><W110/><G76/><T109/><D109/><U65/><E65/><V68/><F68/><W81/><G110/><T49/><D78/><U12/><AGARI ba="0,0" hai="12,13,25,30,32,89,94,96" m="25858,43626" machi="12" ten="40,2100,0" yaku="15,1" doraHai="127,36" who="1" fromWho="1" sc="285,-7,252,21,220,-7,243,-7" /><INIT seed="5,1,0,0,4,84" ten="278,273,213,236" oya="1" hai0="16,7,110,132,114,17,111,66,1,62,52,50,11" hai1="41,108,122,26,9,44,113,47,4,15,33,100,65" hai2="20,115,78,64,23,72,79,127,0,70,86,128,85" hai3="46,61,87,30,93,71,120,88,131,8,129,118,43"/><U67/><E122/><V29/><F0/><W49/><G30/><T91/><D114/><U123/><E123/><V19/><F70/><W18/><G120/><T94/><D132/><U6/><E113/><V5/><F64/><W130/><G118/><T53/><D111/><U32/><E108/><V68/><F68/><W13/><G71/><T45/><D53/><U40/><E100/><V63/><F63/><AGARI ba="1,0" hai="8,13,18,43,46,49,61,63,87,88,93,129,130,131" machi="63" ten="40,5200,0" yaku="19,1,52,1,54,1" doraHai="84" who="3" fromWho="2" sc="278,0,273,0,213,-55,236,55" /><INIT seed="6,0,0,5,2,123" ten="278,273,158,291" oya="2" hai0="54,111,37,91,63,94,22,129,35,76,41,124,38" hai1="24,33,21,7,90,99,134,45,83,106,77,16,110" hai2="104,101,132,44,0,42,49,32,5,2,74,121,85" hai3="105,64,130,135,114,43,51,133,73,60,23,117,98"/><V52/><F74/><W122/><G73/><T102/><D35/><U40/><E110/><V13/><F32/><W9/><G23/><T87/><D111/><U89/><E7/><V28/><F28/><W80/><G9/><T96/><D124/><U107/><E33/><V66/><F121/><W68/><G80/><T4/><D76/><U125/><E125/><V55/><F66/><W53/><G98/><T71/><D41/><U92/><E90/><V113/><F104/><W118/><G105/><T57/><D129/><U47/><E47/><V27/><F101/><W59/><G122/><T65/><D22/><U100/><E134/><N who="3" m="51210" /><G130/><T50/><REACH who="0" step="1"/><D4/><REACH who="0" ten="268,273,158,291" step="2"/><U58/><E40/><V86/><F132/><W15/><G43/><T3/><D3/><U11/><E21/><V12/><F113/><W126/><G126/><T62/><D62/><U25/><E11/><N who="2" m="4207" /><F2/><W61/><G114/><T79/><D79/><U36/><E77/><V10/><F0/><W127/><G127/><T1/><D1/><U31/><E36/><V26/><F26/><W17/><G15/><T56/><D56/><U95/><E58/><V109/><F27/><W103/><G17/><T70/><D70/><U78/><E24/><V131/><F131/><W120/><G120/><T19/><D19/><U82/><E25/><V67/><F109/><W29/><G29/><T116/><D116/><N who="3" m="44649" /><G103/><T18/><D18/><U6/><E31/><V20/><F20/><W112/><G112/><T69/><D69/><U46/><E16/><N who="2" m="8247" /><F67/><W128/><G128/><T34/><D34/><U39/><E6/><V48/><F42/><RYUUKYOKU ba="0,1" sc="268,10,273,-30,158,10,291,10" hai0="37,38,50,54,57,63,65,71,87,91,94,96,102" hai2="44,48,49,52,55,85,86" hai3="51,53,59,60,61,64,68" /><INIT seed="6,1,1,5,3,22" ten="278,243,168,301" oya="2" hai0="24,70,15,47,85,131,104,42,33,29,84,54,13" hai1="11,110,74,83,116,12,101,71,108,129,43,64,122" hai2="113,37,124,80,82,39,121,97,2,126,59,61,58" hai3="127,86,45,106,7,132,9,1,63,68,38,5,89"/><V133/><F2/><W91/><G106/><T49/><D70/><U112/><E116/><V120/><F97/><W72/><G72/><T98/><D131/><U46/><E101/><V103/><F61/><W109/><G109/><T50/><D15/><U134/><E129/><V0/><F0/><W92/><G7/><T76/><D76/><U8/><E8/><V79/><F79/><W53/><G127/><N who="2" m="48681" /><F103/><W105/><G1/><T20/><D98/><U96/><E64/><V56/><F113/><W36/><G63/><T60/><D60/><U117/><E71/><V90/><F90/><W3/><G89/><T67/><D67/><U65/><E96/><V28/><F28/><W115/><G115/><T51/><D104/><U23/><E65/><V32/><F32/><W128/><G105/><T6/><D33/><U62/><E62/><V57/><N who="2" m="14336" /><DORA hai="31" /><V125/><N who="2" m="48689" /><V19/><DORA hai="69" /><F19/><W21/><G3/><T77/><D77/><N who="1" m="44471" /><E112/><V10/><F10/><W119/><G9/><N who="0" m="4279" /><D85/><U48/><E11/><V44/><F44/><W17/><G45/><N who="0" m="28015" /><D84/><U4/><E108/><V93/><F93/><W78/><G92/><T100/><D100/><U55/><E110/><V95/><F95/><W118/><G86/><T26/><D29/><U88/><E46/><V35/><F35/><W123/><G78/><T102/><D102/><U81/><E88/><V99/><F99/><W52/><G91/><T135/><D47/><U114/><E114/><V87/><F87/><W130/><G130/><T34/><D34/><U75/><E75/><V40/><F82/><W66/><G128/><RYUUKYOKU ba="1,1" sc="278,0,243,0,168,0,301,0" /><INIT seed="7,2,1,5,1,19" ten="278,243,168,301" oya="3" hai0="126,105,31,33,9,123,39,81,80,87,120,107,97" hai1="100,101,11,57,46,82,71,114,74,41,8,40,76" hai2="96,132,72,44,117,52,99,5,83,34,24,53,17" hai3="67,84,13,116,121,110,113,86,131,93,64,0,59"/><W94/><G0/><T7/><D81/><U89/><E71/><V135/><F34/><W25/><G121/><T4/><D4/><U78/><E114/><V26/><F5/><W14/><G116/><T115/><D87/><N who="1" m="50423" /><E74/><V112/><F117/><W95/><G113/><T48/><D48/><N who="1" m="26695" /><E41/><V12/><F112/><W56/><G131/><T63/><D63/><U133/><E133/><N who="2" m="51275" /><F72/><W102/><G102/><N who="1" m="39530" /><E57/><N who="3" m="22090" /><G25/><N who="2" m="9833" /><F83/><W104/><G104/><T1/><D107/><U16/><E8/><V129/><F129/><W50/><G110/><T49/><D115/><U15/><AGARI ba="2,1" hai="11,15,16,76,78" m="39530,26695,50423" machi="15" ten="30,2000,0" yaku="8,1,54,1" doraHai="19" who="1" fromWho="1" sc="278,-7,243,36,168,-7,301,-12" /><INIT seed="8,0,0,3,2,58" ten="271,279,161,289" oya="0" hai0="55,120,57,2,41,108,74,62,88,127,125,102,130" hai1="6,71,53,33,50,99,36,116,121,123,59,111,133" hai2="32,48,18,92,94,51,86,97,35,44,20,68,73" hai3="13,132,75,115,114,91,40,4,0,30,112,119,65"/><T67/><D74/><U43/><E33/><V81/><F73/><W135/><G91/><T15/><D2/><U85/><E71/><V87/><F68/><W52/><G75/><T12/><D120/><U117/><E111/><V61/><F35/><W69/><G40/><T66/><D102/><U34/><E34/><V90/><F32/><W122/><G0/><T78/><D78/><U95/><E133/><N who="3" m="51274" /><G30/><T60/><D108/><U96/><E6/><V126/><F126/><N who="0" m="48138" /><D130/><U129/><E129/><V42/><F51/><W107/><G107/><T10/><D41/><U101/><E85/><N who="2" m="50479" /><F94/><W14/><G119/><N who="1" m="45642" /><E99/><V29/><F29/><W17/><G122/><T103/><D103/><U54/><E54/><V11/><F11/><N who="3" m="4327" /><G52/><T63/><D88/><U1/><E1/><V23/><F23/><N who="3" m="11703" /><G115/><T104/><D104/><U27/><E121/><V89/><F61/><AGARI ba="0,0" hai="61,65,69,112,114" m="11703,4327,51274" machi="61" ten="30,2000,0" yaku="20,1,52,1" doraHai="58" who="3" fromWho="2" sc="271,0,279,0,161,-20,289,20" owari="271,-13.0,279,8.0,141,-36.0,309,41.0" /></mjloggm>