<mjloggm ver="2.3"><GO type="169" lobby="0"/><UN n0="%E3%83%88%E3%83%88%E3%83%AA%E5%85%88%E7%94%9F%31%39%E6%AD%B3" n1="%E3%82%82%E3%81%98%E3%82%89" n2="%E3%82%BF%E3%82%B1%E3%82%AA%E3%81%97%E3%82%83%E3%82%93" n3="%E3%83%8B%E3%83%A3%E3%83%83%E3%83%94%E3%83%BC%E5%A4%8F%E7%9B%AE" dan="19,16,19,18" rate="2255.00,2043.96,2236.04,2248.38" sx="F,F,M,M"/><TAIKYOKU oya="0"/><INIT seed="0,0,0,4,5,48" ten="250,250,250,250" oya="0" hai0="121,93,118,44,4,57,14,126,116,99,17,47,114" hai1="134,61,129,90,51,88,108,95,34,31,77,109,0" hai2="56,122,68,36,16,22,46,59,41,86,35,11,94" hai3="125,72,111,54,60,117,2,123,84,49,38,127,3"/><T107/><D114/><U112/><E0/><V13/><F35/><W52/><G117/><T78/><D121/><U92/><E112/><V32/><F32/><W66/><G72/><T75/><D107/><U63/><E77/><V104/><F104/><W110/><G38/><T10/><D126/><N who="3" m="48137" /><G123/><T23/><D78/><U131/><E51/><N who="2" m="27087" /><F68/><N who="3" m="42055" /><G84/><T9/><D9/><U89/><E34/><V128/><F36/><W73/><G73/><T21/><D21/><U71/><E31/><V79/><F128/><N who="1" m="49225" /><E134/><V105/><F105/><W29/><G29/><T55/><D75/><U81/><E81/><N who="2" m="47423" /><F122/><W74/><G74/><T30/><D30/><U15/><E71/><V82/><F82/><W106/><G106/><T28/><D28/><U102/><E95/><V42/><F42/><W19/><G19/><T50/><D118/><U80/><E80/><V98/><F11/><W135/><G135/><T132/><D132/><U37/><E37/><V1/><F1/><N who="3" m="11" /><G49/><T83/><D83/><U27/><E61/><V87/><F87/><W85/><G85/><T65/><D116/><U70/><E63/><V5/><F5/><W130/><G130/><T25/><REACH who="0" step="1"/><D65/><REACH who="0" ten="240,250,250,250" step="2"/><U76/><E92/><V69/><F69/><W96/><G96/><T12/><D12/><U45/><E70/><V119/><F119/><W97/><G97/><T39/><D39/><U58/><E15/><V101/><AGARI ba="0,1" hai="13,16,22,56,59,94,98,101" m="47423,27087" machi="101" ten="30,2000,0" yaku="8,1,54,1" doraHai="48" who="2" fromWho="2" sc="240,-10,250,-5,250,30,250,-5" /><INIT seed="1,0,0,3,4,72" ten="230,245,280,245" oya="1" hai0="101,32,14,53,104,56,80,28,103,15,98,19,57" hai1="127,105,44,89,83,118,16,95,36,114,88,130,33" hai2="6,134,120,49,21,87,58,122,9,107,23,11,102" hai3="42,67,5,78,124,46,35,25,77,47,79,7,62"/><U29/><E105/><V81/><F134/><W51/><G124/><T41/><D103/><U73/><E118/><V1/><F11/><W60/><G62/><T128/><D128/><U37/><E114/><V85/><F85/><W116/><G116/><T69/><D69/><U50/><E130/><V0/><F0/><W8/><G46/><T94/><D104/><U76/><E127/><V63/><F102/><W40/><G40/><T45/><D32/><U109/><E109/><V123/><F49/><W48/><G48/><T38/><D28/><U97/><E89/><V3/><F3/><W4/><G35/><T12/><D57/><U100/><E100/><V112/><F107/><W90/><G90/><T96/><D96/><U92/><E92/><V43/><F43/><W17/><G25/><T74/><D74/><U125/><E125/><V91/><REACH who="2" step="1"/><F112/><REACH who="2" ten="230,245,270,245" step="2"/><W84/><G84/><T64/><D101/><U26/><E16/><V71/><F71/><W132/><G132/><T133/><D19/><U106/><E106/><V113/><F113/><W31/><G31/><T117/><D133/><U13/><REACH who="1" step="1"/><E13/><REACH who="1" ten="230,235,270,245" step="2"/><V52/><AGARI ba="0,2" hai="1,6,9,21,23,52,58,63,81,87,91,120,122,123" machi="52" ten="30,4000,0" yaku="1,1,0,1,54,1,53,0" doraHai="72" doraHaiUra="75" who="2" fromWho="2" sc="230,-10,235,-20,270,60,245,-10" /><INIT seed="2,0,0,0,0,64" ten="220,215,330,235" oya="2" hai0="100,65,79,70,11,26,61,105,83,73,3,12,58" hai1="22,97,23,34,18,124,42,52,89,25,115,7,78" hai2="16,110,43,134,76,60,130,118,54,10,101,20,53" hai3="13,59,116,121,77,106,87,39,0,1,132,91,109"/><V128/><F118/><W125/><G59/><T95/><D3/><U102/><E34/><V96/><F43/><W40/><G13/><T129/><D105/><U122/><E122/><V120/><F120/><W107/><G91/><T85/><D129/><N who="2" m="49770" /><F134/><W80/><G40/><T14/><D26/><U113/><E42/><V48/><F76/><W55/><G55/><T103/><D14/><U19/><E78/><V30/><F10/><W112/><G80/><T37/><D37/><U93/><E7/><V32/><F30/><W111/><G77/><T104/><D104/><U4/><E4/><V88/><F32/><W135/><G87/><T45/><D45/><U41/><E41/><V90/><F60/><W119/><G121/><T114/><D114/><U31/><E124/><V117/><F110/><W99/><G99/><T126/><D126/><U82/><E31/><V27/><F117/><W86/><G86/><T133/><D133/><U21/><E21/><V24/><F24/><W49/><G49/><T123/><D123/><U35/><E35/><V74/><F74/><W92/><G125/><T71/><D73/><U28/><E23/><V17/><F17/><W68/><G112/><T15/><D15/><U127/><E127/><V8/><F8/><W2/><G109/><T67/><D12/><U47/><E113/><V98/><F98/><W29/><G111/><T5/><D11/><U108/><E115/><V38/><F38/><W51/><G39/><T57/><D5/><U63/><E108/><V56/><F53/><W33/><G33/><T69/><D79/><U81/><E25/><RYUUKYOKU ba="0,0" sc="220,-10,215,-10,330,30,235,-10" hai2="16,20,27,48,54,56,88,90,96,101" /><INIT seed="2,1,0,3,2,111" ten="210,205,360,225" oya="2" hai0="114,30,95,71,66,8,22,21,91,47,12,3,75" hai1="61,132,129,101,85,89,131,94,127,11,68,120,67" hai2="46,56,126,96,93,1,92,2,102,84,74,16,27" hai3="133,78,35,99,117,76,31,103,118,54,125,105,65"/><V123/><F74/><W45/><G125/><T73/><D3/><U20/><E127/><V48/><F123/><W90/><G133/><T49/><D114/><U62/><E132/><V40/><F126/><W15/><G65/><T29/><D73/><U42/><E42/><V87/><F2/><W115/><G31/><N who="0" m="11787" /><D66/><U34/><E34/><V100/><F1/><W88/><G35/><T110/><D71/><U6/><E62/><V79/><F56/><W23/><G23/><T25/><D25/><U5/><E120/><V59/><F59/><W82/><G15/><T7/><D75/><U44/><E44/><V83/><F84/><N who="3" m="50199" /><G45/><T106/><D106/><U107/><E11/><V113/><F113/><W81/><G54/><N who="0" m="30015" /><D110/><U43/><E43/><V86/><F86/><AGARI ba="1,0" hai="7,8,12,21,22,86,91,95" m="30015,11787" machi="86" ten="30,1000,0" yaku="8,1" doraHai="111" who="0" fromWho="2" sc="210,13,205,0,360,-13,225,0" /><INIT seed="3,0,0,0,0,58" ten="223,205,347,225" oya="3" hai0="96,1,32,125,7,43,92,127,70,113,38,24,12" hai1="20,31,110,66,78,23,61,21,123,68,88,13,28" hai2="48,71,11,18,29,62,121,46,79,51,69,44,95" hai3="3,86,77,16,57,101,60,17,120,93,80,119,129"/><W52/><G120/><T39/><D1/><U82/><E123/><V135/><F29/><W98/><G119/><T0/><D0/><U118/><E118/><V94/><F79/><W41/><G129/><T72/><D72/><U74/><E110/><V89/><F121/><W64/><G3/><T45/><D39/><U100/><E100/><V133/><F11/><W27/><G41/><T10/><D70/><U97/><REACH who="1" step="1"/><E13/><REACH who="1" ten="223,195,347,225" step="2"/><V105/><F135/><W4/><G4/><T87/><D12/><U67/><E67/><V104/><F133/><W81/><G27/><T35/><D24/><U85/><E85/><V73/><F73/><W37/><G37/><T15/><D87/><U99/><E99/><V49/><F104/><W36/><G36/><T30/><D113/><U40/><E40/><V53/><F105/><W84/><REACH who="3" step="1"/><G64/><REACH who="3" ten="223,195,347,215" step="2"/><T59/><D43/><U54/><E54/><V111/><F53/><W109/><G109/><T114/><D38/><U122/><E122/><V102/><F111/><W134/><G134/><T126/><D114/><U116/><E116/><V14/><F14/><W124/><G124/><T83/><D125/><U117/><E117/><V22/><F102/><W91/><AGARI ba="0,2" hai="16,17,52,57,60,77,80,81,84,86,91,93,98,101" machi="91" ten="20,18000,2" yaku="1,1,0,1,7,1,8,1,52,1,54,2,53,0" doraHai="58" doraHaiUra="63" who="3" fromWho="3" sc="223,-60,195,-60,347,-60,215,200" /><INIT seed="3,1,0,5,1,96" ten="163,135,287,415" oya="3" hai0="53,55,109,75,120,3,118,83,85,63,135,86,14" hai1="98,20,132,110,124,111,49,106,13,67,4,127,44" hai2="89,1,133,23,8,131,78,47,11,117,74,17,34" hai3="28,130,60,24,21,65,80,48,101,42,84,100,58"/><W12/><G130/><T46/><D118/><U91/><E67/><V2/><F74/><W16/><G42/><T15/><D120/><U40/><E132/><V114/><F78/><N who="3" m="46103" /><G48/><T108/><D3/><U115/><E115/><V9/><F47/><W31/><G31/><T122/><D122/><U27/><E13/><V25/><F117/><W39/><G39/><T76/><D135/><U19/><E4/><V102/><F114/><W93/><G93/><T103/><D75/><U128/><E128/><V64/><F133/><W116/><G116/><T69/><D46/><U45/><E45/><V38/><F38/><W51/><G51/><T41/><D41/><U7/><E7/><V54/><F34/><W30/><G30/><T10/><D83/><U18/><E18/><V92/><F1/><W81/><G81/><T77/><D63/><U104/><E104/><V0/><F0/><W82/><G82/><T95/><D95/><N who="1" m="56703" /><E106/><V72/><F2/><W66/><G66/><T59/><D69/><U121/><E121/><V107/><F64/><W68/><G68/><T112/><D112/><U129/><E129/><V29/><F29/><W43/><G43/><T88/><D76/><U87/><E87/><N who="2" m="52287" /><F72/><W61/><G61/><T97/><D77/><U73/><E73/><V6/><F131/><W26/><G26/><T33/><D108/><AGARI ba="1,0" hai="19,20,27,40,44,49,108,110,111,124,127" m="56703" machi="108" ten="30,1000,0" yaku="14,1" doraHai="96" who="1" fromWho="0" sc="163,-13,135,13,287,0,415,0" /><INIT seed="4,0,0,0,0,116" ten="150,148,287,415" oya="0" hai0="10,88,32,46,117,55,50,63,1,67,45,37,68" hai1="106,20,58,103,54,33,95,79,16,5,39,134,62" hai2="61,69,74,94,100,133,98,109,93,23,96,59,112" hai3="135,120,40,115,110,22,2,131,113,72,108,129,21"/><T73/><D117/><U7/><E33/><V75/><F69/><W24/><G40/><T31/><D73/><U11/><E106/><V104/><F109/><N who="3" m="42091" /><G72/><T126/><D126/><U118/><E39/><V122/><F112/><N who="3" m="43083" /><G2/><T53/><D32/><U86/><E118/><V19/><F104/><W56/><G56/><T119/><D31/><U127/><E134/><V91/><F133/><W6/><G6/><T90/><D119/><U43/><E43/><V97/><F97/><W15/><G135/><T84/><D37/><U99/><E11/><V35/><F35/><W48/><G48/><T42/><D46/><U65/><E54/><V121/><F75/><W87/><G87/><T49/><D49/><U70/><E70/><V38/><F38/><W57/><G57/><T8/><D90/><U64/><E64/><V128/><F74/><W71/><G71/><T28/><D28/><U30/><E30/><V47/><F47/><W4/><G120/><T107/><D107/><U13/><REACH who="1" step="1"/><E127/><REACH who="1" ten="150,138,287,415" step="2"/><V125/><F125/><W41/><G41/><T89/><D42/><U123/><E123/><V66/><F122/><W77/><G22/><T124/><D124/><U9/><E9/><N who="0" m="3689" /><D55/><U60/><E60/><V51/><F121/><W80/><G21/><T76/><D1/><U29/><E29/><V14/><F51/><W130/><G130/><T102/><D68/><U17/><E17/><V78/><F128/><W34/><G131/><T82/><D102/><U81/><AGARI ba="0,1" hai="5,7,13,16,20,58,62,65,79,81,86,95,99,103" machi="81" ten="30,7900,0" yaku="1,1,0,1,8,1,54,1,53,0" doraHai="116" doraHaiUra="27" who="1" fromWho="1" sc="150,-39,138,89,287,-20,415,-20" /><INIT seed="5,0,0,0,1,95" ten="111,227,267,395" oya="1" hai0="26,19,122,73,85,43,3,109,25,90,63,107,34" hai1="33,86,83,117,39,36,89,58,99,121,118,0,116" hai2="133,31,87,22,130,59,56,97,94,67,11,38,76" hai3="77,123,125,6,112,69,60,91,51,21,132,54,111"/><U71/><E121/><V9/><F38/><W20/><G77/><T106/><D109/><U42/><E71/><V115/><F130/><W96/><G111/><T45/><D73/><U35/><E0/><V47/><F47/><W100/><G123/><T23/><D3/><U14/><E58/><N who="2" m="22059" /><F67/><W84/><G6/><T128/><D128/><U12/><E39/><V44/><F44/><W30/><G125/><T41/><D122/><U57/><E36/><V131/><F133/><W110/><G110/><T65/><D34/><U37/><E37/><V120/><F115/><W68/><G69/><T10/><D26/><U134/><E42/><V55/><F55/><W2/><G2/><T52/><D10/><U64/><E134/><V5/><F5/><W28/><G60/><T129/><D129/><U66/><E66/><V79/><F79/><W7/><G7/><T29/><D29/><U113/><E113/><V4/><F4/><W1/><G68/><T15/><D25/><U50/><E50/><V105/><F105/><N who="3" m="63623" /><G1/><T135/><D135/><U74/><E74/><V88/><F120/><W127/><G112/><T62/><D65/><U8/><E8/><V70/><F70/><W104/><G104/><N who="0" m="39979" /><D52/><U27/><E33/><V119/><F131/><W17/><G132/><T53/><D53/><U46/><E46/><V72/><F72/><W124/><G54/><T48/><D43/><U103/><E64/><V16/><F9/><W102/><G51/><T32/><D32/><U108/><E108/><V61/><F11/><W98/><G127/><T92/><D41/><U101/><E35/><RYUUKYOKU ba="0,0" sc="111,30,227,-10,267,-10,395,-10" hai0="15,19,23,45,48,62,63,85,90,92" /><INIT seed="6,1,0,5,2,30" ten="141,217,257,385" oya="2" hai0="4,103,0,98,121,78,123,60,130,58,31,39,124" hai1="8,132,73,28,64,88,119,27,118,70,62,13,9" hai2="50,94,83,3,11,65,133,1,125,105,33,2,131" hai3="10,43,34,22,51,61,25,41,129,21,47,36,97"/><V52/><F105/><W109/><G109/><T7/><D39/><U44/><E73/><V63/><F33/><W127/><G127/><T110/><D124/><U102/><E102/><V76/><F125/><W126/><G126/><T23/><D110/><U128/><E128/><V77/><F131/><W29/><G129/><T59/><D130/><U99/><E44/><V93/><F11/><W91/><G10/><T54/><D78/><U80/><E8/><V120/><F133/><W53/><G61/><T113/><D113/><U46/><E46/><V40/><F40/><W14/><G14/><T69/><D69/><U67/><E67/><V75/><F77/><W95/><G41/><T57/><D0/><U81/><E81/><V101/><F101/><W16/><G16/><T18/><D31/><U37/><E37/><V32/><F32/><W48/><G36/><T122/><D54/><U45/><E45/><AGARI ba="1,0" hai="21,22,25,29,34,43,45,47,48,51,53,91,95,97" machi="45" ten="30,2000,0" yaku="7,1,52,1" doraHai="30" who="3" fromWho="1" sc="141,0,217,-23,257,0,385,23" /><INIT seed="7,0,0,0,4,122" ten="141,194,257,408" oya="3" hai0="125,66,104,41,95,51,27,49,79,94,133,97,70" hai1="88,82,96,48,114,28,37,21,123,101,65,120,71" hai2="55,11,85,135,91,43,134,46,92,18,58,77,76" hai3="103,119,47,69,110,2,31,81,108,109,64,87,19"/><W106/><G119/><T93/><D133/><N who="2" m="50698" /><F18/><W38/><G2/><T75/><D125/><U12/><E37/><N who="2" m="21871" /><F11/><W61/><G31/><T56/><D70/><U84/><E48/><AGARI ba="0,0" hai="48,55,58,76,77,85,91,92" m="21871,50698" machi="48" ten="30,1000,0" yaku="20,1" doraHai="122" who="2" fromWho="1" sc="141,0,194,-10,257,10,408,0" owari="141,-36.0,184,-22.0,267,7.0,408,51.0" /></mjloggm>