<mjloggm ver="2.3"><GO type="169" lobby="0"/><UN n0="%E3%83%88%E3%83%88%E3%83%AA%E5%85%88%E7%94%9F%31%39%E6%AD%B3" n1="%E7%88%86%E5%BC%BE%E4%BA%94%E9%83%8E%EF%BC%92" n2="%28%E3%81%A3%27%E3%83%AE%27%63%29" n3="%E3%81%82%E3%83%BC%E3%81%BF%E3%82%93%E2%98%86" dan="18,17,16,17" rate="2219.76,2212.65,2148.46,2187.97" sx="F,M,F,F"/><TAIKYOKU oya="0"/><INIT seed="0,0,0,4,2,125" ten="250,250,250,250" oya="0" hai0="84,9,27,33,65,126,120,77,76,19,53,98,83" hai1="35,41,92,46,86,115,36,73,112,22,23,43,85" hai2="116,48,60,89,94,58,131,50,42,109,51,14,45" hai3="29,2,127,69,111,34,102,16,55,110,78,71,121"/><T10/><D120/><U70/><E70/><V40/><F109/><N who="3" m="41483" /><G121/><T31/><D126/><U21/><E35/><V56/><F116/><W62/><G2/><T114/><D114/><N who="1" m="43563" /><E73/><V82/><F131/><W8/><G78/><T117/><D117/><U25/><E43/><V106/><F106/><W17/><G102/><T63/><D53/><U24/><E92/><V134/><F134/><W95/><G95/><T3/><D3/><U11/><E11/><V1/><F1/><W124/><G29/><T99/><D76/><U68/><E68/><N who="3" m="26186" /><G34/><T123/><D123/><U15/><E15/><V133/><F133/><W38/><G38/><T74/><D74/><U67/><E67/><V18/><F82/><W20/><G8/><T129/><D10/><U44/><E44/><V88/><F89/><W108/><G17/><T119/><D119/><U39/><E36/><V61/><F40/><W105/><G105/><T128/><D19/><N who="1" m="12351" /><E23/><N who="2" m="11735" /><F58/><N who="3" m="35167" /><G108/><T103/><D9/><U81/><E81/><V91/><F91/><W47/><G47/><T26/><D26/><AGARI ba="0,0" hai="16,20,26,124,127" m="35167,26186,41483" machi="26" ten="30,2000,0" yaku="14,1,54,1" doraHai="125" who="3" fromWho="0" sc="250,-20,250,0,250,0,250,20" /><INIT seed="1,0,0,2,2,72" ten="230,250,250,270" oya="1" hai0="118,112,66,42,71,51,63,124,11,110,59,95,123" hai1="50,99,128,129,1,61,125,130,39,80,30,133,9" hai2="17,65,116,74,109,55,47,14,132,91,70,60,6" hai3="43,103,53,36,100,58,28,108,85,68,101,126,82"/><U86/><E39/><V23/><F116/><W35/><G68/><T92/><D112/><U10/><E30/><V75/><F109/><W7/><G108/><T94/><D118/><U105/><E125/><V107/><F132/><W96/><G126/><T84/><D110/><U25/><E133/><V119/><F107/><W26/><G7/><T56/><D124/><U54/><E61/><V31/><F119/><W77/><G43/><T121/><D11/><U49/><E25/><V15/><F31/><W2/><G2/><T24/><D24/><U19/><E1/><V8/><F91/><W90/><G36/><T22/><D22/><U88/><E50/><V83/><F83/><W40/><G40/><T117/><D117/><U127/><E127/><V29/><F47/><W38/><G38/><T131/><D131/><U34/><E34/><V69/><F69/><W134/><G134/><T81/><D42/><U45/><E19/><V33/><F55/><W67/><G67/><T21/><D21/><U57/><REACH who="1" step="1"/><E45/><REACH who="1" ten="230,240,250,270" step="2"/><V106/><F33/><W122/><G35/><T102/><D51/><U32/><E32/><V104/><F29/><W62/><G28/><T78/><REACH who="0" step="1"/><D102/><AGARI ba="0,1" hai="9,10,49,54,57,80,86,88,99,102,105,128,129,130" machi="102" ten="40,7700,0" yaku="1,1,19,1,54,1,53,0" doraHai="72" doraHaiUra="113" who="1" fromWho="0" sc="230,-77,240,87,250,0,270,0" /><INIT seed="1,1,0,0,3,30" ten="153,327,250,270" oya="1" hai0="96,3,20,91,127,110,73,34,126,107,59,50,121" hai1="85,7,41,43,133,40,26,132,63,128,109,56,122" hai2="92,105,23,47,54,8,0,42,123,80,95,112,24" hai3="102,58,6,65,118,114,57,106,77,99,76,104,51"/><U21/><E122/><V2/><F123/><W119/><G106/><T44/><D121/><U88/><E7/><V29/><F105/><W32/><G114/><T94/><D3/><U66/><E128/><V17/><F112/><W74/><G74/><T10/><D73/><U69/><E69/><V90/><F54/><N who="3" m="31967" /><G6/><T61/><D110/><U27/><E109/><V108/><F108/><W115/><G115/><T125/><D10/><U62/><E62/><V48/><F80/><W120/><G120/><T131/><D131/><U45/><E45/><V9/><F95/><W67/><G32/><T46/><D107/><U38/><E38/><V60/><F60/><N who="3" m="38039" /><G67/><T89/><D34/><U15/><E15/><V25/><F0/><W36/><G36/><T11/><D11/><U116/><E116/><AGARI ba="1,0" hai="76,77,99,102,104,116,118,119" m="38039,31967" machi="116" ten="30,1000,0" yaku="12,1" doraHai="30" who="3" fromWho="1" sc="153,0,327,-13,250,0,270,13" /><INIT seed="2,0,0,4,1,29" ten="153,314,250,283" oya="2" hai0="9,17,84,4,111,41,116,71,55,112,59,12,115" hai1="54,5,88,114,127,31,91,10,76,77,89,108,28" hai2="44,53,133,93,94,57,130,60,36,61,110,109,81" hai3="126,22,42,23,37,90,56,34,72,131,62,97,83"/><V102/><F133/><W66/><G131/><T73/><D73/><U33/><E114/><V14/><F130/><W35/><G37/><T121/><D71/><U119/><E119/><V6/><F81/><W101/><G42/><T64/><D64/><U107/><E107/><V58/><F6/><W118/><G118/><T18/><D116/><U82/><E127/><V43/><F14/><W128/><G128/><T21/><D121/><U100/><E100/><V75/><F75/><W85/><G126/><T46/><D111/><N who="2" m="42506" /><F102/><W50/><G50/><T16/><D84/><U104/><E82/><V106/><F106/><W38/><G38/><T30/><D46/><U27/><E104/><V99/><F99/><W39/><G39/><T117/><D41/><U3/><E108/><V74/><F74/><W19/><G72/><T87/><D117/><U45/><E45/><V52/><AGARI ba="0,0" hai="36,43,44,52,53,57,58,60,61,93,94" m="42506" machi="52" ten="30,6000,0" yaku="14,1,10,1,54,1" doraHai="29" who="2" fromWho="2" sc="153,-20,314,-20,250,60,283,-20" /><INIT seed="2,1,0,3,0,28" ten="133,294,310,263" oya="2" hai0="109,130,24,97,123,83,36,101,119,23,26,69,4" hai1="132,11,67,98,32,76,15,35,129,57,106,38,104" hai2="99,48,108,107,52,118,43,96,93,125,42,126,88" hai3="8,41,55,10,60,53,100,0,56,17,6,94,127"/><V82/><F118/><W58/><G127/><N who="2" m="48649" /><F108/><W124/><G124/><T13/><D123/><U81/><E38/><V79/><F99/><W89/><G100/><T14/><D36/><U65/><E98/><V68/><F68/><W40/><G10/><T80/><D69/><U95/><E132/><V44/><F107/><W22/><G56/><T25/><D109/><U90/><E106/><V16/><F16/><W114/><G55/><T66/><D66/><U75/><E104/><V63/><F63/><W103/><G103/><T59/><D119/><U113/><E113/><V46/><F46/><W54/><G54/><T7/><D130/><U30/><E129/><V128/><F128/><W102/><G102/><T3/><D59/><U77/><E67/><V50/><F50/><W61/><G61/><T74/><D97/><U117/><E117/><V87/><AGARI ba="1,0" hai="42,43,44,48,52,79,82,87,88,93,96" m="48649" machi="87" ten="30,6000,0" yaku="18,1,54,2" doraHai="28" who="2" fromWho="2" sc="133,-21,294,-21,310,63,263,-21" /><INIT seed="2,2,0,2,2,124" ten="112,273,373,242" oya="2" hai0="135,78,89,106,65,119,131,41,103,39,87,76,114" hai1="60,59,100,71,99,1,9,93,15,111,63,36,12" hai2="91,123,10,17,46,129,32,85,50,27,44,96,116" hai3="90,22,107,53,101,11,57,83,72,16,66,5,49"/><V33/><F116/><W125/><G125/><T37/><D114/><U21/><E36/><V98/><F129/><W77/><G66/><T23/><D119/><U8/><E1/><V25/><F123/><W51/><G90/><T55/><D135/><U7/><E71/><V64/><F64/><W43/><G107/><T73/><D65/><U42/><E42/><V81/><F44/><W4/><G101/><T62/><D131/><U29/><E59/><V6/><F33/><W128/><G128/><T28/><D103/><U3/><E3/><V95/><F32/><W79/><G79/><T113/><D106/><U88/><E100/><V31/><F31/><W61/><G43/><T110/><D110/><U132/><E111/><V30/><F30/><W82/><G82/><N who="0" m="45327" /><D78/><U14/><E132/><V109/><F109/><W94/><G94/><N who="0" m="54591" /><D41/><U122/><E122/><V84/><F84/><W80/><G80/><T40/><D40/><U97/><E97/><V18/><F18/><W108/><G108/><T130/><D130/><U48/><E29/><V115/><F115/><W121/><G121/><T70/><D70/><U74/><E74/><V26/><F95/><W112/><G4/><T13/><D113/><U20/><E7/><V58/><F58/><W2/><REACH who="3" step="1"/><G112/><REACH who="3" ten="112,273,373,232" step="2"/><T34/><D39/><U92/><E92/><V52/><REACH who="2" step="1"/><F17/><REACH who="2" ten="112,273,363,232" step="2"/><W120/><G120/><T118/><D118/><U75/><E93/><V68/><F68/><W47/><G47/><T133/><D34/><U0/><E99/><V102/><F102/><W54/><G54/><T69/><D55/><U134/><E134/><RYUUKYOKU ba="2,2" sc="112,-15,273,-15,363,15,232,15" hai2="6,10,25,26,27,46,50,52,81,85,91,96,98" hai3="2,5,11,16,22,49,51,53,57,61,72,77,83" /><INIT seed="2,3,2,2,5,35" ten="97,258,378,247" oya="2" hai0="100,66,72,87,84,93,70,10,67,89,114,83,104" hai1="99,112,113,95,68,51,90,61,62,134,116,71,7" hai2="80,33,81,17,55,102,86,25,36,38,14,91,44" hai3="128,11,98,65,6,135,4,3,129,130,52,110,5"/><V9/><F102/><W127/><G110/><T18/><D114/><U73/><E116/><V77/><F33/><W29/><G135/><T92/><D70/><U131/><E73/><V60/><F25/><W111/><G111/><T118/><D104/><U16/><E134/><V58/><REACH who="2" step="1"/><F44/><REACH who="2" ten="97,258,368,247" step="2"/><W133/><G133/><T8/><D100/><U26/><E113/><V40/><F40/><W22/><G128/><T28/><D118/><U117/><E112/><V122/><F122/><W37/><G129/><T46/><D46/><U41/><E117/><V103/><F103/><W27/><G130/><T101/><D101/><U108/><E108/><V59/><F59/><W32/><G32/><T69/><D69/><U88/><E41/><V115/><F115/><W125/><G127/><T124/><D124/><U1/><E26/><V39/><F39/><W120/><G37/><T57/><D57/><U24/><E24/><V63/><F63/><W79/><G120/><T13/><D28/><U50/><E131/><V123/><F123/><W19/><G125/><T45/><D45/><U12/><E68/><V94/><F94/><W48/><G29/><T15/><D93/><U34/><E62/><V119/><F119/><W30/><G30/><T97/><D72/><AGARI ba="3,3" hai="9,14,17,36,38,55,58,60,72,77,80,81,86,91" machi="72" ten="30,2900,0" yaku="1,1,7,1,53,0" doraHai="35" doraHaiUra="0" who="2" fromWho="0" sc="97,-38,258,0,368,68,247,0" /><INIT seed="2,4,0,4,4,47" ten="59,258,436,247" oya="2" hai0="25,6,27,63,105,99,9,100,73,71,130,40,59" hai1="124,117,75,15,52,81,1,39,57,37,48,2,123" hai2="16,18,8,90,14,82,68,102,49,70,118,86,46" hai3="36,114,55,87,4,133,131,103,65,98,113,129,88"/><V23/><F118/><W106/><G36/><T31/><D73/><U43/><E123/><V74/><F74/><W83/><G65/><T93/><D130/><N who="3" m="49673" /><G4/><T108/><D108/><U128/><E117/><V97/><F18/><W115/><G55/><T66/><D40/><U11/><E124/><V112/><F112/><W34/><G34/><T134/><D134/><AGARI ba="4,0" hai="83,87,88,98,103,106,113,114,115,133,134" m="49673" machi="134" ten="40,8000,1" yaku="11,1,19,1,34,2,54,1" doraHai="47" who="3" fromWho="0" sc="59,-92,258,0,436,0,247,92" owari="-33,-53.0,258,-14.0,436,53.0,339,14.0" /></mjloggm>