<mjloggm ver="2.3"><GO type="169" lobby="0"/><UN n0="%68%61%79%61%74%6F%E2%98%86" n1="%E5%B0%B1%E6%B4%BB%E7%94%9F%40%E5%B7%9D%E6%9D%91%E8%BB%8D%E5%9B%A3" n2="%E3%83%9E%E3%83%88%E3%83%AA%E3%83%83%E3%82%AF%E3%82%B9" n3="%6D%61%74%69%6F%73%61%6E" dan="17,17,16,16" rate="2135.88,2224.60,2068.51,2090.39" sx="M,M,M,M"/><TAIKYOKU oya="0"/><INIT seed="0,0,0,0,4,83" ten="250,250,250,250" oya="0" hai0="55,1,21,113,12,87,71,26,65,115,109,63,99" hai1="76,131,81,9,19,111,120,37,22,100,20,5,106" hai2="103,129,35,80,133,30,11,2,123,114,79,89,96" hai3="13,119,88,16,6,15,62,121,58,78,38,68,82"/><T3/><D3/><U74/><E120/><V28/><F123/><W51/><G38/><T116/><D1/><U127/><E111/><V102/><F114/><W57/><G119/><T17/><D116/><U32/><E32/><V110/><F110/><W0/><G0/><T105/><D109/><U134/><E127/><V101/><F133/><W18/><G6/><T43/><D43/><U124/><E124/><V4/><F129/><W90/><G68/><T36/><D36/><U72/><E134/><V48/><F35/><W126/><G126/><T77/><D55/><U128/><E37/><V135/><F135/><W117/><G117/><T25/><D25/><U7/><E100/><V41/><F89/><W31/><G31/><T91/><D77/><U49/><E106/><V47/><REACH who="2" step="1"/><F96/><REACH who="2" ten="250,250,240,250" step="2"/><W14/><G121/><T92/><REACH who="0" step="1"/><D26/><REACH who="0" ten="240,250,240,250" step="2"/><U67/><E131/><V64/><F64/><W44/><G78/><T85/><D85/><AGARI ba="0,2" hai="2,4,11,28,30,41,47,48,79,80,85,101,102,103" machi="85" ten="40,5200,0" yaku="1,1,52,1,53,1" doraHai="83" doraHaiUra="34" who="2" fromWho="0" sc="240,-52,250,0,240,72,250,0" /><INIT seed="1,0,0,1,5,50" ten="188,250,312,250" oya="1" hai0="6,86,71,95,23,110,0,42,107,20,35,27,58" hai1="104,60,32,67,8,87,65,36,11,130,45,17,48" hai2="117,75,63,19,38,3,25,57,55,4,82,61,105" hai3="47,43,90,80,34,132,37,78,16,128,89,100,74"/><U44/><E130/><V72/><F117/><W129/><G34/><T64/><D107/><U124/><E124/><V51/><F105/><W108/><G132/><T81/><D71/><U114/><E114/><V15/><F38/><W39/><G39/><T76/><D110/><U41/><E104/><V94/><F25/><W10/><G100/><T116/><D116/><U2/><E32/><V125/><F125/><W66/><G66/><T68/><D68/><U85/><E2/><V98/><F4/><W120/><G120/><T91/><D42/><U83/><E87/><V62/><F3/><W135/><G135/><T79/><D79/><U127/><E127/><V73/><F82/><W118/><G118/><T106/><D106/><U59/><E17/><V9/><REACH who="2" step="1"/><F63/><REACH who="2" ten="188,250,302,250" step="2"/><W109/><G129/><T96/><D6/><U49/><E36/><V22/><F22/><W70/><G128/><T99/><D0/><U7/><E7/><V113/><F113/><W84/><G109/><T53/><D35/><U33/><E33/><V122/><F122/><W14/><G108/><T131/><D20/><U1/><E1/><V5/><F5/><W52/><G80/><T123/><D131/><U134/><E134/><V28/><F28/><W103/><G37/><T31/><D123/><U69/><E69/><V46/><F46/><W115/><G70/><T13/><D13/><U21/><E21/><V24/><F24/><W126/><G14/><T77/><D27/><U30/><E30/><V121/><F121/><W102/><G115/><T119/><D31/><U133/><E133/><V18/><F18/><RYUUKYOKU ba="0,1" sc="188,-10,250,-10,302,30,250,-10" hai2="9,15,19,51,55,57,61,62,72,73,75,94,98" /><INIT seed="2,1,1,4,3,47" ten="178,240,332,240" oya="2" hai0="0,126,2,127,44,79,21,85,100,19,133,12,81" hai1="91,6,28,53,11,23,108,45,87,60,110,118,62" hai2="104,125,96,50,129,59,55,36,78,98,83,38,51" hai3="46,90,5,74,30,31,4,72,119,107,14,82,40"/><V128/><F125/><N who="0" m="47626" /><D133/><U99/><E118/><V95/><F104/><W70/><G107/><T111/><D111/><N who="1" m="42539" /><E99/><V25/><F25/><W106/><G106/><T93/><D44/><U27/><E53/><V123/><F123/><W66/><G119/><T86/><D100/><U75/><E45/><V52/><F83/><W15/><G70/><T16/><D19/><U121/><E75/><V67/><F67/><W105/><G105/><T49/><D49/><U37/><E37/><V97/><F95/><W65/><G46/><T84/><D93/><N who="1" m="54527" /><E121/><V48/><F78/><W42/><G90/><T73/><AGARI ba="1,1" hai="0,2,12,16,21,73,79,81,84,85,86" m="47626" machi="73" ten="30,2000,0" yaku="18,1,54,1" doraHai="47" who="0" fromWho="0" sc="178,33,240,-6,332,-11,240,-6" /><INIT seed="3,0,0,3,5,75" ten="211,234,321,234" oya="3" hai0="90,106,72,63,105,68,99,39,51,77,32,57,36" hai1="87,29,27,54,116,12,115,2,122,92,65,61,23" hai2="28,113,37,135,43,128,82,84,34,127,104,5,44" hai3="134,19,118,13,129,69,3,7,35,79,97,130,133"/><W47/><G69/><T52/><D32/><U22/><E122/><V53/><F113/><W20/><G118/><T58/><D68/><U11/><E115/><V38/><F104/><W4/><G97/><T59/><D105/><U91/><E116/><V45/><F127/><W60/><G60/><T94/><D106/><U114/><E114/><V8/><F128/><N who="3" m="49259" /><G47/><T101/><D101/><U49/><E2/><V30/><F135/><N who="3" m="51723" /><G79/><T80/><D58/><U78/><E78/><V62/><F34/><W121/><G121/><T71/><D71/><U111/><E111/><V21/><F62/><W76/><G76/><T10/><D10/><U95/><E61/><V125/><F53/><AGARI ba="0,0" hai="36,39,51,52,53,57,59,63,72,77,80,90,94,99" machi="53" ten="30,3900,0" yaku="7,1,52,1,54,1" doraHai="75" who="0" fromWho="2" sc="211,39,234,0,321,-39,234,0" /><INIT seed="4,0,0,2,4,2" ten="250,234,282,234" oya="0" hai0="53,96,13,100,131,82,9,0,126,122,63,94,40" hai1="36,49,128,62,60,80,39,114,46,118,74,79,48" hai2="113,52,75,45,99,117,76,32,95,5,33,84,21" hai3="89,12,58,87,3,65,23,115,64,29,14,120,134"/><T91/><D122/><U19/><E118/><V16/><F75/><W121/><G3/><T88/><D0/><U4/><E128/><V34/><F113/><W66/><G134/><T72/><D126/><U71/><E114/><V98/><F117/><W7/><G115/><T18/><D131/><U67/><E19/><V119/><F119/><W54/><G7/><N who="0" m="3263" /><D72/><U81/><E4/><V73/><F73/><W43/><G43/><T133/><D133/><U20/><E20/><V109/><F109/><W38/><G38/><T17/><D40/><U105/><E105/><V26/><F5/><W50/><G29/><T135/><D135/><U132/><E132/><V103/><F99/><W44/><G44/><T57/><D100/><U108/><E108/><V8/><F8/><W41/><G41/><T111/><D111/><U124/><E124/><V127/><F127/><W92/><REACH who="3" step="1"/><G23/><REACH who="3" ten="250,234,282,224" step="2"/><T93/><D82/><U125/><E80/><N who="2" m="47111" /><F34/><W31/><G31/><T28/><D28/><U86/><E125/><V11/><F32/><W110/><G110/><T56/><D56/><U27/><E39/><V25/><F33/><W47/><G47/><T70/><D70/><U61/><E36/><V51/><F11/><W104/><G104/><T59/><D59/><U6/><E46/><V78/><F78/><W129/><G129/><T69/><D69/><U55/><E71/><V30/><F30/><W15/><AGARI ba="0,1" hai="12,14,15,50,54,58,64,65,66,87,89,92,120,121" machi="15" ten="40,2700,0" yaku="1,1,0,1,53,0" doraHai="2" doraHaiUra="112" who="3" fromWho="3" sc="250,-13,234,-7,282,-7,224,37" /><INIT seed="5,0,0,4,5,44" ten="237,227,275,261" oya="1" hai0="82,97,111,3,11,36,118,64,69,91,104,37,85" hai1="125,115,102,95,84,54,114,58,39,65,4,73,79" hai2="121,1,61,26,123,20,122,131,16,45,22,119,83" hai3="135,55,57,47,126,38,107,130,6,28,72,89,30"/><U52/><E39/><V27/><F119/><W94/><G107/><T128/><D118/><U68/><E125/><V112/><F131/><W109/><G109/><T25/><D111/><U51/><E4/><V63/><F1/><W71/><G71/><T87/><D128/><U92/><E73/><V99/><F112/><N who="1" m="43049" /><E102/><V116/><F116/><W88/><G72/><T2/><D25/><U76/><E54/><V117/><F117/><W53/><G130/><T41/><D37/><U78/><E84/><V29/><F99/><W0/><G126/><T40/><D85/><U127/><E127/><V34/><F83/><W50/><G6/><T56/><D36/><U14/><E14/><V101/><F101/><W19/><G0/><T70/><D41/><U49/><E49/><V110/><F110/><W17/><G38/><T134/><D40/><U100/><E100/><V60/><REACH who="2" step="1"/><F45/><REACH who="2" ten="237,227,265,261" step="2"/><W42/><G47/><T48/><D97/><U124/><E124/><V7/><F7/><W132/><G135/><T31/><D134/><U81/><E81/><V133/><F133/><W80/><G132/><T24/><D82/><U9/><E9/><V105/><F105/><W96/><G80/><T15/><D104/><U12/><E12/><V93/><F93/><W33/><G94/><T35/><D2/><U108/><E108/><V23/><AGARI ba="0,1" hai="16,20,22,23,26,27,29,34,60,61,63,121,122,123" machi="23" ten="40,5200,0" yaku="1,1,0,1,54,1,53,0" doraHai="44" doraHaiUra="8" who="2" fromWho="2" sc="237,-13,227,-26,265,62,261,-13" /><INIT seed="6,0,0,1,1,7" ten="224,201,327,248" oya="2" hai0="117,131,25,94,47,14,111,116,3,132,29,118,135" hai1="133,129,79,101,55,105,114,134,109,104,87,102,33" hai2="125,5,97,88,50,74,43,63,41,60,96,70,57" hai3="19,32,58,67,22,119,66,37,6,11,127,99,113"/><V73/><F70/><W107/><G32/><N who="0" m="20527" /><D47/><U10/><E33/><V9/><F125/><W18/><G37/><T83/><D94/><U36/><E36/><V103/><F74/><W42/><G42/><T61/><D83/><N who="1" m="47615" /><E109/><V52/><F73/><W68/><G68/><T123/><D61/><N who="2" m="23626" /><F103/><N who="1" m="39433" /><E55/><V124/><F124/><W39/><G39/><T93/><D93/><U85/><E10/><V122/><F122/><W62/><G67/><T48/><D123/><U90/><E129/><V24/><F24/><W128/><G107/><N who="1" m="41034" /><E114/><V51/><F51/><W86/><G113/><T78/><D48/><U21/><E21/><V84/><F9/><W34/><G62/><T16/><D131/><U26/><E26/><V106/><F5/><W112/><G112/><T71/><D71/><U20/><E20/><V65/><F65/><W0/><G34/><T72/><D111/><U27/><E27/><V38/><F38/><W4/><G66/><T44/><D44/><U53/><E53/><V108/><F106/><W45/><G127/><T28/><D28/><U49/><E49/><V110/><F110/><W13/><G45/><T30/><D30/><U56/><E56/><V46/><F108/><W31/><G128/><T89/><D3/><U1/><E1/><V64/><F64/><W76/><G31/><T92/><D14/><U15/><E15/><V95/><F46/><W82/><G13/><T121/><D121/><U17/><E17/><V12/><F12/><W8/><G0/><T40/><D16/><U126/><E126/><V69/><F69/><W120/><G19/><T77/><D40/><AGARI ba="0,0" hai="40,41,43,50,52,57,84,88,95,96,97" m="23626" machi="40" ten="30,11600,0" yaku="6,1,8,1,54,2" doraHai="7" who="2" fromWho="0" sc="224,-116,201,0,327,116,248,0" /><INIT seed="6,1,0,4,3,123" ten="108,201,443,248" oya="2" hai0="99,55,22,114,88,40,41,67,15,47,117,93,92" hai1="81,95,64,111,100,27,61,28,60,69,48,1,66" hai2="20,110,98,24,121,31,82,13,120,58,21,118,90" hai3="104,124,119,70,46,38,56,17,115,50,105,106,126"/><V43/><F118/><W86/><G119/><T57/><D117/><U72/><E1/><V39/><F58/><W68/><G38/><T75/><D75/><U128/><E128/><V108/><F43/><W77/><G56/><T133/><D133/><U8/><E111/><N who="2" m="42539" /><F39/><W52/><G115/><T4/><D114/><U130/><E48/><V16/><F82/><N who="3" m="47439" /><G17/><T96/><D67/><U109/><E8/><V33/><F90/><W42/><G42/><T73/><D73/><U76/><E130/><V127/><F127/><AGARI ba="1,0" hai="46,50,52,68,70,104,105,106,124,126,127" m="47439" machi="127" ten="40,2600,0" yaku="18,1,54,1" doraHai="123" who="3" fromWho="2" sc="108,0,201,0,443,-29,248,29" /><INIT seed="7,0,0,0,2,10" ten="108,201,414,277" oya="3" hai0="106,49,120,41,119,16,8,61,86,65,133,115,48" hai1="24,20,22,75,125,54,57,36,134,70,68,114,25" hai2="101,104,23,73,4,74,128,105,80,76,129,124,35" hai3="27,43,131,19,5,92,32,95,77,96,46,85,14"/><W63/><G131/><N who="2" m="50249" /><F35/><W2/><G2/><T47/><D120/><U42/><E75/><N who="2" m="43039" /><F124/><W11/><G63/><T118/><D133/><U102/><E102/><V15/><F101/><W110/><G110/><T82/><D106/><N who="2" m="41066" /><F4/><W17/><G5/><T78/><D115/><U0/><E22/><V90/><F90/><W88/><G77/><T97/><D97/><U116/><E42/><V79/><F79/><W38/><G32/><T9/><D49/><U55/><E24/><V99/><F99/><W100/><G27/><T6/><D6/><U18/><E57/><V3/><F3/><W83/><G17/><AGARI ba="0,0" hai="15,17,23,73,74" m="41066,43039,50249" machi="17" ten="30,2000,0" yaku="19,1,52,1" doraHai="10" who="2" fromWho="3" sc="108,0,201,0,414,20,277,-20" owari="108,-39.0,201,-20.0,434,53.0,257,6.0" /></mjloggm>