<mjloggm ver="2.3"><GO type="41" lobby="0"/><UN n0="%6B%6B%6B%63%63%63" n1="%31%74%73%75%6B%31%2E%74" n2="%E7%B4%94%E3%83%81%E3%83%A3%E3%83%B3%E5%B0%8F%E5%83%A7" n3="%E5%B0%B1%E6%B4%BB%E7%94%9F%40%E5%B7%9D%E6%9D%91%E8%BB%8D%E5%9B%A3" dan="13,14,14,17" rate="1889.37,1887.88,1940.64,2164.86" sx="M,M,M,M"/><TAIKYOKU oya="0"/><INIT seed="0,0,0,4,4,108" ten="250,250,250,250" oya="0" hai0="134,59,121,70,107,79,55,92,1,133,130,84,98" hai1="89,56,109,12,33,113,51,106,41,123,30,10,11" hai2="25,61,58,116,125,82,76,45,131,53,39,85,26" hai3="100,29,127,102,50,18,34,47,115,66,4,37,24"/><T19/><D70/><U96/><E123/><V49/><F116/><W13/><G37/><T7/><D121/><U103/><E109/><V97/><F131/><W27/><G127/><T42/><D42/><U112/><E33/><V117/><F117/><W75/><G75/><T57/><D130/><U20/><E89/><V16/><F125/><W128/><G128/><T31/><D31/><U105/><E106/><V15/><F97/><W48/><G66/><T135/><D107/><U120/><E120/><V69/><F39/><W126/><G126/><T21/><D7/><U3/><E3/><V67/><REACH who="2" step="1"/><F69/><REACH who="2" ten="250,250,240,250" step="2"/><W62/><G115/><T60/><D1/><U118/><E118/><V110/><F110/><W35/><G102/><T71/><D71/><U68/><E68/><V5/><F5/><W86/><G100/><N who="0" m="60487" /><D59/><U111/><E111/><V14/><F14/><W114/><G4/><T122/><D122/><U9/><E56/><V6/><F6/><W101/><G114/><N who="1" m="44138" /><E12/><V119/><F119/><W77/><G101/><T44/><D44/><N who="1" m="25999" /><E9/><AGARI ba="0,1" hai="9,15,16,25,26,45,49,53,58,61,67,76,82,85" machi="9" ten="30,7700,0" yaku="1,1,7,1,8,1,54,1,53,0" doraHai="108" doraHaiUra="64" who="2" fromWho="1" sc="250,0,250,-77,240,87,250,0" /><INIT seed="1,0,0,1,1,31" ten="250,173,327,250" oya="1" hai0="114,116,30,63,38,33,111,56,39,110,121,134,94" hai1="48,97,108,58,18,49,68,119,62,13,15,132,5" hai2="118,4,82,103,73,61,98,128,21,37,112,14,117" hai3="74,35,105,11,102,40,17,29,87,95,131,96,64"/><U6/><E119/><V127/><F128/><W3/><G131/><T101/><D116/><U92/><E68/><V32/><F112/><W0/><G74/><T91/><D114/><U10/><E132/><V36/><F127/><W81/><G40/><T55/><D121/><U93/><E108/><N who="0" m="41513" /><D101/><U1/><E1/><V53/><F32/><W47/><G47/><T79/><D79/><U57/><E57/><V115/><F115/><W124/><G124/><T88/><D134/><U135/><E135/><V42/><F73/><W78/><G95/><N who="1" m="36426" /><E97/><V46/><F37/><N who="0" m="13834" /><D94/><U24/><E24/><AGARI ba="0,0" hai="24,30,33,55,56,63,88,91" m="13834,41513" machi="24" ten="30,3900,0" yaku="14,1,52,1,54,1" doraHai="31" who="0" fromWho="1" sc="250,39,173,-39,327,0,250,0" /><INIT seed="2,0,0,3,2,99" ten="289,134,327,250" oya="2" hai0="131,112,57,60,36,56,123,50,31,118,129,20,17" hai1="27,8,122,86,21,46,34,119,93,30,37,133,124" hai2="26,114,98,28,132,120,51,66,102,13,38,81,109" hai3="87,71,2,4,115,135,107,67,69,113,24,68,85"/><V16/><F120/><W25/><G107/><T10/><D36/><U14/><E122/><V49/><F114/><N who="3" m="43531" /><G67/><T125/><D123/><U58/><E119/><V128/><F38/><W95/><G95/><T73/><D73/><U80/><E124/><V83/><F128/><N who="0" m="49226" /><D112/><U79/><E133/><V82/><F66/><W75/><G75/><T63/><D118/><U70/><E70/><V65/><F65/><W7/><G2/><T47/><D125/><U94/><E34/><V92/><F132/><W32/><G32/><T1/><D31/><U100/><E100/><V97/><F97/><W111/><G111/><T134/><D134/><U96/><E96/><V84/><F84/><N who="3" m="32331" /><G135/><T9/><D1/><U12/><E12/><V3/><F3/><W29/><G29/><T117/><D117/><U72/><E72/><V48/><F109/><W106/><G106/><T105/><D105/><U89/><E37/><V55/><F28/><W53/><G53/><N who="0" m="33807" /><D57/><U88/><E46/><N who="2" m="28055" /><F26/><AGARI ba="0,0" hai="4,7,24,25,26,68,69,71" m="32331,43531" machi="26" ten="40,5200,0" yaku="28,2,11,1" doraHai="99" who="3" fromWho="2" sc="289,0,134,0,327,-52,250,52" /><INIT seed="3,0,0,1,0,72" ten="289,134,275,302" oya="3" hai0="115,4,108,60,13,123,44,46,25,101,64,70,132" hai1="103,82,29,104,34,130,54,63,16,12,24,94,0" hai2="102,67,57,84,78,30,73,35,18,1,49,99,127" hai3="89,33,45,38,133,36,77,93,68,85,6,20,74"/><W9/><G33/><T17/><D123/><U91/><E130/><V11/><F127/><W88/><G68/><T69/><D70/><U118/><E0/><V21/><F73/><W98/><G133/><T97/><D132/><U107/><E118/><V122/><F122/><W125/><G125/><T43/><D115/><U126/><E126/><V23/><F35/><W110/><G110/><T48/><D108/><U65/><E54/><V131/><F131/><W8/><G20/><T76/><D76/><U47/><E47/><V3/><F30/><W117/><G117/><T51/><D4/><U135/><E103/><V87/><F11/><W80/><G45/><T41/><D25/><U121/><E82/><V39/><F39/><W32/><G32/><T128/><D128/><U5/><E5/><V55/><F67/><W120/><G120/><T124/><D124/><U83/><E83/><V58/><F57/><W119/><G119/><T112/><D112/><U61/><E61/><V7/><F7/><W114/><G114/><T75/><D75/><U134/><E121/><V106/><F21/><W95/><G8/><T100/><REACH who="0" step="1"/><D97/><REACH who="0" ten="279,134,275,302" step="2"/><N who="1" m="57567" /><E135/><V40/><F78/><W27/><REACH who="3" step="1"/><G27/><REACH who="3" ten="279,134,275,292" step="2"/><T2/><D2/><AGARI ba="0,2" hai="2,6,9,36,38,74,77,80,85,88,89,93,95,98" machi="2" ten="30,12000,1" yaku="1,1,2,1,7,1,52,1,54,1,53,0" doraHai="72" doraHaiUra="26" who="3" fromWho="0" sc="279,-120,134,0,275,0,292,140" /><INIT seed="3,1,0,5,1,87" ten="159,134,275,432" oya="3" hai0="73,92,121,91,64,19,130,106,7,52,89,101,12" hai1="126,61,104,43,108,54,95,41,26,85,105,62,32" hai2="60,18,100,132,35,14,58,16,9,82,20,21,53" hai3="135,3,74,24,116,57,118,94,72,27,37,30,127"/><W48/><G37/><T93/><D73/><U11/><E108/><V110/><F110/><W29/><G3/><T109/><D109/><U1/><E126/><V66/><F132/><W6/><G6/><T81/><D81/><U107/><E62/><V23/><F35/><W49/><G127/><T44/><D101/><U83/><E1/><V55/><F100/><W123/><G57/><T63/><D106/><U111/><E95/><N who="0" m="36425" /><D121/><U39/><E111/><V8/><F82/><W133/><REACH who="3" step="1"/><G94/><REACH who="3" ten="159,134,275,422" step="2"/><T25/><D7/><U76/><E39/><V102/><F102/><W129/><G129/><T56/><D130/><U28/><REACH who="1" step="1"/><E11/><REACH who="1" ten="159,124,275,422" step="2"/><V99/><F99/><W42/><G42/><T4/><D4/><U134/><E134/><V131/><F131/><W34/><G34/><T36/><D36/><U45/><E45/><V70/><F70/><W51/><G51/><N who="0" m="28775" /><D25/><U46/><E46/><V80/><F8/><AGARI ba="1,2" hai="8,12,19,56,63,64,89,91" m="28775,36425" machi="8" ten="30,7700,0" yaku="8,1,52,2,54,1" doraHai="87" who="0" fromWho="2" sc="159,100,124,0,275,-80,422,0" /><INIT seed="4,0,0,0,5,66" ten="259,124,195,422" oya="0" hai0="32,10,75,23,36,73,31,53,21,135,120,86,25" hai1="50,40,30,78,70,46,77,98,43,131,95,6,45" hai2="22,124,47,64,122,20,90,85,132,106,38,61,55" hai3="109,99,115,96,125,33,59,0,8,89,52,48,72"/><T62/><D36/><U27/><E131/><V14/><F122/><W97/><G109/><T117/><D120/><U60/><E6/><V2/><F2/><W130/><G33/><T114/><D117/><U49/><E60/><V37/><F132/><W65/><G72/><T108/><D108/><U26/><E70/><V42/><F106/><W123/><G123/><T68/><D114/><U104/><E104/><V107/><F107/><W1/><G130/><T41/><D41/><U128/><E128/><V110/><F110/><W28/><G28/><T76/><D135/><U80/><E80/><V105/><F105/><W116/><G116/><T129/><D129/><U3/><E3/><V102/><F102/><W69/><G125/><T63/><D68/><U91/><E26/><V17/><F124/><W58/><G115/><T134/><D134/><U19/><E19/><V126/><F126/><W35/><G35/><AGARI ba="0,0" hai="27,30,35,40,43,45,46,49,50,77,78,91,95,98" machi="35" ten="30,2000,0" yaku="7,1,9,1" doraHai="66" who="1" fromWho="3" sc="259,0,124,20,195,0,422,-20" /><INIT seed="5,0,0,0,0,82" ten="259,144,195,402" oya="1" hai0="125,91,85,49,133,47,36,18,94,74,25,102,33" hai1="109,118,21,106,87,121,26,38,15,86,39,83,104" hai2="80,7,2,60,76,134,58,59,34,4,8,89,66" hai3="77,12,6,101,61,56,57,115,44,13,131,31,84"/><U126/><E121/><V132/><F34/><W111/><G111/><T79/><D36/><U52/><E118/><V19/><F4/><W64/><G115/><T11/><D133/><U62/><E109/><V120/><F120/><W54/><G131/><T113/><D113/><U114/><E114/><V100/><F100/><W105/><G105/><T90/><D125/><U20/><E83/><V53/><F19/><W43/><G101/><T69/><D69/><U107/><E15/><V32/><F32/><W17/><G31/><T23/><D33/><U73/><E26/><V112/><F89/><W110/><G110/><T93/><D102/><U117/><E117/><V0/><F0/><W71/><G71/><T70/><D79/><U122/><E122/><V135/><F112/><W3/><G3/><T67/><D74/><U46/><E73/><V63/><F76/><W9/><G43/><T40/><D11/><U88/><E126/><V48/><REACH who="2" step="1"/><F80/><REACH who="2" ten="259,144,185,402" step="2"/><N who="3" m="47119" /><G13/><T97/><D70/><U129/><E107/><V37/><F37/><W123/><G123/><T1/><D1/><U68/><E68/><V45/><F45/><W5/><G44/><T99/><D67/><U108/><E46/><V42/><F42/><W50/><AGARI ba="0,1" hai="5,6,9,12,17,50,54,56,57,61,64" m="47119" machi="50" ten="30,2000,0" yaku="8,1,52,1" doraHai="82" who="3" fromWho="3" sc="259,-5,144,-10,185,-5,402,30" /><INIT seed="6,0,0,5,1,39" ten="254,134,180,432" oya="2" hai0="64,5,24,44,99,67,47,102,83,45,7,37,97" hai1="6,38,58,0,73,2,40,72,119,88,56,14,29" hai2="21,43,41,55,59,90,68,11,22,17,61,53,16" hai3="49,42,9,30,131,50,127,94,76,112,8,98,134"/><V121/><F121/><W106/><G106/><T93/><D97/><U54/><E119/><V1/><F68/><W46/><G127/><T18/><D37/><U103/><E29/><V133/><F133/><W125/><G125/><T27/><D83/><U92/><E103/><V19/><F1/><W101/><G131/><T122/><D122/><U111/><E111/><V118/><F118/><W23/><G134/><T114/><D114/><U71/><E71/><V124/><F124/><W20/><G112/><T70/><D70/><U109/><E109/><V81/><F11/><N who="3" m="4171" /><G76/><T89/><D102/><U82/><E0/><V104/><F104/><W117/><G117/><T69/><D69/><U57/><E2/><V75/><F53/><N who="3" m="29879" /><G30/><T32/><D32/><U77/><E72/><V80/><F75/><W12/><G12/><T116/><D116/><U34/><E34/><V26/><F90/><W91/><G91/><T115/><D115/><U100/><E100/><V36/><F36/><W86/><G86/><T113/><D113/><U78/><E77/><V79/><F79/><W62/><G62/><T126/><D126/><U15/><E6/><N who="0" m="2057" /><D18/><N who="2" m="7274" /><F21/><W63/><G63/><T105/><D105/><U85/><REACH who="1" step="1"/><E54/><REACH who="1" ten="254,124,180,432" step="2"/><V65/><F55/><W51/><G101/><T52/><D52/><U13/><E13/><V132/><F132/><W128/><G128/><T135/><D135/><U123/><E123/><V96/><F96/><W87/><G98/><T28/><D28/><U129/><E129/><V95/><F95/><W48/><G94/><T108/><D108/><U74/><E74/><V10/><F10/><RYUUKYOKU ba="0,1" sc="254,10,124,10,180,10,432,-30" hai0="24,27,44,45,47,64,67,89,93,99" hai1="14,15,38,40,56,57,58,73,78,82,85,88,92" hai2="19,22,26,41,43,59,61,65,80,81" /><INIT seed="6,1,1,4,1,88" ten="264,134,190,402" oya="2" hai0="109,55,44,81,56,118,103,35,102,82,54,34,59" hai1="47,40,69,15,129,131,4,122,51,11,75,45,76" hai2="20,95,112,111,8,63,116,24,78,33,87,106,115" hai3="96,114,71,64,79,94,92,90,43,126,0,49,104"/><V130/><F116/><W91/><G0/><T32/><D109/><U31/><E69/><V83/><F106/><W74/><G71/><T41/><D118/><U93/><E31/><V77/><F111/><W52/><G64/><T22/><D22/><U6/><E122/><V60/><F130/><W16/><G126/><T21/><D21/><U38/><E4/><V53/><F33/><W62/><G114/><N who="2" m="43561" /><F8/><W57/><G104/><T128/><D128/><N who="1" m="49227" /><E47/><V46/><F78/><W14/><G79/><T36/><D36/><U127/><E127/><V2/><F2/><W48/><G43/><T39/><D39/><U25/><E25/><V1/><F1/><W108/><G74/><T121/><D121/><U65/><E65/><V5/><F5/><W19/><G108/><T107/><D32/><U110/><E110/><V68/><F68/><W100/><G100/><T37/><D107/><U133/><E133/><V67/><F67/><W105/><G105/><T18/><D37/><U134/><E134/><V28/><F46/><W86/><G19/><T101/><D44/><U113/><E113/><V89/><F53/><W13/><G13/><T135/><D103/><U84/><E38/><V61/><F60/><W120/><G120/><T123/><D123/><U9/><E9/><AGARI ba="1,1" hai="9,14,16,48,49,52,57,62,86,90,91,92,94,96" machi="9" ten="30,12000,2" yaku="7,1,8,1,52,2,54,2" doraHai="88" who="3" fromWho="1" sc="264,0,134,-123,190,0,402,133" /><INIT seed="7,0,0,2,2,17" ten="264,11,190,535" oya="3" hai0="10,112,83,8,119,18,87,24,106,132,13,114,20" hai1="66,3,77,33,22,85,4,64,79,123,111,101,32" hai2="75,68,44,51,40,5,124,110,97,76,26,96,67" hai3="130,131,39,1,28,129,69,11,9,95,34,113,78"/><W7/><G113/><N who="0" m="43627" /><D106/><U19/><E123/><V43/><F110/><W48/><G39/><T50/><D119/><U115/><E111/><V105/><F124/><W126/><G126/><T73/><D73/><U107/><E115/><V128/><F128/><W70/><G78/><N who="0" m="46583" /><D132/><U84/><E107/><V103/><F96/><W65/><G65/><T99/><D99/><U36/><E36/><V120/><F120/><W122/><G122/><T42/><D24/><U57/><E4/><V86/><F75/><W16/><G95/><T62/><D62/><U125/><E3/><V46/><F5/><W92/><G92/><T0/><D0/><U6/><E6/><V41/><F68/><W133/><G133/><T121/><D121/><U47/><E47/><AGARI ba="0,0" hai="8,10,13,18,20,42,47,50" m="46583,43627" machi="47" ten="30,3900,0" yaku="15,1,11,1,52,1" doraHai="17" who="0" fromWho="1" sc="264,39,11,-39,190,0,535,0" owari="303,10.0,-28,-53.0,190,-21.0,535,64.0" /></mjloggm>