<mjloggm ver="2.3"><GO type="225" lobby="0"/><UN n0="%72%69%6F%75%63%68%61%6E" n1="%E4%B9%9D%E5%AE%98%E9%B3%A5%28%E3%82%AA%E3%82%B9%29" n2="%E3%82%A6%E3%83%AB%E3%83%88%E3%83%A9%E7%AB%8B%E7%9B%B4" n3="%E3%83%98%E3%82%AF%E3%82%B5%E3%83%BC" dan="16,16,17,16" rate="2087.02,2063.00,2137.78,2090.28" sx="M,M,M,M"/><TAIKYOKU oya="0"/><INIT seed="0,0,0,5,2,3" ten="250,250,250,250" oya="0" hai0="78,64,134,82,74,61,6,24,121,105,10,83,20" hai1="119,9,5,84,114,107,23,65,111,86,31,25,108" hai2="95,135,53,94,48,117,36,15,58,116,29,98,1" hai3="4,30,16,71,70,100,27,99,33,75,115,124,126"/><T76/><D121/><U42/><E119/><N who="2" m="45643" /><F1/><W73/><G115/><T28/><D134/><U26/><E107/><V102/><F135/><W113/><G113/><T90/><D105/><U110/><E114/><V59/><F36/><W129/><G129/><T57/><D90/><U101/><E101/><V51/><F29/><W72/><G4/><T89/><D89/><U19/><E65/><V41/><F15/><W50/><G50/><N who="2" m="18985" /><F41/><W7/><G7/><T66/><D66/><U88/><E42/><V123/><F123/><W128/><G16/><T112/><D112/><U32/><REACH who="1" step="1"/><E88/><REACH who="1" ten="250,240,250,250" step="2"/><N who="2" m="55623" /><F53/><W131/><G128/><T52/><D64/><U17/><E17/><V130/><F130/><W87/><G131/><T132/><D132/><U2/><AGARI ba="0,1" hai="2,5,9,19,23,25,26,31,32,84,86,108,110,111" machi="2" ten="30,7900,0" yaku="1,1,0,1,14,1,52,1,53,0" doraHai="3" doraHaiUra="93" who="1" fromWho="1" sc="250,-39,240,89,250,-20,250,-20" /><INIT seed="1,0,0,5,2,110" ten="211,329,230,230" oya="1" hai0="87,18,63,0,90,72,41,104,26,15,60,30,75" hai1="44,3,22,93,46,121,1,91,5,134,51,128,48" hai2="107,21,12,17,59,6,13,78,130,132,20,111,9" hai3="61,65,19,101,116,97,92,28,36,54,129,106,49"/><U88/><E121/><V133/><F107/><W11/><G129/><T45/><D0/><U73/><E73/><V115/><F78/><W50/><G116/><T120/><D104/><U102/><E128/><V125/><F130/><W47/><G36/><T10/><D120/><U56/><E134/><N who="2" m="51819" /><F111/><W16/><G28/><T94/><D75/><U37/><E37/><V58/><F125/><W112/><G112/><T57/><D72/><U23/><E56/><N who="2" m="21547" /><F21/><W126/><G126/><T119/><D119/><U40/><E102/><V108/><F108/><W52/><G106/><T117/><D117/><U114/><E114/><AGARI ba="0,0" hai="6,9,12,13,17,20,114,115" m="21547,51819" machi="114" ten="30,3900,0" yaku="20,1,52,2" doraHai="110" who="2" fromWho="1" sc="211,0,329,-39,230,39,230,0" /><INIT seed="2,0,0,3,1,95" ten="211,290,269,230" oya="2" hai0="80,30,25,117,67,54,45,96,24,15,44,72,47" hai1="84,40,113,106,68,35,101,134,32,29,93,34,28" hai2="100,64,21,85,128,122,65,102,71,39,86,115,6" hai3="58,7,76,60,121,11,16,0,22,18,116,124,63"/><V75/><F75/><W20/><G121/><T69/><D72/><U132/><E113/><V105/><F39/><W38/><G116/><T56/><D117/><U110/><E110/><V59/><F122/><W77/><G124/><T74/><D74/><U98/><E68/><V55/><F115/><W104/><G38/><T62/><D80/><U17/><E40/><V3/><F3/><W49/><G104/><T81/><D81/><U83/><E17/><V91/><F71/><W92/><G49/><T2/><D2/><U114/><E106/><V43/><F43/><W133/><G133/><N who="1" m="51306" /><E114/><V52/><F6/><W118/><G118/><T88/><D15/><U33/><N who="1" m="8192" /><DORA hai="48" /><U10/><E10/><V36/><F105/><W23/><G92/><N who="0" m="56327" /><D69/><U126/><E126/><V27/><F36/><W37/><G37/><T51/><D30/><U1/><E1/><V99/><F128/><W119/><G119/><T131/><D131/><U78/><AGARI ba="0,0" hai="28,29,78,83,84,93,98,101" m="8192,51306" machi="78" ten="60,4000,0" yaku="20,1,52,1" doraHai="95,48" who="1" fromWho="1" sc="211,-10,290,40,269,-20,230,-10" /><INIT seed="3,0,0,0,0,127" ten="201,330,249,220" oya="3" hai0="20,66,53,9,64,71,134,16,22,84,83,111,37" hai1="122,92,70,26,28,117,32,101,58,44,131,18,1" hai2="96,82,77,109,80,59,45,87,76,129,67,19,25" hai3="57,33,49,103,94,11,114,78,102,107,68,86,29"/><W10/><G114/><T27/><D37/><U5/><E131/><V104/><F129/><W52/><G107/><T93/><D71/><U115/><E70/><V4/><F109/><W55/><G68/><T106/><D106/><U61/><E115/><V41/><F4/><W47/><G33/><T15/><D111/><U90/><E122/><V73/><F96/><N who="3" m="59671" /><G29/><N who="0" m="17639" /><D134/><U105/><E44/><V124/><F104/><W31/><G31/><T34/><D34/><U74/><E117/><V118/><F118/><W40/><G103/><T7/><D93/><U119/><E119/><V42/><F124/><W100/><G100/><T63/><D53/><N who="3" m="20553" /><G57/><N who="0" m="36975" /><D66/><U97/><E74/><V98/><F73/><W48/><G48/><T130/><D130/><U95/><E105/><V65/><F65/><W81/><AGARI ba="0,0" hai="10,11,40,47,49,78,81,86" m="20553,59671" machi="81" ten="30,3000,0" yaku="8,1,54,1" doraHai="127" who="3" fromWho="3" sc="201,-10,330,-10,249,-10,220,30" /><INIT seed="3,1,0,3,2,109" ten="191,320,239,250" oya="3" hai0="17,66,39,130,106,7,118,29,81,78,62,3,75" hai1="107,52,9,85,74,63,36,70,26,2,131,31,93" hai2="132,45,96,25,69,91,53,16,10,58,125,13,68" hai3="100,90,35,77,108,87,19,120,0,117,6,124,21"/><W11/><G120/><T38/><D130/><U23/><E36/><V88/><F125/><W84/><G117/><T20/><D118/><U47/><E74/><V61/><F132/><W134/><G124/><T94/><D106/><U51/><E107/><V4/><F69/><W105/><G134/><T30/><D30/><U128/><E70/><V119/><F68/><W33/><G108/><T89/><D29/><U76/><E63/><V97/><F119/><W48/><G77/><T44/><D44/><U24/><E24/><V22/><F45/><W135/><G135/><T37/><D7/><U80/><E93/><V79/><F79/><W18/><G87/><T60/><D3/><U27/><E27/><V14/><F25/><W99/><G48/><T98/><REACH who="0" step="1"/><D66/><REACH who="0" ten="181,320,239,250" step="2"/><U42/><E2/><V64/><F64/><W116/><G116/><T122/><D122/><U12/><E128/><V71/><F71/><W114/><G114/><T55/><D55/><U50/><E131/><V49/><F61/><W43/><G43/><T127/><D127/><U8/><E52/><V133/><F133/><W123/><G123/><T121/><D121/><U104/><E104/><V115/><F115/><W111/><G111/><T32/><D32/><U86/><E47/><V34/><F34/><W126/><G126/><T1/><D1/><U67/><E67/><V83/><F4/><W57/><G35/><T5/><D5/><U102/><E42/><V65/><F65/><W15/><G33/><T72/><D72/><U41/><E41/><V54/><F53/><W46/><G6/><T28/><D28/><RYUUKYOKU ba="1,1" sc="181,30,320,-10,239,-10,250,-10" hai0="17,20,37,38,39,60,62,75,78,81,89,94,98" owari="211,-29.0,320,42.0,229,-17.0,240,4.0" /></mjloggm>