<mjloggm ver="2.3"><GO type="169" lobby="0"/><UN n0="%68%69%6E%6F%6D%61%72%75" n1="%E5%B0%B1%E6%B4%BB%E7%94%9F%40%E5%B7%9D%E6%9D%91%E8%BB%8D%E5%9B%A3" n2="%72%79%6F%E2%80%A6%31%35" n3="%E4%BB%B2%E5%B7%9D%E7%BF%94" dan="16,17,17,16" rate="2103.79,2258.70,2210.79,2192.68" sx="M,M,M,M"/><TAIKYOKU oya="0"/><INIT seed="0,0,0,0,3,67" ten="250,250,250,250" oya="0" hai0="4,79,29,65,7,35,30,26,102,47,53,13,6" hai1="70,18,40,24,110,22,42,135,59,87,133,57,72" hai2="63,132,48,97,15,54,75,34,120,78,109,121,66" hai3="99,38,68,56,105,55,77,103,49,1,32,3,69"/><T11/><D79/><U52/><E72/><V83/><F34/><W113/><G113/><T125/><D65/><U23/><E110/><V112/><F109/><W93/><G32/><T31/><D102/><U85/><E70/><V84/><F112/><W94/><G38/><T127/><D53/><U61/><E59/><V108/><F108/><W51/><G77/><T25/><D47/><U33/><E33/><V118/><F118/><W50/><G105/><T80/><D80/><U81/><E87/><V101/><F75/><W17/><G1/><T5/><D31/><U96/><E96/><V107/><F15/><W106/><G3/><T86/><D86/><U46/><E23/><AGARI ba="0,0" hai="4,5,6,7,11,13,23,25,26,29,30,35,125,127" machi="23" ten="40,7700,0" yaku="34,3" doraHai="67" who="0" fromWho="1" sc="250,77,250,-77,250,0,250,0" /><INIT seed="0,1,0,5,0,68" ten="327,173,250,250" oya="0" hai0="78,3,53,48,90,29,118,94,85,135,5,91,64" hai1="44,89,1,14,11,54,15,74,69,120,131,18,52" hai2="55,126,56,33,77,96,71,9,36,2,24,20,57" hai3="23,49,111,16,132,7,66,4,79,88,27,93,58"/><T103/><D118/><U47/><E74/><V40/><F71/><W97/><G111/><T99/><D29/><U22/><E120/><V70/><F70/><W41/><G132/><T61/><D135/><U117/><E1/><V45/><F33/><W82/><G41/><T113/><D113/><U80/><E69/><V72/><F126/><W109/><G109/><T92/><D78/><U50/><E117/><V101/><F77/><W133/><G133/><T107/><D5/><U105/><E105/><V87/><F87/><W129/><G129/><T6/><D3/><U86/><E131/><V125/><F72/><W26/><G26/><T51/><D6/><U108/><E108/><V13/><F2/><W37/><G37/><T121/><D121/><U106/><E106/><V115/><F125/><W81/><G81/><T8/><D8/><U100/><E100/><V46/><F46/><W122/><G122/><T123/><D123/><U0/><E0/><V75/><F75/><W34/><G34/><T31/><D31/><U21/><E15/><V134/><F134/><W127/><G127/><T25/><D25/><U119/><E119/><V63/><F57/><W95/><G95/><N who="0" m="54735" /><D107/><U43/><E54/><V76/><F76/><W35/><G35/><T38/><D38/><AGARI ba="1,0" hai="11,14,18,21,22,38,43,44,47,50,52,80,86,89" machi="38" ten="30,8000,1" yaku="7,1,25,2,52,1,54,1" doraHai="68" who="1" fromWho="0" sc="327,-83,173,83,250,0,250,0" /><INIT seed="1,0,0,2,5,7" ten="244,256,250,250" oya="1" hai0="86,105,96,80,106,129,128,132,123,28,42,70,41" hai1="15,88,64,79,108,40,49,69,95,23,75,22,120" hai2="99,74,29,113,81,118,51,111,35,109,126,27,17" hai3="56,93,53,21,11,68,124,103,112,134,31,20,117"/><U73/><E120/><V34/><F118/><W62/><G112/><T94/><D28/><U4/><E79/><V98/><F113/><W87/><G124/><T104/><D70/><U92/><E92/><V5/><F35/><W2/><G134/><T114/><D42/><U47/><E108/><V19/><F126/><W127/><G127/><T12/><D41/><U3/><E3/><V97/><F5/><W131/><G131/><N who="0" m="50251" /><D12/><U55/><E40/><V71/><F71/><W10/><G68/><T14/><D14/><U50/><E50/><V101/><F101/><W135/><G2/><T90/><D123/><U9/><E23/><N who="3" m="8778" /><G135/><T63/><D63/><U122/><E122/><V13/><F51/><W84/><G31/><T76/><D132/><U6/><E6/><V25/><F25/><W52/><G117/><T85/><D114/><U44/><E44/><V65/><F13/><W36/><G36/><T61/><D61/><U133/><E133/><V37/><F37/><W72/><G72/><AGARI ba="0,0" hai="72,76,80,85,86,90,94,96,104,105,106" m="50251" machi="72" ten="40,5200,0" yaku="19,1,34,2" doraHai="7" who="0" fromWho="3" sc="244,52,256,0,250,0,250,-52" /><INIT seed="2,0,0,0,1,98" ten="296,256,250,198" oya="2" hai0="37,92,111,67,132,63,107,119,86,11,130,72,99" hai1="106,52,96,34,20,15,85,83,13,28,129,59,16" hai2="108,65,45,25,62,89,6,64,94,123,70,51,27" hai3="131,121,14,57,110,43,122,56,38,103,1,60,17"/><V118/><F118/><W31/><G1/><T22/><D72/><U55/><E129/><V73/><F123/><W36/><G31/><T97/><D37/><U69/><E69/><V4/><F73/><W21/><G131/><T26/><D119/><U49/><E34/><V23/><F65/><W7/><G7/><T33/><D130/><U112/><E112/><V30/><F25/><W91/><G110/><T82/><D33/><U9/><E28/><V102/><F102/><W77/><G77/><T50/><D111/><U80/><E85/><V48/><F108/><W79/><G79/><T117/><D117/><U87/><E87/><V76/><F76/><W71/><G71/><T47/><D11/><U40/><E40/><V88/><F51/><W100/><G56/><T84/><D107/><U135/><E135/><V81/><F81/><W105/><G105/><T127/><D132/><U12/><E12/><V53/><REACH who="2" step="1"/><F89/><REACH who="2" ten="296,256,240,198" step="2"/><W120/><G91/><N who="0" m="53367" /><D127/><U109/><E109/><V32/><F32/><W133/><G133/><T113/><D113/><U74/><E74/><V8/><F8/><W78/><G78/><N who="0" m="46167" /><D67/><U114/><E114/><V42/><F42/><W68/><G68/><T134/><D134/><U125/><E125/><V2/><F2/><W126/><G126/><T115/><D115/><U3/><E3/><V24/><F24/><W124/><G124/><T104/><D63/><U19/><E55/><V61/><F61/><W95/><G43/><N who="0" m="24959" /><D104/><U5/><E5/><V0/><F0/><W41/><G41/><T44/><D44/><U29/><E29/><AGARI ba="0,1" hai="22,26,29,97,99" m="24959,46167,53367" machi="29" ten="30,1000,0" yaku="8,1" doraHai="98" who="0" fromWho="1" sc="296,20,256,-10,240,0,198,0" /><INIT seed="3,0,0,4,1,135" ten="316,246,240,198" oya="3" hai0="123,10,103,40,2,26,54,52,114,74,128,130,96" hai1="48,62,67,21,133,13,81,50,64,53,116,122,105" hai2="100,77,86,5,118,109,85,14,88,72,57,0,132" hai3="38,27,44,115,87,131,59,119,97,1,15,73,51"/><W93/><G115/><T33/><D74/><U126/><E105/><V79/><F0/><W112/><G112/><T70/><D123/><U55/><E133/><V41/><F132/><W25/><G1/><T89/><D70/><U66/><E122/><V12/><F72/><W16/><G73/><T56/><D40/><U43/><E116/><V76/><F118/><W22/><G131/><T91/><D114/><U68/><E126/><V45/><F100/><W6/><G38/><T124/><D124/><U99/><E99/><V94/><F109/><W32/><G32/><T113/><D113/><U104/><E104/><V134/><F134/><W80/><G59/><T107/><D26/><U8/><E21/><V83/><F57/><W106/><G6/><N who="0" m="1367" /><D54/><N who="1" m="20491" /><E81/><V47/><F47/><W110/><G106/><T29/><D29/><U36/><E13/><V98/><F98/><W95/><G110/><T37/><D37/><U46/><E8/><N who="2" m="4111" /><F14/><W63/><G63/><N who="0" m="36231" /><D33/><U58/><E68/><V39/><F39/><W9/><G119/><T101/><D101/><U61/><E58/><V125/><F125/><W11/><G97/><T4/><D4/><U129/><E129/><AGARI ba="0,0" hai="89,91,96,103,107,128,129,130" m="36231,1367" machi="129" ten="30,2000,0" yaku="19,1,54,1" doraHai="135" who="0" fromWho="1" sc="316,20,246,-20,240,0,198,0" /><INIT seed="4,0,0,4,5,106" ten="336,226,240,198" oya="0" hai0="10,100,71,52,34,70,131,28,55,73,67,78,47" hai1="59,25,85,12,39,109,101,36,44,30,6,45,132" hai2="14,94,9,38,125,11,93,41,105,22,74,19,92" hai3="82,49,75,31,23,79,1,35,107,64,17,129,121"/><T57/><D100/><U50/><E109/><V3/><F105/><W15/><G107/><T56/><D131/><U116/><E116/><V102/><F102/><W66/><G129/><T46/><D28/><U33/><E132/><V21/><F125/><W98/><G98/><T63/><D34/><U84/><E101/><V62/><F74/><W134/><G134/><T95/><D10/><U51/><E59/><V27/><F3/><W43/><G1/><T77/><D95/><U72/><E72/><V91/><F62/><W89/><G89/><T60/><D67/><U108/><E108/><V99/><F38/><W26/><REACH who="3" step="1"/><G121/><REACH who="3" ten="336,226,240,188" step="2"/><T130/><D130/><U8/><E84/><V20/><F91/><W97/><G97/><T68/><D73/><U118/><E85/><V32/><F99/><W37/><G37/><T7/><D7/><U18/><E118/><V13/><F32/><W113/><G113/><T29/><D29/><U16/><E39/><V42/><F27/><W76/><G76/><AGARI ba="0,1" hai="46,47,52,55,56,57,60,63,68,70,71,76,77,78" machi="76" ten="40,3900,0" yaku="9,1,54,1" doraHai="106" who="0" fromWho="3" sc="336,49,226,0,240,0,188,-39" /><INIT seed="4,1,0,4,3,65" ten="385,226,240,149" oya="0" hai0="66,18,14,85,2,104,90,73,64,0,1,48,88" hai1="103,97,3,77,81,84,74,27,71,30,23,31,100" hai2="7,35,56,93,17,78,107,54,47,5,58,37,44" hai3="96,115,42,62,11,43,68,99,134,8,89,60,130"/><T52/><D104/><U36/><E3/><V59/><F107/><W80/><G115/><T125/><D73/><U111/><E36/><V127/><F35/><W72/><G130/><T57/><D125/><U118/><E111/><V39/><F127/><W26/><G26/><T28/><D28/><U49/><E118/><V6/><F78/><W110/><G80/><T69/><D69/><U67/><E74/><V20/><F93/><W33/><G72/><T63/><D63/><U112/><E112/><V76/><F76/><W94/><G94/><T21/><D90/><U32/><E49/><V113/><F113/><W129/><G89/><T133/><REACH who="0" step="1"/><D133/><REACH who="0" ten="375,226,240,149" step="2"/><U86/><E31/><V29/><F29/><W131/><G134/><T91/><D91/><U126/><E71/><V50/><REACH who="2" step="1"/><F44/><REACH who="2" ten="375,226,230,149" step="2"/><W114/><G114/><T22/><D22/><U4/><E23/><V13/><AGARI ba="1,2" hai="5,6,7,13,17,20,37,39,47,50,54,56,58,59" machi="13" ten="30,4000,0" yaku="1,1,2,1,0,1,53,0" doraHai="65" doraHaiUra="108" who="2" fromWho="2" sc="375,-21,226,-11,230,63,149,-11" /><INIT seed="5,0,0,1,3,92" ten="354,215,293,138" oya="1" hai0="60,109,16,128,14,74,84,21,1,53,19,91,43" hai1="75,131,38,130,59,71,87,67,3,65,24,117,32" hai2="122,94,115,81,33,52,118,66,135,124,37,78,106" hai3="22,102,111,79,85,96,97,133,23,5,15,7,39"/><U10/><E75/><V8/><F106/><W27/><G39/><T120/><D74/><U17/><E117/><V98/><F33/><W121/><G111/><T83/><D1/><U82/><E38/><V125/><F118/><W112/><G121/><T13/><D120/><U47/><E71/><V58/><F37/><W100/><G112/><T110/><D43/><U49/><E32/><V31/><F31/><W63/><G63/><T20/><D128/><N who="1" m="49195" /><E59/><AGARI ba="0,0" hai="13,14,16,19,20,21,53,59,60,83,84,91,109,110" machi="59" ten="40,2600,0" yaku="9,1,54,1" doraHai="92" who="0" fromWho="1" sc="354,26,215,-26,293,0,138,0" /><INIT seed="6,0,0,4,0,62" ten="380,189,293,138" oya="2" hai0="77,129,18,110,95,126,93,92,39,13,97,98,122" hai1="88,9,50,80,78,36,6,17,94,100,1,119,24" hai2="5,130,46,16,106,90,103,116,7,48,19,128,4" hai3="11,81,55,135,54,2,107,23,25,117,121,43,64"/><V82/><F116/><W67/><G107/><T114/><D39/><U52/><E36/><V125/><F125/><W28/><G121/><T35/><D110/><U108/><E108/><V101/><F82/><W42/><G117/><T30/><D122/><U87/><E119/><V32/><F90/><W104/><G104/><T112/><D126/><U63/><E63/><V45/><F32/><W53/><G135/><T38/><D38/><U113/><E113/><N who="0" m="43625" /><D77/><U47/><E100/><N who="2" m="38475" /><F48/><W58/><G58/><T0/><D0/><U70/><E70/><V21/><F21/><W15/><G2/><T99/><D129/><N who="2" m="49770" /><F106/><W118/><G81/><T61/><D61/><U57/><E24/><V91/><F91/><W131/><G118/><T59/><D59/><U69/><E69/><V34/><F34/><W68/><G68/><T85/><D30/><U49/><E49/><V37/><F37/><W26/><G131/><T44/><D44/><AGARI ba="0,0" hai="4,5,7,16,19,44,45,46" m="49770,38475" machi="44" ten="40,12000,1" yaku="28,2,19,1,54,1" doraHai="62" who="2" fromWho="0" sc="380,-120,189,0,293,120,138,0" /><INIT seed="6,1,0,1,1,65" ten="260,189,413,138" oya="2" hai0="118,115,31,110,46,18,63,128,47,42,132,30,4" hai1="86,13,10,28,135,50,107,71,78,133,105,73,80" hai2="33,26,88,24,17,40,81,124,39,106,134,131,98" hai3="84,45,57,35,130,14,34,38,53,101,121,9,99"/><V76/><F131/><W123/><G130/><T108/><D4/><U16/><E73/><V126/><F134/><N who="1" m="51209" /><E28/><V122/><F33/><W52/><G35/><T20/><D128/><U125/><E125/><V64/><F64/><W74/><G74/><T12/><D132/><U85/><E85/><V96/><F122/><W91/><G34/><T72/><D118/><U95/><E95/><V29/><F29/><W97/><G97/><T94/><D72/><U54/><E71/><V2/><F98/><W62/><G53/><T75/><D75/><U87/><E87/><V127/><F96/><W48/><G38/><T61/><D115/><U103/><E103/><V92/><F106/><W37/><G37/><T112/><D112/><U83/><E83/><V102/><F81/><W32/><G32/><T44/><D42/><U77/><E77/><V120/><F76/><W109/><G109/><T27/><D94/><U23/><E23/><V59/><F102/><W100/><G100/><T49/><D31/><U25/><E25/><V111/><F26/><W21/><G21/><T113/><D113/><U68/><E68/><V36/><F24/><W89/><G84/><T41/><D110/><U5/><E5/><V129/><F111/><W93/><G123/><T82/><D108/><U51/><E51/><V58/><F127/><W6/><REACH who="3" step="1"/><G121/><REACH who="3" ten="260,189,413,128" step="2"/><T1/><D20/><U114/><E114/><V0/><F120/><W15/><G15/><T79/><D1/><U117/><E117/><V55/><F126/><W69/><G69/><T3/><D3/><U116/><E116/><V60/><F124/><RYUUKYOKU ba="1,1" sc="260,-15,189,15,413,-15,128,15" hai1="10,13,16,50,54,78,80,86,105,107" hai3="6,9,14,45,48,52,57,62,89,91,93,99,101" /><INIT seed="7,2,1,3,1,77" ten="245,204,398,143" oya="3" hai0="55,93,4,85,15,116,89,51,76,68,34,114,70" hai1="135,49,37,29,11,127,14,109,69,65,100,71,47" hai2="94,48,66,24,103,6,67,133,42,96,53,105,33" hai3="63,3,27,99,125,23,101,129,31,56,121,16,128"/><W44/><G3/><T52/><D34/><U1/><E109/><V62/><F6/><W119/><G119/><T13/><D116/><U113/><E37/><V84/><F133/><W10/><G121/><T108/><D108/><U35/><E1/><V117/><F117/><W19/><G44/><T36/><D36/><U72/><E72/><V74/><F74/><W8/><G125/><T123/><D123/><U0/><E0/><V73/><F73/><W38/><G38/><T20/><D114/><U46/><E46/><V80/><F42/><W41/><G41/><T79/><D70/><U30/><E113/><V75/><F75/><W97/><G97/><T50/><D68/><U87/><E100/><V45/><F105/><W131/><G8/><N who="0" m="4231" /><D51/><U25/><E30/><V107/><F62/><W57/><G10/><T110/><D110/><U21/><E35/><V92/><F92/><N who="3" m="58599" /><G57/><N who="0" m="32919" /><D55/><AGARI ba="2,1" hai="16,19,23,27,31,55,56,63,128,129,131" m="58599" machi="55" ten="30,2900,0" yaku="19,1,54,1" doraHai="77" who="3" fromWho="0" sc="245,-35,204,0,398,0,143,45" /><INIT seed="7,3,0,0,4,106" ten="210,204,398,188" oya="3" hai0="110,81,49,83,111,102,39,101,3,40,24,94,105" hai1="14,59,112,100,82,129,99,27,72,29,33,114,8" hai2="64,25,127,51,104,60,28,124,68,17,98,118,75" hai3="19,45,126,34,85,58,65,84,135,70,69,113,44"/><W103/><G34/><T9/><D39/><U16/><E129/><V95/><F118/><W107/><G113/><N who="1" m="43626" /><E59/><V122/><F122/><W22/><G126/><T116/><D116/><U32/><E82/><V35/><F75/><W26/><G135/><T67/><D67/><U42/><E42/><V119/><F119/><W76/><G70/><T12/><D3/><U79/><E79/><V7/><F7/><W31/><G69/><T89/><D24/><U48/><E48/><V4/><F4/><W78/><G103/><N who="0" m="39435" /><D105/><N who="1" m="63647" /><E72/><V13/><F104/><W57/><G107/><T73/><D73/><U53/><E53/><V1/><F17/><W43/><G78/><T117/><D117/><U23/><AGARI ba="3,0" hai="8,14,16,23,27,29,32,33" m="63647,43626" machi="23" ten="30,2000,0" yaku="15,1,54,1" doraHai="106" who="1" fromWho="1" sc="210,-8,204,29,398,-8,188,-13" owari="202,-20.0,233,3.0,390,49.0,175,-32.0" /></mjloggm>