<mjloggm ver="2.3"><GO type="169" lobby="0"/><UN n0="%E9%81%8A%E8%B5%B0" n1="%E7%92%BD%E7%94%B1%E6%A3%8B%E7%8E%8B" n2="%E3%81%8B%E3%81%AB%E3%83%9E%E3%82%B8%E3%83%B3" n3="%E5%B0%B1%E6%B4%BB%E7%94%9F%40%E5%B7%9D%E6%9D%91%E8%BB%8D%E5%9B%A3" dan="17,17,17,17" rate="2194.45,2175.94,2193.83,2169.45" sx="M,M,M,M"/><TAIKYOKU oya="0"/><INIT seed="0,0,0,4,5,20" ten="250,250,250,250" oya="0" hai0="7,63,100,47,83,99,52,81,25,9,1,71,51" hai1="15,24,77,72,65,135,132,23,12,127,133,27,121" hai2="57,80,70,122,126,102,106,64,67,131,110,28,21" hai3="41,8,94,78,45,82,32,87,36,92,16,31,120"/><T50/><D51/><U33/><E121/><V90/><F122/><W43/><G120/><T22/><D71/><U104/><E104/><V62/><F126/><W108/><G108/><T68/><D68/><U19/><E127/><V103/><F110/><W74/><G43/><T95/><REACH who="0" step="1"/><D63/><REACH who="0" ten="240,250,250,250" step="2"/><U134/><E134/><V114/><F62/><W55/><G55/><T10/><D10/><U11/><E11/><V49/><F49/><W118/><G118/><T5/><D5/><U111/><E111/><V13/><F70/><W98/><G74/><T46/><D46/><U85/><E72/><V123/><F64/><W84/><G84/><T17/><AGARI ba="0,1" hai="1,7,9,17,22,25,47,50,52,81,83,95,99,100" machi="17" ten="20,12000,1" yaku="1,1,0,1,7,1,52,1,54,1,53,0" doraHai="20" doraHaiUra="117" who="0" fromWho="0" sc="240,130,250,-40,250,-40,250,-40" /><INIT seed="0,1,0,4,4,75" ten="370,210,210,210" oya="0" hai0="59,94,123,126,130,43,121,58,76,83,50,32,45" hai1="33,89,37,101,19,42,87,6,124,70,39,95,23" hai2="100,104,5,27,40,21,71,28,74,97,0,96,47" hai3="67,84,122,132,60,31,51,54,128,80,85,2,115"/><T41/><D130/><U98/><E33/><V57/><F71/><W107/><G122/><T133/><D32/><U88/><E124/><V65/><F74/><W63/><G128/><T25/><D133/><U131/><E131/><V91/><F96/><W17/><G132/><T127/><D25/><U55/><E70/><V125/><F91/><W81/><G115/><T92/><D83/><U44/><E6/><V3/><F125/><W135/><G135/><T34/><D34/><U129/><E129/><V24/><F5/><W16/><G2/><T106/><D45/><U52/><E39/><V82/><F82/><W35/><G107/><T14/><D14/><U22/><E89/><V10/><F10/><W56/><G31/><T1/><D50/><U109/><E109/><V18/><F57/><N who="3" m="37263" /><G63/><T86/><D86/><U72/><E72/><V119/><F65/><W105/><G105/><T108/><D106/><U120/><E120/><V12/><F119/><W73/><G35/><T117/><D117/><U116/><E116/><V26/><REACH who="2" step="1"/><F28/><REACH who="2" ten="370,210,200,210" step="2"/><W13/><G73/><T134/><D134/><U48/><E19/><V46/><F46/><W64/><G64/><T30/><D30/><U69/><E69/><V113/><F113/><W93/><G17/><T38/><D108/><U4/><E4/><V110/><F110/><W20/><G85/><T90/><D90/><AGARI ba="1,1" hai="13,16,20,51,54,56,80,81,84,90,93" m="37263" machi="90" ten="30,3900,0" yaku="25,1,8,1,54,1" doraHai="75" who="3" fromWho="0" sc="370,-42,210,0,200,0,210,52" /><INIT seed="1,0,0,2,4,48" ten="328,210,200,262" oya="1" hai0="133,112,45,1,33,88,101,14,8,30,113,65,13" hai1="127,6,34,38,110,73,19,61,94,63,55,124,25" hai2="84,135,134,58,121,3,35,66,49,72,70,95,46" hai3="68,98,36,60,130,9,105,43,120,106,83,115,57"/><U53/><E73/><V103/><F72/><W132/><G120/><T100/><D133/><N who="2" m="50698" /><F121/><W12/><G115/><T81/><D1/><U28/><E38/><V74/><F74/><W93/><G130/><T102/><D65/><U26/><E6/><V99/><F3/><W87/><G132/><T78/><D14/><U75/><E75/><V118/><F35/><W114/><G68/><T54/><D78/><U17/><E110/><V59/><F118/><W86/><G114/><T71/><D71/><U7/><E7/><V116/><F116/><W2/><G2/><T15/><D15/><U62/><E94/><V18/><F18/><N who="1" m="6665" /><E26/><V117/><F117/><W24/><G24/><T20/><D33/><U108/><E108/><V91/><F66/><W40/><G36/><T41/><D20/><U16/><N who="1" m="6673" /><U27/><DORA hai="5" /><E27/><V22/><F22/><W129/><G129/><T90/><D112/><U126/><AGARI ba="0,0" hai="25,28,34,53,55,61,62,63,124,126,127" m="6673" machi="126" ten="50,12000,1" yaku="18,1,52,2,54,1" doraHai="48,5" who="1" fromWho="1" sc="328,-40,210,120,200,-40,262,-40" /><INIT seed="1,1,0,3,5,15" ten="288,330,160,222" oya="1" hai0="113,0,105,80,27,115,121,20,70,83,84,73,47" hai1="51,43,21,1,67,108,64,111,5,62,75,79,32" hai2="55,2,135,109,104,71,74,49,30,94,44,122,126" hai3="91,41,22,118,54,117,124,69,35,125,11,58,17"/><U7/><E32/><V116/><RYUUKYOKU type="yao9" ba="1,0" sc="288,0,330,0,160,0,222,0" hai2="2,30,44,49,55,71,74,94,104,109,116,122,126,135" /><INIT seed="1,2,0,2,2,6" ten="288,330,160,222" oya="1" hai0="34,117,81,47,80,50,15,134,56,90,135,124,35" hai1="101,10,85,77,44,18,53,54,14,24,51,106,37" hai2="89,86,99,100,95,12,8,87,83,110,130,21,93" hai3="38,102,108,1,23,7,11,57,133,22,92,61,84"/><U67/><E37/><V62/><F110/><W41/><G133/><N who="0" m="50699" /><D117/><U68/><E68/><V69/><F130/><W52/><G108/><T48/><D124/><U114/><E67/><V59/><F69/><W128/><G128/><T122/><D122/><U2/><E114/><V109/><F109/><W66/><G38/><T39/><D15/><U19/><E2/><V25/><F86/><W27/><G41/><N who="0" m="22975" /><D90/><U97/><E24/><V33/><F33/><N who="0" m="12298" /><D56/><U13/><E13/><V76/><F93/><W17/><G22/><T45/><D50/><U60/><E60/><V131/><F131/><W63/><G102/><T121/><D121/><U105/><E105/><V4/><F21/><W49/><REACH who="3" step="1"/><G66/><REACH who="3" ten="288,330,160,212" step="2"/><T118/><D118/><U104/><E101/><V29/><F25/><W16/><G16/><T120/><D120/><U9/><E19/><V82/><F29/><W115/><G115/><T71/><D71/><U123/><E18/><V55/><REACH who="2" step="1"/><F82/><REACH who="2" ten="288,330,150,212" step="2"/><W0/><G0/><T20/><D20/><U96/><E123/><V42/><F42/><AGARI ba="2,2" hai="42,45,48,80,81" m="12298,22975,50699" machi="42" ten="30,1000,0" yaku="20,1" doraHai="6" who="0" fromWho="2" sc="288,36,330,0,150,-16,212,0" /><INIT seed="2,0,0,5,0,38" ten="324,330,134,212" oya="2" hai0="54,75,99,82,8,100,79,12,30,68,97,120,48" hai1="21,102,53,122,114,1,96,134,28,130,67,121,18" hai2="113,116,9,50,19,103,85,4,55,17,51,132,105" hai3="124,133,16,104,95,109,88,131,46,106,128,11,20"/><V34/><F116/><W0/><G109/><T93/><D120/><U14/><E1/><V6/><F113/><W117/><G133/><T35/><D68/><U61/><E114/><V77/><F132/><W118/><G11/><T107/><D30/><U119/><E134/><V15/><F34/><W115/><G115/><T49/><D35/><U108/><E108/><V25/><F103/><W127/><G0/><T91/><REACH who="0" step="1"/><D54/><REACH who="0" ten="314,330,134,212" step="2"/><U92/><E53/><V71/><F71/><W62/><G106/><T129/><D129/><N who="3" m="49737" /><G104/><T80/><D80/><U24/><E130/><V32/><F105/><W44/><G117/><T66/><D66/><U58/><REACH who="1" step="1"/><E119/><REACH who="1" ten="314,320,134,212" step="2"/><V69/><F69/><W98/><G118/><T125/><D125/><N who="3" m="48201" /><G62/><T7/><AGARI ba="0,2" hai="7,8,12,48,49,75,79,82,91,93,97,99,100,107" machi="7" ten="20,5200,0" yaku="1,1,0,1,7,1,53,1" doraHai="38" doraHaiUra="84" who="0" fromWho="0" sc="314,72,320,-13,134,-26,212,-13" /><INIT seed="3,0,0,5,3,0" ten="386,307,108,199" oya="3" hai0="102,115,99,28,92,66,97,25,47,2,113,33,82" hai1="108,85,119,6,36,95,127,43,52,37,118,80,76" hai2="34,55,100,63,94,51,107,73,8,96,60,132,48" hai3="42,77,120,18,16,114,71,17,14,79,88,130,11"/><W53/><G120/><T7/><D82/><U105/><E105/><V3/><F34/><W89/><G114/><N who="0" m="43531" /><D47/><U112/><E112/><V20/><F132/><W32/><G32/><T128/><D128/><U70/><E70/><V15/><F73/><W110/><G130/><T135/><D135/><U103/><E108/><V69/><F3/><W131/><G131/><T72/><D72/><U64/><E64/><V30/><F107/><W122/><G71/><T117/><D117/><U74/><E43/><V56/><F69/><W87/><G110/><T111/><D111/><U123/><E123/><V5/><REACH who="2" step="1"/><F63/><REACH who="2" ten="386,307,98,199" step="2"/><W86/><G122/><T35/><D35/><U126/><E74/><V84/><F84/><N who="3" m="32299" /><G53/><T81/><D2/><U54/><E52/><V134/><F134/><W78/><G42/><T59/><D33/><U24/><E54/><V109/><F109/><W1/><G1/><T23/><D66/><U19/><E119/><V125/><F125/><W58/><G58/><T68/><D59/><U39/><E118/><V121/><F121/><W50/><G50/><T45/><D68/><U98/><E126/><V40/><F40/><W133/><G133/><T38/><D45/><U61/><E127/><V57/><F57/><W44/><G44/><T104/><D104/><U12/><E61/><V27/><AGARI ba="0,1" hai="5,8,15,20,27,30,48,51,55,56,60,94,96,100" machi="27" ten="30,8000,1" yaku="1,1,0,1,8,1,52,1,53,1" doraHai="0" doraHaiUra="90" who="2" fromWho="2" sc="386,-20,307,-20,98,90,199,-40" /><INIT seed="4,0,0,5,5,18" ten="366,287,188,159" oya="0" hai0="129,93,113,13,43,67,8,91,89,31,78,9,97" hai1="76,29,27,70,133,55,33,94,64,66,16,15,105" hai2="34,45,122,98,63,112,111,24,117,130,108,14,38" hai3="103,51,23,81,20,126,39,104,3,60,110,118,86"/><T44/><D129/><U125/><E105/><V101/><F122/><W92/><G110/><T128/><D128/><U42/><E133/><V4/><F130/><W121/><G39/><T62/><D113/><U77/><E42/><V135/><F112/><W75/><G3/><T28/><D78/><U134/><E134/><V41/><F135/><W19/><G118/><T22/><D89/><U127/><E94/><V107/><F117/><W21/><G121/><T131/><D131/><U99/><E99/><V61/><F14/><W100/><G126/><N who="1" m="48138" /><E55/><V26/><F4/><W96/><G60/><T84/><D97/><U1/><E1/><V54/><F61/><W71/><G71/><T37/><D9/><N who="1" m="6255" /><E70/><V58/><REACH who="2" step="1"/><F34/><REACH who="2" ten="366,287,178,159" step="2"/><W52/><G75/><T88/><D62/><U7/><E7/><V79/><F79/><AGARI ba="0,1" hai="27,29,33,64,66,76,77,79" m="6255,48138" machi="79" ten="30,2000,0" yaku="18,1,54,1" doraHai="18" who="1" fromWho="2" sc="366,0,287,30,178,-20,159,0" /><INIT seed="5,0,0,5,0,91" ten="366,317,158,159" oya="1" hai0="59,25,98,62,107,111,83,94,35,8,47,100,95" hai1="88,130,32,122,109,1,67,16,84,39,123,116,74" hai2="71,20,114,119,97,2,72,101,7,42,120,31,87" hai3="79,24,0,131,68,80,64,129,96,126,21,38,133"/><U12/><E116/><V124/><F119/><W65/><G38/><T106/><D111/><U51/><E1/><V43/><F72/><W61/><G0/><T4/><D47/><U75/><E39/><V48/><F120/><W17/><G126/><T29/><D83/><U92/><E32/><V44/><F71/><W89/><G133/><T90/><D106/><U55/><E109/><V13/><F124/><W121/><G121/><T86/><D107/><U28/><E28/><V132/><F132/><W85/><G65/><T102/><D102/><U36/><E36/><V27/><F2/><W73/><REACH who="3" step="1"/><G96/><REACH who="3" ten="366,317,158,149" step="2"/><T57/><D62/><U135/><E67/><V125/><F125/><W46/><G46/><T58/><D58/><N who="1" m="33151" /><E135/><V49/><F114/><W6/><G6/><T33/><D59/><U93/><E130/><V127/><F127/><W9/><G9/><T103/><D57/><U110/><E110/><V34/><F87/><W56/><G56/><T115/><D115/><U54/><E122/><V40/><F44/><W60/><G60/><T22/><D103/><U69/><E69/><V112/><F112/><W76/><G76/><T26/><D4/><U104/><E123/><V53/><F53/><W45/><G45/><T82/><D8/><U11/><E54/><V99/><F7/><W10/><G10/><T19/><D100/><U70/><E70/><V117/><F117/><W113/><G113/><T5/><D5/><U108/><E108/><V37/><F37/><W128/><G128/><T30/><D98/><N who="2" m="37386" /><F101/><W66/><G66/><T105/><D105/><U52/><E104/><RYUUKYOKU ba="0,1" sc="366,10,317,-30,158,10,149,10" hai0="19,22,25,26,29,30,33,35,82,86,90,94,95" hai2="13,20,27,31,34,40,42,43,48,49" hai3="17,21,24,61,64,68,73,79,80,85,89,129,131" /><INIT seed="6,1,1,0,5,108" ten="376,287,168,159" oya="2" hai0="74,90,130,111,52,79,93,8,39,121,64,94,56" hai1="55,12,22,47,59,97,33,23,89,49,71,63,34" hai2="81,18,125,11,117,25,37,77,73,45,86,134,29" hai3="135,15,30,27,26,99,67,10,104,88,109,65,96"/><V123/><F123/><W83/><G109/><T98/><D111/><U68/><E68/><V54/><F117/><W91/><G135/><T6/><D121/><U14/><E71/><V118/><F118/><W122/><G122/><T51/><D39/><U112/><E34/><V132/><F125/><W9/><G104/><T0/><D130/><U53/><E33/><V3/><F86/><W62/><G62/><T119/><D119/><U133/><E133/><N who="2" m="51307" /><F18/><W60/><G60/><T103/><D64/><N who="3" m="24649" /><G30/><T84/><D79/><U19/><E97/><N who="3" m="37450" /><G83/><T92/><REACH who="0" step="1"/><D74/><REACH who="0" ten="366,287,168,159" step="2"/><U13/><E89/><N who="3" m="34378" /><G15/><T75/><D75/><U126/><E14/><V70/><F70/><W7/><G7/><T69/><D69/><U95/><E13/><V21/><F37/><W124/><G124/><T36/><D36/><U110/><E126/><V127/><F127/><W107/><G107/><AGARI ba="1,2" hai="0,6,8,51,52,56,84,90,92,93,94,98,103,107" machi="107" ten="30,7700,0" yaku="1,1,7,1,54,1,53,1" doraHai="108" doraHaiUra="46" who="0" fromWho="3" sc="366,100,287,0,168,0,159,-80" /><INIT seed="7,0,0,4,3,9" ten="466,287,168,79" oya="3" hai0="52,111,129,10,29,128,69,107,21,115,41,57,85" hai1="74,68,34,6,108,75,45,60,28,109,72,94,117" hai2="100,123,56,66,113,15,126,31,80,59,19,43,91" hai3="98,50,63,54,112,23,92,16,73,36,79,121,26"/><W71/><G121/><T5/><D107/><U12/><E94/><V37/><F123/><W122/><G122/><T101/><D69/><U76/><E45/><V105/><F31/><W83/><G36/><T110/><D115/><U24/><E76/><V32/><F32/><W40/><G112/><T103/><D41/><U120/><E120/><V96/><F113/><W81/><G40/><T44/><D85/><U118/><E60/><V78/><F126/><W11/><G11/><T89/><D89/><U125/><E68/><V131/><F131/><N who="0" m="50250" /><D44/><U86/><E86/><V8/><F91/><W0/><G0/><N who="0" m="295" /><D21/><U3/><E12/><V13/><F66/><W124/><G124/><T82/><D82/><U65/><E65/><V39/><F43/><W61/><G83/><T17/><D17/><U104/><E104/><V2/><F2/><W93/><G71/><T25/><D101/><U88/><E88/><V27/><F27/><W127/><G127/><T53/><D103/><U35/><E35/><V58/><REACH who="2" step="1"/><F13/><REACH who="2" ten="466,287,158,79" step="2"/><W130/><G130/><T134/><D57/><U64/><E64/><V51/><F51/><W114/><G114/><T77/><D77/><U22/><E125/><V7/><F7/><W106/><G106/><T46/><D134/><U42/><E42/><V135/><F135/><W119/><G119/><N who="1" m="45578" /><E34/><V30/><F30/><W133/><G133/><T48/><D53/><U14/><E3/><V20/><F20/><W38/><G38/><T47/><D47/><U49/><E49/><V102/><F102/><N who="3" m="60743" /><G93/><T95/><D95/><U70/><E70/><V67/><F67/><RYUUKYOKU ba="0,1" sc="466,0,287,0,158,0,79,0" hai0="25,29,46,48,52,110,111" hai1="6,14,22,24,28,72,74,75,108,109" hai2="8,15,19,37,39,56,58,59,78,80,96,100,105" hai3="16,23,26,50,54,61,63,73,79,81" /><INIT seed="7,1,1,4,2,86" ten="466,287,158,79" oya="3" hai0="73,12,127,95,33,42,61,108,47,10,91,94,53" hai1="5,109,45,129,32,50,79,51,116,1,77,92,14" hai2="15,17,132,84,31,27,8,69,133,44,64,19,115" hai3="110,98,103,58,22,37,55,41,7,76,114,106,23"/><W125/><G110/><T49/><D33/><U60/><E109/><V117/><F117/><W134/><G125/><T20/><D108/><U112/><E32/><N who="2" m="20607" /><F115/><W43/><G134/><N who="2" m="51817" /><F84/><W16/><G114/><T11/><D73/><U59/><E92/><V97/><F97/><W88/><G76/><T46/><D127/><U71/><E51/><V99/><F99/><W101/><G7/><T118/><D118/><U34/><E5/><N who="2" m="3471" /><F44/><W2/><G2/><T131/><D131/><U120/><E59/><V54/><F54/><W119/><G119/><T18/><D95/><U104/><E50/><V39/><F39/><W135/><G135/><T6/><D61/><AGARI ba="1,1" hai="17,19,61,64,69" m="3471,51817,20607" machi="61" ten="30,1000,0" yaku="20,1" doraHai="86" who="2" fromWho="0" sc="466,-13,287,0,158,23,79,0" owari="453,55.0,287,9.0,181,-22.0,79,-42.0" /></mjloggm>