<mjloggm ver="2.3"><GO type="169" lobby="0"/><UN n0="%64%6F%6E%63%68%61%6E%33" n1="%E6%8E%A8%E7%A9%BA%EF%BC%B0" n2="%E3%82%A6%E3%83%AB%E3%83%88%E3%83%A9%E7%AB%8B%E7%9B%B4" n3="%E3%82%B5%E3%83%B3%E3%83%9E%E9%81%93%E6%A5%BD%E4%BB%A3%E8%A1%A8" dan="17,17,16,17" rate="2154.34,2175.50,2135.22,2173.97" sx="M,F,M,M"/><TAIKYOKU oya="0"/><INIT seed="0,0,0,1,4,85" ten="250,250,250,250" oya="0" hai0="5,116,89,44,13,21,114,40,100,41,77,82,128" hai1="98,7,73,63,79,70,29,15,36,106,61,96,39" hai2="92,18,65,112,35,93,52,87,132,105,134,55,95" hai3="119,83,99,109,97,34,94,51,10,56,113,75,88"/><T11/><D116/><U67/><E15/><V71/><F35/><W121/><G119/><T38/><D114/><U90/><E7/><V46/><F112/><W37/><G37/><T129/><D100/><U135/><E135/><N who="2" m="51755" /><F105/><W66/><G34/><T123/><D123/><U26/><E61/><N who="2" m="40367" /><F18/><W49/><G121/><T59/><D40/><U0/><E0/><V23/><F23/><W30/><G109/><T81/><D21/><U80/><E96/><V19/><F19/><W53/><G30/><T42/><D42/><U12/><E12/><V130/><F130/><N who="0" m="50282" /><D77/><U133/><E133/><V78/><F46/><W2/><G66/><T110/><D110/><U48/><E48/><V20/><F20/><W115/><G51/><T60/><D89/><U76/><E90/><N who="2" m="53343" /><F78/><W28/><G28/><T3/><D3/><U69/><E79/><V125/><F125/><W117/><G117/><T50/><D50/><U120/><E120/><V22/><F22/><W103/><G75/><T101/><D101/><N who="1" m="62775" /><E70/><V131/><F131/><W108/><G108/><T17/><D17/><U104/><E104/><V14/><F14/><W16/><G16/><T58/><D58/><U64/><E64/><AGARI ba="0,0" hai="5,11,13,38,41,44,59,60,64,81,82" m="50282" machi="64" ten="30,1500,0" yaku="19,1" doraHai="85" who="0" fromWho="1" sc="250,15,250,-15,250,0,250,0" /><INIT seed="0,1,0,2,4,14" ten="265,235,250,250" oya="0" hai0="120,111,8,44,113,112,38,70,124,9,74,60,123" hai1="32,7,3,126,129,76,105,79,96,1,5,17,15" hai2="64,43,34,55,77,128,47,42,93,33,73,114,110" hai3="99,88,71,118,49,52,24,61,78,40,101,62,97"/><T57/><D74/><U102/><E126/><V6/><F114/><N who="0" m="44138" /><D8/><U56/><E32/><V58/><F110/><W65/><G118/><T37/><D9/><U127/><E127/><V48/><F128/><W130/><G130/><T80/><D80/><U122/><E129/><V51/><F6/><W18/><G78/><T54/><D124/><U28/><E28/><V72/><F64/><W106/><G40/><T36/><D111/><U46/><E122/><N who="0" m="46633" /><D70/><U67/><E7/><V4/><F4/><W84/><G99/><T121/><N who="0" m="46641" /><T82/><DORA hai="116" /><D82/><U41/><E5/><V20/><F73/><W16/><G24/><T68/><D68/><U31/><E31/><V45/><F72/><W2/><G2/><T11/><D11/><U27/><E1/><V132/><F77/><W10/><G10/><T83/><D83/><U21/><E3/><V86/><F33/><W115/><G115/><T87/><D87/><U75/><E75/><V109/><F34/><W13/><G13/><T92/><D92/><U69/><E15/><V90/><F109/><W91/><G91/><T26/><D26/><U50/><E69/><V94/><F94/><W59/><G84/><T66/><D66/><U30/><E30/><V134/><F20/><W89/><G88/><T98/><D98/><U22/><E22/><V103/><F103/><W12/><G89/><T53/><D53/><U29/><E29/><V117/><F117/><W100/><G12/><T108/><D108/><U125/><E125/><V35/><F35/><W81/><G81/><T85/><D85/><U119/><E119/><RYUUKYOKU ba="1,0" sc="265,10,235,10,250,10,250,-30" hai0="36,37,38,44,54,57,60" hai1="17,21,27,41,46,50,56,67,76,79,96,102,105" hai2="42,43,45,47,48,51,55,58,86,90,93,132,134" /><INIT seed="0,2,0,5,3,108" ten="275,245,260,220" oya="0" hai0="39,17,93,25,84,50,60,21,101,65,32,125,68" hai1="113,134,46,121,43,100,129,12,119,76,59,132,55" hai2="110,57,79,1,118,99,31,62,130,96,114,107,116" hai3="117,52,7,13,9,131,67,66,24,133,112,98,95"/><T91/><D39/><U4/><E121/><V73/><F1/><W80/><G117/><N who="2" m="45161" /><F110/><W72/><G131/><T87/><D125/><U16/><E119/><V38/><F38/><W58/><G133/><N who="1" m="51306" /><E129/><V35/><F130/><W45/><G45/><T104/><D50/><N who="1" m="26975" /><E100/><V126/><F126/><W86/><G24/><T105/><D101/><U81/><E4/><V30/><F114/><W120/><G112/><T14/><REACH who="0" step="1"/><D87/><REACH who="0" ten="265,245,260,220" step="2"/><N who="1" m="48551" /><E113/><V42/><F73/><W22/><G72/><T6/><D6/><U83/><E83/><V33/><F99/><W29/><G80/><T82/><D82/><U56/><E55/><V5/><F5/><W49/><G86/><T11/><D11/><AGARI ba="2,1" hai="11,12,16,56,59" m="48551,26975,51306" machi="11" ten="30,2000,0" yaku="20,1,54,1" doraHai="108" who="1" fromWho="0" sc="265,-26,245,36,260,0,220,0" /><INIT seed="1,0,0,0,3,6" ten="239,281,260,220" oya="1" hai0="58,120,117,111,50,81,0,47,22,108,74,16,86" hai1="41,123,93,75,45,135,35,40,82,54,130,25,88" hai2="33,125,52,84,29,122,64,95,2,30,106,71,113" hai3="134,116,99,89,5,55,103,96,26,129,53,63,112"/><U20/><E123/><V31/><F122/><W87/><G112/><T23/><D120/><U38/><E35/><V24/><F113/><W132/><G116/><T83/><D117/><U15/><E130/><V37/><F37/><W70/><G129/><T39/><D0/><U48/><E135/><V18/><F106/><W7/><G26/><T105/><D105/><U49/><E15/><V36/><F36/><W8/><G7/><T57/><D22/><U133/><E133/><N who="3" m="51306" /><G99/><T77/><D39/><U110/><E110/><N who="0" m="42025" /><D83/><U27/><E38/><V73/><F73/><W107/><G63/><T102/><D102/><U3/><E3/><V21/><F125/><W91/><G70/><T59/><D74/><U44/><E75/><V119/><F119/><W17/><G17/><T72/><D72/><U61/><E82/><V34/><F2/><N who="3" m="55" /><G91/><T76/><D76/><U12/><E12/><V114/><F114/><W43/><G43/><N who="0" m="24959" /><D59/><N who="1" m="35063" /><E20/><V60/><F34/><W80/><AGARI ba="0,0" hai="53,55,80,87,89,96,103,107" m="55,51306" machi="80" ten="30,2000,0" yaku="20,1,52,1" doraHai="6" who="3" fromWho="3" sc="239,-5,281,-10,260,-5,220,20" /><INIT seed="2,0,0,5,5,29" ten="234,271,255,240" oya="2" hai0="127,21,89,110,84,64,80,46,0,109,15,76,118" hai1="88,5,10,47,43,3,107,4,116,59,65,31,134" hai2="83,44,8,27,126,55,94,41,114,121,131,61,101" hai3="91,112,40,48,102,34,37,7,36,124,25,90,2"/><V24/><F121/><W74/><G102/><T13/><D0/><U104/><E116/><V123/><F123/><W128/><G74/><T51/><D118/><U117/><E117/><V49/><F114/><W9/><G112/><T23/><D64/><U129/><E31/><V63/><F131/><W62/><G128/><T100/><D100/><U82/><E129/><V99/><F126/><W77/><G77/><T54/><D127/><U119/><E119/><V71/><F71/><W130/><G130/><T115/><D115/><U11/><E134/><V135/><F135/><W22/><G34/><T111/><D76/><U106/><E59/><V17/><F83/><W39/><G62/><N who="2" m="23561" /><F55/><W30/><G124/><T125/><D125/><U33/><E65/><V50/><F50/><W18/><G30/><T16/><D13/><AGARI ba="0,0" hai="8,13,17,24,27,41,44,49,94,99,101" m="23561" machi="13" ten="30,1500,0" yaku="8,1" doraHai="29" who="2" fromWho="0" sc="234,-15,271,0,255,15,240,0" /><INIT seed="2,1,0,0,0,40" ten="219,271,270,240" oya="2" hai0="116,119,25,112,103,78,105,91,131,4,24,18,54" hai1="129,3,101,7,60,126,6,104,26,59,34,73,90" hai2="99,88,62,0,1,118,133,36,117,14,84,92,45" hai3="53,22,52,100,66,107,28,10,85,98,61,12,109"/><V134/><F62/><W125/><G109/><T72/><D112/><U69/><E73/><V115/><F14/><W51/><G125/><T19/><D131/><U2/><E126/><V86/><F0/><W127/><G127/><T9/><D91/><U39/><E129/><V83/><F1/><W135/><G135/><N who="2" m="51721" /><F115/><W11/><G85/><N who="2" m="32873" /><F83/><W23/><G10/><T32/><D54/><U65/><E90/><V71/><F71/><W64/><G53/><T97/><D72/><U44/><E6/><V74/><F74/><W68/><G28/><T79/><D32/><U27/><E27/><V124/><F124/><W35/><G35/><T106/><D106/><U93/><E104/><V96/><F96/><W63/><G63/><T43/><D24/><U130/><E130/><V38/><F38/><W81/><G81/><T5/><D25/><U29/><E69/><V123/><F123/><W20/><G61/><T58/><D97/><U41/><E7/><V8/><F8/><W108/><G68/><T17/><D9/><U31/><E31/><V94/><F94/><W132/><G108/><T67/><D105/><U89/><E2/><V95/><F95/><W47/><REACH who="3" step="1"/><G132/><REACH who="3" ten="219,271,270,230" step="2"/><T21/><D4/><AGARI ba="1,1" hai="4,11,12,20,22,23,47,51,52,64,66,98,100,107" machi="4" ten="40,8000,1" yaku="1,1,2,1,52,1,54,1,53,0" doraHai="40" doraHaiUra="76" who="3" fromWho="0" sc="219,-83,271,0,270,0,230,93" /><INIT seed="3,0,0,1,2,135" ten="136,271,270,323" oya="3" hai0="67,42,76,74,0,72,11,125,130,107,5,48,77" hai1="106,87,80,17,124,113,64,65,89,31,96,22,95" hai2="57,51,62,90,27,105,93,117,75,53,97,16,58" hai3="8,131,92,44,78,128,59,28,129,21,32,118,132"/><W24/><G118/><T98/><D67/><U9/><E113/><V34/><F75/><W26/><G132/><T79/><D130/><U20/><E106/><V84/><F117/><W121/><G121/><T115/><D115/><U18/><E124/><V83/><F105/><W101/><G78/><T36/><D36/><U35/><E35/><V100/><F34/><W33/><G8/><T88/><D125/><U2/><E31/><V111/><F111/><W63/><G26/><T66/><D66/><U60/><E2/><V70/><F70/><W13/><G44/><T122/><D122/><U19/><E9/><V47/><REACH who="2" step="1"/><F62/><REACH who="2" ten="136,271,260,323" step="2"/><W123/><G123/><T120/><D120/><U86/><E60/><V127/><F127/><W55/><G13/><T29/><D107/><U37/><E37/><V14/><F14/><W69/><G69/><T102/><D74/><U43/><E43/><V25/><F25/><W103/><G33/><T52/><D72/><U49/><E22/><AGARI ba="0,1" hai="16,22,27,47,51,53,57,58,83,84,90,93,97,100" machi="22" ten="40,5200,0" yaku="1,1,8,1,54,1,53,0" doraHai="135" doraHaiUra="119" who="2" fromWho="1" sc="136,0,271,-52,260,62,323,0" /><INIT seed="4,0,0,4,4,120" ten="136,219,322,323" oya="0" hai0="76,105,84,135,49,59,30,47,48,107,38,91,72" hai1="25,116,44,88,134,124,24,28,33,125,42,8,23" hai2="16,53,5,67,52,123,78,132,13,90,31,68,94" hai3="39,43,99,79,22,102,19,32,81,70,87,71,106"/><T54/><D135/><U40/><E116/><V111/><F123/><W62/><G32/><T118/><D118/><U58/><E134/><V108/><F5/><W115/><G115/><T85/><D38/><U36/><E40/><V128/><F132/><W80/><G62/><T129/><D129/><U7/><E58/><V131/><F78/><W83/><G83/><T18/><D72/><U93/><E23/><N who="2" m="11663" /><F31/><W3/><G3/><T74/><D74/><U1/><REACH who="1" step="1"/><E25/><REACH who="1" ten="136,209,322,323" step="2"/><V73/><F68/><W101/><G70/><T41/><D41/><U100/><E100/><V97/><F73/><W109/><G71/><T63/><D59/><U50/><E50/><V51/><F67/><W45/><G102/><T65/><D48/><U29/><E29/><V89/><F53/><W37/><G37/><T103/><D30/><U98/><AGARI ba="0,1" hai="1,7,8,24,28,33,36,42,44,88,93,98,124,125" machi="98" ten="30,4000,0" yaku="1,1,0,1,54,1,53,0" doraHai="120" doraHaiUra="77" who="1" fromWho="1" sc="136,-20,209,50,322,-10,323,-10" /><INIT seed="5,0,0,4,1,76" ten="116,259,312,313" oya="1" hai0="60,128,45,8,90,21,5,50,33,86,92,84,4" hai1="29,14,116,35,118,56,125,107,25,34,39,135,13" hai2="38,65,28,30,80,113,69,131,31,59,105,15,11" hai3="68,104,103,19,71,54,2,109,64,87,98,10,101"/><U120/><E107/><V122/><F122/><W124/><G103/><T108/><D128/><U94/><E39/><V111/><F111/><W112/><G109/><T123/><D108/><U32/><E94/><V117/><F117/><N who="1" m="45161" /><E56/><V110/><F110/><W82/><G64/><T27/><D33/><N who="1" m="12907" /><E120/><V89/><F69/><W93/><G104/><T130/><D130/><U77/><E77/><V75/><F105/><W46/><G71/><T70/><D123/><U67/><E67/><V18/><F131/><W100/><G68/><T48/><D48/><U41/><E41/><V132/><F38/><W43/><G101/><T47/><D47/><U58/><E58/><V51/><F65/><W16/><G54/><T62/><D70/><U133/><E125/><V114/><F51/><W127/><G46/><T6/><D86/><U115/><E115/><N who="2" m="44043" /><F59/><W44/><G112/><T36/><D36/><U85/><E85/><N who="2" m="50343" /><F75/><W88/><G44/><T20/><D8/><U119/><N who="1" m="45169" /><U55/><DORA hai="74" /><E55/><V12/><F12/><AGARI ba="0,0" hai="12,13,14,25,29,35,133,135" m="12907,45169" machi="12" ten="50,4800,0" yaku="34,2" doraHai="76,74" who="1" fromWho="2" sc="116,0,259,48,312,-48,313,0" /><INIT seed="5,1,0,3,3,4" ten="116,307,264,313" oya="1" hai0="2,101,29,6,127,107,19,94,58,37,111,134,71" hai1="79,91,135,97,99,61,27,44,15,120,64,38,110" hai2="33,45,130,35,116,70,12,13,113,105,129,42,125" hai3="132,3,5,73,95,49,114,84,8,112,78,41,26"/><U109/><E120/><V108/><F70/><W69/><G69/><T9/><D94/><U16/><E79/><V68/><F68/><W131/><G132/><T96/><D111/><N who="1" m="42507" /><E135/><V7/><F105/><W54/><G131/><N who="2" m="50185" /><F108/><W11/><G41/><T36/><D58/><N who="1" m="36919" /><E27/><V62/><F116/><W74/><G26/><T52/><D71/><U10/><E91/><V90/><F125/><W124/><G124/><T65/><D65/><U72/><E72/><V104/><F104/><W48/><G95/><T89/><D127/><U18/><E18/><V25/><F62/><W93/><G93/><T88/><D134/><U23/><E23/><V1/><F90/><W20/><G20/><T60/><D29/><U43/><AGARI ba="1,0" hai="10,15,16,38,43,44,97,99" m="36919,42507" machi="43" ten="30,6000,0" yaku="10,1,52,1,54,1" doraHai="4" who="1" fromWho="1" sc="116,-21,307,63,264,-21,313,-21" /><INIT seed="5,2,0,3,5,124" ten="95,370,243,292" oya="1" hai0="26,49,86,65,89,32,81,6,123,98,125,36,61" hai1="80,95,77,40,101,109,112,12,59,103,20,122,44" hai2="133,8,85,57,51,67,97,114,23,131,17,64,3" hai3="127,115,27,4,16,106,91,79,30,22,82,9,132"/><U126/><E122/><V1/><F97/><W110/><G110/><T70/><D36/><U39/><E126/><V33/><F33/><W38/><G127/><T135/><D125/><U87/><E109/><V37/><F37/><W25/><G38/><T53/><D123/><U100/><E112/><V31/><F31/><W84/><G132/><T74/><D135/><U46/><E46/><V48/><F133/><W88/><G106/><T55/><D74/><U58/><E95/><V129/><F85/><W63/><G63/><T104/><D6/><U35/><E35/><V73/><F73/><W21/><REACH who="3" step="1"/><G115/><REACH who="3" ten="95,370,243,282" step="2"/><T76/><D49/><U24/><REACH who="1" step="1"/><E12/><AGARI ba="2,1" hai="4,9,12,16,21,22,25,27,30,79,82,84,88,91" machi="12" ten="30,12000,2" yaku="1,1,2,1,7,1,8,1,54,2,53,1" doraHai="124" doraHaiUra="15" who="3" fromWho="1" sc="95,0,370,-126,243,0,282,136" /><INIT seed="6,0,0,5,2,110" ten="95,244,243,418" oya="2" hai0="125,15,126,91,106,124,36,43,115,57,60,61,127" hai1="97,73,3,107,101,69,7,50,17,56,133,122,131" hai2="19,119,10,84,132,51,37,54,100,94,130,87,53" hai3="52,92,14,27,6,29,123,20,31,44,25,79,90"/><V103/><F37/><W8/><G79/><T118/><N who="0" m="31744" /><DORA hai="80" /><T4/><D106/><U66/><E122/><V55/><F119/><W64/><G64/><T1/><D1/><U28/><E131/><V120/><F120/><W30/><G123/><T134/><D91/><U11/><E133/><V49/><F132/><W65/><G65/><T0/><D0/><U114/><E17/><V9/><F130/><W96/><G27/><T88/><D134/><U22/><E50/><AGARI ba="0,0" hai="6,8,14,20,25,29,30,31,44,50,52,90,92,96" machi="50" ten="40,2600,0" yaku="8,1,54,1" doraHai="110,80" who="3" fromWho="1" sc="95,0,244,-26,243,0,418,26" /><INIT seed="7,0,0,0,1,75" ten="95,218,243,444" oya="3" hai0="111,110,45,130,105,106,42,19,132,54,52,31,124" hai1="122,6,33,101,79,36,25,7,20,11,3,126,102" hai2="108,40,93,50,72,32,69,107,91,63,21,13,61" hai3="9,0,103,121,71,60,68,2,90,135,125,74,100"/><W14/><G74/><T92/><D132/><U64/><E122/><V24/><F107/><W67/><G121/><T53/><D130/><U85/><E36/><V117/><F72/><W134/><G71/><T56/><D124/><U41/><E41/><V96/><F69/><W88/><G125/><T17/><D56/><U89/><E126/><V83/><F108/><W66/><G68/><T59/><D59/><U97/><E33/><V131/><F131/><W35/><G35/><T95/><D31/><U81/><E64/><V70/><F70/><W46/><G46/><T22/><D22/><U113/><E7/><V86/><F13/><W8/><G14/><T76/><D76/><U4/><E4/><V118/><F32/><W84/><G84/><T28/><D28/><U80/><E113/><V98/><F118/><W44/><G44/><T123/><D123/><U116/><E116/><V99/><F117/><W10/><G10/><T119/><D119/><U27/><E27/><V127/><F127/><W12/><G12/><T58/><D58/><U47/><E47/><N who="2" m="25959" /><F93/><W120/><G120/><T133/><D133/><U114/><E114/><V115/><F115/><W30/><G30/><AGARI ba="0,0" hai="21,24,30,61,63,83,86,91,96,98,99" m="25959" machi="30" ten="30,1000,0" yaku="8,1" doraHai="75" who="2" fromWho="3" sc="95,0,218,0,243,10,444,-10" owari="95,-40.0,218,-18.0,253,5.0,434,53.0" /></mjloggm>