<mjloggm ver="2.3"><GO type="169" lobby="0"/><UN n0="%E5%A3%87%E2%98%86%E8%9C%9C" n1="%E3%82%89%E3%81%8F%E3%81%A0%EF%BC%90%EF%BC%91%EF%BC%90%EF%BC%99" n2="%E5%B0%B1%E6%B4%BB%E7%94%9F%40%E5%B7%9D%E6%9D%91%E8%BB%8D%E5%9B%A3" n3="%E3%82%A8%E3%83%83%E3%83%95%E3%82%A7%E3%83%AB%E5%A1%94" dan="16,17,17,16" rate="2128.90,2201.88,2215.53,2089.08" sx="M,M,M,M"/><TAIKYOKU oya="0"/><INIT seed="0,0,0,5,2,87" ten="250,250,250,250" oya="0" hai0="101,45,69,70,93,92,126,0,37,15,31,53,122" hai1="83,109,55,67,82,59,133,38,50,24,111,97,39" hai2="1,107,61,2,16,106,85,40,48,9,119,72,43" hai3="94,11,68,30,34,91,128,25,47,98,89,84,73"/><T130/><D122/><U60/><E24/><V29/><F72/><W22/><G73/><T63/><D0/><U104/><E104/><V10/><F29/><W54/><G68/><T116/><D116/><U35/><E35/><V14/><F119/><W105/><G128/><T79/><D79/><U120/><E120/><V64/><F106/><W78/><G105/><T100/><D31/><U131/><E131/><V56/><F107/><W3/><G34/><T46/><D130/><U23/><E23/><V19/><F48/><N who="3" m="28959" /><G3/><T65/><D126/><U102/><E133/><V62/><F62/><W26/><G11/><T81/><D81/><U8/><E8/><V18/><F2/><W125/><G125/><T114/><D114/><U74/><E74/><V96/><F1/><W12/><G78/><T88/><D70/><U110/><E38/><V77/><F96/><W32/><G32/><T49/><D93/><N who="1" m="58671" /><E39/><V108/><F108/><N who="1" m="27649" /><U58/><AGARI ba="0,0" hai="50,55,58,59,60,67,82,83" m="27649,58671" machi="58" ten="40,2700,0" yaku="4,1,14,1" doraHai="87" who="1" fromWho="1" sc="250,-13,250,27,250,-7,250,-7" /><INIT seed="1,0,0,5,3,41" ten="237,277,243,243" oya="1" hai0="45,33,79,40,57,28,13,5,135,64,49,70,119" hai1="46,133,47,32,23,6,98,35,84,14,34,93,43" hai2="80,53,102,15,61,108,29,78,16,17,27,10,74" hai3="113,82,66,69,114,120,105,97,103,67,68,39,91"/><U36/><E133/><V96/><F108/><W62/><G91/><T56/><D119/><U123/><E123/><V2/><F2/><W55/><G55/><T92/><D135/><U18/><E84/><V122/><F122/><W107/><G82/><T127/><D127/><U134/><E134/><V99/><F17/><W77/><G77/><T109/><D109/><U121/><E121/><V100/><F61/><W118/><G120/><T76/><D70/><U54/><E6/><V48/><F100/><W37/><G118/><T73/><D33/><U7/><E7/><V128/><F102/><W31/><G31/><T101/><D28/><U21/><E21/><V124/><F124/><W59/><G59/><N who="0" m="22603" /><D73/><U106/><E106/><V3/><F3/><W24/><G24/><T110/><D64/><U131/><E131/><V116/><F128/><W0/><G0/><T19/><D110/><U22/><E22/><V129/><F129/><W8/><G8/><N who="0" m="6567" /><D5/><U94/><REACH who="1" step="1"/><E98/><AGARI ba="0,0" hai="40,45,49,76,79,92,98,101" m="6567,22603" machi="98" ten="30,2000,0" yaku="8,1,52,1" doraHai="41" who="0" fromWho="1" sc="237,20,277,-20,243,0,243,0" /><INIT seed="2,0,0,5,0,59" ten="257,257,243,243" oya="2" hai0="23,83,108,7,18,101,50,91,74,72,109,35,9" hai1="115,46,34,106,81,125,70,76,42,84,90,67,13" hai2="119,88,1,5,116,112,86,56,27,29,33,129,113" hai3="0,49,14,65,17,92,47,8,58,117,37,105,44"/><V131/><F1/><W114/><G105/><T68/><D35/><U57/><E34/><V103/><F103/><W39/><G47/><T118/><D118/><N who="2" m="45098" /><F5/><W120/><G117/><T43/><D101/><U107/><E115/><N who="2" m="44107" /><F56/><W71/><G114/><T95/><D68/><U79/><E70/><V122/><F86/><W64/><G64/><T134/><D134/><U10/><E125/><V82/><F82/><W77/><G71/><T30/><D30/><U104/><E67/><V89/><F122/><W40/><G120/><T121/><D121/><U62/><E57/><V128/><AGARI ba="0,0" hai="27,29,33,88,89,128,129,131" m="44107,45098" machi="128" ten="40,3900,0" yaku="19,1,54,1" doraHai="59" who="2" fromWho="2" sc="257,-13,257,-13,243,39,243,-13" /><INIT seed="2,1,0,4,4,134" ten="244,244,282,230" oya="2" hai0="113,38,36,81,8,121,37,72,68,7,100,1,46" hai1="35,116,15,99,61,50,73,53,6,132,67,0,33" hai2="45,94,14,108,110,91,102,119,89,11,129,2,32" hai3="19,104,52,66,22,117,25,122,42,10,107,82,59"/><V88/><F119/><W93/><G117/><T124/><D113/><U114/><E73/><V95/><F32/><W41/><G122/><T26/><D121/><U5/><E0/><V112/><F112/><W127/><G66/><T131/><D131/><U55/><E114/><V62/><F2/><W54/><G107/><T133/><D133/><U123/><E123/><V71/><F45/><W13/><G104/><T130/><D130/><U92/><E132/><V40/><F40/><W47/><G47/><T56/><D68/><U103/><E116/><V84/><F129/><W75/><G54/><T78/><D100/><U96/><E15/><V48/><F48/><W79/><G93/><T128/><D128/><U44/><E55/><V4/><F102/><W105/><G105/><T12/><D12/><U70/><E96/><V29/><F29/><W115/><G115/><T27/><D56/><U106/><E92/><V98/><F91/><W28/><REACH who="3" step="1"/><G127/><REACH who="3" ten="244,244,282,220" step="2"/><T69/><D124/><U77/><E106/><V49/><F49/><AGARI ba="1,1" hai="10,13,19,22,25,28,41,42,49,52,59,75,79,82" machi="49" ten="30,8000,1" yaku="1,1,2,1,7,1,54,1,53,1" doraHai="134" doraHaiUra="24" who="3" fromWho="2" sc="244,0,244,0,282,-83,220,93" /><INIT seed="3,0,0,2,1,0" ten="244,244,199,313" oya="3" hai0="131,92,31,7,32,75,56,62,74,51,114,90,106" hai1="1,116,77,108,16,79,133,71,36,52,60,25,110" hai2="121,4,123,43,120,84,19,91,38,98,47,109,85" hai3="97,124,29,126,107,125,127,122,119,6,54,128,48"/><W2/><G122/><T53/><D106/><U117/><E36/><V14/><F109/><N who="1" m="42089" /><E133/><V64/><F64/><W58/><G119/><N who="1" m="45642" /><E1/><V50/><F38/><W83/><G128/><T9/><D114/><U80/><E71/><V87/><F98/><W5/><G2/><T33/><D131/><U11/><E80/><V42/><F4/><N who="3" m="1643" /><G127/><T35/><D31/><U45/><E25/><V111/><F111/><W41/><G29/><T102/><D102/><U130/><E130/><V15/><F15/><W112/><G83/><T73/><D73/><U59/><E45/><V81/><F43/><W67/><G67/><T86/><D75/><U27/><E27/><V20/><AGARI ba="0,0" hai="14,19,20,42,47,50,81,84,85,87,91,120,121,123" machi="20" ten="30,2000,0" yaku="0,1,13,1" doraHai="0" who="2" fromWho="2" sc="244,-5,244,-5,199,20,313,-10" /><INIT seed="4,0,0,4,1,23" ten="239,239,219,303" oya="0" hai0="120,26,54,19,5,21,50,61,0,40,11,103,101" hai1="121,13,78,133,97,12,114,43,39,84,66,14,65" hai2="33,106,36,82,83,1,126,113,32,99,15,28,129" hai3="89,70,37,47,117,16,56,115,60,44,131,67,48"/><T53/><D120/><U96/><E121/><V69/><F69/><W57/><G89/><T90/><D40/><U135/><E114/><V100/><F36/><W134/><G16/><T18/><D61/><U94/><E43/><V27/><F1/><W111/><G115/><T55/><D50/><U42/><E42/><V24/><F113/><W45/><G37/><T64/><D64/><N who="1" m="24683" /><E39/><V123/><F123/><W92/><G92/><T31/><REACH who="0" step="1"/><D90/><REACH who="0" ten="229,239,219,303" step="2"/><U80/><E135/><V29/><F129/><W52/><G134/><T34/><D34/><U20/><E133/><V4/><F126/><W125/><G125/><T130/><D130/><U7/><E7/><V110/><F110/><W98/><G131/><T116/><D116/><U25/><E94/><V58/><F58/><W49/><G117/><T77/><D77/><U95/><E95/><V35/><F35/><W41/><G111/><T59/><D59/><U81/><E81/><V2/><F2/><W17/><G57/><T68/><D68/><U71/><E71/><V119/><F119/><W22/><G98/><T124/><D124/><U46/><E46/><V132/><F132/><W127/><REACH who="3" step="1"/><G127/><REACH who="3" ten="229,239,219,293" step="2"/><T63/><D63/><U87/><E97/><V51/><F51/><W76/><G76/><T38/><D38/><U6/><E96/><V62/><F62/><W128/><G128/><T91/><D91/><U75/><E6/><V72/><F4/><W86/><G86/><T102/><AGARI ba="0,2" hai="0,5,11,18,19,21,26,31,53,54,55,101,102,103" machi="102" ten="30,6000,0" yaku="1,1,0,1,52,1,53,0" doraHai="23" doraHaiUra="105" who="0" fromWho="0" sc="229,80,239,-20,219,-20,293,-20" /><INIT seed="4,1,0,4,1,21" ten="309,219,199,273" oya="0" hai0="88,4,91,34,110,27,55,0,57,132,52,79,60" hai1="39,128,61,77,123,19,45,41,11,80,30,70,22" hai2="65,17,89,124,6,5,95,18,8,40,28,47,58" hai3="48,86,90,20,127,116,73,15,35,37,129,133,99"/><T25/><D132/><U42/><E42/><V29/><F124/><W1/><G99/><T33/><D79/><U7/><E123/><V114/><F114/><W112/><G48/><T113/><D113/><U81/><E128/><V46/><F65/><W78/><G20/><T64/><D110/><U2/><E30/><N who="2" m="11883" /><F58/><W3/><G15/><T38/><D38/><U98/><E98/><V82/><F82/><W49/><G90/><N who="0" m="34347" /><D0/><U67/><REACH who="1" step="1"/><E77/><REACH who="1" ten="309,209,199,273" step="2"/><V32/><F40/><W106/><G78/><T131/><D131/><U51/><E51/><V100/><F100/><W76/><G49/><T68/><D34/><U119/><E119/><V122/><F32/><W93/><G76/><T50/><D33/><U103/><E103/><V54/><F122/><W66/><G35/><T84/><D50/><U108/><E108/><V118/><F118/><W104/><G129/><T117/><D117/><U83/><E83/><V115/><F115/><W102/><G112/><T85/><D68/><U44/><E44/><V94/><F47/><W43/><G116/><T121/><D121/><U97/><E97/><V105/><F46/><W107/><G43/><T120/><D120/><U36/><E36/><V130/><F130/><W59/><G37/><T10/><D85/><U56/><E56/><V74/><F89/><W71/><G59/><T134/><D84/><U23/><E23/><V16/><F105/><W13/><G104/><T9/><D57/><U62/><E62/><V53/><F74/><W31/><G73/><T63/><D63/><U109/><E109/><V12/><F5/><W14/><G106/><RYUUKYOKU ba="1,1" sc="309,-15,209,15,199,15,273,-15" hai1="2,7,11,19,22,39,41,45,61,67,70,80,81" hai2="6,8,12,16,17,18,53,54,94,95" /><INIT seed="5,2,1,4,2,41" ten="294,224,214,258" oya="1" hai0="52,102,40,37,20,30,84,112,81,78,2,126,92" hai1="9,130,70,57,44,31,134,131,42,123,90,36,109" hai2="3,17,66,118,127,115,108,18,12,107,106,8,51" hai3="110,104,86,71,61,6,98,48,97,68,23,135,111"/><U67/><E123/><V56/><F108/><W38/><G86/><T101/><D2/><U116/><E116/><V74/><F74/><W72/><G48/><T129/><D112/><U63/><E109/><V50/><F118/><W27/><G6/><T60/><D129/><N who="1" m="49163" /><E31/><V122/><F122/><W95/><G61/><T5/><D5/><U128/><N who="1" m="49171" /><U45/><DORA hai="64" /><E134/><V80/><F3/><W105/><G23/><T25/><D126/><U7/><E90/><V4/><F127/><W54/><G27/><T124/><D124/><U79/><E79/><V99/><F115/><W47/><G72/><T22/><D22/><U35/><E35/><V119/><F119/><W113/><G113/><T39/><D101/><U10/><E45/><V83/><F107/><W28/><G28/><T49/><D102/><U103/><E103/><V77/><F106/><W53/><G47/><N who="0" m="25831" /><D39/><U96/><E96/><V133/><F99/><W46/><G46/><T15/><D37/><U121/><E121/><V75/><F83/><W69/><G38/><T125/><D125/><U29/><E29/><V1/><F133/><W24/><G135/><T76/><D76/><U87/><E87/><V0/><F0/><W73/><G73/><T13/><D92/><U89/><E89/><V21/><F18/><W132/><G132/><T65/><D78/><U11/><E7/><V14/><F1/><W19/><G111/><T55/><D81/><U58/><AGARI ba="2,1" hai="9,10,11,36,42,44,57,58,63,67,70" m="49171" machi="58" ten="50,9600,0" yaku="19,1,52,2" doraHai="41,64" who="1" fromWho="1" sc="294,-34,224,112,214,-34,258,-34" /><INIT seed="5,3,0,2,4,66" ten="260,336,180,224" oya="1" hai0="4,38,14,37,15,126,78,39,31,16,120,44,100" hai1="26,132,74,72,116,61,67,17,59,114,30,54,135" hai2="43,18,102,73,71,129,122,106,47,57,88,70,2" hai3="52,96,46,92,22,56,77,121,110,1,10,42,131"/><U99/><E116/><V86/><F73/><W112/><G112/><T23/><D126/><U69/><E114/><V53/><F122/><W49/><G131/><T21/><D120/><U13/><E99/><V40/><F2/><W6/><G121/><T85/><D100/><U82/><E82/><V118/><F118/><W55/><G110/><T84/><D78/><U119/><E119/><V128/><F102/><W97/><G77/><T5/><D44/><U125/><E125/><V87/><F18/><W80/><G80/><T68/><D31/><U113/><E113/><V124/><F87/><W109/><G109/><T8/><D68/><N who="2" m="26154" /><F47/><W127/><G127/><T79/><D79/><U9/><E74/><V27/><F27/><W98/><G22/><T20/><D16/><U111/><E72/><V48/><F106/><W25/><G25/><T94/><D94/><U101/><E101/><V64/><F124/><W12/><G1/><T105/><D105/><U19/><E19/><V133/><F64/><W76/><G76/><T63/><D63/><U32/><E111/><V51/><F51/><N who="3" m="30751" /><G92/><T0/><D0/><U103/><E103/><V36/><F36/><W3/><G3/><T107/><D107/><U104/><E104/><V117/><F117/><W11/><G10/><AGARI ba="3,0" hai="4,5,8,10,14,15,20,21,23,37,38,39,84,85" machi="10" ten="50,1600,0" yaku="9,1" doraHai="66" who="0" fromWho="3" sc="260,25,336,0,180,0,224,-25" /><INIT seed="6,0,0,0,4,58" ten="285,336,180,199" oya="2" hai0="7,116,115,51,67,5,98,78,90,76,46,33,131" hai1="87,81,114,28,11,118,13,83,25,53,96,35,47" hai2="99,57,20,18,15,120,38,37,108,133,135,10,125" hai3="26,45,39,36,50,85,128,72,49,73,109,64,69"/><V14/><F120/><W0/><G85/><T84/><D33/><U127/><E118/><V16/><F125/><W59/><G26/><T134/><D115/><U48/><E114/><V88/><F108/><W42/><G0/><T124/><D134/><N who="2" m="51210" /><F57/><W62/><G109/><T89/><D131/><U94/><E87/><V113/><F113/><W21/><G21/><T29/><D29/><U97/><E97/><V54/><F54/><N who="3" m="32215" /><G73/><T79/><D67/><U70/><E70/><V9/><F20/><W121/><G72/><T3/><D3/><U111/><E127/><V27/><F27/><W106/><G106/><T23/><D23/><U117/><E117/><V68/><F68/><W91/><G91/><T129/><D129/><U119/><E119/><V31/><F31/><W63/><G128/><T130/><D124/><U43/><E111/><V104/><F104/><W80/><G121/><T86/><D130/><U60/><E35/><V77/><F77/><W82/><G82/><T101/><D90/><U112/><E25/><V52/><F52/><W105/><G80/><T1/><D116/><U100/><E28/><V126/><F126/><W12/><G105/><T66/><D89/><U6/><E112/><V2/><F2/><W34/><G34/><T132/><D132/><U71/><E71/><V32/><F32/><W55/><G12/><T24/><D1/><U22/><E22/><V95/><AGARI ba="0,0" hai="9,10,14,15,16,18,37,38,88,95,99" m="51210" machi="95" ten="30,6000,0" yaku="20,1,54,2" doraHai="58" who="2" fromWho="2" sc="285,-20,336,-20,180,60,199,-20" /><INIT seed="6,1,0,3,5,104" ten="265,316,240,179" oya="2" hai0="8,118,7,50,38,56,14,34,92,30,113,74,108" hai1="130,110,37,96,103,107,25,120,24,26,21,41,82" hai2="64,121,3,127,35,60,68,49,9,73,114,4,133" hai3="88,2,15,99,78,23,63,117,36,123,85,115,105"/><V101/><F121/><W31/><G2/><T69/><D108/><U125/><E110/><V42/><F127/><W13/><G36/><T59/><D69/><U80/><E120/><V16/><F133/><W84/><G123/><T66/><D38/><U17/><E125/><V87/><F35/><W18/><G117/><T119/><D113/><U12/><REACH who="1" step="1"/><E130/><REACH who="1" ten="265,306,240,179" step="2"/><V19/><F114/><W77/><G115/><T128/><D128/><U46/><AGARI ba="1,1" hai="12,17,21,24,25,26,37,41,46,80,82,96,103,107" machi="46" ten="30,7900,0" yaku="1,1,2,1,0,1,53,1" doraHai="104" doraHaiUra="39" who="1" fromWho="1" sc="265,-21,306,92,240,-40,179,-21" /><INIT seed="7,0,0,0,4,73" ten="244,398,200,158" oya="3" hai0="54,96,135,4,102,116,13,11,24,28,30,86,100" hai1="5,67,50,62,19,114,133,85,101,109,129,18,70" hai2="2,97,52,37,69,122,126,107,31,65,61,76,44" hai3="64,84,132,113,39,95,26,25,125,10,90,112,130"/><W74/><G39/><T38/><D116/><U82/><E109/><V21/><F2/><W87/><G74/><T88/><D38/><U59/><E114/><N who="3" m="44138" /><G125/><T131/><D135/><U3/><E133/><V20/><F126/><W55/><G132/><T91/><D131/><U49/><E49/><V111/><F111/><W23/><G130/><T9/><D9/><U92/><E129/><V94/><F107/><W134/><G134/><T29/><D24/><U115/><E115/><V117/><F117/><W8/><G64/><T0/><D0/><U57/><E70/><V89/><F31/><N who="3" m="17855" /><G55/><T32/><D32/><U14/><E3/><V63/><F122/><W93/><G26/><T72/><D72/><U15/><E5/><V127/><F127/><W27/><G27/><T78/><D54/><U36/><E36/><V7/><F7/><W41/><G41/><T34/><D34/><U35/><E35/><V83/><F37/><W121/><G121/><T77/><D29/><U110/><E110/><V120/><F120/><W51/><G51/><T45/><D28/><U46/><E14/><V43/><F43/><W128/><G128/><T106/><D30/><U105/><E15/><V119/><F119/><W1/><G1/><T68/><D13/><U16/><E19/><V58/><F44/><W75/><G75/><AGARI ba="0,0" hai="20,21,52,58,61,63,65,69,75,76,83,89,94,97" machi="75" ten="30,3900,0" yaku="7,1,52,1,54,1" doraHai="73" who="2" fromWho="3" sc="244,0,398,0,200,39,158,-39" owari="244,4.0,398,50.0,239,-16.0,119,-38.0" /></mjloggm>