<mjloggm ver="2.3"><GO type="233" lobby="0"/><UN n0="%6E%61%6B%61%6A%75%75%6E" n1="%E6%A5%A0%E5%B9%B8%E6%9D%91" n2="%E4%B8%AD%E7%94%B0%E3%83%A4%E3%82%B9%E3%82%BF%E3%82%AB" n3="%E3%82%A6%E3%83%AB%E3%83%88%E3%83%A9%E7%AB%8B%E7%9B%B4" dan="17,17,16,18" rate="2225.78,2183.50,2111.01,2196.68" sx="M,F,M,M"/><TAIKYOKU oya="0"/><INIT seed="0,0,0,5,4,107" ten="250,250,250,250" oya="0" hai0="45,124,32,88,104,74,117,46,76,5,87,42,39" hai1="16,55,89,95,90,101,94,52,131,35,134,23,15" hai2="29,66,111,116,13,19,48,100,0,1,34,27,58" hai3="60,114,11,115,64,77,128,86,91,120,41,108,135"/><T4/><D117/><U43/><E35/><V61/><F116/><W126/><G41/><T122/><D122/><U8/><E134/><V21/><F111/><W31/><G31/><T119/><D119/><U81/><E131/><V54/><REACH who="2" step="1"/><F100/><REACH who="2" ten="250,250,240,250" step="2"/><W14/><G108/><T63/><D124/><U9/><E101/><V69/><AGARI ba="0,1" hai="0,1,13,19,21,27,29,34,48,54,58,61,66,69" machi="69" ten="20,5200,0" yaku="1,1,2,1,0,1,7,1,53,0" doraHai="107" doraHaiUra="132" who="2" fromWho="2" sc="250,-26,250,-13,240,62,250,-13" /><INIT seed="1,0,0,1,3,62" ten="224,237,302,237" oya="1" hai0="97,89,99,133,36,128,119,18,42,0,124,78,9" hai1="67,21,60,129,12,134,70,6,34,5,131,73,68" hai2="23,115,105,58,64,112,28,77,39,55,76,102,19" hai3="84,20,69,7,14,82,52,117,3,113,47,32,104"/><U71/><E34/><V46/><F28/><W10/><G104/><T44/><D119/><U91/><E73/><V125/><F125/><W26/><G113/><N who="2" m="43593" /><F105/><W56/><G69/><T126/><D133/><U65/><E134/><V53/><F102/><W74/><G47/><T92/><D128/><N who="1" m="49227" /><E91/><V40/><F55/><W100/><G100/><T25/><D78/><U49/><E49/><N who="2" m="31023" /><F64/><N who="1" m="24649" /><E60/><V85/><F85/><W29/><G74/><T107/><D124/><U123/><E123/><V121/><F121/><W27/><G117/><T37/><D126/><U11/><E21/><V72/><F72/><W33/><G33/><T38/><D38/><U108/><E108/><V90/><F90/><W110/><G110/><T106/><D37/><U22/><E22/><V116/><F116/><W1/><G32/><T63/><D63/><U93/><E93/><V4/><F4/><AGARI ba="0,0" hai="4,5,6,11,12,68,70,71" m="24649,49227" machi="4" ten="40,12000,1" yaku="19,1,52,3" doraHai="62" who="1" fromWho="2" sc="224,0,237,120,302,-120,237,0" /><INIT seed="1,1,0,3,0,105" ten="224,357,182,237" oya="1" hai0="118,33,64,16,69,77,18,39,132,123,51,83,114" hai1="124,73,20,5,125,120,34,32,19,54,101,4,115" hai2="122,42,113,12,14,98,56,80,95,17,52,135,3" hai3="116,117,29,104,72,45,47,110,40,65,106,74,9"/><U78/><E120/><V30/><F122/><W27/><G65/><T128/><D123/><U58/><E101/><V100/><F135/><W107/><G9/><T53/><D118/><N who="3" m="45673" /><G110/><T96/><D114/><U121/><E121/><V68/><F113/><W24/><G24/><T109/><D132/><U0/><E115/><V36/><F68/><W15/><G15/><T71/><D33/><N who="1" m="12907" /><E78/><V8/><F3/><W119/><G119/><T75/><D39/><U13/><E73/><N who="3" m="28266" /><G40/><T10/><D109/><U43/><E43/><V70/><F70/><W82/><G82/><T99/><D64/><U129/><E54/><V88/><F42/><W84/><G84/><T46/><D71/><U91/><E0/><V26/><F36/><W93/><G93/><T41/><D69/><U7/><E13/><V22/><F14/><W103/><G103/><T48/><D128/><U44/><E20/><AGARI ba="1,0" hai="20,27,29,45,47,104,106,107" m="28266,45673" machi="20" ten="40,8000,1" yaku="12,1,52,3" doraHai="105" who="3" fromWho="1" sc="224,0,357,-83,182,0,237,83" /><INIT seed="2,0,0,5,1,94" ten="224,274,182,320" oya="2" hai0="63,96,9,86,4,61,70,84,34,49,134,6,78" hai1="107,40,11,56,35,58,8,59,13,83,36,69,113" hai2="2,22,53,17,91,110,16,111,48,12,77,119,101" hai3="32,116,5,130,126,90,21,29,46,54,66,7,88"/><V98/><F2/><W122/><G32/><T115/><D115/><U0/><E113/><V109/><F77/><W1/><G66/><T15/><D34/><U100/><E69/><V80/><F80/><W102/><G54/><T10/><D134/><U71/><E71/><V18/><F91/><W124/><G21/><T42/><D70/><U57/><E35/><V79/><F79/><W82/><G46/><N who="0" m="25815" /><D86/><U121/><E121/><V30/><F30/><W120/><G82/><N who="0" m="47191" /><D96/><U112/><E112/><V76/><F76/><W73/><G29/><T20/><D20/><U105/><E0/><AGARI ba="0,0" hai="0,4,6,9,10,15,61,63" m="47191,25815" machi="0" ten="30,1000,0" yaku="25,1" doraHai="94" who="0" fromWho="1" sc="224,10,274,-10,182,0,320,0" /><INIT seed="3,0,0,2,1,72" ten="234,264,182,320" oya="3" hai0="4,99,1,47,19,96,16,22,118,52,122,13,12" hai1="43,54,23,17,109,45,38,30,24,119,76,42,81" hai2="60,131,89,94,124,53,84,114,7,87,121,112,123" hai3="116,104,39,100,8,27,92,86,79,46,5,64,101"/><W50/><G39/><T40/><D122/><N who="2" m="46602" /><F7/><W117/><G64/><T88/><D118/><U58/><E119/><V44/><F60/><W70/><G70/><T21/><D1/><U126/><E109/><V132/><F44/><W69/><G69/><T71/><D4/><U51/><E126/><V6/><F6/><W18/><G104/><T0/><D0/><U32/><E43/><V73/><F53/><W127/><G127/><T65/><D65/><U130/><E130/><V31/><F124/><W29/><G18/><T68/><D68/><U37/><E37/><V74/><F31/><W133/><G133/><T93/><D71/><U95/><E95/><V90/><F131/><W83/><G92/><T14/><D52/><U59/><E59/><V11/><F11/><W110/><G110/><T62/><D62/><U97/><E97/><V77/><F132/><W41/><G117/><T36/><REACH who="0" step="1"/><D99/><REACH who="0" ten="224,264,182,320" step="2"/><U55/><E55/><V125/><F125/><W34/><G116/><T102/><D102/><U61/><E61/><V48/><F48/><W33/><G33/><T20/><AGARI ba="0,1" hai="12,13,14,16,19,20,21,22,36,40,47,88,93,96" machi="20" ten="30,7900,0" yaku="1,1,0,1,54,2,53,0" doraHai="72" doraHaiUra="56" who="0" fromWho="0" sc="224,89,264,-20,182,-20,320,-39" /><INIT seed="4,0,0,1,1,52" ten="313,244,162,281" oya="0" hai0="10,118,108,71,48,135,115,49,85,57,6,61,65" hai1="117,18,134,7,27,0,112,55,125,56,36,126,22" hai2="86,37,31,4,93,53,28,97,59,20,35,67,121" hai3="8,66,76,50,26,73,33,70,32,34,82,46,79"/><T128/><D118/><U11/><E36/><V124/><F121/><W54/><G79/><T116/><D116/><U84/><E117/><V62/><F124/><N who="1" m="47721" /><E84/><V132/><F132/><W120/><G120/><T13/><D115/><U106/><E106/><V1/><F37/><W98/><G98/><T83/><D135/><U107/><E107/><V39/><F39/><W101/><G101/><T105/><D105/><U21/><E134/><V119/><F119/><W130/><G130/><T5/><D128/><U133/><E133/><V95/><F35/><W29/><G8/><T109/><D5/><U17/><E112/><V78/><F1/><W12/><G12/><T87/><D87/><U30/><E22/><V122/><F122/><W92/><G92/><T100/><D100/><U90/><E90/><V63/><F4/><W74/><G74/><T69/><D69/><U127/><N who="1" m="47729" /><U110/><DORA hai="2" /><E110/><N who="0" m="42601" /><D71/><U38/><E38/><V43/><F43/><W75/><G75/><T80/><D80/><U51/><AGARI ba="0,0" hai="0,7,11,17,18,21,27,30,51,55,56" m="47729" machi="51" ten="40,5200,0" yaku="18,1,52,2" doraHai="52,2" who="1" fromWho="1" sc="313,-26,244,52,162,-13,281,-13" /><INIT seed="5,0,0,3,2,63" ten="287,296,149,268" oya="1" hai0="101,117,126,40,53,127,60,80,18,92,109,51,62" hai1="55,21,23,36,31,95,96,93,123,131,29,28,76" hai2="8,120,26,113,77,0,5,112,71,124,106,91,94" hai3="75,59,9,79,107,48,49,105,82,100,83,19,57"/><U72/><E123/><V35/><F77/><W65/><G100/><T81/><D109/><U17/><E36/><V70/><F106/><W52/><G83/><T45/><D117/><U121/><E121/><V129/><F120/><W16/><G107/><T122/><D122/><U125/><E125/><N who="0" m="47625" /><D18/><U132/><E132/><V56/><F124/><W61/><G105/><T44/><D80/><U86/><E72/><V64/><F129/><W135/><G135/><T69/><D81/><N who="1" m="47399" /><E131/><V130/><F130/><W89/><G89/><T7/><D7/><U14/><E55/><V88/><F91/><W39/><G39/><N who="0" m="21535" /><D69/><U22/><E95/><V13/><F0/><W104/><G104/><T42/><D92/><U25/><E25/><V99/><F26/><W103/><G103/><AGARI ba="0,0" hai="14,17,21,22,23,28,29,31,93,96,103" m="47399" machi="103" ten="30,1500,0" yaku="8,1" doraHai="63" who="1" fromWho="3" sc="287,0,296,15,149,0,268,-15" /><INIT seed="5,1,0,5,4,118" ten="287,311,149,253" oya="1" hai0="55,105,68,76,20,119,87,67,44,108,57,88,24" hai1="74,50,124,62,134,25,42,85,18,19,66,129,96" hai2="6,117,98,111,31,127,1,83,27,92,36,43,32" hai3="47,120,58,130,15,133,107,71,90,9,40,100,84"/><U125/><E74/><V123/><F117/><W34/><G71/><T99/><D119/><U59/><E134/><V115/><F111/><W45/><G34/><T51/><D108/><U38/><E129/><V29/><F29/><W61/><G133/><T126/><D126/><N who="1" m="48747" /><E38/><V65/><F127/><W13/><G107/><T8/><D8/><U35/><E96/><V131/><F131/><W46/><G100/><T70/><D76/><U72/><E72/><V112/><F83/><W48/><G120/><T39/><D39/><U103/><E103/><V110/><F110/><W14/><G9/><T49/><D99/><U52/><E42/><V33/><F32/><W73/><G73/><T86/><D86/><U22/><E35/><V80/><F80/><N who="3" m="49415" /><G130/><T11/><D11/><U79/><E85/><V56/><F6/><W21/><G21/><T95/><D105/><U114/><E114/><N who="2" m="43563" /><F1/><W116/><G116/><T0/><D0/><U4/><E4/><V26/><F26/><W132/><G132/><T23/><D23/><U30/><E79/><V60/><F43/><W5/><G5/><T121/><D121/><U78/><E78/><V81/><F81/><W69/><G69/><AGARI ba="1,0" hai="18,19,22,25,30,50,52,59,62,66,69" m="48747" machi="69" ten="30,2900,0" yaku="18,1,54,1" doraHai="118" who="1" fromWho="3" sc="287,0,311,32,149,0,253,-32" /><INIT seed="5,2,0,5,5,59" ten="287,343,149,221" oya="1" hai0="51,93,24,85,17,40,66,3,126,44,102,72,94" hai1="65,22,104,64,86,123,55,58,15,80,121,128,61" hai2="56,4,92,129,27,124,70,130,32,88,18,50,14" hai3="101,77,114,62,1,90,103,127,134,135,89,87,11"/><U82/><E104/><V119/><F119/><W60/><G77/><T23/><D72/><U31/><E128/><V68/><F4/><N who="3" m="1423" /><G90/><T10/><D126/><U47/><E80/><V83/><F83/><N who="3" m="49407" /><G127/><T115/><D115/><U30/><E121/><V25/><F124/><W5/><G5/><T132/><D132/><N who="3" m="50729" /><G114/><T113/><D113/><U125/><E125/><V53/><F32/><W36/><G36/><T54/><D3/><U73/><E73/><V105/><F105/><W41/><G41/><T39/><D10/><U21/><E123/><V74/><F74/><W67/><G67/><T7/><D7/><U79/><E65/><V13/><F25/><W91/><G91/><N who="0" m="53487" /><D66/><U107/><E15/><V19/><F27/><W98/><G98/><N who="0" m="59735" /><D39/><U42/><E64/><V97/><F129/><W49/><G49/><T16/><D40/><U43/><E43/><V84/><F130/><W26/><G26/><T37/><D37/><U35/><E107/><V116/><F116/><W133/><G133/><T75/><D75/><U95/><E95/><V120/><F120/><W38/><G38/><T34/><D34/><U122/><E122/><V33/><F33/><W108/><G108/><T45/><D17/><U112/><E112/><V9/><F97/><W117/><G117/><T52/><D54/><U111/><E111/><V20/><AGARI ba="2,0" hai="9,13,14,18,19,20,50,53,56,68,70,84,88,92" machi="20" ten="20,8000,1" yaku="0,1,7,1,25,2,54,1" doraHai="59" who="2" fromWho="2" sc="287,-22,343,-42,149,86,221,-22" /><INIT seed="6,0,0,2,2,67" ten="265,301,235,199" oya="2" hai0="61,109,79,93,71,30,99,32,107,76,41,86,116" hai1="126,66,55,103,9,120,20,35,119,37,2,56,1" hai2="118,22,45,81,21,131,58,40,117,42,115,63,128" hai3="95,38,25,28,6,50,96,64,33,27,134,127,15"/><V94/><F115/><W104/><G38/><T87/><D109/><U111/><E119/><N who="2" m="45579" /><F81/><W16/><G127/><T14/><D41/><N who="2" m="15978" /><F94/><W29/><G134/><T85/><D116/><U73/><E103/><V11/><F11/><W75/><G75/><T8/><D107/><U83/><E9/><V135/><F45/><W31/><G104/><T68/><D30/><N who="3" m="11881" /><G50/><T44/><D32/><U122/><E83/><V5/><F5/><W101/><G64/><T110/><D44/><U24/><E2/><V114/><F114/><W129/><G95/><T82/><D82/><U34/><E1/><V48/><F48/><W18/><G96/><T47/><D47/><U26/><E34/><V49/><F49/><W100/><G101/><T91/><D87/><U12/><E35/><V124/><F124/><W10/><G100/><T105/><D86/><U133/><E126/><V123/><F123/><W3/><G27/><T90/><D105/><U46/><E122/><V43/><N who="2" m="15986" /><V70/><DORA hai="112" /><F135/><W23/><G18/><T88/><D85/><U132/><E133/><V17/><F70/><W59/><G59/><T74/><D71/><U78/><E132/><V125/><F125/><W36/><G36/><T57/><D68/><U13/><E120/><V97/><F97/><W84/><G84/><T102/><D8/><U54/><E37/><V80/><F80/><W121/><G121/><T52/><D14/><U69/><E69/><V4/><F4/><W108/><G108/><T19/><D19/><U113/><E111/><V7/><F7/><W39/><G39/><T65/><D93/><RYUUKYOKU ba="0,0" sc="265,-10,301,-10,235,-10,199,30" hai3="3,6,10,15,16,23,25,31,33,129" /><INIT seed="7,1,0,0,0,46" ten="255,291,225,229" oya="3" hai0="106,109,102,9,65,70,125,14,69,22,49,29,126" hai1="61,111,73,34,38,86,118,1,121,128,5,45,51" hai2="10,16,30,37,101,50,80,87,52,68,113,6,110" hai3="0,28,107,74,79,132,15,116,92,67,114,17,122"/><W117/><G107/><T47/><D109/><U115/><RYUUKYOKU type="yao9" ba="1,0" sc="255,0,291,0,225,0,229,0" hai1="1,5,34,38,45,51,61,73,86,111,115,118,121,128" /><INIT seed="7,2,0,1,5,38" ten="255,291,225,229" oya="3" hai0="92,115,22,121,131,8,39,89,7,96,128,45,104" hai1="18,50,43,53,91,107,11,33,67,69,32,112,83" hai2="31,130,24,48,118,114,3,60,77,30,88,82,111" hai3="44,23,46,94,13,68,97,126,123,119,117,72,20"/><W98/><G68/><T116/><D116/><U9/><E107/><V79/><F111/><W124/><G72/><T56/><D121/><U87/><E112/><V2/><F118/><W78/><G78/><T135/><D135/><U35/><E43/><V122/><F122/><W5/><G123/><T90/><D104/><U95/><E18/><V10/><F114/><W58/><G58/><T26/><D115/><U15/><E15/><V54/><F60/><W1/><G1/><T6/><D56/><U29/><E29/><V133/><F133/><W57/><G57/><T127/><D127/><N who="3" m="48681" /><G119/><T36/><D89/><U19/><E19/><V12/><F130/><N who="0" m="49706" /><D45/><N who="3" m="17513" /><G117/><T93/><D93/><U47/><E95/><V74/><F79/><W81/><G81/><T85/><D36/><U86/><E69/><V75/><F74/><W84/><G84/><T28/><D39/><U64/><E86/><V70/><F70/><W21/><G94/><T101/><D8/><AGARI ba="2,0" hai="5,8,13,20,21,23,97,98" m="17513,48681" machi="8" ten="40,2000,0" yaku="18,1" doraHai="38" who="3" fromWho="0" sc="255,-26,291,0,225,0,229,26" /><INIT seed="7,3,0,3,4,11" ten="229,291,225,255" oya="3" hai0="65,21,23,15,67,19,54,55,114,30,69,130,57" hai1="108,127,47,37,87,60,18,131,32,16,56,34,2" hai2="84,41,134,79,121,91,90,101,22,82,123,66,61" hai3="111,40,9,93,81,95,74,20,102,135,98,125,86"/><W85/><G125/><T112/><D130/><U109/><E2/><V73/><F41/><W17/><G135/><T52/><D69/><U117/><E127/><V122/><F134/><W107/><G107/><T35/><D35/><U33/><E131/><V6/><F6/><W119/><G74/><T31/><D23/><U0/><E0/><V1/><F1/><W129/><G129/><T14/><D14/><U94/><E117/><V45/><F45/><W12/><G40/><T5/><D5/><U128/><E128/><V77/><F101/><W120/><G120/><T75/><D75/><U49/><E37/><V62/><F22/><W105/><G111/><T29/><REACH who="0" step="1"/><D57/><REACH who="0" ten="219,291,225,255" step="2"/><U110/><E56/><V59/><F62/><W103/><G119/><T25/><D25/><U4/><E60/><V83/><AGARI ba="3,1" hai="59,61,66,73,77,79,82,83,84,90,91,121,122,123" machi="83" ten="40,2700,0" yaku="0,1,13,1" doraHai="11" who="2" fromWho="2" sc="219,-10,291,-10,225,46,255,-16" /><INIT seed="8,0,0,0,4,81" ten="209,281,271,239" oya="0" hai0="98,42,64,126,26,58,50,119,99,27,31,56,38" hai1="109,32,61,41,94,33,92,110,133,100,24,9,117" hai2="28,69,1,70,97,71,57,87,123,44,21,75,36" hai3="15,74,116,134,120,79,127,51,104,107,34,106,76"/><T111/><D119/><U96/><E117/><V23/><F123/><W6/><G116/><T17/><D126/><U73/><E73/><V67/><F1/><W40/><G34/><T14/><D111/><U114/><E114/><V80/><F75/><W88/><G74/><T43/><D38/><U86/><E133/><V113/><F113/><W82/><G127/><T18/><D64/><U35/><E41/><V83/><F83/><W19/><G6/><T12/><REACH who="0" step="1"/><D50/><REACH who="0" ten="199,281,271,239" step="2"/><U122/><E109/><V121/><F36/><W112/><G112/><T39/><D39/><U101/><E110/><V60/><F121/><W59/><G120/><T84/><D84/><U20/><E122/><V124/><F124/><W66/><G134/><T132/><D132/><U54/><E86/><V25/><F97/><W30/><G66/><T128/><D128/><U91/><E96/><V16/><F44/><W55/><G51/><T37/><D37/><U10/><E61/><V105/><F71/><W2/><G59/><T135/><D135/><U4/><E54/><V90/><F105/><W5/><G106/><T77/><D77/><U129/><E129/><V63/><F60/><W103/><G107/><T49/><D49/><U11/><E4/><V95/><F80/><W125/><G82/><T3/><D3/><U78/><E78/><V130/><F130/><W52/><G79/><T108/><D108/><U22/><E94/><V45/><F45/><W89/><G125/><T8/><D8/><U85/><E92/><V48/><F48/><W68/><G76/><T102/><D102/><U93/><E100/><RYUUKYOKU ba="0,1" sc="199,15,281,-15,271,15,239,-15" hai0="12,14,17,18,26,27,31,42,43,56,58,98,99" hai2="16,21,23,25,28,57,63,67,69,70,87,90,95" /><INIT seed="8,1,1,2,2,123" ten="214,266,286,224" oya="0" hai0="110,30,2,39,130,70,27,88,20,62,43,96,125" hai1="106,120,129,51,135,78,126,49,34,112,93,83,102" hai2="124,82,76,0,46,36,84,29,48,1,3,121,89" hai3="59,73,72,69,23,13,115,133,74,60,14,116,111"/><T77/><D2/><U15/><E120/><V128/><F121/><W104/><G104/><T92/><D125/><U63/><E34/><V119/><F124/><W117/><G69/><T81/><D130/><U53/><E126/><V41/><F128/><W24/><G115/><T16/><D110/><U87/><E129/><V113/><F113/><W4/><G133/><T109/><D109/><U7/><E106/><V67/><F67/><N who="3" m="39327" /><G4/><T35/><D39/><U132/><E112/><V66/><F66/><W94/><G94/><T91/><D43/><U18/><E7/><V58/><F29/><N who="3" m="17567" /><G111/><T97/><D62/><U47/><E49/><V75/><F119/><AGARI ba="1,1" hai="13,14,72,73,74,116,117,119" m="17567,39327" machi="119" ten="40,1300,0" yaku="16,1" doraHai="123" who="3" fromWho="2" sc="214,0,266,0,286,-16,224,26" /><INIT seed="9,0,0,2,3,26" ten="214,266,270,250" oya="1" hai0="10,124,90,38,4,117,73,23,89,5,7,12,21" hai1="70,92,99,88,69,68,111,125,77,126,110,63,30" hai2="42,121,86,101,67,50,1,43,22,2,119,64,130" hai3="32,59,134,109,8,34,19,44,55,13,66,116,104"/><U24/><E77/><V56/><F121/><W107/><G109/><N who="1" m="41482" /><E63/><V6/><F6/><W108/><G134/><T132/><D132/><U128/><E128/><V16/><F130/><W74/><G74/><T15/><D38/><U114/><E114/><V96/><F119/><W133/><G107/><T48/><D117/><U31/><E31/><V120/><F120/><W72/><G104/><T41/><D73/><U36/><E36/><V94/><F2/><W80/><G72/><T9/><D124/><U37/><E37/><V25/><F1/><W71/><G71/><T93/><D5/><U84/><E84/><V76/><F43/><W11/><G133/><T53/><D41/><U97/><E97/><V46/><F56/><W82/><G59/><T105/><D105/><U118/><E118/><V57/><F57/><W87/><G87/><T28/><D28/><U129/><E129/><V20/><F20/><AGARI ba="0,0" hai="20,24,30,68,69,70,88,92,99,125,126" m="41482" machi="20" ten="40,7700,0" yaku="10,1,52,1,54,1" doraHai="26" who="1" fromWho="2" sc="214,0,266,77,270,-77,250,0" owari="214,-19.0,343,45.0,193,-31.0,250,5.0" /></mjloggm>