<mjloggm ver="2.3"><GO type="169" lobby="0"/><UN n0="%E3%83%88%E3%83%88%E3%83%AA%E5%85%88%E7%94%9F%31%39%E6%AD%B3" n1="%E3%81%8D%E3%81%97%E3%82%8A%E3%81%A3%E3%81%97%E3%82%85" n2="%4D%49%40%34%32%38" n3="%E3%81%84%E3%81%9F%E3%83%92%E3%83%AD" dan="19,17,18,16" rate="2276.07,2108.11,2247.76,2088.96" sx="F,M,M,M"/><TAIKYOKU oya="0"/><INIT seed="0,0,0,5,4,116" ten="250,250,250,250" oya="0" hai0="100,85,101,13,17,88,90,15,12,76,11,86,96" hai1="92,6,36,22,53,99,75,7,89,82,110,64,16" hai2="129,4,38,97,18,8,52,133,27,1,40,131,114" hai3="71,10,118,9,25,134,117,29,48,94,91,21,87"/><T37/><D37/><U63/><E36/><V56/><F114/><W44/><G71/><T35/><D35/><U41/><E41/><V123/><F133/><W104/><G104/><T68/><D68/><U5/><E110/><V65/><F65/><W126/><G134/><T93/><D76/><U122/><E53/><V46/><F97/><W32/><G126/><T108/><D108/><U60/><E122/><V62/><REACH who="2" step="1"/><F123/><REACH who="2" ten="250,250,240,250" step="2"/><W130/><G130/><T78/><D78/><U47/><E64/><V106/><F106/><W135/><G135/><T26/><D96/><U124/><E124/><V14/><F14/><N who="0" m="5738" /><D26/><U23/><E99/><V67/><F67/><W119/><REACH who="3" step="1"/><G32/><REACH who="3" ten="250,250,240,240" step="2"/><T81/><AGARI ba="0,2" hai="11,15,17,81,85,86,88,90,93,100,101" m="5738" machi="81" ten="30,3000,0" yaku="8,1,54,1" doraHai="116" who="0" fromWho="0" sc="250,50,250,-10,240,-10,240,-10" /><INIT seed="0,1,0,5,4,1" ten="300,240,230,230" oya="0" hai0="53,12,77,45,67,105,102,81,4,6,47,134,50" hai1="78,59,86,132,66,25,130,123,106,119,62,15,116" hai2="27,44,125,55,18,135,126,121,87,98,112,46,114" hai3="57,58,26,17,65,127,68,95,23,122,74,52,64"/><T14/><D134/><U113/><E106/><V21/><F121/><W80/><G68/><T22/><D67/><U42/><E42/><V97/><F135/><W108/><G122/><T104/><D102/><U48/><E48/><N who="2" m="29063" /><F46/><W3/><G3/><T117/><D117/><U16/><E25/><V10/><F87/><W29/><G108/><T124/><D124/><N who="2" m="47722" /><F10/><W54/><G127/><T30/><D47/><U35/><E123/><V73/><F73/><W76/><G95/><T19/><D105/><U60/><E132/><V107/><F107/><W71/><G71/><T100/><D30/><U99/><E99/><AGARI ba="1,0" hai="18,21,27,97,98,99,112,114" m="47722,29063" machi="99" ten="30,1000,0" yaku="18,1" doraHai="1" who="2" fromWho="1" sc="300,0,240,-13,230,13,230,0" /><INIT seed="1,0,0,5,3,75" ten="300,227,243,230" oya="1" hai0="83,11,82,127,104,7,134,63,23,96,93,72,114" hai1="118,130,5,53,105,126,12,36,73,30,20,19,54" hai2="131,13,25,6,119,8,41,97,47,77,52,42,56" hai3="120,31,121,128,32,17,26,3,81,43,125,21,101"/><U133/><E105/><V106/><F119/><W71/><G71/><T112/><D104/><U28/><E118/><V107/><F131/><W60/><G128/><T44/><D134/><U49/><E36/><V87/><F25/><W4/><G125/><T46/><D127/><U94/><E133/><V35/><F35/><W90/><G101/><T78/><D23/><U29/><E126/><V95/><F106/><W100/><G100/><T9/><D63/><U70/><E70/><V132/><F107/><W50/><G60/><T66/><D66/><U80/><E130/><V33/><F33/><W98/><G43/><T111/><D111/><U117/><E117/><V85/><F132/><W67/><G67/><T51/><D82/><U123/><E123/><V45/><F42/><W37/><G37/><T84/><D72/><U27/><E94/><V38/><F47/><W116/><G50/><T10/><D7/><U108/><E108/><V57/><F77/><W16/><G17/><T2/><D2/><U89/><E49/><V64/><F64/><W15/><G116/><T48/><D48/><U69/><E69/><V113/><F113/><W65/><G65/><T0/><D0/><U58/><E58/><V40/><F57/><W135/><G135/><T99/><D93/><U55/><E73/><V110/><F40/><W61/><G121/><T34/><D34/><N who="1" m="20767" /><E5/><V86/><F110/><W109/><G109/><T59/><D59/><U24/><E24/><V18/><F6/><W88/><G4/><T79/><D51/><U39/><E39/><V74/><F74/><W122/><G122/><RYUUKYOKU ba="0,0" sc="300,-10,227,30,243,-10,230,-10" hai1="12,19,20,29,30,53,54,55,80,89" /><INIT seed="1,1,0,3,3,93" ten="290,257,233,220" oya="1" hai0="121,75,60,92,128,72,19,20,48,131,26,11,113" hai1="54,77,23,35,16,71,103,68,2,69,83,125,53" hai2="46,22,24,51,133,5,85,64,88,123,78,100,129" hai3="80,86,7,10,43,25,30,74,56,29,106,96,6"/><U0/><E35/><V109/><F123/><W135/><G74/><T79/><D113/><U120/><E125/><V134/><F109/><W91/><G135/><T37/><D37/><U107/><E120/><V127/><F127/><W116/><G116/><T104/><D104/><U27/><E54/><V1/><F129/><N who="0" m="49738" /><D121/><U90/><E90/><V65/><F78/><W111/><G111/><T42/><D79/><U70/><N who="1" m="17408" /><DORA hai="73" /><U58/><E103/><V17/><F100/><W89/><G43/><T49/><D60/><U40/><E40/><V67/><F5/><W122/><G122/><T9/><D49/><U18/><E18/><V114/><F1/><W50/><G6/><T87/><D75/><U44/><E44/><V108/><F114/><W101/><G91/><N who="0" m="53375" /><D72/><U62/><REACH who="1" step="1"/><E107/><REACH who="1" ten="290,247,233,220" step="2"/><V94/><REACH who="2" step="1"/><F108/><REACH who="2" ten="290,247,223,220" step="2"/><W132/><G101/><T57/><D42/><AGARI ba="1,2" hai="17,22,24,42,46,51,64,65,67,85,88,94,133,134" machi="42" ten="40,5200,0" yaku="1,1,2,1,54,1,53,0" doraHai="93,73" doraHaiUra="118,97" who="2" fromWho="0" sc="290,-55,247,0,223,75,220,0" /><INIT seed="2,0,0,1,2,67" ten="235,247,298,220" oya="2" hai0="24,14,116,72,33,7,93,6,31,87,114,58,61" hai1="3,9,111,13,26,132,27,92,46,106,56,129,4" hai2="18,103,51,45,76,29,15,107,38,12,68,1,122" hai3="78,123,128,97,66,121,19,79,41,25,135,36,8"/><V112/><F112/><W75/><G135/><T42/><D114/><U84/><E106/><V83/><F122/><W73/><G66/><T130/><D72/><U120/><E46/><V62/><F1/><W74/><G128/><T23/><D130/><U110/><E129/><V81/><F38/><W117/><G117/><T39/><D116/><U5/><E56/><V55/><F29/><W44/><G97/><T35/><D42/><U10/><E92/><V48/><F48/><W115/><G115/><T90/><D39/><U22/><E84/><V0/><F0/><W59/><G59/><T49/><D49/><U40/><E40/><V108/><F108/><N who="1" m="41513" /><E132/><V118/><F118/><W54/><G54/><T133/><D133/><U63/><E63/><V17/><F107/><W98/><G98/><T77/><D77/><U52/><E52/><V2/><F2/><W53/><G53/><T102/><D102/><U82/><E82/><V126/><F126/><W43/><G43/><T96/><D87/><U134/><E134/><V65/><F103/><W16/><G79/><T60/><D60/><U64/><E64/><V104/><F104/><W94/><G94/><T113/><D113/><U28/><E26/><V50/><F50/><W32/><G78/><T71/><D58/><U21/><E120/><V57/><F57/><W30/><G123/><T89/><D89/><U99/><E99/><V37/><F37/><W47/><G47/><T95/><D96/><U69/><E69/><V80/><REACH who="2" step="1"/><F76/><REACH who="2" ten="235,247,288,220" step="2"/><W86/><G121/><T100/><D100/><U70/><E70/><V20/><F20/><AGARI ba="0,1" hai="3,4,5,9,10,13,20,21,22,27,28" m="41513" machi="20" ten="30,7700,0" yaku="6,1,14,1,34,2" doraHai="67" who="1" fromWho="2" sc="235,0,247,87,288,-77,220,0" /><INIT seed="3,0,0,5,5,19" ten="235,334,211,220" oya="3" hai0="58,98,80,53,62,89,12,49,1,34,46,111,44" hai1="76,69,93,106,90,81,99,74,73,94,91,96,125" hai2="59,31,82,55,103,95,102,30,128,66,41,132,9" hai3="71,26,119,121,37,124,134,114,17,123,27,43,100"/><W52/><G71/><T13/><D1/><U33/><E33/><V3/><F128/><W65/><G65/><T86/><D34/><U133/><E69/><V68/><F132/><W122/><G119/><T21/><D111/><U63/><E133/><V64/><F41/><W83/><G134/><T130/><D130/><U116/><E63/><V10/><F82/><W40/><G114/><T25/><D98/><N who="1" m="57655" /><E116/><V16/><F3/><W67/><G67/><T85/><D85/><N who="1" m="48295" /><E125/><V108/><F108/><W4/><G4/><T78/><D78/><U129/><E129/><V38/><F38/><W92/><G124/><T22/><D46/><U115/><E115/><V131/><F131/><W77/><G37/><T112/><D112/><U47/><E47/><V127/><F127/><W14/><G92/><T6/><D6/><U15/><E15/><N who="0" m="5705" /><D25/><U117/><E117/><V56/><F68/><W2/><G2/><T88/><D89/><U105/><E99/><V75/><F75/><AGARI ba="0,0" hai="73,74,75,91,94,96,105,106" m="48295,57655" machi="75" ten="30,8000,1" yaku="35,5" doraHai="19" who="1" fromWho="2" sc="235,0,334,80,211,-80,220,0" /><INIT seed="4,0,0,0,0,38" ten="235,414,131,220" oya="0" hai0="97,101,5,6,85,27,57,133,66,87,3,134,84" hai1="116,119,126,34,99,46,92,42,95,105,22,49,91" hai2="17,104,24,78,129,53,18,89,40,108,68,36,102" hai3="121,7,79,130,4,98,106,77,55,86,125,83,76"/><T28/><D66/><U1/><E34/><V70/><F108/><W93/><G106/><T19/><D19/><U73/><E1/><V0/><F0/><W109/><G109/><T44/><D57/><U9/><E9/><V124/><F124/><W88/><G125/><T2/><D2/><U82/><E46/><V62/><F129/><W25/><G130/><T14/><D3/><U61/><E22/><V110/><F110/><W31/><G121/><T8/><D6/><U114/><E92/><V48/><F78/><W113/><G113/><T107/><REACH who="0" step="1"/><D44/><REACH who="0" ten="225,414,131,220" step="2"/><U43/><E126/><V50/><F18/><W115/><G115/><T74/><D74/><U112/><E73/><V37/><F17/><W65/><G65/><T56/><D56/><U58/><E58/><V59/><F59/><W51/><G4/><T128/><D128/><U64/><E64/><V122/><F122/><W39/><G7/><T16/><D16/><U45/><E45/><V94/><F62/><W100/><G39/><T90/><D90/><U72/><E91/><V47/><F89/><W41/><G88/><T67/><D67/><U69/><E61/><V117/><F37/><W13/><G25/><T131/><D131/><U52/><E114/><V135/><F24/><W35/><G13/><T12/><D12/><U26/><E26/><V123/><F36/><W127/><G127/><T80/><D80/><U33/><E82/><V60/><F60/><W29/><G83/><T21/><AGARI ba="0,1" hai="5,8,14,21,27,28,84,85,87,97,101,107,133,134" machi="21" ten="30,6000,0" yaku="1,1,0,1,53,1" doraHai="38" doraHaiUra="96" who="0" fromWho="0" sc="225,70,414,-20,131,-20,220,-20" /><INIT seed="4,1,0,3,4,100" ten="295,394,111,200" oya="0" hai0="15,107,106,102,85,77,10,78,53,31,103,84,65" hai1="87,105,0,61,56,66,98,16,9,49,115,130,47" hai2="94,1,97,39,79,133,131,92,44,27,52,70,41" hai3="64,68,125,76,30,48,24,121,19,134,119,40,80"/><T90/><D31/><U21/><E87/><V114/><F1/><W36/><G119/><T89/><D65/><U74/><E74/><V67/><F114/><W81/><G121/><T127/><D53/><U28/><E28/><V111/><F111/><W17/><G36/><T83/><D15/><U116/><E116/><V60/><F133/><W104/><G134/><T11/><REACH who="0" step="1"/><D83/><REACH who="0" ten="285,394,111,200" step="2"/><U123/><E66/><V23/><F52/><W37/><G80/><T112/><D112/><U88/><E115/><V113/><F113/><W86/><G30/><T101/><D101/><U38/><E123/><V109/><F67/><W93/><G81/><T129/><D129/><U122/><E130/><V118/><F131/><W46/><G64/><T124/><AGARI ba="1,1" hai="10,11,77,78,84,85,89,90,102,103,106,107,124,127" machi="124" ten="25,24000,3" yaku="1,1,0,1,22,2,52,2,53,2" doraHai="100" doraHaiUra="82" who="0" fromWho="0" sc="285,253,394,-81,111,-81,200,-81" /><INIT seed="4,2,0,5,3,127" ten="538,313,30,119" oya="0" hai0="44,17,12,64,5,74,72,126,42,115,39,75,22" hai1="48,26,6,88,116,37,117,95,4,134,13,96,129" hai2="29,53,34,60,15,67,80,97,121,28,24,118,82" hai3="54,36,120,52,114,45,30,69,128,101,87,19,83"/><T58/><D126/><U111/><E37/><V122/><F118/><W90/><G69/><T62/><REACH who="0" step="1"/><D5/><REACH who="0" ten="528,313,30,119" step="2"/><U7/><E4/><V100/><F122/><W79/><G120/><T132/><D132/><U130/><E6/><V25/><F121/><W20/><G114/><AGARI ba="2,1" hai="12,17,22,39,42,44,58,62,64,72,74,75,114,115" machi="114" ten="50,4800,0" yaku="1,1,53,1" doraHai="127" doraHaiUra="41" who="0" fromWho="3" sc="528,64,313,0,30,0,119,-54" /><INIT seed="4,3,0,1,5,51" ten="592,313,30,65" oya="0" hai0="38,97,116,14,115,81,19,128,95,1,90,82,26" hai1="131,111,53,10,110,49,41,31,101,99,83,17,69" hai2="133,98,27,52,106,121,114,124,44,39,118,125,78" hai3="117,40,119,54,108,57,13,72,20,62,36,28,2"/><T64/><D116/><U7/><E131/><V109/><F78/><W80/><G2/><T104/><D1/><U61/><E41/><N who="2" m="22591" /><F27/><W91/><G108/><T77/><D128/><U22/><E31/><V129/><F98/><W8/><G36/><T84/><D115/><U29/><E29/><V6/><F6/><W34/><G40/><T122/><D122/><U130/><E83/><V45/><F106/><W3/><G34/><T126/><D126/><N who="2" m="48746" /><F129/><W93/><G3/><T89/><D38/><U120/><E61/><V55/><F121/><W127/><G127/><T12/><D64/><U30/><E69/><V88/><F88/><W50/><G62/><T5/><D104/><U48/><E30/><V35/><F35/><W71/><G71/><T75/><D5/><U70/><E70/><V43/><F114/><W16/><G28/><T113/><D113/><U4/><E4/><V74/><F74/><W86/><G8/><T15/><REACH who="0" step="1"/><D26/><REACH who="0" ten="582,313,30,65" step="2"/><U47/><E120/><V18/><F118/><W25/><G25/><T33/><D33/><U65/><E65/><V66/><F66/><W11/><G119/><T123/><D123/><U100/><E130/><V94/><F109/><W135/><G117/><T59/><D59/><U134/><E111/><V87/><F133/><W46/><G57/><T92/><D92/><U42/><E110/><V103/><F94/><W24/><G135/><T112/><D112/><U96/><E134/><V102/><F45/><W76/><G24/><T58/><D58/><U23/><E47/><V132/><F132/><W63/><G46/><T85/><D85/><RYUUKYOKU ba="3,1" sc="582,30,313,-10,30,-10,65,-10" hai0="12,14,15,19,75,77,81,82,84,89,90,95,97" /><INIT seed="4,4,1,2,3,81" ten="612,303,20,55" oya="0" hai0="108,3,80,98,126,82,13,99,71,84,39,103,105" hai1="21,115,97,95,94,23,77,34,69,67,56,44,90" hai2="48,61,102,134,26,119,5,128,130,62,31,17,120" hai3="133,40,132,22,88,15,131,74,92,65,10,9,49"/><T54/><D3/><U93/><E34/><V100/><F120/><W37/><G74/><T25/><D71/><U118/><E69/><V127/><F127/><W2/><G37/><T63/><D39/><U57/><E77/><V35/><F134/><N who="3" m="51819" /><G131/><T8/><D126/><U16/><E23/><V1/><F119/><W41/><G65/><T116/><D116/><U59/><E115/><V46/><F17/><N who="3" m="10559" /><G49/><T68/><D108/><U45/><E67/><V33/><F33/><W129/><G129/><N who="2" m="49769" /><F5/><N who="3" m="1207" /><G10/><T60/><D68/><U42/><E118/><V72/><F72/><W0/><G0/><T91/><D54/><U76/><E42/><N who="2" m="24663" /><F1/><W55/><G55/><T112/><D112/><U32/><E32/><V85/><F85/><AGARI ba="4,1" hai="40,41,85,88,92" m="1207,10559,51819" machi="85" ten="30,3900,0" yaku="20,1,52,1,54,1" doraHai="81" who="3" fromWho="2" sc="612,0,303,0,20,-51,55,61" owari="612,71.0,303,10.0,-31,-53.0,116,-28.0" /></mjloggm>