<mjloggm ver="2.3"><GO type="169" lobby="0"/><UN n0="%E3%83%8B%E3%83%A3%E3%83%83%E3%83%94%E3%83%BC%E5%A4%8F%E7%9B%AE" n1="%E3%83%88%E3%83%88%E3%83%AA%E5%85%88%E7%94%9F%31%39%E6%AD%B3" n2="%E7%89%9B%E9%A6%AC" n3="%E3%82%A4%E3%83%8B%E3%82%A8%E3%82%B9%E3%82%BF" dan="18,19,16,18" rate="2247.66,2260.85,2121.56,2176.46" sx="M,F,M,M"/><TAIKYOKU oya="0"/><INIT seed="0,0,0,0,3,82" ten="250,250,250,250" oya="0" hai0="106,57,37,31,51,39,79,93,23,130,112,58,120" hai1="7,105,84,62,60,12,129,66,76,0,118,15,74" hai2="49,18,35,28,96,25,40,88,33,81,67,30,44" hai3="46,134,78,91,24,99,94,59,54,42,124,22,64"/><T103/><D120/><U2/><E118/><V111/><F111/><W102/><G134/><T113/><D106/><U16/><E105/><V83/><F67/><W32/><G32/><T117/><D117/><U9/><E74/><V90/><F18/><W75/><G124/><T1/><D1/><U126/><E126/><V6/><F6/><W92/><G75/><T17/><D31/><U132/><E129/><V14/><F14/><W108/><G78/><T104/><D104/><U116/><E132/><V131/><F131/><W55/><G108/><T125/><D79/><U80/><E116/><V47/><F47/><W52/><G64/><T115/><D125/><U89/><E76/><V73/><F73/><W36/><G59/><N who="0" m="22539" /><D51/><U50/><E50/><V4/><F4/><W98/><REACH who="3" step="1"/><G55/><REACH who="3" ten="250,250,250,240" step="2"/><T110/><D110/><U13/><E2/><V41/><F35/><W72/><G72/><T11/><D130/><U61/><REACH who="1" step="1"/><E66/><REACH who="1" ten="250,240,250,240" step="2"/><V100/><F33/><W65/><G65/><T95/><D113/><U114/><E114/><V21/><F49/><W87/><G87/><T26/><D112/><U68/><E68/><V85/><F85/><W38/><G38/><T128/><D115/><U135/><E135/><V5/><F44/><W56/><G56/><T101/><D39/><U34/><E34/><V53/><F53/><W10/><G10/><AGARI ba="0,2" hai="0,7,9,10,12,13,15,16,60,61,62,80,84,89" machi="10" ten="40,5200,0" yaku="1,1,52,1,54,1,53,0" doraHai="82" doraHaiUra="43" who="1" fromWho="3" sc="250,0,240,72,250,0,240,-52" /><INIT seed="1,0,0,2,3,96" ten="250,312,250,188" oya="1" hai0="65,0,111,97,72,25,117,121,116,95,119,32,130" hai1="6,59,46,120,83,36,92,44,52,67,20,24,118" hai2="60,39,78,30,69,9,133,101,56,102,23,43,34" hai3="71,37,15,27,107,50,89,3,14,41,35,99,55"/><U79/><E118/><V93/><F69/><W73/><G3/><T63/><D111/><U94/><E120/><V48/><F34/><W2/><G2/><T76/><D130/><U87/><E6/><V19/><F39/><W51/><G73/><T88/><D0/><U131/><E131/><V125/><F125/><W124/><G124/><T54/><D121/><U33/><E33/><V61/><F78/><W126/><G37/><T29/><D54/><U68/><E68/><V66/><F93/><N who="1" m="35945" /><E67/><V113/><F113/><W129/><G89/><T11/><D11/><U81/><E81/><V105/><F105/><W45/><G71/><T90/><D90/><U64/><E64/><V57/><F133/><W103/><G126/><T115/><D115/><U62/><E36/><V98/><F98/><W134/><G134/><T53/><D53/><U106/><E106/><V22/><F9/><W135/><G135/><T132/><D132/><U4/><E4/><V114/><F114/><W58/><REACH who="3" step="1"/><G129/><REACH who="3" ten="250,312,250,178" step="2"/><T12/><D72/><U74/><E74/><V91/><F91/><W122/><G122/><T104/><D117/><U123/><E123/><V40/><F66/><W77/><G77/><T13/><D76/><U38/><E38/><V75/><F75/><W110/><G110/><T127/><D127/><U1/><E1/><V84/><F84/><W109/><G109/><T5/><D116/><U100/><E79/><V108/><F108/><W82/><G82/><T16/><D119/><U28/><E83/><V18/><F48/><W42/><G42/><T10/><D65/><U8/><E87/><RYUUKYOKU ba="0,1" sc="250,-15,312,-15,250,15,178,15" hai2="18,19,22,23,30,40,43,56,57,60,61,101,102" hai3="14,15,27,35,41,45,50,51,55,58,99,103,107" /><INIT seed="2,1,1,0,0,53" ten="235,297,265,193" oya="2" hai0="11,126,76,18,107,14,80,25,130,56,92,19,117" hai1="115,131,84,60,34,7,91,102,110,104,105,68,88" hai2="69,103,12,35,26,127,50,94,6,4,75,42,89" hai3="79,82,129,65,133,78,93,20,32,33,121,63,95"/><V113/><F113/><W24/><G121/><T36/><D107/><U86/><E34/><V114/><F114/><W72/><G79/><T128/><D126/><U132/><E115/><V31/><F75/><W108/><G108/><T83/><D36/><U16/><E110/><V109/><F109/><W122/><G133/><T46/><D46/><U67/><E132/><V119/><F119/><W58/><G129/><N who="0" m="49771" /><D92/><U49/><E131/><V66/><F127/><W59/><G122/><T73/><D117/><U62/><E7/><V55/><F42/><W106/><G106/><T98/><D98/><U54/><E62/><V39/><F103/><W22/><G22/><N who="0" m="13535" /><D80/><U112/><E112/><V3/><F3/><W64/><G93/><T45/><D45/><U135/><E135/><V85/><F39/><W9/><G9/><T87/><D56/><U116/><E116/><V21/><F69/><W37/><G95/><T71/><D71/><U10/><E86/><AGARI ba="1,1" hai="11,14,18,73,76,83,86,87" m="13535,49771" machi="86" ten="30,1000,0" yaku="19,1" doraHai="53" who="0" fromWho="1" sc="235,23,297,-13,265,0,193,0" /><INIT seed="3,0,0,0,2,34" ten="258,284,265,193" oya="3" hai0="45,132,46,40,14,71,130,118,105,5,8,20,116" hai1="26,127,90,65,89,135,2,36,44,4,82,88,83" hai2="103,68,111,70,57,100,56,7,6,120,11,22,79" hai3="95,52,126,114,102,85,78,72,54,123,62,108,31"/><W33/><G114/><T35/><D35/><U96/><E135/><V39/><F79/><W131/><G123/><T86/><D71/><U66/><E127/><V122/><F39/><W15/><G126/><T80/><D105/><U119/><E119/><V110/><F22/><W98/><G72/><T37/><D132/><U24/><E96/><V28/><REACH who="2" step="1"/><F11/><REACH who="2" ten="258,284,255,193" step="2"/><W133/><G133/><T121/><D116/><U17/><E36/><V106/><F106/><W69/><G78/><T30/><D118/><U1/><E89/><V81/><F81/><W104/><G104/><T3/><D20/><U99/><E83/><V73/><F73/><W134/><G134/><T107/><D8/><U67/><E90/><V87/><F87/><W25/><G85/><T48/><D86/><U63/><E82/><V51/><F51/><W21/><G21/><T43/><D80/><U13/><E88/><V76/><F76/><W29/><G33/><T91/><D91/><U55/><E63/><V9/><F9/><W129/><G62/><T18/><D107/><U59/><E24/><V38/><F38/><W41/><G25/><T125/><D37/><U27/><E26/><V12/><F12/><W94/><G15/><T112/><D14/><U16/><E27/><V128/><F128/><W84/><G84/><T32/><D130/><U60/><E13/><V19/><F19/><N who="1" m="7241" /><E4/><V23/><F23/><W50/><G129/><T49/><D5/><U77/><E77/><V64/><F64/><N who="1" m="24681" /><E99/><V10/><F10/><W109/><G131/><T93/><D32/><U97/><E97/><V74/><F74/><RYUUKYOKU ba="0,1" sc="258,-15,284,15,255,15,193,-15" hai1="1,2,44,55,59,60,67" hai2="6,7,28,56,57,68,70,100,103,110,111,120,122" /><INIT seed="4,1,1,5,5,81" ten="243,299,270,178" oya="0" hai0="28,89,91,22,62,1,96,128,124,117,130,9,77" hai1="116,94,5,92,57,82,114,55,87,30,134,51,37" hai2="21,122,16,103,24,66,36,35,76,109,131,127,126" hai3="2,58,99,100,26,133,46,4,56,31,68,107,74"/><T7/><D117/><U44/><E116/><V72/><F122/><W19/><G133/><T90/><D124/><N who="2" m="47658" /><F109/><W83/><G68/><T88/><D77/><U17/><E134/><V102/><F36/><W29/><G29/><T54/><N who="0" m="22528" /><DORA hai="85" /><T67/><D96/><U3/><E114/><V110/><F131/><N who="0" m="50218" /><D54/><U135/><E55/><V25/><F110/><W14/><G99/><T0/><D28/><U71/><E30/><N who="2" m="19919" /><F66/><W15/><G31/><T27/><D27/><U69/><E92/><V73/><F72/><W52/><G74/><T84/><D84/><U75/><E87/><V115/><F115/><W78/><G26/><T129/><D129/><U49/><E94/><V32/><F32/><W120/><G78/><T108/><D108/><U47/><E75/><V97/><F97/><W112/><G112/><T123/><D22/><U101/><E135/><V80/><AGARI ba="1,1" hai="16,21,24,73,76,80,102,103" m="19919,47658" machi="80" ten="30,2000,0" yaku="18,1,54,1" doraHai="81,85" who="2" fromWho="2" sc="243,-11,299,-6,270,33,178,-6" /><INIT seed="5,0,0,0,1,27" ten="232,293,303,172" oya="1" hai0="19,131,77,70,7,102,56,43,14,91,32,118,46" hai1="68,63,104,1,35,83,125,92,114,109,107,88,69" hai2="101,135,6,51,103,20,99,111,66,113,9,5,108" hai3="105,89,85,30,72,87,0,120,121,23,39,17,4"/><U48/><E114/><V74/><F66/><W10/><G72/><T119/><D70/><U97/><E1/><V24/><F74/><W37/><G105/><T31/><D77/><U128/><E128/><V12/><F135/><W29/><G39/><T38/><D131/><U47/><E125/><V60/><F5/><W84/><G37/><T22/><D102/><U18/><E109/><V67/><F51/><W90/><G90/><T80/><D7/><U33/><E107/><V76/><F103/><W59/><G59/><T96/><D56/><U36/><E36/><V106/><F76/><W122/><REACH who="3" step="1"/><G89/><REACH who="3" ten="232,293,303,162" step="2"/><T25/><REACH who="0" step="1"/><D80/><REACH who="0" ten="222,293,303,162" step="2"/><U62/><E69/><V115/><F115/><W79/><G79/><T112/><D112/><U28/><E68/><V117/><F113/><W95/><G95/><AGARI ba="0,2" hai="14,19,22,25,31,32,38,43,46,91,95,96,118,119" machi="95" ten="40,2600,0" yaku="1,1,52,1,53,0" doraHai="27" doraHaiUra="81" who="0" fromWho="3" sc="222,46,293,0,303,0,162,-26" /><INIT seed="6,0,0,3,3,46" ten="268,293,303,136" oya="2" hai0="5,109,4,126,54,75,70,30,86,107,3,56,28" hai1="10,135,125,97,36,133,72,117,15,103,129,43,55" hai2="33,59,80,50,60,122,116,121,16,87,132,102,92" hai3="19,69,35,84,62,58,81,85,20,113,31,21,51"/><V1/><F116/><W77/><G35/><T47/><D75/><U34/><E117/><V104/><F104/><W89/><G69/><T94/><D107/><U120/><E34/><V78/><F33/><W99/><G113/><T6/><D70/><U24/><E72/><V18/><F1/><W44/><G99/><T110/><D3/><U131/><E24/><V123/><F132/><N who="1" m="50761" /><E125/><V98/><REACH who="2" step="1"/><F50/><REACH who="2" ten="268,293,293,136" step="2"/><W26/><G62/><T83/><D126/><U134/><E134/><V23/><F23/><W37/><G37/><T124/><D124/><U108/><E36/><V76/><F76/><W115/><G115/><T48/><D110/><U27/><E129/><V2/><F2/><W114/><G114/><T40/><D109/><U53/><E131/><V96/><F96/><W74/><G58/><T13/><D56/><U7/><E108/><V88/><F88/><W100/><G100/><T12/><D48/><U61/><E97/><V49/><F49/><W111/><G111/><T11/><D47/><U71/><E103/><V29/><F29/><W39/><G39/><T65/><D30/><U45/><E71/><V41/><F41/><W52/><REACH who="3" step="1"/><G89/><REACH who="3" ten="268,293,293,126" step="2"/><N who="0" m="53559" /><D40/><U118/><E43/><V119/><F119/><W82/><G82/><T91/><D83/><U42/><E118/><V63/><F63/><W8/><G8/><T79/><D91/><U57/><E42/><V38/><F38/><W0/><G0/><T66/><D11/><U9/><E9/><V95/><F95/><W106/><G106/><T127/><D127/><U67/><E61/><V101/><F101/><W64/><G64/><AGARI ba="0,2" hai="16,18,59,60,64,78,80,87,92,98,102,121,122,123" machi="64" ten="40,12000,1" yaku="1,1,6,1,54,1,53,1" doraHai="46" doraHaiUra="93" who="2" fromWho="3" sc="268,0,293,0,293,140,126,-120" /><INIT seed="6,1,0,0,5,111" ten="268,293,433,6" oya="2" hai0="28,67,70,63,102,105,89,104,44,124,71,45,122" hai1="97,11,98,112,25,79,12,56,4,1,49,118,50" hai2="47,96,109,13,14,106,76,82,119,51,6,107,91" hai3="87,69,23,90,9,16,57,54,34,74,8,101,125"/><V133/><F119/><W129/><G34/><T95/><D122/><U80/><E118/><V33/><F33/><W100/><G69/><T110/><D110/><U115/><E25/><V5/><F109/><W66/><G74/><T114/><D71/><U20/><E20/><V117/><F133/><W0/><G66/><T132/><D132/><U93/><E1/><V39/><F39/><W116/><G116/><T65/><D65/><U85/><E97/><V43/><F91/><W2/><G2/><T81/><D81/><U58/><E50/><V3/><F3/><W53/><G129/><T40/><D124/><U68/><E68/><V31/><F31/><W134/><G134/><T7/><D7/><U52/><REACH who="1" step="1"/><E58/><REACH who="1" ten="268,283,433,6" step="2"/><V99/><F96/><W27/><G125/><T17/><D70/><U127/><E127/><V60/><F99/><W75/><G75/><T78/><D28/><U94/><E94/><V128/><F51/><N who="3" m="30911" /><G0/><T10/><D104/><U42/><E42/><V84/><F43/><W19/><G54/><T22/><D40/><U21/><E21/><V29/><F107/><W113/><G113/><T55/><D22/><U18/><E18/><V72/><F106/><W73/><G73/><T37/><D114/><U77/><E77/><V131/><F76/><W135/><G135/><T103/><D78/><U38/><E38/><V59/><F72/><W126/><G126/><T120/><D105/><U35/><E35/><V86/><F128/><W123/><G123/><T108/><D120/><U32/><E32/><V61/><F131/><W83/><G19/><T64/><D17/><RYUUKYOKU ba="1,1" sc="268,-15,283,15,433,-15,6,15" hai1="4,11,12,49,52,56,79,80,85,93,98,112,115" hai3="8,9,16,23,27,83,87,90,100,101" /><INIT seed="7,2,1,4,3,0" ten="253,298,418,21" oya="3" hai0="12,72,56,81,4,113,23,25,54,41,130,30,132" hai1="6,24,80,104,63,109,66,67,33,16,7,49,77" hai2="133,126,37,86,111,1,58,134,108,28,50,107,40" hai3="114,55,52,14,60,9,43,116,102,32,98,128,39"/><W62/><G116/><T127/><D127/><U92/><E104/><V112/><F37/><W124/><G32/><T101/><D130/><U19/><E109/><V2/><F107/><W13/><G128/><T74/><D132/><U18/><E92/><V20/><F126/><W8/><G124/><T34/><D101/><U53/><E33/><V42/><F86/><W5/><G114/><T15/><D41/><U82/><E24/><V38/><F58/><W83/><G83/><N who="1" m="31786" /><E77/><V75/><F50/><W69/><G39/><T119/><D119/><U22/><E22/><V125/><F38/><W26/><G43/><T46/><D46/><N who="1" m="27831" /><E63/><N who="3" m="24106" /><G69/><T84/><D113/><U45/><E45/><V71/><F125/><W110/><G26/><T117/><D117/><U87/><E87/><V94/><F112/><W118/><G118/><T135/><D135/><U59/><E59/><V27/><F71/><W100/><G110/><T91/><D34/><U90/><E90/><V44/><F27/><W64/><G64/><AGARI ba="2,1" hai="6,7,16,18,19,64,66,67" m="27831,31786" machi="64" ten="30,7700,0" yaku="8,1,52,2,54,1" doraHai="0" who="1" fromWho="3" sc="253,0,298,93,418,0,21,-83" owari="253,-15.0,391,19.0,418,52.0,-62,-56.0" /></mjloggm>