<mjloggm ver="2.3"><GO type="169" lobby="0"/><UN n0="%E3%81%99%E3%81%9A%E3%82%81%E3%82%AF%E3%83%AC%E3%82%A4%E3%82%B8%E3%83%BC" n1="%E3%82%A6%E3%83%AB%E3%83%88%E3%83%A9%E7%AB%8B%E7%9B%B4" n2="%E3%81%97%E3%82%87%E3%81%BC%E3%82%93%EF%BD%8E" n3="%79%75%6D%69%63%63%68%69" dan="20,17,18,16" rate="2214.93,2144.62,2261.70,2071.71" sx="M,M,M,F"/><TAIKYOKU oya="0"/><INIT seed="0,0,0,4,3,129" ten="250,250,250,250" oya="0" hai0="117,31,22,12,59,135,122,73,43,95,127,113,85" hai1="21,84,60,54,5,42,69,75,53,71,91,65,93" hai2="17,9,39,98,80,101,114,68,128,23,81,79,6" hai3="104,86,38,10,107,64,102,52,97,16,40,72,7"/><T119/><D73/><U99/><E75/><V120/><F120/><W134/><G72/><T133/><D113/><U116/><E116/><V87/><F114/><W34/><G34/><T103/><D122/><U62/><E42/><V49/><F39/><W25/><G64/><T82/><D43/><U124/><E124/><V14/><F68/><W48/><G86/><T89/><D127/><U118/><E118/><V32/><F32/><W51/><G38/><T11/><D59/><U131/><E131/><V76/><F128/><W121/><G121/><T50/><D50/><U110/><E110/><V111/><F111/><W41/><G107/><T100/><D117/><U24/><E5/><V109/><F109/><W8/><G134/><N who="0" m="51211" /><D119/><U1/><E1/><V125/><F49/><W63/><G63/><T33/><D33/><U94/><E62/><V46/><F46/><W15/><G25/><N who="0" m="16823" /><D82/><U88/><E69/><V106/><F80/><W115/><G51/><T74/><D74/><U57/><E71/><V126/><F126/><W36/><G36/><T130/><D130/><U18/><AGARI ba="0,0" hai="18,21,24,53,54,57,60,65,84,88,91,93,94,99" machi="18" ten="20,5200,0" yaku="0,1,7,1,8,1,54,1" doraHai="129" who="1" fromWho="1" sc="250,-26,250,52,250,-13,250,-13" /><INIT seed="1,0,0,5,5,57" ten="224,302,237,237" oya="1" hai0="104,19,30,32,20,127,29,61,85,115,72,39,86" hai1="13,100,83,78,47,118,22,17,125,49,68,37,114" hai2="67,46,79,133,35,120,64,44,102,70,8,21,31" hai3="42,81,26,54,73,71,105,10,53,63,60,106,134"/><U2/><E118/><V0/><F120/><W109/><G71/><T129/><D72/><U52/><E114/><V93/><F133/><W103/><G134/><T107/><D39/><U84/><E125/><V108/><F35/><W95/><G42/><T124/><D129/><U87/><E68/><V24/><F79/><W92/><G109/><T6/><D6/><U62/><E2/><V43/><F108/><W94/><G10/><T7/><D7/><U130/><E130/><V34/><F34/><W98/><G106/><T1/><D32/><U96/><E37/><V59/><F70/><W18/><G73/><T23/><D19/><U135/><E135/><V89/><F102/><W25/><G81/><T11/><D11/><U45/><E62/><V36/><F59/><W128/><G128/><T80/><D80/><U28/><E28/><V82/><F46/><W132/><G132/><T4/><D4/><U38/><E38/><V74/><F82/><W3/><G3/><T116/><D1/><U14/><E47/><V15/><F74/><W56/><G18/><T126/><D126/><U123/><E123/><V27/><F27/><W5/><G5/><T55/><D61/><U51/><E51/><V66/><F0/><W76/><G76/><T90/><D116/><U88/><E14/><V65/><N who="2" m="16384" /><DORA hai="50" /><V113/><F113/><W41/><G41/><T12/><D12/><U112/><E112/><V131/><F131/><W91/><G91/><T16/><D115/><U111/><E111/><V40/><F40/><W77/><G77/><T9/><D124/><U119/><E78/><RYUUKYOKU ba="0,0" sc="224,-10,302,-10,237,-10,237,30" hai3="25,26,53,54,56,60,63,92,94,95,98,103,105" /><INIT seed="2,1,0,0,2,81" ten="214,292,227,267" oya="2" hai0="60,6,12,15,127,39,27,57,111,66,116,11,38" hai1="128,97,44,69,49,106,79,78,119,2,4,71,24" hai2="64,92,77,89,90,124,13,132,135,22,88,26,23" hai3="85,61,68,96,72,5,34,29,51,28,19,20,35"/><V59/><F124/><W52/><G72/><T113/><D111/><U10/><E119/><V7/><F77/><W50/><G5/><T3/><D127/><U112/><E112/><V134/><F7/><W130/><G130/><T62/><D113/><U46/><E128/><V83/><F83/><W115/><G115/><T1/><D116/><U9/><E24/><V32/><F13/><W25/><G96/><T37/><D15/><U117/><E49/><V30/><REACH who="2" step="1"/><F92/><REACH who="2" ten="214,292,217,267" step="2"/><W17/><G25/><T21/><D12/><U80/><E80/><V54/><F54/><W107/><G52/><T33/><D1/><U105/><E4/><V95/><F95/><W47/><G107/><T43/><D6/><U16/><E2/><V84/><F84/><W53/><G85/><T104/><D104/><U0/><E0/><V67/><F67/><W100/><G53/><T70/><D3/><U18/><E117/><V133/><N who="2" m="33792" /><DORA hai="48" /><V36/><F36/><W75/><G75/><T110/><D38/><U31/><E97/><V98/><F98/><W65/><G65/><T120/><D39/><U14/><E14/><V129/><F129/><W102/><G47/><T73/><D73/><U86/><E86/><V58/><F58/><W101/><G68/><T91/><D70/><U118/><E118/><V114/><F114/><W99/><G99/><T56/><D37/><U125/><E125/><V108/><F108/><W93/><G93/><T87/><D110/><U74/><E74/><V126/><F126/><W109/><G109/><T42/><D27/><U55/><E55/><V82/><F82/><RYUUKYOKU ba="1,1" sc="214,-15,292,15,217,15,267,-15" hai1="9,10,16,18,31,44,46,69,71,78,79,105,106" hai2="22,23,26,30,32,59,64,88,89,90" /><INIT seed="2,2,1,0,1,43" ten="199,307,232,252" oya="2" hai0="66,116,56,122,101,71,126,63,114,87,11,9,110" hai1="19,23,67,17,50,60,125,134,53,127,98,95,86" hai2="46,70,39,34,57,91,52,118,76,20,74,15,62" hai3="38,41,40,106,73,131,42,12,21,30,105,51,69"/><V89/><F34/><W36/><G69/><T79/><D114/><U58/><E86/><V85/><F118/><W47/><G73/><T2/><D122/><U1/><E1/><V0/><F0/><W102/><G131/><T123/><D123/><U14/><E19/><N who="2" m="10367" /><F39/><W22/><G22/><T4/><D126/><U121/><E121/><V61/><F70/><W29/><G12/><T108/><D101/><U18/><E18/><V44/><F74/><W96/><G106/><T90/><D79/><U65/><E134/><V100/><F100/><W103/><G103/><T32/><D32/><U130/><E130/><V111/><F111/><N who="0" m="42538" /><D9/><U64/><E127/><V26/><F62/><W115/><G115/><T33/><D33/><U59/><E125/><V82/><F26/><W72/><G72/><T83/><D71/><U68/><E68/><V107/><F107/><W78/><G78/><T55/><D116/><U49/><E49/><V113/><F113/><W84/><G36/><T104/><D104/><U97/><E97/><V31/><F31/><W24/><G38/><T88/><D90/><AGARI ba="2,1" hai="14,17,23,50,53,58,59,60,64,65,67,90,95,98" machi="90" ten="30,2000,0" yaku="7,1,8,1" doraHai="43" who="1" fromWho="0" sc="199,-26,307,36,232,0,252,0" /><AGARI ba="2,0" hai="44,46,52,57,61,76,82,85,89,90,91" m="10367" machi="90" ten="30,11600,0" yaku="8,1,52,2,54,1" doraHai="43" who="2" fromWho="0" sc="173,-116,343,0,232,116,252,0" /><INIT seed="2,3,0,4,0,76" ten="57,343,348,252" oya="2" hai0="13,50,68,1,46,89,39,18,90,73,37,75,35" hai1="40,30,27,14,106,32,9,48,114,19,107,86,56" hai2="91,10,45,84,83,74,61,124,79,123,63,43,93" hai3="121,117,42,8,57,102,64,115,92,26,122,109,135"/><V119/><F119/><W134/><G117/><T36/><D35/><U88/><E114/><V25/><F124/><W29/><G115/><T49/><D68/><U3/><E3/><V34/><F123/><W85/><G42/><T54/><D1/><U59/><E59/><V78/><F78/><W31/><G8/><T118/><D118/><U67/><E67/><V11/><F34/><W51/><G109/><T129/><D129/><U70/><E70/><V62/><REACH who="2" step="1"/><F25/><REACH who="2" ten="57,343,338,252" step="2"/><W96/><G121/><T22/><D75/><U87/><E32/><V12/><F12/><W58/><G122/><T105/><D73/><U116/><E14/><V6/><F6/><W101/><G26/><T104/><D13/><U23/><E27/><V99/><F99/><W15/><G15/><T16/><D22/><U33/><E23/><V38/><AGARI ba="3,1" hai="10,11,38,43,45,61,62,63,74,79,83,84,91,93" machi="38" ten="30,6000,0" yaku="1,1,0,1,52,1,53,0" doraHai="76" doraHaiUra="108" who="2" fromWho="2" sc="57,-23,343,-23,338,79,252,-23" /><INIT seed="2,4,0,1,4,91" ten="34,320,417,229" oya="2" hai0="11,14,80,25,104,129,27,33,98,55,81,96,95" hai1="118,76,69,116,114,124,15,0,3,112,63,60,6" hai2="66,47,26,73,117,134,40,88,17,120,16,101,54" hai3="10,102,29,125,74,105,28,135,121,57,21,106,82"/><V52/><F117/><W44/><G121/><T92/><D104/><U7/><E76/><V70/><F120/><W131/><G44/><T50/><D33/><U84/><E84/><V49/><F134/><W72/><G135/><T89/><D129/><U36/><E15/><V43/><F73/><W113/><G131/><T68/><D68/><U127/><REACH who="1" step="1"/><E69/><REACH who="1" ten="34,310,417,229" step="2"/><V115/><F70/><W119/><G119/><T8/><D81/><U39/><AGARI ba="4,1" hai="0,3,6,7,36,39,60,63,112,114,116,118,124,127" machi="39" ten="25,8000,1" yaku="1,1,2,1,0,1,22,2,53,0" doraHai="91" doraHaiUra="42" who="1" fromWho="1" sc="34,-24,310,102,417,-44,229,-24" /><INIT seed="3,0,0,3,5,59" ten="10,412,373,205" oya="3" hai0="8,20,67,76,91,70,22,35,97,89,2,1,114" hai1="33,123,121,87,69,21,111,133,130,86,135,44,12" hai2="27,43,15,71,90,38,47,54,61,57,53,80,96" hai3="105,126,85,100,7,18,25,28,48,63,42,125,104"/><W29/><G7/><T82/><D35/><U134/><E33/><V64/><F27/><W128/><G128/><T4/><D1/><U101/><E111/><V83/><F54/><W56/><G85/><T19/><D114/><U116/><E130/><V34/><F34/><W16/><G48/><T119/><D119/><U74/><E74/><V26/><F26/><W72/><G42/><T127/><D127/><N who="3" m="48649" /><G72/><T113/><D113/><U94/><E69/><V45/><F45/><W66/><G28/><T88/><D97/><N who="1" m="59575" /><E44/><V102/><F15/><W11/><G11/><T37/><D37/><U36/><E36/><V55/><F90/><W62/><G62/><T79/><D82/><U112/><E112/><V117/><F117/><W73/><G73/><T103/><D103/><U108/><E116/><V68/><F83/><W109/><G109/><T95/><D95/><U13/><E108/><V24/><F80/><W131/><G131/><T84/><D84/><U58/><E87/><V118/><F118/><W40/><G40/><T49/><D49/><U9/><E86/><V120/><F43/><W93/><G93/><T81/><D81/><U98/><E98/><V122/><F38/><W124/><N who="3" m="48657" /><W50/><DORA hai="60" /><G50/><T5/><D5/><U46/><E134/><V23/><F96/><N who="3" m="61447" /><G105/><T99/><D99/><U51/><E51/><N who="2" m="28927" /><F102/><W0/><G0/><T52/><D52/><U129/><E129/><V39/><F39/><W92/><G92/><T106/><D106/><U10/><E135/><V32/><F55/><W14/><G14/><N who="1" m="5738" /><E133/><V115/><F115/><W78/><G78/><RYUUKYOKU ba="0,0" sc="10,-10,412,-10,373,-10,205,30" hai3="16,18,25,29,56,63,66" /><INIT seed="3,1,0,2,4,4" ten="0,402,363,235" oya="3" hai0="53,24,36,104,112,100,113,105,1,70,94,68,31" hai1="40,25,77,125,63,119,95,85,46,33,102,71,27" hai2="89,44,134,39,127,52,82,43,114,126,69,21,75" hai3="122,28,32,106,117,121,81,80,62,120,23,45,54"/><W135/><G117/><T131/><D36/><U109/><E33/><V29/><F114/><N who="0" m="44138" /><D131/><U76/><E109/><V19/><F69/><N who="0" m="26730" /><D1/><U2/><E2/><V110/><F134/><W18/><G106/><T101/><D53/><U87/><E71/><V42/><F110/><W6/><G135/><T12/><D12/><U35/><E35/><V30/><F52/><W5/><G28/><T86/><D86/><U115/><E115/><V79/><F89/><W20/><G32/><N who="0" m="20583" /><D94/><U47/><E95/><V17/><F43/><W16/><G120/><T59/><D59/><U41/><E119/><V88/><F29/><W123/><G123/><T60/><D60/><U99/><E63/><V61/><F61/><W57/><G62/><T98/><D98/><U9/><E99/><V72/><F72/><W58/><REACH who="3" step="1"/><G54/><REACH who="3" ten="0,402,363,225" step="2"/><T22/><D22/><U50/><E41/><N who="2" m="22591" /><F30/><W51/><G51/><T130/><D130/><U10/><E50/><V56/><F42/><W97/><G97/><T13/><D13/><U8/><E40/><V64/><F21/><W55/><G55/><T92/><D92/><U90/><E47/><AGARI ba="1,1" hai="5,6,16,18,20,23,45,47,57,58,80,81,121,122" machi="47" ten="25,18000,2" yaku="1,1,22,2,54,1,53,2" doraHai="4" doraHaiUra="0" who="3" fromWho="1" sc="0,0,402,-183,363,0,225,193" /><INIT seed="3,2,0,1,0,54" ten="0,219,363,418" oya="3" hai0="10,36,122,81,93,28,71,89,72,123,111,133,125" hai1="3,80,23,101,68,94,33,50,65,56,30,134,104" hai2="15,37,124,107,52,49,7,62,42,19,98,112,115" hai3="9,5,34,35,40,110,99,47,32,48,86,76,79"/><W53/><G110/><T128/><D71/><U51/><E3/><V102/><F124/><W4/><G99/><T121/><D36/><U75/><E104/><V78/><F7/><W109/><G109/><T103/><D111/><U31/><E68/><V21/><F78/><W59/><G86/><T91/><D28/><U6/><E33/><V73/><F73/><W119/><G119/><T126/><D10/><U60/><E6/><V84/><F84/><W100/><G100/><T55/><D55/><U26/><E31/><V108/><F62/><W22/><G22/><T105/><D128/><U131/><E131/><V87/><F87/><W14/><REACH who="3" step="1"/><G5/><REACH who="3" ten="0,219,363,408" step="2"/><T29/><D29/><U114/><E114/><V41/><F98/><W58/><G58/><T83/><D133/><U70/><E134/><V85/><F102/><W61/><AGARI ba="2,1" hai="4,9,14,32,34,35,40,47,48,53,59,61,76,79" machi="61" ten="30,6000,0" yaku="1,1,0,1,52,1,53,0" doraHai="54" doraHaiUra="118" who="3" fromWho="3" sc="0,-22,219,-22,363,-22,408,76" owari="-22,-52.0,197,-20.0,341,14.0,484,58.0" /></mjloggm>