<mjloggm ver="2.3"><GO type="169" lobby="0"/><UN n0="%6E%6F%6A%69%72%69" n1="%E3%83%88%E3%83%88%E3%83%AA%E5%85%88%E7%94%9F%31%39%E6%AD%B3" n2="%73%68%61%70%65%6C%65%72" n3="%E5%96%A7%E5%98%A9%E5%B8%AB%E2%98%86%E8%8A%B1%E5%B1%B1" dan="16,18,18,17" rate="2027.38,2220.42,2223.80,2135.09" sx="F,F,M,M"/><TAIKYOKU oya="0"/><INIT seed="0,0,0,3,3,37" ten="250,250,250,250" oya="0" hai0="71,38,44,40,79,20,84,102,19,3,127,135,65" hai1="131,92,117,60,73,18,4,8,105,78,126,51,11" hai2="110,30,24,56,119,97,134,23,87,61,27,91,68" hai3="5,15,74,25,90,10,35,120,72,54,52,109,77"/><T45/><D135/><U28/><E117/><V41/><F134/><W93/><G109/><T17/><D3/><U83/><E105/><V111/><F68/><W29/><G120/><T132/><D132/><U26/><E131/><V99/><F119/><W94/><G94/><T96/><D127/><U6/><E126/><V66/><F27/><W88/><G90/><T133/><D133/><U70/><E92/><V59/><F59/><W58/><G77/><T7/><D7/><U39/><E39/><V48/><F111/><W31/><G31/><T128/><D128/><U86/><E73/><V122/><F122/><W22/><G35/><T101/><D45/><U121/><E121/><V75/><F75/><W114/><G54/><T13/><D17/><U33/><E18/><V34/><F34/><W9/><G9/><T21/><D21/><U123/><E123/><V104/><F104/><W32/><G32/><T16/><D19/><U107/><E107/><V62/><F62/><W63/><REACH who="3" step="1"/><G114/><REACH who="3" ten="250,250,250,240" step="2"/><T43/><D79/><N who="1" m="46463" /><E11/><V55/><F110/><W130/><G130/><T112/><D112/><U76/><E8/><V36/><F55/><W100/><G100/><T12/><D101/><U49/><E78/><V57/><F91/><W46/><G46/><T125/><D44/><U118/><E76/><V0/><F87/><AGARI ba="0,1" hai="5,10,15,22,25,29,52,58,63,72,74,87,88,93" machi="87" ten="30,8000,1" yaku="1,1,7,1,54,2,53,1" doraHai="37" doraHaiUra="2" who="3" fromWho="2" sc="250,0,250,0,250,-80,240,90" /><INIT seed="1,0,0,3,1,7" ten="250,250,170,330" oya="1" hai0="9,109,57,84,124,71,17,56,15,18,26,5,50" hai1="135,25,40,13,60,95,3,24,27,99,80,77,117" hai2="34,100,93,4,11,113,35,75,106,70,97,73,89" hai3="28,130,74,59,115,19,68,38,79,112,2,51,119"/><U96/><E117/><V12/><F70/><W58/><G28/><T49/><D71/><U41/><E3/><V1/><F113/><W76/><G68/><T48/><D109/><U111/><E135/><V64/><F64/><W110/><G38/><T21/><D124/><U127/><E127/><V116/><F116/><W81/><G130/><T69/><D69/><U30/><E111/><V61/><F61/><W44/><G2/><T62/><D84/><N who="1" m="48143" /><E30/><V86/><REACH who="2" step="1"/><F1/><REACH who="2" ten="250,250,160,330" step="2"/><W37/><G119/><T16/><D56/><U132/><E60/><V29/><F29/><W72/><G58/><T91/><D91/><N who="1" m="55423" /><E132/><V88/><F88/><W123/><G115/><T128/><D128/><U102/><E102/><V23/><F23/><W20/><G20/><T47/><D47/><U121/><E121/><V118/><F118/><W31/><G123/><T103/><D103/><U14/><E99/><V54/><F54/><AGARI ba="0,1" hai="5,9,15,16,17,18,21,26,48,49,50,54,57,62" machi="54" ten="40,5200,0" yaku="8,1,52,1,54,1" doraHai="7" who="0" fromWho="2" sc="250,62,250,0,160,-52,330,0" /><INIT seed="2,0,0,5,2,114" ten="312,250,108,330" oya="2" hai0="49,45,125,47,75,129,5,135,13,115,0,102,108" hai1="1,107,104,21,89,132,72,48,2,33,69,42,98" hai2="40,46,35,118,83,119,122,73,134,15,86,61,79" hai3="23,20,25,32,100,43,6,55,123,29,44,41,77"/><V27/><F122/><W53/><G123/><T67/><D115/><U56/><E33/><V38/><F134/><W94/><G77/><T101/><D125/><U70/><E72/><V127/><F127/><W97/><G6/><T113/><D113/><U19/><E132/><V34/><F15/><W121/><G121/><T22/><D135/><U12/><E107/><V14/><F14/><W31/><G32/><T52/><D0/><U128/><E128/><V30/><F35/><W60/><G60/><T50/><D129/><U106/><E106/><V54/><REACH who="2" step="1"/><F73/><REACH who="2" ten="312,250,98,330" step="2"/><W88/><G25/><T63/><D75/><U64/><E2/><V8/><F8/><W10/><G10/><T78/><D13/><U109/><E1/><V111/><F111/><W80/><G20/><T93/><D22/><U18/><E109/><V110/><F110/><W37/><G23/><T96/><D108/><U124/><E124/><V133/><F133/><W90/><G29/><T26/><D26/><U11/><E11/><V131/><F131/><W87/><G31/><T117/><D5/><U28/><E28/><V16/><F16/><W92/><G43/><T74/><D74/><U7/><E7/><V120/><F120/><W81/><G81/><T39/><D39/><U24/><E24/><V59/><AGARI ba="0,1" hai="27,30,34,38,40,46,54,59,61,79,83,86,118,119" machi="59" ten="30,11700,0" yaku="1,1,0,1,52,2,53,0" doraHai="114" doraHaiUra="4" who="2" fromWho="2" sc="312,-39,250,-39,98,127,330,-39" /><INIT seed="2,1,0,5,5,60" ten="273,211,225,291" oya="2" hai0="7,87,26,30,115,112,101,65,90,41,63,44,134" hai1="20,2,19,100,29,73,16,116,8,75,96,51,40" hai2="5,88,46,133,61,114,76,22,18,117,118,110,23" hai3="62,34,93,36,42,4,15,109,85,58,1,83,97"/><V84/><F114/><W124/><G109/><T70/><D134/><U45/><E116/><V74/><F133/><W6/><G124/><T132/><D132/><U37/><E29/><V128/><F110/><W55/><G34/><T66/><D101/><U130/><E130/><V113/><F113/><W21/><G1/><T129/><D129/><U17/><E20/><V10/><F128/><W123/><G123/><T119/><D119/><U127/><E127/><V68/><F23/><W105/><G105/><T89/><D7/><U86/><E2/><V13/><F76/><N who="3" m="46311" /><G42/><T92/><D90/><U14/><E86/><V94/><F74/><W125/><G36/><T79/><D79/><U35/><E35/><V12/><REACH who="2" step="1"/><F46/><REACH who="2" ten="273,211,215,291" step="2"/><W27/><G125/><T98/><D115/><U106/><REACH who="1" step="1"/><E37/><REACH who="1" ten="273,201,215,291" step="2"/><V108/><F108/><W82/><G21/><T80/><D112/><U31/><E31/><V77/><F77/><W39/><G39/><T72/><D30/><U32/><E32/><V64/><AGARI ba="1,2" hai="5,10,12,13,18,22,61,64,68,84,88,94,117,118" machi="64" ten="30,11700,0" yaku="1,1,0,1,52,1,54,1,53,0" doraHai="60" doraHaiUra="53" who="2" fromWho="2" sc="273,-40,201,-40,215,140,291,-40" /><INIT seed="2,2,0,1,3,46" ten="233,161,355,251" oya="2" hai0="74,103,65,106,109,68,90,94,8,24,70,67,21" hai1="41,32,63,73,44,14,15,6,18,125,54,69,5" hai2="17,123,33,12,108,42,51,10,79,80,25,20,110" hai3="115,53,122,34,126,133,107,96,26,75,49,81,1"/><V38/><F38/><W52/><G1/><T35/><D109/><U64/><E73/><V102/><F123/><W82/><G122/><T135/><D135/><U83/><E32/><V59/><F33/><W47/><G133/><T134/><D134/><U118/><E118/><V77/><F102/><W16/><G126/><T62/><D35/><U120/><E125/><V40/><F79/><W100/><G115/><T28/><D74/><U132/><E132/><V39/><F39/><W23/><G34/><T61/><D8/><U29/><E29/><V88/><F88/><W50/><G75/><T30/><D106/><U0/><E0/><V22/><F22/><W121/><G121/><T89/><REACH who="0" step="1"/><D30/><REACH who="0" ten="223,161,355,251" step="2"/><U111/><E111/><V101/><F110/><W113/><REACH who="3" step="1"/><G113/><REACH who="3" ten="223,161,355,241" step="2"/><T45/><D45/><AGARI ba="2,2" hai="16,23,26,45,47,49,50,52,53,81,82,96,100,107" machi="45" ten="30,16000,3" yaku="1,1,2,1,7,1,9,1,52,2,54,2,53,0" doraHai="46" doraHaiUra="37" who="3" fromWho="0" sc="223,-166,161,0,355,0,241,186" /><INIT seed="3,0,0,5,5,113" ten="57,161,355,427" oya="3" hai0="61,102,32,13,2,73,91,120,71,133,118,124,42" hai1="110,23,131,107,116,12,83,129,109,6,35,88,111" hai2="41,76,58,7,105,70,44,39,48,36,22,63,130" hai3="92,60,47,40,121,14,75,87,135,9,5,52,72"/><W26/><G121/><T77/><D77/><U93/><E35/><V53/><F105/><W123/><G135/><T79/><D79/><U84/><E107/><V85/><F130/><N who="1" m="49673" /><E6/><V132/><F132/><W29/><G123/><T97/><D91/><N who="1" m="51615" /><E12/><V0/><F0/><W11/><G11/><T82/><D82/><U21/><E116/><V18/><F7/><W68/><G92/><T33/><D97/><AGARI ba="0,0" hai="21,23,88,93,97,109,110,111" m="51615,49673" machi="97" ten="40,5200,0" yaku="14,1,19,1,54,1" doraHai="113" who="1" fromWho="0" sc="57,-52,161,52,355,0,427,0" /><INIT seed="4,0,0,5,1,1" ten="5,213,355,427" oya="0" hai0="28,118,72,111,82,99,31,9,64,23,89,92,122" hai1="30,88,36,107,133,54,32,130,110,26,86,12,37" hai2="117,56,42,116,103,45,62,6,74,14,16,83,51" hai3="48,59,124,52,21,101,18,43,104,125,131,102,96"/><T67/><D118/><U35/><E110/><V63/><F103/><N who="3" m="62567" /><G43/><T95/><D122/><U98/><E35/><V114/><F114/><W106/><G106/><T135/><D135/><U78/><E130/><V38/><F38/><W85/><G85/><T22/><D111/><U84/><E133/><V73/><F63/><W24/><G131/><T128/><D128/><U44/><E78/><V34/><F34/><W58/><G59/><T65/><D72/><U70/><E84/><V5/><F74/><W115/><G115/><T29/><D9/><U47/><E70/><V20/><F73/><W76/><G76/><T10/><D10/><U105/><E12/><V75/><F75/><W49/><G48/><T112/><D82/><U79/><E79/><V126/><F83/><W94/><G94/><T90/><D112/><U19/><E19/><V13/><F126/><AGARI ba="0,0" hai="18,21,24,49,52,58,101,102,124,125,126" m="62567" machi="126" ten="30,2000,0" yaku="18,1,54,1" doraHai="1" who="3" fromWho="2" sc="5,0,213,0,355,-20,427,20" /><INIT seed="5,0,0,2,3,47" ten="5,213,335,447" oya="1" hai0="92,49,0,67,125,133,70,97,91,5,102,61,34" hai1="45,21,112,65,118,36,55,83,2,95,50,114,110" hai2="117,18,82,129,121,84,14,37,124,87,79,42,41" hai3="122,20,44,19,15,72,31,57,52,116,13,101,96"/><U106/><E118/><V59/><F117/><W39/><G122/><T105/><D34/><U78/><E106/><V38/><F121/><W32/><G116/><T85/><D133/><U108/><E2/><V30/><F30/><W86/><G72/><T1/><D125/><U60/><E95/><V93/><F124/><W69/><G69/><T63/><D5/><U64/><E21/><V16/><F129/><W113/><G113/><N who="1" m="43626" /><E83/><V25/><F38/><W66/><G39/><T115/><D115/><U90/><E90/><V76/><F37/><W128/><G128/><T27/><D27/><U77/><E77/><V17/><F25/><W135/><G20/><T26/><D26/><U127/><E78/><V8/><F59/><W94/><G57/><T46/><D63/><U88/><E88/><N who="2" m="53383" /><F79/><W119/><G119/><T68/><D68/><N who="1" m="41991" /><E127/><V73/><F73/><W35/><G94/><T22/><D22/><U43/><E65/><V12/><F12/><W98/><G66/><T120/><D120/><U109/><E36/><V58/><F58/><W6/><G13/><T56/><D56/><U7/><E7/><AGARI ba="0,0" hai="7,8,14,16,17,18,41,42,76,82,87" m="53383" machi="7" ten="30,3900,0" yaku="8,1,54,2" doraHai="47" who="2" fromWho="1" sc="5,0,213,-39,335,39,447,0" /><INIT seed="6,0,0,3,0,11" ten="5,174,374,447" oya="2" hai0="93,90,108,57,0,7,34,128,47,6,129,76,110" hai1="18,92,62,95,74,70,37,65,106,127,38,81,13" hai2="100,43,28,63,113,80,12,17,133,27,89,64,36" hai3="19,88,10,1,49,104,40,91,20,77,107,48,125"/><V118/><F118/><W41/><G125/><T60/><D34/><U122/><E106/><V45/><F113/><W29/><G77/><T103/><D47/><U121/><E127/><V26/><F133/><W68/><G68/><T23/><D23/><N who="1" m="11727" /><E81/><V75/><F100/><W99/><G29/><T85/><D0/><U109/><E74/><V21/><F75/><W117/><G117/><T78/><D60/><U44/><E109/><N who="0" m="42089" /><D57/><U58/><E70/><V5/><F5/><W94/><G91/><T50/><D50/><U101/><E101/><V16/><F80/><W61/><G61/><T114/><D7/><U52/><E65/><V54/><F54/><W53/><G49/><T126/><D6/><U82/><E82/><V15/><F89/><W33/><G104/><T67/><D67/><U98/><E98/><V3/><F3/><W131/><G107/><T130/><D126/><U69/><E69/><V35/><F17/><W42/><G19/><T112/><D103/><U96/><E44/><V46/><F45/><W31/><G1/><T102/><D102/><U105/><E105/><V71/><AGARI ba="0,0" hai="12,15,16,21,26,27,28,35,36,43,46,63,64,71" machi="71" ten="20,12000,1" yaku="0,1,7,1,52,2,54,1" doraHai="11" who="2" fromWho="2" sc="5,-40,174,-40,374,120,447,-40" owari="-35,-54.0,134,-27.0,494,60.0,407,21.0" /></mjloggm>