<mjloggm ver="2.3"><GO type="169" lobby="0"/><UN n0="%E3%82%AB%E3%83%96%E3%83%88" n1="%E5%B0%B1%E6%B4%BB%E7%94%9F%40%E5%B7%9D%E6%9D%91%E8%BB%8D%E5%9B%A3" n2="%E3%82%B8%E3%83%A3%E3%82%B9%E3%83%9F%E3%83%B3%E7%8E%8B%E5%AD%90" n3="%56%4F%4E%41%50%41%4C%54" dan="17,17,17,16" rate="2214.17,2193.70,2133.06,2048.62" sx="M,M,M,M"/><TAIKYOKU oya="0"/><INIT seed="0,0,0,2,2,71" ten="250,250,250,250" oya="0" hai0="56,113,20,32,12,135,65,7,85,53,51,108,94" hai1="83,123,22,89,70,9,4,45,129,40,117,30,119" hai2="35,116,118,54,68,104,122,103,23,107,115,21,0" hai3="82,124,112,133,60,55,17,34,100,28,105,59,114"/><T43/><D113/><U99/><E123/><V48/><F122/><W41/><G133/><T27/><D32/><U132/><E70/><V64/><F115/><W101/><G124/><T25/><D135/><U90/><E132/><V93/><F35/><W44/><G34/><T2/><D2/><U76/><E129/><V33/><F33/><W69/><G28/><T98/><D65/><U11/><E30/><V127/><F0/><W38/><G17/><N who="0" m="10279" /><D7/><U13/><E22/><N who="2" m="8203" /><F64/><N who="3" m="41095" /><G82/><T47/><D108/><U125/><E125/><V78/><F68/><W109/><G109/><T120/><D120/><U88/><E11/><V42/><F42/><W80/><G80/><T130/><D130/><U111/><E99/><N who="2" m="59887" /><F78/><W131/><G131/><T39/><D98/><U92/><E92/><V96/><F96/><N who="3" m="61575" /><G101/><T86/><D86/><U1/><E111/><V110/><F110/><W16/><G16/><T134/><D134/><U61/><E61/><V79/><F79/><W81/><G81/><T106/><D106/><U84/><REACH who="1" step="1"/><E1/><REACH who="1" ten="250,240,250,250" step="2"/><V128/><F127/><W14/><G14/><T37/><D94/><U26/><E26/><V36/><F128/><W73/><G73/><T57/><D25/><U97/><E97/><V52/><F107/><W15/><G15/><T126/><D126/><U102/><E102/><V72/><F72/><W91/><G114/><T8/><D27/><U58/><E58/><V24/><F104/><W63/><G112/><T50/><D8/><U95/><E95/><V46/><F24/><W77/><G77/><T18/><D57/><U5/><E5/><V29/><F29/><RYUUKYOKU ba="0,1" sc="250,-15,240,15,250,-15,250,15" hai1="4,9,13,40,45,76,83,84,88,89,90,117,119" hai3="38,41,44,55,59,63,91" /><INIT seed="1,1,1,4,4,109" ten="235,255,235,265" oya="1" hai0="8,14,104,5,13,39,3,17,58,20,31,95,83" hai1="29,80,35,133,28,82,47,73,103,11,23,107,115" hai2="18,16,32,86,121,84,59,37,126,128,38,30,134" hai3="93,98,62,70,72,43,118,78,96,92,125,71,89"/><U130/><E35/><V99/><F121/><W102/><G43/><T10/><D104/><U90/><E130/><V101/><F128/><W79/><G118/><T88/><D39/><U68/><E68/><V97/><F134/><W94/><G62/><T64/><D83/><U4/><E133/><V57/><F32/><W76/><G71/><T15/><D31/><U132/><E132/><V19/><F30/><W6/><G6/><T25/><D64/><U52/><E115/><V9/><F9/><W65/><G65/><T116/><D58/><N who="2" m="22026" /><F101/><N who="3" m="60567" /><G70/><T135/><D135/><U124/><E124/><V75/><F75/><W127/><G72/><T122/><D116/><U113/><E113/><V42/><F42/><W41/><G41/><T56/><D56/><U108/><E108/><V111/><F111/><W50/><G50/><T51/><D51/><U69/><E69/><V120/><F120/><W54/><G54/><T105/><D105/><U61/><E107/><V66/><F66/><W0/><G0/><T34/><D34/><U74/><E103/><V63/><F63/><W91/><G102/><T67/><D67/><U81/><E90/><V87/><F126/><N who="3" m="48139" /><G78/><T33/><D122/><U24/><E29/><V40/><F40/><W100/><G100/><T131/><D131/><U119/><E119/><V117/><F117/><W1/><G1/><T77/><D77/><U21/><E61/><V48/><F48/><W110/><G110/><T12/><D3/><N who="1" m="415" /><E21/><V112/><F112/><W53/><G53/><T7/><D33/><U44/><E52/><V114/><F114/><W55/><G55/><RYUUKYOKU ba="1,1" sc="235,0,255,0,235,0,265,0" hai0="5,7,8,10,12,13,14,15,17,20,25,88,95" hai1="23,24,28,44,47,73,74,80,81,82" hai2="16,18,19,37,38,84,86,87,97,99" hai3="76,79,89,91,92,93,98" /><INIT seed="1,2,1,2,4,45" ten="235,255,235,265" oya="1" hai0="15,104,66,21,68,111,60,47,103,101,128,125,88" hai1="35,134,76,23,1,89,120,7,131,95,115,37,107" hai2="110,85,43,132,65,130,17,16,46,11,34,42,117" hai3="73,12,71,61,56,77,123,59,79,75,114,26,30"/><U24/><E107/><V72/><F72/><W25/><G123/><T51/><D111/><U135/><E120/><V32/><F117/><W69/><G12/><T38/><D38/><U57/><E115/><V112/><F110/><W28/><REACH who="3" step="1"/><G61/><REACH who="3" ten="235,255,235,255" step="2"/><T108/><D108/><U13/><E13/><V119/><F112/><AGARI ba="2,2" hai="25,26,28,30,56,59,69,71,73,75,77,79,112,114" machi="112" ten="25,6400,0" yaku="1,1,2,1,22,2,53,0" doraHai="45" doraHaiUra="3" who="3" fromWho="2" sc="235,0,255,0,235,-70,255,90" /><INIT seed="2,0,0,0,1,62" ten="235,255,165,345" oya="2" hai0="39,105,69,67,32,88,71,97,114,47,89,6,91" hai1="19,112,33,5,25,74,78,49,42,100,92,64,21" hai2="96,40,121,35,80,28,54,9,98,45,115,46,10" hai3="2,73,16,24,1,94,20,103,61,76,90,63,84"/><V59/><F121/><W12/><G103/><T122/><D122/><U124/><E112/><V55/><F115/><W101/><G101/><T44/><D32/><U43/><E124/><V26/><F80/><W11/><G73/><T29/><D29/><U34/><E5/><V68/><F68/><W133/><G76/><T3/><D114/><U102/><E102/><V52/><F59/><W106/><G106/><T58/><D105/><U18/><E18/><V66/><F66/><W79/><G79/><T72/><D72/><U119/><E119/><V130/><F130/><W57/><G63/><T135/><D97/><U4/><E4/><V56/><F56/><W8/><G8/><T31/><D31/><U118/><E64/><V127/><F127/><W125/><G133/><T132/><D6/><U38/><E38/><V81/><F81/><W120/><G120/><T23/><D39/><U77/><E118/><V7/><F10/><W83/><G83/><T134/><D23/><U108/><E78/><V0/><REACH who="2" step="1"/><F46/><REACH who="2" ten="235,255,155,345" step="2"/><N who="0" m="17450" /><D3/><U129/><E129/><V17/><F17/><W126/><G125/><T60/><AGARI ba="0,1" hai="58,60,67,69,71,88,89,91,132,134,135" m="17450" machi="60" ten="40,5200,0" yaku="20,1,52,1,54,1" doraHai="62" who="0" fromWho="0" sc="235,62,255,-13,155,-26,345,-13" /><INIT seed="3,0,0,5,3,94" ten="297,242,129,332" oya="3" hai0="110,89,118,64,72,31,109,4,130,112,55,49,96" hai1="77,82,97,135,111,124,131,52,91,78,57,27,11" hai2="65,16,53,36,93,39,61,37,48,87,125,66,25" hai3="119,95,134,44,28,47,1,32,104,74,126,103,106"/><W29/><G119/><T99/><D118/><U54/><E111/><N who="0" m="42505" /><D72/><U120/><E120/><V100/><F125/><W105/><G1/><T8/><D130/><U76/><E124/><V6/><F6/><W41/><G134/><T22/><D64/><U56/><E135/><V20/><F61/><W3/><G3/><N who="0" m="31" /><D89/><U17/><E131/><V86/><F86/><W128/><G126/><T83/><D83/><U70/><E70/><V30/><F30/><W108/><G108/><T18/><D31/><U107/><E107/><V34/><F34/><W102/><G74/><T114/><D55/><N who="1" m="21035" /><E82/><V127/><F127/><W123/><G123/><T122/><D49/><U133/><E133/><V68/><F68/><W73/><G73/><T23/><D122/><U79/><N who="1" m="19968" /><DORA hai="26" /><U7/><E7/><V113/><F113/><N who="0" m="43626" /><D23/><N who="1" m="13807" /><E11/><V67/><F87/><W9/><G128/><T63/><D63/><U88/><E91/><V10/><F10/><W129/><G129/><T80/><D80/><U38/><E38/><V62/><F62/><W42/><G9/><T2/><D2/><U0/><E0/><V51/><REACH who="2" step="1"/><F53/><REACH who="2" ten="297,242,119,332" step="2"/><W98/><G32/><T5/><D5/><U43/><E43/><V19/><F19/><W69/><G69/><T71/><D71/><U101/><E57/><V116/><F116/><W40/><G40/><T12/><AGARI ba="0,1" hai="12,18,22,96,99" m="43626,31,42505" machi="12" ten="30,7900,0" yaku="14,1,11,1,52,2" doraHai="94,26" who="0" fromWho="0" sc="297,89,242,-20,119,-20,332,-39" /><INIT seed="4,0,0,0,3,1" ten="386,222,99,293" oya="0" hai0="66,122,8,116,47,27,133,34,9,2,113,75,3" hai1="49,105,6,11,82,80,90,30,12,109,15,62,21" hai2="114,74,121,71,69,19,52,41,18,118,5,108,55" hai3="46,57,129,20,112,33,70,54,50,60,93,85,67"/><T56/><D75/><U97/><E109/><V38/><F108/><W135/><G33/><T58/><D116/><U17/><E30/><V0/><F121/><W40/><G129/><T7/><D122/><U100/><E90/><V110/><F110/><W84/><G112/><T86/><D113/><U32/><E32/><V94/><F114/><W36/><G135/><T111/><D111/><U99/><E99/><V78/><F94/><W35/><G35/><T120/><D120/><U73/><E73/><V65/><F65/><W124/><G124/><T14/><D47/><U123/><E123/><V39/><F118/><W119/><G119/><T128/><D128/><U106/><E106/><V44/><F39/><W43/><G43/><T95/><D133/><U77/><E77/><V115/><F115/><W96/><REACH who="3" step="1"/><G20/><REACH who="3" ten="386,222,99,283" step="2"/><T125/><D125/><U10/><E49/><V25/><F71/><W53/><G53/><N who="2" m="20553" /><F69/><W24/><G24/><T37/><D27/><U61/><E61/><V45/><F25/><W132/><G132/><T22/><D34/><U126/><E126/><V102/><F102/><AGARI ba="0,1" hai="36,40,46,50,54,57,60,67,70,84,85,93,96,102" machi="102" ten="30,7700,0" yaku="1,1,7,1,24,2,53,0" doraHai="1" doraHaiUra="26" who="3" fromWho="2" sc="386,0,222,0,99,-77,283,87" /><INIT seed="5,0,0,3,2,115" ten="386,222,22,370" oya="1" hai0="95,86,102,15,29,37,97,93,106,56,112,61,32" hai1="60,71,47,100,67,99,31,88,121,9,36,24,116" hai2="35,13,81,23,40,7,105,101,54,55,92,10,65" hai3="27,46,44,0,122,19,111,68,70,51,3,108,119"/><U34/><E116/><V69/><F35/><W74/><G122/><T28/><D37/><U120/><E9/><V126/><F105/><W12/><G74/><T118/><D118/><U50/><E88/><V52/><F126/><W135/><G119/><T84/><D112/><U130/><E130/><V73/><F40/><W124/><G124/><T22/><D32/><U113/><E113/><V53/><F69/><W14/><G135/><T25/><D29/><U114/><E114/><V89/><F65/><W2/><G27/><T125/><D125/><U18/><E18/><V64/><F64/><W96/><G96/><N who="0" m="59679" /><D106/><U66/><E66/><V57/><F23/><W43/><G46/><T109/><D15/><U6/><E6/><V77/><F101/><W63/><G63/><T16/><D28/><U33/><E33/><V58/><N who="2" m="13312" /><DORA hai="41" /><V38/><REACH who="2" step="1"/><F38/><REACH who="2" ten="386,222,12,370" step="2"/><W128/><G68/><T107/><D107/><N who="1" m="63903" /><E50/><V4/><F4/><W30/><G70/><T72/><D22/><U103/><E103/><V83/><F83/><W45/><G128/><T8/><D56/><U82/><E82/><V42/><F42/><AGARI ba="0,1" hai="24,31,34,36,42,47,60,67,71,120,121" m="63903" machi="42" ten="30,5800,0" yaku="25,1,23,1,52,1" doraHai="115,41" who="1" fromWho="2" sc="386,0,222,68,12,-58,370,0" owari="386,49.0,290,-11.0,-46,-55.0,370,17.0" /></mjloggm>