<mjloggm ver="2.3"><GO type="169" lobby="0"/><UN n0="%E3%82%A6%E3%83%AB%E3%83%88%E3%83%A9%E7%AB%8B%E7%9B%B4" n1="%E3%83%AD%E3%83%83%E3%83%86%E9%9B%80%E7%90%83" n2="%E3%83%95%E3%83%AA%E3%83%86%E3%83%B3" n3="%E3%82%B5%E3%83%B3%E3%83%9E%E9%81%93%E6%A5%BD%E4%BB%A3%E8%A1%A8" dan="17,17,17,17" rate="2140.46,2222.20,2103.86,2198.86" sx="M,M,M,M"/><TAIKYOKU oya="0"/><INIT seed="0,0,0,2,4,34" ten="250,250,250,250" oya="0" hai0="37,70,65,9,64,67,31,63,62,69,26,4,74" hai1="121,38,94,102,33,99,125,126,119,103,29,1,90" hai2="7,92,134,75,2,72,100,107,39,88,120,113,112" hai3="83,118,84,129,85,11,135,68,32,71,104,111,52"/><T50/><D50/><U98/><E119/><V61/><F39/><W114/><G118/><T105/><D74/><N who="2" m="28202" /><F61/><W91/><G111/><T76/><D76/><U0/><E121/><V96/><F7/><W128/><G104/><T56/><D105/><N who="1" m="63703" /><E38/><V14/><F14/><W24/><G114/><N who="2" m="44137" /><F2/><N who="1" m="1129" /><E29/><V51/><F51/><W15/><G85/><T78/><D78/><U123/><E33/><V60/><F60/><W73/><G73/><T44/><D37/><U3/><N who="1" m="1137" /><U25/><DORA hai="133" /><E25/><V22/><F22/><W86/><G86/><T116/><D116/><U97/><E123/><V79/><F120/><W80/><G80/><T43/><D56/><U101/><E99/><N who="2" m="57735" /><F79/><W46/><G24/><T35/><D65/><U124/><AGARI ba="0,0" hai="90,94,97,101,103,124,125,126" m="1137,63703" machi="124" ten="50,16000,3" yaku="18,1,52,7" doraHai="34,133" who="1" fromWho="1" sc="250,-80,250,160,250,-40,250,-40" /><INIT seed="1,0,0,0,4,69" ten="170,410,210,210" oya="1" hai0="16,123,64,106,34,48,65,74,31,88,35,54,33" hai1="118,84,72,56,38,121,51,86,27,91,122,1,23" hai2="102,7,67,109,129,18,24,134,71,43,111,128,96" hai3="95,73,3,93,78,114,113,105,44,85,99,15,29"/><U70/><E72/><V28/><F18/><W40/><G3/><T108/><D106/><U11/><E118/><V126/><F7/><W75/><G29/><T101/><D101/><U81/><E70/><V0/><F0/><W66/><G66/><T76/><D31/><U60/><E38/><V89/><F89/><N who="3" m="53423" /><G15/><T49/><D74/><N who="3" m="28169" /><G44/><T36/><D76/><U41/><E86/><V98/><F43/><W26/><G26/><T82/><D36/><U55/><E1/><V87/><F67/><W80/><G40/><T62/><D123/><U30/><E11/><V133/><F71/><W52/><G52/><T32/><N who="0" m="8192" /><DORA hai="116" /><T107/><D107/><U45/><AGARI ba="0,0" hai="23,27,30,41,45,51,55,56,60,81,84,91,121,122" machi="45" ten="30,6000,0" yaku="0,1,52,2" doraHai="69,116" who="1" fromWho="1" sc="170,-20,410,60,210,-20,210,-20" /><INIT seed="1,1,0,3,4,130" ten="150,470,190,190" oya="1" hai0="98,59,80,110,54,35,1,66,76,34,68,4,127" hai1="101,41,26,92,58,100,102,40,111,49,84,126,20" hai2="11,21,78,13,43,118,60,116,103,46,64,7,9" hai3="82,112,119,10,24,61,15,88,22,96,132,38,12"/><U74/><E126/><V117/><F103/><W57/><G38/><T51/><D127/><U47/><E74/><V6/><F21/><W109/><G112/><T8/><D110/><U77/><E111/><V53/><F53/><W89/><G109/><T94/><D66/><U18/><E58/><V93/><F93/><W87/><G119/><T37/><D37/><U55/><REACH who="1" step="1"/><E92/><REACH who="1" ten="150,460,190,190" step="2"/><V91/><F116/><W129/><G129/><T3/><D68/><U36/><E36/><V113/><F118/><W120/><G120/><T23/><D1/><U45/><E45/><V79/><F117/><W0/><G0/><T105/><D105/><U70/><E70/><V50/><F113/><W29/><G57/><T97/><D94/><U67/><E67/><V28/><F64/><W90/><G96/><T122/><D98/><U69/><E69/><V42/><F46/><W108/><G108/><T33/><D97/><U39/><E39/><V25/><F78/><W99/><G99/><T2/><D2/><U32/><E32/><V73/><F79/><W31/><G89/><T86/><D122/><U121/><E121/><V114/><F91/><W19/><G90/><T71/><D71/><U124/><E124/><V48/><F73/><W17/><G88/><T85/><D85/><U44/><E44/><V104/><F104/><W14/><G87/><T133/><D35/><U27/><E27/><V123/><F123/><W30/><G24/><T128/><D34/><U75/><E75/><V56/><F25/><W135/><G61/><T134/><D33/><U125/><E125/><V5/><F114/><RYUUKYOKU ba="1,1" sc="150,-10,460,30,190,-10,190,-10" hai1="18,20,26,40,41,47,49,55,77,84,100,101,102" /><INIT seed="1,2,1,5,3,122" ten="140,490,180,180" oya="1" hai0="112,118,101,60,25,58,73,18,70,126,106,39,59" hai1="76,108,24,3,30,102,121,107,45,90,44,86,33" hai2="77,93,83,109,6,53,78,49,43,48,23,0,117" hai3="37,19,34,85,79,103,13,61,75,81,111,21,96"/><U1/><E121/><V27/><F117/><W7/><G34/><T99/><D118/><U84/><E76/><V57/><F93/><W62/><G37/><T130/><D112/><U38/><E86/><V65/><F65/><W16/><G7/><T88/><D73/><U17/><E17/><V127/><F127/><W32/><G32/><T28/><D39/><U114/><E114/><V92/><F92/><W54/><G54/><T100/><D126/><U8/><E108/><V35/><F35/><W9/><G75/><T14/><D101/><U29/><E29/><V66/><F66/><W124/><G111/><T94/><D130/><U69/><E69/><V36/><F36/><W133/><G133/><T12/><D70/><U105/><E102/><V20/><F77/><W67/><G67/><T95/><D106/><U41/><E45/><V10/><F109/><W15/><G124/><T129/><D129/><U135/><E135/><V11/><F11/><W71/><G71/><T119/><D119/><U4/><REACH who="1" step="1"/><E1/><REACH who="1" ten="140,480,180,180" step="2"/><V68/><F68/><W42/><G42/><T104/><D104/><AGARI ba="2,2" hai="9,13,15,16,19,21,61,62,79,81,85,96,103,104" machi="104" ten="30,2000,0" yaku="7,1,54,1" doraHai="122" who="3" fromWho="0" sc="140,-26,480,0,180,0,180,46" /><INIT seed="2,0,0,2,2,128" ten="114,480,180,226" oya="2" hai0="4,92,116,87,11,113,95,133,7,8,73,31,55" hai1="44,85,119,2,16,132,115,100,135,5,22,29,94" hai2="108,36,114,102,88,47,43,19,3,24,56,84,71" hai3="60,32,111,0,34,70,18,78,50,81,76,127,131"/><V97/><F71/><W17/><G0/><T90/><D73/><U33/><E115/><V39/><F114/><W104/><G104/><T35/><D113/><U10/><E119/><V48/><F3/><W57/><G131/><T27/><D116/><U109/><E109/><V83/><F108/><W96/><G96/><T122/><D122/><U99/><E44/><V129/><F129/><W46/><G127/><T72/><D72/><U101/><E101/><V53/><F24/><W134/><G70/><T110/><D110/><U62/><E62/><V75/><F75/><W51/><G81/><T125/><D125/><U20/><E85/><V52/><F19/><W38/><G46/><T121/><D121/><U1/><E1/><V112/><F112/><W58/><G60/><T54/><D95/><U91/><E91/><V130/><F130/><W69/><G69/><T6/><REACH who="0" step="1"/><D133/><REACH who="0" ten="104,480,180,226" step="2"/><U41/><E94/><V67/><F67/><W68/><G134/><T30/><D30/><U118/><E29/><V40/><F40/><W120/><G111/><T80/><D80/><U124/><E124/><V9/><F53/><AGARI ba="0,1" hai="4,6,7,8,11,27,31,35,53,54,55,87,90,92" machi="53" ten="40,1300,0" yaku="1,1,53,0" doraHai="128" doraHaiUra="64" who="0" fromWho="2" sc="104,23,480,0,180,-13,226,0" /><INIT seed="3,0,0,3,0,91" ten="127,480,167,226" oya="3" hai0="9,122,60,79,69,83,108,34,14,12,53,17,104" hai1="81,25,76,47,77,58,115,119,37,23,68,72,107" hai2="121,106,54,103,1,42,110,31,16,10,105,129,26" hai3="109,48,40,130,15,127,64,0,5,35,13,18,85"/><W82/><G35/><T29/><D104/><U50/><E68/><V19/><F110/><W99/><G130/><T80/><D108/><U95/><E107/><V123/><F129/><W44/><G127/><T43/><D122/><N who="2" m="46602" /><F42/><W67/><G0/><T66/><D43/><U51/><E115/><V89/><F105/><W117/><G117/><T30/><D34/><U28/><E119/><V46/><F89/><W56/><G56/><T2/><D2/><U135/><E135/><V70/><F70/><W65/><G109/><T41/><D41/><U3/><E3/><V75/><F75/><W114/><G114/><T97/><D83/><U101/><E37/><V52/><F103/><W63/><G63/><T116/><D116/><U11/><E77/><V6/><F106/><W21/><G99/><T92/><D53/><N who="2" m="20586" /><F46/><W90/><G5/><T98/><D14/><AGARI ba="0,0" hai="13,14,15,18,21,40,44,48,64,65,67,82,85,90" machi="14" ten="40,2000,0" yaku="8,1" doraHai="91" who="3" fromWho="0" sc="127,-20,480,0,167,0,226,20" /><INIT seed="3,1,0,3,4,21" ten="107,480,167,246" oya="3" hai0="110,77,90,18,35,75,0,104,54,117,59,109,96" hai1="87,98,122,32,41,9,89,118,72,100,46,79,99" hai2="39,36,93,53,124,114,126,73,85,101,49,119,133" hai3="105,82,127,120,76,17,134,19,26,8,34,63,74"/><W27/><G120/><T86/><D117/><U50/><E122/><V12/><F73/><W131/><G105/><T113/><D113/><U48/><E118/><V70/><F119/><W40/><G40/><T66/><D0/><U130/><E130/><V23/><F70/><W3/><G131/><T20/><D66/><U80/><E32/><V52/><F133/><W71/><G134/><T88/><D35/><U2/><E48/><V4/><F53/><W6/><G127/><N who="2" m="48681" /><F114/><W44/><G44/><T64/><D64/><U13/><E2/><V95/><F101/><W116/><G116/><T29/><D29/><U1/><E1/><V129/><F129/><W94/><G34/><T14/><D75/><U43/><E43/><V68/><F68/><W128/><G128/><T51/><D77/><U67/><E67/><V108/><F108/><W56/><G71/><T91/><REACH who="0" step="1"/><D86/><REACH who="0" ten="97,480,167,246" step="2"/><U22/><E87/><V16/><F85/><W135/><G135/><T37/><D37/><N who="2" m="14410" /><F4/><W57/><G76/><T25/><D25/><U81/><E79/><V65/><F65/><W103/><G26/><T121/><D121/><U10/><E72/><V5/><F5/><W7/><G27/><T92/><D92/><U111/><E111/><V60/><F95/><W33/><G94/><T78/><D78/><U83/><E83/><V15/><F93/><W62/><G82/><T106/><D106/><U38/><E81/><V45/><F15/><W132/><G7/><T58/><D58/><U47/><E80/><V69/><F69/><W55/><G6/><T102/><AGARI ba="1,1" hai="14,18,20,51,54,59,88,90,91,96,102,104,109,110" machi="102" ten="30,4000,0" yaku="1,1,0,1,54,1,53,0" doraHai="21" doraHaiUra="115" who="0" fromWho="0" sc="97,53,480,-11,167,-11,246,-21" /><INIT seed="4,0,0,0,3,32" ten="150,469,156,225" oya="0" hai0="16,31,123,75,50,5,4,47,11,30,41,96,134" hai1="15,33,42,89,36,108,124,131,107,18,127,109,60" hai2="100,53,2,97,68,93,135,133,14,101,10,113,57" hai3="74,103,28,86,3,84,121,82,22,29,110,19,21"/><T62/><D123/><U61/><E131/><V44/><F68/><W67/><G110/><T24/><D75/><U132/><E132/><N who="2" m="50763" /><F44/><W76/><G103/><T99/><D134/><U87/><E33/><V126/><F113/><W120/><G67/><T98/><D62/><U13/><E107/><V55/><F126/><W51/><G51/><T45/><D45/><U54/><E42/><V66/><F100/><W95/><G95/><T117/><D117/><U0/><E89/><V35/><F35/><W116/><G116/><T105/><D105/><U72/><E61/><N who="2" m="38191" /><F2/><W6/><G74/><T130/><D130/><U38/><E87/><V77/><F77/><W34/><G84/><T112/><D112/><U81/><E81/><V73/><F73/><W37/><G37/><T83/><D83/><U85/><E18/><AGARI ba="0,0" hai="10,14,18,53,55,93,97,101" m="38191,50763" machi="18" ten="30,1000,0" yaku="20,1" doraHai="32" who="2" fromWho="1" sc="150,0,469,-10,156,10,225,0" /><INIT seed="5,0,0,5,1,16" ten="150,459,166,225" oya="1" hai0="114,13,35,127,1,38,39,82,88,37,62,45,71" hai1="44,29,11,103,89,130,124,125,26,9,100,51,58" hai2="19,74,57,129,31,132,118,98,6,110,92,27,36" hai3="55,15,22,64,97,14,126,76,78,116,90,117,67"/><U23/><E130/><V12/><F118/><W112/><G112/><T28/><D1/><U77/><E58/><V104/><F110/><W102/><G90/><T30/><D114/><U109/><E109/><V47/><F74/><W0/><G0/><T106/><D106/><U42/><E77/><V113/><F104/><W73/><G55/><T34/><D127/><N who="1" m="48715" /><E89/><V68/><F68/><W93/><G15/><T108/><D108/><U134/><E134/><V32/><F6/><W49/><G49/><T86/><D45/><U75/><E75/><V5/><F5/><W101/><G101/><AGARI ba="0,0" hai="9,11,23,26,29,42,44,51,100,101,103" m="48715" machi="101" ten="30,2900,0" yaku="18,1,52,1" doraHai="16" who="1" fromWho="3" sc="150,0,459,29,166,0,225,-29" /><INIT seed="5,1,0,2,0,20" ten="150,488,166,196" oya="1" hai0="85,89,2,97,52,58,43,111,67,56,51,100,109" hai1="78,25,53,29,82,92,135,94,65,79,10,12,93" hai2="14,131,76,126,3,44,88,106,99,134,104,4,101" hai3="41,27,63,42,91,59,8,116,83,102,49,68,17"/><U30/><E135/><V81/><F134/><W70/><G102/><T28/><D2/><U90/><E65/><V105/><F131/><W54/><G116/><T121/><D121/><U1/><E1/><V124/><F3/><W61/><G8/><T113/><D113/><U19/><E30/><V11/><F44/><W60/><G70/><T96/><D43/><U115/><E115/><V15/><F15/><W9/><G68/><T98/><D100/><U73/><E53/><V48/><F48/><W13/><G83/><T24/><D67/><U36/><E79/><V129/><F129/><W16/><G91/><T84/><D58/><U31/><E31/><V62/><F62/><W122/><G122/><T69/><D69/><U95/><E36/><V103/><F88/><W46/><G42/><T114/><D114/><U130/><E95/><V39/><F39/><W22/><AGARI ba="1,0" hai="9,13,16,17,22,27,41,46,49,54,59,60,61,63" machi="22" ten="30,7900,0" yaku="0,1,8,1,52,1,54,1" doraHai="20" who="3" fromWho="3" sc="150,-21,488,-40,166,-21,196,82" /><INIT seed="6,0,0,3,3,19" ten="129,448,145,278" oya="2" hai0="22,14,8,127,133,86,3,34,93,68,29,95,120" hai1="111,61,62,126,18,117,51,49,104,26,7,67,121" hai2="100,52,125,56,81,76,115,35,15,75,58,109,47" hai3="55,30,130,98,123,45,110,5,48,108,116,60,79"/><V46/><F115/><W69/><G123/><T73/><D73/><U71/><E111/><V118/><F109/><W101/><G116/><T24/><D120/><U80/><E104/><V103/><F118/><W82/><G130/><T122/><D122/><U43/><E117/><V32/><F125/><W106/><G5/><T87/><D68/><U91/><E126/><V90/><F58/><W64/><REACH who="3" step="1"/><G30/><REACH who="3" ten="129,448,145,268" step="2"/><T27/><D127/><U63/><E7/><V16/><F35/><W37/><G37/><T28/><D133/><U128/><E128/><V96/><F32/><W53/><G53/><T74/><D29/><U114/><E121/><V57/><F52/><W92/><G92/><T12/><D93/><U21/><E67/><V39/><F39/><W0/><G0/><T97/><D3/><U23/><E43/><V41/><F41/><W78/><G78/><T135/><D135/><U83/><E83/><V9/><F76/><W65/><G65/><T11/><D95/><U42/><E80/><V85/><F81/><W134/><G134/><T107/><D28/><U89/><E42/><V36/><F36/><W33/><G33/><T112/><D34/><U20/><E71/><V66/><F66/><W129/><G129/><T50/><D112/><U132/><E114/><V54/><F54/><W38/><G38/><T10/><D107/><U6/><E6/><V94/><F94/><W102/><G102/><T2/><D2/><U4/><E4/><N who="2" m="3495" /><F103/><W124/><G124/><T13/><D97/><U72/><E132/><V59/><F100/><W31/><G31/><T77/><D77/><RYUUKYOKU ba="0,1" sc="129,-10,448,-10,145,-10,268,30" hai3="45,48,55,60,64,69,79,82,98,101,106,108,110" /><INIT seed="7,1,1,0,2,94" ten="119,438,135,298" oya="3" hai0="68,65,71,17,81,77,27,106,1,88,45,43,35" hai1="131,75,122,101,135,24,66,0,98,7,36,15,62" hai2="53,32,116,56,58,49,69,57,19,120,129,31,9" hai3="51,97,61,85,52,30,76,82,16,93,133,113,40"/><W102/><G133/><T25/><D88/><U124/><E122/><V3/><F116/><W108/><G113/><T111/><D17/><U92/><E75/><V72/><F69/><W42/><G108/><T89/><D89/><U55/><E135/><V74/><F120/><W121/><G121/><T119/><D27/><U128/><E124/><V21/><F129/><N who="1" m="49737" /><E36/><V80/><F32/><W14/><G61/><T96/><D119/><U73/><E73/><V134/><F134/><W4/><G30/><N who="0" m="19919" /><D111/><U11/><E24/><N who="2" m="16783" /><F3/><W48/><G4/><T18/><D18/><U60/><E55/><V130/><F130/><W132/><G48/><N who="0" m="26687" /><D1/><U123/><E123/><V6/><F74/><W63/><G63/><N who="1" m="24106" /><E0/><V104/><F6/><W110/><G110/><T79/><D65/><AGARI ba="1,1" hai="7,11,15,65,66,92,98,101" m="24106,49737" machi="65" ten="30,2000,0" yaku="19,1,52,1" doraHai="94" who="1" fromWho="0" sc="119,-23,438,33,135,0,298,0" owari="96,-40.0,471,56.0,135,-26.0,298,10.0" /></mjloggm>