<mjloggm ver="2.3"><GO type="169" lobby="0"/><UN n0="%E5%B0%B1%E6%B4%BB%E7%94%9F%40%E5%B7%9D%E6%9D%91%E8%BB%8D%E5%9B%A3" n1="%E3%81%91%E3%82%93%31%39%37%30" n2="%E6%9A%97%E3%81%84%E7%AC%A6" n3="%E7%A2%BA%E8%AA%8D%E4%BA%8B%E9%A0%85" dan="17,16,17,17" rate="2203.33,2136.81,2234.80,2140.05" sx="M,M,M,M"/><TAIKYOKU oya="0"/><INIT seed="0,0,0,2,0,52" ten="250,250,250,250" oya="0" hai0="103,121,107,48,34,90,104,25,97,119,17,122,64" hai1="6,75,38,124,24,89,10,81,55,40,37,59,127" hai2="100,63,68,125,96,15,13,114,78,12,2,109,41" hai3="61,58,66,135,131,99,21,74,67,130,69,86,27"/><T50/><D119/><U29/><E89/><V44/><F2/><W43/><G74/><T120/><D107/><U126/><E40/><V9/><F114/><W118/><G118/><T0/><D0/><U46/><E46/><V47/><F125/><W4/><G135/><T76/><D76/><U87/><E75/><V92/><F109/><W113/><G113/><T108/><D108/><U83/><E38/><V8/><F47/><W132/><G132/><T72/><D72/><U30/><E37/><V101/><F100/><W93/><G86/><T88/><D64/><U31/><E24/><V116/><F116/><W33/><G4/><T39/><D39/><U112/><E87/><V32/><F32/><W115/><G33/><T11/><D11/><U71/><E71/><V1/><F1/><W117/><G43/><T84/><D90/><U70/><E70/><V80/><F63/><N who="3" m="38263" /><G115/><T23/><REACH who="0" step="1"/><D34/><REACH who="0" ten="240,250,250,250" step="2"/><U110/><E110/><V62/><F8/><W106/><G106/><T53/><D53/><U57/><E112/><V7/><F78/><W5/><G67/><T133/><D133/><U18/><E55/><V95/><F9/><W91/><G91/><T22/><D22/><U19/><E10/><V42/><F42/><W134/><G134/><T82/><AGARI ba="0,1" hai="17,23,25,48,50,82,84,88,97,103,104,120,121,122" machi="82" ten="30,6000,0" yaku="1,1,0,1,54,1,53,0" doraHai="52" doraHaiUra="36" who="0" fromWho="0" sc="240,70,250,-20,250,-20,250,-20" /><INIT seed="0,1,0,5,3,84" ten="310,230,230,230" oya="0" hai0="77,98,112,81,91,45,89,63,48,68,126,122,124" hai1="2,115,106,85,8,103,15,73,39,123,61,33,133" hai2="66,31,82,36,130,23,26,114,35,5,135,41,20" hai3="120,29,10,11,76,34,87,102,7,110,95,75,111"/><T69/><D122/><U55/><E73/><V54/><F66/><W97/><G120/><T94/><D112/><U51/><E39/><V17/><F114/><W79/><G75/><T117/><D117/><U109/><E2/><V119/><F54/><W3/><G10/><T105/><D105/><U83/><E33/><V129/><F36/><W64/><G64/><T57/><D77/><U50/><E115/><V127/><F41/><W65/><G65/><T71/><D81/><U70/><E133/><V128/><F82/><W27/><REACH who="3" step="1"/><G87/><REACH who="3" ten="310,230,230,220" step="2"/><T32/><D126/><U1/><E85/><V113/><F113/><W9/><G9/><T67/><D124/><U16/><E8/><V13/><F127/><W88/><G88/><T14/><D32/><U107/><E123/><V56/><F119/><W131/><G131/><T38/><D38/><U52/><E103/><V22/><F135/><W74/><G74/><T12/><REACH who="0" step="1"/><D89/><REACH who="0" ten="300,230,230,220" step="2"/><U132/><E132/><V93/><F129/><W92/><G92/><T104/><D104/><U19/><E107/><V118/><F93/><W116/><G116/><T121/><D121/><U40/><E106/><V100/><F118/><W18/><G18/><T24/><D24/><U4/><E16/><V28/><F26/><W37/><G37/><T60/><D60/><U53/><E19/><V49/><F17/><W62/><G62/><T59/><D59/><U30/><E61/><V125/><F56/><W72/><G72/><T43/><AGARI ba="1,2" hai="12,14,43,45,48,57,63,67,68,69,71,91,94,98" machi="43" ten="30,6000,0" yaku="1,1,0,1,52,1,53,0" doraHai="84" doraHaiUra="21" who="0" fromWho="0" sc="300,83,230,-21,230,-21,220,-21" /><INIT seed="0,2,0,3,0,104" ten="383,209,209,199" oya="0" hai0="29,123,23,50,12,57,107,77,15,13,5,102,32" hai1="7,81,122,70,60,14,65,119,87,6,113,108,130" hai2="109,51,124,67,27,0,34,78,49,101,82,54,103" hai3="33,42,43,91,105,41,86,131,128,53,73,112,64"/><T120/><D107/><U48/><E119/><V56/><F0/><W106/><G112/><T37/><D37/><U90/><E122/><V100/><F67/><W16/><G33/><T11/><D102/><U118/><E118/><V93/><F109/><W79/><G64/><T20/><D77/><U80/><E108/><V24/><F124/><W71/><G71/><T58/><D50/><U125/><E125/><V10/><F10/><W66/><G66/><T133/><D133/><U88/><E130/><N who="3" m="49706" /><G53/><T92/><D92/><U61/><E61/><V135/><F135/><W132/><G132/><T121/><D58/><U44/><E14/><N who="0" m="5737" /><D57/><U46/><E46/><V31/><F24/><AGARI ba="2,0" hai="5,11,15,20,23,24,29,32,120,121,123" m="5737" machi="24" ten="40,3900,0" yaku="34,2" doraHai="104" who="0" fromWho="2" sc="383,45,209,0,209,-45,199,0" /><INIT seed="0,3,0,3,0,114" ten="428,209,164,199" oya="0" hai0="61,82,11,50,70,26,27,47,58,85,68,74,23" hai1="81,19,34,13,65,8,22,108,128,42,120,45,10" hai2="119,110,15,63,121,41,5,25,57,9,89,118,125" hai3="102,131,69,3,86,90,31,126,93,133,51,77,36"/><T127/><D127/><U40/><E120/><V64/><F121/><W78/><G36/><T73/><D73/><U107/><E107/><V55/><F125/><W129/><G126/><T103/><D74/><U92/><E34/><V135/><F41/><W24/><G3/><T132/><D132/><U32/><E32/><V44/><F135/><W71/><G133/><T113/><D113/><U76/><E65/><V60/><F110/><W12/><G12/><T72/><D72/><U48/><E108/><V97/><F25/><W16/><G102/><T30/><D103/><U2/><E128/><N who="3" m="49226" /><G51/><T124/><D124/><U7/><E92/><V35/><F35/><N who="3" m="20967" /><G16/><T79/><D26/><U83/><E42/><V105/><F44/><W20/><G20/><T100/><D100/><U99/><E99/><V1/><F105/><W43/><G43/><T130/><D130/><U4/><REACH who="1" step="1"/><E76/><AGARI ba="3,0" hai="69,71,76,77,78,86,90,93" m="20967,49226" machi="76" ten="30,1000,0" yaku="19,1" doraHai="114" who="3" fromWho="1" sc="428,0,209,-19,164,0,199,19" /><INIT seed="1,0,0,3,4,14" ten="428,190,164,218" oya="1" hai0="49,117,112,28,3,32,78,131,24,11,100,129,73" hai1="90,63,91,86,105,99,98,71,6,109,29,17,61" hai2="107,83,103,133,72,54,85,45,108,67,20,97,123" hai3="65,1,38,48,41,39,18,46,36,95,40,106,13"/><U53/><E6/><V77/><F67/><W44/><G106/><T16/><D117/><U22/><E109/><V35/><F35/><W37/><G1/><T21/><D100/><U62/><E29/><V23/><F108/><W125/><G125/><T55/><D112/><U59/><E105/><V76/><F76/><W127/><G127/><T116/><D116/><U124/><E124/><V111/><F111/><W69/><G48/><T9/><D78/><U60/><E71/><V42/><F133/><W31/><G31/><T75/><D75/><U101/><E101/><V8/><F8/><W115/><G115/><T92/><D92/><U88/><REACH who="1" step="1"/><E86/><REACH who="1" ten="428,180,164,218" step="2"/><V51/><F72/><W0/><G0/><T89/><D73/><U25/><AGARI ba="0,1" hai="17,22,25,53,59,60,61,62,63,88,90,91,98,99" machi="25" ten="30,18000,2" yaku="1,1,2,1,0,1,8,1,52,1,54,1,53,0" doraHai="14" doraHaiUra="10" who="1" fromWho="1" sc="428,-60,180,190,164,-60,218,-60" /><INIT seed="1,1,0,1,3,120" ten="368,370,104,158" oya="1" hai0="3,11,59,125,99,126,58,56,52,1,100,53,104" hai1="127,92,107,106,77,133,78,132,87,81,43,109,54" hai2="51,74,83,117,21,97,91,86,45,79,18,72,25" hai3="49,5,115,69,76,17,50,12,123,28,102,42,47"/><U24/><E43/><V0/><F0/><W114/><G123/><T26/><D26/><U33/><E33/><V128/><F117/><W82/><G69/><T37/><D37/><U57/><E24/><V66/><F128/><W34/><G102/><T116/><D116/><U113/><E113/><V7/><F66/><W71/><G71/><T32/><D32/><U36/><E36/><V19/><F7/><W39/><G34/><T73/><D73/><U13/><E13/><V94/><REACH who="2" step="1"/><F18/><REACH who="2" ten="368,370,94,158" step="2"/><W111/><G5/><T2/><REACH who="0" step="1"/><D11/><REACH who="0" ten="358,370,94,158" step="2"/><U96/><E133/><V35/><F35/><W30/><G115/><T23/><D23/><U60/><E132/><V27/><F27/><W80/><G114/><T64/><D64/><U44/><E127/><AGARI ba="1,2" hai="1,2,3,52,53,56,58,59,99,100,104,125,126,127" machi="127" ten="50,6400,0" yaku="1,1,18,1,54,1,53,0" doraHai="120" doraHaiUra="68" who="0" fromWho="1" sc="358,87,370,-67,94,0,158,0" /><INIT seed="2,0,0,3,3,52" ten="445,303,94,158" oya="2" hai0="107,127,78,108,1,86,85,104,118,47,92,117,128" hai1="83,79,45,35,41,13,77,17,12,80,129,126,54" hai2="94,75,69,23,135,109,88,9,30,57,55,56,61" hai3="91,19,29,62,133,42,90,70,43,123,111,76,11"/><V71/><F75/><W116/><G116/><N who="0" m="44651" /><D1/><U73/><E35/><V64/><F135/><W36/><G76/><T39/><D39/><U89/><E129/><V120/><F120/><W119/><G29/><T67/><D67/><U32/><E32/><V65/><F9/><W18/><G119/><T28/><D28/><U2/><E2/><V102/><F102/><W101/><G101/><T31/><D31/><U125/><E89/><V63/><F109/><W38/><G62/><T100/><D47/><U68/><E68/><V66/><F71/><W95/><G95/><T27/><D27/><U34/><E34/><V97/><F69/><W50/><G70/><T60/><D60/><U53/><E41/><V96/><F97/><W14/><G11/><T82/><D108/><U115/><E45/><V132/><F132/><W22/><G133/><T103/><D128/><U46/><E46/><V16/><F30/><W130/><G130/><T24/><D24/><AGARI ba="0,0" hai="16,23,24,55,56,57,61,63,64,65,66,88,94,96" machi="24" ten="30,24000,3" yaku="7,1,25,2,8,1,52,2,54,2" doraHai="52" who="2" fromWho="0" sc="445,-240,303,0,94,240,158,0" /><INIT seed="2,1,0,1,4,85" ten="205,303,334,158" oya="2" hai0="111,53,84,101,46,123,40,108,110,75,9,120,122" hai1="130,49,107,27,47,121,35,68,86,125,28,48,70" hai2="32,41,73,99,83,74,96,13,11,106,10,89,95" hai3="24,63,19,66,103,44,71,94,97,42,54,114,100"/><V8/><F32/><W72/><G114/><T134/><D75/><U117/><E107/><V14/><F41/><W50/><G72/><T80/><D101/><U0/><E0/><V90/><F106/><W113/><G113/><T21/><D134/><U6/><E117/><V38/><F38/><W115/><G115/><T31/><D53/><U132/><E6/><V112/><F112/><W2/><G2/><T104/><D104/><U34/><E132/><V92/><F83/><W4/><G4/><T65/><D65/><U12/><E12/><AGARI ba="1,0" hai="8,10,11,12,13,14,73,74,89,90,92,95,96,99" machi="12" ten="40,7700,0" yaku="9,1,52,2" doraHai="85" who="2" fromWho="1" sc="205,0,303,-80,334,80,158,0" /><INIT seed="2,2,0,3,5,41" ten="205,223,414,158" oya="2" hai0="35,73,105,84,20,4,78,90,71,63,91,89,100" hai1="0,96,18,122,42,23,25,117,134,126,135,79,51" hai2="94,81,129,120,34,102,72,38,132,21,114,118,106" hai3="61,104,75,116,131,58,43,59,37,24,60,1,33"/><V3/><F21/><W95/><G104/><T98/><D35/><U26/><E117/><V50/><F81/><W36/><G75/><T54/><D4/><U57/><E0/><V92/><F92/><W62/><G1/><T27/><D71/><U86/><E126/><V55/><F94/><W121/><G116/><T108/><D108/><U44/><E122/><V74/><F102/><W123/><G95/><T16/><D63/><U85/><E96/><V128/><F74/><W130/><G24/><T47/><D73/><U15/><E57/><N who="3" m="21514" /><G33/><T49/><REACH who="0" step="1"/><D78/><REACH who="0" ten="195,223,414,158" step="2"/><U76/><E76/><V30/><F34/><W77/><G77/><T10/><D10/><U46/><E79/><V107/><F72/><W6/><G6/><T101/><D101/><U45/><E134/><V13/><F132/><W67/><G67/><T32/><D32/><U83/><E135/><V29/><F118/><W2/><G2/><T52/><D52/><N who="1" m="29815" /><E83/><AGARI ba="2,1" hai="16,20,27,47,49,54,83,84,89,90,91,98,100,105" machi="83" ten="30,7700,0" yaku="1,1,7,1,52,1,54,1,53,0" doraHai="41" doraHaiUra="124" who="0" fromWho="1" sc="195,93,223,-83,414,0,158,0" /><INIT seed="3,0,0,0,3,65" ten="288,140,414,158" oya="3" hai0="29,31,72,100,25,104,107,13,50,88,63,26,87" hai1="12,28,128,42,36,90,21,109,93,14,56,30,15" hai2="129,34,57,55,32,113,11,24,66,64,79,121,83" hai3="47,127,5,10,48,124,49,7,46,16,110,77,0"/><W91/><G77/><T73/><D13/><U35/><E36/><V123/><F113/><W22/><G110/><T89/><D50/><N who="3" m="19561" /><G7/><T6/><D63/><U131/><E42/><V18/><F55/><W74/><G74/><T1/><D87/><U61/><E35/><V67/><F57/><W43/><G91/><T112/><D6/><U118/><E109/><V51/><F51/><W39/><G39/><T41/><D41/><U108/><E108/><V115/><F115/><W33/><G33/><T125/><D112/><U23/><E118/><V70/><F34/><W95/><G95/><T86/><D86/><U132/><E132/><V133/><F133/><W92/><G92/><T103/><REACH who="0" step="1"/><D125/><REACH who="0" ten="278,140,414,158" step="2"/><N who="3" m="48201" /><G43/><T53/><D53/><N who="1" m="33935" /><E131/><V37/><F129/><W68/><G47/><T9/><D9/><U134/><E128/><V62/><F11/><W98/><G46/><T69/><D69/><U114/><E114/><V20/><F70/><W52/><G68/><T117/><D117/><U105/><E134/><V126/><F62/><W2/><G52/><T119/><D119/><U59/><E15/><V102/><F126/><W17/><G5/><T71/><D71/><U45/><E14/><V94/><F66/><W116/><G116/><T130/><D130/><U76/><E12/><V58/><F67/><W106/><G10/><T38/><D38/><U27/><E45/><V97/><F64/><W84/><G84/><T8/><D8/><U44/><E44/><V81/><F37/><W19/><G22/><T4/><D4/><U120/><E23/><V101/><F20/><W3/><G3/><AGARI ba="0,1" hai="1,3,25,26,29,31,72,73,88,89,100,103,104,107" machi="3" ten="25,8000,1" yaku="1,1,6,1,22,2,54,1,53,0" doraHai="65" doraHaiUra="75" who="0" fromWho="3" sc="278,90,140,0,414,0,158,-80" /><INIT seed="4,0,0,0,2,16" ten="368,140,414,78" oya="0" hai0="84,74,8,18,124,123,17,132,41,38,55,20,72" hai1="93,80,51,90,134,101,106,5,62,39,73,4,31" hai2="100,102,125,37,24,46,75,23,21,35,57,97,11" hai3="116,10,133,113,76,61,79,49,82,86,89,27,58"/><T22/><D123/><U59/><E39/><V54/><F75/><W42/><G116/><T66/><D124/><U114/><E134/><V121/><F121/><W126/><G133/><T2/><D132/><U108/><E108/><V99/><F35/><W88/><G126/><T81/><D66/><U94/><E51/><V36/><F24/><W63/><G113/><T65/><D65/><U60/><E114/><V118/><F125/><W67/><G10/><T25/><D55/><U56/><E106/><V119/><F11/><W105/><G105/><T127/><D127/><U107/><E107/><V33/><F33/><W69/><G79/><T95/><D95/><U117/><E31/><V68/><F57/><W30/><G49/><T112/><D112/><U109/><E73/><V28/><F28/><W34/><REACH who="3" step="1"/><G42/><REACH who="3" ten="368,140,414,68" step="2"/><T29/><D41/><U70/><E117/><V91/><F119/><W9/><G9/><T47/><D8/><U3/><E109/><V92/><F118/><W6/><G6/><T98/><D2/><U130/><E3/><V71/><F37/><W115/><G115/><T1/><D1/><U26/><E4/><V122/><F36/><W135/><G135/><T96/><D38/><U32/><E5/><V110/><F110/><W83/><G83/><T87/><D81/><U103/><E80/><V50/><F50/><W13/><G13/><T64/><D72/><U53/><E62/><V19/><F122/><W85/><G85/><T131/><D74/><U52/><E60/><V7/><F7/><W15/><G15/><T12/><D87/><U77/><E77/><RYUUKYOKU ba="0,1" sc="368,-10,140,-10,414,-10,68,30" hai3="27,30,34,58,61,63,67,69,76,82,86,88,89" /><INIT seed="5,1,1,5,3,101" ten="358,130,404,98" oya="1" hai0="71,91,60,118,122,17,90,74,97,75,59,106,63" hai1="86,19,52,81,26,78,21,67,23,108,127,46,2" hai2="87,58,95,117,65,1,131,69,37,133,3,116,25" hai3="79,68,83,5,105,124,107,9,114,125,134,109,50"/><U70/><E2/><V32/><F37/><W123/><G109/><T96/><D118/><U35/><E108/><V66/><F58/><W20/><G123/><T113/><D113/><U89/><E127/><N who="3" m="48714" /><G114/><T36/><D36/><U62/><E35/><V120/><F87/><N who="3" m="48639" /><G134/><T18/><D122/><U34/><E34/><V12/><F95/><W102/><G102/><T6/><D59/><U110/><E110/><V119/><F65/><W135/><G135/><T44/><D44/><U128/><E128/><V10/><F133/><W77/><G68/><T112/><D112/><U98/><E23/><V28/><F120/><W73/><G20/><T126/><D126/><U84/><E98/><V80/><F80/><N who="3" m="45103" /><G50/><T47/><D47/><U54/><REACH who="1" step="1"/><E46/><REACH who="1" ten="358,120,404,98" step="2"/><V53/><F117/><W4/><G4/><T7/><D71/><U49/><E49/><V41/><F119/><W111/><G111/><T38/><D38/><U99/><E99/><V129/><F69/><W29/><G29/><T64/><D96/><U100/><E100/><V130/><F28/><W27/><G27/><T24/><D97/><U11/><E11/><V39/><F131/><W132/><G132/><T57/><D24/><U103/><E103/><V55/><F10/><W92/><G92/><AGARI ba="1,2" hai="19,21,26,52,54,62,67,70,78,81,84,86,89,92" machi="92" ten="30,5800,0" yaku="1,1,7,1,54,1,53,0" doraHai="101" doraHaiUra="104" who="1" fromWho="3" sc="358,0,120,81,404,0,98,-61" /><INIT seed="5,2,0,1,5,131" ten="358,201,404,37" oya="1" hai0="70,73,17,98,108,3,4,113,10,84,29,67,97" hai1="134,80,12,35,65,14,95,117,60,68,61,48,52" hai2="69,82,122,64,49,42,13,85,16,23,15,44,51" hai3="74,123,22,109,72,39,40,114,9,90,32,30,119"/><U92/><E117/><V43/><F122/><W76/><G90/><T63/><D108/><U45/><E35/><V133/><F69/><W31/><G22/><T59/><D73/><U87/><E134/><V81/><F64/><W58/><G58/><T126/><D113/><U1/><E1/><V50/><F133/><W106/><G40/><N who="2" m="15401" /><F15/><W132/><G9/><T93/><D126/><U121/><E121/><V56/><F56/><W55/><G55/><T8/><D29/><U0/><E0/><V71/><F71/><W77/><G77/><T127/><D70/><U6/><E61/><V7/><F7/><W100/><G76/><T125/><D125/><U129/><E129/><V111/><F111/><W105/><G100/><T33/><D127/><U36/><E36/><V89/><F82/><W46/><G46/><AGARI ba="2,0" hai="13,16,23,44,46,49,50,51,81,85,89" m="15401" machi="46" ten="30,2000,0" yaku="8,1,54,1" doraHai="131" who="2" fromWho="3" sc="358,0,201,0,404,26,37,-26" /><INIT seed="6,0,0,3,1,105" ten="358,201,430,11" oya="2" hai0="132,77,21,97,130,111,33,6,48,69,128,87,68" hai1="19,51,79,134,23,37,66,7,123,14,114,98,95" hai2="57,26,91,9,10,36,58,71,30,131,102,63,92" hai3="116,107,113,41,80,118,34,73,45,133,103,88,0"/><V124/><F36/><W74/><G34/><T127/><D33/><U5/><E37/><V117/><F71/><W17/><G0/><T3/><D111/><U61/><E114/><V81/><F117/><W59/><G113/><T52/><D132/><U2/><E134/><V94/><F81/><W99/><G133/><T72/><D127/><U12/><E123/><V125/><F131/><N who="0" m="50218" /><D97/><U18/><E2/><V90/><F102/><W1/><G1/><T4/><D21/><U85/><E51/><V15/><F26/><W121/><G59/><N who="0" m="33159" /><D87/><U70/><E85/><V100/><F100/><W28/><G28/><T50/><D50/><U38/><E38/><V86/><F30/><W119/><G121/><T64/><D64/><U8/><E79/><V43/><F86/><W42/><G17/><T31/><D31/><U27/><E27/><V55/><F63/><W65/><G65/><T20/><D20/><U11/><REACH who="1" step="1"/><E23/><REACH who="1" ten="358,191,430,11" step="2"/><V126/><F126/><W13/><G13/><T32/><D32/><U82/><E82/><V112/><F15/><W109/><G109/><T122/><D122/><U84/><E84/><V83/><F83/><W47/><G80/><N who="0" m="45095" /><D3/><U62/><E62/><V78/><F112/><W54/><G54/><T93/><D93/><U40/><E40/><N who="3" m="15466" /><G88/><AGARI ba="0,1" hai="5,7,8,11,12,14,18,19,61,66,70,88,95,98" machi="88" ten="30,7700,0" yaku="1,1,7,1,9,1,54,1,53,0" doraHai="105" doraHaiUra="106" who="1" fromWho="3" sc="358,0,191,87,430,0,11,-77" owari="358,16.0,278,-12.0,430,53.0,-66,-57.0" /></mjloggm>