<mjloggm ver="2.3"><GO type="225" lobby="0"/><UN n0="%E7%AC%AC%E4%BA%8C%E9%9F%B3%E6%A5%BD%E5%AE%A4" n1="%E9%B3%B3%E6%9D%B1%E3%81%AE%E5%A5%B3%E7%A5%9E" n2="%E3%82%A6%E3%83%AB%E3%83%88%E3%83%A9%E7%AB%8B%E7%9B%B4" n3="%E8%B6%85%E4%BA%BA%EF%BC%AD" dan="16,17,17,16" rate="2097.55,2138.59,2154.64,2214.10" sx="F,F,M,M"/><TAIKYOKU oya="0"/><INIT seed="0,0,0,3,5,29" ten="250,250,250,250" oya="0" hai0="0,103,51,115,34,89,101,84,52,44,110,60,63" hai1="134,58,24,15,64,53,28,37,130,11,9,54,120" hai2="88,135,65,131,39,26,121,19,82,132,93,38,69" hai3="57,1,68,49,109,46,21,81,8,45,114,104,125"/><T41/><D115/><U117/><E117/><V2/><F2/><W32/><G68/><T42/><D0/><U96/><E120/><V122/><F82/><W4/><G104/><T116/><D116/><U59/><E37/><N who="2" m="13835" /><F19/><W70/><G70/><T118/><D118/><U12/><E130/><V97/><F26/><W62/><G114/><T105/><D110/><U107/><E134/><N who="2" m="51243" /><F131/><W124/><G109/><T5/><D5/><U129/><E129/><V77/><F77/><W48/><G81/><T91/><D105/><U126/><E126/><N who="3" m="48746" /><G21/><T31/><D103/><U76/><E76/><V16/><F16/><W30/><G46/><T3/><D101/><U73/><E24/><V102/><F102/><W61/><G30/><T108/><D3/><U25/><E28/><V100/><F100/><W128/><G128/><T74/><D74/><U7/><E73/><V111/><F111/><W127/><G127/><T66/><D108/><U67/><E107/><V99/><F99/><W86/><G86/><T119/><D84/><U98/><E25/><V22/><F22/><W79/><G79/><T85/><D85/><U40/><E7/><V17/><F17/><W35/><G45/><T78/><D78/><U33/><E33/><N who="3" m="12874" /><G62/><AGARI ba="0,0" hai="62,65,69,88,93,97,121,122" m="51243,13835" machi="62" ten="30,2000,0" yaku="20,1,54,1" doraHai="29" who="2" fromWho="3" sc="250,0,250,0,250,20,250,-20" /><INIT seed="1,0,0,3,3,129" ten="250,250,270,230" oya="1" hai0="66,133,98,83,38,51,79,95,19,96,61,89,60" hai1="88,130,68,36,134,125,53,75,105,31,14,94,87" hai2="6,135,128,122,107,3,24,97,11,78,1,59,52" hai3="85,64,82,15,106,26,99,131,62,29,28,76,25"/><U101/><E75/><V10/><F122/><W40/><G131/><T37/><D133/><U17/><E134/><V91/><F78/><W33/><G40/><T127/><D127/><U103/><E36/><V48/><F128/><W55/><G55/><T113/><D113/><U77/><E130/><V73/><F73/><W121/><G15/><T111/><D111/><U92/><E77/><V46/><F135/><W45/><G45/><T42/><D19/><U70/><E105/><V27/><F91/><W49/><G49/><T126/><D126/><U47/><E31/><V90/><F90/><W0/><G0/><T20/><D20/><U56/><E47/><V22/><F22/><W80/><G80/><T110/><D110/><U13/><E125/><V116/><F116/><W74/><G74/><T5/><D5/><U44/><E44/><V93/><F93/><W58/><G121/><T132/><D132/><U109/><E109/><V35/><F35/><W104/><REACH who="3" step="1"/><G99/><REACH who="3" ten="250,250,270,220" step="2"/><T67/><D51/><U8/><E13/><V84/><F46/><W18/><G18/><T69/><D42/><U118/><E118/><V43/><F43/><W115/><G115/><T63/><D98/><N who="1" m="59607" /><E53/><V34/><F3/><W2/><G2/><T21/><D38/><U102/><E17/><V114/><F114/><W123/><G123/><T81/><D37/><U108/><E14/><N who="2" m="5463" /><F52/><W65/><G65/><T54/><D54/><U39/><E108/><V86/><F1/><W71/><G71/><N who="1" m="27178" /><E39/><V124/><F124/><W23/><AGARI ba="0,1" hai="23,25,26,28,29,33,58,62,64,76,82,85,104,106" machi="23" ten="20,2700,0" yaku="1,1,0,1,7,1,53,0" doraHai="129" doraHaiUra="50" who="3" fromWho="3" sc="250,-7,250,-13,270,-7,220,37" /><INIT seed="2,0,0,3,4,124" ten="243,237,263,257" oya="2" hai0="122,115,94,83,48,14,22,21,76,64,98,91,6" hai1="111,59,69,74,133,99,82,23,45,0,134,127,19" hai2="73,61,3,25,87,114,54,104,117,17,131,81,116" hai3="105,35,121,65,60,39,128,53,16,50,5,75,95"/><V135/><F3/><W57/><G105/><T68/><D115/><U97/><E69/><V40/><F73/><W100/><G75/><T123/><D48/><U132/><E0/><V126/><F104/><W88/><G35/><T7/><D64/><U85/><E74/><V67/><F114/><W52/><G39/><T36/><D68/><U119/><E119/><V70/><F40/><W43/><G5/><T20/><D36/><U78/><E127/><V8/><F126/><W26/><G121/><T56/><D56/><U108/><E59/><V15/><F131/><W92/><G128/><T46/><D46/><U113/><E45/><V10/><F135/><W72/><G72/><T34/><D34/><U84/><E113/><V49/><F25/><W55/><G43/><T4/><D14/><U28/><E28/><V42/><F8/><W31/><G31/><T47/><D47/><U106/><E106/><V96/><F96/><N who="1" m="36937" /><E85/><V30/><F30/><W38/><G100/><T129/><D129/><U93/><E93/><N who="3" m="35914" /><G88/><T41/><D41/><U13/><AGARI ba="0,0" hai="13,19,23,78,82,84,108,111,132,133,134" m="36937" machi="13" ten="40,1500,0" yaku="20,1" doraHai="124" who="1" fromWho="1" sc="243,-4,237,15,263,-7,257,-4" /><INIT seed="3,0,0,4,1,51" ten="239,252,256,253" oya="3" hai0="23,64,109,53,21,122,68,8,110,19,22,113,18" hai1="111,112,70,41,83,119,54,100,126,81,77,129,62" hai2="106,48,46,47,28,29,93,72,45,90,11,131,124" hai3="9,114,3,32,4,91,25,103,134,79,108,30,27"/><W71/><G71/><T85/><D122/><U16/><E112/><V92/><F106/><W36/><G36/><T52/><D113/><U102/><E111/><N who="0" m="42505" /><D85/><U120/><E120/><V67/><F72/><W104/><G108/><T13/><D19/><U57/><E126/><V60/><F131/><W55/><G114/><T74/><D74/><U50/><E129/><V97/><F124/><W107/><G79/><T38/><D38/><U65/><E119/><V59/><F11/><W128/><G128/><T2/><D2/><U49/><E81/><V66/><F66/><W116/><G116/><T80/><D80/><U73/><E41/><V7/><F7/><W6/><G6/><T135/><D135/><U17/><E49/><V5/><F5/><W33/><G134/><T26/><D26/><U24/><E24/><V42/><F93/><W61/><G91/><T31/><D31/><AGARI ba="0,0" hai="28,29,31,42,45,46,47,48,59,60,67,90,92,97" machi="31" ten="40,1300,0" yaku="8,1" doraHai="51" who="2" fromWho="0" sc="239,-13,252,0,256,13,253,0" /><INIT seed="4,0,0,4,5,21" ten="226,252,269,253" oya="0" hai0="8,118,48,70,82,132,86,53,81,131,12,16,77" hai1="64,90,107,88,101,133,99,123,42,121,26,17,114" hai2="49,84,29,65,6,45,126,15,92,95,41,130,39" hai3="37,106,58,33,59,10,0,80,75,73,9,60,83"/><T2/><D118/><U85/><E133/><V74/><F74/><W68/><G68/><T66/><D132/><U36/><E114/><V67/><F39/><W30/><G37/><T124/><D124/><U87/><E64/><N who="2" m="24651" /><F130/><W129/><G106/><T113/><D113/><U22/><E42/><V89/><F29/><W97/><G97/><T7/><D131/><U125/><E36/><V96/><F126/><W24/><G59/><T110/><D110/><U35/><E35/><V93/><F96/><W61/><G61/><T38/><D38/><U91/><REACH who="1" step="1"/><E125/><REACH who="1" ten="226,242,269,253" step="2"/><V19/><F6/><W5/><G129/><T104/><D66/><U103/><E103/><V94/><F41/><W54/><G75/><T119/><D119/><U78/><E78/><V102/><F102/><W105/><G73/><T71/><D104/><U117/><E117/><V31/><F84/><AGARI ba="0,1" hai="17,22,26,84,85,87,88,90,91,99,101,107,121,123" machi="84" ten="40,5200,0" yaku="1,1,52,1,54,1,53,0" doraHai="21" doraHaiUra="63" who="1" fromWho="2" sc="226,0,242,62,269,-52,253,0" owari="226,-17.0,304,40.0,217,-28.0,253,5.0" /></mjloggm>