<mjloggm ver="2.3"><GO type="169" lobby="0"/><UN n0="%E4%BB%A3%E6%89%93%E3%81%A1%E3%81%AE%E7%A5%9E%E6%A7%98" n1="%E5%B0%B1%E6%B4%BB%E7%94%9F%40%E5%B7%9D%E6%9D%91%E8%BB%8D%E5%9B%A3" n2="%EF%BC%9D%E4%BC%8A%E8%97%A4%E3%81%8B%E3%81%AA%E6%81%B5%EF%BC%9D" n3="%E2%80%A0%41%71%75%61%E2%80%A0" dan="18,17,18,18" rate="2174.47,2205.17,2211.82,2226.80" sx="M,M,F,M"/><TAIKYOKU oya="0"/><INIT seed="0,0,0,3,5,0" ten="250,250,250,250" oya="0" hai0="52,100,38,122,90,67,134,89,104,68,16,132,49" hai1="11,1,58,50,31,77,93,95,72,61,26,101,75" hai2="15,42,133,56,46,78,30,81,86,33,5,45,19" hai3="60,29,110,128,35,94,14,4,107,96,70,73,34"/><T63/><D38/><U17/><E77/><V76/><F133/><N who="0" m="51306" /><D122/><U51/><E75/><V55/><F33/><W106/><G73/><T23/><D100/><U12/><E1/><V118/><F118/><W91/><G110/><T53/><D104/><U54/><E72/><V43/><F30/><W120/><G128/><T114/><D114/><U66/><E101/><V21/><F76/><W22/><G120/><T47/><D53/><U9/><E9/><N who="2" m="4527" /><F43/><W126/><G126/><T108/><D108/><U2/><E2/><V127/><F42/><W98/><G107/><T124/><D124/><U8/><E8/><V48/><F127/><W64/><G106/><T130/><D130/><U87/><E87/><V3/><F3/><W44/><G98/><T41/><D41/><U36/><E51/><V74/><F74/><W116/><G116/><T59/><D68/><U20/><REACH who="1" step="1"/><E36/><REACH who="1" ten="250,240,250,250" step="2"/><V69/><F69/><AGARI ba="0,1" hai="11,12,17,20,26,31,50,54,58,61,66,69,93,95" machi="69" ten="30,3900,0" yaku="1,1,2,1,7,1,53,0" doraHai="0" doraHaiUra="103" who="1" fromWho="2" sc="250,0,240,49,250,-39,250,0" /><INIT seed="1,0,0,2,5,69" ten="250,289,211,250" oya="1" hai0="26,22,119,100,49,79,72,86,42,106,71,36,105" hai1="62,30,29,47,57,93,39,78,95,60,52,74,133" hai2="87,126,92,91,9,32,121,34,94,21,27,135,19" hai3="109,115,89,64,132,53,129,14,128,63,67,11,0"/><U107/><E107/><V117/><F117/><W7/><G115/><T17/><D119/><U80/><E133/><V59/><F121/><W12/><G132/><T66/><D49/><U38/><E62/><V2/><F135/><W23/><G109/><T45/><D72/><U98/><E93/><V131/><F131/><N who="3" m="50251" /><G89/><T65/><D100/><U43/><REACH who="1" step="1"/><E38/><REACH who="1" ten="250,279,211,250" step="2"/><V46/><F94/><W54/><G63/><T18/><D105/><U50/><E50/><V31/><F126/><W28/><G67/><T4/><D106/><U99/><E99/><V120/><F120/><W15/><G64/><T75/><D66/><U134/><E134/><V40/><F92/><W76/><G76/><T102/><D65/><U44/><E44/><V10/><F46/><W56/><G56/><T123/><D123/><U24/><E24/><AGARI ba="0,1" hai="0,7,11,12,14,15,23,24,28,53,54" m="50251" machi="24" ten="30,1000,0" yaku="19,1" doraHai="69" who="3" fromWho="1" sc="250,0,279,-10,211,0,250,20" /><INIT seed="2,0,0,2,4,60" ten="250,269,211,270" oya="2" hai0="33,41,31,49,113,119,61,6,83,127,132,131,68" hai1="105,84,36,69,101,18,73,35,4,107,66,111,54" hai2="77,96,24,0,50,28,103,59,43,30,27,40,125" hai3="34,104,38,91,42,9,7,109,100,1,129,17,87"/><V32/><F0/><W89/><G109/><T52/><D113/><U64/><E36/><V46/><F125/><W106/><G34/><T82/><D127/><U15/><E73/><V8/><F8/><W122/><G122/><T62/><D41/><U80/><E69/><V57/><F77/><W11/><G129/><T10/><D131/><U29/><E4/><V13/><F13/><W55/><G38/><T94/><D132/><U108/><E54/><V26/><F43/><W117/><G117/><T128/><D128/><U63/><E63/><V21/><REACH who="2" step="1"/><F27/><REACH who="2" ten="250,269,201,270" step="2"/><W86/><G42/><T65/><D119/><U133/><E133/><V14/><F14/><W56/><G9/><T112/><D112/><U78/><E108/><V121/><F121/><W102/><G11/><T120/><D120/><U47/><E111/><V116/><F116/><W92/><G1/><T72/><D10/><U93/><E15/><V75/><F75/><W12/><G12/><T88/><D6/><U126/><E126/><V118/><F118/><W2/><G2/><T22/><D72/><U20/><E78/><V16/><F16/><W124/><G124/><T115/><D115/><U67/><E18/><V74/><F74/><W51/><G17/><T114/><D114/><U23/><E29/><V76/><F76/><W90/><G7/><T95/><D31/><U98/><E20/><V134/><F134/><W79/><G79/><T58/><D22/><U85/><E23/><V5/><F5/><W99/><G86/><T70/><D70/><U81/><E85/><V130/><F130/><W48/><G87/><RYUUKYOKU ba="0,1" sc="250,-10,269,-10,201,30,270,-10" hai2="21,24,26,28,30,32,40,46,50,57,59,96,103" /><INIT seed="2,1,1,5,3,125" ten="240,259,231,260" oya="2" hai0="81,30,18,106,14,113,45,89,68,134,10,107,33" hai1="84,105,73,96,114,130,119,92,104,98,78,38,91" hai2="79,103,128,13,75,64,60,56,74,93,110,4,63" hai3="99,2,67,58,126,41,72,115,52,85,35,50,39"/><V20/><F110/><W123/><G72/><T71/><D113/><U122/><E38/><V17/><F4/><W31/><G123/><T49/><D134/><U109/><E114/><V40/><F40/><W69/><G2/><T15/><D33/><U47/><E47/><V7/><F7/><W127/><G115/><T3/><D3/><U132/><E132/><V120/><F120/><W86/><G35/><T82/><D30/><U77/><E122/><V9/><F9/><W121/><G31/><T57/><D57/><U87/><E119/><V0/><F0/><W51/><G99/><N who="1" m="37930" /><E130/><V65/><F93/><W55/><G86/><N who="1" m="32810" /><E109/><V112/><F103/><W61/><G85/><N who="0" m="50351" /><D82/><N who="1" m="45359" /><E78/><V108/><F108/><W97/><G121/><T27/><D27/><U1/><E1/><V94/><F112/><W22/><G22/><T6/><D15/><U59/><E59/><V111/><F111/><W54/><G97/><AGARI ba="1,1" hai="91,92,97,104,105" m="45359,32810,37930" machi="97" ten="30,8000,1" yaku="35,5" doraHai="125" who="1" fromWho="3" sc="240,0,259,93,231,0,260,-83" /><INIT seed="3,0,0,5,2,67" ten="240,352,231,177" oya="3" hai0="106,69,28,50,108,24,115,77,52,133,68,32,39" hai1="121,128,7,102,87,53,16,116,1,46,22,125,20" hai2="135,42,120,66,37,11,113,97,14,83,48,9,95" hai3="45,103,84,2,51,85,72,17,12,6,114,123,19"/><W62/><G123/><T89/><D39/><U73/><E73/><V27/><F113/><W65/><G72/><T64/><D115/><U122/><E22/><V23/><F120/><W76/><G114/><T60/><D106/><U0/><E102/><V30/><F135/><W59/><G103/><T71/><D133/><U61/><E125/><V109/><F109/><W118/><G118/><T100/><D100/><U63/><E63/><V49/><F83/><N who="3" m="47207" /><G2/><T80/><D89/><U4/><E128/><V93/><F66/><W18/><G85/><T35/><D35/><U107/><E107/><V110/><F110/><W56/><G56/><T99/><D99/><U132/><E87/><V94/><F97/><W112/><G112/><T25/><D25/><U47/><E132/><V33/><F33/><W54/><G6/><T75/><D108/><U8/><E116/><V130/><F130/><W91/><G91/><T96/><D96/><U40/><E4/><N who="2" m="3367" /><F37/><W55/><G65/><T111/><D111/><U86/><E86/><V131/><F131/><W117/><G117/><T57/><AGARI ba="0,0" hai="24,28,32,50,52,57,60,64,68,69,71,75,77,80" machi="57" ten="20,12000,2" yaku="0,1,7,1,52,3,54,1" doraHai="67" who="0" fromWho="0" sc="240,120,352,-30,231,-30,177,-60" /><INIT seed="4,0,0,4,4,95" ten="360,322,201,117" oya="0" hai0="135,82,63,44,46,17,24,29,15,119,50,124,96" hai1="61,21,10,68,32,25,117,53,34,12,118,72,64" hai2="22,97,66,85,99,107,35,4,120,105,134,60,38" hai3="23,65,86,76,89,7,88,101,81,128,19,58,20"/><T59/><D119/><U83/><E34/><V106/><F120/><W103/><G7/><T5/><D5/><U116/><E32/><V1/><F35/><W31/><G128/><T131/><D131/><U49/><E83/><V16/><F38/><W41/><G41/><T87/><D124/><U112/><E112/><V90/><F134/><W45/><G45/><T129/><D135/><U98/><E72/><V11/><F90/><N who="3" m="34923" /><G31/><T79/><D129/><U62/><E62/><V104/><F85/><W109/><G109/><T55/><D96/><U84/><E84/><V133/><F133/><W42/><G42/><T108/><D108/><U28/><E98/><V71/><N who="2" m="26624" /><DORA hai="123" /><V3/><REACH who="2" step="1"/><F3/><REACH who="2" ten="360,322,191,117" step="2"/><W127/><G127/><T57/><D87/><U113/><E113/><V102/><F102/><N who="3" m="38923" /><G19/><T51/><D17/><U36/><E36/><V2/><F2/><W94/><G94/><T91/><D91/><U100/><E100/><V92/><F92/><W39/><G39/><T115/><D115/><U80/><E116/><V114/><F114/><W6/><G6/><T130/><D130/><U121/><E121/><V27/><AGARI ba="0,1" hai="1,4,11,16,22,27,60,66,71,97,99" m="26624" machi="27" ten="60,8000,1" yaku="1,1,0,1,52,2,54,1,53,0" doraHai="95,123" doraHaiUra="132,37" who="2" fromWho="2" sc="360,-40,322,-20,191,90,117,-20" /><INIT seed="5,0,0,4,2,91" ten="320,302,281,97" oya="1" hai0="16,98,33,41,11,34,86,3,1,45,112,25,63" hai1="75,61,43,79,27,51,6,22,59,54,120,31,24" hai2="29,58,128,18,20,80,35,94,57,95,67,103,117" hai3="64,89,130,87,23,14,106,48,132,105,52,111,74"/><U53/><E120/><V122/><F122/><W12/><G74/><T92/><D112/><U0/><E0/><V19/><F117/><W30/><G111/><T84/><D34/><U90/><E6/><V9/><F128/><W134/><G64/><T121/><D121/><U99/><E43/><V97/><F35/><W39/><G39/><T131/><D131/><U102/><E79/><V123/><F123/><W126/><G126/><T104/><D104/><U62/><E75/><V26/><F80/><W100/><G130/><T82/><D63/><U8/><E8/><V83/><F83/><W88/><G30/><T17/><D33/><U93/><E27/><V4/><F95/><N who="3" m="54687" /><G89/><T72/><D72/><U42/><E42/><V127/><F127/><W13/><G23/><N who="0" m="13543" /><D3/><U5/><E5/><V15/><F58/><N who="3" m="33031" /><G100/><N who="0" m="60487" /><D1/><U32/><E32/><V124/><F124/><W133/><AGARI ba="0,0" hai="12,13,14,105,106,132,133,134" m="33031,54687" machi="133" ten="40,8000,1" yaku="20,1,52,1,54,2" doraHai="91" who="3" fromWho="3" sc="320,-20,302,-40,281,-20,97,80" /><INIT seed="6,0,0,0,3,7" ten="300,262,261,177" oya="2" hai0="91,27,10,85,21,93,90,96,102,66,135,95,77" hai1="71,117,19,116,18,127,20,49,52,58,16,129,125" hai2="8,62,100,118,39,94,76,6,126,105,35,9,12" hai3="43,88,84,130,60,72,80,107,29,108,121,4,3"/><V13/><F118/><N who="1" m="45673" /><E71/><V119/><F119/><W81/><G121/><T47/><D135/><U37/><E37/><V122/><F122/><W14/><G108/><T26/><D66/><U63/><E129/><V92/><F126/><N who="1" m="48137" /><E63/><V5/><F35/><W98/><G130/><T44/><D77/><U123/><E123/><V54/><F39/><W124/><G124/><T87/><D10/><U99/><E99/><V73/><F105/><W46/><G29/><T120/><D120/><U41/><E41/><V0/><F0/><W89/><G60/><T86/><D86/><U30/><E30/><V51/><F62/><W42/><G3/><T32/><D32/><U75/><E75/><V57/><F100/><W31/><G31/><N who="0" m="17871" /><D27/><AGARI ba="0,0" hai="16,18,19,20,27,49,52,58" m="48137,45673" machi="27" ten="30,3900,0" yaku="18,1,54,2" doraHai="7" who="1" fromWho="0" sc="300,-39,262,39,261,0,177,0" /><INIT seed="7,0,0,5,1,79" ten="261,301,261,177" oya="3" hai0="84,25,109,90,34,118,39,96,24,115,94,12,74" hai1="33,97,106,28,126,52,5,107,104,32,31,55,70" hai2="95,30,113,59,127,65,128,41,21,92,129,105,98" hai3="58,27,124,2,102,83,23,67,14,99,16,69,29"/><W11/><G124/><T134/><D74/><U19/><E19/><V49/><F127/><W75/><G69/><T15/><D109/><U13/><E126/><V7/><F113/><W132/><G132/><T8/><D39/><U68/><E97/><V123/><F123/><W53/><G2/><T10/><D118/><U119/><E13/><N who="0" m="5193" /><D34/><N who="1" m="13419" /><E5/><V20/><F7/><W60/><G53/><N who="1" m="20554" /><E119/><V26/><F21/><W100/><REACH who="3" step="1"/><G99/><REACH who="3" ten="261,301,261,167" step="2"/><T42/><D134/><U57/><E57/><V121/><F121/><W35/><G35/><T54/><D54/><U43/><E43/><V71/><F71/><AGARI ba="0,1" hai="28,31,68,70,71,104,106,107" m="20554,13419" machi="71" ten="40,8000,1" yaku="28,2,26,2,54,1" doraHai="79" who="1" fromWho="2" sc="261,0,301,90,261,-80,167,0" owari="261,6.0,391,49.0,181,-22.0,167,-33.0" /></mjloggm>