<mjloggm ver="2.3"><GO type="169" lobby="0"/><UN n0="%64%6F%6F%6F%6F%77%79" n1="%E3%83%94%E3%82%B3%E3%83%9E%E3%82%B9%E3%83%86%E3%82%A3%E3%83%95" n2="%E6%9E%9D%E8%B1%86%E3%82%AB%E3%83%AC%E3%83%BC%E7%94%98%E5%8F%A3" n3="%E5%B0%B1%E6%B4%BB%E7%94%9F%40%E5%B7%9D%E6%9D%91%E8%BB%8D%E5%9B%A3" dan="16,18,16,17" rate="2135.01,2151.82,2117.52,2179.09" sx="M,M,F,M"/><TAIKYOKU oya="0"/><INIT seed="0,0,0,0,5,63" ten="250,250,250,250" oya="0" hai0="6,40,94,61,93,87,73,46,118,80,4,60,64" hai1="20,47,88,33,107,3,133,108,5,119,102,105,58" hai2="99,1,38,11,27,39,76,21,123,32,116,49,97" hai3="23,130,125,31,117,111,75,41,115,59,89,44,98"/><T12/><D118/><U122/><E33/><V30/><F123/><W28/><G75/><T48/><D73/><U45/><E119/><V86/><F116/><W43/><G117/><T113/><D113/><U13/><E58/><V96/><F32/><W114/><G125/><T112/><D112/><U127/><E13/><V110/><F110/><W16/><G130/><T83/><D60/><U66/><E20/><V52/><F1/><W34/><G111/><T120/><D120/><U124/><E102/><V101/><F101/><W74/><G74/><T15/><D83/><U71/><E5/><N who="0" m="2153" /><D12/><U126/><E122/><V132/><F11/><W131/><G34/><T42/><D15/><U62/><E3/><V10/><F10/><W57/><G131/><T91/><D40/><N who="3" m="15433" /><G115/><T85/><D85/><U70/><E108/><V25/><F86/><W72/><G72/><T78/><D91/><U90/><E70/><V65/><F97/><W84/><G98/><T26/><D26/><U95/><E90/><V9/><F96/><W82/><G114/><T77/><D77/><U36/><E36/><V106/><F39/><W68/><G68/><T55/><D42/><U92/><E133/><V24/><F132/><W129/><G129/><T53/><D53/><U37/><E37/><V0/><F38/><W18/><G23/><T135/><D135/><U79/><E79/><V69/><F21/><W100/><G100/><T2/><D2/><U81/><E107/><V67/><F106/><W104/><G104/><T17/><D17/><N who="3" m="6761" /><G31/><T121/><D121/><U51/><E105/><V54/><F30/><RYUUKYOKU ba="0,0" sc="250,30,250,-10,250,-10,250,-10" hai0="46,48,55,61,64,78,80,87,93,94" /><INIT seed="0,1,0,1,2,129" ten="280,240,240,240" oya="0" hai0="125,23,9,5,121,30,2,14,43,42,10,98,27" hai1="96,48,22,135,25,105,70,92,76,119,31,34,68" hai2="59,24,63,127,106,79,53,58,90,56,33,131,69" hai3="49,51,0,123,113,78,108,91,114,62,80,29,122"/><T17/><D121/><N who="3" m="46089" /><G0/><T75/><D75/><U87/><E119/><V126/><F131/><W104/><G104/><T1/><D125/><N who="2" m="47626" /><F106/><W44/><G29/><T107/><REACH who="0" step="1"/><D2/><REACH who="0" ten="270,240,240,240" step="2"/><U18/><E135/><V112/><F112/><W101/><G113/><T115/><D115/><U4/><E4/><V109/><F109/><W133/><G108/><T38/><D38/><U26/><E105/><V57/><F63/><W86/><G114/><T77/><D77/><U50/><E76/><V36/><F36/><W93/><G62/><T94/><D94/><U12/><E50/><V73/><F79/><W15/><G49/><T88/><D88/><U97/><E48/><V100/><F90/><W124/><G124/><T110/><D110/><U21/><E92/><V116/><F73/><W55/><G101/><AGARI ba="1,1" hai="1,5,9,10,14,17,23,27,30,42,43,98,101,107" machi="101" ten="40,3900,0" yaku="1,1,53,1" doraHai="129" doraHaiUra="3" who="0" fromWho="3" sc="270,52,240,0,240,0,240,-42" /><INIT seed="0,2,0,5,1,11" ten="322,240,240,198" oya="0" hai0="127,113,53,17,62,81,1,0,78,116,111,3,40" hai1="118,23,99,21,34,16,91,44,117,103,41,13,80" hai2="72,25,68,45,75,66,95,106,74,27,119,5,65" hai3="79,69,55,93,131,110,126,84,105,10,32,132,88"/><T71/><D113/><U7/><E34/><V129/><F106/><W130/><G69/><T12/><D116/><U121/><E121/><V48/><F119/><W124/><G32/><T87/><D127/><N who="3" m="48681" /><G55/><T4/><D40/><U52/><E7/><V122/><F122/><W9/><G105/><T77/><D111/><U135/><E135/><V97/><F129/><N who="3" m="49163" /><G110/><T47/><D4/><U39/><E23/><V46/><F5/><W56/><G56/><T83/><D71/><U20/><E20/><V82/><F48/><W125/><N who="3" m="48689" /><W109/><DORA hai="120" /><G109/><T76/><D87/><U63/><E52/><V50/><F50/><W64/><G64/><T100/><D100/><U35/><E35/><V6/><F66/><W94/><G79/><T37/><D37/><U114/><E63/><V86/><F65/><W28/><G28/><T19/><D19/><U51/><E39/><V112/><F112/><W60/><G60/><T61/><D61/><U22/><E114/><V108/><F108/><W58/><G58/><T115/><D115/><U33/><E33/><V15/><F68/><W90/><G132/><T67/><D67/><U8/><E118/><V18/><F46/><W31/><G31/><T101/><D47/><U54/><E117/><V26/><F45/><W98/><AGARI ba="2,0" hai="9,10,84,88,90,93,94,98" m="49163,48689" machi="98" ten="50,6400,0" yaku="18,1,19,1,54,1" doraHai="11,120" who="3" fromWho="3" sc="322,-34,240,-18,240,-18,198,70" /><INIT seed="1,0,0,3,3,116" ten="288,222,222,268" oya="1" hai0="96,113,69,62,0,36,50,134,65,46,27,32,84" hai1="110,49,76,87,86,130,122,35,71,56,118,16,111" hai2="70,61,135,99,58,109,133,74,48,128,25,10,95" hai3="57,117,19,75,37,90,107,72,103,102,131,2,100"/><U22/><E118/><V29/><F74/><W78/><G117/><T38/><D113/><U51/><E71/><V59/><F109/><W42/><G2/><T39/><D134/><N who="2" m="51210" /><F128/><W15/><G131/><T127/><D127/><U92/><E35/><N who="2" m="20911" /><F10/><W91/><G107/><T114/><D0/><U18/><E130/><V8/><F8/><W66/><G42/><T112/><D84/><U55/><E122/><V119/><F119/><W23/><G37/><T98/><D96/><U106/><E106/><V34/><F34/><W13/><G13/><T67/><D67/><U28/><E28/><V6/><F6/><W85/><G78/><T104/><D32/><U93/><E49/><V52/><F70/><W73/><G85/><N who="1" m="32266" /><E76/><V53/><F99/><W9/><REACH who="3" step="1"/><G23/><REACH who="3" ten="288,222,222,258" step="2"/><T17/><D104/><U81/><E81/><V105/><F105/><W94/><G94/><AGARI ba="0,1" hai="48,52,53,58,59,61,94,95" m="20911,51210" machi="94" ten="30,2000,0" yaku="20,1,54,1" doraHai="116" who="2" fromWho="3" sc="288,0,222,0,222,30,258,-20" /><INIT seed="2,0,0,0,0,92" ten="288,222,252,238" oya="2" hai0="101,87,53,48,125,135,130,31,63,59,80,122,134" hai1="73,105,6,18,58,81,131,65,55,19,97,93,10" hai2="44,84,41,85,94,89,96,62,46,9,21,27,132" hai3="16,111,5,107,103,43,66,123,83,28,112,40,119"/><V117/><F117/><W128/><G28/><T91/><D122/><U45/><E131/><V52/><F132/><N who="0" m="50730" /><D130/><U110/><E110/><V124/><F124/><W75/><G5/><T133/><D133/><U109/><E109/><V50/><F9/><W61/><G119/><T2/><D2/><U29/><E105/><V32/><F32/><W69/><G123/><T33/><D101/><U15/><E29/><V68/><F68/><W127/><G127/><T104/><D104/><U26/><E73/><V35/><F35/><W77/><G128/><T121/><D121/><U37/><E81/><V102/><F102/><W113/><G111/><T23/><D33/><U98/><E37/><V108/><F108/><W7/><G7/><T120/><D120/><U22/><E93/><V78/><F78/><W129/><G129/><T39/><D39/><U57/><E19/><N who="2" m="12735" /><F44/><W82/><G82/><T8/><D8/><U49/><E45/><V3/><F3/><W116/><G116/><T64/><D125/><U34/><E34/><V56/><AGARI ba="0,0" hai="41,46,50,52,56,62,84,85,89,94,96" m="12735" machi="56" ten="30,11700,0" yaku="25,1,8,1,52,1,54,1" doraHai="92" who="2" fromWho="2" sc="288,-39,222,-39,252,117,238,-39" /><INIT seed="2,1,0,1,3,41" ten="249,183,369,199" oya="2" hai0="24,134,39,78,127,116,67,76,6,115,0,125,121" hai1="132,12,51,61,91,101,8,102,68,16,114,64,48" hai2="26,55,73,117,43,103,89,62,66,60,86,21,70" hai3="80,28,96,99,128,112,104,7,2,120,88,19,74"/><V119/><F73/><W130/><G28/><T13/><D39/><U65/><E114/><V37/><F103/><N who="3" m="62567" /><G7/><T20/><D67/><U53/><E132/><V38/><F38/><W45/><G19/><N who="0" m="10351" /><D78/><U5/><E65/><V131/><F131/><N who="3" m="50219" /><G2/><T9/><D76/><U81/><E51/><V108/><F108/><W25/><G25/><T123/><D115/><U118/><E118/><V36/><F36/><W59/><G59/><T23/><D134/><U106/><E106/><V1/><F1/><W47/><G112/><T32/><D116/><U27/><E27/><V111/><F111/><W31/><G31/><N who="0" m="19559" /><D23/><U77/><E5/><V105/><F105/><W54/><G54/><T113/><D113/><U63/><E63/><V52/><F62/><W58/><G58/><T50/><D50/><U69/><E69/><V10/><F55/><W57/><G57/><T35/><D35/><U44/><REACH who="1" step="1"/><E91/><REACH who="1" ten="249,173,369,199" step="2"/><V3/><F70/><W4/><G120/><AGARI ba="1,1" hai="0,6,9,120,121,123,125,127" m="19559,10351" machi="120" ten="30,3900,0" yaku="24,1,34,2" doraHai="41" who="0" fromWho="3" sc="249,52,173,0,369,0,199,-42" /><INIT seed="3,0,0,2,5,62" ten="301,173,369,157" oya="3" hai0="75,73,121,123,90,5,82,119,11,21,89,12,25" hai1="56,101,2,35,38,133,52,29,120,125,17,65,132" hai2="103,95,91,31,100,4,3,134,46,83,124,131,87" hai3="102,70,104,97,108,43,55,53,117,129,18,8,41"/><W42/><G117/><T68/><D119/><U61/><E120/><V32/><F32/><W60/><G129/><T48/><D68/><U67/><E2/><V59/><F31/><W77/><G77/><T76/><D75/><U107/><E38/><V126/><F46/><W105/><G105/><T9/><D48/><U78/><E78/><V106/><F4/><W36/><G36/><T39/><D39/><U27/><E125/><V40/><F40/><W130/><G130/><T51/><D51/><U22/><E101/><V34/><F34/><W128/><G128/><T20/><D20/><U64/><REACH who="1" step="1"/><E107/><REACH who="1" ten="301,163,369,157" step="2"/><V57/><F3/><W92/><G108/><T6/><D123/><U24/><AGARI ba="0,1" hai="17,22,24,27,29,35,52,56,61,64,65,67,132,133" machi="24" ten="30,12000,2" yaku="1,1,2,1,0,1,52,3,54,1,53,0" doraHai="62" doraHaiUra="74" who="1" fromWho="1" sc="301,-30,163,130,369,-30,157,-60" /><INIT seed="4,0,0,0,3,66" ten="271,293,339,97" oya="0" hai0="78,52,80,72,69,109,55,11,79,5,90,19,6" hai1="4,30,32,111,33,51,56,121,34,112,14,86,115" hai2="134,135,73,74,85,24,118,83,117,22,87,103,124" hai3="42,104,29,131,28,108,94,7,99,12,45,91,10"/><T18/><D109/><U39/><E39/><V113/><F113/><N who="1" m="43593" /><E111/><V37/><F37/><W127/><G108/><T89/><D11/><N who="1" m="4455" /><E86/><N who="2" m="32779" /><F124/><W123/><G104/><T125/><D125/><U65/><E121/><V61/><F61/><W63/><G127/><T122/><D122/><U82/><E82/><V27/><F83/><W132/><G123/><T93/><D80/><U54/><E65/><V47/><F47/><W88/><G131/><T70/><D93/><U16/><E16/><N who="2" m="12359" /><F27/><AGARI ba="0,0" hai="27,30,32,33,34,51,54,56" m="4455,43593" machi="27" ten="30,2000,0" yaku="15,1,11,1" doraHai="66" who="1" fromWho="2" sc="271,0,293,20,339,-20,97,0" /><INIT seed="5,0,0,0,3,93" ten="271,313,319,97" oya="1" hai0="99,135,31,20,61,50,28,45,126,76,104,121,89" hai1="105,47,64,106,14,29,103,51,69,112,72,111,88" hai2="77,115,5,13,60,58,68,100,133,16,37,62,3" hai3="79,65,125,57,22,53,8,102,130,113,6,128,38"/><U91/><E72/><V23/><F133/><W34/><G38/><T134/><D126/><U110/><E29/><V108/><F108/><N who="1" m="41513" /><E112/><V131/><F115/><W129/><G34/><T46/><D76/><U54/><E64/><V83/><F100/><W10/><G113/><T30/><D121/><U36/><E69/><V81/><F81/><W90/><G125/><T43/><D61/><U70/><E70/><V116/><F116/><W87/><G79/><T18/><D46/><U98/><E106/><V118/><F37/><W94/><G65/><T2/><D2/><U52/><E36/><V7/><F3/><W40/><G40/><T56/><D56/><N who="1" m="32799" /><E14/><V19/><F62/><W107/><G6/><T41/><D41/><U96/><E96/><V86/><F68/><W17/><G102/><T109/><D109/><U63/><E63/><V25/><F118/><W67/><G67/><T73/><D73/><U12/><E12/><V120/><F120/><W123/><G107/><T27/><REACH who="0" step="1"/><D104/><REACH who="0" ten="261,313,319,97" step="2"/><U95/><E105/><V49/><F60/><W71/><G123/><T127/><D127/><U85/><E85/><V82/><F86/><W132/><G71/><T42/><D42/><U33/><E33/><V75/><F75/><W59/><G132/><T117/><D117/><U9/><E47/><V15/><F58/><N who="3" m="22027" /><G53/><T119/><D119/><U11/><E54/><V55/><F55/><W114/><G114/><T0/><D0/><U101/><E101/><V48/><F5/><W32/><G32/><T1/><D1/><U44/><E44/><V80/><F7/><W26/><AGARI ba="0,1" hai="8,10,17,22,26,87,90,94,128,129,130" m="22027" machi="26" ten="40,2700,0" yaku="5,1,19,1" doraHai="93" who="3" fromWho="3" sc="261,-7,313,-13,319,-7,97,37" /><INIT seed="6,0,0,5,1,73" ten="254,300,312,134" oya="2" hai0="132,39,76,93,61,22,97,51,49,32,48,52,11" hai1="119,46,21,56,122,106,107,27,41,38,54,44,123" hai2="0,80,130,16,64,13,30,68,112,83,23,43,17" hai3="67,6,109,7,114,18,75,124,103,34,60,77,127"/><V36/><F0/><W111/><G34/><T82/><D32/><U113/><E119/><V31/><F112/><W125/><G103/><T10/><D39/><U24/><E46/><V40/><F130/><W88/><G18/><T3/><D22/><U19/><E27/><N who="2" m="14823" /><F68/><W29/><G29/><N who="2" m="10761" /><F64/><W2/><G114/><T99/><D3/><U4/><E4/><N who="3" m="1578" /><G2/><T70/><D132/><U100/><E113/><V50/><F36/><W84/><G60/><T131/><D131/><U45/><E45/><N who="2" m="25895" /><F43/><W108/><G67/><T57/><D70/><U133/><E133/><V72/><F72/><W47/><G47/><T28/><D28/><U69/><E69/><V42/><F42/><W8/><G8/><AGARI ba="0,0" hai="8,13,17,80,83" m="25895,10761,14823" machi="8" ten="30,2900,0" yaku="8,1,54,1" doraHai="73" who="2" fromWho="3" sc="254,0,300,0,312,29,134,-29" /><INIT seed="6,1,0,1,0,65" ten="254,300,341,105" oya="2" hai0="90,62,26,134,17,84,16,31,55,18,32,7,93" hai1="96,45,91,76,29,103,12,33,24,108,20,87,68" hai2="3,119,34,37,15,35,63,117,98,67,1,52,9" hai3="21,66,95,129,125,57,69,75,97,124,0,60,111"/><V30/><F37/><W88/><G111/><T102/><D134/><U64/><E108/><V39/><F39/><W89/><G75/><T70/><D7/><U28/><E76/><V94/><F35/><W118/><G118/><T40/><D40/><U13/><E45/><V105/><F52/><W130/><G0/><T49/><D102/><U132/><E132/><V27/><F3/><W114/><G114/><T14/><D62/><U112/><E112/><V2/><F2/><W43/><G43/><T135/><D70/><U6/><E6/><V85/><F85/><W80/><G21/><T48/><D135/><U59/><E59/><V82/><F82/><W121/><G121/><T116/><D116/><U53/><E53/><V131/><F1/><W44/><G44/><T54/><D54/><U77/><E77/><V23/><F105/><W123/><G123/><T73/><D73/><U22/><E33/><V104/><F104/><W8/><G8/><T133/><D133/><U127/><E68/><V36/><F34/><W99/><G57/><T10/><REACH who="0" step="1"/><D49/><REACH who="0" ten="244,300,341,105" step="2"/><U86/><E103/><N who="2" m="60887" /><F36/><W56/><G56/><AGARI ba="1,1" hai="10,14,16,17,18,26,31,32,48,55,56,84,90,93" machi="56" ten="30,3900,0" yaku="1,1,7,1,54,1,53,0" doraHai="65" doraHaiUra="110" who="0" fromWho="3" sc="244,52,300,0,341,0,105,-42" /><INIT seed="7,0,0,2,4,81" ten="296,300,341,63" oya="3" hai0="99,134,51,59,9,2,1,113,56,46,29,24,97" hai1="71,23,110,57,36,27,10,123,35,118,67,72,104" hai2="3,102,122,116,93,135,128,50,85,82,5,84,13" hai3="62,40,37,101,58,60,105,74,11,90,38,45,47"/><W4/><G74/><T103/><D134/><U79/><E123/><V6/><F3/><W70/><G105/><T108/><D108/><U117/><E110/><V26/><F122/><W20/><G101/><T75/><D75/><U34/><E104/><V16/><F135/><W119/><G119/><T107/><D99/><U133/><E36/><V89/><F128/><W12/><G20/><T95/><D107/><U66/><E71/><V32/><F116/><N who="1" m="44649" /><E10/><V39/><F39/><W17/><G90/><T92/><D92/><U19/><E133/><V98/><F26/><W68/><G4/><T53/><D113/><U22/><E57/><V52/><F85/><W31/><G31/><T125/><D125/><U111/><E111/><V109/><F32/><N who="1" m="12329" /><E23/><N who="2" m="11663" /><F109/><W28/><G28/><T127/><D127/><U115/><E115/><V132/><F132/><W69/><REACH who="3" step="1"/><G58/><AGARI ba="0,0" hai="5,6,50,52,58,82,84,89,93,98,102" m="11663" machi="58" ten="30,7700,0" yaku="8,1,52,1,54,2" doraHai="81" who="2" fromWho="3" sc="296,0,300,0,341,77,63,-77" owari="296,-10.0,300,10.0,418,51.0,-14,-51.0" /></mjloggm>