<mjloggm ver="2.3"><GO type="169" lobby="0"/><UN n0="%E3%81%A8%E3%81%86%E3%81%8D%E3%82%82%E3%82%93" n1="%E3%83%88%E3%83%88%E3%83%AA%E5%85%88%E7%94%9F%31%39%E6%AD%B3" n2="%73%68%6F%6F%74%33%39" n3="%E3%81%A1%E3%82%8A%E3%82%81%E3%82%93%E3%81%98%E3%82%83%E3%81%93" dan="17,18,17,16" rate="2145.87,2201.41,2176.89,2084.55" sx="M,F,M,M"/><TAIKYOKU oya="0"/><INIT seed="0,0,0,5,2,37" ten="250,250,250,250" oya="0" hai0="27,57,58,127,64,47,29,111,15,49,5,103,92" hai1="6,7,75,81,68,98,104,112,39,132,40,25,87" hai2="78,17,121,122,3,117,74,99,70,108,80,84,71" hai3="14,77,97,100,48,50,86,21,129,88,28,85,20"/><T12/><D127/><U0/><E68/><V61/><F3/><W43/><G129/><T91/><D111/><U63/><E75/><V105/><F108/><W73/><G73/><T62/><D5/><U60/><E132/><V22/><F117/><W76/><G28/><T69/><D69/><U95/><E104/><V36/><F71/><W59/><G59/><T26/><D58/><U130/><E130/><V109/><F109/><W56/><G56/><T41/><D26/><U13/><E0/><V79/><F79/><N who="3" m="30283" /><G100/><T30/><D30/><U45/><E112/><V66/><F84/><N who="3" m="32363" /><G14/><T124/><D124/><U113/><E113/><V16/><F36/><W42/><G97/><N who="0" m="59815" /><D91/><U83/><E25/><V96/><F17/><W38/><G38/><T4/><D4/><U35/><E35/><V46/><F105/><W118/><G88/><T110/><D110/><U133/><E133/><V32/><F32/><W72/><G72/><T33/><D33/><U11/><E6/><V101/><F101/><W55/><G118/><T123/><D123/><U89/><REACH who="1" step="1"/><E83/><REACH who="1" ten="250,240,250,250" step="2"/><V8/><F80/><W126/><G126/><T52/><D27/><U116/><E116/><V54/><F74/><W135/><G135/><T93/><D29/><U134/><E134/><V2/><F70/><W115/><G115/><T9/><BYE who="3" /><D12/><U102/><AGARI ba="0,1" hai="7,11,13,39,40,45,60,63,81,87,89,95,98,102" machi="102" ten="20,5200,0" yaku="1,1,0,1,7,1,52,1,53,0" doraHai="37" doraHaiUra="128" who="1" fromWho="1" sc="250,-26,240,62,250,-13,250,-13" /><UN n3="%E3%81%A1%E3%82%8A%E3%82%81%E3%82%93%E3%81%98%E3%82%83%E3%81%93" /><INIT seed="1,0,0,5,2,82" ten="224,302,237,237" oya="1" hai0="74,40,18,20,68,47,3,108,100,134,124,101,105" hai1="135,53,127,67,59,120,23,50,73,7,49,56,33" hai2="21,6,38,36,117,27,12,48,121,113,54,8,112" hai3="119,62,99,85,61,88,22,77,130,51,1,93,75"/><U52/><E120/><V72/><F117/><W95/><G130/><T110/><D134/><U79/><E33/><V66/><F72/><W87/><G119/><T41/><D124/><U2/><E73/><V37/><F66/><W63/><G1/><T114/><D114/><U34/><E34/><V25/><F121/><W35/><G35/><T118/><D3/><U94/><E135/><V65/><F65/><W69/><G69/><T83/><D68/><U15/><E127/><V10/><F10/><W17/><G75/><T46/><D118/><U116/><E116/><V129/><F129/><W96/><G77/><T115/><D115/><N who="2" m="44106" /><F21/><W89/><G51/><T30/><D74/><U28/><E2/><V90/><F90/><W60/><N who="3" m="15872" /><DORA hai="86" /><W11/><REACH who="3" step="1"/><G11/><REACH who="3" ten="224,302,237,227" step="2"/><T126/><D126/><U19/><E67/><V103/><F103/><W98/><G98/><T26/><D101/><U14/><E79/><V45/><AGARI ba="0,1" hai="6,8,12,25,27,36,37,38,45,48,54" m="44106" machi="45" ten="40,1500,0" yaku="11,1" doraHai="82,86" who="2" fromWho="2" sc="224,-4,302,-7,237,25,227,-4" /><INIT seed="2,0,0,5,4,15" ten="220,295,262,223" oya="2" hai0="67,28,78,84,119,130,68,0,63,131,133,35,65" hai1="116,30,49,43,26,122,60,108,36,8,91,34,99" hai2="7,101,42,66,83,33,123,4,86,39,50,29,47" hai3="115,3,23,76,128,102,62,98,59,94,80,85,93"/><V100/><F123/><W134/><G3/><T32/><D0/><U70/><E116/><V25/><F66/><W111/><G128/><N who="0" m="49195" /><D119/><U5/><E122/><V127/><F127/><W18/><G111/><T118/><D118/><U61/><E36/><V132/><F132/><W105/><G134/><T14/><D133/><U20/><E108/><V69/><F69/><W107/><G115/><T125/><D125/><U6/><E70/><V22/><F33/><W113/><G94/><T16/><D28/><U54/><E43/><V97/><F39/><W109/><G109/><T77/><D67/><U73/><E73/><V92/><REACH who="2" step="1"/><F101/><REACH who="2" ten="220,295,252,223" step="2"/><W41/><G113/><T126/><D126/><U117/><E34/><N who="0" m="12841" /><D84/><U90/><E117/><V38/><F38/><W89/><G102/><T10/><AGARI ba="0,1" hai="10,14,16,63,65,68,77,78" m="12841,49195" machi="10" ten="30,4000,0" yaku="19,1,52,1,54,1" doraHai="15" who="0" fromWho="0" sc="220,50,295,-10,252,-20,223,-10" /><INIT seed="3,0,0,5,5,45" ten="270,285,232,213" oya="3" hai0="36,12,48,123,100,132,124,42,93,10,37,32,38" hai1="117,61,62,121,11,5,27,34,94,20,57,89,125" hai2="9,74,17,53,82,43,30,78,81,120,75,108,96" hai3="54,134,31,14,128,60,25,111,26,71,80,65,59"/><W95/><G128/><T18/><D123/><U66/><E121/><V133/><F120/><W4/><G134/><T106/><D32/><U46/><E34/><V90/><F133/><W119/><G119/><T109/><D132/><U98/><E125/><V99/><F108/><W15/><G111/><T113/><D109/><U112/><E112/><V0/><F30/><W116/><G116/><T52/><D124/><U28/><E117/><V44/><F53/><W105/><G105/><T3/><D113/><U73/><E73/><V72/><F17/><W47/><G47/><T103/><D106/><U67/><E46/><V49/><F90/><W118/><G118/><T69/><D69/><U87/><E87/><V8/><F8/><W68/><G68/><T1/><D42/><U91/><E91/><V58/><F58/><W33/><G26/><T92/><D92/><U84/><E84/><V115/><F115/><W23/><G4/><T135/><D135/><U19/><E28/><V24/><F24/><W114/><G33/><T55/><D55/><N who="1" m="33983" /><E62/><V16/><F0/><AGARI ba="0,0" hai="0,5,11,19,20,27,66,67,89,94,98" m="33983" machi="0" ten="30,1000,0" yaku="25,1" doraHai="45" who="1" fromWho="2" sc="270,0,285,10,232,-10,213,0" /><INIT seed="4,0,0,5,0,10" ten="270,295,222,213" oya="0" hai0="45,105,61,98,18,88,93,34,53,58,46,133,119" hai1="20,95,4,66,131,23,108,99,128,65,120,84,86" hai2="31,114,76,70,8,14,19,43,13,90,49,60,25" hai3="30,24,55,91,9,94,28,122,101,7,81,104,77"/><T135/><D119/><U132/><E108/><V115/><F76/><W36/><G122/><T82/><D34/><U56/><E120/><V111/><F111/><W87/><G36/><T15/><D105/><U96/><E4/><V112/><F90/><W54/><G104/><T107/><D107/><U59/><REACH who="1" step="1"/><E95/><REACH who="1" ten="270,285,222,213" step="2"/><V69/><F60/><W27/><G7/><T127/><D127/><U97/><E97/><V57/><F115/><W102/><G94/><T5/><D5/><U41/><E41/><V50/><F43/><W129/><G129/><T40/><D40/><U35/><E35/><V110/><F110/><W106/><G106/><T74/><D133/><AGARI ba="0,1" hai="20,23,56,59,65,66,84,86,96,99,128,131,132,133" machi="133" ten="25,3200,0" yaku="1,1,22,2,53,0" doraHai="10" doraHaiUra="1" who="1" fromWho="0" sc="270,-32,285,42,222,0,213,0" /><INIT seed="5,0,0,2,0,70" ten="238,327,222,213" oya="1" hai0="33,44,121,36,40,86,119,79,45,84,67,94,2" hai1="54,39,73,107,128,25,96,30,116,115,11,41,13" hai2="118,26,99,58,17,122,105,129,51,50,7,27,124" hai3="47,134,87,28,1,24,93,12,14,103,22,35,89"/><U110/><E116/><V135/><F118/><W123/><G1/><T49/><D119/><U69/><E73/><V20/><F122/><W77/><G123/><T60/><D121/><U15/><E69/><V34/><F135/><W102/><G134/><T81/><D33/><U125/><E115/><V32/><F129/><W72/><G35/><T66/><D2/><U31/><E128/><V0/><F124/><W57/><G47/><T92/><D86/><U10/><E125/><V62/><F7/><W131/><G131/><T80/><D80/><U126/><E126/><V130/><F0/><W61/><G77/><T18/><D18/><U88/><E110/><V8/><F8/><W82/><G72/><T4/><D4/><U19/><E54/><V56/><F130/><W6/><G6/><T127/><D127/><U64/><E64/><V16/><F105/><W106/><G106/><T83/><D83/><U74/><E25/><V42/><F99/><W63/><G63/><T21/><D21/><U100/><E74/><V133/><F133/><W59/><G59/><T53/><REACH who="0" step="1"/><D67/><REACH who="0" ten="228,327,222,213" step="2"/><U46/><E11/><V23/><REACH who="2" step="1"/><F62/><REACH who="2" ten="228,327,212,213" step="2"/><W104/><G61/><T38/><D38/><N who="1" m="21815" /><E10/><V71/><F71/><AGARI ba="0,2" hai="36,40,44,45,49,53,60,66,71,79,81,84,92,94" machi="71" ten="30,3900,0" yaku="1,1,7,1,52,1,53,0" doraHai="70" doraHaiUra="108" who="0" fromWho="2" sc="228,59,327,0,212,-39,213,0" /><INIT seed="6,0,0,0,1,63" ten="287,327,173,213" oya="2" hai0="59,12,116,126,100,66,7,112,68,4,52,96,8" hai1="49,91,51,33,114,18,16,89,60,95,102,94,92" hai2="53,109,44,25,72,108,134,86,132,131,82,123,78" hai3="122,19,135,133,46,64,113,79,117,62,54,29,130"/><V14/><F25/><W36/><G117/><T20/><D112/><U11/><E33/><V81/><F14/><W103/><G29/><T31/><D116/><U9/><E114/><V41/><F53/><W97/><G113/><T83/><D83/><U77/><E77/><N who="2" m="44199" /><F123/><W99/><G79/><T1/><D126/><U104/><E60/><V61/><F61/><W107/><G99/><T67/><D68/><U32/><E32/><V71/><F71/><W85/><G85/><T84/><D84/><U5/><E5/><N who="0" m="2121" /><D1/><U37/><E37/><V98/><F131/><W125/><G130/><T88/><D100/><U120/><E120/><V87/><F87/><W129/><G129/><T128/><D128/><U24/><E24/><V38/><F98/><W50/><G125/><T27/><D12/><U73/><E9/><V28/><F28/><W119/><G36/><T23/><D23/><U55/><E11/><V35/><F35/><W124/><G119/><T15/><D15/><U48/><E18/><V56/><F56/><N who="3" m="36935" /><G124/><T34/><D8/><U90/><E16/><V13/><F13/><W93/><G19/><T10/><D10/><U65/><E55/><V47/><F47/><W58/><G122/><T69/><D69/><U0/><E0/><V22/><F22/><W39/><G46/><T101/><D34/><U45/><E45/><V74/><F86/><W80/><G39/><T127/><D127/><U2/><E2/><V106/><F106/><W76/><G107/><T43/><D31/><U40/><E104/><V26/><F26/><W111/><G54/><T121/><D52/><RYUUKYOKU ba="0,0" sc="287,-10,327,-10,173,30,213,-10" hai2="38,41,44,74,78,82,108,109,132,134" /><INIT seed="6,1,0,0,0,72" ten="277,317,203,203" oya="2" hai0="135,64,106,117,6,121,57,23,45,134,10,131,58" hai1="76,53,35,103,12,116,16,54,91,17,42,0,92" hai2="8,13,130,59,50,101,78,125,93,20,84,22,63" hai3="29,105,110,81,65,2,34,94,98,109,79,56,61"/><V71/><F130/><W19/><G105/><T7/><D121/><U89/><E116/><V39/><F39/><W46/><G2/><T62/><D117/><U83/><E0/><V30/><F125/><W85/><G46/><T28/><D131/><U74/><E35/><V96/><F71/><W95/><G95/><T67/><D106/><U15/><E103/><V123/><F50/><W3/><G3/><T38/><D38/><U73/><E42/><V37/><F37/><W80/><G34/><T122/><D45/><U77/><E92/><V111/><F111/><W43/><G43/><T26/><D122/><U129/><E83/><N who="2" m="47223" /><F30/><W82/><G29/><T90/><D90/><U44/><E44/><V104/><F104/><W27/><G109/><T113/><D113/><U36/><E36/><V132/><F132/><N who="0" m="50730" /><D10/><U69/><E69/><V11/><F123/><W9/><G110/><T52/><D67/><U66/><E66/><N who="2" m="39295" /><F8/><W32/><G32/><T88/><D88/><U48/><E48/><AGARI ba="1,0" hai="6,7,23,26,28,48,52,57,58,62,64" m="50730" machi="48" ten="30,2000,0" yaku="20,1,54,1" doraHai="72" who="0" fromWho="1" sc="277,23,317,-23,203,0,203,0" /><INIT seed="7,0,0,1,4,126" ten="300,294,203,203" oya="3" hai0="73,92,14,21,101,94,40,18,13,76,123,37,91" hai1="93,15,24,135,26,103,111,17,78,67,133,102,49" hai2="59,74,2,47,124,117,80,112,42,7,56,20,121" hai3="107,66,125,8,79,87,118,105,68,115,52,27,116"/><W22/><G125/><T34/><D34/><U69/><E111/><V61/><F117/><W86/><G118/><T1/><D1/><U19/><E78/><N who="2" m="44119" /><F124/><W35/><G116/><T12/><D123/><U128/><E128/><V99/><F121/><W43/><G35/><T71/><D71/><U120/><E120/><V6/><F112/><W46/><G115/><T38/><D101/><N who="1" m="38411" /><E93/><V130/><F99/><W36/><G79/><T23/><D76/><U122/><E122/><V9/><F7/><W5/><G105/><T77/><D77/><U58/><E69/><V0/><F0/><W4/><G107/><T55/><D73/><U39/><E39/><N who="2" m="21983" /><F130/><W85/><G8/><T70/><D70/><U114/><E114/><V30/><F61/><W106/><G106/><T88/><D55/><N who="1" m="32111" /><E67/><V134/><F134/><N who="1" m="51209" /><E19/><V100/><F100/><W50/><G66/><T119/><D119/><U29/><E29/><V53/><F53/><W75/><G68/><T64/><D13/><U110/><E110/><V84/><F84/><W48/><G75/><T62/><D64/><U132/><E132/><V51/><F51/><W45/><G36/><T82/><D62/><U33/><E33/><V28/><F28/><AGARI ba="0,0" hai="4,5,22,27,28,43,45,46,48,50,52,85,86,87" machi="28" ten="40,3900,0" yaku="8,1,54,1" doraHai="126" who="3" fromWho="2" sc="300,0,294,0,203,-39,203,39" /><INIT seed="7,1,0,2,1,3" ten="300,294,164,242" oya="3" hai0="83,79,28,80,72,121,45,125,100,31,54,58,20" hai1="13,102,18,71,63,29,89,57,113,42,2,110,109" hai2="61,126,8,122,5,37,41,22,76,53,90,6,44" hai3="127,9,129,132,97,86,124,12,23,50,48,112,84"/><W111/><G111/><T130/><D121/><U88/><E71/><V131/><F122/><W52/><G112/><T26/><D130/><U85/><E2/><V87/><F131/><W104/><G129/><T106/><D125/><N who="3" m="48201" /><G132/><T118/><D118/><U21/><E113/><V65/><F126/><W123/><G23/><T0/><D0/><U32/><E89/><V39/><F39/><W1/><G1/><T60/><D83/><U114/><E114/><V120/><F120/><W30/><G30/><T94/><D106/><U73/><E73/><V135/><F135/><W4/><G123/><T115/><D115/><U35/><E102/><V99/><F8/><W98/><G50/><T69/><D69/><U47/><E32/><V67/><F76/><W70/><G70/><T27/><D45/><U64/><E29/><V96/><F22/><W103/><G97/><T91/><D28/><U74/><E74/><V17/><F17/><W51/><G51/><T117/><D117/><U24/><E35/><V75/><F75/><W95/><G104/><T10/><D10/><U128/><E128/><V36/><F36/><W116/><G116/><T66/><D27/><U16/><E18/><V133/><F133/><W105/><G105/><T93/><D31/><U46/><E24/><V107/><F107/><W40/><G40/><T59/><D26/><U38/><E47/><AGARI ba="1,0" hai="4,9,12,47,48,52,84,86,95,98,103" m="48201" machi="47" ten="30,5800,0" yaku="18,1,52,1,54,1" doraHai="3" who="3" fromWho="1" sc="300,0,294,-61,164,0,242,61" owari="300,10.0,233,-17.0,164,-34.0,303,41.0" /></mjloggm>