<mjloggm ver="2.3"><GO type="225" lobby="0"/><UN n0="%E5%8F%8B%E6%B2%A2" n1="%E8%81%96%E7%87%90" n2="%61%74%E6%9D%B1%E5%B1%B1%E5%A5%88%E5%A4%AE" n3="%E3%82%A6%E3%83%AB%E3%83%88%E3%83%A9%E7%AB%8B%E7%9B%B4" dan="16,16,16,17" rate="2149.81,2053.95,2033.69,2155.81" sx="M,F,M,M"/><TAIKYOKU oya="0"/><INIT seed="0,0,0,5,4,54" ten="250,250,250,250" oya="0" hai0="105,75,95,66,69,94,63,25,22,108,127,130,125" hai1="48,76,68,5,46,96,0,79,100,73,77,26,131" hai2="99,126,102,91,9,84,92,13,74,59,43,115,82" hai3="80,85,7,58,120,65,28,8,35,27,122,31,60"/><T113/><D113/><U72/><E68/><V24/><F126/><N who="0" m="48138" /><D130/><U23/><E131/><V123/><F123/><W90/><REACH who="3" step="1"/><G31/><REACH who="3" ten="250,250,250,240" step="2"/><N who="0" m="17847" /><D108/><U87/><E73/><V83/><F115/><W47/><G47/><T57/><D75/><U121/><E72/><V112/><F112/><W133/><G133/><T53/><D105/><U97/><E121/><V1/><F74/><W36/><G36/><T104/><D104/><U64/><E87/><V37/><F84/><W20/><G20/><T16/><D16/><U52/><E96/><V67/><F99/><W118/><G118/><T38/><D38/><U45/><E45/><V17/><F37/><W21/><G21/><T135/><D135/><U33/><E33/><V107/><F17/><W81/><G81/><T49/><AGARI ba="0,1" hai="49,53,57,63,66,69,94,95" m="17847,48138" machi="49" ten="30,3000,0" yaku="18,1,52,1" doraHai="54" who="0" fromWho="0" sc="250,40,250,-10,250,-10,240,-10" /><INIT seed="0,1,0,0,1,7" ten="290,240,240,230" oya="0" hai0="94,14,132,33,82,129,22,135,71,17,59,54,109" hai1="73,74,108,119,3,127,8,90,103,34,53,65,18" hai2="130,126,1,125,63,88,131,67,93,79,87,121,13" hai3="29,43,26,55,31,25,98,40,50,100,78,112,134"/><T58/><D71/><U80/><E119/><V48/><F121/><W0/><G0/><T66/><D129/><N who="2" m="49162" /><F1/><W102/><G78/><T76/><D33/><U57/><E34/><V42/><F13/><W123/><G134/><N who="0" m="51243" /><D109/><U64/><E108/><V23/><F23/><W12/><G12/><T110/><D110/><U122/><E122/><V24/><F24/><N who="3" m="9323" /><G112/><T81/><D66/><U39/><E39/><V60/><F79/><W2/><G2/><T16/><D17/><U104/><E73/><V46/><F63/><W91/><G91/><T95/><D82/><U37/><E37/><V21/><F21/><W72/><G72/><N who="0" m="43143" /><D58/><AGARI ba="1,0" hai="42,46,48,58,60,67,87,88,93,125,126" m="49162" machi="58" ten="30,2000,0" yaku="19,1,54,1" doraHai="7" who="2" fromWho="0" sc="290,-23,240,0,240,23,230,0" /><INIT seed="1,0,0,4,1,78" ten="267,240,263,230" oya="1" hai0="68,80,42,117,55,70,135,97,50,86,51,14,74" hai1="29,18,84,132,45,24,76,20,126,95,116,67,5" hai2="30,99,75,1,9,69,102,17,21,19,111,61,10" hai3="53,49,82,113,54,104,48,91,101,106,118,13,26"/><U87/><E116/><V103/><F111/><W73/><G113/><T90/><D117/><U72/><E72/><V89/><F75/><W23/><G118/><T60/><D74/><U108/><E108/><V12/><F1/><W88/><G13/><T47/><D135/><U33/><E132/><V25/><F69/><W129/><G129/><T124/><D124/><U52/><E5/><V125/><F125/><W0/><G0/><T85/><D60/><U6/><E6/><V28/><F61/><W15/><G15/><T134/><D134/><U100/><E67/><V128/><F128/><W46/><G101/><N who="2" m="38409" /><F9/><W105/><G73/><T3/><D97/><N who="1" m="59455" /><E33/><V112/><F112/><W34/><G82/><T44/><D3/><U8/><E76/><V63/><F63/><W64/><G64/><T11/><REACH who="0" step="1"/><D86/><REACH who="0" ten="257,240,263,230" step="2"/><U59/><E126/><V127/><F127/><W4/><G34/><T16/><AGARI ba="0,1" hai="11,14,16,42,44,47,50,51,55,68,70,80,85,90" machi="16" ten="20,16000,3" yaku="1,1,2,1,0,1,7,1,25,2,52,1,54,1,53,0" doraHai="78" doraHaiUra="56" who="0" fromWho="0" sc="257,170,240,-80,263,-40,230,-40" /><INIT seed="2,0,0,4,5,89" ten="427,160,223,190" oya="2" hai0="90,55,40,95,0,70,81,47,104,3,10,36,15" hai1="28,1,42,79,111,112,48,5,19,116,86,14,27" hai2="118,84,23,30,100,2,12,115,97,102,44,57,94" hai3="16,130,129,7,25,61,60,41,76,109,63,59,117"/><V93/><F118/><W96/><G117/><T87/><D104/><U22/><E111/><V29/><F115/><W91/><G7/><T62/><D81/><U106/><E106/><V67/><F2/><W75/><G41/><T68/><D68/><U64/><E64/><V35/><F35/><W120/><G120/><T6/><REACH who="0" step="1"/><D55/><REACH who="0" ten="417,160,223,190" step="2"/><U82/><E116/><V37/><F67/><AGARI ba="0,1" hai="0,3,6,10,15,36,40,47,62,67,70,87,90,95" machi="67" ten="40,8000,1" yaku="1,1,2,1,52,1,53,1" doraHai="89" doraHaiUra="71" who="0" fromWho="2" sc="417,90,160,0,223,-80,190,0" /><INIT seed="3,0,0,2,3,132" ten="507,160,143,190" oya="3" hai0="100,26,93,46,75,91,129,73,98,37,7,10,52" hai1="15,16,114,81,8,25,134,113,44,30,60,94,53" hai2="19,39,32,109,31,70,5,124,118,36,49,64,40" hai3="116,61,85,29,34,17,108,86,18,106,126,14,51"/><W38/><G38/><T105/><D129/><U119/><E134/><V92/><F118/><W135/><G106/><T82/><D82/><U107/><E107/><V57/><F32/><W1/><G1/><T35/><D35/><U68/><E119/><V62/><F31/><W96/><G96/><T90/><D26/><U121/><E121/><V69/><F5/><W24/><G51/><T112/><D112/><U9/><E9/><V87/><F19/><W2/><G61/><T59/><D37/><N who="2" m="14410" /><F92/><W103/><G17/><T104/><D46/><U115/><E94/><V23/><F23/><W131/><G18/><T78/><D105/><U67/><E81/><V42/><F87/><W123/><G86/><T80/><D75/><U56/><E44/><N who="2" m="25735" /><F109/><W58/><G108/><T77/><D77/><U20/><E115/><V3/><F3/><W83/><G83/><T55/><D59/><U122/><E122/><V6/><F6/><W66/><G123/><T47/><D47/><U95/><E95/><V72/><F72/><W33/><G2/><T11/><D91/><U4/><REACH who="1" step="1"/><E30/><REACH who="1" ten="507,150,143,190" step="2"/><V71/><F42/><W89/><G29/><T48/><D48/><AGARI ba="0,1" hai="4,8,15,16,20,25,48,53,56,60,67,68,113,114" machi="48" ten="30,7700,0" yaku="1,1,2,1,7,1,54,1,53,0" doraHai="132" doraHaiUra="27" who="1" fromWho="0" sc="507,-77,150,87,143,0,190,0" owari="430,53.0,237,4.0,143,-36.0,190,-21.0" /></mjloggm>