<mjloggm ver="2.3"><GO type="169" lobby="0"/><UN n0="%E5%8C%97%E9%A2%A8%E3%83%80%E3%83%B3%E3%82%B4" n1="%E3%82%82%E3%81%98%E3%82%89" n2="%E3%83%A1%E3%82%AB%E3%82%BC%E3%83%83%E3%83%88%E3%83%B3" n3="%E5%B0%B1%E6%B4%BB%E7%94%9F%40%E5%B7%9D%E6%9D%91%E8%BB%8D%E5%9B%A3" dan="17,17,18,17" rate="2202.30,2161.59,2297.96,2261.74" sx="M,F,M,M"/><TAIKYOKU oya="0"/><INIT seed="0,0,0,0,0,51" ten="250,250,250,250" oya="0" hai0="47,33,53,115,0,87,38,82,44,36,83,81,54" hai1="132,29,65,5,30,46,86,39,130,75,113,50,48" hai2="124,103,100,95,79,99,110,1,37,10,98,104,90" hai3="105,43,34,62,25,67,125,101,122,52,8,126,88"/><T3/><D115/><U71/><E75/><V116/><F37/><N who="0" m="14442" /><D87/><U4/><E113/><V93/><F1/><N who="0" m="586" /><D33/><U35/><E86/><N who="2" m="52439" /><F10/><W121/><G43/><T80/><D80/><U118/><E50/><V14/><F14/><W77/><G77/><T74/><D74/><U73/><E39/><V41/><F41/><W108/><G108/><T131/><D131/><U60/><E130/><V20/><F110/><W6/><G101/><T17/><D17/><U114/><E114/><V69/><F69/><W18/><G105/><T9/><D9/><U112/><E112/><V89/><F124/><N who="3" m="47723" /><G67/><T133/><D133/><U40/><E132/><V21/><F116/><W19/><G34/><T120/><D120/><N who="3" m="46185" /><G25/><T76/><D76/><U129/><E129/><V26/><F26/><W92/><G8/><T70/><D70/><U78/><E118/><V23/><F23/><W117/><G6/><N who="1" m="2666" /><E35/><V134/><F134/><W16/><G117/><T57/><D57/><U97/><E78/><V85/><F21/><W49/><G62/><T28/><D28/><N who="1" m="10859" /><E73/><V61/><F61/><W31/><G31/><T119/><D119/><U32/><E32/><V94/><F20/><W106/><G106/><T91/><D91/><U59/><E71/><V22/><F22/><W84/><G19/><T15/><D15/><U13/><E13/><V12/><F12/><W63/><G63/><T2/><D2/><U66/><E66/><V42/><F79/><W45/><AGARI ba="0,0" hai="16,18,45,49,52,84,88,92" m="46185,47723" machi="45" ten="30,12000,2" yaku="18,1,13,1,52,1,54,3" doraHai="51" who="3" fromWho="3" sc="250,-60,250,-30,250,-30,250,120" /><INIT seed="1,0,0,4,5,102" ten="190,220,220,370" oya="1" hai0="37,22,1,62,69,5,85,107,106,96,7,31,40" hai1="103,130,8,116,113,25,65,33,115,10,77,20,56" hai2="78,76,95,67,68,18,125,16,26,63,73,86,118" hai3="14,71,122,132,79,99,117,24,52,93,43,91,57"/><U38/><E38/><V80/><F118/><W82/><G71/><T83/><D40/><U9/><E33/><V21/><F125/><W98/><G122/><T101/><D37/><U128/><E77/><V53/><F53/><W58/><G117/><T134/><D134/><U12/><E116/><V133/><F133/><W127/><G132/><T74/><D74/><U27/><E65/><V129/><F129/><N who="1" m="49769" /><E56/><V114/><F114/><N who="1" m="43529" /><E103/><V64/><F64/><W60/><G127/><T51/><D51/><U88/><E88/><V48/><F48/><W4/><G43/><T119/><D119/><U126/><E126/><V29/><REACH who="2" step="1"/><F95/><REACH who="2" ten="190,220,210,370" step="2"/><W50/><G50/><T23/><D62/><U19/><AGARI ba="0,1" hai="8,9,10,12,19,20,25,27" m="43529,49769" machi="19" ten="40,7800,0" yaku="19,1,34,2" doraHai="102" who="1" fromWho="1" sc="190,-26,220,88,210,-26,370,-26" /><INIT seed="1,1,0,2,0,48" ten="164,308,184,344" oya="1" hai0="49,50,6,5,70,19,30,84,112,72,45,16,76" hai1="61,8,74,95,66,90,40,7,80,122,1,27,54" hai2="131,36,34,53,13,105,91,107,51,22,110,129,92" hai3="31,114,68,78,102,130,86,39,44,59,71,38,58"/><U135/><E135/><V134/><F36/><N who="3" m="13867" /><G31/><T55/><D70/><N who="3" m="26665" /><G102/><T115/><D72/><U43/><E54/><V56/><F34/><W94/><G94/><T64/><D64/><U26/><E122/><V69/><F110/><W93/><G93/><T3/><D30/><U119/><E119/><V81/><F134/><W98/><G98/><T75/><D75/><U60/><E60/><V15/><F69/><W4/><G4/><N who="0" m="1643" /><D115/><U121/><E61/><V117/><F117/><W12/><G12/><T109/><D109/><U2/><E121/><V25/><F81/><W89/><G89/><T88/><D76/><U113/><E66/><V23/><F15/><W41/><G86/><T118/><D112/><U87/><E113/><V24/><F24/><W77/><G77/><T133/><D118/><U127/><E1/><V37/><F37/><N who="3" m="21551" /><G78/><T124/><D133/><U101/><E74/><V73/><F73/><W14/><G14/><T46/><D124/><U123/><E127/><V35/><F35/><W32/><G32/><T125/><D125/><U67/><E101/><V57/><F13/><W106/><G106/><T85/><D3/><U132/><E132/><V11/><F107/><W82/><G82/><N who="0" m="49175" /><D85/><U52/><E80/><V111/><F105/><W65/><G114/><T116/><D116/><U21/><E87/><V79/><F111/><W20/><G20/><T33/><D33/><U9/><E21/><V17/><F23/><W104/><G104/><T29/><D29/><U100/><E2/><V10/><F79/><W103/><G65/><T0/><D0/><U28/><E67/><RYUUKYOKU ba="1,0" sc="164,30,308,-10,184,-10,344,-10" hai0="16,19,45,46,49,50,55" /><INIT seed="2,2,0,1,2,131" ten="194,298,174,334" oya="2" hai0="52,17,95,63,27,3,119,66,31,102,57,92,22" hai1="37,10,67,70,98,128,47,44,62,29,72,53,110" hai2="104,68,94,71,6,108,2,61,85,114,100,96,129" hai3="82,107,34,109,117,118,20,130,127,58,124,89,99"/><V42/><F114/><W5/><G34/><T41/><D119/><N who="3" m="45577" /><G5/><T87/><D3/><U45/><E72/><V28/><F129/><W4/><G4/><T69/><D41/><U16/><E128/><V38/><F28/><W25/><G58/><T106/><D87/><U135/><E37/><V40/><F108/><W23/><G25/><T80/><D80/><U77/><E77/><V51/><F38/><W49/><G49/><T115/><D115/><U83/><E83/><V74/><F74/><W19/><G19/><T9/><D106/><U120/><E110/><V112/><F112/><W13/><G13/><T24/><D102/><U93/><E53/><V50/><F50/><W12/><G12/><T132/><D132/><U7/><E135/><V123/><F51/><W36/><G36/><T8/><D8/><U39/><E16/><V55/><F6/><W1/><G1/><T75/><D75/><U21/><E39/><V97/><F2/><W56/><G56/><T126/><D126/><N who="3" m="48169" /><G109/><T30/><D30/><U11/><E21/><V59/><F42/><W18/><G18/><T113/><D113/><U133/><E29/><V125/><F40/><W81/><G130/><T78/><D9/><N who="1" m="3083" /><E7/><V86/><F125/><W121/><G121/><T116/><D116/><U0/><E120/><V26/><F123/><W64/><G64/><T15/><D66/><U103/><E0/><V88/><REACH who="2" step="1"/><F26/><REACH who="2" ten="194,298,164,334" step="2"/><W101/><G89/><T32/><D27/><U65/><E133/><V46/><F46/><W79/><G79/><T54/><D24/><U111/><E111/><V76/><F76/><RYUUKYOKU ba="2,1" sc="194,-30,298,10,164,10,334,10" hai1="44,45,47,62,65,67,70,93,98,103" hai2="55,59,61,68,71,85,86,88,94,96,97,100,104" hai3="20,23,81,82,99,101,107" /><INIT seed="2,3,1,5,2,9" ten="164,308,174,344" oya="2" hai0="81,78,5,115,65,80,93,127,100,42,48,1,62" hai1="27,44,53,77,75,129,118,25,52,88,4,128,111" hai2="66,117,90,69,64,56,47,45,134,40,74,49,51" hai3="95,131,35,41,105,102,20,6,24,11,97,3,86"/><V36/><F74/><W122/><G122/><T38/><D38/><U63/><E118/><V22/><F117/><W8/><G131/><N who="1" m="50250" /><E77/><V101/><F101/><W107/><G35/><T55/><D115/><U114/><E75/><V33/><F33/><W92/><G41/><T109/><D109/><U120/><E111/><V125/><F22/><W108/><G11/><T23/><D127/><U89/><E4/><V130/><F90/><W17/><G108/><T112/><D112/><U110/><E120/><V32/><F32/><W72/><G72/><T39/><D23/><U132/><E114/><V46/><F130/><W73/><G73/><T85/><D80/><U119/><E119/><V84/><F84/><W57/><G57/><T116/><D116/><U106/><E106/><V124/><F134/><W30/><G30/><T26/><D26/><N who="1" m="9739" /><E132/><V21/><F21/><W13/><G3/><T135/><D135/><U58/><E110/><V60/><F66/><W68/><G68/><T18/><D5/><U123/><E123/><V12/><F12/><W98/><G86/><T126/><D1/><U103/><E103/><AGARI ba="3,1" hai="6,8,13,17,20,24,92,95,97,98,102,103,105,107" machi="103" ten="30,3900,0" yaku="7,1,9,1,52,1" doraHai="9" who="3" fromWho="1" sc="164,0,308,-48,174,0,344,58" /><INIT seed="3,0,0,0,4,133" ten="164,260,174,402" oya="3" hai0="130,60,14,90,85,120,68,21,20,37,74,87,135" hai1="80,82,28,104,69,112,118,111,91,117,110,77,115" hai2="33,108,124,41,81,38,64,8,121,109,16,26,17" hai3="23,86,56,92,30,54,12,106,65,72,66,125,93"/><W10/><G72/><T78/><D120/><U13/><E69/><V114/><F114/><N who="1" m="43561" /><E104/><V34/><F121/><W63/><G106/><T45/><D135/><U123/><E91/><V1/><F64/><W73/><G73/><T55/><D130/><U102/><E102/><V101/><F101/><W79/><G125/><T132/><D132/><U50/><E28/><V35/><F81/><W83/><G65/><T129/><D129/><U0/><E0/><V5/><F124/><W42/><G42/><T99/><D99/><U122/><E50/><V113/><F113/><W43/><G43/><T47/><D74/><N who="1" m="43063" /><E82/><V52/><F52/><W75/><G75/><T95/><D37/><U39/><E39/><V7/><F7/><W46/><G46/><N who="0" m="17419" /><D14/><U61/><E61/><V128/><F128/><W29/><G66/><T67/><D68/><U9/><E9/><V48/><F48/><W84/><G84/><T36/><D36/><U4/><E4/><V53/><F53/><W103/><G103/><T25/><D67/><U97/><E13/><V59/><F41/><W96/><G96/><T24/><D24/><U18/><E18/><N who="2" m="7275" /><F59/><W105/><G105/><T119/><D119/><N who="1" m="45579" /><E97/><V76/><F76/><W89/><G79/><T58/><D25/><U70/><E70/><V116/><F38/><W22/><G30/><T6/><D6/><U44/><E44/><V19/><F116/><W94/><G29/><T134/><D134/><U40/><E40/><V32/><N who="2" m="8192" /><DORA hai="11" /><V127/><F127/><W31/><G31/><T98/><D78/><U27/><E27/><V126/><F126/><RYUUKYOKU ba="0,0" sc="164,0,260,0,174,0,402,0" hai0="20,21,55,58,60,85,87,90,95,98" hai1="110,111,122,123" hai2="1,5,8,19,26,108,109" hai3="10,12,22,23,54,56,63,83,86,89,92,93,94" /><INIT seed="3,1,0,5,5,94" ten="164,260,174,402" oya="3" hai0="61,7,40,22,36,134,96,122,49,89,115,8,24" hai1="27,113,72,119,62,44,71,99,17,1,88,69,63" hai2="95,123,35,10,25,110,132,111,118,93,109,55,129" hai3="135,130,75,21,14,18,127,79,87,50,120,12,4"/><W91/><G120/><T28/><D122/><U92/><E72/><V100/><F123/><W84/><G130/><T54/><D134/><U45/><E1/><V26/><F118/><W78/><G135/><T34/><D115/><U9/><E113/><V3/><F132/><W31/><G127/><T125/><D125/><U117/><E71/><V124/><F124/><W81/><G31/><T77/><D77/><U86/><E69/><V5/><F129/><W15/><G75/><T58/><D36/><U52/><E117/><V13/><F35/><W105/><G105/><T128/><D34/><U116/><E116/><V108/><N who="2" m="27648" /><DORA hai="39" /><V29/><F29/><W59/><G4/><T103/><D89/><N who="1" m="55695" /><E119/><V131/><F131/><W37/><G37/><T85/><D85/><U101/><E101/><V133/><F133/><W97/><G97/><T80/><D80/><N who="1" m="49223" /><E63/><V90/><F100/><W104/><G104/><T16/><D128/><U42/><E42/><V98/><F95/><N who="3" m="54759" /><G79/><T38/><D38/><U121/><E121/><V68/><F68/><W67/><G67/><T53/><D40/><U2/><E2/><V47/><REACH who="2" step="1"/><F3/><REACH who="2" ten="164,260,164,402" step="2"/><W46/><G81/><T6/><D28/><U83/><E83/><V107/><F107/><W23/><G87/><T41/><D103/><U20/><E9/><V57/><F57/><AGARI ba="1,1" hai="17,20,27,44,45,52,57,62" m="49223,55695" machi="57" ten="30,8000,1" yaku="25,1,8,1,52,1,54,2" doraHai="94,39" who="1" fromWho="2" sc="164,0,260,93,164,-83,402,0" /><INIT seed="4,0,0,1,5,130" ten="164,353,81,402" oya="0" hai0="77,18,25,99,0,4,108,57,74,30,135,44,8" hai1="112,16,82,26,46,40,14,62,84,106,13,119,70" hai2="132,49,37,24,35,28,117,79,1,66,113,54,114" hai3="128,58,68,123,115,47,125,11,92,12,101,120,96"/><T122/><D122/><N who="3" m="46633" /><G128/><T6/><D44/><U109/><E106/><V42/><F1/><W104/><G68/><T55/><D135/><U34/><E109/><V10/><F66/><W60/><G115/><N who="2" m="44041" /><F79/><W56/><G125/><T9/><D108/><U69/><E119/><V85/><F85/><W65/><G47/><T41/><D41/><U97/><E97/><V17/><F42/><W59/><G104/><T15/><D99/><U88/><E112/><V31/><F31/><W72/><G72/><T86/><D74/><U126/><E126/><V95/><F95/><W3/><G3/><T87/><D77/><U73/><E73/><V78/><F78/><W75/><G75/><T133/><D18/><AGARI ba="0,0" hai="11,12,18,56,58,59,60,65,92,96,101" m="46633" machi="18" ten="30,1000,0" yaku="13,1" doraHai="130" who="3" fromWho="0" sc="164,-10,353,0,81,0,402,10" /><INIT seed="5,0,0,4,0,4" ten="154,353,81,412" oya="1" hai0="23,105,97,19,44,74,130,122,55,1,96,41,92" hai1="59,70,125,9,58,102,98,56,81,85,73,84,133" hai2="45,48,3,113,22,40,80,94,34,8,67,101,64" hai3="118,57,31,14,12,54,10,68,132,28,103,39,134"/><U106/><E70/><V30/><F34/><W32/><G68/><T51/><D1/><U60/><E133/><N who="3" m="51306" /><G39/><T24/><D130/><U13/><E125/><V126/><F126/><W110/><G110/><T53/><D74/><U17/><E73/><V63/><F80/><W27/><G118/><T79/><D79/><U119/><E119/><V107/><F107/><W71/><G71/><T99/><D122/><U75/><E75/><V100/><F113/><W66/><G66/><T111/><D111/><U93/><E106/><V49/><F49/><N who="3" m="30927" /><G31/><T36/><D105/><U0/><E0/><V76/><F76/><W15/><G103/><T38/><D38/><U109/><E109/><V43/><F67/><W83/><G83/><T90/><D36/><U87/><E81/><V114/><F114/><W5/><AGARI ba="0,0" hai="5,10,12,14,15,27,28,32" m="30927,51306" machi="5" ten="30,2000,0" yaku="20,1,52,1" doraHai="4" who="3" fromWho="3" sc="154,-5,353,-10,81,-5,412,20" /><INIT seed="6,0,0,2,5,66" ten="149,343,76,432" oya="2" hai0="40,61,116,58,62,49,117,35,46,53,108,99,120" hai1="81,59,124,7,125,111,103,28,22,38,78,129,91" hai2="26,16,31,101,109,55,24,63,93,105,72,51,128" hai3="104,112,12,102,52,45,36,20,25,67,0,87,70"/><V65/><F105/><W50/><G0/><T134/><D35/><U132/><E38/><V79/><F128/><W126/><G126/><N who="1" m="48746" /><E111/><V2/><F2/><W94/><G104/><T3/><D3/><U57/><E7/><V6/><F6/><W32/><G32/><T123/><D99/><U131/><E91/><V23/><F109/><W106/><G106/><T34/><D34/><U43/><E43/><V74/><F79/><W89/><G112/><T5/><D5/><U69/><E103/><V86/><F26/><W9/><G36/><T98/><D98/><U8/><E8/><V42/><F42/><W82/><G70/><T21/><D21/><U10/><E10/><V15/><F101/><W18/><G67/><T130/><D130/><N who="1" m="49675" /><E69/><V27/><F27/><W64/><G64/><T133/><D62/><U113/><E113/><V80/><F93/><W85/><G102/><T44/><D108/><U56/><E28/><V100/><F100/><W90/><G25/><T71/><D71/><U29/><E29/><V83/><F65/><W37/><G37/><N who="0" m="21519" /><D117/><U122/><E22/><AGARI ba="0,0" hai="9,12,18,20,22,45,50,52,82,85,87,89,90,94" machi="22" ten="40,8000,1" yaku="25,2,8,1,54,1" doraHai="66" who="3" fromWho="1" sc="149,0,343,-80,76,0,432,80" /><INIT seed="7,0,0,1,4,30" ten="149,263,76,512" oya="3" hai0="35,109,73,118,52,131,45,24,61,62,54,93,129" hai1="110,96,11,119,92,29,102,80,69,100,58,44,59" hai2="90,107,116,28,27,115,117,14,108,82,81,88,68" hai3="124,1,17,18,123,122,51,12,47,127,42,9,94"/><W56/><G1/><T112/><D109/><U98/><E29/><V67/><F108/><W48/><G94/><T77/><D118/><U133/><E44/><V20/><F107/><W111/><G111/><T7/><D7/><U66/><E133/><V83/><F115/><W70/><G70/><T26/><D93/><U60/><E80/><V4/><F67/><W75/><G75/><T63/><D112/><U125/><E11/><V114/><F68/><W6/><G56/><T85/><D73/><U13/><E13/><V22/><F114/><W71/><G71/><T21/><D35/><U105/><E125/><N who="3" m="48202" /><G51/><N who="0" m="28783" /><D54/><U41/><E41/><V128/><F128/><N who="0" m="49226" /><D21/><U49/><E110/><V5/><F5/><W76/><G76/><T104/><D104/><U2/><E2/><V32/><F20/><W53/><G42/><T91/><D77/><U43/><E119/><V34/><F117/><W46/><G46/><T121/><D121/><AGARI ba="0,0" hai="6,9,12,17,18,47,48,53,121,122,123" m="48202" machi="121" ten="30,1500,0" yaku="18,1" doraHai="30" who="3" fromWho="0" sc="149,-15,263,0,76,0,512,15" owari="134,-27.0,263,6.0,76,-42.0,527,63.0" /></mjloggm>