<mjloggm ver="2.3"><GO type="169" lobby="0"/><UN n0="%69%6D%6F%69%6D%6F" n1="%E5%B0%B1%E6%B4%BB%E7%94%9F%40%E5%B7%9D%E6%9D%91%E8%BB%8D%E5%9B%A3" n2="%E5%A4%A9%E9%BC%93" n3="%E8%B5%A4%E9%98%AA%E9%83%81%E4%B9%83" dan="16,17,18,17" rate="2027.43,2183.35,2214.50,2146.67" sx="M,M,M,F"/><TAIKYOKU oya="0"/><INIT seed="0,0,0,5,1,6" ten="250,250,250,250" oya="0" hai0="47,31,61,13,71,1,51,123,37,66,125,54,74" hai1="102,96,35,109,44,133,20,91,65,98,68,49,58" hai2="45,63,3,110,106,112,119,27,121,124,89,38,118" hai3="14,56,132,42,114,7,87,120,84,99,83,115,127"/><T69/><D1/><U135/><E35/><V59/><F27/><W85/><G132/><T78/><D123/><U88/><E68/><V126/><F89/><W21/><G127/><N who="2" m="48681" /><F106/><W117/><G117/><N who="2" m="44553" /><F3/><W25/><G120/><T97/><D125/><U129/><E109/><V81/><F81/><W26/><G42/><T50/><D31/><U75/><E129/><V32/><F32/><W28/><G99/><T113/><D97/><U29/><E75/><V64/><F121/><W67/><G83/><T43/><D113/><U62/><E98/><V22/><F22/><W19/><G7/><T95/><D95/><N who="1" m="58655" /><E135/><V116/><F116/><W10/><G25/><T104/><D104/><U5/><E133/><V53/><F112/><W33/><G33/><T40/><D78/><U41/><E5/><V103/><F103/><W8/><G114/><T77/><D77/><U48/><E48/><N who="0" m="18473" /><D74/><U76/><E76/><V72/><F72/><W122/><G115/><T34/><D34/><U4/><E4/><V82/><F110/><W15/><G122/><T17/><D71/><U30/><E30/><V23/><F23/><N who="3" m="15455" /><G14/><T134/><D134/><U100/><E100/><V107/><F107/><W52/><G67/><T9/><D40/><U111/><E111/><V131/><F131/><W86/><N who="3" m="21504" /><DORA hai="128" /><W92/><G92/><T11/><D43/><U108/><E108/><V55/><F82/><W94/><G94/><T2/><D2/><U101/><E101/><V0/><F0/><W57/><G57/><T130/><D130/><U36/><E36/><V79/><F79/><W12/><G12/><RYUUKYOKU ba="0,0" sc="250,-30,250,10,250,10,250,10" hai1="20,29,41,44,49,58,62,65,88,91" hai2="38,45,53,55,59,63,64" hai3="8,10,15,19,21,52,56" /><INIT seed="1,1,0,1,0,51" ten="220,260,260,260" oya="1" hai0="92,24,39,79,110,23,25,47,34,11,60,117,44" hai1="113,40,59,45,42,56,131,75,105,73,28,61,17" hai2="125,64,0,77,69,91,104,41,26,116,85,121,101" hai3="15,21,86,99,35,89,32,126,38,14,63,81,115"/><U66/><E113/><V72/><F0/><W33/><G115/><T27/><D117/><U65/><E105/><V127/><F41/><W97/><G38/><T31/><D110/><U108/><E108/><V134/><F26/><W132/><G132/><T107/><D107/><U95/><E131/><V10/><F10/><W55/><G126/><N who="2" m="48137" /><F64/><W68/><G68/><T135/><D135/><U111/><E111/><V103/><F69/><W93/><G21/><T30/><D25/><U29/><E95/><N who="2" m="54767" /><F103/><W2/><G2/><T118/><D118/><U90/><E61/><V53/><F53/><W88/><REACH who="3" step="1"/><G99/><REACH who="3" ten="220,260,260,250" step="2"/><T80/><D23/><U109/><E109/><V8/><F134/><W58/><AGARI ba="1,1" hai="14,15,32,33,35,55,58,63,81,86,88,89,93,97" machi="58" ten="40,12000,2" yaku="1,1,2,1,0,1,52,1,54,1,53,1" doraHai="51" doraHaiUra="78" who="3" fromWho="3" sc="220,-31,260,-61,260,-31,250,133" /><INIT seed="2,0,0,5,1,86" ten="189,199,229,383" oya="2" hai0="85,107,113,4,122,91,61,81,96,98,3,89,68" hai1="101,94,10,33,0,109,7,53,15,36,6,5,90" hai2="37,47,44,71,88,128,126,102,95,116,20,104,23" hai3="124,21,114,120,24,25,100,49,123,55,66,42,9"/><V57/><F71/><W92/><G42/><T50/><D113/><U17/><E109/><V19/><F116/><W32/><G66/><T26/><D122/><U34/><E36/><V118/><F118/><W129/><G9/><T127/><D127/><U2/><E101/><V74/><F74/><W105/><G105/><T13/><D3/><U45/><E45/><N who="2" m="17483" /><F104/><W35/><G124/><T27/><D50/><U87/><REACH who="1" step="1"/><E53/><REACH who="1" ten="189,189,229,383" step="2"/><V14/><F37/><W51/><G55/><T56/><D107/><U46/><E46/><V48/><F126/><W31/><G100/><T103/><D103/><U93/><E93/><V80/><F102/><W64/><G92/><T134/><D134/><U69/><E69/><V38/><F38/><W135/><G135/><T75/><D68/><U16/><E16/><V62/><F128/><W65/><G129/><T131/><D131/><U59/><E59/><V29/><F95/><W108/><G108/><T112/><D56/><U84/><E84/><N who="2" m="50183" /><F29/><W72/><G123/><T132/><D132/><U77/><E77/><V30/><F30/><W63/><G120/><T43/><D75/><U12/><E12/><V110/><F110/><W78/><G72/><T58/><D13/><U39/><E39/><V22/><F22/><W18/><G21/><T125/><D125/><U52/><E52/><N who="2" m="34087" /><F23/><W76/><G32/><AGARI ba="0,1" hai="0,2,5,6,7,10,15,17,32,33,34,87,90,94" machi="32" ten="40,2600,0" yaku="1,1,52,1,53,0" doraHai="86" doraHaiUra="73" who="1" fromWho="3" sc="189,0,189,36,229,0,383,-26" /><INIT seed="3,0,0,4,1,53" ten="189,225,229,357" oya="3" hai0="117,88,55,115,9,57,67,31,120,41,13,44,38" hai1="51,2,61,119,19,62,73,8,15,98,0,83,86" hai2="36,21,18,84,42,66,128,43,110,81,72,7,20" hai3="104,54,24,90,49,133,103,107,12,96,63,28,32"/><W122/><G133/><T56/><D120/><U22/><E73/><V100/><F72/><W95/><G122/><T91/><D117/><U118/><E98/><V52/><F128/><W29/><G29/><T93/><D115/><U131/><E131/><V47/><F110/><W116/><G116/><N who="1" m="44586" /><E51/><V111/><F111/><W126/><G126/><T64/><D31/><U16/><E19/><V35/><F35/><W30/><G30/><T102/><D102/><U4/><E0/><V50/><F66/><W27/><G27/><T45/><D45/><U3/><E2/><V25/><F7/><W26/><G26/><T23/><D23/><U59/><E59/><V113/><F113/><W58/><G12/><T48/><D56/><U69/><E69/><V1/><F1/><W40/><G40/><T17/><REACH who="0" step="1"/><D91/><AGARI ba="0,0" hai="3,4,8,15,16,22,61,62,83,86,91" m="44586" machi="91" ten="30,2000,0" yaku="12,1,54,1" doraHai="53" who="1" fromWho="0" sc="189,-20,225,20,229,0,357,0" /><INIT seed="4,0,0,2,0,49" ten="169,245,229,357" oya="0" hai0="65,91,35,15,14,34,17,74,121,8,111,5,124" hai1="58,77,104,3,50,132,73,106,29,19,96,26,69" hai2="21,18,115,33,103,68,127,39,24,78,105,130,40" hai3="76,114,86,89,51,85,81,62,79,92,52,135,118"/><T61/><D74/><U64/><E19/><V72/><F68/><W80/><G114/><T123/><D124/><U20/><E3/><V66/><F66/><W99/><G135/><T9/><D111/><U45/><E132/><V134/><F134/><W46/><REACH who="3" step="1"/><G62/><REACH who="3" ten="169,245,229,347" step="2"/><T22/><D91/><U120/><E120/><V117/><F115/><W30/><G30/><T88/><D88/><U95/><E29/><V10/><F127/><W12/><G12/><N who="0" m="9511" /><D61/><U133/><E133/><V37/><F117/><AGARI ba="0,1" hai="46,51,52,76,79,80,81,85,86,89,92,99,117,118" machi="117" ten="40,8000,1" yaku="1,1,9,1,52,1,54,1,53,0" doraHai="49" doraHaiUra="28" who="3" fromWho="2" sc="169,0,245,0,229,-80,347,90" /><INIT seed="5,0,0,1,4,51" ten="169,245,149,437" oya="1" hai0="57,117,1,109,24,122,38,120,90,80,83,129,118" hai1="104,5,64,111,103,12,21,131,19,25,91,11,4" hai2="74,44,76,66,77,17,113,2,58,132,36,33,99" hai3="116,41,8,94,55,18,114,60,67,89,82,96,30"/><U95/><E131/><V79/><F132/><W14/><G114/><T69/><D69/><U98/><E111/><V29/><F113/><W23/><G116/><T70/><D70/><U88/><E64/><V3/><F74/><W65/><G41/><T87/><D129/><U13/><E104/><V45/><F17/><W20/><G82/><T121/><D109/><U124/><E124/><V15/><F15/><W6/><G30/><T35/><D38/><U71/><E71/><V127/><F127/><W106/><G106/><T135/><D135/><U32/><E32/><V47/><F36/><W9/><G23/><T85/><D1/><U126/><E126/><V42/><F99/><W54/><G67/><T43/><D43/><U34/><E34/><V134/><F42/><W7/><G9/><AGARI ba="0,0" hai="4,5,9,11,12,13,19,21,25,88,91,95,98,103" machi="9" ten="40,7700,0" yaku="9,1,8,1,54,1" doraHai="51" who="1" fromWho="3" sc="169,0,245,77,149,0,437,-77" /><INIT seed="5,1,0,2,2,104" ten="169,322,149,360" oya="1" hai0="23,15,70,31,65,126,119,67,77,110,22,43,4" hai1="39,51,91,112,57,106,68,94,103,35,2,109,123" hai2="1,61,59,116,89,10,30,93,120,98,85,72,14" hai3="29,64,36,99,133,121,105,131,7,27,48,46,0"/><U95/><E68/><V3/><F120/><W107/><G121/><T129/><D110/><U25/><E39/><V101/><F30/><W58/><G131/><T83/><D119/><U102/><E2/><V19/><F116/><W34/><G133/><T115/><D115/><U127/><E35/><V21/><F72/><W13/><G0/><T42/><D129/><U54/><E25/><V62/><F62/><W108/><G108/><T37/><D126/><U53/><E106/><V71/><F71/><W81/><G99/><T56/><D70/><U82/><E127/><V33/><F10/><W50/><G36/><T100/><D100/><U125/><E125/><V74/><F74/><W24/><G24/><T6/><D37/><U26/><E26/><V47/><F47/><W11/><G81/><T90/><D77/><U55/><E109/><V32/><F3/><W86/><G86/><N who="0" m="50527" /><D31/><U75/><E123/><V8/><F8/><W18/><G7/><N who="0" m="2603" /><D56/><U78/><E112/><V16/><F19/><W124/><G124/><T12/><D65/><U79/><E79/><V9/><F9/><W73/><G73/><T111/><D67/><U5/><E5/><V60/><F60/><W130/><G130/><T69/><D69/><U132/><E132/><V45/><F45/><W38/><G38/><T40/><D111/><U117/><E117/><V114/><F114/><W28/><G28/><T20/><AGARI ba="1,0" hai="12,15,20,22,23,40,42,43" m="2603,50527" machi="20" ten="40,1500,0" yaku="8,1" doraHai="104" who="0" fromWho="0" sc="169,18,322,-8,149,-5,360,-5" /><INIT seed="6,0,0,4,0,8" ten="187,314,144,355" oya="2" hai0="130,95,40,77,65,123,106,31,109,119,69,79,88" hai1="54,99,120,98,96,117,42,91,128,92,48,105,36" hai2="20,76,71,39,101,131,37,21,28,41,82,126,78" hai3="83,30,132,14,135,11,19,22,93,129,12,1,90"/><V89/><F71/><W102/><G129/><T61/><D109/><U86/><E117/><V73/><F131/><W38/><G38/><T18/><D123/><U0/><E128/><V17/><F126/><W107/><G1/><T59/><D130/><U55/><E0/><V70/><F70/><W23/><G107/><T74/><D106/><U33/><E33/><V81/><F101/><W122/><G122/><T114/><D114/><U32/><E32/><V112/><F112/><W80/><G102/><T64/><D31/><U62/><E120/><V72/><F89/><W6/><G23/><T34/><D34/><U49/><E105/><V47/><F28/><W46/><G46/><T52/><D119/><U75/><E75/><V2/><F2/><W113/><G30/><T121/><D40/><U84/><E62/><V43/><F17/><W16/><G6/><T108/><D108/><U115/><E115/><V9/><F9/><W25/><G113/><T118/><D118/><U56/><E36/><V124/><F124/><W67/><G67/><N who="0" m="25675" /><D74/><U111/><E111/><V58/><REACH who="2" step="1"/><F58/><REACH who="2" ten="187,314,134,355" step="2"/><W13/><G90/><T45/><D69/><U104/><E56/><V35/><F35/><W63/><G11/><T50/><D121/><U10/><E10/><V57/><F57/><W27/><G19/><T110/><D18/><U85/><E91/><V3/><F3/><W125/><G125/><T100/><D100/><U60/><E104/><V15/><F15/><W51/><G12/><T97/><D110/><U127/><E127/><V53/><F53/><W24/><G13/><T29/><D29/><RYUUKYOKU ba="0,1" sc="187,15,314,-15,134,15,355,-15" hai0="45,50,52,59,61,77,79,88,95,97" hai2="20,21,37,39,41,43,47,72,73,76,78,81,82" /><INIT seed="6,1,1,4,1,91" ten="202,299,149,340" oya="2" hai0="47,6,56,68,46,15,22,18,125,123,33,75,126" hai1="95,86,35,21,53,87,61,103,7,94,10,44,57" hai2="5,50,13,93,29,84,54,3,26,49,11,130,113" hai3="88,108,76,14,106,19,117,45,59,135,30,12,63"/><V99/><F113/><W82/><G108/><T109/><D68/><U114/><E35/><V119/><F130/><W120/><G120/><T69/><D69/><U71/><E71/><V124/><F124/><N who="0" m="47722" /><D109/><U28/><E114/><V70/><F119/><W128/><G106/><T134/><D123/><U112/><E112/><V131/><F131/><W97/><G30/><T116/><D134/><U51/><E21/><N who="2" m="15567" /><F3/><W132/><G45/><T89/><D116/><U20/><E20/><V74/><F74/><N who="3" m="43287" /><G19/><T115/><D115/><U80/><E28/><V39/><F39/><W4/><G4/><T62/><D75/><U77/><E103/><N who="2" m="60911" /><F70/><W85/><G128/><T90/><D6/><U79/><E79/><V118/><F118/><W73/><G73/><T0/><D0/><U72/><E87/><V9/><F9/><W36/><G36/><T92/><D89/><U121/><E72/><V2/><F2/><W133/><G117/><T104/><D104/><U100/><E100/><V64/><F64/><N who="3" m="39039" /><G97/><N who="0" m="57495" /><D33/><U98/><E121/><V66/><F66/><AGARI ba="1,1" hai="15,18,22,46,47,56,62,66" m="57495,47722" machi="66" ten="30,2000,0" yaku="18,1,52,1" doraHai="91" who="0" fromWho="2" sc="202,33,299,0,149,-23,340,0" /><INIT seed="7,0,0,1,1,114" ten="235,299,126,340" oya="3" hai0="45,62,28,73,52,99,16,42,49,40,18,11,33" hai1="104,67,135,32,44,70,92,55,82,8,94,125,102" hai2="75,69,93,81,9,10,51,46,72,39,115,63,90" hai3="0,23,60,107,91,111,77,95,2,79,71,96,38"/><W74/><G38/><T100/><D73/><U12/><E32/><V132/><F115/><W126/><G126/><T50/><D62/><U15/><E125/><V20/><F132/><W64/><G77/><T30/><D33/><U66/><E135/><V25/><F39/><W35/><G35/><T54/><D11/><U58/><E70/><V27/><F69/><W43/><G23/><T26/><D26/><U57/><E104/><V109/><F109/><W110/><G43/><T113/><D113/><U127/><E82/><V65/><F75/><W4/><G107/><T105/><D40/><U133/><E44/><V59/><F81/><N who="3" m="45303" /><G4/><T83/><D83/><U130/><E58/><V21/><F72/><W14/><G14/><T120/><D120/><U5/><E15/><V53/><F90/><W97/><G97/><T31/><D42/><U3/><E3/><V6/><F93/><W41/><G41/><T68/><D68/><U129/><E94/><V17/><REACH who="2" step="1"/><F6/><REACH who="2" ten="235,299,116,340" step="2"/><W101/><G91/><T117/><D117/><U123/><E133/><V80/><F80/><W37/><G37/><T85/><D105/><U88/><E88/><V24/><F24/><W98/><G95/><T78/><D100/><U22/><E92/><V13/><F13/><W118/><G101/><T1/><D1/><U131/><E12/><V48/><F48/><W87/><G0/><T7/><D7/><U108/><E5/><V112/><F112/><W84/><G2/><T122/><D50/><U61/><E108/><V19/><AGARI ba="0,1" hai="9,10,17,19,20,21,25,27,46,51,53,59,63,65" machi="19" ten="20,8000,1" yaku="1,1,0,1,7,1,9,1,8,1,53,0" doraHai="114" doraHaiUra="124" who="2" fromWho="2" sc="235,-20,299,-20,116,90,340,-40" owari="215,-18.0,279,8.0,206,-29.0,300,39.0" /></mjloggm>