<mjloggm ver="2.3"><GO type="169" lobby="0"/><UN n0="%67%69%6A%79%75%74%75" n1="%E5%A4%A9%E7%A5%9E%E4%B9%83%E9%9B%80" n2="%E3%81%B5%E3%81%8B%E3%81%98" n3="%E3%82%A6%E3%83%AB%E3%83%88%E3%83%A9%E7%AB%8B%E7%9B%B4" dan="16,16,16,17" rate="2120.19,2076.50,2164.40,2158.39" sx="M,M,M,M"/><TAIKYOKU oya="0"/><INIT seed="0,0,0,0,1,27" ten="250,250,250,250" oya="0" hai0="10,24,22,118,66,39,110,6,129,40,95,46,115" hai1="109,26,84,60,59,1,55,119,134,120,45,127,17" hai2="44,4,73,47,69,135,96,67,128,3,85,62,7" hai3="89,117,112,37,54,49,28,124,80,42,65,43,103"/><T25/><D118/><U121/><E119/><V76/><F73/><W29/><G112/><T21/><D115/><U16/><E127/><V18/><F128/><W64/><G103/><T131/><D66/><N who="3" m="25705" /><G37/><T106/><D106/><U79/><E134/><V71/><F71/><W61/><G61/><T111/><D95/><U93/><E1/><V77/><F135/><W114/><G124/><T102/><D102/><U97/><E109/><N who="0" m="41481" /><D21/><U33/><E33/><V14/><F96/><W100/><G100/><T91/><D91/><U11/><E79/><V113/><F113/><W35/><G35/><T122/><D122/><U92/><E93/><V68/><F68/><W56/><G114/><T90/><D90/><U57/><E92/><V12/><F69/><W99/><G117/><T32/><D32/><U81/><E120/><V87/><F67/><W78/><G99/><T70/><D70/><U107/><E107/><V86/><F86/><N who="3" m="48407" /><G89/><T23/><D23/><U9/><E121/><V130/><F130/><N who="0" m="49674" /><D22/><U31/><E81/><V123/><F123/><W98/><G98/><T2/><AGARI ba="0,0" hai="2,6,10,24,25,39,40,46" m="49674,41481" machi="2" ten="30,6000,0" yaku="14,1,10,1,19,1" doraHai="27" who="0" fromWho="0" sc="250,60,250,-20,250,-20,250,-20" /><INIT seed="0,1,0,2,5,38" ten="310,230,230,230" oya="0" hai0="91,107,93,70,37,27,73,44,60,32,131,123,15" hai1="17,53,28,120,114,54,119,102,72,51,127,132,41" hai2="134,34,64,57,63,22,0,56,71,76,105,52,130" hai3="97,77,11,12,26,36,106,110,85,135,83,18,103"/><T40/><D123/><U10/><E120/><V86/><F34/><W99/><G110/><T98/><D73/><U75/><E119/><V84/><F0/><W30/><G36/><T94/><D107/><U96/><E127/><V111/><F105/><W46/><G99/><T67/><D131/><U133/><E28/><V87/><F111/><W82/><G82/><T118/><D118/><U128/><E128/><V13/><F130/><W112/><G135/><N who="1" m="51786" /><E114/><V124/><F134/><W58/><G58/><T6/><D94/><N who="1" m="58647" /><E17/><N who="2" m="10543" /><F71/><W95/><G106/><T8/><D32/><U79/><E10/><V101/><F101/><W25/><G112/><T49/><REACH who="0" step="1"/><D27/><REACH who="0" ten="300,230,230,230" step="2"/><U61/><E75/><V90/><F124/><W5/><G26/><T59/><D59/><U35/><E35/><V47/><F47/><W126/><G126/><T31/><D31/><U50/><E72/><V117/><F117/><W81/><G46/><T121/><D121/><U7/><E79/><V113/><F76/><W62/><G30/><T48/><AGARI ba="1,1" hai="6,8,15,37,40,44,48,49,60,67,70,91,93,98" machi="48" ten="30,6000,0" yaku="1,1,0,1,52,1,53,0" doraHai="38" doraHaiUra="24" who="0" fromWho="0" sc="300,73,230,-21,230,-21,230,-21" /><INIT seed="0,2,0,5,5,90" ten="373,209,209,209" oya="0" hai0="91,131,17,20,33,32,104,28,103,41,13,12,60" hai1="40,15,71,23,22,81,5,47,72,65,89,16,66" hai2="101,58,11,84,93,6,76,87,44,62,125,97,132" hai3="127,109,106,118,69,54,114,52,133,107,121,0,94"/><T35/><D41/><U59/><E71/><V2/><F132/><W45/><G45/><T83/><D131/><U14/><E59/><V8/><F125/><W39/><G54/><T9/><D60/><U7/><E72/><V29/><F76/><W50/><G50/><T85/><D103/><U74/><E74/><V43/><F11/><W27/><G94/><T120/><D104/><U38/><E7/><V79/><F79/><W130/><G52/><T61/><D61/><U48/><E38/><V26/><F44/><W122/><G27/><T1/><D1/><U78/><E78/><V119/><F43/><W105/><G105/><T102/><D102/><U95/><E81/><V46/><F46/><W128/><G107/><T57/><D57/><U117/><E117/><V116/><F119/><W124/><G124/><T30/><REACH who="0" step="1"/><D120/><REACH who="0" ten="363,209,209,209" step="2"/><U135/><E135/><V126/><F116/><W110/><G122/><T21/><D21/><U99/><E5/><AGARI ba="2,1" hai="5,9,12,13,17,20,28,30,32,33,35,83,85,91" machi="5" ten="40,2000,0" yaku="1,1,53,0" doraHai="90" doraHaiUra="64" who="0" fromWho="1" sc="363,36,209,-26,209,0,209,0" /><INIT seed="0,3,0,4,3,34" ten="399,183,209,209" oya="0" hai0="129,110,42,35,62,90,118,66,93,127,131,58,23" hai1="30,134,6,50,43,56,18,103,33,101,130,108,104" hai2="105,107,44,97,12,87,45,41,99,133,4,128,124" hai3="81,115,63,135,119,76,25,21,31,37,59,15,29"/><T78/><D35/><U123/><E123/><V83/><F128/><N who="0" m="49226" /><D118/><U17/><E130/><V26/><F133/><W121/><G37/><T16/><D127/><U24/><E134/><V10/><F124/><W38/><G38/><T86/><D42/><U54/><E108/><V113/><F113/><W65/><G135/><T71/><D78/><U20/><E104/><V7/><F7/><W48/><G119/><T100/><D100/><U82/><E43/><V8/><F8/><W111/><G111/><T32/><D32/><U61/><E6/><V80/><F26/><W55/><G115/><T102/><D102/><U88/><E61/><V39/><F45/><W89/><G121/><T19/><D110/><U69/><E69/><V85/><F105/><W114/><G114/><T2/><D2/><U72/><E72/><V46/><F46/><W116/><G116/><T94/><D94/><U92/><E82/><V68/><F68/><W9/><G89/><T60/><D23/><U13/><E18/><V125/><F125/><W11/><G31/><T67/><AGARI ba="3,0" hai="16,19,58,60,62,66,67,71,86,90,93" m="49226" machi="67" ten="30,3000,0" yaku="19,1,54,1" doraHai="34" who="0" fromWho="0" sc="399,39,183,-13,209,-13,209,-13" /><INIT seed="0,4,0,3,3,51" ten="438,170,196,196" oya="0" hai0="110,23,123,27,35,4,111,42,112,53,127,55,86" hai1="70,132,48,113,0,21,7,11,74,61,52,1,107" hai2="134,34,104,36,6,90,88,133,96,57,17,97,109" hai3="106,87,30,32,69,12,120,3,122,94,115,101,67"/><T103/><D35/><U28/><E107/><V58/><F36/><W2/><G94/><T130/><D112/><U65/><E74/><V5/><F34/><W41/><G87/><T92/><D123/><U78/><E78/><V83/><F17/><W131/><G41/><T121/><D121/><U85/><E132/><V13/><F13/><W16/><G12/><T64/><D130/><U76/><E113/><V14/><F14/><W20/><G16/><N who="0" m="12775" /><D4/><U100/><E100/><V72/><F109/><N who="0" m="41482" /><D127/><U24/><E0/><V118/><F118/><W44/><G32/><T59/><D42/><U26/><E26/><V99/><F99/><W117/><G131/><T91/><D103/><U119/><E119/><V18/><F18/><W50/><G101/><T116/><D116/><U102/><E102/><V19/><F19/><W124/><G124/><T89/><D91/><U37/><E37/><V54/><F6/><W10/><G117/><T66/><D55/><U40/><E40/><V71/><F5/><W49/><G115/><T79/><D79/><U98/><E98/><V22/><F97/><W38/><G122/><T95/><D95/><U73/><E73/><V43/><F96/><W81/><G120/><T9/><D9/><U77/><E85/><V60/><F72/><W25/><G10/><T29/><D29/><U80/><E80/><V82/><F83/><W93/><G81/><T33/><D33/><U63/><E63/><AGARI ba="4,0" hai="53,59,63,64,66,86,89,92" m="41482,12775" machi="63" ten="30,11600,0" yaku="14,1,10,1,52,1,54,1" doraHai="51" who="0" fromWho="1" sc="438,128,170,-128,196,0,196,0" /><INIT seed="0,5,0,5,5,129" ten="566,42,196,196" oya="0" hai0="85,47,48,29,52,118,37,90,57,9,66,10,63" hai1="35,12,58,41,119,60,91,125,86,104,39,128,61" hai2="101,27,51,59,133,77,99,127,93,126,42,72,120" hai3="8,70,84,62,82,67,135,88,100,132,7,24,55"/><T117/><D117/><U65/><E119/><V79/><F120/><W95/><G55/><T3/><D118/><U108/><E104/><V13/><F72/><W83/><G24/><T89/><D3/><U87/><E125/><N who="2" m="47627" /><F27/><W30/><G30/><T64/><D29/><U134/><E128/><V54/><F133/><N who="3" m="51275" /><G100/><T116/><D116/><U23/><E134/><V71/><F71/><W76/><G76/><T32/><D32/><U18/><E108/><V34/><F34/><W106/><G106/><T28/><D28/><U110/><E110/><V130/><F130/><W22/><G22/><T11/><D37/><U69/><E35/><V74/><F74/><W21/><G21/><T33/><D33/><U123/><E123/><V4/><F42/><W36/><G36/><T97/><D97/><U115/><E115/><V45/><F45/><W16/><G16/><T103/><D103/><U113/><E113/><V17/><F4/><W14/><AGARI ba="5,0" hai="7,8,14,62,67,70,82,83,84,88,95" m="51275" machi="14" ten="30,8000,1" yaku="20,1,52,3,54,1" doraHai="129" who="3" fromWho="3" sc="566,-45,42,-25,196,-25,196,95" /><INIT seed="1,0,0,2,2,68" ten="521,17,171,291" oya="1" hai0="91,6,121,85,122,130,11,19,117,88,71,28,108" hai1="84,24,72,8,116,49,95,93,54,64,79,12,43" hai2="57,119,89,75,125,41,31,118,62,74,112,100,16" hai3="52,4,132,0,97,127,114,7,124,80,69,2,90"/><U134/><E116/><V67/><F31/><W25/><G69/><T129/><D117/><U94/><E134/><V103/><F125/><W101/><G25/><T133/><D71/><U115/><E115/><V109/><F112/><W42/><G42/><T104/><D104/><U36/><E64/><V83/><F109/><W44/><G114/><T3/><D108/><U53/><E72/><V33/><F33/><W65/><G65/><T17/><D133/><U128/><E128/><N who="0" m="49257" /><D28/><U92/><N who="1" m="23552" /><DORA hai="55" /><U113/><E113/><V110/><F110/><W111/><G80/><N who="0" m="49191" /><D91/><U77/><E24/><V135/><F135/><W14/><G90/><T60/><D60/><U18/><E36/><V35/><F118/><W58/><G132/><T51/><D51/><U32/><E32/><V120/><F35/><W56/><G111/><T1/><D3/><U20/><E20/><V81/><F119/><W10/><G0/><T73/><D73/><U48/><E43/><V47/><F75/><W82/><G2/><T76/><D76/><N who="1" m="29259" /><E84/><V78/><F74/><W131/><G131/><T38/><D38/><U123/><E123/><AGARI ba="0,0" hai="1,6,11,17,19,121,122,123" m="49191,49257" machi="123" ten="30,3900,0" yaku="13,1,19,1,54,1" doraHai="68,55" who="0" fromWho="1" sc="521,39,17,-39,171,0,291,0" owari="560,66.0,-22,-52.0,171,-23.0,291,9.0" /></mjloggm>