<mjloggm ver="2.3"><GO type="169" lobby="0"/><UN n0="%66%65%65%73" n1="%E3%81%88%E3%81%B3%E3%81%99%39%2F%39" n2="%E3%81%AD%E3%82%8A%E3%82%B4%E3%83%9E" n3="%E3%82%A6%E3%83%AB%E3%83%88%E3%83%A9%E7%AB%8B%E7%9B%B4" dan="17,17,16,17" rate="2172.92,2209.95,2039.22,2187.35" sx="M,M,M,M"/><TAIKYOKU oya="0"/><INIT seed="0,0,0,4,3,40" ten="250,250,250,250" oya="0" hai0="61,42,106,116,67,59,72,81,20,101,49,129,21" hai1="15,0,93,30,100,41,132,85,22,14,126,94,125" hai2="10,34,74,98,33,58,109,75,71,135,91,16,127" hai3="47,110,52,92,55,121,83,48,25,1,103,80,105"/><T112/><D116/><U62/><E0/><V102/><F71/><W39/><G105/><T128/><D112/><U66/><E132/><V84/><F135/><W73/><G39/><T96/><D72/><U6/><E41/><V28/><F109/><W50/><G1/><T2/><D2/><U119/><E119/><V5/><F127/><W43/><G110/><T124/><D124/><U95/><E100/><V107/><F58/><W24/><G73/><T51/><D81/><N who="3" m="31305" /><G121/><T89/><D89/><U3/><E3/><V68/><F68/><W114/><G114/><T8/><D8/><U115/><E85/><V120/><F120/><W86/><G55/><T118/><D118/><U37/><E37/><V31/><F74/><W35/><G35/><T54/><D42/><U104/><E104/><V27/><F75/><W130/><G130/><N who="0" m="50283" /><D51/><U133/><E133/><V18/><F10/><W123/><G123/><T12/><D12/><U17/><E115/><V56/><F34/><W57/><G103/><T117/><D117/><U78/><E126/><V36/><F33/><W65/><G65/><T77/><D77/><U79/><E125/><V113/><F102/><W97/><G97/><T11/><D11/><N who="1" m="4471" /><E30/><V64/><F31/><W76/><G76/><T4/><D4/><U82/><E82/><N who="2" m="49559" /><F5/><W134/><G134/><T53/><D53/><U63/><E66/><V69/><F36/><W19/><G19/><T29/><D29/><U88/><E88/><AGARI ba="0,0" hai="24,25,43,47,48,50,52,57,86,88,92" m="31305" machi="88" ten="30,7700,0" yaku="8,1,52,1,54,2" doraHai="40" who="3" fromWho="1" sc="250,0,250,-77,250,0,250,77" /><INIT seed="1,0,0,3,0,93" ten="250,173,250,327" oya="1" hai0="16,62,24,76,52,18,43,74,70,111,8,89,110" hai1="48,80,97,126,49,22,69,67,102,117,58,91,96" hai2="3,64,112,17,130,13,60,101,119,15,125,121,73" hai3="9,132,135,28,98,109,107,37,133,83,124,30,94"/><U19/><E117/><V4/><F119/><W131/><G107/><T65/><D43/><U2/><E2/><V47/><F121/><W87/><G37/><T59/><D89/><U79/><E126/><V34/><F112/><W45/><G124/><T90/><D90/><U113/><E69/><V40/><F125/><W11/><G45/><T120/><D120/><U27/><E91/><V128/><F73/><W95/><G109/><N who="0" m="41483" /><D8/><N who="3" m="3145" /><G131/><N who="2" m="50217" /><F34/><W63/><G63/><N who="0" m="40255" /><D24/><U116/><E116/><V42/><F101/><N who="3" m="60631" /><G95/><T32/><D32/><U5/><E5/><V103/><F103/><W1/><G1/><T21/><D21/><U29/><E113/><V39/><F3/><W108/><G108/><T129/><D129/><U12/><E102/><V66/><F47/><W88/><AGARI ba="0,0" hai="28,30,83,87,88,132,133,135" m="60631,3145" machi="88" ten="40,5200,0" yaku="20,1,52,1,54,1" doraHai="93" who="3" fromWho="3" sc="250,-13,173,-26,250,-13,327,52" /><INIT seed="2,0,0,3,4,82" ten="237,147,237,379" oya="2" hai0="3,50,38,131,65,120,54,51,106,68,74,15,23" hai1="49,125,27,77,128,20,63,25,37,78,104,98,22" hai2="85,72,66,1,70,57,16,32,97,31,43,80,60" hai3="8,92,94,28,9,113,52,123,55,53,45,93,129"/><V114/><F114/><W117/><G123/><T4/><D106/><U19/><E37/><V126/><F1/><W11/><G117/><T101/><D101/><U95/><E104/><V115/><F115/><W102/><G113/><T30/><D74/><U0/><E0/><V5/><F72/><W69/><G69/><T134/><D38/><U35/><E35/><V132/><F5/><W47/><G102/><T89/><D120/><U76/><E125/><V119/><F119/><W26/><G129/><T42/><D131/><U7/><E7/><V17/><F126/><W56/><G56/><T84/><D134/><U21/><E128/><V100/><F132/><W110/><G110/><T112/><D112/><U41/><E63/><V73/><F43/><W116/><G116/><T109/><D109/><U12/><E49/><V14/><F73/><W103/><G103/><T130/><D130/><U79/><N who="1" m="19456" /><DORA hai="13" /><U122/><E41/><V81/><F57/><W34/><AGARI ba="0,0" hai="8,9,11,26,28,34,45,47,52,53,55,92,93,94" machi="34" ten="40,8000,1" yaku="0,1,29,2,54,1" doraHai="82,13" who="3" fromWho="3" sc="237,-20,147,-20,237,-40,379,80" /><INIT seed="3,0,0,4,5,5" ten="217,127,197,459" oya="3" hai0="6,33,108,42,97,112,126,109,18,89,29,69,22" hai1="84,118,4,62,111,61,41,86,44,120,64,11,2" hai2="82,28,91,49,114,1,27,55,39,87,122,40,32" hai3="100,30,57,104,74,25,116,54,7,14,127,132,38"/><W15/><G116/><T3/><D69/><U47/><E111/><N who="0" m="42569" /><D42/><U83/><E120/><V0/><F114/><W23/><G74/><T50/><D50/><U135/><E135/><V70/><F70/><W21/><G38/><T107/><D107/><U36/><E118/><V77/><F122/><W13/><G132/><T34/><D97/><U133/><E133/><V63/><F63/><W59/><G127/><T96/><D96/><U105/><E105/><V117/><F117/><W102/><G104/><T17/><D89/><U115/><E115/><V65/><F65/><W90/><G59/><T46/><D46/><U123/><E123/><V95/><F40/><W76/><G76/><T72/><D72/><U20/><E20/><V26/><F26/><W134/><G134/><T78/><D78/><U48/><E64/><V52/><F39/><W93/><G23/><T124/><D112/><U80/><E86/><V94/><F94/><W106/><G106/><T53/><D53/><U99/><E99/><V56/><F55/><W88/><G7/><T24/><D17/><U85/><E85/><AGARI ba="0,0" hai="0,1,27,28,32,49,52,56,77,82,85,87,91,95" machi="85" ten="30,2000,0" yaku="7,1,54,1" doraHai="5" who="2" fromWho="1" sc="217,0,127,-20,197,20,459,0" /><INIT seed="4,0,0,1,5,41" ten="217,107,217,459" oya="0" hai0="30,50,55,22,58,62,17,114,26,101,28,21,134" hai1="32,117,80,89,0,128,105,67,9,110,108,6,120" hai2="31,119,36,95,27,15,73,69,46,97,56,1,4" hai3="135,77,109,78,116,33,132,45,18,25,12,93,63"/><T70/><D134/><U76/><E117/><V122/><F122/><W79/><G109/><T51/><D114/><U10/><E120/><V52/><F73/><W112/><G116/><T61/><D101/><U16/><E128/><V85/><F69/><W66/><G93/><T29/><D70/><U71/><E32/><V53/><F119/><W84/><G84/><T90/><D21/><U38/><E38/><V68/><F68/><W129/><G129/><T102/><D102/><U121/><E105/><V124/><F124/><W127/><G127/><T47/><REACH who="0" step="1"/><D90/><REACH who="0" ten="207,107,217,459" step="2"/><U34/><E89/><V60/><F97/><W81/><G112/><T7/><D7/><U37/><E121/><V8/><F4/><W104/><G135/><T113/><D113/><U43/><E34/><V39/><F8/><W40/><G132/><T3/><D3/><U65/><E71/><V123/><F1/><W42/><G33/><T118/><D118/><U35/><E35/><V91/><F123/><W48/><G104/><T130/><D130/><U100/><E100/><V11/><F11/><W5/><G5/><T98/><D98/><U20/><E9/><V72/><F91/><W126/><G126/><T82/><D82/><U94/><E110/><V19/><F95/><W13/><G81/><T83/><D83/><U44/><E94/><V106/><F106/><W103/><G103/><T74/><D74/><N who="1" m="43031" /><E108/><V96/><F96/><W92/><G92/><T75/><D75/><U107/><E107/><V2/><F72/><W49/><G78/><T111/><D111/><U133/><E133/><V24/><F85/><RYUUKYOKU ba="0,1" sc="207,15,107,15,217,-15,459,-15" hai0="17,22,26,28,29,30,47,50,51,55,58,61,62" hai1="0,6,10,16,20,37,43,44,65,67" /><INIT seed="4,1,1,5,2,2" ten="222,122,202,444" oya="0" hai0="81,117,123,86,34,57,36,14,125,64,89,58,68" hai1="8,88,128,116,132,78,83,85,20,59,70,113,45" hai2="52,44,131,120,27,4,100,41,130,77,84,122,60" hai3="75,108,49,126,23,80,92,15,135,90,112,54,10"/><T111/><D123/><U109/><E70/><V21/><F100/><W12/><G108/><T56/><D117/><U39/><E109/><V25/><F4/><W115/><G126/><T18/><D111/><U118/><E128/><N who="2" m="49195" /><F77/><N who="3" m="44095" /><G23/><T17/><D34/><U48/><E132/><V6/><F6/><W43/><G43/><T99/><D36/><U97/><E113/><N who="3" m="43594" /><G10/><T73/><D73/><U62/><E39/><N who="2" m="21567" /><F84/><N who="3" m="52295" /><G135/><T98/><D125/><U51/><E8/><V16/><F27/><W55/><G55/><T53/><D53/><U0/><E0/><V37/><F37/><W46/><AGARI ba="1,1" hai="12,15,46,49,54" m="52295,43594,44095" machi="46" ten="30,1100,0" yaku="15,1" doraHai="2" who="3" fromWho="3" sc="222,-6,122,-4,202,-4,444,24" /><INIT seed="5,0,0,1,5,79" ten="216,118,198,468" oya="1" hai0="123,13,124,18,119,64,89,68,27,54,40,52,133" hai1="9,31,96,46,114,7,127,14,103,8,101,91,39" hai2="81,102,99,38,55,115,85,35,32,66,41,110,29" hai3="17,95,97,70,44,42,4,61,111,74,69,116,93"/><U0/><E127/><V1/><F110/><W37/><G111/><T128/><D119/><U24/><E114/><V77/><F1/><W80/><G95/><T26/><D124/><U109/><E109/><V10/><F115/><W90/><G116/><T56/><D40/><U15/><E0/><V57/><F66/><W45/><G45/><T113/><D113/><U108/><E108/><V135/><F135/><W76/><G17/><T83/><D133/><U132/><E132/><V98/><F10/><W78/><G78/><T20/><D128/><U131/><E131/><V120/><F120/><W22/><G22/><T122/><D68/><U25/><E39/><V84/><F41/><W5/><G70/><T67/><D123/><U36/><E46/><V53/><F38/><W43/><G43/><T86/><D122/><U100/><E36/><V30/><F84/><W121/><G121/><T130/><D130/><U47/><E47/><V65/><F65/><N who="0" m="25162" /><D54/><U23/><E25/><V71/><F71/><W92/><G61/><AGARI ba="0,0" hai="13,18,20,26,27,52,56,61,83,86,89" m="25162" machi="61" ten="30,3900,0" yaku="8,1,52,1,54,1" doraHai="79" who="0" fromWho="3" sc="216,39,118,0,198,0,468,-39" /><INIT seed="6,0,0,3,1,101" ten="255,118,198,429" oya="2" hai0="93,32,66,76,20,27,133,44,104,91,56,112,47" hai1="94,84,30,96,115,31,65,34,26,74,135,78,38" hai2="103,41,46,3,109,86,123,16,114,1,62,121,90" hai3="77,105,37,60,36,102,128,88,82,97,111,80,73"/><V7/><F114/><W83/><G111/><T40/><D32/><U125/><E115/><V33/><F109/><W120/><G120/><T49/><D112/><U52/><E38/><V130/><F130/><W18/><G128/><T14/><D104/><U87/><E125/><V89/><F89/><W68/><G18/><T108/><D76/><U2/><E2/><V45/><F33/><W127/><G127/><T64/><D133/><U95/><E65/><N who="0" m="25193" /><D56/><U39/><E39/><V126/><F126/><W81/><G60/><T58/><D58/><U131/><E131/><V129/><F129/><W35/><G68/><T11/><D49/><U72/><E34/><V79/><F62/><W12/><G12/><T69/><D40/><U100/><E78/><V99/><F79/><W57/><G57/><T28/><D69/><U67/><E67/><V119/><F119/><W54/><G54/><T124/><D108/><U116/><E116/><V55/><F55/><W61/><G61/><T85/><D124/><U24/><E52/><V19/><F1/><W13/><G35/><T17/><AGARI ba="0,0" hai="11,14,17,20,27,28,44,47,85,91,93" m="25193" machi="17" ten="30,1100,0" yaku="8,1" doraHai="101" who="0" fromWho="0" sc="255,11,118,-3,198,-5,429,-3" /><INIT seed="7,0,0,2,0,82" ten="266,115,193,426" oya="3" hai0="107,37,17,9,38,86,89,135,53,104,12,51,105" hai1="94,66,25,99,88,21,74,60,127,71,78,122,46" hai2="75,56,124,6,110,31,83,92,125,11,109,118,84" hai3="8,62,20,115,120,64,45,59,63,29,55,22,91"/><W1/><G115/><T97/><D135/><U35/><E127/><N who="2" m="48715" /><F118/><W126/><G120/><T121/><D121/><U100/><E122/><V90/><F31/><W67/><G29/><T116/><D116/><U32/><E46/><V40/><F40/><W112/><G112/><T49/><D49/><U68/><E68/><V48/><F48/><W47/><G8/><T77/><D77/><U42/><E42/><V30/><F30/><W61/><G1/><T101/><D38/><U72/><E72/><V23/><F56/><W111/><G111/><T69/><D37/><U13/><E13/><N who="2" m="5367" /><F23/><W81/><G47/><T76/><D76/><AGARI ba="0,0" hai="75,76,83,84,90,92,109,110" m="5367,48715" machi="76" ten="30,2000,0" yaku="18,1,52,1" doraHai="82" who="2" fromWho="0" sc="266,-20,115,0,193,20,426,0" owari="246,5.0,115,-38.0,213,-19.0,426,52.0" /></mjloggm>