<mjloggm ver="2.3"><GO type="169" lobby="0"/><UN n0="%E3%81%99%E3%81%84%E3%81%8F%E3%82%8D" n1="%E3%82%A6%E3%83%AB%E3%83%88%E3%83%A9%E7%AB%8B%E7%9B%B4" n2="%E9%9B%80%E5%A3%AB%E3%81%AC%E3%82%8B%E3%82%8A%E3%82%93" n3="%73%75%6D%69%79%61" dan="16,18,16,16" rate="2074.03,2199.21,2041.20,2024.47" sx="M,M,M,M"/><TAIKYOKU oya="0"/><INIT seed="0,0,0,4,5,3" ten="250,250,250,250" oya="0" hai0="59,18,64,22,104,94,35,5,89,71,60,82,26" hai1="55,86,87,51,123,49,112,37,109,102,96,88,66" hai2="93,68,4,34,113,108,32,91,100,57,52,46,115" hai3="125,1,58,21,70,33,67,129,40,6,48,36,133"/><T17/><D104/><U16/><E37/><V116/><F68/><W39/><G33/><T72/><D35/><U77/><E123/><V27/><F100/><W63/><G21/><T110/><D110/><U132/><E109/><V130/><F108/><W2/><G1/><T54/><D72/><U118/><E118/><V103/><F103/><W92/><G92/><T98/><D82/><U111/><E111/><V25/><F116/><W84/><G84/><T10/><D18/><U78/><E66/><V128/><F46/><N who="3" m="25671" /><G6/><T8/><REACH who="0" step="1"/><D5/><REACH who="0" ten="240,250,250,250" step="2"/><U0/><E16/><V15/><F34/><W117/><G117/><T19/><D19/><U106/><E106/><V30/><F113/><W61/><G2/><T95/><D95/><U99/><E0/><V44/><F115/><W79/><G79/><T73/><D73/><U107/><E107/><V90/><F93/><W7/><G7/><T38/><D38/><N who="3" m="14377" /><G133/><T53/><D53/><U41/><E55/><V75/><F52/><N who="3" m="33991" /><G129/><T131/><D131/><U120/><E132/><V135/><F135/><W13/><G13/><T45/><D45/><U50/><E78/><V23/><F44/><W20/><G20/><T62/><AGARI ba="0,1" hai="8,10,17,22,26,54,59,60,62,64,71,89,94,98" machi="62" ten="20,12000,1" yaku="1,1,0,1,7,1,25,2,53,0" doraHai="3" doraHaiUra="43" who="0" fromWho="0" sc="240,130,250,-40,250,-40,250,-40" /><INIT seed="0,1,0,1,4,119" ten="370,210,210,210" oya="0" hai0="66,57,115,110,125,94,135,51,102,48,69,53,61" hai1="67,27,63,12,111,123,87,121,134,58,13,132,3" hai2="93,107,117,62,75,114,20,126,78,76,97,15,33" hai3="118,56,65,128,31,7,47,112,32,98,50,4,81"/><T23/><D125/><U122/><E3/><V52/><F33/><W108/><G112/><T127/><D135/><N who="1" m="51755" /><E111/><V77/><F107/><W14/><G118/><T45/><D127/><U89/><E27/><V1/><F1/><W106/><G128/><T55/><D110/><U96/><E96/><V71/><F114/><W46/><G47/><T44/><D115/><U38/><E38/><V131/><F71/><W39/><G39/><T91/><D102/><U41/><E41/><V5/><F117/><W9/><G108/><T19/><D69/><U95/><AGARI ba="1,0" hai="12,13,58,63,67,87,89,95,121,122,123" m="51755" machi="95" ten="40,8000,1" yaku="20,1,52,3" doraHai="119" who="1" fromWho="1" sc="370,-41,210,83,210,-21,210,-21" /><INIT seed="1,0,0,4,2,43" ten="329,293,189,189" oya="1" hai0="104,88,52,51,49,37,89,79,41,121,22,84,108" hai1="44,19,40,115,86,73,127,56,83,81,23,15,131" hai2="54,112,34,77,21,7,101,33,70,5,60,45,72" hai3="24,125,53,59,66,114,58,13,95,97,12,48,122"/><U39/><E115/><V38/><F112/><W100/><G122/><T94/><D104/><U2/><E2/><V92/><F72/><W75/><G125/><T106/><D106/><U63/><E127/><V46/><F77/><W26/><G75/><T16/><D37/><U9/><E131/><V109/><F109/><W8/><G114/><T103/><D108/><U120/><E120/><V11/><F21/><W57/><G13/><N who="0" m="9487" /><D41/><U107/><E107/><V93/><F38/><W6/><REACH who="3" step="1"/><G66/><REACH who="3" ten="329,293,189,179" step="2"/><T17/><D121/><U82/><E73/><V42/><F33/><W4/><G4/><T18/><D103/><U64/><REACH who="1" step="1"/><E9/><REACH who="1" ten="329,283,189,179" step="2"/><V96/><F11/><W117/><G117/><T76/><D76/><AGARI ba="0,2" hai="15,19,23,39,40,44,56,63,64,76,81,82,83,86" machi="76" ten="30,12000,1" yaku="1,1,2,1,7,1,52,1,53,1" doraHai="43" doraHaiUra="10" who="1" fromWho="0" sc="329,-120,283,140,189,0,179,0" /><INIT seed="1,1,0,3,1,19" ten="209,423,189,179" oya="1" hai0="82,32,12,88,59,14,99,55,93,102,25,86,36" hai1="61,2,75,54,92,52,1,105,30,128,27,63,7" hai2="108,100,42,106,87,4,131,29,23,121,20,113,101" hai3="34,28,8,80,122,67,127,10,109,110,117,84,132"/><U6/><E105/><V50/><F121/><W18/><G122/><T90/><D36/><U123/><E75/><V126/><F106/><W71/><G67/><T22/><D32/><U26/><E92/><V70/><F70/><W115/><G71/><T3/><D3/><U9/><E123/><V5/><F29/><W120/><G120/><T103/><D103/><N who="2" m="39498" /><F108/><W94/><G115/><T96/><D96/><U38/><E38/><V77/><F113/><W35/><G94/><T83/><D83/><U15/><E15/><V64/><F64/><W69/><G69/><T11/><D11/><U78/><E9/><N who="3" m="3690" /><G84/><T17/><REACH who="0" step="1"/><D102/><REACH who="0" ten="199,423,189,179" step="2"/><U47/><E1/><V85/><F131/><W91/><G80/><T72/><D72/><U98/><E2/><V111/><F111/><N who="3" m="42507" /><G117/><T40/><D40/><U76/><E128/><V119/><F119/><W51/><G91/><T43/><D43/><U53/><E98/><V134/><F42/><W62/><G132/><T58/><D58/><U33/><E6/><V125/><F134/><W79/><G79/><T129/><D129/><U24/><E7/><V118/><F118/><W49/><G35/><T116/><D116/><U13/><E78/><V48/><F5/><W104/><G34/><T107/><D107/><U16/><E76/><V31/><F4/><W0/><G104/><T41/><D41/><U135/><E135/><V44/><F77/><W130/><G0/><T124/><D124/><U60/><E47/><V68/><F125/><W95/><G127/><T45/><D45/><U73/><E73/><V133/><F126/><W39/><G39/><RYUUKYOKU ba="1,1" sc="199,15,423,15,189,-15,179,-15" hai0="12,14,17,22,25,55,59,82,86,88,90,93,99" hai1="13,16,24,26,27,30,33,52,53,54,60,61,63" /><INIT seed="1,2,1,4,4,132" ten="214,438,174,164" oya="1" hai0="61,16,129,1,96,58,112,101,79,56,46,87,123" hai1="8,81,35,45,55,32,70,2,44,12,110,84,69" hai2="64,78,88,73,130,21,39,52,116,133,135,86,94" hai3="93,9,92,47,42,51,102,126,11,19,82,128,28"/><U15/><E2/><V97/><F39/><W10/><G128/><T124/><D1/><U74/><E74/><V41/><F41/><W59/><G126/><T121/><D112/><U13/><E8/><V7/><F64/><W60/><G28/><T118/><D58/><U80/><E84/><V131/><F73/><W29/><G29/><T95/><D118/><U40/><E55/><V53/><F7/><W67/><G82/><N who="1" m="31850" /><E40/><V90/><F78/><W50/><G51/><T14/><D87/><U71/><E110/><V107/><F21/><W117/><G117/><T68/><D79/><U33/><AGARI ba="2,1" hai="12,13,15,32,33,35,44,45,69,70,71" m="31850" machi="33" ten="50,12000,1" yaku="29,2,28,2" doraHai="132" who="1" fromWho="1" sc="214,-42,438,136,174,-42,164,-42" /><INIT seed="1,3,0,5,4,2" ten="172,574,132,122" oya="1" hai0="74,120,62,114,81,132,135,23,68,112,29,31,13" hai1="72,121,128,16,17,77,50,41,79,127,99,32,118" hai2="1,71,40,124,75,5,63,49,0,6,10,113,126" hai3="35,102,9,83,98,26,103,67,24,69,55,87,25"/><U57/><E32/><V88/><F75/><W122/><G35/><T111/><D74/><U8/><E121/><V64/><F113/><W59/><G69/><T86/><D68/><U78/><E72/><V108/><F108/><W70/><G70/><T36/><D36/><U54/><E118/><V21/><F21/><W27/><G67/><T11/><D86/><U56/><E127/><N who="2" m="48683" /><F88/><N who="3" m="51327" /><G122/><T45/><D62/><U85/><E128/><V53/><F40/><W46/><G46/><T116/><D45/><U90/><E41/><V52/><F49/><N who="3" m="31215" /><G98/><T91/><D116/><U93/><E57/><V106/><F106/><W129/><G129/><T82/><D120/><U96/><E8/><AGARI ba="3,0" hai="0,1,5,6,8,10,52,53,63,64,71" m="48683" machi="8" ten="30,7700,0" yaku="18,1,52,2,54,1" doraHai="2" who="2" fromWho="1" sc="172,0,574,-86,132,86,122,0" /><INIT seed="2,0,0,1,4,63" ten="172,488,218,122" oya="2" hai0="74,13,125,111,30,81,66,21,14,108,35,87,4" hai1="114,16,96,134,95,46,133,76,29,43,120,27,71" hai2="61,69,10,79,7,112,123,44,88,57,105,101,26" hai3="113,6,132,99,109,127,116,15,62,94,45,90,86"/><V20/><F69/><W28/><G116/><T54/><D74/><U115/><E76/><V129/><F112/><W23/><G113/><T75/><D75/><U64/><E120/><V34/><F34/><W8/><G109/><T33/><D33/><U104/><E104/><V122/><F79/><W50/><G132/><T119/><D35/><U0/><E0/><V11/><F129/><W49/><G127/><T24/><D125/><U128/><E29/><V77/><F77/><W124/><G124/><T106/><D106/><U78/><E78/><V37/><F101/><W83/><G62/><T72/><D72/><U59/><E71/><V9/><F105/><W47/><G45/><T18/><D13/><U55/><E128/><V31/><F7/><W70/><G70/><T51/><D4/><U40/><E133/><V73/><F73/><W5/><G6/><T107/><D107/><U65/><E134/><V93/><F44/><W25/><G47/><T126/><D119/><U84/><E84/><V92/><F92/><W91/><AGARI ba="0,0" hai="5,8,15,23,25,28,49,50,83,86,90,91,94,99" machi="91" ten="20,2700,0" yaku="0,1,7,1,8,1" doraHai="63" who="3" fromWho="3" sc="172,-7,488,-7,218,-13,122,27" /><INIT seed="3,0,0,2,4,116" ten="165,481,205,149" oya="3" hai0="46,115,84,77,103,82,91,34,33,129,117,52,0" hai1="9,45,54,85,122,79,40,101,43,86,4,107,76" hai2="83,25,59,94,111,7,113,70,128,120,3,39,80" hai3="23,131,12,130,14,2,97,96,22,81,35,20,27"/><W18/><G81/><T16/><D0/><U57/><E122/><V61/><F70/><W42/><G42/><T109/><D129/><N who="3" m="49161" /><G97/><T121/><D121/><U110/><E101/><V8/><F39/><W24/><G96/><T118/><D34/><U44/><E54/><V72/><F120/><W26/><G2/><T5/><D33/><U102/><E57/><V104/><F104/><W87/><G87/><T105/><D5/><U21/><E4/><V48/><F128/><W126/><G126/><T119/><D103/><U1/><E102/><V51/><F113/><W19/><G35/><T13/><D105/><U36/><E1/><V68/><F94/><W108/><G108/><T30/><D109/><U92/><E92/><V56/><F111/><W134/><G134/><T15/><D115/><U31/><E107/><V124/><F124/><W32/><G32/><T75/><D118/><U64/><E110/><V90/><F80/><W28/><AGARI ba="0,0" hai="12,14,18,19,20,22,23,24,26,27,28" m="49161" machi="28" ten="30,6000,0" yaku="19,1,34,2" doraHai="116" who="3" fromWho="3" sc="165,-20,481,-20,205,-20,149,60" /><INIT seed="3,1,0,4,5,109" ten="145,461,185,209" oya="3" hai0="18,82,95,83,9,84,117,64,131,5,86,39,57" hai1="2,37,25,6,107,125,36,115,129,88,20,128,101" hai2="67,41,122,52,112,48,14,96,80,13,23,47,4" hai3="45,55,87,118,32,27,15,46,19,90,28,43,97"/><W68/><G118/><T11/><D39/><U114/><E88/><V120/><F67/><W33/><G68/><T58/><D95/><U132/><E132/><V123/><F112/><N who="1" m="43049" /><E125/><V121/><F121/><W1/><G1/><T71/><D71/><U24/><E24/><V40/><F96/><W62/><G97/><T94/><D94/><U29/><E101/><V76/><F23/><W133/><G133/><T89/><D131/><N who="1" m="50251" /><E107/><V98/><F98/><W42/><G62/><T116/><D89/><U38/><E6/><V106/><F106/><W51/><G55/><T79/><D5/><U26/><E25/><V134/><F134/><W77/><G77/><T78/><D78/><U85/><E85/><N who="2" m="48263" /><F4/><W113/><G113/><T30/><D79/><U135/><E135/><V108/><F108/><W119/><G119/><T59/><D86/><U69/><E69/><V100/><F100/><W103/><G103/><T50/><D84/><U74/><E74/><V31/><F31/><W17/><G33/><T105/><D30/><U8/><E8/><V127/><F127/><W10/><G10/><T99/><D9/><U53/><E53/><V91/><F91/><W66/><G15/><AGARI ba="1,0" hai="13,14,15,40,41,47,48,52,120,122,123" m="48263" machi="15" ten="30,2000,0" yaku="13,1,54,1" doraHai="109" who="2" fromWho="3" sc="145,0,461,0,185,23,209,-23" /><INIT seed="4,0,0,0,1,127" ten="145,461,208,186" oya="0" hai0="5,73,36,82,132,41,64,34,91,129,31,81,23" hai1="42,9,26,71,2,106,12,123,49,76,69,27,65" hai2="110,38,128,98,30,60,13,48,126,56,67,1,131" hai3="125,120,75,44,66,72,88,50,135,96,97,52,54"/><T92/><D34/><U6/><E106/><V11/><F38/><W105/><G125/><T103/><D103/><U24/><E123/><V3/><F110/><W115/><G115/><T79/><D81/><U47/><E65/><V59/><F30/><W89/><G66/><T18/><D36/><U28/><E28/><V55/><F98/><N who="3" m="37995" /><G105/><T19/><D41/><U15/><REACH who="1" step="1"/><E76/><REACH who="1" ten="145,451,208,186" step="2"/><V118/><F126/><W21/><G120/><T101/><D64/><U99/><E99/><V46/><F118/><W22/><G135/><T95/><D132/><U112/><E112/><V87/><F87/><W122/><G122/><T134/><D31/><U109/><E109/><V85/><F85/><W53/><G75/><T16/><D134/><U114/><E114/><V113/><F113/><W0/><G72/><T116/><D101/><U58/><E58/><V108/><F108/><W90/><G0/><T4/><D73/><U39/><E39/><V102/><F102/><W40/><AGARI ba="0,1" hai="21,22,40,44,50,52,53,54,88,89,90" m="37995" machi="40" ten="40,5200,0" yaku="8,1,54,2" doraHai="127" who="3" fromWho="3" sc="145,-26,451,-13,208,-13,186,62" /><INIT seed="5,0,0,5,4,33" ten="119,438,195,248" oya="1" hai0="73,121,82,114,56,94,31,104,41,105,85,133,34" hai1="88,30,90,95,14,17,20,37,36,45,22,5,63" hai2="86,35,32,74,40,53,91,39,77,99,112,135,84" hai3="55,111,132,65,134,1,127,44,117,128,19,16,50"/><U58/><E5/><V107/><F53/><W79/><G111/><T116/><D73/><U23/><E90/><V115/><F135/><N who="3" m="51755" /><G128/><T67/><D34/><U54/><E30/><V72/><F40/><W122/><G122/><T89/><D31/><U108/><E108/><V43/><F43/><W69/><G127/><T60/><D41/><U100/><E100/><N who="2" m="62879" /><F39/><W118/><G79/><T78/><D114/><N who="2" m="43562" /><F32/><W49/><G50/><T76/><D116/><N who="3" m="44649" /><G1/><T3/><D3/><U59/><E37/><V93/><F35/><W83/><G83/><AGARI ba="0,0" hai="72,74,77,83,84,86,91,93" m="43562,62879" machi="83" ten="30,7700,0" yaku="15,1,11,1,34,2" doraHai="33" who="2" fromWho="3" sc="119,0,438,0,195,77,248,-77" /><INIT seed="6,0,0,0,2,103" ten="119,438,272,171" oya="2" hai0="72,56,37,10,62,7,53,75,44,64,84,55,104" hai1="89,79,35,65,46,22,41,31,45,70,132,119,90" hai2="21,98,16,40,106,63,18,85,127,124,47,91,24" hai3="11,113,32,134,54,52,125,4,120,48,77,133,23"/><V20/><F63/><W3/><G120/><T121/><D121/><U74/><E35/><V39/><F98/><W33/><G125/><T100/><D55/><U81/><E46/><V97/><F97/><W67/><G67/><T116/><D100/><U117/><E90/><V49/><F39/><W105/><G105/><T108/><D104/><U29/><E89/><V114/><F114/><W57/><G113/><T82/><D108/><U5/><E45/><V69/><F69/><W99/><G99/><T129/><D129/><U73/><E41/><V17/><F106/><W25/><G54/><T115/><D115/><U12/><E81/><V76/><F76/><W107/><G77/><T130/><D116/><U101/><E101/><V96/><F96/><W92/><G92/><T78/><D130/><U131/><E131/><V135/><F135/><W95/><G95/><T43/><REACH who="0" step="1"/><D53/><REACH who="0" ten="109,438,272,171" step="2"/><U50/><E119/><V9/><F124/><W66/><G107/><T86/><D86/><U123/><E117/><V110/><F110/><W83/><G83/><T58/><D58/><U111/><E111/><V102/><F102/><W80/><G80/><T51/><D51/><U87/><E50/><V94/><F127/><W68/><G68/><T2/><AGARI ba="0,1" hai="2,7,10,37,43,44,56,62,64,72,75,78,82,84" machi="2" ten="20,5200,0" yaku="1,1,0,1,7,1,53,1" doraHai="103" doraHaiUra="42" who="0" fromWho="0" sc="109,62,438,-13,272,-26,171,-13" /><INIT seed="7,0,0,2,3,127" ten="171,425,246,158" oya="3" hai0="39,14,54,21,118,34,103,28,16,108,81,66,107" hai1="24,79,92,113,119,114,48,80,64,29,87,131,94" hai2="22,102,44,8,15,95,36,13,112,0,99,70,85" hai3="42,45,10,38,52,40,120,82,27,56,88,11,125"/><W62/><G125/><T115/><D39/><U134/><E131/><V106/><F70/><W26/><G120/><T68/><D107/><U60/><E48/><V57/><F112/><N who="1" m="43113" /><E134/><V101/><F57/><W135/><G135/><T97/><D81/><U50/><E50/><V63/><F63/><W84/><G42/><T41/><D66/><U100/><E100/><V35/><F35/><W12/><G10/><T32/><D97/><U124/><E119/><V18/><F0/><W19/><AGARI ba="0,0" hai="11,12,19,26,27,38,40,45,52,56,62,82,84,88" machi="19" ten="20,7800,0" yaku="0,1,7,1,54,2" doraHai="127" who="3" fromWho="3" sc="171,-26,425,-26,246,-26,158,78" /><INIT seed="7,1,0,3,0,36" ten="145,399,220,236" oya="3" hai0="128,47,24,104,12,46,90,55,7,129,68,78,121" hai1="37,59,134,31,32,119,102,105,85,51,49,65,18" hai2="67,27,45,91,60,107,118,93,64,53,48,103,30" hai3="109,106,116,23,115,74,92,108,35,135,16,58,13"/><W117/><G106/><T25/><D104/><U97/><E37/><V95/><F118/><W69/><G74/><T125/><D68/><U42/><E134/><V112/><F112/><W62/><G69/><T89/><D78/><U82/><E119/><V76/><F76/><W123/><G123/><T4/><D12/><U10/><E42/><V87/><F107/><W99/><G115/><T75/><D55/><U98/><E98/><V26/><F26/><W19/><G35/><T122/><REACH who="0" step="1"/><D75/><REACH who="0" ten="135,399,220,236" step="2"/><U50/><E65/><V96/><F60/><W29/><G135/><T56/><D56/><U77/><E59/><V39/><F67/><W70/><G70/><T5/><D5/><U100/><E10/><V101/><F64/><W61/><G117/><T94/><D94/><U17/><E100/><V54/><F101/><W80/><G116/><T86/><D86/><U2/><E2/><V81/><F93/><W79/><G79/><T83/><D83/><U111/><E111/><N who="3" m="42570" /><G80/><T33/><D33/><U34/><E34/><V9/><F9/><N who="3" m="6191" /><G58/><T126/><AGARI ba="1,1" hai="4,7,24,25,46,47,89,90,121,122,125,126,128,129" machi="126" ten="25,6400,0" yaku="1,1,0,1,22,2,53,0" doraHai="36" doraHaiUra="114" who="0" fromWho="0" sc="135,77,399,-17,220,-17,236,-33" owari="212,1.0,382,49.0,203,-20.0,203,-30.0" /></mjloggm>