<mjloggm ver="2.3"><GO type="169" lobby="0"/><UN n0="%E4%BB%AE%E9%B3%B3%E5%87%B0%E6%B0%91" n1="%E2%80%A0%41%71%75%61%E2%80%A0" n2="%E3%82%A6%E3%83%AB%E3%83%88%E3%83%A9%E7%AB%8B%E7%9B%B4" n3="%77%61%77%61%33%30%33%30" dan="16,16,17,17" rate="2095.97,2109.76,2184.61,2199.46" sx="M,M,M,M"/><TAIKYOKU oya="0"/><INIT seed="0,0,0,4,4,53" ten="250,250,250,250" oya="0" hai0="121,40,85,119,129,84,128,130,71,21,20,127,15" hai1="109,51,56,41,83,68,81,98,54,132,80,110,82" hai2="69,37,12,46,75,35,5,0,104,106,76,114,49" hai3="93,6,67,30,8,107,77,108,126,36,123,105,112"/><T97/><D121/><U95/><E132/><V47/><F12/><W116/><G112/><T64/><D119/><U11/><E68/><V61/><F47/><W115/><G115/><T66/><D40/><U52/><E41/><N who="2" m="22831" /><F49/><W60/><G116/><T45/><D45/><U96/><N who="1" m="20480" /><DORA hai="89" /><U42/><E42/><V17/><F17/><W39/><G77/><T134/><D134/><U124/><E124/><V19/><F19/><W90/><G30/><T2/><D2/><U10/><E54/><V29/><F76/><W44/><G126/><T78/><D127/><U24/><E24/><V26/><F75/><W3/><G108/><N who="1" m="41578" /><E98/><V117/><F117/><W92/><G44/><T135/><D78/><U111/><N who="1" m="41586" /><U34/><DORA hai="120" /><E34/><V125/><F114/><W65/><G39/><T38/><D38/><U70/><E70/><V55/><F55/><W133/><G36/><T43/><D43/><U91/><AGARI ba="0,0" hai="10,11,51,52,56,91,95,96" m="41586,20480" machi="91" ten="60,16000,3" yaku="14,1,52,6,54,1" doraHai="53,89,120" who="1" fromWho="1" sc="250,-80,250,160,250,-40,250,-40" /><INIT seed="1,0,0,3,4,44" ten="170,410,210,210" oya="1" hai0="130,134,34,4,49,91,59,99,48,55,56,26,42" hai1="122,3,58,25,73,19,23,41,22,38,39,63,5" hai2="126,108,92,54,50,107,112,123,75,14,46,104,71" hai3="67,109,24,80,103,51,35,111,81,43,100,66,62"/><U97/><E122/><V82/><F123/><W98/><G66/><T64/><D130/><U21/><E73/><V127/><F71/><W77/><G103/><T85/><D134/><U27/><E97/><V95/><F112/><W119/><G119/><T68/><D68/><U61/><E41/><V11/><F108/><W78/><G81/><T60/><D4/><U125/><E125/><N who="2" m="47627" /><F82/><W45/><G24/><T28/><D99/><U89/><E89/><V106/><F75/><W8/><G8/><T31/><D31/><U12/><E3/><V72/><F72/><W36/><G35/><T37/><D37/><U74/><E74/><V135/><F135/><W16/><G16/><AGARI ba="0,0" hai="11,14,16,46,50,54,92,95,104,106,107" m="47627" machi="16" ten="40,5200,0" yaku="18,1,52,1,54,1" doraHai="44" who="2" fromWho="3" sc="170,0,410,0,210,52,210,-52" /><INIT seed="2,0,0,5,5,33" ten="170,410,262,158" oya="2" hai0="14,17,25,30,0,45,118,87,52,79,114,80,49" hai1="109,122,29,47,55,72,69,108,51,42,19,102,116" hai2="125,65,77,70,16,132,34,9,54,3,100,113,82" hai3="104,124,101,10,75,83,68,67,31,111,48,110,60"/><V81/><F113/><W58/><G124/><T59/><D114/><U93/><E116/><V117/><F117/><W89/><G31/><T38/><D118/><U2/><E72/><V56/><F34/><W62/><G48/><T107/><D107/><U18/><E122/><V73/><F125/><W112/><G112/><T4/><D4/><U128/><E69/><V127/><F127/><W71/><G10/><T131/><D131/><U91/><E128/><V85/><F100/><W21/><G21/><T135/><D135/><U40/><E102/><V126/><F126/><W123/><G123/><T11/><D38/><U88/><E29/><V46/><F46/><W63/><G63/><T66/><D0/><U97/><E2/><V12/><F132/><W133/><G133/><T94/><D94/><U50/><E91/><V15/><F70/><W99/><G89/><T36/><D36/><U106/><E106/><V103/><F103/><W20/><G20/><T76/><D66/><U95/><E95/><V39/><F39/><W1/><G1/><T61/><D76/><U78/><E78/><V115/><F115/><W86/><G75/><T7/><D7/><U8/><E42/><V121/><F121/><W84/><G68/><T43/><D30/><U37/><E37/><V28/><F28/><W119/><G119/><T120/><D120/><U105/><E105/><V41/><F41/><W27/><G27/><AGARI ba="0,0" hai="11,14,17,25,27,43,45,49,52,59,61,79,80,87" machi="27" ten="40,2600,0" yaku="8,1,54,1" doraHai="33" who="0" fromWho="3" sc="170,26,410,0,262,0,158,-26" /><INIT seed="3,0,0,3,2,52" ten="196,410,262,132" oya="3" hai0="35,91,79,47,96,71,2,29,104,111,116,99,67" hai1="84,11,83,109,130,105,101,95,103,121,100,77,74" hai2="20,0,61,122,21,134,17,120,57,68,60,108,65" hai3="107,3,53,46,97,28,70,123,24,110,69,30,89"/><W56/><G123/><N who="2" m="47145" /><F108/><W106/><G110/><T6/><D116/><U113/><E121/><V49/><F134/><W63/><G3/><T34/><D91/><N who="1" m="53735" /><E109/><V22/><F0/><W58/><G46/><T94/><D94/><U50/><E50/><V93/><F93/><W25/><G89/><T86/><D86/><U48/><E48/><V112/><F49/><W38/><G38/><T76/><D47/><U43/><E43/><V26/><F112/><W132/><G132/><T44/><D44/><U119/><E119/><V66/><AGARI ba="0,0" hai="17,20,21,22,26,57,60,61,65,66,68" m="47145" machi="66" ten="30,2000,0" yaku="13,1,52,1" doraHai="52" who="2" fromWho="2" sc="196,-5,410,-5,262,20,132,-10" /><INIT seed="4,0,0,1,0,36" ten="191,405,282,122" oya="0" hai0="57,71,44,73,118,109,20,6,76,102,129,108,130" hai1="24,49,48,26,116,131,50,128,105,59,22,25,121" hai2="38,112,119,126,47,91,28,101,85,53,62,78,94" hai3="35,69,14,34,83,80,77,54,65,45,9,2,127"/><T42/><D6/><U72/><E116/><V52/><F112/><W68/><G127/><T70/><D102/><U40/><E121/><V107/><F126/><W90/><G2/><T124/><D124/><U97/><E72/><V23/><F119/><W18/><G83/><T132/><D118/><U63/><E40/><V115/><F115/><W113/><G113/><T56/><D20/><U7/><E7/><V96/><F78/><W135/><G135/><T95/><D95/><U82/><E82/><V125/><F125/><W60/><G69/><N who="0" m="26123" /><D76/><U64/><REACH who="1" step="1"/><E22/><REACH who="1" ten="191,395,282,122" step="2"/><V27/><F23/><W122/><G122/><T10/><D73/><U67/><E67/><V66/><F38/><W30/><G80/><T33/><D33/><U81/><E81/><V55/><F66/><W93/><G65/><T123/><D123/><U19/><E19/><V12/><F55/><W37/><G18/><T114/><D114/><U39/><E39/><V89/><F53/><W98/><G54/><T43/><D132/><U16/><E16/><V134/><F52/><W133/><G37/><N who="0" m="21583" /><D43/><U87/><E87/><V11/><F85/><W3/><G133/><T5/><D5/><U92/><E92/><V13/><F94/><W31/><G93/><T58/><D10/><U103/><AGARI ba="0,1" hai="24,25,26,48,49,50,59,63,64,97,103,105,128,131" machi="103" ten="40,2700,0" yaku="1,1,0,1,53,0" doraHai="36" doraHaiUra="4" who="1" fromWho="1" sc="191,-13,395,37,282,-7,122,-7" /><INIT seed="5,0,0,3,2,127" ten="178,432,275,115" oya="1" hai0="78,39,44,32,64,27,97,82,43,41,18,57,130" hai1="104,11,29,6,124,53,102,30,87,36,24,21,72" hai2="34,101,117,118,58,2,121,46,77,107,74,47,14" hai3="111,79,105,1,119,45,83,112,89,10,60,129,88"/><U113/><E72/><V50/><F2/><W133/><G111/><T128/><D43/><U95/><E36/><V131/><F34/><W3/><G112/><T5/><D5/><U7/><E124/><V126/><F107/><W28/><G133/><T23/><D32/><U48/><E104/><V75/><F101/><W4/><G119/><T0/><D0/><U17/><E113/><V134/><F50/><W86/><G1/><T123/><D123/><U114/><E114/><V26/><F14/><W76/><G105/><T73/><D97/><U15/><E7/><V92/><F58/><W85/><G129/><N who="0" m="49771" /><D57/><N who="1" m="32935" /><E87/><V62/><F75/><W66/><G45/><T122/><D122/><U125/><E125/><V108/><F47/><W19/><G19/><T25/><D64/><U103/><E103/><V37/><F121/><W120/><G28/><T110/><D25/><U20/><E24/><V65/><F26/><W54/><G54/><T94/><D94/><U16/><E95/><V98/><F92/><W68/><REACH who="3" step="1"/><G120/><REACH who="3" ten="178,432,275,105" step="2"/><T80/><D82/><AGARI ba="0,1" hai="3,4,10,60,66,68,76,79,82,83,85,86,88,89" machi="82" ten="30,8000,1" yaku="1,1,2,1,7,1,9,1,54,1,53,0" doraHai="127" doraHaiUra="40" who="3" fromWho="0" sc="178,-80,432,0,275,0,105,90" /><INIT seed="6,0,0,4,5,34" ten="98,432,275,195" oya="2" hai0="15,50,7,37,44,127,20,134,104,82,26,126,76" hai1="89,14,58,87,45,103,32,52,111,121,11,25,75" hai2="62,80,84,47,131,91,39,109,65,124,99,118,69" hai3="40,42,24,81,113,90,71,123,66,135,4,60,72"/><V64/><F118/><W0/><G123/><T86/><D104/><U30/><E75/><V8/><F124/><W102/><G135/><T77/><D37/><U88/><E111/><V41/><F131/><W107/><G113/><T54/><D134/><U119/><E119/><V70/><F109/><W59/><G24/><T12/><D126/><U128/><E121/><V95/><F8/><W10/><G102/><T1/><D127/><U9/><E103/><V33/><F33/><W67/><G107/><T16/><REACH who="0" step="1"/><D76/><REACH who="0" ten="88,432,275,195" step="2"/><U105/><E105/><V112/><F112/><W100/><G100/><T19/><D19/><U31/><E89/><V122/><F122/><W61/><REACH who="3" step="1"/><G90/><REACH who="3" ten="88,432,275,185" step="2"/><T129/><D129/><U92/><E88/><V17/><F91/><W83/><G83/><T38/><D38/><U106/><E128/><V57/><F80/><W22/><G22/><T79/><D79/><AGARI ba="0,2" hai="0,4,10,40,42,59,60,61,66,67,71,72,79,81" machi="79" ten="40,2600,0" yaku="1,1,52,1,53,0" doraHai="34" doraHaiUra="28" who="3" fromWho="0" sc="88,-26,432,0,275,0,185,46" /><INIT seed="7,0,0,1,4,89" ten="62,432,275,231" oya="3" hai0="3,111,17,64,60,0,44,109,126,69,70,37,135" hai1="6,15,10,47,118,96,99,42,53,90,27,103,115" hai2="66,13,114,120,127,85,34,130,40,18,78,62,92" hai3="67,131,82,21,110,25,2,80,71,1,61,81,133"/><W95/><G131/><T19/><D44/><U101/><E115/><V63/><F34/><W75/><G133/><T57/><D37/><U73/><E73/><V4/><F114/><W56/><G75/><T105/><D57/><U79/><E79/><V43/><F130/><W106/><G106/><T128/><D60/><U8/><E53/><V107/><F107/><W38/><G38/><T48/><D105/><U20/><E10/><V22/><F127/><W36/><G36/><T9/><D48/><U49/><E118/><V51/><F120/><W29/><G110/><T87/><D128/><U41/><E41/><V28/><F28/><W31/><G31/><T113/><D126/><U32/><E32/><V122/><F122/><W104/><G104/><T12/><D87/><U88/><E99/><V33/><F33/><W100/><G71/><T84/><D84/><U65/><E65/><V129/><F129/><W121/><G121/><T112/><D64/><U119/><E119/><V123/><F123/><W24/><G24/><T116/><D9/><U5/><E5/><V117/><F4/><W77/><G77/><T83/><D83/><U125/><E125/><V39/><F39/><W11/><G11/><T23/><D23/><U97/><E20/><V14/><F22/><W108/><G108/><T124/><D124/><U72/><E72/><V68/><F68/><W52/><G67/><T50/><D50/><U54/><E27/><V93/><F66/><W132/><G132/><T76/><D76/><U35/><E8/><V59/><F78/><W102/><G102/><T7/><D135/><RYUUKYOKU ba="0,0" sc="62,-10,432,-10,275,-10,231,30" hai3="1,2,21,25,29,52,56,61,80,81,82,95,100" /><INIT seed="7,1,0,2,1,116" ten="52,422,265,261" oya="3" hai0="21,69,86,98,66,9,40,62,14,112,60,90,111" hai1="109,129,97,117,80,83,88,28,127,22,102,106,24" hai2="134,73,125,65,82,18,72,56,120,51,135,6,41" hai3="87,43,59,61,44,0,63,49,31,16,68,37,92"/><W71/><G0/><T10/><D111/><U130/><E109/><V67/><F6/><W32/><G31/><T3/><D112/><U38/><E117/><V131/><F120/><W114/><G32/><T121/><D3/><U7/><E38/><V34/><F34/><W108/><G114/><T11/><D40/><U26/><E127/><V4/><F125/><W110/><G110/><T5/><D5/><U104/><E104/><V107/><F107/><W91/><G108/><T93/><D69/><U39/><E39/><V100/><F100/><W64/><G61/><T75/><D75/><U46/><E7/><V133/><F4/><W1/><G1/><T8/><N who="0" m="2048" /><DORA hai="123" /><T20/><D121/><U36/><E26/><V47/><F131/><N who="1" m="50185" /><E88/><V103/><F103/><W42/><G16/><T70/><D70/><U17/><E17/><V119/><F119/><W45/><AGARI ba="1,0" hai="37,42,43,44,45,49,59,63,64,68,71,87,91,92" machi="45" ten="30,1500,0" yaku="0,1" doraHai="116,123" who="3" fromWho="3" sc="52,-6,422,-6,265,-6,261,18" /><INIT seed="7,2,0,4,1,16" ten="46,416,259,279" oya="3" hai0="23,38,134,122,90,124,108,88,99,92,17,126,84" hai1="14,62,69,20,40,50,107,116,89,131,54,63,10" hai2="52,9,8,6,58,36,60,112,7,109,15,46,47" hai3="104,94,42,98,24,113,11,77,74,49,34,123,87"/><W19/><G113/><T118/><D38/><U110/><E110/><V0/><F109/><W32/><G123/><T103/><D122/><U97/><E131/><V119/><F119/><W72/><G104/><T70/><D70/><U115/><E115/><V73/><F112/><W3/><G87/><T106/><D108/><U91/><E40/><V53/><F73/><W13/><G3/><T18/><D118/><U76/><E76/><V105/><F105/><W4/><G4/><T59/><D134/><U130/><E116/><V65/><F36/><W133/><G133/><T125/><D59/><U1/><E1/><V114/><F114/><W128/><G128/><T26/><D90/><U86/><E69/><V75/><F75/><W66/><G66/><T82/><D18/><U117/><E117/><V12/><F0/><W67/><G67/><T35/><D35/><U85/><E97/><V5/><F5/><W22/><G32/><T83/><D83/><N who="1" m="49343" /><E107/><V28/><F28/><W41/><G34/><T57/><D57/><N who="1" m="32983" /><E130/><V48/><F47/><W43/><G49/><T25/><D26/><U33/><E33/><V31/><F31/><W81/><G74/><T51/><D51/><U129/><E129/><V95/><F95/><W120/><G120/><T44/><D44/><U30/><E63/><V21/><F21/><W45/><G45/><T61/><REACH who="0" step="1"/><D106/><REACH who="0" ten="36,416,259,279" step="2"/><U39/><E39/><V96/><F96/><W101/><G24/><T93/><D93/><U55/><E62/><AGARI ba="2,1" hai="17,23,25,61,62,82,84,88,92,99,103,124,125,126" machi="62" ten="40,12000,2" yaku="1,1,18,1,52,1,54,1,53,2" doraHai="16" doraHaiUra="56" who="0" fromWho="1" sc="36,136,416,-126,259,0,279,0" /><INIT seed="8,0,0,4,0,104" ten="172,290,259,279" oya="0" hai0="90,117,32,57,99,51,72,111,73,105,98,36,102" hai1="16,97,20,118,123,1,135,44,112,95,61,124,92" hai2="82,48,42,86,108,45,23,9,0,120,52,81,133" hai3="83,70,10,122,15,94,56,50,35,18,49,17,71"/><T21/><D32/><U106/><E123/><V125/><F120/><W11/><G35/><T14/><D36/><U24/><E1/><V27/><F108/><W76/><G94/><T34/><D34/><U65/><E112/><V58/><F125/><W53/><G50/><T80/><D111/><U119/><E124/><V43/><F133/><W54/><G53/><T130/><D117/><N who="1" m="44555" /><E135/><V115/><F115/><W131/><G131/><T66/><D130/><U6/><E6/><V5/><F86/><W110/><G110/><T64/><D64/><U63/><E44/><V89/><F89/><W93/><G93/><N who="1" m="35914" /><E65/><V77/><F77/><W46/><G46/><T12/><D98/><U85/><E85/><V8/><F8/><W78/><G78/><T69/><D69/><U114/><E114/><V67/><F67/><W96/><G96/><T7/><D7/><U75/><E75/><V47/><F47/><W113/><G113/><T91/><D21/><U59/><E59/><V128/><F128/><W3/><G3/><T60/><D51/><U121/><E121/><V107/><F107/><W31/><G122/><T39/><D39/><U19/><E19/><V88/><F88/><W127/><G31/><T126/><D126/><U37/><E37/><V41/><REACH who="2" step="1"/><F45/><REACH who="2" ten="172,290,249,279" step="2"/><W109/><G109/><T132/><D132/><U101/><AGARI ba="0,1" hai="16,20,24,61,63,97,101,106" m="35914,44555" machi="101" ten="30,2000,0" yaku="16,1,54,1" doraHai="104" who="1" fromWho="1" sc="172,-10,290,30,249,-5,279,-5" owari="162,-34.0,320,43.0,244,-16.0,274,7.0" /></mjloggm>