<mjloggm ver="2.3"><GO type="169" lobby="0"/><UN n0="%E3%81%93%E3%81%98%E3%81%BE%E3%82%82%E3%82%93" n1="%E7%BE%8E%E3%81%97%E3%81%99%E3%81%8E%E3%82%8B%E7%88%86%E5%BC%BE%E5%B2%A9" n2="%E3%82%A6%E3%83%AB%E3%83%88%E3%83%A9%E7%AB%8B%E7%9B%B4" n3="%E3%81%B9%E3%81%91%E3%82%93" dan="17,16,16,16" rate="2121.00,2070.57,2156.14,2075.99" sx="M,F,M,M"/><TAIKYOKU oya="0"/><INIT seed="0,0,0,0,2,74" ten="250,250,250,250" oya="0" hai0="116,21,110,10,27,103,60,126,83,134,9,77,3" hai1="101,70,59,111,34,52,95,46,114,120,71,96,81" hai2="39,8,89,112,22,6,78,104,73,84,23,51,54" hai3="38,48,4,65,88,98,24,63,123,117,41,99,62"/><T47/><D116/><U133/><E120/><V67/><F112/><W16/><G117/><T61/><D126/><U18/><E114/><V26/><F104/><W122/><G4/><T92/><D134/><U50/><E133/><V106/><F106/><W85/><G38/><T32/><D32/><U91/><E111/><V118/><F39/><W43/><G122/><T130/><D130/><U19/><E34/><V44/><F67/><W0/><G0/><T129/><D129/><U2/><E2/><V121/><F121/><W75/><G75/><T125/><D125/><U66/><E71/><V1/><F118/><W115/><G115/><T49/><D110/><U17/><E70/><V29/><F73/><W42/><G123/><T58/><D92/><U127/><E127/><V107/><F107/><W105/><G48/><T119/><D103/><U79/><E101/><V113/><F113/><W90/><G105/><T97/><D97/><N who="3" m="36873" /><G65/><T12/><D3/><U20/><E66/><V131/><F131/><W37/><G37/><T11/><D12/><N who="1" m="9255" /><E46/><V31/><F23/><N who="3" m="13415" /><G90/><T109/><D109/><U15/><E15/><V40/><F31/><W102/><G102/><T69/><D69/><U68/><E68/><V76/><REACH who="2" step="1"/><F40/><REACH who="2" ten="250,250,240,250" step="2"/><W55/><G55/><T13/><D119/><U28/><E28/><V14/><F14/><W7/><G7/><T30/><D13/><U36/><E36/><V5/><F5/><W72/><G72/><T128/><D128/><U135/><E135/><V25/><F25/><W132/><G132/><T53/><D27/><U108/><E108/><V82/><AGARI ba="0,1" hai="1,6,8,22,26,29,44,51,54,76,78,82,84,89" machi="82" ten="20,12000,2" yaku="1,1,5,1,0,1,7,1,52,2,53,0" doraHai="74" doraHaiUra="100" who="2" fromWho="2" sc="250,-60,250,-30,240,130,250,-30" /><INIT seed="1,0,0,1,5,83" ten="190,220,370,220" oya="1" hai0="75,120,88,27,54,128,111,94,29,58,10,59,3" hai1="32,90,30,115,84,49,80,116,86,64,112,66,89" hai2="109,124,34,130,60,35,41,55,51,79,78,82,99" hai3="85,133,50,118,91,72,43,38,81,87,131,21,123"/><U12/><E116/><V122/><F122/><W135/><G123/><T126/><D120/><U46/><E12/><V92/><F41/><W96/><G72/><T47/><D75/><U2/><E2/><V132/><F60/><W56/><G131/><T119/><D119/><U71/><E32/><V67/><F67/><W77/><G118/><T93/><D128/><U101/><E30/><V1/><F1/><W52/><G96/><T127/><D111/><U20/><E20/><V102/><F130/><W45/><REACH who="3" step="1"/><G21/><REACH who="3" ten="190,220,370,210" step="2"/><T107/><D126/><U134/><E134/><V33/><F124/><W0/><G0/><T57/><D127/><U8/><E8/><V108/><F132/><W11/><G11/><T69/><D10/><U73/><E73/><V53/><F109/><W31/><G31/><T97/><D3/><U76/><E115/><V44/><F108/><W110/><G110/><T36/><D97/><U17/><E112/><V95/><F33/><W63/><G63/><T39/><D29/><U68/><E17/><V129/><F34/><W40/><G40/><T105/><D105/><U125/><E125/><V26/><F35/><W22/><G22/><T23/><D107/><U18/><E18/><V14/><F99/><W70/><G70/><T104/><D104/><U7/><E71/><V121/><F129/><W100/><G100/><T103/><D69/><U15/><E101/><V4/><F102/><W65/><G65/><N who="1" m="25194" /><E68/><V113/><F121/><W28/><G28/><T117/><D117/><U37/><E7/><V62/><F4/><W74/><G74/><T106/><D103/><RYUUKYOKU ba="0,1" sc="190,-10,220,-10,370,-10,210,30" hai3="38,43,45,50,52,56,77,81,85,87,91,133,135" /><INIT seed="2,1,1,4,1,93" ten="180,210,360,240" oya="2" hai0="119,132,117,7,57,26,28,48,133,100,125,44,88" hai1="134,31,65,90,22,32,78,10,109,50,79,51,97" hai2="1,104,40,64,118,55,69,12,113,123,38,46,89" hai3="60,86,39,114,61,34,23,24,94,62,128,35,29"/><V58/><F1/><W47/><G128/><T70/><D70/><U15/><E32/><V96/><F113/><W21/><G114/><T102/><D7/><U131/><E109/><V121/><F12/><W81/><G35/><T82/><D57/><U8/><E134/><N who="0" m="51817" /><D125/><U52/><E131/><V95/><F104/><W2/><G2/><T30/><D30/><U74/><E65/><V16/><F16/><W99/><G47/><T71/><D71/><U36/><E36/><V0/><F0/><W67/><G39/><T116/><D26/><N who="1" m="16855" /><E74/><V103/><F103/><N who="0" m="39466" /><D28/><U127/><E127/><V63/><F118/><W101/><REACH who="3" step="1"/><G67/><REACH who="3" ten="180,210,360,230" step="2"/><T111/><D111/><U80/><E51/><AGARI ba="1,2" hai="38,40,46,51,55,58,63,64,69,89,95,96,121,123" machi="51" ten="30,11600,0" yaku="7,1,24,2,52,1" doraHai="93" who="2" fromWho="1" sc="180,0,210,-119,360,139,230,0" /><INIT seed="2,2,0,4,5,95" ten="180,91,499,230" oya="2" hai0="7,110,132,109,36,59,84,29,117,28,57,124,102" hai1="77,3,104,5,134,76,96,73,65,8,22,115,68" hai2="101,35,83,93,34,46,25,135,103,63,31,72,42" hai3="43,122,26,40,6,126,86,23,71,128,121,87,38"/><V61/><F135/><W70/><G6/><T27/><D132/><U81/><E115/><V47/><F35/><W17/><G126/><T50/><D36/><U131/><E134/><V94/><F83/><W78/><G128/><T4/><D124/><U16/><E131/><V74/><F25/><W116/><G116/><T89/><D102/><U32/><E32/><V98/><F34/><W111/><G111/><T12/><D117/><U10/><E77/><V67/><F67/><W107/><G107/><T123/><D123/><U69/><E10/><V62/><F31/><W18/><G78/><T51/><D84/><U45/><E65/><V9/><F9/><W21/><G26/><T11/><D89/><U129/><E129/><V19/><F19/><W41/><G41/><T92/><D92/><U48/><E104/><V99/><F47/><W79/><G79/><T37/><D37/><AGARI ba="2,0" hai="37,42,46,61,62,63,72,74,93,94,98,99,101,103" machi="37" ten="40,7700,0" yaku="9,1,52,2" doraHai="95" who="2" fromWho="0" sc="180,-83,91,0,499,83,230,0" /><AGARI ba="2,0" hai="17,18,21,23,37,38,40,43,70,71,86,87,121,122" machi="37" ten="25,1600,0" yaku="22,2" doraHai="95" who="3" fromWho="0" sc="97,-16,91,0,582,0,230,16" /><INIT seed="2,3,0,0,0,70" ten="81,91,582,246" oya="2" hai0="121,71,37,29,120,6,51,3,33,116,45,52,12" hai1="134,82,110,93,119,56,88,43,126,76,69,7,68" hai2="73,130,28,118,127,122,53,99,11,44,13,107,64" hai3="124,117,42,15,49,14,38,57,35,115,106,34,98"/><V83/><F122/><W18/><G117/><T17/><D71/><U78/><E119/><V91/><F118/><W102/><G124/><T9/><D116/><U19/><E126/><V84/><F127/><W27/><G115/><T89/><D89/><U30/><E110/><V108/><F108/><W65/><G65/><T129/><D129/><U105/><E105/><V21/><F130/><W47/><G27/><T25/><REACH who="0" step="1"/><D37/><REACH who="0" ten="71,91,582,246" step="2"/><U113/><E69/><V46/><F91/><W58/><G38/><T54/><D54/><U8/><E68/><V0/><F53/><W112/><G112/><T79/><D79/><U101/><E78/><V10/><F64/><W50/><G102/><T66/><D66/><U75/><E101/><V97/><F99/><W36/><G98/><T62/><D62/><U23/><E113/><V94/><F97/><W125/><G36/><T95/><D95/><U111/><E111/><V26/><F94/><W86/><G125/><T100/><D100/><U16/><E43/><V72/><F107/><W131/><G106/><T48/><D48/><U77/><E77/><V74/><F83/><W1/><G131/><T32/><D32/><U132/><E93/><V39/><F39/><W22/><G35/><T81/><D81/><U109/><E88/><V85/><F85/><W135/><G34/><T87/><D87/><U104/><E104/><V128/><F84/><W41/><G86/><T59/><D59/><U133/><E56/><V103/><F103/><W80/><G58/><T20/><AGARI ba="3,1" hai="3,6,9,12,17,20,25,29,33,45,51,52,120,121" machi="20" ten="20,12000,2" yaku="1,1,0,1,7,1,24,2,54,1,53,1" doraHai="70" doraHaiUra="40" who="0" fromWho="0" sc="71,139,91,-33,582,-63,246,-33" /><INIT seed="3,0,0,0,5,20" ten="210,58,519,213" oya="3" hai0="124,70,16,60,61,113,51,84,56,44,87,50,116" hai1="25,93,69,72,104,134,78,83,80,111,66,31,91" hai2="22,71,23,131,103,101,27,76,123,108,121,53,18" hai3="128,47,57,12,8,67,45,33,14,34,119,32,15"/><W130/><G119/><T38/><D116/><U4/><E111/><V37/><F108/><W79/><G79/><T74/><D74/><U26/><E134/><V2/><F2/><W135/><G135/><T3/><D3/><U120/><E120/><V42/><F71/><W112/><G112/><T39/><D113/><U54/><E104/><V107/><F107/><W58/><G8/><T92/><D124/><U133/><E133/><V63/><F131/><N who="3" m="50219" /><G67/><T77/><D70/><U102/><E4/><V35/><F35/><W89/><G89/><T99/><D39/><U17/><E31/><V82/><F101/><W90/><G90/><T28/><D28/><U9/><E54/><V10/><F103/><W64/><G64/><T24/><D38/><U88/><E102/><V43/><F37/><W110/><G110/><T62/><D56/><AGARI ba="0,0" hai="12,14,15,32,33,34,45,47,56,57,58" m="50219" machi="56" ten="40,7700,0" yaku="28,2,19,1" doraHai="20" who="3" fromWho="0" sc="210,-77,58,0,519,0,213,77" /><INIT seed="3,1,0,5,2,60" ten="133,58,519,290" oya="3" hai0="71,11,122,2,116,27,90,113,77,48,44,5,8" hai1="108,72,50,111,135,107,42,109,106,129,65,112,101" hai2="61,43,126,73,105,32,98,100,45,58,15,7,20" hai3="75,69,80,117,99,104,13,38,46,96,47,40,52"/><W16/><G117/><T29/><D116/><U3/><E112/><V82/><F32/><W9/><G69/><T64/><D122/><U51/><E3/><V31/><F126/><W12/><G12/><T103/><D113/><U0/><E0/><V93/><F105/><N who="1" m="39945" /><E72/><V128/><F128/><W56/><G47/><T87/><D103/><U49/><E101/><V130/><F130/><W94/><G104/><T102/><D102/><U4/><E4/><V26/><F82/><W22/><G9/><T59/><D8/><U91/><E129/><V62/><F73/><W21/><G21/><T55/><D77/><U66/><E135/><V35/><F61/><W79/><G94/><T70/><D44/><N who="1" m="25751" /><E91/><V132/><F132/><W24/><G13/><T10/><D10/><U54/><E51/><AGARI ba="1,0" hai="16,22,24,38,40,46,51,52,56,75,79,80,96,99" machi="51" ten="30,5800,0" yaku="7,1,54,2" doraHai="60" who="3" fromWho="1" sc="133,0,58,-61,519,0,290,61" owari="133,-27.0,-3,-50.0,519,62.0,351,15.0" /></mjloggm>