<mjloggm ver="2.3"><GO type="225" lobby="0"/><UN n0="%74%61%6B%75%61%6B%61" n1="%E3%82%B7%E3%83%AD%E3%82%AF%E3%83%AD" n2="%E4%B8%80%E9%83%8E%2E" n3="%E5%B0%B1%E6%B4%BB%E7%94%9F%40%E5%B7%9D%E6%9D%91%E8%BB%8D%E5%9B%A3" dan="17,16,17,16" rate="2134.28,2115.65,2123.98,2128.49" sx="M,M,F,M"/><TAIKYOKU oya="0"/><INIT seed="0,0,0,4,3,63" ten="250,250,250,250" oya="0" hai0="87,52,79,7,119,101,62,45,118,92,57,2,22" hai1="126,99,77,13,49,135,33,89,19,40,93,16,102" hai2="71,41,65,124,1,134,56,70,58,81,44,35,73" hai3="121,67,108,18,24,80,84,66,32,48,96,82,0"/><T72/><D72/><U75/><E33/><V38/><F35/><W53/><G0/><T100/><D2/><U20/><E135/><V107/><F107/><W91/><G108/><T128/><D128/><U6/><E126/><V39/><F124/><W112/><G112/><T105/><D105/><U61/><E75/><V116/><F134/><W23/><G121/><T9/><D22/><U42/><E77/><V14/><F1/><W127/><G127/><T15/><D118/><U59/><E6/><V110/><F110/><W69/><G69/><T21/><D119/><U31/><E49/><N who="2" m="26767" /><F14/><W90/><G32/><T95/><D21/><U37/><E37/><N who="2" m="13835" /><F81/><W109/><G109/><T88/><D79/><U122/><E122/><V28/><F28/><W133/><G133/><T78/><D78/><U132/><E132/><V83/><F83/><W111/><G111/><T3/><D3/><U30/><E19/><V114/><F73/><W76/><G96/><T51/><REACH who="0" step="1"/><D95/><REACH who="0" ten="240,250,250,250" step="2"/><U43/><REACH who="1" step="1"/><E102/><REACH who="1" ten="240,240,250,250" step="2"/><V25/><F116/><W46/><G91/><T113/><D113/><U131/><E131/><V11/><F114/><W104/><G104/><T34/><D34/><U85/><E85/><AGARI ba="0,2" hai="18,23,24,46,48,53,66,67,76,80,82,84,85,90" machi="85" ten="30,7700,0" yaku="7,1,8,1,52,2" doraHai="63" who="3" fromWho="1" sc="240,0,240,-77,250,0,250,97" /><INIT seed="1,0,0,5,3,40" ten="240,163,250,347" oya="1" hai0="123,66,20,101,4,1,50,47,48,129,72,85,69" hai1="76,83,104,29,26,109,57,125,19,133,121,100,33" hai2="107,31,99,24,88,52,58,132,124,89,27,112,37" hai3="68,91,15,67,105,106,122,51,3,78,96,0,61"/><U114/><E121/><V79/><F37/><W34/><G122/><T56/><D72/><U5/><E114/><V81/><F124/><W60/><G78/><T14/><D123/><U39/><E125/><V110/><F110/><W36/><G36/><T73/><D73/><U116/><E116/><V10/><F132/><W43/><G61/><T119/><D119/><U120/><E120/><V46/><F112/><W95/><G34/><T127/><D127/><U80/><E133/><V49/><F10/><W9/><G105/><T130/><D69/><U75/><E39/><V11/><F11/><W134/><G106/><T115/><D115/><U93/><E109/><V55/><F107/><W28/><G28/><T2/><D101/><U42/><E42/><V54/><F99/><W6/><G134/><T45/><D85/><U35/><E5/><V30/><F30/><W102/><G102/><T94/><D94/><U59/><E80/><V113/><F113/><W92/><G92/><T70/><D70/><U22/><E104/><V12/><F12/><W86/><G96/><T63/><D20/><U103/><E35/><V82/><F82/><W97/><G97/><T21/><D21/><U74/><E74/><V44/><F44/><N who="0" m="16970" /><D14/><N who="1" m="9591" /><E100/><V53/><F58/><N who="1" m="22025" /><E103/><V126/><F126/><W117/><G117/><T77/><D1/><U84/><E93/><V90/><REACH who="2" step="1"/><F31/><REACH who="2" ten="240,163,240,347" step="2"/><W64/><G3/><T98/><D2/><U135/><E135/><V131/><F131/><W32/><G0/><T13/><D130/><U111/><E111/><V8/><F8/><W38/><G38/><T18/><D129/><RYUUKYOKU ba="0,1" sc="240,-15,163,15,240,15,347,-15" hai1="26,29,33,75,76,83,84" hai2="24,27,46,49,52,53,54,55,79,81,88,89,90" /><INIT seed="1,1,1,0,4,110" ten="225,178,255,332" oya="1" hai0="133,24,101,61,1,94,2,131,126,59,124,68,13" hai1="104,33,132,87,78,106,73,15,39,37,40,51,36" hai2="43,52,96,114,41,120,60,72,30,115,14,109,74" hai3="77,89,22,50,107,82,63,100,135,97,105,56,70"/><U18/><E33/><V130/><F109/><W108/><G108/><T34/><D68/><U88/><E132/><V118/><F118/><W113/><G113/><N who="2" m="43017" /><F120/><W28/><G135/><T19/><D101/><U42/><E78/><V121/><F121/><W123/><G70/><T98/><D34/><U20/><E73/><N who="2" m="28267" /><F130/><W16/><G28/><T111/><D24/><U85/><E85/><V46/><F30/><W80/><G50/><T81/><D111/><U90/><E90/><V4/><F96/><W17/><G123/><T116/><D98/><U102/><E102/><V55/><F60/><W29/><G89/><T45/><D61/><U119/><E119/><V75/><N who="2" m="28275" /><V0/><DORA hai="84" /><F0/><W64/><G77/><T49/><D1/><U44/><REACH who="1" step="1"/><E40/><REACH who="1" ten="225,168,255,332" step="2"/><N who="2" m="15435" /><F46/><W66/><G100/><T21/><D45/><U76/><E76/><V71/><F71/><W99/><G97/><T32/><D116/><U122/><E122/><V112/><F112/><W9/><G99/><T31/><D133/><U95/><AGARI ba="1,2" hai="15,18,20,36,37,39,42,44,51,87,88,95,104,106" machi="95" ten="30,18000,2" yaku="1,1,0,1,52,1,54,1,53,2" doraHai="110,84" doraHaiUra="11,12" who="1" fromWho="1" sc="225,-61,168,203,255,-61,332,-61" /><INIT seed="1,2,0,1,5,94" ten="164,371,194,271" oya="1" hai0="115,15,38,66,126,75,27,29,21,68,119,18,104" hai1="96,106,129,125,57,81,30,111,82,53,7,61,118" hai2="0,70,51,83,113,134,77,9,19,28,92,41,123" hai3="43,39,10,64,100,95,85,58,54,107,80,62,24"/><U48/><E118/><V26/><F123/><W93/><G107/><T49/><D119/><U63/><E129/><V60/><F134/><W13/><G100/><T16/><D115/><U5/><E125/><V120/><F120/><W71/><G24/><T34/><D38/><U25/><E111/><V128/><F128/><W87/><G43/><T36/><D36/><U131/><E131/><V108/><F108/><W1/><G1/><T86/><D75/><U67/><E63/><V72/><F113/><W112/><G39/><T33/><D126/><U103/><E82/><V98/><F41/><W3/><G3/><T89/><D104/><U121/><E81/><V84/><F51/><W42/><G42/><T133/><D133/><U45/><REACH who="1" step="1"/><E121/><REACH who="1" ten="164,361,194,271" step="2"/><V69/><F60/><W78/><G112/><T59/><D68/><U74/><E74/><V79/><F70/><W46/><G71/><T135/><D135/><U12/><E12/><N who="2" m="7567" /><F0/><W97/><G80/><T101/><D15/><U52/><E52/><V116/><F69/><W11/><G13/><T40/><D66/><U37/><E37/><V55/><F116/><W2/><G54/><T31/><D40/><U90/><E90/><N who="2" m="55575" /><F55/><W23/><G62/><T20/><D49/><U122/><E122/><V88/><F72/><W32/><G64/><T56/><D89/><U65/><E65/><V6/><F6/><W99/><G2/><T17/><D101/><U109/><E109/><V35/><F79/><W114/><G78/><T44/><D27/><U105/><E105/><V47/><F77/><W73/><G114/><T50/><D50/><RYUUKYOKU ba="2,1" sc="164,-15,361,15,194,15,271,-15" hai1="5,7,25,30,45,48,53,57,61,67,96,103,106" hai2="26,28,35,47,83,84,88" /><INIT seed="1,3,1,0,2,66" ten="149,376,209,256" oya="1" hai0="90,60,134,96,43,48,103,121,87,34,119,27,122" hai1="79,97,64,92,55,2,44,98,65,52,104,101,23" hai2="73,8,71,100,111,13,21,127,38,106,80,32,94" hai3="76,45,133,14,33,6,126,49,16,129,128,130,51"/><U125/><E2/><V3/><F38/><W88/><G33/><T12/><D119/><U1/><E125/><V72/><F71/><W5/><G126/><T4/><D134/><U41/><E1/><V86/><F127/><W36/><G76/><T116/><D116/><U53/><E79/><V113/><F32/><W37/><G133/><T18/><D60/><U47/><E23/><V75/><F106/><W135/><G135/><T114/><D114/><U105/><E105/><V67/><F67/><W120/><G120/><N who="0" m="46187" /><D4/><N who="3" m="1641" /><G88/><T108/><D108/><U95/><E104/><V54/><F21/><N who="3" m="11415" /><G49/><T131/><D131/><N who="3" m="33537" /><W107/><DORA hai="70" /><G107/><T35/><D90/><N who="1" m="55447" /><E47/><V99/><F111/><W84/><G84/><T115/><D87/><U25/><E25/><V109/><F109/><W83/><G83/><T118/><D27/><U0/><E0/><V102/><F86/><W15/><G15/><T42/><D118/><U132/><E132/><V11/><F80/><W17/><G17/><T50/><D18/><U9/><E9/><N who="2" m="3659" /><F13/><W93/><G93/><N who="0" m="58767" /><D12/><U78/><E78/><V74/><F74/><W40/><AGARI ba="3,1" hai="36,37,40,45,51" m="33537,11415,1641" machi="40" ten="40,8000,1" yaku="19,1,52,2,54,1" doraHai="66,70" who="3" fromWho="3" sc="149,-23,376,-43,209,-23,256,99" /><INIT seed="2,0,0,5,5,34" ten="126,333,186,355" oya="2" hai0="20,106,44,18,2,98,46,119,43,19,92,49,16" hai1="51,26,129,104,115,21,11,64,107,52,75,72,78" hai2="128,130,63,124,110,5,134,117,28,40,62,131,25" hai3="74,6,101,13,108,84,68,69,65,93,120,41,105"/><V71/><F117/><W53/><G74/><T121/><D121/><U24/><E115/><V95/><F124/><W73/><G73/><T70/><D119/><U30/><E129/><V9/><F134/><W10/><G41/><T55/><D106/><U33/><E64/><N who="2" m="41375" /><F62/><W89/><G108/><T14/><D70/><U1/><E75/><V102/><F40/><W127/><G127/><T126/><D2/><U135/><E135/><V39/><F39/><W91/><G120/><T79/><D79/><U12/><E78/><V111/><F95/><W81/><G65/><T59/><D126/><U100/><E72/><V57/><F57/><W125/><G125/><T4/><D4/><N who="1" m="1423" /><E24/><V88/><F88/><W85/><G53/><T123/><D123/><U27/><E27/><V86/><F86/><W112/><G112/><T8/><D20/><U37/><E37/><V77/><F102/><W0/><G13/><T3/><D3/><U116/><E100/><V133/><F77/><W118/><G118/><T45/><REACH who="0" step="1"/><D43/><REACH who="0" ten="116,333,186,355" step="2"/><U48/><E116/><V97/><F133/><W103/><G105/><T29/><D29/><U54/><E107/><V83/><F28/><W22/><G69/><T76/><D76/><U38/><E104/><V96/><F128/><W17/><G68/><T80/><D80/><U109/><E30/><V61/><F83/><W7/><G7/><T82/><D82/><U32/><E32/><V47/><F5/><W42/><G42/><T94/><D94/><U56/><E33/><V35/><F35/><W50/><G93/><T23/><D23/><U132/><E21/><RYUUKYOKU ba="0,1" sc="116,30,333,-10,186,-10,355,-10" hai0="8,14,16,18,19,44,45,46,49,55,59,92,98" /><INIT seed="3,1,1,3,2,95" ten="146,323,176,345" oya="3" hai0="114,62,93,45,35,12,78,69,27,34,40,126,132" hai1="53,71,61,90,127,91,24,56,25,107,26,111,86" hai2="18,11,134,129,124,133,94,44,55,106,48,66,101" hai3="58,6,116,32,17,41,14,105,49,19,92,50,102"/><W36/><G105/><T70/><D126/><U121/><E121/><V108/><F124/><W33/><G33/><T112/><D132/><N who="2" m="50794" /><F108/><W22/><G92/><T20/><D78/><U23/><E111/><V51/><F129/><W120/><G102/><T68/><D12/><U37/><E107/><V89/><F66/><W47/><G32/><T67/><D35/><U64/><E127/><V59/><F106/><W96/><G120/><T83/><D83/><U2/><E2/><V16/><F101/><W117/><G96/><T113/><D93/><N who="1" m="54487" /><E37/><V131/><F11/><W43/><G6/><T3/><D3/><U97/><E71/><V8/><F8/><W109/><G109/><T52/><D52/><U87/><E97/><N who="2" m="57551" /><F131/><W98/><G98/><T99/><D99/><U74/><E74/><V4/><F4/><W122/><G122/><T28/><REACH who="0" step="1"/><D34/><REACH who="0" ten="136,323,176,345" step="2"/><U65/><E23/><V76/><F76/><W135/><G135/><T77/><D77/><U60/><E60/><V118/><F118/><W9/><G116/><T110/><D110/><U31/><E31/><V79/><F79/><W123/><G117/><T73/><D73/><U30/><E30/><V115/><F115/><W128/><G123/><T5/><D5/><U15/><E15/><V82/><F82/><AGARI ba="1,2" hai="24,25,26,53,56,61,64,65,82,87,91" m="54487" machi="82" ten="30,1000,0" yaku="8,1" doraHai="95" who="1" fromWho="2" sc="136,0,323,33,176,-13,345,0" owari="136,-36.0,356,45.0,163,-24.0,345,15.0" /></mjloggm>