<mjloggm ver="2.3"><GO type="169" lobby="0"/><UN n0="%E5%B0%B1%E6%B4%BB%E7%94%9F%40%E5%B7%9D%E6%9D%91%E8%BB%8D%E5%9B%A3" n1="%33%E7%95%AA%44%48%E4%BA%95%E7%AB%AF" n2="%67%63%40%E6%BF%80%E8%BE%9B" n3="%E5%A4%95%E5%87%AA" dan="16,16,16,17" rate="2103.36,2129.07,2052.09,2113.47" sx="M,M,M,M"/><TAIKYOKU oya="0"/><INIT seed="0,0,0,3,1,18" ten="250,250,250,250" oya="0" hai0="6,69,29,113,115,31,88,59,116,126,35,65,54" hai1="94,99,2,71,58,41,51,129,112,124,133,84,0" hai2="81,30,72,1,91,11,134,8,33,55,43,109,121" hai3="40,24,27,15,104,45,86,90,120,89,57,3,77"/><T97/><D116/><U118/><E118/><V122/><F11/><W26/><G3/><T7/><D126/><U130/><E71/><V17/><F55/><W50/><G104/><T46/><D46/><N who="1" m="26063" /><E133/><V56/><F56/><W52/><G120/><T107/><D69/><U60/><E84/><V87/><F134/><W68/><G68/><T21/><D65/><N who="1" m="39063" /><E112/><V83/><F83/><N who="3" m="47471" /><G15/><T78/><D78/><U39/><E39/><V117/><F87/><W73/><G73/><T111/><D35/><U4/><E4/><V74/><F43/><W108/><G108/><T119/><D119/><U101/><E124/><V23/><F109/><W47/><G47/><T80/><D107/><U20/><E20/><V13/><F117/><W82/><G82/><T125/><D125/><U63/><E63/><AGARI ba="0,0" hai="24,26,27,40,45,50,52,57,63,89,90" m="47471" machi="63" ten="30,2000,0" yaku="8,1,54,1" doraHai="18" who="3" fromWho="1" sc="250,0,250,-20,250,0,250,20" /><INIT seed="1,0,0,0,3,93" ten="250,230,250,270" oya="1" hai0="46,10,37,17,122,95,128,71,89,79,5,21,106" hai1="7,25,28,3,24,121,120,41,54,135,65,22,60" hai2="113,26,32,96,108,78,77,29,9,129,80,101,61" hai3="73,85,50,36,130,115,103,119,117,114,8,134,45"/><U112/><E112/><V43/><F108/><W31/><G31/><T123/><D106/><U23/><E135/><V38/><F129/><W13/><G73/><T57/><D71/><U49/><E41/><V40/><F113/><W91/><G36/><T99/><D79/><U69/><E7/><V104/><F38/><W27/><G27/><T33/><D33/><U30/><REACH who="1" step="1"/><E3/><REACH who="1" ten="250,220,250,270" step="2"/><V86/><F43/><N who="3" m="24895" /><G134/><T127/><D128/><U34/><E34/><V94/><F40/><W82/><G130/><T131/><D131/><U6/><E6/><V51/><F32/><W102/><G115/><T88/><D123/><U90/><E90/><V105/><F78/><W44/><G114/><T100/><D122/><U48/><E48/><V15/><F51/><W98/><G119/><T59/><D127/><U92/><E92/><V18/><F104/><W4/><G117/><T42/><D89/><U64/><E64/><V0/><F105/><W16/><G44/><AGARI ba="0,1" hai="22,23,24,25,28,30,44,49,54,60,65,69,120,121" machi="44" ten="30,5800,0" yaku="1,1,7,1,9,1,53,0" doraHai="93" doraHaiUra="12" who="1" fromWho="3" sc="250,0,220,68,250,0,270,-58" /><INIT seed="1,1,0,1,1,3" ten="250,288,250,212" oya="1" hai0="103,18,85,127,74,116,73,115,16,119,108,76,12" hai1="114,34,132,72,104,27,17,105,95,30,124,61,79" hai2="102,130,52,32,6,8,11,60,55,131,111,96,5" hai3="15,22,56,21,81,94,98,37,28,106,125,121,109"/><U41/><E114/><V126/><F32/><W39/><G121/><T7/><D115/><U26/><E132/><V87/><F111/><W99/><G109/><T23/><D108/><U92/><E124/><V64/><F87/><W113/><G113/><T135/><D127/><U33/><E41/><V100/><F126/><W1/><G1/><T110/><D110/><U48/><E48/><V14/><F64/><W97/><G125/><T54/><D135/><U58/><E79/><V112/><F112/><W57/><G106/><T59/><D103/><U93/><E72/><V120/><F120/><W50/><G94/><T65/><D65/><U62/><E61/><V25/><F25/><W75/><G28/><T40/><D40/><U68/><E68/><V91/><F91/><W70/><G70/><T46/><D46/><U77/><E77/><V13/><F60/><W44/><G75/><T19/><D74/><U0/><E0/><V80/><REACH who="2" step="1"/><F96/><REACH who="2" ten="250,288,240,212" step="2"/><W134/><G134/><T43/><D73/><U24/><E30/><V118/><F118/><W83/><G99/><T29/><D116/><U90/><E90/><V10/><F10/><W123/><G98/><T47/><D85/><U45/><E34/><V31/><F31/><W101/><G123/><T86/><D86/><U128/><E33/><V122/><F122/><W66/><G97/><T42/><D119/><U49/><E27/><V20/><F20/><W9/><G66/><T78/><D23/><N who="1" m="13423" /><E26/><V82/><AGARI ba="1,1" hai="5,6,8,11,13,14,52,55,80,82,100,102,130,131" machi="82" ten="25,12000,2" yaku="1,1,0,1,22,2,52,2,54,1,53,0" doraHai="3" doraHaiUra="117" who="2" fromWho="2" sc="250,-31,288,-61,240,133,212,-31" /><INIT seed="2,0,0,1,3,10" ten="219,227,373,181" oya="2" hai0="51,24,128,58,107,48,119,44,103,100,127,63,31" hai1="45,37,81,11,134,40,121,6,30,2,116,71,60" hai2="135,27,118,19,35,91,62,28,108,33,7,120,9" hai3="13,82,46,16,18,0,34,64,80,123,96,54,12"/><V66/><F118/><W87/><G123/><T76/><D127/><U79/><E116/><V111/><F120/><W15/><G0/><T84/><D128/><U113/><E113/><V61/><F135/><W98/><G34/><T26/><D107/><U47/><E134/><V132/><F132/><W124/><G64/><T41/><D51/><U125/><E125/><V95/><F19/><N who="3" m="7211" /><G124/><T97/><D97/><N who="3" m="37481" /><G87/><T114/><D114/><U29/><E121/><V20/><F35/><W89/><G89/><T99/><D99/><U17/><E47/><V105/><F105/><W22/><G22/><T49/><D119/><U92/><E71/><V52/><F33/><W86/><G86/><T1/><D1/><U133/><E133/><V129/><F129/><W8/><G8/><T131/><D131/><U85/><E92/><V32/><F91/><W106/><G106/><T117/><D117/><U5/><E5/><V36/><F95/><W88/><G88/><T115/><D115/><U112/><E112/><V69/><F32/><W42/><G42/><T102/><D84/><U25/><E2/><V68/><F68/><W59/><G46/><T38/><D76/><U39/><E39/><V94/><F94/><W3/><G3/><T75/><D75/><U74/><E74/><V57/><REACH who="2" step="1"/><F36/><REACH who="2" ten="219,227,363,181" step="2"/><W70/><G70/><T104/><D104/><U126/><E126/><V101/><F101/><W50/><AGARI ba="0,1" hai="12,13,15,50,54,59,80,82" m="37481,7211" machi="50" ten="30,8000,1" yaku="8,1,52,3,54,1" doraHai="10" who="3" fromWho="3" sc="219,-20,227,-20,363,-40,181,90" /><INIT seed="3,0,0,4,1,31" ten="199,207,323,271" oya="3" hai0="28,119,19,44,92,108,8,30,87,51,62,100,74" hai1="34,113,104,98,13,77,110,125,54,47,128,0,93" hai2="112,18,14,22,121,86,2,68,111,48,71,61,52" hai3="75,81,118,103,82,129,109,23,102,131,40,35,76"/><W32/><G118/><T37/><D74/><U105/><E0/><V85/><F112/><W90/><G40/><T94/><D37/><U69/><E113/><V27/><F2/><W117/><G117/><T120/><D108/><U17/><E69/><V38/><F38/><W11/><G109/><T25/><D120/><U114/><E114/><V29/><F111/><W12/><G23/><T15/><D119/><U130/><E110/><V133/><F133/><W59/><G59/><T26/><D62/><U123/><E77/><V95/><F121/><W80/><G90/><T70/><D70/><U88/><E125/><V5/><F5/><W49/><G49/><T99/><D87/><U73/><E73/><V122/><F122/><W6/><G76/><T64/><D64/><U24/><E123/><V10/><F85/><W50/><G50/><T55/><REACH who="0" step="1"/><D92/><REACH who="0" ten="189,207,323,271" step="2"/><U89/><E93/><V97/><F86/><W46/><G75/><T3/><D3/><U126/><E105/><V4/><F61/><W66/><G66/><T43/><D43/><U132/><E104/><V101/><REACH who="2" step="1"/><F4/><REACH who="2" ten="189,207,313,271" step="2"/><W9/><G6/><T79/><D79/><U124/><E126/><V135/><F135/><W83/><G83/><T57/><D57/><AGARI ba="0,2" hai="10,14,18,22,27,29,48,52,57,68,71,95,97,101" machi="57" ten="30,3900,0" yaku="1,1,7,1,54,1,53,0" doraHai="31" doraHaiUra="36" who="2" fromWho="0" sc="189,-39,207,0,313,59,271,0" /><INIT seed="4,0,0,4,1,123" ten="150,207,372,271" oya="0" hai0="112,107,99,5,43,13,119,67,1,44,42,71,41" hai1="24,135,7,22,14,94,113,55,38,85,31,87,25" hai2="11,111,63,60,15,30,56,65,52,77,105,47,97" hai3="100,50,117,109,108,4,29,64,82,90,89,28,74"/><T127/><D119/><U35/><E38/><V129/><F111/><W93/><G64/><T23/><D127/><U51/><E135/><V75/><F129/><W34/><G4/><T57/><D112/><U62/><E113/><V0/><F0/><W104/><G50/><T81/><D1/><U124/><E62/><V18/><F30/><W6/><G6/><T10/><D71/><U106/><E106/><V128/><F128/><W59/><G59/><T48/><D23/><U86/><E124/><V88/><F75/><W49/><G49/><T70/><D70/><U120/><E120/><V125/><F77/><N who="3" m="44343" /><G29/><T131/><D131/><U102/><E102/><V53/><F47/><W79/><G79/><T110/><D110/><U84/><E84/><V54/><F125/><W98/><G117/><T32/><D32/><U37/><E37/><V36/><F36/><W2/><G2/><T83/><D99/><U72/><E72/><V134/><F63/><W61/><G61/><N who="0" m="38319" /><D107/><U27/><E35/><V133/><F105/><W114/><G114/><T19/><D5/><U130/><E130/><V40/><F40/><AGARI ba="0,0" hai="10,13,19,40,41,42,43,44,48,81,83" m="38319" machi="40" ten="30,1500,0" yaku="8,1" doraHai="123" who="0" fromWho="2" sc="150,15,207,0,372,-15,271,0" /><INIT seed="4,1,0,4,5,32" ten="165,207,357,271" oya="0" hai0="93,106,75,98,118,40,13,113,58,20,95,101,116" hai1="115,35,62,100,11,8,3,92,76,2,121,133,114" hai2="10,51,104,112,12,39,120,108,4,63,87,49,60" hai3="110,52,103,128,55,125,5,0,79,117,71,83,84"/><T85/><D75/><U44/><E121/><V9/><F39/><W91/><G110/><T24/><D113/><N who="1" m="43019" /><E35/><V66/><F112/><W36/><G71/><T41/><D13/><U97/><E133/><V94/><F104/><W126/><G117/><T33/><D33/><U77/><E62/><V50/><F108/><W53/><G36/><T16/><D58/><U29/><E29/><V54/><F120/><W102/><G128/><T72/><D72/><U34/><E34/><V78/><F78/><N who="1" m="30313" /><E44/><V119/><F63/><W23/><G23/><T61/><D61/><U127/><E127/><N who="3" m="48650" /><G79/><T135/><D135/><U31/><E31/><V123/><F123/><W68/><G68/><T27/><D27/><U69/><E69/><V14/><F119/><W67/><G67/><T57/><D57/><U6/><E11/><AGARI ba="1,0" hai="0,5,11,52,53,55,83,84,91,102,103" m="48650" machi="11" ten="30,3900,0" yaku="18,1,52,1,54,1" doraHai="32" who="3" fromWho="1" sc="165,0,207,-42,357,0,271,42" /><INIT seed="5,0,0,4,0,87" ten="165,165,357,313" oya="1" hai0="60,127,110,42,47,80,105,129,72,131,33,18,104" hai1="135,98,96,130,57,106,126,61,64,100,134,74,107" hai2="113,8,40,23,55,75,59,118,52,36,35,38,124" hai3="13,77,128,97,56,26,25,9,41,121,119,85,15"/><U58/><E74/><V7/><F35/><W22/><G121/><T17/><D110/><U3/><E3/><V6/><F118/><W99/><G119/><T11/><D33/><U54/><E130/><N who="0" m="49673" /><D127/><U31/><E31/><V63/><F75/><W37/><G15/><N who="0" m="7423" /><D60/><U24/><E24/><V67/><F124/><W112/><G26/><T53/><D53/><U94/><E126/><V115/><F23/><W84/><G84/><T46/><D18/><U109/><E109/><V1/><F6/><W81/><G37/><N who="2" m="14441" /><F40/><W39/><G39/><N who="0" m="21855" /><D47/><U123/><E123/><V49/><F49/><W116/><G41/><T101/><D101/><U82/><E82/><V12/><F12/><W27/><G27/><T21/><D21/><U29/><E29/><V65/><F55/><W20/><G20/><T5/><D5/><U70/><E70/><V102/><F102/><W16/><G116/><T133/><D133/><N who="1" m="50699" /><E98/><V114/><AGARI ba="0,0" hai="1,7,8,52,59,63,65,67,113,114,115" m="14441" machi="114" ten="40,5200,0" yaku="15,1,11,1,54,1" doraHai="87" who="2" fromWho="2" sc="165,-13,165,-26,357,52,313,-13" /><INIT seed="6,0,0,5,4,69" ten="152,139,409,300" oya="2" hai0="133,59,117,23,75,31,28,82,91,5,71,76,128" hai1="132,4,68,114,61,90,84,3,40,70,48,24,112" hai2="113,60,35,1,47,125,130,30,94,14,9,79,10" hai3="64,17,77,46,65,72,78,67,62,53,85,110,27"/><V129/><F79/><W54/><G110/><T6/><D71/><U106/><E106/><V11/><F94/><W134/><G72/><T105/><D105/><U74/><E74/><V116/><F47/><W50/><G134/><T87/><D128/><N who="2" m="49258" /><F60/><W126/><G126/><T16/><D133/><U123/><E123/><V57/><F57/><N who="3" m="35127" /><G85/><N who="0" m="48327" /><D59/><U73/><E73/><V8/><F116/><W19/><G19/><T97/><D97/><U135/><E24/><N who="2" m="18887" /><F113/><N who="1" m="43625" /><E4/><N who="0" m="1641" /><D75/><U120/><E3/><V49/><F49/><W83/><G83/><N who="0" m="49663" /><D117/><U111/><E111/><V121/><F125/><W124/><G124/><T13/><AGARI ba="0,0" hai="13,16,23,28,31" m="49663,1641,48327" machi="13" ten="30,2000,0" yaku="8,1,54,1" doraHai="69" who="0" fromWho="0" sc="152,20,139,-5,409,-10,300,-5" /><INIT seed="7,0,0,3,5,43" ten="172,134,399,295" oya="3" hai0="119,114,62,36,77,118,66,82,64,19,38,80,47" hai1="69,76,55,58,93,65,132,123,68,105,89,4,2" hai2="60,107,97,17,135,133,115,16,91,15,128,44,31" hai3="120,6,12,104,124,48,106,113,13,111,127,41,70"/><W85/><G70/><T99/><D99/><U32/><E32/><V86/><F115/><W90/><G120/><T24/><D114/><U74/><E105/><V129/><F31/><W98/><G113/><T101/><D101/><U126/><E123/><V51/><F60/><W121/><G121/><T79/><D62/><U75/><E126/><N who="3" m="48170" /><G111/><T8/><D8/><U26/><E132/><N who="2" m="50763" /><F97/><W33/><G33/><T122/><D24/><U102/><E102/><V37/><F37/><W103/><G6/><T95/><D122/><U81/><E75/><V30/><F30/><W78/><G78/><T46/><D95/><U53/><E65/><V45/><F107/><W61/><G61/><T112/><D112/><U27/><E55/><N who="2" m="30183" /><F45/><N who="3" m="25647" /><G106/><T9/><D9/><U96/><E68/><V39/><F39/><W52/><G52/><T63/><D63/><U35/><E69/><V134/><F134/><W131/><G131/><N who="2" m="50249" /><F15/><W125/><N who="3" m="48178" /><W100/><DORA hai="109" /><G100/><T7/><D38/><U5/><E35/><V40/><F40/><W67/><G67/><T14/><D36/><U23/><E2/><V54/><F54/><W29/><G29/><T92/><D14/><U71/><E71/><V72/><F72/><W22/><G22/><T42/><D42/><U83/><E23/><V25/><F25/><N who="1" m="9225" /><E83/><AGARI ba="0,0" hai="16,17,83,86,91" m="50249,30183,50763" machi="83" ten="30,7700,0" yaku="20,1,19,1,52,1,54,1" doraHai="43,109" who="2" fromWho="1" sc="172,0,134,-77,399,77,295,0" /><AGARI ba="0,0" hai="12,13,83,85,90,98,103,104" m="25647,48178" machi="83" ten="40,3900,0" yaku="18,1,52,1" doraHai="43,109" who="3" fromWho="1" sc="172,0,57,-39,476,0,295,39" /><INIT seed="7,1,0,5,5,52" ten="172,18,476,334" oya="3" hai0="54,6,90,4,81,74,28,17,37,7,79,51,106" hai1="75,109,93,30,115,84,22,15,39,9,91,26,69" hai2="46,131,34,125,50,124,95,117,82,13,86,102,44" hai3="45,116,18,38,80,96,119,97,16,103,68,85,49"/><W132/><G68/><T57/><D106/><U8/><E8/><V127/><F131/><W126/><G38/><T21/><D37/><U118/><E118/><V67/><F117/><W77/><G132/><T36/><D36/><U107/><E107/><V99/><F34/><W123/><G123/><T2/><D28/><U104/><E104/><V11/><F67/><W111/><G111/><T64/><D64/><U59/><E59/><V27/><F27/><W14/><G126/><T76/><D2/><U88/><E88/><N who="2" m="51287" /><F50/><W33/><G33/><T98/><D74/><U25/><E25/><V5/><AGARI ba="1,0" hai="5,11,13,44,46,95,99,102,124,125,127" m="51287" machi="5" ten="30,2000,0" yaku="18,1,54,1" doraHai="52" who="2" fromWho="2" sc="172,-6,18,-6,476,23,334,-11" owari="166,-23.0,12,-49.0,499,60.0,323,12.0" /></mjloggm>