<mjloggm ver="2.3"><GO type="169" lobby="0"/><UN n0="%E5%B2%A1%E6%9D%91%E9%9D%96%E5%B9%B8" n1="%E3%83%88%E3%83%88%E3%83%AA%E5%85%88%E7%94%9F%31%39%E6%AD%B3" n2="%68%61%79%61%74%6F%E2%98%86" n3="%E3%83%97%E3%83%AD%E3%82%AD%E3%82%B7%E3%83%BC" dan="16,19,17,16" rate="2131.63,2267.63,2165.13,2169.60" sx="M,F,M,M"/><TAIKYOKU oya="0"/><INIT seed="0,0,0,4,1,120" ten="250,250,250,250" oya="0" hai0="62,110,125,106,40,92,23,76,27,98,134,96,42" hai1="35,108,10,72,84,1,132,60,36,25,64,32,71" hai2="135,127,119,68,2,118,90,77,47,54,129,37,83" hai3="80,19,31,67,87,126,6,55,124,34,5,128,24"/><T91/><D134/><U105/><E72/><V22/><F68/><W56/><G128/><T13/><D125/><N who="3" m="48233" /><G67/><T121/><D121/><U29/><E132/><V111/><F2/><W16/><G5/><T41/><D76/><U52/><E36/><V95/><F135/><W20/><G6/><T33/><D33/><U97/><E35/><V130/><F22/><W0/><G0/><T61/><D13/><U14/><E1/><V45/><F127/><W30/><G30/><T59/><D110/><U11/><E108/><V49/><F111/><W9/><G9/><T26/><D26/><U78/><E14/><V86/><F45/><W50/><G34/><T133/><D133/><U70/><E70/><V114/><F37/><W109/><G109/><T51/><D106/><U131/><E131/><N who="2" m="50187" /><F114/><W65/><G65/><T102/><D102/><N who="1" m="62671" /><E52/><V82/><F82/><AGARI ba="0,0" hai="10,11,25,29,32,60,64,71,78,82,84" m="62671" machi="82" ten="30,1000,0" yaku="25,1" doraHai="120" who="1" fromWho="2" sc="250,0,250,10,250,-10,250,0" /><INIT seed="1,0,0,4,5,95" ten="250,260,240,250" oya="1" hai0="124,72,88,104,102,22,49,48,31,21,8,121,71" hai1="20,79,47,66,51,69,36,10,106,25,65,63,38" hai2="111,68,76,43,93,6,46,0,82,53,35,77,19" hai3="129,23,7,52,117,133,78,37,97,120,73,34,91"/><U3/><E106/><V85/><F68/><W135/><G120/><T75/><D71/><U118/><E118/><V116/><F116/><W54/><G34/><T119/><D121/><U74/><E66/><V114/><F35/><W24/><G37/><T128/><D119/><U89/><E89/><V96/><F114/><W13/><G129/><T94/><D128/><U90/><E90/><V32/><F32/><W9/><G78/><T92/><D124/><U100/><E100/><V83/><F53/><W45/><G73/><T42/><D104/><U14/><E3/><V4/><F111/><W103/><G91/><T81/><D8/><U87/><E74/><V98/><F93/><N who="3" m="58799" /><G45/><T108/><D108/><U112/><E112/><V59/><F59/><W123/><G123/><T62/><D62/><U109/><E109/><V17/><F0/><W67/><G67/><T55/><D72/><U57/><E69/><V80/><F80/><W39/><G39/><T50/><D42/><U15/><E36/><V113/><F113/><W64/><G64/><T26/><D75/><U16/><E38/><V101/><F101/><W12/><G12/><T11/><D81/><N who="1" m="47551" /><E10/><V84/><F46/><W126/><G126/><T115/><D11/><U134/><E134/><N who="3" m="51210" /><G117/><T5/><D115/><U105/><E105/><V44/><F44/><W28/><AGARI ba="0,0" hai="7,9,13,23,24,28,52,54" m="51210,58799" machi="28" ten="30,4000,0" yaku="20,1,52,1,54,1" doraHai="95" who="3" fromWho="3" sc="250,-10,260,-20,240,-10,250,40" /><INIT seed="2,0,0,5,3,40" ten="240,240,230,290" oya="2" hai0="92,47,21,129,63,110,73,134,52,120,39,111,88" hai1="26,16,101,32,113,13,79,93,89,78,65,83,17" hai2="96,66,112,38,74,82,100,71,8,69,9,108,43" hai3="81,80,119,102,123,61,45,109,115,33,122,133,4"/><V55/><F112/><W60/><G4/><T0/><D120/><U130/><E113/><V14/><F66/><W44/><G115/><T85/><D129/><U15/><E130/><V50/><F43/><W135/><G102/><T76/><D134/><U126/><E126/><V1/><F38/><W99/><G99/><T46/><D0/><U19/><E101/><V51/><F51/><W132/><G33/><T68/><D39/><U105/><E105/><V41/><F41/><W20/><G20/><T10/><D10/><U70/><E65/><V104/><F1/><W121/><G109/><N who="0" m="41483" /><D68/><U114/><E70/><V22/><F22/><W75/><G119/><T118/><D118/><U62/><E62/><N who="3" m="24170" /><G75/><T18/><D76/><U34/><E79/><V27/><F27/><W131/><G131/><T116/><D73/><U117/><E114/><V30/><F30/><W106/><G106/><T103/><D103/><U95/><E117/><V86/><F74/><W12/><G12/><N who="0" m="9415" /><D116/><U29/><E34/><V37/><F37/><W94/><G94/><T11/><D11/><U84/><REACH who="1" step="1"/><E95/><REACH who="1" ten="240,230,230,290" step="2"/><V97/><F108/><W5/><G5/><T42/><D42/><U87/><AGARI ba="0,1" hai="13,15,16,17,19,26,29,32,78,83,84,87,89,93" machi="87" ten="30,7900,0" yaku="1,1,2,1,0,1,54,1,53,0" doraHai="40" doraHaiUra="67" who="1" fromWho="1" sc="240,-20,230,89,230,-39,290,-20" /><INIT seed="3,0,0,4,3,109" ten="220,319,191,270" oya="3" hai0="24,83,100,108,97,89,44,6,23,104,96,0,68" hai1="121,112,127,126,31,84,130,98,59,53,25,18,38" hai2="102,107,37,133,17,29,129,75,50,16,65,58,86" hai3="69,85,113,9,120,81,115,90,106,20,46,11,41"/><W76/><G120/><T71/><D108/><U12/><E121/><V77/><F37/><W94/><G69/><T27/><D27/><U51/><E38/><V55/><F75/><W105/><G20/><T82/><D6/><U92/><E130/><V135/><F129/><W63/><G63/><T79/><D0/><U67/><E67/><V128/><F128/><W116/><G11/><T72/><D44/><U39/><E39/><V88/><F77/><W48/><G9/><T111/><D111/><U117/><E117/><V5/><F29/><W70/><G70/><T119/><D119/><U91/><E112/><V114/><F65/><W32/><G32/><T87/><REACH who="0" step="1"/><D97/><REACH who="0" ten="210,319,191,270" step="2"/><U103/><E25/><V19/><F5/><W118/><G116/><T47/><D47/><U1/><E1/><V10/><F10/><W60/><G118/><T33/><D33/><U14/><E31/><AGARI ba="0,1" hai="23,24,31,68,71,72,79,82,83,87,89,96,100,104" machi="31" ten="30,3900,0" yaku="1,1,7,1,53,1" doraHai="109" doraHaiUra="80" who="0" fromWho="1" sc="210,49,319,-39,191,0,270,0" /><INIT seed="4,0,0,5,0,123" ten="259,280,191,270" oya="0" hai0="35,55,130,59,27,119,36,85,132,73,110,90,62" hai1="15,2,108,60,30,4,42,101,74,57,65,91,31" hai2="128,120,104,112,7,12,134,89,47,33,96,52,9" hai3="34,58,3,23,124,121,44,8,75,93,53,39,69"/><T107/><D119/><U22/><E108/><V16/><F120/><W49/><G34/><T28/><D130/><U43/><E74/><V68/><F68/><W6/><G124/><T77/><D132/><U64/><E2/><V102/><F33/><W126/><G126/><T92/><D36/><U115/><E115/><V86/><F128/><W79/><G121/><T131/><D131/><U116/><E116/><V29/><F29/><W99/><G69/><T122/><D107/><U26/><E31/><V117/><F117/><W24/><G79/><T0/><D0/><U10/><E64/><V133/><F7/><W127/><G75/><T100/><D122/><U25/><E25/><V106/><F104/><W41/><G127/><T40/><D100/><U45/><E45/><V129/><F112/><W72/><G72/><T113/><D113/><U118/><E118/><V50/><REACH who="2" step="1"/><F129/><REACH who="2" ten="259,280,181,270" step="2"/><W97/><G93/><AGARI ba="0,1" hai="9,12,16,47,50,52,86,89,93,96,102,106,133,134" machi="93" ten="40,8000,1" yaku="1,1,2,1,54,2,53,1" doraHai="123" doraHaiUra="81" who="2" fromWho="3" sc="259,0,280,0,181,90,270,-80" /><INIT seed="5,0,0,1,3,5" ten="259,280,271,190" oya="1" hai0="60,33,80,92,125,9,89,99,88,85,30,43,50" hai1="0,35,34,131,116,25,39,36,47,20,77,118,76" hai2="123,101,42,24,32,2,17,49,67,74,93,100,106" hai3="19,44,132,56,90,91,12,110,27,41,72,108,102"/><U54/><E0/><V10/><F74/><W48/><G72/><T111/><D111/><U70/><E70/><V65/><F106/><W120/><G120/><T83/><D125/><U96/><E96/><V61/><F67/><W37/><G132/><T40/><D33/><U73/><E131/><V81/><F81/><W4/><G102/><T87/><D30/><U97/><E97/><V29/><F93/><W31/><G4/><T107/><D107/><U68/><E68/><V115/><F115/><W130/><G130/><T112/><D112/><U126/><E126/><V28/><F28/><W129/><G129/><T26/><D26/><U84/><E73/><V13/><F2/><W51/><G37/><T124/><D60/><U98/><E98/><V114/><F114/><W52/><G110/><T8/><D124/><U122/><E122/><V109/><F123/><W133/><G133/><T46/><REACH who="0" step="1"/><D43/><REACH who="0" ten="249,280,271,190" step="2"/><U14/><E35/><V64/><F109/><W117/><G108/><T7/><D7/><U58/><E34/><V135/><F135/><W11/><REACH who="3" step="1"/><G117/><REACH who="3" ten="249,280,271,180" step="2"/><T23/><D23/><AGARI ba="0,2" hai="11,12,19,23,27,31,41,44,48,51,52,56,90,91" machi="23" ten="30,12000,2" yaku="1,1,2,1,7,1,8,1,52,1,54,1,53,0" doraHai="5" doraHaiUra="3" who="3" fromWho="0" sc="249,-120,280,0,271,0,180,140" /><INIT seed="6,0,0,0,5,24" ten="129,280,271,320" oya="2" hai0="94,85,71,128,102,60,51,126,34,19,98,46,120" hai1="64,133,11,53,5,29,90,129,100,127,26,37,67" hai2="114,0,69,115,27,121,48,59,74,52,10,107,79" hai3="81,103,21,3,84,15,72,96,54,131,135,22,47"/><V70/><F107/><W57/><G3/><T12/><D120/><U106/><E37/><V13/><F0/><W101/><G72/><T2/><D2/><U116/><E116/><V132/><F121/><W111/><G111/><T80/><D34/><U50/><E129/><V49/><F132/><W124/><G135/><T105/><D126/><U38/><E38/><V95/><F95/><W42/><G124/><T14/><D128/><U110/><E127/><V1/><F1/><W23/><G15/><T32/><D32/><U16/><E5/><V41/><F27/><W77/><G131/><T9/><D105/><U123/><E123/><V43/><F79/><W108/><G96/><T6/><D60/><U119/><E119/><V39/><F74/><W30/><G108/><T89/><D71/><N who="2" m="27146" /><F39/><W56/><G42/><N who="2" m="15881" /><F13/><W65/><G65/><T33/><D33/><U75/><E75/><V20/><F20/><W99/><G99/><T97/><D97/><N who="1" m="61711" /><E110/><V125/><F10/><W4/><G4/><T130/><D130/><U17/><E133/><V8/><F8/><W82/><G82/><T118/><D118/><U7/><E7/><V40/><BYE who="1" /><F125/><W35/><G103/><UN n1="%E3%83%88%E3%83%88%E3%83%AA%E5%85%88%E7%94%9F%31%39%E6%AD%B3" /><T109/><D109/><U83/><E83/><V25/><F25/><N who="3" m="18895" /><G101/><T122/><D122/><U104/><E104/><V87/><F87/><W28/><G21/><T91/><D102/><U58/><E11/><V92/><F92/><W18/><G22/><T117/><D117/><U61/><E17/><V134/><F134/><W36/><G23/><T68/><D19/><U76/><E16/><V113/><F113/><RYUUKYOKU ba="0,0" sc="129,-10,280,-10,271,30,320,-10" hai2="40,48,49,52,59,114,115" /><INIT seed="6,1,0,1,3,130" ten="119,270,301,310" oya="2" hai0="51,40,1,90,134,117,73,68,47,34,76,18,37" hai1="42,124,45,62,30,135,101,21,5,72,92,43,12" hai2="65,113,44,109,25,52,23,112,108,17,57,15,28" hai3="7,36,105,35,39,11,49,41,24,133,81,110,55"/><V27/><F44/><W129/><G110/><N who="2" m="42601" /><F65/><W19/><G129/><T131/><D90/><U107/><E72/><V120/><F120/><W115/><G105/><T46/><D18/><U13/><E107/><V59/><F59/><W96/><G41/><T93/><D93/><U122/><E124/><V95/><F95/><W123/><G96/><T0/><D76/><U94/><E122/><V8/><F27/><W71/><G71/><T31/><D73/><U102/><E45/><V4/><F28/><W61/><G61/><AGARI ba="1,0" hai="4,8,15,17,23,25,52,57,61,112,113" m="42601" machi="61" ten="30,2900,0" yaku="10,1,54,1" doraHai="130" who="2" fromWho="3" sc="119,0,270,0,301,32,310,-32" /><INIT seed="6,2,0,5,4,35" ten="119,270,333,278" oya="2" hai0="88,107,109,3,61,104,24,26,81,46,64,55,29" hai1="100,120,91,127,101,73,79,125,21,117,9,76,34" hai2="4,72,86,133,83,115,102,103,93,78,36,75,57" hai3="113,84,119,49,82,23,63,112,32,118,123,16,59"/><V80/><F36/><W99/><G32/><T30/><D109/><U128/><E34/><V43/><F43/><W68/><G68/><T70/><D46/><U45/><E117/><V22/><F57/><W131/><G99/><T33/><D55/><U60/><E120/><V51/><F51/><W47/><G123/><T94/><D81/><U20/><E128/><V132/><F4/><W1/><G1/><T8/><D26/><U66/><E91/><N who="2" m="51679" /><F22/><N who="1" m="8809" /><E9/><V15/><F15/><N who="3" m="9631" /><G131/><T38/><D29/><U130/><E45/><V0/><F0/><W105/><G105/><T106/><D38/><U6/><E6/><V85/><F115/><N who="3" m="44107" /><G59/><T37/><D37/><U7/><E7/><V42/><F42/><N who="3" m="24823" /><G63/><T11/><REACH who="0" step="1"/><D3/><REACH who="0" ten="109,270,333,278" step="2"/><U5/><E130/><V74/><F93/><W129/><G129/><T110/><D110/><U134/><E127/><V65/><F65/><W111/><G111/><T48/><D48/><U44/><E125/><V56/><F56/><W67/><G67/><T54/><D54/><U95/><E44/><V13/><F13/><W96/><G119/><T27/><D27/><U98/><E66/><V116/><F116/><W122/><G118/><T40/><D40/><U62/><E62/><V18/><F18/><W135/><G122/><T92/><D92/><U90/><E60/><V31/><F31/><W126/><G126/><T2/><D2/><U53/><E5/><V69/><F69/><W19/><G19/><T50/><D50/><U114/><E114/><V108/><F108/><W124/><G124/><T10/><D10/><U89/><E95/><V25/><F25/><RYUUKYOKU ba="2,1" sc="109,15,270,-15,333,15,278,-15" hai0="8,11,24,30,33,61,64,70,88,94,104,106,107" hai2="72,74,75,78,80,85,102,103,132,133" /><INIT seed="6,3,1,2,1,34" ten="124,255,348,263" oya="2" hai0="48,37,75,26,110,35,108,70,22,128,38,49,123" hai1="115,31,81,131,41,87,61,106,50,125,86,59,88" hai2="29,134,1,13,58,84,80,97,120,27,5,64,47" hai3="99,83,62,105,57,2,96,67,112,65,36,72,55"/><V126/><F134/><W135/><G135/><T25/><D75/><U91/><E106/><V15/><F126/><W0/><G36/><T124/><D35/><U17/><E125/><V90/><F47/><W104/><G112/><T98/><D124/><U117/><E117/><V46/><F46/><W32/><G32/><T44/><D70/><U107/><E107/><V7/><F7/><W121/><G121/><T68/><D68/><U53/><E115/><V33/><F120/><W60/><G83/><T56/><D123/><U39/><E39/><V76/><F97/><W54/><G57/><T66/><D128/><U101/><E131/><V21/><F76/><W73/><AGARI ba="3,1" hai="0,2,54,55,60,62,65,67,72,73,96,99,104,105" machi="73" ten="25,8000,1" yaku="0,1,22,2,52,2" doraHai="34" who="3" fromWho="3" sc="124,-23,255,-23,348,-43,263,99" /><INIT seed="7,0,0,1,1,26" ten="101,232,305,362" oya="3" hai0="115,65,76,32,63,27,50,5,8,114,108,13,66" hai1="41,106,11,62,28,89,60,47,3,43,20,33,49" hai2="102,75,15,64,40,35,121,30,67,56,48,79,21" hai3="96,127,59,19,25,123,38,128,84,0,103,99,110"/><W52/><G123/><T72/><D108/><U54/><E33/><V83/><F35/><W86/><G38/><T44/><D76/><U122/><E122/><V98/><F121/><W117/><G117/><T53/><D72/><U6/><E106/><V55/><F40/><W85/><G127/><T132/><D132/><U42/><E89/><V12/><F67/><W1/><G128/><T9/><D9/><U16/><E28/><V68/><F64/><W29/><G19/><T97/><D97/><U22/><E22/><V46/><F46/><W51/><G110/><T57/><D57/><U88/><E88/><V7/><F68/><W36/><G36/><T109/><D63/><U80/><E80/><V81/><F81/><W133/><G133/><T14/><D14/><U125/><E125/><V24/><REACH who="2" step="1"/><F7/><REACH who="2" ten="101,232,295,362" step="2"/><W124/><G124/><T111/><D111/><U120/><REACH who="1" step="1"/><E120/><REACH who="1" ten="101,222,295,362" step="2"/><V112/><F112/><W126/><G126/><T58/><D109/><U18/><E18/><V92/><AGARI ba="0,2" hai="12,15,21,24,30,48,55,56,75,79,83,92,98,102" machi="92" ten="20,5200,0" yaku="1,1,0,1,7,1,52,1,53,0" doraHai="26" doraHaiUra="119" who="2" fromWho="2" sc="101,-13,222,-13,295,72,362,-26" owari="88,-41.0,209,-19.0,367,46.0,336,14.0" /></mjloggm>