<mjloggm ver="2.3"><GO type="169" lobby="0"/><UN n0="%E3%81%B9%E3%81%91%E3%82%93" n1="%E3%82%A6%E3%83%AB%E3%83%88%E3%83%A9%E7%AB%8B%E7%9B%B4" n2="%E3%82%AE%E3%82%AC%E3%83%9E%E3%82%A4%E3%83%B3" n3="%3E%5F%30%40%E6%9D%8F%E6%9D%8F%E8%BB%8D%E5%9C%98" dan="16,17,17,17" rate="2100.63,2148.51,2156.15,2098.39" sx="M,M,M,F"/><TAIKYOKU oya="0"/><INIT seed="0,0,0,5,0,75" ten="250,250,250,250" oya="0" hai0="132,87,25,0,5,86,62,28,101,61,66,96,81" hai1="131,104,49,98,33,23,39,36,42,78,116,109,58" hai2="12,64,53,19,47,99,70,119,83,59,107,80,1" hai3="129,14,38,24,3,134,97,7,69,110,10,113,71"/><T27/><D132/><U127/><E33/><V17/><F119/><W65/><G113/><T11/><D86/><U54/><E116/><V94/><F1/><W43/><G134/><T50/><D50/><U20/><E109/><V125/><F125/><W34/><G110/><T37/><D37/><U106/><E127/><V91/><F107/><W77/><G129/><T88/><D28/><U92/><E131/><V67/><F47/><W82/><G97/><T56/><REACH who="0" step="1"/><D62/><REACH who="0" ten="240,250,250,250" step="2"/><N who="1" m="36183" /><E39/><V90/><F99/><W55/><G38/><T130/><D130/><U63/><E63/><V16/><F83/><W133/><G82/><T48/><D48/><U108/><E49/><V89/><F80/><W8/><G133/><T35/><D35/><U32/><E32/><V121/><F121/><W112/><G34/><T102/><D102/><U18/><E36/><V31/><F31/><W13/><G112/><T100/><D100/><U123/><E108/><V72/><F72/><W114/><G114/><T95/><AGARI ba="0,1" hai="0,5,11,25,27,56,61,66,81,87,88,95,96,101" machi="95" ten="20,7800,0" yaku="1,1,0,1,7,1,54,1,53,0" doraHai="75" doraHaiUra="45" who="0" fromWho="0" sc="240,88,250,-26,250,-26,250,-26" /><INIT seed="0,1,0,1,4,26" ten="328,224,224,224" oya="0" hai0="113,78,73,29,4,34,76,56,72,18,16,1,40" hai1="96,91,24,31,6,124,62,46,52,109,11,42,101" hai2="86,127,112,12,30,117,88,104,102,60,115,107,43" hai3="10,35,121,8,123,114,50,2,19,131,83,63,133"/><T57/><D113/><U89/><E109/><V47/><F127/><W95/><G114/><T9/><D40/><U103/><E124/><V100/><F117/><W68/><G131/><T111/><D111/><U120/><E120/><V49/><F12/><W66/><G35/><T130/><D130/><U108/><E108/><V64/><F102/><W105/><G105/><T71/><D71/><U132/><E132/><V77/><F77/><W122/><G133/><T5/><D34/><U54/><E91/><V14/><F104/><W84/><G2/><T37/><D1/><U128/><E89/><V23/><F100/><W118/><G95/><T90/><D90/><U39/><E128/><V48/><F48/><W87/><G118/><T134/><D134/><U61/><E61/><V135/><F107/><W51/><G84/><T58/><D58/><U92/><E62/><V13/><F135/><W116/><G116/><T79/><D79/><U110/><E103/><V69/><F14/><N who="3" m="7623" /><G10/><T44/><D9/><U15/><REACH who="1" step="1"/><E110/><REACH who="1" ten="328,214,224,224" step="2"/><V20/><F115/><W59/><G68/><T106/><D72/><U97/><E97/><V3/><F112/><W129/><G129/><T27/><D73/><U65/><E65/><V0/><F88/><AGARI ba="1,1" hai="50,51,59,63,66,83,87,88,121,122,123" m="7623" machi="88" ten="30,2000,0" yaku="13,1,54,1" doraHai="26" who="3" fromWho="2" sc="328,0,214,0,224,-23,224,33" /><INIT seed="1,0,0,4,1,135" ten="328,214,201,257" oya="1" hai0="47,101,97,71,23,60,27,11,82,93,125,29,95" hai1="110,21,50,75,18,77,69,7,102,115,118,34,55" hai2="64,92,123,61,22,31,83,99,119,5,90,106,81" hai3="2,68,66,104,14,103,42,107,32,62,10,57,122"/><U112/><E34/><V38/><F123/><W111/><G2/><T53/><D82/><U114/><E118/><V6/><F119/><W70/><G122/><T120/><D120/><U91/><E69/><V45/><F106/><W80/><G32/><T130/><D130/><U133/><E133/><V39/><F39/><W86/><G111/><T132/><D132/><U26/><E110/><V127/><F127/><W3/><G3/><T41/><D125/><U113/><E113/><V9/><F38/><W89/><G42/><T37/><D11/><U58/><E102/><V54/><F54/><W44/><G44/><T121/><D121/><U48/><E7/><V124/><F45/><W25/><G25/><T116/><D116/><U4/><E4/><V52/><F124/><W98/><G104/><T15/><D15/><U105/><E105/><V40/><F40/><W1/><G1/><T129/><D129/><U94/><E77/><V35/><F35/><W117/><G117/><T56/><D71/><U36/><E75/><V134/><F134/><W88/><REACH who="3" step="1"/><G89/><REACH who="3" ten="328,214,201,247" step="2"/><T51/><D37/><U96/><REACH who="1" step="1"/><E36/><REACH who="1" ten="328,204,201,247" step="2"/><V46/><F90/><W85/><G85/><T16/><D101/><U78/><E78/><V84/><F84/><W24/><G24/><T13/><D97/><U63/><AGARI ba="0,2" hai="18,21,26,48,50,55,58,63,91,94,96,112,114,115" machi="63" ten="30,11700,0" yaku="1,1,0,1,25,2,53,0" doraHai="135" doraHaiUra="28" who="1" fromWho="1" sc="328,-39,204,137,201,-39,247,-39" /><INIT seed="1,1,0,2,5,64" ten="289,341,162,208" oya="1" hai0="15,81,57,6,0,116,45,124,105,111,46,23,53" hai1="8,97,115,59,43,9,114,49,26,94,127,48,74" hai2="77,28,100,78,54,1,39,113,42,36,3,126,13" hai3="99,121,29,79,60,62,33,20,131,30,88,132,92"/><U47/><E74/><V69/><F126/><W98/><G121/><T44/><D116/><U17/><E127/><V85/><F113/><W107/><G33/><T41/><D124/><U130/><E130/><V129/><F129/><W91/><G131/><T80/><D105/><U51/><E115/><V120/><F120/><W19/><G132/><T86/><D111/><U106/><E106/><V133/><F133/><W5/><G5/><T50/><D0/><U14/><E114/><V11/><F28/><N who="3" m="10859" /><G79/><T16/><D6/><U65/><E26/><V68/><F100/><W104/><G107/><T22/><D22/><U96/><E9/><V52/><F42/><W110/><G110/><T117/><D117/><U58/><E96/><N who="3" m="36906" /><G104/><T56/><D56/><N who="1" m="21547" /><E65/><V95/><F95/><W93/><G93/><T70/><D70/><U128/><E128/><V90/><F85/><N who="3" m="52239" /><G91/><AGARI ba="1,0" hai="8,14,17,43,47,48,49,51,91,94,97" m="21547" machi="91" ten="30,1500,0" yaku="8,1" doraHai="64" who="1" fromWho="3" sc="289,0,341,18,162,0,208,-18" /><INIT seed="1,2,0,2,2,132" ten="289,359,162,190" oya="1" hai0="84,40,59,79,105,82,22,99,12,35,16,38,68" hai1="43,20,64,58,7,121,70,117,1,116,134,24,76" hai2="2,44,13,120,31,74,66,50,135,107,81,89,39" hai3="113,51,93,57,97,96,103,48,71,78,133,91,112"/><U75/><E70/><V119/><F120/><W65/><G71/><T127/><D35/><U19/><E121/><V104/><F119/><W4/><G133/><T46/><D68/><U122/><E122/><V29/><F135/><W92/><G78/><T126/><REACH who="0" step="1"/><D59/><REACH who="0" ten="279,359,162,190" step="2"/><U86/><E58/><V10/><F44/><W47/><G113/><T67/><D67/><U85/><E64/><V17/><F66/><W94/><G112/><T8/><D8/><U77/><E134/><V101/><F10/><W118/><G118/><T54/><D54/><U108/><E117/><V60/><F107/><W73/><G65/><T5/><D5/><U100/><E116/><V130/><F104/><W30/><G57/><T33/><D33/><U55/><E55/><V129/><F130/><W63/><G47/><T32/><D32/><U72/><E7/><V42/><F129/><W62/><G62/><T21/><D21/><U95/><E20/><V111/><F60/><W15/><G63/><T34/><D34/><U27/><E108/><V52/><F111/><W45/><G4/><T3/><D3/><U11/><E11/><V14/><F2/><W110/><G45/><T90/><D90/><U123/><E1/><V83/><F89/><W6/><G110/><T36/><D36/><U9/><E9/><V23/><F52/><W131/><G131/><T102/><AGARI ba="2,1" hai="12,16,22,38,40,46,79,82,84,99,102,105,126,127" machi="102" ten="30,8000,1" yaku="1,1,0,1,52,2,54,1,53,0" doraHai="132" doraHaiUra="26" who="0" fromWho="0" sc="279,96,359,-42,162,-22,190,-22" /><INIT seed="2,0,0,3,0,127" ten="375,317,140,168" oya="2" hai0="42,75,61,120,14,87,130,8,115,22,19,11,69" hai1="101,119,113,31,40,48,96,86,133,12,79,88,102" hai2="26,117,39,43,118,21,90,38,112,23,95,134,58" hai3="108,93,74,15,131,59,103,34,116,85,2,76,10"/><V20/><F112/><W81/><G2/><T105/><D120/><U100/><E119/><V18/><F134/><W55/><G116/><T66/><D75/><U62/><E113/><V1/><F1/><W99/><G34/><T97/><D115/><U128/><E31/><V70/><F70/><W132/><G132/><T13/><D42/><U27/><E27/><V54/><F38/><W94/><G108/><T110/><D110/><U122/><E133/><V67/><F67/><W104/><G131/><T5/><D130/><U109/><E128/><V72/><F72/><W125/><G125/><T24/><D87/><U0/><E0/><V98/><F43/><W73/><G73/><T50/><D50/><U123/><E62/><V91/><F39/><W36/><G36/><T129/><D129/><U63/><E63/><V6/><F6/><W83/><G83/><T45/><D45/><N who="1" m="25639" /><E109/><V17/><F23/><W28/><G28/><T71/><D71/><U46/><E46/><V124/><F124/><W77/><G77/><T56/><D69/><U53/><E53/><V52/><F54/><W80/><G80/><T25/><D8/><U4/><E79/><V89/><F118/><W107/><G107/><T16/><D5/><U126/><E126/><V65/><F65/><W106/><G106/><T35/><D35/><U135/><E135/><V111/><F111/><W57/><G74/><T51/><D51/><U30/><E123/><V41/><F41/><W32/><G32/><T82/><D82/><U92/><E122/><V49/><F117/><W121/><G121/><T84/><D84/><RYUUKYOKU ba="0,0" sc="375,15,317,-15,140,15,168,-15" hai0="11,13,14,16,19,22,24,25,56,61,66,97,105" hai2="17,18,20,21,26,49,52,58,89,90,91,95,98" /><INIT seed="2,1,0,2,4,45" ten="390,302,155,153" oya="2" hai0="94,108,134,131,48,129,125,109,19,60,112,69,117" hai1="8,1,58,100,40,13,30,80,89,126,102,11,66" hai2="79,9,38,71,14,116,28,17,132,26,25,64,121" hai3="2,119,31,16,105,96,73,34,135,93,23,55,92"/><V61/><F121/><W85/><G119/><T59/><D19/><U5/><E126/><V86/><F116/><W120/><G120/><T104/><D104/><U88/><E30/><V53/><F132/><W52/><G73/><T133/><D94/><U22/><E22/><V65/><F38/><W24/><G2/><T130/><D117/><U115/><E115/><V70/><F28/><W20/><G34/><T36/><D112/><U72/><E72/><V6/><F6/><W78/><G105/><T127/><D36/><U110/><E110/><N who="0" m="42601" /><D48/><U0/><E40/><V90/><F79/><W44/><G135/><N who="0" m="51723" /><D69/><U57/><E80/><V62/><REACH who="2" step="1"/><F53/><AGARI ba="1,0" hai="53,59,60,125,127,129,130,131" m="51723,42601" machi="53" ten="40,12000,2" yaku="30,2,19,1,14,1,20,1,34,2" doraHai="45" who="0" fromWho="2" sc="390,123,302,0,155,-123,153,0" /><INIT seed="3,0,0,5,1,132" ten="513,302,32,153" oya="3" hai0="47,86,67,36,107,97,94,53,115,59,127,64,17" hai1="12,2,112,111,56,116,0,130,61,129,11,44,13" hai2="90,32,26,126,28,1,121,25,105,6,83,87,48" hai3="22,80,69,23,15,101,93,63,120,55,119,84,134"/><W24/><G119/><T43/><D115/><U85/><E112/><V74/><F105/><W135/><G120/><T124/><D17/><N who="1" m="8351" /><E116/><V92/><F121/><W46/><G15/><T123/><D86/><U95/><E44/><V40/><F26/><W70/><G23/><T71/><D107/><U39/><E39/><V27/><F27/><W113/><G113/><T104/><D104/><U106/><E106/><V29/><F29/><W42/><G55/><T21/><D21/><U4/><E111/><V77/><F40/><W10/><G10/><T98/><D123/><U100/><E13/><V73/><F48/><W34/><G34/><T38/><D38/><U50/><E50/><V118/><F118/><W133/><G63/><T9/><D9/><U125/><E4/><V52/><F6/><W96/><G46/><T68/><D68/><U122/><E122/><V60/><F1/><W37/><G42/><T72/><D72/><U78/><E56/><V31/><F31/><N who="3" m="17815" /><G37/><T102/><D71/><U114/><E61/><V5/><F5/><W20/><G20/><T117/><D117/><U14/><E14/><V8/><F8/><W108/><G108/><T131/><D131/><N who="1" m="50187" /><E114/><V3/><F3/><W49/><G49/><N who="0" m="31151" /><D97/><N who="1" m="59455" /><E2/><V103/><F60/><W51/><G51/><T33/><D33/><U76/><E0/><V110/><F110/><W88/><AGARI ba="0,0" hai="69,70,80,84,88,93,96,101,133,134,135" m="17815" machi="88" ten="30,3000,0" yaku="20,1,54,1" doraHai="132" who="3" fromWho="3" sc="513,-10,302,-10,32,-10,153,30" /><INIT seed="3,1,0,4,2,107" ten="503,292,22,183" oya="3" hai0="127,101,32,3,8,42,133,73,37,74,1,130,58" hai1="65,0,47,111,30,77,109,26,40,82,126,72,89" hai2="125,105,13,102,36,60,18,9,62,100,80,70,16" hai3="121,71,120,64,83,86,44,87,10,67,88,92,119"/><W103/><G119/><T94/><D58/><U28/><E126/><V114/><F125/><W91/><G103/><T118/><D94/><U123/><E123/><V27/><F114/><W5/><G44/><T98/><D127/><U132/><E132/><V90/><F36/><W78/><G67/><T48/><D48/><U75/><E65/><V99/><F70/><W7/><G7/><T131/><D118/><U29/><E89/><V49/><F102/><W84/><G64/><T50/><D50/><U52/><E0/><V97/><F49/><W129/><G71/><T54/><D54/><U21/><E72/><N who="0" m="27753" /><D32/><U116/><E116/><V53/><F53/><W134/><G129/><N who="0" m="49163" /><D8/><U39/><REACH who="1" step="1"/><E52/><REACH who="1" ten="503,282,22,183" step="2"/><V25/><F90/><W57/><G134/><T38/><D133/><U31/><AGARI ba="1,1" hai="21,26,28,29,30,31,39,40,47,75,77,82,109,111" machi="31" ten="30,8000,1" yaku="1,1,2,1,0,1,52,1,53,1" doraHai="107" doraHaiUra="79" who="1" fromWho="1" sc="503,-21,282,93,22,-21,183,-41" /><INIT seed="4,0,0,5,4,88" ten="482,375,1,142" oya="0" hai0="81,113,72,77,93,26,104,96,108,110,114,73,75" hai1="11,56,58,95,100,31,78,60,91,25,7,68,112" hai2="97,65,135,82,133,32,0,39,117,45,66,90,89" hai3="19,27,67,123,71,37,128,83,86,120,64,13,9"/><T6/><D6/><U119/><E119/><V106/><F32/><W98/><G37/><T36/><D36/><U21/><E112/><N who="0" m="43113" /><D26/><U105/><E78/><V116/><F0/><W2/><G128/><T103/><D104/><U51/><E105/><V87/><F39/><W44/><G44/><T85/><AGARI ba="0,0" hai="72,73,75,77,81,85,93,96,103,108,110" m="43113" machi="85" ten="40,12000,1" yaku="15,1,34,2,52,1" doraHai="88" who="0" fromWho="0" sc="482,120,375,-40,1,-40,142,-40" owari="602,70.0,335,14.0,-39,-54.0,102,-30.0" /></mjloggm>