<mjloggm ver="2.3"><GO type="169" lobby="0"/><UN n0="%3D%4A%61%6D" n1="%E5%B0%B1%E6%B4%BB%E7%94%9F%40%E5%B7%9D%E6%9D%91%E8%BB%8D%E5%9B%A3" n2="%E8%B5%A4%E7%A5%9E%E9%A2%A8%E9%9B%B2" n3="%E3%83%A6%E3%83%AA%E3%82%A2" dan="17,17,16,16" rate="2202.65,2233.98,2109.06,2151.28" sx="M,M,M,F"/><TAIKYOKU oya="0"/><INIT seed="0,0,0,0,4,28" ten="250,250,250,250" oya="0" hai0="132,93,125,117,18,91,0,131,19,44,109,37,3" hai1="108,43,114,45,48,52,130,49,92,67,82,20,118" hai2="57,9,85,50,56,100,16,127,78,94,32,21,64" hai3="76,115,63,126,80,72,106,74,35,105,46,30,79"/><T47/><D117/><U90/><E118/><V123/><F123/><W10/><G115/><T69/><D69/><U1/><E1/><V26/><F127/><W119/><G119/><T99/><D37/><U22/><E130/><V41/><F57/><W53/><G10/><T2/><D125/><U84/><E114/><V24/><F9/><W116/><G116/><T121/><D121/><U81/><E67/><V112/><F112/><W8/><G8/><T62/><D131/><U88/><E108/><V14/><F64/><W58/><G46/><T25/><D132/><U7/><E7/><V13/><F13/><W11/><G11/><T111/><D62/><U102/><E102/><V133/><F133/><W89/><G89/><T124/><D124/><U68/><E68/><V77/><F77/><W55/><G53/><T83/><D83/><U38/><E38/><V70/><F70/><W5/><G5/><T101/><D91/><U107/><E107/><V110/><F110/><N who="0" m="41994" /><D25/><U87/><E92/><V135/><F135/><W12/><G12/><T113/><D113/><U75/><E75/><V15/><F100/><W134/><G134/><T103/><D103/><U54/><E43/><V120/><F120/><W98/><G126/><T73/><D73/><U39/><E39/><V96/><F24/><N who="3" m="18887" /><G98/><T128/><D128/><U17/><E17/><AGARI ba="0,0" hai="0,2,3,17,18,19,44,47,93,99,101" m="41994" machi="17" ten="40,3900,0" yaku="14,1,10,1" doraHai="28" who="0" fromWho="1" sc="250,39,250,-39,250,0,250,0" /><INIT seed="0,1,0,3,1,127" ten="289,211,250,250" oya="0" hai0="108,126,0,81,99,42,97,93,128,86,132,18,65" hai1="113,13,74,123,28,7,87,26,125,46,85,117,124" hai2="129,71,38,9,29,89,44,8,66,107,25,54,43" hai3="101,55,61,15,78,94,133,14,104,79,39,95,30"/><T49/><D126/><N who="1" m="48747" /><E74/><V47/><F107/><W50/><G39/><T21/><D0/><U90/><E117/><V10/><F89/><W119/><G119/><T114/><D114/><U110/><E123/><V53/><F47/><W83/><G30/><T106/><D132/><U88/><E110/><V63/><REACH who="2" step="1"/><F129/><REACH who="2" ten="289,211,240,250" step="2"/><W34/><G104/><T40/><D106/><U70/><E46/><V100/><F100/><W56/><G133/><T31/><D128/><U24/><E113/><V116/><F116/><W41/><G79/><T59/><D108/><U16/><E70/><V131/><F131/><W52/><G101/><T12/><D42/><U73/><E73/><V2/><F2/><W84/><G41/><T45/><D93/><N who="3" m="35337" /><G34/><AGARI ba="1,1" hai="8,9,10,25,29,34,38,43,44,53,54,63,66,71" machi="34" ten="40,8000,1" yaku="1,1,53,3" doraHai="127" doraHaiUra="4" who="2" fromWho="3" sc="289,0,211,0,240,93,250,-83" /><INIT seed="1,0,0,2,0,94" ten="289,211,333,167" oya="1" hai0="90,17,120,62,10,3,131,129,135,126,81,40,65" hai1="116,130,86,105,99,60,132,51,26,66,52,82,13" hai2="68,20,109,101,61,117,7,72,113,93,12,115,27" hai3="35,38,5,45,85,57,111,76,92,1,14,8,133"/><U134/><E116/><V41/><F117/><W83/><G111/><T123/><D40/><U0/><E0/><V47/><F72/><W46/><G133/><N who="1" m="51306" /><E26/><V78/><F78/><W96/><G35/><T98/><D135/><U48/><E130/><N who="0" m="49673" /><D126/><U16/><E66/><V91/><F101/><W104/><G104/><T24/><D24/><U121/><E121/><N who="0" m="46665" /><D3/><U34/><E34/><V22/><F22/><W42/><G1/><T103/><D17/><U6/><E6/><V25/><F25/><W102/><G57/><N who="0" m="37071" /><D10/><N who="1" m="6199" /><E60/><V32/><F61/><W56/><G56/><T33/><D33/><U124/><E124/><V43/><F32/><W73/><REACH who="3" step="1"/><G46/><REACH who="3" ten="289,211,333,157" step="2"/><T114/><D114/><U87/><E51/><V74/><F47/><W64/><G64/><T37/><D37/><U53/><E48/><V11/><F115/><W44/><G44/><T58/><D58/><U49/><E49/><V77/><F113/><W15/><G15/><T55/><D55/><N who="1" m="21067" /><E82/><V108/><F108/><W21/><G21/><T70/><D81/><U23/><E23/><V106/><F20/><W31/><G31/><T59/><D59/><U97/><E105/><V122/><F106/><W50/><G50/><T107/><D70/><U67/><E67/><V75/><F68/><W4/><G4/><T95/><D107/><U18/><E18/><V69/><F69/><W30/><G30/><T100/><AGARI ba="0,1" hai="90,95,98,100,103" m="37071,46665,49673" machi="100" ten="40,5200,0" yaku="19,1,13,1,52,1" doraHai="94" who="0" fromWho="0" sc="289,62,211,-26,333,-13,157,-13" /><INIT seed="2,0,0,5,0,116" ten="351,185,320,144" oya="2" hai0="40,85,92,24,72,87,3,110,51,93,11,113,120" hai1="129,0,58,126,56,66,111,12,106,27,20,59,26" hai2="34,47,100,108,63,98,49,18,96,75,125,95,16" hai3="14,35,37,109,13,71,99,57,38,132,123,60,31"/><V36/><F36/><W73/><G73/><T74/><D113/><U134/><E0/><V119/><F119/><W127/><G109/><T30/><D110/><U22/><E106/><V52/><F108/><W131/><G71/><T70/><D70/><U89/><E111/><V67/><F34/><W21/><G35/><T50/><D11/><U118/><E118/><V102/><F75/><W4/><G132/><T114/><D24/><U64/><E126/><V97/><F125/><W117/><G131/><T84/><D3/><U128/><E12/><V86/><F86/><W101/><G117/><T91/><D40/><U33/><E33/><V10/><F10/><W61/><G61/><T41/><D41/><U5/><E89/><V135/><F135/><W83/><G83/><T39/><D87/><U124/><E5/><V62/><F97/><W88/><G38/><T55/><D39/><U130/><E134/><V107/><F63/><W15/><G37/><T29/><D55/><U65/><REACH who="1" step="1"/><E124/><REACH who="1" ten="351,175,320,144" step="2"/><V42/><F42/><W19/><G127/><T32/><D32/><U8/><E8/><V81/><F81/><W112/><G4/><T103/><D114/><U77/><E77/><V78/><F78/><W2/><G2/><T104/><D91/><U28/><E28/><V94/><REACH who="2" step="1"/><F107/><REACH who="2" ten="351,175,310,144" step="2"/><W1/><G112/><T44/><D104/><U43/><E43/><V80/><F80/><W7/><G1/><T79/><D79/><U6/><E6/><V82/><F82/><W45/><G7/><T46/><D103/><U69/><E69/><AGARI ba="0,2" hai="16,18,47,49,52,62,67,69,94,95,96,98,100,102" machi="69" ten="30,18000,2" yaku="1,1,7,1,9,1,54,2,53,1" doraHai="116" doraHaiUra="48" who="2" fromWho="1" sc="351,0,175,-180,310,200,144,0" owari="351,15.0,-5,-51.0,510,62.0,144,-26.0" /></mjloggm>