<mjloggm ver="2.3"><GO type="169" lobby="0"/><UN n0="%E6%81%8B%E6%96%87" n1="%E4%B8%8D%E8%81%B4%E3%81%B1%E3%81%BF%E3%82%85%E3%81%B1%E3%81%BF%E3%82%85" n2="%E7%A2%BA%E8%AA%8D%E4%BA%8B%E9%A0%85" n3="%E3%82%A6%E3%83%AB%E3%83%88%E3%83%A9%E7%AB%8B%E7%9B%B4" dan="16,16,16,18" rate="2136.96,2124.02,2151.86,2150.42" sx="M,M,M,M"/><TAIKYOKU oya="0"/><INIT seed="0,0,0,3,2,19" ten="250,250,250,250" oya="0" hai0="34,107,60,129,0,76,35,133,79,47,84,27,131" hai1="132,32,61,118,50,25,106,49,7,108,121,67,38" hai2="22,1,37,122,24,15,39,69,46,104,29,74,3" hai3="57,63,115,75,103,64,53,5,127,11,9,40,112"/><T95/><D107/><U56/><E121/><V80/><F122/><W105/><G75/><T110/><D0/><U18/><E118/><V28/><F69/><W33/><G33/><T2/><D2/><U52/><E106/><V114/><F114/><W13/><G127/><T111/><D133/><U125/><E125/><V10/><F104/><W4/><G40/><T17/><D47/><U8/><E38/><V117/><F117/><W23/><G103/><T21/><D60/><U44/><E108/><N who="0" m="41513" /><D95/><U71/><E132/><V116/><F116/><W97/><G105/><T89/><D89/><U31/><E18/><V73/><F29/><W126/><G126/><T14/><D84/><U83/><E83/><V58/><F58/><W59/><G97/><T119/><D119/><U78/><E78/><N who="0" m="29737" /><D27/><U55/><E44/><V113/><F80/><W86/><G86/><T92/><D92/><U77/><E77/><V109/><F109/><W88/><G88/><T20/><D20/><U66/><E50/><V81/><F81/><W68/><G23/><T90/><D90/><U134/><E134/><V101/><F46/><W36/><G36/><T45/><D45/><U42/><E49/><V30/><F39/><W102/><G102/><T54/><D54/><U12/><E42/><V82/><F37/><W120/><G120/><T65/><D65/><U70/><E55/><V135/><F135/><W16/><G64/><T124/><D124/><U26/><E26/><V130/><F24/><W100/><G53/><T91/><D91/><U128/><E67/><V87/><F87/><W48/><G63/><RYUUKYOKU ba="0,0" sc="250,30,250,-10,250,-10,250,-10" hai0="14,17,21,34,35,129,131" /><INIT seed="0,1,0,3,2,78" ten="280,240,240,240" oya="0" hai0="37,120,2,10,69,13,36,118,83,43,3,60,71" hai1="100,26,132,90,53,101,102,76,56,7,40,31,54" hai2="105,52,46,16,63,48,18,39,111,112,21,77,8" hai3="66,114,42,107,67,50,82,55,128,34,79,94,25"/><T45/><D118/><U12/><E132/><V85/><F112/><W64/><G107/><T47/><D120/><U17/><E40/><V86/><F111/><W20/><G114/><T87/><D60/><U32/><E76/><V72/><F105/><W65/><G128/><T108/><D108/><U68/><E68/><V49/><F39/><W125/><G125/><T27/><D27/><U124/><E124/><V95/><F63/><W97/><G34/><T74/><D87/><U33/><E33/><V70/><F70/><N who="0" m="26634" /><D13/><U73/><E73/><V84/><F8/><W134/><G134/><T119/><D119/><U88/><E7/><V113/><F113/><W96/><N who="3" m="16384" /><DORA hai="133" /><W41/><G97/><T22/><D22/><U135/><E135/><V35/><F35/><W51/><G51/><T91/><D91/><U4/><E4/><V104/><F104/><W122/><G122/><T130/><D10/><U62/><REACH who="1" step="1"/><E54/><REACH who="1" ten="280,230,240,240" step="2"/><V109/><F52/><W59/><G42/><N who="0" m="22727" /><D130/><U117/><E117/><V38/><F77/><AGARI ba="1,1" hai="2,3,37,43,47,74,77,83" m="22727,26634" machi="77" ten="30,5800,0" yaku="33,2,52,1" doraHai="78,133" who="0" fromWho="2" sc="280,71,230,0,240,-61,240,0" /><INIT seed="0,2,0,3,0,28" ten="351,230,179,240" oya="0" hai0="42,27,52,122,111,22,123,76,20,6,133,21,0" hai1="67,125,99,83,92,40,109,63,121,8,7,15,45" hai2="14,135,103,96,89,85,120,90,41,110,11,49,36" hai3="56,5,108,25,57,32,46,116,55,113,16,104,18"/><T106/><D106/><U129/><E109/><V107/><F120/><W73/><G113/><T2/><D42/><U31/><E129/><V86/><F110/><W94/><G104/><T124/><D111/><U105/><E125/><V75/><F135/><W38/><G116/><T53/><D76/><U30/><E121/><N who="0" m="46089" /><D27/><U84/><E105/><V64/><F75/><W58/><G108/><T70/><D70/><U119/><E119/><V127/><F127/><W59/><G73/><T35/><D124/><U66/><E92/><V33/><F33/><W51/><G5/><T78/><D78/><U79/><E99/><V62/><F36/><W82/><G82/><T101/><D6/><U114/><E114/><V93/><F41/><W69/><G69/><T24/><D24/><U17/><E17/><V134/><F134/><W23/><G32/><T126/><D101/><U130/><E130/><V131/><F131/><W77/><G77/><T102/><D102/><U88/><E79/><V47/><F89/><W37/><N who="3" m="14336" /><DORA hai="97" /><W10/><REACH who="3" step="1"/><G94/><REACH who="3" ten="351,230,179,230" step="2"/><T54/><D35/><U13/><E83/><V115/><F115/><W81/><G81/><T98/><D126/><U48/><E63/><V3/><F62/><W19/><G19/><T117/><D117/><U34/><E34/><V91/><F107/><W95/><G95/><T9/><D133/><U118/><E118/><V29/><F93/><W132/><G132/><T65/><D65/><N who="1" m="24587" /><E31/><V87/><F29/><W39/><G39/><T80/><D80/><N who="1" m="49159" /><E30/><V50/><F64/><W100/><G100/><T43/><D98/><U68/><E68/><RYUUKYOKU ba="2,1" sc="351,-15,230,15,179,-15,230,15" hai1="7,8,13,15,40,45,48" hai3="10,16,18,23,25,37,38,46,51,55" /><INIT seed="1,3,1,1,1,44" ten="336,245,164,245" oya="1" hai0="97,18,47,105,63,73,49,96,35,92,37,129,125" hai1="30,89,26,106,4,77,27,52,110,86,23,116,93" hai2="101,22,43,98,31,17,19,70,29,120,68,55,51" hai3="113,59,102,60,118,8,1,84,64,16,71,82,57"/><U81/><E116/><V128/><F128/><W58/><G113/><T36/><D73/><U45/><E110/><V9/><F120/><W3/><G118/><T13/><D35/><U62/><E106/><V95/><F43/><W119/><G119/><T75/><D75/><U135/><E4/><V7/><F68/><W21/><G102/><T127/><D129/><U2/><E2/><V115/><F70/><W54/><G8/><T114/><D63/><U90/><E135/><V133/><F115/><W103/><G103/><T112/><D97/><U111/><E111/><V10/><F133/><W38/><G38/><T11/><D105/><U108/><E108/><V91/><F101/><W0/><G71/><T40/><D112/><U99/><E27/><V78/><F78/><W87/><G64/><T121/><D114/><U41/><E90/><V131/><F131/><W94/><G94/><T28/><D28/><N who="2" m="10826" /><F7/><W100/><G100/><N who="0" m="60423" /><D121/><U32/><E32/><V48/><F19/><W130/><G130/><T50/><D37/><U66/><E66/><V122/><F122/><W42/><G42/><T24/><D24/><U65/><E65/><V53/><F53/><W126/><G126/><AGARI ba="3,1" hai="11,13,18,36,40,47,49,50,125,126,127" m="60423" machi="126" ten="30,3900,0" yaku="18,1,52,2" doraHai="44" who="0" fromWho="3" sc="336,58,245,0,164,0,245,-48" /><INIT seed="2,0,0,1,2,109" ten="394,245,164,197" oya="2" hai0="74,73,55,51,16,3,130,29,113,132,39,41,85" hai1="60,47,88,52,67,128,116,82,66,22,77,87,2" hai2="110,114,25,14,62,75,117,80,119,95,102,49,27" hai3="91,58,98,44,92,108,83,68,123,99,6,38,122"/><V135/><F110/><W11/><G68/><T76/><D3/><U33/><E33/><V79/><F135/><W59/><G108/><T64/><D64/><U56/><E116/><V101/><F114/><W125/><G125/><T106/><D106/><U46/><E2/><V45/><F62/><W124/><G124/><T111/><D29/><U133/><E128/><V65/><F65/><N who="1" m="24585" /><E133/><V20/><F14/><W31/><G31/><T43/><D113/><U0/><E0/><V70/><F70/><W129/><G129/><T103/><D130/><U72/><E72/><V61/><F61/><W96/><G83/><T120/><D74/><U12/><E77/><V69/><F69/><W90/><G11/><T30/><D73/><U50/><E50/><V48/><F48/><W53/><G6/><T118/><D30/><U89/><E89/><V1/><F1/><W86/><G91/><T37/><D51/><U4/><E22/><V134/><F134/><W23/><G23/><T10/><D132/><U93/><E82/><V34/><F34/><W35/><G35/><T21/><D21/><U42/><E42/><N who="2" m="24759" /><F27/><W127/><G127/><T84/><D111/><U104/><E104/><V54/><F54/><W126/><G126/><T5/><D55/><U8/><AGARI ba="0,0" hai="4,8,12,46,47,52,56,60,87,88,93" m="24585" machi="8" ten="30,4000,0" yaku="8,1,54,2" doraHai="109" who="1" fromWho="1" sc="394,-10,245,40,164,-20,197,-10" /><INIT seed="3,0,0,0,4,105" ten="384,285,144,187" oya="3" hai0="33,59,5,70,43,27,11,25,135,100,64,34,71" hai1="40,29,37,16,72,98,60,114,8,73,0,41,115" hai2="132,10,14,120,36,63,88,22,23,75,80,116,18" hai3="32,85,38,13,89,52,125,9,68,21,107,20,123"/><W82/><G123/><T96/><D135/><U119/><E29/><V124/><F116/><W86/><G125/><T83/><D43/><U7/><E41/><V131/><F124/><W56/><G32/><T90/><D90/><U78/><E119/><V62/><F132/><W121/><G121/><T108/><D108/><U117/><E117/><V57/><F120/><W77/><G68/><T99/><D59/><U133/><E133/><V130/><F36/><W42/><G107/><T113/><D83/><N who="1" m="45511" /><E98/><V6/><F23/><W53/><G42/><T127/><D64/><U126/><E126/><V92/><F80/><W15/><G38/><T87/><D100/><U31/><E31/><V45/><F45/><W103/><G103/><T26/><D87/><U112/><E60/><V122/><F122/><W95/><G53/><T134/><D134/><U61/><E61/><V84/><F75/><W46/><G46/><T58/><D58/><U111/><E16/><V12/><REACH who="2" step="1"/><F63/><REACH who="2" ten="384,285,134,187" step="2"/><N who="3" m="36231" /><G13/><T44/><D44/><N who="1" m="23567" /><E111/><V129/><F129/><W39/><G39/><T17/><D127/><U109/><E109/><V81/><F81/><W51/><G51/><T69/><D113/><U79/><E115/><V55/><AGARI ba="0,1" hai="6,10,12,14,18,22,55,57,62,84,88,92,130,131" machi="55" ten="30,4000,0" yaku="1,1,0,1,54,1,53,0" doraHai="105" doraHaiUra="30" who="2" fromWho="2" sc="384,-10,285,-10,134,50,187,-20" /><INIT seed="4,0,0,3,2,50" ten="374,275,184,167" oya="0" hai0="106,59,0,111,39,53,41,107,36,29,92,37,45" hai1="40,58,126,49,101,63,1,99,31,102,98,110,113" hai2="71,130,33,19,132,38,82,94,105,68,127,11,56" hai3="10,112,30,46,42,109,133,66,52,89,26,8,78"/><T28/><D0/><U93/><E1/><V55/><F105/><W51/><G109/><T90/><D111/><U44/><E110/><V9/><F33/><W54/><G133/><T122/><D122/><U25/><E126/><V5/><F38/><W47/><G112/><T23/><D45/><U128/><E128/><V67/><F127/><W77/><G66/><T27/><D41/><U22/><E113/><V135/><F130/><W70/><G70/><T96/><REACH who="0" step="1"/><D29/><REACH who="0" ten="364,275,184,167" step="2"/><U116/><E116/><V75/><F135/><W91/><G42/><T134/><D134/><U69/><E69/><V85/><F68/><W117/><G117/><T118/><D118/><U6/><E6/><V43/><F5/><W72/><G30/><T103/><D103/><U104/><E102/><V62/><F132/><W86/><G47/><T48/><AGARI ba="0,1" hai="23,27,28,36,37,39,48,53,59,90,92,96,106,107" machi="48" ten="30,6000,0" yaku="1,1,0,1,52,1,53,0" doraHai="50" doraHaiUra="120" who="0" fromWho="0" sc="364,70,275,-20,184,-20,167,-20" /><INIT seed="4,1,0,0,2,4" ten="434,255,164,147" oya="0" hai0="130,11,36,42,1,103,76,53,107,82,92,69,31" hai1="32,39,117,16,5,110,131,44,71,54,26,124,15" hai2="9,58,85,57,52,88,86,2,129,105,81,43,47" hai3="13,45,83,128,17,78,120,94,96,111,113,119,99"/><T0/><D53/><U95/><E117/><V125/><F105/><W14/><G119/><T46/><D92/><U55/><E110/><V48/><F129/><W35/><G111/><T38/><D31/><U60/><E124/><V8/><F125/><W93/><G35/><T109/><D109/><U18/><E131/><V87/><F2/><W12/><G128/><T75/><D130/><U33/><E5/><V19/><F19/><W63/><G113/><T123/><D123/><U27/><E95/><N who="2" m="54671" /><F58/><W50/><G63/><T61/><D38/><U73/><E73/><V118/><F118/><W30/><G30/><T66/><D11/><N who="2" m="4170" /><F81/><W100/><G120/><T127/><D127/><U80/><E80/><V72/><F72/><W101/><G83/><T20/><D20/><U65/><E32/><V62/><AGARI ba="1,0" hai="43,47,48,52,57,62,86,87" m="4170,54671" machi="62" ten="30,12000,2" yaku="8,1,52,3,54,2" doraHai="4" who="2" fromWho="2" sc="434,-61,255,-31,164,123,147,-31" /><INIT seed="5,0,0,2,3,30" ten="373,224,287,116" oya="1" hai0="15,126,52,39,29,111,19,99,85,58,20,41,80" hai1="60,57,106,113,33,68,116,100,90,112,25,0,11" hai2="123,103,31,2,115,51,34,93,46,117,49,121,73" hai3="14,70,91,135,107,10,24,124,50,82,104,114,65"/><U43/><E116/><V84/><F73/><W64/><G114/><N who="1" m="44138" /><E43/><V67/><F115/><W83/><G124/><T21/><D111/><U79/><E79/><V40/><F117/><W92/><G135/><T97/><D126/><U22/><E68/><V133/><F2/><W96/><G104/><T45/><D29/><N who="1" m="19631" /><E22/><V69/><F133/><W1/><G1/><T86/><D21/><U37/><E37/><V27/><F51/><W77/><G107/><T128/><D86/><U13/><E0/><V5/><F5/><W120/><G120/><T102/><D102/><U47/><E47/><V88/><REACH who="2" step="1"/><F103/><REACH who="2" ten="373,224,277,116" step="2"/><W75/><G50/><N who="0" m="26927" /><D128/><U131/><E131/><V76/><F76/><W16/><G70/><T3/><D3/><U66/><E100/><V118/><F118/><W122/><G122/><T108/><D39/><U28/><E90/><V132/><F132/><W95/><G77/><N who="0" m="46223" /><D108/><U32/><E106/><V48/><F48/><AGARI ba="0,1" hai="15,19,20,48,52,58,97,99" m="46223,26927" machi="48" ten="30,2000,0" yaku="8,1,54,1" doraHai="30" who="0" fromWho="2" sc="373,30,224,0,277,-20,116,0" /><INIT seed="6,0,0,2,1,40" ten="403,224,257,116" oya="2" hai0="90,10,134,75,69,57,91,115,118,62,44,107,21" hai1="68,43,86,32,114,85,18,25,35,133,124,97,127" hai2="98,88,67,0,121,33,81,122,113,2,50,128,110" hai3="1,94,119,24,101,93,117,82,72,31,105,34,78"/><V54/><F113/><W102/><G1/><T55/><D107/><U8/><E68/><V28/><F67/><W74/><G105/><T111/><D75/><U16/><E114/><V125/><F128/><W19/><G19/><T95/><D69/><U3/><E97/><V73/><F125/><W59/><G59/><T92/><D111/><U7/><E43/><V135/><F135/><W39/><G39/><T87/><D134/><U103/><E103/><N who="3" m="39434" /><G24/><T99/><D118/><N who="3" m="45065" /><G31/><T5/><D115/><U63/><E133/><V60/><F28/><W53/><G53/><T70/><D21/><U4/><E63/><V52/><F60/><W71/><G34/><T109/><D109/><U13/><E7/><V23/><F33/><W104/><G71/><T96/><D87/><N who="1" m="33291" /><E18/><V106/><F106/><W132/><G104/><T17/><D70/><U64/><E64/><V22/><F2/><W112/><G112/><T36/><D17/><U48/><E48/><V56/><F50/><W20/><G20/><T12/><D36/><U49/><E49/><V129/><F22/><W30/><G30/><T46/><AGARI ba="0,0" hai="5,10,12,44,46,55,57,62,90,91,92,95,96,99" machi="46" ten="30,8000,1" yaku="0,1,9,1,8,1,52,2" doraHai="40" who="0" fromWho="0" sc="403,80,224,-20,257,-40,116,-20" /><INIT seed="7,0,0,1,3,8" ten="483,204,217,96" oya="3" hai0="94,16,36,19,39,108,51,30,99,66,121,131,130" hai1="5,47,81,7,49,29,61,83,76,104,75,77,102" hai2="105,23,120,33,15,70,12,38,68,9,125,65,114" hai3="89,86,132,117,28,58,95,14,98,10,1,60,116"/><W113/><G1/><T67/><D94/><U17/><E29/><V85/><F33/><W112/><G132/><T91/><D99/><U27/><E61/><V109/><F105/><W74/><G74/><T100/><D91/><U43/><E102/><V84/><F38/><W18/><G28/><T90/><D90/><U48/><E104/><V64/><F23/><W42/><G42/><T44/><D100/><U127/><E127/><V107/><F107/><W26/><G26/><T63/><D16/><U111/><E111/><V32/><F32/><W35/><G35/><T40/><D19/><U25/><E49/><V45/><F109/><W133/><G133/><T72/><D72/><U50/><E50/><V53/><F9/><W3/><G3/><T69/><D30/><U55/><E55/><V123/><F53/><W96/><G96/><T4/><D4/><U78/><E75/><V110/><F110/><W124/><G124/><T59/><D108/><U24/><E17/><V82/><F125/><W2/><G2/><T126/><D126/><U92/><E92/><V57/><F57/><W62/><G86/><T80/><D80/><AGARI ba="0,0" hai="5,7,24,25,27,43,47,48,76,77,78,80,81,83" machi="80" ten="40,1300,0" yaku="8,1" doraHai="8" who="1" fromWho="0" sc="483,-13,204,13,217,0,96,0" owari="470,56.0,217,2.0,217,-18.0,96,-40.0" /></mjloggm>