<mjloggm ver="2.3"><GO type="169" lobby="0"/><UN n0="%E3%83%88%E3%83%BC%E3%83%9E%E3%82%B5" n1="%E5%B0%B1%E6%B4%BB%E7%94%9F%40%E5%B7%9D%E6%9D%91%E8%BB%8D%E5%9B%A3" n2="%46%75%6E%54%69%6D%65" n3="%6D%61%74%69%6F%73%61%6E" dan="16,17,16,17" rate="2108.72,2182.10,2130.51,2143.58" sx="M,M,M,M"/><TAIKYOKU oya="0"/><INIT seed="0,0,0,4,5,42" ten="250,250,250,250" oya="0" hai0="52,78,32,80,84,91,77,10,119,22,135,23,76" hai1="13,17,118,124,18,125,109,132,73,104,26,58,16" hai2="25,65,63,92,105,108,75,2,130,82,4,102,33" hai3="95,116,40,30,90,114,19,99,44,72,97,34,68"/><T106/><D119/><U45/><E104/><V21/><F108/><W53/><G116/><T38/><D38/><U88/><E73/><V31/><F130/><W35/><G68/><T107/><D32/><U0/><E0/><V101/><F101/><W129/><G72/><T29/><D135/><U128/><E109/><V94/><F21/><W86/><G129/><T123/><D123/><U127/><E118/><V15/><F15/><W69/><G69/><T43/><D43/><U111/><E111/><V27/><F27/><W9/><G114/><T37/><D37/><U8/><E132/><V110/><F110/><W113/><G53/><T66/><D66/><U11/><E128/><V83/><F4/><W103/><G30/><T71/><D71/><U126/><E58/><V121/><F2/><W93/><G99/><T81/><D81/><U117/><E117/><V56/><F121/><W70/><G70/><T46/><D29/><U59/><E59/><V120/><F120/><W134/><G134/><T64/><D64/><U98/><E26/><V49/><F82/><W5/><G113/><T79/><N who="0" m="19456" /><DORA hai="12" /><T87/><D87/><U54/><E11/><V1/><F1/><W50/><REACH who="3" step="1"/><G19/><REACH who="3" ten="250,250,250,240" step="2"/><T48/><REACH who="0" step="1"/><D10/><REACH who="0" ten="240,250,250,240" step="2"/><U51/><E124/><V112/><F112/><W6/><G6/><T60/><D60/><U28/><E28/><V85/><F75/><W67/><G67/><T41/><D41/><U131/><E131/><V55/><F65/><W122/><G122/><T57/><D57/><U115/><E115/><V39/><F63/><W100/><G100/><T89/><D89/><RYUUKYOKU ba="0,2" sc="240,10,250,10,250,-30,240,10" hai0="22,23,46,48,52,80,84,91,106,107" hai1="8,13,16,17,18,45,51,54,88,98,125,126,127" hai3="5,9,34,35,40,44,50,86,90,93,95,97,103" /><INIT seed="0,1,2,5,4,131" ten="250,260,220,250" oya="0" hai0="17,84,48,50,126,133,3,28,130,44,20,31,34" hai1="2,1,83,59,64,49,120,128,5,105,97,40,66" hai2="73,38,122,106,129,69,135,99,76,107,80,114,124" hai3="101,82,56,52,4,60,89,27,75,47,62,9,35"/><T85/><D130/><U88/><E128/><V22/><RYUUKYOKU type="yao9" ba="1,2" sc="250,0,260,0,220,0,250,0" hai2="22,38,69,73,76,80,99,106,107,114,122,124,129,135" /><INIT seed="0,2,2,3,4,13" ten="250,260,220,250" oya="0" hai0="129,98,34,117,70,29,19,71,113,28,105,56,37" hai1="75,0,76,119,38,100,85,54,52,111,30,68,108" hai2="128,3,49,46,41,26,59,74,14,21,67,47,102" hai3="36,40,50,126,132,89,9,44,78,115,104,79,87"/><T6/><D113/><U118/><E75/><V131/><F3/><W91/><G115/><T45/><D117/><N who="1" m="44555" /><E0/><V53/><F74/><W20/><G104/><T96/><D6/><U77/><E30/><V18/><F102/><W42/><G132/><T134/><D105/><U81/><E100/><V92/><F92/><W121/><G121/><T93/><D34/><U57/><E68/><V62/><REACH who="2" step="1"/><F26/><REACH who="2" ten="250,260,210,250" step="2"/><W5/><G126/><T16/><D93/><U15/><E81/><V122/><F122/><W135/><G135/><T125/><D134/><U60/><E85/><V88/><F88/><W25/><G91/><T107/><D107/><U84/><E84/><V64/><F64/><W39/><G89/><T2/><D125/><U124/><E77/><V17/><F17/><W66/><G87/><T8/><D2/><U22/><E76/><V32/><F32/><W123/><G66/><T127/><D127/><U94/><E94/><V116/><F116/><W65/><G65/><T69/><D19/><U24/><E124/><V99/><F99/><W11/><G123/><T80/><D80/><U63/><E24/><V82/><F82/><W90/><G90/><T130/><D96/><U106/><E106/><V83/><F83/><W97/><G97/><T133/><D98/><U120/><E120/><V48/><AGARI ba="2,3" hai="14,18,21,41,46,47,48,49,53,59,62,67,128,131" machi="48" ten="30,4000,0" yaku="1,1,0,1,52,1,53,0" doraHai="13" doraHaiUra="114" who="2" fromWho="2" sc="250,-22,260,-12,210,76,250,-12" /><INIT seed="1,0,0,3,0,64" ten="228,248,286,238" oya="1" hai0="33,24,27,106,49,81,38,7,8,80,96,63,68" hai1="101,71,44,107,89,92,99,43,86,116,50,61,9" hai2="105,109,16,72,46,102,12,93,115,74,51,79,85" hai3="65,48,21,129,69,11,119,15,112,128,57,134,19"/><U2/><E116/><V135/><F109/><W66/><G112/><T4/><D38/><U53/><E2/><V0/><F0/><W98/><G119/><T14/><D49/><U67/><REACH who="1" step="1"/><E9/><REACH who="1" ten="228,238,286,238" step="2"/><V47/><F115/><W90/><G129/><T70/><D7/><U78/><E78/><V32/><F79/><W6/><G128/><T117/><D117/><U36/><E36/><V42/><F135/><W121/><G134/><T103/><D27/><U127/><E127/><V26/><F26/><W126/><G126/><T118/><D118/><U100/><E100/><V58/><F102/><W113/><G113/><T104/><D104/><U34/><E34/><V52/><F32/><W55/><G121/><T97/><D24/><U28/><E28/><V122/><F105/><W41/><G6/><T3/><D33/><U37/><E37/><V30/><F30/><W94/><G11/><T54/><D106/><U77/><E77/><V56/><F122/><W62/><G41/><AGARI ba="0,1" hai="41,43,44,50,53,61,67,71,86,89,92,99,101,107" machi="41" ten="40,3900,0" yaku="1,1,52,1,53,0" doraHai="64" doraHaiUra="114" who="1" fromWho="3" sc="228,0,238,49,286,0,238,-39" /><INIT seed="1,1,0,5,5,94" ten="228,287,286,199" oya="1" hai0="95,110,55,47,50,122,70,64,73,24,9,105,54" hai1="60,132,57,19,82,20,112,38,80,53,32,98,36" hai2="65,40,66,135,126,6,107,103,84,131,113,101,61" hai3="130,96,104,114,87,109,128,75,22,13,83,25,52"/><U124/><E32/><V100/><F126/><W71/><G71/><T4/><D105/><U18/><E112/><V33/><F33/><W123/><G114/><T39/><D73/><U23/><E124/><V2/><F40/><W5/><G123/><T30/><D39/><U44/><E132/><V119/><F119/><W34/><G34/><T76/><D76/><U85/><E44/><V17/><F84/><W12/><G75/><T129/><D122/><U63/><E85/><V28/><F28/><W92/><G104/><T46/><D110/><U58/><REACH who="1" step="1"/><E53/><REACH who="1" ten="228,277,286,199" step="2"/><V88/><F135/><W81/><G109/><T111/><D111/><U108/><E108/><V120/><F113/><W7/><G130/><T125/><D129/><U42/><E42/><V11/><F131/><W118/><G128/><T35/><D125/><U93/><E93/><V77/><F120/><W56/><G118/><T16/><D95/><U41/><E41/><V68/><F107/><W31/><G83/><T37/><D54/><U0/><E0/><V8/><F2/><W90/><G7/><T43/><D64/><U79/><E79/><V14/><F77/><N who="3" m="46511" /><G5/><T89/><D4/><U1/><E1/><V127/><F127/><W26/><G26/><T86/><D86/><U99/><AGARI ba="1,1" hai="18,19,20,23,36,38,57,58,60,63,80,82,98,99" machi="99" ten="25,18000,2" yaku="1,1,0,1,22,2,52,2,53,0" doraHai="94" doraHaiUra="10" who="1" fromWho="1" sc="228,-61,277,193,286,-61,199,-61" /><INIT seed="1,2,0,0,4,71" ten="167,470,225,138" oya="1" hai0="28,91,133,104,13,62,9,74,76,54,31,94,10" hai1="55,1,120,73,5,53,36,2,59,18,46,78,20" hai2="85,38,134,132,7,128,117,45,8,3,29,25,19" hai3="57,80,50,30,69,101,35,56,68,44,112,118,88"/><U32/><E32/><V127/><F117/><W113/><G118/><T41/><D104/><U12/><E120/><V99/><F99/><W106/><G106/><T48/><D133/><N who="2" m="51306" /><F127/><W63/><G101/><T87/><D74/><U65/><E65/><V124/><F124/><W33/><G30/><T115/><D76/><U37/><E46/><V23/><F128/><W86/><G35/><T89/><D115/><U84/><E73/><V81/><F45/><W40/><G33/><T39/><D10/><U21/><E21/><V15/><F38/><W34/><G34/><T58/><D39/><U52/><E59/><V26/><F29/><W95/><G56/><T66/><D41/><U122/><E122/><V107/><F107/><W83/><G69/><T96/><D66/><U47/><E47/><V114/><F114/><W16/><G68/><T129/><D62/><U61/><E61/><V82/><F82/><W125/><G125/><T64/><D64/><U79/><E2/><V90/><AGARI ba="2,0" hai="3,7,8,15,19,23,25,26,81,85,90" m="51306" machi="90" ten="30,1100,0" yaku="20,1" doraHai="71" who="2" fromWho="2" sc="167,-5,470,-7,225,17,138,-5" /><INIT seed="2,0,0,2,0,104" ten="162,463,242,133" oya="2" hai0="105,30,35,56,135,27,15,2,118,130,79,111,13" hai1="120,70,125,112,134,8,114,31,14,119,82,22,66" hai2="11,4,85,5,103,75,0,12,106,131,65,48,96" hai3="71,77,76,74,53,29,42,88,133,38,41,69,24"/><V52/><F131/><W32/><G133/><T100/><D135/><U73/><E119/><V49/><F75/><W110/><G110/><T3/><D111/><U39/><E39/><V117/><F117/><W43/><G38/><T34/><D118/><U7/><E125/><V90/><F65/><W6/><G6/><T9/><D79/><U21/><E134/><V28/><F28/><W126/><G77/><T26/><D56/><U86/><E120/><V81/><F49/><W92/><G126/><T16/><D100/><U36/><E36/><V25/><F25/><W57/><G76/><T50/><D50/><U99/><E99/><V1/><REACH who="2" step="1"/><F5/><REACH who="2" ten="162,463,232,133" step="2"/><W129/><G74/><T72/><D72/><U102/><E73/><V123/><F123/><W40/><G129/><T124/><D130/><U54/><E31/><V94/><F94/><W55/><N who="3" m="10240" /><DORA hai="83" /><W108/><G108/><T127/><D105/><U44/><E66/><V116/><F116/><W20/><G32/><T115/><D115/><U18/><E7/><V59/><AGARI ba="0,1" hai="0,1,4,11,12,48,52,59,81,85,90,96,103,106" machi="59" ten="20,18000,2" yaku="1,1,0,1,7,1,52,1,54,1,53,1" doraHai="104,83" doraHaiUra="51,23" who="2" fromWho="2" sc="162,-60,463,-60,232,190,133,-60" /><INIT seed="2,1,0,5,4,41" ten="102,403,422,73" oya="2" hai0="20,114,93,131,133,36,34,106,43,92,81,94,17" hai1="30,80,6,96,40,8,24,11,51,132,52,50,129" hai2="78,3,101,68,99,35,7,134,9,84,45,67,111" hai3="128,60,110,12,86,75,102,103,73,76,4,108,95"/><V64/><F134/><W44/><G4/><T59/><D106/><U77/><E132/><V124/><F124/><W90/><G12/><T49/><D133/><U70/><E70/><V79/><F35/><W66/><G128/><T123/><D123/><U29/><E129/><V33/><F33/><W104/><G44/><T122/><D122/><U39/><E39/><V27/><F111/><N who="3" m="42539" /><G60/><T72/><D131/><U14/><E96/><V38/><F27/><W32/><G32/><T85/><D34/><U16/><E40/><V121/><F121/><W42/><G42/><T25/><D36/><U46/><E50/><V115/><F68/><W58/><G58/><T48/><D72/><N who="3" m="27721" /><G66/><T98/><D114/><U10/><E24/><V13/><F67/><W69/><G69/><T28/><D28/><N who="1" m="10859" /><E6/><V117/><F115/><W74/><G104/><T15/><D25/><U100/><E100/><V83/><F101/><W125/><G125/><T22/><D22/><U112/><E112/><V135/><F7/><W105/><G105/><T47/><D49/><U126/><E126/><V89/><F135/><W31/><G31/><T82/><D59/><U71/><E71/><V87/><F38/><W61/><G61/><T37/><D37/><U62/><E62/><V116/><F3/><W130/><G130/><T18/><D18/><U56/><E56/><V19/><F19/><W26/><G26/><T118/><D48/><U53/><E53/><V55/><F55/><W120/><G120/><T97/><D17/><U23/><E23/><V127/><F127/><W113/><G113/><T57/><D20/><RYUUKYOKU ba="1,0" sc="102,-15,403,15,422,-15,73,15" hai1="8,10,11,14,16,46,51,52,77,80" hai3="74,76,86,90,95,102,103" /><INIT seed="3,2,0,1,0,79" ten="87,418,407,88" oya="3" hai0="17,58,39,107,118,132,106,94,49,86,40,36,6" hai1="63,128,88,103,62,68,98,27,7,22,25,64,110" hai2="84,26,127,57,124,74,48,104,1,21,126,135,43" hai3="113,42,134,130,53,91,121,95,119,122,37,11,0"/><W32/><G113/><T129/><D118/><U85/><E110/><V35/><F135/><W89/><G119/><T87/><D6/><U9/><E128/><V81/><F104/><W30/><G130/><T14/><D129/><U76/><E76/><V59/><F1/><W16/><G134/><T72/><D72/><U111/><E111/><V70/><F70/><W38/><G32/><T108/><D108/><U67/><E98/><V44/><F35/><W75/><G30/><T28/><D28/><U13/><E103/><V114/><F74/><W93/><G75/><T2/><D2/><U133/><E133/><V15/><F15/><W125/><G0/><T101/><D132/><U12/><E12/><V47/><F47/><W65/><G53/><T4/><D4/><U120/><E120/><V46/><F46/><W34/><G34/><T24/><D24/><U77/><E77/><N who="2" m="46127" /><F114/><W99/><G42/><T52/><D106/><U54/><E54/><V61/><F61/><N who="1" m="23049" /><E68/><V82/><F82/><W102/><G11/><T56/><D107/><U69/><E69/><V50/><F50/><W19/><G102/><T45/><D56/><U51/><E51/><V83/><F83/><W29/><G29/><AGARI ba="2,0" hai="21,26,29,43,44,48,57,59,124,126,127" m="46127" machi="29" ten="30,2000,0" yaku="18,1,52,1" doraHai="79" who="2" fromWho="3" sc="87,0,418,0,407,26,88,-26" /><INIT seed="4,0,0,3,0,62" ten="87,418,433,62" oya="0" hai0="4,32,133,86,38,18,82,50,104,42,24,91,28" hai1="78,11,52,97,13,64,85,63,69,72,45,8,20" hai2="98,135,99,76,83,3,105,34,29,61,77,107,16" hai3="55,96,127,10,35,47,14,44,23,67,48,89,33"/><T37/><D104/><U31/><E72/><V40/><F3/><W123/><G127/><T0/><D133/><U75/><E75/><V106/><F135/><W46/><G123/><T56/><D0/><U66/><E69/><V122/><F122/><W101/><G33/><T93/><D4/><N who="1" m="3207" /><E11/><V132/><F132/><W65/><G35/><T108/><D108/><U116/><E97/><V88/><F40/><W1/><G1/><T92/><D18/><U109/><E109/><V22/><F29/><W17/><G89/><T129/><D129/><U90/><E78/><V51/><F34/><W94/><REACH who="3" step="1"/><G10/><REACH who="3" ten="87,418,433,52" step="2"/><T119/><D119/><U87/><E116/><V80/><F88/><W26/><G26/><T9/><D9/><U41/><E41/><V12/><F77/><W128/><G128/><T25/><D25/><N who="1" m="16807" /><E87/><V2/><F76/><W100/><G100/><T81/><D42/><U73/><E73/><V110/><F99/><W39/><G39/><T113/><D38/><U102/><E102/><V27/><F98/><W57/><AGARI ba="0,1" hai="14,17,23,44,46,47,48,55,57,65,67,94,96,101" machi="57" ten="30,12000,2" yaku="1,1,0,1,8,1,52,2,53,1" doraHai="62" doraHaiUra="49" who="3" fromWho="3" sc="87,-60,418,-30,433,-30,52,130" /><INIT seed="5,0,0,5,1,74" ten="27,388,403,182" oya="1" hai0="34,84,110,109,131,14,76,91,81,30,121,122,97" hai1="47,62,53,19,115,10,24,113,98,128,69,18,3" hai2="94,107,9,68,83,96,44,125,56,130,118,132,48" hai3="58,117,71,27,8,64,59,123,135,29,126,22,15"/><U46/><E128/><V112/><F118/><W31/><G123/><N who="0" m="47115" /><D14/><N who="1" m="7511" /><E3/><V119/><F68/><W52/><G117/><T92/><D30/><U100/><E19/><V80/><F119/><W13/><G135/><T75/><D34/><U4/><E4/><V90/><F125/><W102/><G126/><T111/><D131/><U40/><E24/><V95/><F107/><W103/><G71/><T32/><D32/><U45/><E69/><V7/><F112/><N who="1" m="43081" /><E62/><V38/><F38/><W25/><G64/><T42/><D42/><U133/><E133/><V106/><F106/><W89/><G59/><T1/><D1/><U88/><E88/><N who="2" m="55399" /><F56/><W116/><G89/><T79/><D75/><U85/><E85/><N who="2" m="52559" /><F130/><W43/><G116/><T2/><D2/><U35/><E35/><V11/><F132/><W60/><G43/><T5/><D5/><U77/><E77/><AGARI ba="0,0" hai="76,77,79,81,84,91,92,97,109,110,111" m="47115" machi="77" ten="40,12000,2" yaku="13,1,34,2,52,3" doraHai="74" who="0" fromWho="1" sc="27,120,388,-120,403,0,182,0" /><INIT seed="6,0,0,2,0,37" ten="147,268,403,182" oya="2" hai0="2,53,59,89,40,124,48,44,54,8,63,76,118" hai1="7,49,62,71,87,111,1,90,101,66,125,32,132" hai2="129,95,113,60,133,57,80,104,86,79,123,73,110" hai3="6,3,20,83,120,43,105,135,121,134,45,11,34"/><V64/><F123/><W97/><G20/><T28/><D124/><U126/><E111/><V92/><F104/><W119/><G119/><T108/><D108/><U18/><E32/><V16/><F110/><W56/><G56/><T39/><D28/><U29/><E29/><V21/><F113/><W102/><G34/><T55/><D118/><U47/><E101/><V77/><F129/><W94/><G94/><T41/><D76/><N who="2" m="29258" /><F133/><N who="3" m="50699" /><G83/><T93/><D39/><AGARI ba="0,0" hai="3,6,11,39,43,45,97,102,105,120,121" m="50699" machi="39" ten="30,3900,0" yaku="20,1,23,1,52,1" doraHai="37" who="3" fromWho="0" sc="147,-39,268,0,403,0,182,39" /><INIT seed="7,0,0,5,0,66" ten="108,268,403,221" oya="3" hai0="19,88,5,29,86,28,80,48,119,122,116,11,73" hai1="30,27,61,2,21,133,120,32,105,62,107,121,45" hai2="134,7,63,0,24,56,52,79,77,98,67,49,33" hai3="6,36,113,65,43,130,114,54,126,20,68,125,97"/><W15/><G97/><T58/><D122/><U44/><E2/><V84/><F134/><W94/><G94/><T1/><D73/><U101/><E133/><V95/><F0/><W100/><G100/><T3/><D3/><U72/><E72/><V129/><F129/><W71/><G130/><T78/><D19/><U10/><E10/><V89/><F7/><W90/><G90/><T12/><D1/><U124/><E124/><N who="3" m="47722" /><G65/><T70/><D70/><N who="3" m="26665" /><G54/><T132/><D132/><U103/><E32/><V110/><F33/><W39/><G20/><T131/><D131/><U14/><E21/><V23/><F98/><W87/><G87/><T46/><D116/><U83/><E83/><V85/><F85/><W108/><G108/><T38/><D119/><U81/><E81/><V8/><F110/><W99/><G99/><T109/><D109/><U64/><E64/><V47/><F8/><N who="3" m="4503" /><G43/><T40/><REACH who="0" step="1"/><D78/><REACH who="0" ten="98,268,403,221" step="2"/><U91/><E120/><V123/><F123/><W41/><G41/><T57/><D57/><U118/><E121/><V9/><F9/><W74/><G74/><T26/><D26/><U53/><E27/><V59/><F59/><W128/><G128/><T111/><D111/><U4/><E118/><V93/><F93/><W51/><G51/><T112/><D112/><AGARI ba="0,1" hai="36,39,112,113,114" m="4503,26665,47722" machi="112" ten="40,12000,1" yaku="15,1,18,1,52,3" doraHai="66" who="3" fromWho="0" sc="98,-120,268,0,403,0,221,130" owari="-22,-52.0,268,-13.0,403,50.0,351,15.0" /></mjloggm>