<mjloggm ver="2.3"><GO type="169" lobby="0"/><UN n0="%68%6F%6C%6D%65%73" n1="%E5%B0%B1%E6%B4%BB%E7%94%9F%40%E5%B7%9D%E6%9D%91%E8%BB%8D%E5%9B%A3" n2="%E3%83%A9%E3%83%83%E3%82%AD%E3%83%BC%E3%83%89%E3%83%83%E3%82%B0" n3="%7A%61%74%74%6F" dan="17,17,16,16" rate="2161.61,2176.08,2125.29,2069.28" sx="M,M,M,M"/><TAIKYOKU oya="0"/><INIT seed="0,0,0,5,0,23" ten="250,250,250,250" oya="0" hai0="16,32,1,20,93,80,13,54,42,81,78,55,73" hai1="44,27,7,2,110,25,84,30,45,6,98,115,105" hai2="52,124,99,92,22,131,129,17,10,122,107,14,114" hai3="21,57,109,100,85,24,96,101,68,71,0,102,111"/><T18/><D1/><U70/><E70/><V112/><F107/><W62/><G0/><T90/><D32/><U97/><E2/><V4/><F122/><W135/><G85/><T121/><D121/><U134/><E134/><V75/><F75/><W87/><G87/><T53/><D80/><U126/><E126/><V106/><F106/><W46/><G46/><N who="1" m="18026" /><E105/><V104/><F104/><W125/><G125/><T79/><D79/><U119/><E30/><V58/><F124/><W95/><G68/><T82/><D82/><U60/><E110/><N who="3" m="41994" /><G71/><T69/><D69/><U133/><E133/><V77/><F77/><W31/><G135/><T33/><D33/><U9/><E119/><V118/><F118/><W37/><G37/><T29/><D29/><U132/><E132/><V49/><F131/><W88/><G102/><T86/><REACH who="0" step="1"/><D18/><REACH who="0" ten="240,250,250,250" step="2"/><U128/><E128/><V19/><F129/><W66/><AGARI ba="0,1" hai="21,24,31,57,62,66,88,95,96,100,101" m="41994" machi="66" ten="30,4000,0" yaku="14,1,52,1,54,1" doraHai="23" who="3" fromWho="3" sc="240,-20,250,-10,250,-10,250,50" /><INIT seed="1,0,0,4,5,120" ten="220,240,240,300" oya="1" hai0="88,11,3,70,121,54,19,63,119,28,102,122,42" hai1="116,52,129,12,8,89,59,27,65,123,110,115,39" hai2="77,45,103,97,25,134,23,127,118,2,58,81,108" hai3="125,6,4,7,50,49,18,95,37,21,101,44,82"/><U5/><E123/><N who="0" m="47113" /><D119/><U128/><E116/><V86/><F108/><W76/><G125/><T71/><D102/><U98/><E115/><V100/><F118/><W96/><G37/><T99/><D42/><U78/><E39/><V72/><F2/><W9/><G9/><T36/><D36/><U85/><E65/><V105/><F134/><W80/><G44/><T126/><D28/><U29/><E78/><V20/><F127/><W34/><G34/><T15/><D3/><U117/><E117/><V66/><F100/><W24/><REACH who="3" step="1"/><G80/><REACH who="3" ten="220,240,240,290" step="2"/><T74/><D126/><U55/><E128/><V83/><F45/><W106/><G106/><T32/><D32/><U30/><E129/><V31/><F81/><W46/><G46/><T57/><D74/><AGARI ba="0,1" hai="4,6,7,18,21,24,49,50,74,76,82,95,96,101" machi="74" ten="40,1300,0" yaku="1,1,53,0" doraHai="120" doraHaiUra="40" who="3" fromWho="0" sc="220,-13,240,0,240,0,290,23" /><INIT seed="2,0,0,4,4,116" ten="207,240,240,313" oya="2" hai0="108,121,120,37,81,19,113,17,103,65,130,24,83" hai1="27,106,22,64,57,76,55,54,53,40,13,59,107" hai2="70,74,36,45,9,82,86,20,58,78,0,48,80" hai3="88,79,73,30,111,128,50,102,35,1,60,66,131"/><V42/><F70/><N who="3" m="42311" /><G50/><T63/><D37/><U75/><E40/><V109/><F109/><W41/><G41/><T93/><D113/><U67/><E75/><V10/><F20/><W72/><G102/><T11/><D108/><U84/><E13/><V105/><F105/><W85/><G1/><T31/><D19/><U115/><E115/><V123/><F123/><W104/><G104/><T23/><D130/><N who="3" m="49705" /><G79/><T21/><D11/><U135/><E135/><V29/><F29/><W7/><G7/><T43/><D43/><U38/><E38/><V129/><F129/><W71/><G71/><T5/><D5/><U132/><E132/><V112/><F112/><W133/><G133/><T16/><D103/><U46/><E46/><V122/><F122/><W8/><G8/><T91/><D31/><U117/><E117/><V101/><F101/><W32/><G111/><T49/><D49/><U3/><E3/><V47/><F58/><W61/><G61/><T51/><D51/><U89/><E106/><V28/><F28/><W119/><G119/><T97/><D120/><U68/><E107/><V77/><REACH who="2" step="1"/><F0/><REACH who="2" ten="207,240,230,313" step="2"/><W98/><G30/><T124/><D121/><U12/><E59/><V134/><F134/><W2/><G2/><T44/><D44/><U114/><E57/><V26/><F26/><W126/><G32/><T69/><D124/><U56/><E27/><AGARI ba="0,1" hai="16,17,21,23,24,27,63,65,69,81,83,91,93,97" machi="27" ten="30,3900,0" yaku="7,1,9,1,54,1" doraHai="116" who="0" fromWho="1" sc="207,49,240,-39,230,0,313,0" /><INIT seed="3,0,0,3,0,89" ten="256,201,230,313" oya="3" hai0="49,90,128,58,134,105,78,63,85,52,24,103,119" hai1="31,12,47,27,123,54,53,132,131,71,56,91,107" hai2="29,118,122,4,17,126,96,102,18,82,62,42,39" hai3="135,23,40,117,32,99,121,113,41,64,94,59,6"/><W109/><G117/><T45/><D119/><U51/><E123/><V129/><F122/><W115/><G121/><T104/><D78/><U50/><E71/><V133/><F118/><W7/><G32/><T127/><D127/><U92/><E131/><V37/><F126/><W9/><G135/><T88/><D134/><U38/><E132/><V1/><F133/><W120/><G120/><T14/><D90/><U106/><E38/><V0/><F129/><W79/><G79/><T66/><D128/><U101/><E101/><V76/><F29/><W2/><G7/><T20/><D103/><U60/><E12/><V69/><F18/><W35/><G35/><T11/><D24/><U98/><REACH who="1" step="1"/><E51/><REACH who="1" ten="256,191,230,313" step="2"/><V73/><F69/><W46/><G115/><T97/><D105/><U19/><E19/><V125/><F0/><W43/><G113/><T124/><D104/><U83/><E83/><V57/><F17/><W30/><G30/><T86/><D124/><U15/><E15/><V13/><F125/><W75/><G109/><T87/><D20/><AGARI ba="0,1" hai="20,27,31,47,50,53,54,56,60,91,92,98,106,107" machi="20" ten="30,3900,0" yaku="1,1,7,1,52,1,53,0" doraHai="89" doraHaiUra="28" who="1" fromWho="0" sc="256,-39,191,49,230,0,313,0" /><INIT seed="4,0,0,4,2,68" ten="217,240,230,313" oya="0" hai0="39,21,33,94,112,90,100,24,51,64,56,53,134" hai1="74,48,71,92,22,118,31,93,19,50,47,89,0" hai2="49,8,91,121,103,86,38,76,63,13,18,82,9" hai3="69,11,41,85,59,110,29,75,101,12,54,106,15"/><T97/><D112/><U16/><E0/><V108/><F121/><W4/><G69/><T46/><D33/><U2/><E2/><V55/><F108/><W65/><G75/><T120/><D134/><U124/><E74/><V10/><F103/><W107/><G65/><T78/><D120/><U61/><E118/><V127/><F127/><W104/><G29/><T129/><D129/><U44/><E124/><V23/><F38/><W32/><G32/><T102/><D78/><U52/><E61/><V17/><F63/><W79/><G41/><T62/><REACH who="0" step="1"/><D39/><REACH who="0" ten="207,240,230,313" step="2"/><U88/><E71/><V5/><F76/><W6/><G110/><T30/><AGARI ba="0,1" hai="21,24,30,46,51,53,56,62,64,90,94,97,100,102" machi="30" ten="20,12000,1" yaku="1,1,2,1,0,1,7,1,8,1,53,0" doraHai="68" doraHaiUra="111" who="0" fromWho="0" sc="207,130,240,-40,230,-40,313,-40" /><INIT seed="4,1,0,0,0,134" ten="337,200,190,273" oya="0" hai0="63,113,53,89,38,57,1,6,14,29,56,127,105" hai1="72,73,22,55,103,27,90,52,67,76,45,87,131" hai2="40,84,44,12,83,13,99,59,49,21,51,68,97" hai3="95,116,37,122,66,47,26,69,31,19,111,39,70"/><T75/><D1/><U109/><E109/><V96/><F68/><W2/><G116/><T104/><D38/><U78/><E131/><V50/><F59/><W119/><G2/><T133/><D75/><U123/><E123/><V80/><F21/><W15/><G111/><T71/><D71/><U35/><E35/><V130/><F130/><W93/><G122/><T32/><D32/><U101/><E72/><V46/><F84/><W132/><G132/><T36/><D36/><U107/><E67/><V86/><F86/><W16/><G15/><N who="2" m="5705" /><F40/><W3/><G3/><T60/><D29/><N who="1" m="17655" /><E73/><V79/><F79/><N who="1" m="30249" /><E107/><V41/><F41/><W128/><G31/><T54/><D133/><U65/><E65/><V85/><F85/><W17/><G66/><T33/><D33/><U61/><E61/><V91/><F91/><W4/><G119/><T24/><D14/><U94/><E45/><AGARI ba="1,0" hai="44,45,46,49,50,51,80,83,96,97,99" m="5705" machi="45" ten="40,5200,0" yaku="28,2,8,1" doraHai="134" who="2" fromWho="1" sc="337,0,200,-55,190,55,273,0" /><INIT seed="5,0,0,2,3,97" ten="337,145,245,273" oya="1" hai0="109,36,74,27,41,91,82,32,22,78,33,84,103" hai1="53,75,25,39,55,110,18,120,121,31,15,76,130" hai2="12,0,111,29,90,116,105,43,50,72,26,126,37" hai3="68,117,42,52,49,77,20,24,1,59,47,108,67"/><U63/><E39/><V119/><F0/><W100/><G1/><T44/><D109/><U6/><E110/><V23/><F105/><W45/><G77/><T114/><D114/><U69/><E130/><V83/><F111/><W21/><G117/><T80/><REACH who="0" step="1"/><D103/><REACH who="0" ten="327,145,245,273" step="2"/><U113/><E113/><V4/><F119/><W28/><G108/><T17/><AGARI ba="0,1" hai="17,22,27,32,33,36,41,44,74,78,80,82,84,91" machi="17" ten="20,5200,0" yaku="1,1,2,1,0,1,7,1,53,0" doraHai="97" doraHaiUra="51" who="0" fromWho="0" sc="327,62,145,-26,245,-13,273,-13" /><INIT seed="6,0,0,1,2,51" ten="389,119,232,260" oya="2" hai0="20,75,97,52,35,45,62,22,88,41,16,81,57" hai1="11,103,1,119,70,106,15,34,53,122,44,76,10" hai2="109,133,74,111,21,26,102,54,31,96,42,4,61" hai3="94,2,114,129,115,37,105,101,60,0,121,9,3"/><V5/><F74/><W100/><G121/><T98/><D35/><U135/><E119/><V131/><F42/><W79/><G37/><T92/><D75/><U39/><E135/><V85/><F133/><W117/><G79/><T90/><D81/><U33/><E122/><V69/><F85/><W12/><G117/><T46/><D22/><U14/><E70/><V84/><F84/><W112/><G129/><T63/><D63/><U130/><E1/><V104/><F131/><W82/><G82/><T118/><D118/><U73/><E130/><V93/><F104/><W13/><G105/><T67/><D67/><U28/><E39/><V108/><REACH who="2" step="1"/><F69/><REACH who="2" ten="389,119,222,260" step="2"/><W120/><G120/><T25/><D41/><U125/><E73/><V38/><F38/><W29/><G115/><T27/><D97/><U99/><E76/><V126/><F126/><W128/><G114/><T65/><D98/><U87/><E87/><V43/><F43/><W66/><G128/><T48/><D65/><U132/><E125/><V68/><F68/><W50/><G112/><T23/><D46/><U80/><E80/><V7/><F7/><W71/><G94/><T47/><D45/><U17/><E132/><V86/><F86/><W32/><G71/><T36/><D36/><U113/><E113/><V18/><F18/><W40/><G66/><N who="0" m="39247" /><D92/><U78/><E78/><V49/><F49/><W19/><G60/><T30/><AGARI ba="0,1" hai="16,20,23,25,27,30,47,48,52,88,90" m="39247" machi="30" ten="30,8000,1" yaku="8,1,52,1,54,3" doraHai="51" who="0" fromWho="0" sc="389,90,119,-20,222,-40,260,-20" /><INIT seed="7,0,0,3,5,81" ten="479,99,182,240" oya="3" hai0="30,107,12,113,75,32,94,91,37,120,2,95,133" hai1="105,57,59,118,99,73,35,7,42,115,44,46,106" hai2="87,98,127,78,25,68,88,131,19,0,93,82,102" hai3="116,1,80,126,39,128,31,6,20,109,38,34,125"/><W26/><G116/><T96/><D2/><U9/><E118/><V36/><F36/><W65/><G65/><T5/><D37/><U64/><E73/><V77/><F0/><W24/><G80/><T117/><D75/><U63/><E115/><V52/><F68/><W69/><G69/><T55/><D107/><U54/><E35/><V97/><F131/><W58/><G58/><T60/><D32/><U23/><E23/><N who="2" m="13567" /><F127/><N who="3" m="48651" /><G39/><T45/><D133/><U119/><E119/><V108/><F108/><W104/><G104/><T13/><D120/><U47/><E99/><N who="2" m="59759" /><F52/><W14/><G38/><T114/><D55/><U135/><E135/><V49/><F49/><W122/><G122/><T66/><D60/><U67/><E105/><V56/><F56/><W101/><G101/><T103/><D103/><U121/><E106/><V8/><F8/><N who="3" m="2127" /><G128/><T40/><D66/><N who="1" m="25131" /><E121/><V16/><F16/><N who="3" m="10263" /><G24/><T61/><D117/><U76/><E76/><AGARI ba="0,0" hai="76,77,78,82,87,88,97,98" m="59759,13567" machi="76" ten="30,3900,0" yaku="8,1,52,1,54,1" doraHai="81" who="2" fromWho="1" sc="479,0,99,-39,182,39,240,0" owari="479,58.0,60,-44.0,221,-18.0,240,4.0" /></mjloggm>