<mjloggm ver="2.3"><GO type="41" lobby="0"/><UN n0="%E5%B0%B1%E6%B4%BB%E7%94%9F%40%E5%B7%9D%E6%9D%91%E8%BB%8D%E5%9B%A3" n1="%E3%82%89%E3%83%BC%E3%81%A6%E3%82%8B" n2="%E3%82%AE%E3%83%AA%E3%82%B8%E3%83%A3%E3%83%B3%EF%BC%81%EF%BC%9F" n3="%E3%83%AA%E3%83%BC%E3%83%81%E4%B8%80%E7%99%BA%E3%83%9D%E3%83%B3" dan="17,13,14,14" rate="2183.52,1944.65,1909.73,1937.49" sx="M,M,M,M"/><TAIKYOKU oya="0"/><INIT seed="0,0,0,3,4,71" ten="250,250,250,250" oya="0" hai0="7,34,75,4,66,73,96,78,103,89,99,109,15" hai1="56,124,76,35,3,79,43,110,69,126,122,77,1" hai2="65,40,98,108,115,6,68,117,116,112,47,94,13" hai3="46,25,38,85,120,127,102,131,42,28,14,9,30"/><T134/><D134/><U100/><E56/><V22/><F108/><W52/><G120/><T132/><D132/><U57/><E57/><V0/><F0/><N who="1" m="73" /><E100/><V23/><F68/><W50/><G131/><T29/><D66/><U105/><E69/><V74/><F74/><W97/><G127/><N who="1" m="48682" /><E105/><V21/><F65/><W92/><G25/><T106/><D109/><U10/><E110/><V64/><F64/><W60/><G85/><T101/><D89/><U26/><E10/><V27/><F112/><W54/><G60/><T113/><D113/><U11/><E11/><N who="2" m="4343" /><F115/><W32/><G32/><T51/><D78/><U61/><E61/><V55/><F55/><N who="3" m="21035" /><G38/><T72/><D51/><U95/><E95/><V12/><F116/><W129/><G129/><T123/><D123/><U44/><E122/><V90/><F117/><W83/><G83/><T118/><D118/><U107/><E107/><V121/><F121/><W84/><G84/><T80/><D80/><U41/><E44/><V37/><F37/><W86/><G86/><T88/><D101/><U16/><E35/><V17/><F47/><W48/><G48/><T81/><D34/><U24/><E16/><AGARI ba="0,0" hai="9,14,16,28,30,42,46,50,92,97,102" m="21035" machi="16" ten="30,3900,0" yaku="8,1,54,2" doraHai="71" who="3" fromWho="1" sc="250,0,250,-39,250,0,250,39" /><INIT seed="1,0,0,3,3,15" ten="250,211,250,289" oya="1" hai0="95,116,76,54,64,18,127,98,58,65,124,79,125" hai1="50,35,11,102,45,39,31,114,19,49,105,131,4" hai2="101,60,87,27,133,91,17,120,9,30,94,41,132" hai3="22,130,84,100,69,12,20,75,118,129,62,92,10"/><U61/><E105/><V70/><F120/><W33/><G75/><T3/><D3/><U110/><E102/><V108/><F108/><W74/><G74/><T1/><D1/><U104/><E131/><V88/><F101/><W47/><G33/><T28/><D28/><U85/><E104/><V71/><F41/><W13/><G118/><T14/><D116/><U67/><E114/><V115/><F115/><W52/><G13/><T128/><D128/><N who="3" m="49257" /><G69/><T112/><D112/><U83/><E35/><V55/><F55/><W93/><G93/><T34/><D34/><U29/><E39/><V103/><F103/><W32/><G32/><T107/><D107/><U44/><E4/><V46/><F46/><N who="1" m="18025" /><E110/><V78/><F30/><N who="1" m="11273" /><E61/><V59/><F78/><N who="0" m="29738" /><D95/><U5/><E5/><V53/><F91/><N who="3" m="53351" /><G100/><T86/><D86/><U37/><E67/><V117/><F117/><W82/><G82/><T25/><D98/><U97/><E97/><V106/><F106/><W135/><G135/><N who="2" m="51785" /><F9/><W6/><G47/><T119/><D119/><U73/><E73/><V109/><F109/><W96/><G96/><T42/><D42/><U111/><E37/><V7/><F7/><W66/><G66/><T57/><D25/><U21/><E11/><V63/><F27/><W121/><G121/><T38/><D38/><U68/><E111/><V24/><F24/><W81/><G81/><T89/><D89/><N who="1" m="51391" /><E68/><V99/><F70/><W36/><G36/><T2/><D2/><U40/><E40/><V8/><F71/><W113/><G113/><T123/><D65/><U122/><E122/><V26/><F99/><RYUUKYOKU ba="0,0" sc="250,-15,211,15,250,-15,289,15" hai1="19,21,49,50" hai3="6,10,12,20,22,52,62" /><INIT seed="1,1,0,4,3,38" ten="235,226,235,304" oya="1" hai0="40,73,118,30,76,17,109,45,100,10,15,112,57" hai1="108,134,65,121,83,48,25,82,96,104,13,84,34" hai2="126,6,22,62,113,124,8,98,69,1,60,106,39" hai3="72,91,79,0,129,9,128,131,32,23,52,75,71"/><U27/><E121/><V74/><F22/><W11/><G32/><T80/><D118/><U95/><E104/><V63/><F113/><W18/><G71/><T61/><D109/><U47/><E108/><V115/><F115/><W90/><G0/><T116/><D112/><U33/><E65/><V133/><F133/><W111/><G111/><T46/><D116/><U2/><E2/><V49/><F49/><W24/><G52/><T86/><D100/><U105/><E105/><V50/><F50/><W77/><G77/><T78/><D30/><U125/><E34/><V36/><F74/><N who="3" m="28203" /><G79/><T43/><D76/><N who="1" m="46151" /><E33/><V31/><F31/><W41/><G41/><N who="0" m="15947" /><D73/><U5/><E83/><V59/><F59/><W122/><G122/><T114/><D114/><U103/><E125/><N who="2" m="48235" /><F69/><W16/><G18/><T87/><D87/><U107/><E107/><V44/><F44/><W64/><G64/><AGARI ba="1,0" hai="10,15,17,45,46,57,61,64,78,80,86" m="15947" machi="64" ten="30,7700,0" yaku="8,1,52,3" doraHai="38" who="0" fromWho="3" sc="235,80,226,0,235,0,304,-80" /><INIT seed="2,0,0,0,4,42" ten="315,226,235,224" oya="2" hai0="92,20,18,68,90,128,53,72,55,32,105,61,118" hai1="102,43,93,39,117,123,94,69,119,6,101,29,11" hai2="104,87,59,27,71,106,0,114,35,95,131,112,15" hai3="28,30,110,88,82,62,66,70,64,122,47,116,37"/><V5/><F71/><W60/><G116/><T9/><D32/><U14/><E69/><V4/><F0/><W54/><G110/><T40/><D105/><U113/><E113/><V25/><F59/><W49/><G122/><T41/><D72/><U19/><E123/><V108/><F108/><W38/><G28/><T107/><D107/><U23/><E119/><V124/><F124/><W36/><G30/><T125/><D118/><U31/><E117/><V84/><F95/><N who="1" m="36361" /><E39/><V2/><F2/><W103/><G103/><N who="1" m="39434" /><E43/><V130/><F15/><AGARI ba="0,0" hai="6,11,14,15,19,23,29,31" m="39434,36361" machi="15" ten="30,1000,0" yaku="8,1" doraHai="42" who="1" fromWho="2" sc="315,0,226,10,235,-10,224,0" /><INIT seed="3,0,0,0,4,99" ten="315,236,225,224" oya="3" hai0="55,12,6,43,104,41,37,128,61,22,122,50,48" hai1="18,24,31,9,16,125,95,36,7,124,72,45,38" hai2="107,17,21,116,68,101,74,79,112,80,91,65,126" hai3="106,46,27,82,71,84,32,3,23,114,30,2,121"/><W78/><G121/><T113/><D104/><U64/><E72/><V14/><F116/><W81/><G114/><T70/><D6/><U119/><E64/><V102/><F112/><W132/><G132/><T115/><D12/><U54/><E119/><V63/><F107/><W20/><G106/><T67/><D22/><U42/><E54/><V19/><F126/><N who="1" m="48745" /><E95/><V127/><F127/><W53/><G71/><T97/><D97/><U52/><E38/><V1/><F1/><W108/><G108/><T49/><D122/><U29/><E52/><V60/><F63/><W94/><G94/><T56/><D128/><U118/><E118/><V11/><REACH who="2" step="1"/><F91/><REACH who="2" ten="315,236,215,224" step="2"/><W4/><G3/><T0/><D0/><N who="1" m="231" /><E31/><V93/><F93/><W109/><G30/><T110/><D113/><U35/><AGARI ba="0,1" hai="16,18,24,29,35,36,42,45" m="231,48745" machi="35" ten="30,2000,0" yaku="18,1,54,1" doraHai="99" who="1" fromWho="1" sc="315,-5,236,30,215,-5,224,-10" /><INIT seed="4,0,0,0,3,30" ten="310,266,210,214" oya="0" hai0="135,124,83,81,49,77,61,134,52,37,104,97,125" hai1="22,110,58,131,10,67,0,38,36,19,39,116,129" hai2="53,15,107,123,89,40,43,62,1,70,25,93,6" hai3="56,117,95,103,34,133,50,87,108,118,76,92,75"/><T31/><D37/><U114/><E0/><V88/><F123/><W60/><G108/><T115/><D115/><U27/><E116/><V78/><F107/><W100/><G133/><N who="0" m="50699" /><D31/><U35/><E110/><V51/><F1/><W126/><G126/><N who="0" m="48747" /><D61/><N who="1" m="38327" /><E10/><N who="2" m="4567" /><F25/><W106/><G75/><T122/><D122/><U132/><E132/><V59/><F78/><W33/><G106/><T20/><D20/><U26/><E114/><V105/><F105/><W69/><G69/><T91/><D77/><U2/><E2/><V65/><F70/><W98/><G50/><T21/><D21/><U46/><E46/><N who="2" m="27895" /><F89/><W48/><G48/><T101/><D91/><U72/><E72/><V45/><F45/><AGARI ba="0,0" hai="45,49,52,81,83,97,101,104" m="48747,50699" machi="45" ten="30,5800,0" yaku="20,1,18,1,54,1" doraHai="30" who="0" fromWho="2" sc="310,58,266,0,210,-58,214,0" /><INIT seed="4,1,0,3,2,62" ten="368,266,152,214" oya="0" hai0="84,58,8,16,47,96,82,7,73,63,106,10,57" hai1="74,88,30,41,125,64,128,126,135,114,59,91,89" hai2="68,34,103,19,130,0,101,40,95,49,121,60,105" hai3="2,5,134,38,99,32,66,27,23,109,45,98,43"/><T80/><D73/><U21/><E74/><V20/><F121/><W123/><G123/><T15/><D47/><U97/><E41/><V93/><F34/><W54/><G109/><T18/><D58/><U85/><E135/><V75/><F0/><W81/><G32/><T33/><D33/><U22/><E85/><V35/><F35/><W90/><G134/><T92/><D106/><U17/><E128/><V118/><F75/><W13/><G2/><T127/><D127/><N who="1" m="48651" /><E30/><V124/><F124/><W110/><G110/><T25/><D84/><U31/><E31/><V116/><F130/><W131/><G131/><T6/><D10/><U36/><E36/><V44/><F105/><W87/><G54/><T108/><D108/><U55/><E114/><V65/><F93/><W112/><G112/><T37/><D37/><U24/><E22/><V86/><F86/><W48/><G38/><T100/><D7/><U107/><E107/><V133/><F133/><W122/><G122/><T69/><D69/><U79/><E79/><V70/><F70/><W26/><G26/><T111/><D111/><U53/><E97/><V42/><F42/><W117/><G117/><N who="2" m="45161" /><F95/><W29/><REACH who="3" step="1"/><G66/><REACH who="3" ten="368,266,152,204" step="2"/><N who="0" m="39279" /><D25/><AGARI ba="1,1" hai="19,20,25,40,44,49,60,65,68,101,103" m="45161" machi="25" ten="30,2000,0" yaku="12,1,52,1" doraHai="62" who="2" fromWho="0" sc="368,-23,266,0,152,33,204,0" /><INIT seed="5,0,0,2,0,17" ten="345,266,185,204" oya="1" hai0="101,46,129,0,48,91,57,123,78,55,13,50,14" hai1="73,27,42,9,133,83,100,118,52,77,1,70,94" hai2="60,26,111,66,29,76,45,88,74,86,63,65,131" hai3="67,24,11,124,5,69,82,99,109,132,121,115,75"/><U44/><E70/><V39/><F111/><W7/><G121/><T108/><D0/><U106/><E118/><V4/><F4/><W51/><G109/><T90/><D108/><U72/><E72/><V135/><F76/><W16/><G132/><T47/><D129/><U30/><E133/><V79/><F79/><W126/><G115/><T96/><D78/><U130/><E130/><V32/><F74/><W98/><G82/><T93/><D123/><U3/><E94/><V37/><F135/><W58/><G75/><T97/><D57/><U25/><E25/><V116/><F45/><W34/><G69/><T21/><D21/><U64/><E64/><V84/><F84/><W35/><G35/><T62/><D62/><U36/><E9/><V40/><F40/><W114/><G114/><T18/><D18/><U105/><E52/><V104/><F116/><W95/><G34/><T8/><D8/><U59/><E59/><V113/><F104/><N who="1" m="40041" /><E100/><V103/><F103/><W71/><G71/><T120/><D120/><U128/><E128/><V117/><F117/><W20/><G99/><T19/><D19/><U112/><E112/><V119/><F113/><W6/><G58/><T85/><D96/><U102/><E102/><V2/><F119/><W53/><G67/><N who="2" m="25609" /><F131/><W23/><G53/><N who="0" m="29847" /><D101/><U33/><AGARI ba="0,0" hai="1,3,27,30,33,36,42,44,73,77,83" m="40041" machi="33" ten="30,3000,0" yaku="33,2" doraHai="17" who="1" fromWho="1" sc="345,-10,266,30,185,-10,204,-10" /><INIT seed="5,1,0,2,4,44" ten="335,296,175,194" oya="1" hai0="25,89,49,121,86,63,48,20,8,106,87,80,26" hai1="11,30,96,105,98,97,129,128,73,35,37,67,41" hai2="3,116,127,14,62,56,27,124,76,65,47,93,120" hai3="10,31,58,113,15,82,83,4,99,125,75,0,24"/><U53/><E35/><V103/><F116/><W91/><G125/><T81/><D106/><U135/><E30/><V107/><F3/><W115/><G75/><T28/><D121/><U32/><E32/><V126/><F120/><W119/><G119/><T114/><D114/><N who="3" m="43529" /><G58/><T34/><D8/><U12/><E73/><V109/><F109/><W29/><G0/><T72/><D63/><U5/><E67/><V131/><F131/><N who="1" m="50249" /><E135/><V38/><F76/><W78/><G78/><T85/><D72/><U18/><E53/><V104/><F27/><W51/><G51/><N who="0" m="19531" /><D34/><U61/><E61/><V40/><F14/><W71/><G71/><T52/><D52/><U22/><E41/><V59/><F59/><W23/><G31/><T55/><D55/><U36/><E105/><V132/><F132/><W64/><G64/><T1/><D1/><AGARI ba="1,0" hai="1,5,11,12,18,22,36,37,96,97,98" m="50249" machi="1" ten="30,1500,0" yaku="19,1" doraHai="44" who="1" fromWho="0" sc="335,-18,296,18,175,0,194,0" /><INIT seed="5,2,0,0,3,87" ten="317,314,175,194" oya="1" hai0="82,94,130,134,27,45,92,51,54,109,124,70,75" hai1="111,107,55,30,13,112,41,2,103,19,131,10,100" hai2="83,117,73,36,20,9,63,66,105,47,113,90,11" hai3="58,79,44,15,108,56,93,127,132,86,17,68,123"/><U91/><E111/><V65/><F117/><W76/><G68/><T32/><D109/><U120/><E120/><V71/><F105/><W115/><G123/><T43/><D70/><U88/><E2/><V53/><F66/><W50/><G108/><T21/><D32/><U14/><E131/><V39/><F39/><W104/><G104/><T31/><D130/><U49/><E41/><V25/><F113/><W23/><G127/><T42/><D124/><U102/><E30/><V128/><F128/><W5/><G132/><T57/><D134/><U133/><E133/><V38/><F38/><W81/><G5/><T35/><D35/><U48/><E107/><V40/><F53/><N who="3" m="29895" /><G115/><T121/><D121/><U61/><E112/><V89/><F73/><W101/><G76/><T34/><D34/><U29/><E29/><V7/><F11/><W119/><G119/><T26/><D26/><U8/><E61/><V0/><REACH who="2" step="1"/><F83/><REACH who="2" ten="317,314,165,194" step="2"/><W96/><AGARI ba="2,1" hai="15,17,23,56,58,79,81,86,93,96,101" m="29895" machi="96" ten="30,1100,0" yaku="8,1" doraHai="87" who="3" fromWho="3" sc="317,-5,314,-7,165,-5,194,27" /><INIT seed="6,0,0,4,3,56" ten="312,307,160,221" oya="2" hai0="115,21,79,134,15,128,20,41,101,104,44,2,67" hai1="65,1,23,95,14,6,122,27,94,42,31,107,43" hai2="85,130,12,119,32,105,116,29,88,92,81,3,18" hai3="121,71,77,83,82,57,96,89,45,98,36,132,4"/><V69/><F105/><W72/><G71/><T54/><D2/><U50/><E107/><V16/><F3/><W11/><G121/><T123/><D123/><U48/><E122/><V52/><F130/><W64/><G132/><T63/><D115/><U76/><E76/><V59/><F69/><W70/><G70/><T74/><D54/><U100/><E1/><V58/><F58/><W110/><G110/><T53/><D53/><U133/><E65/><V99/><F32/><W33/><G33/><T84/><D74/><U124/><E133/><V55/><F29/><W25/><G25/><T93/><D104/><U9/><E124/><V46/><F46/><W60/><G89/><T135/><D15/><U91/><E100/><N who="2" m="60519" /><F116/><W51/><G83/><N who="0" m="47231" /><D128/><U38/><E95/><V34/><F34/><W61/><G61/><T0/><D0/><U19/><E38/><V66/><F119/><W49/><G36/><T7/><D7/><U118/><E118/><V106/><F106/><W22/><G22/><T114/><D114/><U113/><E113/><V68/><F68/><W10/><G51/><N who="1" m="19498" /><E6/><V112/><F112/><W30/><G30/><T126/><D126/><U102/><E102/><V78/><F78/><W26/><G26/><T131/><D131/><U13/><E13/><V109/><F109/><W97/><REACH who="3" step="1"/><G4/><REACH who="3" ten="312,307,160,211" step="2"/><T5/><D5/><U111/><E111/><V86/><F18/><W129/><G129/><T127/><D134/><U17/><E31/><V75/><F75/><W108/><G108/><T28/><D135/><U120/><E120/><V35/><F35/><W73/><G73/><RYUUKYOKU ba="0,1" sc="312,-15,307,15,160,-15,211,15" hai1="9,14,17,19,23,27,42,43,91,94" hai3="10,11,45,49,57,60,64,72,77,82,96,97,98" /><INIT seed="7,1,1,0,2,9" ten="297,322,145,226" oya="3" hai0="100,55,103,128,32,88,49,43,66,46,114,27,25" hai1="96,28,106,74,107,121,18,71,73,69,87,105,135" hai2="5,84,72,80,82,12,41,111,76,53,110,78,86" hai3="62,81,15,130,70,11,120,101,60,36,37,126,8"/><W2/><G120/><T99/><D128/><U22/><E121/><V23/><F72/><W116/><G116/><T89/><D114/><U24/><E96/><V85/><F110/><W59/><G101/><N who="0" m="38987" /><D32/><U0/><E0/><V21/><F111/><W102/><G102/><T92/><D66/><U113/><E113/><V93/><F53/><W42/><G130/><T117/><D117/><U122/><E122/><V38/><F38/><W58/><G42/><T133/><D133/><U34/><E135/><V51/><F93/><W63/><G126/><T39/><D39/><N who="3" m="14921" /><G81/><T98/><D43/><U35/><E87/><V40/><F86/><W1/><G15/><T19/><D19/><U109/><E109/><V54/><F54/><W26/><G26/><N who="0" m="9739" /><D99/><U61/><E18/><V83/><F83/><W45/><G45/><T91/><AGARI ba="1,1" hai="46,49,55,88,89,91,92,98" m="9739,38987" machi="91" ten="30,2000,0" yaku="8,1,54,1" doraHai="9" who="0" fromWho="0" sc="297,33,322,-6,145,-6,226,-11" owari="330,42.0,316,12.0,139,-36.0,215,-18.0" /></mjloggm>