<mjloggm ver="2.3"><GO type="169" lobby="0"/><UN n0="%E5%B0%B1%E6%B4%BB%E7%94%9F%40%E5%B7%9D%E6%9D%91%E8%BB%8D%E5%9B%A3" n1="%E3%81%8D%E3%81%93%E3%81%A3%E3%81%A1" n2="%58%57" n3="%41%E3%82%86%E3%81%A3%E3%81%93%E3%82%93%E3%81%90" dan="17,16,16,16" rate="2172.37,2051.50,2124.07,2041.79" sx="M,M,M,M"/><TAIKYOKU oya="0"/><INIT seed="0,0,0,2,4,85" ten="250,250,250,250" oya="0" hai0="51,16,39,17,129,118,29,44,43,21,52,95,77" hai1="0,90,7,47,133,86,70,8,34,112,31,122,3" hai2="25,12,19,125,67,55,107,20,80,48,59,105,49" hai3="94,24,127,120,91,75,71,106,126,45,2,68,119"/><T99/><D118/><U121/><E133/><V22/><F125/><N who="3" m="47627" /><G119/><T103/><D129/><U41/><E70/><V73/><F67/><W32/><G106/><T37/><D77/><U132/><E132/><V5/><F5/><W81/><G2/><T109/><D109/><U79/><E0/><V66/><F66/><W82/><G45/><T76/><D76/><U101/><E79/><V130/><F80/><N who="3" m="30827" /><G75/><T123/><D123/><U38/><E101/><V110/><F73/><W58/><G58/><T46/><REACH who="0" step="1"/><D39/><REACH who="0" ten="240,250,250,250" step="2"/><U104/><E122/><V50/><F110/><W60/><G120/><T11/><D11/><U117/><E112/><V35/><F130/><W53/><G71/><T135/><D135/><U61/><E121/><V102/><F35/><W15/><G68/><T89/><D89/><U124/><E117/><V62/><F102/><W57/><G91/><T116/><D116/><U64/><E124/><V65/><F107/><W115/><G32/><T100/><D100/><U33/><E104/><V36/><F105/><W131/><G115/><T69/><D69/><U87/><E90/><V88/><F36/><W93/><G131/><T9/><D9/><U40/><E34/><V13/><F88/><W78/><G78/><T63/><D63/><U28/><E33/><V42/><F22/><W98/><G60/><T96/><D96/><U97/><E97/><V114/><F114/><W30/><G98/><T83/><D83/><U6/><E61/><N who="2" m="38079" /><F42/><W128/><G128/><T56/><D56/><AGARI ba="0,1" hai="12,13,19,20,25,48,49,50,55,56,62" m="38079" machi="56" ten="30,1000,0" yaku="8,1" doraHai="85" who="2" fromWho="0" sc="240,-10,250,0,250,20,250,0" /><INIT seed="1,0,0,2,3,91" ten="230,250,270,250" oya="1" hai0="114,131,90,64,55,83,49,2,20,96,67,118,119" hai1="124,108,63,69,92,32,78,115,101,135,75,125,123" hai2="6,12,16,28,52,117,73,45,25,33,128,102,3" hai3="100,34,15,103,4,37,35,65,74,61,93,109,54"/><U18/><E123/><V98/><F117/><W88/><G109/><T30/><D2/><U134/><E115/><V84/><F73/><W97/><G74/><T66/><D114/><U82/><E32/><V130/><F84/><W38/><G35/><T85/><D131/><U48/><E108/><V79/><F79/><W120/><G34/><T36/><D36/><U105/><E105/><V106/><F3/><W94/><G54/><T116/><D96/><N who="1" m="59527" /><E48/><V29/><F6/><W41/><G120/><T87/><D20/><U132/><E18/><V9/><F29/><W17/><G4/><T44/><D30/><U72/><E72/><V24/><F25/><W122/><G122/><T40/><REACH who="0" step="1"/><D85/><REACH who="0" ten="220,250,270,250" step="2"/><U50/><E50/><V47/><F130/><W71/><G38/><T60/><D60/><U46/><E46/><V62/><REACH who="2" step="1"/><F128/><REACH who="2" ten="220,250,260,250" step="2"/><W7/><G97/><T53/><AGARI ba="0,2" hai="40,44,49,53,55,64,66,67,83,87,90,116,118,119" machi="53" ten="40,2700,0" yaku="1,1,0,1,53,0" doraHai="91" doraHaiUra="104" who="0" fromWho="0" sc="220,47,250,-13,260,-7,250,-7" /><INIT seed="2,0,0,1,4,67" ten="267,237,253,243" oya="2" hai0="69,121,105,39,125,80,119,40,1,122,126,89,85" hai1="106,134,98,101,5,54,35,115,25,11,114,99,75" hai2="135,76,43,29,82,24,62,133,132,22,112,55,2" hai3="46,18,130,59,95,14,26,128,9,36,107,92,103"/><V27/><F43/><N who="3" m="22887" /><G59/><T117/><D1/><U83/><E134/><V63/><F112/><W21/><G103/><T53/><D53/><U73/><E99/><V47/><F2/><W124/><G107/><T79/><D40/><U123/><E123/><N who="0" m="47113" /><D39/><U72/><E54/><V108/><F24/><W87/><G87/><N who="0" m="48543" /><D69/><U129/><E83/><V88/><F108/><W49/><G49/><T19/><D19/><U51/><E51/><N who="2" m="29183" /><F88/><W50/><G50/><T20/><D20/><U6/><E6/><V15/><F15/><W34/><G124/><N who="0" m="47723" /><D105/><U13/><E115/><V131/><F131/><N who="3" m="50219" /><G34/><T127/><N who="0" m="47731" /><T111/><DORA hai="104" /><D111/><U58/><E129/><V91/><F91/><W10/><G10/><T96/><D96/><U97/><E114/><V42/><F42/><W33/><G33/><T57/><D57/><U52/><E98/><V116/><F116/><W65/><G65/><T56/><D56/><U113/><E113/><V84/><AGARI ba="0,0" hai="22,27,29,62,63,76,82,84,132,133,135" m="29183" machi="84" ten="30,1500,0" yaku="20,1" doraHai="67,104" who="2" fromWho="2" sc="267,-5,237,-5,253,15,243,-5" /><INIT seed="2,1,0,0,1,5" ten="262,232,268,238" oya="2" hai0="109,27,52,23,42,51,83,53,132,88,21,127,71" hai1="130,39,118,80,75,120,49,14,63,4,87,24,31" hai2="91,12,81,79,94,107,74,108,73,78,3,25,69" hai3="97,77,30,61,17,26,19,64,37,45,55,38,58"/><V16/><F3/><W134/><G134/><T65/><D109/><U126/><E118/><V124/><F69/><W128/><G128/><T2/><D2/><U10/><E39/><V122/><F107/><W113/><G113/><T90/><D132/><U60/><E126/><V28/><F108/><W131/><G131/><T41/><D127/><U7/><E130/><V33/><F122/><W62/><G77/><T1/><D1/><U57/><E75/><V82/><F124/><W48/><G38/><T0/><D0/><U8/><E120/><V34/><F34/><W6/><G37/><T123/><D123/><U111/><E111/><V18/><REACH who="2" step="1"/><F12/><REACH who="2" ten="262,232,258,238" step="2"/><W133/><G133/><T59/><D71/><U102/><E14/><V9/><F9/><W20/><G6/><T93/><D23/><N who="1" m="15775" /><E4/><V67/><F67/><W56/><REACH who="3" step="1"/><G97/><AGARI ba="1,1" hai="16,18,25,28,33,73,74,78,79,81,82,91,94,97" machi="97" ten="30,11600,0" yaku="1,1,7,1,9,1,54,1,53,0" doraHai="5" doraHaiUra="117" who="2" fromWho="3" sc="262,0,232,0,258,129,238,-119" /><INIT seed="2,2,0,1,0,95" ten="262,232,387,119" oya="2" hai0="101,85,9,132,21,68,48,12,50,6,39,117,131" hai1="52,71,70,87,35,42,67,72,40,10,76,47,93" hai2="98,80,62,84,0,96,116,102,28,3,107,121,41" hai3="27,69,32,31,105,120,130,65,79,61,97,55,81"/><V20/><F116/><W46/><G130/><T17/><D117/><U110/><E35/><V122/><F3/><W94/><G120/><T5/><D131/><U16/><E110/><V125/><F0/><W82/><G79/><T104/><D39/><U15/><E72/><V18/><F28/><W90/><REACH who="3" step="1"/><G105/><REACH who="3" ten="262,232,387,109" step="2"/><T119/><D119/><U36/><E76/><V135/><F122/><W124/><G124/><T91/><D132/><U2/><E2/><V112/><F121/><W73/><G73/><T54/><D68/><U45/><E67/><V34/><F125/><W58/><G58/><T56/><D48/><AGARI ba="2,1" hai="27,31,32,46,48,55,61,65,69,81,82,90,94,97" machi="48" ten="40,2600,0" yaku="1,1,52,1,53,0" doraHai="95" doraHaiUra="118" who="3" fromWho="0" sc="262,-32,232,0,387,0,109,42" /><INIT seed="3,0,0,2,5,98" ten="230,232,387,151" oya="3" hai0="55,0,34,56,52,96,23,48,89,54,53,47,135" hai1="38,70,92,93,88,64,20,125,131,85,90,87,17" hai2="80,99,24,86,128,19,120,29,100,84,33,134,105" hai3="26,1,61,57,115,36,101,39,119,94,123,51,121"/><W49/><G1/><T102/><D34/><U62/><E131/><V60/><F128/><W4/><G4/><T97/><D0/><U114/><E38/><N who="3" m="14378" /><G26/><T68/><D68/><U75/><E75/><V79/><F120/><N who="3" m="46155" /><G101/><T8/><D135/><U106/><E125/><V91/><F134/><W133/><G94/><N who="0" m="58647" /><D8/><U42/><E42/><V45/><F45/><W63/><G133/><T18/><D89/><U82/><E106/><V71/><F19/><W9/><G9/><T122/><D97/><U76/><E114/><V77/><F86/><W7/><G7/><T69/><D69/><U78/><REACH who="1" step="1"/><E82/><REACH who="1" ten="230,222,387,151" step="2"/><V74/><F74/><W31/><G115/><T58/><D122/><U25/><AGARI ba="0,1" hai="17,20,25,62,64,70,76,78,85,87,88,90,92,93" machi="25" ten="20,12000,2" yaku="1,1,2,1,0,1,7,1,9,1,54,1,53,0" doraHai="98" doraHaiUra="126" who="1" fromWho="1" sc="230,-30,222,130,387,-30,151,-60" /><INIT seed="4,0,0,4,1,96" ten="200,352,357,91" oya="0" hai0="133,115,29,2,123,93,56,129,119,101,100,68,42" hai1="35,21,24,36,14,74,117,95,79,31,78,30,134" hai2="39,20,38,126,112,5,127,44,49,25,107,77,104" hai3="111,120,18,41,16,10,1,8,118,37,75,98,33"/><T131/><D68/><U88/><E117/><V46/><F77/><W51/><G111/><T121/><D2/><U130/><E36/><N who="2" m="13867" /><F5/><W34/><G118/><T109/><D119/><U43/><E134/><V84/><F84/><W102/><G37/><T116/><D116/><U3/><E3/><V17/><F112/><W40/><G1/><T97/><D115/><U132/><E130/><N who="0" m="49673" /><D133/><U99/><E132/><V9/><F9/><W26/><G75/><T73/><D73/><U0/><E0/><V70/><F70/><W66/><G66/><T23/><D42/><U105/><E43/><N who="2" m="24735" /><F46/><W58/><G26/><N who="0" m="16607" /><D109/><U108/><E108/><V65/><F65/><W11/><G40/><T91/><D56/><U72/><E105/><V69/><F69/><W92/><G120/><AGARI ba="0,0" hai="91,93,97,100,101,120,121,123" m="16607,49673" machi="120" ten="30,5800,0" yaku="19,1,52,2" doraHai="96" who="0" fromWho="3" sc="200,58,352,0,357,0,91,-58" /><INIT seed="4,1,0,1,3,63" ten="258,352,357,33" oya="0" hai0="121,89,85,16,88,77,66,12,76,112,129,73,75" hai1="101,95,9,58,98,68,118,113,135,79,124,39,62" hai2="120,103,90,21,56,71,96,117,14,2,50,116,60" hai3="45,122,1,111,11,32,86,34,47,67,128,125,64"/><T100/><D121/><U8/><E118/><N who="2" m="45675" /><F120/><W70/><G122/><T130/><D112/><U7/><E39/><V114/><F2/><W51/><G11/><N who="0" m="6175" /><D100/><U17/><E135/><V107/><F71/><W24/><G1/><T6/><D6/><U97/><E124/><V78/><F114/><W102/><G125/><T61/><D76/><U109/><E109/><V57/><F78/><W13/><G13/><T15/><D15/><U82/><E68/><V29/><F90/><N who="0" m="34922" /><D77/><U41/><E113/><V134/><F134/><W49/><G86/><T30/><D30/><U48/><E98/><V126/><F126/><W127/><G127/><T40/><D40/><U25/><E7/><V119/><F14/><W69/><G24/><T10/><D10/><U84/><E25/><V54/><F119/><W43/><G43/><T52/><D85/><U38/><E17/><V20/><F29/><W28/><G28/><T42/><D42/><U104/><E104/><V53/><AGARI ba="1,0" hai="20,21,50,53,54,56,57,60,96,103,107" m="45675" machi="53" ten="30,1100,0" yaku="12,1" doraHai="63" who="2" fromWho="2" sc="258,-6,352,-4,357,14,33,-4" /><INIT seed="5,0,0,3,0,28" ten="252,348,371,29" oya="1" hai0="129,105,80,14,27,119,12,81,104,40,95,77,130" hai1="43,2,73,65,98,53,23,111,113,115,61,88,71" hai2="106,26,121,76,109,62,30,112,50,34,31,78,87" hai3="126,108,20,91,132,134,90,7,100,38,83,135,89"/><U120/><E120/><V85/><F109/><W69/><G20/><T0/><D0/><U56/><E111/><V51/><F121/><W44/><G7/><T52/><D40/><U6/><E73/><V86/><F106/><W32/><G32/><T114/><D114/><N who="1" m="43531" /><E43/><V133/><F112/><W79/><G44/><T16/><D119/><U75/><E75/><V84/><F133/><N who="3" m="34051" /><W55/><DORA hai="93" /><G55/><T74/><D81/><U11/><E23/><V116/><F31/><W19/><G69/><T70/><D70/><U66/><E71/><V68/><F116/><W21/><G19/><T107/><D95/><AGARI ba="0,0" hai="2,6,11,53,56,61,65,66,88,95,98" m="43531" machi="95" ten="30,5800,0" yaku="15,1,52,1,54,1" doraHai="28,93" who="1" fromWho="0" sc="252,-58,348,58,371,0,29,0" /><INIT seed="5,1,0,0,4,104" ten="194,406,371,29" oya="1" hai0="81,73,37,65,58,38,95,51,10,54,56,44,50" hai1="29,33,22,9,43,8,60,80,64,19,40,4,92" hai2="32,101,76,102,7,116,15,122,1,2,63,88,113" hai3="110,107,70,97,20,11,118,68,112,13,16,49,12"/><U134/><E134/><V78/><F116/><W125/><G125/><T57/><D95/><U126/><E126/><V79/><F122/><W128/><G128/><T75/><D81/><U5/><E29/><V99/><F32/><W52/><G112/><T21/><D65/><U117/><E33/><V87/><F113/><W39/><G39/><T109/><D109/><U100/><E117/><V115/><F115/><W47/><G110/><T66/><D66/><U89/><E100/><V61/><F15/><W85/><G118/><T82/><D82/><U93/><E80/><V28/><F28/><W0/><G0/><T74/><D10/><U36/><E36/><V17/><F17/><W123/><G85/><T59/><REACH who="0" step="1"/><D21/><REACH who="0" ten="184,406,371,29" step="2"/><U18/><E22/><V105/><F105/><W108/><G108/><T106/><D106/><U119/><E64/><V86/><F99/><W14/><G123/><T111/><D111/><U27/><E119/><V90/><F78/><W91/><G107/><T135/><D135/><U131/><E9/><V121/><F121/><W41/><G11/><T114/><D114/><U46/><E8/><V94/><F94/><N who="3" m="56543" /><G70/><T69/><D69/><U67/><E92/><V72/><F7/><W45/><G68/><T25/><D25/><U130/><E27/><V71/><F71/><W83/><G83/><T84/><D84/><U132/><E132/><V133/><F133/><W62/><G62/><T26/><D26/><U127/><E60/><V77/><F77/><W42/><G42/><AGARI ba="1,1" hai="37,38,42,44,50,51,54,56,57,58,59,73,74,75" machi="42" ten="50,16000,3" yaku="1,1,52,3,53,4" doraHai="104" doraHaiUra="55" who="0" fromWho="3" sc="184,173,406,0,371,0,29,-163" owari="357,-4.0,406,50.0,371,17.0,-134,-63.0" /></mjloggm>