<mjloggm ver="2.3"><GO type="41" lobby="0"/><UN n0="%E3%83%AA%E3%83%BC%E3%83%81%E3%83%89%E3%83%A9%31" n1="%E9%80%A3%E5%88%BB" n2="%E3%82%A2%E3%82%AF%E3%82%B9%E3%82%B1" n3="%E5%B0%B1%E6%B4%BB%E7%94%9F%40%E5%B7%9D%E6%9D%91%E8%BB%8D%E5%9B%A3" dan="14,15,14,18" rate="1927.44,1885.39,1915.37,2249.01" sx="F,M,M,M"/><TAIKYOKU oya="0"/><INIT seed="0,0,0,4,4,44" ten="250,250,250,250" oya="0" hai0="57,118,105,120,11,84,93,127,36,130,73,114,132" hai1="106,25,102,29,23,46,76,49,110,108,91,6,88" hai2="50,17,107,82,16,83,40,31,4,115,94,52,62" hai3="33,3,53,131,35,65,125,42,28,72,98,124,1"/><T70/><RYUUKYOKU type="yao9" ba="0,0" sc="250,0,250,0,250,0,250,0" hai0="11,36,57,70,73,84,93,105,114,118,120,127,130,132" /><INIT seed="0,1,0,1,3,133" ten="250,250,250,250" oya="0" hai0="12,108,67,132,125,60,44,98,109,90,91,120,64" hai1="68,18,31,122,127,123,87,16,43,42,134,15,22" hai2="28,89,129,38,119,45,114,72,92,40,77,65,66" hai3="51,126,20,110,7,83,111,34,24,56,135,6,55"/><T25/><D120/><U70/><E134/><V84/><F119/><W105/><G105/><T117/><D132/><U97/><E31/><V33/><F114/><W3/><G135/><T59/><D117/><U0/><E0/><V74/><F129/><W32/><G83/><T5/><D125/><U104/><E104/><V26/><REACH who="2" step="1"/><F77/><REACH who="2" ten="250,250,240,250" step="2"/><W11/><G111/><T76/><D108/><U13/><E123/><V21/><F21/><W99/><G110/><T1/><D109/><U39/><E22/><V106/><F106/><W130/><G130/><T53/><D76/><U81/><E122/><V49/><F49/><W102/><G34/><T88/><D1/><U37/><E39/><V19/><F19/><W94/><G32/><T36/><D98/><U14/><E97/><V41/><F41/><W9/><G20/><T52/><D25/><U17/><E37/><V103/><F103/><W75/><G24/><T58/><D36/><U54/><E127/><V69/><F69/><W50/><G126/><T96/><D96/><U61/><E70/><V35/><F35/><W78/><G51/><N who="0" m="31007" /><D44/><U71/><E68/><V10/><F10/><AGARI ba="1,1" hai="5,10,12,53,59,60,64,67,88,90,91" m="31007" machi="10" ten="30,5800,0" yaku="8,1,54,2" doraHai="133" who="0" fromWho="2" sc="250,71,250,0,240,-61,250,0" /><INIT seed="0,2,0,5,4,131" ten="321,250,179,250" oya="0" hai0="95,59,6,69,35,52,19,129,25,86,122,67,125" hai1="1,14,130,104,73,71,126,41,2,30,44,110,46" hai2="109,47,128,76,111,3,34,103,101,119,4,132,106" hai3="81,127,115,64,36,134,27,8,32,93,72,28,15"/><T48/><D122/><U102/><E130/><V37/><F128/><W61/><G115/><T12/><D129/><U31/><E73/><V80/><F119/><W51/><G36/><T17/><D125/><U24/><E71/><V114/><F114/><W54/><G127/><T124/><D124/><U96/><E126/><V84/><F34/><W74/><G93/><T118/><D118/><U65/><E110/><N who="2" m="41995" /><F106/><W56/><G81/><T9/><D69/><U39/><E65/><V43/><F132/><W45/><REACH who="3" step="1"/><G134/><REACH who="3" ten="321,250,179,240" step="2"/><T99/><D95/><U91/><E39/><V23/><F103/><W38/><G38/><T33/><D99/><U78/><E96/><V58/><F101/><W133/><G133/><T89/><D35/><U83/><E102/><V105/><F105/><W66/><G66/><T26/><D67/><U70/><E104/><V116/><F80/><W85/><G85/><T22/><D33/><U16/><E83/><V42/><F84/><W11/><G11/><T97/><D97/><U77/><E91/><V107/><F37/><W112/><G112/><T50/><D86/><U53/><E78/><V49/><F107/><W7/><AGARI ba="2,1" hai="7,8,15,27,28,32,45,51,54,56,61,64,72,74" machi="7" ten="20,2700,0" yaku="1,1,0,1,7,1,53,0" doraHai="131" doraHaiUra="87" who="3" fromWho="3" sc="321,-15,250,-9,179,-9,240,43" /><INIT seed="1,0,0,3,4,98" ten="306,241,170,283" oya="1" hai0="42,107,84,113,77,103,86,43,82,78,7,6,33" hai1="85,9,121,45,0,34,63,55,73,127,120,1,39" hai2="117,99,115,112,36,66,49,116,71,19,25,28,100" hai3="27,93,132,92,67,102,80,124,40,125,119,52,30"/><U2/><E73/><V72/><F36/><W16/><G40/><T24/><D113/><N who="2" m="43594" /><F72/><W5/><G5/><T114/><D114/><U126/><E34/><N who="2" m="20751" /><F49/><W128/><G67/><T41/><D33/><U59/><E85/><V131/><F131/><W79/><G128/><T96/><REACH who="0" step="1"/><D24/><REACH who="0" ten="296,241,170,283" step="2"/><U69/><E120/><V10/><F10/><W11/><G27/><T68/><D68/><U4/><E69/><V76/><F76/><W17/><G11/><T87/><D87/><U101/><E121/><V62/><F19/><W75/><G17/><T48/><D48/><U15/><E39/><V89/><F89/><W54/><G79/><T26/><D26/><U134/><E134/><V47/><F47/><W37/><G16/><T18/><D18/><U38/><E38/><V29/><F29/><W22/><G30/><T95/><D95/><AGARI ba="0,1" hai="62,66,71,95,99,100,116,117" m="20751,43594" machi="95" ten="30,2000,0" yaku="11,1,52,1" doraHai="98" who="2" fromWho="0" sc="296,-20,241,0,170,30,283,0" /><INIT seed="2,0,0,3,2,113" ten="276,241,200,283" oya="2" hai0="59,67,83,26,60,20,107,80,19,81,70,7,116" hai1="134,105,77,74,86,120,2,28,131,34,100,127,69" hai2="11,117,15,132,53,43,40,101,54,104,55,9,18" hai3="123,111,121,128,97,71,36,115,10,78,126,73,35"/><V25/><F132/><W76/><RYUUKYOKU type="yao9" ba="0,0" sc="276,0,241,0,200,0,283,0" hai3="10,35,36,71,73,76,78,97,111,115,121,123,126,128" /><INIT seed="2,1,0,2,3,41" ten="276,241,200,283" oya="2" hai0="59,120,113,64,42,34,77,96,99,33,117,53,109" hai1="121,13,56,49,94,0,75,97,54,5,6,116,108" hai2="125,90,9,104,45,71,24,88,89,123,2,65,124" hai3="47,17,101,22,73,91,48,3,31,46,11,107,16"/><V1/><F123/><W37/><G73/><T67/><D120/><U12/><E108/><V110/><F104/><W128/><G128/><T81/><D109/><U105/><E105/><V27/><F110/><W115/><G37/><T126/><D113/><U111/><E111/><V130/><F130/><W87/><G115/><T21/><D126/><N who="2" m="48746" /><F9/><W55/><G107/><T15/><D117/><U51/><E75/><V58/><F71/><W134/><G101/><T28/><D34/><U26/><E0/><N who="2" m="107" /><F45/><N who="3" m="28047" /><G3/><T23/><D33/><U30/><E51/><V10/><F10/><W102/><G102/><T39/><D23/><N who="1" m="15711" /><E116/><V86/><F86/><W38/><G38/><T36/><D36/><U106/><E106/><V92/><F92/><N who="3" m="54399" /><G134/><T84/><D39/><U133/><E133/><V40/><F40/><W80/><G80/><T32/><D42/><U100/><E121/><V44/><F44/><N who="3" m="16939" /><G11/><T50/><D32/><U70/><E70/><V72/><F72/><W68/><G68/><T76/><D81/><U60/><E60/><AGARI ba="1,0" hai="24,27,58,60,65,88,89,90" m="107,48746" machi="60" ten="40,3900,0" yaku="18,1,54,1" doraHai="41" who="2" fromWho="1" sc="276,0,241,-42,200,42,283,0" /><INIT seed="2,2,0,4,4,23" ten="276,199,242,283" oya="2" hai0="116,42,1,135,123,94,49,6,39,117,84,41,83" hai1="36,110,27,102,108,70,26,92,17,54,93,107,109" hai2="18,72,85,7,31,78,60,22,14,66,118,33,56" hai3="76,44,114,21,125,86,53,133,67,52,0,90,59"/><V34/><F118/><W48/><G0/><T45/><D123/><U96/><E36/><V32/><F72/><W89/><G133/><T35/><D135/><U46/><E70/><V4/><F4/><W98/><G125/><T113/><D113/><U103/><E17/><V64/><F7/><W19/><G67/><T69/><D69/><U124/><E124/><V81/><REACH who="2" step="1"/><F64/><REACH who="2" ten="276,199,232,283" step="2"/><W28/><G114/><T30/><D116/><U105/><E107/><V97/><F97/><W87/><G98/><T100/><D6/><U47/><E105/><V73/><F73/><W99/><G99/><T40/><D117/><U111/><E111/><V112/><F112/><W51/><G28/><AGARI ba="2,1" hai="14,18,22,28,31,32,33,34,56,60,66,78,81,85" machi="28" ten="40,2000,0" yaku="1,1,53,0" doraHai="23" doraHaiUra="132" who="2" fromWho="3" sc="276,0,199,0,232,36,283,-26" /><INIT seed="2,3,0,2,4,19" ten="276,199,268,257" oya="2" hai0="126,114,86,81,25,120,26,39,100,99,0,130,69" hai1="45,13,46,106,52,87,82,54,103,73,44,33,4" hai2="57,121,28,95,12,117,3,17,40,112,67,109,31" hai3="116,36,108,24,59,48,76,123,61,97,79,134,56"/><V78/><F117/><W74/><G36/><T43/><D69/><U23/><E73/><V75/><F121/><W101/><G116/><T133/><D0/><U63/><E33/><V113/><F3/><W15/><G123/><T47/><D120/><U21/><E106/><V18/><F40/><W11/><G24/><T16/><D114/><U83/><E103/><V14/><F109/><W131/><G74/><T104/><D133/><U58/><E54/><V71/><F71/><W84/><G108/><T125/><D130/><U132/><E132/><V34/><F75/><W127/><G127/><T29/><D26/><U10/><REACH who="1" step="1"/><E83/><REACH who="1" ten="276,189,268,257" step="2"/><V49/><F34/><W55/><G134/><T94/><D104/><U96/><E96/><V77/><F67/><W50/><G84/><T8/><D125/><U51/><E51/><V102/><F49/><W80/><G50/><T35/><D126/><U65/><E65/><V7/><F102/><W122/><G80/><T66/><D66/><U20/><E20/><V115/><F95/><N who="3" m="58559" /><G131/><T53/><D53/><U22/><E22/><V107/><F115/><W2/><G122/><T38/><D38/><U30/><E30/><V9/><F107/><W91/><G48/><T5/><D81/><U129/><E129/><V110/><F110/><W85/><G55/><T68/><D86/><U118/><E118/><V135/><F135/><W98/><G98/><T60/><D39/><U124/><E124/><V90/><F113/><W64/><G64/><T70/><D94/><U111/><E111/><V89/><F112/><W6/><G85/><T88/><D99/><RYUUKYOKU ba="3,1" sc="276,-10,189,30,268,-10,257,-10" hai1="4,10,13,21,23,44,45,46,52,58,63,82,87" /><INIT seed="3,4,1,4,3,86" ten="266,219,258,247" oya="3" hai0="112,128,16,129,115,61,22,108,117,8,7,40,62" hai1="34,20,104,50,75,3,68,110,70,57,91,1,58" hai2="125,123,116,44,121,131,27,9,13,79,46,130,73" hai3="82,59,78,103,33,93,11,21,107,97,67,124,101"/><W111/><G33/><T35/><D35/><U30/><E110/><V25/><F116/><W126/><G111/><T77/><D117/><U118/><E34/><V41/><F73/><W36/><G36/><T48/><D108/><U105/><E118/><V120/><F125/><N who="3" m="48235" /><G11/><T92/><D77/><U17/><E75/><V122/><F79/><W87/><G21/><T39/><D39/><U74/><E74/><V113/><F113/><N who="0" m="43594" /><D40/><U119/><E119/><V32/><F32/><W51/><G67/><T71/><D48/><U29/><E20/><V64/><F64/><W5/><G5/><T90/><D71/><U99/><E99/><V31/><F123/><W100/><G107/><T106/><D106/><U65/><E65/><V0/><F0/><W55/><AGARI ba="4,1" hai="51,55,59,78,82,87,93,97,100,101,103" m="48235" machi="55" ten="30,1500,0" yaku="18,1" doraHai="86" who="3" fromWho="3" sc="266,-9,219,-9,258,-9,247,37" /><INIT seed="3,5,0,2,0,36" ten="257,210,249,284" oya="3" hai0="44,90,73,46,28,119,55,96,82,41,2,3,133" hai1="125,21,74,38,129,5,134,66,57,135,12,131,32" hai2="48,86,113,54,23,83,98,76,61,111,39,53,11" hai3="115,124,128,87,31,26,18,60,30,72,56,33,122"/><W110/><G72/><T67/><D119/><U104/><E74/><V109/><F113/><W105/><G105/><T120/><D120/><U117/><E104/><V93/><F39/><W94/><G122/><T0/><D133/><N who="1" m="50699" /><E38/><V1/><F1/><W79/><G115/><T103/><D67/><U75/><E75/><V43/><F11/><W63/><G124/><T52/><D28/><U16/><E117/><V123/><F123/><W130/><G110/><N who="2" m="41993" /><F23/><W10/><G31/><T7/><D7/><U116/><E32/><V58/><F43/><W13/><G60/><T85/><D73/><U91/><E5/><V107/><F107/><W108/><G108/><T62/><D62/><N who="1" m="38223" /><E91/><N who="2" m="55615" /><F54/><W42/><G42/><T20/><D20/><U9/><E21/><V64/><F64/><W100/><G79/><T15/><D15/><U47/><E47/><V68/><F68/><W50/><G50/><AGARI ba="5,0" hai="48,50,53,58,61,76,83,86" m="55615,41993" machi="50" ten="30,1000,0" yaku="14,1" doraHai="36" who="2" fromWho="3" sc="257,0,210,0,249,25,284,-25" /><INIT seed="4,0,0,4,5,49" ten="257,210,274,259" oya="0" hai0="76,107,97,77,121,3,122,129,31,34,54,74,125" hai1="84,29,23,73,45,120,102,101,55,32,2,82,88" hai2="10,65,99,36,20,68,127,134,104,59,41,11,42" hai3="108,109,50,128,112,98,5,1,124,130,40,8,81"/><T13/><D3/><U56/><E2/><V100/><F134/><W93/><G112/><T71/><D71/><U64/><E32/><V131/><F131/><N who="3" m="50219" /><G124/><T33/><D129/><U113/><E73/><V132/><F127/><W69/><G69/><T123/><D125/><U52/><E113/><V78/><F132/><W7/><G7/><T116/><D116/><U80/><E80/><V83/><F68/><W106/><G106/><T119/><D119/><U103/><E120/><V26/><F36/><W90/><G81/><T115/><D115/><U70/><E45/><AGARI ba="0,0" hai="1,5,8,40,45,50,90,93,98,108,109" m="50219" machi="45" ten="30,1000,0" yaku="19,1" doraHai="49" who="3" fromWho="1" sc="257,0,210,-10,274,0,259,10" /><INIT seed="5,0,0,1,3,97" ten="257,200,274,269" oya="1" hai0="38,47,24,100,52,60,45,1,27,31,5,91,18" hai1="63,19,22,46,127,4,134,122,35,11,75,53,129" hai2="50,56,115,98,12,125,118,23,124,77,44,72,112" hai3="48,96,93,82,15,67,3,117,21,42,105,81,86"/><U103/><E122/><V88/><F118/><W131/><G3/><T34/><D1/><U68/><E75/><V55/><F72/><W101/><G131/><T65/><D5/><U9/><E35/><V111/><F77/><W43/><G117/><T108/><D108/><U90/><E129/><V57/><F111/><W85/><G67/><T62/><D38/><U107/><E134/><V66/><F23/><W41/><G48/><T61/><D91/><U109/><E127/><N who="2" m="48715" /><F12/><W104/><G104/><T128/><D128/><U123/><E123/><V30/><F30/><W84/><G105/><T106/><D65/><U8/><E109/><V6/><F6/><W14/><G21/><T135/><D135/><U119/><E90/><V74/><F74/><W20/><G15/><T132/><D132/><U29/><E29/><V120/><F120/><W94/><G94/><T102/><D106/><U95/><E107/><V17/><F17/><AGARI ba="0,0" hai="14,17,20,41,42,43,81,82,84,85,86,93,96,101" machi="17" ten="40,2600,0" yaku="8,1,52,1" doraHai="97" who="3" fromWho="2" sc="257,0,200,0,274,-26,269,26" /><INIT seed="6,0,0,0,5,92" ten="257,200,248,295" oya="2" hai0="122,90,11,85,100,42,109,114,10,81,131,20,55" hai1="61,115,65,37,67,56,73,80,117,91,22,76,17" hai2="87,101,12,128,63,107,116,66,9,28,0,79,82" hai3="98,94,34,124,6,95,3,46,52,43,59,93,97"/><V106/><F116/><W134/><G34/><T58/><D109/><U130/><E130/><V89/><F128/><W77/><G77/><T13/><D131/><U48/><E37/><V25/><F0/><W68/><G68/><T123/><D114/><U38/><E38/><V75/><F107/><W70/><G70/><T26/><D42/><U102/><E115/><V84/><F66/><W29/><G29/><T103/><D122/><U40/><E117/><V78/><F106/><W72/><G72/><T62/><D123/><U41/><E67/><V21/><F101/><W119/><G119/><T23/><D23/><U7/><E7/><V54/><F79/><W49/><G124/><T18/><REACH who="0" step="1"/><D11/><REACH who="0" ten="247,200,248,295" step="2"/><U120/><E120/><V33/><F21/><W86/><G134/><T19/><AGARI ba="0,1" hai="10,13,18,19,20,26,55,58,62,81,85,90,100,103" machi="19" ten="20,8000,1" yaku="1,1,2,1,0,1,7,1,8,1,53,0" doraHai="92" doraHaiUra="27" who="0" fromWho="0" sc="247,90,200,-20,248,-40,295,-20" /><INIT seed="7,0,0,3,5,7" ten="337,180,208,275" oya="3" hai0="28,126,40,117,104,57,32,124,70,20,87,49,101" hai1="130,42,68,122,17,125,5,99,77,134,22,82,76" hai2="35,43,119,118,133,56,92,31,11,110,80,127,29" hai3="89,65,54,71,48,114,16,14,10,90,66,111,23"/><W83/><G114/><T46/><D117/><U33/><E122/><V105/><F105/><W113/><G113/><T26/><D70/><U50/><E33/><V74/><F133/><W72/><G111/><T61/><D104/><U4/><E68/><V97/><F110/><W121/><G121/><T78/><D101/><U15/><E134/><V96/><F127/><N who="0" m="48682" /><D78/><U1/><E130/><V47/><F56/><N who="3" m="32839" /><G71/><T52/><D87/><U79/><E125/><V75/><F97/><W109/><G72/><T39/><D20/><U88/><E1/><V94/><F94/><W135/><G135/><T91/><D91/><N who="3" m="34825" /><G83/><T128/><D128/><U100/><E100/><V63/><F92/><W62/><G109/><T103/><D103/><U69/><E69/><V44/><F96/><W64/><G62/><AGARI ba="0,0" hai="26,28,32,39,40,46,49,52,57,61,62" m="48682" machi="62" ten="30,2000,0" yaku="18,1,54,1" doraHai="7" who="0" fromWho="3" sc="337,20,180,0,208,0,275,-20" owari="357,45.0,180,-32.0,208,-19.0,255,6.0" /></mjloggm>