<mjloggm ver="2.3"><GO type="169" lobby="0"/><UN n0="%E5%A4%AA%E3%81%8F%E3%81%AA%E3%81%84%E3%81%8A" n1="%E5%B0%B1%E6%B4%BB%E7%94%9F%40%E5%B7%9D%E6%9D%91%E8%BB%8D%E5%9B%A3" n2="%E3%83%AA%E3%82%B5%E3%81%95%E3%81%BE" n3="%47%4F%4B%49%47%45%4E" dan="20,18,16,16" rate="2250.03,2251.03,2094.37,2108.33" sx="M,M,F,M"/><TAIKYOKU oya="0"/><INIT seed="0,0,0,3,0,99" ten="250,250,250,250" oya="0" hai0="76,67,127,80,57,20,40,74,36,90,19,6,73" hai1="88,11,44,129,131,15,56,85,91,71,83,122,1" hai2="78,43,31,3,12,60,70,109,97,114,101,53,132" hai3="96,105,93,77,35,47,16,21,130,86,123,7,48"/><T94/><D127/><U30/><E71/><V69/><F114/><W124/><G35/><T64/><D74/><U103/><E1/><V66/><F3/><W14/><G124/><T17/><D6/><U65/><E122/><V55/><F109/><W117/><G117/><T121/><D121/><U119/><E119/><V110/><F110/><W52/><G130/><N who="1" m="49674" /><E30/><V27/><F132/><W118/><G118/><T54/><D40/><U113/><E113/><V125/><F125/><W26/><G105/><T98/><D36/><U79/><E44/><V9/><F43/><W106/><G106/><T59/><D59/><U115/><E115/><V81/><F70/><W18/><G7/><T10/><D10/><U33/><E33/><V32/><F12/><W39/><G39/><T51/><REACH who="0" step="1"/><D17/><REACH who="0" ten="240,250,250,250" step="2"/><N who="1" m="8447" /><E56/><V112/><F9/><W34/><G123/><T49/><D49/><U62/><E62/><V102/><F112/><W38/><G38/><T92/><D92/><U68/><E68/><V45/><F45/><W41/><G41/><T134/><D134/><U111/><E111/><V25/><F60/><W50/><G48/><T100/><D100/><U58/><E103/><V5/><F102/><N who="3" m="60687" /><G34/><T42/><D42/><U13/><E58/><V61/><F5/><W126/><G126/><T84/><D84/><U75/><E75/><V108/><F108/><W24/><G18/><T82/><D82/><AGARI ba="0,1" hai="14,16,21,24,26,47,50,52,77,82,86" m="60687" machi="82" ten="30,7700,0" yaku="8,1,52,1,54,2" doraHai="99" who="3" fromWho="0" sc="240,-77,250,0,250,0,250,87" /><INIT seed="1,0,0,1,2,83" ten="163,250,250,337" oya="1" hai0="93,31,16,21,48,62,99,6,32,115,77,39,107" hai1="56,109,120,96,24,108,112,4,89,55,110,46,61" hai2="80,36,124,98,106,100,123,60,64,105,118,8,130" hai3="69,37,11,73,131,34,87,114,76,66,15,95,44"/><U117/><E120/><V88/><F123/><W84/><G34/><T41/><D115/><U58/><E112/><V91/><F118/><W90/><G114/><T121/><D121/><U47/><E117/><V94/><F36/><W116/><G116/><T27/><D107/><U3/><E3/><V40/><F40/><W51/><G37/><T111/><D111/><U104/><E4/><V19/><F130/><W22/><G69/><T49/><D6/><U82/><E24/><V25/><F124/><W102/><G66/><T10/><D10/><U50/><E104/><V13/><F100/><W65/><G65/><T132/><D132/><U127/><E127/><V54/><F54/><W43/><G73/><T133/><D133/><U30/><E30/><V63/><F63/><W53/><G102/><T67/><D77/><U7/><E7/><V68/><REACH who="2" step="1"/><F25/><REACH who="2" ten="163,250,240,337" step="2"/><W113/><G131/><T14/><D41/><U35/><E35/><V101/><F101/><W42/><G113/><T70/><REACH who="0" step="1"/><D39/><REACH who="0" ten="153,250,240,337" step="2"/><U38/><E38/><V59/><F59/><W128/><G128/><T71/><D71/><U74/><E58/><V12/><F12/><W9/><G43/><T129/><D129/><U5/><E56/><V52/><F52/><W57/><G42/><T18/><D18/><U134/><E134/><V23/><F23/><W126/><G126/><T122/><D122/><U85/><E5/><V97/><F97/><W45/><G22/><T92/><D92/><U78/><E96/><V75/><F75/><W33/><G33/><T79/><D79/><U1/><E78/><V17/><F17/><RYUUKYOKU ba="0,2" sc="153,15,250,-15,240,15,337,-15" hai0="14,16,21,27,31,32,48,49,62,67,70,93,99" hai2="8,13,19,60,64,68,80,88,91,94,98,105,106" /><INIT seed="2,1,2,3,5,88" ten="168,235,255,322" oya="2" hai0="41,126,45,44,121,106,110,83,13,68,47,53,40" hai1="115,120,32,117,1,43,124,19,107,64,113,4,133" hai2="3,100,76,20,108,91,78,123,8,95,39,89,14" hai3="99,42,79,134,24,96,25,90,51,128,84,122,38"/><V46/><F123/><W7/><G122/><T65/><D121/><U71/><RYUUKYOKU type="yao9" ba="1,2" sc="168,0,235,0,255,0,322,0" hai1="1,4,19,32,43,64,71,107,113,115,117,120,124,133" /><INIT seed="2,2,2,3,1,127" ten="168,235,255,322" oya="2" hai0="50,15,2,60,87,35,111,125,16,33,121,86,51" hai1="92,62,21,11,79,39,42,31,52,29,64,7,120" hai2="105,57,96,113,55,134,72,8,93,91,12,18,36" hai3="74,48,28,59,89,108,112,25,44,5,6,13,123"/><V53/><F134/><W17/><G123/><T69/><D121/><U85/><E120/><V1/><F113/><W124/><G74/><T41/><D2/><U32/><E32/><V97/><F72/><W129/><G108/><T98/><D111/><U68/><E21/><V104/><F36/><W94/><G124/><T110/><D110/><U76/><E39/><V73/><F73/><W65/><G112/><T107/><D125/><U9/><E42/><V115/><F115/><W109/><G109/><T90/><D69/><U56/><E11/><V118/><F118/><W30/><G129/><T63/><D107/><U100/><E100/><V95/><F1/><W128/><G128/><T130/><D98/><U22/><E22/><V78/><F78/><W114/><G59/><T40/><D90/><U132/><E132/><V14/><F14/><W122/><G65/><T27/><D15/><U49/><E79/><V58/><F55/><N who="3" m="30087" /><G122/><T54/><D54/><U67/><E67/><V84/><F58/><W101/><G101/><T75/><D75/><U46/><E68/><V47/><F47/><W66/><G66/><T0/><D0/><U126/><E126/><V45/><F45/><W133/><G133/><T20/><D130/><U135/><E135/><V61/><REACH who="2" step="1"/><F84/><REACH who="2" ten="168,235,245,322" step="2"/><W88/><G114/><T116/><D116/><U77/><E77/><V131/><F131/><W119/><G119/><T102/><D87/><U24/><E76/><V3/><F3/><W71/><G71/><T10/><D86/><U99/><E85/><V38/><F38/><W23/><G13/><T81/><D40/><RYUUKYOKU ba="2,3" sc="168,-10,235,-10,245,30,322,-10" hai2="8,12,18,53,57,61,91,93,95,96,97,104,105" /><INIT seed="2,3,3,3,0,30" ten="158,225,275,312" oya="2" hai0="38,51,80,82,81,66,75,106,46,13,45,53,99" hai1="21,90,104,49,105,132,78,115,112,59,85,12,48" hai2="25,114,84,32,103,7,77,97,124,26,119,47,102" hai3="9,34,16,94,22,65,93,123,55,131,118,3,57"/><V64/><F119/><W88/><G123/><T113/><D113/><U15/><E132/><V130/><F114/><W37/><G37/><T126/><D126/><U95/><E78/><V23/><F124/><W125/><G118/><T107/><D66/><U128/><E128/><V96/><F130/><W98/><G131/><T61/><D61/><U87/><E115/><V73/><F73/><W56/><G34/><T29/><D75/><U18/><E112/><V70/><F32/><W101/><G65/><T79/><D79/><U63/><E15/><V122/><F122/><W86/><G125/><T108/><D108/><U17/><E17/><V60/><F7/><W69/><G69/><T110/><D110/><U54/><E49/><V36/><F36/><W74/><G74/><T19/><D29/><U92/><E63/><V120/><F47/><W39/><G39/><T41/><REACH who="0" step="1"/><D99/><REACH who="0" ten="148,225,275,312" step="2"/><U8/><E8/><AGARI ba="3,4" hai="8,13,19,38,41,45,46,51,53,80,81,82,106,107" machi="8" ten="40,2600,0" yaku="1,1,2,1,53,0" doraHai="30" doraHaiUra="2" who="0" fromWho="1" sc="148,75,225,-35,275,0,312,0" /><INIT seed="3,0,0,1,2,51" ten="223,190,275,312" oya="3" hai0="92,19,23,41,129,4,9,64,54,83,130,105,94" hai1="46,49,18,5,20,59,113,89,126,117,0,125,133" hai2="127,33,15,115,106,69,74,62,28,21,13,37,114" hai3="55,84,72,123,95,111,14,27,99,34,66,79,93"/><W47/><G123/><T87/><D105/><U110/><E113/><V42/><F106/><W82/><G66/><T61/><D41/><U32/><E32/><V71/><F33/><W102/><G111/><T112/><D112/><U31/><E31/><V104/><F104/><W45/><G14/><N who="0" m="9719" /><D54/><U76/><E76/><V75/><F21/><W73/><G93/><T120/><D120/><U118/><E110/><V108/><F108/><W77/><G77/><N who="0" m="46575" /><D61/><U43/><E133/><V67/><F62/><W38/><G38/><T131/><D64/><U1/><E89/><V80/><F67/><W116/><G116/><N who="1" m="44650" /><E5/><V48/><F28/><W58/><G27/><T124/><D124/><N who="1" m="47723" /><E59/><V50/><F127/><W107/><G34/><T101/><D101/><U35/><E35/><V109/><F109/><W53/><G107/><T60/><D60/><U24/><AGARI ba="0,0" hai="0,1,18,20,24,43,46,49" m="47723,44650" machi="24" ten="30,2000,0" yaku="12,1,18,1" doraHai="51" who="1" fromWho="1" sc="223,-5,190,20,275,-5,312,-10" /><INIT seed="4,0,0,1,1,64" ten="218,210,270,302" oya="0" hai0="105,66,19,79,84,48,118,119,108,59,123,113,77" hai1="43,41,93,5,124,122,7,134,87,71,20,40,83" hai2="11,132,34,86,18,25,111,121,103,78,23,85,33" hai3="92,81,60,107,15,65,109,90,99,80,97,126,82"/><T72/><D19/><U76/><E122/><V133/><F111/><W10/><G126/><T70/><D105/><U32/><E32/><N who="2" m="12395" /><F121/><W68/><G109/><T69/><D123/><U89/><E124/><V3/><F78/><W0/><G0/><T94/><D108/><U135/><E71/><V38/><F38/><W9/><REACH who="3" step="1"/><G15/><REACH who="3" ten="218,210,270,292" step="2"/><T115/><D119/><U120/><E120/><V63/><F3/><W39/><G39/><T50/><D118/><U2/><E2/><V104/><F133/><N who="1" m="50697" /><E20/><V14/><F14/><W6/><G6/><T95/><D72/><AGARI ba="0,1" hai="5,7,40,41,43,72,76,83,87,89,93" m="50697" machi="72" ten="30,1000,0" yaku="20,1" doraHai="64" who="1" fromWho="0" sc="218,-10,210,20,270,0,292,0" /><INIT seed="5,0,0,0,0,0" ten="208,230,270,292" oya="1" hai0="97,108,124,93,83,102,1,66,17,100,6,15,99" hai1="95,10,117,53,67,47,13,125,72,122,39,81,65" hai2="104,33,55,31,58,134,51,60,77,7,54,27,20" hai3="28,73,59,105,91,18,48,103,115,61,50,111,131"/><U41/><E117/><V127/><F127/><W38/><G111/><T85/><D108/><U44/><E122/><V16/><F134/><W74/><G38/><T32/><D32/><U121/><E121/><V90/><F104/><W19/><G28/><T76/><D124/><U30/><E125/><V120/><F120/><W14/><G115/><T57/><D1/><U68/><E68/><V2/><F77/><W24/><G105/><T129/><D129/><U56/><E30/><V128/><F128/><W49/><G103/><T130/><D130/><U110/><E110/><V5/><F2/><W82/><G74/><T29/><D29/><U118/><E118/><V126/><F126/><W37/><G37/><T25/><D25/><U70/><E47/><V43/><F43/><W89/><G131/><T21/><D6/><U114/><E114/><V64/><F90/><W63/><G73/><T9/><D21/><U34/><E34/><V107/><F107/><W116/><G82/><T112/><D112/><U109/><E109/><V69/><F55/><N who="3" m="34047" /><G63/><N who="0" m="38255" /><D93/><U8/><E70/><V79/><F79/><W11/><G116/><T46/><D46/><U23/><E95/><V119/><F119/><W80/><G80/><T101/><AGARI ba="0,0" hai="9,15,17,76,83,85,97,99,100,101,102" m="38255" machi="101" ten="30,1100,0" yaku="8,1" doraHai="0" who="0" fromWho="0" sc="208,11,230,-5,270,-3,292,-3" /><INIT seed="6,0,0,5,5,62" ten="219,225,267,289" oya="2" hai0="66,13,23,22,38,37,132,88,87,126,34,73,80" hai1="27,120,74,50,82,95,68,123,77,49,24,118,85" hai2="71,116,96,45,39,14,47,92,109,81,107,8,21" hai3="115,121,70,55,83,101,135,119,128,90,103,36,104"/><V29/><F116/><W63/><G119/><T35/><D132/><U100/><E118/><V94/><F71/><W60/><G121/><N who="1" m="46666" /><E68/><V102/><F109/><W6/><G36/><T42/><D126/><U31/><E24/><V57/><F107/><W129/><G6/><T78/><D66/><U12/><E12/><V76/><F39/><W64/><G135/><T54/><D37/><U89/><E100/><V114/><F94/><W2/><G2/><T108/><D108/><U117/><E117/><V11/><F11/><W51/><G63/><T15/><D15/><U4/><E4/><V52/><F21/><AGARI ba="0,0" hai="21,27,31,49,50,74,77,82,85,89,95" m="46666" machi="21" ten="30,1000,0" yaku="13,1" doraHai="62" who="1" fromWho="2" sc="219,0,225,10,267,-10,289,0" /><INIT seed="7,0,0,5,4,91" ten="219,235,257,289" oya="3" hai0="51,98,131,26,69,1,90,70,105,5,112,29,57" hai1="16,66,87,118,92,60,97,83,122,0,121,63,77" hai2="85,11,106,62,65,41,37,64,46,117,3,53,89" hai3="15,93,34,6,123,135,27,30,113,116,48,101,2"/><W103/><G123/><T68/><D131/><U74/><E0/><V129/><F117/><W109/><G116/><T54/><D112/><U25/><E118/><V40/><F106/><W33/><G33/><T20/><D105/><U42/><E42/><V19/><F129/><W111/><G2/><T120/><D120/><U61/><E74/><V88/><F40/><W80/><G113/><T59/><D1/><U107/><E107/><V102/><F102/><W17/><G6/><T55/><D5/><U52/><E66/><V24/><F89/><W58/><G80/><T39/><D39/><U134/><E134/><V21/><F3/><W9/><G135/><T35/><D35/><U45/><E121/><V49/><F11/><W36/><G36/><T124/><D124/><U133/><E133/><V127/><F127/><W73/><G73/><T14/><D14/><U115/><E115/><V125/><F125/><W32/><G32/><T43/><D43/><U126/><E126/><V84/><F84/><W13/><G13/><T114/><D114/><U132/><E132/><V104/><F104/><W130/><G130/><T119/><D119/><U86/><E122/><V75/><F75/><W28/><G28/><T18/><D29/><U7/><E7/><V47/><F62/><W72/><G72/><T94/><D69/><U128/><E87/><V67/><REACH who="2" step="1"/><F65/><REACH who="2" ten="219,235,247,289" step="2"/><W10/><G9/><T4/><D4/><U44/><E128/><V22/><F22/><W38/><G38/><T96/><D96/><U81/><E81/><AGARI ba="0,1" hai="19,21,24,37,41,46,47,49,53,64,67,81,85,88" machi="81" ten="30,3900,0" yaku="1,1,7,1,54,1,53,0" doraHai="91" doraHaiUra="110" who="2" fromWho="1" sc="219,0,235,-39,247,49,289,0" /><INIT seed="8,0,0,4,2,33" ten="219,196,296,289" oya="0" hai0="131,105,6,127,121,32,120,67,64,109,19,123,116" hai1="31,118,35,54,79,11,2,60,69,126,52,14,42" hai2="26,3,9,59,38,53,21,87,51,72,107,23,4" hai3="36,114,97,112,119,5,80,34,115,106,110,45,96"/><T117/><D32/><U40/><E126/><V15/><F107/><W16/><G34/><T50/><D105/><U82/><E118/><N who="0" m="45673" /><D127/><U93/><E93/><V89/><F72/><W55/><G119/><T17/><D131/><U90/><E90/><V7/><F38/><W62/><G110/><T135/><D109/><U88/><E35/><V65/><F65/><N who="0" m="25162" /><D135/><U83/><E31/><N who="2" m="17887" /><F3/><W8/><G80/><T111/><D111/><U57/><E69/><V1/><F1/><W10/><G106/><T66/><N who="0" m="25170" /><T84/><DORA hai="63" /><D6/><N who="1" m="3447" /><E2/><V102/><F4/><W130/><G130/><T25/><D25/><U85/><E54/><V98/><F7/><W18/><G36/><T92/><D50/><U73/><E73/><V37/><F51/><W75/><G75/><T61/><D61/><U101/><E101/><V124/><F102/><W12/><G8/><T77/><D92/><N who="1" m="54287" /><E79/><V132/><F37/><W68/><G68/><T0/><D0/><U91/><E91/><V39/><F89/><W29/><G112/><T47/><D47/><U100/><E100/><V133/><F39/><W24/><G114/><T71/><D71/><U43/><AGARI ba="0,0" hai="40,42,43,52,57,60,82,83" m="54287,3447" machi="43" ten="30,4000,0" yaku="8,1,54,2" doraHai="33,63" who="1" fromWho="1" sc="219,-20,196,40,296,-10,289,-10" /><INIT seed="9,0,0,4,3,47" ten="199,236,286,279" oya="1" hai0="80,130,96,17,18,117,63,68,120,3,1,13,101" hai1="28,34,43,76,5,103,14,33,97,84,114,67,124" hai2="132,88,100,31,104,128,8,135,46,83,129,32,60" hai3="81,72,70,91,108,90,37,127,27,56,2,39,133"/><U65/><E114/><V57/><F8/><W29/><G2/><T19/><D117/><U6/><E124/><V30/><F46/><W123/><G70/><T102/><D130/><N who="2" m="50282" /><F100/><W74/><G108/><T69/><D120/><U89/><E76/><V118/><F104/><W79/><G123/><T22/><D80/><U113/><E113/><V54/><F118/><W106/><G106/><T24/><D101/><U0/><E0/><V51/><F60/><W86/><G127/><T20/><D18/><U121/><E121/><V38/><F38/><W21/><G133/><N who="2" m="51273" /><F32/><W64/><G74/><T55/><D69/><U23/><E43/><V71/><F71/><W75/><G75/><T95/><REACH who="0" step="1"/><D55/><REACH who="0" ten="189,236,286,279" step="2"/><U134/><E134/><V36/><F83/><W107/><G107/><T78/><D78/><U50/><E5/><V12/><F54/><W109/><G109/><T44/><D44/><U112/><E112/><V7/><F57/><W61/><REACH who="3" step="1"/><G91/><REACH who="3" ten="189,236,286,269" step="2"/><T41/><D41/><U45/><E89/><V77/><F88/><W62/><G62/><T98/><D98/><U4/><E97/><V111/><F111/><W26/><G26/><T126/><D126/><U125/><E125/><V42/><F77/><W9/><G9/><T10/><D10/><U131/><E131/><V35/><F42/><W49/><G49/><T66/><AGARI ba="0,2" hai="1,3,13,17,19,20,22,24,63,66,68,95,96,102" machi="66" ten="30,2000,0" yaku="1,1,0,1,53,0" doraHai="47" doraHaiUra="53" who="0" fromWho="0" sc="189,40,236,-10,286,-5,269,-5" /><INIT seed="10,0,0,1,3,87" ten="229,226,281,264" oya="2" hai0="48,124,85,135,38,64,8,122,100,116,49,30,80" hai1="20,21,81,67,31,120,17,24,75,101,113,133,77" hai2="35,82,29,132,47,66,126,119,18,5,22,88,92" hai3="118,98,106,23,95,97,59,129,110,37,108,123,1"/><V65/><F119/><W83/><G1/><T72/><D122/><U9/><E113/><V41/><F5/><W79/><G37/><T115/><D115/><U78/><E120/><V60/><F82/><W131/><G23/><T36/><D72/><U27/><E133/><V69/><F66/><W14/><G14/><T68/><D100/><U28/><E101/><V112/><F112/><W90/><G59/><T111/><D111/><N who="3" m="42537" /><G123/><T109/><D124/><U33/><E67/><V15/><F126/><W52/><G52/><T16/><D30/><U99/><E99/><V62/><F132/><W39/><G39/><T54/><D116/><U127/><E127/><V34/><F29/><W121/><G121/><T114/><D135/><U73/><E9/><V12/><F12/><W25/><G25/><T89/><D114/><U42/><E42/><V125/><F62/><W91/><G118/><T45/><D49/><U56/><E56/><V4/><F4/><W70/><G70/><T58/><D68/><U96/><E96/><N who="3" m="36970" /><G106/><T105/><D105/><U32/><E17/><V50/><F125/><W102/><G102/><T128/><D109/><U57/><E57/><V76/><F35/><W103/><G103/><T11/><D64/><U6/><E6/><V104/><F34/><W2/><G2/><T7/><D58/><U86/><E86/><N who="2" m="52247" /><F104/><W44/><G44/><T26/><D7/><U63/><E63/><V93/><F60/><W74/><G91/><T46/><D46/><U3/><BYE who="0" /><E3/><V51/><F65/><W94/><G90/><T71/><D71/><U55/><E55/><RYUUKYOKU ba="0,0" sc="229,-15,226,15,281,-15,264,15" hai1="20,21,24,27,28,31,32,33,73,75,77,78,81" hai3="74,79,83,94,95,129,131" /><INIT seed="11,1,0,5,4,5" ten="214,241,266,279" oya="3" hai0="66,59,121,40,126,110,89,107,77,2,115,91,47" hai1="63,20,60,12,132,119,39,3,74,61,72,102,81" hai2="4,58,18,106,42,104,129,26,41,22,27,25,8" hai3="68,46,111,36,79,135,71,128,24,98,13,32,75"/><W15/><G135/><T17/><D17/><UN n0="%E5%A4%AA%E3%81%8F%E3%81%AA%E3%81%84%E3%81%8A" /><U92/><E3/><V122/><F129/><W130/><G111/><T99/><D110/><U34/><E34/><V16/><F122/><W108/><G108/><T52/><D121/><U64/><E39/><V45/><F58/><W49/><G36/><T33/><D33/><U30/><E132/><V73/><F73/><W124/><G124/><T87/><D2/><U113/><E113/><V101/><F101/><W117/><G117/><T14/><D126/><U134/><E134/><V93/><F93/><W50/><G98/><T95/><D115/><U23/><E119/><V112/><F112/><W90/><G90/><T109/><D109/><U114/><E114/><V7/><F7/><W55/><G79/><T96/><D66/><U51/><E81/><V80/><F80/><W105/><G105/><T94/><D14/><N who="3" m="5129" /><G75/><T67/><D67/><U62/><E51/><V1/><F42/><W88/><G88/><N who="0" m="55367" /><D107/><U35/><E72/><V11/><F104/><W37/><G37/><T38/><D77/><U48/><E74/><V116/><F106/><W100/><G100/><N who="0" m="60543" /><D87/><U127/><E127/><V84/><F84/><W85/><G85/><T56/><D91/><U118/><E118/><V78/><F78/><W10/><G10/><T123/><D123/><U82/><N who="1" m="15872" /><DORA hai="54" /><U0/><E0/><V43/><F116/><W28/><G49/><N who="0" m="28735" /><D89/><U57/><E35/><V65/><F65/><W29/><G28/><T70/><D70/><U103/><E64/><V86/><F86/><W125/><G125/><T76/><D76/><U69/><E69/><AGARI ba="1,0" hai="24,29,32,46,50,55,68,69,71,128,130" m="5129" machi="69" ten="30,1500,0" yaku="6,1" doraHai="5,54" who="3" fromWho="1" sc="214,0,241,-18,266,0,279,18" /><INIT seed="11,2,0,0,5,23" ten="214,223,266,297" oya="3" hai0="87,124,94,76,73,45,71,115,72,54,85,101,81" hai1="12,61,117,98,75,126,46,52,59,44,58,18,39" hai2="63,118,41,65,110,123,31,11,30,69,100,6,34" hai3="27,82,105,90,56,127,15,80,57,21,13,130,20"/><W36/><G36/><T62/><D124/><U107/><E75/><V120/><F110/><W121/><G105/><T38/><D115/><U119/><E126/><V29/><F118/><N who="1" m="45065" /><E39/><V91/><F100/><W125/><G121/><N who="2" m="46665" /><F41/><W25/><G90/><T131/><D131/><AGARI ba="2,0" hai="13,15,20,21,25,27,56,57,80,82,125,127,130,131" machi="131" ten="25,9600,0" yaku="22,2,52,2" doraHai="23" who="3" fromWho="0" sc="214,-102,223,0,266,0,297,102" owari="112,-39.0,223,-18.0,266,7.0,399,50.0" /></mjloggm>