<mjloggm ver="2.3"><GO type="169" lobby="0"/><UN n0="%E3%82%A6%E3%83%AB%E3%83%88%E3%83%A9%E7%AB%8B%E7%9B%B4" n1="%67%6F%75%73%69" n2="%43%6F%43%6F%4E%61%6E" n3="%E3%81%A1%E3%81%B3%E3%81%A6%E3%81%A4" dan="17,17,17,17" rate="2225.35,2184.51,2189.40,2114.01" sx="M,M,M,M"/><TAIKYOKU oya="0"/><INIT seed="0,0,0,0,2,65" ten="250,250,250,250" oya="0" hai0="56,115,100,98,40,124,127,94,44,78,58,14,33" hai1="107,57,48,38,128,45,26,20,0,66,52,31,34" hai2="67,36,51,5,80,49,101,32,116,87,122,68,82" hai3="84,46,24,35,132,86,103,25,89,11,47,50,72"/><T9/><D33/><U4/><E107/><V62/><F36/><W93/><G72/><T71/><D115/><U12/><E128/><V64/><F122/><W21/><G132/><T43/><D78/><U113/><E113/><V55/><F32/><W77/><G103/><T3/><D3/><U135/><E135/><V2/><F64/><W18/><G35/><T95/><D95/><U90/><E90/><V19/><F101/><W111/><G111/><T92/><D71/><U63/><E0/><V110/><F110/><W134/><G134/><T70/><D70/><U125/><E125/><N who="0" m="48201" /><D94/><U41/><E4/><V126/><F80/><N who="3" m="47119" /><G11/><T29/><D29/><U118/><E118/><V23/><F5/><W59/><G25/><T28/><D28/><U91/><E91/><V117/><F2/><W102/><G102/><T97/><D97/><U88/><E88/><V42/><F126/><W27/><G27/><T114/><D114/><U37/><REACH who="1" step="1"/><E41/><REACH who="1" ten="250,240,250,250" step="2"/><V13/><F42/><N who="0" m="15914" /><D44/><U104/><E104/><V53/><F117/><W133/><G133/><T60/><D60/><U131/><E131/><V76/><F116/><W83/><G93/><T96/><D96/><U73/><E73/><V112/><F112/><W74/><G74/><T54/><D54/><AGARI ba="0,1" hai="18,21,24,46,47,50,54,59,83,86,89" m="47119" machi="54" ten="30,1000,0" yaku="8,1" doraHai="65" who="3" fromWho="0" sc="250,-10,240,0,250,0,250,20" /><INIT seed="1,0,0,0,3,33" ten="240,240,250,270" oya="1" hai0="80,117,53,90,49,51,69,100,108,135,87,36,38" hai1="67,116,57,65,120,16,96,68,47,61,103,27,75" hai2="101,127,40,11,124,50,63,98,74,24,2,81,19" hai3="59,13,114,7,34,12,45,122,134,110,91,86,95"/><U73/><E116/><V94/><F63/><W93/><G122/><T48/><D117/><U14/><E120/><V6/><F24/><W71/><G71/><T10/><D108/><U105/><E47/><V132/><F19/><W35/><G110/><T125/><D125/><N who="2" m="48202" /><F132/><W22/><G45/><T77/><D135/><U1/><E67/><V130/><F130/><W32/><G114/><T79/><D69/><U64/><E64/><V131/><F131/><W58/><G134/><T72/><D100/><U126/><E126/><V104/><F94/><W55/><G59/><T106/><D106/><U109/><E109/><V76/><F50/><W113/><G113/><T0/><D53/><U17/><E57/><V70/><F40/><W8/><G93/><T26/><D26/><U133/><E133/><V41/><F41/><W31/><G31/><T37/><REACH who="0" step="1"/><D72/><REACH who="0" ten="230,240,250,270" step="2"/><U89/><E73/><N who="2" m="43151" /><F70/><W115/><G115/><T128/><D128/><U99/><E75/><AGARI ba="0,1" hai="2,6,11,74,75,98,101,104" m="43151,48202" machi="75" ten="30,3900,0" yaku="18,1,23,1,52,1" doraHai="33" who="2" fromWho="1" sc="230,0,240,-39,250,49,270,0" /><INIT seed="2,0,0,3,3,88" ten="230,201,299,270" oya="2" hai0="28,74,11,16,1,95,102,10,5,135,36,18,45" hai1="119,79,68,32,86,62,91,35,112,94,89,2,65" hai2="37,22,6,114,67,73,107,31,60,23,96,41,134" hai3="129,81,87,24,19,63,66,109,131,39,103,77,8"/><V117/><F73/><W51/><G39/><T72/><D28/><U111/><E2/><V52/><F114/><W47/><G103/><T85/><D135/><U59/><E119/><V133/><F117/><W99/><G99/><T90/><D102/><U9/><E112/><V53/><F6/><W56/><G109/><T128/><D128/><U100/><E111/><V113/><F113/><W116/><G116/><T26/><D18/><U69/><E9/><V46/><F96/><W55/><G24/><T83/><D83/><U121/><E100/><V76/><F76/><W43/><G43/><T40/><REACH who="0" step="1"/><D10/><REACH who="0" ten="220,201,299,270" step="2"/><U84/><E121/><V101/><F101/><W124/><G124/><T64/><D64/><U71/><REACH who="1" step="1"/><E79/><REACH who="1" ten="220,191,299,270" step="2"/><V118/><F118/><W132/><G132/><T0/><D0/><U126/><E126/><V3/><F3/><W34/><G34/><T38/><D38/><U75/><E75/><V108/><F37/><W21/><G21/><AGARI ba="0,2" hai="1,5,11,16,21,26,36,40,45,72,74,85,90,95" machi="21" ten="40,8000,1" yaku="1,1,52,1,54,1,53,1" doraHai="88" doraHaiUra="82" who="0" fromWho="3" sc="220,100,191,0,299,0,270,-80" /><INIT seed="3,0,0,2,4,62" ten="320,191,299,190" oya="3" hai0="1,15,55,4,51,28,75,17,131,25,50,63,66" hai1="100,35,20,34,39,32,129,10,73,80,105,67,8" hai2="99,83,45,132,130,74,33,98,47,81,56,127,104" hai3="31,13,86,38,124,37,94,122,60,40,11,44,64"/><W82/><G122/><T121/><D75/><U95/><E39/><V106/><F33/><W84/><G124/><T53/><D121/><U76/><E129/><V113/><F56/><W97/><G38/><T57/><D131/><U78/><E78/><V68/><F68/><W108/><G31/><T109/><D109/><U134/><E134/><V22/><F130/><W19/><G82/><T61/><D1/><U103/><E105/><V126/><F22/><W48/><G37/><T26/><D4/><U42/><E42/><V72/><REACH who="2" step="1"/><F132/><REACH who="2" ten="320,191,289,190" step="2"/><W125/><G125/><T7/><D57/><U18/><E34/><V111/><F111/><W92/><G108/><T59/><D59/><U71/><E32/><V46/><F46/><W87/><REACH who="3" step="1"/><G97/><REACH who="3" ten="320,191,289,180" step="2"/><T41/><D28/><U85/><E35/><V49/><F49/><W101/><G101/><T107/><D51/><U115/><E100/><V58/><F58/><AGARI ba="0,2" hai="11,13,19,40,44,48,58,60,64,84,86,87,92,94" machi="58" ten="40,7700,0" yaku="1,1,8,1,52,1,53,0" doraHai="62" doraHaiUra="21" who="3" fromWho="2" sc="320,0,191,0,289,-77,180,97" /><INIT seed="3,1,0,0,4,96" ten="320,191,212,277" oya="3" hai0="39,40,46,18,105,106,131,2,119,107,59,70,13" hai1="67,1,87,3,125,9,62,80,25,71,16,29,135" hai2="26,100,37,86,93,52,36,114,10,123,56,124,109" hai3="85,91,34,42,8,7,69,47,50,134,75,120,108"/><W101/><G120/><T44/><D70/><U5/><E125/><V48/><F114/><W132/><G69/><T22/><D119/><U63/><E135/><N who="3" m="51754" /><G75/><T65/><D2/><U45/><E63/><V79/><F124/><W103/><G34/><T81/><D131/><U82/><E1/><V128/><F128/><W38/><G38/><T97/><D46/><U61/><E61/><V90/><F109/><W11/><G108/><T6/><D6/><U111/><E111/><V94/><F79/><W118/><G118/><T102/><D65/><U99/><E45/><V92/><F123/><W43/><G43/><T19/><D59/><U66/><E66/><V78/><F78/><W21/><G21/><T35/><D35/><U84/><E80/><V28/><F10/><N who="3" m="3627" /><G7/><T27/><D81/><AGARI ba="1,0" hai="42,47,50,81,85,91,101,103" m="3627,51754" machi="81" ten="30,5800,0" yaku="20,1,52,2" doraHai="96" who="3" fromWho="0" sc="320,-61,191,0,212,0,277,61" /><INIT seed="3,2,0,5,5,24" ten="259,191,212,338" oya="3" hai0="40,85,59,106,39,97,23,89,108,30,71,17,22" hai1="63,102,41,8,34,52,133,79,10,98,36,129,47" hai2="74,86,19,87,15,58,67,134,27,101,5,135,26" hai3="70,43,121,16,14,104,1,99,54,105,93,3,112"/><W35/><G35/><T124/><D71/><U25/><E79/><V56/><F74/><W94/><G121/><T82/><D108/><U107/><E129/><V64/><F101/><W49/><G70/><T37/><D124/><U80/><E80/><V90/><F15/><W95/><G43/><T131/><D131/><U115/><E115/><V81/><F81/><W53/><G112/><T128/><D128/><U12/><E133/><V72/><F72/><W51/><G99/><T91/><D40/><U127/><E127/><V28/><F90/><W78/><G78/><T4/><D4/><U44/><E12/><V9/><F9/><W118/><G118/><T62/><D23/><U122/><E122/><V21/><F21/><W68/><G68/><T6/><D6/><U46/><E46/><V130/><F130/><W120/><G120/><T48/><D48/><U100/><E100/><V73/><F73/><W110/><G110/><T20/><D20/><U117/><E117/><V61/><F5/><W83/><G83/><T50/><D50/><U60/><E60/><V69/><F69/><W109/><G109/><T2/><D2/><N who="3" m="521" /><G51/><T114/><D114/><U42/><E25/><V84/><F19/><W96/><G49/><T18/><D39/><N who="1" m="21567" /><E34/><V75/><F75/><W125/><G125/><T11/><D37/><U29/><E8/><V31/><F86/><W126/><G126/><T113/><D11/><U55/><E10/><V92/><F61/><W111/><G111/><T123/><D113/><U66/><E63/><V119/><F119/><W38/><G38/><T77/><D62/><RYUUKYOKU ba="2,0" sc="259,-10,191,-10,212,30,338,-10" hai2="26,27,28,31,56,58,64,67,84,87,92,134,135" /><INIT seed="4,3,0,4,2,56" ten="249,181,242,328" oya="0" hai0="87,37,88,59,3,32,73,11,119,40,0,46,20" hai1="58,134,122,91,44,99,45,90,7,6,125,123,76" hai2="74,85,23,92,17,109,112,65,94,24,25,28,111" hai3="78,19,15,10,64,26,71,82,124,96,84,103,27"/><T18/><D32/><U51/><E76/><V48/><F74/><W102/><G124/><T53/><D73/><U68/><E68/><V129/><F112/><W30/><G103/><T69/><D69/><U8/><E125/><V83/><F129/><W100/><G100/><T43/><D43/><U81/><E134/><V50/><F65/><W35/><G27/><T110/><D119/><U130/><E130/><V4/><F4/><W22/><G71/><T106/><D106/><U1/><E6/><V128/><F128/><W55/><G64/><T133/><D11/><U29/><E29/><V47/><F50/><W62/><G55/><T42/><D42/><U2/><E2/><V13/><F111/><W114/><G114/><T126/><D126/><U80/><E45/><V86/><F85/><W127/><G127/><T113/><D113/><U16/><E44/><V52/><F109/><W72/><G72/><T121/><D133/><U132/><E132/><V116/><F116/><W115/><G115/><T70/><D70/><U60/><E51/><V118/><F118/><W54/><G54/><T9/><D9/><U61/><E1/><V97/><F97/><W38/><G38/><T41/><D41/><U104/><E7/><V34/><REACH who="2" step="1"/><F24/><REACH who="2" ten="249,181,232,328" step="2"/><W21/><G62/><N who="0" m="36207" /><D110/><U5/><E61/><V107/><F107/><AGARI ba="3,1" hai="10,15,19,21,22,26,30,35,78,82,84,96,102,107" machi="107" ten="30,1000,0" yaku="7,1" doraHai="56" who="3" fromWho="2" sc="249,0,181,0,232,-19,328,29" /><INIT seed="5,0,0,2,0,0" ten="249,181,213,357" oya="1" hai0="32,121,43,65,81,72,48,131,19,88,107,67,64" hai1="96,78,97,8,84,7,61,29,44,83,3,87,5" hai2="124,66,4,20,38,135,92,100,62,73,115,21,6" hai3="34,39,68,36,103,122,116,114,77,69,47,99,70"/><U58/><E29/><V134/><F73/><W30/><G122/><T33/><D107/><U42/><E84/><V51/><F38/><W63/><G116/><T74/><D121/><U14/><E3/><V17/><F124/><W25/><G114/><T71/><D71/><U104/><E104/><V35/><F35/><W60/><G77/><T27/><D131/><U53/><REACH who="1" step="1"/><E5/><REACH who="1" ten="249,171,213,357" step="2"/><N who="2" m="2155" /><F115/><W22/><G34/><T79/><D33/><U126/><E126/><V102/><F17/><W16/><G30/><T28/><D19/><U50/><AGARI ba="0,1" hai="7,8,14,42,44,50,53,58,61,78,83,87,96,97" machi="50" ten="20,24000,3" yaku="1,1,0,1,7,1,25,2,8,1,52,1,53,1" doraHai="0" doraHaiUra="1" who="1" fromWho="1" sc="249,-80,171,250,213,-80,357,-80" /><INIT seed="5,1,0,3,1,35" ten="169,421,133,277" oya="1" hai0="37,86,77,22,107,73,33,61,1,66,85,59,82" hai1="68,131,30,11,47,125,111,69,54,89,25,121,15" hai2="32,100,127,108,55,64,42,6,104,19,12,135,48" hai3="124,118,49,26,114,97,91,78,57,128,4,112,72"/><U117/><E121/><V126/><F32/><W29/><G118/><T133/><D33/><U92/><E117/><V20/><F108/><W71/><G71/><T8/><D107/><U14/><E125/><N who="2" m="47627" /><F135/><W31/><G128/><T28/><D133/><U115/><E131/><V62/><F42/><W56/><G124/><T105/><D105/><U70/><E115/><N who="3" m="44074" /><G4/><T109/><D109/><U46/><E111/><V53/><F48/><W130/><G130/><T18/><D37/><U120/><E120/><V93/><F104/><W84/><G97/><T63/><D63/><U103/><E103/><V95/><F6/><W50/><G78/><T129/><D129/><U110/><E54/><N who="2" m="20491" /><F100/><W39/><G39/><T106/><D106/><U132/><E132/><V52/><N who="2" m="20499" /><V80/><DORA hai="40" /><F80/><N who="3" m="49543" /><G72/><T99/><D73/><U51/><E51/><N who="3" m="19466" /><G31/><T36/><D28/><U119/><E119/><V134/><F134/><W2/><G57/><AGARI ba="1,0" hai="12,19,20,57,62,64,93,95" m="20499,47627" machi="57" ten="40,2600,0" yaku="18,1,54,1" doraHai="35,40" who="2" fromWho="3" sc="169,0,421,0,133,29,277,-29" /><INIT seed="6,0,0,5,5,10" ten="169,421,162,248" oya="2" hai0="62,34,86,129,39,14,90,63,35,24,77,134,126" hai1="67,119,65,26,2,27,95,3,37,41,96,131,78" hai2="17,115,105,28,94,80,108,117,45,13,133,87,71" hai3="92,58,125,56,70,4,30,55,20,83,135,54,61"/><V25/><F117/><W72/><G125/><T122/><D122/><U15/><E78/><V8/><F105/><W121/><G135/><T50/><D39/><U82/><E82/><V104/><F104/><W112/><G121/><T49/><D35/><U85/><E85/><V69/><F133/><W79/><G70/><T18/><D134/><U118/><E41/><V110/><F115/><W103/><G112/><T74/><D74/><U106/><E95/><V53/><F94/><W46/><G46/><T19/><D77/><U120/><E106/><V6/><F6/><W109/><G109/><N who="2" m="42089" /><F53/><W5/><G30/><T32/><D126/><U42/><E42/><V36/><F45/><W40/><G20/><N who="0" m="13343" /><D32/><U38/><E120/><V16/><F17/><W68/><G68/><T123/><D34/><U7/><E7/><V22/><F36/><W73/><G72/><T84/><D123/><U101/><E38/><V9/><F9/><W107/><G40/><T97/><D129/><U33/><E131/><V57/><F57/><W93/><G93/><N who="0" m="56503" /><D50/><U23/><E37/><V100/><F100/><W132/><G107/><T60/><D49/><U52/><E101/><V1/><F1/><W111/><G132/><T12/><D18/><U59/><E2/><V88/><AGARI ba="0,0" hai="8,13,16,22,25,28,69,71,80,87,88" m="42089" machi="88" ten="30,11700,0" yaku="10,1,52,1,54,2" doraHai="10" who="2" fromWho="2" sc="169,-39,421,-39,162,117,248,-39" /><INIT seed="6,1,0,5,2,66" ten="130,382,279,209" oya="2" hai0="108,56,11,73,124,116,7,39,41,12,15,95,128" hai1="120,62,101,26,63,4,30,13,44,132,97,111,60" hai2="37,40,131,45,27,121,81,110,125,91,80,122,46" hai3="34,98,21,117,83,49,48,107,65,69,47,33,1"/><V109/><F131/><W3/><G117/><T52/><D108/><N who="2" m="41578" /><F125/><W10/><G48/><T61/><D124/><U114/><E111/><V2/><F2/><W50/><G50/><T92/><D128/><U42/><E120/><V0/><F0/><W127/><G21/><T23/><D73/><U18/><E4/><V90/><F27/><W102/><G127/><T123/><D123/><N who="2" m="47114" /><F45/><W78/><G49/><T126/><D126/><U31/><E114/><V96/><F96/><W54/><G54/><T68/><D116/><U76/><E132/><V85/><F81/><W82/><G83/><T70/><D41/><U71/><E26/><V135/><F91/><W57/><G57/><T8/><D39/><U75/><E44/><V113/><F113/><W55/><G55/><T6/><D23/><U134/><E134/><AGARI ba="1,0" hai="37,40,46,80,85,90,134,135" m="47114,41578" machi="134" ten="40,2000,0" yaku="10,1" doraHai="66" who="2" fromWho="1" sc="130,0,382,-23,279,23,209,0" /><INIT seed="6,2,0,2,0,56" ten="130,359,302,209" oya="2" hai0="6,54,51,64,109,98,119,72,78,7,13,14,87" hai1="29,93,125,133,30,53,88,113,34,82,65,23,132" hai2="122,84,94,25,89,91,32,5,55,115,37,70,66" hai3="68,117,52,101,22,85,116,131,102,35,63,121,76"/><V11/><F37/><W83/><G35/><T43/><D109/><U114/><E34/><V124/><F115/><N who="1" m="44041" /><E125/><V108/><F122/><W28/><G121/><T42/><D72/><U41/><E82/><V129/><F129/><W0/><G0/><T69/><D119/><U49/><E41/><V24/><F32/><W17/><G131/><T40/><D98/><N who="1" m="57639" /><E65/><V134/><F66/><W20/><G68/><T58/><D69/><U33/><E23/><V16/><F124/><W97/><G97/><T79/><D64/><U67/><E67/><V81/><F70/><W15/><G117/><T3/><D3/><U106/><E106/><V90/><F55/><W27/><G116/><T95/><D95/><U123/><E123/><V110/><F94/><W38/><G38/><T9/><REACH who="0" step="1"/><D87/><REACH who="0" ten="120,359,302,209" step="2"/><U99/><E99/><V62/><F84/><W71/><G71/><T127/><D127/><U48/><E133/><V128/><F134/><W59/><AGARI ba="2,1" hai="15,17,20,22,27,28,52,59,63,76,83,85,101,102" machi="59" ten="30,7900,0" yaku="0,1,8,1,52,1,54,1" doraHai="56" who="3" fromWho="3" sc="120,-22,359,-22,302,-41,209,95" /><INIT seed="7,0,0,4,5,28" ten="98,337,261,304" oya="3" hai0="48,16,125,4,56,17,64,41,26,63,97,60,58" hai1="101,18,9,128,133,123,49,67,62,135,75,32,13" hai2="84,65,2,44,122,86,22,81,87,77,34,25,73" hai3="42,130,40,12,45,116,51,20,99,131,10,127,3"/><W126/><G116/><T71/><D125/><N who="3" m="47625" /><G3/><T61/><D4/><U93/><E32/><V68/><F2/><W29/><G99/><T54/><D97/><N who="1" m="59567" /><E75/><V95/><F122/><W98/><G98/><T88/><D88/><U104/><E104/><V114/><F114/><W80/><G80/><T14/><D26/><U83/><E83/><V38/><F95/><W109/><G109/><T94/><D14/><U69/><E49/><V85/><N who="2" m="21504" /><DORA hai="47" /><V33/><F65/><W106/><G106/><T91/><D91/><U121/><E128/><N who="3" m="49194" /><G20/><T55/><D94/><U39/><E39/><V35/><F68/><W8/><G29/><T76/><D76/><U23/><E23/><V82/><F81/><W72/><G72/><T74/><D74/><U37/><E37/><V5/><F5/><N who="3" m="3087" /><G10/><T132/><D132/><AGARI ba="0,0" hai="9,13,18,62,67,69,121,123,132,133,135" m="59567" machi="132" ten="30,1000,0" yaku="20,1" doraHai="28,47" who="1" fromWho="0" sc="98,-10,337,10,261,0,304,0" owari="88,-41.0,347,45.0,261,-14.0,304,10.0" /></mjloggm>