<mjloggm ver="2.3"><GO type="169" lobby="0"/><UN n0="%6B%69%79%6F%64%61%69" n1="%E3%80%93%E3%81%84%E3%81%A1%E3%81%AF%E3%82%89%E3%80%93" n2="%70%6F%72%75%63%61" n3="%E3%82%A6%E3%83%AB%E3%83%88%E3%83%A9%E7%AB%8B%E7%9B%B4" dan="18,18,16,17" rate="2195.02,2228.30,2096.09,2117.11" sx="M,M,M,M"/><TAIKYOKU oya="0"/><INIT seed="0,0,0,3,2,115" ten="250,250,250,250" oya="0" hai0="23,133,112,100,55,121,124,117,87,9,108,65,67" hai1="99,77,31,58,18,120,106,80,52,132,20,123,53" hai2="104,33,75,59,7,107,38,45,47,63,64,16,48" hai3="49,28,98,0,6,54,122,10,13,17,51,2,4"/><T34/><D34/><U74/><E132/><V130/><F33/><W26/><G122/><T82/><D112/><U32/><E53/><V83/><F7/><W68/><G68/><T43/><D43/><U27/><E106/><V3/><F3/><W62/><G62/><T24/><D133/><U85/><E74/><V134/><F134/><W110/><G51/><T8/><D121/><U72/><E99/><V95/><F95/><W36/><G36/><T56/><D117/><U35/><E72/><V5/><F5/><W73/><G73/><T81/><D100/><U37/><E37/><V69/><F83/><N who="0" m="31754" /><D87/><U1/><E35/><V111/><F75/><W57/><G110/><T60/><D124/><U22/><E1/><V135/><F135/><W86/><G86/><T94/><D94/><U103/><E103/><V42/><F104/><W131/><G0/><T78/><D78/><U76/><E32/><V116/><F107/><W70/><G98/><T96/><D96/><U14/><REACH who="1" step="1"/><E77/><REACH who="1" ten="250,240,250,250" step="2"/><V114/><F114/><W66/><G2/><T101/><D101/><U113/><E113/><V41/><F38/><W129/><G129/><T88/><D108/><U29/><E29/><V44/><F111/><W12/><G131/><T30/><D88/><U39/><E39/><N who="2" m="21567" /><F130/><W90/><G90/><T46/><D67/><U125/><E125/><V50/><F42/><W118/><G66/><T84/><D84/><U126/><E126/><V97/><F97/><W128/><G128/><T102/><D102/><U91/><E91/><V40/><F64/><W25/><G28/><T79/><D79/><RYUUKYOKU ba="0,1" sc="250,15,240,15,250,-15,250,-15" hai0="8,9,23,24,30,46,55,56,60,65" hai1="14,18,20,22,27,31,52,58,76,80,85,120,123" /><INIT seed="0,1,1,5,1,127" ten="265,255,235,235" oya="0" hai0="26,29,73,123,60,19,105,81,133,0,75,86,126" hai1="98,96,42,85,49,5,44,134,62,69,93,109,40" hai2="34,36,128,135,80,70,104,120,118,45,14,102,117" hai3="90,43,54,13,66,41,25,46,48,122,30,106,21"/><T76/><D123/><U61/><E109/><V97/><F34/><W3/><G3/><T91/><D105/><U32/><E32/><V38/><F120/><W18/><G122/><T82/><D0/><U57/><E134/><V10/><F135/><W68/><G106/><T111/><D133/><U121/><E121/><V55/><F70/><W53/><G68/><T92/><D126/><U103/><E69/><V88/><F55/><W9/><G66/><T112/><D112/><U132/><E132/><V39/><F45/><W94/><REACH who="3" step="1"/><G43/><REACH who="3" ten="265,255,235,225" step="2"/><T131/><D111/><U28/><E42/><V107/><F107/><W17/><G17/><T33/><D19/><U87/><E5/><V27/><F104/><W79/><G79/><T24/><D24/><U64/><E28/><V77/><F27/><W65/><G65/><T101/><D101/><U15/><E15/><V108/><F77/><W47/><G47/><T119/><D119/><U125/><E125/><V51/><F14/><W115/><G115/><T110/><D110/><U74/><E64/><V31/><F102/><W20/><G20/><T59/><D75/><U16/><E74/><V7/><F108/><W113/><G113/><T6/><D6/><U35/><E16/><V84/><F117/><W22/><G22/><T4/><D4/><U89/><E35/><V100/><F118/><W130/><G130/><T58/><D131/><U116/><E116/><V8/><F128/><W78/><G78/><T50/><D76/><U12/><E12/><V99/><F7/><W71/><G71/><T83/><D73/><U124/><E124/><RYUUKYOKU ba="1,2" sc="265,-10,255,-10,235,-10,225,30" hai3="9,13,18,21,25,30,41,46,48,53,54,90,94" /><INIT seed="1,2,2,2,1,105" ten="255,245,225,255" oya="1" hai0="28,35,86,82,117,5,64,3,129,103,45,60,78" hai1="32,12,108,48,75,107,36,20,33,116,74,58,112" hai2="68,51,13,128,115,101,77,31,50,109,110,61,65" hai3="131,118,125,119,66,18,25,95,126,52,97,8,27"/><U127/><E36/><V73/><F128/><W57/><G66/><T104/><D129/><U63/><E116/><N who="3" m="44586" /><G131/><T62/><D62/><U80/><E112/><V14/><F115/><W92/><G8/><T22/><D22/><U0/><E0/><V91/><F101/><N who="3" m="60583" /><G95/><T72/><D45/><U106/><E106/><V34/><F91/><W122/><G122/><T94/><D94/><U81/><E107/><V113/><F113/><W123/><G123/><T38/><D86/><U30/><E33/><V87/><F87/><W2/><G2/><T47/><D117/><U111/><E32/><V76/><F34/><W132/><G132/><T43/><D5/><U69/><E69/><V4/><F31/><W21/><G27/><N who="0" m="18847" /><D103/><U19/><E30/><V53/><F4/><W6/><G6/><T79/><D79/><U49/><E127/><V120/><F120/><W44/><G44/><T124/><D104/><U130/><E130/><V135/><F135/><W96/><G96/><T41/><D3/><U114/><E114/><V98/><F98/><W29/><G29/><T40/><D124/><U37/><E37/><V55/><F68/><W89/><G89/><T133/><D133/><U56/><E81/><V83/><F83/><W24/><G24/><T121/><D121/><U100/><E100/><V70/><F70/><W7/><G7/><T84/><D84/><U11/><E80/><V16/><F77/><W99/><G99/><T102/><D102/><U90/><E90/><V67/><F76/><W42/><G42/><T59/><D38/><U85/><E11/><V17/><F65/><RYUUKYOKU ba="2,2" sc="255,15,245,-15,225,-15,255,15" hai0="40,41,43,47,59,60,64,72,78,82" hai3="18,21,25,52,57,125,126" /><INIT seed="2,3,2,4,2,23" ten="270,230,210,270" oya="2" hai0="126,76,30,89,75,4,15,60,57,78,59,64,42" hai1="18,84,32,133,24,94,86,112,101,63,82,10,124" hai2="36,11,121,47,67,88,93,79,1,117,0,46,37" hai3="114,115,122,83,77,38,81,8,41,105,58,40,61"/><V120/><F117/><W132/><G122/><T87/><D75/><U29/><E112/><N who="3" m="43050" /><G132/><T90/><D126/><U131/><E133/><V99/><F67/><W19/><G105/><T17/><D4/><U107/><E124/><V14/><F79/><W106/><G106/><T27/><D57/><U56/><E107/><V65/><F65/><W111/><G111/><T100/><D100/><U80/><E131/><V85/><F120/><W48/><G48/><T74/><D42/><U52/><E86/><V3/><F121/><W73/><G83/><T7/><D7/><U123/><E123/><V96/><F37/><W53/><G38/><T16/><D17/><U31/><E31/><V12/><F36/><W21/><G8/><T119/><D74/><U110/><E110/><V125/><F125/><W130/><G130/><T95/><D90/><U33/><E33/><V70/><F70/><W6/><G6/><T13/><D13/><AGARI ba="3,2" hai="13,19,21,40,41,53,58,61,73,77,81" m="43050" machi="13" ten="30,1000,0" yaku="11,1" doraHai="23" who="3" fromWho="0" sc="270,-19,230,0,210,0,270,39" /><INIT seed="3,0,0,4,3,59" ten="251,230,210,309" oya="3" hai0="103,37,48,16,108,66,52,131,27,69,31,54,18" hai1="132,94,76,3,71,36,61,42,33,28,45,32,82" hai2="55,4,50,135,63,80,41,22,72,83,124,25,20" hai3="100,74,133,134,120,98,34,105,51,68,9,117,14"/><W130/><G120/><T8/><D37/><U116/><E132/><N who="3" m="50794" /><G34/><T56/><D131/><U88/><E116/><V10/><F135/><W115/><G115/><T17/><D108/><U29/><E3/><V118/><F118/><W121/><G121/><T112/><D112/><U43/><E43/><V125/><F72/><W123/><G123/><T35/><D103/><U64/><E33/><V85/><F41/><W122/><G117/><T90/><D90/><U106/><E106/><V129/><F129/><W15/><G130/><T23/><D8/><U99/><REACH who="1" step="1"/><E32/><REACH who="1" ten="251,220,210,309" step="2"/><V111/><F111/><W81/><G122/><T89/><D35/><U11/><E11/><V119/><F10/><W6/><G9/><T5/><D5/><U110/><E110/><V101/><F4/><W47/><G6/><T57/><D69/><U39/><E39/><V12/><F119/><W21/><G68/><T38/><D38/><U24/><E24/><V49/><F25/><W73/><G21/><T113/><D113/><U126/><E126/><V95/><F22/><W53/><G74/><AGARI ba="0,1" hai="28,29,36,42,45,61,64,71,74,76,82,88,94,99" machi="74" ten="30,7700,0" yaku="1,1,7,1,52,1,54,1,53,0" doraHai="59" doraHaiUra="19" who="1" fromWho="3" sc="251,0,220,87,210,0,309,-77" /><INIT seed="4,0,0,5,4,88" ten="251,307,210,232" oya="0" hai0="65,79,66,83,38,132,81,2,87,129,54,68,74" hai1="21,98,72,42,112,45,62,78,127,91,95,49,7" hai2="131,56,20,75,9,121,107,114,10,102,61,14,3" hai3="18,76,99,119,31,85,69,60,89,17,133,70,63"/><T41/><D2/><U39/><E127/><V135/><F121/><W25/><G119/><T34/><D34/><U53/><E112/><V30/><F114/><W36/><G36/><T23/><D129/><U117/><E117/><V55/><F75/><W110/><G110/><T37/><D132/><U67/><E7/><V47/><F135/><W100/><G76/><T73/><D54/><U130/><E130/><V57/><F131/><W92/><G133/><T120/><D120/><U105/><E105/><V13/><F3/><W80/><G69/><T48/><D48/><U43/><E21/><V122/><F122/><W101/><G101/><T29/><D23/><U96/><E96/><V27/><F107/><W32/><REACH who="3" step="1"/><G63/><REACH who="3" ten="251,307,210,222" step="2"/><T106/><D68/><U103/><E103/><V59/><F102/><W16/><G16/><T64/><D37/><U51/><E39/><V123/><F123/><W93/><G93/><T33/><D38/><U108/><E108/><V24/><F61/><W40/><G40/><T26/><D41/><U35/><E43/><V12/><REACH who="2" step="1"/><F27/><REACH who="2" ten="251,307,200,222" step="2"/><W44/><G44/><T116/><D106/><U111/><E111/><V90/><F90/><W5/><G5/><T8/><D116/><U1/><E62/><V4/><F4/><W86/><G86/><T84/><D84/><U115/><E45/><V124/><F124/><W58/><G58/><T125/><D125/><U134/><E91/><V94/><F94/><W126/><G126/><T6/><D81/><U77/><E95/><V104/><F104/><W0/><G0/><N who="0" m="71" /><D87/><U52/><E1/><V109/><F109/><RYUUKYOKU ba="0,2" sc="251,10,307,-30,200,10,222,10" hai0="26,29,33,64,65,66,73,74,79,83" hai2="9,10,12,13,14,20,24,30,47,55,56,57,59" hai3="17,18,25,31,32,60,70,80,85,89,92,99,100" /><INIT seed="4,1,2,2,4,93" ten="261,277,210,232" oya="0" hai0="23,25,110,103,121,18,17,117,82,126,48,21,131" hai1="39,9,86,0,43,74,5,133,66,70,65,123,97" hai2="15,98,72,78,85,71,124,55,42,37,76,118,29" hai3="30,125,49,91,3,101,108,60,61,79,54,41,81"/><T135/><D117/><U107/><E123/><V32/><F118/><W102/><G108/><T75/><D121/><U50/><E50/><V68/><F72/><W77/><G3/><T88/><D110/><U134/><E86/><V14/><F55/><W127/><G41/><T16/><D126/><N who="3" m="48137" /><G91/><T31/><D131/><U120/><E74/><V57/><F42/><W52/><G30/><T116/><D116/><U100/><E120/><V106/><F29/><W6/><G6/><T11/><D11/><U26/><E26/><V53/><F37/><W19/><G19/><T84/><D75/><U104/><E104/><V4/><F4/><W92/><G54/><T28/><D135/><N who="1" m="51723" /><E70/><V63/><F53/><W1/><G1/><T51/><D103/><N who="3" m="39433" /><G92/><T47/><D47/><AGARI ba="1,2" hai="0,5,9,39,43,47,65,66,97,100,107" m="51723" machi="47" ten="30,2000,0" yaku="20,1,52,1" doraHai="93" who="1" fromWho="0" sc="261,-23,277,43,210,0,232,0" /><INIT seed="5,0,0,1,3,91" ten="238,320,210,232" oya="1" hai0="121,10,20,129,46,104,73,5,45,123,68,13,113" hai1="101,16,115,86,51,35,72,24,53,9,122,33,106" hai2="67,52,117,7,131,69,2,32,6,130,8,97,26" hai3="112,4,3,85,55,49,47,70,107,76,79,81,87"/><U120/><E72/><V108/><F108/><W88/><G112/><T100/><D73/><U50/><E115/><V22/><F117/><W28/><G107/><T42/><D68/><U63/><E51/><V134/><F134/><W14/><G3/><T1/><D113/><U36/><E36/><V65/><F32/><W44/><G70/><T23/><D129/><N who="2" m="49162" /><F7/><W61/><G28/><T109/><D45/><U38/><E38/><V99/><F69/><W77/><G61/><T25/><D109/><U75/><E75/><V80/><F80/><W27/><G27/><T84/><D84/><U124/><E63/><V126/><F126/><W90/><G47/><T119/><D119/><U133/><E124/><V56/><F65/><W71/><G71/><T30/><D100/><U60/><E60/><N who="2" m="35847" /><F67/><W135/><G135/><T128/><D128/><U18/><E35/><V17/><AGARI ba="0,0" hai="2,6,8,17,22,26,97,99" m="35847,49162" machi="17" ten="30,2000,0" yaku="19,1,54,1" doraHai="91" who="2" fromWho="2" sc="238,-5,320,-10,210,20,232,-5" /><INIT seed="6,0,0,5,1,24" ten="233,310,230,227" oya="2" hai0="104,73,95,118,48,110,64,11,22,92,32,20,100" hai1="10,26,31,35,44,58,115,60,13,0,99,105,29" hai2="52,121,15,8,37,16,90,97,55,125,46,6,91" hai3="89,51,7,14,96,87,21,28,12,86,133,63,68"/><V41/><F121/><W119/><G119/><T53/><D32/><U102/><E115/><V106/><F125/><W59/><G133/><T113/><D110/><U34/><E0/><V135/><F135/><W17/><G68/><T69/><D73/><U9/><E44/><V39/><F39/><W49/><G96/><T71/><D104/><U42/><E42/><V84/><F6/><W129/><G129/><T50/><D11/><U3/><E3/><V36/><F36/><W57/><G28/><T134/><D53/><U101/><E101/><V1/><F1/><W82/><G59/><T4/><D4/><U66/><E13/><V120/><F120/><W124/><G124/><T5/><D5/><U94/><E105/><V79/><F79/><W33/><G33/><T83/><D83/><U78/><E78/><V103/><REACH who="2" step="1"/><F91/><REACH who="2" ten="233,310,220,227" step="2"/><W23/><G7/><T127/><D127/><U117/><E117/><V65/><F65/><W81/><G89/><T77/><D64/><U56/><E66/><V108/><F108/><W54/><G82/><AGARI ba="0,1" hai="8,15,16,37,41,46,52,55,82,84,90,97,103,106" machi="82" ten="30,11600,0" yaku="1,1,7,1,54,2,53,0" doraHai="24" doraHaiUra="30" who="2" fromWho="3" sc="233,0,310,0,220,126,227,-116" /><INIT seed="6,1,0,4,2,113" ten="233,310,346,111" oya="2" hai0="83,3,37,63,101,122,97,129,15,116,125,76,7" hai1="49,67,81,2,18,21,60,46,59,96,105,54,31" hai2="131,79,70,41,104,25,78,133,55,102,112,51,34" hai3="48,120,24,130,108,74,119,91,71,109,33,99,107"/><V30/><F112/><W6/><G48/><T45/><D15/><U98/><E2/><V14/><F131/><W128/><G6/><T110/><D110/><N who="3" m="42601" /><G71/><T94/><D129/><N who="3" m="49769" /><G74/><T72/><D125/><U103/><E81/><V53/><F133/><W68/><G68/><T12/><D122/><U111/><E111/><V26/><F70/><W39/><G39/><T64/><D12/><U0/><E0/><V17/><F26/><W43/><G43/><N who="0" m="22767" /><D63/><U23/><E31/><V50/><F41/><W106/><G120/><T36/><D64/><U124/><E124/><V115/><F115/><W40/><G40/><T100/><D36/><U65/><E65/><V88/><F51/><W86/><G24/><T77/><D77/><U32/><E49/><V114/><F114/><W69/><G33/><T44/><D101/><U13/><E32/><V10/><F102/><N who="3" m="62815" /><G69/><T9/><D44/><U93/><E46/><V89/><F104/><W22/><G22/><T58/><D58/><U117/><E23/><V85/><F50/><W135/><G107/><T90/><D100/><U82/><E105/><V16/><F53/><W87/><G135/><T8/><D8/><U75/><E54/><V127/><F55/><W95/><G86/><T73/><D73/><U118/><E98/><V28/><F127/><W126/><G126/><T42/><D42/><U134/><E134/><V11/><F85/><W5/><G5/><T123/><D123/><U35/><E35/><V57/><F57/><W121/><G121/><T61/><D61/><U47/><E47/><V1/><F1/><W38/><G38/><RYUUKYOKU ba="1,0" sc="233,10,310,10,346,-30,111,10" hai0="3,7,9,72,76,83,90,94,97,116" hai1="13,18,21,59,60,67,75,82,93,96,103,117,118" hai3="87,91,95,119" /><INIT seed="7,2,0,4,3,70" ten="243,320,316,121" oya="3" hai0="6,109,7,71,60,75,102,42,2,56,133,85,119" hai1="1,61,11,58,44,37,35,5,64,36,54,41,47" hai2="53,108,105,123,130,117,106,93,86,104,68,92,40" hai3="118,38,22,121,27,39,78,49,52,51,120,4,100"/><W113/><G4/><T0/><D75/><U90/><E35/><V19/><F68/><W135/><G100/><T80/><D71/><U96/><E96/><V97/><F40/><W31/><G78/><T126/><D109/><U45/><E37/><N who="3" m="13834" /><G118/><T79/><D42/><U94/><E64/><V43/><F43/><W25/><G25/><T89/><D102/><U69/><E69/><V115/><F117/><W66/><G66/><T101/><D101/><U111/><E111/><V16/><F53/><W110/><G110/><T21/><D7/><U124/><E94/><V57/><F108/><W32/><G32/><T84/><D6/><U95/><E95/><V116/><F116/><W128/><G49/><T125/><D119/><U34/><E90/><V114/><F123/><W127/><G113/><N who="2" m="43017" /><F130/><W24/><G24/><T129/><D129/><U48/><E34/><V50/><F50/><W23/><G128/><T20/><D0/><U26/><E26/><V29/><F29/><W15/><G135/><T59/><D2/><U72/><E72/><V99/><F57/><N who="3" m="32927" /><G127/><T134/><D79/><U3/><E124/><V9/><F97/><W107/><G107/><T82/><D60/><U74/><E3/><V76/><F99/><W18/><G121/><T131/><D131/><U88/><E48/><V103/><F103/><W55/><G120/><T77/><D77/><U112/><E112/><V46/><F46/><N who="1" m="18025" /><E74/><V62/><F62/><W28/><G55/><T13/><D13/><U67/><E54/><V10/><F76/><W17/><G31/><T98/><D98/><U73/><E73/><RYUUKYOKU ba="2,0" sc="243,10,320,10,316,-30,121,10" hai0="20,21,56,59,80,82,84,85,89,125,126,133,134" hai1="1,5,11,36,41,47,58,61,67,88" hai3="15,17,18,22,23,27,28" /><INIT seed="7,3,0,2,0,89" ten="253,330,286,131" oya="3" hai0="74,64,43,62,31,61,117,79,84,72,8,110,94" hai1="27,73,5,47,87,59,82,3,34,69,15,46,50" hai2="124,106,36,102,25,95,100,112,57,92,1,71,21" hai3="104,116,55,35,49,58,9,66,96,44,120,7,14"/><W105/><G120/><T97/><D117/><U51/><E69/><V11/><F71/><W54/><G116/><T52/><D110/><U93/><E3/><V78/><F36/><W48/><G35/><T81/><D31/><U85/><E73/><V132/><F106/><W19/><G66/><T90/><D43/><U101/><E27/><V70/><F70/><W131/><G131/><T13/><D64/><U107/><E107/><V65/><F112/><W2/><REACH who="3" step="1"/><G96/><REACH who="3" ten="253,330,286,121" step="2"/><T118/><D118/><U41/><E34/><V135/><F65/><W99/><G99/><T0/><D0/><U33/><E33/><V20/><F1/><W38/><G38/><T98/><D98/><U80/><E87/><V63/><F132/><W115/><G115/><T75/><REACH who="0" step="1"/><D52/><REACH who="0" ten="243,330,286,121" step="2"/><U103/><E41/><V130/><F135/><W76/><G76/><T28/><D28/><U109/><E85/><V42/><F78/><W17/><G17/><AGARI ba="3,2" hai="8,13,17,61,62,72,74,75,79,81,84,90,94,97" machi="17" ten="40,2600,0" yaku="1,1,52,1,53,0" doraHai="89" doraHaiUra="123" who="0" fromWho="3" sc="243,55,330,0,286,0,121,-35" owari="298,10.0,330,42.0,286,-11.0,86,-41.0" /></mjloggm>