<mjloggm ver="2.3"><GO type="233" lobby="0"/><UN n0="%72%79%6F%E2%80%A6%31%35" n1="%74%61%6B%75%61%6B%61" n2="%65%69%6B%31" n3="%E3%82%A6%E3%83%AB%E3%83%88%E3%83%A9%E7%AB%8B%E7%9B%B4" dan="16,18,17,18" rate="2122.00,2200.99,2140.80,2239.74" sx="M,M,M,M"/><TAIKYOKU oya="0"/><INIT seed="0,0,0,5,4,135" ten="250,250,250,250" oya="0" hai0="43,113,67,87,85,40,12,28,88,86,24,31,7" hai1="115,89,114,29,39,37,33,32,53,101,123,93,21" hai2="134,112,18,132,79,15,62,117,19,8,110,119,50" hai3="36,72,6,45,90,22,52,80,41,103,38,49,91"/><T78/><D113/><N who="1" m="43019" /><E101/><V108/><F112/><W129/><G129/><T34/><D31/><U14/><E53/><V104/><F104/><W65/><G103/><T9/><D67/><U16/><E123/><V5/><F79/><W97/><G65/><T74/><REACH who="0" step="1"/><D88/><REACH who="0" ten="240,250,250,250" step="2"/><U121/><E29/><V130/><F130/><W26/><G91/><T10/><D10/><U51/><E121/><V70/><F132/><W20/><G90/><T57/><D57/><U98/><E51/><V77/><F134/><W58/><G49/><T59/><D59/><U75/><E75/><V84/><F50/><W94/><G58/><T124/><D124/><U64/><E64/><V25/><F62/><W118/><G72/><T0/><D0/><U48/><E48/><V81/><F70/><W13/><G38/><AGARI ba="0,1" hai="14,16,21,32,33,37,38,39,89,93,98" m="43019" machi="38" ten="30,2000,0" yaku="11,1,54,1" doraHai="135" who="1" fromWho="3" sc="240,0,250,30,250,0,250,-20" /><INIT seed="1,0,0,2,2,88" ten="240,280,250,230" oya="1" hai0="25,58,0,90,85,78,84,100,106,50,49,120,12" hai1="45,110,17,119,19,43,8,79,118,35,42,55,111" hai2="64,18,41,1,63,93,73,31,36,114,123,46,96" hai3="97,98,132,89,70,82,60,80,115,33,39,72,11"/><U57/><E35/><V7/><F123/><W51/><G39/><T40/><D0/><U34/><E79/><V30/><F73/><W128/><G33/><T103/><D120/><U44/><E34/><V130/><F130/><W102/><G115/><T59/><D106/><U38/><E8/><V20/><F114/><W91/><G60/><T2/><D2/><U74/><E74/><V28/><F7/><W127/><G51/><T69/><D69/><U112/><E112/><V53/><F53/><W4/><G11/><T94/><D25/><U23/><E23/><V22/><F1/><W16/><G16/><N who="1" m="6218" /><E57/><V126/><F126/><W6/><G70/><T95/><D12/><U56/><E56/><V47/><F18/><W83/><G6/><T125/><D125/><U15/><E15/><V21/><F21/><W76/><G4/><T104/><D104/><U77/><E77/><V67/><F20/><W37/><G37/><T9/><D9/><U135/><E55/><V101/><F22/><W131/><G127/><T134/><D134/><U99/><E99/><V122/><F122/><W117/><G98/><T10/><D10/><U113/><E113/><V66/><REACH who="2" step="1"/><F47/><REACH who="2" ten="240,280,240,230" step="2"/><W24/><G24/><T68/><D40/><U107/><E43/><V26/><F26/><W116/><G132/><T86/><D78/><U27/><E135/><V121/><F121/><W52/><G52/><T109/><D109/><N who="1" m="41483" /><E27/><V124/><F124/><W108/><G108/><T71/><D84/><U54/><E42/><V5/><F5/><W87/><G87/><T105/><D85/><U62/><E54/><RYUUKYOKU ba="0,1" sc="240,-10,280,-10,240,30,230,-10" hai2="28,30,31,36,41,46,63,64,66,67,93,96,101" /><INIT seed="2,1,1,4,2,61" ten="230,270,270,220" oya="2" hai0="72,13,24,111,16,51,80,11,76,123,99,100,113" hai1="71,55,85,78,41,40,77,135,110,38,104,33,14" hai2="52,67,117,68,21,86,122,32,31,15,1,64,106" hai3="34,8,74,94,103,90,9,60,43,49,3,101,89"/><V131/><F117/><W7/><G34/><T107/><D111/><U108/><E104/><V93/><F106/><W59/><G74/><T73/><D123/><U114/><E114/><V39/><F122/><W27/><G27/><T62/><D113/><U58/><E71/><V25/><F39/><W70/><G70/><T69/><D51/><U35/><E135/><V120/><F120/><W28/><G28/><T23/><D69/><U129/><E14/><V17/><F68/><W45/><G9/><T88/><D62/><N who="1" m="36191" /><E85/><V128/><F1/><W65/><REACH who="3" step="1"/><G90/><REACH who="3" ten="230,270,270,210" step="2"/><T12/><D73/><U36/><E33/><V82/><F32/><W87/><AGARI ba="1,2" hai="3,7,8,43,45,49,59,60,65,87,89,94,101,103" machi="87" ten="20,8000,1" yaku="1,1,2,1,0,1,7,1,52,1,53,0" doraHai="61" doraHaiUra="112" who="3" fromWho="3" sc="230,-21,270,-21,270,-41,210,103" /><INIT seed="3,0,0,2,2,60" ten="209,249,229,313" oya="3" hai0="115,122,45,107,54,23,123,67,130,105,41,38,8" hai1="76,18,127,24,44,86,64,74,15,43,34,65,51" hai2="133,5,121,101,113,14,75,128,17,108,50,21,13" hai3="114,10,132,58,104,26,19,125,78,102,90,110,100"/><W3/><G114/><T36/><D115/><U112/><E74/><V72/><F113/><W93/><G104/><T2/><D38/><U32/><E127/><V109/><F128/><W103/><G125/><T9/><D130/><U16/><E112/><V117/><F117/><W84/><G132/><T7/><D8/><N who="1" m="6247" /><E34/><V77/><F133/><W59/><G110/><N who="2" m="42601" /><F121/><W31/><G78/><T134/><D134/><U80/><E32/><V82/><F101/><W30/><G30/><T47/><D23/><AGARI ba="0,0" hai="18,23,24,43,44,51,64,65,76,80,86" m="6247" machi="23" ten="30,7700,0" yaku="8,1,52,2,54,1" doraHai="60" who="1" fromWho="0" sc="209,-77,249,77,229,0,313,0" /><INIT seed="4,0,0,0,1,93" ten="132,326,229,313" oya="0" hai0="88,51,132,52,29,83,69,21,76,113,106,45,94" hai1="27,77,20,90,134,5,89,87,107,86,91,70,135" hai2="97,39,63,23,58,47,49,125,38,32,112,56,72" hai3="17,117,64,61,84,33,9,82,59,80,115,75,68"/><T41/><D106/><U36/><E36/><V28/><F72/><W85/><G33/><T92/><D69/><U42/><E42/><V121/><F32/><W22/><G117/><T129/><D113/><U103/><E70/><V35/><F35/><W96/><G75/><T26/><D129/><U120/><E5/><V12/><F121/><W108/><G108/><T10/><D132/><U43/><E43/><V60/><F112/><W126/><G126/><T98/><D94/><U127/><E127/><V25/><F125/><W8/><G96/><T116/><D116/><U15/><E15/><V110/><F110/><W46/><G46/><T0/><D0/><U104/><E77/><V19/><F39/><W118/><G68/><T66/><D66/><U74/><E74/><V14/><F38/><W7/><G7/><T30/><D10/><U95/><E20/><N who="2" m="15399" /><F12/><N who="3" m="9511" /><G118/><T131/><D131/><U11/><E27/><V133/><F133/><N who="1" m="50697" /><E11/><V67/><F14/><W73/><G73/><T18/><D41/><U62/><E62/><V99/><F19/><W37/><G37/><T119/><D119/><U105/><E120/><V81/><F23/><W4/><G4/><T44/><D44/><U57/><E57/><V55/><F81/><N who="3" m="31339" /><G115/><T3/><D3/><U16/><E16/><V50/><F50/><W31/><G31/><T54/><D54/><AGARI ba="0,0" hai="47,49,54,55,56,58,60,63,67,97,99" m="15399" machi="54" ten="30,3900,0" yaku="8,1,52,2" doraHai="93" who="2" fromWho="0" sc="132,-39,326,0,229,39,313,0" /><INIT seed="5,0,0,0,5,126" ten="93,326,268,313" oya="1" hai0="12,44,28,94,7,78,111,85,15,88,107,122,59" hai1="80,117,22,127,89,74,82,21,49,69,91,20,45" hai2="25,41,132,38,1,120,93,5,102,103,65,115,87" hai3="75,26,42,47,77,108,100,9,95,62,113,109,110"/><U14/><E117/><V67/><F120/><W60/><G113/><T40/><D122/><U112/><E112/><V11/><F115/><W4/><G26/><T23/><D107/><U33/><E33/><V0/><F0/><W29/><G29/><T56/><D111/><U118/><E69/><V46/><F132/><W2/><G95/><T16/><D28/><U48/><E127/><V129/><F129/><W99/><G99/><T53/><D78/><U98/><E74/><V104/><F104/><W34/><G100/><T124/><D124/><U81/><E118/><V55/><F102/><W71/><G71/><T125/><D125/><U131/><E131/><V92/><F92/><W83/><REACH who="3" step="1"/><G34/><REACH who="3" ten="93,326,268,303" step="2"/><T121/><D121/><U119/><E119/><V106/><F106/><W123/><G123/><T35/><D35/><U130/><E130/><V116/><F116/><W114/><G114/><T58/><D7/><U97/><E97/><V57/><F25/><W8/><G8/><T51/><REACH who="0" step="1"/><D12/><REACH who="0" ten="83,326,268,303" step="2"/><U73/><E14/><V86/><F5/><W36/><AGARI ba="0,2" hai="2,4,9,36,42,47,60,62,75,77,83,108,109,110" machi="36" ten="30,8000,1" yaku="1,1,0,1,25,2,53,1" doraHai="126" doraHaiUra="37" who="3" fromWho="3" sc="83,-20,326,-40,268,-20,303,100" /><INIT seed="6,0,0,4,5,24" ten="63,286,248,403" oya="2" hai0="4,82,110,70,42,39,19,80,5,40,49,108,34" hai1="44,29,104,106,122,95,92,41,6,93,54,133,28" hai2="78,21,26,85,20,127,47,83,88,31,65,96,27" hai3="43,99,132,113,1,38,69,57,60,126,67,59,89"/><V84/><F127/><W52/><G1/><T73/><D70/><U130/><E133/><V46/><F65/><W17/><G59/><T129/><D34/><U58/><E130/><V114/><F96/><W14/><G113/><T18/><D49/><N who="1" m="26767" /><E104/><V121/><F121/><W115/><G115/><T81/><D73/><U2/><E106/><V94/><REACH who="2" step="1"/><F114/><REACH who="2" ten="63,286,238,403" step="2"/><W97/><G99/><T112/><D112/><U48/><E122/><V120/><F120/><W35/><G97/><T66/><D66/><U33/><E33/><V16/><AGARI ba="0,1" hai="16,20,21,26,27,31,46,47,78,83,84,85,88,94" machi="16" ten="20,18000,2" yaku="1,1,0,1,7,1,8,1,52,1,54,2,53,0" doraHai="24" doraHaiUra="56" who="2" fromWho="2" sc="63,-60,286,-60,238,190,403,-60" /><INIT seed="6,1,0,0,1,13" ten="3,226,428,343" oya="2" hai0="124,102,69,70,111,120,61,83,132,5,103,73,98" hai1="101,78,112,15,55,4,17,68,66,117,11,65,39" hai2="119,9,51,18,81,96,77,127,22,67,44,92,74" hai3="33,128,41,56,48,0,126,54,90,31,59,36,89"/><V28/><F119/><W109/><G0/><T135/><D5/><U118/><E39/><V121/><F121/><W42/><G109/><T46/><D46/><U113/><E55/><V123/><F123/><W32/><G36/><T37/><D61/><U60/><E78/><V14/><F127/><W25/><G126/><T88/><D83/><U91/><E101/><V114/><F114/><N who="1" m="44137" /><E91/><V58/><F58/><W20/><G128/><T45/><D45/><U72/><E72/><V115/><F115/><W38/><G38/><T3/><D37/><U80/><E80/><V131/><F67/><W87/><G33/><T95/><D120/><U1/><E65/><V130/><F28/><W85/><G32/><T108/><D124/><U62/><E62/><V133/><F133/><N who="0" m="51274" /><D69/><U43/><E43/><V75/><F75/><W99/><G56/><T100/><D70/><U93/><E93/><V129/><F44/><W10/><G42/><T21/><D21/><AGARI ba="1,0" hai="1,4,11,15,17,21,60,66,68,117,118" m="44137" machi="21" ten="30,2000,0" yaku="15,1,52,1" doraHai="13" who="1" fromWho="0" sc="3,-23,226,23,428,0,343,0" owari="-20,-52.0,249,-15.0,428,53.0,343,14.0" /></mjloggm>