<mjloggm ver="2.3"><GO type="169" lobby="0"/><UN n0="%E5%BD%A9%E4%BA%AC" n1="%E5%B0%B1%E6%B4%BB%E7%94%9F%40%E5%B7%9D%E6%9D%91%E8%BB%8D%E5%9B%A3" n2="%E3%83%8B%E3%83%A3%E3%83%83%E3%83%94%E3%83%BC%E5%A4%8F%E7%9B%AE" n3="%E4%B8%96%E7%95%8C%E3%81%AE%E9%9D%92%E6%9C%A8" dan="16,17,17,16" rate="2050.19,2237.33,2142.51,2151.65" sx="M,M,M,M"/><TAIKYOKU oya="0"/><INIT seed="0,0,0,1,5,128" ten="250,250,250,250" oya="0" hai0="3,119,8,65,82,92,108,62,100,61,78,41,111" hai1="56,35,21,122,53,51,96,80,47,79,84,104,52" hai2="27,14,11,123,34,32,36,26,20,42,68,115,46" hai3="118,130,90,113,132,16,99,7,125,33,15,38,45"/><T93/><D119/><U23/><E122/><V12/><F68/><W72/><G118/><T43/><D100/><U40/><E35/><V75/><F75/><W135/><G113/><T87/><D92/><U112/><E112/><V121/><F115/><W4/><G33/><T109/><D93/><U103/><REACH who="1" step="1"/><E53/><REACH who="1" ten="250,240,250,250" step="2"/><V114/><F114/><W73/><G130/><T105/><D105/><U71/><E71/><V131/><F34/><W57/><G73/><T18/><D62/><AGARI ba="0,1" hai="21,23,40,47,51,52,56,62,79,80,84,96,103,104" machi="62" ten="30,3900,0" yaku="1,1,7,1,54,1,53,0" doraHai="128" doraHaiUra="67" who="1" fromWho="0" sc="250,-39,240,49,250,0,250,0" /><INIT seed="1,0,0,3,3,75" ten="211,289,250,250" oya="1" hai0="54,108,13,41,86,71,34,23,113,128,98,24,40" hai1="32,126,81,38,1,118,133,83,20,95,109,96,114" hai2="93,3,16,8,33,99,74,127,94,44,47,84,15" hai3="100,67,5,43,88,51,103,42,62,60,131,132,90"/><U101/><E32/><V110/><F33/><W69/><G131/><T29/><D71/><U66/><E1/><V21/><F74/><W58/><G132/><T0/><D113/><U57/><E38/><V80/><F110/><W50/><G5/><T11/><D108/><U22/><E114/><V59/><F127/><W82/><G69/><T79/><D128/><U25/><E109/><V7/><F59/><W61/><G67/><T28/><D28/><U135/><E126/><V64/><F64/><W39/><G39/><T10/><D34/><U4/><E4/><V121/><F121/><W76/><G58/><T78/><D0/><U116/><E22/><V52/><F52/><W134/><G134/><N who="1" m="51210" /><E57/><V91/><REACH who="2" step="1"/><F94/><REACH who="2" ten="211,289,240,250" step="2"/><W117/><G62/><T27/><D54/><U111/><E66/><V87/><F87/><W19/><G61/><T115/><D86/><U31/><E111/><V89/><AGARI ba="0,1" hai="3,7,8,15,16,21,44,47,80,84,89,91,93,99" machi="89" ten="20,8000,1" yaku="1,1,0,1,7,1,54,1,53,1" doraHai="75" doraHaiUra="35" who="2" fromWho="2" sc="211,-20,289,-40,240,90,250,-20" /><INIT seed="2,0,0,5,2,9" ten="191,249,330,230" oya="2" hai0="63,87,79,109,76,66,45,131,41,80,53,6,7" hai1="1,135,88,49,4,55,11,15,62,31,108,52,110" hai2="100,32,116,122,67,54,104,121,74,13,0,48,36" hai3="78,57,10,114,105,93,24,26,99,56,128,70,47"/><V21/><F32/><W37/><G70/><T125/><D131/><U18/><E135/><V50/><F0/><W61/><G105/><T71/><D109/><N who="1" m="42091" /><E31/><V46/><F36/><W86/><G128/><T64/><D125/><U103/><E103/><V89/><F74/><W91/><G114/><T120/><D120/><U29/><E29/><V59/><F116/><W127/><G127/><T19/><D64/><U107/><E107/><V30/><F100/><W22/><G37/><T77/><D53/><U42/><E62/><V115/><F104/><W123/><G47/><T113/><D113/><U60/><E60/><V58/><F115/><W27/><G10/><T132/><D132/><U28/><E28/><V124/><F124/><W3/><G3/><T98/><D98/><U69/><E69/><V95/><F30/><W133/><G57/><T134/><D134/><U5/><E42/><V117/><F117/><W96/><G123/><T112/><D112/><U129/><E129/><V82/><F122/><W84/><G99/><T2/><D2/><U14/><E49/><V83/><F121/><W8/><G96/><T72/><D72/><U16/><E88/><V119/><F119/><W25/><G84/><T75/><D75/><U44/><E44/><V23/><F48/><W85/><G133/><T102/><D102/><U12/><E4/><N who="0" m="1577" /><D19/><AGARI ba="0,0" hai="1,5,11,12,14,15,16,18,19,52,55" m="42091" machi="19" ten="30,12000,2" yaku="14,1,52,3,54,2" doraHai="9" who="1" fromWho="0" sc="191,-120,249,120,330,0,230,0" /><INIT seed="3,0,0,5,2,60" ten="71,369,330,230" oya="3" hai0="14,56,42,110,63,106,84,61,49,24,7,119,2" hai1="44,21,15,51,96,99,114,89,41,29,45,3,134" hai2="78,97,71,31,98,130,135,124,6,94,122,18,59" hai3="81,4,102,121,132,68,101,32,111,116,5,13,95"/><W92/><G32/><T118/><D106/><U43/><E3/><V82/><F71/><W55/><G68/><T33/><D110/><U104/><E114/><V37/><F37/><W67/><G116/><T8/><D118/><U76/><E76/><V34/><F130/><W93/><G121/><T52/><D119/><U22/><E104/><V73/><F135/><W85/><G132/><T69/><D2/><U86/><E29/><V11/><F124/><W115/><G115/><T58/><D42/><U28/><E28/><V26/><F122/><W79/><G111/><T40/><D40/><U39/><E134/><V50/><F18/><W48/><G67/><T0/><D0/><U128/><E128/><V20/><F34/><W30/><G30/><T27/><D33/><U126/><E126/><V107/><F107/><W87/><G87/><T12/><D12/><U53/><E53/><V103/><F98/><W70/><G70/><T10/><D10/><U113/><E113/><V54/><F11/><N who="3" m="4327" /><G5/><T65/><REACH who="0" step="1"/><D84/><REACH who="0" ten="61,369,330,230" step="2"/><U125/><E15/><V75/><F6/><W64/><G85/><AGARI ba="0,1" hai="20,26,31,50,54,59,73,75,78,82,85,94,97,103" machi="85" ten="30,1000,0" yaku="7,1" doraHai="60" who="2" fromWho="3" sc="61,0,369,0,330,20,230,-10" /><INIT seed="4,0,0,3,1,42" ten="61,369,350,220" oya="0" hai0="78,83,99,68,6,101,89,119,53,59,1,56,19" hai1="57,3,13,39,130,31,121,81,20,71,75,105,100" hai2="45,108,38,27,120,111,80,74,109,30,35,117,90" hai3="113,88,17,96,33,118,46,24,48,107,125,97,5"/><T50/><D68/><U129/><E71/><V132/><F90/><W84/><G118/><T104/><D119/><U25/><E3/><V76/><F117/><W36/><G36/><T82/><D1/><U86/><E39/><V60/><F60/><W70/><G107/><T61/><D6/><U4/><E75/><V124/><F132/><W12/><G113/><T32/><D32/><U9/><E121/><V63/><F63/><W127/><G5/><T93/><D83/><U7/><E7/><V128/><F128/><W62/><G24/><T8/><D8/><U66/><E100/><V87/><F87/><W22/><G33/><T44/><D19/><U0/><E105/><V65/><F65/><W16/><G17/><T106/><D59/><U26/><E26/><V92/><F92/><N who="3" m="54279" /><G62/><T72/><REACH who="0" step="1"/><D101/><REACH who="0" ten="51,369,350,220" step="2"/><U85/><E81/><V77/><F80/><W103/><G70/><T102/><D102/><U52/><E0/><V29/><F35/><W10/><G103/><T112/><D112/><U122/><E57/><V69/><F69/><W47/><G10/><T15/><D15/><U64/><E13/><V126/><F109/><W135/><G12/><T55/><AGARI ba="0,1" hai="44,50,53,55,56,61,72,78,82,89,93,99,104,106" machi="55" ten="20,12000,1" yaku="1,1,0,1,7,1,52,1,53,1" doraHai="42" doraHaiUra="95" who="0" fromWho="0" sc="51,130,369,-40,350,-40,220,-40" /><INIT seed="4,1,0,2,1,76" ten="181,329,310,180" oya="0" hai0="130,80,42,31,60,48,97,54,101,94,59,111,22" hai1="112,18,16,88,36,82,118,106,37,4,119,86,114" hai2="41,121,69,65,51,135,38,100,49,90,128,52,2" hai3="117,32,73,75,53,107,93,131,108,17,122,115,3"/><T28/><D130/><U46/><E106/><V85/><F2/><W78/><RYUUKYOKU type="yao9" ba="1,0" sc="181,0,329,0,310,0,180,0" hai3="3,17,32,53,73,75,78,93,107,108,115,117,122,131" /><INIT seed="4,2,0,0,3,119" ten="181,329,310,180" oya="0" hai0="128,132,10,133,66,54,31,122,41,16,32,88,35" hai1="73,17,91,84,29,45,100,55,61,135,4,48,46" hai2="96,90,120,43,56,40,112,97,131,106,103,25,9" hai3="127,63,19,125,76,18,53,110,85,101,86,27,83"/><T70/><D128/><U14/><E73/><V0/><F120/><W130/><G110/><T92/><D41/><U113/><E135/><N who="0" m="51785" /><D122/><U99/><E29/><V79/><F131/><W23/><G130/><T22/><D54/><U64/><E113/><V20/><F112/><W42/><G42/><T98/><D31/><U21/><E4/><V12/><F0/><W13/><G101/><T37/><D37/><U5/><E5/><V102/><F79/><W15/><G125/><T115/><D115/><U89/><E46/><V2/><F2/><W51/><G63/><N who="0" m="40287" /><D10/><U94/><E84/><V95/><F56/><AGARI ba="2,0" hai="14,17,21,45,48,55,56,61,64,89,91,94,99,100" machi="56" ten="30,2000,0" yaku="7,1,8,1" doraHai="119" who="1" fromWho="2" sc="181,0,329,26,310,-26,180,0" /><INIT seed="5,0,0,2,0,29" ten="181,355,284,180" oya="1" hai0="73,7,109,42,65,110,59,0,95,107,131,48,80" hai1="89,79,44,103,121,4,11,47,84,19,40,13,85" hai2="41,113,101,57,120,18,117,22,70,74,54,98,87" hai3="122,1,58,116,9,126,90,81,106,14,28,82,35"/><U97/><E121/><V83/><F74/><W108/><G108/><T105/><D0/><U127/><E127/><V33/><F70/><W69/><G69/><T96/><D7/><U26/><E79/><V53/><F117/><W39/><G39/><T99/><D42/><U2/><E89/><V94/><F120/><W51/><G106/><T61/><D48/><U15/><E26/><V8/><F8/><W49/><G1/><T45/><D45/><U92/><E47/><V31/><F41/><W75/><G75/><T55/><D131/><U64/><E64/><V60/><F113/><W72/><G90/><T91/><D65/><U102/><E103/><V114/><F114/><W5/><G72/><T124/><D124/><U12/><REACH who="1" step="1"/><E19/><REACH who="1" ten="181,345,284,180" step="2"/><V25/><F18/><W27/><G122/><T88/><D91/><U24/><E24/><V104/><F54/><W6/><G126/><T133/><D109/><U100/><E100/><V130/><F130/><W125/><G125/><T21/><D110/><U67/><E67/><V112/><F112/><W63/><G116/><T38/><D55/><U66/><E66/><V20/><F104/><W17/><G17/><T32/><D107/><U3/><E3/><V56/><F56/><W71/><G71/><T118/><D105/><U77/><E77/><AGARI ba="0,1" hai="20,22,25,31,33,53,57,60,77,83,87,94,98,101" machi="77" ten="30,2000,0" yaku="7,1,52,1" doraHai="29" who="2" fromWho="1" sc="181,0,345,-20,284,30,180,0" /><INIT seed="6,0,0,2,1,83" ten="181,325,314,180" oya="2" hai0="55,112,63,49,5,18,96,2,134,82,8,114,71" hai1="131,34,7,43,31,60,125,80,10,22,88,116,126" hai2="1,75,99,121,48,92,117,101,41,123,36,132,97" hai3="86,53,79,28,76,6,23,70,107,128,32,77,91"/><V38/><F75/><W119/><G119/><T69/><D134/><U30/><E34/><V4/><F117/><W94/><G128/><T124/><D124/><N who="1" m="47723" /><E116/><V24/><F132/><W21/><G107/><T37/><D37/><U73/><E43/><V62/><F4/><W54/><G70/><T133/><D133/><U127/><E131/><V19/><F1/><W110/><G110/><T104/><D82/><U47/><E47/><V17/><F48/><W35/><G6/><T102/><D18/><U106/><E106/><V29/><F62/><W100/><G100/><T16/><D16/><U50/><E50/><V98/><F17/><W89/><G35/><T130/><D130/><U122/><E60/><V0/><F19/><W65/><G65/><T25/><D25/><U66/><E66/><V58/><F0/><W129/><G129/><T115/><REACH who="0" step="1"/><D63/><REACH who="0" ten="171,325,314,180" step="2"/><U59/><E127/><V111/><F38/><W44/><G32/><T87/><D87/><N who="1" m="50279" /><E73/><V42/><F36/><W103/><G28/><T13/><D13/><U113/><E30/><V118/><F29/><W72/><G72/><T105/><D105/><U26/><E31/><V11/><F118/><W45/><G21/><T20/><D20/><U120/><E22/><V74/><F24/><W90/><G23/><T52/><D52/><N who="3" m="20073" /><G86/><T61/><D61/><U33/><E26/><V135/><F74/><W9/><G9/><T57/><AGARI ba="0,1" hai="2,5,8,49,55,57,69,71,96,102,104,112,114,115" machi="57" ten="30,4000,0" yaku="1,1,0,1,15,1,53,0" doraHai="83" doraHaiUra="40" who="0" fromWho="0" sc="171,50,325,-10,314,-20,180,-10" /><INIT seed="7,0,0,0,3,5" ten="221,315,294,170" oya="3" hai0="78,88,21,129,75,71,64,103,93,125,25,128,111" hai1="6,77,38,112,35,74,92,52,80,27,121,2,68" hai2="7,99,123,85,87,110,34,19,58,13,53,109,4" hai3="122,95,104,134,30,16,67,31,46,33,26,8,97"/><W84/><G134/><T102/><D111/><U101/><E121/><V130/><F34/><W40/><G122/><T90/><D64/><U70/><E38/><V43/><F43/><W98/><G67/><T65/><D65/><U60/><E112/><V116/><F116/><W11/><G104/><T69/><D125/><U3/><E6/><N who="2" m="2091" /><F110/><W45/><G33/><T59/><D59/><U47/><E3/><V76/><F130/><N who="0" m="50282" /><D78/><U114/><E2/><V89/><F76/><W126/><G126/><T0/><D0/><U37/><E37/><V15/><F109/><W106/><G106/><T133/><D75/><U57/><E47/><N who="3" m="17930" /><G40/><T131/><D133/><U82/><E114/><V120/><F13/><N who="3" m="7231" /><G8/><T44/><D131/><U96/><E80/><V118/><F118/><W117/><G117/><T24/><D71/><U9/><E9/><N who="2" m="6639" /><F123/><W55/><G55/><T107/><D69/><U23/><E35/><V108/><F108/><W14/><G14/><T17/><D107/><U115/><E115/><V94/><F120/><W50/><G50/><AGARI ba="0,0" hai="50,53,58,85,87,89,94,99" m="6639,2091" machi="50" ten="30,2000,0" yaku="8,1,52,1" doraHai="5" who="2" fromWho="3" sc="221,0,315,0,294,20,170,-20" owari="221,-18.0,315,42.0,314,11.0,150,-35.0" /></mjloggm>