<mjloggm ver="2.3"><GO type="225" lobby="0"/><UN n0="%E3%82%AB%E3%83%A9%E3%82%B9%E3%81%AE%E5%AD%90" n1="%E3%82%A6%E3%83%AB%E3%83%88%E3%83%A9%E7%AB%8B%E7%9B%B4" n2="%65%69%6B%31" n3="%E3%83%9B%E3%83%B3%E3%82%A4%E3%83%84%E5%8E%A8" dan="16,17,17,17" rate="2081.54,2142.17,2221.84,2200.82" sx="M,M,M,M"/><TAIKYOKU oya="0"/><INIT seed="0,0,0,0,4,110" ten="250,250,250,250" oya="0" hai0="12,8,131,90,80,15,21,50,119,38,61,109,121" hai1="0,112,116,32,23,2,135,39,41,25,65,108,67" hai2="79,72,94,71,6,111,98,60,13,10,120,27,9" hai3="44,91,134,133,62,66,123,125,42,4,26,105,3"/><T82/><D121/><U78/><E32/><V64/><F120/><W57/><G105/><T19/><D119/><U14/><E116/><V84/><F72/><W107/><G107/><T63/><D38/><U5/><E78/><V45/><F111/><W48/><G123/><T33/><D33/><U18/><E108/><V47/><F27/><W58/><G125/><T124/><D124/><U118/><E118/><V100/><REACH who="2" step="1"/><F10/><REACH who="2" ten="250,250,240,250" step="2"/><W54/><G26/><T113/><D109/><U1/><E25/><V128/><F128/><W74/><G74/><T55/><D131/><U96/><E135/><V52/><F52/><W93/><G133/><T49/><D113/><U24/><E112/><V43/><F43/><W68/><G134/><T89/><D8/><U31/><E41/><V70/><F70/><W99/><G42/><T102/><D55/><U46/><E24/><V17/><F17/><W30/><G54/><T53/><D53/><U88/><E18/><V76/><F76/><W22/><G68/><T92/><D19/><U81/><E31/><V85/><F85/><W34/><G30/><T75/><D75/><U69/><E69/><V51/><F51/><W130/><G48/><T114/><D114/><U20/><E65/><V106/><F106/><W59/><G66/><T56/><D50/><U129/><E67/><V127/><F127/><W83/><G130/><T11/><D49/><U40/><E129/><V16/><F16/><W35/><G62/><T87/><D61/><U28/><E28/><V73/><F73/><W97/><G97/><T126/><D63/><U101/><E96/><RYUUKYOKU ba="0,1" sc="250,-10,250,-10,240,30,250,-10" hai2="6,9,13,45,47,60,64,71,79,84,94,98,100" /><INIT seed="1,1,1,0,2,32" ten="240,240,270,240" oya="1" hai0="116,133,68,55,89,42,39,115,40,71,4,121,131" hai1="119,84,73,61,24,75,31,51,97,41,28,26,76" hai2="58,123,47,70,34,33,90,3,66,25,79,134,46" hai3="45,108,80,85,98,62,60,13,72,93,88,36,20"/><U114/><E114/><V126/><F123/><W83/><G108/><T59/><D115/><U117/><E61/><V69/><F3/><W118/><G118/><T113/><D113/><U23/><E97/><V86/><F79/><W105/><G36/><T124/><D121/><U101/><E101/><V56/><F134/><W21/><G45/><T0/><D116/><U7/><E7/><V30/><F126/><W135/><G135/><T122/><D122/><U17/><E17/><V78/><F78/><W22/><G105/><T53/><D133/><U111/><E111/><V96/><F96/><W6/><G72/><T65/><D124/><U18/><E18/><V19/><F19/><W14/><G14/><T82/><D0/><U5/><E5/><V132/><F132/><W2/><G2/><T92/><D68/><U37/><E37/><V91/><F86/><W11/><REACH who="3" step="1"/><G80/><REACH who="3" ten="240,240,270,230" step="2"/><T15/><D39/><U54/><E75/><V104/><F104/><W44/><G44/><T103/><D82/><N who="1" m="47175" /><E73/><V109/><F109/><W99/><G99/><T1/><D1/><U9/><E119/><V35/><F47/><W67/><G67/><T8/><D65/><U29/><E117/><V10/><F46/><W94/><G94/><T107/><D92/><U112/><E112/><V48/><F66/><W16/><G16/><T50/><D107/><U12/><E41/><V120/><F120/><W128/><G128/><T125/><D42/><U106/><E106/><V52/><F10/><W130/><G130/><T100/><D131/><U129/><E9/><V127/><F127/><W27/><G27/><RYUUKYOKU ba="1,2" sc="240,-10,240,-10,270,-10,230,30" hai3="6,11,13,20,21,22,60,62,83,85,88,93,98" /><INIT seed="2,2,2,5,5,121" ten="230,230,260,260" oya="2" hai0="104,93,66,44,34,42,123,112,109,132,27,72,63" hai1="30,119,68,39,19,81,85,57,9,131,126,127,3" hai2="97,25,18,99,13,80,67,77,48,110,65,11,113" hai3="88,89,76,29,96,102,1,20,6,115,111,87,35"/><V60/><F113/><W134/><G35/><T130/><D112/><U58/><E119/><V0/><F0/><W124/><G134/><T23/><D123/><U91/><E68/><V100/><F110/><W54/><G111/><T46/><D109/><U31/><E39/><V117/><F117/><W129/><G129/><T36/><D104/><U37/><E37/><V8/><F25/><W70/><G70/><T69/><D130/><U4/><E19/><V26/><F26/><W22/><G124/><N who="1" m="47658" /><E131/><V78/><F48/><W71/><G71/><T122/><D122/><U16/><E16/><V10/><F60/><W133/><G29/><AGARI ba="2,2" hai="3,4,9,29,30,31,57,58,81,85,91" m="47658" machi="29" ten="30,1000,0" yaku="18,1" doraHai="121" who="1" fromWho="3" sc="230,0,230,36,260,0,260,-16" /><INIT seed="3,0,0,2,4,30" ten="230,266,260,244" oya="3" hai0="25,134,102,87,83,23,59,7,94,132,40,55,2" hai1="57,46,31,58,1,128,65,50,66,20,43,104,95" hai2="106,28,101,16,85,117,17,71,78,14,122,107,12" hai3="76,121,52,64,103,35,33,111,96,38,56,72,120"/><W89/><G38/><T119/><D119/><U130/><E104/><V19/><F117/><W93/><G64/><N who="1" m="24682" /><E1/><V37/><F71/><W81/><G111/><T100/><D40/><U77/><E77/><V127/><F37/><W80/><G80/><T68/><D68/><U48/><E95/><V63/><F127/><W60/><REACH who="3" step="1"/><G103/><REACH who="3" ten="230,266,260,234" step="2"/><T73/><D102/><U105/><E130/><V3/><F101/><W41/><G41/><T74/><D100/><U129/><E43/><V5/><F107/><W22/><G22/><T18/><D94/><U32/><E20/><V26/><F106/><W70/><G70/><T53/><D74/><U109/><E105/><V11/><F122/><AGARI ba="0,1" hai="33,35,52,56,60,72,76,81,89,93,96,120,121,122" machi="122" ten="40,12000,1" yaku="1,1,52,2,54,1,53,0" doraHai="30" doraHaiUra="10" who="3" fromWho="2" sc="230,0,266,0,260,-120,234,130" owari="230,-17.0,266,7.0,140,-36.0,364,46.0" /></mjloggm>