<mjloggm ver="2.3"><GO type="169" lobby="0"/><UN n0="%E5%B0%B1%E6%B4%BB%E7%94%9F%40%E5%B7%9D%E6%9D%91%E8%BB%8D%E5%9B%A3" n1="%E3%81%BF%E3%81%A3%E3%81%A4%E3%81%83%EF%BD%9E" n2="%63%65%73%39" n3="%E8%B1%86%E7%89%B9%EF%BC%A0%E6%B2%B3%E6%9D%91%E8%BB%8D%E5%9B%A3" dan="17,16,16,16" rate="2205.99,2063.77,2065.20,2084.77" sx="M,F,M,M"/><TAIKYOKU oya="0"/><INIT seed="0,0,0,0,4,124" ten="250,250,250,250" oya="0" hai0="68,40,60,55,65,62,97,5,37,93,31,125,126" hai1="72,119,51,7,27,106,95,86,117,8,113,98,16" hai2="129,123,73,131,38,41,75,103,43,99,94,133,14" hai3="42,128,127,12,121,24,18,67,34,135,120,79,71"/><T47/><D31/><U64/><E72/><N who="2" m="27723" /><F123/><N who="3" m="47179" /><G79/><T17/><D5/><U109/><E106/><V20/><F38/><W92/><G92/><T116/><D116/><U50/><E109/><V36/><F36/><W57/><G57/><T3/><D3/><U105/><E105/><V28/><F133/><W1/><G42/><T26/><D62/><U83/><E64/><V61/><F61/><W30/><G67/><T76/><D76/><N who="1" m="46439" /><E113/><V54/><F54/><W88/><G88/><T104/><D104/><U89/><E119/><V77/><F77/><W6/><G71/><T33/><D55/><U100/><E89/><V45/><F45/><W58/><G58/><T10/><D33/><U66/><E66/><V56/><F56/><W111/><G135/><T80/><D80/><U35/><E35/><V53/><F53/><W4/><G111/><T49/><D37/><U134/><E117/><V107/><F107/><W63/><G63/><T108/><D108/><U87/><E87/><V2/><F2/><W112/><G112/><T39/><D39/><U85/><E85/><V9/><F103/><W11/><G4/><T78/><D78/><U23/><E134/><V130/><F99/><W91/><G91/><T15/><REACH who="0" step="1"/><D26/><REACH who="0" ten="240,250,250,250" step="2"/><U46/><E46/><V115/><F115/><W132/><G132/><T81/><D81/><U118/><E118/><V122/><F122/><W22/><G127/><T21/><D21/><U70/><E70/><V96/><F96/><W59/><G59/><T44/><D44/><U25/><E27/><N who="2" m="16487" /><F94/><W0/><G0/><T32/><D32/><U19/><E7/><AGARI ba="0,1" hai="7,9,14,41,43,129,130,131" m="16487,27723" machi="7" ten="40,8000,1" yaku="6,1,19,1,52,3" doraHai="124" who="2" fromWho="1" sc="240,0,250,-80,250,90,250,0" /><INIT seed="1,0,0,4,0,5" ten="240,170,340,250" oya="1" hai0="133,57,28,45,13,68,120,9,127,118,64,67,50" hai1="85,130,38,60,75,22,55,14,124,59,71,114,35" hai2="24,93,46,113,119,16,123,20,80,135,70,44,54" hai3="77,10,39,84,62,121,34,61,98,100,33,18,91"/><U3/><E75/><V23/><F119/><W92/><G39/><T129/><D118/><U37/><E35/><V7/><F123/><W104/><G121/><T30/><D120/><U42/><E3/><V48/><F70/><W116/><G116/><T76/><D129/><U112/><E130/><V6/><F135/><W86/><G86/><T19/><D133/><U132/><E132/><V72/><F113/><W73/><G34/><T126/><D76/><U102/><E124/><N who="0" m="47657" /><D68/><U79/><E38/><V105/><F105/><W26/><G33/><T51/><D51/><U74/><E74/><V36/><F93/><W107/><G107/><T125/><N who="0" m="47665" /><T128/><DORA hai="134" /><D128/><U8/><E102/><V2/><F48/><W111/><G111/><T31/><D57/><U99/><E71/><V27/><F36/><W106/><G106/><T131/><D131/><U12/><E99/><V108/><F108/><W109/><G109/><T88/><D88/><U63/><E85/><V0/><F46/><W115/><G115/><T101/><D101/><U95/><E63/><V58/><F58/><W66/><G62/><T49/><D49/><U110/><E95/><V15/><F44/><W52/><G92/><T1/><D1/><U81/><E110/><V83/><F0/><W41/><G100/><T96/><D96/><U40/><E37/><V4/><F2/><W97/><G98/><T47/><D47/><U87/><E114/><V21/><F72/><W65/><G97/><T90/><D90/><U11/><E112/><V32/><F83/><W94/><G94/><T103/><D103/><RYUUKYOKU ba="0,0" sc="240,30,170,-10,340,-10,250,-10" hai0="9,13,19,28,30,31,45,50,64,67" /><INIT seed="2,1,0,0,2,128" ten="270,160,330,240" oya="2" hai0="112,95,119,127,53,82,31,134,15,17,46,111,50" hai1="68,25,123,107,75,92,47,121,72,71,8,124,79" hai2="117,62,2,65,7,105,51,73,103,104,97,84,66" hai3="56,96,93,115,20,13,39,1,67,12,26,45,118"/><V57/><F73/><N who="1" m="28233" /><E79/><V30/><F117/><W22/><G118/><T16/><D112/><U3/><E92/><V61/><F30/><N who="3" m="17735" /><G1/><T87/><D119/><U110/><E110/><V114/><F114/><W23/><G115/><T35/><D127/><U37/><E25/><V106/><F51/><W36/><G45/><T99/><D111/><U88/><E88/><V77/><F7/><W54/><G67/><T130/><D130/><U34/><E34/><V41/><F41/><W27/><G36/><T126/><D126/><U109/><E107/><V43/><F43/><W80/><G39/><T78/><D35/><U101/><E101/><V0/><F84/><W58/><G80/><T5/><D31/><U33/><E33/><V116/><F77/><W38/><G38/><T63/><D63/><U85/><E85/><V125/><F125/><W64/><G64/><T60/><D60/><U132/><E124/><V74/><F74/><W98/><G96/><T81/><D81/><U42/><E109/><V69/><F116/><W122/><G122/><N who="1" m="46602" /><E71/><V6/><F6/><W76/><G76/><T29/><D29/><U89/><E68/><V129/><F129/><W135/><G98/><T102/><D5/><N who="1" m="1087" /><E89/><V94/><AGARI ba="1,0" hai="0,2,57,61,62,65,66,69,94,97,103,104,105,106" machi="94" ten="30,1500,0" yaku="0,1" doraHai="128" who="2" fromWho="2" sc="270,-6,160,-6,330,18,240,-6" /><INIT seed="2,2,0,4,2,58" ten="264,154,348,234" oya="2" hai0="76,32,79,45,4,126,106,48,105,63,125,25,81" hai1="62,27,70,99,118,50,89,17,134,6,26,40,120" hai2="87,46,0,113,21,31,36,55,47,110,88,96,35" hai3="94,54,119,127,57,29,60,129,114,122,49,102,65"/><V123/><F35/><W56/><G122/><T108/><D4/><U38/><E118/><V1/><F123/><W83/><G119/><T52/><D108/><U117/><E38/><V78/><F113/><W98/><G114/><T72/><D79/><U86/><E117/><V34/><F34/><W97/><G129/><T132/><D132/><U101/><E134/><V10/><F78/><W59/><G127/><N who="0" m="48651" /><D32/><U41/><E6/><V90/><F10/><W95/><G83/><T93/><D93/><U11/><E120/><V111/><F96/><W107/><G29/><T74/><D25/><U28/><E17/><V7/><F7/><W64/><G64/><T24/><D24/><U2/><E27/><N who="2" m="16879" /><F55/><W51/><G107/><N who="0" m="40971" /><D74/><U19/><E2/><N who="2" m="1131" /><F36/><W104/><G104/><T85/><D72/><U33/><E99/><V80/><F90/><W100/><REACH who="3" step="1"/><G51/><REACH who="3" ten="264,154,348,224" step="2"/><T131/><D131/><U18/><E50/><V73/><F73/><W68/><AGARI ba="2,1" hai="49,54,56,57,59,60,65,68,94,95,97,98,100,102" machi="68" ten="20,12000,2" yaku="1,1,2,1,0,1,7,1,9,1,52,1,53,0" doraHai="58" doraHaiUra="103" who="3" fromWho="3" sc="264,-32,154,-32,348,-62,224,136" /><INIT seed="3,0,0,0,0,27" ten="232,122,286,360" oya="3" hai0="48,83,10,129,15,11,57,118,89,92,124,99,24" hai1="126,110,103,98,76,119,7,36,62,49,108,109,75" hai2="22,51,32,5,115,68,116,106,38,23,16,45,26" hai3="65,8,67,84,47,41,12,104,97,18,39,50,72"/><W69/><G72/><T28/><D118/><U102/><E36/><V61/><F32/><W120/><G120/><T100/><D124/><U107/><E7/><V113/><F38/><W14/><G69/><T59/><D129/><U86/><E62/><V1/><F106/><W33/><G33/><T42/><D42/><U66/><E66/><V105/><F105/><W21/><G39/><T54/><D59/><U82/><E49/><V46/><F116/><W20/><G104/><T4/><D11/><U35/><E35/><V73/><F73/><W131/><G131/><T88/><REACH who="0" step="1"/><D83/><REACH who="0" ten="222,122,286,360" step="2"/><N who="1" m="45471" /><E126/><V13/><F68/><W63/><G63/><T17/><D17/><U55/><E119/><V30/><F61/><W128/><G128/><T114/><D114/><U58/><E58/><V2/><F16/><N who="3" m="8199" /><G65/><T56/><D56/><U91/><E55/><V53/><F53/><W96/><G67/><T87/><D87/><U43/><E43/><V133/><F113/><W135/><G84/><T130/><D130/><U34/><E34/><AGARI ba="0,1" hai="4,10,15,24,28,34,48,54,57,88,89,92,99,100" machi="34" ten="30,7700,0" yaku="1,1,7,1,52,1,54,1,53,0" doraHai="27" doraHaiUra="80" who="0" fromWho="1" sc="222,87,122,-77,286,0,360,0" /><INIT seed="4,0,0,5,2,114" ten="309,45,286,360" oya="0" hai0="52,24,130,77,26,117,131,81,4,92,104,0,78" hai1="62,58,111,115,72,64,32,86,53,49,56,28,132" hai2="80,76,91,100,69,108,123,42,8,17,103,35,105" hai3="71,57,66,54,30,36,3,19,125,93,46,95,90"/><T98/><D104/><U122/><E72/><V119/><F108/><W112/><G3/><T63/><D4/><U13/><E122/><V47/><F35/><W84/><G112/><T113/><D0/><U126/><E115/><V70/><F91/><W29/><G93/><T55/><D117/><U44/><E111/><V12/><F123/><W65/><G125/><T61/><D113/><U18/><E126/><V60/><F119/><W34/><G34/><T83/><D92/><U107/><E107/><V85/><F60/><W102/><G102/><T74/><D74/><U50/><E32/><V25/><F25/><W99/><G99/><AGARI ba="0,0" hai="24,26,52,55,61,63,77,78,81,83,98,99,130,131" machi="99" ten="25,4800,0" yaku="22,2,54,1" doraHai="114" who="0" fromWho="3" sc="309,48,45,0,286,0,360,-48" /><INIT seed="4,1,0,2,5,69" ten="357,45,286,312" oya="0" hai0="47,20,68,93,81,113,24,48,46,118,4,44,107" hai1="80,41,134,117,110,122,14,84,38,90,91,49,70" hai2="66,106,9,95,2,109,85,92,43,64,37,103,133" hai3="53,100,15,42,25,11,58,62,108,101,67,75,16"/><T39/><D107/><U86/><E70/><V22/><F109/><W124/><G108/><T12/><D118/><U30/><E117/><V128/><F128/><W17/><G75/><T74/><D68/><U116/><E116/><V94/><F85/><W5/><G124/><T119/><D119/><U56/><E122/><V33/><F33/><W131/><G131/><T114/><D93/><U98/><E110/><V57/><F22/><N who="3" m="13519" /><G42/><N who="0" m="22623" /><D12/><U102/><E30/><V72/><F72/><W26/><G67/><T129/><D4/><U112/><E112/><N who="0" m="43113" /><D129/><U19/><E134/><V45/><F133/><W78/><G78/><N who="0" m="44247" /><D48/><U111/><E111/><V28/><F95/><W21/><AGARI ba="1,0" hai="5,11,15,16,21,26,53,58,62,100,101" m="13519" machi="21" ten="30,2000,0" yaku="8,1,54,1" doraHai="69" who="3" fromWho="3" sc="357,-11,45,-6,286,-6,312,23" /><INIT seed="5,0,0,5,5,89" ten="346,39,280,335" oya="1" hai0="92,20,60,95,35,125,86,75,131,46,30,110,13" hai1="71,67,90,17,10,50,81,91,7,55,45,66,134" hai2="40,106,0,58,16,122,94,34,84,39,64,24,127" hai3="29,12,23,70,9,33,79,115,14,118,54,44,98"/><U77/><E134/><V68/><F106/><W132/><G70/><T62/><D75/><U117/><E117/><V102/><F0/><W5/><G132/><T105/><D105/><U11/><E17/><V53/><F122/><W28/><G118/><T129/><D110/><U52/><E55/><V80/><F127/><W6/><G79/><T96/><D125/><U73/><E11/><V119/><F119/><W61/><G33/><T88/><D46/><U4/><E4/><V124/><F124/><W109/><G109/><T83/><D35/><U107/><E107/><V22/><F34/><W85/><G85/><T63/><D96/><U130/><E130/><N who="0" m="49673" /><D13/><U41/><E41/><V76/><F68/><W126/><G126/><T121/><D121/><U56/><E71/><V38/><F64/><W100/><G5/><T108/><D108/><U15/><REACH who="1" step="1"/><E67/><REACH who="1" ten="346,29,280,335" step="2"/><V65/><F65/><W120/><G6/><T37/><D37/><U49/><E49/><V78/><F40/><W19/><G9/><T123/><D123/><U43/><E43/><V104/><F104/><W1/><G120/><T99/><D99/><U114/><E114/><V59/><F53/><W87/><G54/><T113/><D113/><U27/><E27/><AGARI ba="0,1" hai="20,27,30,60,62,63,83,86,88,92,95" m="49673" machi="27" ten="30,7700,0" yaku="19,1,52,2,54,1" doraHai="89" who="0" fromWho="1" sc="346,87,29,-77,280,0,335,0" owari="433,53.0,-48,-55.0,280,-12.0,335,14.0" /></mjloggm>