<mjloggm ver="2.3"><GO type="169" lobby="0"/><UN n0="%EF%BC%8A%E7%B4%97%E5%BC%A5%E8%8F%AF%EF%BC%8A" n1="%44%65%74%63%68%27" n2="%E3%83%81%E3%83%A7%E3%82%B3%E3%83%AD%E3%83%9C%E3%82%AF%E3%83%B3" n3="%E3%82%A6%E3%83%AB%E3%83%88%E3%83%A9%E7%AB%8B%E7%9B%B4" dan="16,17,16,17" rate="2114.14,2106.88,2171.64,2212.12" sx="F,M,M,M"/><TAIKYOKU oya="0"/><INIT seed="0,0,0,5,1,61" ten="250,250,250,250" oya="0" hai0="69,39,55,66,119,97,103,93,113,92,50,4,45" hai1="52,57,134,78,30,86,124,5,28,128,26,62,109" hai2="64,107,126,87,31,25,104,90,3,13,23,29,135" hai3="131,16,81,75,84,72,83,118,127,9,51,105,58"/><T71/><D119/><U19/><E109/><V115/><F3/><W85/><G105/><T6/><D113/><U91/><E78/><V114/><F126/><W36/><G36/><T132/><D132/><U129/><E134/><V8/><F135/><W67/><G118/><T54/><D39/><U49/><E5/><V73/><F73/><W32/><G32/><T121/><D121/><U14/><E62/><V21/><F64/><W44/><G127/><T95/><D55/><U42/><E42/><V56/><F56/><W70/><G70/><T110/><D110/><U88/><E124/><V33/><F33/><W15/><G131/><N who="1" m="50250" /><E26/><V130/><F130/><W120/><G120/><T18/><D18/><U17/><E17/><V99/><F114/><W111/><G111/><T34/><D34/><U43/><E43/><V122/><F122/><W53/><G58/><T20/><D20/><N who="1" m="11383" /><E91/><V60/><F115/><W10/><G10/><T1/><D1/><U82/><AGARI ba="0,0" hai="28,30,49,52,57,82,86,88" m="11383,50250" machi="82" ten="30,4000,0" yaku="19,1,54,2" doraHai="61" who="1" fromWho="1" sc="250,-20,250,40,250,-10,250,-10" /><INIT seed="1,0,0,5,4,85" ten="230,290,240,240" oya="1" hai0="125,76,17,105,44,47,4,114,103,2,78,124,74" hai1="3,62,41,79,109,1,30,24,127,116,101,68,50" hai2="106,128,57,123,16,39,72,70,64,71,122,7,43" hai3="129,93,118,25,55,5,65,113,60,100,38,126,20"/><U42/><E116/><V120/><F72/><W34/><G113/><T83/><D114/><U23/><E127/><N who="0" m="48713" /><D78/><U111/><E101/><V95/><F106/><W134/><G34/><T58/><D58/><U31/><E31/><V130/><F7/><W91/><G126/><T15/><D103/><U33/><E79/><V61/><F95/><W18/><G118/><T52/><D105/><U19/><E68/><N who="2" m="26155" /><F16/><W88/><G38/><T67/><D67/><U54/><E62/><V6/><F6/><W36/><G36/><T45/><D4/><U102/><E102/><V56/><F56/><N who="3" m="36999" /><G129/><N who="2" m="49769" /><F39/><W107/><G107/><T9/><D2/><U40/><E33/><V28/><F28/><W112/><G5/><T32/><D32/><U80/><E30/><V82/><F82/><W10/><G112/><T132/><D132/><U69/><E69/><V37/><F37/><W86/><G134/><T73/><D73/><U121/><E80/><V77/><F77/><W59/><G10/><T46/><D46/><U99/><E1/><V8/><F8/><W104/><G104/><T119/><D119/><U66/><E3/><V131/><F131/><W48/><G100/><T53/><AGARI ba="0,0" hai="9,15,17,44,45,47,52,53,74,76,83" m="48713" machi="53" ten="40,2700,0" yaku="18,1,54,1" doraHai="85" who="0" fromWho="0" sc="230,27,290,-13,240,-7,240,-7" /><INIT seed="2,0,0,0,3,0" ten="257,277,233,233" oya="2" hai0="105,92,74,85,33,37,42,132,99,109,127,61,22" hai1="134,93,50,39,48,104,34,81,121,112,55,41,15" hai2="62,17,70,66,75,84,3,5,56,31,44,9,95" hai3="100,13,117,25,96,40,128,131,27,46,73,47,110"/><V135/><F75/><W35/><G73/><T21/><D33/><U58/><E104/><V76/><F135/><W18/><G117/><T1/><D74/><U30/><E30/><V119/><F119/><W63/><G110/><T124/><D109/><U23/><E34/><V16/><F31/><W91/><G91/><N who="0" m="53359" /><D61/><U122/><E81/><V38/><F70/><W94/><G63/><T129/><D1/><U102/><E112/><V107/><F107/><W125/><G125/><N who="0" m="48203" /><D129/><N who="3" m="49737" /><G35/><T118/><D132/><U97/><E134/><V83/><REACH who="2" step="1"/><F95/><REACH who="2" ten="257,277,223,233" step="2"/><W123/><G123/><T108/><D118/><U54/><E122/><V4/><F4/><W14/><G94/><T11/><D108/><U116/><E93/><V115/><F115/><W113/><G113/><T78/><D105/><U101/><E116/><V53/><F53/><W19/><G19/><T28/><D28/><U82/><E54/><V6/><F6/><W88/><G18/><T65/><D65/><U51/><E55/><V71/><F71/><W64/><G64/><T80/><D42/><AGARI ba="0,1" hai="3,5,9,16,17,38,42,44,56,62,66,76,83,84" machi="42" ten="40,7700,0" yaku="1,1,52,1,54,1,53,0" doraHai="0" doraHaiUra="103" who="2" fromWho="0" sc="257,-77,277,0,223,87,233,0" /><INIT seed="2,1,0,2,4,90" ten="180,277,310,233" oya="2" hai0="82,106,3,114,57,55,94,92,121,96,129,37,131" hai1="62,29,47,25,0,86,88,67,44,104,133,36,18" hai2="102,123,24,63,64,19,21,56,117,83,42,126,2" hai3="97,109,7,78,53,105,23,99,34,134,107,69,8"/><V77/><F123/><W9/><G34/><T58/><D121/><U13/><E104/><V98/><F117/><W15/><G69/><T54/><D3/><U5/><E36/><V122/><F122/><W108/><G78/><T46/><D82/><U30/><E5/><V52/><F2/><W43/><G43/><N who="0" m="22895" /><D114/><U35/><E29/><V115/><F115/><W110/><G134/><T91/><D106/><N who="3" m="40457" /><G23/><T71/><D71/><U12/><E0/><V111/><F42/><W59/><G9/><T100/><D55/><U26/><E26/><V73/><F126/><W14/><G14/><T60/><D54/><U72/><E12/><V61/><F111/><W128/><G128/><N who="0" m="49227" /><D60/><AGARI ba="1,0" hai="7,8,15,53,59,60,97,99,108,109,110" m="40457" machi="60" ten="40,1300,0" yaku="14,1" doraHai="90" who="3" fromWho="0" sc="180,-16,277,0,310,0,233,16" /><INIT seed="3,0,0,2,0,97" ten="164,277,310,249" oya="3" hai0="70,114,76,95,27,115,0,118,14,104,71,5,62" hai1="33,53,74,56,132,9,130,42,123,30,100,78,22" hai2="117,10,90,55,47,109,44,98,31,94,65,18,92" hai3="102,103,46,50,127,39,135,24,91,69,122,20,34"/><W68/><G122/><T80/><D104/><U8/><E33/><V12/><F117/><W116/><G116/><T75/><D118/><U19/><E123/><V1/><F109/><W108/><G39/><T87/><D14/><U81/><E30/><V93/><F1/><W63/><G34/><T105/><D95/><U64/><E64/><V99/><F65/><W36/><G36/><T128/><D87/><U129/><E42/><V41/><F31/><W110/><G91/><T38/><D128/><N who="1" m="49259" /><E100/><N who="3" m="38442" /><G63/><T112/><D105/><U17/><E17/><V85/><F55/><N who="3" m="30167" /><G127/><T121/><D121/><U35/><E35/><V111/><F111/><N who="3" m="42539" /><G135/><T13/><D38/><U23/><E132/><V107/><F107/><W61/><G61/><T83/><D62/><N who="1" m="36111" /><E23/><V15/><F98/><W113/><G113/><T119/><D119/><U59/><E59/><V52/><F99/><W72/><G72/><T40/><D71/><U57/><E57/><V67/><F67/><W134/><G134/><T124/><D70/><U131/><E131/><V86/><F90/><W11/><G11/><N who="0" m="2471" /><D124/><U2/><E22/><V79/><F10/><W29/><AGARI ba="0,0" hai="20,24,29,68,69" m="42539,30167,38442" machi="29" ten="30,12000,1" yaku="14,1,10,1,52,3" doraHai="97" who="3" fromWho="3" sc="164,-40,277,-40,310,-40,249,120" /><INIT seed="3,1,0,1,2,7" ten="124,237,270,369" oya="3" hai0="119,83,107,5,84,59,87,15,23,61,79,63,106" hai1="28,80,4,56,21,98,57,41,24,90,109,1,105" hai2="88,120,68,114,32,112,8,48,18,127,50,52,76" hai3="113,77,82,100,97,123,36,111,3,78,27,37,60"/><W96/><G123/><T108/><D119/><U67/><E109/><V115/><F32/><W66/><G3/><T73/><D108/><U134/><E41/><V129/><F68/><W131/><G111/><T13/><D106/><U11/><E134/><V118/><F118/><W92/><G113/><T133/><D107/><U53/><E67/><V124/><F76/><W104/><G131/><T45/><D133/><U31/><E31/><V9/><F120/><W6/><G6/><T75/><D75/><U46/><E46/><N who="2" m="27671" /><F129/><W125/><G125/><N who="2" m="48201" /><F50/><W10/><G10/><N who="2" m="4201" /><F18/><W102/><G77/><T33/><D33/><U72/><E72/><V29/><F29/><W69/><G27/><T64/><D73/><AGARI ba="1,0" hai="36,37,60,66,69,73,78,82,92,96,97,100,102,104" machi="73" ten="30,1500,0" yaku="7,1" doraHai="7" who="3" fromWho="0" sc="124,-18,237,0,270,0,369,18" /><INIT seed="3,2,0,3,4,64" ten="106,237,270,387" oya="3" hai0="57,1,70,134,39,53,74,12,119,67,104,47,5" hai1="25,108,42,10,99,109,32,128,66,124,36,65,120" hai2="0,27,100,123,54,59,69,88,58,91,97,4,131" hai3="18,75,130,117,76,127,22,28,62,6,43,31,116"/><W90/><G75/><T19/><D104/><U101/><E120/><V135/><F123/><W16/><G76/><T23/><D74/><U55/><E128/><V50/><F131/><W78/><G78/><T60/><D119/><U112/><E112/><V102/><F135/><W46/><G130/><T103/><D103/><U21/><E32/><V72/><F72/><W113/><G113/><T30/><D134/><U82/><E82/><V122/><F122/><W79/><G79/><T89/><D30/><U13/><E55/><V35/><F69/><W3/><G127/><T49/><D89/><U15/><E42/><V92/><F102/><W81/><G62/><T7/><REACH who="0" step="1"/><D1/><REACH who="0" ten="96,237,270,387" step="2"/><U41/><E101/><V111/><F100/><W68/><G3/><T63/><D63/><U56/><E124/><V9/><F91/><W26/><G90/><T14/><D14/><U24/><E15/><V44/><F111/><W85/><G31/><T98/><D98/><U2/><E99/><V17/><F35/><W77/><G116/><T129/><D129/><U40/><E2/><V114/><F114/><W45/><G117/><T115/><D115/><U33/><E33/><V38/><F0/><W51/><G28/><T80/><D80/><U105/><E105/><V133/><F133/><W83/><G83/><T29/><D29/><U107/><E107/><V73/><F73/><W8/><G81/><T126/><D126/><U118/><E118/><V71/><F88/><W93/><G77/><T132/><D132/><U61/><E108/><V125/><F125/><W96/><G96/><T121/><D121/><RYUUKYOKU ba="2,1" sc="96,30,237,-10,270,-10,387,-10" hai0="5,7,12,19,23,39,47,49,53,57,60,67,70" /><INIT seed="4,3,1,3,1,116" ten="126,227,260,377" oya="0" hai0="122,24,62,117,133,12,22,115,89,5,54,102,27" hai1="40,78,119,11,60,35,79,110,106,34,42,70,51" hai2="84,127,44,18,64,105,61,83,29,76,17,97,135" hai3="130,23,113,111,85,71,39,25,88,93,53,125,90"/><T77/><D117/><U3/><E119/><V132/><F127/><W46/><G71/><T107/><D77/><U109/><E70/><V108/><F108/><W120/><G111/><T92/><D133/><N who="2" m="51274" /><F29/><W98/><G125/><T68/><D115/><U45/><E60/><V118/><F118/><W59/><G113/><T8/><D122/><U66/><E51/><V0/><F0/><W7/><G130/><T20/><D102/><U15/><E15/><V31/><F31/><W21/><G7/><T124/><D107/><U33/><E33/><V69/><F44/><W32/><G120/><T74/><D74/><U114/><E45/><V36/><F36/><W91/><G91/><T82/><D82/><U104/><E114/><V28/><F28/><W123/><G123/><T43/><D43/><U48/><E48/><V14/><F14/><W4/><G4/><T129/><D129/><U121/><E3/><V95/><F105/><W67/><G39/><T96/><D124/><U37/><E37/><V63/><F63/><N who="3" m="38399" /><G25/><N who="0" m="9803" /><D68/><U99/><E121/><V49/><F49/><N who="3" m="28855" /><G32/><T94/><D94/><AGARI ba="3,1" hai="21,23,85,88,90,93,94,98" m="28855,38399" machi="94" ten="30,2000,0" yaku="8,1,54,1" doraHai="116" who="3" fromWho="0" sc="126,-29,227,0,260,0,377,39" /><INIT seed="5,0,0,1,5,21" ten="97,227,260,416" oya="1" hai0="58,81,128,82,41,44,10,49,115,66,23,86,65" hai1="11,131,57,83,74,36,133,94,126,118,51,109,92" hai2="84,26,2,25,54,98,121,79,19,7,130,125,108" hai3="24,5,55,99,101,78,15,116,4,59,68,135,91"/><U77/><E118/><V122/><F108/><W12/><G68/><T40/><D128/><U105/><E36/><V93/><F130/><W97/><G78/><T6/><D115/><U103/><E131/><V47/><F125/><W85/><G135/><T87/><D41/><U20/><E126/><V73/><F73/><W53/><G85/><T50/><D23/><U8/><E133/><V62/><F2/><W39/><G59/><T124/><D124/><U63/><E51/><N who="2" m="29055" /><F7/><W18/><G91/><T3/><D50/><U42/><E42/><V45/><F122/><W110/><G18/><T9/><D9/><U46/><E46/><V134/><F134/><W34/><G101/><T17/><D58/><U119/><E119/><V75/><F75/><W32/><G116/><T29/><D17/><U38/><E38/><V114/><F114/><W27/><G39/><T120/><D29/><U88/><E20/><V96/><F45/><W35/><G35/><T123/><D123/><U30/><E94/><V72/><F72/><W80/><G80/><T132/><D132/><U69/><E30/><V71/><F19/><W129/><G129/><T70/><D120/><U48/><E48/><V52/><F71/><W61/><G61/><T100/><D70/><U56/><E69/><V31/><F31/><W90/><G34/><T37/><D37/><U95/><E57/><N who="2" m="35111" /><F121/><W14/><G32/><T112/><D112/><U33/><E33/><V13/><F13/><W28/><G15/><T107/><D3/><U64/><E56/><V60/><F60/><W1/><G28/><T104/><D44/><RYUUKYOKU ba="0,0" sc="97,0,227,0,260,0,416,0" /><INIT seed="6,1,0,5,2,60" ten="97,227,260,416" oya="2" hai0="84,41,11,124,0,19,120,8,75,28,52,47,58" hai1="50,43,69,99,105,71,115,102,6,96,65,128,98" hai2="29,129,54,100,46,57,90,21,135,14,38,70,64" hai3="132,110,25,16,53,83,109,86,5,116,118,66,34"/><V63/><F129/><W104/><G104/><T91/><D75/><U24/><E128/><V36/><F135/><W45/><G5/><T15/><D120/><U18/><E6/><V31/><F100/><W114/><G16/><T101/><D124/><U1/><E1/><V7/><F38/><W121/><G53/><T10/><D0/><U89/><E71/><V79/><F79/><W112/><G45/><T80/><D101/><U81/><E115/><N who="3" m="44074" /><G66/><T92/><D28/><U35/><E18/><V39/><F39/><W2/><G2/><T126/><D126/><U56/><E81/><V32/><F32/><W33/><G132/><T20/><D80/><U123/><E89/><V23/><F36/><W85/><G121/><T127/><D127/><U68/><E68/><V48/><F70/><W97/><G97/><T95/><D95/><U131/><E69/><V62/><F62/><W9/><G9/><T37/><REACH who="0" step="1"/><D8/><REACH who="0" ten="87,227,260,416" step="2"/><U55/><E102/><V51/><F29/><W94/><G34/><T107/><D107/><U74/><E105/><V30/><F30/><W12/><G33/><T113/><D113/><U130/><E35/><V40/><F31/><W26/><G116/><T134/><D134/><U106/><E106/><V3/><F3/><W59/><G118/><T73/><D73/><U125/><E74/><V103/><F103/><W13/><G110/><T111/><D111/><U119/><E125/><V44/><F23/><W82/><G109/><T76/><D76/><U72/><E72/><V122/><F21/><W117/><G117/><T42/><D42/><U88/><E43/><RYUUKYOKU ba="1,1" sc="87,30,227,-10,260,-10,416,-10" hai0="10,11,15,19,20,37,41,47,52,58,84,91,92" /><INIT seed="7,2,1,4,4,47" ten="117,217,250,406" oya="3" hai0="55,119,85,51,87,92,0,10,48,22,23,71,31" hai1="43,4,62,26,74,81,40,35,46,14,88,37,50" hai2="72,105,41,59,98,19,128,114,118,117,106,123,113" hai3="42,109,132,25,79,3,108,18,93,124,11,135,57"/><W17/><G124/><T16/><D119/><N who="2" m="45578" /><F41/><W97/><G79/><T101/><D71/><U102/><E102/><V15/><F72/><W104/><G104/><T6/><D31/><U130/><E130/><V96/><F128/><W38/><G57/><T49/><D55/><U27/><E35/><V116/><F116/><W9/><G42/><T82/><D23/><U75/><E74/><V53/><F98/><W77/><G77/><T112/><D112/><N who="2" m="43114" /><F96/><W65/><G97/><T63/><D63/><U100/><E100/><V68/><F68/><W89/><G38/><T44/><D44/><U13/><E75/><V99/><F99/><W133/><G133/><T107/><D107/><U67/><E40/><V115/><F123/><W52/><G135/><T131/><D131/><U20/><E37/><V45/><F45/><W134/><G132/><T39/><D39/><U7/><E81/><V90/><F90/><W121/><G89/><T76/><D87/><U120/><E46/><V29/><F29/><W32/><G121/><T21/><REACH who="0" step="1"/><D16/><REACH who="0" ten="107,217,250,406" step="2"/><U126/><E20/><N who="2" m="11391" /><F115/><W80/><G134/><T69/><D69/><U83/><E62/><AGARI ba="2,2" hai="53,59,62,105,106" m="11391,43114,45578" machi="62" ten="30,1000,0" yaku="15,1" doraHai="47" who="2" fromWho="1" sc="107,0,217,-16,250,36,406,0" owari="107,-39.0,201,-20.0,286,9.0,406,50.0" /></mjloggm>