<mjloggm ver="2.3"><GO type="169" lobby="0"/><UN n0="%E3%82%A6%E3%83%AB%E3%83%88%E3%83%A9%E7%AB%8B%E7%9B%B4" n1="%63%6F%61" n2="%E7%B4%A0%E6%9C%B4%E3%81%AA%E5%91%B3%E3%82%8F%E3%81%84" n3="%E7%89%9B%E9%A6%AC" dan="18,17,16,16" rate="2219.60,2159.80,2081.31,2144.48" sx="M,M,M,M"/><TAIKYOKU oya="0"/><INIT seed="0,0,0,0,1,11" ten="250,250,250,250" oya="0" hai0="34,60,95,56,114,71,55,92,18,82,40,126,74" hai1="75,36,58,107,39,12,50,9,61,1,96,15,112" hai2="49,24,5,110,100,109,76,17,78,113,90,106,98" hai3="47,37,81,85,6,130,46,44,59,135,86,131,2"/><T3/><D114/><U89/><E75/><V123/><F123/><W41/><G135/><T91/><D126/><U21/><E112/><V67/><F113/><W32/><G32/><T4/><D34/><U108/><E108/><N who="2" m="41579" /><F5/><W8/><G59/><T118/><D118/><U83/><E107/><V129/><F129/><N who="3" m="49163" /><G86/><T121/><D121/><U42/><E1/><V51/><F67/><W43/><G37/><T30/><D30/><U35/><E35/><V31/><F90/><AGARI ba="0,0" hai="2,6,8,41,43,44,46,47,81,85,90" m="49163" machi="90" ten="30,1000,0" yaku="19,1" doraHai="11" who="3" fromWho="2" sc="250,0,250,0,250,-10,250,10" /><INIT seed="1,0,0,1,2,123" ten="250,250,240,260" oya="1" hai0="59,68,103,77,90,37,9,112,55,3,75,32,62" hai1="84,102,13,131,28,15,96,118,60,81,22,126,45" hai2="83,114,71,53,106,104,30,4,36,1,119,107,111" hai3="18,57,41,31,63,134,64,33,113,110,124,135,38"/><U73/><E73/><V27/><F119/><W108/><G113/><T125/><D112/><U76/><E118/><V120/><F114/><W34/><G124/><T44/><D32/><N who="3" m="12393" /><G31/><T127/><D103/><U109/><E126/><V23/><F120/><W72/><G72/><T86/><D86/><U43/><E131/><V80/><F71/><W24/><G38/><T20/><D90/><U48/><E109/><N who="3" m="42090" /><G41/><T39/><D39/><U8/><E60/><V17/><F111/><W16/><G24/><T89/><D37/><U101/><E96/><V115/><F115/><W61/><G61/><T78/><D62/><U128/><E128/><V35/><F36/><W93/><G93/><T85/><D75/><U19/><REACH who="1" step="1"/><E28/><REACH who="1" ten="250,240,240,260" step="2"/><V5/><F30/><W7/><G7/><AGARI ba="0,1" hai="7,8,13,15,19,22,43,45,48,76,81,84,101,102" machi="7" ten="30,18000,2" yaku="1,1,2,1,7,1,25,2,8,1,53,0" doraHai="123" doraHaiUra="116" who="1" fromWho="3" sc="250,0,240,190,240,0,260,-180" /><INIT seed="1,1,0,3,5,69" ten="250,430,240,80" oya="1" hai0="129,71,96,47,115,51,85,78,102,9,64,5,72" hai1="108,2,49,128,13,97,23,42,1,50,135,43,29" hai2="21,19,119,46,90,12,92,15,113,36,117,31,101" hai3="121,75,4,87,73,59,112,54,33,65,77,83,55"/><U32/><E32/><V127/><F101/><W38/><G121/><T110/><D115/><U82/><E128/><V74/><F74/><W116/><G112/><T22/><D110/><U122/><E122/><V6/><F113/><W86/><G33/><T106/><D129/><U130/><E130/><V41/><F127/><W52/><G116/><T124/><D124/><U27/><E135/><V81/><F81/><W70/><G75/><T91/><D22/><U7/><E108/><V99/><REACH who="2" step="1"/><F31/><REACH who="2" ten="250,430,230,80" step="2"/><W84/><G70/><T61/><D72/><U66/><E82/><V16/><F16/><W63/><REACH who="3" step="1"/><G4/><REACH who="3" ten="250,430,230,70" step="2"/><T44/><D71/><U17/><E7/><V3/><F3/><W40/><G40/><T94/><D5/><U28/><E43/><V133/><F133/><W67/><G67/><T34/><D64/><U48/><E66/><V68/><F68/><W62/><G62/><T100/><D61/><U95/><E42/><V131/><F131/><W14/><G14/><T132/><D132/><U60/><E60/><V30/><F30/><W120/><G120/><T53/><D53/><U37/><E29/><V125/><F125/><W126/><G126/><T24/><D34/><N who="1" m="20767" /><E2/><V123/><F123/><W104/><G104/><T80/><D106/><U57/><E1/><V58/><F58/><W56/><G56/><T107/><D107/><U105/><E105/><V118/><F118/><W18/><G18/><T39/><D24/><U89/><E57/><V109/><F109/><W79/><G79/><T20/><D78/><U134/><E134/><V111/><F111/><W114/><G114/><RYUUKYOKU ba="1,2" sc="250,-30,430,10,230,10,70,10" hai1="13,17,23,37,48,49,50,89,95,97" hai2="6,12,15,19,21,36,41,46,90,92,99,117,119" hai3="38,52,54,55,59,63,65,73,77,83,84,86,87" /><INIT seed="1,2,2,1,0,117" ten="220,440,240,80" oya="1" hai0="15,7,108,21,125,133,92,48,20,104,46,11,57" hai1="34,135,49,96,9,59,120,86,32,14,79,109,0" hai2="131,43,73,134,107,8,37,45,110,100,35,26,95" hai3="6,126,52,44,13,2,124,106,38,71,65,68,29"/><U41/><E0/><V128/><F110/><W39/><G2/><T55/><D104/><U115/><E115/><V88/><F73/><W50/><G106/><T51/><D108/><U16/><E109/><V113/><F134/><W91/><G29/><T103/><D133/><U127/><E135/><V4/><F113/><W122/><G122/><T77/><D77/><U18/><E120/><V87/><F100/><W89/><G89/><T54/><D125/><N who="3" m="48233" /><G91/><T64/><D64/><U10/><E127/><V83/><F107/><W36/><G65/><T130/><D130/><N who="2" m="49706" /><F83/><W132/><G132/><T105/><D105/><U62/><E96/><AGARI ba="2,2" hai="7,11,15,20,21,46,48,51,54,55,57,92,96,103" machi="96" ten="40,1300,0" yaku="8,1" doraHai="117" who="0" fromWho="1" sc="220,39,440,-19,240,0,80,0" /><INIT seed="2,0,0,4,5,122" ten="259,421,240,80" oya="2" hai0="28,66,70,38,4,120,2,83,108,52,69,74,123" hai1="32,21,16,131,75,132,67,117,86,14,60,30,78" hai2="25,104,110,96,34,13,24,126,114,106,20,91,102" hai3="49,1,80,77,118,17,11,128,48,76,61,113,109"/><V121/><F121/><W56/><G118/><T112/><D112/><U23/><E117/><V15/><F114/><W105/><G105/><T6/><D28/><U12/><E131/><V94/><F126/><W84/><G128/><T19/><D19/><U85/><E132/><V7/><F104/><W46/><G113/><T18/><D18/><U116/><E116/><V39/><F39/><W31/><G31/><T55/><D83/><U33/><E75/><V89/><F110/><W64/><G109/><T101/><D101/><U107/><E107/><V115/><F115/><W62/><G62/><T43/><D43/><U93/><E86/><V27/><F34/><W36/><G36/><T68/><D68/><U65/><E65/><V97/><F89/><N who="3" m="51335" /><G1/><T58/><D38/><U8/><E30/><V29/><REACH who="2" step="1"/><F7/><REACH who="2" ten="259,421,230,80" step="2"/><W3/><G76/><T63/><D108/><U125/><E125/><V135/><F135/><W98/><G77/><T5/><D5/><U9/><E33/><V44/><F44/><W71/><G46/><T37/><D37/><U47/><E47/><V51/><F51/><W119/><G49/><T35/><D35/><U0/><E32/><V129/><F129/><W134/><G48/><T50/><D50/><U73/><E78/><V81/><F81/><W10/><G134/><T82/><D123/><U59/><E73/><V72/><F72/><W87/><G119/><T53/><D120/><U130/><E130/><V42/><F42/><W92/><G92/><T41/><D41/><U103/><E93/><V100/><F100/><W22/><G61/><T111/><D63/><RYUUKYOKU ba="0,1" sc="259,-10,421,-10,230,30,80,-10" hai2="13,15,20,24,25,27,29,91,94,96,97,102,106" /><INIT seed="2,1,1,3,1,124" ten="249,411,260,70" oya="2" hai0="56,62,82,119,40,134,48,8,49,73,120,27,26" hai1="130,75,44,47,23,30,66,109,64,79,68,34,113" hai2="54,14,84,13,131,24,38,39,0,102,37,132,72" hai3="9,93,10,92,105,52,12,41,46,58,25,110,123"/><V118/><F118/><W45/><G123/><T69/><D69/><U20/><E113/><V42/><F72/><W11/><G110/><T77/><D120/><U28/><E109/><V16/><F0/><W128/><G105/><T55/><D134/><U51/><E79/><V87/><F132/><W117/><G117/><T115/><D115/><U65/><E68/><V57/><F42/><W96/><G25/><T21/><D119/><U114/><E75/><V78/><F131/><W121/><G121/><T6/><D40/><N who="1" m="24967" /><E130/><V88/><F102/><W71/><G128/><T95/><D95/><N who="3" m="36425" /><G71/><T53/><D53/><U125/><E114/><V80/><F24/><W85/><G85/><T133/><D27/><U74/><E74/><V19/><F13/><W31/><G31/><N who="1" m="11818" /><E125/><V103/><F103/><W18/><G96/><T35/><D35/><U107/><E34/><V22/><F19/><W1/><G1/><T122/><D122/><U129/><E107/><V59/><REACH who="2" step="1"/><F54/><REACH who="2" ten="249,411,250,70" step="2"/><W81/><G12/><T91/><D133/><U29/><E129/><V97/><F97/><W70/><G18/><T63/><D55/><U135/><E135/><V99/><F99/><W101/><G101/><T43/><D43/><U108/><E108/><V116/><F116/><W111/><G41/><T106/><D73/><U104/><E104/><V100/><F100/><W83/><G111/><T4/><D106/><U127/><E127/><V7/><F7/><W32/><G52/><T67/><D4/><U61/><E29/><V5/><F5/><W33/><G46/><T2/><D6/><U17/><E47/><RYUUKYOKU ba="1,2" sc="249,-10,411,-10,250,30,70,-10" hai2="14,16,22,37,38,39,57,59,78,80,84,87,88" /><INIT seed="2,2,2,2,1,118" ten="239,401,280,60" oya="2" hai0="53,54,98,48,28,18,84,11,108,66,115,90,10" hai1="36,0,38,9,131,91,52,82,32,102,35,79,34" hai2="33,103,12,101,2,130,61,49,93,85,134,70,87" hai3="78,1,64,86,71,121,67,74,89,69,132,127,122"/><V114/><F2/><W65/><G1/><T59/><D115/><U77/><E91/><V112/><F33/><W39/><G39/><T113/><D113/><U81/><E52/><V41/><F130/><W119/><G119/><T60/><D108/><U111/><E111/><V50/><F134/><W37/><G37/><T133/><D133/><U110/><E110/><V23/><F112/><W99/><G132/><T95/><D28/><U72/><E102/><N who="2" m="38923" /><F70/><W24/><G99/><T56/><D98/><U135/><E131/><V96/><F114/><W107/><G107/><T100/><D100/><U25/><E25/><V29/><F61/><W40/><G40/><T94/><D94/><U68/><E68/><V76/><F76/><W57/><G69/><T27/><D66/><U5/><E135/><V44/><F50/><W42/><G71/><T129/><D129/><U3/><E3/><V31/><F12/><W63/><G78/><T20/><AGARI ba="2,2" hai="10,11,18,20,27,48,53,54,56,59,60,84,90,95" machi="20" ten="30,2000,0" yaku="0,1,8,1" doraHai="118" who="0" fromWho="0" sc="239,46,401,-7,280,-12,60,-7" /><INIT seed="3,0,0,5,5,15" ten="285,394,268,53" oya="3" hai0="31,34,91,103,32,43,114,63,53,65,95,82,36" hai1="92,14,86,79,7,87,1,25,116,37,107,0,22" hai2="48,125,71,115,76,23,104,58,126,127,123,62,117" hai3="13,38,78,77,84,54,131,74,10,20,105,17,8"/><W101/><G131/><T112/><D31/><U85/><E107/><V59/><F104/><W5/><G74/><T99/><D53/><U47/><E116/><V120/><F76/><W118/><G118/><T81/><D43/><U28/><E79/><V93/><F93/><W2/><G38/><T61/><D36/><U35/><E92/><V129/><F23/><W26/><G84/><N who="0" m="50583" /><D63/><U128/><E128/><V75/><F75/><W67/><G67/><T11/><D11/><U12/><E35/><V109/><F117/><W46/><G46/><T113/><D81/><U21/><E47/><V130/><F115/><W70/><G70/><AGARI ba="0,0" hai="32,34,61,65,70,95,99,103,112,113,114" m="50583" machi="70" ten="30,1000,0" yaku="11,1" doraHai="15" who="0" fromWho="3" sc="285,10,394,0,268,0,53,-10" /><INIT seed="4,0,0,0,0,81" ten="295,394,268,43" oya="0" hai0="118,12,29,6,58,3,67,115,34,122,19,121,127" hai1="102,80,22,33,4,96,45,25,71,26,79,133,28" hai2="42,14,51,93,37,52,7,57,70,43,32,47,40" hai3="135,59,94,116,64,73,72,27,61,39,24,134,91"/><T36/><D36/><U8/><E133/><N who="3" m="50698" /><G39/><T97/><D118/><U111/><E111/><V54/><F32/><W53/><G116/><T23/><D58/><U21/><E71/><V63/><F93/><W85/><G64/><T41/><D97/><U68/><E68/><V60/><F14/><W106/><G106/><T88/><D88/><U119/><E119/><V104/><F7/><W82/><G73/><T35/><D41/><N who="2" m="15978" /><F104/><W114/><G114/><T123/><D67/><U50/><E50/><N who="2" m="30871" /><F70/><W107/><G107/><T20/><D115/><U131/><E131/><V103/><F103/><W0/><G0/><T30/><D127/><U76/><E45/><AGARI ba="0,0" hai="37,43,45,47,51,54,60,63" m="30871,15978" machi="45" ten="30,12000,2" yaku="35,5,54,1" doraHai="81" who="2" fromWho="1" sc="295,0,394,-120,268,120,43,0" /><INIT seed="5,0,0,3,0,87" ten="295,274,388,43" oya="1" hai0="82,95,76,112,43,62,25,44,56,115,74,97,92" hai1="38,34,64,33,39,125,134,67,122,110,0,101,54" hai2="15,109,70,93,118,132,86,37,69,49,11,13,72" hai3="84,121,88,29,1,133,18,78,71,58,85,83,32"/><U52/><E122/><V16/><F72/><W46/><G121/><T135/><D135/><U98/><E0/><V27/><F37/><W94/><G133/><T104/><D104/><U42/><E134/><V77/><F118/><W28/><G71/><T61/><D25/><U100/><E125/><V124/><F109/><W55/><G32/><T47/><D92/><U81/><E81/><V41/><F124/><W129/><G129/><T73/><D73/><U65/><E110/><V60/><F27/><W90/><G1/><T79/><D79/><U99/><REACH who="1" step="1"/><E67/><REACH who="1" ten="295,264,388,43" step="2"/><V36/><F132/><W9/><G78/><T130/><D82/><U48/><E48/><V6/><F49/><N who="3" m="31087" /><G46/><T108/><D76/><U22/><E22/><V23/><F77/><W127/><G127/><T5/><D108/><U126/><E126/><V57/><F23/><W50/><G50/><T7/><D47/><U24/><E24/><V102/><F36/><W19/><G9/><T2/><D44/><U107/><E107/><V59/><F11/><W80/><G83/><T4/><D2/><U119/><E119/><V40/><F93/><W51/><G51/><T117/><D117/><U35/><E35/><V21/><F21/><W111/><G111/><T103/><D74/><U17/><E17/><AGARI ba="0,1" hai="17,18,19,28,29,80,84,85,88,90,94" m="31087" machi="17" ten="30,7700,0" yaku="8,1,52,2,54,1" doraHai="87" who="3" fromWho="1" sc="295,0,264,-77,388,0,43,87" /><INIT seed="6,0,0,1,2,119" ten="295,187,388,130" oya="2" hai0="3,64,31,62,98,27,35,71,106,101,110,107,113" hai1="49,18,59,100,38,25,79,70,99,72,44,63,134" hai2="17,135,126,60,133,95,29,66,53,57,12,109,78" hai3="7,11,104,112,52,68,108,41,15,20,129,9,28"/><V73/><F126/><W0/><G68/><T87/><D113/><U75/><E134/><N who="2" m="51211" /><F29/><W118/><G118/><T51/><D110/><U69/><E38/><V125/><F125/><W67/><G112/><T81/><D107/><U84/><E75/><V61/><F95/><W40/><G67/><T80/><D3/><U105/><E72/><V124/><F124/><W21/><G108/><T130/><D130/><U128/><E128/><V94/><F94/><W8/><G104/><T23/><D23/><U6/><E6/><V30/><F30/><W131/><G11/><T121/><D121/><U16/><E79/><V46/><F46/><W14/><G28/><T83/><REACH who="0" step="1"/><D51/><REACH who="0" ten="285,187,388,130" step="2"/><U122/><E49/><V117/><F109/><W50/><G0/><T120/><D120/><U74/><E105/><V34/><F117/><W55/><G50/><T96/><D96/><U65/><E99/><V82/><F34/><W19/><G19/><T48/><D48/><U102/><E16/><V92/><F17/><W36/><G36/><T1/><D1/><U42/><E18/><V93/><F12/><W77/><G7/><T132/><D132/><U86/><E122/><V4/><F4/><W85/><G85/><AGARI ba="0,1" hai="27,31,35,62,64,71,80,81,83,85,87,98,101,106" machi="85" ten="40,5200,0" yaku="1,1,25,2,53,0" doraHai="119" doraHaiUra="115" who="0" fromWho="3" sc="285,62,187,0,388,0,130,-52" /><INIT seed="7,0,0,2,3,20" ten="347,187,388,78" oya="3" hai0="59,33,112,111,119,97,121,86,18,4,67,0,68" hai1="113,78,77,45,56,55,41,69,71,79,75,133,108" hai2="27,61,53,39,40,63,50,131,120,42,99,11,105" hai3="103,96,22,74,52,37,94,19,127,83,101,76,115"/><W38/><G127/><T129/><D68/><U89/><E108/><V117/><F117/><W85/><G115/><T48/><D121/><U72/><E113/><V122/><F27/><W49/><G103/><T73/><D73/><U106/><E106/><V125/><F131/><W10/><G10/><T65/><D119/><U43/><E133/><V128/><F128/><W135/><G135/><T21/><D111/><U7/><E7/><V15/><F105/><W81/><G81/><T30/><D129/><U14/><E14/><V5/><F99/><W47/><REACH who="3" step="1"/><G74/><REACH who="3" ten="347,187,388,68" step="2"/><T132/><D132/><U60/><E75/><V109/><F125/><W13/><AGARI ba="0,1" hai="13,19,22,37,38,47,49,52,76,83,85,94,96,101" machi="13" ten="20,12000,1" yaku="1,1,2,1,0,1,7,1,54,1,53,0" doraHai="20" doraHaiUra="58" who="3" fromWho="3" sc="347,-40,187,-40,388,-40,68,130" /><INIT seed="7,1,0,4,3,131" ten="307,147,348,198" oya="3" hai0="98,103,132,79,113,75,54,49,86,0,19,57,43" hai1="21,30,56,24,5,115,59,97,51,42,104,26,85" hai2="99,41,6,58,70,91,107,116,64,71,8,109,112" hai3="66,89,17,12,82,128,81,29,122,52,13,88,90"/><W83/><G128/><T117/><D117/><U100/><E115/><V134/><F109/><W15/><G122/><T69/><D69/><U77/><E5/><V127/><F134/><W105/><G105/><T94/><D0/><U101/><E101/><V25/><F127/><W123/><G123/><T87/><D132/><U50/><E77/><V37/><F58/><W133/><G133/><T129/><D129/><U102/><E102/><V1/><F25/><W2/><G2/><T84/><D113/><U18/><E85/><V61/><F116/><W74/><G66/><T130/><D130/><U119/><E119/><V31/><F31/><W111/><G111/><T78/><D75/><U110/><E110/><V72/><F72/><W73/><G17/><T16/><D43/><U4/><E4/><V106/><F71/><W46/><G29/><T63/><D63/><U20/><REACH who="1" step="1"/><E51/><AGARI ba="1,0" hai="12,13,15,46,51,52,73,74,81,82,83,88,89,90" machi="51" ten="50,12000,1" yaku="29,2,54,2" doraHai="131" who="3" fromWho="1" sc="307,0,147,-123,348,0,198,123" /><INIT seed="7,2,0,4,5,57" ten="307,24,348,321" oya="3" hai0="116,120,55,133,3,23,40,81,71,74,129,107,51" hai1="86,67,117,92,15,37,131,83,32,96,78,59,46" hai2="53,112,4,49,60,63,79,56,109,76,73,66,6" hai3="106,84,17,123,30,100,25,102,21,42,105,29,64"/><W54/><G123/><T31/><D120/><U88/><E32/><V9/><F109/><W99/><G42/><T33/><D33/><U19/><E131/><V13/><F112/><W50/><G84/><T39/><D116/><U124/><E124/><V101/><F101/><W104/><G64/><T135/><D107/><U125/><E125/><V97/><F97/><W43/><G43/><T28/><D3/><U14/><E117/><V61/><F6/><W93/><REACH who="3" step="1"/><G102/><REACH who="3" ten="307,24,348,311" step="2"/><T22/><D71/><U58/><E37/><V16/><F73/><W69/><G69/><T70/><D70/><U52/><E46/><AGARI ba="2,1" hai="17,21,25,29,30,46,50,54,93,99,100,104,105,106" machi="46" ten="40,3900,0" yaku="1,1,53,1" doraHai="57" doraHaiUra="48" who="3" fromWho="1" sc="307,0,24,-45,348,0,311,55" owari="307,-9.0,-21,-52.0,348,15.0,366,46.0" /></mjloggm>