<mjloggm ver="2.3"><GO type="169" lobby="0"/><UN n0="%E3%81%AA%E3%82%8A%E3%81%9F%E3%81%B6%E3%82%89%E3%81%84%E3%81%82%E3%82%93" n1="%E3%82%A6%E3%83%AB%E3%83%88%E3%83%A9%E7%AB%8B%E7%9B%B4" n2="%E3%81%8F%E3%82%8D%E3%81%AF%E3%81%A1" n3="%73%68%6F%67%6F%6F" dan="16,18,18,16" rate="2023.27,2202.93,2238.31,2111.45" sx="M,M,M,M"/><TAIKYOKU oya="0"/><INIT seed="0,0,0,1,3,86" ten="250,250,250,250" oya="0" hai0="103,83,7,129,36,134,52,112,1,81,10,63,76" hai1="22,125,3,79,41,8,25,123,27,93,122,119,55" hai2="23,47,9,24,0,91,82,113,56,13,75,132,87" hai3="65,69,6,121,126,77,105,62,74,34,35,88,42"/><T96/><D112/><U130/><E41/><V53/><F113/><W90/><G105/><T29/><D129/><U114/><E79/><V12/><F132/><W2/><G126/><T43/><D134/><U78/><E78/><V58/><F75/><W46/><G121/><T135/><D135/><U124/><E55/><V117/><F117/><W54/><G54/><T66/><D29/><U85/><E114/><V40/><F0/><W4/><G35/><T50/><D43/><U44/><E44/><V16/><F53/><W17/><G17/><T99/><D36/><U49/><E49/><V98/><F98/><W57/><G34/><T95/><D96/><U14/><E3/><V59/><REACH who="2" step="1"/><F9/><REACH who="2" ten="250,250,240,250" step="2"/><N who="3" m="2199" /><G69/><T5/><D76/><U72/><E119/><V116/><F116/><W71/><G71/><T30/><D7/><U128/><E72/><V28/><F28/><W70/><G6/><T80/><D30/><U110/><E123/><V92/><F92/><W131/><G70/><T26/><D83/><U48/><E122/><V101/><F101/><W18/><G131/><T133/><D133/><U115/><E115/><V107/><F107/><W19/><G18/><T67/><D81/><U60/><E130/><V89/><F89/><W32/><G19/><T11/><D80/><U68/><E128/><V127/><F127/><W73/><G74/><T94/><D95/><U102/><E93/><V45/><F45/><W20/><G73/><T118/><D94/><U109/><E125/><V111/><F111/><W38/><G77/><T21/><D118/><U104/><E110/><V39/><AGARI ba="0,1" hai="12,13,16,23,24,39,40,47,56,58,59,82,87,91" machi="39" ten="30,12000,2" yaku="1,1,5,1,0,1,52,1,54,1,53,1" doraHai="86" doraHaiUra="84" who="2" fromWho="2" sc="250,-60,250,-30,240,130,250,-30" /><INIT seed="1,0,0,5,5,48" ten="190,220,370,220" oya="1" hai0="109,62,3,121,114,67,96,59,81,118,24,129,131" hai1="125,54,112,32,128,39,97,57,83,2,107,117,9" hai2="42,50,45,15,16,111,103,100,33,10,116,120,124" hai3="28,38,90,119,80,98,64,36,11,66,70,21,92"/><U53/><E117/><V82/><F120/><W105/><G119/><T73/><D114/><U126/><E32/><V43/><F116/><W27/><G11/><T113/><D113/><U58/><E39/><V132/><F33/><W110/><G110/><T23/><D118/><U18/><E112/><V34/><F34/><W94/><G105/><T91/><D3/><U29/><E29/><V115/><F115/><W60/><G66/><T84/><D109/><U95/><E107/><V49/><F124/><N who="1" m="47721" /><E83/><V47/><F132/><W0/><G0/><T85/><D73/><U41/><E41/><V1/><F111/><W55/><G80/><T20/><D96/><U79/><E79/><V69/><F69/><W87/><G55/><N who="1" m="21002" /><E128/><V104/><F104/><W19/><G28/><T134/><D121/><U123/><E123/><V46/><F82/><W77/><G77/><T122/><D122/><U75/><E75/><V86/><F42/><W6/><G6/><T102/><D134/><U26/><E26/><V93/><F43/><W30/><G30/><T37/><D37/><U7/><E18/><V65/><F16/><W89/><AGARI ba="0,0" hai="19,21,27,36,38,60,64,70,87,89,90,92,94,98" machi="89" ten="20,1500,0" yaku="0,1,7,1" doraHai="48" who="3" fromWho="3" sc="190,-4,220,-7,370,-4,220,15" /><INIT seed="2,0,0,1,0,39" ten="186,213,366,235" oya="2" hai0="100,125,114,33,94,88,104,52,74,107,80,63,26" hai1="40,9,83,61,6,131,68,66,121,79,19,103,84" hai2="49,128,46,54,32,76,86,109,117,123,29,42,120" hai3="129,36,72,106,56,119,0,30,38,108,82,16,92"/><V27/><F117/><W95/><G119/><T97/><D114/><U25/><E131/><V12/><F128/><W58/><G129/><T59/><D125/><U98/><E121/><V60/><F109/><W77/><G108/><T23/><D33/><U133/><E133/><V91/><F76/><W65/><G106/><T8/><D8/><U5/><E40/><V87/><F87/><W18/><G0/><T31/><D100/><U78/><E78/><V41/><F12/><W90/><G30/><T34/><D34/><U130/><E130/><V75/><F75/><W28/><G28/><T116/><D116/><U10/><E9/><V35/><F35/><W71/><G71/><T1/><D1/><U44/><E44/><V73/><F73/><W102/><G102/><T85/><REACH who="0" step="1"/><D74/><REACH who="0" ten="176,213,366,235" step="2"/><U51/><E10/><V13/><F123/><W132/><G72/><T37/><D37/><U115/><E115/><V50/><F120/><W22/><G36/><T126/><D126/><U15/><E5/><V24/><F32/><W45/><G38/><T101/><AGARI ba="0,1" hai="23,26,31,52,59,63,80,85,88,94,97,101,104,107" machi="101" ten="20,8000,1" yaku="1,1,0,1,7,1,54,2,53,0" doraHai="39" doraHaiUra="3" who="0" fromWho="0" sc="176,90,213,-20,366,-40,235,-20" /><INIT seed="3,0,0,0,3,42" ten="266,193,326,215" oya="3" hai0="67,20,62,44,108,87,70,111,94,28,71,95,19" hai1="114,73,23,56,106,91,40,130,24,79,53,121,101" hai2="133,3,5,76,128,31,134,64,99,131,124,103,135" hai3="100,75,48,16,30,49,83,107,8,98,38,59,17"/><W54/><G38/><T57/><D28/><U13/><E121/><V26/><F76/><W118/><G118/><T77/><D95/><U33/><E114/><V43/><F64/><W6/><G30/><T74/><D74/><U50/><E130/><N who="2" m="49707" /><F43/><W120/><G120/><T37/><D77/><U90/><E33/><V58/><F58/><W102/><G102/><T9/><D9/><U66/><E66/><V89/><F89/><W47/><G83/><T81/><D81/><U21/><E79/><V129/><F129/><W92/><G75/><T36/><D87/><U15/><E73/><V60/><F60/><W35/><G35/><T55/><D94/><U32/><E106/><V22/><F99/><W113/><G113/><T68/><D19/><U41/><E101/><V117/><F103/><W97/><G97/><T12/><D12/><N who="1" m="4683" /><E32/><V105/><F105/><W65/><G107/><T10/><D10/><U4/><E4/><V25/><F25/><W51/><G65/><T123/><D20/><N who="1" m="7755" /><E24/><V14/><F117/><W119/><G119/><T72/><D72/><U45/><E40/><V7/><F14/><N who="3" m="5399" /><G51/><AGARI ba="0,0" hai="41,45,50,51,53,56,90,91" m="7755,4683" machi="51" ten="30,2000,0" yaku="8,1,52,1" doraHai="42" who="1" fromWho="3" sc="266,0,193,20,326,0,215,-20" /><INIT seed="4,0,0,4,4,24" ten="266,213,326,195" oya="0" hai0="132,124,93,121,57,3,85,10,17,7,0,60,11" hai1="6,79,109,83,31,59,94,45,21,47,111,23,5" hai2="12,80,126,82,35,72,102,84,1,27,103,78,16" hai3="28,125,99,56,74,4,71,20,97,43,33,22,106"/><T26/><D121/><U68/><E59/><V120/><F120/><W115/><G71/><T134/><D124/><U8/><E94/><V76/><F1/><W9/><G74/><T38/><D38/><U77/><E8/><V130/><F130/><W39/><G125/><T119/><D119/><U133/><E133/><N who="0" m="51305" /><D26/><U127/><E127/><V89/><F126/><W107/><G115/><T105/><D105/><U135/><E135/><V104/><F104/><W54/><G33/><T101/><D17/><U64/><E64/><V63/><F63/><W50/><G107/><T44/><D44/><U18/><E83/><V73/><F27/><W53/><G28/><T34/><D34/><U62/><E18/><V87/><F35/><W91/><G43/><T65/><D11/><U96/><E62/><V51/><F51/><W46/><G39/><T129/><D129/><U30/><REACH who="1" step="1"/><E96/><REACH who="1" ten="266,203,326,195" step="2"/><V117/><F16/><W48/><G106/><T108/><D108/><U81/><E81/><V88/><F12/><N who="3" m="5159" /><G99/><N who="0" m="59631" /><D85/><U58/><E58/><V67/><F67/><W37/><G37/><T13/><AGARI ba="0,1" hai="0,3,7,10,13,57,60,65" m="59631,51305" machi="13" ten="30,1500,0" yaku="20,1" doraHai="24" who="0" fromWho="0" sc="266,25,203,-5,326,-5,195,-5" /><INIT seed="4,1,0,3,3,63" ten="291,198,321,190" oya="0" hai0="50,34,7,43,44,86,71,46,38,98,11,33,100" hai1="128,119,55,53,10,13,66,27,51,47,101,133,42" hai2="110,48,39,93,65,107,82,87,135,62,3,80,90" hai3="60,0,92,120,35,20,134,4,77,56,21,58,18"/><T79/><D71/><U31/><E119/><V37/><F110/><W99/><G35/><T102/><D102/><U108/><E108/><V111/><F111/><W95/><G134/><T126/><D126/><U127/><E133/><V2/><F135/><W81/><G120/><T70/><D70/><U109/><E109/><V113/><F107/><W8/><G58/><T115/><D115/><U41/><E127/><V123/><F123/><W103/><G92/><T124/><D86/><U132/><E132/><V6/><F113/><W45/><G45/><T57/><D57/><U25/><E128/><V17/><F48/><W88/><G103/><T94/><D79/><U32/><E101/><V15/><F6/><W75/><REACH who="3" step="1"/><G18/><REACH who="3" ten="291,198,321,180" step="2"/><T97/><D124/><U52/><E42/><V96/><F17/><W30/><G30/><T23/><D34/><U104/><E104/><V105/><F93/><W83/><G83/><T61/><D33/><U14/><E32/><V59/><F80/><W91/><G91/><T117/><D94/><U22/><E31/><V16/><F105/><W9/><G9/><T129/><D100/><U28/><E28/><V130/><F130/><W131/><G131/><T36/><D129/><U5/><E66/><AGARI ba="1,1" hai="0,4,8,20,21,56,60,66,75,77,81,88,95,99" machi="66" ten="30,8000,1" yaku="1,1,7,1,52,1,54,1,53,1" doraHai="63" doraHaiUra="76" who="3" fromWho="1" sc="291,0,198,-83,321,0,180,93" /><INIT seed="5,0,0,3,1,11" ten="291,115,321,273" oya="1" hai0="78,102,16,117,1,37,42,132,90,52,131,81,39" hai1="40,31,73,3,23,114,130,28,14,127,74,29,26" hai2="36,108,38,44,86,83,46,47,75,95,9,2,89" hai3="121,70,61,128,63,35,110,116,100,30,60,67,15"/><U43/><E3/><V107/><F108/><W120/><G110/><T85/><D117/><U77/><E77/><V56/><F107/><W112/><G116/><T62/><D132/><U71/><E71/><V87/><F75/><N who="1" m="28681" /><E26/><V84/><F56/><W7/><G100/><T66/><D131/><U59/><E59/><V104/><F104/><W134/><G128/><T32/><D42/><N who="1" m="15915" /><E130/><V125/><F125/><W6/><G134/><T129/><D129/><U64/><E64/><V105/><F105/><W123/><G6/><T45/><D1/><U49/><E49/><V88/><REACH who="2" step="1"/><F84/><REACH who="2" ten="291,115,311,273" step="2"/><W91/><G120/><T4/><D85/><U0/><E127/><V106/><F106/><W103/><G121/><T53/><D45/><U41/><E114/><V99/><F99/><W5/><G112/><T69/><D69/><U19/><N who="1" m="15923" /><U50/><DORA hai="58" /><E50/><V118/><F118/><W79/><G70/><T101/><D39/><U21/><E0/><V57/><F57/><W51/><G51/><T119/><D37/><U109/><E109/><V18/><F18/><W72/><G72/><T17/><D16/><U124/><E124/><V34/><F34/><W13/><G35/><T25/><D17/><U10/><E10/><V97/><F97/><W82/><G123/><T126/><D32/><U48/><E48/><V93/><F93/><W8/><G8/><T68/><D126/><U115/><E115/><V27/><F27/><W65/><G63/><T55/><D62/><U122/><E122/><V22/><F22/><N who="1" m="8201" /><E19/><V98/><F98/><W111/><G111/><T20/><D25/><RYUUKYOKU ba="0,1" sc="291,-15,115,15,311,15,273,-15" hai1="14,28,29,31" hai2="2,9,36,38,44,46,47,83,86,87,88,89,95" /><INIT seed="5,1,1,3,1,80" ten="276,130,326,258" oya="1" hai0="29,66,73,110,44,25,18,37,79,71,68,114,36" hai1="42,134,115,113,16,39,11,120,118,4,131,14,0" hai2="69,116,27,106,111,127,102,117,126,130,1,31,132" hai3="19,32,57,129,108,135,2,103,87,24,70,99,96"/><U90/><E39/><V76/><F69/><W5/><G108/><T6/><D110/><U82/><E42/><V40/><F111/><W91/><G70/><T92/><D114/><N who="1" m="43531" /><E120/><V105/><F1/><W58/><G129/><T52/><D66/><U125/><E118/><V9/><F130/><W77/><G77/><T34/><D37/><U107/><E107/><V94/><F40/><W53/><G135/><T101/><D6/><U109/><E109/><V49/><F49/><W100/><G5/><T26/><D79/><U93/><E131/><V56/><F56/><N who="3" m="21611" /><G32/><T98/><D73/><U60/><E134/><V104/><F132/><W50/><G2/><T33/><D18/><U75/><E60/><V97/><F9/><W30/><G30/><T55/><D55/><U89/><E125/><N who="2" m="47627" /><F76/><W78/><G78/><T65/><D65/><U122/><E122/><V35/><AGARI ba="1,1" hai="27,31,35,94,97,102,104,105,106,116,117" m="47627" machi="35" ten="40,1500,0" yaku="18,1" doraHai="80" who="2" fromWho="2" sc="276,-5,130,-8,326,28,258,-5" /><INIT seed="6,0,0,3,4,43" ten="271,122,354,253" oya="2" hai0="119,57,20,79,30,16,46,129,72,88,17,92,95" hai1="86,2,44,78,22,118,74,77,76,135,28,65,0" hai2="53,70,97,38,64,117,116,41,99,32,83,9,34" hai3="102,50,51,12,42,91,31,4,123,66,106,40,111"/><V94/><F32/><W27/><G111/><T62/><D129/><U120/><E118/><V39/><F34/><W113/><G123/><T19/><D119/><U115/><E74/><V33/><F33/><W128/><G128/><T1/><D1/><U59/><E120/><V11/><F38/><W127/><G66/><T8/><D72/><U109/><E109/><V35/><F35/><W130/><G130/><T114/><D114/><U84/><E115/><V45/><F99/><W25/><G113/><T14/><D79/><U13/><E135/><V85/><F53/><W121/><G121/><T98/><D46/><U7/><E2/><V93/><F93/><W29/><G91/><T112/><D95/><U36/><E0/><V18/><F9/><W61/><G61/><T90/><D90/><U104/><E104/><V103/><F64/><W124/><G12/><T101/><D112/><U49/><E36/><V23/><F11/><W56/><G56/><T108/><D108/><U80/><E86/><V68/><F117/><W15/><G15/><T131/><D131/><U60/><E7/><V110/><F110/><W87/><G87/><T6/><D101/><U5/><E5/><V71/><F116/><W96/><G102/><T54/><REACH who="0" step="1"/><D30/><REACH who="0" ten="261,122,354,253" step="2"/><U132/><E132/><V58/><F103/><W81/><G106/><T75/><D75/><U63/><E63/><V100/><F100/><W52/><G29/><T21/><AGARI ba="0,1" hai="6,8,14,16,17,19,20,21,54,57,62,88,92,98" machi="21" ten="30,8000,1" yaku="1,1,0,1,8,1,54,2,53,0" doraHai="43" doraHaiUra="73" who="0" fromWho="0" sc="261,90,122,-20,354,-40,253,-20" /><INIT seed="7,0,0,3,5,32" ten="351,102,314,233" oya="3" hai0="75,31,82,40,118,114,21,8,130,101,129,3,1" hai1="62,88,19,91,103,95,15,119,30,29,87,42,37" hai2="10,49,132,59,65,14,34,135,134,35,5,104,81" hai3="111,66,93,52,46,53,28,110,27,39,102,70,121"/><W67/><G121/><T120/><D118/><U7/><E119/><V126/><F104/><W73/><G73/><T123/><D40/><U54/><E37/><V83/><F126/><W109/><G102/><T12/><D101/><U105/><E105/><V76/><F83/><W106/><G106/><T127/><D127/><U4/><E42/><V58/><F65/><N who="3" m="24587" /><G70/><T74/><D114/><U22/><E103/><V6/><F6/><W20/><G93/><T18/><D75/><U43/><E43/><AGARI ba="0,0" hai="20,27,28,39,43,46,52,53,109,110,111" m="24587" machi="43" ten="40,3900,0" yaku="10,1,54,1" doraHai="32" who="3" fromWho="1" sc="351,0,102,-39,314,0,233,39" /><INIT seed="7,1,0,2,2,119" ten="351,63,314,272" oya="3" hai0="24,79,124,115,42,32,11,74,26,104,6,69,22" hai1="78,25,94,110,27,20,4,76,64,13,92,85,114" hai2="66,62,68,43,61,81,18,130,122,12,127,109,132" hai3="133,53,72,2,120,60,63,15,41,131,75,112,77"/><W106/><G2/><T0/><D69/><U7/><E85/><V1/><F109/><W118/><G118/><T70/><D70/><U129/><E110/><V117/><F1/><W56/><G106/><T17/><D104/><U65/><E114/><V99/><F117/><W71/><G112/><T57/><D42/><U102/><E129/><V87/><F130/><W83/><G131/><T97/><D115/><U38/><E38/><V52/><F127/><W54/><G120/><T107/><D79/><U58/><E13/><V50/><F132/><W82/><G133/><T89/><D74/><U84/><E84/><V28/><F28/><W59/><G71/><T103/><D124/><U45/><E58/><V100/><F43/><W47/><G15/><T128/><D128/><U91/><E20/><V73/><F73/><W10/><G10/><T14/><D32/><U30/><E30/><V35/><F35/><W51/><G83/><T96/><D57/><U46/><REACH who="1" step="1"/><E102/><REACH who="1" ten="351,53,314,272" step="2"/><V55/><F12/><W113/><G113/><T80/><D103/><U49/><E49/><V33/><F50/><W108/><G108/><T36/><D22/><U123/><E123/><V37/><F37/><W116/><G116/><T86/><D14/><U125/><E125/><V126/><F122/><W121/><G121/><T8/><D86/><AGARI ba="1,1" hai="41,47,51,53,54,56,59,60,63,72,75,77,82,86" machi="86" ten="30,2900,0" yaku="7,1,9,1" doraHai="119" who="3" fromWho="0" sc="351,-32,53,0,314,0,272,42" /><INIT seed="7,2,0,0,3,43" ten="319,53,314,314" oya="3" hai0="21,112,120,101,6,20,84,100,77,104,0,89,5" hai1="128,107,132,42,72,111,127,125,79,81,105,25,7" hai2="70,64,26,66,76,14,13,87,126,31,103,24,47" hai3="57,115,92,88,68,90,69,91,118,97,124,102,45"/><W94/><G118/><T99/><D120/><U12/><E25/><N who="2" m="9835" /><F126/><N who="1" m="48137" /><E12/><N who="2" m="4715" /><F70/><W34/><G34/><T18/><D112/><U54/><E7/><V135/><F135/><W10/><G124/><T116/><D116/><U60/><E42/><V2/><F2/><W108/><G10/><T133/><D0/><U75/><E54/><V71/><F71/><W33/><G33/><T130/><D130/><U32/><E60/><V78/><F31/><W62/><G115/><T80/><D133/><U29/><E29/><V96/><F47/><W11/><G11/><T28/><D104/><N who="1" m="40011" /><E32/><V37/><F37/><W23/><G23/><T52/><D52/><U4/><E4/><N who="0" m="1641" /><D28/><U98/><E132/><V119/><F119/><W16/><G16/><T86/><D20/><U27/><E27/><V46/><F46/><W53/><G108/><T131/><D131/><U113/><E128/><V44/><F44/><W122/><G122/><T109/><D109/><U65/><E65/><N who="2" m="25195" /><F87/><N who="3" m="52255" /><G68/><T48/><D86/><U82/><E113/><V106/><F106/><W63/><G69/><T129/><D129/><U35/><E35/><V17/><F17/><W95/><G45/><T73/><D84/><U8/><E8/><V74/><F74/><N who="1" m="28201" /><E111/><V49/><F49/><N who="3" m="30895" /><G102/><T67/><D48/><U85/><E98/><AGARI ba="2,0" hai="62,63,90,91,94,95,97,98" m="30895,52255" machi="98" ten="30,2900,0" yaku="8,1,54,1" doraHai="43" who="3" fromWho="1" sc="319,0,53,-35,314,0,314,35" owari="319,12.0,18,-48.0,314,-9.0,349,45.0" /></mjloggm>