<mjloggm ver="2.3"><GO type="41" lobby="0"/><UN n0="%4A%49%4E%47%31%30%34%33" n1="%E3%81%8D%E3%81%A1%E3%81%9E%E3%81%86" n2="%61%6C%69%63%65%6A%70" n3="%E5%B0%B1%E6%B4%BB%E7%94%9F%40%E5%B7%9D%E6%9D%91%E8%BB%8D%E5%9B%A3" dan="14,15,15,17" rate="1962.61,1973.03,1977.52,2214.92" sx="M,M,M,M"/><TAIKYOKU oya="0"/><INIT seed="0,0,0,4,5,67" ten="250,250,250,250" oya="0" hai0="98,40,4,88,75,121,61,38,105,7,94,55,44" hai1="106,120,60,30,33,107,110,22,90,11,41,129,96" hai2="15,77,89,122,1,108,102,92,82,81,62,103,95" hai3="23,71,12,26,68,113,99,132,42,86,72,78,70"/><T100/><D121/><U18/><E120/><V46/><F1/><W135/><G72/><T76/><D55/><U133/><E110/><V125/><F108/><W34/><G113/><T28/><D28/><U56/><E133/><N who="3" m="51274" /><G42/><T101/><D101/><U63/><E129/><V65/><F125/><W112/><G112/><T84/><REACH who="0" step="1"/><D61/><REACH who="0" ten="240,250,250,250" step="2"/><U115/><E30/><V48/><F122/><W85/><G78/><T51/><D51/><U8/><E60/><V127/><F127/><W73/><G73/><T31/><D31/><U24/><E115/><V69/><F103/><W25/><G34/><T6/><D6/><U14/><E33/><V131/><F102/><W91/><G99/><T87/><D87/><N who="3" m="33289" /><G91/><T128/><D128/><U64/><E90/><V126/><F126/><W16/><AGARI ba="0,1" hai="12,16,23,25,26,68,70,71" m="33289,51274" machi="16" ten="40,8000,1" yaku="20,1,52,3,54,1" doraHai="67" who="3" fromWho="3" sc="240,-40,250,-20,250,-20,250,90" /><INIT seed="1,0,0,1,3,98" ten="200,230,230,340" oya="1" hai0="87,17,57,119,91,60,13,22,129,39,9,45,8" hai1="23,86,43,51,80,5,56,38,106,72,90,128,99" hai2="102,105,40,16,19,85,69,37,59,77,49,83,123" hai3="93,113,34,117,73,125,134,36,4,30,25,14,104"/><U122/><E122/><V70/><F123/><W79/><G104/><T1/><D119/><U78/><E128/><V96/><F37/><W31/><G36/><T28/><D129/><U42/><E38/><V124/><F124/><W100/><G113/><T127/><D127/><U27/><E5/><V97/><F69/><W15/><G117/><T47/><D39/><U65/><E51/><V33/><F70/><W75/><G125/><T108/><D108/><U52/><E65/><V66/><F33/><W71/><G71/><T68/><D1/><U2/><E2/><V120/><F120/><W21/><G134/><T131/><D131/><U54/><E72/><V63/><REACH who="2" step="1"/><F96/><REACH who="2" ten="200,230,220,340" step="2"/><W24/><G34/><T29/><D68/><U121/><E121/><V101/><F101/><W32/><G100/><T55/><D29/><N who="1" m="17663" /><E106/><V109/><F109/><W41/><G32/><T50/><D28/><U111/><E111/><V58/><F58/><W118/><G118/><T0/><D47/><AGARI ba="0,1" hai="16,19,40,47,49,59,63,66,77,83,85,97,102,105" machi="47" ten="40,8000,1" yaku="1,1,52,1,54,1,53,1" doraHai="98" doraHaiUra="81" who="2" fromWho="0" sc="200,-80,230,0,220,90,340,0" /><INIT seed="2,0,0,5,5,66" ten="120,230,310,340" oya="2" hai0="26,134,133,122,21,107,31,53,64,9,103,54,37" hai1="33,41,101,38,102,35,40,57,108,10,12,88,95" hai2="111,14,119,72,70,23,44,104,61,92,130,89,27" hai3="131,56,116,86,113,42,97,68,43,135,80,75,16"/><V11/><F119/><W132/><G116/><T59/><D37/><U47/><E108/><V1/><F104/><W129/><G75/><T48/><D122/><U63/><E41/><V84/><F1/><W94/><G56/><T96/><D9/><U99/><E33/><V82/><F130/><N who="3" m="49675" /><G113/><T36/><D36/><U78/><E78/><V98/><F72/><W128/><G68/><T60/><REACH who="0" step="1"/><D54/><REACH who="0" ten="110,230,310,340" step="2"/><U4/><REACH who="1" step="1"/><E35/><REACH who="1" ten="110,220,310,340" step="2"/><V67/><F111/><W85/><G128/><T6/><D6/><U112/><E112/><V8/><F8/><W46/><G43/><T106/><D106/><U91/><E91/><V17/><F11/><W117/><G42/><T18/><D18/><U34/><E34/><V20/><F20/><W58/><G16/><T39/><D39/><U105/><E105/><V51/><F23/><W29/><G117/><T3/><D3/><U15/><E15/><V121/><F14/><W55/><G132/><T100/><D100/><U79/><E79/><V62/><F17/><W0/><G0/><T22/><D22/><U93/><E93/><V76/><F92/><W45/><G94/><T5/><D5/><U13/><E13/><V25/><F76/><W81/><G135/><T125/><D125/><U87/><E87/><V52/><F84/><W50/><G86/><T32/><D32/><U83/><E83/><V19/><F82/><W74/><G85/><T65/><D65/><AGARI ba="0,2" hai="4,10,12,38,40,47,57,63,65,88,95,99,101,102" machi="65" ten="30,3900,0" yaku="1,1,7,1,54,1,53,0" doraHai="66" doraHaiUra="126" who="1" fromWho="0" sc="110,-39,220,59,310,0,340,0" /><INIT seed="3,0,0,4,3,24" ten="71,279,310,340" oya="3" hai0="135,123,26,44,64,43,34,18,88,80,63,23,55" hai1="70,48,36,8,81,133,95,60,94,132,37,109,19" hai2="5,124,29,11,47,102,7,90,89,126,30,125,130" hai3="120,41,67,116,51,114,33,103,75,20,54,96,101"/><W28/><G120/><T121/><D123/><U2/><E109/><V110/><F110/><W9/><G116/><T84/><D121/><U40/><E81/><V99/><F130/><W117/><G75/><T31/><D135/><N who="1" m="51787" /><E48/><V86/><F47/><W104/><G33/><T3/><D3/><U32/><E32/><V87/><F87/><W107/><G117/><T115/><D55/><U82/><E82/><N who="2" m="49367" /><F90/><W100/><G114/><T85/><D85/><U98/><E40/><V57/><F57/><W128/><G128/><T83/><D115/><U52/><E70/><V66/><F66/><W122/><G122/><T77/><D83/><U38/><E98/><V12/><F5/><W74/><G74/><T92/><D34/><U131/><E131/><V25/><F25/><W0/><G67/><T4/><D4/><N who="1" m="1047" /><E19/><V71/><F71/><W105/><G41/><T13/><D80/><U69/><E69/><V39/><F39/><W73/><G73/><T50/><D77/><U106/><E106/><AGARI ba="0,0" hai="7,11,12,29,30,99,102,106,124,125,126" m="49367" machi="106" ten="30,3900,0" yaku="18,1,52,2" doraHai="24" who="2" fromWho="1" sc="71,0,279,-39,310,39,340,0" /><INIT seed="4,0,0,3,3,117" ten="71,240,349,340" oya="0" hai0="134,66,40,91,57,132,30,95,41,27,85,44,116" hai1="10,86,5,88,47,45,43,52,21,34,77,54,131" hai2="97,63,82,104,109,35,8,84,15,53,11,129,76" hai3="20,126,13,101,36,18,29,121,23,89,123,105,70"/><T108/><D116/><U67/><E34/><V107/><F109/><W87/><G70/><T80/><D108/><U55/><E131/><V73/><F35/><W122/><G36/><T71/><D71/><U37/><E77/><V33/><F33/><W98/><G126/><T103/><D134/><U111/><E111/><V16/><F129/><W28/><G23/><T24/><D132/><U92/><E67/><V94/><F8/><W106/><G106/><T0/><D0/><U78/><E78/><V60/><F73/><W58/><G58/><T31/><D66/><U110/><E110/><V83/><F83/><AGARI ba="0,0" hai="13,18,20,28,29,83,87,89,98,101,105,121,122,123" machi="83" ten="40,8000,1" yaku="13,1,52,3" doraHai="117" who="3" fromWho="2" sc="71,0,240,0,349,-80,340,80" /><INIT seed="5,0,0,5,3,123" ten="71,240,269,420" oya="1" hai0="74,119,121,41,9,107,131,85,8,124,36,102,106" hai1="28,0,91,12,57,33,86,58,103,87,45,23,39" hai2="55,66,16,100,118,90,27,47,75,135,29,95,32" hai3="105,20,111,116,21,59,69,37,132,35,114,64,117"/><U34/><E0/><V77/><F118/><W60/><G35/><T82/><D41/><U25/><E103/><V30/><F135/><W22/><G105/><N who="0" m="39947" /><D36/><U65/><E87/><V56/><F100/><W97/><G132/><T1/><D9/><U18/><E65/><V101/><F101/><W104/><G37/><T40/><D40/><U78/><E78/><V61/><F77/><W115/><G69/><T88/><D8/><U67/><E67/><V5/><F75/><W89/><G104/><T63/><D63/><U31/><E39/><V83/><F83/><W96/><G111/><T48/><D48/><U68/><E68/><V53/><F5/><W26/><G26/><T122/><D1/><U70/><E70/><V54/><F47/><W46/><G46/><T44/><D44/><U72/><E72/><V84/><F32/><W42/><G42/><T110/><D119/><N who="3" m="45641" /><G89/><N who="0" m="51383" /><D131/><U73/><E73/><V93/><F93/><W133/><G133/><T129/><D129/><U109/><E45/><V76/><F76/><W126/><G126/><T43/><D43/><U134/><E134/><V13/><REACH who="2" step="1"/><F27/><REACH who="2" ten="71,240,259,420" step="2"/><W80/><G80/><T79/><D102/><U14/><E33/><V3/><F3/><W130/><G130/><T52/><D79/><U81/><E34/><V108/><F108/><W49/><G97/><T71/><D74/><U15/><E109/><V92/><F92/><W125/><G96/><T11/><D110/><U51/><E51/><V112/><F112/><N who="3" m="43051" /><G125/><T128/><D124/><U127/><E127/><V17/><F17/><W7/><G49/><T10/><D128/><RYUUKYOKU ba="0,1" sc="71,-30,240,10,259,10,420,10" hai1="12,14,15,18,23,25,28,31,57,58,81,86,91" hai2="13,16,29,30,53,54,55,56,61,66,84,90,95" hai3="7,20,21,22,59,60,64" /><INIT seed="5,1,1,4,0,77" ten="41,250,269,430" oya="1" hai0="13,98,102,1,79,40,19,10,50,125,112,61,52" hai1="56,118,67,100,72,109,108,123,126,33,127,28,7" hai2="113,53,64,51,88,115,18,81,121,29,32,107,87" hai3="71,43,94,104,93,83,135,48,0,15,27,85,70"/><U54/><E123/><V24/><F121/><W73/><G0/><T58/><D112/><N who="2" m="43082" /><F107/><W38/><G38/><T110/><D125/><N who="1" m="47627" /><E118/><V116/><F116/><W21/><G104/><T12/><D110/><N who="1" m="42603" /><E67/><V35/><F64/><W63/><G73/><T97/><D1/><U129/><E129/><V6/><F6/><W90/><G135/><T47/><D102/><U45/><E45/><N who="2" m="27887" /><F18/><W22/><G70/><T46/><D79/><U60/><E72/><V75/><F75/><W99/><G71/><T8/><REACH who="0" step="1"/><D47/><REACH who="0" ten="31,250,269,430" step="2"/><U82/><E100/><V103/><F103/><W17/><G43/><T101/><D101/><U132/><E132/><V9/><F9/><W41/><G41/><T20/><D20/><U25/><E7/><AGARI ba="1,2" hai="7,8,10,12,13,19,40,46,50,52,58,61,97,98" machi="7" ten="30,7700,0" yaku="1,1,7,1,8,1,54,1,53,0" doraHai="77" doraHaiUra="124" who="0" fromWho="1" sc="31,100,250,-80,269,0,430,0" /><INIT seed="6,0,0,2,2,97" ten="131,170,269,430" oya="2" hai0="31,105,122,44,67,133,28,57,0,92,58,3,69" hai1="68,21,101,80,134,119,79,115,88,26,75,16,60" hai2="13,108,70,33,53,59,117,7,114,35,121,46,77" hai3="37,73,40,66,63,123,113,56,62,19,85,81,30"/><V65/><F121/><W2/><G123/><T47/><D92/><U126/><E119/><V127/><F117/><W38/><G73/><T128/><D122/><U72/><E115/><V36/><F114/><W24/><G2/><N who="0" m="555" /><D67/><U84/><E126/><V49/><F127/><W94/><G113/><T6/><D6/><U90/><E134/><V74/><F108/><W135/><G135/><T110/><D133/><U42/><E42/><N who="2" m="22855" /><F13/><W118/><G40/><T129/><D69/><U55/><E101/><V87/><F87/><W106/><G106/><T52/><D105/><U107/><E107/><V41/><F41/><W4/><G4/><T78/><D78/><U95/><E90/><V86/><F86/><W98/><G118/><T103/><D103/><U11/><E11/><V111/><F7/><W12/><G62/><T102/><D102/><U9/><E9/><V132/><F111/><W100/><G19/><T18/><D18/><U54/><REACH who="1" step="1"/><E75/><REACH who="1" ten="131,160,269,430" step="2"/><V51/><F132/><W10/><G10/><T8/><D8/><U83/><E83/><N who="2" m="45495" /><F49/><W48/><G48/><N who="0" m="30855" /><D110/><U32/><E32/><V25/><F25/><W45/><G38/><T34/><D34/><U71/><E71/><V61/><AGARI ba="0,1" hai="33,35,51,53,59,61,65,70" m="45495,22855" machi="61" ten="30,1500,0" yaku="24,1" doraHai="97" who="2" fromWho="2" sc="131,-5,160,-5,269,25,430,-5" /><INIT seed="6,1,0,4,5,54" ten="126,155,294,425" oya="2" hai0="59,89,72,111,21,39,101,47,81,127,120,15,126" hai1="24,77,114,23,60,61,69,11,110,29,112,55,40" hai2="79,75,35,115,122,14,106,78,51,88,121,48,85" hai3="43,94,38,4,124,2,105,19,97,10,7,41,107"/><V36/><F35/><W128/><G128/><T5/><D120/><U118/><E110/><V49/><F36/><W45/><G124/><N who="0" m="47659" /><D111/><U95/><E118/><V65/><F106/><W82/><G7/><T70/><D70/><U27/><E40/><V9/><F115/><N who="1" m="44073" /><E69/><V17/><F65/><W76/><G43/><N who="0" m="23039" /><D101/><U117/><E117/><V3/><F3/><W12/><G19/><N who="0" m="10495" /><D5/><U134/><E134/><V108/><F108/><W6/><G6/><T92/><D81/><U119/><E119/><V32/><F32/><W133/><G133/><T44/><D44/><U67/><E67/><V66/><F66/><W113/><G12/><T131/><D72/><U8/><E27/><V13/><F13/><W31/><G31/><T84/><D131/><U74/><E95/><V116/><F116/><W56/><G113/><T1/><D1/><U46/><E46/><V135/><F135/><W22/><G105/><T90/><D90/><U104/><E104/><V91/><F91/><W0/><G107/><T130/><D130/><U53/><E53/><V52/><F52/><W83/><G2/><T42/><D42/><U123/><E123/><N who="2" m="47115" /><F75/><W57/><G22/><T125/><N who="0" m="47667" /><T102/><DORA hai="109" /><D102/><U71/><E71/><V34/><F34/><W64/><G64/><T18/><D18/><U99/><E55/><V37/><F37/><W26/><G26/><T100/><D100/><U80/><E99/><V73/><F73/><N who="3" m="43279" /><G83/><T98/><D98/><U50/><E50/><N who="2" m="12803" /><V86/><DORA hai="129" /><F88/><AGARI ba="1,0" hai="0,4,10,38,41,45,56,57,88,94,97" m="43279" machi="88" ten="30,7700,0" yaku="25,1,52,2,54,1" doraHai="54,109,129" who="3" fromWho="2" sc="126,0,155,0,294,-80,425,80" /><INIT seed="7,0,0,2,0,105" ten="126,155,214,505" oya="3" hai0="17,53,86,3,101,128,1,85,77,37,89,58,46" hai1="10,5,72,30,92,32,52,99,26,47,11,76,100" hai2="65,31,82,40,28,41,98,13,33,122,45,66,90" hai3="117,15,9,104,61,119,21,35,107,12,88,18,71"/><W78/><G35/><T55/><D128/><U120/><E120/><V22/><F122/><W106/><G78/><T60/><D101/><U59/><E47/><V0/><F0/><W133/><G133/><T63/><D77/><U36/><E36/><V67/><F33/><W79/><G79/><T39/><D17/><U16/><E16/><V44/><F13/><W102/><G102/><T97/><D97/><U25/><E25/><V135/><F135/><W83/><G71/><T123/><D123/><U84/><E84/><V49/><F22/><W7/><REACH who="3" step="1"/><G61/><REACH who="3" ten="126,155,214,495" step="2"/><T48/><D86/><AGARI ba="0,1" hai="7,9,12,15,18,21,83,86,88,104,106,107,117,119" machi="86" ten="40,7700,0" yaku="1,1,2,1,54,1,53,0" doraHai="105" doraHaiUra="42" who="3" fromWho="0" sc="126,-77,155,0,214,0,495,87" owari="49,-45.0,155,-24.0,214,1.0,582,68.0" /></mjloggm>