<mjloggm ver="2.3"><GO type="169" lobby="0"/><UN n0="%E3%81%82%E3%81%B2%E3%82%8B%E3%81%95%E3%82%93" n1="%E5%B0%B1%E6%B4%BB%E7%94%9F%40%E5%B7%9D%E6%9D%91%E8%BB%8D%E5%9B%A3" n2="%E3%81%97%E3%82%85%E3%81%86%E3%83%BC%E3%80%82" n3="%EF%BC%9D%E9%B7%BA%E6%A3%AE%E7%81%BC%EF%BC%9D" dan="17,16,18,16" rate="2207.55,2169.66,2307.48,2077.38" sx="M,M,M,F"/><TAIKYOKU oya="0"/><INIT seed="0,0,0,4,1,26" ten="250,250,250,250" oya="0" hai0="117,89,105,10,47,69,118,24,63,53,0,84,97" hai1="98,102,119,101,34,50,115,134,41,82,1,79,133" hai2="65,13,91,112,25,29,95,129,93,33,58,90,86" hai3="6,109,73,108,88,35,120,62,46,111,36,116,7"/><T49/><D105/><U20/><E1/><V128/><F112/><W14/><G116/><T22/><D97/><U92/><E34/><V135/><F135/><N who="1" m="51721" /><E119/><V99/><REACH who="2" step="1"/><F13/><REACH who="2" ten="250,250,240,250" step="2"/><W31/><G14/><T38/><D118/><U32/><E115/><V94/><F94/><W104/><G104/><T66/><D117/><U113/><E113/><V55/><F55/><W85/><G109/><T52/><D53/><U74/><E41/><V43/><F43/><W106/><G106/><T123/><D123/><U17/><E32/><V8/><F8/><W67/><G111/><T56/><D10/><U103/><E50/><V81/><F81/><W78/><G35/><T27/><D0/><U70/><E70/><V130/><F130/><W45/><G120/><T124/><D38/><U83/><E83/><V21/><F21/><W30/><G36/><T71/><D124/><U4/><E4/><V80/><F80/><W132/><G108/><T114/><D114/><U107/><E107/><V19/><F19/><W9/><G6/><T131/><D131/><U60/><E60/><AGARI ba="0,1" hai="25,29,33,58,60,65,86,90,91,93,95,99,128,129" machi="60" ten="40,2600,0" yaku="1,1,52,1,53,0" doraHai="26" doraHaiUra="3" who="2" fromWho="1" sc="250,0,250,-26,240,36,250,0" /><INIT seed="1,0,0,2,5,91" ten="250,224,276,250" oya="1" hai0="45,76,21,51,50,83,57,7,116,56,3,97,15" hai1="100,117,132,0,4,95,47,17,59,67,20,29,122" hai2="113,92,131,23,78,70,1,124,87,96,9,66,38" hai3="13,25,52,11,72,40,73,134,79,77,8,120,22"/><U69/><E122/><V123/><F123/><W129/><G120/><T105/><D116/><U119/><E69/><V55/><F38/><W42/><G129/><T109/><D3/><U94/><E132/><V98/><F131/><W112/><G112/><T63/><D109/><U5/><E0/><V43/><F43/><W61/><G134/><T71/><D71/><U26/><E100/><V128/><F128/><W37/><G73/><T32/><D32/><U64/><E117/><V68/><F113/><W111/><G8/><T88/><D105/><U33/><E119/><V46/><F124/><W133/><G111/><T90/><D90/><U135/><E135/><V35/><F35/><W126/><G72/><T130/><D130/><U99/><E99/><V16/><F1/><W24/><G24/><T102/><D102/><U86/><E86/><V104/><F9/><W10/><G10/><T6/><D76/><N who="3" m="29257" /><G37/><T53/><D83/><U103/><E103/><N who="2" m="60807" /><F104/><W114/><G126/><T85/><D97/><U62/><E64/><V28/><F28/><N who="3" m="17463" /><G114/><T39/><D39/><U54/><E33/><V49/><F66/><W121/><G121/><T14/><D21/><U12/><E29/><V65/><F65/><W127/><G127/><T93/><D6/><N who="1" m="2667" /><E26/><N who="2" m="14695" /><F98/><W74/><G74/><T80/><D7/><U82/><E82/><N who="2" m="47575" /><F70/><W18/><G133/><T60/><D80/><U75/><E75/><V31/><F68/><W125/><G125/><T36/><D36/><U41/><E41/><V107/><F107/><W48/><G48/><BYE who="3" /><AGARI ba="0,0" hai="12,17,20,47,48,54,59,62,67,94,95" m="2667" machi="48" ten="30,5800,0" yaku="8,1,52,2" doraHai="91" who="1" fromWho="3" sc="250,0,224,58,276,0,250,-58" /><INIT seed="1,1,0,5,1,128" ten="250,282,276,192" oya="1" hai0="31,125,40,1,86,48,36,129,38,83,90,87,111" hai1="59,43,0,127,24,55,97,103,124,9,118,131,123" hai2="44,61,108,8,130,14,89,104,54,20,93,47,15" hai3="32,29,115,64,105,42,71,18,22,126,82,81,35"/><U114/><E118/><V66/><F108/><W10/><G10/><T72/><D1/><U7/><E123/><V65/><F104/><W76/><G76/><T41/><D72/><U132/><E114/><V57/><F130/><W77/><G77/><T106/><D129/><U122/><E122/><V133/><F133/><W21/><G21/><T113/><D106/><U60/><E131/><V23/><F23/><UN n3="%EF%BC%9D%E9%B7%BA%E6%A3%AE%E7%81%BC%EF%BC%9D" /><W102/><G115/><T116/><D113/><U27/><E43/><V49/><F20/><W98/><G126/><N who="1" m="48170" /><E132/><V120/><F120/><W50/><G42/><T119/><D125/><U110/><E110/><V12/><F47/><W2/><G50/><T101/><D111/><U84/><E84/><V68/><F68/><W6/><G6/><T74/><D74/><U109/><E109/><V11/><REACH who="2" step="1"/><F65/><REACH who="2" ten="250,282,266,192" step="2"/><W135/><G135/><T96/><D119/><U33/><E33/><V56/><F56/><W134/><G134/><T91/><D116/><U88/><E103/><V4/><F4/><W112/><G112/><T67/><D101/><U78/><E27/><V19/><F19/><W95/><G35/><T51/><D67/><U85/><E24/><V5/><F5/><W75/><G105/><T62/><D36/><U121/><E121/><V69/><F69/><W70/><G70/><T117/><D38/><U37/><E37/><V30/><F30/><W3/><G29/><T52/><D31/><U79/><E97/><AGARI ba="1,1" hai="8,11,12,14,15,44,49,54,57,61,66,89,93,97" machi="97" ten="40,5200,0" yaku="1,1,8,1,53,1" doraHai="128" doraHaiUra="53" who="2" fromWho="1" sc="250,0,282,-55,266,65,192,0" /><INIT seed="2,0,0,0,1,60" ten="250,227,331,192" oya="2" hai0="72,135,0,12,111,88,4,14,56,116,64,20,7" hai1="105,84,50,79,35,30,82,131,121,27,65,34,15" hai2="103,73,1,11,41,54,101,6,89,125,109,68,95" hai3="74,25,10,48,99,16,78,110,38,57,9,87,3"/><V113/><F113/><W29/><G38/><T8/><D72/><U107/><E131/><V52/><F73/><W119/><G74/><T71/><D71/><U23/><E121/><V83/><F83/><W108/><G119/><T91/><D111/><U43/><E34/><V40/><F125/><W118/><G118/><T17/><D116/><U124/><E124/><V128/><F128/><W36/><G36/><T21/><D135/><U69/><E35/><V61/><F109/><N who="3" m="42091" /><G3/><T126/><D126/><U49/><E15/><V76/><F76/><W132/><G132/><T80/><D0/><U106/><REACH who="1" step="1"/><E43/><REACH who="1" ten="250,217,331,192" step="2"/><V58/><F41/><W51/><G9/><T47/><D8/><U100/><E100/><V28/><F40/><W94/><G10/><T129/><D129/><U134/><E134/><V45/><F101/><W93/><G25/><T117/><D117/><U31/><E31/><V77/><F103/><W22/><G29/><T97/><D14/><U33/><E33/><V24/><F28/><W115/><G22/><T13/><D21/><U5/><E5/><V53/><F24/><W37/><G115/><T32/><D32/><U127/><E127/><V70/><F6/><W112/><G112/><T92/><D7/><U86/><E86/><N who="2" m="52663" /><F1/><W90/><G87/><N who="0" m="50279" /><D4/><U114/><E114/><V59/><F11/><W19/><G19/><T130/><D130/><U98/><E98/><V46/><F77/><W122/><G16/><T66/><D12/><U102/><E102/><V62/><F53/><W26/><G78/><T18/><D17/><U85/><E85/><V2/><F2/><RYUUKYOKU ba="0,1" sc="250,-15,217,15,331,15,192,-15" hai1="23,27,30,49,50,65,69,79,82,84,105,106,107" hai2="45,46,52,54,58,59,61,62,68,70" /><INIT seed="2,1,1,1,1,31" ten="235,232,346,177" oya="2" hai0="9,6,110,123,21,33,103,135,88,132,13,55,14" hai1="114,20,109,4,40,39,113,107,99,42,66,86,98" hai2="76,104,130,83,3,105,108,121,122,89,58,30,50" hai3="102,90,71,124,73,74,17,28,131,54,126,57,25"/><V52/><F3/><W94/><G71/><T120/><D103/><U12/><E107/><V27/><F130/><W16/><G102/><T115/><D55/><U85/><E39/><V64/><F108/><W80/><G131/><T26/><D115/><U92/><E109/><V72/><F89/><W24/><G80/><T128/><D110/><U101/><E66/><V82/><F82/><W78/><G78/><T116/><D128/><U95/><E20/><V49/><F49/><N who="3" m="30927" /><G73/><T93/><D116/><U119/><E119/><V22/><REACH who="2" step="1"/><F64/><REACH who="2" ten="235,232,336,177" step="2"/><W29/><G74/><T59/><D88/><N who="1" m="55559" /><E114/><V0/><F0/><W75/><G75/><T35/><D123/><AGARI ba="1,2" hai="22,27,30,50,52,58,72,76,83,104,105,121,122,123" machi="123" ten="40,12000,1" yaku="1,1,54,1,53,3" doraHai="31" doraHaiUra="118" who="2" fromWho="0" sc="235,-123,232,0,336,143,177,0" /><INIT seed="2,2,0,3,2,48" ten="112,232,479,177" oya="2" hai0="17,93,49,2,125,25,32,41,89,112,19,121,102" hai1="68,3,101,122,100,91,51,118,119,73,5,66,74" hai2="40,63,128,38,33,37,50,104,16,81,55,123,124" hai3="90,97,21,111,1,94,113,92,103,20,130,23,57"/><V43/><F33/><W52/><G111/><T105/><D121/><U96/><E3/><V58/><F104/><W65/><G130/><T99/><D112/><U134/><E5/><V106/><F106/><W61/><G1/><T28/><D2/><U88/><E68/><V133/><F123/><W84/><G113/><T10/><D125/><U39/><E39/><N who="2" m="14859" /><F16/><W53/><AGARI ba="2,0" hai="20,21,23,52,53,57,61,65,84,90,92,94,97,103" machi="53" ten="30,8000,1" yaku="0,1,8,1,52,2,54,1" doraHai="48" who="3" fromWho="3" sc="112,-22,232,-22,479,-42,177,86" /><INIT seed="3,0,0,4,4,76" ten="90,210,437,263" oya="3" hai0="17,81,68,112,103,35,69,37,85,25,31,12,58" hai1="1,19,22,99,83,98,129,78,46,49,110,11,84" hai2="131,119,113,66,92,53,72,10,5,30,90,43,62" hai3="114,61,126,73,47,96,64,26,14,59,124,125,75"/><W36/><G114/><T60/><D37/><U104/><E104/><V20/><F113/><W74/><G14/><T89/><D103/><U21/><E129/><V93/><F72/><W7/><G7/><T8/><REACH who="0" step="1"/><D112/><REACH who="0" ten="80,210,437,263" step="2"/><U28/><E110/><V134/><F131/><W128/><G128/><T107/><D107/><U57/><E28/><V0/><F30/><W77/><G36/><T23/><D23/><U15/><E57/><V2/><F20/><N who="1" m="7785" /><E1/><V13/><F0/><W135/><G47/><T52/><AGARI ba="0,1" hai="8,12,17,25,31,35,52,58,60,68,69,81,85,89" machi="52" ten="20,8000,1" yaku="1,1,0,1,7,1,52,1,54,1,53,0" doraHai="76" doraHaiUra="63" who="0" fromWho="0" sc="80,90,210,-20,437,-20,263,-40" /><INIT seed="4,0,0,5,2,84" ten="170,190,417,223" oya="0" hai0="15,22,120,0,24,108,5,74,111,53,50,54,19" hai1="127,25,37,55,79,9,133,34,76,123,28,40,59" hai2="20,85,12,96,41,31,94,80,82,130,135,88,87" hai3="126,29,45,124,27,23,68,60,42,67,115,89,113"/><T71/><D120/><U132/><E123/><V93/><F135/><W122/><G122/><T63/><D74/><U1/><E40/><V33/><F130/><W125/><REACH who="3" step="1"/><G89/><REACH who="3" ten="170,190,417,213" step="2"/><T11/><D111/><U72/><E132/><V57/><F88/><W4/><G4/><T102/><D108/><U131/><E133/><V46/><F96/><W48/><AGARI ba="0,1" hai="23,27,29,42,45,48,60,67,68,113,115,124,125,126" machi="48" ten="40,8000,1" yaku="1,1,0,1,18,1,53,1" doraHai="84" doraHaiUra="18" who="3" fromWho="3" sc="170,-40,190,-20,417,-20,213,90" /><INIT seed="5,0,0,5,2,6" ten="130,170,397,303" oya="1" hai0="27,96,75,34,83,79,4,133,3,37,43,64,81" hai1="19,102,124,125,69,100,1,95,85,8,55,105,70" hai2="13,42,119,46,11,30,65,122,33,59,80,71,92" hai3="68,21,35,48,123,94,50,54,131,67,61,7,5"/><U99/><E55/><V38/><F122/><W20/><G35/><T16/><D133/><U12/><E1/><V78/><F119/><W110/><G110/><T15/><D64/><U62/><E62/><V108/><F108/><W132/><G123/><T128/><D128/><U10/><E100/><V24/><F92/><W39/><G39/><T22/><D96/><U63/><E63/><V9/><F71/><W31/><G132/><T120/><D120/><U47/><E47/><V0/><F65/><W32/><G32/><T90/><D83/><U58/><E58/><V60/><F60/><W117/><G131/><T88/><D43/><U23/><E70/><V76/><F59/><W29/><G117/><T84/><D37/><U111/><E69/><V121/><F121/><W56/><G50/><T52/><D52/><U41/><E41/><V104/><F104/><W28/><G94/><T106/><D106/><U17/><E111/><V74/><F78/><W25/><G29/><N who="0" m="19775" /><D75/><U73/><E73/><V44/><F44/><W82/><G82/><T93/><D93/><U49/><E49/><V87/><F87/><W103/><G103/><T130/><D130/><U72/><E72/><V86/><F86/><W101/><G101/><T14/><D14/><N who="1" m="7367" /><E85/><V45/><F45/><W66/><G66/><T107/><D107/><U51/><E51/><V26/><F0/><W40/><G40/><T57/><D57/><U116/><E116/><V77/><F77/><W115/><G68/><T135/><D135/><U2/><E105/><V91/><F74/><W127/><G56/><T53/><D53/><RYUUKYOKU ba="0,0" sc="130,15,170,15,397,-15,303,-15" hai0="3,4,15,16,22,79,81,84,88,90" hai1="2,10,12,19,23,95,99,102,124,125" /><INIT seed="5,1,0,3,3,73" ten="145,185,382,288" oya="1" hai0="22,18,35,94,5,11,54,44,130,114,115,112,135" hai1="92,4,62,121,16,40,102,61,21,110,15,116,70" hai2="0,65,93,113,103,49,55,68,31,69,108,12,71" hai3="106,107,122,111,80,86,37,3,20,126,51,119,129"/><U58/><E116/><V117/><F0/><W133/><RYUUKYOKU type="yao9" ba="1,0" sc="145,0,185,0,382,0,288,0" hai3="3,20,37,51,80,86,106,107,111,119,122,126,129,133" /><INIT seed="5,2,0,4,3,60" ten="145,185,382,288" oya="1" hai0="0,7,51,120,3,128,66,91,53,37,72,59,74" hai1="98,17,113,64,45,18,121,5,16,75,50,42,80" hai2="101,100,126,56,127,77,96,78,99,29,26,67,43" hai3="52,84,90,34,92,35,94,83,57,27,97,110,10"/><U95/><E121/><V30/><F43/><W134/><G110/><T20/><D37/><U58/><E113/><V73/><F26/><W86/><G134/><T54/><D128/><U41/><E5/><V19/><F19/><W87/><G10/><T65/><D120/><U106/><E106/><V109/><F56/><W102/><G27/><T47/><D20/><U21/><E75/><V23/><F23/><W14/><G14/><T13/><D13/><N who="1" m="9359" /><E80/><V44/><F44/><W129/><G129/><T130/><D130/><U28/><E42/><V118/><F73/><W25/><G25/><T103/><D74/><U132/><E132/><V105/><F105/><W1/><G1/><T63/><D72/><U4/><E4/><V123/><F123/><W46/><G46/><T22/><D103/><N who="1" m="60895" /><E28/><V40/><F40/><W82/><G82/><T15/><D0/><U70/><E70/><V124/><F124/><W33/><G83/><T48/><D3/><U117/><E117/><V135/><F135/><W6/><G6/><T39/><D39/><U111/><E111/><V89/><F109/><W93/><G102/><T133/><D133/><U115/><E115/><V122/><F122/><W9/><G9/><N who="0" m="4543" /><D22/><U131/><E131/><V71/><F71/><W68/><G68/><T8/><D8/><U104/><E104/><V38/><F38/><W112/><G112/><T107/><D107/><U85/><E85/><V116/><F89/><W88/><G97/><T24/><D24/><U55/><E41/><V31/><F31/><W12/><G12/><T76/><D91/><N who="3" m="34857" /><G33/><T32/><D32/><RYUUKYOKU ba="2,0" sc="145,-30,185,10,382,10,288,10" hai1="17,18,45,50,55,58,64" hai2="29,30,67,77,78,96,99,100,101,116,118,126,127" hai3="34,35,52,57,84,86,87,92,93,94" /><INIT seed="5,3,0,1,0,31" ten="115,195,392,298" oya="1" hai0="24,53,16,94,30,34,67,21,56,96,88,13,82" hai1="98,120,55,114,115,129,0,25,59,1,47,12,43" hai2="99,26,23,4,54,14,51,8,107,11,108,76,117" hai3="87,132,126,118,39,18,5,93,122,2,28,60,89"/><U100/><E120/><V57/><F108/><W127/><G122/><T62/><REACH who="0" step="1"/><D82/><REACH who="0" ten="105,195,392,298" step="2"/><U66/><E129/><V109/><F109/><W41/><G127/><T133/><D133/><U45/><E66/><AGARI ba="3,1" hai="13,16,21,24,30,34,53,56,62,66,67,88,94,96" machi="66" ten="40,8000,1" yaku="21,2,52,1,54,2,53,0" doraHai="31" doraHaiUra="71" who="0" fromWho="1" sc="105,99,195,-89,392,0,298,0" /><INIT seed="6,0,0,0,4,132" ten="204,106,392,298" oya="2" hai0="47,128,23,100,80,36,0,53,64,14,46,19,67" hai1="122,89,111,35,21,24,92,6,37,75,99,1,34" hai2="29,65,121,134,28,101,114,42,22,103,68,70,117" hai3="41,51,78,74,95,39,129,79,31,125,133,44,61"/><V62/><F117/><W116/><G116/><T13/><D0/><U9/><E111/><V10/><F121/><W82/><G133/><T109/><D109/><U63/><E75/><V55/><F134/><W126/><G129/><T17/><D100/><U127/><E37/><V86/><F114/><W60/><G79/><T69/><D128/><U52/><E122/><V120/><F120/><W88/><G31/><T54/><D80/><U38/><E38/><V71/><F42/><W58/><G51/><T73/><D36/><U90/><E90/><V30/><F55/><W27/><G27/><T18/><D73/><U16/><E127/><N who="3" m="48650" /><G58/><AGARI ba="0,0" hai="1,6,9,16,21,24,34,35,52,58,63,89,92,99" machi="58" ten="40,8000,1" yaku="25,2,54,2" doraHai="132" who="1" fromWho="3" sc="204,0,106,80,392,0,298,-80" /><INIT seed="7,0,0,4,4,57" ten="204,186,392,218" oya="3" hai0="84,117,108,30,122,18,91,73,132,34,114,127,89" hai1="79,103,10,120,126,23,125,38,20,60,96,118,130" hai2="93,53,90,47,31,59,17,70,74,82,88,78,98" hai3="26,87,39,51,80,6,110,7,2,121,69,83,29"/><W124/><G39/><T61/><D117/><U105/><E120/><V128/><F70/><W109/><G121/><T50/><D73/><U71/><E38/><V66/><F128/><W28/><G124/><N who="1" m="47722" /><E118/><V75/><F66/><W77/><G69/><T92/><D108/><N who="3" m="41577" /><G2/><T112/><D122/><U19/><E79/><V113/><F113/><N who="0" m="43626" /><D127/><U131/><E10/><V129/><F129/><N who="1" m="49161" /><E19/><V21/><F31/><W106/><G106/><T45/><D132/><U134/><E134/><V41/><F90/><N who="3" m="51559" /><G51/><T99/><D50/><U54/><E54/><V72/><F41/><W0/><G28/><T46/><D30/><U15/><E15/><V49/><F47/><W9/><G9/><T115/><N who="0" m="43634" /><T102/><DORA hai="56" /><D46/><U95/><E105/><V35/><F35/><N who="3" m="20919" /><G0/><T101/><D45/><U67/><AGARI ba="0,0" hai="20,23,60,67,71,95,96,103" m="49161,47722" machi="67" ten="40,8000,1" yaku="18,1,19,1,52,2" doraHai="57,56" who="1" fromWho="1" sc="204,-20,186,80,392,-20,218,-40" owari="184,-22.0,266,7.0,372,47.0,178,-32.0" /></mjloggm>