<mjloggm ver="2.3"><GO type="169" lobby="0"/><UN n0="%E3%82%84%E3%81%BE%E3%81%AA%E3%81%84%E9%9B%A8" n1="%42%61%72%64%61%6E%74" n2="%E5%AF%A1%E4%BA%BA" n3="%E5%B0%B1%E6%B4%BB%E7%94%9F%40%E5%B7%9D%E6%9D%91%E8%BB%8D%E5%9B%A3" dan="16,16,16,18" rate="2071.85,2118.15,2075.04,2229.44" sx="F,M,M,M"/><TAIKYOKU oya="0"/><INIT seed="0,0,0,0,4,20" ten="250,250,250,250" oya="0" hai0="46,4,71,26,127,72,3,19,42,21,82,104,101" hai1="41,115,89,11,13,90,22,133,132,67,119,112,16" hai2="50,123,5,81,131,6,0,84,78,56,94,8,25" hai3="53,38,36,126,9,10,17,92,1,64,31,30,87"/><T106/><D71/><U33/><E33/><V15/><F131/><W48/><G126/><T129/><D127/><U65/><E41/><V49/><F123/><W75/><G75/><T45/><D129/><U52/><E119/><V23/><F0/><W73/><G73/><T2/><D101/><U47/><E11/><V29/><F5/><W135/><G135/><N who="1" m="51786" /><E47/><V68/><F68/><W58/><G64/><N who="1" m="24650" /><E52/><V98/><REACH who="2" step="1"/><F56/><REACH who="2" ten="250,250,240,250" step="2"/><W103/><G58/><T51/><D3/><U134/><E134/><V95/><F95/><W43/><G92/><T97/><D2/><U27/><E13/><V7/><F7/><W99/><G1/><T128/><D4/><U113/><AGARI ba="0,1" hai="16,22,27,89,90,112,113,115" m="24650,51786" machi="113" ten="40,8000,1" yaku="11,1,20,1,52,1,54,1" doraHai="20" who="1" fromWho="1" sc="250,-40,250,90,240,-20,250,-20" /><INIT seed="1,0,0,0,0,28" ten="210,340,220,230" oya="1" hai0="9,127,19,126,57,22,103,10,12,128,134,17,79" hai1="112,70,4,0,21,132,124,125,48,135,27,23,107" hai2="89,60,65,115,91,75,83,1,52,100,44,113,117" hai3="69,8,41,54,15,88,131,26,93,123,16,111,122"/><U68/><E107/><V43/><F117/><W7/><G111/><T58/><D103/><U56/><E112/><N who="2" m="43083" /><F1/><W76/><G131/><T72/><D79/><U5/><E48/><N who="2" m="28679" /><F43/><W59/><G69/><N who="1" m="26730" /><E56/><N who="2" m="36999" /><F100/><W92/><G41/><T95/><D128/><U46/><E46/><V85/><F75/><W109/><G76/><AGARI ba="0,0" hai="76,83,85,89,91" m="36999,28679,43083" machi="76" ten="30,2000,0" yaku="11,1,54,1" doraHai="28" who="2" fromWho="3" sc="210,0,340,0,220,20,230,-20" /><INIT seed="2,0,0,3,4,18" ten="210,340,240,210" oya="2" hai0="87,28,33,135,83,21,15,25,81,71,61,124,13" hai1="72,11,84,78,100,77,39,70,93,132,133,76,128" hai2="10,110,118,82,91,63,45,98,64,43,12,51,23" hai3="54,31,126,3,34,123,115,55,53,96,107,119,121"/><V113/><F113/><W90/><G119/><T29/><D135/><N who="1" m="51787" /><E39/><V17/><F118/><W105/><G3/><T58/><D71/><U102/><E70/><V73/><F110/><W14/><G115/><T130/><D130/><U85/><E11/><V75/><F10/><W66/><G126/><T62/><D124/><U129/><E72/><V80/><F80/><W104/><G66/><T74/><D74/><U99/><E102/><V16/><F17/><W88/><G96/><T127/><D127/><U60/><E60/><V101/><F91/><W37/><G37/><T86/><D33/><U94/><E94/><V19/><F19/><W40/><G40/><T103/><D103/><U36/><E36/><V92/><REACH who="2" step="1"/><F82/><REACH who="2" ten="210,340,230,210" step="2"/><W30/><G14/><T89/><D29/><N who="3" m="10761" /><G34/><T8/><D8/><U6/><E6/><V20/><F20/><W117/><G117/><T41/><D15/><U50/><E128/><V49/><F49/><W5/><G5/><T7/><D7/><U47/><E129/><V26/><F26/><W114/><G114/><T116/><D13/><U106/><E50/><V27/><F27/><W122/><AGARI ba="0,1" hai="53,54,55,88,90,104,105,107,121,122,123" m="10761" machi="122" ten="50,8000,1" yaku="29,2,28,2,54,1" doraHai="18" who="3" fromWho="3" sc="210,-20,340,-20,230,-40,210,90" /><INIT seed="3,0,0,0,1,89" ten="190,320,190,300" oya="3" hai0="88,96,85,45,47,82,114,99,123,97,64,66,103" hai1="134,107,19,119,55,105,57,117,104,41,2,95,100" hai2="7,101,86,22,58,0,36,4,128,38,127,121,124" hai3="91,98,17,102,10,62,43,3,30,115,29,129,113"/><W84/><G129/><T26/><D123/><U56/><E134/><V110/><F101/><W83/><G43/><T51/><D114/><U37/><E2/><V40/><F128/><W11/><G11/><T70/><D70/><U44/><E19/><V132/><F132/><W42/><G42/><T52/><D47/><U53/><E57/><V81/><F121/><W59/><G113/><T18/><D103/><U130/><E130/><V13/><F58/><W71/><G71/><T46/><D45/><U77/><E77/><V31/><F40/><W75/><G75/><T1/><D1/><U69/><E69/><V118/><F118/><N who="1" m="45065" /><E56/><V16/><F31/><W90/><G90/><T120/><D120/><U34/><E34/><V60/><F110/><W133/><G133/><T78/><D78/><U33/><E33/><V54/><F60/><W15/><G3/><T21/><AGARI ba="0,0" hai="18,21,26,46,51,52,64,66,82,85,88,96,97,99" machi="21" ten="30,7900,0" yaku="0,1,8,1,54,2" doraHai="89" who="0" fromWho="0" sc="190,79,320,-20,190,-20,300,-39" /><INIT seed="4,0,0,1,0,125" ten="269,300,170,261" oya="0" hai0="39,63,91,75,120,81,40,47,90,95,54,24,2" hai1="25,106,8,101,97,4,99,100,59,126,52,51,13" hai2="65,68,32,115,132,14,9,30,76,130,69,42,23" hai3="29,88,131,5,121,105,53,111,77,41,123,36,33"/><T102/><D120/><N who="3" m="46153" /><G111/><T1/><D102/><U38/><E126/><V44/><F32/><W3/><G105/><T43/><D43/><U118/><E38/><V26/><F132/><W48/><G77/><T50/><D24/><U58/><E25/><V109/><F109/><W80/><G29/><T49/><D63/><U21/><E21/><V16/><F115/><W82/><G33/><T103/><D103/><U73/><E73/><V35/><F76/><W128/><G41/><T64/><D64/><U87/><E87/><V133/><F133/><W31/><G31/><T67/><D67/><U34/><E34/><V72/><F72/><W86/><G36/><T7/><D2/><U94/><REACH who="1" step="1"/><E118/><REACH who="1" ten="269,290,170,261" step="2"/><V93/><F35/><W124/><G124/><T74/><D74/><U114/><E114/><V119/><F119/><W96/><G96/><T15/><D39/><U70/><E70/><V19/><F69/><W127/><G127/><T110/><D75/><U92/><E92/><V83/><F93/><W104/><G82/><T129/><D81/><U6/><E6/><N who="2" m="3383" /><F83/><W37/><G37/><T61/><D95/><U113/><E113/><V55/><F68/><W85/><G104/><T134/><D134/><U20/><E20/><V84/><F84/><W116/><G86/><T112/><D112/><U89/><E89/><V17/><F23/><W78/><G116/><T18/><D110/><U57/><AGARI ba="0,1" hai="4,8,13,51,52,57,58,59,94,97,99,100,101,106" machi="57" ten="20,5200,0" yaku="1,1,0,1,7,1,54,1,53,0" doraHai="125" doraHaiUra="117" who="1" fromWho="1" sc="269,-26,290,62,170,-13,261,-13" /><INIT seed="5,0,0,3,1,114" ten="243,352,157,248" oya="1" hai0="68,76,66,124,112,58,53,107,35,104,30,81,74" hai1="33,46,95,6,18,83,60,67,20,29,34,88,50" hai2="121,82,117,75,102,5,123,131,39,4,109,98,77" hai3="99,122,71,17,38,90,27,127,41,133,108,19,42"/><U59/><E6/><V2/><F5/><W101/><G108/><T91/><D112/><U97/><E29/><V51/><F51/><W31/><G71/><T21/><D124/><U79/><E20/><V118/><F39/><W126/><G122/><N who="2" m="46601" /><F4/><W135/><G90/><T62/><D35/><U48/><E18/><N who="3" m="6666" /><G99/><T61/><D91/><U16/><E16/><V69/><F69/><W70/><G101/><T43/><D43/><N who="3" m="16393" /><G70/><T134/><D134/><N who="3" m="51209" /><G38/><T14/><D14/><U3/><E48/><V10/><F10/><W65/><G65/><T105/><D21/><AGARI ba="0,0" hai="21,27,31,126,127" m="51209,16393,6666" machi="21" ten="30,1000,0" yaku="20,1" doraHai="114" who="3" fromWho="0" sc="243,-10,352,0,157,0,248,10" /><INIT seed="6,0,0,3,5,105" ten="233,352,157,258" oya="2" hai0="69,60,134,24,98,101,53,80,111,107,81,88,83" hai1="46,74,73,113,29,106,45,41,42,59,90,104,119" hai2="115,61,19,34,71,86,112,117,122,11,124,27,35" hai3="36,72,25,18,84,26,9,66,103,3,30,2,97"/><V77/><F117/><W38/><G72/><T128/><D111/><U129/><E29/><V64/><F122/><W55/><G66/><T22/><D128/><U99/><E59/><V4/><F124/><W96/><G84/><T125/><D125/><U123/><E90/><V85/><F19/><W14/><G55/><T21/><D134/><U56/><E56/><V93/><F86/><W7/><G97/><T68/><D22/><U63/><E63/><V39/><F39/><W133/><G133/><T15/><D15/><U52/><E99/><V28/><F35/><W13/><G25/><T110/><D110/><U109/><E109/><V82/><REACH who="2" step="1"/><F93/><REACH who="2" ten="233,352,147,258" step="2"/><W89/><G36/><T91/><D69/><U33/><E33/><V5/><F5/><W130/><G38/><T40/><D68/><U79/><E123/><V75/><F75/><W12/><G18/><T126/><D126/><U32/><E74/><V132/><F132/><W43/><G7/><T120/><D120/><U76/><E73/><V131/><F131/><W58/><G130/><T114/><D107/><U16/><E106/><V49/><F49/><W92/><G92/><T65/><D114/><U118/><E104/><V50/><F50/><W94/><G94/><T10/><D60/><U51/><E113/><V57/><F57/><W102/><G58/><T116/><D116/><U47/><E129/><V0/><AGARI ba="0,1" hai="0,4,11,27,28,34,61,64,71,77,82,85,112,115" machi="0" ten="30,3000,0" yaku="1,1,0,1,53,0" doraHai="105" doraHaiUra="70" who="2" fromWho="2" sc="233,-10,352,-10,147,40,258,-10" /><INIT seed="6,1,0,5,0,80" ten="223,342,187,248" oya="2" hai0="32,79,93,23,129,104,114,97,107,48,29,63,126" hai1="26,87,134,86,14,27,16,115,82,36,49,130,98" hai2="54,75,51,5,12,13,85,109,46,90,89,39,18" hai3="125,78,4,28,24,133,62,50,106,81,0,135,19"/><V77/><F109/><W117/><G125/><T72/><D126/><U101/><E36/><V42/><F75/><W57/><G106/><T1/><D1/><U3/><E3/><V52/><F77/><W25/><G117/><T55/><D114/><U116/><E115/><V76/><F76/><W7/><G50/><T8/><D129/><U17/><E116/><V21/><F90/><W132/><G19/><T74/><D32/><U20/><E134/><V71/><F71/><W43/><G43/><T66/><D8/><U40/><E82/><N who="2" m="49335" /><F39/><W10/><G7/><T124/><D124/><U111/><E111/><V59/><F59/><W95/><G95/><T60/><D74/><U83/><E83/><V37/><F37/><W15/><G28/><T45/><D72/><U131/><E130/><V108/><F108/><W88/><G0/><T91/><D79/><U94/><E131/><V2/><F2/><W128/><G128/><T6/><D6/><U31/><E17/><N who="2" m="10415" /><F5/><W65/><G78/><T33/><D33/><U96/><E96/><V58/><F58/><W99/><G99/><T11/><D11/><AGARI ba="1,0" hai="11,12,18,42,46,51,52,54" m="10415,49335" machi="11" ten="30,5800,0" yaku="8,1,52,1,54,1" doraHai="80" who="2" fromWho="0" sc="223,-61,342,0,187,61,248,0" /><INIT seed="6,2,0,5,5,42" ten="162,342,248,248" oya="2" hai0="27,12,85,95,66,48,58,71,50,128,70,93,55" hai1="38,24,16,52,96,69,20,94,112,75,106,78,97" hai2="60,135,92,31,121,33,77,131,28,130,104,13,43" hai3="36,129,1,56,122,47,54,59,99,117,46,126,23"/><V73/><F104/><W51/><G122/><T64/><D128/><U125/><E69/><N who="0" m="26121" /><D12/><U5/><E125/><V108/><F121/><W30/><G1/><T57/><D27/><U9/><E112/><V40/><F13/><W101/><G36/><T15/><D15/><U17/><E106/><V35/><F92/><N who="3" m="58599" /><G126/><T19/><D19/><U115/><E38/><V67/><F60/><W6/><G129/><T81/><D81/><U11/><E17/><V8/><F8/><W113/><G113/><T105/><D95/><U134/><E134/><V49/><F49/><N who="3" m="28983" /><G117/><T87/><D93/><U18/><E9/><V114/><F77/><W14/><G30/><T107/><D107/><U88/><E78/><V2/><F31/><W102/><G102/><T65/><D105/><U44/><E75/><V83/><F28/><W127/><G127/><T34/><D34/><U76/><E76/><V86/><F35/><W10/><G23/><T118/><D118/><U25/><E11/><V116/><F33/><W0/><G0/><T98/><D98/><U80/><E97/><V41/><F2/><W68/><G68/><T119/><D119/><U3/><E3/><V45/><F116/><W79/><G79/><T123/><D123/><U53/><E96/><V91/><F131/><W7/><G7/><T124/><D124/><U84/><E5/><V111/><F130/><W120/><G120/><T110/><D110/><U26/><E20/><V39/><F111/><W74/><G74/><T62/><D62/><U132/><E24/><V133/><F73/><W21/><G21/><T32/><D32/><RYUUKYOKU ba="2,0" sc="162,15,342,-15,248,-15,248,15" hai0="48,50,55,57,58,64,65,66,85,87" hai3="6,10,14,47,51,56,59" /><INIT seed="7,3,0,0,0,22" ten="177,327,233,263" oya="3" hai0="24,68,5,13,98,111,54,11,6,50,89,132,100" hai1="23,105,25,65,114,1,124,45,53,29,121,130,115" hai2="4,110,74,52,85,125,33,17,109,101,9,8,103" hai3="134,30,32,96,20,19,16,38,46,60,107,131,55"/><W15/><G131/><T99/><D111/><U21/><E105/><V43/><F74/><W135/><G38/><T106/><D132/><N who="3" m="50729" /><G19/><T59/><D68/><U51/><E121/><V10/><F33/><W57/><G46/><T126/><D126/><U73/><E124/><V66/><F43/><W7/><G7/><T128/><D128/><U34/><E130/><V77/><F66/><W119/><G119/><T31/><D98/><U61/><E73/><V64/><F64/><W14/><G32/><T102/><D102/><U69/><E1/><V42/><F125/><W82/><G82/><T93/><D6/><U108/><E108/><V90/><F4/><W122/><G30/><T129/><D129/><U62/><E62/><V56/><F17/><W80/><G80/><T127/><D127/><U118/><E118/><V88/><F42/><W41/><G41/><T78/><D78/><U0/><E0/><V44/><F44/><W87/><G87/><T81/><D81/><U123/><E123/><V112/><F110/><W12/><G122/><T133/><D133/><U3/><E3/><V104/><F109/><W94/><G107/><T27/><D31/><U91/><E91/><AGARI ba="3,0" hai="12,14,15,16,20,55,57,60,91,94,96" m="50729" machi="91" ten="30,2900,0" yaku="20,1,54,1" doraHai="22" who="3" fromWho="1" sc="177,0,327,-38,233,0,263,38" owari="177,-32.0,289,9.0,233,-17.0,301,40.0" /></mjloggm>