<mjloggm ver="2.3"><GO type="169" lobby="0"/><UN n0="%5A%5A%5A%5A%5A" n1="%67%6F%73%68%69%6B%6B%75" n2="%E3%82%A6%E3%83%AB%E3%83%88%E3%83%A9%E7%AB%8B%E7%9B%B4" n3="%E3%82%AD%E3%83%A9%E3%83%BC%E3%83%9E%E3%82%B8%E3%83%B3%E3%82%AC%E6%A7%98" dan="16,16,18,16" rate="2149.97,2180.57,2188.37,2162.31" sx="M,F,M,M"/><TAIKYOKU oya="0"/><INIT seed="0,0,0,5,1,91" ten="250,250,250,250" oya="0" hai0="84,13,68,34,105,44,74,102,54,11,79,24,28" hai1="117,96,19,60,67,126,116,62,108,4,38,134,78" hai2="55,103,51,66,127,61,82,17,120,59,130,39,98" hai3="48,10,129,35,8,3,73,7,88,14,2,106,16"/><T135/><D68/><U32/><E108/><V57/><F120/><W85/><G73/><T131/><D131/><U112/><E38/><V107/><F130/><W1/><G129/><T50/><D135/><U53/><E134/><V104/><F127/><W71/><G106/><T90/><D105/><U125/><E32/><V49/><F39/><W95/><G35/><T41/><D102/><U83/><E4/><V45/><F82/><W6/><G71/><T31/><D74/><U46/><E112/><V128/><F128/><W30/><G30/><T23/><D31/><U9/><E96/><V89/><F89/><W110/><G110/><T133/><D133/><U29/><E29/><V99/><F17/><W80/><G48/><T111/><D111/><U119/><E9/><V64/><F99/><W5/><REACH who="3" step="1"/><G10/><REACH who="3" ten="250,250,250,240" step="2"/><T12/><D34/><U58/><E126/><V0/><F107/><W33/><G33/><T114/><D114/><U77/><E125/><V118/><F104/><W100/><G100/><T40/><D79/><U75/><E78/><V27/><F103/><W93/><AGARI ba="0,1" hai="1,2,3,5,6,7,8,14,16,80,85,88,93,95" machi="93" ten="40,12000,2" yaku="1,1,0,1,52,2,54,2,53,1" doraHai="91" doraHaiUra="76" who="3" fromWho="3" sc="250,-60,250,-30,250,-30,240,130" /><INIT seed="1,0,0,5,3,15" ten="190,220,220,370" oya="1" hai0="129,97,62,123,13,35,122,27,119,61,96,41,109" hai1="45,50,32,70,52,16,115,39,130,60,36,66,99" hai2="3,127,83,34,43,11,26,68,131,29,74,8,92" hai3="71,112,44,10,124,75,53,23,87,120,19,72,117"/><U81/><E32/><V113/><F68/><W82/><G120/><N who="0" m="46123" /><D119/><U100/><E115/><V103/><F113/><W95/><G71/><T105/><D41/><U0/><E0/><V20/><F127/><W6/><G112/><T93/><D129/><U77/><E130/><V38/><F131/><W47/><G95/><T40/><D40/><U118/><E118/><V51/><F51/><W102/><G102/><N who="0" m="62663" /><D109/><U133/><E133/><V24/><F92/><W85/><G85/><T48/><D48/><U121/><E121/><V79/><F103/><W63/><G124/><T125/><D125/><U126/><E126/><V80/><F80/><W18/><G75/><T69/><D69/><U101/><E101/><V84/><F84/><W98/><G72/><T128/><D128/><U135/><E135/><V86/><F86/><W58/><G98/><T54/><D54/><U134/><E134/><V42/><F42/><W12/><G117/><T78/><D78/><U104/><E81/><V2/><F2/><W37/><G37/><T25/><D13/><U76/><E76/><V65/><F65/><W73/><G73/><T57/><D35/><U7/><E77/><V111/><F111/><W116/><G116/><T91/><D57/><U56/><E7/><V90/><F3/><W114/><G6/><T59/><D59/><U31/><E31/><N who="2" m="19831" /><F90/><N who="3" m="51575" /><G114/><T33/><D33/><U5/><E5/><V17/><F29/><W30/><G30/><T107/><D107/><U88/><E70/><V94/><F94/><W28/><G28/><T4/><D4/><U14/><E88/><V106/><F106/><RYUUKYOKU ba="0,0" sc="190,0,220,0,220,0,370,0" hai0="25,27,61,62,91,93,97" hai1="14,16,36,39,45,50,52,56,60,66,99,100,104" hai2="8,11,17,20,24,38,43,74,79,83" hai3="10,12,18,19,23,44,47,53,58,63" /><INIT seed="1,1,0,0,2,50" ten="190,220,220,370" oya="1" hai0="128,57,13,118,24,117,43,91,35,122,18,27,32" hai1="6,107,36,30,42,120,81,63,104,67,10,87,7" hai2="108,96,92,64,101,1,20,39,56,17,54,31,65" hai3="53,97,46,5,3,112,22,105,115,69,132,84,21"/><U58/><E120/><V129/><F1/><W37/><G69/><T85/><D122/><U103/><E30/><V114/><F129/><W79/><G105/><T94/><D43/><U90/><E6/><V2/><F2/><W19/><G97/><T121/><D121/><U60/><E103/><V75/><F108/><W131/><G22/><T66/><D128/><U78/><E42/><V110/><F110/><W68/><G68/><T34/><D66/><U86/><E60/><V89/><F39/><W62/><G37/><T48/><D48/><U111/><E36/><V25/><F75/><W80/><G131/><T8/><REACH who="0" step="1"/><D57/><REACH who="0" ten="180,220,220,370" step="2"/><U44/><E111/><V49/><F114/><W130/><G130/><T45/><D45/><U26/><E44/><V40/><F40/><W119/><G46/><T51/><D51/><U29/><E58/><V113/><F113/><W99/><G119/><AGARI ba="1,1" hai="8,13,18,24,27,32,34,35,85,91,94,117,118,119" machi="119" ten="50,1600,0" yaku="1,1,53,0" doraHai="50" doraHaiUra="33" who="0" fromWho="3" sc="180,29,220,0,220,0,370,-19" /><INIT seed="2,0,0,5,5,132" ten="209,220,220,351" oya="2" hai0="68,94,77,108,87,31,91,34,107,66,7,64,10" hai1="42,33,117,52,75,126,27,13,24,23,111,79,89" hai2="70,48,49,40,54,131,61,124,122,35,57,134,83" hai3="129,105,88,63,127,36,6,90,46,98,3,74,65"/><V115/><F35/><W62/><G74/><T16/><D107/><U106/><E111/><V9/><F83/><W18/><G6/><T80/><D108/><U114/><E106/><V45/><F9/><W81/><G3/><T67/><D31/><U56/><E114/><V76/><F76/><W20/><G129/><T93/><D34/><U21/><E42/><V133/><F115/><W22/><G63/><T96/><D94/><U73/><E126/><V44/><F122/><W37/><G127/><T59/><D68/><U15/><E117/><V19/><F19/><W43/><G37/><T109/><D109/><U0/><E0/><V8/><F8/><W97/><G22/><T55/><D16/><U32/><E89/><V60/><F131/><W14/><G81/><T71/><D71/><U17/><E17/><V26/><F26/><W28/><G28/><T95/><D95/><U30/><E30/><V99/><F99/><W104/><G104/><T39/><D39/><U135/><E56/><V103/><F103/><W41/><G41/><T102/><D102/><U38/><E38/><V128/><F128/><W50/><G36/><T2/><REACH who="0" step="1"/><D67/><REACH who="0" ten="199,220,220,351" step="2"/><U72/><E33/><V84/><F124/><W125/><G125/><T86/><D86/><U123/><E32/><V118/><F84/><W130/><G130/><T78/><D78/><U101/><E75/><V11/><F118/><W116/><G116/><T110/><D110/><U1/><E73/><V121/><F121/><W85/><G105/><T5/><D5/><U113/><E72/><V12/><F70/><N who="3" m="42295" /><G85/><T47/><D47/><RYUUKYOKU ba="0,1" sc="199,15,220,-15,220,-15,351,15" hai0="2,7,10,55,59,64,66,77,80,87,91,93,96" hai3="14,18,20,43,46,50,88,90,97,98" /><INIT seed="3,1,1,1,1,123" ten="214,205,205,366" oya="3" hai0="10,115,42,84,124,73,110,63,105,107,50,43,28" hai1="91,132,83,16,23,109,119,13,11,126,32,48,111" hai2="37,38,118,49,69,24,125,52,53,88,93,3,98" hai3="121,78,96,8,68,39,81,135,25,102,103,100,26"/><W1/><G121/><T79/><D115/><U74/><E32/><V120/><F118/><W54/><G68/><T40/><D73/><U56/><E119/><V70/><F3/><W19/><G39/><T67/><D28/><U45/><E126/><V127/><F120/><W29/><G54/><T2/><D124/><N who="2" m="47690" /><F24/><W90/><G90/><T36/><D36/><N who="2" m="13930" /><F53/><W86/><G26/><T114/><D114/><U106/><E56/><AGARI ba="1,1" hai="49,52,56,69,70,88,93,98" m="13930,47690" machi="56" ten="30,3900,0" yaku="18,1,54,2" doraHai="123" who="2" fromWho="1" sc="214,0,205,-42,205,52,366,0" /><INIT seed="4,0,0,5,0,61" ten="214,163,257,366" oya="0" hai0="33,72,76,2,60,106,56,135,54,127,112,128,94" hai1="63,92,48,8,121,107,34,53,16,116,134,126,70" hai2="118,14,43,46,50,49,32,90,25,119,36,51,28" hai3="3,113,93,97,69,15,105,10,111,55,17,62,87"/><T71/><RYUUKYOKU type="yao9" ba="0,0" sc="214,0,163,0,257,0,366,0" hai0="2,33,54,56,60,71,72,76,94,106,112,127,128,135" /><INIT seed="4,1,0,2,2,53" ten="214,163,257,366" oya="0" hai0="6,31,30,76,58,102,86,27,19,1,80,108,63" hai1="115,46,2,9,60,28,24,97,131,127,111,62,25" hai2="5,128,88,129,84,94,39,81,114,34,18,67,22" hai3="8,106,100,14,65,91,87,16,61,7,35,49,21"/><T43/><D108/><U47/><E111/><V119/><F34/><W124/><G35/><T32/><D102/><U17/><E127/><V107/><F107/><W52/><G106/><T69/><D43/><U48/><E131/><V103/><F5/><W51/><G100/><T109/><D109/><U71/><E115/><V104/><F39/><W64/><G49/><T125/><D125/><U79/><E79/><V110/><F110/><W29/><G29/><T101/><D101/><U82/><E82/><V126/><F126/><W116/><G61/><T10/><D69/><U90/><E71/><V120/><F120/><W95/><G116/><T42/><D42/><U15/><E2/><V66/><F104/><W40/><G40/><T26/><D19/><U12/><E48/><V37/><F37/><W54/><G54/><T122/><D122/><U113/><E113/><V75/><F119/><W57/><G124/><T132/><D132/><U105/><E105/><V38/><F38/><W45/><G45/><N who="1" m="16906" /><E15/><AGARI ba="1,0" hai="7,8,14,15,16,21,51,52,57,64,65,87,91,95" machi="15" ten="30,12000,2" yaku="7,1,25,2,8,1,52,1,54,2" doraHai="53" who="3" fromWho="1" sc="214,0,163,-123,257,0,366,123" /><INIT seed="5,0,0,0,2,39" ten="214,40,257,489" oya="1" hai0="22,82,42,110,134,129,51,20,13,115,57,4,44" hai1="31,73,123,29,90,113,103,128,114,12,49,92,89" hai2="56,67,98,61,96,84,100,106,59,77,122,38,28" hai3="97,68,23,32,124,74,133,108,66,78,104,80,120"/><U34/><E34/><V69/><F122/><W54/><G54/><T16/><D110/><U60/><E123/><V63/><F38/><W18/><G18/><T48/><D115/><N who="1" m="44043" /><E73/><V6/><F6/><W45/><G23/><T117/><D117/><U36/><E36/><V94/><F84/><W53/><G53/><N who="0" m="31911" /><D129/><U102/><E128/><V55/><F77/><W116/><G133/><T72/><D72/><U47/><E12/><V37/><F37/><W65/><G124/><T46/><D134/><U130/><E60/><V71/><F28/><N who="1" m="10825" /><E130/><V25/><F25/><W64/><G120/><T135/><D135/><U125/><E125/><V118/><F118/><W11/><G116/><T76/><D4/><U0/><E0/><V40/><F40/><W79/><G108/><T81/><D76/><U8/><E8/><V88/><AGARI ba="0,0" hai="55,56,59,61,63,67,69,71,88,94,96,98,100,106" machi="88" ten="20,2700,0" yaku="0,1,7,1,54,1" doraHai="39" who="2" fromWho="2" sc="214,-7,40,-13,257,27,489,-7" /><INIT seed="6,0,0,3,5,48" ten="207,27,284,482" oya="2" hai0="79,121,51,82,111,16,84,47,4,61,37,58,105" hai1="118,112,122,129,8,74,73,21,5,18,108,126,64" hai2="131,123,3,6,87,114,80,24,41,34,96,98,53" hai3="52,2,55,13,100,107,117,134,102,110,17,44,62"/><V26/><F123/><W77/><G2/><T57/><D121/><U94/><E21/><V130/><F114/><W103/><G107/><T104/><D111/><U14/><E18/><V39/><F41/><W36/><G110/><T7/><D37/><U95/><E14/><V120/><F39/><W86/><G36/><T116/><D116/><U19/><E19/><V92/><F120/><W32/><G32/><T91/><D105/><U10/><E10/><V69/><F69/><W85/><G134/><T45/><D104/><U25/><E25/><V124/><F124/><W50/><G77/><T88/><D16/><U78/><E8/><V43/><F43/><W115/><G115/><T90/><D47/><U113/><E5/><N who="0" m="2121" /><D61/><U125/><E64/><V127/><F127/><W28/><G28/><T29/><D29/><U70/><E70/><V35/><F6/><W33/><G33/><T40/><AGARI ba="0,0" hai="40,45,51,57,58,79,82,84,88,90,91" m="2121" machi="40" ten="30,2000,0" yaku="8,1,54,1" doraHai="48" who="0" fromWho="0" sc="207,20,27,-5,284,-10,482,-5" /><INIT seed="7,0,0,5,0,27" ten="227,22,274,477" oya="3" hai0="66,70,123,92,22,34,97,41,44,71,57,40,24" hai1="74,116,108,14,51,59,129,90,110,63,86,125,54" hai2="84,15,31,56,120,73,32,132,65,3,64,29,28" hai3="130,96,68,117,6,102,47,69,99,0,53,122,4"/><W72/><G72/><T115/><D123/><U93/><E74/><V127/><F73/><W81/><G81/><T48/><D34/><U7/><E129/><V113/><F3/><W52/><G47/><T119/><D119/><U17/><E125/><V98/><F32/><W121/><G102/><T23/><D115/><U61/><E116/><V58/><F113/><W87/><G87/><T85/><D85/><U128/><E128/><V78/><F127/><W33/><G33/><T16/><D41/><U104/><E104/><V45/><F132/><W11/><G11/><T39/><D39/><U105/><E105/><V18/><F98/><W107/><G107/><T134/><D134/><U89/><E110/><V55/><F45/><W79/><G0/><T101/><REACH who="0" step="1"/><D23/><REACH who="0" ten="217,22,274,477" step="2"/><U35/><E35/><V37/><F37/><W10/><G117/><T13/><D13/><U135/><E135/><V103/><F120/><W1/><G121/><T94/><D94/><U36/><E36/><V91/><F78/><W30/><G79/><T75/><D75/><U118/><E118/><V109/><F109/><W67/><G122/><T114/><D114/><U112/><E112/><V82/><F103/><W42/><G130/><T131/><D131/><U60/><E108/><V26/><F26/><W80/><G1/><T95/><D95/><U46/><E7/><V50/><F58/><W83/><G96/><T25/><D25/><U19/><E59/><V126/><F126/><W21/><G99/><T49/><D49/><U38/><E38/><V62/><F50/><W5/><G5/><T43/><D43/><RYUUKYOKU ba="0,1" sc="217,15,22,-15,274,15,477,-15" hai0="16,22,24,40,44,48,57,66,70,71,92,97,101" hai2="15,18,28,29,31,55,56,62,64,65,82,84,91" owari="232,-17.0,7,-49.0,289,9.0,472,57.0" /></mjloggm>