<mjloggm ver="2.3"><GO type="169" lobby="0"/><UN n0="%E8%82%89%E2%98%86%E6%A3%92%E5%A4%AA%E9%83%8E" n1="%E3%82%A6%E3%83%AB%E3%83%88%E3%83%A9%E7%AB%8B%E7%9B%B4" n2="%E3%81%BE%E3%81%AA%E3%81%84%E3%81%9F%E3%82%88%E3%81%86%E3%81%98%E3%82%87" n3="%E9%9D%A2%E6%B8%85%E3%81%AE%E3%83%90%E3%83%93%E3%82%A3" dan="17,17,16,16" rate="2187.47,2093.49,2086.31,2120.77" sx="M,M,M,M"/><TAIKYOKU oya="0"/><INIT seed="0,0,0,4,2,131" ten="250,250,250,250" oya="0" hai0="111,40,102,26,30,57,97,62,21,92,39,1,107" hai1="18,6,2,8,0,119,60,13,109,9,69,12,24" hai2="106,23,89,67,61,98,90,10,85,31,70,28,128" hai3="113,55,120,118,99,84,114,49,83,53,130,43,112"/><T27/><D1/><N who="1" m="79" /><E60/><V77/><F128/><W14/><G130/><T121/><D121/><U105/><E69/><V94/><F77/><W93/><G118/><T54/><D111/><U11/><E105/><V29/><F10/><N who="1" m="3593" /><E109/><V115/><F115/><W56/><G14/><N who="1" m="5738" /><E119/><V95/><REACH who="2" step="1"/><F106/><REACH who="2" ten="250,250,240,250" step="2"/><W82/><G120/><T88/><D107/><U33/><E18/><V68/><F68/><W81/><G114/><T86/><D39/><U65/><E65/><V73/><F73/><W15/><G113/><T132/><D40/><U38/><E38/><V7/><F7/><W66/><G43/><T32/><D102/><U76/><E76/><V124/><F124/><W126/><G66/><T78/><D78/><U52/><E52/><V110/><F110/><W87/><G55/><T20/><D54/><U36/><E36/><V58/><F58/><W48/><G56/><T22/><D57/><U125/><E125/><V45/><F45/><W16/><G53/><T123/><D123/><U116/><E116/><V41/><F41/><W63/><G126/><T80/><D62/><U103/><E103/><V74/><F74/><W75/><G75/><T47/><D47/><U42/><E42/><V44/><F44/><W4/><G63/><T34/><D88/><U96/><E96/><V91/><F91/><W46/><G99/><T135/><D97/><U122/><E122/><V35/><F35/><W129/><G46/><T117/><D117/><U100/><E100/><V104/><F104/><W50/><G112/><T127/><D127/><U79/><E79/><V59/><F59/><W25/><G129/><RYUUKYOKU ba="0,1" sc="250,-15,250,15,240,15,250,-15" hai1="0,2,24,33" hai2="23,28,29,31,61,67,70,85,89,90,94,95,98" /><INIT seed="1,1,1,2,2,24" ten="235,265,255,235" oya="1" hai0="99,56,25,100,1,92,122,47,110,135,52,60,127" hai1="41,36,9,30,19,126,23,74,27,89,26,3,118" hai2="112,54,39,18,59,131,51,84,119,125,98,37,38" hai3="0,76,68,123,49,129,72,82,121,133,35,91,15"/><U61/><E118/><V134/><F119/><W44/><G68/><T53/><D110/><U67/><E126/><V132/><F125/><W6/><G129/><T81/><D1/><U108/><E108/><V11/><F131/><W50/><G133/><N who="2" m="51305" /><F98/><W79/><G91/><T29/><D135/><U113/><E113/><V106/><F106/><W32/><G15/><T33/><D127/><U97/><E74/><V28/><F112/><W93/><G93/><T40/><D81/><U12/><E36/><V16/><F11/><W90/><G90/><T101/><D122/><U66/><E41/><V14/><F14/><W128/><G128/><T111/><D111/><U114/><E114/><V103/><F103/><W10/><G79/><T62/><D101/><U117/><E117/><V45/><F84/><W7/><G7/><T58/><D47/><U65/><E3/><V31/><F45/><W4/><G4/><T107/><D40/><U46/><E46/><V109/><F109/><W86/><G86/><T63/><REACH who="0" step="1"/><D107/><REACH who="0" ten="225,265,255,235" step="2"/><U102/><E89/><V13/><F13/><W2/><G2/><T78/><D78/><U87/><E27/><V85/><F85/><W115/><G115/><T20/><D20/><U130/><E87/><V43/><F43/><W5/><G123/><T71/><D71/><U8/><E130/><V94/><F94/><W55/><G121/><T34/><D34/><U73/><E73/><V17/><AGARI ba="1,2" hai="16,17,18,28,31,37,38,39,51,54,59" m="51305" machi="17" ten="40,8000,1" yaku="20,1,52,2,54,1" doraHai="24" who="2" fromWho="2" sc="225,-21,265,-41,255,103,235,-21" /><INIT seed="2,0,0,4,3,131" ten="204,224,358,214" oya="2" hai0="66,99,127,118,62,113,101,29,97,130,5,110,80" hai1="34,86,48,93,53,94,123,121,50,96,40,124,122" hai2="8,79,133,54,47,74,92,67,116,31,10,63,107" hai3="46,2,115,36,56,135,9,11,21,37,78,39,132"/><V64/><F116/><W13/><G78/><T75/><D5/><U85/><E34/><V4/><F107/><W41/><G115/><T119/><D29/><U32/><E32/><V61/><F31/><W35/><G35/><T120/><D113/><U84/><E124/><V90/><F79/><W20/><G56/><T104/><D120/><U51/><E40/><V129/><F74/><W7/><G46/><T24/><D24/><U100/><REACH who="1" step="1"/><E53/><REACH who="1" ten="204,214,358,214" step="2"/><V77/><F54/><W3/><G41/><T71/><D127/><U105/><AGARI ba="0,1" hai="48,50,51,84,85,86,93,94,96,100,105,121,122,123" machi="105" ten="40,12000,2" yaku="1,1,2,1,0,1,29,2,13,1,53,0" doraHai="131" doraHaiUra="15" who="1" fromWho="1" sc="204,-30,214,130,358,-60,214,-30" /><INIT seed="3,0,0,2,4,65" ten="174,344,298,184" oya="3" hai0="23,70,125,109,97,85,45,115,100,9,106,69,71" hai1="93,46,40,130,110,34,39,21,24,83,42,89,50" hai2="79,4,88,62,81,78,86,80,74,49,124,0,66" hai3="14,131,30,48,22,76,12,134,102,72,116,43,87"/><W31/><G116/><T77/><D109/><U99/><E110/><V133/><F133/><W128/><G72/><T84/><D125/><U111/><E111/><V38/><F38/><W118/><G102/><T63/><D115/><U53/><E34/><V8/><F124/><W16/><G118/><T122/><D122/><U96/><E130/><N who="3" m="49706" /><G134/><T117/><D117/><U120/><E120/><V101/><F49/><W91/><G76/><T13/><D23/><U94/><E83/><V36/><F36/><W20/><G48/><T19/><D45/><U47/><E47/><V11/><F101/><W104/><G104/><T126/><D126/><U29/><REACH who="1" step="1"/><E39/><REACH who="1" ten="174,334,298,184" step="2"/><V67/><F80/><N who="3" m="49639" /><G43/><T52/><REACH who="0" step="1"/><D77/><REACH who="0" ten="164,334,298,184" step="2"/><U10/><E10/><V61/><F11/><W57/><G31/><T92/><D92/><U98/><E98/><V2/><F74/><W127/><G127/><T105/><D105/><U1/><E1/><V28/><F0/><W123/><G123/><T114/><D114/><U135/><E135/><V55/><F28/><W112/><G112/><T121/><D121/><U18/><E18/><V41/><F78/><W90/><G30/><T132/><D132/><U17/><E17/><V60/><F79/><W51/><G16/><T7/><D7/><U103/><AGARI ba="0,2" hai="21,24,29,40,42,46,50,53,89,93,94,96,99,103" machi="103" ten="20,8000,1" yaku="1,1,0,1,7,1,8,1,53,1" doraHai="65" doraHaiUra="26" who="1" fromWho="1" sc="164,-20,334,100,298,-20,184,-40" /><INIT seed="4,0,0,1,2,93" ten="144,434,278,144" oya="0" hai0="71,99,121,47,86,30,116,3,53,126,44,111,92" hai1="110,31,131,6,82,50,59,89,14,13,17,87,75" hai2="90,8,37,57,74,65,21,109,118,12,43,67,32" hai3="97,15,27,77,104,10,11,119,9,34,73,135,45"/><T66/><D3/><U114/><E110/><V76/><F109/><W25/><G119/><T2/><D2/><U100/><E75/><V105/><F32/><W52/><G135/><T78/><D111/><U42/><E131/><V60/><F118/><W127/><G127/><T39/><D116/><U84/><E114/><V134/><F134/><W64/><G64/><T98/><D121/><U80/><E31/><V18/><F105/><W58/><G45/><T55/><D126/><U40/><E100/><V112/><F112/><W102/><G15/><T48/><D30/><U106/><E106/><V41/><F37/><W29/><G27/><T4/><D4/><U115/><E115/><V16/><F67/><W95/><G77/><T5/><D5/><U24/><E24/><V122/><F122/><W7/><G73/><T94/><D71/><U68/><E68/><V123/><F123/><W36/><G36/><T129/><D66/><U91/><E6/><V101/><F101/><W38/><G38/><T132/><D129/><U33/><E33/><V130/><F130/><W81/><G81/><N who="0" m="47415" /><D132/><U107/><E17/><V117/><F117/><W128/><G128/><T28/><D28/><U26/><E107/><V20/><F76/><W49/><REACH who="3" step="1"/><G104/><REACH who="3" ten="144,434,278,134" step="2"/><T96/><D39/><U62/><E82/><V0/><F74/><W79/><G79/><T120/><D120/><U103/><E80/><V125/><F125/><W124/><G124/><T61/><D47/><U1/><E1/><V83/><F0/><W19/><G19/><T63/><D55/><U85/><E42/><N who="2" m="15883" /><F18/><W35/><G35/><RYUUKYOKU ba="0,1" sc="144,10,434,-30,278,10,134,10" hai0="44,48,53,61,63,92,94,96,98,99" hai2="8,12,16,20,21,57,60,65,83,90" hai3="7,9,10,11,25,29,34,49,52,58,95,97,102" /><INIT seed="4,1,1,5,5,34" ten="154,404,288,144" oya="0" hai0="57,22,19,48,53,98,93,42,33,5,13,108,38" hai1="95,101,15,106,102,122,88,20,55,71,26,94,74" hai2="110,116,84,10,49,113,23,105,91,25,119,125,129" hai3="85,0,30,124,81,86,76,72,97,131,6,68,127"/><T120/><D33/><U50/><E71/><V115/><F110/><W7/><G30/><T29/><D108/><U46/><E74/><V134/><F129/><W89/><G68/><T39/><D120/><U35/><E106/><V36/><F36/><W40/><G40/><T92/><D93/><U123/><E35/><V61/><F134/><W75/><G131/><T54/><D29/><U104/><E104/><V128/><F128/><W3/><G97/><T2/><D42/><U24/><E123/><V83/><F125/><N who="3" m="48203" /><G75/><T16/><D54/><U82/><E82/><V99/><F49/><W21/><G21/><T37/><D19/><N who="1" m="10367" /><E122/><V43/><F61/><W27/><G27/><N who="1" m="10282" /><E95/><V44/><F99/><AGARI ba="1,1" hai="46,50,55,88,94,99,101,102" m="10282,10367" machi="99" ten="30,2000,0" yaku="8,1,54,1" doraHai="34" who="1" fromWho="2" sc="154,0,404,33,288,-23,144,0" /><INIT seed="5,0,0,5,1,85" ten="154,437,265,144" oya="1" hai0="68,97,121,45,59,1,39,54,15,22,36,34,52" hai1="32,65,49,120,117,53,83,56,124,43,16,21,134" hai2="44,2,98,28,93,133,105,123,92,75,46,61,110" hai3="37,128,76,51,99,77,12,111,55,74,62,7,13"/><U23/><E32/><V91/><F123/><W94/><G37/><T115/><D34/><U42/><E120/><V26/><F110/><W67/><G128/><T8/><D121/><U10/><E117/><V3/><F105/><W18/><G111/><T14/><D68/><U112/><E112/><V35/><F133/><W48/><G74/><T129/><D1/><U31/><E134/><V114/><F114/><W84/><G51/><T29/><D29/><U108/><E124/><V127/><F127/><W80/><G76/><T25/><D129/><U135/><E135/><V72/><F72/><W90/><G18/><T89/><D115/><U95/><E83/><V86/><F75/><W109/><G7/><T118/><D118/><U5/><E65/><V71/><F46/><W119/><G109/><T50/><D25/><U70/><E70/><V88/><REACH who="2" step="1"/><F44/><REACH who="2" ten="154,437,255,144" step="2"/><N who="3" m="28039" /><G119/><T73/><D73/><U64/><E108/><V132/><F132/><W66/><G62/><T6/><D39/><U17/><E49/><V100/><F100/><W0/><G0/><T126/><D36/><U47/><E47/><V9/><F9/><W101/><G101/><T81/><D126/><U103/><E103/><V38/><F38/><W102/><G102/><T63/><D45/><U107/><E107/><V79/><F79/><W57/><G57/><T104/><D104/><U82/><E56/><V87/><F87/><W69/><G69/><T4/><D59/><U40/><E10/><V27/><F27/><W116/><G116/><T106/><D8/><U19/><E43/><V131/><F131/><W20/><G84/><RYUUKYOKU ba="0,1" sc="154,-10,437,-10,255,30,144,-10" hai2="2,3,26,28,35,61,71,86,88,91,92,93,98" /><INIT seed="6,1,1,2,2,81" ten="144,427,285,134" oya="2" hai0="7,104,84,107,16,131,67,102,92,12,98,4,99" hai1="75,125,114,59,96,57,8,54,103,44,110,49,80" hai2="48,76,64,123,88,50,32,105,17,33,23,30,41" hai3="132,18,0,90,39,5,52,111,56,15,89,70,109"/><V130/><F123/><W87/><G70/><T14/><D67/><U35/><E35/><V25/><F76/><W21/><G39/><T60/><D60/><U42/><E110/><V13/><F130/><W47/><G132/><T1/><D1/><U36/><E114/><V24/><F105/><W19/><G47/><T118/><D118/><U9/><E125/><V82/><F64/><W43/><G43/><T6/><D131/><U77/><E59/><V101/><F101/><W3/><G19/><T65/><D65/><U79/><E79/><V119/><F119/><W20/><G20/><T22/><D14/><U10/><E10/><V62/><F62/><W127/><G127/><T2/><D2/><U37/><E37/><V128/><F41/><W61/><G0/><T106/><REACH who="0" step="1"/><D84/><REACH who="0" ten="134,427,285,134" step="2"/><U116/><E116/><V26/><F128/><W124/><G124/><T121/><D121/><U58/><E75/><V97/><F97/><AGARI ba="1,2" hai="4,6,7,12,16,22,92,97,98,99,102,104,106,107" machi="97" ten="50,3200,0" yaku="1,1,54,1,53,0" doraHai="81" doraHaiUra="46" who="0" fromWho="2" sc="134,55,427,0,285,-35,134,0" /><INIT seed="7,0,0,2,0,21" ten="189,427,250,134" oya="3" hai0="85,29,45,55,110,120,49,64,14,75,89,128,41" hai1="101,2,117,57,47,129,28,87,53,95,81,104,20" hai2="39,93,17,38,9,19,6,63,43,102,44,123,18" hai3="7,100,103,13,132,109,1,73,118,105,71,106,78"/><W22/><G71/><T36/><D75/><U66/><E2/><V112/><F112/><W133/><G1/><T72/><D110/><U76/><E104/><N who="3" m="40042" /><G7/><T111/><D111/><U24/><E129/><V83/><F63/><W130/><G109/><T115/><D128/><U5/><E117/><V42/><F123/><W33/><G33/><T82/><D115/><U97/><E5/><V127/><F42/><W125/><G130/><T124/><D120/><U68/><E68/><V92/><F39/><W122/><G122/><T31/><D72/><U34/><E47/><V88/><F102/><N who="3" m="38955" /><G118/><T94/><D64/><U121/><E121/><V134/><F9/><W113/><G113/><T3/><D3/><U84/><E66/><V4/><F4/><W60/><G60/><T12/><D36/><U51/><E34/><V116/><F6/><W0/><G0/><T107/><D41/><U80/><E51/><V86/><F116/><W70/><G70/><T10/><D14/><U52/><E57/><V91/><F44/><W15/><G22/><T59/><D59/><U37/><E37/><V98/><F43/><W46/><G46/><T30/><D107/><U90/><AGARI ba="0,0" hai="20,24,28,52,53,76,80,81,84,87,90,95,97,101" machi="90" ten="20,8000,1" yaku="0,1,7,1,8,1,52,1,54,1" doraHai="21" who="1" fromWho="1" sc="189,-20,427,80,250,-20,134,-40" owari="169,-23.0,507,61.0,230,3.0,94,-41.0" /></mjloggm>