<mjloggm ver="2.3"><GO type="169" lobby="0"/><UN n0="%E3%80%93%E3%81%84%E3%81%A1%E3%81%AF%E3%82%89%E3%80%93" n1="%68%6F%6C%6D%65%73" n2="%E3%81%86%E3%82%8B%E3%81%95%E3%81%84%E3%81%AF%E8%A4%92%E3%82%81%E8%A9%9E" n3="%E5%B0%B1%E6%B4%BB%E7%94%9F%40%E5%B7%9D%E6%9D%91%E8%BB%8D%E5%9B%A3" dan="19,17,17,17" rate="2286.45,2158.51,2123.79,2183.14" sx="M,M,M,M"/><TAIKYOKU oya="0"/><INIT seed="0,0,0,0,3,57" ten="250,250,250,250" oya="0" hai0="17,117,7,82,77,18,3,45,29,91,113,108,26" hai1="34,54,90,46,50,56,9,38,0,76,70,114,110" hai2="109,24,67,75,128,27,53,8,124,62,112,71,99" hai3="95,79,120,66,132,89,93,134,118,115,31,80,2"/><T96/><D113/><U21/><E110/><V104/><F109/><W13/><G2/><T55/><D108/><U40/><E34/><V116/><F112/><W20/><G115/><T41/><D117/><U105/><E105/><V19/><F75/><W63/><G118/><T11/><D55/><U15/><E76/><V36/><F36/><W14/><G120/><T121/><D121/><U33/><E33/><V49/><F124/><W4/><G4/><T42/><D42/><U59/><E114/><V68/><F68/><W97/><G95/><T133/><D133/><N who="3" m="51305" /><G31/><T131/><D131/><U6/><E70/><V60/><F128/><W125/><G20/><T126/><D91/><U135/><E135/><V83/><F83/><W5/><G5/><T111/><D96/><U35/><E35/><V107/><F107/><W94/><G94/><T84/><D126/><U52/><E90/><V22/><F8/><W73/><G125/><T102/><D102/><U69/><E69/><AGARI ba="0,0" hai="13,14,63,66,69,73,79,80,89,93,97" m="51305" machi="69" ten="30,2000,0" yaku="20,1,52,1" doraHai="57" who="3" fromWho="1" sc="250,0,250,-20,250,0,250,20" /><INIT seed="1,0,0,4,1,105" ten="250,230,250,270" oya="1" hai0="127,133,19,48,128,18,134,100,120,24,31,74,65" hai1="28,131,32,125,9,73,49,112,114,63,124,6,12" hai2="99,44,27,36,7,101,87,98,109,15,117,79,60" hai3="94,30,43,61,53,68,90,88,35,52,91,59,71"/><U2/><E131/><V115/><F109/><W107/><G107/><T69/><D120/><U123/><E123/><V14/><F115/><W80/><G43/><T47/><D128/><U21/><E63/><V67/><F117/><W118/><G118/><T83/><D100/><U46/><E46/><V4/><F27/><W96/><G53/><T41/><D127/><N who="1" m="48715" /><E49/><V92/><F36/><W0/><G0/><T16/><D65/><U29/><E73/><V95/><F44/><W5/><G5/><N who="2" m="2121" /><F60/><W97/><G80/><T102/><D102/><U58/><E58/><V72/><F72/><W66/><G96/><T121/><D69/><U38/><E38/><V119/><F67/><W8/><G8/><T108/><D108/><U116/><E116/><V37/><F37/><W93/><G94/><T54/><D41/><U56/><E56/><V25/><F119/><W42/><G42/><T110/><D110/><U84/><E84/><V113/><F113/><N who="1" m="43625" /><E32/><V1/><F1/><W39/><G39/><T22/><REACH who="0" step="1"/><D121/><REACH who="0" ten="240,230,250,270" step="2"/><U77/><E77/><AGARI ba="0,1" hai="16,18,19,22,24,31,47,48,54,74,77,83,133,134" machi="77" ten="40,8000,1" yaku="1,1,2,1,52,1,54,1,53,1" doraHai="105" doraHaiUra="26" who="0" fromWho="1" sc="240,90,230,-80,250,0,270,0" /><INIT seed="2,0,0,4,3,71" ten="330,150,250,270" oya="2" hai0="1,49,112,22,23,80,98,125,44,42,88,93,110" hai1="133,7,34,30,57,107,86,24,67,82,66,65,78" hai2="85,36,21,50,60,122,61,119,101,19,3,103,95" hai3="97,91,105,77,52,14,90,76,39,130,111,2,117"/><V92/><F3/><W115/><G2/><T126/><D112/><U99/><E133/><V45/><F36/><W10/><G117/><T55/><D1/><U114/><E114/><V113/><F122/><W31/><G31/><T13/><D110/><U102/><REACH who="1" step="1"/><E7/><REACH who="1" ten="330,140,250,270" step="2"/><V32/><F113/><W116/><G115/><T46/><D126/><U74/><E74/><V104/><F119/><W108/><G116/><T84/><D125/><U27/><E27/><N who="2" m="14783" /><F104/><W134/><G105/><T26/><D26/><U35/><E35/><V63/><F32/><W69/><G134/><T4/><D4/><U128/><E128/><V81/><F103/><W120/><G130/><T100/><REACH who="0" step="1"/><D13/><REACH who="0" ten="320,140,250,270" step="2"/><U48/><E48/><AGARI ba="0,2" hai="22,23,42,44,46,48,49,55,80,84,88,93,98,100" machi="48" ten="30,8000,1" yaku="1,1,2,1,7,1,8,1,54,1,53,0" doraHai="71" doraHaiUra="8" who="0" fromWho="1" sc="320,100,140,-80,250,0,270,0" /><INIT seed="3,0,0,3,5,47" ten="420,60,250,270" oya="3" hai0="67,112,26,71,58,88,31,109,13,25,73,45,93" hai1="96,23,39,99,78,18,125,133,85,132,114,2,82" hai2="1,107,52,38,65,115,49,118,54,130,28,57,8" hai3="129,6,102,80,60,104,81,24,103,48,98,55,79"/><W105/><G129/><T34/><D109/><U122/><E2/><V43/><F107/><W83/><G6/><T86/><D73/><U70/><E70/><V42/><F28/><W20/><G60/><T56/><D112/><U22/><E39/><V116/><F8/><W108/><G108/><T95/><D26/><U35/><E35/><V3/><F38/><W134/><G134/><T4/><D71/><U63/><E63/><N who="2" m="36279" /><F3/><W61/><G61/><T50/><D67/><U27/><E122/><V69/><F1/><W16/><G103/><T62/><D62/><U68/><E68/><V77/><F77/><W5/><G5/><T30/><D30/><U37/><E37/><V121/><F130/><W29/><G105/><T135/><D135/><N who="1" m="51787" /><E114/><V100/><F100/><W12/><G29/><T101/><D13/><N who="1" m="9551" /><E125/><V91/><F115/><W41/><G41/><N who="2" m="15369" /><F91/><W75/><G12/><T36/><D36/><U46/><E46/><AGARI ba="0,0" hai="16,20,24,46,48,55,75,79,80,81,83,98,102,104" machi="46" ten="30,5800,0" yaku="7,1,52,1,54,1" doraHai="47" who="3" fromWho="1" sc="420,0,60,-58,250,0,270,58" /><INIT seed="3,1,0,1,2,45" ten="420,2,250,328" oya="3" hai0="85,129,41,42,120,89,2,34,134,96,12,16,130" hai1="58,50,95,119,109,29,44,127,108,105,81,82,38" hai2="24,49,46,72,110,73,107,48,28,65,9,14,13" hai3="35,74,63,128,88,62,113,111,18,40,121,31,55"/><W103/><G121/><T17/><D2/><U23/><E105/><V8/><F107/><W27/><G74/><T106/><D34/><U116/><E127/><V115/><F115/><W100/><G113/><T124/><D120/><U69/><E69/><V54/><F65/><W5/><G128/><N who="0" m="49259" /><D124/><U78/><E58/><V1/><F1/><W67/><G5/><T56/><D134/><U33/><E33/><V98/><F98/><W112/><G112/><T60/><D96/><U37/><E95/><V53/><F24/><W0/><G0/><T30/><D30/><U71/><E71/><V59/><F28/><W26/><G40/><N who="0" m="15467" /><D12/><U75/><E81/><V7/><REACH who="2" step="1"/><F110/><REACH who="2" ten="420,2,240,328" step="2"/><N who="1" m="42601" /><E38/><V32/><F32/><W87/><G111/><T80/><D106/><U36/><E37/><V66/><F66/><AGARI ba="1,1" hai="16,17,56,60,66,80,85,89" m="15467,49259" machi="66" ten="30,2000,0" yaku="19,1,54,1" doraHai="45" who="0" fromWho="2" sc="420,33,2,0,240,-23,328,0" /><INIT seed="4,0,0,2,4,80" ten="453,2,217,328" oya="0" hai0="55,58,127,17,48,93,92,75,21,115,118,100,42" hai1="8,34,67,101,126,53,122,69,29,0,59,113,77" hai2="103,107,32,15,89,90,22,72,111,6,79,133,123" hai3="68,4,2,88,38,82,31,120,83,36,132,37,1"/><T116/><D75/><U44/><E122/><V86/><F32/><W76/><G68/><T23/><D115/><U129/><E129/><V104/><F22/><W70/><G70/><T24/><D127/><U39/><E126/><V18/><F18/><W110/><G120/><T62/><D118/><U112/><E101/><V64/><F64/><W98/><G110/><T49/><D116/><U26/><E69/><V61/><F61/><W13/><G31/><T135/><D135/><U84/><E67/><V45/><F45/><W128/><G128/><T74/><D74/><U10/><E0/><V57/><F57/><W11/><G132/><T121/><D121/><U131/><E131/><V119/><F15/><W71/><G71/><T43/><D23/><U130/><E130/><V114/><F6/><W134/><G134/><T87/><D100/><U46/><E46/><V60/><F60/><W94/><REACH who="3" step="1"/><G83/><REACH who="3" ten="453,2,217,318" step="2"/><T35/><D35/><U91/><E39/><V66/><F133/><W52/><G52/><T7/><D43/><U12/><E44/><V73/><F123/><W85/><AGARI ba="0,1" hai="1,2,4,11,13,36,37,38,76,82,85,88,94,98" machi="85" ten="30,7900,0" yaku="1,1,0,1,52,1,54,1,53,0" doraHai="80" doraHaiUra="20" who="3" fromWho="3" sc="453,-39,2,-20,217,-20,318,89" owari="414,51.0,-18,-52.0,197,-20.0,407,21.0" /></mjloggm>