<mjloggm ver="2.3"><GO type="169" lobby="0"/><UN n0="%E7%94%9F%E7%B2%8B%E3%81%AE%E7%85%BD%E3%83%A9%E3%83%BC%E2%99%AA" n1="%E5%B0%B1%E6%B4%BB%E7%94%9F%40%E5%B7%9D%E6%9D%91%E8%BB%8D%E5%9B%A3" n2="%6C%65%62%65%73%67%75%65" n3="%6B%6F%75%33%32%38%34" dan="17,17,16,16" rate="2198.34,2220.33,2027.82,2058.18" sx="M,M,M,M"/><TAIKYOKU oya="0"/><INIT seed="0,0,0,1,5,20" ten="250,250,250,250" oya="0" hai0="87,103,117,116,10,94,92,17,40,13,101,72,74" hai1="28,44,46,47,57,30,27,6,5,26,66,96,54" hai2="45,21,85,52,106,79,0,22,55,113,38,125,102" hai3="121,91,2,29,133,9,63,122,114,34,100,120,49"/><T107/><D107/><U36/><E36/><V11/><F113/><W110/><G114/><T97/><D40/><U95/><E66/><V124/><F38/><W3/><G100/><T51/><D51/><U1/><E1/><V75/><F75/><W98/><G110/><T56/><D56/><U14/><E30/><V128/><F128/><W19/><G133/><T135/><D135/><U83/><E83/><N who="2" m="47359" /><F0/><W24/><G63/><T99/><REACH who="0" step="1"/><D87/><REACH who="0" ten="240,250,250,250" step="2"/><U35/><E57/><V50/><F106/><W134/><G49/><T88/><D88/><U78/><E78/><V105/><F105/><W58/><G58/><T77/><D77/><U25/><E54/><V132/><F55/><W4/><G134/><T8/><D8/><U65/><E65/><V123/><F132/><W48/><G48/><T61/><D61/><U69/><E69/><V126/><F123/><W64/><G64/><T37/><D37/><U68/><E68/><V33/><F11/><W104/><G91/><T112/><D112/><U59/><E59/><V67/><F67/><W43/><G43/><T41/><D41/><U70/><E70/><V82/><F126/><W31/><G104/><T129/><D129/><U81/><E46/><V118/><F125/><W131/><G131/><T80/><D80/><U73/><E81/><V109/><F82/><W23/><G121/><T86/><D86/><U89/><E73/><AGARI ba="0,1" hai="10,13,17,72,73,74,92,94,97,99,101,103,116,117" machi="73" ten="40,3900,0" yaku="1,1,9,1,53,0" doraHai="20" doraHaiUra="16" who="0" fromWho="1" sc="240,49,250,-39,250,0,250,0" /><INIT seed="0,1,0,3,1,84" ten="289,211,250,250" oya="0" hai0="35,3,37,111,40,50,104,89,24,12,108,114,6" hai1="95,117,56,125,33,53,25,88,22,79,80,32,112" hai2="102,63,87,69,19,129,8,116,10,43,77,48,128" hai3="118,93,54,132,34,97,73,14,65,106,30,0,71"/><T126/><D114/><U9/><E117/><V17/><F116/><W86/><G0/><T45/><D104/><U94/><E112/><V52/><F102/><W26/><G73/><T57/><D3/><U38/><E38/><V131/><F43/><W23/><G118/><T67/><D126/><U47/><E125/><V36/><F36/><W20/><G132/><T15/><D6/><U91/><E47/><V66/><F10/><W121/><G121/><T74/><D74/><U68/><E68/><V76/><F8/><W127/><G127/><T39/><D35/><U60/><E9/><V135/><F135/><W64/><G54/><T62/><D24/><U75/><E94/><V92/><F77/><W113/><G14/><N who="0" m="5163" /><D89/><U78/><E78/><V18/><F18/><W29/><G29/><T58/><D58/><U85/><REACH who="1" step="1"/><E91/><REACH who="1" ten="289,201,250,250" step="2"/><N who="2" m="53375" /><F76/><W31/><G113/><T13/><D39/><U130/><E130/><V99/><F99/><W124/><G97/><T134/><D37/><U51/><E51/><V59/><AGARI ba="1,1" hai="17,19,48,52,59,63,66,69,128,129,131" m="53375" machi="59" ten="30,4000,0" yaku="19,1,52,1,54,1" doraHai="84" who="2" fromWho="2" sc="289,-21,201,-11,250,53,250,-11" /><INIT seed="1,0,0,3,1,121" ten="268,190,303,239" oya="1" hai0="17,57,133,32,54,26,53,128,84,7,120,63,129" hai1="42,122,74,108,37,51,90,19,33,20,103,89,127" hai2="16,22,102,125,114,28,8,35,24,100,4,92,107" hai3="18,34,48,119,80,11,75,135,83,117,123,86,31"/><U21/><E33/><V0/><F107/><W82/><G123/><T46/><D120/><U60/><E74/><V38/><F38/><W14/><G135/><T1/><D133/><U12/><E37/><V124/><F114/><W88/><G75/><T105/><D105/><U45/><E122/><V69/><F69/><W98/><G98/><T112/><D112/><U9/><E127/><N who="2" m="48715" /><F92/><W78/><G78/><T76/><D7/><U79/><E79/><V104/><F104/><W61/><G61/><T115/><D1/><U39/><E39/><V41/><F41/><W2/><G2/><T50/><D115/><U101/><E60/><V109/><F109/><W106/><G106/><T110/><D76/><U94/><E108/><V93/><F93/><W77/><G77/><T66/><D84/><U91/><REACH who="1" step="1"/><E94/><REACH who="1" ten="268,180,303,239" step="2"/><V56/><F35/><W116/><G48/><T118/><D32/><U64/><E64/><V5/><F102/><AGARI ba="0,1" hai="9,12,19,20,21,42,45,51,89,90,91,101,102,103" machi="102" ten="40,3900,0" yaku="1,1,8,1,53,0" doraHai="121" doraHaiUra="81" who="1" fromWho="2" sc="268,0,180,49,303,-39,239,0" /><INIT seed="1,1,0,2,0,127" ten="268,229,264,239" oya="1" hai0="102,90,79,99,116,49,98,133,17,14,77,93,2" hai1="117,60,88,108,134,26,100,30,0,28,81,10,105" hai2="69,115,83,8,86,104,66,126,58,119,50,75,23" hai3="1,36,130,24,38,18,4,63,11,48,3,110,120"/><U56/><E117/><V9/><F119/><W37/><G120/><T101/><D133/><U32/><E30/><V54/><F126/><W112/><G112/><T44/><D2/><U121/><E121/><V85/><F104/><W92/><G110/><T82/><D116/><U62/><E134/><V122/><F122/><W68/><G3/><T71/><D71/><U53/><E108/><V31/><F75/><W21/><G48/><T107/><D90/><U34/><E34/><V40/><F86/><W97/><G130/><T33/><D33/><U118/><E118/><V106/><F106/><W25/><G25/><T16/><D14/><U39/><E39/><V96/><F96/><W27/><G27/><T52/><D79/><U64/><E10/><V29/><F40/><W57/><G68/><T51/><D49/><U19/><E19/><V128/><F128/><W45/><G45/><T94/><D107/><U111/><E0/><V91/><F115/><W5/><G5/><T73/><AGARI ba="1,0" hai="16,17,44,51,52,73,77,82,93,94,98,99,101,102" machi="73" ten="20,8000,1" yaku="0,1,7,1,9,1,54,2" doraHai="127" who="0" fromWho="0" sc="268,83,229,-41,264,-21,239,-21" /><INIT seed="2,0,0,2,3,24" ten="351,188,243,218" oya="2" hai0="130,63,18,103,117,43,119,89,60,10,56,102,11" hai1="113,91,25,50,81,72,66,44,70,109,47,69,94" hai2="15,8,12,75,4,82,123,16,23,97,45,129,79" hai3="28,71,133,53,90,61,84,107,121,39,31,41,96"/><V5/><F123/><W58/><G121/><T77/><D43/><U59/><E113/><V73/><F129/><W32/><G32/><T38/><D38/><U27/><E109/><V68/><F68/><W105/><G133/><T116/><D77/><U120/><E120/><V0/><F0/><W36/><G71/><T46/><D46/><U127/><E127/><V14/><F97/><W6/><G6/><T17/><D89/><U37/><E37/><V34/><F34/><W95/><G36/><T124/><D124/><U101/><E101/><N who="0" m="38409" /><D130/><U85/><E70/><V83/><F45/><W98/><G39/><T132/><D132/><U131/><E131/><V134/><F134/><W62/><G41/><T99/><D99/><N who="3" m="37929" /><G105/><T55/><D60/><N who="3" m="23145" /><G107/><T87/><D87/><U64/><E69/><V125/><F125/><W122/><G122/><T100/><D100/><U104/><E104/><V92/><F92/><W35/><G35/><T114/><D114/><U33/><E33/><V1/><BYE who="1" /><REACH who="2" step="1"/><F5/><REACH who="2" ten="351,188,233,218" step="2"/><UN n1="%E5%B0%B1%E6%B4%BB%E7%94%9F%40%E5%B7%9D%E6%9D%91%E8%BB%8D%E5%9B%A3" /><W65/><G65/><T29/><D116/><U110/><E66/><V115/><F115/><W108/><G108/><T128/><D128/><U78/><E64/><V7/><F7/><W30/><G58/><T40/><D117/><U22/><E110/><V126/><F126/><W76/><G53/><T20/><D56/><U54/><E47/><V93/><F93/><W52/><G52/><T111/><D55/><U21/><E59/><V42/><F42/><W2/><G2/><T57/><D111/><U135/><E135/><V67/><F67/><W88/><G95/><T9/><D119/><RYUUKYOKU ba="0,1" sc="351,-30,188,10,233,10,218,10" hai1="21,22,25,27,44,50,54,72,78,81,85,91,94" hai2="1,4,8,12,14,15,16,23,73,75,79,82,83" hai3="28,30,31,76,84,88,90" /><INIT seed="2,1,1,1,0,89" ten="321,198,243,228" oya="2" hai0="11,1,40,60,21,2,50,85,63,37,29,93,122" hai1="71,16,97,77,18,53,38,92,48,46,28,0,10" hai2="12,117,67,8,108,52,69,121,103,6,61,90,113" hai3="9,19,74,64,17,58,99,32,45,42,31,107,51"/><V30/><F117/><W128/><G74/><T59/><D37/><U105/><E105/><V100/><F113/><W56/><G128/><T79/><D122/><U98/><E71/><V36/><F121/><W111/><G111/><T23/><D2/><U130/><E130/><V118/><F118/><W65/><G32/><T94/><D1/><U109/><E38/><V124/><F124/><W15/><G31/><T3/><D3/><U33/><E109/><V68/><F108/><W66/><G107/><T95/><D11/><U86/><E33/><V5/><F5/><W70/><G70/><T102/><D102/><U7/><E28/><V39/><F69/><W110/><G110/><T91/><D79/><U116/><E116/><V26/><F90/><W127/><G127/><T22/><D29/><U73/><E73/><V125/><F125/><W131/><G131/><T135/><D135/><U57/><E46/><V119/><F119/><W24/><REACH who="3" step="1"/><G99/><REACH who="3" ten="321,198,243,218" step="2"/><T80/><D40/><U4/><E98/><V35/><F36/><W82/><G82/><T49/><REACH who="0" step="1"/><D59/><REACH who="0" ten="311,198,243,218" step="2"/><U47/><E57/><V54/><REACH who="2" step="1"/><F39/><REACH who="2" ten="311,198,233,218" step="2"/><W25/><G25/><T13/><D13/><U43/><E0/><V126/><F126/><W83/><G83/><T129/><D129/><U44/><E43/><V115/><F115/><W101/><G101/><AGARI ba="1,4" hai="6,8,12,26,30,35,52,54,61,67,68,100,101,103" machi="101" ten="40,7700,0" yaku="1,1,54,1,53,1" doraHai="89" doraHaiUra="62" who="2" fromWho="3" sc="311,0,198,0,233,120,218,-80" /><INIT seed="2,2,0,3,5,12" ten="311,198,353,138" oya="2" hai0="60,19,72,124,26,1,43,0,65,97,4,42,113" hai1="100,24,85,104,92,6,129,25,102,70,50,22,39" hai2="69,34,66,127,89,63,79,30,84,36,87,32,101" hai3="109,44,2,73,96,58,57,23,68,71,120,64,54"/><V123/><F123/><W52/><G73/><T80/><D113/><U61/><E39/><V59/><F36/><W115/><G2/><T49/><D124/><U5/><E104/><V11/><F127/><W82/><G82/><T95/><D4/><U114/><E114/><V83/><F11/><W7/><G7/><T81/><D1/><U130/><E50/><V75/><F87/><W116/><G115/><T56/><D0/><U126/><E126/><V8/><F8/><W86/><G86/><T111/><D111/><U107/><E107/><V40/><F40/><N who="0" m="15402" /><D72/><U122/><E122/><V99/><F59/><W17/><G116/><T74/><D49/><U29/><E100/><V33/><F79/><W121/><G109/><T28/><D28/><U103/><E103/><V78/><F30/><W13/><G44/><T47/><D47/><U31/><E61/><V18/><F18/><W62/><G96/><T15/><D26/><U55/><E55/><V77/><F77/><W37/><G37/><T21/><D74/><U67/><E67/><V3/><F3/><W131/><G68/><T110/><D110/><U132/><E70/><V91/><REACH who="2" step="1"/><F75/><REACH who="2" ten="311,198,343,138" step="2"/><W16/><G121/><T135/><D135/><U90/><E132/><V88/><F88/><AGARI ba="2,1" hai="15,19,21,56,60,65,80,81,88,95,97" m="15402" machi="88" ten="30,3900,0" yaku="8,1,52,1,54,1" doraHai="12" who="0" fromWho="2" sc="311,55,198,0,343,-45,138,0" /><INIT seed="3,0,0,2,0,78" ten="366,198,298,138" oya="3" hai0="23,72,123,135,0,88,1,20,134,67,73,57,93" hai1="131,116,65,100,27,54,75,83,92,125,104,33,59" hai2="4,10,43,132,22,44,28,7,30,87,98,39,6" hai3="97,19,81,117,70,16,96,112,12,52,60,13,40"/><W36/><G112/><T119/><D123/><U129/><E104/><V124/><F124/><W47/><G117/><T53/><D67/><U62/><E125/><V107/><F132/><N who="0" m="50730" /><D119/><U114/><E114/><V109/><F109/><W26/><G26/><T120/><D120/><U18/><E116/><V90/><F10/><W61/><G70/><T108/><D108/><U38/><E38/><V77/><F77/><W51/><G81/><T71/><D71/><U3/><E3/><N who="0" m="1097" /><D23/><N who="1" m="13815" /><E33/><V89/><F22/><N who="3" m="11527" /><G36/><T9/><D20/><U102/><E92/><V95/><REACH who="2" step="1"/><F107/><REACH who="2" ten="366,198,288,138" step="2"/><W37/><G37/><T99/><D9/><U113/><E113/><V82/><AGARI ba="0,1" hai="4,6,7,28,30,39,43,44,82,87,89,90,95,98" machi="82" ten="30,8000,1" yaku="1,1,2,1,0,1,52,1,53,1" doraHai="78" doraHaiUra="69" who="2" fromWho="2" sc="366,-20,198,-20,288,90,138,-40" /><INIT seed="4,0,0,4,5,75" ten="346,178,378,98" oya="0" hai0="40,67,76,109,62,127,44,131,52,126,135,116,106" hai1="29,129,115,37,84,65,134,80,132,51,14,24,66" hai2="78,55,53,73,9,1,2,7,68,46,81,36,30" hai3="33,63,119,128,39,54,19,13,12,56,47,0,117"/><T15/><D106/><U113/><E37/><V4/><F68/><W108/><G0/><T83/><D116/><U21/><E129/><V82/><F30/><W122/><G108/><T17/><D131/><U86/><E51/><V87/><F7/><W103/><G33/><T49/><D109/><U45/><E45/><V93/><F93/><W104/><G128/><T100/><D100/><U118/><E118/><V70/><F70/><W74/><G122/><T11/><D135/><N who="1" m="51755" /><E84/><V120/><F2/><W8/><G74/><T50/><D50/><U133/><E14/><V114/><F114/><N who="1" m="43529" /><E133/><V107/><F107/><W105/><G105/><T89/><D89/><AGARI ba="0,0" hai="21,24,29,65,66,80,86,89" m="43529,51755" machi="89" ten="30,3900,0" yaku="20,1,15,1,11,1" doraHai="75" who="1" fromWho="0" sc="346,-39,178,39,378,0,98,0" /><INIT seed="5,0,0,3,3,113" ten="307,217,378,98" oya="1" hai0="62,16,117,66,115,39,38,119,74,106,135,80,40" hai1="133,105,97,107,59,73,130,64,104,15,108,90,114" hai2="75,132,77,57,68,53,52,98,83,81,14,129,32" hai3="24,10,49,44,28,61,71,7,4,82,128,84,91"/><U45/><E73/><V111/><F68/><W17/><G128/><T50/><D115/><U85/><E114/><V120/><F111/><W86/><G71/><N who="0" m="42455" /><D16/><U37/><E108/><V95/><F120/><W31/><G61/><T99/><D135/><U6/><E130/><V87/><F32/><W42/><G84/><T131/><D131/><U48/><E133/><V79/><F129/><W41/><G41/><T103/><D50/><U72/><E72/><V3/><F3/><W93/><G93/><T69/><D69/><U25/><E25/><V30/><F30/><W0/><G0/><T12/><D12/><U54/><E97/><V56/><F132/><W63/><G63/><T122/><D122/><U43/><E64/><V78/><F78/><W88/><G91/><T23/><D23/><U92/><E6/><V123/><F123/><W18/><G31/><T58/><D58/><U116/><REACH who="1" step="1"/><E15/><REACH who="1" ten="307,207,378,98" step="2"/><V89/><F14/><N who="3" m="5471" /><G4/><T65/><D65/><U11/><E11/><V102/><F75/><W36/><G36/><N who="0" m="13867" /><D40/><U127/><E127/><V8/><F8/><W121/><G121/><T96/><D96/><U60/><E60/><V134/><F134/><W34/><G34/><T76/><AGARI ba="0,1" hai="74,76,80,99,103,106,117,119" m="13867,42455" machi="76" ten="30,4000,0" yaku="23,1,52,2" doraHai="113" who="0" fromWho="0" sc="307,50,207,-20,378,-10,98,-10" /><INIT seed="6,0,0,3,1,18" ten="357,187,368,88" oya="2" hai0="124,7,79,108,38,63,61,32,52,30,125,127,102" hai1="54,75,88,0,10,6,41,110,111,83,106,117,78" hai2="90,89,60,98,25,135,58,2,68,132,82,119,4" hai3="53,109,27,122,103,36,86,113,105,134,22,64,130"/><V112/><F119/><W81/><G122/><T114/><D38/><U43/><E117/><V55/><F112/><W67/><G36/><T62/><D108/><U92/><E106/><V3/><F68/><W24/><G109/><T85/><D114/><U95/><E95/><N who="2" m="56687" /><F4/><W59/><G113/><T126/><N who="0" m="31744" /><DORA hai="121" /><T9/><D102/><U31/><E31/><V5/><F5/><W33/><G134/><N who="2" m="51241" /><F25/><W107/><G130/><T12/><D85/><AGARI ba="0,0" hai="2,3,55,58,60,82,85,90" m="51241,56687" machi="85" ten="30,1500,0" yaku="20,1" doraHai="18,121" who="2" fromWho="0" sc="357,-15,187,0,368,15,88,0" /><INIT seed="6,1,0,2,0,125" ten="342,187,383,88" oya="2" hai0="56,63,80,5,69,29,65,8,77,133,92,89,12" hai1="22,68,62,101,70,34,47,2,84,44,100,120,91" hai2="28,97,32,51,37,72,88,104,21,121,127,30,117" hai3="15,103,16,90,3,38,52,50,6,111,58,98,85"/><V81/><F117/><W108/><G38/><T110/><D110/><U93/><E34/><V126/><F37/><W74/><G74/><T96/><D133/><U79/><E2/><V10/><F121/><W13/><G3/><T46/><D69/><U45/><E120/><V0/><F32/><W53/><G53/><T41/><D29/><U75/><E75/><V132/><F132/><W19/><G6/><T116/><D116/><U86/><E68/><V59/><F21/><W122/><G122/><T119/><D119/><U130/><E130/><V7/><F104/><W25/><G25/><T17/><D46/><U27/><E62/><V135/><F135/><W26/><G26/><T112/><D112/><U134/><E70/><V11/><F11/><W18/><G108/><T124/><D124/><N who="2" m="47658" /><F72/><W23/><G15/><T67/><D41/><U49/><E49/><V54/><F97/><W66/><G66/><T64/><REACH who="0" step="1"/><D5/><REACH who="0" ten="332,187,383,88" step="2"/><U24/><E134/><V73/><F30/><W113/><G111/><T55/><D55/><U35/><E35/><V106/><F28/><W42/><G42/><T43/><D43/><U95/><E47/><V36/><F36/><W118/><G118/><T109/><D109/><U48/><E45/><V131/><F54/><W4/><G4/><T102/><D102/><U14/><E100/><V128/><F7/><W57/><G57/><T39/><D39/><U71/><E101/><V105/><F59/><W115/><G58/><T33/><D33/><U87/><E71/><V99/><F0/><W107/><G52/><T114/><D114/><N who="3" m="43529" /><G50/><T123/><D123/><RYUUKYOKU ba="1,1" sc="332,15,187,-15,383,-15,88,15" hai0="8,12,17,56,63,64,65,67,77,80,89,92,96" hai3="13,16,18,19,23,85,90,98,103,107" /><INIT seed="7,2,1,3,5,26" ten="347,172,368,103" oya="3" hai0="43,13,66,0,82,95,17,67,97,46,111,92,96" hai1="27,54,100,135,61,81,74,102,55,68,59,10,14" hai2="107,60,120,91,101,113,9,63,85,1,35,40,122" hai3="2,103,76,69,105,89,108,78,98,22,48,134,133"/><W129/><G69/><T115/><D111/><U19/><E68/><V84/><F113/><W32/><G32/><T29/><D0/><U80/><E135/><N who="3" m="51722" /><G2/><T110/><D29/><U36/><E36/><V125/><F125/><W90/><G129/><T47/><D110/><U118/><E118/><V44/><F35/><W21/><G108/><T50/><D47/><U70/><E70/><V12/><F1/><W24/><G21/><N who="0" m="11439" /><D82/><N who="1" m="31851" /><E74/><V42/><F101/><N who="1" m="39017" /><E27/><V56/><F107/><W106/><G48/><T109/><D115/><U127/><E127/><V57/><F91/><N who="3" m="34827" /><G106/><T94/><D109/><U8/><E8/><V131/><F131/><W11/><G11/><T20/><D20/><U25/><E25/><V28/><F63/><W52/><G52/><AGARI ba="2,1" hai="10,14,19,52,54,55,59,61" m="39017,31851" machi="52" ten="30,2000,0" yaku="8,1,54,1" doraHai="26" who="1" fromWho="3" sc="347,0,172,36,368,0,103,-26" owari="347,15.0,208,-19.0,368,46.0,77,-42.0" /></mjloggm>