<mjloggm ver="2.3"><GO type="169" lobby="0"/><UN n0="%64%6F%6E%63%68%61%6E%33" n1="%E3%83%8B%E3%83%A3%E3%83%83%E3%83%94%E3%83%BC%E5%A4%8F%E7%9B%AE" n2="%E3%82%B4%E3%83%9F%E3%82%AF%E3%82%BA%E4%B8%83%E6%AE%B5" n3="%E3%82%A6%E3%83%AB%E3%83%88%E3%83%A9%E7%AB%8B%E7%9B%B4" dan="17,16,16,17" rate="2176.35,2117.85,2191.10,2152.31" sx="M,M,F,M"/><TAIKYOKU oya="0"/><INIT seed="0,0,0,2,3,78" ten="250,250,250,250" oya="0" hai0="125,114,133,69,126,130,59,118,128,91,5,73,68" hai1="44,45,99,67,55,57,100,52,84,111,88,0,81" hai2="132,37,129,13,39,119,30,135,35,87,20,15,54" hai3="1,62,77,60,123,16,6,70,3,27,122,101,65"/><T12/><D73/><U71/><E0/><V112/><F112/><W8/><G101/><T19/><D114/><U102/><E111/><V21/><F129/><N who="0" m="49770" /><D118/><U105/><E102/><V95/><F119/><W63/><G3/><T109/><D5/><U42/><E71/><V94/><F35/><W14/><G27/><T110/><D91/><U51/><REACH who="1" step="1"/><E45/><REACH who="1" ten="250,240,250,250" step="2"/><V127/><F132/><W124/><G124/><N who="0" m="47723" /><D133/><U28/><E28/><V120/><F30/><W97/><G122/><T46/><D46/><U33/><E33/><V31/><F120/><W76/><G123/><T40/><D40/><U10/><E10/><V22/><F31/><W26/><G1/><T108/><D59/><U86/><E86/><V24/><F87/><W34/><G70/><T58/><D58/><U9/><E9/><AGARI ba="0,1" hai="9,12,19,68,69,108,109,110" m="47723,49770" machi="9" ten="40,12000,1" yaku="14,1,10,1,19,1,18,1" doraHai="78" who="0" fromWho="1" sc="250,130,240,-120,250,0,250,0" /><INIT seed="0,1,0,4,2,94" ten="380,120,250,250" oya="0" hai0="4,107,51,44,55,100,33,117,78,131,60,69,98" hai1="13,89,101,38,53,125,121,106,66,37,74,58,110" hai2="124,26,80,70,85,93,43,122,104,5,21,57,103" hai3="112,28,31,92,12,20,120,115,8,16,127,68,10"/><T119/><D131/><U42/><E121/><V39/><F122/><W126/><G92/><T48/><D78/><U52/><E110/><V36/><F70/><W64/><G64/><T47/><D4/><U76/><E125/><N who="3" m="47626" /><G68/><T134/><D134/><U79/><E89/><V81/><F124/><W32/><G120/><T25/><D51/><U99/><E66/><V132/><F132/><W128/><G128/><T6/><D6/><U84/><E74/><V129/><F104/><W56/><G56/><T67/><REACH who="0" step="1"/><D47/><REACH who="0" ten="370,120,250,250" step="2"/><U72/><E76/><V75/><F5/><W116/><G116/><T71/><D71/><U88/><E79/><V133/><F129/><W86/><G115/><T45/><D45/><U11/><E72/><V2/><F133/><W29/><G112/><T9/><D9/><N who="3" m="3689" /><G86/><T54/><D54/><U49/><E53/><V35/><F85/><W40/><G40/><T102/><D102/><U63/><E42/><V3/><F103/><W15/><G15/><T27/><D27/><AGARI ba="1,1" hai="12,16,20,27,28,29,31,32" m="3689,47626" machi="27" ten="30,7700,0" yaku="18,1,34,2,54,1" doraHai="94" who="3" fromWho="0" sc="370,-80,120,0,250,0,250,90" /><INIT seed="1,0,0,5,1,51" ten="290,120,250,340" oya="1" hai0="113,46,61,10,15,109,134,74,56,110,100,57,76" hai1="87,101,35,47,120,4,130,108,123,31,86,1,125" hai2="63,43,95,71,121,23,60,77,119,78,117,21,45" hai3="18,8,29,127,111,27,93,94,90,2,49,17,70"/><U96/><E130/><V20/><F121/><W67/><G111/><T37/><D113/><U30/><E125/><V32/><F32/><W55/><G127/><T34/><D34/><U114/><E114/><V7/><F7/><W11/><G70/><T122/><D134/><U53/><E108/><V75/><F95/><W59/><G67/><T112/><D112/><U84/><E4/><V104/><F104/><W118/><G118/><T80/><D122/><U52/><E1/><V92/><F92/><W128/><G128/><T81/><D81/><U44/><E35/><V89/><F89/><W132/><G132/><T131/><D57/><U66/><E66/><V91/><F91/><W98/><G2/><T19/><D100/><U39/><E39/><V107/><F107/><W38/><G38/><T16/><D131/><U58/><E58/><V116/><F75/><W68/><G68/><T24/><D37/><U25/><E25/><V85/><F85/><W0/><G0/><T99/><D46/><N who="1" m="17451" /><E96/><V41/><F71/><W22/><G94/><T135/><D99/><U12/><E12/><V62/><REACH who="2" step="1"/><F45/><REACH who="2" ten="290,120,240,340" step="2"/><W64/><G93/><T72/><D72/><U83/><E123/><V13/><F13/><W133/><G98/><T97/><D97/><U33/><E120/><V5/><F5/><W14/><G14/><T106/><D106/><U115/><E33/><V69/><F69/><W126/><G133/><T102/><D110/><U50/><E115/><V36/><F36/><W54/><G90/><T79/><D109/><U3/><E86/><V129/><F129/><W65/><G126/><RYUUKYOKU ba="0,1" sc="290,-10,120,-10,240,30,340,-10" hai2="20,21,23,41,43,60,62,63,77,78,116,117,119" /><INIT seed="2,1,1,4,1,113" ten="280,110,270,330" oya="2" hai0="43,52,88,106,126,100,122,5,64,67,82,81,120" hai1="37,15,87,3,83,79,35,22,54,7,12,49,8" hai2="132,29,27,28,63,31,18,91,19,114,47,123,92" hai3="24,108,58,44,129,68,0,103,104,50,116,21,41"/><V48/><F114/><W14/><G0/><T16/><D43/><U66/><E35/><V102/><F123/><W109/><G68/><T2/><D2/><U95/><E37/><V127/><F132/><W135/><G135/><T84/><D5/><U38/><E38/><V118/><F118/><W23/><G129/><T111/><D111/><N who="3" m="42569" /><G116/><T93/><D126/><U131/><E131/><V20/><F127/><W101/><G104/><T69/><D106/><U61/><E22/><V9/><F102/><W62/><G14/><T13/><D69/><U39/><E39/><V76/><F76/><W26/><G23/><N who="0" m="11663" /><D122/><U99/><E61/><V11/><F63/><W32/><G32/><T97/><D120/><U115/><E66/><N who="0" m="25129" /><D81/><U60/><E60/><V34/><F19/><N who="3" m="12351" /><G26/><T65/><D65/><AGARI ba="1,1" hai="41,44,50,58,62,65,101,103" m="12351,42569" machi="65" ten="30,1000,0" yaku="14,1" doraHai="113" who="3" fromWho="0" sc="280,-13,110,0,270,0,330,23" /><INIT seed="3,0,0,3,0,135" ten="267,110,270,353" oya="3" hai0="97,81,23,105,53,43,10,50,1,66,46,116,65" hai1="52,103,112,85,40,37,2,62,122,88,14,26,55" hai2="133,91,108,129,80,9,4,106,42,25,82,130,94" hai3="24,75,68,109,13,117,110,92,59,28,57,79,20"/><W98/><G68/><T44/><D116/><U107/><E2/><N who="2" m="151" /><F108/><N who="3" m="41579" /><G117/><T60/><D81/><N who="2" m="31338" /><F106/><W36/><G36/><T17/><D105/><U47/><E112/><V125/><F25/><W119/><G119/><T32/><D32/><U45/><E122/><V63/><F42/><W35/><G79/><T132/><D97/><U121/><E121/><V73/><F73/><W7/><G75/><T39/><D1/><U61/><E26/><V5/><F5/><W95/><G98/><T21/><D10/><U64/><E14/><V99/><F63/><W72/><G72/><T86/><D86/><U90/><E61/><V56/><F56/><N who="3" m="21579" /><G7/><T34/><D39/><U87/><E87/><V67/><F67/><W49/><G49/><T22/><D50/><U69/><E47/><V70/><F70/><W11/><G11/><T89/><D65/><U118/><E118/><V74/><F74/><W41/><G41/><T48/><D66/><U3/><E3/><V8/><F8/><W100/><G100/><T0/><D43/><U54/><REACH who="1" step="1"/><E85/><REACH who="1" ten="267,100,270,353" step="2"/><V31/><F133/><W123/><G123/><T38/><D132/><U131/><E131/><V96/><F129/><W33/><G13/><T78/><D44/><U30/><E30/><V120/><F130/><W126/><G24/><T124/><D46/><U128/><E128/><V111/><F120/><W104/><G28/><T19/><D60/><U115/><E115/><V15/><F111/><W71/><G35/><T58/><D0/><U127/><E127/><V101/><F125/><W18/><G126/><T76/><D124/><U84/><E84/><RYUUKYOKU ba="0,1" sc="267,-10,100,30,270,-10,353,-10" hai1="37,40,45,52,54,55,62,64,69,88,90,103,107" /><INIT seed="4,1,1,0,5,129" ten="257,130,260,343" oya="0" hai0="37,30,133,5,23,96,132,118,84,93,109,24,22" hai1="105,88,134,65,72,77,66,61,115,78,126,86,122" hai2="39,102,58,17,48,31,1,113,3,128,108,63,107" hai3="123,40,9,82,117,121,90,79,12,43,10,59,64"/><T135/><D118/><U70/><E122/><N who="3" m="46602" /><G90/><N who="0" m="55351" /><D37/><U14/><E126/><V54/><F108/><W116/><G117/><T57/><D109/><U47/><E105/><V2/><F128/><W120/><G120/><T69/><D69/><U76/><E66/><V7/><F39/><W125/><G125/><T20/><D5/><U130/><E130/><V33/><F113/><W0/><G0/><T53/><D84/><U41/><E115/><V81/><F81/><W29/><G29/><T68/><D68/><U100/><E100/><V44/><F17/><N who="3" m="8335" /><G10/><T34/><D34/><U119/><E119/><V19/><F19/><W51/><G116/><T13/><D13/><U112/><E14/><V103/><F7/><W75/><G51/><AGARI ba="1,1" hai="20,22,23,24,30,51,53,57,132,133,135" m="55351" machi="51" ten="30,11600,0" yaku="20,1,52,3" doraHai="129" who="0" fromWho="3" sc="257,129,130,0,260,0,343,-119" /><INIT seed="4,2,0,3,5,59" ten="386,130,260,224" oya="0" hai0="1,44,62,130,16,21,61,129,0,11,26,133,34" hai1="96,76,52,66,9,50,107,60,126,19,87,115,8" hai2="116,103,13,78,85,23,33,117,56,17,45,4,64" hai3="48,70,3,104,35,41,27,6,91,46,86,112,49"/><T114/><D114/><U90/><E126/><V79/><F33/><W128/><G104/><T14/><D133/><U120/><E120/><V40/><F103/><W54/><G70/><T92/><D44/><U75/><E75/><V113/><F113/><W55/><G128/><N who="0" m="49259" /><D92/><U47/><E115/><V110/><F110/><W65/><G112/><T83/><D83/><U99/><E76/><V20/><F4/><W84/><G65/><T37/><D37/><U123/><E123/><V12/><F64/><W119/><G119/><N who="2" m="45641" /><F56/><W57/><G3/><N who="0" m="1099" /><D34/><U58/><E107/><V31/><F85/><W131/><G131/><T5/><AGARI ba="2,0" hai="5,11,14,16,21,26,61,62" m="1099,49259" machi="5" ten="30,11700,0" yaku="19,1,52,2,54,1" doraHai="59" who="0" fromWho="0" sc="386,123,130,-41,260,-41,224,-41" /><INIT seed="4,3,0,3,0,42" ten="509,89,219,183" oya="0" hai0="95,99,12,104,121,13,4,26,98,23,36,45,32" hai1="83,118,124,89,62,114,40,17,20,15,72,1,51" hai2="39,93,18,84,129,14,31,47,60,35,25,101,81" hai3="97,67,43,127,74,41,63,19,70,27,68,38,126"/><T108/><D121/><U7/><E118/><V65/><F129/><W112/><G74/><T90/><D108/><U103/><E124/><N who="3" m="47658" /><G112/><T6/><D32/><U54/><E114/><V105/><F105/><W75/><G75/><T71/><D71/><U111/><E111/><V86/><F81/><W128/><G128/><T134/><D134/><U92/><E103/><V133/><F133/><W80/><G80/><T122/><D122/><U28/><E40/><N who="3" m="15434" /><G97/><T2/><D2/><U61/><E28/><V33/><F47/><W30/><G19/><T53/><D36/><U73/><E73/><V120/><F35/><N who="3" m="20959" /><G70/><T29/><D99/><U100/><E100/><V22/><F39/><AGARI ba="3,0" hai="38,39,63,67,68" m="20959,15434,47658" machi="39" ten="30,1000,0" yaku="18,1" doraHai="42" who="3" fromWho="2" sc="509,0,89,0,219,-19,183,19" /><INIT seed="5,0,0,0,4,54" ten="509,89,200,202" oya="1" hai0="102,20,79,77,113,91,46,83,52,94,125,9,119" hai1="107,129,14,22,100,135,41,123,1,56,69,45,4" hai2="35,85,57,63,53,19,60,61,34,3,74,67,121" hai3="16,58,103,112,118,106,134,96,76,115,55,98,15"/><U87/><E123/><V64/><F121/><W24/><G134/><T50/><D113/><U75/><E75/><V116/><F116/><W133/><G133/><T31/><D125/><U97/><E135/><V109/><F109/><W93/><G76/><T82/><D119/><U78/><E69/><V25/><F74/><W72/><G72/><T128/><D128/><U38/><E129/><V111/><F3/><W90/><G118/><T23/><D9/><U65/><E1/><V130/><F111/><W88/><G90/><T40/><D102/><U120/><E120/><V110/><F110/><W10/><REACH who="3" step="1"/><G24/><REACH who="3" ten="509,89,200,192" step="2"/><T131/><D79/><U122/><E122/><V2/><F130/><W28/><G28/><T105/><D91/><U99/><E99/><V95/><F2/><W104/><G104/><T49/><D77/><U44/><E78/><V39/><F39/><W42/><G42/><T0/><D40/><U70/><E87/><V114/><F114/><W29/><G29/><T5/><D31/><U84/><E84/><V66/><F85/><W48/><AGARI ba="0,1" hai="10,15,16,48,55,58,88,93,96,98,103,106,112,115" machi="48" ten="30,8000,1" yaku="1,1,0,1,52,1,54,2,53,0" doraHai="54" doraHaiUra="17" who="3" fromWho="3" sc="509,-20,89,-40,200,-20,192,90" /><INIT seed="6,0,0,3,3,31" ten="489,49,180,282" oya="2" hai0="23,96,36,112,68,129,14,49,1,105,51,116,40" hai1="38,76,99,81,35,124,55,42,66,22,120,122,21" hai2="15,107,85,92,4,70,54,67,33,135,114,18,3" hai3="130,39,75,101,72,11,61,97,52,20,45,84,90"/><V86/><F107/><W13/><G130/><T115/><D1/><U7/><E124/><V8/><F114/><W24/><G39/><T133/><D68/><U118/><E118/><V46/><F135/><W119/><G119/><T27/><D116/><U25/><E7/><V65/><F33/><W0/><G0/><T30/><D133/><U109/><E109/><V29/><F29/><W134/><G134/><T12/><D129/><U80/><E66/><V83/><F70/><W62/><G62/><T127/><D36/><U126/><E126/><V110/><F110/><W50/><G61/><T98/><D127/><U43/><E99/><V88/><F3/><W10/><G10/><T57/><D51/><U48/><E38/><V63/><F4/><W93/><G20/><T37/><D37/><U125/><E125/><V95/><F95/><W60/><G24/><T128/><D27/><U44/><E35/><V59/><REACH who="2" step="1"/><F46/><REACH who="2" ten="489,49,170,282" step="2"/><W47/><G47/><T87/><D105/><U74/><E81/><V79/><AGARI ba="0,1" hai="8,15,18,54,59,63,65,67,79,83,85,86,88,92" machi="79" ten="20,18000,2" yaku="1,1,2,1,0,1,7,1,8,1,54,1,53,0" doraHai="31" doraHaiUra="32" who="2" fromWho="2" sc="489,-60,49,-60,170,190,282,-60" owari="429,53.0,-11,-51.0,360,16.0,222,-18.0" /></mjloggm>