<mjloggm ver="2.3"><GO type="233" lobby="0"/><UN n0="%E3%82%A6%E3%83%AB%E3%83%88%E3%83%A9%E7%AB%8B%E7%9B%B4" n1="%E5%B0%8F%E9%98%AA%E3%81%A1%E3%81%B2%E3%82%8D" n2="%EF%BC%92%EF%BC%97%EF%BC%93%EF%BC%97" n3="%E3%81%97%E3%82%85%E3%81%B0%E3%82%8B%E3%81%A4" dan="18,17,16,16" rate="2164.89,2185.99,2054.14,2117.00" sx="M,F,F,M"/><TAIKYOKU oya="0"/><INIT seed="0,0,0,3,4,14" ten="250,250,250,250" oya="0" hai0="83,75,78,98,49,108,79,96,74,38,65,101,19" hai1="114,72,54,130,52,90,85,77,76,99,109,51,84" hai2="16,25,128,59,32,23,115,119,57,118,46,125,30" hai3="116,17,39,15,88,89,20,0,40,67,10,95,134"/><T47/><D108/><U22/><E109/><V132/><F115/><W33/><G116/><N who="2" m="44585" /><F132/><W7/><G134/><T69/><D38/><U63/><E114/><V5/><F125/><W127/><G127/><T86/><D69/><U56/><E72/><V73/><F128/><W93/><G67/><T29/><D65/><U45/><E130/><V94/><F73/><W55/><G55/><T71/><D29/><U6/><E6/><V12/><F5/><W42/><G33/><T8/><D71/><U53/><E53/><V34/><F34/><W107/><G107/><T110/><D110/><U62/><E62/><V97/><F46/><W105/><G105/><T64/><D64/><U60/><E60/><V3/><F3/><W66/><G66/><T103/><D75/><U21/><E99/><N who="0" m="37929" /><D78/><N who="1" m="30315" /><E84/><V135/><F135/><W113/><G113/><T68/><D68/><U44/><E44/><V35/><F35/><W18/><G0/><T1/><D1/><U121/><E121/><V104/><F104/><W27/><G39/><T31/><D74/><U111/><E111/><V126/><F126/><W87/><G7/><T26/><D31/><U2/><E2/><V91/><AGARI ba="0,0" hai="12,16,23,25,30,32,57,59,91,94,97" m="44585" machi="91" ten="30,4000,0" yaku="12,1,52,1,54,1" doraHai="14" who="2" fromWho="2" sc="250,-20,250,-10,250,40,250,-10" /><INIT seed="1,0,0,3,1,26" ten="230,240,290,240" oya="1" hai0="116,19,100,121,117,2,29,107,21,90,27,9,131" hai1="54,36,97,103,129,96,120,59,48,30,10,42,80" hai2="92,86,130,61,78,70,3,93,88,126,47,95,39" hai3="81,119,22,38,35,1,60,12,53,72,11,104,123"/><U77/><E120/><V41/><F3/><W132/><G35/><T67/><D121/><U55/><E129/><V56/><F70/><W71/><G123/><T69/><D131/><U52/><E96/><V43/><F130/><W110/><G38/><T118/><D100/><U99/><E99/><V7/><F7/><W98/><G110/><T45/><D107/><U65/><E36/><V34/><F34/><W17/><G132/><T46/><D90/><U128/><E128/><V20/><F126/><W16/><G119/><T15/><REACH who="0" step="1"/><D2/><REACH who="0" ten="220,240,290,240" step="2"/><U58/><E103/><V108/><F108/><W28/><G1/><T74/><D74/><U49/><E77/><V14/><F88/><W124/><G72/><T101/><D101/><U24/><E97/><V13/><F78/><W6/><G98/><T87/><D87/><U113/><E113/><V73/><F86/><W51/><G104/><T83/><D83/><U8/><E80/><V18/><F73/><W4/><G81/><T0/><D0/><U64/><E42/><V135/><F41/><W68/><G124/><T106/><D106/><U82/><E82/><V33/><F135/><W63/><G68/><T40/><D40/><U115/><E115/><V31/><F93/><W111/><G111/><T125/><D125/><U50/><E50/><V62/><F92/><W25/><G71/><T44/><D44/><U66/><REACH who="1" step="1"/><E55/><REACH who="1" ten="220,230,290,240" step="2"/><N who="2" m="33951" /><F43/><W102/><G102/><T85/><D85/><U84/><E84/><V112/><F39/><W37/><G37/><T23/><D23/><AGARI ba="0,2" hai="8,10,23,24,30,48,49,52,54,58,59,64,65,66" machi="23" ten="40,12000,1" yaku="1,1,9,1,8,1,52,1,54,1,53,0" doraHai="26" doraHaiUra="133" who="1" fromWho="0" sc="220,-120,230,140,290,0,240,0" /><INIT seed="1,1,0,5,2,42" ten="100,370,290,240" oya="1" hai0="33,24,86,115,105,58,61,46,17,94,23,67,8" hai1="70,130,10,48,38,32,49,5,117,65,52,126,51" hai2="104,83,2,40,82,3,108,80,37,56,78,41,95" hai3="122,92,129,9,11,28,43,55,6,74,76,7,133"/><U124/><E32/><V132/><F104/><W12/><G122/><T128/><D105/><U101/><E101/><V57/><F37/><W131/><G133/><T88/><D115/><U63/><E117/><V116/><F116/><W60/><G28/><T64/><D128/><N who="3" m="49225" /><G43/><N who="2" m="16457" /><F3/><W18/><G74/><T87/><D33/><U44/><E38/><V14/><F2/><W107/><G107/><T100/><D100/><U112/><E130/><V99/><F78/><W30/><G30/><T45/><D67/><U119/><E119/><V73/><F73/><W110/><G76/><T97/><D8/><U27/><E27/><V15/><F108/><W39/><G39/><T69/><D69/><U53/><E112/><V127/><F127/><N who="1" m="48681" /><E53/><V72/><F72/><W26/><G110/><T113/><D113/><U118/><E118/><V31/><F31/><W102/><G26/><T54/><REACH who="0" step="1"/><D64/><REACH who="0" ten="90,370,290,240" step="2"/><U20/><E20/><V98/><F132/><W84/><G11/><T35/><D35/><U29/><E65/><V135/><F135/><W16/><G102/><T22/><D22/><U62/><E70/><V0/><F0/><W47/><G9/><T91/><D91/><U21/><E21/><V19/><F14/><W96/><G12/><T34/><D34/><U123/><E10/><V134/><F134/><W109/><G109/><T111/><D111/><U120/><E120/><V77/><F15/><W79/><G7/><T75/><D75/><U81/><E5/><V106/><F106/><W59/><G6/><T93/><D93/><U36/><E123/><V121/><F121/><W89/><G92/><RYUUKYOKU ba="1,1" sc="90,30,370,-10,290,-10,240,-10" hai0="17,23,24,45,46,54,58,61,86,87,88,94,97" /><INIT seed="2,2,1,1,3,39" ten="120,360,280,230" oya="2" hai0="54,95,16,82,27,46,125,29,53,0,132,40,30" hai1="37,116,10,87,91,120,65,123,108,88,51,25,45" hai2="59,127,1,80,119,48,94,106,128,60,49,75,22" hai3="81,35,24,38,130,79,66,28,122,4,12,84,110"/><V86/><F119/><W71/><G122/><N who="1" m="46634" /><E116/><V57/><F106/><W6/><G110/><T100/><D0/><U55/><E37/><V21/><F127/><W69/><G130/><T78/><D125/><U104/><E104/><V85/><F128/><W32/><G32/><T74/><D132/><U19/><E65/><V11/><F75/><W9/><G38/><T131/><D131/><U44/><E108/><V99/><F11/><W2/><G6/><T76/><D76/><U42/><E87/><N who="2" m="33291" /><F1/><W67/><G67/><T26/><D95/><U118/><E118/><V20/><F80/><W96/><G66/><T93/><D93/><U36/><E25/><V68/><F68/><W92/><REACH who="3" step="1"/><G2/><REACH who="3" ten="120,360,280,220" step="2"/><T33/><D100/><AGARI ba="2,2" hai="4,9,12,24,28,35,69,71,79,81,84,92,96,100" machi="100" ten="30,3900,0" yaku="1,1,2,1,7,1,53,0" doraHai="39" doraHaiUra="135" who="3" fromWho="0" sc="120,-45,360,0,280,0,220,65" /><INIT seed="3,0,0,1,4,131" ten="75,360,280,285" oya="3" hai0="20,110,66,31,132,120,42,133,129,94,10,64,19" hai1="87,135,91,119,102,98,13,35,14,26,24,50,54" hai2="59,127,106,95,68,65,113,78,16,121,126,74,55" hai3="72,22,12,11,122,37,49,2,7,73,6,75,46"/><W33/><G122/><T1/><D120/><U108/><E108/><V69/><F121/><W82/><G33/><T38/><D110/><U109/><E109/><V116/><F106/><W52/><G37/><T36/><D129/><U15/><E119/><V128/><F116/><W86/><G22/><T32/><D94/><N who="1" m="58711" /><E135/><N who="0" m="51785" /><D42/><U40/><E35/><V115/><F95/><W134/><G134/><T3/><D32/><U8/><E8/><V27/><F78/><W9/><REACH who="3" step="1"/><G72/><REACH who="3" ten="75,360,280,275" step="2"/><T103/><D31/><U85/><E40/><V0/><F74/><W100/><G100/><T104/><D103/><U4/><E4/><V34/><F128/><W56/><G56/><T41/><D104/><U29/><E29/><V18/><F113/><W117/><G117/><T92/><D92/><N who="1" m="54383" /><E87/><V21/><F115/><W88/><AGARI ba="0,1" hai="2,6,7,9,11,12,46,49,52,73,75,82,86,88" machi="88" ten="20,18000,2" yaku="1,1,0,1,7,1,54,2,53,2" doraHai="131" doraHaiUra="107" who="3" fromWho="3" sc="75,-60,360,-60,280,-60,275,190" /><INIT seed="3,1,0,2,5,7" ten="15,300,220,465" oya="3" hai0="14,128,11,78,77,110,29,18,96,69,44,89,17" hai1="57,35,51,47,133,5,68,54,60,76,127,65,45" hai2="73,113,50,99,64,31,30,97,106,108,53,16,75" hai3="26,2,74,109,72,116,23,9,105,90,114,132,121"/><W48/><G105/><T112/><D69/><U28/><E5/><V15/><F113/><W79/><G114/><T134/><D112/><U125/><E28/><V41/><F108/><W46/><G116/><T6/><D110/><U111/><E35/><V88/><F73/><W117/><G121/><T0/><D128/><U129/><E76/><V120/><F75/><W32/><G32/><T66/><D134/><U52/><E111/><V56/><F106/><W123/><G132/><T83/><D66/><U34/><E34/><V36/><F120/><W55/><G74/><T63/><D63/><N who="1" m="39999" /><E133/><V70/><F97/><W119/><G2/><T86/><D29/><U27/><E27/><V33/><F33/><W95/><G72/><T3/><D3/><U67/><E129/><V37/><F37/><W21/><G123/><T62/><D62/><U39/><E39/><V124/><F36/><W19/><G117/><T126/><D126/><N who="1" m="48139" /><E54/><V87/><F124/><W101/><G119/><T85/><D0/><U100/><E100/><V38/><F38/><W61/><G109/><T42/><D96/><U130/><E130/><V131/><F99/><W8/><G79/><T20/><D20/><U12/><E12/><V84/><F84/><N who="3" m="52679" /><G101/><T118/><D118/><U82/><E82/><N who="2" m="49271" /><F131/><W135/><G135/><T59/><D78/><U13/><E13/><V93/><F93/><W25/><G61/><T43/><D43/><U98/><E98/><V91/><F91/><W103/><G103/><T1/><D1/><U58/><AGARI ba="1,0" hai="45,47,51,52,57,58,60,67" m="48139,39999" machi="58" ten="30,7900,0" yaku="18,1,34,2,54,1" doraHai="7" who="1" fromWho="1" sc="15,-21,300,82,220,-21,465,-40" owari="-6,-51.0,382,18.0,199,-20.0,425,53.0" /></mjloggm>