<mjloggm ver="2.3"><GO type="169" lobby="0"/><UN n0="%E3%81%A8%E3%82%82%E3%81%8D%E3%82%85%E3%82%93%E2%99%AA" n1="%E5%BC%81%E5%A4%A9" n2="%E5%B0%B1%E6%B4%BB%E7%94%9F%40%E5%B7%9D%E6%9D%91%E8%BB%8D%E5%9B%A3" n3="%E6%9A%97%E3%81%84%E7%AC%A6" dan="16,16,17,17" rate="2069.86,2050.46,2197.94,2163.71" sx="F,M,M,M"/><TAIKYOKU oya="0"/><INIT seed="0,0,0,1,0,95" ten="250,250,250,250" oya="0" hai0="71,109,134,29,93,105,35,27,38,125,106,132,12" hai1="115,114,92,54,58,34,89,56,14,59,118,85,131" hai2="102,101,128,91,23,9,4,73,94,90,11,15,5" hai3="82,28,25,47,61,1,57,63,3,130,16,88,117"/><T127/><D71/><U107/><E107/><N who="0" m="40969" /><D38/><U20/><E34/><V52/><F73/><W103/><G103/><T7/><D93/><U83/><E118/><V74/><F74/><W18/><G117/><T30/><D30/><U49/><E131/><V6/><F128/><W32/><G130/><T129/><D129/><U111/><E111/><V135/><F135/><N who="0" m="51754" /><D109/><U120/><E120/><V108/><F108/><W2/><G47/><T116/><D116/><U19/><REACH who="1" step="1"/><E83/><REACH who="1" ten="250,240,250,250" step="2"/><V69/><F69/><W51/><G51/><T55/><D55/><U45/><AGARI ba="0,1" hai="14,19,20,45,49,54,56,58,59,85,89,92,114,115" machi="45" ten="30,7900,0" yaku="1,1,2,1,0,1,53,1" doraHai="95" doraHaiUra="46" who="1" fromWho="1" sc="250,-39,240,89,250,-20,250,-20" /><INIT seed="1,0,0,0,0,132" ten="211,329,230,230" oya="1" hai0="120,86,99,115,114,52,5,9,69,31,38,17,3" hai1="19,88,68,133,54,105,2,131,119,36,83,37,45" hai2="35,98,61,111,135,15,96,103,92,28,1,39,124" hai3="117,85,110,90,100,4,84,67,104,106,14,77,53"/><U24/><E119/><V116/><F1/><W79/><G67/><T33/><D69/><U125/><E105/><V109/><F135/><W66/><G66/><T130/><D38/><U74/><E68/><V126/><F116/><W42/><G42/><T75/><D75/><U123/><E133/><V128/><F39/><W29/><G29/><T89/><D120/><U80/><E123/><V102/><F128/><W121/><G121/><T64/><D64/><U46/><E2/><V0/><F0/><W43/><G43/><T118/><D130/><U10/><E131/><V81/><F81/><W87/><G53/><T25/><D118/><U112/><E112/><V12/><F61/><W49/><G49/><T7/><D7/><U65/><E65/><V91/><F28/><W59/><G59/><T108/><D99/><U30/><E125/><N who="2" m="48235" /><F35/><W60/><G117/><T32/><D32/><U113/><E113/><V82/><F82/><W129/><G129/><T26/><D108/><N who="2" m="41546" /><F91/><W16/><G90/><T107/><D89/><U50/><E83/><V63/><F63/><W44/><G60/><T56/><D114/><U47/><E36/><V22/><F22/><W58/><G110/><T62/><D115/><U97/><E37/><V55/><F55/><W122/><G122/><T76/><D33/><U18/><E74/><V20/><F20/><W48/><G79/><T13/><D31/><U73/><E73/><V51/><F51/><W101/><G48/><T21/><D21/><N who="1" m="15631" /><E80/><V95/><AGARI ba="0,0" hai="12,15,92,95,96,98,102,103" m="41546,48235" machi="95" ten="30,8000,1" yaku="18,1,14,1,52,3" doraHai="132" who="2" fromWho="2" sc="211,-20,329,-40,230,80,230,-20" /><INIT seed="2,0,0,3,1,119" ten="191,289,310,210" oya="2" hai0="57,98,4,101,46,42,14,18,36,74,25,55,100" hai1="64,53,90,0,120,65,67,28,34,97,15,17,117" hai2="24,121,32,68,133,47,84,16,129,80,122,96,88" hai3="132,126,30,103,49,85,125,112,110,86,27,40,56"/><V52/><F68/><W93/><G40/><T94/><D74/><U50/><E117/><V13/><F129/><W72/><G72/><T79/><D79/><U83/><E0/><V19/><F133/><W75/><G75/><T104/><D4/><U92/><E34/><V95/><F32/><W54/><G132/><T69/><D69/><U5/><E28/><V63/><F24/><W118/><G118/><T82/><D82/><U113/><E113/><V99/><F99/><N who="3" m="59887" /><G110/><T11/><D25/><U78/><E5/><V77/><F19/><W48/><G49/><T124/><D124/><N who="3" m="47721" /><G112/><T29/><D29/><U91/><E91/><V66/><F66/><W114/><G114/><T22/><D11/><U3/><E3/><V20/><REACH who="2" step="1"/><F47/><REACH who="2" ten="191,289,300,210" step="2"/><W43/><G27/><T73/><D46/><U87/><E67/><V111/><F111/><W33/><G33/><T71/><D71/><U2/><E64/><V105/><F105/><W31/><G31/><T106/><D106/><U107/><E65/><V51/><F51/><N who="3" m="30815" /><G30/><T128/><D128/><U123/><E107/><V109/><F109/><W131/><G131/><T7/><D104/><U58/><REACH who="1" step="1"/><E2/><REACH who="1" ten="191,279,300,210" step="2"/><V44/><F44/><AGARI ba="0,2" hai="43,44,48,85,86" m="30815,47721,59887" machi="44" ten="30,1000,0" yaku="18,1" doraHai="119" who="3" fromWho="2" sc="191,0,279,0,300,-10,210,30" /><INIT seed="3,0,0,5,1,112" ten="191,279,290,240" oya="3" hai0="41,11,93,52,106,113,3,94,90,88,59,34,135" hai1="79,111,128,44,108,51,74,58,13,115,127,101,5" hai2="103,24,47,23,2,54,9,83,66,118,125,70,4" hai3="32,17,109,63,25,119,60,133,12,123,0,130,124"/><W29/><G123/><T104/><D113/><U82/><E115/><V46/><F125/><W37/><G37/><T102/><D34/><U6/><E127/><V20/><F103/><W69/><G124/><T72/><D72/><U53/><E128/><V65/><F20/><W43/><G43/><T80/><D80/><U18/><E101/><V129/><F129/><W7/><G130/><T8/><D41/><U42/><E18/><V49/><F118/><W114/><G114/><T78/><D78/><U40/><E40/><V85/><F47/><W131/><G131/><T117/><D102/><U19/><E19/><V92/><F92/><W10/><G63/><T87/><D135/><U73/><E73/><V64/><F70/><W57/><G69/><T61/><D117/><U68/><E68/><V71/><F71/><W30/><G30/><T67/><D67/><U62/><REACH who="1" step="1"/><E13/><REACH who="1" ten="191,269,290,240" step="2"/><V84/><REACH who="2" step="1"/><F83/><REACH who="2" ten="191,269,280,240" step="2"/><W122/><G119/><T105/><REACH who="0" step="1"/><D3/><REACH who="0" ten="181,269,280,240" step="2"/><U1/><E1/><V33/><F33/><N who="3" m="20655" /><G0/><T96/><AGARI ba="0,3" hai="8,11,52,59,61,87,88,90,93,94,96,104,105,106" machi="96" ten="30,7900,0" yaku="1,1,0,1,54,2,53,0" doraHai="112" doraHaiUra="116" who="0" fromWho="0" sc="181,109,269,-20,280,-20,240,-39" /><INIT seed="4,0,0,3,1,46" ten="290,249,260,201" oya="0" hai0="115,56,9,127,17,39,14,132,34,78,108,133,3" hai1="25,30,29,50,126,103,91,74,42,0,47,51,16" hai2="98,124,66,65,90,36,40,134,87,76,22,62,79" hai3="75,111,93,71,2,35,97,114,5,129,7,116,121"/><T12/><D39/><U27/><E74/><V1/><F1/><W112/><RYUUKYOKU type="yao9" ba="0,0" sc="290,0,249,0,260,0,201,0" hai3="2,5,7,35,71,75,93,97,111,112,114,116,121,129" /><INIT seed="4,1,0,0,5,58" ten="290,249,260,201" oya="0" hai0="71,24,82,8,94,18,13,60,118,108,80,30,36" hai1="115,63,134,88,121,53,69,109,39,124,52,67,119" hai2="16,93,75,85,49,131,107,46,54,3,91,92,5" hai3="120,86,73,33,102,106,129,56,19,17,21,9,0"/><T130/><D118/><U132/><E119/><V4/><F107/><W41/><G73/><T28/><D108/><U55/><E121/><V84/><F131/><W11/><G41/><T23/><D130/><U135/><E109/><V113/><F75/><W83/><G102/><T32/><D36/><U96/><E39/><V90/><F113/><W112/><G106/><T22/><D32/><U26/><E115/><V12/><REACH who="2" step="1"/><F3/><REACH who="2" ten="290,249,250,201" step="2"/><W15/><G112/><T50/><D94/><N who="1" m="56391" /><E26/><V31/><F31/><W87/><G0/><T125/><D30/><U25/><E25/><V70/><F70/><W133/><G129/><T7/><D71/><U44/><E124/><V45/><F45/><AGARI ba="1,1" hai="44,45,52,53,55,63,67,69,132,134,135" m="56391" machi="45" ten="40,8000,1" yaku="20,1,52,1,54,2" doraHai="58" who="1" fromWho="2" sc="290,0,249,93,250,-83,201,0" /><INIT seed="5,0,0,1,3,84" ten="290,342,167,201" oya="1" hai0="111,83,17,71,3,40,101,38,55,56,119,0,11" hai1="89,18,61,120,62,36,9,108,99,69,60,48,54" hai2="106,133,43,33,77,19,76,46,116,72,35,20,118" hai3="21,29,7,44,79,112,80,131,59,52,110,128,64"/><U63/><E120/><V53/><F106/><W51/><G110/><T16/><D111/><U132/><E108/><V117/><F133/><W75/><G7/><T81/><D71/><U105/><E36/><V92/><F53/><W28/><G112/><T123/><D123/><U98/><E132/><V25/><F92/><W90/><G21/><T129/><D119/><U65/><E105/><V42/><F72/><W57/><G57/><T1/><D129/><N who="3" m="49737" /><G90/><T39/><D101/><U4/><E18/><V14/><F43/><N who="3" m="24991" /><G64/><T45/><D38/><U86/><E69/><V97/><F97/><W73/><G73/><T121/><D121/><U30/><E65/><V115/><F115/><W34/><G34/><T114/><D114/><U70/><E70/><V50/><REACH who="2" step="1"/><F14/><REACH who="2" ten="290,342,157,201" step="2"/><W126/><G126/><T26/><D0/><U82/><E99/><V91/><F91/><W78/><G78/><AGARI ba="0,1" hai="19,20,25,33,35,42,46,50,76,77,78,116,117,118" machi="78" ten="40,1300,0" yaku="1,1,53,0" doraHai="84" doraHaiUra="27" who="2" fromWho="3" sc="290,0,342,0,157,23,201,-13" /><INIT seed="6,0,0,1,3,10" ten="290,342,180,188" oya="2" hai0="107,97,44,109,134,29,98,55,133,105,56,124,18" hai1="48,94,99,45,4,28,79,25,60,108,24,49,50" hai2="23,63,81,32,121,75,110,47,104,69,61,120,0" hai3="100,77,62,118,41,71,70,73,114,74,58,36,115"/><V53/><F32/><W5/><G100/><T15/><D109/><U102/><E108/><V20/><F104/><W38/><G77/><T52/><D29/><U92/><E79/><V68/><F0/><W51/><G5/><T42/><D124/><U19/><E4/><V34/><F110/><W95/><G95/><T111/><D111/><U78/><E78/><V117/><F34/><W67/><G74/><T26/><D26/><U30/><E60/><V128/><F117/><W72/><G72/><T46/><D56/><U35/><E19/><V76/><F128/><W103/><G103/><T90/><D18/><U66/><E66/><V96/><F96/><W21/><G21/><T40/><D90/><U6/><E6/><V9/><F9/><W83/><G83/><T64/><D64/><U54/><REACH who="1" step="1"/><E94/><REACH who="1" ten="290,332,180,188" step="2"/><V14/><F63/><W84/><G118/><T86/><D86/><U43/><E43/><V112/><F112/><N who="3" m="43051" /><G84/><T131/><D131/><U119/><E119/><V33/><F69/><N who="3" m="26123" /><G73/><T116/><D116/><U85/><E85/><V93/><F68/><W125/><G125/><T17/><D17/><U89/><E89/><V3/><F93/><W82/><G82/><T65/><D65/><U87/><E87/><V80/><F80/><W2/><G2/><T122/><D122/><N who="2" m="47210" /><F3/><W88/><G88/><T22/><D105/><U13/><E13/><V101/><F14/><W106/><G106/><T8/><D107/><U113/><E113/><V37/><F101/><W11/><G62/><T27/><D15/><U135/><E135/><V123/><N who="2" m="47218" /><V127/><DORA hai="31" /><F61/><RYUUKYOKU ba="0,1" sc="290,-10,332,30,180,-10,188,-10" hai1="24,25,28,30,35,45,48,49,50,54,92,99,102" /><INIT seed="7,1,1,2,5,73" ten="280,362,170,178" oya="3" hai0="5,30,13,28,23,127,123,98,64,119,68,38,106" hai1="56,47,70,79,40,52,105,85,2,29,4,7,95" hai2="76,0,22,31,67,84,18,51,97,108,25,50,99" hai3="39,9,118,114,75,124,96,129,65,133,110,19,12"/><W87/><G39/><T43/><D23/><U8/><E105/><V63/><F0/><W94/><G75/><T82/><D13/><U32/><E70/><V86/><F108/><W89/><G118/><T117/><D82/><U77/><E7/><V44/><F31/><W27/><G110/><T60/><D28/><U41/><E41/><N who="2" m="24847" /><F51/><W21/><G114/><T57/><D30/><U104/><E104/><V55/><F67/><W17/><G124/><T16/><D98/><N who="2" m="37386" /><F76/><W26/><G65/><T80/><D64/><U15/><E8/><V71/><F71/><W111/><G111/><T107/><D68/><U130/><E85/><V91/><F91/><N who="3" m="55391" /><G129/><T36/><D36/><U72/><E15/><V113/><F113/><W100/><G133/><T78/><D38/><U126/><E4/><V35/><F35/><W66/><G66/><T37/><D37/><U10/><E10/><V33/><F33/><W62/><G62/><T1/><D60/><U102/><E72/><V58/><AGARI ba="1,1" hai="18,22,25,55,58,63,84,86" m="37386,24847" machi="58" ten="30,1100,0" yaku="8,1" doraHai="73" who="2" fromWho="2" sc="280,-4,362,-4,170,24,178,-6" owari="276,8.0,358,46.0,194,-21.0,172,-33.0" /></mjloggm>