<mjloggm ver="2.3"><GO type="169" lobby="0"/><UN n0="%E3%82%A6%E3%83%AB%E3%83%88%E3%83%A9%E7%AB%8B%E7%9B%B4" n1="%45%74%65%72%6E%61%6C%44" n2="%68%65%74" n3="%E8%BC%9D" dan="18,16,16,16" rate="2167.40,2055.50,2150.90,2125.97" sx="M,M,M,M"/><TAIKYOKU oya="0"/><INIT seed="0,0,0,3,3,49" ten="250,250,250,250" oya="0" hai0="6,57,66,30,28,70,115,91,92,111,51,134,35" hai1="52,37,47,88,20,73,124,39,113,132,71,126,128" hai2="10,4,21,3,109,45,123,55,64,17,89,18,36" hai3="125,102,34,11,103,60,135,43,116,69,25,130,62"/><T74/><D115/><U68/><E113/><V63/><F123/><W27/><G116/><T100/><D70/><U87/><E73/><V117/><F109/><W90/><G43/><T19/><D74/><U14/><E132/><V16/><F117/><W97/><G11/><T94/><D35/><U24/><E14/><V119/><F119/><W112/><G112/><T95/><D134/><U54/><E128/><V67/><F89/><W104/><G135/><T99/><D6/><U118/><E118/><V26/><F67/><W107/><G90/><T33/><D33/><U32/><E32/><V108/><F108/><W82/><G82/><T122/><D122/><U85/><E85/><V105/><F105/><W31/><G125/><N who="1" m="48234" /><E39/><V44/><F36/><W84/><G84/><T76/><D76/><U121/><E121/><V8/><F8/><W110/><G110/><T23/><D111/><U86/><E86/><V83/><F83/><W48/><G130/><T1/><D1/><U9/><E9/><V53/><F45/><W120/><G120/><T65/><D65/><U40/><E68/><V56/><REACH who="2" step="1"/><F44/><REACH who="2" ten="250,250,240,250" step="2"/><W96/><G69/><T131/><D131/><U81/><E71/><V13/><F13/><W22/><REACH who="3" step="1"/><G48/><REACH who="3" ten="250,250,240,240" step="2"/><T106/><D91/><U0/><E0/><V46/><F46/><W50/><G50/><T79/><D79/><U15/><E15/><V93/><F93/><W127/><G127/><T12/><D51/><U114/><E114/><V61/><F61/><W101/><G101/><T41/><D41/><U72/><E72/><V59/><F59/><W58/><G58/><RYUUKYOKU ba="0,2" sc="250,0,250,0,240,0,240,0" hai0="12,19,23,28,30,57,66,92,94,95,99,100,106" hai1="20,24,37,40,47,52,54,81,87,88" hai2="3,4,10,16,17,18,21,26,53,55,56,63,64" hai3="22,25,27,31,34,60,62,96,97,102,103,104,107" /><INIT seed="0,1,2,0,3,4" ten="250,250,240,240" oya="0" hai0="44,32,16,6,77,70,88,7,50,56,126,116,67" hai1="14,19,111,9,85,102,90,46,87,45,18,10,58" hai2="118,109,101,37,21,26,27,64,38,74,25,112,43" hai3="42,17,31,33,59,117,41,108,40,129,83,104,47"/><T61/><D32/><U49/><E111/><V99/><F118/><W114/><G117/><T98/><D116/><U100/><E58/><V22/><F74/><W55/><G114/><T36/><D126/><U113/><E113/><V119/><F112/><W8/><G104/><T23/><D77/><U68/><E68/><V127/><F127/><W1/><G108/><T62/><D36/><U107/><E107/><V115/><F115/><W80/><G129/><T34/><D34/><U124/><E124/><V75/><F75/><W30/><G47/><T39/><D39/><U52/><E45/><V15/><F109/><W95/><G95/><N who="0" m="56679" /><D62/><U96/><E96/><V81/><F38/><W72/><G72/><T91/><D91/><U11/><E19/><V78/><F37/><W65/><G1/><T79/><D79/><U29/><E29/><N who="3" m="10762" /><G33/><T63/><D63/><U89/><E89/><V69/><F69/><W105/><G105/><T123/><D70/><U28/><E28/><V121/><F78/><W0/><G0/><T20/><D20/><N who="1" m="11351" /><E87/><V60/><F21/><W122/><G122/><T82/><D82/><AGARI ba="1,2" hai="9,10,11,46,49,52,82,85,90,100,102" m="11351" machi="82" ten="30,8000,1" yaku="8,1,52,3,54,1" doraHai="4" who="1" fromWho="0" sc="250,-83,250,103,240,0,240,0" /><INIT seed="1,0,0,4,2,129" ten="167,353,240,240" oya="1" hai0="69,79,57,119,93,53,62,117,128,134,9,110,50" hai1="91,107,58,73,125,80,14,95,45,60,68,116,130" hai2="66,82,103,38,32,19,39,97,121,41,111,86,126" hai3="43,24,63,3,84,5,122,55,85,132,8,49,87"/><U133/><E116/><N who="0" m="44617" /><D79/><U44/><E107/><V89/><F32/><W40/><G122/><T65/><D93/><U36/><E130/><V37/><F111/><W112/><G112/><T70/><D9/><U76/><E68/><N who="0" m="26217" /><D128/><U11/><E125/><V74/><F66/><W131/><G131/><T6/><D6/><U78/><E133/><V1/><F121/><W47/><G132/><T33/><D33/><U135/><E135/><V123/><F123/><W26/><REACH who="3" step="1"/><G63/><REACH who="3" ten="167,353,240,230" step="2"/><T81/><D134/><U7/><E78/><V48/><F126/><W17/><G17/><T2/><D2/><U108/><E108/><V35/><F1/><W77/><G77/><T98/><D110/><U101/><E36/><V72/><F19/><W75/><G75/><T104/><D62/><U109/><E109/><V54/><F74/><W113/><G113/><T18/><D18/><U51/><E60/><V29/><F72/><W106/><G106/><T42/><D104/><U102/><E73/><V27/><F39/><W10/><G10/><T13/><D50/><U124/><E51/><V25/><F38/><W46/><G46/><T30/><D30/><U23/><E45/><V96/><F29/><W92/><G92/><T31/><D31/><U59/><E44/><V4/><F37/><W20/><G20/><T34/><D34/><U94/><E23/><V99/><F35/><W52/><G52/><T67/><D53/><U12/><E124/><V105/><F54/><W15/><G15/><T21/><D13/><U114/><E14/><V88/><F105/><W120/><G120/><T115/><D115/><RYUUKYOKU ba="0,1" sc="167,-10,353,-10,240,-10,230,30" hai3="3,5,8,24,26,40,43,47,49,55,84,85,87" /><INIT seed="2,1,1,1,4,132" ten="157,343,230,260" oya="2" hai0="25,82,8,74,61,92,133,78,4,86,84,37,44" hai1="53,36,122,76,98,100,89,79,20,109,10,75,34" hai2="110,35,3,28,26,104,70,73,113,97,126,88,48" hai3="134,130,94,27,47,99,69,96,16,39,55,38,120"/><V11/><F73/><W59/><G120/><T7/><D133/><U18/><E34/><V63/><F113/><W31/><G134/><T32/><D61/><U95/><E122/><V6/><F110/><W67/><G69/><T30/><D4/><U112/><E109/><V19/><F48/><W85/><G130/><T116/><D92/><U128/><E10/><V52/><F19/><W33/><G67/><T64/><D64/><U13/><E128/><V49/><F70/><W40/><G38/><T107/><D107/><U51/><E36/><V119/><F63/><W123/><G123/><T5/><D5/><U14/><E14/><V66/><F66/><W46/><G46/><T42/><REACH who="0" step="1"/><D116/><REACH who="0" ten="147,343,230,260" step="2"/><U131/><E131/><V117/><F104/><W114/><G94/><T62/><D62/><U115/><E112/><V102/><F119/><W77/><G114/><T81/><D81/><U0/><E115/><V60/><F117/><W68/><G68/><T121/><D121/><U105/><E0/><AGARI ba="1,2" hai="0,7,8,25,30,32,37,42,44,74,78,82,84,86" machi="0" ten="30,7700,0" yaku="1,1,7,1,25,2,53,0" doraHai="132" doraHaiUra="127" who="0" fromWho="1" sc="147,100,343,-80,230,0,260,0" /><INIT seed="3,0,0,3,4,129" ten="247,263,230,260" oya="3" hai0="44,41,86,100,60,69,96,26,82,13,94,23,39" hai1="134,21,8,120,40,132,31,1,125,17,93,48,5" hai2="119,7,6,98,109,72,50,51,123,115,62,95,97" hai3="131,55,38,30,24,126,92,66,22,124,11,12,133"/><W28/><G131/><T42/><D13/><U64/><E120/><V61/><F72/><W80/><G66/><T19/><D42/><U81/><E125/><N who="3" m="48234" /><G38/><T67/><D86/><U77/><E64/><V4/><F115/><W63/><G80/><T90/><REACH who="0" step="1"/><D82/><REACH who="0" ten="237,263,230,260" step="2"/><U33/><E81/><V3/><F3/><W118/><G118/><T117/><D117/><U76/><E40/><V9/><F119/><W99/><G12/><T70/><D70/><U105/><E77/><V121/><F109/><W37/><G37/><T71/><D71/><U53/><E76/><V20/><F123/><W58/><G11/><T130/><D130/><U73/><E8/><V89/><F9/><W84/><G84/><T113/><D113/><U65/><E5/><V75/><F121/><W59/><G59/><T43/><D43/><U122/><E122/><V68/><F68/><W36/><G36/><T79/><D79/><U78/><E78/><V52/><F75/><W112/><G112/><T83/><D83/><U10/><E73/><V18/><F98/><W106/><G106/><T14/><D14/><U29/><E105/><V2/><F2/><W116/><G116/><T127/><D127/><U88/><E10/><V91/><F97/><W56/><G56/><T135/><D135/><U15/><E1/><V110/><F110/><W16/><G133/><T103/><AGARI ba="0,1" hai="19,23,26,39,41,44,60,67,69,90,94,96,100,103" machi="103" ten="30,2000,0" yaku="1,1,0,1,53,0" doraHai="129" doraHaiUra="107" who="0" fromWho="0" sc="237,30,263,-5,230,-5,260,-10" /><INIT seed="4,0,0,3,5,39" ten="267,258,225,250" oya="0" hai0="66,67,52,33,54,55,73,70,85,124,64,36,82" hai1="81,22,27,34,46,128,9,100,29,71,111,16,51" hai2="116,35,38,86,19,58,25,94,18,119,112,2,92" hai3="96,79,89,114,5,17,110,122,28,103,126,63,134"/><T101/><D33/><U74/><E128/><V133/><F2/><W50/><G110/><T8/><D124/><U31/><E111/><V53/><F38/><W48/><G126/><T56/><D70/><U59/><E71/><V105/><F105/><W98/><G114/><T30/><D73/><U84/><E74/><V91/><F112/><W109/><G109/><T131/><D131/><U77/><E100/><V108/><F108/><W99/><G134/><T23/><D36/><U12/><E59/><V26/><F133/><W102/><G122/><T6/><D101/><N who="3" m="38409" /><G79/><T40/><D40/><N who="1" m="25031" /><E34/><V37/><F37/><W113/><G113/><T43/><D43/><U120/><E120/><V3/><F3/><W0/><G0/><T87/><D56/><U1/><E1/><V135/><F94/><W83/><G5/><AGARI ba="0,0" hai="5,9,12,16,22,27,29,31,77,81,84" m="25031" machi="5" ten="30,7700,0" yaku="25,1,8,1,52,1,54,1" doraHai="39" who="1" fromWho="3" sc="267,0,258,77,225,0,250,-77" /><INIT seed="5,0,0,1,4,62" ten="267,335,225,173" oya="1" hai0="83,12,129,92,66,41,57,47,25,45,87,71,67" hai1="111,73,132,14,104,10,125,2,86,109,89,21,0" hai2="78,101,42,64,133,118,91,98,124,126,123,103,97" hai3="94,69,81,51,15,82,93,100,107,116,48,121,23"/><U135/><E73/><V72/><F64/><N who="0" m="24618" /><D71/><U27/><E104/><N who="2" m="63535" /><F42/><W119/><G121/><T65/><D129/><U88/><E125/><N who="2" m="48235" /><F123/><W76/><G69/><T40/><D92/><N who="3" m="35433" /><G76/><N who="0" m="46567" /><D25/><U53/><E53/><V134/><F118/><N who="3" m="45099" /><G107/><T54/><D12/><U17/><E86/><V13/><F13/><W90/><G100/><T24/><D24/><U106/><E106/><N who="2" m="63863" /><F91/><N who="1" m="34889" /><E2/><V52/><F52/><W122/><G122/><T30/><D30/><N who="1" m="17775" /><E0/><V105/><F105/><W79/><G90/><T22/><D65/><U99/><E99/><V37/><F37/><W34/><G34/><T58/><D40/><U60/><E60/><V74/><F74/><W49/><G79/><T95/><D41/><U44/><E44/><V77/><F77/><W113/><G113/><T56/><D54/><U75/><E75/><V8/><F8/><W1/><G1/><T3/><D3/><U96/><E96/><V6/><F6/><W31/><G15/><T112/><D112/><U33/><E33/><V36/><F36/><W110/><G110/><AGARI ba="0,0" hai="10,14,17,109,110,111,132,135" m="17775,34889" machi="110" ten="30,2900,0" yaku="10,1,54,1" doraHai="62" who="1" fromWho="3" sc="267,0,335,29,225,0,173,-29" /><INIT seed="5,1,0,0,0,48" ten="267,364,225,144" oya="1" hai0="96,107,111,115,41,114,52,7,61,80,89,28,70" hai1="127,36,44,133,57,116,123,82,92,16,2,95,63" hai2="98,83,14,37,69,129,94,12,22,86,39,72,5" hai3="55,75,38,21,112,56,66,3,24,106,26,135,60"/><U78/><E127/><V50/><F72/><W101/><G75/><T108/><D41/><U87/><E133/><V88/><F69/><W109/><G109/><T99/><D7/><U74/><E2/><V105/><F105/><W1/><G135/><T71/><D28/><U76/><E123/><V34/><F34/><W45/><G112/><T23/><D23/><U90/><E116/><V29/><F129/><W97/><G26/><T13/><D13/><U67/><E78/><V103/><F39/><W47/><G47/><T53/><D61/><U9/><E36/><V27/><F37/><W104/><G104/><T121/><D107/><U40/><E40/><V73/><F73/><W17/><REACH who="3" step="1"/><G66/><REACH who="3" ten="267,364,225,134" step="2"/><T15/><D111/><U77/><E44/><V120/><F120/><W130/><G130/><T113/><D108/><U20/><E74/><V132/><F132/><W125/><G125/><T42/><D121/><U8/><E77/><V33/><F5/><W100/><G100/><T134/><D134/><U51/><E76/><V10/><F33/><W35/><G35/><T122/><D122/><U93/><E51/><V119/><F119/><W54/><G54/><N who="0" m="21099" /><D42/><AGARI ba="1,1" hai="1,3,17,21,24,38,42,45,55,56,60,97,101,106" machi="42" ten="40,5200,0" yaku="1,1,52,1,53,1" doraHai="48" doraHaiUra="68" who="3" fromWho="0" sc="267,-55,364,0,225,0,134,65" /><INIT seed="6,0,0,5,2,79" ten="212,364,225,199" oya="2" hai0="68,115,18,6,101,95,15,127,83,109,70,35,121" hai1="123,60,52,56,28,32,27,73,90,29,20,75,66" hai2="81,99,117,36,64,58,78,44,93,21,94,12,57" hai3="128,23,135,112,80,11,49,102,134,113,65,110,59"/><V114/><F117/><W133/><G102/><T17/><D35/><U116/><E123/><V31/><F114/><N who="3" m="44139" /><G110/><T84/><D109/><U0/><E0/><V62/><F94/><W122/><G122/><T1/><D1/><U25/><E116/><V132/><F132/><W103/><G103/><T125/><D121/><U14/><E90/><V9/><F36/><W69/><G11/><N who="0" m="4599" /><D115/><U63/><E14/><V13/><F44/><W130/><G23/><T105/><D95/><U24/><E24/><N who="2" m="16783" /><F57/><AGARI ba="0,0" hai="20,25,27,28,29,32,52,56,57,60,63,66,73,75" machi="57" ten="30,2000,0" yaku="7,1,54,1" doraHai="79" who="1" fromWho="2" sc="212,0,364,20,225,-20,199,0" /><INIT seed="7,0,0,2,3,132" ten="212,384,205,199" oya="3" hai0="122,127,53,6,84,83,33,0,59,126,114,37,131" hai1="117,48,44,108,39,81,119,31,71,133,113,36,85" hai2="63,61,24,86,107,88,5,125,94,77,26,95,97" hai3="62,67,25,74,80,72,91,87,4,56,13,103,92"/><W11/><REACH who="3" step="1"/><G25/><REACH who="3" ten="212,384,205,189" step="2"/><T70/><D122/><U64/><E133/><V99/><F26/><W8/><G8/><T20/><D131/><U16/><E119/><V14/><F24/><W130/><G130/><T27/><D27/><U9/><E117/><V65/><F125/><W135/><G135/><T76/><D126/><U124/><E124/><V58/><F63/><W2/><G2/><T111/><D0/><U55/><E9/><N who="2" m="4399" /><F107/><W106/><G106/><T115/><D127/><U82/><E31/><V89/><F77/><W123/><G123/><T109/><D76/><U46/><E108/><V118/><F118/><W57/><G57/><T54/><D59/><U1/><E71/><V75/><F75/><W93/><G93/><T112/><D111/><U98/><E1/><V110/><F110/><W30/><G30/><T51/><D109/><U102/><E46/><V116/><F116/><W40/><G40/><T105/><D105/><U50/><E44/><V23/><F23/><W41/><G41/><T18/><D20/><U15/><E15/><V49/><F49/><W79/><G79/><T129/><D51/><U29/><E29/><V128/><F128/><W90/><G90/><T66/><D129/><U12/><E12/><V21/><F21/><W52/><G52/><T35/><D54/><U43/><E55/><V10/><F10/><W69/><G69/><T104/><D53/><U45/><E43/><V7/><F7/><W32/><G32/><N who="0" m="12363" /><D6/><U28/><E45/><V101/><F89/><W38/><G38/><T120/><D37/><U60/><E28/><V134/><F134/><RYUUKYOKU ba="0,1" sc="212,-15,384,-15,205,15,189,15" hai2="58,61,65,86,88,94,95,97,99,101" hai3="4,11,13,56,62,67,72,74,80,87,91,92,103" /><INIT seed="7,1,1,2,2,90" ten="197,369,220,204" oya="3" hai0="65,81,29,47,106,17,35,52,40,97,86,100,89" hai1="14,34,43,117,56,101,25,82,87,12,129,58,116" hai2="15,20,98,68,83,39,132,48,126,119,37,71,10" hai3="118,133,19,36,125,104,131,107,130,93,31,110,108"/><W102/><G36/><T7/><D65/><U80/><E101/><V120/><F119/><N who="1" m="45641" /><E43/><V99/><F83/><W72/><G118/><T13/><D7/><U75/><E75/><V53/><F20/><W28/><G72/><T24/><D52/><U4/><E82/><V45/><F126/><W49/><G125/><T63/><D63/><U38/><E38/><V66/><F132/><W21/><G133/><T74/><D74/><U91/><E129/><N who="3" m="49162" /><G49/><T79/><D79/><U109/><E109/><N who="3" m="42090" /><G93/><T64/><D64/><U95/><E80/><V42/><F39/><W51/><G51/><T6/><D6/><U41/><E41/><BYE who="1" /><V23/><F37/><W127/><G127/><T114/><D114/><U18/><E18/><V5/><F5/><W69/><G69/><T9/><REACH who="0" step="1"/><D40/><REACH who="0" ten="187,369,220,204" step="2"/><U11/><E11/><V54/><F42/><W88/><G88/><T3/><D3/><U1/><E1/><V26/><F71/><W2/><G2/><T73/><D73/><U134/><E134/><V16/><F68/><W78/><G78/><T30/><D30/><N who="3" m="11305" /><G102/><T32/><D32/><U50/><E50/><V33/><F48/><W94/><G94/><UN n1="%45%74%65%72%6E%61%6C%44" /><T62/><D62/><U128/><E128/><V55/><F33/><W113/><G113/><T22/><D22/><U115/><E115/><V67/><F23/><W92/><G92/><T77/><D77/><U103/><E103/><V57/><F67/><W135/><G135/><T112/><D112/><U111/><E111/><V27/><F66/><W84/><G84/><T124/><D124/><U8/><E34/><V121/><F121/><RYUUKYOKU ba="1,2" sc="187,15,369,-15,220,-15,204,15" hai0="9,13,17,24,29,35,47,81,86,89,97,100,106" hai3="19,21,104,107" /><INIT seed="7,2,2,4,3,62" ten="202,354,205,219" oya="3" hai0="50,110,55,45,34,69,23,20,24,129,14,31,18" hai1="8,13,118,43,6,26,88,101,86,22,51,12,96" hai2="28,115,133,16,130,73,84,36,2,102,82,49,75" hai3="111,60,27,128,37,35,117,74,134,107,38,109,85"/><W125/><RYUUKYOKU type="yao9" ba="2,2" sc="202,0,354,0,205,0,219,0" hai3="27,35,37,38,60,74,85,107,109,111,117,125,128,134" /><INIT seed="7,3,2,1,2,42" ten="202,354,205,219" oya="3" hai0="62,107,39,21,53,40,17,19,44,124,43,118,99" hai1="8,48,51,85,82,14,61,110,73,5,90,132,79" hai2="80,34,68,119,35,37,0,41,66,67,16,131,45" hai3="11,63,64,69,31,92,36,113,9,123,77,112,88"/><W65/><G123/><T15/><D118/><U127/><E132/><V84/><F119/><W26/><G77/><T47/><D124/><U102/><E127/><V106/><F0/><W122/><G36/><T120/><D120/><U95/><E110/><V71/><F106/><W20/><G65/><T28/><D28/><U38/><E38/><V135/><F135/><W59/><G69/><T130/><D130/><U1/><E102/><V108/><F108/><W93/><G93/><T103/><D19/><U117/><E117/><V116/><F116/><W72/><G72/><T6/><D6/><U60/><E1/><V126/><F126/><W105/><G105/><T33/><D33/><U18/><E18/><V101/><F101/><W10/><REACH who="3" step="1"/><G122/><REACH who="3" ten="202,354,205,209" step="2"/><T134/><D134/><U70/><E70/><V74/><F74/><W129/><G129/><T97/><D107/><U22/><E73/><V115/><F71/><W54/><G54/><T98/><D103/><U4/><E79/><V27/><F67/><W23/><G23/><T109/><D109/><U46/><E22/><N who="2" m="13767" /><F131/><W133/><G133/><T2/><D2/><U25/><E95/><V12/><F66/><W86/><AGARI ba="3,3" hai="9,10,11,20,26,31,59,63,64,86,88,92,112,113" machi="86" ten="30,6000,0" yaku="1,1,0,1,54,1,53,0" doraHai="42" doraHaiUra="3" who="3" fromWho="3" sc="202,-23,354,-23,205,-23,209,99" /><INIT seed="7,4,0,3,3,108" ten="179,331,182,308" oya="3" hai0="31,61,102,52,101,71,87,19,100,25,13,23,53" hai1="47,41,32,122,5,107,89,75,88,7,67,6,12" hai2="56,63,11,48,111,59,45,35,18,4,135,46,49" hai3="86,121,36,43,39,0,118,114,17,77,99,16,30"/><W40/><G118/><T15/><D87/><U128/><E122/><V14/><F35/><W90/><G121/><T106/><D106/><U21/><E32/><V85/><F111/><W57/><G0/><T125/><D125/><U74/><E107/><V120/><F135/><W27/><G114/><T10/><REACH who="0" step="1"/><D13/><REACH who="0" ten="169,331,182,308" step="2"/><U103/><E75/><V112/><F112/><W73/><G86/><T38/><D38/><U3/><E74/><V132/><F132/><W33/><G73/><T55/><D55/><U97/><E12/><N who="2" m="5223" /><F120/><W129/><G36/><T110/><D110/><U124/><E124/><V34/><F34/><W54/><G39/><T20/><D20/><U95/><E21/><N who="2" m="11479" /><F85/><W82/><G33/><T42/><D42/><U130/><E41/><N who="2" m="24623" /><F63/><W51/><G40/><AGARI ba="4,1" hai="40,46,49,56,59" m="24623,11479,5223" machi="40" ten="30,1000,0" yaku="8,1" doraHai="108" who="2" fromWho="3" sc="169,0,331,0,182,32,308,-22" owari="169,-33.0,331,43.0,214,-19.0,286,9.0" /></mjloggm>