<mjloggm ver="2.3"><GO type="169" lobby="0"/><UN n0="%E3%82%A6%E3%83%AB%E3%83%88%E3%83%A9%E7%AB%8B%E7%9B%B4" n1="%63%75%72%65%74%61%70%65" n2="%6D%61%74%69%6F%73%61%6E" n3="%E9%87%8E%E3%80%85%E5%AE%AE%E8%97%8D" dan="18,16,16,16" rate="2229.94,2095.54,2082.35,2062.94" sx="M,M,M,F"/><TAIKYOKU oya="0"/><INIT seed="0,0,0,1,3,116" ten="250,250,250,250" oya="0" hai0="111,108,47,89,85,66,38,86,56,82,43,37,8" hai1="83,133,98,41,92,21,107,106,128,19,125,40,103" hai2="30,72,135,69,93,101,44,75,1,35,115,34,62" hai3="9,71,59,11,7,12,113,48,14,32,61,51,45"/><T104/><D104/><U54/><E128/><V120/><F115/><W36/><G113/><T60/><D8/><U79/><E125/><V110/><F93/><W117/><G32/><T39/><REACH who="0" step="1"/><D86/><REACH who="0" ten="240,250,250,250" step="2"/><U5/><E107/><V13/><F75/><W10/><G10/><T0/><D0/><U67/><E106/><V55/><F72/><W131/><G131/><T25/><D25/><U3/><E3/><V28/><F1/><W81/><G117/><T70/><D70/><U130/><E130/><V95/><F69/><W91/><G71/><T129/><D129/><U96/><E5/><V94/><F135/><W122/><G7/><T73/><D73/><U90/><E133/><V102/><F101/><W24/><G9/><T119/><D119/><U78/><E103/><V17/><F102/><W97/><G11/><T27/><D27/><U16/><E98/><V2/><F2/><W22/><G24/><T87/><D87/><U31/><E96/><V114/><F114/><W18/><G97/><T74/><D74/><U84/><E84/><V76/><F13/><W23/><G12/><T20/><D20/><U50/><E21/><V6/><F6/><W109/><G23/><T63/><D63/><U68/><E68/><V127/><F62/><W52/><G61/><T53/><D53/><U77/><E54/><V29/><F55/><W88/><G22/><T112/><D112/><U105/><E105/><V132/><F132/><W46/><G14/><T80/><D80/><U4/><E83/><V58/><F35/><W57/><G52/><T49/><AGARI ba="0,1" hai="37,38,39,43,47,49,56,60,66,82,85,89,108,111" machi="49" ten="40,3900,0" yaku="1,1,0,1,53,0" doraHai="116" doraHaiUra="65" who="0" fromWho="0" sc="240,49,250,-13,250,-13,250,-13" /><INIT seed="0,1,0,2,4,118" ten="289,237,237,237" oya="0" hai0="61,87,78,63,120,37,75,83,124,30,52,102,73" hai1="68,2,129,82,4,93,32,134,39,101,81,103,89" hai2="21,25,26,126,29,122,59,17,125,0,20,8,53" hai3="28,60,99,22,1,76,106,115,47,108,10,35,31"/><T43/><D120/><U116/><E116/><V114/><F114/><W130/><G115/><T84/><D124/><N who="2" m="47722" /><F59/><W133/><G108/><T3/><D75/><U49/><E39/><V55/><F122/><W79/><G35/><T41/><D73/><U24/><E68/><V67/><F67/><W5/><G130/><T16/><D3/><U85/><E129/><V135/><F135/><W72/><G133/><T104/><D30/><U62/><E134/><V48/><F48/><W33/><G22/><T112/><D112/><U70/><E49/><V91/><F91/><W111/><G111/><T100/><D104/><U34/><E34/><V117/><F117/><W131/><G47/><T74/><D74/><U66/><E103/><N who="0" m="39465" /><D87/><U97/><E85/><V7/><AGARI ba="1,0" hai="0,7,8,17,20,21,25,26,29,53,55" m="47722" machi="7" ten="30,1100,0" yaku="18,1" doraHai="118" who="2" fromWho="2" sc="289,-6,237,-4,237,14,237,-4" /><INIT seed="1,0,0,2,4,118" ten="283,233,251,233" oya="1" hai0="49,130,64,97,128,61,73,135,77,3,98,129,104" hai1="113,109,30,59,16,63,6,40,83,126,90,51,69" hai2="107,67,132,56,89,82,127,44,99,91,45,48,124" hai3="80,43,12,103,71,134,53,25,15,65,85,122,125"/><U34/><E113/><V68/><F132/><W29/><G134/><T76/><D3/><U88/><E69/><V119/><F119/><W21/><G125/><N who="2" m="48201" /><F68/><W26/><G43/><T92/><D135/><U11/><E126/><V86/><F67/><W110/><G122/><T24/><D49/><U27/><E109/><V4/><F4/><W7/><G7/><T94/><D24/><U41/><E16/><V31/><F31/><W116/><G116/><T131/><D131/><U93/><E83/><V2/><F2/><W95/><G65/><T133/><D133/><U120/><E120/><V75/><F75/><W102/><G71/><T20/><D20/><U117/><E117/><V105/><F56/><W33/><G53/><T101/><D104/><N who="2" m="40010" /><F48/><W100/><G110/><T42/><D73/><U66/><E51/><V72/><F72/><W112/><G95/><AGARI ba="0,0" hai="44,45,82,86,89,91,95,99" m="40010,48201" machi="95" ten="30,1000,0" yaku="18,1" doraHai="118" who="2" fromWho="3" sc="283,0,233,0,251,10,233,-10" /><INIT seed="2,0,0,2,4,90" ten="283,233,261,223" oya="2" hai0="85,125,132,40,73,83,26,31,58,14,113,71,87" hai1="35,98,39,45,75,0,10,128,105,11,100,54,5" hai2="92,6,50,34,13,63,1,37,18,38,61,106,95" hai3="123,22,133,122,67,29,4,109,97,57,129,116,8"/><V81/><F34/><W9/><G116/><T33/><D71/><U20/><E128/><V7/><F106/><W79/><G109/><T77/><D113/><U27/><E54/><V48/><F81/><W124/><G129/><T131/><D131/><U134/><E134/><V126/><F126/><W47/><G133/><T119/><D125/><U56/><E56/><V72/><F72/><W70/><G70/><T107/><D107/><U12/><E75/><V62/><F1/><W51/><G9/><T43/><D132/><U114/><E35/><V76/><F76/><W130/><G130/><T89/><D119/><U86/><E114/><V91/><F91/><W103/><G79/><T94/><D14/><U108/><E108/><V121/><F121/><W118/><G118/><T68/><D68/><U23/><E86/><V78/><F78/><W80/><G80/><T3/><D3/><U15/><E0/><V135/><F135/><W19/><G29/><T49/><D73/><U96/><E96/><V28/><F28/><W115/><G115/><T82/><D82/><U59/><E59/><V65/><F65/><W69/><G57/><T120/><D120/><U112/><E112/><V53/><F53/><N who="3" m="29951" /><G67/><T32/><D32/><U44/><E39/><N who="2" m="14859" /><F18/><W60/><G124/><T127/><D127/><U93/><E105/><V110/><F110/><W104/><G69/><T41/><REACH who="0" step="1"/><D58/><REACH who="0" ten="273,233,261,223" step="2"/><U111/><E111/><V66/><F13/><N who="3" m="9583" /><G122/><T88/><D88/><U102/><E102/><V30/><F6/><W101/><G123/><T84/><D84/><U17/><E27/><V16/><F7/><RYUUKYOKU ba="0,1" sc="273,15,233,15,261,-15,223,-15" hai0="26,31,33,40,41,43,49,77,83,85,87,89,94" hai1="5,10,11,12,15,17,20,23,44,45,93,98,100" /><INIT seed="3,1,1,2,3,120" ten="288,248,246,208" oya="3" hai0="63,20,68,17,28,135,35,101,71,38,105,107,86" hai1="72,119,74,19,77,30,67,62,82,133,118,18,16" hai2="75,88,56,51,1,81,90,40,49,70,64,21,8" hai3="97,132,3,89,103,37,45,127,102,65,59,112,26"/><W115/><G3/><T94/><D38/><U31/><E133/><V4/><F70/><W41/><G132/><T106/><D135/><U10/><E10/><V111/><F111/><W79/><G79/><T84/><D28/><U6/><E6/><V96/><F40/><W117/><G117/><N who="1" m="44554" /><E74/><V95/><F21/><W25/><G89/><T87/><D35/><U27/><E27/><V66/><F75/><W110/><G127/><T116/><D63/><U22/><E22/><V76/><F76/><W14/><G14/><T7/><D7/><U54/><E54/><V24/><F24/><W85/><G25/><T29/><D29/><U33/><E33/><V114/><F114/><W42/><G42/><T2/><D2/><U48/><E48/><V58/><F58/><AGARI ba="1,1" hai="16,18,19,30,31,58,62,67,72,77,82" m="44554" machi="58" ten="30,2000,0" yaku="12,1,54,1" doraHai="120" who="1" fromWho="2" sc="288,0,248,33,246,-23,208,0" /><INIT seed="4,0,0,3,3,124" ten="288,281,223,208" oya="0" hai0="130,91,71,132,54,59,64,135,99,57,69,18,65" hai1="20,39,107,38,56,113,101,95,50,52,96,100,86" hai2="32,7,131,122,14,104,24,121,29,26,33,21,72" hai3="103,84,117,16,60,2,123,102,0,28,49,67,63"/><T89/><D18/><U94/><E107/><V6/><F104/><W22/><G117/><T77/><D99/><U112/><E20/><V35/><F72/><W34/><G123/><N who="2" m="47113" /><F131/><W119/><G119/><T61/><D77/><U70/><E70/><N who="0" m="26633" /><D91/><N who="1" m="53623" /><E101/><N who="3" m="38410" /><G28/><T3/><D89/><U133/><E133/><N who="0" m="51273" /><D3/><U134/><E134/><V74/><F74/><W37/><G0/><T51/><D65/><U1/><E1/><V76/><F76/><W88/><G2/><T66/><D66/><U93/><E93/><V114/><F114/><AGARI ba="0,0" hai="38,39,50,52,56,95,96,100,112,113,114" m="53623" machi="114" ten="30,3900,0" yaku="15,1,11,1,54,1" doraHai="124" who="1" fromWho="2" sc="288,0,281,39,223,-39,208,0" /><INIT seed="5,0,0,5,4,32" ten="288,320,184,208" oya="1" hai0="5,46,90,13,54,63,0,73,4,21,39,85,64" hai1="104,118,122,119,74,69,49,79,135,80,43,23,98" hai2="62,67,3,29,41,60,31,55,89,76,87,105,66" hai3="120,112,95,84,77,116,134,121,129,123,19,96,44"/><U78/><E122/><V24/><F105/><W117/><G44/><T11/><D73/><U92/><E69/><V109/><F109/><W124/><G19/><T71/><D21/><U1/><E1/><V18/><F76/><W17/><G17/><T125/><D125/><U86/><E23/><V37/><F3/><W61/><G61/><T28/><D28/><U106/><E49/><V57/><F55/><W22/><G22/><T58/><D5/><U75/><E43/><V26/><F37/><W48/><G48/><T68/><D13/><U36/><E36/><V126/><F41/><W108/><G108/><T115/><D115/><U111/><E111/><V107/><F107/><W50/><G50/><T103/><D103/><U70/><E70/><V127/><F18/><W99/><G112/><T130/><D130/><U35/><E35/><V94/><F26/><W38/><G38/><T7/><D7/><U47/><E47/><V88/><F89/><N who="3" m="55407" /><G124/><N who="2" m="47657" /><F24/><W8/><G8/><T102/><D102/><U27/><E27/><V10/><F10/><W9/><G9/><T14/><D14/><U59/><E59/><AGARI ba="0,0" hai="29,31,57,59,60,62,66,67,87,88,94" m="47657" machi="59" ten="30,2000,0" yaku="18,1,54,1" doraHai="32" who="2" fromWho="1" sc="288,0,320,-20,184,20,208,0" /><INIT seed="6,0,0,3,2,28" ten="288,300,204,208" oya="2" hai0="127,132,53,64,105,6,58,110,98,9,113,129,82" hai1="37,100,67,10,5,4,45,85,93,109,106,36,51" hai2="22,91,107,52,125,0,50,73,42,78,94,66,40" hai3="96,117,79,56,103,21,32,57,60,134,68,65,41"/><V47/><F107/><W14/><G117/><T63/><D110/><U2/><E109/><V88/><F0/><W95/><G32/><T92/><D113/><U115/><E115/><V69/><F125/><W118/><G118/><T75/><D129/><U31/><E106/><V46/><F91/><W70/><G134/><T99/><D132/><U80/><E5/><V97/><F22/><W135/><G135/><T29/><D127/><U17/><E67/><V87/><F73/><W7/><G79/><T15/><D105/><U19/><E31/><V34/><F34/><W27/><G41/><N who="2" m="15977" /><F69/><W104/><G56/><T62/><D29/><U126/><E126/><V24/><F24/><W81/><G81/><T25/><D25/><U35/><E35/><V12/><F12/><W102/><G102/><T89/><D82/><U30/><E30/><V128/><F128/><W111/><G111/><T114/><D75/><U11/><E11/><V116/><F116/><W124/><G124/><T84/><D114/><U71/><E71/><AGARI ba="0,0" hai="6,9,15,53,58,62,63,64,71,84,89,92,98,99" machi="71" ten="30,1000,0" yaku="7,1" doraHai="28" who="0" fromWho="1" sc="288,10,300,-10,204,0,208,0" /><INIT seed="7,0,0,0,0,113" ten="298,290,204,208" oya="3" hai0="105,65,26,72,122,63,92,102,96,88,46,34,104" hai1="126,125,121,52,23,123,13,1,100,14,91,56,119" hai2="70,66,83,62,58,45,99,55,51,75,84,18,108" hai3="133,50,128,106,64,127,6,87,40,85,69,2,80"/><W35/><G35/><T32/><D72/><U115/><E1/><V107/><F108/><W49/><G106/><T43/><D26/><U33/><E33/><V60/><F75/><W21/><G127/><N who="1" m="48650" /><E115/><V11/><F107/><W114/><G114/><T68/><D122/><N who="1" m="46603" /><E119/><V120/><F120/><W27/><G128/><T12/><D12/><U89/><E100/><V67/><F99/><W17/><G133/><T53/><D53/><U111/><E111/><V31/><F31/><W42/><G42/><T117/><D117/><U5/><E14/><V76/><F11/><W59/><G40/><T94/><D105/><U48/><E23/><V74/><REACH who="2" step="1"/><F18/><REACH who="2" ten="298,290,194,208" step="2"/><W16/><G17/><T9/><D9/><AGARI ba="0,1" hai="5,9,13,48,52,56,89,91" m="46603,48650" machi="9" ten="30,2000,0" yaku="18,1,54,1" doraHai="113" who="1" fromWho="0" sc="298,-20,290,30,194,0,208,0" owari="278,8.0,320,42.0,194,-31.0,208,-19.0" /></mjloggm>