<mjloggm ver="2.3"><GO type="169" lobby="0"/><UN n0="%E8%8F%AF%E6%B5%81" n1="%70%63%63%61%62%63" n2="%E3%81%AE%E3%81%86%E3%81%AA%E3%82%81%E3%82%8D%E3%82%93" n3="%E3%82%A6%E3%83%AB%E3%83%88%E3%83%A9%E7%AB%8B%E7%9B%B4" dan="16,17,16,17" rate="2059.81,2106.13,2072.22,2134.59" sx="F,M,M,M"/><TAIKYOKU oya="0"/><INIT seed="0,0,0,2,1,40" ten="250,250,250,250" oya="0" hai0="90,75,82,47,8,103,132,62,48,19,73,117,33" hai1="130,57,28,116,120,118,106,110,96,124,20,131,133" hai2="23,61,18,15,26,104,34,129,9,134,64,7,14" hai3="98,78,37,46,52,24,17,105,87,27,2,21,83"/><T50/><D33/><U54/><E106/><V119/><F104/><W30/><G2/><T10/><D103/><U29/><E120/><V22/><F129/><N who="1" m="49161" /><E96/><V11/><F134/><W127/><G127/><T95/><D62/><U91/><E91/><V107/><F107/><W100/><G37/><T109/><D117/><U63/><E110/><V12/><F61/><W102/><G102/><T86/><D132/><U55/><E133/><V35/><F64/><W53/><REACH who="3" step="1"/><G46/><REACH who="3" ten="250,250,250,240" step="2"/><T65/><D47/><U88/><E124/><V113/><F113/><W71/><G71/><T58/><D109/><U70/><E70/><V43/><F119/><W79/><G79/><T93/><D58/><N who="1" m="35295" /><E88/><V111/><F111/><W16/><G16/><T89/><D19/><U74/><E29/><N who="2" m="17631" /><F43/><W0/><G0/><T60/><D89/><U67/><E67/><V72/><F72/><W1/><G1/><T68/><D90/><U45/><E45/><V80/><F80/><W85/><G85/><T125/><D125/><U42/><E74/><V99/><F99/><W6/><G6/><AGARI ba="0,1" hai="6,7,9,11,12,14,15,18,22,34,35" m="17631" machi="6" ten="30,8000,1" yaku="35,5" doraHai="40" who="2" fromWho="3" sc="250,0,250,0,250,90,240,-80" /><INIT seed="1,0,0,5,1,6" ten="250,250,340,160" oya="1" hai0="78,21,94,49,41,11,118,111,50,17,24,122,86" hai1="85,132,74,133,109,26,77,95,99,88,54,62,126" hai2="87,13,79,47,32,106,63,75,129,42,20,25,8" hai3="81,53,105,68,4,18,39,58,61,73,97,30,121"/><U3/><E3/><V104/><F129/><W67/><G121/><T135/><D118/><U5/><E126/><V112/><F75/><W84/><G39/><T123/><D135/><N who="1" m="51787" /><E5/><V69/><F32/><W0/><G73/><T82/><D111/><U64/><E74/><V16/><F112/><W37/><G37/><T22/><D22/><U100/><E54/><V59/><F69/><W2/><G30/><T116/><D116/><U101/><E26/><V103/><F103/><W113/><G113/><T110/><D110/><U130/><E130/><V114/><F114/><W72/><G72/><T131/><D131/><U57/><E109/><V10/><F104/><W12/><G4/><T102/><D41/><U44/><E44/><V90/><F106/><W33/><G33/><T124/><D124/><U91/><E77/><V66/><F79/><W80/><G0/><T43/><D43/><U36/><E36/><V92/><F25/><W127/><G2/><T31/><D122/><U15/><E15/><V14/><F13/><W19/><G127/><T119/><D123/><U107/><E107/><V29/><F29/><W28/><G28/><T35/><D119/><U45/><E45/><V56/><F56/><W96/><G105/><T48/><D35/><U115/><E115/><V120/><F120/><W128/><G128/><T117/><D117/><U65/><E65/><V46/><F46/><W71/><G67/><T60/><D31/><U93/><AGARI ba="0,0" hai="57,62,64,85,88,91,93,95,99,100,101" m="51787" machi="93" ten="30,3000,0" yaku="20,1,54,1" doraHai="6" who="1" fromWho="1" sc="250,-10,250,30,340,-10,160,-10" /><INIT seed="1,1,0,5,5,32" ten="240,280,330,150" oya="1" hai0="111,37,46,60,95,131,16,17,68,105,56,109,63" hai1="120,110,53,107,121,6,93,64,115,88,75,135,2" hai2="38,41,47,24,42,77,73,27,8,33,62,94,101" hai3="31,114,23,84,106,26,52,69,112,10,61,18,79"/><U4/><E115/><V129/><F129/><W51/><G106/><T12/><D105/><U54/><E107/><V80/><F42/><W44/><G79/><T89/><D68/><U97/><E75/><V118/><F118/><W99/><G99/><T86/><D131/><U15/><E135/><V76/><F76/><W103/><G103/><T9/><D60/><U124/><E124/><V13/><F33/><W57/><G84/><T65/><D46/><U7/><E110/><V25/><F62/><W29/><G69/><T134/><D37/><U98/><E15/><V0/><F13/><W72/><G72/><T119/><D119/><U55/><E97/><V123/><F123/><W81/><G81/><T78/><D134/><U100/><E100/><V50/><F50/><W58/><G58/><T35/><D35/><U132/><E132/><V39/><F39/><W82/><G82/><T1/><D78/><U28/><E28/><V66/><F66/><W36/><G36/><T130/><D130/><U116/><E116/><V104/><F104/><W49/><G49/><T34/><D34/><U40/><E40/><V102/><F94/><W3/><G31/><T70/><D70/><U48/><E48/><V117/><F117/><W122/><G122/><T59/><D56/><U30/><E30/><V91/><F91/><W125/><G125/><T11/><D109/><U126/><E126/><V133/><F133/><W20/><G57/><T127/><D111/><U5/><REACH who="1" step="1"/><E64/><REACH who="1" ten="240,270,330,150" step="2"/><V22/><F22/><W113/><G23/><T45/><D127/><U43/><E43/><V71/><F41/><RYUUKYOKU ba="1,1" sc="240,-10,270,30,330,-10,150,-10" hai1="2,4,5,6,7,53,54,55,88,93,98,120,121" /><INIT seed="1,2,1,3,0,66" ten="230,300,320,140" oya="1" hai0="67,89,123,3,101,7,81,54,83,11,25,77,109" hai1="133,16,60,74,92,95,86,57,114,51,99,2,37" hai2="40,87,70,91,106,130,116,19,8,96,103,43,78" hai3="110,29,44,55,120,39,59,34,84,72,127,42,76"/><U131/><E37/><V58/><F116/><W79/><G120/><T15/><D109/><U68/><E74/><V49/><F130/><W35/><G127/><T93/><D123/><U6/><E114/><V124/><F124/><W21/><G110/><T56/><D101/><U17/><E131/><V12/><F78/><W14/><G72/><T105/><D105/><U98/><E6/><V108/><F108/><W75/><G75/><T38/><D38/><U53/><E2/><V135/><F135/><W50/><G79/><T26/><D3/><U90/><E133/><V47/><F58/><W80/><G29/><T112/><D67/><U4/><E4/><V71/><REACH who="2" step="1"/><F43/><REACH who="2" ten="230,300,310,140" step="2"/><W48/><G59/><T61/><D112/><U33/><E33/><V128/><F128/><W126/><G76/><T121/><D121/><U104/><E104/><V20/><F20/><W125/><G21/><T132/><D132/><U62/><E68/><V9/><F9/><W41/><G35/><T28/><D28/><U24/><E62/><V31/><F31/><W69/><G69/><T52/><D54/><U27/><E60/><V134/><F134/><W10/><G55/><T23/><D23/><U13/><E27/><N who="0" m="10249" /><D77/><U115/><E24/><V18/><F18/><N who="3" m="8535" /><G34/><T22/><D22/><N who="1" m="11535" /><E17/><V85/><F85/><AGARI ba="2,2" hai="7,11,15,52,56,61,81,83,85,89,93" m="10249" machi="85" ten="30,2000,0" yaku="8,1,54,1" doraHai="66" who="0" fromWho="2" sc="230,46,300,0,310,-26,140,0" /><INIT seed="2,0,0,2,3,119" ten="276,300,284,140" oya="2" hai0="116,24,22,25,131,133,121,72,49,134,112,36,48" hai1="96,64,111,79,58,60,124,62,28,29,118,18,46" hai2="92,7,39,23,2,75,16,6,89,66,17,103,41" hai3="4,73,13,132,43,97,93,98,99,5,65,86,11"/><V15/><F75/><W120/><G73/><T56/><D56/><N who="1" m="36935" /><E111/><V69/><F2/><W123/><G132/><T34/><D22/><U35/><E35/><V101/><F69/><W87/><G65/><T20/><D20/><U33/><E33/><V21/><F66/><W37/><G4/><N who="2" m="1577" /><F41/><W14/><G14/><T107/><D25/><U129/><E79/><V109/><F39/><W91/><REACH who="3" step="1"/><G87/><REACH who="3" ten="276,300,284,130" step="2"/><T88/><D72/><U82/><E118/><V61/><F109/><W108/><G108/><T126/><D116/><U104/><E124/><V70/><F70/><W113/><G113/><T68/><D112/><U32/><E129/><V31/><F31/><W84/><G84/><T57/><D131/><U9/><E29/><V95/><F61/><W55/><G55/><T110/><D133/><U135/><E28/><V114/><F114/><W10/><G10/><T54/><D134/><U53/><E9/><V78/><F78/><W105/><G105/><T74/><D107/><U77/><E104/><V125/><F125/><W45/><AGARI ba="0,1" hai="5,11,13,37,43,45,86,91,93,97,98,99,120,123" machi="45" ten="30,12000,2" yaku="1,1,0,1,52,2,53,3" doraHai="119" doraHaiUra="94" who="3" fromWho="3" sc="276,-30,300,-30,284,-60,130,130" /><INIT seed="3,0,0,3,0,41" ten="246,270,224,260" oya="3" hai0="126,28,132,49,26,106,32,108,24,83,80,19,5" hai1="44,57,47,56,50,65,60,30,15,96,18,31,73" hai2="37,8,20,85,131,114,14,84,11,121,48,89,45" hai3="67,4,38,79,71,104,40,25,33,27,62,120,134"/><W117/><G117/><T55/><D106/><U94/><E73/><V111/><F114/><W100/><G120/><T63/><D126/><U91/><E56/><V107/><F111/><W70/><G27/><T72/><D108/><U82/><E82/><V46/><F121/><W112/><G79/><T90/><D132/><U0/><E0/><V127/><F107/><W42/><G42/><T23/><D5/><U97/><E96/><V77/><F37/><W61/><G4/><T36/><D36/><U3/><E3/><V113/><F113/><W125/><G112/><T21/><D32/><U92/><E92/><N who="2" m="54311" /><F127/><W7/><G7/><T101/><D101/><U118/><E118/><V133/><F131/><W122/><G122/><T52/><D72/><U29/><REACH who="1" step="1"/><E50/><REACH who="1" ten="246,260,224,260" step="2"/><V78/><F133/><W54/><G134/><T12/><D63/><U1/><E1/><V135/><F135/><W103/><G125/><T35/><D35/><U129/><E129/><V119/><F119/><W17/><G104/><T2/><D2/><U74/><E74/><V75/><F75/><W124/><G124/><T64/><D83/><U53/><E53/><V22/><F48/><W130/><G130/><T128/><D128/><U58/><E58/><V86/><F78/><W93/><G62/><T6/><D80/><U116/><E116/><V87/><F77/><W99/><G54/><T68/><D52/><U110/><E110/><V69/><F69/><W9/><G71/><T16/><D55/><U39/><E39/><V81/><F81/><W123/><G99/><T76/><D49/><U98/><E98/><RYUUKYOKU ba="0,1" sc="246,-10,260,30,224,-10,260,-10" hai1="15,18,29,30,31,44,47,57,60,65,91,94,97" /><INIT seed="4,1,1,2,1,118" ten="236,290,214,250" oya="0" hai0="106,7,14,116,4,10,88,94,127,58,69,48,51" hai1="117,133,44,132,108,23,120,63,72,113,22,102,124" hai2="0,100,12,42,125,130,98,131,111,101,2,35,13" hai3="121,49,93,75,57,104,76,71,46,28,47,41,66"/><T83/><D106/><U129/><E117/><V17/><F111/><W6/><G104/><T119/><D69/><U29/><E108/><V114/><F42/><W107/><G107/><T24/><D127/><U70/><E124/><V34/><F125/><W95/><G71/><T61/><D24/><U36/><E72/><V11/><F98/><W62/><G121/><T64/><D116/><U33/><E129/><N who="2" m="49163" /><F114/><W68/><G28/><T39/><D39/><U15/><E120/><V9/><F100/><W122/><G122/><T5/><D83/><U82/><E102/><V112/><F101/><W50/><G6/><T30/><D30/><U27/><E82/><V84/><F84/><W31/><G31/><T19/><REACH who="0" step="1"/><D119/><REACH who="0" ten="226,290,214,250" step="2"/><U16/><E113/><V3/><F112/><W115/><G115/><T78/><D78/><U65/><E36/><V25/><F25/><W32/><G68/><T18/><D18/><AGARI ba="1,2" hai="0,2,3,9,11,12,13,17,18,34,35" m="49163" machi="18" ten="40,5200,0" yaku="19,1,34,2" doraHai="118" who="2" fromWho="0" sc="226,-55,290,0,214,75,250,0" /><INIT seed="5,0,0,3,1,35" ten="171,290,289,250" oya="1" hai0="115,60,79,1,2,80,100,117,24,4,41,10,27" hai1="61,86,66,107,29,45,59,95,31,54,97,121,40" hai2="17,126,84,55,105,119,19,129,135,6,109,81,131" hai3="118,20,123,96,7,37,101,71,88,98,94,23,69"/><U83/><E107/><V12/><F109/><W90/><G37/><T50/><D100/><U30/><E121/><V9/><F119/><W47/><G47/><T125/><D125/><U36/><E66/><V25/><F105/><W56/><G56/><T64/><D117/><U51/><E36/><V63/><F126/><W99/><G118/><T75/><D115/><U127/><E127/><V124/><F124/><W65/><G65/><T77/><D77/><N who="1" m="46447" /><E31/><V133/><F55/><W13/><G123/><T26/><D50/><U116/><E116/><V122/><F63/><W5/><G94/><T89/><D89/><AGARI ba="0,0" hai="29,30,40,45,51,54,59,61,89,95,97" m="46447" machi="89" ten="30,1500,0" yaku="8,1" doraHai="35" who="1" fromWho="0" sc="171,-15,290,15,289,0,250,0" /><INIT seed="5,1,0,3,4,1" ten="156,305,289,250" oya="1" hai0="24,126,45,134,89,103,71,132,63,33,118,61,76" hai1="26,117,6,43,96,84,9,18,113,60,121,116,111" hai2="10,65,67,4,130,131,28,0,2,46,81,91,78" hai3="15,77,13,98,93,135,64,112,49,41,95,39,80"/><U115/><E43/><V53/><F0/><W19/><G135/><T100/><D45/><U109/><E96/><V69/><F28/><W73/><G112/><N who="1" m="43082" /><E60/><V75/><F91/><W31/><G31/><T50/><D89/><U106/><E84/><V27/><F27/><W29/><G29/><T55/><D24/><U90/><E90/><V40/><F53/><W85/><G15/><T120/><D55/><U17/><E106/><V92/><F92/><W129/><G64/><T82/><D82/><U44/><E44/><V79/><F79/><W101/><G39/><T36/><D76/><U42/><E42/><V8/><F8/><W110/><G41/><T32/><D36/><U74/><E74/><V34/><F34/><W107/><G95/><T87/><D87/><U114/><E121/><V54/><F54/><W88/><G49/><T3/><D3/><N who="1" m="223" /><E114/><V68/><F65/><W11/><REACH who="3" step="1"/><G129/><REACH who="3" ten="156,305,289,240" step="2"/><N who="2" m="49161" /><F67/><W51/><G51/><AGARI ba="1,1" hai="2,4,10,40,46,51,68,69,75,78,81" m="49161" machi="51" ten="30,2000,0" yaku="19,1,52,1" doraHai="1" who="2" fromWho="3" sc="156,0,305,0,289,33,240,-23" /><INIT seed="6,0,0,0,3,8" ten="156,305,322,217" oya="2" hai0="43,10,106,135,0,4,71,112,48,76,129,81,2" hai1="122,65,17,52,82,97,125,41,35,46,63,6,78" hai2="32,64,45,87,42,75,21,1,103,3,68,94,130" hai3="58,74,133,18,83,38,128,114,15,134,66,92,84"/><V49/><F32/><W39/><G74/><T100/><D71/><U108/><E108/><V61/><F75/><W123/><G92/><T120/><D120/><U19/><E35/><V99/><F130/><W62/><G123/><T124/><D124/><U37/><E6/><V80/><REACH who="2" step="1"/><F21/><REACH who="2" ten="156,305,312,217" step="2"/><N who="3" m="11487" /><G128/><T24/><D48/><U7/><E37/><V105/><F105/><W79/><G114/><T23/><D76/><AGARI ba="0,1" hai="1,3,42,45,49,61,64,68,76,80,87,94,99,103" machi="76" ten="30,2900,0" yaku="1,1,7,1,53,0" doraHai="8" doraHaiUra="54" who="2" fromWho="0" sc="156,-29,305,0,312,39,217,0" /><INIT seed="6,1,0,0,2,28" ten="127,305,351,217" oya="2" hai0="61,133,73,72,3,80,102,78,84,58,47,27,90" hai1="103,31,135,35,107,128,85,69,20,18,109,17,75" hai2="41,77,14,132,64,37,25,16,123,45,122,98,63" hai3="119,124,117,86,13,108,26,29,11,112,44,21,111"/><V104/><F132/><W70/><G70/><T68/><D68/><U113/><E109/><N who="3" m="42058" /><G86/><T83/><D3/><U24/><E113/><V34/><F77/><W96/><G96/><T54/><D133/><U82/><E128/><V76/><F76/><W39/><G44/><T23/><D102/><U114/><E114/><V79/><F79/><W30/><G39/><T38/><D38/><U10/><E10/><V116/><F116/><W55/><G55/><T88/><D47/><U59/><E69/><V81/><F81/><W67/><G67/><T99/><D99/><U48/><E75/><V118/><F118/><W100/><G100/><T40/><D40/><U131/><E131/><V15/><F98/><W95/><G95/><T125/><D125/><U56/><E103/><V89/><F104/><W52/><G52/><T19/><REACH who="0" step="1"/><D78/><REACH who="0" ten="117,305,351,217" step="2"/><U110/><E107/><V105/><F105/><W87/><G124/><T2/><D2/><U62/><E135/><V101/><F101/><W129/><G129/><T127/><D127/><U130/><E130/><V91/><F37/><W49/><G119/><T7/><D7/><U120/><E120/><V5/><F5/><W8/><G117/><T106/><D106/><U43/><E43/><V46/><F41/><W97/><G97/><T50/><D50/><U71/><E48/><V115/><F122/><W33/><G49/><T53/><D53/><U92/><E71/><V74/><F123/><W93/><G112/><T6/><D6/><U4/><E4/><V126/><F115/><W57/><G57/><N who="1" m="22090" /><E110/><V1/><F126/><W36/><G36/><RYUUKYOKU ba="1,1" sc="117,30,305,-10,351,-10,217,-10" hai0="19,23,27,54,58,61,72,73,80,83,84,88,90" /><INIT seed="7,2,1,5,0,52" ten="147,295,341,207" oya="3" hai0="97,34,88,4,36,9,91,68,103,57,42,61,106" hai1="44,87,115,53,121,25,5,75,99,116,59,77,17" hai2="89,102,82,40,123,47,13,112,66,35,15,37,65" hai3="60,135,107,14,24,23,96,129,16,79,125,3,95"/><W11/><G107/><T18/><D68/><U46/><E75/><V113/><F35/><W134/><G79/><T94/><D34/><U55/><E115/><V130/><F102/><W128/><G60/><T122/><D122/><U76/><E5/><V133/><F123/><W90/><G3/><T93/><D18/><U70/><E70/><V50/><F130/><N who="3" m="50283" /><G125/><T32/><D32/><U98/><E116/><V7/><F133/><W120/><G120/><T84/><D42/><U26/><E87/><V131/><F131/><W51/><G51/><T64/><D36/><U12/><E121/><V58/><F50/><W104/><G104/><T2/><REACH who="0" step="1"/><D91/><REACH who="0" ten="137,295,341,207" step="2"/><U71/><E71/><V63/><F37/><W126/><G126/><T132/><D132/><U124/><E124/><V6/><F89/><W74/><G74/><T48/><D48/><U100/><E17/><AGARI ba="2,2" hai="11,14,16,17,23,24,90,95,96,134,135" m="50283" machi="17" ten="30,2900,0" yaku="19,1,54,1" doraHai="52" who="3" fromWho="1" sc="137,0,295,-35,341,0,207,55" /><INIT seed="7,3,0,0,0,2" ten="137,260,341,262" oya="3" hai0="135,78,93,124,43,127,92,72,125,58,60,11,101" hai1="36,35,134,120,42,83,44,75,4,79,29,30,12" hai2="118,131,67,107,38,13,128,85,77,20,74,48,62" hai3="45,3,68,122,86,32,17,1,99,14,91,70,61"/><W76/><G122/><T28/><D28/><U119/><E120/><V89/><F38/><W27/><G3/><T57/><D11/><U55/><E35/><V54/><F107/><W53/><G1/><T18/><D18/><U112/><E112/><V39/><F39/><W51/><G32/><T69/><D43/><U50/><E134/><V8/><F118/><W108/><G108/><T21/><D21/><U0/><E12/><V65/><F77/><W102/><G27/><T6/><D135/><U16/><E16/><V106/><F74/><W104/><G61/><T5/><D69/><U111/><E111/><V40/><F106/><W26/><G26/><T82/><D101/><U31/><E119/><V73/><F73/><W10/><REACH who="3" step="1"/><G76/><REACH who="3" ten="137,260,341,252" step="2"/><T33/><D33/><U97/><E31/><V94/><F128/><W23/><G23/><T96/><D93/><AGARI ba="3,1" hai="10,14,17,45,51,53,68,70,86,91,93,99,102,104" machi="93" ten="30,2900,0" yaku="1,1,7,1,53,0" doraHai="2" doraHaiUra="123" who="3" fromWho="0" sc="137,-38,260,0,341,0,252,48" /><INIT seed="7,4,0,5,3,93" ten="99,260,341,300" oya="3" hai0="16,28,107,54,125,50,109,7,85,113,24,83,92" hai1="25,37,20,72,56,67,57,91,73,52,42,47,17" hai2="79,38,13,29,88,12,36,61,10,68,59,128,78" hai3="87,130,48,0,62,21,102,65,98,55,99,1,111"/><W135/><G130/><T75/><D107/><U66/><E66/><V89/><F68/><W70/><G135/><T18/><D75/><U39/><E39/><V133/><F128/><W49/><G111/><T103/><D109/><U121/><E121/><V14/><F133/><W114/><G114/><T46/><D113/><U44/><E47/><V127/><F127/><W76/><G21/><T60/><D125/><U5/><E5/><V33/><F10/><W97/><G102/><T2/><D2/><U118/><E118/><V22/><F33/><W94/><G48/><T51/><D7/><U27/><E25/><N who="2" m="16567" /><F38/><W23/><G23/><T124/><D124/><U115/><E115/><V30/><F30/><W19/><G19/><T15/><D60/><U104/><E104/><V71/><F71/><W40/><G40/><T82/><D51/><U35/><E35/><V90/><F36/><W119/><G119/><T86/><D83/><U112/><E112/><V108/><F108/><W45/><REACH who="3" step="1"/><G76/><REACH who="3" ten="99,260,341,290" step="2"/><T129/><D129/><U110/><E110/><V77/><F79/><W9/><G9/><T3/><D3/><U105/><E17/><V6/><F6/><W116/><G116/><T58/><D46/><U84/><E44/><V34/><F34/><W106/><G106/><T126/><D126/><U8/><E8/><V31/><F31/><W120/><G120/><T122/><D122/><U69/><E105/><V64/><AGARI ba="4,1" hai="12,13,14,59,61,64,77,78,88,89,90" m="16567" machi="64" ten="30,2000,0" yaku="8,1,54,1" doraHai="93" who="2" fromWho="2" sc="99,-9,260,-9,341,42,290,-14" owari="90,-41.0,251,-15.0,383,48.0,276,8.0" /></mjloggm>