<mjloggm ver="2.3"><GO type="169" lobby="0"/><UN n0="%E3%80%9D%E3%83%A9%E3%83%A0%E3%83%80%E3%83%87%E3%83%AB%E3%82%BF%E3%80%9F" n1="%E6%9C%9D%E6%AF%94%E5%A5%88%E5%A4%A7%E5%90%BE" n2="%E4%B8%89%E5%B0%BA%E7%8E%89" n3="%E3%82%A6%E3%83%AB%E3%83%88%E3%83%A9%E7%AB%8B%E7%9B%B4" dan="16,16,17,17" rate="2057.58,2056.87,2144.63,2169.29" sx="F,M,M,M"/><TAIKYOKU oya="0"/><INIT seed="0,0,0,4,1,94" ten="250,250,250,250" oya="0" hai0="29,91,96,32,93,4,98,115,125,58,52,106,36" hai1="46,54,84,63,55,65,92,51,100,97,75,8,87" hai2="121,73,1,95,64,78,71,89,10,112,104,67,38" hai3="116,14,7,83,85,28,90,15,120,45,25,43,105"/><T39/><D115/><U122/><E122/><V69/><F104/><W37/><G116/><T16/><D4/><U20/><E75/><V13/><F1/><W30/><G120/><T24/><D125/><U66/><E54/><V86/><F112/><W135/><G135/><T50/><REACH who="0" step="1"/><D16/><REACH who="0" ten="240,250,250,250" step="2"/><U99/><E8/><V68/><F121/><W9/><G105/><T88/><D88/><U31/><E97/><V41/><F10/><W114/><G114/><T0/><D0/><U17/><E31/><V12/><F89/><W47/><G15/><T60/><D60/><U44/><E63/><V107/><F107/><W42/><REACH who="3" step="1"/><G25/><REACH who="3" ten="240,250,250,240" step="2"/><T49/><D49/><AGARI ba="0,2" hai="7,9,14,28,30,37,42,43,45,47,49,83,85,90" machi="49" ten="30,3900,0" yaku="1,1,2,1,7,1,53,0" doraHai="94" doraHaiUra="74" who="3" fromWho="0" sc="240,-39,250,0,250,0,240,59" /><INIT seed="1,0,0,5,2,22" ten="201,250,250,299" oya="1" hai0="86,39,33,92,56,31,44,32,83,19,127,64,126" hai1="11,37,52,66,2,27,109,84,135,38,77,129,28" hai2="106,81,74,20,21,17,111,79,114,133,41,112,102" hai3="54,105,34,85,8,30,35,115,62,82,110,65,75"/><U134/><E129/><V25/><F111/><W76/><G115/><T90/><D19/><U72/><E72/><V71/><F133/><N who="1" m="50697" /><E109/><V98/><F71/><W24/><G110/><T124/><D31/><U69/><E69/><V80/><F41/><W4/><G54/><T104/><D104/><U61/><E66/><V42/><F42/><W67/><G67/><T100/><D100/><U40/><E40/><V121/><F121/><W97/><G85/><T3/><D3/><U96/><E96/><V108/><F108/><W119/><G119/><T59/><D39/><U47/><E84/><V5/><F5/><W57/><G97/><T93/><D44/><U128/><E77/><V10/><F10/><W36/><G36/><T9/><D9/><U94/><E94/><N who="0" m="36457" /><D64/><U43/><E43/><V26/><REACH who="2" step="1"/><F81/><REACH who="2" ten="201,250,240,299" step="2"/><W55/><G4/><T63/><D59/><N who="1" m="35047" /><E128/><V58/><F58/><W103/><G57/><T117/><D117/><U13/><E2/><V118/><F118/><W131/><G131/><T49/><D63/><U48/><E47/><V18/><AGARI ba="0,1" hai="17,18,20,21,25,26,74,79,80,98,102,106,112,114" machi="18" ten="30,8000,1" yaku="1,1,0,1,9,1,52,2,53,0" doraHai="22" doraHaiUra="91" who="2" fromWho="2" sc="201,-20,250,-40,240,90,299,-20" /><INIT seed="2,0,0,5,2,77" ten="181,210,330,279" oya="2" hai0="66,57,42,0,90,117,31,50,27,53,99,14,30" hai1="110,48,120,82,54,11,109,28,47,108,8,4,98" hai2="10,73,119,123,69,102,44,105,131,7,12,33,128" hai3="36,97,6,55,85,101,112,19,111,62,46,78,34"/><V26/><F119/><W15/><G34/><T79/><D0/><U22/><E120/><V86/><F73/><W114/><G6/><T92/><D117/><U37/><E37/><V121/><F69/><W107/><G111/><T104/><D104/><U3/><E8/><V21/><F33/><W122/><G122/><T76/><D66/><U113/><E113/><V61/><F61/><W118/><G118/><T67/><D67/><U80/><E98/><N who="2" m="61655" /><F86/><W29/><G29/><T125/><D125/><U16/><E28/><N who="2" m="17487" /><F44/><W132/><G62/><T81/><D42/><U20/><E20/><V25/><F25/><AGARI ba="0,0" hai="3,4,11,16,22,25,47,48,54,80,82,108,109,110" machi="25" ten="40,8000,1" yaku="14,1,52,2,54,1" doraHai="77" who="1" fromWho="2" sc="181,0,210,80,330,-80,279,0" /><INIT seed="3,0,0,2,1,113" ten="181,290,250,279" oya="3" hai0="89,74,36,102,103,62,52,48,130,73,123,87,35" hai1="46,94,69,25,40,4,75,121,49,14,114,100,99" hai2="53,47,68,18,54,84,58,9,96,124,64,8,93" hai3="32,50,11,3,88,131,134,26,63,85,120,37,90"/><W116/><G120/><T15/><D35/><U55/><E121/><V76/><F68/><W112/><G37/><T92/><D36/><U70/><E114/><V79/><F124/><W104/><G112/><T41/><D123/><U107/><E75/><V42/><F64/><W101/><G104/><T56/><D130/><U117/><E117/><V82/><F79/><W105/><G116/><T27/><D74/><U60/><E25/><V67/><F67/><W33/><G131/><T77/><D27/><U34/><E34/><V97/><F97/><W115/><G115/><T51/><D73/><U61/><E107/><V133/><F133/><W19/><G134/><T57/><D77/><U20/><E70/><V91/><F18/><W122/><G122/><T81/><D81/><U71/><E71/><V24/><F24/><W44/><G3/><T66/><D41/><U13/><E69/><V119/><F119/><W16/><G33/><T126/><D48/><U80/><E80/><V30/><F30/><W31/><G63/><T12/><D126/><U132/><E132/><V110/><F110/><W59/><G59/><T106/><D106/><U10/><E40/><V1/><F1/><W108/><G108/><T111/><D111/><U21/><E13/><AGARI ba="0,0" hai="12,13,15,51,52,56,57,62,66,87,89,92,102,103" machi="13" ten="40,2600,0" yaku="8,1,54,1" doraHai="113" who="0" fromWho="1" sc="181,26,290,-26,250,0,279,0" /><INIT seed="4,0,0,3,3,125" ten="207,264,250,279" oya="0" hai0="119,77,46,21,84,123,99,12,133,69,51,105,104" hai1="5,134,49,29,95,116,53,47,62,54,101,67,57" hai2="74,43,106,65,32,128,28,18,70,85,1,97,89" hai3="31,55,52,40,80,83,121,8,72,10,63,6,103"/><T130/><D123/><U129/><E116/><V120/><F74/><W17/><G121/><T26/><D69/><U41/><E134/><V56/><F120/><W11/><G31/><T96/><D119/><U135/><E129/><V98/><F128/><W15/><G40/><T33/><D130/><U35/><E135/><V113/><F1/><W73/><G103/><T42/><D133/><U100/><E5/><V102/><F113/><W24/><G10/><T60/><D33/><U66/><E66/><V58/><F97/><W13/><G24/><T34/><D60/><U107/><E107/><V25/><F43/><W75/><REACH who="3" step="1"/><G63/><REACH who="3" ten="207,264,250,269" step="2"/><T122/><D122/><U81/><E29/><V9/><F9/><W79/><G79/><T114/><D34/><U71/><E35/><V109/><F18/><W20/><G20/><T91/><D114/><U30/><E30/><V110/><F109/><W117/><G117/><T92/><D77/><U86/><E101/><V2/><F110/><W94/><G94/><T61/><D61/><U7/><E95/><N who="2" m="54703" /><F2/><W115/><G115/><T68/><D12/><U16/><E100/><V48/><F48/><W132/><G132/><T4/><D4/><U124/><E16/><V45/><F32/><W50/><G50/><T39/><D51/><N who="1" m="30943" /><E7/><V90/><F28/><W14/><G14/><T23/><D68/><U59/><E124/><V44/><F25/><W126/><G126/><T82/><D23/><U111/><E111/><V27/><F27/><W36/><G36/><T3/><D3/><U78/><E71/><V22/><F22/><W93/><G93/><RYUUKYOKU ba="0,1" sc="207,-15,264,15,250,-15,269,15" hai1="41,47,49,53,59,62,67,78,81,86" hai3="6,8,11,13,15,17,52,55,72,73,75,80,83" /><INIT seed="5,1,1,2,0,61" ten="192,279,235,284" oya="1" hai0="108,66,27,36,100,34,88,71,2,65,69,62,39" hai1="105,118,96,43,89,119,45,11,73,99,95,4,79" hai2="8,106,76,77,24,52,134,87,14,109,112,83,81" hai3="67,57,3,22,104,120,21,30,80,16,32,123,122"/><U50/><E73/><V121/><F109/><W19/><G104/><T38/><D108/><U5/><E79/><V18/><F121/><W26/><G80/><T113/><D113/><U85/><E5/><V56/><F106/><W23/><G67/><T41/><D2/><U25/><E25/><V126/><F126/><W47/><G57/><T90/><D41/><U59/><E59/><V97/><F134/><W114/><G47/><T78/><D78/><U55/><E55/><V58/><F112/><W98/><G98/><T64/><D100/><U17/><E17/><N who="3" m="6730" /><G3/><T1/><D1/><U86/><E86/><N who="2" m="48423" /><F97/><W42/><G42/><T124/><D62/><U46/><E46/><V117/><F58/><W131/><G114/><T29/><REACH who="0" step="1"/><D124/><REACH who="0" ten="182,279,235,284" step="2"/><U53/><E118/><V94/><F117/><W20/><N who="3" m="5120" /><DORA hai="125" /><W129/><AGARI ba="1,2" hai="26,30,32,120,122,123,129,131" m="5120,6730" machi="129" ten="60,12000,2" yaku="4,1,34,2,52,2,54,1" doraHai="61,125" who="3" fromWho="3" sc="182,-31,279,-61,235,-31,284,143" /><INIT seed="6,0,0,0,1,47" ten="151,218,204,427" oya="2" hai0="60,38,108,58,11,127,98,120,71,116,43,66,126" hai1="19,65,41,57,80,113,100,39,2,93,77,55,129" hai2="91,123,78,52,63,83,81,102,36,40,115,105,121" hai3="103,132,125,29,130,5,4,67,61,53,87,99,75"/><V111/><F115/><W10/><G75/><T82/><D11/><U28/><E113/><V94/><F111/><W114/><G114/><T18/><D18/><U96/><E2/><V6/><F6/><W69/><G130/><T92/><D116/><U46/><E129/><V0/><F0/><W44/><G132/><T131/><D108/><U97/><E97/><V122/><F105/><W26/><G87/><T70/><D131/><U90/><E28/><V85/><F40/><W9/><G125/><T21/><D120/><U68/><E19/><V13/><F36/><W95/><G9/><T45/><D21/><U33/><E33/><V3/><F3/><W86/><G86/><T64/><D82/><U34/><E34/><V48/><F63/><W89/><G89/><T12/><D12/><U133/><E133/><V32/><F32/><W72/><G72/><T118/><D118/><U135/><E135/><V20/><F102/><W22/><G10/><T37/><D37/><U88/><E65/><V35/><F35/><W50/><AGARI ba="0,0" hai="4,5,22,26,29,44,50,53,61,67,69,95,99,103" machi="50" ten="30,2000,0" yaku="0,1,52,1" doraHai="47" who="3" fromWho="3" sc="151,-5,218,-5,204,-10,427,20" /><INIT seed="7,0,0,1,4,74" ten="146,213,194,447" oya="3" hai0="24,0,72,44,115,42,76,38,22,36,124,131,113" hai1="48,90,132,126,88,53,135,69,7,129,118,122,93" hai2="2,11,45,55,108,52,120,31,100,87,98,3,65" hai3="73,10,134,5,6,106,97,111,105,32,123,67,26"/><W58/><G73/><T127/><D0/><U25/><E122/><V14/><F108/><W66/><G58/><T121/><D121/><U104/><E104/><V101/><F120/><W17/><G97/><T70/><D70/><U21/><E126/><N who="0" m="48169" /><D131/><U8/><E129/><V59/><F31/><W56/><G56/><T33/><D22/><U80/><E80/><V95/><F101/><W82/><G82/><N who="0" m="45319" /><D24/><U40/><E40/><V109/><F109/><W117/><G10/><T99/><D99/><U112/><E69/><V63/><F87/><W79/><G111/><T35/><D36/><U28/><E7/><V43/><F3/><W12/><G5/><T68/><D68/><U107/><E8/><V116/><F2/><W86/><G6/><T103/><D103/><U39/><E21/><V47/><F116/><W13/><G32/><T15/><D15/><U84/><E25/><V94/><F95/><W130/><G106/><T41/><D41/><U50/><E107/><V29/><F29/><W102/><G105/><T125/><N who="0" m="48177" /><T61/><DORA hai="62" /><D61/><U9/><E28/><V34/><F34/><AGARI ba="0,0" hai="33,34,35,38,42,44,113,115" m="45319,48177" machi="34" ten="50,6400,0" yaku="18,1,23,1,52,1" doraHai="74,62" who="0" fromWho="2" sc="146,64,213,0,194,-64,447,0" owari="210,-19.0,213,1.0,130,-37.0,447,55.0" /></mjloggm>