<mjloggm ver="2.3"><GO type="169" lobby="0"/><UN n0="%E3%82%A6%E3%83%AB%E3%83%88%E3%83%A9%E7%AB%8B%E7%9B%B4" n1="%E4%B8%AD%E5%A0%85%EF%BC%A0%E3%83%8F%E3%83%BC%E3%83%99%E3%82%B9%E3%83%88" n2="%E2%80%A0%E3%81%BE%E3%83%BC%E5%9D%8A%E2%80%A0" n3="%E5%B9%BE%E4%BD%95%E5%AD%A6%E5%B0%82%E6%94%BB" dan="17,16,17,16" rate="2216.93,2107.82,2175.05,2117.62" sx="M,F,M,M"/><TAIKYOKU oya="0"/><INIT seed="0,0,0,4,0,128" ten="250,250,250,250" oya="0" hai0="64,28,97,132,107,88,78,56,99,70,22,82,18" hai1="81,72,103,66,106,44,118,90,75,29,120,85,10" hai2="67,129,122,7,3,33,52,25,27,79,16,42,0" hai3="130,109,124,96,116,14,77,111,20,92,113,110,63"/><T114/><D114/><U71/><E120/><V104/><F122/><W26/><G113/><T73/><D70/><U112/><E112/><V126/><F129/><W101/><G116/><T60/><D28/><U34/><E44/><V87/><F104/><W12/><G124/><T57/><D107/><U123/><E118/><V61/><F42/><W115/><G115/><T58/><D132/><U19/><E123/><V13/><F126/><W35/><G130/><T127/><D127/><U15/><E29/><V91/><F79/><W24/><G77/><T30/><D30/><U21/><E34/><V74/><F74/><W4/><G35/><T5/><D5/><U94/><E10/><V76/><F76/><W131/><G131/><T65/><D88/><U89/><E106/><V86/><F86/><W55/><G4/><T135/><D135/><U95/><E103/><V39/><F39/><W8/><G8/><T93/><D93/><U54/><E54/><V108/><F52/><W40/><G40/><T9/><D9/><U17/><E17/><V100/><F100/><W59/><G20/><T134/><D134/><U49/><E81/><N who="2" m="49647" /><F108/><W31/><G31/><T36/><D36/><U62/><REACH who="1" step="1"/><E49/><REACH who="1" ten="250,240,250,250" step="2"/><V119/><F119/><W98/><G101/><T47/><D47/><U32/><E32/><V23/><F33/><W48/><G48/><T84/><D73/><U1/><E1/><N who="2" m="587" /><F7/><W68/><G109/><T38/><D38/><U51/><E51/><V50/><F50/><W45/><G110/><T83/><D83/><U80/><E80/><V46/><F46/><W117/><G111/><RYUUKYOKU ba="0,1" sc="250,-15,240,15,250,15,250,-15" hai1="15,19,21,62,66,71,72,75,85,89,90,94,95" hai2="13,16,23,25,27,61,67" /><INIT seed="1,1,1,1,1,108" ten="235,255,265,235" oya="1" hai0="92,39,124,87,62,34,94,80,72,104,73,86,75" hai1="106,113,21,133,121,44,51,77,11,6,10,16,33" hai2="79,110,134,135,100,129,40,103,95,18,43,66,31" hai3="105,115,91,120,71,46,59,99,19,81,41,88,60"/><U55/><E121/><V109/><F31/><W4/><G120/><T85/><D39/><U128/><E106/><V1/><F1/><W26/><G71/><T14/><D34/><U24/><E133/><N who="2" m="50699" /><F129/><W70/><G70/><T30/><D30/><U107/><E107/><V118/><F118/><W111/><G111/><N who="2" m="42505" /><F66/><W96/><G4/><T78/><D62/><U7/><E128/><V102/><F79/><W35/><G105/><T27/><D14/><U56/><E113/><V28/><F28/><W9/><G115/><T20/><D20/><U130/><E130/><V48/><F18/><W127/><G35/><T119/><D27/><U132/><E132/><V8/><F8/><N who="1" m="3113" /><E33/><V12/><F12/><W114/><G114/><T47/><D119/><U45/><E77/><V32/><F32/><W123/><G123/><T101/><D47/><AGARI ba="1,1" hai="6,7,16,21,24,44,45,47,51,55,56" m="3113" machi="47" ten="30,2900,0" yaku="8,1,54,1" doraHai="108" who="1" fromWho="0" sc="235,-32,255,42,265,0,235,0" /><INIT seed="1,2,0,4,4,75" ten="203,297,265,235" oya="1" hai0="135,34,39,112,126,53,110,42,19,78,109,108,63" hai1="32,79,106,134,52,8,100,125,7,43,92,35,62" hai2="2,46,5,103,122,133,91,14,98,18,44,20,71" hai3="59,69,27,56,55,12,131,16,54,61,21,87,95"/><U83/><E106/><V23/><F122/><W104/><G104/><T30/><D112/><U93/><E134/><V81/><F71/><W3/><G3/><T29/><D42/><U72/><E125/><V67/><F67/><W99/><G131/><T88/><D39/><U73/><E43/><V10/><F133/><W76/><G69/><T130/><D135/><U85/><E73/><V57/><F57/><W90/><G76/><T41/><D41/><U11/><E11/><V48/><F23/><W113/><G113/><T45/><D126/><U47/><E93/><V120/><F48/><W49/><REACH who="3" step="1"/><G99/><REACH who="3" ten="203,297,265,225" step="2"/><T105/><D105/><U117/><E79/><V40/><F120/><W96/><G96/><T114/><D114/><U84/><E72/><V0/><F0/><W9/><G9/><T119/><D78/><U31/><E8/><V111/><F2/><W4/><G4/><T25/><D130/><U115/><E7/><V17/><F5/><W127/><G127/><T118/><D109/><U33/><E115/><V37/><F111/><W50/><G50/><T36/><D110/><U82/><E62/><V15/><F37/><W102/><G102/><T97/><D108/><U121/><E121/><V22/><F10/><W74/><G74/><T26/><D63/><U60/><E60/><V38/><F103/><W66/><G66/><T101/><D101/><U132/><E100/><V123/><F123/><W129/><G129/><T77/><D36/><U6/><E6/><V80/><F98/><W116/><G116/><T13/><D118/><U24/><E117/><V1/><F38/><RYUUKYOKU ba="2,1" sc="203,-10,297,-10,265,-10,225,30" hai3="12,16,21,27,49,54,55,56,59,61,87,90,95" /><INIT seed="2,3,1,0,0,18" ten="193,287,255,255" oya="2" hai0="42,113,71,92,128,31,101,73,77,6,85,39,60" hai1="63,65,104,72,112,107,76,41,126,66,0,95,130" hai2="79,10,8,123,21,99,38,122,118,106,82,96,111" hai3="117,34,56,131,102,134,48,90,87,47,11,100,52"/><V135/><F38/><W5/><G117/><T35/><D113/><U103/><E0/><V80/><F118/><W110/><G110/><T75/><D6/><U53/><E112/><V93/><F111/><W33/><G131/><T129/><D42/><U94/><E130/><N who="0" m="50281" /><D39/><U69/><E41/><V124/><F124/><W81/><G134/><T25/><D77/><U29/><E126/><V67/><F135/><W64/><G34/><T83/><D83/><U30/><E53/><V84/><F67/><W50/><G33/><T45/><D45/><U22/><E63/><V62/><F62/><W133/><G133/><T13/><D13/><U105/><E105/><V4/><F106/><W55/><REACH who="3" step="1"/><G64/><REACH who="3" ten="193,287,255,245" step="2"/><N who="0" m="41351" /><D85/><U98/><E65/><V132/><F132/><W27/><G27/><T54/><D54/><U40/><E66/><V116/><F116/><W3/><AGARI ba="3,2" hai="3,5,11,47,48,50,52,55,56,81,87,90,100,102" machi="3" ten="20,12000,2" yaku="1,1,0,1,7,1,54,1,53,2" doraHai="18" doraHaiUra="97" who="3" fromWho="3" sc="193,-33,287,-33,255,-63,245,149" /><INIT seed="3,0,0,4,5,37" ten="160,254,192,394" oya="3" hai0="34,88,100,116,117,130,62,7,132,101,121,42,91" hai1="83,106,4,119,14,10,59,26,108,110,61,92,120" hai2="12,80,67,3,134,49,11,47,79,72,52,87,25" hai3="33,65,0,55,32,1,98,97,68,51,86,35,122"/><W43/><G122/><T94/><D34/><U63/><E106/><V48/><F134/><W8/><G68/><T109/><D7/><U102/><E120/><V105/><F3/><W104/><G65/><T64/><D121/><U19/><E119/><V38/><F105/><W27/><G27/><T21/><D21/><U9/><E83/><V31/><F38/><W53/><G86/><T57/><D132/><U15/><E26/><V40/><F67/><W93/><G104/><T29/><D29/><U13/><E13/><V111/><F111/><N who="1" m="42537" /><E59/><V103/><F103/><N who="0" m="39498" /><D109/><U60/><E102/><V28/><F72/><W89/><G98/><N who="0" m="57671" /><D130/><U70/><E92/><V125/><F125/><W96/><G0/><T39/><D39/><U128/><E128/><V113/><F113/><W16/><G1/><T133/><D133/><U131/><E131/><V74/><F74/><W135/><G135/><T77/><D77/><U76/><E76/><V84/><F84/><W46/><REACH who="3" step="1"/><G97/><REACH who="3" ten="160,254,192,384" step="2"/><T127/><D117/><U30/><E30/><V99/><F99/><W20/><G20/><T73/><D116/><U124/><E124/><V118/><F118/><W36/><G36/><T50/><D127/><U18/><E70/><V123/><F25/><W114/><G114/><T115/><D115/><U6/><AGARI ba="0,1" hai="4,6,9,10,14,15,18,19,60,61,63" m="42537" machi="6" ten="40,1500,0" yaku="14,1" doraHai="37" who="1" fromWho="1" sc="160,-4,254,25,192,-4,384,-7" /><INIT seed="4,0,0,2,2,61" ten="156,279,188,377" oya="0" hai0="70,31,71,125,58,78,93,14,95,107,29,42,88" hai1="83,66,64,19,100,7,45,115,72,24,80,119,103" hai2="60,10,120,52,92,118,44,46,56,123,76,32,109" hai3="111,105,62,112,89,98,124,51,82,91,101,4,102"/><T126/><D107/><U43/><E119/><V114/><F109/><W133/><G111/><T28/><D78/><U26/><E7/><V68/><F32/><W122/><G112/><T9/><D42/><U41/><E115/><V5/><F114/><W81/><G4/><T17/><D58/><U84/><E72/><V67/><F118/><W1/><G1/><T85/><REACH who="0" step="1"/><D95/><REACH who="0" ten="146,279,188,377" step="2"/><U94/><E94/><V75/><F92/><W79/><G79/><T8/><D8/><U55/><E45/><V15/><F76/><W25/><G105/><T77/><D77/><U50/><E43/><V65/><F75/><W87/><G122/><T106/><D106/><U59/><E41/><V11/><F120/><W108/><G108/><T16/><D16/><U21/><E83/><V13/><F123/><W35/><G81/><T30/><N who="0" m="7168" /><DORA hai="57" /><T104/><D104/><U131/><E80/><V3/><F68/><AGARI ba="0,1" hai="9,14,17,68,70,71,85,88,93,125,126" m="7168" machi="68" ten="60,5800,0" yaku="1,1,54,1,53,0" doraHai="61,57" doraHaiUra="129,34" who="0" fromWho="2" sc="146,68,279,0,188,-58,377,0" /><INIT seed="4,1,0,3,3,130" ten="214,279,130,377" oya="0" hai0="20,38,61,7,100,89,129,11,123,124,31,133,120" hai1="53,4,108,79,97,27,36,19,116,127,73,21,118" hai2="15,87,60,114,56,75,23,106,93,119,88,8,28" hai3="10,44,30,95,84,43,77,14,47,9,52,69,68"/><T103/><D38/><U110/><E36/><V62/><F75/><W113/><G113/><T54/><D129/><U132/><E127/><V29/><F106/><W26/><G10/><T0/><D124/><U81/><E53/><V66/><F119/><W86/><G86/><T78/><D78/><U34/><E4/><V76/><F114/><W24/><G24/><T25/><D133/><U65/><E65/><V59/><F23/><W109/><G109/><T131/><D131/><U121/><E121/><V46/><F46/><W74/><G74/><T6/><D6/><U92/><E34/><V104/><F104/><W67/><G67/><T16/><D89/><U32/><E32/><V70/><F76/><W105/><G105/><T13/><D103/><U125/><E125/><V12/><F12/><W49/><G95/><T71/><D100/><U126/><E126/><V63/><F70/><W22/><G84/><T18/><D18/><U55/><E55/><V72/><F72/><W98/><G98/><T90/><D90/><U85/><E73/><V35/><F35/><W94/><G94/><T96/><D96/><U134/><E116/><V37/><F37/><W50/><REACH who="3" step="1"/><G77/><REACH who="3" ten="214,279,130,367" step="2"/><T1/><D1/><U83/><E118/><V45/><F66/><W17/><AGARI ba="1,1" hai="9,14,17,22,26,30,43,44,47,49,50,52,68,69" machi="17" ten="20,12000,2" yaku="1,1,2,1,0,1,7,1,54,1,53,1" doraHai="130" doraHaiUra="51" who="3" fromWho="3" sc="214,-61,279,-31,130,-31,367,133" /><INIT seed="5,0,0,3,5,22" ten="153,248,99,500" oya="1" hai0="62,132,59,130,14,15,32,20,50,61,100,129,2" hai1="117,107,91,46,21,103,19,64,16,134,135,53,36" hai2="1,109,84,115,110,40,128,3,23,104,131,88,118" hai3="125,126,12,133,45,114,26,67,108,27,49,41,48"/><U112/><E117/><V30/><F118/><W24/><G108/><N who="2" m="41577" /><F104/><W44/><G114/><T9/><D32/><U85/><E64/><V39/><F40/><W31/><G133/><T95/><D132/><N who="1" m="50731" /><E112/><V13/><F39/><W74/><G74/><T72/><D72/><U25/><E103/><V76/><F76/><W4/><G67/><T68/><D68/><U116/><E107/><V18/><F30/><W11/><G31/><T5/><D95/><N who="1" m="54767" /><E116/><V34/><F34/><W58/><G58/><T105/><D100/><U51/><E36/><V55/><F55/><W101/><G101/><T29/><D105/><U75/><E75/><V73/><F73/><W70/><G70/><T122/><D122/><U83/><E83/><N who="2" m="49183" /><F115/><W79/><G79/><T120/><D120/><U52/><E19/><V78/><F78/><W69/><G69/><T33/><D29/><U81/><E81/><V57/><F57/><W66/><G66/><T54/><D59/><U71/><E71/><V28/><F28/><W63/><G63/><T47/><D61/><U99/><E99/><V17/><F18/><W102/><G102/><T94/><D62/><U93/><E93/><V35/><F35/><W38/><G38/><T6/><D33/><U60/><E60/><V43/><F43/><AGARI ba="0,0" hai="4,11,12,24,26,27,41,43,44,45,48,49,125,126" machi="43" ten="40,8000,1" yaku="9,1,52,3" doraHai="22" who="3" fromWho="2" sc="153,0,248,0,99,-80,500,80" /><AGARI ba="0,0" hai="16,21,25,43,46,51,52,53" m="54767,50731" machi="43" ten="30,11600,0" yaku="20,1,52,1,54,2" doraHai="22" who="1" fromWho="2" sc="153,0,248,116,19,-116,580,0" owari="153,-25.0,364,16.0,-97,-60.0,580,69.0" /></mjloggm>