<mjloggm ver="2.3"><GO type="169" lobby="0"/><UN n0="%E3%82%82%E3%81%98%E3%82%89" n1="%E3%82%A6%E3%83%AB%E3%83%88%E3%83%A9%E7%AB%8B%E7%9B%B4" n2="%66%75%6B%75%30%32" n3="%41%54%4D%31%34%32%39" dan="16,18,16,16" rate="2040.63,2236.58,2102.46,2103.01" sx="F,M,M,M"/><TAIKYOKU oya="0"/><INIT seed="0,0,0,0,2,115" ten="250,250,250,250" oya="0" hai0="12,95,26,131,81,30,125,41,76,31,52,23,106" hai1="121,86,63,35,104,92,87,70,101,111,56,129,79" hai2="102,10,65,47,11,7,100,117,34,40,124,6,73" hai3="135,105,5,108,130,2,50,114,32,18,82,91,77"/><T90/><D106/><U64/><E121/><V98/><F34/><W120/><G114/><T4/><D41/><U22/><E111/><V43/><F73/><W29/><G130/><T49/><D131/><U33/><E129/><V45/><F65/><W55/><G105/><T51/><D125/><U39/><E39/><V58/><F58/><W83/><G135/><T85/><D49/><U110/><E110/><V118/><REACH who="2" step="1"/><F98/><REACH who="2" ten="250,250,240,250" step="2"/><W44/><G108/><T72/><D4/><U48/><E56/><V66/><F66/><W107/><G5/><T13/><REACH who="0" step="1"/><D31/><REACH who="0" ten="240,250,240,250" step="2"/><U75/><E104/><V103/><F103/><W42/><G29/><T71/><D71/><U119/><E101/><V19/><F19/><W61/><G18/><T62/><D62/><U97/><E63/><V80/><F80/><W60/><G82/><T0/><D0/><U20/><E70/><V132/><F132/><W84/><G2/><T15/><D15/><U38/><E38/><V8/><F8/><W123/><G123/><T88/><D88/><U17/><E17/><V57/><F57/><AGARI ba="0,2" hai="12,13,23,26,30,51,52,57,72,76,81,85,90,95" machi="57" ten="30,5800,0" yaku="1,1,7,1,54,1,53,0" doraHai="115" doraHaiUra="126" who="0" fromWho="2" sc="240,78,250,0,240,-58,250,0" /><INIT seed="0,1,0,3,2,21" ten="318,250,182,250" oya="0" hai0="103,34,17,95,111,123,132,76,61,22,93,48,92" hai1="44,105,24,2,135,39,73,28,7,3,127,114,67" hai2="54,131,89,117,78,88,18,126,41,82,51,49,118" hai3="31,107,6,63,4,46,35,124,125,53,10,91,98"/><T47/><D123/><U121/><E105/><V112/><F112/><W116/><G116/><N who="2" m="44649" /><F131/><W15/><G4/><T87/><D34/><U84/><E73/><V37/><F126/><W86/><G107/><T133/><D61/><U108/><E121/><V25/><F37/><W12/><G98/><T19/><D111/><U90/><E108/><V99/><F41/><W1/><G1/><T42/><D103/><U101/><E101/><V128/><F128/><W69/><G69/><T81/><REACH who="0" step="1"/><D17/><REACH who="0" ten="308,250,182,250" step="2"/><U23/><E114/><V58/><F18/><W100/><G125/><T57/><D57/><U9/><E127/><V75/><F58/><W97/><G124/><T80/><D80/><U83/><E67/><V102/><F102/><W134/><G63/><T45/><D45/><U113/><E113/><V50/><F82/><W109/><G109/><T43/><D43/><U56/><E56/><V115/><F115/><W129/><G129/><T16/><D16/><U40/><E135/><V20/><F54/><W59/><G59/><T70/><D70/><U74/><E74/><V36/><F75/><W27/><G53/><T66/><D66/><U77/><E90/><V38/><F89/><W72/><G46/><T11/><D11/><U96/><E96/><V65/><F65/><W79/><G72/><T64/><D64/><U94/><E94/><N who="2" m="56775" /><F78/><W8/><G79/><T32/><D32/><U60/><E60/><V52/><F52/><W13/><G134/><T85/><D85/><U30/><E30/><V106/><F106/><N who="3" m="63759" /><G8/><T71/><D71/><U120/><E120/><V68/><F68/><RYUUKYOKU ba="1,1" sc="308,0,250,0,182,0,250,0" hai0="19,22,42,47,48,76,81,87,92,93,95,132,133" hai1="2,3,7,9,23,24,28,39,40,44,77,83,84" hai2="20,25,36,38,49,50,51" hai3="6,10,12,13,15,27,31,35,86,91" /><INIT seed="0,2,1,3,1,57" ten="308,250,182,250" oya="0" hai0="25,90,83,122,63,118,31,72,108,92,33,123,26" hai1="17,120,69,109,86,97,62,35,56,127,132,115,0" hai2="128,38,105,53,77,28,19,8,103,67,29,22,76" hai3="60,12,130,15,117,131,5,113,46,106,30,41,20"/><T52/><D118/><U9/><E120/><V78/><F38/><W85/><G113/><T44/><D108/><U73/><E73/><V81/><F128/><W36/><G106/><T1/><D1/><U47/><E35/><V95/><F105/><W50/><G117/><T111/><D111/><U51/><E69/><V58/><F67/><W14/><G85/><T61/><D25/><U110/><E115/><V48/><F81/><W134/><G134/><T71/><D71/><U104/><E132/><V45/><F8/><W21/><G30/><T18/><D18/><U89/><E127/><V59/><F59/><W32/><G32/><T70/><D83/><U66/><E97/><N who="2" m="59839" /><F45/><W91/><G91/><T96/><D72/><U16/><E104/><V93/><F93/><W54/><G5/><T116/><D116/><U74/><E74/><V88/><F88/><W2/><G2/><T65/><REACH who="0" step="1"/><D61/><REACH who="0" ten="298,250,182,250" step="2"/><U40/><E17/><V10/><F10/><W107/><G60/><T3/><D3/><U75/><E75/><V42/><F19/><W13/><G131/><T79/><D79/><U6/><REACH who="1" step="1"/><E16/><REACH who="1" ten="298,240,182,250" step="2"/><V43/><F29/><W102/><G130/><T126/><D126/><U24/><E24/><AGARI ba="2,3" hai="22,24,28,42,43,48,53,58,76,77,78" m="59839" machi="24" ten="30,1000,0" yaku="8,1" doraHai="57" who="2" fromWho="1" sc="298,0,240,-16,182,46,250,0" /><INIT seed="1,0,0,3,0,50" ten="298,224,228,250" oya="1" hai0="111,131,106,47,17,42,86,29,110,11,99,107,83" hai1="37,75,79,57,53,115,76,5,134,102,19,56,28" hai2="16,0,60,43,108,13,90,39,68,113,59,58,125" hai3="81,25,24,119,114,117,97,61,10,82,6,36,129"/><U9/><E115/><V127/><F0/><W73/><G114/><T7/><D29/><U8/><E134/><V112/><F108/><N who="0" m="41514" /><D17/><U1/><E28/><V22/><F68/><W71/><G36/><N who="0" m="21959" /><D99/><U74/><E37/><V26/><F59/><W69/><G129/><T3/><D131/><U89/><E102/><V41/><F113/><W64/><G97/><T132/><D132/><U52/><E89/><AGARI ba="0,0" hai="3,7,11,83,86,89,106,107" m="21959,41514" machi="89" ten="30,1000,0" yaku="14,1" doraHai="50" who="0" fromWho="1" sc="298,10,224,-10,228,0,250,0" /><INIT seed="2,0,0,4,3,88" ten="308,214,228,250" oya="2" hai0="12,131,63,75,68,69,44,119,23,64,66,127,16" hai1="31,132,52,15,60,76,42,3,35,32,65,85,72" hai2="128,117,91,135,30,110,118,87,74,92,84,38,19" hai3="120,29,21,0,33,50,102,51,97,123,54,122,24"/><V105/><F38/><W133/><G0/><T126/><D75/><U67/><E3/><V81/><F30/><W41/><G133/><T101/><D131/><U109/><E72/><V56/><F56/><W55/><G33/><T14/><D101/><U1/><E1/><V104/><F19/><W53/><REACH who="3" step="1"/><G41/><REACH who="3" ten="308,214,228,240" step="2"/><T9/><D119/><U34/><E42/><V90/><F135/><W77/><G77/><T2/><D2/><U47/><E35/><V11/><F118/><W17/><G17/><T49/><D126/><U124/><E34/><V59/><F117/><W8/><G8/><T7/><D127/><U40/><E32/><V114/><F11/><W27/><G27/><T134/><D134/><U89/><E76/><V37/><F128/><W112/><G112/><T82/><D9/><U78/><E78/><V48/><F114/><W121/><N who="3" m="30720" /><DORA hai="43" /><W62/><G62/><T130/><D130/><U86/><E60/><V6/><F6/><W39/><G39/><T61/><D7/><U4/><E4/><V36/><F37/><W79/><G79/><T103/><D12/><U45/><E15/><V10/><F36/><W96/><G96/><T99/><D14/><U100/><E124/><V94/><F10/><W18/><G18/><T129/><D16/><U22/><E132/><V107/><F74/><W71/><G71/><T111/><D129/><U98/><E98/><V106/><N who="2" m="26624" /><DORA hai="20" /><V115/><F115/><W116/><G116/><T108/><D23/><U125/><E22/><V80/><F110/><W46/><G46/><N who="1" m="17418" /><E109/><V57/><F48/><W70/><G70/><RYUUKYOKU ba="0,1" sc="308,-15,214,-15,228,15,240,15" hai2="57,59,80,81,84,87,90,91,92,94" hai3="21,24,29,50,51,53,54,55,97,102" /><INIT seed="2,1,1,0,0,101" ten="293,199,243,255" oya="2" hai0="75,7,10,102,103,108,70,74,58,89,5,61,94" hai1="81,39,63,78,66,50,25,9,69,135,109,113,53" hai2="72,120,67,56,42,73,127,117,132,119,6,107,112" hai3="17,3,37,0,51,27,133,46,122,97,82,80,14"/><V76/><F112/><W26/><G133/><T47/><D70/><U92/><E113/><V34/><F120/><W86/><G37/><T71/><D71/><U104/><E135/><V52/><F132/><W8/><G82/><T125/><D108/><U93/><E109/><V32/><F67/><W48/><G48/><T95/><D47/><U38/><E38/><V31/><F42/><W57/><G57/><T13/><D125/><U24/><E39/><V65/><F127/><W77/><G122/><T88/><D75/><U54/><E104/><V18/><F65/><W131/><G131/><T126/><D5/><U116/><E116/><V36/><F36/><W99/><G3/><T30/><D30/><U124/><E124/><V12/><F6/><W79/><G79/><T114/><D74/><U29/><E9/><V60/><F73/><W96/><REACH who="3" step="1"/><G0/><REACH who="3" ten="293,199,243,245" step="2"/><T83/><D126/><U84/><E50/><V100/><F119/><W115/><G115/><T129/><D83/><U62/><E62/><V105/><F117/><W121/><G121/><T44/><D114/><U68/><E68/><V49/><F60/><W130/><G130/><T4/><D58/><U45/><E45/><V123/><F123/><W19/><G19/><N who="0" m="8631" /><D44/><U128/><E128/><V23/><F56/><W35/><G35/><T85/><D61/><U55/><E29/><V111/><F31/><W33/><G33/><T64/><D129/><U1/><E1/><V91/><F34/><W106/><G106/><T28/><D28/><U87/><E93/><V20/><F107/><W43/><AGARI ba="1,2" hai="8,14,17,26,27,43,46,51,77,80,86,96,97,99" machi="43" ten="30,7900,0" yaku="1,1,0,1,8,1,53,1" doraHai="101" doraHaiUra="41" who="3" fromWho="3" sc="293,-21,199,-21,243,-40,245,102" /><INIT seed="3,0,0,1,2,15" ten="272,178,203,347" oya="3" hai0="20,76,44,23,0,69,126,62,22,116,4,11,101" hai1="67,55,72,104,124,10,88,132,38,29,7,8,36" hai2="81,31,71,133,96,100,84,57,60,35,93,89,19" hai3="70,33,122,107,24,50,109,123,39,128,64,41,129"/><W95/><G107/><T13/><D116/><U16/><E72/><V34/><F71/><W134/><G95/><T103/><D76/><U40/><E104/><V61/><F133/><W46/><G134/><T6/><D126/><U42/><E132/><V3/><F3/><W120/><G109/><T59/><D44/><U65/><E29/><V58/><F31/><W5/><G5/><T77/><D69/><U111/><E111/><V86/><F86/><W48/><G24/><T53/><D77/><U110/><E110/><V82/><F82/><W66/><G33/><T78/><D78/><U63/><E7/><N who="0" m="2601" /><D0/><U98/><E38/><V75/><F75/><W91/><G91/><T14/><D11/><U97/><E36/><V12/><F58/><W131/><G70/><T106/><D106/><U92/><E98/><V17/><F61/><W28/><G28/><T21/><D13/><N who="1" m="7207" /><E10/><V99/><F99/><W113/><G113/><T87/><D87/><U73/><E73/><V115/><F115/><W90/><G90/><T47/><D14/><U79/><E79/><V127/><F127/><W130/><G131/><T105/><D105/><U85/><E85/><V135/><F135/><W102/><G102/><T51/><N who="0" m="5120" /><DORA hai="43" /><T114/><D114/><U117/><E117/><V2/><F2/><W26/><G26/><T18/><D18/><N who="2" m="6666" /><F12/><W9/><G9/><T121/><D121/><U30/><E30/><V118/><F118/><W37/><G39/><T68/><D68/><U119/><E119/><V125/><F125/><W27/><G27/><T80/><D80/><U112/><E124/><RYUUKYOKU ba="0,0" sc="272,10,178,-30,203,10,347,10" hai0="47,51,53,59,62,101,103" hai2="34,35,57,60,81,84,89,93,96,100" hai3="37,41,46,48,50,64,66,120,122,123,128,129,130" /><INIT seed="3,1,0,5,2,74" ten="282,148,213,357" oya="3" hai0="2,53,43,85,21,122,134,38,78,40,81,87,26" hai1="3,57,29,71,94,92,36,132,4,52,103,25,54" hai2="83,131,109,106,61,22,64,101,75,116,6,96,32" hai3="34,73,110,65,15,41,18,79,10,62,42,63,108"/><W67/><G34/><T77/><D2/><U127/><E71/><N who="2" m="42383" /><F22/><W82/><G63/><T66/><D66/><U76/><E36/><V118/><F109/><N who="3" m="42091" /><G65/><T1/><D1/><U90/><E127/><V113/><F113/><W31/><G31/><T100/><D38/><U30/><E132/><V48/><F48/><W44/><G44/><T111/><D134/><U12/><E3/><V49/><F49/><W27/><G27/><T8/><D8/><U95/><E103/><V124/><F124/><W84/><G73/><T97/><D53/><U115/><E115/><V86/><F6/><W5/><G5/><T20/><D122/><U37/><E37/><V60/><F60/><W107/><G107/><T69/><D69/><AGARI ba="1,0" hai="10,15,18,41,42,62,67,69,79,82,84" m="42091" machi="69" ten="30,5800,0" yaku="14,1,10,1,52,1" doraHai="74" who="3" fromWho="0" sc="282,-61,148,0,213,0,357,61" /><INIT seed="3,2,0,0,5,125" ten="221,148,213,418" oya="3" hai0="62,44,50,71,111,73,98,27,93,75,109,120,5" hai1="56,84,39,86,6,127,64,134,132,22,99,72,49" hai2="87,59,129,95,114,85,3,60,23,68,123,124,76" hai3="63,11,30,32,46,116,35,20,41,97,10,31,119"/><W107/><G107/><T102/><D5/><U83/><E39/><V113/><F3/><W43/><G97/><T45/><D45/><U80/><E6/><V58/><F124/><W118/><G46/><T122/><D27/><U90/><E127/><V19/><F123/><N who="0" m="47146" /><D62/><U110/><E72/><V33/><F33/><N who="3" m="12875" /><G20/><T131/><D71/><U47/><E110/><N who="0" m="41993" /><D131/><U2/><E2/><V37/><F129/><W38/><G63/><T135/><D135/><U36/><E36/><V18/><F37/><W4/><G38/><T13/><D13/><U34/><E34/><V52/><F68/><W24/><G24/><T115/><D115/><U53/><E22/><V117/><F59/><W81/><G4/><T0/><D0/><U88/><E99/><V69/><F69/><W94/><G41/><AGARI ba="2,0" hai="41,44,50,73,75,93,98,102" m="41993,47146" machi="41" ten="30,1000,0" yaku="14,1" doraHai="125" who="0" fromWho="3" sc="221,16,148,0,213,0,418,-16" /><INIT seed="4,0,0,2,0,13" ten="237,148,213,402" oya="0" hai0="22,117,50,111,113,14,103,92,43,97,60,74,61" hai1="28,94,123,31,72,25,67,53,18,132,2,48,23" hai2="85,114,70,129,120,128,49,29,8,35,15,44,27" hai3="109,6,41,125,9,51,55,115,5,63,110,130,93"/><T75/><D113/><U104/><E104/><V3/><F114/><W100/><G115/><T131/><D117/><U36/><E36/><V68/><F120/><W78/><G78/><T135/><D131/><N who="2" m="50250" /><F3/><W88/><G125/><T34/><D34/><U69/><E123/><V16/><F85/><W17/><G100/><T122/><D122/><U30/><E132/><V11/><F11/><W76/><G76/><T59/><D135/><U20/><E2/><V52/><AGARI ba="0,0" hai="8,15,16,27,29,35,44,49,52,68,70" m="50250" machi="52" ten="30,7900,0" yaku="19,1,52,1,54,2" doraHai="13" who="2" fromWho="2" sc="237,-39,148,-20,213,79,402,-20" /><INIT seed="5,0,0,3,2,135" ten="198,128,292,382" oya="1" hai0="86,75,49,109,66,8,125,131,129,28,130,74,122" hai1="36,69,77,71,45,2,99,61,18,29,27,90,32" hai2="1,103,52,0,13,92,16,80,57,133,121,89,39" hai3="41,100,91,7,123,104,88,83,21,87,19,108,60"/><U84/><E2/><V127/><F121/><W76/><G108/><T126/><D109/><U26/><E77/><V106/><F39/><W59/><G41/><T55/><D122/><U43/><E99/><V70/><F70/><W85/><G7/><T25/><D66/><U95/><REACH who="1" step="1"/><E61/><REACH who="1" ten="198,118,292,382" step="2"/><V105/><F0/><W42/><G76/><T3/><D86/><U38/><E38/><V124/><F1/><W14/><G123/><T72/><D49/><U50/><E50/><V117/><F133/><W79/><G85/><T64/><D64/><U115/><E115/><V6/><F117/><W31/><G42/><T112/><D112/><U12/><E12/><V51/><F51/><W11/><G104/><T93/><D55/><U118/><E118/><V107/><F106/><W119/><G119/><T63/><D63/><U134/><E134/><V113/><F113/><W68/><G60/><T47/><D74/><U56/><E56/><V30/><F105/><W40/><G40/><T111/><D47/><U37/><E37/><V96/><F107/><W22/><G59/><T94/><D75/><U114/><E114/><V101/><F57/><W15/><G68/><T98/><D72/><U33/><E33/><V10/><F52/><W34/><G34/><N who="0" m="20751" /><D111/><U116/><E116/><V102/><F96/><W120/><G120/><T20/><D98/><U48/><E48/><V46/><F46/><W62/><G62/><T73/><D73/><U110/><E110/><V5/><F13/><W97/><G15/><T54/><D54/><U35/><E35/><V24/><F24/><W82/><G79/><RYUUKYOKU ba="0,1" sc="198,-10,118,30,292,-10,382,-10" hai1="18,26,27,29,32,36,43,45,69,71,84,90,95" /><INIT seed="5,1,1,4,1,58" ten="188,148,282,372" oya="1" hai0="82,79,10,4,13,69,35,90,40,64,66,52,94" hai1="114,28,30,126,78,130,86,22,50,18,7,105,17" hai2="98,14,74,67,38,48,135,91,16,41,63,54,60" hai3="70,124,0,122,32,55,19,59,34,129,109,92,57"/><U49/><E105/><V127/><F74/><W83/><G124/><T106/><D106/><U71/><E71/><V118/><F118/><W23/><G0/><T104/><D35/><U120/><E120/><V25/><F127/><W65/><G109/><T12/><D104/><U6/><E126/><V111/><F111/><W134/><G129/><T5/><D40/><U72/><E72/><V77/><F135/><W100/><G134/><T73/><D69/><U87/><E130/><V89/><F77/><W75/><G70/><T29/><D29/><N who="1" m="11371" /><E114/><V123/><F123/><W113/><G113/><T110/><D110/><U51/><E78/><V37/><F67/><W97/><G83/><T81/><D79/><U26/><E18/><V68/><F68/><W95/><G75/><T88/><D73/><U93/><E93/><N who="2" m="56623" /><F38/><W21/><G92/><T61/><D94/><U103/><E103/><V2/><F2/><W107/><G107/><T33/><D33/><U116/><E116/><V47/><F37/><W36/><G36/><T80/><D90/><U43/><E43/><V99/><F41/><W1/><G1/><T115/><D115/><U9/><E9/><N who="2" m="6223" /><F25/><W15/><G34/><T119/><D119/><U125/><E125/><V62/><F91/><W101/><G32/><T132/><D88/><U27/><E27/><V108/><F108/><W24/><G101/><T76/><D76/><U3/><E3/><V128/><F128/><W39/><G39/><T56/><D132/><U11/><E11/><AGARI ba="1,1" hai="4,5,10,11,12,13,52,56,61,64,66,80,81,82" machi="11" ten="40,8000,1" yaku="9,1,8,1,52,1,54,1" doraHai="58" who="0" fromWho="1" sc="188,93,148,-83,282,0,372,0" /><INIT seed="6,0,0,0,0,74" ten="281,65,282,372" oya="2" hai0="0,44,25,26,82,32,15,27,6,18,93,122,79" hai1="7,104,46,17,56,66,70,45,121,22,111,128,72" hai2="124,94,3,73,91,16,116,97,41,43,11,95,129" hai3="30,113,106,112,62,65,24,135,29,131,63,42,60"/><V83/><F116/><W54/><G106/><T105/><D105/><U87/><E72/><V21/><F124/><W61/><G42/><T1/><D122/><U100/><E111/><V126/><F126/><W89/><G89/><T49/><D93/><U117/><E117/><V4/><F129/><W52/><G131/><T55/><D32/><U102/><E70/><V47/><F47/><W123/><G135/><T109/><D109/><U8/><E128/><V127/><F127/><W77/><G77/><T57/><D57/><U10/><E121/><V78/><REACH who="2" step="1"/><F95/><REACH who="2" ten="281,65,272,372" step="2"/><W114/><G123/><T9/><D0/><U85/><E104/><V68/><F68/><N who="3" m="42023" /><G29/><T14/><D1/><U48/><E56/><V132/><F132/><W37/><G37/><T133/><D133/><U120/><E120/><V110/><F110/><W88/><G30/><T64/><D44/><U96/><E46/><V38/><F38/><W75/><G114/><T36/><D36/><U115/><E45/><V119/><F119/><W69/><G69/><T20/><D82/><U90/><E115/><V51/><F51/><W53/><G113/><T130/><D130/><U40/><E48/><V13/><AGARI ba="0,1" hai="3,4,11,13,16,21,41,43,73,78,83,91,94,97" machi="13" ten="20,12000,1" yaku="1,1,0,1,7,1,52,1,54,1,53,0" doraHai="74" doraHaiUra="81" who="2" fromWho="2" sc="281,-40,65,-40,272,130,372,-40" /><INIT seed="6,1,0,1,3,49" ten="241,25,402,332" oya="2" hai0="32,35,57,63,112,113,38,124,128,74,21,9,120" hai1="28,44,36,62,123,78,99,50,19,118,103,26,45" hai2="61,133,135,79,131,116,51,2,129,53,43,33,117" hai3="90,68,80,30,17,64,40,130,84,3,56,10,94"/><V83/><F2/><W82/><G130/><N who="2" m="49673" /><F33/><W102/><G68/><T70/><D70/><U34/><E118/><N who="2" m="45675" /><F43/><W8/><G40/><T31/><D128/><U101/><E123/><V86/><F61/><W27/><G3/><T69/><D120/><U87/><E36/><V7/><F7/><W97/><G17/><T67/><D38/><U15/><E62/><V20/><F20/><N who="3" m="15719" /><G82/><T132/><D74/><U60/><E60/><AGARI ba="1,0" hai="8,10,56,60,64,80,84,90,94,97,102" m="15719" machi="60" ten="30,2000,0" yaku="25,1,8,1" doraHai="49" who="3" fromWho="1" sc="241,0,25,-23,402,0,332,23" /><INIT seed="7,0,0,3,5,107" ten="241,2,402,355" oya="3" hai0="5,79,61,101,66,32,130,106,72,6,54,94,113" hai1="58,117,39,65,35,38,93,127,67,83,64,31,11" hai2="24,85,131,60,27,119,120,109,43,68,126,132,36" hai3="116,42,16,97,133,37,21,52,69,98,88,103,15"/><W17/><G69/><T18/><D32/><U111/><E35/><V2/><RYUUKYOKU type="yao9" ba="0,0" sc="241,0,2,0,402,0,355,0" hai2="2,24,27,36,43,60,68,85,109,119,120,126,131,132" /><INIT seed="7,1,0,4,1,31" ten="241,2,402,355" oya="3" hai0="132,92,101,63,14,5,114,84,109,133,135,39,53" hai1="34,1,26,55,11,51,129,7,58,105,80,107,90" hai2="124,91,98,49,79,38,130,73,18,62,22,17,128" hai3="0,75,119,86,106,41,134,70,6,12,32,20,27"/><W82/><G106/><T15/><D39/><U96/><E129/><N who="2" m="49771" /><F38/><W77/><G70/><T67/><D53/><U126/><E126/><V69/><F124/><W111/><G119/><T36/><D36/><U52/><E55/><V60/><F49/><W87/><G111/><T16/><D109/><U43/><E43/><V102/><F91/><W88/><G41/><T94/><D101/><U115/><E115/><V97/><F17/><W76/><G75/><T9/><D84/><U65/><E65/><N who="2" m="41127" /><F102/><W122/><G122/><T72/><D72/><U78/><E90/><V42/><F42/><W19/><G86/><T46/><D46/><U121/><E121/><V103/><F103/><W47/><G47/><T125/><D125/><U116/><E116/><V4/><F4/><W85/><G85/><T100/><D100/><U48/><E48/><V120/><F120/><W40/><G134/><T30/><D114/><U68/><E80/><N who="2" m="45167" /><F62/><W64/><G64/><T54/><D54/><U95/><E78/><V45/><F45/><W104/><G104/><T44/><D44/><U24/><E105/><V127/><F127/><W3/><G40/><T50/><D50/><U123/><E107/><V99/><F99/><W113/><G113/><T66/><D66/><U112/><E112/><V108/><F108/><W21/><G20/><T74/><D74/><U110/><E110/><V37/><F37/><W117/><G117/><T28/><D67/><U33/><E68/><V83/><F83/><W23/><G21/><N who="0" m="11423" /><D63/><U57/><E57/><V25/><AGARI ba="1,0" hai="18,22,25,97,98" m="45167,41127,49771" machi="25" ten="30,1100,0" yaku="19,1" doraHai="31" who="2" fromWho="2" sc="241,-4,2,-4,402,14,355,-6" owari="237,-16.0,-2,-50.0,416,51.0,349,15.0" /></mjloggm>