<mjloggm ver="2.3"><GO type="169" lobby="0"/><UN n0="%E3%83%8F%E3%83%8D%E3%83%A0%E3%83%BC%E3%83%B3%E2%98%85%E6%B2%B3%E7%AB%A5" n1="%E6%9D%A5%E9%80%B1%E3%81%AE%E7%B3%B8%E4%BA%95" n2="%67%75%73%68" n3="%E3%83%88%E3%83%88%E3%83%AA%E5%85%88%E7%94%9F%31%39%E6%AD%B3" dan="16,16,17,19" rate="2076.39,2062.78,2155.49,2255.94" sx="M,M,M,F"/><TAIKYOKU oya="0"/><INIT seed="0,0,0,2,4,107" ten="250,250,250,250" oya="0" hai0="101,116,128,50,20,43,89,26,72,51,35,112,62" hai1="6,77,31,16,70,8,95,123,14,132,129,109,93" hai2="55,32,36,57,86,117,98,40,106,4,114,60,52" hai3="47,120,121,75,88,9,78,81,1,83,34,108,119"/><T100/><D72/><U30/><E123/><N who="3" m="47178" /><G119/><T80/><D35/><U39/><E39/><V12/><F114/><W2/><G34/><T92/><D80/><U37/><E37/><V67/><F32/><W44/><G108/><T13/><D112/><U66/><E109/><V41/><F117/><W58/><G58/><T38/><D38/><U74/><E132/><V85/><F106/><W105/><G105/><T69/><D69/><U124/><E124/><V10/><F98/><W94/><G83/><T22/><D128/><U125/><E125/><V84/><F36/><W118/><G118/><T59/><D116/><U68/><E129/><V122/><F122/><W76/><G76/><T79/><D79/><U5/><E70/><V0/><F0/><N who="3" m="107" /><G9/><T131/><D131/><U73/><E77/><V63/><REACH who="2" step="1"/><F55/><REACH who="2" ten="250,250,240,250" step="2"/><W111/><G111/><T11/><D43/><U133/><E133/><V7/><F7/><W25/><G25/><T18/><D101/><U113/><E6/><V49/><F49/><N who="0" m="18442" /><D100/><U135/><E135/><V82/><F82/><W3/><G3/><T27/><D26/><U65/><E113/><V45/><F45/><W24/><G24/><T42/><D27/><U33/><E33/><V29/><F29/><W87/><AGARI ba="0,1" hai="44,47,75,78,81,87,88,94" m="107,47178" machi="87" ten="30,4000,0" yaku="13,1,52,1,54,1" doraHai="107" who="3" fromWho="3" sc="250,-20,250,-10,240,-10,250,50" /><INIT seed="1,0,0,5,1,71" ten="230,240,230,300" oya="1" hai0="81,105,92,86,129,132,130,4,80,114,37,40,34" hai1="93,59,19,61,58,17,32,82,112,63,18,109,96" hai2="94,134,33,76,21,118,62,5,53,41,60,135,78" hai3="107,13,7,89,102,83,117,97,42,6,100,131,115"/><U56/><E112/><V64/><F33/><W73/><G115/><T128/><D114/><U110/><E32/><V47/><F118/><W125/><G117/><T30/><D105/><U111/><REACH who="1" step="1"/><E82/><REACH who="1" ten="230,230,230,300" step="2"/><V57/><F135/><W8/><G83/><T23/><D132/><U120/><E120/><V126/><F134/><W36/><G131/><T103/><D34/><U44/><E44/><V11/><F126/><W113/><G125/><T31/><D80/><U122/><E122/><V55/><F94/><W38/><G113/><T9/><D92/><U88/><AGARI ba="0,1" hai="17,18,19,56,58,59,61,63,88,93,96,109,110,111" machi="88" ten="40,18000,2" yaku="1,1,0,1,29,2,14,1,10,1,54,1,53,0" doraHai="71" doraHaiUra="24" who="1" fromWho="1" sc="230,-60,230,190,230,-60,300,-60" /><INIT seed="1,1,0,2,4,61" ten="170,420,170,240" oya="1" hai0="83,111,5,82,44,84,59,135,14,20,77,41,17" hai1="8,72,131,86,107,99,100,27,45,87,79,33,18" hai2="68,122,56,130,103,29,132,74,9,106,36,52,102" hai3="64,121,47,19,124,39,26,109,71,118,53,2,67"/><U126/><E33/><V63/><F122/><W55/><G121/><T70/><D111/><U51/><E131/><V42/><F130/><W4/><G109/><T89/><D135/><U23/><E126/><V129/><F129/><W13/><G124/><T3/><D70/><U16/><E72/><V35/><F74/><W125/><G125/><T6/><D3/><U113/><E79/><V134/><F9/><W32/><G71/><T81/><D59/><U115/><E8/><V69/><F69/><W98/><G118/><T133/><D133/><N who="2" m="51306" /><F106/><W114/><G114/><T31/><D31/><U97/><E97/><V1/><F1/><W112/><G112/><T0/><D0/><U116/><E116/><V91/><F91/><W11/><G98/><T7/><REACH who="0" step="1"/><D77/><REACH who="0" ten="160,420,170,240" step="2"/><U95/><E115/><V75/><F68/><W101/><G2/><T78/><D78/><U28/><E113/><V37/><F75/><W123/><G123/><T30/><D30/><U48/><E28/><V40/><F29/><W21/><G32/><T22/><D22/><U128/><E23/><V25/><F35/><W104/><G21/><T38/><AGARI ba="1,1" hai="5,6,7,14,17,20,38,41,44,81,82,83,84,89" machi="38" ten="30,2000,0" yaku="1,1,0,1,53,0" doraHai="61" doraHaiUra="94" who="0" fromWho="0" sc="160,33,420,-11,170,-6,240,-6" /><INIT seed="2,0,0,2,3,97" ten="193,409,164,234" oya="2" hai0="83,99,68,14,103,40,41,121,49,67,110,15,4" hai1="17,106,65,0,9,111,104,92,11,26,48,63,27" hai2="72,102,76,107,89,80,129,86,44,31,122,132,82" hai3="5,116,56,85,135,64,53,12,79,124,50,18,54"/><V88/><F31/><W36/><G116/><T47/><D121/><U115/><E115/><V118/><F118/><W112/><G36/><T62/><D110/><U94/><E111/><V8/><F122/><W119/><G119/><T61/><D40/><U22/><E48/><V101/><F129/><W3/><G124/><T117/><D117/><U87/><E106/><V84/><F8/><W71/><G135/><T34/><D4/><U58/><E104/><V127/><F44/><W33/><G33/><T98/><D34/><U66/><E66/><V123/><F123/><W46/><G3/><T20/><D98/><U69/><E69/><V42/><F42/><W57/><G5/><T13/><D83/><U120/><E120/><V1/><F1/><W28/><G28/><T75/><D61/><U109/><E109/><V113/><F113/><W130/><G130/><T81/><D81/><U96/><E0/><V128/><F132/><W134/><G134/><T55/><D75/><U30/><E87/><V73/><F128/><W77/><G112/><T126/><D126/><U7/><E7/><V39/><F39/><W6/><G6/><T2/><D2/><U108/><E108/><V25/><F25/><W114/><G85/><T60/><D60/><U43/><E43/><V95/><F127/><W105/><G114/><T131/><D131/><U16/><E17/><V24/><F24/><W35/><G18/><N who="0" m="10335" /><D41/><U93/><REACH who="1" step="1"/><E96/><REACH who="1" ten="193,399,164,234" step="2"/><N who="2" m="59551" /><F76/><W37/><G77/><T74/><D74/><U78/><E78/><V59/><F59/><N who="3" m="33207" /><G79/><T52/><D55/><U51/><E51/><V70/><F70/><RYUUKYOKU ba="0,1" sc="193,10,399,10,164,10,234,-30" hai0="13,14,47,49,52,62,67,68,99,103" hai1="9,11,16,22,26,27,30,58,63,65,92,93,94" hai2="72,73,80,82,84,86,88,89,102,107" /><INIT seed="2,1,1,3,0,115" ten="203,409,174,204" oya="2" hai0="109,111,93,77,86,6,46,48,63,132,23,88,7" hai1="2,42,18,110,12,22,56,113,49,68,66,59,39" hai2="107,91,64,108,119,87,76,102,131,79,37,60,81" hai3="124,95,21,29,31,70,19,58,43,44,30,20,75"/><V57/><F37/><W65/><G75/><T9/><D132/><U99/><E113/><V71/><F131/><W117/><G70/><T78/><D23/><U128/><E2/><V45/><F119/><W80/><G124/><T62/><D109/><U125/><E39/><V16/><F108/><W53/><G117/><T36/><D36/><U0/><E0/><V130/><F130/><W84/><G65/><T94/><D111/><U90/><E68/><V83/><F45/><W15/><G95/><T82/><D94/><N who="1" m="56791" /><E125/><V126/><F126/><W67/><G67/><T28/><D28/><U118/><E66/><V35/><F35/><W133/><G44/><T101/><D101/><U134/><E118/><V5/><F5/><N who="0" m="1546" /><D9/><U103/><E103/><V122/><F122/><W105/><G43/><N who="0" m="24671" /><D78/><U38/><E38/><V89/><F71/><W17/><G105/><T106/><D106/><U40/><E134/><V3/><F3/><W129/><G129/><T25/><D25/><U41/><E110/><V24/><F102/><W116/><G116/><T100/><D100/><U11/><E128/><V121/><F107/><W104/><G104/><T69/><D69/><U10/><E49/><V13/><F24/><N who="3" m="14351" /><G133/><T74/><D74/><U85/><E85/><N who="2" m="50351" /><F121/><W135/><G135/><T61/><D77/><U54/><E59/><V98/><F76/><N who="3" m="46087" /><G58/><T33/><D33/><U52/><E56/><V27/><F27/><W51/><G51/><T97/><D82/><U114/><E114/><V34/><F34/><W123/><G123/><T55/><D86/><U73/><E73/><V127/><F127/><RYUUKYOKU ba="1,1" sc="203,10,409,10,174,-30,204,10" hai0="55,61,62,63,88,93,97" hai1="10,11,12,18,22,40,41,42,52,54" hai3="15,19,21,29,30,31,53" /><INIT seed="3,2,1,5,0,111" ten="213,419,144,214" oya="3" hai0="98,4,73,122,97,77,44,112,126,31,123,121,1" hai1="35,92,81,3,13,89,69,34,96,50,64,100,114" hai2="45,60,54,90,57,129,133,49,106,86,75,36,9" hai3="41,78,21,33,118,120,79,37,102,104,66,62,32"/><W127/><G118/><T91/><D31/><U30/><E3/><V110/><F106/><W58/><G120/><T107/><D44/><U67/><E114/><V108/><F75/><W88/><G127/><T43/><D43/><U17/><E69/><V59/><F129/><W11/><G41/><T22/><D22/><U101/><E35/><V2/><F36/><W132/><G37/><T16/><D16/><U28/><E34/><V95/><F133/><W25/><G33/><T42/><D42/><U47/><E81/><V103/><F103/><N who="1" m="39497" /><E67/><V113/><F57/><W84/><G32/><T74/><D4/><U56/><E56/><V20/><F113/><W5/><G132/><T39/><D1/><U61/><E61/><V24/><F9/><W117/><G117/><T7/><D7/><U130/><E64/><V53/><REACH who="2" step="1"/><F2/><REACH who="2" ten="213,419,134,214" step="2"/><W40/><G102/><N who="0" m="62935" /><D39/><U46/><E130/><V18/><AGARI ba="2,2" hai="18,20,24,45,49,53,54,59,60,86,90,95,108,110" machi="18" ten="30,2000,0" yaku="1,1,0,1,53,0" doraHai="111" doraHaiUra="128" who="2" fromWho="2" sc="213,-7,419,-7,134,46,214,-12" /><INIT seed="4,0,0,3,2,59" ten="206,412,180,202" oya="0" hai0="28,106,111,73,1,29,60,10,118,101,46,114,33" hai1="64,16,120,134,92,48,105,5,39,100,80,125,71" hai2="17,66,108,68,26,21,79,133,55,91,44,82,115" hai3="89,94,110,32,25,4,23,43,19,0,49,123,15"/><T11/><D11/><U34/><E39/><V76/><F108/><W112/><G110/><T52/><D29/><U103/><E105/><V107/><F107/><W128/><G112/><T3/><D118/><U77/><E34/><V30/><F115/><W13/><G128/><T131/><D73/><U54/><E5/><V42/><F133/><W41/><G123/><T75/><D75/><U87/><E125/><V135/><F135/><W99/><G15/><T126/><D114/><U69/><E134/><V22/><F55/><W40/><G0/><T98/><D10/><U130/><E130/><V86/><F66/><W127/><G127/><T74/><D74/><U31/><E31/><V88/><F68/><W90/><G32/><T61/><D126/><U67/><E71/><V58/><F58/><W18/><G4/><T85/><D111/><U116/><E116/><V83/><F83/><W72/><G72/><T78/><D131/><U62/><E67/><V93/><F22/><N who="3" m="13527" /><G89/><T56/><D46/><AGARI ba="0,0" hai="13,19,23,40,41,43,46,49,90,94,99" m="13527" machi="46" ten="30,1000,0" yaku="8,1" doraHai="59" who="3" fromWho="0" sc="206,-10,412,0,180,0,202,10" /><INIT seed="5,0,0,2,5,23" ten="196,412,180,212" oya="1" hai0="74,30,19,72,58,18,35,81,24,99,71,83,37" hai1="5,114,25,28,92,101,57,41,91,87,10,133,49" hai2="79,88,69,111,43,3,21,105,86,129,2,39,45" hai3="65,42,38,132,68,95,90,63,46,131,16,112,102"/><U13/><E114/><V130/><F111/><W134/><G112/><T119/><D71/><U78/><E133/><N who="3" m="51306" /><G131/><N who="2" m="50185" /><F69/><W82/><G82/><T107/><D37/><U48/><E78/><V14/><F79/><W125/><G125/><T29/><D119/><U98/><E57/><V61/><F105/><W103/><G16/><T12/><D58/><U33/><REACH who="1" step="1"/><E41/><REACH who="1" ten="196,402,180,212" step="2"/><V113/><F113/><W9/><G42/><T127/><D74/><U52/><E52/><V109/><F109/><W8/><G68/><T128/><D72/><U47/><E47/><V115/><F115/><W51/><G46/><T89/><D128/><U56/><E56/><V50/><F61/><W11/><G63/><T62/><D62/><U64/><E64/><V135/><F135/><W77/><G65/><T110/><D110/><U106/><AGARI ba="0,1" hai="5,10,13,25,28,33,48,49,87,91,92,98,101,106" machi="106" ten="20,7800,0" yaku="1,1,0,1,7,1,52,1,53,0" doraHai="23" doraHaiUra="117" who="1" fromWho="1" sc="196,-26,402,88,180,-26,212,-26" /><INIT seed="5,1,0,0,0,80" ten="170,490,154,186" oya="1" hai0="34,86,3,96,31,39,135,37,32,13,27,118,47" hai1="74,75,36,62,67,115,101,7,117,16,83,2,42" hai2="24,87,54,110,95,77,122,69,20,120,41,30,107" hai3="78,132,82,125,12,121,43,14,21,46,89,105,23"/><U127/><E16/><V18/><F110/><W130/><G121/><T79/><D3/><U60/><E60/><V134/><F107/><W17/><G105/><T70/><D70/><U113/><E101/><V9/><F134/><W10/><G132/><T72/><D118/><U49/><E49/><V98/><F69/><W57/><G130/><T28/><D135/><U126/><E117/><V29/><F41/><W114/><G114/><T102/><D13/><U6/><E6/><V26/><F54/><W22/><G125/><T123/><D123/><U90/><E90/><V48/><F48/><N who="3" m="26719" /><G78/><T64/><D64/><U84/><E67/><V116/><F116/><W106/><G106/><N who="0" m="63815" /><D86/><U99/><E84/><V88/><F9/><W52/><G82/><N who="0" m="45415" /><D47/><U53/><E115/><V44/><F44/><W56/><G89/><T65/><D65/><U19/><E113/><V1/><F1/><W112/><G112/><T33/><D31/><U81/><E2/><V94/><F77/><W133/><G133/><T93/><D93/><U51/><E126/><V59/><F59/><N who="3" m="22603" /><G52/><T111/><D111/><U108/><E53/><V58/><F58/><W15/><AGARI ba="1,0" hai="10,12,14,15,17,21,22,23" m="22603,26719" machi="15" ten="30,1100,0" yaku="8,1" doraHai="80" who="3" fromWho="3" sc="170,-4,490,-6,154,-4,186,14" /><INIT seed="6,0,0,3,1,81" ten="166,484,150,200" oya="2" hai0="60,95,50,91,118,120,0,122,70,96,117,20,114" hai1="72,30,21,62,44,73,51,55,56,42,119,86,41" hai2="18,26,10,4,37,80,106,75,29,89,3,110,74" hai3="104,71,113,2,5,99,83,8,52,46,103,135,35"/><V67/><F110/><W125/><G35/><T19/><D0/><U69/><E119/><N who="0" m="45577" /><D114/><U85/><E69/><V131/><F106/><W115/><G71/><T123/><D50/><U22/><E73/><V132/><F37/><W39/><G135/><T134/><D134/><U77/><E72/><V17/><F132/><W121/><G121/><T45/><D45/><U100/><E100/><V38/><F38/><W127/><G83/><T82/><D82/><N who="1" m="47311" /><E30/><V133/><F133/><W87/><G87/><T24/><D70/><U49/><E86/><V43/><F43/><N who="3" m="22911" /><G52/><T111/><D60/><U129/><E129/><V84/><F131/><W59/><G59/><T78/><D78/><U76/><E76/><V90/><F90/><W13/><G13/><T1/><D1/><U6/><E6/><V93/><F67/><W7/><G7/><T58/><D58/><N who="1" m="33151" /><E41/><V54/><F54/><AGARI ba="0,0" hai="21,22,42,44,49,54,56,62" m="33151,47311" machi="54" ten="30,2000,0" yaku="8,1,52,1" doraHai="81" who="1" fromWho="2" sc="166,0,484,20,150,-20,200,0" /><INIT seed="7,0,0,4,3,37" ten="166,504,130,200" oya="3" hai0="125,78,130,30,65,72,4,28,94,41,100,119,18" hai1="122,62,128,3,45,46,111,11,93,69,88,113,75" hai2="104,133,2,6,115,12,42,107,71,103,54,60,63" hai3="106,64,114,70,32,10,24,99,132,39,68,105,38"/><W81/><G10/><T7/><D72/><U101/><E111/><V47/><F115/><W120/><G81/><T84/><D65/><U135/><E75/><V67/><F133/><W61/><G120/><T31/><D119/><U134/><E101/><V16/><F6/><W110/><G70/><T87/><D130/><U5/><E113/><V91/><F2/><W55/><G106/><T77/><D125/><U36/><E128/><V13/><F13/><W96/><G96/><N who="0" m="59415" /><D41/><U9/><E46/><V14/><F14/><W80/><G55/><T95/><D18/><U131/><E131/><V108/><F108/><W79/><G114/><T50/><D50/><U118/><E62/><V23/><F91/><W112/><G110/><T48/><D48/><U51/><E51/><V116/><F116/><W15/><G15/><T123/><D123/><U33/><E11/><V129/><F129/><W8/><G8/><T40/><D40/><U22/><E9/><V29/><F29/><N who="3" m="19495" /><G132/><T58/><D58/><U92/><E134/><V0/><F0/><W25/><G68/><T74/><D74/><U43/><E69/><V1/><F1/><W109/><G109/><T102/><D84/><U73/><E3/><V52/><F63/><W49/><G61/><T34/><D34/><U97/><E33/><V124/><F124/><W27/><G112/><T90/><D102/><U26/><E135/><V66/><F66/><W56/><G64/><T35/><D35/><U17/><E122/><V19/><F103/><W83/><G105/><N who="2" m="40521" /><F19/><W59/><G38/><T86/><D86/><U98/><E36/><RYUUKYOKU ba="0,0" sc="166,15,504,-15,130,15,200,-15" hai0="4,7,28,30,31,77,78,87,90,95" hai2="12,16,23,42,47,52,54,60,67,71" owari="181,-22.0,489,58.0,145,-35.0,185,-1.0" /></mjloggm>