<mjloggm ver="2.3"><GO type="169" lobby="0"/><UN n0="%E3%81%AD%E3%81%93%E3%81%AB%E3%82%83%E3%82%93" n1="%E3%82%B7%E3%82%A7%E3%83%95%E3%83%81%E3%83%A7%E3%82%B3" n2="%E6%9C%9D%E9%95%B7%E7%BE%8E%E6%A1%9C%E2%99%AA" n3="%E5%B0%B1%E6%B4%BB%E7%94%9F%40%E5%B7%9D%E6%9D%91%E8%BB%8D%E5%9B%A3" dan="16,16,16,17" rate="2105.93,2086.30,2133.58,2163.93" sx="F,M,M,M"/><TAIKYOKU oya="0"/><INIT seed="0,0,0,4,5,77" ten="250,250,250,250" oya="0" hai0="25,87,22,70,96,37,104,13,91,34,35,95,109" hai1="78,116,65,102,15,14,76,68,89,122,94,98,106" hai2="17,103,107,113,115,120,82,75,121,5,131,40,31" hai3="67,21,133,66,112,1,108,28,62,128,10,57,71"/><T127/><D70/><U36/><E116/><V55/><F17/><W24/><G112/><N who="2" m="43081" /><F55/><W135/><G108/><T114/><D109/><U29/><E36/><V129/><F31/><W45/><G128/><N who="2" m="49225" /><F5/><W126/><G126/><T110/><D127/><U26/><E122/><N who="2" m="47211" /><F40/><W63/><G45/><T99/><D110/><U93/><E68/><V130/><N who="2" m="49233" /><V83/><DORA hai="7" /><F75/><W117/><G117/><T64/><D64/><U32/><E65/><V18/><F18/><W23/><G23/><T119/><D119/><U100/><E14/><V61/><F61/><W41/><G41/><T38/><D114/><U69/><E15/><V51/><F51/><W8/><G1/><T56/><D56/><U90/><E69/><V6/><F6/><W2/><G2/><T125/><D13/><U124/><E124/><V42/><F42/><W111/><G111/><T9/><D125/><U85/><E32/><V49/><F49/><W30/><G30/><T60/><D60/><U97/><E29/><V46/><F46/><W74/><G74/><T20/><D38/><U86/><E26/><V79/><F79/><W50/><G50/><T58/><D58/><U27/><E27/><V123/><N who="2" m="47219" /><V39/><DORA hai="3" /><F39/><W47/><G47/><T101/><D37/><U48/><E48/><V53/><F53/><W132/><AGARI ba="0,0" hai="8,10,21,24,28,57,62,63,66,67,71,132,133,135" machi="132" ten="30,7900,0" yaku="0,1,20,1,52,2" doraHai="77,7,3" who="3" fromWho="3" sc="250,-39,250,-20,250,-20,250,79" /><INIT seed="1,0,0,2,1,112" ten="211,230,230,329" oya="1" hai0="48,69,16,126,66,67,135,9,39,101,75,25,59" hai1="132,134,76,78,1,94,124,70,43,123,119,73,51" hai2="45,110,53,50,102,34,118,105,122,98,96,15,117" hai3="36,81,120,31,91,83,10,55,6,3,103,0,133"/><U131/><E123/><V11/><F110/><W19/><G120/><T85/><D75/><U68/><E131/><V65/><F122/><W13/><G36/><T64/><D39/><U33/><E33/><V111/><F111/><W58/><G133/><N who="1" m="51306" /><E124/><V21/><F34/><W44/><G0/><T121/><D121/><U113/><E113/><V72/><F72/><W106/><G44/><T108/><D108/><U71/><E1/><V8/><F65/><W22/><G91/><T60/><D126/><U130/><E130/><V100/><F21/><W7/><G7/><T84/><D101/><U20/><E73/><V87/><F87/><N who="0" m="33354" /><D69/><U89/><E20/><V49/><F49/><W54/><G54/><T107/><D107/><U115/><E115/><V109/><F109/><W57/><G57/><N who="0" m="36879" /><D135/><U42/><E119/><V125/><F125/><W104/><G31/><T47/><D59/><U4/><E4/><V93/><REACH who="2" step="1"/><F11/><REACH who="2" ten="211,230,220,329" step="2"/><W127/><G127/><T12/><D25/><U86/><E51/><V5/><AGARI ba="0,1" hai="5,8,15,45,50,53,93,96,98,100,102,105,117,118" machi="5" ten="20,12000,2" yaku="1,1,2,1,0,1,7,1,52,2,53,0" doraHai="112" doraHaiUra="128" who="2" fromWho="2" sc="211,-30,230,-60,220,130,329,-30" /><INIT seed="2,0,0,2,3,131" ten="181,170,350,299" oya="2" hai0="18,74,87,107,9,40,125,29,61,89,4,92,68" hai1="127,77,133,90,93,43,75,101,121,100,38,111,25" hai2="71,34,86,130,85,63,0,7,67,78,79,46,11" hai3="122,117,88,42,72,123,65,26,110,66,27,33,19"/><V60/><F34/><W16/><G33/><T80/><D107/><U52/><E38/><V2/><F130/><W12/><G72/><T115/><D115/><U50/><E43/><V20/><F46/><W69/><G42/><T134/><D125/><U35/><E127/><V1/><F60/><W83/><G110/><T24/><D18/><U17/><E111/><V128/><F128/><W114/><G114/><T8/><D40/><U113/><E113/><V54/><F54/><W120/><G117/><T98/><D74/><U22/><E121/><V81/><F20/><W106/><G106/><T59/><D4/><U126/><E126/><V76/><REACH who="2" step="1"/><F86/><REACH who="2" ten="181,170,340,299" step="2"/><W5/><G66/><T28/><D87/><U53/><E35/><V135/><F135/><W45/><G45/><T132/><D68/><U51/><E133/><N who="0" m="51305" /><D80/><U82/><E82/><V84/><F84/><W109/><G69/><T6/><D6/><U108/><E75/><V119/><F119/><W97/><G5/><T13/><D13/><AGARI ba="0,1" hai="0,1,2,7,11,13,63,67,71,76,78,79,81,85" machi="13" ten="40,2000,0" yaku="1,1,53,0" doraHai="131" doraHaiUra="102" who="2" fromWho="0" sc="181,-20,170,0,340,30,299,0" /><INIT seed="2,1,0,5,1,65" ten="161,170,370,299" oya="2" hai0="75,47,119,87,102,113,16,33,91,36,80,118,117" hai1="106,38,20,13,2,68,17,18,79,29,100,83,19" hai2="128,131,9,42,21,111,84,43,5,1,77,11,64" hai3="98,85,46,30,135,53,104,95,6,126,127,35,12"/><V48/><F11/><W90/><G135/><T32/><D113/><U94/><E38/><V81/><F111/><W103/><G6/><T101/><D75/><U45/><E2/><V110/><F110/><W56/><G46/><T55/><D16/><U109/><E106/><V67/><F21/><W10/><G10/><T71/><D71/><U8/><E68/><V112/><F112/><W105/><G12/><T44/><D44/><U66/><E66/><N who="2" m="25131" /><F48/><W72/><G72/><T28/><D28/><U27/><E109/><V15/><BYE who="0" /><F1/><W70/><G70/><T120/><D120/><U73/><E45/><V25/><F25/><UN n0="%E3%81%AD%E3%81%93%E3%81%AB%E3%82%83%E3%82%93" /><W69/><G69/><T49/><REACH who="0" step="1"/><D36/><REACH who="0" ten="151,170,370,299" step="2"/><U51/><E29/><V86/><F5/><W114/><G30/><T24/><D24/><U116/><E18/><V107/><F9/><W93/><G114/><T41/><D41/><U34/><E19/><V82/><F43/><W59/><G35/><AGARI ba="1,1" hai="32,33,35,47,49,55,80,87,91,101,102,117,118,119" machi="35" ten="50,3200,0" yaku="1,1,12,1,53,0" doraHai="65" doraHaiUra="134" who="0" fromWho="3" sc="151,45,170,0,370,0,299,-35" /><INIT seed="3,0,0,3,5,113" ten="196,170,370,264" oya="3" hai0="75,69,10,88,38,128,132,67,57,81,98,15,63" hai1="8,111,62,114,99,123,87,65,30,31,80,110,68" hai2="4,16,22,97,60,121,36,94,0,101,103,130,52" hai3="112,7,72,107,109,51,79,61,35,84,77,93,6"/><W46/><G35/><T100/><D38/><U34/><E114/><V26/><F36/><W1/><G107/><T133/><D128/><U13/><E123/><V120/><F130/><W28/><G112/><T23/><D23/><U125/><E125/><V9/><REACH who="2" step="1"/><F103/><REACH who="2" ten="196,170,360,264" step="2"/><W19/><G109/><T82/><D100/><U115/><E115/><V126/><F126/><W53/><G1/><T108/><D108/><U64/><E110/><V131/><F131/><W76/><G72/><T25/><D75/><U12/><E111/><V56/><AGARI ba="0,1" hai="0,4,9,16,22,26,52,56,60,94,97,101,120,121" machi="56" ten="30,7900,0" yaku="1,1,0,1,54,2,53,0" doraHai="113" doraHaiUra="71" who="2" fromWho="2" sc="196,-20,170,-20,360,89,264,-39" /><INIT seed="4,0,0,5,3,36" ten="176,150,449,225" oya="0" hai0="91,85,95,115,26,57,17,88,80,128,20,1,60" hai1="127,94,63,41,96,104,33,44,15,62,18,102,39" hai2="50,5,78,121,47,48,23,87,59,38,42,86,7" hai3="116,8,90,3,58,89,100,10,11,123,43,24,14"/><T4/><D128/><U109/><E109/><V28/><F121/><W97/><G3/><T56/><D115/><U13/><E127/><V124/><F38/><W81/><G116/><T25/><D1/><U29/><E29/><V67/><F124/><W68/><G68/><T55/><D56/><U120/><E33/><V101/><F101/><W135/><G135/><T61/><D4/><U16/><E120/><V82/><F86/><W46/><G123/><T126/><D126/><U111/><E111/><V37/><F37/><W76/><G58/><T12/><REACH who="0" step="1"/><D61/><REACH who="0" ten="166,150,449,225" step="2"/><U69/><E69/><V134/><F5/><W32/><G32/><T2/><D2/><U93/><E62/><V45/><F7/><W110/><G110/><T117/><D117/><U84/><E63/><V0/><F0/><W66/><G66/><T118/><D118/><U53/><E53/><V129/><F129/><W98/><G24/><T112/><D112/><U40/><E13/><V51/><F59/><W74/><G14/><T122/><D122/><U6/><E6/><V71/><F67/><W52/><G52/><T125/><D125/><U77/><E15/><V103/><F71/><W105/><REACH who="3" step="1"/><G97/><AGARI ba="0,1" hai="12,17,20,25,26,55,57,60,80,85,88,91,95,97" machi="97" ten="30,11600,0" yaku="1,1,7,1,8,1,54,1,53,0" doraHai="36" doraHaiUra="108" who="0" fromWho="3" sc="166,126,150,0,449,0,225,-116" /><INIT seed="4,1,0,2,1,81" ten="292,150,449,109" oya="0" hai0="55,0,15,75,88,116,92,52,18,65,30,119,121" hai1="69,125,37,12,129,43,79,83,85,53,131,102,44" hai2="59,97,104,117,132,135,32,77,5,70,111,64,120" hai3="74,101,133,94,118,95,54,35,112,87,14,78,9"/><T60/><D0/><U91/><E125/><V71/><F5/><W7/><G118/><T105/><D75/><U48/><E69/><V66/><F97/><W42/><G74/><T20/><D105/><U4/><E102/><V110/><F77/><W33/><G112/><T80/><D80/><U86/><E4/><V123/><F59/><W22/><G133/><T67/><D121/><U124/><E12/><V89/><F89/><W13/><G42/><T51/><D30/><U130/><E124/><V98/><F98/><W19/><G54/><T41/><D41/><U93/><E53/><V122/><F32/><W68/><G68/><T103/><D103/><U128/><N who="1" m="33280" /><DORA hai="36" /><U38/><AGARI ba="1,0" hai="37,38,43,44,48,79,83,85,86,91,93" m="33280" machi="38" ten="60,12000,2" yaku="4,1,0,1,19,1,52,3" doraHai="81,36" who="1" fromWho="1" sc="292,-61,150,123,449,-31,109,-31" /><INIT seed="5,0,0,4,5,31" ten="231,273,418,78" oya="1" hai0="16,54,85,27,119,30,113,2,64,36,55,7,48" hai1="43,130,24,79,42,61,37,29,26,34,90,111,82" hai2="117,35,106,47,62,120,38,72,132,98,109,65,91" hai3="121,52,123,124,76,78,122,59,95,84,46,28,108"/><U73/><E130/><V69/><RYUUKYOKU type="yao9" ba="0,0" sc="231,0,273,0,418,0,78,0" hai2="35,38,47,62,65,69,72,91,98,106,109,117,120,132" /><INIT seed="5,1,0,0,5,45" ten="231,273,418,78" oya="1" hai0="69,16,8,110,94,79,75,87,34,112,46,0,26" hai1="93,98,122,121,73,119,126,106,107,133,96,109,85" hai2="1,43,7,48,100,29,71,124,97,14,32,50,21" hai3="11,117,67,114,80,35,19,134,4,90,2,61,31"/><U39/><E39/><V88/><F71/><W91/><G114/><T65/><D112/><U17/><E17/><N who="2" m="10423" /><F43/><W36/><G36/><T3/><D110/><U115/><E115/><V63/><F63/><W74/><G117/><T89/><D34/><U42/><E42/><V30/><F30/><W57/><G134/><T40/><D65/><U38/><E38/><V22/><F22/><W23/><G74/><T120/><D69/><U132/><E73/><V20/><F20/><W6/><G6/><T125/><D120/><N who="1" m="46187" /><E119/><V52/><F88/><W105/><G105/><N who="1" m="39946" /><E109/><V68/><F68/><W12/><REACH who="3" step="1"/><G80/><REACH who="3" ten="231,273,418,68" step="2"/><T123/><D75/><U24/><E132/><V111/><F7/><W129/><G129/><T108/><D123/><U41/><E133/><V95/><F111/><W118/><G118/><T101/><D108/><U131/><E131/><V127/><F124/><W62/><G62/><T5/><D5/><U13/><E126/><V33/><F127/><W130/><G130/><T25/><D125/><U92/><E92/><V82/><F95/><W47/><G47/><T86/><D46/><U51/><E93/><V104/><F82/><W66/><G66/><T58/><D94/><U56/><E98/><V44/><F97/><W84/><G84/><T78/><D87/><U70/><E96/><V18/><F44/><W77/><G77/><T27/><D86/><U53/><E85/><V102/><F104/><W55/><G55/><T99/><D99/><U64/><E53/><V135/><F52/><W76/><G76/><T81/><D79/><U54/><E54/><V49/><F135/><RYUUKYOKU ba="1,1" sc="231,-10,273,-10,418,-10,68,30" hai3="2,4,11,12,19,23,31,35,57,61,67,90,91" /><INIT seed="6,2,1,1,0,130" ten="221,263,408,98" oya="2" hai0="81,39,134,34,12,108,120,67,61,79,49,5,30" hai1="31,74,0,62,2,90,83,117,125,42,38,64,94" hai2="58,107,109,128,19,18,4,17,20,114,127,87,57" hai3="40,46,101,37,95,8,60,66,69,124,54,1,13"/><V65/><F114/><W132/><G124/><T115/><D39/><U43/><E117/><V11/><F107/><W33/><G33/><T96/><D115/><U92/><E92/><V86/><F20/><W97/><G1/><T77/><D108/><U82/><E125/><V3/><F128/><W89/><G54/><T75/><D120/><U56/><E74/><V121/><F121/><W106/><G106/><T59/><D79/><U110/><E0/><V50/><F109/><W122/><G122/><T21/><D34/><U112/><E112/><V129/><F129/><W24/><G24/><T123/><D123/><U85/><E2/><V41/><F58/><W91/><REACH who="3" step="1"/><G132/><REACH who="3" ten="221,263,408,88" step="2"/><T135/><D134/><U32/><E110/><V70/><F3/><W88/><G88/><T7/><D135/><U105/><E105/><V27/><F27/><W47/><G47/><T102/><D102/><U10/><E32/><V9/><F127/><W63/><G63/><T29/><D61/><U22/><E62/><V53/><F53/><W71/><G71/><T84/><D67/><U118/><E64/><V52/><F70/><W76/><G76/><T16/><D77/><U131/><E131/><V45/><F65/><W126/><G126/><T55/><D55/><U80/><E90/><V36/><F52/><W51/><G51/><T72/><D49/><U48/><E48/><V28/><F50/><W116/><G116/><T35/><D35/><U14/><E118/><V119/><F45/><W78/><G78/><T104/><D104/><U100/><E100/><V99/><F119/><W113/><G113/><RYUUKYOKU ba="2,2" sc="221,-10,263,-10,408,-10,88,30" hai3="8,13,37,40,46,60,66,69,89,91,95,97,101" /><INIT seed="7,3,2,1,1,65" ten="211,253,398,118" oya="3" hai0="36,105,95,2,133,88,47,15,7,31,85,132,44" hai1="116,127,61,82,84,27,12,19,92,24,3,8,108" hai2="59,25,40,89,34,45,49,38,86,21,13,117,76" hai3="131,126,29,83,64,26,94,134,20,115,97,99,11"/><W111/><G115/><T71/><D105/><U37/><E108/><V63/><F34/><W69/><G111/><T110/><D110/><U56/><E37/><V14/><F76/><W125/><G134/><N who="0" m="51819" /><D2/><U75/><E127/><N who="3" m="48650" /><G131/><T73/><D73/><U10/><E75/><V67/><F38/><W121/><G121/><T41/><D31/><U48/><E116/><V101/><F101/><W46/><G83/><T16/><D7/><U81/><E48/><V104/><F104/><W70/><G64/><T93/><D47/><U30/><E8/><V55/><F67/><W66/><G66/><T18/><D71/><N who="3" m="27145" /><G46/><T129/><D129/><U28/><E3/><V50/><F117/><W120/><G120/><T52/><D52/><N who="1" m="33927" /><E92/><N who="0" m="35401" /><D15/><U112/><E112/><V122/><F122/><W114/><G114/><T42/><D42/><U5/><E81/><AGARI ba="3,2" hai="16,18,36,41,44,81,85,88" m="35401,51819" machi="81" ten="30,3900,0" yaku="20,1,54,2" doraHai="65" who="0" fromWho="1" sc="211,68,253,-48,398,0,118,0" owari="279,8.0,205,-19.0,398,49.0,118,-38.0" /></mjloggm>