<mjloggm ver="2.3"><GO type="169" lobby="0"/><UN n0="%E3%83%A1%E3%82%AB%E3%82%BC%E3%83%83%E3%83%88%E3%83%B3" n1="%E3%82%A6%E3%83%AB%E3%83%88%E3%83%A9%E7%AB%8B%E7%9B%B4" n2="%E5%BF%83%E6%BB%85" n3="%E2%80%A0%41%71%75%61%E2%80%A0" dan="18,18,18,16" rate="2291.84,2200.03,2267.33,2091.54" sx="M,M,M,M"/><TAIKYOKU oya="0"/><INIT seed="0,0,0,5,5,15" ten="250,250,250,250" oya="0" hai0="2,8,52,4,94,25,110,61,29,64,37,105,20" hai1="71,102,0,100,96,73,127,80,17,10,131,67,43" hai2="101,7,31,122,5,68,58,32,21,40,50,126,34" hai3="23,124,89,107,74,130,86,119,90,129,6,55,36"/><T75/><D105/><U116/><E116/><V112/><F68/><W30/><G74/><T28/><D75/><U77/><E127/><V83/><F101/><W134/><G119/><T97/><D37/><U115/><E115/><V47/><F122/><W70/><G36/><T111/><D28/><U95/><E131/><N who="3" m="50186" /><G70/><T114/><D114/><U51/><E67/><V118/><F126/><W11/><G107/><T87/><D87/><U132/><E71/><V121/><F34/><W106/><G106/><T22/><D22/><U103/><E132/><V85/><F32/><W69/><G69/><T46/><D64/><U65/><E65/><V18/><F121/><W14/><G134/><T35/><D35/><U117/><E117/><V44/><F31/><W128/><G124/><T45/><D61/><U57/><E0/><V72/><F72/><W133/><G133/><T135/><D135/><U76/><E76/><N who="2" m="46311" /><F118/><W48/><G86/><T24/><D24/><U93/><E96/><V1/><F1/><W33/><G33/><T42/><D42/><U62/><E43/><V39/><F112/><W12/><G128/><T16/><D29/><U66/><E51/><V84/><F84/><W3/><G3/><T19/><D19/><U125/><E125/><V108/><F39/><W113/><G113/><T82/><D82/><U78/><E78/><V56/><F50/><W54/><G30/><T53/><D45/><U60/><E60/><V88/><F47/><N who="3" m="27935" /><G55/><N who="0" m="21067" /><D46/><U9/><E17/><AGARI ba="0,0" hai="6,11,12,14,17,23,89,90" m="27935,50186" machi="17" ten="30,2000,0" yaku="19,1,52,1" doraHai="15" who="3" fromWho="1" sc="250,0,250,-20,250,0,250,20" /><INIT seed="1,0,0,4,1,23" ten="250,230,250,270" oya="1" hai0="114,93,11,36,115,27,31,1,78,55,91,9,116" hai1="119,4,38,123,45,109,14,90,66,50,92,94,75" hai2="51,125,69,82,126,104,12,85,81,47,70,35,30" hai3="40,99,63,130,107,54,67,60,76,110,64,97,112"/><U121/><E119/><V79/><F104/><W25/><G112/><T117/><D36/><U73/><E38/><V20/><F35/><W22/><G40/><T32/><D78/><U29/><E66/><V39/><F39/><W88/><G76/><T132/><D55/><U10/><E109/><V15/><F82/><W7/><G7/><N who="0" m="1263" /><D91/><U100/><E29/><V34/><F34/><W111/><G130/><T3/><D93/><U71/><E71/><V103/><F103/><W37/><G37/><T128/><D132/><U57/><E57/><V52/><F15/><W68/><G54/><T5/><D128/><U6/><E6/><V58/><F58/><N who="3" m="36887" /><G107/><T108/><D108/><N who="3" m="41513" /><G88/><T46/><D46/><U98/><E75/><V83/><F83/><W53/><G53/><T122/><D122/><U59/><E73/><V77/><F77/><W129/><G129/><T120/><D120/><U26/><E59/><V72/><F72/><W124/><G124/><N who="2" m="47721" /><F70/><W89/><G89/><T13/><D13/><U8/><E123/><V127/><F69/><W24/><G24/><T33/><D33/><U65/><E26/><N who="2" m="16711" /><F12/><W21/><G25/><T56/><D56/><U105/><E121/><V134/><F127/><W43/><G43/><T87/><D87/><N who="1" m="52319" /><E105/><V74/><F74/><W131/><G131/><T80/><D80/><U18/><E65/><V28/><F134/><W118/><G68/><T49/><D49/><U84/><E84/><V19/><F85/><W44/><G67/><T96/><D96/><U101/><E101/><V0/><F79/><W133/><G133/><T62/><D62/><RYUUKYOKU ba="0,0" sc="250,30,230,-10,250,-10,270,-10" hai0="3,5,11,27,31,32,114,115,116,117" /><INIT seed="2,1,0,0,3,68" ten="280,220,240,260" oya="2" hai0="52,21,25,44,0,120,18,96,34,121,123,85,42" hai1="110,72,87,27,134,38,24,102,3,124,62,71,49" hai2="28,81,70,129,35,56,125,77,1,89,17,117,104" hai3="12,43,20,103,36,45,63,31,112,105,33,132,115"/><V82/><F70/><W59/><G132/><T15/><D0/><U106/><E87/><V97/><F117/><W50/><G33/><T57/><D85/><U7/><E49/><V107/><F1/><W32/><G32/><T133/><D133/><U79/><E27/><V128/><F28/><W127/><G127/><T74/><D74/><U88/><E24/><V80/><F17/><N who="3" m="10279" /><G31/><T10/><D96/><U108/><E88/><V46/><F35/><W92/><G105/><N who="2" m="40521" /><F56/><W37/><G92/><T47/><D34/><U90/><E90/><V99/><F46/><W53/><G103/><T22/><D42/><U40/><E124/><V84/><F125/><W135/><G135/><T9/><D22/><U41/><E134/><V14/><F14/><W118/><G118/><T131/><D131/><N who="2" m="50250" /><F81/><W66/><G66/><T65/><D65/><U83/><E3/><V13/><F13/><W55/><G53/><T122/><N who="0" m="30720" /><DORA hai="75" /><T98/><D98/><N who="1" m="61783" /><E7/><V130/><F130/><W69/><G69/><T114/><D114/><AGARI ba="1,0" hai="36,37,43,45,50,55,59,63,112,114,115" m="10279" machi="114" ten="30,3900,0" yaku="11,1,52,2" doraHai="68,75" who="3" fromWho="0" sc="280,-42,220,0,240,0,260,42" /><INIT seed="3,0,0,4,3,72" ten="238,220,240,302" oya="3" hai0="24,131,102,17,16,54,2,86,132,38,80,28,68" hai1="77,130,115,128,51,50,75,94,57,71,62,59,103" hai2="78,100,135,69,8,35,73,104,105,81,127,119,65" hai3="42,109,20,133,92,32,40,27,106,53,74,114,48"/><W26/><G106/><T1/><D38/><U0/><E0/><V126/><F119/><W111/><G114/><T134/><D68/><U99/><E115/><V61/><F135/><N who="0" m="51754" /><D102/><U58/><E62/><V129/><F129/><N who="1" m="49769" /><E71/><V33/><F8/><W44/><G74/><T64/><D64/><U116/><E116/><V6/><F6/><W21/><G32/><N who="2" m="12361" /><F100/><W19/><G133/><T87/><D87/><U110/><E110/><N who="3" m="41994" /><G92/><T46/><D131/><U11/><E11/><V13/><F13/><W29/><AGARI ba="0,0" hai="19,20,21,26,27,29,40,42,44,48,53" m="41994" machi="29" ten="30,3000,0" yaku="14,1,10,1" doraHai="72" who="3" fromWho="3" sc="238,-10,220,-10,240,-10,302,30" /><INIT seed="3,1,0,5,4,44" ten="228,210,230,332" oya="3" hai0="129,80,79,69,52,75,83,25,34,124,86,11,8" hai1="134,103,27,65,53,46,21,41,135,2,99,1,64" hai2="114,39,7,95,58,67,55,30,107,28,36,109,14" hai3="45,42,4,60,56,43,71,13,77,16,35,61,29"/><W108/><G4/><T128/><D69/><U47/><E53/><V10/><F114/><W38/><G77/><T125/><D34/><U92/><E47/><V89/><F107/><W9/><G42/><T94/><D25/><U130/><E130/><N who="0" m="50281" /><D52/><U98/><E98/><V133/><F109/><W76/><G108/><T17/><D17/><U5/><E65/><V57/><F39/><W12/><G71/><T116/><D116/><U15/><E64/><V119/><F36/><W82/><G13/><T66/><D66/><U59/><E59/><V73/><F73/><W32/><G29/><T102/><D11/><U63/><E63/><N who="2" m="38391" /><F133/><N who="1" m="50697" /><E15/><V115/><F115/><W54/><REACH who="3" step="1"/><G60/><REACH who="3" ten="228,210,230,322" step="2"/><T104/><D79/><U19/><E5/><V112/><F112/><W74/><AGARI ba="1,1" hai="9,12,16,32,35,38,43,45,54,56,61,74,76,82" machi="74" ten="20,12000,1" yaku="1,1,2,1,0,1,7,1,54,1,53,0" doraHai="44" doraHaiUra="93" who="3" fromWho="3" sc="228,-41,210,-41,230,-41,322,133" /><INIT seed="3,2,0,4,4,126" ten="187,169,189,455" oya="3" hai0="85,93,26,9,102,100,22,46,13,116,99,45,68" hai1="135,103,92,33,77,124,130,76,109,6,51,27,23" hai2="129,16,127,14,79,25,112,21,88,81,31,56,7" hai3="125,34,1,105,133,80,91,10,78,73,75,12,90"/><W38/><G125/><T89/><D68/><U65/><E33/><V67/><F127/><W8/><G105/><T37/><D116/><U58/><E124/><V106/><F112/><W40/><G34/><T64/><D64/><U69/><E69/><V118/><F106/><W28/><G28/><T52/><D37/><U114/><E114/><V110/><F118/><W97/><G133/><T86/><D86/><U96/><E109/><V59/><F110/><W131/><G75/><T32/><D32/><U62/><E135/><V83/><F129/><W3/><G131/><T94/><D102/><U134/><E134/><V47/><F7/><W107/><G107/><T84/><D84/><U71/><E130/><V123/><F123/><W87/><G97/><T11/><D52/><U61/><E51/><V39/><F88/><W70/><G70/><T50/><D50/><U115/><E6/><V119/><F119/><W53/><G53/><T4/><REACH who="0" step="1"/><D11/><REACH who="0" ten="177,169,189,455" step="2"/><U101/><E101/><V15/><F67/><W18/><G87/><T74/><D74/><U20/><E115/><V98/><F98/><W19/><G10/><T42/><D42/><U48/><E48/><V55/><F55/><W72/><G73/><T24/><D24/><U17/><E71/><V44/><F39/><W35/><G38/><T57/><D57/><U117/><E117/><V128/><F128/><W41/><G40/><T36/><D36/><U43/><E43/><V66/><F66/><W5/><G41/><T132/><D132/><U0/><E65/><V54/><F54/><W122/><G72/><T29/><AGARI ba="2,1" hai="4,9,13,22,26,29,45,46,85,89,93,94,99,100" machi="29" ten="20,12000,2" yaku="1,1,5,1,0,1,7,1,8,1,53,1" doraHai="126" doraHaiUra="95" who="0" fromWho="0" sc="177,136,169,-32,189,-32,455,-62" /><INIT seed="4,0,0,5,1,4" ten="313,137,157,393" oya="0" hai0="77,84,24,33,72,83,59,80,97,85,133,25,92" hai1="129,23,54,52,116,2,105,75,32,102,126,88,74" hai2="115,86,56,42,46,89,106,3,61,91,40,9,10" hai3="100,55,31,28,7,67,104,19,90,132,20,125,93"/><T38/><D38/><U119/><E32/><V118/><F106/><W66/><G125/><T71/><D71/><U108/><E2/><V68/><F68/><W34/><G7/><T45/><D133/><U15/><E102/><V120/><F120/><W101/><G55/><T58/><D45/><U29/><E105/><V63/><F3/><W124/><G124/><T57/><D33/><U12/><E126/><V62/><F115/><W82/><G82/><T98/><D72/><U43/><E23/><V81/><F118/><W70/><G132/><T49/><D49/><U113/><E29/><N who="3" m="11338" /><G104/><T64/><D64/><N who="3" m="24617" /><G70/><T5/><D5/><U109/><E113/><V79/><F56/><W99/><G34/><T110/><D110/><U128/><E43/><N who="2" m="16427" /><F46/><W95/><G95/><T107/><D107/><U26/><E26/><AGARI ba="0,0" hai="19,20,26,90,93,99,100,101" m="24617,11338" machi="26" ten="30,1000,0" yaku="8,1" doraHai="4" who="3" fromWho="1" sc="313,0,137,-10,157,0,393,10" /><INIT seed="5,0,0,1,3,7" ten="313,127,157,403" oya="1" hai0="72,104,53,6,27,18,30,1,22,0,15,121,46" hai1="79,11,52,66,47,129,112,92,113,80,73,134,19" hai2="133,76,56,51,23,58,9,25,85,135,26,14,34" hai3="118,131,10,68,124,97,87,78,96,130,106,101,123"/><U84/><E66/><V111/><F111/><W5/><G123/><T107/><D72/><U132/><E129/><N who="3" m="49162" /><G68/><T93/><D121/><U39/><E92/><V77/><F34/><W17/><G124/><T20/><D93/><U69/><E69/><V41/><F41/><W60/><G97/><T45/><D53/><U37/><E73/><V105/><F105/><W31/><G31/><T116/><D45/><U127/><E127/><V54/><F58/><W65/><G17/><T109/><D46/><U57/><E47/><V86/><F135/><N who="1" m="51753" /><E19/><N who="2" m="8655" /><F133/><W114/><G114/><N who="1" m="44138" /><E11/><V83/><F77/><W48/><G10/><T44/><D44/><U36/><E36/><V126/><F126/><W75/><G78/><T115/><D107/><U61/><AGARI ba="0,0" hai="37,39,52,57,61,79,80,84" m="44138,51753" machi="61" ten="30,6000,0" yaku="20,1,15,1,54,1" doraHai="7" who="1" fromWho="1" sc="313,-20,127,60,157,-20,403,-20" /><INIT seed="5,1,0,0,5,98" ten="293,187,137,383" oya="1" hai0="71,62,61,77,45,118,47,33,91,108,92,23,74" hai1="17,38,130,126,52,134,93,46,90,81,100,54,56" hai2="60,88,30,2,41,10,123,42,57,49,50,115,67" hai3="32,18,66,28,85,129,15,121,114,87,125,127,3"/><U59/><E126/><N who="3" m="48138" /><G121/><T107/><D107/><U58/><E130/><V99/><F123/><W96/><G3/><T34/><D77/><U76/><E134/><V4/><F115/><W64/><G114/><T101/><D74/><U119/><E119/><V35/><F35/><W112/><G112/><T122/><D91/><U80/><E38/><V6/><F30/><W9/><G96/><T25/><D25/><U22/><E76/><V124/><F124/><W8/><G8/><T102/><D92/><U97/><E46/><V95/><REACH who="2" step="1"/><F4/><REACH who="2" ten="293,187,127,383" step="2"/><W27/><G129/><T84/><D33/><U69/><E69/><V24/><F24/><W120/><G120/><T29/><D34/><U131/><E131/><V72/><F72/><W65/><AGARI ba="1,1" hai="9,15,18,27,28,32,64,65,66,85,87" m="48138" machi="65" ten="30,1100,0" yaku="18,1" doraHai="98" who="3" fromWho="3" sc="293,-4,187,-6,127,-4,383,24" /><INIT seed="6,0,0,4,5,12" ten="289,181,123,407" oya="2" hai0="125,75,93,109,30,66,33,83,24,119,122,52,25" hai1="17,102,20,13,35,22,60,123,46,121,3,86,110" hai2="91,53,58,18,101,79,8,81,76,78,72,80,130" hai3="68,43,14,73,77,120,82,59,4,97,87,10,5"/><V126/><F126/><W2/><G68/><T84/><D109/><U40/><E35/><V85/><F130/><W118/><G118/><T100/><D66/><U103/><E3/><V31/><F31/><W56/><G120/><N who="1" m="46154" /><E110/><V47/><F101/><N who="1" m="38409" /><E60/><V134/><F134/><W99/><G43/><T32/><D119/><U45/><E86/><V98/><F98/><W1/><G73/><T63/><D75/><U70/><E70/><V6/><F47/><N who="1" m="17929" /><E40/><V128/><F128/><W64/><G64/><T113/><D84/><U61/><E61/><V55/><F55/><W23/><G2/><T132/><D52/><U135/><E135/><V133/><F133/><W112/><G1/><T37/><D63/><U26/><E26/><V90/><F90/><W57/><G87/><T94/><D132/><U108/><E108/><V16/><F72/><W42/><G42/><T106/><D122/><U89/><E89/><V71/><F71/><W69/><G69/><T62/><D32/><U15/><E17/><V54/><F81/><W21/><G82/><T96/><D83/><U11/><E11/><V117/><F117/><W104/><G10/><T127/><D33/><U114/><E114/><V95/><F80/><W28/><G112/><T36/><D113/><U74/><E74/><V34/><F34/><W9/><G99/><T49/><D96/><U124/><E124/><V116/><F116/><W19/><G97/><T105/><D127/><U129/><E129/><V67/><F67/><W65/><G65/><T0/><D125/><U39/><E39/><V7/><F8/><W107/><G9/><RYUUKYOKU ba="0,0" sc="289,-10,181,30,123,-10,407,-10" hai1="13,15,20,22" /><INIT seed="7,1,0,2,3,21" ten="279,211,113,397" oya="3" hai0="102,28,44,35,6,19,119,54,20,92,123,13,25" hai1="109,87,112,41,11,116,60,86,0,47,134,88,131" hai2="84,57,58,83,30,96,39,53,3,70,33,27,127" hai3="76,52,15,104,105,114,130,120,48,99,12,95,71"/><W94/><G71/><T32/><D123/><U72/><E72/><V117/><F117/><W18/><G76/><T125/><D119/><U2/><E87/><V36/><F3/><W81/><G81/><T115/><D125/><U89/><E89/><V129/><F70/><W135/><G114/><T22/><D54/><U29/><E60/><V14/><F127/><W97/><G52/><T5/><D44/><U108/><E11/><V16/><F96/><W55/><G55/><T61/><D61/><U101/><E101/><V110/><F110/><W126/><G48/><T93/><D92/><U31/><E2/><V75/><F75/><W90/><G95/><T1/><D93/><U73/><E0/><V45/><F129/><W63/><G94/><T69/><D102/><U78/><E73/><V98/><F98/><W113/><G63/><T107/><D107/><U59/><E131/><V85/><F85/><W43/><G105/><T17/><D115/><U118/><E112/><V8/><F45/><W37/><G104/><T4/><D69/><U91/><E86/><V68/><F68/><W82/><G99/><T122/><D122/><U103/><E116/><V80/><F80/><W40/><G97/><T50/><D50/><U65/><E118/><V62/><REACH who="2" step="1"/><F58/><REACH who="2" ten="279,211,103,397" step="2"/><W100/><G126/><T49/><D1/><U51/><E108/><V7/><F7/><W26/><G130/><T74/><D5/><U34/><E109/><V24/><F24/><W111/><G113/><T77/><D4/><U9/><E59/><V132/><F132/><W133/><G111/><T56/><D56/><RYUUKYOKU ba="1,1" sc="279,-10,211,-10,103,30,397,-10" hai2="8,14,16,27,30,33,36,39,53,57,62,83,84" owari="269,7.0,201,-20.0,133,-37.0,397,50.0" /></mjloggm>