<mjloggm ver="2.3"><GO type="169" lobby="0"/><UN n0="%E3%81%8B%E3%81%8D" n1="%64%65%61%69%75%70%2E%63" n2="%E5%B0%B1%E6%B4%BB%E7%94%9F%40%E5%B7%9D%E6%9D%91%E8%BB%8D%E5%9B%A3" n3="%E3%82%AB%E3%83%84%E3%82%AA%E6%AD%A6%E5%A3%AB" dan="17,17,17,16" rate="2235.29,2123.84,2167.08,2042.49" sx="M,M,M,M"/><TAIKYOKU oya="0"/><INIT seed="0,0,0,5,0,38" ten="250,250,250,250" oya="0" hai0="11,113,45,106,73,90,89,41,108,53,25,23,12" hai1="63,57,102,29,107,88,60,15,36,131,14,80,87" hai2="129,4,37,34,0,65,22,9,118,58,44,85,112" hai3="134,24,111,95,86,5,32,94,19,3,81,122,120"/><T74/><D113/><U126/><E131/><V48/><F34/><W40/><G3/><T47/><D106/><U55/><E126/><V50/><F112/><W13/><G5/><T76/><D108/><U98/><E36/><V46/><F129/><W6/><G111/><T35/><D35/><U105/><E105/><V16/><F118/><W2/><G2/><T69/><D69/><U104/><E104/><V116/><F116/><W92/><G6/><T103/><D103/><U128/><E128/><V133/><F133/><W83/><G24/><T1/><D1/><U135/><E135/><V18/><F85/><W79/><G32/><T49/><D76/><U17/><E29/><V123/><F123/><N who="3" m="47147" /><G19/><N who="0" m="8607" /><D74/><U31/><E31/><V28/><F28/><W132/><G13/><T93/><D73/><U52/><E17/><V75/><F75/><N who="3" m="43263" /><G40/><T67/><D67/><U30/><E30/><V27/><F18/><W99/><G99/><N who="0" m="57775" /><D90/><AGARI ba="0,0" hai="83,86,90,92,94,95,132,134" m="43263,47147" machi="90" ten="30,3900,0" yaku="13,1,34,2" doraHai="38" who="3" fromWho="0" sc="250,-39,250,0,250,0,250,39" /><INIT seed="1,0,0,5,2,81" ten="211,250,250,289" oya="1" hai0="22,87,68,48,109,102,93,88,110,73,17,47,49" hai1="65,92,41,121,58,14,75,100,111,95,39,112,118" hai2="99,71,13,132,54,98,32,61,64,38,86,52,18" hai3="53,119,124,69,6,129,57,11,77,31,8,126,122"/><U90/><E112/><V3/><F3/><W25/><G69/><T9/><D68/><U104/><E118/><V12/><F38/><W67/><G67/><T16/><D73/><U103/><E121/><V131/><F32/><W96/><G122/><T28/><D48/><U74/><E104/><V91/><F131/><W70/><G70/><T5/><D102/><U63/><E39/><V56/><F132/><W42/><G42/><T85/><D85/><U36/><E36/><V1/><F1/><W133/><G133/><T7/><D28/><U107/><E107/><V72/><F72/><W45/><G45/><T84/><D84/><U66/><E41/><V62/><F54/><W55/><G55/><N who="0" m="30143" /><D110/><U78/><E111/><V35/><F13/><W115/><G129/><T113/><D113/><U24/><E14/><V105/><F35/><W15/><G119/><T97/><D97/><U50/><E50/><V0/><F0/><W4/><G96/><T44/><D44/><U134/><E134/><V30/><F30/><W125/><G115/><T130/><D130/><U46/><E46/><V34/><F34/><N who="3" m="20847" /><G77/><T80/><D93/><U59/><E78/><V19/><F105/><W21/><G57/><T23/><D109/><U51/><E51/><V79/><F79/><W37/><G37/><T94/><D94/><U114/><E114/><V2/><F2/><N who="3" m="23" /><G53/><T120/><D120/><U128/><E128/><V27/><F98/><W60/><G60/><T20/><D9/><U40/><E40/><V123/><F99/><W116/><G116/><T127/><D80/><U135/><E135/><RYUUKYOKU ba="0,0" sc="211,-10,250,-10,250,-10,289,30" hai3="6,11,15,21,124,125,126" /><INIT seed="2,1,0,4,2,78" ten="201,240,240,319" oya="2" hai0="38,42,109,51,68,93,20,9,71,111,126,16,82" hai1="103,39,123,8,102,60,75,124,19,119,84,24,4" hai2="135,61,52,36,118,0,95,114,50,116,130,105,133" hai3="12,79,31,2,131,104,59,81,7,34,57,15,23"/><V72/><F105/><W53/><G59/><T96/><D38/><U106/><E75/><V117/><F72/><W45/><G104/><T67/><D126/><U90/><E119/><V56/><F0/><W88/><G34/><T100/><D9/><U112/><E39/><V17/><F36/><W127/><G127/><T113/><D113/><U73/><E73/><V14/><F114/><W32/><G32/><T91/><D42/><U86/><E112/><V121/><F121/><W128/><G45/><T64/><D51/><U22/><E123/><V125/><F125/><W5/><G79/><T87/><D67/><U47/><E124/><V62/><F130/><W77/><G77/><T18/><D18/><U29/><E86/><V65/><F95/><W66/><G66/><T35/><D35/><U6/><E60/><V120/><F120/><W44/><G44/><T58/><D58/><U54/><E106/><V21/><REACH who="2" step="1"/><F62/><REACH who="2" ten="201,240,230,319" step="2"/><N who="3" m="36143" /><G2/><T49/><D49/><U37/><E37/><V43/><F43/><W74/><G74/><T108/><REACH who="0" step="1"/><D64/><REACH who="0" ten="191,240,230,319" step="2"/><U33/><E54/><V63/><F63/><W101/><G131/><T3/><D3/><U25/><E103/><V46/><AGARI ba="1,2" hai="14,17,21,46,50,52,56,61,65,116,117,118,133,135" machi="46" ten="40,18000,2" yaku="1,1,0,1,54,1,53,3" doraHai="78" doraHaiUra="115" who="2" fromWho="2" sc="191,-61,240,-61,230,203,319,-61" /><INIT seed="2,2,0,1,5,91" ten="130,179,433,258" oya="2" hai0="110,39,58,28,6,46,80,121,134,10,57,131,22" hai1="47,9,50,69,44,59,23,48,18,14,84,82,130" hai2="17,83,70,99,90,8,26,15,104,93,94,96,101" hai3="55,43,64,21,25,24,115,118,51,0,102,86,42"/><V4/><F70/><W12/><G0/><T35/><D121/><U87/><E130/><V108/><F108/><W107/><G64/><T105/><D35/><U106/><E106/><V133/><F133/><W56/><G118/><T16/><D110/><U112/><E112/><V125/><F125/><W53/><G25/><T38/><D28/><U73/><E69/><V72/><F72/><W37/><G37/><T79/><D105/><U61/><E73/><V36/><F36/><W54/><G107/><T45/><D131/><U85/><E82/><V109/><F109/><W63/><G102/><T122/><D122/><U34/><E34/><V7/><F83/><W67/><G12/><T135/><D39/><U92/><E9/><V32/><REACH who="2" step="1"/><F104/><REACH who="2" ten="130,179,423,258" step="2"/><W31/><G115/><T68/><D68/><U97/><E44/><V19/><F19/><W98/><G56/><T103/><D57/><U65/><E47/><V78/><F78/><W77/><G77/><T75/><D58/><U71/><E71/><V5/><F5/><W95/><G31/><AGARI ba="2,1" hai="4,7,8,15,17,26,31,32,90,93,94,96,99,101" machi="31" ten="40,7700,0" yaku="1,1,52,2,53,0" doraHai="91" doraHaiUra="76" who="2" fromWho="3" sc="130,0,179,0,423,93,258,-83" /><INIT seed="2,3,0,1,1,43" ten="130,179,516,175" oya="2" hai0="72,45,122,133,38,84,26,69,90,71,75,102,41" hai1="49,47,114,60,98,124,32,18,132,130,91,30,83" hai2="31,51,46,8,88,117,22,87,59,17,61,64,24" hai3="131,21,6,111,127,67,86,113,1,52,35,0,92"/><V28/><F117/><W34/><G113/><T29/><D122/><U104/><E114/><V11/><F31/><W48/><G127/><T44/><D133/><U116/><E116/><V126/><F126/><W14/><G67/><T82/><D102/><U58/><E124/><V66/><F66/><W93/><G131/><T39/><D72/><U23/><E130/><V118/><F28/><W74/><G74/><T62/><D75/><U16/><E32/><V97/><F97/><W53/><G35/><T89/><D62/><U2/><E2/><V119/><F119/><W13/><G93/><T103/><D103/><U123/><E132/><V70/><F70/><W19/><G34/><T112/><D90/><U12/><E104/><V81/><F118/><W76/><G53/><AGARI ba="3,0" hai="8,11,17,22,24,46,51,53,59,61,64,81,87,88" machi="53" ten="30,11600,0" yaku="7,1,8,1,52,1,54,1" doraHai="43" who="2" fromWho="3" sc="130,0,179,0,516,125,175,-125" /><INIT seed="2,4,0,5,0,23" ten="130,179,641,50" oya="2" hai0="15,28,95,117,98,121,71,42,133,33,51,73,104" hai1="78,129,41,66,9,55,74,119,32,57,22,118,109" hai2="14,1,63,31,58,134,3,79,24,56,26,12,4" hai3="88,7,0,49,100,25,37,18,102,54,83,120,6"/><V65/><F134/><W40/><G120/><T97/><D121/><U10/><E32/><V90/><F79/><W30/><G0/><T29/><D71/><U91/><E74/><V2/><F4/><W96/><G40/><T27/><D73/><U36/><E78/><V20/><F58/><W94/><G37/><T135/><D117/><U69/><E91/><V45/><F45/><W112/><G112/><T21/><D104/><U86/><E86/><V114/><F114/><W35/><G18/><T5/><D5/><U84/><E84/><V101/><F101/><W48/><G48/><T8/><D8/><U127/><E22/><V132/><F132/><N who="0" m="50762" /><D15/><U113/><E10/><V126/><F126/><W89/><G89/><N who="0" m="55535" /><D98/><U62/><E9/><V50/><F50/><W53/><G53/><T75/><D75/><U93/><E113/><V77/><F77/><W111/><G111/><T59/><D59/><U34/><E127/><V115/><F115/><W85/><REACH who="3" step="1"/><G102/><REACH who="3" ten="130,179,641,40" step="2"/><T82/><D51/><U106/><E55/><V72/><F90/><W99/><G99/><T131/><D42/><U108/><E41/><V110/><F110/><W80/><G80/><T122/><D82/><U13/><E36/><V19/><REACH who="2" step="1"/><F72/><REACH who="2" ten="130,179,631,40" step="2"/><W124/><G124/><T103/><D103/><U92/><E108/><V39/><F39/><W125/><G125/><T44/><D122/><U123/><E123/><V38/><F38/><W81/><G81/><T67/><D44/><AGARI ba="4,2" hai="6,7,25,30,35,44,49,54,83,85,88,94,96,100" machi="44" ten="30,7700,0" yaku="1,1,7,1,52,1,54,1,53,0" doraHai="23" doraHaiUra="128" who="3" fromWho="0" sc="130,-89,179,0,631,0,40,109" /><INIT seed="3,0,0,1,2,112" ten="41,179,631,149" oya="3" hai0="124,41,30,81,22,72,27,48,131,99,107,35,64" hai1="87,80,79,56,16,28,45,78,123,44,61,60,89" hai2="1,83,132,13,85,68,127,105,12,134,39,95,59" hai3="49,5,23,26,57,7,90,42,76,37,19,114,46"/><W70/><G70/><T94/><D107/><U55/><E28/><V126/><F68/><W54/><G76/><N who="1" m="29226" /><E123/><V100/><F1/><W50/><G114/><T104/><D104/><U91/><E60/><V34/><F39/><W101/><G101/><T6/><D131/><U125/><E125/><N who="2" m="47627" /><F34/><W24/><G37/><T36/><D124/><U106/><E106/><V128/><F105/><W116/><G116/><T51/><D72/><U53/><E53/><V14/><F59/><W117/><G117/><T110/><D110/><U86/><E16/><V129/><F100/><W11/><G11/><T108/><D108/><U113/><E113/><V38/><F38/><W115/><G115/><T62/><D81/><AGARI ba="0,0" hai="44,45,55,56,61,80,81,86,87,89,91" m="29226" machi="81" ten="30,1000,0" yaku="8,1" doraHai="112" who="1" fromWho="0" sc="41,-10,179,10,631,0,149,0" /><INIT seed="4,0,0,4,0,26" ten="31,189,631,149" oya="0" hai0="34,106,83,99,59,91,121,135,25,89,114,81,97" hai1="92,47,126,62,45,5,112,36,9,41,85,98,43" hai2="10,70,40,69,133,102,32,16,30,2,67,24,42" hai3="6,50,13,39,77,21,86,90,65,116,76,109,60"/><T56/><D121/><U52/><E126/><V48/><F133/><W18/><G39/><T73/><D34/><U64/><E112/><V87/><F102/><W105/><G105/><T111/><D25/><U117/><E85/><V80/><F67/><W12/><G109/><T49/><D49/><U131/><E131/><V66/><F66/><W113/><G116/><T37/><D37/><U129/><E129/><V74/><F74/><W110/><G110/><T120/><D120/><U78/><E78/><V118/><F118/><W101/><G101/><N who="0" m="62767" /><D59/><U82/><E82/><N who="0" m="31241" /><D56/><U100/><E117/><V19/><F42/><W35/><G113/><T4/><D4/><U29/><E52/><V11/><F48/><W7/><G35/><T132/><D114/><U53/><E53/><V103/><F103/><W51/><G51/><T63/><D63/><U3/><E45/><V57/><F57/><N who="3" m="37007" /><G50/><T104/><D73/><U14/><E43/><V124/><F40/><W79/><G12/><T108/><D108/><U94/><E3/><V55/><F19/><W75/><G75/><T93/><D104/><U130/><E130/><V1/><F11/><W27/><G13/><T119/><D111/><U84/><E62/><V123/><F55/><W68/><G68/><T107/><D107/><U88/><E64/><V122/><F69/><W22/><G22/><T17/><D119/><U31/><AGARI ba="0,0" hai="5,9,14,29,31,36,41,47,84,88,92,94,98,100" machi="31" ten="30,7900,0" yaku="0,1,52,2,54,1" doraHai="26" who="1" fromWho="1" sc="31,-39,189,79,631,-20,149,-20" owari="-8,-51.0,268,7.0,611,71.0,129,-27.0" /></mjloggm>