<mjloggm ver="2.3"><GO type="169" lobby="0"/><UN n0="%E7%99%BD%E6%BB%9D%E3%81%9C%E3%82%93%E3%81%96%E3%81%84" n1="%E6%97%85%E4%BA%BA%E3%81%A1%E3%82%88%E3%81%99%E3%81%91" n2="%E5%B0%B1%E6%B4%BB%E7%94%9F%40%E5%B7%9D%E6%9D%91%E8%BB%8D%E5%9B%A3" n3="%E2%80%A0%E3%81%BE%E3%83%BC%E5%9D%8A%E2%80%A0" dan="16,16,17,18" rate="2095.37,2136.01,2238.90,2239.21" sx="M,M,M,M"/><TAIKYOKU oya="0"/><INIT seed="0,0,0,5,3,98" ten="250,250,250,250" oya="0" hai0="108,49,52,125,30,124,42,126,97,66,103,6,27" hai1="43,132,85,61,104,28,112,60,10,122,100,118,63" hai2="119,44,35,88,65,74,24,77,113,23,11,128,91" hai3="64,45,94,92,93,12,9,2,102,115,14,13,86"/><T50/><D66/><U33/><E118/><V40/><F113/><W55/><G115/><T25/><D6/><U80/><E112/><V8/><F35/><W46/><G64/><T87/><D108/><U78/><E122/><V56/><F119/><W39/><G39/><T133/><D133/><U79/><E132/><V69/><F69/><W18/><G2/><T48/><D87/><U130/><E130/><V37/><F128/><W95/><G86/><T21/><D42/><U116/><E116/><V67/><F74/><W15/><REACH who="3" step="1"/><G55/><REACH who="3" ten="250,250,250,240" step="2"/><T109/><D109/><U47/><E85/><V17/><F67/><W123/><G123/><T38/><D38/><U20/><E79/><V36/><F36/><W76/><G76/><T4/><D4/><U114/><E78/><V72/><F77/><W89/><G89/><T101/><D97/><AGARI ba="0,1" hai="9,12,13,14,15,18,45,46,92,93,94,95,97,102" machi="97" ten="40,5200,0" yaku="1,1,8,1,52,1,53,0" doraHai="98" doraHaiUra="59" who="3" fromWho="0" sc="250,-52,250,0,250,0,240,62" /><INIT seed="1,0,0,3,5,62" ten="198,250,250,302" oya="1" hai0="113,27,13,58,119,11,111,117,98,118,14,57,94" hai1="92,29,133,76,36,52,100,47,95,9,127,120,108" hai2="37,75,10,128,135,42,50,69,125,41,30,7,45" hai3="122,83,56,32,112,109,78,134,96,16,0,65,3"/><U68/><E120/><V12/><F75/><W54/><G32/><T24/><D113/><U44/><E68/><V74/><F74/><W46/><G112/><T48/><D111/><U66/><E108/><V39/><F69/><W38/><G109/><T6/><D14/><U93/><E127/><V130/><F125/><W91/><G122/><T101/><D48/><U81/><E133/><V26/><F135/><W131/><G0/><T90/><D101/><U115/><E115/><V18/><F7/><W19/><G3/><T35/><D35/><U114/><E114/><V72/><F72/><W55/><G131/><N who="2" m="50217" /><F42/><W107/><G107/><T67/><REACH who="0" step="1"/><D58/><REACH who="0" ten="188,250,250,302" step="2"/><U84/><E100/><V22/><AGARI ba="0,1" hai="10,12,18,22,26,30,37,39,41,45,50" m="50217" machi="22" ten="30,1100,0" yaku="19,1" doraHai="62" who="2" fromWho="2" sc="188,-3,250,-5,250,21,302,-3" /><INIT seed="2,0,0,0,4,61" ten="185,245,271,299" oya="2" hai0="37,74,94,18,49,29,101,62,35,79,2,112,92" hai1="123,3,90,1,39,122,87,23,12,26,32,127,78" hai2="119,43,109,25,67,120,80,46,102,0,45,14,53" hai3="114,89,31,85,71,98,70,19,50,105,28,44,33"/><V73/><F0/><W52/><G114/><T84/><D37/><U111/><E39/><V88/><F119/><W38/><G38/><T117/><D2/><U95/><E111/><V104/><F120/><N who="1" m="46121" /><E127/><V5/><F109/><W48/><G105/><T86/><D112/><U10/><E32/><V58/><F104/><W64/><G98/><T106/><D117/><U15/><E15/><V83/><F102/><W116/><G116/><T134/><D134/><U55/><E55/><V42/><F25/><W4/><G4/><T20/><D106/><U36/><E36/><V118/><F73/><W132/><G71/><T82/><D29/><N who="1" m="17631" /><E78/><V126/><F126/><W21/><G50/><T77/><D35/><U129/><E129/><V128/><F128/><W113/><G33/><T135/><D135/><U66/><E66/><V34/><F34/><W56/><G113/><T115/><D115/><U7/><AGARI ba="0,0" hai="1,3,7,10,12,87,90,95" m="17631,46121" machi="7" ten="30,1100,0" yaku="13,1" doraHai="61" who="1" fromWho="1" sc="185,-3,245,11,271,-5,299,-3" /><INIT seed="3,0,0,3,1,115" ten="182,256,266,296" oya="3" hai0="98,74,8,67,42,128,26,78,27,19,11,4,41" hai1="60,29,70,62,127,57,30,55,101,102,48,97,81" hai2="47,113,108,14,10,105,86,100,68,61,121,104,25" hai3="114,38,31,63,28,71,17,2,58,89,69,82,5"/><W24/><G38/><T84/><D74/><U37/><E127/><V40/><F113/><W131/><G114/><T99/><D128/><U52/><E37/><V134/><F134/><W80/><G131/><T3/><D67/><U1/><E1/><V9/><F9/><N who="0" m="3658" /><D3/><U110/><E110/><V13/><F108/><W76/><G2/><T75/><D75/><U77/><E102/><V18/><F14/><W23/><G5/><T119/><D119/><U112/><E112/><V133/><F133/><W49/><G71/><T120/><D4/><U35/><E35/><V96/><F121/><W111/><G111/><T118/><D118/><U122/><E122/><V43/><F25/><N who="0" m="9226" /><D19/><U44/><E70/><V32/><F32/><W39/><G39/><T54/><D54/><U6/><E6/><V73/><F73/><W56/><G69/><T95/><D120/><U87/><REACH who="1" step="1"/><E60/><REACH who="1" ten="182,246,266,296" step="2"/><V129/><F61/><W85/><G63/><T46/><D46/><U72/><E72/><V79/><F68/><W65/><G31/><T36/><D36/><U59/><E59/><V50/><F129/><W109/><G109/><T88/><D78/><U0/><E0/><V66/><F79/><W132/><G132/><T126/><D126/><U116/><E116/><V92/><F47/><W103/><G28/><T53/><D53/><U16/><E16/><V94/><F18/><W22/><G58/><T15/><D15/><U123/><E123/><V125/><F13/><W93/><G17/><T90/><D90/><U12/><E12/><V33/><F125/><W21/><G89/><T117/><D117/><RYUUKYOKU ba="0,1" sc="182,15,246,15,266,-15,296,-15" hai0="41,42,84,88,95,98,99" hai1="29,30,44,48,52,55,57,62,77,81,87,97,101" /><INIT seed="4,1,1,2,1,29" ten="197,261,251,281" oya="0" hai0="63,131,72,64,122,25,38,116,120,100,115,14,76" hai1="99,73,11,60,112,37,78,77,62,81,129,31,125" hai2="9,69,68,22,5,101,74,41,88,27,121,75,17" hai3="55,15,135,30,93,84,36,65,40,110,53,45,108"/><T86/><D38/><U95/><E37/><V130/><F121/><W89/><G135/><T50/><D72/><U83/><E129/><V70/><F101/><W10/><G65/><T4/><D116/><U1/><E125/><V56/><F130/><W96/><G30/><T85/><D131/><U90/><E112/><V13/><F41/><W94/><G108/><T98/><D115/><U126/><E126/><V35/><F56/><W133/><G133/><T71/><D50/><U6/><REACH who="1" step="1"/><E31/><REACH who="1" ten="197,251,251,281" step="2"/><V54/><F35/><W26/><G110/><T32/><D32/><U103/><E103/><V106/><F106/><W0/><G0/><T97/><D100/><U134/><E134/><V19/><F5/><W132/><G132/><T91/><D4/><U104/><E104/><V59/><REACH who="2" step="1"/><F88/><REACH who="2" ten="197,251,241,281" step="2"/><W105/><G105/><T18/><D91/><U12/><E12/><V117/><F117/><W34/><G34/><T119/><D14/><U66/><E66/><V21/><F21/><W24/><G15/><T107/><D107/><U51/><E51/><AGARI ba="1,3" hai="9,13,17,19,22,27,51,54,59,68,69,70,74,75" machi="51" ten="40,1300,0" yaku="1,1,53,0" doraHai="29" doraHaiUra="102" who="2" fromWho="1" sc="197,0,251,-16,241,46,281,0" /><INIT seed="5,0,0,2,2,59" ten="197,235,287,281" oya="1" hai0="28,48,95,97,82,69,31,88,76,17,122,5,50" hai1="25,129,61,18,108,77,73,127,57,94,80,51,29" hai2="120,124,11,55,89,10,86,36,81,46,38,63,58" hai3="83,68,27,4,96,106,42,66,21,0,104,15,99"/><U123/><E123/><V102/><F120/><W119/><G0/><T109/><D5/><U60/><E129/><V30/><F124/><W87/><G106/><T101/><D109/><U105/><E105/><V22/><F102/><W84/><G104/><T125/><D122/><U52/><E127/><V110/><F110/><W111/><G111/><T91/><D125/><U26/><E108/><V56/><F38/><W62/><G42/><T9/><D69/><U53/><E18/><V3/><F3/><W74/><G74/><T43/><D76/><U33/><E25/><N who="2" m="16695" /><F36/><W131/><G87/><N who="0" m="50295" /><D101/><U20/><E33/><V35/><F35/><W16/><G119/><T47/><D50/><U85/><REACH who="1" step="1"/><E53/><REACH who="1" ten="197,225,287,281" step="2"/><N who="2" m="34191" /><F46/><W67/><G131/><T75/><D47/><U7/><E7/><V6/><F6/><W49/><G4/><T23/><D17/><U78/><E78/><V118/><F118/><W71/><G16/><T132/><D31/><U12/><E12/><V8/><F8/><W121/><G15/><T92/><D9/><U19/><E19/><V2/><F2/><W65/><G121/><T40/><D28/><U79/><E79/><V117/><F117/><W93/><G27/><T13/><D13/><U114/><E114/><V112/><F112/><W24/><G24/><T128/><D128/><U116/><E116/><V54/><F55/><W126/><G126/><T113/><D113/><U44/><E44/><V98/><F11/><W45/><G45/><T70/><D23/><U32/><E32/><V135/><F10/><W133/><G21/><T130/><D130/><U41/><E41/><RYUUKYOKU ba="0,1" sc="197,-10,225,30,287,-10,281,-10" hai1="20,26,29,51,52,57,60,61,73,77,80,85,94" /><INIT seed="5,1,1,2,5,79" ten="187,255,277,271" oya="1" hai0="30,128,133,102,78,17,77,98,62,99,68,90,113" hai1="40,129,72,35,95,11,25,134,9,96,127,46,93" hai2="33,87,132,56,10,23,12,6,123,44,19,111,51" hai3="31,83,32,124,106,116,26,112,55,1,74,47,41"/><U42/><E72/><V105/><F111/><W71/><G112/><T36/><D36/><U107/><E107/><V53/><F123/><W27/><G124/><T122/><D113/><U117/><E117/><V57/><F105/><W50/><G106/><T65/><D122/><U5/><E127/><V86/><F33/><W22/><G1/><T7/><D102/><U89/><E134/><V104/><F104/><W13/><G71/><T108/><D108/><U52/><E129/><V69/><F69/><W97/><G97/><T100/><D100/><U88/><E35/><V59/><REACH who="2" step="1"/><F132/><REACH who="2" ten="187,255,267,271" step="2"/><W115/><G115/><T70/><D133/><U135/><E135/><V37/><F37/><W39/><G32/><T80/><D70/><U76/><E76/><V28/><F28/><W130/><G31/><T81/><D30/><U29/><E29/><V58/><N who="2" m="14848" /><DORA hai="20" /><V121/><F121/><W84/><G39/><T120/><D120/><U4/><E25/><AGARI ba="1,2" hai="6,10,12,19,23,25,44,51,53,86,87" m="14848" machi="25" ten="50,6400,0" yaku="1,1,8,1,52,1,53,0" doraHai="79,20" doraHaiUra="91,66" who="2" fromWho="1" sc="187,0,255,-67,267,87,271,0" /><INIT seed="6,0,0,3,0,18" ten="187,188,354,271" oya="2" hai0="49,70,116,9,54,77,110,120,109,98,67,40,107" hai1="118,12,134,122,115,93,89,91,123,129,41,56,2" hai2="0,80,103,75,130,73,79,113,88,83,121,45,64" hai3="11,95,1,10,132,112,86,35,96,125,38,58,32"/><V82/><F0/><W105/><G38/><T59/><D120/><N who="1" m="46123" /><E118/><V63/><F113/><W119/><G105/><T71/><D116/><U48/><E2/><V30/><F130/><W97/><G35/><T74/><D40/><U102/><E115/><V19/><F30/><W21/><G32/><T133/><D133/><U111/><E134/><V128/><F103/><W84/><G97/><T6/><D77/><U87/><E111/><V16/><F121/><W29/><G125/><T78/><D78/><U28/><E129/><V51/><F128/><W44/><G44/><T24/><D74/><U53/><E41/><V68/><F75/><W92/><G92/><T90/><D107/><U76/><E76/><V131/><F131/><W3/><G3/><T26/><D109/><U124/><E124/><V106/><F106/><W13/><G1/><T72/><D72/><U36/><E36/><V135/><F135/><W99/><G99/><T50/><D110/><U37/><E37/><V14/><F88/><N who="3" m="55399" /><G132/><T81/><D98/><N who="1" m="59727" /><E28/><V17/><F73/><W65/><G119/><T8/><D90/><U23/><E87/><N who="3" m="33322" /><G29/><T7/><D81/><U60/><E91/><V25/><F79/><W52/><G65/><T61/><D70/><U127/><E89/><V15/><F80/><W43/><G43/><T55/><D71/><U42/><E127/><V5/><F64/><W100/><G100/><T66/><D59/><U126/><E126/><V69/><F83/><W47/><G112/><T57/><D57/><U27/><E42/><V114/><F114/><W104/><G104/><T22/><D61/><RYUUKYOKU ba="0,0" sc="187,30,188,-10,354,-10,271,-10" hai0="6,7,8,9,22,24,26,49,50,54,55,66,67" /><INIT seed="7,1,0,1,0,39" ten="217,178,344,261" oya="3" hai0="52,38,89,36,23,2,61,47,111,69,118,66,99" hai1="96,33,104,134,6,91,130,49,115,35,114,24,116" hai2="17,132,28,26,53,82,42,90,105,133,50,78,48" hai3="101,10,37,32,94,55,29,68,92,100,93,60,8"/><W40/><G32/><T79/><D2/><U43/><E6/><V85/><F105/><W5/><G29/><T3/><D3/><U41/><E116/><V135/><F17/><W54/><G68/><T70/><D79/><U19/><E130/><V127/><F127/><W27/><G27/><T125/><D125/><U110/><E110/><V57/><F42/><N who="1" m="15881" /><E134/><V9/><F9/><W88/><G40/><T109/><D70/><U76/><E76/><V59/><F78/><W123/><G123/><T75/><D75/><U18/><E49/><N who="2" m="19051" /><F53/><W25/><G54/><T83/><D47/><U103/><E91/><V13/><F13/><W95/><G37/><T73/><D52/><U31/><E35/><AGARI ba="1,0" hai="26,28,35,57,59,82,85,90,132,133,135" m="19051" machi="35" ten="30,1000,0" yaku="20,1" doraHai="39" who="2" fromWho="1" sc="217,0,178,-13,344,13,261,0" owari="217,-18.0,165,-33.0,357,45.0,261,6.0" /></mjloggm>