<mjloggm ver="2.3"><GO type="169" lobby="0"/><UN n0="%E5%B0%B1%E6%B4%BB%E7%94%9F%40%E5%B7%9D%E6%9D%91%E8%BB%8D%E5%9B%A3" n1="%E3%83%95%E3%83%AA%E3%83%86%E3%83%B3" n2="%E3%81%8A%E3%81%98%E3%81%95%E3%82%93" n3="%E6%8E%A8%E7%A9%BA%EF%BC%B0" dan="18,17,16,16" rate="2293.30,2181.80,2100.78,2145.35" sx="M,M,M,F"/><TAIKYOKU oya="0"/><INIT seed="0,0,0,2,4,15" ten="250,250,250,250" oya="0" hai0="39,23,20,46,126,42,135,45,59,123,83,116,41" hai1="107,129,105,34,67,40,89,81,16,55,64,35,82" hai2="95,57,75,24,60,118,10,102,87,117,29,5,27" hai3="12,44,73,7,84,122,26,4,103,108,88,58,69"/><T0/><D123/><U85/><E40/><V50/><F75/><W36/><G69/><T52/><D116/><N who="2" m="44650" /><F50/><W90/><G73/><T119/><D119/><U1/><E1/><N who="2" m="303" /><F29/><W72/><G72/><T38/><D0/><U54/><E85/><V49/><F49/><W66/><G122/><T33/><D33/><U113/><E113/><V62/><F62/><W61/><G108/><T37/><D126/><U104/><E89/><N who="2" m="53695" /><F102/><W131/><G103/><T97/><D135/><U43/><E43/><V80/><F80/><W134/><G134/><T99/><D39/><U94/><E94/><V114/><F114/><W130/><G36/><T92/><D83/><U32/><E129/><V132/><F132/><W74/><G74/><T11/><D92/><U91/><E91/><V121/><F121/><W14/><G90/><T71/><D71/><U78/><E78/><V125/><F125/><W9/><G44/><T53/><REACH who="0" step="1"/><D59/><REACH who="0" ten="240,250,250,250" step="2"/><U111/><E81/><V124/><F124/><W120/><G120/><T22/><D22/><U70/><E82/><V19/><F19/><W13/><G131/><T21/><D21/><U96/><E70/><V48/><F48/><W79/><G130/><T101/><D101/><U98/><E16/><V68/><F68/><W51/><G51/><T18/><D18/><U93/><E93/><V47/><F47/><W25/><G79/><T106/><D106/><U127/><E127/><V86/><F86/><W110/><G58/><T100/><D100/><U6/><E6/><V128/><F128/><W56/><G4/><T133/><D133/><U65/><E111/><RYUUKYOKU ba="0,1" sc="240,10,250,10,250,10,250,-30" hai0="11,20,23,37,38,41,42,45,46,52,53,97,99" hai1="32,34,35,54,55,64,65,67,96,98,104,105,107" hai2="24,27,57,60" /><INIT seed="0,1,1,0,3,15" ten="250,260,260,220" oya="0" hai0="13,121,14,26,73,55,108,4,69,18,50,85,119" hai1="107,56,93,98,54,105,25,77,61,92,12,106,48" hai2="10,1,96,23,78,90,60,91,114,17,130,122,38" hai3="84,30,27,133,16,80,82,110,39,109,9,131,103"/><T116/><D73/><U65/><E77/><V101/><F114/><W53/><G39/><T89/><D121/><U102/><E92/><V88/><F122/><W104/><G53/><T71/><D108/><N who="3" m="41577" /><G133/><T127/><D127/><U75/><E75/><V70/><F130/><W43/><G43/><T125/><D125/><U83/><E83/><N who="3" m="31786" /><G131/><T128/><D128/><U49/><E12/><V6/><F78/><W86/><G103/><T97/><D97/><U42/><E42/><V124/><F38/><W21/><G104/><T95/><D71/><U76/><E76/><V100/><F124/><W3/><G30/><T87/><D69/><U33/><E33/><V66/><REACH who="2" step="1"/><F96/><REACH who="2" ten="250,260,250,220" step="2"/><W135/><G135/><T35/><D87/><U32/><E32/><V129/><F129/><W74/><G74/><T2/><D35/><U132/><E132/><V40/><F40/><W19/><G3/><T63/><D2/><U29/><E98/><V7/><F7/><W45/><G45/><T112/><D112/><U37/><E37/><V52/><F52/><W47/><G47/><T28/><D4/><U115/><E115/><V11/><F11/><W24/><G9/><T20/><D55/><U51/><E54/><V31/><F31/><W99/><G99/><T67/><D50/><U123/><E123/><V117/><F117/><W44/><G44/><T62/><D116/><U79/><E79/><V68/><F68/><W8/><G8/><T58/><D119/><U111/><E111/><V64/><F64/><W118/><G118/><T0/><D0/><U94/><E102/><V22/><F22/><AGARI ba="1,2" hai="16,19,21,22,24,27,84,86" m="31786,41577" machi="22" ten="30,8000,1" yaku="6,1,14,1,52,2,54,1" doraHai="15" who="3" fromWho="2" sc="250,0,260,0,250,-83,220,103" /><INIT seed="1,0,0,5,4,97" ten="250,260,167,323" oya="1" hai0="51,72,3,123,75,74,116,38,18,33,64,50,93" hai1="135,44,101,19,69,134,99,48,7,125,106,43,68" hai2="67,100,61,70,89,62,124,56,41,55,49,130,23" hai3="65,71,131,57,85,13,37,24,87,110,17,90,122"/><U83/><E125/><V25/><F124/><W103/><G122/><T107/><D107/><U84/><E7/><V63/><F130/><W35/><G37/><T77/><D116/><U82/><E82/><V59/><F89/><W126/><G71/><T52/><D38/><U88/><E19/><V66/><F100/><W94/><G131/><T60/><D33/><U127/><E127/><V111/><F23/><W26/><G126/><T8/><D123/><U104/><REACH who="1" step="1"/><E106/><REACH who="1" ten="250,250,167,323" step="2"/><V92/><F92/><W115/><G94/><T96/><D77/><U53/><E53/><V133/><F25/><W10/><G17/><T79/><D79/><U86/><E86/><V16/><F16/><W31/><G87/><T102/><D52/><U14/><E14/><V6/><F6/><W0/><G24/><T120/><D120/><U12/><E12/><V9/><F9/><W91/><G13/><T15/><REACH who="0" step="1"/><D3/><REACH who="0" ten="240,250,167,323" step="2"/><U58/><E58/><AGARI ba="0,2" hai="8,15,18,50,51,58,60,64,72,74,75,93,96,102" machi="58" ten="40,5200,0" yaku="1,1,2,1,52,1,53,0" doraHai="97" doraHaiUra="1" who="0" fromWho="1" sc="240,72,250,-52,167,0,323,0" /><INIT seed="2,0,0,0,5,72" ten="312,198,167,323" oya="2" hai0="62,73,13,127,46,26,115,44,91,135,110,60,0" hai1="56,57,20,12,105,5,22,103,83,31,30,95,8" hai2="51,14,16,85,87,18,39,77,82,3,23,109,123" hai3="71,40,104,32,55,129,116,59,49,29,86,58,4"/><V50/><F39/><W97/><G116/><T80/><D0/><U19/><E105/><V28/><F3/><W101/><G71/><T11/><D115/><U78/><E31/><V75/><F123/><W65/><G129/><T68/><D127/><U69/><E69/><V126/><F126/><W15/><G40/><T122/><D122/><U128/><E128/><V119/><F119/><W24/><G86/><T90/><D135/><U45/><E30/><V47/><F109/><W131/><G131/><T93/><D110/><U1/><E22/><V70/><F70/><W121/><G121/><T27/><D73/><U111/><E111/><V9/><F28/><W52/><G65/><T66/><D80/><U81/><E81/><V120/><F120/><W64/><G64/><T34/><D91/><U133/><E133/><V96/><F96/><W106/><G15/><T92/><D92/><U118/><E118/><V130/><F130/><W88/><G4/><T21/><D62/><U6/><E6/><V108/><F108/><W94/><G101/><T38/><D34/><U125/><E125/><V107/><F107/><W89/><G89/><T36/><D36/><U54/><E95/><V53/><REACH who="2" step="1"/><F51/><AGARI ba="0,0" hai="24,29,32,49,51,52,55,58,59,88,94,97,104,106" machi="51" ten="30,7700,0" yaku="7,1,9,1,54,2" doraHai="72" who="3" fromWho="2" sc="312,0,198,0,167,-77,323,77" /><INIT seed="3,0,0,3,5,25" ten="312,198,90,400" oya="3" hai0="110,123,82,20,119,42,22,112,57,18,60,81,43" hai1="63,79,77,103,93,73,130,68,15,90,48,13,84" hai2="36,86,67,17,24,75,108,99,72,88,54,8,12" hai3="80,97,5,65,91,100,135,102,118,33,23,4,32"/><W2/><G118/><T19/><D123/><U70/><E130/><V92/><F36/><W52/><G65/><T126/><D119/><U38/><E38/><V107/><F108/><W121/><G121/><T34/><D34/><U37/><E37/><V111/><F111/><W16/><G135/><T31/><D110/><U30/><E103/><V46/><F67/><W127/><G80/><T78/><D126/><U85/><E73/><V35/><F46/><W101/><G127/><T104/><D104/><U89/><E48/><V21/><F35/><W106/><G106/><T62/><D57/><U51/><E51/><V7/><REACH who="2" step="1"/><F54/><REACH who="2" ten="312,198,80,400" step="2"/><W59/><G32/><T87/><D112/><U76/><E70/><V27/><F27/><N who="3" m="14823" /><G33/><T120/><D120/><U56/><E68/><V66/><F66/><W61/><G2/><T14/><D43/><U133/><E133/><V129/><F129/><W9/><G9/><T132/><D42/><U128/><E128/><V45/><F45/><W134/><G134/><T95/><D132/><U124/><E124/><V11/><F11/><W26/><G26/><T49/><D49/><U64/><E13/><V47/><F47/><W114/><G114/><T83/><D62/><U41/><E15/><V116/><F116/><W69/><G69/><T6/><D60/><U115/><E41/><V10/><F10/><W71/><G71/><T39/><D39/><U44/><E44/><V53/><F53/><W117/><G117/><T122/><D122/><U55/><E55/><V131/><F131/><W94/><AGARI ba="0,1" hai="4,5,52,59,61,91,94,97,100,101,102" m="14823" machi="94" ten="30,11700,0" yaku="25,1,8,1,54,2" doraHai="25" who="3" fromWho="3" sc="312,-39,198,-39,80,-39,400,127" /><INIT seed="3,1,0,4,0,0" ten="273,159,41,527" oya="3" hai0="105,124,46,103,59,21,2,53,30,1,65,96,91" hai1="119,78,64,15,43,87,58,85,18,126,14,74,99" hai2="63,3,89,121,128,33,9,22,82,100,48,132,120" hai3="113,4,24,49,29,112,81,83,62,73,23,20,98"/><W69/><G49/><T12/><D124/><U27/><E126/><V66/><F33/><W108/><G98/><T130/><D130/><U7/><E119/><V104/><F128/><W95/><G95/><T54/><D65/><U122/><E122/><N who="2" m="47211" /><F132/><W13/><G73/><T92/><D46/><U56/><E74/><V34/><F34/><W6/><G62/><T39/><D39/><U125/><E125/><V93/><F22/><W47/><G47/><T45/><D45/><U86/><E78/><V28/><F28/><W44/><G44/><T133/><D133/><U70/><E70/><N who="2" m="42335" /><F48/><W17/><G69/><T42/><D42/><U80/><E80/><V116/><F116/><W50/><G50/><T11/><D54/><U38/><E38/><V25/><F25/><W107/><G107/><T41/><D41/><U8/><E43/><V106/><F82/><W88/><G83/><T102/><D21/><U118/><E118/><V67/><F100/><W114/><G81/><T127/><D30/><U84/><E27/><V101/><F101/><W52/><G52/><T123/><D123/><U31/><E31/><V111/><F67/><W117/><G117/><T51/><D127/><U129/><E129/><V19/><F111/><W76/><G76/><T36/><D36/><U94/><N who="1" m="21504" /><DORA hai="26" /><U109/><E109/><V90/><F93/><W68/><G108/><T57/><D103/><N who="1" m="60919" /><E64/><V71/><F71/><W72/><G68/><T115/><D102/><U97/><E97/><V16/><F3/><W40/><G72/><T37/><D37/><U61/><E61/><V131/><F131/><RYUUKYOKU ba="1,0" sc="273,-10,159,30,41,-10,527,-10" hai1="7,8,14,15,18,56,58" /><INIT seed="4,2,0,0,2,58" ten="263,189,31,517" oya="0" hai0="62,9,45,50,27,121,32,104,114,122,75,110,10" hai1="74,21,96,2,89,128,76,43,29,70,55,51,90" hai2="94,88,115,6,30,135,131,24,20,82,67,61,119" hai3="46,72,103,134,18,8,117,16,129,11,87,105,12"/><T113/><D104/><U28/><E2/><V84/><F115/><N who="0" m="44042" /><D75/><U101/><E70/><V71/><F131/><W39/><G117/><T49/><D32/><U66/><E66/><V120/><F120/><N who="0" m="46186" /><D27/><U53/><E76/><V7/><F135/><W102/><G72/><T123/><D110/><U52/><E74/><V86/><REACH who="2" step="1"/><F119/><REACH who="2" ten="263,189,21,517" step="2"/><W14/><G134/><T56/><D123/><U106/><E128/><V81/><F81/><W78/><G129/><T26/><D26/><U22/><E28/><V36/><F36/><W19/><G105/><T23/><D23/><U31/><E29/><V80/><F80/><N who="3" m="47511" /><G39/><T97/><D97/><U108/><E108/><V47/><F47/><W116/><G46/><T3/><D3/><U65/><E31/><V132/><F132/><W63/><G116/><T0/><D0/><U133/><E133/><V77/><AGARI ba="2,1" hai="6,7,20,24,30,61,67,71,77,82,84,86,88,94" machi="77" ten="20,8000,1" yaku="1,1,0,1,7,1,52,1,54,1,53,0" doraHai="58" doraHaiUra="98" who="2" fromWho="2" sc="263,-42,189,-22,21,96,517,-22" /><INIT seed="5,0,0,2,0,89" ten="221,167,117,495" oya="1" hai0="56,44,118,116,86,28,90,39,52,125,76,33,46" hai1="94,43,133,48,78,135,30,70,45,54,106,37,32" hai2="40,13,10,50,0,108,77,36,93,57,105,63,132" hai3="8,21,2,16,82,14,122,75,84,26,131,129,80"/><U25/><E106/><V4/><F105/><W111/><G122/><T67/><D67/><U98/><E78/><V64/><F108/><W71/><G111/><T11/><D76/><U104/><E104/><V124/><F132/><W47/><G71/><T85/><D125/><U110/><E70/><V117/><F117/><W53/><G75/><T102/><D102/><U9/><E9/><V114/><F124/><W91/><G2/><T65/><D65/><U59/><REACH who="1" step="1"/><E110/><REACH who="1" ten="221,157,117,495" step="2"/><V119/><F119/><W27/><G82/><T100/><D11/><U88/><AGARI ba="0,1" hai="25,30,32,37,43,45,48,54,59,88,94,98,133,135" machi="88" ten="30,12000,1" yaku="1,1,2,1,0,1,52,1,54,1,53,0" doraHai="89" doraHaiUra="58" who="1" fromWho="1" sc="221,-40,157,130,117,-40,495,-40" /><INIT seed="5,1,0,0,2,62" ten="181,287,77,455" oya="1" hai0="29,19,86,110,134,3,91,123,26,4,44,118,129" hai1="33,59,132,14,56,30,73,9,34,61,83,117,16" hai2="58,108,23,120,41,72,76,125,79,36,81,45,64" hai3="98,27,35,107,103,21,57,32,88,102,124,122,31"/><U10/><E117/><V130/><F120/><W50/><G122/><T85/><D118/><U47/><E132/><V96/><F108/><W119/><G119/><T12/><D123/><U66/><E30/><V1/><F125/><W69/><G124/><T121/><D110/><U55/><E47/><V2/><F130/><W53/><G103/><T77/><D121/><U127/><E127/><V90/><F79/><W106/><G107/><T113/><D129/><U65/><E10/><V28/><F28/><W63/><G88/><T78/><D4/><U115/><E115/><V99/><F23/><W105/><G106/><T92/><D3/><U111/><E111/><V43/><F43/><W97/><G98/><T40/><D86/><U89/><E89/><V11/><F11/><W70/><REACH who="3" step="1"/><G63/><REACH who="3" ten="181,287,77,445" step="2"/><T80/><D80/><U67/><REACH who="1" step="1"/><E59/><REACH who="1" ten="181,277,77,445" step="2"/><V101/><F58/><W93/><G93/><T135/><D135/><U5/><E5/><V48/><F96/><W39/><G39/><T116/><D134/><U68/><E68/><AGARI ba="1,2" hai="21,27,31,32,35,50,53,57,68,69,70,97,102,105" machi="68" ten="40,1300,0" yaku="1,1,53,0" doraHai="62" doraHaiUra="6" who="3" fromWho="1" sc="181,0,277,-16,77,0,445,36" /><INIT seed="6,0,0,2,1,62" ten="181,261,77,481" oya="2" hai0="80,107,41,104,128,36,113,112,122,93,102,63,132" hai1="2,135,99,48,94,100,126,52,6,44,34,14,101" hai2="133,134,116,24,67,47,3,73,58,57,78,88,46" hai3="86,11,10,29,89,45,0,26,65,114,83,130,1"/><V129/><F116/><W119/><G119/><T75/><D122/><U66/><E34/><V43/><F3/><W120/><G120/><T115/><D128/><U98/><E135/><N who="2" m="51723" /><F129/><W60/><G130/><T32/><D132/><U74/><E74/><V7/><F7/><W8/><G114/><T97/><D32/><U85/><E126/><V90/><F24/><W9/><G45/><N who="2" m="16905" /><F43/><W68/><N who="3" m="2048" /><DORA hai="131" /><W13/><REACH who="3" step="1"/><G13/><REACH who="3" ten="181,261,77,471" step="2"/><T23/><D41/><U53/><E14/><V50/><F50/><W49/><G49/><T76/><D36/><U61/><E6/><V79/><F73/><W125/><G125/><T40/><D40/><U70/><E2/><V42/><F42/><W105/><G105/><T21/><D107/><U121/><E121/><V103/><F103/><W108/><G108/><T22/><D104/><U55/><E101/><V87/><F90/><W17/><G17/><T123/><D123/><U39/><E39/><V96/><F96/><W69/><G69/><T109/><D109/><U20/><E99/><V19/><F19/><W127/><G127/><T27/><D63/><U25/><E85/><V15/><F15/><W51/><G51/><T118/><D118/><U38/><E38/><V77/><F67/><W37/><G37/><T54/><D54/><U84/><E84/><V4/><F4/><W28/><G28/><AGARI ba="0,1" hai="21,22,23,27,28,75,76,80,93,97,102,112,113,115" machi="28" ten="40,1300,0" yaku="15,1" doraHai="62,131" who="0" fromWho="3" sc="181,23,261,0,77,0,471,-13" /><AGARI ba="0,0" hai="20,25,28,44,48,52,53,55,61,66,70,94,98,100" machi="28" ten="30,3900,0" yaku="7,1,52,1,54,1" doraHai="62,131" who="1" fromWho="3" sc="204,0,261,39,77,0,458,-39" /><INIT seed="7,0,0,5,4,61" ten="204,300,77,419" oya="3" hai0="103,28,131,90,74,13,69,89,3,55,0,104,124" hai1="50,42,121,62,53,117,78,39,22,127,86,59,96" hai2="35,85,9,111,51,72,91,60,4,75,88,30,8" hai3="118,36,21,14,125,2,18,26,80,31,58,79,48"/><W46/><G118/><T102/><D74/><U63/><E121/><V6/><F111/><W7/><G125/><T130/><D69/><U93/><E127/><V134/><F134/><W38/><G58/><T10/><D28/><U122/><E122/><V54/><F30/><W41/><G2/><T32/><D32/><U40/><E117/><V1/><F35/><W44/><G7/><T65/><D55/><U109/><E109/><V12/><F91/><W132/><G132/><T94/><D104/><U98/><E39/><V11/><F11/><W66/><G66/><T126/><D10/><U33/><E33/><V83/><F60/><W135/><G135/><T5/><D94/><U49/><E63/><V95/><F95/><W133/><G133/><T128/><D13/><U67/><E22/><V97/><F97/><W105/><G105/><T77/><D77/><U27/><E27/><V99/><F99/><W34/><G44/><T100/><D65/><U101/><E96/><V119/><F119/><W17/><G17/><T115/><D115/><U29/><E29/><V116/><F116/><W76/><G76/><T87/><D87/><AGARI ba="0,0" hai="14,18,21,26,31,34,36,38,41,46,48,79,80,87" machi="87" ten="30,1500,0" yaku="7,1" doraHai="61" who="3" fromWho="0" sc="204,-15,300,0,77,0,419,15" owari="189,-21.0,300,10.0,77,-42.0,434,53.0" /></mjloggm>