<mjloggm ver="2.3"><GO type="169" lobby="0"/><UN n0="%E2%98%86%E3%83%89%E3%83%8A%E3%83%AB%E3%83%89%E6%95%99%E5%BE%92%E2%98%86" n1="%E3%81%82%E3%81%B2%E3%82%8B%E3%81%95%E3%82%93" n2="%4A%61%6E%2D%4D%61%63%68" n3="%E3%83%88%E3%83%88%E3%83%AA%E5%85%88%E7%94%9F%31%39%E6%AD%B3" dan="16,16,17,18" rate="2049.94,2091.76,2194.25,2225.27" sx="M,M,M,F"/><TAIKYOKU oya="0"/><INIT seed="0,0,0,4,2,98" ten="250,250,250,250" oya="0" hai0="105,106,113,60,1,81,52,6,42,83,85,46,39" hai1="16,56,2,75,7,133,90,15,14,70,19,88,30" hai2="76,87,121,107,78,44,77,74,125,43,66,36,89" hai3="86,35,82,124,122,115,53,134,32,80,118,13,97"/><T5/><D113/><U64/><E75/><V123/><F74/><W62/><G115/><T95/><D95/><U29/><E70/><V94/><F125/><W101/><G118/><T132/><D132/><U21/><E7/><V59/><F107/><W129/><G134/><T38/><D38/><U27/><E133/><V117/><F117/><W120/><G124/><T119/><D119/><U116/><E116/><V57/><REACH who="2" step="1"/><F66/><REACH who="2" ten="250,250,240,250" step="2"/><W112/><G112/><T111/><D105/><U20/><E2/><V96/><F96/><W68/><G97/><T40/><D106/><U25/><E64/><V99/><F99/><W23/><G122/><AGARI ba="0,1" hai="36,43,44,57,59,76,77,78,87,89,94,121,122,123" machi="122" ten="40,1300,0" yaku="1,1,53,0" doraHai="98" doraHaiUra="100" who="2" fromWho="3" sc="250,0,250,0,240,23,250,-13" /><INIT seed="1,0,0,2,5,71" ten="250,250,263,237" oya="1" hai0="7,6,49,14,98,28,119,95,125,19,122,76,108" hai1="55,43,35,106,80,87,57,97,107,38,54,41,86" hai2="27,39,129,64,130,127,63,91,128,103,29,25,22" hai3="111,4,68,110,82,74,34,8,92,115,21,72,101"/><U102/><E35/><V30/><F91/><W124/><G68/><T81/><D119/><U60/><E107/><V93/><F127/><W104/><G34/><T133/><D108/><N who="3" m="41513" /><G115/><T65/><D133/><U67/><E87/><V33/><F39/><W16/><G104/><T78/><D122/><U121/><E121/><V1/><F1/><N who="3" m="15" /><G124/><T36/><D65/><U26/><E26/><V112/><F112/><W9/><G9/><T83/><D49/><U11/><E11/><V45/><F45/><W46/><G82/><N who="0" m="31243" /><D28/><U56/><E38/><V13/><F13/><N who="3" m="9359" /><G46/><T77/><D36/><U96/><E96/><AGARI ba="0,0" hai="72,74,92,96,101" m="9359,15,41513" machi="96" ten="30,2000,0" yaku="14,1,54,1" doraHai="71" who="3" fromWho="1" sc="250,0,250,-20,263,0,237,20" /><INIT seed="2,0,0,3,5,82" ten="250,230,263,257" oya="2" hai0="8,25,70,94,34,16,37,101,14,52,59,67,65" hai1="49,24,42,26,109,64,119,111,78,83,54,74,48" hai2="102,41,96,11,116,106,69,58,92,30,47,107,6" hai3="112,23,32,84,130,91,121,132,45,105,7,22,90"/><V17/><F69/><W63/><G121/><T0/><D37/><U61/><E42/><V20/><F58/><W15/><G32/><T80/><D70/><N who="1" m="42255" /><E119/><V5/><F30/><W44/><G105/><T79/><D0/><U86/><E74/><V29/><F29/><W81/><G130/><T125/><D125/><U53/><E49/><V2/><F5/><W50/><G132/><T88/><D101/><U18/><E18/><V77/><F77/><W9/><G112/><T75/><D25/><N who="1" m="9835" /><E48/><V12/><REACH who="2" step="1"/><F116/><REACH who="2" ten="250,230,253,257" step="2"/><W118/><G118/><T128/><D34/><U122/><E122/><V43/><F43/><W27/><G63/><T60/><REACH who="0" step="1"/><D128/><REACH who="0" ten="240,230,253,257" step="2"/><U129/><E129/><V124/><F124/><W104/><G7/><T131/><D131/><U57/><E111/><V55/><F55/><W1/><G1/><T114/><D114/><U46/><E109/><V36/><AGARI ba="0,2" hai="2,6,11,12,17,20,36,41,47,92,96,102,106,107" machi="36" ten="20,7800,0" yaku="1,1,0,1,7,1,53,1" doraHai="82" doraHaiUra="35" who="2" fromWho="2" sc="240,-26,230,-26,253,98,257,-26" /><INIT seed="2,1,0,2,0,70" ten="214,204,351,231" oya="2" hai0="13,81,116,86,130,44,133,32,106,126,76,101,49" hai1="85,31,67,80,12,25,63,100,21,120,96,40,90" hai2="135,14,74,7,132,93,9,51,22,68,122,61,30" hai3="98,129,102,5,8,119,19,45,10,46,20,94,123"/><V84/><F74/><W107/><G119/><T4/><D32/><U26/><E120/><V118/><F51/><W75/><G123/><T125/><D116/><U33/><E12/><V53/><F122/><W50/><G75/><T0/><D0/><U55/><E55/><V48/><F118/><W131/><G107/><T73/><D130/><N who="3" m="49673" /><G5/><T56/><D56/><U35/><E40/><V47/><F68/><W105/><G105/><T18/><D4/><U34/><E26/><V108/><F61/><W6/><G6/><T1/><D1/><U2/><E2/><V113/><F113/><W11/><G50/><T114/><D114/><U115/><E115/><V77/><F30/><W43/><G43/><T71/><D71/><U111/><E111/><V29/><F29/><W41/><G41/><T28/><D28/><U42/><E42/><V38/><F22/><W16/><G19/><T91/><D18/><U57/><REACH who="1" step="1"/><E35/><REACH who="1" ten="214,194,351,231" step="2"/><V117/><F108/><W124/><G124/><T134/><D13/><AGARI ba="1,1" hai="8,10,11,13,16,20,45,46,94,98,102" m="49673" machi="13" ten="30,2000,0" yaku="19,1,54,1" doraHai="70" who="3" fromWho="0" sc="214,-23,194,0,351,0,231,33" /><INIT seed="3,0,0,5,0,31" ten="191,194,351,264" oya="3" hai0="64,123,1,99,117,10,3,5,111,102,13,82,44" hai1="17,119,19,16,108,12,100,21,122,85,36,98,127" hai2="27,96,54,107,14,120,74,32,75,126,20,2,65" hai3="47,53,118,56,95,92,24,78,133,116,30,135,66"/><W130/><G66/><T105/><D117/><N who="3" m="45161" /><G47/><T129/><D111/><U37/><E127/><V81/><F126/><W103/><G78/><T49/><D129/><U67/><E122/><V70/><F120/><W94/><G103/><T52/><D123/><U124/><E108/><V131/><F131/><W57/><G53/><T29/><D64/><U40/><E124/><V90/><F54/><W38/><G130/><T125/><D125/><U11/><E119/><V62/><F81/><W46/><G46/><T0/><D29/><U106/><E67/><V110/><F110/><W93/><G93/><T68/><REACH who="0" step="1"/><D82/><REACH who="0" ten="181,194,351,264" step="2"/><U61/><E37/><V76/><F65/><W51/><G38/><T86/><D86/><U79/><E36/><V69/><F75/><W115/><G30/><T18/><D18/><U35/><E17/><N who="2" m="10295" /><F74/><W6/><G6/><T73/><D73/><U101/><E19/><V89/><F70/><AGARI ba="0,1" hai="0,1,3,5,10,13,44,49,52,68,70,99,102,105" machi="70" ten="40,2600,0" yaku="1,1,54,1,53,0" doraHai="31" doraHaiUra="83" who="0" fromWho="2" sc="181,36,194,0,351,-26,264,0" /><INIT seed="4,0,0,3,1,126" ten="217,194,325,264" oya="0" hai0="16,51,33,97,34,24,19,83,65,111,70,1,101" hai1="67,46,8,121,78,74,113,76,94,122,49,13,84" hai2="77,115,58,88,55,17,7,92,72,18,52,124,93" hai3="23,43,81,73,4,22,62,36,79,105,45,135,48"/><T86/><D1/><U5/><E74/><V41/><F124/><W103/><G135/><T31/><D34/><U63/><E113/><V106/><F106/><W112/><G112/><T21/><D111/><U12/><E122/><V123/><F123/><W132/><G132/><T128/><D128/><U50/><E121/><V130/><F115/><W91/><G36/><T6/><D6/><U59/><E13/><V82/><F93/><W20/><G4/><T2/><D2/><U127/><E127/><V116/><F55/><W80/><G62/><N who="0" m="40247" /><D51/><N who="1" m="19467" /><E46/><V75/><F41/><W102/><G105/><N who="0" m="63663" /><D21/><U99/><E84/><V53/><F75/><W25/><G25/><T29/><D29/><U54/><E54/><V14/><F53/><W89/><REACH who="3" step="1"/><G81/><REACH who="3" ten="217,194,325,254" step="2"/><T100/><D100/><AGARI ba="0,1" hai="5,8,12,59,63,67,76,78,94,99,100" m="19467" machi="100" ten="30,1000,0" yaku="8,1" doraHai="126" who="1" fromWho="0" sc="217,-10,194,20,325,0,254,0" /><AGARI ba="0,0" hai="20,22,23,43,45,48,73,79,80,89,91,100,102,103" machi="100" ten="40,2600,0" yaku="1,1,2,1,53,0" doraHai="126" doraHaiUra="66" who="3" fromWho="0" sc="207,-26,214,0,325,0,254,26" /><INIT seed="5,0,0,2,1,71" ten="181,214,325,280" oya="1" hai0="102,133,83,21,125,13,52,104,22,91,64,97,92" hai1="129,8,94,3,7,98,126,99,120,121,128,51,115" hai2="19,30,24,69,95,110,39,75,101,107,58,15,87" hai3="18,118,34,77,17,86,108,134,48,123,131,84,27"/><U12/><E115/><V80/><F69/><W109/><G123/><T33/><D33/><U1/><E126/><V42/><F110/><W55/><G131/><N who="1" m="50250" /><E51/><V36/><F42/><W96/><G134/><T124/><D64/><U65/><E65/><V119/><F58/><W60/><G118/><T41/><D41/><U88/><E99/><V6/><F6/><W130/><G130/><T40/><D40/><U25/><E25/><V35/><F107/><W29/><G60/><T5/><D133/><U68/><E68/><V26/><F26/><W113/><G113/><T90/><D5/><U16/><E1/><V111/><F119/><W63/><G63/><T4/><D4/><U82/><E82/><V49/><F49/><W44/><G96/><N who="0" m="61511" /><D13/><U67/><E67/><V0/><F0/><W85/><REACH who="3" step="1"/><G77/><REACH who="3" ten="181,214,325,270" step="2"/><T72/><D97/><U74/><E74/><V117/><F75/><W54/><G54/><T76/><D52/><U38/><E38/><V116/><F117/><W45/><G45/><T10/><D72/><U28/><E28/><V79/><F116/><W127/><G127/><T61/><D61/><U73/><E73/><V122/><F122/><W89/><G89/><T46/><D91/><U11/><AGARI ba="0,1" hai="3,7,8,11,12,16,88,94,98,120,121" m="50250" machi="11" ten="30,6000,0" yaku="19,1,54,2" doraHai="71" who="1" fromWho="1" sc="181,-20,214,70,325,-20,270,-20" /><INIT seed="5,1,0,4,3,13" ten="161,284,305,250" oya="1" hai0="132,3,77,48,120,11,115,128,93,47,66,64,114" hai1="85,50,25,131,70,111,72,74,44,59,108,90,110" hai2="57,69,55,73,112,118,4,32,9,103,99,126,83" hai3="127,100,19,45,109,75,23,31,42,51,88,91,116"/><U71/><E59/><V86/><F73/><N who="1" m="28265" /><E131/><V49/><F69/><W37/><G109/><T67/><D132/><U16/><E71/><V104/><F32/><W113/><G113/><N who="0" m="43019" /><D77/><U12/><E25/><V94/><F112/><W2/><G2/><T35/><D35/><U10/><E70/><V60/><F118/><W52/><G127/><T0/><D93/><N who="1" m="54479" /><E50/><V39/><F126/><W7/><G75/><T20/><D11/><U135/><E44/><V34/><F34/><W63/><G116/><T79/><D128/><U18/><E135/><V43/><F104/><W22/><G7/><AGARI ba="1,0" hai="7,10,12,16,18,108,110,111" m="54479,28265" machi="7" ten="40,12000,1" yaku="10,1,52,2,54,1" doraHai="13" who="1" fromWho="3" sc="161,0,284,123,305,0,250,-123" /><INIT seed="5,2,0,5,4,6" ten="161,407,305,127" oya="1" hai0="124,42,32,91,133,69,49,117,112,9,39,77,71" hai1="119,108,104,127,40,84,27,12,4,81,11,54,110" hai2="130,18,72,113,67,121,55,58,7,19,62,101,85" hai3="13,74,34,23,87,93,33,109,83,94,17,20,105"/><U43/><E104/><V65/><F72/><W82/><G109/><N who="1" m="42090" /><E119/><V3/><F121/><W47/><G105/><T107/><D91/><N who="1" m="51599" /><E127/><V98/><F130/><W134/><G134/><T56/><D77/><U52/><E27/><V21/><F19/><W53/><G74/><T24/><D24/><U111/><E111/><V31/><F31/><W1/><G1/><T125/><D9/><U30/><E30/><V0/><F85/><W28/><G82/><T118/><D32/><U129/><E129/><V15/><F113/><W63/><G34/><T123/><D107/><U102/><E102/><V57/><F7/><W75/><G75/><T16/><D16/><U5/><E4/><V60/><F55/><AGARI ba="2,0" hai="5,11,12,40,43,52,54,55" m="51599,42090" machi="55" ten="30,5800,0" yaku="10,1,52,1,54,1" doraHai="6" who="1" fromWho="2" sc="161,0,407,64,305,-64,127,0" /><INIT seed="5,3,0,4,2,45" ten="161,471,241,127" oya="1" hai0="10,89,110,95,57,34,92,131,18,67,43,123,71" hai1="93,74,104,15,4,133,31,59,26,6,88,77,132" hai2="56,126,11,128,86,22,107,46,118,1,25,65,54" hai3="112,94,35,99,75,61,135,32,3,116,58,113,70"/><U98/><E104/><V21/><F107/><W102/><G3/><T42/><D34/><U121/><E121/><V53/><F118/><W13/><G70/><T129/><D110/><U7/><E77/><V117/><F117/><W29/><G75/><T69/><D123/><U28/><E74/><V78/><F22/><W84/><G116/><T14/><D67/><U91/><E15/><V63/><F128/><N who="0" m="49226" /><D57/><U39/><E39/><V81/><F126/><W111/><G111/><T97/><D95/><U66/><E91/><V27/><F27/><W17/><G135/><N who="1" m="51786" /><E26/><V119/><F119/><W62/><G84/><T52/><D52/><U8/><E8/><V68/><F68/><AGARI ba="3,0" hai="10,14,18,42,43,68,69,71,89,92,97" m="49226" machi="68" ten="30,1000,0" yaku="19,1" doraHai="45" who="0" fromWho="2" sc="161,19,471,0,241,-19,127,0" /><INIT seed="6,0,0,4,3,41" ten="180,471,222,127" oya="2" hai0="118,131,124,32,105,108,40,36,46,56,26,16,7" hai1="93,126,95,116,64,63,73,100,10,6,96,77,14" hai2="109,134,49,35,42,102,123,45,48,74,97,61,55" hai3="82,101,81,132,33,38,107,29,78,119,59,65,135"/><V28/><F74/><W127/><G119/><T122/><D108/><U67/><E126/><V23/><F35/><W3/><G38/><T52/><D122/><U2/><E116/><V13/><F123/><W120/><G120/><T85/><D105/><U39/><E39/><V30/><F109/><W53/><G3/><T1/><D131/><U79/><E73/><V43/><F61/><W106/><G65/><N who="1" m="25162" /><E2/><V62/><F62/><W15/><G127/><T66/><D66/><U58/><E95/><N who="2" m="58687" /><F134/><W76/><G15/><T12/><D118/><U20/><E20/><V75/><F75/><W11/><G11/><T17/><D124/><U51/><E63/><V115/><F115/><W94/><G29/><N who="2" m="11369" /><F49/><W99/><G33/><T21/><D32/><U50/><E50/><V70/><F70/><W112/><G112/><T128/><D128/><U113/><E113/><V27/><F13/><W121/><G121/><T47/><D1/><U104/><E104/><N who="3" m="39978" /><G59/><T129/><D129/><U114/><E114/><V125/><F125/><W24/><G24/><T68/><D68/><U31/><E31/><AGARI ba="0,0" hai="23,27,31,42,43,45,48,55" m="11369,58687" machi="31" ten="30,2900,0" yaku="8,1,52,1" doraHai="41" who="2" fromWho="1" sc="180,0,471,-29,222,29,127,0" /><INIT seed="6,1,0,3,3,91" ten="180,442,251,127" oya="2" hai0="131,66,77,38,112,50,16,76,7,79,53,98,1" hai1="62,109,68,13,15,18,89,8,4,84,114,82,81" hai2="128,59,87,51,9,116,69,90,47,52,41,5,34" hai3="126,23,63,72,54,125,122,39,94,99,31,74,78"/><V111/><F69/><W100/><G122/><T57/><D38/><U124/><E109/><V30/><F116/><W117/><G117/><T135/><D112/><U28/><E124/><V24/><F111/><W45/><G78/><T85/><D131/><U56/><E114/><V108/><F128/><W20/><G39/><T105/><D135/><U33/><E68/><V129/><F129/><W55/><G55/><T130/><D130/><U118/><E118/><V75/><F75/><W93/><G74/><T95/><D105/><U71/><E71/><V102/><F102/><W19/><G72/><T17/><D1/><U25/><E15/><V22/><F34/><W60/><G31/><T3/><D7/><U121/><E121/><V119/><F119/><W80/><G80/><N who="0" m="47239" /><D66/><U21/><E82/><V2/><F108/><W26/><G23/><T73/><D3/><U0/><E56/><V44/><F41/><W61/><G45/><T123/><D123/><U120/><E120/><V14/><F2/><W35/><G35/><T64/><D64/><U86/><E84/><V127/><F127/><N who="3" m="48651" /><G54/><T48/><D48/><U37/><E62/><N who="3" m="15874" /><W11/><DORA hai="42" /><G11/><T115/><D115/><U36/><AGARI ba="1,0" hai="0,4,8,13,18,21,25,28,33,36,37,81,86,89" machi="36" ten="30,4000,0" yaku="0,1,24,2" doraHai="91,42" who="1" fromWho="1" sc="180,-11,442,43,251,-21,127,-11" /><INIT seed="7,0,0,1,4,104" ten="169,485,230,116" oya="3" hai0="131,85,127,57,26,123,128,86,122,51,129,73,111" hai1="119,20,126,87,102,110,10,36,64,75,16,11,124" hai2="83,15,101,37,41,43,54,34,29,100,32,47,28" hai3="112,39,24,107,22,3,96,109,120,132,1,62,56"/><W135/><G120/><N who="0" m="46123" /><D111/><U78/><E110/><V67/><F67/><W18/><G109/><T114/><D127/><N who="1" m="48683" /><E36/><V93/><F54/><N who="3" m="34071" /><G39/><T130/><D114/><U66/><E75/><V71/><F71/><W5/><G5/><T55/><N who="0" m="32768" /><DORA hai="14" /><T6/><D6/><U77/><E119/><V49/><F43/><W19/><G112/><T0/><D0/><U81/><E78/><V106/><F106/><W69/><G69/><T115/><D115/><U99/><E66/><V92/><F37/><W59/><G59/><T82/><D26/><N who="1" m="14599" /><E64/><V53/><F41/><W61/><G61/><T94/><D94/><AGARI ba="0,0" hai="10,11,77,81,87,94,99,102" m="14599,48683" machi="94" ten="30,3900,0" yaku="18,1,52,1,54,1" doraHai="104,14" who="1" fromWho="0" sc="169,-39,485,39,230,0,116,0" owari="130,-27.0,524,62.0,230,3.0,116,-38.0" /></mjloggm>