<mjloggm ver="2.3"><GO type="169" lobby="0"/><UN n0="%E3%83%87%E3%83%87%E3%82%AD%E3%83%B3%E3%83%88" n1="%4A%57%49%4C%4C" n2="%E3%81%97%E3%82%87%E3%81%BC%E3%82%93%EF%BD%8E" n3="%E3%82%A6%E3%83%AB%E3%83%88%E3%83%A9%E7%AB%8B%E7%9B%B4" dan="18,16,16,18" rate="2195.78,2144.36,2170.89,2195.65" sx="M,M,F,M"/><TAIKYOKU oya="0"/><INIT seed="0,0,0,4,4,44" ten="250,250,250,250" oya="0" hai0="59,76,84,94,8,87,15,92,99,38,58,11,107" hai1="85,31,93,72,57,10,115,79,55,89,112,108,118" hai2="71,36,129,130,39,43,27,83,128,24,4,124,47" hai3="2,52,51,78,17,101,122,97,66,29,41,96,120"/><T6/><D38/><U121/><E121/><N who="3" m="46698" /><G2/><T25/><D107/><U131/><E118/><V117/><F117/><W70/><G29/><T80/><D25/><N who="2" m="9802" /><F71/><W14/><G41/><T105/><D105/><U53/><E31/><V37/><F124/><W5/><G5/><T3/><D87/><U13/><E108/><V45/><F4/><W113/><G113/><T34/><D34/><U16/><E131/><V110/><F110/><W35/><G35/><T62/><D94/><U63/><REACH who="1" step="1"/><E55/><REACH who="1" ten="250,240,250,250" step="2"/><V77/><F43/><W69/><G66/><T0/><D0/><U126/><E126/><V22/><F22/><N who="3" m="11575" /><G78/><T20/><D20/><U48/><E48/><V49/><F49/><W54/><G54/><T127/><D127/><U65/><E65/><V82/><F77/><W91/><G91/><T50/><D50/><U73/><E73/><V135/><F135/><W46/><G101/><T40/><D40/><U60/><E60/><V61/><F61/><W12/><G70/><T119/><D119/><U1/><E1/><V81/><AGARI ba="0,1" hai="36,37,39,45,47,81,82,83,128,129,130" m="9802" machi="81" ten="50,8000,1" yaku="29,2,28,2,19,1" doraHai="44" who="2" fromWho="2" sc="250,-40,240,-20,250,90,250,-20" /><INIT seed="1,0,0,5,0,2" ten="210,220,340,230" oya="1" hai0="113,37,42,135,68,96,80,116,67,132,49,119,17" hai1="78,34,86,83,125,30,120,105,24,128,134,92,0" hai2="16,101,81,98,103,22,75,5,27,8,54,65,115" hai3="121,9,130,73,13,62,109,48,95,72,129,46,100"/><U111/><E120/><V44/><F65/><W4/><G121/><T114/><D80/><U69/><E128/><N who="3" m="49258" /><G62/><N who="0" m="40055" /><D96/><U45/><E134/><N who="0" m="51241" /><D17/><U35/><E125/><V55/><F115/><N who="0" m="44042" /><D49/><U97/><E69/><V91/><F75/><W51/><G109/><T66/><D66/><U74/><E0/><V18/><F18/><W110/><G110/><T77/><D77/><U102/><E111/><V118/><F81/><W57/><G95/><T107/><D107/><U123/><E123/><V47/><F118/><W106/><G106/><T117/><D117/><U29/><E45/><AGARI ba="0,0" hai="37,42,45,116,119" m="44042,51241,40055" machi="45" ten="30,7700,0" yaku="20,1,23,1,34,2" doraHai="2" who="0" fromWho="1" sc="210,77,220,-77,340,0,230,0" /><INIT seed="2,0,0,5,4,80" ten="287,143,340,230" oya="2" hai0="127,78,73,126,29,35,130,106,121,9,7,102,134" hai1="101,45,65,68,103,85,42,22,46,95,47,27,119" hai2="135,58,118,59,109,18,114,25,116,128,89,75,2" hai3="14,51,48,34,74,104,81,16,115,63,67,3,99"/><V11/><F114/><W86/><G74/><T125/><D121/><U19/><E119/><V26/><F75/><W31/><G3/><N who="0" m="255" /><D130/><U4/><E4/><V90/><F2/><W52/><G115/><T129/><D129/><U84/><E42/><V123/><F11/><N who="3" m="6239" /><G34/><T87/><D73/><U107/><E107/><V24/><F128/><W17/><G104/><T50/><D50/><N who="3" m="18985" /><G31/><T55/><D55/><U37/><E37/><V61/><F123/><W0/><G0/><T49/><D49/><U111/><E111/><V113/><F113/><W124/><G124/><T88/><D78/><U56/><E68/><V5/><F5/><W53/><G99/><N who="0" m="61791" /><D134/><U13/><E13/><V94/><F135/><W33/><G33/><T40/><D40/><U77/><E77/><V38/><F109/><W110/><G110/><T36/><D36/><U96/><REACH who="1" step="1"/><E103/><REACH who="1" ten="287,133,340,230" step="2"/><V41/><F41/><W39/><G39/><T98/><D126/><U20/><E20/><N who="2" m="13335" /><F38/><W64/><G17/><T12/><D12/><U105/><E105/><V131/><F131/><W1/><G1/><T57/><D127/><U79/><E79/><V83/><F116/><W32/><G32/><T133/><D133/><U108/><E108/><V69/><F118/><W70/><G70/><T112/><D125/><U15/><E15/><V117/><F117/><W10/><G10/><T120/><D35/><U132/><E132/><V91/><F69/><W92/><G63/><AGARI ba="0,1" hai="19,22,27,45,46,47,56,63,65,84,85,95,96,101" machi="63" ten="40,8000,1" yaku="1,1,8,1,52,2,53,0" doraHai="80" doraHaiUra="122" who="1" fromWho="3" sc="287,0,133,90,340,0,230,-80" /><INIT seed="3,0,0,2,3,70" ten="287,223,340,150" oya="3" hai0="128,75,44,46,11,123,3,102,99,108,9,32,109" hai1="7,106,83,127,121,96,100,88,111,85,41,77,129" hai2="30,21,116,24,93,95,89,125,94,63,51,17,126" hai3="14,54,124,90,84,16,4,19,35,110,42,62,57"/><W132/><G35/><T33/><D75/><U20/><E121/><V103/><F116/><W98/><G124/><N who="2" m="47721" /><F103/><W13/><G110/><N who="0" m="42603" /><D128/><U39/><E127/><V135/><F135/><W25/><G132/><T69/><D69/><U58/><E111/><V81/><F63/><W82/><G42/><T104/><D123/><U40/><E129/><V36/><F36/><W0/><G0/><T53/><D53/><U119/><E119/><V28/><F51/><W65/><G4/><N who="0" m="1183" /><D11/><U37/><E7/><V86/><AGARI ba="0,0" hai="17,21,24,28,30,81,86,89,93,94,95" m="47721" machi="86" ten="40,1500,0" yaku="18,1" doraHai="70" who="2" fromWho="2" sc="287,-4,223,-4,340,15,150,-7" /><INIT seed="4,0,0,3,1,31" ten="283,219,355,143" oya="0" hai0="126,29,100,79,40,26,56,20,14,30,57,77,18" hai1="114,127,12,75,91,101,39,110,60,55,52,67,0" hai2="25,1,96,122,22,58,133,78,89,19,32,13,102" hai3="28,15,3,7,33,85,124,120,11,42,16,125,121"/><T92/><D126/><N who="3" m="48745" /><G85/><T115/><D115/><U105/><E127/><V64/><F89/><W130/><G42/><T123/><D123/><U111/><E0/><V112/><F78/><N who="0" m="29706" /><D40/><U69/><E75/><V93/><F112/><W66/><G66/><T37/><D37/><U50/><E114/><V49/><F1/><W97/><G97/><N who="0" m="59431" /><D29/><U43/><E12/><V118/><F64/><W10/><G130/><T59/><D59/><N who="1" m="33175" /><E91/><V116/><F122/><N who="3" m="47211" /><G28/><T134/><D134/><U65/><E101/><V132/><F132/><W8/><G8/><AGARI ba="0,0" hai="8,14,18,20,26,30,56,57" m="59431,29706" machi="8" ten="30,1500,0" yaku="8,1" doraHai="31" who="0" fromWho="3" sc="283,15,219,0,355,0,143,-15" /><INIT seed="4,1,0,3,2,132" ten="298,219,355,128" oya="0" hai0="109,125,87,27,48,56,0,32,10,72,5,59,4" hai1="49,30,57,64,15,75,130,43,34,19,116,1,6" hai2="9,129,94,68,21,86,133,39,84,16,47,37,25" hai3="123,100,115,91,7,20,107,28,134,66,122,117,79"/><T113/><D72/><U38/><E116/><V55/><F133/><W18/><G117/><T58/><D113/><U104/><E104/><V73/><F73/><W110/><G134/><T105/><D105/><U71/><E130/><V53/><F68/><W83/><G115/><T41/><D109/><U80/><E6/><V97/><F129/><W45/><G110/><T118/><D118/><U42/><E1/><V74/><F74/><W102/><G28/><T40/><D4/><U23/><E38/><V88/><F9/><W135/><G135/><T90/><D125/><U61/><E34/><V62/><F55/><W2/><G66/><T35/><D27/><U63/><E30/><V111/><F111/><W92/><G45/><T112/><D112/><U124/><E49/><V77/><F47/><W126/><G7/><T17/><D17/><U119/><E119/><V13/><F13/><W131/><G2/><T95/><REACH who="0" step="1"/><D48/><REACH who="0" ten="288,219,355,128" step="2"/><U51/><E51/><V128/><F128/><W44/><G131/><T108/><D108/><U8/><E124/><V78/><F39/><W46/><G126/><T22/><D22/><U76/><E23/><V70/><F37/><W52/><G107/><T98/><D98/><U96/><E96/><V50/><F50/><N who="3" m="28743" /><G46/><T12/><D12/><U101/><E42/><AGARI ba="1,1" hai="0,5,10,32,35,40,41,42,56,58,59,87,90,95" machi="42" ten="40,12000,1" yaku="1,1,53,3" doraHai="132" doraHaiUra="36" who="0" fromWho="1" sc="288,133,219,-123,355,0,128,0" /><INIT seed="4,2,0,3,0,125" ten="421,96,355,128" oya="0" hai0="123,98,13,71,50,31,85,69,49,40,80,57,59" hai1="46,55,23,117,63,1,115,30,76,25,82,92,95" hai2="131,103,5,114,70,7,93,79,112,62,29,122,72" hai3="58,134,0,24,73,64,33,111,121,20,39,44,108"/><T94/><D123/><U34/><E117/><V8/><F122/><W14/><G58/><T104/><D104/><U67/><E1/><V19/><F29/><W107/><G64/><T66/><D31/><U41/><E34/><V65/><F79/><W77/><G14/><T54/><D13/><U21/><E21/><V89/><F103/><W130/><G20/><T61/><D40/><U36/><E55/><V60/><F72/><W56/><G56/><T9/><D9/><U45/><E45/><V105/><F105/><W51/><G51/><T4/><D4/><U87/><REACH who="1" step="1"/><E115/><REACH who="1" ten="421,86,355,128" step="2"/><V100/><F112/><W86/><G44/><T81/><D54/><U15/><E15/><V84/><F114/><W128/><G33/><T124/><D66/><U26/><E26/><V126/><F65/><W88/><G24/><T120/><D120/><U129/><E129/><V75/><F131/><N who="3" m="50219" /><G0/><T16/><D124/><U43/><E43/><V116/><F126/><W90/><G121/><T38/><D71/><AGARI ba="2,1" hai="23,25,30,36,41,46,63,67,71,76,82,87,92,95" machi="71" ten="30,2000,0" yaku="1,1,7,1,53,0" doraHai="125" doraHaiUra="99" who="1" fromWho="0" sc="421,-26,86,36,355,0,128,0" /><INIT seed="5,0,0,4,4,61" ten="395,122,355,128" oya="1" hai0="116,41,57,29,62,115,28,135,101,3,15,77,130" hai1="86,27,81,13,51,60,65,35,40,18,122,45,9" hai2="1,12,36,24,34,95,70,102,55,103,92,33,43" hai3="71,123,118,131,87,125,85,121,100,8,23,104,89"/><U38/><E122/><V4/><F1/><W88/><G71/><T19/><D3/><U53/><E35/><V0/><F0/><W93/><G23/><T2/><D2/><U75/><E75/><V56/><F70/><W110/><G8/><T120/><D116/><U117/><E117/><V96/><F43/><W124/><G118/><T14/><D115/><U74/><E74/><V7/><F36/><W25/><G25/><T17/><D130/><U72/><E72/><V134/><F134/><W84/><G110/><T80/><D135/><U108/><E108/><V132/><F132/><W5/><G5/><T73/><D101/><U26/><E40/><V91/><F12/><W47/><G47/><T83/><D41/><U48/><E48/><V106/><F106/><W79/><G131/><T52/><D120/><N who="3" m="46153" /><G79/><T32/><D32/><U129/><E129/><V82/><F24/><W31/><G31/><N who="0" m="11851" /><D77/><U111/><E38/><V21/><F21/><W78/><G78/><T46/><D46/><U133/><E111/><V119/><F7/><W128/><G128/><T10/><D73/><U99/><E99/><N who="2" m="59775" /><F4/><W64/><G104/><T49/><D49/><U22/><E22/><AGARI ba="0,0" hai="10,14,15,17,19,22,52,57,62,80,83" m="11851" machi="22" ten="30,2000,0" yaku="8,1,54,1" doraHai="61" who="0" fromWho="1" sc="395,20,122,-20,355,0,128,0" /><INIT seed="6,0,0,2,0,37" ten="415,102,355,128" oya="2" hai0="104,25,121,91,77,88,21,18,107,72,113,16,71" hai1="87,33,116,19,105,118,90,23,24,27,64,110,41" hai2="10,6,119,132,125,111,48,61,8,78,5,124,52" hai3="38,20,85,46,99,39,114,1,2,101,22,26,4"/><V117/><F78/><W30/><G114/><T115/><D71/><U66/><E110/><V57/><F111/><W97/><G4/><T35/><D35/><U58/><E105/><V100/><F100/><W73/><G73/><T81/><D121/><U102/><E102/><V108/><F108/><W63/><G85/><T82/><D18/><U31/><E41/><V43/><F132/><W74/><G74/><T131/><D131/><U11/><E11/><V45/><F8/><W127/><G127/><N who="2" m="48713" /><F5/><W122/><G122/><T7/><D7/><U129/><E129/><V55/><F55/><W89/><G89/><N who="0" m="34379" /><D82/><U53/><E118/><V28/><F28/><W109/><G30/><T49/><D49/><U17/><E17/><V93/><F93/><W128/><G128/><T79/><D79/><U133/><E133/><V29/><F29/><W112/><G109/><T120/><D120/><U103/><E103/><V98/><F98/><W68/><G99/><T134/><D134/><U13/><E27/><V59/><F59/><W36/><G97/><T42/><D42/><U14/><E14/><AGARI ba="0,0" hai="6,10,14,43,45,48,52,57,61,117,119" m="48713" machi="14" ten="30,5800,0" yaku="18,1,52,1,54,1" doraHai="37" who="2" fromWho="1" sc="415,0,102,-58,355,58,128,0" /><INIT seed="6,1,0,5,1,49" ten="415,44,413,128" oya="2" hai0="0,22,18,47,20,106,95,42,57,133,135,124,34" hai1="128,16,129,108,76,73,50,25,46,111,78,84,96" hai2="89,29,69,103,131,1,39,97,28,19,45,122,51" hai3="88,123,43,21,7,40,64,36,120,104,10,53,118"/><V24/><F122/><W8/><G64/><T31/><D106/><U67/><E73/><V23/><F39/><W44/><G21/><T98/><D0/><U4/><E96/><V114/><F114/><W9/><G104/><T116/><D116/><U94/><E4/><V79/><F69/><W119/><G7/><T115/><D115/><U56/><E56/><V100/><F79/><W61/><G88/><N who="0" m="55655" /><D124/><U125/><E67/><V3/><F3/><W117/><G43/><T17/><D34/><U15/><E25/><V83/><F1/><W75/><G75/><T121/><D121/><U92/><E125/><V2/><F2/><W102/><G102/><N who="2" m="38953" /><F131/><N who="1" m="50249" /><E94/><N who="2" m="56527" /><F83/><W87/><G123/><T6/><D6/><U82/><E92/><V52/><AGARI ba="1,0" hai="19,23,24,28,29,45,51,52" m="56527,38953" machi="52" ten="30,6000,0" yaku="8,1,52,1,54,1" doraHai="49" who="2" fromWho="2" sc="415,-21,44,-21,413,63,128,-21" /><INIT seed="6,2,0,0,5,55" ten="394,23,476,107" oya="2" hai0="27,90,85,62,68,98,94,21,110,108,16,127,99" hai1="65,118,54,103,75,14,129,24,78,43,102,18,15" hai2="9,0,116,5,12,47,86,63,29,35,132,101,82" hai3="53,131,37,120,104,89,122,40,10,60,113,50,96"/><V121/><F121/><W97/><G97/><T107/><D127/><U34/><E118/><V71/><F116/><W8/><G8/><T92/><D107/><U111/><E111/><V38/><F101/><W112/><G10/><T44/><D44/><U26/><E129/><V13/><F29/><W42/><G131/><T95/><D68/><U72/><E43/><V3/><F35/><W133/><G133/><T36/><D36/><U69/><E65/><V88/><F132/><W74/><G74/><T93/><REACH who="0" step="1"/><D62/><REACH who="0" ten="384,23,476,107" step="2"/><U1/><E69/><V64/><F0/><W52/><G104/><T32/><D32/><U51/><E1/><V80/><F38/><W7/><G37/><T4/><D4/><U6/><E6/><V106/><F106/><W117/><G7/><T20/><D20/><U61/><E61/><V79/><REACH who="2" step="1"/><F47/><REACH who="2" ten="384,23,466,107" step="2"/><W57/><G117/><T31/><D31/><U109/><E34/><V115/><F115/><W105/><G105/><T41/><D41/><U134/><E134/><V87/><AGARI ba="2,2" hai="3,5,9,12,13,63,64,71,79,80,82,86,87,88" machi="87" ten="20,18000,2" yaku="1,1,0,1,7,1,54,1,53,2" doraHai="55" doraHaiUra="81" who="2" fromWho="2" sc="384,-62,23,-62,466,206,107,-62" owari="322,12.0,-39,-54.0,672,77.0,45,-35.0" /></mjloggm>