<mjloggm ver="2.3"><GO type="169" lobby="0"/><UN n0="%E3%82%A6%E3%83%AB%E3%83%88%E3%83%A9%E7%AB%8B%E7%9B%B4" n1="%EF%BC%8A%E7%B4%97%E5%BC%A5%E8%8F%AF%EF%BC%8A" n2="%44%65%74%63%68%27" n3="%E7%AB%8B%E8%8F%AF%E5%A5%8F" dan="17,16,17,17" rate="2206.33,2119.92,2108.60,2218.51" sx="M,F,M,F"/><TAIKYOKU oya="0"/><INIT seed="0,0,0,1,1,133" ten="250,250,250,250" oya="0" hai0="131,88,109,75,49,92,130,112,38,119,85,91,73" hai1="0,76,113,65,79,10,33,32,107,84,59,90,83" hai2="64,134,72,98,53,11,36,28,80,101,57,105,30" hai3="121,24,123,82,40,74,69,120,108,126,56,51,66"/><T124/><D38/><U12/><E0/><V117/><F134/><W55/><G24/><T50/><D112/><U111/><E113/><V2/><F64/><W46/><G82/><T71/><D71/><U102/><E111/><V135/><F36/><N who="3" m="21767" /><G74/><T118/><D92/><U17/><E102/><V7/><F117/><W52/><G108/><T94/><D94/><U125/><E107/><V13/><F2/><W103/><G103/><T23/><D109/><U93/><E79/><V95/><F105/><W81/><G81/><T47/><D47/><U27/><E27/><V58/><F135/><W78/><G78/><T19/><D19/><U114/><E114/><V99/><F99/><W14/><G14/><T31/><D23/><U61/><REACH who="1" step="1"/><E125/><REACH who="1" ten="250,240,250,250" step="2"/><V122/><F101/><W1/><G1/><T96/><D124/><U100/><E100/><V25/><F25/><W16/><G126/><T67/><D119/><U60/><E60/><V42/><F72/><AGARI ba="0,1" hai="10,12,17,32,33,59,61,65,72,76,83,84,90,93" machi="72" ten="30,2000,0" yaku="1,1,7,1,53,0" doraHai="133" doraHaiUra="110" who="1" fromWho="2" sc="250,0,240,30,250,-20,250,0" /><INIT seed="1,0,0,2,3,133" ten="250,270,230,250" oya="1" hai0="84,13,60,82,102,64,105,99,53,29,88,123,106" hai1="90,12,59,58,115,92,113,14,7,36,32,21,121" hai2="79,61,108,56,37,35,111,97,132,67,100,107,38" hai3="69,46,26,5,17,76,116,42,77,8,57,6,45"/><U23/><E121/><V110/><F132/><W131/><G69/><T81/><D123/><U129/><E32/><V130/><F130/><W20/><G131/><T28/><D106/><U126/><E36/><V2/><F2/><W40/><G116/><T114/><D114/><U65/><E129/><V62/><F35/><W16/><G57/><N who="1" m="21514" /><E126/><V125/><F62/><W87/><G87/><T86/><D53/><U55/><E65/><V117/><F117/><W9/><G20/><N who="1" m="7754" /><E7/><V54/><F67/><W33/><G33/><T118/><D118/><U11/><E11/><V34/><F34/><W103/><G103/><T85/><D13/><U112/><E112/><V39/><REACH who="2" step="1"/><F79/><REACH who="2" ten="250,270,220,250" step="2"/><W95/><G95/><T128/><D128/><U19/><E115/><V47/><F47/><W127/><REACH who="3" step="1"/><G26/><REACH who="3" ten="250,270,220,240" step="2"/><T73/><D105/><U109/><E113/><V89/><F89/><W122/><G122/><T31/><D88/><U4/><E90/><V25/><F25/><W72/><G72/><T15/><D73/><U68/><E14/><V24/><F24/><W124/><AGARI ba="0,2" hai="5,6,8,9,16,17,40,42,45,46,76,77,124,127" machi="124" ten="25,16000,3" yaku="1,1,0,1,22,2,52,2,54,1,53,2" doraHai="133" doraHaiUra="135" who="3" fromWho="3" sc="250,-40,270,-80,220,-40,240,180" /><INIT seed="2,0,0,0,0,33" ten="210,190,180,420" oya="2" hai0="49,12,108,30,46,112,65,19,127,53,84,73,104" hai1="39,110,2,5,135,70,88,34,67,64,118,124,115" hai2="58,60,85,105,79,32,106,100,97,86,89,72,54" hai3="43,59,21,40,31,94,38,61,22,11,15,82,119"/><V83/><F32/><W35/><G119/><T47/><D73/><U133/><RYUUKYOKU type="yao9" ba="0,0" sc="210,0,190,0,180,0,420,0" hai1="2,5,34,39,64,67,70,88,110,115,118,124,133,135" /><INIT seed="2,1,0,0,5,78" ten="210,190,180,420" oya="2" hai0="134,3,23,56,80,12,127,39,106,2,121,38,34" hai1="25,62,18,115,31,69,76,91,19,102,26,10,112" hai2="64,15,118,107,22,30,120,96,93,95,119,104,94" hai3="74,57,46,98,43,35,11,70,5,14,103,67,9"/><V85/><F64/><W7/><G70/><T132/><D34/><U6/><E76/><V37/><F37/><N who="0" m="13834" /><D106/><N who="2" m="40490" /><F15/><W40/><G35/><T124/><D56/><U77/><E102/><N who="2" m="60687" /><F22/><W61/><G74/><T20/><D121/><U60/><E77/><V88/><F30/><W63/><G63/><T65/><D65/><U135/><E135/><N who="0" m="51753" /><D80/><U101/><E69/><V66/><F66/><W44/><G44/><T123/><D123/><U49/><E115/><V8/><F8/><W0/><G46/><T1/><D12/><N who="1" m="5207" /><E101/><V84/><F120/><W97/><G97/><T125/><AGARI ba="1,0" hai="1,2,3,20,23,124,125,127" m="51753,13834" machi="125" ten="50,8000,1" yaku="28,2,18,1,20,1" doraHai="78" who="0" fromWho="0" sc="210,83,190,-21,180,-41,420,-21" /><INIT seed="3,0,0,4,5,28" ten="293,169,139,399" oya="3" hai0="133,0,110,39,15,119,45,79,131,66,43,26,67" hai1="73,11,103,116,52,38,132,75,37,126,33,124,14" hai2="23,92,2,50,54,34,115,83,64,41,72,25,51" hai3="7,57,6,112,77,70,65,125,55,123,91,106,20"/><W122/><G112/><T86/><D0/><U29/><E103/><V46/><F2/><W44/><G106/><T49/><D119/><U10/><E116/><V68/><F115/><W60/><G77/><T128/><D110/><U102/><E102/><V120/><F120/><W76/><G76/><T96/><D133/><U84/><E132/><V58/><F92/><W90/><G125/><N who="1" m="48234" /><E84/><V81/><F72/><N who="1" m="27721" /><E52/><V61/><REACH who="2" step="1"/><F34/><REACH who="2" ten="293,169,129,399" step="2"/><W88/><G123/><T17/><D131/><U121/><E121/><V129/><F129/><W108/><G122/><T30/><D128/><U87/><E87/><V109/><F109/><W31/><G108/><T89/><D86/><U53/><E53/><V101/><F101/><W35/><G35/><T94/><D96/><U71/><E71/><V118/><F118/><W59/><G70/><T47/><D67/><U74/><E74/><V12/><F12/><W40/><G40/><T127/><D66/><U63/><E63/><V24/><F24/><N who="3" m="16775" /><G44/><T113/><D47/><U4/><E10/><V107/><F107/><W80/><G80/><T82/><D45/><U8/><E8/><V99/><F99/><W134/><G134/><T56/><D43/><U1/><E1/><V93/><F93/><W98/><G98/><T36/><D94/><U27/><AGARI ba="0,1" hai="4,11,14,27,29,33,37,38" m="27721,48234" machi="27" ten="40,2700,0" yaku="18,1,52,1" doraHai="28" who="1" fromWho="1" sc="293,-7,169,37,129,-7,399,-13" /><INIT seed="4,0,0,2,3,12" ten="286,206,122,386" oya="0" hai0="116,124,84,119,18,90,76,128,92,104,110,105,34" hai1="120,58,111,88,107,14,106,97,11,8,79,46,23" hai2="132,59,70,134,29,85,69,73,42,5,6,96,56" hai3="37,95,36,117,62,15,103,101,100,20,19,44,67"/><T133/><D34/><U28/><E120/><V87/><F96/><W114/><G114/><T131/><D18/><N who="1" m="10711" /><E106/><N who="0" m="41065" /><D124/><U27/><E107/><V66/><F73/><W13/><G117/><N who="0" m="45131" /><D133/><U38/><E38/><V102/><F42/><W78/><G44/><T125/><D125/><U7/><E7/><V130/><F66/><W109/><G37/><T108/><D76/><U113/><E111/><AGARI ba="0,0" hai="84,90,92,108,110,111,128,131" m="45131,41065" machi="111" ten="40,7700,0" yaku="10,1,34,2" doraHai="12" who="0" fromWho="1" sc="286,77,206,-77,122,0,386,0" /><INIT seed="4,1,0,0,5,50" ten="363,129,122,386" oya="0" hai0="98,126,105,47,100,49,96,135,103,37,2,68,64" hai1="23,95,125,51,9,92,55,26,113,57,48,104,72" hai2="18,52,119,0,120,102,16,111,39,14,53,71,97" hai3="129,36,84,43,108,33,116,61,85,83,21,44,4"/><T134/><D2/><U106/><E72/><V79/><F39/><W5/><G108/><T112/><D112/><U62/><E125/><V22/><F120/><W46/><G33/><T128/><D126/><U75/><E75/><V24/><F71/><W127/><G127/><T56/><D128/><U1/><E113/><V73/><F0/><W13/><G129/><T89/><D89/><U25/><E106/><V121/><F121/><W70/><G116/><T19/><D19/><N who="1" m="12543" /><E104/><V42/><F42/><W20/><G46/><T8/><D8/><U29/><E1/><V15/><F111/><W88/><G85/><T124/><D124/><U123/><E9/><N who="2" m="6223" /><F79/><W45/><G45/><T60/><D68/><U74/><E74/><V28/><F73/><W80/><G80/><T82/><D82/><U93/><E123/><V65/><F65/><W114/><G114/><T63/><D37/><U86/><E86/><V109/><F109/><W12/><G12/><T7/><D64/><U59/><E59/><V132/><F132/><W115/><G115/><T40/><D56/><U27/><E29/><V122/><F122/><W118/><G118/><T81/><D135/><U10/><E10/><N who="2" m="6519" /><F119/><W30/><G30/><T67/><D134/><U58/><E48/><V78/><F78/><W110/><G110/><T133/><D133/><U41/><E41/><V11/><F11/><N who="3" m="4327" /><G5/><T34/><D7/><U101/><E101/><V54/><F97/><W77/><G77/><T99/><D99/><U66/><AGARI ba="1,0" hai="26,27,51,55,57,58,62,66,92,93,95" m="12543" machi="66" ten="30,2000,0" yaku="8,1,52,1" doraHai="50" who="1" fromWho="1" sc="363,-11,129,23,122,-6,386,-6" /><INIT seed="5,0,0,3,1,69" ten="352,152,116,380" oya="1" hai0="88,39,25,113,49,27,81,132,103,2,37,68,111" hai1="130,31,121,58,135,23,104,70,21,60,126,119,74" hai2="42,112,109,80,0,101,32,95,116,131,82,44,92" hai3="108,29,118,57,45,36,85,40,41,91,115,54,20"/><U15/><E119/><V61/><F116/><W14/><G118/><T78/><D2/><U30/><E121/><V86/><F0/><W99/><G108/><T125/><D111/><U19/><E70/><V114/><F32/><W122/><G122/><T79/><D68/><U128/><E74/><V76/><F109/><W102/><G115/><N who="2" m="44073" /><F61/><W59/><G40/><T17/><D113/><U77/><E104/><V107/><F131/><N who="1" m="50217" /><E77/><N who="2" m="46351" /><F44/><W6/><G6/><T13/><D79/><U24/><E135/><V1/><F1/><W75/><G75/><T9/><D78/><U3/><E126/><V71/><F42/><W12/><G12/><T34/><D13/><U8/><E3/><V73/><F71/><W16/><G29/><N who="1" m="10762" /><E24/><V10/><F10/><W67/><G67/><AGARI ba="0,0" hai="8,15,19,21,23,58,60,67" m="10762,50217" machi="67" ten="30,1500,0" yaku="19,1" doraHai="69" who="1" fromWho="3" sc="352,0,152,15,116,0,380,-15" /><INIT seed="5,1,0,3,5,75" ten="352,167,116,365" oya="1" hai0="84,108,7,80,18,121,119,53,100,128,29,56,103" hai1="106,89,79,15,109,126,81,0,125,117,115,8,91" hai2="23,3,50,2,111,93,86,44,132,97,39,94,60" hai3="22,122,64,16,133,73,28,36,107,116,99,45,83"/><U131/><E117/><V51/><F111/><W101/><G122/><T92/><D119/><U65/><E0/><V35/><F35/><W70/><G116/><T6/><D108/><U104/><E109/><V63/><F39/><W47/><G133/><T30/><D18/><N who="1" m="8551" /><E65/><V34/><F34/><W59/><G70/><T129/><D121/><U130/><E115/><V10/><F23/><W24/><G36/><T82/><D84/><N who="1" m="48191" /><E89/><V77/><F86/><W26/><G64/><T67/><D67/><U71/><E91/><V20/><F20/><W43/><G59/><T90/><D90/><U102/><E71/><V124/><F44/><W135/><G135/><T127/><D56/><U52/><E52/><V48/><F48/><W114/><G114/><T41/><D53/><U61/><E61/><V58/><F58/><W32/><REACH who="3" step="1"/><G43/><REACH who="3" ten="352,167,116,355" step="2"/><T49/><D41/><U98/><E106/><V12/><F132/><W14/><G14/><T69/><D69/><U31/><E31/><V134/><F12/><W13/><G13/><T9/><D29/><U68/><E68/><V95/><F134/><W19/><G19/><T72/><D30/><U112/><E112/><V5/><F3/><W46/><G46/><T74/><D6/><U113/><E113/><V33/><F5/><W37/><G37/><T42/><D7/><U27/><E27/><V55/><F2/><W105/><G105/><T4/><D4/><U85/><E85/><V87/><F87/><W40/><G40/><T11/><D42/><U110/><E110/><V118/><F118/><W123/><G123/><T38/><D38/><RYUUKYOKU ba="1,1" sc="352,-15,167,15,116,-15,355,15" hai1="98,102,104,125,126,130,131" hai3="16,22,24,26,28,32,45,47,73,83,99,101,107" /><INIT seed="5,2,1,3,0,113" ten="337,182,101,370" oya="1" hai0="80,46,51,49,52,33,117,121,130,104,91,50,112" hai1="13,88,39,86,27,115,97,32,58,75,125,65,76" hai2="67,85,109,78,110,84,111,17,114,41,122,31,53" hai3="16,74,94,92,37,77,34,73,100,135,124,134,36"/><U21/><E39/><V131/><F122/><W11/><G34/><T102/><D33/><U99/><E32/><V43/><F31/><W71/><G71/><T6/><D104/><U35/><E35/><V90/><F67/><W89/><G124/><T19/><D102/><U0/><E0/><V105/><F17/><W98/><G36/><T69/><D6/><U56/><E125/><V127/><F127/><W106/><G37/><T63/><D112/><U107/><E115/><V7/><F7/><W8/><G8/><T18/><D18/><N who="1" m="12727" /><E75/><V54/><F114/><W22/><G11/><T81/><D19/><U28/><E76/><V48/><F105/><W30/><G30/><T128/><D121/><U66/><E28/><V12/><F12/><W1/><G1/><T118/><D69/><U40/><E40/><V29/><F29/><W133/><G77/><T129/><D46/><U47/><E47/><V64/><F78/><W10/><G10/><T82/><D91/><U24/><E24/><V14/><F90/><W57/><G57/><AGARI ba="2,1" hai="49,50,51,52,57,63,80,81,82,117,118,128,129,130" machi="57" ten="50,12000,2" yaku="29,2,19,1,52,2,54,1" doraHai="113" who="0" fromWho="3" sc="337,136,182,0,101,0,370,-126" /><INIT seed="6,0,0,0,0,67" ten="473,182,101,244" oya="2" hai0="93,38,110,109,101,70,59,14,52,83,34,92,16" hai1="18,87,120,105,95,39,117,32,76,100,12,46,2" hai2="63,82,72,1,10,44,79,133,119,113,114,8,106" hai3="58,11,88,91,86,127,131,33,126,19,6,41,7"/><V74/><F119/><W81/><G33/><T94/><D34/><U77/><E2/><V129/><F129/><W89/><G131/><T9/><D38/><U108/><E32/><V5/><F133/><W31/><G31/><T68/><D101/><U45/><E105/><V56/><F106/><W65/><G41/><T116/><D116/><U66/><E39/><V69/><F10/><W26/><G127/><T57/><D83/><N who="1" m="47591" /><E108/><V62/><F74/><W28/><G126/><T78/><D78/><U102/><E120/><V128/><F128/><W112/><G112/><N who="2" m="43113" /><F44/><N who="1" m="17001" /><E117/><V85/><F72/><W130/><G130/><T80/><D110/><U13/><E77/><V64/><F62/><N who="3" m="38103" /><G28/><T104/><D9/><N who="1" m="6415" /><E66/><V29/><F29/><W23/><G11/><T132/><D104/><U71/><E71/><AGARI ba="0,0" hai="1,5,8,56,63,64,69,71,79,82,85" m="43113" machi="71" ten="30,5800,0" yaku="15,1,52,2" doraHai="67" who="2" fromWho="1" sc="473,0,182,-58,101,58,244,0" /><INIT seed="6,1,0,1,1,87" ten="473,124,159,244" oya="2" hai0="44,56,49,110,74,53,37,104,101,45,28,58,36" hai1="102,119,6,95,65,39,34,132,60,66,2,89,71" hai2="114,17,108,68,11,59,5,0,93,118,124,26,115" hai3="55,92,43,97,79,57,109,96,29,62,121,64,7"/><V112/><F68/><W41/><G109/><T90/><D74/><U24/><E119/><V48/><F118/><W135/><G121/><T127/><D28/><U3/><E132/><V15/><F108/><W73/><G135/><T21/><D21/><U134/><E134/><V22/><F93/><W113/><G113/><T76/><D76/><U72/><E72/><V123/><F123/><W75/><G29/><T88/><D101/><U100/><E39/><V111/><F111/><W103/><G7/><T47/><D47/><U16/><E65/><V46/><F59/><W82/><G73/><T85/><D85/><U18/><E34/><V13/><REACH who="2" step="1"/><F124/><REACH who="2" ten="473,124,149,244" step="2"/><W20/><G57/><T78/><D56/><U117/><E117/><V23/><F23/><W14/><G20/><T77/><D58/><U19/><E24/><V10/><F10/><W61/><G92/><T128/><D110/><U84/><REACH who="1" step="1"/><E2/><REACH who="1" ten="473,114,149,244" step="2"/><V4/><F4/><W81/><G64/><T8/><D127/><U70/><E70/><V130/><F130/><W126/><G126/><T35/><D128/><U83/><E83/><V116/><F116/><W52/><G81/><T129/><D129/><U131/><E131/><V98/><F98/><W120/><G96/><T125/><D125/><U27/><E27/><V91/><F91/><W38/><G97/><T12/><D88/><U122/><E122/><V106/><F106/><W51/><G82/><T63/><D104/><U94/><E94/><V105/><F105/><W42/><G120/><T133/><D133/><U99/><E99/><V50/><F50/><W9/><G38/><RYUUKYOKU ba="1,2" sc="473,-15,114,15,149,15,244,-15" hai1="3,6,16,18,19,60,66,71,84,89,95,100,102" hai2="0,5,11,13,15,17,22,26,46,48,112,114,115" /><INIT seed="6,2,2,2,2,104" ten="458,129,164,229" oya="2" hai0="26,109,123,98,67,60,34,47,134,39,88,52,80" hai1="99,117,101,55,37,48,44,132,97,76,13,21,19" hai2="46,100,125,94,90,30,79,135,92,89,75,7,23" hai3="64,16,83,74,68,103,71,59,42,133,6,128,27"/><V116/><F116/><W41/><G6/><T2/><D2/><U113/><E117/><V124/><F135/><W84/><G133/><T93/><D109/><U81/><E132/><V130/><F130/><W65/><G128/><T31/><D123/><U8/><E113/><V120/><F120/><W112/><G112/><T121/><D121/><U131/><E131/><V106/><F7/><W50/><G103/><T82/><D134/><U96/><E37/><V18/><F30/><W43/><G74/><T115/><D115/><U86/><REACH who="1" step="1"/><E8/><REACH who="1" ten="458,119,164,229" step="2"/><V118/><F118/><W119/><G119/><T56/><D39/><U127/><E127/><N who="2" m="48715" /><F46/><W66/><G68/><T12/><D47/><U62/><E62/><V40/><F40/><W24/><G71/><T35/><D35/><U61/><E61/><V111/><F111/><W78/><G42/><T54/><D34/><U58/><E58/><V45/><F45/><N who="3" m="25903" /><G43/><T63/><D56/><U32/><E32/><V114/><F114/><W49/><G59/><T126/><D126/><U5/><E5/><V73/><F23/><W1/><G49/><T95/><D63/><U53/><E53/><V70/><F70/><W9/><G1/><T91/><D60/><U28/><E28/><V72/><F18/><W29/><G29/><T57/><D31/><U108/><E108/><V38/><F38/><W25/><G9/><T122/><D122/><U17/><E17/><AGARI ba="2,3" hai="16,17,24,25,27,64,65,66,78,83,84" m="25903" machi="17" ten="30,2000,0" yaku="8,1,54,1" doraHai="104" who="3" fromWho="1" sc="458,0,119,-26,164,0,229,56" /><INIT seed="7,0,0,5,1,9" ten="458,93,164,285" oya="3" hai0="49,22,73,123,3,56,40,83,20,7,44,21,52" hai1="121,25,51,33,81,127,46,80,110,131,30,2,17" hai2="34,130,120,100,79,88,59,66,93,118,126,74,85" hai3="72,16,108,53,64,113,124,99,77,89,50,87,19"/><W1/><G1/><T76/><D123/><U62/><E110/><V91/><F34/><W95/><G108/><T13/><D3/><U68/><E121/><V84/><F120/><W116/><G116/><T90/><D90/><U41/><E131/><V29/><F29/><W27/><G113/><T134/><D134/><U86/><E127/><V6/><F6/><W105/><G124/><T11/><D22/><U10/><E86/><V15/><F15/><W82/><G64/><T101/><D101/><U5/><E68/><V36/><F36/><AGARI ba="0,0" hai="7,11,13,20,21,36,40,44,49,52,56,73,76,83" machi="36" ten="30,3900,0" yaku="7,1,52,1,54,1" doraHai="9" who="0" fromWho="2" sc="458,39,93,0,164,-39,285,0" owari="497,59.0,93,-41.0,125,-27.0,285,9.0" /></mjloggm>