<mjloggm ver="2.3"><GO type="169" lobby="0"/><UN n0="%E3%82%A6%E3%83%AB%E3%83%88%E3%83%A9%E7%AB%8B%E7%9B%B4" n1="%E3%83%80%E3%83%B3%E3%83%86" n2="%74%61%74%73%75%37%30%32" n3="%74%6E%66%73%68%32%30%34" dan="18,17,17,17" rate="2157.92,2147.04,2238.48,2143.23" sx="M,M,M,M"/><TAIKYOKU oya="0"/><INIT seed="0,0,0,0,0,41" ten="250,250,250,250" oya="0" hai0="30,68,31,20,83,100,109,75,106,7,59,80,10" hai1="82,12,74,39,15,112,104,11,61,19,86,90,107" hai2="34,113,110,43,105,32,103,4,66,121,133,9,58" hai3="6,95,60,67,130,1,3,65,128,71,26,8,118"/><T73/><D68/><U55/><E74/><V122/><F113/><W56/><G118/><T62/><D109/><U127/><E112/><V135/><F110/><W38/><G38/><T87/><D75/><U33/><E33/><V44/><F58/><W134/><G134/><N who="2" m="51209" /><F66/><W123/><G123/><N who="2" m="47113" /><F103/><W108/><G108/><T5/><D73/><U46/><E127/><V89/><F89/><W47/><G95/><T99/><D83/><U97/><E97/><V72/><F105/><W51/><G71/><T81/><D81/><U48/><E39/><N who="2" m="21631" /><F72/><W27/><G67/><T18/><D106/><U29/><E29/><N who="0" m="10761" /><D100/><U22/><REACH who="1" step="1"/><E61/><REACH who="1" ten="250,240,250,250" step="2"/><V16/><F16/><AGARI ba="0,1" hai="11,12,15,16,19,22,46,48,55,82,86,90,104,107" machi="16" ten="30,16000,3" yaku="1,1,2,1,7,1,25,2,52,1,54,1,53,1" doraHai="41" doraHaiUra="45" who="1" fromWho="2" sc="250,0,240,170,250,-160,250,0" /><INIT seed="1,0,0,0,4,94" ten="250,410,90,250" oya="1" hai0="73,0,30,92,35,106,10,61,84,74,18,64,135" hai1="14,132,111,120,101,40,59,2,55,3,39,89,1" hai2="81,87,112,57,80,100,54,33,9,133,47,125,91" hai3="108,97,23,98,109,118,49,67,82,114,66,32,95"/><U130/><E120/><V88/><F112/><W119/><G114/><T60/><D106/><U13/><E132/><V70/><F33/><W131/><G32/><T26/><D135/><U37/><E130/><V12/><F133/><W127/><G131/><T42/><D42/><U52/><E111/><N who="3" m="42570" /><G127/><T124/><D124/><U20/><E101/><V122/><F125/><W24/><G49/><T129/><D129/><U46/><E39/><V48/><F70/><W50/><G50/><T96/><D84/><U116/><E116/><N who="3" m="44586" /><G82/><T65/><D65/><N who="3" m="24585" /><G95/><T15/><D0/><U51/><E55/><V31/><F31/><AGARI ba="0,0" hai="23,24,31,97,98" m="24585,44586,42570" machi="31" ten="30,7700,0" yaku="14,1,12,1,52,2" doraHai="94" who="3" fromWho="2" sc="250,0,410,0,90,-77,250,77" /><INIT seed="2,0,0,1,3,44" ten="250,410,13,327" oya="2" hai0="113,102,41,83,52,59,103,72,134,14,49,32,100" hai1="53,109,70,56,46,30,15,26,58,54,125,81,126" hai2="91,96,66,31,87,121,25,108,111,129,124,11,85" hai3="27,131,86,132,9,135,107,97,64,47,16,88,116"/><V80/><F121/><W23/><G116/><T71/><D113/><U84/><E70/><V77/><F66/><W0/><G64/><T19/><D32/><U65/><E109/><N who="2" m="42059" /><F11/><W36/><G131/><T57/><D71/><U75/><E75/><V76/><F129/><W8/><G97/><T127/><D41/><U118/><E15/><V42/><F42/><N who="3" m="22983" /><G107/><T78/><D127/><N who="1" m="48651" /><E118/><V33/><F124/><W55/><G0/><T128/><D128/><U43/><E65/><V69/><F69/><W101/><G55/><T61/><D134/><N who="3" m="51241" /><G101/><T68/><D68/><U90/><E54/><V50/><F96/><W79/><G79/><N who="2" m="30281" /><F87/><W13/><G13/><T29/><D103/><U3/><E53/><V133/><F133/><W115/><G115/><T67/><D29/><U98/><E98/><V12/><F12/><W21/><G21/><AGARI ba="0,0" hai="14,19,21,49,52,57,59,61,67,72,78,83,100,102" machi="21" ten="30,3900,0" yaku="7,1,52,1,54,1" doraHai="44" who="0" fromWho="3" sc="250,39,410,0,13,0,327,-39" /><INIT seed="3,0,0,4,4,82" ten="289,410,13,288" oya="3" hai0="134,23,57,109,54,60,6,22,28,47,11,59,41" hai1="126,66,46,70,36,1,123,17,98,130,121,100,38" hai2="35,27,14,32,90,103,104,84,118,75,72,69,0" hai3="19,12,18,10,63,65,106,96,112,16,127,88,111"/><W114/><G127/><T53/><D109/><U29/><E126/><V37/><F0/><W74/><G74/><N who="2" m="28201" /><F14/><W122/><G122/><T94/><D94/><U8/><E130/><V39/><F84/><W4/><G111/><T76/><D76/><U79/><E79/><V64/><F90/><W81/><G106/><T105/><D105/><N who="1" m="63639" /><E17/><V92/><F92/><W101/><G101/><T5/><D134/><U3/><E29/><N who="2" m="19519" /><F35/><W50/><G50/><N who="0" m="26991" /><D28/><U9/><E9/><V26/><F26/><W95/><REACH who="3" step="1"/><G81/><REACH who="3" ten="289,410,13,278" step="2"/><T86/><D60/><N who="1" m="40263" /><E121/><V113/><F113/><W119/><G119/><T87/><D57/><AGARI ba="0,1" hai="4,10,12,16,18,19,57,63,65,88,95,96,112,114" machi="57" ten="40,7700,0" yaku="1,1,54,2,53,0" doraHai="82" doraHaiUra="128" who="3" fromWho="0" sc="289,-77,410,0,13,0,278,87" /><INIT seed="3,1,0,0,1,65" ten="212,410,13,365" oya="3" hai0="113,126,11,57,68,80,41,91,63,44,29,112,27" hai1="6,129,61,110,33,128,78,127,114,36,19,116,69" hai2="60,92,105,49,76,132,131,3,7,107,106,8,104" hai3="95,121,130,45,46,15,99,55,56,79,124,47,48"/><W40/><G121/><T22/><D11/><U30/><E114/><N who="0" m="44137" /><D126/><U87/><E127/><V20/><N who="2" m="26624" /><DORA hai="62" /><V103/><F131/><N who="1" m="50249" /><E110/><V0/><F132/><W13/><G130/><T52/><D91/><U122/><E122/><V84/><F49/><W72/><G124/><T100/><D80/><U123/><E123/><V64/><F20/><W102/><G72/><T5/><D5/><U37/><E6/><V81/><F92/><W109/><G109/><T25/><D100/><U77/><E19/><V96/><F103/><W17/><G79/><T51/><D27/><N who="1" m="18655" /><E116/><V16/><F96/><W88/><G40/><T101/><D101/><U89/><E37/><V14/><REACH who="2" step="1"/><F7/><REACH who="2" ten="212,410,3,365" step="2"/><W119/><G102/><T35/><D22/><U75/><E36/><V118/><F118/><W10/><G119/><T85/><D35/><U43/><E43/><V1/><F1/><W120/><G120/><T23/><D51/><U38/><E38/><V66/><F66/><W90/><G95/><T111/><D41/><U97/><E97/><V134/><F134/><W108/><G99/><T42/><D111/><U50/><E50/><V28/><F28/><W98/><G98/><T53/><D42/><U74/><E74/><V2/><F2/><W59/><G108/><T86/><D86/><U58/><E75/><V133/><F133/><W18/><G48/><N who="0" m="28679" /><D85/><U117/><E117/><V71/><AGARI ba="1,1" hai="0,3,8,14,16,60,64,71,76,81,84" m="26624" machi="71" ten="60,12000,2" yaku="1,1,0,1,52,2,54,1,53,1" doraHai="65,62" doraHaiUra="9,54" who="2" fromWho="2" sc="212,-31,410,-31,3,133,365,-61" /><INIT seed="4,0,0,3,3,96" ten="181,379,136,304" oya="0" hai0="133,84,24,0,7,45,32,125,73,77,131,134,123" hai1="44,90,29,93,76,100,30,59,132,103,14,8,40" hai2="101,33,99,65,9,85,50,2,67,117,48,98,34" hai3="127,57,35,128,87,10,105,129,63,92,110,112,31"/><T122/><D73/><U21/><E76/><V119/><F85/><W108/><G105/><T81/><D45/><U25/><E132/><N who="0" m="50793" /><D125/><U95/><E59/><V118/><F9/><W124/><G10/><N who="0" m="2407" /><D131/><N who="3" m="50249" /><G112/><T55/><D55/><U116/><E30/><AGARI ba="0,0" hai="24,30,32,77,81,84,122,123" m="2407,50793" machi="30" ten="30,1500,0" yaku="20,1" doraHai="96" who="0" fromWho="1" sc="181,15,379,-15,136,0,304,0" /><INIT seed="4,1,0,2,0,34" ten="196,364,136,304" oya="0" hai0="94,82,13,22,128,117,26,55,98,48,43,112,49" hai1="17,64,108,88,109,69,111,68,54,10,37,42,11" hai2="4,63,116,9,15,124,71,31,96,134,106,95,73" hai3="35,36,41,84,27,53,61,8,29,75,126,16,125"/><T100/><D117/><U62/><E68/><V123/><F123/><W101/><G75/><T86/><D112/><U23/><E54/><V30/><F106/><W99/><G84/><T33/><D128/><U113/><E113/><V130/><F130/><W105/><G36/><T44/><D33/><U87/><E42/><V28/><F73/><W3/><G41/><T76/><D13/><U114/><E37/><V90/><F116/><W72/><G72/><T0/><D0/><U45/><E45/><V115/><F115/><W89/><G89/><T7/><D7/><U47/><E47/><V60/><F124/><W67/><G53/><T21/><REACH who="0" step="1"/><D26/><REACH who="0" ten="186,364,136,304" step="2"/><U78/><E114/><V46/><F134/><W135/><G135/><T120/><D120/><U97/><E111/><V51/><REACH who="2" step="1"/><F71/><REACH who="2" ten="186,364,126,304" step="2"/><W50/><G126/><T107/><D107/><U12/><E109/><V79/><F79/><W118/><G125/><T39/><D39/><U129/><E108/><V104/><F104/><W56/><G118/><T40/><D40/><AGARI ba="1,2" hai="4,9,15,28,30,31,40,46,51,60,63,90,95,96" machi="40" ten="40,2600,0" yaku="1,1,8,1,53,0" doraHai="34" doraHaiUra="80" who="2" fromWho="0" sc="186,-29,364,0,126,49,304,0" /><INIT seed="5,0,0,1,5,34" ten="157,364,175,304" oya="1" hai0="39,25,113,20,105,33,6,88,50,133,14,48,66" hai1="72,37,45,30,28,1,78,85,69,11,110,40,125" hai2="51,0,5,17,59,8,65,83,127,118,56,93,106" hai3="94,116,60,36,119,32,3,49,103,47,121,123,111"/><U35/><E85/><V70/><F118/><N who="3" m="45099" /><G32/><T19/><D105/><U38/><E38/><V64/><F106/><W62/><G3/><T80/><D39/><U104/><E104/><V98/><F127/><W22/><G22/><T55/><D113/><U82/><E125/><V73/><F17/><W135/><G94/><T67/><D133/><U52/><E110/><V101/><F70/><W61/><G103/><T124/><D124/><U31/><E69/><V46/><F65/><W84/><G84/><N who="0" m="50183" /><D33/><U126/><E126/><V86/><F64/><N who="0" m="24618" /><D55/><U26/><E52/><V99/><F98/><W76/><G76/><T18/><D6/><AGARI ba="0,0" hai="1,6,11,26,28,30,31,35,37,40,45,72,78,82" machi="6" ten="40,7700,0" yaku="25,2,52,1" doraHai="34" who="1" fromWho="0" sc="157,-77,364,77,175,0,304,0" /><INIT seed="5,1,0,4,1,110" ten="80,441,175,304" oya="1" hai0="111,47,98,58,2,121,73,30,131,90,79,53,75" hai1="124,8,114,24,95,84,64,76,72,19,89,86,117" hai2="133,128,127,91,55,28,83,52,126,54,33,88,87" hai3="26,70,67,48,60,116,43,57,0,118,129,100,6"/><U37/><E117/><V65/><F128/><W56/><G129/><T1/><D131/><U16/><E37/><V62/><F133/><W103/><G26/><T82/><D111/><U23/><E124/><N who="2" m="47659" /><F28/><W63/><G6/><T119/><D119/><N who="3" m="45609" /><G0/><T71/><D71/><U130/><E130/><V66/><F33/><W49/><G70/><T125/><D125/><U59/><E72/><V20/><F20/><W50/><G43/><T135/><D135/><U39/><E39/><V94/><F62/><N who="3" m="23595" /><G67/><T45/><D121/><U11/><E64/><V9/><F9/><W112/><G112/><T108/><D108/><U74/><E114/><V7/><F7/><W122/><G122/><T40/><D30/><U51/><E74/><V38/><F38/><W61/><N who="3" m="23603" /><W107/><DORA hai="14" /><G107/><T132/><D132/><U93/><E19/><V3/><F3/><W120/><G120/><T31/><D73/><U21/><E21/><V123/><F123/><W97/><G97/><AGARI ba="1,0" hai="52,54,55,65,66,83,87,88,91,94,97" m="47659" machi="97" ten="30,3900,0" yaku="18,1,54,2" doraHai="110,14" who="2" fromWho="3" sc="80,0,441,0,175,42,304,-42" /><INIT seed="6,0,0,4,3,27" ten="80,441,217,262" oya="2" hai0="44,6,123,86,124,91,131,133,89,121,47,130,132" hai1="108,13,102,37,1,31,67,16,87,42,64,4,51" hai2="105,10,80,75,96,22,113,26,85,99,45,29,43" hai3="59,14,60,69,54,41,21,71,8,11,34,109,82"/><V18/><F75/><W52/><G109/><T76/><D6/><U134/><E37/><V38/><F113/><W9/><G34/><T33/><D33/><U62/><E108/><V126/><F126/><W57/><G41/><T92/><D76/><U111/><E111/><V24/><F105/><W81/><G69/><T106/><D106/><U12/><E134/><N who="0" m="51817" /><D44/><U104/><E4/><V119/><F119/><W65/><G71/><T35/><D35/><U5/><E5/><V66/><F66/><W100/><G100/><T56/><D56/><U3/><E87/><V46/><F46/><W93/><G93/><T49/><D49/><U68/><E67/><V78/><F10/><W120/><G120/><T114/><D47/><U118/><E118/><V28/><F18/><N who="3" m="10455" /><G65/><T70/><D70/><U84/><E84/><V40/><F43/><W97/><G97/><T98/><D114/><U74/><E42/><V61/><F61/><AGARI ba="0,0" hai="8,9,11,52,54,57,59,60,61,81,82" m="10455" machi="61" ten="30,2000,0" yaku="8,1,54,1" doraHai="27" who="3" fromWho="2" sc="80,0,441,0,217,-20,262,20" /><INIT seed="7,0,0,2,0,112" ten="80,441,197,282" oya="3" hai0="80,53,39,91,111,114,59,0,6,16,70,27,103" hai1="13,79,75,25,52,109,99,45,122,21,120,127,135" hai2="129,133,1,128,37,40,64,83,116,69,30,102,18" hai3="125,66,110,36,29,115,12,95,119,34,77,61,44"/><W74/><G95/><T54/><D111/><U107/><E109/><V15/><F1/><W48/><G12/><T10/><D70/><U41/><E127/><V26/><F133/><W32/><G48/><T106/><D39/><U7/><E135/><V33/><F83/><N who="3" m="45495" /><G110/><T93/><D114/><U47/><E79/><V55/><F55/><W90/><G90/><T131/><D131/><N who="2" m="50250" /><F40/><N who="3" m="22535" /><G29/><T57/><D80/><U98/><E98/><V105/><F18/><W56/><G115/><T22/><D106/><U123/><E13/><V84/><F84/><W58/><G58/><T65/><D103/><U60/><E75/><V38/><F15/><W78/><G56/><T67/><D57/><U68/><E68/><V100/><F100/><W62/><G62/><T3/><D54/><U51/><E107/><V108/><F108/><W2/><G2/><T81/><D81/><U86/><E99/><N who="2" m="61663" /><F38/><W101/><G101/><T134/><D0/><U23/><E45/><V9/><F9/><W118/><G78/><T35/><D35/><N who="3" m="13353" /><G125/><T113/><D113/><U89/><E89/><V104/><F104/><W11/><G11/><T73/><D73/><U96/><E86/><V71/><F37/><W50/><G50/><T121/><D121/><U117/><E21/><V8/><F8/><W132/><G132/><T72/><D72/><U28/><E60/><N who="2" m="40071" /><F71/><W63/><G63/><N who="0" m="36335" /><D134/><U31/><E31/><V92/><F92/><W97/><G97/><N who="0" m="57535" /><D67/><U19/><E96/><V82/><F82/><W4/><G66/><T76/><D65/><U94/><E94/><V87/><F87/><W130/><G130/><RYUUKYOKU ba="0,0" sc="80,15,441,-15,197,15,282,-15" hai0="3,6,10,16,22,27,76" hai2="26,30,33,116" owari="95,-40.0,426,52.0,212,-19.0,267,7.0" /></mjloggm>