<mjloggm ver="2.3"><GO type="169" lobby="0"/><UN n0="%43%48%49%52%4F%52%55" n1="%E5%B0%B1%E6%B4%BB%E7%94%9F%40%E5%B7%9D%E6%9D%91%E8%BB%8D%E5%9B%A3" n2="%E7%AA%93%E4%BB%98%E3%81%8D%2E" n3="%EF%BC%B7%EF%BD%81%EF%BD%8C%EF%BD%8C%EF%BD%99" dan="16,17,16,17" rate="2139.06,2150.43,2140.27,2158.86" sx="M,M,F,M"/><TAIKYOKU oya="0"/><INIT seed="0,0,0,5,2,130" ten="250,250,250,250" oya="0" hai0="89,10,46,54,111,82,120,21,25,19,28,128,52" hai1="115,42,133,65,114,38,0,53,124,22,69,131,40" hai2="33,87,23,66,123,32,11,116,104,100,39,43,72" hai3="98,29,78,20,7,74,112,119,51,17,34,9,132"/><T107/><D120/><U103/><E0/><V129/><F72/><W96/><G112/><N who="1" m="43050" /><E103/><V122/><F129/><W30/><G119/><T106/><D128/><U55/><E22/><V67/><F116/><W41/><G74/><T36/><D111/><U16/><E16/><V24/><F104/><W59/><G78/><T102/><D102/><U58/><E131/><V35/><F67/><W105/><G105/><T81/><D107/><U118/><E118/><V18/><F66/><W71/><G71/><T101/><D101/><U108/><E108/><V62/><F62/><W37/><G37/><T83/><D106/><U60/><E124/><V113/><F113/><W92/><G92/><T63/><D89/><U76/><E76/><V134/><F39/><W75/><G75/><T12/><REACH who="0" step="1"/><D63/><REACH who="0" ten="240,250,250,250" step="2"/><N who="1" m="40127" /><E133/><V50/><F134/><W88/><G132/><T57/><D57/><N who="1" m="34863" /><E38/><V4/><F100/><W6/><G88/><T110/><D110/><U86/><E86/><V99/><F87/><W1/><G98/><T121/><D121/><U77/><E77/><V14/><F99/><W44/><G96/><T8/><D8/><U47/><E47/><N who="2" m="25983" /><F123/><W97/><G97/><T3/><D3/><U49/><AGARI ba="0,1" hai="40,42,49,55,58" m="34863,40127,43050" machi="49" ten="30,4000,0" yaku="11,1,34,2" doraHai="130" who="1" fromWho="1" sc="240,-20,250,50,250,-10,250,-10" /><INIT seed="1,0,0,0,5,128" ten="220,300,240,240" oya="1" hai0="4,71,117,97,12,111,116,55,14,59,30,21,40" hai1="17,22,44,118,49,67,93,110,72,82,53,119,70" hai2="13,56,121,62,133,99,89,125,37,87,106,134,25" hai3="103,75,124,123,54,33,130,39,5,96,7,107,11"/><U73/><E110/><V43/><F125/><W41/><G130/><T1/><D71/><U31/><E31/><V63/><F121/><W102/><G102/><T48/><D1/><U23/><E23/><V38/><F13/><W95/><G123/><T16/><D111/><U76/><E73/><V135/><F25/><W6/><G124/><T20/><D40/><U36/><E36/><N who="2" m="13931" /><F43/><W68/><G33/><T84/><D97/><U105/><E105/><V60/><F99/><W47/><G68/><T27/><REACH who="0" step="1"/><D84/><REACH who="0" ten="210,300,240,240" step="2"/><U108/><E108/><V115/><F115/><W129/><G129/><T74/><D74/><U52/><E53/><N who="2" m="33807" /><F106/><W35/><G107/><T122/><D122/><U109/><E109/><V83/><AGARI ba="0,1" hai="62,63,83,87,89,133,134,135" m="33807,13931" machi="83" ten="40,8000,1" yaku="20,1,52,3" doraHai="128" who="2" fromWho="2" sc="210,-20,300,-40,240,90,240,-20" /><INIT seed="2,0,0,0,5,109" ten="190,260,330,220" oya="2" hai0="106,124,8,57,114,36,102,3,107,89,37,4,52" hai1="101,9,92,18,110,10,97,85,88,55,65,87,86" hai2="113,105,1,117,115,15,119,67,100,98,103,61,7" hai3="33,133,96,132,66,23,41,126,74,83,14,5,49"/><V78/><F1/><W29/><G66/><T48/><D124/><U6/><E110/><V77/><F103/><W20/><G96/><T12/><D114/><U131/><E131/><V79/><F117/><W76/><G126/><T17/><D89/><U63/><E55/><V129/><F119/><W38/><G38/><T11/><REACH who="0" step="1"/><D102/><REACH who="0" ten="180,260,330,220" step="2"/><U21/><E101/><V80/><F129/><W68/><G133/><T122/><D122/><U64/><E6/><V70/><REACH who="2" step="1"/><F80/><REACH who="2" ten="180,260,320,220" step="2"/><W28/><G83/><T84/><D84/><U44/><E87/><V104/><F104/><AGARI ba="0,2" hai="3,4,8,11,12,17,36,37,48,52,57,104,106,107" machi="104" ten="40,2600,0" yaku="1,1,54,1,53,0" doraHai="109" doraHaiUra="118" who="0" fromWho="2" sc="180,46,260,0,320,-26,220,0" /><INIT seed="3,0,0,3,1,100" ten="226,260,294,220" oya="3" hai0="13,87,131,20,82,70,61,90,1,123,104,52,74" hai1="85,25,40,108,125,86,35,64,105,122,31,54,130" hai2="62,44,5,67,50,65,56,110,126,115,89,41,95" hai3="118,8,96,10,84,12,106,16,36,34,46,76,114"/><W63/><G118/><T47/><D1/><U4/><E122/><V101/><F110/><W102/><G34/><T117/><D117/><U107/><E40/><V71/><F126/><W6/><G114/><T57/><D131/><U45/><E64/><V11/><F115/><W69/><G69/><T129/><D129/><U42/><E130/><V72/><F72/><W60/><G36/><T73/><D123/><U127/><E4/><V48/><F101/><W49/><G84/><T0/><D0/><U29/><E54/><V103/><F103/><W28/><G28/><T116/><D116/><U98/><E108/><V59/><F50/><W68/><G76/><T119/><D104/><N who="1" m="40011" /><E98/><V93/><F67/><W9/><G68/><T23/><D70/><U32/><E85/><V97/><F93/><W21/><REACH who="3" step="1"/><G6/><REACH who="3" ten="226,260,294,210" step="2"/><T43/><D119/><U135/><E86/><V120/><F120/><W2/><G2/><AGARI ba="0,1" hai="2,5,11,41,44,48,56,59,62,65,71,89,95,97" machi="2" ten="30,1000,0" yaku="7,1" doraHai="100" who="2" fromWho="3" sc="226,0,260,0,294,20,210,-10" /><INIT seed="4,0,0,2,2,46" ten="226,260,314,200" oya="0" hai0="122,56,30,35,32,101,25,128,63,102,34,15,43" hai1="86,3,100,72,53,27,79,38,117,2,28,82,88" hai2="94,42,110,21,134,70,129,39,123,66,121,131,68" hai3="76,81,105,96,33,64,114,51,44,61,103,4,65"/><T17/><D122/><N who="2" m="46602" /><F94/><W13/><G114/><T133/><D128/><N who="2" m="49226" /><F21/><W23/><G33/><T5/><D5/><U120/><E117/><V99/><F99/><W111/><G111/><T95/><D43/><U8/><E120/><V26/><F26/><W24/><G61/><T124/><D133/><U132/><E132/><V119/><F110/><W98/><G98/><T73/><D124/><U112/><E112/><V108/><F108/><W93/><G105/><T125/><D125/><U20/><E38/><V18/><F18/><W59/><G59/><T83/><D95/><U90/><E90/><V87/><F87/><N who="3" m="48551" /><G13/><T9/><D83/><U50/><E100/><V127/><F127/><W31/><G4/><T55/><D73/><U36/><E36/><V75/><F75/><W54/><AGARI ba="0,0" hai="23,24,31,44,51,54,64,65,93,96,103" m="48551" machi="54" ten="30,2000,0" yaku="8,1,52,1" doraHai="46" who="3" fromWho="3" sc="226,-10,260,-5,314,-5,200,20" /><INIT seed="5,0,0,4,3,34" ten="216,255,309,220" oya="1" hai0="38,80,4,0,116,28,112,49,70,87,54,24,79" hai1="107,130,98,118,128,110,99,1,117,114,125,85,62" hai2="66,77,60,95,89,39,65,127,83,35,15,132,31" hai3="48,44,120,10,51,101,92,122,103,123,126,27,133"/><U88/><E62/><V81/><F39/><W36/><G126/><T96/><D116/><U100/><E1/><V17/><F127/><W129/><G27/><T32/><D112/><U90/><E125/><V8/><F132/><W108/><G108/><T22/><D38/><U135/><E135/><V76/><F35/><W106/><G106/><T84/><D70/><U26/><E26/><V30/><F81/><W69/><G69/><T97/><D87/><U75/><E75/><V134/><F134/><W19/><G133/><T82/><D82/><N who="1" m="49207" /><E114/><V37/><F37/><W46/><G129/><N who="1" m="49770" /><E110/><V86/><F76/><W20/><G10/><T50/><D32/><U94/><AGARI ba="0,0" hai="90,94,98,99,100,107,117,118" m="49770,49207" machi="94" ten="30,11700,0" yaku="19,1,34,2,54,1" doraHai="34" who="1" fromWho="1" sc="216,-39,255,117,309,-39,220,-39" /><INIT seed="5,1,0,1,2,33" ten="177,372,270,181" oya="1" hai0="12,103,56,24,120,58,64,117,59,100,135,107,109" hai1="70,20,69,111,50,94,114,41,96,79,6,46,8" hai2="83,102,10,124,78,7,80,34,76,75,67,32,27" hai3="122,121,3,14,54,57,55,74,72,91,13,101,37"/><U108/><E114/><V15/><F124/><W0/><G37/><T52/><D109/><U131/><E131/><V105/><F67/><W35/><G35/><T31/><D117/><U118/><E118/><V81/><F27/><W39/><G39/><T9/><D135/><U119/><E119/><V17/><F17/><W49/><G91/><T134/><D134/><U98/><E79/><V11/><F11/><W112/><G112/><T29/><D120/><U45/><E20/><V87/><F80/><W48/><REACH who="3" step="1"/><G57/><REACH who="3" ten="177,372,270,171" step="2"/><T18/><D58/><U84/><E70/><V128/><F128/><W130/><G130/><T30/><D59/><U97/><E69/><V95/><F34/><W116/><G116/><T113/><D113/><U99/><E108/><V71/><F32/><W47/><G47/><T5/><D64/><U42/><E111/><V126/><F71/><W2/><G2/><T85/><D56/><U89/><N who="1" m="25088" /><DORA hai="38" /><U123/><E123/><V104/><F126/><W127/><G127/><T63/><D63/><U86/><E46/><V53/><F104/><W28/><G28/><T115/><D107/><U93/><E93/><V132/><F105/><W92/><G92/><T73/><D115/><U40/><REACH who="1" step="1"/><E84/><REACH who="1" ten="177,362,270,171" step="2"/><V82/><F132/><W125/><G125/><T66/><D85/><U88/><E88/><V4/><F87/><W133/><G133/><T43/><D66/><U26/><E26/><V77/><F95/><W44/><G44/><T36/><D24/><U19/><E19/><V110/><F110/><W68/><G68/><T60/><D18/><U23/><E23/><RYUUKYOKU ba="1,2" sc="177,-15,362,15,270,-15,171,15" hai1="6,8,40,41,42,45,50,86,89,94" hai3="0,3,13,14,48,49,54,55,72,74,101,121,122" /><INIT seed="5,2,2,0,2,13" ten="162,377,255,186" oya="1" hai0="22,80,130,68,5,127,11,115,26,6,12,103,30" hai1="118,126,117,110,55,92,16,91,88,69,62,87,34" hai2="86,50,46,76,93,10,67,21,75,101,42,48,31" hai3="97,95,107,90,111,132,105,29,96,83,38,133,122"/><U47/><E110/><V134/><F75/><W77/><G38/><T73/><D68/><U102/><E126/><V2/><F134/><N who="3" m="51819" /><G29/><T43/><D127/><U40/><E102/><V52/><F67/><W109/><G122/><T129/><D115/><U49/><E34/><V3/><F76/><W71/><G71/><T113/><D113/><U64/><E91/><V7/><F2/><W89/><G89/><T98/><D43/><U131/><E131/><N who="0" m="50185" /><D80/><U84/><E84/><V57/><F86/><N who="3" m="48495" /><G96/><T120/><D73/><U70/><E70/><V116/><F116/><W74/><G74/><T23/><D120/><U119/><E40/><V20/><REACH who="2" step="1"/><F31/><REACH who="2" ten="162,377,245,186" step="2"/><W79/><G79/><T59/><D30/><U1/><E1/><V108/><F108/><AGARI ba="2,3" hai="90,95,97,105,107,108,109,111" m="48495,51819" machi="108" ten="30,3900,0" yaku="20,1,34,2" doraHai="13" who="3" fromWho="2" sc="162,0,377,0,245,-45,186,75" /><INIT seed="6,0,0,0,5,71" ten="162,377,200,261" oya="2" hai0="35,135,100,85,121,128,133,120,101,81,104,61,34" hai1="72,92,51,59,9,109,87,49,78,74,79,3,125" hai2="50,32,63,88,7,30,105,98,90,113,10,99,124" hai3="84,60,62,66,0,1,132,91,82,42,89,134,14"/><V94/><F113/><W116/><G116/><T41/><D61/><U47/><E109/><V80/><F124/><W108/><G108/><T127/><D41/><U96/><E125/><V123/><F123/><N who="0" m="47178" /><D127/><U58/><E72/><V48/><F63/><W46/><G14/><T77/><D35/><U25/><E74/><V21/><F32/><W126/><G89/><T97/><D34/><U76/><E87/><N who="2" m="50535" /><F105/><W29/><G29/><T8/><D8/><U23/><E9/><V103/><F103/><W102/><G102/><N who="0" m="62543" /><D128/><U39/><E39/><V110/><F110/><W111/><G62/><T55/><D55/><N who="1" m="30143" /><E51/><N who="2" m="19499" /><F7/><W24/><G111/><T117/><D117/><U53/><E3/><V31/><F10/><W28/><G126/><T129/><D129/><U114/><E114/><V115/><F115/><W68/><G1/><T75/><D75/><U130/><E130/><V122/><F122/><W4/><G4/><T93/><D101/><N who="1" m="60551" /><E53/><V67/><F67/><W2/><G2/><T17/><D17/><AGARI ba="0,0" hai="17,23,25,58,59,76,78,79" m="60551,30143" machi="17" ten="30,1000,0" yaku="8,1" doraHai="71" who="1" fromWho="0" sc="162,-10,377,10,200,0,261,0" /><INIT seed="7,0,0,2,2,77" ten="152,387,200,261" oya="3" hai0="6,56,94,134,29,126,66,20,115,102,15,34,119" hai1="5,44,46,38,73,67,122,58,74,51,127,107,41" hai2="106,59,132,22,69,1,47,10,16,103,14,42,79" hai3="54,120,128,60,125,0,111,17,39,55,33,48,96"/><W130/><G39/><T4/><D34/><U131/><E122/><V117/><F69/><W50/><G0/><T87/><D119/><U114/><E107/><V83/><F117/><W99/><G33/><T124/><D134/><U110/><E110/><V81/><F132/><W27/><G27/><T100/><D115/><U89/><E114/><V8/><F59/><W52/><G120/><T2/><D2/><U95/><E127/><V35/><F35/><W3/><G3/><T30/><D126/><U101/><E101/><V113/><F113/><W109/><G17/><T78/><D124/><U65/><E131/><N who="3" m="50218" /><G60/><T97/><D102/><U64/><E5/><V85/><F1/><W62/><G62/><N who="0" m="38215" /><D15/><U19/><E19/><V21/><F8/><W57/><G125/><T133/><D30/><U49/><E58/><V63/><F63/><W108/><G57/><T23/><D23/><U84/><REACH who="1" step="1"/><E38/><REACH who="1" ten="152,377,200,261" step="2"/><V135/><F135/><W80/><G80/><N who="0" m="47511" /><D133/><U121/><E121/><V86/><F103/><W70/><G70/><T71/><D71/><U18/><E18/><V43/><F106/><W93/><G93/><T12/><D12/><U105/><E105/><V118/><F118/><W68/><G68/><T104/><D104/><U129/><E129/><V98/><F81/><W28/><G28/><T40/><D40/><AGARI ba="0,1" hai="40,41,44,46,49,51,64,65,67,73,74,84,89,95" machi="40" ten="40,2600,0" yaku="1,1,9,1,53,0" doraHai="77" doraHaiUra="116" who="1" fromWho="0" sc="152,-26,377,36,200,0,261,0" owari="126,-37.0,413,51.0,200,-20.0,261,6.0" /></mjloggm>