<mjloggm ver="2.3"><GO type="169" lobby="0"/><UN n0="%E6%9C%80%E5%BC%B7%E9%9B%80%E5%A3%AB%E3%81%AE%E6%84%8F%E5%9C%B0" n1="%67%61%6D%6F%33" n2="%64%61%72%74%65%72" n3="%E5%B0%B1%E6%B4%BB%E7%94%9F%40%E5%B7%9D%E6%9D%91%E8%BB%8D%E5%9B%A3" dan="16,18,18,17" rate="2073.16,2211.98,2185.08,2225.90" sx="M,M,M,M"/><TAIKYOKU oya="0"/><INIT seed="0,0,0,1,3,31" ten="250,250,250,250" oya="0" hai0="92,131,44,1,57,13,110,2,67,123,128,20,32" hai1="68,118,47,94,11,86,99,21,132,26,91,103,122" hai2="76,45,87,50,98,116,125,6,88,75,108,56,114" hai3="115,23,14,24,3,41,95,53,39,134,121,74,49"/><T65/><D123/><U29/><E122/><V52/><F114/><W105/><G105/><T71/><D71/><U28/><E68/><V106/><F108/><W5/><G3/><T111/><D44/><U90/><E118/><V119/><F125/><W124/><G74/><T4/><D92/><U100/><E29/><V120/><F120/><W9/><G115/><T96/><D96/><U70/><E70/><V64/><F6/><W113/><G113/><T82/><D82/><U35/><E11/><V38/><F75/><W46/><G124/><T126/><D126/><U93/><E132/><V101/><F76/><W12/><G134/><T17/><D57/><U43/><REACH who="1" step="1"/><E21/><REACH who="1" ten="250,240,250,250" step="2"/><V117/><F38/><AGARI ba="0,1" hai="26,28,35,38,43,47,86,90,91,93,94,99,100,103" machi="38" ten="30,7700,0" yaku="1,1,2,1,7,1,52,1,53,0" doraHai="31" doraHaiUra="112" who="1" fromWho="2" sc="250,0,240,87,250,-77,250,0" /><INIT seed="1,0,0,5,5,10" ten="250,327,173,250" oya="1" hai0="38,102,81,72,73,125,130,117,56,132,97,25,85" hai1="131,90,82,53,57,32,8,127,5,11,52,16,126" hai2="18,39,4,96,78,106,41,83,103,123,61,129,87" hai3="69,45,63,55,60,65,26,135,29,13,121,75,14"/><U113/><E113/><V12/><F123/><W27/><G121/><T31/><D117/><U20/><E32/><V118/><F118/><W128/><G75/><T23/><D38/><U36/><E36/><V104/><F129/><W114/><G114/><T17/><D130/><U91/><E131/><V0/><F0/><W43/><G128/><T84/><D125/><N who="1" m="47627" /><E53/><V134/><F134/><W58/><G135/><T100/><D132/><U7/><E8/><V33/><F33/><W94/><G94/><T122/><D122/><U107/><E107/><V88/><F4/><N who="1" m="1609" /><E11/><V28/><F106/><W3/><G3/><T70/><D70/><U59/><E59/><V44/><F28/><W24/><REACH who="3" step="1"/><G29/><REACH who="3" ten="250,327,173,240" step="2"/><T22/><D31/><U2/><E2/><V30/><F30/><W86/><G86/><T42/><D84/><U19/><E82/><V98/><F98/><W115/><G115/><T15/><D97/><U89/><E20/><V99/><F99/><W67/><G67/><T92/><D23/><U108/><E108/><V71/><F104/><W77/><G77/><T110/><D22/><U47/><E47/><V34/><F34/><W112/><G112/><T101/><D110/><U105/><E105/><V80/><F80/><W1/><G1/><T66/><D81/><U50/><AGARI ba="0,1" hai="16,19,50,52,57,89,90,91" m="1609,47627" machi="50" ten="40,7800,0" yaku="18,1,54,2" doraHai="10" who="1" fromWho="1" sc="250,-26,327,88,173,-26,240,-26" /><INIT seed="1,1,0,5,0,134" ten="224,415,147,214" oya="1" hai0="95,93,114,130,18,2,73,31,24,85,75,12,58" hai1="11,59,81,112,70,78,20,25,48,108,32,43,15" hai2="9,83,23,124,132,97,50,39,98,86,27,74,21" hai3="89,105,133,88,91,96,19,38,87,28,131,104,45"/><U128/><E70/><V41/><F74/><W65/><G133/><T26/><D114/><U22/><E112/><V76/><F39/><W47/><G131/><T7/><D130/><U80/><E128/><V49/><F132/><W123/><G123/><T68/><D68/><U10/><E32/><V0/><F21/><W117/><G117/><T34/><D26/><U118/><E118/><V127/><F0/><W82/><G65/><T42/><D42/><U14/><E20/><V36/><F36/><W92/><G28/><T61/><D7/><U60/><E108/><V102/><F9/><W71/><G71/><T106/><D2/><U116/><E116/><V66/><F66/><W33/><G33/><T17/><D106/><U115/><E115/><V126/><F41/><W72/><G72/><T56/><D17/><U4/><E78/><V120/><F120/><W53/><G19/><T35/><D35/><U64/><E48/><N who="2" m="18539" /><F102/><W62/><G38/><T13/><D12/><U67/><E67/><V37/><F37/><W94/><G105/><T46/><D73/><U125/><E43/><V135/><F135/><W107/><G107/><T1/><D75/><U30/><E11/><V40/><F40/><W110/><G104/><T113/><D113/><U55/><E64/><V54/><F54/><W16/><G16/><AGARI ba="1,0" hai="16,23,27,76,83,86,97,98,124,126,127" m="18539" machi="16" ten="30,8000,1" yaku="18,1,52,3,54,1" doraHai="134" who="2" fromWho="3" sc="224,0,415,0,147,83,214,-83" /><INIT seed="2,0,0,2,1,88" ten="224,415,230,131" oya="2" hai0="124,86,84,128,77,67,33,133,134,3,27,78,46" hai1="95,101,93,32,72,25,130,94,7,71,28,105,20" hai2="8,114,92,47,11,132,90,91,14,34,59,13,75" hai3="121,65,36,111,48,16,31,80,116,129,30,68,39"/><V104/><F104/><W44/><G121/><T6/><D67/><U107/><E72/><V113/><F75/><W102/><G116/><T43/><D124/><U119/><E119/><V45/><F34/><W69/><G111/><T54/><D54/><U118/><E118/><V29/><F29/><W52/><G129/><T21/><D33/><U53/><E7/><V61/><F132/><N who="0" m="50794" /><D6/><U115/><E115/><V0/><F0/><W66/><G102/><T63/><D63/><U112/><E112/><V70/><F70/><W35/><G35/><T51/><D3/><U62/><E130/><V64/><F91/><W23/><G80/><T87/><D128/><U18/><E101/><V4/><F114/><W38/><G66/><T122/><D122/><U22/><E22/><V117/><F117/><W12/><REACH who="3" step="1"/><G65/><REACH who="3" ten="224,415,230,121" step="2"/><T100/><D100/><U82/><E32/><V60/><F113/><W5/><G5/><T99/><D99/><U55/><E82/><V89/><F64/><W127/><G127/><T110/><D110/><U85/><E71/><AGARI ba="0,1" hai="12,16,23,30,31,36,38,39,44,48,52,68,69,71" machi="71" ten="50,8000,1" yaku="1,1,54,2,53,1" doraHai="88" doraHaiUra="49" who="3" fromWho="1" sc="224,0,415,-80,230,0,121,90" /><INIT seed="3,0,0,5,4,121" ten="224,335,230,211" oya="3" hai0="76,45,6,2,3,135,95,74,70,33,109,42,103" hai1="115,133,5,4,66,128,30,89,39,105,15,0,44" hai2="32,17,50,34,38,8,25,98,62,61,51,59,72" hai3="1,36,132,9,100,35,63,80,134,49,117,113,53"/><W93/><G117/><T114/><D70/><U101/><E115/><V99/><F72/><W23/><G36/><T54/><D54/><U52/><E0/><V40/><F38/><W85/><G35/><T20/><D33/><U7/><E66/><V46/><F34/><W67/><G113/><T97/><D114/><U86/><E30/><V77/><F77/><W123/><G123/><T26/><D135/><U111/><E133/><V107/><F32/><W13/><G1/><T110/><D6/><U24/><E24/><V126/><F126/><W96/><G23/><T12/><D12/><U125/><E125/><V48/><F61/><W78/><G63/><T90/><D103/><U47/><E128/><V88/><F107/><W64/><G132/><T84/><D97/><N who="2" m="36874" /><F88/><W28/><G28/><N who="0" m="17479" /><D76/><U104/><E101/><V37/><F37/><W27/><G27/><T56/><D56/><U21/><E39/><V83/><F25/><W14/><G134/><T75/><D3/><U69/><E69/><V130/><F130/><W31/><G31/><T11/><D2/><U65/><E65/><N who="2" m="39135" /><F83/><W73/><G73/><T91/><D11/><U94/><E104/><V131/><F131/><W122/><G122/><T87/><D75/><U60/><E105/><V41/><F41/><W124/><G124/><T79/><D79/><U81/><E81/><V55/><F40/><W102/><G102/><T112/><D74/><U129/><E129/><V16/><F8/><W108/><G108/><N who="0" m="41579" /><D112/><U29/><E111/><V119/><F119/><W92/><G9/><T18/><D18/><AGARI ba="0,0" hai="16,17,18,46,48,50,51,55" m="39135,36874" machi="18" ten="30,2000,0" yaku="8,1,54,1" doraHai="121" who="2" fromWho="0" sc="224,-20,335,0,230,20,211,0" /><INIT seed="4,0,0,2,1,21" ten="204,335,250,211" oya="0" hai0="57,81,53,107,79,36,42,87,104,134,71,54,11" hai1="88,28,72,129,82,29,64,132,1,127,77,5,6" hai2="115,66,123,122,120,8,56,125,111,103,25,43,73" hai3="62,105,89,100,23,61,128,76,10,80,118,106,92"/><T108/><D134/><U30/><E132/><V31/><F73/><W93/><G118/><T48/><D108/><U117/><E117/><V85/><F111/><W16/><G128/><T101/><D101/><U131/><E64/><V83/><F115/><W114/><G114/><T98/><D98/><U74/><E127/><V84/><F125/><W113/><G113/><T60/><D53/><U45/><E72/><V130/><F130/><N who="1" m="49673" /><E1/><V95/><F43/><W38/><G10/><T44/><REACH who="0" step="1"/><D11/><REACH who="0" ten="194,335,250,211" step="2"/><U46/><E46/><V27/><F8/><W0/><G106/><T3/><D3/><U32/><E45/><V86/><F103/><W15/><G0/><T121/><D121/><U7/><E32/><V90/><F122/><W18/><G105/><T70/><D70/><U14/><E5/><V58/><F123/><W97/><G38/><T69/><D69/><U37/><E6/><V34/><F120/><W40/><G40/><T65/><AGARI ba="0,1" hai="36,42,44,48,54,57,60,65,71,79,81,87,104,107" machi="65" ten="30,12000,1" yaku="1,1,0,1,24,2,53,1" doraHai="21" doraHaiUra="49" who="0" fromWho="0" sc="194,130,335,-40,250,-40,211,-40" /><INIT seed="4,1,0,1,5,6" ten="324,295,210,171" oya="0" hai0="126,117,17,79,119,38,107,20,43,78,81,46,129" hai1="9,101,66,115,65,98,75,40,128,55,31,86,45" hai2="87,130,112,109,97,91,134,54,131,59,57,68,76" hai3="3,25,127,122,35,96,64,74,63,84,89,53,71"/><T80/><D107/><U62/><E75/><V116/><F68/><W94/><G122/><T90/><D90/><U5/><E31/><V118/><F109/><W106/><G127/><T4/><D4/><U83/><E128/><N who="2" m="49195" /><F134/><W92/><G3/><T77/><D126/><U2/><E115/><V12/><F112/><W42/><G42/><T1/><D1/><U60/><E60/><V32/><F32/><W93/><G74/><T108/><D108/><U69/><E55/><V39/><F39/><W120/><G53/><T88/><D129/><U29/><E29/><V56/><F76/><W105/><G120/><T52/><D52/><U26/><E26/><V33/><F33/><W73/><G73/><T133/><D133/><U44/><E65/><V7/><F97/><W121/><G121/><T28/><D28/><U19/><E19/><V18/><F7/><W0/><G0/><T82/><REACH who="0" step="1"/><D88/><REACH who="0" ten="314,295,210,171" step="2"/><U23/><E40/><V58/><F54/><W36/><G106/><T21/><D21/><U48/><E23/><V50/><F91/><W104/><G104/><T67/><D67/><U14/><E2/><V51/><F118/><W10/><G105/><T95/><D95/><U47/><E5/><V102/><F116/><W111/><G94/><T114/><D114/><U61/><E66/><V15/><F102/><W72/><G111/><T34/><D34/><U85/><E101/><V24/><F18/><W123/><G35/><T103/><D103/><U124/><E124/><V30/><F30/><W99/><G93/><T110/><D110/><U41/><E41/><V135/><F135/><RYUUKYOKU ba="1,1" sc="314,30,295,-10,210,-10,171,-10" hai0="17,20,38,43,46,77,78,79,80,81,82,117,119" /><INIT seed="4,2,1,5,3,135" ten="344,285,200,161" oya="0" hai0="27,75,128,120,74,43,4,34,85,55,36,111,29" hai1="118,20,119,35,50,76,31,78,59,60,97,94,37" hai2="108,52,26,17,79,63,116,7,62,69,77,115,96" hai3="84,1,133,14,102,22,107,113,24,134,25,68,126"/><T127/><D120/><U28/><E37/><V122/><F108/><W109/><G68/><T5/><D128/><U88/><E35/><V11/><F122/><W9/><G107/><T47/><D111/><U38/><E38/><V105/><F115/><W8/><G102/><T2/><D2/><U92/><E50/><V54/><F116/><W95/><G95/><T42/><D43/><U64/><E20/><V3/><F105/><W12/><G84/><T39/><D39/><U40/><E40/><V81/><F96/><W32/><G109/><T49/><D85/><N who="1" m="52239" /><E119/><V58/><F69/><W123/><G123/><T112/><D112/><U132/><E132/><N who="3" m="50794" /><G113/><T56/><REACH who="0" step="1"/><D127/><REACH who="0" ten="334,285,200,161" step="2"/><U23/><E118/><V18/><F3/><W66/><G126/><T0/><D0/><U13/><E97/><V45/><F79/><W87/><G87/><T61/><D61/><U71/><E76/><V89/><F77/><W129/><G129/><T124/><D124/><U82/><E78/><V86/><F63/><W16/><G66/><T125/><D125/><U65/><E65/><V57/><F62/><W30/><G1/><T90/><D90/><U106/><E64/><V53/><F89/><W91/><G91/><T101/><D101/><U73/><E60/><V41/><F86/><W46/><G46/><T110/><D110/><U72/><E72/><AGARI ba="2,2" hai="4,5,27,29,34,36,42,47,49,55,56,72,74,75" machi="72" ten="40,2000,0" yaku="1,1,53,0" doraHai="135" doraHaiUra="93" who="0" fromWho="1" sc="334,46,285,-26,200,0,161,0" /><INIT seed="4,3,0,0,4,87" ten="380,259,200,161" oya="0" hai0="56,76,134,79,59,97,122,73,114,92,129,102,126" hai1="10,62,30,90,109,105,133,52,84,74,27,61,88" hai2="115,111,116,33,36,37,128,89,25,32,107,63,41" hai3="108,118,77,40,83,60,2,135,78,112,20,55,113"/><T104/><D122/><U120/><E74/><V46/><F111/><W39/><G108/><T42/><D114/><U28/><E109/><V96/><F115/><W48/><G118/><T35/><D35/><U58/><E120/><V31/><F116/><W106/><G135/><T17/><D129/><U64/><E105/><V86/><F128/><W1/><G106/><T9/><D134/><U65/><E133/><V7/><F7/><W38/><G20/><T94/><D126/><U82/><E10/><V16/><F33/><W50/><G83/><T12/><D73/><U5/><E5/><V21/><F63/><W91/><G60/><T95/><D42/><U131/><E131/><V72/><F72/><W119/><G119/><T11/><D59/><U6/><E6/><V117/><F117/><W45/><G45/><T51/><D51/><U69/><E64/><V14/><F37/><W15/><G15/><T100/><D102/><U26/><REACH who="1" step="1"/><E90/><REACH who="1" ten="380,249,200,161" step="2"/><V99/><REACH who="2" step="1"/><F107/><REACH who="2" ten="380,249,190,161" step="2"/><W85/><G112/><T80/><D104/><U54/><E54/><V18/><F18/><W68/><G113/><T44/><D17/><U43/><E43/><V47/><F47/><W101/><G55/><T130/><D44/><U103/><E103/><V19/><F19/><W132/><G101/><T66/><D100/><U70/><E70/><V3/><F3/><W0/><G40/><T8/><D130/><U121/><E121/><V110/><F110/><W93/><G132/><T49/><D8/><U4/><E4/><V53/><F53/><W67/><G2/><T127/><D9/><U71/><E71/><RYUUKYOKU ba="3,2" sc="380,-15,249,15,190,15,161,-15" hai1="26,27,28,30,52,58,61,62,65,69,82,84,88" hai2="14,16,21,25,31,32,36,41,46,86,89,96,99" /><INIT seed="5,4,2,0,1,55" ten="365,264,205,146" oya="1" hai0="126,82,65,45,59,11,4,56,14,48,38,62,47" hai1="32,123,111,31,97,68,73,101,60,36,90,99,96" hai2="16,35,75,85,63,108,122,107,17,49,121,6,113" hai3="40,37,124,29,46,12,72,106,105,134,2,74,53"/><U54/><E123/><V5/><F75/><W125/><G2/><T18/><D126/><N who="3" m="48745" /><G134/><T24/><D38/><U130/><E73/><N who="3" m="28266" /><G29/><T89/><D24/><U98/><E36/><V22/><F35/><W69/><G69/><T20/><D4/><U92/><E130/><V7/><F107/><N who="3" m="40971" /><G12/><T127/><D11/><U42/><E42/><V33/><F33/><W78/><G53/><N who="0" m="31783" /><D127/><U84/><E111/><V95/><F108/><W44/><G44/><T3/><D3/><U67/><E54/><V8/><F122/><W52/><G52/><T91/><D82/><U87/><REACH who="1" step="1"/><E101/><REACH who="1" ten="365,254,205,146" step="2"/><V13/><F121/><W64/><G78/><T27/><D65/><AGARI ba="4,3" hai="37,40,46,64,65" m="40971,28266,48745" machi="65" ten="40,1300,0" yaku="18,1" doraHai="55" who="3" fromWho="0" sc="365,-25,254,0,205,0,146,55" /><INIT seed="6,0,0,2,2,45" ten="340,254,205,201" oya="2" hai0="43,124,53,77,78,37,23,28,126,74,27,85,127" hai1="5,48,95,97,8,120,25,11,65,1,73,12,112" hai2="57,24,87,3,55,88,83,32,119,38,99,125,60" hai3="20,114,56,16,49,62,80,75,46,0,79,100,64"/><V134/><F119/><W98/><G0/><T31/><D74/><U101/><E73/><V115/><F115/><W59/><G114/><T7/><D7/><U36/><E36/><V91/><F134/><W103/><G59/><T15/><D15/><U122/><E112/><V61/><F125/><W111/><G111/><T26/><D53/><U13/><E65/><V17/><F38/><W133/><G133/><T92/><D43/><U118/><E118/><V69/><F3/><W30/><G30/><T44/><D44/><U89/><E25/><V106/><F106/><W22/><G22/><N who="0" m="15447" /><D37/><U14/><E8/><V33/><F99/><W86/><G98/><T108/><D108/><U67/><E67/><V40/><F40/><N who="3" m="24775" /><G75/><T105/><D105/><U90/><REACH who="1" step="1"/><E48/><REACH who="1" ten="340,244,205,201" step="2"/><V71/><F71/><W21/><G21/><T96/><D23/><U102/><E102/><V63/><F69/><W117/><G117/><T76/><D27/><AGARI ba="0,1" hai="16,20,27,56,62,64,79,80,86,100,103" m="24775" machi="27" ten="30,3900,0" yaku="8,1,52,1,54,1" doraHai="45" who="3" fromWho="0" sc="340,-39,244,0,205,0,201,49" /><INIT seed="7,0,0,1,5,27" ten="301,244,205,250" oya="3" hai0="38,130,51,28,33,86,34,92,109,128,16,95,113" hai1="132,125,127,55,1,22,56,105,46,126,108,5,12" hai2="121,135,120,129,96,80,18,8,70,73,114,40,20" hai3="84,14,32,118,112,107,52,17,37,30,97,68,66"/><W26/><G118/><T111/><D38/><U123/><E108/><N who="0" m="41545" /><D51/><U24/><E132/><V72/><F70/><W3/><G37/><T74/><D74/><U100/><E123/><N who="2" m="47179" /><F135/><W81/><G3/><T41/><D41/><U87/><E1/><V54/><F114/><W122/><G112/><T53/><D113/><U91/><E46/><V39/><F129/><N who="0" m="49770" /><D28/><N who="1" m="17431" /><E100/><V110/><F110/><W9/><G122/><T103/><D53/><U65/><E105/><V106/><F8/><W35/><G35/><N who="0" m="13323" /><D16/><U23/><E65/><V98/><F54/><W67/><G52/><T42/><D42/><U7/><E55/><V63/><F63/><W58/><G68/><T48/><D48/><U115/><E56/><V89/><F73/><W83/><G58/><T47/><D47/><U44/><E44/><N who="2" m="23583" /><F106/><W4/><G4/><T59/><D59/><U15/><E115/><V29/><F29/><W45/><G45/><T78/><D103/><U101/><E101/><V93/><F20/><W77/><G107/><T76/><D78/><U36/><E36/><V50/><F50/><W25/><G67/><T99/><D99/><U49/><E49/><V116/><F116/><W104/><G97/><T119/><D119/><U11/><E23/><V62/><F62/><W61/><G104/><T57/><D57/><U71/><E71/><V131/><F131/><W2/><G61/><T79/><D79/><U19/><E15/><V134/><F134/><W60/><G2/><T117/><D117/><U94/><AGARI ba="0,0" hai="5,7,11,12,19,87,91,94,125,126,127" m="17431" machi="94" ten="30,2000,0" yaku="18,1,52,1" doraHai="27" who="1" fromWho="1" sc="301,-5,244,20,205,-5,250,-10" /><INIT seed="8,0,0,3,4,19" ten="296,264,200,240" oya="0" hai0="53,90,0,99,76,121,44,27,66,29,122,59,38" hai1="84,94,23,39,20,50,40,26,135,65,1,42,52" hai2="134,7,98,48,103,102,4,9,92,95,93,123,127" hai3="78,112,31,64,3,17,69,117,119,37,110,18,107"/><T100/><D0/><U131/><E1/><V130/><F123/><W91/><G110/><T133/><D133/><U86/><E39/><V75/><F134/><W21/><G107/><T82/><D66/><U85/><E135/><V16/><F75/><W67/><G112/><T62/><D90/><U30/><E65/><V43/><F130/><W120/><G3/><T14/><D14/><U89/><E131/><V13/><F127/><W58/><G69/><T70/><D44/><N who="1" m="27719" /><E23/><V22/><F103/><W115/><G115/><T54/><D53/><U60/><E60/><V74/><F74/><W132/><G78/><T106/><D38/><U5/><E5/><N who="2" m="2123" /><F9/><W116/><G37/><T46/><D46/><AGARI ba="0,0" hai="13,16,22,43,46,48,92,93,95,98,102" m="2123" machi="46" ten="30,3900,0" yaku="8,1,52,1,54,1" doraHai="19" who="2" fromWho="0" sc="296,-39,264,0,200,39,240,0" /><INIT seed="9,0,0,2,5,128" ten="257,264,239,240" oya="1" hai0="7,57,52,125,129,100,55,88,76,46,73,81,36" hai1="79,78,8,17,126,130,87,98,86,115,39,111,40" hai2="31,104,114,30,42,135,91,62,43,51,4,132,67" hai3="49,45,101,19,37,24,66,33,27,26,93,108,82"/><U5/><E130/><V60/><F104/><W131/><G131/><T99/><D129/><U12/><E115/><V110/><F110/><W94/><G108/><T58/><D125/><U61/><E111/><V120/><F120/><W23/><G37/><T34/><D34/><U68/><E98/><V70/><F114/><W127/><G127/><T50/><D7/><U134/><E126/><V21/><F4/><W25/><G33/><T124/><D124/><U64/><E86/><V32/><F32/><W80/><G66/><T11/><D11/><U83/><E78/><V85/><F62/><W0/><G0/><T35/><D35/><U14/><E39/><V29/><F21/><W89/><G101/><T103/><D36/><U75/><E75/><V117/><F117/><W6/><G6/><T71/><D71/><U53/><E40/><V54/><F43/><W133/><G133/><N who="2" m="51273" /><F42/><N who="3" m="24759" /><G94/><T13/><D13/><U56/><E134/><V44/><F30/><W97/><AGARI ba="0,0" hai="19,23,24,25,26,27,80,82,89,93,97" m="24759" machi="97" ten="30,1100,0" yaku="8,1" doraHai="128" who="3" fromWho="3" sc="257,-3,264,-5,239,-3,240,11" /><INIT seed="10,0,0,1,5,126" ten="254,259,236,251" oya="2" hai0="23,28,3,90,46,22,71,65,50,101,62,0,2" hai1="112,116,63,122,11,80,42,27,121,58,130,51,18" hai2="84,81,40,87,76,134,44,26,127,108,61,19,88" hai3="20,24,14,99,79,21,43,125,102,69,114,120,78"/><V106/><F127/><W45/><G120/><N who="1" m="46186" /><E112/><V36/><F134/><W12/><G114/><T39/><D39/><U96/><E80/><V41/><F106/><W5/><G69/><T93/><D101/><U4/><E96/><V74/><F108/><W129/><G125/><T55/><REACH who="0" step="1"/><D28/><REACH who="0" ten="244,259,236,251" step="2"/><U34/><E116/><V56/><F41/><W113/><G102/><T94/><D94/><U57/><E42/><V47/><F40/><W1/><G43/><T128/><D128/><U110/><E130/><V16/><F36/><W98/><G129/><T104/><D104/><U37/><E37/><V73/><F73/><W132/><G113/><T30/><D30/><U131/><E131/><V29/><F74/><W35/><G132/><T119/><D119/><U33/><E110/><V97/><F97/><AGARI ba="0,1" hai="0,2,3,22,23,46,50,55,62,65,71,90,93,97" machi="97" ten="40,1300,0" yaku="1,1,53,0" doraHai="126" doraHaiUra="109" who="0" fromWho="2" sc="244,23,259,0,236,-13,251,0" /><INIT seed="11,0,0,3,5,126" ten="267,259,223,251" oya="3" hai0="32,65,67,125,117,100,83,48,121,12,54,42,0" hai1="103,55,112,113,115,109,71,86,23,63,51,66,36" hai2="101,18,118,62,10,20,111,88,132,13,79,34,81" hai3="123,5,45,27,6,99,133,131,15,135,56,75,1"/><W93/><G131/><T49/><D32/><U11/><E103/><V16/><F111/><W43/><G123/><T31/><D121/><U95/><E11/><V74/><F118/><W68/><G68/><T33/><D0/><U77/><E109/><V89/><F132/><N who="3" m="50763" /><G75/><T26/><D125/><U110/><E110/><V22/><F34/><W96/><G1/><T40/><D117/><U61/><E23/><V120/><F120/><W73/><G73/><T92/><D83/><U3/><E3/><V14/><F101/><N who="3" m="60559" /><G15/><T78/><D12/><U58/><E95/><V87/><F74/><W38/><G99/><T97/><D78/><U53/><E77/><V76/><F76/><W91/><G91/><N who="2" m="34889" /><F62/><W69/><G69/><T82/><D82/><U35/><E35/><V59/><F59/><W134/><N who="3" m="50771" /><W114/><DORA hai="130" /><G114/><T52/><D65/><U17/><E71/><V108/><F108/><W85/><G85/><T107/><D67/><U57/><E66/><V21/><AGARI ba="0,0" hai="10,13,14,16,18,20,21,22,79,81,87" m="34889" machi="21" ten="30,4000,0" yaku="8,1,54,2" doraHai="126,130" who="2" fromWho="2" sc="267,-10,259,-10,223,40,251,-20" owari="257,6.0,249,-15.0,263,36.0,231,-27.0" /></mjloggm>