<mjloggm ver="2.3"><GO type="41" lobby="0"/><UN n0="%E3%82%B3%E3%82%B8%E3%83%9E%E3%82%B3" n1="%E3%81%8B%E3%82%8F%E3%82%90%E3%82%90" n2="%E3%81%88%E3%81%84%E3%81%98%E3%81%95%E3%82%93" n3="%E5%B0%B1%E6%B4%BB%E7%94%9F%40%E5%B7%9D%E6%9D%91%E8%BB%8D%E5%9B%A3" dan="13,14,13,17" rate="1855.37,1965.44,1888.66,2183.75" sx="M,M,M,M"/><TAIKYOKU oya="0"/><INIT seed="0,0,0,3,0,45" ten="250,250,250,250" oya="0" hai0="55,74,94,117,120,40,110,23,8,102,26,10,25" hai1="4,86,75,109,59,64,18,7,122,105,112,116,111" hai2="24,65,42,99,83,80,53,124,90,133,60,35,33" hai3="27,13,79,87,114,50,6,108,46,44,16,34,61"/><T37/><D120/><U22/><E116/><V56/><F133/><W28/><G114/><T101/><D117/><U125/><E122/><V107/><F124/><W12/><G108/><N who="1" m="41546" /><E125/><V62/><F42/><W31/><G61/><T131/><D74/><U14/><E75/><V91/><F91/><W43/><G44/><T85/><D110/><U47/><E105/><V20/><F35/><W84/><G79/><T5/><D131/><U72/><E72/><V118/><F118/><W93/><G93/><T21/><D37/><U48/><E112/><V123/><F123/><W63/><G63/><T121/><D121/><U29/><E29/><N who="3" m="11338" /><G34/><T2/><D10/><U19/><E86/><N who="3" m="32810" /><G6/><T135/><D135/><U104/><E104/><V77/><F77/><W100/><G100/><T130/><D130/><U68/><E68/><V41/><F41/><W70/><G70/><T98/><D40/><N who="1" m="24679" /><E19/><N who="2" m="12319" /><F33/><W76/><G76/><T132/><D132/><U15/><E15/><V54/><F107/><W38/><G38/><T36/><D36/><U3/><E3/><V106/><F106/><W89/><G89/><T9/><D2/><U113/><E113/><V81/><F62/><AGARI ba="0,0" hai="4,7,14,18,22,59,62,64" m="24679,41546" machi="62" ten="30,2000,0" yaku="14,1,52,1" doraHai="45" who="1" fromWho="2" sc="250,0,250,20,250,-20,250,0" /><INIT seed="1,0,0,4,4,94" ten="250,270,230,250" oya="1" hai0="12,110,39,112,4,111,36,63,133,0,117,32,6" hai1="107,61,96,20,106,104,40,58,88,93,47,67,3" hai2="118,102,132,25,46,103,18,130,16,113,51,68,99" hai3="57,80,27,49,60,108,70,120,48,24,17,82,74"/><U98/><E3/><V14/><F118/><W69/><G120/><T105/><D105/><U123/><E123/><V109/><F109/><N who="0" m="41482" /><D117/><U42/><E20/><V79/><F68/><W10/><G108/><T5/><D63/><U65/><E65/><V115/><F130/><W31/><G70/><T64/><D64/><U8/><E8/><V114/><F79/><W119/><G69/><T23/><D39/><U78/><E78/><V86/><F86/><W122/><G119/><T34/><D36/><U76/><E76/><V50/><F132/><W87/><G74/><T41/><D41/><U35/><E35/><N who="0" m="13353" /><D133/><U127/><E127/><V2/><F2/><W59/><G59/><T83/><D83/><U9/><E9/><V97/><F46/><W121/><G57/><T75/><D75/><U131/><E131/><V19/><F25/><W28/><G60/><T126/><D112/><U95/><REACH who="1" step="1"/><E47/><REACH who="1" ten="250,260,230,250" step="2"/><V124/><F124/><W84/><G10/><N who="0" m="2311" /><D126/><U45/><E45/><V134/><F134/><W116/><G116/><T13/><D13/><U44/><E44/><V81/><F14/><W11/><G11/><T128/><D128/><U135/><E135/><V37/><F37/><W100/><G121/><T15/><D15/><U22/><E22/><V91/><F81/><W77/><G77/><T73/><D73/><U85/><E85/><V55/><F91/><AGARI ba="0,1" hai="40,42,58,61,67,88,91,93,95,96,98,104,106,107" machi="91" ten="40,12000,1" yaku="1,1,9,1,52,2,54,1,53,0" doraHai="94" doraHaiUra="33" who="1" fromWho="2" sc="250,0,260,130,230,-120,250,0" /><INIT seed="1,1,0,3,5,112" ten="250,390,110,250" oya="1" hai0="35,114,124,111,20,60,78,47,2,65,83,117,74" hai1="93,6,127,53,5,121,66,26,104,12,45,129,62" hai2="23,84,105,108,52,126,135,120,59,64,43,106,41" hai3="22,46,98,24,130,44,67,80,50,29,51,76,30"/><U13/><E121/><V96/><F108/><W99/><G130/><T89/><D114/><U85/><E104/><V131/><F120/><W27/><G67/><T102/><D35/><U0/><E0/><V75/><F75/><W70/><G70/><T92/><D124/><U88/><E127/><V100/><F135/><W71/><G71/><T31/><D111/><U95/><E129/><V4/><F131/><W10/><G10/><T11/><D102/><U107/><E107/><V49/><F106/><W38/><G38/><T134/><D134/><U101/><E26/><V63/><F4/><N who="1" m="1641" /><E66/><V7/><F7/><W125/><G125/><T68/><D2/><U39/><E39/><V69/><F126/><W54/><G80/><T97/><D11/><U118/><E118/><V122/><F122/><W25/><G76/><T42/><D117/><U77/><E77/><V58/><F58/><W21/><REACH who="3" step="1"/><G27/><REACH who="3" ten="250,390,110,240" step="2"/><T103/><D68/><U8/><E8/><V55/><F55/><AGARI ba="1,1" hai="21,22,24,25,29,30,44,46,50,51,54,55,98,99" machi="55" ten="30,12000,2" yaku="1,1,2,1,7,1,32,3,8,1,53,0" doraHai="112" doraHaiUra="15" who="3" fromWho="2" sc="250,0,390,0,110,-123,240,133" owari="250,-15.0,390,49.0,-13,-51.0,373,17.0" /></mjloggm>