<mjloggm ver="2.3"><GO type="169" lobby="0"/><UN n0="%74%6F%72%69%6B%61%32" n1="%E3%82%AC%E3%83%9F%E3%82%B4%E3%83%B3" n2="%E3%81%8B%E3%81%97%E3%81%8B%E3%81%8A" n3="%E3%83%88%E3%83%88%E3%83%AA%E5%85%88%E7%94%9F%31%39%E6%AD%B3" dan="16,16,17,18" rate="2037.38,2084.32,2185.30,2245.98" sx="M,F,M,F"/><TAIKYOKU oya="0"/><INIT seed="0,0,0,1,0,64" ten="250,250,250,250" oya="0" hai0="111,6,121,81,118,39,69,42,49,100,97,96,95" hai1="73,0,106,85,40,122,9,112,104,56,58,55,31" hai2="84,67,34,28,27,46,47,61,32,57,82,21,59" hai3="50,109,78,99,87,17,134,35,4,22,91,130,110"/><T52/><D121/><U90/><E122/><V103/><F34/><W70/><G35/><T101/><D118/><U20/><E73/><V117/><F117/><W65/><G130/><T26/><D39/><U12/><E112/><V53/><F32/><W79/><G134/><T94/><D42/><U80/><E0/><V74/><F74/><W2/><G50/><T45/><D26/><U132/><E132/><V115/><F103/><W127/><G99/><T29/><D29/><U19/><E40/><V131/><F131/><W60/><G127/><T126/><D126/><U13/><E58/><V77/><REACH who="2" step="1"/><F115/><REACH who="2" ten="250,250,240,250" step="2"/><W10/><G110/><T93/><D111/><U41/><E41/><V54/><F54/><W5/><G109/><T1/><D100/><U89/><E55/><V88/><F88/><W114/><G114/><T125/><D125/><U135/><E90/><V16/><F16/><W37/><G4/><T8/><D101/><U33/><E135/><V11/><F11/><W71/><G79/><T51/><D8/><U62/><E33/><V44/><F44/><W120/><G78/><T119/><D119/><U66/><REACH who="1" step="1"/><E31/><REACH who="1" ten="250,240,240,250" step="2"/><V86/><F86/><W92/><G120/><T3/><D96/><U43/><E43/><V116/><F116/><W123/><G123/><T38/><D97/><U124/><E124/><V18/><F18/><AGARI ba="0,2" hai="9,12,13,18,19,20,56,62,66,80,85,89,104,106" machi="18" ten="30,2000,0" yaku="1,1,7,1,53,0" doraHai="64" doraHaiUra="68" who="1" fromWho="2" sc="250,0,240,40,240,-20,250,0" /><INIT seed="1,0,0,3,0,40" ten="250,280,220,250" oya="1" hai0="63,5,94,87,45,13,64,135,11,82,48,74,23" hai1="85,93,16,122,68,51,109,10,89,86,9,126,125" hai2="50,17,22,57,67,59,32,61,36,115,130,133,75" hai3="80,26,121,0,77,117,79,8,7,127,31,102,114"/><U73/><E73/><V131/><F75/><W113/><G121/><T49/><D74/><U106/><E106/><V60/><F32/><W47/><G127/><N who="1" m="48650" /><E122/><V52/><F36/><W76/><G117/><T116/><D135/><U55/><E68/><V12/><F133/><W28/><G80/><T2/><D116/><U44/><E109/><V66/><REACH who="2" step="1"/><F115/><REACH who="2" ten="250,280,210,250" step="2"/><W124/><G124/><T20/><D2/><U56/><E86/><V19/><F19/><W72/><G72/><T110/><D110/><U65/><E16/><V18/><F18/><W53/><G31/><T41/><D94/><U119/><E119/><V91/><F91/><W129/><G113/><T33/><D33/><U1/><E1/><V3/><F3/><W70/><G114/><T83/><D83/><U123/><E123/><V58/><AGARI ba="0,1" hai="12,17,22,50,52,57,58,59,60,61,66,67,130,131" machi="58" ten="30,12000,2" yaku="1,1,0,1,9,1,54,1,53,3" doraHai="40" doraHaiUra="54" who="2" fromWho="2" sc="250,-30,280,-60,210,130,250,-30" /><INIT seed="2,0,0,1,1,116" ten="220,220,340,220" oya="2" hai0="2,30,72,127,26,52,15,108,73,3,10,123,59" hai1="132,7,48,126,70,103,14,28,99,131,133,49,0" hai2="47,102,113,37,19,35,85,88,83,91,101,8,77" hai3="25,124,109,129,40,38,119,44,54,98,104,43,61"/><V80/><F35/><W111/><G25/><T120/><D72/><U112/><E112/><V51/><F37/><W97/><G104/><T21/><D73/><U107/><E70/><V79/><F113/><W122/><G97/><T69/><D69/><U9/><E126/><V81/><F19/><W4/><G98/><T90/><D127/><U65/><E65/><V106/><F8/><W27/><G124/><T86/><D108/><N who="3" m="41545" /><G4/><T16/><D2/><U74/><E74/><V45/><F106/><W22/><G129/><T95/><D3/><U39/><E39/><V64/><F64/><W71/><G119/><T84/><D86/><U1/><E131/><V34/><F34/><W55/><G43/><T67/><D67/><U23/><E1/><V31/><F31/><W18/><G71/><T134/><D134/><N who="1" m="51819" /><E0/><V57/><F57/><N who="3" m="34999" /><G55/><T114/><D114/><U117/><E117/><V6/><F6/><W24/><G24/><AGARI ba="0,0" hai="7,9,14,23,24,28,48,49,99,103,107" m="51819" machi="24" ten="30,1000,0" yaku="20,1" doraHai="116" who="1" fromWho="3" sc="220,0,220,10,340,0,220,-10" /><INIT seed="3,0,0,0,0,36" ten="220,230,340,210" oya="3" hai0="39,96,89,26,123,5,114,4,115,18,70,101,79" hai1="12,102,41,22,35,0,52,3,11,128,59,110,50" hai2="131,45,77,93,125,68,8,95,60,94,86,99,63" hai3="104,112,72,135,51,117,121,23,66,133,38,127,84"/><W100/><G38/><T24/><D123/><U65/><E35/><V78/><F68/><W21/><G72/><T119/><D119/><U33/><E33/><V82/><F131/><W49/><G117/><T103/><D70/><U118/><E118/><V25/><F125/><W55/><G121/><T54/><D39/><U91/><E128/><V6/><F25/><W71/><G112/><T28/><D79/><U90/><E110/><V47/><F99/><N who="3" m="61471" /><G51/><T116/><D116/><U111/><E111/><V81/><F8/><W126/><G84/><T108/><D108/><U27/><E102/><V107/><F107/><W76/><G76/><N who="2" m="29289" /><F6/><W53/><G53/><T40/><D54/><U69/><E3/><V34/><F34/><W56/><G66/><T29/><D96/><U32/><E32/><V134/><F134/><N who="3" m="51211" /><G71/><T7/><D89/><U48/><E65/><V97/><F97/><W106/><G106/><T122/><D122/><U120/><E69/><V16/><F86/><W85/><G85/><T113/><D101/><U15/><E120/><V64/><F64/><W83/><G83/><N who="2" m="31753" /><F16/><W42/><G21/><N who="0" m="15439" /><D18/><U9/><E91/><V31/><F31/><W88/><G23/><N who="0" m="15519" /><D103/><U80/><E90/><V37/><F37/><W30/><G30/><T17/><D17/><N who="1" m="12751" /><E80/><V62/><AGARI ba="0,0" hai="45,47,60,62,63,93,94,95" m="31753,29289" machi="62" ten="40,5200,0" yaku="28,2,8,1" doraHai="36" who="2" fromWho="2" sc="220,-13,230,-13,340,52,210,-26" /><INIT seed="4,0,0,0,5,110" ten="207,217,392,184" oya="0" hai0="92,24,76,5,132,109,83,106,48,30,89,91,32" hai1="96,41,55,64,75,7,65,117,70,40,54,118,107" hai2="133,126,28,44,72,68,78,50,42,86,130,10,4" hai3="36,38,119,74,39,112,80,63,19,17,116,14,61"/><T84/><D109/><U31/><E75/><V87/><F68/><W99/><G99/><T95/><D132/><U115/><E31/><V18/><F133/><W15/><G80/><T16/><D106/><U94/><E7/><V81/><F28/><W82/><G82/><T29/><D5/><U102/><E107/><V35/><F35/><W57/><G74/><T22/><D30/><U2/><E2/><V103/><F130/><W123/><G123/><T45/><D92/><U21/><E21/><V56/><F103/><W100/><G100/><T26/><REACH who="0" step="1"/><D95/><REACH who="0" ten="197,217,392,184" step="2"/><U85/><E94/><V13/><F126/><W49/><G116/><T43/><AGARI ba="0,1" hai="16,22,24,26,29,32,43,45,48,76,83,84,89,91" machi="43" ten="20,12000,1" yaku="1,1,2,1,0,1,7,1,54,1,53,0" doraHai="110" doraHaiUra="62" who="0" fromWho="0" sc="197,130,217,-40,392,-40,184,-40" /><INIT seed="4,1,0,5,5,34" ten="327,177,352,144" oya="0" hai0="94,12,73,13,66,68,8,78,86,97,51,124,130" hai1="20,133,2,102,93,123,89,40,115,88,62,114,38" hai2="55,43,118,95,75,18,82,98,76,127,30,63,61" hai3="67,79,134,121,50,26,10,53,83,39,15,80,103"/><T119/><D119/><U22/><E123/><V6/><F118/><W77/><G39/><T92/><D73/><U116/><E116/><V125/><F30/><W105/><G121/><T14/><D124/><N who="2" m="47690" /><F43/><W112/><G112/><N who="1" m="43050" /><E133/><V85/><F6/><W25/><G67/><T4/><D130/><U28/><E40/><V5/><F5/><W52/><G134/><T42/><D68/><U46/><E46/><V3/><F3/><W91/><G91/><N who="1" m="34890" /><E38/><V120/><F120/><W0/><G0/><T81/><D66/><U1/><E62/><V24/><F75/><W37/><G37/><T57/><D57/><U104/><E104/><V11/><F55/><W72/><G103/><N who="0" m="60839" /><D94/><U59/><E59/><V90/><F11/><W65/><G105/><T9/><D9/><U132/><E132/><V41/><F41/><W113/><G65/><T35/><D35/><U44/><E44/><AGARI ba="1,0" hai="4,8,12,13,14,42,44,51,78,81,86" m="60839" machi="44" ten="30,2900,0" yaku="25,1,8,1" doraHai="34" who="0" fromWho="1" sc="327,32,177,-32,352,0,144,0" /><INIT seed="4,2,0,4,0,121" ten="359,145,352,144" oya="0" hai0="84,117,0,128,129,98,62,74,108,101,25,63,14" hai1="82,13,54,21,36,60,18,17,93,42,50,35,22" hai2="55,27,77,29,113,89,133,109,130,75,97,96,80" hai3="125,111,106,135,70,39,134,87,7,56,41,123,83"/><T52/><D0/><U126/><E126/><V116/><F113/><W43/><G70/><T48/><D74/><U92/><E35/><V6/><F6/><W2/><G106/><T119/><D14/><U19/><E60/><N who="0" m="23081" /><D25/><U4/><E36/><V120/><F120/><W79/><G123/><T102/><D84/><U12/><E42/><N who="3" m="15882" /><G56/><N who="0" m="32775" /><D102/><U100/><E82/><V45/><F89/><W76/><G39/><T32/><D32/><U68/><E68/><V40/><F55/><W91/><G125/><T26/><D26/><U33/><E33/><V64/><F64/><W9/><G111/><T115/><D115/><U103/><E19/><V53/><F109/><W124/><G124/><T131/><D108/><U1/><E1/><V59/><F97/><W11/><G11/><T10/><D10/><U3/><E3/><V88/><F116/><W110/><G110/><T28/><D28/><U112/><E112/><V58/><F58/><W86/><G86/><T47/><D47/><U24/><E4/><V20/><F59/><W51/><G76/><T95/><AGARI ba="2,0" hai="95,98,101,117,119,128,129,131" m="32775,23081" machi="95" ten="40,3900,0" yaku="19,1,54,1" doraHai="121" who="0" fromWho="0" sc="359,45,145,-15,352,-15,144,-15" /><INIT seed="4,3,0,0,3,79" ten="404,130,337,129" oya="0" hai0="97,126,17,65,104,12,109,50,25,58,42,90,23" hai1="83,1,16,98,123,48,44,13,37,63,107,36,77" hai2="62,116,53,61,60,22,2,105,92,112,10,121,18" hai3="102,47,95,118,29,33,129,5,128,54,52,69,34"/><T86/><D126/><U15/><E1/><V103/><F105/><W113/><G118/><T80/><D109/><U35/><E35/><N who="3" m="13322" /><G29/><T100/><D65/><U11/><E123/><V84/><F121/><W78/><G69/><T20/><D58/><U94/><E63/><V55/><F116/><W122/><G122/><T30/><D50/><U9/><E107/><V131/><F112/><W67/><G67/><T106/><D42/><U93/><E37/><V4/><F131/><N who="3" m="50251" /><G113/><T134/><D104/><U56/><E56/><V45/><F45/><W133/><G5/><T49/><D49/><U46/><E36/><V91/><REACH who="2" step="1"/><F103/><REACH who="2" ten="404,130,327,129" step="2"/><W64/><G47/><T119/><D119/><U120/><E120/><V125/><F125/><W70/><G102/><T31/><D106/><U41/><E46/><V27/><AGARI ba="3,1" hai="2,4,10,18,22,27,53,55,60,61,62,84,91,92" machi="27" ten="30,2000,0" yaku="1,1,0,1,53,0" doraHai="79" doraHaiUra="132" who="2" fromWho="2" sc="404,-13,130,-8,327,39,129,-8" /><INIT seed="5,0,0,5,1,74" ten="391,122,366,121" oya="1" hai0="73,72,66,134,114,29,88,84,109,132,76,115,69" hai1="0,52,61,26,27,15,54,129,100,89,63,107,56" hai2="124,22,5,118,37,103,85,96,113,127,55,110,50" hai3="38,97,4,123,112,79,70,6,43,75,16,126,3"/><U83/><E0/><V105/><F37/><W24/><G123/><T59/><D69/><U32/><E129/><V121/><F121/><W9/><G70/><T31/><D109/><U68/><E107/><V101/><F110/><W120/><G120/><T98/><D98/><U51/><E100/><V41/><F103/><W82/><G112/><N who="0" m="43051" /><D76/><U60/><E32/><V81/><F113/><W80/><G126/><N who="2" m="48169" /><F118/><W18/><G6/><T49/><D73/><U12/><E68/><V67/><F67/><W47/><G97/><T19/><D72/><U108/><E108/><V133/><F5/><W130/><G130/><T102/><D102/><U23/><E54/><V20/><F41/><W128/><G128/><T44/><D19/><U35/><E35/><V13/><F13/><W131/><G131/><T87/><D87/><N who="1" m="50431" /><E27/><V93/><F105/><W21/><G80/><N who="0" m="49159" /><D29/><AGARI ba="0,0" hai="12,15,23,26,29,51,52,56,60,61,63" m="50431" machi="29" ten="30,2900,0" yaku="8,1,54,1" doraHai="74" who="1" fromWho="0" sc="391,-29,122,29,366,0,121,0" /><AGARI ba="0,0" hai="3,4,9,16,18,21,24,29,38,43,47,75,79,82" machi="29" ten="30,8000,1" yaku="7,1,25,2,52,1,54,1" doraHai="74" who="3" fromWho="0" sc="362,-80,151,0,366,0,121,80" /><INIT seed="5,1,0,5,1,56" ten="282,151,366,201" oya="1" hai0="39,48,122,76,60,28,3,0,35,57,128,10,18" hai1="55,108,81,94,51,121,22,104,88,17,82,87,45" hai2="27,91,95,72,59,61,107,30,101,23,47,42,78" hai3="40,93,66,106,131,84,62,71,134,105,41,120,114"/><U129/><E104/><V43/><F107/><W5/><G120/><T126/><D39/><U124/><E121/><V16/><F101/><W14/><G114/><T1/><D122/><U50/><E129/><V133/><F133/><W97/><G134/><T68/><D128/><U25/><E124/><V118/><F118/><W132/><G132/><T79/><D126/><U125/><E125/><V69/><F69/><W49/><G131/><T89/><D68/><U29/><E108/><V111/><F111/><W64/><G64/><T32/><D48/><U21/><REACH who="1" step="1"/><E51/><REACH who="1" ten="282,141,366,201" step="2"/><V37/><F37/><W12/><G105/><T92/><D1/><U100/><E100/><V115/><F115/><W13/><G49/><T86/><D3/><U26/><AGARI ba="1,1" hai="17,21,22,25,26,29,45,50,55,81,82,87,88,94" machi="26" ten="20,12000,1" yaku="1,1,0,1,7,1,8,1,54,1,53,0" doraHai="56" doraHaiUra="116" who="1" fromWho="1" sc="282,-41,141,133,366,-41,201,-41" /><INIT seed="5,2,0,1,2,21" ten="241,274,325,160" oya="1" hai0="110,105,17,94,80,68,50,25,27,47,131,59,28" hai1="123,34,102,2,135,6,92,114,20,75,111,18,108" hai2="133,58,69,106,3,124,129,66,60,99,78,126,74" hai3="44,72,40,7,107,8,134,98,132,43,79,35,125"/><U116/><E75/><V56/><F3/><W61/><G125/><N who="2" m="48233" /><F133/><W42/><G61/><T91/><D110/><N who="1" m="42027" /><E116/><V16/><F129/><W87/><G72/><T120/><D105/><U32/><E123/><V23/><F78/><W33/><G44/><T22/><D68/><U12/><E114/><V90/><F74/><W118/><G118/><T127/><D131/><U64/><E64/><V84/><F99/><W100/><G87/><T115/><D115/><U31/><E102/><V15/><F106/><W26/><G79/><T121/><D127/><U54/><E92/><AGARI ba="2,0" hai="15,16,23,56,58,60,66,69,84,90,92" m="48233" machi="92" ten="30,2000,0" yaku="18,1,54,1" doraHai="21" who="2" fromWho="1" sc="241,0,274,-26,325,26,160,0" /><INIT seed="6,0,0,0,3,101" ten="241,248,351,160" oya="2" hai0="51,76,134,95,17,55,93,29,106,23,105,102,129" hai1="49,56,82,103,120,85,24,35,114,75,78,70,96" hai2="81,118,121,41,123,72,107,80,13,132,65,4,1" hai3="14,6,48,100,131,32,86,42,87,2,90,12,62"/><V52/><F118/><W0/><G32/><T74/><D29/><U8/><E70/><V54/><F65/><W66/><G131/><T58/><D129/><U94/><E114/><V104/><F132/><W83/><G0/><T3/><D3/><U117/><E117/><V67/><F67/><W92/><G2/><T61/><D134/><U20/><E120/><V53/><F1/><W127/><G127/><T68/><D74/><U34/><E8/><V44/><F13/><W130/><G130/><T109/><D76/><U91/><E49/><V113/><F4/><W30/><G30/><T59/><D68/><U112/><E56/><V16/><F16/><W57/><G6/><T63/><D109/><U26/><E26/><V10/><F10/><W71/><G71/><T97/><D93/><U9/><E9/><V79/><F113/><W40/><G100/><T22/><D51/><U36/><E36/><V98/><F81/><W28/><G28/><T38/><D38/><U133/><E133/><V122/><REACH who="2" step="1"/><F98/><REACH who="2" ten="241,248,341,160" step="2"/><W64/><G64/><T50/><D97/><U108/><E112/><V126/><F126/><W128/><G128/><T99/><D99/><U15/><E15/><V60/><F60/><W46/><REACH who="3" step="1"/><G40/><REACH who="3" ten="241,248,341,150" step="2"/><T43/><D43/><U39/><E108/><V135/><F135/><W119/><G119/><T125/><D125/><U89/><E103/><V25/><F25/><W21/><G21/><T45/><D23/><U124/><E124/><V18/><F18/><W11/><G11/><T31/><D17/><U73/><E20/><V111/><F111/><W69/><G69/><RYUUKYOKU ba="0,2" sc="241,-15,248,-15,341,15,150,15" hai2="41,44,52,53,54,72,79,80,104,107,121,122,123" hai3="12,14,42,46,48,57,62,66,83,86,87,90,92" /><INIT seed="6,1,2,2,2,108" ten="226,233,356,165" oya="2" hai0="117,100,25,5,3,57,0,58,44,52,110,6,75" hai1="68,80,109,102,118,26,99,54,22,74,17,62,127" hai2="40,67,69,77,12,2,51,46,29,78,132,133,126" hai3="50,82,112,83,49,65,93,95,11,60,98,87,47"/><V134/><F2/><W45/><G112/><T71/><D110/><U4/><E109/><V115/><F29/><W34/><G34/><T48/><D71/><U116/><E127/><V39/><F12/><W129/><G129/><T105/><D75/><U1/><E4/><V86/><F86/><W114/><G114/><T7/><D117/><U84/><E1/><V130/><F115/><W85/><G11/><T41/><D57/><U8/><E8/><V61/><F78/><W64/><G60/><T38/><D105/><U21/><E74/><V30/><F30/><W20/><REACH who="3" step="1"/><G98/><REACH who="3" ten="226,233,356,155" step="2"/><T122/><D122/><U104/><E22/><AGARI ba="1,3" hai="20,22,45,47,49,50,64,65,82,83,85,87,93,95" machi="22" ten="25,8000,1" yaku="1,1,2,1,22,2,8,1,53,0" doraHai="108" doraHaiUra="120" who="3" fromWho="1" sc="226,0,233,-83,356,0,155,113" /><INIT seed="7,0,0,1,5,41" ten="226,150,356,268" oya="3" hai0="27,83,36,66,75,26,77,121,106,62,43,116,126" hai1="91,95,97,87,127,45,6,112,44,17,74,18,2" hai2="54,32,102,7,0,82,78,92,14,73,34,5,103" hai3="35,13,31,101,70,110,115,99,42,117,38,30,52"/><W3/><G3/><T64/><D116/><U104/><E74/><V72/><F0/><W69/><G117/><T51/><D121/><U113/><E127/><V68/><F68/><W47/><G115/><T16/><D126/><U124/><E124/><V81/><F54/><W8/><G110/><T12/><D106/><U100/><E6/><V90/><F14/><W114/><G114/><N who="1" m="44138" /><E2/><V135/><F135/><W105/><G31/><T58/><D36/><U55/><E55/><V61/><F61/><W63/><G30/><T67/><D43/><U86/><E86/><V59/><F59/><W134/><G35/><T39/><D39/><U40/><E40/><V132/><F92/><W119/><G134/><T111/><D111/><U15/><E15/><V56/><F56/><W48/><G63/><T123/><D51/><U9/><E9/><V1/><F1/><W76/><G119/><T98/><D98/><U28/><E28/><V21/><F132/><W118/><G118/><T25/><REACH who="0" step="1"/><D123/><REACH who="0" ten="216,150,356,268" step="2"/><U131/><E131/><V49/><F49/><W129/><G129/><T89/><D89/><U109/><E109/><V46/><F90/><W96/><G96/><T23/><AGARI ba="0,1" hai="12,16,23,25,26,27,58,62,64,66,67,75,77,83" machi="23" ten="30,4000,0" yaku="1,1,0,1,54,1,53,0" doraHai="41" doraHaiUra="133" who="0" fromWho="0" sc="216,50,150,-10,356,-10,268,-20" owari="266,7.0,140,-36.0,346,44.0,248,-15.0" /></mjloggm>