<mjloggm ver="2.3"><GO type="169" lobby="0"/><UN n0="%E3%83%84%E3%83%AC%E3%82%AA" n1="%E5%B0%B1%E6%B4%BB%E7%94%9F%40%E5%B7%9D%E6%9D%91%E8%BB%8D%E5%9B%A3" n2="%2E%44%49%56%41" n3="%E3%82%AE%E3%82%AC%E3%83%9E%E3%82%A4%E3%83%B3" dan="16,17,16,18" rate="2069.28,2237.48,2099.77,2221.70" sx="M,M,M,M"/><TAIKYOKU oya="0"/><INIT seed="0,0,0,5,3,40" ten="250,250,250,250" oya="0" hai0="49,45,115,102,96,124,121,47,42,84,30,95,127" hai1="46,50,57,107,63,88,60,75,35,9,79,131,19" hai2="13,44,94,6,74,51,71,134,48,28,20,66,130" hai3="93,99,27,108,21,10,83,17,33,116,7,120,106"/><T67/><D115/><U87/><E107/><V69/><F74/><W126/><G106/><T14/><D121/><U62/><E35/><V68/><F130/><W110/><G116/><T129/><D129/><U41/><E131/><V61/><F134/><W70/><G70/><T32/><D67/><U85/><E75/><V59/><F94/><W76/><G33/><T38/><D14/><N who="1" m="7631" /><E79/><V135/><F135/><W97/><G126/><N who="0" m="48171" /><D84/><U73/><E73/><V72/><F51/><W101/><G99/><T91/><D32/><U65/><E87/><V81/><F81/><AGARI ba="0,0" hai="41,46,50,57,60,62,63,65,81,85,88" m="7631" machi="81" ten="30,3900,0" yaku="8,1,52,1,54,1" doraHai="40" who="1" fromWho="2" sc="250,0,250,39,250,-39,250,0" /><INIT seed="1,0,0,1,5,7" ten="250,289,211,250" oya="1" hai0="40,129,82,95,49,116,90,61,51,99,16,72,97" hai1="64,4,74,1,18,88,133,93,70,50,104,23,28" hai2="24,38,66,59,36,98,113,125,75,110,120,114,26" hai3="58,121,35,128,45,118,103,123,100,13,34,135,115"/><U3/><E104/><V60/><F110/><W39/><G115/><N who="2" m="44041" /><F120/><W42/><G135/><T85/><D116/><U56/><E74/><V73/><F125/><W37/><G37/><N who="2" m="14441" /><F98/><W119/><G128/><T77/><D129/><U67/><E133/><V62/><F62/><W122/><G58/><T68/><D51/><U94/><E28/><V25/><AGARI ba="0,0" hai="24,25,26,59,60,66,73,75" m="14441,44041" machi="25" ten="40,1500,0" yaku="11,1" doraHai="7" who="2" fromWho="2" sc="250,-4,289,-7,211,15,250,-4" /><INIT seed="2,0,0,5,5,45" ten="246,282,226,246" oya="2" hai0="40,35,74,76,107,21,69,31,6,79,86,135,113" hai1="89,93,46,71,7,108,78,9,32,3,119,15,116" hai2="13,101,133,18,100,19,126,63,99,103,66,110,87" hai3="104,84,131,128,120,125,43,130,68,75,37,118,2"/><V11/><F126/><W4/><RYUUKYOKU type="yao9" ba="0,0" sc="246,0,282,0,226,0,246,0" hai3="2,4,37,43,68,75,84,104,118,120,125,128,130,131" /><INIT seed="2,1,0,3,3,28" ten="246,282,226,246" oya="2" hai0="94,35,64,80,1,51,77,76,118,107,42,4,111" hai1="33,9,128,117,8,67,82,59,78,37,48,46,120" hai2="124,79,105,113,68,60,52,98,26,7,29,84,89" hai3="100,47,106,110,103,43,131,83,40,134,95,109,62"/><V14/><F113/><W3/><G106/><T114/><D107/><U116/><E128/><V54/><F124/><W104/><G3/><T39/><D114/><U91/><E37/><V19/><F7/><W16/><G104/><T22/><D39/><U21/><E33/><V119/><F119/><W63/><G131/><T38/><D38/><U58/><E120/><V70/><F79/><W99/><G103/><T129/><D35/><U132/><E132/><V72/><F72/><W74/><G134/><T55/><D42/><N who="3" m="15913" /><G47/><T31/><D118/><U18/><E91/><V125/><F125/><W17/><G74/><T36/><D36/><U50/><E116/><V2/><F2/><W123/><G83/><T24/><D129/><U69/><E69/><V30/><F68/><W6/><G6/><T13/><D1/><U112/><E112/><V126/><F126/><W93/><G93/><T5/><D64/><U0/><E0/><V90/><F90/><W11/><G123/><T12/><D111/><N who="3" m="42505" /><G11/><T81/><D94/><U87/><E117/><V86/><F105/><W135/><G135/><T44/><D4/><U108/><E108/><V41/><F41/><W102/><G102/><T25/><D5/><U92/><E92/><N who="2" m="56591" /><F84/><W101/><G101/><T57/><D77/><U23/><E87/><V115/><F86/><W45/><G45/><T27/><D44/><U88/><E78/><V66/><F115/><W97/><G97/><T20/><D76/><U121/><E82/><N who="0" m="31849" /><D31/><U122/><E88/><V34/><F30/><W61/><AGARI ba="1,0" hai="16,17,61,62,63,95,99,100" m="42505,15913" machi="61" ten="40,2700,0" yaku="14,1,54,1" doraHai="28" who="3" fromWho="3" sc="246,-8,282,-8,226,-14,246,30" /><INIT seed="3,0,0,3,4,68" ten="238,274,212,276" oya="3" hai0="9,79,6,50,127,43,104,118,130,75,113,125,134" hai1="19,76,13,129,45,31,124,39,78,57,0,27,70" hai2="107,53,44,74,25,98,119,46,52,48,58,109,30" hai3="71,97,3,94,69,83,106,102,92,85,35,105,112"/><W2/><G35/><T88/><D118/><U135/><E70/><V42/><F109/><W133/><G112/><T17/><D104/><U15/><E129/><V55/><F74/><W12/><G133/><T101/><D101/><U38/><E0/><V14/><F119/><W120/><G120/><T132/><D17/><U73/><E135/><N who="0" m="51753" /><D113/><U126/><E57/><V10/><F98/><W61/><G102/><T86/><D79/><N who="1" m="30251" /><E45/><V47/><F107/><W59/><G97/><T63/><D75/><U18/><E73/><V99/><F99/><W81/><G85/><T103/><D103/><U4/><E4/><V117/><F42/><W87/><G87/><T131/><D63/><U116/><E116/><V56/><F117/><W16/><G61/><T93/><D50/><U91/><E91/><V41/><F41/><W122/><G122/><T77/><D43/><U121/><E121/><V34/><REACH who="2" step="1"/><F48/><REACH who="2" ten="238,274,202,276" step="2"/><W84/><G106/><T65/><D77/><U60/><E60/><V72/><F72/><W111/><G105/><T128/><D65/><U7/><E7/><AGARI ba="0,1" hai="7,10,14,25,30,34,44,46,47,52,53,55,56,58" machi="7" ten="40,8000,1" yaku="1,1,54,1,53,3" doraHai="68" doraHaiUra="51" who="2" fromWho="1" sc="238,0,274,-80,202,90,276,0" /><INIT seed="4,0,0,5,2,79" ten="238,194,292,276" oya="0" hai0="112,133,66,51,41,55,96,95,134,64,65,13,98" hai1="105,123,59,131,92,117,30,107,26,128,103,82,53" hai2="25,88,36,77,50,116,122,71,85,54,6,84,49" hai3="32,7,1,119,4,94,108,100,120,52,47,90,106"/><T35/><D35/><U44/><E123/><V93/><F36/><W67/><G32/><T132/><D41/><U81/><E117/><V0/><F122/><W40/><G108/><T29/><D29/><U10/><E44/><V3/><F71/><W104/><G67/><T8/><D95/><U56/><E10/><V34/><F50/><W48/><G119/><T12/><D112/><U27/><E92/><V58/><F116/><W111/><G111/><T69/><D69/><U38/><E38/><V61/><F6/><W74/><G74/><T15/><D8/><U113/><E113/><V87/><F34/><W83/><G120/><T45/><AGARI ba="0,0" hai="12,13,15,45,51,55,64,65,66,96,98,132,133,134" machi="45" ten="40,12000,1" yaku="0,1,29,2,20,1" doraHai="79" who="0" fromWho="0" sc="238,120,194,-40,292,-40,276,-40" /><INIT seed="4,1,0,5,4,110" ten="358,154,252,236" oya="0" hai0="49,127,86,33,84,72,31,2,124,35,28,12,48" hai1="52,103,130,73,85,13,129,20,118,97,79,112,96" hai2="87,107,55,51,59,64,41,92,105,117,121,19,56" hai3="11,69,108,34,68,37,30,44,71,43,54,98,94"/><T16/><D72/><U23/><E118/><V8/><F121/><W4/><G108/><T26/><D26/><U134/><E73/><V109/><F109/><W116/><G116/><T29/><D12/><U57/><E134/><V77/><F41/><W45/><G30/><T102/><D102/><U101/><E79/><V111/><F111/><W40/><G34/><T90/><D90/><U66/><E66/><V106/><F117/><W18/><G54/><T76/><D76/><U32/><E32/><V83/><F92/><W75/><G18/><T119/><D31/><U39/><E39/><V123/><F123/><W50/><G75/><T46/><D119/><U122/><E85/><V65/><F59/><W80/><G80/><T61/><D61/><U17/><E122/><V67/><F19/><W91/><REACH who="3" step="1"/><G71/><REACH who="3" ten="358,154,252,226" step="2"/><T70/><D70/><U58/><E17/><V42/><F42/><W25/><G25/><T36/><D16/><U7/><E7/><V24/><F24/><W132/><G132/><T22/><D35/><U89/><E52/><V15/><F8/><W104/><G104/><T74/><D33/><U126/><E126/><V62/><F105/><W131/><G131/><T21/><D127/><U27/><E27/><V135/><F135/><W9/><G9/><T0/><D124/><U38/><E129/><V81/><F81/><W1/><AGARI ba="1,1" hai="1,4,11,37,40,43,44,45,50,68,69,91,94,98" machi="1" ten="20,5200,0" yaku="1,1,0,1,7,1,53,1" doraHai="110" doraHaiUra="95" who="3" fromWho="3" sc="358,-27,154,-14,252,-14,226,65" /><INIT seed="5,0,0,1,4,115" ten="331,140,238,291" oya="1" hai0="68,21,76,26,104,23,84,64,57,103,79,33,0" hai1="61,42,52,126,71,50,36,135,40,102,39,72,112" hai2="9,74,30,59,73,87,119,99,8,107,5,131,77" hai3="56,3,92,69,106,17,81,120,14,91,13,121,63"/><U53/><E72/><V37/><F9/><W51/><G106/><T25/><D0/><U15/><E102/><V83/><F131/><W70/><G3/><T105/><D68/><U19/><E112/><V88/><F37/><N who="1" m="14409" /><E15/><V133/><F133/><W4/><G4/><T41/><D33/><U55/><E19/><V29/><F74/><W80/><G51/><T2/><D84/><U95/><E95/><N who="2" m="54687" /><F59/><W48/><G48/><T110/><D76/><U113/><E113/><V114/><F119/><W96/><G14/><T24/><D79/><U46/><E135/><V32/><F32/><W132/><G132/><T75/><D103/><U129/><E129/><V111/><F111/><W89/><G70/><T130/><D110/><U109/><E109/><V22/><F22/><W12/><G69/><T18/><D23/><U127/><E42/><V27/><F27/><W45/><G13/><T34/><D25/><U43/><E43/><V16/><F114/><W85/><G81/><T65/><D26/><U62/><E71/><V49/><F16/><W93/><G80/><T1/><D18/><U78/><E78/><V67/><F29/><W116/><G17/><T98/><D34/><U117/><E117/><V124/><F30/><W54/><G116/><T90/><D130/><U11/><E11/><V123/><F8/><W134/><G134/><T118/><D1/><U125/><AGARI ba="0,0" hai="40,46,50,52,53,55,61,62,125,126,127" m="14409" machi="125" ten="40,12000,1" yaku="18,1,34,2,54,1" doraHai="115" who="1" fromWho="1" sc="331,-40,140,120,238,-40,291,-40" /><INIT seed="5,1,0,4,2,67" ten="291,260,198,251" oya="1" hai0="111,62,44,96,15,124,34,133,14,24,130,129,73" hai1="66,50,22,108,7,103,121,89,5,97,54,57,98" hai2="61,29,47,8,17,99,3,49,59,128,55,113,48" hai3="0,46,88,42,91,132,20,87,77,19,4,41,74"/><U101/><E121/><V120/><F120/><W36/><G132/><T131/><D73/><U100/><E108/><V75/><F128/><W27/><G42/><T92/><D111/><U135/><E135/><V114/><F75/><W68/><G87/><T109/><D109/><U116/><E116/><V106/><F29/><W60/><G60/><T31/><D133/><U69/><E22/><V94/><F106/><W112/><G68/><T13/><D62/><U95/><REACH who="1" step="1"/><E97/><REACH who="1" ten="291,250,198,251" step="2"/><V56/><F99/><W37/><G112/><T115/><D115/><U81/><E81/><V127/><F114/><W28/><G28/><T71/><D31/><U104/><E104/><V9/><F113/><W25/><G25/><T117/><D24/><U122/><E122/><V72/><F9/><N who="3" m="2183" /><G37/><T85/><D117/><U125/><E125/><V70/><F127/><W10/><G10/><T30/><D124/><U83/><E83/><AGARI ba="1,1" hai="19,20,27,36,41,46,74,77,83,88,91" m="2183" machi="83" ten="30,2000,0" yaku="25,1,54,1" doraHai="67" who="3" fromWho="1" sc="291,0,250,-23,198,0,251,33" /><INIT seed="6,0,0,2,5,17" ten="291,227,198,284" oya="2" hai0="133,58,33,74,3,23,76,110,73,92,48,22,86" hai1="104,29,129,125,60,96,25,62,75,36,35,107,52" hai2="78,47,50,38,115,66,10,40,37,98,117,56,18" hai3="103,49,135,101,46,70,13,114,81,30,27,112,24"/><V51/><F78/><W111/><G70/><T5/><D33/><U128/><E75/><V57/><F98/><W131/><G111/><T113/><D110/><U11/><E36/><N who="2" m="13931" /><F10/><W53/><G131/><N who="1" m="50250" /><E125/><V41/><F18/><W68/><G68/><T28/><D28/><U9/><E62/><N who="2" m="38215" /><F117/><W1/><G1/><T89/><D5/><U69/><E69/><V19/><F19/><W84/><G135/><T91/><D133/><U108/><E108/><V120/><F120/><W95/><G13/><T87/><D3/><U119/><E119/><V42/><F115/><N who="3" m="44075" /><G95/><T105/><D105/><N who="1" m="40523" /><E96/><V55/><AGARI ba="0,0" hai="40,41,42,47,50,51,55,57" m="38215,13931" machi="55" ten="30,12000,1" yaku="35,5" doraHai="17" who="2" fromWho="2" sc="291,-40,227,-40,198,120,284,-40" /><INIT seed="6,1,0,0,1,33" ten="251,187,318,244" oya="2" hai0="84,122,118,3,116,111,105,90,21,18,47,71,74" hai1="4,92,95,107,98,70,34,29,36,135,25,133,44" hai2="63,100,96,45,64,75,9,17,62,28,14,27,7" hai3="13,67,132,79,46,61,124,81,38,109,108,30,103"/><V94/><F75/><W12/><G132/><T112/><D74/><U78/><E70/><V24/><F45/><W68/><G124/><T2/><D105/><U73/><E95/><V65/><F28/><W53/><G30/><T56/><D71/><U55/><E55/><V89/><F100/><W86/><G103/><T126/><D111/><U20/><E20/><V39/><F39/><W91/><G13/><T57/><D122/><U129/><E129/><V125/><F125/><W66/><G66/><T77/><D77/><U19/><E19/><V6/><F6/><W15/><G15/><N who="0" m="9439" /><D47/><U123/><E123/><V43/><F43/><W40/><G12/><T69/><D69/><U72/><E4/><V49/><F49/><W51/><REACH who="3" step="1"/><G79/><REACH who="3" ten="251,187,318,234" step="2"/><T102/><D102/><U104/><E104/><V83/><F65/><W130/><G130/><T48/><D126/><U115/><E107/><V99/><F64/><W101/><G101/><T127/><D127/><U50/><E115/><V32/><F27/><W8/><G8/><T23/><D112/><U31/><E31/><V22/><F32/><W121/><G121/><T0/><D23/><U93/><E78/><V113/><F113/><W119/><G119/><N who="0" m="45611" /><D48/><U11/><E36/><V60/><F60/><W16/><G16/><T54/><D54/><N who="1" m="30023" /><E11/><V26/><F26/><W76/><G76/><T58/><D58/><AGARI ba="1,1" hai="38,40,46,51,53,58,61,67,68,81,86,91,108,109" machi="58" ten="30,7700,0" yaku="1,1,7,1,24,2,53,0" doraHai="33" doraHaiUra="97" who="3" fromWho="0" sc="251,-80,187,0,318,0,234,90" /><INIT seed="7,0,0,2,2,75" ten="171,187,318,324" oya="3" hai0="25,104,40,62,14,79,36,67,30,86,47,22,3" hai1="43,44,15,71,10,110,103,13,19,80,46,54,64" hai2="127,91,38,74,55,49,37,115,92,52,68,94,60" hai3="9,20,82,108,59,99,6,21,96,18,48,93,33"/><W63/><G33/><T35/><D104/><U42/><E110/><V57/><F74/><W120/><G120/><T105/><D105/><U114/><E114/><V112/><F127/><W56/><G108/><T16/><D3/><U26/><E71/><V135/><F92/><W126/><G126/><T28/><D28/><U111/><E64/><N who="2" m="40967" /><F135/><W90/><G48/><T134/><D134/><U124/><E124/><V87/><F55/><W58/><G63/><T65/><REACH who="0" step="1"/><D62/><REACH who="0" ten="161,187,318,324" step="2"/><U113/><E111/><V24/><F112/><W5/><G99/><T131/><D131/><U95/><E113/><V85/><F115/><W107/><G107/><T81/><AGARI ba="0,1" hai="14,16,22,25,30,35,36,40,47,65,67,79,81,86" machi="81" ten="30,7900,0" yaku="1,1,0,1,52,1,54,1,53,0" doraHai="75" doraHaiUra="101" who="0" fromWho="0" sc="161,89,187,-20,318,-20,324,-39" /><INIT seed="8,0,0,4,3,104" ten="250,167,298,285" oya="0" hai0="80,115,126,84,110,67,54,129,70,87,105,51,13" hai1="112,75,16,19,21,88,5,111,26,102,74,10,65" hai2="109,117,98,124,131,127,76,31,94,6,8,89,73" hai3="40,11,55,12,48,118,96,130,72,44,99,62,39"/><T119/><D119/><U58/><E111/><V134/><F109/><W2/><G2/><T68/><D110/><U33/><E102/><V91/><F117/><W47/><G118/><T60/><D105/><U69/><E33/><V20/><F131/><W50/><G130/><T63/><D129/><U82/><E69/><V81/><F134/><W64/><G39/><T123/><D123/><U59/><E112/><V135/><F135/><W53/><G40/><T35/><D35/><U56/><E65/><V25/><REACH who="2" step="1"/><F91/><REACH who="2" ten="250,167,288,285" step="2"/><W42/><G42/><T27/><D115/><U43/><E43/><V103/><F103/><W23/><G72/><T77/><D126/><U120/><E120/><V93/><F93/><W30/><G30/><T3/><D3/><AGARI ba="0,1" hai="3,6,8,20,25,31,73,76,81,89,94,98,124,127" machi="3" ten="40,5200,0" yaku="1,1,52,1,53,1" doraHai="104" doraHaiUra="4" who="2" fromWho="0" sc="250,-52,167,0,288,62,285,0" owari="198,-20.0,167,-33.0,350,44.0,285,9.0" /></mjloggm>