<mjloggm ver="2.3"><GO type="169" lobby="0"/><UN n0="%74%61%6B%75%61%6B%61" n1="%E3%83%88%E3%83%88%E3%83%AA%E5%85%88%E7%94%9F%31%39%E6%AD%B3" n2="%E5%A1%A9%E9%85%B8%E3%81%94%E3%81%8F%E3%81%94%E3%81%8F" n3="%E6%96%B0%E4%B8%96%E7%95%8C%E3%81%AE%E7%B4%99" dan="18,19,16,18" rate="2210.32,2273.04,2120.53,2273.79" sx="M,F,M,F"/><TAIKYOKU oya="0"/><INIT seed="0,0,0,5,2,39" ten="250,250,250,250" oya="0" hai0="85,134,8,40,32,91,10,123,68,89,44,2,80" hai1="118,31,45,38,1,43,19,88,93,97,17,128,30" hai2="124,9,127,0,55,15,84,72,78,37,47,42,6" hai3="24,5,7,132,36,50,103,49,120,16,117,104,125"/><T81/><D123/><U113/><E118/><V106/><F106/><W20/><G117/><T87/><D134/><U130/><E1/><V23/><F84/><W22/><G36/><T28/><D68/><U26/><E31/><V98/><F98/><W59/><G132/><T94/><D2/><U108/><E108/><V77/><F55/><W4/><G120/><T96/><D28/><U13/><E113/><V62/><F62/><W61/><G125/><N who="2" m="48201" /><F72/><W82/><G82/><T86/><D32/><U21/><REACH who="1" step="1"/><E17/><AGARI ba="0,0" hai="0,6,9,15,17,23,37,42,47,77,78" m="48201" machi="17" ten="30,2000,0" yaku="18,1,52,1" doraHai="39" who="2" fromWho="1" sc="250,0,250,-20,250,20,250,0" /><INIT seed="1,0,0,0,4,48" ten="250,230,270,250" oya="1" hai0="123,70,36,72,23,77,107,61,4,5,125,29,56" hai1="2,15,92,17,69,55,8,31,34,116,124,62,104" hai2="65,84,22,43,11,71,59,53,129,128,102,131,27" hai3="85,39,118,38,127,19,68,97,67,126,33,54,100"/><U28/><E116/><V63/><F43/><W74/><G74/><T132/><D70/><U88/><E104/><V87/><F102/><W81/><G33/><T80/><D125/><U90/><E124/><N who="3" m="47658" /><G118/><T86/><D107/><U103/><E34/><V12/><F27/><W3/><G3/><T14/><D36/><U121/><E121/><V18/><REACH who="2" step="1"/><F11/><REACH who="2" ten="250,230,260,250" step="2"/><W35/><G39/><T112/><D123/><U32/><E103/><V99/><F99/><W79/><G38/><T16/><D112/><U134/><E32/><V66/><F66/><W44/><G35/><T89/><D132/><U64/><E134/><V25/><F25/><W57/><G97/><T95/><REACH who="0" step="1"/><D29/><REACH who="0" ten="240,230,260,250" step="2"/><U94/><E31/><V30/><F30/><W122/><G122/><T10/><D10/><U7/><E28/><V40/><F40/><W111/><G100/><T21/><D21/><U130/><E8/><V41/><F41/><W73/><G68/><T110/><D110/><U105/><E69/><V13/><F13/><W49/><G111/><T135/><D135/><U37/><E15/><V46/><F46/><W45/><G45/><T106/><D106/><U76/><E105/><V6/><F6/><W113/><G113/><T115/><D115/><U117/><E7/><V78/><F78/><W9/><G9/><T114/><D114/><U20/><E76/><V108/><F108/><W120/><G120/><T98/><D98/><U26/><E37/><V51/><AGARI ba="0,2" hai="12,18,22,51,53,59,63,65,71,84,87,128,129,131" machi="51" ten="30,7900,0" yaku="1,1,0,1,19,1,52,1,53,0" doraHai="48" doraHaiUra="0" who="2" fromWho="2" sc="240,-20,230,-39,260,99,250,-20" /><INIT seed="2,0,0,0,2,34" ten="220,191,359,230" oya="2" hai0="62,40,87,29,15,120,97,14,130,60,35,32,19" hai1="26,126,69,12,20,78,10,127,8,112,41,61,100" hai2="116,4,98,111,37,113,117,96,54,70,92,49,83" hai3="23,7,0,5,80,128,121,65,18,125,28,36,91"/><V82/><F113/><W55/><G36/><T131/><D120/><U17/><E112/><V79/><F37/><W90/><G121/><T89/><D97/><U9/><E41/><V74/><F70/><W81/><G125/><N who="1" m="47626" /><E78/><V38/><F38/><W94/><G28/><T118/><D40/><U133/><E100/><V58/><F111/><W22/><G65/><T72/><D72/><U95/><E95/><V107/><F107/><W93/><G18/><T132/><D132/><U6/><E61/><V31/><F31/><W105/><G55/><T123/><D19/><N who="1" m="12575" /><E69/><V16/><F4/><W24/><G24/><T75/><D75/><U73/><E73/><V77/><F96/><W42/><G42/><T21/><D89/><U101/><E101/><V88/><F16/><W56/><G128/><T122/><D29/><U39/><E39/><V114/><F114/><W13/><G13/><T66/><D87/><AGARI ba="0,0" hai="49,54,58,74,77,79,82,83,87,88,92,98,116,117" machi="87" ten="30,2900,0" yaku="7,1,54,1" doraHai="34" who="2" fromWho="0" sc="220,-29,191,0,359,29,230,0" /><INIT seed="2,1,0,2,1,21" ten="191,191,388,230" oya="2" hai0="64,82,89,39,99,76,85,114,123,92,1,55,32" hai1="48,57,61,87,56,115,18,17,78,59,40,60,16" hai2="6,120,83,50,67,35,94,29,91,54,96,69,0" hai3="113,121,43,79,37,8,49,19,26,126,13,118,23"/><V74/><F120/><W58/><G121/><T117/><D123/><U102/><E115/><V41/><F69/><W128/><G118/><T12/><D114/><U68/><E68/><V106/><F67/><W97/><G113/><T72/><D1/><U9/><E102/><V77/><F41/><W98/><G126/><T53/><D39/><U127/><E127/><V33/><F29/><W27/><G128/><T101/><D117/><U116/><E116/><V124/><F124/><W15/><G37/><T95/><D32/><U30/><E30/><V111/><F111/><W80/><G58/><T109/><D109/><U25/><E9/><V131/><F131/><W42/><G42/><T24/><D64/><U93/><E25/><N who="3" m="9226" /><G80/><T133/><D133/><U129/><E129/><V134/><F134/><W7/><G79/><T34/><D34/><U38/><E38/><V46/><F106/><W75/><G75/><T107/><D24/><U73/><E73/><V132/><F132/><W100/><G100/><T103/><D103/><U112/><E112/><V70/><F70/><W105/><G105/><T45/><D45/><AGARI ba="1,0" hai="7,8,13,15,19,23,43,45,49,97,98" m="9226" machi="45" ten="30,7700,0" yaku="8,1,52,3" doraHai="21" who="3" fromWho="0" sc="191,-80,191,0,388,0,230,80" /><INIT seed="3,0,0,4,3,108" ten="111,191,388,310" oya="3" hai0="16,7,77,132,15,54,130,29,8,24,96,48,0" hai1="61,13,104,28,121,119,82,103,35,94,68,31,73" hai2="9,65,93,51,50,83,47,33,21,100,62,18,109" hai3="53,123,126,32,95,2,105,37,86,40,129,20,71"/><W117/><RYUUKYOKU type="yao9" ba="0,0" sc="111,0,191,0,388,0,310,0" hai3="2,20,32,37,40,53,71,86,95,105,117,123,126,129" /><INIT seed="3,1,0,2,1,84" ten="111,191,388,310" oya="3" hai0="116,67,17,132,106,98,107,53,99,90,77,104,64" hai1="123,36,31,4,115,26,54,23,83,86,105,45,69" hai2="43,65,59,96,89,91,93,92,103,80,42,62,22" hai3="127,87,61,117,20,120,111,124,3,134,57,133,9"/><W29/><G117/><T39/><D39/><U19/><E115/><V76/><F103/><W10/><G120/><T125/><D116/><U85/><E123/><V97/><F22/><W52/><G111/><T102/><D125/><N who="3" m="48201" /><G3/><T6/><D132/><N who="3" m="50793" /><G87/><AGARI ba="1,0" hai="42,43,59,62,65,76,80,87,89,91,92,93,96,97" machi="87" ten="30,8000,1" yaku="7,1,9,1,8,1,52,2" doraHai="84" who="2" fromWho="3" sc="111,0,191,0,388,83,310,-83" /><INIT seed="4,0,0,2,5,40" ten="111,191,471,227" oya="0" hai0="122,79,29,10,135,81,11,34,90,59,51,117,85" hai1="19,86,114,112,61,15,64,31,68,55,130,65,60" hai2="52,7,124,84,104,16,69,126,115,78,105,28,118" hai3="83,125,9,93,2,133,32,121,132,18,72,43,44"/><T95/><D122/><U0/><E0/><V82/><F69/><W4/><G121/><T23/><D117/><U108/><E108/><V33/><F7/><W87/><G32/><T6/><D34/><U17/><E130/><V42/><F42/><W14/><G125/><N who="2" m="48233" /><F115/><N who="1" m="44073" /><E31/><V36/><F36/><W134/><G93/><T1/><D135/><U99/><E55/><V13/><F118/><W38/><G72/><T113/><D113/><U20/><E17/><V21/><F52/><W71/><G71/><T27/><D11/><U24/><E86/><V110/><F110/><W46/><G38/><T70/><D70/><N who="1" m="42247" /><E99/><V129/><F129/><W45/><G43/><T74/><REACH who="0" step="1"/><D59/><REACH who="0" ten="101,191,471,227" step="2"/><U75/><E75/><V123/><F123/><W80/><G87/><T91/><D91/><U30/><E30/><V48/><F84/><W50/><G50/><AGARI ba="0,1" hai="1,6,10,23,27,29,50,51,74,79,81,85,90,95" machi="50" ten="40,2000,0" yaku="1,1,53,0" doraHai="40" doraHaiUra="102" who="0" fromWho="3" sc="101,30,191,0,471,0,227,-20" /><INIT seed="4,1,0,5,2,133" ten="131,191,471,207" oya="0" hai0="60,126,34,4,93,32,3,132,127,78,82,46,61" hai1="10,120,80,66,79,23,31,90,1,8,134,39,55" hai2="42,87,13,76,27,20,129,128,48,29,7,38,111" hai3="106,17,16,14,50,11,91,63,103,109,113,125,24"/><T57/><D132/><U95/><E120/><V84/><F38/><W28/><G109/><T122/><D122/><U59/><E134/><V30/><F111/><W114/><G50/><T68/><D93/><U70/><E39/><V9/><F30/><W98/><G125/><N who="0" m="47627" /><D46/><U19/><E31/><V0/><F0/><W131/><G131/><N who="2" m="50249" /><F76/><W2/><G2/><T33/><D68/><U72/><E66/><V100/><F100/><W118/><G118/><T12/><D3/><U37/><E70/><V5/><F5/><W83/><G17/><T96/><D96/><U53/><E37/><V41/><F41/><W36/><G36/><T105/><D105/><U43/><E43/><V102/><F102/><W51/><G113/><T45/><D45/><AGARI ba="1,0" hai="7,9,13,20,27,29,42,45,48,84,87" m="50249" machi="45" ten="30,1000,0" yaku="19,1" doraHai="133" who="2" fromWho="0" sc="131,-13,191,0,471,13,207,0" /><INIT seed="5,0,0,5,2,124" ten="118,191,484,207" oya="1" hai0="23,37,86,68,51,73,50,39,108,32,38,45,14" hai1="131,40,60,18,99,8,90,76,93,87,112,48,71" hai2="64,121,57,72,27,102,34,9,36,113,100,20,78" hai3="16,130,42,17,88,83,96,12,65,125,92,46,33"/><U59/><E71/><V1/><F34/><W67/><G130/><T94/><D73/><U7/><E112/><V21/><F36/><W133/><G125/><T82/><D32/><U22/><E131/><V129/><F129/><W30/><G133/><T63/><D94/><U61/><E76/><V119/><F119/><W29/><G83/><T31/><D108/><U3/><E99/><V55/><F64/><W117/><G117/><T47/><D14/><U127/><E127/><V103/><F121/><W120/><G120/><T53/><D23/><U25/><E40/><V111/><F111/><W98/><G98/><T105/><D31/><U49/><REACH who="1" step="1"/><E61/><REACH who="1" ten="118,181,484,207" step="2"/><V85/><F78/><W11/><G33/><T15/><D68/><U97/><E97/><V110/><F113/><W81/><G30/><T95/><D63/><U69/><E69/><V91/><F110/><W10/><G29/><T118/><D118/><U126/><E126/><V43/><F72/><W0/><G17/><T115/><D115/><U77/><E77/><V2/><F43/><W70/><G70/><T123/><D123/><U104/><E104/><V122/><F122/><W89/><G89/><T35/><D35/><U132/><E132/><V41/><F41/><W54/><G42/><N who="0" m="24887" /><D105/><U62/><E62/><V6/><F91/><W28/><G28/><T109/><D109/><U13/><E13/><V84/><F102/><N who="3" m="60679" /><G0/><T80/><D15/><U44/><E44/><V74/><F103/><W101/><G101/><T56/><D47/><U4/><E4/><V75/><F6/><W134/><G134/><T19/><D19/><RYUUKYOKU ba="0,1" sc="118,15,181,15,484,-15,207,-15" hai0="37,38,39,51,53,56,80,82,86,95" hai1="3,7,8,18,22,25,48,49,59,60,87,90,93" /><INIT seed="5,1,1,4,1,56" ten="133,196,469,192" oya="1" hai0="7,0,24,28,73,43,101,135,55,65,86,25,3" hai1="109,89,115,117,62,36,102,59,124,31,103,71,84" hai2="87,75,14,79,130,67,69,107,120,13,30,58,60" hai3="70,66,72,113,127,8,9,111,10,41,11,88,83"/><U68/><E117/><V114/><F120/><W98/><G111/><T105/><D73/><U82/><E36/><V32/><F75/><W92/><G113/><T100/><D86/><U54/><E115/><V20/><F107/><W29/><G127/><T57/><D43/><U21/><E124/><V74/><F74/><W34/><G41/><T12/><D135/><U81/><E109/><V122/><F32/><W95/><G34/><T99/><D100/><N who="1" m="38443" /><E71/><V48/><F130/><W97/><G29/><T2/><D65/><U131/><E68/><V38/><F38/><W125/><G125/><T77/><D77/><U76/><E131/><V23/><F69/><W63/><G11/><T78/><D78/><U104/><E104/><V94/><F79/><W33/><G33/><T93/><D105/><U91/><E81/><V106/><F106/><W52/><G72/><T96/><D96/><U1/><E1/><V132/><F122/><W116/><G116/><T26/><D28/><U42/><E42/><V128/><F30/><W126/><G126/><T39/><D39/><U123/><E123/><V119/><F132/><W133/><G133/><T118/><D118/><U16/><E31/><V15/><F119/><W108/><G108/><T80/><D80/><U53/><E53/><V44/><F128/><W50/><G83/><T61/><REACH who="0" step="1"/><D12/><AGARI ba="1,1" hai="12,16,21,54,59,62,76,82,84,89,91" m="38443" machi="12" ten="30,5800,0" yaku="8,1,52,1,54,1" doraHai="56" who="1" fromWho="0" sc="133,-61,196,71,469,0,192,0" /><INIT seed="5,2,0,5,5,74" ten="72,267,469,192" oya="1" hai0="1,79,81,12,96,82,41,80,8,67,54,17,7" hai1="72,24,78,121,66,122,27,33,89,39,34,105,120" hai2="95,32,43,57,64,93,119,90,26,97,55,25,63" hai3="10,129,111,134,36,0,23,65,13,51,115,107,56"/><U48/><E39/><V123/><F123/><W84/><G36/><T21/><D67/><U100/><E66/><V101/><F32/><W59/><G107/><T132/><D132/><U87/><E48/><V30/><F30/><W22/><G0/><T73/><D54/><U15/><E15/><V108/><F108/><W46/><G115/><T52/><D96/><U49/><E49/><N who="2" m="30959" /><F43/><W29/><G129/><T71/><D71/><U38/><E38/><V18/><F119/><W44/><G111/><T42/><D42/><U53/><E53/><V92/><F92/><W113/><G113/><T99/><D99/><U11/><E11/><V127/><F127/><W31/><G134/><T69/><D69/><U131/><E131/><V104/><F104/><W85/><G65/><T133/><D133/><U2/><E2/><V28/><F28/><W75/><G75/><T109/><D109/><U126/><E100/><V50/><F18/><W37/><G37/><T124/><D124/><U62/><E105/><V94/><F94/><W35/><G35/><N who="1" m="13322" /><E62/><V112/><F112/><W83/><G51/><T88/><D41/><U117/><E117/><V103/><F50/><W58/><G31/><T118/><D118/><U47/><E126/><V106/><F106/><W98/><G29/><T19/><D52/><U3/><E3/><V130/><F130/><W128/><G128/><T60/><D60/><U91/><E72/><V102/><F95/><W70/><G56/><AGARI ba="2,0" hai="25,26,56,63,64,90,93,97,101,102,103" m="30959" machi="56" ten="30,1000,0" yaku="8,1" doraHai="74" who="2" fromWho="3" sc="72,0,267,0,469,16,192,-16" /><INIT seed="6,0,0,3,5,44" ten="72,267,485,176" oya="2" hai0="90,32,18,62,56,77,89,80,86,43,67,101,45" hai1="24,64,128,75,15,23,30,105,8,133,20,14,115" hai2="124,10,118,110,61,36,60,83,112,26,53,65,2" hai3="134,116,42,102,46,29,37,103,47,31,22,17,25"/><V117/><F36/><W130/><G116/><T104/><D32/><U35/><E75/><V34/><F110/><W1/><G1/><T5/><D104/><U68/><E105/><V28/><F112/><W9/><G134/><T79/><D101/><U109/><E109/><V106/><F106/><W85/><G130/><T50/><D5/><U71/><E64/><V57/><F124/><W78/><G47/><T41/><D41/><U70/><E115/><V108/><F108/><W59/><G59/><T96/><REACH who="0" step="1"/><D18/><REACH who="0" ten="62,267,485,176" step="2"/><U55/><E35/><V52/><F118/><W27/><G102/><T49/><D49/><U131/><E128/><V132/><F117/><W73/><G103/><T119/><D119/><U114/><E131/><V95/><F34/><W13/><G37/><T91/><D91/><U40/><E40/><V81/><F132/><W69/><G31/><T33/><D33/><U3/><E114/><V129/><F28/><W123/><G29/><T99/><D99/><U21/><E133/><V7/><F129/><W4/><G17/><T48/><D48/><U113/><E113/><V97/><F7/><W98/><G98/><T122/><D122/><U58/><E30/><V121/><F97/><W66/><G123/><T39/><D39/><U54/><E3/><V72/><F2/><W51/><G42/><T107/><D107/><U19/><E19/><V100/><F121/><W76/><G51/><T93/><AGARI ba="0,1" hai="43,45,50,56,62,67,77,79,80,86,89,90,93,96" machi="93" ten="30,12000,2" yaku="1,1,0,1,8,1,52,1,53,2" doraHai="44" doraHaiUra="87" who="0" fromWho="0" sc="62,130,267,-30,485,-60,176,-30" /><INIT seed="7,0,0,0,3,70" ten="192,237,425,146" oya="3" hai0="123,78,39,92,81,133,34,32,44,112,10,87,40" hai1="71,23,0,36,26,64,8,104,119,128,74,91,84" hai2="59,113,73,134,127,75,61,126,105,1,4,55,107" hai3="48,129,110,42,49,43,109,51,90,47,46,99,89"/><W76/><G76/><T66/><D123/><U6/><E74/><N who="2" m="28171" /><F113/><W130/><G99/><T102/><D133/><U68/><E104/><V41/><F41/><N who="3" m="15371" /><G90/><T53/><D112/><U45/><E128/><N who="3" m="49258" /><G89/><T31/><D66/><U120/><E120/><V7/><F134/><W21/><G21/><T33/><D53/><U116/><E36/><V5/><F1/><W67/><G67/><T114/><D114/><U86/><E64/><V69/><F7/><W93/><G93/><T135/><D135/><U96/><E96/><V52/><F107/><W132/><G132/><T121/><D121/><U115/><E115/><V57/><F105/><W9/><G9/><T65/><D65/><U24/><E84/><V77/><F77/><W80/><G80/><T100/><D31/><U103/><E103/><V13/><F5/><W27/><G27/><T15/><REACH who="0" step="1"/><D92/><REACH who="0" ten="182,237,425,146" step="2"/><N who="1" m="54391" /><E71/><V83/><F4/><AGARI ba="0,1" hai="4,10,15,32,33,34,39,40,44,78,81,87,100,102" machi="4" ten="40,2600,0" yaku="1,1,52,1,53,0" doraHai="70" doraHaiUra="35" who="0" fromWho="2" sc="182,36,237,0,425,-26,146,0" owari="218,-18.0,237,4.0,399,49.0,146,-35.0" /></mjloggm>