<mjloggm ver="2.3"><GO type="169" lobby="0"/><UN n0="%E3%82%8F%E3%81%A3%E3%81%93%E3%83%BC%E3%83%BB%EF%BC%A1%E3%83%BB%E3%83%8E" n1="%E3%83%88%E3%83%88%E3%83%AA%E5%85%88%E7%94%9F%31%39%E6%AD%B3" n2="%E3%81%82%E3%81%84%E3%81%A0%E3%81%A6" n3="%E5%AF%8C%E7%94%B7%E3%81%A7%E3%81%99" dan="17,18,16,16" rate="2161.54,2179.50,2093.34,2031.26" sx="M,F,M,M"/><TAIKYOKU oya="0"/><INIT seed="0,0,0,3,4,113" ten="250,250,250,250" oya="0" hai0="80,131,40,93,82,27,120,64,31,126,112,47,88" hai1="94,13,92,76,71,103,102,37,125,32,25,42,135" hai2="26,16,116,20,83,43,100,105,72,4,97,56,46" hai3="89,2,23,128,77,115,22,85,109,38,50,127,53"/><T111/><D112/><U65/><E135/><V121/><F121/><W86/><G115/><T30/><D120/><U99/><E125/><V59/><F116/><W45/><G127/><T78/><D126/><U114/><E114/><V57/><F4/><W28/><G2/><T0/><D0/><U124/><E124/><V39/><F72/><W108/><G128/><T7/><D131/><U41/><E76/><V134/><F134/><W60/><G38/><T69/><D7/><U58/><E71/><V101/><F101/><W67/><G77/><T107/><D107/><U73/><E73/><V104/><F83/><N who="3" m="49343" /><G28/><T14/><D111/><N who="3" m="42569" /><G86/><T21/><D14/><U118/><E37/><V3/><F3/><W129/><G129/><T51/><D31/><U6/><E25/><V66/><REACH who="2" step="1"/><F104/><REACH who="2" ten="250,250,240,250" step="2"/><W49/><G49/><T54/><D78/><U5/><E102/><V11/><F11/><W44/><G44/><T74/><D74/><U9/><E103/><V87/><F87/><W18/><G50/><T110/><D110/><U8/><E8/><V17/><F17/><W10/><G45/><T91/><D80/><U35/><E6/><V133/><F133/><W96/><G18/><T15/><D82/><U12/><E9/><V95/><F95/><N who="1" m="36393" /><E5/><V24/><F24/><W36/><G10/><T55/><D15/><U61/><E99/><V29/><F29/><W70/><G96/><N who="0" m="57383" /><D91/><U119/><E12/><V63/><AGARI ba="0,1" hai="16,20,26,39,43,46,56,57,59,63,66,97,100,105" machi="63" ten="30,4000,0" yaku="1,1,0,1,54,1,53,0" doraHai="113" doraHaiUra="48" who="2" fromWho="2" sc="250,-20,250,-10,240,50,250,-10" /><INIT seed="1,0,0,1,5,36" ten="230,240,290,240" oya="1" hai0="58,88,61,117,42,67,130,125,111,82,49,97,118" hai1="43,19,94,107,59,27,106,123,63,53,47,7,122" hai2="69,3,100,52,38,115,60,109,75,2,126,110,90" hai3="16,64,120,127,22,98,30,44,65,68,46,73,14"/><U8/><E94/><V28/><F75/><W86/><G73/><T4/><D111/><N who="2" m="42506" /><F100/><W1/><G120/><T51/><D130/><U48/><E19/><V66/><F126/><W37/><G127/><T119/><D125/><U96/><E27/><V56/><F115/><W133/><G1/><N who="2" m="9" /><F28/><W11/><G30/><T23/><D4/><U131/><E131/><V41/><F90/><W39/><G16/><T33/><D33/><U26/><E26/><V54/><F69/><W79/><G68/><T35/><D35/><U25/><E25/><V77/><F77/><W83/><G79/><T72/><D72/><U0/><REACH who="1" step="1"/><E96/><REACH who="1" ten="230,230,290,240" step="2"/><V124/><F124/><W20/><G98/><T134/><D97/><U116/><E116/><V104/><F104/><AGARI ba="0,1" hai="0,7,8,43,47,48,53,59,63,104,106,107,122,123" machi="104" ten="40,3900,0" yaku="1,1,52,1,53,0" doraHai="36" doraHaiUra="18" who="1" fromWho="2" sc="230,0,230,49,290,-39,240,0" /><INIT seed="1,1,0,5,2,101" ten="230,279,251,240" oya="1" hai0="97,110,90,45,20,76,117,40,59,116,107,121,74" hai1="108,132,16,65,135,64,63,7,37,72,26,49,4" hai2="95,122,9,102,124,55,48,106,23,92,84,96,29" hai3="119,127,61,27,70,10,66,82,89,79,12,69,60"/><U123/><E123/><V100/><F124/><W109/><G109/><T36/><D121/><U15/><E37/><V105/><F122/><W14/><G127/><T118/><D110/><U32/><E72/><V19/><F29/><W41/><G119/><T30/><D76/><U125/><E108/><V115/><F9/><W98/><G41/><T111/><D74/><U42/><E125/><V25/><F115/><W78/><G27/><T103/><D111/><U22/><E42/><V81/><F95/><W17/><G12/><T120/><D120/><U44/><E44/><V13/><F100/><W73/><G78/><T1/><D1/><U87/><E49/><V53/><F25/><W51/><G51/><T75/><D75/><U80/><E32/><V91/><REACH who="2" step="1"/><F53/><REACH who="2" ten="230,279,241,240" step="2"/><W58/><G10/><T94/><D30/><U130/><E26/><V128/><F128/><W134/><G17/><T34/><D34/><U83/><E130/><V3/><F3/><W24/><G24/><T43/><D20/><U86/><E22/><V104/><F104/><W93/><G14/><T52/><D43/><U31/><E15/><V46/><AGARI ba="1,1" hai="13,19,23,46,48,55,81,84,91,92,96,102,105,106" machi="46" ten="20,8000,1" yaku="1,1,0,1,7,1,52,2,53,0" doraHai="101" doraHaiUra="126" who="2" fromWho="2" sc="230,-21,279,-41,241,93,240,-21" /><INIT seed="2,0,0,2,5,64" ten="209,238,334,219" oya="2" hai0="83,1,73,8,62,35,13,36,54,74,123,117,111" hai1="14,16,42,7,17,107,57,46,75,27,65,26,5" hai2="84,60,80,44,104,126,32,25,38,105,4,135,101" hai3="66,70,93,133,125,47,2,100,128,63,71,72,94"/><V76/><F126/><W95/><G125/><T22/><D35/><U99/><E75/><V97/><F135/><W29/><G133/><T108/><D36/><U34/><E107/><V109/><F4/><W20/><G72/><T114/><D114/><U103/><E65/><V113/><F113/><W124/><G124/><T37/><D37/><U85/><E57/><V40/><F109/><N who="0" m="42058" /><D123/><U52/><E85/><V120/><F60/><W48/><G2/><T116/><D22/><N who="1" m="13639" /><E42/><V69/><F120/><W79/><G79/><N who="0" m="44527" /><D1/><U121/><E27/><V28/><REACH who="2" step="1"/><F104/><REACH who="2" ten="209,238,324,219" step="2"/><W50/><G63/><T87/><D117/><U31/><E7/><V130/><F130/><W115/><G128/><T90/><D116/><U102/><E5/><V45/><F45/><W78/><G47/><T61/><D62/><U96/><E46/><V53/><F53/><W67/><G115/><T12/><D54/><U127/><E52/><V118/><F118/><W122/><G122/><T41/><D61/><U58/><E121/><V30/><F30/><W106/><G66/><T3/><D3/><U82/><E127/><V49/><F49/><W43/><G67/><T9/><D41/><U77/><E31/><V56/><F56/><W88/><G43/><T59/><D59/><U6/><E58/><V91/><F91/><W131/><G131/><T0/><D0/><U112/><E112/><V134/><F134/><W23/><G88/><T18/><D90/><U21/><E6/><V89/><F89/><W24/><G78/><T86/><D18/><U129/><E17/><V55/><F55/><W98/><G48/><RYUUKYOKU ba="0,1" sc="209,-10,238,-10,324,30,219,-10" hai2="25,28,32,38,40,44,69,76,80,84,97,101,105" /><INIT seed="2,1,1,3,5,75" ten="199,228,354,209" oya="2" hai0="103,22,11,31,132,61,127,36,101,15,60,125,80" hai1="25,119,38,63,43,117,7,49,37,122,27,58,57" hai2="110,109,131,20,120,18,29,89,134,52,19,53,2" hai3="114,10,54,113,104,26,69,8,35,108,96,51,118"/><V85/><F120/><W34/><G108/><N who="2" m="41577" /><F2/><W59/><G69/><T84/><D36/><U72/><E72/><V105/><F105/><W123/><G118/><T64/><D132/><U81/><E122/><V33/><F134/><W24/><G123/><T67/><D22/><U82/><E43/><V70/><F70/><W107/><G96/><T106/><D31/><U4/><E49/><V90/><F131/><W62/><G51/><T74/><D74/><U5/><E5/><V121/><F89/><W78/><G62/><AGARI ba="1,1" hai="4,7,25,27,37,38,57,58,62,63,81,82,117,119" machi="62" ten="25,1600,0" yaku="22,2" doraHai="75" who="1" fromWho="3" sc="199,0,228,29,354,0,209,-19" /><INIT seed="3,0,0,5,3,53" ten="199,257,354,190" oya="3" hai0="85,20,17,16,109,112,135,35,81,37,114,18,121" hai1="34,31,30,21,19,117,33,110,79,83,122,71,47" hai2="45,15,133,89,102,27,74,51,98,49,131,22,97" hai3="44,63,92,36,69,70,93,88,132,77,9,108,105"/><W55/><G105/><T60/><D121/><U54/><E71/><V2/><F2/><W75/><G132/><T57/><D35/><U128/><E122/><V116/><F74/><W96/><G108/><T90/><D37/><U123/><E123/><V26/><F131/><W23/><G9/><T28/><D109/><U129/><E110/><V13/><F116/><W87/><G75/><T43/><D43/><U64/><E64/><V115/><F115/><N who="0" m="44074" /><D135/><U61/><E117/><V76/><F76/><W130/><G130/><N who="1" m="50282" /><E30/><V124/><F124/><W111/><G111/><T86/><D86/><N who="1" m="48511" /><E31/><V11/><F133/><W65/><G23/><T56/><D60/><U67/><E47/><V3/><F3/><W94/><G69/><T12/><D12/><U40/><E40/><V113/><F22/><W120/><G120/><T42/><D42/><U59/><E67/><V126/><F45/><W72/><G72/><T8/><D8/><U119/><E119/><V4/><F11/><W99/><G36/><T118/><D118/><U10/><E10/><V100/><F113/><W46/><G44/><T38/><D38/><U48/><E61/><V80/><F13/><AGARI ba="0,0" hai="13,19,21,33,34,48,54,59" m="48511,50282" machi="13" ten="30,2000,0" yaku="19,1,52,1" doraHai="53" who="1" fromWho="2" sc="199,0,257,20,354,-20,190,0" /><INIT seed="4,0,0,1,5,41" ten="199,277,334,190" oya="0" hai0="73,110,80,74,116,113,31,50,36,68,83,27,19" hai1="49,48,100,37,103,20,126,111,117,70,53,120,62" hai2="76,106,124,2,125,45,3,9,51,96,18,54,4" hai3="109,66,115,133,40,102,71,99,118,89,8,131,10"/><T39/><D116/><U134/><E111/><V94/><F76/><W86/><G118/><T129/><D68/><U81/><E117/><V52/><F106/><W78/><G109/><T23/><D110/><U107/><E120/><V105/><F105/><W14/><G131/><T135/><D129/><U1/><E1/><V92/><F2/><W122/><G122/><T90/><D113/><U104/><E20/><V67/><F67/><W77/><G115/><T123/><D123/><U7/><E53/><V85/><F85/><W60/><G40/><T128/><D128/><U91/><E91/><V64/><F64/><W11/><G133/><T87/><D135/><U127/><E134/><V114/><F114/><W46/><G14/><T16/><D39/><U32/><E37/><V55/><F18/><W26/><G26/><T12/><D36/><U82/><E62/><V93/><REACH who="2" step="1"/><F96/><REACH who="2" ten="199,277,324,190" step="2"/><W30/><G99/><T44/><D19/><U21/><E104/><V28/><F28/><W15/><G30/><T13/><D83/><U56/><E82/><V132/><F132/><W24/><G77/><T33/><REACH who="0" step="1"/><D13/><REACH who="0" ten="189,277,324,190" step="2"/><U35/><E81/><V25/><F25/><W59/><G24/><T6/><D6/><U47/><E7/><V69/><F69/><W130/><G130/><T43/><AGARI ba="0,2" hai="12,16,23,27,31,33,43,44,50,73,74,80,87,90" machi="43" ten="20,18000,2" yaku="1,1,0,1,7,1,52,1,54,1,53,1" doraHai="41" doraHaiUra="22" who="0" fromWho="0" sc="189,200,277,-60,324,-60,190,-60" /><INIT seed="4,1,0,3,3,58" ten="389,217,264,130" oya="0" hai0="80,106,132,118,84,62,74,9,15,37,98,125,87" hai1="23,35,89,117,5,78,11,82,38,51,79,10,6" hai2="61,114,115,107,17,104,32,48,30,39,2,67,116" hai3="45,59,101,26,44,134,33,85,129,81,105,76,21"/><T29/><D118/><U8/><E117/><V24/><F39/><W52/><G129/><T124/><D37/><U53/><E35/><V3/><F48/><W46/><G134/><T123/><D123/><U77/><E38/><V72/><F17/><W113/><G113/><N who="2" m="43017" /><F72/><W7/><G7/><T128/><D128/><U102/><E102/><V31/><F31/><W131/><G131/><T20/><D132/><U50/><E23/><V88/><F88/><W91/><G33/><T83/><D29/><U130/><E130/><V90/><F90/><W100/><G105/><N who="2" m="40521" /><F116/><W18/><REACH who="3" step="1"/><G91/><REACH who="3" ten="389,217,264,120" step="2"/><T28/><D106/><U96/><E6/><V110/><F110/><W103/><G103/><T135/><D135/><U25/><E5/><V69/><AGARI ba="1,1" hai="2,3,24,30,32,61,67,69" m="40521,43017" machi="69" ten="30,4000,0" yaku="15,1,23,1,52,1" doraHai="58" who="2" fromWho="2" sc="389,-21,217,-11,264,53,120,-11" /><INIT seed="5,0,0,3,5,20" ten="368,206,317,109" oya="1" hai0="128,104,93,3,79,33,59,114,13,129,7,52,30" hai1="86,117,44,63,135,57,101,19,111,108,125,107,73" hai2="110,5,46,22,66,4,130,119,132,90,102,51,88" hai3="42,24,45,98,37,12,83,95,10,65,27,6,28"/><U53/><E117/><V58/><F110/><N who="1" m="42025" /><E73/><V67/><F119/><W18/><G28/><T123/><D104/><U99/><E135/><V89/><F130/><N who="0" m="50282" /><D114/><U56/><E125/><V78/><F78/><W109/><G109/><T29/><D3/><U31/><E31/><V34/><F34/><W35/><G35/><T80/><D93/><U133/><E133/><V54/><F102/><W11/><G83/><T50/><D123/><U16/><E44/><V84/><F132/><W100/><REACH who="3" step="1"/><G65/><REACH who="3" ten="368,206,317,99" step="2"/><T97/><D33/><U32/><E32/><V41/><F67/><W96/><G96/><T64/><D97/><U91/><E57/><V60/><F66/><W36/><G36/><T81/><D64/><U92/><AGARI ba="0,1" hai="16,19,53,56,63,86,91,92,99,101,107" m="42025" machi="92" ten="30,3000,0" yaku="10,1,54,1" doraHai="20" who="1" fromWho="1" sc="368,-10,206,40,317,-10,99,-10" /><INIT seed="5,1,0,3,2,17" ten="358,246,307,89" oya="1" hai0="84,47,115,106,89,90,69,5,94,70,74,56,78" hai1="37,83,123,71,10,76,40,48,41,33,108,102,116" hai2="130,112,122,31,97,54,28,99,51,57,13,0,91" hai3="66,12,24,45,14,38,36,80,19,42,111,43,68"/><U107/><E116/><V44/><F0/><W81/><G111/><T23/><D106/><U1/><E123/><V72/><F122/><W85/><G24/><T32/><D32/><U46/><E33/><V82/><F130/><W30/><G30/><N who="2" m="11305" /><F72/><W133/><G133/><T95/><D115/><U73/><E108/><V18/><F112/><W109/><G109/><T110/><D110/><U104/><E102/><V119/><F119/><W105/><G105/><T124/><D5/><U103/><E103/><V100/><F100/><W101/><G101/><T131/><D124/><U9/><E9/><N who="2" m="6447" /><F57/><W67/><G19/><T15/><D56/><U128/><E128/><V93/><F82/><W132/><G132/><T4/><D4/><N who="1" m="1295" /><E71/><V118/><F118/><W11/><G68/><T3/><D3/><U134/><E134/><V120/><F120/><W121/><G121/><T22/><D131/><U92/><E92/><V26/><F26/><W63/><G11/><T87/><D15/><U58/><E58/><V61/><F61/><W129/><G129/><T50/><D70/><U125/><E125/><V98/><AGARI ba="1,0" hai="44,51,54,91,93,97,98,99" m="6447,11305" machi="98" ten="30,1100,0" yaku="8,1" doraHai="17" who="2" fromWho="2" sc="358,-4,246,-6,307,14,89,-4" /><INIT seed="6,0,0,5,2,33" ten="354,240,321,85" oya="2" hai0="22,121,113,0,86,30,124,99,43,61,111,79,58" hai1="69,53,117,39,4,82,119,64,48,19,80,78,83" hai2="38,95,92,28,40,65,115,96,49,67,6,126,12" hai3="71,31,41,77,56,101,88,34,112,129,37,51,114"/><V26/><F115/><N who="3" m="44075" /><G77/><T24/><D0/><U133/><E39/><V36/><F126/><W109/><G109/><T16/><D111/><U25/><E133/><V32/><F92/><W130/><G101/><T131/><D113/><U55/><E78/><V59/><F38/><W13/><G13/><T102/><D131/><N who="3" m="50185" /><G88/><T123/><D124/><U103/><E103/><V50/><F36/><W63/><G34/><T81/><D43/><U21/><E4/><V66/><F40/><W20/><G31/><T8/><D8/><U106/><E106/><V57/><F50/><W97/><G97/><T122/><D30/><U104/><E104/><V105/><F49/><W11/><G20/><T107/><D123/><U7/><E48/><V135/><F135/><W23/><G23/><T47/><D47/><U35/><E35/><V2/><F12/><W125/><G11/><T44/><D44/><U42/><E21/><V134/><F134/><W72/><G72/><T29/><D29/><U62/><E80/><V132/><F105/><W94/><G94/><T60/><D60/><U100/><E82/><V14/><F14/><W3/><G125/><T87/><D86/><U15/><E83/><V118/><F118/><W27/><G3/><T91/><D79/><U89/><E15/><V1/><F132/><W9/><G9/><T75/><D75/><U10/><E10/><N who="2" m="2383" /><F2/><W90/><G27/><T93/><D107/><U52/><E25/><V17/><F17/><W110/><G110/><T85/><D85/><U128/><E128/><V5/><F5/><W127/><G127/><T46/><D102/><AGARI ba="0,0" hai="26,28,32,57,59,65,66,67,95,96,102" m="2383" machi="102" ten="30,2900,0" yaku="6,1,52,1" doraHai="33" who="2" fromWho="0" sc="354,-29,240,0,321,29,85,0" /><INIT seed="6,1,0,3,1,129" ten="325,240,350,85" oya="2" hai0="69,62,74,19,25,16,41,93,51,120,71,123,116" hai1="10,111,35,95,132,29,113,2,117,73,124,126,91" hai2="88,3,49,52,61,133,53,36,98,70,0,23,106" hai3="55,110,22,105,24,72,86,20,118,104,101,8,42"/><V44/><F133/><W12/><G118/><T121/><D74/><U27/><E117/><V5/><F106/><W9/><G72/><T92/><D116/><U96/><E111/><V77/><F77/><W67/><G110/><T32/><D32/><U48/><E73/><V119/><F119/><W21/><G42/><T78/><D78/><U59/><E113/><V6/><F0/><W85/><G104/><T131/><D131/><U107/><E132/><V112/><F112/><W56/><G67/><T103/><D62/><U83/><E83/><V94/><F3/><W66/><G66/><T43/><D25/><U80/><E80/><V125/><F125/><N who="1" m="48233" /><E107/><V46/><F23/><W57/><G24/><T97/><D51/><U115/><E115/><V128/><F128/><W18/><G105/><T58/><D58/><U38/><E38/><V26/><F26/><W79/><G57/><T14/><D14/><U108/><E108/><V15/><F15/><W40/><G79/><T1/><D1/><U100/><E10/><V45/><F36/><W68/><G68/><N who="0" m="26187" /><D97/><U134/><E2/><V4/><REACH who="2" step="1"/><F53/><REACH who="2" ten="325,240,340,85" step="2"/><W81/><G12/><T54/><D54/><N who="1" m="32199" /><E134/><V99/><F99/><W33/><G8/><T28/><D123/><U84/><E84/><V90/><F90/><AGARI ba="1,1" hai="27,29,35,90,91,95,96,100" m="32199,48233" machi="90" ten="30,1000,0" yaku="18,1" doraHai="129" who="1" fromWho="2" sc="325,0,240,23,340,-13,85,0" /><INIT seed="7,0,0,1,0,77" ten="325,263,327,85" oya="3" hai0="25,86,20,78,104,52,66,32,23,85,17,68,9" hai1="96,49,47,121,94,11,60,37,116,33,19,95,22" hai2="102,8,70,1,62,97,118,56,30,16,123,133,58" hai3="46,111,51,3,75,122,129,119,34,81,124,120,87"/><W27/><G119/><T110/><D104/><U61/><E121/><V89/><F118/><W55/><G129/><T10/><D110/><U128/><E37/><V72/><F133/><W59/><G124/><T90/><D32/><U125/><E33/><V2/><F30/><W84/><G111/><T45/><D66/><U74/><E116/><V54/><F70/><W92/><G3/><T7/><D68/><U79/><E128/><V71/><F71/><W65/><G34/><T73/><D73/><U6/><E95/><V29/><F29/><W83/><G27/><N who="0" m="14735" /><D7/><U53/><E125/><V134/><F72/><W103/><G75/><T109/><D78/><U50/><E50/><V42/><F42/><N who="3" m="25047" /><G65/><T13/><D13/><U126/><E126/><V40/><F40/><W107/><G107/><T113/><D113/><U64/><E64/><V105/><F134/><W131/><G131/><T106/><D106/><U48/><E48/><V36/><F36/><W127/><G127/><T91/><D109/><U18/><E6/><V112/><F112/><W38/><G38/><T67/><D67/><U5/><E5/><V130/><F123/><W99/><G120/><T24/><D52/><U82/><E11/><N who="0" m="4105" /><D45/><U114/><E114/><V101/><F130/><W14/><G14/><T39/><D39/><U4/><E4/><V43/><F43/><W115/><G115/><T12/><D12/><N who="1" m="9543" /><E19/><V88/><F1/><W26/><G26/><N who="0" m="10347" /><D23/><U0/><E0/><V28/><F2/><W117/><G117/><T35/><D35/><U41/><E41/><V31/><F105/><W57/><G122/><RYUUKYOKU ba="0,0" sc="325,15,263,15,327,-15,85,-15" hai0="85,86,90,91" hai1="47,49,53,60,61,74,79,82,94,96" owari="340,44.0,278,-12.0,312,11.0,70,-43.0" /></mjloggm>