<mjloggm ver="2.3"><GO type="169" lobby="0"/><UN n0="%E9%BA%A6%E3%81%A8%E3%83%9B%E3%83%83%E3%83%97" n1="%69%6B%65%65%74%74%69" n2="%E5%A4%A7%E6%AD%A3%E7%BE%A9%E9%87%8E%E7%90%83%E5%A8%98" n3="%E3%83%88%E3%83%88%E3%83%AA%E5%85%88%E7%94%9F%31%39%E6%AD%B3" dan="16,17,16,18" rate="2057.43,2139.80,2154.42,2225.42" sx="M,F,F,F"/><TAIKYOKU oya="0"/><INIT seed="0,0,0,2,4,126" ten="250,250,250,250" oya="0" hai0="123,43,64,128,45,22,13,38,60,95,10,99,19" hai1="106,18,83,100,104,111,105,67,86,69,71,40,80" hai2="76,70,102,116,114,79,133,96,54,32,57,12,98" hai3="117,122,62,108,119,35,53,29,118,11,125,66,49"/><T3/><D123/><U107/><E111/><V28/><F70/><W34/><G108/><T89/><D128/><U59/><E40/><V94/><F114/><W120/><G125/><T14/><D3/><U90/><E18/><V61/><F133/><W4/><G62/><T129/><D129/><U24/><E24/><V15/><F116/><W36/><G36/><T130/><D130/><U55/><E67/><V109/><F109/><W87/><G87/><T2/><D2/><U74/><E100/><V33/><F28/><W131/><G66/><T78/><D78/><N who="2" m="29738" /><F33/><W124/><G124/><T37/><D37/><U93/><E74/><V52/><F32/><W112/><G112/><T77/><D77/><U75/><E75/><V81/><F81/><W17/><G17/><T84/><D84/><U73/><E73/><V8/><F98/><W72/><G72/><T0/><D0/><U88/><N who="1" m="26624" /><DORA hai="41" /><U91/><E80/><V65/><F15/><N who="3" m="5607" /><G29/><T110/><D110/><U23/><E23/><V21/><F21/><W113/><G113/><T26/><REACH who="0" step="1"/><D10/><REACH who="0" ten="240,250,250,250" step="2"/><U46/><E86/><V58/><F58/><AGARI ba="0,1" hai="13,14,19,22,26,38,43,45,58,60,64,89,95,99" machi="58" ten="30,11600,0" yaku="1,1,2,1,7,1,52,1,53,0" doraHai="126,41" doraHaiUra="48,31" who="0" fromWho="2" sc="240,126,250,0,250,-116,250,0" /><INIT seed="0,1,0,5,4,41" ten="366,250,134,250" oya="0" hai0="2,77,67,70,57,107,135,58,76,18,89,3,23" hai1="110,72,115,130,10,82,50,43,119,24,53,55,114" hai2="51,106,105,86,29,98,37,92,122,85,61,1,123" hai3="64,120,34,117,11,15,100,81,9,65,28,32,22"/><T132/><D107/><N who="2" m="40970" /><F1/><N who="0" m="10" /><D70/><U36/><E119/><V16/><F29/><W109/><G117/><T31/><D31/><U79/><E110/><V116/><F37/><W91/><G109/><T62/><D58/><U48/><E130/><V121/><F61/><W4/><G120/><T125/><D89/><U49/><E24/><V96/><F51/><W25/><G100/><T124/><D77/><U27/><E27/><V56/><F56/><W84/><REACH who="3" step="1"/><G11/><REACH who="3" ten="366,250,134,240" step="2"/><T54/><D135/><U8/><E10/><V13/><F116/><W47/><G47/><T7/><D132/><U38/><E8/><N who="2" m="6183" /><F123/><W35/><AGARI ba="1,1" hai="4,9,15,22,25,28,32,34,35,64,65,81,84,91" machi="35" ten="30,2000,0" yaku="1,1,0,1,53,0" doraHai="41" doraHaiUra="52" who="3" fromWho="3" sc="366,-11,250,-6,134,-6,240,33" /><INIT seed="1,0,0,0,0,84" ten="355,244,128,273" oya="1" hai0="90,123,38,128,129,133,31,76,29,93,103,24,23" hai1="112,21,19,78,22,8,60,14,3,63,66,26,15" hai2="102,107,113,67,105,18,110,10,6,9,127,74,48" hai3="111,99,83,52,135,72,2,62,96,13,73,114,125"/><U45/><E112/><V92/><F74/><W61/><G2/><T95/><D133/><U49/><E3/><V70/><F110/><W131/><G114/><T53/><D38/><U82/><E66/><V57/><F113/><W71/><G135/><T56/><D76/><U51/><E51/><V100/><F70/><W25/><G111/><T101/><D31/><U35/><E35/><V68/><F68/><W20/><G131/><N who="0" m="50251" /><D123/><U91/><E91/><V98/><F127/><W0/><G0/><T77/><D77/><U97/><E97/><V64/><F18/><W58/><G125/><T79/><D79/><U50/><E50/><V40/><F10/><W59/><G71/><T65/><D65/><U54/><E22/><V87/><F105/><W119/><G119/><T42/><D42/><U108/><E108/><V11/><F11/><W81/><G13/><T12/><D12/><U34/><E34/><V115/><F115/><W41/><G41/><T104/><D104/><U39/><E39/><V75/><F75/><W124/><G124/><T7/><D95/><U120/><E120/><V16/><F6/><W94/><G72/><T85/><D7/><U47/><E47/><N who="2" m="25703" /><F57/><W69/><G73/><T80/><D93/><U132/><E132/><V121/><F121/><W43/><G43/><T134/><D134/><U116/><E116/><V106/><F106/><W30/><G69/><T86/><D86/><N who="1" m="48471" /><E15/><N who="2" m="7279" /><F87/><W17/><G30/><AGARI ba="0,0" hai="8,14,19,21,26,30,45,49,54,60,63" m="48471" machi="30" ten="30,1500,0" yaku="8,1" doraHai="84" who="1" fromWho="3" sc="355,0,244,15,128,0,273,-15" /><INIT seed="1,1,0,4,1,35" ten="355,259,128,258" oya="1" hai0="25,76,78,88,58,91,27,70,83,8,54,98,73" hai1="52,49,59,31,81,96,61,14,119,116,74,50,38" hai2="41,112,12,68,42,66,86,79,135,28,22,11,36" hai3="122,40,47,87,80,90,110,126,95,104,43,62,108"/><U93/><E38/><V107/><F107/><W34/><G104/><T10/><D70/><U39/><E39/><V63/><F36/><W114/><G122/><T77/><D73/><U23/><E116/><V97/><F135/><W118/><G114/><T109/><D109/><N who="3" m="42089" /><G34/><T1/><D83/><U121/><E121/><V89/><F112/><W57/><G126/><T124/><D124/><U82/><E119/><V106/><F79/><N who="3" m="46495" /><G47/><T71/><D71/><U64/><E74/><V15/><F97/><N who="3" m="57591" /><G118/><T111/><D111/><U102/><E49/><V69/><F106/><W5/><G5/><T128/><D128/><U53/><E53/><AGARI ba="1,0" hai="40,43,53,57,62" m="57591,46495,42089" machi="53" ten="30,1000,0" yaku="14,1" doraHai="35" who="3" fromWho="1" sc="355,0,259,-13,128,0,258,13" /><INIT seed="2,0,0,2,3,42" ten="355,246,128,271" oya="2" hai0="48,72,20,32,101,22,60,106,119,81,76,67,114" hai1="112,43,117,35,7,125,11,24,2,75,115,88,45" hai2="77,9,36,40,14,123,98,90,51,89,85,53,64" hai3="54,124,130,0,108,113,86,34,74,103,1,10,134"/><V100/><F123/><W92/><G74/><T55/><D32/><U97/><E117/><V6/><F64/><W33/><G108/><T41/><D41/><U99/><E125/><V18/><F36/><W93/><G124/><T129/><D114/><U28/><E75/><V37/><F37/><W116/><G116/><T63/><D119/><U68/><E68/><V56/><F40/><W82/><G134/><T38/><D38/><U83/><E99/><V13/><F77/><W84/><G130/><T58/><D129/><U21/><E21/><V59/><F59/><W52/><G10/><T30/><D30/><U23/><E23/><V71/><F71/><W66/><G82/><T39/><D39/><U62/><E62/><V131/><F131/><W132/><G66/><T57/><D101/><U44/><E43/><V126/><F126/><W29/><G29/><T50/><D106/><U69/><E69/><V4/><F14/><W133/><REACH who="3" step="1"/><G103/><REACH who="3" ten="355,246,128,261" step="2"/><T65/><D67/><U95/><REACH who="1" step="1"/><E83/><REACH who="1" ten="355,236,128,261" step="2"/><N who="2" m="49343" /><F100/><W19/><G19/><T94/><D81/><U111/><E111/><V102/><F102/><W120/><G120/><T96/><D65/><U78/><E78/><V128/><F128/><W110/><G110/><T61/><D76/><U49/><E49/><V70/><F70/><W27/><G27/><T16/><D50/><U91/><E91/><V127/><F127/><W31/><G31/><T80/><D80/><U135/><E135/><V47/><F90/><W3/><G3/><T12/><D48/><U107/><E107/><V104/><F56/><W118/><G118/><T17/><D58/><RYUUKYOKU ba="0,2" sc="355,-30,236,10,128,10,261,10" hai1="2,7,11,24,28,35,44,45,88,95,97,112,115" hai2="4,6,9,13,18,47,51,53,98,104" hai3="0,1,33,34,52,54,84,86,92,93,113,132,133" /><INIT seed="2,1,2,4,3,131" ten="325,246,138,271" oya="2" hai0="61,38,48,108,80,31,99,19,24,67,76,9,116" hai1="120,126,6,3,34,69,94,79,41,119,128,70,124" hai2="113,0,85,12,73,102,121,27,98,49,129,123,23" hai3="29,56,11,104,105,77,127,40,2,54,26,17,112"/><V93/><F113/><W35/><G127/><N who="1" m="48682" /><E119/><V46/><F0/><W63/><G112/><T37/><D108/><U28/><E128/><V59/><F129/><W15/><G77/><T133/><D116/><U117/><E117/><V95/><F73/><W44/><REACH who="3" step="1"/><G2/><REACH who="3" ten="325,246,138,261" step="2"/><T91/><D76/><U135/><E79/><V13/><F121/><W36/><AGARI ba="1,3" hai="11,15,17,26,29,35,36,40,44,54,56,63,104,105" machi="36" ten="20,8000,1" yaku="1,1,2,1,0,1,7,1,53,1" doraHai="131" doraHaiUra="8" who="3" fromWho="3" sc="325,-21,246,-21,138,-41,261,113" /><INIT seed="3,0,0,0,1,74" ten="304,225,97,374" oya="3" hai0="82,4,16,12,3,28,93,5,29,69,40,79,56" hai1="62,111,36,103,92,47,115,99,32,131,55,70,11" hai2="87,83,53,78,132,88,42,76,133,44,66,13,21" hai3="120,31,23,109,59,14,39,46,118,125,89,51,114"/><W121/><G114/><T58/><D69/><U61/><E111/><V86/><F53/><W26/><G118/><T126/><D126/><U101/><E115/><V95/><F66/><W102/><G125/><T7/><D3/><U75/><E32/><V113/><F113/><W135/><G135/><N who="2" m="51785" /><F86/><W128/><G128/><T98/><D40/><U119/><E119/><V8/><F21/><W124/><G124/><T30/><D93/><U94/><E75/><V106/><F106/><W17/><G109/><T110/><D98/><U97/><E131/><V20/><F20/><W6/><G39/><T27/><D27/><U127/><E127/><V90/><F90/><W85/><G102/><T33/><D33/><U123/><E123/><V107/><F95/><W68/><G59/><T57/><D110/><U117/><E117/><V65/><F65/><W84/><G68/><T2/><D2/><U67/><E11/><V0/><F0/><W52/><G84/><N who="0" m="48223" /><D58/><U41/><E62/><V134/><N who="2" m="51793" /><V60/><DORA hai="130" /><F107/><W24/><G24/><T96/><D96/><U45/><E55/><V71/><F60/><W81/><G120/><T34/><D34/><U49/><E61/><V15/><F71/><W63/><G121/><T19/><D57/><U108/><E67/><V22/><F22/><N who="3" m="11575" /><G63/><T116/><D56/><U73/><E70/><V37/><F15/><W80/><G80/><T104/><D104/><U18/><E108/><V1/><F1/><W10/><G31/><T112/><D112/><U48/><E73/><V77/><F77/><W91/><G23/><N who="0" m="11655" /><D116/><U100/><E99/><RYUUKYOKU ba="0,0" sc="304,15,225,-15,97,15,374,-15" hai0="4,5,7,19,28,29,30" hai2="8,13,37,42,44,76,78,83,87,88" /><INIT seed="4,1,0,0,3,114" ten="319,210,112,359" oya="0" hai0="122,61,86,4,13,32,70,45,121,41,9,55,106" hai1="71,33,25,97,77,102,68,99,82,58,78,59,51" hai2="134,128,108,69,129,117,118,6,92,80,88,15,110" hai3="43,112,130,85,48,17,115,46,79,95,94,1,39"/><T35/><D106/><U3/><E3/><V105/><F69/><W23/><G1/><T96/><D96/><U63/><E51/><V12/><F105/><W60/><G130/><N who="2" m="50281" /><F80/><N who="3" m="47263" /><G39/><T40/><D40/><U0/><E0/><V125/><F125/><W64/><G17/><T22/><D86/><U19/><E19/><V11/><F134/><W107/><G23/><T18/><D35/><U87/><E77/><V123/><F15/><W104/><G95/><T8/><D32/><U14/><E14/><V37/><F37/><W133/><G94/><T103/><D103/><U76/><E76/><V53/><F53/><W111/><G111/><N who="2" m="42537" /><F123/><W28/><G28/><T56/><D70/><U81/><E68/><V30/><F30/><W21/><G21/><T109/><D109/><U119/><E71/><V57/><F57/><N who="3" m="36879" /><G133/><T54/><D55/><U20/><E33/><V62/><F62/><W116/><G104/><T131/><D131/><U127/><E127/><V34/><F34/><W36/><G36/><N who="0" m="21671" /><D122/><U29/><E58/><V42/><F42/><W72/><G107/><T65/><D121/><U10/><E63/><V66/><F66/><W113/><G72/><T26/><D65/><U74/><E59/><V16/><F16/><W44/><G44/><T67/><D67/><U93/><E81/><V120/><F120/><W84/><G84/><AGARI ba="1,0" hai="6,11,12,84,88,92,117,118" m="42537,50281" machi="84" ten="30,7700,0" yaku="19,1,52,2,54,1" doraHai="114" who="2" fromWho="3" sc="319,0,210,0,112,80,359,-80" /><INIT seed="5,0,0,1,3,59" ten="319,210,192,279" oya="1" hai0="126,14,127,52,47,79,65,134,28,135,45,33,102" hai1="71,96,91,95,99,24,31,131,100,6,48,124,15" hai2="9,76,68,40,29,34,81,22,42,2,26,119,4" hai3="113,93,21,63,101,115,94,133,8,75,74,111,129"/><U39/><E39/><V73/><F119/><W38/><G111/><T10/><D102/><U18/><E6/><V97/><F68/><W77/><G38/><T53/><D79/><U1/><E1/><V36/><F36/><W70/><G129/><T17/><D65/><U105/><E131/><V56/><F97/><W116/><G133/><N who="0" m="50699" /><D28/><U20/><E71/><V64/><REACH who="2" step="1"/><F34/><REACH who="2" ten="319,210,182,279" step="2"/><W103/><G116/><T54/><D33/><U25/><E124/><AGARI ba="0,1" hai="10,14,17,45,47,52,53,54,124,126,127" m="50699" machi="124" ten="40,5200,0" yaku="18,1,20,1,54,1" doraHai="59" who="0" fromWho="1" sc="319,62,210,-52,182,0,279,0" /><INIT seed="6,0,0,4,4,53" ten="381,158,182,279" oya="2" hai0="33,26,81,110,111,41,32,30,40,119,133,23,13" hai1="129,94,49,115,28,15,87,0,113,103,59,60,99" hai2="20,106,85,114,61,2,42,47,77,100,92,122,72" hai3="93,104,82,65,75,102,17,112,117,68,107,55,5"/><V121/><F2/><W29/><G117/><T46/><D119/><U89/><E0/><V105/><F114/><N who="1" m="43529" /><E129/><V86/><F20/><W8/><G112/><T76/><D133/><U73/><E73/><V125/><F61/><W71/><G29/><T44/><D44/><U108/><E108/><V37/><F125/><W34/><G34/><T130/><D130/><U1/><E1/><V6/><F6/><W64/><G5/><T109/><D13/><U54/><E28/><V38/><F72/><W78/><G93/><T4/><D4/><U96/><E15/><V74/><F74/><W43/><G43/><T12/><D12/><U95/><E87/><V69/><F69/><W10/><G102/><T16/><D30/><U27/><E27/><V19/><F100/><W45/><G71/><T35/><D46/><U31/><E31/><V56/><F47/><W135/><G17/><T97/><D97/><U3/><E3/><V126/><F19/><W67/><G68/><T101/><D101/><U25/><E25/><V70/><F70/><W118/><G135/><T90/><D110/><U57/><E57/><V50/><F56/><W48/><REACH who="3" step="1"/><G118/><REACH who="3" ten="381,158,182,269" step="2"/><T91/><D109/><U14/><E14/><V128/><F128/><W131/><G131/><T7/><D7/><U58/><E58/><V36/><F122/><W18/><G18/><T124/><D111/><U63/><AGARI ba="0,1" hai="49,54,59,60,63,89,94,95,96,99,103" m="43529" machi="63" ten="30,2000,0" yaku="15,1,52,1" doraHai="53" who="1" fromWho="1" sc="381,-5,158,30,182,-10,269,-5" /><INIT seed="7,0,0,5,5,114" ten="376,188,172,264" oya="3" hai0="22,60,98,90,18,2,85,101,53,11,58,113,123" hai1="3,92,119,72,89,127,15,13,86,69,115,78,106" hai2="6,10,29,64,134,39,38,12,83,82,35,49,50" hai3="65,96,132,47,94,66,116,16,27,9,43,33,48"/><W75/><G75/><T62/><D123/><U79/><E69/><V57/><F134/><W46/><G132/><T133/><D113/><U77/><E3/><V37/><F35/><W24/><G116/><T19/><D133/><U30/><E30/><V4/><F29/><W17/><G33/><T105/><D2/><U32/><E32/><V104/><F104/><W80/><G80/><T74/><D74/><U36/><E36/><V25/><F25/><N who="3" m="9803" /><G47/><T31/><D31/><U95/><E115/><V135/><F135/><W125/><G125/><T45/><D11/><U93/><E127/><V63/><F4/><W42/><G42/><T124/><D124/><U129/><E129/><V107/><F107/><W117/><G117/><T91/><D45/><U40/><E40/><V51/><AGARI ba="0,0" hai="6,10,12,37,38,39,49,50,51,57,63,64,82,83" machi="51" ten="40,1500,0" yaku="0,1" doraHai="114" who="2" fromWho="2" sc="376,-4,188,-4,172,15,264,-7" owari="372,47.0,184,-32.0,187,-21.0,257,6.0" /></mjloggm>