<mjloggm ver="2.3"><GO type="41" lobby="0"/><UN n0="%E5%B0%B1%E6%B4%BB%E7%94%9F%40%E5%B7%9D%E6%9D%91%E8%BB%8D%E5%9B%A3" n1="%E3%81%BF%E3%81%8B%E3%82%93%E3%81%A8%E3%83%88%E3%83%8A%E3%82%AB%E3%82%A4" n2="%68%61%79%61%74%74%69%40" n3="%E7%B4%A0%E6%9C%B4%E3%81%AA%E5%91%B3%E3%82%8F%E3%81%84" dan="17,13,15,15" rate="2216.32,1827.06,1951.07,1977.36" sx="M,M,M,M"/><TAIKYOKU oya="0"/><INIT seed="0,0,0,3,1,76" ten="250,250,250,250" oya="0" hai0="85,124,7,22,95,92,117,48,37,28,109,75,133" hai1="132,116,3,129,108,134,113,128,13,38,26,97,64" hai2="80,107,2,45,16,79,4,123,100,81,34,19,94" hai3="105,5,59,82,102,10,49,89,47,114,25,110,56"/><T130/><D37/><U103/><E13/><V93/><F34/><W14/><G114/><T71/><D75/><U96/><E26/><V40/><F123/><W87/><G110/><T44/><D71/><U121/><E64/><V52/><F2/><W60/><G60/><T61/><D117/><U62/><E62/><V18/><F4/><W17/><G102/><T83/><D130/><N who="1" m="50283" /><E38/><V1/><F107/><W30/><G105/><T36/><D124/><U65/><E3/><V51/><F1/><W53/><G5/><T84/><D36/><U0/><E65/><V88/><F79/><W122/><G122/><T29/><D133/><N who="1" m="51307" /><E0/><V43/><F100/><W27/><G27/><T32/><D109/><U98/><E121/><V68/><F68/><W127/><G127/><T11/><D32/><AGARI ba="0,0" hai="10,14,17,25,30,32,47,49,53,56,59,82,87,89" machi="32" ten="30,7700,0" yaku="7,1,25,2,52,1" doraHai="76" who="3" fromWho="0" sc="250,-77,250,0,250,0,250,77" /><INIT seed="1,0,0,3,1,22" ten="173,250,250,327" oya="1" hai0="31,49,91,94,103,50,77,86,14,17,71,69,132" hai1="23,122,84,112,35,128,100,58,39,119,107,13,67" hai2="56,0,99,12,34,88,48,4,97,130,47,20,110" hai3="55,104,3,133,24,46,41,59,15,9,81,72,66"/><U82/><E35/><V117/><F34/><W16/><G104/><T135/><D77/><U29/><E39/><V126/><F117/><W96/><G133/><T36/><D36/><U116/><E122/><V108/><F126/><W64/><G96/><T52/><D103/><U129/><E112/><V18/><F130/><N who="1" m="50281" /><E100/><V1/><F56/><W109/><G109/><N who="2" m="42089" /><F99/><W121/><G3/><T21/><D49/><U106/><E58/><V118/><F4/><W33/><G72/><T11/><D31/><U44/><E44/><V63/><F63/><W90/><G121/><T83/><D21/><U78/><E67/><V75/><F75/><W62/><G33/><T38/><D94/><U37/><E37/><V30/><F30/><W80/><G66/><T5/><D5/><U65/><E65/><V93/><F118/><N who="1" m="45097" /><E13/><V54/><AGARI ba="0,0" hai="0,1,12,18,20,47,48,54,88,93,97" m="42089" machi="54" ten="30,2000,0" yaku="14,1,54,1" doraHai="22" who="2" fromWho="2" sc="173,-5,250,-10,250,20,327,-5" /><INIT seed="2,0,0,3,4,14" ten="168,240,270,322" oya="2" hai0="105,38,106,77,73,81,58,41,36,51,9,130,102" hai1="17,29,120,121,83,114,110,39,1,104,99,88,61" hai2="112,119,8,3,5,62,66,113,107,80,50,127,118" hai3="85,93,76,30,56,48,59,100,125,128,12,135,54"/><V95/><F107/><W22/><G128/><T4/><D130/><U53/><E39/><V94/><F127/><W10/><G135/><T47/><D102/><N who="1" m="62559" /><E114/><V34/><F34/><W26/><G125/><T126/><D126/><U18/><E1/><V25/><F80/><W27/><G27/><T21/><D21/><U33/><E110/><V134/><F50/><W68/><G68/><T43/><D58/><N who="1" m="35023" /><E29/><V42/><F134/><W115/><G115/><T23/><D23/><U44/><E44/><V116/><F42/><W70/><G70/><T32/><D32/><U90/><E33/><V78/><F78/><W55/><G76/><T19/><D19/><N who="1" m="7179" /><E83/><V117/><F113/><W84/><G93/><T91/><D91/><U74/><E74/><V6/><F112/><W0/><G100/><T133/><D133/><U89/><E89/><V124/><F124/><W103/><G103/><T20/><D20/><U97/><E97/><V35/><F35/><W72/><G72/><T96/><D96/><U45/><E45/><V11/><F25/><W31/><G31/><T40/><D51/><U87/><E87/><V123/><F117/><W16/><G0/><N who="0" m="135" /><D41/><U60/><E60/><AGARI ba="0,0" hai="10,12,16,22,26,30,48,54,55,56,59,60,84,85" machi="60" ten="30,7700,0" yaku="7,1,8,1,52,1,54,1" doraHai="14" who="3" fromWho="1" sc="168,0,240,-77,270,0,322,77" /><INIT seed="3,0,0,0,1,91" ten="168,163,270,399" oya="3" hai0="57,0,132,10,52,81,110,128,126,86,62,76,33" hai1="34,104,122,8,55,108,27,61,101,120,37,90,109" hai2="74,23,96,106,83,54,44,124,36,89,134,107,63" hai3="100,12,18,14,116,58,95,135,105,121,72,43,17"/><W97/><G116/><T114/><D33/><U111/><E37/><V59/><F134/><W22/><G121/><N who="1" m="46698" /><E8/><V53/><F124/><W7/><G72/><T71/><D132/><U40/><E40/><V28/><F74/><W65/><G7/><T6/><D126/><U56/><E101/><V127/><F127/><W98/><G43/><T21/><D128/><U3/><E104/><V68/><F68/><W69/><G69/><T131/><D131/><U84/><E3/><V112/><F112/><W46/><G46/><T50/><D114/><U64/><E27/><V35/><F35/><W49/><G135/><T5/><D110/><U26/><E26/><V123/><F123/><W75/><G75/><T9/><D21/><U129/><E34/><V73/><F73/><W66/><G49/><T51/><REACH who="0" step="1"/><D71/><REACH who="0" ten="158,163,270,399" step="2"/><U70/><E129/><V77/><F23/><W93/><G105/><T30/><D30/><U45/><E70/><V39/><F28/><W80/><G80/><T19/><D19/><U130/><E130/><V1/><F107/><W92/><G92/><T15/><AGARI ba="0,1" hai="0,5,6,9,10,15,50,51,52,57,62,76,81,86" machi="15" ten="20,5200,0" yaku="1,1,0,1,7,1,54,1,53,0" doraHai="91" doraHaiUra="88" who="0" fromWho="0" sc="158,62,163,-13,270,-13,399,-26" /><INIT seed="4,0,0,5,3,112" ten="220,150,257,373" oya="0" hai0="28,26,97,119,25,94,42,41,81,51,66,69,49" hai1="100,90,7,27,11,92,61,110,5,54,106,107,78" hai2="77,39,134,64,33,122,71,73,18,117,19,34,57" hai3="21,113,104,40,63,88,58,118,72,43,84,1,53"/><T124/><D124/><U32/><E110/><V50/><F39/><W22/><G72/><T67/><D81/><U15/><E78/><V114/><F71/><W115/><G1/><T85/><D85/><U30/><E100/><V4/><F50/><W9/><G9/><T135/><D135/><U17/><E7/><V13/><F57/><W65/><G104/><T70/><D28/><U16/><E17/><V76/><F64/><W103/><G103/><T45/><D97/><U55/><E55/><V79/><F73/><W87/><G118/><T20/><D20/><N who="3" m="7785" /><G53/><T2/><D94/><U36/><E36/><V99/><F33/><W59/><G59/><T130/><D130/><U31/><E31/><V74/><F34/><W131/><G131/><T109/><D109/><U62/><E62/><V91/><F117/><W75/><G75/><T82/><D82/><U83/><E83/><V95/><F74/><W23/><G23/><T125/><D125/><U80/><E80/><V128/><F128/><W133/><G133/><T89/><D2/><U48/><E61/><V127/><F134/><W44/><G44/><T56/><D56/><U102/><E102/><V14/><F127/><W105/><G105/><T98/><D45/><U96/><REACH who="1" step="1"/><E5/><REACH who="1" ten="220,140,257,373" step="2"/><V86/><F4/><W37/><G37/><T120/><D67/><U68/><E68/><V29/><F76/><W12/><G65/><T60/><D69/><U3/><E3/><V38/><F77/><W24/><G12/><N who="2" m="4713" /><F79/><W47/><G115/><T93/><D66/><U126/><E126/><V101/><F114/><W129/><G113/><RYUUKYOKU ba="0,1" sc="220,-10,140,30,257,-10,373,-10" hai1="11,15,16,27,30,32,48,54,90,92,96,106,107" /><INIT seed="5,1,1,3,5,39" ten="210,170,247,363" oya="1" hai0="92,119,128,8,126,117,14,18,4,76,57,84,3" hai1="65,23,122,0,17,52,85,101,26,107,99,131,105" hai2="114,55,43,40,103,25,45,59,115,31,98,29,37" hai3="109,7,72,94,123,6,83,19,54,125,108,28,46"/><U68/><E122/><V48/><F43/><W74/><G123/><T133/><D128/><U41/><E0/><V50/><F37/><W53/><G28/><T66/><D126/><U27/><E131/><V15/><F15/><W134/><G134/><T78/><D133/><U30/><E85/><V91/><F91/><W13/><G125/><T58/><D117/><U20/><E41/><V130/><F130/><W82/><G94/><T5/><D119/><U34/><E52/><N who="2" m="32135" /><F25/><W1/><G13/><T9/><D58/><U127/><E127/><V38/><F38/><W96/><G96/><T95/><D18/><U86/><E86/><V80/><F80/><W21/><G21/><T56/><D56/><U113/><E23/><V36/><F36/><W11/><G11/><T118/><D118/><U67/><E113/><N who="2" m="43019" /><F55/><W77/><G1/><T44/><D78/><U111/><E111/><V71/><F71/><W79/><G46/><T49/><D76/><U93/><REACH who="1" step="1"/><E68/><REACH who="1" ten="210,160,247,363" step="2"/><V24/><F24/><W73/><G73/><T129/><D129/><U22/><E22/><V32/><F32/><W63/><G72/><T51/><D84/><U116/><E116/><V64/><F64/><AGARI ba="1,2" hai="17,20,26,27,30,34,64,65,67,93,99,101,105,107" machi="64" ten="40,3900,0" yaku="1,1,53,1" doraHai="39" doraHaiUra="89" who="1" fromWho="2" sc="210,0,160,62,247,-42,363,0" /><INIT seed="5,2,0,3,4,36" ten="210,222,205,363" oya="1" hai0="24,21,56,110,124,129,66,1,88,113,43,38,75" hai1="39,126,117,91,63,68,127,134,17,37,80,69,47" hai2="99,11,81,133,45,111,116,15,121,57,93,59,5" hai3="100,54,28,25,112,48,23,32,70,51,102,83,42"/><U135/><E17/><V52/><F116/><W73/><G70/><N who="1" m="27242" /><E80/><V22/><F111/><W131/><G131/><T97/><D110/><U94/><E117/><V44/><F133/><N who="1" m="50697" /><E63/><V12/><F121/><W118/><G118/><T125/><D129/><U16/><E16/><N who="2" m="10503" /><F81/><W34/><G83/><T132/><D75/><U14/><E14/><V90/><F59/><W120/><G73/><T6/><D132/><U30/><E30/><V87/><F99/><W58/><G120/><T82/><D82/><U79/><E79/><V33/><F33/><W7/><G28/><T35/><D35/><U105/><E105/><V107/><F107/><W40/><G34/><T26/><D97/><N who="1" m="57567" /><E47/><V67/><F67/><W123/><G32/><T29/><D66/><U128/><E128/><V31/><F31/><W74/><G123/><T78/><D78/><U41/><E41/><V64/><F64/><W62/><G74/><T9/><D43/><U77/><E77/><V55/><F55/><W71/><G40/><T19/><D19/><U106/><E106/><V119/><F119/><W84/><G42/><T20/><D29/><U103/><E103/><V101/><F101/><W65/><G100/><T72/><D72/><U86/><E86/><V108/><F108/><W61/><G84/><T0/><D21/><U96/><E96/><V13/><F13/><W76/><G102/><T3/><D20/><U18/><E18/><V122/><F122/><W109/><G76/><T115/><D1/><U50/><E50/><AGARI ba="2,0" hai="5,11,15,44,45,50,52,57,87,90,93" m="10503" machi="50" ten="30,7700,0" yaku="25,1,8,1,54,2" doraHai="36" who="2" fromWho="1" sc="210,0,222,-83,205,83,363,0" /><INIT seed="6,0,0,0,3,47" ten="210,139,288,363" oya="2" hai0="75,11,62,130,64,129,122,35,63,111,93,112,72" hai1="12,13,25,48,16,22,73,14,60,2,61,17,133" hai2="85,53,94,36,34,3,29,8,120,134,1,50,102" hai3="0,105,106,52,20,109,23,86,131,39,51,54,33"/><V80/><F134/><W18/><G33/><T10/><D122/><U49/><E2/><V95/><F36/><W71/><G39/><T87/><D35/><U121/><E73/><V38/><F38/><W40/><G71/><T21/><D111/><U65/><E133/><V5/><F102/><W15/><G0/><T132/><D132/><U116/><E116/><V114/><F114/><W91/><G109/><T123/><D123/><U6/><E121/><V83/><F83/><W45/><G131/><T107/><D107/><U108/><E108/><V68/><F68/><W69/><G69/><T44/><D21/><N who="1" m="13479" /><E65/><V135/><F135/><W100/><G23/><T59/><D112/><U42/><E42/><V31/><F3/><W56/><G100/><T113/><D113/><U58/><E6/><V82/><F34/><W79/><G79/><T90/><D63/><N who="1" m="24139" /><E58/><V119/><F119/><W26/><G54/><T37/><D75/><U24/><AGARI ba="0,0" hai="12,13,14,17,22,24,48,49" m="24139,13479" machi="24" ten="30,7900,0" yaku="8,1,52,2,54,1" doraHai="47" who="1" fromWho="1" sc="210,-20,139,79,288,-39,363,-20" /><INIT seed="7,0,0,2,0,77" ten="190,218,249,343" oya="3" hai0="94,122,24,76,73,42,70,121,36,90,35,33,6" hai1="132,126,127,25,130,31,28,23,128,29,30,102,92" hai2="86,32,64,117,3,15,47,34,22,51,82,62,104" hai3="43,115,135,55,112,74,66,88,60,44,67,56,133"/><W5/><G74/><T129/><D70/><U13/><E102/><V17/><F104/><W49/><G88/><T53/><D129/><N who="1" m="49771" /><E92/><V83/><F83/><W109/><G5/><T111/><D111/><U99/><E99/><V85/><F85/><W97/><G97/><T98/><D6/><U110/><E110/><V61/><F61/><W120/><G120/><T37/><D53/><U103/><E103/><V21/><F117/><W8/><G8/><T18/><D35/><U105/><E105/><V107/><F22/><W93/><G93/><T50/><D50/><U27/><E13/><V96/><F96/><W65/><G109/><T9/><D33/><N who="1" m="20623" /><E132/><AGARI ba="0,0" hai="43,44,49,55,56,60,65,66,67,112,115,132,133,135" machi="132" ten="40,12000,1" yaku="20,1,34,3" doraHai="77" who="3" fromWho="1" sc="190,0,218,-120,249,0,343,120" owari="190,-21.0,98,-40.0,249,5.0,463,56.0" /></mjloggm>