<mjloggm ver="2.3"><GO type="233" lobby="0"/><UN n0="%E3%82%AD%E3%83%A9%E3%83%BC%E3%83%9E%E3%82%B8%E3%83%B3%E3%82%AC%E6%A7%98" n1="%65%69%6B%31" n2="%E3%82%A6%E3%83%AB%E3%83%88%E3%83%A9%E7%AB%8B%E7%9B%B4" n3="%74%61%6B%75%61%6B%61" dan="17,17,18,18" rate="2113.54,2151.48,2237.23,2211.88" sx="F,M,M,M"/><TAIKYOKU oya="0"/><INIT seed="0,0,0,4,1,81" ten="250,250,250,250" oya="0" hai0="90,111,42,14,39,107,2,61,116,65,63,102,67" hai1="91,124,27,43,120,129,98,113,4,56,13,34,122" hai2="100,97,106,87,41,1,72,88,69,22,6,48,115" hai3="66,112,28,30,109,126,44,134,118,17,94,130,37"/><T125/><D2/><U101/><E129/><V76/><F69/><W132/><G94/><T77/><D116/><U59/><E124/><V119/><F115/><W83/><G83/><T15/><D77/><U95/><E113/><V78/><F119/><W0/><G66/><T128/><D128/><U21/><E34/><V108/><F108/><W46/><G28/><T60/><D125/><U80/><E43/><V18/><F72/><W93/><G30/><T31/><D31/><U70/><E70/><V131/><F131/><W73/><G93/><T84/><D111/><U25/><E122/><V7/><F7/><W75/><G17/><T40/><D102/><U12/><E120/><V96/><F6/><W35/><G46/><T82/><D107/><U33/><E33/><V38/><F38/><W32/><G44/><T85/><D39/><U54/><E59/><V16/><F1/><W3/><G126/><T45/><D45/><U104/><E80/><N who="2" m="49255" /><F106/><W47/><G37/><T8/><D85/><U23/><E104/><V99/><F100/><W58/><G130/><T50/><D50/><N who="1" m="30807" /><E101/><V68/><F68/><W103/><G103/><T36/><D36/><U123/><E123/><V11/><F48/><W105/><G109/><T10/><D65/><U64/><E64/><V19/><F41/><N who="0" m="15978" /><D67/><U127/><E127/><V9/><F22/><W114/><G118/><T110/><D110/><U133/><E21/><V89/><F89/><W55/><G105/><T92/><D82/><U86/><E91/><V24/><F24/><W49/><G114/><T135/><D135/><U20/><E133/><RYUUKYOKU ba="0,0" sc="250,15,250,-15,250,15,250,-15" hai0="8,10,14,15,60,61,63,84,90,92" hai2="9,11,16,18,19,76,78,96,97,99" /><INIT seed="0,1,0,5,5,28" ten="265,235,265,235" oya="0" hai0="101,46,26,12,78,82,81,55,35,36,3,120,51" hai1="130,103,1,100,71,85,37,109,25,80,19,84,125" hai2="68,50,104,70,117,135,40,17,111,44,6,61,52" hai3="65,9,87,133,108,86,2,5,53,20,129,77,8"/><T121/><D3/><U4/><E71/><V41/><F104/><W18/><G108/><T126/><D126/><U124/><E37/><V89/><F6/><W33/><G129/><T24/><D101/><U69/><E69/><N who="2" m="26731" /><F17/><W132/><G65/><T64/><D64/><U16/><E109/><V76/><F89/><W39/><G39/><T49/><D36/><U67/><E67/><V107/><F76/><W105/><G105/><T0/><D0/><U29/><E130/><V118/><F107/><W106/><G106/><T62/><D62/><U73/><E73/><V122/><F111/><W95/><G53/><T102/><D102/><U123/><E123/><V128/><F128/><W94/><G5/><T115/><D115/><U116/><E116/><N who="2" m="44651" /><F122/><W66/><G66/><T45/><D12/><U127/><E100/><V32/><F32/><W57/><G77/><T63/><D78/><N who="1" m="46103" /><E85/><V72/><F72/><W113/><G86/><T60/><D55/><U56/><E103/><V54/><F135/><W98/><G2/><T42/><D42/><U15/><E1/><V38/><F38/><W99/><G132/><T58/><D58/><AGARI ba="1,0" hai="40,41,44,50,52,54,58,61" m="44651,26731" machi="58" ten="30,7700,0" yaku="12,1,34,2,54,1" doraHai="28" who="2" fromWho="0" sc="265,-80,235,0,265,80,235,0" /><INIT seed="1,0,0,5,1,94" ten="185,235,345,235" oya="1" hai0="17,54,47,60,14,21,20,108,6,63,39,100,34" hai1="70,112,98,101,78,19,83,41,73,25,28,24,126" hai2="76,113,116,31,55,29,81,0,7,4,66,114,104" hai3="74,99,85,75,133,120,102,15,125,2,80,49,11"/><U53/><E112/><N who="2" m="43115" /><F104/><W68/><G2/><T135/><D34/><U26/><E126/><V84/><F66/><W79/><G120/><T124/><D124/><U110/><E70/><V16/><F116/><W61/><G133/><T48/><D135/><U65/><E65/><V97/><F55/><W30/><G30/><N who="2" m="11273" /><F0/><W95/><G125/><T67/><D108/><U36/><E110/><V62/><F62/><W33/><G33/><T50/><D60/><U40/><E28/><V43/><F43/><W52/><G61/><T35/><D35/><U91/><E53/><V8/><F97/><W27/><G27/><T45/><D63/><U13/><E36/><V105/><F105/><W57/><REACH who="3" step="1"/><G68/><REACH who="3" ten="185,235,345,225" step="2"/><T5/><D14/><AGARI ba="0,1" hai="4,7,8,14,16,76,81,84" m="11273,43115" machi="14" ten="30,2000,0" yaku="11,1,54,1" doraHai="94" who="2" fromWho="0" sc="185,-20,235,0,345,30,225,0" /><INIT seed="2,0,0,2,4,120" ten="165,235,375,225" oya="2" hai0="58,21,131,59,48,37,98,50,18,61,41,114,57" hai1="43,40,24,11,20,89,82,108,47,70,86,33,46" hai2="68,100,56,36,26,45,0,129,66,67,111,101,76" hai3="128,44,105,28,87,14,117,63,73,121,9,16,102"/><V10/><F68/><W81/><G73/><T93/><D114/><U53/><E70/><V118/><F118/><W130/><G121/><T84/><D131/><N who="3" m="50217" /><G117/><T23/><D61/><U8/><E33/><V5/><F129/><W90/><G28/><T113/><D113/><U6/><E53/><V7/><F26/><W79/><G63/><T42/><D84/><U85/><E85/><V132/><F132/><W88/><G44/><N who="1" m="16938" /><E108/><V134/><F134/><W4/><G4/><T13/><D37/><U15/><E11/><V83/><F7/><W94/><G105/><T109/><D23/><U19/><AGARI ba="0,0" hai="6,8,15,19,20,24,40,43,82,86,89" m="16938" machi="19" ten="30,1100,0" yaku="8,1" doraHai="120" who="1" fromWho="1" sc="165,-3,235,11,375,-5,225,-3" /><INIT seed="3,0,0,5,5,47" ten="162,246,370,222" oya="3" hai0="52,131,71,30,25,121,11,9,46,80,28,79,62" hai1="72,120,18,39,1,87,77,44,29,53,130,94,88" hai2="26,85,122,101,113,64,59,91,34,57,4,51,124" hai3="78,6,67,135,98,69,117,100,61,66,60,68,7"/><W119/><G135/><T108/><D121/><U36/><E120/><V54/><F113/><W116/><REACH who="3" step="1"/><G78/><REACH who="3" ten="162,246,370,212" step="2"/><T63/><D79/><U56/><E77/><V90/><F122/><W107/><AGARI ba="0,1" hai="6,7,60,61,66,67,68,69,98,100,107,116,117,119" machi="107" ten="30,11700,0" yaku="1,1,2,1,0,1,9,1,53,0" doraHai="47" doraHaiUra="37" who="3" fromWho="3" sc="162,-39,246,-39,370,-39,212,127" /><INIT seed="3,1,0,0,2,115" ten="123,207,331,339" oya="3" hai0="62,31,74,58,107,69,28,91,99,52,83,119,47" hai1="21,109,88,7,128,15,72,134,19,29,68,130,117" hai2="131,127,40,60,13,59,87,38,75,84,45,110,48" hai3="95,32,26,108,61,55,133,1,90,104,121,16,65"/><W86/><G121/><T122/><D122/><U35/><E72/><V25/><F75/><W97/><G1/><T96/><D69/><U54/><E68/><V67/><F110/><W33/><G133/><T24/><D119/><U30/><E54/><V27/><F127/><W3/><G3/><T5/><D5/><U9/><E88/><V80/><F131/><N who="1" m="50217" /><E109/><V112/><F112/><W82/><G104/><T129/><D129/><U56/><E56/><V44/><F13/><W111/><G55/><T49/><D107/><U42/><E42/><V116/><F116/><W93/><G93/><T51/><D51/><U4/><E117/><V79/><F87/><W22/><G111/><T11/><D11/><U77/><E77/><V37/><F37/><W126/><G126/><T64/><D28/><N who="1" m="10859" /><E35/><V23/><F23/><W92/><G92/><T12/><D74/><U41/><E41/><AGARI ba="1,0" hai="25,27,38,40,41,44,45,48,59,60,67,79,80,84" machi="41" ten="30,1000,0" yaku="7,1" doraHai="115" who="2" fromWho="1" sc="123,0,207,-13,331,13,339,0" /><INIT seed="4,0,0,5,5,129" ten="123,194,344,339" oya="0" hai0="127,60,50,34,99,93,38,0,25,47,91,100,128" hai1="74,58,112,11,76,66,87,103,10,43,48,118,63" hai2="72,35,3,82,32,13,113,29,119,78,95,41,26" hai3="33,73,20,53,71,6,17,135,36,85,92,107,102"/><T104/><D0/><U39/><E118/><V61/><F3/><W59/><G71/><T52/><D128/><U77/><E74/><V80/><F113/><W40/><G33/><T122/><D127/><U86/><E39/><V18/><F119/><W89/><G73/><T81/><D122/><U16/><E103/><V14/><F35/><W12/><G107/><T55/><D38/><U23/><E112/><V124/><F124/><W21/><G102/><T49/><D60/><U121/><E121/><V133/><F133/><W109/><G135/><T117/><D117/><U70/><E70/><V67/><F41/><W28/><G6/><T123/><D123/><U65/><E65/><V116/><F116/><W56/><G56/><T88/><D81/><U79/><E43/><V96/><F18/><W125/><G109/><T2/><D2/><U54/><E48/><V7/><F7/><W131/><G131/><T115/><D115/><U132/><E66/><V64/><F82/><W24/><G125/><T98/><D91/><U44/><E44/><V68/><F67/><W30/><G40/><T120/><D120/><U111/><E111/><V94/><F94/><W4/><G4/><T27/><REACH who="0" step="1"/><D34/><REACH who="0" ten="113,194,344,339" step="2"/><U110/><E110/><V62/><F62/><N who="3" m="36207" /><G36/><T45/><AGARI ba="0,1" hai="25,27,45,47,49,50,52,55,88,93,98,99,100,104" machi="45" ten="20,18000,2" yaku="1,1,0,1,7,1,9,1,54,2,53,0" doraHai="129" doraHaiUra="83" who="0" fromWho="0" sc="113,190,194,-60,344,-60,339,-60" /><INIT seed="4,1,0,1,4,57" ten="303,134,284,279" oya="0" hai0="24,123,103,6,75,82,100,121,135,50,63,97,66" hai1="94,38,15,11,91,59,0,61,114,83,92,9,45" hai2="108,112,21,28,79,126,54,101,85,132,53,129,130" hai3="87,18,96,33,26,71,122,23,47,3,41,95,74"/><T62/><D135/><U14/><E0/><V98/><F108/><W93/><G74/><T111/><D111/><U120/><E120/><V17/><F28/><W90/><G3/><T88/><D75/><U118/><E118/><V117/><F132/><W56/><G122/><T73/><D73/><U109/><E109/><V68/><F68/><W20/><G71/><T48/><D121/><U39/><E83/><N who="2" m="47359" /><F112/><W72/><G72/><T30/><D123/><U49/><E114/><V32/><F32/><W10/><G33/><T52/><D6/><U119/><E119/><V113/><F113/><W25/><G56/><N who="0" m="37223" /><D24/><U40/><E39/><V2/><F126/><W81/><G10/><N who="1" m="3594" /><E38/><V42/><F42/><W19/><REACH who="3" step="1"/><G96/><REACH who="3" ten="303,134,284,269" step="2"/><T46/><D97/><N who="1" m="57503" /><E94/><V27/><F2/><W128/><G128/><N who="2" m="49257" /><F117/><W133/><G133/><T127/><D127/><U7/><E7/><V37/><F37/><AGARI ba="1,1" hai="18,19,20,23,25,26,37,41,47,81,87,90,93,95" machi="37" ten="30,3900,0" yaku="1,1,7,1,9,1,53,0" doraHai="57" doraHaiUra="8" who="3" fromWho="2" sc="303,0,134,0,284,-42,269,52" /><INIT seed="5,0,0,5,0,42" ten="303,134,242,321" oya="1" hai0="87,92,114,135,20,133,53,48,110,103,46,68,24" hai1="121,9,79,116,134,29,126,108,76,85,75,30,107" hai2="47,4,73,34,109,131,91,83,86,113,3,82,100" hai3="88,70,54,52,106,81,44,26,122,41,59,32,80"/><U119/><E121/><V39/><F34/><W67/><G106/><T111/><D68/><U19/><E107/><V2/><F109/><W57/><G70/><T25/><D114/><U12/><E75/><V33/><F33/><W6/><G67/><T84/><D25/><U94/><E108/><V23/><F100/><W22/><G32/><T50/><D50/><U31/><E134/><N who="0" m="51209" /><D87/><U60/><E126/><V35/><F35/><W28/><G6/><T128/><D128/><U74/><E74/><V130/><F23/><W63/><G88/><N who="0" m="53255" /><D103/><U15/><E60/><V96/><F96/><W11/><G11/><T101/><D101/><U90/><REACH who="1" step="1"/><E15/><REACH who="1" ten="303,124,242,321" step="2"/><V105/><F105/><W71/><G122/><T64/><D64/><U14/><E14/><V0/><F113/><W18/><G71/><T115/><D115/><U36/><E36/><V89/><F73/><W95/><G95/><T66/><D66/><U45/><E45/><V1/><F47/><W38/><G28/><AGARI ba="0,1" hai="20,24,28,46,48,53,110,111" m="53255,51209" machi="28" ten="30,3900,0" yaku="20,1,52,1,54,1" doraHai="42" who="0" fromWho="3" sc="303,49,124,0,242,0,321,-39" /><INIT seed="6,0,0,3,4,85" ten="352,124,242,282" oya="2" hai0="52,91,40,102,64,55,76,45,32,53,59,96,125" hai1="114,2,29,28,99,126,135,57,67,19,101,80,4" hai2="108,72,18,30,7,36,74,130,26,133,94,104,78" hai3="118,123,14,113,134,49,115,63,25,83,51,37,31"/><V119/><F104/><W69/><G123/><T92/><D32/><U73/><E114/><N who="3" m="43530" /><G118/><T20/><D125/><U100/><E126/><V97/><F119/><W90/><G37/><T120/><D120/><U98/><E4/><V21/><F130/><W27/><G14/><T34/><D34/><U124/><E124/><V10/><F36/><W62/><G134/><T5/><D76/><U58/><E80/><V13/><F133/><W15/><G15/><T110/><D110/><U16/><E135/><V1/><F78/><W84/><G25/><T41/><D5/><U107/><E67/><V95/><F95/><W117/><G117/><T75/><D75/><U61/><E73/><V103/><REACH who="2" step="1"/><F108/><REACH who="2" ten="352,124,232,282" step="2"/><W48/><G69/><T116/><D116/><U112/><E112/><V42/><F42/><W46/><G46/><T44/><D44/><U70/><E70/><V35/><AGARI ba="0,1" hai="1,7,10,13,18,21,26,30,35,72,74,94,97,103" machi="35" ten="20,12000,1" yaku="1,1,0,1,7,1,24,2,53,0" doraHai="85" doraHaiUra="109" who="2" fromWho="2" sc="352,-40,124,-40,232,130,282,-40" /><INIT seed="6,1,0,0,2,74" ten="312,84,362,242" oya="2" hai0="36,122,96,89,31,30,126,64,5,93,100,47,54" hai1="92,113,103,63,48,0,105,39,119,12,46,18,112" hai2="115,3,6,114,45,135,134,16,21,116,22,94,76" hai3="99,78,118,41,129,28,49,81,20,120,51,26,87"/><V61/><F116/><W15/><G120/><T98/><D122/><U62/><E0/><V27/><F45/><W101/><G129/><T43/><D126/><U53/><E105/><V125/><F125/><W35/><G118/><T117/><D117/><U33/><E33/><V66/><F94/><W75/><G75/><T83/><D64/><U123/><E123/><V85/><F6/><W13/><G35/><T127/><D127/><U79/><E119/><V69/><F22/><W131/><G131/><T107/><D5/><U42/><E92/><V60/><F60/><W50/><REACH who="3" step="1"/><G41/><REACH who="3" ten="312,84,362,232" step="2"/><T111/><D111/><U14/><E103/><V56/><F135/><W77/><G77/><T19/><D19/><U37/><E79/><V58/><F16/><W84/><G84/><T110/><D110/><U70/><E18/><V52/><F85/><W124/><G124/><T73/><D73/><U10/><E10/><V108/><F76/><W90/><G90/><T29/><D29/><U132/><E132/><V128/><F134/><W44/><G44/><T38/><D30/><U23/><E23/><V68/><F21/><W4/><G4/><T88/><D31/><U133/><E133/><V109/><F128/><W91/><G91/><N who="0" m="55359" /><D43/><U106/><E106/><AGARI ba="1,1" hai="13,15,20,26,28,49,50,51,78,81,87,99,101,106" machi="106" ten="40,2600,0" yaku="1,1,52,1,53,0" doraHai="74" doraHaiUra="34" who="3" fromWho="1" sc="312,0,84,-29,362,0,232,39" /><INIT seed="7,0,0,3,5,128" ten="312,55,362,271" oya="3" hai0="73,111,113,97,134,125,109,83,116,76,0,35,25" hai1="53,40,91,56,10,127,13,74,38,89,122,130,46" hai2="88,65,21,55,84,92,49,24,99,5,64,39,82" hai3="36,102,30,57,33,106,72,59,75,52,114,28,26"/><W126/><G36/><T95/><D0/><U121/><E130/><V60/><F60/><W90/><G114/><T58/><D58/><U87/><E74/><V85/><F5/><W86/><G126/><T94/><D25/><U120/><E13/><V34/><F34/><W104/><G59/><T20/><D20/><U9/><E87/><N who="2" m="33355" /><F82/><W67/><G67/><T22/><D22/><U77/><E77/><V48/><F39/><W63/><G28/><T66/><D66/><N who="2" m="25706" /><F55/><W110/><G110/><N who="0" m="41995" /><D35/><U62/><E9/><V81/><F81/><W51/><G63/><T3/><D3/><U32/><E10/><V69/><F69/><W71/><G71/><T54/><D54/><U11/><E11/><V37/><F37/><W41/><G41/><T118/><D125/><U98/><E32/><V78/><F78/><W107/><REACH who="3" step="1"/><G102/><REACH who="3" ten="312,55,362,261" step="2"/><N who="0" m="60727" /><D113/><U96/><E127/><V7/><F7/><W119/><G119/><N who="0" m="45611" /><D95/><AGARI ba="0,1" hai="26,30,33,51,52,57,72,75,86,90,95,104,106,107" machi="95" ten="40,7700,0" yaku="1,1,54,1,53,1" doraHai="128" doraHaiUra="50" who="3" fromWho="0" sc="312,-77,55,0,362,0,261,87" /><INIT seed="7,1,0,0,5,103" ten="235,55,362,348" oya="3" hai0="48,6,120,57,49,99,78,111,123,10,75,12,29" hai1="83,87,40,108,69,91,77,94,118,76,0,41,117" hai2="131,65,92,116,22,113,33,81,63,128,107,13,106" hai3="64,66,24,102,90,15,67,126,39,53,37,84,56"/><W97/><G126/><T44/><D111/><U4/><E69/><V121/><F33/><W30/><G15/><T51/><D29/><U27/><E27/><V129/><F113/><W45/><G45/><T38/><D99/><U8/><E41/><V98/><F81/><W73/><G73/><T127/><D127/><U59/><E59/><N who="2" m="37119" /><F116/><W71/><G71/><T100/><D100/><U3/><E3/><V32/><F32/><W101/><G37/><T132/><D132/><U119/><E40/><V55/><F55/><W58/><G39/><T46/><D57/><N who="3" m="22121" /><G53/><T14/><D38/><U135/><E8/><V1/><F1/><W96/><G101/><T42/><D12/><U88/><E4/><V60/><F60/><W18/><G30/><T54/><D51/><U85/><E0/><V110/><F110/><W28/><G28/><T36/><D36/><U43/><E43/><V105/><F121/><W62/><G62/><T72/><D72/><U17/><E17/><N who="2" m="10543" /><F107/><W34/><G34/><T115/><D115/><U89/><E108/><V16/><F16/><W130/><G130/><T31/><D31/><U134/><E89/><AGARI ba="1,0" hai="89,92,98,105,106,128,129,131" m="10543,37119" machi="89" ten="30,3900,0" yaku="19,1,52,2" doraHai="103" who="2" fromWho="1" sc="235,0,55,-42,362,42,348,0" owari="235,-16.0,13,-49.0,404,50.0,348,15.0" /></mjloggm>