<mjloggm ver="2.3"><GO type="225" lobby="0"/><UN n0="%6C%65%74%69%74%62%65" n1="%E3%83%AF%E3%82%A4%E3%83%AB%E3%83%89" n2="%E3%82%A6%E3%83%AB%E3%83%88%E3%83%A9%E7%AB%8B%E7%9B%B4" n3="%48%69%74%6C%65%72" dan="17,17,17,17" rate="2182.47,2197.01,2111.55,2227.00" sx="F,M,M,M"/><TAIKYOKU oya="0"/><INIT seed="0,0,0,2,3,107" ten="250,250,250,250" oya="0" hai0="59,25,97,45,101,111,74,16,80,113,112,87,58" hai1="125,65,93,110,98,118,52,1,78,63,48,12,53" hai2="94,67,95,60,130,85,0,23,88,81,134,105,99" hai3="90,123,32,127,70,17,14,46,106,104,57,86,26"/><T131/><D131/><U120/><E1/><V35/><F35/><W50/><G70/><T8/><D74/><U33/><E33/><V28/><F0/><W92/><G127/><T126/><D126/><U36/><E36/><V129/><F134/><W89/><G123/><T83/><D45/><U29/><E120/><V18/><F105/><W114/><G114/><T117/><D117/><U100/><E118/><V49/><F49/><W128/><G128/><N who="2" m="49257" /><F28/><W51/><G51/><T122/><D122/><U20/><E125/><V82/><F82/><W79/><G79/><T22/><D8/><U44/><E110/><V41/><F41/><W133/><G133/><T21/><D111/><U66/><E78/><V108/><F99/><W91/><G57/><T15/><D83/><U38/><E38/><V9/><F9/><W124/><G124/><T27/><D112/><U121/><E121/><V24/><F108/><W4/><G106/><T2/><D2/><U69/><E69/><AGARI ba="0,0" hai="18,23,24,60,67,69,81,85,88,94,95" m="49257" machi="69" ten="30,2000,0" yaku="19,1,54,1" doraHai="107" who="2" fromWho="1" sc="250,0,250,-20,250,20,250,0" /><INIT seed="1,0,0,4,5,51" ten="250,230,270,250" oya="1" hai0="101,82,102,55,13,109,33,128,114,14,10,64,108" hai1="20,129,8,113,62,22,133,19,18,95,78,107,97" hai2="135,121,112,123,31,72,54,81,46,70,89,111,125" hai3="16,43,52,90,34,7,27,73,76,86,110,11,98"/><U127/><E113/><V44/><F112/><W130/><G73/><T94/><D114/><U65/><E107/><V9/><F70/><W4/><G110/><T68/><D33/><U3/><E133/><V48/><F135/><W25/><G34/><T0/><D128/><U37/><E37/><V38/><F125/><W77/><G130/><T67/><D82/><U69/><E129/><V80/><F111/><N who="0" m="42570" /><D0/><U93/><E127/><V28/><F81/><W103/><G43/><T63/><D67/><U47/><E47/><V50/><F38/><W15/><G98/><T2/><D2/><U36/><E36/><V1/><F123/><W60/><G103/><T74/><D74/><U42/><E42/><V119/><F119/><W105/><G105/><T126/><D126/><U57/><E78/><N who="3" m="30314" /><G7/><T5/><D94/><U49/><E93/><V117/><F72/><W24/><G4/><T104/><D104/><U30/><E3/><V106/><F106/><W124/><G124/><T132/><D132/><U17/><E8/><V39/><F39/><W45/><G45/><T87/><D87/><U12/><E69/><V75/><F121/><W100/><G100/><N who="0" m="38507" /><D5/><U83/><E83/><V91/><F75/><W53/><G60/><N who="0" m="39943" /><D10/><U120/><E120/><V29/><F80/><AGARI ba="0,0" hai="11,15,16,24,25,27,52,53,80,86,90" m="30314" machi="80" ten="30,8000,1" yaku="8,1,52,2,54,2" doraHai="51" who="3" fromWho="2" sc="250,0,230,0,270,-80,250,80" /><INIT seed="2,0,0,1,2,8" ten="250,230,190,330" oya="2" hai0="61,121,86,108,88,122,81,114,85,68,127,18,21" hai1="62,103,118,76,75,15,25,99,104,66,26,39,47" hai2="132,65,50,0,101,113,55,74,32,73,90,9,89" hai3="105,82,45,131,124,123,20,33,60,71,112,116,83"/><V94/><F32/><W23/><G33/><T34/><D34/><U5/><E118/><V53/><F113/><W22/><G105/><T126/><D114/><U46/><E76/><V64/><F132/><W3/><G3/><T72/><D72/><U128/><E75/><V125/><F125/><N who="0" m="47626" /><D108/><U110/><E128/><V100/><F9/><W97/><G23/><T79/><D61/><U31/><E110/><V1/><F50/><W93/><G83/><N who="0" m="49247" /><D68/><U41/><E46/><V117/><REACH who="2" step="1"/><F94/><REACH who="2" ten="250,230,180,330" step="2"/><W107/><G93/><T44/><D44/><U134/><E134/><V56/><F56/><W48/><G45/><T84/><D84/><U130/><E130/><V16/><F16/><W109/><G131/><T51/><D51/><U11/><E31/><V92/><F92/><W115/><G48/><T102/><D102/><U67/><E67/><V52/><F52/><W40/><G124/><T35/><D35/><U80/><E80/><V59/><F59/><AGARI ba="0,1" hai="5,11,15,25,26,39,41,47,59,62,66,99,103,104" machi="59" ten="30,2000,0" yaku="7,1,52,1" doraHai="8" who="1" fromWho="2" sc="250,0,230,30,180,-20,330,0" /><INIT seed="3,0,0,4,4,56" ten="250,260,160,330" oya="3" hai0="131,104,23,61,122,101,36,121,91,110,130,22,120" hai1="90,116,55,5,60,50,46,41,27,30,33,26,38" hai2="129,52,49,109,76,18,81,135,1,70,111,62,45" hai3="39,43,132,67,89,97,0,58,102,114,66,72,83"/><W54/><G114/><T77/><D36/><U98/><E116/><V75/><F1/><W44/><G0/><T6/><D6/><U19/><E5/><V128/><F18/><W9/><G9/><T64/><D77/><U74/><E74/><V92/><F92/><W57/><G57/><N who="0" m="36911" /><D110/><N who="2" m="41994" /><F81/><W113/><G132/><T95/><D101/><U53/><E19/><V69/><F76/><W94/><G113/><T4/><D104/><U10/><E10/><V32/><F75/><W12/><G12/><T118/><D118/><U84/><E98/><V48/><F32/><W47/><G47/><T107/><D107/><U93/><E26/><V106/><F106/><W117/><G117/><T96/><D4/><U126/><E126/><V51/><F135/><W85/><G72/><T2/><D2/><U100/><E100/><V99/><F99/><W86/><G86/><T21/><D21/><U119/><E119/><V105/><F105/><W40/><G40/><T59/><D22/><U42/><E38/><V16/><F16/><W82/><G82/><T115/><D23/><U35/><E35/><V112/><F112/><W24/><G24/><T134/><D115/><U37/><E37/><V25/><F25/><W124/><G39/><T80/><D134/><U103/><E103/><V63/><F45/><W133/><G44/><T65/><D80/><U78/><E78/><V125/><F125/><W34/><G83/><T71/><D96/><U29/><E29/><V68/><F52/><W73/><G54/><T123/><D95/><U14/><E14/><V17/><F17/><W11/><G124/><RYUUKYOKU ba="0,0" sc="250,-15,260,15,160,15,330,-15" hai1="27,30,33,41,42,46,50,53,55,60,84,90,93" hai2="48,49,51,62,63,68,69,70,128,129" owari="235,-16.0,275,8.0,175,-32.0,315,40.0" /></mjloggm>