<mjloggm ver="2.3"><GO type="169" lobby="0"/><UN n0="%E3%82%A6%E3%83%AB%E3%83%88%E3%83%A9%E7%AB%8B%E7%9B%B4" n1="%E3%82%AF%E3%83%AD%E3%83%8E%E3%82%B9%40" n2="%E7%A5%9E%E6%A5%BD%E5%9D%82%E3%82%86%E3%81%8B" n3="%E3%81%99%E3%81%BF%E3%82%84%E3%81%AB" dan="18,16,16,17" rate="2227.14,2173.07,2052.48,2198.19" sx="M,M,M,M"/><TAIKYOKU oya="0"/><INIT seed="0,0,0,0,5,59" ten="250,250,250,250" oya="0" hai0="4,67,71,7,92,49,5,77,39,74,94,6,61" hai1="44,25,133,41,99,28,112,127,29,107,40,110,128" hai2="90,134,100,83,23,19,109,27,12,118,108,80,75" hai3="103,66,33,60,15,79,106,52,14,22,88,76,129"/><T18/><D39/><U35/><E110/><N who="2" m="42603" /><F134/><W30/><G33/><T101/><N who="0" m="1024" /><DORA hai="91" /><T46/><D101/><U13/><E13/><N who="3" m="4618" /><G106/><T34/><D34/><U123/><E123/><V37/><F37/><W70/><G70/><T48/><D18/><U97/><E127/><V65/><F75/><W68/><G68/><T102/><D102/><U64/><E29/><V17/><F100/><W87/><G66/><T24/><D24/><U119/><E64/><V21/><F118/><W104/><G129/><T126/><D126/><U116/><E128/><V95/><F65/><W50/><G104/><T121/><D121/><U45/><E107/><V32/><F32/><W85/><G85/><AGARI ba="0,0" hai="12,17,19,21,23,27,80,83,85,90,95" m="42603" machi="85" ten="30,2000,0" yaku="14,1,52,1" doraHai="59,91" who="2" fromWho="3" sc="250,0,250,0,250,20,250,-20" /><INIT seed="1,0,0,1,5,72" ten="250,250,270,230" oya="1" hai0="112,79,75,78,25,24,125,28,51,133,119,17,37" hai1="120,111,33,107,99,123,89,117,49,23,3,70,61" hai2="94,56,57,35,18,59,34,116,7,124,15,10,39" hai3="103,21,55,2,77,12,97,82,27,19,20,87,58"/><U52/><E117/><V0/><F116/><W90/><G2/><T64/><D37/><U127/><E3/><V30/><F124/><W73/><G73/><T114/><D75/><U113/><E113/><V92/><F39/><W108/><G108/><T4/><D119/><U31/><E127/><V26/><REACH who="2" step="1"/><F35/><REACH who="2" ten="250,250,260,230" step="2"/><W66/><G66/><T5/><D64/><N who="1" m="41231" /><E111/><V42/><F42/><W106/><G90/><T44/><D125/><U9/><E89/><V83/><F83/><W1/><G1/><T95/><D114/><U63/><E123/><V100/><F100/><W105/><G103/><T80/><D80/><U128/><E33/><V96/><F96/><W132/><G97/><T71/><D112/><U50/><E99/><V48/><F48/><W122/><G122/><T62/><D51/><U135/><E50/><V74/><F74/><W38/><G38/><T60/><D60/><U101/><E49/><V104/><F104/><W130/><G130/><T81/><D62/><U67/><E128/><V16/><F16/><W46/><G106/><T14/><D81/><U129/><E129/><V53/><F53/><W91/><G105/><T110/><D17/><U86/><E52/><V84/><F84/><W98/><G98/><T40/><D40/><U45/><E86/><V22/><AGARI ba="0,1" hai="0,7,10,15,18,22,26,30,34,56,57,59,92,94" machi="22" ten="30,8000,1" yaku="1,1,0,1,24,2,53,1" doraHai="72" doraHaiUra="29" who="2" fromWho="2" sc="250,-20,250,-40,260,90,230,-20" /><INIT seed="2,0,0,1,4,73" ten="230,210,350,210" oya="2" hai0="38,61,108,3,63,80,81,37,134,86,0,130,19" hai1="34,5,16,91,1,120,128,66,96,121,122,39,59" hai2="31,11,119,70,116,40,22,129,41,95,26,55,75" hai3="36,23,115,54,123,125,44,51,4,32,132,45,106"/><V118/><F75/><W28/><G123/><T47/><D86/><U112/><E112/><V30/><F70/><W83/><G106/><T62/><D47/><U89/><E39/><V64/><F64/><W133/><G32/><T35/><D19/><U57/><E34/><V93/><F129/><W114/><G4/><T131/><D35/><U84/><E128/><N who="0" m="49193" /><D108/><U8/><E96/><V76/><F31/><W25/><G83/><N who="0" m="31819" /><D134/><N who="3" m="51817" /><G125/><T6/><D6/><U98/><E98/><V17/><F76/><W43/><AGARI ba="0,0" hai="23,25,28,36,43,44,45,51,54,114,115" m="51817" machi="43" ten="30,1100,0" yaku="20,1" doraHai="73" who="3" fromWho="3" sc="230,-3,210,-3,350,-5,210,11" /><INIT seed="3,0,0,2,1,22" ten="227,207,345,221" oya="3" hai0="86,34,43,106,134,30,71,74,16,131,61,69,80" hai1="46,54,15,102,38,90,68,133,44,111,85,39,62" hai2="115,21,13,129,47,9,12,10,93,120,103,89,132" hai3="108,110,126,65,124,51,92,29,101,4,23,1,17"/><W122/><G122/><T40/><D74/><U49/><E111/><N who="3" m="42538" /><G65/><T95/><D106/><U72/><E133/><V118/><F115/><W27/><G51/><T24/><D131/><U0/><E0/><V112/><F112/><W66/><G66/><T104/><D104/><U94/><E72/><V73/><F120/><W52/><G52/><T35/><D95/><U84/><E102/><V63/><F132/><W75/><G75/><T28/><D61/><U116/><E116/><V114/><F73/><W58/><G58/><T56/><D56/><U7/><E68/><V119/><F47/><W11/><G92/><T33/><D134/><U37/><E62/><V59/><F129/><W77/><G77/><T5/><D43/><U48/><E85/><V96/><F114/><W67/><G67/><T125/><D86/><U36/><N who="1" m="9728" /><DORA hai="76" /><U26/><E49/><V113/><F113/><W127/><G101/><T3/><D40/><U50/><E48/><V99/><F119/><W107/><G107/><T60/><D60/><U64/><E64/><N who="2" m="39039" /><F118/><W100/><G100/><T109/><D71/><U87/><E44/><V123/><F123/><W57/><G57/><T31/><D69/><U88/><E46/><V78/><F78/><W117/><G117/><T45/><D45/><U6/><E50/><V8/><F21/><W82/><G82/><T130/><D80/><U91/><E94/><AGARI ba="0,0" hai="8,9,10,12,13,89,93,94,96,99,103" m="39039" machi="94" ten="30,1000,0" yaku="8,1" doraHai="22,76" who="2" fromWho="1" sc="227,0,207,-10,345,10,221,0" /><INIT seed="4,0,0,2,4,43" ten="227,197,355,221" oya="0" hai0="94,61,64,46,19,60,78,57,27,99,42,91,39" hai1="9,76,29,80,120,53,24,114,129,117,65,20,132" hai2="113,130,63,134,25,93,18,55,100,23,77,85,47" hai3="81,101,34,7,83,33,74,109,51,127,112,14,68"/><T35/><D78/><U116/><E120/><V115/><F134/><W52/><G112/><N who="2" m="43081" /><F130/><W102/><G109/><T96/><D61/><U118/><E114/><V45/><F100/><W41/><G68/><T73/><D73/><U58/><E129/><V21/><F21/><W66/><G66/><T31/><REACH who="0" step="1"/><D19/><REACH who="0" ten="217,197,355,221" step="2"/><U22/><E132/><V92/><F77/><W135/><G74/><T72/><D72/><U2/><E118/><V3/><F85/><AGARI ba="0,1" hai="27,31,35,39,42,46,57,60,64,85,91,94,96,99" machi="85" ten="30,5800,0" yaku="1,1,7,1,52,1,53,0" doraHai="43" doraHaiUra="111" who="0" fromWho="2" sc="217,68,197,0,355,-58,221,0" /><INIT seed="4,1,0,3,2,53" ten="285,197,297,221" oya="0" hai0="57,15,41,25,130,13,122,37,45,80,117,85,47" hai1="46,56,87,54,114,30,107,51,75,98,20,69,100" hai2="101,92,50,40,95,116,17,125,10,33,123,7,105" hai3="131,62,0,86,124,38,39,108,83,118,93,103,24"/><T70/><D70/><U106/><E75/><V129/><F123/><W74/><G0/><T21/><D117/><U60/><E69/><V23/><F129/><W4/><G4/><T115/><D115/><U89/><E114/><V49/><F125/><W31/><G108/><T16/><D122/><U59/><E106/><V91/><F116/><W126/><G118/><T18/><D130/><U26/><REACH who="1" step="1"/><E60/><REACH who="1" ten="285,187,297,221" step="2"/><V42/><F105/><W27/><G74/><T104/><D104/><U135/><E135/><V112/><F112/><W82/><G62/><T32/><D37/><U61/><E61/><V43/><F50/><W121/><G131/><T119/><D119/><U73/><E73/><V3/><F49/><W63/><G63/><T8/><D41/><U58/><E58/><V36/><F36/><W84/><G121/><T44/><D57/><U76/><E76/><V102/><F43/><W11/><G126/><T66/><D66/><U14/><E14/><V77/><F42/><W22/><G124/><T28/><D47/><U35/><E35/><V19/><F77/><AGARI ba="1,1" hai="8,13,15,16,18,21,25,28,32,44,45,77,80,85" machi="77" ten="30,2900,0" yaku="7,1,54,1" doraHai="53" who="0" fromWho="2" sc="285,42,187,0,297,-32,221,0" /><INIT seed="4,2,0,3,1,12" ten="327,187,265,221" oya="0" hai0="126,16,18,36,33,55,3,50,14,25,70,66,103" hai1="87,38,9,92,51,5,48,81,32,41,94,125,135" hai2="15,116,40,45,108,111,84,80,132,128,22,123,8" hai3="124,59,26,24,56,104,47,96,52,65,23,112,63"/><T95/><D3/><U88/><E32/><V4/><F123/><W57/><G112/><T30/><D36/><U71/><E71/><V19/><F116/><W130/><G124/><T114/><D126/><U77/><E125/><V117/><F128/><W131/><G47/><T79/><D79/><U85/><E135/><V49/><F132/><W58/><G65/><T93/><D114/><U43/><E94/><V102/><F102/><N who="3" m="62535" /><G23/><N who="0" m="13543" /><D33/><U98/><E87/><V62/><F62/><W72/><G72/><T118/><D70/><U13/><REACH who="1" step="1"/><E38/><REACH who="1" ten="327,177,265,221" step="2"/><V107/><F107/><W74/><G74/><T82/><D95/><U28/><E28/><V44/><F117/><W37/><G37/><T110/><D30/><U83/><E83/><V35/><F35/><W67/><G67/><T34/><D66/><U133/><E133/><V113/><F113/><W119/><G119/><T31/><D31/><U91/><E91/><V97/><F97/><W121/><G121/><T6/><D34/><U78/><E78/><V21/><F108/><W120/><G120/><T46/><D110/><U60/><E60/><V42/><F111/><W10/><G131/><T54/><D82/><U90/><E90/><V127/><F127/><W53/><G130/><T109/><D109/><U29/><E29/><V100/><F100/><W122/><G122/><T39/><D39/><U1/><E1/><V106/><F106/><W86/><G86/><T101/><D118/><U7/><E7/><V69/><F4/><W17/><G63/><T27/><D93/><U99/><E99/><V0/><F0/><W64/><G64/><RYUUKYOKU ba="2,1" sc="327,-10,177,30,265,-10,221,-10" hai1="5,9,13,41,43,48,51,77,81,85,88,92,98" /><INIT seed="5,3,1,1,1,117" ten="317,207,255,211" oya="1" hai0="38,34,65,63,98,58,44,8,115,43,91,90,132" hai1="20,96,86,0,94,21,23,79,4,32,45,76,9" hai2="39,80,29,62,124,59,73,116,113,128,104,70,11" hai3="107,68,131,12,99,71,92,24,84,36,75,120,69"/><U41/><E32/><V97/><F116/><W103/><G36/><T31/><D115/><U55/><E55/><V108/><F108/><W72/><G131/><T2/><D132/><U112/><E112/><V57/><F128/><W50/><G50/><T3/><D31/><U105/><E105/><V66/><F124/><W100/><G100/><T18/><D34/><U93/><E86/><V27/><F39/><W89/><G24/><T51/><D38/><U81/><E81/><V122/><F122/><W61/><G120/><T40/><D3/><U54/><E54/><V49/><F49/><W17/><REACH who="3" step="1"/><G61/><REACH who="3" ten="317,207,255,201" step="2"/><T53/><D51/><U118/><E118/><V48/><F48/><W19/><G19/><T47/><D18/><U127/><E127/><V101/><F113/><W82/><G82/><T87/><D63/><U15/><E45/><V133/><F133/><W52/><G52/><T10/><D53/><U5/><E41/><V14/><F80/><W135/><G135/><T22/><D47/><U95/><REACH who="1" step="1"/><E96/><REACH who="1" ten="317,197,255,201" step="2"/><V37/><F97/><W16/><G16/><T111/><D98/><U121/><E121/><V6/><F62/><W56/><G56/><T67/><D58/><U74/><E74/><V26/><F59/><W88/><G88/><T125/><D44/><U46/><E46/><V129/><F57/><W119/><G119/><T28/><D91/><U25/><E25/><V114/><F27/><W42/><G42/><T35/><D90/><U33/><E33/><V83/><F26/><W85/><G85/><T64/><D87/><U30/><E30/><V60/><F29/><RYUUKYOKU ba="3,3" sc="317,-15,197,15,255,-15,201,15" hai1="0,4,5,9,15,20,21,23,76,79,93,94,95" hai3="12,17,68,69,71,72,75,84,89,92,99,103,107" /><INIT seed="5,4,3,3,2,106" ten="302,212,240,216" oya="1" hai0="40,64,101,90,51,24,93,33,85,123,25,82,57" hai1="114,67,135,83,111,12,131,16,70,133,62,56,47" hai2="75,19,44,108,42,126,91,69,50,2,78,53,37" hai3="17,130,29,79,6,81,77,120,3,34,122,99,119"/><U102/><E114/><V63/><F108/><W31/><G130/><T94/><D33/><U5/><E131/><V60/><F126/><W113/><G113/><T4/><D4/><U39/><E111/><V80/><F91/><W1/><G17/><T88/><D101/><U48/><E102/><V36/><F36/><W43/><G99/><N who="0" m="57767" /><D123/><U97/><E97/><V9/><F69/><W55/><G55/><T68/><D68/><U105/><E83/><V10/><F10/><W109/><G79/><T103/><D64/><U65/><E105/><V32/><F32/><W98/><G98/><N who="0" m="59863" /><D57/><U87/><E87/><V35/><F35/><W7/><G43/><T121/><D121/><U95/><E95/><V96/><F96/><W104/><G34/><T116/><D116/><U8/><E67/><V115/><F115/><W45/><G109/><T21/><D21/><U125/><E125/><V86/><F86/><W27/><G104/><T110/><D110/><U58/><E39/><V49/><F49/><W134/><G77/><T61/><D61/><U72/><E72/><V128/><F128/><W73/><G119/><T14/><D14/><U54/><REACH who="1" step="1"/><E5/><REACH who="1" ten="302,202,240,216" step="2"/><N who="2" m="1207" /><F19/><W46/><G122/><T129/><D129/><U18/><E18/><V132/><F132/><AGARI ba="4,4" hai="8,12,16,47,48,54,56,58,62,65,70,132,133,135" machi="132" ten="40,7700,0" yaku="1,1,20,1,54,1,53,0" doraHai="106" doraHaiUra="26" who="1" fromWho="2" sc="302,0,202,129,240,-89,216,0" /><INIT seed="5,5,0,0,5,41" ten="302,331,151,216" oya="1" hai0="81,2,111,47,3,67,126,0,49,127,132,84,16" hai1="76,86,129,65,74,25,61,37,23,52,98,6,32" hai2="130,42,109,45,94,40,27,56,71,50,73,118,68" hai3="4,95,82,55,62,17,39,133,28,20,38,13,93"/><U21/><E74/><V57/><F73/><W103/><G133/><T112/><D67/><U69/><E129/><V110/><F130/><W63/><G39/><T100/><D100/><U131/><E131/><V10/><F10/><W34/><G38/><T44/><D111/><N who="2" m="42506" /><F27/><W128/><G128/><T66/><D66/><U102/><E6/><V77/><F77/><W19/><G4/><T135/><D16/><U48/><E37/><V105/><F94/><W12/><G34/><T124/><D112/><U54/><E86/><V99/><F105/><W9/><G28/><T35/><D35/><U46/><E54/><N who="2" m="30031" /><F99/><N who="3" m="59887" /><G55/><T119/><D49/><U107/><E76/><V91/><F91/><W101/><G82/><T90/><D119/><U92/><E92/><V24/><F24/><W15/><G15/><T60/><D60/><U8/><E8/><V22/><F22/><W53/><G53/><T7/><D7/><U113/><E113/><V30/><F30/><AGARI ba="5,0" hai="21,23,25,30,32,46,48,52,61,65,69,98,102,107" machi="30" ten="40,12000,1" yaku="25,2,52,1,54,1" doraHai="41" who="1" fromWho="2" sc="302,0,331,135,151,-135,216,0" /><INIT seed="5,6,0,3,2,58" ten="302,466,16,216" oya="1" hai0="12,81,20,79,60,115,15,134,93,53,59,63,89" hai1="71,75,107,108,131,116,124,8,67,114,133,41,47" hai2="78,103,24,5,22,36,68,109,7,14,50,3,94" hai3="129,42,70,52,11,6,31,119,25,88,55,83,65"/><U56/><RYUUKYOKU type="yao9" ba="6,0" sc="302,0,466,0,16,0,216,0" hai1="8,41,47,56,67,71,75,107,108,114,116,124,131,133" /><INIT seed="5,7,0,5,3,135" ten="302,466,16,216" oya="1" hai0="131,57,34,18,8,2,17,45,81,50,27,29,113" hai1="85,91,28,16,13,26,53,102,69,114,95,10,23" hai2="112,116,54,33,78,123,73,46,56,101,36,63,48" hai3="71,7,129,35,74,12,120,14,118,60,5,108,84"/><U37/><E69/><V75/><F116/><W130/><G74/><T92/><D57/><U24/><E114/><V22/><F33/><W96/><G96/><T65/><D65/><U106/><E37/><V93/><F123/><W79/><G84/><T38/><D92/><U66/><E66/><V32/><F32/><W105/><G79/><T127/><D50/><U94/><E106/><V109/><F109/><W83/><G83/><T19/><D45/><U4/><E53/><V25/><F112/><W104/><G60/><T15/><D38/><U39/><E39/><V98/><F36/><W133/><G71/><T21/><D81/><U76/><E76/><V77/><F75/><W115/><G105/><T62/><D62/><U121/><E121/><V41/><REACH who="2" step="1"/><F73/><REACH who="2" ten="302,466,6,216" step="2"/><W125/><G115/><T0/><D113/><U107/><E107/><V99/><F99/><W124/><G104/><T90/><D131/><U132/><E132/><V3/><F3/><W40/><G133/><T119/><D119/><U64/><E64/><V30/><AGARI ba="7,1" hai="22,25,30,41,46,48,54,56,63,77,78,93,98,101" machi="30" ten="20,8000,1" yaku="1,1,0,1,7,1,8,1,53,1" doraHai="135" doraHaiUra="89" who="2" fromWho="2" sc="302,-27,466,-47,6,111,216,-27" /><INIT seed="6,0,0,0,0,63" ten="275,419,117,189" oya="2" hai0="73,6,97,69,124,77,128,23,46,102,111,84,24" hai1="56,25,135,132,100,16,28,40,21,133,43,42,123" hai2="27,122,1,94,119,12,41,116,93,3,29,59,37" hai3="2,108,125,51,50,65,113,5,74,52,76,68,18"/><V75/><F122/><W86/><G74/><T39/><D69/><U7/><E123/><V13/><F75/><W127/><G108/><T11/><D111/><U89/><E100/><V17/><F59/><W114/><G5/><T88/><D124/><N who="3" m="47689" /><G2/><N who="2" m="521" /><F41/><W14/><G86/><T30/><D77/><U9/><E89/><V110/><F37/><W126/><G76/><T55/><D39/><U99/><E99/><V112/><F110/><W129/><G51/><T81/><D73/><U70/><E70/><V67/><F67/><W0/><G0/><T92/><D81/><U78/><E78/><V35/><F112/><W54/><G126/><T120/><D84/><U53/><E7/><V10/><F93/><W72/><G72/><T31/><D92/><U4/><E4/><N who="2" m="3143" /><F94/><W71/><G54/><T19/><D55/><U82/><E82/><V107/><F107/><W22/><G129/><T60/><D128/><U44/><E44/><V85/><F85/><W118/><G118/><T36/><D46/><U61/><E43/><V91/><F91/><W62/><G71/><T83/><D88/><U15/><AGARI ba="0,0" hai="9,15,16,21,25,28,40,42,53,56,61,132,133,135" machi="15" ten="40,5200,0" yaku="0,1,20,1,54,1" doraHai="63" who="1" fromWho="1" sc="275,-13,419,52,117,-26,189,-13" /><INIT seed="7,0,0,2,1,98" ten="262,471,91,176" oya="3" hai0="111,127,57,59,102,118,87,135,12,66,34,86,37" hai1="11,13,63,79,52,31,54,90,130,107,47,92,114" hai2="76,61,20,64,93,131,10,29,69,120,48,84,119" hai3="73,22,122,16,38,35,106,49,46,116,103,56,33"/><W75/><G122/><T1/><D12/><U3/><E114/><V100/><F131/><W4/><G116/><T121/><D66/><U126/><E130/><V78/><F120/><W95/><G106/><T6/><D6/><U70/><E126/><V91/><F119/><W82/><G4/><T72/><D59/><U129/><E107/><V115/><F115/><W30/><G38/><T0/><D57/><U88/><E79/><V117/><F117/><W50/><G82/><T77/><D87/><U32/><E90/><V128/><F128/><W71/><G71/><T110/><D86/><U89/><E88/><V65/><F65/><W26/><G35/><T133/><D77/><U39/><E3/><V81/><F48/><W40/><G56/><T18/><D34/><U43/><E129/><V8/><F78/><W62/><G62/><T7/><D37/><U9/><E70/><V134/><F134/><W124/><G124/><T14/><D7/><U101/><E63/><V51/><F51/><W67/><G67/><T105/><D121/><U99/><E9/><V19/><F29/><W17/><G17/><T125/><D18/><U97/><E31/><V21/><F21/><W27/><G50/><T60/><D105/><N who="1" m="63663" /><E32/><V108/><F108/><W25/><G25/><T85/><D72/><U44/><E44/><V112/><F112/><W58/><G58/><T68/><D127/><U42/><E42/><V80/><F81/><W123/><G123/><T109/><D125/><U28/><E28/><V94/><F76/><W23/><G30/><T55/><D118/><U132/><E39/><RYUUKYOKU ba="0,0" sc="262,0,471,0,91,0,176,0" owari="262,6.0,471,57.0,91,-41.0,176,-22.0" /></mjloggm>