<mjloggm ver="2.3"><GO type="169" lobby="0"/><UN n0="%E5%96%A7%E5%98%A9%E5%B8%AB%E2%98%86%E8%8A%B1%E5%B1%B1" n1="%E5%B2%A1%E6%9D%91%E9%9D%96%E5%B9%B8" n2="%E5%B0%B1%E6%B4%BB%E7%94%9F%40%E5%B7%9D%E6%9D%91%E8%BB%8D%E5%9B%A3" n3="%66%65%65%73" dan="17,17,17,17" rate="2171.09,2119.23,2219.65,2167.25" sx="M,M,M,M"/><TAIKYOKU oya="0"/><INIT seed="0,0,0,2,2,129" ten="250,250,250,250" oya="0" hai0="113,93,76,9,70,107,21,57,95,41,86,71,90" hai1="118,61,0,130,38,112,125,10,46,34,39,7,15" hai2="62,20,85,123,80,58,3,13,131,132,25,126,102" hai3="18,115,82,105,84,42,52,56,4,43,37,35,60"/><T28/><D107/><U30/><E118/><V8/><F131/><W44/><G105/><T68/><D113/><U128/><E112/><V88/><F126/><W49/><G115/><T77/><D41/><U45/><E125/><V40/><F123/><W26/><G4/><T27/><D9/><U1/><E61/><V92/><F3/><W99/><G99/><T11/><D11/><U14/><E10/><V5/><F40/><W2/><G2/><T29/><D29/><U69/><E30/><V73/><F73/><W114/><G114/><T51/><REACH who="0" step="1"/><D95/><REACH who="0" ten="240,250,250,250" step="2"/><U33/><E7/><V22/><F132/><W16/><G43/><T36/><D36/><U98/><E39/><V19/><F22/><W12/><G35/><T66/><D66/><U54/><E38/><V91/><F102/><W94/><G94/><T81/><D81/><U133/><E33/><V17/><F5/><W6/><G6/><T32/><D32/><U104/><E34/><V116/><F116/><W74/><G37/><T120/><D120/><U48/><E104/><V103/><F103/><W117/><G117/><T109/><D109/><U134/><E130/><V65/><REACH who="2" step="1"/><F92/><REACH who="2" ten="240,250,240,250" step="2"/><W89/><G42/><T110/><D110/><U87/><E128/><V127/><F127/><W101/><G101/><T23/><D23/><U75/><E134/><V67/><F67/><W53/><G53/><AGARI ba="0,2" hai="21,27,28,51,53,57,68,70,71,76,77,86,90,93" machi="53" ten="40,2000,0" yaku="1,1,53,0" doraHai="129" doraHaiUra="100" who="0" fromWho="3" sc="240,40,250,0,240,0,250,-20" /><INIT seed="0,1,0,5,5,38" ten="280,250,240,230" oya="0" hai0="86,55,104,60,124,53,39,98,109,116,73,40,97" hai1="95,85,33,5,90,17,133,81,112,68,34,30,48" hai2="128,113,79,121,135,88,24,101,99,130,45,50,21" hai3="13,61,92,11,9,103,8,19,110,47,12,89,132"/><T72/><D116/><U107/><E107/><V58/><F121/><W120/><G103/><T51/><D124/><U43/><E68/><V115/><F79/><W111/><G120/><T54/><D39/><U118/><E118/><V52/><F135/><W66/><G132/><T82/><D60/><U46/><E133/><V28/><F45/><W2/><G2/><T26/><D109/><N who="3" m="41481" /><G47/><T37/><D37/><U74/><E30/><V1/><F1/><W32/><G32/><T69/><D69/><U10/><E17/><V42/><F42/><W15/><G19/><T16/><D104/><U6/><E112/><V14/><F14/><W117/><G117/><T94/><D94/><U4/><E10/><V22/><F22/><W106/><G106/><T70/><D70/><U25/><E25/><V75/><F75/><W7/><G7/><T63/><D63/><U65/><E65/><V102/><F115/><W59/><G8/><T27/><D72/><U56/><E56/><V131/><F113/><W64/><G66/><T3/><D3/><U108/><E108/><V36/><F36/><W78/><G78/><N who="0" m="46423" /><D73/><U49/><E49/><V0/><F0/><W91/><G91/><T126/><D126/><U44/><E44/><V31/><F31/><W77/><G77/><T96/><D16/><U134/><E134/><V125/><F125/><W18/><G18/><T114/><D114/><U129/><E74/><V83/><F83/><W87/><AGARI ba="1,0" hai="9,11,12,13,15,59,61,64,87,89,92" m="41481" machi="87" ten="30,1100,0" yaku="14,1" doraHai="38" who="3" fromWho="3" sc="280,-6,250,-4,240,-4,230,14" /><INIT seed="1,0,0,2,4,17" ten="274,246,236,244" oya="1" hai0="57,4,122,80,61,3,97,79,95,52,128,26,43" hai1="32,78,109,50,21,113,53,23,90,6,102,16,55" hai2="51,100,76,104,33,13,31,7,62,71,83,130,82" hai3="103,121,36,111,35,70,88,48,20,94,5,135,27"/><U99/><E113/><V127/><F130/><W67/><G36/><T47/><D128/><U12/><E32/><V60/><F127/><W131/><G35/><T0/><D122/><U93/><E109/><V14/><F51/><W116/><G121/><T69/><D69/><U25/><E78/><V49/><F49/><W73/><G73/><T115/><D4/><U81/><E6/><V72/><F82/><W106/><G111/><T89/><D26/><U1/><E1/><V86/><F72/><W119/><G131/><T68/><D68/><U45/><E53/><V112/><F112/><W85/><G135/><T56/><D56/><U59/><E45/><V11/><F14/><W66/><G5/><T65/><D65/><U38/><E38/><V34/><F34/><W77/><G77/><T58/><D58/><U101/><E81/><V129/><F129/><W87/><G87/><T92/><D92/><U9/><E9/><V37/><F37/><W63/><G48/><N who="0" m="26751" /><D115/><U110/><E110/><V41/><F41/><W96/><REACH who="3" step="1"/><G66/><REACH who="3" ten="274,246,236,234" step="2"/><T125/><D125/><U114/><REACH who="1" step="1"/><E114/><REACH who="1" ten="274,236,236,234" step="2"/><V54/><F33/><W75/><G75/><T24/><D79/><U105/><E105/><V15/><F104/><W133/><G133/><T118/><D0/><U126/><E126/><V39/><F76/><W107/><G107/><T29/><D3/><U18/><AGARI ba="0,2" hai="12,16,18,21,23,25,50,55,59,90,93,99,101,102" machi="18" ten="20,18000,2" yaku="1,1,0,1,7,1,8,1,52,2,54,1,53,0" doraHai="17" doraHaiUra="123" who="1" fromWho="1" sc="274,-60,236,200,236,-60,234,-60" /><INIT seed="1,1,0,4,0,24" ten="214,436,176,174" oya="1" hai0="117,21,95,6,50,9,92,73,8,38,119,69,103" hai1="11,0,100,40,97,114,110,109,74,91,118,66,15" hai2="79,88,29,80,2,116,121,126,31,75,17,111,122" hai3="33,89,64,19,120,70,16,94,47,134,93,63,67"/><U131/><E118/><V30/><F116/><W43/><G120/><T68/><D38/><U1/><E114/><V57/><F2/><W54/><G94/><T101/><D73/><U115/><E115/><V107/><F107/><W99/><G134/><T49/><D21/><U27/><E74/><V58/><F111/><N who="1" m="42505" /><E131/><V60/><F126/><W105/><G67/><T36/><D36/><U72/><E72/><V113/><F113/><W51/><G105/><T108/><D108/><U81/><E66/><V39/><F39/><W77/><G77/><T102/><REACH who="0" step="1"/><D101/><REACH who="0" ten="204,436,176,174" step="2"/><U18/><E100/><V133/><F133/><W61/><G33/><T14/><D14/><U3/><E0/><V87/><F121/><W37/><REACH who="3" step="1"/><G63/><REACH who="3" ten="204,436,176,164" step="2"/><T35/><D35/><U34/><E34/><V124/><F60/><W84/><G84/><T53/><D53/><U7/><E40/><V46/><F122/><W130/><G130/><T112/><D112/><U125/><E125/><V5/><F124/><W42/><G42/><T22/><D22/><N who="1" m="13783" /><E97/><V45/><F75/><W86/><G86/><AGARI ba="1,2" hai="1,3,7,11,15,81,86,91" m="13783,42505" machi="86" ten="30,2900,0" yaku="14,1,10,1" doraHai="24" who="1" fromWho="3" sc="204,0,436,52,176,0,164,-32" /><INIT seed="1,2,0,5,4,125" ten="204,488,176,132" oya="1" hai0="113,123,135,133,38,30,69,96,49,61,109,22,72" hai1="99,94,82,102,46,17,127,35,76,87,79,100,65" hai2="105,101,75,28,43,130,52,95,108,15,106,26,36" hai3="14,0,119,56,104,111,18,21,60,54,7,78,117"/><U37/><E35/><V77/><F108/><W53/><G104/><T86/><D72/><U132/><E65/><V51/><F36/><W85/><G111/><T84/><D38/><U20/><E127/><V98/><F43/><W34/><G34/><T92/><D109/><U11/><E11/><V31/><F31/><W89/><G78/><T59/><D69/><U118/><E132/><N who="0" m="50761" /><D49/><U39/><E118/><N who="3" m="45066" /><G7/><T103/><D113/><U44/><E100/><V63/><F63/><W4/><G4/><T27/><D123/><U71/><E71/><V121/><F121/><W2/><G54/><AGARI ba="2,0" hai="22,27,30,54,59,61,84,86,92,96,103" m="50761" machi="54" ten="30,1000,0" yaku="20,1" doraHai="125" who="0" fromWho="3" sc="204,16,488,0,176,0,132,-16" /><INIT seed="2,0,0,1,4,61" ten="220,488,176,116" oya="2" hai0="73,4,16,116,46,90,122,3,87,131,68,111,59" hai1="35,66,50,14,37,44,125,13,77,1,28,34,119" hai2="107,108,65,102,38,54,21,76,103,55,132,89,69" hai3="86,112,83,72,130,45,19,33,39,126,56,11,88"/><V104/><F38/><W62/><G33/><T110/><D122/><U43/><E119/><V91/><F132/><W120/><G120/><T70/><D73/><U135/><E1/><V96/><F76/><W20/><G11/><N who="0" m="2463" /><D131/><U71/><E77/><V92/><F108/><N who="0" m="41514" /><D116/><U80/><E80/><V114/><F114/><W10/><G130/><T24/><D46/><U117/><E125/><V26/><F103/><W118/><G10/><T57/><D59/><U100/><E100/><V42/><F42/><W113/><G118/><T30/><D57/><U9/><E9/><V17/><F91/><W84/><G126/><T32/><D16/><U124/><E124/><V18/><F17/><W7/><G7/><T98/><D98/><U47/><E28/><V52/><REACH who="2" step="1"/><F102/><REACH who="2" ten="220,488,166,116" step="2"/><W2/><G19/><T29/><D29/><U123/><E117/><V27/><F27/><W12/><G113/><T81/><AGARI ba="0,1" hai="24,30,32,68,70,81,87,90" m="41514,2463" machi="81" ten="30,1100,0" yaku="14,1" doraHai="61" who="0" fromWho="0" sc="220,21,488,-3,166,-5,116,-3" /><INIT seed="3,0,0,0,3,29" ten="241,485,161,113" oya="3" hai0="76,70,86,26,105,30,48,104,49,14,12,125,19" hai1="21,4,18,44,79,54,77,22,120,7,80,9,25" hai2="66,115,119,135,33,124,17,68,28,103,75,40,67" hai3="45,3,63,20,81,126,100,65,2,5,113,132,52"/><W128/><G113/><T130/><D70/><U111/><E111/><V133/><F75/><W102/><G126/><T58/><D130/><U95/><E120/><V114/><F103/><W34/><G128/><T53/><D125/><U129/><E129/><V15/><BYE who="1" /><F124/><W96/><G132/><N who="2" m="50761" /><F40/><W74/><G102/><T36/><D36/><U110/><E110/><V41/><F41/><UN n1="%E5%B2%A1%E6%9D%91%E9%9D%96%E5%B9%B8" /><W13/><G34/><T11/><D48/><N who="1" m="28935" /><E9/><N who="2" m="6383" /><F119/><W37/><G37/><T82/><REACH who="0" step="1"/><D14/><REACH who="0" ten="231,485,161,113" step="2"/><U0/><E0/><V85/><F68/><W90/><G2/><T118/><D118/><U98/><E4/><V89/><F115/><W112/><G3/><T42/><D42/><U47/><E7/><V64/><F114/><W84/><G112/><T91/><D91/><U71/><E71/><V59/><F59/><W73/><G5/><T27/><D27/><U109/><E25/><N who="2" m="18575" /><F89/><W123/><G90/><T93/><D93/><U131/><E95/><V121/><F121/><W1/><G123/><T46/><D46/><U108/><E47/><V23/><F23/><AGARI ba="0,1" hai="11,12,19,23,26,30,49,53,58,76,82,86,104,105" machi="23" ten="30,7700,0" yaku="1,1,7,1,53,2" doraHai="29" doraHaiUra="101" who="0" fromWho="2" sc="231,87,485,0,161,-77,113,0" /><INIT seed="4,0,0,0,2,69" ten="318,485,84,113" oya="0" hai0="95,111,107,88,94,54,48,37,12,63,45,120,18" hai1="73,117,34,32,57,104,20,99,16,129,102,113,85" hai2="75,76,40,133,65,71,79,53,134,86,27,39,126" hai3="101,105,132,13,21,10,127,46,77,56,41,70,106"/><T123/><D107/><U17/><E117/><V98/><F75/><W60/><G70/><T72/><D72/><U23/><E73/><V22/><F126/><W83/><G127/><T74/><D74/><U110/><E110/><V91/><F98/><W50/><G132/><N who="2" m="50793" /><F53/><W31/><G101/><T122/><D111/><U33/><E129/><V9/><F9/><W66/><G31/><T24/><D24/><U4/><E4/><V131/><F65/><W87/><REACH who="3" step="1"/><G21/><REACH who="3" ten="318,485,84,103" step="2"/><T61/><D123/><U64/><E20/><V109/><F71/><W14/><G14/><T93/><D120/><U130/><E23/><V49/><F109/><W58/><G58/><T84/><D122/><U55/><E57/><V29/><F131/><W25/><G25/><T15/><D15/><U68/><E68/><V92/><F49/><W52/><G52/><T36/><D63/><U97/><E130/><V42/><F42/><W6/><AGARI ba="0,1" hai="6,10,13,41,46,50,56,60,66,77,83,87,105,106" machi="6" ten="20,8000,1" yaku="1,1,0,1,7,1,25,2,53,0" doraHai="69" doraHaiUra="114" who="3" fromWho="3" sc="318,-40,485,-20,84,-20,103,90" /><INIT seed="5,0,0,1,5,12" ten="278,465,64,193" oya="1" hai0="100,91,57,37,18,109,56,84,78,0,25,76,47" hai1="131,92,89,52,15,119,4,48,64,118,111,27,85" hai2="129,33,35,36,46,128,3,21,127,102,10,61,51" hai3="42,55,125,26,31,83,106,5,72,108,122,54,110"/><U79/><E111/><V41/><F127/><W75/><G106/><T94/><D0/><U30/><E131/><V29/><F102/><W23/><G125/><T95/><D109/><U71/><E79/><N who="0" m="30249" /><D37/><U20/><E71/><V86/><F86/><W50/><G5/><T101/><D47/><U132/><E132/><V59/><F36/><W90/><G42/><T124/><D124/><U49/><E49/><V67/><F3/><W14/><G14/><T133/><D133/><U17/><E4/><V44/><F10/><W104/><G104/><T97/><D100/><U120/><E64/><V63/><F63/><W53/><G50/><T66/><D66/><U99/><E99/><V69/><F46/><W88/><G122/><T103/><D101/><U126/><E120/><V2/><F2/><W1/><G1/><T62/><D62/><U60/><E60/><V34/><REACH who="2" step="1"/><F69/><REACH who="2" ten="278,465,54,193" step="2"/><W32/><G110/><T115/><D115/><U70/><E70/><V7/><F7/><W114/><G108/><T24/><D84/><U43/><E126/><V74/><F74/><W96/><G114/><T123/><D103/><U16/><E85/><V134/><F134/><W11/><G11/><T135/><D135/><U80/><E119/><V28/><F28/><W58/><G75/><T105/><D105/><U87/><E118/><V38/><F38/><W39/><G39/><T22/><D97/><U81/><E30/><V116/><F116/><W45/><G45/><T65/><D123/><U68/><E68/><V117/><F117/><W82/><G72/><T93/><D91/><N who="3" m="34857" /><G31/><T98/><D98/><RYUUKYOKU ba="0,1" sc="278,-10,465,-10,54,30,193,-10" hai2="21,29,33,34,35,41,44,51,59,61,67,128,129" /><INIT seed="6,1,1,3,1,131" ten="268,455,84,183" oya="2" hai0="98,114,73,36,48,77,107,53,122,26,134,12,124" hai1="0,95,15,84,90,116,55,130,4,92,118,112,54" hai2="40,65,20,27,70,24,64,6,30,127,111,113,29" hai3="8,99,103,108,135,32,34,58,47,42,16,60,81"/><V14/><F111/><W71/><G71/><T68/><D36/><U57/><E0/><V69/><F113/><W93/><G108/><T46/><D68/><U129/><E112/><V78/><F127/><W79/><G8/><T22/><D122/><U133/><E54/><V119/><F119/><W43/><G43/><T11/><D124/><U102/><E4/><V39/><F78/><W86/><G16/><T128/><D128/><N who="1" m="49259" /><E15/><V76/><F76/><W106/><G135/><T28/><D134/><U21/><E133/><V117/><F117/><W59/><G59/><T110/><D110/><U52/><E21/><V87/><F87/><W35/><G106/><T104/><D98/><N who="1" m="59743" /><E55/><V50/><F39/><W121/><G121/><T80/><D114/><U89/><E89/><V94/><F94/><W82/><G82/><T109/><D109/><U91/><E91/><V45/><F69/><W25/><G25/><T5/><AGARI ba="1,1" hai="5,11,12,22,26,28,46,48,53,73,77,80,104,107" machi="5" ten="20,1500,0" yaku="0,1,7,1" doraHai="131" who="0" fromWho="0" sc="268,28,455,-5,84,-8,183,-5" /><INIT seed="7,0,0,3,2,91" ten="296,450,76,178" oya="3" hai0="35,69,120,112,50,30,9,80,124,40,28,102,32" hai1="81,59,85,15,109,121,53,117,128,98,125,122,45" hai2="52,39,36,90,71,131,12,116,84,5,55,58,19" hai3="123,57,70,99,21,48,115,114,4,18,14,43,86"/><W95/><G70/><T130/><D69/><U107/><E109/><V62/><F116/><W108/><G123/><T8/><D120/><U38/><E15/><V7/><F131/><W24/><G108/><T67/><D102/><U31/><E31/><V22/><F71/><W92/><G86/><T101/><D101/><U82/><E82/><V29/><F29/><N who="3" m="17551" /><G4/><T37/><D67/><U74/><E74/><V79/><F79/><W93/><G57/><T83/><D40/><U10/><E59/><V75/><F75/><W126/><G126/><T17/><D50/><U47/><E85/><V132/><F132/><W119/><G119/><T105/><D105/><U103/><E38/><V104/><F104/><W72/><G72/><T134/><D37/><U78/><E117/><V2/><F2/><W13/><G99/><T76/><D76/><U0/><E78/><V73/><F73/><W106/><G106/><T26/><D124/><U25/><E107/><V89/><F39/><W54/><G18/><T3/><D17/><U41/><E122/><V129/><F36/><W87/><G87/><T97/><D97/><U23/><E121/><V66/><F129/><W113/><G54/><T61/><D130/><U49/><E125/><V11/><F90/><W133/><G133/><T34/><D34/><U27/><E128/><V68/><F68/><W110/><G110/><T46/><D32/><U44/><E98/><V135/><F135/><W111/><G111/><T33/><D35/><U16/><E53/><N who="2" m="20555" /><F11/><W118/><G118/><T96/><D8/><U1/><E10/><V56/><F56/><RYUUKYOKU ba="0,0" sc="296,-15,450,-15,76,15,178,15" hai2="5,7,12,19,22,58,62,66,84,89" hai3="13,14,43,48,92,93,95,113,114,115" /><INIT seed="7,1,0,0,3,10" ten="281,435,91,193" oya="3" hai0="47,52,84,99,36,102,98,49,63,78,41,117,59" hai1="128,134,51,16,70,4,131,118,6,111,30,104,43" hai2="66,24,119,72,80,37,54,64,61,85,120,27,89" hai3="39,21,103,124,17,105,91,13,62,7,76,132,22"/><W34/><G34/><T88/><D117/><U97/><E111/><V86/><F119/><W94/><G39/><T40/><D78/><U106/><E118/><V125/><F125/><W55/><G7/><T44/><D102/><U5/><E70/><V95/><F120/><W50/><G76/><T74/><D74/><U20/><E30/><V14/><F72/><W108/><G62/><T25/><D25/><N who="1" m="14471" /><E97/><V8/><F37/><W1/><G1/><T32/><D32/><U77/><E77/><V56/><F27/><W33/><G33/><T23/><D23/><U29/><E29/><V12/><F24/><W107/><G103/><T130/><D130/><N who="1" m="49707" /><E134/><V90/><REACH who="2" step="1"/><F14/><REACH who="2" ten="281,435,81,193" step="2"/><N who="3" m="9399" /><G124/><T57/><D57/><U48/><E48/><V92/><F92/><AGARI ba="1,1" hai="36,40,41,44,47,49,52,59,63,84,88,92,98,99" machi="92" ten="30,3900,0" yaku="7,1,54,2" doraHai="10" who="0" fromWho="2" sc="281,52,435,0,81,-42,193,0" owari="333,13.0,435,54.0,39,-46.0,193,-21.0" /></mjloggm>