<mjloggm ver="2.3"><GO type="169" lobby="0"/><UN n0="%E6%BC%A3%E5%A4%8F" n1="%E3%81%86%E3%81%91%E3%81%AA%E3%81%8C%E3%81%99%E3%81%9C" n2="%E3%82%A6%E3%83%AB%E3%83%88%E3%83%A9%E7%AB%8B%E7%9B%B4" n3="%E3%81%BA%E3%83%BC" dan="16,16,17,17" rate="2041.28,2068.16,2204.52,2186.41" sx="M,F,M,M"/><TAIKYOKU oya="0"/><INIT seed="0,0,0,1,2,3" ten="250,250,250,250" oya="0" hai0="102,80,10,22,43,87,124,121,128,66,53,65,36" hai1="125,100,74,62,114,67,60,108,78,103,111,110,15" hai2="94,8,92,95,63,98,96,106,52,39,5,13,1" hai3="77,37,2,23,75,69,116,83,123,46,50,84,24"/><T42/><D121/><U9/><E114/><V93/><F39/><W40/><G69/><T112/><D112/><U133/><E133/><V32/><F32/><W127/><G116/><T18/><D124/><U11/><E125/><V105/><F1/><W68/><G68/><T107/><D128/><U113/><E113/><V81/><F81/><W126/><G123/><T41/><D36/><U31/><E31/><V6/><F106/><W29/><G84/><T97/><D53/><U0/><E74/><V4/><F105/><W90/><G90/><T16/><D10/><N who="1" m="3595" /><E0/><V135/><F135/><W73/><G73/><T117/><D117/><U19/><E78/><V47/><N who="2" m="23552" /><DORA hai="20" /><V134/><F134/><W76/><G76/><T26/><REACH who="0" step="1"/><D18/><REACH who="0" ten="240,250,250,250" step="2"/><U56/><E19/><N who="2" m="8615" /><F63/><W79/><G2/><T115/><D115/><U51/><E62/><V86/><F86/><W99/><G75/><T25/><D25/><U101/><E15/><V28/><F28/><W118/><G29/><T49/><D49/><AGARI ba="0,1" hai="49,51,56,60,67,100,101,103,108,110,111" m="3595" machi="49" ten="40,1300,0" yaku="14,1" doraHai="3,20" who="1" fromWho="0" sc="240,-13,250,23,250,0,250,0" /><AGARI ba="0,0" hai="4,5,6,47,49,52,96,98" m="8615,23552" machi="49" ten="50,8000,1" yaku="8,1,52,3,54,1" doraHai="3,20" who="2" fromWho="0" sc="227,-80,273,0,250,80,250,0" /><INIT seed="1,0,0,3,2,8" ten="147,273,330,250" oya="1" hai0="104,82,125,61,77,91,18,102,127,130,123,131,97" hai1="103,66,110,72,62,80,1,112,15,73,86,55,67" hai2="126,51,45,7,50,121,49,6,89,75,92,2,40" hai3="124,85,38,30,29,59,105,128,24,119,41,33,10"/><U54/><E112/><V101/><F121/><W57/><G105/><T42/><D42/><U107/><E1/><V39/><F126/><N who="0" m="48138" /><D18/><U96/><E110/><V56/><F75/><W52/><G128/><N who="0" m="49195" /><D61/><U60/><E73/><V25/><F101/><W12/><G30/><T100/><D102/><U21/><E72/><V58/><F25/><W46/><G59/><T16/><D16/><U93/><E107/><V81/><F7/><W13/><G119/><T63/><D63/><N who="1" m="24107" /><E66/><V88/><F58/><W109/><G109/><T98/><D123/><U106/><E106/><V116/><F56/><W113/><G113/><T36/><D36/><U78/><E67/><V71/><F39/><W69/><G69/><T70/><D70/><U9/><E21/><V28/><F71/><W53/><G10/><T19/><D19/><AGARI ba="0,0" hai="9,15,19,54,55,78,80,86,93,96,103" m="24107" machi="19" ten="30,2900,0" yaku="8,1,52,1" doraHai="8" who="1" fromWho="0" sc="147,-29,273,29,330,0,250,0" /><INIT seed="1,1,0,0,5,124" ten="118,302,330,250" oya="1" hai0="28,69,14,47,55,131,32,3,30,60,11,82,110" hai1="52,68,115,98,106,25,78,86,117,84,95,31,46" hai2="34,80,123,16,105,22,39,41,63,101,97,114,91" hai3="62,85,56,1,53,51,127,15,107,21,116,88,76"/><U92/><E117/><V24/><F123/><W45/><G1/><T58/><D110/><U6/><E68/><V7/><F114/><W109/><G127/><T89/><D3/><U42/><E115/><V65/><F7/><W125/><G125/><T111/><D111/><U135/><E135/><V50/><F39/><W5/><G109/><T59/><D69/><U83/><E6/><V64/><F34/><W121/><G107/><T100/><D100/><U113/><E113/><V90/><F80/><W104/><G104/><T96/><D32/><U77/><E106/><V72/><F72/><W129/><G121/><T130/><D47/><U10/><E10/><V132/><F132/><W43/><G76/><T122/><D122/><U87/><E52/><V26/><F26/><W48/><G116/><T13/><D58/><U112/><E112/><V93/><F105/><W35/><G35/><T61/><D61/><U54/><E54/><V29/><F29/><N who="0" m="11370" /><D11/><U40/><E40/><V126/><F126/><W118/><G62/><T37/><D37/><U108/><E108/><V12/><F24/><W18/><G5/><T102/><D82/><U94/><E83/><V75/><F75/><W9/><G9/><T0/><D0/><U17/><E31/><V128/><F63/><W73/><G73/><T81/><D102/><U19/><E78/><V66/><F128/><N who="0" m="49194" /><D81/><U8/><E77/><V2/><F2/><W71/><G129/><T99/><D89/><U36/><E8/><V103/><F91/><W33/><G118/><T79/><D79/><U38/><E38/><V120/><F120/><RYUUKYOKU ba="1,0" sc="118,15,302,-15,330,15,250,-15" hai0="13,14,55,59,60,96,99" hai2="12,16,22,41,50,64,65,66,90,93,97,101,103" /><INIT seed="2,2,0,4,1,20" ten="133,287,345,235" oya="2" hai0="2,127,25,9,14,111,66,46,102,133,79,105,118" hai1="63,128,90,22,88,11,62,115,47,3,77,122,38" hai2="124,61,107,42,18,51,68,34,117,45,44,0,37" hai3="6,57,129,89,33,71,86,108,103,12,69,76,85"/><V27/><F0/><W114/><G33/><T28/><D111/><U75/><E115/><V106/><F117/><W112/><G103/><T132/><D118/><U81/><E128/><V119/><F119/><W36/><G36/><T110/><D110/><U123/><E22/><V5/><F5/><W80/><G108/><T99/><D127/><U78/><E78/><V93/><F124/><W56/><G129/><T126/><D126/><U8/><E8/><V35/><F35/><W120/><G120/><T135/><D66/><U24/><E24/><V67/><F93/><W55/><G57/><T87/><D46/><U15/><E3/><V41/><REACH who="2" step="1"/><F18/><REACH who="2" ten="133,287,335,235" step="2"/><W32/><G32/><T65/><D2/><U54/><E123/><V83/><F83/><W113/><G6/><T97/><D133/><U84/><E122/><V21/><F21/><W50/><G12/><T40/><D14/><U58/><E15/><V52/><F52/><W49/><REACH who="3" step="1"/><G49/><REACH who="3" ten="133,287,335,225" step="2"/><T116/><D116/><U43/><E38/><V130/><F130/><W125/><G125/><T16/><D135/><U134/><E134/><V95/><F95/><AGARI ba="2,2" hai="50,55,56,69,71,76,80,85,86,89,95,112,113,114" machi="95" ten="40,2600,0" yaku="1,1,11,1,53,0" doraHai="20" doraHaiUra="7" who="3" fromWho="2" sc="133,0,287,0,335,-32,225,52" /><INIT seed="3,0,0,1,1,13" ten="133,287,303,277" oya="3" hai0="1,44,74,11,5,50,97,17,132,128,24,58,49" hai1="60,76,30,51,0,28,73,121,101,61,117,42,45" hai2="129,35,41,90,43,88,64,36,123,57,75,9,40" hai3="134,104,68,12,26,114,106,91,99,39,82,111,92"/><W95/><G39/><T81/><D132/><U67/><E121/><V7/><F35/><W18/><G68/><T93/><D128/><U37/><E0/><V115/><F115/><W32/><G114/><T119/><D119/><U66/><E101/><V62/><F75/><W63/><G134/><T130/><D130/><U120/><E120/><V48/><F129/><W15/><G111/><T59/><D74/><U133/><E133/><V53/><F36/><W46/><G82/><T86/><D49/><U127/><E127/><V16/><F123/><W69/><G46/><T38/><D38/><U52/><E117/><V102/><F102/><W47/><G47/><T3/><D3/><U83/><E37/><V112/><F112/><W131/><G131/><T77/><D24/><U116/><E116/><V2/><REACH who="2" step="1"/><F16/><REACH who="2" ten="133,287,293,277" step="2"/><W8/><G32/><T105/><D17/><U6/><E30/><V14/><F14/><W118/><G15/><N who="0" m="5615" /><D105/><U125/><E28/><V55/><F55/><W31/><G118/><T34/><D34/><U122/><E122/><V89/><F89/><W56/><G31/><T27/><D1/><U29/><E29/><V110/><F110/><W109/><G26/><T72/><D72/><U10/><E52/><V124/><F124/><W20/><G109/><T126/><D126/><U54/><E125/><V98/><F98/><W70/><G106/><T94/><D27/><U84/><E54/><V21/><F21/><W96/><G20/><T25/><D25/><U103/><E73/><V108/><F108/><W85/><G104/><T80/><D97/><U107/><E107/><RYUUKYOKU ba="0,1" sc="133,-10,287,-10,293,30,277,-10" hai2="2,7,9,40,41,43,48,53,57,62,64,88,90" /><INIT seed="4,1,1,5,1,63" ten="123,277,323,267" oya="0" hai0="83,35,19,40,15,84,62,91,24,73,21,44,76" hai1="61,46,128,107,71,57,26,0,55,99,38,1,89" hai2="114,47,94,2,77,81,126,70,12,52,92,41,118" hai3="17,129,3,93,131,112,54,80,69,134,130,75,13"/><T67/><D35/><U18/><E128/><V64/><F2/><W43/><G3/><T104/><D104/><U125/><E125/><V72/><F12/><W28/><G134/><T58/><D73/><U68/><E68/><V101/><F101/><W88/><G112/><T85/><D15/><U102/><E71/><V60/><F126/><W116/><G116/><T132/><D132/><U22/><E38/><N who="2" m="21943" /><F114/><W79/><G69/><T97/><D97/><U133/><E133/><V65/><F65/><W4/><G43/><T98/><D98/><U9/><E46/><V59/><F118/><W23/><G54/><T110/><D110/><U50/><E50/><AGARI ba="1,1" hai="50,52,59,60,64,70,72,77,81,92,94" m="21943" machi="50" ten="30,3900,0" yaku="24,1,52,1,54,1" doraHai="63" who="2" fromWho="1" sc="123,0,277,-42,323,52,267,0" /><INIT seed="5,0,0,3,2,35" ten="123,235,375,267" oya="1" hai0="30,21,13,68,99,19,23,41,57,81,75,79,73" hai1="104,102,51,111,31,40,59,17,134,105,135,100,130" hai2="66,49,54,24,87,107,10,96,39,121,113,28,108" hai3="116,110,92,6,72,133,114,4,128,26,120,63,95"/><U131/><E31/><V43/><F108/><W32/><G63/><T103/><D68/><U64/><E17/><V76/><F121/><W127/><G92/><T9/><D41/><U48/><E111/><V53/><F66/><W124/><G95/><T56/><D73/><U74/><E74/><V14/><F39/><W62/><G62/><T18/><D30/><U80/><E64/><V20/><F113/><W58/><G58/><T50/><D50/><U52/><E80/><N who="2" m="47495" /><F96/><W15/><G15/><T71/><D71/><U122/><E122/><V125/><F107/><W46/><G46/><T65/><D65/><U98/><E102/><V11/><F125/><W36/><G26/><T115/><D115/><U89/><E89/><V77/><F77/><W123/><G36/><T117/><D117/><U25/><E105/><V70/><F70/><W61/><G72/><T91/><D91/><U83/><E83/><V29/><F29/><W3/><G116/><T78/><D79/><U34/><E34/><V55/><F14/><W126/><G32/><T109/><D109/><U132/><REACH who="1" step="1"/><E25/><REACH who="1" ten="123,225,375,267" step="2"/><V129/><F28/><W88/><G110/><T85/><D75/><U60/><E60/><V93/><F24/><W22/><G126/><T12/><REACH who="0" step="1"/><D9/><REACH who="0" ten="113,225,375,267" step="2"/><U2/><E2/><V44/><F10/><W86/><G3/><T33/><D33/><U5/><E5/><V16/><F11/><W97/><G127/><T47/><D47/><AGARI ba="0,2" hai="40,47,48,51,52,59,98,100,104,130,131,132,134,135" machi="47" ten="50,9600,0" yaku="1,1,20,1,54,1,53,0" doraHai="35" doraHaiUra="112" who="1" fromWho="0" sc="113,-96,225,116,375,0,267,0" /><INIT seed="5,1,0,0,1,31" ten="17,341,375,267" oya="1" hai0="34,82,129,79,78,122,103,133,110,75,55,3,123" hai1="48,128,43,50,1,120,39,32,2,96,124,35,98" hai2="62,101,9,111,44,36,41,16,117,93,42,70,81" hai3="33,13,108,94,86,27,57,30,29,84,134,67,24"/><U51/><E120/><V63/><F111/><W85/><G108/><T105/><D55/><U132/><E43/><V8/><F117/><W60/><G134/><T12/><D12/><U112/><E132/><V100/><F70/><W40/><G40/><T22/><D22/><U4/><E4/><V113/><F81/><W53/><G13/><T97/><D3/><N who="1" m="1035" /><E124/><V20/><F36/><W87/><N who="3" m="21504" /><DORA hai="19" /><W116/><G94/><T126/><D34/><N who="1" m="12843" /><E112/><V88/><F113/><W0/><G0/><T77/><D110/><U135/><E135/><V17/><F93/><W5/><G5/><T119/><D133/><U26/><E26/><N who="3" m="9770" /><G33/><T45/><D45/><U21/><E21/><V71/><F20/><W73/><G73/><T89/><D119/><U59/><E39/><V74/><F74/><W23/><G23/><T18/><D18/><U7/><E7/><V83/><F16/><W107/><G107/><T66/><D66/><U68/><E68/><V99/><F17/><W115/><G115/><T61/><D61/><U15/><E15/><V46/><F71/><W106/><G106/><T92/><D126/><U52/><E128/><V76/><F42/><W118/><G118/><T130/><D78/><U104/><E104/><V25/><F41/><W14/><G116/><T80/><D79/><U121/><E121/><N who="0" m="46089" /><D80/><U114/><E114/><V10/><F25/><W131/><G14/><T125/><D125/><U102/><E52/><V91/><F8/><W49/><G67/><T56/><D56/><U38/><E38/><V58/><F9/><W127/><G127/><T28/><D28/><RYUUKYOKU ba="1,0" sc="17,30,341,-10,375,-10,267,-10" hai0="75,77,82,89,92,97,103,105,129,130" /><INIT seed="6,2,0,1,4,12" ten="47,331,365,257" oya="2" hai0="63,73,68,69,67,131,66,103,18,130,120,3,47" hai1="72,118,75,135,112,59,23,20,91,86,83,88,46" hai2="55,8,35,57,24,134,58,49,42,31,4,41,95" hai3="19,65,48,13,129,34,76,15,54,62,106,1,25"/><V99/><F58/><W26/><G1/><T33/><D103/><U124/><E118/><V56/><F56/><N who="3" m="37063" /><G34/><T51/><D33/><U21/><E112/><V32/><F32/><W7/><G106/><T84/><D3/><U14/><E124/><V96/><F134/><W122/><G122/><T9/><D73/><U92/><E135/><V77/><F77/><W94/><G76/><T39/><D120/><U123/><E123/><V108/><F108/><W80/><G80/><T98/><D98/><U74/><E59/><V82/><F82/><W119/><G119/><T79/><D79/><U37/><E46/><V114/><F114/><W128/><G94/><T78/><D78/><U121/><E121/><V71/><F71/><W16/><G7/><T116/><D84/><U70/><E70/><V102/><REACH who="2" step="1"/><F99/><REACH who="2" ten="47,331,355,257" step="2"/><W52/><G129/><T87/><D131/><U53/><E75/><V97/><F97/><W104/><G128/><T90/><D130/><U127/><E83/><V117/><F117/><W100/><G104/><T38/><D116/><U30/><E74/><V105/><F105/><W2/><G100/><T93/><D68/><U6/><E72/><V109/><F109/><W64/><G64/><T60/><D67/><U85/><E86/><V89/><F89/><W50/><G54/><N who="0" m="30079" /><D63/><U40/><E53/><V115/><F115/><W22/><G52/><T29/><D29/><U111/><E30/><V113/><F113/><W133/><G133/><T5/><D5/><U125/><E111/><V17/><F17/><W10/><G19/><T101/><D101/><U11/><E91/><RYUUKYOKU ba="2,1" sc="47,10,331,10,355,10,257,-30" hai0="9,18,38,39,60,66,69,87,90,93" hai1="6,11,14,20,21,23,37,40,85,88,92,125,127" hai2="4,8,24,31,35,41,42,49,55,57,95,96,102" /><INIT seed="6,3,1,2,4,48" ten="57,341,365,227" oya="2" hai0="11,114,89,43,103,99,40,135,83,68,58,20,126" hai1="111,57,29,84,0,82,52,25,112,32,31,53,67" hai2="107,117,95,90,37,91,36,30,74,102,26,110,21" hai3="33,71,88,92,44,62,108,131,96,15,106,105,1"/><V94/><F74/><W132/><G1/><T14/><D114/><U19/><E111/><V93/><F117/><W18/><G108/><T113/><D113/><U123/><E112/><V23/><F110/><W51/><G131/><T130/><D130/><U8/><E123/><V12/><F107/><W2/><G2/><T101/><D68/><U47/><E31/><V120/><F120/><W49/><G33/><T81/><D126/><U100/><E100/><V38/><REACH who="2" step="1"/><F102/><REACH who="2" ten="57,341,355,227" step="2"/><W122/><G122/><T17/><D103/><U77/><E0/><V5/><F5/><W16/><G105/><T116/><D101/><U85/><E85/><V27/><F27/><W72/><G106/><T65/><D116/><U133/><E133/><V79/><F79/><W119/><G72/><T13/><D89/><U70/><E70/><V45/><F45/><W75/><G44/><T42/><D99/><U9/><E47/><V125/><F125/><W86/><G71/><T6/><REACH who="0" step="1"/><D135/><REACH who="0" ten="47,341,355,227" step="2"/><U87/><E77/><V109/><F109/><W61/><G96/><T4/><D4/><U78/><E78/><V80/><F80/><W115/><G88/><T22/><D22/><U64/><E82/><V121/><F121/><W10/><G119/><T124/><D124/><U127/><E127/><V46/><F46/><W56/><G132/><T63/><AGARI ba="3,3" hai="6,11,13,14,17,20,40,42,43,58,63,65,81,83" machi="63" ten="30,4000,0" yaku="1,1,0,1,8,1,53,0" doraHai="48" doraHaiUra="73" who="0" fromWho="0" sc="47,79,341,-13,355,-23,227,-13" /><INIT seed="7,0,0,5,2,30" ten="126,328,332,214" oya="3" hai0="4,115,132,80,119,75,68,18,45,20,134,117,66" hai1="36,120,51,85,94,43,92,56,71,130,42,40,17" hai2="63,53,33,125,123,129,112,116,133,1,88,34,77" hai3="21,73,35,25,16,93,76,57,24,104,106,69,65"/><W79/><G73/><T78/><D45/><U50/><E120/><V23/><F1/><W22/><G69/><T14/><D4/><U67/><E36/><V118/><F77/><W102/><G106/><T7/><D7/><U54/><E130/><V52/><F63/><N who="3" m="38127" /><G104/><T41/><D41/><U49/><E71/><V32/><F129/><W26/><G35/><T127/><D127/><U11/><E67/><V37/><F37/><W128/><G128/><T70/><D115/><U97/><E85/><V83/><F112/><W28/><G25/><T111/><D70/><U100/><E94/><V0/><F0/><W113/><G113/><T5/><D5/><U89/><E100/><V135/><F125/><W8/><G8/><T29/><D111/><U82/><E82/><V95/><F83/><W109/><G109/><T19/><D29/><U98/><E97/><AGARI ba="0,0" hai="16,21,22,24,26,28,76,79,93,97,102" m="38127" machi="97" ten="30,5800,0" yaku="25,1,8,1,54,1" doraHai="30" who="3" fromWho="1" sc="126,0,328,-58,332,0,214,58" /><INIT seed="7,1,0,5,3,64" ten="126,270,332,272" oya="3" hai0="5,26,62,94,28,24,15,97,23,92,113,134,72" hai1="99,32,74,70,85,107,93,43,33,83,27,68,0" hai2="102,46,52,129,118,55,42,87,53,4,75,19,77" hai3="84,7,121,116,100,17,90,14,11,58,81,127,96"/><W45/><G116/><T128/><D72/><U25/><E0/><V104/><F118/><W89/><G121/><T120/><D120/><U18/><E43/><V105/><F102/><W91/><G127/><T35/><D62/><U61/><E61/><V44/><F19/><W80/><G80/><T88/><D134/><U29/><E85/><V39/><F87/><W12/><G58/><T37/><D37/><U112/><E112/><V111/><F111/><W125/><G125/><T8/><D128/><U126/><E126/><V66/><F66/><W122/><G122/><T50/><D113/><U41/><E41/><V130/><F4/><W60/><G60/><T103/><D50/><U10/><E107/><V51/><F77/><W40/><G96/><T54/><D35/><U47/><E47/><V20/><F20/><W38/><G100/><T123/><D123/><U115/><E115/><V101/><F75/><W133/><G133/><T30/><D54/><U78/><E33/><V13/><F101/><W124/><G124/><T110/><D110/><U106/><E106/><N who="2" m="41067" /><F13/><W131/><G131/><AGARI ba="1,0" hai="39,42,44,46,51,52,53,55,129,130,131" m="41067" machi="131" ten="30,2000,0" yaku="19,1,54,1" doraHai="64" who="2" fromWho="3" sc="126,0,270,0,332,23,272,-23" owari="126,-37.0,270,7.0,355,45.0,249,-15.0" /></mjloggm>