<mjloggm ver="2.3"><GO type="169" lobby="0"/><UN n0="%E3%81%8B%E3%81%8F%E3%80%82" n1="%E5%B0%B1%E6%B4%BB%E7%94%9F%40%E5%B7%9D%E6%9D%91%E8%BB%8D%E5%9B%A3" n2="%E9%9B%AA%E4%B9%83%E7%80%AC%E9%BA%97" n3="%72%79%75%6D%69%74%69" dan="16,17,17,16" rate="2111.68,2156.42,2085.28,2072.34" sx="M,M,M,M"/><TAIKYOKU oya="0"/><INIT seed="0,0,0,0,4,21" ten="250,250,250,250" oya="0" hai0="94,25,64,4,13,48,122,126,100,47,90,2,43" hai1="19,99,84,70,7,36,113,125,80,116,34,14,92" hai2="129,38,41,102,134,132,18,124,0,63,57,37,119" hai3="16,85,130,30,35,29,65,22,28,120,108,91,118"/><T114/><D114/><U39/><E116/><V117/><F0/><W76/><G118/><N who="2" m="45065" /><F102/><W1/><G76/><T32/><D2/><U74/><E74/><V53/><F18/><W111/><G120/><T105/><D122/><U42/><E125/><V81/><F81/><W15/><G65/><T31/><D105/><U17/><E113/><V62/><F124/><W52/><G130/><T88/><D64/><U133/><E133/><N who="2" m="51307" /><F129/><W71/><G71/><T95/><D126/><U75/><E75/><V106/><F106/><W104/><G104/><T115/><D115/><U6/><E70/><V93/><F93/><W82/><G1/><T112/><D112/><U128/><E128/><V89/><F89/><W127/><G127/><T23/><D100/><U24/><E7/><V54/><F41/><W123/><G123/><T86/><D32/><U56/><E42/><V79/><F79/><W20/><G35/><T46/><D46/><U121/><E121/><V58/><AGARI ba="0,0" hai="37,38,53,54,57,58,62,63" m="51307,45065" machi="58" ten="40,8000,1" yaku="12,1,20,1,34,2" doraHai="21" who="2" fromWho="2" sc="250,-40,250,-20,250,80,250,-20" /><INIT seed="1,0,0,1,1,30" ten="210,230,330,230" oya="1" hai0="37,128,102,55,36,91,50,19,47,83,73,51,99" hai1="20,110,129,52,85,116,106,114,38,59,117,65,131" hai2="105,123,78,124,88,97,134,62,130,39,96,0,74" hai3="119,103,21,107,115,26,31,126,15,24,48,22,104"/><U95/><E38/><V118/><RYUUKYOKU type="yao9" ba="0,0" sc="210,0,230,0,330,0,230,0" hai2="0,39,62,74,78,88,96,97,105,118,123,124,130,134" /><INIT seed="1,1,0,2,0,66" ten="210,230,330,230" oya="1" hai0="44,101,92,6,108,118,109,19,21,5,123,60,37" hai1="12,83,88,31,32,78,35,110,132,128,1,38,134" hai2="52,114,17,48,102,9,20,25,115,49,8,103,96" hai3="4,16,73,29,87,34,74,61,68,129,62,75,46"/><U50/><E38/><V113/><F49/><W125/><G4/><T84/><D118/><U126/><E1/><V93/><REACH who="2" step="1"/><F103/><REACH who="2" ten="210,230,320,230" step="2"/><W57/><G125/><T100/><D123/><U120/><E126/><V45/><AGARI ba="1,1" hai="8,9,17,20,25,45,48,52,93,96,102,113,114,115" machi="45" ten="30,8000,1" yaku="1,1,2,1,0,1,11,1,54,1,53,0" doraHai="66" doraHaiUra="69" who="2" fromWho="2" sc="210,-21,230,-41,320,93,230,-21" /><INIT seed="2,0,0,2,5,76" ten="189,189,413,209" oya="2" hai0="115,87,0,77,98,34,21,44,26,56,123,5,29" hai1="82,92,97,72,42,134,48,84,95,15,100,83,19" hai2="59,4,103,131,24,96,99,14,85,129,118,50,89" hai3="25,31,106,79,71,63,33,107,30,74,122,45,36"/><V16/><F118/><W112/><G122/><T53/><D115/><U133/><E42/><V8/><F50/><W110/><G31/><T49/><D123/><U9/><E48/><V11/><F59/><W109/><G112/><T124/><D124/><U105/><E72/><V32/><F32/><W17/><G17/><T60/><D98/><U7/><E7/><V88/><F89/><W70/><G45/><T135/><D135/><N who="1" m="51723" /><E105/><N who="3" m="39946" /><G36/><T75/><D75/><U121/><E121/><V12/><F24/><W81/><G63/><T1/><D5/><U111/><E111/><AGARI ba="0,0" hai="25,30,33,70,71,74,79,81,109,110,111" m="39946" machi="111" ten="30,3900,0" yaku="14,1,23,1,52,1" doraHai="76" who="3" fromWho="1" sc="189,0,189,-39,413,0,209,39" /><INIT seed="3,0,0,3,5,41" ten="189,150,413,248" oya="3" hai0="67,56,50,21,113,80,89,112,91,0,19,32,33" hai1="108,101,68,93,107,54,44,55,96,63,122,121,5" hai2="123,134,135,62,10,102,128,81,26,94,77,45,73" hai3="53,51,99,111,114,65,15,35,78,116,46,24,106"/><W84/><G116/><T17/><D0/><U103/><E108/><V42/><F128/><W119/><G119/><T120/><D120/><U57/><E68/><V110/><F110/><W66/><G114/><N who="0" m="44139" /><D80/><U2/><E103/><V70/><F26/><W1/><G1/><T64/><D50/><U13/><E2/><V43/><F43/><W115/><G115/><T104/><D104/><U124/><E124/><V4/><F102/><W14/><G106/><T8/><D8/><U71/><E71/><V39/><F94/><W18/><G99/><T27/><D19/><U118/><E118/><V127/><F127/><W37/><G37/><T130/><D130/><U87/><E87/><V75/><F75/><W98/><G98/><T6/><D6/><U34/><E34/><N who="0" m="13417" /><D56/><U58/><E107/><V25/><F123/><W9/><G111/><T79/><D79/><U131/><E131/><V82/><F82/><W7/><G35/><T31/><D17/><U100/><E100/><V105/><F105/><W12/><G78/><T49/><D49/><N who="1" m="28967" /><E57/><V47/><F10/><W126/><G126/><T125/><D125/><U76/><E76/><V132/><F4/><W88/><G7/><T61/><D61/><U36/><E36/><V74/><F74/><W83/><G24/><T16/><D31/><U28/><E28/><V117/><F25/><W95/><G95/><T92/><D92/><U22/><E5/><V38/><F117/><W69/><G69/><T30/><D30/><U48/><E63/><V133/><N who="2" m="33792" /><DORA hai="129" /><V40/><F70/><W11/><G11/><T109/><D109/><RYUUKYOKU ba="0,0" sc="189,0,150,0,413,0,248,0" hai0="16,21,27,64,67,89,91" hai1="13,22,48,55,58,93,96,101,121,122" hai2="38,39,40,42,45,47,62,73,77,81" hai3="9,12,14,15,18,46,51,53,65,66,83,84,88" /><INIT seed="3,1,0,4,5,111" ten="189,150,413,248" oya="3" hai0="85,7,69,28,66,13,8,58,11,35,63,5,124" hai1="50,133,70,97,16,45,102,95,128,37,118,47,110" hai2="27,15,116,78,91,25,82,129,14,56,107,26,86" hai3="43,34,113,122,20,103,2,114,55,134,33,40,125"/><W68/><G122/><T120/><D124/><U60/><E110/><V61/><F107/><W18/><G125/><T104/><D104/><U46/><E118/><V115/><F115/><N who="3" m="44043" /><G103/><T21/><D120/><U101/><E128/><V88/><F129/><W9/><G68/><T49/><D35/><N who="3" m="13321" /><G55/><T131/><D131/><U99/><E133/><V42/><F42/><W74/><G74/><T0/><D85/><U39/><E50/><V71/><F71/><W87/><G87/><T90/><D90/><N who="2" m="34346" /><F116/><W108/><G43/><T126/><D126/><U48/><E48/><V6/><F6/><N who="3" m="1239" /><G40/><T67/><D49/><U65/><REACH who="1" step="1"/><E16/><REACH who="1" ten="189,140,413,248" step="2"/><V98/><F98/><W80/><G108/><T105/><D28/><U109/><E109/><V19/><F19/><W119/><G119/><T117/><D117/><U127/><E127/><V81/><F81/><W53/><G80/><T12/><D105/><AGARI ba="1,1" hai="37,39,45,46,47,60,65,70,95,97,99,101,102,105" machi="105" ten="40,1300,0" yaku="1,1,53,0" doraHai="111" doraHaiUra="135" who="1" fromWho="0" sc="189,-16,140,26,413,0,248,0" /><INIT seed="4,0,0,4,0,41" ten="173,166,413,248" oya="0" hai0="117,95,133,68,132,83,122,19,48,24,39,45,33" hai1="99,16,96,87,28,11,119,58,109,25,76,5,10" hai2="50,108,27,116,66,61,82,73,54,93,94,26,51" hai3="129,114,127,118,55,17,84,75,8,131,43,90,29"/><T78/><D68/><U56/><E119/><V85/><F73/><W49/><G118/><T110/><D117/><U2/><E109/><V126/><F108/><W36/><G114/><T71/><D71/><U12/><E76/><V42/><F126/><W20/><G75/><T123/><D39/><U125/><E125/><V67/><F42/><W35/><G127/><T135/><D95/><N who="2" m="36362" /><F50/><W86/><G90/><T65/><D65/><N who="2" m="24586" /><F61/><W91/><G91/><T81/><D110/><U59/><REACH who="1" step="1"/><E87/><REACH who="1" ten="173,156,413,248" step="2"/><V31/><F116/><W63/><G84/><N who="0" m="48183" /><D83/><U57/><N who="1" m="14848" /><DORA hai="74" /><U111/><E111/><V102/><F85/><W69/><G86/><T13/><D33/><AGARI ba="0,1" hai="2,5,10,11,12,16,25,28,33,96,99" m="14848" machi="33" ten="50,3200,0" yaku="1,1,54,1,53,0" doraHai="41,74" doraHaiUra="128,130" who="1" fromWho="0" sc="173,-32,156,42,413,0,248,0" /><INIT seed="5,0,0,2,3,121" ten="141,198,413,248" oya="1" hai0="120,64,116,99,30,45,134,66,63,107,119,104,88" hai1="74,132,43,73,79,101,29,0,5,105,111,130,37" hai2="133,50,25,39,75,117,84,109,26,69,90,35,53" hai3="48,67,14,110,34,28,82,95,57,2,58,19,55"/><U10/><E130/><V15/><F35/><W72/><G2/><T47/><D120/><U1/><E132/><V115/><F69/><W46/><G34/><T70/><D134/><U68/><E29/><V106/><F106/><W80/><G28/><T77/><D77/><U65/><E1/><V112/><F39/><W59/><G72/><T83/><D30/><U96/><E111/><V131/><F109/><W127/><G127/><T6/><D6/><U126/><E126/><V93/><F75/><W54/><G110/><T42/><D66/><U97/><E97/><V108/><F117/><W98/><G67/><T100/><D107/><U118/><E118/><V81/><F131/><W9/><REACH who="3" step="1"/><G55/><REACH who="3" ten="141,198,413,238" step="2"/><T41/><D119/><U18/><E65/><V85/><F108/><W135/><G135/><T114/><D116/><U20/><E68/><V129/><F133/><W51/><G51/><T32/><D32/><U12/><E79/><V103/><F53/><W125/><G125/><T8/><D41/><U123/><E123/><V24/><F129/><W62/><G62/><T92/><D42/><U33/><E33/><V13/><F50/><W128/><G128/><T17/><D64/><U87/><E43/><V71/><F71/><W56/><N who="3" m="14336" /><DORA hai="40" /><W102/><AGARI ba="0,1" hai="9,14,19,46,48,54,80,82,95,98,102" m="14336" machi="102" ten="40,12000,2" yaku="1,1,4,1,0,1,8,1,52,1,53,1" doraHai="121,40" doraHaiUra="21,4" who="3" fromWho="3" sc="141,-30,198,-60,413,-30,238,130" /><INIT seed="6,0,0,1,0,118" ten="111,138,383,368" oya="2" hai0="28,30,127,18,2,64,58,116,89,27,43,97,33" hai1="99,95,76,134,96,41,13,135,125,86,9,122,108" hai2="90,68,73,34,111,35,53,130,5,16,29,15,32" hai3="22,0,45,77,54,60,65,50,14,31,110,98,112"/><V72/><F68/><W115/><G0/><T129/><D43/><U37/><E108/><V103/><F29/><W117/><G110/><T133/><D2/><U109/><E109/><V6/><F111/><W4/><G117/><T83/><D116/><U19/><E125/><V40/><F103/><W124/><G124/><T17/><D127/><U88/><E122/><V91/><F40/><W93/><G77/><T42/><D42/><U67/><E67/><V47/><F130/><W48/><G4/><T79/><D129/><U66/><E66/><V51/><F5/><W11/><G11/><T26/><D133/><N who="1" m="50699" /><E76/><V49/><F49/><W94/><G50/><T8/><D8/><U57/><E57/><V10/><REACH who="2" step="1"/><F6/><REACH who="2" ten="111,138,373,368" step="2"/><W74/><G31/><T113/><D30/><U69/><E69/><V20/><F20/><W78/><G22/><T46/><D28/><U36/><E41/><V123/><F123/><W7/><G7/><T59/><D33/><U21/><E21/><V101/><F101/><W81/><G48/><T23/><D18/><U12/><E12/><V1/><F1/><W3/><G14/><T131/><D131/><U55/><E37/><V62/><F62/><W106/><G3/><T87/><D27/><U128/><E36/><V75/><AGARI ba="0,1" hai="10,15,16,32,34,35,47,51,53,72,73,75,90,91" machi="75" ten="40,7800,0" yaku="1,1,0,1,54,1,53,0" doraHai="118" doraHaiUra="102" who="2" fromWho="2" sc="111,-26,138,-26,373,88,368,-26" /><INIT seed="6,1,0,2,4,58" ten="85,112,461,342" oya="2" hai0="46,5,22,120,135,34,117,84,103,100,30,134,75" hai1="126,53,56,109,52,95,51,90,116,1,11,87,62" hai2="36,55,105,81,113,26,35,42,15,43,13,57,91" hai3="122,33,17,49,83,66,21,31,77,118,70,14,18"/><V76/><F105/><W129/><G118/><T99/><D34/><U7/><E109/><V44/><F113/><W110/><G110/><T98/><D5/><U3/><E126/><V9/><F42/><W61/><G122/><T27/><D75/><U86/><E116/><V28/><F91/><W94/><G94/><T101/><D117/><U102/><E102/><V41/><F41/><W37/><G37/><T115/><D120/><U19/><E19/><V4/><F9/><W131/><G18/><T64/><D115/><U8/><E8/><V97/><F97/><W39/><G39/><T107/><D84/><U89/><E3/><V85/><REACH who="2" step="1"/><F4/><REACH who="2" ten="85,112,451,342" step="2"/><W74/><REACH who="3" step="1"/><G49/><AGARI ba="1,1" hai="13,15,26,28,35,36,43,44,49,55,57,76,81,85" machi="49" ten="30,5800,0" yaku="1,1,2,1,7,1,53,0" doraHai="58" doraHaiUra="59" who="2" fromWho="3" sc="85,0,112,0,451,71,342,-61" /><INIT seed="6,2,0,5,0,32" ten="85,112,522,281" oya="2" hai0="69,95,132,98,58,91,112,62,26,118,87,116,100" hai1="76,117,80,107,73,19,71,119,39,134,67,106,11" hai2="120,21,93,56,121,127,75,99,49,24,33,89,65" hai3="70,135,3,28,44,12,68,10,79,92,88,104,122"/><V20/><F75/><W96/><G122/><T52/><D69/><U109/><E109/><V1/><F33/><W4/><G135/><T125/><D132/><U128/><E134/><V17/><F127/><W61/><G28/><T85/><D112/><U108/><E108/><V6/><F65/><W64/><G79/><T60/><D125/><U103/><E128/><V35/><F35/><W5/><G104/><T101/><D62/><U9/><E9/><V126/><F126/><W105/><G105/><T2/><D2/><U51/><E51/><V30/><F56/><W41/><G5/><T7/><D7/><U27/><E39/><V18/><F49/><W63/><G63/><T131/><D131/><U84/><E84/><V15/><REACH who="2" step="1"/><F30/><REACH who="2" ten="85,112,512,281" step="2"/><W14/><G68/><T129/><D129/><U113/><E67/><V25/><F25/><W22/><REACH who="3" step="1"/><G22/><REACH who="3" ten="85,112,512,271" step="2"/><T59/><D118/><U57/><E117/><V72/><F72/><W29/><G29/><T38/><D116/><U37/><E73/><V13/><F13/><W133/><G133/><T110/><D110/><U94/><E71/><V53/><F53/><W81/><G81/><T123/><D123/><U77/><E80/><V40/><F40/><W102/><G102/><T82/><D101/><U66/><E103/><V42/><F42/><W111/><G111/><T86/><D26/><U0/><E27/><V16/><F16/><W83/><G83/><T78/><D78/><U47/><E76/><V54/><F54/><W74/><G74/><T23/><D23/><U97/><E77/><V130/><F130/><W8/><G8/><AGARI ba="2,2" hai="1,6,8,15,17,18,20,21,24,89,93,99,120,121" machi="8" ten="40,7700,0" yaku="1,1,6,1,52,1,53,0" doraHai="32" doraHaiUra="55" who="2" fromWho="3" sc="85,0,112,0,512,103,271,-83" /><INIT seed="6,3,0,5,1,12" ten="85,112,615,188" oya="2" hai0="123,104,17,112,43,126,111,51,16,49,9,47,78" hai1="66,18,85,58,30,44,129,81,108,32,89,6,70" hai2="118,131,8,107,74,5,48,55,91,106,67,109,120" hai3="53,39,28,56,72,62,121,75,65,80,116,125,88"/><V76/><F118/><W46/><G116/><T22/><D123/><U13/><E108/><V0/><F131/><W10/><G121/><T1/><D111/><U36/><E129/><V79/><F120/><W134/><G134/><T133/><D104/><U23/><E70/><V127/><F127/><W95/><G125/><T68/><D68/><U45/><E36/><V14/><F67/><W27/><G10/><T50/><D126/><U29/><E6/><V3/><F74/><W92/><G92/><T7/><D133/><U135/><E135/><V113/><F3/><W19/><G80/><T42/><D112/><U11/><E32/><V100/><F113/><W82/><G82/><T54/><D43/><U77/><E77/><V59/><F109/><W105/><G105/><T33/><D33/><U98/><E98/><V99/><F107/><W35/><G39/><T20/><D78/><U61/><E23/><V119/><F119/><W122/><G122/><T71/><D71/><U101/><E101/><V87/><F0/><W4/><G4/><T117/><D117/><U93/><E93/><AGARI ba="3,0" hai="5,8,14,48,55,59,76,79,87,91,93,99,100,106" machi="93" ten="30,1500,0" yaku="7,1" doraHai="12" who="2" fromWho="1" sc="85,0,112,-24,615,24,188,0" /><INIT seed="6,4,0,0,3,115" ten="85,88,639,188" oya="2" hai0="39,15,36,58,81,35,127,94,106,16,24,108,123" hai1="25,42,87,73,11,51,109,8,122,22,31,82,121" hai2="101,61,72,57,40,2,1,45,114,78,67,99,56" hai3="54,117,85,110,60,49,76,23,80,135,66,48,116"/><V19/><F114/><W86/><G110/><T27/><D106/><U103/><E103/><V59/><F78/><W17/><G135/><T120/><D108/><U79/><E109/><V29/><F72/><W68/><G85/><T52/><D36/><U111/><E111/><V71/><F19/><W102/><G102/><T83/><D39/><U50/><E73/><V3/><F29/><W124/><G124/><T74/><D127/><U9/><REACH who="1" step="1"/><E42/><REACH who="1" ten="85,78,639,188" step="2"/><V90/><F101/><W32/><G32/><T112/><D112/><U133/><E133/><V107/><F107/><W75/><G75/><T12/><D74/><U92/><E92/><V119/><F40/><W98/><G98/><T100/><D123/><AGARI ba="4,1" hai="8,9,11,22,25,31,50,51,79,82,87,121,122,123" machi="123" ten="40,8000,1" yaku="1,1,13,1,53,3" doraHai="115" doraHaiUra="7" who="1" fromWho="0" sc="85,-92,78,102,639,0,188,0" owari="-7,-51.0,180,-22.0,639,74.0,188,-1.0" /></mjloggm>