<mjloggm ver="2.3"><GO type="169" lobby="0"/><UN n0="%E3%81%92%E3%81%A3%E3%81%A1" n1="%74%75%75%6B%61%69%33" n2="%E3%83%88%E3%83%88%E3%83%AA%E5%85%88%E7%94%9F%31%39%E6%AD%B3" n3="%E3%82%AA%E3%83%BC%E3%83%AB%EF%BC%A0%E3%83%81%E3%83%BC%E3%83%A0%54" dan="16,17,18,16" rate="2082.99,2174.87,2199.12,2105.18" sx="M,M,F,M"/><TAIKYOKU oya="0"/><INIT seed="0,0,0,4,1,82" ten="250,250,250,250" oya="0" hai0="22,64,96,73,108,10,105,32,76,21,92,43,37" hai1="0,1,7,55,20,116,112,130,58,57,42,77,111" hai2="15,56,106,100,121,114,9,68,66,46,38,124,5" hai3="3,2,59,13,93,89,81,69,85,17,62,117,98"/><T29/><D105/><U128/><E116/><V36/><F114/><W126/><G69/><T60/><D108/><U102/><E42/><V18/><F68/><W33/><G33/><T99/><D99/><U71/><E71/><V44/><F124/><W79/><G126/><T113/><D113/><U125/><E125/><V51/><F121/><W16/><G117/><T122/><D122/><U28/><E112/><V63/><F46/><W74/><G74/><T119/><D119/><U31/><E111/><V115/><F115/><W120/><G120/><T14/><D76/><U61/><E102/><V88/><F100/><W75/><G75/><T86/><D86/><U11/><E0/><V50/><F106/><W101/><G101/><T52/><D52/><N who="1" m="33959" /><E20/><V123/><F123/><W134/><G134/><T40/><D21/><U39/><E77/><V23/><F50/><W97/><G97/><T45/><D22/><U34/><E34/><V72/><F72/><W107/><G107/><T35/><D40/><U135/><E39/><V53/><REACH who="2" step="1"/><F88/><REACH who="2" ten="250,250,240,250" step="2"/><W131/><G131/><N who="1" m="50218" /><E135/><V54/><F54/><W80/><G80/><T12/><D73/><U26/><E26/><AGARI ba="0,1" hai="5,9,15,18,23,26,36,38,44,51,53,56,63,66" machi="26" ten="30,3900,0" yaku="1,1,7,1,53,1" doraHai="82" doraHaiUra="47" who="2" fromWho="1" sc="250,0,250,-39,240,49,250,0" /><INIT seed="1,0,0,4,1,3" ten="250,211,289,250" oya="1" hai0="110,90,41,113,134,108,40,114,120,117,128,91,25" hai1="126,4,19,105,85,60,116,42,99,1,23,97,115" hai2="69,62,2,8,133,84,0,24,76,127,22,78,65" hai3="104,36,109,58,30,83,106,119,47,122,125,37,64"/><U96/><E116/><V29/><F133/><W95/><G122/><T28/><D134/><U123/><E123/><V81/><F127/><W92/><G109/><N who="0" m="42091" /><D128/><U73/><E73/><V103/><F103/><W130/><G130/><T77/><D77/><U31/><E115/><N who="0" m="44041" /><D117/><U5/><E1/><V50/><F76/><W20/><G125/><T33/><D120/><U18/><E105/><V16/><F50/><W12/><G83/><T68/><D68/><U131/><E131/><V27/><REACH who="2" step="1"/><F8/><REACH who="2" ten="250,211,279,250" step="2"/><W129/><G129/><T67/><D90/><U6/><E126/><V63/><F63/><W89/><G119/><T51/><D91/><U118/><E118/><V54/><F54/><W15/><G89/><T57/><D51/><U35/><E42/><V87/><F87/><W124/><G124/><T44/><D44/><U79/><E60/><AGARI ba="0,1" hai="25,28,33,40,41,57,60,67" m="44041,42091" machi="60" ten="30,1000,0" yaku="14,1" doraHai="3" who="0" fromWho="1" sc="250,20,211,-10,279,0,250,0" /><INIT seed="2,0,0,0,5,59" ten="270,201,279,250" oya="2" hai0="11,15,107,121,49,127,117,0,36,91,89,84,98" hai1="82,80,37,52,58,42,104,72,14,45,3,95,31" hai2="6,112,13,28,115,97,109,135,96,32,27,40,46" hai3="30,108,39,34,125,123,55,73,17,116,106,79,20"/><V1/><F1/><W35/><G116/><T2/><D36/><U129/><E104/><V4/><F135/><W118/><G123/><T71/><D127/><U133/><E3/><V85/><F109/><W62/><G108/><T24/><D71/><U90/><E133/><V9/><F4/><W130/><G125/><T56/><D121/><U23/><E129/><V105/><F85/><W77/><G130/><T74/><D74/><U65/><E65/><V128/><F128/><W111/><G111/><T70/><D70/><U57/><E57/><V67/><F67/><W75/><G39/><T7/><D24/><U119/><E119/><V81/><F81/><W19/><G106/><T41/><D117/><U60/><E72/><V43/><F43/><W78/><G118/><T134/><D134/><U8/><E23/><V10/><F10/><W124/><G124/><T93/><D107/><U50/><E31/><V21/><F32/><W87/><G35/><T132/><D132/><U38/><E37/><V61/><F105/><W54/><G34/><T53/><REACH who="0" step="1"/><D41/><REACH who="0" ten="260,201,279,250" step="2"/><U51/><E38/><N who="2" m="21783" /><F115/><W101/><G75/><T26/><D26/><U66/><E42/><V88/><F112/><W126/><G73/><T86/><D86/><N who="1" m="52695" /><E50/><V44/><F27/><W12/><G126/><T102/><D102/><U47/><E47/><V92/><F44/><W18/><G101/><T25/><D25/><U29/><E29/><V113/><F28/><W83/><G30/><T94/><AGARI ba="0,1" hai="0,2,7,11,15,49,53,56,84,89,91,93,94,98" machi="94" ten="20,2700,0" yaku="1,1,0,1,7,1,53,0" doraHai="59" doraHaiUra="122" who="0" fromWho="0" sc="260,37,201,-7,279,-13,250,-7" /><INIT seed="3,0,0,5,1,47" ten="297,194,266,243" oya="3" hai0="114,69,123,53,33,6,99,39,85,86,38,45,31" hai1="64,125,102,84,48,32,135,134,83,74,92,67,80" hai2="105,11,117,70,75,111,0,76,56,12,55,78,108" hai3="82,89,36,25,43,119,2,128,30,19,24,68,13"/><W95/><G2/><T15/><D123/><U109/><E32/><V27/><F117/><W127/><G119/><T113/><D69/><U60/><E109/><N who="2" m="42059" /><F105/><W90/><G68/><T122/><D122/><U59/><E125/><V46/><F75/><W107/><G107/><T14/><D99/><U51/><E67/><V110/><F0/><W18/><G127/><T41/><D38/><U65/><E65/><V126/><F70/><W40/><G128/><T116/><D116/><U50/><E74/><V17/><F126/><W62/><G62/><T66/><D66/><U130/><E130/><V115/><F115/><N who="0" m="44042" /><D53/><U71/><E71/><V73/><F73/><W100/><G100/><T133/><D133/><N who="1" m="50699" /><E84/><N who="0" m="32361" /><D6/><U81/><E81/><V22/><F110/><W8/><G82/><T49/><D39/><U3/><E3/><V23/><F78/><W9/><G36/><T4/><D4/><U101/><E101/><V124/><F76/><W103/><G103/><T63/><D63/><U79/><E79/><V28/><F124/><W16/><G95/><T77/><D77/><U97/><AGARI ba="0,0" hai="48,50,51,59,60,64,80,83,92,97,102" m="50699" machi="97" ten="40,8000,1" yaku="20,1,52,3" doraHai="47" who="1" fromWho="1" sc="297,-20,194,80,266,-20,243,-40" /><INIT seed="4,0,0,3,5,58" ten="277,274,246,203" oya="0" hai0="129,131,25,68,15,39,57,100,65,83,12,81,118" hai1="127,87,21,32,85,40,76,64,26,99,53,54,28" hai2="0,105,77,38,13,101,3,126,78,114,44,34,107" hai3="96,82,71,117,62,63,104,134,6,113,72,80,109"/><T75/><D118/><U73/><E127/><V93/><F34/><W94/><G117/><T29/><D68/><U27/><E40/><V91/><F126/><W35/><G104/><T56/><D39/><U5/><E5/><V33/><F33/><W121/><G71/><T24/><D100/><U115/><E73/><V95/><F101/><W42/><G109/><T119/><D119/><U90/><E64/><V55/><F13/><W88/><G35/><T120/><D120/><U10/><E10/><V124/><F124/><W59/><G121/><T45/><D45/><U84/><E76/><V108/><F44/><W22/><G72/><T17/><D17/><U112/><E90/><V128/><F91/><W20/><G42/><T122/><D122/><U1/><E99/><V9/><F9/><W135/><G6/><T60/><D75/><U49/><E1/><V18/><F18/><W79/><G113/><N who="1" m="43594" /><E49/><V4/><F4/><W31/><G79/><T36/><D36/><U98/><E98/><V8/><F8/><W132/><G59/><T11/><D11/><U52/><E27/><V130/><F114/><W30/><G22/><AGARI ba="0,0" hai="21,22,26,28,32,52,53,54,84,85,87" m="43594" machi="22" ten="40,5200,0" yaku="15,1,11,1,54,1" doraHai="58" who="1" fromWho="3" sc="277,0,274,52,246,0,203,-52" /><INIT seed="5,0,0,5,5,112" ten="277,326,246,151" oya="1" hai0="28,38,26,19,77,23,94,93,46,79,83,2,68" hai1="56,11,37,124,59,119,6,54,67,18,61,99,104" hai2="110,127,122,4,117,123,24,40,35,126,10,36,65" hai3="128,73,98,84,105,115,78,51,53,95,129,47,87"/><U5/><E37/><V120/><F65/><W74/><G115/><T102/><D68/><U12/><E119/><V43/><F36/><W106/><G53/><T103/><D2/><U25/><E124/><N who="2" m="47659" /><F43/><W97/><G47/><T13/><D102/><U82/><E82/><V7/><F40/><W58/><G58/><T22/><D77/><U76/><E76/><V34/><F110/><W96/><G51/><T108/><D108/><U72/><E72/><N who="3" m="27754" /><G78/><T107/><D107/><N who="3" m="40969" /><G95/><T27/><D13/><U63/><E104/><V50/><F117/><W100/><G100/><T32/><D103/><U0/><E0/><N who="2" m="263" /><F50/><W42/><G42/><T31/><D46/><U113/><E113/><V3/><F24/><W29/><G29/><T90/><D38/><U20/><REACH who="1" step="1"/><E99/><REACH who="1" ten="277,316,246,151" step="2"/><V62/><F3/><W101/><G101/><T75/><D90/><U69/><E69/><V134/><F122/><W135/><G135/><T81/><D81/><U55/><E55/><V70/><F134/><W60/><G60/><T9/><D93/><U80/><E80/><V133/><F133/><W52/><G52/><T125/><D94/><U71/><E71/><V109/><F109/><W33/><G33/><N who="2" m="12297" /><F62/><W15/><G15/><N who="0" m="7663" /><D125/><U49/><E49/><V86/><F70/><W44/><G44/><T45/><D45/><U111/><E111/><V92/><F92/><W131/><AGARI ba="0,1" hai="84,87,96,97,98,128,129,131" m="40969,27754" machi="131" ten="50,8000,1" yaku="28,2,19,1,34,2" doraHai="112" who="3" fromWho="3" sc="277,-20,316,-40,246,-20,151,90" /><INIT seed="6,0,0,3,3,100" ten="257,276,226,241" oya="2" hai0="10,51,124,120,41,107,35,119,36,104,48,54,17" hai1="131,89,27,135,97,90,33,102,3,25,109,16,127" hai2="21,134,26,4,22,69,39,85,95,94,96,57,99" hai3="81,116,59,24,29,42,15,43,45,55,77,61,66"/><V58/><F69/><W112/><G116/><T103/><D120/><U28/><E3/><V86/><F39/><W13/><G112/><T71/><D119/><U75/><E109/><V80/><F4/><W8/><G66/><T52/><D35/><U32/><E75/><V70/><F70/><W92/><G92/><N who="2" m="35369" /><F134/><W50/><G43/><T2/><D71/><U101/><E135/><V7/><F7/><W132/><G132/><T117/><D117/><U105/><E131/><V63/><F86/><W44/><G45/><T98/><D41/><U6/><E6/><V18/><F22/><W78/><G8/><T110/><D36/><U79/><E79/><N who="2" m="46239" /><F58/><W113/><G113/><T5/><D5/><U47/><E47/><V68/><F68/><W91/><G78/><T14/><D2/><U106/><E127/><V40/><F40/><W34/><G91/><T38/><D124/><U122/><E122/><V72/><F72/><AGARI ba="0,0" hai="13,15,24,29,34,42,44,50,55,59,61,72,77,81" machi="72" ten="30,1000,0" yaku="7,1" doraHai="100" who="3" fromWho="2" sc="257,0,276,0,226,-10,241,10" /><INIT seed="7,0,0,3,4,95" ten="257,276,216,251" oya="3" hai0="38,19,107,23,92,126,13,93,135,24,9,69,17" hai1="34,86,75,52,67,80,96,100,101,47,111,55,124" hai2="5,57,25,39,99,77,64,18,102,36,45,132,87" hai3="56,73,110,27,70,115,35,112,114,8,42,125,134"/><W37/><G70/><T48/><D38/><U14/><E75/><V3/><F132/><W113/><G113/><T28/><D135/><U26/><E111/><V71/><F71/><W89/><G134/><T98/><D69/><U2/><E2/><V61/><F45/><W15/><G110/><T54/><D126/><U22/><E67/><V129/><F129/><W63/><G125/><T88/><D107/><U43/><E101/><V116/><F116/><W127/><G127/><T72/><D72/><U91/><E14/><V46/><F46/><N who="3" m="23887" /><G89/><T78/><D78/><U1/><E34/><V29/><F18/><N who="3" m="8551" /><G73/><T66/><D66/><U49/><E1/><V33/><F5/><W58/><G63/><T84/><D17/><N who="1" m="12623" /><E124/><V16/><F3/><W0/><G0/><T60/><D60/><U106/><E106/><V20/><F20/><W62/><G62/><T10/><D10/><U53/><E100/><V118/><F118/><W128/><G128/><T122/><D122/><U109/><E109/><V31/><F31/><AGARI ba="0,0" hai="27,31,35,56,58,112,114,115" m="8551,23887" machi="31" ten="30,1500,0" yaku="15,1" doraHai="95" who="3" fromWho="2" sc="257,0,276,0,216,-15,251,15" /><INIT seed="7,1,0,2,0,19" ten="257,276,201,266" oya="3" hai0="132,85,64,37,84,49,57,15,51,33,8,72,68" hai1="6,32,39,29,131,34,43,44,104,9,12,26,16" hai2="106,58,70,88,62,126,83,108,69,111,93,35,5" hai3="41,115,113,1,42,60,123,2,25,86,48,122,50"/><W97/><G97/><T71/><D37/><U112/><E104/><V14/><F106/><W23/><G86/><T38/><D38/><U56/><E112/><N who="3" m="43082" /><G60/><T7/><D132/><U74/><E74/><V46/><F35/><W96/><G96/><T55/><D33/><U0/><E131/><V65/><F126/><W101/><G101/><T119/><D72/><U94/><E56/><V67/><F83/><W76/><G76/><T116/><D116/><U117/><E94/><V78/><F78/><W134/><G50/><T24/><D119/><U125/><E117/><V118/><F118/><W13/><G13/><T4/><D49/><U47/><E47/><V80/><F80/><W89/><G89/><T18/><D68/><U31/><E125/><V100/><F100/><W120/><G134/><T54/><D71/><U75/><E75/><V36/><F58/><W63/><G63/><T128/><D128/><U10/><E31/><V127/><F127/><W82/><G82/><T91/><D91/><U87/><E87/><N who="2" m="52383" /><F69/><W129/><G129/><T73/><D73/><U92/><E92/><V99/><F99/><W121/><G121/><T53/><D84/><U61/><E61/><V95/><F95/><W90/><G90/><T98/><D85/><U109/><E109/><V103/><F67/><W114/><G114/><T135/><D98/><U130/><E130/><V124/><F124/><W3/><G48/><T107/><D64/><U102/><E102/><V40/><F103/><W79/><G79/><T21/><D135/><U11/><E34/><V66/><F66/><W110/><G110/><RYUUKYOKU ba="1,0" sc="257,-30,276,10,201,10,266,10" hai1="0,6,9,10,11,12,16,26,29,32,39,43,44" hai2="5,14,36,40,46,62,65,70,108,111" hai3="1,2,3,23,25,41,42,120,122,123" /><INIT seed="7,2,0,4,4,92" ten="227,286,211,276" oya="3" hai0="71,40,118,32,72,107,36,35,94,119,79,57,28" hai1="59,84,43,41,33,116,96,83,53,54,26,114,9" hai2="14,100,123,61,135,78,23,86,10,75,108,127,130" hai3="132,8,21,47,5,121,74,131,0,112,97,120,6"/><W69/><G69/><T110/><D110/><U2/><E116/><N who="0" m="44585" /><D57/><U29/><E54/><V67/><F108/><W55/><G74/><T60/><D94/><U38/><E38/><V70/><F75/><W22/><G6/><T34/><D107/><U81/><E81/><N who="2" m="47415" /><F100/><W20/><G112/><T115/><D115/><U102/><E114/><V124/><F23/><W103/><G131/><T63/><D63/><U109/><E2/><V122/><F135/><W77/><G77/><T68/><D28/><U3/><E9/><V37/><F37/><W111/><G132/><T65/><D71/><U76/><E3/><V95/><F95/><W133/><G133/><T15/><D15/><U129/><E129/><V125/><F130/><W51/><REACH who="3" step="1"/><G111/><REACH who="3" ten="227,286,211,266" step="2"/><T62/><D72/><U105/><E109/><V16/><AGARI ba="2,1" hai="10,14,16,61,67,70,122,123,124,125,127" m="47415" machi="16" ten="40,2700,0" yaku="18,1,54,1" doraHai="92" who="2" fromWho="2" sc="227,-9,286,-9,211,43,266,-15" /><INIT seed="8,0,0,4,4,125" ten="218,277,254,251" oya="0" hai0="100,109,44,78,95,82,64,30,61,80,81,38,74" hai1="103,85,121,73,129,126,108,58,130,57,6,33,88" hai2="50,90,17,7,71,92,18,40,2,68,119,91,45" hai3="127,3,76,23,70,13,102,12,56,105,48,98,47"/><T96/><D109/><U135/><E121/><V72/><F72/><W120/><G70/><T39/><D30/><U116/><E108/><V67/><F119/><W14/><G3/><T106/><D106/><U25/><E73/><V132/><F132/><W101/><G120/><T43/><REACH who="0" step="1"/><D38/><REACH who="0" ten="208,277,254,251" step="2"/><U131/><E116/><V0/><F71/><AGARI ba="0,1" hai="39,43,44,61,64,71,74,78,80,81,82,95,96,100" machi="71" ten="30,5800,0" yaku="1,1,2,1,7,1,53,0" doraHai="125" doraHaiUra="122" who="0" fromWho="2" sc="208,68,277,0,254,-58,251,0" /><INIT seed="8,1,0,3,3,65" ten="276,277,196,251" oya="0" hai0="86,49,20,27,55,64,38,60,127,62,119,114,39" hai1="81,50,115,19,0,76,135,48,97,128,53,83,68" hai2="125,72,18,12,35,75,99,24,106,92,102,111,110" hai3="122,21,118,73,134,3,7,31,10,28,82,41,100"/><T74/><D74/><U94/><E0/><V29/><F125/><W43/><G118/><T78/><D127/><U26/><E128/><V85/><F75/><W47/><G134/><T25/><D114/><U13/><E26/><V8/><F72/><W1/><G122/><T71/><D60/><U132/><E115/><V90/><REACH who="2" step="1"/><F106/><REACH who="2" ten="276,277,186,251" step="2"/><W34/><G3/><T5/><D119/><U91/><E132/><V79/><F79/><W89/><G34/><T130/><D78/><U45/><E135/><V129/><F129/><W84/><G73/><T69/><D130/><U93/><E76/><V113/><F113/><W33/><G33/><T16/><D38/><U112/><E112/><V67/><F67/><W59/><G100/><T80/><D39/><U22/><E91/><V126/><F126/><W124/><G124/><T30/><D64/><U117/><E93/><V61/><F61/><W109/><G109/><T88/><D62/><U56/><E94/><V95/><AGARI ba="1,1" hai="8,12,18,24,29,35,85,90,92,95,99,102,110,111" machi="95" ten="20,2700,0" yaku="1,1,0,1,7,1,53,0" doraHai="65" doraHaiUra="40" who="2" fromWho="2" sc="276,-14,277,-8,186,40,251,-8" /><INIT seed="9,0,0,1,1,67" ten="262,269,226,243" oya="1" hai0="0,20,43,53,135,110,35,129,38,50,48,108,49" hai1="5,64,95,92,31,132,86,114,90,113,56,52,96" hai2="18,76,68,24,6,111,19,93,121,84,123,7,30" hai3="22,16,89,94,32,119,9,77,40,112,66,11,71"/><U10/><E132/><V28/><F68/><W33/><G112/><T63/><D35/><U1/><E31/><N who="2" m="11819" /><F93/><W99/><G33/><T41/><D0/><U97/><E64/><V21/><F76/><W36/><G32/><T26/><D135/><U37/><E37/><V12/><F84/><W128/><G119/><T3/><D3/><U23/><E23/><N who="2" m="13439" /><F111/><W4/><G128/><T120/><D129/><U133/><E133/><V2/><F2/><W75/><G36/><T109/><D38/><U91/><E86/><V15/><F15/><W73/><G40/><T70/><D43/><U126/><E126/><V83/><F83/><W60/><G77/><T44/><D41/><U127/><E127/><V54/><F54/><W29/><G29/><T78/><D78/><U115/><E115/><V69/><F69/><W105/><G105/><T103/><D103/><U117/><E117/><V134/><F134/><W88/><G89/><T42/><D42/><U79/><E79/><V61/><F61/><AGARI ba="0,0" hai="1,5,10,52,56,61,90,91,92,95,96,97,113,114" machi="61" ten="30,5800,0" yaku="7,1,9,1,54,1" doraHai="67" who="1" fromWho="2" sc="262,0,269,58,226,-58,243,0" owari="262,6.0,327,43.0,168,-33.0,243,-16.0" /></mjloggm>