<mjloggm ver="2.3"><GO type="169" lobby="0"/><UN n0="%62%75%74%69%74%61%6D%61" n1="%E3%82%A6%E3%83%AB%E3%83%88%E3%83%A9%E7%AB%8B%E7%9B%B4" n2="%E6%99%82%E9%9B%A8%E5%BA%B5" n3="%E8%A5%BF%E5%9C%92%E5%AF%BA%E9%9D%96%E5%AD%90" dan="18,18,16,16" rate="2171.57,2209.60,2111.25,2073.80" sx="M,M,M,F"/><TAIKYOKU oya="0"/><INIT seed="0,0,0,3,3,116" ten="250,250,250,250" oya="0" hai0="118,99,86,39,66,108,101,133,14,94,23,129,48" hai1="65,8,20,87,53,114,119,107,18,131,81,45,97" hai2="68,71,27,56,55,134,44,51,36,50,109,31,100" hai3="26,3,12,89,82,83,72,90,77,70,102,110,21"/><T95/><D39/><U13/><E119/><V111/><F100/><W91/><G3/><T38/><D118/><U62/><E131/><V132/><F31/><W88/><G70/><N who="2" m="26665" /><F27/><W9/><G102/><T69/><D38/><U73/><E73/><V32/><F36/><W126/><G110/><N who="2" m="41993" /><F32/><W37/><G37/><T123/><D129/><U49/><E114/><V113/><F113/><W59/><G126/><T79/><D108/><U124/><E124/><V42/><AGARI ba="0,0" hai="42,44,50,51,55,56,132,134" m="41993,26665" machi="42" ten="40,5200,0" yaku="14,1,34,2" doraHai="116" who="2" fromWho="2" sc="250,-26,250,-13,250,52,250,-13" /><INIT seed="1,0,0,0,0,131" ten="224,237,302,237" oya="1" hai0="83,97,17,88,25,66,125,63,112,42,95,20,82" hai1="55,19,58,7,44,114,28,117,127,92,60,123,130" hai2="81,71,9,102,109,46,132,53,103,68,69,105,3" hai3="59,4,23,87,47,57,32,78,21,1,134,89,129"/><U26/><E123/><V40/><F109/><W11/><G32/><T75/><D112/><U52/><E117/><V98/><F103/><W48/><G78/><T118/><D118/><U15/><E114/><V22/><F22/><W121/><G121/><T85/><D125/><U106/><E106/><V43/><F81/><W84/><G129/><T80/><D42/><U99/><E7/><N who="2" m="1279" /><F53/><W86/><G89/><T34/><D34/><U62/><E127/><V51/><F51/><W70/><G70/><T115/><D115/><U101/><E130/><V126/><F40/><W119/><G119/><T36/><D36/><U108/><E108/><V16/><F16/><W29/><G29/><T31/><D75/><U128/><E128/><V124/><F124/><W27/><G23/><T111/><D111/><U90/><E101/><V56/><F56/><W10/><G10/><T79/><REACH who="0" step="1"/><D31/><REACH who="0" ten="214,237,302,237" step="2"/><U5/><E28/><V74/><F74/><W30/><G30/><T2/><D2/><U49/><E5/><V37/><F126/><W65/><G4/><T35/><D35/><U104/><E104/><V54/><F54/><W110/><G1/><T14/><D14/><U76/><E26/><V73/><F73/><W33/><G27/><T67/><D67/><U6/><E6/><V94/><F37/><W93/><G65/><T8/><D8/><N who="1" m="6631" /><E62/><V41/><F43/><W91/><G11/><T133/><D133/><U45/><E45/><V107/><F132/><W135/><G134/><T24/><D24/><U100/><E100/><V0/><F0/><W96/><G135/><T64/><D64/><RYUUKYOKU ba="0,1" sc="214,10,237,10,302,10,237,-30" hai0="17,20,25,63,66,79,80,82,83,85,88,95,97" hai1="44,49,52,55,58,60,76,90,92,99" hai2="41,46,68,69,71,94,98,102,105,107" /><INIT seed="1,1,1,0,5,101" ten="224,247,312,207" oya="1" hai0="57,126,37,127,89,135,50,20,134,113,103,23,112" hai1="69,27,95,36,60,133,46,115,132,17,85,16,48" hai2="83,40,15,10,130,92,117,31,56,105,30,104,22" hai3="34,93,45,61,98,66,38,1,19,114,24,43,5"/><U72/><E36/><V120/><F117/><W14/><G1/><T6/><D89/><N who="1" m="53679" /><E72/><V52/><F120/><W79/><G114/><N who="0" m="44139" /><D103/><U119/><E119/><V64/><F40/><W86/><G5/><T59/><D6/><U0/><E0/><V116/><F116/><W32/><G24/><T100/><D100/><U109/><E115/><V124/><F92/><W68/><G98/><T96/><D96/><U99/><E99/><V75/><F64/><W71/><G71/><T80/><D80/><U67/><E27/><V110/><F124/><N who="0" m="47658" /><D37/><U47/><E16/><V111/><F130/><W4/><G4/><T26/><D26/><U123/><E17/><N who="2" m="8439" /><F83/><W78/><G93/><T55/><D57/><U118/><E118/><V82/><F82/><W129/><G129/><T94/><D94/><U131/><E131/><V12/><F75/><W73/><G73/><T2/><D2/><U65/><E123/><V18/><F30/><W39/><G39/><T28/><D28/><U62/><E69/><V90/><F31/><W106/><G68/><T51/><D51/><U91/><E48/><N who="2" m="30727" /><F90/><W9/><G38/><T7/><D7/><U49/><E49/><V121/><F121/><W81/><G81/><T77/><D77/><U97/><E91/><V70/><F70/><W35/><G79/><T102/><D102/><U76/><E76/><V54/><F54/><W25/><G78/><T29/><D29/><U44/><E97/><V108/><AGARI ba="1,1" hai="12,18,22,104,105,108,110,111" m="30727,8439" machi="108" ten="30,7900,0" yaku="14,1,52,2,54,1" doraHai="101" who="2" fromWho="2" sc="224,-21,247,-40,312,92,207,-21" /><INIT seed="2,0,0,4,4,35" ten="203,207,404,186" oya="2" hai0="69,101,52,74,87,11,2,93,54,56,124,77,118" hai1="15,7,45,50,26,103,16,115,19,131,111,29,60" hai2="14,64,108,95,20,88,40,68,43,39,98,27,121" hai3="12,33,25,86,59,31,10,129,79,112,76,85,110"/><V49/><F121/><W37/><G37/><T130/><D69/><U44/><E115/><V119/><F119/><W47/><G110/><T123/><D123/><U104/><E111/><V8/><F39/><W57/><G129/><T72/><D130/><U133/><E131/><V28/><F108/><W6/><G112/><T75/><D124/><U17/><E133/><V21/><F21/><W107/><G107/><T113/><D113/><U99/><E60/><V114/><F114/><W61/><G47/><T127/><D127/><U34/><REACH who="1" step="1"/><E50/><REACH who="1" ten="203,197,404,186" step="2"/><V65/><F49/><W117/><G117/><T46/><D118/><U96/><E96/><V90/><F68/><W122/><G122/><T116/><D116/><U132/><E132/><V71/><F71/><W78/><REACH who="3" step="1"/><G59/><REACH who="3" ten="203,197,404,176" step="2"/><T58/><D58/><U66/><E66/><AGARI ba="0,2" hai="6,10,12,25,31,33,57,61,66,76,78,79,85,86" machi="66" ten="40,5200,0" yaku="1,1,2,1,53,1" doraHai="35" doraHaiUra="23" who="3" fromWho="1" sc="203,0,197,-52,404,0,176,72" /><INIT seed="3,0,0,2,4,78" ten="203,145,404,248" oya="3" hai0="37,12,131,66,126,56,101,57,58,69,31,99,7" hai1="82,107,72,51,39,100,132,87,38,20,71,54,124" hai2="128,108,2,28,60,73,26,135,47,110,16,27,24" hai3="85,94,96,86,111,70,119,88,129,46,32,115,95"/><W67/><G115/><T23/><D37/><U0/><E124/><V8/><F73/><W42/><G119/><T19/><D126/><U81/><E132/><V83/><F135/><W17/><G32/><T121/><D121/><U103/><E71/><V45/><F60/><W25/><G129/><T84/><D131/><U59/><E0/><V105/><F105/><W3/><G3/><T1/><D31/><U49/><E39/><V97/><F97/><W92/><G111/><N who="2" m="42537" /><F28/><W61/><G96/><T36/><D36/><U64/><E38/><V104/><F104/><W77/><G77/><T44/><D44/><U118/><E64/><V90/><F128/><W18/><G25/><T21/><D21/><U74/><E74/><V134/><F134/><W133/><G133/><T130/><D130/><U68/><E68/><V4/><F16/><W9/><G9/><T40/><D69/><U35/><E72/><V33/><F33/><W43/><G85/><AGARI ba="0,0" hai="2,4,8,24,26,27,45,47,83,85,90" m="42537" machi="85" ten="30,2000,0" yaku="14,1,52,1" doraHai="78" who="2" fromWho="3" sc="203,0,145,0,404,20,248,-20" /><INIT seed="4,0,0,1,4,43" ten="203,145,424,228" oya="0" hai0="78,45,134,13,92,113,95,37,127,69,121,67,32" hai1="48,41,104,74,131,81,24,3,101,53,99,50,109" hai2="21,36,129,102,6,116,110,64,87,132,27,29,91" hai3="10,96,84,71,22,2,39,85,94,117,9,108,107"/><T112/><D32/><U119/><E3/><V14/><F110/><W65/><G108/><T93/><D121/><U103/><E119/><V68/><F36/><W30/><G117/><T49/><D37/><U100/><E109/><V123/><F123/><W115/><G107/><T38/><D38/><U126/><E126/><V80/><F116/><W35/><G35/><T106/><D106/><U82/><E131/><V15/><F15/><W62/><G39/><T72/><D127/><U25/><E99/><V59/><F68/><W73/><G73/><T31/><D31/><U4/><E4/><V58/><F132/><W17/><G30/><T122/><D122/><U118/><E118/><V19/><F6/><W79/><G115/><N who="0" m="44107" /><D134/><U34/><E104/><V133/><F133/><W90/><G2/><T47/><D49/><U98/><E98/><V88/><F102/><W70/><G70/><T28/><D28/><U83/><E74/><V89/><F64/><W54/><G54/><T61/><D13/><U130/><E34/><V33/><REACH who="2" step="1"/><F129/><REACH who="2" ten="203,145,414,228" step="2"/><W51/><G65/><T86/><D72/><U120/><E130/><V63/><F63/><W23/><G62/><T105/><D105/><U46/><REACH who="1" step="1"/><E120/><REACH who="1" ten="203,135,414,228" step="2"/><V5/><F5/><W114/><G114/><T56/><D69/><U52/><E52/><V75/><F75/><W0/><G0/><T66/><D66/><U97/><E97/><V128/><F128/><W20/><G96/><T11/><D67/><U7/><E7/><V40/><F40/><W60/><G71/><T16/><D86/><U1/><E1/><V125/><F125/><RYUUKYOKU ba="0,2" sc="203,-15,135,15,414,15,228,-15" hai1="24,25,41,46,48,50,53,81,82,83,100,101,103" hai2="14,19,21,27,29,33,58,59,80,87,88,89,91" /><INIT seed="5,1,2,5,1,60" ten="188,150,429,213" oya="1" hai0="8,67,17,6,20,66,24,94,34,135,115,1,112" hai1="64,122,36,120,133,102,134,25,111,3,48,72,124" hai2="27,32,45,62,89,23,58,101,55,41,44,40,22" hai3="47,82,125,61,35,80,30,119,21,14,110,116,83"/><U50/><E3/><V100/><F32/><W38/><G110/><T77/><D135/><N who="1" m="51723" /><E72/><V59/><F89/><W52/><G125/><T98/><D77/><U113/><E111/><V99/><F59/><N who="3" m="35047" /><G35/><T127/><D34/><U18/><E124/><V131/><F131/><W91/><G91/><N who="0" m="55647" /><D127/><U71/><E36/><V2/><F2/><W117/><G30/><T84/><D84/><U10/><E102/><N who="2" m="39531" /><F99/><W12/><G21/><N who="2" m="7689" /><F27/><W90/><G90/><T73/><D73/><U129/><E129/><V114/><F114/><AGARI ba="1,2" hai="1,6,8,17,20,24,66,67,112,114,115" m="55647" machi="114" ten="30,3900,0" yaku="15,1,52,2" doraHai="60" who="0" fromWho="2" sc="188,62,150,0,429,-42,213,0" /><INIT seed="6,0,0,2,4,39" ten="250,150,387,213" oya="2" hai0="86,76,50,51,8,65,63,88,126,3,24,83,1" hai1="98,38,53,131,36,30,133,22,20,95,118,32,111" hai2="21,110,35,116,102,49,77,29,80,68,26,92,122" hai3="84,130,2,125,45,104,103,10,82,9,48,40,109"/><V75/><F116/><W89/><G109/><T54/><D126/><U14/><E111/><V91/><F68/><W99/><G130/><T33/><D33/><U74/><E118/><V64/><F64/><W23/><G125/><T71/><D24/><U113/><E131/><V56/><F110/><W55/><G2/><T17/><D51/><U97/><E113/><V11/><F11/><W15/><G23/><T47/><D76/><U52/><E133/><V43/><F102/><W69/><G69/><T93/><D93/><U101/><E74/><V132/><F132/><W46/><REACH who="3" step="1"/><G15/><AGARI ba="0,0" hai="1,3,8,15,17,47,50,54,63,65,71,83,86,88" machi="15" ten="40,5200,0" yaku="25,2,54,1" doraHai="39" who="0" fromWho="3" sc="250,52,150,0,387,0,213,-52" /><INIT seed="7,0,0,3,4,82" ten="302,150,387,161" oya="3" hai0="50,33,121,30,19,104,4,53,87,60,31,3,133" hai1="119,20,28,95,124,68,118,52,120,98,62,107,86" hai2="46,58,80,100,11,112,43,69,59,83,105,131,110" hai3="32,56,39,5,113,128,16,71,79,21,103,91,111"/><W130/><G71/><T18/><D104/><U26/><E120/><V115/><F110/><W34/><G39/><T93/><D121/><U42/><E42/><V85/><F69/><W23/><G103/><T55/><D133/><U14/><E107/><V88/><F11/><W15/><G79/><T17/><D33/><N who="3" m="12905" /><G91/><N who="0" m="53503" /><D3/><U90/><E124/><V51/><F131/><N who="3" m="50219" /><G56/><N who="0" m="34847" /><D4/><U77/><E14/><V74/><F74/><W129/><G129/><T102/><D102/><U25/><E25/><V1/><F1/><W134/><G113/><N who="2" m="43593" /><F80/><W12/><G134/><T116/><D116/><N who="1" m="44587" /><E77/><V99/><AGARI ba="0,0" hai="43,46,51,58,59,83,85,88,99,100,105" m="43593" machi="99" ten="30,4000,0" yaku="15,1,52,1,54,1" doraHai="82" who="2" fromWho="2" sc="302,-10,150,-10,387,40,161,-20" owari="292,9.0,140,-36.0,427,53.0,141,-26.0" /></mjloggm>