<mjloggm ver="2.3"><GO type="169" lobby="0"/><UN n0="%E3%83%88%E3%83%88%E3%83%AA%E5%85%88%E7%94%9F%31%39%E6%AD%B3" n1="%E3%82%84%E3%81%B6%E3%81%84%E3%81%97" n2="%E2%98%86%E3%83%89%E3%83%8A%E3%83%AB%E3%83%89%E6%95%99%E5%BE%92%E2%98%86" n3="%E3%81%99%E3%81%BF%E3%82%84%E3%81%AB" dan="19,17,16,16" rate="2282.91,2167.61,2007.81,2092.02" sx="F,M,M,M"/><TAIKYOKU oya="0"/><INIT seed="0,0,0,2,3,109" ten="250,250,250,250" oya="0" hai0="19,93,13,107,64,119,42,65,86,135,58,100,95" hai1="25,44,67,103,85,14,43,87,74,11,69,128,18" hai2="130,6,66,56,77,53,75,20,81,133,15,48,97" hai3="34,12,21,2,36,71,27,23,16,47,22,122,96"/><T26/><D119/><U115/><E74/><V89/><F130/><W80/><G71/><T7/><D135/><U73/><E73/><V118/><F133/><W45/><G36/><T112/><D112/><U3/><E128/><V4/><F118/><W117/><G117/><T60/><D107/><U24/><E3/><V54/><F66/><W10/><G80/><T50/><D7/><U62/><E103/><V129/><F129/><W29/><G96/><T88/><D64/><U79/><E115/><V94/><F15/><W110/><G110/><T5/><D5/><U131/><E131/><V41/><F41/><W51/><G47/><N who="0" m="25975" /><D26/><U92/><E92/><V46/><REACH who="2" step="1"/><F20/><REACH who="2" ten="250,250,240,250" step="2"/><W104/><G122/><T70/><D70/><U116/><E116/><V108/><F108/><W63/><G23/><N who="0" m="11759" /><D100/><U111/><E111/><V0/><F0/><W31/><G2/><T98/><D98/><U134/><E134/><V126/><F126/><W40/><G12/><T132/><D132/><U68/><E68/><V125/><F125/><W28/><G22/><T105/><D105/><U38/><E25/><V84/><F84/><W106/><G104/><T55/><D65/><U83/><E24/><V114/><F114/><W33/><G106/><T72/><D72/><U76/><E87/><V9/><F9/><W35/><G10/><T101/><D101/><U17/><E79/><V32/><F32/><W1/><G1/><T102/><D102/><U121/><E121/><V57/><F57/><W91/><G91/><T61/><D95/><U127/><E127/><V37/><F37/><W82/><G82/><RYUUKYOKU ba="0,1" sc="250,0,250,0,240,0,250,0" hai0="55,58,60,61,86,88,93" hai1="11,14,17,18,38,43,44,62,67,69,76,83,85" hai2="4,6,46,48,53,54,56,75,77,81,89,94,97" hai3="16,21,27,28,29,31,33,34,35,40,45,51,63" /><INIT seed="0,1,1,5,4,68" ten="250,250,240,250" oya="0" hai0="24,46,45,72,81,91,95,74,23,107,111,86,38" hai1="9,129,76,41,96,61,97,98,122,56,78,134,5" hai2="39,40,113,73,71,70,35,21,117,92,6,127,49" hai3="0,114,12,52,51,60,124,89,94,132,31,59,2"/><T33/><D107/><U99/><E122/><V104/><F21/><W50/><G114/><T75/><D33/><U83/><E134/><V22/><F22/><W119/><G119/><T20/><D111/><U123/><E123/><V130/><F6/><W7/><G132/><T27/><D38/><U82/><E129/><V55/><F92/><W128/><G128/><T15/><D15/><N who="1" m="5551" /><E41/><V125/><F55/><W102/><G102/><T101/><D101/><U25/><E25/><V43/><F49/><W131/><G131/><T42/><D42/><U93/><E78/><V109/><F40/><W112/><G112/><T29/><REACH who="0" step="1"/><D81/><REACH who="0" ten="240,250,240,250" step="2"/><U18/><E83/><V80/><F43/><W1/><G12/><T36/><D36/><U77/><E82/><V44/><F80/><W58/><G2/><T63/><D63/><U19/><E77/><V48/><F113/><W34/><G1/><T85/><D85/><U67/><E76/><V69/><F104/><W118/><G0/><T126/><D126/><U116/><E116/><V79/><F117/><W53/><G124/><T65/><D65/><U115/><E115/><V8/><F125/><W30/><G118/><T103/><D103/><AGARI ba="1,2" hai="18,19,56,61,67,93,96,97,98,99,103" m="5551" machi="103" ten="30,1000,0" yaku="8,1" doraHai="68" who="1" fromWho="0" sc="240,-13,250,33,240,0,250,0" /><INIT seed="1,0,0,2,2,107" ten="227,283,240,250" oya="1" hai0="103,35,40,66,1,114,50,105,6,36,22,38,46" hai1="9,54,70,33,57,121,86,120,94,76,18,19,67" hai2="106,111,23,3,20,95,97,130,90,73,81,7,65" hai3="125,28,71,109,115,60,102,134,127,8,11,88,58"/><U104/><E104/><V126/><F111/><W37/><G115/><T13/><D114/><U15/><E33/><V89/><F130/><W68/><G37/><T101/><D35/><U79/><E70/><V132/><F132/><W110/><G102/><T80/><D1/><U85/><E67/><V16/><F126/><N who="3" m="48139" /><G28/><T2/><D2/><U56/><E121/><V31/><F65/><W87/><G11/><T43/><D43/><U123/><E123/><V51/><F51/><W135/><G8/><T52/><D66/><U72/><E120/><V129/><F129/><W93/><G58/><T42/><D42/><U92/><E54/><V21/><F106/><W45/><G45/><T64/><D64/><U84/><E9/><V14/><F31/><W83/><G60/><T5/><D38/><U24/><E15/><V34/><F34/><W122/><G122/><T63/><D63/><U0/><E0/><V91/><F7/><W30/><G30/><T133/><D133/><N who="3" m="50697" /><G83/><T108/><D80/><U26/><REACH who="1" step="1"/><E85/><REACH who="1" ten="227,273,240,250" step="2"/><V17/><F3/><W100/><G100/><T77/><D103/><U69/><E69/><AGARI ba="0,1" hai="68,69,71,87,88,93,109,110" m="50697,48139" machi="69" ten="40,5200,0" yaku="18,1,20,1,54,1" doraHai="107" who="3" fromWho="1" sc="227,0,273,-52,240,0,250,62" /><INIT seed="2,0,0,0,0,85" ten="227,221,240,312" oya="2" hai0="14,80,57,91,134,130,36,39,73,113,28,75,63" hai1="7,67,50,86,89,27,107,68,6,124,82,16,126" hai2="69,46,83,41,118,35,38,88,97,19,62,15,42" hai3="122,103,64,3,30,78,106,58,99,17,32,108,8"/><V90/><F35/><W34/><G122/><T37/><D113/><U109/><E107/><V96/><F118/><W111/><G30/><T135/><D130/><U95/><E109/><N who="3" m="42058" /><G78/><T53/><D28/><U5/><E50/><V114/><F114/><W98/><G98/><T112/><D112/><U45/><E45/><V29/><F29/><W11/><G17/><T40/><D14/><U44/><E44/><V102/><F83/><W60/><G3/><T133/><D40/><U59/><E68/><V84/><F84/><AGARI ba="0,0" hai="36,37,39,53,57,63,73,75,80,84,91,133,134,135" machi="84" ten="50,3200,0" yaku="20,1,52,1" doraHai="85" who="0" fromWho="2" sc="227,32,221,0,240,-32,312,0" /><INIT seed="3,0,0,2,0,71" ten="259,221,208,312" oya="3" hai0="70,123,119,20,124,19,84,130,93,126,98,94,88" hai1="43,107,77,55,17,102,112,34,73,46,116,110,79" hai2="67,74,120,40,39,38,95,10,105,23,58,50,60" hai3="44,27,54,11,68,83,128,7,30,118,104,113,12"/><W16/><G68/><T8/><D119/><U28/><E112/><V134/><F105/><W100/><G113/><T59/><D70/><U5/><E116/><V42/><F74/><W25/><G118/><T75/><D123/><U65/><E65/><V0/><F120/><W1/><G128/><T109/><D75/><U24/><E55/><V9/><F134/><W115/><G115/><T49/><D130/><U99/><E110/><V6/><F23/><W135/><G135/><T63/><D8/><U32/><E5/><V101/><F10/><W103/><G104/><T31/><D109/><U64/><E64/><V114/><F114/><W87/><G44/><T53/><D31/><U51/><E34/><V97/><REACH who="2" step="1"/><F50/><REACH who="2" ten="259,221,198,312" step="2"/><W121/><G121/><T89/><REACH who="0" step="1"/><D49/><REACH who="0" ten="249,221,198,312" step="2"/><U91/><E73/><V22/><F22/><W45/><G11/><T57/><D57/><U3/><E32/><V62/><F62/><W86/><G45/><T133/><D133/><U78/><E51/><V96/><F96/><W80/><G87/><T129/><D129/><U56/><E46/><V48/><F48/><W66/><G86/><T92/><D92/><U18/><E56/><V125/><F125/><W33/><G33/><T131/><D131/><U106/><E106/><V2/><F2/><W13/><G1/><T61/><D61/><U36/><E3/><V76/><F76/><W82/><G82/><T4/><D4/><U14/><E78/><V85/><F85/><W111/><G7/><T26/><AGARI ba="0,2" hai="19,20,26,53,59,63,84,88,89,93,94,98,124,126" machi="26" ten="30,8000,1" yaku="1,1,0,1,25,2,54,1,53,0" doraHai="71" doraHaiUra="69" who="0" fromWho="0" sc="249,100,221,-20,198,-20,312,-40" /><INIT seed="4,0,0,1,2,2" ten="349,201,178,272" oya="0" hai0="85,35,9,124,48,98,39,54,130,25,111,75,49" hai1="115,42,113,1,114,14,84,122,46,60,45,97,62" hai2="86,10,128,16,8,67,51,69,59,7,11,91,63" hai3="29,4,80,40,3,119,118,101,92,81,44,0,73"/><T89/><D39/><U72/><E1/><V96/><F128/><W71/><G3/><T109/><D75/><U15/><E72/><V18/><F96/><W47/><G71/><T77/><D130/><U64/><E122/><V23/><F69/><W117/><G29/><N who="0" m="19887" /><D77/><U78/><E97/><V134/><F51/><W104/><G92/><N who="0" m="54319" /><D54/><U88/><E78/><V61/><F61/><N who="1" m="23657" /><E64/><V17/><F134/><W112/><G81/><T127/><D98/><U70/><E70/><V110/><F110/><N who="0" m="41994" /><D9/><U93/><E46/><V52/><F67/><W68/><G47/><T28/><D28/><U33/><E33/><V57/><F57/><W126/><G68/><T12/><D12/><U90/><E90/><V34/><F34/><W53/><G73/><T22/><D22/><U79/><E79/><V94/><F23/><W5/><G44/><T107/><D107/><U106/><E106/><V133/><REACH who="2" step="1"/><F133/><REACH who="2" ten="349,201,168,272" step="2"/><W21/><G21/><T129/><D129/><U103/><E103/><V43/><F43/><W125/><G40/><T13/><D49/><AGARI ba="0,1" hai="14,15,42,45,49,84,88,93,113,114,115" m="23657" machi="49" ten="30,3900,0" yaku="15,1,11,1,54,1" doraHai="2" who="1" fromWho="0" sc="349,-39,201,49,168,0,272,0" /><INIT seed="5,0,0,0,3,93" ten="310,250,168,272" oya="1" hai0="109,124,9,47,82,129,15,107,32,20,130,18,42" hai1="106,2,48,58,101,62,49,110,91,90,25,72,4" hai2="17,128,108,98,12,65,35,112,81,120,50,61,80" hai3="118,36,34,19,11,27,16,24,39,33,116,30,131"/><U53/><E72/><V113/><F120/><W31/><REACH who="3" step="1"/><G11/><REACH who="3" ten="310,250,168,262" step="2"/><T76/><D9/><U44/><E110/><V77/><F108/><W70/><G70/><T66/><D109/><U68/><E68/><V114/><F112/><W8/><G8/><T21/><D129/><AGARI ba="0,1" hai="16,19,24,27,30,31,33,34,36,39,116,118,129,131" machi="129" ten="25,8000,1" yaku="21,2,22,2,54,1,53,0" doraHai="93" doraHaiUra="132" who="3" fromWho="0" sc="310,-80,250,0,168,0,262,90" /><INIT seed="6,0,0,1,3,113" ten="230,250,168,352" oya="2" hai0="67,70,129,66,74,8,42,130,33,99,26,3,119" hai1="15,93,4,105,89,73,96,30,98,79,86,132,77" hai2="121,131,28,120,38,64,0,76,110,133,65,127,63" hai3="55,107,41,6,118,20,82,22,72,45,84,108,21"/><V53/><F0/><W90/><G118/><T92/><D74/><U59/><E30/><V83/><F28/><W104/><G72/><T46/><D119/><U100/><E59/><N who="2" m="35311" /><F38/><W135/><G108/><T23/><D33/><U29/><E29/><V117/><F117/><W17/><G135/><T101/><D70/><U112/><E132/><V102/><F133/><W14/><G107/><T10/><D23/><U27/><E27/><V114/><F102/><W37/><G104/><T13/><D26/><U116/><E116/><V95/><F95/><W123/><G123/><T9/><D13/><U40/><E112/><V43/><F43/><W126/><G126/><T87/><D87/><U85/><E40/><V57/><F57/><W16/><G55/><T128/><REACH who="0" step="1"/><D3/><REACH who="0" ten="220,250,168,352" step="2"/><U68/><E68/><V61/><F114/><W1/><G1/><T35/><D35/><U54/><E15/><V47/><F120/><W49/><G14/><T109/><D109/><U124/><E73/><N who="2" m="43407" /><F121/><W11/><G22/><T50/><AGARI ba="0,1" hai="8,9,10,42,46,50,66,67,92,99,101,128,129,130" machi="50" ten="40,5200,0" yaku="1,1,0,1,19,1,53,0" doraHai="113" doraHaiUra="103" who="0" fromWho="0" sc="220,62,250,-13,168,-26,352,-13" /><INIT seed="7,0,0,5,2,87" ten="282,237,142,339" oya="3" hai0="9,2,79,6,125,110,11,56,41,52,76,102,77" hai1="92,96,101,93,72,30,112,117,25,121,94,84,128" hai2="54,38,37,74,19,26,67,13,57,53,91,97,119" hai3="107,20,103,12,83,104,49,127,3,109,7,27,75"/><W55/><G3/><T23/><D110/><U45/><E121/><V14/><F74/><W133/><G103/><T99/><D125/><U122/><E122/><V48/><F119/><W73/><G104/><T17/><D41/><U44/><E72/><V81/><F67/><W129/><G107/><T131/><D131/><U86/><E128/><V15/><F38/><W88/><G7/><T59/><D59/><U116/><E112/><V82/><F37/><W40/><G12/><T34/><D34/><U28/><E25/><V8/><F54/><W51/><G40/><T78/><D78/><U98/><E93/><V135/><F135/><W134/><G51/><T50/><D11/><U5/><E5/><V85/><F97/><W90/><G127/><T60/><D50/><U130/><E130/><V36/><F36/><W29/><G109/><T100/><REACH who="0" step="1"/><D99/><REACH who="0" ten="272,237,142,339" step="2"/><U120/><E120/><V1/><F1/><W47/><G129/><T111/><D111/><U123/><E123/><V4/><REACH who="2" step="1"/><F82/><REACH who="2" ten="272,237,132,339" step="2"/><W106/><G83/><T33/><D33/><U124/><E124/><V46/><F46/><W21/><G47/><T65/><D65/><U31/><E45/><V114/><F114/><W66/><G66/><T132/><D132/><U24/><E44/><V115/><F115/><W18/><G134/><T70/><D70/><U118/><E98/><V42/><F42/><W105/><G133/><T58/><D58/><U16/><E96/><V32/><F32/><W39/><G39/><T0/><D0/><U43/><E117/><V71/><F71/><W35/><G35/><T108/><D108/><RYUUKYOKU ba="0,2" sc="272,15,237,-15,132,15,339,-15" hai0="2,6,9,17,23,52,56,60,76,77,79,100,102" hai2="4,8,13,14,15,19,26,48,53,57,81,85,91" owari="287,9.0,222,-18.0,147,-35.0,344,44.0" /></mjloggm>