<mjloggm ver="2.3"><GO type="169" lobby="0"/><UN n0="%E3%83%88%E3%83%88%E3%83%AA%E5%85%88%E7%94%9F%31%39%E6%AD%B3" n1="%E3%82%AB%E3%83%9C%E3%83%81%E3%83%A3%E3%82%BF%E3%83%8D" n2="%E4%B8%A6%E3%81%BF%E3%81%AE%E7%AB%9C" n3="%73%68%6F%6B%6F%6C%61%32" dan="19,16,17,17" rate="2261.22,2202.43,2200.78,2141.23" sx="F,M,M,M"/><TAIKYOKU oya="0"/><INIT seed="0,0,0,5,4,9" ten="250,250,250,250" oya="0" hai0="7,28,67,124,57,98,90,24,82,5,86,73,128" hai1="1,76,78,22,52,133,96,68,53,19,58,121,63" hai2="46,55,2,122,4,132,127,69,110,23,6,59,45" hai3="13,125,50,72,29,15,112,120,104,8,14,3,31"/><T16/><D128/><U20/><E121/><V106/><F69/><W64/><G104/><T135/><D135/><U66/><E133/><V30/><F106/><W91/><G72/><T74/><D124/><U111/><E111/><V113/><F110/><W126/><G112/><T32/><D67/><U108/><E108/><V103/><F103/><W37/><G37/><T10/><D57/><U83/><E1/><V49/><F122/><W81/><G64/><T88/><D7/><U105/><E20/><V119/><F113/><W65/><G65/><T85/><D98/><U48/><E83/><V21/><F119/><W99/><G120/><T102/><D102/><U56/><E96/><V62/><F45/><W26/><G50/><T118/><D118/><U117/><E105/><V11/><F127/><N who="3" m="48651" /><G8/><T87/><D16/><U71/><E117/><V61/><F62/><W100/><G3/><T40/><D40/><U89/><E71/><V41/><F132/><W33/><G31/><T130/><D130/><U18/><E18/><V75/><F30/><W134/><G134/><T54/><D54/><U60/><REACH who="1" step="1"/><E89/><REACH who="1" ten="250,240,250,250" step="2"/><V36/><F75/><W93/><G81/><T131/><D131/><U17/><E17/><V109/><F109/><W34/><G91/><N who="0" m="34859" /><D82/><U25/><AGARI ba="0,1" hai="19,22,25,48,52,53,56,58,60,63,66,68,76,78" machi="25" ten="20,5200,0" yaku="1,1,0,1,7,1,54,1,53,0" doraHai="9" doraHaiUra="0" who="1" fromWho="1" sc="250,-26,240,62,250,-13,250,-13" /><INIT seed="1,0,0,5,3,112" ten="224,302,237,237" oya="1" hai0="68,78,92,73,28,31,41,71,35,101,22,2,129" hai1="108,67,44,100,10,45,0,56,23,95,93,70,13" hai2="132,131,55,134,66,120,16,94,40,29,123,121,85" hai3="1,36,116,118,34,3,104,19,8,33,18,114,30"/><U124/><E124/><V4/><F29/><W110/><G104/><T74/><D2/><N who="3" m="521" /><G36/><T111/><D22/><U103/><E70/><V39/><F4/><W17/><G114/><T27/><D92/><N who="1" m="35403" /><E23/><V15/><F66/><W43/><G43/><T52/><D41/><U119/><E0/><V48/><F40/><W133/><G110/><T82/><D111/><U32/><E32/><N who="3" m="12394" /><G133/><T7/><D35/><U54/><E67/><V90/><F39/><W5/><G30/><T26/><D28/><U126/><E126/><V127/><F127/><W87/><G87/><T106/><D31/><U47/><E108/><V14/><F14/><AGARI ba="0,0" hai="5,8,14,17,18,19,116,118" m="12394,521" machi="14" ten="40,8000,1" yaku="34,2,52,2" doraHai="112" who="3" fromWho="2" sc="224,0,302,0,237,-80,237,80" /><INIT seed="2,0,0,2,1,21" ten="224,302,157,317" oya="2" hai0="53,118,60,94,92,90,108,121,16,51,24,93,65" hai1="18,47,37,32,43,4,128,41,14,39,49,124,73" hai2="25,123,69,42,2,134,40,12,122,98,55,104,109" hai3="78,75,81,102,110,95,52,79,125,83,1,50,77"/><V30/><F69/><W63/><G1/><T127/><D121/><U48/><E128/><V7/><F2/><W112/><G110/><T17/><D108/><U28/><E124/><V9/><F134/><W59/><G125/><T105/><D105/><U67/><E4/><V66/><F109/><W85/><G112/><T27/><D127/><U126/><E73/><V11/><F66/><W129/><G129/><T132/><D132/><U33/><E67/><V113/><F11/><W3/><G3/><T29/><D90/><U111/><E111/><V72/><F72/><W84/><G75/><T34/><D118/><U131/><E131/><V87/><F87/><W46/><G79/><T91/><D91/><U58/><E126/><V22/><F113/><W68/><G68/><T89/><D89/><U103/><E103/><V15/><F15/><W20/><G20/><T130/><D130/><U117/><E117/><V106/><F55/><W8/><G8/><T82/><D82/><U86/><E86/><V70/><F70/><W64/><G95/><T0/><D0/><U56/><E14/><V71/><F71/><W62/><G62/><T99/><D99/><U5/><E18/><N who="0" m="7273" /><D29/><U133/><E133/><V57/><F57/><W13/><G13/><T88/><D34/><U101/><E101/><AGARI ba="0,0" hai="46,50,52,59,63,64,77,78,81,83,84,85,101,102" machi="101" ten="40,5200,0" yaku="9,1,8,1,54,1" doraHai="21" who="3" fromWho="1" sc="224,0,302,-52,157,0,317,52" /><INIT seed="3,0,0,5,1,88" ten="224,250,157,369" oya="3" hai0="103,5,1,97,133,65,39,129,74,71,28,21,55" hai1="45,7,64,3,57,17,122,33,56,91,42,116,118" hai2="36,87,15,135,32,37,61,120,43,123,77,4,83" hai3="80,25,89,117,10,79,130,48,11,96,62,9,60"/><W134/><G117/><N who="1" m="45162" /><E122/><N who="2" m="46635" /><F32/><W35/><G134/><T47/><D74/><U81/><E33/><V107/><F107/><W78/><G130/><T95/><D129/><U14/><E7/><V69/><F43/><W66/><G48/><T70/><D133/><U12/><E3/><V16/><F4/><W54/><G35/><T44/><D55/><U93/><E81/><V27/><F27/><W108/><G108/><T26/><D65/><U6/><E6/><V49/><F49/><W8/><G54/><T114/><D114/><U29/><E29/><V106/><F106/><W34/><G34/><T110/><D110/><U112/><E112/><V126/><F126/><W92/><G25/><T46/><REACH who="0" step="1"/><D39/><REACH who="0" ten="214,250,157,369" step="2"/><U124/><E64/><N who="2" m="41103" /><F135/><W102/><G66/><T30/><D30/><U2/><E124/><V98/><F98/><W128/><G128/><T100/><D100/><U85/><E42/><V121/><F121/><W115/><G115/><T38/><D38/><U113/><E113/><V58/><F58/><W41/><G41/><T63/><D63/><U22/><E45/><V76/><F37/><W59/><G62/><T125/><D125/><U51/><E57/><V75/><F36/><W52/><G8/><AGARI ba="0,1" hai="1,5,8,21,26,28,44,46,47,70,71,95,97,103" machi="8" ten="40,5200,0" yaku="1,1,52,1,53,1" doraHai="88" doraHaiUra="24" who="0" fromWho="3" sc="214,62,250,0,157,0,369,-52" /><INIT seed="4,0,0,2,4,110" ten="276,250,157,317" oya="0" hai0="109,51,55,29,94,132,64,105,73,103,134,58,80" hai1="65,50,33,60,135,54,46,8,53,56,61,70,57" hai2="74,38,129,78,47,131,101,45,81,32,107,130,27" hai3="87,12,123,4,77,95,15,76,116,5,108,10,117"/><T1/><D1/><U92/><E33/><V43/><F47/><W75/><G75/><T102/><D105/><U98/><E135/><N who="0" m="51753" /><D109/><U99/><E8/><V126/><F126/><W7/><G108/><T34/><D64/><N who="1" m="41231" /><E92/><V67/><F67/><W93/><G123/><T83/><D73/><U122/><E122/><V79/><F79/><W128/><G128/><T14/><D14/><U25/><E25/><V13/><F13/><W49/><G49/><T18/><D18/><U23/><E23/><V30/><F101/><N who="0" m="38410" /><D94/><U85/><E85/><V31/><REACH who="2" step="1"/><F30/><REACH who="2" ten="276,250,147,317" step="2"/><W42/><G117/><T37/><D37/><U22/><E65/><V2/><F2/><W41/><G116/><T6/><D6/><U16/><E16/><V125/><F125/><W48/><G7/><T118/><D118/><U52/><E54/><V63/><F63/><W111/><G111/><T21/><D55/><U69/><E53/><V26/><F26/><W35/><G4/><T90/><D51/><U114/><E60/><V119/><F119/><W124/><G48/><T96/><D58/><U44/><E57/><V97/><F97/><W24/><G5/><T84/><D96/><U9/><E98/><V120/><F120/><W115/><G24/><N who="0" m="18727" /><D21/><U0/><E22/><V91/><F91/><W127/><G35/><T17/><D17/><U113/><E99/><V71/><F71/><W11/><G87/><T39/><D39/><U66/><E69/><V40/><F40/><W112/><AGARI ba="0,1" hai="10,11,12,15,41,42,76,77,93,95,112,115,124,127" machi="112" ten="25,8000,1" yaku="0,1,22,2,52,2" doraHai="110" who="3" fromWho="3" sc="276,-40,250,-20,147,-20,317,90" /><INIT seed="5,0,0,3,3,117" ten="236,230,127,407" oya="1" hai0="80,68,38,40,13,82,69,61,87,11,84,51,32" hai1="8,2,116,108,5,33,54,103,94,3,90,16,55" hai2="73,74,91,88,111,112,130,37,17,109,76,66,46" hai3="133,63,75,52,102,21,71,124,93,120,128,95,67"/><U31/><E116/><V25/><F130/><W35/><G35/><T132/><D32/><U48/><E2/><V10/><F66/><W56/><G75/><T7/><D38/><U6/><E6/><V115/><F37/><W134/><G124/><T110/><D110/><N who="2" m="41994" /><F46/><W99/><G128/><T60/><D132/><N who="3" m="50793" /><G120/><T28/><D28/><U22/><E103/><V12/><F25/><W44/><G44/><N who="0" m="25991" /><D69/><U23/><E108/><V0/><F0/><W105/><G21/><T85/><D68/><U107/><E107/><V97/><F97/><W101/><G101/><T78/><D85/><U47/><E55/><V24/><F24/><W18/><G18/><T129/><D129/><U36/><E36/><V57/><F57/><W30/><G30/><T114/><D87/><U77/><E23/><V72/><F76/><W81/><G81/><T135/><D80/><U89/><E77/><V96/><F96/><W39/><G39/><T1/><D135/><U119/><E119/><V34/><F34/><W65/><G67/><T104/><D1/><U43/><E43/><V42/><F42/><W49/><AGARI ba="0,0" hai="49,52,56,63,65,71,93,95,99,102,105" m="50793" machi="49" ten="30,2000,0" yaku="20,1,54,1" doraHai="117" who="3" fromWho="3" sc="236,-5,230,-10,127,-5,407,20" /><INIT seed="6,0,0,4,0,15" ten="231,220,122,427" oya="2" hai0="16,130,126,59,52,31,26,73,106,53,20,29,25" hai1="43,118,23,83,49,84,66,42,61,69,12,50,44" hai2="105,75,76,128,122,123,107,129,101,17,131,134,70" hai3="63,35,91,77,5,60,115,67,133,103,62,74,6"/><V21/><F70/><W9/><G35/><T36/><D106/><U18/><E118/><V127/><F134/><W88/><G103/><T37/><D73/><U102/><E102/><V51/><F127/><W95/><G67/><T98/><D126/><U113/><E113/><V28/><F28/><W112/><G133/><T114/><D114/><N who="3" m="43561" /><G77/><T86/><D130/><U4/><E4/><N who="3" m="1642" /><G74/><T90/><D98/><U79/><E43/><V121/><F101/><W97/><G9/><T8/><D8/><U38/><AGARI ba="0,0" hai="12,18,23,38,42,44,49,50,61,66,69,79,83,84" machi="38" ten="20,2700,0" yaku="0,1,7,1,52,1" doraHai="15" who="1" fromWho="1" sc="231,-7,220,27,122,-13,427,-7" /><INIT seed="7,0,0,0,3,96" ten="224,247,109,420" oya="3" hai0="19,38,69,7,39,133,109,86,10,15,23,71,12" hai1="41,94,30,3,105,100,62,53,17,130,16,4,129" hai2="98,57,112,84,81,72,33,103,27,66,49,46,108" hai3="67,58,50,91,83,29,124,64,125,80,36,52,134"/><W75/><G36/><T35/><D109/><U20/><E94/><V61/><F108/><W102/><G102/><T21/><D133/><U70/><E41/><V14/><F112/><W92/><G29/><T34/><D86/><U45/><E30/><V74/><F33/><W90/><G134/><T6/><D19/><U68/><E17/><V131/><F131/><N who="1" m="50185" /><E4/><V2/><F2/><W104/><G104/><T117/><D117/><U26/><E3/><V135/><F135/><W106/><G106/><T22/><D22/><U110/><E110/><V88/><F74/><W97/><G91/><T119/><D119/><U82/><E82/><N who="3" m="31274" /><G75/><T114/><REACH who="0" step="1"/><D10/><REACH who="0" ten="214,247,109,420" step="2"/><U31/><E16/><V63/><F72/><W47/><G125/><T122/><D122/><U120/><E120/><V128/><F128/><W132/><G124/><T40/><D40/><U116/><E116/><V121/><F121/><W55/><G132/><T28/><D28/><U77/><E77/><V32/><F32/><W0/><G0/><T24/><D24/><U78/><E78/><V25/><F14/><W85/><G85/><T43/><D43/><U99/><E62/><AGARI ba="0,1" hai="47,50,52,55,58,62,64,67,90,92,97" m="31274" machi="62" ten="30,2900,0" yaku="8,1,54,1" doraHai="96" who="3" fromWho="1" sc="214,0,247,-29,109,0,420,39" owari="214,-19.0,218,2.0,109,-39.0,459,56.0" /></mjloggm>