<mjloggm ver="2.3"><GO type="169" lobby="0"/><UN n0="%E3%83%95%E3%82%A1%E3%83%B3%E3%83%95%E3%82%A1%E3%83%BC%E3%83%AC" n1="%61%74%E6%9D%B1%E5%B1%B1%E5%A5%88%E5%A4%AE" n2="%E3%82%A6%E3%83%AB%E3%83%88%E3%83%A9%E7%AB%8B%E7%9B%B4" n3="%E7%BE%8E%E3%81%97%E3%81%99%E3%81%8E%E3%82%8B%E7%88%86%E5%BC%BE%E5%B2%A9" dan="16,16,16,16" rate="2072.32,2112.95,2162.42,2072.40" sx="M,M,M,F"/><TAIKYOKU oya="0"/><INIT seed="0,0,0,2,2,42" ten="250,250,250,250" oya="0" hai0="60,82,26,57,24,133,95,34,15,100,35,37,115" hai1="68,113,51,98,70,19,124,31,106,131,23,9,54" hai2="132,112,63,21,125,116,47,91,52,97,18,85,119" hai3="58,109,128,86,55,73,122,67,107,94,30,20,130"/><T40/><D40/><U78/><BYE who="0" /><E131/><N who="3" m="50218" /><G107/><T99/><D99/><U134/><E124/><V135/><F112/><W123/><G73/><T33/><D33/><U56/><E113/><V27/><F125/><W7/><G109/><T108/><D108/><U29/><E134/><N who="2" m="51243" /><F97/><W75/><G75/><T28/><D28/><U74/><E9/><V49/><F63/><W62/><G7/><UN n0="%E3%83%95%E3%82%A1%E3%83%B3%E3%83%95%E3%82%A1%E3%83%BC%E3%83%AC" /><T110/><D37/><U71/><E78/><V114/><F114/><W5/><G5/><T90/><D15/><U17/><E74/><V105/><F105/><W45/><G94/><AGARI ba="0,0" hai="18,21,27,47,49,52,85,91,94,116,119" m="51243" machi="94" ten="30,3900,0" yaku="20,1,52,1,54,1" doraHai="42" who="2" fromWho="3" sc="250,0,250,0,250,39,250,-39" /><INIT seed="1,0,0,3,4,1" ten="250,250,289,211" oya="1" hai0="103,80,126,23,115,51,14,28,35,109,17,116,112" hai1="49,123,39,42,61,134,57,133,121,3,62,46,69" hai2="88,84,117,132,7,22,34,54,85,53,124,87,113" hai3="30,120,125,93,104,130,96,127,68,95,27,78,71"/><U32/><E32/><V70/><F34/><W9/><G120/><T77/><D116/><U0/><E0/><V67/><F117/><W118/><G118/><T11/><D109/><U92/><E3/><V75/><F75/><W20/><G130/><T8/><D126/><N who="3" m="48137" /><G78/><T60/><D103/><U18/><E18/><V36/><F36/><W41/><G41/><T12/><D51/><U101/><E92/><N who="3" m="35402" /><G9/><T16/><D60/><N who="1" m="23147" /><E101/><AGARI ba="0,0" hai="20,27,30,68,71,96,101,104" m="35402,48137" machi="101" ten="30,1000,0" yaku="18,1" doraHai="1" who="3" fromWho="1" sc="250,0,250,-10,289,0,211,10" /><INIT seed="2,0,0,0,4,14" ten="250,240,289,221" oya="2" hai0="66,108,18,71,72,7,103,130,35,12,20,89,55" hai1="110,34,84,16,1,29,68,111,113,54,61,58,60" hai2="80,31,6,2,57,36,43,112,69,74,28,63,42" hai3="19,125,114,91,65,47,13,122,85,73,4,49,15"/><V27/><F112/><W134/><G122/><T106/><D108/><N who="1" m="41515" /><E113/><V100/><F100/><W21/><G114/><T124/><D72/><U39/><E1/><V94/><F69/><W86/><G73/><T126/><D130/><U115/><E115/><V10/><F94/><W22/><G134/><T116/><D116/><U127/><E127/><V17/><F42/><W79/><G125/><T82/><D55/><U78/><E39/><V32/><F43/><W129/><G129/><T81/><D89/><U9/><E29/><V132/><F36/><W56/><G79/><T121/><D7/><U117/><E34/><V44/><F44/><W92/><G86/><T98/><D35/><U25/><E117/><V104/><F104/><W62/><G4/><T30/><D30/><U90/><E78/><V107/><F107/><W48/><G47/><T96/><D121/><U23/><E9/><V76/><F132/><W105/><G105/><T128/><D128/><U5/><E5/><V120/><F120/><W37/><G37/><T52/><D124/><U46/><E46/><V3/><F3/><W133/><G133/><T119/><D119/><U50/><E68/><V40/><F40/><W38/><G38/><T123/><D123/><U45/><E45/><V59/><F31/><W95/><G95/><AGARI ba="0,0" hai="16,23,25,50,54,58,60,61,84,90,95" m="41515" machi="95" ten="30,3900,0" yaku="14,1,52,1,54,1" doraHai="14" who="1" fromWho="3" sc="250,0,240,39,289,0,221,-39" /><INIT seed="3,0,0,3,0,126" ten="250,279,289,182" oya="3" hai0="76,103,102,1,64,48,5,20,38,58,11,9,93" hai1="22,125,44,73,46,129,99,43,23,86,95,94,81" hai2="106,14,82,40,121,0,51,124,50,85,21,3,69" hai3="35,113,62,78,134,26,47,123,70,98,60,112,10"/><W74/><G123/><T135/><D38/><U17/><E125/><V63/><F106/><W32/><G134/><T13/><D135/><U39/><E73/><V28/><F124/><W36/><G10/><T119/><D119/><U115/><E115/><V105/><F105/><W127/><G127/><T90/><D76/><U77/><E129/><V116/><F116/><W54/><G98/><T87/><D20/><U45/><E94/><V107/><F63/><W71/><G60/><T37/><D37/><U16/><E22/><V6/><F51/><W15/><G15/><T34/><D34/><N who="3" m="12841" /><G54/><T7/><REACH who="0" step="1"/><D48/><REACH who="0" ten="240,279,289,182" step="2"/><U12/><REACH who="1" step="1"/><E17/><REACH who="1" ten="240,269,289,182" step="2"/><V131/><F21/><W61/><G113/><T29/><D29/><U66/><E66/><V122/><F28/><W133/><G112/><T57/><D57/><U100/><AGARI ba="0,2" hai="12,16,23,39,43,44,45,46,77,81,86,95,99,100" machi="100" ten="20,8000,1" yaku="1,1,0,1,7,1,54,1,53,1" doraHai="126" doraHaiUra="89" who="1" fromWho="1" sc="240,-20,269,100,289,-20,182,-40" /><INIT seed="4,0,0,0,3,128" ten="220,369,269,142" oya="0" hai0="70,26,40,47,41,74,131,126,125,100,134,99,51" hai1="94,98,90,89,55,65,118,14,110,61,81,95,22" hai2="112,66,5,85,129,39,0,105,121,75,108,106,17" hai3="35,76,33,6,88,124,71,104,59,9,19,4,54"/><T83/><D70/><U60/><E110/><V34/><F17/><W29/><G71/><T116/><D116/><U16/><E118/><V120/><F66/><W135/><G104/><T45/><D131/><U57/><E81/><V48/><F48/><W72/><G124/><N who="0" m="47723" /><D26/><U38/><E38/><V115/><F5/><W122/><G122/><T63/><D63/><U30/><E30/><V3/><F85/><W119/><G119/><T80/><D74/><U69/><REACH who="1" step="1"/><E95/><REACH who="1" ten="220,359,269,142" step="2"/><V10/><F39/><W114/><G29/><T21/><D134/><U50/><E50/><V84/><F108/><W96/><G135/><T64/><D83/><U133/><E133/><V103/><F129/><W73/><G114/><T52/><D80/><U31/><E31/><V58/><F115/><W20/><G73/><T78/><D78/><U2/><E2/><V28/><F0/><W123/><G76/><T37/><D41/><U23/><E23/><V43/><F43/><W82/><G72/><T117/><D21/><U77/><E77/><V49/><F112/><W86/><G20/><T109/><D109/><U25/><E25/><V79/><F79/><N who="3" m="46431" /><G33/><T11/><D117/><U1/><E1/><V130/><F3/><W67/><G35/><T12/><D11/><U13/><E13/><V36/><F10/><W102/><G9/><T113/><D113/><U46/><E46/><V62/><F75/><W97/><G123/><T101/><D12/><U7/><E7/><V18/><F121/><W87/><G6/><T127/><D127/><U68/><E68/><V32/><F32/><W44/><G4/><RYUUKYOKU ba="0,1" sc="220,-10,359,30,269,-10,142,-10" hai1="14,16,22,55,57,60,61,65,69,89,90,94,98" /><INIT seed="5,1,1,3,1,94" ten="210,389,259,132" oya="1" hai0="10,126,66,58,19,69,5,44,70,4,79,53,38" hai1="120,81,92,80,50,60,3,41,45,119,15,82,98" hai2="108,17,125,14,88,121,16,104,33,105,7,47,34" hai3="30,111,97,49,71,65,135,42,11,106,37,91,51"/><U23/><E3/><V93/><F108/><W83/><G111/><T113/><D113/><U101/><E120/><V27/><F121/><W59/><G135/><T117/><D117/><U110/><E110/><V20/><F7/><W78/><G71/><T64/><D126/><U103/><E119/><V21/><F125/><W43/><G30/><T99/><D79/><U62/><E101/><V118/><F118/><W72/><G11/><T109/><D109/><U124/><E124/><V123/><F123/><W114/><G114/><T24/><D58/><U68/><E68/><V52/><F34/><W115/><G115/><T112/><D112/><U75/><E75/><V40/><F33/><W67/><G37/><T73/><D73/><U84/><E84/><V122/><F52/><W46/><G59/><T61/><D53/><U57/><E57/><V54/><F54/><W89/><G89/><T36/><D24/><U132/><E132/><V127/><F127/><W55/><G55/><T18/><D10/><U77/><E77/><V90/><F90/><W26/><G26/><T85/><D85/><U107/><E107/><V13/><F27/><W39/><G39/><T116/><D116/><U76/><E76/><V1/><F1/><W130/><G130/><T56/><D56/><U102/><E102/><V2/><F2/><W29/><G29/><T129/><D44/><U25/><E15/><V35/><F35/><W95/><G106/><T22/><D22/><U133/><E133/><V134/><F134/><W74/><G74/><T128/><D61/><N who="1" m="23659" /><E25/><V86/><F122/><W87/><G72/><RYUUKYOKU ba="1,1" sc="210,0,389,0,259,0,132,0" hai0="4,5,18,19,36,38,64,66,69,70,99,128,129" hai1="23,41,45,50,80,81,82,92,98,103" hai2="13,14,16,17,20,21,40,47,86,88,93,104,105" hai3="42,43,46,49,51,65,67,78,83,87,91,95,97" /><INIT seed="5,2,1,0,1,5" ten="210,389,259,132" oya="1" hai0="15,128,53,18,116,35,122,33,99,60,11,82,96" hai1="79,28,67,39,135,111,84,55,124,41,83,0,42" hai2="91,132,17,29,88,31,6,23,74,46,102,133,4" hai3="9,81,131,40,3,22,107,10,127,98,134,30,103"/><U1/><E135/><N who="2" m="51787" /><F102/><W130/><G134/><T57/><D116/><U85/><E67/><V101/><F101/><W48/><G127/><T69/><D128/><N who="3" m="49193" /><G3/><T61/><D122/><U95/><E124/><V8/><F46/><N who="3" m="25671" /><G81/><T121/><D121/><U80/><E95/><V50/><F50/><W34/><G34/><T129/><D129/><U97/><E97/><V113/><F74/><W58/><G58/><T68/><D82/><U52/><E28/><N who="2" m="10827" /><F113/><W21/><G30/><T19/><D57/><U120/><E120/><V125/><F125/><W90/><G90/><N who="2" m="34345" /><F8/><AGARI ba="2,1" hai="8,9,10,21,22,98,103,107" m="25671,49193" machi="8" ten="30,7700,0" yaku="19,1,52,3" doraHai="5" who="3" fromWho="2" sc="210,0,389,0,259,-83,132,93" /><INIT seed="6,0,0,1,0,37" ten="210,389,176,225" oya="2" hai0="96,63,15,9,132,115,86,42,69,113,118,48,56" hai1="105,6,133,131,97,1,35,50,55,13,46,87,64" hai2="111,119,90,60,62,82,117,8,59,85,116,28,125" hai3="74,25,93,38,11,23,77,114,78,84,43,31,79"/><V33/><F125/><W92/><G74/><T89/><D132/><U73/><E73/><V104/><F104/><W103/><G114/><N who="0" m="43531" /><D118/><U5/><E35/><V44/><F111/><W122/><G122/><T17/><D96/><U10/><E64/><V80/><F28/><W4/><G103/><T83/><D69/><U24/><E24/><V101/><F33/><W126/><G126/><T75/><D75/><U18/><E6/><V52/><F101/><W27/><G27/><T2/><D2/><U26/><E26/><V129/><F129/><W107/><G107/><T47/><D56/><U121/><E87/><V124/><F124/><W102/><G102/><T71/><D71/><U67/><E67/><V39/><F8/><W134/><G134/><T40/><D63/><U88/><E10/><V123/><F123/><W127/><G127/><T54/><AGARI ba="0,0" hai="9,15,17,40,42,47,48,54,83,86,89" m="43531" machi="54" ten="30,7900,0" yaku="25,1,15,1,52,2" doraHai="37" who="0" fromWho="0" sc="210,79,389,-20,176,-39,225,-20" /><INIT seed="7,0,0,5,2,135" ten="289,369,137,205" oya="3" hai0="128,86,12,44,103,63,7,104,9,100,127,17,56" hai1="71,32,41,53,18,34,97,124,80,134,125,106,13" hai2="105,57,2,130,77,33,122,66,47,22,99,40,131" hai3="76,111,24,52,79,5,26,121,133,21,14,59,85"/><W87/><G121/><T27/><D128/><N who="2" m="49194" /><F22/><W37/><G37/><T61/><D104/><U4/><E71/><V82/><F99/><W45/><G133/><T39/><D63/><U36/><E36/><N who="2" m="21895" /><F33/><W112/><G45/><T64/><D127/><U60/><E60/><N who="2" m="38159" /><F2/><W25/><G111/><T43/><D86/><N who="3" m="32777" /><G112/><T93/><D93/><U62/><E124/><V23/><F23/><W108/><G108/><T101/><D27/><N who="3" m="10313" /><G14/><T11/><D103/><U31/><E125/><V16/><F82/><W126/><G126/><T83/><D83/><U28/><E80/><V78/><F105/><W50/><G5/><T1/><AGARI ba="0,0" hai="1,7,9,11,12,17,39,43,44,56,61,64,100,101" machi="1" ten="20,1500,0" yaku="0,1,7,1" doraHai="135" who="0" fromWho="0" sc="289,15,369,-4,137,-4,205,-7" owari="304,10.0,365,47.0,133,-37.0,198,-20.0" /></mjloggm>