<mjloggm ver="2.3"><GO type="169" lobby="0"/><UN n0="%6A%75%6D%70%2D%75%70" n1="%E5%B0%B1%E6%B4%BB%E7%94%9F%40%E5%B7%9D%E6%9D%91%E8%BB%8D%E5%9B%A3" n2="%E3%81%86%E3%81%83%E3%83%BC%E3%81%A1%E3%82%83%E3%82%93" n3="%E3%81%84%E3%81%AC%E3%81%98%E3%82%83%E3%82%89%EF%BC%94" dan="16,17,18,19" rate="2062.69,2178.41,2226.18,2219.65" sx="M,F,M,M"/><TAIKYOKU oya="0"/><INIT seed="0,0,0,0,3,11" ten="250,250,250,250" oya="0" hai0="54,134,92,118,23,104,37,80,116,124,30,131,50" hai1="74,40,128,126,84,129,35,123,69,133,19,12,25" hai2="85,43,5,18,16,106,13,10,56,22,9,120,130" hai3="90,102,38,68,64,3,67,60,73,65,101,86,21"/><T48/><D104/><U58/><E74/><V7/><F106/><W114/><G73/><T82/><D37/><U112/><E69/><V49/><F130/><N who="1" m="50281" /><E40/><V44/><F120/><W17/><G3/><T4/><D134/><U111/><E84/><V1/><F22/><W108/><G114/><T53/><D124/><U121/><E58/><V55/><REACH who="2" step="1"/><F85/><REACH who="2" ten="250,250,240,250" step="2"/><W98/><G21/><T83/><D131/><U63/><E126/><V15/><F15/><W88/><G86/><T125/><D125/><U46/><E12/><V100/><F100/><W57/><G102/><T34/><D23/><U20/><E35/><V32/><F32/><W93/><G101/><T94/><D34/><U105/><E105/><V97/><F97/><W77/><G98/><T132/><D132/><U39/><E133/><V113/><F113/><W135/><G135/><T79/><D79/><U95/><E112/><V42/><F42/><W75/><G77/><T2/><D2/><U52/><E121/><V109/><F109/><W47/><G75/><T6/><D83/><U0/><E111/><V31/><F31/><AGARI ba="0,1" hai="4,6,30,31,48,50,53,54,80,82,92,94,116,118" machi="31" ten="25,2400,0" yaku="22,2" doraHai="11" who="0" fromWho="2" sc="250,34,250,0,240,-24,250,0" /><INIT seed="0,1,0,0,3,28" ten="284,250,216,250" oya="0" hai0="109,9,35,79,96,92,52,123,38,2,82,15,93" hai1="117,86,11,77,69,43,104,49,4,13,127,30,107" hai2="66,33,122,133,118,101,81,63,31,105,114,27,110" hai3="54,115,23,90,119,88,5,61,22,58,83,95,32"/><T71/><D123/><U126/><E117/><V75/><F118/><W76/><G119/><T124/><D2/><U16/><E69/><V25/><F122/><W131/><G115/><T74/><D38/><U29/><E104/><V87/><F114/><W50/><G131/><T112/><D71/><U99/><E99/><V20/><F133/><W80/><G32/><T97/><D35/><U17/><E107/><V67/><F110/><W37/><G37/><T100/><D124/><N who="1" m="47659" /><E77/><V14/><F75/><W48/><G5/><T94/><D109/><U103/><E103/><V41/><F41/><W84/><G83/><T108/><D108/><U51/><E86/><V116/><F14/><W36/><G36/><T1/><D1/><N who="1" m="399" /><E49/><N who="3" m="19050" /><G76/><T45/><D112/><U47/><E17/><V26/><F116/><W89/><G89/><T18/><D100/><U72/><E72/><V121/><F101/><W59/><G59/><T53/><REACH who="0" step="1"/><D45/><REACH who="0" ten="274,250,216,250" step="2"/><U0/><E0/><V57/><F121/><W7/><G7/><T39/><D39/><U106/><E106/><V55/><F105/><W44/><G44/><T8/><D8/><AGARI ba="1,1" hai="8,13,16,29,30,43,47,51" m="399,47659" machi="8" ten="30,2000,0" yaku="18,1,54,1" doraHai="28" who="1" fromWho="0" sc="274,-23,250,33,216,0,250,0" /><INIT seed="1,0,0,2,5,76" ten="251,283,216,250" oya="1" hai0="70,117,47,24,7,73,16,41,106,103,13,39,29" hai1="4,94,71,38,46,97,129,128,87,111,80,85,82" hai2="43,56,122,121,101,15,110,114,75,22,125,65,53" hai3="74,5,79,119,86,113,3,118,9,77,30,32,49"/><U132/><E71/><V116/><F75/><W63/><G113/><T112/><D70/><U68/><E68/><V95/><F116/><N who="3" m="44587" /><G74/><T98/><D73/><U25/><E4/><V62/><F114/><W34/><G63/><T83/><D117/><U64/><E64/><V134/><F125/><W123/><G123/><T20/><D7/><U78/><E132/><V23/><F134/><W35/><G30/><T8/><REACH who="0" step="1"/><D83/><REACH who="0" ten="241,283,216,250" step="2"/><N who="1" m="31787" /><E111/><V69/><F110/><W19/><G5/><T33/><D33/><U37/><E78/><V93/><F69/><W127/><G35/><T107/><D107/><U120/><E120/><V96/><F122/><W88/><G34/><T126/><D126/><U92/><E38/><V130/><F121/><W109/><G32/><T18/><D18/><U104/><E104/><V133/><F133/><W12/><G19/><T84/><D84/><N who="1" m="32331" /><E97/><V21/><F96/><W115/><G79/><T0/><D0/><U61/><E37/><V131/><F95/><N who="1" m="36393" /><E25/><V36/><F36/><W72/><G3/><T60/><D60/><U42/><E61/><V102/><F93/><W81/><G77/><T90/><D90/><U58/><E129/><N who="2" m="49163" /><F65/><W17/><G127/><T124/><D124/><U31/><E128/><V48/><F62/><W50/><G109/><T100/><D100/><U105/><E105/><V1/><F1/><W108/><G108/><T28/><D28/><U89/><E31/><V99/><F99/><W54/><G115/><AGARI ba="0,1" hai="8,13,16,20,24,29,39,41,47,98,103,106,112,115" machi="115" ten="40,2600,0" yaku="1,1,54,1,53,0" doraHai="76" doraHaiUra="44" who="0" fromWho="3" sc="241,36,283,0,216,0,250,-26" /><INIT seed="2,0,0,0,4,58" ten="277,283,216,224" oya="2" hai0="91,49,35,98,22,135,93,6,114,84,55,1,53" hai1="64,117,27,99,16,72,68,134,129,25,112,125,109" hai2="82,63,14,3,12,106,121,92,7,80,29,90,81" hai3="33,15,21,105,34,24,30,38,77,107,60,67,132"/><V115/><F115/><W103/><G132/><T79/><D135/><U88/><E134/><V39/><F106/><W78/><G38/><T101/><D35/><U23/><E112/><V36/><F121/><W47/><G47/><T37/><D37/><U65/><E117/><V110/><F110/><W10/><G33/><T61/><D79/><U100/><E72/><V89/><F3/><W5/><G21/><T87/><D6/><U97/><E109/><V9/><F29/><W131/><G131/><T66/><D53/><U69/><E129/><V70/><F14/><W40/><G40/><T59/><D1/><U19/><E125/><V71/><F90/><W48/><G48/><T130/><D130/><U86/><E69/><V102/><F102/><W20/><G20/><T75/><D75/><U111/><E111/><V119/><F70/><N who="3" m="42343" /><G107/><T83/><D84/><U18/><E100/><V42/><F42/><W62/><G62/><T13/><D114/><U104/><E104/><V2/><F119/><W94/><G94/><T17/><D66/><N who="1" m="25707" /><E68/><V73/><F63/><AGARI ba="0,0" hai="13,17,22,49,55,59,61,63,83,87,91,93,98,101" machi="63" ten="40,5200,0" yaku="8,1,52,2" doraHai="58" who="0" fromWho="2" sc="277,52,283,0,216,-52,224,0" /><INIT seed="3,0,0,3,4,38" ten="329,283,164,224" oya="3" hai0="73,54,53,94,30,23,41,43,112,102,106,91,108" hai1="107,34,7,13,81,116,19,40,69,44,51,25,127" hai2="58,62,74,39,118,1,95,48,70,66,56,2,22" hai3="27,119,132,46,12,20,52,75,104,63,113,88,100"/><W0/><G0/><T135/><D73/><U131/><E107/><V123/><F74/><W101/><G119/><T82/><D108/><U87/><E69/><V120/><F95/><W128/><G113/><T15/><D106/><U110/><E110/><V3/><F39/><W129/><G75/><T68/><D68/><U5/><E127/><V125/><F118/><W59/><G132/><T126/><D135/><U80/><E131/><N who="3" m="50250" /><G104/><T89/><D126/><U83/><E116/><V33/><F33/><W61/><G12/><T67/><D67/><U42/><E25/><V97/><F97/><W77/><G77/><T72/><D72/><U65/><E65/><V35/><F35/><W26/><G63/><T121/><D121/><U17/><E87/><V78/><F78/><W98/><G46/><T57/><D57/><U45/><E34/><V6/><F125/><W64/><G64/><T21/><D82/><U47/><E19/><V85/><F70/><W14/><G14/><T96/><D15/><U29/><E29/><V16/><F123/><W10/><G10/><T117/><D30/><U36/><REACH who="1" step="1"/><E45/><REACH who="1" ten="329,273,164,224" step="2"/><V124/><F124/><W50/><G27/><T92/><D117/><U103/><E103/><V99/><F120/><W49/><G101/><T55/><D102/><U130/><E130/><V79/><F66/><W93/><G100/><T28/><D28/><AGARI ba="0,1" hai="20,26,28,49,50,52,59,61,88,93,98" m="50250" machi="28" ten="30,5800,0" yaku="19,1,54,2" doraHai="38" who="3" fromWho="0" sc="329,-58,273,0,164,0,224,68" /><INIT seed="3,1,0,2,3,3" ten="271,273,164,292" oya="3" hai0="79,68,119,75,20,102,48,41,130,120,88,104,0" hai1="107,32,115,86,27,110,22,112,56,123,2,83,114" hai2="10,31,78,96,87,98,93,53,45,11,35,50,89" hai3="60,133,55,100,71,62,108,106,33,69,28,44,118"/><W116/><G100/><T92/><D68/><N who="3" m="26185" /><G106/><T29/><D0/><U129/><E123/><V8/><F35/><W18/><G18/><T81/><D130/><U61/><E129/><V85/><REACH who="2" step="1"/><F31/><REACH who="2" ten="271,273,154,292" step="2"/><W17/><G28/><T15/><D29/><U13/><E32/><V111/><F111/><W125/><G33/><T16/><D120/><U1/><E110/><V6/><F6/><W70/><G108/><T134/><D119/><U105/><E112/><V59/><F59/><W36/><G70/><T5/><D134/><U101/><E114/><V64/><F64/><W67/><G133/><T84/><D5/><U95/><E115/><V77/><F77/><W91/><G67/><T113/><D113/><U94/><E2/><V47/><F47/><W38/><G44/><T37/><D104/><U52/><E1/><V21/><F21/><W128/><G128/><T42/><D37/><U30/><E107/><V127/><F127/><W117/><G125/><T109/><D109/><U26/><E105/><V39/><F39/><W74/><G38/><T124/><D124/><U57/><E57/><V90/><F90/><W65/><G91/><T34/><D34/><U99/><E22/><V12/><F12/><W49/><G36/><T4/><D4/><U66/><E13/><V23/><F23/><W82/><G65/><T58/><D102/><U24/><E30/><V19/><F19/><W46/><G17/><T103/><D103/><U131/><E131/><V76/><F76/><N who="3" m="44311" /><G118/><T132/><D132/><U7/><E7/><V73/><F73/><W122/><G122/><T25/><D15/><RYUUKYOKU ba="1,1" sc="271,10,273,-30,154,10,292,10" hai0="16,20,25,41,42,48,58,75,79,81,84,88,92" hai2="8,10,11,45,50,53,78,85,87,89,93,96,98" hai3="46,49,55,60,62,116,117" /><INIT seed="3,2,1,4,0,90" ten="281,243,164,302" oya="3" hai0="101,63,111,125,75,70,33,4,114,14,102,5,27" hai1="135,26,133,7,74,73,85,78,104,65,95,92,11" hai2="12,131,15,59,50,72,86,115,0,84,40,110,28" hai3="94,89,37,121,18,109,128,69,53,83,16,123,47"/><W129/><G69/><T36/><D111/><U126/><E126/><V57/><F72/><N who="1" m="27753" /><E65/><V122/><F122/><N who="3" m="46603" /><G83/><T1/><D75/><U97/><E26/><V127/><F115/><W30/><G30/><T52/><D36/><U91/><E11/><V51/><F28/><W82/><G82/><T71/><D114/><U25/><E25/><V49/><F110/><W19/><G109/><T100/><D27/><U62/><E62/><V21/><F0/><W56/><G47/><T55/><D33/><U38/><E7/><V108/><F108/><W103/><G103/><T96/><D1/><U58/><E58/><V9/><F127/><W87/><G37/><T116/><D125/><U130/><E130/><N who="3" m="50282" /><G19/><T81/><D70/><U32/><E32/><V42/><F131/><W107/><G107/><T120/><D120/><U119/><E38/><V105/><F105/><W117/><G117/><T79/><D71/><U3/><E119/><V98/><F98/><W41/><G41/><T76/><D116/><U35/><E35/><V60/><F42/><W54/><G54/><T118/><D55/><U64/><E64/><V99/><F99/><W68/><G68/><T88/><D118/><U22/><E104/><V31/><F40/><W132/><G132/><N who="1" m="50762" /><E78/><V10/><F59/><W43/><G43/><T112/><D76/><U39/><E39/><V44/><F44/><W46/><G46/><T134/><D134/><U17/><E97/><V2/><F57/><W67/><G67/><T48/><D96/><U20/><E17/><V124/><F124/><W13/><G13/><T24/><D79/><RYUUKYOKU ba="2,1" sc="281,-10,243,-10,164,-10,302,30" hai3="16,18,53,56,87,89,94" /><INIT seed="3,3,1,3,4,34" ten="271,233,154,332" oya="3" hai0="40,109,20,76,90,74,7,18,2,97,94,70,127" hai1="92,29,114,104,14,62,112,13,81,73,0,56,88" hai2="134,100,77,63,50,38,23,113,36,96,22,33,83" hai3="68,58,10,66,12,108,99,37,93,110,123,25,135"/><W128/><G123/><T118/><D118/><U15/><E104/><V125/><F33/><W51/><G37/><T32/><D32/><U57/><E29/><V59/><F113/><W44/><G68/><T107/><D70/><U53/><E0/><V82/><F82/><W106/><G106/><T65/><D65/><U80/><E73/><V42/><F125/><W102/><G128/><T119/><D127/><U24/><E24/><V84/><F50/><W126/><G126/><T19/><D19/><U117/><E117/><V8/><F8/><W129/><G129/><T67/><D67/><N who="1" m="39367" /><E112/><V41/><F36/><W78/><G78/><T130/><D76/><U75/><E75/><V133/><F133/><W9/><G25/><T28/><D74/><U47/><E47/><V43/><F134/><W35/><G35/><T95/><D28/><U103/><E103/><V27/><F27/><W39/><G39/><T91/><D107/><U105/><E105/><V55/><REACH who="2" step="1"/><F38/><REACH who="2" ten="271,233,144,332" step="2"/><W120/><G135/><T3/><D130/><U46/><E114/><V30/><F30/><W61/><G120/><T115/><D115/><U45/><E45/><V52/><F52/><N who="3" m="29799" /><G12/><T132/><D132/><U16/><E46/><V54/><F54/><W64/><G64/><T1/><D119/><U121/><E121/><V17/><F17/><W87/><G9/><T101/><D40/><U85/><E16/><V4/><F4/><W72/><G10/><T131/><D7/><U26/><E26/><V31/><F31/><W71/><G71/><T124/><D131/><U98/><E53/><V122/><F122/><RYUUKYOKU ba="3,2" sc="271,-10,233,-10,144,30,332,-10" hai2="22,23,41,42,43,55,59,63,77,83,84,96,100" /><INIT seed="4,4,2,1,1,132" ten="261,223,174,322" oya="0" hai0="80,50,100,27,109,96,31,46,45,77,93,68,126" hai1="69,63,89,82,37,79,135,43,49,124,19,88,54" hai2="134,51,75,120,111,108,70,24,42,5,57,12,114" hai3="129,78,55,6,61,113,34,44,8,62,122,85,20"/><T4/><D68/><U22/><E135/><V30/><F70/><W56/><G34/><T1/><D109/><U105/><E105/><V28/><F75/><W71/><G113/><T9/><D126/><U48/><E124/><V60/><F134/><W72/><G72/><T58/><D58/><N who="1" m="35287" /><E69/><V66/><F114/><W11/><G129/><T39/><D39/><U116/><E37/><V127/><F28/><W47/><G122/><T52/><D46/><N who="1" m="25695" /><E49/><V18/><F5/><W121/><G121/><T125/><D125/><U76/><E116/><V73/><F73/><W98/><G62/><T33/><REACH who="0" step="1"/><D80/><REACH who="0" ten="251,223,174,322" step="2"/><U23/><E82/><V107/><F127/><W15/><G71/><T128/><D128/><U92/><E23/><V29/><F120/><W133/><G133/><T83/><D83/><U112/><E112/><V90/><F111/><W10/><G20/><T118/><D118/><U102/><E102/><V119/><F119/><W97/><G47/><T81/><D81/><U13/><E89/><V99/><F90/><W94/><G44/><T130/><D130/><U53/><E53/><V32/><F108/><W3/><G55/><T41/><D41/><U131/><E131/><V64/><F42/><W91/><G56/><T14/><D14/><U95/><E88/><V38/><F38/><W123/><G123/><T104/><D104/><U117/><E117/><V67/><F107/><W35/><G15/><T7/><D7/><U115/><E115/><V0/><F12/><W16/><G6/><T84/><D84/><U65/><E65/><V86/><F66/><W106/><G91/><RYUUKYOKU ba="4,3" sc="251,15,223,15,174,-15,322,-15" hai0="1,4,9,27,31,33,45,50,52,77,93,96,100" hai1="13,19,22,76,79,92,95" /><INIT seed="4,5,3,1,5,72" ten="266,238,159,307" oya="0" hai0="88,89,123,134,49,43,117,9,81,132,116,121,77" hai1="86,31,115,19,69,94,122,99,91,55,111,78,36" hai2="79,28,2,100,112,83,71,87,10,74,85,37,66" hai3="62,26,93,1,98,82,33,14,114,13,110,47,6"/><T20/><D20/><U124/><E69/><V84/><F112/><W108/><G1/><T21/><D21/><U106/><E36/><V95/><F37/><W34/><G114/><T128/><D9/><U135/><E122/><N who="0" m="46601" /><D49/><U90/><E31/><V38/><F38/><W48/><G82/><T5/><D43/><U0/><E0/><V44/><F44/><W113/><G113/><T45/><D45/><U68/><E68/><V24/><F100/><W32/><G62/><T76/><D76/><U120/><E19/><V59/><F59/><W129/><G26/><T25/><D25/><U39/><E39/><V51/><F51/><W102/><G6/><T3/><D5/><U64/><E64/><V56/><F56/><W97/><G13/><T133/><D128/><U50/><E120/><V22/><F10/><W103/><G14/><T75/><D3/><U53/><E115/><V15/><F15/><W92/><REACH who="3" step="1"/><G129/><REACH who="3" ten="266,238,159,297" step="2"/><T80/><D80/><U63/><E63/><V29/><F2/><W118/><G118/><AGARI ba="5,4" hai="75,77,81,88,89,116,117,118,132,133,134" m="46601" machi="118" ten="40,12000,1" yaku="20,1,34,2,52,1,54,1" doraHai="72" who="0" fromWho="3" sc="266,175,238,0,159,0,297,-135" /><INIT seed="4,6,0,1,2,112" ten="441,238,159,162" oya="0" hai0="8,48,62,133,129,33,9,18,31,71,59,118,77" hai1="19,135,36,75,90,21,17,2,38,101,64,134,70" hai2="57,50,34,102,69,121,68,6,37,44,105,94,91" hai3="10,132,82,81,79,106,58,13,100,103,27,116,128"/><T96/><D118/><U16/><E2/><V20/><F34/><W41/><G128/><T52/><D133/><N who="1" m="50699" /><E75/><V15/><F37/><N who="1" m="14441" /><E101/><V29/><F57/><W73/><G132/><T131/><D77/><U74/><E74/><V124/><F124/><W122/><G122/><T47/><D96/><U89/><E64/><V76/><F121/><W0/><G0/><T53/><D31/><U7/><E7/><V113/><F113/><W119/><G41/><T39/><D33/><U109/><E109/><V63/><F102/><W126/><G126/><T11/><D18/><N who="1" m="7275" /><E70/><V30/><F30/><W125/><G125/><T46/><REACH who="0" step="1"/><D71/><REACH who="0" ten="431,238,159,162" step="2"/><U98/><E98/><V12/><F68/><W78/><G78/><T67/><D67/><U40/><E40/><AGARI ba="6,1" hai="8,9,11,39,40,46,47,48,52,53,59,62,129,131" machi="40" ten="40,3900,0" yaku="1,1,54,1,53,0" doraHai="112" doraHaiUra="115" who="0" fromWho="1" sc="431,67,238,-57,159,0,162,0" /><INIT seed="4,7,0,2,0,28" ten="498,181,159,162" oya="0" hai0="63,7,64,49,100,11,76,54,35,19,105,108,120" hai1="13,127,60,99,74,89,18,92,113,119,77,94,27" hai2="69,4,107,84,110,61,124,86,68,51,70,117,24" hai3="121,88,41,65,114,5,93,116,14,45,6,104,44"/><T131/><D120/><U115/><E119/><V91/><F107/><W129/><G116/><T33/><D131/><U101/><E27/><V47/><F110/><W58/><G104/><T2/><D108/><U71/><E127/><V66/><F124/><W103/><G129/><T9/><D76/><U75/><E60/><V26/><F117/><W0/><G0/><T80/><D80/><U43/><E43/><V126/><F84/><W134/><G121/><T106/><D100/><U56/><E56/><V37/><F4/><N who="3" m="1643" /><G114/><N who="1" m="43530" /><E71/><V20/><F37/><W57/><G103/><T55/><D55/><U82/><E13/><V34/><F34/><W130/><G134/><T132/><D105/><U83/><E18/><V73/><F73/><N who="1" m="27657" /><E77/><V23/><F126/><W111/><G111/><T10/><D106/><U95/><E95/><V59/><F69/><W109/><G130/><T102/><D132/><U125/><E125/><V98/><F68/><W118/><G118/><T25/><D2/><U67/><E67/><V29/><F70/><W39/><G109/><T123/><D7/><U97/><AGARI ba="7,0" hai="82,83,89,92,94,97,99,101" m="27657,43530" machi="97" ten="40,8000,1" yaku="15,1,11,1,34,2" doraHai="28" who="1" fromWho="1" sc="498,-47,181,101,159,-27,162,-27" /><INIT seed="5,0,0,5,1,106" ten="451,282,132,135" oya="1" hai0="18,89,135,16,52,129,0,13,44,134,5,116,74" hai1="26,104,51,42,85,69,35,65,37,21,88,97,70" hai2="32,2,114,131,102,109,17,23,122,127,78,84,117" hai3="119,6,124,53,94,54,4,73,75,100,120,108,24"/><U118/><E118/><V126/><F32/><W95/><G108/><T64/><D64/><U25/><E37/><V77/><F2/><W46/><G120/><T33/><D33/><U107/><E35/><V99/><F117/><W112/><G119/><T123/><D0/><U58/><E104/><V67/><F122/><W19/><G112/><T10/><D74/><U50/><E97/><V86/><F67/><W68/><G68/><T76/><D76/><U1/><E1/><V93/><F109/><W28/><G19/><T62/><D129/><U56/><E107/><V47/><F47/><W40/><G124/><N who="2" m="47657" /><F131/><W45/><G100/><T133/><D123/><U15/><E69/><V41/><F41/><W8/><G40/><T48/><D116/><U30/><E70/><V34/><F34/><W20/><G20/><T12/><D89/><U130/><E130/><V3/><F3/><W43/><G43/><N who="0" m="24607" /><D12/><U31/><E15/><V82/><F114/><W9/><G24/><T91/><D91/><U81/><E42/><V90/><F86/><W105/><REACH who="3" step="1"/><G105/><REACH who="3" ten="451,282,132,125" step="2"/><T83/><D133/><U36/><E21/><V49/><F49/><W132/><G132/><T27/><D27/><AGARI ba="0,1" hai="17,23,27,77,78,82,84,90,93,99,102" m="47657" machi="27" ten="30,1000,0" yaku="18,1" doraHai="106" who="2" fromWho="0" sc="451,-10,282,0,132,20,125,0" /><INIT seed="6,0,0,1,3,64" ten="441,282,152,125" oya="2" hai0="34,95,26,54,9,47,133,19,88,79,37,128,67" hai1="58,25,46,36,112,45,3,39,0,85,40,27,121" hai2="50,113,123,125,11,116,38,29,2,78,77,57,28" hai3="101,97,115,108,127,17,118,117,44,109,90,4,73"/><V12/><F38/><W33/><G4/><T89/><D133/><U124/><E124/><V110/><F2/><W13/><G33/><T102/><D128/><U134/><E134/><V94/><F125/><W18/><G44/><T81/><D67/><U23/><E112/><V10/><F94/><W56/><G56/><T66/><D66/><U24/><E121/><V120/><F50/><W106/><G127/><T1/><D102/><U21/><E58/><V104/><F57/><W75/><G17/><T61/><D95/><U93/><E93/><V63/><F63/><W111/><G115/><T60/><D60/><U70/><E85/><V103/><F12/><W91/><G18/><T32/><D61/><U74/><E74/><N who="3" m="28170" /><G13/><T55/><D55/><U65/><E65/><V15/><F15/><W53/><G53/><T51/><D37/><U59/><E59/><V99/><F113/><W5/><G5/><T126/><D126/><U62/><E62/><V31/><F123/><W41/><G41/><T49/><D49/><U20/><E70/><V7/><F7/><W52/><G52/><T43/><D54/><U48/><E48/><V35/><F35/><W87/><G87/><T30/><D34/><U72/><E72/><V114/><F114/><W92/><G92/><T14/><D1/><U76/><E3/><V135/><F120/><W82/><G82/><T86/><AGARI ba="0,0" hai="9,14,19,26,30,32,43,47,51,79,81,86,88,89" machi="86" ten="20,2700,0" yaku="0,1,7,1,54,1" doraHai="64" who="0" fromWho="0" sc="441,27,282,-7,152,-13,125,-7" /><INIT seed="7,0,0,1,2,64" ten="468,275,139,118" oya="3" hai0="18,113,4,73,19,22,26,90,13,121,133,50,28" hai1="69,134,130,23,103,106,127,40,8,54,122,123,39" hai2="132,89,29,43,76,34,81,120,80,14,126,49,93" hai3="60,115,53,5,83,125,110,84,135,38,97,56,37"/><W70/><G115/><T77/><D90/><U1/><E40/><V79/><F120/><W124/><G135/><T35/><D19/><U25/><E8/><V3/><F3/><W33/><G33/><T52/><D77/><U87/><E103/><V119/><F119/><W21/><G5/><T94/><D94/><U44/><E23/><V131/><F131/><W100/><G21/><T27/><D73/><U116/><E54/><V67/><F132/><W112/><G112/><T128/><D128/><U7/><E87/><V65/><F126/><N who="3" m="48747" /><G110/><T42/><D42/><U11/><E44/><N who="2" m="25759" /><F34/><W6/><G6/><T96/><D121/><U85/><E25/><V46/><F29/><W117/><G117/><T16/><D4/><U41/><E11/><V0/><F46/><W102/><G70/><T62/><D133/><U59/><E85/><N who="2" m="52399" /><F0/><W91/><G102/><T82/><D96/><U78/><E7/><V51/><F14/><W17/><G17/><T118/><D113/><U57/><E69/><V95/><F95/><AGARI ba="0,0" hai="37,38,53,56,60,83,84,91,95,97,100" m="48747" machi="95" ten="30,1500,0" yaku="18,1" doraHai="64" who="3" fromWho="2" sc="468,0,275,0,139,-15,118,15" /><INIT seed="7,1,0,0,3,121" ten="468,275,124,133" oya="3" hai0="13,78,109,99,85,55,125,112,113,39,95,116,94" hai1="51,48,35,47,4,133,18,9,68,132,3,43,117" hai2="135,66,79,81,52,53,46,108,67,11,70,14,16" hai3="130,63,0,60,72,104,58,76,86,129,50,28,12"/><W105/><G0/><T127/><D55/><U92/><E68/><V22/><F135/><N who="1" m="51785" /><E35/><V96/><F108/><W115/><G72/><T87/><D13/><U131/><E131/><N who="3" m="50186" /><G115/><T6/><D6/><U124/><E124/><V44/><F70/><W114/><G114/><N who="0" m="44139" /><D39/><N who="1" m="22015" /><E117/><V93/><F11/><W120/><G120/><T8/><D8/><N who="1" m="2079" /><E92/><V21/><F21/><W71/><G71/><T7/><D7/><U107/><E107/><V77/><F53/><N who="3" m="32055" /><G12/><AGARI ba="1,0" hai="9,12,18,48,51" m="2079,22015,51785" machi="12" ten="30,1000,0" yaku="20,1" doraHai="121" who="1" fromWho="3" sc="468,0,275,13,124,0,133,-13" owari="468,57.0,288,9.0,124,-28.0,120,-38.0" /></mjloggm>