<mjloggm ver="2.3"><GO type="169" lobby="0"/><UN n0="%E3%83%A1%E3%82%AB%E3%82%BC%E3%83%83%E3%83%88%E3%83%B3" n1="%E3%83%89%E3%83%BC%E3%83%AB%E3%83%9F%E3%83%BC" n2="%E5%B0%B1%E6%B4%BB%E7%94%9F%40%E5%B7%9D%E6%9D%91%E8%BB%8D%E5%9B%A3" n3="%3E%5F%30%40%E6%9D%8F%E6%9D%8F%E8%BB%8D%E5%9C%98" dan="17,16,18,18" rate="2167.87,2138.34,2245.01,2186.79" sx="M,M,M,F"/><TAIKYOKU oya="0"/><INIT seed="0,0,0,5,0,77" ten="250,250,250,250" oya="0" hai0="128,37,24,91,19,132,86,117,131,78,94,82,126" hai1="105,39,13,85,83,75,125,99,57,76,79,98,129" hai2="1,56,120,96,89,47,29,74,109,107,20,118,112" hai3="27,4,116,59,21,10,35,69,54,104,42,71,134"/><T65/><D37/><U121/><E39/><V25/><F1/><W60/><G35/><T33/><D65/><U40/><E40/><V87/><F112/><W123/><G116/><T22/><D33/><U81/><E121/><V70/><F70/><W41/><G104/><T66/><D66/><U84/><E125/><V6/><F74/><W92/><G134/><T63/><D63/><U34/><E34/><V124/><F120/><W36/><G123/><T135/><D117/><U100/><E13/><V102/><F118/><W106/><G106/><T48/><D48/><U15/><E15/><V80/><F124/><W43/><G92/><T8/><D8/><U113/><E57/><V44/><F109/><W93/><G93/><T67/><D67/><U32/><E32/><V17/><F6/><W2/><REACH who="3" step="1"/><G36/><REACH who="3" ten="250,250,250,240" step="2"/><T130/><REACH who="0" step="1"/><D126/><REACH who="0" ten="240,250,250,240" step="2"/><U9/><E113/><V90/><F29/><AGARI ba="0,2" hai="2,4,10,21,27,29,41,42,43,54,59,60,69,71" machi="29" ten="40,2600,0" yaku="1,1,2,1,53,0" doraHai="77" doraHaiUra="103" who="3" fromWho="2" sc="240,0,250,0,250,-26,240,46" /><INIT seed="1,0,0,3,4,129" ten="240,250,224,286" oya="1" hai0="33,6,117,103,126,30,45,51,7,132,118,74,63" hai1="125,24,27,60,32,83,113,9,19,67,50,48,59" hai2="90,11,62,127,115,20,5,54,46,87,135,21,66" hai3="14,13,134,64,23,53,82,77,102,76,99,44,16"/><U108/><E113/><V57/><F127/><W29/><G134/><T71/><D74/><U41/><E125/><V34/><F34/><W2/><G2/><T40/><D126/><U52/><E108/><V70/><F135/><W97/><G29/><T36/><D103/><U26/><E83/><V25/><F115/><W72/><G76/><T104/><D104/><U95/><E95/><V49/><F25/><W31/><G31/><T86/><D86/><U79/><E79/><V81/><REACH who="2" step="1"/><F70/><REACH who="2" ten="240,250,214,286" step="2"/><W22/><G22/><T120/><D71/><U3/><E32/><V18/><F18/><W106/><G23/><T47/><D33/><U80/><E19/><V124/><F124/><W35/><G16/><T123/><D132/><U10/><E3/><AGARI ba="0,1" hai="3,5,11,20,21,46,49,54,57,62,66,81,87,90" machi="3" ten="30,2000,0" yaku="1,1,7,1,53,0" doraHai="129" doraHaiUra="110" who="2" fromWho="1" sc="240,0,250,-20,214,30,286,0" /><INIT seed="2,0,0,4,4,89" ten="240,230,244,286" oya="2" hai0="108,24,64,125,52,54,22,121,122,55,58,90,123" hai1="120,95,37,1,41,59,12,88,97,133,7,118,69" hai2="74,114,67,127,68,81,109,62,5,98,13,131,19" hai3="60,110,50,70,0,6,103,27,26,111,23,86,8"/><V66/><F114/><W21/><G103/><T115/><D108/><N who="3" m="41513" /><G50/><T51/><D115/><U45/><E133/><V71/><F109/><W94/><G60/><T93/><D125/><U92/><E118/><V126/><F5/><W18/><G70/><T83/><D83/><U78/><E120/><V2/><F2/><W47/><G47/><T77/><D77/><U11/><E69/><V104/><F131/><W44/><G44/><T43/><D64/><U48/><E59/><V53/><F53/><W117/><G117/><T39/><D43/><U73/><E92/><V119/><F119/><W99/><G86/><T72/><D72/><U10/><E48/><V35/><F67/><W106/><G106/><T34/><D34/><U130/><E130/><V79/><F71/><W56/><G56/><T85/><REACH who="0" step="1"/><D39/><REACH who="0" ten="230,230,244,286" step="2"/><U124/><E124/><V20/><F35/><W63/><G23/><T4/><D4/><U3/><E11/><V75/><F75/><W80/><G80/><T36/><D36/><U30/><E73/><V116/><F116/><W46/><G21/><T16/><AGARI ba="0,1" hai="16,22,24,51,52,54,55,58,85,90,93,121,122,123" machi="16" ten="30,12000,2" yaku="1,1,0,1,52,1,54,2,53,1" doraHai="89" doraHaiUra="91" who="0" fromWho="0" sc="230,130,230,-30,244,-60,286,-30" /><INIT seed="3,0,0,4,3,11" ten="360,200,184,256" oya="3" hai0="13,106,94,64,89,90,115,18,134,122,49,76,14" hai1="121,85,103,99,127,97,20,8,104,74,63,111,93" hai2="110,5,125,58,27,24,88,98,21,62,30,41,107" hai3="39,135,113,23,119,29,71,7,117,46,66,44,114"/><W105/><G105/><T59/><D106/><U55/><E121/><V124/><F110/><W52/><G7/><T102/><D122/><U73/><E127/><V40/><F5/><W17/><G29/><T70/><D70/><U53/><E111/><V60/><F107/><W81/><G81/><T108/><D108/><U51/><E85/><V38/><F38/><W109/><G109/><T28/><D28/><U131/><E131/><V96/><F30/><W101/><G101/><T12/><D76/><U132/><E132/><V3/><F21/><W34/><G34/><T16/><D134/><U56/><E20/><V123/><F123/><W75/><G75/><T80/><D115/><U37/><E8/><V6/><F6/><W57/><G135/><T22/><D102/><U47/><E37/><V19/><F58/><W42/><G46/><T128/><D18/><U129/><E129/><V130/><F130/><W92/><G92/><T48/><D80/><U133/><E133/><V10/><F10/><W83/><G83/><T112/><D112/><N who="3" m="43113" /><G17/><T67/><D128/><U65/><E65/><N who="0" m="25161" /><D90/><AGARI ba="0,0" hai="47,51,53,55,56,63,73,74,90,93,97,99,103,104" machi="90" ten="30,1000,0" yaku="7,1" doraHai="11" who="1" fromWho="0" sc="360,-10,200,10,184,0,256,0" /><INIT seed="4,0,0,5,3,135" ten="350,210,184,256" oya="0" hai0="24,77,62,71,61,17,28,20,95,41,112,121,60" hai1="42,115,30,36,32,11,110,87,116,40,75,104,25" hai2="35,57,70,122,65,22,92,52,79,7,67,18,76" hai3="37,34,89,51,12,128,46,38,80,3,86,26,5"/><T56/><D71/><U98/><E116/><V33/><F122/><W91/><G3/><T63/><D121/><U78/><E42/><V117/><F117/><W118/><G118/><T14/><D112/><U0/><E87/><V31/><F70/><W100/><G128/><T114/><D114/><U1/><E110/><V111/><F111/><W58/><G100/><T84/><D41/><U102/><E11/><V132/><F132/><W54/><G91/><T44/><D44/><N who="1" m="23559" /><E115/><V107/><F107/><W15/><G15/><T49/><D49/><U131/><E131/><V2/><F2/><W103/><G103/><T99/><D77/><N who="2" m="29770" /><F35/><W90/><G90/><N who="0" m="55799" /><D84/><U133/><E133/><V55/><F7/><W59/><G38/><T23/><D63/><U124/><E124/><V74/><F33/><W97/><G37/><T72/><D72/><U113/><E113/><V109/><F109/><W29/><G97/><T93/><D93/><U27/><E25/><N who="2" m="16823" /><F74/><W43/><G43/><T53/><AGARI ba="0,0" hai="14,17,20,23,24,28,53,56,60,61,62" m="55799" machi="53" ten="30,1500,0" yaku="8,1" doraHai="135" who="0" fromWho="0" sc="350,15,210,-5,184,-5,256,-5" /><INIT seed="4,1,0,5,0,6" ten="365,205,179,251" oya="0" hai0="135,72,100,63,121,23,33,87,74,26,24,27,54" hai1="107,125,104,53,45,11,131,75,108,28,49,32,67" hai2="60,101,88,39,73,66,98,14,105,36,114,2,134" hai3="42,31,103,81,68,126,29,95,1,132,83,118,99"/><T110/><D121/><U3/><E108/><V124/><F2/><W58/><G118/><T120/><D120/><U59/><E75/><V56/><F73/><W37/><G68/><T91/><D100/><U86/><E125/><V4/><F114/><W112/><G126/><T0/><D0/><U97/><E131/><V85/><F124/><W94/><G132/><T65/><D135/><U115/><E115/><V90/><F134/><W111/><G111/><T9/><D110/><U12/><E3/><V84/><F84/><W38/><G1/><T78/><D33/><U15/><E15/><V20/><F90/><W13/><G58/><T69/><D23/><U10/><E12/><V96/><F96/><W21/><G112/><T71/><D71/><U109/><E86/><V50/><F50/><W70/><G70/><T106/><D106/><U7/><E7/><V25/><F25/><W130/><G130/><T5/><D54/><U40/><E67/><V79/><F79/><W76/><G76/><T46/><D46/><U117/><E117/><V82/><REACH who="2" step="1"/><F20/><REACH who="2" ten="365,205,169,251" step="2"/><W51/><G21/><T30/><D78/><U92/><E109/><V102/><F102/><W35/><G103/><T55/><D72/><U116/><E116/><V77/><F77/><W44/><G51/><T122/><D74/><U123/><E123/><V61/><F61/><W57/><G99/><T22/><D122/><U34/><E34/><V93/><F93/><W127/><G95/><T16/><D26/><U64/><E32/><V17/><F17/><W18/><G127/><T19/><D87/><U89/><E92/><RYUUKYOKU ba="1,1" sc="365,-10,205,-10,169,30,251,-10" hai2="4,14,36,39,56,60,66,82,85,88,98,101,105" /><INIT seed="5,2,1,0,2,82" ten="355,195,199,241" oya="1" hai0="85,133,93,23,25,1,60,5,9,28,59,62,83" hai1="12,34,130,125,128,135,71,86,121,55,27,2,45" hai2="129,113,104,57,35,98,100,65,96,42,112,127,99" hai3="107,126,40,14,72,84,90,89,7,46,91,44,119"/><U41/><E121/><V81/><F35/><W102/><G72/><T29/><D133/><U21/><E71/><V17/><F129/><N who="1" m="49769" /><E2/><V49/><F127/><W87/><G119/><T22/><D93/><U64/><E64/><V88/><F17/><W18/><G7/><T4/><D4/><U13/><E135/><V97/><F42/><W11/><G126/><T111/><D111/><U36/><E34/><V20/><F20/><W76/><G76/><T74/><D74/><U101/><E101/><V73/><F49/><N who="3" m="26759" /><G107/><T61/><D22/><U75/><E75/><V50/><F50/><W134/><G134/><T117/><D117/><U70/><E70/><V31/><F31/><W32/><G32/><T53/><D29/><N who="1" m="17647" /><E55/><V58/><F65/><W56/><G102/><T52/><D53/><U24/><E24/><V110/><F110/><W0/><G0/><T37/><D37/><U78/><E125/><V79/><REACH who="2" step="1"/><F88/><AGARI ba="2,1" hai="1,5,9,23,25,28,52,59,60,61,62,83,85,88" machi="88" ten="30,7700,0" yaku="7,1,52,1,54,2" doraHai="82" who="0" fromWho="2" sc="355,93,195,0,199,-83,241,0" /><INIT seed="6,0,0,0,5,16" ten="448,195,116,241" oya="2" hai0="31,63,76,134,72,133,74,119,84,5,27,11,58" hai1="73,47,57,56,87,62,20,46,17,38,128,88,108" hai2="25,0,68,122,65,52,44,69,51,95,114,40,124" hai3="83,131,19,90,102,104,29,116,6,78,15,8,49"/><V54/><F0/><W111/><G116/><T21/><D84/><U36/><E108/><V101/><F122/><W77/><G131/><T112/><D112/><U18/><E73/><V100/><F114/><W42/><G111/><T125/><D125/><U41/><E128/><V75/><F124/><W24/><G102/><T3/><D119/><U71/><E71/><V64/><F75/><W94/><G104/><T60/><D76/><U35/><E35/><V22/><F69/><W99/><G83/><T92/><D92/><U127/><E127/><V33/><F33/><W12/><G42/><T93/><D93/><U39/><E39/><V91/><F100/><W107/><G107/><T89/><D89/><U48/><E38/><V43/><F101/><W66/><G66/><N who="2" m="25705" /><F43/><W120/><G120/><T80/><D80/><N who="1" m="49255" /><E36/><V113/><F68/><W82/><G49/><T14/><D60/><U130/><E130/><V10/><F10/><N who="3" m="6647" /><G82/><T61/><D61/><U115/><E62/><V55/><F113/><W9/><G8/><T59/><D63/><U26/><E115/><V53/><F53/><W1/><G1/><T70/><D3/><U45/><E41/><V7/><F7/><W67/><G67/><T96/><D70/><U30/><E57/><N who="0" m="21513" /><D74/><U105/><E105/><V85/><F40/><W23/><AGARI ba="0,0" hai="6,9,12,23,24,29,77,78,90,94,99" m="6647" machi="23" ten="30,2000,0" yaku="8,1,52,1" doraHai="16" who="3" fromWho="3" sc="448,-5,195,-5,116,-10,241,20" /><INIT seed="7,0,0,2,5,41" ten="443,190,106,261" oya="3" hai0="124,102,93,15,6,21,20,81,110,74,25,60,118" hai1="22,49,108,127,48,4,69,62,134,63,98,95,116" hai2="59,1,26,73,43,57,71,8,84,101,126,53,94" hai3="46,61,128,106,72,37,132,90,103,92,14,104,117"/><W86/><G128/><T64/><D110/><U24/><E108/><V13/><F71/><W65/><G132/><T80/><D118/><U112/><E4/><V29/><F73/><W87/><G72/><T107/><D107/><U19/><E112/><V125/><F1/><W131/><G131/><T79/><D124/><U2/><E127/><V100/><F43/><W113/><G103/><T105/><D105/><U51/><E69/><V5/><F125/><W23/><G87/><T121/><D121/><U83/><E2/><V0/><F0/><W28/><G113/><T34/><D81/><U115/><E115/><V47/><F126/><W129/><G14/><T76/><D76/><U30/><E83/><V16/><F5/><W66/><G66/><T68/><D6/><U120/><E120/><V10/><F10/><W36/><G36/><T91/><D102/><U54/><E134/><V3/><F3/><W44/><G44/><T9/><BYE who="3" /><D9/><U12/><E54/><V85/><F100/><W77/><G77/><UN n3="%3E%5F%30%40%E6%9D%8F%E6%9D%8F%E8%BB%8D%E5%9C%98" /><T31/><D15/><U17/><E116/><V122/><F122/><W123/><G123/><T78/><D78/><U130/><E130/><V89/><F101/><W52/><G106/><T70/><D68/><U56/><E56/><V38/><F84/><AGARI ba="0,0" hai="20,21,25,31,34,60,64,70,74,79,80,84,91,93" machi="84" ten="30,1000,0" yaku="7,1" doraHai="41" who="0" fromWho="2" sc="443,10,190,0,106,-10,261,0" owari="453,55.0,190,-21.0,96,-40.0,261,6.0" /></mjloggm>