<mjloggm ver="2.3"><GO type="41" lobby="0"/><UN n0="%77%61%6B%61%7A%6F%6E%6F" n1="%E3%81%BF%E3%82%84%E3%81%BE%E3%82%82%E3%82%8A" n2="%E3%83%9E%E3%82%B0%E3%83%8B%E3%82%B9" n3="%E5%B0%B1%E6%B4%BB%E7%94%9F%40%E5%B7%9D%E6%9D%91%E8%BB%8D%E5%9B%A3" dan="14,13,13,16" rate="1903.46,1855.11,1823.90,2112.82" sx="M,M,M,M"/><TAIKYOKU oya="0"/><INIT seed="0,0,0,2,1,127" ten="250,250,250,250" oya="0" hai0="56,82,8,119,57,74,23,45,118,134,123,89,92" hai1="125,130,46,5,68,109,18,16,91,17,83,55,129" hai2="95,116,10,102,108,24,15,107,66,93,64,132,128" hai3="49,97,78,122,40,99,111,32,120,135,72,104,76"/><T0/><D123/><N who="3" m="47145" /><G32/><T88/><D134/><U80/><E68/><V37/><F37/><W3/><G3/><T67/><D45/><U43/><E125/><V52/><F132/><W47/><G135/><T42/><D42/><U94/><E55/><V105/><F108/><W29/><G29/><T115/><D115/><U44/><E109/><V65/><F116/><W2/><G2/><T39/><D39/><U110/><E5/><V106/><F24/><W103/><G111/><T62/><D23/><U124/><E124/><V133/><F133/><W113/><G113/><T35/><D35/><U51/><E46/><V50/><F102/><N who="3" m="62543" /><G72/><T20/><D20/><U126/><E126/><V22/><F22/><W54/><G54/><T12/><D0/><U19/><N who="1" m="4608" /><DORA hai="63" /><U21/><E21/><V117/><F117/><W96/><G96/><T27/><D27/><U71/><E71/><V86/><F86/><W84/><G84/><T6/><D57/><U87/><REACH who="1" step="1"/><E110/><REACH who="1" ten="250,240,250,250" step="2"/><V75/><F75/><W30/><G30/><T121/><D121/><U25/><E25/><V13/><F13/><W7/><G7/><T34/><D34/><U1/><E1/><V53/><F53/><W101/><G101/><T14/><D14/><U26/><E26/><V59/><REACH who="2" step="1"/><F128/><AGARI ba="0,1" hai="43,44,51,80,83,87,91,94,128,129,130" m="4608" machi="128" ten="50,12000,2" yaku="1,1,19,1,52,3,54,1,53,0" doraHai="127,63" doraHaiUra="70,31" who="1" fromWho="2" sc="250,0,240,130,250,-120,250,0" /><INIT seed="1,0,0,4,0,103" ten="250,370,130,250" oya="1" hai0="67,74,45,14,116,11,54,130,64,125,46,111,96" hai1="38,48,110,24,66,109,58,112,30,32,4,135,71" hai2="36,40,120,20,35,52,75,21,13,127,10,50,91" hai3="73,5,92,18,82,87,15,80,44,134,89,28,114"/><U19/><E112/><V117/><F117/><W97/><G114/><T16/><D116/><U94/><E38/><V84/><F120/><W23/><G134/><T34/><D125/><U128/><E19/><V2/><F75/><W62/><G73/><T107/><D111/><N who="1" m="42507" /><E135/><V51/><F35/><W56/><G28/><T93/><D130/><U39/><E39/><V1/><F36/><W88/><G5/><T6/><D74/><U49/><E128/><V77/><F127/><W79/><G44/><T102/><D34/><U126/><E126/><V106/><F106/><W108/><G108/><T78/><D78/><U72/><E72/><V25/><F77/><W47/><G47/><T133/><D133/><U17/><E4/><V41/><F1/><W59/><G59/><T27/><D6/><U86/><E17/><N who="2" m="8375" /><F2/><W118/><G118/><T131/><D27/><U31/><E31/><N who="2" m="17831" /><F21/><W95/><REACH who="3" step="1"/><G79/><REACH who="3" ten="250,370,130,240" step="2"/><T29/><D131/><U115/><E115/><V90/><F40/><W104/><G104/><T63/><D107/><U57/><E71/><V83/><F41/><W0/><G0/><T76/><D29/><U12/><E58/><N who="2" m="33047" /><F90/><W122/><G122/><T121/><D76/><U61/><E12/><V81/><F81/><W113/><G113/><T7/><D121/><U70/><E70/><V68/><F68/><W101/><G101/><T129/><D129/><U55/><E66/><AGARI ba="0,1" hai="15,18,23,56,62,66,80,82,87,88,89,92,95,97" machi="66" ten="30,7700,0" yaku="1,1,7,1,8,1,54,1,53,0" doraHai="103" doraHaiUra="119" who="3" fromWho="1" sc="250,0,370,-77,130,0,240,87" /><INIT seed="2,0,0,3,1,62" ten="250,293,130,327" oya="2" hai0="12,43,37,132,24,112,25,80,117,128,55,22,67" hai1="135,53,107,105,125,63,70,92,90,13,28,11,35" hai2="65,72,18,61,17,91,115,1,76,40,19,94,108" hai3="57,124,89,71,69,100,85,120,96,15,121,32,10"/><V16/><F115/><W31/><G124/><T84/><D112/><U74/><E74/><V123/><F123/><W5/><G69/><T56/><D132/><U103/><E135/><V2/><F108/><W134/><G71/><T86/><D128/><U54/><E125/><V6/><F40/><W131/><G134/><T99/><D117/><U64/><E107/><V0/><F72/><W113/><G131/><T95/><D37/><U102/><E102/><V77/><F6/><W30/><G113/><T20/><D43/><U49/><E49/><V52/><F52/><W111/><G111/><T4/><D4/><U82/><E82/><V81/><F81/><W110/><G110/><T101/><D12/><U41/><E41/><V98/><N who="2" m="4608" /><DORA hai="75" /><V38/><REACH who="2" step="1"/><F38/><REACH who="2" ten="250,293,120,327" step="2"/><W58/><G120/><T93/><D80/><U36/><E36/><V39/><F39/><W126/><G121/><T9/><D55/><U129/><E129/><V8/><F8/><W122/><G122/><T46/><D9/><U73/><E73/><V130/><F130/><W133/><G133/><T26/><D46/><U27/><E11/><V3/><N who="2" m="512" /><DORA hai="119" /><V79/><F79/><W83/><G126/><T29/><D29/><U59/><E13/><V14/><F14/><W7/><G31/><T34/><D34/><U88/><E53/><V109/><F109/><W48/><G7/><T47/><D47/><U23/><E35/><V106/><F106/><N who="3" m="63751" /><G48/><T127/><D127/><U97/><E105/><V50/><F50/><W51/><G51/><T114/><D114/><U42/><E42/><V118/><F118/><RYUUKYOKU ba="0,1" sc="250,-30,293,10,120,10,327,10" hai1="23,27,28,54,59,63,64,70,88,90,92,97,103" hai2="61,65,76,77,91,94,98" hai3="5,10,15,30,32,57,58,83,85,89" /><INIT seed="2,1,1,2,0,126" ten="220,303,130,337" oya="2" hai0="80,46,114,57,85,116,0,87,119,109,104,47,5" hai1="60,122,59,103,107,74,111,131,12,76,94,113,90" hai2="11,62,125,40,26,128,31,132,70,17,96,49,98" hai3="71,108,20,112,24,64,1,14,93,55,34,43,110"/><V72/><F72/><W27/><G1/><T23/><D104/><U92/><E113/><V95/><F125/><W67/><G43/><T106/><D106/><U77/><E12/><V18/><F132/><W7/><G112/><T52/><D114/><U117/><E59/><V82/><F82/><W29/><G71/><T73/><D109/><N who="3" m="42089" /><G93/><T86/><D23/><U51/><E51/><V25/><F96/><W99/><G99/><T4/><D73/><U16/><E60/><V38/><F38/><W33/><G55/><T100/><D100/><U120/><E16/><V3/><F3/><W134/><G134/><T115/><D115/><U21/><E21/><V133/><F133/><W45/><G45/><N who="0" m="16907" /><D80/><N who="1" m="45079" /><E111/><V39/><F39/><W48/><G48/><N who="0" m="30855" /><D0/><U30/><E30/><V54/><F31/><N who="3" m="19687" /><G34/><T127/><D127/><U32/><E32/><V78/><F40/><W88/><G88/><T36/><D36/><U66/><E90/><V63/><F78/><W101/><G101/><T28/><D28/><U50/><E77/><V56/><F70/><W102/><G102/><T130/><D130/><U81/><E131/><V19/><F128/><W41/><G41/><T15/><D15/><U135/><E103/><N who="2" m="60895" /><F11/><AGARI ba="1,1" hai="7,11,14,20,27,29,64,67" m="19687,42089" machi="11" ten="30,1000,0" yaku="14,1" doraHai="126" who="3" fromWho="2" sc="220,0,303,0,130,-13,337,23" /><INIT seed="3,0,0,4,5,35" ten="220,303,117,360" oya="3" hai0="85,124,24,92,98,99,0,59,77,81,93,91,64" hai1="70,62,111,101,28,120,83,44,100,61,23,17,53" hai2="78,38,18,104,87,6,69,74,63,22,7,12,122" hai3="108,135,134,96,13,57,65,15,133,107,33,14,72"/><W19/><G72/><T131/><D24/><U80/><E120/><V54/><F104/><W75/><G75/><N who="0" m="43199" /><D59/><U73/><E28/><V47/><F74/><W118/><G118/><T132/><D64/><U49/><E111/><V128/><F122/><W129/><G108/><T127/><D0/><U10/><E73/><V112/><F112/><W76/><G76/><T39/><D39/><U4/><E83/><V109/><F109/><W32/><G129/><T58/><D58/><U68/><E80/><V46/><F128/><W42/><G42/><T102/><D131/><U40/><E70/><V110/><F110/><W9/><G9/><T56/><D56/><U79/><E79/><V97/><F97/><W26/><G19/><T84/><D132/><U114/><E114/><V43/><F69/><W37/><G37/><T130/><D130/><U86/><E86/><AGARI ba="0,0" hai="84,85,86,91,92,93,98,99,102,124,127" m="43199" machi="86" ten="30,2000,0" yaku="34,2" doraHai="35" who="0" fromWho="1" sc="220,20,303,-20,117,0,360,0" /><INIT seed="4,0,0,2,2,87" ten="240,283,117,360" oya="0" hai0="46,108,27,31,78,134,100,33,105,67,69,133,52" hai1="79,1,14,120,97,101,38,2,35,106,116,63,77" hai2="94,73,61,3,9,118,83,123,103,8,62,91,110" hai3="36,115,21,135,112,66,121,80,117,109,18,16,86"/><T60/><D78/><U127/><E120/><V72/><F123/><W131/><G109/><T74/><D108/><U13/><E116/><V89/><F110/><W70/><G121/><T64/><D64/><U124/><E35/><V42/><F118/><W128/><G36/><T68/><D74/><U81/><E38/><V11/><F42/><W47/><G117/><T23/><D23/><U19/><E63/><V95/><F9/><W4/><G4/><T125/><D125/><N who="1" m="48203" /><E77/><V90/><F90/><N who="3" m="51527" /><G47/><T75/><D75/><N who="1" m="43263" /><E14/><V82/><REACH who="2" step="1"/><F103/><REACH who="2" ten="240,283,107,360" step="2"/><W58/><G115/><T93/><D93/><U53/><E53/><V98/><F98/><W25/><G112/><T10/><D10/><AGARI ba="0,1" hai="1,2,10,13,19,97,101,106" m="43263,48203" machi="10" ten="30,1000,0" yaku="18,1" doraHai="87" who="1" fromWho="0" sc="240,-10,283,20,107,0,360,0" /><INIT seed="5,0,0,3,2,44" ten="230,303,107,360" oya="1" hai0="88,101,100,17,66,111,114,64,133,130,23,74,46" hai1="32,0,97,113,19,33,2,5,89,53,1,125,116" hai2="104,24,86,45,47,71,117,84,31,80,13,37,76" hai3="12,79,134,122,9,29,18,16,67,48,131,63,108"/><U50/><E116/><V43/><F117/><W135/><G108/><T110/><D74/><U7/><E19/><V132/><F104/><W123/><G79/><T93/><D133/><N who="3" m="50697" /><G131/><T8/><D130/><U41/><E41/><V109/><F132/><W118/><G29/><T96/><D114/><U36/><E36/><V27/><F109/><W127/><G127/><T68/><D8/><U103/><E113/><V81/><F71/><N who="3" m="42495" /><G118/><T57/><D68/><U120/><E120/><N who="3" m="46122" /><G48/><T61/><D111/><U78/><E89/><V65/><F65/><W105/><G105/><T75/><D75/><U91/><E91/><V30/><F37/><W21/><G21/><T92/><D110/><U22/><E22/><V59/><F76/><W3/><G3/><T102/><D93/><U52/><E78/><V34/><F34/><N who="1" m="13417" /><E50/><V58/><REACH who="2" step="1"/><F43/><REACH who="2" ten="230,303,97,360" step="2"/><W14/><G14/><AGARI ba="0,1" hai="13,14,24,27,30,31,45,47,58,59,80,81,84,86" machi="14" ten="25,8000,1" yaku="1,1,2,1,22,2,8,1,53,0" doraHai="44" doraHaiUra="119" who="2" fromWho="3" sc="230,0,303,0,97,90,360,-80" /><INIT seed="6,0,0,0,5,100" ten="230,303,187,280" oya="2" hai0="108,123,117,33,44,40,68,46,73,77,131,7,51" hai1="62,45,92,110,11,41,65,121,129,86,13,37,58" hai2="127,66,128,34,111,56,43,81,133,60,91,85,74" hai3="134,84,90,3,107,106,101,102,54,18,63,17,61"/><V79/><F111/><W135/><G3/><T97/><D123/><U5/><E110/><V42/><F34/><W89/><G84/><T70/><D108/><U64/><E129/><V94/><F128/><W105/><G105/><T36/><D131/><U98/><E121/><V24/><F133/><W130/><G130/><T126/><D126/><U104/><E86/><V88/><F127/><W83/><G54/><T49/><D117/><U14/><E104/><V75/><F24/><W50/><G50/><T23/><D23/><U78/><E78/><V0/><F0/><W30/><G83/><T67/><D67/><U119/><E119/><V116/><F116/><W99/><G99/><T8/><D33/><U12/><REACH who="1" step="1"/><E65/><REACH who="1" ten="230,293,187,280" step="2"/><V35/><F75/><W25/><G25/><T57/><D97/><U28/><E28/><AGARI ba="0,1" hai="17,18,28,30,61,63,89,90,101,102,106,107,134,135" machi="28" ten="25,6400,0" yaku="22,2,52,2" doraHai="100" who="3" fromWho="1" sc="230,0,293,-64,187,0,280,74" /><INIT seed="7,0,0,2,0,3" ten="230,229,187,354" oya="3" hai0="80,66,99,57,20,42,70,5,119,15,71,27,39" hai1="4,77,17,121,19,85,79,55,1,32,18,36,127" hai2="11,63,104,100,115,81,92,14,125,132,126,41,0" hai3="90,47,10,65,111,25,37,88,33,97,46,106,53"/><W13/><G111/><T72/><D119/><U69/><E121/><V60/><F104/><W113/><G113/><T102/><D39/><U103/><E69/><V34/><F34/><W38/><G65/><T8/><D42/><U51/><E36/><V116/><F116/><W78/><G78/><T28/><D80/><U133/><E32/><V83/><F0/><W122/><G47/><T2/><D2/><U16/><E103/><V118/><F118/><W61/><G106/><T29/><D29/><U89/><E133/><V43/><F115/><W96/><G33/><T23/><D72/><U52/><E127/><V59/><F132/><W45/><G25/><T98/><D98/><U68/><E68/><V128/><F100/><W24/><G24/><T12/><D12/><U48/><N who="1" m="4608" /><DORA hai="114" /><U30/><E4/><V95/><F128/><W58/><G38/><T91/><D91/><N who="3" m="34857" /><G37/><T64/><D23/><U21/><E1/><V135/><F135/><W101/><G101/><T93/><REACH who="0" step="1"/><D66/><REACH who="0" ten="220,229,187,354" step="2"/><U112/><E21/><V56/><REACH who="2" step="1"/><F14/><REACH who="2" ten="220,229,177,354" step="2"/><W94/><G13/><T87/><D87/><U86/><E86/><V134/><F134/><W22/><G97/><T40/><D40/><U9/><E85/><V50/><F50/><W109/><G96/><T124/><D124/><U26/><E51/><V75/><F75/><W31/><G122/><T130/><D130/><U117/><E48/><V54/><F54/><W82/><G53/><T123/><D123/><U35/><E52/><V76/><F76/><W131/><G131/><T7/><D7/><U84/><E55/><V105/><F105/><RYUUKYOKU ba="0,2" sc="220,15,229,-15,177,15,354,-15" hai0="5,8,15,20,27,28,57,64,70,71,93,99,102" hai2="11,41,43,56,59,60,63,81,83,92,95,125,126" owari="235,4.0,214,-19.0,192,-31.0,359,46.0" /></mjloggm>