<mjloggm ver="2.3"><GO type="169" lobby="0"/><UN n0="%E8%87%AA%E7%A7%B0%E6%9C%80%E5%BC%B7%E9%9B%80%E5%A3%AB%EF%BC%93" n1="%E3%82%AD%E3%83%9F%E3%82%BF%E3%83%9E%E3%82%B4" n2="%78%E3%83%AB%E3%83%AB%78" n3="%E3%83%88%E3%83%88%E3%83%AA%E5%85%88%E7%94%9F%31%39%E6%AD%B3" dan="16,16,16,18" rate="2126.88,2114.25,2051.87,2200.73" sx="M,M,M,F"/><TAIKYOKU oya="0"/><INIT seed="0,0,0,1,5,4" ten="250,250,250,250" oya="0" hai0="7,43,107,49,53,86,109,95,104,68,14,1,19" hai1="54,36,70,100,112,31,133,102,101,131,47,33,66" hai2="85,34,93,96,11,25,111,21,24,80,48,28,87" hai3="134,97,128,30,57,98,119,16,23,29,129,20,130"/><T5/><D68/><U132/><E131/><V64/><F111/><W39/><G119/><T75/><D75/><U44/><E112/><V22/><F64/><W110/><G39/><T73/><D73/><U3/><E3/><V122/><F122/><W17/><G110/><T125/><D125/><U105/><E54/><V41/><F48/><W59/><REACH who="3" step="1"/><G130/><REACH who="3" ten="250,250,250,240" step="2"/><T115/><D109/><U121/><E36/><V79/><F34/><W6/><G6/><T26/><D115/><U82/><E33/><V60/><F24/><W52/><G52/><T123/><D123/><U51/><E121/><V78/><F25/><W84/><G84/><T74/><D74/><U135/><E135/><AGARI ba="0,1" hai="16,17,20,23,29,30,57,59,97,98,128,129,134,135" machi="135" ten="25,6400,0" yaku="1,1,22,2,54,1,53,0" doraHai="4" doraHaiUra="113" who="3" fromWho="1" sc="250,0,250,-64,250,0,240,74" /><INIT seed="1,0,0,2,1,116" ten="250,186,250,314" oya="1" hai0="85,77,47,78,16,131,99,132,0,14,36,108,87" hai1="15,34,98,17,35,135,41,45,100,46,71,28,26" hai2="61,111,62,95,44,59,133,73,42,102,89,49,8" hai3="115,30,50,91,31,106,40,37,101,80,129,124,112"/><U25/><E135/><V53/><F73/><W127/><G37/><T2/><D131/><U39/><E71/><V72/><F72/><W88/><G129/><T82/><D132/><U113/><E113/><N who="3" m="43594" /><G50/><T7/><D7/><U58/><E45/><V79/><F111/><W63/><G40/><T6/><D6/><U118/><E118/><V121/><F102/><W70/><G63/><T24/><D108/><U119/><E119/><V22/><F79/><W3/><G70/><T66/><D66/><U110/><E110/><V117/><F117/><W114/><G114/><T76/><D24/><U97/><E58/><V94/><F8/><W13/><G13/><T90/><D99/><U123/><E100/><V86/><F133/><W23/><G23/><T130/><D130/><U81/><E81/><V69/><F69/><W103/><G103/><T21/><REACH who="0" step="1"/><D85/><REACH who="0" ten="240,186,250,314" step="2"/><U107/><E98/><V20/><F86/><N who="3" m="50247" /><G3/><T75/><D75/><U56/><E97/><V64/><F64/><W33/><G106/><T9/><D9/><U29/><E107/><V65/><F65/><W55/><G101/><T27/><D27/><U126/><E34/><V57/><F20/><W48/><G33/><T54/><D54/><U43/><E35/><V93/><F22/><W18/><G55/><T84/><D84/><U12/><E26/><V134/><F53/><W51/><G127/><T19/><D19/><U67/><E17/><V1/><F134/><W11/><G124/><T105/><D105/><U128/><E25/><V5/><F5/><W32/><G32/><T125/><D125/><U52/><E126/><RYUUKYOKU ba="0,1" sc="240,30,186,-10,250,-10,314,-10" hai0="0,2,14,16,21,36,47,76,77,78,82,87,90" /><INIT seed="2,1,1,1,2,0" ten="270,176,240,304" oya="2" hai0="88,132,50,116,110,58,49,90,124,15,113,43,71" hai1="54,53,104,98,115,30,51,85,23,35,108,70,125" hai2="52,122,76,4,39,129,78,60,87,24,22,27,7" hai3="40,59,11,92,67,80,31,21,14,29,102,101,91"/><V44/><F122/><W56/><G40/><T72/><D71/><U8/><E108/><V32/><F129/><W13/><G80/><T86/><D116/><U6/><E115/><V1/><F32/><W66/><G21/><T96/><D113/><U99/><E70/><V62/><F39/><W131/><G131/><T109/><D72/><U61/><E104/><V81/><F1/><W128/><G128/><T82/><D132/><U106/><E106/><V33/><F78/><W36/><G36/><T65/><D124/><U20/><E125/><V63/><F33/><W5/><G14/><T48/><D43/><U41/><E41/><V47/><F27/><W107/><G107/><T42/><D42/><U100/><E85/><V134/><F134/><W74/><G74/><T10/><D96/><U34/><E51/><N who="2" m="28799" /><F44/><W38/><G38/><T46/><D46/><U97/><E61/><V55/><F55/><W28/><G56/><T73/><D73/><U114/><E114/><V119/><F119/><W112/><G112/><T45/><D45/><U2/><E100/><N who="3" m="38506" /><G59/><T25/><D25/><U77/><E34/><V17/><AGARI ba="1,1" hai="4,7,17,22,24,60,62,63,76,81,87" m="28799" machi="17" ten="30,11700,0" yaku="8,1,52,2,54,1" doraHai="0" who="2" fromWho="2" sc="270,-40,176,-40,240,130,304,-40" /><INIT seed="2,2,0,4,5,115" ten="230,136,370,264" oya="2" hai0="34,65,119,18,93,45,16,66,114,1,22,58,110" hai1="83,100,72,17,77,116,134,3,84,81,107,92,37" hai2="7,6,47,35,27,33,101,109,113,124,123,48,25" hai3="130,75,79,61,53,122,68,99,103,54,106,98,71"/><V89/><F113/><W13/><G122/><T131/><D114/><U70/><E70/><V67/><F101/><W42/><G130/><T39/><D34/><U90/><E37/><V4/><F67/><W102/><G42/><T85/><D110/><U62/><E3/><V21/><F123/><W94/><G75/><T96/><D1/><U14/><E62/><V24/><F89/><W76/><G13/><T125/><D125/><U120/><E134/><V31/><F124/><W19/><G19/><T44/><D131/><U40/><E40/><V108/><F47/><N who="0" m="17994" /><D39/><U29/><E29/><V10/><F48/><W117/><G61/><N who="0" m="38071" /><D66/><U8/><E83/><V104/><F104/><W59/><G59/><T51/><D51/><U88/><E90/><V129/><F129/><W78/><REACH who="3" step="1"/><G117/><REACH who="3" ten="230,136,370,254" step="2"/><T95/><D119/><U86/><E120/><V69/><F69/><AGARI ba="2,1" hai="53,54,68,69,71,76,78,79,94,98,99,102,103,106" machi="69" ten="40,8000,1" yaku="1,1,2,1,53,3" doraHai="115" doraHaiUra="73" who="3" fromWho="2" sc="230,0,136,0,370,-86,254,96" /><INIT seed="3,0,0,0,2,40" ten="230,136,284,350" oya="3" hai0="8,33,118,109,117,115,95,99,86,123,9,28,38" hai1="98,130,35,114,31,63,64,135,47,76,134,0,100" hai2="51,127,121,13,107,34,113,56,83,96,29,18,12" hai3="79,120,10,62,112,48,68,132,58,44,87,27,70"/><W90/><G112/><T42/><D115/><U30/><E0/><V50/><F127/><W67/><G120/><T85/><D123/><U101/><E76/><V89/><F113/><W36/><G132/><N who="1" m="50730" /><E114/><V103/><F13/><W72/><G36/><T102/><D109/><U88/><E130/><V16/><F121/><W65/><G65/><T17/><D117/><U41/><E35/><V131/><F131/><W26/><G72/><T71/><D71/><N who="1" m="42399" /><E100/><V73/><F18/><W7/><G79/><T61/><D118/><U2/><E2/><V66/><F73/><W94/><G70/><T54/><D33/><U11/><E11/><V55/><F34/><W59/><G59/><T3/><D3/><U52/><E41/><V19/><F103/><W104/><G104/><T129/><D129/><U60/><E60/><V110/><F107/><W92/><G68/><T39/><D9/><U93/><E101/><V46/><F66/><W21/><G92/><T1/><D1/><U69/><E69/><V111/><F110/><W97/><G97/><T6/><D42/><U43/><E43/><V84/><F96/><W5/><G10/><T105/><D38/><U24/><E24/><N who="3" m="9258" /><G21/><T14/><D39/><U124/><E124/><V122/><F111/><W106/><G106/><T80/><D105/><U81/><E81/><V116/><F122/><W91/><G91/><T25/><D80/><U49/><AGARI ba="0,0" hai="30,31,47,49,52,88,93,98" m="42399,50730" machi="49" ten="30,7900,0" yaku="20,1,52,1,54,2" doraHai="40" who="1" fromWho="1" sc="230,-20,136,79,284,-20,350,-39" /><INIT seed="4,0,0,1,4,55" ten="210,215,264,311" oya="0" hai0="89,48,129,25,49,53,125,19,107,33,51,135,114" hai1="108,81,43,0,111,88,12,29,87,42,104,23,103" hai2="6,119,57,63,45,1,17,97,34,93,92,115,47" hai3="50,14,68,27,3,110,76,62,127,77,67,35,99"/><T20/><D107/><U30/><E0/><V26/><F119/><W54/><G110/><T64/><D114/><U7/><E104/><V71/><F71/><W116/><G3/><T75/><D75/><U80/><E103/><V134/><F115/><W24/><G116/><T69/><D129/><U10/><E81/><V58/><F134/><W22/><G127/><T2/><D2/><U31/><REACH who="1" step="1"/><E23/><REACH who="1" ten="210,205,264,311" step="2"/><N who="2" m="13679" /><F34/><W59/><G35/><T46/><D135/><U18/><E18/><V122/><F1/><W72/><G22/><T28/><D125/><U11/><E11/><V16/><F122/><W78/><G72/><T132/><D132/><U86/><E86/><V9/><F6/><W131/><G99/><T21/><D33/><U4/><E4/><V41/><F93/><W44/><G131/><T121/><D121/><U8/><E8/><V126/><F126/><W128/><G128/><T106/><D106/><U118/><E118/><V84/><F84/><W94/><G94/><T117/><D117/><U73/><E73/><V52/><F9/><W66/><G78/><T130/><D130/><U120/><E120/><V109/><F16/><W60/><G77/><T37/><D21/><U105/><E105/><V15/><F109/><AGARI ba="0,1" hai="7,10,12,29,30,31,42,43,80,87,88,108,109,111" machi="109" ten="40,8000,1" yaku="1,1,54,1,53,3" doraHai="55" doraHaiUra="123" who="1" fromWho="2" sc="210,0,205,90,264,-80,311,0" /><INIT seed="5,0,0,5,0,75" ten="210,295,184,311" oya="1" hai0="30,3,62,134,14,119,78,88,12,102,79,19,10" hai1="135,1,111,55,64,130,106,63,2,6,110,113,45" hai2="92,89,126,129,22,108,118,8,100,128,105,99,82" hai3="16,28,65,15,101,36,116,52,5,84,49,132,115"/><U90/><E106/><V39/><F39/><W67/><G36/><T103/><D3/><U31/><E113/><V32/><F32/><W13/><G115/><T33/><D119/><U56/><E135/><V123/><F8/><N who="3" m="4239" /><G132/><T41/><D41/><U120/><E130/><N who="2" m="50283" /><F22/><N who="3" m="11551" /><G28/><T109/><D109/><U34/><E120/><V73/><F108/><N who="1" m="41513" /><E6/><V133/><F133/><W112/><G112/><T60/><D33/><U80/><E31/><V57/><F57/><N who="3" m="32911" /><G101/><N who="0" m="38411" /><D30/><U66/><E34/><V91/><F123/><W44/><G44/><T48/><D48/><N who="1" m="29071" /><E64/><V68/><F68/><W87/><G116/><T77/><D134/><U86/><AGARI ba="0,0" hai="1,2,56,63,66,80,86,90" m="29071,41513" machi="86" ten="30,1500,0" yaku="10,1" doraHai="75" who="1" fromWho="1" sc="210,-5,295,15,184,-5,311,-5" /><INIT seed="5,1,0,5,1,73" ten="205,310,179,306" oya="1" hai0="113,36,56,82,45,52,3,89,118,84,9,33,130" hai1="97,42,99,58,100,37,39,101,32,34,131,41,40" hai2="88,24,119,5,1,4,59,51,54,86,48,43,95" hai3="92,50,6,122,2,85,107,91,69,18,127,61,25"/><U102/><E58/><V75/><F119/><W16/><G122/><T71/><D118/><U10/><E10/><V134/><F134/><W0/><G107/><T20/><D71/><U7/><E7/><V44/><F75/><W63/><G127/><T11/><D33/><U125/><E131/><V96/><F1/><W108/><G108/><T133/><D113/><U103/><N who="1" m="26112" /><DORA hai="78" /><U126/><E34/><V111/><F111/><W104/><G104/><T14/><D133/><U98/><REACH who="1" step="1"/><E32/><REACH who="1" ten="205,300,179,306" step="2"/><V35/><F35/><W21/><G6/><T74/><D130/><U49/><E49/><V123/><F123/><W120/><G120/><T128/><D128/><U79/><E79/><V13/><F24/><W60/><G69/><T116/><D116/><U110/><E110/><V8/><REACH who="2" step="1"/><F5/><REACH who="2" ten="205,300,169,306" step="2"/><W121/><G121/><T22/><D3/><U105/><E105/><V72/><F72/><W124/><G2/><T67/><D74/><U23/><E23/><V27/><F27/><W29/><G0/><T106/><D22/><U83/><E83/><V15/><F15/><W66/><G124/><AGARI ba="1,2" hai="37,39,40,41,42,97,98,99,124,125,126" m="26112" machi="124" ten="60,18000,2" yaku="1,1,29,2,28,2,18,1,53,0" doraHai="73,78" doraHaiUra="30,114" who="1" fromWho="3" sc="205,0,300,203,169,0,306,-183" /><INIT seed="5,2,0,4,1,80" ten="205,503,169,123" oya="1" hai0="19,121,55,38,74,12,48,63,132,101,35,118,104" hai1="71,79,18,115,1,7,28,107,88,57,108,114,64" hai2="25,41,27,61,52,20,44,91,93,39,86,122,76" hai3="77,110,0,37,34,123,70,90,106,84,60,51,112"/><U72/><E71/><V2/><F2/><W11/><G110/><T58/><D121/><U103/><E18/><V9/><F122/><W127/><G37/><T24/><D38/><U125/><E28/><V31/><F27/><W111/><G111/><T134/><D74/><U81/><E57/><V87/><F9/><W102/><G34/><T66/><D118/><U45/><E64/><V49/><F61/><W73/><G123/><T105/><D101/><U109/><E45/><V36/><REACH who="2" step="1"/><F41/><REACH who="2" ten="205,503,159,123" step="2"/><W30/><G0/><T96/><D24/><U46/><E1/><V97/><F97/><W78/><G11/><T75/><D96/><N who="1" m="61927" /><E108/><V14/><F14/><W33/><G60/><T3/><D3/><U8/><E8/><V92/><F92/><W54/><G106/><T53/><D105/><U47/><E7/><V113/><F113/><W67/><G112/><T43/><D104/><U10/><E10/><V6/><F6/><W120/><G120/><T50/><D43/><U68/><E109/><V16/><F16/><W17/><G17/><T22/><D35/><U23/><E23/><V83/><AGARI ba="2,1" hai="20,25,31,36,39,44,49,52,76,83,86,87,91,93" machi="83" ten="30,8000,1" yaku="1,1,0,1,52,2,54,1,53,0" doraHai="80" doraHaiUra="129" who="2" fromWho="2" sc="205,-22,503,-42,159,96,123,-22" /><INIT seed="6,0,0,5,2,57" ten="183,461,255,101" oya="2" hai0="132,84,96,81,123,66,6,79,100,51,11,9,91" hai1="32,69,63,35,67,28,108,116,92,75,53,103,73" hai2="46,50,112,61,135,93,48,15,133,55,54,38,10" hai3="64,1,122,89,17,118,104,128,44,52,82,99,45"/><V70/><F93/><W47/><G118/><T106/><D123/><U113/><E113/><V18/><F112/><W115/><G122/><T102/><D102/><U19/><E108/><V39/><F38/><W87/><G115/><T76/><D132/><N who="2" m="50762" /><F39/><W72/><G1/><T41/><D11/><U4/><E92/><V110/><F110/><W12/><G128/><T95/><D66/><U119/><E103/><V120/><F120/><W37/><G37/><T33/><D33/><U101/><E101/><V126/><F126/><W124/><G124/><T130/><D130/><U111/><E111/><V0/><F0/><W22/><G104/><T125/><D125/><U83/><E83/><V109/><F109/><W129/><G129/><T49/><D41/><U65/><E69/><V105/><F105/><W8/><G72/><T7/><D76/><U2/><E2/><V23/><F23/><W107/><G107/><T16/><D6/><U27/><E32/><V74/><F74/><W88/><G64/><T29/><D29/><U31/><E35/><V40/><F50/><N who="3" m="28767" /><G22/><T71/><D71/><U42/><E73/><V117/><F117/><W21/><G21/><T25/><D7/><U20/><E75/><V134/><N who="2" m="50770" /><V43/><DORA hai="58" /><F43/><W121/><G121/><T94/><D25/><U78/><E42/><V131/><F131/><W34/><G34/><T14/><D106/><U60/><E116/><V3/><F3/><W13/><G13/><T85/><AGARI ba="0,0" hai="9,14,16,49,51,79,81,84,85,91,94,95,96,100" machi="85" ten="20,5200,0" yaku="0,1,7,1,8,1,54,1" doraHai="57,58" who="0" fromWho="0" sc="183,52,461,-13,255,-26,101,-13" /><INIT seed="7,0,0,5,4,47" ten="235,448,229,88" oya="3" hai0="78,75,121,37,102,4,114,112,67,34,6,104,21" hai1="12,94,109,3,11,92,41,14,100,115,124,105,29" hai2="122,91,96,39,45,86,118,20,28,18,36,62,30" hai3="42,76,7,89,74,98,101,22,97,72,103,56,128"/><W57/><G128/><T35/><D37/><U25/><E105/><V132/><F118/><W88/><G22/><T59/><D121/><U68/><E68/><V79/><F79/><W65/><G76/><T38/><D38/><U113/><E41/><V69/><F96/><W82/><G42/><T55/><D67/><U63/><E92/><V125/><F132/><W26/><G26/><T8/><D102/><U44/><E63/><V73/><F73/><W5/><G82/><N who="0" m="45407" /><D104/><U33/><E44/><V108/><F125/><W126/><REACH who="3" step="1"/><G65/><REACH who="3" ten="235,448,229,78" step="2"/><T61/><D21/><U130/><E130/><V134/><F20/><W17/><G17/><T23/><D23/><U9/><E25/><V95/><F18/><W77/><G77/><T15/><D6/><U50/><E29/><V120/><F120/><W48/><G48/><T123/><D123/><U27/><E50/><V52/><F36/><W53/><G53/><T110/><D110/><U106/><E27/><V117/><F122/><W13/><G13/><T10/><D10/><U58/><E109/><V32/><F108/><W107/><G107/><T99/><D15/><U116/><E106/><V87/><F39/><W135/><G135/><T111/><D111/><U129/><E129/><V80/><F134/><W81/><G81/><T51/><D8/><U64/><E11/><V60/><F30/><W0/><G0/><T19/><D4/><U66/><E9/><V46/><F28/><W85/><G85/><T16/><D51/><U31/><E31/><V90/><F87/><W54/><G54/><T24/><D19/><U119/><E3/><RYUUKYOKU ba="0,1" sc="235,-10,448,-10,229,-10,78,30" hai3="5,7,56,57,72,74,88,89,97,98,101,103,126" /><INIT seed="7,1,1,0,4,108" ten="225,438,219,108" oya="3" hai0="27,111,98,3,120,6,69,104,131,65,26,76,112" hai1="79,113,128,123,17,29,107,95,78,85,72,110,21" hai2="56,54,101,36,63,16,115,43,99,66,7,5,71" hai3="57,125,106,13,62,116,117,70,97,105,37,8,30"/><W67/><G37/><T82/><D120/><U129/><E107/><V89/><F89/><W1/><G125/><T31/><D111/><U52/><E29/><V49/><F115/><W134/><G134/><T20/><D112/><U93/><E113/><V61/><F61/><W11/><G30/><T34/><D131/><U58/><E110/><V74/><F74/><W51/><G1/><T23/><D27/><U45/><E45/><N who="2" m="23783" /><F16/><W121/><G121/><T4/><D4/><U53/><E78/><V18/><F18/><W35/><G35/><T132/><D6/><U25/><E53/><V38/><F38/><W41/><G11/><T39/><D39/><U55/><E55/><V73/><F73/><W90/><G105/><AGARI ba="1,1" hai="5,7,49,54,56,63,66,71,99,101,105" m="23783" machi="105" ten="30,1000,0" yaku="24,1" doraHai="108" who="2" fromWho="3" sc="225,0,438,0,219,23,108,-13" owari="225,-17.0,438,53.0,242,4.0,95,-40.0" /></mjloggm>