<mjloggm ver="2.3"><GO type="169" lobby="0"/><UN n0="%E3%81%BF%E3%81%A3%E3%81%A4%E3%81%83%EF%BD%9E" n1="%E5%80%89%E6%A9%8B%EF%BC%A0%E4%BA%8B%E5%8B%99" n2="%E3%82%AB%E3%83%96%E3%83%88" n3="%E3%83%88%E3%83%88%E3%83%AA%E5%85%88%E7%94%9F%31%39%E6%AD%B3" dan="16,17,17,18" rate="2057.78,2146.79,2196.75,2220.51" sx="F,M,M,F"/><TAIKYOKU oya="0"/><INIT seed="0,0,0,4,4,52" ten="250,250,250,250" oya="0" hai0="57,20,103,38,69,15,101,96,3,90,21,9,11" hai1="51,55,76,81,87,77,107,67,129,86,64,134,50" hai2="5,44,29,118,41,61,6,13,59,2,100,62,121" hai3="63,10,93,133,104,19,27,17,113,24,97,130,53"/><T125/><D69/><U95/><E107/><V72/><F72/><W110/><G104/><T131/><D38/><U30/><E134/><V43/><F121/><W135/><G113/><T79/><D131/><U70/><E129/><V12/><F2/><W132/><G130/><T82/><D125/><U35/><E70/><V106/><F29/><W122/><G122/><T68/><D68/><U115/><E115/><V37/><F106/><W117/><G110/><T46/><D46/><U119/><E119/><V92/><F100/><N who="0" m="38474" /><D3/><U26/><E50/><V7/><F118/><W89/><G117/><T25/><D57/><U66/><E95/><V71/><F92/><W48/><G63/><T85/><D15/><U39/><E39/><V73/><F73/><W94/><G94/><N who="0" m="56407" /><D21/><U14/><E14/><V58/><F71/><W36/><G36/><T31/><AGARI ba="0,0" hai="9,11,20,25,31,79,82,85" m="56407,38474" machi="31" ten="30,1500,0" yaku="8,1" doraHai="52" who="0" fromWho="0" sc="250,15,250,-5,250,-5,250,-5" /><INIT seed="0,1,0,1,3,127" ten="265,245,245,245" oya="0" hai0="34,46,112,100,98,111,135,47,17,1,26,37,63" hai1="31,45,99,132,0,41,87,20,122,14,124,6,75" hai2="67,90,117,110,119,44,93,85,57,77,68,24,78" hai3="74,48,2,27,49,91,107,56,8,92,9,36,29"/><T115/><D46/><U89/><E122/><V12/><F68/><W16/><G36/><T42/><D17/><U33/><E124/><V4/><F110/><W123/><G74/><T25/><D25/><U125/><E125/><V55/><F67/><W23/><G107/><N who="0" m="63895" /><D135/><U126/><E126/><V72/><F44/><W30/><G123/><T54/><D54/><U22/><E75/><V10/><F24/><W82/><G2/><T65/><D1/><U73/><E73/><V60/><REACH who="2" step="1"/><F72/><REACH who="2" ten="265,245,235,245" step="2"/><W39/><G27/><T101/><D111/><U129/><E132/><V15/><F15/><W114/><G56/><T116/><D116/><AGARI ba="1,1" hai="4,10,12,55,57,60,77,78,85,90,93,116,117,119" machi="116" ten="40,2600,0" yaku="1,1,12,1,53,0" doraHai="127" doraHaiUra="64" who="2" fromWho="0" sc="265,-29,245,0,235,39,245,0" /><INIT seed="1,0,0,0,4,98" ten="236,245,274,245" oya="1" hai0="120,17,34,78,127,131,12,50,108,42,71,84,39" hai1="74,27,109,13,58,45,111,132,87,92,96,118,83" hai2="123,21,31,3,16,101,18,89,66,129,85,36,94" hai3="37,115,1,82,86,134,49,15,126,62,11,51,133"/><U52/><E118/><V28/><F36/><W7/><G115/><T44/><D34/><U38/><E132/><N who="3" m="50794" /><G37/><T53/><D108/><N who="1" m="41547" /><E74/><V59/><F123/><W113/><G126/><T73/><D131/><U54/><E27/><N who="2" m="14759" /><F3/><W76/><G113/><T117/><D127/><U104/><E104/><V93/><F129/><W32/><G32/><T121/><D117/><U22/><E22/><V57/><F18/><W48/><G62/><T55/><D73/><U24/><E24/><V65/><F59/><W102/><G102/><T81/><D71/><U77/><E13/><AGARI ba="0,0" hai="1,7,11,13,15,48,49,51,76,82,86" m="50794" machi="13" ten="30,1000,0" yaku="20,1" doraHai="98" who="3" fromWho="1" sc="236,0,245,-10,274,0,245,10" /><INIT seed="2,0,0,5,0,1" ten="236,235,274,255" oya="2" hai0="125,85,107,70,63,82,99,86,22,4,108,23,123" hai1="124,115,51,128,96,127,80,101,106,94,13,25,122" hai2="20,49,130,62,114,98,5,76,6,0,109,119,64" hai3="79,67,56,71,33,72,9,15,41,117,131,47,45"/><V18/><F119/><W58/><G117/><T16/><D123/><U111/><E115/><V97/><F114/><W87/><G33/><T83/><D70/><U29/><E111/><V118/><F118/><W100/><G72/><T69/><D107/><U40/><E128/><V68/><F130/><W27/><G131/><T48/><D99/><U129/><E129/><V105/><F109/><W104/><G47/><T14/><D69/><U32/><E122/><V132/><F132/><W81/><G27/><T30/><D63/><U28/><E28/><V2/><F76/><W135/><G135/><T110/><D48/><U17/><E80/><N who="0" m="30761" /><D125/><U84/><E40/><V42/><F0/><W116/><G116/><T52/><D110/><U126/><E51/><V66/><F66/><W3/><G3/><T103/><D103/><U113/><E113/><V21/><F2/><W112/><G112/><T57/><D108/><U24/><E24/><V78/><F78/><W88/><G79/><T36/><D36/><U77/><E77/><V120/><F120/><W90/><G90/><T31/><D23/><U35/><E35/><V39/><F39/><N who="3" m="21695" /><G100/><T8/><D31/><U73/><E73/><V53/><F21/><W134/><G104/><T26/><D30/><U59/><E59/><N who="2" m="33199" /><F105/><W43/><G134/><T37/><D37/><U65/><E65/><V55/><F64/><W61/><G43/><T7/><D7/><N who="2" m="2570" /><F42/><W44/><G44/><T75/><D75/><U74/><E74/><V133/><F133/><W54/><G54/><T34/><D34/><U92/><E84/><N who="0" m="32361" /><D52/><U89/><E89/><RYUUKYOKU ba="0,0" sc="236,10,235,10,274,-30,255,10" hai0="4,8,14,16,22,26,57" hai1="13,17,25,29,32,92,94,96,101,106,124,126,127" hai3="9,15,56,58,61,67,71,81,87,88" /><INIT seed="3,1,0,0,2,134" ten="246,245,244,265" oya="3" hai0="31,72,56,61,87,35,125,23,116,109,90,68,32" hai1="102,91,45,19,54,81,48,4,89,25,70,79,2" hai2="22,41,97,7,27,77,16,124,12,94,108,111,0" hai3="9,110,55,14,123,53,47,28,101,49,21,60,42"/><W52/><G123/><T92/><D116/><U118/><E70/><V82/><F41/><W76/><G110/><N who="2" m="42025" /><F0/><W106/><G76/><T73/><D68/><U37/><E37/><V40/><F40/><W130/><G130/><T129/><D109/><U127/><E118/><V67/><F67/><W39/><G39/><T13/><D35/><U84/><E102/><N who="2" m="60727" /><F124/><W131/><G131/><T105/><D105/><U5/><E127/><V132/><F132/><W1/><G101/><T57/><D32/><U78/><E78/><V104/><F104/><W133/><G106/><T46/><D73/><U117/><E117/><V114/><F114/><W34/><G34/><T100/><D72/><U3/><E3/><V112/><F112/><W96/><G96/><T88/><D100/><U71/><E71/><V29/><F7/><N who="1" m="2633" /><E2/><V24/><F29/><W6/><G133/><T119/><D119/><U50/><E50/><V85/><AGARI ba="1,0" hai="12,16,22,24,27,77,82,85" m="60727,42025" machi="85" ten="30,2000,0" yaku="14,1,54,1" doraHai="134" who="2" fromWho="2" sc="246,-6,245,-6,244,23,265,-11" /><INIT seed="4,0,0,1,5,66" ten="240,239,267,254" oya="0" hai0="99,110,112,113,45,115,35,7,22,8,30,63,57" hai1="36,29,41,5,97,54,34,11,100,50,13,81,87" hai2="19,55,134,93,121,92,38,58,27,37,84,2,98" hai3="68,126,82,39,123,56,116,64,86,96,95,14,67"/><T28/><D45/><U91/><E34/><V20/><F121/><W74/><G116/><T109/><D99/><U4/><E29/><N who="0" m="11369" /><D35/><U17/><E41/><V52/><F2/><W1/><G74/><T80/><D80/><U6/><E36/><V119/><F119/><W127/><G1/><N who="0" m="111" /><D22/><U71/><E71/><V135/><F84/><W107/><G39/><T0/><D0/><U122/><E122/><V70/><F70/><W76/><G123/><T85/><D85/><U72/><E72/><V131/><F92/><W42/><G42/><T12/><D12/><U10/><E10/><V128/><F37/><W132/><G107/><T62/><D62/><U120/><E120/><V26/><F38/><W48/><G14/><T125/><D125/><N who="3" m="47625" /><G64/><AGARI ba="0,0" hai="57,63,64,109,110,112,113,115" m="111,11369" machi="64" ten="40,2000,0" yaku="15,1" doraHai="66" who="0" fromWho="3" sc="240,20,239,0,267,0,254,-20" /><INIT seed="4,1,0,1,1,36" ten="260,239,267,234" oya="0" hai0="106,41,103,58,5,39,17,13,129,87,109,25,0" hai1="9,3,56,101,72,122,75,15,27,54,59,18,67" hai2="91,24,21,79,2,74,102,126,80,94,89,84,97" hai3="93,63,31,8,61,69,73,78,1,12,104,33,40"/><T44/><D129/><U16/><E122/><V11/><F126/><W105/><G1/><T125/><D125/><U88/><E3/><V81/><F2/><W20/><G33/><T131/><D131/><U135/><E135/><V71/><F71/><W60/><G69/><T107/><D109/><U53/><E101/><V119/><F11/><W116/><G116/><T22/><D0/><U19/><E75/><V83/><F119/><W45/><G93/><T55/><D103/><U10/><E72/><V133/><F133/><W112/><G112/><T86/><D5/><U14/><E88/><N who="2" m="51231" /><F21/><W121/><G121/><T85/><REACH who="0" step="1"/><D25/><REACH who="0" ten="250,239,267,234" step="2"/><U76/><E27/><V46/><F24/><W68/><G104/><T30/><D30/><U123/><E123/><V118/><F118/><W82/><G105/><T47/><D47/><U130/><E130/><V70/><F46/><W113/><G31/><T124/><D124/><U114/><E114/><V128/><F128/><W95/><G113/><T134/><D134/><U23/><E19/><V4/><F4/><W66/><G45/><T38/><D38/><U28/><E28/><V42/><F102/><W34/><G68/><T108/><D108/><U92/><E18/><V132/><F70/><W77/><G12/><T7/><D7/><U90/><E14/><V99/><F132/><W127/><G127/><T43/><D43/><U62/><E15/><V6/><F42/><W115/><G40/><T96/><D96/><U37/><E37/><V110/><F6/><W35/><G115/><T51/><AGARI ba="1,1" hai="13,17,22,39,41,44,51,55,58,85,86,87,106,107" machi="51" ten="30,11700,0" yaku="1,1,0,1,52,1,53,1" doraHai="36" doraHaiUra="50" who="0" fromWho="0" sc="250,130,239,-40,267,-40,234,-40" /><INIT seed="4,2,0,4,5,112" ten="380,199,227,194" oya="0" hai0="130,73,77,28,21,48,107,37,16,51,67,66,71" hai1="41,52,33,83,121,128,117,11,23,62,47,125,64" hai2="109,100,127,129,7,17,27,60,102,88,119,120,0" hai3="132,80,75,68,10,123,6,76,45,32,9,103,24"/><T96/><D37/><U90/><E33/><V95/><F120/><W133/><G123/><T74/><D28/><U110/><E121/><V116/><F109/><W2/><G68/><T12/><D107/><U89/><E110/><V5/><F129/><W81/><G103/><T40/><D96/><U57/><E128/><V29/><F17/><W3/><G80/><T124/><D77/><U91/><E125/><V93/><F127/><W104/><G104/><T69/><D40/><U46/><E83/><V87/><F60/><W115/><G115/><T13/><D21/><U65/><E117/><N who="2" m="45131" /><F0/><W39/><G32/><T79/><D124/><U61/><E23/><N who="2" m="15615" /><F95/><W4/><G24/><T15/><D15/><U118/><E118/><V94/><F93/><W49/><REACH who="3" step="1"/><G39/><REACH who="3" ten="380,199,227,184" step="2"/><T53/><D130/><U30/><E30/><V14/><F14/><W134/><G134/><T56/><D13/><U1/><E1/><V50/><F50/><W111/><G111/><T54/><D12/><U86/><E61/><V84/><F84/><W99/><G99/><T70/><D70/><U105/><E86/><V72/><F72/><W25/><G25/><T36/><D36/><U34/><E105/><V35/><F35/><W131/><G131/><T126/><D126/><U22/><E34/><V106/><F106/><W135/><G135/><T20/><D74/><U44/><E41/><AGARI ba="2,1" hai="2,3,4,6,9,10,41,45,49,75,76,81,132,133" machi="41" ten="40,2600,0" yaku="1,1,9,1,53,0" doraHai="112" doraHaiUra="8" who="3" fromWho="1" sc="380,0,199,-32,227,0,184,42" /><INIT seed="5,0,0,5,3,10" ten="380,167,227,226" oya="1" hai0="116,119,90,0,59,103,133,34,38,2,130,48,58" hai1="11,50,20,80,61,64,43,78,113,108,95,112,87" hai2="27,89,110,102,12,65,93,1,85,114,28,134,7" hai3="24,79,17,124,22,25,31,51,125,63,54,91,73"/><U3/><E108/><V26/><F110/><W9/><G63/><T68/><D38/><U109/><E109/><V36/><F36/><W41/><G41/><T83/><D34/><U6/><E95/><V55/><F1/><W105/><G105/><T128/><D68/><U104/><E104/><V44/><F134/><W82/><G91/><T35/><D35/><U40/><E20/><V81/><F65/><W52/><G51/><T18/><D103/><U14/><E3/><N who="0" m="1065" /><D18/><U66/><E66/><V19/><F7/><W122/><G122/><T120/><D133/><U45/><REACH who="1" step="1"/><E43/><REACH who="1" ten="380,157,227,226" step="2"/><V127/><F93/><W42/><G42/><T135/><D135/><U23/><E23/><V132/><F132/><W84/><G22/><T121/><D119/><U98/><E98/><V115/><F115/><W131/><G124/><T100/><D116/><U69/><AGARI ba="0,1" hai="6,11,14,40,45,50,61,64,69,78,80,87,112,113" machi="69" ten="30,18000,2" yaku="1,1,0,1,25,2,52,1,53,1" doraHai="10" doraHaiUra="46" who="1" fromWho="1" sc="380,-60,157,190,227,-60,226,-60" /><INIT seed="5,1,0,5,4,64" ten="320,347,167,166" oya="1" hai0="101,56,94,130,85,80,108,57,135,127,54,2,3" hai1="99,89,1,109,129,51,91,107,14,125,62,72,22" hai2="47,102,70,20,97,122,98,24,117,88,6,41,126" hai3="60,103,5,58,104,4,28,65,83,63,113,71,105"/><U23/><E1/><V68/><F117/><W86/><G113/><T40/><D108/><U96/><E72/><V27/><F122/><W73/><G73/><T15/><D130/><U10/><E109/><V115/><F115/><W44/><G44/><T79/><D135/><U36/><E36/><V46/><F6/><W30/><G5/><T32/><D32/><U18/><E129/><V55/><F126/><W53/><G4/><T76/><D127/><U81/><E125/><V43/><F55/><W8/><G8/><T9/><D3/><U29/><E62/><V67/><F67/><W0/><G0/><T134/><D2/><U118/><E118/><V93/><F46/><W69/><G69/><T74/><D40/><U11/><E29/><V59/><F59/><W75/><G75/><T123/><D79/><U45/><E107/><V34/><F34/><W38/><G38/><T19/><D74/><U100/><E10/><V114/><F114/><W106/><REACH who="3" step="1"/><G103/><REACH who="3" ten="320,347,167,156" step="2"/><T112/><D112/><U16/><E11/><V111/><F111/><W13/><G13/><T7/><D7/><U66/><E100/><V121/><F121/><W95/><G95/><T61/><D123/><U25/><E45/><V12/><F12/><W124/><G124/><T132/><D134/><U50/><E14/><V37/><F43/><W82/><G82/><T116/><D132/><U120/><E81/><V90/><F27/><W35/><G35/><T21/><D9/><U42/><E42/><V133/><F133/><W17/><G17/><T31/><D80/><U131/><E120/><V26/><F102/><RYUUKYOKU ba="1,1" sc="320,-10,347,-10,167,-10,156,30" hai3="28,30,53,58,60,63,65,71,83,86,104,105,106" /><INIT seed="6,2,1,4,5,72" ten="310,337,157,186" oya="2" hai0="79,126,52,135,36,19,64,7,54,111,124,34,21" hai1="96,4,59,81,42,112,74,15,122,62,51,57,119" hai2="104,35,98,14,49,89,1,73,125,13,28,30,101" hai3="55,128,56,6,5,91,37,130,87,114,121,68,70"/><V83/><F1/><W17/><G121/><T33/><D36/><U10/><E119/><V85/><F125/><N who="0" m="48234" /><D135/><U45/><E122/><V38/><F38/><W84/><G17/><T66/><D111/><U100/><E112/><V133/><F133/><W67/><G37/><T132/><D79/><U78/><REACH who="1" step="1"/><E62/><REACH who="1" ten="310,327,157,186" step="2"/><V108/><F108/><W53/><G114/><T65/><D132/><U105/><AGARI ba="2,2" hai="4,10,15,42,45,51,57,59,74,78,81,96,100,105" machi="105" ten="20,8000,1" yaku="1,1,2,1,0,1,7,1,52,1,53,0" doraHai="72" doraHaiUra="50" who="1" fromWho="1" sc="310,-22,327,106,157,-42,186,-22" /><INIT seed="7,0,0,3,5,22" ten="288,433,115,164" oya="3" hai0="86,117,37,76,124,50,4,84,10,56,135,98,55" hai1="79,107,8,114,72,90,115,92,3,20,85,75,81" hai2="36,83,52,47,100,46,93,120,21,11,61,34,1" hai3="0,42,97,14,15,102,133,6,128,17,101,30,41"/><W122/><G122/><T134/><D37/><U65/><E107/><V5/><F34/><W108/><G128/><T111/><D117/><U43/><E65/><V40/><F120/><W57/><G133/><N who="0" m="50699" /><D111/><U59/><E43/><V48/><F83/><W112/><G112/><N who="1" m="43050" /><E59/><V64/><F21/><W7/><G57/><T94/><D76/><U19/><E8/><V125/><F125/><W89/><G30/><T116/><D116/><U70/><E3/><V87/><F100/><W91/><G97/><T31/><D31/><U25/><E70/><V66/><REACH who="2" step="1"/><F61/><REACH who="2" ten="288,433,105,164" step="2"/><W26/><G101/><N who="0" m="60631" /><D124/><U74/><AGARI ba="0,1" hai="19,20,25,72,74,75,79,81,85,90,92" m="43050" machi="74" ten="30,2000,0" yaku="15,1,52,1" doraHai="22" who="1" fromWho="1" sc="288,-5,433,30,105,-5,164,-10" owari="283,8.0,463,57.0,100,-40.0,154,-25.0" /></mjloggm>