<mjloggm ver="2.3"><GO type="169" lobby="0"/><UN n0="%67%6F%75%73%69" n1="%43%6F%43%6F%4E%61%6E" n2="%E3%82%AB%E3%83%B3%E3%83%80%E3%82%BF" n3="%E5%B0%B1%E6%B4%BB%E7%94%9F%40%E5%B7%9D%E6%9D%91%E8%BB%8D%E5%9B%A3" dan="17,17,18,18" rate="2173.93,2194.92,2151.10,2219.77" sx="M,M,M,M"/><TAIKYOKU oya="0"/><INIT seed="0,0,0,0,0,77" ten="250,250,250,250" oya="0" hai0="117,43,101,65,131,53,73,81,39,16,80,2,70" hai1="94,96,11,132,6,129,134,87,99,91,120,23,127" hai2="42,50,64,48,40,133,17,8,21,109,71,29,25" hai3="86,95,114,18,123,78,98,72,74,19,36,93,24"/><T9/><D117/><U118/><E118/><V116/><F116/><W59/><G114/><T7/><D73/><U122/><E23/><V44/><F109/><W54/><G36/><T20/><D131/><U85/><E11/><V57/><F133/><N who="1" m="51305" /><E6/><V79/><F71/><W14/><G123/><N who="1" m="47146" /><E127/><V128/><F128/><W67/><G67/><T82/><D101/><N who="1" m="60567" /><E129/><V22/><F8/><W102/><G24/><T4/><D4/><U46/><E46/><V47/><F79/><W28/><G28/><T76/><D53/><U26/><E26/><V75/><F75/><W27/><G27/><T110/><D110/><U55/><E55/><V32/><REACH who="2" step="1"/><F17/><REACH who="2" ten="250,250,240,250" step="2"/><W113/><G19/><T92/><D76/><U0/><E0/><V103/><F103/><W115/><G74/><T105/><D16/><U100/><E91/><V60/><AGARI ba="0,1" hai="21,22,25,29,32,40,42,44,47,48,50,57,60,64" machi="60" ten="30,4000,0" yaku="1,1,0,1,9,1,53,0" doraHai="77" doraHaiUra="111" who="2" fromWho="2" sc="250,-20,250,-10,240,50,250,-10" /><INIT seed="1,0,0,5,2,21" ten="230,240,290,240" oya="1" hai0="70,31,76,91,120,80,133,114,98,116,3,130,27" hai1="2,52,36,135,79,41,59,108,32,82,10,106,50" hai2="23,99,26,123,74,61,5,72,117,101,14,58,29" hai3="54,109,9,113,22,95,16,11,112,56,96,75,42"/><U110/><E106/><V73/><F123/><W125/><G75/><T93/><D70/><U69/><E69/><V19/><F117/><W7/><G125/><T121/><D3/><U33/><E135/><V77/><F5/><W81/><G42/><T28/><D116/><U118/><E118/><V65/><F77/><W60/><G109/><N who="1" m="42090" /><E41/><V127/><F127/><W8/><G81/><T4/><D4/><N who="1" m="1303" /><E36/><V107/><REACH who="2" step="1"/><F73/><AGARI ba="0,0" hai="32,33,50,52,59,73,79,82" m="1303,42090" machi="73" ten="30,5800,0" yaku="14,1,10,1,54,1" doraHai="21" who="1" fromWho="2" sc="230,0,240,58,290,-58,240,0" /><INIT seed="1,1,0,0,3,5" ten="230,298,232,240" oya="1" hai0="109,84,76,8,43,108,33,93,69,114,18,44,23" hai1="122,38,92,3,112,128,85,61,101,70,36,52,60" hai2="82,27,124,125,40,131,4,30,129,123,72,80,55" hai3="127,106,24,133,89,10,83,9,120,87,94,116,56"/><U91/><E122/><V51/><F123/><W21/><G106/><T58/><D69/><U132/><E112/><V105/><F105/><W57/><G120/><T75/><D33/><U12/><E3/><V37/><F37/><W79/><G133/><T73/><D114/><U16/><E128/><N who="2" m="49227" /><F40/><W67/><G127/><N who="2" m="48713" /><F72/><W22/><G22/><T20/><D58/><N who="3" m="22633" /><G67/><T121/><D23/><U14/><E132/><V17/><F17/><N who="3" m="12335" /><G116/><T6/><D121/><U50/><E36/><V64/><F64/><W130/><G130/><T7/><D75/><U96/><E38/><V49/><F4/><W41/><G41/><T28/><D7/><U19/><E70/><V115/><F115/><W34/><G34/><T0/><D73/><U99/><E61/><V54/><F54/><W66/><G66/><T31/><D18/><N who="1" m="6699" /><E60/><V48/><F55/><W97/><AGARI ba="1,0" hai="9,10,79,83,87,89,94,97" m="12335,22633" machi="97" ten="30,4000,0" yaku="8,1,52,2" doraHai="5" who="3" fromWho="3" sc="230,-11,298,-21,232,-11,240,43" /><INIT seed="2,0,0,4,4,6" ten="219,277,221,283" oya="2" hai0="122,11,95,53,15,100,131,113,48,127,73,115,128" hai1="102,120,81,43,70,109,117,3,27,74,90,38,12" hai2="10,121,58,18,96,111,79,118,80,19,94,20,112" hai3="33,9,77,69,46,101,82,86,104,59,37,134,21"/><V56/><F118/><W42/><G33/><T114/><D73/><U22/><E3/><V62/><F121/><W17/><G69/><T71/><D71/><U125/><E70/><V4/><F112/><W55/><G134/><T75/><D75/><U129/><E117/><V84/><F111/><W39/><G39/><T36/><D36/><U47/><E129/><N who="0" m="49737" /><D122/><U25/><E109/><V65/><F58/><W40/><G40/><T66/><D66/><U103/><E125/><V28/><F28/><W78/><G101/><T107/><D107/><U110/><E102/><V99/><F20/><W45/><G45/><N who="0" m="27791" /><D127/><U108/><E103/><N who="2" m="60823" /><F99/><W44/><G44/><T50/><D50/><U91/><E74/><V89/><F89/><W106/><G77/><T60/><D60/><U51/><E90/><V52/><F65/><W98/><G98/><N who="0" m="59487" /><D114/><U133/><E38/><V57/><F57/><W124/><G124/><T105/><D105/><U26/><E120/><V7/><F7/><AGARI ba="0,0" hai="7,11,15,113,115" m="59487,27791,49737" machi="7" ten="30,2000,0" yaku="19,1,52,1" doraHai="6" who="0" fromWho="2" sc="219,20,277,0,221,-20,283,0" /><INIT seed="3,0,0,1,3,47" ten="239,277,201,283" oya="3" hai0="129,30,126,96,19,61,107,98,57,77,56,102,40" hai1="86,74,68,84,39,46,44,132,34,121,101,38,66" hai2="89,113,120,8,123,50,63,43,67,3,81,127,128" hai3="29,7,12,94,117,72,133,115,95,71,55,116,92"/><W83/><G115/><T135/><D77/><U18/><E74/><V24/><F113/><W65/><G133/><T4/><D4/><U134/><E34/><V6/><F127/><W105/><G105/><T79/><D79/><U88/><E101/><V111/><F128/><W20/><G71/><T9/><D9/><U69/><E66/><V23/><F111/><W64/><G7/><T28/><D19/><U32/><E32/><V75/><F43/><W17/><G29/><T53/><D135/><U58/><E58/><V106/><F50/><W91/><G55/><T104/><D40/><U60/><E18/><V124/><F106/><W1/><G1/><T5/><D5/><U131/><E60/><V51/><F124/><W22/><G22/><T10/><D10/><U100/><E100/><V15/><F3/><W112/><G112/><T76/><D76/><U48/><E48/><V78/><F51/><W25/><G72/><T36/><D36/><U114/><E114/><V119/><F89/><W59/><G59/><T73/><D73/><U21/><E131/><V99/><F99/><W118/><G25/><T14/><D14/><U80/><E88/><V16/><REACH who="2" step="1"/><F119/><REACH who="2" ten="239,277,191,283" step="2"/><W103/><G103/><N who="0" m="62567" /><D126/><U54/><E134/><V130/><F130/><W26/><G91/><T45/><D129/><U13/><E132/><V62/><F62/><W42/><G42/><T33/><D61/><U90/><E90/><V82/><F82/><W2/><G83/><T110/><D102/><U37/><E38/><V41/><F41/><W0/><G0/><T52/><D107/><U87/><E37/><RYUUKYOKU ba="0,1" sc="239,-10,277,-10,191,30,283,-10" hai2="6,8,15,16,23,24,63,67,75,78,81,120,123" /><INIT seed="4,1,1,0,2,28" ten="229,267,221,273" oya="0" hai0="15,119,117,53,52,86,41,10,43,13,39,63,129" hai1="98,103,24,20,35,121,75,112,91,50,94,70,30" hai2="132,80,114,68,82,27,18,122,134,127,33,88,105" hai3="72,123,109,51,1,95,65,78,61,11,47,34,2"/><T120/><D86/><U83/><E70/><V38/><F122/><W17/><G109/><T118/><D120/><U57/><E121/><V97/><F114/><W19/><G34/><T0/><D0/><U84/><E112/><V60/><F38/><W81/><G95/><T7/><D129/><U77/><E20/><V130/><F130/><W23/><G19/><T58/><D39/><U55/><REACH who="1" step="1"/><E103/><REACH who="1" ten="229,257,221,273" step="2"/><N who="2" m="62703" /><F68/><W59/><G123/><T71/><D71/><U5/><E5/><V29/><F132/><W6/><G6/><T79/><D7/><U102/><E102/><V131/><F131/><W9/><G9/><T133/><D133/><U54/><E54/><V100/><F100/><W31/><G11/><T135/><D135/><U87/><AGARI ba="1,2" hai="24,30,35,50,55,57,75,77,83,84,87,91,94,98" machi="87" ten="30,4000,0" yaku="1,1,0,1,52,1,53,0" doraHai="28" doraHaiUra="3" who="1" fromWho="1" sc="229,-21,257,63,221,-11,273,-11" /><INIT seed="5,0,0,1,1,28" ten="208,320,210,262" oya="1" hai0="94,57,127,1,39,50,76,111,86,58,65,90,6" hai1="30,88,44,37,15,55,54,43,49,118,124,45,59" hai2="125,4,113,89,47,0,48,19,121,119,87,131,109" hai3="62,101,31,78,69,14,13,32,66,9,108,102,12"/><U60/><E118/><V38/><F119/><W112/><G108/><T79/><D39/><U40/><E30/><V104/><F109/><W36/><G36/><T51/><D111/><U129/><E129/><V41/><F121/><W128/><G128/><T5/><D127/><U72/><E72/><V84/><F131/><W85/><G112/><T75/><D1/><U16/><E124/><V27/><F113/><W123/><G123/><T23/><D75/><U42/><REACH who="1" step="1"/><E88/><REACH who="1" ten="208,310,210,262" step="2"/><V2/><F125/><W11/><G78/><T52/><D76/><U20/><AGARI ba="0,1" hai="15,16,20,37,40,42,43,44,45,49,54,55,59,60" machi="20" ten="20,12000,1" yaku="1,1,2,1,0,1,7,1,54,1,53,0" doraHai="28" doraHaiUra="96" who="1" fromWho="1" sc="208,-40,310,130,210,-40,262,-40" /><INIT seed="5,1,0,2,4,34" ten="168,440,170,222" oya="1" hai0="30,125,69,116,122,15,127,67,43,3,117,86,82" hai1="16,76,85,58,80,115,7,114,14,111,119,37,68" hai2="135,87,4,38,60,100,9,107,97,20,133,46,109" hai3="95,93,18,98,126,23,13,47,52,22,65,88,62"/><U50/><E68/><V110/><F87/><W104/><G126/><N who="0" m="48139" /><D30/><U102/><E37/><V5/><F60/><W71/><G104/><T75/><D75/><U130/><E119/><V121/><F20/><W6/><G6/><T66/><D122/><U25/><E130/><V41/><F121/><W57/><G47/><T106/><D106/><U21/><E102/><V17/><F17/><W77/><G77/><T73/><D73/><U2/><E25/><V99/><F99/><W92/><G23/><T124/><D124/><U11/><E111/><N who="2" m="42507" /><F4/><W36/><G36/><T134/><D43/><U42/><E42/><V96/><F96/><W26/><REACH who="3" step="1"/><G13/><REACH who="3" ten="168,440,170,212" step="2"/><T84/><D15/><U129/><E129/><V94/><F5/><W64/><G64/><T10/><D67/><U120/><E120/><V31/><F38/><W72/><G72/><T39/><D39/><U91/><E76/><V113/><F107/><W24/><G24/><T45/><D45/><U54/><AGARI ba="1,1" hai="2,7,11,14,16,21,50,54,58,80,85,91,114,115" machi="54" ten="30,6000,0" yaku="0,1,52,1,54,1" doraHai="34" who="1" fromWho="1" sc="168,-21,440,73,170,-21,212,-21" /><INIT seed="5,2,0,4,5,100" ten="147,513,149,191" oya="1" hai0="118,3,37,4,89,32,65,105,7,131,75,67,53" hai1="39,29,110,127,46,13,23,1,45,36,91,107,114" hai2="112,69,44,74,61,27,82,101,103,95,72,104,49" hai3="79,43,77,106,83,117,70,14,123,24,122,26,125"/><U108/><E1/><V63/><F112/><W56/><G70/><T102/><D32/><U133/><E114/><V59/><F69/><W57/><G106/><T84/><D75/><U78/><E107/><V20/><F104/><W55/><G43/><T18/><D118/><U25/><E78/><V132/><F132/><W97/><G125/><T16/><D37/><U86/><E127/><V6/><F6/><W51/><G97/><T31/><D31/><U71/><E71/><V76/><F74/><W9/><G117/><T19/><D131/><U12/><E133/><V129/><F129/><W128/><G128/><T116/><D116/><U17/><E13/><V48/><F63/><W119/><G119/><T68/><D3/><U80/><E45/><V64/><F95/><W113/><G113/><T10/><D68/><U33/><E46/><V42/><REACH who="2" step="1"/><F49/><REACH who="2" ten="147,513,139,191" step="2"/><W0/><G51/><T8/><D105/><U73/><E73/><V87/><F87/><W54/><G122/><T85/><D85/><U111/><AGARI ba="2,1" hai="12,17,23,25,29,33,36,39,80,86,91,108,110,111" machi="111" ten="30,3000,0" yaku="0,1,10,1" doraHai="100" who="1" fromWho="1" sc="147,-12,513,46,139,-12,191,-12" /><INIT seed="5,3,0,1,3,13" ten="135,559,127,179" oya="1" hai0="1,16,24,70,7,134,58,41,59,36,132,10,66" hai1="51,91,45,4,60,122,99,50,85,54,79,123,18" hai2="47,102,130,5,25,52,71,35,27,92,14,74,88" hai3="17,110,107,108,8,28,90,119,78,86,101,62,128"/><U29/><E4/><V23/><F71/><W6/><G78/><T89/><D70/><U21/><E29/><V75/><F130/><W32/><G128/><T37/><D89/><U15/><E79/><V77/><F102/><W20/><G119/><T81/><D81/><U111/><E111/><V9/><F35/><W26/><G62/><N who="0" m="38231" /><D59/><U48/><E99/><V84/><F27/><W55/><G55/><T22/><D41/><U57/><REACH who="1" step="1"/><E45/><REACH who="1" ten="135,549,127,179" step="2"/><V63/><F77/><W56/><G28/><T3/><D3/><U80/><AGARI ba="3,1" hai="15,18,21,48,50,51,54,57,60,80,85,91,122,123" machi="80" ten="30,11700,0" yaku="1,1,2,1,0,1,52,1,53,0" doraHai="13" doraHaiUra="43" who="1" fromWho="1" sc="135,-42,549,136,127,-42,179,-42" /><INIT seed="5,4,0,0,5,41" ten="93,685,85,137" oya="1" hai0="129,45,44,46,75,102,117,63,107,68,23,48,20" hai1="66,78,60,65,80,2,30,16,0,29,40,95,13" hai2="111,92,98,112,35,115,133,62,94,90,84,11,100" hai3="52,61,97,96,85,88,18,26,6,37,34,74,87"/><U56/><E66/><V28/><F111/><W124/><G74/><T73/><D117/><U126/><E126/><V1/><F133/><W21/><G37/><T91/><D107/><U15/><E15/><V38/><F38/><W43/><G43/><T103/><D129/><U32/><E95/><V104/><F62/><W67/><G34/><T83/><D73/><U42/><E0/><V131/><F131/><W58/><G124/><T50/><D75/><U114/><E2/><V5/><F35/><W128/><G6/><T19/><D63/><U39/><E114/><N who="2" m="43563" /><F28/><W105/><G105/><AGARI ba="4,0" hai="1,5,11,84,90,92,94,98,100,104,105" m="43563" machi="105" ten="30,2000,0" yaku="15,1,11,1" doraHai="41" who="2" fromWho="3" sc="93,0,685,0,85,32,137,-32" /><INIT seed="6,0,0,5,2,106" ten="93,685,117,105" oya="2" hai0="98,4,130,7,34,11,80,70,40,58,12,20,64" hai1="57,48,75,117,96,104,21,119,95,42,102,38,121" hai2="44,65,31,85,78,23,61,68,47,15,16,36,134" hai3="35,103,62,120,66,43,5,49,135,13,18,89,0"/><V115/><F115/><W56/><G35/><T108/><D34/><U69/><E69/><V116/><F116/><W6/><G120/><T33/><D33/><U110/><E110/><V84/><F134/><W76/><G0/><T124/><D70/><U52/><E121/><V86/><F31/><W28/><G28/><T10/><D108/><U73/><E104/><V133/><F133/><W93/><G103/><T94/><D124/><U22/><E117/><V131/><F131/><W60/><G76/><T67/><D130/><U71/><E71/><V30/><F30/><W2/><G2/><T100/><D40/><U59/><E57/><V72/><REACH who="2" step="1"/><F36/><REACH who="2" ten="93,685,107,105" step="2"/><W8/><G135/><T128/><D128/><U123/><E119/><V105/><F105/><W122/><G122/><T118/><D118/><U101/><E123/><V46/><F46/><N who="3" m="25823" /><G60/><T97/><D58/><U132/><E59/><V53/><F53/><W114/><G114/><T24/><D67/><U112/><E52/><V63/><F63/><W88/><G89/><T74/><D64/><U82/><E112/><V79/><F79/><W77/><G77/><T129/><D129/><U125/><E38/><V3/><F3/><W1/><G1/><T127/><D100/><U83/><E102/><V126/><F126/><W51/><G51/><T14/><D127/><U39/><E125/><V113/><F113/><W19/><G5/><T87/><D7/><U55/><E55/><V109/><F109/><W41/><G41/><T17/><D4/><U25/><E42/><V81/><AGARI ba="0,1" hai="15,16,23,44,47,61,65,68,72,78,81,84,85,86" machi="81" ten="30,11700,0" yaku="1,1,0,1,52,1,54,1,53,0" doraHai="106" doraHaiUra="54" who="2" fromWho="2" sc="93,-39,685,-39,107,127,105,-39" /><INIT seed="6,1,0,2,2,111" ten="54,646,234,66" oya="2" hai0="127,22,107,128,64,2,50,13,75,77,9,32,58" hai1="11,42,82,15,40,60,123,92,102,27,76,68,17" hai2="91,7,53,108,115,65,101,3,96,124,31,30,44" hai3="85,116,118,88,87,112,106,24,69,86,57,133,19"/><V122/><F122/><W105/><G69/><T72/><D32/><U36/><E123/><V38/><F108/><W93/><G57/><T90/><D107/><N who="3" m="40969" /><G19/><T66/><D2/><U84/><E36/><V26/><F65/><W45/><G45/><T56/><D22/><U63/><E68/><V114/><F53/><W94/><G24/><T35/><D35/><U81/><E81/><V79/><F44/><W110/><G110/><T80/><D75/><U54/><E27/><V132/><F38/><W55/><G55/><T12/><D12/><U99/><E54/><V4/><F4/><W23/><G23/><T97/><D50/><U70/><E70/><V103/><F7/><W0/><G0/><T39/><D39/><U120/><E120/><V41/><F3/><W46/><G46/><T62/><D64/><U20/><E20/><V135/><F26/><W16/><G16/><T98/><D58/><U100/><E100/><V126/><F41/><AGARI ba="1,0" hai="11,15,17,40,41,42,60,63,76,82,84,92,99,102" machi="41" ten="40,1300,0" yaku="8,1" doraHai="111" who="1" fromWho="2" sc="54,0,646,16,234,-16,66,0" /><INIT seed="7,0,0,1,1,36" ten="54,662,218,66" oya="3" hai0="60,38,100,94,67,116,121,126,104,63,68,56,55" hai1="34,11,124,13,129,82,128,31,111,96,93,12,72" hai2="37,78,84,127,16,5,97,125,10,83,49,122,117" hai3="57,0,118,52,61,22,77,21,62,74,114,105,132"/><W113/><G105/><T120/><D116/><U64/><E111/><V45/><F117/><W106/><G106/><T26/><D126/><N who="2" m="48138" /><F122/><W98/><G0/><T89/><D38/><U6/><E124/><V24/><F97/><W46/><G118/><T81/><D81/><U35/><E64/><V32/><F37/><W115/><G132/><T1/><D1/><U59/><E82/><V69/><F69/><W119/><G119/><T20/><D100/><U65/><E72/><V39/><F39/><W66/><G98/><T79/><D79/><U71/><E71/><V54/><F32/><W95/><G95/><T99/><REACH who="0" step="1"/><D104/><REACH who="0" ten="44,662,218,66" step="2"/><U42/><E59/><V41/><F78/><W112/><N who="3" m="29184" /><DORA hai="47" /><W15/><G46/><T2/><D2/><U58/><E96/><V91/><F24/><W48/><G15/><T131/><D131/><U51/><E65/><V107/><F107/><W29/><G29/><AGARI ba="0,1" hai="20,26,29,55,56,60,63,67,68,89,94,99,120,121" machi="29" ten="30,2000,0" yaku="1,1,7,1,53,0" doraHai="36,47" doraHaiUra="73,109" who="0" fromWho="3" sc="44,30,662,0,218,0,66,-20" owari="74,-33.0,662,76.0,218,2.0,46,-45.0" /></mjloggm>