<mjloggm ver="2.3"><GO type="41" lobby="0"/><UN n0="%67%75%72%61%36%36" n1="%E5%B0%B1%E6%B4%BB%E7%94%9F%40%E5%B7%9D%E6%9D%91%E8%BB%8D%E5%9B%A3" n2="%E5%90%88%E8%A1%86%E5%9B%BD" n3="%67%61%70%61%6F" dan="15,17,14,14" rate="2040.68,2127.71,1897.38,1904.13" sx="M,M,M,M"/><TAIKYOKU oya="0"/><INIT seed="0,0,0,0,1,44" ten="250,250,250,250" oya="0" hai0="88,94,67,114,49,2,115,92,116,37,75,104,129" hai1="50,39,61,73,45,108,133,53,76,123,82,78,89" hai2="51,90,71,105,12,26,33,30,99,5,60,54,135" hai3="110,10,91,19,81,6,55,16,28,118,120,83,22"/><T85/><D37/><U24/><E123/><V84/><F135/><W64/><G118/><T124/><D2/><U68/><E133/><V112/><F112/><W11/><G64/><T126/><D67/><U20/><E108/><V1/><F1/><W32/><G110/><T98/><D75/><U59/><E68/><V113/><F113/><N who="0" m="43018" /><D49/><U0/><E0/><V14/><F5/><W47/><G32/><T74/><D74/><U65/><E39/><V15/><F71/><W4/><G120/><T130/><D104/><U57/><E78/><V18/><F60/><W131/><G131/><N who="0" m="50187" /><D116/><U119/><E89/><AGARI ba="0,0" hai="85,88,89,92,94,98,124,126" m="50187,43018" machi="89" ten="40,12000,1" yaku="19,1,34,2,54,1" doraHai="44" who="0" fromWho="1" sc="250,120,250,-120,250,0,250,0" /><INIT seed="0,1,0,2,2,18" ten="370,130,250,250" oya="0" hai0="99,22,72,89,86,63,117,82,69,100,108,19,122" hai1="75,23,123,95,74,76,55,49,47,25,3,79,12" hai2="2,4,135,80,125,0,130,20,48,118,32,62,81" hai3="11,54,61,41,64,113,66,67,15,16,50,121,21"/><T44/><D122/><U65/><E3/><V34/><F62/><W26/><G121/><T29/><D117/><U77/><E123/><V124/><F118/><W36/><G113/><T132/><D132/><U134/><E134/><V78/><F135/><W68/><G36/><T116/><D116/><U13/><E65/><V5/><F130/><W60/><G41/><T98/><D72/><U105/><E105/><V133/><F133/><W38/><G38/><T106/><D29/><U126/><E126/><N who="2" m="48747" /><F48/><W83/><G83/><N who="2" m="31817" /><F78/><W6/><G68/><T56/><D69/><U14/><REACH who="1" step="1"/><E95/><REACH who="1" ten="370,120,250,250" step="2"/><V120/><F120/><W57/><AGARI ba="1,1" hai="6,11,15,16,21,26,50,54,57,60,61,64,66,67" machi="57" ten="30,7900,0" yaku="0,1,8,1,52,1,54,1" doraHai="18" who="3" fromWho="3" sc="370,-40,120,-21,250,-21,250,92" /><INIT seed="1,0,0,4,2,132" ten="330,99,229,342" oya="1" hai0="32,20,7,128,123,109,84,36,3,111,34,40,97" hai1="119,72,122,106,103,19,46,6,98,86,56,71,90" hai2="26,93,85,50,92,61,30,96,39,37,126,41,94" hai3="101,108,55,58,129,62,75,31,54,65,28,10,42"/><U110/><E71/><V104/><F85/><W79/><G129/><T2/><D97/><U43/><E119/><V87/><F87/><W102/><G108/><N who="0" m="41547" /><D84/><U117/><E110/><V57/><F50/><W22/><G42/><T17/><D40/><U45/><E117/><V99/><F41/><W35/><G35/><N who="0" m="13355" /><D36/><U134/><E134/><V63/><F30/><N who="3" m="11307" /><G79/><T64/><D64/><U125/><E72/><V13/><F13/><W25/><G75/><T4/><D128/><U120/><E6/><N who="0" m="2089" /><D123/><U82/><E56/><V105/><F57/><W112/><G102/><T5/><N who="0" m="2097" /><T0/><DORA hai="130" /><D20/><U80/><E80/><V38/><F26/><W59/><G101/><T29/><D29/><U16/><E46/><V73/><F73/><W114/><G58/><T15/><D15/><U121/><REACH who="1" step="1"/><E125/><REACH who="1" ten="330,89,229,342" step="2"/><V33/><F126/><W118/><G118/><T9/><D9/><U100/><E100/><V11/><F11/><W48/><G10/><T27/><D27/><U115/><E115/><V116/><F116/><W23/><G114/><T18/><AGARI ba="0,1" hai="0,2,3,17,18" m="2097,13355,41547" machi="18" ten="50,8000,1" yaku="28,2,14,1,34,2" doraHai="132,130" who="0" fromWho="0" sc="330,90,89,-40,229,-20,342,-20" /><INIT seed="2,0,0,2,0,93" ten="420,49,209,322" oya="2" hai0="128,109,49,64,46,75,63,61,78,35,7,42,34" hai1="90,16,89,95,103,36,21,77,53,18,104,118,84" hai2="31,91,5,117,121,57,43,81,73,72,41,113,70" hai3="13,1,71,114,32,134,132,122,45,29,102,39,135"/><V23/><F117/><W24/><G122/><T47/><D128/><U108/><E118/><V130/><F113/><W20/><G71/><T9/><D109/><U100/><E36/><V12/><F121/><W59/><G59/><T85/><D47/><U6/><E108/><V55/><F70/><W101/><G114/><T82/><D63/><U79/><E6/><V15/><F130/><W54/><G1/><T50/><D50/><U86/><E53/><V11/><F73/><W110/><G110/><T8/><D8/><U33/><E33/><V0/><F72/><W2/><G2/><T126/><D126/><U127/><E127/><V27/><F0/><W66/><G66/><T106/><D106/><U51/><E51/><N who="2" m="30975" /><F15/><W48/><G39/><T28/><D28/><U25/><E18/><AGARI ba="0,0" hai="13,18,20,24,29,32,45,48,54,101,102,132,134,135" machi="18" ten="40,1300,0" yaku="20,1" doraHai="93" who="3" fromWho="1" sc="420,0,49,-13,209,0,322,13" /><INIT seed="3,0,0,5,5,135" ten="420,36,209,335" oya="3" hai0="32,54,84,45,68,29,36,0,118,34,111,103,97" hai1="96,8,55,113,80,40,44,26,127,4,73,17,5" hai2="85,43,123,124,86,53,57,87,72,50,13,116,130" hai3="30,83,39,27,35,114,95,90,51,101,33,24,20"/><W122/><G122/><T52/><D118/><U120/><E113/><V76/><F116/><W108/><G39/><T28/><D0/><U117/><E120/><V105/><F123/><W91/><G114/><T58/><D84/><U1/><E117/><V132/><F105/><W60/><G108/><T121/><D121/><U78/><E5/><V112/><F112/><W70/><G51/><T119/><D119/><U31/><E55/><V81/><F132/><W2/><G2/><T66/><D111/><U38/><E96/><V65/><F130/><W128/><G128/><T42/><D34/><N who="1" m="20855" /><E17/><V25/><F25/><W107/><G107/><T47/><D47/><U46/><E46/><V49/><F65/><W11/><G35/><T100/><D100/><U61/><E61/><V67/><F67/><W79/><G11/><T9/><D9/><U129/><E129/><V15/><F43/><W64/><G101/><T115/><D54/><U22/><E22/><V88/><F50/><W41/><G41/><T10/><D10/><U82/><E82/><V102/><F102/><W23/><G95/><N who="0" m="58815" /><D32/><U14/><E14/><V109/><F109/><W3/><G3/><T48/><D115/><U92/><E92/><V62/><F49/><W93/><G93/><T77/><D77/><U6/><E6/><V7/><F7/><W104/><G104/><T37/><D37/><U19/><E19/><V99/><F13/><W16/><G33/><T56/><D56/><U59/><E59/><V74/><F15/><W21/><G21/><T69/><D69/><U134/><E134/><V18/><F18/><RYUUKYOKU ba="0,0" sc="420,10,36,10,209,-30,335,10" hai0="28,29,36,42,45,48,52,58,66,68" hai1="1,4,8,38,40,44,73,78,80,127" hai3="16,20,23,24,27,30,60,64,70,79,83,90,91" /><INIT seed="3,1,0,5,0,39" ten="430,46,179,345" oya="3" hai0="74,109,102,65,86,6,125,15,21,80,130,30,135" hai1="42,61,58,26,122,133,105,114,106,127,76,3,69" hai2="107,51,56,34,14,112,89,22,110,31,1,81,24" hai3="71,19,64,13,27,63,79,33,41,113,124,108,96"/><W54/><G113/><T49/><D109/><U128/><E114/><V88/><F112/><W7/><G124/><T132/><D130/><U115/><E115/><V32/><F110/><W95/><G79/><T116/><D74/><U93/><E122/><V28/><F107/><W23/><G108/><T100/><D116/><U18/><E69/><V111/><F1/><W67/><G67/><T0/><D0/><U87/><E3/><V121/><F121/><W4/><G54/><T40/><D65/><U25/><E127/><V2/><F2/><W78/><G78/><N who="0" m="46359" /><D30/><U84/><E128/><V12/><F111/><W55/><G55/><T118/><D21/><U70/><E70/><V59/><F22/><W62/><G62/><T83/><D83/><U47/><E133/><N who="0" m="51273" /><D118/><U29/><E18/><V9/><F81/><W60/><G60/><T123/><D123/><U82/><E25/><V52/><F56/><W38/><G33/><T75/><D75/><U126/><E126/><V50/><F51/><W91/><REACH who="3" step="1"/><G27/><REACH who="3" ten="430,46,179,335" step="2"/><T103/><D125/><U117/><E117/><V73/><F73/><W85/><G85/><T36/><D36/><U90/><E58/><V134/><F134/><W17/><G17/><T16/><D6/><U53/><E53/><V131/><F131/><W44/><AGARI ba="1,1" hai="4,7,13,19,23,38,41,44,63,64,71,91,95,96" machi="44" ten="30,11700,0" yaku="1,1,0,1,52,1,53,1" doraHai="39" doraHaiUra="66" who="3" fromWho="3" sc="430,-40,46,-40,179,-40,335,130" /><INIT seed="3,2,0,1,5,95" ten="390,6,139,465" oya="3" hai0="68,71,115,113,132,94,53,5,116,78,2,65,30" hai1="66,35,70,15,104,23,130,45,52,10,59,47,26" hai2="37,12,25,54,62,4,110,82,34,48,112,127,89" hai3="8,1,58,28,63,43,131,55,114,97,9,46,57"/><W86/><G114/><N who="0" m="43531" /><D116/><U84/><E104/><V134/><F37/><W122/><G122/><T103/><D65/><U87/><E35/><V32/><F110/><W16/><G131/><T67/><D67/><U40/><E70/><V128/><F128/><W51/><G28/><T81/><D30/><N who="1" m="17759" /><E66/><V125/><F134/><W124/><G124/><N who="2" m="47689" /><F62/><N who="3" m="36159" /><G1/><T117/><D117/><U60/><E130/><V42/><F42/><W64/><G86/><N who="1" m="32810" /><E40/><V121/><F121/><W61/><G61/><T19/><D132/><U69/><E69/><N who="0" m="26697" /><D53/><U120/><E120/><V0/><F0/><W49/><G49/><T22/><D5/><AGARI ba="2,0" hai="5,10,15,45,47,52,59,60" m="32810,17759" machi="5" ten="30,2000,0" yaku="8,1,54,1" doraHai="95" who="1" fromWho="0" sc="390,-26,6,26,139,0,465,0" /><INIT seed="4,0,0,1,4,135" ten="364,32,139,465" oya="0" hai0="24,111,3,2,122,110,117,62,108,67,78,87,114" hai1="40,52,123,113,109,72,95,49,12,20,61,89,94" hai2="76,26,77,59,133,56,16,15,64,7,98,6,65" hai3="17,21,23,120,57,41,130,112,70,121,102,107,48"/><T97/><D122/><N who="3" m="47209" /><G130/><T103/><D117/><U63/><E123/><V90/><F133/><W33/><G33/><T45/><D114/><U82/><E109/><V86/><F26/><W34/><G34/><T124/><D45/><U60/><E40/><V43/><F98/><N who="3" m="61911" /><G70/><N who="0" m="42359" /><D24/><U69/><E69/><V27/><F27/><N who="3" m="14767" /><G112/><T36/><D36/><U115/><E115/><V75/><F43/><W13/><G23/><T100/><D100/><U29/><E113/><V19/><F15/><W101/><G13/><T128/><D128/><U35/><E35/><V96/><F96/><W55/><G41/><T83/><D124/><U93/><E72/><V0/><F75/><W11/><G101/><T8/><D8/><AGARI ba="0,0" hai="8,11,48,55,57" m="14767,61911,47209" machi="8" ten="30,1000,0" yaku="13,1" doraHai="135" who="3" fromWho="0" sc="364,-10,32,0,139,0,465,10" /><INIT seed="5,0,0,0,4,128" ten="354,32,139,475" oya="1" hai0="87,68,61,52,64,94,60,62,83,43,116,100,29" hai1="95,88,2,85,92,25,125,131,110,119,69,20,23" hai2="106,82,1,112,96,101,121,15,17,76,51,3,120" hai3="28,9,74,46,97,63,4,21,65,72,114,84,91"/><U39/><E119/><V55/><F112/><W36/><G114/><T134/><D116/><U48/><E39/><V104/><F106/><W93/><G36/><T90/><D43/><U6/><E131/><V107/><F107/><W86/><G46/><T109/><D109/><U19/><E69/><V37/><F37/><W89/><G72/><T115/><D115/><U79/><E110/><V75/><F121/><W7/><G74/><T132/><D29/><U135/><E125/><V31/><F31/><W127/><G127/><T12/><D12/><U111/><E111/><V11/><REACH who="2" step="1"/><F120/><REACH who="2" ten="354,32,129,475" step="2"/><W66/><G28/><T41/><D41/><U78/><E135/><N who="0" m="51753" /><D52/><U58/><E92/><V47/><AGARI ba="0,1" hai="1,3,11,15,17,47,51,55,75,76,82,96,101,104" machi="47" ten="20,2700,0" yaku="1,1,0,1,7,1,53,0" doraHai="128" doraHaiUra="124" who="2" fromWho="2" sc="354,-7,32,-13,129,37,475,-7" /><INIT seed="6,0,0,2,3,62" ten="347,19,166,468" oya="2" hai0="105,75,107,121,42,98,11,84,49,6,66,10,131" hai1="109,73,126,57,59,32,48,3,82,5,1,54,124" hai2="91,9,115,130,123,81,125,119,44,92,132,78,86" hai3="38,106,94,8,133,79,99,134,58,135,64,102,120"/><V56/><F119/><W36/><G120/><T112/><D121/><U110/><E32/><V37/><F123/><W83/><G8/><T14/><D75/><U30/><E30/><V16/><F115/><W46/><G46/><T40/><D112/><U17/><E17/><V104/><F104/><W76/><G76/><T97/><D131/><U26/><E26/><V60/><F130/><W33/><G33/><T55/><D107/><U68/><E68/><V22/><F9/><W7/><G7/><T111/><D111/><U43/><E43/><V61/><F132/><W65/><G106/><T118/><D118/><U122/><E122/><V25/><F125/><W80/><G80/><T4/><D84/><U39/><E39/><N who="3" m="14890" /><G58/><T89/><D105/><U93/><E93/><V47/><F37/><W12/><G12/><N who="0" m="5191" /><D66/><U23/><E23/><V18/><F61/><W45/><G45/><N who="0" m="28079" /><D98/><U53/><E5/><V69/><F69/><W113/><G113/><T67/><D67/><U2/><E82/><V90/><F78/><W50/><G50/><T85/><D97/><U74/><REACH who="1" step="1"/><E2/><REACH who="1" ten="347,9,166,468" step="2"/><V96/><REACH who="2" step="1"/><F18/><REACH who="2" ten="347,9,156,468" step="2"/><W100/><G100/><T108/><D108/><U28/><E28/><V19/><F19/><W15/><G135/><T63/><D63/><U114/><E114/><V31/><F31/><W88/><G134/><T0/><D0/><U35/><E35/><V103/><F103/><W117/><G133/><T77/><D77/><U52/><E52/><AGARI ba="0,2" hai="16,22,25,44,47,52,56,60,81,86,90,91,92,96" machi="52" ten="30,24000,3" yaku="1,1,7,1,25,2,8,1,54,2,53,1" doraHai="62" doraHaiUra="21" who="2" fromWho="1" sc="347,0,9,-240,156,260,468,0" owari="347,-5.0,-231,-73.0,416,22.0,468,56.0" /></mjloggm>