<mjloggm ver="2.3"><GO type="169" lobby="0"/><UN n0="%E3%82%8F%E3%81%91%E3%82%8F%E3%81%8B%E3%82%81" n1="%6D%61%73%61%73%69%6F" n2="%E3%83%8D%E3%83%BC%E3%83%A0%E3%83%AC%E3%82%B9%EF%BC%97" n3="%E3%82%A6%E3%83%AB%E3%83%88%E3%83%A9%E7%AB%8B%E7%9B%B4" dan="16,16,17,17" rate="2083.79,2132.52,2127.52,2230.55" sx="M,M,M,M"/><TAIKYOKU oya="0"/><INIT seed="0,0,0,2,3,69" ten="250,250,250,250" oya="0" hai0="32,14,85,47,9,125,102,42,119,41,0,36,64" hai1="97,81,61,129,65,86,49,115,55,99,59,93,38" hai2="109,25,46,72,12,80,58,52,6,90,118,135,95" hai3="3,79,60,56,8,16,57,75,120,11,26,108,132"/><T28/><D119/><U44/><E115/><V1/><F118/><W124/><G108/><T96/><D0/><U39/><E129/><V17/><F109/><W83/><G132/><T4/><D64/><U37/><REACH who="1" step="1"/><E93/><REACH who="1" ten="250,240,250,250" step="2"/><V15/><F95/><W66/><G120/><T23/><D125/><U123/><E123/><V70/><F135/><W122/><G122/><T77/><D32/><U87/><E87/><V73/><F73/><W22/><G124/><T100/><D85/><U31/><E31/><V104/><F72/><W107/><G107/><T98/><D96/><U88/><AGARI ba="0,1" hai="37,38,39,44,49,55,59,61,65,81,86,88,97,99" machi="88" ten="30,12000,2" yaku="1,1,0,1,52,3,54,1,53,0" doraHai="69" doraHaiUra="13" who="1" fromWho="1" sc="250,-60,240,130,250,-30,250,-30" /><INIT seed="1,0,0,2,5,110" ten="190,370,220,220" oya="1" hai0="12,53,63,64,41,128,79,47,115,123,120,116,36" hai1="32,13,58,19,4,106,103,91,98,40,39,90,27" hai2="119,6,10,92,100,59,121,43,31,34,51,26,117" hai3="95,23,5,104,1,78,48,99,129,73,11,65,102"/><U114/><E114/><V52/><F121/><N who="0" m="46666" /><D79/><U89/><E4/><V7/><F43/><W112/><G129/><T69/><D12/><U24/><E58/><V16/><F6/><W56/><G112/><T29/><D29/><U0/><E0/><V88/><F100/><W54/><G65/><T44/><D115/><U3/><E3/><V70/><F70/><W85/><G73/><T127/><D116/><U134/><E134/><V81/><F81/><W30/><G78/><T2/><D2/><U35/><E35/><V96/><REACH who="2" step="1"/><F16/><REACH who="2" ten="190,370,210,220" step="2"/><W61/><G102/><T37/><D128/><U124/><E40/><V77/><F77/><W28/><G5/><T8/><D8/><U71/><E103/><V17/><F17/><W49/><G11/><T82/><D82/><U101/><E101/><V67/><F67/><W62/><G30/><T45/><D53/><U130/><E71/><V14/><AGARI ba="0,1" hai="7,10,14,26,31,34,51,52,59,88,92,96,117,119" machi="14" ten="20,8000,1" yaku="1,1,0,1,7,1,54,2,53,0" doraHai="110" doraHaiUra="118" who="2" fromWho="2" sc="190,-20,370,-40,210,90,220,-20" /><INIT seed="2,0,0,2,5,34" ten="170,330,300,200" oya="2" hai0="16,100,83,116,24,60,33,57,130,64,12,39,0" hai1="78,28,15,81,47,23,21,111,53,29,10,19,59" hai2="22,77,121,13,61,127,51,42,120,31,98,107,45" hai3="8,18,114,74,125,108,135,73,122,32,68,26,36"/><V119/><F119/><W71/><G18/><T41/><D116/><U46/><E111/><V5/><F127/><W67/><G8/><T110/><D110/><U75/><E23/><V129/><F129/><W52/><G26/><T7/><D130/><U126/><E126/><V123/><F77/><W90/><G90/><T35/><D100/><U43/><E21/><V63/><F5/><W133/><G67/><T124/><D124/><U30/><REACH who="1" step="1"/><E43/><REACH who="1" ten="170,320,300,200" step="2"/><V89/><F31/><W115/><G125/><T128/><D128/><U48/><AGARI ba="0,1" hai="10,15,19,28,29,30,46,47,48,53,59,75,78,81" machi="48" ten="30,7900,0" yaku="1,1,2,1,0,1,53,1" doraHai="34" doraHaiUra="72" who="1" fromWho="1" sc="170,-20,320,89,300,-39,200,-20" /><INIT seed="3,0,0,3,1,38" ten="150,409,261,180" oya="3" hai0="51,7,20,88,28,118,99,9,128,75,68,117,114" hai1="79,53,66,82,69,106,56,49,91,73,119,97,95" hai2="13,57,24,112,59,125,71,70,107,100,35,60,27" hai3="25,124,58,113,80,46,126,33,47,12,19,48,23"/><W115/><G58/><T21/><D68/><U64/><E119/><V17/><F112/><W96/><G96/><T108/><D75/><U131/><E131/><V94/><F107/><W61/><G61/><T11/><D128/><U52/><E69/><V3/><F3/><W36/><G80/><T89/><D51/><U62/><REACH who="1" step="1"/><E106/><REACH who="1" ten="150,399,261,180" step="2"/><V74/><F71/><W92/><G113/><T39/><D114/><U83/><E83/><V123/><F70/><W5/><G115/><T90/><D117/><U105/><E105/><V45/><F94/><W111/><G92/><T72/><D118/><U22/><E22/><V132/><F35/><W101/><G33/><T98/><D21/><U122/><E122/><V31/><F123/><W8/><G111/><T2/><D20/><U84/><E84/><V81/><F74/><W85/><G85/><T116/><D72/><U76/><E76/><V54/><F81/><W103/><G126/><T15/><D108/><U1/><E1/><V78/><F78/><W93/><G93/><T127/><D127/><U34/><E34/><V87/><F87/><W109/><G124/><T121/><D121/><U104/><E104/><V133/><F125/><W120/><G109/><T30/><D116/><U110/><E110/><V40/><F133/><W0/><G0/><T55/><D2/><U16/><E16/><V65/><F132/><W4/><G120/><T50/><D30/><U63/><E63/><V32/><F32/><W14/><G4/><T77/><D28/><U6/><E6/><V41/><F31/><W129/><G129/><T86/><D77/><RYUUKYOKU ba="0,1" sc="150,-10,399,30,261,-10,180,-10" hai1="49,52,53,56,62,64,66,73,79,82,91,95,97" /><INIT seed="4,1,1,5,4,95" ten="140,429,251,170" oya="0" hai0="49,10,115,35,1,27,74,101,62,83,102,32,90" hai1="20,19,63,73,111,72,112,26,114,43,133,48,6" hai2="22,81,96,50,51,91,108,69,85,14,40,75,89" hai3="31,93,88,71,9,116,107,80,52,84,54,24,104"/><T17/><D115/><N who="1" m="44075" /><E111/><V5/><F108/><W79/><G71/><T36/><D36/><U128/><E128/><V34/><F34/><W130/><G130/><T67/><D35/><U28/><E133/><V121/><F121/><W99/><G116/><T29/><D49/><U78/><E78/><V127/><F69/><W103/><G9/><T12/><D74/><U70/><E6/><V42/><F127/><W125/><G125/><T3/><D83/><U124/><E124/><V59/><F75/><N who="3" m="43135" /><G107/><T123/><D90/><U66/><E19/><N who="2" m="10615" /><F5/><W41/><G41/><N who="2" m="15977" /><F59/><W110/><G110/><T23/><D123/><U135/><E135/><V33/><F33/><AGARI ba="1,1" hai="24,31,33,52,54,84,88,93,99,103,104" m="43135" machi="33" ten="30,7700,0" yaku="24,1,52,1,54,2" doraHai="95" who="3" fromWho="2" sc="140,0,429,0,251,-80,170,90" /><INIT seed="5,0,0,1,5,88" ten="140,429,171,260" oya="1" hai0="29,118,83,104,48,130,120,107,53,44,49,16,112" hai1="8,113,110,80,7,65,76,75,78,33,79,74,26" hai2="90,84,0,18,21,3,43,95,19,114,121,25,50" hai3="56,117,119,20,72,45,94,123,55,39,28,81,63"/><U124/><E110/><V134/><F121/><W66/><G123/><T9/><D120/><U100/><E124/><V106/><F106/><W77/><G28/><T61/><D118/><N who="3" m="45065" /><G20/><T133/><D61/><U115/><E100/><V32/><F134/><W116/><G116/><T127/><D29/><U38/><E38/><V27/><F114/><N who="1" m="43529" /><E65/><V87/><F87/><W101/><G39/><T132/><D112/><U36/><E36/><V57/><F32/><W10/><G10/><T129/><D127/><U125/><E125/><V86/><F86/><W97/><G45/><T91/><D49/><U37/><E37/><V82/><F82/><W11/><G11/><T99/><D132/><U35/><E26/><V52/><F43/><W30/><G30/><T12/><D133/><U41/><E41/><V128/><F128/><N who="0" m="49258" /><D83/><N who="1" m="45463" /><E79/><V135/><F135/><W47/><G47/><T58/><D44/><U68/><E68/><V126/><F126/><W34/><G34/><T109/><D109/><U62/><E62/><V54/><F54/><AGARI ba="0,0" hai="54,55,56,63,66,72,77,81,94,97,101" m="45065" machi="54" ten="30,2000,0" yaku="12,1,52,1" doraHai="88" who="3" fromWho="2" sc="140,0,429,0,171,-20,260,20" /><INIT seed="6,0,0,5,2,94" ten="140,429,151,280" oya="2" hai0="62,24,46,103,85,75,101,93,87,113,55,19,106" hai1="118,98,131,123,12,84,72,28,51,111,45,63,66" hai2="39,102,32,37,26,60,50,70,135,49,116,34,79" hai3="68,58,9,76,115,128,59,108,120,43,124,57,107"/><V114/><F116/><W5/><G108/><T77/><D106/><U86/><E72/><V30/><F114/><W14/><G120/><T83/><D113/><U91/><E118/><V40/><F135/><W23/><G107/><T127/><D127/><U110/><E131/><V95/><F34/><W4/><G68/><T53/><D75/><U15/><E123/><V81/><F70/><W29/><G115/><T71/><D71/><U1/><E1/><V65/><F102/><N who="0" m="38922" /><D46/><U42/><E28/><V33/><F33/><W61/><G128/><T52/><D87/><U126/><E126/><V64/><F95/><W89/><G76/><T80/><D80/><U78/><E78/><V17/><F17/><W21/><G4/><T10/><D93/><U35/><E35/><V38/><F40/><W44/><G124/><T22/><D10/><U100/><E100/><V112/><F112/><W3/><G3/><T133/><D133/><U18/><E86/><V105/><F105/><W13/><G29/><T16/><D19/><U119/><E119/><V129/><F129/><W90/><G61/><AGARI ba="0,0" hai="16,22,24,52,53,55,61,62,77,83,85" m="38922" machi="61" ten="30,3900,0" yaku="8,1,54,2" doraHai="94" who="0" fromWho="3" sc="140,39,429,0,151,0,280,-39" /><INIT seed="7,0,0,5,3,97" ten="179,429,151,241" oya="3" hai0="105,42,134,75,29,88,25,46,119,87,49,33,30" hai1="101,94,116,126,23,43,84,53,67,85,31,47,81" hai2="4,0,117,93,54,92,44,125,74,128,114,56,62" hai3="112,9,64,59,68,106,3,66,27,69,124,2,95"/><W20/><G95/><T103/><D119/><U22/><E126/><V35/><F117/><W78/><G59/><T109/><D109/><U96/><E67/><V104/><F104/><W41/><G20/><T58/><D75/><U5/><E5/><V71/><F74/><W135/><G9/><T118/><D118/><U7/><E7/><V129/><F35/><W65/><G27/><T86/><D134/><U50/><E116/><V15/><F0/><W131/><G65/><T12/><D105/><U89/><E31/><V111/><F111/><W13/><G66/><T72/><D72/><U51/><E85/><V16/><F125/><W91/><G64/><T52/><D103/><U108/><E108/><V19/><F114/><W48/><G2/><T45/><D30/><U14/><E14/><V28/><F71/><W127/><G3/><T18/><D88/><U82/><E82/><V98/><F28/><W17/><G69/><T77/><D77/><U132/><E132/><V1/><F44/><AGARI ba="0,0" hai="22,23,43,44,47,50,51,53,81,84,89,94,96,101" machi="44" ten="30,3900,0" yaku="7,1,8,1,52,1" doraHai="97" who="1" fromWho="2" sc="179,0,429,39,151,-39,241,0" owari="179,-22.0,468,57.0,112,-39.0,241,4.0" /></mjloggm>