<mjloggm ver="2.3"><GO type="169" lobby="0"/><UN n0="%E9%96%A2%E4%B8%83%E6%B5%B7" n1="%E3%81%AE%E3%81%86%E3%81%AA%E3%82%81%E3%82%8D%E3%82%93" n2="%74%79%64%79" n3="%E3%82%A6%E3%83%AB%E3%83%88%E3%83%A9%E7%AB%8B%E7%9B%B4" dan="17,17,17,17" rate="2150.19,2131.27,2113.14,2215.83" sx="M,M,M,M"/><TAIKYOKU oya="0"/><INIT seed="0,0,0,2,3,43" ten="250,250,250,250" oya="0" hai0="2,25,117,123,36,30,4,114,78,51,8,60,52" hai1="12,64,28,76,128,90,62,103,99,119,56,96,116" hai2="107,125,71,79,21,98,88,35,77,19,92,75,121" hai3="84,82,73,105,83,69,61,10,47,95,100,66,55"/><T20/><D117/><U57/><E128/><V87/><F121/><W44/><G105/><T17/><D123/><U54/><E76/><V122/><F122/><W41/><G73/><T86/><D36/><U15/><E90/><V126/><F35/><W13/><G41/><T72/><D60/><U14/><E28/><V40/><F71/><W108/><G108/><T42/><D42/><U124/><E124/><N who="2" m="47723" /><F40/><W112/><G112/><T34/><D72/><U111/><E111/><V7/><F7/><W26/><G26/><T31/><D114/><U67/><E99/><V91/><F107/><W135/><G135/><T130/><D130/><U120/><E120/><V29/><F29/><W102/><G55/><T48/><D48/><U63/><REACH who="1" step="1"/><E54/><REACH who="1" ten="250,240,250,250" step="2"/><V131/><F131/><W65/><G102/><T74/><D34/><U6/><E6/><V22/><F75/><W129/><G129/><T58/><REACH who="0" step="1"/><D74/><REACH who="0" ten="240,240,250,250" step="2"/><U127/><E127/><V3/><F91/><N who="3" m="53735" /><G100/><T11/><D11/><U106/><AGARI ba="0,2" hai="12,14,15,56,57,62,63,64,67,96,103,106,116,119" machi="106" ten="30,4000,0" yaku="1,1,0,1,9,1,53,0" doraHai="43" doraHaiUra="134" who="1" fromWho="1" sc="240,-20,240,60,250,-10,250,-10" /><INIT seed="1,0,0,3,2,5" ten="220,300,240,240" oya="1" hai0="124,123,69,48,126,118,53,128,64,109,71,11,86" hai1="98,65,127,84,67,60,113,129,17,31,106,110,25" hai2="38,34,51,74,40,116,73,72,6,95,55,70,99" hai3="43,50,66,59,49,92,9,32,96,57,107,15,35"/><U10/><E113/><V20/><F116/><W24/><G107/><T8/><D118/><U120/><E120/><V52/><F34/><W12/><G24/><T104/><D104/><U122/><E122/><V36/><F70/><N who="0" m="26634" /><D123/><U23/><E129/><V21/><F6/><W112/><G92/><T93/><D128/><U101/><E127/><N who="0" m="48681" /><D64/><U44/><E110/><V75/><N who="2" m="18432" /><DORA hai="28" /><V45/><F38/><W97/><G66/><T119/><D119/><U105/><E44/><V62/><F62/><W132/><G43/><T125/><D109/><U85/><E105/><V114/><F114/><W108/><G108/><T135/><D135/><U77/><E77/><V22/><REACH who="2" step="1"/><F36/><REACH who="2" ten="220,300,230,240" step="2"/><W103/><G112/><T87/><D125/><U88/><E60/><V37/><F37/><W89/><G132/><T61/><D61/><U100/><E65/><V81/><F81/><W3/><G35/><T94/><D48/><U46/><E67/><V134/><F134/><W83/><G32/><T131/><D131/><U13/><E101/><AGARI ba="0,1" hai="20,21,22,40,45,51,52,55,95,99,101" m="18432" machi="101" ten="70,4500,0" yaku="1,1,54,1,53,0" doraHai="5,28" doraHaiUra="102,27" who="2" fromWho="1" sc="220,0,300,-45,230,55,240,0" /><INIT seed="2,0,0,0,2,20" ten="220,255,285,240" oya="2" hai0="86,82,95,97,83,59,116,90,134,17,51,41,36" hai1="129,45,115,29,5,37,77,71,56,7,34,91,72" hai2="16,10,18,24,33,60,124,88,21,102,31,108,126" hai3="81,44,25,122,4,57,11,75,125,92,40,130,89"/><V94/><F102/><W84/><G122/><T70/><D70/><U106/><E71/><V49/><F60/><W96/><G125/><N who="2" m="48233" /><F49/><W78/><G130/><T52/><D134/><U127/><E106/><V27/><F108/><W79/><G57/><T38/><D116/><U53/><E127/><V50/><F50/><W112/><G112/><T54/><D54/><U87/><E115/><V121/><F121/><W6/><G6/><T128/><D128/><U55/><E129/><V85/><F10/><W109/><G109/><T19/><D82/><U68/><E68/><V65/><F65/><W35/><G78/><T26/><D41/><U73/><E77/><V99/><F18/><W2/><G35/><T42/><D42/><U0/><E73/><V61/><F61/><W66/><G66/><T98/><D19/><U93/><E72/><V117/><F117/><W67/><G67/><T105/><D105/><U135/><E37/><V104/><F104/><W69/><G69/><T47/><D38/><U8/><E45/><V80/><F80/><W76/><G44/><T15/><D36/><U1/><E56/><V3/><F3/><W32/><G40/><T123/><D47/><U58/><E1/><V28/><F31/><N who="3" m="19567" /><G79/><T118/><D123/><U131/><E0/><V62/><F62/><W30/><G30/><T113/><D118/><U107/><E131/><V114/><F114/><W103/><G103/><N who="0" m="60863" /><D113/><U48/><E58/><V14/><F99/><W39/><G75/><T132/><D98/><U133/><E29/><V119/><F119/><W100/><G39/><T63/><D63/><RYUUKYOKU ba="0,0" sc="220,-15,255,-15,285,15,240,15" hai2="14,16,21,24,27,28,33,85,88,94" hai3="2,4,11,76,81,84,89,92,96,100" /><INIT seed="2,1,0,2,3,0" ten="205,240,300,255" oya="2" hai0="124,73,72,99,33,105,60,135,74,84,59,27,113" hai1="91,101,112,14,53,130,11,89,127,102,97,51,132" hai2="94,26,55,46,10,2,69,25,1,116,82,18,133" hai3="43,44,16,107,87,110,54,104,79,19,49,41,115"/><V34/><F116/><W42/><G110/><T3/><D113/><U12/><E112/><V37/><F69/><W32/><G32/><T129/><D124/><U103/><E127/><V96/><F133/><W106/><REACH who="3" step="1"/><G115/><REACH who="3" ten="205,240,300,245" step="2"/><T121/><D135/><U81/><E132/><V38/><F34/><W15/><G15/><T86/><D33/><U35/><E35/><V65/><F2/><W67/><G67/><T22/><D3/><U111/><E111/><V31/><F65/><W6/><G6/><T125/><D125/><U4/><E130/><V80/><F26/><W24/><G24/><T123/><D129/><U128/><E128/><V23/><F1/><W40/><N who="3" m="10240" /><DORA hai="28" /><W48/><G48/><T126/><D126/><U58/><E14/><N who="2" m="7511" /><F38/><W83/><AGARI ba="1,1" hai="16,19,44,49,54,79,83,87,104,106,107" m="10240" machi="83" ten="50,6400,0" yaku="1,1,0,1,54,1,53,0" doraHai="0,28" doraHaiUra="8,66" who="3" fromWho="3" sc="205,-17,240,-17,300,-33,245,77" /><INIT seed="3,0,0,2,3,69" ten="188,223,267,322" oya="3" hai0="16,61,9,80,104,84,27,35,117,133,106,86,96" hai1="52,88,55,6,37,97,78,41,100,125,5,134,108" hai2="17,29,44,18,20,91,119,8,132,21,22,129,93" hai3="107,28,94,58,26,59,103,38,24,32,45,120,33"/><W75/><G75/><T77/><D117/><U111/><E78/><V49/><F119/><W127/><G107/><T66/><D133/><U43/><E134/><V130/><F29/><W36/><G120/><T87/><D104/><U2/><E125/><V128/><F8/><W90/><G103/><T0/><D0/><U83/><E41/><V60/><F60/><W42/><G38/><T64/><D64/><U57/><E2/><V101/><F101/><W135/><G135/><T13/><D96/><U34/><E34/><V102/><F102/><W95/><G95/><T131/><D106/><U123/><E123/><V89/><F132/><W51/><G51/><T73/><D131/><U76/><E6/><V105/><F105/><W14/><G14/><T30/><REACH who="0" step="1"/><D73/><REACH who="0" ten="178,223,267,322" step="2"/><U118/><E118/><V4/><F130/><W85/><G127/><T11/><D11/><U23/><E108/><V31/><F129/><W115/><G115/><T7/><D7/><U25/><E5/><V63/><F4/><W74/><G74/><T19/><D19/><U54/><E111/><V92/><F128/><W48/><G28/><T126/><D126/><U53/><E97/><V65/><F31/><W40/><G33/><T99/><D99/><U114/><E114/><V121/><F121/><W67/><G32/><T1/><D1/><U79/><E100/><V47/><F18/><W10/><G67/><T12/><D12/><U110/><E110/><V62/><F17/><W50/><G10/><T46/><D46/><U72/><E72/><V68/><F65/><W71/><G45/><T81/><D81/><RYUUKYOKU ba="0,1" sc="178,30,223,-10,267,-10,322,-10" hai0="9,13,16,27,30,35,61,66,77,80,84,86,87" /><INIT seed="4,1,1,3,5,2" ten="208,213,257,312" oya="0" hai0="114,51,69,39,13,36,65,61,84,57,33,105,35" hai1="11,97,86,122,85,58,23,53,16,55,100,49,135" hai2="116,17,81,4,26,121,44,134,42,94,28,32,9" hai3="77,24,88,22,21,19,118,7,18,89,108,43,98"/><T129/><D105/><U95/><E122/><V41/><F121/><W56/><G108/><T63/><D129/><U107/><E135/><V27/><F134/><W10/><G77/><T126/><D126/><U91/><E11/><V75/><F94/><W59/><G43/><T48/><D114/><U3/><E3/><V111/><F111/><W5/><G118/><T45/><D84/><U109/><E109/><V52/><F116/><W119/><G119/><T103/><D103/><U123/><E123/><V120/><F120/><W102/><G102/><T71/><D13/><U79/><E79/><V106/><F106/><W124/><G10/><T37/><D33/><U50/><E107/><V34/><F81/><W90/><G98/><T117/><D35/><U54/><E100/><V87/><F87/><W132/><G132/><T133/><D133/><U29/><E29/><V67/><F67/><W72/><G72/><T125/><D125/><U101/><E101/><V8/><F8/><W31/><G31/><T62/><D117/><U25/><REACH who="1" step="1"/><E54/><REACH who="1" ten="208,203,257,312" step="2"/><V6/><F9/><W110/><G110/><T76/><D76/><U130/><E130/><V93/><F28/><W128/><G128/><T82/><D82/><U38/><E38/><V73/><F52/><W66/><G124/><T46/><D57/><AGARI ba="1,2" hai="16,23,25,49,50,53,55,57,58,85,86,91,95,97" machi="57" ten="30,12000,2" yaku="1,1,7,1,9,1,8,1,54,1,53,1" doraHai="2" doraHaiUra="12" who="1" fromWho="0" sc="208,-123,203,143,257,0,312,0" /><INIT seed="5,0,0,0,0,39" ten="85,346,257,312" oya="1" hai0="118,62,32,41,3,119,107,7,13,99,51,15,85" hai1="79,98,115,49,89,97,19,57,125,116,18,69,78" hai2="103,90,23,82,72,6,53,66,29,52,84,133,1" hai3="17,76,9,38,40,10,127,20,81,22,21,61,45"/><U12/><E116/><V47/><F1/><W37/><G127/><T16/><D32/><U59/><E69/><V50/><F6/><W132/><G132/><T86/><D3/><U64/><E115/><V73/><F133/><W113/><G113/><T83/><D62/><U74/><E74/><V111/><F111/><W0/><G38/><T5/><D118/><U94/><E125/><V36/><F36/><W88/><G88/><N who="0" m="51263" /><D107/><U33/><E33/><V8/><F8/><W100/><G100/><T46/><D119/><U30/><E30/><V2/><F2/><W4/><G61/><T63/><D99/><U31/><E31/><V117/><F66/><W58/><G58/><T112/><D112/><U120/><E120/><V70/><F70/><W77/><G10/><N who="0" m="6263" /><D86/><U124/><E98/><V114/><F114/><W92/><G77/><T96/><D96/><U104/><E104/><V26/><F103/><W95/><G17/><T55/><D13/><U65/><E18/><V108/><F108/><W68/><REACH who="3" step="1"/><G68/><REACH who="3" ten="85,346,257,302" step="2"/><T91/><D91/><U110/><E79/><V67/><F117/><W123/><G123/><T109/><D109/><U48/><E78/><V54/><REACH who="2" step="1"/><F67/><REACH who="2" ten="85,346,247,302" step="2"/><W93/><G93/><T71/><D71/><U75/><E110/><V126/><F126/><W105/><G105/><T43/><D63/><U130/><E124/><V44/><F44/><W34/><G34/><T135/><D135/><U35/><E35/><V101/><F101/><W106/><G106/><T134/><D134/><U102/><E102/><V28/><F28/><W25/><G25/><T129/><D129/><RYUUKYOKU ba="0,2" sc="85,10,346,-30,247,10,302,10" hai0="5,7,41,43,46,51,55" hai2="23,26,29,47,50,52,53,54,72,73,82,84,90" hai3="0,4,9,20,21,22,37,40,45,76,81,92,95" /><INIT seed="6,1,2,3,1,35" ten="95,316,257,312" oya="2" hai0="106,15,67,111,79,58,1,46,66,8,114,92,94" hai1="82,102,7,130,129,100,76,20,96,73,91,101,59" hai2="108,9,113,19,98,36,70,72,5,120,57,84,49" hai3="34,13,83,16,37,118,103,104,27,86,55,62,97"/><V99/><F120/><W107/><G37/><T75/><D111/><U119/><E7/><V51/><F36/><W38/><G38/><T90/><D106/><U60/><E119/><V132/><F70/><W6/><G6/><T11/><D114/><U28/><E28/><V64/><F72/><W44/><G118/><T47/><D79/><U123/><E20/><V43/><F113/><W24/><G107/><T126/><D75/><U52/><E123/><V22/><F108/><W124/><G34/><T81/><D81/><U133/><E133/><V71/><F71/><W42/><G42/><T85/><D126/><U110/><E110/><V63/><F84/><W80/><G80/><T125/><D125/><U18/><E18/><V74/><F74/><W115/><G115/><T128/><D128/><N who="1" m="49259" /><E91/><V48/><F43/><W40/><G40/><T134/><D134/><U23/><E23/><V31/><F31/><W68/><G68/><T78/><D78/><U14/><E14/><N who="2" m="5423" /><F132/><W122/><G122/><T25/><D25/><AGARI ba="1,2" hai="19,22,25,48,49,51,57,63,64,98,99" m="5423" machi="25" ten="30,1500,0" yaku="8,1" doraHai="35" who="2" fromWho="0" sc="95,-18,316,0,257,38,312,0" /><INIT seed="6,2,0,1,1,98" ten="77,316,295,312" oya="2" hai0="5,36,75,130,133,94,121,115,129,113,109,64,85" hai1="93,55,3,44,108,27,41,106,33,32,66,1,45" hai2="132,38,10,92,31,110,117,87,116,126,79,4,91" hai3="53,25,57,123,114,69,0,101,47,71,118,82,102"/><V88/><F38/><W61/><G0/><T90/><D36/><U112/><E106/><V105/><F31/><W76/><G118/><T52/><D121/><U12/><E108/><V62/><F105/><W124/><G123/><T127/><D109/><U60/><E112/><N who="0" m="43081" /><D64/><U17/><E55/><V73/><F110/><W78/><G124/><T70/><D70/><U16/><E93/><V39/><F39/><W125/><G125/><T11/><D127/><U103/><E103/><N who="3" m="39434" /><G71/><T40/><D40/><U7/><E7/><V83/><F126/><W20/><G69/><T24/><D24/><U89/><E89/><V81/><F132/><W8/><G114/><T28/><D28/><U15/><E27/><V111/><F111/><W119/><G119/><T58/><D75/><U65/><E60/><V43/><F62/><W134/><G134/><T50/><D133/><U99/><E99/><V68/><F68/><W21/><G8/><T67/><D67/><U30/><E30/><V84/><REACH who="2" step="1"/><F43/><AGARI ba="2,0" hai="1,3,12,15,16,17,32,33,41,43,44,45,65,66" machi="43" ten="25,3200,0" yaku="22,2,54,1" doraHai="98" who="1" fromWho="2" sc="77,0,316,38,295,-38,312,0" /><INIT seed="7,0,0,5,4,98" ten="77,354,257,312" oya="3" hai0="42,103,77,66,119,122,114,68,30,109,63,126,33" hai1="40,43,118,131,13,6,35,7,57,22,100,65,129" hai2="16,124,53,105,107,95,2,9,78,80,70,91,97" hai3="117,116,121,132,69,133,62,15,27,29,86,3,19"/><W102/><G62/><T60/><D109/><U115/><E35/><V41/><F70/><W61/><G86/><T92/><D119/><U14/><E115/><V24/><F124/><W134/><G61/><T88/><D122/><U0/><E0/><V47/><F53/><W83/><G83/><T81/><D126/><U52/><E65/><V94/><F95/><W123/><G102/><T32/><D32/><U74/><E100/><V128/><F128/><N who="1" m="49225" /><E74/><V18/><F24/><W26/><G3/><T20/><D42/><N who="1" m="15915" /><E118/><N who="3" m="45674" /><G69/><T21/><D114/><U67/><E67/><V44/><F107/><W90/><G90/><T56/><D68/><U125/><E125/><V87/><F105/><W36/><G36/><T17/><D33/><U23/><E7/><V89/><F89/><W75/><G75/><T4/><D4/><U54/><E54/><V99/><F99/><W55/><G55/><T82/><D63/><N who="1" m="36263" /><E13/><V120/><F120/><N who="3" m="46155" /><G29/><T104/><D30/><U8/><AGARI ba="0,0" hai="6,8,14,22,23" m="36263,15915,49225" machi="8" ten="30,2000,0" yaku="19,1,54,1" doraHai="98" who="1" fromWho="1" sc="77,-5,354,20,257,-5,312,-10" owari="72,-43.0,374,48.0,252,-15.0,302,10.0" /></mjloggm>