<mjloggm ver="2.3"><GO type="169" lobby="0"/><UN n0="%E8%A6%AA%E6%8C%87%EF%BC%88%E5%A4%A7%EF%BC%89" n1="%E8%97%A4%E3%82%84%E3%82%93" n2="%E8%81%96%E7%87%90" n3="%E5%B0%B1%E6%B4%BB%E7%94%9F%40%E5%B7%9D%E6%9D%91%E8%BB%8D%E5%9B%A3" dan="17,17,16,17" rate="2232.89,2148.79,2073.96,2175.06" sx="M,M,F,M"/><TAIKYOKU oya="0"/><INIT seed="0,0,0,4,1,28" ten="250,250,250,250" oya="0" hai0="67,73,77,134,133,106,69,128,4,100,14,121,95" hai1="114,116,9,71,30,85,53,33,123,0,18,48,96" hai2="47,75,24,57,97,105,125,60,61,102,131,39,20" hai3="15,70,120,92,99,62,101,40,86,66,107,6,127"/><T50/><D121/><U49/><E123/><V115/><F75/><W65/><G120/><T82/><D106/><U113/><E116/><V108/><F108/><W81/><G127/><T72/><D128/><U74/><E74/><V89/><F125/><W56/><G40/><T17/><D4/><U122/><E122/><V76/><F76/><W93/><G66/><T29/><D29/><U43/><E71/><V129/><F115/><W130/><G130/><T37/><D37/><U90/><E96/><V46/><F60/><W26/><G56/><T88/><D100/><U51/><E43/><V52/><F39/><W119/><G119/><T132/><D50/><U1/><E53/><V45/><REACH who="2" step="1"/><F89/><REACH who="2" ten="250,250,240,250" step="2"/><W8/><G26/><T35/><D73/><U38/><E38/><V94/><F94/><W68/><G68/><T3/><D69/><U135/><E113/><V59/><F59/><W44/><G44/><T84/><D72/><U118/><E114/><V10/><F10/><W2/><G2/><T124/><D3/><U34/><E0/><V23/><F23/><W126/><G126/><T111/><D124/><U87/><E1/><V110/><F110/><W78/><AGARI ba="0,1" hai="6,8,15,62,65,70,78,81,86,92,93,99,101,107" machi="78" ten="20,1500,0" yaku="0,1,7,1" doraHai="28" who="3" fromWho="3" sc="250,-7,250,-4,240,-4,250,25" /><INIT seed="1,0,0,0,3,46" ten="243,246,236,275" oya="1" hai0="126,61,124,43,102,37,34,74,62,125,103,42,128" hai1="0,12,57,90,130,100,94,135,105,109,28,47,32" hai2="71,97,132,65,56,25,112,121,110,77,21,60,75" hai3="78,51,129,8,96,2,108,41,93,131,134,118,31"/><U20/><E0/><V3/><F112/><W80/><G31/><T39/><D74/><U82/><E130/><N who="3" m="49674" /><G108/><T45/><D34/><U120/><E120/><V84/><F3/><W38/><G134/><T115/><D128/><U16/><E135/><V15/><F110/><W50/><G118/><T44/><REACH who="0" step="1"/><D115/><REACH who="0" ten="233,246,236,275" step="2"/><U89/><E109/><V19/><F75/><N who="3" m="43103" /><G38/><T70/><D70/><U72/><E72/><V101/><F71/><W117/><G117/><T26/><D26/><U23/><E32/><V76/><F132/><W17/><G41/><T30/><D30/><U58/><E105/><V5/><F121/><W88/><G17/><T10/><D10/><U9/><E9/><V87/><F25/><W66/><G66/><T49/><D49/><U48/><E28/><V73/><F73/><W92/><G92/><T111/><D111/><U53/><E23/><V27/><F27/><W83/><G83/><T40/><D40/><U11/><E20/><V36/><F36/><W99/><G99/><T69/><D69/><U63/><E82/><V122/><F122/><W24/><G24/><T64/><D64/><U54/><E58/><V85/><F97/><AGARI ba="0,1" hai="11,12,16,47,48,53,54,57,63,89,90,94,97,100" machi="97" ten="40,7700,0" yaku="8,1,52,1,54,1" doraHai="46" who="1" fromWho="2" sc="233,0,246,87,236,-77,275,0" /><INIT seed="1,1,0,4,0,44" ten="233,333,159,275" oya="1" hai0="112,66,135,40,20,41,97,50,95,69,114,64,53" hai1="73,8,62,4,80,47,17,103,102,42,96,60,13" hai2="91,59,52,5,100,107,25,55,32,122,101,21,85" hai3="132,130,92,79,36,65,110,19,14,28,57,117,71"/><U2/><E73/><V22/><F107/><W89/><G71/><T23/><D135/><U56/><E80/><V3/><F32/><W93/><G36/><T27/><D114/><U67/><E62/><V34/><F34/><W113/><G113/><T125/><D125/><U121/><E121/><V118/><F118/><W16/><G132/><T86/><D112/><U123/><E123/><V38/><F38/><W90/><G28/><T15/><D86/><U124/><E124/><V88/><F122/><W74/><G74/><T120/><D120/><U119/><E119/><V106/><F106/><W35/><G35/><T109/><D109/><U45/><E96/><V46/><F46/><W126/><G79/><T61/><D15/><U134/><E47/><V39/><F39/><W31/><G31/><T105/><D66/><U48/><REACH who="1" step="1"/><E134/><REACH who="1" ten="233,323,159,275" step="2"/><V83/><F83/><W12/><G126/><T94/><D97/><U54/><E54/><V104/><F55/><W131/><G117/><T99/><D99/><U24/><E24/><V37/><F25/><W0/><G65/><T133/><D64/><U98/><E98/><V78/><F104/><W63/><G63/><T9/><D105/><U58/><E58/><V30/><F52/><W76/><G57/><T129/><D133/><U127/><E127/><V115/><F59/><W75/><G75/><T70/><D61/><U33/><E33/><V116/><F116/><W81/><G81/><T43/><D53/><U51/><E51/><V82/><F82/><W68/><G68/><T6/><D50/><U49/><E49/><V111/><F115/><RYUUKYOKU ba="1,1" sc="233,-10,323,30,159,-10,275,-10" hai1="2,4,8,13,17,42,45,48,56,60,67,102,103" /><INIT seed="1,2,1,5,3,42" ten="223,353,149,265" oya="1" hai0="61,44,70,41,56,2,21,59,104,29,73,94,95" hai1="31,134,22,84,63,88,85,81,109,131,99,103,54" hai2="51,125,112,66,90,23,130,0,123,62,6,39,133" hai3="8,111,58,107,68,126,52,89,91,35,34,97,105"/><U117/><E117/><V93/><F123/><W98/><G68/><T30/><D104/><U115/><E115/><V27/><F39/><W92/><G126/><T13/><D2/><U75/><E75/><V5/><F125/><W86/><G111/><T53/><D73/><U12/><E109/><V16/><F130/><W24/><G8/><T46/><D70/><U10/><E131/><V14/><F133/><W122/><G122/><T37/><D46/><U77/><E134/><V96/><F0/><W120/><G120/><T9/><D59/><N who="1" m="35319" /><E103/><V128/><F112/><W127/><G127/><T124/><D124/><U83/><E99/><V76/><F76/><W114/><G114/><T50/><D37/><U102/><E102/><V72/><F72/><W79/><G79/><T36/><D36/><U18/><E31/><N who="0" m="11785" /><D21/><AGARI ba="2,1" hai="10,12,18,21,22,77,81,83,84,85,88" m="35319" machi="21" ten="30,2900,0" yaku="8,1,54,1" doraHai="42" who="1" fromWho="0" sc="223,-35,353,45,149,0,265,0" /><INIT seed="1,3,0,0,4,73" ten="188,398,149,265" oya="1" hai0="33,36,114,55,133,131,26,75,98,113,27,110,22" hai1="4,3,61,0,116,1,104,112,58,53,9,74,5" hai2="50,18,54,117,38,20,39,107,32,43,122,91,21" hai3="37,57,79,118,76,12,90,63,100,86,94,111,67"/><U120/><E116/><V121/><F32/><W45/><G111/><T123/><D36/><U41/><E112/><V88/><F107/><W124/><G124/><T6/><D75/><U42/><E120/><V92/><F117/><W69/><G118/><T44/><D98/><U49/><E104/><V10/><F43/><W48/><G100/><T35/><D44/><U77/><E9/><V64/><F64/><W129/><G129/><T84/><D55/><U109/><E109/><V97/><F38/><W106/><G106/><T128/><D84/><U52/><E42/><V7/><F39/><W125/><G125/><T68/><D68/><U15/><E15/><N who="2" m="5599" /><F20/><W132/><G132/><T34/><D110/><U30/><E30/><V93/><F122/><W96/><G96/><T40/><D40/><U78/><E41/><V80/><F80/><W119/><G119/><T51/><D51/><U102/><E102/><N who="2" m="60711" /><F93/><W24/><G69/><T65/><D65/><U2/><E2/><V99/><F99/><W83/><G83/><T82/><D82/><U103/><E103/><V62/><F62/><W46/><G37/><T59/><D123/><U71/><E71/><V81/><F81/><W19/><G24/><N who="0" m="9259" /><D133/><U60/><E74/><V70/><F70/><W16/><G19/><T105/><D105/><U89/><E89/><V72/><F72/><W134/><G134/><T11/><D22/><U31/><E61/><V108/><F108/><W28/><G28/><T130/><D59/><N who="1" m="34927" /><E31/><V23/><F23/><N who="3" m="11655" /><G48/><T85/><D85/><U126/><E126/><V135/><F121/><W66/><G66/><RYUUKYOKU ba="3,0" sc="188,10,398,10,149,-30,265,10" hai0="6,11,33,34,35,113,114,128,130,131" hai1="0,1,3,4,5,49,52,58,77,78" hai3="45,46,57,63,67,76,79,86,90,94" /><INIT seed="1,4,0,1,5,9" ten="198,408,119,275" oya="1" hai0="126,45,89,96,44,125,43,127,36,67,48,3,72" hai1="133,15,70,13,97,47,101,116,6,35,2,102,71" hai2="93,54,32,113,85,87,30,80,34,65,60,111,11" hai3="132,12,99,5,63,59,69,122,17,66,75,50,76"/><U40/><E116/><V33/><F111/><W20/><G122/><T130/><D3/><U42/><E35/><V28/><F113/><W79/><G132/><T49/><D72/><U61/><E133/><V27/><F54/><W10/><G75/><T73/><D73/><U26/><E2/><V100/><F28/><W118/><G118/><T64/><D96/><U4/><E97/><V81/><F81/><W124/><G124/><T119/><D89/><U23/><E47/><V98/><F87/><W14/><G69/><T53/><D119/><U94/><E61/><V110/><F110/><W109/><G109/><T123/><D123/><U121/><E121/><V37/><F37/><W38/><G38/><T16/><D130/><U24/><E23/><V90/><REACH who="2" step="1"/><F11/><REACH who="2" ten="198,408,109,275" step="2"/><W52/><G99/><T29/><D29/><U108/><E108/><V88/><F88/><W74/><G74/><T8/><D36/><U115/><E94/><V112/><F112/><AGARI ba="4,1" hai="4,6,13,15,24,26,40,42,70,71,101,102,112,115" machi="112" ten="25,9600,0" yaku="22,2,52,2" doraHai="9" who="1" fromWho="2" sc="198,0,408,118,109,-108,275,0" /><INIT seed="1,5,0,1,3,12" ten="198,526,1,275" oya="1" hai0="32,118,132,64,65,18,59,63,107,29,26,21,27" hai1="36,125,31,13,78,122,11,23,96,30,24,80,5" hai2="94,53,20,104,101,50,110,116,77,57,48,79,6" hai3="7,115,111,39,56,35,76,14,41,98,49,9,133"/><U74/><E122/><V121/><F104/><W131/><G35/><T108/><D118/><U106/><E125/><V81/><F110/><W19/><G115/><T134/><D108/><U88/><E36/><V84/><F121/><W0/><G39/><T43/><D107/><U45/><E45/><V117/><F6/><W2/><G76/><T120/><D120/><U38/><E38/><V70/><F70/><W67/><G111/><T33/><D43/><U22/><E106/><V69/><F69/><W95/><G131/><T83/><D33/><U75/><E75/><V87/><F101/><W82/><G82/><T58/><REACH who="0" step="1"/><D83/><REACH who="0" ten="188,526,1,275" step="2"/><U72/><E80/><V62/><F116/><W90/><G41/><T124/><D124/><U28/><E72/><V46/><F117/><W129/><G129/><T128/><D128/><U97/><E74/><V10/><F77/><W34/><G34/><T102/><D102/><U100/><E100/><V44/><F94/><W71/><G133/><T60/><AGARI ba="5,1" hai="18,21,26,27,29,32,58,59,60,63,64,65,132,134" machi="60" ten="30,7900,0" yaku="1,1,0,1,9,1,52,1,53,0" doraHai="12" doraHaiUra="68" who="0" fromWho="0" sc="188,104,526,-44,1,-25,275,-25" owari="292,9.0,482,58.0,-24,-52.0,250,-15.0" /></mjloggm>