<mjloggm ver="2.3"><GO type="225" lobby="0"/><UN n0="%E3%81%B9%E3%81%91%E3%82%93" n1="%E3%82%A6%E3%83%AB%E3%83%88%E3%83%A9%E7%AB%8B%E7%9B%B4" n2="%E5%8F%8B%47%46%49" n3="%E6%9C%80%E5%BC%B7%E6%9C%80%E5%BE%8C" dan="16,17,16,16" rate="2120.45,2119.27,2108.54,2083.63" sx="M,M,M,M"/><TAIKYOKU oya="0"/><INIT seed="0,0,0,0,3,4" ten="250,250,250,250" oya="0" hai0="47,95,125,58,98,48,27,128,16,126,55,71,9" hai1="57,35,83,100,131,33,65,34,50,36,28,10,108" hai2="76,29,92,129,54,70,135,30,78,39,25,106,90" hai3="87,133,15,79,113,20,17,24,66,53,77,21,110"/><T11/><D71/><U94/><E36/><V12/><F106/><W132/><G110/><T89/><D128/><U1/><E108/><V123/><F123/><W96/><G66/><T6/><D47/><U23/><E131/><V19/><F129/><W31/><G113/><T73/><D73/><U102/><E83/><V84/><F135/><N who="3" m="51787" /><G87/><T120/><D120/><U91/><E23/><V2/><F2/><W117/><G117/><T109/><D109/><U49/><E28/><V107/><F107/><W86/><G96/><T75/><D75/><U40/><E50/><V56/><F39/><W7/><G86/><T8/><D125/><U130/><E130/><V14/><F70/><W115/><G7/><T51/><D126/><U41/><E100/><V101/><F101/><W97/><G97/><T112/><D112/><U62/><E102/><V61/><F14/><W32/><G115/><T42/><D42/><U22/><E41/><V18/><F18/><N who="3" m="10335" /><G53/><T127/><D127/><U85/><E65/><V46/><F46/><W5/><G5/><T93/><D6/><U82/><E40/><V104/><F104/><W74/><G74/><T45/><D27/><AGARI ba="0,0" hai="17,21,24,27,31,32,77,79" m="10335,51787" machi="27" ten="30,1000,0" yaku="20,1" doraHai="4" who="3" fromWho="0" sc="250,-10,250,0,250,0,250,10" /><INIT seed="1,0,0,0,5,92" ten="240,250,250,260" oya="1" hai0="51,54,126,55,83,134,106,120,37,34,36,60,116" hai1="101,115,117,133,14,64,13,110,67,111,38,74,16" hai2="48,5,121,75,93,100,52,27,128,104,123,78,49" hai3="112,87,72,65,20,17,79,119,129,35,118,19,0"/><U132/><E38/><V82/><F128/><W107/><G65/><N who="1" m="25162" /><E74/><V29/><F5/><W41/><G41/><T47/><D116/><N who="3" m="44585" /><G107/><T86/><D34/><U76/><E117/><V46/><F104/><W69/><G35/><T125/><D134/><N who="1" m="51819" /><E76/><V94/><F49/><W89/><G69/><T103/><D120/><U30/><E115/><V96/><REACH who="2" step="1"/><F94/><REACH who="2" ten="240,250,240,260" step="2"/><W8/><G129/><T63/><D37/><U32/><E101/><V84/><F84/><W33/><G87/><T57/><D103/><U90/><E90/><V77/><F77/><W66/><G89/><N who="0" m="51423" /><D106/><U25/><E14/><V113/><F113/><W22/><G79/><T4/><D36/><U53/><E53/><V122/><F122/><W68/><G112/><T99/><D55/><U9/><AGARI ba="0,1" hai="9,13,16,25,30,32,110,111" m="51819,25162" machi="9" ten="40,3900,0" yaku="20,1,54,1" doraHai="92" who="1" fromWho="1" sc="240,-13,250,49,240,-13,260,-13" /><INIT seed="1,1,0,0,4,33" ten="227,299,227,247" oya="1" hai0="113,94,65,9,95,52,104,15,17,71,46,131,54" hai1="45,47,85,114,102,55,111,78,106,92,57,26,72" hai2="123,75,29,5,97,22,53,117,81,8,41,10,31" hai3="43,12,40,3,73,120,119,32,36,38,50,7,2"/><U91/><E114/><V21/><F117/><W24/><G120/><T0/><D104/><U69/><E69/><V18/><F123/><W100/><G100/><T80/><D113/><U6/><E111/><V84/><F75/><W107/><G107/><T126/><D131/><U60/><E6/><V124/><F124/><W115/><G73/><T68/><D126/><U96/><REACH who="1" step="1"/><E26/><REACH who="1" ten="227,289,227,247" step="2"/><V76/><F5/><W82/><G115/><T62/><D71/><U58/><E58/><V134/><F134/><W49/><G7/><T20/><D68/><U23/><E23/><V30/><F22/><W109/><G24/><T133/><D20/><U27/><E27/><V98/><F30/><W1/><G109/><T116/><D133/><U35/><E35/><V122/><F31/><W93/><G32/><T63/><D116/><U16/><E16/><V51/><F29/><W132/><G119/><T135/><D17/><U28/><E28/><V56/><F122/><W39/><G132/><T90/><D135/><U34/><E34/><V25/><F8/><W66/><G12/><T19/><D15/><U77/><E77/><V67/><F10/><W44/><G44/><T87/><D19/><U118/><E118/><V59/><F59/><W110/><G110/><T128/><D128/><U121/><E121/><V70/><F70/><W112/><G112/><T86/><D9/><U4/><E4/><V127/><F127/><W13/><G13/><T83/><D0/><U48/><E48/><V11/><F11/><W64/><G3/><T89/><D63/><U103/><E103/><V79/><F25/><RYUUKYOKU ba="1,1" sc="227,-10,289,30,227,-10,247,-10" hai1="45,47,55,57,60,72,78,85,91,92,96,102,106" /><INIT seed="1,2,1,0,0,52" ten="217,319,217,237" oya="1" hai0="98,64,53,89,9,78,102,87,16,68,37,54,8" hai1="62,104,34,115,106,56,82,22,117,63,125,91,29" hai2="110,4,18,49,109,0,105,128,17,134,46,69,1" hai3="24,84,96,65,114,131,61,129,15,12,14,55,42"/><U59/><E34/><V112/><F105/><W85/><G42/><T100/><D37/><U127/><E117/><V45/><F69/><W120/><G114/><T32/><D32/><U67/><E115/><V116/><F112/><W39/><G55/><T75/><D75/><U111/><E111/><N who="2" m="42507" /><F116/><W121/><G39/><T122/><D122/><N who="3" m="47209" /><G24/><T21/><D68/><U58/><E22/><V126/><F126/><N who="1" m="48137" /><E29/><V113/><F113/><W72/><G96/><T25/><D64/><N who="1" m="38983" /><E58/><V83/><F134/><W47/><G72/><T108/><D108/><U41/><E41/><V97/><F128/><N who="3" m="49227" /><G47/><T103/><D78/><U118/><E118/><V79/><F46/><W124/><G124/><T73/><D73/><U132/><E132/><V20/><F45/><W94/><G94/><N who="0" m="54591" /><D98/><U11/><E106/><V6/><F97/><W27/><G27/><T43/><D43/><U74/><E104/><V2/><F20/><W28/><G28/><T70/><D70/><AGARI ba="2,1" hai="12,14,15,61,65,70,84,85" m="49227,47209" machi="70" ten="40,1300,0" yaku="19,1" doraHai="52" who="3" fromWho="0" sc="217,-19,319,0,217,0,237,29" /><INIT seed="2,0,0,1,4,50" ten="198,319,217,266" oya="2" hai0="101,57,133,61,38,100,60,104,66,132,18,33,4" hai1="108,113,72,117,35,80,86,127,75,9,24,31,77" hai2="89,10,65,78,29,120,102,123,83,48,112,28,40" hai3="59,131,47,16,114,74,79,51,46,118,43,105,69"/><V124/><F112/><W71/><G105/><T19/><D38/><U37/><E113/><V135/><F102/><N who="0" m="39530" /><D104/><U92/><E117/><V103/><F103/><W0/><G114/><T44/><D33/><U84/><E37/><V67/><F124/><W21/><G0/><T82/><D82/><U97/><E127/><V5/><F135/><N who="0" m="51786" /><D4/><U6/><E108/><V20/><F120/><W109/><G109/><T90/><D90/><U107/><E107/><V17/><F89/><W3/><G118/><T26/><D44/><U106/><E106/><V36/><F36/><W99/><G47/><T13/><D26/><U134/><E134/><V85/><F123/><W94/><G3/><T128/><D128/><U81/><E92/><V8/><F5/><W91/><G131/><T73/><D73/><U63/><E97/><V34/><F34/><W64/><G74/><T121/><D121/><U119/><E119/><V52/><F78/><W70/><G79/><T30/><D30/><U68/><E77/><N who="2" m="46319" /><F29/><W42/><G91/><T96/><D96/><U1/><E75/><V39/><F28/><W62/><G94/><T45/><D45/><U130/><E72/><V125/><F39/><W14/><REACH who="3" step="1"/><G99/><REACH who="3" ten="198,319,217,256" step="2"/><T98/><D98/><U11/><E130/><V23/><F125/><W76/><G76/><T22/><D18/><U95/><E80/><V115/><F115/><W110/><G110/><T58/><D66/><N who="1" m="41055" /><E81/><V2/><F2/><W87/><G87/><T53/><D58/><U122/><E122/><V56/><F17/><W41/><AGARI ba="0,1" hai="14,16,21,41,42,43,46,51,59,62,64,69,70,71" machi="41" ten="40,5200,0" yaku="1,1,0,1,54,1,53,0" doraHai="50" doraHaiUra="32" who="3" fromWho="3" sc="198,-13,319,-13,217,-26,256,62" /><INIT seed="3,0,0,3,2,2" ten="185,306,191,318" oya="3" hai0="115,9,38,114,63,16,109,40,22,61,62,44,88" hai1="65,36,83,43,42,86,128,80,122,90,24,28,41" hai2="0,133,35,123,11,93,84,53,77,15,57,116,97" hai3="48,60,75,124,6,29,125,18,101,121,20,58,76"/><W118/><G29/><T120/><D120/><U135/><E122/><V23/><F123/><W32/><G121/><T129/><D109/><U104/><E104/><V8/><F116/><W134/><G32/><T108/><D108/><U107/><E107/><V26/><F133/><W73/><G6/><T17/><D129/><U117/><E128/><V54/><F0/><W89/><G101/><T70/><D70/><U102/><E102/><N who="2" m="60719" /><F35/><W49/><G118/><T112/><D9/><N who="2" m="3658" /><F15/><N who="3" m="9311" /><G89/><T81/><D22/><U132/><E117/><V37/><F37/><W45/><G134/><N who="1" m="51242" /><E65/><V98/><F98/><W27/><G27/><T94/><D81/><N who="1" m="49487" /><E36/><V4/><F77/><W5/><G5/><T130/><D130/><U131/><E131/><V127/><F4/><W111/><G49/><T85/><AGARI ba="0,0" hai="16,17,38,40,44,61,62,63,85,88,94,112,114,115" machi="85" ten="40,8000,1" yaku="0,1,11,1,54,2" doraHai="2" who="0" fromWho="0" sc="185,80,306,-20,191,-20,318,-40" /><INIT seed="4,0,0,1,3,125" ten="265,286,171,278" oya="0" hai0="16,71,132,87,10,19,26,63,135,36,43,118,2" hai1="31,56,14,68,107,24,51,59,97,17,45,70,82" hai2="52,12,47,131,15,127,49,113,53,57,23,106,73" hai3="1,96,86,13,34,64,122,35,121,79,25,105,22"/><T117/><D43/><U130/><E130/><V27/><F127/><W133/><G64/><N who="0" m="41375" /><D36/><U83/><E70/><V91/><F113/><W54/><G133/><N who="0" m="51275" /><D87/><U46/><E68/><V110/><F110/><W81/><G54/><T62/><D62/><U3/><E3/><V8/><F131/><W4/><G1/><T42/><D42/><U84/><E107/><V41/><F106/><W101/><G4/><N who="0" m="1303" /><D26/><U5/><E5/><V67/><F73/><W103/><G13/><T20/><D20/><N who="1" m="15751" /><E97/><V61/><F91/><W104/><G103/><T116/><AGARI ba="0,0" hai="16,19,116,117,118" m="1303,51275,41375" machi="116" ten="40,3900,0" yaku="20,1,54,1" doraHai="125" who="0" fromWho="0" sc="265,39,286,-13,171,-13,278,-13" owari="304,40.0,273,7.0,158,-34.0,265,-13.0" /></mjloggm>