<mjloggm ver="2.3"><GO type="225" lobby="0"/><UN n0="%61%74%E6%9D%B1%E5%B1%B1%E5%A5%88%E5%A4%AE" n1="%E2%98%86%E9%BB%84%E7%80%AC%E3%82%84%E3%82%88%E3%81%84%E2%98%86" n2="%E8%B6%B3%E3%81%AE%E8%B8%8F%E3%81%BF%E5%A0%B4%E3%82%82%E3%81%AA%E3%81%84" n3="%E3%82%A6%E3%83%AB%E3%83%88%E3%83%A9%E7%AB%8B%E7%9B%B4" dan="16,16,17,17" rate="2030.42,2027.31,2211.44,2147.36" sx="M,F,M,M"/><TAIKYOKU oya="0"/><INIT seed="0,0,0,2,0,63" ten="250,250,250,250" oya="0" hai0="4,39,68,98,58,59,62,52,110,90,21,122,28" hai1="70,105,24,99,13,30,54,113,44,12,119,92,57" hai2="87,128,49,121,91,27,96,120,35,60,118,73,2" hai3="66,127,112,124,135,5,38,50,133,9,130,83,86"/><T18/><D122/><U42/><E119/><V65/><F73/><W82/><G38/><T16/><D39/><U108/><E105/><V95/><F118/><W20/><G112/><T106/><D68/><U100/><E70/><V129/><F2/><W81/><G20/><T47/><D110/><U17/><E113/><V111/><F111/><W85/><G50/><N who="0" m="28767" /><D106/><U48/><E108/><V97/><F49/><W77/><G66/><N who="0" m="39255" /><D59/><U80/><E80/><V76/><F35/><W93/><G130/><N who="2" m="50281" /><F27/><W53/><G53/><T104/><D104/><U7/><E7/><V25/><F25/><W132/><G83/><T31/><D4/><U79/><E57/><N who="2" m="37007" /><F76/><N who="3" m="46247" /><G93/><N who="0" m="56631" /><D18/><U117/><E17/><V84/><F84/><W32/><G32/><T33/><D33/><U89/><E117/><V125/><F125/><W15/><AGARI ba="0,0" hai="5,9,15,77,82,86,124,127,132,133,135" m="46247" machi="15" ten="40,1500,0" yaku="20,1" doraHai="63" who="3" fromWho="3" sc="250,-7,250,-4,250,-4,250,15" /><INIT seed="1,0,0,5,5,95" ten="243,246,246,265" oya="1" hai0="23,10,5,46,79,66,21,111,29,71,92,100,28" hai1="63,88,64,87,129,37,104,69,39,12,40,106,118" hai2="86,59,107,51,65,30,18,44,6,9,58,93,43" hai3="33,38,3,19,102,115,77,78,60,70,31,124,123"/><U110/><E118/><V105/><F30/><W20/><G38/><T112/><D112/><U42/><E129/><V81/><F93/><W101/><G123/><T0/><D71/><U134/><E134/><V55/><F18/><W47/><G115/><T117/><D66/><U52/><E110/><V121/><F65/><W94/><G3/><T34/><D117/><U76/><E76/><V68/><F68/><W75/><G70/><T1/><D79/><U61/><E12/><V15/><F59/><W8/><G8/><T108/><D46/><U125/><E125/><V128/><F128/><W73/><G47/><T113/><D113/><U50/><E63/><V67/><F67/><W83/><G60/><T74/><D74/><U89/><E89/><V127/><F127/><W131/><G131/><T103/><D92/><N who="1" m="54303" /><E40/><V84/><F84/><W135/><G135/><T82/><D34/><U80/><E80/><V132/><F121/><W62/><G83/><T130/><D82/><U133/><E133/><V22/><F132/><W96/><G124/><T41/><D41/><U109/><E109/><V97/><F107/><N who="1" m="41001" /><E42/><V25/><F105/><W4/><G75/><T116/><D116/><U122/><E122/><V54/><F43/><W16/><G73/><T91/><D91/><U32/><E32/><V90/><F58/><W36/><G33/><T26/><D130/><U45/><E39/><V99/><F55/><W7/><G36/><T48/><D111/><U24/><E37/><V17/><AGARI ba="0,0" hai="6,9,15,17,22,25,44,51,54,81,86,90,97,99" machi="17" ten="20,8000,1" yaku="0,1,7,1,8,1,52,2" doraHai="95" who="2" fromWho="2" sc="243,-20,246,-40,246,80,265,-20" /><INIT seed="2,0,0,3,5,58" ten="223,206,326,245" oya="2" hai0="39,98,109,96,123,49,9,119,82,62,100,22,114" hai1="88,3,121,99,80,1,38,37,36,10,14,107,25" hai2="94,65,44,93,85,41,59,19,69,131,15,54,20" hai3="35,76,63,66,11,26,43,4,48,81,23,8,68"/><V134/><F131/><W57/><G35/><T33/><D39/><U83/><E121/><V77/><F134/><W55/><G43/><T60/><D33/><U84/><E80/><V28/><F28/><W73/><REACH who="3" step="1"/><G4/><REACH who="3" ten="223,206,326,235" step="2"/><T115/><D114/><U125/><E125/><V64/><F41/><W45/><G45/><T13/><D115/><U128/><E128/><V61/><F44/><W92/><G92/><N who="2" m="35433" /><F69/><W105/><G105/><T46/><D46/><U16/><REACH who="1" step="1"/><E25/><REACH who="1" ten="223,196,326,235" step="2"/><V72/><F72/><W117/><G117/><T103/><D119/><U97/><E97/><V12/><F12/><W108/><G108/><T122/><D13/><U129/><E129/><V74/><F74/><W0/><G0/><T132/><D123/><U78/><E78/><V86/><F77/><W5/><G5/><T6/><D122/><U95/><E95/><V29/><F15/><W52/><G52/><T133/><D6/><U31/><E31/><AGARI ba="0,2" hai="8,11,23,26,31,48,55,57,63,66,68,73,76,81" machi="31" ten="30,3900,0" yaku="1,1,7,1,52,1,53,0" doraHai="58" doraHaiUra="102" who="3" fromWho="1" sc="223,0,196,-39,326,0,235,59" /><INIT seed="3,0,0,5,3,129" ten="223,157,326,294" oya="3" hai0="112,77,23,133,18,27,86,15,126,88,7,31,101" hai1="97,38,1,56,68,87,32,121,35,110,5,123,60" hai2="118,58,66,95,21,80,122,49,45,119,48,8,12" hai3="116,47,128,127,82,54,39,111,74,134,117,109,125"/><W42/><G134/><T19/><D133/><U91/><E68/><V6/><F122/><W124/><G128/><T28/><D126/><U102/><E38/><V73/><F95/><W4/><G4/><T51/><D112/><U37/><E37/><V11/><F21/><W25/><G25/><T40/><D101/><U3/><E110/><N who="3" m="41994" /><G54/><T22/><D77/><AGARI ba="0,0" hai="39,42,47,74,77,82,116,117,124,125,127" m="41994" machi="77" ten="40,12000,1" yaku="18,1,14,1,10,1,23,1" doraHai="129" who="3" fromWho="0" sc="223,-120,157,0,326,0,294,120" owari="103,-40.0,157,-24.0,326,13.0,414,51.0" /></mjloggm>