<mjloggm ver="2.3"><GO type="225" lobby="0"/><UN n0="%4D%40%53%4F" n1="%E8%92%BC%E6%9C%88%E6%BD%AE" n2="%E3%82%A6%E3%83%AB%E3%83%88%E3%83%A9%E7%AB%8B%E7%9B%B4" n3="%E3%81%A4%E3%81%A3%E3%81%8D%EF%BD%9E%32%6E%64" dan="16,17,17,16" rate="2142.93,2162.70,2161.44,2172.25" sx="M,M,M,M"/><TAIKYOKU oya="0"/><INIT seed="0,0,0,3,2,99" ten="250,250,250,250" oya="0" hai0="33,111,125,131,45,17,29,92,55,66,84,96,78" hai1="10,62,122,68,49,54,98,119,60,0,123,30,18" hai2="117,35,90,52,121,74,110,8,101,6,95,80,50" hai3="21,39,77,112,67,94,106,97,69,47,42,59,135"/><T76/><D131/><U130/><E119/><V40/><F35/><W103/><G112/><T25/><D125/><U23/><E130/><V48/><F121/><W86/><G135/><T100/><D111/><U88/><E30/><V105/><F110/><W133/><G133/><T19/><D66/><U31/><E31/><V11/><F117/><W32/><G32/><T22/><D33/><U64/><E60/><V72/><F72/><W71/><G21/><T129/><D129/><U20/><E20/><V12/><F40/><W41/><G41/><T104/><D104/><U26/><E0/><V28/><F28/><W7/><G7/><T46/><D46/><U13/><E10/><V107/><F50/><W14/><G14/><T16/><REACH who="0" step="1"/><D84/><REACH who="0" ten="240,250,250,250" step="2"/><U124/><E124/><V82/><F105/><W109/><G109/><T51/><AGARI ba="0,1" hai="16,17,19,22,25,29,45,51,55,76,78,92,96,100" machi="51" ten="30,18000,2" yaku="1,1,2,1,0,1,8,1,52,1,54,1,53,1" doraHai="99" doraHaiUra="91" who="0" fromWho="0" sc="240,190,250,-60,250,-60,250,-60" /><INIT seed="0,1,0,3,2,50" ten="430,190,190,190" oya="0" hai0="45,93,107,128,55,80,104,12,115,51,119,87,9" hai1="103,8,61,125,33,109,14,54,118,46,67,94,65" hai2="132,75,47,39,81,124,2,41,38,13,123,1,62" hai3="23,44,29,113,88,129,85,92,131,49,96,42,35"/><T111/><D115/><U91/><E118/><V15/><F123/><W117/><G113/><T53/><D119/><U101/><E33/><V133/><F39/><W28/><G117/><T56/><D128/><N who="3" m="49225" /><G35/><T106/><D93/><U36/><E109/><V100/><F100/><N who="1" m="38473" /><E36/><V30/><F30/><N who="3" m="11883" /><G23/><T11/><D111/><U10/><E125/><V52/><F124/><W22/><G22/><T110/><D110/><U105/><E105/><V7/><F15/><W18/><G18/><T126/><D126/><U25/><E25/><V116/><F13/><W112/><G112/><T68/><D68/><U99/><E8/><V66/><F116/><W79/><G79/><T0/><D0/><U134/><E134/><N who="2" m="51819" /><F7/><W70/><G70/><T64/><D64/><U58/><E46/><V120/><F66/><W6/><G6/><AGARI ba="1,0" hai="6,10,14,54,58,61,65,67,91,94,99" m="38473" machi="6" ten="30,2000,0" yaku="8,1,52,1" doraHai="50" who="1" fromWho="3" sc="430,0,190,23,190,0,190,-23" /><INIT seed="1,0,0,5,5,2" ten="430,213,190,167" oya="1" hai0="86,117,40,90,92,106,20,78,71,72,12,134,22" hai1="75,93,5,9,34,98,74,43,3,19,58,131,95" hai2="1,132,18,83,91,53,124,115,69,121,73,44,88" hai3="55,26,59,104,126,29,37,79,62,128,102,14,36"/><U32/><E131/><V89/><F69/><W122/><G122/><T103/><D117/><U105/><E105/><V100/><F1/><W49/><G126/><T109/><D71/><U6/><E43/><V107/><F18/><W50/><G128/><T45/><D109/><U57/><E19/><V24/><F53/><W33/><G49/><T77/><D134/><U13/><E3/><V82/><F44/><W101/><G79/><T99/><D12/><U54/><E54/><V7/><F7/><W17/><G50/><N who="0" m="26919" /><D78/><U111/><E98/><N who="2" m="61847" /><F24/><W70/><G70/><T11/><D11/><U8/><E13/><V110/><F121/><W135/><G135/><T23/><D23/><U38/><E38/><V28/><F28/><W56/><G56/><T76/><D76/><U25/><E25/><V85/><F132/><W0/><G0/><T113/><D113/><U133/><E133/><V112/><F110/><AGARI ba="0,0" hai="5,6,8,9,32,34,57,58,74,75,93,95,110,111" machi="110" ten="25,9600,0" yaku="22,2,52,2" doraHai="2" who="1" fromWho="2" sc="430,0,213,96,190,-96,167,0" /><INIT seed="1,1,0,3,5,110" ten="430,309,94,167" oya="1" hai0="76,73,69,13,67,33,97,104,91,44,65,95,40" hai1="88,125,117,112,53,43,59,41,49,35,42,87,51" hai2="103,130,18,114,96,93,17,9,121,25,80,86,5" hai3="60,81,52,128,122,58,36,32,79,74,21,7,38"/><U90/><E35/><V94/><F121/><W50/><G32/><T30/><D104/><U11/><E117/><V77/><F130/><W24/><G128/><T64/><D13/><U85/><E125/><V6/><F114/><W120/><G7/><T20/><D33/><U47/><E112/><V131/><F131/><W119/><G119/><T54/><D54/><U0/><E0/><V62/><F62/><W129/><G129/><T84/><D73/><U29/><E29/><V92/><F6/><W37/><REACH who="3" step="1"/><G60/><REACH who="3" ten="430,309,94,157" step="2"/><T14/><D69/><U101/><E101/><V100/><F100/><W83/><G83/><T132/><D132/><U46/><E11/><V124/><F124/><W39/><N who="3" m="9216" /><DORA hai="63" /><W12/><G12/><T82/><D14/><U4/><E4/><V70/><F25/><W26/><G26/><T75/><D82/><N who="1" m="49207" /><E49/><V48/><F48/><W1/><G1/><T118/><D118/><U56/><E46/><V78/><F5/><W106/><G106/><T111/><D44/><U22/><E22/><V134/><F134/><W27/><G27/><T105/><D20/><U57/><E47/><V19/><F9/><W66/><G66/><T15/><D105/><U68/><E51/><V2/><F2/><W61/><G61/><T126/><D126/><U89/><E68/><V3/><F3/><W135/><G135/><T116/><D116/><U72/><E57/><V99/><F70/><W34/><G34/><T71/><D71/><U107/><E59/><V10/><F10/><W28/><AGARI ba="1,1" hai="21,24,28,50,52,58,74,79,81,120,122" m="9216" machi="28" ten="60,7900,0" yaku="1,1,0,1,54,1,53,0" doraHai="110,63" doraHaiUra="123,98" who="3" fromWho="3" sc="430,-21,309,-40,94,-21,157,92" /><INIT seed="2,0,0,1,3,34" ten="409,269,73,249" oya="2" hai0="61,72,127,81,54,132,49,114,21,65,6,123,58" hai1="78,39,70,80,118,92,85,108,83,74,101,13,77" hai2="107,50,102,62,64,116,106,89,131,53,33,20,30" hai3="66,17,133,3,73,75,119,32,46,99,7,90,51"/><V12/><F116/><W93/><G119/><T27/><D123/><U4/><E118/><V125/><F131/><W42/><G133/><T122/><D122/><U91/><E70/><V124/><F33/><W111/><G111/><T97/><D114/><U16/><E108/><V79/><F79/><W24/><G66/><T76/><D132/><U57/><E39/><V134/><F134/><W59/><G59/><T19/><D127/><N who="2" m="48714" /><F89/><W96/><G96/><T128/><D128/><U120/><E120/><V115/><F115/><W109/><G109/><T112/><D112/><U36/><E36/><V0/><F102/><W15/><G24/><T117/><D117/><U135/><E101/><V29/><F0/><W37/><G32/><T55/><D6/><U95/><E135/><V87/><F87/><W14/><G37/><T110/><D110/><U69/><E91/><V11/><F53/><W121/><G121/><T43/><D97/><U25/><E85/><V88/><F88/><W86/><G86/><T26/><D26/><U63/><E77/><V105/><F50/><W38/><G38/><T18/><D43/><U8/><E80/><V98/><F98/><W9/><REACH who="3" step="1"/><G15/><REACH who="3" ten="409,269,73,239" step="2"/><T10/><D65/><U56/><E74/><V35/><F35/><W100/><G100/><T126/><D126/><U28/><E13/><V129/><F129/><W103/><G103/><T5/><D72/><U68/><E78/><V31/><F20/><AGARI ba="0,1" hai="3,7,9,14,17,20,42,46,51,73,75,90,93,99" machi="20" ten="30,3900,0" yaku="1,1,7,1,52,1,53,0" doraHai="34" doraHaiUra="71" who="3" fromWho="2" sc="409,0,269,0,73,-39,239,49" /><INIT seed="3,0,0,5,0,86" ten="409,269,34,288" oya="3" hai0="31,90,109,64,105,122,131,87,36,107,101,30,91" hai1="84,93,4,119,72,121,102,60,27,35,51,25,59" hai2="82,61,50,67,66,99,57,81,118,0,23,46,32" hai3="19,104,124,44,14,112,10,41,22,6,71,106,12"/><W54/><G124/><T94/><D36/><U129/><E121/><V77/><F32/><W24/><G112/><T114/><D122/><U8/><E72/><V43/><F0/><W42/><G71/><T130/><D114/><U135/><E35/><V120/><F120/><W26/><G106/><N who="0" m="40459" /><D101/><U127/><E127/><V29/><F118/><W108/><G104/><T117/><D117/><U89/><E119/><V9/><F67/><W68/><G68/><T38/><D38/><U1/><E135/><V76/><F9/><W123/><G123/><T133/><D133/><U39/><E39/><V55/><F55/><W33/><G108/><T78/><D78/><U100/><E51/><V49/><F49/><N who="3" m="28967" /><G33/><T65/><D91/><U28/><E129/><N who="0" m="49161" /><D109/><U98/><E84/><V11/><F11/><W96/><G96/><T70/><D70/><U92/><E92/><V20/><F99/><W74/><G74/><T110/><D110/><U63/><E63/><V83/><F29/><AGARI ba="0,0" hai="29,30,31,64,65,87,90,94" m="49161,40459" machi="29" ten="30,2000,0" yaku="19,1,52,1" doraHai="86" who="0" fromWho="2" sc="409,20,269,0,34,-20,288,0" owari="429,53.0,269,-13.0,14,-49.0,288,9.0" /></mjloggm>