<mjloggm ver="2.3"><GO type="97" lobby="0"/><UN n0="%E3%81%BC%E3%81%A3%E3%81%A1%E5%85%9A%E5%93%A1" n1="%E6%97%A5%E6%9C%AC%E4%B8%80%E9%BE%8D" n2="%E5%A4%A9%E6%B1%9F%E8%8F%AF%E8%8F%9C" n3="%E5%B0%B1%E6%B4%BB%E7%94%9F%40%E5%B7%9D%E6%9D%91%E8%BB%8D%E5%9B%A3" dan="15,13,15,16" rate="2018.92,1918.61,1941.43,2117.40" sx="F,M,F,M"/><TAIKYOKU oya="0"/><INIT seed="0,0,0,5,5,32" ten="250,250,250,250" oya="0" hai0="80,111,102,101,104,88,129,79,3,124,26,85,81" hai1="20,87,19,33,49,39,90,13,128,120,125,4,67" hai2="1,103,5,41,70,35,16,29,14,55,99,72,2" hai3="34,116,37,92,48,6,86,36,44,42,21,82,84"/><T50/><D26/><U22/><E120/><V108/><F108/><W96/><G34/><T112/><D3/><U52/><E33/><V8/><F72/><W95/><G116/><T69/><D69/><U134/><E39/><V11/><F41/><W130/><G130/><T66/><D66/><U0/><E128/><V114/><F114/><W27/><G6/><T131/><D112/><U118/><E118/><V119/><F119/><W45/><G92/><T65/><D65/><U40/><E134/><V123/><F123/><W56/><G56/><T10/><D10/><N who="1" m="4295" /><E125/><V122/><F122/><W46/><G37/><T64/><D50/><U38/><E0/><V25/><F2/><W133/><G133/><T47/><D47/><N who="3" m="17993" /><G82/><T68/><D64/><U83/><E38/><V71/><REACH who="2" step="1"/><F55/><REACH who="2" ten="250,250,240,250" step="2"/><W94/><G36/><T109/><D124/><U91/><E40/><V98/><F98/><W63/><G96/><N who="0" m="61479" /><D68/><U53/><E67/><V43/><F43/><W117/><G117/><T24/><D24/><N who="1" m="14367" /><E22/><V110/><F110/><N who="0" m="41994" /><D102/><U113/><E113/><V74/><F74/><AGARI ba="0,1" hai="74,79,80,81,85,88,129,131" m="41994,61479" machi="74" ten="30,12000,1" yaku="14,1,10,1,34,2,54,1" doraHai="32" who="0" fromWho="2" sc="250,130,250,0,240,-120,250,0" /><INIT seed="0,1,0,0,1,67" ten="380,250,120,250" oya="0" hai0="23,27,59,41,131,44,18,37,38,29,95,15,6" hai1="33,0,101,70,51,49,75,69,2,107,74,88,13" hai2="63,90,64,45,72,118,53,94,114,79,42,57,89" hai3="21,40,78,47,108,39,104,19,111,46,9,32,113"/><T80/><D131/><U20/><E13/><V62/><F114/><W60/><G32/><T24/><D80/><U82/><E20/><V102/><F118/><W87/><G104/><T48/><D95/><U10/><E10/><V22/><F79/><W110/><G113/><T91/><D91/><U126/><E126/><V96/><F72/><N who="1" m="27689" /><E33/><V100/><F42/><W36/><G60/><T97/><D97/><U85/><E107/><V77/><F77/><W7/><G87/><T115/><D115/><U99/><E99/><V133/><F133/><W106/><G78/><T130/><D130/><U121/><E101/><V124/><F124/><W109/><G106/><T76/><D76/><U11/><E11/><V122/><F122/><W26/><N who="3" m="28160" /><DORA hai="127" /><W81/><G81/><T116/><D116/><U50/><E121/><V68/><F45/><N who="3" m="16907" /><G40/><T132/><D132/><U17/><E17/><V66/><F53/><W43/><G43/><T112/><D112/><U14/><E14/><AGARI ba="1,0" hai="7,9,14,19,21,26,36,39" m="16907,28160" machi="14" ten="60,2000,0" yaku="14,1" doraHai="67,127" who="3" fromWho="1" sc="380,0,250,-23,120,0,250,23" /><INIT seed="1,0,0,2,3,47" ten="380,227,120,273" oya="1" hai0="127,129,118,116,5,43,67,46,60,58,8,93,107" hai1="72,35,104,131,133,82,15,23,78,6,108,10,73" hai2="62,33,53,39,106,36,18,87,112,83,41,50,40" hai3="123,51,113,99,19,45,101,135,132,126,89,81,32"/><U103/><E131/><V96/><F112/><W29/><G123/><T20/><D107/><U42/><E133/><N who="3" m="51274" /><G113/><T0/><D127/><U66/><E42/><V1/><F1/><W86/><G126/><T125/><D129/><U69/><E23/><V130/><F130/><W75/><G75/><T38/><D125/><U16/><E108/><V92/><F106/><W76/><G19/><T34/><D34/><U44/><E44/><V52/><F33/><W84/><G29/><T31/><D31/><U124/><E124/><V111/><F111/><W109/><G32/><T27/><D27/><U114/><E114/><V95/><F36/><W85/><G89/><T11/><D20/><U17/><E72/><V37/><F37/><W119/><G119/><T21/><D21/><U88/><E35/><V97/><F39/><W59/><G59/><T74/><D74/><U105/><E103/><N who="2" m="60807" /><F62/><W56/><G56/><T54/><D11/><U80/><E105/><V55/><F18/><W61/><G61/><T25/><D25/><U26/><E104/><V14/><F14/><W68/><G68/><T24/><D24/><U117/><E26/><V128/><F128/><W12/><G12/><T48/><D93/><U71/><E117/><V77/><F50/><W2/><G2/><T120/><D120/><U7/><E7/><V3/><F3/><W70/><G70/><AGARI ba="0,0" hai="0,5,8,38,43,46,48,54,58,60,67,70,116,118" machi="70" ten="30,7700,0" yaku="7,1,24,2,52,1" doraHai="47" who="0" fromWho="3" sc="380,77,227,0,120,0,273,-77" /><INIT seed="2,0,0,5,5,135" ten="457,227,120,196" oya="2" hai0="49,21,6,124,14,98,44,81,34,91,45,114,37" hai1="116,32,123,128,29,5,96,132,43,47,75,22,9" hai2="8,69,10,133,119,59,50,13,60,61,115,100,12" hai3="39,93,31,70,55,120,131,4,25,126,0,24,63"/><V18/><F115/><W65/><G120/><T106/><D124/><U134/><E116/><V109/><F119/><W117/><G117/><T20/><D34/><U68/><E123/><V85/><F69/><W110/><G39/><T48/><D37/><N who="1" m="21999" /><E75/><V16/><F133/><N who="1" m="51305" /><E68/><V88/><F100/><W40/><G126/><T76/><D21/><U103/><E128/><V105/><F105/><W41/><G25/><T28/><D14/><U102/><E96/><V19/><F109/><W51/><G110/><T129/><D91/><U130/><E130/><V42/><F18/><W33/><G131/><T108/><D81/><U107/><E107/><V122/><F122/><W72/><G72/><T82/><D28/><U17/><E32/><V36/><F36/><W79/><G79/><T111/><D48/><U35/><E35/><V94/><F42/><W99/><G0/><T84/><D45/><U26/><E17/><V1/><F1/><AGARI ba="0,0" hai="1,5,9,22,26,29,102,103" m="51305,21999" machi="1" ten="30,1000,0" yaku="20,1" doraHai="135" who="1" fromWho="2" sc="457,0,227,10,120,-10,196,0" /><INIT seed="3,0,0,3,1,51" ten="457,237,110,196" oya="3" hai0="50,77,122,107,92,59,32,60,21,94,78,74,84" hai1="61,4,30,11,105,76,70,35,39,54,62,47,5" hai2="114,23,28,34,43,8,41,98,65,99,83,48,16" hai3="91,40,113,95,14,89,36,109,121,132,1,29,25"/><W115/><G1/><T85/><D32/><U86/><E105/><V116/><F114/><W133/><G36/><T20/><D107/><U49/><E70/><V108/><F116/><W119/><G40/><T27/><D74/><U64/><E39/><V110/><F65/><W112/><G119/><T75/><D75/><U13/><E64/><V96/><F8/><W117/><G117/><T52/><D122/><U129/><E129/><V82/><F28/><W81/><G121/><T44/><D84/><U3/><E3/><V58/><F34/><W7/><G109/><T46/><D46/><U15/><E35/><V12/><F108/><W26/><G81/><N who="0" m="47279" /><D78/><U17/><E30/><V55/><F110/><W53/><G7/><N who="1" m="2634" /><E13/><V9/><F23/><N who="0" m="8778" /><D27/><U79/><E86/><V2/><F2/><W101/><G14/><T37/><D37/><U93/><E93/><V73/><F73/><W33/><G26/><T10/><D10/><U22/><E11/><V104/><F104/><W125/><G125/><T102/><D102/><U68/><E68/><V0/><F0/><W90/><G101/><T87/><D87/><U31/><E31/><V88/><F83/><W130/><G130/><T106/><D106/><U67/><E67/><AGARI ba="0,0" hai="44,50,52,59,60,67,92,94" m="8778,47279" machi="67" ten="30,3900,0" yaku="8,1,52,1,54,1" doraHai="51" who="0" fromWho="1" sc="457,39,237,-39,110,0,196,0" owari="496,59.0,198,0.0,110,-39.0,196,-20.0" /></mjloggm>