<mjloggm ver="2.3"><GO type="233" lobby="0"/><UN n0="%E3%82%A6%E3%83%AB%E3%83%88%E3%83%A9%E7%AB%8B%E7%9B%B4" n1="%64%61%61%61%61%61%61%61" n2="%E3%81%97%E3%82%85%E3%81%B0%E3%82%8B%E3%81%A4" n3="%E5%B0%8F%E9%98%AA%E3%81%A1%E3%81%B2%E3%82%8D" dan="17,16,16,16" rate="2181.82,2146.81,2113.23,2124.09" sx="M,F,M,F"/><TAIKYOKU oya="0"/><INIT seed="0,0,0,3,3,96" ten="250,250,250,250" oya="0" hai0="0,86,4,41,2,60,15,110,72,97,57,115,94" hai1="132,106,93,131,119,67,113,37,14,71,135,81,85" hai2="23,103,133,24,45,17,88,8,51,80,62,1,121" hai3="87,7,89,99,104,92,66,101,3,91,42,117,122"/><T79/><D72/><U55/><E119/><V50/><F121/><W35/><G35/><T82/><D115/><U21/><E106/><V120/><F120/><W32/><G32/><T19/><D41/><U58/><E37/><V44/><F133/><W102/><G66/><T59/><D110/><U22/><E113/><V39/><F39/><W83/><G42/><T70/><D70/><U100/><E71/><V49/><F62/><W108/><G7/><T65/><D57/><U73/><E67/><V52/><F103/><N who="3" m="62591" /><G3/><T76/><D4/><U125/><E73/><V34/><F34/><W5/><G5/><T16/><D79/><U18/><E22/><V30/><F1/><W6/><G6/><T33/><D19/><U68/><E68/><V61/><F61/><W38/><G38/><T107/><D107/><U77/><E132/><V116/><F116/><W95/><G122/><T43/><D43/><U27/><E14/><N who="2" m="7367" /><F45/><W40/><G40/><T47/><D47/><U13/><E13/><V46/><F46/><W25/><G25/><T20/><REACH who="0" step="1"/><D33/><REACH who="0" ten="240,250,250,250" step="2"/><U134/><E134/><V111/><F111/><W9/><G108/><T56/><D56/><U78/><E58/><V112/><F112/><W127/><G117/><T75/><D75/><U10/><E135/><V124/><F124/><W128/><G127/><T105/><D105/><U54/><E125/><V63/><F63/><W69/><G69/><T36/><D36/><U90/><E18/><V29/><F29/><W130/><G130/><T26/><D26/><U11/><E27/><V129/><F129/><W31/><G128/><RYUUKYOKU ba="0,1" sc="240,15,250,-15,250,15,250,-15" hai0="0,2,15,16,20,59,60,65,76,82,86,94,97" hai2="23,24,30,44,49,50,51,52,80,88" /><INIT seed="0,1,1,1,4,76" ten="255,235,265,235" oya="0" hai0="62,114,54,18,32,51,121,70,45,122,1,3,95" hai1="57,88,60,128,112,23,97,39,50,105,125,13,134" hai2="129,89,69,133,21,14,55,46,52,101,84,2,82" hai3="115,29,25,78,7,93,40,109,22,68,27,75,24"/><T30/><D114/><U59/><E39/><V11/><F69/><W0/><G115/><T19/><D32/><U5/><E112/><V17/><F133/><W53/><G68/><T118/><D30/><U96/><E134/><V102/><F129/><W6/><G109/><T47/><D118/><U111/><E111/><V91/><F2/><W35/><G40/><T132/><D132/><U4/><E128/><V20/><F91/><W100/><G53/><N who="2" m="20553" /><F46/><N who="0" m="17418" /><D54/><U77/><E88/><V113/><F113/><W106/><G106/><T44/><D70/><U10/><E57/><V64/><F64/><W135/><G78/><T123/><D44/><U38/><E50/><V72/><F72/><W31/><G75/><T58/><D51/><U73/><E77/><V130/><F130/><W107/><G93/><T12/><D95/><U108/><E38/><V80/><F80/><W43/><G43/><T90/><D90/><U36/><E105/><V42/><F42/><W117/><G107/><T66/><D66/><U41/><E41/><V56/><F56/><W34/><G135/><T86/><D58/><U74/><E36/><V87/><F87/><W8/><G117/><T120/><D86/><U81/><E74/><V49/><F49/><W85/><G85/><T116/><D116/><U119/><E73/><V71/><F71/><W65/><G65/><T33/><D123/><U99/><E59/><V48/><F48/><W79/><G79/><T131/><D131/><U104/><E104/><V124/><F124/><W15/><G100/><AGARI ba="1,1" hai="11,14,17,20,21,82,84,89,100,101,102" m="20553" machi="100" ten="30,3900,0" yaku="8,1,52,1,54,1" doraHai="76" who="2" fromWho="3" sc="255,0,235,0,265,52,235,-42" /><INIT seed="1,0,0,4,4,65" ten="255,235,317,193" oya="1" hai0="32,71,1,110,74,49,118,88,132,77,99,125,111" hai1="103,98,50,36,27,115,119,12,134,18,130,11,64" hai2="92,24,66,58,100,135,42,70,41,59,83,21,101" hai3="10,13,7,47,44,84,4,33,67,56,68,108,52"/><U46/><E115/><V102/><F135/><W89/><G33/><T129/><D49/><U39/><E119/><V17/><F70/><W20/><G108/><T2/><D77/><U38/><E130/><V53/><F92/><W34/><G34/><T113/><D99/><U121/><E121/><V123/><F123/><W109/><G109/><T78/><D88/><U124/><E124/><V85/><F66/><W73/><G73/><T94/><D94/><U91/><E134/><V93/><F93/><W106/><G106/><T29/><D78/><U60/><E91/><N who="2" m="51647" /><F59/><W57/><G4/><T43/><D43/><U40/><E27/><V15/><F24/><W3/><G68/><T120/><D29/><U96/><REACH who="1" step="1"/><E103/><REACH who="1" ten="255,225,317,193" step="2"/><V28/><F28/><W62/><G3/><T22/><D2/><U8/><E8/><V35/><F35/><W105/><G20/><T126/><D22/><U54/><E54/><V90/><F90/><W37/><G52/><T0/><D0/><U86/><E86/><V133/><F133/><W131/><G89/><T127/><D125/><U81/><E81/><V14/><F14/><W114/><G84/><T116/><D126/><U26/><E26/><V72/><F72/><W107/><G13/><T104/><D118/><U97/><E97/><V63/><AGARI ba="0,1" hai="15,17,21,41,42,53,58,63,100,101,102" m="51647" machi="63" ten="30,1100,0" yaku="8,1" doraHai="65" who="2" fromWho="2" sc="255,-3,225,-5,317,21,193,-3" /><INIT seed="2,0,0,5,3,24" ten="252,220,338,190" oya="2" hai0="64,107,95,53,106,112,129,9,91,43,88,69,40" hai1="52,66,103,98,134,45,130,36,4,116,110,30,32" hai2="90,70,1,6,57,127,51,41,83,37,113,109,22" hai3="71,84,77,99,21,3,27,12,80,7,125,72,44"/><V19/><F113/><W14/><G71/><T18/><D112/><U135/><E116/><V54/><F127/><W31/><G125/><T82/><D129/><U33/><E130/><V105/><F105/><W104/><G3/><T16/><D69/><U118/><E118/><V2/><F70/><W26/><G44/><T121/><D64/><U133/><E66/><V0/><F109/><W102/><G7/><T126/><D126/><U114/><E114/><V25/><F37/><W10/><G10/><T75/><D75/><U39/><E4/><V131/><F131/><W47/><G47/><T20/><D121/><U119/><E119/><V117/><F117/><W38/><G38/><T17/><D9/><U78/><E78/><V85/><F41/><W49/><G49/><T35/><D35/><U123/><E123/><V67/><F67/><W59/><G59/><T56/><D20/><U23/><E36/><V122/><F122/><W124/><G124/><T76/><D76/><U11/><E11/><V15/><F6/><W65/><G65/><T34/><D34/><U93/><E110/><V50/><F50/><W62/><G62/><N who="0" m="36111" /><D107/><U73/><E73/><V115/><F115/><W29/><REACH who="3" step="1"/><G72/><REACH who="3" ten="252,220,338,180" step="2"/><T108/><D108/><U128/><E128/><V111/><F111/><W79/><G79/><T55/><D55/><U8/><E8/><V132/><F0/><W81/><G81/><T100/><D82/><U92/><E39/><V97/><F1/><W48/><G48/><T61/><D61/><U74/><E74/><V63/><F2/><W58/><G58/><T42/><D42/><RYUUKYOKU ba="0,1" sc="252,-10,220,-10,338,-10,180,30" hai3="12,14,21,26,27,29,31,77,80,84,99,102,104" /><INIT seed="3,1,1,3,4,116" ten="242,210,328,210" oya="3" hai0="31,48,85,120,88,128,115,117,134,9,63,8,133" hai1="103,112,95,77,74,32,106,102,108,1,122,126,132" hai2="29,68,40,15,84,90,57,80,66,135,22,94,89" hai3="124,107,26,14,16,51,78,20,35,99,123,33,110"/><W65/><G123/><T127/><D117/><U17/><RYUUKYOKU type="yao9" ba="1,1" sc="242,0,210,0,328,0,210,0" hai1="1,17,32,74,77,95,102,103,106,108,112,122,126,132" /><INIT seed="3,2,1,5,5,12" ten="242,210,328,210" oya="3" hai0="46,74,133,58,52,75,81,27,125,53,29,3,86" hai1="7,132,117,119,88,31,73,115,91,103,123,28,109" hai2="50,43,99,124,39,35,34,70,65,45,30,44,129" hai3="21,57,4,66,56,20,16,0,107,54,93,104,32"/><W1/><G32/><T131/><D3/><U36/><E115/><V98/><F129/><W47/><G4/><T83/><D131/><U113/><E113/><V97/><F124/><W22/><G93/><T37/><D125/><U72/><E123/><V61/><REACH who="2" step="1"/><F30/><REACH who="2" ten="242,210,318,210" step="2"/><W80/><G104/><T118/><D29/><U87/><E28/><V96/><N who="2" m="24576" /><DORA hai="135" /><V71/><F71/><W76/><G107/><T41/><D118/><U69/><E31/><V6/><F6/><W51/><G0/><T114/><D114/><U62/><E69/><V59/><F59/><N who="3" m="22603" /><G1/><T17/><D58/><U42/><E7/><V15/><F15/><N who="3" m="9247" /><G66/><T89/><D133/><U64/><E64/><V2/><F2/><W108/><G108/><T110/><D110/><U49/><E109/><V82/><F82/><W8/><G8/><T25/><D83/><U19/><E132/><V68/><F68/><W13/><G13/><T14/><D27/><U127/><E127/><V18/><F18/><W67/><G67/><T84/><D25/><U40/><E19/><V85/><F85/><AGARI ba="2,2" hai="21,22,47,51,54,76,80,85" m="9247,22603" machi="85" ten="30,5800,0" yaku="8,1,52,1,54,1" doraHai="12,135" who="3" fromWho="2" sc="242,0,210,0,318,-64,210,84" /><INIT seed="3,3,0,2,4,90" ten="242,210,254,294" oya="3" hai0="68,122,65,18,106,99,45,28,83,116,107,84,26" hai1="60,53,81,38,55,64,77,14,135,39,34,61,22" hai2="31,78,104,19,52,102,0,8,91,105,130,98,134" hai3="115,32,80,103,59,129,88,66,132,44,37,24,123"/><W95/><G123/><T21/><D122/><U109/><E34/><V4/><F134/><W117/><G117/><T89/><D116/><U86/><E135/><V48/><F130/><W110/><G132/><T96/><D68/><U30/><E109/><V112/><F112/><W133/><G115/><T7/><D65/><U85/><E38/><V108/><F108/><W49/><G129/><T76/><D7/><U72/><E39/><V1/><F1/><W56/><G37/><T114/><D114/><U36/><E36/><V120/><F120/><W23/><G32/><T113/><D113/><U125/><E125/><V100/><F31/><N who="3" m="17823" /><G66/><T47/><D28/><U17/><E30/><V111/><F111/><W75/><G75/><T79/><D107/><U15/><E14/><V82/><F19/><W2/><G2/><T9/><D9/><U12/><E15/><V43/><F43/><N who="3" m="24735" /><G110/><T13/><D106/><U87/><REACH who="1" step="1"/><E60/><REACH who="1" ten="242,200,254,294" step="2"/><V124/><F124/><W50/><G133/><T126/><D126/><U92/><E92/><V20/><F104/><W97/><G50/><T6/><D13/><U127/><E127/><V33/><F33/><W69/><G69/><AGARI ba="3,1" hai="12,17,22,53,55,61,64,69,72,77,81,85,86,87" machi="69" ten="40,2600,0" yaku="1,1,53,1" doraHai="90" doraHaiUra="67" who="1" fromWho="3" sc="242,0,200,45,254,0,294,-35" /><INIT seed="4,0,0,1,0,101" ten="242,245,254,259" oya="0" hai0="84,87,117,50,53,67,47,78,7,71,45,120,85" hai1="51,92,104,113,89,6,77,14,100,91,3,95,65" hai2="125,76,109,119,23,21,56,134,43,98,124,10,114" hai3="33,90,118,102,19,135,59,126,54,66,2,36,83"/><T11/><D120/><U82/><E3/><V25/><F109/><W15/><G118/><T69/><D117/><U122/><E65/><V107/><F119/><W29/><G2/><T39/><D78/><U16/><E6/><V22/><F43/><W34/><G36/><T46/><D39/><U28/><E122/><V0/><F76/><W60/><G135/><T12/><REACH who="0" step="1"/><D67/><REACH who="0" ten="232,245,254,259" step="2"/><U97/><E77/><V129/><F134/><W110/><G66/><T13/><D13/><U81/><E14/><V17/><F0/><W132/><G15/><T63/><D63/><U73/><E73/><V79/><F79/><W115/><G60/><T96/><D96/><U52/><E97/><V40/><F98/><W116/><G116/><T93/><D93/><U103/><E95/><V5/><F124/><W8/><G126/><T62/><D62/><U4/><E92/><V31/><F125/><W130/><G132/><T128/><D128/><U42/><E51/><V80/><F129/><W108/><G130/><T48/><D48/><U9/><E113/><V41/><F80/><W111/><G115/><T86/><N who="0" m="21504" /><DORA hai="68" /><T55/><D55/><U106/><E52/><V75/><F114/><W30/><G83/><T133/><D133/><U74/><E74/><V70/><F75/><W35/><G108/><T1/><D1/><U121/><E81/><V88/><F41/><W26/><G110/><T72/><D72/><U99/><E42/><V64/><F40/><W127/><G111/><T44/><AGARI ba="0,1" hai="7,11,12,44,45,46,47,50,53,69,71" m="21504" machi="44" ten="50,4800,0" yaku="1,1,0,1,53,0" doraHai="101,68" doraHaiUra="38,58" who="0" fromWho="0" sc="232,58,245,-16,254,-16,259,-16" /><INIT seed="4,1,0,1,3,50" ten="290,229,238,243" oya="0" hai0="7,88,82,56,107,94,128,35,109,58,3,78,74" hai1="25,64,116,57,99,34,100,120,36,133,63,44,81" hai2="13,59,43,123,65,37,27,40,20,80,108,29,106" hai3="92,9,48,79,28,117,49,45,130,12,76,119,8"/><T105/><D35/><U126/><E120/><V67/><F108/><W14/><G130/><T0/><D109/><U96/><E116/><V41/><F123/><W75/><G28/><T73/><D128/><U98/><E126/><V53/><F106/><W26/><G26/><T46/><D46/><U52/><E133/><V114/><F114/><W118/><G92/><T4/><D94/><U30/><E81/><V23/><F37/><W17/><G75/><T135/><D82/><U87/><E87/><V125/><F125/><W19/><REACH who="3" step="1"/><G49/><REACH who="3" ten="290,229,238,233" step="2"/><T101/><D74/><U89/><E100/><V129/><F129/><W55/><AGARI ba="1,1" hai="8,9,12,14,17,19,45,48,55,76,79,117,118,119" machi="55" ten="30,8000,1" yaku="1,1,2,1,0,1,9,1,52,1,53,0" doraHai="50" doraHaiUra="61" who="3" fromWho="3" sc="290,-41,229,-21,238,-21,233,93" /><INIT seed="5,0,0,3,1,100" ten="249,208,217,326" oya="1" hai0="66,115,7,11,65,101,32,4,24,133,76,1,131" hai1="3,121,42,17,2,12,21,13,51,49,74,29,112" hai2="27,62,35,134,37,31,110,19,39,20,72,50,36" hai3="25,47,98,59,71,10,93,77,28,78,108,117,75"/><U132/><E74/><V57/><F110/><W126/><G108/><T43/><D115/><U40/><E121/><V58/><F134/><W9/><G71/><T22/><D133/><U84/><E132/><V102/><F72/><W94/><G126/><T18/><D131/><U96/><E112/><V26/><F102/><W90/><G117/><T45/><D7/><U41/><E29/><V95/><F95/><W63/><G47/><T34/><D101/><U54/><E96/><V33/><F33/><W103/><G75/><T127/><D76/><N who="3" m="29289" /><G25/><T83/><D83/><U135/><E135/><V97/><F97/><N who="3" m="57527" /><G28/><N who="0" m="19463" /><D34/><U86/><E12/><V105/><F105/><W44/><G44/><T60/><D60/><U129/><E129/><V130/><F130/><W70/><G70/><T107/><D107/><U67/><E67/><AGARI ba="0,0" hai="9,10,59,63,67,94,98,103" m="57527,29289" machi="67" ten="30,1000,0" yaku="8,1" doraHai="100" who="3" fromWho="1" sc="249,0,208,-10,217,0,326,10" /><INIT seed="6,0,0,5,3,70" ten="249,198,217,336" oya="2" hai0="81,129,109,50,29,45,9,55,86,98,8,69,90" hai1="128,101,88,37,41,39,97,118,53,108,46,42,100" hai2="23,5,43,47,58,112,49,52,48,31,28,127,116" hai3="93,24,87,38,135,83,15,59,115,134,119,72,10"/><V103/><F116/><W105/><G119/><T126/><D69/><U6/><E118/><V67/><F112/><W20/><G105/><T106/><D109/><U57/><E108/><V123/><F123/><W7/><G72/><T66/><D126/><U75/><E75/><V132/><F132/><N who="3" m="50731" /><G93/><N who="0" m="56631" /><D106/><U77/><E77/><V25/><F127/><W21/><G115/><T22/><D66/><U35/><E35/><V11/><F67/><W54/><G38/><T133/><D129/><U13/><E128/><V102/><REACH who="2" step="1"/><F31/><REACH who="2" ten="249,198,207,336" step="2"/><W27/><G27/><N who="0" m="16631" /><D133/><U78/><E13/><AGARI ba="0,1" hai="5,11,13,23,25,28,43,47,48,49,52,58,102,103" machi="13" ten="30,12000,1" yaku="1,1,7,1,8,1,54,1,53,1" doraHai="70" doraHaiUra="4" who="2" fromWho="1" sc="249,0,198,-120,207,130,336,0" /><INIT seed="6,1,0,5,0,18" ten="249,78,337,336" oya="2" hai0="62,4,82,102,90,21,61,20,133,123,45,9,91" hai1="14,77,35,119,5,109,42,94,12,111,117,64,33" hai2="16,87,22,116,105,69,75,127,86,103,100,32,17" hai3="11,81,26,40,2,37,72,3,122,34,15,124,101"/><V1/><F69/><W97/><G122/><T57/><D123/><U41/><E94/><V130/><F32/><W76/><G124/><T55/><D102/><U51/><E77/><V27/><F116/><W50/><G50/><T135/><D45/><U73/><E51/><V58/><F130/><W92/><G34/><T70/><D70/><U10/><E64/><V52/><F1/><W112/><G112/><T80/><D62/><U53/><E53/><V44/><F75/><W107/><G26/><T129/><D129/><U79/><E79/><V59/><F127/><W95/><G95/><T8/><D82/><U49/><E49/><N who="2" m="28711" /><F105/><W68/><G68/><T19/><D19/><U89/><E89/><N who="0" m="33801" /><D80/><U30/><E73/><V23/><F103/><W65/><G65/><T39/><D39/><U66/><E66/><V99/><F99/><W106/><G106/><T98/><D98/><U47/><E47/><V24/><F100/><W29/><G107/><T31/><D31/><U134/><E30/><V113/><F113/><W78/><G29/><T85/><D85/><AGARI ba="1,0" hai="16,17,22,23,24,27,58,59,85,86,87" m="28711" machi="85" ten="30,12000,1" yaku="8,1,52,2,54,2" doraHai="18" who="2" fromWho="0" sc="249,-123,78,0,337,123,336,0" /><INIT seed="6,2,0,3,3,26" ten="126,78,460,336" oya="2" hai0="49,99,27,7,109,35,118,134,130,126,88,65,66" hai1="42,0,64,105,15,45,79,30,50,115,78,63,135" hai2="6,71,37,103,128,61,52,31,120,95,76,46,101" hai3="102,56,70,111,84,72,96,54,122,75,127,86,97"/><V119/><F128/><W2/><G2/><T19/><D109/><U129/><E0/><V21/><F6/><W104/><G70/><T23/><D35/><U32/><E129/><V113/><F76/><W51/><G122/><T100/><D130/><U89/><E105/><V40/><F119/><W58/><G111/><T4/><D118/><U22/><E135/><V69/><F113/><W112/><G112/><T59/><D100/><U62/><E115/><V16/><F71/><W29/><G29/><N who="0" m="17663" /><D126/><U33/><E33/><V106/><F31/><W80/><G127/><T13/><D134/><U116/><E116/><V91/><F106/><W44/><G97/><T57/><D49/><U67/><E32/><V48/><F61/><N who="1" m="23049" /><E89/><V8/><F8/><W43/><G58/><N who="0" m="22027" /><D88/><U14/><E79/><V133/><F69/><W25/><G84/><T3/><D3/><U36/><E78/><V85/><F120/><W47/><G47/><T131/><D99/><U117/><E36/><V132/><F132/><W98/><G98/><T9/><D131/><U114/><E117/><V82/><F133/><W17/><G86/><T83/><D83/><U39/><E39/><V11/><F82/><W93/><G80/><T125/><D125/><U5/><E114/><V20/><F101/><W87/><G87/><T94/><D94/><U55/><E55/><V10/><F103/><W92/><G92/><T110/><D110/><U108/><E108/><V53/><F95/><W1/><G93/><T107/><D107/><U123/><E123/><V18/><F85/><W38/><G1/><T34/><D34/><RYUUKYOKU ba="2,0" sc="126,15,78,-15,460,-15,336,15" hai0="4,7,9,13,19,65,66" hai3="17,25,38,43,44,51,54,56,72,75,96,102,104" /><INIT seed="7,3,0,1,3,104" ten="141,63,445,351" oya="3" hai0="61,114,26,122,116,111,99,66,28,90,1,77,32" hai1="89,128,47,42,98,105,10,4,39,129,19,12,48" hai2="9,109,126,63,132,84,56,100,49,52,107,20,59" hai3="14,88,22,37,64,123,0,92,17,130,44,27,69"/><W102/><G123/><T73/><D90/><U51/><E89/><V121/><F109/><W25/><G0/><T101/><D1/><U58/><E4/><V65/><F126/><W113/><G102/><T110/><D122/><U78/><E78/><V87/><F132/><W24/><G113/><T94/><D114/><U112/><E112/><V54/><F121/><W85/><G130/><T80/><D116/><U35/><E35/><V70/><F9/><W103/><G103/><T6/><D6/><U76/><E76/><V16/><F107/><W62/><G44/><T115/><D115/><U33/><E33/><V43/><F43/><W75/><REACH who="3" step="1"/><G37/><REACH who="3" ten="141,63,445,341" step="2"/><T21/><D32/><U133/><E133/><V2/><F2/><W117/><G117/><T15/><D101/><U40/><E105/><V135/><F100/><W108/><G108/><T125/><D111/><U60/><E128/><V38/><F38/><W5/><G5/><T7/><D7/><U72/><E129/><V8/><F135/><W18/><G18/><T95/><D110/><U13/><E19/><V11/><F11/><W127/><G127/><T74/><D125/><U134/><E10/><V81/><F8/><W120/><G120/><T67/><D28/><U41/><E39/><V29/><F29/><W36/><G36/><T53/><D67/><U97/><E134/><V71/><F16/><W68/><G68/><T55/><D66/><N who="1" m="39191" /><E47/><N who="2" m="27711" /><F70/><W34/><G34/><T131/><D131/><U3/><E3/><V119/><F119/><W96/><G96/><N who="1" m="36970" /><E72/><AGARI ba="3,1" hai="14,17,22,24,25,27,62,64,69,72,75,85,88,92" machi="72" ten="40,12000,1" yaku="1,1,52,2,54,1,53,0" doraHai="104" doraHaiUra="79" who="3" fromWho="1" sc="141,0,63,-129,445,0,341,139" owari="141,-26.0,-66,-57.0,445,25.0,480,58.0" /></mjloggm>