<mjloggm ver="2.3"><GO type="169" lobby="0"/><UN n0="%E6%88%A6%E3%81%86%E3%83%91%E3%83%B3%E5%B1%8B" n1="%67%61%6D%6F%33" n2="%E3%82%A6%E3%83%AB%E3%83%88%E3%83%A9%E7%AB%8B%E7%9B%B4" n3="%72%79%6F%E2%80%A6%31%35" dan="16,18,18,17" rate="2069.42,2169.88,2145.89,2119.70" sx="M,M,M,M"/><TAIKYOKU oya="0"/><INIT seed="0,0,0,1,5,115" ten="250,250,250,250" oya="0" hai0="97,100,31,87,120,43,114,81,118,17,86,36,130" hai1="71,51,11,106,80,84,5,85,63,128,110,18,83" hai2="39,41,119,46,45,74,56,121,10,8,64,134,126" hai3="113,116,4,107,1,102,27,25,19,125,38,0,73"/><T133/><D114/><U132/><E106/><V30/><F121/><W72/><G38/><T9/><D120/><U90/><E128/><V124/><F74/><W82/><G107/><T26/><D133/><U76/><E132/><V78/><F78/><W58/><G102/><T3/><D130/><U88/><E110/><V109/><F30/><W94/><G94/><T99/><D36/><U7/><E76/><V13/><F46/><W62/><G113/><T61/><D43/><U79/><E79/><V66/><F134/><W48/><G48/><T15/><D3/><U14/><REACH who="1" step="1"/><E51/><REACH who="1" ten="250,240,250,250" step="2"/><V55/><F109/><W34/><G125/><T122/><D122/><U70/><E70/><V68/><F68/><W44/><G72/><T95/><D61/><U89/><E89/><V32/><F39/><W49/><G62/><T77/><D77/><U28/><E28/><V22/><F126/><W23/><G49/><T6/><D31/><U108/><E108/><V129/><F124/><W12/><G73/><T96/><D100/><U105/><E105/><V52/><F129/><W33/><G33/><T123/><D123/><U54/><E54/><V21/><F52/><W53/><G34/><T35/><D35/><U103/><E103/><V60/><F55/><W111/><G53/><T112/><D112/><U104/><E104/><V59/><F60/><W47/><G111/><T101/><D101/><U2/><E2/><V91/><F91/><W24/><G0/><T40/><D40/><U117/><E117/><V75/><F119/><W92/><G116/><T67/><D118/><U16/><E16/><RYUUKYOKU ba="0,1" sc="250,-10,240,30,250,-10,250,-10" hai1="5,7,11,14,18,63,71,80,83,84,85,88,90" /><INIT seed="1,1,1,0,1,0" ten="240,270,240,240" oya="1" hai0="115,88,83,104,62,38,77,71,7,89,106,103,5" hai1="110,65,25,81,84,118,36,24,93,19,11,86,79" hai2="34,108,2,28,39,32,8,95,27,35,22,66,58" hai3="50,1,76,21,55,61,33,91,85,63,107,87,129"/><U102/><E118/><V78/><F39/><W31/><G33/><T113/><D38/><U98/><E36/><V69/><F69/><W20/><G107/><T52/><D71/><U73/><E65/><V68/><F68/><W64/><G1/><T126/><D77/><U109/><E24/><V90/><F78/><W97/><G129/><T94/><D83/><U72/><E72/><V54/><F66/><W60/><G64/><T70/><D70/><U74/><E74/><V99/><F108/><N who="1" m="41577" /><E25/><V59/><REACH who="2" step="1"/><F54/><REACH who="2" ten="240,270,230,240" step="2"/><W75/><G76/><T121/><D52/><U56/><E56/><V10/><F10/><W15/><G55/><T119/><D119/><U57/><E57/><V44/><F44/><W124/><G124/><T17/><D126/><U49/><E49/><V47/><F47/><W12/><G50/><T122/><D62/><U14/><AGARI ba="1,2" hai="11,14,19,73,79,81,84,86,93,98,102" m="41577" machi="14" ten="30,3000,0" yaku="14,1,10,1" doraHai="0" who="1" fromWho="1" sc="240,-11,270,53,230,-11,240,-11" /><INIT seed="1,2,0,2,2,112" ten="229,323,219,229" oya="1" hai0="24,3,108,110,87,46,35,103,96,111,99,36,104" hai1="66,91,74,26,5,135,50,78,113,123,32,79,13" hai2="100,102,71,40,29,19,107,33,95,18,93,134,92" hai3="119,105,118,45,1,133,126,0,7,59,28,130,106"/><U128/><E113/><V67/><F134/><W80/><G133/><T10/><D87/><U83/><E135/><V68/><F40/><W15/><G28/><T114/><D114/><U77/><E123/><V2/><F2/><N who="3" m="1131" /><G45/><T60/><D99/><U131/><E66/><V63/><F71/><W42/><G42/><N who="0" m="22855" /><D60/><U89/><E50/><V115/><F102/><W121/><G121/><T64/><D64/><U109/><E109/><V16/><F115/><W30/><G30/><N who="0" m="19911" /><D3/><U56/><E56/><V82/><F82/><W127/><G59/><T55/><D55/><U70/><E70/><V52/><F52/><W22/><G80/><T75/><D10/><U88/><E32/><V94/><N who="2" m="23552" /><DORA hai="34" /><V69/><F69/><W101/><G101/><T97/><D97/><U62/><E62/><V61/><F61/><W39/><G39/><T57/><D57/><U12/><E26/><N who="2" m="18615" /><F19/><N who="3" m="10623" /><G7/><T44/><D44/><U11/><E13/><V98/><AGARI ba="2,0" hai="16,18,63,67,68,98,100,107" m="18615,23552" machi="98" ten="40,2700,0" yaku="25,1,54,1" doraHai="112,34" who="2" fromWho="2" sc="229,-9,323,-15,219,33,229,-9" /><INIT seed="2,0,0,5,5,117" ten="220,308,252,220" oya="2" hai0="105,22,80,68,13,124,85,94,47,77,39,74,63" hai1="135,34,103,0,127,61,96,64,72,134,98,31,58" hai2="128,65,9,45,62,118,21,25,28,5,7,33,1" hai3="56,95,132,16,115,99,48,81,35,122,29,129,120"/><V71/><F118/><W97/><G132/><N who="1" m="50730" /><E0/><V46/><F128/><W119/><G129/><T10/><D124/><U102/><E72/><V86/><F7/><W107/><G119/><T44/><D105/><U52/><E127/><V55/><F55/><W40/><G107/><T23/><D68/><U91/><E64/><V50/><F50/><W114/><G81/><T104/><D104/><U60/><E60/><V75/><F75/><W6/><G6/><T37/><D63/><U130/><E130/><V116/><F116/><W88/><G99/><N who="1" m="37930" /><E91/><V110/><F110/><W49/><G49/><T2/><D2/><U125/><E125/><V76/><F76/><W19/><G29/><T79/><D79/><U131/><E131/><V15/><REACH who="2" step="1"/><F86/><REACH who="2" ten="220,308,242,220" step="2"/><W100/><G40/><T18/><D74/><U123/><E52/><V57/><F57/><W27/><G56/><T30/><D85/><U109/><E58/><V93/><F93/><W112/><G48/><T20/><D77/><U59/><E59/><V113/><F113/><W90/><G35/><T82/><D39/><U53/><E34/><V121/><F121/><N who="3" m="46699" /><G19/><AGARI ba="0,1" hai="1,5,9,15,19,21,25,28,33,45,46,62,65,71" machi="19" ten="40,12000,1" yaku="1,1,24,2,53,1" doraHai="117" doraHaiUra="24" who="2" fromWho="3" sc="220,0,308,0,242,130,220,-120" /><INIT seed="2,1,0,3,3,41" ten="220,308,372,100" oya="2" hai0="13,121,33,35,39,25,131,129,94,38,81,132,116" hai1="57,112,55,133,93,32,44,45,61,96,71,126,2" hai2="42,125,31,99,52,19,20,107,54,95,24,79,6" hai3="76,0,7,87,56,77,8,128,108,62,27,50,86"/><V46/><F107/><W67/><G108/><T1/><D1/><U40/><E112/><V134/><F125/><W16/><G128/><N who="0" m="49227" /><D121/><U82/><E71/><V91/><F134/><W53/><G77/><T123/><D123/><U5/><E32/><V37/><F6/><W12/><G76/><T75/><D132/><U103/><E133/><V72/><REACH who="2" step="1"/><F31/><REACH who="2" ten="220,308,362,100" step="2"/><W28/><G7/><T49/><D116/><U43/><E126/><V69/><F69/><W135/><G135/><T36/><D75/><U124/><E124/><V109/><F109/><W10/><G0/><T92/><D35/><U59/><E2/><V113/><F113/><W114/><G114/><T21/><D33/><U102/><E5/><V65/><F65/><W115/><G115/><T58/><D36/><U90/><E82/><AGARI ba="1,1" hai="19,20,24,37,42,46,52,54,72,79,82,91,95,99" machi="82" ten="40,12000,1" yaku="1,1,52,1,54,1,53,1" doraHai="41" doraHaiUra="70" who="2" fromWho="1" sc="220,0,308,-123,362,133,100,0" /><INIT seed="2,2,0,0,5,28" ten="220,185,495,100" oya="2" hai0="85,26,8,15,120,16,72,106,24,20,17,12,51" hai1="65,49,108,19,128,6,135,43,44,82,9,54,45" hai2="68,22,59,74,111,92,14,13,107,56,121,27,32" hai3="117,21,79,42,1,41,58,25,35,4,109,123,7"/><V76/><F107/><W97/><G123/><T75/><D120/><U38/><E128/><V61/><F121/><W63/><G117/><T129/><D129/><U93/><E135/><V81/><F111/><W64/><G109/><T57/><D106/><U73/><E65/><V46/><F68/><W66/><G66/><T30/><D85/><U53/><E108/><V77/><F77/><W50/><G79/><T99/><D99/><U124/><E124/><V47/><F92/><W84/><G84/><T3/><D3/><U11/><E53/><V119/><F32/><W96/><G1/><T88/><D88/><U127/><E127/><V0/><F56/><W130/><G35/><T95/><D95/><U126/><E126/><V52/><F0/><W40/><G50/><T91/><D91/><U10/><E19/><V133/><F133/><W86/><G86/><T89/><D89/><U131/><E93/><V102/><F102/><W100/><G130/><T39/><D39/><U113/><E113/><V112/><F112/><W78/><G78/><T90/><D90/><U2/><E131/><V55/><F119/><W105/><REACH who="3" step="1"/><G97/><REACH who="3" ten="220,185,495,90" step="2"/><T5/><D51/><U125/><E125/><V31/><F55/><W80/><G80/><T18/><D57/><U71/><E71/><V115/><F115/><W67/><G67/><T37/><D37/><U134/><E134/><V60/><F61/><W116/><G116/><T114/><D114/><U101/><E82/><V29/><F81/><W36/><G36/><T23/><D72/><U83/><E73/><V34/><F74/><W33/><G33/><RYUUKYOKU ba="2,1" sc="220,-10,185,-10,495,-10,90,30" hai3="4,7,21,25,40,41,42,58,63,64,96,100,105" /><INIT seed="3,3,1,0,2,50" ten="210,175,485,120" oya="3" hai0="11,21,1,3,58,32,30,27,71,129,61,94,130" hai1="121,111,6,88,47,68,110,62,55,14,116,60,107" hai2="53,132,25,79,54,84,113,20,101,66,26,15,48" hai3="72,131,133,22,92,8,35,86,76,119,112,39,67"/><W125/><G35/><T51/><D51/><N who="1" m="29183" /><E121/><V13/><F113/><W127/><G39/><T93/><D71/><U77/><E107/><V81/><F66/><W124/><G119/><T12/><D32/><U98/><E77/><V97/><F132/><W42/><G42/><T102/><D1/><U38/><E68/><V7/><F26/><W87/><G67/><T43/><D43/><U74/><E74/><V65/><F65/><W120/><G8/><T95/><D3/><U104/><E38/><V90/><F79/><W46/><G46/><T28/><D28/><U18/><E6/><V24/><F24/><W70/><G70/><T128/><D102/><U57/><E104/><V63/><F63/><W0/><G0/><T78/><D78/><U80/><E57/><V2/><F48/><W36/><G36/><T83/><D83/><U9/><E116/><V41/><F41/><W44/><G44/><T4/><REACH who="0" step="1"/><D95/><REACH who="0" ten="200,175,485,120" step="2"/><N who="1" m="56679" /><E80/><V122/><F2/><W105/><G105/><T135/><D135/><U33/><E33/><V69/><F69/><W108/><G133/><T126/><D126/><U114/><E114/><V52/><F122/><W64/><G120/><T96/><D96/><U34/><E34/><V85/><F97/><W115/><G112/><T118/><D118/><U10/><E60/><V19/><F101/><W75/><G115/><T45/><D45/><U134/><E62/><V5/><F84/><W100/><G127/><T29/><D29/><U82/><E134/><V37/><F37/><W103/><G125/><T89/><D89/><U17/><E82/><V91/><F91/><RYUUKYOKU ba="3,2" sc="200,10,175,10,485,10,120,-30" hai0="4,11,12,21,27,30,58,61,93,94,128,129,130" hai1="9,10,14,17,18,110,111" hai2="5,7,13,15,19,20,25,52,53,54,81,85,90" /><INIT seed="4,4,2,4,0,94" ten="210,185,495,90" oya="0" hai0="52,69,81,0,24,21,104,96,36,37,106,5,75" hai1="38,110,48,114,134,129,73,77,98,95,8,130,107" hai2="82,58,67,55,30,41,50,68,133,64,76,87,51" hai3="44,25,93,85,97,119,7,56,63,13,43,79,92"/><T22/><D69/><U59/><E38/><V60/><F133/><W32/><G119/><T3/><D75/><U131/><E134/><V108/><F108/><W70/><G70/><T31/><D81/><U83/><E110/><V101/><F68/><W113/><G113/><T4/><D24/><U135/><E135/><V103/><F30/><W120/><G120/><T118/><D31/><U17/><E107/><V47/><F51/><N who="3" m="27039" /><G32/><T102/><D102/><AGARI ba="4,2" hai="41,47,50,55,58,60,64,67,76,82,87,101,102,103" machi="102" ten="40,1300,0" yaku="8,1" doraHai="94" who="2" fromWho="0" sc="210,-25,185,0,495,45,90,0" /><INIT seed="5,0,0,4,1,123" ten="185,185,540,90" oya="1" hai0="97,50,70,31,53,52,131,61,35,85,1,84,9" hai1="99,115,121,4,44,107,89,86,54,17,20,126,55" hai2="134,38,120,79,48,2,98,92,74,32,91,108,30" hai3="14,94,56,68,59,42,62,58,8,12,117,22,29"/><U96/><E121/><V33/><F38/><W128/><G117/><T45/><D131/><U103/><E4/><V122/><F2/><W112/><G112/><T110/><D97/><U130/><E130/><V118/><F33/><W106/><G106/><T46/><D70/><U75/><E75/><V34/><F34/><W6/><G128/><T133/><D133/><U87/><E126/><V57/><F134/><W15/><G68/><T124/><D61/><U23/><E115/><V78/><F78/><W36/><G36/><T119/><D119/><U64/><E64/><V47/><F57/><W80/><G42/><T116/><D116/><U82/><E96/><V113/><F113/><W125/><G125/><T5/><D124/><U49/><E86/><V16/><F118/><W66/><G80/><T27/><D110/><U127/><E127/><V28/><F108/><W43/><G43/><T69/><REACH who="0" step="1"/><D69/><REACH who="0" ten="175,185,540,90" step="2"/><U73/><E99/><V102/><F98/><W67/><G62/><T10/><D10/><U3/><E107/><V72/><F122/><W65/><REACH who="3" step="1"/><G94/><REACH who="3" ten="175,185,540,80" step="2"/><T37/><D37/><U76/><E82/><V7/><F92/><W21/><G21/><T132/><D132/><U18/><E23/><V104/><F120/><W111/><G111/><T71/><D71/><U109/><E20/><V63/><F104/><W26/><AGARI ba="0,2" hai="6,8,12,14,15,22,26,29,56,58,59,65,66,67" machi="26" ten="40,5200,0" yaku="1,1,0,1,8,1,53,0" doraHai="123" doraHaiUra="114" who="3" fromWho="3" sc="175,-13,185,-26,540,-13,80,72" /><INIT seed="6,0,0,0,0,121" ten="162,159,527,152" oya="2" hai0="100,46,53,113,29,78,75,38,42,25,52,126,125" hai1="71,69,30,8,9,20,79,129,61,41,59,56,33" hai2="80,66,64,22,54,31,96,77,73,82,132,23,18" hai3="2,17,65,91,83,45,57,70,48,6,111,67,35"/><V105/><F132/><W95/><G70/><T40/><D113/><U119/><E33/><V62/><F82/><W127/><G35/><T123/><D123/><U68/><E119/><V99/><F54/><W37/><G37/><T28/><D100/><U81/><E41/><V104/><F31/><W131/><G131/><T74/><D78/><U86/><E129/><V92/><F64/><W13/><G6/><T15/><D15/><U21/><E56/><V135/><F135/><W108/><G2/><T116/><D46/><U36/><E36/><V124/><F124/><W51/><G127/><T118/><REACH who="0" step="1"/><D38/><REACH who="0" ten="152,159,527,152" step="2"/><U26/><REACH who="1" step="1"/><E21/><REACH who="1" ten="152,149,527,152" step="2"/><V11/><F23/><W72/><G45/><T90/><D90/><U130/><E130/><V84/><F22/><W88/><G88/><T50/><D50/><U122/><E122/><V102/><F77/><W109/><G91/><T58/><D58/><U43/><E43/><V32/><F32/><W115/><G57/><T5/><D5/><U3/><E3/><V19/><F102/><W114/><G51/><T134/><D134/><U24/><E24/><AGARI ba="0,2" hai="24,25,28,29,40,42,52,53,74,75,116,118,125,126" machi="24" ten="25,6400,0" yaku="1,1,22,2,54,1,53,0" doraHai="121" doraHaiUra="120" who="0" fromWho="1" sc="152,84,149,-64,527,0,152,0" /><INIT seed="7,0,0,0,0,104" ten="236,85,527,152" oya="3" hai0="67,32,53,71,35,99,48,113,42,62,114,74,64" hai1="128,20,118,1,40,105,58,96,93,17,31,79,82" hai2="75,5,119,45,56,46,51,78,112,65,133,95,6" hai3="57,121,111,0,38,116,87,14,131,37,23,85,77"/><W124/><G0/><T63/><D74/><U134/><E1/><V16/><F95/><W72/><G72/><T117/><D42/><U91/><E128/><V122/><F51/><W68/><G68/><T61/><D99/><U92/><E134/><V110/><F56/><W83/><G124/><T97/><D97/><U81/><E118/><V9/><F65/><W88/><G111/><T129/><D117/><U120/><E120/><V8/><F78/><W76/><G121/><T55/><D55/><U21/><E40/><V86/><F86/><W115/><G115/><T33/><D129/><U3/><E3/><V4/><F75/><W19/><G77/><T126/><D126/><U127/><E127/><V90/><F4/><W80/><G116/><T69/><D63/><U28/><E105/><V94/><F94/><W130/><G130/><T59/><AGARI ba="0,0" hai="32,33,35,48,53,59,61,62,64,67,69,71,113,114" machi="59" ten="40,2700,0" yaku="0,1,9,1" doraHai="104" who="0" fromWho="0" sc="236,27,85,-7,527,-7,152,-13" owari="263,6.0,78,-42.0,520,62.0,139,-26.0" /></mjloggm>