<mjloggm ver="2.3"><GO type="169" lobby="0"/><UN n0="%52%69%2D%4D%6F%2D" n1="%E5%B0%B1%E6%B4%BB%E7%94%9F%40%E5%B7%9D%E6%9D%91%E8%BB%8D%E5%9B%A3" n2="%E3%82%A2%E3%83%95%E3%83%AA%E3%82%AB" n3="%79%6F%75%37%37%37" dan="17,17,16,16" rate="2235.69,2229.73,2121.79,2105.25" sx="M,M,M,M"/><TAIKYOKU oya="0"/><INIT seed="0,0,0,1,0,68" ten="250,250,250,250" oya="0" hai0="43,12,70,103,101,11,75,86,1,32,6,24,73" hai1="63,79,15,40,93,90,126,113,91,35,122,102,16" hai2="125,5,107,133,127,17,28,9,72,95,30,135,118" hai3="100,18,22,62,105,50,34,4,123,104,98,29,88"/><T51/><D70/><U81/><E122/><V114/><F107/><W53/><G123/><T66/><D66/><U64/><E35/><V33/><F72/><W38/><G105/><T110/><D75/><U10/><E126/><N who="2" m="48139" /><F95/><W27/><G4/><T128/><D73/><U96/><E40/><V61/><F61/><W89/><G38/><T131/><D110/><U77/><E113/><V58/><F58/><W19/><G62/><T82/><D1/><U121/><E121/><V85/><F85/><W41/><G41/><T83/><D24/><U21/><E10/><V39/><F39/><W111/><G111/><T124/><D32/><U52/><E64/><V26/><F114/><W37/><G19/><T13/><D13/><U119/><E119/><V84/><F84/><W97/><G37/><T25/><D25/><U57/><E81/><V48/><F48/><W78/><G97/><T106/><D124/><U14/><E14/><N who="2" m="5423" /><F118/><W47/><G78/><AGARI ba="0,0" hai="15,16,21,52,57,63,77,78,79,90,91,93,96,102" machi="78" ten="40,5200,0" yaku="8,1,54,2" doraHai="68" who="1" fromWho="3" sc="250,0,250,52,250,0,250,-52" /><INIT seed="1,0,0,2,5,56" ten="250,302,250,198" oya="1" hai0="104,12,52,72,75,102,73,58,83,111,60,65,16" hai1="45,68,27,92,38,49,28,123,50,32,63,109,120" hai2="79,128,97,35,134,3,94,8,62,42,34,82,7" hai3="76,88,70,84,51,20,118,11,67,107,87,31,93"/><U129/><E38/><V21/><F134/><W131/><G107/><T47/><D111/><U133/><E133/><V98/><F98/><W112/><G112/><T24/><D24/><U44/><E129/><V117/><F128/><W2/><G131/><T113/><D113/><U96/><E109/><V22/><F35/><W119/><G51/><T54/><D83/><U77/><E77/><V125/><F34/><W114/><G114/><T64/><D102/><U10/><E10/><V0/><F0/><W37/><G37/><T40/><D65/><U25/><E25/><V135/><F135/><W127/><G127/><T9/><REACH who="0" step="1"/><D104/><REACH who="0" ten="240,302,250,198" step="2"/><U14/><E27/><V105/><F105/><W23/><G67/><T41/><D41/><U26/><E26/><V110/><F42/><W106/><G106/><T71/><D71/><U55/><E32/><V29/><F29/><W101/><G101/><T116/><D116/><U80/><E28/><V46/><F110/><W103/><G103/><T85/><D85/><U91/><E80/><V19/><F82/><W115/><G70/><T43/><D43/><U132/><E132/><V59/><F117/><W1/><G31/><T36/><AGARI ba="0,1" hai="9,12,16,36,40,47,52,54,58,60,64,72,73,75" machi="36" ten="30,12000,2" yaku="1,1,0,1,52,1,54,2,53,1" doraHai="56" doraHaiUra="13" who="0" fromWho="0" sc="240,130,302,-60,250,-30,198,-30" /><INIT seed="2,0,0,1,5,43" ten="370,242,220,168" oya="2" hai0="120,104,115,7,81,89,134,130,92,46,93,8,82" hai1="10,42,25,3,132,53,78,34,119,91,38,108,1" hai2="14,16,105,11,110,28,73,17,59,60,56,52,96" hai3="80,36,41,71,66,4,121,125,129,45,113,133,83"/><V64/><F73/><W23/><G121/><T70/><D104/><U94/><E108/><V5/><F110/><W15/><G133/><T90/><D70/><U75/><E132/><V40/><F28/><W51/><G129/><T27/><D115/><U6/><E3/><V112/><F112/><W33/><G33/><T107/><D107/><U88/><E53/><V47/><F96/><W124/><G113/><T109/><D120/><U106/><E106/><V21/><F105/><W111/><G111/><T69/><D69/><U29/><E94/><V63/><F21/><W127/><G36/><AGARI ba="0,0" hai="5,11,14,16,17,36,40,47,52,56,59,60,63,64" machi="36" ten="30,11600,0" yaku="7,1,52,1,54,2" doraHai="43" who="2" fromWho="3" sc="370,0,242,0,220,116,168,-116" /><INIT seed="2,1,0,0,2,43" ten="370,242,336,52" oya="2" hai0="11,9,84,120,3,55,134,104,94,54,117,22,13" hai1="58,85,7,65,0,16,109,64,26,23,95,122,125" hai2="48,38,42,21,45,82,87,63,33,59,89,69,88" hai3="97,6,105,18,17,35,27,25,116,51,29,32,31"/><V8/><F33/><W20/><G51/><T30/><D104/><U49/><E109/><V75/><F75/><W118/><G97/><T53/><D120/><U50/><E125/><V72/><F72/><W74/><G105/><T37/><D37/><U115/><E115/><V44/><F69/><W78/><G78/><T90/><D134/><U14/><E0/><V100/><F100/><W96/><G96/><T99/><D117/><U81/><E95/><V52/><F21/><W24/><G74/><T56/><D3/><U114/><E114/><V61/><F8/><W4/><REACH who="3" step="1"/><G18/><REACH who="3" ten="370,242,336,42" step="2"/><T124/><D99/><U73/><E73/><V128/><F63/><W15/><G15/><T41/><D13/><U68/><E49/><V60/><F60/><W76/><G76/><T91/><D84/><U39/><E39/><V98/><F98/><W47/><G47/><T40/><D40/><U57/><E50/><V133/><F133/><W66/><G66/><T121/><D41/><U129/><E65/><V71/><F71/><W127/><G127/><T19/><D124/><U1/><E1/><V77/><F128/><W108/><G108/><T93/><D19/><U5/><E85/><V10/><F10/><W34/><G34/><T131/><D9/><U102/><E122/><V107/><F107/><W135/><G135/><T132/><D121/><U113/><E113/><V103/><F103/><W110/><G110/><T28/><D132/><U12/><E102/><V111/><F111/><W126/><G126/><T67/><D11/><U2/><E2/><V106/><F106/><W83/><G83/><RYUUKYOKU ba="1,1" sc="370,-15,242,-15,336,15,42,15" hai2="38,42,44,45,48,52,59,61,77,82,87,88,89" hai3="4,6,17,20,24,25,27,29,31,32,35,116,118" /><INIT seed="2,2,1,0,5,53" ten="355,227,351,57" oya="2" hai0="128,105,70,100,90,83,15,73,13,0,37,2,97" hai1="118,99,10,107,68,134,123,28,27,26,91,131,98" hai2="127,6,64,25,87,77,111,75,23,24,21,16,65" hai3="110,74,52,3,93,62,115,79,5,17,104,42,11"/><V95/><F75/><W101/><G104/><T106/><D70/><U63/><E118/><V8/><F127/><W72/><G110/><T31/><D37/><U60/><E123/><V78/><F111/><W88/><G115/><T33/><D105/><U19/><E134/><V71/><F71/><W85/><G42/><T132/><D132/><U130/><E68/><V58/><F8/><W41/><G41/><T38/><D38/><U124/><E124/><V114/><F6/><W7/><G7/><T30/><D128/><N who="1" m="49195" /><E91/><N who="2" m="53759" /><F114/><W44/><G101/><T22/><D33/><U57/><E107/><V12/><F25/><N who="1" m="9225" /><E28/><N who="2" m="17423" /><F65/><W103/><G103/><T117/><D117/><U76/><E76/><V116/><F116/><W81/><G17/><T55/><D31/><U29/><E29/><V80/><F80/><W67/><G67/><T129/><D129/><U96/><E10/><V18/><F18/><W56/><REACH who="3" step="1"/><G44/><REACH who="3" ten="355,227,351,47" step="2"/><T47/><D47/><U109/><E19/><V121/><F121/><W48/><G48/><T34/><D106/><U66/><E109/><V120/><F120/><W43/><G43/><T108/><D108/><U102/><E102/><V9/><F9/><W133/><G133/><T135/><D100/><U45/><E45/><V112/><F112/><W69/><G69/><T1/><D135/><U50/><E50/><V94/><F64/><W39/><G39/><T119/><D119/><U84/><E63/><V46/><F46/><W54/><G54/><T113/><D113/><U40/><E40/><V49/><F49/><W51/><G51/><T14/><D55/><U82/><E82/><RYUUKYOKU ba="2,2" sc="355,-15,227,15,351,-15,47,15" hai1="57,60,66,84,96,98,99" hai3="3,5,11,52,56,62,72,74,79,81,85,88,93" /><INIT seed="3,3,2,3,2,11" ten="340,242,336,62" oya="3" hai0="63,33,62,114,116,126,127,130,58,98,91,77,59" hai1="45,79,117,113,9,76,122,24,66,102,35,115,22" hai2="39,17,27,133,129,82,12,74,90,51,111,95,0" hai3="36,65,72,25,110,54,23,121,93,6,124,131,134"/><W15/><G121/><T92/><D116/><U119/><E35/><V43/><F39/><W18/><G72/><T105/><D33/><U64/><E122/><V50/><F0/><W88/><G36/><T97/><D77/><N who="1" m="29771" /><E102/><V44/><F27/><W86/><G134/><T30/><D30/><U89/><E89/><V100/><F100/><W118/><G118/><N who="1" m="45066" /><E45/><N who="2" m="25919" /><F74/><W5/><G131/><T29/><D29/><N who="1" m="17559" /><E9/><V48/><F129/><W32/><G124/><T69/><D91/><U67/><AGARI ba="3,2" hai="64,66,67,113,115" m="17559,45066,29771" machi="67" ten="40,1500,0" yaku="12,1" doraHai="11" who="1" fromWho="1" sc="340,-7,242,44,336,-7,62,-10" /><INIT seed="4,0,0,1,1,76" ten="333,286,329,52" oya="0" hai0="61,15,84,13,81,1,129,125,98,10,0,130,14" hai1="56,95,30,105,36,8,116,43,134,47,64,86,100" hai2="37,63,12,126,97,60,80,70,41,55,11,22,103" hai3="123,133,57,42,106,107,49,96,20,110,91,28,128"/><T53/><D125/><U23/><E116/><V34/><F34/><W19/><G110/><T74/><D74/><U89/><E134/><V108/><F126/><W109/><G109/><T114/><D114/><U52/><E64/><V39/><F108/><W121/><G133/><T62/><D98/><U132/><E132/><V51/><F22/><W77/><G128/><N who="0" m="49259" /><D10/><U25/><E8/><V124/><F124/><W31/><G107/><T112/><D112/><U38/><E105/><V113/><F113/><W48/><G48/><T17/><D17/><U59/><E59/><V2/><F2/><N who="0" m="1130" /><D53/><U58/><E58/><V75/><F55/><W118/><G57/><T131/><N who="0" m="49267" /><T32/><DORA hai="68" /><D32/><U99/><E38/><N who="2" m="14347" /><F51/><W135/><G96/><T87/><D87/><U9/><E9/><V46/><F70/><W18/><G49/><T72/><D72/><U65/><E65/><V6/><F41/><W111/><G42/><T94/><D94/><U71/><E71/><V73/><F73/><W88/><G135/><T44/><D44/><U78/><E100/><V66/><F46/><W27/><G111/><T115/><D115/><U120/><E99/><V29/><F66/><W50/><G50/><T82/><D84/><U35/><E35/><V3/><F3/><W21/><G106/><T127/><D127/><U122/><E78/><V69/><F69/><W90/><G77/><T93/><D93/><U24/><E24/><V45/><F45/><W117/><G90/><T101/><D101/><U26/><E26/><AGARI ba="0,0" hai="18,19,20,21,26,27,28,31,88,91,117,118,121,123" machi="26" ten="25,3200,0" yaku="22,2,54,1" doraHai="76,68" who="3" fromWho="1" sc="333,0,286,-32,329,0,52,32" /><INIT seed="5,0,0,1,0,75" ten="333,254,329,84" oya="1" hai0="124,88,112,29,21,129,117,37,65,47,55,131,111" hai1="27,51,26,61,104,106,24,113,30,116,17,133,84" hai2="92,58,42,67,35,54,87,44,56,76,13,86,80" hai3="68,99,5,22,18,114,102,123,69,46,2,16,90"/><U4/><E116/><V105/><F105/><W50/><G123/><T0/><D111/><U63/><E113/><V10/><F35/><W12/><G114/><T103/><D112/><U135/><E30/><V3/><F3/><W83/><G2/><T14/><D0/><U96/><E4/><V132/><F132/><N who="1" m="50761" /><E84/><V118/><F118/><W119/><G5/><T43/><D117/><U122/><E122/><V89/><F54/><W45/><G45/><T19/><D103/><U34/><E34/><V32/><F67/><W1/><G1/><T40/><D65/><U97/><E51/><N who="2" m="27031" /><F32/><W81/><G18/><AGARI ba="0,0" hai="10,13,18,56,58,76,80,86,87,89,92" m="27031" machi="18" ten="30,2000,0" yaku="8,1,52,1" doraHai="75" who="2" fromWho="3" sc="333,0,254,0,329,20,84,-20" /><INIT seed="6,0,0,4,2,18" ten="333,254,349,64" oya="2" hai0="60,84,70,92,7,71,59,85,49,3,90,57,98" hai1="1,94,108,132,23,99,105,134,110,120,65,77,14" hai2="2,40,41,45,114,56,125,12,81,111,36,26,101" hai3="73,76,75,31,27,106,122,135,0,34,37,104,67"/><V113/><F2/><W4/><G135/><N who="1" m="51754" /><E105/><V131/><F101/><W123/><G67/><T62/><D3/><U91/><E1/><V61/><F81/><W43/><G106/><T79/><D7/><U48/><E65/><N who="2" m="39079" /><F12/><W119/><G104/><T74/><D74/><U63/><E63/><N who="0" m="24105" /><D71/><U97/><E77/><V30/><F41/><W28/><G28/><T82/><D70/><U102/><E120/><V8/><F8/><W10/><G119/><T29/><D29/><U127/><E127/><V88/><F125/><W93/><G93/><N who="0" m="54479" /><D49/><U69/><E69/><V51/><F51/><W5/><G5/><T44/><D44/><U20/><E48/><V83/><F111/><N who="1" m="42537" /><E14/><V96/><F45/><N who="3" m="23791" /><G73/><T64/><D64/><U47/><E47/><V133/><F133/><W42/><G42/><T21/><D57/><U9/><E9/><V89/><F40/><W118/><G118/><T17/><D59/><U124/><E124/><V38/><F38/><W25/><G25/><N who="0" m="14511" /><D92/><U112/><E112/><V126/><F126/><W24/><G24/><T16/><D16/><U95/><AGARI ba="0,0" hai="20,23,91,94,95,97,99,102" m="42537,51754" machi="95" ten="40,5200,0" yaku="20,1,52,2" doraHai="18" who="1" fromWho="1" sc="333,-13,254,52,349,-26,64,-13" /><INIT seed="7,0,0,4,2,42" ten="320,306,323,51" oya="3" hai0="41,54,112,116,129,7,0,101,43,48,21,33,110" hai1="109,28,51,81,45,26,132,82,113,49,59,96,71" hai2="19,57,38,77,52,85,73,20,29,111,114,99,120" hai3="105,24,127,50,115,124,14,72,63,88,25,102,84"/><W23/><G115/><T91/><D116/><U95/><E71/><V40/><F73/><W86/><G72/><T62/><D33/><U135/><E109/><V90/><F111/><W78/><G105/><T125/><D110/><U18/><E18/><V67/><F114/><W11/><G102/><T30/><D112/><U5/><E5/><V66/><F29/><W56/><G84/><T22/><D0/><U75/><E59/><V3/><F3/><W133/><G133/><N who="1" m="51274" /><E51/><V122/><F99/><W61/><G78/><T131/><D7/><U104/><E104/><V8/><F77/><W119/><G119/><T44/><D125/><N who="3" m="48201" /><G50/><T79/><D79/><U55/><E75/><V76/><F76/><W121/><G121/><N who="2" m="46697" /><F8/><W87/><G87/><T68/><D101/><N who="1" m="60575" /><E113/><V31/><F31/><N who="3" m="17823" /><G25/><T97/><D30/><U92/><E92/><N who="2" m="54351" /><F38/><W46/><G46/><T16/><D97/><U37/><E37/><V4/><F40/><W10/><G14/><N who="0" m="9367" /><D91/><U123/><E123/><V107/><F107/><W117/><G117/><T27/><D43/><U80/><E80/><V93/><F93/><N who="3" m="54423" /><G63/><T13/><D13/><U58/><E58/><V39/><F39/><W47/><G47/><T98/><D98/><U36/><E36/><V106/><F106/><W1/><G1/><T12/><D12/><U128/><E128/><N who="0" m="49225" /><D41/><U35/><AGARI ba="0,0" hai="26,28,35,45,49,55,81,82" m="60575,51274" machi="35" ten="30,2000,0" yaku="20,1,52,1" doraHai="42" who="1" fromWho="1" sc="320,-5,306,20,323,-5,51,-10" owari="315,-8.0,326,42.0,318,12.0,41,-46.0" /></mjloggm>