<mjloggm ver="2.3"><GO type="225" lobby="0"/><UN n0="%E6%B3%95%E6%94%BF%E5%A4%A7%E5%AD%A6%EF%BC%93%E5%B9%B4" n1="%E5%B0%B1%E6%B4%BB%E7%94%9F%40%E5%B7%9D%E6%9D%91%E8%BB%8D%E5%9B%A3" n2="%54%4F%4D%4F%47%45" n3="%E3%82%B7%E3%83%9F%E3%83%AA%E3%82%B9%EF%BC%94" dan="17,17,16,16" rate="2140.55,2190.39,2081.33,2120.35" sx="M,F,M,F"/><TAIKYOKU oya="0"/><INIT seed="0,0,0,2,4,6" ten="250,250,250,250" oya="0" hai0="28,33,77,68,3,5,128,49,4,93,19,123,23" hai1="7,108,38,103,121,10,90,67,83,82,92,62,9" hai2="29,75,57,133,118,8,80,109,60,89,36,71,87" hai3="43,52,84,53,0,24,58,73,2,104,30,46,126"/><T65/><D123/><U27/><E121/><V55/><F109/><W20/><G73/><T91/><D128/><U97/><E38/><V16/><F133/><W101/><G126/><T51/><D77/><U78/><E108/><V117/><F36/><W96/><G84/><T74/><D74/><U45/><E7/><V69/><F29/><W112/><G112/><T135/><D135/><U22/><E45/><V70/><REACH who="2" step="1"/><F75/><REACH who="2" ten="250,250,240,250" step="2"/><W63/><REACH who="3" step="1"/><G53/><REACH who="3" ten="250,250,240,240" step="2"/><T47/><D65/><U81/><E78/><V1/><F1/><W31/><G31/><T107/><D3/><U105/><E67/><V14/><AGARI ba="0,2" hai="8,14,16,55,57,60,69,70,71,80,87,89,117,118" machi="14" ten="40,8000,1" yaku="1,1,0,1,52,1,54,1,53,0" doraHai="6" doraHaiUra="25" who="2" fromWho="2" sc="250,-40,250,-20,240,100,240,-20" /><INIT seed="1,0,0,5,0,84" ten="210,230,340,220" oya="1" hai0="23,103,32,125,45,51,0,119,4,123,106,66,101" hai1="18,57,34,127,11,6,5,63,61,70,53,17,42" hai2="77,118,40,94,24,96,31,99,12,71,26,43,89" hai3="15,30,115,68,14,100,134,82,55,107,52,121,62"/><U93/><E34/><V69/><F77/><W132/><G121/><T75/><D32/><U117/><E117/><V122/><F122/><W105/><G115/><T80/><D123/><U10/><E127/><V27/><F31/><W114/><G114/><T19/><D119/><U116/><E116/><V25/><F118/><W72/><G30/><T35/><D35/><U126/><E126/><V90/><N who="2" m="6656" /><DORA hai="56" /><V59/><F12/><N who="3" m="4651" /><G72/><T1/><D125/><U79/><E42/><V16/><F16/><N who="1" m="6249" /><E70/><V48/><F69/><W95/><G82/><T54/><D106/><N who="3" m="40457" /><G95/><T111/><D75/><U131/><E79/><V98/><F71/><W67/><G100/><T81/><D101/><U124/><E131/><V21/><F21/><W64/><G64/><T78/><D66/><U2/><E2/><V109/><F109/><W88/><G88/><N who="2" m="33897" /><F94/><W39/><G39/><T46/><D111/><U37/><E37/><V13/><F13/><W7/><G7/><N who="1" m="2570" /><E93/><V130/><F130/><W36/><G36/><T41/><D4/><U3/><E3/><V8/><F8/><N who="1" m="3113" /><E124/><V60/><F48/><AGARI ba="0,0" hai="48,53,57,61,63" m="3113,2570,6249" machi="48" ten="30,11600,0" yaku="8,1,52,2,54,1" doraHai="84,56" who="1" fromWho="2" sc="210,0,230,116,340,-116,220,0" /><INIT seed="1,1,0,2,3,43" ten="210,346,224,220" oya="1" hai0="47,97,125,11,85,23,66,40,98,87,34,61,16" hai1="105,107,68,36,0,51,62,117,84,38,126,119,80" hai2="90,69,110,129,91,96,30,14,93,6,70,18,101" hai3="24,54,41,28,37,111,74,100,95,56,46,133,64"/><U22/><E0/><V2/><F110/><W9/><G133/><T50/><D34/><U83/><E126/><V12/><F129/><W124/><G74/><T3/><D125/><U94/><E94/><V63/><F30/><W57/><G124/><T21/><D3/><U81/><E84/><N who="0" m="32329" /><D11/><U72/><E72/><V118/><F118/><W59/><G111/><T131/><D131/><U128/><E128/><V77/><F77/><W13/><G64/><T32/><D32/><U99/><E99/><V42/><F42/><W45/><G100/><T92/><D23/><U8/><E8/><V5/><F2/><W31/><G95/><T104/><D104/><U130/><E22/><V108/><F108/><W15/><G15/><N who="0" m="9375" /><D92/><U48/><E130/><V122/><F14/><W113/><G113/><T33/><D33/><U17/><E17/><V102/><F12/><W106/><G106/><T65/><D65/><U78/><E78/><V1/><F18/><W76/><G76/><T88/><D88/><U135/><E83/><V121/><F1/><W71/><G71/><T58/><AGARI ba="1,0" hai="40,47,50,58,61,66,97,98" m="9375,32329" machi="58" ten="30,4000,0" yaku="8,1,52,1,54,1" doraHai="43" who="0" fromWho="0" sc="210,43,346,-21,224,-11,220,-11" /><INIT seed="2,0,0,2,4,122" ten="253,325,213,209" oya="2" hai0="36,119,79,9,40,78,94,115,97,90,11,58,134" hai1="45,38,17,19,89,117,8,73,116,87,14,27,46" hai2="31,118,71,56,112,7,59,108,67,51,65,21,130" hai3="23,83,35,91,57,125,28,114,15,80,48,60,10"/><V64/><F118/><W111/><G114/><T72/><D115/><U47/><E73/><V55/><F112/><W127/><G48/><T66/><D119/><U41/><E116/><V69/><F7/><W63/><G35/><T53/><D66/><N who="2" m="25706" /><F31/><W129/><G129/><T39/><D134/><U37/><E117/><V106/><F106/><W76/><G91/><T30/><D30/><U113/><E38/><V4/><F4/><W44/><G44/><T18/><D72/><U61/><E61/><N who="3" m="23626" /><G57/><N who="2" m="22089" /><F21/><W13/><G28/><T24/><D40/><U26/><E113/><V3/><F3/><W81/><G23/><N who="0" m="13431" /><D36/><U86/><E86/><V54/><F130/><W103/><G103/><T68/><D68/><N who="2" m="26186" /><F108/><W132/><G111/><T133/><D39/><U34/><E34/><V92/><F92/><W1/><G76/><N who="0" m="29227" /><D133/><U2/><E2/><V32/><F32/><W70/><G70/><T100/><D100/><U105/><E105/><V43/><N who="2" m="25714" /><V131/><DORA hai="93" /><F131/><W96/><G132/><T20/><D20/><U126/><E26/><V124/><F124/><N who="3" m="47691" /><G96/><T62/><AGARI ba="0,0" hai="9,11,53,58,62,90,94,97" m="29227,13431" machi="62" ten="30,4000,0" yaku="25,1,8,1,52,1" doraHai="122,93" who="0" fromWho="0" sc="253,40,325,-10,213,-20,209,-10" /><INIT seed="3,0,0,0,3,71" ten="293,315,193,199" oya="3" hai0="53,37,108,16,44,52,51,32,117,55,3,65,39" hai1="0,59,64,126,21,57,60,106,93,9,98,101,75" hai2="99,124,97,76,95,92,14,131,87,58,23,50,88" hai3="102,35,73,83,10,89,135,29,78,7,74,129,111"/><W69/><G135/><T54/><D32/><U31/><E75/><V36/><F131/><W119/><G119/><T8/><D117/><U133/><E126/><V12/><F124/><W20/><G129/><T25/><D108/><U110/><E110/><V30/><F36/><W48/><G111/><T132/><D132/><U113/><E113/><V90/><F30/><W114/><G114/><T134/><D134/><U43/><E43/><V120/><F120/><W70/><G89/><T56/><D65/><U112/><E112/><V127/><F127/><W13/><G102/><T72/><D72/><U49/><E49/><V86/><F76/><W22/><G74/><T27/><D56/><N who="1" m="36871" /><E106/><V26/><F97/><W2/><G48/><T130/><D130/><U80/><E80/><V34/><F34/><W6/><G6/><T42/><D42/><U123/><E123/><V67/><F99/><W128/><G128/><T122/><D122/><U28/><E28/><N who="2" m="17503" /><F67/><W1/><G1/><T121/><D121/><U109/><E109/><V82/><F82/><W18/><G22/><T94/><D94/><U104/><E104/><V125/><F125/><W115/><G115/><T62/><D62/><U41/><E41/><V91/><F91/><W77/><G77/><T33/><D33/><U81/><E81/><V15/><F50/><W4/><G4/><T79/><D79/><U118/><E118/><V63/><F63/><W105/><G105/><T68/><D68/><U11/><E133/><V46/><F58/><N who="1" m="22025" /><E0/><V84/><F84/><W38/><G38/><N who="0" m="14347" /><D3/><U17/><E17/><V5/><F5/><RYUUKYOKU ba="0,0" sc="293,0,315,0,193,0,199,0" hai0="8,16,25,27,44,51,52,53,54,55" hai1="9,11,21,31,93,98,101" hai2="12,14,15,46,86,87,88,90,92,95" hai3="2,7,10,13,18,20,29,35,69,70,73,78,83" /><INIT seed="3,1,0,5,2,108" ten="293,315,193,199" oya="3" hai0="77,12,44,123,78,0,71,110,81,106,119,1,83" hai1="5,58,16,17,118,117,69,133,59,25,38,74,100" hai2="72,18,135,88,82,60,104,87,79,94,41,29,47" hai3="116,97,67,30,33,90,129,76,57,111,15,7,40"/><W102/><G116/><N who="1" m="44650" /><E133/><V3/><F135/><W22/><G111/><T34/><D119/><U127/><E127/><V43/><F104/><W121/><G121/><T26/><D110/><U64/><E38/><V14/><F3/><W92/><G129/><T48/><D123/><U128/><E128/><V13/><F29/><W70/><G70/><T98/><D71/><U130/><E74/><V62/><F41/><W52/><G33/><T37/><D12/><U114/><E114/><V122/><F122/><W65/><G40/><N who="0" m="22543" /><D48/><U120/><E120/><V54/><F54/><W84/><G76/><T27/><D27/><U55/><E5/><V9/><REACH who="2" step="1"/><F13/><REACH who="2" ten="293,315,183,199" step="2"/><W66/><G7/><T112/><D112/><U10/><E55/><V56/><F56/><W50/><G30/><N who="0" m="19799" /><D81/><U99/><E59/><V109/><F109/><W124/><G124/><T86/><D78/><U8/><E58/><V89/><F89/><W49/><G49/><AGARI ba="1,1" hai="9,14,18,43,47,49,60,62,72,79,82,87,88,94" machi="49" ten="30,3900,0" yaku="1,1,7,1,54,1,53,0" doraHai="108" doraHaiUra="132" who="2" fromWho="3" sc="293,0,315,0,183,52,199,-42" owari="293,9.0,315,41.0,235,-16.0,157,-34.0" /></mjloggm>