<mjloggm ver="2.3"><GO type="169" lobby="0"/><UN n0="%E3%82%B7%E3%83%A3%E3%82%AD%E3%82%AA%E3%83%8B" n1="%E4%B8%96%E7%95%8C%E3%81%AE%E9%9D%92%E6%9C%A8" n2="%E5%B0%B1%E6%B4%BB%E7%94%9F%40%E5%B7%9D%E6%9D%91%E8%BB%8D%E5%9B%A3" n3="%6F%6B%61%65%72%69" dan="16,16,17,16" rate="2109.95,2097.05,2193.83,2099.24" sx="M,M,M,F"/><TAIKYOKU oya="0"/><INIT seed="0,0,0,1,0,99" ten="250,250,250,250" oya="0" hai0="58,76,103,56,129,35,61,34,135,110,127,7,53" hai1="77,119,4,67,108,83,98,88,132,46,78,42,101" hai2="51,12,69,121,131,109,1,9,33,95,23,130,14" hai3="66,118,11,55,134,43,116,74,40,94,105,124,128"/><T3/><D135/><U54/><E119/><V102/><F69/><W81/><G105/><T2/><D76/><U70/><E108/><V65/><F65/><W19/><G134/><T39/><D39/><U106/><E132/><V13/><F121/><W0/><G66/><T22/><D110/><U80/><E54/><V93/><F33/><W5/><G128/><N who="2" m="49193" /><F109/><W114/><G114/><T17/><D129/><U104/><E104/><V48/><F23/><W64/><G64/><T38/><D38/><U49/><E4/><N who="2" m="1167" /><F95/><W122/><G122/><T15/><D127/><U20/><E20/><V10/><F10/><W32/><G124/><T112/><D112/><U52/><E42/><V8/><F8/><W36/><G94/><T73/><D35/><U96/><E83/><V92/><F93/><W44/><G32/><T37/><D3/><U97/><E97/><AGARI ba="0,0" hai="12,13,14,48,51,92,97,102" m="1167,49193" machi="97" ten="30,2000,0" yaku="19,1,52,1" doraHai="99" who="2" fromWho="1" sc="250,0,250,-20,250,20,250,0" /><INIT seed="1,0,0,3,5,123" ten="250,230,270,250" oya="1" hai0="9,10,126,63,16,115,37,78,94,66,88,111,53" hai1="18,20,101,23,71,59,46,44,35,33,110,72,52" hai2="47,96,50,108,120,69,132,13,130,39,79,25,129" hai3="89,1,42,65,117,75,118,32,27,31,3,90,104"/><U116/><E71/><V86/><F120/><W8/><G104/><T107/><D115/><U57/><E116/><N who="3" m="44650" /><G75/><T15/><D37/><U134/><E72/><V114/><F39/><W22/><G65/><T12/><D107/><U67/><E134/><V84/><F69/><W11/><G42/><T26/><D78/><U49/><E101/><V97/><F132/><W106/><G106/><T92/><D26/><U124/><E124/><V34/><F13/><W122/><G122/><T17/><D53/><U131/><E131/><V128/><F114/><W127/><G127/><T19/><D94/><U24/><E110/><V64/><F64/><W6/><G90/><T36/><D111/><U29/><E35/><V0/><F0/><N who="3" m="75" /><G89/><T40/><D40/><U135/><E33/><V43/><F108/><W133/><G133/><T5/><D36/><U99/><E99/><N who="2" m="37963" /><F79/><W7/><G32/><T61/><D126/><U51/><E135/><V119/><F119/><W125/><G125/><T102/><D102/><U14/><E67/><V68/><F68/><W38/><G38/><T2/><D2/><U28/><E28/><AGARI ba="0,0" hai="25,28,34,43,47,50,84,86,128,129,130" m="37963" machi="28" ten="40,1300,0" yaku="19,1" doraHai="123" who="2" fromWho="1" sc="250,0,230,-13,270,13,250,0" /><INIT seed="2,0,0,3,3,93" ten="250,217,283,250" oya="2" hai0="48,17,2,77,99,123,59,52,63,85,11,31,33" hai1="38,46,37,58,30,19,129,118,42,51,103,44,65" hai2="50,23,4,116,9,104,86,0,20,114,43,5,110" hai3="18,119,53,124,94,96,64,54,106,14,108,102,132"/><V89/><F116/><W47/><G119/><T40/><D33/><U112/><E118/><V126/><F114/><W81/><G108/><T74/><D74/><U92/><E129/><V22/><F126/><W87/><G124/><T83/><D31/><U72/><E112/><V75/><F75/><W34/><G34/><T122/><D2/><U67/><E72/><V131/><F131/><W73/><G132/><T100/><D11/><U60/><E67/><V24/><F104/><W6/><G6/><T70/><D17/><U61/><E60/><V66/><F66/><W49/><G64/><T41/><D70/><U3/><E3/><V111/><F5/><W76/><G54/><T35/><D35/><U13/><E30/><V117/><F117/><W39/><G39/><T28/><D28/><U27/><E27/><V55/><F43/><W71/><G71/><T90/><D77/><U68/><E46/><V1/><F1/><W69/><G69/><T7/><D7/><U109/><E109/><N who="2" m="41483" /><F24/><W80/><G80/><T84/><D84/><U105/><E105/><V26/><F26/><W125/><G125/><T25/><D25/><U82/><E82/><N who="2" m="49367" /><F23/><W127/><G127/><T10/><D10/><N who="1" m="6583" /><E68/><V8/><F9/><N who="3" m="6479" /><G106/><T56/><D41/><U78/><E78/><V15/><F0/><W133/><G73/><T115/><D115/><U91/><E37/><V57/><AGARI ba="0,0" hai="4,8,15,20,22,50,55,57" m="49367,41483" machi="57" ten="30,3000,0" yaku="14,1,10,1" doraHai="93" who="2" fromWho="2" sc="250,-10,217,-10,283,30,250,-10" /><INIT seed="2,1,0,0,1,113" ten="240,207,313,240" oya="2" hai0="131,31,98,103,38,129,110,21,58,30,95,127,36" hai1="9,90,69,57,14,135,134,17,104,28,64,55,130" hai2="115,133,105,99,34,128,97,93,96,119,126,44,53" hai3="19,27,39,60,81,102,75,61,10,77,35,59,50"/><V13/><F34/><W15/><G39/><T20/><D58/><U86/><E104/><V85/><F115/><W87/><G102/><T33/><D33/><U118/><E130/><N who="0" m="49673" /><D110/><U114/><E114/><V108/><F108/><W74/><G50/><T2/><D2/><U80/><E28/><N who="0" m="10793" /><D127/><U88/><E118/><V4/><F128/><W29/><REACH who="3" step="1"/><G61/><REACH who="3" ten="240,207,313,230" step="2"/><T47/><D47/><U52/><E90/><V91/><F44/><W49/><G49/><T43/><D43/><U73/><E73/><V1/><F126/><W24/><G24/><T72/><D72/><U6/><E6/><V56/><F4/><W7/><G7/><T66/><D66/><AGARI ba="1,1" hai="10,15,19,27,29,35,59,60,66,74,75,77,81,87" machi="66" ten="30,2000,0" yaku="1,1,7,1,53,0" doraHai="113" doraHaiUra="68" who="3" fromWho="0" sc="240,-23,207,0,313,0,230,33" /><INIT seed="3,0,0,3,1,0" ten="217,207,313,263" oya="3" hai0="101,130,62,33,24,38,14,90,89,111,87,41,131" hai1="48,125,119,30,65,85,18,133,117,96,50,34,112" hai2="134,107,4,132,6,126,115,97,7,43,56,61,67" hai3="118,27,74,12,128,127,22,16,13,72,129,68,109"/><W70/><G118/><N who="1" m="45066" /><E85/><V19/><F115/><W1/><G127/><T8/><D111/><U83/><E96/><V3/><F126/><W94/><G109/><T95/><D101/><U28/><E83/><V44/><F19/><W32/><G94/><T40/><D62/><U116/><E18/><V59/><F3/><W63/><G1/><T47/><D41/><U45/><E34/><V82/><F82/><W5/><G32/><T39/><D90/><U86/><E86/><V51/><F59/><W36/><G36/><N who="0" m="21895" /><D24/><U58/><E125/><V53/><REACH who="2" step="1"/><F43/><REACH who="2" ten="217,207,303,263" step="2"/><W71/><G16/><N who="0" m="8263" /><D33/><U108/><E112/><V69/><F69/><W11/><G71/><T66/><D66/><U81/><E58/><V114/><F114/><W17/><G70/><T122/><D122/><U55/><E108/><V10/><F10/><W93/><G68/><T15/><D15/><U84/><E116/><V31/><F31/><W104/><G13/><T73/><D73/><U25/><E28/><V46/><F46/><W99/><G74/><T49/><D49/><U80/><E50/><V113/><F113/><W76/><G72/><T77/><D77/><U29/><E30/><V102/><AGARI ba="0,1" hai="4,6,7,44,51,53,56,61,67,97,102,107,132,134" machi="102" ten="30,8000,1" yaku="1,1,0,1,52,3,53,0" doraHai="0" doraHaiUra="123" who="2" fromWho="2" sc="217,-20,207,-20,303,90,263,-40" /><INIT seed="4,0,0,5,3,57" ten="197,187,393,223" oya="0" hai0="90,24,41,76,59,60,82,43,71,51,110,133,44" hai1="79,124,28,50,1,111,113,61,55,98,7,16,3" hai2="6,58,15,35,129,33,81,17,89,53,8,74,123" hai3="105,125,72,36,84,121,130,48,119,26,10,131,128"/><T114/><D114/><U69/><E111/><V14/><F123/><W83/><G121/><T106/><D106/><U88/><E124/><V23/><F129/><W2/><G119/><T27/><D133/><U102/><E79/><V103/><F103/><W45/><G36/><T115/><D115/><U62/><E113/><V127/><F127/><W4/><G72/><T80/><D71/><U118/><E118/><V94/><F81/><N who="0" m="31338" /><D76/><U39/><E39/><V67/><F67/><W68/><G68/><T101/><D101/><U11/><E1/><V135/><F135/><W38/><G38/><T30/><D90/><U18/><E88/><V31/><F31/><W22/><G105/><T96/><D96/><U73/><E28/><V66/><F66/><W19/><G125/><T116/><D116/><U32/><E32/><V49/><REACH who="2" step="1"/><F74/><REACH who="2" ten="197,187,383,223" step="2"/><W25/><G131/><T117/><D117/><U95/><E73/><V56/><F56/><W109/><G130/><T132/><D132/><U42/><E42/><N who="0" m="15881" /><D30/><U63/><REACH who="1" step="1"/><E69/><REACH who="1" ten="197,177,383,223" step="2"/><V108/><F108/><W104/><G109/><T86/><D110/><U100/><E100/><V122/><F122/><W20/><G128/><T107/><D107/><U47/><AGARI ba="0,2" hai="3,7,11,16,18,47,50,55,61,62,63,95,98,102" machi="47" ten="30,12000,2" yaku="1,1,0,1,52,3,54,1,53,0" doraHai="57" doraHaiUra="77" who="1" fromWho="1" sc="197,-60,177,140,383,-30,223,-30" /><INIT seed="5,0,0,4,0,71" ten="137,317,353,193" oya="1" hai0="16,9,101,59,68,100,22,36,26,31,109,8,53" hai1="28,117,0,108,49,122,67,135,132,25,11,24,130" hai2="62,81,63,48,32,125,13,6,50,88,112,42,85" hai3="52,77,94,17,91,58,82,123,30,98,124,129,29"/><U65/><E117/><V7/><F125/><W4/><G124/><T107/><D68/><U57/><E122/><V76/><F32/><W15/><G123/><T21/><D36/><U74/><E74/><V104/><F104/><W102/><G4/><N who="2" m="1577" /><F112/><W95/><G129/><T119/><D119/><U73/><E0/><V97/><F13/><W3/><G3/><T44/><D44/><U113/><E11/><N who="0" m="4169" /><D107/><U114/><E73/><V105/><F105/><W116/><G116/><T14/><D109/><U54/><E130/><V38/><F38/><W89/><G82/><T2/><D2/><U41/><E108/><V87/><F97/><W84/><G77/><T37/><D37/><U39/><E24/><V111/><F111/><W86/><G102/><T134/><D134/><N who="1" m="51243" /><E28/><V51/><F42/><W96/><G29/><T72/><D72/><U90/><E25/><V93/><AGARI ba="0,0" hai="48,50,51,62,63,76,81,85,87,88,93" m="1577" machi="93" ten="30,2000,0" yaku="8,1,54,1" doraHai="71" who="2" fromWho="2" sc="137,-5,317,-10,353,20,193,-5" /><INIT seed="6,0,0,3,4,87" ten="132,307,373,188" oya="2" hai0="15,130,34,72,124,69,96,65,11,48,50,41,36" hai1="79,74,88,1,59,122,103,7,121,49,9,30,115" hai2="8,25,126,28,100,83,105,125,16,64,44,62,26" hai3="18,54,40,98,99,102,70,85,113,31,3,61,45"/><V27/><F44/><W81/><G3/><T129/><D34/><U93/><E115/><V21/><F83/><W118/><G118/><T5/><D72/><U51/><E103/><V14/><F100/><W19/><G113/><T37/><D96/><U86/><E30/><V0/><F105/><W38/><G31/><T117/><D117/><U67/><E67/><V78/><F78/><W60/><G60/><N who="0" m="40103" /><D5/><U52/><REACH who="1" step="1"/><E49/><REACH who="1" ten="132,297,373,188" step="2"/><N who="0" m="19049" /><D41/><U68/><E68/><V101/><F101/><W107/><G70/><T116/><D116/><U82/><AGARI ba="0,1" hai="1,7,9,51,52,59,74,79,82,86,88,93,121,122" machi="82" ten="30,8000,1" yaku="1,1,0,1,52,1,54,2,53,0" doraHai="87" doraHaiUra="123" who="1" fromWho="1" sc="132,-20,297,90,373,-40,188,-20" /><INIT seed="7,0,0,5,1,109" ten="112,387,333,168" oya="3" hai0="60,50,129,70,78,75,101,132,89,90,4,44,111" hai1="66,107,123,133,110,29,52,2,24,112,31,7,12" hai2="93,5,61,124,10,85,27,13,30,48,32,39,51" hai3="36,64,62,37,41,34,43,127,40,130,18,38,53"/><W105/><G105/><T108/><D132/><U15/><E112/><V69/><F124/><W134/><G34/><T63/><D129/><U77/><E110/><V106/><F39/><W94/><G127/><T73/><D50/><U11/><E123/><V135/><F106/><W103/><G130/><T91/><D44/><U16/><E133/><V22/><F135/><W49/><G94/><T96/><D4/><U119/><E119/><V71/><F71/><N who="3" m="42391" /><G18/><T55/><D70/><U58/><E66/><V82/><F93/><W76/><G76/><T68/><D68/><U79/><E107/><V3/><F69/><W65/><G103/><T42/><D90/><U125/><E2/><V21/><F61/><W120/><G134/><T84/><D84/><U56/><E56/><V59/><F59/><N who="3" m="33199" /><G65/><T57/><D57/><U25/><E125/><V0/><F0/><W95/><G95/><T47/><D47/><U9/><E25/><V83/><F83/><W33/><G33/><T74/><D74/><U20/><E29/><V115/><F21/><W128/><G128/><T113/><D96/><U126/><E126/><V117/><F32/><W92/><G92/><T97/><D97/><U8/><E8/><V100/><F100/><W19/><G19/><T14/><D101/><U118/><E79/><V1/><F1/><W114/><G120/><T87/><D87/><U46/><E77/><V72/><F3/><W26/><G26/><T116/><D78/><U23/><E24/><V35/><F85/><W131/><G38/><T45/><D111/><U17/><E31/><V54/><F30/><RYUUKYOKU ba="0,0" sc="112,0,387,0,333,0,168,0" owari="112,-39.0,387,49.0,333,13.0,168,-23.0" /></mjloggm>