<mjloggm ver="2.3"><GO type="169" lobby="0"/><UN n0="%E5%B0%B1%E6%B4%BB%E7%94%9F%40%E5%B7%9D%E6%9D%91%E8%BB%8D%E5%9B%A3" n1="%E3%82%8A%E3%82%87%E3%81%86%E3%81%BE%35%37%32%34" n2="%E3%83%9F%E3%83%8E%E3%83%AA" n3="%E3%83%97%E3%83%A9%E3%83%81%E3%83%8A%E3%83%A0" dan="17,16,16,17" rate="2176.31,2124.63,2094.47,2129.78" sx="M,M,M,M"/><TAIKYOKU oya="0"/><INIT seed="0,0,0,0,5,59" ten="250,250,250,250" oya="0" hai0="73,93,4,26,52,45,34,98,105,86,48,109,15" hai1="126,55,82,5,83,123,20,124,79,84,40,88,7" hai2="116,27,135,54,101,92,112,18,95,60,104,56,29" hai3="47,64,3,19,12,110,46,125,31,76,24,51,77"/><T28/><D73/><U11/><E123/><V94/><F112/><W87/><G3/><T43/><D105/><U91/><E40/><V17/><F135/><W71/><G110/><T100/><D109/><U68/><E68/><V37/><F37/><W118/><G125/><N who="1" m="48234" /><E11/><V96/><REACH who="2" step="1"/><F116/><REACH who="2" ten="250,250,240,250" step="2"/><W74/><G118/><T36/><D86/><N who="1" m="48479" /><E20/><AGARI ba="0,1" hai="17,18,20,27,29,54,56,60,92,94,95,96,101,104" machi="20" ten="40,5200,0" yaku="1,1,52,1,53,1" doraHai="59" doraHaiUra="49" who="2" fromWho="1" sc="250,0,250,-52,240,62,250,0" /><INIT seed="1,0,0,5,2,32" ten="250,198,302,250" oya="1" hai0="9,87,15,73,85,36,117,80,100,48,129,31,38" hai1="121,96,1,112,45,69,4,63,67,126,114,84,81" hai2="49,18,94,56,61,14,34,97,95,120,125,10,44" hai3="51,23,89,40,50,12,82,86,76,71,83,74,79"/><U29/><E121/><V115/><F125/><W30/><G71/><T39/><D117/><U7/><E126/><V25/><F115/><W119/><G119/><T8/><D129/><U75/><E75/><V90/><F120/><W54/><G40/><T66/><D100/><U88/><E29/><V118/><F118/><W58/><G50/><T78/><D66/><U93/><E45/><V104/><F104/><W13/><G79/><T98/><D98/><U113/><REACH who="1" step="1"/><E1/><REACH who="1" ten="250,188,302,250" step="2"/><V116/><F116/><W91/><G74/><T59/><D31/><U130/><E130/><V52/><F44/><W123/><G123/><T122/><D122/><U27/><E27/><V68/><F25/><W72/><G72/><T53/><REACH who="0" step="1"/><D9/><REACH who="0" ten="240,188,302,250" step="2"/><U60/><E60/><V106/><F61/><W11/><G11/><T109/><D109/><U110/><E110/><V2/><F10/><W105/><G30/><T133/><D133/><U108/><E108/><V21/><F34/><W134/><G134/><T70/><D70/><U3/><E3/><V20/><F2/><W107/><G58/><T131/><D131/><U16/><E16/><AGARI ba="0,2" hai="8,15,16,36,38,39,48,53,59,73,78,80,85,87" machi="16" ten="40,2600,0" yaku="1,1,54,1,53,0" doraHai="32" doraHaiUra="92" who="0" fromWho="1" sc="240,46,188,-26,302,0,250,0" /><INIT seed="2,0,0,3,5,113" ten="286,162,302,250" oya="2" hai0="106,109,14,124,123,128,116,47,63,104,48,131,61" hai1="78,117,85,38,39,66,24,41,134,102,82,21,51" hai2="35,79,8,57,13,2,125,40,87,119,28,121,100" hai3="103,45,110,74,20,54,133,25,59,10,95,80,89"/><V65/><F119/><W16/><G110/><T92/><D123/><U93/><E134/><V97/><F121/><W76/><G133/><T68/><D109/><U126/><E126/><V23/><F40/><W84/><G45/><T115/><D115/><U135/><E135/><V94/><F125/><W22/><G22/><T86/><D124/><U56/><E117/><V72/><F72/><W114/><G10/><T0/><D0/><U91/><E102/><V7/><F35/><W3/><G3/><T4/><D116/><U46/><E56/><V83/><F57/><W127/><G127/><T5/><D92/><U90/><E66/><V32/><F65/><W70/><G70/><T1/><D86/><U34/><E90/><V26/><REACH who="2" step="1"/><F32/><REACH who="2" ten="286,162,292,250" step="2"/><W108/><G114/><T18/><D68/><U49/><E34/><V37/><F37/><W50/><G108/><T129/><D129/><U69/><E39/><V111/><F111/><W53/><G54/><T132/><D128/><U9/><E69/><V99/><F99/><N who="3" m="59903" /><G74/><T12/><D131/><U6/><E21/><V11/><F11/><W36/><G36/><T73/><D73/><U30/><E9/><V43/><F43/><W42/><G42/><T44/><D132/><U15/><E41/><V52/><F52/><W105/><G53/><T27/><D47/><U120/><E38/><V55/><F55/><W96/><G59/><T64/><D44/><U77/><E46/><V75/><F75/><W130/><G130/><T101/><D64/><U81/><E120/><V71/><F71/><W29/><G96/><T17/><D61/><RYUUKYOKU ba="0,1" sc="286,-10,162,-10,292,30,250,-10" hai2="2,7,8,13,23,26,28,79,83,87,94,97,100" /><INIT seed="2,1,1,0,4,106" ten="276,152,322,240" oya="2" hai0="59,23,46,21,18,77,35,54,109,40,22,75,84" hai1="37,51,99,73,9,76,7,134,3,65,115,24,89" hai2="116,61,132,55,74,19,71,122,66,39,68,32,108" hai3="131,83,1,28,52,11,101,112,88,67,62,114,41"/><V48/><F32/><W14/><G1/><T0/><D0/><U42/><E115/><N who="3" m="44074" /><G131/><T60/><D35/><U58/><E134/><V16/><F116/><W130/><G130/><T97/><D109/><U119/><E119/><V78/><F122/><W133/><G133/><T125/><D125/><U50/><E24/><V29/><F29/><W47/><G101/><T79/><D75/><U38/><E38/><V102/><F102/><W31/><G41/><T57/><D97/><U34/><E34/><V4/><F4/><N who="3" m="3431" /><G47/><T5/><D5/><U82/><E58/><V92/><F92/><W80/><G52/><T123/><D123/><U36/><E65/><V30/><F30/><N who="3" m="11307" /><G88/><T33/><D33/><U100/><E89/><V103/><F103/><W126/><G126/><T72/><D72/><U110/><E110/><V43/><F108/><W104/><G104/><T64/><D84/><U45/><REACH who="1" step="1"/><E37/><REACH who="1" ten="276,142,322,240" step="2"/><V124/><F124/><W27/><G27/><T128/><D128/><U91/><E91/><V127/><F127/><W94/><G94/><AGARI ba="1,2" hai="3,7,9,36,42,45,50,51,73,76,82,94,99,100" machi="94" ten="30,12000,2" yaku="1,1,7,1,25,2,52,1,53,1" doraHai="106" doraHaiUra="93" who="1" fromWho="3" sc="276,0,142,143,322,0,240,-123" /><INIT seed="3,0,0,4,4,65" ten="276,285,322,117" oya="3" hai0="80,42,116,56,20,75,104,47,105,113,13,14,92" hai1="112,118,52,33,21,3,111,34,93,83,22,26,38" hai2="127,19,6,10,101,4,110,12,2,131,23,31,124" hai3="68,119,73,28,95,130,58,115,85,70,55,122,74"/><W81/><G119/><T64/><D116/><U8/><E112/><V5/><F101/><W129/><G122/><T120/><D120/><U69/><E38/><V82/><F82/><W90/><G115/><T57/><D113/><U99/><E118/><V97/><F97/><W9/><G28/><T50/><D92/><U7/><E69/><N who="3" m="26730" /><G9/><T106/><D64/><U126/><E83/><V134/><F110/><W27/><G27/><T30/><D30/><U98/><E111/><V121/><F134/><W89/><G89/><T123/><D123/><U78/><E78/><V94/><F131/><N who="3" m="50187" /><G81/><T18/><D14/><U53/><E26/><N who="2" m="16863" /><F94/><W108/><G108/><T72/><D72/><U91/><E93/><V103/><F103/><W11/><G11/><T77/><AGARI ba="0,0" hai="13,18,20,42,47,50,56,57,75,77,80,104,105,106" machi="77" ten="40,1500,0" yaku="0,1" doraHai="65" who="0" fromWho="0" sc="276,15,285,-4,322,-4,117,-7" /><INIT seed="4,0,0,3,0,4" ten="291,281,318,110" oya="0" hai0="111,125,42,1,22,6,58,87,12,57,102,117,122" hai1="55,54,99,47,84,8,35,41,59,131,82,116,88" hai2="107,76,86,70,67,114,113,124,71,61,74,119,73" hai3="115,94,77,0,23,60,95,133,33,43,65,37,24"/><T135/><D122/><U129/><E116/><V90/><F124/><W31/><G115/><N who="2" m="44041" /><F119/><W110/><G110/><T104/><D117/><U132/><E35/><V93/><F107/><W40/><G133/><T13/><D1/><U106/><E132/><V48/><F48/><W101/><G0/><T27/><D125/><U51/><E8/><V7/><F7/><W56/><G94/><T44/><D135/><U85/><E85/><N who="2" m="52431" /><F71/><W36/><G33/><T68/><D68/><U9/><E9/><V66/><F67/><W120/><G120/><T25/><D111/><U17/><E17/><V96/><F96/><W100/><G100/><T118/><D118/><U128/><REACH who="1" step="1"/><E59/><REACH who="1" ten="291,271,318,110" step="2"/><V52/><F86/><W108/><G108/><T53/><D58/><U49/><E49/><V34/><F34/><W38/><REACH who="3" step="1"/><G77/><REACH who="3" ten="291,271,318,100" step="2"/><T14/><D104/><U127/><E127/><V62/><F76/><W89/><G89/><T64/><D102/><AGARI ba="0,2" hai="41,47,51,54,55,82,84,88,99,102,106,128,129,131" machi="102" ten="40,8000,1" yaku="1,1,19,1,54,1,53,1" doraHai="4" doraHaiUra="83" who="1" fromWho="0" sc="291,-80,271,100,318,0,100,0" /><INIT seed="5,0,0,0,5,108" ten="211,371,318,100" oya="1" hai0="38,106,101,41,122,125,110,51,22,55,30,98,97" hai1="92,69,33,20,13,71,59,64,130,5,99,73,43" hai2="78,53,126,58,89,67,104,32,123,68,107,28,102" hai3="65,37,86,8,100,45,116,85,83,63,11,113,56"/><U93/><E33/><V135/><F78/><W10/><G116/><T117/><D110/><U48/><E73/><V84/><F123/><W119/><G119/><T52/><D122/><U127/><E127/><V62/><F135/><W115/><G100/><T57/><D117/><U80/><E80/><V17/><F17/><W1/><G1/><T133/><D133/><U114/><E93/><V34/><F126/><W42/><REACH who="3" step="1"/><G85/><REACH who="3" ten="211,371,318,90" step="2"/><T50/><D125/><U60/><E99/><V76/><F102/><W21/><G21/><T4/><D22/><U31/><E20/><V7/><F32/><W40/><G40/><T105/><D41/><U49/><E43/><V94/><F34/><W3/><G3/><T9/><D98/><U72/><E72/><V2/><F2/><W25/><G25/><T61/><D97/><U44/><E13/><V46/><F84/><W26/><G26/><T134/><D101/><U132/><E132/><V103/><F103/><W0/><G0/><T95/><D134/><U88/><E31/><V82/><F28/><W70/><G70/><T74/><D30/><U29/><E71/><V121/><F68/><W81/><G81/><T118/><D118/><U19/><E69/><V79/><F82/><W27/><G27/><T91/><D105/><U129/><E29/><V35/><F104/><W54/><G54/><T90/><D106/><U47/><E64/><V15/><F67/><W109/><G109/><T66/><D66/><U75/><E75/><V87/><F107/><W24/><G24/><T124/><D74/><U14/><E14/><V18/><F15/><RYUUKYOKU ba="0,1" sc="211,-10,371,-10,318,-10,90,30" hai3="8,10,11,37,42,45,56,63,65,83,86,113,115" /><INIT seed="6,1,1,2,0,25" ten="201,361,308,120" oya="2" hai0="26,20,107,61,118,8,120,11,9,131,75,82,60" hai1="133,13,57,121,18,19,95,30,37,125,49,122,102" hai2="5,52,96,113,108,32,36,135,88,89,58,43,94" hai3="67,45,14,114,104,21,64,10,48,79,69,105,24"/><V55/><F113/><W28/><G79/><T2/><D120/><N who="1" m="46187" /><E37/><V4/><F135/><W100/><G114/><T65/><D107/><U0/><E0/><V73/><F73/><W16/><G100/><T42/><D2/><U38/><E38/><V90/><F108/><W15/><G69/><T78/><D118/><U53/><E125/><V80/><F32/><W111/><G111/><T3/><D3/><U33/><E133/><V56/><F43/><W106/><REACH who="3" step="1"/><G15/><REACH who="3" ten="201,361,308,110" step="2"/><T23/><D131/><U63/><E13/><V1/><F1/><W29/><G29/><T44/><D65/><U85/><E30/><V6/><F36/><W128/><G128/><T124/><D124/><U27/><E102/><N who="2" m="60695" /><F80/><W87/><G87/><T54/><D82/><U62/><E85/><V81/><F81/><W47/><G47/><T83/><D44/><U103/><E103/><V22/><F22/><W17/><G17/><T76/><D23/><U68/><E19/><V134/><F134/><W116/><G116/><T115/><D76/><U109/><E18/><V84/><F84/><W77/><G77/><T127/><D115/><U126/><E126/><V74/><F74/><W92/><G92/><T46/><D127/><U101/><E109/><V51/><F5/><W98/><G98/><T35/><D35/><U72/><E72/><V7/><F6/><W123/><G123/><T99/><D99/><N who="1" m="59647" /><E68/><V130/><F130/><W112/><G112/><T110/><D110/><U39/><E39/><V34/><F34/><W40/><AGARI ba="1,2" hai="10,14,16,21,24,28,40,45,48,64,67,104,105,106" machi="40" ten="30,7900,0" yaku="1,1,0,1,52,1,54,1,53,0" doraHai="25" doraHaiUra="119" who="3" fromWho="3" sc="201,-21,361,-21,308,-40,110,102" /><INIT seed="7,0,0,1,0,9" ten="180,340,268,212" oya="3" hai0="47,96,54,50,14,100,84,52,41,77,40,83,133" hai1="127,112,81,129,45,1,4,101,27,39,59,117,109" hai2="37,51,6,73,62,32,89,88,92,130,19,113,123" hai3="21,68,7,36,48,70,103,67,71,76,2,107,111"/><W35/><G36/><T72/><D133/><U13/><E1/><V42/><F32/><W66/><G35/><T57/><D72/><U28/><E109/><V11/><F73/><W46/><G76/><T3/><D3/><U55/><E39/><V87/><F123/><W110/><G103/><T23/><D23/><N who="1" m="15487" /><E112/><V18/><F130/><W93/><G107/><T132/><D132/><U29/><E29/><V15/><F62/><W104/><G93/><T38/><D38/><U86/><E101/><V8/><F113/><W95/><G95/><T33/><D33/><U134/><E127/><V10/><F19/><W34/><G34/><T135/><D135/><U91/><E134/><V64/><F64/><W78/><G78/><T69/><D69/><U12/><E4/><V97/><F18/><W30/><G7/><T115/><D115/><U85/><E45/><N who="2" m="26039" /><F37/><W60/><G104/><T90/><D77/><N who="1" m="46255" /><E117/><V116/><F116/><W58/><G2/><T131/><D131/><U79/><E129/><V20/><F20/><W74/><G74/><T94/><D14/><U108/><E108/><N who="3" m="41514" /><G21/><T26/><D26/><U24/><E24/><V56/><F56/><W114/><G30/><T126/><D126/><U31/><E31/><V22/><F22/><W99/><G114/><T5/><D5/><U53/><E79/><V43/><F43/><N who="3" m="24671" /><G99/><T82/><D82/><AGARI ba="0,0" hai="6,8,10,11,15,82,87,88,89,92,97" m="26039" machi="82" ten="30,3900,0" yaku="8,1,52,1,54,1" doraHai="9" who="2" fromWho="0" sc="180,-39,340,0,268,39,212,0" owari="141,-36.0,340,44.0,307,11.0,212,-19.0" /></mjloggm>