<mjloggm ver="2.3"><GO type="169" lobby="0"/><UN n0="%E5%B0%B1%E6%B4%BB%E7%94%9F%40%E5%B7%9D%E6%9D%91%E8%BB%8D%E5%9B%A3" n1="%67%6F%75%73%69" n2="%E3%83%84%E3%82%A4%E3%82%B9%E3%83%88" n3="%52%69%2D%4D%6F%2D" dan="18,17,16,17" rate="2238.13,2149.46,2021.23,2136.73" sx="M,M,M,M"/><TAIKYOKU oya="0"/><INIT seed="0,0,0,4,0,64" ten="250,250,250,250" oya="0" hai0="4,130,15,47,61,52,19,108,82,73,35,45,93" hai1="104,87,74,26,32,118,16,117,69,78,59,10,58" hai2="28,51,66,0,129,81,125,53,55,22,29,128,17" hai3="48,33,121,25,75,114,23,97,133,60,44,13,27"/><T37/><D35/><U86/><E74/><V76/><F125/><W9/><G114/><T111/><D130/><N who="2" m="50282" /><F0/><W71/><G75/><T70/><D4/><U49/><E104/><V99/><F99/><W18/><G133/><T127/><D127/><U89/><E78/><V31/><F51/><W62/><G121/><T8/><D93/><U94/><E32/><V63/><F81/><W39/><G39/><T43/><D82/><U135/><E135/><V115/><F76/><W113/><G113/><T100/><D100/><U103/><E103/><V6/><F6/><W54/><G71/><T38/><D73/><U122/><E122/><V11/><F11/><W98/><G33/><T3/><D3/><U24/><E49/><V2/><F2/><W131/><G27/><T112/><D112/><U90/><E10/><V21/><F115/><W5/><REACH who="3" step="1"/><G131/><REACH who="3" ten="250,250,250,240" step="2"/><T105/><D105/><U20/><E69/><N who="2" m="42207" /><F22/><W67/><G67/><T50/><D38/><U92/><REACH who="1" step="1"/><E26/><AGARI ba="0,1" hai="17,21,26,28,29,31,53,55" m="42207,50282" machi="26" ten="30,2000,0" yaku="19,1,52,1" doraHai="64" who="2" fromWho="1" sc="250,0,250,-20,250,30,240,0" /><INIT seed="1,0,0,4,5,14" ten="250,230,280,240" oya="1" hai0="50,89,33,77,35,130,110,112,42,4,19,92,10" hai1="101,67,79,74,107,70,109,88,43,116,106,114,80" hai2="29,8,72,94,122,134,0,128,83,63,135,98,120" hai3="115,113,99,85,56,96,15,17,52,22,76,23,18"/><U66/><E114/><V55/><F128/><W9/><G113/><T108/><D112/><U13/><E116/><V62/><F29/><W40/><G40/><T59/><D77/><U37/><E37/><V45/><F122/><W71/><G71/><T38/><D38/><U11/><E43/><V86/><F72/><W24/><G115/><T132/><D132/><N who="2" m="50730" /><F120/><W20/><G76/><T100/><D100/><U5/><E109/><N who="0" m="42089" /><D130/><U133/><E133/><V117/><F117/><W103/><G85/><N who="0" m="52271" /><D4/><U68/><E68/><V131/><F131/><W123/><G123/><T26/><D10/><U1/><E70/><V46/><F8/><W2/><G2/><T93/><D93/><U73/><E73/><V129/><F0/><W32/><G32/><T12/><D12/><U30/><E1/><V57/><F129/><W31/><G31/><T3/><D3/><U111/><E111/><V65/><F94/><N who="3" m="58775" /><G99/><T124/><D124/><U125/><E125/><V61/><F98/><W48/><AGARI ba="0,0" hai="9,15,17,18,20,22,23,24,48,52,56" m="58775" machi="48" ten="30,7900,0" yaku="8,1,52,2,54,1" doraHai="14" who="3" fromWho="3" sc="250,-20,230,-39,280,-20,240,79" /><INIT seed="2,0,0,0,0,126" ten="230,191,260,319" oya="2" hai0="20,121,61,53,48,119,45,89,99,13,74,104,28" hai1="90,52,124,72,105,56,50,66,49,60,118,55,47" hai2="122,97,100,4,107,131,102,110,9,67,95,115,111" hai3="59,82,57,135,44,109,14,123,85,15,29,23,32"/><V24/><F115/><W30/><G123/><T81/><D121/><U43/><E105/><V51/><F122/><W103/><G32/><T65/><D119/><U37/><E72/><V129/><F67/><W75/><G75/><T62/><D74/><U91/><E118/><V134/><F134/><W87/><G135/><T68/><D104/><U7/><E7/><V42/><F24/><W54/><G103/><T92/><D81/><U77/><E77/><V46/><F102/><W0/><G0/><T64/><D13/><U88/><E124/><V12/><F107/><W132/><G132/><T22/><REACH who="0" step="1"/><D28/><REACH who="0" ten="220,191,260,319" step="2"/><U39/><REACH who="1" step="1"/><E43/><REACH who="1" ten="220,181,260,319" step="2"/><V98/><REACH who="2" step="1"/><F98/><REACH who="2" ten="220,181,250,319" step="2"/><W18/><G30/><T16/><D16/><U114/><E114/><V1/><F1/><W11/><G29/><T83/><D83/><U27/><E27/><V106/><F106/><W33/><G82/><T108/><D108/><AGARI ba="0,3" hai="4,9,12,42,46,51,95,97,100,108,110,111,129,131" machi="108" ten="40,24000,3" yaku="1,1,14,1,10,1,52,2,53,3" doraHai="126" doraHaiUra="120" who="2" fromWho="0" sc="220,-240,181,0,250,270,319,0" owari="-20,-52.0,181,-22.0,520,62.0,319,12.0" /></mjloggm>