<mjloggm ver="2.3"><GO type="169" lobby="0"/><UN n0="%E3%83%8B%E3%83%A3%E3%83%83%E3%83%94%E3%83%BC%E5%A4%8F%E7%9B%AE" n1="%30%30%73%61%69" n2="%6D%6F%74%69%37%32%2E%2E" n3="%E3%82%A6%E3%83%AB%E3%83%88%E3%83%A9%E7%AB%8B%E7%9B%B4" dan="18,17,17,18" rate="2172.31,2113.73,2145.05,2190.91" sx="M,M,M,M"/><TAIKYOKU oya="0"/><INIT seed="0,0,0,4,4,97" ten="250,250,250,250" oya="0" hai0="55,65,87,63,104,112,78,110,127,131,62,0,118" hai1="116,114,41,61,8,86,15,27,117,92,95,96,58" hai2="69,134,81,120,79,12,59,102,25,21,119,94,5" hai3="44,35,91,121,90,135,105,85,109,40,57,37,46"/><T67/><D0/><U130/><E130/><V22/><F69/><W32/><G57/><N who="0" m="35135" /><D87/><U132/><E132/><V17/><F120/><W30/><G85/><T106/><D78/><U13/><E114/><V56/><F134/><W80/><G80/><T39/><D106/><U42/><E116/><V64/><F119/><W89/><G105/><T51/><D104/><U45/><E45/><V50/><F64/><W107/><G107/><T111/><D118/><U99/><E27/><V74/><F50/><W66/><G35/><T7/><D7/><U36/><E36/><V88/><F102/><W34/><G32/><T20/><D20/><U101/><E86/><V3/><F3/><W100/><G34/><T33/><D33/><U47/><E47/><V126/><F126/><W26/><G37/><T24/><D24/><U77/><E77/><V83/><F83/><W11/><G26/><T84/><D84/><U18/><E15/><V70/><F70/><W73/><G135/><T1/><D1/><U49/><E49/><V72/><F72/><W10/><G73/><T9/><D112/><U113/><E113/><V31/><REACH who="2" step="1"/><F5/><REACH who="2" ten="250,250,240,250" step="2"/><W125/><G125/><T29/><D127/><U28/><E117/><V23/><F23/><W76/><G121/><T14/><D51/><U19/><E101/><V53/><F53/><W2/><G100/><T68/><D67/><U103/><E103/><V115/><F115/><W52/><G66/><T108/><D39/><U82/><E82/><V123/><F123/><W54/><G2/><T4/><D131/><U124/><E124/><V128/><F128/><RYUUKYOKU ba="0,1" sc="250,15,250,-15,240,15,250,-15" hai0="4,9,14,29,63,65,68,108,110,111" hai2="12,17,21,22,25,31,56,59,74,79,81,88,94" /><INIT seed="0,1,1,4,0,63" ten="265,235,255,235" oya="0" hai0="121,97,65,41,59,117,60,50,102,88,78,15,44" hai1="90,95,45,135,112,66,31,132,105,49,10,92,73" hai2="86,51,115,94,82,13,98,128,11,9,69,76,0" hai3="93,30,42,39,17,29,19,62,14,12,16,77,56"/><T55/><D117/><U104/><E73/><V124/><F115/><W131/><G131/><T35/><D35/><U108/><E31/><V40/><F69/><W89/><G77/><T26/><D121/><U48/><E108/><V109/><F109/><W47/><G30/><T118/><D118/><U116/><E116/><V125/><F128/><W134/><G29/><T75/><D75/><U23/><E23/><V8/><F0/><W85/><REACH who="3" step="1"/><G134/><REACH who="3" ten="265,235,255,225" step="2"/><T110/><D78/><U64/><E112/><V130/><F130/><W120/><G120/><T79/><D79/><U33/><E33/><V71/><F124/><W114/><G114/><T101/><D110/><U1/><E132/><V27/><F125/><W99/><G99/><T72/><D72/><U22/><E135/><V83/><F76/><W87/><G87/><T127/><D127/><U74/><E74/><V21/><F86/><W28/><G28/><T126/><D126/><U32/><E32/><V25/><F98/><W100/><G100/><T52/><D102/><U70/><E105/><V111/><F111/><W34/><G34/><T91/><D101/><U36/><E104/><V6/><F83/><W129/><G129/><T4/><D97/><U68/><E95/><V61/><F82/><W119/><G119/><T107/><D107/><U103/><E92/><V54/><F94/><W57/><G57/><T67/><D91/><U37/><E90/><V123/><F123/><W53/><AGARI ba="1,2" hai="12,14,16,17,19,39,42,47,53,56,62,85,89,93" machi="53" ten="30,4000,0" yaku="1,1,0,1,54,1,53,0" doraHai="63" doraHaiUra="113" who="3" fromWho="3" sc="265,-21,235,-11,255,-11,225,63" /><INIT seed="1,0,0,5,1,63" ten="244,224,244,288" oya="1" hai0="5,108,85,37,74,90,12,54,72,101,78,24,115" hai1="75,80,98,6,43,67,111,60,8,22,128,109,41" hai2="47,73,122,95,29,45,124,84,81,4,9,11,103" hai3="23,132,58,94,30,21,88,99,91,129,92,119,46"/><U31/><E128/><V89/><F122/><W2/><G2/><T87/><D37/><U123/><E123/><V134/><F134/><W131/><G132/><T107/><D115/><U125/><E125/><V14/><F124/><W135/><G135/><T61/><D108/><N who="1" m="41547" /><E98/><V17/><F29/><W33/><G119/><T82/><D101/><U112/><E112/><V16/><F73/><W52/><G46/><N who="2" m="17417" /><F11/><W116/><G116/><T117/><D107/><U7/><E31/><V105/><F105/><W39/><G39/><T76/><D117/><U86/><E22/><V68/><F68/><W93/><G33/><T1/><D1/><N who="1" m="79" /><E7/><V79/><F103/><N who="3" m="60903" /><G30/><T104/><D104/><U96/><E96/><V49/><F4/><W70/><G131/><T38/><D5/><U32/><E32/><V40/><F9/><W120/><G70/><T100/><D100/><U126/><E126/><V102/><F102/><W53/><G120/><T65/><D74/><U62/><E62/><V71/><F17/><W127/><G127/><T106/><D61/><U56/><E75/><V57/><F16/><W48/><G129/><T118/><D72/><U113/><E113/><V110/><F110/><W10/><G21/><T97/><D97/><U121/><E121/><V0/><F0/><W59/><G23/><T35/><D35/><U69/><E69/><V133/><F71/><W36/><G10/><T50/><D106/><U64/><E64/><V18/><F133/><W55/><G36/><T3/><D38/><U44/><E44/><N who="2" m="25735" /><F18/><W66/><G66/><T27/><D65/><U83/><E86/><RYUUKYOKU ba="0,0" sc="244,-10,224,30,244,-10,288,-10" hai1="41,43,56,60,67,80,83" /><INIT seed="1,1,0,4,3,115" ten="234,254,234,278" oya="1" hai0="99,107,84,44,19,80,23,106,117,49,26,77,105" hai1="82,25,97,132,38,125,39,29,41,93,43,87,135" hai2="94,90,89,54,69,120,134,110,91,128,11,67,96" hai3="114,127,88,10,7,79,8,81,9,119,129,45,52"/><U103/><E125/><V130/><F120/><W48/><G114/><T98/><REACH who="0" step="1"/><D117/><REACH who="0" ten="224,254,234,278" step="2"/><U102/><E102/><V71/><F128/><W118/><G129/><T1/><D1/><U65/><E65/><V42/><F67/><W123/><G123/><T100/><D100/><U2/><E2/><V92/><F130/><W51/><G127/><T24/><D24/><U70/><E70/><V83/><F71/><W61/><G61/><T121/><D121/><U13/><E13/><V34/><F69/><W47/><G7/><T124/><D124/><U74/><E74/><V27/><F27/><W28/><G28/><T4/><D4/><U32/><E39/><V95/><F134/><N who="1" m="51241" /><E38/><V113/><F113/><W18/><G18/><T16/><D16/><U78/><AGARI ba="1,1" hai="25,29,32,41,43,78,82,87,93,97,103" m="51241" machi="78" ten="30,1500,0" yaku="20,1" doraHai="115" who="1" fromWho="1" sc="224,-6,254,28,234,-6,278,-6" /><INIT seed="1,2,0,2,1,80" ten="218,282,228,272" oya="1" hai0="59,54,112,93,106,28,57,12,55,40,52,98,70" hai1="105,114,84,83,103,7,128,11,44,60,133,77,72" hai2="109,87,33,108,51,89,14,97,67,41,101,39,23" hai3="134,74,18,8,27,53,69,113,4,62,111,37,123"/><U47/><E114/><V19/><F33/><W96/><G74/><T3/><D3/><U34/><E34/><V22/><F39/><W21/><G37/><T1/><D1/><U56/><E128/><V16/><F67/><W125/><G111/><N who="2" m="42569" /><F41/><W15/><G125/><T42/><D106/><U115/><E115/><V92/><F51/><W79/><G134/><T104/><D104/><U20/><E133/><V71/><F71/><W24/><G123/><T31/><D70/><U78/><E105/><N who="2" m="63663" /><F19/><W110/><G110/><T17/><D112/><U90/><E103/><V5/><F5/><W36/><G36/><T26/><D42/><U116/><E47/><V64/><F64/><W91/><G69/><T25/><D40/><U32/><E32/><V130/><F130/><W122/><G122/><T86/><D31/><U35/><E44/><V6/><F6/><W61/><G61/><T119/><D28/><U124/><E60/><V126/><F126/><W132/><G132/><T68/><D68/><U49/><E35/><V99/><F23/><W102/><G62/><T120/><D120/><U127/><E20/><V100/><F100/><W95/><G102/><T118/><D119/><U94/><E116/><V2/><F2/><W30/><G113/><T81/><D118/><U65/><E65/><V63/><F63/><W73/><G53/><T117/><D117/><U46/><E127/><V0/><F0/><N who="3" m="7" /><G30/><T75/><D55/><N who="1" m="31855" /><E124/><V13/><F13/><W50/><G50/><T38/><D38/><U131/><E131/><V48/><F48/><W66/><G66/><T29/><D54/><RYUUKYOKU ba="2,0" sc="218,-15,282,-15,228,15,272,15" hai2="14,16,22,87,89,92,99" hai3="15,18,21,24,27,73,79,91,95,96" /><INIT seed="2,3,0,0,2,16" ten="203,267,243,287" oya="2" hai0="103,25,56,94,17,87,120,21,116,7,124,42,50" hai1="57,106,70,98,101,93,126,108,89,84,67,13,60" hai2="123,31,65,46,1,22,114,41,64,71,40,127,34" hai3="61,2,90,11,117,129,77,104,4,8,5,52,118"/><V133/><F123/><W88/><G129/><T54/><D120/><U86/><E108/><V92/><F114/><W132/><G132/><T55/><D124/><U9/><E126/><V74/><F34/><W72/><G104/><T32/><D116/><U49/><E49/><V97/><F1/><W125/><G125/><T59/><D32/><U121/><E121/><V128/><F74/><W36/><G36/><T113/><D113/><U18/><REACH who="1" step="1"/><E86/><REACH who="1" ten="203,257,243,287" step="2"/><V45/><F127/><W30/><G118/><T12/><D87/><U63/><E63/><V26/><F133/><W23/><G117/><T28/><D42/><U85/><E85/><V134/><F134/><W14/><G72/><T79/><D79/><U122/><E122/><V100/><F128/><W131/><G77/><T130/><D130/><U80/><E80/><V109/><F109/><W73/><G73/><T115/><D115/><U69/><AGARI ba="3,1" hai="9,13,18,57,60,67,69,70,84,89,93,98,101,106" machi="69" ten="30,2000,0" yaku="1,1,0,1,53,0" doraHai="16" doraHaiUra="43" who="1" fromWho="1" sc="203,-8,257,39,243,-13,287,-8" /><INIT seed="3,0,0,4,2,51" ten="195,296,230,279" oya="3" hai0="80,105,126,25,69,16,129,113,9,65,76,111,106" hai1="58,72,6,116,62,37,54,84,97,45,26,24,71" hai2="7,112,14,85,38,66,102,118,27,47,19,78,20" hai3="123,130,93,128,39,11,28,59,83,32,90,8,55"/><W120/><G39/><T10/><D111/><U52/><E72/><V4/><F112/><W95/><G28/><T29/><D113/><U75/><E75/><V114/><F114/><W82/><G32/><T127/><D129/><N who="3" m="49769" /><G11/><T110/><D110/><U124/><E71/><V60/><F118/><W115/><G8/><T57/><D69/><U135/><E135/><V63/><F102/><W2/><G2/><T79/><D9/><U43/><E124/><N who="0" m="47657" /><D79/><U104/><E116/><V3/><F3/><W98/><G115/><T49/><D65/><U23/><E26/><V22/><F66/><W40/><G40/><T77/><D77/><U50/><E6/><V117/><F117/><W17/><G17/><T36/><D36/><U107/><E97/><V5/><F38/><W92/><G98/><T21/><D29/><U70/><E70/><V94/><F22/><W18/><G18/><T13/><D25/><U103/><E37/><V30/><F27/><W48/><G90/><T89/><D89/><U56/><E43/><V42/><F30/><W31/><G31/><T61/><D21/><U132/><E24/><V99/><F99/><W86/><G86/><N who="0" m="48391" /><D61/><U0/><E84/><V12/><F12/><W46/><G83/><T73/><D73/><U81/><E81/><V53/><F14/><W101/><G82/><T67/><D67/><U96/><E0/><V1/><F1/><W134/><G134/><T41/><D41/><N who="1" m="24879" /><E23/><V33/><F20/><W64/><G101/><T122/><D122/><N who="3" m="46633" /><G64/><T108/><D108/><U91/><E132/><V34/><F7/><W119/><G119/><RYUUKYOKU ba="0,0" sc="195,15,296,-15,230,-15,279,15" hai0="10,13,16,49,57,105,106" hai3="46,48,55,59,92,93,95" /><INIT seed="3,1,0,4,1,74" ten="210,281,215,294" oya="3" hai0="25,4,44,90,3,11,81,16,24,134,68,116,128" hai1="111,21,93,60,114,130,46,101,85,22,39,77,48" hai2="51,92,135,9,33,42,115,112,34,98,79,120,72" hai3="132,75,89,88,119,30,84,103,35,99,13,94,91"/><W19/><G119/><T107/><D116/><U100/><E39/><V131/><F9/><W83/><G132/><T63/><D107/><U10/><E114/><V129/><F135/><W36/><G36/><T82/><D134/><U49/><E111/><V121/><F42/><W38/><G38/><T28/><D128/><N who="2" m="49226" /><F51/><W31/><G75/><T18/><D44/><U117/><E117/><V32/><F72/><W87/><G35/><T110/><D110/><U55/><E60/><V123/><F79/><N who="3" m="46207" /><G87/><T133/><D133/><U106/><E77/><V26/><F26/><W59/><G59/><T56/><D68/><U71/><E71/><V105/><F105/><W20/><AGARI ba="1,0" hai="13,19,20,30,31,88,89,91,94,99,103" m="46207" machi="20" ten="30,6000,0" yaku="8,1,52,1,54,1" doraHai="74" who="3" fromWho="3" sc="210,-21,281,-21,215,-21,294,63" /><INIT seed="3,2,0,4,3,61" ten="189,260,194,357" oya="3" hai0="58,3,53,5,29,97,111,125,27,1,25,51,59" hai1="75,54,87,34,109,105,36,8,108,30,128,77,74" hai2="99,79,64,81,23,19,86,49,117,98,63,116,68" hai3="90,47,31,126,121,21,89,130,76,96,60,120,18"/><W39/><G31/><T134/><D111/><N who="1" m="42571" /><E36/><V28/><F28/><W131/><G76/><T22/><D134/><U2/><E105/><V119/><REACH who="2" step="1"/><F49/><REACH who="2" ten="189,260,184,357" step="2"/><W45/><G39/><T103/><D125/><U114/><E30/><V38/><F38/><W16/><G126/><T93/><D5/><U20/><E34/><V127/><F127/><W123/><G123/><T57/><REACH who="0" step="1"/><D27/><AGARI ba="2,1" hai="19,23,27,63,64,68,79,81,86,98,99,116,117,119" machi="27" ten="40,2600,0" yaku="1,1,52,1,53,0" doraHai="61" doraHaiUra="110" who="2" fromWho="0" sc="189,-32,260,0,184,42,357,0" /><INIT seed="4,0,0,5,2,37" ten="157,260,226,357" oya="0" hai0="135,52,31,77,84,110,81,113,48,115,59,95,18" hai1="109,126,105,14,82,45,129,58,25,46,103,0,1" hai2="120,94,36,97,34,73,107,7,8,13,39,19,56" hai3="93,44,20,102,63,96,10,125,83,106,100,42,27"/><T38/><D135/><U4/><E105/><V117/><F107/><W114/><G114/><N who="0" m="43531" /><D110/><U55/><E1/><V22/><F34/><W26/><G125/><T86/><D31/><U108/><E0/><V43/><F73/><W49/><G10/><T121/><D121/><U131/><E103/><V80/><F80/><W89/><G106/><T91/><D38/><U122/><E25/><V67/><F120/><W85/><G63/><T124/><D18/><U11/><E82/><V130/><F130/><N who="1" m="49673" /><E126/><AGARI ba="0,0" hai="48,52,59,77,81,84,86,91,95,124,126" m="43531" machi="126" ten="30,2900,0" yaku="15,1,54,1" doraHai="37" who="0" fromWho="1" sc="157,29,260,-29,226,0,357,0" /><INIT seed="4,1,0,3,2,54" ten="186,231,226,357" oya="0" hai0="22,128,24,0,29,45,80,26,50,98,122,17,133" hai1="72,48,28,132,100,5,120,46,31,81,124,113,13" hai2="2,114,35,76,119,117,105,59,85,62,74,71,58" hai3="135,77,43,60,47,126,8,27,112,55,65,57,88"/><T42/><D122/><U123/><E100/><V30/><F2/><W82/><G112/><T40/><D133/><U12/><E72/><V90/><F105/><W73/><G126/><T130/><D0/><U21/><E81/><N who="2" m="45207" /><F114/><W93/><G8/><T104/><D80/><U84/><E84/><V61/><F35/><W36/><G27/><T116/><D116/><N who="2" m="44618" /><F30/><W134/><REACH who="3" step="1"/><G65/><REACH who="3" ten="186,231,226,347" step="2"/><T109/><D109/><U83/><E113/><V99/><F99/><AGARI ba="1,1" hai="36,43,47,55,57,60,73,77,82,88,93,99,134,135" machi="99" ten="40,8000,1" yaku="1,1,2,1,52,1,54,1,53,0" doraHai="54" doraHaiUra="4" who="3" fromWho="2" sc="186,0,231,0,226,-83,347,93" /><INIT seed="5,0,0,3,1,105" ten="186,231,143,440" oya="1" hai0="28,40,103,88,133,59,55,87,39,38,5,108,97" hai1="99,26,86,30,120,52,53,3,134,76,36,119,45" hai2="85,24,112,15,35,114,16,21,63,42,13,27,19" hai3="41,71,46,25,47,62,2,11,74,84,122,44,49"/><U93/><E3/><V130/><F42/><W129/><G122/><T31/><D108/><U56/><E119/><V70/><F85/><W48/><G74/><T58/><D5/><U6/><E6/><V8/><F63/><W106/><G106/><T7/><D7/><U14/><E134/><V72/><F72/><W73/><G73/><T131/><D131/><U23/><E36/><V60/><F60/><W66/><G129/><T51/><D58/><U102/><E120/><V75/><F75/><W4/><G25/><T57/><D57/><U79/><E14/><N who="2" m="7239" /><F70/><W12/><G2/><T69/><D69/><U82/><E45/><V125/><F130/><W65/><G65/><T64/><D64/><U100/><E100/><V90/><F90/><W78/><G49/><T121/><D133/><U124/><E124/><V9/><F125/><W118/><G118/><T54/><D54/><N who="1" m="21099" /><E56/><V37/><F37/><W34/><G34/><T116/><D116/><U43/><E43/><V67/><F67/><W1/><G1/><T132/><D132/><U127/><E127/><V126/><F126/><W109/><G109/><T61/><D121/><U33/><E33/><V18/><F35/><W107/><G107/><N who="0" m="63983" /><D39/><U110/><E110/><V80/><F80/><AGARI ba="0,0" hai="4,11,12,41,44,46,47,48,62,66,71,78,80,84" machi="80" ten="40,2600,0" yaku="25,2" doraHai="105" who="3" fromWho="2" sc="186,0,231,0,143,-26,440,26" /><INIT seed="6,0,0,3,2,54" ten="186,231,117,466" oya="2" hai0="50,49,122,22,119,106,67,45,98,101,87,40,107" hai1="96,48,126,3,21,79,68,89,117,58,88,41,32" hai2="53,131,37,99,129,116,77,76,4,78,13,20,39" hai3="115,12,91,92,82,18,26,56,23,55,80,9,5"/><V90/><F116/><W110/><G115/><T94/><D122/><U102/><E32/><V66/><F66/><W38/><G38/><T112/><D112/><U15/><E68/><V36/><F53/><W16/><G18/><T57/><D119/><U135/><E3/><V114/><F114/><W70/><G70/><T35/><D35/><U25/><E15/><V130/><F20/><W123/><G110/><T24/><D87/><U8/><E8/><V44/><F44/><W62/><G123/><T14/><D14/><U125/><E79/><V132/><F132/><W64/><G64/><T85/><D85/><AGARI ba="0,0" hai="5,9,12,16,23,26,55,56,62,80,82,85,91,92" machi="85" ten="30,7700,0" yaku="7,1,8,1,52,1,54,1" doraHai="54" who="3" fromWho="0" sc="186,-77,231,0,117,0,466,77" /><INIT seed="7,0,0,2,3,133" ten="109,231,117,543" oya="3" hai0="112,85,86,32,47,78,63,48,126,81,18,67,80" hai1="93,123,115,71,11,119,5,128,90,104,44,108,135" hai2="33,113,68,42,21,2,131,43,82,51,20,25,70" hai3="6,127,84,109,26,75,37,69,101,55,95,111,41"/><W40/><G75/><T120/><D120/><U19/><E90/><V7/><F33/><W116/><G116/><T89/><D32/><U59/><E93/><V35/><F35/><W3/><G6/><T49/><D126/><U52/><E52/><V73/><F21/><W110/><G3/><T103/><D112/><U96/><E59/><V134/><F113/><W9/><G9/><T106/><D106/><U8/><E96/><V121/><F134/><W122/><G69/><T107/><D107/><U77/><E44/><V14/><F2/><W34/><G55/><T46/><D103/><U28/><E11/><N who="2" m="4479" /><F43/><W15/><G15/><T129/><D129/><U31/><E77/><V118/><F118/><W132/><G84/><T36/><D18/><U98/><E19/><N who="2" m="12447" /><F131/><W27/><G95/><T87/><D87/><U50/><E128/><V39/><F39/><W54/><G54/><T65/><D36/><U130/><E119/><V16/><F16/><W92/><G92/><T124/><D124/><U38/><E5/><V97/><F97/><W94/><G94/><T72/><D72/><U12/><E98/><V102/><F102/><W66/><G41/><N who="0" m="24655" /><D63/><U99/><E115/><V30/><F30/><W62/><G101/><T58/><D58/><U10/><E135/><V56/><F121/><W45/><G122/><T23/><D23/><U29/><E123/><V4/><F4/><W24/><G132/><T61/><D61/><U105/><E130/><V13/><F56/><N who="3" m="37191" /><G34/><T57/><D57/><U53/><E105/><V64/><F64/><W74/><G74/><T83/><D83/><RYUUKYOKU ba="0,0" sc="109,15,231,-15,117,-15,543,15" hai0="47,49,65,67,78,80,81,85,86,89" hai3="24,26,27,37,40,45,109,110,111,127" owari="124,-28.0,216,2.0,102,-40.0,558,66.0" /></mjloggm>