<mjloggm ver="2.3"><GO type="169" lobby="0"/><UN n0="%E5%8D%81%E5%85%AD%E5%A4%9C%E3%83%9E%E3%82%A4%E3%82%AF" n1="%E3%83%8B%E3%83%A3%E3%83%83%E3%83%94%E3%83%BC%E5%A4%8F%E7%9B%AE" n2="%E3%82%A6%E3%83%AB%E3%83%88%E3%83%A9%E7%AB%8B%E7%9B%B4" n3="%E3%81%82%E3%81%84%E2%98%86%E3%81%BE%E3%81%84%E2%98%85%E3%81%BF%E3%83%BC" dan="16,17,17,16" rate="2112.12,2230.18,2174.71,2036.93" sx="M,M,M,F"/><TAIKYOKU oya="0"/><INIT seed="0,0,0,3,1,5" ten="250,250,250,250" oya="0" hai0="46,92,3,118,133,68,121,13,112,75,117,131,48" hai1="18,16,25,34,79,22,82,115,86,38,132,27,94" hai2="17,126,44,59,122,32,66,105,84,56,116,96,71" hai3="72,108,103,102,63,41,77,91,85,60,51,88,6"/><T119/><D3/><U20/><E38/><V106/><F122/><W124/><G72/><T128/><D121/><U73/><E132/><V11/><F32/><W8/><G77/><T39/><D75/><U97/><E34/><V134/><F134/><W30/><G30/><T28/><D133/><U23/><E115/><V87/><F126/><W24/><G24/><T125/><D125/><U89/><REACH who="1" step="1"/><E23/><REACH who="1" ten="250,240,250,250" step="2"/><V74/><F116/><W1/><G124/><T110/><D112/><U65/><E65/><V62/><F66/><W43/><G108/><T80/><D39/><U111/><E111/><V129/><F129/><W61/><G91/><T14/><D110/><U31/><E31/><V9/><F106/><W58/><G103/><T120/><D128/><U98/><AGARI ba="0,1" hai="16,18,20,22,25,27,73,79,82,86,89,94,97,98" machi="98" ten="30,7900,0" yaku="1,1,0,1,9,1,54,1,53,0" doraHai="5" doraHaiUra="130" who="1" fromWho="1" sc="250,-39,240,89,250,-20,250,-20" /><INIT seed="1,0,0,2,5,25" ten="211,329,230,230" oya="1" hai0="76,19,103,52,82,8,91,66,115,31,119,89,87" hai1="58,10,105,50,44,118,40,55,7,70,21,1,71" hai2="83,57,15,13,100,2,14,39,96,68,11,75,22" hai3="90,60,4,62,42,127,48,124,9,56,20,59,109"/><U26/><E105/><V65/><F39/><W28/><G109/><T77/><D115/><U74/><E74/><V101/><F68/><W134/><G134/><T53/><D119/><U114/><E114/><V18/><F2/><W92/><G48/><T79/><D103/><U24/><E24/><V81/><F75/><W108/><G42/><T97/><D66/><U113/><E118/><V27/><F11/><W72/><G108/><T29/><D19/><U23/><E23/><V49/><F101/><W12/><G72/><T36/><D36/><U41/><E113/><V131/><F131/><W95/><G20/><T5/><D91/><U67/><E67/><V46/><F57/><W99/><G92/><T33/><D97/><U32/><E32/><V126/><F65/><W117/><G28/><N who="0" m="10827" /><D33/><U45/><E41/><N who="2" m="24783" /><F126/><N who="3" m="48171" /><G117/><T93/><D93/><AGARI ba="0,0" hai="13,14,15,18,22,27,81,83,93,96,100" m="24783" machi="93" ten="30,1000,0" yaku="8,1" doraHai="25" who="2" fromWho="0" sc="211,-10,329,0,230,10,230,0" /><INIT seed="2,0,0,4,3,22" ten="201,329,240,230" oya="2" hai0="84,27,0,124,10,24,23,68,45,6,79,61,76" hai1="63,41,87,17,83,47,5,107,109,31,131,69,112" hai2="4,120,75,108,66,130,58,28,50,37,71,16,62" hai3="115,33,135,126,44,125,14,18,98,9,34,77,49"/><V89/><F120/><W101/><G77/><T13/><D124/><N who="3" m="47721" /><G135/><T111/><D111/><U48/><E107/><V7/><F108/><W134/><G134/><T128/><D128/><U105/><E105/><V73/><F130/><W82/><G82/><T11/><D45/><U80/><E112/><V90/><F37/><W123/><G115/><T92/><D61/><U57/><E69/><V20/><F28/><W39/><G39/><T102/><D68/><U59/><E131/><V113/><F113/><W64/><G64/><T127/><D127/><U54/><E109/><V132/><F132/><W25/><G25/><T1/><D1/><U65/><E31/><V12/><F75/><W67/><G67/><T19/><D27/><U36/><E5/><N who="2" m="2123" /><F73/><W52/><G123/><T104/><D104/><AGARI ba="0,0" hai="9,14,18,33,34,44,49,52,98,101,104" m="47721" machi="104" ten="30,2000,0" yaku="18,1,54,1" doraHai="22" who="3" fromWho="0" sc="201,-20,329,0,240,0,230,20" /><INIT seed="3,0,0,1,3,105" ten="181,329,240,250" oya="3" hai0="49,102,118,58,116,17,85,59,67,7,72,28,54" hai1="115,107,37,132,122,127,20,66,48,134,56,23,103" hai2="75,44,124,125,83,71,35,2,108,94,45,121,69" hai3="73,25,133,86,111,110,38,93,68,11,46,120,129"/><W88/><G68/><T109/><D109/><N who="3" m="41481" /><G120/><T123/><D123/><U21/><E37/><V128/><F121/><W53/><G129/><T135/><D135/><N who="1" m="51755" /><E122/><V126/><F108/><W60/><G133/><T119/><D7/><U19/><E127/><V36/><F128/><W18/><G38/><T98/><D28/><U22/><E115/><V95/><F35/><W27/><G73/><T84/><D72/><U117/><E117/><V34/><F34/><W47/><G60/><T16/><D59/><U40/><E107/><V106/><F106/><W100/><G100/><T78/><D67/><U24/><E103/><V74/><F2/><W62/><G62/><T77/><D85/><U12/><E66/><V14/><F36/><W113/><G113/><T96/><D84/><U70/><E70/><V3/><F3/><W31/><G53/><T33/><D102/><U97/><E97/><V64/><F75/><W57/><G57/><T87/><D98/><U42/><E56/><V43/><F74/><W92/><G93/><T30/><D96/><U55/><E55/><V9/><F71/><W90/><G90/><T15/><D87/><U32/><E48/><V5/><F69/><W65/><G65/><T80/><D118/><U52/><E52/><V82/><F125/><W26/><G31/><AGARI ba="0,0" hai="12,19,20,21,22,23,24,31,32,40,42" m="51755" machi="31" ten="30,1000,0" yaku="20,1" doraHai="105" who="1" fromWho="3" sc="181,0,329,10,240,0,250,-10" /><INIT seed="4,0,0,0,4,97" ten="181,339,240,240" oya="0" hai0="134,56,18,3,5,109,24,115,9,11,2,72,40" hai1="12,78,125,108,36,131,43,80,118,120,122,129,94" hai2="70,73,92,50,38,65,66,27,81,103,16,26,42" hai3="135,58,69,77,41,59,98,32,44,75,29,104,119"/><T133/><D72/><U60/><E118/><V31/><F38/><W128/><G69/><T7/><D40/><U53/><E108/><V28/><F70/><W20/><G32/><T17/><D56/><N who="1" m="34831" /><E125/><V116/><F116/><W112/><G119/><T132/><D109/><U96/><E12/><V39/><F39/><W34/><G34/><T76/><D76/><U45/><E80/><V52/><F42/><W67/><G67/><N who="2" m="25609" /><F81/><W8/><G135/><T13/><D24/><U22/><E22/><N who="2" m="13639" /><F27/><W83/><G128/><N who="1" m="49226" /><E78/><V95/><F73/><W49/><G20/><T55/><D55/><U105/><E105/><V111/><F111/><W0/><G29/><N who="2" m="11337" /><F103/><AGARI ba="0,0" hai="36,43,45,94,96,103,120,122" m="49226,34831" machi="103" ten="30,2000,0" yaku="19,1,52,1" doraHai="97" who="1" fromWho="2" sc="181,0,339,20,240,-20,240,0" /><INIT seed="5,0,0,1,5,105" ten="181,359,220,240" oya="1" hai0="36,59,111,45,64,114,66,72,76,46,109,125,108" hai1="81,41,102,83,103,49,104,50,68,78,98,86,24" hai2="53,4,34,118,33,25,130,56,127,91,113,128,74" hai3="10,26,92,15,116,61,17,75,120,69,132,131,55"/><U79/><E68/><V57/><F118/><W97/><G120/><T58/><D76/><U19/><E103/><V62/><F4/><W29/><G132/><T135/><D72/><U106/><E106/><V3/><F3/><W124/><G131/><N who="2" m="50217" /><F127/><W37/><G37/><T11/><D11/><U95/><E104/><V126/><F126/><W110/><G124/><T89/><D125/><U100/><E100/><V52/><F74/><W88/><G110/><T67/><D89/><U77/><E41/><V63/><F113/><W93/><G92/><T27/><D27/><U8/><E78/><V20/><F91/><W65/><G116/><T30/><D30/><AGARI ba="0,0" hai="20,25,30,33,34,52,53,56,57,62,63" m="50217" machi="30" ten="30,2000,0" yaku="19,1,54,1" doraHai="105" who="2" fromWho="0" sc="181,-20,359,0,220,20,240,0" /><INIT seed="6,0,0,2,5,133" ten="161,359,240,240" oya="2" hai0="85,62,12,37,69,109,104,9,115,75,77,17,19" hai1="2,127,15,91,33,134,11,38,126,120,30,35,107" hai2="4,78,121,84,6,100,93,68,26,45,123,129,79" hai3="59,42,16,0,65,99,57,124,31,92,71,98,1"/><V48/><F68/><W128/><G31/><T117/><D109/><U97/><E134/><V95/><F129/><W56/><G128/><T72/><D37/><U7/><E38/><V80/><F121/><W83/><G42/><T101/><D115/><U8/><E120/><V52/><F123/><W32/><G32/><T46/><D117/><U20/><E91/><V108/><F108/><W10/><G83/><T114/><D114/><U43/><E43/><V5/><F100/><W23/><G124/><N who="1" m="47658" /><E97/><V47/><F79/><W87/><G87/><T55/><D85/><U21/><E107/><V118/><F118/><W36/><G36/><T105/><D105/><U51/><E51/><N who="2" m="28783" /><F26/><W81/><G81/><T66/><D104/><U122/><E122/><V70/><F70/><W3/><G10/><T27/><D9/><U90/><E90/><V28/><F28/><W119/><G92/><T82/><D69/><U132/><E132/><V63/><F63/><W74/><G74/><T76/><D62/><U61/><E61/><V110/><F110/><W58/><G71/><T96/><D75/><U135/><E135/><V50/><F50/><W89/><G89/><T86/><D72/><U41/><E41/><AGARI ba="0,0" hai="4,5,6,41,47,48,78,80,84,93,95" m="28783" machi="41" ten="30,2900,0" yaku="8,1,54,1" doraHai="133" who="2" fromWho="1" sc="161,0,359,-29,240,29,240,0" /><INIT seed="6,1,0,5,3,71" ten="161,330,269,240" oya="2" hai0="85,106,95,18,12,86,118,31,92,35,87,43,63" hai1="25,27,36,21,11,5,56,102,26,119,107,66,38" hai2="24,135,117,80,53,33,8,104,16,101,120,9,76" hai3="90,115,72,84,42,23,96,113,54,69,99,7,74"/><V20/><F120/><W98/><G69/><T67/><D118/><U1/><E119/><V46/><F117/><W57/><G7/><T73/><D73/><U88/><E21/><V34/><F135/><W78/><G78/><T129/><D106/><U10/><E10/><V47/><F104/><W19/><G42/><T121/><D121/><U0/><E0/><V30/><F101/><W103/><G103/><T100/><D129/><U14/><E1/><V93/><F93/><N who="3" m="54471" /><G19/><T6/><D6/><U132/><E88/><V64/><F64/><W3/><G23/><T112/><D43/><U2/><E2/><V50/><F46/><W122/><G3/><T81/><D100/><U114/><E114/><N who="3" m="43530" /><G122/><T51/><D112/><U75/><E75/><V13/><REACH who="2" step="1"/><F34/><REACH who="2" ten="161,330,259,240" step="2"/><W105/><G105/><T133/><D35/><U123/><E123/><V79/><F79/><W55/><G55/><T109/><D133/><U28/><E132/><V37/><F37/><W130/><G130/><T22/><D67/><U70/><E102/><V128/><F128/><W44/><G44/><T77/><D77/><U111/><E107/><V49/><F49/><AGARI ba="1,1" hai="49,54,57,72,74,96,98,99" m="43530,54471" machi="49" ten="30,2000,0" yaku="15,1,11,1" doraHai="71" who="3" fromWho="2" sc="161,0,330,0,259,-23,240,33" /><INIT seed="7,0,0,4,0,133" ten="161,330,236,273" oya="3" hai0="45,21,53,126,6,92,9,18,134,87,83,107,34" hai1="84,38,80,94,15,75,101,73,1,68,49,127,14" hai2="100,2,41,36,12,54,29,63,69,112,111,8,89" hai3="51,4,23,40,124,72,39,79,91,17,119,104,25"/><W62/><G39/><T99/><D134/><U43/><E15/><V122/><F111/><W90/><G104/><T98/><D34/><U82/><E49/><V37/><F2/><W20/><G4/><T33/><D33/><U27/><E27/><V102/><F37/><W86/><G72/><T113/><D107/><U74/><E14/><V47/><F112/><W58/><G79/><T110/><D113/><U114/><E43/><V10/><F29/><W55/><G119/><T121/><D110/><U59/><E59/><V108/><F108/><W131/><G131/><T46/><D9/><U115/><E80/><V77/><F77/><W52/><G40/><T65/><D83/><U130/><E68/><V61/><F89/><W95/><G90/><T35/><D35/><U30/><E30/><V132/><F8/><W48/><G124/><T103/><D6/><U19/><E19/><V118/><F118/><W70/><G70/><T123/><D18/><U7/><E127/><V42/><F42/><W97/><G23/><T3/><D21/><U88/><E38/><V109/><F109/><W22/><G22/><T24/><D126/><U117/><E130/><V16/><F132/><W96/><G62/><T28/><D3/><U120/><E117/><V11/><F11/><W76/><G76/><T57/><D28/><U50/><E115/><V26/><F26/><W44/><AGARI ba="0,0" hai="17,20,25,44,48,51,52,55,58,86,91,95,96,97" machi="44" ten="20,7800,0" yaku="0,1,7,1,8,1,54,1" doraHai="133" who="3" fromWho="3" sc="161,-26,330,-26,236,-26,273,78" owari="135,-36.0,304,10.0,210,-19.0,351,45.0" /></mjloggm>