<mjloggm ver="2.3"><GO type="169" lobby="0"/><UN n0="%6B%61%6E%65%6E" n1="%E5%BD%A9%E4%BA%AC" n2="%E3%83%88%E3%83%88%E3%83%AA%E5%85%88%E7%94%9F%31%39%E6%AD%B3" n3="%E3%83%90%E3%83%83%E3%82%AD%E3%83%BC" dan="16,16,18,16" rate="2030.23,2086.41,2232.50,2056.77" sx="M,M,F,F"/><TAIKYOKU oya="0"/><INIT seed="0,0,0,0,1,67" ten="250,250,250,250" oya="0" hai0="96,12,134,28,85,99,5,118,26,68,87,59,53" hai1="24,64,51,62,10,54,128,21,93,71,13,129,131" hai2="25,135,69,14,57,108,42,127,94,33,35,73,122" hai3="31,19,88,18,92,17,100,72,0,89,43,45,106"/><T80/><D118/><U48/><E93/><V81/><F57/><W86/><G72/><T56/><D87/><U49/><E21/><V79/><F14/><W78/><G0/><T124/><D68/><U77/><E77/><V117/><F94/><W27/><G106/><T63/><D124/><U50/><E24/><V16/><F42/><W125/><G125/><T76/><D134/><U105/><E105/><V30/><F35/><W34/><G100/><T123/><D123/><U109/><E109/><V46/><F46/><W95/><G78/><T61/><D12/><U119/><E119/><V15/><F122/><W40/><REACH who="3" step="1"/><G45/><REACH who="3" ten="250,250,250,240" step="2"/><T112/><D112/><U3/><E3/><V84/><F127/><W110/><G110/><T75/><D75/><U60/><E60/><V97/><F108/><W74/><G74/><T44/><D44/><U103/><E103/><V90/><F117/><W104/><G104/><T133/><D133/><U37/><E37/><V11/><F135/><W121/><G121/><T1/><D1/><U132/><E132/><V66/><F73/><W47/><G47/><T6/><D6/><N who="1" m="3287" /><E50/><V52/><F79/><W83/><G83/><T114/><D5/><U8/><E131/><V116/><F116/><W126/><G126/><T22/><REACH who="0" step="1"/><D114/><REACH who="0" ten="240,250,250,240" step="2"/><U38/><E129/><V91/><F81/><W20/><G20/><T58/><D58/><U102/><E128/><V23/><F23/><W36/><G36/><T111/><D111/><U82/><E38/><V29/><F33/><W120/><G120/><T98/><D98/><AGARI ba="0,2" hai="17,18,19,27,31,34,40,43,86,88,89,92,95,98" machi="98" ten="40,2600,0" yaku="1,1,54,1,53,0" doraHai="67" doraHaiUra="41" who="3" fromWho="0" sc="240,-26,250,0,250,0,240,46" /><INIT seed="1,0,0,1,1,22" ten="214,250,250,286" oya="1" hai0="7,81,107,47,115,39,117,2,77,92,86,124,83" hai1="72,120,27,11,45,87,108,50,130,36,116,59,99" hai2="54,89,132,78,126,51,101,6,96,80,25,44,18" hai3="97,60,71,100,79,43,63,68,29,111,53,30,84"/><U65/><E120/><V66/><F132/><W38/><G38/><T42/><D107/><U105/><E116/><V94/><F126/><W16/><G43/><T112/><D117/><U19/><E72/><V113/><F113/><W121/><G121/><T76/><D92/><U90/><E36/><V55/><F6/><W10/><G68/><T69/><D69/><U123/><E123/><V33/><F66/><W91/><G79/><T13/><D13/><U41/><E130/><V85/><F55/><W106/><G111/><T15/><D15/><U1/><E1/><V37/><F37/><W21/><G10/><N who="0" m="2423" /><D124/><U61/><E108/><V58/><F58/><W62/><G53/><T4/><D4/><U135/><E135/><V70/><F70/><W48/><G48/><T104/><D104/><U67/><E11/><V49/><F49/><W52/><G52/><T73/><AGARI ba="0,0" hai="39,42,47,73,76,77,81,83,86,112,115" m="2423" machi="73" ten="30,1100,0" yaku="25,1" doraHai="22" who="0" fromWho="0" sc="214,11,250,-5,250,-3,286,-3" /><INIT seed="2,0,0,3,4,8" ten="225,245,247,283" oya="2" hai0="28,45,23,40,80,27,61,33,47,5,60,82,128" hai1="10,86,78,97,2,13,92,126,54,84,103,24,76" hai2="65,6,127,116,69,17,37,68,133,42,43,36,77" hai3="129,14,74,3,26,57,79,96,25,94,32,1,19"/><V16/><F116/><W93/><G129/><T88/><D128/><U121/><E126/><V83/><F6/><W107/><G107/><T0/><D47/><U9/><E121/><V114/><F127/><W41/><G93/><T120/><D120/><U55/><E2/><V39/><F133/><W91/><G41/><T48/><D33/><U35/><E35/><V71/><F65/><W53/><G79/><N who="1" m="30250" /><E24/><V117/><F117/><W132/><G74/><T58/><D60/><U34/><E9/><V90/><F90/><W134/><G1/><T119/><D119/><U100/><E100/><V20/><F114/><W135/><G3/><T67/><D5/><N who="1" m="3279" /><E34/><V63/><F63/><N who="3" m="36271" /><G32/><T102/><D0/><U123/><E123/><V56/><F56/><W124/><G124/><T75/><D75/><U98/><E98/><V118/><F118/><W51/><G51/><T112/><D112/><U21/><E21/><AGARI ba="0,0" hai="14,19,21,25,26,91,94,96,132,134,135" m="36271" machi="21" ten="30,2000,0" yaku="20,1,52,1" doraHai="8" who="3" fromWho="1" sc="225,0,245,-20,247,0,283,20" /><INIT seed="3,0,0,2,3,85" ten="225,225,247,303" oya="3" hai0="23,7,77,121,27,97,100,0,89,24,47,75,94" hai1="71,6,128,22,134,83,49,108,81,87,61,28,96" hai2="73,98,84,72,63,39,15,131,40,116,12,11,118" hai3="5,51,112,45,29,36,111,68,32,37,4,91,18"/><W21/><G112/><T99/><D121/><U105/><E108/><V35/><F35/><W79/><G68/><T88/><D24/><U125/><E6/><V114/><F114/><W44/><G32/><T109/><D109/><U1/><E1/><V43/><F131/><W119/><G119/><T135/><D135/><U70/><E128/><V104/><F84/><W133/><G29/><T123/><D123/><U129/><E129/><V107/><F63/><W103/><G111/><T102/><D47/><U46/><E134/><V90/><F98/><W57/><G103/><T9/><D75/><U26/><E61/><V10/><REACH who="2" step="1"/><F39/><REACH who="2" ten="225,225,237,303" step="2"/><W110/><G37/><T117/><D117/><U52/><E125/><V92/><F92/><W113/><G36/><T62/><D62/><U120/><E120/><V17/><F17/><W122/><G122/><T30/><D77/><U25/><E83/><V42/><F42/><W95/><G79/><T78/><D78/><U58/><E96/><V69/><F69/><W130/><G130/><T31/><D31/><U2/><E105/><AGARI ba="0,1" hai="0,7,9,23,27,30,88,89,94,97,99,100,102,105" machi="105" ten="30,7700,0" yaku="7,1,52,2,54,1" doraHai="85" who="0" fromWho="1" sc="225,87,225,-77,237,0,303,0" /><INIT seed="4,0,0,1,0,99" ten="312,148,237,303" oya="0" hai0="74,96,46,20,65,111,51,13,52,121,90,17,73" hai1="98,45,81,60,54,47,36,41,24,59,39,57,14" hai2="70,40,22,83,33,30,49,116,8,94,15,53,37" hai3="109,85,21,126,129,29,23,71,12,112,89,93,135"/><T77/><D65/><U106/><E24/><V102/><F70/><W56/><G109/><T130/><D121/><U11/><E81/><V66/><F33/><W125/><G71/><T4/><D111/><U19/><E106/><V80/><F116/><W5/><G112/><T50/><D130/><U34/><E34/><V2/><F2/><W58/><G129/><T88/><D77/><U9/><E98/><N who="2" m="59735" /><F40/><W105/><G105/><T63/><D63/><U69/><E69/><V108/><F37/><W101/><G101/><T114/><D114/><U134/><E134/><V97/><F97/><W123/><G135/><T43/><D4/><U84/><E84/><V44/><F66/><W75/><G75/><T110/><D110/><U122/><E122/><V95/><F95/><W91/><G91/><T3/><D3/><U104/><E104/><V67/><F67/><W16/><G5/><T48/><D48/><U78/><E78/><V6/><F108/><W131/><G131/><T10/><D74/><U72/><E72/><V128/><F128/><W61/><G123/><T32/><D32/><U117/><E117/><V132/><F132/><W107/><G107/><T62/><D73/><U25/><E36/><V42/><F42/><W76/><G76/><T103/><D62/><U127/><E60/><V87/><F87/><W0/><G0/><T119/><D119/><U118/><E118/><V64/><F64/><W68/><G68/><T35/><D35/><U100/><E39/><V1/><F1/><W18/><G61/><T120/><D120/><U28/><E41/><V31/><F31/><RYUUKYOKU ba="0,0" sc="312,-10,148,-10,237,30,303,-10" hai2="6,8,15,22,30,44,49,53,80,83" /><INIT seed="5,1,0,5,5,39" ten="302,138,267,293" oya="1" hai0="127,10,133,78,97,19,9,110,48,115,65,71,130" hai1="131,107,40,7,25,124,57,60,56,31,53,11,102" hai2="101,123,122,114,98,62,93,43,111,44,104,21,106" hai3="66,112,91,135,8,116,51,86,117,121,27,99,18"/><U120/><E120/><V36/><F111/><W75/><G75/><T79/><D71/><U33/><E131/><V24/><F114/><W35/><G121/><T84/><D65/><U61/><E124/><V95/><F104/><W20/><G112/><T17/><D115/><U132/><E132/><V108/><F108/><W70/><G135/><T26/><D110/><U96/><E40/><V94/><REACH who="2" step="1"/><F62/><REACH who="2" ten="302,138,257,293" step="2"/><W38/><G116/><T64/><D133/><U3/><REACH who="1" step="1"/><E57/><REACH who="1" ten="302,128,257,293" step="2"/><V37/><F37/><W14/><G38/><T105/><D130/><U4/><E4/><V67/><F67/><W28/><G66/><T23/><D64/><U6/><E6/><V50/><F50/><AGARI ba="1,2" hai="3,7,11,25,31,33,50,53,56,60,61,96,102,107" machi="50" ten="30,5800,0" yaku="1,1,7,1,53,1" doraHai="39" doraHaiUra="29" who="1" fromWho="2" sc="302,0,128,81,257,-61,293,0" /><INIT seed="5,2,0,4,0,32" ten="302,209,196,293" oya="1" hai0="57,45,53,52,107,43,81,35,15,10,119,48,79" hai1="93,124,34,110,21,85,74,59,30,58,0,102,114" hai2="106,54,44,9,125,2,83,49,23,31,128,105,5" hai3="69,112,29,122,99,41,80,86,104,118,51,73,39"/><U123/><E123/><V36/><F128/><W134/><G69/><T61/><D107/><U94/><E74/><V20/><F125/><W88/><G39/><T121/><D35/><U27/><E114/><V76/><F23/><W91/><G29/><T108/><D121/><U126/><E110/><V92/><F92/><W135/><G122/><T117/><D108/><U116/><E116/><V115/><F115/><W120/><G120/><T65/><D53/><U71/><E71/><V4/><F4/><W66/><G66/><T130/><D65/><U89/><E34/><V22/><F22/><W64/><G64/><T109/><D130/><U6/><E102/><V70/><F70/><W28/><G28/><T14/><D109/><U98/><E98/><V13/><F36/><W47/><G73/><T8/><D14/><U131/><E94/><V87/><REACH who="2" step="1"/><F31/><REACH who="2" ten="302,209,186,293" step="2"/><W95/><G112/><T68/><D68/><U132/><E131/><V67/><F67/><W33/><G33/><T62/><D10/><N who="1" m="2375" /><E132/><V133/><F133/><W63/><G135/><T103/><D119/><U38/><E38/><V56/><F56/><W37/><G134/><T25/><D117/><U24/><E59/><V82/><F82/><W19/><G118/><T46/><D57/><U113/><E113/><V1/><F1/><W127/><G37/><T50/><D8/><U60/><E58/><V16/><AGARI ba="2,1" hai="2,5,9,13,16,20,44,49,54,76,83,87,105,106" machi="16" ten="30,7900,0" yaku="1,1,0,1,52,1,54,1,53,0" doraHai="32" doraHaiUra="96" who="2" fromWho="2" sc="302,-22,209,-41,186,95,293,-22" /><INIT seed="6,0,0,5,2,99" ten="280,168,281,271" oya="2" hai0="56,101,46,7,14,131,58,116,76,83,97,62,124" hai1="33,125,35,19,123,130,55,78,91,117,28,75,16" hai2="39,53,54,118,90,84,41,112,77,25,126,6,47" hai3="89,107,13,4,129,96,32,74,5,106,64,21,3"/><V95/><F118/><W81/><G32/><T111/><D116/><U100/><E117/><V63/><F112/><W86/><G74/><T1/><D111/><U79/><E75/><V31/><F126/><W51/><G3/><T105/><D1/><U2/><E2/><V119/><F119/><W134/><G134/><T135/><D124/><U52/><E28/><V9/><F77/><W18/><G129/><T27/><D131/><U115/><E125/><V12/><REACH who="2" step="1"/><F63/><REACH who="2" ten="280,168,271,271" step="2"/><W82/><G64/><T133/><D135/><U87/><E115/><V103/><F103/><W10/><G51/><T67/><D133/><U30/><E130/><V49/><F49/><W72/><G72/><T65/><D62/><U127/><E127/><V24/><F24/><W8/><G89/><T114/><D27/><U80/><E123/><V34/><AGARI ba="0,1" hai="6,9,12,25,31,34,39,41,47,53,54,84,90,95" machi="34" ten="20,3900,0" yaku="1,1,0,1,7,1,53,0" doraHai="99" doraHaiUra="93" who="2" fromWho="2" sc="280,-13,168,-13,271,49,271,-13" /><INIT seed="6,1,0,4,1,113" ten="267,155,320,258" oya="2" hai0="103,39,123,32,92,20,50,17,35,63,55,21,45" hai1="77,100,3,28,118,49,66,128,64,31,18,15,132" hai2="111,71,114,4,83,79,41,56,60,52,43,135,6" hai3="29,127,115,7,47,37,126,8,112,54,36,9,72"/><V57/><F71/><W125/><G72/><T46/><D123/><U10/><E128/><V93/><F114/><N who="3" m="43563" /><G29/><T58/><D21/><U22/><E132/><V24/><F135/><W80/><G80/><T12/><D39/><N who="3" m="14921" /><G7/><N who="2" m="2601" /><F111/><W134/><G134/><T106/><D46/><U27/><E77/><V67/><F24/><W78/><G78/><T81/><D106/><U61/><E100/><V133/><F133/><W88/><G88/><T42/><D81/><U34/><E31/><V2/><F2/><W19/><G19/><T75/><REACH who="0" step="1"/><D75/><REACH who="0" ten="257,155,320,258" step="2"/><U105/><E105/><V69/><F93/><W89/><G47/><T129/><D129/><U5/><E118/><V104/><F104/><W121/><G121/><T40/><D40/><U13/><E13/><V73/><F73/><W84/><G125/><T70/><D70/><U85/><E85/><N who="2" m="48383" /><F69/><W101/><G126/><T14/><D14/><U86/><E86/><V82/><F82/><W124/><G84/><T26/><D26/><U90/><E90/><V76/><F76/><W38/><G89/><T107/><D107/><U51/><REACH who="1" step="1"/><E66/><REACH who="1" ten="257,145,320,258" step="2"/><V87/><F87/><W53/><G124/><T110/><D110/><U25/><E25/><V102/><F102/><W108/><G101/><T95/><D95/><U120/><E120/><V109/><F109/><W96/><G108/><T65/><D65/><U116/><E116/><V33/><F67/><W30/><G127/><T130/><D130/><U131/><E131/><V97/><F97/><AGARI ba="1,2" hai="12,17,20,32,35,42,45,50,55,58,63,92,97,103" machi="97" ten="40,2600,0" yaku="1,1,53,1" doraHai="113" doraHaiUra="91" who="0" fromWho="2" sc="257,49,145,0,320,-29,258,0" /><INIT seed="7,0,0,2,3,26" ten="306,145,291,258" oya="3" hai0="9,29,44,51,84,130,47,39,8,124,73,25,79" hai1="131,37,82,65,103,16,68,2,1,125,96,91,43" hai2="75,32,52,35,93,111,62,123,59,104,21,81,105" hai3="108,40,45,97,83,109,69,114,54,110,12,46,15"/><W95/><G69/><T28/><D73/><U56/><E125/><V31/><F111/><W133/><G114/><T80/><D29/><U55/><E131/><V27/><F123/><W77/><G133/><T106/><D106/><U98/><E65/><V53/><F104/><W11/><G54/><T87/><D130/><U115/><E68/><V48/><F105/><W116/><G116/><T57/><D124/><U127/><E127/><V61/><F61/><W3/><G3/><T135/><D135/><U5/><E115/><V20/><F35/><W50/><G45/><T22/><D57/><U6/><E1/><V49/><F62/><W19/><G12/><T76/><D39/><U7/><E2/><V64/><F64/><W120/><G120/><T107/><D107/><U17/><E37/><V58/><F93/><W99/><REACH who="3" step="1"/><G95/><REACH who="3" ten="306,145,291,248" step="2"/><T30/><D47/><U0/><E0/><V128/><F128/><W89/><G89/><T70/><D70/><U33/><E43/><V4/><F4/><W60/><G60/><T78/><D44/><U119/><E119/><V85/><F75/><AGARI ba="0,1" hai="11,15,19,40,46,50,75,77,83,97,99,108,109,110" machi="75" ten="40,3900,0" yaku="1,1,10,1,53,0" doraHai="26" doraHaiUra="63" who="3" fromWho="2" sc="306,0,145,0,291,-39,248,49" /><INIT seed="7,1,0,0,1,110" ten="306,145,252,297" oya="3" hai0="0,93,99,116,126,1,81,27,66,52,20,125,21" hai1="51,104,57,88,131,15,86,16,103,121,117,25,2" hai2="98,8,94,22,60,11,90,59,28,82,102,5,122" hai3="13,97,114,111,80,48,79,4,67,92,101,132,78"/><W64/><G114/><T74/><D116/><U26/><E121/><V124/><F124/><N who="0" m="47722" /><D66/><N who="3" m="25129" /><G132/><T14/><D14/><U61/><E117/><V39/><F39/><W38/><G38/><T106/><D106/><U91/><E131/><V123/><F123/><W9/><G111/><T73/><D21/><U119/><E119/><V85/><F122/><W35/><G35/><T42/><D52/><N who="1" m="33959" /><E2/><N who="0" m="1129" /><D42/><U6/><E104/><V105/><F5/><W83/><G48/><T70/><D81/><AGARI ba="1,0" hai="4,9,13,78,79,80,81,83,92,97,101" m="25129" machi="81" ten="30,1500,0" yaku="8,1" doraHai="110" who="3" fromWho="0" sc="306,-18,145,0,252,0,297,18" owari="288,9.0,145,-35.0,252,-15.0,315,41.0" /></mjloggm>