<mjloggm ver="2.3"><GO type="169" lobby="0"/><UN n0="%E9%9D%A2%E6%B8%85%E3%81%AE%E3%83%90%E3%83%93%E3%82%A3" n1="%E5%B0%B1%E6%B4%BB%E7%94%9F%40%E5%B7%9D%E6%9D%91%E8%BB%8D%E5%9B%A3" n2="%E3%81%8D%E3%81%8F%E3%81%A6%E3%81%83%E3%81%99%E2%98%86" n3="%E3%81%A1%E3%82%83%E3%81%93%E3%81%93" dan="16,17,17,17" rate="2107.04,2152.60,2135.48,2189.13" sx="M,M,M,F"/><TAIKYOKU oya="0"/><INIT seed="0,0,0,5,0,41" ten="250,250,250,250" oya="0" hai0="49,119,115,70,48,56,125,129,59,2,57,50,65" hai1="34,94,113,46,107,42,6,134,10,91,123,133,36" hai2="83,104,33,19,23,15,75,110,32,12,81,25,88" hai3="72,11,120,40,29,135,131,84,5,128,51,64,28"/><T55/><D2/><U60/><E34/><V20/><F104/><W116/><G72/><T52/><D119/><U79/><E107/><V21/><F110/><W114/><G114/><T39/><D115/><U1/><E123/><V76/><F12/><W122/><G116/><T58/><D125/><U108/><E108/><V31/><REACH who="2" step="1"/><F33/><REACH who="2" ten="250,250,240,250" step="2"/><W47/><G135/><T71/><D129/><U9/><E113/><V93/><F93/><W101/><G128/><T26/><D26/><U7/><E79/><V63/><F63/><W14/><G131/><T24/><D24/><U111/><E60/><V102/><F102/><W66/><G101/><T74/><D74/><U85/><REACH who="1" step="1"/><E111/><REACH who="1" ten="250,240,240,250" step="2"/><V35/><F35/><W117/><G120/><T98/><D98/><U130/><E130/><V86/><AGARI ba="0,2" hai="15,19,20,21,23,25,31,32,75,76,81,83,86,88" machi="86" ten="30,4000,0" yaku="1,1,0,1,54,1,53,0" doraHai="41" doraHaiUra="43" who="2" fromWho="2" sc="250,-20,240,-10,240,60,250,-10" /><INIT seed="1,0,0,4,0,75" ten="230,230,300,240" oya="1" hai0="36,11,59,82,54,99,67,2,52,43,116,100,46" hai1="78,133,85,129,41,95,131,111,91,125,33,86,117" hai2="106,123,128,16,55,84,98,31,60,72,90,9,108" hai3="26,70,30,118,80,102,121,97,29,34,8,92,53"/><U62/><E33/><V28/><F123/><W76/><G121/><T58/><D116/><U101/><E117/><V69/><F72/><W19/><G70/><T47/><D47/><U1/><E1/><V13/><F108/><W24/><G118/><T49/><D67/><U45/><E125/><V20/><F128/><N who="1" m="49225" /><E133/><V93/><F69/><W5/><G19/><T110/><D110/><U119/><E119/><V73/><F73/><W7/><G53/><T87/><D11/><U15/><E101/><V104/><F104/><W114/><G8/><T50/><D2/><U122/><E122/><V112/><F112/><W74/><REACH who="3" step="1"/><G114/><REACH who="3" ten="230,230,300,230" step="2"/><T40/><D46/><U109/><E45/><V63/><F55/><W124/><G124/><T35/><D36/><U57/><E41/><V79/><F9/><W126/><G126/><T96/><D35/><AGARI ba="0,1" hai="5,7,24,26,29,30,34,35,74,76,80,92,97,102" machi="35" ten="30,12000,2" yaku="1,1,7,1,9,1,52,1,53,2" doraHai="75" doraHaiUra="0" who="3" fromWho="0" sc="230,-120,230,0,300,0,230,130" /><INIT seed="2,0,0,4,0,75" ten="110,230,300,360" oya="2" hai0="60,22,114,73,66,44,49,14,113,40,0,11,16" hai1="27,30,79,125,23,24,98,96,128,25,36,97,7" hai2="111,37,81,21,108,48,55,20,61,124,88,47,54" hai3="78,1,105,129,26,85,77,100,32,5,41,56,116"/><V117/><F117/><W120/><G116/><T6/><REACH who="0" step="1"/><D73/><REACH who="0" ten="100,230,300,360" step="2"/><U67/><E125/><V107/><F124/><W110/><G120/><T39/><D39/><U72/><E128/><V86/><F37/><W119/><G129/><T64/><D64/><U76/><E72/><V57/><REACH who="2" step="1"/><F107/><REACH who="2" ten="100,230,290,360" step="2"/><W69/><G105/><T65/><D65/><U95/><E67/><V103/><F103/><W89/><G100/><T53/><D53/><U63/><E36/><V42/><F42/><W126/><G41/><T50/><D50/><U99/><E63/><V122/><F122/><W101/><G101/><T134/><D134/><U4/><E30/><V102/><F102/><W131/><G126/><T94/><D94/><U13/><E95/><V28/><F28/><W9/><G119/><T83/><D83/><U43/><E43/><V127/><F127/><W130/><G131/><T8/><D8/><U112/><E112/><V12/><F12/><W91/><G9/><T29/><D29/><U59/><E13/><V93/><F93/><W10/><G10/><T70/><AGARI ba="0,2" hai="0,6,11,14,16,22,40,44,49,60,66,70,113,114" machi="70" ten="20,12000,2" yaku="21,2,0,1,7,1,54,1,53,1" doraHai="75" doraHaiUra="46" who="0" fromWho="0" sc="100,140,230,-30,290,-60,360,-30" /><INIT seed="3,0,0,3,5,108" ten="240,200,230,330" oya="3" hai0="42,64,12,68,0,14,92,48,135,125,36,60,88" hai1="26,75,81,95,100,35,43,37,63,78,1,128,74" hai2="131,45,46,123,80,105,49,2,18,127,98,86,112" hai3="83,97,38,62,69,54,114,30,104,16,39,23,55"/><W102/><G30/><T22/><D0/><U32/><E128/><V29/><F131/><W121/><G121/><T126/><D135/><U34/><E75/><V65/><F123/><W93/><G114/><T17/><D36/><U120/><E120/><V20/><F2/><W85/><G104/><T53/><D42/><U10/><E63/><V124/><F29/><W67/><G39/><T89/><D12/><U115/><E95/><V116/><F116/><W40/><G40/><T9/><D9/><U94/><E94/><V107/><F65/><W101/><G101/><T90/><REACH who="0" step="1"/><D92/><REACH who="0" ten="230,200,230,330" step="2"/><U25/><E1/><V8/><F8/><W73/><G38/><T130/><D130/><U58/><E10/><V113/><F107/><W41/><G41/><T132/><D132/><U119/><E43/><V110/><F105/><W77/><REACH who="3" step="1"/><G73/><REACH who="3" ten="230,200,230,320" step="2"/><T96/><D96/><U56/><E37/><V19/><F112/><W117/><G117/><T13/><D13/><AGARI ba="0,2" hai="13,16,23,54,55,62,67,69,77,83,85,93,97,102" machi="13" ten="30,5800,0" yaku="1,1,7,1,54,1,53,0" doraHai="108" doraHaiUra="133" who="3" fromWho="0" sc="230,-58,200,0,230,0,320,78" /><INIT seed="3,1,0,1,5,88" ten="172,200,230,398" oya="3" hai0="110,81,61,125,57,91,58,56,74,109,75,90,99" hai1="105,64,76,33,93,65,14,68,117,59,18,2,94" hai2="11,26,4,8,100,46,10,21,70,86,115,101,47" hai3="38,55,124,113,84,17,97,85,62,79,9,126,0"/><W130/><G113/><T45/><D45/><U134/><E68/><V34/><F115/><W51/><G38/><T16/><D125/><U28/><E105/><V119/><F119/><W3/><G62/><T32/><D32/><U39/><E39/><V129/><F129/><W83/><G85/><T78/><D61/><U41/><E2/><V54/><F70/><W114/><G130/><T31/><D31/><U131/><E131/><V102/><F34/><W63/><G63/><T112/><D112/><U23/><E41/><V77/><F4/><W87/><G87/><T111/><D75/><U104/><E104/><V35/><F35/><W71/><G71/><T50/><D50/><U53/><E76/><V108/><F108/><W7/><G17/><T106/><D16/><U128/><E128/><V66/><F66/><N who="1" m="25705" /><E33/><V135/><F135/><W29/><G29/><T123/><D123/><U96/><E134/><V40/><F54/><W1/><G114/><T122/><D122/><U49/><E117/><V13/><F13/><N who="3" m="5311" /><G126/><T12/><D12/><U36/><E36/><V95/><F40/><W37/><G37/><T121/><D121/><U120/><E120/><V107/><F107/><W98/><G124/><T60/><D60/><U132/><E132/><V5/><F5/><W24/><G24/><T67/><D67/><U80/><E28/><N who="2" m="17487" /><F77/><W52/><G55/><T44/><D44/><N who="2" m="16938" /><F86/><W92/><G1/><T118/><D118/><U82/><E96/><AGARI ba="1,0" hai="8,10,11,95,96,100,101,102" m="16938,17487" machi="96" ten="30,2000,0" yaku="8,1,52,1" doraHai="88" who="2" fromWho="1" sc="172,0,200,-23,230,23,398,0" /><INIT seed="4,0,0,5,0,22" ten="172,177,253,398" oya="0" hai0="35,124,18,65,89,58,21,115,129,13,106,39,47" hai1="119,78,113,56,3,127,2,8,80,14,5,9,6" hai2="62,128,61,91,73,52,82,87,69,49,77,36,132" hai3="68,79,98,123,25,66,63,19,20,17,114,53,38"/><T50/><D106/><U93/><E119/><V64/><F36/><W37/><G114/><T105/><D35/><U34/><E113/><V67/><F132/><W94/><G79/><T0/><D105/><U51/><E127/><V32/><F128/><W24/><G123/><T126/><D0/><U48/><E34/><V134/><F134/><W1/><G1/><T44/><D115/><U60/><E14/><V7/><F32/><W103/><G53/><T46/><D129/><U108/><E93/><V88/><F7/><W135/><G135/><T26/><D39/><U81/><E108/><V76/><F76/><W74/><G74/><T121/><D121/><U31/><E31/><V110/><F110/><W71/><G71/><T72/><D72/><U10/><E81/><V30/><F30/><W101/><G103/><T84/><D13/><U23/><E23/><AGARI ba="0,0" hai="17,19,20,23,24,25,37,38,63,66,68,94,98,101" machi="23" ten="40,5200,0" yaku="9,1,52,2" doraHai="22" who="3" fromWho="1" sc="172,0,177,-52,253,0,398,52" /><INIT seed="5,0,0,3,5,34" ten="172,125,253,450" oya="1" hai0="72,33,1,126,92,102,97,24,12,68,20,54,104" hai1="79,5,93,77,57,19,128,78,65,129,29,110,73" hai2="21,35,115,96,63,105,122,36,87,32,94,7,44" hai3="51,101,71,91,67,76,48,14,55,39,60,118,107"/><U17/><E73/><V112/><F122/><W133/><G39/><T124/><D72/><U28/><E5/><V100/><F7/><W125/><G76/><T80/><D68/><U53/><E65/><V111/><F111/><W90/><G125/><T52/><D33/><U95/><E110/><V84/><F21/><W47/><G133/><T66/><D66/><U89/><E89/><N who="2" m="53567" /><F63/><W117/><G14/><T41/><D41/><U103/><E103/><V85/><F85/><W69/><G69/><T132/><D132/><U106/><E106/><V113/><F84/><W26/><G26/><T64/><D64/><U99/><E99/><V43/><AGARI ba="0,0" hai="32,35,36,43,44,96,100,105,112,113,115" m="53567" machi="43" ten="40,2700,0" yaku="15,1,11,1" doraHai="34" who="2" fromWho="2" sc="172,-7,125,-13,253,27,450,-7" /><INIT seed="6,0,0,5,3,123" ten="165,112,280,443" oya="2" hai0="2,129,10,37,104,85,16,78,125,7,124,24,120" hai1="108,8,91,130,17,134,99,23,92,101,18,98,94" hai2="49,84,34,83,128,105,50,135,25,72,96,103,118" hai3="132,86,119,44,45,52,27,56,53,30,54,90,47"/><V29/><F118/><W88/><G132/><T112/><D104/><U35/><E35/><V0/><F135/><W95/><G119/><T65/><D65/><U97/><E134/><V107/><F0/><W62/><REACH who="3" step="1"/><G90/><REACH who="3" ten="165,112,280,433" step="2"/><T61/><D124/><U71/><E130/><V1/><F128/><W42/><G42/><T14/><D125/><U126/><E126/><V38/><F1/><W26/><G26/><T69/><D24/><U67/><E108/><V33/><F33/><AGARI ba="0,1" hai="27,30,33,44,45,47,52,53,54,56,62,86,88,95" machi="33" ten="40,5200,0" yaku="1,1,54,2,53,0" doraHai="123" doraHaiUra="102" who="3" fromWho="2" sc="165,0,112,0,280,-52,433,62" /><INIT seed="7,0,0,1,1,68" ten="165,112,228,495" oya="3" hai0="110,126,3,120,28,6,11,93,107,12,59,95,33" hai1="103,0,67,39,87,125,88,45,100,122,117,113,32" hai2="72,22,9,89,17,71,27,84,55,104,14,115,111" hai3="128,108,52,129,2,114,119,82,98,105,51,1,20"/><W50/><G114/><T58/><D107/><U85/><E122/><V49/><F111/><W10/><G119/><T79/><D110/><U96/><E32/><V18/><F72/><W66/><G51/><T63/><D126/><U101/><E0/><V4/><F71/><W57/><G82/><T73/><D120/><U123/><E123/><V92/><F104/><W124/><G124/><T81/><D59/><U23/><E125/><V42/><F115/><W26/><G10/><T118/><D118/><U48/><E113/><V7/><F42/><W80/><G80/><T99/><D99/><U8/><E117/><V36/><F36/><W102/><G66/><T37/><D37/><U90/><E67/><V56/><AGARI ba="0,0" hai="4,7,9,14,17,18,22,27,49,55,56,84,89,92" machi="56" ten="20,2700,0" yaku="0,1,7,1,8,1" doraHai="68" who="2" fromWho="2" sc="165,-7,112,-7,228,27,495,-13" owari="158,-24.0,105,-39.0,255,6.0,482,57.0" /></mjloggm>