<mjloggm ver="2.3"><GO type="169" lobby="0"/><UN n0="%E3%81%BF%E3%81%8B%E3%82%93%EF%BC%A0%E3%82%8F%E3%81%8B%E3%82%81%E3%81%A6" n1="%E3%82%AB%E3%83%B3%E3%83%80%E3%82%BF" n2="%E3%82%AE%E3%82%AC%E3%83%9E%E3%82%A4%E3%83%B3" n3="%E3%82%A6%E3%83%AB%E3%83%88%E3%83%A9%E7%AB%8B%E7%9B%B4" dan="17,16,16,17" rate="2234.25,2111.09,2134.93,2203.03" sx="M,M,M,M"/><TAIKYOKU oya="0"/><INIT seed="0,0,0,3,2,34" ten="250,250,250,250" oya="0" hai0="100,98,32,6,55,49,132,68,64,47,71,108,2" hai1="116,86,102,109,83,31,12,59,43,123,74,58,24" hai2="120,56,39,81,7,23,89,63,117,21,112,119,105" hai3="90,107,80,113,10,38,77,46,87,70,15,11,53"/><T5/><D32/><U78/><E116/><N who="2" m="44619" /><F120/><W9/><G113/><T25/><D132/><U131/><E123/><V66/><F112/><W134/><G70/><T50/><D6/><U27/><E131/><V72/><F39/><W51/><G134/><T40/><D25/><U30/><E109/><V1/><F105/><W36/><G107/><T4/><D4/><U76/><E102/><V73/><F89/><W52/><G38/><T65/><D108/><U121/><E121/><V18/><F81/><W57/><G77/><T60/><D68/><U13/><E43/><V88/><F88/><W118/><G118/><T67/><D2/><U41/><E41/><V69/><F69/><W126/><G126/><T33/><D5/><U29/><E74/><N who="2" m="28779" /><F18/><N who="3" m="8559" /><G36/><T82/><D33/><U3/><E31/><V17/><F17/><W110/><G110/><T128/><D82/><U35/><E35/><V26/><F26/><W45/><G45/><T104/><REACH who="0" step="1"/><D128/><REACH who="0" ten="240,250,250,250" step="2"/><U125/><E83/><V22/><F7/><W129/><G129/><T130/><D130/><U101/><E27/><V122/><F122/><W44/><G44/><AGARI ba="0,1" hai="40,44,47,49,50,55,60,64,65,67,71,98,100,104" machi="44" ten="30,5800,0" yaku="1,1,7,1,53,1" doraHai="34" doraHaiUra="37" who="0" fromWho="3" sc="240,68,250,0,250,0,250,-58" /><INIT seed="0,1,0,3,4,1" ten="308,250,250,192" oya="0" hai0="23,4,127,94,54,92,50,24,3,83,62,43,29" hai1="63,30,132,13,45,18,100,113,36,37,111,47,56" hai2="124,118,128,116,19,107,70,96,78,87,134,123,102" hai3="68,106,114,108,117,58,12,99,129,88,64,14,77"/><T86/><D127/><U34/><E111/><V15/><F70/><W67/><G68/><T65/><D43/><U73/><E73/><V72/><F123/><W0/><G0/><T89/><D3/><U101/><E132/><V33/><F33/><W90/><G99/><T112/><D112/><U110/><E110/><V119/><F134/><W59/><G108/><T85/><D4/><U79/><E79/><V66/><F66/><W44/><G44/><T39/><D39/><U120/><E120/><V60/><F60/><W31/><G77/><T81/><D62/><U75/><E75/><V121/><F121/><W82/><G82/><T61/><D61/><U25/><E113/><V80/><F124/><W126/><G126/><T22/><D22/><U46/><E100/><V135/><F135/><W122/><G114/><T84/><D65/><U27/><E27/><V71/><F71/><W20/><G122/><T93/><REACH who="0" step="1"/><D89/><REACH who="0" ten="298,250,250,192" step="2"/><U105/><E37/><V28/><F118/><W40/><G40/><T16/><D16/><U74/><E18/><V104/><F19/><W95/><G117/><T17/><D17/><U76/><E63/><V131/><F119/><W52/><G20/><T115/><D115/><U133/><E36/><V48/><F116/><W53/><G31/><T49/><D49/><U97/><E30/><V35/><F48/><W7/><G7/><T98/><D98/><U26/><E97/><V8/><F96/><W109/><G109/><T41/><D41/><U38/><E38/><V103/><F28/><W5/><G5/><T9/><D9/><U125/><E133/><RYUUKYOKU ba="1,1" sc="298,30,250,-10,250,-10,192,-10" hai0="23,24,29,50,54,81,83,84,85,86,92,93,94" /><INIT seed="0,2,1,0,4,18" ten="328,240,240,182" oya="0" hai0="66,65,74,35,5,33,134,100,132,52,40,6,13" hai1="58,55,37,119,86,3,42,98,75,7,84,29,34" hai2="93,124,21,36,64,94,9,120,45,22,49,121,54" hai3="108,123,1,114,82,83,87,57,96,12,31,46,102"/><T56/><D74/><U47/><E75/><V80/><F124/><W15/><G1/><T97/><D40/><U32/><E119/><V28/><F36/><W79/><G114/><T68/><D68/><U116/><E116/><V89/><F64/><N who="0" m="24682" /><D33/><U115/><E115/><V67/><F67/><W118/><G118/><T133/><D13/><U44/><E44/><V4/><F80/><W69/><G69/><T125/><D35/><U53/><E98/><V130/><F130/><W63/><G108/><T85/><D85/><U60/><E55/><V127/><F127/><W72/><G123/><T117/><D117/><U41/><E41/><V38/><F38/><W88/><G46/><T92/><D125/><U112/><E112/><V11/><F11/><W16/><G31/><T24/><D24/><U14/><E3/><V107/><F28/><W51/><G63/><AGARI ba="2,1" hai="5,6,52,56,63,92,97,100,132,133,134" m="24682" machi="63" ten="30,2900,0" yaku="20,1,54,1" doraHai="18" who="0" fromWho="3" sc="328,45,240,0,240,0,182,-35" /><INIT seed="0,3,0,0,3,106" ten="373,240,240,147" oya="0" hai0="121,25,99,17,105,128,10,93,91,125,84,0,37" hai1="60,124,6,42,76,86,112,39,109,126,75,127,103" hai2="29,96,49,100,82,70,135,30,134,102,90,61,62" hai3="20,111,131,31,48,52,34,33,57,63,53,59,11"/><T88/><D121/><U133/><E109/><V8/><F49/><W120/><G111/><T64/><D37/><U18/><E133/><N who="2" m="50699" /><F8/><W51/><G120/><T74/><D125/><U69/><E112/><V12/><F12/><W65/><G131/><T66/><D128/><U81/><E6/><V132/><N who="2" m="50707" /><V129/><DORA hai="15" /><F129/><W9/><G34/><T50/><D74/><U2/><E2/><V110/><F110/><W27/><REACH who="3" step="1"/><G33/><REACH who="3" ten="373,240,240,137" step="2"/><T130/><D130/><U46/><E124/><V87/><F102/><W44/><AGARI ba="3,1" hai="9,11,20,27,31,44,48,51,52,53,57,59,63,65" machi="44" ten="20,12000,2" yaku="1,1,2,1,0,1,7,1,8,1,54,1,53,1" doraHai="106,15" doraHaiUra="3,16" who="3" fromWho="3" sc="373,-63,240,-33,240,-33,137,139" /><INIT seed="1,0,0,0,0,124" ten="310,207,207,276" oya="1" hai0="90,91,22,125,12,108,8,112,19,89,11,41,49" hai1="36,80,117,21,68,85,121,13,106,45,56,54,97" hai2="47,95,42,119,2,116,120,15,73,50,129,111,71" hai3="83,33,118,46,62,0,107,86,81,131,93,59,75"/><U16/><E117/><V39/><F120/><W58/><G33/><T122/><D125/><U10/><E121/><V70/><F2/><W38/><G0/><T28/><D112/><U88/><E68/><N who="2" m="26155" /><F73/><W24/><G107/><T7/><D122/><U3/><E36/><V101/><F95/><W6/><G6/><T78/><D108/><U40/><E40/><V74/><F101/><W72/><G24/><N who="0" m="16407" /><D78/><U100/><E45/><N who="2" m="23775" /><F15/><W64/><G93/><T14/><D49/><U76/><E3/><V133/><F74/><W98/><G75/><T5/><D41/><U4/><E76/><V32/><F32/><W77/><G72/><T67/><D67/><U65/><E65/><V55/><F111/><W31/><G77/><T109/><D109/><U18/><REACH who="1" step="1"/><E21/><REACH who="1" ten="310,197,207,276" step="2"/><V96/><F119/><W114/><G118/><T102/><D11/><U132/><E132/><V110/><F116/><W115/><G64/><T51/><D8/><U37/><E37/><V69/><F110/><W128/><G38/><T57/><D5/><U103/><E103/><V25/><F133/><W26/><G114/><T29/><D7/><U113/><E113/><V60/><F69/><W134/><G115/><T92/><D102/><U35/><E35/><V135/><F135/><W82/><G134/><T23/><D23/><U130/><E130/><V48/><F129/><W44/><G131/><T30/><D92/><U20/><E20/><V99/><F47/><W94/><G44/><T1/><D1/><U9/><E9/><V123/><F123/><W63/><G46/><T87/><D14/><U127/><E127/><RYUUKYOKU ba="0,1" sc="310,-10,197,30,207,-10,276,-10" hai1="4,10,13,16,18,54,56,80,85,88,97,100,106" /><INIT seed="1,1,1,5,1,46" ten="300,227,197,266" oya="1" hai0="124,131,121,55,42,127,36,78,2,25,62,69,13" hai1="9,118,34,116,27,18,112,58,5,104,0,79,67" hai2="100,117,12,32,65,68,43,60,105,30,110,76,82" hai3="96,111,107,57,99,66,39,48,134,7,14,84,106"/><U86/><E104/><V56/><F117/><W70/><G39/><T3/><D131/><U122/><E112/><V6/><F110/><W29/><G70/><T45/><D121/><U28/><E122/><V123/><F123/><W44/><G29/><T109/><D109/><U41/><E41/><V40/><F6/><W128/><G111/><T20/><D78/><U129/><E129/><V101/><F12/><W63/><G128/><T54/><D13/><U119/><E18/><V135/><F135/><W120/><G120/><T37/><D37/><U33/><E33/><V15/><F15/><W61/><G61/><T23/><D23/><U8/><E8/><V10/><F10/><N who="3" m="4447" /><G106/><T113/><D113/><U102/><E102/><V103/><F105/><W98/><G107/><T92/><D92/><U114/><E114/><V35/><F68/><W126/><G126/><N who="0" m="48171" /><D62/><U115/><E115/><V21/><F21/><W130/><G130/><T24/><D69/><U38/><E38/><V72/><REACH who="2" step="1"/><F35/><REACH who="2" ten="300,227,187,266" step="2"/><W19/><G134/><T51/><D2/><U94/><E116/><V4/><F4/><W91/><G19/><N who="0" m="12319" /><D3/><U87/><E118/><V73/><F73/><W17/><G17/><T80/><D25/><AGARI ba="1,2" hai="25,30,32,40,43,56,60,65,72,76,82,100,101,103" machi="25" ten="40,1300,0" yaku="1,1,53,0" doraHai="46" doraHaiUra="88" who="2" fromWho="0" sc="300,-16,227,0,187,36,266,0" /><INIT seed="2,0,0,4,3,75" ten="284,227,223,266" oya="2" hai0="9,83,107,117,79,124,110,19,129,113,6,105,68" hai1="120,12,91,77,52,118,27,123,0,42,104,48,81" hai2="34,37,130,36,76,15,53,65,21,135,60,1,93" hai3="92,59,63,116,39,100,109,128,23,35,99,126,16"/><V28/><F1/><W82/><G116/><T88/><D113/><U44/><E118/><V72/><F135/><W98/><G109/><T127/><D117/><U84/><E0/><V70/><F34/><W132/><G132/><T46/><D110/><U94/><E104/><V2/><F2/><W121/><G121/><N who="1" m="46666" /><E27/><V62/><F130/><W90/><G35/><T133/><D133/><U69/><E69/><V58/><F93/><W51/><G39/><T49/><D68/><U11/><E42/><V97/><F97/><W7/><G7/><T80/><D19/><N who="1" m="8607" /><E94/><V13/><F28/><W112/><G112/><T119/><D129/><U87/><E91/><V25/><F37/><W71/><G71/><T64/><D88/><U10/><E10/><V17/><REACH who="2" step="1"/><F36/><REACH who="2" ten="284,227,213,266" step="2"/><W24/><G128/><T101/><D119/><U31/><E31/><V67/><F67/><N who="3" m="39423" /><G99/><N who="0" m="61631" /><D64/><U108/><E108/><V106/><F106/><W95/><G95/><T56/><D107/><U14/><E14/><V8/><F8/><W29/><G29/><T40/><D9/><U111/><E111/><V30/><F30/><W96/><G96/><T89/><D80/><AGARI ba="0,1" hai="13,15,17,21,25,53,58,60,62,65,70,72,76,80" machi="80" ten="40,3900,0" yaku="1,1,52,1,53,0" doraHai="75" doraHaiUra="85" who="2" fromWho="0" sc="284,-39,227,0,213,49,266,0" /><INIT seed="2,1,0,2,5,63" ten="245,227,262,266" oya="2" hai0="53,44,35,92,58,108,115,86,45,76,64,104,2" hai1="83,50,41,51,128,34,122,121,5,20,132,114,46" hai2="72,71,125,81,39,0,28,4,116,54,56,43,36" hai3="105,32,75,79,74,129,18,52,93,123,111,77,16"/><V17/><F116/><W68/><G105/><T27/><D115/><U1/><E34/><V61/><F125/><W89/><G32/><T3/><D104/><U135/><E114/><V97/><F28/><W133/><G68/><T14/><D108/><U59/><E128/><V119/><F119/><W95/><G89/><T6/><D35/><U84/><E20/><V78/><F71/><W126/><G111/><T109/><D27/><U134/><E5/><V103/><F43/><W101/><G101/><T106/><D106/><U96/><E96/><V55/><F17/><W117/><G117/><T130/><D130/><U82/><E1/><V48/><F4/><W70/><G70/><T26/><D26/><U65/><E83/><V49/><F0/><W42/><G42/><T15/><D3/><U131/><E131/><V21/><F21/><W37/><G129/><T99/><D2/><U124/><E124/><V23/><F23/><W19/><G126/><T91/><D6/><U29/><E29/><V73/><F73/><W112/><G19/><T10/><D10/><U66/><E51/><V57/><REACH who="2" step="1"/><F61/><REACH who="2" ten="245,227,252,266" step="2"/><W7/><G7/><T110/><D110/><U40/><E40/><V69/><F69/><W87/><G75/><T120/><D109/><U100/><E41/><V31/><F31/><W22/><G74/><T88/><D120/><U85/><E121/><V24/><F24/><W12/><G123/><T13/><D14/><U94/><E122/><V60/><F60/><W113/><G12/><T67/><D13/><U11/><E132/><V80/><F80/><W38/><G133/><RYUUKYOKU ba="1,1" sc="245,-10,227,-10,252,30,266,-10" hai2="36,39,48,49,54,55,56,57,72,78,81,97,103" /><INIT seed="2,2,1,0,1,13" ten="235,217,282,256" oya="2" hai0="102,43,98,14,41,8,44,11,95,54,94,84,122" hai1="50,2,89,134,111,117,64,133,124,22,4,119,29" hai2="103,20,28,68,56,0,90,40,31,21,61,100,55" hai3="88,19,85,51,74,87,82,37,35,99,34,18,126"/><V24/><F0/><W93/><G37/><T47/><D122/><U104/><E104/><V128/><F128/><W66/><G74/><T120/><D120/><U17/><E64/><V125/><F125/><W123/><G123/><T101/><D11/><N who="1" m="2455" /><E124/><V45/><F68/><W12/><G126/><T131/><D131/><U33/><E89/><V108/><F108/><W39/><G39/><T67/><D67/><U72/><E50/><V10/><F10/><W53/><G66/><T73/><D73/><U92/><E92/><V80/><F31/><W110/><G110/><T9/><D8/><U69/><E69/><V1/><F1/><W70/><G70/><T15/><D9/><U27/><E72/><V130/><F130/><W77/><G12/><T127/><D127/><U65/><E65/><V96/><F21/><W16/><REACH who="3" step="1"/><G87/><REACH who="3" ten="235,217,282,246" step="2"/><T113/><D84/><U59/><E111/><V132/><F132/><N who="1" m="50793" /><E59/><AGARI ba="2,2" hai="16,18,19,34,35,51,53,59,77,82,85,88,93,99" machi="59" ten="40,12000,2" yaku="1,1,52,3,54,2,53,1" doraHai="13" doraHaiUra="49" who="3" fromWho="1" sc="235,0,217,-126,282,0,246,146" /><INIT seed="3,0,0,3,5,33" ten="235,91,282,392" oya="3" hai0="125,98,121,106,116,119,5,50,126,59,81,72,103" hai1="122,2,89,54,99,53,65,7,35,124,96,130,134" hai2="105,56,93,64,92,74,90,77,70,101,57,23,3" hai3="68,60,8,0,45,67,112,51,123,87,36,25,86"/><W73/><G123/><T66/><D5/><U80/><E122/><V18/><F70/><W17/><G73/><T118/><D121/><U62/><E35/><V69/><F69/><W63/><G112/><T107/><D66/><U26/><E124/><N who="0" m="47721" /><D59/><U44/><E130/><V58/><F64/><W16/><G60/><T104/><D50/><U95/><E134/><V10/><F105/><W113/><G36/><T78/><AGARI ba="0,0" hai="72,78,81,98,103,104,106,107,116,118,119" m="47721" machi="78" ten="40,8000,1" yaku="18,1,23,1,34,2" doraHai="33" who="0" fromWho="0" sc="235,80,91,-20,282,-20,392,-40" /><INIT seed="4,0,0,1,2,103" ten="315,71,262,352" oya="0" hai0="31,120,125,78,77,80,86,69,110,114,59,91,108" hai1="129,2,116,133,13,26,89,85,94,16,113,51,63" hai2="40,41,68,12,127,65,7,135,18,83,37,52,4" hai3="87,95,122,64,124,23,66,50,38,28,57,36,105"/><T47/><D120/><U54/><E116/><V11/><F135/><W49/><G87/><T99/><D69/><U132/><E2/><V112/><F112/><W15/><G95/><T111/><D114/><U39/><E39/><V104/><F127/><W128/><G23/><T14/><D125/><U79/><E113/><V130/><F130/><W44/><G15/><T45/><D31/><U92/><E129/><V121/><F121/><W3/><G28/><T6/><D59/><U46/><E79/><V60/><F104/><W22/><G22/><T0/><D0/><U43/><E26/><V134/><F134/><W100/><G100/><T5/><D5/><U34/><E34/><V32/><F32/><W72/><G57/><T97/><D78/><U90/><E63/><V17/><F83/><W33/><G44/><N who="0" m="16971" /><D77/><U73/><E73/><V1/><F37/><W61/><G72/><T55/><D55/><U106/><E54/><V76/><F76/><W25/><G3/><T71/><D71/><U19/><E106/><V93/><F7/><W35/><G105/><T48/><D48/><U74/><E74/><V118/><F118/><W81/><G35/><T27/><D27/><U10/><REACH who="1" step="1"/><E19/><REACH who="1" ten="315,61,262,352" step="2"/><V62/><F18/><W53/><G25/><T117/><D117/><U21/><E21/><V84/><F17/><W98/><G33/><T56/><D110/><U109/><E109/><V70/><F1/><W88/><G128/><T30/><D111/><U9/><E9/><V107/><F107/><W115/><G115/><T75/><D108/><U29/><E29/><V24/><F52/><RYUUKYOKU ba="0,1" sc="315,-10,61,30,262,-10,352,-10" hai1="10,13,16,43,46,51,85,89,90,92,94,132,133" /><INIT seed="5,1,1,5,4,106" ten="305,91,252,342" oya="1" hai0="37,47,83,55,1,28,38,135,134,10,40,103,102" hai1="121,97,74,44,105,9,124,20,82,116,4,99,70" hai2="5,46,113,76,87,130,72,21,94,132,42,33,66" hai3="73,108,71,23,128,18,14,41,54,81,30,75,118"/><U45/><E121/><V12/><F33/><W107/><G71/><T56/><D28/><U117/><E70/><V68/><F132/><N who="0" m="50730" /><D38/><U126/><E20/><V8/><F130/><W15/><G107/><T60/><D83/><U49/><E82/><V112/><F21/><W119/><G108/><T91/><D91/><U125/><E74/><N who="3" m="28170" /><G41/><T64/><D55/><N who="1" m="30119" /><E45/><V57/><F68/><W95/><G81/><T48/><D37/><U67/><E67/><V101/><F72/><W7/><G30/><T52/><D40/><U50/><E50/><V109/><F109/><W59/><G95/><T123/><D123/><U24/><E24/><V88/><F76/><W115/><G128/><T127/><D127/><U3/><E99/><V98/><F66/><W79/><G79/><T62/><D62/><U17/><E17/><V86/><F86/><W0/><G0/><T63/><D63/><U36/><E36/><V92/><REACH who="2" step="1"/><F57/><REACH who="2" ten="305,91,242,342" step="2"/><W85/><G59/><T131/><D131/><U58/><E58/><V43/><F43/><W89/><G85/><T25/><D25/><U69/><E69/><V65/><F65/><W114/><G54/><T111/><D111/><U51/><E51/><AGARI ba="1,2" hai="5,8,12,42,46,51,87,88,92,94,98,101,112,113" machi="51" ten="40,2600,0" yaku="1,1,54,1,53,0" doraHai="106" doraHaiUra="77" who="2" fromWho="1" sc="305,0,91,-29,242,49,342,0" /><INIT seed="6,0,0,1,1,19" ten="305,62,291,342" oya="2" hai0="131,112,13,100,91,31,72,74,116,89,123,133,128" hai1="78,10,36,33,107,48,54,96,69,90,17,64,25" hai2="93,57,30,85,26,44,65,84,15,120,60,28,81" hai3="83,135,103,73,16,77,9,132,43,66,24,7,110"/><V1/><F120/><W38/><G66/><T106/><D123/><U114/><E114/><V122/><F1/><N who="3" m="239" /><G103/><T39/><D112/><U62/><E36/><V97/><F122/><W45/><G110/><T118/><D39/><U75/><E75/><N who="0" m="28713" /><D13/><U4/><E78/><V61/><F44/><W82/><G82/><T21/><D21/><AGARI ba="0,0" hai="16,21,24,38,43,45,73,77,83,132,135" m="239" machi="21" ten="30,3900,0" yaku="25,1,52,1,54,1" doraHai="19" who="3" fromWho="0" sc="305,-39,62,0,291,0,342,39" /><INIT seed="7,0,0,2,1,86" ten="266,62,291,381" oya="3" hai0="97,127,99,26,113,31,120,130,103,49,64,79,28" hai1="107,62,121,111,70,40,55,128,21,4,72,69,51" hai2="65,47,93,106,45,68,1,133,87,13,71,29,16" hai3="80,74,108,41,36,91,56,129,18,42,23,14,25"/><W43/><G74/><T52/><D120/><U123/><E72/><V34/><F106/><W75/><G75/><T81/><D127/><U27/><E107/><V95/><F1/><W39/><G129/><T2/><D130/><U19/><E111/><V98/><F133/><W132/><G132/><T24/><D2/><U135/><E135/><V117/><F117/><W46/><G36/><T9/><D9/><U60/><E4/><V90/><F34/><W32/><G56/><N who="0" m="32783" /><D113/><U58/><E128/><V48/><F29/><N who="0" m="11338" /><D64/><U11/><E11/><V57/><F65/><W37/><G37/><T20/><D103/><U112/><E112/><V35/><F35/><W6/><G39/><T12/><D79/><U104/><E104/><V102/><F47/><W67/><G46/><T125/><D125/><U89/><E69/><V15/><F57/><W73/><G73/><T105/><D105/><U83/><E62/><V5/><F5/><W3/><G67/><T84/><D12/><U94/><E83/><V126/><F15/><W0/><G14/><T59/><D59/><U78/><E78/><V118/><F118/><W116/><G116/><T96/><D20/><U54/><E40/><V88/><F102/><W61/><G0/><T44/><D44/><U110/><E110/><V131/><F131/><W109/><G3/><T100/><D100/><U8/><E8/><N who="2" m="6183" /><F126/><W76/><G109/><T119/><D119/><U122/><E70/><V114/><F114/><W77/><G32/><T124/><D124/><U53/><E51/><V134/><F134/><W63/><G108/><T115/><D115/><RYUUKYOKU ba="0,0" sc="266,10,62,10,291,10,381,-30" hai0="24,26,81,84,96,97,99" hai1="19,21,27,53,54,55,58,60,89,94,121,122,123" hai2="45,48,68,71,87,88,90,93,95,98" owari="276,-12.0,72,-43.0,301,10.0,351,45.0" /></mjloggm>