<mjloggm ver="2.3"><GO type="169" lobby="0"/><UN n0="%E7%A0%B4%E5%B9%BB" n1="%E8%85%90%E7%94%9F%E8%B1%9A%E3%82%B3%E3%83%84%E3%83%9C%E3%83%BC" n2="%E3%82%A6%E3%83%AB%E3%83%88%E3%83%A9%E7%AB%8B%E7%9B%B4" n3="%E2%80%A0%58%54%45%4E%44%E2%80%A0" dan="16,17,18,17" rate="2094.37,2173.27,2203.72,2109.96" sx="F,M,M,F"/><TAIKYOKU oya="0"/><INIT seed="0,0,0,5,0,48" ten="250,250,250,250" oya="0" hai0="101,18,30,82,132,71,26,70,19,49,15,98,108" hai1="84,86,123,128,17,73,113,66,131,85,64,21,35" hai2="63,107,9,91,65,105,129,56,125,22,88,109,124" hai3="27,112,2,133,20,81,3,54,90,72,114,121,1"/><T94/><D132/><U75/><E35/><V115/><F115/><W59/><G133/><T14/><D108/><U40/><E123/><V67/><F9/><W68/><G68/><T97/><D82/><U135/><E135/><V61/><F22/><W13/><G121/><T53/><D71/><U95/><E113/><V41/><F41/><W6/><G13/><T74/><D70/><U92/><E40/><V103/><F103/><W36/><G36/><T57/><D74/><U12/><E75/><V46/><F56/><W104/><G6/><T110/><D110/><U62/><E73/><V89/><F46/><W16/><G104/><N who="2" m="40009" /><F109/><W28/><G28/><T111/><D111/><U37/><E37/><V34/><F34/><W58/><G58/><T106/><D15/><U55/><E66/><N who="2" m="25099" /><F129/><N who="1" m="49737" /><E64/><V99/><F99/><W127/><G127/><AGARI ba="0,0" hai="61,63,88,89,91,124,125,127" m="25099,40009" machi="127" ten="40,8000,1" yaku="28,2,18,1,54,1" doraHai="48" who="2" fromWho="3" sc="250,0,250,0,250,80,250,-80" /><INIT seed="1,0,0,3,0,71" ten="250,250,330,170" oya="1" hai0="8,60,88,37,87,52,16,3,94,123,24,47,128" hai1="46,107,101,32,108,64,58,17,35,4,56,53,90" hai2="105,1,118,125,72,103,115,42,15,132,91,97,66" hai3="63,109,100,29,111,81,124,83,110,25,99,130,2"/><U40/><E4/><V50/><F1/><W68/><G2/><T61/><D128/><U85/><E64/><V114/><F66/><N who="3" m="41055" /><G130/><T9/><D123/><U43/><E17/><V5/><F118/><W19/><G124/><T93/><D93/><U73/><E73/><V65/><F132/><W23/><G19/><T57/><D61/><U106/><E43/><V59/><F72/><W92/><AGARI ba="0,0" hai="23,25,29,81,83,92,99,100,109,110,111" m="41055" machi="92" ten="30,1100,0" yaku="14,1" doraHai="71" who="3" fromWho="3" sc="250,-3,250,-5,330,-3,170,11" /><INIT seed="2,0,0,3,2,104" ten="247,245,327,181" oya="2" hai0="88,41,72,22,18,8,130,14,134,10,3,122,26" hai1="52,34,28,37,45,103,129,85,135,95,96,77,7" hai2="30,90,121,108,91,109,17,54,66,86,102,112,48" hai3="71,89,27,55,65,61,19,63,44,106,99,84,25"/><V127/><F121/><W47/><G106/><T6/><D122/><U62/><E129/><V116/><F116/><W33/><G99/><T60/><D130/><U2/><E135/><V93/><F112/><W120/><G120/><T16/><D134/><U4/><E37/><V128/><F128/><W118/><G118/><T73/><D41/><U123/><E123/><V83/><F30/><W13/><G33/><T100/><D100/><U70/><E70/><V78/><F66/><W81/><G44/><T43/><D43/><U58/><E2/><V46/><F127/><W110/><G110/><N who="2" m="42601" /><F17/><W125/><G125/><T38/><D38/><U36/><E36/><V57/><F46/><W105/><G105/><T42/><D42/><U35/><E45/><V74/><F91/><W119/><G119/><T113/><D113/><U49/><E28/><V21/><F21/><W97/><G97/><T68/><REACH who="0" step="1"/><D88/><REACH who="0" ten="237,245,327,181" step="2"/><U69/><E103/><AGARI ba="0,1" hai="48,54,57,74,78,83,86,90,93,102,103" m="42601" machi="103" ten="30,5800,0" yaku="14,1,10,1,52,1" doraHai="104" who="2" fromWho="1" sc="237,0,245,-58,327,68,181,0" /><INIT seed="2,1,0,0,1,11" ten="237,187,395,181" oya="2" hai0="81,128,108,75,24,22,37,64,98,44,3,135,82" hai1="4,7,45,120,42,15,55,43,48,69,103,23,21" hai2="125,53,123,126,18,30,34,58,88,51,62,40,25" hai3="99,33,77,130,72,28,41,0,67,89,87,49,68"/><V100/><F123/><W61/><G0/><T101/><D3/><U14/><E120/><V117/><F117/><W32/><G130/><T129/><D108/><U9/><E69/><V85/><F100/><W20/><G77/><T110/><D110/><U121/><E121/><V39/><F39/><W6/><G6/><T105/><D135/><U36/><E103/><V124/><F18/><W31/><G72/><T86/><D75/><U80/><E80/><V115/><F115/><W97/><G33/><T70/><D37/><U13/><E36/><V1/><F1/><W93/><G32/><T73/><D44/><U5/><E9/><V113/><F113/><W109/><G109/><T132/><D73/><U127/><E127/><V27/><F40/><AGARI ba="1,0" hai="4,5,7,13,14,15,21,23,40,42,43,45,48,55" machi="40" ten="40,8000,1" yaku="8,1,52,3" doraHai="11" who="1" fromWho="2" sc="237,0,187,83,395,-83,181,0" /><INIT seed="3,0,0,2,2,11" ten="237,270,312,181" oya="3" hai0="82,109,101,37,85,97,99,71,128,98,13,105,58" hai1="15,134,75,104,50,110,23,123,36,22,0,80,59" hai2="4,69,51,18,64,91,108,88,48,127,28,45,27" hai3="54,131,102,113,30,31,7,115,20,12,60,24,119"/><W14/><G119/><T66/><D71/><U9/><E123/><V49/><F4/><W44/><G131/><T65/><D37/><U90/><E36/><V112/><F112/><W122/><G122/><T83/><D128/><U81/><E0/><V124/><F18/><N who="3" m="12311" /><G115/><T84/><D58/><U68/><E68/><V63/><F45/><W29/><G113/><T103/><D13/><N who="3" m="5225" /><G7/><T52/><D52/><U89/><E104/><V19/><F19/><W53/><G102/><N who="0" m="38923" /><D105/><U111/><E75/><V79/><F108/><W116/><G116/><T57/><D57/><U35/><E59/><V72/><F72/><W5/><G5/><T125/><D125/><N who="2" m="48202" /><F79/><W43/><G60/><T70/><D70/><U10/><E111/><V96/><F96/><W107/><G107/><T133/><D133/><U86/><E134/><V129/><F129/><W95/><G95/><T17/><D109/><U25/><E110/><V92/><F92/><W6/><G6/><T55/><D98/><U2/><E2/><V78/><F78/><W34/><G34/><AGARI ba="0,0" hai="27,28,34,48,49,51,63,64,69,88,91" m="48202" machi="34" ten="30,2000,0" yaku="18,1,54,1" doraHai="11" who="2" fromWho="3" sc="237,0,270,0,312,20,181,-20" /><INIT seed="4,0,0,0,4,28" ten="237,270,332,161" oya="0" hai0="115,121,52,134,128,39,58,70,60,19,112,82,98" hai1="13,30,35,11,85,64,47,3,110,22,111,69,102" hai2="33,73,51,120,122,107,29,4,49,71,131,8,63" hai3="129,66,62,81,59,126,21,20,94,123,0,42,1"/><T68/><D121/><U26/><E102/><V93/><F93/><W84/><G123/><T18/><D98/><U95/><E47/><V127/><F51/><W25/><G126/><T6/><D6/><N who="1" m="1503" /><E64/><V133/><F49/><W17/><G129/><T119/><D119/><U87/><E69/><N who="0" m="26729" /><D134/><U86/><E95/><V108/><F8/><W90/><G42/><T53/><D128/><U109/><E87/><V16/><F29/><W12/><REACH who="3" step="1"/><G81/><REACH who="3" ten="237,270,332,151" step="2"/><T55/><D82/><U130/><E130/><V80/><F80/><W37/><G37/><T77/><D39/><U15/><E86/><V27/><F122/><W61/><G61/><T23/><D77/><U125/><E85/><V124/><F63/><W78/><G78/><T50/><D60/><U45/><E125/><V89/><F120/><W97/><G97/><T34/><D50/><U103/><E111/><V101/><F127/><W40/><G40/><T36/><D36/><U57/><E110/><V135/><F108/><W88/><G88/><T7/><D53/><U92/><E109/><V99/><F124/><W105/><G105/><T91/><D55/><U116/><E92/><V31/><F107/><W56/><G56/><T54/><D91/><U67/><E57/><V83/><F89/><W38/><G38/><T43/><D54/><U46/><E46/><V9/><F131/><W100/><G100/><T48/><D43/><U2/><E45/><V117/><F101/><W10/><G10/><T96/><D52/><U113/><E103/><V118/><F71/><W79/><G79/><T14/><D48/><U76/><E76/><RYUUKYOKU ba="0,1" sc="237,-10,270,-10,332,-10,151,30" hai3="0,1,12,17,20,21,25,59,62,66,84,90,94" /><INIT seed="5,1,1,0,5,89" ten="227,260,322,181" oya="1" hai0="65,13,135,122,61,44,90,106,107,87,63,29,54" hai1="98,38,36,23,102,46,108,31,1,59,109,43,57" hai2="99,94,68,28,81,27,2,51,25,76,115,20,19" hai3="40,114,37,101,50,14,129,52,121,3,110,9,5"/><U55/><E1/><V132/><F68/><W104/><G110/><N who="1" m="42602" /><E38/><V56/><F2/><W96/><G121/><T88/><D122/><U128/><E128/><V26/><F132/><W97/><G129/><T10/><D135/><U16/><E31/><V126/><F115/><W34/><G34/><T116/><D116/><U24/><E55/><V78/><F126/><W41/><G114/><T35/><D35/><U85/><E85/><V60/><F51/><W80/><G37/><T18/><D90/><U48/><E36/><V8/><F8/><W119/><G119/><T127/><D127/><U117/><E117/><V53/><F28/><W17/><G80/><N who="0" m="49255" /><D29/><U73/><E73/><V6/><F6/><W4/><G97/><T22/><D22/><U66/><E66/><V83/><F83/><W91/><G91/><T93/><D65/><U82/><E82/><V21/><F21/><W79/><G79/><N who="2" m="30249" /><F81/><W92/><G104/><AGARI ba="1,1" hai="16,23,24,43,46,48,57,59,98,102,104" m="42602" machi="104" ten="30,2900,0" yaku="10,1,54,1" doraHai="89" who="1" fromWho="3" sc="227,0,260,42,322,0,181,-32" /><INIT seed="5,2,0,0,3,22" ten="227,302,322,149" oya="1" hai0="88,84,116,68,11,80,1,36,45,119,71,61,21" hai1="130,60,48,66,99,57,4,104,41,96,51,93,0" hai2="87,91,30,31,2,12,3,54,32,75,101,62,128" hai3="9,73,133,6,33,90,102,121,18,124,38,10,117"/><U24/><E104/><V23/><F75/><W118/><G38/><T7/><D21/><U114/><E130/><V20/><F101/><W56/><G73/><T107/><D107/><U8/><E114/><V77/><F77/><W115/><G102/><T50/><D36/><U108/><E108/><V132/><F32/><W67/><G90/><T103/><D103/><U29/><E41/><V112/><F132/><W97/><G97/><T42/><REACH who="0" step="1"/><D61/><REACH who="0" ten="217,302,322,149" step="2"/><U55/><E60/><V64/><F23/><W34/><G34/><T127/><D127/><U19/><E29/><V69/><F20/><W65/><G33/><T14/><D14/><U40/><E0/><V49/><F12/><W92/><G124/><T43/><D43/><U63/><E40/><V98/><F2/><W83/><G115/><T79/><D79/><U135/><E63/><V95/><F3/><W27/><G118/><AGARI ba="2,1" hai="1,7,11,42,45,50,68,71,80,84,88,116,118,119" machi="118" ten="40,2600,0" yaku="1,1,54,1,53,0" doraHai="22" doraHaiUra="123" who="0" fromWho="3" sc="217,42,302,0,322,0,149,-32" /><INIT seed="6,0,0,3,5,128" ten="259,302,322,117" oya="2" hai0="60,95,46,62,134,56,135,100,91,36,67,14,115" hai1="4,21,52,71,31,55,11,1,7,65,42,50,103" hai2="133,70,26,96,82,28,104,53,20,88,44,76,13" hai3="2,111,84,45,83,87,6,54,57,123,43,93,61"/><V114/><F70/><W102/><G123/><T79/><D100/><U49/><E103/><V119/><F119/><W69/><G111/><T41/><D115/><U68/><E42/><V58/><F44/><W75/><G69/><T18/><D79/><U92/><E65/><V33/><F114/><W5/><G102/><T132/><D56/><U30/><E92/><V129/><F104/><W112/><G112/><T120/><D67/><U16/><E21/><V105/><F105/><W121/><G121/><T130/><D130/><U59/><E59/><V101/><F129/><W35/><G35/><T99/><D120/><U15/><E15/><V78/><F33/><W40/><G75/><T29/><D29/><U98/><E11/><AGARI ba="0,0" hai="11,14,18,36,41,46,60,62,91,95,99,132,134,135" machi="11" ten="40,8000,1" yaku="20,1,52,3" doraHai="128" who="0" fromWho="1" sc="259,80,302,-80,322,0,117,0" /><INIT seed="7,0,0,1,3,106" ten="339,222,322,117" oya="3" hai0="42,79,39,117,120,65,21,68,76,125,124,31,51" hai1="8,86,15,123,122,131,69,102,135,50,107,103,130" hai2="72,43,60,36,3,40,13,47,23,10,74,80,0" hai3="25,17,37,83,116,20,89,78,48,45,90,91,58"/><W29/><G116/><T95/><D120/><U16/><E69/><V99/><F43/><W56/><G37/><T22/><D117/><U53/><E135/><V27/><F99/><W105/><G105/><T97/><D39/><U44/><E86/><V62/><F0/><W112/><G112/><T55/><D42/><U93/><E107/><V98/><F98/><W134/><G134/><T104/><D104/><U129/><REACH who="1" step="1"/><E93/><REACH who="1" ten="339,212,322,117" step="2"/><V26/><F74/><W81/><G29/><T87/><D68/><U114/><E114/><V59/><F72/><W18/><G18/><T2/><D95/><U127/><E127/><V7/><F80/><N who="3" m="30795" /><G78/><T66/><D79/><U32/><E32/><V126/><F126/><W96/><G96/><T85/><D97/><U111/><E111/><V52/><F62/><W109/><G109/><T5/><D76/><U100/><AGARI ba="0,1" hai="8,15,16,44,50,53,100,102,103,122,123,129,130,131" machi="100" ten="40,8000,1" yaku="1,1,0,1,19,1,54,1,53,0" doraHai="106" doraHaiUra="92" who="1" fromWho="1" sc="339,-20,212,90,322,-20,117,-40" owari="319,42.0,302,10.0,302,-10.0,77,-42.0" /></mjloggm>