<mjloggm ver="2.3"><GO type="169" lobby="0"/><UN n0="%E3%81%AE%E3%81%B3%E3%81%97%E3%82%8D%E2%99%82" n1="%E5%B0%B1%E6%B4%BB%E7%94%9F%40%E5%B7%9D%E6%9D%91%E8%BB%8D%E5%9B%A3" n2="%E4%B8%AD%E5%A0%85%EF%BC%A0%E3%83%8F%E3%83%BC%E3%83%99%E3%82%B9%E3%83%88" n3="%E5%85%AC%E5%8B%99%E5%93%A1%E3%81%8F%E3%82%93" dan="16,18,16,16" rate="2105.72,2325.89,2047.93,2170.21" sx="M,M,F,F"/><TAIKYOKU oya="0"/><INIT seed="0,0,0,5,4,31" ten="250,250,250,250" oya="0" hai0="95,106,27,17,4,98,68,2,20,79,39,9,90" hai1="122,24,57,104,47,29,76,119,12,34,126,101,7" hai2="26,99,129,103,87,14,35,82,78,51,72,110,44" hai3="6,11,74,42,49,80,33,63,105,30,66,59,64"/><T69/><D39/><U94/><E119/><V117/><F117/><W112/><G105/><T107/><REACH who="0" step="1"/><D79/><REACH who="0" ten="240,250,250,250" step="2"/><U114/><E76/><V46/><F129/><W121/><G112/><T60/><D60/><U96/><E114/><V133/><F133/><W19/><G63/><T134/><D134/><U128/><E128/><V28/><F110/><W48/><G121/><T125/><D125/><U54/><E126/><V132/><F132/><W13/><G66/><T62/><D62/><U73/><E122/><V89/><F51/><W111/><G64/><T45/><D45/><U77/><E77/><V124/><F124/><W81/><G49/><T10/><D10/><U123/><E47/><V3/><F46/><W25/><G48/><T41/><D41/><U1/><E123/><V0/><F44/><W56/><G42/><T113/><D113/><U36/><E36/><V37/><F37/><W86/><G111/><T67/><D67/><U55/><E55/><V22/><F78/><W15/><G74/><T97/><D97/><U115/><E54/><V16/><REACH who="2" step="1"/><F72/><REACH who="2" ten="240,250,240,250" step="2"/><W58/><REACH who="3" step="1"/><G86/><REACH who="3" ten="240,250,240,240" step="2"/><T135/><D135/><U50/><E73/><V8/><F8/><AGARI ba="0,3" hai="6,8,11,13,15,19,25,30,33,56,58,59,80,81" machi="8" ten="40,5200,0" yaku="1,1,2,1,52,1,53,0" doraHai="31" doraHaiUra="127" who="3" fromWho="2" sc="240,0,250,0,240,-52,240,82" /><INIT seed="1,0,0,0,0,69" ten="240,250,188,322" oya="1" hai0="24,32,56,120,61,105,81,114,112,42,117,14,55" hai1="70,48,39,83,128,104,82,41,38,71,3,16,0" hai2="9,75,8,66,29,132,36,72,118,135,25,85,98" hai3="91,37,33,78,92,77,73,94,54,111,15,51,103"/><U35/><E35/><V7/><F66/><W57/><G33/><T17/><D117/><U45/><E104/><V1/><F118/><W100/><G111/><T31/><D105/><U124/><E71/><V80/><F98/><W23/><G37/><T97/><D120/><U122/><E122/><V130/><F9/><W27/><G73/><T87/><D97/><U113/><E70/><V34/><F130/><W126/><G15/><T47/><D14/><U26/><E113/><V106/><F106/><W22/><G126/><T86/><D86/><U68/><E68/><V134/><REACH who="2" step="1"/><F36/><REACH who="2" ten="240,250,178,322" step="2"/><W53/><G100/><T46/><D114/><U18/><E128/><V2/><F2/><W44/><G103/><T102/><D102/><U133/><E124/><V64/><F64/><W108/><G108/><T5/><D112/><U109/><E109/><V93/><F93/><W30/><G94/><T63/><D81/><U90/><E83/><V67/><F67/><W13/><G92/><T52/><D5/><U28/><E3/><V96/><F96/><W43/><G91/><AGARI ba="0,1" hai="1,7,8,25,29,34,72,75,80,85,91,132,134,135" machi="91" ten="40,2600,0" yaku="1,1,20,1,53,0" doraHai="69" doraHaiUra="116" who="2" fromWho="3" sc="240,0,250,0,178,36,322,-26" /><INIT seed="2,0,0,2,4,58" ten="240,250,214,296" oya="2" hai0="33,123,54,5,128,55,62,7,65,105,18,77,99" hai1="111,46,72,131,70,59,124,133,20,8,15,53,47" hai2="29,64,108,94,50,109,100,90,96,75,23,40,73" hai3="28,13,119,12,43,19,80,88,41,107,36,60,22"/><V82/><F64/><W31/><G107/><T117/><D123/><U104/><E70/><V84/><F40/><N who="3" m="15435" /><G36/><T91/><D33/><U89/><E104/><V132/><F50/><W135/><G135/><T52/><D128/><U10/><E72/><N who="2" m="27723" /><F29/><N who="3" m="11339" /><G119/><T74/><D117/><U83/><E133/><V98/><F23/><W81/><G12/><T121/><D121/><U95/><E111/><N who="2" m="42571" /><F96/><W101/><G101/><T57/><D18/><N who="1" m="10335" /><E131/><V122/><F132/><W48/><G48/><T126/><D126/><U93/><E124/><V97/><F97/><W102/><G102/><T113/><D113/><U26/><E26/><V25/><F25/><W38/><G38/><T14/><D99/><U11/><E46/><V114/><F122/><W130/><G130/><T87/><D105/><U76/><E47/><V116/><F116/><W45/><G45/><T3/><D3/><U24/><E24/><V103/><F103/><W61/><G80/><T51/><D51/><U115/><E115/><AGARI ba="0,0" hai="82,84,90,94,98,100,114,115" m="42571,27723" machi="115" ten="30,11600,0" yaku="14,1,10,1,34,2" doraHai="58" who="2" fromWho="1" sc="240,0,250,-116,214,116,296,0" /><INIT seed="2,1,0,2,3,74" ten="240,134,330,296" oya="2" hai0="123,88,42,60,2,79,120,119,86,51,59,41,31" hai1="103,84,43,129,37,54,16,116,118,18,91,76,25" hai2="78,82,40,108,14,90,69,87,27,85,50,124,99" hai3="93,101,77,94,132,70,10,48,89,109,57,114,121"/><V106/><F69/><W9/><G70/><T53/><D2/><U11/><E129/><V12/><F124/><W30/><G121/><T24/><D119/><U97/><E37/><V36/><F36/><W107/><G114/><T130/><D130/><U62/><E43/><V13/><F27/><W126/><G126/><T125/><D125/><U6/><E116/><V64/><F64/><W55/><G132/><T80/><D123/><U128/><E128/><V26/><F26/><W83/><G109/><T110/><D110/><U22/><E118/><V7/><F108/><W98/><G30/><T100/><D100/><U72/><E72/><V3/><F3/><W66/><G66/><T17/><D17/><U47/><E76/><V105/><F99/><W117/><G117/><T44/><D120/><U131/><E131/><V67/><F67/><W61/><G61/><T68/><D68/><U56/><E47/><N who="2" m="25959" /><F106/><W38/><G38/><T95/><D24/><U15/><E103/><V96/><F96/><N who="3" m="59543" /><G107/><T73/><REACH who="0" step="1"/><D31/><REACH who="0" ten="230,134,330,296" step="2"/><N who="1" m="17847" /><E97/><V33/><F105/><W58/><G9/><T45/><D45/><U92/><AGARI ba="1,1" hai="6,11,15,16,18,54,56,62,84,91,92" m="17847" machi="92" ten="30,2000,0" yaku="8,1,54,1" doraHai="74" who="1" fromWho="1" sc="230,-6,134,33,330,-11,296,-6" /><INIT seed="3,0,0,5,4,108" ten="224,167,319,290" oya="3" hai0="94,20,43,2,23,44,27,93,75,128,107,120,60" hai1="37,70,79,36,12,29,74,53,98,95,89,109,52" hai2="14,102,8,112,62,42,91,82,130,111,28,1,92" hai3="55,18,51,34,16,31,61,39,101,63,71,32,97"/><W68/><G39/><T116/><D107/><U99/><E70/><V132/><F112/><W96/><G51/><T57/><D120/><U6/><E109/><V56/><F111/><W48/><G48/><T22/><D116/><U4/><E29/><V90/><F28/><W123/><G31/><T72/><D2/><U86/><E74/><V115/><F1/><W117/><G101/><T76/><D128/><U30/><E30/><V80/><F130/><W105/><G105/><T110/><D110/><U41/><E37/><V84/><F115/><W50/><G50/><T65/><D27/><U33/><E33/><V40/><F132/><W24/><G24/><T129/><D129/><U0/><E0/><V19/><F102/><W81/><G81/><N who="2" m="31337" /><F91/><W7/><G7/><T59/><D59/><U119/><E119/><V58/><F58/><W106/><G106/><T54/><D65/><AGARI ba="0,0" hai="8,14,19,40,42,56,62,65,84,90,92" m="31337" machi="65" ten="30,1000,0" yaku="8,1" doraHai="108" who="2" fromWho="0" sc="224,-10,167,0,319,10,290,0" /><INIT seed="4,0,0,0,5,27" ten="214,167,329,290" oya="0" hai0="85,52,6,18,77,37,102,33,115,41,16,42,39" hai1="90,5,97,62,135,107,38,101,34,35,75,63,25" hai2="44,26,23,83,21,53,0,111,56,17,92,105,86" hai3="12,127,28,87,2,29,70,4,82,133,64,126,10"/><T128/><D115/><U15/><E135/><V121/><F111/><W76/><G133/><T50/><D128/><U47/><E75/><V130/><F105/><W72/><G64/><T117/><D117/><U131/><E131/><V24/><F0/><W108/><G70/><T95/><D33/><U112/><E112/><V61/><F130/><W3/><G108/><T78/><D6/><U94/><E5/><V45/><F92/><W71/><G71/><T91/><D102/><U122/><E122/><V57/><F57/><W123/><G123/><T68/><D68/><U9/><E38/><V54/><F54/><W120/><G120/><T99/><D37/><U36/><E47/><V13/><F121/><W30/><REACH who="3" step="1"/><G72/><REACH who="3" ten="214,167,329,280" step="2"/><T22/><D39/><U11/><E36/><V80/><F80/><W113/><G113/><T84/><D77/><U19/><E9/><V43/><F43/><N who="0" m="16394" /><D78/><U116/><E116/><V106/><F106/><W110/><G110/><T104/><D104/><U103/><E107/><V32/><F32/><W46/><G46/><N who="0" m="27735" /><D18/><U93/><E35/><V48/><F45/><W114/><G114/><T109/><D109/><U7/><E34/><V65/><F23/><W8/><G8/><T125/><D125/><AGARI ba="0,1" hai="2,3,4,10,12,28,29,30,76,82,87,125,126,127" machi="125" ten="40,12000,2" yaku="1,1,18,1,52,3,53,1" doraHai="27" doraHaiUra="74" who="3" fromWho="0" sc="214,-120,167,0,329,0,280,130" /><INIT seed="5,0,0,5,3,94" ten="94,167,329,410" oya="1" hai0="5,33,119,99,28,132,127,44,73,126,14,106,10" hai1="67,4,25,2,64,36,77,76,66,74,85,34,86" hai2="41,23,102,19,122,100,58,129,72,117,134,55,7" hai3="47,13,17,15,12,90,131,20,84,43,79,89,96"/><U124/><E36/><V133/><F117/><W46/><G131/><T1/><D119/><U56/><E124/><V65/><F72/><W68/><G68/><T29/><D73/><U121/><E121/><V82/><F82/><N who="3" m="47199" /><G43/><T8/><D132/><U63/><E74/><V91/><F122/><W40/><G40/><T98/><D106/><U54/><E2/><V103/><F41/><W26/><G96/><N who="0" m="36907" /><D44/><AGARI ba="0,0" hai="12,13,15,17,20,26,44,46,47,89,90" m="47199" machi="44" ten="30,1000,0" yaku="8,1" doraHai="94" who="3" fromWho="0" sc="94,-10,167,0,329,0,410,10" /><INIT seed="6,0,0,2,5,88" ten="84,167,329,420" oya="2" hai0="83,108,72,125,23,102,11,47,29,55,62,14,74" hai1="51,117,40,63,95,82,7,16,59,120,96,34,111" hai2="67,61,0,20,6,8,35,17,129,21,87,46,100" hai3="135,76,60,92,65,118,70,15,2,78,18,26,64"/><V66/><F35/><W86/><G2/><T93/><D108/><U54/><E34/><V121/><F121/><W94/><G118/><T131/><D131/><U30/><E111/><V10/><F100/><W71/><G135/><T57/><D125/><U75/><E117/><V116/><F116/><W9/><G26/><T33/><D33/><U85/><E75/><V98/><F129/><W32/><G32/><T38/><D83/><U103/><E30/><V79/><F46/><W3/><G3/><T132/><D132/><U36/><E7/><V13/><F98/><W109/><G109/><T110/><D110/><U56/><E120/><V12/><F0/><W41/><G41/><T49/><D38/><U134/><E134/><V39/><F39/><W27/><G27/><T133/><D133/><U50/><E36/><V128/><F128/><W101/><G101/><T115/><D115/><U73/><E73/><V99/><F99/><W97/><G97/><T113/><D113/><U77/><E40/><V84/><F67/><W127/><G127/><T19/><D74/><U122/><E122/><V107/><F107/><W42/><G42/><T90/><D72/><U24/><E59/><N who="2" m="37183" /><F79/><W69/><G69/><T81/><D102/><U43/><E43/><V52/><F52/><W28/><G76/><T37/><D37/><U5/><E5/><V44/><F44/><W48/><G48/><T105/><D105/><U89/><E103/><V58/><F58/><W45/><G45/><T112/><D112/><U126/><E126/><V114/><F114/><W123/><G123/><T130/><D130/><RYUUKYOKU ba="0,0" sc="84,-15,167,15,329,15,420,-15" hai1="16,24,50,51,54,56,63,77,82,85,89,95,96" hai2="6,8,10,12,13,17,20,21,84,87" /><INIT seed="6,1,0,1,5,25" ten="69,182,344,405" oya="2" hai0="121,40,90,23,123,122,106,0,104,86,94,14,28" hai1="16,52,101,107,45,32,97,34,116,117,27,4,79" hai2="80,21,102,57,92,66,7,81,65,135,3,50,51" hai3="78,72,8,73,42,24,129,120,84,9,88,41,68"/><V103/><F135/><W125/><G68/><T13/><D0/><U128/><E79/><V118/><F118/><W64/><G64/><N who="2" m="24681" /><F3/><W5/><G125/><T100/><D40/><U110/><E110/><V44/><F7/><W69/><G69/><T76/><D76/><U109/><E109/><V131/><F131/><W111/><G120/><T58/><D58/><U46/><E4/><V89/><F21/><W126/><G111/><T33/><D33/><U61/><E128/><V96/><F57/><W67/><G67/><T1/><D1/><U87/><E87/><N who="2" m="50415" /><F80/><W43/><G129/><T53/><D53/><U37/><E34/><V113/><F113/><W127/><G78/><T35/><D35/><U82/><E82/><V6/><F6/><W99/><G72/><T47/><D47/><U2/><E2/><V10/><F10/><W62/><G73/><T38/><D38/><U134/><E37/><V36/><F36/><W63/><G126/><T85/><D85/><U19/><E134/><V77/><F77/><W98/><G127/><T55/><D55/><U112/><E112/><V91/><F51/><W133/><G133/><T83/><D83/><U119/><E46/><V108/><F108/><W105/><G105/><T30/><D23/><U93/><E107/><V115/><F115/><W12/><G9/><T22/><D22/><U130/><E130/><V124/><F124/><W71/><G71/><T54/><D54/><AGARI ba="1,0" hai="44,50,54,91,92,96,102,103" m="50415,24681" machi="54" ten="30,1500,0" yaku="8,1" doraHai="25" who="2" fromWho="0" sc="69,-18,182,0,344,18,405,0" /><INIT seed="6,2,0,0,0,97" ten="51,182,362,405" oya="2" hai0="18,126,134,15,80,64,37,34,91,117,102,77,63" hai1="129,27,128,0,133,43,132,135,103,39,38,32,79" hai2="130,113,105,70,20,104,17,83,78,73,30,87,56" hai3="19,33,46,2,35,50,40,13,89,108,53,16,51"/><V124/><F70/><W100/><G2/><T112/><D37/><N who="1" m="13835" /><E0/><V62/><F113/><W109/><G109/><T95/><D112/><U48/><E79/><V60/><F130/><N who="1" m="50281" /><E27/><V6/><F6/><W115/><G115/><T12/><D134/><U74/><E32/><V52/><F124/><W22/><G108/><T107/><D126/><U85/><E85/><V14/><F73/><W54/><G40/><T11/><D117/><U45/><E74/><V55/><F30/><W9/><G89/><T86/><D34/><U28/><E28/><V49/><REACH who="2" step="1"/><F62/><REACH who="2" ten="51,182,352,405" step="2"/><W36/><G35/><T1/><D1/><U23/><E133/><V118/><F118/><W72/><G33/><T66/><D63/><U68/><E135/><V81/><F81/><W4/><G72/><T61/><D61/><U98/><E68/><V106/><F106/><W121/><G121/><T31/><D31/><U90/><E132/><V92/><F92/><W123/><G123/><T111/><D111/><U116/><E116/><V41/><F41/><W75/><G75/><N who="0" m="43071" /><D12/><U57/><E43/><V122/><F122/><W21/><G36/><T42/><D42/><U58/><E48/><V131/><F131/><W82/><G82/><T127/><D127/><U84/><E57/><AGARI ba="2,1" hai="14,17,20,49,52,55,56,57,60,78,83,87,104,105" machi="57" ten="30,5800,0" yaku="1,1,7,1,54,1,53,0" doraHai="97" doraHaiUra="119" who="2" fromWho="1" sc="51,0,182,-64,352,74,405,0" /><INIT seed="6,3,0,5,0,122" ten="51,118,426,405" oya="2" hai0="76,130,107,135,78,36,104,134,26,131,116,90,69" hai1="67,109,24,51,132,129,102,72,82,86,0,16,41" hai2="1,37,58,64,127,115,56,28,77,34,29,40,128" hai3="35,22,96,105,88,66,117,94,70,95,97,91,10"/><V61/><F1/><W25/><G117/><T103/><D36/><U108/><E0/><V120/><F120/><W93/><G35/><T74/><D69/><U98/><E72/><V7/><F7/><W80/><G105/><N who="0" m="40523" /><D26/><U30/><E67/><V111/><F115/><W50/><G70/><T126/><D103/><U79/><E129/><N who="0" m="49161" /><D116/><U110/><E132/><N who="0" m="50729" /><D90/><U114/><E114/><V84/><F128/><W47/><G66/><T123/><D123/><U6/><E6/><V68/><F77/><N who="0" m="29802" /><D74/><U62/><E62/><V9/><F37/><W43/><G10/><T113/><D113/><U4/><E4/><V45/><F34/><W14/><G14/><T18/><D18/><U119/><E16/><V125/><F68/><W112/><G112/><T65/><D65/><U32/><E119/><V38/><F64/><W13/><G13/><T21/><D21/><U17/><E17/><V23/><F38/><W87/><G97/><T11/><D11/><U20/><E51/><V15/><F23/><W83/><G94/><T99/><D99/><U60/><E60/><V124/><F15/><W121/><G121/><T49/><D49/><U89/><E32/><V63/><F9/><W44/><G47/><T81/><D81/><U8/><E8/><V100/><F45/><W42/><G43/><T73/><D73/><U27/><E41/><V59/><F40/><W85/><G96/><T5/><D5/><U118/><E118/><V46/><F46/><W48/><G50/><T19/><D19/><AGARI ba="3,0" hai="19,22,25,42,44,48,80,83,85,87,88,91,93,95" machi="19" ten="30,7700,0" yaku="7,1,9,1,8,1,54,1" doraHai="122" who="3" fromWho="0" sc="51,-86,118,0,426,0,405,86" owari="-35,-54.0,118,-28.0,426,23.0,491,59.0" /></mjloggm>