<mjloggm ver="2.3"><GO type="225" lobby="0"/><UN n0="%E5%B0%B1%E6%B4%BB%E7%94%9F%40%E5%B7%9D%E6%9D%91%E8%BB%8D%E5%9B%A3" n1="%E4%BC%8F%E8%99%8E" n2="%EF%BC%93%EF%BD%90%E3%81%8C%E3%83%84%E3%83%A2%E3%82%8C%E3%81%AA%E3%81%84" n3="%E3%83%A2%E3%82%B0%E3%83%9E%E3%83%AA%E3%83%A2" dan="17,17,16,17" rate="2193.92,2154.39,2164.64,2178.68" sx="M,M,M,M"/><TAIKYOKU oya="0"/><INIT seed="0,0,0,0,2,73" ten="250,250,250,250" oya="0" hai0="64,99,130,123,88,63,8,46,71,58,122,11,83" hai1="110,43,117,76,94,4,70,125,87,91,97,65,53" hai2="80,26,109,129,36,13,14,106,78,55,104,124,38" hai3="12,32,40,34,21,100,1,68,133,102,93,89,25"/><T128/><D46/><U56/><E117/><V116/><F116/><W131/><G131/><N who="0" m="50219" /><D71/><U113/><E113/><V119/><F119/><W15/><G133/><T10/><D99/><U57/><E43/><V5/><F129/><W108/><G108/><T9/><N who="0" m="2560" /><DORA hai="82" /><T96/><D96/><U59/><E4/><V81/><F5/><W18/><G1/><T112/><D112/><U50/><E125/><V135/><F26/><W48/><G68/><T61/><D61/><U35/><E35/><V121/><F55/><W72/><G72/><T77/><D88/><U17/><E110/><V54/><F109/><W60/><G60/><T107/><D107/><U42/><E42/><V6/><F54/><W111/><G111/><T66/><D66/><U30/><E70/><V29/><F6/><W67/><G67/><T105/><D105/><U101/><E65/><V79/><F124/><W85/><G34/><T28/><D28/><U39/><E30/><V118/><F29/><W120/><G32/><T45/><D45/><N who="1" m="27855" /><E39/><V134/><F118/><W75/><G75/><AGARI ba="0,0" hai="58,63,64,75,77,83,122,123" m="2560,50219" machi="75" ten="40,3900,0" yaku="19,1,52,1" doraHai="73,82" who="0" fromWho="3" sc="250,39,250,0,250,0,250,-39" /><INIT seed="0,1,0,3,5,118" ten="289,250,250,211" oya="0" hai0="98,35,20,107,128,76,109,119,78,53,7,21,85" hai1="2,79,122,27,40,93,91,50,34,45,3,65,66" hai2="126,64,130,72,94,106,113,135,115,68,62,0,43" hai3="11,38,81,54,60,86,17,121,59,125,8,55,1"/><T70/><D35/><U127/><E79/><V29/><F94/><W12/><G125/><T111/><D70/><U100/><E100/><V18/><F18/><W58/><G38/><T95/><D119/><U80/><E80/><V123/><F126/><W30/><G30/><T87/><D7/><U90/><E127/><V28/><F29/><W88/><G121/><T102/><D53/><U82/><E122/><V24/><F123/><W33/><G33/><T19/><D20/><U26/><E3/><V124/><F124/><W51/><G1/><T25/><D128/><U77/><E2/><V14/><F14/><W101/><REACH who="3" step="1"/><G101/><REACH who="3" ten="289,250,250,201" step="2"/><T23/><D107/><U73/><E34/><V96/><F0/><W39/><G39/><T15/><D109/><U132/><E132/><V105/><F135/><W71/><G71/><T131/><D111/><U16/><E90/><V99/><F68/><W134/><G134/><T4/><D131/><U117/><E117/><V75/><F130/><W10/><AGARI ba="1,1" hai="8,10,11,12,17,51,54,55,58,59,60,81,86,88" machi="10" ten="20,8000,1" yaku="1,1,0,1,7,1,8,1,54,1,53,0" doraHai="118" doraHaiUra="133" who="3" fromWho="3" sc="289,-41,250,-21,250,-21,201,93" /><INIT seed="1,0,0,4,1,91" ten="248,229,229,294" oya="1" hai0="118,63,75,122,106,28,101,78,7,9,117,0,130" hai1="131,10,13,8,113,40,76,46,34,43,128,27,21" hai2="119,83,133,42,2,14,33,82,105,87,52,53,45" hai3="80,125,35,47,97,48,74,71,99,107,79,56,89"/><U25/><E113/><V116/><F2/><W30/><G125/><T110/><D110/><U6/><E76/><V112/><F112/><W96/><G71/><T132/><D132/><U36/><E43/><V18/><F105/><W115/><G115/><T65/><D130/><N who="1" m="49707" /><E34/><V44/><F33/><W95/><G56/><T54/><D54/><U86/><E21/><V127/><F127/><W126/><G35/><T41/><D41/><U111/><E111/><V73/><F73/><W61/><G61/><T81/><D28/><U31/><E31/><V26/><F133/><W108/><G30/><T20/><D20/><U123/><E123/><V55/><F26/><W98/><G126/><T129/><D129/><U1/><E86/><V49/><F44/><W77/><G77/><T11/><D11/><U135/><E135/><V58/><F87/><N who="3" m="52671" /><G108/><T100/><D122/><U62/><E62/><V72/><F72/><W66/><G66/><T70/><D101/><U68/><E68/><V60/><F60/><W22/><G22/><T16/><D100/><U15/><E1/><V85/><F58/><W57/><G57/><T37/><D37/><U64/><E64/><V92/><F119/><W4/><G47/><T114/><D114/><U94/><E94/><V39/><F116/><W93/><G93/><T109/><D106/><U19/><AGARI ba="0,0" hai="6,8,10,13,15,19,25,27,36,40,46" m="49707" machi="19" ten="30,1500,0" yaku="19,1" doraHai="91" who="1" fromWho="1" sc="248,-5,229,15,229,-5,294,-5" /><INIT seed="1,1,0,2,4,33" ten="243,244,224,289" oya="1" hai0="44,5,102,48,115,74,58,41,132,35,73,26,29" hai1="114,8,25,37,70,45,23,62,3,88,21,128,38" hai2="28,83,55,1,32,51,97,31,65,14,135,87,27" hai3="7,47,61,10,78,113,63,123,126,110,17,94,68"/><U11/><E114/><V46/><F135/><W40/><G113/><T117/><D115/><U66/><E128/><V71/><F28/><W60/><G123/><T103/><D132/><U90/><E23/><V20/><F97/><W0/><G110/><T80/><D117/><U24/><E24/><V134/><F134/><W108/><G108/><T2/><D58/><U124/><E124/><V96/><F96/><W98/><G126/><T104/><D104/><U129/><E129/><V81/><F1/><W39/><G17/><T36/><D48/><U19/><E11/><V22/><F14/><W52/><G78/><N who="0" m="44111" /><D74/><U69/><E69/><V82/><REACH who="2" step="1"/><F87/><REACH who="2" ten="243,244,214,289" step="2"/><W6/><G0/><T75/><D75/><U89/><REACH who="1" step="1"/><E45/><REACH who="1" ten="243,234,214,289" step="2"/><V43/><F43/><W93/><G47/><T86/><D86/><U133/><E133/><V16/><F16/><W127/><G40/><T4/><D4/><AGARI ba="1,2" hai="3,4,8,19,21,25,37,38,62,66,70,88,89,90" machi="4" ten="40,7700,0" yaku="1,1,52,1,54,1,53,0" doraHai="33" doraHaiUra="50" who="1" fromWho="0" sc="243,-80,234,100,214,0,289,0" /><INIT seed="1,2,0,0,2,61" ten="163,334,214,289" oya="1" hai0="108,60,118,56,6,43,14,100,46,0,8,124,28" hai1="34,123,129,13,125,31,89,70,97,105,55,40,38" hai2="15,101,95,2,58,72,39,20,19,37,10,53,83" hai3="69,88,92,9,48,75,86,62,16,114,103,26,71"/><U25/><E123/><V7/><F72/><W93/><G114/><T74/><D118/><U52/><E125/><V3/><F3/><W78/><G48/><T32/><D74/><U112/><E112/><V110/><F110/><W51/><G51/><T5/><D124/><U115/><E115/><V79/><F101/><W91/><G103/><T21/><D108/><U17/><E129/><V63/><REACH who="2" step="1"/><F95/><REACH who="2" ten="163,334,204,289" step="2"/><W132/><G92/><T104/><D100/><U121/><E105/><V82/><F82/><W99/><G93/><T66/><D104/><U22/><E121/><V130/><F130/><W120/><G120/><T41/><D46/><U116/><E116/><V4/><F4/><W30/><G99/><T84/><D84/><U47/><E97/><V24/><F24/><W49/><G26/><N who="0" m="18455" /><D5/><U109/><E109/><V85/><AGARI ba="2,1" hai="2,7,10,15,19,20,37,39,53,58,63,79,83,85" machi="85" ten="20,2700,0" yaku="1,1,0,1,7,1,53,0" doraHai="61" doraHaiUra="98" who="2" fromWho="2" sc="163,-9,334,-15,204,43,289,-9" /><INIT seed="2,0,0,2,3,122" ten="154,319,247,280" oya="2" hai0="17,32,18,123,60,12,120,91,83,94,100,54,135" hai1="9,73,64,40,107,52,1,34,106,112,25,118,90" hai2="3,92,69,26,28,30,110,58,4,126,5,89,78" hai3="102,38,99,43,31,88,125,117,24,86,13,55,80"/><V104/><F69/><W2/><G117/><T116/><D32/><U71/><E118/><V15/><F104/><W79/><G125/><T10/><D116/><U66/><E112/><V74/><F3/><W114/><G114/><T119/><D119/><U134/><E73/><V62/><F126/><W93/><G2/><T131/><D135/><U27/><E40/><V0/><F0/><W46/><G55/><T36/><D36/><U132/><E90/><V84/><F28/><W75/><G13/><T16/><D131/><U56/><E106/><V124/><F124/><W37/><G37/><T130/><D130/><U21/><E107/><V87/><F74/><W11/><G11/><T49/><D60/><U121/><E121/><V129/><F129/><W98/><REACH who="3" step="1"/><G102/><REACH who="3" ten="154,319,247,270" step="2"/><T127/><D127/><U50/><E1/><V109/><F15/><W97/><G97/><N who="0" m="59447" /><D123/><U133/><E9/><V108/><F84/><W7/><G7/><T35/><D35/><AGARI ba="0,1" hai="24,31,35,38,43,46,75,79,80,86,88,93,98,99" machi="35" ten="30,3900,0" yaku="1,1,7,1,54,1,53,0" doraHai="122" doraHaiUra="19" who="3" fromWho="0" sc="154,-39,319,0,247,0,270,49" /><INIT seed="3,0,0,3,1,99" ten="115,319,247,319" oya="3" hai0="19,97,38,111,9,13,48,81,57,75,40,128,29" hai1="123,41,113,133,106,5,39,55,120,108,16,95,2" hai2="6,3,134,65,87,114,79,62,45,96,104,76,101" hai3="22,60,35,116,20,18,21,49,90,10,126,36,24"/><W70/><G36/><T30/><D111/><U14/><E106/><V44/><F114/><W132/><G116/><T85/><D128/><U89/><E113/><V112/><F112/><W118/><G118/><T124/><D75/><U1/><E108/><V32/><F134/><W83/><G126/><T12/><D124/><U37/><E55/><V131/><F131/><W23/><G132/><T52/><D38/><U26/><E26/><V15/><F3/><W63/><G35/><T66/><D66/><U72/><E72/><V56/><F32/><W71/><G49/><T67/><D67/><U74/><E74/><V78/><F87/><N who="3" m="50559" /><G71/><T64/><D64/><U92/><E133/><V0/><F0/><W17/><G70/><T110/><D110/><U88/><E5/><V105/><F105/><W58/><G58/><T34/><D34/><U122/><E2/><V129/><F129/><W84/><G84/><T51/><D97/><U11/><E1/><V103/><F103/><W7/><G7/><T127/><D127/><U54/><E39/><V93/><F104/><W27/><G27/><T119/><D119/><U73/><E73/><V121/><F121/><W4/><G4/><T107/><D107/><U28/><E37/><V43/><F43/><W25/><G25/><T68/><D68/><U135/><E135/><V80/><F65/><W31/><G31/><T91/><D13/><AGARI ba="0,0" hai="10,13,17,18,20,21,22,23,24,60,63" m="50559" machi="13" ten="30,1500,0" yaku="8,1" doraHai="99" who="3" fromWho="0" sc="115,-15,319,0,247,0,319,15" owari="100,-40.0,319,12.0,247,-15.0,334,43.0" /></mjloggm>