<mjloggm ver="2.3"><GO type="169" lobby="0"/><UN n0="%E3%82%A2%E3%82%AB%E3%82%AE%EF%BC%A0%E5%B7%9D%E6%9D%91%E8%BB%8D%E5%9B%A3" n1="%EF%BC%88%EF%BC%BE%D0%94%EF%BC%BE%EF%BC%89" n2="%E3%82%A6%E3%83%AB%E3%83%88%E3%83%A9%E7%AB%8B%E7%9B%B4" n3="%73%65%69%6C" dan="18,17,17,16" rate="2240.95,2134.39,2211.42,2116.41" sx="M,M,M,M"/><TAIKYOKU oya="0"/><INIT seed="0,0,0,1,2,58" ten="250,250,250,250" oya="0" hai0="121,54,106,14,61,85,122,81,98,17,90,107,27" hai1="32,6,120,135,102,74,86,126,46,130,109,70,116" hai2="123,110,53,67,129,0,16,115,113,124,20,88,59" hai3="12,23,50,96,7,9,25,104,11,66,114,38,42"/><T36/><D36/><U57/><RYUUKYOKU type="yao9" ba="0,0" sc="250,0,250,0,250,0,250,0" hai1="6,32,46,57,70,74,86,102,109,116,120,126,130,135" /><INIT seed="0,1,0,3,0,25" ten="250,250,250,250" oya="0" hai0="14,66,43,8,15,29,50,33,51,134,132,38,90" hai1="97,57,127,61,124,76,40,26,109,112,17,133,115" hai2="75,116,123,88,4,9,48,73,34,74,60,96,54" hai3="0,95,92,87,107,7,79,59,106,42,19,46,5"/><T84/><D66/><U23/><E109/><V131/><F123/><W72/><G19/><T63/><D63/><U64/><E133/><N who="0" m="51305" /><D38/><U18/><E40/><V108/><F108/><W82/><G59/><T114/><D114/><N who="1" m="43563" /><E76/><V22/><F34/><W21/><G21/><T62/><D62/><U98/><E18/><V94/><F131/><W129/><G129/><T85/><D43/><U71/><E71/><V65/><F116/><W30/><G30/><T55/><D51/><U69/><E69/><V125/><F125/><AGARI ba="1,0" hai="17,23,26,57,61,64,97,98,124,125,127" m="43563" machi="125" ten="30,2000,0" yaku="18,1,11,1" doraHai="25" who="1" fromWho="2" sc="250,0,250,23,250,-23,250,0" /><INIT seed="1,0,0,2,4,71" ten="250,273,227,250" oya="1" hai0="0,24,77,122,124,62,7,72,16,70,66,128,49" hai1="107,100,25,82,132,8,135,67,130,12,36,4,69" hai2="44,76,79,95,91,32,103,39,131,87,113,65,84" hai3="63,29,106,21,73,112,133,94,68,61,78,3,126"/><U42/><E130/><V31/><F65/><W41/><G112/><T102/><D124/><U40/><E82/><V54/><F103/><W105/><G126/><T26/><D128/><U85/><E85/><V75/><F131/><W88/><G3/><T18/><D122/><U98/><E25/><V80/><F113/><W38/><G133/><N who="1" m="51274" /><E36/><V81/><F31/><W57/><G68/><T110/><D110/><U125/><E125/><V52/><REACH who="2" step="1"/><F32/><REACH who="2" ten="250,273,217,250" step="2"/><W20/><G29/><T114/><D114/><U11/><E67/><V59/><F59/><W60/><G57/><T118/><D102/><U93/><E69/><V134/><F134/><W5/><G105/><T10/><D118/><U43/><E8/><V22/><F22/><W2/><G21/><T14/><D66/><U30/><E30/><V116/><F116/><W50/><G20/><T15/><D70/><U97/><E107/><V48/><F48/><W99/><G106/><T74/><D49/><U129/><E129/><V6/><F6/><W27/><G50/><T115/><D62/><U89/><E100/><V23/><F23/><W104/><G104/><T127/><D115/><U53/><E4/><V13/><F13/><W34/><G34/><T35/><D127/><U47/><E12/><V119/><F119/><W64/><G64/><T33/><D7/><U123/><E11/><V51/><F51/><W17/><G5/><T108/><D10/><U101/><E123/><V45/><F45/><N who="3" m="23735" /><G2/><T46/><D0/><U111/><E47/><V28/><F28/><W121/><G121/><T117/><D117/><U86/><E101/><RYUUKYOKU ba="0,1" sc="250,-10,273,-10,217,30,250,-10" hai2="39,44,52,54,75,76,79,80,81,84,87,91,95" /><INIT seed="2,1,1,1,5,121" ten="240,263,247,240" oya="2" hai0="16,46,0,127,48,72,14,65,75,107,115,18,23" hai1="77,104,41,109,76,108,125,73,112,35,78,12,129" hai2="134,86,27,63,116,59,97,43,5,37,60,22,100" hai3="99,132,50,80,123,40,114,17,66,33,120,13,113"/><V54/><F116/><W92/><G33/><T38/><D0/><U2/><E112/><N who="3" m="43114" /><G66/><T122/><D122/><U91/><E2/><V47/><F134/><W64/><G64/><T62/><D115/><U31/><E129/><V88/><F5/><W124/><G80/><T42/><D107/><U128/><E128/><V30/><F100/><N who="3" m="60519" /><G124/><T58/><D127/><U102/><E125/><V135/><F135/><W131/><G132/><T101/><D101/><U111/><E91/><V81/><REACH who="2" step="1"/><F97/><REACH who="2" ten="240,263,237,240" step="2"/><W98/><G98/><T6/><D6/><U15/><E102/><V70/><F70/><W11/><G131/><T21/><REACH who="0" step="1"/><D38/><REACH who="0" ten="230,263,237,240" step="2"/><U118/><E104/><V28/><F28/><W45/><AGARI ba="1,3" hai="11,13,17,40,45,50,120,123" m="60519,43114" machi="45" ten="30,1100,0" yaku="11,1" doraHai="121" who="3" fromWho="3" sc="230,-4,263,-4,237,-6,240,44" /><INIT seed="3,0,0,1,4,8" ten="226,259,231,284" oya="3" hai0="97,99,27,87,95,100,130,10,102,30,104,112,0" hai1="34,44,129,58,61,28,114,92,62,15,42,108,17" hai2="75,64,59,35,120,90,45,127,89,68,116,24,2" hai3="113,124,69,93,111,80,135,56,39,66,22,1,38"/><W3/><G113/><T115/><D130/><U53/><E114/><N who="0" m="43561" /><D87/><U63/><E108/><V70/><F2/><W32/><G32/><N who="0" m="20575" /><D10/><U101/><E129/><V33/><F24/><W20/><G69/><T105/><D95/><U40/><E34/><V117/><F75/><W107/><G107/><T60/><D60/><N who="1" m="23147" /><E44/><V132/><F45/><W78/><G111/><T86/><D86/><U52/><E53/><V51/><F59/><W122/><G93/><T96/><D0/><U118/><E28/><V103/><F64/><W133/><G66/><T71/><D71/><U4/><E4/><V134/><F51/><W119/><G3/><T5/><D5/><U94/><E118/><V49/><F49/><W85/><G1/><T47/><D47/><U76/><E76/><V14/><F70/><W11/><G119/><T82/><D82/><U29/><E29/><V31/><F31/><W12/><G80/><T121/><D121/><U72/><E72/><V21/><F68/><W79/><G78/><T55/><D55/><U46/><E46/><V65/><F65/><W88/><G79/><T74/><D74/><U67/><E67/><V91/><F120/><W84/><G122/><T73/><D73/><U26/><E94/><V41/><F117/><W13/><G56/><T126/><D126/><U54/><E54/><V7/><F127/><W106/><G124/><T109/><D109/><U6/><E6/><V81/><F116/><W50/><G50/><T48/><D48/><U110/><E110/><V9/><F35/><W18/><G106/><AGARI ba="0,0" hai="96,97,99,100,102,104,105,106" m="20575,43561" machi="106" ten="40,1300,0" yaku="11,1" doraHai="8" who="0" fromWho="3" sc="226,13,259,0,231,0,284,-13" /><INIT seed="4,0,0,2,5,80" ten="239,259,231,271" oya="0" hai0="43,25,6,42,53,73,74,122,96,50,5,102,19" hai1="79,20,63,41,127,59,31,61,124,106,48,132,112" hai2="111,76,62,49,85,35,22,8,94,51,107,7,109" hai3="86,118,23,97,38,56,1,103,95,87,84,90,34"/><T131/><D122/><U121/><E121/><V18/><F107/><W45/><G34/><T3/><D131/><U60/><E106/><V10/><F35/><W12/><G1/><T21/><D43/><U16/><E31/><V91/><F76/><W72/><G72/><T24/><D42/><U32/><E32/><V13/><F62/><W89/><G118/><T11/><D6/><U47/><E79/><V26/><REACH who="2" step="1"/><F10/><REACH who="2" ten="239,259,221,271" step="2"/><W135/><G135/><T69/><D74/><U17/><E132/><V66/><F66/><W88/><G38/><T83/><D73/><U52/><E112/><V93/><F93/><W70/><G70/><T65/><D65/><U120/><E120/><V115/><F115/><W29/><G56/><T75/><D75/><U54/><E59/><V39/><F39/><W125/><G125/><T104/><D83/><U105/><E105/><V113/><F113/><W116/><G116/><T68/><D68/><U129/><E124/><V133/><F133/><W40/><G45/><T46/><REACH who="0" step="1"/><D69/><REACH who="0" ten="229,259,221,271" step="2"/><U108/><E127/><V0/><F0/><W14/><G40/><T123/><D123/><U110/><E41/><V28/><F28/><W64/><G64/><T36/><D36/><U77/><E54/><V130/><F130/><W33/><G33/><T78/><D78/><U92/><E129/><V67/><F67/><W99/><G29/><T37/><D37/><U15/><E77/><V98/><F98/><W30/><G97/><T4/><D4/><U2/><E52/><V126/><F126/><W101/><G30/><T114/><D114/><U27/><E2/><RYUUKYOKU ba="0,2" sc="229,15,259,-15,221,15,271,-15" hai0="3,5,11,19,21,24,25,46,50,53,96,102,104" hai2="7,8,13,18,22,26,49,51,85,91,94,109,111" /><INIT seed="4,1,2,2,3,90" ten="244,244,236,256" oya="0" hai0="121,92,105,3,98,85,16,89,65,14,77,9,7" hai1="6,109,55,128,68,38,2,27,102,31,75,70,118" hai2="71,25,99,60,76,69,81,103,130,110,126,114,100" hai3="17,15,37,35,131,10,135,34,28,115,13,87,104"/><T119/><D119/><U95/><E118/><V120/><F120/><W50/><G37/><T1/><D121/><U101/><E109/><V12/><F110/><W24/><G104/><T79/><D65/><U63/><E75/><V73/><F103/><W111/><G111/><T91/><D105/><U74/><E74/><V82/><F82/><W97/><G87/><T96/><D96/><U122/><E38/><V80/><F80/><W88/><G35/><T123/><D123/><U5/><E122/><V93/><F25/><W42/><G115/><T133/><D133/><U57/><E128/><V112/><F130/><W48/><G131/><T20/><REACH who="0" step="1"/><D1/><REACH who="0" ten="234,244,236,256" step="2"/><U51/><E2/><V106/><F106/><W56/><G135/><T53/><D53/><U67/><E70/><V59/><F71/><W94/><G42/><T116/><D116/><U45/><E68/><V132/><F69/><W66/><G66/><T62/><D62/><U127/><E127/><V86/><F126/><W44/><G56/><T72/><D72/><U107/><E107/><V40/><F40/><W78/><G44/><T46/><D46/><U0/><E0/><V8/><F132/><W43/><G43/><T108/><D108/><U113/><E113/><V58/><F73/><W52/><G52/><T41/><D41/><U117/><E117/><V4/><REACH who="2" step="1"/><F59/><REACH who="2" ten="234,244,226,256" step="2"/><W21/><REACH who="3" step="1"/><G78/><REACH who="3" ten="234,244,226,246" step="2"/><T49/><D49/><U11/><E51/><V54/><AGARI ba="1,5" hai="4,8,12,54,58,60,76,81,86,93,99,100,112,114" machi="54" ten="30,7900,0" yaku="1,1,2,1,0,1,52,1,53,0" doraHai="90" doraHaiUra="36" who="2" fromWho="2" sc="234,-40,244,-21,226,132,246,-21" /><INIT seed="5,0,0,5,1,86" ten="194,223,358,225" oya="1" hai0="93,100,90,134,99,109,60,58,16,70,4,37,127" hai1="126,95,124,129,50,42,133,80,112,40,77,22,52" hai2="113,23,54,27,32,6,79,64,31,131,11,59,14" hai3="115,118,105,53,13,120,116,91,106,71,81,2,15"/><U111/><E112/><V87/><F113/><W30/><G115/><T44/><D109/><U114/><E114/><V46/><F131/><W122/><G2/><T76/><D70/><U48/><E129/><V24/><F64/><W36/><G71/><T19/><D134/><U74/><E133/><V35/><F46/><W49/><G36/><T108/><D108/><U29/><E111/><V47/><F47/><N who="3" m="27839" /><G30/><T55/><D127/><N who="1" m="48683" /><E48/><V20/><F87/><N who="3" m="50671" /><G106/><T56/><D4/><U9/><E9/><V5/><F79/><W119/><G105/><T104/><D76/><U21/><E95/><V65/><F5/><W61/><G61/><T33/><D33/><U110/><E110/><V1/><F35/><W8/><G15/><T117/><D117/><U97/><E97/><V18/><F32/><W39/><G39/><T135/><D135/><U94/><E94/><V66/><F1/><W83/><G83/><T132/><D132/><U68/><E68/><V101/><F101/><W7/><AGARI ba="0,0" hai="7,8,13,116,118,119,120,122" m="50671,27839" machi="7" ten="30,2000,0" yaku="12,1,52,1" doraHai="86" who="3" fromWho="3" sc="194,-5,223,-10,358,-5,225,20" /><INIT seed="6,0,0,1,1,111" ten="189,213,353,245" oya="2" hai0="40,16,119,128,49,56,94,116,80,124,102,75,101" hai1="43,82,83,86,25,121,59,17,34,42,110,129,73" hai2="3,21,52,85,50,89,118,132,61,24,131,12,5" hai3="63,123,45,47,122,9,125,120,104,60,99,30,58"/><V109/><F3/><W53/><G125/><T62/><D128/><U113/><E110/><V29/><F109/><W28/><G9/><T72/><D124/><U97/><E129/><V106/><F106/><W38/><G60/><T37/><D37/><U0/><E0/><V135/><F61/><W91/><G47/><N who="0" m="25831" /><D80/><U103/><E121/><V27/><F118/><N who="0" m="45098" /><D94/><N who="1" m="58807" /><E73/><N who="0" m="28233" /><D56/><U133/><E82/><V15/><F131/><W11/><G38/><T46/><D46/><U67/><E43/><V36/><F36/><W66/><G45/><T19/><D62/><U7/><E42/><V134/><F5/><W48/><G120/><T13/><D19/><U84/><E59/><N who="2" m="33175" /><F27/><W130/><G122/><T127/><D127/><U107/><E25/><V115/><F12/><W114/><G123/><T32/><D32/><U88/><E34/><V2/><F15/><W8/><G130/><T92/><D92/><U57/><E83/><N who="2" m="49343" /><F2/><W4/><G104/><T41/><D41/><U10/><E107/><V31/><F31/><W79/><G28/><T26/><D26/><U77/><E17/><V112/><AGARI ba="0,0" hai="21,24,29,112,115,132,134,135" m="49343,33175" machi="112" ten="40,12000,1" yaku="20,1,52,2,54,1" doraHai="111" who="2" fromWho="2" sc="189,-40,213,-40,353,120,245,-40" /><INIT seed="6,1,0,3,0,131" ten="149,173,473,205" oya="2" hai0="127,99,107,135,88,78,44,68,102,26,27,118,117" hai1="71,80,90,87,10,98,106,13,77,128,30,22,52" hai2="112,91,32,37,19,43,101,65,119,116,14,115,35" hai3="93,122,6,34,15,125,7,85,114,70,121,104,46"/><V89/><F101/><W66/><G104/><T23/><D68/><U113/><E128/><V18/><F43/><W54/><G34/><T100/><D78/><U20/><E113/><V21/><F65/><W41/><G54/><T59/><D102/><U51/><E71/><V48/><F48/><W97/><G66/><T57/><D127/><U133/><E133/><V16/><F37/><W108/><G70/><T38/><D135/><U0/><E0/><V8/><F91/><W42/><G108/><T111/><D111/><U4/><E30/><V92/><F89/><N who="3" m="53423" /><G97/><T84/><D27/><U45/><E106/><V49/><F92/><AGARI ba="1,0" hai="4,10,13,20,22,45,51,52,77,80,87,90,92,98" machi="92" ten="40,2600,0" yaku="8,1,54,1" doraHai="131" who="1" fromWho="2" sc="149,0,173,29,473,-29,205,0" /><INIT seed="7,0,0,5,5,20" ten="149,202,444,205" oya="3" hai0="91,95,111,3,33,116,113,69,50,37,9,101,118" hai1="65,44,82,42,34,29,38,25,134,54,62,72,124" hai2="41,66,131,28,117,31,5,133,49,93,105,79,51" hai3="6,110,35,56,27,114,18,55,46,59,24,30,36"/><W107/><G107/><T47/><D69/><U104/><E134/><V108/><F131/><W125/><G6/><T64/><D111/><U77/><E124/><V7/><F7/><W74/><G74/><T68/><D37/><U128/><E54/><V100/><F5/><W96/><G125/><T53/><D101/><U61/><E128/><V112/><F112/><W60/><G110/><T19/><D113/><U89/><E104/><V67/><F133/><W102/><G114/><T26/><D3/><U8/><E65/><V83/><F117/><W85/><G85/><T84/><D9/><U58/><E58/><V123/><F123/><W94/><G59/><T86/><D86/><U132/><E132/><V22/><F79/><W12/><G35/><T98/><D84/><U90/><E8/><V32/><F32/><W135/><G30/><T87/><D87/><U99/><E99/><V121/><F31/><W21/><REACH who="3" step="1"/><G135/><REACH who="3" ten="149,202,444,195" step="2"/><T15/><D68/><U23/><E34/><V45/><F28/><W78/><G78/><T16/><D33/><U73/><E73/><V0/><F105/><W106/><G106/><T48/><D118/><U39/><E72/><V127/><F127/><W2/><G2/><T130/><D116/><U40/><E77/><V129/><F108/><W97/><G97/><T81/><D98/><U119/><E119/><V126/><F126/><W70/><G70/><T92/><D130/><U4/><E4/><V103/><F129/><W109/><G109/><T14/><D19/><U120/><E29/><V76/><F0/><W10/><G10/><T1/><D1/><RYUUKYOKU ba="0,1" sc="149,-10,202,-10,444,-10,195,30" hai3="12,18,21,24,27,36,46,55,56,60,94,96,102" /><INIT seed="7,1,1,0,0,4" ten="139,192,434,225" oya="3" hai0="117,15,86,93,72,10,64,5,1,6,38,25,81" hai1="30,18,55,7,91,51,104,108,102,82,76,58,75" hai2="54,135,114,56,24,41,121,87,74,50,92,17,90" hai3="13,95,97,34,119,123,53,47,129,134,22,67,26"/><W14/><G34/><T106/><D117/><U45/><E108/><V116/><F74/><W29/><G123/><T94/><D106/><U101/><E104/><V40/><F116/><W109/><G119/><T52/><D72/><U48/><E30/><V27/><F114/><W62/><G134/><T112/><D38/><U79/><E79/><V77/><F135/><W21/><G129/><T107/><D107/><U133/><E133/><V111/><F111/><W23/><G53/><T3/><D112/><U118/><E118/><V84/><F121/><W127/><G47/><T126/><D64/><U33/><E33/><V122/><F122/><W37/><G127/><T31/><D126/><U100/><E7/><V89/><F77/><W132/><G37/><T9/><D15/><U105/><E105/><V70/><F70/><W66/><G66/><T8/><D8/><U36/><E36/><V46/><F17/><W59/><G109/><T115/><D115/><U99/><E18/><V78/><F78/><W12/><G132/><T16/><D16/><U28/><E28/><V73/><F73/><W98/><G98/><T2/><D2/><U43/><E99/><V120/><F120/><W57/><G57/><T110/><D110/><U130/><E91/><AGARI ba="1,1" hai="12,13,14,21,22,23,26,29,59,62,67,91,95,97" machi="91" ten="40,2000,0" yaku="8,1" doraHai="4" who="3" fromWho="1" sc="139,0,192,-23,434,0,225,33" /><INIT seed="7,2,0,1,4,15" ten="139,169,434,258" oya="3" hai0="115,63,36,9,114,45,80,71,55,70,51,12,53" hai1="29,130,124,90,48,135,121,42,67,23,54,117,8" hai2="27,106,74,62,92,122,28,44,75,52,89,7,46" hai3="17,108,25,11,49,38,41,103,66,26,86,134,120"/><W22/><G38/><T132/><D80/><U73/><E121/><V4/><F106/><W19/><G120/><T99/><D99/><U18/><E117/><V6/><F122/><W37/><G37/><T98/><D98/><U21/><E73/><V110/><F110/><W119/><G119/><T24/><D132/><U72/><E72/><V129/><F129/><W91/><G103/><T107/><D107/><U100/><E100/><V39/><F39/><W105/><G105/><T31/><D36/><U16/><E42/><V69/><F69/><W102/><G102/><T78/><D78/><U33/><E130/><V97/><F75/><W116/><G66/><T82/><D82/><U50/><E124/><V3/><F74/><W104/><G104/><T127/><D127/><U133/><E67/><V128/><F3/><W1/><G116/><T109/><D109/><U14/><E90/><V57/><REACH who="2" step="1"/><F128/><REACH who="2" ten="139,169,424,258" step="2"/><W84/><G1/><T101/><D101/><U76/><E135/><V13/><F13/><N who="3" m="7359" /><G134/><T118/><D118/><U56/><E133/><V95/><F95/><N who="3" m="54759" /><G86/><T65/><D71/><U77/><E14/><V58/><F58/><W30/><G30/><T94/><D94/><U125/><E56/><V123/><F123/><W5/><G5/><N who="0" m="3119" /><D31/><U81/><E29/><V61/><F61/><W111/><G108/><T126/><D126/><U88/><E125/><V34/><AGARI ba="2,1" hai="4,6,7,27,28,34,44,46,52,57,62,89,92,97" machi="34" ten="30,4000,0" yaku="1,1,0,1,54,1,53,0" doraHai="15" doraHaiUra="35" who="2" fromWho="2" sc="139,-12,169,-12,424,56,258,-22" owari="127,-37.0,157,-24.0,480,57.0,236,4.0" /></mjloggm>