<mjloggm ver="2.3"><GO type="169" lobby="0"/><UN n0="%E6%8E%A8%E7%A9%BA%EF%BC%B0" n1="%E3%83%80%E3%83%B3%E3%83%86" n2="%E3%83%88%E3%83%88%E3%83%AA%E5%85%88%E7%94%9F%31%39%E6%AD%B3" n3="%64%6F%6F%6F%6F%77%79" dan="16,17,18,17" rate="2160.17,2212.02,2211.31,2196.08" sx="F,M,F,M"/><TAIKYOKU oya="0"/><INIT seed="0,0,0,2,5,18" ten="250,250,250,250" oya="0" hai0="92,106,41,93,90,16,104,51,46,124,76,74,25" hai1="69,4,30,91,134,42,114,101,31,55,38,73,37" hai2="22,130,86,14,120,103,98,13,100,49,88,43,61" hai3="59,127,15,27,67,123,39,11,118,40,20,75,121"/><T19/><D124/><U79/><E69/><V102/><F120/><N who="3" m="46155" /><G75/><T107/><D25/><U33/><E101/><V83/><F130/><W1/><G1/><T71/><D71/><U21/><E4/><V3/><F3/><W105/><G105/><T70/><D70/><U35/><E91/><V53/><F43/><W34/><G34/><T65/><D65/><U0/><E0/><V80/><F61/><N who="3" m="38335" /><G127/><T115/><D115/><U47/><E114/><V122/><F122/><W23/><G27/><T82/><REACH who="0" step="1"/><D93/><REACH who="0" ten="240,250,250,250" step="2"/><U85/><E35/><V56/><F80/><W50/><G118/><T5/><D5/><U17/><E33/><V126/><F126/><W117/><G117/><T32/><D32/><U64/><E64/><V45/><F56/><W84/><G39/><T125/><D125/><U94/><E38/><V66/><F66/><W36/><G36/><T24/><D24/><U57/><E57/><V26/><REACH who="2" step="1"/><F98/><AGARI ba="0,1" hai="16,19,41,46,51,74,76,82,90,92,98,104,106,107" machi="98" ten="40,3900,0" yaku="1,1,54,1,53,0" doraHai="18" doraHaiUra="96" who="0" fromWho="2" sc="240,49,250,0,250,-39,250,0" /><INIT seed="0,1,0,3,4,107" ten="289,250,211,250" oya="0" hai0="49,109,21,66,95,126,35,64,57,55,102,130,65" hai1="54,119,129,63,101,108,3,123,94,37,72,48,93" hai2="87,71,61,5,46,27,23,116,106,15,111,20,13" hai3="70,82,4,110,89,51,2,18,58,118,96,79,40"/><T52/><D35/><U25/><E37/><V91/><F106/><W42/><G70/><T39/><D39/><U88/><E3/><V47/><F111/><W81/><G2/><T115/><D115/><U1/><E1/><V41/><F116/><W124/><G4/><T34/><D34/><U83/><E123/><V26/><F71/><W73/><G18/><T90/><D130/><U99/><E108/><V45/><F41/><W69/><G69/><T97/><D109/><U75/><E119/><V17/><F61/><W131/><G58/><T59/><D126/><U44/><E83/><V127/><F127/><W56/><G56/><T0/><D0/><U120/><E120/><V117/><F5/><W104/><G51/><T128/><D128/><U32/><E63/><V84/><F117/><W14/><G14/><N who="2" m="5129" /><F91/><W125/><G40/><T6/><D6/><U16/><E129/><V112/><F112/><W68/><G42/><T12/><D102/><U105/><E105/><V133/><F133/><W76/><G68/><T74/><D74/><U77/><E77/><V24/><F17/><W7/><G7/><T10/><D10/><U121/><E121/><V86/><AGARI ba="1,0" hai="20,23,24,26,27,45,46,47,84,86,87" m="5129" machi="86" ten="40,8000,1" yaku="29,2,28,2,8,1" doraHai="107" who="2" fromWho="2" sc="289,-41,250,-21,211,83,250,-21" /><INIT seed="1,0,0,4,0,54" ten="248,229,294,229" oya="1" hai0="25,46,76,123,118,86,74,57,69,132,1,122,27" hai1="58,68,18,87,64,111,26,45,7,113,119,61,41" hai2="14,72,77,125,89,9,66,19,107,48,104,56,59" hai3="2,5,40,90,23,39,43,50,97,93,24,85,121"/><U51/><E119/><V4/><F125/><W29/><G39/><T73/><D69/><U13/><E113/><V52/><F72/><N who="0" m="27754" /><D46/><U134/><E134/><V96/><F77/><W21/><G121/><N who="0" m="46091" /><D118/><U49/><E111/><V38/><F38/><W16/><G50/><T128/><D1/><U20/><E87/><V3/><F89/><W60/><G60/><T6/><D6/><U95/><E95/><V36/><F36/><W99/><G5/><T8/><D8/><U92/><E92/><V71/><F71/><W22/><G2/><T35/><D132/><U30/><E7/><V127/><F127/><W124/><G124/><T115/><D115/><U17/><E51/><V10/><REACH who="2" step="1"/><F96/><REACH who="2" ten="248,229,284,229" step="2"/><W114/><G114/><T129/><D76/><U28/><REACH who="1" step="1"/><E68/><REACH who="1" ten="248,219,284,229" step="2"/><V133/><F133/><W70/><G70/><T116/><D116/><U120/><E120/><V82/><F82/><W37/><G37/><T34/><D86/><U79/><E79/><V78/><F78/><W53/><G85/><T83/><D83/><U101/><E101/><V62/><AGARI ba="0,2" hai="3,4,9,10,14,19,48,52,56,59,62,66,104,107" machi="62" ten="30,8000,1" yaku="1,1,0,1,52,2,54,1,53,0" doraHai="54" doraHaiUra="106" who="2" fromWho="2" sc="248,-20,219,-40,284,100,229,-20" /><INIT seed="2,0,0,3,3,22" ten="228,179,384,209" oya="2" hai0="110,0,111,16,126,9,73,55,124,71,131,63,98" hai1="64,51,24,112,43,87,8,21,81,106,125,29,28" hai2="61,94,99,133,113,38,74,35,100,50,45,77,119" hai3="86,75,90,92,76,13,108,36,39,5,59,68,89"/><V116/><F113/><W62/><G68/><T129/><D73/><U88/><E112/><V117/><F38/><W135/><G108/><N who="0" m="41515" /><D98/><U42/><E106/><V104/><F133/><W60/><G135/><T15/><D71/><U78/><E125/><N who="0" m="48233" /><D63/><U23/><E64/><V49/><F35/><W34/><G34/><T53/><D55/><U120/><E8/><V33/><F33/><W91/><G62/><T18/><D53/><U32/><E120/><V69/><F104/><W115/><G60/><T2/><D18/><U132/><E132/><V12/><F45/><W46/><G46/><T3/><AGARI ba="0,0" hai="0,2,3,9,15,16,129,131" m="48233,41515" machi="3" ten="40,8000,1" yaku="14,1,18,1,34,2,54,1" doraHai="22" who="0" fromWho="0" sc="228,80,179,-20,384,-40,209,-20" /><INIT seed="3,0,0,1,1,106" ten="308,159,344,189" oya="3" hai0="92,30,42,94,90,52,54,72,9,91,122,77,118" hai1="61,60,66,11,68,69,37,99,13,19,88,103,107" hai2="18,121,71,97,84,123,108,82,93,24,86,8,56" hai3="28,132,65,36,7,14,83,74,113,81,47,15,26"/><W134/><G113/><T55/><D122/><N who="2" m="46602" /><F71/><W73/><G65/><T110/><D118/><U104/><E37/><V0/><F108/><W98/><G98/><T102/><D42/><U21/><E107/><V22/><F56/><W125/><G125/><T87/><D30/><U111/><E111/><V46/><F46/><W12/><G7/><T31/><D31/><U95/><E61/><V114/><F114/><W33/><G83/><T109/><D102/><U79/><E79/><V44/><F44/><W20/><G33/><T43/><D43/><U89/><E69/><V40/><F40/><N who="3" m="22919" /><G81/><T1/><D77/><U4/><REACH who="1" step="1"/><E104/><REACH who="1" ten="308,149,344,189" step="2"/><V117/><F117/><W124/><G124/><T76/><D76/><U27/><AGARI ba="0,1" hai="4,11,13,19,21,27,60,66,68,88,89,95,99,103" machi="27" ten="20,8000,1" yaku="1,1,2,1,0,1,7,1,54,1,53,0" doraHai="106" doraHaiUra="133" who="1" fromWho="1" sc="308,-20,149,90,344,-20,189,-40" /><INIT seed="4,0,0,1,0,89" ten="288,239,324,149" oya="0" hai0="47,119,14,1,92,74,91,25,26,51,57,43,41" hai1="123,79,80,23,8,128,22,35,7,99,67,27,12" hai2="102,87,106,11,5,108,61,66,88,55,134,32,100" hai3="82,31,54,19,37,20,10,78,44,59,97,73,39"/><T103/><D119/><U111/><E123/><V3/><F108/><W105/><G31/><T120/><D74/><U109/><E128/><V50/><F32/><W60/><G10/><T101/><D120/><U130/><E130/><V68/><F106/><W53/><G44/><T115/><D1/><U127/><E127/><V28/><F28/><W126/><G54/><T86/><D115/><U113/><E113/><V112/><F134/><W118/><G118/><T104/><D104/><U72/><E67/><V13/><F3/><W132/><G132/><T114/><D114/><U94/><E35/><V122/><F122/><W40/><G40/><T84/><D14/><U63/><E63/><V77/><F77/><W15/><REACH who="3" step="1"/><G126/><REACH who="3" ten="288,239,324,139" step="2"/><T110/><D110/><U93/><E111/><V64/><F112/><W62/><G62/><T135/><D135/><U69/><E109/><V95/><F66/><W18/><G18/><T45/><D57/><AGARI ba="0,1" hai="5,11,13,50,55,57,61,64,68,87,88,95,100,102" machi="57" ten="30,3900,0" yaku="7,1,52,1,54,1" doraHai="89" who="2" fromWho="0" sc="288,-39,239,0,324,49,139,0" /><INIT seed="5,0,0,5,2,53" ten="249,239,373,139" oya="1" hai0="14,61,67,109,90,80,23,128,126,116,39,59,30" hai1="35,87,37,130,88,28,21,15,122,133,123,18,1" hai2="89,69,56,7,85,131,20,106,70,127,65,135,102" hai3="76,42,24,40,31,12,27,78,74,95,125,43,97"/><U5/><E37/><V44/><F131/><W52/><G125/><T41/><D116/><U62/><E130/><V63/><F127/><W57/><G12/><T115/><D126/><U47/><E133/><V108/><F108/><W71/><G71/><T75/><D128/><U121/><E47/><V119/><F119/><W19/><G19/><T112/><D109/><U92/><E62/><V114/><F135/><W50/><G74/><T48/><D39/><U68/><E68/><V6/><F114/><N who="0" m="43562" /><D75/><U107/><E107/><V81/><F69/><W60/><G50/><T100/><D100/><U26/><REACH who="1" step="1"/><E123/><REACH who="1" ten="249,229,373,139" step="2"/><V22/><F44/><W91/><REACH who="3" step="1"/><G24/><REACH who="3" ten="249,229,373,129" step="2"/><T118/><D118/><U113/><E113/><V51/><F70/><W105/><G105/><T29/><D61/><U96/><E96/><V58/><F106/><W38/><G38/><T79/><D48/><U86/><E86/><V32/><F51/><W25/><G25/><T3/><D41/><U104/><E104/><V72/><F72/><W132/><G132/><T36/><D36/><U101/><E101/><V17/><F102/><W99/><G99/><T33/><D3/><U8/><AGARI ba="0,2" hai="1,5,8,15,18,21,26,28,35,87,88,92,121,122" machi="8" ten="30,18000,2" yaku="1,1,0,1,24,2,54,1,53,1" doraHai="53" doraHaiUra="11" who="1" fromWho="1" sc="249,-60,229,200,373,-60,129,-60" /><INIT seed="5,1,0,5,0,120" ten="189,429,313,69" oya="1" hai0="68,36,73,66,28,11,62,79,131,85,111,81,118" hai1="6,97,80,74,12,59,57,78,95,26,24,16,109" hai2="47,123,76,71,53,29,49,113,119,4,65,33,19" hai3="132,31,103,126,14,9,98,105,108,8,101,122,27"/><U13/><E109/><V23/><F119/><W92/><G122/><T5/><D118/><U44/><E44/><V69/><F123/><W40/><G132/><T60/><D131/><U21/><E12/><V22/><F76/><W0/><G0/><T67/><D28/><U135/><E135/><V107/><F107/><W37/><G126/><T32/><D32/><U128/><E128/><V86/><F86/><W96/><G108/><T129/><D129/><U51/><E51/><V54/><F4/><W43/><G37/><T58/><D36/><U94/><E94/><V42/><F33/><W50/><G50/><T55/><D111/><U10/><REACH who="1" step="1"/><E26/><REACH who="1" ten="189,419,313,69" step="2"/><V90/><F47/><W125/><G125/><T82/><D5/><U116/><E116/><V110/><F49/><W20/><REACH who="3" step="1"/><G8/><REACH who="3" ten="189,419,313,59" step="2"/><T3/><D11/><U41/><E41/><V93/><F42/><W35/><G35/><T91/><D3/><U99/><E99/><V63/><F110/><W121/><G121/><T127/><D127/><U25/><E25/><V117/><F117/><W89/><G89/><AGARI ba="1,2" hai="6,10,13,16,21,24,57,59,74,78,80,89,95,97" machi="89" ten="30,5800,0" yaku="1,1,7,1,54,1,53,0" doraHai="120" doraHaiUra="133" who="1" fromWho="3" sc="189,0,419,81,313,0,59,-61" owari="189,-21.0,500,60.0,313,11.0,-2,-50.0" /></mjloggm>