<mjloggm ver="2.3"><GO type="169" lobby="0"/><UN n0="%E5%B0%B1%E6%B4%BB%E7%94%9F%40%E5%B7%9D%E6%9D%91%E8%BB%8D%E5%9B%A3" n1="%68%65%61%6C%74%68%79%37" n2="%E3%82%AF%E3%83%AD%E3%83%8E%E3%82%B9%40" n3="%E3%81%B6%E3%81%A3%E3%81%A8%E3%81%B3%E3%82%AB%E3%83%BC%E3%83%89" dan="18,17,17,17" rate="2235.50,2198.52,2245.61,2208.24" sx="M,M,M,M"/><TAIKYOKU oya="0"/><INIT seed="0,0,0,1,5,110" ten="250,250,250,250" oya="0" hai0="132,120,84,107,98,129,79,64,122,25,42,26,78" hai1="125,6,95,45,9,97,74,31,30,62,82,4,128" hai2="75,7,44,76,33,135,111,72,116,102,39,119,19" hai3="10,58,40,15,41,50,68,66,57,126,133,70,63"/><T56/><D129/><U71/><E125/><V80/><F33/><W67/><G15/><T134/><D42/><N who="3" m="16489" /><G10/><T123/><D64/><N who="3" m="24617" /><G126/><T32/><D56/><N who="3" m="21609" /><G133/><N who="0" m="51307" /><D32/><U83/><E128/><V92/><F7/><W1/><G1/><T54/><D54/><U55/><E74/><V81/><F19/><W27/><G27/><N who="0" m="10251" /><D84/><U108/><E9/><V90/><F135/><W69/><G50/><T51/><D51/><U3/><E3/><V21/><F75/><W12/><G12/><T127/><D127/><U94/><E97/><V73/><F73/><W77/><G77/><N who="0" m="29195" /><D98/><U87/><E87/><V89/><F76/><W131/><G131/><T17/><D107/><U43/><E4/><V99/><F72/><W106/><G106/><T115/><D17/><U23/><E6/><V105/><F105/><W11/><G11/><T86/><D86/><U117/><E31/><V36/><F99/><W20/><G20/><T46/><D46/><U0/><E30/><V18/><F44/><W61/><AGARI ba="0,0" hai="61,63,68,69,70" m="21609,24617,16489" machi="61" ten="40,12000,2" yaku="28,2,35,5" doraHai="110" who="3" fromWho="3" sc="250,-60,250,-30,250,-30,250,120" /><INIT seed="1,0,0,5,0,68" ten="190,220,220,370" oya="1" hai0="38,17,86,103,29,28,42,72,37,102,53,109,122" hai1="71,120,51,7,81,111,35,95,56,20,80,58,24" hai2="4,87,19,15,67,100,98,129,50,110,78,88,96" hai3="0,117,16,23,128,118,60,105,113,34,46,11,22"/><U31/><E120/><V93/><F110/><W2/><G105/><T12/><D12/><U132/><E71/><V90/><F129/><W94/><G60/><T74/><D42/><U9/><E132/><V63/><F4/><W121/><G94/><T73/><D17/><U33/><E111/><V45/><F78/><W70/><G70/><T3/><D109/><U83/><E95/><V77/><F77/><W131/><G46/><T48/><D3/><N who="3" m="1065" /><G34/><T32/><D86/><U91/><E35/><V65/><F90/><W82/><G82/><T25/><D122/><U5/><E33/><V92/><F63/><W135/><G113/><T123/><D29/><U59/><E9/><V52/><F98/><W41/><G41/><T114/><D114/><U21/><E91/><V116/><F116/><N who="3" m="44651" /><G121/><T44/><REACH who="0" step="1"/><D123/><REACH who="0" ten="180,220,220,370" step="2"/><U43/><E5/><V14/><F14/><N who="3" m="7263" /><G135/><T62/><D62/><U79/><E43/><V97/><REACH who="2" step="1"/><F87/><REACH who="2" ten="180,220,210,370" step="2"/><W36/><G131/><T84/><D84/><U85/><E85/><V99/><F99/><W61/><G61/><T8/><D8/><AGARI ba="0,2" hai="8,15,19,45,50,52,65,67,88,92,93,96,97,100" machi="8" ten="30,8000,1" yaku="1,1,7,1,8,1,54,2,53,0" doraHai="68" doraHaiUra="69" who="2" fromWho="0" sc="180,-80,220,0,210,100,370,0" /><INIT seed="2,0,0,0,2,82" ten="100,220,310,370" oya="2" hai0="6,66,69,0,34,83,60,116,21,7,26,78,99" hai1="48,10,58,57,44,40,124,23,59,108,123,65,56" hai2="120,43,8,118,54,2,119,17,88,131,42,97,53" hai3="76,126,100,114,38,104,106,77,19,35,91,12,92"/><V33/><F120/><W11/><G38/><T132/><D132/><U3/><E123/><V24/><F131/><W84/><G35/><T87/><D116/><U111/><E3/><V36/><F33/><W128/><G128/><T125/><D125/><U20/><E10/><V72/><F72/><W90/><G114/><T27/><D0/><U71/><E124/><V75/><F75/><W93/><G126/><T61/><D61/><N who="1" m="40367" /><E20/><V127/><F127/><W5/><G19/><T130/><D130/><U37/><E23/><V74/><F74/><W112/><G112/><T81/><D99/><U14/><E14/><V46/><F43/><W15/><G15/><T113/><D113/><U29/><E29/><V102/><F118/><W96/><G106/><T105/><D105/><U122/><E122/><V30/><F119/><W49/><G49/><T80/><D27/><U51/><N who="1" m="14336" /><DORA hai="25" /><U1/><E1/><V63/><F63/><W109/><G109/><AGARI ba="0,0" hai="37,40,44,48,51,108,109,111" m="14336,40367" machi="109" ten="40,5200,0" yaku="14,1,34,2" doraHai="82,25" who="1" fromWho="3" sc="100,0,220,52,310,0,370,-52" /><INIT seed="3,0,0,5,2,11" ten="100,272,310,318" oya="3" hai0="111,92,133,32,72,39,109,79,102,17,84,89,52" hai1="59,82,19,37,28,41,108,120,40,119,14,122,48" hai2="67,107,96,34,38,66,81,121,42,16,27,71,35" hai3="74,49,103,135,18,73,13,91,20,26,5,86,0"/><W44/><G135/><T47/><D32/><U8/><E108/><V106/><F121/><W22/><G0/><T23/><D133/><U94/><E119/><V31/><F35/><W129/><G129/><T62/><D39/><U105/><E105/><V112/><F112/><W110/><G110/><N who="0" m="41995" /><D102/><U87/><E37/><V101/><F107/><W50/><G103/><T12/><D79/><U125/><E125/><V123/><F123/><W115/><G50/><N who="0" m="28767" /><D62/><U76/><E28/><V99/><F99/><W70/><G70/><T134/><D134/><U85/><E122/><V43/><F81/><W114/><G74/><AGARI ba="0,0" hai="12,17,23,72,74,84,89,92" m="28767,41995" machi="74" ten="30,3900,0" yaku="14,1,52,1,54,1" doraHai="11" who="0" fromWho="3" sc="100,39,272,0,310,0,318,-39" /><INIT seed="4,0,0,3,1,121" ten="139,272,310,279" oya="0" hai0="120,118,102,58,7,122,53,31,93,85,91,89,28" hai1="62,48,133,77,11,126,49,22,129,50,44,45,99" hai2="88,128,26,9,80,52,41,34,56,46,4,2,35" hai3="57,18,125,43,87,73,124,96,65,19,98,134,14"/><T21/><D118/><U30/><E126/><V8/><F128/><W13/><G73/><T0/><D102/><U69/><E133/><V6/><F26/><W127/><G43/><T109/><D21/><U111/><E77/><V86/><F46/><W113/><G134/><T39/><D39/><U81/><E81/><V135/><F41/><W60/><G87/><T67/><D67/><N who="1" m="41207" /><E99/><N who="3" m="37930" /><G113/><T84/><D7/><U101/><E101/><V123/><F123/><W100/><G100/><T72/><D0/><U47/><E11/><V70/><F70/><W33/><G33/><T51/><D72/><U23/><E30/><V3/><F135/><W76/><G76/><T119/><D119/><U38/><E22/><V83/><F80/><W75/><G75/><T106/><D106/><U29/><E23/><V95/><F83/><W55/><G55/><T105/><D105/><U71/><E29/><V64/><F64/><W27/><G27/><T59/><D53/><U40/><E71/><V97/><F86/><W79/><G79/><T82/><D82/><U108/><E129/><V94/><F94/><W132/><G132/><T68/><D68/><U78/><E78/><V117/><F117/><W115/><G115/><T54/><D54/><N who="1" m="29959" /><E38/><V10/><F9/><W131/><G131/><T61/><D93/><U20/><E20/><V104/><F104/><W16/><AGARI ba="0,0" hai="13,14,16,18,19,57,60,65,124,125,127" m="37930" machi="16" ten="40,2700,0" yaku="18,1,54,1" doraHai="121" who="3" fromWho="3" sc="139,-13,272,-7,310,-7,279,27" /><INIT seed="5,0,0,5,4,105" ten="126,265,303,306" oya="1" hai0="50,0,119,27,83,128,125,20,126,89,18,109,38" hai1="67,23,120,75,78,95,130,64,91,54,33,71,97" hai2="44,114,117,69,123,30,42,124,77,57,129,13,121" hai3="34,17,40,1,115,61,116,25,21,6,81,118,112"/><U113/><E120/><V100/><F100/><W111/><G40/><T4/><D38/><U29/><E113/><N who="3" m="43594" /><G61/><T59/><D109/><U11/><E130/><V55/><F77/><W9/><G81/><T94/><D128/><U110/><E110/><V104/><F104/><W8/><G111/><T36/><D36/><U19/><E71/><V102/><F102/><W72/><G72/><T79/><D119/><N who="3" m="45609" /><G9/><T68/><D68/><U87/><E33/><AGARI ba="0,0" hai="1,6,8,17,21,25,33,34" m="45609,43594" machi="33" ten="30,7700,0" yaku="15,1,12,1,34,2" doraHai="105" who="3" fromWho="1" sc="126,0,265,-77,303,0,306,77" /><INIT seed="6,0,0,3,4,14" ten="126,188,303,383" oya="2" hai0="99,16,60,76,4,17,8,38,130,35,78,88,59" hai1="55,90,83,71,85,53,31,20,87,34,43,132,98" hai2="118,69,107,91,22,64,5,65,101,51,7,25,6" hai3="58,112,123,68,122,125,27,103,124,12,29,66,135"/><V45/><F118/><W52/><G135/><T109/><D35/><U54/><E71/><V19/><F69/><W1/><G1/><T63/><D109/><U100/><E132/><V67/><F107/><W84/><G112/><T77/><D38/><U70/><E70/><V37/><F37/><W131/><G131/><T117/><D117/><U121/><E121/><V96/><F101/><W41/><G41/><T36/><D36/><U92/><E43/><V2/><F2/><W23/><G103/><T40/><D40/><U3/><E3/><V114/><F114/><W30/><G30/><T72/><D72/><U15/><E34/><V10/><F10/><W80/><G12/><N who="0" m="5127" /><D130/><U113/><E113/><V11/><F11/><W44/><G44/><T46/><D46/><U104/><E31/><V126/><F126/><N who="3" m="48747" /><G66/><N who="0" m="39199" /><D63/><U61/><E61/><V128/><F128/><W18/><G68/><T48/><D48/><U120/><E120/><V42/><F96/><W49/><G123/><T105/><D105/><U56/><E104/><V110/><F110/><W133/><G133/><T86/><D99/><U129/><E129/><V32/><F32/><W0/><G0/><T33/><D33/><U81/><E56/><V115/><F115/><W62/><G62/><T73/><D73/><U74/><E74/><V116/><F116/><W95/><G122/><T75/><D75/><U21/><E15/><V93/><F67/><W127/><G127/><T97/><D97/><U79/><AGARI ba="0,0" hai="20,21,53,54,55,79,81,83,85,87,90,92,98,100" machi="79" ten="30,2000,0" yaku="0,1,8,1" doraHai="14" who="1" fromWho="1" sc="126,-5,188,20,303,-10,383,-5" /><INIT seed="7,0,0,2,4,23" ten="121,208,293,378" oya="3" hai0="78,2,26,31,85,102,87,95,90,0,98,9,30" hai1="73,126,81,135,34,123,100,131,92,59,21,130,1" hai2="120,6,118,13,8,63,112,103,114,77,121,70,68" hai3="104,10,32,82,53,56,28,124,74,36,51,60,50"/><W128/><G104/><T61/><D31/><U110/><E1/><V69/><F103/><W96/><G96/><T108/><D108/><U19/><E110/><V65/><F77/><W29/><G36/><T38/><D38/><U62/><E123/><V57/><REACH who="2" step="1"/><F118/><REACH who="2" ten="121,208,283,378" step="2"/><W134/><G74/><T91/><D78/><U97/><E100/><V20/><F20/><W46/><G32/><T101/><D61/><U129/><E21/><V22/><F22/><W18/><G60/><T41/><D41/><U52/><E34/><V5/><F5/><W14/><G29/><T3/><D9/><U42/><E73/><V125/><F125/><W86/><G124/><T54/><D54/><U94/><E126/><V99/><F99/><W72/><G72/><T80/><REACH who="0" step="1"/><D98/><REACH who="0" ten="111,208,283,378" step="2"/><U39/><E97/><V132/><F132/><W58/><G134/><T49/><D49/><U105/><E135/><V93/><F93/><W113/><G51/><T127/><D127/><U133/><E133/><V71/><N who="2" m="17920" /><DORA hai="33" /><V111/><F111/><W88/><G50/><T48/><D48/><U109/><E109/><V106/><F106/><W107/><G107/><T66/><D66/><U76/><E105/><V115/><AGARI ba="0,2" hai="6,8,13,57,63,65,112,114,115,120,121" m="17920" machi="115" ten="70,8000,1" yaku="1,1,0,1,15,1,53,0" doraHai="23,33" doraHaiUra="83,16" who="2" fromWho="2" sc="111,-20,208,-20,283,100,378,-40" owari="91,-41.0,188,-21.0,383,48.0,338,14.0" /></mjloggm>