<mjloggm ver="2.3"><GO type="169" lobby="0"/><UN n0="%6D%6F%6E%6F%2D%31%34" n1="%E6%99%AE%E8%B3%A2" n2="%E6%9A%97%E3%81%84%E7%AC%A6" n3="%E5%B0%B1%E6%B4%BB%E7%94%9F%40%E5%B7%9D%E6%9D%91%E8%BB%8D%E5%9B%A3" dan="16,16,18,17" rate="2029.88,2146.95,2305.41,2233.19" sx="M,F,M,M"/><TAIKYOKU oya="0"/><INIT seed="0,0,0,4,5,71" ten="250,250,250,250" oya="0" hai0="64,62,125,104,25,135,85,130,37,81,6,35,19" hai1="8,73,90,126,66,45,87,23,3,79,109,44,16" hai2="80,72,2,84,11,101,118,12,97,91,18,95,114" hai3="9,131,133,69,20,93,41,13,34,14,43,58,89"/><T68/><D104/><U96/><E109/><V120/><F2/><W65/><G69/><T22/><D135/><U116/><E116/><V15/><F118/><W70/><G34/><T82/><D6/><U31/><E126/><V51/><F120/><W106/><G70/><T88/><D125/><U0/><E0/><V29/><F29/><W86/><G106/><T121/><D121/><U129/><E129/><V123/><F123/><W110/><G110/><T27/><D130/><U77/><E96/><V53/><F72/><W127/><G127/><T48/><D37/><U115/><E66/><V105/><F114/><W113/><G133/><T4/><D4/><U28/><E115/><V5/><F105/><W132/><G132/><T119/><D119/><U63/><E63/><V76/><F76/><N who="1" m="29257" /><E3/><V56/><F15/><W59/><G113/><T102/><D102/><U60/><E60/><V24/><F24/><W78/><G78/><T54/><D27/><N who="1" m="14823" /><E8/><V49/><REACH who="2" step="1"/><F5/><REACH who="2" ten="250,250,240,250" step="2"/><W128/><G14/><T46/><REACH who="0" step="1"/><D35/><REACH who="0" ten="240,250,240,250" step="2"/><U83/><E73/><V74/><F74/><W94/><G128/><T36/><D36/><U42/><E42/><V99/><F99/><W92/><G43/><T98/><D98/><U50/><E50/><AGARI ba="0,2" hai="11,12,18,49,50,51,53,56,80,84,91,95,97,101" machi="50" ten="30,3900,0" yaku="1,1,7,1,8,1,53,0" doraHai="71" doraHaiUra="100" who="2" fromWho="1" sc="240,0,250,-39,240,59,250,0" /><INIT seed="1,0,0,4,5,54" ten="240,211,299,250" oya="1" hai0="86,104,73,20,92,32,113,39,59,43,98,132,9" hai1="29,97,74,69,45,7,68,27,109,61,134,57,78" hai2="79,60,88,103,105,56,8,25,26,108,102,118,23" hai3="37,93,80,55,81,125,120,52,44,100,34,128,111"/><U24/><E134/><V11/><F105/><W126/><G34/><T41/><D32/><U130/><E130/><V119/><F79/><W124/><G120/><T65/><D73/><U72/><E109/><V77/><F77/><W116/><G128/><T110/><D39/><U117/><E117/><V112/><F108/><W99/><G111/><T127/><D113/><U115/><E115/><V16/><F112/><W46/><G116/><T51/><D104/><U122/><E122/><V85/><F119/><W63/><G55/><T42/><D132/><U19/><E7/><V90/><F118/><W36/><G36/><T53/><D127/><U2/><E2/><V31/><F90/><W1/><G1/><T101/><D9/><N who="2" m="3658" /><F26/><W131/><G131/><T62/><D86/><U50/><E97/><V123/><F31/><W106/><G106/><T49/><D110/><U114/><E114/><V107/><F107/><W121/><G121/><T95/><D95/><U4/><E4/><V70/><F70/><W84/><G37/><T33/><D33/><U15/><E69/><V64/><F123/><W48/><G81/><AGARI ba="0,0" hai="16,23,25,56,60,64,81,85,88,102,103" m="3658" machi="81" ten="30,7700,0" yaku="8,1,52,1,54,2" doraHai="54" who="2" fromWho="3" sc="240,0,211,0,299,77,250,-77" /><INIT seed="2,0,0,5,3,4" ten="240,211,376,173" oya="2" hai0="89,122,62,126,85,9,55,81,91,115,121,103,45" hai1="95,39,49,42,17,26,132,14,52,120,21,59,108" hai2="111,33,5,83,79,53,23,25,67,128,48,69,96" hai3="130,99,92,88,109,72,73,94,31,66,123,127,60"/><V40/><F33/><W71/><G123/><T75/><D75/><U100/><E120/><V70/><F128/><W113/><G130/><T90/><D115/><U34/><E108/><V131/><F131/><W32/><G109/><T15/><D126/><U65/><E132/><V12/><F67/><W97/><G127/><T86/><D103/><U54/><E65/><V46/><F96/><W10/><G113/><T78/><D121/><U18/><E54/><V20/><F111/><W118/><G118/><T117/><D117/><U8/><E34/><V61/><F23/><W47/><G47/><T50/><D62/><U44/><E100/><V51/><F61/><W77/><G77/><T16/><REACH who="0" step="1"/><D122/><REACH who="0" ten="230,211,376,173" step="2"/><U13/><REACH who="1" step="1"/><E95/><REACH who="1" ten="230,201,376,173" step="2"/><V87/><F70/><W98/><G94/><T63/><D63/><U114/><E114/><V7/><F69/><W107/><G107/><T129/><D129/><U119/><E119/><V28/><F40/><W64/><G64/><T22/><D22/><U43/><E43/><V134/><F134/><W133/><G133/><T84/><AGARI ba="0,2" hai="9,15,16,45,50,55,78,81,84,85,86,89,90,91" machi="84" ten="30,12000,2" yaku="1,1,0,1,8,1,52,1,54,1,53,1" doraHai="4" doraHaiUra="41" who="0" fromWho="0" sc="230,140,201,-30,376,-60,173,-30" /><INIT seed="3,0,0,0,4,26" ten="370,171,316,143" oya="3" hai0="45,84,109,61,37,118,90,73,124,62,25,88,123" hai1="85,59,39,74,116,95,107,102,34,132,33,108,97" hai2="19,112,71,32,96,7,115,131,50,113,135,103,21" hai3="60,52,128,69,101,76,126,43,3,79,104,4,54"/><W94/><G104/><T14/><D73/><U122/><E122/><V125/><F71/><W117/><G117/><T29/><D124/><U2/><E2/><V78/><F32/><W121/><G121/><T10/><D109/><U53/><E108/><V41/><F125/><W38/><G128/><T23/><D90/><U44/><E116/><V64/><F64/><W30/><G126/><T100/><D100/><U65/><E132/><V18/><F7/><W87/><G4/><T40/><D118/><U83/><E65/><V130/><F78/><W8/><G8/><T86/><D86/><U16/><E16/><V35/><F35/><W51/><G3/><T57/><D57/><U17/><E17/><V22/><F135/><W120/><G120/><T20/><D20/><U31/><E31/><V80/><F80/><W75/><G30/><T66/><D66/><U46/><E46/><N who="2" m="25935" /><F18/><W98/><G75/><T91/><D14/><U15/><E15/><V77/><F77/><N who="3" m="29771" /><G38/><T24/><D10/><U81/><E107/><N who="2" m="63975" /><F19/><W129/><G129/><AGARI ba="0,0" hai="21,22,112,113,115,129,130,131" m="63975,25935" machi="129" ten="40,1300,0" yaku="19,1" doraHai="26" who="2" fromWho="3" sc="370,0,171,0,316,13,143,-13" /><INIT seed="4,0,0,5,3,110" ten="370,171,329,130" oya="0" hai0="118,97,109,27,47,116,41,15,53,77,5,65,17" hai1="28,129,128,48,119,10,54,130,25,106,105,82,56" hai2="79,66,34,30,133,31,127,111,132,135,8,124,58" hai3="107,44,35,33,92,39,29,70,22,73,96,38,99"/><T4/><D65/><U14/><E82/><V13/><F79/><W37/><G73/><T76/><D109/><U69/><E69/><V52/><F66/><W108/><G108/><T18/><D97/><U40/><E40/><V89/><F111/><W2/><G2/><T1/><D1/><U81/><E81/><V7/><F89/><W67/><G107/><T117/><D53/><U57/><E57/><V32/><F31/><W120/><G120/><T125/><D125/><N who="2" m="48202" /><F30/><W121/><G44/><T122/><D122/><U11/><E119/><V98/><F98/><W83/><G83/><T36/><D77/><U6/><REACH who="1" step="1"/><E10/><REACH who="1" ten="370,161,329,130" step="2"/><V21/><F58/><W86/><G121/><T51/><D76/><U16/><E16/><V45/><F45/><W43/><G43/><T85/><D118/><U93/><E93/><V87/><F135/><W101/><G70/><T100/><D117/><U75/><E75/><V84/><F8/><W19/><G29/><T74/><D74/><U131/><N who="1" m="32768" /><DORA hai="68" /><U114/><E114/><V112/><F112/><W94/><G67/><T46/><D116/><U23/><AGARI ba="0,1" hai="6,11,14,23,25,28,48,54,56,105,106" m="32768" machi="23" ten="60,8000,1" yaku="1,1,0,1,19,1,53,1" doraHai="110,68" doraHaiUra="0,123" who="1" fromWho="1" sc="370,-40,161,90,329,-20,130,-20" /><INIT seed="5,0,0,1,1,103" ten="330,251,309,110" oya="1" hai0="8,38,13,9,58,128,29,112,27,47,99,83,48" hai1="123,19,54,72,16,7,66,43,111,59,85,25,30" hai2="80,113,107,119,1,26,17,52,94,35,125,108,41" hai3="102,104,115,44,132,135,51,71,61,84,74,6,55"/><U87/><E123/><V127/><F1/><W73/><G6/><T91/><D38/><U75/><E7/><V64/><F41/><W101/><G115/><T92/><D112/><U50/><E75/><V49/><F64/><W20/><G20/><T36/><D36/><U2/><E2/><V97/><F80/><W15/><G15/><T120/><D128/><U133/><E72/><V39/><F39/><W14/><G14/><T63/><D83/><U65/><E133/><V98/><F113/><W118/><G118/><T121/><D121/><U129/><E129/><V117/><F108/><W23/><G23/><T56/><D9/><U78/><E43/><V89/><F17/><N who="1" m="6729" /><E111/><V33/><F26/><W18/><G18/><T86/><D8/><U82/><E87/><V70/><F70/><W53/><G84/><T40/><D13/><U68/><E68/><V77/><F33/><W90/><G90/><T124/><D86/><U45/><E45/><N who="2" m="27695" /><F35/><W131/><G131/><T57/><D120/><U96/><E96/><V46/><F46/><W130/><G130/><T95/><D47/><U134/><E134/><N who="3" m="51242" /><G71/><T67/><D99/><U106/><E106/><V37/><F37/><W100/><G104/><T69/><D69/><U114/><E114/><V62/><F117/><W5/><G5/><T24/><D24/><U93/><E93/><V42/><F107/><W21/><G21/><AGARI ba="0,0" hai="21,25,30,50,54,59,65,66,78,82,85" m="6729" machi="21" ten="30,2900,0" yaku="8,1,54,1" doraHai="103" who="1" fromWho="3" sc="330,0,251,29,309,0,110,-29" /><INIT seed="5,1,0,4,4,83" ten="330,280,309,81" oya="1" hai0="60,100,28,82,72,91,118,30,104,120,135,59,23" hai1="2,5,68,16,124,97,65,119,75,33,56,42,111" hai2="77,37,3,25,1,15,110,105,10,93,117,115,11" hai3="107,109,47,125,81,74,46,131,134,73,13,20,54"/><U36/><E119/><V58/><F37/><W26/><G107/><T29/><D118/><U4/><E33/><V101/><F105/><W108/><G125/><T122/><D135/><U88/><E124/><V98/><F110/><W69/><G134/><T121/><D104/><U32/><E32/><V18/><F117/><W79/><G69/><T103/><D23/><U55/><E75/><V35/><F77/><W78/><G131/><T99/><D72/><U53/><E111/><V86/><F58/><W89/><G13/><T62/><D62/><U44/><E2/><V76/><F11/><W96/><G78/><T50/><D50/><U21/><E65/><V14/><F15/><W41/><G54/><T87/><D99/><U64/><E64/><AGARI ba="1,0" hai="28,29,30,59,60,64,82,87,91,100,103,120,121,122" machi="64" ten="50,3200,0" yaku="13,1,52,1" doraHai="83" who="0" fromWho="1" sc="330,35,280,-35,309,0,81,0" /><INIT seed="6,0,0,2,0,97" ten="365,245,309,81" oya="2" hai0="123,16,76,75,120,2,109,23,19,37,103,78,133" hai1="66,11,106,26,98,69,46,9,34,36,18,81,14" hai2="119,29,94,82,108,33,35,112,40,15,126,54,0" hai3="28,5,129,4,90,43,131,105,84,64,67,48,59"/><V1/><F40/><W115/><G105/><T114/><D2/><U32/><E81/><V62/><F119/><W125/><G125/><T60/><D75/><U31/><E34/><V45/><F29/><W89/><G28/><T42/><D109/><U6/><E46/><V41/><F0/><W17/><G115/><T93/><D114/><U85/><E85/><V107/><F1/><W83/><G17/><T8/><D60/><N who="1" m="40135" /><E36/><V99/><F107/><W30/><G30/><T57/><D57/><U100/><E9/><V24/><F24/><W88/><G84/><T49/><D133/><U113/><E113/><V65/><F82/><W74/><G74/><T25/><D123/><U135/><E135/><V68/><F112/><W47/><G83/><T122/><D37/><U73/><E73/><V13/><F35/><W121/><G121/><T61/><D61/><U3/><E3/><V56/><F33/><W39/><G39/><T20/><D8/><U50/><E50/><V95/><F108/><W102/><G102/><T71/><D71/><U134/><E134/><V118/><F126/><W91/><N who="3" m="23040" /><DORA hai="21" /><W38/><G38/><T63/><D63/><U58/><E58/><V55/><F55/><W80/><G80/><T117/><D117/><U22/><E22/><V128/><F54/><W12/><G59/><T53/><D122/><U92/><E92/><V110/><F94/><W116/><G116/><T101/><D93/><U10/><E10/><V104/><F56/><W96/><G96/><T44/><D20/><U86/><E86/><V52/><F118/><W79/><G79/><RYUUKYOKU ba="0,0" sc="365,-10,245,30,309,-10,81,-10" hai1="6,11,14,18,26,31,32,98,100,106" /><INIT seed="7,1,0,5,1,38" ten="355,275,299,71" oya="3" hai0="127,2,54,108,33,25,26,1,35,103,133,4,91" hai1="110,61,31,124,81,42,134,63,120,32,89,3,80" hai2="45,123,128,92,101,37,73,43,106,19,44,78,24" hai3="10,53,112,94,13,107,36,46,67,48,102,77,0"/><W14/><G107/><T40/><D108/><U114/><E110/><V82/><F128/><W96/><G112/><T70/><D70/><U121/><E114/><V52/><F106/><W93/><G77/><T64/><D64/><U39/><E3/><V62/><F101/><W88/><G67/><T18/><D103/><U68/><E68/><V122/><F92/><W135/><G135/><T100/><D100/><U97/><E134/><V131/><F131/><W105/><G105/><T12/><D91/><U59/><E124/><V51/><F62/><W57/><G0/><T20/><D54/><U109/><E109/><V129/><F129/><W75/><G75/><T50/><D127/><U9/><E9/><V111/><F111/><W74/><G74/><T21/><D50/><U47/><E63/><V125/><F125/><W34/><G34/><N who="0" m="12811" /><D40/><U56/><E56/><V65/><F65/><W41/><REACH who="3" step="1"/><G10/><REACH who="3" ten="355,275,299,61" step="2"/><N who="0" m="4167" /><D133/><U90/><E32/><V6/><F123/><W27/><G27/><T30/><AGARI ba="1,1" hai="1,2,18,20,21,25,26,30" m="4167,12811" machi="30" ten="30,8000,1" yaku="35,5" doraHai="38" who="0" fromWho="0" sc="355,93,275,-21,299,-21,61,-41" owari="448,55.0,254,-15.0,278,8.0,20,-48.0" /></mjloggm>