<mjloggm ver="2.3"><GO type="225" lobby="0"/><UN n0="%E3%83%8D%E3%82%B8%E3%82%AD" n1="%E3%81%BE%E3%81%99%E3%81%9F%E3%83%BC%EF%BC%A0%E6%9D%B1%E9%A2%A8" n2="%E3%82%A6%E3%83%AB%E3%83%88%E3%83%A9%E7%AB%8B%E7%9B%B4" n3="%E4%BA%8C%E4%BB%A3%E7%9B%AE%E3%82%A2%E3%83%A1%E3%83%96%E3%83%A9" dan="17,16,17,17" rate="2149.09,2094.51,2153.77,2223.45" sx="M,M,M,M"/><TAIKYOKU oya="0"/><INIT seed="0,0,0,2,3,48" ten="250,250,250,250" oya="0" hai0="28,106,76,93,24,89,16,47,53,39,132,78,13" hai1="128,55,12,109,67,64,25,85,17,129,11,36,61" hai2="66,27,73,124,31,135,83,32,69,58,82,10,134" hai3="91,113,45,116,6,117,125,80,65,19,75,44,131"/><T115/><D115/><U60/><E36/><V43/><F124/><W41/><G113/><T110/><D106/><U5/><E109/><V87/><F69/><W97/><G125/><T3/><D3/><U101/><E101/><V96/><F43/><W68/><G131/><N who="1" m="50250" /><E85/><V26/><F73/><W57/><G68/><T95/><D110/><U119/><E119/><V4/><F27/><W29/><G29/><T127/><D127/><U130/><N who="1" m="50258" /><U71/><DORA hai="63" /><E55/><V54/><F96/><W94/><G6/><T51/><D39/><U102/><E102/><V105/><F66/><N who="1" m="25129" /><E71/><V7/><F105/><W49/><G44/><T120/><D120/><U112/><E112/><V88/><F82/><W84/><G75/><T98/><D132/><N who="2" m="50730" /><F10/><W72/><G72/><T38/><D38/><U111/><E111/><V92/><F83/><W20/><G65/><T122/><D122/><U35/><E35/><V114/><F114/><W30/><G117/><T1/><D1/><N who="1" m="431" /><E25/><V70/><F70/><W22/><G116/><T103/><D103/><U86/><E86/><V100/><F100/><W133/><G133/><T56/><D47/><U18/><E18/><V0/><F0/><W74/><G74/><T123/><D123/><U59/><E59/><V50/><AGARI ba="0,0" hai="4,7,26,31,32,50,54,58,87,88,92" m="50730" machi="50" ten="30,4000,0" yaku="20,1,52,1,54,1" doraHai="48,63" who="2" fromWho="2" sc="250,-20,250,-10,250,40,250,-10" /><INIT seed="1,0,0,1,2,115" ten="230,240,290,240" oya="1" hai0="89,105,86,98,34,51,10,74,117,76,100,23,38" hai1="80,64,126,68,19,78,73,49,84,42,47,91,52" hai2="61,48,94,60,116,72,69,90,114,125,27,119,70" hai3="112,75,118,111,17,5,132,9,113,29,6,13,11"/><U134/><E134/><V82/><F48/><W106/><G106/><T15/><D34/><U36/><E126/><V21/><F125/><W133/><G75/><T128/><D38/><U123/><E123/><V25/><F114/><N who="3" m="44139" /><G111/><T103/><D103/><U57/><E19/><V31/><F82/><W3/><G29/><T33/><D33/><U131/><E131/><V96/><F72/><W41/><G41/><T97/><D97/><U62/><E73/><V28/><F69/><W99/><G99/><T45/><D23/><U92/><E92/><V63/><REACH who="2" step="1"/><F70/><REACH who="2" ten="230,240,280,240" step="2"/><W121/><G121/><T130/><D130/><U79/><AGARI ba="0,1" hai="36,42,47,49,52,57,62,64,68,78,79,80,84,91" machi="79" ten="30,11700,0" yaku="0,1,24,2,54,1" doraHai="115" who="1" fromWho="1" sc="230,-39,240,127,280,-39,240,-39" /><INIT seed="1,1,0,4,3,79" ten="191,367,241,201" oya="1" hai0="95,65,120,98,94,61,133,13,116,101,22,110,12" hai1="55,88,68,50,107,16,115,70,26,30,127,23,85" hai2="63,132,103,126,118,99,57,14,82,92,62,41,77" hai3="128,19,100,51,8,91,52,74,71,39,46,129,38"/><U29/><E107/><V122/><F122/><W10/><G74/><T11/><D116/><U27/><E115/><V9/><F118/><W72/><G72/><T53/><D110/><U93/><E127/><V84/><F126/><W18/><G71/><T134/><D120/><U135/><E135/><N who="0" m="51721" /><D53/><U119/><E30/><V20/><F132/><W35/><G35/><T83/><D22/><U21/><E119/><V97/><F20/><W64/><G64/><T44/><D44/><AGARI ba="1,0" hai="16,21,23,26,27,29,44,50,55,68,70,85,88,93" machi="44" ten="30,5800,0" yaku="7,1,54,2" doraHai="79" who="1" fromWho="0" sc="191,-61,367,61,241,0,201,0" /><INIT seed="1,2,0,0,1,40" ten="130,428,241,201" oya="1" hai0="133,13,62,124,58,83,125,57,39,96,63,77,4" hai1="50,6,93,61,87,43,89,110,23,131,121,64,82" hai2="106,7,29,111,65,104,33,123,1,27,51,68,18" hai3="72,24,9,10,35,78,73,28,126,54,103,71,75"/><U34/><E34/><V99/><F123/><W41/><G71/><T38/><D96/><U21/><E121/><V102/><F18/><W109/><G78/><T100/><D100/><U97/><E6/><V134/><F51/><W55/><G103/><T11/><D133/><U114/><E114/><V130/><F134/><W70/><G70/><T36/><D83/><U66/><E131/><V105/><F111/><W26/><G109/><T95/><D95/><U45/><E110/><V128/><F128/><W118/><G126/><T14/><D77/><U3/><E3/><V91/><F91/><W48/><G118/><T17/><D4/><U67/><E61/><N who="0" m="23049" /><D17/><U120/><E120/><V20/><F20/><W80/><G80/><T46/><D11/><U49/><E49/><V85/><F85/><W107/><G107/><T52/><D13/><U69/><E69/><V84/><F84/><W60/><G41/><N who="0" m="22847" /><D14/><U12/><E12/><V79/><F79/><AGARI ba="2,0" hai="21,23,43,45,50,64,66,67,79,82,87,89,93,97" machi="79" ten="40,3900,0" yaku="8,1,52,1" doraHai="40" who="1" fromWho="2" sc="130,0,428,45,241,-45,201,0" /><INIT seed="1,3,0,1,2,77" ten="130,473,196,201" oya="1" hai0="24,112,39,42,41,100,66,131,47,20,118,13,119" hai1="93,60,55,69,37,105,56,40,116,62,4,79,110" hai2="6,46,82,35,130,135,91,16,18,81,19,72,48" hai3="49,92,128,78,95,89,102,3,11,17,23,129,97"/><U64/><E105/><V22/><F35/><W120/><G120/><T28/><D112/><U34/><E34/><V68/><F68/><W98/><G78/><T90/><D131/><N who="3" m="50249" /><G49/><T84/><D66/><U44/><E116/><V70/><F70/><W122/><G122/><T99/><D13/><U65/><E4/><V52/><F72/><W121/><G121/><T21/><D21/><U50/><E79/><V57/><F130/><W9/><G3/><T58/><D58/><N who="1" m="36951" /><E93/><V15/><F135/><W123/><G123/><T113/><D41/><U10/><E10/><N who="2" m="4567" /><F91/><W67/><G67/><T107/><REACH who="0" step="1"/><D113/><REACH who="0" ten="120,473,196,201" step="2"/><U127/><E40/><N who="2" m="24647" /><F22/><W88/><G102/><T104/><D104/><U108/><E69/><V1/><F1/><W132/><G132/><T54/><D54/><U103/><E55/><V30/><F30/><W74/><G74/><T14/><D14/><AGARI ba="3,1" hai="9,11,14,17,23,88,89,92,95,97,98" m="50249" machi="14" ten="30,2000,0" yaku="19,1,54,1" doraHai="77" who="3" fromWho="0" sc="120,-29,473,0,196,0,201,39" /><INIT seed="2,0,0,5,5,69" ten="91,473,196,240" oya="2" hai0="45,101,76,18,109,78,119,85,135,34,22,42,92" hai1="61,117,122,130,113,70,93,91,57,129,77,124,25" hai2="79,41,17,121,23,104,15,21,56,13,88,102,60" hai3="111,114,58,64,50,95,115,36,103,112,20,9,32"/><V120/><F79/><W52/><G32/><T98/><D109/><U83/><E113/><V97/><F41/><W110/><G9/><T5/><D135/><U29/><E70/><V14/><F88/><W55/><G20/><T54/><D119/><U6/><E122/><V118/><F118/><W87/><G87/><T44/><D34/><U2/><E2/><V89/><F89/><W116/><G116/><T82/><D5/><U11/><E6/><V47/><F47/><N who="3" m="27743" /><G95/><T105/><D105/><U0/><E11/><V100/><F100/><W43/><G103/><T28/><D28/><U37/><E0/><V48/><F48/><N who="3" m="31079" /><G64/><T59/><D76/><U26/><E93/><V51/><F21/><W108/><G43/><T75/><D75/><U33/><E33/><V27/><F121/><W35/><G35/><T31/><D31/><U7/><E29/><V16/><F120/><W49/><G49/><T62/><REACH who="0" step="1"/><D42/><REACH who="0" ten="81,473,196,240" step="2"/><U132/><E77/><V90/><F17/><W128/><G128/><T39/><D39/><AGARI ba="0,1" hai="36,39,108,110,111,112,114,115" m="31079,27743" machi="39" ten="40,12000,2" yaku="14,1,11,1,34,2,52,2,54,1" doraHai="69" who="3" fromWho="0" sc="81,-120,473,0,196,0,240,130" owari="-39,-54.0,473,57.0,196,-20.0,370,17.0" /></mjloggm>