<mjloggm ver="2.3"><GO type="169" lobby="0"/><UN n0="%E3%82%A6%E3%83%AB%E3%83%88%E3%83%A9%E7%AB%8B%E7%9B%B4" n1="%E3%83%A9%E3%83%83%E3%82%AD%E3%83%BC%E3%83%89%E3%83%83%E3%82%B0" n2="%E5%A5%B3%E5%AD%90%E5%8A%9B%E2%98%86%E3%81%94%E3%82%8A%E3%82%89" n3="%E3%81%B6%E3%81%A3%E3%81%A8%E3%81%B3%E3%82%AB%E3%83%BC%E3%83%89" dan="17,17,16,17" rate="2186.03,2157.70,2087.05,2141.28" sx="M,M,M,M"/><TAIKYOKU oya="0"/><INIT seed="0,0,0,2,4,92" ten="250,250,250,250" oya="0" hai0="83,62,28,124,9,102,43,94,34,109,65,63,133" hai1="81,72,64,121,73,95,131,19,13,12,117,29,56" hai2="67,51,112,91,82,60,35,20,68,75,33,22,7" hai3="87,61,108,110,46,36,84,132,11,59,118,106,115"/><T26/><D133/><U58/><E121/><V101/><F112/><W96/><G115/><T126/><D109/><N who="3" m="42089" /><G118/><T39/><D39/><U38/><E117/><V37/><F37/><W93/><G106/><T18/><D43/><U40/><E40/><V88/><F7/><W3/><G46/><T76/><D18/><U44/><E38/><V42/><F101/><N who="3" m="60559" /><G36/><T123/><D9/><U99/><E44/><V70/><F70/><W10/><G132/><T74/><D123/><U120/><E120/><V100/><F35/><W5/><G11/><T55/><D55/><AGARI ba="0,0" hai="3,5,10,55,59,61,84,87" m="60559,42089" machi="55" ten="30,2000,0" yaku="14,1,52,1" doraHai="92" who="3" fromWho="0" sc="250,-20,250,0,250,0,250,20" /><INIT seed="1,0,0,2,5,5" ten="230,250,250,270" oya="1" hai0="89,90,94,106,49,130,31,98,96,54,17,16,6" hai1="125,51,75,71,116,37,118,104,100,72,39,103,0" hai2="47,24,28,99,10,115,34,101,93,132,19,43,18" hai3="60,127,30,64,7,124,58,9,57,45,102,29,73"/><U15/><E15/><V91/><F132/><W62/><G73/><N who="1" m="28234" /><E51/><V1/><F115/><W14/><G102/><N who="1" m="38954" /><E71/><V44/><F44/><W81/><G81/><T40/><D130/><U13/><E13/><V23/><F34/><W32/><G45/><T69/><D106/><U112/><E112/><V66/><F66/><W11/><G32/><T22/><D69/><U70/><E70/><V87/><F1/><W111/><G111/><T4/><D40/><U50/><E50/><V82/><REACH who="2" step="1"/><F10/><REACH who="2" ten="230,250,240,270" step="2"/><N who="3" m="4447" /><G124/><T84/><D31/><N who="3" m="11785" /><G127/><T131/><D131/><U78/><E125/><V92/><F92/><W8/><G11/><T67/><D67/><AGARI ba="0,1" hai="8,9,57,58,60,62,64,67" m="11785,4447" machi="67" ten="30,7700,0" yaku="8,1,52,3" doraHai="5" who="3" fromWho="0" sc="230,-77,250,0,240,0,270,87" /><INIT seed="2,0,0,4,5,64" ten="153,250,240,357" oya="2" hai0="27,82,88,15,36,124,5,14,57,110,16,45,30" hai1="69,42,117,76,55,3,4,72,104,83,68,78,29" hai2="12,115,108,113,21,131,112,7,120,129,126,44,6" hai3="132,56,95,134,22,60,107,52,25,39,63,62,61"/><V94/><F44/><W106/><G39/><T23/><D124/><U10/><E117/><V96/><F126/><W53/><G95/><T24/><D110/><U89/><E89/><V41/><F41/><W34/><G34/><T133/><D133/><N who="3" m="51305" /><G53/><T109/><D109/><U85/><E85/><V32/><F32/><W71/><G71/><N who="1" m="27210" /><E55/><V74/><F74/><W59/><G59/><T37/><D37/><U75/><E42/><V50/><F50/><W66/><G66/><T43/><D57/><U0/><E29/><AGARI ba="0,0" hai="22,25,29,52,56,60,61,62,63,106,107" m="51305" machi="29" ten="30,2000,0" yaku="20,1,54,1" doraHai="64" who="3" fromWho="1" sc="153,0,250,-20,240,0,357,20" /><INIT seed="3,0,0,4,0,29" ten="153,230,240,377" oya="3" hai0="108,28,95,41,6,91,34,69,14,30,99,13,78" hai1="26,87,17,132,76,68,31,105,114,63,37,72,113" hai2="48,84,19,100,94,22,103,50,56,74,127,55,79" hai3="10,135,75,104,125,51,67,23,85,16,82,42,71"/><W133/><G104/><T47/><D69/><U2/><E2/><V12/><F127/><W49/><G75/><T53/><D108/><U101/><E17/><V121/><F121/><W35/><G10/><T46/><D78/><U80/><E87/><V98/><F74/><W8/><G8/><T9/><D14/><U86/><E86/><V70/><F70/><W25/><G42/><T122/><D122/><U93/><E93/><V40/><F103/><W60/><G35/><T130/><D130/><U77/><E77/><V20/><F20/><W110/><G125/><T24/><D30/><U111/><E111/><V38/><F38/><W123/><G123/><T73/><D73/><U7/><E7/><V115/><F115/><W129/><G129/><T107/><D107/><U116/><E116/><V88/><F79/><N who="3" m="46303" /><G110/><T126/><D126/><U52/><E132/><AGARI ba="0,0" hai="16,23,25,49,51,60,67,71,132,133,135" m="46303" machi="132" ten="30,2900,0" yaku="20,1,54,1" doraHai="29" who="3" fromWho="1" sc="153,0,230,-29,240,0,377,29" /><INIT seed="3,1,0,0,2,18" ten="153,201,240,406" oya="3" hai0="68,12,14,9,49,39,104,48,80,100,30,84,88" hai1="36,62,102,47,103,96,106,23,101,24,120,131,112" hai2="134,61,64,53,5,116,86,76,124,111,107,92,57" hai3="27,32,91,20,58,35,85,55,78,2,33,94,119"/><W50/><G119/><T59/><D68/><U52/><E120/><V25/><F116/><W7/><G78/><T115/><D39/><U46/><E112/><V6/><F107/><W90/><G91/><T17/><D115/><U79/><E79/><V118/><F118/><W21/><REACH who="3" step="1"/><G27/><REACH who="3" ten="153,201,240,396" step="2"/><T74/><D74/><U117/><E117/><V56/><F25/><W93/><G93/><T130/><D130/><U41/><E131/><V87/><F76/><W10/><AGARI ba="1,1" hai="2,7,10,20,21,32,33,35,50,55,58,85,90,94" machi="10" ten="40,12000,1" yaku="1,1,0,1,52,2,53,0" doraHai="18" doraHaiUra="71" who="3" fromWho="3" sc="153,-41,201,-41,240,-41,396,133" /><INIT seed="3,2,0,4,3,47" ten="112,160,199,529" oya="3" hai0="89,33,35,55,27,61,81,7,124,87,54,97,21" hai1="113,49,96,95,13,112,66,63,111,133,0,50,17" hai2="99,73,104,131,19,76,118,80,41,5,88,134,70" hai3="128,90,37,72,101,105,129,132,93,83,43,53,86"/><W108/><G43/><T79/><D124/><U34/><E34/><V30/><F70/><W94/><G37/><T67/><D7/><U68/><E0/><V25/><F118/><W71/><G71/><T32/><D97/><U135/><E111/><V91/><F5/><W62/><G62/><T98/><D98/><U18/><E18/><V29/><F131/><W107/><G53/><T2/><D2/><U15/><E15/><V28/><F134/><N who="1" m="51209" /><E113/><V115/><F115/><W12/><G12/><T23/><D79/><U75/><E75/><V42/><F25/><W6/><G6/><T11/><D11/><N who="1" m="6335" /><E112/><V60/><F19/><W9/><G9/><T64/><D21/><U24/><E24/><V69/><F104/><W51/><G72/><T1/><D1/><U103/><AGARI ba="2,0" hai="49,50,63,66,68,95,96,103" m="6335,51209" machi="103" ten="30,4000,0" yaku="20,1,52,2" doraHai="47" who="1" fromWho="1" sc="112,-12,160,46,199,-12,529,-22" /><INIT seed="4,0,0,0,0,15" ten="100,206,187,507" oya="0" hai0="64,69,70,98,113,100,120,46,130,128,1,33,115" hai1="62,32,2,89,118,78,71,44,49,123,8,135,91" hai2="17,80,84,30,121,24,0,124,19,54,51,25,22" hai3="132,4,72,45,129,73,75,41,94,13,83,6,127"/><T133/><D1/><U20/><E32/><V95/><F121/><W53/><G53/><T42/><D33/><U108/><E118/><V10/><F124/><W39/><G127/><T111/><D120/><U40/><E123/><V102/><F0/><W126/><G126/><T122/><D122/><U7/><E108/><V14/><F102/><W3/><G4/><T16/><D111/><U103/><E135/><V134/><F134/><W57/><G57/><T61/><D70/><U77/><E103/><V88/><F95/><W106/><G106/><T112/><D16/><U63/><E63/><V68/><F68/><W60/><G94/><T101/><D133/><U36/><E36/><V74/><F74/><W59/><G13/><T31/><D31/><U114/><E114/><V117/><F117/><W50/><G50/><T81/><D81/><U5/><E5/><N who="2" m="3407" /><F24/><W93/><G93/><T18/><D18/><U55/><E40/><V97/><F97/><W87/><G41/><T110/><D110/><U58/><E71/><V38/><F38/><W27/><G83/><T86/><D86/><U29/><E78/><V66/><F66/><W99/><G87/><T56/><D69/><U47/><E77/><V65/><F65/><W85/><G85/><T125/><D125/><U82/><E82/><V21/><F21/><W105/><G75/><T12/><D12/><U104/><E104/><V92/><F92/><W9/><G73/><T76/><D76/><U96/><E96/><V52/><F54/><W43/><G72/><T26/><D26/><N who="1" m="16583" /><E47/><AGARI ba="0,0" hai="17,19,22,25,30,47,51,52,80,84,88" m="3407" machi="47" ten="30,8000,1" yaku="8,1,52,2,54,2" doraHai="15" who="2" fromWho="1" sc="100,0,206,-80,187,80,507,0" /><INIT seed="5,0,0,5,4,17" ten="100,126,267,507" oya="1" hai0="48,131,105,19,88,29,114,93,74,87,108,37,0" hai1="104,55,15,122,49,70,53,85,103,82,52,16,28" hai2="31,23,32,36,63,99,110,71,38,83,132,80,112" hai3="59,8,61,118,90,3,14,102,22,24,117,98,47"/><U96/><E122/><V115/><F110/><W92/><G3/><T95/><D108/><U20/><E70/><V130/><F32/><W123/><G123/><T111/><D111/><U39/><E39/><N who="2" m="14891" /><F132/><W91/><G47/><T77/><D37/><U46/><REACH who="1" step="1"/><E28/><REACH who="1" ten="100,116,267,507" step="2"/><V26/><F71/><W125/><G117/><T10/><D131/><U133/><E133/><V50/><F130/><W57/><G118/><T41/><D114/><U89/><AGARI ba="0,1" hai="15,16,20,46,49,52,53,55,82,85,89,96,103,104" machi="89" ten="20,18000,2" yaku="1,1,0,1,7,1,52,1,54,2,53,1" doraHai="17" doraHaiUra="86" who="1" fromWho="1" sc="100,-60,116,190,267,-60,507,-60" /><INIT seed="5,1,0,4,3,59" ten="40,306,207,447" oya="1" hai0="44,93,56,22,26,106,121,118,77,108,111,109,90" hai1="42,75,55,0,27,66,43,92,100,135,24,49,82" hai2="113,114,38,9,133,12,33,86,64,74,103,58,83" hai3="123,101,84,60,57,122,18,117,6,20,23,13,119"/><U104/><E135/><V78/><F133/><W14/><G101/><T128/><D118/><N who="3" m="45065" /><G84/><T48/><D106/><U89/><E0/><V68/><F68/><W76/><G76/><T70/><D70/><U107/><E66/><V91/><F38/><W116/><G116/><T54/><D121/><N who="3" m="46089" /><G6/><T29/><D128/><U11/><E11/><V125/><F125/><W37/><G37/><T79/><REACH who="0" step="1"/><D44/><REACH who="0" ten="30,306,207,447" step="2"/><U36/><E107/><V88/><F113/><W50/><G50/><T5/><D5/><U39/><E104/><V81/><F114/><W17/><G57/><T21/><D21/><U95/><E36/><V45/><F45/><W72/><G72/><T52/><D52/><U40/><E39/><V53/><F53/><W69/><G69/><T105/><D105/><U30/><E55/><V73/><F58/><W31/><G31/><T51/><D51/><U28/><E49/><V41/><F41/><W130/><G130/><T94/><D94/><U67/><E95/><V61/><F83/><W1/><G1/><T10/><D10/><U85/><E92/><V120/><F81/><W4/><G4/><T7/><D7/><U71/><E75/><V87/><F74/><W34/><G34/><T112/><D112/><U16/><E71/><V99/><F33/><W115/><G115/><T8/><D8/><U25/><E82/><N who="2" m="45391" /><F120/><W134/><G134/><T97/><AGARI ba="1,1" hai="22,26,29,48,54,56,77,79,90,93,97,108,109,111" machi="97" ten="30,4000,0" yaku="1,1,0,1,53,1" doraHai="59" doraHaiUra="47" who="0" fromWho="0" sc="30,53,306,-21,207,-11,447,-11" /><INIT seed="6,0,0,4,3,94" ten="83,285,196,436" oya="2" hai0="6,17,57,119,106,66,74,104,58,49,131,45,92" hai1="64,83,15,59,90,125,78,85,124,108,79,82,41" hai2="28,112,87,68,77,29,63,117,24,35,46,120,5" hai3="52,27,93,0,91,135,30,21,121,73,84,103,25"/><V42/><F117/><W60/><G0/><T134/><D119/><U128/><E41/><V126/><F120/><W26/><G73/><T62/><D131/><U3/><E3/><V34/><F126/><N who="1" m="48745" /><E15/><V65/><F112/><W12/><G135/><T51/><D134/><U20/><E20/><V8/><F77/><N who="1" m="29193" /><E59/><V122/><F87/><W107/><G107/><T32/><D74/><U23/><E23/><V40/><F122/><W111/><G103/><T48/><D32/><U47/><E47/><V4/><F8/><W56/><G111/><T109/><D109/><U129/><E64/><V86/><F86/><W99/><G84/><T18/><D6/><U105/><E108/><V31/><F42/><W44/><G121/><T132/><D132/><U10/><E10/><V97/><F31/><W102/><G102/><T95/><D45/><U118/><E118/><V98/><F4/><W71/><G71/><T50/><N who="0" m="12288" /><DORA hai="33" /><T127/><D127/><U89/><E105/><V11/><F40/><W16/><G44/><T9/><D9/><AGARI ba="0,0" hai="9,12,16,21,25,26,27,30,52,56,60,91,93,99" machi="9" ten="30,8000,1" yaku="7,1,8,1,52,1,54,2" doraHai="94,33" who="3" fromWho="0" sc="83,-80,285,0,196,0,436,80" /><INIT seed="7,0,0,1,2,105" ten="3,285,196,516" oya="3" hai0="10,35,135,103,70,19,40,12,54,86,29,38,14" hai1="132,122,23,100,25,62,134,94,13,123,24,53,102" hai2="113,7,55,37,120,73,34,101,110,117,79,39,107" hai3="52,22,48,93,59,32,84,58,26,4,9,51,67"/><W97/><G32/><T75/><D54/><U27/><E13/><V69/><RYUUKYOKU type="yao9" ba="0,0" sc="3,0,285,0,196,0,516,0" hai2="7,34,37,39,55,69,73,79,101,107,110,113,117,120" /><INIT seed="7,1,0,4,4,3" ten="3,285,196,516" oya="3" hai0="119,52,108,71,102,39,27,4,99,112,14,26,37" hai1="68,69,44,16,90,59,40,118,93,74,94,36,89" hai2="60,81,63,91,117,88,65,57,5,97,113,96,30" hai3="62,101,49,132,85,33,46,115,98,20,84,92,15"/><W1/><G1/><T7/><D99/><U131/><E74/><V126/><F113/><W13/><G33/><T48/><D102/><U43/><E43/><V38/><F38/><W100/><G132/><T56/><D48/><U79/><E79/><V67/><F126/><W45/><G101/><T95/><D56/><U32/><E32/><V61/><F117/><W10/><G46/><T128/><D95/><U11/><E89/><V25/><F61/><W124/><G62/><T50/><D50/><U23/><E11/><V129/><F129/><W83/><G115/><T18/><D112/><U19/><E131/><V73/><F73/><W104/><G104/><T72/><D128/><U9/><E9/><V130/><F130/><W31/><G124/><T54/><D119/><U47/><E47/><V58/><F5/><W2/><G2/><T51/><D51/><U42/><E42/><V120/><F120/><W114/><G85/><T12/><D72/><U34/><E34/><V53/><F53/><W64/><G64/><T80/><D80/><U75/><E75/><V70/><F70/><W133/><G10/><T22/><D71/><U21/><E21/><V87/><F91/><W134/><G20/><T55/><D108/><U28/><E90/><V35/><AGARI ba="1,0" hai="25,30,35,57,58,60,63,65,67,81,87,88,96,97" machi="35" ten="20,5200,0" yaku="0,1,7,1,9,1,54,1" doraHai="3" who="2" fromWho="2" sc="3,-14,285,-14,196,55,516,-27" owari="-11,-51.0,271,7.0,251,-15.0,489,59.0" /></mjloggm>