<mjloggm ver="2.3"><GO type="169" lobby="0"/><UN n0="%73%68%61%74%69%61%6E%61" n1="%69%6D%6F%69%6D%6F" n2="%6A%75%6D%70%2D%75%70" n3="%E3%82%A6%E3%83%AB%E3%83%88%E3%83%A9%E7%AB%8B%E7%9B%B4" dan="16,16,17,17" rate="2090.55,2033.35,2198.70,2218.72" sx="F,M,M,M"/><TAIKYOKU oya="0"/><INIT seed="0,0,0,0,1,7" ten="250,250,250,250" oya="0" hai0="117,87,90,96,126,28,75,79,71,49,19,113,130" hai1="106,4,45,125,8,33,12,101,25,116,133,107,98" hai2="29,62,37,129,30,22,111,40,50,122,124,86,35" hai3="74,26,93,91,68,114,121,76,110,89,118,5,64"/><T131/><D71/><U6/><E116/><V57/><F122/><W21/><G118/><T128/><D117/><U99/><E133/><V69/><F35/><W27/><G114/><T92/><D28/><U66/><E125/><V123/><F129/><W135/><G110/><T43/><D113/><U36/><E66/><V95/><F111/><W63/><G135/><T17/><D75/><U53/><E4/><V55/><F123/><W34/><G121/><T81/><REACH who="0" step="1"/><D126/><REACH who="0" ten="240,250,250,250" step="2"/><U52/><E33/><V56/><F124/><W132/><G34/><T58/><D58/><U83/><E107/><V15/><F69/><W39/><G74/><T108/><D108/><U104/><E106/><V82/><F30/><W10/><G132/><T44/><AGARI ba="0,1" hai="17,19,43,44,49,79,81,87,90,92,96,128,130,131" machi="44" ten="40,7800,0" yaku="1,1,0,1,19,1,53,0" doraHai="7" doraHaiUra="2" who="0" fromWho="0" sc="240,88,250,-26,250,-26,250,-26" /><INIT seed="0,1,0,5,5,88" ten="328,224,224,224" oya="0" hai0="39,110,71,135,63,120,86,14,109,128,84,22,33" hai1="8,42,67,79,116,121,2,130,44,103,13,106,35" hai2="1,30,36,64,113,124,21,132,29,66,104,133,78" hai3="57,94,61,55,122,10,114,25,20,6,107,68,58"/><T62/><D33/><U26/><E121/><V32/><F113/><W70/><G107/><T4/><D120/><U101/><E116/><V19/><F32/><W69/><G114/><T9/><D39/><U28/><E2/><V85/><F1/><W56/><G122/><T38/><D38/><U47/><E130/><V75/><F36/><W118/><G118/><T99/><D128/><U18/><E106/><V95/><F75/><W53/><G94/><T125/><D125/><U126/><E126/><V51/><F104/><W17/><REACH who="3" step="1"/><G61/><REACH who="3" ten="328,224,224,214" step="2"/><T45/><D62/><U11/><E103/><V3/><F124/><W7/><G7/><T48/><D63/><U105/><E101/><V73/><F95/><W27/><G27/><T112/><D112/><U93/><E93/><V46/><F132/><W97/><G97/><T129/><D99/><U77/><E105/><V76/><F133/><W54/><G54/><N who="0" m="29967" /><D135/><U74/><E26/><V90/><F66/><W0/><AGARI ba="1,1" hai="0,6,10,17,20,25,53,55,56,57,58,68,69,70" machi="0" ten="40,2700,0" yaku="1,1,0,1,53,0" doraHai="88" doraHaiUra="115" who="3" fromWho="3" sc="328,-14,224,-8,224,-8,214,40" /><INIT seed="1,0,0,1,4,94" ten="314,216,216,254" oya="1" hai0="35,97,108,109,46,59,95,18,72,106,122,8,117" hai1="27,41,66,57,55,48,85,107,129,133,50,61,74" hai2="120,135,10,77,12,81,45,112,51,90,40,44,101" hai3="15,69,87,30,33,62,128,58,23,68,43,102,11"/><U47/><E74/><V121/><F135/><W22/><G128/><T130/><D35/><U2/><E133/><V17/><F112/><W73/><G73/><T70/><D70/><U38/><E129/><V20/><F101/><W21/><G43/><T92/><D130/><U1/><E107/><V32/><F32/><W91/><G102/><N who="0" m="62799" /><D72/><U67/><E27/><V0/><F90/><W134/><G134/><T56/><D117/><U3/><REACH who="1" step="1"/><E85/><REACH who="1" ten="314,206,216,254" step="2"/><V118/><F120/><W111/><G87/><T63/><D122/><U26/><E26/><V65/><F121/><W131/><G131/><T42/><D109/><U76/><E76/><V79/><F118/><W60/><G111/><T125/><D108/><U126/><E126/><V119/><F79/><W25/><G25/><T89/><D125/><U115/><E115/><V37/><F119/><W54/><G33/><T9/><D89/><U5/><E5/><V113/><F77/><W6/><G91/><T13/><D95/><U93/><E93/><V7/><F81/><W36/><G30/><T29/><D29/><U19/><E19/><V104/><F104/><W132/><G132/><T52/><D92/><U103/><E103/><V82/><F113/><W116/><G116/><T88/><D88/><U84/><E84/><V114/><F82/><W16/><G6/><T24/><D24/><U31/><E31/><V96/><F114/><W78/><G78/><T99/><D99/><U53/><E53/><N who="2" m="29927" /><F96/><W127/><G127/><T64/><D18/><U75/><E75/><V28/><F28/><W86/><G86/><T34/><D34/><RYUUKYOKU ba="0,1" sc="314,-15,206,15,216,15,254,-15" hai1="1,2,3,38,41,47,48,50,55,57,61,66,67" hai2="0,7,10,12,17,20,37,40,45,65" /><INIT seed="1,1,1,5,0,41" ten="299,221,231,239" oya="1" hai0="40,84,95,109,5,65,58,113,54,102,70,45,97" hai1="34,130,63,36,53,131,120,107,122,37,127,93,87" hai2="134,73,12,28,42,86,51,17,22,111,9,24,76" hai3="94,74,1,7,13,38,83,25,96,92,75,16,105"/><U72/><E107/><V89/><F134/><W114/><G114/><T64/><D113/><U133/><E72/><V81/><F111/><W78/><G74/><T27/><D109/><U79/><E34/><V90/><REACH who="2" step="1"/><F73/><REACH who="2" ten="299,221,221,239" step="2"/><W33/><G75/><T49/><D70/><U6/><E133/><V112/><F112/><W125/><G125/><T29/><D5/><U116/><E6/><V61/><F61/><W69/><G69/><T88/><D29/><U124/><E63/><V14/><F14/><W103/><G7/><T50/><REACH who="0" step="1"/><D27/><REACH who="0" ten="289,221,221,239" step="2"/><U15/><E124/><V48/><F48/><W132/><G132/><T117/><D117/><U129/><E116/><V68/><F68/><W32/><G25/><T126/><D126/><U71/><E127/><V80/><F80/><AGARI ba="1,3" hai="40,45,49,50,54,58,64,65,80,84,88,95,97,102" machi="80" ten="30,8000,1" yaku="1,1,7,1,8,1,52,1,54,1,53,0" doraHai="41" doraHaiUra="30" who="0" fromWho="2" sc="289,113,221,0,221,-83,239,0" /><INIT seed="2,0,0,2,2,121" ten="402,221,138,239" oya="2" hai0="71,51,60,124,120,48,24,22,65,7,40,133,67" hai1="92,43,33,72,79,58,128,69,62,63,103,99,116" hai2="80,6,111,38,102,100,90,117,129,14,132,19,3" hai3="4,118,56,126,23,46,119,131,135,59,35,49,27"/><V96/><F117/><W95/><G35/><T54/><D120/><U101/><E116/><V81/><F38/><W106/><G106/><T64/><D133/><U66/><E128/><V98/><F129/><W104/><G104/><T74/><D74/><U12/><E33/><V76/><F3/><W26/><G131/><T89/><D124/><U108/><E103/><N who="2" m="39467" /><F6/><W13/><G95/><T70/><D70/><U44/><E79/><V73/><F19/><W113/><G4/><T78/><D78/><U20/><E72/><N who="2" m="43015" /><F14/><W36/><G13/><T50/><D89/><U10/><E20/><V127/><F127/><W123/><G36/><T16/><D40/><U39/><E63/><V91/><F132/><W29/><G135/><T57/><REACH who="0" step="1"/><D7/><REACH who="0" ten="392,221,138,239" step="2"/><U31/><E69/><V105/><F105/><W41/><G126/><T9/><D9/><U125/><E125/><V88/><F111/><W32/><G123/><T47/><D47/><U2/><E108/><V42/><F42/><W52/><G119/><T130/><D130/><U45/><E45/><V61/><F61/><W85/><G118/><T11/><D11/><U0/><E31/><V93/><F98/><W94/><G41/><T53/><D53/><U5/><AGARI ba="0,1" hai="0,2,5,10,12,39,43,44,58,62,66,92,99,101" machi="5" ten="20,1500,0" yaku="0,1,7,1" doraHai="121" who="1" fromWho="1" sc="392,-4,221,25,138,-7,239,-4" /><INIT seed="3,0,0,3,1,44" ten="388,246,131,235" oya="3" hai0="83,42,68,133,16,38,128,6,73,82,111,46,127" hai1="75,4,26,129,35,29,77,2,45,20,5,100,1" hai2="116,28,52,131,51,63,121,71,3,90,61,115,14" hai3="57,135,122,31,48,124,94,15,50,123,47,97,59"/><W36/><G36/><T134/><D68/><U110/><E100/><V85/><F3/><N who="1" m="1033" /><E45/><V62/><F116/><W79/><G135/><N who="0" m="51723" /><D6/><N who="1" m="2667" /><E77/><V30/><F131/><W76/><G124/><T108/><D128/><U88/><E88/><V65/><F115/><W89/><G31/><N who="2" m="11817" /><F121/><W11/><G123/><T58/><D127/><U37/><E75/><V40/><F71/><W23/><G23/><T84/><D73/><U113/><E37/><V114/><F114/><W10/><G122/><T32/><D32/><U27/><E129/><V95/><F14/><W0/><G0/><T56/><D82/><U66/><E66/><V53/><F65/><W105/><G105/><T87/><D87/><U112/><E110/><N who="0" m="42025" /><D84/><U43/><E43/><V118/><F118/><W96/><G15/><T60/><D83/><U70/><E70/><V67/><F67/><W101/><G101/><T80/><D80/><U91/><E91/><V130/><F130/><W86/><G89/><T119/><D119/><U49/><E35/><V107/><F107/><W81/><G86/><T54/><D58/><U39/><E39/><V74/><F74/><W104/><G81/><T24/><D60/><N who="2" m="15362" /><V125/><DORA hai="72" /><F125/><W17/><G104/><T8/><D56/><U69/><E69/><V19/><F19/><W33/><G17/><T117/><D117/><U126/><E126/><V18/><F18/><W109/><G109/><T25/><D54/><N who="2" m="21098" /><F40/><W93/><G33/><T21/><D42/><U103/><E113/><V22/><F22/><W7/><G7/><T98/><D21/><U55/><E112/><V132/><F132/><RYUUKYOKU ba="0,0" sc="388,-15,246,-15,131,15,235,15" hai2="51,85,90,95" hai3="10,11,47,48,50,57,59,76,79,93,94,96,97" /><INIT seed="3,1,0,1,5,72" ten="373,231,146,250" oya="3" hai0="82,43,100,88,12,34,130,79,54,8,46,48,102" hai1="127,97,75,67,29,1,98,80,112,10,119,87,104" hai2="76,61,121,135,93,84,47,81,64,42,52,30,41" hai3="92,28,91,78,70,19,9,62,108,45,23,63,7"/><W118/><G118/><T120/><D34/><U27/><E75/><V32/><F135/><W35/><G108/><T116/><D120/><U26/><E112/><V90/><F121/><W107/><G107/><T57/><D130/><U113/><E113/><V11/><F11/><W95/><G70/><T17/><D116/><U133/><E119/><V3/><F3/><W125/><G125/><T103/><D88/><U53/><E133/><V36/><F32/><W73/><G28/><T15/><D15/><U38/><E127/><V117/><F30/><W126/><G35/><T101/><D101/><U51/><E67/><V122/><F117/><W71/><G71/><T110/><D110/><U115/><E38/><V65/><F122/><W99/><G45/><T55/><REACH who="0" step="1"/><D57/><REACH who="0" ten="363,231,146,250" step="2"/><U37/><E115/><V123/><F123/><W129/><G129/><T49/><D49/><U59/><E51/><N who="2" m="28799" /><F36/><W40/><G126/><T131/><D131/><U74/><E37/><V85/><F61/><W56/><G63/><T124/><D124/><U4/><E1/><V89/><F89/><W134/><G134/><T50/><D50/><U14/><E59/><V16/><F64/><W31/><G62/><T106/><D106/><U33/><E104/><V25/><F65/><W68/><G68/><T5/><D5/><U94/><E4/><V128/><F128/><W13/><G56/><T132/><D132/><U109/><E33/><V105/><F105/><W69/><G69/><T0/><D0/><U24/><E109/><V66/><F66/><W39/><G39/><T83/><D83/><U20/><E80/><RYUUKYOKU ba="1,1" sc="363,15,231,-15,146,15,250,-15" hai0="8,12,17,43,46,48,54,55,79,82,100,102,103" hai2="16,25,41,42,76,81,84,85,90,93" /><INIT seed="4,2,1,1,4,6" ten="378,216,161,235" oya="0" hai0="135,70,117,81,0,130,1,65,39,54,14,101,75" hai1="104,107,51,38,56,112,98,9,5,64,58,90,103" hai2="61,49,84,73,71,19,21,43,131,121,45,46,82" hai3="13,32,99,69,95,24,78,134,77,36,86,80,93"/><T3/><D117/><U67/><E38/><V35/><F131/><W4/><G69/><T33/><D54/><U29/><E112/><V116/><F116/><W76/><G36/><T62/><D14/><U115/><E115/><V83/><F121/><W15/><G134/><T47/><D101/><U100/><E90/><V102/><F102/><N who="3" m="60783" /><G32/><T57/><D57/><U120/><E29/><V96/><F35/><W128/><G128/><T42/><D130/><U94/><E120/><V52/><F96/><W50/><G95/><T16/><D135/><U40/><E40/><V10/><F73/><W133/><G133/><T118/><D118/><U44/><E44/><V123/><F82/><W109/><G109/><T113/><D113/><U97/><E94/><V119/><F119/><W92/><G92/><T125/><D125/><U132/><E132/><V22/><F123/><W25/><G50/><T129/><D129/><U85/><E85/><V126/><F71/><W63/><G63/><T17/><REACH who="0" step="1"/><D33/><REACH who="0" ten="368,216,161,235" step="2"/><U26/><E100/><V41/><F126/><W88/><G15/><T110/><D110/><U37/><E103/><V31/><F43/><W27/><G13/><T48/><D48/><U114/><E51/><N who="2" m="28783" /><F61/><W91/><G4/><T11/><D11/><U127/><E127/><V79/><F10/><W66/><G66/><T7/><D7/><U2/><E114/><V105/><F21/><W60/><G60/><T108/><D108/><U28/><E9/><V20/><F20/><W122/><G122/><T55/><D55/><U18/><E5/><V8/><F8/><W34/><G34/><RYUUKYOKU ba="2,2" sc="368,15,216,-15,161,-15,235,15" hai0="0,1,3,16,17,39,42,47,62,65,70,75,81" hai3="24,25,27,76,77,78,80,86,88,91" /><INIT seed="4,3,2,2,0,58" ten="383,201,146,250" oya="0" hai0="96,121,102,57,6,24,82,94,123,113,90,106,0" hai1="26,53,67,124,14,59,9,47,33,85,118,126,86" hai2="116,65,43,92,27,119,25,55,127,132,2,114,117" hai3="128,1,15,112,56,71,49,41,61,110,97,108,50"/><T78/><D0/><U104/><E118/><N who="2" m="30211" /><V28/><DORA hai="62" /><F2/><W45/><G1/><T31/><D6/><U51/><E104/><V88/><F114/><W18/><G112/><T34/><D113/><U16/><E26/><V36/><F36/><W66/><G128/><T75/><REACH who="0" step="1"/><D57/><REACH who="0" ten="373,201,146,250" step="2"/><U11/><E124/><V70/><F127/><W129/><G129/><T68/><D68/><U74/><E126/><V81/><F132/><W19/><G71/><T37/><D37/><U120/><E59/><V29/><F70/><W63/><G56/><T13/><D13/><U98/><E14/><V30/><F27/><W105/><G15/><T69/><D69/><U131/><E131/><V72/><F25/><W83/><G110/><T111/><D111/><U130/><E130/><V99/><F30/><W87/><G108/><T73/><D73/><U103/><E74/><V54/><F29/><W3/><G3/><T91/><D91/><U76/><E120/><V80/><F28/><W40/><G18/><T77/><D77/><U7/><E76/><V22/><F72/><W5/><G19/><T38/><D38/><U101/><E16/><V23/><F88/><W52/><G5/><T21/><D21/><U44/><E7/><V122/><F23/><W42/><G42/><T133/><D133/><U93/><E9/><V134/><F43/><W4/><G40/><T64/><D64/><U17/><E11/><V20/><F65/><W48/><G66/><T8/><D8/><U125/><E67/><V135/><F135/><W89/><G4/><T115/><D115/><U35/><E125/><RYUUKYOKU ba="3,3" sc="373,30,201,-10,146,-10,250,-10" hai0="24,31,34,75,78,82,90,94,96,102,106,121,123" /><INIT seed="4,4,3,3,5,9" ten="403,191,136,240" oya="0" hai0="103,69,14,109,25,46,110,50,130,57,134,41,75" hai1="40,95,4,32,48,80,125,135,116,31,37,98,86" hai2="126,0,35,47,1,7,76,63,78,3,101,123,20" hai3="97,118,29,49,2,60,56,128,12,112,107,51,59"/><T10/><D69/><U34/><E116/><V38/><F35/><W21/><G2/><T119/><D119/><U23/><E37/><V11/><F126/><W18/><G118/><T83/><D134/><U115/><E125/><V117/><F117/><W99/><G107/><T42/><D130/><U73/><E73/><V79/><F123/><W5/><G128/><T13/><D103/><U106/><E106/><V6/><F101/><W19/><G5/><T24/><D41/><U39/><E39/><V93/><F93/><W71/><G71/><T91/><D57/><U58/><E4/><V77/><N who="2" m="19968" /><DORA hai="53" /><V100/><F100/><W88/><G29/><T92/><D83/><U55/><E40/><V64/><F20/><N who="3" m="11335" /><G112/><T96/><D14/><U28/><E135/><V121/><F11/><W102/><G102/><T70/><D70/><U68/><E68/><V15/><F121/><W74/><G74/><T72/><D72/><U132/><E132/><V67/><F7/><W127/><G127/><T45/><D75/><U44/><E115/><V94/><F94/><N who="3" m="56519" /><G99/><T36/><D110/><U85/><E98/><V26/><F26/><N who="3" m="14655" /><G59/><T62/><D109/><U122/><E122/><V65/><F38/><W120/><G120/><T52/><D62/><U105/><E105/><V113/><F113/><W61/><G61/><T108/><D108/><U17/><E32/><V27/><F27/><W104/><G104/><T22/><D22/><U114/><E34/><V133/><F133/><W129/><G129/><T84/><D96/><U43/><E114/><V131/><F131/><W30/><G30/><RYUUKYOKU ba="4,3" sc="403,15,191,-15,136,-15,240,15" hai0="10,13,24,25,36,42,45,46,50,52,84,91,92" hai3="49,51,56,60" /><INIT seed="4,5,3,3,5,62" ten="418,176,121,255" oya="0" hai0="21,49,36,37,38,78,90,117,65,98,53,10,97" hai1="76,77,59,112,55,2,92,64,31,43,69,14,73" hai2="110,83,104,74,68,111,45,79,107,122,39,134,71" hai3="75,58,114,18,17,34,120,26,126,103,95,85,44"/><T30/><D117/><U84/><E2/><V118/><F122/><W20/><G75/><T102/><D78/><U3/><E3/><V47/><F47/><W89/><G120/><T108/><D65/><U121/><E121/><V23/><F23/><W4/><G34/><T87/><D108/><N who="2" m="41514" /><F134/><W61/><G126/><T109/><D109/><U100/><E73/><V54/><F54/><W72/><G72/><T94/><D97/><U33/><E43/><N who="2" m="22783" /><F118/><W8/><G114/><T27/><D10/><U0/><E0/><V96/><F96/><W132/><G132/><T63/><D63/><U41/><E41/><V22/><F22/><W51/><G103/><T16/><D30/><U7/><E31/><V130/><F130/><W46/><G51/><T125/><D125/><U9/><E33/><V135/><F135/><W128/><G18/><T124/><D124/><U80/><E112/><V29/><F29/><W56/><G56/><T113/><D113/><U133/><E133/><V106/><AGARI ba="5,3" hai="68,71,74,79,83,104,106,107" m="22783,41514" machi="106" ten="40,1500,0" yaku="23,1" doraHai="62" who="2" fromWho="2" sc="418,-12,176,-9,121,60,255,-9" /><INIT seed="5,0,0,4,0,11" ten="406,167,181,246" oya="1" hai0="118,99,111,20,35,17,51,90,83,122,76,128,29" hai1="18,110,40,97,61,75,88,105,2,9,39,71,103" hai2="101,87,94,126,15,7,41,26,73,127,57,50,22" hai3="38,64,12,82,16,42,66,56,130,36,67,30,44"/><U86/><E75/><V107/><F73/><W14/><G130/><T53/><D122/><U117/><E117/><V23/><F107/><W93/><G38/><T65/><D111/><U81/><E110/><V125/><F26/><W52/><G30/><T112/><D118/><U63/><E71/><V121/><F121/><W116/><G116/><T54/><D65/><U46/><REACH who="1" step="1"/><E2/><REACH who="1" ten="406,157,181,246" step="2"/><V132/><F132/><W104/><G104/><T43/><D128/><U119/><E119/><V131/><F131/><W25/><G82/><T79/><D83/><U114/><E114/><V134/><F134/><W80/><G80/><T78/><D112/><U28/><E28/><V108/><F108/><W98/><G93/><T70/><D70/><U8/><E8/><N who="2" m="4511" /><F101/><W55/><G98/><T5/><D99/><U24/><E24/><V19/><F94/><W72/><G72/><T69/><D69/><U91/><E91/><V48/><F87/><W115/><G115/><T84/><D84/><U13/><AGARI ba="0,1" hai="9,13,18,39,40,46,61,63,81,86,88,97,103,105" machi="13" ten="30,11700,0" yaku="1,1,0,1,52,1,54,1,53,0" doraHai="11" doraHaiUra="113" who="1" fromWho="1" sc="406,-39,157,127,181,-39,246,-39" /><INIT seed="5,1,0,4,1,52" ten="367,284,142,207" oya="1" hai0="71,3,124,92,127,12,51,85,19,111,14,50,37" hai1="30,135,134,25,53,98,123,131,132,96,44,28,48" hai2="33,105,60,64,79,24,70,101,122,68,6,41,66" hai3="36,117,100,15,31,62,130,43,73,18,5,118,35"/><U63/><E123/><V9/><F122/><W46/><G73/><T103/><D37/><U47/><E131/><V54/><F79/><W90/><G5/><T13/><D3/><U27/><E47/><V87/><F54/><W32/><G100/><T119/><D71/><U115/><E115/><V97/><F87/><W129/><G90/><N who="0" m="53327" /><D111/><U23/><REACH who="1" step="1"/><E63/><REACH who="1" ten="367,274,142,207" step="2"/><V116/><F41/><W75/><G130/><T67/><D124/><U77/><E77/><V108/><F108/><W78/><G129/><T125/><D125/><U39/><E39/><V88/><F116/><W112/><G62/><T2/><D119/><U99/><E99/><V107/><F66/><W95/><G112/><T7/><D127/><U65/><E65/><V104/><F68/><W45/><G45/><T93/><D67/><U91/><E91/><V42/><F88/><W84/><G46/><T86/><D51/><U49/><E49/><V102/><F42/><W56/><G43/><T21/><D50/><U106/><E106/><V1/><REACH who="2" step="1"/><F102/><REACH who="2" ten="367,274,132,207" step="2"/><W110/><G118/><T8/><D103/><U113/><E113/><V72/><F72/><W59/><G117/><T94/><D86/><U4/><E4/><V82/><F82/><W26/><G110/><T81/><D81/><U11/><E11/><V109/><F109/><W0/><G75/><T74/><D74/><U22/><AGARI ba="1,2" hai="22,23,25,27,28,30,44,48,53,96,98,132,134,135" machi="22" ten="30,11700,0" yaku="1,1,0,1,9,1,20,1,53,0" doraHai="52" doraHaiUra="61" who="1" fromWho="1" sc="367,-40,274,140,132,-40,207,-40" /><INIT seed="5,2,0,4,4,112" ten="327,414,92,167" oya="1" hai0="71,98,8,132,75,15,115,27,135,58,24,95,97" hai1="117,124,37,2,104,66,100,92,87,40,44,52,17" hai2="33,108,47,101,42,130,4,128,20,10,79,119,113" hai3="28,86,105,114,61,78,60,12,48,82,84,109,103"/><U51/><E117/><V22/><F108/><W39/><G39/><T9/><D71/><U120/><E120/><V49/><F33/><W34/><G109/><T91/><D75/><U19/><E124/><V88/><F101/><W43/><G114/><T106/><D115/><U62/><E2/><V134/><F79/><W6/><G34/><T72/><D72/><U126/><E104/><V0/><F113/><W81/><G28/><T85/><D8/><U131/><E131/><V127/><F127/><W23/><G103/><N who="0" m="62831" /><D98/><U65/><E126/><V7/><F7/><W125/><G105/><T96/><D96/><U129/><E129/><N who="2" m="49771" /><F134/><N who="0" m="51242" /><D58/><N who="1" m="33055" /><E65/><V55/><F119/><W16/><G6/><AGARI ba="2,0" hai="6,9,15,24,27,85,91,95" m="51242,62831" machi="6" ten="30,1000,0" yaku="20,1" doraHai="112" who="0" fromWho="3" sc="327,16,414,0,92,0,167,-16" /><INIT seed="6,0,0,4,4,37" ten="343,414,92,151" oya="2" hai0="123,42,59,27,131,110,119,5,49,81,127,104,83" hai1="70,28,126,132,90,25,40,77,54,135,33,39,116" hai2="53,50,95,87,30,96,6,12,112,26,76,3,63" hai3="51,128,57,106,61,47,68,79,60,66,10,94,11"/><V65/><F112/><W67/><G106/><T107/><D110/><U7/><E116/><V84/><F3/><W29/><G128/><T125/><D123/><U93/><E126/><V92/><F12/><W130/><G130/><T89/><D131/><U52/><E70/><V88/><F6/><W97/><G29/><T13/><D27/><U32/><E32/><V74/><F74/><W19/><G19/><T9/><D119/><U15/><E77/><V72/><F72/><W22/><G22/><T71/><D71/><U46/><E15/><V75/><F75/><W101/><REACH who="3" step="1"/><G79/><REACH who="3" ten="343,414,92,141" step="2"/><T80/><D104/><U23/><E23/><V134/><F134/><N who="1" m="51241" /><E7/><V114/><F114/><W38/><G38/><T1/><D107/><U16/><E16/><V117/><F117/><W55/><AGARI ba="0,1" hai="10,11,47,51,55,57,60,61,66,67,68,94,97,101" machi="55" ten="20,2700,0" yaku="1,1,0,1,7,1,53,0" doraHai="37" doraHaiUra="20" who="3" fromWho="3" sc="343,-7,414,-7,92,-13,141,37" /><INIT seed="7,0,0,5,2,58" ten="336,407,79,178" oya="3" hai0="52,71,132,32,133,106,56,130,74,54,119,73,120" hai1="19,109,38,118,21,121,4,5,35,96,17,3,31" hai2="64,13,90,93,89,22,59,18,100,91,131,8,26" hai3="34,72,57,95,87,37,114,16,9,24,23,28,20"/><W103/><G72/><T92/><D32/><U11/><E38/><V42/><F131/><W53/><G37/><T55/><D106/><U78/><E109/><V46/><F42/><W124/><G114/><T36/><D92/><U69/><E69/><V0/><F46/><W134/><G134/><N who="0" m="51819" /><D73/><U77/><E96/><V1/><F0/><W112/><G112/><T15/><D15/><N who="1" m="9471" /><E121/><V79/><F1/><W10/><G34/><T111/><D74/><U81/><E118/><V94/><F79/><W47/><G47/><T102/><D102/><U70/><E5/><V48/><F48/><W6/><G6/><T12/><D12/><U115/><E115/><V125/><F125/><W107/><G107/><T117/><D111/><U68/><E17/><V110/><F110/><W104/><G104/><T113/><D113/><U60/><E68/><V83/><F83/><W33/><G33/><T97/><D97/><U84/><E81/><V88/><N who="2" m="23040" /><DORA hai="45" /><V14/><F100/><W44/><G87/><T127/><D130/><U2/><E2/><V41/><F41/><W129/><G44/><T67/><D36/><U75/><E75/><V86/><F86/><W50/><G129/><T29/><D120/><U85/><E84/><V49/><F49/><W99/><G124/><T25/><D127/><U126/><E85/><V128/><F128/><W135/><G135/><T30/><D119/><U51/><E126/><V66/><F66/><W101/><G101/><T108/><D117/><U98/><E3/><V76/><F76/><W80/><G103/><T122/><D108/><U61/><E77/><RYUUKYOKU ba="0,0" sc="336,0,407,0,79,0,178,0" owari="336,14.0,407,50.0,79,-42.0,178,-22.0" /></mjloggm>