<mjloggm ver="2.3"><GO type="169" lobby="0"/><UN n0="%65%69%6B%31" n1="%E5%8D%81%E4%B8%89%E4%BB%A3%E7%9B%AE%E6%AC%A1%E5%85%83%E5%A4%A7%E4%BB%8B" n2="%E4%B8%80%E9%96%83%E3%81%95%E3%82%93" n3="%E3%83%88%E3%83%88%E3%83%AA%E5%85%88%E7%94%9F%31%39%E6%AD%B3" dan="17,16,16,19" rate="2150.44,2173.04,2046.35,2259.83" sx="M,M,M,F"/><TAIKYOKU oya="0"/><INIT seed="0,0,0,3,3,117" ten="250,250,250,250" oya="0" hai0="116,130,82,62,107,97,90,86,79,96,132,66,12" hai1="43,33,83,134,53,51,7,44,48,77,52,71,41" hai2="91,10,54,26,35,64,20,81,70,73,72,126,118" hai3="29,32,95,113,103,124,65,74,69,37,39,2,3"/><T123/><D116/><U63/><E134/><V109/><F35/><W108/><G95/><T28/><D132/><U75/><E33/><V112/><F118/><W85/><G85/><T42/><D130/><U68/><E7/><V128/><F112/><W58/><G58/><T21/><D123/><U49/><E49/><V106/><F106/><W45/><G103/><T114/><D114/><U104/><E104/><V24/><F128/><W102/><G102/><T17/><D107/><U19/><E19/><V129/><F129/><W92/><G92/><T50/><D28/><U67/><REACH who="1" step="1"/><E71/><REACH who="1" ten="250,240,250,250" step="2"/><V1/><F70/><W93/><G69/><T16/><D17/><U87/><E87/><V80/><F73/><W131/><G32/><T6/><D6/><U59/><AGARI ba="0,1" hai="41,43,44,48,51,52,53,59,63,67,68,75,77,83" machi="59" ten="20,5200,0" yaku="1,1,0,1,7,1,54,1,53,0" doraHai="117" doraHaiUra="121" who="1" fromWho="1" sc="250,-26,240,62,250,-13,250,-13" /><INIT seed="1,0,0,2,2,92" ten="224,302,237,237" oya="1" hai0="13,31,120,23,15,46,42,135,33,7,76,106,63" hai1="105,104,91,101,6,35,34,16,1,25,40,48,86" hai2="67,74,8,28,78,113,5,129,11,128,93,89,29" hai3="133,21,96,20,24,117,125,115,108,14,39,9,58"/><U27/><E1/><V54/><F67/><W4/><G115/><T119/><D119/><U109/><E6/><V2/><F113/><W100/><G39/><T126/><D106/><U124/><E124/><V69/><F69/><W98/><G125/><T19/><D126/><U43/><E109/><V62/><F11/><W107/><G108/><T132/><D120/><U88/><E86/><V111/><F111/><W84/><G117/><T77/><D63/><U57/><E57/><N who="2" m="35127" /><F78/><W79/><G133/><N who="0" m="51275" /><D31/><U134/><E134/><V122/><F74/><W26/><G58/><T75/><D33/><U95/><E95/><V32/><F32/><W53/><G53/><T47/><D75/><U56/><E56/><V59/><F59/><W103/><G84/><T41/><D15/><U50/><REACH who="1" step="1"/><E101/><REACH who="1" ten="224,292,237,237" step="2"/><V44/><F122/><W55/><G103/><T131/><D7/><U12/><E12/><V61/><F44/><W80/><G100/><T90/><D90/><U60/><E60/><V36/><F61/><W97/><G14/><T37/><D131/><U38/><E38/><AGARI ba="0,1" hai="13,19,23,37,38,41,42,46,47,76,77" m="51275" machi="38" ten="30,1000,0" yaku="20,1" doraHai="92" who="0" fromWho="1" sc="224,20,292,-10,237,0,237,0" /><INIT seed="2,0,0,3,0,18" ten="244,282,237,237" oya="2" hai0="63,29,37,48,55,115,28,33,0,126,20,83,132" hai1="105,24,86,15,97,102,81,47,43,42,71,116,31" hai2="1,41,45,25,50,95,21,108,17,12,84,58,62" hai3="101,68,40,98,104,129,2,7,10,91,117,79,4"/><V90/><F108/><W76/><G117/><T5/><D37/><U22/><E116/><V89/><F1/><W122/><G122/><T120/><D120/><U123/><E123/><V88/><REACH who="2" step="1"/><F12/><REACH who="2" ten="244,282,227,237" step="2"/><W46/><G129/><T73/><D0/><U39/><E15/><V74/><F74/><W92/><G68/><T130/><D73/><U127/><E71/><V53/><AGARI ba="0,1" hai="17,21,25,41,45,50,53,58,62,84,88,89,90,95" machi="53" ten="20,18000,2" yaku="1,1,0,1,7,1,8,1,52,1,54,1,53,0" doraHai="18" doraHaiUra="27" who="2" fromWho="2" sc="244,-60,282,-60,227,190,237,-60" /><INIT seed="2,1,0,4,1,123" ten="184,222,417,177" oya="2" hai0="92,4,2,133,33,115,30,113,17,98,130,109,55" hai1="41,79,31,16,95,0,42,93,119,75,112,87,35" hai2="110,20,50,29,68,74,135,85,77,19,91,67,40" hai3="108,49,82,39,64,61,47,32,23,89,7,73,21"/><V70/><F29/><W116/><G116/><T101/><D133/><U121/><E112/><V53/><F40/><W15/><G32/><T69/><D69/><U114/><E114/><V48/><F135/><W80/><G39/><T84/><D130/><U27/><E119/><V104/><F104/><W51/><G73/><T12/><D109/><U131/><E131/><V38/><F38/><W34/><G34/><T54/><D84/><U3/><E75/><V111/><F67/><W8/><G108/><N who="2" m="41513" /><F77/><W28/><G51/><N who="2" m="19497" /><F53/><W36/><G36/><T105/><D105/><U45/><E79/><V10/><F10/><W18/><G28/><T46/><D55/><U126/><E42/><V76/><F76/><W52/><G23/><N who="0" m="11687" /><D54/><U56/><E41/><V132/><F74/><W66/><G66/><T26/><D46/><U11/><E45/><V117/><F117/><W78/><G78/><T37/><D37/><U5/><E31/><V24/><F132/><W22/><G22/><T57/><D115/><U134/><E35/><V1/><F1/><W96/><G61/><T58/><D113/><U71/><E0/><V129/><F129/><W81/><G64/><T63/><D63/><U106/><E3/><V13/><F13/><W65/><G65/><T72/><D72/><U43/><E43/><V128/><F128/><W59/><G59/><T127/><D58/><U94/><E56/><V125/><F125/><W118/><G118/><T97/><D127/><U103/><E126/><V107/><F107/><W14/><G47/><T44/><D44/><U83/><E134/><V120/><F120/><RYUUKYOKU ba="1,0" sc="184,-10,222,-10,417,30,177,-10" hai2="19,20,24,68,70,85,91" /><INIT seed="2,2,0,1,1,95" ten="174,212,447,167" oya="2" hai0="5,10,52,25,72,108,70,99,112,73,46,83,134" hai1="18,2,69,48,110,79,98,105,29,11,101,0,75" hai2="53,41,62,120,50,89,97,38,47,91,121,76,59" hai3="94,56,6,118,49,3,109,133,34,113,130,30,86"/><V64/><F76/><W24/><G118/><T26/><D112/><U22/><E69/><V93/><REACH who="2" step="1"/><F91/><REACH who="2" ten="174,212,437,167" step="2"/><W104/><G113/><T7/><D134/><U119/><E79/><V131/><F131/><W122/><G130/><T111/><D108/><U127/><E110/><V87/><F87/><W80/><G86/><T116/><D111/><U92/><E119/><V123/><F123/><W33/><G109/><T8/><D116/><U12/><E75/><V65/><F65/><W57/><G122/><T88/><D88/><U4/><E127/><V54/><F54/><W96/><G133/><T126/><D52/><U36/><E2/><V128/><F128/><W14/><G3/><T40/><D126/><U114/><E0/><V68/><AGARI ba="2,1" hai="38,41,47,50,53,59,62,64,68,89,93,97,120,121" machi="68" ten="20,18000,2" yaku="1,1,0,1,7,1,24,2,52,1,53,0" doraHai="95" doraHaiUra="21" who="2" fromWho="2" sc="174,-62,212,-62,437,196,167,-62" /><INIT seed="2,3,0,1,4,134" ten="112,150,633,105" oya="2" hai0="6,49,21,39,32,37,66,26,135,15,122,42,51" hai1="77,132,86,68,114,109,85,53,18,79,56,23,120" hai2="59,67,93,41,31,89,113,57,103,0,110,24,108" hai3="58,28,36,106,111,92,48,1,70,97,13,101,11"/><V117/><F117/><W34/><G70/><T105/><D122/><U5/><E109/><N who="2" m="42091" /><F0/><W25/><G111/><T47/><D105/><U124/><E114/><V78/><F113/><W76/><G36/><T9/><D135/><U125/><E68/><V71/><F103/><W73/><G1/><T14/><D66/><U16/><E5/><V75/><F41/><W60/><G48/><T65/><D65/><U61/><E132/><V55/><F55/><W50/><G50/><T30/><D39/><U8/><E8/><V33/><F78/><N who="1" m="29705" /><E120/><V90/><F75/><W130/><G130/><T63/><D63/><U19/><E23/><V119/><F119/><W91/><G76/><T27/><REACH who="0" step="1"/><D15/><REACH who="0" ten="102,150,633,105" step="2"/><U96/><E96/><N who="2" m="57391" /><F90/><W52/><G73/><T104/><D104/><U10/><E10/><V62/><AGARI ba="3,1" hai="24,31,33,57,59,62,67,71" m="57391,42091" machi="62" ten="30,3000,0" yaku="14,1,10,1" doraHai="134" who="2" fromWho="2" sc="102,-13,150,-13,633,49,105,-13" /><INIT seed="2,4,0,4,4,28" ten="89,137,682,92" oya="2" hai0="69,19,25,55,122,123,61,116,14,104,51,108,75" hai1="110,103,11,135,15,85,48,95,124,43,130,22,20" hai2="70,79,1,10,78,47,38,41,82,17,67,13,94" hai3="107,86,36,32,57,54,64,98,35,96,52,46,88"/><V49/><F1/><W81/><G64/><T71/><D75/><U37/><E110/><V114/><F114/><W66/><G66/><T59/><D104/><U134/><E37/><V72/><F79/><W119/><G119/><T9/><D108/><U115/><E115/><V40/><F40/><W101/><G98/><T112/><D112/><U91/><E124/><V63/><REACH who="2" step="1"/><F94/><REACH who="2" ten="89,137,672,92" step="2"/><W100/><G36/><AGARI ba="4,1" hai="10,13,17,36,38,41,47,49,63,67,70,72,78,82" machi="36" ten="40,3900,0" yaku="1,1,2,1,53,0" doraHai="28" doraHaiUra="3" who="2" fromWho="3" sc="89,0,137,0,672,61,92,-51" /><INIT seed="2,5,0,1,0,52" ten="89,137,733,41" oya="2" hai0="128,97,31,73,39,77,78,53,70,19,32,96,101" hai1="4,8,74,49,48,80,82,99,123,47,2,115,71" hai2="43,65,44,41,93,28,60,90,67,62,24,132,134" hai3="61,40,17,7,63,107,38,86,66,127,50,95,113"/><V81/><F81/><W129/><G107/><T109/><D39/><U135/><E115/><V126/><F126/><W76/><G38/><T120/><D120/><U14/><E71/><V1/><F1/><W21/><G127/><T10/><D70/><U117/><E117/><V116/><F116/><W35/><G35/><T83/><D109/><U27/><E135/><N who="2" m="51755" /><F62/><W133/><G133/><T57/><D128/><U103/><E27/><V102/><F102/><W72/><G72/><T54/><D78/><U111/><E111/><V51/><F43/><W59/><G129/><T15/><D54/><U87/><E74/><V6/><F6/><W29/><G29/><T119/><D119/><U124/><E82/><V106/><F106/><W104/><G104/><T20/><D101/><U33/><E80/><V105/><F105/><W23/><G113/><T36/><D31/><U112/><E103/><V88/><F60/><N who="3" m="38175" /><G7/><T84/><D73/><U12/><E4/><V11/><F11/><W75/><G75/><T13/><D36/><U91/><E112/><V5/><F5/><W122/><G122/><T98/><D10/><U94/><E8/><V58/><F90/><N who="3" m="53719" /><G76/><T25/><REACH who="0" step="1"/><D32/><REACH who="0" ten="79,137,733,41" step="2"/><U121/><E121/><V92/><F67/><W118/><G118/><T68/><D68/><U55/><E123/><V26/><F65/><W34/><G34/><T108/><D108/><U130/><E33/><V110/><F110/><W3/><G23/><T0/><D0/><U37/><E130/><V114/><F28/><W16/><G3/><T79/><D79/><U56/><E2/><V45/><F114/><RYUUKYOKU ba="5,1" sc="79,30,137,-10,733,-10,41,-10" hai0="13,15,19,20,25,53,57,77,83,84,96,97,98" /><INIT seed="3,6,1,4,2,106" ten="109,127,723,31" oya="3" hai0="74,122,41,44,92,47,53,100,18,55,9,57,132" hai1="127,66,26,61,30,33,25,101,37,130,21,124,71" hai2="131,115,128,73,52,15,28,43,63,72,24,117,126" hai3="49,62,36,11,12,79,114,133,50,87,3,121,108"/><W81/><G114/><T10/><D122/><U8/><E37/><V2/><F2/><W105/><G121/><T107/><D74/><U69/><E101/><V6/><F115/><W120/><G120/><T75/><D75/><U111/><E111/><V134/><F117/><W110/><G36/><T125/><D107/><U56/><E8/><V68/><F43/><W116/><G116/><T65/><D125/><N who="1" m="48203" /><E130/><V0/><F0/><W1/><G105/><T46/><D132/><U17/><AGARI ba="6,1" hai="17,21,25,26,30,33,56,61,66,69,71" m="48203" machi="17" ten="30,1100,0" yaku="18,1" doraHai="106" who="1" fromWho="1" sc="109,-9,127,39,723,-9,31,-11" /><INIT seed="4,0,0,5,2,103" ten="100,166,714,20" oya="0" hai0="50,11,34,30,98,130,2,102,84,38,110,22,13" hai1="42,127,57,88,10,124,61,116,67,123,105,6,119" hai2="122,12,131,81,113,60,82,41,121,3,120,96,32" hai3="21,40,114,9,128,133,29,134,47,31,25,91,93"/><T78/><D38/><U20/><E123/><V69/><F3/><W111/><G111/><T108/><D130/><U28/><E42/><V43/><F32/><W7/><G128/><T70/><D70/><U77/><E77/><V79/><F131/><W55/><G114/><T90/><D78/><U126/><E105/><V100/><F113/><W33/><G55/><T72/><D72/><U117/><E88/><V75/><F81/><W8/><G33/><T112/><D112/><U39/><E39/><V87/><F12/><W83/><G83/><T80/><D34/><U109/><E109/><N who="0" m="42089" /><D50/><U49/><E49/><V58/><F69/><W104/><G31/><T89/><D2/><N who="1" m="343" /><E119/><V44/><F75/><W97/><G104/><N who="0" m="63575" /><D90/><U19/><E28/><V52/><F44/><W63/><G63/><T5/><D30/><U68/><E68/><V106/><AGARI ba="0,0" hai="41,43,52,58,60,79,82,87,96,100,106,120,121,122" machi="106" ten="30,4000,0" yaku="0,1,52,1,54,1" doraHai="103" who="2" fromWho="2" sc="100,-20,166,-10,714,40,20,-10" /><INIT seed="5,0,0,2,5,70" ten="80,156,754,10" oya="1" hai0="78,14,41,77,88,104,12,22,121,23,57,31,19" hai1="61,108,68,94,73,99,128,89,43,90,75,46,106" hai2="123,112,1,37,100,29,15,134,21,63,118,17,56" hai3="129,97,82,79,6,83,81,66,109,84,125,34,42"/><U120/><E120/><V55/><F123/><W71/><G109/><T51/><D121/><U30/><E106/><V103/><F1/><W131/><G34/><T36/><D104/><U5/><E128/><N who="3" m="49226" /><G6/><T86/><D36/><U98/><E5/><V101/><F118/><W60/><G125/><T24/><D14/><U74/><E30/><V91/><F37/><W0/><G0/><T13/><D13/><U124/><E124/><V59/><F112/><W80/><G97/><T93/><D41/><AGARI ba="0,0" hai="41,42,60,66,71,79,80,81,82,83,84" m="49226" machi="41" ten="30,1000,0" yaku="19,1" doraHai="70" who="3" fromWho="0" sc="80,-10,156,0,754,0,10,10" /><INIT seed="6,0,0,3,2,24" ten="70,156,754,20" oya="2" hai0="37,51,104,85,17,40,9,86,31,116,5,70,101" hai1="21,34,68,89,19,75,0,83,99,123,44,55,35" hai2="130,38,29,81,63,131,119,30,33,88,10,53,127" hai3="121,13,112,82,111,78,98,72,46,27,74,65,80"/><V60/><F38/><W64/><G111/><T14/><D70/><U57/><E68/><V92/><F119/><W132/><G121/><T114/><D37/><U3/><E3/><V11/><F81/><W102/><G132/><T56/><D116/><U120/><E0/><V47/><F47/><W61/><G112/><T95/><D104/><U96/><E75/><V15/><F33/><W76/><G61/><T36/><D114/><U45/><E45/><V125/><F53/><W100/><G46/><N who="0" m="26055" /><D36/><U90/><E44/><V4/><F11/><W52/><G52/><T6/><D31/><N who="2" m="11786" /><F63/><W22/><G13/><T109/><D109/><U87/><E83/><V110/><F60/><W93/><REACH who="3" step="1"/><G102/><REACH who="3" ten="70,156,754,10" step="2"/><T12/><D56/><U48/><E57/><V58/><F58/><W25/><G25/><T66/><D66/><U73/><E123/><V43/><F110/><W59/><G59/><T129/><D129/><N who="2" m="49162" /><F43/><W124/><G124/><T117/><D117/><U118/><E118/><V107/><F15/><W84/><G84/><N who="0" m="32363" /><D14/><U133/><E120/><V39/><F125/><W135/><G135/><T41/><D41/><U128/><E133/><V18/><F127/><W126/><G126/><T20/><D9/><U91/><E128/><V77/><F10/><W105/><G105/><T62/><D62/><U134/><E134/><V50/><F107/><W16/><AGARI ba="0,1" hai="16,22,27,64,65,72,74,76,78,80,82,93,98,100" machi="16" ten="20,8000,1" yaku="1,1,0,1,7,1,9,1,54,1,53,0" doraHai="24" doraHaiUra="8" who="3" fromWho="3" sc="70,-20,156,-20,754,-40,10,90" /><INIT seed="7,0,0,1,5,45" ten="50,136,714,100" oya="3" hai0="43,4,31,113,114,72,120,9,115,51,125,52,82" hai1="54,41,0,38,64,108,70,79,124,26,17,85,11" hai2="106,123,16,44,56,48,135,87,94,29,83,73,100" hai3="121,25,12,6,35,61,96,10,14,102,66,110,99"/><W5/><G121/><T13/><D120/><U40/><E108/><V105/><F73/><W18/><G110/><T57/><D125/><U68/><E38/><V131/><F29/><W112/><G112/><T129/><D129/><U111/><E111/><V22/><F131/><W67/><G35/><T34/><D43/><U78/><E85/><V53/><F135/><W74/><G74/><T118/><D118/><U84/><E54/><V58/><F123/><W126/><G126/><T32/><D31/><U59/><E59/><V23/><F23/><W109/><G109/><T30/><D30/><U7/><E17/><V1/><F1/><W8/><G102/><T19/><D19/><U133/><E26/><V42/><F94/><W60/><G18/><T20/><D20/><U15/><E70/><V63/><F58/><W33/><G33/><T130/><D130/><U27/><E68/><V3/><F3/><W101/><G101/><T117/><D117/><U98/><E0/><V76/><F100/><W91/><G91/><T89/><D89/><U92/><E79/><AGARI ba="0,0" hai="4,9,13,32,34,51,52,57,72,79,82,113,114,115" machi="79" ten="40,8000,1" yaku="15,1,11,1,52,1,54,1" doraHai="45" who="0" fromWho="1" sc="50,80,136,-80,714,0,100,0" owari="130,-7.0,56,-44.0,714,81.0,100,-30.0" /></mjloggm>