<mjloggm ver="2.3"><GO type="225" lobby="0"/><UN n0="%E3%82%A6%E3%83%AB%E3%83%88%E3%83%A9%E7%AB%8B%E7%9B%B4" n1="%E7%AC%AC%E4%BA%8C%E9%9F%B3%E6%A5%BD%E5%AE%A4" n2="%E9%A7%86%E3%82%8B%E3%81%A8" n3="%E3%81%B1%E3%83%BC%E3%81%9D%E3%82%93" dan="18,16,17,17" rate="2168.48,2120.73,2192.25,2184.33" sx="M,F,F,M"/><TAIKYOKU oya="0"/><INIT seed="0,0,0,5,3,68" ten="250,250,250,250" oya="0" hai0="118,81,88,10,37,15,18,56,119,14,28,123,67" hai1="74,54,60,49,8,33,82,134,124,126,77,84,24" hai2="115,73,72,2,0,106,101,108,23,127,87,7,109" hai3="20,94,105,41,57,46,85,93,35,121,53,51,52"/><T103/><D123/><U128/><E128/><V36/><F87/><W55/><G35/><T111/><D37/><U38/><E60/><V26/><F115/><W114/><G105/><T125/><D125/><N who="1" m="48235" /><E134/><V50/><F50/><W112/><G121/><T96/><D111/><N who="2" m="42570" /><F23/><W31/><G57/><T25/><D15/><U76/><E8/><N who="2" m="2151" /><F2/><W13/><G85/><T92/><D81/><N who="1" m="45207" /><E38/><V27/><F127/><W131/><G131/><T116/><D56/><N who="1" m="32847" /><E24/><N who="2" m="9259" /><F36/><W63/><G31/><T70/><D70/><U48/><E48/><V122/><F122/><W66/><G112/><T100/><REACH who="0" step="1"/><D67/><REACH who="0" ten="240,250,250,250" step="2"/><U30/><E30/><V32/><F32/><AGARI ba="0,1" hai="10,14,18,25,28,32,88,92,96,100,103,116,118,119" machi="32" ten="40,7700,0" yaku="1,1,2,1,54,1,53,0" doraHai="68" doraHaiUra="59" who="0" fromWho="2" sc="240,87,250,0,250,-77,250,0" /><AGARI ba="0,0" hai="32,33,77,82,84" m="32847,45207,48235" machi="32" ten="30,1000,0" yaku="18,1" doraHai="68" who="1" fromWho="2" sc="327,0,250,10,173,-10,250,0" /><INIT seed="0,1,0,3,5,57" ten="327,260,163,250" oya="0" hai0="101,45,111,34,25,73,129,55,31,7,64,80,104" hai1="126,41,46,56,53,67,38,102,107,44,79,15,29" hai2="37,119,92,59,95,8,106,24,76,27,134,11,6" hai3="21,96,22,86,122,81,105,120,28,77,91,114,61"/><T78/><D129/><U13/><E126/><V74/><F106/><W48/><G114/><T39/><D111/><U0/><E0/><V4/><F37/><W17/><G28/><T62/><D7/><N who="2" m="2602" /><F74/><W42/><G21/><T60/><D55/><U112/><E112/><V100/><F76/><W54/><G42/><N who="0" m="22751" /><D62/><U63/><E29/><V118/><F100/><W40/><G40/><T26/><D26/><N who="2" m="9770" /><F59/><W66/><G77/><T99/><D60/><U16/><E79/><V33/><F33/><W18/><G96/><T23/><D23/><U52/><E46/><V124/><F124/><W35/><G35/><N who="0" m="20975" /><D64/><U83/><E13/><V131/><F131/><W121/><G105/><T127/><D127/><U125/><E125/><V84/><F84/><W14/><G18/><T19/><D19/><U58/><E58/><V93/><F134/><W12/><G12/><T65/><D65/><U116/><E16/><V71/><F71/><W88/><G91/><T103/><D103/><U69/><E15/><V30/><F30/><W117/><G122/><T32/><AGARI ba="1,0" hai="32,34,73,78,80,99,101,104" m="20975,22751" machi="32" ten="30,3000,0" yaku="33,2" doraHai="57" who="0" fromWho="0" sc="327,33,260,-11,163,-11,250,-11" /><INIT seed="0,2,0,2,2,2" ten="360,249,152,239" oya="0" hai0="76,90,36,125,123,39,61,104,127,80,64,105,126" hai1="108,134,119,113,28,37,130,124,51,91,6,128,101" hai2="32,89,135,16,13,19,74,7,121,11,48,41,5" hai3="21,107,85,78,20,35,33,114,31,73,131,29,34"/><T72/><D90/><U115/><E37/><N who="0" m="14409" /><D123/><U94/><E101/><V79/><F121/><W86/><G107/><T30/><D30/><U133/><E119/><V56/><F32/><W81/><G114/><N who="1" m="43530" /><E28/><V53/><F135/><N who="1" m="51721" /><E51/><V100/><F100/><W132/><G132/><T10/><D10/><U87/><E108/><V49/><F74/><W82/><G131/><N who="1" m="50218" /><E124/><V70/><F70/><AGARI ba="2,0" hai="61,64,70,72,76,80,104,105,125,126,127" m="14409" machi="70" ten="40,3900,0" yaku="18,1,23,1" doraHai="2" who="0" fromWho="2" sc="360,45,249,0,152,-45,239,0" /><INIT seed="0,3,0,1,1,114" ten="405,249,107,239" oya="0" hai0="113,123,44,65,68,74,47,61,98,105,36,81,5" hai1="71,13,21,109,108,128,88,29,30,100,78,83,130" hai2="56,97,50,27,110,135,60,41,90,119,39,59,103" hai3="94,63,45,42,80,86,8,111,126,26,95,62,10"/><T53/><D123/><U106/><E71/><V28/><F110/><N who="1" m="42601" /><E13/><V38/><F135/><W57/><G126/><T134/><D53/><U33/><E21/><V51/><F51/><N who="3" m="27063" /><G111/><T117/><D47/><U31/><E33/><V118/><F50/><W37/><G37/><T127/><D5/><U55/><E55/><V66/><F59/><W2/><G2/><T32/><D32/><U122/><E122/><V99/><F90/><N who="3" m="51527" /><G26/><T34/><D34/><U104/><E100/><V40/><F99/><W76/><G76/><N who="0" m="44183" /><D127/><U16/><E16/><V18/><F18/><W120/><G63/><T73/><D73/><N who="1" m="43471" /><E88/><V7/><F7/><W3/><G120/><T22/><D22/><U54/><E54/><V84/><F84/><W96/><G3/><T15/><D15/><U19/><E19/><V52/><F66/><N who="3" m="39247" /><G95/><T102/><D44/><U77/><E77/><V132/><F39/><W20/><G20/><T72/><D36/><U49/><E49/><V25/><F25/><W115/><G115/><T70/><D113/><U112/><E112/><V93/><F132/><W58/><G58/><T9/><D134/><U48/><E48/><V12/><F12/><W69/><G69/><T6/><D70/><U82/><E82/><V17/><F17/><W91/><AGARI ba="3,0" hai="8,10,91,94,96" m="39247,51527,27063" machi="91" ten="30,1100,0" yaku="8,1" doraHai="114" who="3" fromWho="3" sc="405,-8,249,-6,107,-6,239,20" /><INIT seed="1,0,0,0,1,79" ten="397,243,101,259" oya="1" hai0="74,89,19,36,57,83,0,78,24,34,63,59,20" hai1="9,27,38,61,134,62,50,132,131,98,66,44,127" hai2="46,110,21,118,49,125,130,18,135,115,86,33,120" hai3="10,121,65,91,106,105,23,124,114,73,37,109,108"/><U3/><E27/><V71/><RYUUKYOKU type="yao9" ba="0,0" sc="397,0,243,0,101,0,259,0" hai2="18,21,33,46,49,71,86,110,115,118,120,125,130,135" /><INIT seed="1,1,0,1,1,128" ten="397,243,101,259" oya="1" hai0="45,85,81,36,32,134,61,14,119,118,59,80,127" hai1="4,30,91,22,57,6,67,112,135,120,3,78,82" hai2="47,130,48,60,24,54,108,51,34,49,70,10,88" hai3="74,131,79,40,35,17,100,15,111,129,71,43,38"/><U66/><E120/><V8/><F130/><W132/><G35/><T98/><D32/><U55/><E112/><V64/><F108/><W19/><G71/><T96/><D14/><U53/><E3/><V116/><F116/><W86/><G79/><T28/><D28/><U124/><E91/><V89/><F49/><W122/><G100/><T126/><D45/><U121/><E121/><V123/><F123/><W9/><G122/><T75/><D36/><U84/><E124/><V76/><F76/><W13/><G38/><T7/><D7/><N who="1" m="2603" /><E135/><V101/><F101/><W110/><G86/><T16/><D134/><U58/><E22/><V107/><F107/><W46/><G46/><T73/><D73/><U104/><E104/><V133/><F133/><W0/><G0/><T5/><D75/><U97/><E97/><V63/><F63/><W109/><G132/><T106/><D106/><U93/><E93/><V62/><F62/><W41/><REACH who="3" step="1"/><G74/><REACH who="3" ten="397,243,101,249" step="2"/><T102/><D127/><U65/><E84/><V103/><F103/><W33/><G33/><T27/><D126/><U115/><E78/><V29/><REACH who="2" step="1"/><F51/><REACH who="2" ten="397,243,91,249" step="2"/><W77/><G77/><T2/><D119/><U42/><E115/><V94/><F94/><W117/><G117/><T72/><D118/><U99/><E82/><V12/><F12/><W56/><G56/><T52/><D81/><U105/><E57/><V26/><F26/><W44/><G44/><T114/><D59/><U37/><E58/><V83/><F83/><W39/><G39/><T21/><D80/><U90/><E37/><V113/><F113/><W20/><AGARI ba="1,2" hai="9,13,15,17,19,20,40,41,43,109,110,111,129,131" machi="20" ten="40,8000,1" yaku="1,1,5,1,0,1,14,1,53,0" doraHai="128" doraHaiUra="95" who="3" fromWho="3" sc="397,-21,243,-41,91,-21,249,103" /><INIT seed="2,0,0,4,3,38" ten="376,202,70,352" oya="2" hai0="48,94,20,36,64,125,16,114,115,80,83,63,9" hai1="67,118,8,77,134,3,97,92,130,112,89,39,2" hai2="129,78,12,84,81,106,47,95,55,28,35,110,49" hai3="46,10,22,6,24,117,18,27,4,45,120,119,122"/><V1/><F1/><W79/><G79/><T74/><D36/><U72/><E112/><V56/><F106/><W100/><G100/><T101/><D9/><U70/><E118/><N who="3" m="45066" /><G10/><T23/><D125/><U53/><E134/><V41/><F129/><W116/><N who="3" m="45074" /><W7/><DORA hai="31" /><G18/><T32/><D48/><U99/><E53/><V105/><F105/><W50/><G22/><T37/><D37/><U66/><E66/><V103/><F110/><W5/><N who="3" m="1024" /><DORA hai="98" /><W57/><G57/><T43/><D16/><U88/><E8/><V108/><F108/><W34/><G50/><T42/><D101/><U135/><E39/><V62/><F12/><W17/><G17/><T102/><D102/><U71/><E130/><V86/><F28/><W121/><G34/><T87/><D32/><U61/><E77/><V54/><F35/><W0/><G0/><T13/><D13/><U69/><E2/><V14/><F14/><W85/><G85/><T93/><D87/><U127/><E3/><V15/><F15/><W19/><G19/><T133/><D64/><U25/><E67/><N who="2" m="39367" /><F84/><W51/><G51/><T40/><D114/><U104/><E104/><V113/><F113/><W131/><G131/><T107/><D115/><U96/><E96/><AGARI ba="0,0" hai="41,47,49,54,55,78,81,86,95,96,103" m="39367" machi="96" ten="30,5800,0" yaku="8,1,52,2" doraHai="38,31,98" who="2" fromWho="1" sc="376,0,202,-58,70,58,352,0" /><INIT seed="2,1,0,3,5,37" ten="376,144,128,352" oya="2" hai0="87,114,86,25,107,41,24,29,28,21,49,82,66" hai1="7,17,103,26,134,121,88,72,123,94,78,99,51" hai2="40,1,0,101,4,90,113,132,20,62,5,105,18" hai3="33,55,63,122,106,54,16,117,131,67,52,74,95"/><V43/><F113/><W81/><G106/><T128/><D107/><U73/><E134/><V12/><F0/><W69/><G122/><N who="1" m="46602" /><E7/><N who="2" m="2635" /><F1/><W98/><G117/><T84/><D66/><U3/><E3/><V47/><F105/><W127/><G33/><T80/><D128/><U13/><E26/><V32/><F32/><W120/><G120/><T111/><D111/><U89/><E51/><V57/><F132/><W83/><G131/><T2/><D2/><U129/><E129/><V64/><F101/><W102/><G127/><T36/><D36/><U8/><E78/><V59/><F57/><W44/><G74/><AGARI ba="1,0" hai="8,13,17,72,73,74,88,89,94,99,103" m="46602" machi="74" ten="30,2000,0" yaku="13,1,54,1" doraHai="37" who="1" fromWho="3" sc="376,0,144,23,128,0,352,-23" /><INIT seed="3,0,0,4,3,86" ten="376,167,128,329" oya="3" hai0="35,116,132,110,27,120,112,29,123,59,78,20,43" hai1="67,113,11,62,57,126,60,38,34,8,41,95,58" hai2="96,9,103,40,119,114,64,52,109,82,63,106,90" hai3="37,70,21,15,53,77,65,39,44,45,115,19,22"/><W66/><G115/><T127/><D59/><U5/><E113/><V75/><F114/><W51/><G77/><T91/><D91/><U87/><E126/><V32/><F119/><W100/><G100/><T76/><D43/><U84/><E34/><V6/><F32/><W16/><G70/><T13/><D78/><U72/><E72/><V89/><F40/><W133/><G133/><T3/><D76/><U85/><E41/><V83/><F75/><W98/><G98/><T24/><D112/><U30/><E38/><V73/><F73/><W14/><REACH who="3" step="1"/><G45/><REACH who="3" ten="376,167,128,319" step="2"/><T26/><D116/><U111/><E111/><V97/><F109/><W94/><G94/><T134/><D110/><U107/><E95/><N who="2" m="58815" /><F96/><W102/><G102/><T68/><D68/><U55/><E107/><V56/><F106/><W121/><G121/><N who="0" m="46667" /><D127/><U49/><E87/><V101/><F101/><W118/><G118/><T46/><D46/><U1/><E85/><V125/><F125/><W74/><G74/><T0/><D134/><U135/><E84/><V47/><F47/><W117/><G117/><T93/><D132/><U10/><E135/><V71/><F71/><W48/><G48/><T4/><D93/><U61/><E49/><V79/><F79/><W105/><G105/><T18/><D0/><U7/><E1/><V104/><F104/><W128/><G128/><T108/><D108/><U31/><E62/><V36/><F36/><AGARI ba="0,1" hai="14,15,16,19,21,22,36,37,39,44,51,53,65,66" machi="36" ten="40,7700,0" yaku="1,1,9,1,54,1,53,0" doraHai="86" doraHaiUra="33" who="3" fromWho="2" sc="376,0,167,0,128,-77,319,87" owari="376,18.0,167,-23.0,51,-45.0,406,50.0" /></mjloggm>