<mjloggm ver="2.3"><GO type="169" lobby="0"/><UN n0="%E3%82%83%E3%82%87%E3%81%83" n1="%E3%83%88%E3%83%88%E3%83%AA%E5%85%88%E7%94%9F%31%39%E6%AD%B3" n2="%74%61%6B%61%79%79%79%79" n3="%E3%81%97%E3%82%8D%E3%81%9F%E3%82%93%E3%81%8C%E3%81%84%E3%81%84%E3%81%8A" dan="16,18,16,16" rate="2024.69,2224.15,2078.41,2108.21" sx="M,F,M,F"/><TAIKYOKU oya="0"/><INIT seed="0,0,0,4,1,8" ten="250,250,250,250" oya="0" hai0="13,92,48,131,122,66,34,27,53,82,23,80,78" hai1="102,118,126,21,60,120,54,45,61,74,10,28,89" hai2="14,30,39,98,108,84,83,125,117,46,112,1,52" hai3="16,68,49,20,56,130,132,114,101,41,65,123,57"/><T9/><D122/><U99/><E118/><V58/><F112/><W121/><G114/><T44/><D131/><U25/><E120/><N who="3" m="46154" /><G132/><T33/><D66/><U19/><E126/><V77/><F108/><W7/><G130/><T50/><D92/><U94/><E74/><V12/><F1/><W40/><G7/><T86/><D50/><N who="1" m="29007" /><E102/><V15/><F125/><W51/><G101/><T90/><D23/><N who="1" m="15423" /><E10/><V103/><F117/><W79/><G79/><T85/><REACH who="0" step="1"/><D27/><AGARI ba="0,0" hai="19,21,27,60,61,89,94,99" m="15423,29007" machi="27" ten="30,1000,0" yaku="8,1" doraHai="8" who="1" fromWho="0" sc="250,-10,250,10,250,0,250,0" /><INIT seed="1,0,0,1,0,31" ten="240,260,250,250" oya="1" hai0="128,62,51,101,103,61,134,107,59,99,83,81,116" hai1="82,23,53,87,112,119,69,109,67,45,113,131,130" hai2="85,92,75,28,60,27,72,33,129,4,68,52,77" hai3="48,115,21,64,76,106,41,0,133,11,126,15,44"/><U117/><E23/><V63/><F129/><N who="1" m="49161" /><E87/><V32/><F4/><W10/><G106/><T105/><D116/><N who="1" m="44619" /><E82/><V89/><F33/><W84/><G115/><N who="1" m="44106" /><E109/><V57/><REACH who="2" step="1"/><F77/><REACH who="2" ten="240,260,240,250" step="2"/><W35/><G76/><T90/><D128/><U20/><E20/><V71/><F71/><W111/><G21/><T30/><D134/><U49/><E67/><AGARI ba="0,1" hai="27,28,32,52,57,60,63,67,68,72,75,85,89,92" machi="67" ten="40,5200,0" yaku="1,1,52,1,54,1,53,0" doraHai="31" doraHaiUra="121" who="2" fromWho="1" sc="240,0,260,-52,240,62,250,0" /><INIT seed="2,0,0,4,2,126" ten="240,208,302,250" oya="2" hai0="59,63,112,7,123,102,15,66,33,46,89,124,39" hai1="0,98,108,5,51,86,30,31,28,13,45,127,64" hai2="38,20,129,55,93,2,80,82,109,61,69,11,116" hai3="88,8,133,14,56,34,65,72,16,70,73,25,118"/><V53/><F116/><W12/><G118/><T110/><D112/><U85/><E127/><V44/><F129/><W78/><G70/><T113/><D113/><U105/><E0/><V132/><F132/><W106/><G106/><T117/><D123/><U79/><E108/><V120/><F120/><W128/><G133/><T36/><D110/><U83/><E64/><V114/><F114/><W131/><G14/><T48/><D102/><U42/><E86/><V62/><F38/><W40/><G40/><T17/><D124/><U27/><E98/><V135/><F93/><W101/><G101/><T9/><D33/><U111/><E105/><V94/><F94/><W67/><G88/><T54/><D117/><U121/><E121/><V74/><F20/><W19/><G78/><T103/><D103/><U122/><E122/><V23/><F23/><N who="3" m="13543" /><G34/><T21/><REACH who="0" step="1"/><D89/><REACH who="0" ten="230,208,302,250" step="2"/><U26/><E111/><V47/><F109/><W60/><G67/><T24/><AGARI ba="0,1" hai="7,9,15,17,21,24,36,39,46,48,54,59,63,66" machi="24" ten="20,5200,0" yaku="1,1,2,1,0,1,7,1,53,0" doraHai="126" doraHaiUra="77" who="0" fromWho="0" sc="230,62,208,-13,302,-26,250,-13" /><INIT seed="3,0,0,2,3,110" ten="292,195,276,237" oya="3" hai0="27,115,129,80,36,130,127,86,98,97,84,74,108" hai1="40,46,52,32,117,17,116,65,88,55,7,34,68" hai2="102,73,1,50,112,26,75,134,76,31,44,0,109" hai3="120,124,83,64,114,103,89,119,29,39,105,70,104"/><W69/><G120/><T66/><D36/><U3/><E17/><V16/><F112/><W18/><G119/><N who="1" m="45642" /><E7/><V14/><F109/><W54/><G39/><T21/><D108/><U9/><E9/><V126/><F134/><W106/><G124/><T42/><D42/><U10/><E10/><V87/><F126/><W61/><G70/><T15/><D115/><U33/><E3/><V53/><F102/><W8/><G114/><T51/><D51/><N who="1" m="27079" /><E65/><V12/><F12/><W94/><G83/><T107/><D66/><U25/><E68/><V78/><F1/><W49/><G29/><T96/><D127/><U19/><E19/><V122/><F122/><W72/><G72/><T85/><D15/><U99/><E25/><V63/><F75/><W37/><G37/><T58/><D107/><U131/><E131/><V90/><F73/><W47/><G103/><T91/><D27/><U48/><E48/><V128/><F128/><W125/><G125/><T24/><D24/><U133/><E133/><V62/><F0/><W82/><G82/><T43/><D80/><U59/><E59/><V13/><F13/><W38/><G38/><T123/><D58/><U111/><E111/><V57/><F26/><W101/><G101/><T35/><D129/><U95/><AGARI ba="0,0" hai="32,33,34,52,55,88,95,99" m="27079,45642" machi="95" ten="40,5200,0" yaku="12,1,54,2" doraHai="110" who="1" fromWho="1" sc="292,-13,195,52,276,-13,237,-26" /><INIT seed="4,0,0,3,1,24" ten="279,247,263,211" oya="0" hai0="11,60,25,120,53,131,71,117,94,27,12,65,56" hai1="41,113,15,49,17,104,80,3,59,44,95,112,124" hai2="128,1,69,67,103,72,4,33,78,111,38,126,77" hai3="6,123,9,133,121,48,63,107,88,109,83,45,84"/><T92/><D120/><U97/><E124/><V54/><F54/><W89/><G107/><T61/><D117/><U42/><E3/><V51/><F51/><W14/><G109/><T76/><D131/><U7/><E7/><V129/><F67/><W5/><G133/><T0/><D0/><U57/><E104/><V119/><F103/><W58/><G121/><T18/><D76/><U116/><E116/><V132/><F78/><W43/><G123/><T127/><D127/><U34/><E34/><V122/><F77/><N who="3" m="46191" /><G5/><T2/><D2/><U16/><E80/><V134/><F4/><W29/><G29/><T10/><D10/><U99/><E42/><V46/><F46/><W55/><AGARI ba="0,0" hai="6,9,14,43,45,48,55,58,63,88,89" m="46191" machi="55" ten="30,4000,0" yaku="25,1,8,1,54,1" doraHai="24" who="3" fromWho="3" sc="279,-20,247,-10,263,-10,211,40" /><INIT seed="5,0,0,2,3,67" ten="259,237,253,251" oya="1" hai0="43,88,90,114,58,48,62,104,50,120,45,61,28" hai1="134,132,49,91,105,56,99,85,2,125,103,44,5" hai2="66,1,55,51,10,95,65,83,11,127,79,124,19" hai3="72,70,60,52,82,71,40,9,106,59,133,111,16"/><U84/><E125/><N who="2" m="48203" /><F95/><W119/><G106/><T20/><D104/><U96/><E56/><N who="2" m="32895" /><F19/><W41/><G111/><T112/><D120/><U115/><E115/><N who="0" m="44073" /><D48/><U121/><E121/><V7/><F10/><W86/><G72/><AGARI ba="0,0" hai="1,7,11,65,66,72,79,83" m="32895,48203" machi="72" ten="30,1000,0" yaku="18,1" doraHai="67" who="2" fromWho="3" sc="259,0,237,0,253,10,251,-10" /><INIT seed="6,0,0,2,2,68" ten="259,237,263,241" oya="2" hai0="32,1,28,82,6,104,114,90,107,130,79,15,10" hai1="65,16,17,80,62,105,55,126,19,101,23,131,8" hai2="89,85,115,108,66,14,91,54,58,118,72,47,121" hai3="33,123,122,92,93,63,26,24,48,99,25,127,27"/><V51/><F121/><W49/><G127/><T45/><D114/><U4/><E126/><V67/><F118/><W5/><G5/><T31/><D130/><U13/><E131/><V50/><F115/><W21/><G33/><T70/><D70/><U133/><E133/><V69/><F69/><W71/><G123/><T117/><D90/><U81/><E65/><V134/><F134/><W83/><G122/><T53/><D31/><U37/><E37/><V111/><F72/><W125/><G125/><T86/><D1/><U112/><E112/><V30/><F30/><W135/><G135/><T73/><D73/><U44/><E105/><V87/><F14/><W20/><G71/><T74/><D74/><U46/><E101/><V0/><F0/><W40/><G63/><T132/><D117/><U113/><E113/><V98/><F98/><W110/><G83/><N who="1" m="31818" /><E23/><N who="3" m="8778" /><G110/><N who="2" m="42025" /><F87/><W128/><G128/><T12/><D132/><U29/><E29/><V64/><F85/><W120/><G120/><T102/><D28/><U97/><E97/><V2/><F2/><W41/><N who="3" m="6656" /><DORA hai="88" /><W61/><G61/><T34/><D34/><U109/><E109/><V119/><F119/><W38/><G38/><T57/><D32/><U11/><E11/><V77/><F77/><W96/><G99/><N who="0" m="61535" /><D107/><U22/><E22/><V60/><F60/><W94/><G96/><T129/><D129/><U84/><E84/><V43/><AGARI ba="0,0" hai="43,47,50,51,54,58,64,66,67,89,91" m="42025" machi="43" ten="30,1500,0" yaku="10,1" doraHai="68,88" who="2" fromWho="2" sc="259,-5,237,-5,263,15,241,-5" /><INIT seed="6,1,0,2,2,51" ten="254,232,278,236" oya="2" hai0="92,84,47,16,22,119,103,112,120,125,89,8,6" hai1="17,63,45,62,134,93,25,80,48,96,104,126,35" hai2="11,12,27,128,41,76,53,10,108,44,68,42,38" hai3="113,88,23,116,127,31,129,99,40,110,117,19,86"/><V29/><F68/><W82/><G110/><T97/><D112/><U74/><E104/><V79/><F128/><W115/><G129/><T100/><D125/><U130/><E130/><V71/><F71/><W135/><G127/><T33/><D120/><U60/><E126/><V133/><F133/><W109/><G135/><T24/><D103/><U67/><E134/><V95/><F108/><W124/><G109/><T123/><D47/><U72/><E67/><V34/><F95/><N who="3" m="56807" /><G40/><T118/><D33/><U49/><E49/><V4/><F42/><W94/><G94/><T46/><D46/><U54/><E80/><V91/><F91/><N who="3" m="51671" /><G31/><T57/><D123/><U1/><E1/><V69/><F69/><W14/><G124/><T122/><D122/><U70/><E70/><V132/><F132/><W56/><G56/><T21/><D57/><U98/><E98/><V32/><F32/><W39/><G39/><T52/><D118/><U105/><E105/><V75/><F75/><W85/><G85/><T59/><D84/><U37/><E37/><V13/><REACH who="2" step="1"/><F53/><REACH who="2" ten="254,232,268,236" step="2"/><W102/><G102/><T9/><D100/><N who="1" m="60431" /><E35/><V73/><F73/><W81/><G81/><T20/><D119/><U30/><E72/><V18/><AGARI ba="1,1" hai="4,10,11,12,13,18,27,29,34,38,41,44,76,79" machi="18" ten="20,7800,0" yaku="1,1,0,1,7,1,53,1" doraHai="51" doraHaiUra="26" who="2" fromWho="2" sc="254,-27,232,-27,268,91,236,-27" /><INIT seed="6,2,0,3,3,2" ten="227,205,359,209" oya="2" hai0="7,129,37,68,60,35,49,99,58,78,32,38,94" hai1="64,28,82,5,69,105,95,47,101,56,119,118,50" hai2="42,59,46,44,26,104,120,70,6,36,128,125,135" hai3="8,22,126,113,134,92,19,96,97,55,4,79,115"/><V102/><F102/><W75/><G134/><T9/><D68/><U10/><E69/><V87/><F6/><W123/><G123/><T27/><D78/><U63/><E105/><V110/><F87/><W67/><G67/><T86/><D86/><U72/><E28/><V53/><F26/><N who="3" m="14687" /><G126/><T100/><D49/><U12/><E72/><V93/><F93/><W39/><G39/><T43/><D129/><U65/><E65/><V20/><F20/><W71/><G71/><T17/><D17/><U90/><E101/><V132/><F104/><W109/><G109/><T112/><D112/><N who="3" m="43081" /><G55/><T91/><D43/><U103/><E103/><V40/><F128/><W116/><G116/><T108/><D100/><U11/><E11/><V84/><F125/><W3/><G92/><T1/><D108/><U131/><E131/><V23/><F70/><W98/><G79/><T15/><D37/><U13/><E13/><V30/><F36/><W111/><G111/><T31/><D38/><U51/><E82/><V21/><F53/><W76/><G76/><T18/><D1/><U121/><E121/><V57/><F120/><W130/><G130/><T62/><D62/><U41/><E51/><V107/><F110/><W29/><G29/><T45/><D31/><U25/><E25/><V0/><F30/><W88/><G88/><T117/><D117/><U14/><E14/><V73/><F135/><W85/><G85/><AGARI ba="2,0" hai="5,10,12,41,47,50,56,63,64,85,90,95,118,119" machi="85" ten="30,2000,0" yaku="7,1,52,1" doraHai="2" who="1" fromWho="3" sc="227,0,205,26,359,0,209,-26" /><INIT seed="7,0,0,4,2,10" ten="227,231,359,183" oya="3" hai0="86,61,65,38,68,6,117,130,133,134,52,106,122" hai1="72,3,99,20,89,94,84,71,63,83,125,47,77" hai2="14,112,76,62,43,30,110,69,108,59,42,24,131" hai3="74,18,5,35,128,13,123,60,87,114,44,102,12"/><W88/><G74/><T132/><D117/><U54/><E3/><V118/><F69/><W58/><G123/><T39/><D122/><U40/><E125/><V92/><F131/><W50/><G128/><T105/><D130/><U129/><E129/><V111/><F118/><W101/><G35/><T107/><D6/><U46/><E20/><N who="2" m="15623" /><F14/><N who="3" m="5739" /><G5/><T81/><D52/><U9/><E9/><V90/><F76/><AGARI ba="0,0" hai="38,39,61,65,68,76,81,86,105,106,107,132,133,134" machi="76" ten="50,1600,0" yaku="20,1" doraHai="10" who="0" fromWho="2" sc="227,16,231,0,359,-16,183,0" owari="243,4.0,231,-17.0,343,45.0,183,-32.0" /></mjloggm>