<mjloggm ver="2.3"><GO type="169" lobby="0"/><UN n0="%3D%E5%9C%92%E5%9F%8E%E5%AF%BA%E6%80%9C%3D" n1="%E4%BC%8A%E8%A3%8F%E9%87%8E%E5%8A%A0%E5%A5%88" n2="%E3%83%9F%E3%83%A9%E3%82%AF%E3%83%AB%E3%81%8A%E3%81%98%E3%81%95%E3%82%93" n3="%E3%83%88%E3%83%88%E3%83%AA%E5%85%88%E7%94%9F%31%39%E6%AD%B3" dan="17,16,16,18" rate="2145.33,2070.48,2143.17,2257.07" sx="F,F,M,F"/><TAIKYOKU oya="0"/><INIT seed="0,0,0,0,4,110" ten="250,250,250,250" oya="0" hai0="21,109,33,59,10,62,133,88,92,26,135,134,114" hai1="55,75,3,0,80,34,78,95,121,126,125,9,131" hai2="38,104,74,27,31,11,45,97,123,58,61,82,30" hai3="98,51,25,23,83,39,93,106,28,68,15,102,64"/><T119/><D119/><U20/><E121/><V90/><F123/><W87/><G39/><T73/><D73/><U99/><E34/><V60/><F11/><W7/><G68/><T5/><D33/><U113/><E131/><V2/><F2/><W132/><G132/><T12/><D109/><U65/><E65/><V63/><F58/><W48/><G106/><T127/><D127/><N who="1" m="48651" /><E9/><V19/><F19/><W49/><G64/><T120/><D120/><U50/><E20/><V128/><F128/><W129/><G129/><T84/><D114/><U43/><E43/><V85/><F74/><W41/><G15/><T52/><REACH who="0" step="1"/><D134/><REACH who="0" ten="240,250,250,250" step="2"/><U14/><E75/><V47/><F38/><W89/><REACH who="3" step="1"/><G7/><REACH who="3" ten="240,250,250,240" step="2"/><T76/><D76/><U101/><E78/><V44/><F27/><W8/><G8/><T67/><D67/><U40/><E0/><V54/><F54/><W29/><G29/><AGARI ba="0,2" hai="5,10,12,21,26,29,52,59,62,84,88,92,133,135" machi="29" ten="40,12000,1" yaku="1,1,54,2,53,1" doraHai="110" doraHaiUra="6" who="0" fromWho="3" sc="240,140,250,0,250,0,240,-120" /><INIT seed="0,1,0,2,1,133" ten="380,250,250,120" oya="0" hai0="12,99,118,32,80,127,115,128,97,117,92,90,114" hai1="108,119,81,56,11,9,96,132,44,100,121,106,60" hai2="50,0,46,48,52,4,15,105,41,7,102,109,34" hai3="98,10,83,84,129,29,88,110,53,3,62,30,20"/><T22/><D22/><U2/><E121/><V65/><F34/><W107/><G110/><T59/><D12/><U71/><E119/><V1/><F109/><W17/><G129/><T14/><D14/><U116/><E116/><V63/><F105/><W123/><G123/><T95/><D32/><U134/><E108/><V76/><F102/><W101/><G3/><T13/><D13/><U94/><E71/><V131/><F131/><W89/><G10/><T78/><D59/><U18/><E44/><V67/><F76/><W75/><G89/><N who="0" m="55535" /><D128/><U35/><E35/><V42/><F15/><W36/><G36/><T73/><D127/><U27/><E2/><V122/><F46/><W8/><G8/><T19/><D19/><U6/><E11/><V57/><F57/><W79/><G53/><T104/><D104/><U5/><E106/><V124/><F63/><W77/><G62/><T26/><D26/><U103/><E60/><V125/><REACH who="2" step="1"/><F52/><REACH who="2" ten="380,250,240,120" step="2"/><W51/><G79/><T39/><D39/><U40/><E56/><V24/><F24/><N who="3" m="14351" /><G51/><T31/><D118/><U47/><E27/><V16/><F16/><W55/><G55/><T38/><D117/><U25/><E18/><V85/><F85/><W126/><G30/><T49/><D31/><U69/><E47/><V86/><F86/><W64/><G29/><T130/><D38/><U135/><E135/><V91/><F91/><W33/><G33/><T82/><D130/><U87/><E134/><V113/><F113/><N who="0" m="43018" /><D49/><U66/><E132/><V37/><F37/><W120/><G107/><T58/><D58/><U21/><E69/><RYUUKYOKU ba="1,1" sc="380,15,250,-15,240,15,120,-15" hai0="73,78,80,82,90,92,99" hai2="0,1,4,7,41,42,48,50,65,67,122,124,125" /><INIT seed="0,2,1,1,1,45" ten="395,235,255,105" oya="0" hai0="121,70,53,96,12,55,26,116,107,6,85,42,80" hai1="94,31,89,51,69,56,16,84,101,1,2,124,17" hai2="103,52,109,114,106,74,104,38,126,65,133,100,129" hai3="68,88,30,78,122,32,14,76,115,49,7,3,120"/><T29/><D70/><U64/><E124/><V35/><RYUUKYOKU type="yao9" ba="2,1" sc="395,0,235,0,255,0,105,0" hai2="35,38,52,65,74,100,103,104,106,109,114,126,129,133" /><INIT seed="0,3,1,2,3,81" ten="395,235,255,105" oya="0" hai0="40,135,82,52,14,102,130,107,108,50,106,103,89" hai1="55,113,118,94,21,127,20,91,87,45,60,5,93" hai2="44,17,92,28,111,131,72,36,99,48,15,85,71" hai3="132,75,29,4,2,122,49,125,119,3,61,117,30"/><T88/><D40/><U84/><E118/><V105/><F72/><W69/><G75/><T86/><D130/><U41/><E127/><V121/><F121/><W112/><G49/><T65/><D135/><U67/><E5/><V35/><F36/><W96/><G61/><T128/><D128/><U76/><E113/><V116/><F71/><W68/><G96/><T123/><D123/><U77/><E55/><V8/><F131/><W95/><G122/><T64/><D108/><U101/><E76/><V115/><F115/><W19/><G112/><T37/><D37/><U54/><E54/><V32/><F111/><W120/><G120/><T124/><D124/><U9/><E9/><V63/><F116/><W43/><G4/><T53/><D53/><U38/><E101/><N who="0" m="38409" /><D107/><U58/><E77/><V56/><F105/><W7/><G7/><T78/><D106/><U39/><E38/><V83/><F28/><W46/><G43/><T22/><D22/><U129/><E129/><V1/><F32/><W110/><G125/><T12/><D89/><AGARI ba="3,1" hai="20,21,39,41,45,58,60,67,84,87,89,91,93,94" machi="89" ten="40,5200,0" yaku="9,1,52,2" doraHai="81" who="1" fromWho="0" sc="395,-61,235,71,255,0,105,0" /><INIT seed="1,0,0,1,2,62" ten="334,306,255,105" oya="1" hai0="111,45,76,87,20,28,5,12,132,96,118,100,73" hai1="82,59,29,89,93,84,18,6,124,106,0,86,42" hai2="99,92,83,91,58,94,61,1,77,8,127,113,80" hai3="9,126,30,46,110,120,38,68,33,98,32,23,55"/><U53/><E106/><V37/><F37/><W101/><G120/><T48/><D73/><U129/><E129/><V67/><F127/><W7/><G126/><T85/><D76/><U112/><E112/><V14/><F1/><W130/><G130/><T57/><D57/><U69/><E69/><V64/><F113/><W39/><G110/><T105/><D111/><U119/><E119/><V81/><F94/><W50/><G68/><T114/><D132/><U70/><E70/><V102/><F77/><W108/><G23/><T123/><D123/><U15/><E42/><V131/><F131/><W117/><G117/><T71/><D71/><U51/><E29/><V2/><F2/><W134/><G134/><T11/><D118/><U103/><E0/><V135/><F135/><W65/><G65/><N who="2" m="25161" /><F58/><W104/><G108/><T109/><D109/><U40/><E59/><V74/><F74/><W35/><REACH who="3" step="1"/><G30/><REACH who="3" ten="334,306,255,95" step="2"/><T63/><D28/><U34/><E124/><V3/><F3/><AGARI ba="0,1" hai="3,7,9,32,33,35,38,39,46,50,55,98,101,104" machi="3" ten="40,2600,0" yaku="1,1,2,1,53,0" doraHai="62" doraHaiUra="60" who="3" fromWho="2" sc="334,0,306,0,255,-26,95,36" /><INIT seed="2,0,0,1,2,39" ten="334,306,229,131" oya="2" hai0="49,135,124,19,1,93,20,81,134,92,96,72,25" hai1="130,34,74,68,118,37,86,103,88,35,64,132,70" hai2="82,101,78,90,0,48,116,58,128,119,122,10,75" hai3="100,91,111,106,22,50,69,71,76,56,44,77,42"/><V11/><F122/><W117/><G117/><T2/><D124/><U43/><E74/><V13/><F128/><W95/><G111/><T63/><D63/><U38/><E118/><V110/><F101/><W127/><G127/><T8/><D49/><U99/><E130/><V32/><F32/><W126/><G126/><T84/><D72/><U107/><E37/><V125/><F125/><W3/><G3/><T28/><D28/><U112/><E112/><V62/><F110/><W120/><G120/><T40/><D40/><U14/><E14/><V67/><F0/><W12/><G106/><T85/><D92/><U121/><E132/><N who="0" m="50729" /><D8/><U115/><E115/><V129/><F10/><W104/><G104/><T113/><D85/><U51/><E38/><V73/><F73/><W55/><G100/><N who="0" m="60431" /><D113/><U131/><E131/><V18/><F129/><W105/><G105/><T108/><D108/><U31/><E121/><V15/><F90/><AGARI ba="0,0" hai="1,2,19,20,25,81,84,90" m="60431,50729" machi="90" ten="30,1000,0" yaku="20,1" doraHai="39" who="0" fromWho="2" sc="334,10,306,0,229,-10,131,0" /><INIT seed="3,0,0,0,1,105" ten="344,306,219,131" oya="3" hai0="11,30,74,2,82,103,44,77,88,63,107,24,40" hai1="6,41,86,125,79,87,66,19,72,120,117,3,75" hai2="131,62,124,104,4,109,112,34,12,16,102,38,58" hai3="134,55,132,49,89,133,68,54,119,99,31,116,97"/><W76/><G68/><T48/><D103/><U65/><E120/><V36/><F112/><W46/><G31/><T9/><D107/><U51/><E125/><V70/><F70/><W81/><G55/><T73/><D2/><U61/><E117/><N who="3" m="45130" /><G89/><T95/><D73/><AGARI ba="0,0" hai="46,49,54,73,76,81,97,99,132,133,134" m="45130" machi="73" ten="40,3900,0" yaku="20,1,52,1" doraHai="105" who="3" fromWho="0" sc="344,-39,306,0,219,0,131,39" /><INIT seed="3,1,0,3,5,97" ten="305,306,219,170" oya="3" hai0="71,62,47,86,102,87,96,61,107,23,119,69,45" hai1="30,43,46,58,126,7,8,42,125,35,31,33,77" hai2="85,83,131,89,49,82,54,52,13,123,63,118,20" hai3="84,75,79,111,38,17,103,14,72,16,100,110,25"/><W127/><G38/><T2/><D2/><U50/><E77/><V0/><F0/><W37/><G37/><T114/><D23/><U22/><E22/><V70/><F118/><W76/><G84/><T41/><D119/><U132/><E43/><V64/><F131/><W32/><G127/><N who="1" m="48650" /><E58/><V99/><F123/><W56/><G56/><T104/><D96/><U134/><E31/><V19/><F99/><W21/><G76/><T113/><D41/><U29/><E29/><V55/><REACH who="2" step="1"/><F83/><REACH who="2" ten="305,306,209,170" step="2"/><N who="3" m="45543" /><G75/><T121/><D121/><U11/><E134/><V93/><F93/><W122/><G122/><T74/><D74/><U3/><E132/><V109/><F109/><N who="3" m="41483" /><G32/><T34/><D34/><U130/><E33/><V133/><F133/><W65/><G65/><T9/><D114/><U80/><E35/><V120/><F120/><W59/><G59/><AGARI ba="1,1" hai="13,19,20,49,52,54,55,59,63,64,70,82,85,89" machi="59" ten="30,7700,0" yaku="1,1,7,1,54,1,53,1" doraHai="97" doraHaiUra="60" who="2" fromWho="3" sc="305,0,306,0,209,90,170,-80" /><INIT seed="4,0,0,4,2,53" ten="305,306,299,90" oya="0" hai0="35,39,114,109,101,66,68,9,34,77,99,119,1" hai1="84,85,78,58,112,75,62,52,94,24,135,31,37" hai2="33,129,54,22,50,45,128,10,44,12,7,56,20" hai3="71,80,2,67,32,116,121,103,120,27,43,6,16"/><T96/><D96/><U86/><E37/><V5/><F33/><W25/><G116/><T48/><D48/><U4/><E135/><V76/><F76/><W69/><G43/><T29/><D77/><U64/><E4/><V38/><F7/><W61/><G71/><T14/><D14/><U11/><E11/><V110/><F110/><W127/><G127/><T88/><D88/><N who="1" m="53527" /><E75/><V104/><F104/><W131/><G131/><N who="2" m="50249" /><F38/><W91/><G103/><T36/><D119/><U113/><E78/><V117/><F117/><W108/><G108/><T87/><D87/><U125/><E64/><V51/><F45/><W90/><G80/><T118/><D118/><U122/><E122/><N who="3" m="47210" /><G6/><N who="0" m="1231" /><D109/><U134/><E134/><V81/><F81/><W126/><G2/><T60/><D35/><N who="1" m="20967" /><E125/><V30/><F30/><N who="3" m="19535" /><G126/><T19/><D36/><U15/><E15/><V65/><F65/><W47/><G47/><T95/><D39/><U100/><E100/><V18/><F5/><W97/><G97/><T133/><D133/><U70/><E70/><V102/><F102/><W74/><G74/><T46/><D46/><U79/><E79/><V40/><AGARI ba="0,0" hai="10,12,18,20,22,40,44,50,51,54,56" m="50249" machi="40" ten="30,2000,0" yaku="19,1,52,1" doraHai="53" who="2" fromWho="2" sc="305,-10,306,-5,299,20,90,-5" /><INIT seed="5,0,0,1,4,46" ten="295,301,319,85" oya="1" hai0="104,38,53,39,44,48,83,91,3,1,76,77,30" hai1="111,66,55,40,74,84,31,100,88,70,18,14,15" hai2="4,65,25,98,134,2,60,113,56,7,21,80,67" hai3="94,36,17,22,10,122,96,125,106,129,79,123,33"/><U126/><E74/><V124/><F124/><W109/><G109/><T47/><D104/><U27/><E126/><V16/><F134/><W11/><G36/><T119/><D30/><U73/><E73/><V117/><F117/><W131/><G106/><T108/><D91/><U92/><E111/><V133/><F133/><W78/><G125/><T32/><D32/><U34/><E40/><V5/><F113/><W58/><G33/><T61/><D61/><U54/><E100/><V121/><F121/><W12/><G58/><T93/><D93/><U35/><E35/><V50/><F2/><W112/><G79/><T132/><D132/><U28/><E28/><V72/><F67/><W82/><G94/><T57/><D57/><U127/><E127/><V24/><F98/><W29/><G96/><T87/><D108/><U89/><E66/><V103/><F103/><W9/><G82/><T8/><D119/><U69/><E69/><V105/><F105/><W102/><G78/><T37/><D76/><U90/><E70/><V26/><F72/><W81/><G81/><T20/><D38/><U135/><E135/><V110/><F110/><W59/><G59/><T99/><D39/><U120/><E120/><N who="3" m="46122" /><G102/><T41/><D99/><U45/><E89/><V64/><F64/><W115/><G29/><T75/><D75/><U13/><E90/><V43/><F80/><W62/><G62/><T49/><D37/><U101/><E101/><V107/><F107/><W68/><G68/><T118/><D118/><U51/><E18/><V52/><F65/><W95/><G95/><T85/><D77/><RYUUKYOKU ba="0,0" sc="295,-30,301,10,319,10,85,10" hai1="13,14,15,27,31,34,45,51,54,55,84,88,92" hai2="4,5,7,16,21,24,25,26,43,50,52,56,60" hai3="9,10,11,12,17,22,112,115,129,131" /><INIT seed="5,1,0,0,3,118" ten="265,311,329,95" oya="1" hai0="15,112,24,50,70,9,12,49,0,107,103,76,63" hai1="102,105,122,6,84,34,86,87,20,21,79,53,69" hai2="33,11,59,62,131,80,5,38,78,25,41,19,44" hai3="134,113,133,57,16,104,36,109,75,64,93,47,74"/><U32/><E122/><V85/><F131/><W88/><G109/><T116/><D76/><U29/><E69/><V7/><F33/><W110/><G110/><T121/><D103/><U91/><E79/><V23/><REACH who="2" step="1"/><F11/><REACH who="2" ten="265,311,319,95" step="2"/><W94/><G133/><T111/><D9/><U100/><E34/><V13/><F13/><W30/><G134/><T55/><D12/><U97/><E32/><V106/><F106/><W124/><G104/><T52/><D15/><U98/><E20/><V99/><F99/><W14/><G14/><T35/><D107/><U61/><E21/><V56/><F56/><W72/><G57/><T3/><D35/><U40/><E105/><V1/><F1/><W37/><G47/><T2/><D111/><U4/><E98/><V108/><F108/><W31/><G124/><T60/><D2/><U83/><E97/><V129/><F129/><W68/><G68/><T135/><D70/><U115/><E4/><V117/><F117/><W65/><G113/><T10/><D116/><U26/><E6/><V132/><F132/><W119/><G119/><T43/><D135/><U77/><E115/><V96/><F96/><W120/><G120/><T18/><D112/><U46/><E102/><V66/><AGARI ba="1,1" hai="5,7,19,23,25,38,41,44,59,62,66,78,80,85" machi="66" ten="20,5200,0" yaku="1,1,0,1,7,1,53,1" doraHai="118" doraHaiUra="54" who="2" fromWho="2" sc="265,-14,311,-27,319,65,95,-14" /><INIT seed="6,0,0,5,1,26" ten="251,284,384,81" oya="2" hai0="11,55,24,87,77,27,18,118,106,73,58,56,90" hai1="5,89,130,128,30,2,82,47,80,41,94,127,64" hai2="74,71,36,17,119,0,33,112,10,123,83,122,28" hai3="69,49,67,66,93,60,102,109,37,68,52,84,48"/><V4/><F17/><W20/><G84/><T97/><D73/><U12/><E2/><V70/><F119/><W134/><G93/><T43/><D43/><U29/><E64/><N who="3" m="24618" /><G20/><T65/><D118/><U132/><E132/><V59/><F59/><N who="3" m="34919" /><G102/><T114/><D77/><U79/><E127/><V110/><F112/><W38/><G109/><T98/><D114/><U111/><E111/><V8/><F8/><W85/><G85/><T81/><D106/><U40/><E40/><V50/><F50/><N who="3" m="19563" /><G134/><T42/><D27/><U113/><E113/><V101/><F10/><W46/><G46/><T22/><D11/><N who="1" m="4207" /><E80/><V35/><F83/><W53/><G53/><T121/><D97/><U7/><E7/><V124/><F4/><W120/><G120/><T3/><D90/><U62/><E82/><V75/><F110/><W135/><G135/><T51/><D22/><U21/><E79/><V116/><F124/><W107/><G107/><T105/><D18/><U125/><E125/><V15/><F123/><W54/><G54/><T23/><D24/><U25/><E29/><V133/><F28/><W9/><G9/><T108/><D87/><U45/><E89/><V76/><F133/><W99/><G99/><T100/><D55/><U31/><E94/><V86/><F0/><W34/><G34/><T104/><D108/><U78/><E78/><V126/><F76/><W44/><G44/><T88/><D88/><U13/><E47/><V115/><F115/><W1/><G1/><T57/><D3/><U6/><E45/><V32/><F126/><W129/><G129/><T117/><D121/><RYUUKYOKU ba="0,0" sc="251,-10,284,-10,384,-10,81,30" hai3="37,38,68,69" /><INIT seed="7,1,0,3,2,42" ten="241,274,374,111" oya="3" hai0="90,4,3,39,45,111,35,132,64,0,129,17,88" hai1="23,80,125,112,15,40,33,109,89,60,27,61,19" hai2="81,56,54,92,11,79,8,131,105,10,1,116,26" hai3="59,55,135,115,30,38,123,57,82,41,121,119,93"/><W5/><G119/><T97/><D35/><U62/><E109/><V101/><F116/><W13/><G115/><T96/><D111/><U83/><E125/><V98/><F131/><W120/><G135/><T48/><D39/><U95/><E112/><V87/><F26/><W32/><G82/><N who="1" m="31274" /><E33/><V47/><F47/><W18/><G5/><T78/><D78/><U22/><E40/><V113/><F113/><W43/><G93/><T71/><D129/><U86/><E61/><V68/><F68/><W14/><G14/><T74/><D64/><U114/><E114/><V20/><F20/><W46/><G43/><N who="0" m="24639" /><D71/><U106/><E106/><V25/><F25/><W29/><G32/><T127/><D74/><U73/><E73/><V104/><F1/><W67/><G67/><T2/><D4/><U72/><E72/><V12/><F12/><W108/><G108/><T24/><D127/><U16/><AGARI ba="1,0" hai="15,16,19,22,23,27,60,62,86,89,95" m="31274" machi="16" ten="30,2000,0" yaku="8,1,54,1" doraHai="42" who="1" fromWho="1" sc="241,-6,274,23,374,-6,111,-11" owari="235,-16.0,297,10.0,368,46.0,100,-40.0" /></mjloggm>