<mjloggm ver="2.3"><GO type="169" lobby="0"/><UN n0="%E3%81%8D%E3%81%8F%E3%81%A6%E3%81%83%E3%81%99%E2%98%86" n1="%7A%61%63%63" n2="%E2%98%86%E3%83%89%E3%83%8A%E3%83%AB%E3%83%89%E6%95%99%E5%BE%92%E2%98%86" n3="%E5%B0%B1%E6%B4%BB%E7%94%9F%40%E5%B7%9D%E6%9D%91%E8%BB%8D%E5%9B%A3" dan="16,17,16,18" rate="2148.13,2186.59,2087.08,2308.87" sx="F,F,M,M"/><TAIKYOKU oya="0"/><INIT seed="0,0,0,4,3,81" ten="250,250,250,250" oya="0" hai0="68,88,51,126,41,6,37,2,71,105,91,73,12" hai1="75,0,121,1,4,106,90,26,72,18,22,52,101" hai2="125,50,39,98,67,21,79,130,113,28,102,43,29" hai3="47,86,95,58,66,120,124,104,42,44,27,13,128"/><T56/><D2/><U36/><E121/><V57/><F113/><W109/><G104/><T94/><D105/><U49/><E36/><V87/><F39/><W31/><G120/><T48/><D73/><U77/><E106/><V133/><F130/><W112/><G128/><T134/><D37/><U116/><E116/><V46/><F133/><W61/><G124/><T110/><D126/><U129/><E101/><V55/><F125/><W70/><G112/><T78/><D134/><U19/><E77/><V108/><F67/><W35/><G109/><T107/><D107/><U60/><E60/><V122/><F122/><W123/><G123/><T38/><D38/><U7/><E1/><V10/><F108/><W11/><G42/><T69/><D110/><U17/><E0/><V34/><F34/><W96/><G70/><T40/><D78/><U5/><E129/><V15/><F21/><W132/><G132/><T32/><D32/><U59/><REACH who="1" step="1"/><E90/><REACH who="1" ten="250,240,250,250" step="2"/><V45/><F79/><W80/><G95/><T65/><D91/><U114/><E114/><V24/><F102/><W53/><G66/><T8/><D51/><U54/><E54/><V100/><F55/><W85/><G61/><T64/><D64/><U131/><E131/><V25/><F50/><W63/><G53/><N who="0" m="31783" /><D65/><U84/><E84/><V99/><F87/><W115/><G85/><N who="0" m="52495" /><D41/><U33/><E33/><V127/><F43/><W76/><G115/><T117/><D40/><U14/><E14/><V103/><F127/><W9/><G76/><T83/><D117/><U20/><E20/><V62/><F15/><W89/><G35/><RYUUKYOKU ba="0,1" sc="250,15,240,15,250,-15,250,-15" hai0="6,8,12,68,69,71,83" hai1="4,5,7,17,18,19,22,26,49,52,59,72,75" /><INIT seed="0,1,1,4,0,42" ten="265,255,235,235" oya="0" hai0="61,63,116,110,125,74,52,66,54,109,21,113,123" hai1="108,32,13,20,46,91,120,69,94,129,93,12,65" hai2="43,26,59,82,106,105,73,76,70,19,133,11,92" hai3="48,90,128,95,27,47,33,118,53,84,34,49,37"/><T121/><D74/><U79/><E120/><N who="0" m="46153" /><D21/><U7/><E32/><V111/><F70/><W102/><G118/><T9/><D9/><U44/><E79/><V57/><F111/><N who="0" m="42506" /><D116/><U51/><E65/><V117/><F133/><W75/><G37/><T103/><D103/><U122/><E69/><V36/><F117/><W15/><G75/><T127/><D113/><U5/><E122/><V39/><F39/><W107/><G128/><T29/><D29/><U67/><E67/><V4/><F92/><W18/><G102/><T31/><D31/><U134/><E129/><V40/><F40/><W64/><G64/><T86/><D86/><U1/><E134/><V60/><F19/><W58/><G107/><N who="2" m="40969" /><F26/><W25/><G33/><T100/><D100/><U17/><E1/><N who="2" m="399" /><F60/><N who="0" m="23114" /><D66/><U24/><E108/><V45/><AGARI ba="1,1" hai="36,43,45,57,59,73,76,82" m="399,40969" machi="45" ten="30,2000,0" yaku="25,1,52,1" doraHai="42" who="2" fromWho="2" sc="265,-11,255,-6,235,33,235,-6" /><INIT seed="1,0,0,2,5,120" ten="254,249,268,229" oya="1" hai0="125,66,91,130,117,100,112,22,19,28,72,96,98" hai1="18,110,77,93,47,16,24,135,84,83,32,3,124" hai2="133,23,35,51,7,4,37,8,132,2,33,62,46" hai3="114,88,54,0,40,69,87,109,50,118,123,39,78"/><U81/><E3/><V61/><F37/><W127/><G114/><T92/><D112/><U21/><E135/><N who="2" m="51787" /><F7/><W90/><G123/><T76/><D117/><U12/><E124/><V43/><F23/><W102/><G69/><T29/><D125/><U41/><E32/><AGARI ba="0,0" hai="2,4,8,32,33,35,43,46,51,61,62" m="51787" machi="32" ten="30,1000,0" yaku="20,1" doraHai="120" who="2" fromWho="1" sc="254,0,249,-10,268,10,229,0" /><INIT seed="2,0,0,3,0,24" ten="254,239,278,229" oya="2" hai0="68,74,17,46,30,13,84,8,26,56,111,110,73" hai1="70,29,85,11,51,9,91,37,130,133,87,71,134" hai2="43,109,103,41,21,96,79,116,97,53,102,52,15" hai3="132,0,123,40,125,107,27,92,58,101,112,47,117"/><V128/><F116/><W129/><G0/><T18/><D68/><U7/><E37/><V105/><F128/><W60/><G107/><T93/><D18/><U124/><E130/><V34/><F34/><W50/><G117/><T3/><D3/><U61/><E124/><V89/><F79/><W39/><G123/><T126/><D126/><U62/><E51/><V127/><F127/><W104/><G104/><T38/><D56/><U69/><E7/><V119/><F119/><W81/><G125/><T14/><D14/><U10/><E29/><V5/><F89/><W6/><G6/><T20/><D38/><U32/><E32/><V90/><F90/><W33/><G132/><N who="1" m="50794" /><E91/><V122/><F122/><W72/><G39/><T77/><D46/><U1/><E1/><V76/><F76/><W54/><G112/><T82/><REACH who="0" step="1"/><D93/><REACH who="0" ten="244,239,278,229" step="2"/><U19/><E19/><V23/><F15/><W55/><G92/><T63/><D63/><AGARI ba="0,1" hai="9,10,11,61,62,63,69,70,71,85,87" m="50794" machi="63" ten="40,5200,0" yaku="28,2,20,1" doraHai="24" who="1" fromWho="0" sc="244,-52,239,62,278,0,229,0" /><INIT seed="3,0,0,2,2,82" ten="192,301,278,229" oya="3" hai0="36,21,80,94,44,119,108,35,45,15,62,71,17" hai1="34,132,83,102,22,48,43,88,117,39,26,128,114" hai2="58,2,9,53,49,106,0,3,23,89,85,41,116" hai3="37,120,75,122,61,13,109,70,38,126,78,91,8"/><W66/><G126/><T65/><D119/><U68/><E114/><V51/><F106/><W134/><G134/><T11/><D35/><U5/><E68/><V123/><F116/><W90/><G78/><T95/><D108/><U73/><E39/><V12/><F23/><W93/><G75/><T111/><D111/><U124/><E34/><V25/><F25/><W79/><G79/><T77/><D11/><U33/><E33/><V29/><F29/><W96/><G109/><T129/><D129/><U64/><E64/><V31/><F31/><W19/><REACH who="3" step="1"/><G90/><REACH who="3" ten="192,301,278,219" step="2"/><T121/><D121/><AGARI ba="0,1" hai="8,13,19,37,38,61,66,70,91,93,96,120,121,122" machi="121" ten="40,3900,0" yaku="1,1,2,1,53,0" doraHai="82" doraHaiUra="28" who="3" fromWho="0" sc="192,-39,301,0,278,0,219,49" /><INIT seed="3,1,0,0,0,64" ten="153,301,278,268" oya="3" hai0="20,108,11,25,39,66,5,10,79,44,81,123,128" hai1="109,42,14,75,43,59,33,132,93,4,125,78,112" hai2="6,7,126,3,134,100,116,72,118,129,88,57,2" hai3="31,48,0,1,47,82,37,21,113,106,49,101,115"/><W52/><G37/><T119/><D123/><U13/><E33/><V17/><F72/><W69/><G0/><N who="2" m="41" /><F100/><W38/><G1/><T41/><D119/><N who="2" m="45610" /><F88/><W73/><G38/><T28/><D108/><U58/><E112/><V135/><F57/><W87/><G73/><T74/><D128/><U51/><E109/><V95/><F95/><W89/><G69/><T29/><D5/><N who="2" m="1546" /><F129/><W45/><G106/><T35/><D35/><U23/><E93/><V105/><F105/><W133/><G133/><N who="2" m="50697" /><F17/><W114/><G101/><T76/><D76/><U18/><E59/><V67/><F67/><W117/><G117/><T77/><D77/><U111/><E58/><V55/><F55/><W68/><G68/><T94/><D66/><U83/><E4/><V124/><AGARI ba="1,0" hai="124,126" m="50697,1546,45610,41" machi="124" ten="40,8000,1" yaku="28,2,20,1,34,2" doraHai="64" who="2" fromWho="2" sc="153,-21,301,-21,278,83,268,-41" /><INIT seed="4,0,0,4,1,46" ten="132,280,361,227" oya="0" hai0="98,134,25,121,94,24,83,20,59,58,102,8,91" hai1="34,87,12,93,60,115,14,30,105,108,45,125,107" hai2="70,63,51,74,131,76,85,48,29,95,120,41,57" hai3="132,127,110,50,113,133,92,68,112,73,86,65,82"/><T123/><D134/><N who="3" m="51817" /><G73/><T26/><D20/><U56/><E108/><V9/><F70/><W122/><G110/><T117/><D117/><U31/><E125/><V90/><F120/><W22/><G127/><T27/><N who="0" m="6144" /><DORA hai="97" /><T52/><D59/><U106/><E34/><V84/><F74/><W43/><G22/><T16/><D83/><U19/><E12/><V100/><F29/><W5/><G5/><T55/><D91/><U18/><E18/><V89/><F76/><N who="3" m="46407" /><G92/><T17/><D55/><U11/><E115/><V32/><F32/><W64/><G122/><T101/><D101/><U71/><E71/><V118/><F131/><W67/><G68/><T36/><D36/><U103/><E87/><N who="2" m="33355" /><F9/><W81/><G81/><T23/><D23/><U38/><E31/><V124/><F124/><W61/><G61/><T80/><D80/><U3/><E3/><V135/><F118/><W53/><G43/><T109/><D109/><U75/><E75/><V130/><F130/><W10/><G10/><T66/><D66/><U104/><E30/><V88/><F41/><W114/><G67/><T6/><D123/><U13/><E107/><V72/><F72/><W62/><G62/><N who="0" m="36167" /><D121/><U2/><E105/><V15/><F135/><W49/><G49/><N who="2" m="19017" /><F63/><W69/><G69/><T37/><D37/><U111/><E106/><V78/><F78/><W47/><AGARI ba="0,0" hai="47,50,53,64,65,112,113,114" m="46407,51817" machi="47" ten="40,5200,0" yaku="15,1,20,1,52,1" doraHai="46,97" who="3" fromWho="3" sc="132,-26,280,-13,361,-13,227,52" /><INIT seed="5,0,0,3,2,20" ten="106,267,348,279" oya="1" hai0="3,15,64,102,72,115,103,40,86,119,30,135,129" hai1="36,19,37,118,27,104,100,73,76,25,94,42,92" hai2="14,84,98,81,60,79,101,8,33,31,61,11,21" hai3="128,46,67,59,120,99,77,83,87,39,2,1,16"/><U107/><E118/><V57/><F33/><W111/><G111/><T52/><D119/><U35/><E42/><V63/><F57/><W108/><G108/><T127/><D3/><U74/><E76/><V48/><F48/><W78/><G78/><T105/><D72/><N who="1" m="27755" /><E19/><N who="2" m="10487" /><F31/><W32/><G32/><T66/><D115/><U80/><E100/><V22/><F22/><W23/><G120/><T34/><D129/><U130/><E80/><V82/><F82/><W123/><G123/><T17/><D135/><U126/><E130/><V117/><F117/><W96/><G2/><T132/><D132/><U133/><E35/><V70/><F70/><W71/><G1/><T5/><D127/><U55/><E55/><V6/><F6/><W125/><G71/><T124/><D124/><U109/><E126/><V53/><F53/><W45/><G128/><T13/><D40/><U12/><E12/><V44/><F44/><N who="3" m="17003" /><G39/><N who="1" m="14922" /><E109/><V93/><AGARI ba="0,0" hai="8,11,60,61,63,79,81,84,93,98,101" m="10487" machi="93" ten="30,1100,0" yaku="8,1" doraHai="20" who="2" fromWho="2" sc="106,-3,267,-5,348,11,279,-3" /><INIT seed="6,0,0,1,5,53" ten="103,262,359,276" oya="2" hai0="29,118,3,4,23,105,125,27,37,92,32,57,71" hai1="38,83,88,94,2,48,13,104,117,8,39,46,49" hai2="84,78,41,55,119,34,36,89,106,31,26,100,22" hai3="63,91,135,30,134,56,121,99,43,45,133,40,52"/><V98/><F119/><W7/><G121/><T10/><D118/><U1/><E104/><V107/><F107/><W19/><G30/><T101/><D71/><U112/><E117/><V42/><F78/><W44/><G7/><T9/><D125/><U132/><E132/><V127/><F127/><W75/><G75/><T130/><D130/><U103/><E49/><V77/><F77/><W20/><G91/><T115/><D115/><U85/><E112/><V80/><F36/><N who="3" m="21511" /><G99/><T68/><D68/><U72/><E39/><V47/><F34/><W102/><G102/><T0/><D37/><U17/><E38/><V33/><F33/><W54/><G43/><T24/><D105/><U128/><E128/><V90/><F90/><W109/><G45/><T131/><D131/><U108/><E108/><V96/><F96/><W58/><G109/><T18/><D92/><U14/><E14/><V12/><F12/><N who="3" m="9319" /><G56/><T35/><D101/><U28/><E28/><V21/><F22/><W116/><G116/><T16/><D57/><U70/><E70/><V81/><F80/><W110/><G110/><T66/><D66/><AGARI ba="0,0" hai="52,54,58,63,66,133,134,135" m="9319,21511" machi="66" ten="30,3900,0" yaku="20,1,52,1,54,1" doraHai="53" who="3" fromWho="0" sc="103,-39,262,0,359,0,276,39" /><INIT seed="7,0,0,1,0,93" ten="64,262,359,315" oya="3" hai0="1,75,98,41,67,8,26,122,89,58,50,48,74" hai1="88,68,71,65,123,131,23,21,33,55,28,108,105" hai2="77,103,135,0,95,42,12,128,35,104,29,109,30" hai3="37,7,82,79,15,99,127,3,45,90,63,25,133"/><W56/><G127/><T44/><D122/><U38/><E38/><V61/><F0/><W51/><G133/><T85/><D1/><U118/><E105/><V17/><F104/><W43/><G25/><T2/><D2/><U39/><E108/><V80/><F109/><W18/><G3/><T96/><D75/><U129/><E39/><V83/><F35/><W20/><G7/><T94/><D74/><U84/><E123/><V54/><F128/><N who="1" m="49225" /><E65/><V76/><F42/><W112/><G112/><T64/><D8/><U124/><E124/><V81/><F135/><W57/><G37/><T87/><D67/><U34/><E55/><V16/><F95/><N who="3" m="56823" /><G63/><T6/><D6/><U121/><E121/><V32/><F103/><W125/><G125/><T101/><D101/><U19/><E28/><N who="2" m="10859" /><F32/><N who="1" m="12393" /><E118/><V27/><F27/><W59/><G59/><T24/><D64/><U9/><E9/><N who="2" m="6159" /><F17/><W60/><G60/><T31/><D31/><U70/><E19/><V134/><F134/><W46/><G46/><T69/><D69/><N who="1" m="17667" /><U91/><DORA hai="49" /><E84/><AGARI ba="0,0" hai="15,18,20,43,45,51,56,57,79,82,84" m="56823" machi="84" ten="30,2900,0" yaku="8,1,52,1" doraHai="93,49" who="3" fromWho="1" sc="64,0,262,-29,359,0,315,29" /><INIT seed="7,1,0,5,5,122" ten="64,233,359,344" oya="3" hai0="88,45,94,67,117,132,35,106,5,15,10,81,30" hai1="33,73,84,70,92,58,77,116,78,115,87,20,7" hai2="13,27,42,2,36,0,19,17,96,49,57,125,105" hai3="91,69,104,89,127,130,120,66,107,59,32,103,3"/><W18/><G120/><T8/><D117/><U46/><E70/><V44/><F125/><W93/><G3/><T82/><D106/><U83/><E33/><V40/><F27/><W86/><G69/><T123/><D123/><U47/><E115/><V63/><F42/><W53/><G32/><T76/><D132/><U135/><E7/><V134/><F134/><W85/><G127/><T72/><D35/><U16/><E73/><V4/><F4/><W11/><G130/><T51/><D30/><U54/><E116/><V95/><F36/><W62/><G103/><T37/><D67/><U80/><E92/><V25/><F25/><W118/><G118/><T110/><D82/><U43/><E43/><V90/><F105/><W29/><G29/><T28/><D10/><U9/><E9/><V23/><F19/><W38/><G38/><T74/><D28/><U39/><E39/><V56/><F56/><W99/><G99/><T34/><D34/><U101/><E101/><V98/><F96/><W22/><G11/><T113/><D113/><U68/><E68/><V52/><AGARI ba="1,0" hai="0,2,13,17,23,40,44,49,52,57,63,90,95,98" machi="52" ten="20,2700,0" yaku="0,1,7,1,54,1" doraHai="122" who="2" fromWho="2" sc="64,-8,233,-8,359,30,344,-14" owari="56,-44.0,225,-17.0,389,48.0,330,13.0" /></mjloggm>