<mjloggm ver="2.3"><GO type="169" lobby="0"/><UN n0="%E3%81%AE%E3%81%86%E3%81%AA%E3%82%81%E3%82%8D%E3%82%93" n1="%E3%82%AC%E3%83%9F%E3%82%B4%E3%83%B3" n2="%E3%83%88%E3%83%88%E3%83%AA%E5%85%88%E7%94%9F%31%39%E6%AD%B3" n3="%68%6F%6C%6D%65%73" dan="16,17,18,17" rate="2154.06,2198.62,2206.66,2146.82" sx="M,M,F,M"/><TAIKYOKU oya="0"/><INIT seed="0,0,0,0,5,67" ten="250,250,250,250" oya="0" hai0="69,42,23,18,111,103,39,7,125,17,34,33,114" hai1="117,131,130,100,106,56,64,38,29,71,31,135,82" hai2="112,116,52,88,63,43,20,87,98,123,26,105,80" hai3="16,8,77,49,70,50,4,62,134,102,24,73,133"/><T28/><D114/><U119/><E38/><V5/><F112/><W93/><G73/><T122/><D122/><U79/><E135/><N who="3" m="51722" /><G77/><T21/><D103/><U129/><E56/><N who="2" m="35207" /><F105/><W13/><G93/><T60/><D125/><U92/><E92/><N who="2" m="56583" /><F123/><W46/><G102/><T12/><D111/><U108/><E108/><V126/><F126/><W9/><G24/><T32/><D7/><U0/><E0/><V94/><F94/><W107/><G107/><T35/><D35/><U81/><E81/><V55/><F116/><N who="1" m="44617" /><E100/><V84/><F43/><W127/><G127/><T3/><D3/><U75/><E106/><V51/><F5/><W10/><G4/><T96/><D42/><U44/><E44/><N who="2" m="28135" /><F80/><W37/><G37/><T86/><D39/><U104/><E104/><V110/><F110/><W45/><G45/><T48/><D34/><U99/><E99/><V128/><F128/><W58/><G46/><T76/><D96/><U1/><E1/><V47/><F47/><W30/><G70/><T115/><D115/><U41/><E41/><V65/><F65/><N who="3" m="39127" /><G30/><AGARI ba="0,0" hai="20,26,30,84,87" m="28135,56583,35207" machi="30" ten="30,3900,0" yaku="8,1,54,2" doraHai="67" who="2" fromWho="3" sc="250,0,250,0,250,39,250,-39" /><INIT seed="1,0,0,4,4,51" ten="250,250,289,211" oya="1" hai0="115,93,37,98,99,40,127,8,57,42,5,36,58" hai1="95,118,97,90,17,3,133,52,73,82,34,29,117" hai2="111,41,69,30,49,6,64,80,105,102,123,129,24" hai3="92,79,7,107,45,113,50,74,63,12,76,23,77"/><U60/><E3/><V4/><F123/><W94/><G107/><T75/><D75/><U62/><E133/><V122/><F122/><W126/><G113/><T68/><D68/><U39/><E39/><V70/><F111/><W78/><G126/><T110/><D110/><U19/><E62/><V32/><F129/><W28/><G74/><T84/><D115/><U10/><E19/><V108/><F108/><W124/><G124/><T47/><D127/><U2/><E29/><V116/><F116/><W96/><G79/><T20/><D84/><U66/><E34/><V59/><F80/><W89/><G63/><T132/><D20/><U48/><E82/><V91/><F91/><W18/><G7/><T119/><D119/><U83/><E83/><V11/><F4/><W55/><G94/><T85/><D85/><U1/><E73/><V26/><F26/><N who="3" m="16479" /><G76/><T43/><D132/><U106/><E106/><V72/><F72/><W130/><G130/><T81/><D81/><U128/><E128/><V14/><F64/><W53/><G53/><T112/><D112/><U87/><E2/><V31/><F31/><W86/><G96/><T21/><D98/><U38/><E97/><N who="2" m="61647" /><F41/><W121/><G121/><T22/><D42/><U13/><E38/><V16/><F6/><W9/><AGARI ba="0,0" hai="9,12,18,45,50,55,77,78,86,89,92" m="16479" machi="9" ten="30,2000,0" yaku="8,1,52,1" doraHai="51" who="3" fromWho="3" sc="250,-5,250,-10,289,-5,211,20" /><INIT seed="2,0,0,3,0,66" ten="245,240,284,231" oya="2" hai0="21,58,55,8,56,60,2,38,22,99,65,89,3" hai1="118,131,53,85,126,94,52,6,91,30,90,25,45" hai2="79,34,124,31,123,28,73,61,130,110,42,12,37" hai3="113,103,106,86,63,101,59,49,115,109,122,116,112"/><V80/><F123/><W46/><G109/><T0/><D38/><U20/><E118/><V11/><F110/><W24/><G116/><T125/><D125/><U15/><E126/><V27/><F124/><W41/><G122/><T10/><D22/><U127/><E127/><V78/><F130/><W4/><G4/><T23/><D23/><U13/><E131/><V97/><F28/><W93/><G106/><T68/><D56/><U120/><E120/><V44/><F79/><W40/><G40/><T18/><D89/><U39/><E39/><V100/><F61/><W26/><G86/><T87/><D87/><U47/><E91/><V17/><F97/><N who="3" m="59567" /><G103/><T132/><D99/><U83/><E83/><V117/><REACH who="2" step="1"/><F100/><REACH who="2" ten="245,240,274,231" step="2"/><W96/><G96/><T57/><D132/><U98/><E98/><V54/><F54/><AGARI ba="0,1" hai="24,26,41,46,49,54,59,63,112,113,115" m="59567" machi="54" ten="30,1000,0" yaku="11,1" doraHai="66" who="3" fromWho="2" sc="245,0,240,0,274,-10,231,20" /><INIT seed="3,0,0,1,4,56" ten="245,240,264,251" oya="3" hai0="81,126,53,135,88,10,110,132,29,122,115,20,33" hai1="2,47,7,125,89,39,134,131,41,43,5,61,17" hai2="95,24,38,48,46,99,123,57,116,62,1,64,87" hai3="121,120,133,8,49,98,106,23,111,100,86,117,3"/><W72/><G117/><T52/><D122/><U28/><E125/><V108/><F123/><W12/><G72/><T107/><D126/><U40/><E131/><V31/><F108/><W21/><G133/><N who="0" m="51275" /><D110/><U83/><E134/><V66/><F1/><W19/><G111/><T103/><D33/><U75/><E28/><V114/><F114/><W109/><G109/><T127/><D127/><U14/><E2/><V51/><F116/><W119/><G119/><T16/><D115/><U130/><E130/><V9/><F9/><W129/><G129/><T36/><D36/><U60/><E47/><V84/><F64/><W67/><G23/><T104/><D29/><U90/><E39/><V65/><F65/><W35/><G35/><T77/><D10/><N who="1" m="6359" /><E75/><V78/><F38/><W73/><G73/><N who="0" m="43183" /><D88/><N who="1" m="33899" /><E83/><V59/><F78/><W97/><G120/><T45/><D45/><U70/><E70/><V79/><F79/><W128/><G128/><T71/><D71/><U113/><E113/><V91/><F46/><W6/><G121/><T50/><D103/><U34/><E34/><V30/><F30/><W25/><G100/><T58/><D53/><U80/><E80/><V32/><F32/><W85/><G67/><T124/><D124/><U74/><E74/><V101/><F101/><W18/><G3/><T118/><D118/><U105/><E105/><V0/><F0/><W112/><G106/><T13/><AGARI ba="0,0" hai="13,16,20,50,52,58,104,107" m="43183,51275" machi="13" ten="30,4000,0" yaku="20,1,54,2" doraHai="56" who="0" fromWho="0" sc="245,40,240,-10,264,-10,251,-20" /><INIT seed="4,0,0,0,0,101" ten="285,230,254,231" oya="0" hai0="114,113,18,75,74,87,52,117,1,95,129,21,78" hai1="64,108,99,86,12,104,25,20,33,92,77,91,31" hai2="90,69,48,47,83,67,68,100,106,17,127,16,53" hai3="41,50,124,5,8,79,81,84,96,123,32,133,35"/><T7/><D117/><U22/><E108/><V40/><F127/><W24/><G133/><T82/><D129/><U116/><E116/><V126/><F126/><W38/><G124/><T97/><D7/><U125/><E125/><V37/><F90/><W26/><G38/><T66/><D1/><U110/><E110/><V39/><F83/><W43/><G123/><T128/><D66/><U60/><E12/><V130/><F130/><W0/><G96/><T13/><D128/><U73/><E73/><V94/><F94/><W6/><G6/><T134/><D134/><U88/><E77/><V80/><F80/><W54/><G35/><T103/><REACH who="0" step="1"/><D52/><REACH who="0" ten="275,230,254,231" step="2"/><U58/><REACH who="1" step="1"/><E91/><REACH who="1" ten="275,220,254,231" step="2"/><V57/><F67/><W30/><G26/><T118/><D118/><U29/><E29/><V14/><F14/><W132/><G132/><T63/><D63/><U76/><E76/><V15/><F15/><W4/><G5/><T2/><D2/><U55/><E55/><V120/><F53/><W102/><G0/><T11/><D11/><U56/><E56/><V119/><F57/><W121/><G121/><T89/><D89/><U9/><E9/><V131/><F120/><W70/><G4/><T34/><D34/><U65/><E65/><V28/><F131/><W51/><G8/><T27/><D27/><U61/><E61/><V49/><F119/><W62/><G24/><T10/><D10/><U115/><E115/><AGARI ba="0,2" hai="13,18,21,74,75,78,82,87,95,97,103,113,114,115" machi="115" ten="40,7700,0" yaku="1,1,15,1,53,1" doraHai="101" doraHaiUra="19" who="0" fromWho="1" sc="275,97,220,-77,254,0,231,0" /><INIT seed="4,1,0,2,0,15" ten="372,143,254,231" oya="0" hai0="106,29,85,41,111,24,89,98,34,17,11,23,124" hai1="79,19,16,92,50,44,51,77,71,103,54,131,123" hai2="127,105,88,128,4,95,97,10,67,120,107,20,96" hai3="9,130,125,52,78,46,22,80,109,5,1,113,3"/><T25/><D124/><U68/><E123/><V134/><F120/><W38/><G109/><T32/><D111/><U58/><E131/><V94/><F127/><W122/><G125/><T49/><D11/><U2/><E2/><V56/><F128/><W42/><G122/><T75/><D75/><U135/><E135/><V72/><F72/><N who="3" m="43079" /><G3/><T100/><D41/><U39/><E39/><V61/><F134/><W102/><G102/><T93/><REACH who="0" step="1"/><D49/><REACH who="0" ten="362,143,254,231" step="2"/><U121/><E121/><V47/><F10/><W7/><G9/><T53/><D53/><U26/><E51/><V0/><F0/><W18/><G130/><T83/><D83/><U87/><E54/><V14/><F4/><W112/><G1/><T117/><D117/><U129/><E50/><V63/><F67/><W55/><G55/><T59/><D59/><U57/><E58/><V64/><F47/><W37/><G37/><T8/><D8/><U27/><E57/><V118/><F118/><W40/><G42/><T35/><AGARI ba="1,1" hai="17,23,24,25,29,32,34,35,85,89,93,98,100,106" machi="35" ten="20,7800,0" yaku="1,1,0,1,7,1,52,1,53,0" doraHai="15" doraHaiUra="60" who="0" fromWho="0" sc="362,91,143,-27,254,-27,231,-27" /><INIT seed="4,2,0,4,1,72" ten="453,116,227,204" oya="0" hai0="44,3,55,47,108,40,132,87,83,0,113,33,9" hai1="19,130,8,6,29,5,2,82,20,77,106,75,74" hai2="124,28,97,63,43,69,22,32,60,76,21,105,117" hai3="86,46,24,1,52,95,122,68,98,31,12,126,128"/><T58/><D33/><U35/><E130/><V114/><F114/><W48/><G1/><T135/><D113/><U10/><E106/><V26/><F124/><W45/><G128/><T127/><D127/><U129/><E129/><V66/><F117/><W111/><G111/><T13/><D108/><U99/><E99/><V51/><F60/><W121/><G68/><T53/><D0/><U116/><E116/><V34/><F34/><W37/><G12/><T50/><D3/><U107/><E107/><V73/><F51/><W25/><G86/><T79/><D53/><U71/><E71/><V85/><F43/><N who="3" m="22767" /><G31/><T11/><D47/><U120/><E120/><N who="3" m="46186" /><G126/><T112/><D112/><U42/><E42/><V62/><F85/><W125/><G125/><T84/><D87/><U70/><E70/><V4/><F4/><W7/><G7/><T104/><D13/><U39/><E39/><V59/><F73/><W36/><G36/><T56/><D84/><U101/><E75/><V17/><F17/><W102/><AGARI ba="2,0" hai="24,25,46,48,52,95,98,102" m="46186,22767" machi="102" ten="30,2000,0" yaku="13,1,54,1" doraHai="72" who="3" fromWho="3" sc="453,-12,116,-7,227,-7,204,26" /><INIT seed="5,0,0,5,0,105" ten="441,109,220,230" oya="1" hai0="115,123,38,69,95,13,5,109,1,130,26,112,49" hai1="31,15,4,104,39,12,29,53,47,32,44,51,108" hai2="117,34,120,101,92,6,128,11,80,40,110,87,118" hai3="14,79,50,71,0,36,111,43,89,90,81,17,57"/><U66/><E104/><V61/><F120/><W30/><G111/><T88/><D38/><U99/><E108/><V135/><F34/><W59/><G71/><T97/><D69/><U16/><E66/><V9/><F110/><W72/><G0/><T41/><D109/><U119/><E119/><V70/><F128/><W33/><G36/><T121/><D1/><U18/><E99/><V42/><F135/><W85/><G33/><T126/><D126/><U133/><E133/><V54/><F11/><W77/><G30/><N who="1" m="11274" /><E39/><V91/><F117/><W131/><G131/><T96/><D130/><U86/><E32/><V25/><F25/><W52/><G43/><T98/><D121/><U116/><E116/><V82/><F118/><W129/><G129/><T106/><D106/><U56/><E86/><V124/><F124/><W65/><G72/><T23/><D123/><U2/><E2/><V64/><F101/><W103/><G103/><T84/><D84/><U58/><E58/><N who="2" m="35031" /><F64/><W78/><G65/><T20/><D98/><U46/><E12/><N who="2" m="5175" /><F70/><W3/><G3/><T75/><D13/><U19/><E15/><V7/><F7/><AGARI ba="0,0" hai="4,7,16,18,19,44,46,47,51,53,56" m="11274" machi="7" ten="40,3900,0" yaku="8,1,54,1" doraHai="105" who="1" fromWho="2" sc="441,0,109,39,220,-39,230,0" /><INIT seed="5,1,0,4,5,80" ten="441,148,181,230" oya="1" hai0="47,122,46,15,134,135,115,42,107,24,79,126,89" hai1="21,70,23,44,57,131,58,34,2,54,11,124,75" hai2="6,84,132,109,4,31,51,33,59,17,61,128,8" hai3="37,9,67,86,71,26,73,28,43,52,97,74,110"/><U108/><E75/><V105/><F109/><W20/><G110/><T16/><D107/><U1/><E108/><V72/><F72/><W69/><G97/><T64/><D79/><U101/><E70/><V83/><F105/><W114/><G114/><T77/><D77/><U18/><E34/><V130/><F132/><W88/><G37/><T65/><D115/><U3/><E101/><V38/><F38/><W5/><G43/><T19/><D126/><U36/><E124/><V85/><F51/><W116/><G69/><T14/><D24/><U76/><E131/><N who="2" m="50219" /><F83/><W117/><G52/><T112/><D112/><U100/><E100/><V25/><F17/><W63/><G116/><T49/><D122/><U104/><E104/><V60/><F4/><W0/><G117/><T32/><D32/><U12/><E76/><V22/><F33/><W91/><G91/><T45/><D45/><U120/><E120/><V121/><F121/><W53/><G53/><T13/><D89/><U78/><E78/><V95/><F95/><AGARI ba="1,0" hai="0,5,9,20,26,28,63,67,71,73,74,86,88,95" machi="95" ten="30,3900,0" yaku="7,1,52,1,54,1" doraHai="80" who="3" fromWho="2" sc="441,0,148,0,181,-42,230,42" /><INIT seed="6,0,0,1,5,104" ten="441,148,139,272" oya="2" hai0="84,83,101,38,23,16,71,134,131,19,34,67,93" hai1="127,28,75,41,17,5,123,4,74,9,26,117,40" hai2="88,15,18,61,21,20,48,96,99,124,36,45,92" hai3="54,81,49,113,98,102,87,12,120,121,105,135,122"/><V60/><F36/><W62/><G135/><T3/><D34/><U85/><E117/><V25/><F99/><W76/><G113/><T59/><D59/><U7/><E127/><V128/><F128/><W47/><G12/><T42/><D93/><U63/><E123/><V115/><F115/><W14/><G14/><T0/><D101/><U89/><E63/><V56/><F56/><W33/><G33/><T2/><D19/><U6/><E17/><N who="2" m="12463" /><F124/><W68/><REACH who="3" step="1"/><G121/><REACH who="3" ten="441,148,139,262" step="2"/><T70/><D2/><U53/><E26/><V8/><F8/><W43/><G43/><AGARI ba="0,1" hai="15,18,20,43,45,48,60,61,88,92,96" m="12463" machi="43" ten="30,2900,0" yaku="8,1,54,1" doraHai="104" who="2" fromWho="3" sc="441,0,148,0,139,39,262,-29" /><INIT seed="6,1,0,2,0,59" ten="441,148,178,233" oya="2" hai0="58,49,77,56,25,134,60,120,132,47,135,12,104" hai1="94,53,66,9,81,61,51,62,124,48,125,40,85" hai2="23,129,20,95,73,38,31,133,118,27,109,13,34" hai3="24,103,107,41,17,98,106,113,64,21,46,101,115"/><V97/><F118/><W32/><G32/><T18/><D120/><U57/><E94/><V78/><F38/><W91/><G91/><T45/><D104/><N who="3" m="39977" /><G64/><T79/><D25/><U26/><E26/><V111/><F129/><W0/><G0/><T84/><D84/><U3/><E3/><V114/><F114/><N who="3" m="43531" /><G98/><T4/><D79/><N who="1" m="46271" /><E9/><V96/><F133/><W29/><G17/><T116/><D77/><U5/><E5/><V44/><F96/><W130/><G130/><T37/><D4/><U117/><E117/><V71/><F78/><W42/><G42/><T88/><D116/><U33/><E33/><V90/><F34/><W19/><G19/><T127/><D88/><U80/><E80/><V50/><F90/><W119/><G119/><T100/><D18/><U7/><E7/><V14/><F95/><W22/><G22/><T123/><D132/><U35/><E35/><V8/><F97/><W68/><G68/><T52/><D134/><U83/><E83/><V6/><F71/><W28/><G28/><T110/><D135/><U70/><E40/><N who="2" m="24839" /><F20/><W43/><G43/><T112/><D112/><U87/><E87/><V16/><F31/><W74/><G74/><T36/><D123/><U92/><E92/><V86/><F73/><W54/><G41/><T99/><D99/><U128/><E128/><V72/><F72/><W10/><G10/><T75/><D75/><U122/><E122/><V69/><F86/><W126/><G101/><T63/><D100/><U15/><E15/><N who="2" m="5527" /><F69/><W39/><G103/><T121/><D121/><U131/><E131/><V108/><AGARI ba="1,0" hai="13,14,16,23,27,108,109,111" m="5527,24839" machi="108" ten="30,6000,0" yaku="5,1,10,1,54,1" doraHai="59" who="2" fromWho="2" sc="441,-21,148,-21,178,63,233,-21" /><INIT seed="6,2,0,0,1,62" ten="420,127,241,212" oya="2" hai0="109,65,4,44,14,125,29,56,103,88,123,102,0" hai1="38,37,49,107,74,39,64,117,31,24,135,6,112" hai2="131,72,32,22,133,132,60,17,15,58,42,40,61" hai3="46,28,16,130,41,87,104,108,33,110,23,121,127"/><V113/><F72/><W27/><G121/><T20/><D109/><U105/><E117/><V10/><F32/><W30/><G104/><T36/><D123/><U129/><E74/><V95/><F113/><W63/><G130/><T91/><D0/><U81/><E112/><V57/><F131/><W34/><G127/><T43/><D125/><U82/><E129/><V69/><F69/><W100/><G100/><T98/><D4/><U94/><E6/><V70/><F70/><W124/><G124/><T128/><D102/><U111/><E111/><V50/><F95/><W75/><G75/><T97/><D97/><U53/><E135/><N who="2" m="51787" /><F50/><W9/><G33/><T79/><D128/><U77/><E94/><V19/><F60/><W67/><G9/><T73/><D73/><U86/><E82/><V54/><F57/><W120/><G120/><T12/><D56/><U3/><E107/><V66/><F54/><W71/><G87/><T18/><D103/><U78/><E105/><V99/><F99/><W101/><G101/><T126/><D98/><U92/><E92/><V115/><F115/><W52/><G52/><T2/><D126/><U80/><E80/><V134/><F134/><W85/><G85/><T5/><D36/><U119/><E86/><V84/><F84/><W47/><G108/><T45/><D91/><U25/><E81/><V1/><F1/><W90/><G110/><T83/><D88/><U26/><E3/><V21/><F10/><W96/><G96/><T68/><D2/><U51/><E39/><V106/><F106/><W118/><G71/><T7/><D68/><RYUUKYOKU ba="2,0" sc="420,-10,127,-10,241,30,212,-10" hai2="15,17,19,21,22,40,42,58,61,66" /><INIT seed="6,3,0,5,1,79" ten="410,117,271,202" oya="2" hai0="39,108,44,120,28,29,32,125,106,127,19,2,132" hai1="99,25,68,74,84,1,20,123,15,77,134,78,111" hai2="87,47,124,86,5,73,3,122,80,113,83,21,91" hai3="133,4,101,33,116,26,69,50,16,112,90,54,95"/><V24/><F122/><W14/><G116/><T118/><RYUUKYOKU type="yao9" ba="3,0" sc="410,0,117,0,271,0,202,0" hai0="2,19,28,29,32,39,44,106,108,118,120,125,127,132" /><INIT seed="6,4,0,4,2,121" ten="410,117,271,202" oya="2" hai0="65,115,43,87,25,34,131,40,68,84,66,122,74" hai1="51,67,95,10,50,117,16,35,108,91,44,15,102" hai2="128,90,103,92,9,112,98,18,110,11,14,88,105" hai3="125,32,42,41,124,119,45,53,70,31,37,64,120"/><V0/><F112/><W13/><G32/><T59/><D122/><U5/><E117/><V123/><F123/><W22/><G120/><T89/><D74/><U109/><E35/><V19/><F128/><W27/><G119/><T107/><D107/><U118/><E118/><V69/><F69/><W8/><G42/><T78/><D68/><U80/><E67/><V21/><F110/><W85/><G70/><T56/><D115/><U7/><E102/><V101/><F101/><W132/><G64/><T62/><D78/><U130/><E130/><V52/><F105/><W104/><G104/><T12/><D12/><U76/><E51/><V4/><REACH who="2" step="1"/><F52/><REACH who="2" ten="410,117,261,202" step="2"/><W1/><G53/><T39/><D131/><U36/><E109/><V6/><F6/><W75/><G124/><T54/><D54/><U113/><E108/><V73/><F73/><W111/><G75/><T3/><D66/><U79/><E113/><V82/><F82/><W24/><G125/><T127/><D127/><U116/><E116/><V135/><F135/><W48/><G132/><T17/><D65/><U134/><E134/><V81/><F81/><W29/><G111/><T133/><D133/><U26/><E7/><V71/><F71/><W97/><G41/><T99/><D43/><N who="1" m="24863" /><E80/><V2/><F2/><W96/><G1/><T61/><D40/><U23/><E36/><V55/><F55/><W93/><G37/><T106/><D39/><U30/><E5/><V46/><F46/><W38/><G38/><T28/><D3/><U49/><E49/><V100/><F100/><N who="3" m="60431" /><G45/><T114/><D114/><U86/><AGARI ba="4,1" hai="10,15,16,23,26,30,76,79,86,91,95" m="24863" machi="86" ten="30,4000,0" yaku="5,1,8,1,54,1" doraHai="121" who="1" fromWho="1" sc="410,-14,117,62,261,-24,202,-14" /><INIT seed="7,0,0,1,2,89" ten="396,179,237,188" oya="3" hai0="119,20,7,69,36,60,3,107,68,71,1,132,63" hai1="103,76,38,121,58,40,104,124,48,108,41,56,6" hai2="129,83,15,66,42,55,13,117,29,84,47,102,92" hai3="75,91,82,22,88,61,44,33,10,51,28,95,93"/><W114/><G114/><T34/><D20/><U30/><E121/><V87/><F117/><W52/><G33/><T72/><D7/><U45/><E108/><V112/><F112/><W37/><G75/><T9/><D9/><U110/><E110/><V23/><F129/><W0/><G82/><T54/><D132/><U99/><E124/><V131/><F66/><W116/><G116/><T105/><D54/><U31/><E6/><V49/><F131/><W100/><G100/><T32/><D71/><U85/><E40/><V94/><F87/><N who="3" m="52383" /><G37/><T27/><D119/><U123/><E123/><V57/><F102/><W98/><G0/><T80/><D80/><N who="1" m="47239" /><E38/><V78/><F92/><W53/><G10/><T21/><D21/><U122/><E104/><V115/><F94/><W70/><G70/><T101/><D101/><U130/><E122/><V2/><F2/><W43/><G61/><T12/><D60/><U109/><E109/><V19/><F115/><W125/><G125/><T111/><D111/><U59/><E130/><V67/><F78/><W77/><G77/><T90/><D3/><U134/><E134/><V35/><F83/><W118/><G118/><T106/><D1/><U46/><E103/><V62/><F84/><W24/><AGARI ba="0,0" hai="22,24,28,43,44,51,52,53,91,95,98" m="52383" machi="24" ten="30,12000,1" yaku="8,1,52,2,54,2" doraHai="89" who="3" fromWho="3" sc="396,-40,179,-40,237,-40,188,120" /><INIT seed="7,1,0,0,4,2" ten="356,139,197,308" oya="3" hai0="36,124,58,55,97,40,24,48,38,63,47,53,106" hai1="82,73,64,22,120,3,30,66,111,125,76,122,116" hai2="28,65,86,84,6,80,12,85,31,74,19,50,13" hai3="92,45,132,110,108,109,101,8,130,94,32,70,118"/><W121/><G118/><T75/><D75/><U49/><E116/><V23/><F74/><W100/><G121/><T105/><D124/><U81/><E111/><V35/><F35/><W61/><G32/><T52/><D24/><U72/><E125/><V78/><F65/><N who="3" m="41263" /><G45/><T21/><D21/><U0/><E49/><V14/><F50/><W88/><G94/><T133/><D133/><U135/><E22/><V7/><F85/><N who="3" m="52239" /><G130/><T29/><D29/><N who="2" m="11338" /><F86/><W91/><G91/><T104/><REACH who="0" step="1"/><D97/><REACH who="0" ten="346,139,197,308" step="2"/><U115/><E30/><V89/><F78/><W59/><G132/><T102/><D102/><U67/><E135/><V87/><F87/><W60/><G8/><T95/><D95/><U77/><REACH who="1" step="1"/><E115/><REACH who="1" ten="346,129,197,308" step="2"/><V79/><F79/><W68/><G68/><T126/><D126/><U107/><E107/><V62/><F62/><W5/><G5/><AGARI ba="1,2" hai="5,6,7,12,13,14,19,23,80,84,89" m="11338" machi="5" ten="30,7700,0" yaku="8,1,52,3" doraHai="2" who="2" fromWho="3" sc="346,0,129,0,197,100,308,-80" owari="346,44.0,129,-37.0,297,10.0,228,-17.0" /></mjloggm>