<mjloggm ver="2.3"><GO type="169" lobby="0"/><UN n0="%E7%B4%85%E3%81%84%E7%9E%B3%E3%81%AE%E6%AD%A6%E4%B8%B8" n1="%77%61%77%61%33%30%33%30" n2="%4A%61%6E%2D%4D%61%63%68" n3="%E5%B0%B1%E6%B4%BB%E7%94%9F%40%E5%B7%9D%E6%9D%91%E8%BB%8D%E5%9B%A3" dan="16,17,16,17" rate="2167.11,2188.30,2123.69,2164.41" sx="M,M,M,M"/><TAIKYOKU oya="0"/><INIT seed="0,0,0,4,0,36" ten="250,250,250,250" oya="0" hai0="11,118,99,87,68,20,28,33,61,111,107,31,109" hai1="103,14,30,78,42,116,24,100,106,5,122,82,93" hai2="131,70,113,67,44,125,47,110,27,88,112,16,89" hai3="133,26,76,1,52,127,21,41,46,32,73,115,69"/><T66/><D87/><U19/><E106/><V92/><F67/><W7/><G115/><T75/><D118/><U119/><E122/><V22/><F70/><W12/><G133/><T124/><D75/><U101/><E5/><V81/><F131/><W126/><G69/><T0/><D124/><U86/><E93/><V62/><F125/><W79/><G32/><T6/><D20/><U40/><E116/><V17/><F110/><N who="0" m="41994" /><D33/><U2/><E2/><V54/><F112/><W91/><G73/><T29/><D99/><U117/><E117/><V129/><F129/><W15/><G79/><T50/><D50/><U64/><E64/><V58/><F113/><W48/><G76/><T77/><D77/><U121/><E121/><V72/><F72/><W135/><G135/><T56/><D107/><U45/><E45/><N who="2" m="17483" /><F81/><W71/><G126/><T105/><D105/><U8/><BYE who="0" /><REACH who="1" step="1"/><E119/><REACH who="1" ten="250,240,250,250" step="2"/><UN n0="%E7%B4%85%E3%81%84%E7%9E%B3%E3%81%AE%E6%AD%A6%E4%B8%B8" /><V23/><F92/><W3/><G3/><T94/><D94/><U114/><E114/><V74/><F74/><W90/><G1/><T104/><D104/><U97/><E97/><V53/><F53/><W9/><G127/><T38/><D68/><U95/><E95/><V98/><F98/><W108/><G71/><T65/><D66/><U59/><E59/><V85/><F85/><W102/><G108/><T18/><D38/><U134/><E134/><V10/><F10/><N who="3" m="4191" /><G52/><T96/><D96/><U80/><E80/><V39/><F39/><W34/><G9/><T35/><D35/><AGARI ba="0,1" hai="8,14,19,24,30,35,40,42,78,82,86,100,101,103" machi="35" ten="40,5200,0" yaku="1,1,52,2,53,0" doraHai="36" doraHaiUra="84" who="1" fromWho="0" sc="250,-52,240,62,250,0,250,0" /><INIT seed="1,0,0,4,3,85" ten="198,302,250,250" oya="1" hai0="9,35,15,59,13,77,62,98,20,106,57,52,80" hai1="43,58,110,72,93,84,25,73,39,36,61,19,92" hai2="53,63,81,16,68,50,3,11,119,132,48,70,76" hai3="46,103,64,128,1,129,123,17,113,90,83,107,131"/><U14/><E25/><V29/><F119/><W47/><G1/><T126/><D35/><U23/><E110/><V40/><F29/><W101/><G123/><T135/><D135/><U87/><E72/><V133/><F40/><W109/><G113/><T24/><D126/><U91/><E73/><V104/><F104/><W105/><G64/><T28/><D9/><U6/><E6/><V42/><F42/><W88/><G17/><T18/><D28/><U21/><E43/><V54/><F63/><W38/><G83/><T30/><D30/><U55/><REACH who="1" step="1"/><E21/><REACH who="1" ten="198,292,250,250" step="2"/><V60/><F132/><W102/><G109/><T32/><D32/><U111/><E111/><V66/><F133/><W5/><G5/><T79/><D24/><U56/><E56/><V75/><F68/><W97/><G38/><T41/><D41/><U116/><E116/><V95/><F16/><W124/><G124/><T120/><D59/><U94/><E94/><V2/><F95/><W115/><G115/><T51/><D106/><N who="3" m="40457" /><G97/><T10/><D98/><U37/><E37/><V27/><F27/><W118/><G118/><T12/><D20/><U45/><E45/><AGARI ba="0,1" hai="45,46,47,88,90,101,102,103,128,129,131" m="40457" machi="45" ten="40,12000,2" yaku="28,2,19,1,52,2,54,1" doraHai="85" who="3" fromWho="1" sc="198,0,292,-120,250,0,250,130" /><INIT seed="2,0,0,4,4,54" ten="198,172,250,380" oya="2" hai0="75,86,20,123,91,26,104,131,92,89,9,80,30" hai1="110,135,39,23,27,96,34,71,0,14,72,85,76" hai2="101,83,41,32,109,5,22,40,100,3,88,99,114" hai3="84,107,134,42,81,113,112,90,87,128,33,56,78"/><V16/><F32/><W64/><G33/><T35/><D123/><U61/><E39/><V8/><F114/><W118/><G118/><T53/><D104/><U2/><E72/><V52/><F109/><W119/><G119/><T57/><D131/><U47/><E110/><V24/><F101/><W116/><G116/><T105/><D105/><U25/><E96/><V70/><F70/><W73/><G128/><T18/><D9/><U48/><E27/><V29/><F29/><W17/><G134/><T68/><D68/><U10/><E34/><V11/><F11/><W130/><G130/><T67/><D67/><U6/><E61/><V122/><F122/><W15/><G42/><T115/><D115/><N who="3" m="44105" /><G107/><T108/><D108/><U97/><E71/><V43/><F100/><W28/><G28/><T58/><D53/><U59/><E2/><V36/><F52/><W19/><G15/><T45/><D45/><U125/><E0/><V74/><F99/><W69/><G69/><T55/><D55/><U37/><E97/><V21/><F21/><W66/><G73/><T77/><REACH who="0" step="1"/><D91/><REACH who="0" ten="188,172,250,380" step="2"/><U93/><E10/><V111/><F111/><W126/><G66/><T129/><D129/><U46/><E47/><N who="2" m="23943" /><F88/><W12/><G64/><T127/><D127/><U51/><E46/><V4/><F4/><W79/><G126/><T103/><D103/><U62/><E6/><V65/><F65/><W31/><G90/><T50/><D50/><U98/><E51/><V132/><F132/><W133/><G133/><T117/><D117/><U44/><E135/><V13/><F3/><W60/><G79/><AGARI ba="0,1" hai="5,8,13,16,22,24,41,43,74,79,83" m="23943" machi="79" ten="30,2900,0" yaku="6,1,54,1" doraHai="54" who="2" fromWho="3" sc="188,0,172,0,250,39,380,-29" /><INIT seed="2,1,0,0,2,93" ten="188,172,289,351" oya="2" hai0="89,49,39,37,91,2,130,87,134,129,31,42,6" hai1="124,125,135,85,123,92,116,14,105,73,8,15,76" hai2="69,120,131,79,68,96,10,106,122,67,133,94,13" hai3="5,23,24,4,65,53,26,97,81,78,77,114,127"/><V20/><F106/><W18/><G114/><T110/><D110/><U72/><E116/><V121/><F79/><W60/><G127/><T36/><D134/><U66/><E105/><V35/><F35/><W41/><G41/><T99/><D31/><U50/><E66/><V74/><F74/><W19/><G53/><T101/><D6/><U80/><E15/><V33/><F33/><W61/><G81/><T9/><D9/><U11/><E8/><V56/><F20/><W21/><G65/><T104/><D2/><U107/><E107/><V55/><F67/><W84/><G84/><T38/><N who="0" m="9216" /><DORA hai="30" /><T44/><D44/><U29/><BYE who="0" /><E29/><V58/><F58/><W47/><G47/><T90/><D90/><U109/><E109/><V95/><F95/><W3/><G3/><UN n0="%E7%B4%85%E3%81%84%E7%9E%B3%E3%81%AE%E6%AD%A6%E4%B8%B8" /><T7/><D7/><U64/><E64/><V113/><F113/><W48/><G48/><T128/><D49/><U34/><E34/><V112/><F131/><W40/><G40/><T119/><D42/><U100/><E50/><V17/><F133/><W54/><G54/><T83/><REACH who="0" step="1"/><D91/><REACH who="0" ten="178,172,289,351" step="2"/><U52/><E135/><V1/><F1/><W75/><G75/><T82/><D82/><U43/><E73/><V25/><F112/><W62/><G62/><T16/><D16/><U63/><E72/><V70/><F121/><W22/><G22/><T57/><D57/><U86/><E63/><N who="2" m="36255" /><F122/><W88/><G88/><T115/><D115/><U102/><E123/><V108/><F120/><W111/><G111/><T32/><D32/><U27/><E43/><V45/><F108/><W51/><G51/><RYUUKYOKU ba="1,1" sc="178,15,172,-15,289,-15,351,15" hai0="83,87,89,99,101,104,119,128,129,130" hai3="4,5,18,19,21,23,24,26,60,61,77,78,97" /><INIT seed="3,2,1,1,4,108" ten="193,157,274,366" oya="3" hai0="112,46,38,47,48,117,45,83,124,51,130,61,80" hai1="133,15,110,23,32,127,16,96,39,44,55,73,27" hai2="109,114,89,103,57,37,85,64,75,66,54,33,24" hai3="9,0,81,84,11,1,8,13,70,113,67,86,41"/><W59/><G113/><T35/><D117/><U78/><E127/><V88/><F75/><W25/><G70/><T58/><D35/><U5/><E133/><V14/><F37/><W42/><G25/><T123/><D123/><U129/><E129/><V20/><F103/><W125/><G125/><T49/><D124/><U12/><E78/><V28/><F89/><W56/><G13/><T100/><D130/><U91/><E73/><V34/><F114/><W135/><G135/><T116/><D116/><U69/><E69/><V30/><F109/><W63/><G81/><N who="0" m="31307" /><D38/><U120/><E120/><V60/><F33/><W126/><G126/><T3/><D3/><U50/><E39/><V121/><F121/><W119/><G119/><T95/><D112/><U93/><E110/><V118/><F118/><W76/><G76/><T6/><D6/><U99/><E32/><V82/><F30/><W87/><REACH who="3" step="1"/><G56/><REACH who="3" ten="193,157,274,356" step="2"/><T65/><D46/><U2/><E2/><AGARI ba="2,2" hai="0,1,2,8,9,11,41,42,59,63,67,84,86,87" machi="2" ten="50,4800,0" yaku="1,1,2,1,53,0" doraHai="108" doraHaiUra="43" who="3" fromWho="1" sc="193,0,157,-54,274,0,356,74" /><INIT seed="3,3,0,3,4,128" ten="193,103,274,430" oya="3" hai0="105,37,53,77,116,103,49,63,22,64,97,73,32" hai1="131,71,4,114,1,8,16,3,80,19,46,84,23" hai2="96,47,117,85,134,21,90,20,18,127,107,43,129" hai3="95,55,133,68,0,14,33,51,42,72,118,108,94"/><W29/><G0/><T52/><D32/><U98/><E131/><V65/><F129/><W31/><G72/><T119/><D37/><U7/><E71/><V122/><F117/><W132/><G68/><T17/><D77/><U24/><E114/><V89/><F65/><W79/><G118/><T87/><D73/><U115/><E115/><V81/><F127/><W54/><G79/><T124/><D53/><N who="3" m="19977" /><G33/><T26/><D87/><U92/><E46/><V135/><F122/><W66/><G66/><T6/><D6/><U36/><E36/><V112/><F112/><W34/><G14/><T76/><D76/><U130/><E130/><V67/><F67/><W39/><G39/><T25/><D25/><U12/><E3/><V62/><F62/><W27/><G31/><T11/><D11/><U28/><E7/><V58/><F58/><W100/><G100/><T86/><D86/><U120/><BYE who="0" /><E1/><V99/><F90/><UN n0="%E7%B4%85%E3%81%84%E7%9E%B3%E3%81%AE%E6%AD%A6%E4%B8%B8" /><W102/><G102/><T109/><D124/><U10/><E10/><V83/><F21/><W57/><G57/><T121/><D121/><U106/><E106/><V13/><F107/><W50/><G108/><T48/><D109/><U111/><E120/><V45/><F83/><W123/><G123/><T91/><D91/><BYE who="0" /><N who="1" m="51591" /><E111/><V125/><F125/><W104/><G104/><T35/><D35/><U126/><E126/><V93/><F81/><W61/><G61/><T69/><D69/><U15/><E15/><V9/><F9/><W44/><G51/><T110/><D110/><U82/><E82/><V60/><F13/><W56/><G56/><T88/><D88/><AGARI ba="3,0" hai="4,8,12,16,19,23,24,28,88,92,98" m="51591" machi="88" ten="30,7700,0" yaku="6,1,8,1,54,2" doraHai="128" who="1" fromWho="0" sc="193,-86,103,86,274,0,430,0" /><INIT seed="4,0,0,4,5,131" ten="107,189,274,430" oya="0" hai0="105,39,74,93,87,26,16,134,29,99,114,112,69" hai1="53,122,63,11,82,133,88,31,73,45,70,110,72" hai2="92,43,6,1,104,25,84,127,51,86,67,124,108" hai3="14,116,34,49,71,119,57,55,12,47,30,15,96"/><T113/><D113/><U13/><E122/><V8/><F104/><W81/><G71/><T56/><D56/><UN n0="%E7%B4%85%E3%81%84%E7%9E%B3%E3%81%AE%E6%AD%A6%E4%B8%B8" /><U37/><E110/><V65/><F108/><W109/><G109/><T120/><D120/><U40/><E31/><V3/><F25/><W121/><G121/><T64/><D39/><U38/><E38/><V18/><F18/><W95/><G81/><T125/><D74/><U33/><E33/><V58/><F1/><W102/><G34/><N who="0" m="20791" /><D125/><N who="2" m="48202" /><F92/><W32/><G32/><T0/><D0/><U100/><E100/><V132/><F132/><W106/><G106/><T61/><D134/><U23/><E23/><V83/><F86/><W85/><G30/><T19/><D87/><U28/><E28/><V128/><F128/><W118/><REACH who="3" step="1"/><G85/><REACH who="3" ten="107,189,274,420" step="2"/><T80/><D80/><U46/><E82/><V115/><F115/><N who="0" m="44074" /><D105/><U50/><E73/><V41/><F84/><W90/><G90/><AGARI ba="0,1" hai="16,19,61,64,69,90,93,99" m="44074,20791" machi="90" ten="30,2900,0" yaku="15,1,54,1" doraHai="131" who="0" fromWho="3" sc="107,39,189,0,274,0,420,-29" /><INIT seed="4,1,0,0,3,49" ten="146,189,274,391" oya="0" hai0="114,18,92,39,74,113,60,59,115,125,50,76,45" hai1="13,25,56,30,98,84,28,52,53,128,3,80,57" hai2="62,29,94,61,15,8,26,108,12,116,72,117,10" hai3="1,93,100,97,32,36,82,54,16,37,0,71,58"/><T47/><D125/><U73/><E3/><V41/><F72/><W118/><G71/><T27/><D92/><U103/><E73/><V35/><F94/><W14/><G118/><N who="2" m="45673" /><F41/><W65/><G32/><T131/><D131/><U111/><E111/><V133/><F108/><W46/><G65/><T67/><D76/><N who="1" m="46087" /><E128/><V64/><F64/><W104/><G104/><T5/><D5/><U86/><BYE who="0" /><E86/><V6/><F133/><W31/><G31/><N who="1" m="11818" /><E13/><V9/><F9/><W17/><G82/><T77/><D77/><U42/><E42/><V132/><F132/><W24/><G37/><T21/><D21/><U75/><E75/><V20/><F35/><W126/><G126/><T78/><D78/><U96/><E25/><V124/><F124/><W123/><G123/><T95/><D95/><N who="1" m="58783" /><E98/><V34/><F34/><W135/><G135/><T130/><D130/><U70/><E70/><V90/><F90/><W129/><G36/><T38/><D38/><U55/><AGARI ba="1,0" hai="52,53,55,56,57" m="58783,11818,46087" machi="55" ten="30,8000,1" yaku="8,1,52,3,54,1" doraHai="49" who="1" fromWho="1" sc="146,-41,189,83,274,-21,391,-21" /><INIT seed="5,0,0,1,1,15" ten="105,272,253,370" oya="1" hai0="100,112,80,41,6,135,68,81,98,33,2,131,1" hai1="121,99,34,79,89,11,0,97,126,13,50,113,53" hai2="63,122,44,128,27,52,73,45,93,19,56,125,35" hai3="54,132,57,23,92,10,36,60,108,75,8,111,124"/><U66/><E121/><V30/><F73/><W106/><G106/><T4/><D4/><U28/><E113/><V64/><F122/><W58/><G75/><T18/><D18/><U82/><E66/><V77/><F77/><W43/><G124/><T109/><D109/><U65/><E65/><V67/><F125/><W110/><G132/><T107/><D107/><U29/><E0/><V130/><F93/><W21/><G36/><T62/><D62/><U116/><E116/><V37/><F67/><W32/><G32/><T133/><D133/><U118/><E118/><V51/><F37/><W103/><G43/><T86/><D86/><U115/><E115/><V9/><REACH who="2" step="1"/><F45/><REACH who="2" ten="105,272,243,370" step="2"/><W59/><G92/><T94/><D94/><U16/><E126/><V76/><F76/><W24/><G103/><T20/><D20/><U69/><E34/><V91/><F91/><W39/><G23/><T48/><D48/><U74/><E69/><V88/><F88/><W84/><G39/><T83/><D83/><U117/><E117/><V129/><F129/><W104/><G104/><T61/><D61/><U38/><E38/><V3/><F3/><W120/><G120/><T78/><D78/><U49/><E89/><V134/><F134/><W114/><G114/><T123/><D123/><U71/><E71/><V40/><F40/><W31/><G84/><T85/><D85/><U14/><E74/><V55/><F55/><W47/><G47/><T7/><D7/><U95/><E95/><V70/><F70/><W12/><G60/><T25/><D25/><U5/><E53/><V46/><F46/><RYUUKYOKU ba="0,1" sc="105,-10,272,-10,243,30,370,-10" hai2="9,19,27,30,35,44,51,52,56,63,64,128,130" /><INIT seed="6,1,1,2,3,103" ten="95,262,273,360" oya="2" hai0="39,12,114,24,89,116,61,16,3,76,51,33,55" hai1="90,13,56,135,109,80,77,36,123,124,66,54,86" hai2="22,87,96,49,27,65,28,112,111,119,105,67,88" hai3="50,129,100,101,70,43,84,71,62,0,134,107,104"/><V73/><F73/><W20/><G0/><T37/><D37/><U108/><E36/><V133/><F119/><W14/><G129/><T74/><D74/><U95/><E124/><V40/><F111/><W25/><G134/><T58/><D58/><U122/><E135/><V60/><F133/><W21/><G84/><T48/><D48/><N who="1" m="30791" /><E66/><V121/><F121/><N who="1" m="46089" /><E13/><V19/><F112/><W68/><G62/><T118/><D118/><U79/><E79/><V64/><F49/><W75/><G75/><AGARI ba="1,1" hai="75,77,80,86,90,95,108,109" m="46089,30791" machi="75" ten="30,1000,0" yaku="13,1" doraHai="103" who="1" fromWho="3" sc="95,0,262,23,273,0,360,-13" /><INIT seed="7,0,0,5,1,50" ten="95,285,273,347" oya="3" hai0="104,40,97,73,90,103,70,36,45,11,134,85,122" hai1="99,58,135,51,82,83,63,112,71,123,37,62,69" hai2="5,121,130,67,72,55,76,119,64,13,128,42,2" hai3="46,33,22,80,87,27,79,32,39,16,95,74,29"/><W34/><G39/><T19/><D19/><U6/><E123/><V4/><F119/><W56/><G46/><T9/><D9/><U44/><E37/><V98/><F42/><W78/><G56/><T43/><D43/><U18/><E112/><V12/><F121/><W115/><G115/><T66/><D66/><N who="2" m="25130" /><F76/><W124/><G124/><T0/><D0/><U109/><E109/><V84/><F84/><W105/><G105/><T89/><D89/><U100/><E135/><V57/><F72/><W17/><G79/><T52/><D52/><N who="1" m="34119" /><E63/><N who="2" m="36287" /><F2/><W61/><G61/><T92/><D92/><N who="1" m="58471" /><E69/><V10/><F98/><W8/><G8/><T20/><D20/><U126/><E71/><V117/><F117/><W131/><G131/><N who="2" m="50217" /><F13/><W1/><G1/><T59/><D59/><U15/><E126/><V81/><F81/><W120/><G120/><T93/><D93/><U21/><E83/><V94/><F94/><W110/><G110/><T127/><D127/><U26/><E82/><V38/><F38/><W47/><G95/><T133/><D133/><U91/><E91/><V30/><F30/><W49/><G74/><T106/><D106/><U111/><E111/><V118/><F118/><W65/><G65/><T24/><D24/><U14/><E14/><V107/><F107/><W54/><AGARI ba="0,0" hai="16,17,22,27,29,32,33,34,47,49,54,78,80,87" machi="54" ten="30,6000,0" yaku="0,1,52,1,54,1" doraHai="50" who="3" fromWho="3" sc="95,-20,285,-20,273,-20,347,60" owari="75,-42.0,265,7.0,253,-15.0,407,50.0" /></mjloggm>