<mjloggm ver="2.3"><GO type="169" lobby="0"/><UN n0="%6C%65%62%65%73%67%75%65" n1="%E3%81%86%E3%81%83%E3%83%BC%E3%81%A1%E3%82%83%E3%82%93" n2="%E5%B0%B1%E6%B4%BB%E7%94%9F%40%E5%B7%9D%E6%9D%91%E8%BB%8D%E5%9B%A3" n3="%68%69%6E%6F%6D%61%72%75" dan="16,16,17,16" rate="2034.32,2127.13,2217.86,2141.13" sx="M,M,M,M"/><TAIKYOKU oya="0"/><INIT seed="0,0,0,0,5,54" ten="250,250,250,250" oya="0" hai0="55,2,118,82,104,27,68,129,18,77,74,49,93" hai1="100,15,88,135,98,19,97,31,81,121,51,34,107" hai2="65,33,48,57,76,123,84,36,23,126,71,120,78" hai3="96,13,6,47,20,99,83,3,106,42,44,117,21"/><T75/><D118/><U64/><E121/><V50/><F33/><W40/><G117/><T132/><D104/><U115/><E115/><V4/><F36/><W90/><G3/><T37/><D37/><U127/><E127/><V29/><F71/><W111/><G111/><T134/><D2/><U87/><E135/><N who="0" m="51753" /><D68/><U80/><E64/><V124/><F4/><W58/><G106/><T102/><D129/><U41/><E98/><V43/><F120/><W113/><G113/><T52/><D75/><U66/><E66/><V60/><F123/><W28/><G28/><T122/><D122/><U85/><E41/><V62/><F62/><W125/><G125/><N who="2" m="48233" /><F43/><W103/><G103/><T95/><D102/><U59/><E31/><V72/><F72/><W112/><G112/><T67/><D67/><U56/><E51/><N who="2" m="19499" /><F84/><W26/><G42/><T116/><D116/><U61/><E61/><V11/><F11/><W119/><G96/><T91/><D91/><U46/><E34/><V17/><F29/><W108/><G99/><T133/><D133/><U89/><E46/><V24/><AGARI ba="0,0" hai="17,23,24,57,60,65,76,78" m="19499,48233" machi="24" ten="30,2000,0" yaku="18,1,52,1" doraHai="54" who="2" fromWho="2" sc="250,-10,250,-5,250,20,250,-5" /><INIT seed="1,0,0,2,5,2" ten="240,245,270,245" oya="1" hai0="43,60,52,69,63,34,64,6,32,72,23,82,97" hai1="98,36,45,90,102,94,77,26,89,129,83,101,51" hai2="58,104,49,130,3,99,133,67,127,11,59,40,113" hai3="95,57,76,73,85,66,18,61,0,62,37,28,80"/><U117/><E117/><V120/><F120/><W39/><G28/><T131/><D43/><U53/><E129/><V78/><F130/><W125/><G125/><T91/><D131/><U47/><E36/><V30/><F127/><W1/><G1/><T134/><D134/><U81/><E45/><V112/><F78/><W119/><G119/><T71/><D97/><U17/><E101/><N who="2" m="62527" /><F30/><W122/><G122/><T92/><D23/><U110/><E110/><V96/><F96/><W4/><G18/><T38/><D38/><U108/><E108/><V5/><F67/><W31/><G31/><T16/><D16/><U35/><E83/><V8/><F8/><W79/><G79/><T105/><D105/><U135/><E135/><V20/><F20/><W109/><G109/><T42/><D42/><U10/><E35/><V7/><F7/><W93/><G62/><T15/><D82/><U74/><REACH who="1" step="1"/><E26/><REACH who="1" ten="240,235,270,245" step="2"/><V65/><F133/><W33/><G33/><T126/><D34/><U41/><E41/><V100/><F100/><W9/><G73/><T44/><D32/><U50/><E50/><V121/><F121/><W124/><G124/><T29/><D72/><U56/><E56/><N who="2" m="21547" /><F65/><W84/><G95/><T114/><D64/><U19/><E19/><V68/><F68/><W128/><G128/><T25/><D71/><U107/><E107/><V12/><F40/><W21/><G21/><T116/><D69/><U70/><E70/><V132/><F132/><W27/><G27/><T87/><D126/><U75/><E75/><V22/><F49/><W103/><G103/><T118/><D118/><RYUUKYOKU ba="0,1" sc="240,-30,235,10,270,10,245,10" hai1="10,17,47,51,53,74,77,81,89,90,94,98,102" hai2="3,5,11,12,22,112,113" hai3="0,4,9,37,39,57,61,66,76,80,84,85,93" /><INIT seed="1,1,1,1,1,66" ten="210,245,280,255" oya="1" hai0="128,61,50,29,58,42,27,35,11,93,86,7,97" hai1="77,127,33,100,69,38,63,81,70,75,98,37,92" hai2="62,94,41,124,39,20,74,53,32,16,22,54,43" hai3="126,101,1,36,25,24,123,28,59,23,47,102,8"/><U129/><E33/><V90/><F32/><W68/><G123/><T135/><D135/><U2/><E2/><V45/><F74/><W79/><G79/><T73/><D73/><U30/><E30/><V31/><F124/><W78/><G78/><T88/><D128/><U64/><E127/><V115/><F115/><W17/><G126/><T71/><D71/><U117/><E117/><V125/><F125/><W103/><G68/><T122/><D122/><U21/><E70/><V44/><F31/><W19/><G59/><T85/><D50/><U57/><E129/><V40/><F22/><W48/><G36/><T14/><REACH who="0" step="1"/><D42/><REACH who="0" ten="200,245,280,255" step="2"/><U99/><E69/><V130/><F130/><W113/><G113/><T10/><D10/><U119/><E119/><V80/><F62/><W46/><G48/><T52/><AGARI ba="1,2" hai="7,11,14,27,29,35,52,58,61,85,86,88,93,97" machi="52" ten="20,12000,2" yaku="1,1,0,1,7,1,54,2,53,1" doraHai="66" doraHaiUra="5" who="0" fromWho="0" sc="200,143,245,-61,280,-31,255,-31" /><INIT seed="2,0,0,2,2,46" ten="343,184,249,224" oya="2" hai0="43,83,8,23,37,14,78,67,16,36,6,115,132" hai1="122,100,15,38,39,64,116,55,18,135,32,76,126" hai2="13,95,52,68,84,103,108,127,65,12,45,66,114" hai3="44,133,125,101,57,109,34,48,56,7,58,25,117"/><V107/><F114/><W97/><G117/><T60/><D115/><U88/><E32/><V24/><F107/><W2/><G109/><T106/><D106/><U94/><E116/><V134/><F68/><W129/><G129/><T86/><D43/><U10/><E122/><V123/><F123/><W99/><G125/><T62/><D132/><U9/><E135/><V118/><F118/><W70/><G70/><T5/><D5/><U61/><E126/><V105/><F105/><W11/><G133/><T91/><D78/><U28/><E28/><V130/><F134/><W40/><REACH who="3" step="1"/><G101/><REACH who="3" ten="343,184,249,214" step="2"/><T90/><D90/><U121/><E100/><V54/><F127/><W3/><G3/><T63/><REACH who="0" step="1"/><D67/><REACH who="0" ten="333,184,249,214" step="2"/><U82/><E64/><V102/><F66/><W77/><G77/><T81/><D81/><U30/><E82/><V96/><F65/><W120/><G120/><T92/><D92/><U50/><E76/><V49/><F130/><W47/><G47/><T87/><D87/><U17/><E121/><V128/><F128/><W27/><G27/><AGARI ba="0,2" hai="6,8,14,16,23,27,36,37,60,62,63,83,86,91" machi="27" ten="40,2600,0" yaku="1,1,54,1,53,0" doraHai="46" doraHaiUra="124" who="0" fromWho="3" sc="333,46,184,0,249,0,214,-26" /><INIT seed="3,0,0,3,1,41" ten="379,184,249,188" oya="3" hai0="59,43,134,114,38,50,28,69,62,33,74,125,78" hai1="25,105,104,76,75,106,122,68,54,72,116,133,55" hai2="86,113,0,6,120,14,17,9,100,119,4,16,131" hai3="1,32,44,80,52,82,95,13,127,35,109,31,71"/><W121/><G71/><T99/><D134/><U81/><E68/><V118/><F100/><W123/><G1/><T27/><D125/><U36/><E122/><V66/><F66/><W89/><G123/><T12/><D114/><U91/><E75/><V103/><F103/><W85/><G121/><T21/><D38/><U63/><E36/><V90/><F120/><W53/><G127/><T60/><D60/><U87/><E133/><V15/><F113/><W115/><G115/><T61/><D61/><U39/><E39/><V24/><F131/><W8/><G109/><T101/><D43/><U70/><E116/><N who="2" m="44587" /><F90/><W22/><G35/><T92/><D50/><U51/><E25/><V57/><F57/><W23/><G32/><T5/><D69/><U83/><REACH who="1" step="1"/><E51/><REACH who="1" ten="379,174,249,188" step="2"/><V67/><F24/><N who="3" m="16791" /><G23/><T7/><D21/><U37/><E37/><V26/><F26/><W18/><G53/><T132/><D27/><U77/><E77/><V42/><F67/><AGARI ba="0,1" hai="54,55,63,67,70,72,76,81,83,87,91,104,105,106" machi="67" ten="40,2600,0" yaku="1,1,53,1" doraHai="41" doraHaiUra="107" who="1" fromWho="2" sc="379,0,174,36,249,-26,188,0" /><INIT seed="4,0,0,5,3,71" ten="379,210,223,188" oya="0" hai0="129,27,126,38,18,54,62,46,56,69,57,58,84" hai1="83,16,26,11,3,104,97,66,50,73,25,102,128" hai2="23,70,121,98,29,120,85,135,61,95,20,118,132" hai3="108,81,53,36,92,110,49,5,114,68,96,124,60"/><T42/><D129/><U112/><E128/><V65/><F118/><W134/><G5/><T0/><D0/><U2/><E66/><V7/><F7/><W78/><G124/><T130/><D130/><U31/><E112/><V89/><F29/><W105/><G105/><T28/><D18/><U52/><E73/><V41/><F41/><W117/><G117/><T113/><D113/><U82/><E3/><V125/><F125/><W37/><G114/><T103/><D126/><U9/><E9/><V79/><F79/><W10/><G10/><T6/><D6/><U115/><E115/><V133/><REACH who="2" step="1"/><F98/><REACH who="2" ten="379,210,213,188" step="2"/><W94/><G110/><T119/><D119/><U8/><E2/><V107/><F107/><W101/><G108/><T44/><D42/><U86/><E31/><V35/><F35/><W24/><G134/><T76/><D76/><U67/><E97/><V64/><F64/><W39/><G68/><T99/><D28/><U51/><E67/><V74/><F74/><W123/><G123/><AGARI ba="0,1" hai="20,23,61,65,70,85,89,95,120,121,123,132,133,135" machi="123" ten="50,3200,0" yaku="1,1,20,1,53,0" doraHai="71" doraHaiUra="48" who="2" fromWho="3" sc="379,0,210,0,213,42,188,-32" /><INIT seed="5,0,0,5,5,9" ten="379,210,255,156" oya="1" hai0="92,10,66,47,79,64,74,69,49,94,71,75,53" hai1="98,110,15,19,132,81,24,89,121,3,39,35,12" hai2="80,87,34,73,104,99,59,36,100,120,14,134,37" hai3="133,111,85,91,29,95,67,60,40,93,135,56,86"/><U84/><E121/><V43/><F34/><W52/><G111/><T50/><D10/><U123/><E123/><V118/><F118/><W8/><G29/><T11/><D11/><U97/><E39/><V124/><F120/><W54/><G40/><T55/><D79/><U27/><E3/><V33/><F33/><W41/><G41/><T96/><D96/><U117/><E117/><V116/><F116/><W68/><G8/><T126/><D47/><U105/><E105/><V25/><F73/><W13/><G13/><N who="1" m="5194" /><E35/><V102/><F102/><W103/><G103/><T77/><D77/><U18/><E132/><N who="3" m="50762" /><G68/><T130/><D130/><U129/><E129/><V83/><F59/><W57/><G57/><T72/><D72/><U88/><E89/><AGARI ba="0,0" hai="52,54,56,60,67,85,86,89,91,93,95" m="50762" machi="89" ten="30,2000,0" yaku="20,1,54,1" doraHai="9" who="3" fromWho="1" sc="379,0,210,-20,255,0,156,20" /><INIT seed="6,0,0,1,2,100" ten="379,190,255,176" oya="2" hai0="99,5,96,82,115,61,120,81,135,41,62,35,77" hai1="125,45,56,109,48,108,73,23,51,2,134,122,1" hai2="15,112,127,94,121,25,7,0,90,113,8,39,58" hai3="34,65,129,102,114,104,49,21,101,54,119,46,10"/><V66/><F121/><W38/><G34/><T32/><D120/><U133/><E73/><V126/><F39/><W117/><G129/><T97/><D81/><U85/><E122/><V24/><F66/><W106/><G65/><T86/><D135/><N who="1" m="51723" /><E85/><V91/><F58/><W42/><G117/><T131/><D41/><U107/><E23/><V75/><F75/><W59/><G119/><T87/><D5/><U60/><E125/><N who="2" m="47627" /><F91/><W124/><G124/><T95/><D62/><U123/><E123/><V52/><F52/><W13/><G21/><T72/><D61/><U37/><E37/><V93/><F93/><W57/><G57/><T40/><D95/><U26/><E51/><V116/><F94/><W118/><G118/><T89/><D89/><U55/><E107/><V17/><F90/><W30/><G30/><T78/><D72/><U43/><E26/><N who="2" m="10347" /><F116/><W88/><G88/><T53/><D53/><U6/><E2/><V11/><AGARI ba="0,0" hai="0,7,8,11,15,17,112,113" m="10347,47627" machi="11" ten="40,7800,0" yaku="18,1,34,2" doraHai="100" who="2" fromWho="2" sc="379,-26,190,-26,255,78,176,-26" /><INIT seed="6,1,0,1,4,61" ten="353,164,333,150" oya="2" hai0="103,85,19,16,39,30,47,11,107,33,119,43,113" hai1="115,123,88,130,46,86,82,75,31,9,117,13,105" hai2="71,65,132,112,63,83,68,81,52,17,108,58,62" hai3="99,7,21,125,89,28,128,38,53,23,44,84,0"/><V72/><F108/><W127/><G128/><T42/><D113/><U54/><E105/><V131/><F112/><W100/><G7/><T98/><D119/><U76/><E123/><V135/><F131/><W12/><G0/><T110/><D110/><U66/><E130/><V57/><F17/><W90/><G12/><T64/><D43/><U97/><E115/><V91/><F72/><W40/><G53/><T114/><D11/><U80/><E117/><V73/><F73/><W34/><G34/><T106/><D106/><U92/><E31/><V102/><F102/><W1/><G1/><T3/><D3/><U60/><E46/><V49/><F91/><W118/><G118/><T56/><D85/><U36/><E36/><V109/><F109/><W93/><G90/><T78/><D78/><U111/><E54/><N who="2" m="31951" /><F81/><W4/><G4/><T32/><D32/><U48/><E48/><N who="2" m="30983" /><F83/><W67/><G67/><AGARI ba="1,0" hai="62,63,65,67,68,71,132,135" m="30983,31951" machi="67" ten="30,12000,1" yaku="34,2,52,2,54,1" doraHai="61" who="2" fromWho="3" sc="353,0,164,0,333,123,150,-123" /><INIT seed="6,2,0,4,3,119" ten="353,164,456,27" oya="2" hai0="33,16,31,68,32,51,43,48,10,42,66,92,37" hai1="134,58,1,49,36,26,39,21,55,118,116,52,113" hai2="74,122,12,6,89,109,107,123,8,67,25,14,60" hai3="127,18,110,78,53,11,86,76,99,114,59,90,101"/><V85/><F74/><W28/><G110/><T13/><D37/><U65/><E1/><V98/><F109/><W2/><G127/><T41/><D33/><U75/><E75/><V108/><F108/><W7/><G114/><T129/><D129/><U61/><E21/><V87/><F25/><W22/><G28/><T84/><D68/><U9/><E9/><V40/><F40/><W94/><G18/><T30/><D66/><U112/><E26/><V131/><F131/><W15/><G22/><T63/><D63/><U81/><E55/><V79/><F79/><W3/><G3/><T121/><D121/><U5/><E81/><V56/><F14/><W96/><G96/><T126/><D126/><U54/><E54/><V103/><REACH who="2" step="1"/><F87/><REACH who="2" ten="353,164,446,27" step="2"/><W106/><REACH who="3" step="1"/><G2/><REACH who="3" ten="353,164,446,17" step="2"/><T80/><D13/><U57/><E112/><V20/><F20/><W47/><G47/><T50/><D32/><U135/><E113/><V104/><F104/><W45/><G45/><T29/><D42/><U102/><E116/><V105/><F105/><W23/><G23/><T69/><D43/><U111/><E118/><V4/><F4/><W132/><G132/><N who="1" m="50730" /><E5/><V125/><F125/><W62/><AGARI ba="2,2" hai="7,11,15,53,59,62,76,78,86,90,94,99,101,106" machi="62" ten="20,2700,0" yaku="1,1,0,1,7,1,53,0" doraHai="119" doraHaiUra="44" who="3" fromWho="3" sc="353,-9,164,-9,446,-15,17,53" /><INIT seed="7,0,0,4,3,111" ten="344,155,431,70" oya="3" hai0="123,100,50,135,12,31,54,21,20,23,38,44,34" hai1="27,82,41,40,102,87,68,62,25,30,125,32,120" hai2="13,16,29,70,106,105,6,109,61,74,18,0,77" hai3="55,95,52,128,97,129,118,93,103,67,28,92,53"/><W59/><G118/><T4/><D123/><U39/><E120/><V26/><F109/><W86/><G28/><T98/><D135/><U45/><E125/><V101/><F77/><W99/><G86/><T104/><D38/><U80/><E41/><V73/><F18/><W63/><REACH who="3" step="1"/><G103/><REACH who="3" ten="344,155,431,60" step="2"/><T43/><D31/><U117/><E102/><V65/><F101/><W89/><G89/><T108/><D100/><U79/><E117/><V56/><F74/><W107/><G107/><T119/><D104/><U96/><E30/><V7/><F73/><W131/><AGARI ba="0,1" hai="52,53,55,59,63,67,92,93,95,97,99,128,129,131" machi="131" ten="40,18000,2" yaku="1,1,0,1,29,2,19,1,54,1,53,0" doraHai="111" doraHaiUra="116" who="3" fromWho="3" sc="344,-60,155,-60,431,-60,60,190" /><INIT seed="7,1,0,2,2,20" ten="284,95,371,250" oya="3" hai0="45,19,78,40,47,98,129,32,117,79,68,50,83" hai1="128,116,15,108,58,35,3,53,55,54,4,44,112" hai2="74,36,29,46,90,119,99,12,0,135,34,69,120" hai3="71,80,130,63,125,86,8,66,52,115,132,43,39"/><W24/><G125/><T41/><D117/><U100/><E35/><V101/><F119/><W97/><G132/><T5/><D68/><U111/><E100/><V7/><F74/><W49/><G130/><T104/><D129/><U76/><E76/><V82/><F69/><W95/><G8/><T131/><D131/><U57/><E15/><V81/><F0/><W114/><G43/><T59/><D32/><U127/><E128/><V33/><F33/><W93/><G39/><T107/><D5/><U6/><E116/><V88/><F34/><W51/><G51/><T38/><D79/><U67/><E127/><V2/><F2/><W106/><G106/><T64/><D98/><U10/><E112/><N who="3" m="43050" /><G24/><T17/><D107/><U105/><E105/><V133/><F36/><W96/><G96/><T118/><D104/><U73/><E73/><V121/><F46/><N who="3" m="27703" /><G97/><T21/><D118/><U30/><E44/><V42/><F42/><W123/><G123/><T1/><D1/><U85/><E4/><V37/><F37/><W124/><G124/><T27/><D59/><U94/><E58/><V18/><F99/><W48/><G48/><T84/><REACH who="0" step="1"/><D64/><REACH who="0" ten="274,95,371,250" step="2"/><U91/><E30/><AGARI ba="1,1" hai="17,19,21,27,30,38,40,41,45,47,50,78,83,84" machi="30" ten="30,7700,0" yaku="1,1,2,1,7,1,52,1,53,0" doraHai="20" doraHaiUra="134" who="0" fromWho="1" sc="274,90,95,-80,371,0,250,0" owari="364,16.0,15,-48.0,371,47.0,250,-15.0" /></mjloggm>