<mjloggm ver="2.3"><GO type="169" lobby="0"/><UN n0="%E3%82%A6%E3%83%AB%E3%83%88%E3%83%A9%E7%AB%8B%E7%9B%B4" n1="%E3%81%A1%E3%81%AA%E3%81%A4%E7%84%A1%E5%8F%8C%EF%BC%81" n2="%73%68%61%70%65%6C%65%72" n3="%EF%BC%9D%E9%B7%BA%E6%A3%AE%E7%81%BC%EF%BC%9D" dan="17,16,17,16" rate="2172.64,2061.41,2157.13,2089.83" sx="M,M,M,F"/><TAIKYOKU oya="0"/><INIT seed="0,0,0,2,4,1" ten="250,250,250,250" oya="0" hai0="82,23,8,77,75,123,44,18,31,0,114,68,48" hai1="34,63,125,56,70,57,111,127,37,25,33,131,60" hai2="26,12,7,15,29,72,124,46,119,69,104,129,79" hai3="126,109,41,53,130,128,134,42,90,117,47,52,118"/><T122/><D68/><U2/><E37/><V97/><F69/><W49/><G90/><T38/><D114/><U65/><E111/><V54/><F129/><N who="3" m="49771" /><G109/><T24/><D38/><U115/><E131/><V99/><F124/><N who="1" m="47689" /><E2/><V51/><F119/><N who="3" m="45579" /><G126/><T112/><D112/><U13/><E115/><V19/><F104/><W61/><G134/><T106/><D106/><U100/><E100/><V84/><F72/><W64/><G53/><T83/><D83/><U62/><E13/><V101/><F101/><W120/><G120/><T94/><D94/><U67/><E25/><V71/><F71/><AGARI ba="0,0" hai="41,42,47,49,52,61,64,71" m="45579,49771" machi="71" ten="30,7700,0" yaku="19,1,34,2,54,1" doraHai="1" who="3" fromWho="2" sc="250,0,250,0,250,-77,250,77" /><INIT seed="1,0,0,0,0,88" ten="250,250,173,327" oya="1" hai0="16,109,21,42,55,12,57,27,19,79,60,72,110" hai1="3,24,103,0,40,39,7,130,108,4,35,33,43" hai2="63,36,97,131,111,87,58,34,76,50,49,47,2" hai3="135,46,129,67,120,101,89,51,70,10,117,122,59"/><U133/><E133/><V52/><F2/><W5/><G135/><T115/><D115/><U41/><E39/><V53/><F34/><W37/><G129/><T116/><D116/><U54/><E130/><V29/><F131/><W86/><G70/><T99/><D42/><U56/><E108/><V38/><F111/><W8/><G117/><T125/><D125/><U118/><E118/><V94/><F29/><W84/><G101/><T69/><D69/><U92/><E3/><V1/><F1/><W126/><G126/><T15/><D27/><U114/><E114/><V6/><F6/><W48/><G37/><T81/><REACH who="0" step="1"/><D99/><REACH who="0" ten="240,250,173,327" step="2"/><U134/><E134/><V31/><F31/><W90/><G122/><T61/><D61/><U82/><E41/><V14/><F63/><N who="3" m="38399" /><G120/><T113/><D113/><U23/><E43/><V20/><F38/><W65/><G48/><T80/><D80/><U83/><E40/><V95/><F36/><W73/><G51/><T100/><D100/><U98/><E82/><N who="2" m="47559" /><F97/><W128/><G128/><T26/><D26/><U17/><E83/><V119/><F119/><W106/><G46/><T45/><D45/><U9/><REACH who="1" step="1"/><E7/><REACH who="1" ten="240,240,173,327" step="2"/><V104/><F104/><W18/><G5/><T62/><D62/><AGARI ba="0,2" hai="0,4,9,17,23,24,33,35,54,56,62,92,98,103" machi="62" ten="30,11600,0" yaku="1,1,2,1,7,1,52,1,53,0" doraHai="88" doraHaiUra="78" who="1" fromWho="0" sc="240,-116,240,136,173,0,327,0" /><INIT seed="1,1,0,1,1,39" ten="124,376,173,327" oya="1" hai0="109,55,32,1,40,129,114,111,61,64,37,22,120" hai1="43,75,121,82,88,18,85,16,21,90,49,3,30" hai2="41,68,77,135,27,117,118,80,105,8,48,24,100" hai3="95,62,9,96,71,92,110,93,26,127,13,113,106"/><U35/><E121/><V133/><F68/><W119/><G113/><T125/><D32/><U4/><E75/><V25/><F100/><W79/><G110/><N who="0" m="41995" /><D1/><U131/><E131/><V126/><F105/><W76/><G127/><T86/><D22/><U67/><E35/><V132/><F8/><W130/><G119/><T97/><D86/><U134/><E134/><V122/><F122/><W57/><G71/><N who="0" m="42383" /><D97/><U14/><E67/><V5/><F5/><N who="3" m="3247" /><G106/><T112/><D120/><U44/><E3/><V6/><F6/><W91/><G130/><T19/><D19/><U123/><E123/><V31/><F31/><W11/><G26/><T54/><D129/><U58/><E58/><V50/><F126/><W102/><G11/><T42/><D125/><U98/><E4/><V89/><F89/><W108/><G93/><T60/><D37/><U46/><E14/><V101/><F101/><W51/><G108/><T34/><D34/><U107/><E107/><V94/><F94/><W7/><G7/><T78/><D78/><U56/><E30/><V87/><F118/><W81/><G81/><T72/><D72/><U84/><E82/><V0/><F0/><W10/><G10/><T33/><D33/><U47/><E98/><V115/><F117/><W69/><G95/><T20/><D20/><U73/><E21/><V29/><F29/><W52/><G102/><T12/><D12/><U74/><E90/><V70/><F132/><W38/><G38/><T103/><D103/><U99/><E88/><V28/><F80/><W23/><G23/><T65/><D114/><U36/><E36/><RYUUKYOKU ba="1,0" sc="124,-10,376,-10,173,-10,327,30" hai3="51,52,57,62,69,76,79,91,92,96" /><INIT seed="2,2,0,5,3,79" ten="114,366,163,357" oya="2" hai0="68,47,81,78,116,117,7,23,58,70,22,53,102" hai1="4,14,80,128,122,1,72,100,103,60,52,50,83" hai2="101,124,55,118,0,130,97,11,5,13,6,106,59" hai3="44,110,54,73,71,126,42,89,12,121,119,26,86"/><V98/><F118/><N who="0" m="45674" /><D102/><N who="1" m="38955" /><E1/><V66/><F130/><W135/><G73/><N who="0" m="43215" /><D47/><U3/><E3/><V120/><F124/><W45/><G71/><N who="0" m="27179" /><D7/><U51/><E128/><V30/><F120/><W64/><G126/><T112/><D112/><U46/><E122/><V91/><F6/><W18/><G45/><T67/><D67/><U123/><E72/><V134/><F66/><W25/><G64/><T133/><D133/><U69/><E69/><V39/><F39/><W127/><G135/><T74/><D74/><U92/><E123/><V113/><F134/><W104/><G127/><T33/><D33/><U131/><E131/><V41/><F113/><W17/><G44/><T85/><D85/><U57/><E92/><V19/><F41/><W31/><G42/><T27/><D27/><U15/><E51/><AGARI ba="2,0" hai="22,23,51,53,58" m="27179,43215,45674" machi="51" ten="30,2000,0" yaku="12,1,52,1" doraHai="79" who="0" fromWho="1" sc="114,26,366,-26,163,0,357,0" /><INIT seed="3,0,0,5,0,29" ten="140,340,163,357" oya="3" hai0="33,99,76,19,31,55,107,30,93,13,114,64,94" hai1="54,45,98,0,130,17,39,77,32,9,89,2,23" hai2="115,109,56,90,71,79,25,81,44,88,120,129,21" hai3="35,16,112,80,37,119,103,18,20,6,27,62,46"/><W69/><G112/><T113/><D64/><U60/><E130/><V121/><F71/><W78/><G119/><T126/><D76/><U15/><E32/><V7/><F115/><N who="0" m="44042" /><D126/><U105/><E77/><V87/><F109/><W5/><G103/><N who="0" m="62975" /><D55/><U95/><E105/><V58/><F129/><W110/><G110/><T72/><D72/><U67/><E9/><V91/><F7/><W14/><G69/><T133/><D133/><U61/><E39/><V34/><F44/><W28/><G62/><T41/><D41/><U59/><E59/><V1/><F1/><W3/><G3/><T125/><D125/><U49/><REACH who="1" step="1"/><E61/><REACH who="1" ten="140,330,163,357" step="2"/><V52/><F34/><W97/><G37/><T8/><D33/><U131/><E131/><V4/><F4/><W106/><G46/><T82/><D82/><U111/><E111/><V47/><F47/><W12/><G106/><T70/><D70/><U132/><E132/><V26/><F58/><W101/><G78/><T104/><D104/><U96/><E96/><V118/><F118/><W63/><G80/><T102/><D94/><U65/><E65/><V66/><F66/><W127/><G127/><T83/><D83/><U22/><E22/><V50/><REACH who="2" step="1"/><F21/><REACH who="2" ten="140,330,153,357" step="2"/><W128/><G128/><T11/><D11/><U73/><E73/><V123/><AGARI ba="0,2" hai="25,26,50,52,56,79,81,87,88,90,91,120,121,123" machi="123" ten="40,12000,2" yaku="1,1,2,1,0,1,13,1,54,2,53,1" doraHai="29" doraHaiUra="51" who="2" fromWho="2" sc="140,-30,330,-30,153,140,357,-60" /><INIT seed="4,0,0,0,1,28" ten="110,300,293,297" oya="0" hai0="123,56,81,53,2,125,34,82,54,103,100,93,99" hai1="80,69,39,59,62,131,70,83,42,109,51,46,133" hai2="67,127,134,49,84,31,122,21,118,102,57,89,38" hai3="7,86,45,41,120,10,65,32,128,44,85,43,47"/><T48/><D2/><U71/><E109/><V116/><F38/><W126/><G128/><T97/><D123/><U60/><E131/><V27/><F122/><W108/><G108/><T112/><D112/><U14/><E133/><V22/><F134/><W92/><G120/><T78/><D125/><U114/><E114/><V115/><F115/><W77/><G65/><T63/><D34/><U61/><E14/><V26/><F102/><W95/><G126/><T94/><REACH who="0" step="1"/><D78/><REACH who="0" ten="100,300,293,297" step="2"/><U107/><E107/><V5/><F127/><W124/><G32/><T55/><D55/><U64/><E83/><V76/><F116/><W74/><G77/><T17/><D17/><U19/><E80/><V68/><F76/><W79/><G79/><T16/><D16/><U113/><E19/><V30/><F118/><W11/><G124/><T20/><D20/><U40/><E113/><V29/><F5/><W4/><G4/><T35/><D35/><U58/><E42/><V1/><F1/><W75/><G7/><T110/><D110/><U106/><E106/><V72/><F31/><W73/><G43/><T105/><D105/><U9/><E9/><N who="3" m="3082" /><G41/><T18/><D18/><U130/><E130/><V3/><F3/><W135/><G135/><T33/><D33/><U121/><E121/><V119/><F119/><W13/><G13/><T37/><D37/><U87/><E39/><V52/><F30/><W88/><G74/><T50/><D50/><U0/><E0/><V132/><F132/><W91/><G75/><T12/><D12/><U101/><E40/><V36/><F29/><W15/><G73/><RYUUKYOKU ba="0,1" sc="100,15,300,-15,293,-15,297,15" hai0="48,53,54,56,63,81,82,93,94,97,99,100,103" hai3="15,44,45,47,85,86,88,91,92,95" /><INIT seed="4,1,1,0,4,27" ten="115,285,278,312" oya="0" hai0="28,99,107,15,105,41,77,52,20,47,60,48,110" hai1="11,114,23,71,7,24,74,44,61,109,82,26,6" hai2="126,30,72,96,101,116,17,29,113,135,63,67,91" hai3="21,95,51,76,46,66,14,65,98,33,0,16,88"/><T5/><D110/><U8/><E109/><V125/><F72/><W39/><G39/><T75/><D75/><U19/><E114/><V112/><F91/><W122/><G0/><T94/><D77/><U111/><E111/><V68/><F17/><W127/><G127/><N who="2" m="48649" /><F135/><W87/><G122/><T93/><D93/><U64/><E44/><V1/><F1/><W86/><G33/><T121/><D121/><U36/><E36/><V83/><F83/><N who="3" m="47591" /><G98/><T38/><D60/><U129/><E74/><V104/><F116/><W13/><G13/><T35/><D35/><U119/><E82/><V73/><F73/><W124/><G124/><T55/><D107/><U56/><E119/><V69/><F69/><W32/><G32/><T134/><D105/><U9/><E71/><V132/><F132/><W58/><G58/><T123/><D123/><U54/><E56/><V78/><F78/><W117/><G117/><T102/><D134/><U62/><E6/><V45/><F45/><W115/><G115/><AGARI ba="1,1" hai="29,30,63,67,68,96,101,104,112,113,115" m="48649" machi="115" ten="30,7700,0" yaku="15,1,18,1,52,2" doraHai="27" who="2" fromWho="3" sc="115,0,285,0,278,90,312,-80" /><INIT seed="5,0,0,4,0,23" ten="115,285,368,232" oya="1" hai0="37,106,107,30,112,69,42,85,117,74,72,59,62" hai1="57,40,2,65,114,109,19,18,58,81,60,94,8" hai2="93,39,98,68,64,20,80,100,54,38,24,16,48" hai3="104,51,9,0,15,4,5,53,77,75,25,46,11"/><U3/><E114/><V33/><F33/><W44/><G104/><T12/><D117/><U41/><E109/><V121/><F121/><W108/><G108/><T7/><D112/><U21/><E81/><V14/><F68/><W76/><G75/><T36/><D69/><U55/><E94/><V43/><F64/><W87/><G87/><T50/><D74/><U125/><E125/><V47/><F80/><W79/><G46/><T70/><D72/><U130/><E130/><V6/><F6/><W27/><AGARI ba="0,0" hai="0,4,5,9,11,15,25,27,44,51,53,76,77,79" machi="27" ten="30,4000,0" yaku="0,1,52,2" doraHai="23" who="3" fromWho="3" sc="115,-10,285,-20,368,-10,232,40" /><INIT seed="6,0,0,0,3,120" ten="105,265,358,272" oya="2" hai0="29,97,19,4,124,8,133,40,66,0,98,3,16" hai1="81,99,38,106,96,53,18,84,130,49,51,64,32" hai2="33,54,72,108,11,12,90,58,101,88,111,41,43" hai3="15,67,44,82,52,113,42,118,50,69,13,117,56"/><V36/><F72/><W94/><G113/><T63/><D124/><U20/><E38/><V122/><F33/><W48/><G94/><T74/><D74/><U87/><E32/><V100/><F122/><W68/><G82/><T114/><D114/><U78/><E130/><V93/><F101/><W21/><G13/><T91/><D133/><U121/><E121/><V47/><F100/><W76/><G76/><T134/><D134/><U119/><E119/><N who="3" m="45578" /><G15/><T109/><D29/><U45/><E64/><V7/><F43/><W1/><G21/><T6/><D40/><U102/><E51/><V28/><F28/><W27/><G27/><T115/><D115/><U57/><E45/><V62/><REACH who="2" step="1"/><F90/><REACH who="2" ten="105,265,348,272" step="2"/><W60/><G1/><T17/><D91/><U127/><E102/><V73/><F73/><W22/><G22/><T10/><REACH who="0" step="1"/><D109/><REACH who="0" ten="95,265,348,272" step="2"/><U23/><E127/><V70/><F70/><AGARI ba="0,2" hai="42,44,48,50,52,56,60,67,68,69,70" m="45578" machi="70" ten="30,3900,0" yaku="34,2,54,1" doraHai="120" who="3" fromWho="2" sc="95,0,265,0,348,-39,272,59" /><AGARI ba="0,0" hai="0,3,4,6,8,10,16,17,19,63,66,70,97,98" machi="70" ten="40,8000,1" yaku="1,1,2,1,9,1,54,1,53,1" doraHai="120" doraHaiUra="59" who="0" fromWho="2" sc="95,80,265,0,309,-80,331,0" /><INIT seed="7,0,0,1,5,113" ten="175,265,229,331" oya="3" hai0="103,80,115,30,72,55,91,42,9,47,46,102,57" hai1="109,26,85,127,28,64,38,52,94,90,93,63,59" hai2="122,39,132,53,105,32,20,44,108,79,50,98,116" hai3="131,135,133,4,110,86,10,1,71,35,69,40,51"/><W12/><G131/><T25/><D115/><U83/><E109/><V37/><F32/><W60/><G110/><T95/><D9/><U77/><E127/><V58/><F108/><W104/><G104/><T19/><D72/><U81/><E38/><V49/><F132/><N who="3" m="50763" /><G35/><T61/><D80/><U34/><REACH who="1" step="1"/><E64/><REACH who="1" ten="175,255,229,331" step="2"/><V106/><F39/><W11/><G60/><T107/><D107/><U120/><E120/><V2/><F37/><W101/><G101/><T6/><D6/><U3/><E3/><V89/><F2/><W62/><G62/><T29/><D103/><U74/><AGARI ba="0,1" hai="26,28,34,52,59,63,74,77,81,83,85,90,93,94" machi="74" ten="20,8000,1" yaku="1,1,0,1,7,1,54,1,53,1" doraHai="113" doraHaiUra="22" who="1" fromWho="1" sc="175,-20,255,90,229,-20,331,-40" owari="155,-34.0,345,44.0,209,-19.0,291,9.0" /></mjloggm>