<mjloggm ver="2.3"><GO type="169" lobby="0"/><UN n0="%E5%B0%B1%E6%B4%BB%E7%94%9F%40%E5%B7%9D%E6%9D%91%E8%BB%8D%E5%9B%A3" n1="%67%61%72%75%63%69%61" n2="%E3%81%9F%E3%81%A4%E3%81%8D%E3%82%80%E3%81%A8%E3%82%93" n3="%E3%83%8B%E3%83%A3%E3%83%83%E3%83%94%E3%83%BC%E5%A4%8F%E7%9B%AE" dan="17,16,16,18" rate="2190.56,2150.04,2082.65,2192.99" sx="M,M,M,M"/><TAIKYOKU oya="0"/><INIT seed="0,0,0,5,4,93" ten="250,250,250,250" oya="0" hai0="76,122,72,95,34,24,123,125,14,64,66,3,43" hai1="89,120,18,132,97,11,131,6,109,20,91,106,8" hai2="92,59,51,33,121,60,77,119,99,69,52,98,57" hai3="96,0,36,84,117,1,102,25,10,83,111,58,70"/><T47/><D3/><U135/><E120/><V12/><F121/><W27/><G70/><T100/><D125/><U114/><E109/><V16/><F33/><W50/><G36/><T42/><D72/><U65/><E131/><V53/><F119/><W79/><G117/><T39/><D76/><U40/><E40/><V26/><F69/><W45/><G58/><T134/><D134/><N who="1" m="51243" /><E114/><V54/><F77/><W22/><G111/><T62/><D43/><U49/><E49/><N who="2" m="30895" /><F26/><W15/><G22/><T90/><D100/><N who="1" m="62735" /><E65/><N who="2" m="39071" /><F51/><W48/><G48/><T118/><D66/><U61/><E61/><V78/><F78/><W68/><G68/><T23/><D118/><U86/><E86/><V75/><F75/><W87/><G87/><T126/><D126/><U74/><E74/><V71/><F71/><W7/><G0/><T103/><D62/><U31/><E31/><V80/><F80/><W110/><G1/><T85/><D64/><U5/><E5/><V124/><F99/><W115/><G115/><T112/><D112/><U38/><E38/><V108/><F108/><W2/><G2/><T32/><D122/><U104/><E104/><V30/><F30/><W17/><G110/><T55/><D123/><U130/><E130/><V127/><F127/><W4/><G4/><T37/><D37/><U73/><E73/><V105/><F105/><N who="3" m="63687" /><G7/><T46/><D39/><U13/><E6/><V56/><F56/><W107/><G107/><T35/><D35/><U82/><E82/><V19/><F124/><W81/><G83/><N who="0" m="49471" /><D34/><U94/><E94/><V41/><F92/><W67/><G67/><RYUUKYOKU ba="0,0" sc="250,-15,250,15,250,-15,250,15" hai1="8,11,13,18,20,89,91" hai3="10,15,17,25,27,45,50,79,81,84" /><INIT seed="1,1,0,2,5,102" ten="235,265,235,265" oya="1" hai0="48,64,81,96,67,72,56,19,44,59,112,24,16" hai1="69,77,43,39,38,33,20,105,115,109,134,46,131" hai2="101,21,55,84,11,76,88,63,91,135,10,1,62" hai3="74,111,120,98,65,6,87,34,35,116,73,41,127"/><U95/><E20/><V2/><F135/><W93/><G120/><T108/><D108/><U7/><E95/><V49/><F101/><W132/><G111/><T50/><D112/><U121/><E7/><V75/><F75/><W83/><G132/><T4/><D4/><U104/><E77/><V80/><F1/><W70/><G6/><T15/><D96/><U71/><E109/><V53/><F2/><W57/><G70/><N who="1" m="26634" /><E134/><V58/><F63/><W8/><G8/><N who="2" m="3113" /><F21/><W26/><G41/><T110/><D110/><U86/><E86/><V25/><F25/><W3/><G3/><T94/><D94/><U122/><E115/><V79/><F79/><W22/><G116/><T66/><D81/><U106/><E131/><V51/><F62/><W114/><G114/><T17/><D72/><U37/><E33/><V78/><F78/><W28/><G35/><T124/><D124/><U100/><E100/><V0/><F0/><W40/><G127/><T9/><D50/><U85/><E85/><V45/><AGARI ba="1,0" hai="45,49,51,53,55,58,76,80,84,88,91" m="3113" machi="45" ten="30,2000,0" yaku="8,1,54,1" doraHai="102" who="2" fromWho="2" sc="235,-6,265,-11,235,23,265,-6" /><INIT seed="2,0,0,0,2,30" ten="229,254,258,259" oya="2" hai0="25,38,63,57,39,17,41,77,31,14,130,123,105" hai1="114,80,100,65,98,0,89,135,51,59,15,44,50" hai2="103,102,66,116,99,2,90,69,23,34,117,5,32" hai3="79,68,96,3,35,16,40,97,56,84,119,29,125"/><V121/><F121/><W26/><G68/><T19/><D123/><U82/><E0/><V1/><F23/><W64/><G119/><N who="2" m="45641" /><F90/><W129/><G3/><N who="2" m="1033" /><F102/><W110/><G40/><T37/><D41/><U124/><E114/><V74/><F5/><W9/><G110/><T108/><D108/><U22/><E124/><V113/><F113/><W75/><G75/><T49/><D49/><U72/><E72/><V24/><F24/><W18/><G125/><T111/><D111/><U45/><E135/><V122/><F122/><W83/><G129/><T53/><D130/><U115/><E115/><V6/><F6/><W48/><G48/><T118/><D118/><U128/><E128/><V27/><F27/><W107/><G107/><T55/><D105/><U28/><E51/><V47/><F47/><W12/><REACH who="3" step="1"/><G18/><REACH who="3" ten="229,254,258,249" step="2"/><T87/><D19/><N who="1" m="10623" /><E50/><V60/><F74/><W92/><G92/><T127/><D127/><U95/><E28/><V76/><F76/><W109/><G109/><T88/><D77/><U70/><E70/><V78/><F78/><W133/><G133/><T106/><D106/><AGARI ba="0,1" hai="32,34,60,66,69,99,103,106" m="1033,45641" machi="106" ten="30,5800,0" yaku="23,1,52,2" doraHai="30" who="2" fromWho="0" sc="229,-58,254,0,258,68,249,0" /><INIT seed="2,1,0,3,5,40" ten="171,254,326,249" oya="2" hai0="85,88,58,120,104,53,76,131,124,57,103,71,90" hai1="35,49,15,105,82,125,108,34,60,61,20,83,93" hai2="64,134,13,118,112,26,19,70,130,111,56,135,86" hai3="62,33,0,65,66,11,87,45,72,48,68,44,46"/><V73/><F73/><W23/><G72/><T89/><D71/><U54/><E105/><V81/><F112/><W43/><G33/><T38/><D120/><U22/><E108/><V59/><F118/><W2/><G66/><T42/><D124/><U1/><E93/><V132/><F111/><W3/><G11/><T14/><D131/><U115/><E1/><V106/><F106/><W116/><G116/><T98/><D14/><U41/><E41/><V12/><F130/><W113/><G113/><T114/><D114/><U28/><E115/><V52/><F70/><W99/><G99/><T50/><D58/><U102/><E102/><V74/><F74/><W8/><G8/><T63/><D38/><U4/><E4/><V96/><F96/><W128/><G128/><T100/><D103/><U47/><E125/><V18/><F64/><W5/><G5/><T80/><REACH who="0" step="1"/><D42/><REACH who="0" ten="161,254,326,249" step="2"/><U79/><E15/><N who="2" m="5707" /><F26/><W55/><G43/><T117/><D117/><U122/><E122/><V37/><F37/><W91/><REACH who="3" step="1"/><G23/><REACH who="3" ten="161,254,326,239" step="2"/><T24/><D24/><U9/><E20/><V32/><F32/><W97/><G97/><T92/><D92/><AGARI ba="1,2" hai="0,2,3,44,45,46,48,55,62,65,68,87,91,92" machi="92" ten="40,8000,1" yaku="1,1,52,3,53,0" doraHai="40" doraHaiUra="127" who="3" fromWho="0" sc="161,-83,254,0,326,0,239,103" /><INIT seed="3,0,0,1,0,21" ten="78,254,326,342" oya="3" hai0="26,128,12,100,4,118,27,47,73,127,122,43,0" hai1="28,95,96,120,17,19,82,113,60,64,75,104,8" hai2="22,16,42,134,56,111,31,5,84,57,30,39,115" hai3="11,24,90,25,74,52,124,3,132,14,86,81,91"/><W20/><G3/><T107/><D122/><U18/><E104/><V61/><F115/><W110/><G74/><T33/><D118/><U54/><E113/><V131/><F131/><W2/><G2/><T65/><D128/><U55/><E120/><V109/><F5/><N who="3" m="3439" /><G132/><T46/><D33/><U51/><E28/><V45/><F134/><W66/><G66/><T7/><D73/><U71/><E75/><V1/><F1/><W77/><G124/><T58/><D0/><U123/><E82/><V78/><F84/><W116/><G116/><T126/><D100/><U29/><E29/><V80/><F80/><W88/><G110/><N who="2" m="41993" /><F78/><W94/><G94/><T59/><D107/><U117/><E117/><V40/><F40/><W13/><G52/><T70/><D12/><U93/><E123/><V35/><F35/><W133/><G133/><T108/><D108/><U72/><E72/><V15/><F56/><W79/><G79/><T63/><D63/><U85/><E55/><AGARI ba="0,0" hai="15,16,22,30,31,39,42,45,55,57,61" m="41993" machi="55" ten="30,2000,0" yaku="14,1,54,1" doraHai="21" who="2" fromWho="1" sc="78,0,254,-20,326,20,342,0" /><INIT seed="4,0,0,2,3,49" ten="78,234,346,342" oya="0" hai0="59,43,122,99,83,58,102,123,119,22,71,32,24" hai1="65,54,124,23,112,26,42,76,75,36,52,9,135" hai2="84,20,105,62,27,50,72,68,28,91,37,116,14" hai3="29,114,34,45,63,17,103,130,69,111,110,134,21"/><T128/><D119/><U89/><E135/><V79/><F37/><W120/><G134/><T57/><D128/><U39/><E65/><V86/><F105/><W82/><G130/><T38/><D71/><U53/><E124/><V81/><F116/><W113/><G120/><T33/><D83/><U127/><E127/><V104/><F104/><W51/><G103/><T56/><N who="0" m="14336" /><DORA hai="90" /><T109/><D109/><U64/><E64/><V60/><F68/><W132/><G82/><T117/><D117/><U77/><E9/><V80/><F72/><W40/><G29/><T35/><D43/><U7/><E7/><V94/><F80/><W2/><G2/><T41/><D41/><U106/><E106/><V6/><F50/><W11/><G34/><T12/><D12/><U31/><E112/><N who="3" m="43114" /><G11/><AGARI ba="0,0" hai="6,11,14,20,27,28,60,62,79,81,84,86,91,94" machi="11" ten="40,2600,0" yaku="8,1,52,1" doraHai="49,90" who="2" fromWho="3" sc="78,0,234,0,346,26,342,-26" /><INIT seed="5,0,0,3,5,40" ten="78,234,372,316" oya="1" hai0="92,108,38,61,37,10,77,58,125,67,104,101,79" hai1="124,99,26,41,66,29,83,113,56,0,87,85,57" hai2="74,134,8,48,53,23,49,114,65,121,89,119,81" hai3="59,135,110,47,24,107,93,75,35,129,25,50,34"/><U130/><E0/><V70/><F119/><W88/><G110/><T60/><D104/><U55/><E124/><V2/><F121/><W42/><G107/><T52/><D108/><U91/><E113/><V63/><F134/><W72/><G135/><T117/><D117/><U115/><E115/><V123/><F123/><W28/><G129/><T21/><D125/><U11/><E130/><V13/><F2/><W54/><G25/><T111/><D111/><U90/><E99/><V46/><F23/><W3/><G3/><T16/><D38/><U17/><E41/><V22/><F22/><W18/><G18/><T102/><D10/><U73/><E73/><V132/><F132/><W82/><G82/><T80/><D37/><U127/><E127/><V103/><F103/><W51/><REACH who="3" step="1"/><G35/><REACH who="3" ten="78,234,372,306" step="2"/><T14/><D92/><U116/><E116/><V84/><F114/><W94/><G94/><T109/><D109/><U45/><E29/><V78/><F81/><W12/><G12/><T31/><D31/><U64/><E26/><V120/><F13/><W95/><G95/><T19/><D19/><U62/><E17/><V43/><F120/><W100/><G100/><T106/><D106/><U44/><E11/><V128/><F8/><W27/><G27/><T86/><REACH who="0" step="1"/><D79/><REACH who="0" ten="68,234,372,306" step="2"/><U105/><E105/><V133/><F78/><W126/><G126/><T15/><D15/><U1/><E1/><V9/><F133/><W20/><G20/><T36/><D36/><U68/><E83/><V39/><F9/><W5/><G5/><T76/><D76/><U97/><E97/><AGARI ba="0,2" hai="24,28,34,42,47,50,51,54,59,72,75,88,93,97" machi="97" ten="30,8000,1" yaku="1,1,7,1,52,1,54,1,53,1" doraHai="40" doraHaiUra="30" who="3" fromWho="1" sc="68,0,234,-80,372,0,306,100" /><INIT seed="6,0,0,0,2,108" ten="68,154,372,406" oya="2" hai0="105,98,110,93,8,50,16,64,23,0,14,115,62" hai1="111,35,33,86,100,13,78,27,25,89,39,43,129" hai2="90,92,69,32,81,48,130,126,29,134,131,18,117" hai3="38,46,124,51,122,73,45,61,22,40,47,42,94"/><V107/><F117/><W82/><G122/><T67/><D110/><U44/><E111/><V49/><F69/><W21/><G124/><T112/><D105/><U103/><E129/><N who="2" m="49163" /><F126/><W59/><G46/><T97/><D50/><U120/><E78/><V99/><F134/><W24/><G94/><T87/><D87/><U135/><E120/><V36/><F36/><W77/><G24/><T9/><D97/><U104/><E135/><V119/><F119/><W1/><G1/><T91/><D64/><AGARI ba="0,0" hai="21,22,38,40,42,45,47,51,59,61,64,73,77,82" machi="64" ten="30,1000,0" yaku="7,1" doraHai="108" who="3" fromWho="0" sc="68,-10,154,0,372,0,406,10" /><INIT seed="7,0,0,2,0,13" ten="58,154,372,416" oya="3" hai0="5,34,76,50,83,80,115,3,45,37,40,62,127" hai1="112,17,63,64,22,55,8,99,98,41,19,33,15" hai2="79,68,51,29,16,57,1,58,7,26,56,73,97" hai3="119,117,43,35,116,135,114,38,11,95,31,53,0"/><W49/><G135/><T60/><D127/><U44/><E33/><V71/><F51/><W28/><G114/><T48/><D34/><U9/><E112/><V133/><F133/><W36/><G95/><T130/><D130/><U6/><E55/><V18/><F79/><W67/><G67/><T105/><D105/><U109/><E109/><V69/><F73/><W132/><G132/><T42/><D115/><U10/><E6/><V12/><F1/><W84/><G84/><T126/><D126/><U88/><E63/><V113/><F113/><W85/><G85/><T122/><D122/><U70/><E70/><V89/><F89/><W4/><G43/><T72/><D83/><U108/><E108/><V24/><F97/><W131/><G131/><T104/><D104/><U66/><E99/><V86/><F86/><W106/><G106/><T30/><D30/><U14/><E44/><V65/><F65/><N who="1" m="25193" /><E41/><V23/><REACH who="2" step="1"/><F26/><REACH who="2" ten="58,154,362,416" step="2"/><W47/><G119/><T59/><D40/><U91/><E98/><V32/><F32/><W118/><G35/><T100/><D100/><U87/><E87/><V61/><F61/><W123/><G117/><T94/><D94/><U102/><E102/><V110/><F110/><W82/><G118/><T27/><D27/><U21/><AGARI ba="0,1" hai="8,9,10,14,15,17,19,21,22,88,91" m="25193" machi="21" ten="30,7900,0" yaku="8,1,52,2,54,1" doraHai="13" who="1" fromWho="1" sc="58,-20,154,89,362,-20,416,-39" owari="38,-46.0,243,-16.0,342,14.0,377,48.0" /></mjloggm>