<mjloggm ver="2.3"><GO type="41" lobby="0"/><UN n0="%63%74%73%6F%61%35%37" n1="%E5%B0%B1%E6%B4%BB%E7%94%9F%40%E5%B7%9D%E6%9D%91%E8%BB%8D%E5%9B%A3" n2="%67%6F%73%70%6B%61%69" n3="%66%61%6E%66%61%6E%39" dan="15,17,13,14" rate="1989.13,2235.83,1840.26,1968.43" sx="M,M,M,F"/><TAIKYOKU oya="0"/><INIT seed="0,0,0,2,4,27" ten="250,250,250,250" oya="0" hai0="24,38,13,44,69,39,80,82,130,71,31,59,95" hai1="21,29,79,10,103,117,121,107,113,134,67,87,48" hai2="16,42,90,104,116,96,30,106,105,118,99,122,108" hai3="46,120,9,41,73,61,101,26,50,123,17,112,25"/><T81/><D130/><U19/><E121/><V6/><F122/><N who="3" m="46635" /><G73/><T68/><D13/><U114/><E117/><N who="2" m="45163" /><F6/><W128/><G112/><N who="1" m="43114" /><E134/><V45/><F90/><W5/><G128/><T93/><D59/><U63/><E48/><V12/><F108/><W133/><G133/><T8/><D8/><U33/><E33/><V60/><F60/><W111/><G111/><T64/><D64/><U84/><E79/><V75/><F75/><W88/><G101/><T135/><D135/><U62/><E103/><V97/><F45/><W119/><G119/><T3/><D3/><U72/><E107/><V28/><F42/><W78/><G78/><T32/><REACH who="0" step="1"/><D44/><REACH who="0" ten="240,250,250,250" step="2"/><U40/><E10/><AGARI ba="0,1" hai="10,12,16,28,30,96,97,99,104,105,106" m="45163" machi="10" ten="40,8000,1" yaku="12,1,52,2,54,1" doraHai="27" who="2" fromWho="1" sc="240,0,250,-80,250,90,250,0" /><INIT seed="1,0,0,2,4,50" ten="240,170,340,250" oya="1" hai0="42,95,43,3,39,11,54,4,53,69,9,25,51" hai1="135,100,2,44,61,66,109,80,64,120,1,37,35" hai2="127,40,96,15,83,6,47,29,72,79,41,52,90" hai3="124,87,73,26,114,60,20,22,8,33,77,134,78"/><U32/><E120/><V67/><F67/><W126/><G114/><T45/><D69/><U118/><E118/><V116/><F116/><W18/><G33/><T82/><D95/><U123/><E123/><V108/><F29/><W49/><G73/><T31/><D11/><U58/><E100/><V62/><F108/><W85/><G60/><T27/><D27/><U102/><E102/><V93/><F127/><W89/><G8/><T115/><D115/><U113/><E113/><V105/><F105/><W59/><G134/><T57/><D82/><U70/><E135/><V0/><F0/><W19/><G49/><T125/><D125/><U13/><E13/><V106/><F106/><W48/><G48/><T38/><D38/><U121/><E121/><V17/><F6/><W131/><G59/><T117/><D117/><U129/><E129/><V81/><F81/><W107/><G26/><T56/><D39/><U36/><E109/><V133/><F133/><W16/><G19/><T55/><REACH who="0" step="1"/><D43/><REACH who="0" ten="230,170,340,250" step="2"/><U103/><E80/><V46/><F41/><W132/><G107/><T12/><D12/><U63/><E103/><V130/><F40/><W92/><G92/><T84/><D84/><U10/><E10/><V7/><F130/><W76/><G132/><T98/><D98/><U88/><E70/><V71/><F71/><W75/><G131/><T14/><D14/><U104/><E104/><V24/><F24/><W110/><G110/><T23/><AGARI ba="0,1" hai="3,4,9,23,25,31,42,45,51,53,54,55,56,57" machi="23" ten="30,8000,1" yaku="1,1,0,1,52,3,53,0" doraHai="50" doraHaiUra="86" who="0" fromWho="0" sc="230,90,170,-40,340,-20,250,-20" /><INIT seed="2,0,0,2,4,59" ten="320,130,320,230" oya="2" hai0="62,29,36,99,70,50,16,79,44,92,91,121,128" hai1="64,71,24,87,123,98,5,58,55,13,18,42,52" hai2="132,73,67,35,45,51,14,20,88,47,2,65,31" hai3="101,83,22,21,38,26,85,118,126,48,25,119,75"/><V104/><F2/><W84/><G38/><T113/><D113/><U108/><E108/><V105/><F73/><W124/><G75/><T28/><D36/><U134/><E123/><V89/><F35/><W129/><G101/><T66/><D121/><U41/><E134/><V82/><F132/><W60/><G48/><T97/><D79/><U9/><E71/><V77/><F77/><W112/><G83/><T96/><D128/><U133/><E133/><V8/><F104/><W102/><G102/><T109/><D109/><U7/><E64/><N who="2" m="24651" /><F105/><W69/><G69/><T100/><D16/><N who="1" m="8239" /><E98/><V130/><F130/><W53/><G129/><T78/><D78/><U127/><E87/><N who="2" m="50295" /><F89/><W63/><REACH who="3" step="1"/><G53/><REACH who="3" ten="320,130,320,220" step="2"/><T30/><REACH who="0" step="1"/><D100/><REACH who="0" ten="310,130,320,220" step="2"/><U135/><E135/><V27/><F51/><W131/><G131/><T76/><D76/><U15/><E127/><V10/><F10/><W61/><G61/><T116/><D116/><U115/><E115/><AGARI ba="0,2" hai="21,22,25,26,60,63,84,85,112,115,118,119,124,126" machi="115" ten="25,8000,1" yaku="1,1,22,2,52,2,53,0" doraHai="59" doraHaiUra="72" who="3" fromWho="1" sc="310,0,130,-80,320,0,220,100" /><INIT seed="3,0,0,4,2,130" ten="310,50,320,320" oya="3" hai0="75,17,79,68,96,106,61,100,125,87,56,97,4" hai1="37,88,46,21,126,123,108,22,112,28,13,102,44" hai2="53,34,51,92,12,47,55,60,11,64,84,15,80" hai3="114,42,69,93,104,95,40,128,1,127,135,16,19"/><W94/><G104/><T23/><D68/><U20/><E123/><V116/><F34/><W74/><G69/><T3/><D4/><U129/><E112/><V70/><F116/><W67/><G67/><T134/><D97/><U54/><E129/><V33/><F33/><W77/><G128/><T62/><D3/><U14/><E108/><V117/><F117/><W99/><G99/><T121/><D121/><U109/><E109/><V9/><F92/><W124/><G1/><T35/><D35/><U58/><E126/><N who="3" m="48170" /><G114/><T43/><D43/><N who="3" m="16425" /><G135/><T29/><D29/><U86/><E102/><V10/><REACH who="2" step="1"/><F55/><REACH who="2" ten="310,50,310,320" step="2"/><W0/><G0/><T52/><D125/><U107/><E107/><V131/><F131/><W85/><G74/><T89/><D75/><U66/><E66/><V115/><F115/><W133/><G95/><T73/><D73/><U119/><E119/><V5/><F5/><W39/><G94/><T72/><D72/><U63/><E28/><V101/><F101/><W59/><G93/><T118/><D118/><U6/><E6/><V113/><F113/><W103/><G103/><T71/><D100/><U30/><E30/><V120/><F120/><W57/><G19/><T83/><D17/><U105/><E105/><V65/><F65/><W2/><G16/><T50/><D106/><U91/><E37/><V25/><F25/><W122/><G39/><T110/><D110/><U41/><E41/><V18/><F18/><W24/><G122/><T27/><D27/><U36/><E36/><V49/><F49/><W82/><G24/><T78/><D50/><U111/><E111/><RYUUKYOKU ba="0,1" sc="310,-10,50,-10,310,30,320,-10" hai2="9,10,11,12,15,47,51,53,60,64,70,80,84" /><INIT seed="4,1,1,1,2,89" ten="300,40,340,310" oya="0" hai0="53,56,124,82,49,97,113,16,133,96,52,94,14" hai1="8,64,39,81,10,12,19,85,134,58,11,127,18" hai2="15,86,77,48,101,21,118,3,128,54,107,0,110" hai3="32,37,80,59,84,93,40,111,106,119,67,71,104"/><T13/><D124/><U1/><E39/><V20/><F110/><W102/><G111/><T6/><D133/><U120/><E120/><V44/><F128/><W22/><G32/><T91/><D113/><U24/><E127/><V7/><F118/><W36/><G119/><T116/><D116/><U55/><E134/><V135/><F135/><W33/><G33/><T100/><D6/><U83/><E83/><V4/><F107/><W126/><G71/><T65/><D65/><U103/><E103/><V112/><F101/><W63/><G126/><T76/><D53/><U38/><E38/><V79/><F112/><W129/><G129/><T98/><D100/><U31/><E31/><V132/><F132/><W17/><G106/><T114/><D114/><U61/><E1/><V70/><F70/><W57/><G57/><T34/><D14/><U99/><E99/><V90/><F15/><W72/><G72/><T130/><D130/><U27/><E64/><V47/><F54/><W74/><G74/><T41/><D41/><U73/><E73/><V62/><F62/><W117/><G40/><T43/><D43/><U23/><REACH who="1" step="1"/><E18/><REACH who="1" ten="300,30,340,310" step="2"/><V29/><F29/><W66/><G117/><T122/><D122/><U78/><AGARI ba="1,2" hai="8,10,11,12,19,23,24,27,55,58,61,78,81,85" machi="78" ten="30,7900,0" yaku="1,1,2,1,0,1,8,1,53,0" doraHai="89" doraHaiUra="68" who="1" fromWho="1" sc="300,-40,30,102,340,-21,310,-21" /><INIT seed="5,0,0,2,4,52" ten="260,132,319,289" oya="1" hai0="78,36,60,73,26,6,28,74,108,39,130,122,134" hai1="62,16,111,125,128,19,99,92,121,84,69,115,81" hai2="91,96,20,131,50,57,112,107,4,82,46,100,95" hai3="117,79,120,53,7,77,135,83,102,25,109,5,8"/><U101/><E121/><V38/><F131/><W66/><G120/><T51/><D130/><U114/><E128/><V35/><F35/><W15/><G109/><T106/><D106/><U68/><E111/><V11/><F38/><W105/><G117/><T76/><D108/><U34/><E34/><V56/><F82/><W97/><G135/><T71/><D51/><U90/><E125/><V3/><F20/><W40/><G40/><T24/><D6/><U49/><E49/><V94/><F112/><W123/><G123/><T126/><D122/><U13/><E19/><V27/><F27/><W85/><G66/><T31/><D60/><U61/><E61/><V104/><F104/><W103/><G103/><T41/><D41/><U86/><E84/><V45/><F45/><W67/><G67/><T124/><REACH who="0" step="1"/><D71/><REACH who="0" ten="250,132,319,289" step="2"/><U58/><E114/><V64/><F107/><W29/><G7/><T55/><D55/><U2/><E115/><V133/><F64/><W75/><G53/><T110/><D110/><U129/><E129/><V127/><F127/><W12/><G5/><T63/><D63/><U72/><E2/><V30/><F133/><AGARI ba="0,1" hai="24,26,28,31,36,39,73,74,76,78,124,126,133,134" machi="133" ten="25,3200,0" yaku="1,1,22,2,53,0" doraHai="52" doraHaiUra="44" who="0" fromWho="2" sc="250,42,132,0,319,-32,289,0" /><INIT seed="6,0,0,1,0,97" ten="292,132,287,289" oya="2" hai0="122,90,133,74,43,34,126,8,73,119,69,33,7" hai1="92,68,94,19,64,100,123,91,115,98,103,118,76" hai2="40,3,60,95,102,31,17,66,6,53,2,50,20" hai3="83,21,9,113,45,127,11,71,78,108,134,42,51"/><V128/><F128/><W16/><G108/><T4/><D90/><N who="1" m="55575" /><E68/><V116/><F31/><W109/><G109/><T62/><D122/><U48/><E64/><V1/><F40/><W18/><G71/><T36/><D7/><U0/><E0/><V104/><F104/><W57/><G134/><T49/><D49/><U44/><E118/><V32/><F32/><N who="0" m="12394" /><D119/><U72/><E123/><V26/><F116/><W99/><G127/><T124/><D133/><U120/><E120/><V28/><F28/><W81/><G83/><T13/><D62/><U132/><E132/><V129/><F129/><W77/><G77/><T130/><D130/><U96/><E115/><V35/><F35/><W54/><G113/><T85/><D69/><U93/><E72/><V55/><F6/><W105/><G18/><T88/><D43/><N who="1" m="24607" /><E76/><V101/><F95/><W107/><G107/><T59/><D36/><U67/><E67/><V46/><REACH who="2" step="1"/><F55/><REACH who="2" ten="292,132,277,289" step="2"/><W82/><G105/><T56/><D74/><U39/><E39/><V14/><F14/><W52/><G54/><T5/><D73/><U25/><E94/><V27/><F27/><W37/><G82/><N who="0" m="49207" /><D5/><U22/><AGARI ba="0,1" hai="19,22,25,91,93,96,100,103" m="24607,55575" machi="22" ten="30,4000,0" yaku="8,1,52,2" doraHai="97" who="1" fromWho="1" sc="292,-10,132,50,277,-20,289,-10" /><INIT seed="7,0,0,3,4,16" ten="282,182,257,279" oya="3" hai0="72,69,88,44,47,102,90,131,135,17,63,18,87" hai1="75,106,91,14,95,74,53,126,99,115,81,107,116" hai2="71,78,26,48,39,61,127,119,62,6,125,9,120" hai3="13,15,30,27,4,96,59,83,68,24,41,55,76"/><W35/><G68/><T7/><D72/><U67/><E67/><V129/><F119/><W66/><G66/><T104/><D135/><U25/><E25/><V29/><F39/><W103/><G41/><T122/><D7/><U98/><E53/><V0/><F78/><W73/><G4/><T33/><D33/><U65/><E65/><V70/><F48/><W101/><G27/><T54/><D54/><U56/><E56/><V19/><F19/><W38/><G38/><T85/><D63/><N who="2" m="24074" /><F129/><W89/><G89/><T37/><D37/><U123/><E123/><V28/><F28/><W117/><G117/><T50/><D50/><U43/><E43/><V36/><F36/><W112/><G112/><T79/><D79/><N who="1" m="44279" /><E14/><V34/><F120/><W45/><G45/><T114/><D69/><U77/><E116/><V109/><F109/><W82/><G82/><T20/><D122/><U64/><E64/><V97/><F97/><N who="1" m="36873" /><E126/><AGARI ba="0,0" hai="0,6,9,26,29,34,70,71,125,126,127" m="24074" machi="126" ten="30,1000,0" yaku="18,1" doraHai="16" who="2" fromWho="1" sc="282,0,182,-10,257,10,279,0" /><INIT seed="8,0,0,3,0,103" ten="282,172,267,279" oya="0" hai0="126,13,4,58,106,34,35,12,31,75,8,14,22" hai1="57,111,55,24,17,7,107,42,63,25,128,77,52" hai2="45,72,47,38,48,21,51,32,112,27,110,65,94" hai3="135,9,92,87,19,6,130,66,117,1,83,81,10"/><T39/><D39/><U88/><E111/><V80/><F110/><W93/><G117/><T16/><D75/><U121/><E121/><V90/><F32/><N who="0" m="12330" /><D58/><U108/><E108/><V56/><F38/><W54/><G66/><T28/><D106/><U11/><E128/><V100/><F100/><W97/><G130/><T134/><D126/><U69/><E77/><V122/><F112/><W64/><G64/><T99/><D99/><U127/><E127/><V105/><F105/><W115/><G115/><T36/><D36/><U82/><E69/><V78/><F122/><W3/><G135/><T102/><D102/><U0/><E107/><V20/><F65/><W113/><G113/><T41/><D41/><U49/><E49/><V59/><F51/><W30/><G54/><T44/><D44/><U132/><E42/><V98/><F21/><W114/><G114/><T73/><D73/><U96/><E132/><V60/><F60/><W23/><G97/><T2/><D134/><U95/><E82/><V67/><F67/><W91/><G83/><T37/><D37/><U62/><REACH who="1" step="1"/><E17/><REACH who="1" ten="282,162,267,279" step="2"/><V68/><F68/><W29/><G81/><T89/><D89/><U40/><E40/><V5/><F5/><W18/><G93/><T46/><D46/><U84/><E84/><V76/><F76/><W124/><G124/><T116/><D116/><U120/><E120/><V123/><F123/><W15/><G19/><T129/><D129/><U33/><E33/><V125/><F125/><W133/><G133/><T71/><D71/><U53/><E53/><N who="2" m="29839" /><F47/><W50/><G50/><T119/><D119/><RYUUKYOKU ba="0,1" sc="282,0,162,0,267,0,279,0" hai0="2,4,8,12,13,14,16,22,28,31" hai1="0,7,11,24,25,52,55,57,62,63,88,95,96" hai2="20,27,56,59,72,78,80,90,94,98" hai3="1,3,6,9,10,15,18,23,29,30,87,91,92" /><INIT seed="8,1,1,0,0,78" ten="282,162,267,279" oya="0" hai0="101,56,97,45,77,44,109,88,16,119,100,73,85" hai1="47,68,74,84,132,104,133,3,128,41,9,81,29" hai2="122,28,48,86,22,55,71,51,118,40,66,43,5" hai3="112,38,32,72,98,63,15,11,116,37,105,21,36"/><T130/><D130/><U102/><E68/><V30/><F122/><W64/><G112/><T13/><D109/><U83/><E74/><V4/><F66/><W115/><G115/><T6/><D6/><N who="2" m="2666" /><F71/><W89/><G32/><T103/><D119/><U20/><E3/><V52/><F118/><W75/><G116/><T94/><D56/><U79/><E9/><V19/><F86/><W131/><G21/><N who="0" m="11407" /><D73/><U33/><E33/><V25/><F43/><W67/><G67/><T80/><AGARI ba="1,1" hai="44,45,77,80,85,88,94,97,100,101,103" m="11407" machi="80" ten="30,11700,0" yaku="8,1,52,1,54,2" doraHai="78" who="0" fromWho="0" sc="282,130,162,-40,267,-40,279,-40" owari="412,51.0,122,-38.0,227,-17.0,239,4.0" /></mjloggm>