<mjloggm ver="2.3"><GO type="169" lobby="0"/><UN n0="%E3%83%AA%E3%83%AA%E3%82%A2%E3%83%BC%E3%83%8C" n1="%E3%82%A6%E3%83%AB%E3%83%88%E3%83%A9%E7%AB%8B%E7%9B%B4" n2="%E3%81%AE%E3%81%B3%E3%81%97%E3%82%8D%E2%99%82" n3="%E3%83%84%E3%83%AC%E3%82%AA" dan="17,17,16,16" rate="2216.11,2228.17,2050.81,2125.08" sx="F,M,M,M"/><TAIKYOKU oya="0"/><INIT seed="0,0,0,4,4,10" ten="250,250,250,250" oya="0" hai0="86,1,24,104,115,11,118,117,33,85,92,105,0" hai1="44,74,111,17,128,109,41,123,126,93,106,32,18" hai2="132,60,107,112,131,14,5,2,116,36,4,71,103" hai3="94,7,78,51,119,99,31,43,40,120,87,48,35"/><T96/><D33/><U34/><E106/><N who="0" m="41065" /><D24/><U75/><E93/><V47/><F132/><W79/><G119/><N who="0" m="45579" /><D11/><U101/><E101/><V110/><F131/><W100/><G120/><T65/><D65/><U16/><E128/><V58/><F110/><N who="1" m="41993" /><E123/><V64/><F112/><W67/><G67/><T70/><D70/><U114/><E114/><V27/><F2/><N who="0" m="1130" /><D92/><U52/><E126/><V15/><F71/><W46/><G7/><T49/><D49/><N who="1" m="28711" /><E41/><V121/><F121/><W134/><G48/><T12/><D115/><U82/><E82/><V21/><F116/><W124/><G43/><T90/><D96/><U56/><E56/><V3/><F103/><W91/><G99/><T77/><D77/><U69/><E69/><V98/><F98/><W108/><G78/><T53/><D53/><U50/><E50/><V39/><F107/><W135/><G79/><T73/><D90/><U127/><E127/><V23/><F3/><W83/><G124/><T97/><D97/><U76/><E76/><V130/><F130/><W88/><G108/><T62/><D62/><U54/><E54/><V25/><F58/><W95/><G100/><T28/><D73/><AGARI ba="0,0" hai="16,17,18,32,34,73,74,75" m="28711,41993" machi="73" ten="40,5200,0" yaku="14,1,54,2" doraHai="10" who="1" fromWho="0" sc="250,-52,250,52,250,0,250,0" /><INIT seed="1,0,0,4,5,22" ten="198,302,250,250" oya="1" hai0="56,27,97,19,66,1,32,21,93,100,104,43,113" hai1="112,30,39,23,48,60,71,88,80,13,116,14,29" hai2="46,45,50,9,52,77,86,37,134,36,103,18,115" hai3="58,24,125,51,101,76,38,114,124,53,83,70,120"/><U65/><E39/><V126/><F134/><W128/><G114/><T59/><D113/><U62/><E112/><V64/><F126/><W8/><G120/><T90/><D1/><U107/><E107/><V2/><F115/><W69/><G38/><T31/><D43/><U121/><E121/><V96/><F64/><W15/><G101/><T118/><D118/><U33/><E33/><V94/><F46/><W123/><G123/><T122/><D122/><U35/><E35/><V34/><F34/><W130/><G124/><T12/><REACH who="0" step="1"/><D66/><REACH who="0" ten="188,302,250,250" step="2"/><U10/><E116/><V49/><F2/><W0/><G0/><T25/><D25/><U4/><E62/><V61/><F61/><W3/><G24/><T63/><D63/><U135/><E135/><V11/><F36/><W91/><G3/><T57/><D57/><N who="1" m="37007" /><E48/><V89/><F49/><W16/><G125/><T67/><D67/><U74/><E71/><V41/><F41/><W132/><G132/><T95/><D95/><U105/><E105/><V20/><F37/><W68/><G70/><T87/><AGARI ba="0,1" hai="12,19,21,27,31,32,56,59,87,90,93,97,100,104" machi="87" ten="20,5200,0" yaku="1,1,0,1,7,1,52,1,53,0" doraHai="22" doraHaiUra="109" who="0" fromWho="0" sc="188,62,302,-26,250,-13,250,-13" /><INIT seed="2,0,0,1,3,54" ten="250,276,237,237" oya="2" hai0="38,109,77,57,28,70,43,124,115,19,37,48,120" hai1="123,63,106,82,50,35,101,93,118,104,91,135,24" hai2="42,65,75,107,15,64,40,36,27,113,10,114,1" hai3="59,55,122,47,89,111,6,95,16,26,17,92,76"/><V130/><F107/><W2/><G111/><T116/><D77/><U127/><E118/><V0/><F75/><W4/><G122/><T33/><D19/><N who="3" m="7241" /><G76/><T62/><D28/><U67/><E127/><V87/><F130/><W97/><G2/><T108/><D33/><U96/><E135/><V68/><F27/><W119/><G119/><T49/><D116/><U30/><E50/><N who="0" m="19561" /><D120/><U94/><E82/><V133/><F133/><W134/><G47/><N who="0" m="24047" /><D38/><U81/><E123/><V103/><F103/><N who="3" m="60839" /><G26/><T105/><D105/><U85/><REACH who="1" step="1"/><E106/><REACH who="1" ten="250,266,237,237" step="2"/><V31/><F114/><W18/><G134/><T23/><D115/><U56/><AGARI ba="0,1" hai="24,30,35,56,63,67,81,85,91,93,94,96,101,104" machi="56" ten="20,12000,2" yaku="1,1,2,1,0,1,7,1,52,1,53,1" doraHai="54" doraHaiUra="60" who="1" fromWho="1" sc="250,-30,266,130,237,-60,237,-30" /><INIT seed="3,0,0,0,4,53" ten="220,396,177,207" oya="3" hai0="90,125,9,86,8,54,93,130,46,112,65,116,24" hai1="18,49,100,123,102,51,72,77,47,63,111,82,124" hai2="13,80,122,87,37,76,38,55,110,78,42,133,6" hai3="7,19,5,10,16,103,26,79,105,3,91,28,64"/><W74/><G64/><T45/><D116/><U66/><E123/><V40/><F110/><W114/><G114/><T98/><D112/><U118/><E111/><V44/><F133/><W95/><G105/><T71/><D130/><U129/><E129/><V132/><F132/><W128/><G103/><T56/><D125/><U119/><E124/><V22/><F122/><W117/><G128/><T17/><D71/><U62/><E18/><V12/><F55/><W67/><G117/><N who="1" m="44554" /><E51/><V120/><F120/><W126/><G126/><T99/><D65/><U15/><E15/><V25/><F76/><W134/><G134/><T31/><D31/><U69/><E63/><V1/><F1/><W52/><G67/><T41/><D24/><U39/><E39/><V131/><F131/><W92/><G7/><T83/><D99/><U88/><E88/><V48/><F6/><W84/><G95/><T73/><D73/><U101/><E101/><V107/><F107/><W11/><G11/><N who="0" m="4171" /><D17/><U57/><E69/><V68/><F68/><W2/><G2/><T135/><D41/><AGARI ba="0,0" hai="41,47,49,57,62,66,72,77,82,100,102" m="44554" machi="41" ten="30,2000,0" yaku="12,1,52,1" doraHai="53" who="1" fromWho="0" sc="220,-20,396,20,177,0,207,0" /><INIT seed="4,0,0,3,3,120" ten="200,416,177,207" oya="0" hai0="83,36,17,82,6,126,45,23,27,30,55,61,131" hai1="49,109,110,99,9,53,39,62,37,1,107,14,81" hai2="5,73,89,75,42,46,20,63,128,58,112,47,135" hai3="104,2,129,29,71,50,74,125,98,64,26,66,57"/><T117/><D117/><U69/><E14/><V114/><F135/><W85/><G74/><T35/><D131/><U18/><E18/><V108/><F108/><W13/><G2/><T68/><D126/><U44/><E81/><V91/><F128/><W123/><G129/><T76/><D6/><U60/><E99/><V94/><F5/><W102/><G125/><T97/><D97/><U56/><E107/><V28/><F28/><W79/><G71/><T67/><D76/><U124/><E9/><V8/><F8/><W38/><G38/><N who="1" m="14346" /><E1/><V122/><F122/><W86/><G13/><T90/><D90/><U19/><E19/><V121/><F121/><W134/><G134/><T65/><D65/><N who="1" m="41143" /><E124/><V52/><F46/><W21/><G123/><T78/><D78/><U77/><E77/><V25/><F91/><W16/><G29/><T127/><D127/><U133/><E133/><V40/><F47/><W101/><G101/><T10/><D10/><U103/><E103/><V7/><F7/><W15/><G26/><T43/><D55/><AGARI ba="0,0" hai="44,49,53,55,56,60,109,110" m="41143,14346" machi="55" ten="30,7700,0" yaku="34,2,52,2" doraHai="120" who="1" fromWho="0" sc="200,-77,416,77,177,0,207,0" /><INIT seed="5,0,0,2,2,43" ten="123,493,177,207" oya="1" hai0="13,12,103,54,80,55,57,109,111,73,45,90,35" hai1="104,23,16,48,34,21,84,56,53,9,69,27,122" hai2="14,37,107,42,70,126,44,86,119,79,118,87,3" hai3="64,10,11,116,1,65,30,128,94,127,89,102,51"/><U66/><E104/><V49/><F3/><W22/><G127/><T74/><D35/><U28/><E122/><V60/><F126/><W31/><G128/><T41/><D103/><U5/><E69/><V77/><F107/><W47/><G102/><T4/><D90/><U8/><E66/><V105/><F105/><W117/><G64/><T75/><D80/><U33/><E84/><V133/><F133/><W85/><G65/><T52/><D57/><U15/><REACH who="1" step="1"/><E9/><REACH who="1" ten="123,483,177,207" step="2"/><V106/><F70/><W59/><G11/><T134/><D134/><U91/><E91/><V29/><F87/><W32/><G89/><T132/><D132/><U36/><E36/><V99/><F86/><W71/><G10/><T125/><D125/><U63/><E63/><V115/><F60/><W135/><G85/><T112/><D112/><U88/><E88/><V95/><F37/><W81/><G71/><T114/><D114/><U78/><E78/><V83/><F79/><W50/><G135/><T38/><REACH who="0" step="1"/><D4/><REACH who="0" ten="113,483,177,207" step="2"/><U130/><E130/><V17/><F115/><W101/><G117/><T26/><D26/><AGARI ba="0,2" hai="5,8,15,16,21,23,26,27,28,33,34,48,53,56" machi="26" ten="30,5800,0" yaku="1,1,7,1,54,1,53,0" doraHai="43" doraHaiUra="108" who="1" fromWho="0" sc="113,-58,483,78,177,0,207,0" /><INIT seed="5,1,0,0,2,90" ten="55,561,177,207" oya="1" hai0="31,129,64,69,59,56,23,132,41,110,126,46,33" hai1="98,111,93,15,9,113,44,37,109,26,49,119,65" hai2="2,112,118,128,108,91,21,53,133,7,121,30,134" hai3="34,24,101,32,82,38,104,107,60,35,17,75,36"/><U77/><E37/><V51/><F108/><W73/><G60/><N who="0" m="40071" /><D23/><U25/><E65/><V96/><F118/><W94/><G82/><T10/><D10/><U54/><E77/><V45/><F121/><W100/><G17/><T27/><D27/><U84/><E84/><V48/><F128/><W19/><G19/><T29/><D33/><U22/><E113/><V125/><F125/><W12/><G12/><T1/><D1/><U114/><E114/><V127/><F127/><W55/><G55/><T78/><D110/><N who="1" m="41995" /><E22/><V71/><F71/><W97/><G24/><T14/><D14/><U39/><E39/><V58/><F112/><W67/><G67/><T95/><D78/><U66/><E66/><V8/><F96/><W122/><G122/><T86/><D126/><U43/><E43/><V103/><F103/><W130/><G130/><T20/><D20/><U18/><E119/><V47/><F91/><AGARI ba="1,0" hai="9,15,18,25,26,44,49,54,91,93,98" m="41995" machi="91" ten="30,2900,0" yaku="10,1,52,1" doraHai="90" who="1" fromWho="2" sc="55,0,561,32,177,-32,207,0" /><INIT seed="5,2,0,2,0,37" ten="55,593,145,207" oya="1" hai0="71,106,18,108,49,51,22,12,85,115,100,91,19" hai1="67,53,23,86,43,93,14,88,61,132,82,87,29" hai2="65,111,0,11,77,34,92,4,54,120,6,130,7" hai3="129,44,69,68,90,3,1,26,16,27,62,127,36"/><U97/><E132/><V5/><F130/><W99/><G129/><T74/><D71/><U15/><E53/><V131/><F131/><W76/><G76/><T78/><D108/><U110/><E110/><V117/><F117/><W57/><G127/><T70/><D70/><U56/><E43/><V20/><F120/><W118/><G68/><T64/><D64/><U55/><E55/><V30/><F111/><W46/><G69/><T40/><D115/><U95/><E95/><V33/><F77/><W73/><G73/><T50/><D78/><U101/><E87/><V126/><F126/><W38/><G90/><T60/><D60/><U114/><E114/><V17/><F65/><W24/><G99/><T107/><D74/><U83/><E83/><V72/><F72/><W125/><G125/><T52/><D40/><U112/><E112/><V116/><F116/><W133/><G118/><T81/><D106/><U21/><E21/><V63/><F92/><W105/><G105/><T39/><D39/><U79/><E79/><V135/><F135/><W47/><G133/><T35/><D35/><N who="2" m="13322" /><F54/><W84/><G84/><T124/><D124/><U128/><E128/><V13/><F63/><W42/><G38/><T48/><D100/><U66/><E66/><V45/><F45/><W8/><G46/><T2/><D2/><U113/><E113/><V59/><F59/><W28/><G47/><N who="0" m="27679" /><D107/><U80/><E80/><V10/><F30/><W32/><G28/><T104/><D104/><U58/><E58/><V89/><F89/><W9/><G32/><T31/><D31/><U98/><E98/><RYUUKYOKU ba="2,0" sc="55,10,593,10,145,10,207,-30" hai0="12,18,19,22,49,50,51,81,85,91" hai1="14,15,23,29,56,61,67,82,86,88,93,97,101" hai2="0,4,5,6,7,10,11,13,17,20" /><INIT seed="5,3,0,4,5,113" ten="65,603,155,177" oya="1" hai0="90,68,91,43,0,129,128,20,103,30,79,63,21" hai1="48,72,100,118,101,125,53,73,74,66,1,61,22" hai2="60,76,75,110,3,41,131,85,36,127,54,97,67" hai3="17,122,102,70,119,31,47,99,106,62,109,34,94"/><U24/><E1/><V86/><F131/><N who="0" m="50250" /><D0/><U10/><E10/><V80/><F127/><W78/><G109/><T35/><D79/><U27/><E125/><V56/><F3/><W134/><G122/><T126/><D126/><U45/><E118/><V38/><F110/><W84/><G134/><T50/><D103/><U49/><E49/><V19/><F41/><W130/><G130/><T52/><D43/><U65/><E65/><V33/><F33/><W82/><G47/><N who="0" m="27743" /><D35/><U89/><E89/><N who="0" m="33801" /><D30/><U111/><E111/><V18/><F97/><W104/><G104/><T64/><AGARI ba="3,0" hai="20,21,63,64,68" m="33801,27743,50250" machi="64" ten="30,2000,0" yaku="19,1,54,1" doraHai="113" who="0" fromWho="0" sc="65,29,603,-13,155,-8,177,-8" /><INIT seed="6,0,0,2,3,135" ten="94,590,147,169" oya="2" hai0="36,52,123,40,88,32,133,115,33,51,116,86,104" hai1="21,80,106,89,95,74,83,58,119,99,30,109,29" hai2="17,87,122,125,47,0,108,111,56,73,10,97,62" hai3="79,110,68,20,132,13,118,134,100,94,35,42,70"/><V38/><F122/><W49/><G35/><T105/><D123/><U78/><E109/><N who="2" m="42059" /><F73/><W6/><G118/><T114/><D133/><N who="3" m="51305" /><G79/><T25/><D116/><U26/><E119/><V102/><F125/><W90/><G100/><T71/><D71/><U117/><E117/><V1/><F87/><N who="3" m="52575" /><G110/><T44/><D25/><U37/><E37/><V48/><F38/><W31/><G6/><T75/><D75/><U96/><E96/><V101/><F17/><N who="3" m="10287" /><G31/><T93/><D33/><U66/><E106/><N who="2" m="63791" /><F102/><W61/><G61/><T14/><D14/><U77/><E83/><V64/><F10/><W16/><G16/><T63/><D63/><U53/><E78/><V91/><F91/><W12/><G12/><T24/><D24/><U113/><E30/><V11/><F11/><W9/><G9/><T39/><D32/><U103/><E89/><V3/><F0/><W85/><G85/><T7/><D7/><U45/><E103/><V81/><F81/><W19/><G19/><T65/><D39/><U126/><E126/><V76/><F76/><W107/><G107/><T124/><D124/><U92/><E99/><V5/><F5/><W57/><G42/><AGARI ba="0,0" hai="1,3,42,47,48,56,62,64" m="63791,42059" machi="42" ten="30,1500,0" yaku="10,1" doraHai="135" who="2" fromWho="3" sc="94,0,590,0,147,15,169,-15" /><INIT seed="6,1,0,0,0,135" ten="94,590,162,154" oya="2" hai0="100,8,61,126,96,122,69,91,33,106,65,1,70" hai1="80,12,6,57,58,48,113,36,44,30,81,13,54" hai2="40,114,15,89,68,90,46,84,38,0,27,102,10" hai3="94,108,53,20,86,67,39,5,16,123,18,72,73"/><V82/><F114/><W45/><G108/><T32/><D122/><U79/><E36/><V42/><F68/><W4/><G67/><T124/><D70/><U129/><E129/><V25/><F0/><W3/><G123/><T130/><D91/><U9/><E30/><V128/><F128/><W66/><G66/><T11/><D130/><U22/><E113/><V60/><F42/><W134/><G134/><T92/><D92/><U71/><E71/><V59/><F89/><W109/><G18/><T17/><D17/><N who="1" m="10543" /><E79/><V41/><F41/><W111/><G111/><T37/><D37/><U21/><E21/><V56/><F56/><AGARI ba="1,0" hai="6,9,12,44,48,54,56,57,58,80,81" m="10543" machi="56" ten="30,1000,0" yaku="8,1" doraHai="135" who="1" fromWho="2" sc="94,0,590,13,162,-13,154,0" /><INIT seed="7,0,0,2,3,63" ten="94,603,149,154" oya="3" hai0="127,24,66,8,19,128,25,52,93,101,122,38,72" hai1="132,53,29,34,79,90,119,74,49,125,114,129,86" hai2="106,1,107,37,44,103,13,78,115,39,70,121,87" hai3="133,16,65,84,18,112,12,110,0,45,96,11,82"/><W54/><G112/><T92/><D38/><U60/><E90/><V104/><F1/><W4/><G133/><T57/><D72/><U89/><E60/><V6/><F70/><W20/><G110/><T43/><D122/><U73/><E49/><V97/><F115/><W32/><G32/><T100/><D43/><U26/><E26/><V99/><F121/><W31/><G96/><T14/><D128/><U59/><E86/><V56/><F56/><W7/><G31/><T91/><D127/><U15/><E29/><V30/><F30/><W98/><G98/><T113/><D113/><U48/><E15/><V117/><F117/><W77/><G65/><T118/><D118/><U94/><E53/><V41/><F39/><W67/><G67/><T116/><D116/><U10/><E10/><V21/><F99/><W36/><G36/><T71/><D71/><U83/><E125/><V40/><F40/><W120/><G120/><T95/><D66/><U50/><E132/><V28/><F28/><W61/><G0/><T126/><D126/><U109/><E109/><V131/><F131/><W134/><G134/><T23/><D91/><U108/><E129/><V17/><F6/><W2/><G2/><T85/><D85/><U51/><E108/><V124/><F124/><W42/><G42/><T105/><D105/><U27/><E114/><V55/><F55/><W130/><G130/><T123/><D123/><U135/><E135/><V80/><AGARI ba="0,0" hai="13,17,21,37,41,44,78,80,87,97,103,104,106,107" machi="80" ten="30,1100,0" yaku="0,1" doraHai="63" who="2" fromWho="2" sc="94,-3,603,-3,149,11,154,-5" owari="91,-41.0,600,70.0,160,-4.0,149,-25.0" /></mjloggm>