<mjloggm ver="2.3"><GO type="41" lobby="0"/><UN n0="%E5%85%AD%E7%95%AA%E7%9B%AE%E3%81%AE%E3%82%B7%E3%82%B9%E3%82%AB" n1="%50%65%74%65%72%50%61%6E" n2="%E5%B0%B1%E6%B4%BB%E7%94%9F%40%E5%B7%9D%E6%9D%91%E8%BB%8D%E5%9B%A3" n3="%E6%B8%A9%E5%B8%AF%E3%81%BA%E3%82%93%E3%81%8E%E3%82%93" dan="14,15,17,14" rate="1850.76,2000.25,2197.14,1956.25" sx="M,M,M,M"/><TAIKYOKU oya="0"/><INIT seed="0,0,0,4,0,96" ten="250,250,250,250" oya="0" hai0="32,101,79,86,4,74,85,31,118,64,54,2,120" hai1="102,46,1,97,135,18,98,41,59,53,50,72,69" hai2="16,56,13,42,8,11,87,122,24,117,103,26,45" hai3="49,127,22,91,29,126,132,80,63,60,111,99,84"/><T121/><D118/><U92/><E135/><V67/><F122/><W36/><G36/><T44/><D64/><U52/><E69/><V110/><F110/><W123/><G123/><T47/><D74/><U19/><E72/><V90/><F117/><W109/><G49/><T112/><D112/><U6/><E6/><V104/><F11/><W114/><G114/><T130/><D2/><U21/><E1/><V93/><F67/><W73/><G73/><T48/><D4/><U78/><E78/><V12/><F12/><W38/><G38/><T65/><D65/><U133/><E133/><V14/><F14/><W89/><G22/><T95/><D130/><U107/><E21/><V76/><F56/><W113/><G29/><T51/><D32/><U128/><E128/><V3/><F76/><W37/><G37/><T34/><D34/><U33/><E33/><V62/><F62/><N who="3" m="23595" /><G113/><T131/><D31/><U9/><E9/><V23/><F3/><W68/><G68/><T5/><D5/><U66/><E66/><V40/><F45/><W57/><G57/><T106/><D131/><U28/><E28/><V119/><F119/><W10/><G10/><T35/><D35/><U71/><E71/><V55/><F24/><W7/><G7/><T0/><D0/><U108/><E108/><N who="3" m="41546" /><G132/><T75/><D121/><U39/><REACH who="1" step="1"/><E53/><REACH who="1" ten="250,240,250,250" step="2"/><V70/><F55/><W116/><G116/><T94/><D120/><U58/><E58/><V134/><F70/><W25/><G25/><T77/><D75/><U43/><E43/><V88/><F134/><W27/><G27/><T83/><D54/><RYUUKYOKU ba="0,1" sc="250,-15,240,15,250,-15,250,15" hai1="18,19,39,41,46,50,52,59,92,97,98,102,107" hai3="80,84,89,91,99,126,127" /><INIT seed="1,1,1,2,5,42" ten="235,255,235,265" oya="1" hai0="119,109,91,110,100,130,117,79,47,35,23,8,74" hai1="20,12,135,45,24,101,0,25,90,120,64,16,75" hai2="113,28,1,39,105,15,17,21,128,63,103,60,108" hai3="115,125,84,107,67,5,123,88,131,77,70,4,26"/><U68/><E120/><V114/><F1/><W14/><G123/><T94/><D35/><U71/><E0/><V93/><F105/><W129/><G107/><T51/><D100/><U41/><E135/><V6/><F6/><W127/><G115/><N who="2" m="44041" /><F108/><N who="0" m="41578" /><D8/><U19/><E75/><V65/><F128/><N who="3" m="49227" /><G77/><T116/><D130/><U121/><E121/><V106/><F106/><W78/><G78/><T81/><D23/><U10/><E101/><V124/><F124/><N who="3" m="47691" /><G26/><T37/><D37/><U89/><E25/><N who="2" m="16431" /><F39/><W22/><G70/><T76/><D79/><U97/><E97/><N who="2" m="59823" /><F65/><W44/><G44/><T56/><D47/><U3/><E3/><V2/><F2/><W54/><G67/><T82/><D76/><U85/><E64/><V49/><F49/><W111/><G54/><N who="0" m="31839" /><D74/><U57/><E57/><V11/><AGARI ba="1,1" hai="11,15,17,60,63" m="59823,16431,44041" machi="11" ten="30,1100,0" yaku="11,1" doraHai="42" who="2" fromWho="2" sc="235,-4,255,-6,235,24,265,-4" /><INIT seed="2,0,0,2,3,43" ten="231,249,259,261" oya="2" hai0="40,13,33,37,80,47,81,101,117,79,41,32,78" hai1="75,42,24,65,3,121,31,16,86,104,76,107,113" hai2="18,91,15,50,48,94,11,30,116,130,95,72,127" hai3="84,132,93,35,120,60,135,17,36,123,66,29,25"/><V109/><F116/><W70/><G36/><T44/><D101/><U77/><E113/><V98/><F72/><W118/><G118/><T52/><D117/><U105/><E121/><V22/><F130/><W20/><G84/><T19/><D13/><U6/><E75/><V49/><F127/><W115/><G115/><T103/><D103/><U88/><E65/><V106/><F109/><W56/><G93/><T122/><D19/><U54/><E42/><V82/><F106/><W46/><G70/><T108/><D108/><U59/><E6/><V92/><F82/><W57/><G57/><T8/><D8/><U114/><E3/><V62/><F62/><W23/><G46/><T133/><D122/><U51/><E114/><V39/><F39/><W34/><G123/><T45/><D133/><N who="3" m="51273" /><G120/><T99/><D99/><U38/><E38/><V58/><F58/><W68/><G68/><T129/><D129/><U7/><E7/><V74/><F74/><W119/><G119/><T89/><D52/><U61/><E61/><V128/><F128/><W90/><G90/><T63/><D89/><U131/><E131/><V71/><F71/><W69/><G69/><T85/><D63/><U26/><E26/><AGARI ba="0,0" hai="11,15,18,22,26,30,48,49,50,91,92,94,95,98" machi="26" ten="40,2000,0" yaku="8,1" doraHai="43" who="2" fromWho="1" sc="231,0,249,-20,259,20,261,0" /><AGARI ba="0,0" hai="17,20,23,25,26,29,34,35,56,60,66" m="51273" machi="26" ten="30,1000,0" yaku="20,1" doraHai="43" who="3" fromWho="1" sc="231,0,229,-10,279,0,261,10" /><INIT seed="2,1,0,0,3,106" ten="231,219,279,271" oya="2" hai0="115,103,5,50,14,90,29,72,107,58,3,104,10" hai1="36,51,91,114,133,45,121,130,101,20,132,122,67" hai2="135,124,117,64,83,41,134,65,86,62,93,126,55" hai3="120,15,28,7,119,48,8,59,11,80,87,60,70"/><V9/><F117/><W0/><G120/><N who="1" m="46186" /><E114/><V24/><F93/><W81/><G119/><T1/><D115/><U97/><E130/><V63/><F24/><W37/><G37/><T17/><D29/><U21/><E36/><V84/><F9/><W108/><G108/><T100/><D3/><U69/><E91/><V74/><F41/><W92/><G28/><T68/><D68/><U13/><E13/><V129/><F55/><W30/><G30/><T131/><D103/><U34/><E34/><V53/><F53/><W22/><G22/><N who="1" m="8810" /><E67/><V2/><F83/><W85/><G92/><T32/><D100/><U47/><E69/><V33/><F2/><W88/><G70/><T66/><D1/><U116/><E116/><V128/><F33/><W105/><G105/><T19/><D32/><U95/><E47/><V127/><F126/><W57/><G48/><T54/><D66/><U113/><E113/><V52/><F52/><AGARI ba="1,0" hai="45,51,52,95,97,101,132,133" m="8810,46186" machi="52" ten="30,2000,0" yaku="13,1,54,1" doraHai="106" who="1" fromWho="2" sc="231,0,219,23,279,-23,271,0" /><INIT seed="3,0,0,3,1,102" ten="231,242,256,271" oya="3" hai0="80,114,105,65,28,5,52,74,98,13,94,64,112" hai1="31,70,1,106,89,86,82,88,23,99,46,55,39" hai2="41,14,17,56,68,15,49,132,118,9,38,66,90" hai3="85,127,110,71,75,44,43,8,57,69,19,115,47"/><W63/><G115/><N who="0" m="44075" /><D28/><U124/><E1/><V10/><F118/><W59/><G75/><T95/><D5/><U120/><E120/><V122/><F122/><W4/><G19/><T72/><D13/><U119/><E119/><V26/><F132/><W22/><G22/><T60/><D74/><U40/><E124/><V58/><F38/><W104/><G104/><T0/><D0/><U87/><E70/><V29/><F68/><W84/><G127/><T20/><D20/><U131/><E131/><V123/><F123/><W6/><G63/><T24/><D24/><U50/><E31/><V91/><F66/><W51/><G51/><T116/><D80/><U117/><E117/><V35/><F41/><W27/><G27/><T129/><D72/><U12/><E12/><V42/><F42/><W54/><G54/><T93/><D129/><U53/><E23/><V62/><F49/><W25/><G25/><T96/><D98/><U73/><E73/><V34/><F62/><W18/><G18/><T81/><D81/><U126/><E126/><V135/><F135/><W113/><G113/><T7/><D7/><U101/><REACH who="1" step="1"/><E50/><REACH who="1" ten="231,232,256,271" step="2"/><V48/><F48/><W67/><G43/><T16/><D116/><U103/><E103/><V83/><F26/><W109/><G8/><T45/><D60/><U134/><E134/><V3/><F29/><W21/><G21/><T76/><D65/><AGARI ba="0,1" hai="4,6,44,47,57,59,65,67,69,71,84,85,109,110" machi="65" ten="25,2400,0" yaku="22,2" doraHai="102" who="3" fromWho="0" sc="231,-24,232,0,256,0,271,34" /><INIT seed="3,1,0,2,1,62" ten="207,232,256,305" oya="3" hai0="12,68,131,60,130,48,31,55,92,110,36,47,87" hai1="61,113,122,98,30,90,17,26,81,76,109,102,78" hai2="18,19,21,82,91,100,6,34,118,64,46,9,129" hai3="54,124,125,94,4,28,85,103,16,112,7,104,57"/><W52/><G112/><T38/><D31/><U69/><E113/><V79/><F34/><W111/><G28/><T77/><D12/><U101/><E122/><V50/><F118/><W65/><G111/><T53/><D77/><U3/><E109/><V73/><F129/><N who="0" m="49162" /><D87/><U10/><E102/><V107/><F64/><W22/><G104/><T63/><D92/><U41/><E41/><V33/><F33/><W66/><G54/><T59/><D110/><U93/><E3/><V56/><F56/><W11/><G11/><T133/><D133/><U71/><E71/><V105/><F91/><W49/><G7/><T20/><D20/><U97/><E81/><V96/><F21/><W121/><G4/><T86/><D86/><U42/><E42/><V83/><F83/><W40/><G40/><T106/><D106/><U74/><E74/><V114/><F107/><W8/><G8/><T37/><D37/><U27/><E27/><V32/><F32/><W75/><G75/><T58/><D68/><U5/><E17/><V67/><F114/><W25/><G121/><T123/><D123/><U88/><E90/><V51/><F9/><W0/><G0/><T23/><D23/><U13/><E26/><V135/><F6/><W70/><G70/><T89/><D89/><U14/><E14/><V108/><F108/><W127/><REACH who="3" step="1"/><G85/><REACH who="3" ten="207,232,256,295" step="2"/><T95/><D95/><N who="1" m="58559" /><E30/><V115/><F73/><W119/><G119/><T117/><D117/><U39/><E69/><V1/><F1/><W2/><G2/><T15/><D15/><U29/><E29/><V24/><F115/><W120/><G120/><RYUUKYOKU ba="1,1" sc="207,15,232,-15,256,-15,295,15" hai0="36,38,47,48,53,55,58,59,60,63" hai3="16,22,25,49,52,57,65,66,94,103,124,125,127" /><INIT seed="3,2,1,0,2,38" ten="222,217,241,310" oya="3" hai0="0,114,59,108,88,45,19,100,132,35,116,110,101" hai1="125,111,82,74,80,79,126,25,2,130,15,16,7" hai2="71,43,4,67,107,39,37,124,105,128,41,104,5" hai3="127,109,48,117,31,27,30,93,40,70,119,61,32"/><W68/><G127/><N who="1" m="48650" /><E111/><N who="0" m="42537" /><D0/><U102/><E130/><V83/><F124/><W95/><G109/><T120/><D116/><U66/><E66/><V26/><F128/><W99/><G31/><T55/><D120/><U53/><E25/><V64/><F83/><W22/><G32/><T86/><D35/><U113/><E113/><V9/><F9/><W129/><G129/><T18/><D45/><U94/><E82/><V42/><F26/><W97/><G70/><T78/><D132/><U46/><E7/><N who="2" m="2635" /><F71/><W90/><G68/><T96/><D78/><U29/><E29/><V133/><F133/><W98/><G61/><N who="0" m="36095" /><D114/><U89/><E2/><V54/><F54/><W115/><G115/><T47/><D47/><U12/><E102/><N who="0" m="39529" /><D96/><N who="1" m="57423" /><E53/><V56/><F56/><W11/><G11/><T73/><D73/><U8/><E46/><V33/><F33/><W21/><G21/><T1/><D1/><U23/><E8/><V112/><F112/><W92/><REACH who="3" step="1"/><G90/><REACH who="3" ten="222,217,241,300" step="2"/><T134/><D134/><U44/><E12/><V106/><F106/><W57/><G57/><T72/><D72/><U34/><E34/><V17/><F17/><W69/><G69/><T6/><D6/><U77/><E44/><AGARI ba="2,2" hai="22,27,30,40,44,48,92,93,95,97,98,99,117,119" machi="44" ten="40,3900,0" yaku="1,1,52,1,53,0" doraHai="38" doraHaiUra="3" who="3" fromWho="1" sc="222,0,217,-45,241,0,300,65" /><INIT seed="3,3,0,5,5,47" ten="222,172,241,365" oya="3" hai0="30,71,64,51,131,49,111,25,65,38,24,128,110" hai1="115,101,83,107,113,87,118,68,54,22,17,88,120" hai2="106,52,114,4,98,94,1,34,35,53,91,29,78" hai3="89,84,96,126,109,69,86,74,90,32,82,75,60"/><W14/><G32/><T76/><D76/><U112/><E120/><V50/><F114/><W97/><G69/><T39/><D71/><U13/><E118/><V3/><F106/><W56/><G14/><T36/><D36/><U105/><E68/><V79/><F53/><W20/><G20/><T130/><D130/><U62/><E101/><V102/><F102/><W23/><G23/><T99/><D99/><N who="3" m="37961" /><G56/><T58/><D58/><U80/><E80/><V21/><F34/><W8/><G8/><T33/><D33/><U129/><E129/><V100/><F100/><W16/><G16/><T11/><D11/><U72/><E72/><N who="3" m="27690" /><G60/><T55/><D55/><U121/><E121/><V45/><F35/><W43/><G43/><T0/><D30/><U93/><E83/><V125/><F3/><AGARI ba="3,0" hai="0,3,24,25,38,39,49,51,64,65,110,111,128,131" machi="3" ten="25,6400,0" yaku="22,2,52,2" doraHai="47" who="0" fromWho="2" sc="222,73,172,0,241,-73,365,0" /><INIT seed="4,0,0,0,5,62" ten="295,172,168,365" oya="0" hai0="84,4,82,132,126,116,43,90,80,107,114,52,18" hai1="45,68,49,75,89,72,60,103,134,94,46,11,0" hai2="98,17,34,38,44,92,10,31,106,128,95,16,61" hai3="39,76,30,104,71,40,73,131,86,121,63,129,111"/><T101/><D116/><U119/><E119/><V135/><F128/><W56/><G104/><T48/><D114/><U74/><E134/><V53/><F135/><W85/><G71/><T41/><D132/><U91/><E103/><V25/><F106/><W83/><G39/><T124/><D4/><U55/><E46/><V109/><F109/><W87/><G40/><T22/><D82/><U14/><E0/><V105/><F105/><W97/><G97/><T117/><D101/><U110/><E110/><V115/><F115/><W96/><G96/><T78/><D78/><U66/><REACH who="1" step="1"/><E94/><REACH who="1" ten="295,162,168,365" step="2"/><V35/><F95/><W15/><G111/><T123/><D117/><U69/><E69/><V37/><F37/><W21/><G121/><T93/><D93/><U9/><E9/><V6/><F38/><W5/><G131/><T65/><D107/><U36/><E36/><V26/><F92/><W8/><G129/><T58/><D123/><U42/><E42/><V20/><F98/><W12/><G73/><T3/><D3/><U127/><E127/><N who="0" m="48681" /><D43/><U120/><E120/><V27/><F44/><W108/><G108/><T70/><D41/><U59/><E59/><N who="2" m="35055" /><F35/><W7/><G7/><AGARI ba="0,1" hai="7,11,14,45,49,55,60,66,68,72,74,75,89,91" machi="7" ten="40,2600,0" yaku="1,1,52,1,53,0" doraHai="62" doraHaiUra="28" who="1" fromWho="3" sc="295,0,162,36,168,0,365,-26" /><INIT seed="5,0,0,1,1,69" ten="295,198,168,339" oya="1" hai0="118,7,88,134,128,30,94,26,63,84,16,105,70" hai1="110,64,28,67,97,92,96,78,93,95,49,135,85" hai2="83,46,36,117,65,5,23,122,99,123,42,18,103" hai3="101,15,60,2,11,71,8,39,120,0,14,58,25"/><U53/><E135/><V77/><F117/><W62/><G120/><T68/><D118/><U116/><E116/><V51/><F65/><N who="1" m="25161" /><E110/><V131/><F131/><W121/><G71/><T106/><D70/><U125/><E125/><V107/><F5/><W133/><G121/><T27/><D7/><U73/><E73/><V86/><REACH who="2" step="1"/><F51/><REACH who="2" ten="295,198,158,339" step="2"/><W48/><G48/><T57/><D128/><U6/><E6/><V98/><F98/><W1/><G133/><T13/><D134/><U4/><E4/><V102/><F102/><W50/><G50/><T113/><D68/><U43/><E43/><V82/><F82/><W111/><G111/><T12/><D63/><U19/><E19/><V115/><F115/><W9/><G39/><T24/><D113/><U76/><E28/><V20/><F20/><W127/><G101/><T90/><D30/><U126/><E126/><V47/><F47/><W55/><G127/><T54/><D16/><U31/><E31/><V72/><F72/><W22/><REACH who="3" step="1"/><G62/><REACH who="3" ten="295,198,158,329" step="2"/><T10/><D57/><N who="1" m="32943" /><E85/><V108/><F108/><W124/><G124/><T100/><D84/><U79/><AGARI ba="0,2" hai="76,78,79,92,93,95,96,97" m="32943,25161" machi="79" ten="40,2100,0" yaku="8,1" doraHai="69" who="1" fromWho="1" sc="295,-7,198,41,158,-7,329,-7" /><INIT seed="5,1,0,2,0,107" ten="288,239,151,322" oya="1" hai0="40,60,10,91,116,132,118,69,30,94,119,19,22" hai1="34,0,55,68,5,2,48,127,20,66,9,76,81" hai2="135,38,78,89,44,59,115,72,1,42,113,101,125" hai3="26,133,56,36,50,23,106,37,86,25,109,4,70"/><U73/><E34/><V28/><F101/><W47/><G106/><T51/><D132/><U128/><E128/><V18/><F135/><W41/><G70/><T52/><D40/><U110/><E127/><V29/><F125/><W64/><G133/><T13/><D69/><U131/><E131/><V6/><F59/><W129/><G129/><T122/><D60/><U90/><E110/><V65/><F18/><W74/><G74/><T111/><D111/><U12/><E90/><V93/><F65/><W105/><G105/><T134/><D134/><U27/><E66/><V100/><F100/><W71/><G71/><T24/><D122/><U7/><E7/><V80/><F6/><W15/><G109/><T53/><REACH who="0" step="1"/><D51/><REACH who="0" ten="278,239,151,322" step="2"/><U120/><E68/><V121/><F121/><W126/><G126/><T43/><D43/><U63/><E120/><V92/><F1/><W96/><G37/><T58/><D58/><U16/><REACH who="1" step="1"/><E63/><REACH who="1" ten="278,229,151,322" step="2"/><V87/><F115/><W32/><G64/><T61/><D61/><U45/><AGARI ba="1,2" hai="0,2,5,9,12,16,20,27,45,48,55,73,76,81" machi="45" ten="20,18000,2" yaku="1,1,2,1,0,1,7,1,52,1,54,1,53,1" doraHai="107" doraHaiUra="49" who="1" fromWho="1" sc="278,-61,229,203,151,-61,322,-61" /><INIT seed="5,2,0,0,3,106" ten="217,432,90,261" oya="1" hai0="74,22,88,34,113,80,81,20,32,123,60,115,44" hai1="1,14,131,82,5,84,118,47,25,38,4,10,121" hai2="33,71,9,35,135,107,61,102,54,83,75,67,116" hai3="21,62,2,50,99,133,91,27,124,134,129,39,57"/><U58/><E121/><V24/><F116/><W105/><G39/><T49/><D123/><U64/><E118/><V16/><F135/><W68/><G68/><T117/><D117/><U78/><E131/><V42/><F42/><W104/><G2/><T23/><D60/><U66/><E25/><V43/><F43/><W48/><G129/><T97/><D49/><U110/><E110/><V103/><F54/><W101/><G105/><T28/><D44/><U95/><E95/><V114/><F114/><N who="0" m="43530" /><D28/><U77/><E77/><V3/><F102/><W119/><G119/><T7/><D7/><U31/><E31/><V59/><F59/><W19/><G91/><T55/><D55/><U29/><E29/><V100/><F100/><W94/><G104/><T46/><D46/><U112/><E112/><V111/><F111/><W109/><G109/><T128/><D128/><U15/><E58/><V41/><F41/><W87/><G87/><N who="0" m="50279" /><D97/><U30/><E30/><V36/><F36/><W89/><G101/><T98/><D98/><U11/><E1/><V0/><F0/><W56/><G56/><T52/><D52/><U93/><E47/><V122/><F122/><W63/><G63/><T79/><AGARI ba="2,0" hai="20,22,23,32,34,74,79,81" m="50279,43530" machi="79" ten="40,5200,0" yaku="15,1,52,1,54,1" doraHai="106" who="0" fromWho="0" sc="217,58,432,-28,90,-15,261,-15" /><INIT seed="6,0,0,5,3,132" ten="275,404,75,246" oya="2" hai0="23,66,100,68,116,19,8,28,109,13,21,25,42" hai1="9,10,6,17,113,44,87,101,105,48,128,119,1" hai2="56,85,126,96,50,88,75,57,99,108,118,3,107" hai3="52,18,121,94,78,61,67,70,72,104,69,32,12"/><V95/><F118/><W102/><G104/><T74/><D109/><U93/><E119/><V43/><F3/><W133/><G133/><T89/><D74/><U117/><E117/><V15/><F108/><W131/><G121/><T110/><D110/><U97/><E128/><V62/><F75/><W129/><G32/><T59/><D100/><U14/><E113/><V22/><F107/><W20/><G72/><T60/><D42/><U51/><E44/><N who="2" m="25887" /><F126/><W29/><G29/><T34/><D68/><U111/><E111/><V98/><F62/><W24/><G78/><T37/><D37/><U4/><E4/><V47/><F47/><W41/><G41/><T114/><D116/><U82/><E105/><V63/><F63/><W92/><G24/><T71/><D71/><U124/><E124/><V36/><F36/><W16/><G18/><AGARI ba="0,0" hai="15,18,22,56,57,85,88,95,96,98,99" m="25887" machi="18" ten="30,2900,0" yaku="8,1,54,1" doraHai="132" who="2" fromWho="3" sc="275,0,404,0,75,29,246,-29" /><INIT seed="6,1,0,0,4,33" ten="275,404,104,217" oya="2" hai0="16,134,29,31,127,62,51,2,119,75,85,78,94" hai1="79,0,93,53,42,74,13,23,43,108,125,65,88" hai2="36,30,67,109,11,126,46,57,80,115,99,83,52" hai3="76,112,32,59,87,15,73,22,120,21,45,89,102"/><V63/><F109/><W98/><G120/><T14/><D134/><U117/><E108/><V58/><F115/><W10/><G112/><T7/><D62/><U116/><E125/><V19/><F126/><W18/><G32/><T55/><D127/><U107/><E107/><V124/><F124/><W132/><G132/><T110/><D75/><U4/><E65/><V24/><F99/><W60/><G45/><T34/><D34/><U81/><E0/><V84/><F36/><W135/><G135/><T25/><D25/><U71/><E71/><V66/><F46/><W54/><G76/><T106/><D106/><U121/><E121/><V122/><F122/><W70/><G70/><T104/><D104/><U103/><E103/><V123/><F123/><W129/><G129/><T8/><D119/><U92/><E92/><V64/><F84/><W113/><G113/><T96/><D78/><U72/><E72/><V86/><F86/><W69/><G69/><T100/><D85/><U9/><E23/><N who="2" m="15647" /><F58/><W35/><G35/><T49/><D110/><U27/><E27/><V50/><F50/><W105/><G73/><T44/><D51/><U48/><E117/><V17/><F11/><AGARI ba="1,0" hai="2,7,8,11,14,16,29,31,44,49,55,94,96,100" machi="11" ten="30,3900,0" yaku="7,1,52,1,54,1" doraHai="33" who="0" fromWho="2" sc="275,42,404,0,104,-42,217,0" /><INIT seed="7,0,0,2,5,112" ten="317,404,62,217" oya="3" hai0="101,65,50,82,113,106,15,6,18,46,91,59,61" hai1="121,85,10,35,49,88,114,44,40,43,108,8,60" hai2="1,102,32,28,105,54,79,22,89,24,38,36,71" hai3="118,107,20,81,53,69,33,63,117,128,41,134,93"/><W12/><G33/><T104/><D6/><U87/><E108/><V29/><F89/><W130/><G107/><T109/><D109/><U64/><E121/><V125/><F54/><W73/><G41/><T78/><D113/><U83/><E35/><V124/><F22/><W47/><G134/><T110/><D110/><U5/><E114/><V48/><F48/><W25/><G12/><T34/><D34/><U70/><E87/><V90/><F90/><W66/><G93/><T92/><D101/><U97/><E97/><V0/><F79/><W129/><G81/><T3/><D3/><U58/><E70/><V94/><F94/><W76/><G76/><T131/><D78/><U115/><E115/><V52/><F52/><W74/><G53/><T4/><D92/><U100/><E100/><V19/><F19/><N who="3" m="12447" /><G47/><T123/><D82/><U26/><E26/><V133/><F133/><W37/><G37/><T21/><D91/><U75/><E75/><AGARI ba="0,0" hai="63,66,69,73,74,75,117,118,128,129,130" m="12447" machi="75" ten="40,7700,0" yaku="19,1,52,2" doraHai="112" who="3" fromWho="1" sc="317,0,404,-77,62,0,217,77" /><INIT seed="7,1,0,0,0,9" ten="317,327,62,294" oya="3" hai0="129,125,128,76,37,74,131,78,27,21,8,11,52" hai1="100,4,116,53,102,41,55,87,43,18,58,70,19" hai2="15,12,106,61,79,56,109,10,51,14,133,40,20" hai3="57,62,59,93,77,124,31,34,46,28,1,132,3"/><W54/><G132/><T49/><D125/><U108/><E70/><V35/><F109/><W26/><G124/><T95/><D37/><U71/><E71/><V118/><F118/><W69/><G69/><T90/><D11/><U7/><E108/><V122/><F35/><W101/><G31/><N who="0" m="17903" /><D8/><U134/><E87/><V126/><F126/><W23/><G34/><T50/><D74/><U86/><E86/><V130/><F133/><W5/><G5/><T48/><D52/><U94/><E134/><V110/><F110/><W13/><G13/><T6/><D6/><U120/><E120/><V96/><F122/><W47/><G77/><T123/><D123/><U85/><E85/><AGARI ba="1,0" hai="48,49,50,76,78,85,90,95,128,129,131" m="17903" machi="85" ten="40,1300,0" yaku="19,1" doraHai="9" who="0" fromWho="1" sc="317,16,327,-16,62,0,294,0" owari="333,44.0,311,11.0,62,-44.0,294,-11.0" /></mjloggm>