<mjloggm ver="2.3"><GO type="169" lobby="0"/><UN n0="%67%73%6B%67%33" n1="%E3%83%88%E3%83%88%E3%83%AA%E5%85%88%E7%94%9F%31%39%E6%AD%B3" n2="%46%75%72%75%79%61" n3="%E3%81%90%E3%82%8B%E3%81%90%E3%82%8B%E5%8D%98%E9%A8%8E" dan="16,18,16,17" rate="2109.54,2200.32,2105.16,2098.28" sx="M,F,M,M"/><TAIKYOKU oya="0"/><INIT seed="0,0,0,0,5,50" ten="250,250,250,250" oya="0" hai0="57,10,20,34,14,64,87,56,83,130,73,47,6" hai1="103,2,44,18,58,84,15,68,22,11,115,123,59" hai2="25,51,67,96,79,29,77,80,4,104,95,113,91" hai3="31,53,23,93,126,107,78,37,61,39,135,76,125"/><T24/><D73/><U98/><E123/><V120/><F120/><W66/><G107/><T72/><D72/><U71/><E115/><V17/><F104/><W74/><G135/><T26/><D130/><U131/><E131/><V85/><F113/><W0/><G0/><T116/><D116/><U52/><E58/><V54/><F67/><W109/><G109/><T41/><D34/><U99/><E44/><V88/><F4/><W124/><G66/><T129/><D129/><U106/><E99/><V45/><REACH who="2" step="1"/><F17/><REACH who="2" ten="250,250,240,250" step="2"/><W92/><G125/><T97/><D64/><U12/><E2/><V105/><F105/><W132/><G124/><T27/><D97/><U114/><E114/><V13/><F13/><W36/><G126/><T65/><D65/><U35/><E35/><AGARI ba="0,1" hai="25,29,35,45,51,54,77,79,80,85,88,91,95,96" machi="35" ten="30,7700,0" yaku="1,1,7,1,52,1,54,1,53,0" doraHai="50" doraHaiUra="134" who="2" fromWho="1" sc="250,0,250,-77,240,87,250,0" /><INIT seed="1,0,0,2,2,117" ten="250,173,327,250" oya="1" hai0="17,118,45,80,115,46,87,75,54,96,26,50,25" hai1="66,111,14,73,55,18,20,85,100,103,82,67,94" hai2="27,92,65,125,53,123,69,98,102,43,8,114,104" hai3="108,106,113,119,76,13,29,97,32,63,40,101,5"/><U37/><E73/><V127/><F114/><W57/><G108/><T38/><D115/><U112/><E112/><V7/><F43/><W6/><G119/><T89/><D118/><U70/><E111/><V95/><F27/><W83/><G40/><T107/><D75/><U71/><E37/><V41/><F41/><W56/><G113/><T9/><D38/><U58/><E70/><V134/><F134/><W12/><G12/><N who="0" m="7311" /><D45/><U129/><E129/><V59/><F123/><W124/><G124/><N who="2" m="47689" /><F65/><N who="1" m="24585" /><E94/><V126/><N who="2" m="47697" /><V128/><DORA hai="48" /><F69/><W61/><G13/><T109/><D109/><U47/><E47/><V133/><F133/><W77/><G57/><T90/><D107/><U64/><N who="1" m="24593" /><U22/><DORA hai="78" /><E22/><V120/><F120/><W44/><G63/><T21/><D21/><U31/><E31/><V132/><F132/><W79/><G44/><T110/><D110/><U135/><E71/><V4/><F128/><W122/><G29/><T10/><D10/><U131/><E131/><V121/><F121/><W34/><G32/><T81/><D96/><U49/><E135/><V116/><F116/><W88/><G34/><T16/><D16/><U39/><E39/><V99/><F8/><W130/><G130/><T30/><D30/><U62/><E62/><N who="2" m="36207" /><F104/><W86/><G122/><T60/><D60/><U35/><E35/><V51/><F51/><W91/><G106/><T2/><D2/><U93/><E93/><V23/><F23/><W105/><G61/><T1/><D1/><U68/><E68/><V15/><F95/><N who="3" m="54679" /><G56/><T72/><D72/><U0/><E0/><RYUUKYOKU ba="0,0" sc="250,10,173,10,327,-30,250,10" hai0="25,26,46,50,54,80,81,87,89,90" hai1="14,18,20,49,55,58,82,85,100,103" hai3="5,6,76,77,79,83,91,97,101,105" /><INIT seed="1,1,0,1,1,72" ten="260,183,297,260" oya="1" hai0="101,94,50,49,107,22,12,62,4,113,111,48,106" hai1="80,123,33,74,63,131,105,116,76,117,18,36,70" hai2="95,121,89,115,24,41,39,30,67,91,25,34,124" hai3="102,130,132,26,52,37,86,5,29,78,40,69,16"/><U31/><E18/><V8/><F121/><W43/><G69/><T38/><D113/><U28/><E28/><V103/><F115/><W7/><G132/><T35/><D35/><U118/><E123/><V51/><F124/><W6/><G130/><T65/><D38/><U1/><E36/><V68/><F39/><W119/><G102/><T73/><D73/><U125/><E105/><V21/><F8/><W66/><G66/><T114/><D114/><U9/><E131/><V56/><F68/><W88/><G119/><T127/><D127/><U3/><E9/><V59/><F41/><N who="3" m="15947" /><G29/><T93/><D111/><U82/><E82/><V57/><F51/><W87/><G37/><T85/><D101/><U58/><E125/><V84/><F103/><W108/><G108/><T96/><D107/><U19/><E19/><V79/><F79/><W134/><G52/><T135/><D106/><U2/><E58/><V126/><F126/><W64/><G64/><T0/><D0/><U122/><E122/><V97/><F67/><W98/><G134/><T83/><D135/><U61/><REACH who="1" step="1"/><E70/><REACH who="1" ten="260,173,297,260" step="2"/><V23/><F57/><W110/><G110/><T45/><D83/><U92/><E92/><N who="2" m="54311" /><F34/><W14/><G16/><AGARI ba="1,1" hai="16,21,23,24,25,30,56,59,91,95,97" m="54311" machi="16" ten="30,2000,0" yaku="8,1,54,1" doraHai="72" who="2" fromWho="3" sc="260,0,173,0,297,33,260,-23" /><INIT seed="2,0,0,0,1,1" ten="260,173,330,237" oya="2" hai0="15,30,34,8,39,77,52,43,63,85,40,21,79" hai1="9,92,59,50,28,135,19,134,0,56,26,83,10" hai2="35,71,78,109,113,98,112,61,11,87,57,55,24" hai3="91,84,69,25,76,117,81,29,105,45,47,72,14"/><V108/><F71/><W116/><G105/><T53/><D34/><U97/><E83/><N who="2" m="47607" /><F98/><W2/><G69/><T48/><D39/><U23/><E10/><V90/><F11/><W58/><G2/><T101/><D101/><U33/><E50/><V32/><F90/><W103/><G103/><T94/><D63/><U111/><E111/><N who="2" m="42571" /><F24/><W64/><G47/><T104/><D104/><U31/><E59/><V125/><F125/><W124/><G124/><T44/><D79/><U127/><E56/><V74/><F74/><W106/><G106/><T126/><D126/><U18/><E127/><V4/><F4/><W17/><G45/><T20/><D77/><U41/><E97/><V5/><F5/><W100/><G100/><T42/><D85/><U73/><E92/><V3/><F3/><W16/><G58/><T49/><D94/><U130/><E73/><V121/><F121/><W93/><G117/><T123/><D123/><U12/><E0/><V118/><F118/><W80/><G116/><T119/><D119/><U75/><E75/><V107/><F107/><W38/><G93/><T65/><D30/><U102/><E102/><V68/><F68/><W37/><G29/><T6/><REACH who="0" step="1"/><D65/><REACH who="0" ten="250,173,330,237" step="2"/><U132/><E28/><V86/><F86/><W67/><G64/><T129/><D129/><U89/><E130/><V54/><F32/><W128/><G67/><T133/><D133/><U36/><E89/><V131/><F35/><W62/><G72/><T46/><AGARI ba="0,1" hai="6,8,15,20,21,40,42,43,44,46,48,49,52,53" machi="46" ten="30,12000,2" yaku="1,1,0,1,9,1,8,1,52,1,54,1,53,0" doraHai="1" doraHaiUra="99" who="0" fromWho="0" sc="250,130,173,-30,330,-60,237,-30" /><INIT seed="3,0,0,0,0,0" ten="380,143,270,207" oya="3" hai0="128,2,135,42,118,24,113,44,81,7,3,71,66" hai1="65,104,102,9,100,40,58,33,16,79,73,122,91" hai2="97,55,76,93,123,13,116,49,37,67,130,112,61" hai3="115,41,19,62,110,46,124,87,54,18,45,38,98"/><W53/><G115/><T20/><D118/><U31/><E122/><V59/><F116/><W82/><G124/><T114/><D128/><U78/><E40/><V1/><F130/><W36/><G110/><T10/><D3/><U94/><E33/><V121/><F112/><N who="0" m="43114" /><D135/><U92/><E31/><V8/><F1/><W4/><G4/><T30/><D81/><U89/><E104/><V28/><F28/><W57/><G98/><T99/><D99/><N who="1" m="57807" /><E73/><V109/><F109/><W75/><G75/><T14/><D2/><U47/><E47/><V117/><F117/><W86/><G86/><T52/><D66/><U69/><E69/><V32/><F32/><W68/><G68/><T12/><D71/><U21/><E9/><V25/><F25/><W64/><G54/><T125/><D52/><U90/><E90/><V56/><F37/><W35/><G35/><T15/><D125/><U127/><E127/><V106/><F106/><W80/><G38/><AGARI ba="0,0" hai="7,10,12,14,15,20,24,30,38,42,44" m="43114" machi="38" ten="30,2000,0" yaku="11,1,52,1" doraHai="0" who="0" fromWho="3" sc="380,20,143,0,270,0,207,-20" /><INIT seed="4,0,0,1,1,100" ten="400,143,270,187" oya="0" hai0="27,101,108,9,102,89,45,111,96,113,92,107,120" hai1="67,72,49,24,55,62,116,30,104,58,46,13,103" hai2="37,97,121,15,130,52,59,79,40,48,42,122,90" hai3="5,32,7,109,76,44,54,0,88,23,87,6,119"/><T83/><D27/><U60/><E116/><V129/><F79/><W66/><G119/><T91/><D45/><U41/><E72/><V47/><F15/><W77/><G109/><N who="0" m="42059" /><D9/><U36/><E13/><V127/><F97/><W31/><G32/><T38/><D38/><U131/><E131/><N who="2" m="50187" /><F90/><W39/><G66/><T132/><D120/><N who="2" m="46186" /><F127/><W80/><G0/><T19/><D19/><U16/><E16/><V98/><F98/><W1/><G1/><T124/><D124/><U4/><E4/><V10/><F10/><W51/><REACH who="3" step="1"/><G39/><REACH who="3" ten="400,143,270,177" step="2"/><T63/><D132/><U53/><E36/><V64/><F37/><W34/><G34/><T110/><D110/><U21/><E67/><V117/><F117/><W3/><G3/><T78/><D102/><U70/><E103/><V125/><F125/><W84/><G84/><T14/><D101/><U20/><E70/><V12/><F64/><W93/><G93/><T95/><D92/><U99/><E99/><V123/><F123/><W134/><G134/><T26/><D95/><U82/><E82/><V126/><F126/><W29/><G29/><T69/><D83/><U73/><E73/><V112/><F112/><W68/><G68/><T115/><D69/><U56/><REACH who="1" step="1"/><E104/><REACH who="1" ten="400,133,270,177" step="2"/><V65/><F12/><W50/><G50/><T57/><D107/><U128/><E128/><V133/><F133/><W8/><G8/><T105/><D96/><U17/><E17/><V86/><F86/><W61/><G61/><AGARI ba="0,2" hai="40,42,47,48,52,59,61,65" m="46186,50187" machi="61" ten="30,7700,0" yaku="19,1,34,2,54,1" doraHai="100" who="2" fromWho="3" sc="400,0,133,0,270,97,177,-77" /><INIT seed="5,0,0,0,4,102" ten="400,133,367,100" oya="1" hai0="47,85,112,107,23,36,98,95,52,45,127,55,121" hai1="73,29,20,26,106,134,32,19,43,75,31,115,42" hai2="66,5,124,92,15,96,4,101,50,132,17,135,58" hai3="125,60,1,65,46,119,133,49,122,18,8,53,110"/><U62/><E115/><V82/><F124/><W13/><G122/><T117/><D117/><U64/><E134/><N who="2" m="51243" /><F82/><W94/><G110/><T76/><D112/><U79/><E106/><V128/><F128/><W118/><G125/><T104/><D127/><U6/><E6/><V72/><F72/><W109/><G109/><T28/><D121/><U91/><E91/><V48/><F66/><W25/><G133/><T0/><D0/><U80/><E73/><V89/><F89/><W35/><G1/><T56/><D36/><U83/><E83/><V51/><F58/><W70/><REACH who="3" step="1"/><G94/><REACH who="3" ten="400,133,367,90" step="2"/><T93/><D95/><U74/><E74/><V81/><F81/><W3/><G3/><T27/><D93/><U7/><E7/><V68/><F68/><W116/><G116/><T131/><D107/><U69/><REACH who="1" step="1"/><E31/><AGARI ba="0,1" hai="8,13,18,25,31,35,46,49,53,60,65,70,118,119" machi="31" ten="40,1300,0" yaku="1,1,53,0" doraHai="102" doraHaiUra="78" who="3" fromWho="1" sc="400,0,133,-13,367,0,90,23" /><INIT seed="6,0,0,3,2,119" ten="400,120,367,113" oya="2" hai0="45,108,4,46,30,68,116,128,40,44,134,54,82" hai1="123,38,25,29,111,64,77,33,94,60,55,117,13" hai2="52,21,120,124,34,96,56,22,66,86,135,90,61" hai3="3,73,127,76,35,12,85,131,18,129,24,14,126"/><V63/><F120/><W27/><G73/><T1/><D30/><U2/><E2/><V39/><F34/><W5/><G76/><T49/><D116/><U133/><E117/><V80/><F124/><N who="3" m="47659" /><G85/><T112/><D68/><U121/><E111/><V104/><F135/><W51/><G14/><T95/><D108/><U62/><E133/><V32/><F32/><W87/><G87/><T43/><D95/><U71/><E38/><V113/><F113/><W15/><G15/><T41/><D112/><U7/><E77/><V47/><F104/><W122/><G122/><N who="1" m="46602" /><E94/><V0/><F0/><W36/><G51/><T101/><D49/><U65/><E55/><V106/><F106/><W115/><G115/><T130/><D54/><U105/><E105/><V74/><F74/><W28/><G27/><T58/><D134/><U9/><E64/><V84/><F86/><W57/><G36/><T50/><D1/><U59/><E62/><V37/><F96/><W100/><G57/><AGARI ba="0,0" hai="7,9,13,25,29,33,57,59,60,65,71" m="46602" machi="57" ten="30,7700,0" yaku="13,1,52,3" doraHai="119" who="1" fromWho="3" sc="400,0,120,77,367,0,113,-77" /><INIT seed="7,0,0,4,3,28" ten="400,197,367,36" oya="3" hai0="124,75,14,61,56,92,84,16,33,44,109,8,29" hai1="50,96,101,86,95,88,49,128,103,65,46,18,119" hai2="41,0,106,10,91,20,15,4,1,13,70,34,71" hai3="73,131,100,122,60,113,30,129,99,112,125,25,32"/><W98/><G122/><T123/><D75/><U12/><E128/><N who="3" m="49226" /><G73/><T114/><D109/><U134/><E134/><V59/><F106/><W19/><G125/><T126/><D114/><N who="3" m="44137" /><G100/><N who="1" m="38474" /><E65/><V93/><F41/><W81/><G81/><T118/><D123/><U68/><E68/><V51/><F34/><W55/><G19/><T116/><D33/><U11/><E119/><V94/><F94/><W36/><G36/><T9/><D118/><U17/><E50/><V26/><F1/><W66/><G55/><T132/><D116/><U37/><E37/><V83/><F83/><W85/><G85/><T127/><D84/><U52/><E18/><V31/><F70/><AGARI ba="0,0" hai="25,30,32,60,66,70,98,99" m="44137,49226" machi="70" ten="30,5800,0" yaku="19,1,15,1,52,1" doraHai="28" who="3" fromWho="2" sc="400,0,197,0,367,-58,36,58" /><INIT seed="7,1,0,4,2,75" ten="400,197,309,94" oya="3" hai0="133,70,60,38,81,99,2,41,23,37,28,46,86" hai1="96,42,10,71,62,107,57,100,21,118,93,135,105" hai2="123,108,83,82,68,31,119,128,47,84,130,14,66" hai3="92,48,27,88,97,0,115,124,13,5,116,16,33"/><W120/><G120/><T74/><D38/><U131/><E71/><V34/><F123/><W40/><G116/><T49/><D2/><U55/><E118/><V24/><F119/><W85/><G115/><T80/><D74/><U4/><E131/><N who="2" m="50219" /><F108/><W114/><G114/><T45/><D99/><U17/><E135/><V51/><F14/><W50/><G124/><T79/><D133/><U77/><E77/><V106/><F106/><W91/><G40/><T127/><D81/><U20/><E42/><N who="2" m="25079" /><F84/><W90/><G0/><T8/><D127/><U19/><E20/><V112/><F112/><W54/><G33/><T6/><D23/><U44/><E44/><V76/><F76/><W111/><G111/><T36/><D46/><U59/><E19/><V109/><F109/><W53/><G27/><T94/><D94/><U25/><E59/><V117/><F117/><W1/><G1/><AGARI ba="1,0" hai="1,4,10,17,21,25,55,57,62,93,96,100,105,107" machi="1" ten="30,1000,0" yaku="7,1" doraHai="75" who="1" fromWho="3" sc="400,0,197,13,309,0,94,-13" owari="400,50.0,210,-19.0,309,11.0,81,-42.0" /></mjloggm>