<mjloggm ver="2.3"><GO type="169" lobby="0"/><UN n0="%E3%83%AD%E3%83%83%E3%83%86%E9%9B%80%E7%90%83" n1="%79%6F%74%65%72%75" n2="%E6%81%8B%E6%96%87" n3="%E3%82%A6%E3%83%AB%E3%83%88%E3%83%A9%E7%AB%8B%E7%9B%B4" dan="17,17,16,17" rate="2214.40,2155.56,2140.12,2151.51" sx="M,M,M,M"/><TAIKYOKU oya="0"/><INIT seed="0,0,0,4,2,47" ten="250,250,250,250" oya="0" hai0="101,108,53,31,120,87,79,22,109,64,73,71,8" hai1="128,65,106,55,48,83,91,92,49,12,112,67,84" hai2="45,39,11,117,16,23,66,82,121,100,76,74,133" hai3="57,103,93,4,15,95,18,105,134,69,32,119,44"/><T88/><D120/><U122/><E106/><V129/><F121/><W90/><G119/><T9/><D101/><U85/><E122/><V125/><F117/><W54/><G69/><T6/><D79/><N who="1" m="46207" /><E128/><V131/><F100/><W56/><G32/><T97/><D97/><U1/><E1/><V28/><F66/><N who="1" m="25097" /><E112/><V19/><F125/><W51/><G4/><T107/><D73/><U3/><E3/><V68/><F68/><W60/><G134/><T135/><D107/><U13/><E49/><V98/><F98/><N who="3" m="59871" /><G60/><N who="0" m="40327" /><D135/><U75/><E75/><V25/><F133/><W80/><G105/><T118/><D118/><U29/><E29/><V94/><F94/><W34/><G34/><T33/><D33/><U130/><E130/><N who="2" m="49675" /><F11/><N who="3" m="6527" /><G80/><T72/><D72/><U52/><E55/><V62/><F62/><W116/><G116/><T99/><D53/><U20/><E20/><V70/><F70/><W5/><G5/><T21/><D99/><AGARI ba="0,0" hai="44,51,54,56,57,90,93,99" m="6527,59871" machi="99" ten="30,2000,0" yaku="8,1,52,1" doraHai="47" who="3" fromWho="0" sc="250,-20,250,0,250,0,250,20" /><INIT seed="1,0,0,2,2,50" ten="230,250,250,270" oya="1" hai0="59,107,62,54,74,5,101,120,89,60,86,17,45" hai1="69,109,65,87,31,95,46,113,61,27,57,9,116" hai2="19,7,93,121,53,55,35,114,37,96,72,10,3" hai3="32,98,23,108,83,131,34,88,100,103,78,16,132"/><U25/><E113/><V15/><F121/><W48/><G108/><T85/><D74/><U125/><E116/><V90/><F72/><W99/><G131/><T42/><D120/><U20/><E109/><V6/><F37/><W40/><G132/><T91/><D5/><U79/><E125/><V26/><F114/><W122/><G122/><T92/><D62/><U84/><E79/><V43/><F43/><W117/><G117/><T94/><D17/><U63/><E9/><V124/><F124/><W105/><G40/><T82/><D82/><U123/><E123/><V29/><F7/><W4/><G48/><T126/><D126/><U75/><E75/><V81/><F81/><W76/><G4/><T130/><D130/><U134/><E134/><V104/><F104/><W119/><G119/><T11/><D11/><U73/><E73/><V1/><F1/><W106/><G78/><T56/><D56/><U97/><E27/><V67/><F67/><W102/><G76/><T47/><REACH who="0" step="1"/><D42/><REACH who="0" ten="220,250,250,270" step="2"/><U36/><E46/><V58/><F58/><W21/><G83/><T111/><D111/><U44/><E44/><V8/><AGARI ba="0,1" hai="3,6,8,10,15,19,26,29,35,53,55,90,93,96" machi="8" ten="20,5200,0" yaku="0,1,7,1,52,2" doraHai="50" who="2" fromWho="2" sc="220,-13,250,-26,250,62,270,-13" /><INIT seed="2,0,0,5,1,114" ten="207,224,312,257" oya="2" hai0="125,89,16,51,1,71,119,132,70,26,17,103,107" hai1="43,109,105,24,59,31,57,3,14,21,106,18,13" hai2="73,0,15,85,58,10,69,20,117,44,47,65,101" hai3="81,41,37,45,133,84,6,55,64,127,97,49,74"/><V46/><F117/><W86/><G127/><T29/><D125/><U50/><E109/><V61/><F73/><W22/><G133/><T111/><D111/><U78/><E3/><V110/><F110/><W76/><G64/><T60/><D1/><U62/><E78/><V42/><F20/><W121/><G121/><T72/><D72/><U94/><E94/><V126/><F126/><W80/><G97/><T115/><D115/><U108/><E108/><V63/><F0/><W39/><G6/><T12/><D132/><U30/><E13/><V130/><F130/><W113/><G113/><T5/><D5/><U33/><E31/><V93/><F42/><W40/><G74/><T96/><D119/><U25/><E25/><V88/><F101/><W52/><G22/><T118/><D118/><U28/><E28/><V124/><F124/><W56/><G39/><T102/><D102/><U9/><E33/><V4/><F47/><W36/><G36/><T87/><D51/><U7/><E30/><V2/><F2/><W112/><G112/><T77/><D77/><U32/><E32/><V120/><F120/><W123/><G123/><T35/><D12/><U34/><E34/><V19/><F4/><W54/><REACH who="3" step="1"/><G41/><REACH who="3" ten="207,224,312,247" step="2"/><T11/><D11/><U135/><E135/><V90/><F90/><AGARI ba="0,1" hai="37,40,45,49,52,54,55,56,76,80,81,84,86,90" machi="90" ten="30,7700,0" yaku="1,1,2,1,7,1,54,1,53,0" doraHai="114" doraHaiUra="128" who="3" fromWho="2" sc="207,0,224,0,312,-77,247,87" /><INIT seed="3,0,0,1,4,121" ten="207,224,235,334" oya="3" hai0="46,94,66,102,61,84,16,115,110,123,125,134,19" hai1="92,24,58,129,39,21,91,35,95,80,17,73,116" hai2="8,53,69,64,128,45,10,20,82,71,72,114,131" hai3="87,89,78,93,112,23,57,90,15,14,135,49,68"/><W77/><G68/><N who="2" m="26185" /><F114/><W44/><G135/><T5/><D123/><U47/><E129/><N who="2" m="49739" /><F64/><W4/><G112/><T34/><D34/><U33/><E116/><V120/><F20/><W70/><G70/><T42/><D125/><U54/><E95/><V55/><F120/><W86/><G57/><T130/><D5/><U104/><E104/><V107/><F107/><W2/><G2/><T28/><D28/><U74/><E47/><V99/><F99/><W75/><G75/><T100/><D134/><U50/><E39/><V79/><F45/><W62/><G62/><T31/><D31/><U56/><E56/><V13/><F10/><W59/><G59/><T0/><D0/><U37/><E37/><V52/><F55/><W119/><G119/><T118/><D118/><U126/><E126/><V25/><F25/><W85/><G23/><T113/><D130/><U65/><E65/><V76/><F79/><W1/><G78/><T18/><D66/><U9/><E9/><V12/><F12/><W29/><G77/><T22/><D22/><U133/><E133/><V40/><F40/><N who="3" m="24711" /><G29/><T43/><D43/><U96/><E35/><V48/><F48/><W106/><G106/><T36/><D61/><U132/><E132/><V60/><F60/><W32/><G32/><T97/><D115/><U88/><E33/><V67/><F67/><W103/><G1/><T30/><D30/><U26/><E26/><V3/><F3/><W27/><G27/><T83/><D113/><U38/><E38/><V81/><F81/><W41/><G41/><T105/><D105/><U7/><E7/><AGARI ba="0,0" hai="7,8,13,52,53,72,76,82" m="49739,26185" machi="7" ten="30,3900,0" yaku="6,1,19,1,54,1" doraHai="121" who="2" fromWho="1" sc="207,0,224,-39,235,39,334,0" /><INIT seed="4,0,0,0,0,23" ten="207,185,274,334" oya="0" hai0="69,7,74,56,49,45,40,68,79,12,77,61,39" hai1="118,96,109,9,101,117,30,87,1,93,47,60,99" hai2="31,105,125,34,17,81,54,120,46,48,16,43,58" hai3="119,132,52,63,42,35,91,127,2,113,18,124,95"/><T86/><D74/><U75/><E75/><V70/><F105/><W82/><G2/><T5/><D39/><U103/><E109/><V115/><F120/><W20/><G119/><T71/><D12/><U21/><E87/><V97/><F125/><W0/><G0/><T94/><D94/><U26/><E47/><V80/><F70/><W13/><G42/><T85/><D85/><U83/><E83/><V73/><F115/><W76/><G35/><T62/><D62/><U22/><E60/><V134/><F134/><W111/><G111/><T36/><D36/><U130/><E130/><V116/><F116/><W11/><G11/><T32/><D32/><U66/><E66/><V64/><F64/><W27/><G13/><T102/><D102/><U126/><E126/><V122/><F122/><W133/><G113/><T41/><D41/><U25/><E9/><V8/><F97/><N who="3" m="57599" /><G127/><T65/><REACH who="0" step="1"/><D86/><REACH who="0" ten="197,185,274,334" step="2"/><U59/><E1/><V57/><F73/><N who="3" m="43279" /><G124/><T15/><D15/><U33/><E33/><V108/><F43/><W37/><G37/><T38/><D38/><U51/><E101/><V44/><F108/><W55/><G63/><T131/><D131/><U3/><E3/><V6/><F34/><W112/><G112/><T129/><D129/><U24/><E103/><V28/><F48/><W84/><G84/><T123/><D123/><U121/><E121/><V135/><F81/><W78/><G78/><AGARI ba="0,1" hai="5,7,40,45,49,56,61,65,68,69,71,77,78,79" machi="78" ten="40,2000,0" yaku="1,1,53,0" doraHai="23" doraHaiUra="106" who="0" fromWho="3" sc="197,30,185,0,274,0,334,-20" /><INIT seed="4,1,0,1,3,12" ten="227,185,274,314" oya="0" hai0="79,35,21,22,119,48,2,116,124,106,42,66,10" hai1="41,94,28,4,117,61,70,53,107,122,32,16,39" hai2="7,44,102,60,33,46,62,55,133,19,118,86,81" hai3="105,58,40,96,51,101,38,134,63,11,77,14,56"/><T82/><D35/><U20/><E117/><V6/><F133/><W130/><G134/><T54/><D106/><U95/><E107/><V98/><F118/><W3/><G3/><T73/><D124/><U68/><E122/><V121/><F121/><W91/><G130/><T45/><D66/><U71/><E4/><V17/><F33/><W111/><G111/><T84/><D84/><U87/><E32/><V9/><F102/><W114/><G114/><T129/><D129/><U27/><E28/><V13/><F98/><W47/><G77/><T126/><D126/><U109/><E109/><V131/><F131/><W128/><G128/><T37/><D119/><U34/><E34/><V97/><F97/><W23/><G23/><T43/><D43/><U132/><E132/><V89/><F46/><W90/><G38/><T52/><D116/><U59/><REACH who="1" step="1"/><E87/><REACH who="1" ten="227,175,274,314" step="2"/><V120/><F120/><W57/><REACH who="3" step="1"/><G63/><REACH who="3" ten="227,175,274,304" step="2"/><T110/><D110/><U72/><E72/><V49/><F62/><W30/><G30/><T108/><D108/><U88/><E88/><V26/><F60/><W103/><G103/><T99/><D73/><U24/><E24/><V25/><F26/><W115/><G115/><T113/><D113/><U65/><E65/><V18/><F25/><W85/><G85/><T83/><D79/><U67/><E67/><V100/><F100/><W36/><G36/><T64/><D37/><U1/><E1/><V78/><F78/><W50/><G50/><T125/><D48/><U75/><E75/><V92/><F81/><W135/><G135/><T112/><D83/><U0/><E0/><RYUUKYOKU ba="1,2" sc="227,-30,175,10,274,10,304,10" hai1="16,20,27,39,41,53,59,61,68,70,71,94,95" hai2="6,7,9,13,17,18,19,44,49,55,86,89,92" hai3="11,14,40,47,51,56,57,58,90,91,96,101,105" /><INIT seed="5,2,2,5,0,102" ten="197,185,284,314" oya="1" hai0="94,66,15,29,35,30,42,9,123,132,122,98,115" hai1="70,128,88,127,60,58,44,104,46,101,10,85,36" hai2="2,67,7,24,71,23,17,134,56,18,121,22,100" hai3="108,43,112,81,99,87,52,16,55,63,31,39,84"/><U68/><E10/><V34/><F121/><N who="0" m="46090" /><D115/><U11/><E11/><V20/><F134/><W13/><G108/><T125/><D125/><U69/><E127/><V5/><F71/><W133/><G39/><T126/><D126/><U45/><E128/><V117/><F117/><W32/><G32/><T62/><D42/><U89/><E36/><V6/><F100/><W93/><G31/><T28/><D35/><U59/><E85/><V129/><F129/><W82/><G43/><T106/><D132/><U95/><E95/><V107/><F107/><W50/><G133/><T79/><D79/><U111/><E111/><V40/><F40/><W75/><G75/><T27/><D27/><U0/><E0/><V65/><F56/><N who="3" m="35207" /><G112/><T109/><D106/><U77/><E77/><V114/><F114/><W72/><G72/><T57/><D109/><U37/><E37/><V48/><F48/><W54/><G87/><T96/><D94/><U53/><REACH who="1" step="1"/><E58/><REACH who="1" ten="197,175,284,314" step="2"/><V19/><F2/><W135/><G84/><T78/><D78/><U74/><E74/><V12/><F12/><W64/><G135/><T25/><D25/><U131/><E131/><V73/><F73/><W4/><G93/><T47/><D47/><U51/><E51/><V61/><F61/><W83/><G50/><T124/><D124/><U80/><E80/><V33/><F24/><W8/><G4/><AGARI ba="2,3" hai="4,9,15,28,29,30,57,62,66,96,98" m="46090" machi="4" ten="30,1000,0" yaku="13,1" doraHai="102" who="0" fromWho="3" sc="197,46,175,0,284,0,314,-16" /><INIT seed="6,0,0,1,3,17" ten="243,175,284,298" oya="2" hai0="65,105,119,93,95,49,32,132,91,12,97,28,90" hai1="77,80,18,66,108,113,102,99,131,58,129,86,111" hai2="110,19,71,52,123,39,74,125,126,21,114,85,83" hai3="60,109,73,72,103,87,10,20,57,70,34,68,22"/><V16/><F71/><W1/><G109/><N who="1" m="42058" /><E66/><V23/><F110/><W112/><G34/><T94/><D132/><U130/><E58/><V13/><F39/><W47/><G70/><T45/><D119/><U124/><E18/><V44/><F114/><W41/><G68/><T81/><D65/><U134/><E113/><V64/><F64/><W29/><G29/><T59/><D59/><U107/><E124/><N who="2" m="47723" /><F123/><W9/><G73/><T76/><D28/><U98/><E98/><V35/><F35/><W2/><G72/><T67/><D32/><U51/><E51/><N who="2" m="28775" /><F74/><W40/><G112/><T135/><D67/><U15/><E15/><N who="2" m="9375" /><F83/><W3/><G87/><AGARI ba="0,0" hai="13,19,23,85,87" m="9375,28775,47723" machi="87" ten="30,12000,1" yaku="18,1,52,2,54,2" doraHai="17" who="2" fromWho="3" sc="243,0,175,0,284,120,298,-120" /><INIT seed="6,1,0,3,3,86" ten="243,175,404,178" oya="2" hai0="108,44,97,9,21,5,109,14,78,75,61,60,52" hai1="101,99,10,45,87,16,56,31,95,117,3,73,102" hai2="111,50,43,33,122,19,57,1,17,80,48,124,116" hai3="49,114,71,4,106,54,12,8,126,94,113,134,127"/><V25/><F1/><W29/><G106/><T53/><D75/><U84/><E117/><V63/><F111/><W35/><G71/><T69/><D78/><U120/><E73/><V92/><F116/><W20/><G94/><T46/><D69/><U130/><E130/><V13/><F122/><W89/><G89/><T79/><D79/><U83/><E120/><V39/><F124/><N who="3" m="47659" /><G134/><T98/><D21/><U132/><E132/><V41/><F33/><W30/><G35/><T38/><D38/><U112/><E112/><N who="3" m="43114" /><G20/><T77/><D77/><N who="1" m="46191" /><E3/><V100/><F92/><W128/><G128/><T68/><D68/><U74/><E74/><V51/><F100/><W47/><AGARI ba="1,0" hai="4,8,12,29,30,47,49,54" m="43114,47659" machi="47" ten="30,4000,0" yaku="18,1,15,1,11,1" doraHai="86" who="3" fromWho="3" sc="243,-11,175,-11,404,-21,178,43" /><INIT seed="7,0,0,2,0,94" ten="232,164,383,221" oya="3" hai0="45,33,135,56,67,104,113,99,83,76,111,130,19" hai1="68,37,44,9,112,13,64,27,60,87,36,23,131" hai2="8,57,24,116,125,25,10,69,34,28,49,20,79" hai3="29,35,71,40,30,123,18,54,11,73,84,89,61"/><W109/><G73/><T132/><D111/><U108/><E112/><V114/><F69/><W127/><G109/><T98/><D104/><U63/><E131/><V17/><F114/><W78/><G78/><T110/><D110/><U16/><E108/><V3/><F3/><W106/><G106/><T102/><D102/><U126/><E126/><V14/><F116/><W0/><G123/><T26/><D45/><U100/><E100/><V46/><F125/><W65/><G40/><T42/><D42/><U85/><E63/><V86/><F57/><W120/><G120/><T128/><D128/><U134/><E134/><N who="0" m="51241" /><D113/><U4/><REACH who="1" step="1"/><E44/><REACH who="1" ten="232,154,383,221" step="2"/><V21/><F46/><W15/><G127/><T22/><D130/><U1/><E1/><V117/><F117/><W95/><G0/><T74/><D33/><U6/><E6/><V41/><F34/><W103/><G35/><T88/><D88/><U7/><E7/><V58/><F14/><W47/><G103/><T133/><D133/><U72/><E72/><V101/><F101/><W90/><G90/><T51/><D74/><U52/><E52/><N who="2" m="32015" /><F41/><W43/><G54/><T122/><D122/><U129/><E129/><V50/><F50/><AGARI ba="0,1" hai="11,15,18,29,30,43,47,50,61,65,71,84,89,95" machi="50" ten="30,1500,0" yaku="7,1" doraHai="94" who="3" fromWho="2" sc="232,0,154,0,383,-15,221,25" /><INIT seed="7,1,0,0,2,73" ten="232,154,368,246" oya="3" hai0="92,66,61,34,126,51,0,103,72,130,71,19,125" hai1="11,37,74,85,16,105,100,38,75,94,26,87,45" hai2="99,113,39,24,22,5,18,40,4,49,118,134,83" hai3="32,77,8,15,3,12,131,80,133,21,30,64,17"/><W67/><G131/><T96/><D0/><U54/><E105/><V48/><F118/><W82/><G82/><T90/><D34/><U121/><E121/><V127/><F113/><W89/><G89/><T115/><D130/><U10/><E100/><V124/><F134/><W68/><G68/><T7/><D7/><N who="2" m="2634" /><F99/><W128/><G3/><T70/><D115/><U123/><E123/><V108/><F108/><W60/><G32/><T59/><D72/><U47/><E54/><V62/><F62/><W114/><G114/><T65/><D65/><U50/><E50/><V46/><F83/><W78/><G80/><T52/><D19/><U95/><REACH who="1" step="1"/><E16/><REACH who="1" ten="232,144,368,246" step="2"/><V84/><F84/><W23/><G128/><T79/><D79/><N who="3" m="30217" /><G133/><T44/><D103/><U122/><E122/><V63/><F63/><W81/><G60/><T6/><D6/><U129/><E129/><V97/><F97/><W132/><G132/><T120/><D120/><U98/><E98/><V27/><F27/><AGARI ba="1,1" hai="10,11,26,27,37,38,45,47,74,75,85,87,94,95" machi="27" ten="25,3200,0" yaku="1,1,22,2,53,0" doraHai="73" doraHaiUra="76" who="1" fromWho="2" sc="232,0,144,45,368,-35,246,0" owari="232,-17.0,189,-31.0,333,43.0,246,5.0" /></mjloggm>