<mjloggm ver="2.3"><GO type="225" lobby="0"/><UN n0="%4D%4F%44" n1="%E3%83%8D%E3%82%B8%E3%82%AD" n2="%E3%82%A6%E3%83%AB%E3%83%88%E3%83%A9%E7%AB%8B%E7%9B%B4" n3="%E2%98%85%E3%83%9F%E3%83%BC%E3%82%B3%E2%98%85" dan="16,17,17,16" rate="2054.54,2151.85,2130.54,2196.81" sx="M,M,M,F"/><TAIKYOKU oya="0"/><INIT seed="0,0,0,0,0,13" ten="250,250,250,250" oya="0" hai0="89,109,41,102,8,62,117,83,121,119,98,99,23" hai1="45,55,76,57,4,6,87,14,22,66,21,70,19" hai2="125,71,15,72,58,116,37,11,90,75,67,59,91" hai3="124,132,135,60,86,113,49,110,74,32,12,34,25"/><T20/><D121/><U56/><E70/><V43/><F71/><W54/><G74/><T29/><D41/><U65/><E45/><V80/><F125/><W105/><G124/><T96/><D102/><U107/><E107/><V95/><F116/><W48/><G113/><T38/><D38/><U46/><E46/><V44/><F67/><N who="1" m="25609" /><E57/><V79/><F75/><W133/><G105/><T104/><D104/><U126/><E126/><V118/><F118/><W93/><G110/><T101/><D101/><U5/><E76/><V108/><F108/><W103/><G12/><T51/><D109/><U92/><E22/><V63/><F63/><W82/><G93/><T53/><D62/><U68/><E68/><V47/><F47/><W27/><G103/><T111/><D111/><U134/><E134/><V17/><REACH who="2" step="1"/><F90/><REACH who="2" ten="250,250,240,250" step="2"/><N who="3" m="51543" /><G60/><T39/><D89/><N who="1" m="53311" /><E4/><V94/><F94/><W129/><G135/><T114/><D117/><U100/><E100/><V9/><F9/><W81/><G133/><T33/><D8/><U127/><E127/><V106/><F106/><W24/><G132/><T122/><D119/><U1/><E1/><V73/><F73/><W42/><G34/><T35/><D33/><U36/><E36/><V115/><F115/><W97/><G32/><T120/><D114/><U64/><N who="1" m="25617" /><U85/><DORA hai="112" /><E85/><AGARI ba="0,1" hai="11,15,17,37,43,44,58,59,72,79,80,85,91,95" machi="85" ten="30,3900,0" yaku="1,1,7,1,52,1,53,0" doraHai="13,112" doraHaiUra="26,123" who="2" fromWho="1" sc="250,0,250,-39,240,49,250,0" /><INIT seed="1,0,0,3,0,99" ten="250,211,289,250" oya="1" hai0="4,102,15,86,135,115,83,112,36,114,78,46,41" hai1="25,32,17,111,100,119,53,64,90,98,89,94,103" hai2="79,8,121,85,0,82,20,24,130,107,18,43,133" hai3="60,77,40,123,27,80,72,87,113,131,73,23,39"/><U26/><E119/><V126/><F121/><W63/><G123/><T110/><D110/><U105/><E111/><V30/><F107/><W12/><G113/><T97/><D135/><U68/><E105/><V49/><F133/><W106/><G131/><T44/><D44/><U104/><E104/><V101/><F130/><W6/><G106/><T88/><D78/><U127/><E127/><V129/><F129/><W50/><G39/><T14/><REACH who="0" step="1"/><D4/><REACH who="0" ten="240,211,289,250" step="2"/><U109/><E109/><V35/><F79/><W52/><G72/><T66/><D66/><U120/><E120/><V11/><F126/><W37/><G73/><T61/><D61/><U31/><E64/><V91/><F49/><W93/><G63/><T122/><D122/><U67/><E67/><V45/><F45/><N who="3" m="27727" /><G37/><T117/><D117/><U59/><E68/><V75/><F75/><W3/><G60/><T92/><AGARI ba="0,1" hai="14,15,36,41,46,83,86,88,92,97,102,112,114,115" machi="92" ten="30,7900,0" yaku="1,1,0,1,52,1,54,1,53,0" doraHai="99" doraHaiUra="54" who="0" fromWho="0" sc="240,89,211,-39,289,-20,250,-20" /><INIT seed="2,0,0,2,3,118" ten="329,172,269,230" oya="2" hai0="113,6,2,103,11,99,65,91,70,71,19,72,47" hai1="120,75,28,97,50,63,57,134,83,60,31,9,69" hai2="15,16,48,111,36,85,3,123,4,73,0,62,98" hai3="68,52,51,78,10,127,80,24,49,121,79,110,35"/><V116/><F73/><W41/><G68/><T32/><D32/><U122/><E134/><V5/><F36/><W131/><G121/><N who="1" m="46698" /><E97/><V55/><F123/><W45/><G110/><T124/><D113/><U87/><E75/><V105/><F116/><W117/><G117/><T128/><D124/><U94/><E9/><V77/><F62/><N who="1" m="23593" /><E94/><V74/><F74/><W95/><G127/><T89/><D72/><U102/><E102/><V56/><F111/><W42/><G95/><T33/><D103/><U119/><E69/><V86/><F98/><W18/><G10/><T101/><D101/><U114/><E114/><V29/><F105/><W130/><G130/><T26/><D128/><U38/><E38/><V67/><F86/><W107/><G107/><T43/><D71/><U61/><E50/><V12/><F85/><N who="3" m="48279" /><G49/><T64/><D70/><U37/><E37/><V23/><F48/><W115/><G115/><T76/><D11/><U81/><E119/><V82/><F0/><W100/><G100/><T14/><D2/><U1/><E1/><V53/><F3/><W135/><G135/><T39/><D39/><U96/><E96/><V8/><F8/><W129/><G129/><T104/><D99/><U106/><E106/><V92/><F92/><W108/><G131/><T30/><D104/><U40/><E40/><V84/><F84/><W66/><G108/><T22/><D43/><U112/><E112/><V46/><F5/><W109/><G42/><T88/><D6/><U54/><E83/><V132/><F82/><W25/><G109/><T90/><D90/><AGARI ba="0,0" hai="28,31,54,57,61,81,87,90" m="23593,46698" machi="90" ten="30,7700,0" yaku="13,1,52,3" doraHai="118" who="1" fromWho="0" sc="329,-77,172,77,269,0,230,0" /><INIT seed="3,0,0,1,1,52" ten="252,249,269,230" oya="3" hai0="1,135,84,48,107,77,55,29,101,91,14,88,126" hai1="102,130,2,90,96,43,71,5,104,80,3,33,58" hai2="129,109,87,105,93,4,15,114,51,133,47,53,18" hai3="67,78,46,23,86,95,65,89,128,66,39,118,31"/><W22/><G118/><T0/><D135/><U103/><E71/><V63/><F105/><W94/><G128/><T108/><D108/><U100/><E33/><V81/><F114/><W64/><N who="3" m="16384" /><DORA hai="60" /><W132/><G132/><T40/><D40/><U99/><E130/><V79/><F109/><W38/><G78/><T12/><D126/><U111/><E111/><V73/><F129/><W20/><G31/><T70/><D70/><U11/><E2/><V113/><F113/><W115/><G115/><T116/><D116/><U26/><E43/><V32/><F32/><W42/><REACH who="3" step="1"/><G95/><REACH who="3" ten="252,249,269,220" step="2"/><T16/><D77/><U106/><E102/><V110/><F93/><W59/><G59/><T120/><D29/><U57/><E26/><V72/><F79/><W6/><G6/><T119/><D101/><U74/><E74/><V49/><F73/><W92/><G92/><T134/><D134/><U61/><E61/><V76/><F63/><W35/><G35/><T17/><D119/><U54/><E54/><N who="2" m="30015" /><F72/><W37/><AGARI ba="0,1" hai="20,22,23,37,38,39,42,46,86,89,94" m="16384" machi="37" ten="50,18000,2" yaku="1,1,0,1,52,4,53,1" doraHai="52,60" doraHaiUra="45,36" who="3" fromWho="3" sc="252,-60,249,-60,269,-60,220,190" owari="192,-21.0,189,-31.0,209,1.0,410,51.0" /></mjloggm>