<mjloggm ver="2.3"><GO type="169" lobby="0"/><UN n0="%50%6F%74%6F%73%68%69" n1="%E3%83%88%E3%83%88%E3%83%AA%E5%85%88%E7%94%9F%31%39%E6%AD%B3" n2="%E3%83%AB%E3%82%BF%E3%82%B9%E3%82%B1" n3="%E3%81%8B%E3%82%8B%E3%81%A1%E3%82%83%E3%82%93" dan="16,19,16,16" rate="2123.67,2280.69,2033.19,2050.21" sx="F,F,M,F"/><TAIKYOKU oya="0"/><INIT seed="0,0,0,4,1,77" ten="250,250,250,250" oya="0" hai0="17,41,4,63,0,29,116,73,34,19,118,130,57" hai1="71,123,107,60,6,133,75,83,66,132,64,112,61" hai2="69,43,94,121,111,12,7,124,10,125,78,18,47" hai3="105,134,96,2,42,79,65,72,36,26,56,1,23"/><T110/><D73/><U50/><E123/><V15/><F121/><W22/><G134/><N who="1" m="51818" /><E83/><V67/><F111/><W74/><G74/><T129/><D41/><U45/><E107/><V82/><F94/><W93/><G105/><T135/><D110/><U102/><E6/><V106/><F106/><W16/><G42/><T101/><D101/><U31/><E31/><V25/><F25/><W126/><G36/><T54/><D135/><U28/><E28/><V122/><F122/><W104/><G104/><T59/><D0/><U8/><E8/><V98/><F98/><W84/><G126/><N who="2" m="48745" /><F67/><W97/><G97/><T70/><D4/><U39/><E102/><V44/><F69/><W27/><G72/><T114/><D70/><N who="1" m="42247" /><E75/><N who="2" m="43359" /><F43/><W119/><G1/><T89/><D34/><U108/><E108/><V48/><F48/><W92/><G2/><T32/><D32/><U58/><E112/><V3/><F3/><W103/><G103/><T53/><D29/><U62/><E62/><V128/><F128/><W52/><G65/><T51/><D114/><U38/><E71/><V14/><F14/><W99/><G99/><T85/><D130/><U68/><E68/><V117/><F15/><W49/><G96/><T127/><D127/><U35/><E35/><V33/><F33/><W46/><G46/><T86/><D129/><U76/><E76/><V13/><F44/><W100/><G100/><T11/><D89/><U37/><E37/><V120/><F47/><W40/><G40/><AGARI ba="0,0" hai="38,39,40,45,50,58,61,66" m="42247,51818" machi="40" ten="30,3900,0" yaku="20,1,34,2" doraHai="77" who="1" fromWho="3" sc="250,0,250,39,250,0,250,-39" /><INIT seed="1,0,0,5,5,121" ten="250,289,250,211" oya="1" hai0="21,13,100,59,70,71,83,110,1,15,113,47,134" hai1="49,84,25,35,93,116,127,62,132,111,68,107,20" hai2="46,26,44,95,94,27,42,120,33,64,123,124,96" hai3="23,41,67,65,45,130,52,133,31,66,36,43,128"/><U81/><E116/><V74/><F74/><W29/><G133/><T105/><D1/><U57/><E107/><V5/><F5/><W32/><G32/><T82/><D113/><U129/><E35/><V79/><F33/><W112/><G112/><T55/><D134/><U78/><E132/><V114/><F114/><W131/><G23/><T87/><D47/><U104/><E104/><V126/><F96/><W9/><G41/><T28/><D105/><U38/><E38/><V119/><F79/><W102/><G102/><T98/><D70/><U61/><E129/><V88/><F64/><W89/><G9/><T51/><D71/><U109/><E127/><V18/><F18/><W60/><REACH who="3" step="1"/><G89/><REACH who="3" ten="250,289,250,201" step="2"/><T125/><D21/><U97/><E20/><V16/><F88/><W3/><G3/><T37/><D100/><N who="1" m="60463" /><E25/><V58/><F119/><W34/><G34/><T85/><D125/><U103/><E103/><V14/><F42/><W63/><G63/><T12/><D12/><U90/><E90/><V73/><F14/><W135/><G135/><T86/><D13/><U4/><E62/><V53/><F124/><W75/><G75/><T72/><D15/><U11/><E11/><V2/><F73/><W6/><G6/><T24/><D72/><U118/><E4/><V54/><F2/><W17/><G17/><T40/><D24/><U122/><E118/><V39/><F16/><W101/><G101/><T7/><D7/><U91/><E91/><V19/><F19/><W48/><G48/><T76/><D51/><U115/><E49/><V108/><F126/><W106/><G106/><RYUUKYOKU ba="0,1" sc="250,-10,289,-10,250,-10,201,30" hai3="29,31,36,43,45,52,60,65,66,67,128,130,131" /><INIT seed="2,1,1,2,5,125" ten="240,279,240,231" oya="2" hai0="10,33,13,14,15,17,71,86,34,135,127,85,49" hai1="44,78,39,36,67,61,113,64,8,21,53,2,131" hai2="83,121,24,93,104,114,97,52,122,31,12,27,7" hai3="108,100,96,87,81,16,126,9,6,82,99,43,92"/><V98/><F114/><W95/><G108/><T69/><D127/><U110/><E113/><V19/><F7/><W80/><G126/><T132/><D49/><U41/><E110/><V128/><F104/><W48/><G43/><T46/><D46/><U11/><E39/><V91/><F83/><W124/><G124/><T50/><D50/><U133/><E133/><N who="0" m="51273" /><D10/><U123/><E123/><V29/><F128/><W26/><G48/><T129/><D17/><U3/><E131/><V68/><F68/><N who="0" m="26186" /><D129/><U101/><E8/><V103/><F52/><W134/><G134/><T56/><D56/><U90/><E11/><V109/><F109/><W76/><G6/><T102/><D102/><U77/><E53/><V57/><F57/><W117/><G117/><T18/><D18/><U120/><E101/><V118/><F118/><W20/><G9/><T112/><D112/><U75/><E67/><V5/><F5/><W35/><G35/><AGARI ba="1,1" hai="13,14,15,33,34,35,85,86" m="26186,51273" machi="35" ten="40,5200,0" yaku="28,2,20,1" doraHai="125" who="0" fromWho="3" sc="240,65,279,0,240,0,231,-55" /><INIT seed="3,0,0,4,1,38" ten="305,279,240,176" oya="3" hai0="64,117,61,118,115,32,85,110,68,4,97,123,121" hai1="56,60,29,114,43,47,84,33,58,52,95,73,40" hai2="99,11,112,104,124,127,44,132,133,24,14,9,76" hai3="126,36,111,101,70,19,82,134,131,108,34,65,75"/><W106/><G34/><T55/><D85/><U94/><E73/><V100/><F76/><N who="3" m="44319" /><G36/><T63/><D97/><U21/><E33/><V25/><F112/><W129/><G19/><T113/><D4/><U13/><E114/><N who="0" m="43529" /><D32/><U48/><E84/><V50/><F25/><W125/><G65/><N who="0" m="41007" /><D55/><U74/><E74/><V8/><F24/><W6/><G6/><T116/><D110/><N who="3" m="42025" /><G70/><AGARI ba="0,0" hai="63,64,70,116,117,118,121,123" m="41007,43529" machi="70" ten="40,8000,1" yaku="11,1,23,1,34,2" doraHai="38" who="0" fromWho="3" sc="305,80,279,0,240,0,176,-80" /><INIT seed="4,0,0,3,2,72" ten="385,279,240,96" oya="0" hai0="28,71,61,116,54,83,9,135,21,98,23,29,114" hai1="95,101,63,73,91,2,117,16,51,74,103,5,123" hai2="50,35,105,43,41,38,20,10,19,86,107,102,22" hai3="93,125,128,121,17,3,27,126,18,26,131,49,8"/><T25/><D116/><U4/><E117/><V66/><F38/><W48/><G93/><T69/><D135/><U133/><E123/><V67/><F35/><W110/><G110/><T113/><D98/><U53/><E133/><V132/><F132/><W65/><G65/><T112/><D9/><U100/><E63/><V15/><F107/><W94/><G94/><T109/><D109/><U122/><E122/><V64/><F105/><W14/><G121/><T52/><D83/><U32/><E32/><V111/><F111/><W89/><G89/><T39/><D39/><U108/><E108/><V106/><F106/><W60/><G60/><T40/><D40/><N who="2" m="15434" /><F102/><W75/><G75/><T99/><D99/><U85/><E2/><V0/><F0/><W46/><G46/><T82/><D82/><U68/><E68/><N who="0" m="26185" /><D61/><U31/><E31/><N who="0" m="11849" /><D21/><N who="2" m="8298" /><F50/><W127/><G3/><T96/><D96/><U62/><E73/><V70/><F70/><W47/><G47/><T79/><D23/><U134/><E74/><V1/><F1/><W58/><G58/><T56/><D25/><N who="3" m="9225" /><G18/><T57/><D57/><N who="1" m="32959" /><E134/><V81/><F67/><W24/><N who="3" m="9233" /><W90/><DORA hai="11" /><G90/><AGARI ba="0,0" hai="10,15,19,64,66,81,86,90" m="8298,15434" machi="90" ten="30,2000,0" yaku="8,1,52,1" doraHai="72,11" who="2" fromWho="3" sc="385,0,279,0,240,20,96,-20" /><INIT seed="5,0,0,2,1,108" ten="385,279,260,76" oya="1" hai0="119,31,128,132,120,76,43,35,133,3,74,70,4" hai1="100,30,12,95,113,66,73,107,118,125,99,56,1" hai2="122,106,22,94,124,97,123,72,130,64,57,112,50" hai3="13,75,37,28,79,49,25,69,86,65,21,93,62"/><U110/><E118/><V32/><F32/><W41/><G37/><T38/><RYUUKYOKU type="yao9" ba="0,0" sc="385,0,279,0,260,0,76,0" hai0="3,4,31,35,38,43,70,74,76,119,120,128,132,133" /><INIT seed="5,1,0,1,5,115" ten="385,279,260,76" oya="1" hai0="65,59,50,64,82,52,21,55,8,48,11,73,19" hai1="61,123,23,54,116,58,60,1,89,72,46,83,135" hai2="36,110,118,34,44,86,120,117,101,91,99,74,51" hai3="28,121,124,42,114,39,112,18,69,33,0,14,13"/><U24/><E123/><V132/><F34/><W40/><G69/><T16/><D73/><U85/><E1/><V56/><F36/><W122/><G0/><T108/><D82/><U32/><E32/><V100/><F56/><W78/><G78/><T77/><D77/><U20/><E135/><V43/><F74/><W109/><G39/><T38/><D38/><U45/><E116/><V105/><F120/><W68/><G68/><T41/><D41/><U93/><E23/><V75/><F110/><W134/><G134/><T126/><D126/><U128/><E128/><V10/><F75/><W37/><G37/><T57/><REACH who="0" step="1"/><D21/><REACH who="0" ten="375,279,260,76" step="2"/><U15/><E72/><V25/><F132/><W111/><G124/><T97/><D97/><U90/><E61/><V98/><F10/><W6/><G33/><T2/><D2/><U104/><E104/><V84/><F84/><W80/><G80/><T62/><D62/><U5/><E5/><V53/><F43/><W95/><G6/><T4/><D4/><U26/><E15/><V3/><F3/><W35/><G35/><T9/><D9/><U76/><E76/><V88/><F25/><N who="1" m="9833" /><E20/><V102/><F105/><W30/><REACH who="3" step="1"/><G18/><REACH who="3" ten="375,279,260,66" step="2"/><T79/><D79/><U133/><E133/><V81/><REACH who="2" step="1"/><F91/><REACH who="2" ten="375,279,250,66" step="2"/><W12/><G12/><T7/><D7/><U129/><E89/><V113/><F113/><W22/><G22/><T107/><D107/><U70/><E90/><V125/><F125/><W127/><G127/><T96/><D96/><AGARI ba="1,3" hai="44,51,53,81,86,88,96,98,99,100,101,102,117,118" machi="96" ten="40,12000,2" yaku="1,1,52,2,54,1,53,3" doraHai="115" doraHaiUra="92" who="2" fromWho="0" sc="375,-123,279,0,250,153,66,0" /><INIT seed="6,0,0,5,5,104" ten="252,279,403,66" oya="2" hai0="117,74,41,69,27,126,68,47,15,50,56,114,107" hai1="89,119,28,72,95,90,20,73,91,111,133,86,14" hai2="39,36,110,33,120,77,96,128,53,0,131,93,135" hai3="101,35,75,64,113,108,38,12,100,24,23,52,87"/><V102/><F120/><W60/><G108/><T78/><D107/><U112/><E119/><V71/><F110/><W10/><G35/><T92/><D117/><U51/><E111/><V6/><F135/><W65/><G38/><T2/><D2/><U124/><E133/><V13/><F0/><W61/><G113/><T79/><D114/><U11/><E112/><V109/><F109/><W132/><G132/><T43/><D126/><U18/><E124/><V34/><F71/><W49/><G87/><T54/><D27/><N who="1" m="16487" /><E72/><V62/><F77/><W94/><G75/><T66/><D41/><U118/><E73/><V88/><F102/><W134/><G134/><T84/><D15/><N who="1" m="7551" /><E118/><V130/><F36/><W55/><G101/><T22/><D22/><U106/><E106/><V115/><F39/><W80/><G80/><T81/><D66/><U21/><E51/><V3/><F3/><W31/><G94/><T97/><D78/><U59/><E59/><N who="2" m="35183" /><F115/><W4/><G100/><T125/><D125/><U82/><E95/><V127/><F127/><W121/><G121/><T26/><D74/><U67/><E67/><V99/><F99/><W45/><REACH who="3" step="1"/><G55/><REACH who="3" ten="252,279,403,56" step="2"/><T19/><D54/><U25/><E86/><N who="2" m="52375" /><F131/><W85/><G85/><T32/><D32/><U76/><E76/><V57/><F34/><W9/><G9/><T83/><D79/><U63/><E82/><V40/><F128/><W5/><G5/><T7/><D81/><U46/><E90/><V123/><F33/><W105/><G105/><T48/><D83/><U116/><E91/><V58/><F130/><W30/><G30/><RYUUKYOKU ba="0,1" sc="252,-10,279,-10,403,-10,56,30" hai3="4,10,12,23,24,31,45,49,52,60,61,64,65" /><INIT seed="7,1,1,2,1,3" ten="242,269,393,86" oya="3" hai0="125,52,87,42,28,106,95,83,67,110,108,86,20" hai1="71,104,97,41,13,32,54,57,128,17,78,96,127" hai2="101,133,129,1,60,66,94,24,107,76,116,109,49" hai3="10,132,16,79,44,50,134,99,22,23,93,130,5"/><W64/><G64/><T65/><D106/><U36/><E32/><V11/><F107/><W8/><G130/><T103/><D125/><U19/><E71/><V122/><F94/><W21/><G79/><T80/><D42/><U126/><E128/><V62/><F62/><W12/><G50/><T9/><D9/><U72/><E104/><V77/><F101/><W7/><G44/><T75/><D28/><U73/><E41/><V112/><F122/><W53/><G53/><T123/><D20/><N who="1" m="11311" /><E19/><V51/><F116/><W46/><G46/><T88/><D75/><U55/><E36/><V37/><F133/><N who="3" m="51307" /><G8/><T43/><D43/><U91/><E55/><V113/><F37/><W119/><G119/><T84/><D52/><U26/><E78/><V27/><F129/><W90/><AGARI ba="1,1" hai="5,7,10,12,16,21,22,23,90,93,99" m="51307" machi="90" ten="30,11700,0" yaku="20,1,52,2,54,1" doraHai="3" who="3" fromWho="3" sc="242,-40,269,-40,393,-40,86,130" /><INIT seed="7,2,0,3,1,63" ten="202,229,353,216" oya="3" hai0="68,101,92,103,42,127,91,85,119,35,53,6,2" hai1="113,19,66,34,45,83,4,102,20,87,9,32,38" hai2="121,124,76,26,80,58,123,116,109,107,69,96,12" hai3="25,23,59,117,1,71,7,24,43,106,37,52,78"/><W10/><G106/><T65/><D35/><U81/><E113/><V111/><F69/><W84/><G71/><T56/><D119/><U120/><E120/><N who="2" m="46155" /><F116/><W50/><G117/><T93/><D2/><U17/><E66/><V77/><F77/><W126/><G126/><T31/><D127/><U108/><E19/><V98/><F12/><W61/><G37/><T29/><D68/><U114/><E102/><N who="0" m="38921" /><D6/><U74/><E32/><V60/><F107/><W39/><G39/><T72/><D72/><U118/><E34/><V36/><F26/><W44/><REACH who="3" step="1"/><G23/><REACH who="3" ten="202,229,353,206" step="2"/><T89/><D29/><U94/><E20/><V14/><F36/><W104/><G104/><T27/><D31/><U51/><E38/><V5/><F124/><W75/><G75/><T47/><D27/><U135/><E74/><V82/><F111/><W125/><G125/><T41/><D41/><U3/><E108/><V133/><F109/><W97/><G97/><N who="0" m="57487" /><D42/><U79/><E118/><V11/><F96/><W64/><G64/><T110/><D110/><U99/><E99/><V0/><F98/><W62/><G62/><N who="0" m="36111" /><D65/><U95/><E114/><V28/><F60/><W88/><G88/><T86/><D86/><U48/><E87/><V130/><F76/><W18/><G18/><T122/><D122/><U22/><E79/><V115/><F28/><W70/><G70/><T15/><D15/><U13/><E13/><V100/><F115/><W129/><G129/><T54/><D54/><N who="1" m="29967" /><E17/><V131/><F14/><W8/><G8/><T134/><D134/><U90/><E9/><N who="2" m="2215" /><F133/><W112/><G112/><T132/><D132/><RYUUKYOKU ba="2,1" sc="202,15,229,-15,353,-15,206,15" hai0="47,85,91,93" hai3="1,7,10,24,25,43,44,50,52,59,61,78,84" /><INIT seed="7,3,1,1,3,63" ten="217,214,338,221" oya="3" hai0="47,78,59,70,32,14,3,81,22,23,100,8,58" hai1="82,64,28,6,57,2,74,49,35,80,1,9,34" hai2="73,5,91,118,84,10,25,125,53,104,65,62,16" hai3="114,89,129,117,67,30,13,111,26,54,93,39,68"/><W36/><G117/><T113/><D32/><U90/><E2/><V131/><F73/><W52/><G114/><T126/><D70/><U120/><E120/><V116/><F104/><W42/><G129/><T21/><D3/><U105/><E105/><V133/><F53/><W92/><G111/><T44/><D113/><U97/><E28/><V61/><F61/><W79/><G79/><T0/><D0/><U48/><E64/><V66/><F131/><W102/><G39/><T123/><D123/><U95/><E57/><N who="0" m="21513" /><D100/><U86/><E80/><V55/><F55/><W38/><G38/><T77/><D126/><U75/><E75/><V33/><F62/><W7/><G36/><T134/><D134/><U37/><E37/><V51/><F5/><W127/><G127/><T124/><D124/><U109/><E74/><V45/><F45/><N who="0" m="17482" /><D81/><U103/><REACH who="1" step="1"/><E109/><REACH who="1" ten="217,204,338,221" step="2"/><V88/><F125/><W69/><G67/><T94/><D94/><U101/><E101/><V115/><F66/><W11/><G102/><T56/><N who="0" m="21521" /><T76/><DORA hai="107" /><D76/><U20/><E20/><V24/><F65/><W85/><G93/><T130/><D130/><U112/><E112/><V96/><F115/><W31/><G31/><T71/><D71/><U99/><E99/><V29/><F96/><W12/><G68/><T27/><D27/><U19/><E19/><AGARI ba="3,2" hai="8,14,19,21,22,23,77,78" m="17482,21521" machi="19" ten="40,1300,0" yaku="8,1" doraHai="63,107" who="0" fromWho="1" sc="217,42,204,-22,338,0,221,0" owari="259,6.0,182,-32.0,338,44.0,221,-18.0" /></mjloggm>