<mjloggm ver="2.3"><GO type="41" lobby="0"/><UN n0="%E6%B2%99%E5%8C%85%E7%BE%BD" n1="%E9%80%9F%E6%B0%B4%E4%BC%8A%E7%B9%94%E3%82%93" n2="%E5%B0%B1%E6%B4%BB%E7%94%9F%40%E5%B7%9D%E6%9D%91%E8%BB%8D%E5%9B%A3" n3="%E3%82%AF%E3%83%BC%E3%83%98%E3%83%B3" dan="13,13,17,13" rate="1998.91,1904.88,2150.04,1898.48" sx="F,M,M,M"/><TAIKYOKU oya="0"/><INIT seed="0,0,0,4,5,121" ten="250,250,250,250" oya="0" hai0="104,95,2,18,107,76,36,0,43,102,96,85,63" hai1="39,92,135,132,50,89,61,48,115,90,62,122,54" hai2="64,93,47,97,51,67,100,56,70,14,86,118,17" hai3="127,105,57,20,72,78,25,82,71,58,16,117,125"/><T9/><D63/><U116/><E92/><V5/><F118/><W110/><G117/><T41/><D2/><U73/><E116/><V7/><F70/><W112/><G112/><T23/><D43/><U35/><E73/><V22/><F86/><W114/><G114/><T106/><D0/><U88/><E115/><V98/><F98/><W74/><G72/><T11/><D41/><U26/><E122/><V53/><REACH who="2" step="1"/><F56/><REACH who="2" ten="250,250,240,250" step="2"/><W8/><G71/><T13/><REACH who="0" step="1"/><D36/><REACH who="0" ten="240,250,240,250" step="2"/><U84/><E39/><V6/><AGARI ba="0,2" hai="5,6,7,14,17,22,47,51,53,64,67,93,97,100" machi="6" ten="30,7900,0" yaku="1,1,2,1,0,1,8,1,53,0" doraHai="121" doraHaiUra="130" who="2" fromWho="2" sc="240,-39,250,-20,240,99,250,-20" /><INIT seed="1,0,0,1,0,100" ten="201,230,339,230" oya="1" hai0="129,6,47,93,80,54,127,56,24,113,77,22,116" hai1="65,124,132,1,2,95,38,104,49,25,109,37,16" hai2="102,0,10,63,99,44,15,125,130,32,106,111,84" hai3="58,30,105,26,110,82,21,64,51,18,76,62,34"/><U3/><E104/><V87/><F0/><W13/><G110/><T36/><D116/><U19/><E95/><V134/><F32/><W103/><G51/><T43/><D113/><U97/><E49/><V50/><F111/><W31/><G30/><T120/><D120/><U67/><E109/><V112/><F112/><W101/><REACH who="3" step="1"/><G105/><REACH who="3" ten="201,230,339,220" step="2"/><T35/><D129/><U83/><E124/><V14/><F50/><W71/><G71/><T121/><D121/><U128/><E128/><V45/><F125/><W12/><G12/><T40/><D127/><U39/><E132/><V53/><F130/><W79/><G79/><T4/><D36/><U9/><E25/><V72/><F15/><W107/><G107/><T8/><D35/><U122/><E122/><V61/><F14/><W41/><G41/><T78/><D43/><U48/><E48/><V46/><F106/><W96/><G96/><T74/><D78/><U115/><E115/><V123/><F99/><W75/><AGARI ba="0,1" hai="13,18,21,26,31,34,58,62,64,75,76,82,101,103" machi="75" ten="20,5200,0" yaku="1,1,0,1,7,1,53,1" doraHai="100" doraHaiUra="59" who="3" fromWho="3" sc="201,-13,230,-26,339,-13,220,62" /><INIT seed="2,0,0,1,2,117" ten="188,204,326,282" oya="2" hai0="4,130,54,41,105,90,44,60,76,128,63,68,57" hai1="72,3,11,38,45,1,13,17,66,25,102,33,124" hai2="67,24,30,19,93,99,61,32,104,95,108,132,74" hai3="48,133,70,10,35,40,22,47,126,125,77,8,103"/><V71/><F74/><W122/><G70/><T34/><D34/><U51/><E72/><V113/><F113/><W59/><G35/><T5/><D105/><U119/><E38/><V53/><F132/><W86/><G133/><T107/><D107/><U96/><E66/><V23/><F108/><W12/><G103/><T97/><D76/><U123/><E123/><V118/><F118/><W80/><G122/><T84/><D97/><U131/><E119/><V101/><REACH who="2" step="1"/><F53/><REACH who="2" ten="188,204,316,282" step="2"/><W21/><G126/><T114/><D114/><U109/><E124/><V43/><F43/><W15/><G125/><T98/><D41/><U106/><E109/><V49/><F49/><W56/><G40/><T78/><D54/><U50/><E131/><V127/><F127/><W91/><G48/><T82/><D130/><U37/><E51/><V121/><F121/><W85/><G47/><T87/><D128/><U62/><E37/><V20/><F20/><W7/><G21/><T100/><D44/><U2/><E62/><V94/><F94/><W116/><G22/><T75/><D63/><U16/><E33/><V36/><F36/><W65/><G116/><T58/><D60/><U26/><E50/><V120/><F120/><W31/><G31/><T89/><D82/><U69/><E45/><V111/><F111/><W110/><G110/><T79/><D75/><U18/><REACH who="1" step="1"/><E69/><REACH who="1" ten="188,194,316,282" step="2"/><V9/><F9/><W115/><G65/><T6/><D68/><U134/><E134/><V27/><AGARI ba="0,2" hai="19,23,24,27,30,32,61,67,71,93,95,99,101,104" machi="27" ten="20,12000,1" yaku="1,1,0,1,7,1,25,2,53,0" doraHai="117" doraHaiUra="81" who="2" fromWho="2" sc="188,-40,194,-40,316,140,282,-40" /><INIT seed="2,1,0,1,4,92" ten="148,154,456,242" oya="2" hai0="80,104,20,76,25,13,112,35,19,5,63,78,67" hai1="72,40,15,30,61,75,107,131,23,34,50,96,28" hai2="56,82,113,90,0,38,22,68,51,122,26,100,1" hai3="57,39,29,101,41,126,12,88,127,6,69,45,11"/><V3/><F68/><W106/><G69/><T2/><D104/><U124/><E131/><V32/><F38/><W64/><G29/><N who="0" m="19887" /><D112/><U14/><E124/><N who="3" m="47658" /><G64/><T109/><D109/><U135/><E107/><V7/><F122/><W4/><G57/><N who="0" m="37359" /><D80/><U129/><E61/><V87/><F113/><W95/><G4/><T84/><D84/><U103/><E103/><V108/><F108/><W116/><G116/><T91/><D91/><U83/><E50/><V54/><F32/><W59/><G59/><T98/><D98/><U99/><E40/><V119/><F119/><W46/><G45/><T118/><D118/><U125/><E34/><V43/><F43/><W114/><G114/><T102/><D102/><U71/><E125/><V48/><F100/><W97/><G106/><T55/><D55/><U105/><E83/><V65/><F65/><W66/><G66/><T42/><D42/><U44/><E105/><V8/><REACH who="2" step="1"/><F48/><REACH who="2" ten="148,154,446,242" step="2"/><W110/><G110/><T123/><D123/><U37/><E37/><V85/><F85/><W111/><G111/><T9/><AGARI ba="1,1" hai="2,5,9,13,19,20,76,78" m="37359,19887" machi="9" ten="30,1100,0" yaku="24,1" doraHai="92" who="0" fromWho="0" sc="148,24,154,-4,446,-6,242,-4" /><INIT seed="3,0,0,0,1,120" ten="172,150,440,238" oya="3" hai0="18,26,96,92,29,47,135,60,69,28,87,21,44" hai1="131,70,36,27,98,82,72,49,54,1,40,8,103" hai2="4,11,2,126,94,15,93,32,48,37,83,99,74" hai3="109,127,66,116,81,79,104,52,132,39,117,89,86"/><W24/><G39/><T13/><D135/><U5/><E131/><V19/><F32/><W112/><G104/><T12/><D69/><U0/><E70/><V128/><F128/><W78/><G112/><T61/><D87/><U35/><E0/><V122/><F122/><W114/><G114/><T14/><D29/><N who="1" m="19903" /><E49/><V108/><F37/><W53/><G66/><T46/><REACH who="0" step="1"/><D28/><REACH who="0" ten="162,150,440,238" step="2"/><U42/><E54/><V101/><F108/><W23/><G132/><T30/><D30/><U55/><E55/><V130/><F130/><W6/><G109/><T95/><D95/><U119/><E119/><V62/><F94/><W64/><G117/><T123/><D123/><U59/><E42/><V3/><F93/><W73/><G116/><T111/><D111/><U106/><E59/><V102/><F74/><W113/><G113/><T121/><D121/><U20/><E82/><V34/><F83/><W63/><G73/><T65/><D65/><U57/><E57/><V75/><F75/><W10/><G64/><T31/><D31/><U129/><E129/><V56/><F56/><W38/><G53/><T9/><D9/><U76/><E40/><V43/><F11/><W41/><G41/><T133/><D133/><U58/><E58/><V16/><F43/><W124/><G10/><T100/><AGARI ba="0,1" hai="12,13,14,18,21,26,44,46,47,60,61,92,96,100" machi="100" ten="30,4000,0" yaku="1,1,0,1,8,1,53,0" doraHai="120" doraHaiUra="125" who="0" fromWho="0" sc="162,50,150,-10,440,-10,238,-20" /><INIT seed="4,0,0,4,1,79" ten="212,140,430,218" oya="0" hai0="117,108,86,119,133,33,124,74,31,96,106,60,5" hai1="75,77,105,132,102,95,11,129,103,135,92,104,51" hai2="90,9,15,29,47,48,42,17,58,85,21,128,20" hai3="37,56,82,107,14,26,97,115,59,116,83,121,40"/><T63/><D74/><U110/><E11/><V67/><F128/><W44/><G116/><T3/><D119/><U91/><E51/><V80/><REACH who="2" step="1"/><F29/><REACH who="2" ten="212,140,420,218" step="2"/><W98/><G121/><T78/><D31/><U81/><E129/><V50/><F50/><W49/><G49/><T69/><D117/><U101/><E110/><V57/><F57/><W53/><G59/><T39/><D108/><U55/><E55/><V30/><F30/><W52/><G53/><T27/><D69/><U68/><E68/><V62/><AGARI ba="0,1" hai="9,15,17,20,21,42,47,48,58,62,67,80,85,90" machi="62" ten="30,7900,0" yaku="1,1,0,1,8,1,52,1,53,0" doraHai="79" doraHaiUra="88" who="2" fromWho="2" sc="212,-39,140,-20,420,89,218,-20" /><INIT seed="5,0,0,3,2,130" ten="173,120,509,198" oya="1" hai0="43,40,19,78,122,36,37,46,26,116,16,74,118" hai1="54,108,48,101,80,95,47,50,123,35,49,103,63" hai2="124,125,119,60,76,23,97,77,32,132,135,72,12" hai3="44,112,127,73,6,2,0,25,57,3,126,90,45"/><U128/><E123/><V21/><F119/><W92/><G73/><T99/><D122/><U87/><E128/><V85/><F32/><W110/><G110/><T56/><D56/><N who="1" m="35223" /><E35/><V111/><F72/><W107/><G107/><T70/><D74/><U8/><E108/><V10/><F111/><W82/><G82/><T33/><D33/><U17/><E95/><V120/><F120/><W69/><G69/><T1/><D1/><U113/><E113/><V7/><F60/><W20/><G6/><T59/><D59/><U62/><E62/><V39/><F39/><W65/><G112/><T100/><D70/><U121/><E121/><V93/><F23/><W13/><G13/><T51/><D78/><N who="2" m="30314" /><F21/><W42/><G42/><T68/><D68/><U75/><E75/><V89/><F97/><W41/><G57/><T9/><D26/><U29/><E29/><V105/><F105/><W104/><G104/><T61/><D61/><U94/><E94/><V11/><F11/><W30/><G65/><T22/><D9/><U83/><E83/><V27/><F27/><W109/><G109/><T91/><D22/><U106/><E106/><V71/><F71/><W88/><G90/><T84/><D91/><N who="1" m="51687" /><E47/><N who="3" m="17994" /><G41/><T133/><D46/><U79/><E79/><V64/><F64/><W38/><G38/><T102/><D51/><N who="1" m="13059" /><U134/><DORA hai="5" /><E134/><AGARI ba="0,0" hai="7,10,12,85,89,93,124,125,132,134,135" m="30314" machi="134" ten="30,8000,1" yaku="20,1,52,4" doraHai="130,5" who="2" fromWho="1" sc="173,0,120,-80,509,80,198,0" /><INIT seed="6,0,0,4,1,56" ten="173,40,589,198" oya="2" hai0="55,128,103,16,131,99,10,100,95,1,111,127,36" hai1="71,5,68,114,8,12,52,133,37,81,27,97,59" hai2="94,25,31,125,19,92,33,65,0,86,106,79,45" hai3="83,77,57,123,122,26,119,7,74,112,41,28,3"/><V87/><F106/><W102/><G119/><T75/><D111/><U24/><E114/><V107/><F107/><W118/><G118/><T48/><D36/><U34/><E37/><V39/><F125/><W21/><G112/><T15/><D1/><U17/><E71/><V108/><F108/><W64/><G41/><T88/><D75/><U70/><E68/><V53/><F0/><W80/><G83/><T61/><D127/><U60/><E70/><V126/><F126/><W23/><G21/><T18/><D18/><U104/><E34/><V50/><F39/><W82/><G80/><T132/><D132/><U46/><E133/><V116/><F116/><W54/><G64/><T110/><D110/><U120/><E120/><V32/><F32/><W121/><G102/><T22/><D22/><U42/><E104/><V124/><F124/><W96/><G96/><T91/><D91/><U117/><E117/><V101/><F101/><W2/><REACH who="3" step="1"/><G7/><REACH who="3" ten="173,40,589,188" step="2"/><T6/><D6/><U93/><E81/><V43/><F65/><W38/><G38/><T40/><D40/><U35/><E35/><V115/><F115/><W90/><G90/><T135/><D135/><U113/><E113/><V51/><F79/><W47/><G47/><T105/><D105/><U85/><E5/><V73/><F45/><W67/><G67/><T44/><D61/><AGARI ba="0,1" hai="2,3,23,26,28,54,57,61,74,77,82,121,122,123" machi="61" ten="40,2600,0" yaku="1,1,52,1,53,0" doraHai="56" doraHaiUra="69" who="3" fromWho="0" sc="173,-26,40,0,589,0,188,36" /><INIT seed="7,0,0,1,5,45" ten="147,40,589,224" oya="3" hai0="33,72,53,80,86,64,1,49,77,67,133,134,52" hai1="101,114,21,100,57,51,70,24,22,121,60,42,76" hai2="75,44,46,20,112,17,130,103,90,43,15,129,68" hai3="85,88,113,74,118,73,78,25,54,91,50,32,131"/><W135/><G118/><T123/><D123/><U30/><E121/><V128/><F75/><W106/><G106/><T126/><D1/><U107/><E107/><V117/><F117/><W94/><G113/><T9/><D33/><U8/><E114/><V122/><F122/><W125/><G131/><T5/><D72/><U115/><E115/><V16/><F112/><W6/><G135/><N who="0" m="51723" /><D126/><U83/><E70/><V37/><F103/><W48/><G125/><T18/><D18/><U97/><E8/><V108/><F68/><W2/><G78/><T12/><D53/><U58/><E97/><V69/><F69/><W82/><G32/><T127/><D127/><U10/><E10/><V23/><F108/><W27/><G74/><T34/><D34/><U132/><E132/><V0/><F0/><W56/><G73/><T120/><D120/><U116/><E116/><V71/><F71/><W105/><G105/><T3/><D3/><U4/><E4/><V39/><F90/><W93/><G82/><T84/><D84/><U35/><E35/><V7/><F7/><W124/><G124/><T63/><D63/><U111/><E111/><V11/><F44/><W89/><G2/><T102/><D102/><U47/><E57/><AGARI ba="0,0" hai="5,9,12,49,52,57,64,67,77,80,86" m="51723" machi="57" ten="30,3900,0" yaku="20,1,52,1,54,1" doraHai="45" who="0" fromWho="1" sc="147,39,40,-39,589,0,224,0" owari="186,-21.0,1,-50.0,589,69.0,224,2.0" /></mjloggm>