<mjloggm ver="2.3"><GO type="169" lobby="0"/><UN n0="%E5%B0%B1%E6%B4%BB%E7%94%9F%40%E5%B7%9D%E6%9D%91%E8%BB%8D%E5%9B%A3" n1="%E3%81%BE%E3%81%93%E3%81%95%E3%81%A8%76%65%72%32" n2="%58%63%65%6C%6C%69%6E%67" n3="%3D%E5%9C%92%E5%9F%8E%E5%AF%BA%E6%80%9C%3D" dan="17,18,17,18" rate="2168.01,2214.47,2122.49,2224.51" sx="M,M,M,F"/><TAIKYOKU oya="0"/><INIT seed="0,0,0,3,5,57" ten="250,250,250,250" oya="0" hai0="42,95,36,111,55,47,69,106,48,73,76,134,65" hai1="81,61,28,102,22,64,85,11,110,79,17,38,77" hai2="108,16,31,93,118,29,2,41,78,104,119,112,27" hai3="52,50,23,133,59,109,40,89,128,92,5,132,130"/><T9/><D106/><U14/><E110/><V44/><F104/><W33/><G33/><T90/><D134/><N who="3" m="51817" /><G5/><T30/><D111/><U49/><E38/><V100/><F108/><W46/><G23/><T58/><D30/><U12/><E49/><V63/><F2/><W13/><G13/><T19/><D76/><U20/><E102/><V43/><F78/><W94/><G109/><T56/><D73/><U67/><E67/><V115/><F41/><W113/><G113/><T121/><D121/><U122/><E122/><V97/><F112/><W86/><G94/><T10/><D19/><U21/><E28/><V70/><F115/><W66/><G66/><T116/><D58/><U125/><E125/><V32/><F29/><W117/><G117/><N who="2" m="44553" /><F43/><W91/><G91/><T39/><D39/><AGARI ba="0,0" hai="39,40,46,50,52,59,86,89,92,128,130" m="51817" machi="39" ten="30,2000,0" yaku="20,1,54,1" doraHai="57" who="3" fromWho="0" sc="250,-20,250,0,250,0,250,20" /><INIT seed="1,0,0,1,1,85" ten="230,250,250,270" oya="1" hai0="72,7,105,58,26,91,94,112,4,92,61,70,49" hai1="65,122,132,37,89,83,118,62,41,73,38,126,40" hai2="14,97,50,57,80,86,45,6,28,115,103,128,84" hai3="123,93,79,66,116,56,47,130,64,43,12,10,120"/><U108/><E118/><V54/><F128/><W113/><G113/><T102/><D112/><U18/><E122/><V53/><F115/><W11/><G79/><T36/><D36/><U114/><E114/><V134/><F134/><W19/><G130/><T107/><D72/><U23/><E126/><V0/><F0/><W42/><G56/><T98/><D70/><U88/><E132/><V67/><F28/><W101/><G101/><T25/><D49/><U17/><E108/><V106/><F67/><W117/><G93/><T3/><D105/><U111/><E111/><V2/><F2/><W99/><G99/><N who="0" m="57759" /><D3/><U44/><E40/><V74/><F74/><W29/><G29/><T81/><D81/><U59/><E37/><V78/><F84/><W34/><G19/><T77/><D77/><U76/><E18/><V48/><F14/><AGARI ba="0,0" hai="14,17,23,38,41,44,59,62,65,73,76,83,88,89" machi="14" ten="30,11600,0" yaku="7,1,52,2,54,1" doraHai="85" who="1" fromWho="2" sc="230,0,250,116,250,-116,270,0" /><INIT seed="1,1,0,0,0,58" ten="230,366,134,270" oya="1" hai0="127,45,64,59,125,132,41,80,89,11,131,135,120" hai1="48,85,32,22,36,50,55,129,105,46,1,43,21" hai2="57,111,25,65,117,90,99,63,86,68,133,53,118" hai3="87,123,74,12,110,66,67,7,26,122,69,76,40"/><U98/><E32/><V102/><F133/><N who="0" m="51274" /><D11/><U9/><E129/><V39/><F39/><W121/><G74/><T92/><D80/><U47/><E85/><V4/><F111/><W20/><G110/><T56/><D120/><U96/><E105/><V93/><F4/><W23/><G40/><T114/><D114/><U30/><E36/><V91/><F25/><W77/><G87/><N who="0" m="52287" /><D64/><U81/><E81/><V60/><REACH who="2" step="1"/><F91/><REACH who="2" ten="230,366,124,270" step="2"/><W107/><G7/><T42/><D131/><U112/><E112/><V115/><F115/><W24/><G122/><T100/><D100/><U33/><E1/><V10/><F10/><W61/><G123/><T106/><D106/><AGARI ba="1,1" hai="53,57,60,63,65,68,86,90,93,99,102,106,117,118" machi="106" ten="30,7700,0" yaku="1,1,7,1,52,2,53,0" doraHai="58" doraHaiUra="13" who="2" fromWho="0" sc="230,-80,366,0,124,90,270,0" /><INIT seed="2,0,0,5,0,73" ten="150,366,214,270" oya="2" hai0="131,130,3,16,19,42,6,17,20,77,67,111,110" hai1="95,38,69,61,8,11,39,59,27,80,68,107,36" hai2="113,13,26,48,92,124,57,81,53,126,25,5,33" hai3="128,88,102,40,66,52,44,103,10,75,123,97,46"/><V101/><F113/><W64/><G75/><T70/><D42/><U28/><E107/><V112/><F112/><W30/><G30/><T127/><D70/><U51/><E51/><V99/><F33/><W76/><G10/><N who="0" m="2399" /><D67/><U93/><E80/><V87/><F13/><W7/><G7/><T34/><D34/><U94/><E69/><V14/><F14/><W117/><G117/><T78/><D20/><U35/><REACH who="1" step="1"/><E68/><REACH who="1" ten="150,356,214,270" step="2"/><V1/><F126/><W9/><G40/><T98/><D127/><U134/><E134/><V79/><F124/><W63/><G63/><T24/><D24/><U72/><E72/><V50/><F25/><W21/><G123/><T2/><D2/><U15/><E15/><V55/><F26/><W12/><G12/><T54/><D54/><AGARI ba="0,1" hai="8,11,27,28,35,36,38,39,54,59,61,93,94,95" machi="54" ten="50,1600,0" yaku="1,1,53,0" doraHai="73" doraHaiUra="47" who="1" fromWho="0" sc="150,-16,356,26,214,0,270,0" /><INIT seed="3,0,0,2,5,13" ten="134,382,214,270" oya="3" hai0="20,89,95,60,4,80,30,79,118,94,25,34,74" hai1="121,107,62,122,43,37,113,99,78,120,132,70,1" hai2="69,52,66,22,54,38,131,39,23,82,27,48,18" hai3="105,50,93,29,73,86,63,103,3,57,21,110,40"/><W77/><G3/><T61/><D118/><U100/><E113/><V7/><F131/><W111/><G73/><T85/><D4/><U96/><E132/><V129/><F129/><W46/><G105/><T119/><D119/><U134/><E134/><V5/><F82/><W106/><G106/><T51/><D95/><U67/><E96/><V81/><F81/><W45/><G77/><T125/><D125/><U42/><E42/><V92/><F92/><W0/><G0/><T90/><D90/><U72/><E1/><V127/><F127/><W6/><G45/><T16/><REACH who="0" step="1"/><D51/><REACH who="0" ten="124,382,214,270" step="2"/><U56/><E121/><V126/><F126/><W88/><G6/><N who="2" m="2057" /><F48/><W10/><G103/><T91/><D91/><U135/><E135/><V114/><F39/><W112/><G112/><T97/><D97/><U59/><E120/><V83/><F38/><W55/><G111/><T26/><AGARI ba="0,1" hai="16,20,25,26,30,34,60,61,74,79,80,85,89,94" machi="26" ten="20,8000,1" yaku="1,1,0,1,7,1,52,1,54,1,53,0" doraHai="13" doraHaiUra="11" who="0" fromWho="0" sc="124,90,382,-20,214,-20,270,-40" /><INIT seed="4,0,0,0,4,5" ten="214,362,194,230" oya="0" hai0="57,29,86,88,14,35,61,109,65,3,87,101,8" hai1="21,76,105,11,31,36,110,82,74,22,71,132,7" hai2="37,72,69,27,113,34,117,52,75,63,48,30,12" hai3="115,131,91,80,6,78,126,20,4,127,124,98,54"/><T45/><D3/><U50/><E110/><V104/><F104/><W134/><G115/><T41/><D109/><U26/><E71/><V59/><F37/><W68/><G68/><T19/><D101/><U60/><E105/><V102/><F113/><W90/><G131/><T1/><D1/><U95/><E36/><V120/><F120/><W40/><G40/><T100/><D100/><U70/><E50/><V44/><F102/><W24/><G54/><T46/><D86/><U56/><E70/><V128/><F128/><W81/><G134/><T116/><D116/><U125/><E125/><V28/><F69/><W18/><G81/><N who="0" m="49263" /><D35/><U13/><E132/><V122/><F122/><W47/><G98/><T64/><D29/><U42/><E42/><V85/><F28/><W62/><G91/><T23/><D41/><U83/><E83/><V49/><F117/><W84/><G90/><T99/><D99/><U58/><E95/><V108/><F108/><W123/><G123/><T33/><D33/><U106/><E106/><V25/><F85/><W97/><G97/><T0/><D65/><U135/><E135/><V111/><F111/><W10/><G126/><T73/><D73/><N who="2" m="28234" /><F30/><W53/><G127/><T67/><D67/><U17/><REACH who="1" step="1"/><E60/><REACH who="1" ten="214,352,194,230" step="2"/><V119/><F63/><W77/><G124/><T94/><D94/><U93/><E93/><V16/><F119/><W129/><G80/><T112/><D112/><U89/><E89/><V79/><F48/><W2/><G62/><T32/><D32/><U39/><E39/><V130/><F34/><W55/><G84/><T92/><D92/><RYUUKYOKU ba="0,1" sc="214,15,352,15,194,-15,230,-15" hai0="0,8,14,19,23,45,46,57,61,64" hai1="7,11,13,17,21,22,26,31,56,58,74,76,82" /><INIT seed="4,1,1,1,2,60" ten="229,367,179,215" oya="0" hai0="5,126,119,85,63,47,27,3,39,84,8,49,30" hai1="91,121,55,112,0,135,75,43,57,54,74,33,44" hai2="76,2,105,82,58,111,9,98,25,22,28,45,36" hai3="69,15,107,113,124,127,100,65,32,62,70,13,1"/><T93/><D39/><U134/><E33/><V116/><F111/><W26/><G1/><T92/><D119/><U106/><E0/><V109/><F109/><W10/><G70/><T23/><D126/><N who="3" m="48169" /><G113/><T103/><D63/><U125/><E106/><V6/><F116/><W14/><G100/><T117/><D117/><U12/><E125/><V128/><F128/><W129/><G107/><T120/><D120/><U86/><E121/><V97/><F58/><W104/><G104/><T42/><REACH who="0" step="1"/><D92/><REACH who="0" ten="219,367,179,215" step="2"/><N who="1" m="54391" /><E112/><V31/><F105/><W64/><G129/><T19/><D19/><U46/><E135/><V123/><F123/><W99/><G65/><T59/><D59/><U24/><E57/><V72/><REACH who="2" step="1"/><F28/><REACH who="2" ten="219,367,169,215" step="2"/><N who="3" m="19479" /><G99/><AGARI ba="1,3" hai="3,5,8,23,27,30,42,47,49,84,85,93,99,103" machi="99" ten="40,2000,0" yaku="1,1,53,0" doraHai="60" doraHaiUra="118" who="0" fromWho="3" sc="219,53,367,0,169,0,215,-23" /><INIT seed="4,2,0,2,0,112" ten="272,367,169,192" oya="0" hai0="65,35,85,47,115,63,55,118,37,90,72,83,62" hai1="133,10,2,24,81,27,121,50,110,15,49,74,46" hai2="94,21,122,43,135,79,101,1,98,61,93,54,57" hai3="76,87,22,66,28,124,26,73,58,75,128,67,3"/><T56/><D35/><U31/><E110/><V18/><F1/><W19/><G3/><T41/><D115/><U6/><E133/><V5/><F135/><W82/><G128/><T70/><REACH who="0" step="1"/><D72/><REACH who="0" ten="262,367,169,192" step="2"/><U52/><E74/><V119/><F122/><W116/><G75/><T39/><D39/><U20/><E121/><V36/><F36/><W33/><G73/><T123/><D123/><U34/><E81/><V68/><F119/><AGARI ba="2,1" hai="37,41,47,55,56,62,63,65,70,83,85,90,118,119" machi="119" ten="40,7700,0" yaku="1,1,52,2,53,0" doraHai="112" doraHaiUra="134" who="0" fromWho="2" sc="262,93,367,0,169,-83,192,0" /><INIT seed="4,3,0,1,2,55" ten="355,367,86,192" oya="0" hai0="43,10,56,27,91,77,133,29,115,73,92,2,23" hai1="11,21,54,111,82,135,81,32,95,117,134,98,48" hai2="42,1,7,114,122,101,49,131,58,46,107,86,53" hai3="62,76,68,113,22,97,106,59,102,19,120,0,4"/><T127/><D115/><U96/><E32/><V65/><F114/><W30/><G30/><T34/><D127/><U25/><E111/><V9/><F122/><W90/><G76/><T119/><D119/><U8/><E117/><V110/><F131/><W41/><G41/><T128/><D133/><U45/><E98/><V85/><F110/><W105/><G68/><T80/><D128/><U104/><E104/><V69/><F101/><W126/><G126/><T79/><D79/><U116/><E116/><V12/><F107/><W3/><G4/><T17/><D43/><U103/><E134/><V39/><REACH who="2" step="1"/><F1/><REACH who="2" ten="355,367,76,192" step="2"/><W60/><G105/><T130/><D130/><U67/><E135/><V108/><F108/><W26/><G120/><T36/><D2/><U75/><E103/><V129/><F129/><W18/><G113/><T124/><D124/><U71/><E75/><V93/><F93/><W94/><G0/><T20/><D36/><U28/><E95/><V109/><F109/><W31/><G3/><T63/><D10/><U74/><E74/><V72/><F72/><W47/><G102/><T13/><D34/><U87/><E8/><V57/><F57/><W121/><G106/><T16/><D92/><U84/><E11/><V15/><F15/><W78/><G121/><T125/><D125/><U6/><E71/><V64/><F64/><W24/><G94/><T123/><D123/><U112/><E67/><V35/><F35/><W88/><G59/><T118/><D118/><U66/><E66/><V70/><F70/><W33/><G33/><T38/><D56/><U83/><E112/><RYUUKYOKU ba="3,1" sc="355,-10,367,-10,76,30,192,-10" hai2="7,9,12,39,42,46,49,53,58,65,69,85,86" /><INIT seed="5,4,1,0,5,11" ten="345,357,106,182" oya="1" hai0="55,10,49,67,133,61,76,117,86,14,25,124,93" hai1="130,100,73,35,40,84,8,24,77,134,9,18,122" hai2="97,52,29,102,70,16,95,63,94,51,66,28,0" hai3="39,128,32,33,112,132,26,13,54,88,107,58,125"/><U74/><E122/><V115/><F0/><W113/><G107/><T111/><D117/><U69/><E69/><V6/><F6/><W31/><G39/><T101/><D111/><U4/><E100/><V131/><F131/><W59/><G128/><T78/><D124/><U75/><E130/><V22/><F115/><W42/><G42/><T45/><D25/><U81/><E134/><V91/><F95/><W34/><G132/><T109/><D109/><U106/><E106/><V96/><F96/><W5/><G88/><N who="0" m="53399" /><D101/><U64/><E64/><V116/><F102/><W80/><G80/><T120/><D120/><U110/><E110/><V53/><F116/><W123/><G59/><N who="0" m="37311" /><D133/><U79/><E35/><V135/><F135/><W83/><G83/><T43/><D43/><U71/><E71/><V118/><F118/><W3/><G3/><T108/><D108/><U48/><E24/><V30/><REACH who="2" step="1"/><F51/><REACH who="2" ten="345,357,96,182" step="2"/><N who="3" m="31071" /><G123/><T37/><D37/><U99/><E99/><V121/><F121/><W15/><G125/><T87/><D87/><U44/><E77/><V90/><F90/><W129/><G129/><T103/><D103/><U7/><E7/><AGARI ba="4,2" hai="7,10,14,45,49,55,76,78" m="37311,53399" machi="7" ten="30,3900,0" yaku="8,1,52,1,54,1" doraHai="11" who="0" fromWho="1" sc="345,71,357,-51,96,0,182,0" /><INIT seed="6,0,0,2,0,41" ten="416,306,96,182" oya="2" hai0="16,59,0,52,81,50,68,128,8,32,104,70,3" hai1="60,112,122,125,14,28,23,66,15,40,72,127,18" hai2="121,36,117,65,80,29,64,98,94,30,7,48,11" hai3="24,74,54,39,57,10,113,100,21,132,1,69,131"/><V101/><F121/><W43/><G69/><T97/><D32/><U89/><E72/><V88/><F117/><W55/><G100/><T71/><D128/><U103/><E103/><V56/><F36/><W130/><G74/><T115/><D115/><U107/><E107/><V22/><F64/><W61/><G113/><T120/><D120/><U91/><E91/><V123/><F123/><W96/><G96/><T133/><D133/><U45/><E112/><V13/><F22/><W6/><G132/><T67/><D81/><U47/><E122/><V85/><REACH who="2" step="1"/><F65/><REACH who="2" ten="416,306,86,182" step="2"/><W87/><G130/><T118/><D67/><U105/><E66/><V42/><F42/><W134/><G131/><T34/><D34/><U25/><E40/><V4/><F4/><W19/><G134/><T12/><D118/><U79/><E23/><V99/><F99/><W33/><G33/><T119/><D119/><U75/><E125/><V26/><F26/><W78/><G43/><T51/><D97/><U20/><E25/><V76/><F76/><W92/><G39/><T106/><D106/><U110/><E79/><V37/><F37/><W86/><G78/><T49/><REACH who="0" step="1"/><D104/><REACH who="0" ten="406,306,86,182" step="2"/><U93/><E105/><V35/><F35/><W135/><G135/><T83/><D83/><U62/><E127/><V44/><F44/><W27/><G92/><T58/><D58/><U108/><E93/><V84/><F84/><W31/><G87/><T109/><D109/><U38/><E108/><V63/><F63/><AGARI ba="0,2" hai="0,3,8,12,16,49,50,51,52,59,63,68,70,71" machi="63" ten="50,8000,1" yaku="1,1,54,2,53,1" doraHai="41" doraHaiUra="9" who="0" fromWho="2" sc="406,100,306,0,86,-80,182,0" /><INIT seed="7,0,0,4,1,54" ten="506,306,6,182" oya="3" hai0="115,129,77,93,81,120,37,132,111,43,28,25,109" hai1="68,74,33,3,88,76,20,116,10,31,23,94,12" hai2="59,5,106,36,70,84,66,64,7,60,8,130,103" hai3="50,67,15,21,122,58,47,83,112,41,87,101,6"/><W35/><G35/><T89/><D120/><U27/><E68/><V110/><F36/><W126/><G112/><T90/><D115/><U63/><E116/><V125/><F125/><W95/><G126/><T1/><D1/><U61/><E76/><V96/><F130/><W57/><G67/><T72/><D129/><U135/><E74/><V2/><F110/><W91/><G122/><T85/><D132/><U42/><E42/><V39/><F39/><W92/><G101/><T100/><D100/><U29/><E135/><V121/><F121/><W44/><G44/><T51/><D37/><U78/><E78/><V22/><F5/><W24/><G92/><T108/><D108/><U98/><E3/><V48/><F22/><W55/><G55/><T11/><D11/><U118/><E118/><V19/><F19/><W113/><G95/><T73/><D73/><U119/><E119/><V52/><F84/><W123/><G123/><T13/><D13/><U34/><E34/><V14/><F66/><W133/><G133/><T131/><D131/><U104/><E104/><V30/><F30/><N who="3" m="17679" /><G113/><T40/><D89/><U102/><E102/><V134/><F134/><W65/><G65/><T127/><D127/><U107/><E107/><V75/><F75/><W53/><G41/><N who="0" m="15947" /><D51/><U4/><E33/><V38/><F38/><W114/><G114/><T32/><D109/><U86/><E98/><V45/><F2/><W82/><G82/><T26/><D111/><U46/><E46/><V69/><F106/><W97/><G97/><N who="0" m="57527" /><D72/><U0/><E0/><V9/><F9/><W105/><G105/><RYUUKYOKU ba="0,0" sc="506,0,306,0,6,0,182,0" hai0="25,26,28,32,77,81,85" hai1="4,10,12,20,23,27,29,31,61,63,86,88,94" hai2="7,8,14,45,48,52,59,60,64,69,70,96,103" hai3="6,15,47,50,53,57,58,83,87,91" /><INIT seed="7,1,0,3,5,33" ten="506,306,6,182" oya="3" hai0="5,53,25,79,132,64,97,95,26,88,133,75,92" hai1="121,12,87,41,42,124,45,134,112,47,78,20,14" hai2="94,44,29,131,106,103,27,113,2,31,18,69,24" hai3="89,38,40,63,129,107,6,100,114,58,120,128,77"/><W11/><G120/><T82/><D64/><U91/><E78/><V34/><F44/><W17/><G114/><T16/><D5/><U4/><E121/><V13/><F69/><W57/><G77/><T126/><D126/><U123/><E123/><V81/><F81/><W127/><G127/><T7/><D7/><U105/><E105/><V84/><F94/><W19/><G40/><T15/><D53/><U0/><E0/><V74/><F84/><W96/><G89/><T43/><D95/><U8/><E134/><N who="0" m="51817" /><D43/><N who="1" m="16395" /><E112/><V1/><F74/><W72/><G72/><T85/><D75/><U48/><E48/><V70/><F70/><W10/><G38/><T55/><D55/><U23/><E23/><AGARI ba="1,0" hai="15,16,23,25,26,79,82,85,88,92,97" m="51817" machi="23" ten="30,3900,0" yaku="20,1,54,2" doraHai="33" who="0" fromWho="1" sc="506,42,306,-42,6,0,182,0" owari="548,65.0,264,6.0,6,-49.0,182,-22.0" /></mjloggm>