<mjloggm ver="2.3"><GO type="41" lobby="0"/><UN n0="%E5%B0%B1%E6%B4%BB%E7%94%9F%40%E5%B7%9D%E6%9D%91%E8%BB%8D%E5%9B%A3" n1="%65%6D%70%39%72%6F%72" n2="%4A%41%43%4B%44%41%57" n3="%62%6F%79%61%74%65%74%75" dan="17,14,15,15" rate="2196.36,1928.38,2021.25,1869.36" sx="M,M,M,M"/><TAIKYOKU oya="0"/><INIT seed="0,0,0,2,3,86" ten="250,250,250,250" oya="0" hai0="127,61,20,70,12,3,44,9,75,59,104,73,112" hai1="118,7,126,62,5,90,133,117,11,110,48,107,77" hai2="95,123,120,109,131,63,36,102,15,103,28,1,19" hai3="134,25,42,0,66,121,114,96,132,39,22,32,87"/><T97/><D112/><U83/><E107/><V93/><F36/><W31/><G114/><T57/><D127/><U45/><E110/><V135/><F1/><W24/><G0/><T55/><D70/><U80/><E133/><V26/><F135/><W38/><G121/><T100/><D3/><U88/><E126/><V119/><F119/><W43/><G66/><T82/><D44/><U17/><E118/><V124/><F109/><W98/><G87/><T65/><D20/><U74/><E117/><V4/><F131/><W64/><G64/><T128/><D82/><U101/><E101/><V46/><F4/><W37/><G22/><T35/><D35/><U122/><E122/><V68/><F124/><W8/><G8/><T69/><D128/><U33/><E33/><V53/><F123/><W21/><G21/><T16/><REACH who="0" step="1"/><D69/><REACH who="0" ten="240,250,250,250" step="2"/><U71/><E71/><V13/><F120/><W2/><G2/><T60/><AGARI ba="0,1" hai="9,12,16,55,57,59,60,61,65,73,75,97,100,104" machi="60" ten="20,18000,2" yaku="1,1,2,1,0,1,7,1,54,1,53,2" doraHai="86" doraHaiUra="58" who="0" fromWho="0" sc="240,190,250,-60,250,-60,250,-60" /><INIT seed="0,1,0,3,1,27" ten="430,190,190,190" oya="0" hai0="53,25,113,101,29,87,52,97,40,94,37,119,116" hai1="28,82,48,31,121,77,114,71,6,45,33,64,107" hai2="70,10,50,26,54,115,132,133,90,7,68,5,106" hai3="127,72,65,41,19,67,11,59,22,76,108,51,84"/><T131/><D113/><U80/><E33/><V2/><F106/><W118/><G118/><T92/><D131/><U111/><E121/><V83/><F115/><W81/><G72/><T95/><D116/><U98/><E114/><V122/><F7/><W43/><G108/><T102/><D119/><U100/><E111/><V66/><F122/><W44/><G43/><T109/><D109/><U69/><E6/><V15/><F66/><W79/><G79/><T86/><D40/><U126/><E126/><V62/><F62/><W63/><G127/><T128/><D37/><U34/><E34/><V74/><F2/><W56/><G11/><T32/><D128/><U123/><E123/><V38/><F38/><W103/><G103/><T78/><D101/><U134/><E134/><V99/><F99/><W3/><G3/><T105/><REACH who="0" step="1"/><D87/><REACH who="0" ten="420,190,190,190" step="2"/><U88/><E100/><V120/><F120/><W1/><G1/><T117/><D117/><U129/><E129/><V104/><F132/><W18/><G22/><T130/><D130/><U20/><E20/><V35/><F133/><W14/><G14/><T57/><D57/><U110/><E110/><V91/><F15/><W4/><G4/><T0/><D0/><U124/><E124/><V73/><F5/><W30/><G30/><T17/><D17/><U55/><E28/><V93/><F35/><W85/><G85/><T61/><D61/><AGARI ba="1,1" hai="18,19,41,44,51,56,59,61,63,65,67,76,81,84" machi="61" ten="40,2600,0" yaku="9,1,8,1" doraHai="27" who="3" fromWho="0" sc="420,-29,190,0,190,0,190,39" /><INIT seed="1,0,0,3,0,107" ten="391,190,190,229" oya="1" hai0="108,65,117,99,18,24,111,118,110,67,101,88,79" hai1="29,129,62,114,98,5,74,134,52,36,3,41,96" hai2="12,9,55,87,90,34,135,53,0,122,11,58,2" hai3="109,80,133,125,94,19,131,120,59,16,46,8,25"/><U103/><E114/><V40/><F122/><W119/><G120/><T77/><D24/><U61/><E134/><V43/><F135/><W49/><G109/><T54/><D18/><U31/><E129/><V21/><F34/><W20/><G131/><T45/><D54/><U10/><E74/><V112/><F53/><W39/><G39/><T66/><D45/><U60/><E98/><V128/><F112/><W71/><G71/><T51/><D51/><U32/><E32/><V91/><F128/><W113/><G113/><T48/><D48/><U38/><E52/><V64/><F64/><W126/><G59/><T22/><D22/><U82/><E82/><V83/><F2/><W116/><G94/><N who="0" m="56775" /><D101/><U30/><REACH who="1" step="1"/><E41/><REACH who="1" ten="391,180,190,229" step="2"/><V73/><F43/><N who="3" m="24799" /><G133/><T92/><D92/><AGARI ba="0,1" hai="3,5,10,29,30,31,36,38,60,61,62,92,96,103" machi="92" ten="40,3900,0" yaku="1,1,53,1" doraHai="107" doraHaiUra="97" who="1" fromWho="0" sc="391,-39,180,49,190,0,229,0" /><INIT seed="1,1,0,1,4,79" ten="352,229,190,229" oya="1" hai0="32,108,42,41,109,98,81,88,59,40,39,99,75" hai1="87,113,126,46,44,19,55,49,83,77,76,134,47" hai2="0,18,73,121,9,69,90,114,115,23,122,89,74" hai3="13,62,131,1,17,91,97,64,29,63,119,15,106"/><U58/><E113/><N who="2" m="43019" /><F69/><W104/><G1/><T16/><D32/><U116/><E134/><V31/><F0/><W84/><G131/><T70/><D70/><U50/><E126/><V61/><F9/><W133/><G133/><T128/><D128/><U110/><E116/><V37/><F31/><W25/><G119/><T78/><D39/><U102/><E102/><V51/><F61/><W57/><G63/><T7/><D7/><U54/><E110/><N who="0" m="42601" /><D59/><U34/><E34/><V130/><F51/><W20/><G97/><N who="0" m="36875" /><D88/><N who="2" m="33898" /><F37/><W21/><REACH who="3" step="1"/><G15/><REACH who="3" ten="352,229,190,219" step="2"/><T12/><D42/><U3/><E3/><V43/><F43/><W67/><G67/><T33/><D33/><U24/><REACH who="1" step="1"/><E77/><REACH who="1" ten="352,219,190,219" step="2"/><V96/><F130/><W5/><G5/><T100/><D100/><U2/><E2/><V127/><F127/><W120/><G120/><N who="2" m="46185" /><F96/><W80/><AGARI ba="1,2" hai="13,17,20,21,25,29,57,62,64,80,84,91,104,106" machi="80" ten="20,5200,0" yaku="1,1,0,1,7,1,52,1,53,0" doraHai="79" doraHaiUra="107" who="3" fromWho="3" sc="352,-14,219,-27,190,-14,219,75" /><INIT seed="2,0,0,4,1,100" ten="338,192,176,294" oya="2" hai0="55,25,131,44,61,120,95,76,102,34,78,104,69" hai1="75,118,84,2,33,52,48,96,94,4,92,105,47" hai2="72,127,67,45,5,71,82,126,16,91,108,73,1" hai3="65,89,51,3,42,21,86,12,107,111,31,68,7"/><V63/><F1/><W18/><G3/><T88/><D120/><U66/><E75/><V117/><F5/><W121/><G121/><T113/><D113/><U36/><E33/><V134/><F117/><W110/><G31/><N who="0" m="19823" /><D44/><U125/><E125/><N who="2" m="47627" /><F134/><W19/><G7/><T130/><D55/><U38/><E118/><V11/><F45/><W119/><G119/><T46/><D46/><U14/><E2/><V26/><F108/><W23/><G42/><T43/><D43/><U37/><E66/><V8/><F91/><W41/><G41/><T90/><D61/><U93/><E84/><V28/><F82/><W30/><G30/><T114/><D69/><U57/><E47/><V62/><F63/><W101/><G51/><T116/><D114/><U74/><E74/><N who="2" m="28779" /><F16/><W80/><G65/><T103/><D90/><U0/><E0/><V124/><N who="2" m="47635" /><V29/><DORA hai="17" /><F29/><W20/><G68/><T40/><D40/><U112/><E112/><V128/><F128/><N who="0" m="49194" /><D116/><U85/><E85/><V70/><F70/><W13/><G20/><AGARI ba="0,0" hai="8,11,20,26,28,62,67,71" m="28779,47635" machi="20" ten="40,3900,0" yaku="18,1,52,1" doraHai="100,17" who="2" fromWho="3" sc="338,0,192,0,176,39,294,-39" /><INIT seed="2,1,0,1,1,124" ten="338,192,215,255" oya="2" hai0="112,114,2,58,62,130,67,28,97,122,119,106,44" hai1="105,37,131,69,111,43,94,123,10,15,29,26,22" hai2="38,36,56,101,53,84,32,110,81,6,95,113,23" hai3="79,30,16,78,128,92,80,90,9,51,115,72,42"/><V77/><F32/><W48/><G79/><T24/><D2/><U41/><E105/><V134/><F113/><W5/><G30/><T76/><D76/><U17/><E69/><V3/><F3/><W89/><G115/><T47/><D122/><U50/><E37/><V35/><F35/><W18/><G89/><T117/><D106/><U99/><E111/><V54/><F6/><W125/><G125/><T52/><D97/><U55/><E131/><V83/><F54/><W135/><G135/><T75/><D130/><U87/><E87/><V118/><F134/><W74/><G74/><T0/><D0/><U103/><REACH who="1" step="1"/><E123/><REACH who="1" ten="338,182,215,255" step="2"/><V127/><F127/><W20/><G128/><T61/><D75/><U68/><E68/><V39/><F38/><W27/><G18/><T34/><D112/><U133/><E133/><V46/><F39/><W121/><G121/><T31/><D114/><U13/><E13/><V11/><F36/><W116/><G116/><N who="0" m="44619" /><D31/><U108/><E108/><V71/><F118/><W102/><G102/><T66/><D66/><U63/><E63/><V57/><F101/><W126/><G126/><T64/><D64/><U49/><E49/><V132/><F110/><W65/><G65/><T4/><D4/><U12/><E12/><V25/><F132/><W59/><G51/><T70/><AGARI ba="1,1" hai="24,28,34,44,47,52,58,61,62,67,70" m="44619" machi="70" ten="30,2000,0" yaku="12,1,54,1" doraHai="124" who="0" fromWho="0" sc="338,33,182,-6,215,-11,255,-6" /><INIT seed="3,0,0,0,3,16" ten="371,176,204,249" oya="3" hai0="96,108,56,39,7,37,77,27,29,31,30,101,82" hai1="54,51,22,121,85,94,123,127,103,48,0,78,50" hai2="117,93,64,80,36,35,57,110,24,59,21,62,105" hai3="13,131,75,79,111,45,118,3,26,28,72,133,124"/><W19/><G118/><T66/><D108/><U68/><E0/><V126/><F110/><W99/><G3/><T71/><D7/><U53/><E68/><V70/><F117/><W92/><G111/><T97/><D71/><U104/><E104/><V107/><F36/><W2/><G2/><T125/><D125/><U122/><E127/><V49/><F126/><W113/><G113/><T120/><D120/><U86/><E78/><V44/><F35/><W9/><G133/><T58/><D96/><U34/><E34/><V65/><F80/><W84/><G131/><T11/><D11/><U83/><E83/><V116/><F116/><W90/><G124/><T17/><D17/><U12/><E103/><V88/><F59/><W32/><G79/><T114/><D114/><U87/><E94/><V55/><F65/><W132/><G132/><T109/><D109/><U102/><E102/><V98/><REACH who="2" step="1"/><F70/><REACH who="2" ten="371,176,194,249" step="2"/><W91/><REACH who="3" step="1"/><G45/><REACH who="3" ten="371,176,194,239" step="2"/><T8/><D77/><U76/><E76/><V41/><F41/><W61/><G61/><T20/><D56/><U46/><E46/><V38/><F38/><W52/><G52/><N who="1" m="20074" /><E12/><V33/><F33/><W10/><G10/><T42/><D8/><U67/><E67/><V106/><F106/><W73/><G73/><T5/><D39/><U81/><E81/><AGARI ba="0,2" hai="9,13,19,26,28,32,72,75,81,84,90,91,92,99" machi="81" ten="30,5800,0" yaku="1,1,7,1,53,1" doraHai="16" doraHaiUra="23" who="3" fromWho="1" sc="371,0,176,-58,194,0,239,78" /><INIT seed="3,1,0,0,1,27" ten="371,118,194,317" oya="3" hai0="10,5,109,82,1,93,58,132,121,40,133,42,17" hai1="6,99,14,74,106,91,0,70,63,112,36,45,117" hai2="20,134,69,80,115,101,104,57,60,54,41,84,49" hai3="129,89,48,39,65,78,38,68,108,30,90,28,64"/><W87/><G129/><T79/><D121/><U73/><E91/><V81/><F115/><W15/><G78/><T8/><D109/><U131/><E14/><V22/><F134/><N who="0" m="51818" /><D93/><U96/><E96/><V2/><F2/><W83/><G108/><T88/><D58/><U51/><E112/><V119/><F119/><W25/><G15/><N who="0" m="7399" /><D88/><N who="3" m="33897" /><G25/><T31/><D31/><N who="3" m="11817" /><G87/><AGARI ba="1,0" hai="1,5,10,40,42,79,82,87" m="7399,51818" machi="87" ten="30,1000,0" yaku="20,1" doraHai="27" who="0" fromWho="3" sc="371,13,118,0,194,0,317,-13" /><INIT seed="4,0,0,1,0,20" ten="384,118,194,304" oya="0" hai0="71,25,79,54,64,85,118,94,50,82,110,128,9" hai1="33,102,74,22,44,5,62,42,28,8,55,122,43" hai2="129,77,125,40,135,98,91,81,27,49,61,2,17" hai3="83,132,1,127,88,37,89,53,57,123,69,6,97"/><T115/><D118/><U106/><E74/><V45/><F2/><W80/><G37/><T7/><D115/><U3/><E33/><V60/><F125/><W84/><G69/><T131/><D110/><U96/><E122/><V24/><F129/><W112/><G132/><T10/><D10/><U66/><E55/><V56/><F135/><W117/><G117/><T32/><D94/><U21/><E28/><V68/><F68/><W14/><G1/><T90/><D79/><U109/><E43/><V46/><F45/><W23/><G127/><T67/><D71/><U35/><E35/><V113/><F113/><W121/><G112/><T103/><D103/><U18/><E109/><V107/><F17/><N who="3" m="10679" /><G6/><T16/><D128/><U48/><REACH who="1" step="1"/><E18/><REACH who="1" ten="384,108,194,304" step="2"/><V124/><F124/><W111/><G111/><T130/><D130/><U41/><E41/><V76/><F61/><W119/><G119/><T120/><D131/><U86/><E86/><V105/><F60/><N who="3" m="35887" /><G121/><T39/><D120/><U70/><AGARI ba="0,1" hai="3,5,8,21,22,42,44,48,62,66,70,96,102,106" machi="70" ten="20,2700,0" yaku="1,1,0,1,7,1,53,0" doraHai="20" doraHaiUra="73" who="1" fromWho="1" sc="384,-13,108,37,194,-7,304,-7" /><INIT seed="5,0,0,2,5,124" ten="371,145,187,297" oya="1" hai0="87,34,100,120,26,28,96,8,92,118,49,17,54" hai1="1,41,83,130,73,23,80,108,68,55,0,19,13" hai2="126,86,66,91,56,36,134,89,64,67,15,3,35" hai3="129,115,70,47,9,127,119,12,16,114,107,123,117"/><U24/><E68/><V42/><F35/><W33/><G127/><T32/><D120/><U53/><E41/><V82/><F126/><W74/><G123/><T131/><D118/><N who="3" m="45065" /><G70/><T46/><D131/><U7/><E108/><V2/><F56/><W43/><G107/><T14/><D87/><U58/><E55/><V57/><F57/><W128/><G33/><AGARI ba="0,0" hai="8,14,17,26,28,32,33,34,46,49,54,92,96,100" machi="33" ten="30,1000,0" yaku="7,1" doraHai="124" who="0" fromWho="3" sc="371,10,145,0,187,0,297,-10" /><INIT seed="6,0,0,5,2,94" ten="381,145,187,287" oya="2" hai0="25,99,127,53,116,109,113,63,69,110,12,1,106" hai1="118,90,75,114,130,89,108,107,20,102,39,0,55" hai2="124,28,64,121,47,61,88,51,33,3,27,5,40" hai3="122,56,93,126,87,16,120,79,26,81,41,85,18"/><V67/><F121/><W133/><G133/><T92/><D106/><U49/><E108/><V21/><F124/><W62/><G41/><T44/><D1/><U98/><E118/><V77/><F33/><W7/><G7/><T31/><D113/><U104/><E39/><V78/><F5/><W83/><G126/><T2/><D2/><U68/><E68/><V34/><F3/><W45/><G45/><T54/><D127/><U30/><E0/><V76/><F34/><W60/><G60/><T96/><D116/><U101/><E75/><V65/><REACH who="2" step="1"/><F88/><REACH who="2" ten="381,145,177,287" step="2"/><N who="3" m="51263" /><G122/><T119/><D119/><U43/><E90/><V95/><F95/><W11/><G120/><T6/><D6/><U103/><E89/><V112/><F112/><W123/><G123/><T86/><D92/><U72/><E114/><V66/><F66/><N who="3" m="39239" /><G93/><T37/><D109/><U58/><E107/><V135/><F135/><W91/><G91/><T80/><D110/><U35/><E104/><V32/><F32/><W29/><G11/><T125/><D125/><U10/><E35/><V22/><F22/><W42/><G42/><T100/><D80/><U82/><E10/><V74/><F74/><W17/><G29/><T57/><D31/><U132/><E43/><V134/><F134/><W52/><G52/><T38/><D54/><U13/><E132/><V9/><F9/><W115/><G115/><T128/><D53/><U71/><E30/><V24/><F24/><AGARI ba="0,1" hai="16,17,18,24,26,79,81,87" m="39239,51263" machi="24" ten="30,3900,0" yaku="8,1,54,2" doraHai="94" who="3" fromWho="2" sc="381,0,145,0,177,-39,287,49" /><INIT seed="7,0,0,4,5,117" ten="381,145,138,336" oya="3" hai0="18,57,93,131,73,135,123,85,52,110,132,6,30" hai1="94,118,0,23,113,81,17,66,33,74,43,62,101" hai2="7,37,79,128,80,70,36,22,103,76,86,26,82" hai3="71,114,109,92,41,40,99,12,55,77,65,4,107"/><W2/><G107/><T60/><D123/><U108/><E33/><V28/><F70/><W45/><G2/><T19/><D110/><U88/><E0/><V24/><F128/><W126/><G126/><T75/><D30/><U63/><E108/><V53/><F7/><W95/><G77/><T8/><D131/><U127/><E127/><V134/><F134/><N who="0" m="51242" /><D85/><U90/><E43/><V48/><F103/><W96/><G109/><T39/><D93/><U13/><E101/><V104/><F104/><W61/><G55/><T67/><D39/><U115/><E118/><V130/><F26/><W119/><G119/><T54/><D54/><U5/><E66/><V122/><F122/><W102/><G114/><T50/><D73/><U10/><E74/><V129/><F130/><W91/><REACH who="3" step="1"/><G45/><REACH who="3" ten="381,145,138,326" step="2"/><N who="0" m="27727" /><D75/><U100/><E115/><V56/><F129/><W15/><G15/><AGARI ba="0,1" hai="6,8,15,18,19,57,60,67" m="27727,51242" machi="15" ten="30,2000,0" yaku="20,1,54,1" doraHai="117" who="0" fromWho="3" sc="381,30,145,0,138,0,326,-20" owari="411,50.0,145,-25.0,138,-36.0,306,11.0" /></mjloggm>