<mjloggm ver="2.3"><GO type="169" lobby="0"/><UN n0="%E5%B0%B1%E6%B4%BB%E7%94%9F%40%E5%B7%9D%E6%9D%91%E8%BB%8D%E5%9B%A3" n1="%E7%AB%8B%E8%8F%AF%E5%A5%8F" n2="%EF%BC%93%E7%95%AA%E3%82%B7%E3%83%A7%E3%83%BC%E3%83%88%E5%9D%82%E7%94%B0" n3="%E5%88%87%E3%82%8A%E6%9C%AD" dan="17,17,16,17" rate="2148.62,2233.55,2100.09,2081.27" sx="M,F,M,M"/><TAIKYOKU oya="0"/><INIT seed="0,0,0,3,4,50" ten="250,250,250,250" oya="0" hai0="92,11,0,40,124,95,114,3,63,41,111,51,130" hai1="94,53,57,135,5,36,32,64,82,30,106,79,89" hai2="123,131,109,90,35,45,112,83,129,119,62,8,28" hai3="86,71,116,49,54,102,115,44,58,48,24,29,46"/><T25/><D114/><U103/><E135/><V27/><F112/><W76/><G115/><T7/><D3/><U2/><E36/><V14/><F109/><W69/><G116/><T118/><D118/><U12/><E2/><V70/><F119/><W42/><G102/><T68/><D124/><U125/><E125/><V38/><F123/><W16/><G16/><T9/><D130/><U15/><E64/><V59/><F70/><W85/><G46/><T72/><D72/><U93/><E5/><V88/><F45/><W105/><G105/><T113/><D9/><U18/><E106/><V75/><F38/><W80/><REACH who="3" step="1"/><G85/><REACH who="3" ten="250,250,250,240" step="2"/><T37/><D113/><U56/><E103/><V1/><F131/><W100/><G100/><T65/><D111/><U81/><E18/><V87/><F129/><W117/><G117/><T22/><D37/><U133/><E30/><V13/><F75/><W96/><G96/><T6/><D6/><U17/><E17/><V67/><F87/><W26/><G26/><T97/><D97/><U99/><E99/><V34/><F27/><W121/><G121/><T128/><D128/><U77/><E133/><V66/><F28/><W91/><G91/><T31/><D41/><U23/><E89/><V78/><F90/><W132/><G132/><T47/><AGARI ba="0,1" hai="0,7,11,22,25,31,40,47,51,63,65,68,92,95" machi="47" ten="30,1500,0" yaku="0,1" doraHai="50" who="0" fromWho="0" sc="250,25,250,-5,250,-5,240,-5" /><INIT seed="0,1,0,4,3,103" ten="275,245,245,235" oya="0" hai0="66,51,64,2,27,99,47,79,37,14,48,65,20" hai1="88,125,58,34,82,10,25,5,81,104,101,11,63" hai2="128,38,6,49,98,70,73,9,54,55,45,17,91" hai3="24,29,60,95,122,40,33,126,102,123,115,132,116"/><T84/><D2/><U121/><E121/><N who="3" m="46090" /><G115/><T119/><D119/><U42/><E125/><V135/><F73/><W57/><G116/><T90/><D37/><U118/><E118/><V130/><F70/><W21/><G132/><T3/><D3/><U78/><E42/><V23/><F38/><W62/><G126/><T41/><D48/><U43/><E43/><V86/><F98/><N who="3" m="59743" /><G40/><T97/><D14/><U28/><E78/><V89/><F55/><N who="3" m="33855" /><G62/><T112/><D79/><U69/><E69/><V96/><F96/><W7/><G7/><T44/><D44/><U111/><E111/><V18/><F135/><W77/><G77/><T56/><D56/><U13/><E10/><V92/><F91/><W131/><G131/><N who="2" m="50217" /><F23/><AGARI ba="1,0" hai="21,23,24,29,33" m="33855,59743,46090" machi="23" ten="30,1000,0" yaku="13,1" doraHai="103" who="3" fromWho="2" sc="275,0,245,0,245,-13,235,13" /><INIT seed="1,0,0,4,5,52" ten="275,245,232,248" oya="1" hai0="120,78,53,37,81,113,10,13,95,80,4,58,98" hai1="25,20,124,45,73,119,35,11,30,68,66,121,89" hai2="77,93,76,102,118,84,100,27,97,86,9,75,92" hai3="108,91,21,34,3,64,79,56,123,47,2,36,69"/><U38/><E119/><V101/><F27/><W106/><G34/><T94/><D113/><U29/><E121/><V135/><F9/><W85/><G123/><T42/><D120/><U16/><E124/><V57/><F118/><W14/><G106/><T72/><D81/><U39/><E73/><V133/><F57/><W24/><G79/><N who="2" m="30281" /><F75/><W6/><G69/><T125/><D125/><U82/><E45/><V67/><F67/><W22/><G108/><T61/><REACH who="0" step="1"/><D98/><REACH who="0" ten="265,245,232,248" step="2"/><U110/><E82/><V112/><F112/><W19/><G3/><T12/><D12/><U83/><E83/><V15/><F15/><W126/><G14/><T62/><D62/><U114/><E114/><V23/><F135/><W28/><G2/><T26/><D26/><U70/><E25/><V117/><F133/><W87/><G24/><T60/><D60/><U18/><E110/><V99/><F117/><W128/><G126/><T134/><D134/><U51/><E35/><V50/><F50/><W32/><G32/><T8/><D8/><U74/><E11/><V55/><F23/><W48/><G21/><T96/><D96/><N who="2" m="36938" /><F55/><W71/><G22/><T46/><AGARI ba="0,1" hai="4,10,13,37,42,46,53,58,61,72,78,80,94,95" machi="46" ten="30,4000,0" yaku="1,1,0,1,52,1,53,0" doraHai="52" doraHaiUra="129" who="0" fromWho="0" sc="265,50,245,-20,232,-10,248,-10" /><INIT seed="2,0,0,5,5,58" ten="315,225,222,238" oya="2" hai0="40,36,134,9,35,19,15,122,28,21,108,60,97" hai1="80,61,101,84,112,114,23,104,79,2,13,24,3" hai2="85,100,105,126,25,111,106,1,67,50,123,49,109" hai3="66,113,42,127,56,46,48,99,107,64,83,34,90"/><V39/><F1/><W78/><G34/><T98/><D122/><U81/><E13/><V37/><F123/><W94/><G127/><T57/><D108/><N who="2" m="41546" /><F126/><W129/><G129/><T38/><D134/><U51/><E51/><N who="2" m="19467" /><F100/><W118/><G118/><T0/><D40/><U119/><E119/><V115/><F115/><W65/><G107/><N who="2" m="40969" /><F67/><W93/><G113/><T33/><D38/><N who="2" m="14346" /><F85/><W124/><G124/><T95/><D36/><U116/><E116/><V87/><F87/><W96/><G66/><T131/><D131/><U82/><E101/><V10/><F10/><W44/><G65/><T135/><D0/><U31/><E104/><V68/><F25/><W12/><G64/><T20/><D9/><U18/><E2/><V73/><F73/><W76/><G96/><T30/><D97/><U88/><E3/><V72/><F72/><W130/><G99/><T32/><D21/><U16/><E114/><V17/><F17/><W69/><G94/><T6/><D95/><U26/><E112/><V11/><F11/><W117/><G93/><T121/><D98/><U120/><E120/><V86/><F86/><W59/><G117/><T71/><D121/><U74/><E24/><V43/><F43/><W47/><G42/><T133/><D20/><U22/><E22/><V45/><F45/><W89/><G46/><T27/><D19/><U75/><E18/><V77/><F77/><W7/><G78/><T63/><D27/><U54/><E16/><V29/><F29/><W53/><G44/><T62/><D30/><U4/><E31/><V41/><F41/><W102/><G47/><RYUUKYOKU ba="0,0" sc="315,-10,225,-10,222,30,238,-10" hai2="68" /><INIT seed="2,1,0,2,5,40" ten="305,215,252,228" oya="2" hai0="62,25,32,127,48,10,116,81,126,36,23,103,84" hai1="60,50,69,97,111,90,67,18,46,76,43,12,1" hai2="30,88,41,45,5,21,37,19,105,3,134,87,100" hai3="108,26,91,15,33,106,117,95,125,129,4,133,7"/><V132/><F30/><W34/><G117/><T57/><D36/><U93/><E111/><V79/><F79/><W42/><G106/><T56/><D32/><U99/><E76/><V22/><F100/><W119/><G119/><T11/><D103/><U9/><REACH who="1" step="1"/><E1/><REACH who="1" ten="305,205,252,228" step="2"/><V77/><F77/><W122/><G108/><T44/><D126/><U8/><E8/><N who="2" m="2111" /><F105/><W71/><G125/><T17/><D127/><U39/><E39/><V74/><F74/><W0/><G0/><T82/><D116/><U73/><E73/><V112/><F112/><W102/><G129/><T63/><D11/><U58/><E58/><V110/><F110/><W115/><G115/><T72/><D10/><U123/><E123/><V65/><F19/><W104/><G104/><T89/><D72/><U35/><E35/><V94/><F65/><W70/><G4/><T114/><D114/><U49/><E49/><V131/><F131/><W38/><G7/><T86/><D57/><U52/><E52/><V107/><F107/><W66/><G38/><T24/><D56/><U128/><E128/><V54/><F54/><W130/><G66/><T31/><D63/><U118/><E118/><V96/><F87/><AGARI ba="1,1" hai="9,12,18,43,46,50,60,67,69,87,90,93,97,99" machi="87" ten="30,3900,0" yaku="1,1,7,1,52,1,53,0" doraHai="40" doraHaiUra="120" who="1" fromWho="2" sc="305,0,205,52,252,-42,228,0" /><INIT seed="3,0,0,1,5,9" ten="305,257,210,228" oya="3" hai0="125,5,18,133,48,36,78,98,40,56,6,30,57" hai1="24,94,31,127,15,88,108,118,59,79,68,47,101" hai2="14,7,112,28,122,134,21,50,128,130,3,93,33" hai3="17,67,8,90,129,16,121,23,72,38,60,32,115"/><W71/><G121/><T12/><D36/><U1/><E108/><V62/><F122/><W44/><G32/><T22/><D125/><U39/><E127/><V117/><F117/><W25/><G115/><T100/><D78/><U46/><E68/><V126/><F126/><W120/><G120/><T19/><D30/><U80/><E1/><V95/><F112/><W66/><G72/><T99/><D133/><U110/><E110/><V104/><F104/><W76/><G76/><T26/><D40/><U13/><E101/><V55/><F33/><W37/><G129/><N who="2" m="49769" /><F3/><W69/><G44/><T63/><D48/><U81/><E118/><V114/><F114/><W86/><G67/><T4/><D100/><U89/><E59/><N who="0" m="22601" /><D63/><U41/><E46/><N who="2" m="28119" /><F62/><W124/><G69/><T2/><D2/><U82/><E79/><V35/><F35/><W106/><G106/><T42/><D42/><U49/><E39/><V10/><F134/><W11/><G124/><T131/><D131/><U27/><E89/><V111/><F111/><W45/><G45/><T77/><D77/><U58/><E58/><V116/><F116/><W91/><G91/><T0/><D0/><U105/><E105/><V135/><F135/><W96/><G96/><T97/><D97/><N who="1" m="57543" /><E31/><V123/><F123/><W84/><G90/><T54/><D54/><U109/><E109/><V113/><F113/><W92/><G37/><T85/><D85/><N who="3" m="32873" /><G38/><T43/><D43/><U70/><E70/><V83/><F83/><W132/><G132/><T73/><D73/><U103/><E103/><V64/><F64/><W53/><G66/><RYUUKYOKU ba="0,0" sc="305,10,257,10,210,10,228,-30" hai0="4,5,6,12,18,19,22,26,98,99" hai1="13,15,24,27,41,47,49,80,81,82" hai2="7,10,14,21,28,93,95" /><INIT seed="4,1,0,5,0,78" ten="315,267,220,198" oya="0" hai0="81,99,108,126,47,112,106,51,10,35,129,123,76" hai1="5,88,63,101,65,74,120,52,96,28,127,130,53" hai2="134,41,122,80,50,64,32,42,66,89,46,58,94" hai3="4,55,43,61,111,40,25,38,103,34,56,135,44"/><T12/><D35/><U16/><E120/><V1/><F32/><W84/><G111/><T116/><D112/><U36/><E74/><V98/><F1/><W54/><G135/><T24/><D123/><U128/><E36/><V73/><F122/><W8/><G43/><T75/><D116/><U100/><E28/><V131/><F134/><W105/><G105/><T113/><D113/><U86/><E5/><V119/><F131/><N who="1" m="50217" /><E127/><V70/><F70/><W14/><G103/><N who="1" m="39498" /><E96/><V110/><F110/><W125/><G125/><T69/><D69/><N who="1" m="42175" /><E16/><V107/><F107/><W124/><G124/><T91/><D106/><U9/><E9/><V67/><F119/><W15/><G84/><T39/><D39/><U68/><E68/><V109/><F109/><W3/><REACH who="3" step="1"/><G55/><REACH who="3" ten="315,267,220,188" step="2"/><T29/><D126/><U97/><E97/><V27/><F73/><W87/><G87/><T26/><D108/><U62/><E62/><V0/><F98/><W18/><G18/><T132/><D129/><U95/><AGARI ba="1,1" hai="52,53,86,88,95" m="42175,39498,50217" machi="95" ten="30,4000,0" yaku="19,1,54,2" doraHai="78" who="1" fromWho="1" sc="315,-21,267,53,220,-11,188,-11" /><INIT seed="5,0,0,2,2,86" ten="294,320,209,177" oya="1" hai0="81,19,34,52,53,23,95,28,36,89,55,112,33" hai1="38,64,72,13,62,8,51,32,135,14,45,56,29" hai2="40,15,120,103,3,106,61,59,122,73,20,54,94" hai3="18,130,92,90,131,41,66,133,98,96,50,22,104"/><U68/><E135/><V10/><F106/><W79/><G133/><T47/><D112/><U4/><E72/><V88/><F103/><W132/><G132/><T115/><D115/><U91/><E32/><V39/><F73/><W97/><G79/><T63/><D28/><U119/><E29/><V43/><F3/><W5/><G5/><T134/><D134/><U57/><E119/><V21/><F39/><W121/><G121/><T84/><D63/><U42/><E13/><V107/><F107/><W118/><G118/><T35/><D36/><U75/><E75/><V11/><F11/><W124/><G124/><T117/><D117/><U116/><E116/><V129/><F129/><N who="3" m="49163" /><G66/><T111/><D111/><U26/><E26/><V25/><F122/><W100/><G98/><T80/><REACH who="0" step="1"/><D47/><REACH who="0" ten="284,320,209,177" step="2"/><U12/><E38/><V74/><F120/><W16/><G22/><T99/><D99/><U85/><REACH who="1" step="1"/><E12/><AGARI ba="0,1" hai="12,19,23,33,34,35,52,53,55,80,81,84,89,95" machi="12" ten="50,8000,1" yaku="1,1,52,1,54,1,53,1" doraHai="86" doraHaiUra="87" who="0" fromWho="1" sc="284,90,320,-80,209,0,177,0" /><INIT seed="6,0,0,0,3,100" ten="374,240,209,177" oya="2" hai0="80,88,49,82,105,79,23,93,22,92,56,3,134" hai1="103,45,104,135,78,112,63,108,86,19,50,133,24" hai2="116,130,33,20,121,106,30,90,120,113,83,85,35" hai3="95,54,5,70,81,43,31,57,21,71,18,101,6"/><V109/><F116/><W96/><G31/><T69/><D105/><U131/><E108/><V77/><F109/><W14/><G43/><T98/><D3/><U119/><E119/><V42/><F113/><W58/><G71/><T107/><D107/><U44/><E112/><V73/><F130/><W26/><G70/><T97/><D134/><N who="1" m="51211" /><E131/><V84/><F84/><W15/><G81/><N who="0" m="31339" /><D69/><U51/><E63/><V117/><F42/><W99/><G99/><T39/><D39/><U46/><E86/><V32/><F117/><W7/><REACH who="3" step="1"/><G57/><REACH who="3" ten="374,240,209,167" step="2"/><T59/><D59/><U76/><E76/><V2/><F30/><W87/><G87/><T129/><D79/><U9/><E78/><V17/><F77/><W132/><G132/><T40/><D129/><U123/><E123/><V124/><F121/><W4/><N who="3" m="1024" /><DORA hai="68" /><W53/><G53/><N who="0" m="31791" /><D40/><U0/><E0/><V34/><F85/><W89/><G89/><AGARI ba="0,1" hai="22,23,88,89,92,93,97,98" m="31791,31339" machi="89" ten="30,2000,0" yaku="8,1,54,1" doraHai="100,68" who="0" fromWho="3" sc="374,30,240,0,209,0,167,-20" /><INIT seed="7,0,0,3,4,51" ten="404,240,209,147" oya="3" hai0="112,33,94,116,0,91,44,108,25,81,18,6,132" hai1="50,102,12,122,36,31,105,89,95,68,118,127,21" hai2="125,17,117,126,47,19,70,82,135,28,99,23,109" hai3="83,40,78,90,32,4,27,64,34,123,30,43,56"/><W61/><G123/><T72/><D108/><U2/><E122/><V131/><F70/><W42/><G4/><T130/><D116/><U38/><E2/><V110/><F117/><W13/><G13/><T106/><D106/><U39/><E68/><V93/><F135/><W88/><REACH who="3" step="1"/><G32/><REACH who="3" ten="404,240,209,137" step="2"/><T85/><D6/><U53/><E118/><V79/><F110/><W3/><G3/><T128/><D132/><U24/><E12/><V133/><F133/><W62/><G62/><T14/><D0/><U80/><E127/><N who="2" m="48651" /><F109/><W65/><G65/><T113/><D33/><U48/><E24/><N who="2" m="16415" /><F131/><W76/><G76/><T29/><D14/><U96/><E21/><V71/><F71/><W55/><G55/><T119/><D128/><U20/><E20/><V49/><F79/><W104/><G104/><T97/><D130/><U41/><E105/><V8/><F8/><W84/><AGARI ba="0,1" hai="27,30,34,40,42,43,56,61,64,78,83,84,88,90" machi="84" ten="30,11700,0" yaku="1,1,0,1,54,1,53,1" doraHai="51" doraHaiUra="75" who="3" fromWho="3" sc="404,-39,240,-39,209,-39,137,127" /><INIT seed="7,1,0,4,2,84" ten="365,201,170,264" oya="3" hai0="68,92,3,124,91,103,74,122,69,61,46,37,115" hai1="21,53,13,95,134,59,49,101,123,127,109,0,81" hai2="82,97,22,56,58,133,52,130,36,125,105,94,1" hai3="16,10,107,4,41,26,24,112,15,5,62,29,55"/><W19/><G107/><T51/><D74/><U47/><E0/><V11/><F125/><W40/><G112/><T20/><D37/><U78/><E127/><V30/><F36/><W17/><G4/><T126/><D3/><U23/><E109/><V75/><F105/><W113/><G113/><T14/><D122/><U83/><E123/><V63/><F130/><W18/><N who="3" m="4096" /><DORA hai="44" /><W131/><G131/><T48/><D48/><N who="1" m="31143" /><E134/><V71/><F71/><W70/><G24/><T111/><D92/><U32/><E32/><V38/><F38/><W89/><G89/><T110/><D20/><N who="1" m="7755" /><E13/><V116/><F133/><W31/><G70/><T42/><D69/><U57/><E57/><V114/><F114/><W119/><G119/><T108/><D14/><U120/><E78/><V102/><F116/><W76/><G76/><T135/><D115/><U12/><E12/><V85/><F75/><W43/><G26/><T100/><D135/><U27/><E27/><N who="2" m="16759" /><F1/><W9/><G9/><T88/><D124/><U35/><E35/><V7/><F58/><AGARI ba="1,0" hai="5,10,15,29,31,40,41,43,55,58,62" m="4096" machi="58" ten="60,5800,0" yaku="8,1,54,1" doraHai="84,44" who="3" fromWho="2" sc="365,0,201,0,170,-61,264,61" /><INIT seed="7,2,0,3,1,111" ten="365,201,109,325" oya="3" hai0="49,95,107,7,41,77,78,72,60,13,46,32,73" hai1="8,28,97,10,83,118,24,79,99,115,120,69,101" hai2="116,3,15,122,91,9,52,125,56,124,51,103,14" hai3="57,109,121,45,40,113,81,80,86,29,16,39,112"/><W119/><G119/><T105/><D32/><U61/><E120/><V134/><F116/><W21/><G121/><T87/><D105/><U58/><E118/><V42/><F122/><W127/><G109/><T19/><D107/><U64/><E115/><N who="3" m="44106" /><G127/><T25/><D73/><U54/><E54/><V82/><F134/><W68/><G68/><T117/><D72/><U129/><E129/><V30/><F30/><W75/><G75/><T48/><D117/><U93/><E97/><V89/><F103/><W31/><G57/><T66/><D49/><U67/><E67/><V63/><F3/><W47/><G47/><T18/><D25/><U37/><E37/><V135/><F135/><W0/><G0/><T62/><D7/><U131/><E131/><V34/><F34/><W74/><G74/><T100/><D19/><U12/><E69/><V108/><F108/><W55/><G55/><T27/><D27/><U128/><E128/><V126/><F82/><N who="3" m="31851" /><G86/><T71/><D62/><U11/><E83/><V114/><F114/><W4/><G4/><T104/><D104/><U1/><E1/><V130/><F130/><W43/><G43/><T88/><D100/><U110/><E110/><V98/><F98/><W22/><G22/><AGARI ba="2,0" hai="13,18,22,41,46,48,60,66,71,77,78,87,88,95" machi="22" ten="30,2000,0" yaku="7,1,54,1" doraHai="111" who="0" fromWho="3" sc="365,26,201,0,109,0,325,-26" owari="391,49.0,201,-20.0,109,-39.0,299,10.0" /></mjloggm>