<mjloggm ver="2.3"><GO type="169" lobby="0"/><UN n0="%E3%82%A6%E3%83%AB%E3%83%88%E3%83%A9%E7%AB%8B%E7%9B%B4" n1="%E3%82%88%E3%81%A3%E3%81%A1%E3%82%83%E3%82%93%30%31" n2="%E3%81%A9%E3%82%93%E3%82%88%E3%81%8F" n3="%E9%85%8D%E7%89%8C%E3%83%89%E3%83%A9%E3%83%81%E3%82%A7%E3%83%83%E3%82%AF" dan="17,16,19,16" rate="2150.45,2100.76,2321.71,2123.56" sx="M,M,M,M"/><TAIKYOKU oya="0"/><INIT seed="0,0,0,5,3,66" ten="250,250,250,250" oya="0" hai0="49,65,50,16,14,131,91,99,119,81,6,61,72" hai1="24,95,121,10,93,33,19,2,58,88,0,92,5" hai2="79,77,62,17,73,7,118,103,82,35,105,135,64" hai3="25,36,74,3,26,13,90,94,108,133,1,83,56"/><T87/><D119/><U84/><E121/><V126/><F118/><W29/><G36/><T60/><D131/><U41/><E41/><V70/><F126/><W76/><G108/><T122/><D122/><U18/><E2/><V116/><F116/><W8/><G133/><T4/><D72/><U12/><E33/><V55/><F79/><W20/><G56/><T68/><D61/><U104/><E104/><V120/><F120/><W39/><G26/><T21/><REACH who="0" step="1"/><D99/><REACH who="0" ten="240,250,250,250" step="2"/><U46/><E46/><V107/><F73/><W129/><G129/><T127/><D127/><U132/><E132/><V54/><F135/><W27/><G39/><T96/><D96/><U130/><E130/><V106/><F62/><W37/><G37/><T59/><D59/><U112/><E112/><V85/><F85/><W30/><G74/><T125/><D125/><U43/><E58/><V110/><F110/><W53/><G1/><T124/><D124/><U117/><E117/><V80/><F105/><W63/><G3/><T52/><D52/><U123/><E123/><V111/><F106/><W100/><G53/><T9/><D9/><U47/><E0/><V78/><F107/><W11/><G8/><T128/><D128/><U71/><E10/><V86/><F54/><W98/><G63/><T113/><D113/><U109/><E109/><V15/><F55/><W115/><G115/><T97/><D97/><U28/><E43/><V23/><F111/><W44/><G98/><T38/><D38/><U75/><E75/><V102/><F86/><W114/><G114/><T40/><D40/><U57/><E84/><RYUUKYOKU ba="0,1" sc="240,30,250,-10,250,-10,250,-10" hai0="4,6,14,16,21,49,50,60,65,68,81,87,91" /><INIT seed="0,1,1,0,3,30" ten="270,240,240,240" oya="0" hai0="128,102,124,89,37,126,46,38,82,67,57,104,59" hai1="100,107,14,51,55,28,101,68,10,87,123,58,111" hai2="105,65,11,130,31,73,18,113,106,77,8,41,84" hai3="108,90,88,121,3,81,45,86,44,92,114,25,63"/><T62/><D104/><U12/><E123/><V93/><F113/><W4/><G114/><T48/><D102/><U13/><E111/><V75/><F41/><W1/><G108/><T98/><D98/><U135/><E135/><V133/><F65/><W119/><G119/><T109/><D89/><U20/><E68/><V2/><F31/><W129/><G121/><T72/><D82/><U26/><E87/><V53/><F53/><W70/><G129/><T131/><D59/><U132/><E132/><V43/><F43/><W66/><G25/><T54/><D72/><U74/><E74/><V97/><F18/><W27/><G27/><T76/><D76/><U80/><E80/><V42/><F42/><W34/><G34/><T79/><D79/><U64/><E64/><V56/><F77/><W47/><REACH who="3" step="1"/><G4/><REACH who="3" ten="270,240,240,230" step="2"/><T21/><D109/><U0/><E0/><V116/><F2/><W9/><G9/><T60/><D21/><U69/><E10/><V7/><F8/><W23/><G23/><T15/><D15/><U96/><E14/><V17/><F11/><W71/><G71/><T118/><D118/><U5/><E13/><V24/><F7/><W127/><G127/><N who="0" m="48683" /><D62/><U16/><E69/><V91/><F116/><W83/><G83/><T120/><D120/><U40/><E5/><V122/><F122/><W36/><G36/><AGARI ba="1,2" hai="36,37,38,46,48,54,57,60,67,128,131" m="48683" machi="36" ten="30,5800,0" yaku="18,1,34,2" doraHai="30" who="0" fromWho="3" sc="270,81,240,0,240,0,230,-61" /><INIT seed="0,2,0,0,0,20" ten="351,240,240,169" oya="0" hai0="87,82,126,125,67,38,43,96,123,107,55,64,9" hai1="102,68,78,85,92,45,18,119,135,10,74,13,122" hai2="62,95,2,98,5,29,127,60,47,42,7,28,134" hai3="36,118,83,103,72,81,104,80,121,33,32,25,58"/><T108/><D123/><U23/><E68/><V31/><F127/><N who="0" m="48650" /><D107/><U91/><E122/><V27/><F134/><W40/><G121/><T63/><D96/><U110/><E119/><V19/><F2/><W114/><G114/><T84/><D84/><U53/><E110/><V17/><F5/><W131/><G72/><T11/><D108/><U37/><E135/><V124/><F7/><W111/><G111/><T24/><D43/><U46/><E37/><V6/><F6/><W73/><G73/><T76/><D38/><U116/><E116/><V97/><F124/><W94/><G104/><T109/><D109/><U48/><E102/><V79/><F79/><W128/><G118/><T65/><D24/><U16/><E74/><V86/><F86/><W130/><G25/><T52/><D63/><U70/><E70/><V105/><F105/><W15/><G15/><T101/><D101/><U35/><E35/><V89/><F98/><N who="3" m="59863" /><G58/><T117/><D117/><U30/><E30/><V21/><REACH who="2" step="1"/><F17/><REACH who="2" ten="351,240,230,169" step="2"/><W129/><G128/><T1/><D1/><U57/><REACH who="1" step="1"/><E78/><REACH who="1" ten="351,230,230,169" step="2"/><V77/><F77/><W12/><G130/><T90/><D76/><U44/><E44/><V0/><F0/><W59/><G129/><T93/><D82/><U26/><AGARI ba="2,2" hai="10,13,16,18,23,26,45,46,48,53,57,85,91,92" machi="26" ten="20,12000,2" yaku="1,1,0,1,7,1,8,1,52,1,54,1,53,0" doraHai="20" doraHaiUra="133" who="1" fromWho="1" sc="351,-62,230,146,230,-32,169,-32" /><INIT seed="1,0,0,4,3,119" ten="289,376,198,137" oya="1" hai0="30,17,34,103,14,4,9,50,24,61,0,64,1" hai1="20,55,124,3,44,74,126,78,35,109,83,56,123" hai2="39,7,60,43,93,67,86,98,92,28,120,70,89" hai3="69,45,102,88,6,96,33,87,76,48,31,84,21"/><U23/><E3/><V2/><F28/><W36/><G33/><T15/><D50/><U122/><E35/><V113/><F113/><W79/><G69/><T107/><D103/><U16/><E44/><V134/><F134/><W25/><G6/><T101/><D101/><U85/><E74/><V75/><F75/><W32/><G32/><T13/><D107/><U51/><E109/><V29/><F29/><W68/><G68/><T117/><D117/><U73/><E73/><V40/><F39/><W37/><G36/><T71/><REACH who="0" step="1"/><D0/><REACH who="0" ten="279,376,198,137" step="2"/><U121/><REACH who="1" step="1"/><E20/><AGARI ba="0,1" hai="1,4,9,13,14,15,17,20,24,30,34,61,64,71" machi="20" ten="30,8000,1" yaku="1,1,2,1,7,1,24,2,53,0" doraHai="119" doraHaiUra="72" who="0" fromWho="1" sc="279,90,376,-80,198,0,137,0" /><INIT seed="2,0,0,3,4,92" ten="369,296,198,137" oya="2" hai0="97,9,0,83,68,100,81,2,69,51,26,124,77" hai1="24,7,105,73,88,89,58,14,47,31,106,17,134" hai2="8,30,18,33,114,39,135,34,126,25,1,21,50" hai3="61,6,62,127,55,101,91,29,20,112,27,107,118"/><V59/><F39/><W119/><G127/><T120/><D124/><U53/><E73/><V13/><F126/><W49/><G112/><T57/><D120/><U63/><E134/><V12/><F59/><W110/><G110/><T3/><D9/><U76/><E76/><V44/><F114/><W84/><G6/><T23/><D51/><U65/><E7/><N who="2" m="1135" /><F50/><W43/><G43/><T128/><D57/><U37/><E106/><V133/><F44/><W115/><G115/><T129/><D23/><U66/><E66/><V28/><F12/><W54/><G101/><T70/><D26/><AGARI ba="0,0" hai="13,18,21,25,26,28,30,33,34,133,135" m="1135" machi="26" ten="30,5800,0" yaku="24,1,34,2" doraHai="92" who="2" fromWho="0" sc="369,-58,296,0,198,58,137,0" /><INIT seed="2,1,0,4,0,98" ten="311,296,256,137" oya="2" hai0="135,49,112,26,69,93,124,33,22,32,72,84,103" hai1="121,41,38,85,42,74,107,52,83,4,109,58,0" hai2="17,119,81,29,39,6,31,62,14,115,127,23,111" hai3="80,1,88,60,13,59,131,129,114,10,120,20,27"/><V87/><F115/><W77/><G1/><T51/><D72/><U3/><E74/><V16/><F119/><W67/><G120/><T79/><D69/><U54/><E107/><V53/><F39/><W35/><G35/><T76/><D112/><U56/><E121/><V97/><F127/><W9/><G114/><T89/><D124/><U113/><E113/><V2/><F111/><W130/><G13/><T18/><D135/><U95/><E109/><V94/><F2/><W134/><G134/><T132/><D132/><U99/><E38/><V21/><F6/><W92/><G80/><T34/><D51/><U82/><E4/><V44/><F44/><W28/><REACH who="3" step="1"/><G77/><REACH who="3" ten="311,296,256,127" step="2"/><T48/><D79/><N who="1" m="46303" /><E0/><V118/><F118/><W125/><G125/><T37/><D76/><U25/><E3/><V24/><F81/><W133/><G133/><T117/><D117/><U100/><E83/><V104/><F104/><W61/><G61/><T66/><D34/><U91/><E25/><V30/><F87/><AGARI ba="1,1" hai="9,10,20,27,28,59,60,67,87,88,92,129,130,131" machi="87" ten="40,5200,0" yaku="1,1,19,1,54,1,53,0" doraHai="98" doraHaiUra="102" who="3" fromWho="2" sc="311,0,296,0,256,-55,127,65" /><INIT seed="3,0,0,5,4,107" ten="311,296,201,192" oya="3" hai0="4,45,46,35,23,121,91,49,48,3,25,39,116" hai1="130,101,59,82,54,50,18,0,127,27,62,93,64" hai2="108,67,52,105,98,70,24,120,42,129,106,9,114" hai3="63,96,32,43,94,77,80,75,7,53,57,126,61"/><W10/><G126/><T85/><D35/><U86/><E0/><V6/><F120/><W28/><G43/><T103/><D121/><U12/><E127/><V99/><F114/><W31/><G63/><T117/><D39/><U97/><E130/><V30/><F129/><W11/><G32/><T113/><D113/><U88/><E27/><V102/><F42/><W58/><G58/><T95/><D103/><U8/><E64/><V124/><F124/><W38/><G38/><T13/><D3/><U16/><E62/><V87/><F108/><W83/><G80/><T41/><D13/><U72/><E72/><V15/><F87/><W14/><REACH who="3" step="1"/><G11/><REACH who="3" ten="311,296,201,182" step="2"/><T133/><D133/><U21/><E21/><V118/><F118/><W112/><G112/><T132/><D132/><U84/><REACH who="1" step="1"/><E86/><REACH who="1" ten="311,286,201,182" step="2"/><V60/><F67/><W66/><G66/><T78/><D85/><U69/><E69/><V37/><F70/><W81/><G81/><T122/><D122/><U90/><E90/><AGARI ba="0,2" hai="7,10,14,28,31,53,57,61,75,77,83,90,94,96" machi="90" ten="30,12000,1" yaku="1,1,7,1,52,1,53,2" doraHai="107" doraHaiUra="26" who="3" fromWho="1" sc="311,0,286,-120,201,0,182,140" /><INIT seed="3,1,0,4,1,111" ten="311,166,201,322" oya="3" hai0="28,48,20,75,122,84,57,108,68,63,35,61,117" hai1="14,22,1,103,41,55,27,114,13,116,93,59,60" hai2="76,120,32,118,110,31,50,69,112,130,2,107,86" hai3="92,72,128,42,36,6,24,53,62,97,87,113,16"/><W80/><G72/><T54/><D75/><U43/><E1/><V38/><F50/><W65/><G128/><T133/><D35/><U127/><E116/><V25/><F86/><W74/><G74/><T17/><D28/><U45/><E127/><V82/><F82/><W91/><G6/><T90/><D117/><U19/><E114/><V105/><F76/><W46/><G53/><T8/><D122/><U39/><E43/><V70/><F25/><W21/><G113/><T96/><D133/><U119/><E119/><V3/><F31/><W100/><REACH who="3" step="1"/><G62/><REACH who="3" ten="311,166,201,312" step="2"/><T58/><D63/><U79/><E79/><V121/><F112/><W94/><G94/><T81/><D54/><U129/><E129/><V47/><F130/><W15/><G15/><T7/><D61/><U52/><E55/><V12/><F118/><W134/><G134/><T104/><D7/><U73/><E73/><V66/><F12/><W67/><AGARI ba="1,1" hai="16,21,24,36,42,46,65,67,80,87,91,92,97,100" machi="67" ten="30,6000,0" yaku="1,1,0,1,54,1,53,0" doraHai="111" doraHaiUra="123" who="3" fromWho="3" sc="311,-21,166,-21,201,-21,312,73" /><INIT seed="3,2,0,1,2,0" ten="290,145,180,385" oya="3" hai0="75,25,18,118,108,60,107,35,39,64,67,28,1" hai1="88,89,14,71,134,123,80,72,106,83,66,52,122" hai2="46,16,55,31,102,101,48,110,17,95,112,24,37" hai3="65,98,70,4,9,82,109,125,129,100,94,131,135"/><W90/><G125/><T68/><D118/><U49/><E106/><V13/><F112/><W130/><G135/><T121/><D121/><U61/><E134/><V111/><F37/><W115/><G115/><T47/><D18/><U128/><E128/><V104/><F104/><W73/><G109/><N who="2" m="41481" /><F95/><W105/><G65/><T76/><D67/><U86/><E14/><V119/><F119/><W43/><G70/><T41/><D108/><U99/><E99/><V126/><F126/><W11/><G43/><T96/><D76/><U81/><E72/><V58/><F58/><W120/><G120/><T57/><D57/><U133/><E133/><V85/><F85/><N who="3" m="52559" /><G4/><T33/><D33/><U42/><E42/><V21/><F17/><W113/><G113/><T12/><D12/><U10/><E10/><AGARI ba="2,0" hai="10,13,16,21,24,31,46,48,55,101,102" m="41481" machi="10" ten="30,2000,0" yaku="14,1,54,1" doraHai="0" who="2" fromWho="1" sc="290,0,145,-26,180,26,385,0" /><INIT seed="4,0,0,0,3,60" ten="290,119,206,385" oya="0" hai0="28,78,12,107,23,32,17,8,47,26,14,84,129" hai1="132,126,68,97,18,16,110,74,54,108,83,61,43" hai2="2,134,123,120,52,63,50,1,102,6,24,9,30" hai3="65,15,106,125,70,113,109,7,131,35,91,38,95"/><T33/><D107/><U34/><E34/><N who="0" m="13417" /><D84/><U86/><E132/><V114/><F134/><W133/><G106/><T20/><D78/><U46/><E74/><V22/><F1/><W81/><G81/><T56/><D56/><U76/><E126/><V115/><F63/><W119/><G95/><T89/><D89/><U11/><E97/><V48/><F48/><W85/><G91/><T112/><D47/><U0/><E0/><V87/><F87/><W51/><G85/><T98/><D98/><U66/><E54/><V25/><F25/><W19/><G51/><T128/><D112/><N who="2" m="43050" /><F102/><W118/><G65/><T105/><D105/><U104/><E104/><V5/><F5/><AGARI ba="0,0" hai="5,8,12,14,17,20,23,26,28,128,129" m="13417" machi="5" ten="30,2900,0" yaku="34,2" doraHai="60" who="0" fromWho="2" sc="290,29,119,0,206,-29,385,0" /><INIT seed="4,1,0,2,1,8" ten="319,119,177,385" oya="0" hai0="81,71,126,90,135,112,43,109,6,108,63,64,85" hai1="68,38,20,62,94,1,3,33,76,125,127,19,130" hai2="106,72,5,11,115,35,37,117,134,27,99,42,18" hai3="120,60,79,36,55,31,58,25,24,75,100,2,41"/><T84/><D126/><N who="1" m="48139" /><E33/><V23/><F72/><W107/><G2/><N who="1" m="522" /><E38/><V44/><F117/><W119/><G119/><T22/><D135/><U13/><E130/><V53/><F134/><W26/><G75/><T111/><D112/><U74/><E94/><V78/><F78/><W54/><G79/><T114/><D114/><U16/><E74/><V73/><F73/><W32/><G100/><T50/><D6/><U59/><E68/><V88/><F115/><W17/><G107/><T4/><D4/><U133/><E76/><V15/><F53/><W123/><G55/><T110/><D110/><U121/><E133/><V39/><F35/><W80/><G80/><T65/><D85/><U96/><E96/><V70/><F70/><W9/><G41/><T28/><D65/><N who="1" m="39135" /><E19/><V10/><F106/><W91/><G91/><T7/><D7/><U129/><E129/><V83/><F39/><W14/><REACH who="3" step="1"/><G36/><REACH who="3" ten="319,119,177,375" step="2"/><T105/><D105/><U48/><E121/><AGARI ba="1,1" hai="9,14,17,24,25,26,31,32,54,58,60,120,121,123" machi="121" ten="40,8000,1" yaku="1,1,2,1,13,1,52,1,53,0" doraHai="8" doraHaiUra="101" who="3" fromWho="1" sc="319,0,119,-83,177,0,375,93" /><INIT seed="5,0,0,4,4,85" ten="319,36,177,468" oya="1" hai0="57,8,56,108,52,24,12,76,63,67,113,74,25" hai1="134,94,86,125,106,40,45,71,27,129,61,84,33" hai2="101,109,104,26,66,131,91,10,126,15,0,62,44" hai3="35,30,14,41,110,50,123,100,51,118,78,53,107"/><U34/><E106/><V54/><F0/><W58/><G78/><T72/><D108/><U43/><E134/><V48/><F109/><W98/><G110/><T93/><D113/><U65/><E129/><V20/><F126/><W122/><G35/><T60/><D74/><U77/><E125/><V22/><F131/><W2/><G2/><T114/><D114/><U83/><E27/><V88/><F104/><W90/><G30/><T105/><D105/><U119/><E119/><V128/><F101/><W121/><G118/><T95/><D76/><U16/><E16/><N who="2" m="8311" /><F128/><W18/><G41/><T42/><D42/><U92/><E43/><V79/><F79/><W21/><G90/><N who="2" m="34345" /><F26/><N who="0" m="10346" /><D72/><U124/><E124/><V31/><F31/><W38/><G38/><T59/><D59/><AGARI ba="0,0" hai="20,22,44,48,54,59,62,66" m="34345,8311" machi="59" ten="30,12000,2" yaku="8,1,52,3,54,2" doraHai="85" who="2" fromWho="0" sc="319,-120,36,0,177,120,468,0" /><INIT seed="6,0,0,2,2,30" ten="199,36,297,468" oya="2" hai0="111,3,98,120,99,64,54,71,10,4,126,108,90" hai1="26,48,72,40,57,106,67,113,103,101,13,43,97" hai2="21,5,34,62,53,79,84,127,104,107,11,115,129" hai3="44,85,82,78,122,123,50,15,33,36,45,94,7"/><V86/><F127/><W32/><G36/><T61/><D126/><U12/><E113/><V29/><F115/><W118/><G118/><T18/><D120/><U37/><E72/><V17/><F129/><W59/><G59/><T134/><D134/><U100/><E37/><V47/><F107/><W88/><G15/><T51/><D18/><U130/><E130/><V60/><F104/><W125/><G7/><T6/><D6/><U135/><E135/><V95/><F79/><W102/><G102/><T80/><D80/><U73/><E73/><V68/><F68/><W52/><G44/><T58/><REACH who="0" step="1"/><D90/><REACH who="0" ten="189,36,297,468" step="2"/><U65/><E106/><V69/><F69/><W19/><G19/><T41/><D41/><N who="1" m="15947" /><E97/><AGARI ba="0,1" hai="3,4,10,51,54,58,61,64,71,97,98,99,108,111" machi="97" ten="40,1300,0" yaku="1,1,53,0" doraHai="30" doraHaiUra="109" who="0" fromWho="1" sc="189,23,36,-13,297,0,468,0" /><INIT seed="7,0,0,4,4,113" ten="212,23,297,468" oya="3" hai0="42,133,121,1,54,127,130,43,111,78,41,47,103" hai1="100,94,6,98,56,38,33,86,66,74,72,104,19" hai2="30,29,93,106,90,124,81,53,126,4,9,59,123" hai3="70,99,101,134,44,8,14,57,114,87,68,10,21"/><W26/><G57/><T115/><D1/><U132/><E19/><V67/><F106/><W25/><G26/><T63/><D121/><U97/><E6/><V3/><F67/><W125/><G10/><T39/><D111/><U5/><E56/><V62/><F81/><W117/><G117/><T65/><D103/><U77/><E5/><V128/><F128/><W2/><G2/><T76/><D78/><U107/><E66/><V88/><F123/><W28/><G87/><T37/><D76/><U102/><E38/><N who="0" m="14345" /><D130/><U16/><E16/><V55/><F55/><W69/><G125/><N who="2" m="48233" /><F90/><W32/><G134/><T75/><D75/><U52/><E33/><V7/><F7/><W60/><G114/><T0/><D0/><U12/><E52/><V80/><F80/><W51/><G60/><T129/><D129/><U22/><E12/><V20/><F20/><W46/><G21/><T79/><D79/><U120/><E22/><V13/><F3/><W108/><G51/><N who="0" m="29055" /><D127/><U58/><E58/><V116/><F116/><W15/><G15/><T49/><D115/><U31/><E31/><V11/><F11/><W64/><G64/><T92/><D92/><U73/><E120/><V40/><F30/><W83/><G83/><T110/><D110/><U35/><E35/><V95/><F29/><W34/><G32/><T122/><D122/><U91/><REACH who="1" step="1"/><E132/><REACH who="1" ten="212,13,297,468" step="2"/><V118/><F13/><W24/><G14/><T131/><D133/><U82/><AGARI ba="0,1" hai="72,73,74,77,82,86,91,94,97,98,100,102,104,107" machi="82" ten="30,24000,4" yaku="1,1,2,1,0,1,9,1,24,2,35,6,53,0" doraHai="113" doraHaiUra="71" who="1" fromWho="1" sc="212,-60,13,250,297,-60,468,-120" owari="152,-35.0,263,6.0,237,-16.0,348,45.0" /></mjloggm>