<mjloggm ver="2.3"><GO type="225" lobby="0"/><UN n0="%64%61%72%74%65%72" n1="%E5%B0%B1%E6%B4%BB%E7%94%9F%40%E5%B7%9D%E6%9D%91%E8%BB%8D%E5%9B%A3" n2="%E3%81%BF%E3%81%BF%E3%81%9A" n3="%31%73%E3%81%A7%E3%81%84%E3%81%84%E3%81%9D%E3%81%86" dan="16,18,17,17" rate="2095.90,2221.16,2189.32,2199.72" sx="M,M,M,M"/><TAIKYOKU oya="0"/><INIT seed="0,0,0,3,5,62" ten="250,250,250,250" oya="0" hai0="18,116,82,81,104,56,80,94,107,69,112,126,115" hai1="52,97,45,113,3,95,51,33,131,75,15,88,122" hai2="22,29,5,32,130,13,86,114,76,108,84,2,38" hai3="63,36,19,65,44,11,127,125,135,58,4,85,8"/><T48/><D69/><U9/><E122/><V37/><F114/><W1/><G135/><T93/><D116/><U89/><E113/><N who="0" m="43593" /><D18/><N who="1" m="8559" /><E33/><V49/><F49/><W124/><G85/><T134/><D48/><U99/><E75/><V74/><F74/><W102/><G102/><T60/><D56/><U59/><E3/><V57/><F57/><W78/><G78/><T83/><D60/><N who="1" m="35943" /><E131/><V61/><F130/><W128/><G128/><T90/><D126/><U43/><E97/><V0/><F38/><W77/><G77/><T110/><D134/><U98/><E99/><V12/><F76/><W31/><G31/><T67/><D67/><U66/><E66/><V42/><F37/><W35/><G35/><T111/><N who="0" m="20480" /><DORA hai="17" /><T103/><D103/><AGARI ba="0,0" hai="43,45,51,88,89,95,98,103" m="35943,8559" machi="103" ten="30,3900,0" yaku="8,1,54,2" doraHai="62,17" who="1" fromWho="0" sc="250,-39,250,39,250,0,250,0" /><INIT seed="1,0,0,1,0,88" ten="211,289,250,250" oya="1" hai0="121,12,28,26,70,44,69,20,48,107,103,135,86" hai1="58,65,63,125,85,33,45,108,53,79,43,81,75" hai2="15,0,74,129,116,127,77,2,52,96,62,5,105" hai3="115,17,123,124,110,72,50,10,54,11,109,111,60"/><U22/><E33/><V19/><F116/><W3/><G115/><T41/><D135/><U25/><E125/><V18/><F127/><W30/><G124/><T21/><D121/><U14/><E108/><V102/><F129/><W78/><G123/><T90/><D107/><U120/><E120/><V130/><F130/><W92/><G30/><T34/><D103/><U36/><E14/><V112/><F112/><W114/><G114/><T35/><D21/><U131/><E131/><V57/><F5/><N who="3" m="1343" /><G60/><T95/><REACH who="0" step="1"/><D12/><REACH who="0" ten="201,289,250,250" step="2"/><U47/><E22/><V1/><REACH who="2" step="1"/><F15/><REACH who="2" ten="201,289,240,250" step="2"/><W56/><G109/><T101/><D101/><U32/><E32/><AGARI ba="0,2" hai="20,26,28,32,34,35,41,44,48,69,70,86,90,95" machi="32" ten="40,2600,0" yaku="1,1,52,1,53,0" doraHai="88" doraHaiUra="119" who="0" fromWho="1" sc="201,46,289,-26,240,0,250,0" /><INIT seed="2,0,0,3,4,32" ten="247,263,240,250" oya="2" hai0="96,1,72,113,15,63,75,19,53,114,44,26,55" hai1="95,52,130,92,45,51,78,5,81,35,93,28,74" hai2="73,108,42,118,116,70,36,89,22,80,110,69,61" hai3="29,7,128,64,41,66,131,12,100,20,49,27,46"/><V123/><F123/><W59/><G100/><T60/><D26/><U47/><E130/><N who="3" m="49706" /><G59/><T38/><D19/><U124/><E124/><V48/><F22/><W135/><G135/><T117/><D15/><U68/><E68/><N who="2" m="26219" /><F89/><W121/><G121/><T132/><D44/><U106/><E106/><V102/><F102/><W71/><G71/><T40/><D40/><U85/><E5/><V103/><F103/><W127/><G127/><T86/><D38/><U112/><E112/><V23/><F23/><W58/><G58/><T97/><D117/><N who="2" m="45162" /><F48/><W8/><AGARI ba="0,0" hai="7,8,12,20,27,29,41,46,49,64,66" m="49706" machi="8" ten="30,1100,0" yaku="19,1" doraHai="32" who="3" fromWho="3" sc="247,-3,263,-3,240,-5,250,11" /><INIT seed="3,0,0,3,4,31" ten="244,260,235,261" oya="3" hai0="105,76,75,66,73,130,131,50,99,27,109,95,88" hai1="103,116,36,0,13,7,135,122,59,56,28,70,19" hai2="80,110,39,62,101,104,57,121,90,55,8,124,2" hai3="3,53,102,83,117,125,81,68,126,24,51,78,85"/><W120/><G117/><T48/><D66/><U113/><E70/><V20/><F110/><W29/><G120/><T42/><D109/><U65/><E65/><V44/><F121/><W41/><G68/><T86/><D27/><U100/><E36/><V118/><F118/><W91/><G3/><T111/><D111/><U18/><E7/><V15/><F124/><N who="3" m="47723" /><G102/><N who="0" m="62687" /><D42/><U25/><E0/><V128/><F128/><N who="0" m="49194" /><D73/><U60/><E25/><V114/><F114/><W63/><G63/><T89/><D89/><U84/><E60/><V72/><F2/><W71/><G71/><T119/><D119/><U22/><E116/><V38/><F104/><W16/><G41/><T30/><D30/><U97/><E28/><V47/><F101/><W94/><G78/><T14/><D14/><U1/><E103/><V74/><F74/><W123/><G123/><T43/><D43/><U127/><E1/><V61/><F72/><W40/><G40/><T77/><D77/><U108/><E108/><V64/><F39/><W129/><G129/><T106/><D106/><U10/><E113/><V37/><F38/><W93/><G93/><T32/><D32/><U35/><E35/><V112/><F37/><W23/><G29/><T34/><D34/><U45/><E127/><V133/><F112/><W87/><G87/><T54/><D54/><U33/><E84/><V79/><F79/><W134/><G134/><T21/><D21/><U92/><E135/><V6/><F133/><W4/><G4/><T98/><D86/><U52/><E33/><V67/><F6/><W132/><G132/><T12/><D75/><RYUUKYOKU ba="0,0" sc="244,-10,260,-10,235,-10,261,30" hai3="16,23,24,51,53,81,83,85,91,94" /><INIT seed="3,1,0,3,1,43" ten="234,250,225,291" oya="3" hai0="133,131,60,52,85,28,6,53,107,37,25,125,74" hai1="23,78,98,76,127,21,24,112,67,135,87,80,94" hai2="116,61,11,2,5,31,123,93,120,88,83,113,82" hai3="132,35,29,101,84,54,34,86,44,58,102,56,106"/><W64/><G132/><T22/><D74/><U69/><E112/><V81/><F113/><W75/><G75/><T55/><D133/><U40/><E76/><V38/><F116/><W4/><G106/><T45/><D107/><U108/><E108/><V1/><F31/><W46/><G4/><T26/><D131/><U42/><E127/><V118/><F118/><W57/><G64/><T7/><D125/><U128/><E128/><V92/><F38/><W0/><G29/><T114/><D114/><U16/><E135/><V97/><F1/><W50/><G0/><T122/><D122/><N who="2" m="46634" /><F92/><W48/><G57/><T13/><D13/><U89/><E69/><V79/><F61/><W36/><G54/><T121/><D121/><U71/><E71/><V47/><F47/><W49/><G49/><T104/><D104/><U8/><E67/><V20/><F20/><W10/><G10/><T95/><D60/><U110/><E110/><V70/><F70/><W73/><G73/><AGARI ba="1,0" hai="2,5,11,73,79,81,82,83,88,93,97" m="46634" machi="73" ten="30,2000,0" yaku="13,1,54,1" doraHai="43" who="2" fromWho="3" sc="234,0,250,0,225,23,291,-23" /><INIT seed="4,0,0,4,5,53" ten="234,250,248,268" oya="0" hai0="35,110,86,84,103,108,83,0,55,65,62,13,99" hai1="60,116,130,125,17,19,112,74,106,33,64,80,67" hai2="129,59,121,34,18,22,97,54,102,44,23,40,14" hai3="7,43,4,27,37,96,66,25,81,32,73,15,118"/><T77/><D0/><U117/><E106/><V68/><F68/><W120/><G118/><T69/><D35/><U10/><E33/><V115/><F34/><W111/><G111/><N who="0" m="42539" /><D13/><U78/><E67/><V48/><F121/><W28/><G120/><T133/><D133/><U105/><E105/><V56/><F115/><W72/><G27/><T109/><N who="0" m="42547" /><T92/><DORA hai="89" /><D55/><U82/><E112/><V114/><F129/><W76/><G73/><AGARI ba="0,0" hai="62,65,69,73,77,83,84,86,92,99,103" m="42547" machi="73" ten="40,3900,0" yaku="10,1,52,1" doraHai="53,89" who="0" fromWho="3" sc="234,39,250,0,248,0,268,-39" /><INIT seed="4,1,0,0,3,101" ten="273,250,248,229" oya="0" hai0="20,30,53,28,83,6,134,112,9,95,5,87,19" hai1="52,109,82,84,99,11,129,35,34,85,67,108,107" hai2="117,94,48,118,32,14,18,1,31,66,128,79,124" hai3="75,131,133,80,120,110,100,29,8,49,121,90,126"/><T70/><D112/><U26/><E67/><V106/><F124/><W4/><G126/><T93/><D70/><U46/><E129/><V113/><F128/><W122/><G110/><T125/><D134/><U115/><E115/><V50/><F113/><W64/><G131/><T27/><D53/><U114/><E114/><V51/><F1/><W86/><G133/><T105/><D105/><U116/><E116/><N who="2" m="44651" /><F79/><W22/><G75/><T72/><D72/><U44/><E11/><N who="2" m="6495" /><F94/><W17/><G29/><T58/><D125/><U102/><E84/><V12/><F12/><W55/><G64/><T15/><D58/><U98/><E98/><V60/><F106/><W65/><G65/><T62/><D62/><U76/><E44/><V2/><F2/><N who="3" m="23" /><G100/><T73/><D73/><U91/><E76/><V88/><F88/><W39/><G39/><T57/><D93/><U81/><E81/><V47/><F31/><W13/><G55/><T56/><D95/><U36/><E36/><V42/><F32/><W92/><G49/><T41/><D30/><N who="1" m="19799" /><E35/><V23/><F23/><W130/><G130/><T45/><D28/><U119/><E119/><V132/><F132/><W127/><G127/><T61/><D61/><U63/><E63/><V3/><F3/><W104/><G104/><T37/><D6/><U0/><E0/><V89/><F89/><AGARI ba="1,0" hai="5,9,15,19,20,27,37,41,45,56,57,83,87,89" machi="89" ten="30,1500,0" yaku="7,1" doraHai="101" who="0" fromWho="2" sc="273,18,250,0,248,-18,229,0" /><INIT seed="4,2,0,1,5,114" ten="291,250,230,229" oya="0" hai0="8,85,123,22,25,3,38,98,82,84,86,70,76" hai1="24,54,78,105,46,23,7,135,109,35,17,29,95" hai2="4,121,57,10,111,2,53,37,50,110,40,90,13" hai3="5,60,26,34,74,117,65,115,124,64,41,72,56"/><T127/><D123/><U116/><E105/><V100/><F121/><W129/><G115/><T73/><D70/><U89/><E109/><V112/><F112/><W69/><G124/><T120/><D120/><U132/><E7/><V99/><F90/><W30/><G129/><T42/><D127/><U32/><E78/><V39/><F2/><W119/><G5/><N who="0" m="1087" /><D98/><U18/><E18/><V1/><F1/><W45/><G64/><T21/><D25/><U52/><E116/><N who="3" m="44618" /><G56/><T16/><D16/><U68/><E68/><V97/><F97/><W20/><G20/><T0/><D0/><U61/><E35/><V55/><F55/><W80/><G80/><T103/><D103/><U66/><E32/><V27/><F27/><W118/><N who="3" m="44626" /><W128/><DORA hai="31" /><G128/><T92/><D92/><U94/><E17/><V63/><F110/><W49/><G49/><T133/><D22/><U88/><E66/><V131/><F111/><W96/><G96/><T108/><D21/><U87/><E61/><V122/><F131/><W48/><G48/><T28/><D108/><U91/><E46/><V43/><F122/><W113/><G113/><T11/><D11/><U9/><E9/><V14/><F14/><W130/><G130/><T62/><D62/><U77/><E77/><V59/><F59/><W81/><G81/><T101/><D101/><U15/><E15/><V75/><F75/><W12/><G12/><T36/><D73/><U6/><E6/><V71/><F71/><W126/><G126/><T58/><D76/><U51/><E51/><V44/><F43/><W47/><G47/><RYUUKYOKU ba="2,0" sc="291,-15,250,-15,230,15,229,15" hai2="4,10,13,37,39,40,44,50,53,57,63,99,100" hai3="26,30,34,41,45,60,65,69,72,74" /><INIT seed="5,3,0,4,3,6" ten="276,235,245,244" oya="1" hai0="48,104,27,14,62,117,127,55,42,54,60,123,88" hai1="100,63,47,93,40,1,61,50,45,30,103,29,24" hai2="21,111,43,115,122,3,110,52,108,28,16,75,20" hai3="99,135,25,81,31,23,8,120,80,124,17,105,113"/><U102/><E1/><V19/><F75/><W129/><G120/><T74/><D117/><U101/><N who="1" m="26112" /><DORA hai="56" /><U94/><E47/><V71/><F71/><W114/><G105/><T37/><D74/><U38/><E38/><V116/><F43/><W97/><G129/><T83/><D104/><U13/><E13/><N who="2" m="9231" /><F52/><N who="0" m="20010" /><D37/><U89/><E93/><V130/><F130/><W107/><G124/><T36/><D36/><U7/><E7/><V82/><F82/><N who="3" m="31851" /><G135/><T72/><D72/><U87/><REACH who="1" step="1"/><E30/><REACH who="1" ten="276,225,245,244" step="2"/><V66/><F28/><W41/><G107/><T69/><D127/><U73/><E73/><V44/><F3/><W34/><G41/><T85/><D123/><U32/><AGARI ba="3,1" hai="24,29,32,40,45,50,61,63,87,89,94" m="26112" machi="32" ten="40,12000,1" yaku="1,1,0,1,52,2,53,1" doraHai="6,56" doraHaiUra="90,10" who="1" fromWho="1" sc="276,-43,225,139,245,-43,244,-43" owari="233,3.0,364,47.0,202,-20.0,201,-30.0" /></mjloggm>