<mjloggm ver="2.3"><GO type="169" lobby="0"/><UN n0="%E5%87%9C%E7%94%B0%E8%8E%89%E5%AD%90" n1="%4A%61%6E%2D%4D%61%63%68" n2="%E2%80%A0%41%71%75%61%E2%80%A0" n3="%E3%82%A6%E3%83%AB%E3%83%88%E3%83%A9%E7%AB%8B%E7%9B%B4" dan="16,17,16,17" rate="2137.05,2211.60,2125.60,2144.57" sx="M,M,M,M"/><TAIKYOKU oya="0"/><INIT seed="0,0,0,1,5,6" ten="250,250,250,250" oya="0" hai0="36,92,119,135,116,56,98,125,3,40,64,67,1" hai1="62,4,57,95,134,102,132,54,16,8,22,2,48" hai2="69,45,73,128,105,51,0,41,5,106,30,91,112" hai3="79,84,35,80,27,88,15,118,120,101,89,126,58"/><T81/><D135/><U38/><E38/><V114/><F73/><W11/><G118/><T53/><D125/><U107/><E107/><V86/><F69/><W34/><G126/><T18/><D116/><U103/><E132/><V70/><F70/><W117/><G117/><T123/><D123/><U12/><E134/><V26/><F128/><W99/><G120/><T68/><D119/><U74/><E74/><V20/><F114/><W111/><G111/><T76/><D40/><U115/><E115/><V50/><F112/><W44/><G58/><T17/><D36/><U66/><E95/><V28/><F28/><W108/><G108/><T113/><D3/><U78/><E78/><V110/><F110/><W75/><G44/><AGARI ba="0,0" hai="2,4,8,12,16,22,44,48,54,57,62,66,102,103" machi="44" ten="30,3900,0" yaku="7,1,52,1,54,1" doraHai="6" who="1" fromWho="3" sc="250,0,250,39,250,0,250,-39" /><INIT seed="1,0,0,3,5,29" ten="250,289,250,211" oya="1" hai0="59,51,26,113,15,104,47,121,17,10,116,2,71" hai1="16,72,30,126,40,22,123,128,14,114,134,6,77" hai2="34,99,78,46,61,95,103,127,81,70,96,84,67" hai3="91,118,86,43,0,19,112,132,93,63,105,83,74"/><U130/><E40/><V100/><F127/><W55/><G0/><T50/><D113/><U4/><E77/><V94/><REACH who="2" step="1"/><F46/><REACH who="2" ten="250,289,240,211" step="2"/><W64/><G112/><T53/><D116/><U27/><E114/><V98/><F98/><W12/><G118/><T87/><D47/><U129/><E72/><V56/><F56/><W131/><G74/><T9/><D59/><U31/><E126/><V39/><F39/><W92/><G131/><T97/><D121/><U117/><E117/><V44/><F44/><W125/><G125/><T8/><D97/><U119/><E119/><V60/><F60/><W110/><G110/><T1/><D71/><U49/><E49/><V48/><F48/><W76/><G132/><T35/><D51/><U69/><E69/><V79/><F79/><W68/><G76/><T90/><D50/><U120/><E134/><V36/><F36/><W58/><G43/><T101/><D1/><U111/><E111/><V102/><F102/><W133/><G133/><T21/><D2/><U52/><E52/><V45/><F45/><W82/><G68/><T28/><D53/><U54/><E54/><V88/><F88/><W23/><G55/><T20/><D101/><U66/><E66/><V135/><F135/><W38/><G38/><T37/><D37/><U24/><E120/><V80/><F80/><W122/><G122/><T65/><D65/><U124/><E123/><V18/><F18/><W106/><G83/><T75/><D17/><U41/><E41/><V13/><F13/><W25/><G12/><T109/><D15/><U107/><E124/><V32/><AGARI ba="0,1" hai="32,34,61,67,70,78,81,84,94,95,96,99,100,103" machi="32" ten="30,12000,2" yaku="1,1,5,1,0,1,9,1,52,2,53,1" doraHai="29" doraHaiUra="62" who="2" fromWho="2" sc="250,-30,289,-60,240,130,211,-30" /><INIT seed="2,0,0,5,5,90" ten="220,229,370,181" oya="2" hai0="106,54,70,123,84,99,75,130,95,69,18,1,27" hai1="65,94,24,14,131,121,77,64,135,13,107,117,81" hai2="20,10,31,51,110,67,3,52,93,34,100,38,43" hai3="28,17,114,50,8,103,57,109,44,58,79,78,61"/><V40/><F34/><W53/><G109/><T4/><D75/><U5/><E107/><V47/><F110/><W83/><G114/><T39/><D123/><U12/><E117/><V125/><F125/><W126/><G126/><T66/><D130/><U25/><E131/><V30/><F67/><N who="1" m="25673" /><E121/><V15/><F3/><W88/><G28/><N who="2" m="10793" /><F20/><W56/><G103/><T19/><D39/><U98/><E5/><N who="2" m="3535" /><F38/><W96/><G61/><T0/><D106/><U62/><E62/><V133/><F133/><W46/><G46/><T60/><D70/><U86/><E135/><V22/><F22/><W33/><G33/><T73/><D73/><U26/><E26/><V97/><AGARI ba="0,0" hai="40,43,47,51,52,93,97,100" m="3535,10793" machi="97" ten="30,6000,0" yaku="8,1,52,1,54,1" doraHai="90" who="2" fromWho="2" sc="220,-20,229,-20,370,60,181,-20" /><INIT seed="2,1,0,1,2,40" ten="200,209,430,161" oya="2" hai0="61,80,94,29,133,93,84,43,81,26,63,30,89" hai1="12,3,27,106,87,58,8,126,118,0,51,121,124" hai2="82,44,36,105,38,46,52,25,31,71,41,42,11" hai3="125,35,33,16,66,83,15,114,69,14,60,78,86"/><V111/><F71/><W10/><G125/><N who="1" m="48234" /><E106/><V109/><F105/><W55/><G114/><T57/><D133/><U127/><E118/><V108/><F82/><W53/><G55/><T103/><D43/><U117/><E117/><V132/><F132/><W119/><G119/><T74/><D74/><U32/><E87/><V62/><F11/><W129/><G129/><T90/><D103/><U102/><E102/><V49/><F62/><N who="0" m="23562" /><D57/><U21/><E32/><V1/><F1/><N who="1" m="585" /><E58/><V6/><F6/><W73/><G53/><T37/><D37/><U18/><E51/><V45/><F111/><W64/><G64/><T5/><D5/><N who="1" m="3087" /><E127/><V9/><F9/><W68/><G68/><T77/><D77/><U123/><AGARI ba="1,0" hai="18,21,27,121,123" m="3087,585,48234" machi="123" ten="40,5200,0" yaku="18,1,34,2" doraHai="40" who="1" fromWho="1" sc="200,-14,209,55,430,-27,161,-14" /><INIT seed="3,0,0,5,5,118" ten="186,264,403,147" oya="3" hai0="100,112,69,13,113,41,12,89,102,126,4,96,36" hai1="87,30,8,44,58,99,2,68,66,133,122,49,73" hai2="105,97,93,114,7,77,52,95,43,86,80,84,107" hai3="128,51,24,91,109,46,37,70,14,23,125,26,53"/><W5/><G125/><T120/><D126/><U115/><E73/><N who="2" m="43055" /><F43/><W74/><G128/><T55/><D69/><U64/><E87/><N who="2" m="33323" /><F52/><W124/><G124/><T9/><D89/><U42/><E99/><V134/><F7/><W111/><G74/><T110/><D110/><N who="3" m="41993" /><G91/><T19/><D100/><U116/><E30/><V90/><F114/><W123/><G70/><T50/><D41/><U15/><E2/><V57/><F57/><W79/><G79/><T47/><D36/><U35/><E35/><V98/><F134/><W135/><G135/><T75/><D75/><U29/><E29/><V88/><AGARI ba="0,0" hai="88,90,93,95,97,98,105,107" m="33323,43055" machi="88" ten="30,12000,2" yaku="35,5,54,1" doraHai="118" who="2" fromWho="2" sc="186,-30,264,-30,403,120,147,-60" /><INIT seed="4,0,0,5,5,117" ten="156,234,523,87" oya="0" hai0="124,115,28,103,91,122,114,59,94,54,118,19,66" hai1="101,1,68,24,35,30,85,80,52,100,76,25,125" hai2="57,60,102,130,78,4,14,65,46,11,107,32,36" hai3="39,40,109,22,62,132,51,45,67,9,3,49,82"/><T77/><D118/><U7/><E68/><V58/><F32/><W89/><G109/><T6/><D124/><U29/><E125/><V90/><F78/><W87/><G132/><T112/><D103/><U42/><E42/><V72/><F72/><W110/><G110/><T81/><D66/><U0/><E7/><V111/><F111/><W63/><G3/><T104/><D104/><U116/><E116/><V48/><F130/><W75/><G75/><N who="0" m="43199" /><D6/><U61/><E101/><V44/><F107/><W96/><G9/><T33/><D19/><U12/><E12/><V55/><F102/><W106/><G106/><T69/><D69/><U84/><E84/><V23/><F36/><W15/><G96/><N who="0" m="57439" /><D122/><U8/><E8/><V38/><F38/><W123/><G123/><T92/><D92/><U133/><E100/><V10/><F23/><W121/><G121/><T13/><D13/><U53/><E133/><V135/><F135/><W47/><G39/><T134/><D134/><U20/><E53/><V43/><F43/><W64/><G64/><T56/><D54/><U113/><E113/><V128/><F11/><W17/><REACH who="3" step="1"/><G67/><REACH who="3" ten="156,234,523,77" step="2"/><T27/><AGARI ba="0,1" hai="27,28,33,56,59,112,114,115" m="57439,43199" machi="27" ten="40,2100,0" yaku="15,1" doraHai="117" who="0" fromWho="0" sc="156,31,234,-7,523,-7,77,-7" /><INIT seed="4,1,0,1,5,122" ten="187,227,516,70" oya="0" hai0="3,82,34,132,104,14,94,116,80,11,87,60,67" hai1="107,70,41,25,97,52,134,85,102,63,114,125,46" hai2="124,100,103,44,129,7,37,13,65,79,17,90,86" hai3="64,130,21,2,57,83,74,120,16,54,24,8,33"/><T119/><D104/><U126/><E85/><V73/><F65/><W39/><G120/><T26/><D3/><U38/><E134/><V110/><F7/><W12/><G130/><T15/><D132/><U5/><E5/><V117/><F124/><N who="1" m="47721" /><E25/><V4/><F4/><W0/><G39/><T88/><D116/><U58/><E70/><V131/><F79/><W81/><G64/><T105/><D105/><U89/><E89/><V59/><F73/><W48/><G33/><T20/><D34/><U118/><E118/><V9/><F59/><W121/><G121/><T36/><D36/><U1/><E1/><V55/><F117/><W62/><G0/><T109/><D119/><U95/><E107/><V111/><F103/><W43/><G74/><T115/><D115/><AGARI ba="1,0" hai="38,41,46,52,58,63,95,97,102,114,115" m="47721" machi="115" ten="30,2000,0" yaku="18,1,54,1" doraHai="122" who="1" fromWho="0" sc="187,-23,227,23,516,0,70,0" /><INIT seed="5,0,0,0,0,88" ten="164,250,516,70" oya="1" hai0="46,83,47,113,92,67,106,1,66,27,127,74,97" hai1="56,84,17,99,58,134,112,87,35,30,122,51,9" hai2="23,6,91,72,38,36,53,105,45,54,117,135,109" hai3="78,43,130,61,115,110,60,16,50,29,21,89,20"/><U119/><E122/><V116/><F105/><W94/><G110/><T37/><D113/><U124/><E119/><V76/><F6/><W49/><G115/><T75/><D106/><U103/><E112/><V95/><F109/><W12/><G78/><T8/><D127/><U118/><E118/><V71/><F71/><W73/><G73/><T108/><D108/><U131/><E124/><V62/><F23/><W65/><G130/><T34/><D34/><U82/><E87/><V10/><F10/><W48/><G43/><T33/><D33/><U19/><E30/><V132/><F76/><W80/><G80/><T79/><D74/><U68/><E68/><V4/><F4/><W90/><G90/><T85/><D27/><U11/><E35/><V42/><F72/><W14/><G65/><T22/><D22/><U64/><E131/><V70/><F36/><W32/><G32/><T25/><D25/><U59/><E51/><V111/><F111/><W81/><G81/><T2/><D85/><U123/><E64/><N who="2" m="41239" /><F54/><W126/><G126/><T28/><D28/><U102/><E123/><V96/><F53/><W77/><G77/><T44/><D37/><U40/><E40/><V133/><AGARI ba="0,0" hai="38,42,45,91,95,96,116,117,132,133,135" m="41239" machi="133" ten="30,2000,0" yaku="20,1,52,1" doraHai="88" who="2" fromWho="2" sc="164,-5,250,-10,516,20,70,-5" /><INIT seed="6,0,0,3,1,35" ten="159,240,536,65" oya="2" hai0="85,44,49,74,12,19,117,132,115,22,95,125,28" hai1="32,100,3,105,65,128,98,45,39,91,5,129,17" hai2="38,2,89,53,72,40,47,96,54,109,121,69,118" hai3="78,11,135,93,73,112,116,134,90,122,92,62,48"/><V124/><F72/><W81/><G48/><T68/><D115/><U107/><E17/><V58/><F69/><W24/><G62/><T61/><D132/><N who="3" m="50729" /><G24/><T14/><D74/><U1/><E5/><V9/><F89/><W114/><G11/><T99/><D125/><U10/><E10/><V4/><F96/><N who="3" m="57367" /><G116/><T103/><D117/><U127/><E91/><V130/><F109/><W101/><G122/><T25/><D85/><U16/><E107/><V29/><F130/><N who="1" m="50281" /><E127/><V8/><F8/><W123/><G123/><T80/><D80/><U26/><E65/><V66/><F66/><W97/><AGARI ba="0,0" hai="73,78,81,93,97,101,112,114" m="57367,50729" machi="97" ten="40,5200,0" yaku="20,1,34,2" doraHai="35" who="3" fromWho="3" sc="159,-13,240,-13,536,-26,65,52" /><INIT seed="7,0,0,1,1,65" ten="146,227,510,117" oya="3" hai0="119,67,43,23,70,135,121,37,120,106,96,91,76" hai1="21,30,97,44,64,62,12,45,35,0,123,8,22" hai2="4,36,15,98,112,7,124,6,56,110,116,69,99" hai3="100,66,51,104,118,58,95,90,125,78,77,38,17"/><W31/><G118/><T92/><D135/><U130/><E123/><V53/><F36/><W1/><G38/><T85/><D119/><U19/><E130/><V14/><F69/><W82/><G1/><T133/><D133/><U60/><E60/><V107/><F110/><W71/><G125/><T109/><D109/><U102/><E22/><V101/><F112/><W72/><G31/><T93/><D106/><U54/><E54/><V83/><F124/><W115/><G115/><T13/><D76/><U126/><E126/><V94/><F83/><W84/><G78/><T86/><D86/><U88/><E88/><V46/><F46/><W74/><G17/><T2/><D2/><U59/><E35/><V28/><F28/><W32/><G32/><T122/><D43/><U113/><E113/><V26/><F26/><W63/><G74/><T50/><D50/><U33/><E33/><V129/><F129/><W89/><G89/><T27/><D37/><U68/><E68/><V79/><F79/><W40/><G40/><T47/><D47/><U20/><E20/><V80/><F116/><W25/><G25/><T108/><D13/><U117/><E117/><V29/><F29/><W55/><REACH who="3" step="1"/><G104/><REACH who="3" ten="146,227,510,107" step="2"/><T75/><D75/><U87/><E0/><V5/><F107/><W81/><G81/><T73/><D73/><U128/><E128/><V105/><F80/><W134/><G134/><T61/><D108/><U24/><E87/><V3/><F3/><W103/><AGARI ba="0,1" hai="51,55,58,63,66,71,72,77,82,84,90,95,100,103" machi="103" ten="30,11700,0" yaku="1,1,0,1,52,1,53,1" doraHai="65" doraHaiUra="49" who="3" fromWho="3" sc="146,-39,227,-39,510,-39,107,127" /><INIT seed="7,1,0,5,2,115" ten="107,188,471,234" oya="3" hai0="55,20,53,124,7,49,102,94,67,42,84,106,62" hai1="28,86,82,118,31,66,93,78,51,41,128,135,48" hai2="114,95,44,132,11,80,73,63,16,21,0,101,64" hai3="96,57,46,90,83,74,43,10,30,54,12,119,2"/><W9/><G119/><T110/><D110/><U85/><E128/><V72/><F44/><W5/><G30/><T92/><D106/><U68/><E135/><V131/><F114/><W17/><G96/><T122/><D122/><U129/><E129/><V26/><F132/><W116/><G116/><T3/><D124/><U87/><E118/><V8/><F0/><W34/><G34/><T24/><D42/><U47/><E68/><V59/><F131/><W50/><G74/><T60/><D3/><U45/><E66/><V27/><F27/><W61/><G83/><T65/><D7/><U79/><E87/><V22/><F22/><W111/><G90/><T32/><D32/><U70/><E70/><V133/><F133/><W4/><G5/><T36/><D36/><U69/><E69/><V123/><F123/><W88/><G88/><T105/><D105/><U81/><E93/><V75/><F80/><W37/><G111/><T112/><D112/><U107/><E107/><V38/><F75/><W33/><G33/><T14/><D14/><U130/><E130/><V120/><F120/><W18/><G18/><T19/><D84/><U100/><E100/><V127/><F73/><W35/><G35/><T71/><D102/><U6/><E6/><V91/><F101/><W40/><G37/><T99/><D99/><U134/><E134/><V29/><F38/><W15/><REACH who="3" step="1"/><G2/><REACH who="3" ten="107,188,471,224" step="2"/><T117/><D117/><U25/><E25/><V39/><F16/><W104/><G104/><T76/><D76/><U1/><E1/><V13/><F91/><W56/><G56/><T126/><D19/><RYUUKYOKU ba="1,1" sc="107,-15,188,15,471,-15,224,15" hai1="28,31,41,45,47,48,51,78,79,81,82,85,86" hai3="4,9,10,12,15,17,40,43,46,50,54,57,61" /><INIT seed="7,2,1,1,3,109" ten="92,203,456,239" oya="3" hai0="35,66,42,28,116,121,39,124,51,36,118,88,135" hai1="123,19,77,60,63,13,89,33,103,108,74,54,1" hai2="104,122,110,85,16,102,34,70,129,117,31,2,91" hai3="83,92,18,41,69,134,12,58,0,127,46,105,53"/><W57/><G105/><T113/><D88/><U79/><E1/><V30/><F2/><W8/><G69/><T131/><D28/><U64/><E33/><V115/><F110/><W90/><G127/><T133/><D35/><U100/><E108/><V24/><F117/><N who="0" m="45162" /><D121/><U23/><E123/><V94/><F129/><W29/><G134/><N who="0" m="51211" /><D124/><U65/><E54/><V96/><F115/><W84/><G29/><T73/><D73/><U87/><E74/><V9/><F122/><W125/><G125/><T7/><D7/><U32/><E32/><V107/><F70/><W43/><G90/><T20/><D20/><U38/><E38/><N who="0" m="14377" /><D66/><N who="1" m="25707" /><E79/><V14/><F30/><W25/><G84/><T106/><D106/><AGARI ba="2,1" hai="9,14,16,24,31,34,85,91,94,96,102,104,106,107" machi="106" ten="30,2000,0" yaku="7,1,54,1" doraHai="109" who="2" fromWho="0" sc="92,-26,203,0,456,36,239,0" owari="66,-43.0,203,-20.0,492,59.0,239,4.0" /></mjloggm>