<mjloggm ver="2.3"><GO type="169" lobby="0"/><UN n0="%E3%83%AA%E3%83%83%E3%83%97%E3%83%AB%E3%83%A9%E3%83%83%E3%83%97%E3%83%AB" n1="%E7%A0%B2%E3%81%AE%E4%B8%8A%E3%81%AE%E3%81%82%E3%81%AE%E5%A8%98" n2="%E5%B0%B1%E6%B4%BB%E7%94%9F%40%E5%B7%9D%E6%9D%91%E8%BB%8D%E5%9B%A3" n3="%63%68%63%6D%61%62%6F" dan="16,16,18,16" rate="2094.20,2083.38,2180.31,2050.25" sx="F,F,M,M"/><TAIKYOKU oya="0"/><INIT seed="0,0,0,2,5,72" ten="250,250,250,250" oya="0" hai0="79,19,77,88,24,6,126,66,31,116,115,65,70" hai1="111,121,38,51,124,132,118,133,114,9,28,11,123" hai2="110,54,104,87,48,97,59,5,14,12,8,125,93" hai3="25,103,109,27,18,45,106,13,37,53,80,91,76"/><T75/><D115/><U42/><E38/><V120/><F120/><N who="1" m="46153" /><E51/><V96/><F110/><W39/><G109/><T0/><D116/><U82/><E42/><V52/><F125/><W94/><G103/><T98/><D126/><U36/><E36/><V7/><F104/><W32/><G106/><T50/><D70/><U34/><E82/><V23/><F54/><W47/><G32/><T43/><D75/><U49/><E49/><V55/><F55/><W20/><G39/><T58/><D0/><U67/><E67/><N who="0" m="25609" /><D6/><U16/><E111/><V4/><F14/><W21/><G13/><T112/><D31/><U101/><E101/><V60/><F60/><W86/><G37/><T131/><D112/><U63/><E63/><V74/><F74/><W68/><G68/><T2/><D2/><U22/><E118/><V99/><F23/><W57/><G57/><T29/><D29/><U105/><E105/><V95/><REACH who="2" step="1"/><F87/><REACH who="2" ten="250,250,240,250" step="2"/><N who="3" m="48519" /><G53/><N who="0" m="32055" /><D43/><U127/><E114/><V64/><F64/><W41/><G41/><T69/><D69/><U56/><E124/><V35/><F35/><W1/><G1/><T10/><D131/><U113/><E127/><V90/><F90/><W129/><G129/><T122/><D122/><U108/><E108/><V78/><F78/><W117/><G117/><T44/><D44/><U33/><E113/><V30/><F30/><AGARI ba="0,1" hai="18,20,21,25,27,30,45,47,86,91,94" m="48519" machi="30" ten="30,2000,0" yaku="8,1,52,1" doraHai="72" who="3" fromWho="2" sc="250,0,250,0,240,-20,250,30" /><INIT seed="1,0,0,3,0,8" ten="250,250,220,280" oya="1" hai0="17,4,83,51,121,62,99,9,132,73,58,81,66" hai1="106,117,39,52,35,50,38,2,29,59,65,56,87" hai2="24,112,69,46,103,75,96,80,123,105,54,130,36" hai3="60,16,15,86,47,48,94,89,11,44,12,97,26"/><U31/><E106/><V41/><F41/><BYE who="2" /><W107/><G107/><T131/><D132/><U3/><E117/><V27/><F27/><W74/><G74/><T72/><D131/><U21/><E35/><V34/><F34/><W57/><G26/><T6/><D121/><U25/><E87/><V67/><F67/><W126/><G126/><T22/><D73/><UN n2="%E5%B0%B1%E6%B4%BB%E7%94%9F%40%E5%B7%9D%E6%9D%91%E8%BB%8D%E5%9B%A3" /><U93/><E93/><V77/><F123/><W19/><G97/><T116/><D116/><U70/><E70/><V101/><F101/><W88/><G89/><T71/><D99/><U115/><E115/><V82/><F82/><W5/><G5/><T61/><D51/><U28/><E2/><V102/><F102/><W128/><G128/><T85/><D9/><U122/><E3/><V135/><F69/><W49/><G48/><T18/><D18/><U64/><E122/><V68/><F68/><W111/><G49/><T90/><D81/><U53/><E38/><V127/><F36/><W110/><G111/><T42/><D42/><U14/><E14/><N who="3" m="5162" /><G11/><T119/><D72/><U109/><E39/><V45/><F96/><W23/><G23/><T0/><D0/><U95/><E95/><V134/><F127/><W129/><G110/><T100/><D119/><U113/><E113/><V118/><F112/><W84/><G84/><T104/><D104/><U120/><E109/><V108/><F118/><W1/><G1/><T20/><D100/><U30/><E120/><V37/><F108/><W92/><G92/><T43/><D4/><U76/><E76/><V78/><F130/><W40/><G129/><T114/><D114/><RYUUKYOKU ba="0,0" sc="250,-10,250,30,220,-10,280,-10" hai1="21,25,28,29,30,31,50,52,53,56,59,64,65" /><INIT seed="1,1,0,2,5,75" ten="240,280,210,270" oya="1" hai0="92,98,19,35,80,108,120,110,1,20,56,83,112" hai1="79,8,73,44,132,39,122,69,29,91,96,6,34" hai2="90,52,25,94,23,31,76,0,65,101,85,127,130" hai3="87,37,66,114,30,102,115,121,117,68,95,119,32"/><U5/><E122/><V71/><F0/><W126/><G87/><T36/><D35/><U43/><E132/><V15/><F130/><W28/><G95/><T45/><D1/><U22/><E34/><V84/><F127/><W63/><G30/><T88/><D112/><U67/><E67/><V64/><F71/><W9/><G9/><T13/><D120/><U21/><E69/><V27/><F101/><W105/><G126/><T123/><D56/><U40/><E40/><V86/><F25/><N who="3" m="18447" /><G37/><T26/><D123/><U113/><E113/><N who="3" m="43018" /><G121/><T2/><D2/><N who="1" m="55" /><E6/><V125/><F125/><W81/><G81/><T53/><D13/><U131/><E131/><V111/><F111/><N who="0" m="42538" /><D36/><U133/><E133/><V129/><F129/><W109/><G109/><T24/><D24/><U118/><E118/><V58/><F15/><W49/><G49/><AGARI ba="1,0" hai="19,20,26,45,49,53,80,83,88,92,98" m="42538" machi="49" ten="30,2000,0" yaku="14,1,54,1" doraHai="75" who="0" fromWho="3" sc="240,23,280,0,210,0,270,-23" /><INIT seed="2,0,0,2,1,109" ten="263,280,210,247" oya="2" hai0="107,46,57,61,9,77,73,76,19,12,28,20,70" hai1="40,13,65,91,101,126,68,49,36,121,33,4,124" hai2="93,35,84,85,115,117,54,99,62,131,5,110,42" hai3="94,18,78,22,2,83,111,122,26,39,112,113,53"/><V118/><F35/><W52/><G2/><T104/><D70/><U135/><E33/><V116/><F42/><W100/><G111/><T41/><D107/><U30/><E135/><V25/><F110/><W97/><G39/><T8/><D104/><U45/><E121/><V79/><F5/><W106/><G122/><T88/><D73/><U128/><E128/><V64/><F131/><W125/><G106/><T60/><D60/><U10/><E30/><V114/><F25/><W71/><G71/><T55/><D88/><U59/><E91/><V21/><F21/><W81/><G81/><T6/><D28/><U75/><E101/><V90/><F54/><W17/><G17/><T129/><D9/><U127/><E75/><V82/><REACH who="2" step="1"/><F99/><REACH who="2" ten="263,280,200,247" step="2"/><W120/><G120/><T132/><D129/><U98/><E98/><V86/><F86/><N who="3" m="48503" /><G125/><T74/><D74/><U96/><E96/><V1/><F1/><W15/><G26/><N who="0" m="14623" /><D132/><U89/><E127/><V23/><F23/><W108/><G108/><T50/><AGARI ba="0,1" hai="6,8,12,41,46,50,55,57,61,76,77" m="14623" machi="50" ten="30,1100,0" yaku="8,1" doraHai="109" who="0" fromWho="0" sc="263,21,280,-3,200,-5,247,-3" /><INIT seed="3,0,0,5,0,125" ten="284,277,195,244" oya="3" hai0="43,87,91,37,42,113,50,58,99,30,101,1,135" hai1="102,116,132,78,85,15,10,123,80,38,84,54,20" hai2="121,81,25,134,90,110,21,12,97,23,88,22,61" hai3="114,69,86,72,94,53,70,111,52,46,106,9,64"/><W107/><G72/><T17/><D1/><U28/><E123/><V32/><F121/><W82/><G114/><T41/><D37/><U62/><E38/><V13/><F110/><W11/><G111/><T104/><D30/><U27/><E132/><V33/><F134/><W63/><G70/><T119/><D119/><U16/><E116/><V74/><F61/><W76/><G94/><T108/><D108/><U4/><E102/><V127/><F127/><W96/><G53/><T112/><D135/><U51/><E62/><V0/><F0/><W117/><G117/><T98/><D98/><U67/><E67/><V45/><F45/><W73/><G73/><T130/><D17/><U47/><REACH who="1" step="1"/><E84/><REACH who="1" ten="284,267,195,244" step="2"/><V131/><F131/><W109/><G109/><T89/><D130/><U83/><E83/><V14/><F97/><W34/><G96/><T48/><D99/><U65/><E65/><V60/><F60/><W120/><G120/><T124/><D124/><U35/><E35/><V24/><F74/><W79/><G34/><N who="2" m="13417" /><F81/><W71/><G71/><T5/><D113/><U26/><E26/><AGARI ba="0,1" hai="12,13,14,21,22,23,24,25,26,88,90" m="13417" machi="26" ten="40,5200,0" yaku="28,2,54,1" doraHai="125" who="2" fromWho="1" sc="284,0,267,-52,195,62,244,0" /><INIT seed="4,0,0,0,3,95" ten="284,215,257,244" oya="0" hai0="34,104,62,69,72,0,111,7,123,47,116,63,130" hai1="112,6,16,8,14,83,45,91,30,126,75,39,21" hai2="115,50,44,102,48,9,82,134,77,55,133,101,5" hai3="42,19,23,124,36,73,113,70,15,35,127,118,121"/><T18/><RYUUKYOKU type="yao9" ba="0,0" sc="284,0,215,0,257,0,244,0" hai0="0,7,18,34,47,62,63,69,72,104,111,116,123,130" /><INIT seed="4,1,0,3,1,10" ten="284,215,257,244" oya="0" hai0="104,45,42,105,57,128,82,41,33,15,80,69,50" hai1="30,2,92,64,111,26,93,28,63,61,79,97,65" hai2="106,66,70,130,75,32,114,119,85,17,55,89,132" hai3="7,25,87,71,108,107,35,0,84,120,1,86,37"/><T19/><D128/><U39/><E111/><V58/><F75/><W102/><G37/><T44/><D33/><U135/><E39/><V60/><F60/><W20/><G35/><T16/><D57/><U13/><E135/><V47/><F47/><W95/><G107/><T4/><D4/><U5/><E2/><V31/><F66/><W11/><G71/><T115/><D115/><U78/><E26/><V8/><F106/><W43/><G108/><T46/><D46/><U62/><E97/><V74/><F74/><W83/><G43/><T76/><D69/><U98/><E98/><V24/><F114/><W54/><G54/><T134/><D134/><U100/><E100/><V110/><F110/><W124/><G124/><T6/><D6/><U117/><E117/><V12/><F70/><W36/><G1/><T40/><D40/><U18/><E5/><V125/><F125/><W21/><G36/><T129/><D129/><U94/><E64/><V67/><F67/><W51/><G51/><T68/><D68/><U23/><REACH who="1" step="1"/><E65/><REACH who="1" ten="284,205,257,244" step="2"/><V133/><F130/><W109/><G102/><T123/><D105/><U14/><E14/><V88/><F119/><W3/><G25/><T73/><D104/><U96/><E96/><V131/><F131/><W22/><G3/><T56/><D15/><U90/><E90/><V116/><F116/><W91/><G109/><T34/><D19/><U99/><E99/><V112/><F112/><W29/><G29/><AGARI ba="1,1" hai="13,18,23,28,29,30,61,62,63,78,79,92,93,94" machi="29" ten="40,8000,1" yaku="1,1,8,1,52,1,53,2" doraHai="10" doraHaiUra="72" who="1" fromWho="3" sc="284,0,205,93,257,0,244,-83" /><INIT seed="5,0,0,2,4,81" ten="284,298,257,161" oya="1" hai0="92,54,96,52,33,112,98,70,8,48,53,5,103" hai1="61,118,107,17,30,74,28,86,83,47,13,36,42" hai2="84,16,24,46,82,90,110,9,56,119,29,125,25" hai3="67,94,109,122,129,85,37,73,14,97,133,26,72"/><U114/><E118/><V35/><F110/><W134/><G37/><T123/><D70/><U127/><E107/><V34/><F119/><W77/><G109/><T31/><D112/><U12/><E114/><V79/><F125/><W57/><G26/><T104/><D123/><U131/><E127/><V20/><F46/><W132/><G122/><T126/><D126/><U3/><E3/><V18/><F56/><W4/><G4/><T11/><D11/><U2/><E2/><V22/><F29/><W124/><G14/><T6/><D6/><U128/><E74/><V10/><REACH who="2" step="1"/><F79/><REACH who="2" ten="284,298,247,161" step="2"/><W106/><G57/><T59/><D31/><U40/><E28/><V65/><F65/><W63/><G67/><T135/><D33/><AGARI ba="0,1" hai="9,10,16,18,20,22,24,25,33,34,35,82,84,90" machi="33" ten="40,8000,1" yaku="1,1,9,1,52,1,54,1,53,0" doraHai="81" doraHaiUra="99" who="2" fromWho="0" sc="284,-80,298,0,247,90,161,0" /><INIT seed="6,0,0,5,3,99" ten="204,298,337,161" oya="2" hai0="71,3,15,77,100,36,91,38,30,121,126,32,133" hai1="109,26,16,56,62,95,54,57,132,6,105,111,98" hai2="114,4,96,135,19,80,44,11,14,29,134,42,61" hai3="28,52,31,90,123,24,39,60,103,131,129,130,127"/><V92/><F114/><W33/><G39/><T48/><D3/><U34/><E105/><V13/><F29/><W104/><G123/><T45/><D32/><U40/><E40/><V119/><F119/><W76/><G76/><T94/><D30/><U122/><E132/><V120/><F120/><W8/><G127/><T9/><D100/><U67/><E122/><V113/><F113/><W23/><G8/><T20/><D20/><U116/><E6/><V64/><F80/><W107/><G90/><T106/><D106/><U97/><E116/><V86/><F86/><W58/><G31/><T115/><D9/><U25/><E34/><V79/><F79/><W93/><G33/><T128/><D77/><U1/><E1/><V108/><F108/><W37/><G37/><T22/><D22/><U72/><E72/><V10/><F61/><W21/><G23/><T85/><D85/><U75/><E75/><V73/><F64/><W84/><G84/><T0/><D0/><U43/><E43/><V5/><F19/><W17/><G17/><T101/><D115/><U68/><E16/><V12/><F12/><W87/><G87/><T41/><D15/><U118/><E118/><V88/><REACH who="2" step="1"/><F73/><REACH who="2" ten="204,298,327,161" step="2"/><W55/><G55/><T89/><D121/><U83/><E83/><V46/><F46/><W49/><G60/><T51/><D45/><U112/><E62/><V81/><F81/><W63/><G63/><T66/><D66/><U65/><E67/><V53/><F53/><W2/><G2/><T117/><D117/><U82/><E65/><V125/><F125/><W74/><G74/><RYUUKYOKU ba="0,1" sc="204,-15,298,-15,327,15,161,15" hai2="4,5,10,11,13,14,42,44,88,92,96,134,135" hai3="21,24,28,49,52,58,93,103,104,107,129,130,131" /><INIT seed="6,1,1,2,4,121" ten="189,283,342,176" oya="2" hai0="29,130,112,99,9,35,18,84,37,3,59,95,126" hai1="66,0,40,93,15,122,8,75,43,45,82,83,16" hai2="27,33,10,25,4,98,101,87,85,135,5,74,24" hai3="124,22,42,120,104,72,47,70,123,36,103,88,39"/><V65/><F74/><W69/><G88/><T13/><D37/><U26/><E122/><V92/><F135/><W49/><G22/><T32/><D84/><U113/><E113/><V116/><F116/><W71/><G49/><T89/><D112/><U14/><E66/><V62/><F33/><W34/><G39/><T105/><D105/><U54/><E54/><V117/><F117/><W86/><G86/><N who="2" m="32777" /><F10/><W64/><G64/><T128/><D3/><U67/><E67/><V91/><F101/><W52/><G52/><T23/><D59/><AGARI ba="1,1" hai="4,5,24,25,27,59,62,65,91,92,98" m="32777" machi="59" ten="30,1500,0" yaku="8,1" doraHai="121" who="2" fromWho="0" sc="189,-18,283,0,342,28,176,0" /><INIT seed="6,2,0,0,0,78" ten="171,283,370,176" oya="2" hai0="33,65,18,30,54,27,6,16,1,61,32,70,45" hai1="17,12,82,110,111,3,60,92,104,15,11,86,64" hai2="112,50,115,44,74,101,39,40,4,13,89,72,51" hai3="118,109,37,22,5,69,105,62,46,10,76,98,114"/><V85/><F101/><W87/><G109/><T29/><D1/><U132/><E104/><V2/><F2/><W25/><G118/><T84/><D6/><U94/><E132/><V108/><F108/><W125/><G125/><T14/><D14/><U28/><E28/><V102/><F102/><W36/><G98/><T116/><D116/><U43/><E3/><V106/><F106/><W73/><G105/><T38/><D84/><U83/><E43/><V55/><F4/><W100/><G100/><T23/><D23/><N who="1" m="11687" /><E111/><V81/><F13/><W113/><G87/><T130/><D130/><U24/><E110/><V42/><F39/><W90/><G90/><T20/><D38/><U77/><E24/><V52/><F52/><W80/><BYE who="2" /><G10/><UN n2="%E5%B0%B1%E6%B4%BB%E7%94%9F%40%E5%B7%9D%E6%9D%91%E8%BB%8D%E5%9B%A3" /><T128/><D128/><U9/><E82/><V0/><F0/><W75/><G5/><T19/><REACH who="0" step="1"/><D30/><REACH who="0" ten="161,283,370,176" step="2"/><U58/><E9/><V133/><F85/><N who="3" m="48263" /><G37/><T119/><D119/><U126/><E126/><V47/><F133/><W93/><G22/><T59/><D59/><U91/><E77/><V121/><F74/><W123/><G75/><T41/><D41/><U96/><E96/><V34/><F40/><N who="3" m="22791" /><G73/><T57/><D57/><U71/><E71/><V49/><F72/><W53/><G69/><T120/><D120/><U7/><AGARI ba="2,1" hai="7,11,15,58,60,64,83,86,91,92,94" m="11687" machi="7" ten="30,2000,0" yaku="8,1,52,1" doraHai="78" who="1" fromWho="1" sc="161,-7,283,36,370,-12,176,-7" /><INIT seed="7,0,0,1,3,53" ten="154,319,358,169" oya="3" hai0="68,96,125,18,51,71,22,90,121,11,3,61,82" hai1="79,120,31,19,2,44,129,104,92,15,50,38,88" hai2="60,124,49,32,39,47,63,81,1,33,34,122,116" hai3="77,4,78,102,97,127,73,6,10,0,128,59,65"/><W111/><G128/><T5/><D121/><U43/><E120/><V115/><F116/><W80/><G127/><T13/><D125/><U24/><E129/><V42/><F1/><W29/><G111/><T74/><D74/><U83/><E104/><V132/><F124/><W76/><G29/><T57/><D51/><U52/><E2/><V95/><F115/><W87/><G4/><T37/><D37/><U94/><E38/><V99/><F132/><W70/><G70/><T28/><D28/><U8/><E43/><V48/><F81/><W126/><G126/><T69/><D96/><U25/><E31/><V93/><F93/><N who="1" m="35945" /><E79/><V110/><F110/><W89/><G73/><T17/><D17/><U35/><E35/><V64/><F122/><W91/><G91/><T30/><D30/><U106/><E106/><V58/><REACH who="2" step="1"/><F60/><REACH who="2" ten="154,319,348,169" step="2"/><W85/><G85/><AGARI ba="0,1" hai="8,15,19,24,25,44,50,52,83,85,88" m="35945" machi="85" ten="30,7700,0" yaku="25,1,8,1,54,2" doraHai="53" who="1" fromWho="3" sc="154,0,319,87,348,0,169,-77" owari="154,-25.0,406,51.0,348,15.0,92,-41.0" /></mjloggm>