<mjloggm ver="2.3"><GO type="169" lobby="0"/><UN n0="%E3%83%A6%E3%83%AA%E3%82%A2" n1="%E3%81%86%E3%81%91%E3%81%AA%E3%81%8C%E3%81%99%E3%81%9C" n2="%E5%B0%B1%E6%B4%BB%E7%94%9F%40%E5%B7%9D%E6%9D%91%E8%BB%8D%E5%9B%A3" n3="%E9%BA%BB%E9%9B%80%E7%89%87%E6%83%B3%E3%81%84" dan="16,17,17,16" rate="2157.20,2193.23,2232.27,2107.58" sx="F,F,M,M"/><TAIKYOKU oya="0"/><INIT seed="0,0,0,3,3,121" ten="250,250,250,250" oya="0" hai0="111,83,125,46,6,72,4,5,55,135,122,2,129" hai1="71,117,82,97,114,50,64,89,23,106,115,42,49" hai2="130,34,68,69,88,66,84,105,90,93,75,3,95" hai3="11,39,10,12,123,76,19,92,33,132,0,116,91"/><T118/><D122/><U119/><E106/><V63/><F105/><W43/><G116/><T67/><D118/><N who="1" m="45067" /><E97/><V108/><F75/><W87/><G132/><T24/><D135/><U48/><E89/><V100/><F3/><W112/><G33/><T16/><D67/><U109/><E82/><V37/><F34/><W9/><G112/><N who="1" m="43050" /><E23/><V22/><F37/><W94/><G76/><T73/><D129/><U60/><E109/><V98/><F108/><W65/><G0/><T120/><D125/><U77/><E77/><V26/><F130/><W45/><G123/><T57/><D2/><U126/><E126/><V85/><F69/><W124/><G124/><T38/><D120/><U17/><E17/><V31/><F90/><W32/><G32/><T54/><D83/><U134/><E134/><V127/><F127/><W52/><G94/><T28/><D72/><U41/><AGARI ba="0,0" hai="41,42,48,49,50,60,64,71" m="43050,45067" machi="41" ten="40,5200,0" yaku="11,1,34,2" doraHai="121" who="1" fromWho="1" sc="250,-26,250,52,250,-13,250,-13" /><INIT seed="1,0,0,1,1,21" ten="224,302,237,237" oya="1" hai0="64,92,95,122,51,20,111,61,85,5,39,59,75" hai1="42,126,81,130,120,115,74,128,56,17,9,44,16" hai2="91,114,23,102,88,73,53,43,34,28,25,135,99" hai3="13,15,100,38,119,55,90,32,93,18,79,123,125"/><U117/><E120/><V46/><F73/><W12/><G119/><T132/><D111/><U3/><E117/><V31/><F114/><W54/><G38/><T50/><D75/><U84/><E115/><V29/><F135/><W68/><G68/><T112/><D39/><U71/><E71/><V110/><F110/><W101/><G125/><T49/><D112/><U35/><E35/><V6/><F6/><W52/><G32/><T14/><D132/><U127/><E56/><V58/><F46/><W76/><G18/><N who="1" m="7274" /><E74/><V89/><F43/><W97/><REACH who="3" step="1"/><G123/><REACH who="3" ten="224,302,237,227" step="2"/><T4/><D122/><U11/><E127/><V40/><F34/><W10/><G10/><T72/><D20/><U66/><E126/><V104/><REACH who="2" step="1"/><F40/><REACH who="2" ten="224,302,227,227" step="2"/><W45/><G45/><T65/><D5/><U77/><E44/><V2/><F2/><W70/><G70/><T103/><D4/><U108/><E42/><V62/><AGARI ba="0,2" hai="23,25,28,29,31,53,58,62,88,89,91,99,102,104" machi="62" ten="30,7900,0" yaku="1,1,0,1,52,1,54,1,53,0" doraHai="21" doraHaiUra="1" who="2" fromWho="2" sc="224,-20,302,-39,227,99,227,-20" /><INIT seed="2,0,0,5,2,130" ten="204,263,326,207" oya="2" hai0="16,35,24,87,123,113,79,0,108,32,105,83,80" hai1="101,68,15,1,89,111,64,28,131,86,115,133,67" hai2="98,72,12,18,70,56,44,4,122,78,85,91,116" hai3="11,20,99,36,23,37,69,21,8,53,34,50,33"/><V110/><F70/><W96/><G69/><T3/><D123/><U128/><E115/><V124/><F116/><W45/><G34/><T93/><D105/><U26/><E1/><V5/><F122/><W95/><G33/><T90/><D113/><U74/><E74/><V41/><F124/><W39/><REACH who="3" step="1"/><G99/><REACH who="3" ten="204,263,326,197" step="2"/><T59/><D35/><U25/><E68/><V125/><F125/><W84/><G84/><T42/><D32/><U46/><E86/><V106/><F98/><W134/><G134/><T97/><D97/><U109/><E133/><V51/><F85/><W19/><G19/><T62/><D16/><U120/><E120/><V88/><F18/><W57/><G57/><T94/><D59/><U100/><E28/><V31/><F56/><W38/><N who="3" m="9216" /><DORA hai="132" /><W121/><G121/><T22/><D87/><U135/><E135/><V127/><F127/><W52/><G52/><T71/><D71/><U43/><E43/><V114/><F41/><W29/><G29/><T107/><D42/><U30/><E30/><V82/><F31/><W119/><G119/><T73/><D73/><U63/><E46/><V92/><F72/><W17/><G17/><T48/><D108/><U60/><REACH who="1" step="1"/><E89/><AGARI ba="0,1" hai="8,11,20,21,23,45,50,53,89,95,96" m="9216" machi="89" ten="70,2300,0" yaku="1,1,53,0" doraHai="130,132" doraHaiUra="14,126" who="3" fromWho="1" sc="204,0,263,-23,326,0,197,33" /><INIT seed="3,0,0,1,2,120" ten="204,240,326,230" oya="3" hai0="131,46,124,105,112,18,43,71,106,27,97,114,62" hai1="17,29,34,86,52,87,127,20,59,21,134,130,110" hai2="115,102,0,89,70,38,83,77,37,16,76,96,5" hai3="129,13,31,56,111,90,3,47,9,91,49,53,121"/><W14/><G121/><T82/><D131/><U67/><E130/><V26/><F70/><W113/><G113/><T125/><D82/><U42/><E127/><N who="0" m="48713" /><D97/><U116/><E116/><V45/><F115/><N who="0" m="44074" /><D27/><U128/><E128/><V36/><F5/><W64/><G129/><T55/><D18/><U93/><E34/><V65/><F0/><W103/><G3/><T79/><D79/><U57/><E42/><V24/><F65/><W7/><G103/><T30/><D30/><U74/><E74/><V61/><F89/><W60/><G31/><T41/><D55/><U81/><E29/><V33/><F26/><W108/><REACH who="3" step="1"/><G14/><REACH who="3" ten="204,240,326,220" step="2"/><T107/><D46/><U15/><E15/><V85/><F45/><W118/><G118/><T73/><D73/><U1/><E1/><V51/><F102/><W10/><G10/><T109/><D109/><AGARI ba="0,1" hai="7,9,13,47,49,53,56,60,64,90,91,108,109,111" machi="109" ten="40,18000,2" yaku="1,1,14,1,10,1,52,3,53,0" doraHai="120" doraHaiUra="99" who="3" fromWho="0" sc="204,-180,240,0,326,0,220,190" /><INIT seed="3,1,0,4,4,70" ten="24,240,326,410" oya="3" hai0="131,29,32,33,89,46,24,123,135,1,116,81,63" hai1="44,76,30,129,128,36,86,55,22,26,64,66,82" hai2="51,99,124,56,130,65,49,104,115,19,109,48,8" hai3="125,94,88,102,42,60,100,68,85,77,79,34,17"/><W47/><G34/><T134/><D123/><U113/><E113/><V41/><F115/><W69/><G125/><T105/><D105/><U120/><E120/><V57/><F124/><W12/><G69/><T114/><D116/><U73/><E73/><V127/><F127/><W91/><G68/><T119/><D119/><U107/><E107/><V39/><F99/><W132/><G60/><T80/><D33/><U6/><E6/><V74/><F19/><W14/><G14/><T31/><D31/><U92/><E92/><V18/><F18/><W58/><G58/><T97/><D1/><U45/><E45/><N who="2" m="23743" /><F8/><W118/><G132/><N who="0" m="50731" /><D131/><N who="1" m="50251" /><E55/><V98/><F98/><W133/><G118/><T54/><D114/><U110/><E110/><V67/><F74/><W78/><G91/><T28/><D28/><U11/><E11/><V2/><F2/><W40/><G133/><T83/><D97/><U111/><E111/><V7/><F7/><W38/><REACH who="3" step="1"/><G42/><AGARI ba="1,0" hai="22,26,30,36,42,44,64,66,76,82,86" m="50251" machi="42" ten="30,2000,0" yaku="19,1,52,1" doraHai="70" who="1" fromWho="3" sc="24,0,240,23,326,0,410,-23" /><INIT seed="4,0,0,3,4,27" ten="24,263,326,387" oya="0" hai0="68,35,74,62,80,125,23,34,25,56,16,55,84" hai1="133,76,48,123,110,6,69,98,113,18,61,5,108" hai2="116,47,33,103,119,59,97,8,64,20,49,71,39" hai3="82,30,53,66,4,134,124,96,83,118,91,42,131"/><T36/><D36/><U14/><E123/><V67/><F33/><W12/><G124/><T75/><D125/><U95/><E133/><V115/><F115/><W72/><G131/><T87/><D84/><U101/><E113/><V130/><F130/><W79/><G134/><T22/><D68/><U44/><E76/><V58/><F8/><W46/><G66/><N who="2" m="25129" /><F20/><W19/><G4/><T31/><D35/><U102/><E110/><V54/><F71/><W57/><G57/><N who="2" m="21513" /><F103/><W117/><G72/><T65/><D65/><U99/><E61/><V73/><F97/><W2/><G2/><T78/><REACH who="0" step="1"/><D34/><REACH who="0" ten="14,263,326,387" step="2"/><U7/><E69/><V120/><F73/><W63/><G118/><N who="2" m="45097" /><F120/><W40/><G117/><T32/><D32/><U128/><E128/><V100/><F100/><W129/><G129/><T93/><D93/><U13/><E108/><V17/><F17/><W81/><G19/><T41/><D41/><N who="1" m="24591" /><E18/><V51/><F54/><W122/><G53/><T70/><D70/><U50/><E101/><V1/><F1/><W43/><G122/><T112/><D112/><U135/><E135/><V26/><F39/><W3/><G3/><T127/><D127/><U132/><E132/><V104/><F104/><W77/><G82/><T45/><D45/><U9/><E99/><V24/><F47/><W111/><G46/><T0/><D0/><U94/><E94/><V60/><F60/><W92/><G63/><T28/><D28/><U10/><E50/><AGARI ba="0,1" hai="24,26,49,50,51" m="45097,21513,25129" machi="50" ten="30,3900,0" yaku="28,2,12,1" doraHai="27" who="2" fromWho="1" sc="14,0,263,-39,326,49,387,0" /><INIT seed="5,0,0,0,0,93" ten="14,224,375,387" oya="1" hai0="62,65,108,75,42,104,78,82,72,127,33,103,38" hai1="59,96,26,111,131,115,86,76,27,13,41,17,122" hai2="47,45,63,46,92,74,23,54,85,6,126,25,7" hai3="88,16,91,100,44,129,118,105,128,50,114,94,116"/><U12/><E122/><V95/><F74/><W134/><G114/><T109/><D108/><U52/><E111/><V107/><F107/><W69/><G69/><T36/><D109/><U31/><E115/><V51/><F126/><W81/><G134/><T14/><D127/><U58/><E41/><V4/><F63/><W21/><G105/><T135/><D72/><U2/><E2/><V97/><F85/><N who="3" m="50223" /><G100/><T30/><D14/><U87/><E131/><N who="3" m="50250" /><G50/><T113/><D42/><U98/><E17/><N who="2" m="12527" /><F95/><W99/><G44/><T110/><D113/><U124/><E124/><V130/><F130/><W101/><G101/><AGARI ba="0,0" hai="4,6,7,45,46,47,51,54,92,97,101" m="12527" machi="101" ten="30,2000,0" yaku="8,1,52,1" doraHai="93" who="2" fromWho="3" sc="14,0,224,0,375,20,387,-20" /><INIT seed="6,0,0,4,2,117" ten="14,224,395,367" oya="2" hai0="23,60,10,6,49,119,61,57,73,2,101,5,13" hai1="124,32,68,34,65,46,41,86,37,36,133,54,72" hai2="94,0,7,121,66,110,78,106,16,52,25,38,71" hai3="17,75,45,87,113,1,15,29,80,35,20,100,4"/><V81/><F121/><W70/><G70/><T103/><D73/><U79/><E86/><V69/><F106/><W135/><G135/><T31/><D119/><U131/><E133/><V130/><F38/><W114/><G75/><T108/><D108/><U76/><E76/><V48/><F110/><W122/><G122/><T74/><D74/><U53/><E131/><V26/><F130/><W55/><G100/><T21/><D5/><U129/><E129/><V127/><F127/><W18/><G45/><T22/><D2/><U3/><E54/><V64/><F7/><W109/><G109/><T63/><D31/><U90/><E90/><V40/><F40/><W123/><G123/><T50/><D49/><U58/><E37/><V95/><F0/><W96/><G96/><T19/><D6/><U93/><E93/><N who="2" m="35339" /><F71/><W24/><G55/><AGARI ba="0,0" hai="10,13,19,21,22,23,50,55,57,60,61,63,101,103" machi="55" ten="40,1300,0" yaku="8,1" doraHai="117" who="0" fromWho="3" sc="14,13,224,0,395,0,367,-13" /><INIT seed="7,0,0,2,2,86" ten="27,224,395,354" oya="3" hai0="15,40,120,27,134,16,21,127,68,88,60,124,118" hai1="126,44,74,117,25,123,13,109,11,22,87,17,82" hai2="50,105,57,132,98,69,100,54,55,51,62,32,112" hai3="121,77,97,47,64,84,95,122,20,129,72,0,53"/><W101/><G129/><T107/><D118/><U59/><E123/><V73/><F73/><W45/><G0/><T113/><D107/><U130/><E117/><V46/><F32/><W133/><G64/><T108/><D108/><U5/><E130/><V39/><F112/><W80/><G133/><T41/><D120/><U6/><E74/><V61/><F132/><W75/><G75/><T48/><D134/><U70/><E70/><V3/><F3/><W63/><G20/><T94/><D68/><U76/><E126/><V90/><F69/><W119/><G119/><T114/><D60/><U110/><E110/><V66/><F39/><W19/><G19/><T89/><D27/><U7/><E59/><V104/><F90/><N who="0" m="34922" /><D94/><U28/><E109/><V24/><F24/><W128/><G128/><T49/><D48/><U83/><E83/><V52/><F104/><W10/><G72/><T23/><D23/><U18/><E18/><V42/><F62/><W103/><G121/><T85/><D85/><U38/><E38/><V1/><F1/><W58/><G122/><T71/><D71/><U37/><E37/><V131/><F131/><W99/><G10/><T34/><D34/><U111/><E111/><V26/><F26/><W78/><G78/><T81/><D81/><U31/><E25/><V43/><F51/><W14/><G14/><T106/><D106/><U33/><E22/><V96/><F96/><W93/><AGARI ba="0,0" hai="45,47,53,58,63,77,80,84,93,95,97,99,101,103" machi="93" ten="20,7800,0" yaku="0,1,7,1,9,1,8,1" doraHai="86" who="3" fromWho="3" sc="27,-26,224,-26,395,-26,354,78" owari="1,-50.0,198,-20.0,369,17.0,432,53.0" /></mjloggm>