<mjloggm ver="2.3"><GO type="169" lobby="0"/><UN n0="%E3%83%A8%E3%82%B3%E3%83%A8%E3%82%B3" n1="%E5%B0%B1%E6%B4%BB%E7%94%9F%40%E5%B7%9D%E6%9D%91%E8%BB%8D%E5%9B%A3" n2="%6A%75%6E%6E%2E%69" n3="%E3%83%AA%E3%82%B0%E3%83%AB" dan="17,17,16,16" rate="2141.63,2129.97,2108.44,2081.61" sx="M,M,M,F"/><TAIKYOKU oya="0"/><INIT seed="0,0,0,4,5,2" ten="250,250,250,250" oya="0" hai0="68,29,67,44,121,51,52,13,21,46,110,118,33" hai1="109,23,119,30,122,111,71,129,4,104,123,94,11" hai2="106,79,42,26,97,70,98,130,63,64,12,43,15" hai3="61,120,16,53,95,101,34,117,74,22,107,93,6"/><T10/><D118/><U36/><E104/><V126/><F79/><W88/><G34/><T76/><D121/><N who="1" m="46091" /><E71/><V50/><F50/><W28/><G28/><T105/><D105/><U128/><E36/><V60/><F26/><N who="3" m="14663" /><G74/><T41/><D33/><U78/><E78/><V35/><F35/><W62/><G117/><T81/><D110/><N who="1" m="41995" /><E94/><V25/><F25/><W3/><G3/><T127/><D127/><U100/><E100/><V96/><F106/><W92/><G107/><T82/><D67/><U55/><E55/><V85/><F64/><W31/><G101/><T72/><D68/><U39/><E39/><V0/><F126/><W1/><G1/><T59/><D82/><U7/><E119/><V37/><F0/><W103/><G103/><T87/><D72/><U73/><E73/><V18/><F37/><W49/><G31/><T19/><D41/><U114/><E114/><V47/><F43/><W9/><G120/><T75/><D75/><U20/><E11/><V86/><F42/><W116/><G88/><T80/><D80/><U134/><E134/><V58/><F70/><W89/><G89/><T91/><D91/><U102/><E102/><V40/><F40/><W77/><G77/><T65/><D65/><U132/><E132/><V56/><F98/><W17/><G116/><T48/><D51/><U131/><E30/><V57/><F97/><W84/><G84/><T83/><D83/><U45/><E45/><V113/><F96/><W135/><G135/><T24/><AGARI ba="0,0" hai="10,13,19,21,24,29,44,46,48,52,59,76,81,87" machi="24" ten="30,6000,0" yaku="0,1,8,1,54,1" doraHai="2" who="0" fromWho="0" sc="250,60,250,-20,250,-20,250,-20" /><INIT seed="0,1,0,1,4,115" ten="310,230,230,230" oya="0" hai0="39,30,64,2,108,114,87,56,72,18,36,79,118" hai1="99,93,34,83,122,35,80,95,65,100,10,133,68" hai2="3,16,117,28,6,67,109,127,92,7,116,77,46" hai3="5,104,27,58,29,84,113,110,26,40,105,53,75"/><T98/><D114/><U60/><E122/><V61/><F3/><W19/><G75/><T82/><D2/><U48/><E133/><V125/><F28/><W63/><G113/><T120/><D120/><U135/><E135/><V69/><F77/><W43/><G110/><T8/><D30/><U14/><E93/><V130/><F109/><W44/><G5/><N who="2" m="1545" /><F130/><W50/><G43/><T112/><D112/><U0/><E0/><V13/><F46/><W94/><G19/><T91/><D108/><U81/><REACH who="1" step="1"/><E48/><REACH who="1" ten="310,220,230,230" step="2"/><V97/><F92/><W32/><G104/><T88/><D36/><U85/><E85/><V123/><F97/><W73/><G105/><T132/><D39/><U124/><E124/><N who="2" m="47691" /><F123/><W20/><G73/><T1/><D132/><U37/><E37/><V78/><F78/><W45/><G94/><T47/><D1/><U21/><E21/><AGARI ba="1,1" hai="13,16,21,61,67,69,116,117" m="47691,1545" machi="21" ten="30,7700,0" yaku="18,1,52,2,54,1" doraHai="115" who="2" fromWho="1" sc="310,0,220,-80,230,90,230,0" /><INIT seed="1,0,0,3,1,111" ten="310,140,320,230" oya="1" hai0="101,62,66,67,23,40,64,60,56,122,76,124,82" hai1="43,73,3,21,18,41,29,49,16,36,17,94,81" hai2="119,37,68,61,55,120,85,38,126,8,14,95,25" hai3="103,6,89,131,24,104,135,15,114,80,69,128,59"/><U12/><E3/><V91/><F120/><W102/><G69/><T75/><D122/><U129/><E36/><V13/><F126/><W118/><G118/><T48/><D124/><U51/><E129/><N who="3" m="49738" /><G135/><T87/><D101/><U63/><E73/><V108/><F108/><W65/><G24/><T110/><D110/><U52/><E81/><V109/><F25/><W123/><G123/><T42/><D75/><U133/><E133/><V105/><F105/><W44/><G44/><T115/><D115/><U32/><E32/><V84/><F68/><W99/><G103/><T106/><D106/><U47/><E94/><V97/><F119/><W9/><G114/><T33/><D33/><U58/><REACH who="1" step="1"/><E29/><REACH who="1" ten="310,130,320,230" step="2"/><V46/><F37/><W53/><G80/><T77/><D82/><U20/><E20/><V78/><F38/><W132/><G132/><T45/><D23/><U28/><E28/><V54/><F109/><W121/><G121/><T27/><D76/><U39/><E39/><V134/><F78/><W70/><G104/><T2/><D77/><U57/><E57/><V35/><F134/><W72/><G72/><T22/><D2/><U34/><E34/><V83/><F35/><W5/><G59/><T19/><D56/><U50/><E50/><V125/><F83/><W86/><G70/><T96/><D48/><U93/><E93/><V113/><F95/><W7/><G9/><T130/><D22/><U11/><E11/><V92/><F8/><W100/><G102/><T10/><D10/><U0/><E0/><V112/><F92/><W1/><G100/><T90/><D45/><AGARI ba="0,1" hai="12,16,17,18,21,41,43,45,47,49,51,52,58,63" machi="45" ten="40,18000,2" yaku="1,1,6,1,9,1,8,1,54,2,53,0" doraHai="111" doraHaiUra="127" who="1" fromWho="0" sc="310,-180,130,190,320,0,230,0" /><INIT seed="1,1,0,1,5,57" ten="130,320,320,230" oya="1" hai0="62,72,82,33,77,66,104,42,38,124,93,94,44" hai1="6,126,80,45,16,95,46,71,88,27,1,29,20" hai2="37,0,119,75,41,59,123,18,97,31,54,131,40" hai3="15,70,61,120,107,116,24,121,99,110,98,96,129"/><U52/><E71/><V69/><F0/><W23/><G15/><T21/><D33/><U28/><E126/><V67/><F123/><W117/><G107/><T122/><D122/><U68/><E68/><V133/><F18/><W112/><G112/><T2/><D124/><U22/><E1/><V78/><F31/><N who="1" m="11849" /><E6/><V17/><F17/><N who="3" m="12399" /><G110/><T49/><D2/><U111/><E22/><V90/><F97/><W130/><G120/><T3/><D3/><U26/><E26/><V5/><F5/><W108/><G121/><T14/><D104/><U134/><E134/><V85/><F78/><W132/><G108/><T76/><D77/><U48/><E111/><V11/><F75/><W19/><G19/><T53/><D21/><U58/><E80/><V25/><F11/><W9/><G9/><T106/><D14/><U74/><E74/><V125/><F25/><W86/><G86/><AGARI ba="1,0" hai="16,20,27,45,46,48,52,58,86,88,95" m="11849" machi="86" ten="30,11600,0" yaku="8,1,54,3" doraHai="57" who="1" fromWho="3" sc="130,0,320,119,320,0,230,-119" /><INIT seed="1,2,0,3,3,134" ten="130,439,320,111" oya="1" hai0="111,32,35,2,84,14,24,36,89,33,104,87,19" hai1="102,23,107,28,115,5,57,45,121,37,61,3,113" hai2="99,97,43,13,70,90,80,6,40,88,38,20,126" hai3="15,75,50,34,91,124,27,86,67,106,60,135,53"/><U118/><E118/><V125/><F70/><W78/><G106/><T127/><D36/><U48/><E121/><V77/><F20/><W101/><G135/><T64/><D2/><U21/><E37/><V83/><F38/><W98/><G75/><T110/><D104/><U46/><E107/><V55/><F13/><W68/><G78/><T65/><D24/><U119/><E119/><V116/><F6/><W22/><G15/><T42/><D42/><U17/><E102/><V100/><F55/><W25/><G34/><T123/><D123/><U18/><E28/><V66/><F77/><W132/><G132/><T82/><D87/><U109/><E109/><V30/><F30/><W10/><G10/><T11/><REACH who="0" step="1"/><D127/><REACH who="0" ten="120,439,320,111" step="2"/><U94/><E3/><V56/><F116/><W112/><G124/><T47/><D47/><U114/><E46/><V71/><F43/><W73/><G27/><T131/><D131/><U16/><E113/><V51/><F40/><W54/><G112/><T52/><D52/><N who="1" m="29711" /><E115/><V26/><F26/><W96/><G73/><T108/><AGARI ba="2,1" hai="11,14,19,32,33,35,64,65,82,84,89,108,110,111" machi="108" ten="40,8000,1" yaku="1,1,0,1,14,1,53,1" doraHai="134" doraHaiUra="12" who="0" fromWho="0" sc="120,96,439,-42,320,-22,111,-22" /><INIT seed="2,0,0,2,2,99" ten="216,397,298,89" oya="2" hai0="34,78,64,106,28,60,59,76,114,38,22,92,44" hai1="14,25,121,24,53,104,40,100,65,83,56,43,58" hai2="63,19,50,112,109,94,66,4,16,85,75,37,133" hai3="54,131,1,108,9,122,33,119,57,8,49,36,10"/><V13/><F75/><W87/><G119/><T124/><D106/><U93/><E104/><V91/><F37/><W41/><G122/><T134/><D114/><U52/><E65/><V2/><F112/><W27/><G108/><T68/><D134/><U90/><E83/><V7/><F2/><W23/><G33/><T117/><D117/><U129/><E129/><V71/><F133/><W51/><G36/><T107/><D107/><U26/><E14/><V86/><F19/><W35/><G35/><T0/><D0/><U132/><E132/><V31/><F31/><W125/><G125/><T20/><D124/><U84/><E100/><V69/><F69/><W5/><G131/><T102/><D34/><U123/><E121/><V82/><F50/><W98/><G87/><T12/><D68/><U79/><E79/><V113/><F113/><W21/><G21/><T88/><D20/><U111/><E111/><V30/><F30/><W97/><G1/><T103/><D44/><U89/><E89/><V74/><F74/><W80/><G80/><T77/><D38/><U62/><E123/><V48/><F48/><AGARI ba="0,0" hai="24,25,26,40,43,48,52,53,56,58,62,84,90,93" machi="48" ten="40,2600,0" yaku="8,1,54,1" doraHai="99" who="1" fromWho="2" sc="216,0,397,26,298,-26,89,0" /><INIT seed="3,0,0,5,2,86" ten="216,423,272,89" oya="3" hai0="60,110,64,45,7,123,115,30,90,3,21,81,135" hai1="50,104,8,100,31,53,85,95,35,44,33,128,62" hai2="23,39,88,117,29,69,96,122,121,22,26,55,124" hai3="43,5,74,47,114,73,70,87,63,92,68,78,20"/><W127/><G114/><T84/><D115/><U12/><E128/><V56/><F69/><W1/><G127/><T97/><D123/><N who="2" m="47114" /><F39/><N who="3" m="22015" /><G20/><T75/><D110/><U77/><E31/><V41/><F41/><W54/><G73/><T101/><D75/><U52/><E104/><V16/><F124/><W66/><G54/><T103/><D135/><U131/><E131/><V79/><F79/><W4/><G4/><T42/><D3/><U116/><E116/><V130/><F130/><W133/><G70/><T125/><D7/><U34/><E100/><V18/><F23/><W28/><G28/><T134/><D134/><U27/><E27/><V109/><F109/><W91/><G133/><T102/><D125/><U118/><E118/><V94/><F117/><W11/><G78/><T67/><D21/><U17/><E62/><AGARI ba="0,0" hai="16,18,22,26,29,55,56,62,88,94,96" m="47114" machi="62" ten="30,7700,0" yaku="13,1,52,1,54,2" doraHai="86" who="2" fromWho="1" sc="216,0,423,-77,272,77,89,0" /><INIT seed="4,0,0,5,2,69" ten="216,346,349,89" oya="0" hai0="44,123,120,105,46,64,21,1,115,127,20,110,132" hai1="71,114,129,130,119,82,26,8,52,83,22,63,12" hai2="62,66,88,128,84,133,113,134,2,34,121,86,96" hai3="103,40,87,106,14,126,111,49,100,9,94,104,18"/><T11/><D105/><U98/><E119/><V50/><F2/><W95/><G111/><T57/><D110/><U93/><E114/><V85/><F34/><W81/><G126/><T77/><D127/><U7/><E129/><V23/><F128/><W117/><G117/><T31/><D115/><U108/><E108/><V102/><F113/><W32/><G32/><T36/><D77/><U39/><E39/><V16/><F50/><W27/><G104/><T91/><D91/><N who="1" m="55615" /><E71/><N who="2" m="42455" /><F121/><W65/><G65/><T4/><D132/><N who="2" m="50794" /><F96/><W74/><G74/><T6/><D4/><U97/><E97/><V25/><F102/><W28/><G106/><T15/><D1/><U70/><E70/><V107/><F107/><W101/><G49/><T89/><D123/><U99/><E99/><V47/><F47/><W10/><G40/><T56/><D44/><U109/><E109/><V90/><AGARI ba="0,0" hai="16,23,25,84,85,86,88,90" m="50794,42455" machi="90" ten="40,5200,0" yaku="20,1,54,2" doraHai="69" who="2" fromWho="2" sc="216,-26,346,-13,349,52,89,-13" /><INIT seed="5,0,0,2,1,59" ten="190,333,401,76" oya="1" hai0="110,13,47,61,70,51,15,52,38,26,69,32,98" hai1="103,135,17,33,35,44,68,125,129,84,124,134,93" hai2="50,90,37,30,79,29,9,119,48,55,82,39,106" hai3="81,112,85,86,130,128,122,34,6,83,109,71,123"/><U72/><E72/><V53/><F90/><W111/><G34/><N who="1" m="12810" /><E68/><V100/><F9/><W95/><G6/><T115/><D110/><N who="3" m="41993" /><G95/><T5/><D115/><U11/><E44/><V62/><F62/><W63/><G112/><T60/><D38/><U36/><E36/><V12/><F12/><W107/><G107/><T14/><D5/><U45/><E45/><V0/><F0/><W78/><G63/><T80/><D80/><N who="3" m="30793" /><G71/><T22/><D32/><U121/><E121/><N who="3" m="46090" /><G78/><T94/><D70/><U2/><E93/><V89/><F79/><W10/><G10/><T7/><D69/><U108/><E108/><V57/><F106/><W65/><G65/><T101/><D7/><N who="1" m="1527" /><E103/><V126/><F39/><W41/><G41/><T132/><D132/><N who="1" m="50731" /><E84/><AGARI ba="0,0" hai="84,85,86,128,130" m="46090,30793,41993" machi="84" ten="40,8000,1" yaku="28,2,34,2" doraHai="59" who="3" fromWho="1" sc="190,0,333,-80,401,0,76,80" /><INIT seed="6,0,0,3,0,131" ten="190,253,401,156" oya="2" hai0="130,102,43,108,105,111,79,117,98,90,25,3,81" hai1="120,129,21,67,95,89,11,62,58,74,126,91,30" hai2="112,65,17,72,123,9,13,47,119,92,66,4,35" hai3="14,20,107,80,45,0,46,75,23,101,52,15,134"/><V36/><F72/><W83/><G0/><T57/><D3/><U113/><E74/><V73/><F92/><W115/><G75/><T7/><D7/><U8/><E129/><V32/><F73/><W44/><G107/><T28/><D130/><U54/><E113/><V69/><F66/><W31/><G101/><T68/><D79/><U34/><E34/><N who="2" m="12843" /><F65/><W77/><G115/><T5/><D5/><U40/><E126/><V63/><F63/><W121/><G121/><T94/><D117/><U124/><E124/><V86/><F86/><W104/><G104/><T59/><D68/><U127/><E127/><V26/><F47/><W78/><G45/><T125/><D125/><U39/><E120/><V132/><F36/><W128/><G128/><T1/><D1/><U41/><E39/><V109/><F69/><W38/><G38/><T100/><D43/><N who="1" m="16459" /><E67/><V64/><F64/><W56/><G31/><T70/><D70/><U135/><E135/><V85/><F132/><W16/><G134/><T116/><D116/><U93/><E93/><V2/><F119/><W19/><G56/><T122/><D122/><U118/><E118/><V48/><F123/><W87/><G87/><N who="0" m="50543" /><D57/><U18/><E30/><V10/><F112/><W133/><G133/><T27/><D59/><U6/><E91/><V103/><F103/><W24/><G24/><N who="0" m="9291" /><D28/><U12/><E6/><V37/><F4/><W49/><G46/><T51/><D51/><U33/><E33/><V60/><F37/><W84/><G80/><T42/><D42/><U106/><E106/><V88/><F48/><W97/><G78/><RYUUKYOKU ba="0,0" sc="190,10,253,10,401,-30,156,10" hai0="94,98,100,102,105,108,111" hai1="8,11,12,18,21,54,58,62,89,95" hai3="14,15,16,19,20,23,44,49,52,77,83,84,97" /><INIT seed="7,1,0,4,2,84" ten="200,263,371,166" oya="3" hai0="70,130,107,64,121,94,17,19,46,106,47,35,112" hai1="96,125,50,97,122,102,133,73,39,32,16,129,53" hai2="104,74,62,91,99,98,8,41,131,123,15,20,93" hai3="25,105,29,100,72,14,86,23,92,40,69,81,59"/><W77/><G69/><T126/><D121/><U78/><E39/><V55/><F41/><W63/><G40/><T61/><D35/><U120/><E32/><V82/><F20/><W31/><G14/><T51/><D130/><U13/><E125/><V119/><F119/><W90/><G31/><T134/><D126/><U56/><E129/><V48/><F62/><W45/><G45/><T33/><D33/><U76/><E133/><V43/><F43/><W52/><G105/><T89/><D134/><U44/><E97/><V88/><F104/><W0/><REACH who="3" step="1"/><G100/><REACH who="3" ten="200,263,371,156" step="2"/><T7/><D106/><U26/><E13/><V42/><F42/><W49/><G49/><T6/><D47/><U3/><E44/><V57/><F15/><W1/><AGARI ba="1,1" hai="0,1,23,25,29,52,59,63,72,77,81,86,90,92" machi="1" ten="30,11700,0" yaku="1,1,0,1,52,1,54,1,53,0" doraHai="84" doraHaiUra="117" who="3" fromWho="3" sc="200,-40,263,-40,371,-40,156,130" /><INIT seed="7,2,0,3,4,75" ten="160,223,331,286" oya="3" hai0="22,47,60,97,55,130,61,25,74,26,102,39,16" hai1="40,106,35,3,37,19,50,94,6,110,121,98,118" hai2="54,105,17,129,83,45,20,108,125,33,21,80,67" hai3="48,18,120,31,122,68,77,76,99,117,100,24,29"/><W65/><G117/><T4/><D130/><U9/><E106/><V63/><F33/><N who="3" m="20647" /><G48/><T128/><D74/><U127/><E37/><V30/><F105/><N who="3" m="63647" /><G18/><T5/><D128/><U78/><E110/><V69/><F108/><W32/><G32/><T44/><D39/><U134/><E35/><V49/><F125/><W58/><G58/><T59/><D61/><U107/><E107/><V51/><F129/><W57/><G57/><T46/><REACH who="0" step="1"/><D26/><REACH who="0" ten="150,223,331,286" step="2"/><U28/><E127/><V62/><F63/><N who="3" m="39999" /><G31/><T81/><D81/><U13/><E28/><V10/><F83/><W113/><G113/><T79/><D79/><AGARI ba="2,1" hai="76,77,79,120,122" m="39999,63647,20647" machi="79" ten="30,11600,0" yaku="25,1,52,3" doraHai="75" who="3" fromWho="0" sc="150,-122,223,0,331,0,286,132" owari="28,-47.0,223,-18.0,331,13.0,418,52.0" /></mjloggm>