<mjloggm ver="2.3"><GO type="225" lobby="0"/><UN n0="%E3%82%82%E3%82%81%E3%82%93%E3%81%AA%E3%81%A1%E3%82%83%E3%81%84" n1="%E5%A7%89%E5%B8%AF%E8%B1%8A%E9%9F%B3%40%E5%85%AD%E6%9B%9C" n2="%E3%83%A9%E3%82%A4%E3%82%AB%40" n3="%E3%82%A6%E3%83%AB%E3%83%88%E3%83%A9%E7%AB%8B%E7%9B%B4" dan="17,16,16,17" rate="2127.55,2055.26,2057.29,2193.90" sx="F,F,M,M"/><TAIKYOKU oya="0"/><INIT seed="0,0,0,2,3,112" ten="250,250,250,250" oya="0" hai0="0,70,124,91,61,134,77,93,12,54,92,109,121" hai1="102,101,95,129,29,59,128,115,68,17,100,1,76" hai2="107,110,10,86,39,94,117,25,64,133,118,71,125" hai3="44,46,80,24,90,13,38,83,26,89,111,75,116"/><T6/><D121/><U126/><E115/><V30/><F110/><W67/><G38/><T97/><D0/><U60/><E68/><V81/><F125/><W18/><G75/><T98/><D124/><U104/><E1/><V8/><F133/><W135/><G67/><T122/><D122/><U120/><E29/><V130/><F39/><W127/><G127/><T119/><D134/><U9/><E120/><V53/><F107/><W56/><G56/><T42/><D109/><U63/><E76/><V20/><F94/><W27/><G116/><N who="2" m="44649" /><F130/><W22/><G111/><T31/><D42/><U41/><E41/><V57/><F64/><W50/><G135/><T15/><D119/><U132/><E95/><V105/><F105/><W35/><G35/><T74/><D77/><U82/><E104/><V114/><F71/><W51/><G83/><T69/><D69/><U78/><E132/><V96/><F96/><W19/><G80/><T45/><D70/><U2/><E126/><V108/><F108/><W55/><G19/><T58/><D93/><U65/><E17/><V131/><F131/><W23/><G90/><T14/><D97/><U123/><E123/><V37/><F37/><W28/><G89/><T43/><D98/><U36/><E36/><V52/><F114/><W72/><G72/><T49/><D74/><N who="1" m="43351" /><E129/><V113/><F113/><W103/><G103/><T66/><D66/><N who="1" m="39199" /><E128/><V85/><F85/><W34/><G34/><T84/><D31/><U79/><E79/><N who="2" m="46399" /><F53/><AGARI ba="0,0" hai="13,18,22,23,24,26,27,28,44,46,50,51,53,55" machi="53" ten="30,3900,0" yaku="7,1,9,1,8,1" doraHai="112" who="3" fromWho="2" sc="250,0,250,0,250,-39,250,39" /><INIT seed="1,0,0,4,0,116" ten="250,250,211,289" oya="1" hai0="105,93,125,57,108,111,30,132,60,49,62,7,117" hai1="27,1,97,48,113,59,25,18,5,33,121,86,119" hai2="109,72,3,100,87,114,71,63,101,54,20,2,69" hai3="94,12,17,45,70,66,47,135,133,4,6,115,91"/><U90/><E119/><V95/><F72/><W68/><G115/><T34/><D105/><U28/><E113/><V85/><F114/><W22/><G66/><T120/><D117/><U77/><E77/><V37/><F109/><N who="0" m="42058" /><D132/><N who="3" m="50761" /><G47/><T43/><D125/><U128/><E97/><V130/><F130/><W67/><G45/><N who="0" m="25791" /><D120/><U44/><E59/><N who="2" m="35319" /><F69/><N who="3" m="26731" /><G67/><T110/><D110/><U42/><E121/><V99/><F71/><W73/><G73/><T79/><D7/><U14/><E128/><V36/><F37/><W106/><G106/><T31/><D60/><U58/><E5/><V24/><F36/><W64/><G64/><N who="0" m="38991" /><D34/><U123/><E33/><V56/><F3/><W98/><AGARI ba="0,0" hai="4,6,12,17,22,91,94,98" m="26731,50761" machi="98" ten="30,1100,0" yaku="20,1" doraHai="116" who="3" fromWho="3" sc="250,-3,250,-5,211,-3,289,11" /><INIT seed="2,0,0,5,5,126" ten="247,245,208,300" oya="2" hai0="32,99,37,19,127,67,40,46,35,73,24,45,33" hai1="84,132,81,106,72,17,108,58,54,25,88,102,111" hai2="79,69,39,26,91,103,128,101,83,21,82,11,120" hai3="77,75,117,68,38,100,105,20,23,115,42,135,3"/><V131/><F120/><W28/><G20/><T55/><D73/><U129/><E129/><N who="2" m="49739" /><F69/><W2/><G23/><T76/><D127/><U78/><E132/><V87/><F39/><W52/><G28/><T1/><D76/><U27/><E17/><N who="2" m="12591" /><F11/><W6/><G68/><T5/><D67/><U43/><E43/><V61/><F61/><W98/><G42/><T31/><D19/><U97/><E27/><V10/><F10/><W50/><G38/><T66/><D40/><U86/><E25/><V51/><F51/><W0/><G135/><T48/><D37/><U4/><E4/><V63/><F63/><W114/><G6/><T29/><D5/><U109/><E88/><V60/><F60/><AGARI ba="0,0" hai="54,58,60,72,78,81,84,86,97,102,106,108,109,111" machi="60" ten="40,1300,0" yaku="14,1" doraHai="126" who="1" fromWho="2" sc="247,0,245,13,208,-13,300,0" /><INIT seed="3,0,0,1,1,54" ten="247,258,195,300" oya="3" hai0="12,73,40,80,68,121,126,124,131,117,17,5,55" hai1="105,2,46,122,107,8,49,0,78,44,59,119,64" hai2="27,3,25,94,112,62,71,77,7,20,114,38,21" hai3="111,60,120,29,23,33,134,39,130,113,69,110,56"/><W1/><RYUUKYOKU type="yao9" ba="0,0" sc="247,0,258,0,195,0,300,0" hai3="1,23,29,33,39,56,60,69,110,111,113,120,130,134" /><INIT seed="3,1,0,2,0,33" ten="247,258,195,300" oya="3" hai0="61,37,122,53,131,134,82,118,113,56,28,30,74" hai1="6,116,43,39,31,51,126,45,25,105,128,12,22" hai2="40,104,1,9,123,44,125,13,99,117,83,47,71" hai3="0,50,133,106,85,75,78,32,112,102,18,77,127"/><W92/><G0/><T88/><D118/><U27/><E116/><V26/><F117/><W5/><G5/><T66/><D122/><U72/><E105/><V24/><F123/><W38/><G38/><T132/><D37/><U14/><E128/><V89/><F125/><W16/><G32/><T23/><D131/><U68/><E126/><V64/><F71/><W108/><G78/><T54/><D113/><U100/><E100/><V20/><F64/><W58/><G133/><N who="0" m="51307" /><D74/><U57/><E68/><V121/><F121/><W15/><G15/><T97/><D23/><U62/><E72/><V115/><F115/><W36/><G108/><T7/><D7/><U80/><E39/><V17/><F104/><W60/><G36/><T11/><D11/><U91/><E6/><V55/><F55/><N who="0" m="21002" /><D82/><U46/><E46/><V81/><F81/><N who="3" m="45247" /><G50/><T2/><D2/><U19/><E57/><V129/><F129/><W130/><G130/><T95/><AGARI ba="1,0" hai="28,30,56,61,66,88,95,97" m="21002,51307" machi="95" ten="30,2000,0" yaku="20,1,54,1" doraHai="33" who="0" fromWho="0" sc="247,23,258,-6,195,-6,300,-11" /><INIT seed="4,0,0,4,2,119" ten="270,252,189,289" oya="0" hai0="42,117,52,27,55,88,66,122,73,40,83,79,4" hai1="121,28,14,36,38,41,56,7,68,128,21,124,64" hai2="90,69,3,49,72,13,93,111,94,129,82,132,26" hai3="96,48,32,6,10,109,77,61,9,107,75,57,67"/><T99/><D122/><U54/><E121/><V113/><F111/><W87/><G32/><T71/><D117/><U108/><E108/><V126/><F113/><W33/><G33/><T37/><D4/><U112/><E112/><V58/><F132/><W50/><G75/><T29/><D66/><U102/><E128/><V34/><F129/><W43/><G107/><T120/><D71/><U47/><E124/><V44/><F126/><W81/><G109/><T11/><D120/><U114/><E114/><V0/><F3/><W127/><G127/><T18/><D18/><U84/><E36/><V35/><F69/><W39/><G39/><T16/><D11/><U86/><E102/><V51/><F0/><W104/><G43/><T12/><D42/><U123/><E123/><V134/><F134/><W17/><G17/><T100/><D88/><U78/><E78/><V19/><F58/><W130/><G10/><T65/><D65/><U60/><E7/><V92/><F26/><W53/><G67/><T76/><D76/><U133/><E133/><V62/><F62/><W1/><G130/><T59/><D40/><U105/><E105/><V46/><F46/><W20/><G20/><N who="0" m="11271" /><D37/><U135/><E135/><V2/><F2/><W23/><G23/><N who="0" m="15615" /><D59/><U15/><E15/><V97/><F49/><W70/><G70/><T118/><D118/><U24/><E14/><V45/><F51/><AGARI ba="0,0" hai="21,24,28,38,41,47,51,54,56,60,64,68,84,86" machi="51" ten="30,3900,0" yaku="7,1,24,2" doraHai="119" who="1" fromWho="2" sc="270,0,252,39,189,-39,289,0" /><INIT seed="5,0,0,3,1,24" ten="270,291,150,289" oya="1" hai0="65,98,121,94,12,20,57,80,17,122,95,56,84" hai1="93,54,134,99,66,21,45,97,111,50,63,10,73" hai2="25,40,7,75,39,115,30,22,48,109,1,2,23" hai3="72,82,102,103,11,36,112,118,59,123,51,49,37"/><U89/><E73/><V119/><F109/><W29/><G123/><N who="0" m="47115" /><D65/><U127/><E127/><V58/><F119/><W81/><G29/><T34/><D34/><U110/><E21/><V44/><F115/><W13/><G72/><T28/><D95/><U61/><E134/><V62/><F75/><W31/><G31/><T3/><D3/><U113/><E113/><V67/><F7/><W125/><G112/><T77/><D28/><U52/><E10/><V88/><F39/><W43/><G125/><T87/><D87/><U132/><E132/><V78/><F78/><W126/><G126/><T91/><AGARI ba="0,0" hai="12,17,20,56,57,77,80,84,91,94,98" m="47115" machi="91" ten="30,1100,0" yaku="13,1" doraHai="24" who="0" fromWho="0" sc="270,11,291,-5,150,-3,289,-3" /><INIT seed="6,0,0,3,2,50" ten="281,286,147,286" oya="2" hai0="22,69,39,32,5,100,43,114,17,113,12,59,54" hai1="135,40,125,115,64,96,102,84,27,67,63,89,20" hai2="38,6,30,42,73,33,16,107,101,108,9,65,127" hai3="34,133,130,94,91,78,85,111,75,2,83,109,74"/><V70/><F16/><W61/><G2/><T13/><D69/><U15/><E135/><V86/><F86/><N who="3" m="48503" /><G61/><N who="0" m="36087" /><D32/><U37/><E125/><V10/><F127/><W62/><G62/><T87/><D100/><U36/><E115/><N who="0" m="44041" /><D87/><U46/><E36/><V123/><F123/><W103/><G34/><T76/><D76/><U55/><E15/><V14/><F108/><N who="3" m="41547" /><G133/><T104/><D104/><U44/><E44/><N who="2" m="23639" /><F14/><W71/><G71/><T23/><D5/><U25/><E25/><N who="2" m="18639" /><F9/><W129/><G103/><T21/><D13/><U4/><E4/><V0/><F73/><AGARI ba="0,0" hai="73,74,75,85,91,94,129,130" m="41547,48503" machi="73" ten="30,2000,0" yaku="34,2" doraHai="50" who="3" fromWho="2" sc="281,0,286,0,147,-20,286,20" owari="281,-12.0,286,9.0,127,-37.0,306,40.0" /></mjloggm>