<mjloggm ver="2.3"><GO type="169" lobby="0"/><UN n0="%E5%B0%B1%E6%B4%BB%E7%94%9F%40%E5%B7%9D%E6%9D%91%E8%BB%8D%E5%9B%A3" n1="%3D%4A%61%6D" n2="%E3%81%8B%E3%81%97%E3%81%8B%E3%81%8A" n3="%E3%82%AD%E3%83%9F%E3%81%AE%E9%9A%A3%E3%82%8A%E3%81%A7" dan="16,17,17,16" rate="2159.76,2180.36,2170.28,2069.95" sx="M,M,M,M"/><TAIKYOKU oya="0"/><INIT seed="0,0,0,0,0,129" ten="250,250,250,250" oya="0" hai0="79,47,51,0,120,76,117,1,60,12,56,21,77" hai1="99,5,110,63,49,133,41,109,55,52,82,97,2" hai2="25,43,29,132,123,73,20,9,57,30,10,46,48" hai3="42,17,23,61,35,34,121,89,62,11,85,4,18"/><T91/><D117/><U98/><E2/><V22/><F73/><W33/><G121/><T3/><D120/><U80/><E5/><V96/><F123/><W134/><G42/><T70/><D70/><U81/><E63/><V36/><F96/><W122/><G122/><T127/><D127/><U40/><E133/><V26/><REACH who="2" step="1"/><F132/><REACH who="2" ten="250,250,240,250" step="2"/><W78/><G134/><T105/><D105/><U38/><E38/><V108/><F108/><N who="1" m="41577" /><E49/><V7/><F7/><W64/><G62/><T32/><D32/><U135/><E135/><V45/><F45/><W93/><G78/><T44/><D51/><U90/><E90/><V125/><F125/><W111/><G111/><T65/><D91/><U75/><E75/><V94/><F94/><W118/><G118/><T39/><D39/><U83/><E83/><V59/><F59/><W24/><G61/><T106/><D106/><U28/><E28/><V84/><F84/><W87/><G85/><T124/><D124/><U67/><E67/><V8/><F8/><W16/><REACH who="3" step="1"/><G64/><REACH who="3" ten="250,250,240,240" step="2"/><T92/><D65/><U27/><E99/><V66/><F66/><W53/><G53/><AGARI ba="0,2" hai="9,10,20,22,25,26,29,30,36,43,46,48,53,57" machi="53" ten="40,5200,0" yaku="1,1,9,1,53,1" doraHai="129" doraHaiUra="54" who="2" fromWho="3" sc="250,0,250,0,240,72,240,-52" /><INIT seed="1,0,0,1,3,101" ten="250,250,312,188" oya="1" hai0="43,94,38,57,25,12,30,13,72,121,106,130,83" hai1="105,88,31,26,53,44,100,23,80,48,123,35,117" hai2="114,46,17,77,98,86,108,22,122,6,18,66,16" hai3="112,68,10,133,50,5,21,8,104,99,65,76,131"/><U61/><E123/><V135/><F122/><W33/><G112/><T89/><D130/><U127/><E117/><V45/><F114/><W20/><G131/><T2/><D2/><U19/><E127/><V71/><F6/><W113/><G113/><T119/><D119/><U75/><E61/><V126/><F126/><W40/><G133/><T4/><D106/><U124/><E124/><V132/><F108/><W49/><G33/><T55/><D121/><U29/><E75/><V84/><F98/><W37/><G76/><T67/><D67/><U64/><E64/><V47/><F22/><W3/><G8/><T85/><D43/><U39/><E39/><V24/><F24/><W116/><G116/><T62/><D38/><U129/><E129/><V15/><F15/><W79/><G79/><T82/><D4/><U128/><E128/><V54/><F54/><W0/><G0/><T73/><D73/><U36/><E36/><V14/><F14/><W59/><G37/><T70/><D70/><U1/><E1/><V9/><F9/><W78/><G78/><T102/><D72/><U120/><E120/><V56/><F56/><W92/><G68/><T11/><D102/><U58/><E58/><V87/><F77/><W97/><G59/><T74/><D74/><U110/><E110/><V69/><F66/><W111/><G65/><T134/><D134/><AGARI ba="0,0" hai="16,17,18,45,46,47,69,71,84,86,87,132,134,135" machi="134" ten="50,12000,2" yaku="29,2,28,2,20,1,54,1" doraHai="101" who="2" fromWho="0" sc="250,-120,250,0,312,120,188,0" /><INIT seed="2,0,0,5,5,86" ten="130,250,432,188" oya="2" hai0="99,67,103,3,127,61,44,26,43,59,16,47,30" hai1="98,94,120,6,12,109,82,23,57,35,48,46,15" hai2="104,77,65,110,93,126,87,51,53,50,130,28,102" hai3="25,133,71,40,72,7,63,45,54,19,36,129,74"/><V20/><F104/><W108/><G108/><T2/><D127/><U134/><E35/><V10/><F126/><W124/><G124/><T81/><D81/><U5/><E109/><V101/><F65/><W9/><G133/><T18/><D3/><U118/><E118/><V112/><F112/><W95/><G129/><T56/><D2/><U117/><E117/><V92/><F110/><W97/><G71/><T75/><D59/><U84/><E134/><V132/><F132/><W68/><G68/><T0/><D0/><U60/><E120/><V34/><F34/><W88/><G7/><N who="1" m="2570" /><E23/><V83/><F10/><W113/><G113/><T14/><D75/><U85/><E12/><V22/><F130/><W128/><G128/><T114/><D114/><U55/><E15/><V52/><F28/><W38/><G38/><T37/><D14/><U119/><E82/><V32/><F32/><W131/><G131/><T27/><D47/><U80/><E80/><V105/><F105/><W106/><G106/><T29/><D30/><U89/><E119/><V11/><F11/><W73/><G9/><T76/><D76/><U49/><E49/><V125/><F125/><W90/><G72/><T79/><D79/><U122/><E122/><V91/><F20/><N who="3" m="13471" /><G90/><T107/><REACH who="0" step="1"/><D27/><REACH who="0" ten="120,250,432,188" step="2"/><U13/><E13/><V116/><F116/><W100/><G100/><T41/><D41/><AGARI ba="0,1" hai="41,46,48,55,57,60,84,85,89,94,98" m="2570" machi="41" ten="30,2000,0" yaku="8,1,52,1" doraHai="86" who="1" fromWho="0" sc="120,-20,250,30,432,0,188,0" /><INIT seed="3,0,0,0,4,84" ten="100,280,432,188" oya="3" hai0="134,70,37,76,109,5,101,71,13,38,72,93,27" hai1="41,89,98,110,128,30,39,19,55,67,45,66,16" hai2="135,131,97,100,9,80,60,20,40,15,123,99,125" hai3="74,87,75,14,49,118,111,108,58,94,78,17,22"/><W77/><G118/><T21/><D109/><N who="3" m="42057" /><G77/><T23/><D134/><U59/><E110/><V29/><F40/><W122/><G122/><T116/><D116/><U7/><E30/><V2/><F2/><W48/><G78/><T46/><D72/><N who="3" m="27689" /><G58/><T18/><D76/><U129/><E7/><V113/><F135/><W54/><G54/><T79/><D79/><U25/><E98/><V119/><F97/><W32/><G32/><T53/><D71/><U120/><E120/><V61/><F99/><W43/><G43/><T8/><D70/><U105/><E89/><AGARI ba="0,0" hai="14,17,22,48,49,87,89,94" m="27689,42057" machi="89" ten="30,5800,0" yaku="14,1,10,1,52,1" doraHai="84" who="3" fromWho="1" sc="100,0,280,-58,432,0,188,58" /><INIT seed="3,1,0,2,0,30" ten="100,222,432,246" oya="3" hai0="79,0,28,42,37,104,16,61,119,134,36,32,103" hai1="35,90,69,46,118,124,85,29,91,112,34,49,131" hai2="5,4,62,126,89,12,109,27,8,48,98,70,14" hai3="111,75,105,11,114,127,53,41,51,92,93,58,135"/><W47/><G114/><T15/><D0/><U120/><E112/><V87/><F109/><W9/><G105/><T26/><D119/><U83/><E69/><V68/><F126/><W84/><G75/><T45/><D134/><U22/><E118/><V106/><F48/><N who="3" m="26735" /><G135/><T3/><D3/><U74/><E120/><V101/><F27/><W2/><G2/><T130/><D130/><U129/><E124/><V33/><F62/><W24/><G127/><T102/><D79/><U23/><E74/><V7/><F33/><N who="1" m="12297" /><E90/><V123/><F123/><W76/><G24/><T128/><D128/><N who="1" m="49227" /><E29/><V18/><F68/><W21/><G111/><T64/><D36/><U63/><E63/><V25/><F70/><W81/><G21/><T117/><D117/><U71/><E71/><V43/><F89/><W99/><G93/><T59/><REACH who="0" step="1"/><D104/><REACH who="0" ten="90,222,432,246" step="2"/><U88/><E91/><AGARI ba="1,1" hai="9,11,51,53,58,76,81,84,91,92,99" m="26735" machi="91" ten="30,1500,0" yaku="8,1" doraHai="30" who="3" fromWho="1" sc="90,0,222,-18,432,0,246,28" /><INIT seed="3,2,0,2,5,90" ten="90,204,432,274" oya="3" hai0="50,71,47,120,113,135,35,131,61,0,15,97,114" hai1="56,37,80,55,65,13,14,31,17,104,24,54,3" hai2="7,34,59,42,95,87,82,102,81,4,86,60,107" hai3="89,53,92,115,22,25,116,28,112,57,94,5,2"/><W40/><G116/><T122/><D0/><U121/><E3/><V111/><F34/><W51/><G40/><N who="0" m="24935" /><D35/><U63/><E121/><N who="0" m="46697" /><D15/><U8/><E37/><V48/><F111/><W132/><G132/><T129/><D97/><U77/><E104/><V130/><F130/><N who="0" m="49674" /><D135/><U101/><E101/><V72/><F72/><W85/><G2/><T38/><D38/><U76/><E14/><V27/><F27/><W83/><REACH who="3" step="1"/><G5/><REACH who="3" ten="90,204,432,264" step="2"/><T21/><D21/><N who="1" m="15759" /><E80/><V19/><F4/><W11/><G11/><T88/><D88/><U91/><E91/><V33/><F7/><W36/><G36/><T44/><D44/><U103/><E103/><V124/><F82/><W100/><G100/><T30/><D30/><U105/><E105/><V18/><F81/><W108/><G108/><T117/><D117/><U16/><E17/><V96/><F18/><W43/><G43/><T119/><D119/><U69/><E77/><V10/><F42/><W45/><G45/><T84/><D84/><U78/><E78/><V109/><F10/><W123/><G123/><T125/><D125/><U110/><E110/><V41/><F109/><W32/><G32/><T128/><N who="0" m="49682" /><T133/><DORA hai="134" /><D133/><U93/><E76/><V127/><F127/><W79/><G79/><T126/><D126/><U106/><E106/><V1/><F124/><W58/><G58/><T9/><D9/><U98/><E56/><V12/><F59/><W6/><G6/><T67/><AGARI ba="2,1" hai="61,67,71,113,114" m="49682,46697,24935" machi="67" ten="50,6400,0" yaku="19,1,34,2" doraHai="90,134" who="0" fromWho="0" sc="90,80,204,-18,432,-18,264,-34" /><INIT seed="4,0,0,0,2,82" ten="170,186,414,230" oya="0" hai0="19,133,44,21,32,76,128,101,70,86,117,87,108" hai1="66,100,33,107,50,94,0,56,10,34,49,106,31" hai2="15,13,129,119,104,57,126,69,54,18,59,77,42" hai3="53,72,91,40,28,79,103,131,5,9,90,3,135"/><T26/><D117/><U24/><E34/><V84/><F104/><W14/><G135/><T12/><D70/><U112/><E112/><V6/><F69/><W47/><G131/><T64/><D133/><U123/><E123/><V97/><F129/><W71/><G71/><T27/><D128/><U116/><E116/><V78/><F119/><W30/><G103/><T75/><D75/><U125/><E125/><V109/><F42/><W118/><G118/><T17/><D32/><U111/><E111/><V110/><F126/><W114/><G114/><T62/><D76/><U52/><E66/><V20/><F97/><W43/><G53/><T73/><D73/><U92/><E50/><V130/><F130/><W68/><G68/><T58/><D108/><U83/><E83/><N who="2" m="47215" /><F110/><W39/><G43/><T98/><D44/><U8/><E8/><N who="2" m="4247" /><F109/><W102/><G102/><T81/><D81/><U105/><E100/><V67/><F78/><W122/><G122/><T120/><D120/><U2/><REACH who="1" step="1"/><E10/><REACH who="1" ten="170,176,414,230" step="2"/><V113/><F113/><W65/><G9/><N who="0" m="6287" /><D26/><U80/><E80/><V93/><F67/><W37/><G65/><T134/><D134/><U55/><E55/><V96/><F54/><W38/><G37/><T127/><D127/><U61/><E61/><V89/><AGARI ba="0,1" hai="15,18,20,57,59,89,93,96" m="4247,47215" machi="89" ten="30,2000,0" yaku="8,1,52,1" doraHai="82" who="2" fromWho="2" sc="170,-10,176,-5,414,30,230,-5" /><INIT seed="5,0,0,1,1,69" ten="160,171,444,225" oya="1" hai0="47,14,91,43,20,72,118,98,94,15,28,65,100" hai1="2,25,123,108,18,75,19,27,70,77,78,84,90" hai2="57,106,74,32,48,35,53,95,59,117,105,7,54" hai3="120,16,49,21,134,24,119,3,80,116,122,31,126"/><U68/><E123/><N who="3" m="47146" /><G80/><T38/><D118/><N who="3" m="45097" /><G49/><T79/><D65/><U1/><E84/><V9/><F117/><W110/><G110/><T88/><D72/><U60/><E60/><V86/><F74/><W87/><G87/><T10/><D79/><U93/><E75/><V76/><F106/><W112/><G134/><T26/><REACH who="0" step="1"/><D15/><REACH who="0" ten="150,171,444,225" step="2"/><U129/><E108/><V55/><F76/><W56/><G112/><T121/><D121/><U8/><E129/><V114/><F114/><W13/><G126/><T30/><D30/><U52/><E8/><V131/><F131/><W115/><G115/><T73/><D73/><U22/><E22/><V5/><F9/><N who="3" m="6191" /><G56/><T6/><AGARI ba="0,1" hai="6,10,14,20,26,28,38,43,47,88,91,94,98,100" machi="6" ten="20,8000,1" yaku="1,1,0,1,7,1,52,1,54,1,53,0" doraHai="69" doraHaiUra="51" who="0" fromWho="0" sc="150,90,171,-40,444,-20,225,-20" /><INIT seed="6,0,0,3,0,79" ten="240,131,424,205" oya="2" hai0="44,40,92,128,15,18,25,2,45,129,17,74,63" hai1="122,132,125,23,62,86,124,43,100,116,89,106,52" hai2="111,8,31,75,32,67,110,113,55,103,127,19,54" hai3="83,13,84,59,95,69,131,57,70,115,121,37,6"/><V22/><F75/><W99/><G37/><T29/><D2/><U60/><E116/><V88/><F103/><W4/><G121/><T42/><D74/><U134/><E43/><N who="0" m="16425" /><D92/><U72/><E72/><V85/><F67/><W93/><G131/><N who="0" m="50251" /><D63/><U11/><E11/><V71/><F71/><W76/><G115/><T5/><D5/><N who="3" m="2153" /><G69/><T130/><N who="0" m="50259" /><T53/><DORA hai="1" /><D53/><U108/><E108/><V58/><F32/><W117/><G70/><T118/><D118/><U135/><E122/><V39/><F39/><W33/><G33/><N who="0" m="20655" /><D18/><U120/><E120/><V9/><F19/><W47/><G117/><T73/><D73/><U24/><E106/><V97/><F55/><W41/><G13/><T91/><D91/><U35/><E35/><V68/><F88/><N who="3" m="55783" /><G93/><T96/><D96/><U90/><E100/><V16/><F97/><W112/><G112/><T77/><D77/><U56/><E62/><V36/><F68/><W87/><G87/><T51/><D51/><U49/><E49/><V78/><F85/><W30/><G30/><T64/><D64/><U109/><E109/><V101/><F31/><W3/><G3/><T123/><D123/><U12/><E12/><V28/><F28/><W34/><G34/><T114/><D114/><U0/><E0/><V48/><F113/><W107/><G107/><T50/><D50/><U26/><E89/><V61/><F36/><W20/><G41/><T65/><D65/><U102/><E102/><V7/><F110/><W82/><G76/><T98/><D98/><U14/><E14/><V105/><F111/><W66/><G66/><RYUUKYOKU ba="0,0" sc="240,30,131,-10,424,-10,205,-10" hai0="15,17,44,45" /><INIT seed="7,1,0,1,0,80" ten="270,121,414,195" oya="3" hai0="53,18,82,83,129,133,72,113,131,135,85,105,45" hai1="104,126,92,30,27,124,42,31,62,88,71,75,96" hai2="107,118,128,33,6,101,78,11,22,125,40,8,39" hai3="7,55,38,79,59,5,127,74,29,134,58,70,77"/><W130/><G70/><T97/><D18/><U94/><E42/><V23/><F33/><W44/><G134/><N who="0" m="51211" /><D53/><U67/><E75/><V91/><F78/><W56/><G130/><N who="0" m="49675" /><D45/><U119/><E119/><V21/><F118/><W114/><G114/><T121/><D121/><U0/><E0/><V84/><F40/><W108/><G108/><T13/><D13/><U57/><E71/><V15/><F39/><W86/><G5/><T109/><D109/><U1/><E1/><V47/><F47/><W4/><G7/><T52/><D52/><U37/><E37/><V50/><F50/><W24/><G4/><T26/><D26/><U89/><E104/><V111/><F11/><W49/><G24/><T73/><D83/><U106/><E106/><V16/><F6/><W48/><G55/><T20/><D20/><U60/><E62/><V35/><F23/><W87/><G38/><T36/><D36/><U32/><REACH who="1" step="1"/><E31/><REACH who="1" ten="270,111,414,195" step="2"/><V100/><F111/><W117/><G29/><T28/><D28/><U9/><E9/><V46/><F8/><W54/><G117/><T132/><D132/><U69/><E69/><V12/><F107/><W66/><G74/><T19/><D73/><U81/><E81/><V41/><F41/><W98/><G66/><T103/><D72/><U34/><E34/><V122/><F35/><W10/><G10/><T43/><D43/><U65/><E65/><V3/><F3/><W61/><G61/><T112/><D19/><U99/><AGARI ba="1,1" hai="27,30,32,57,60,67,88,89,92,94,96,99,124,126" machi="99" ten="30,7900,0" yaku="1,1,0,1,9,1,54,1,53,0" doraHai="80" doraHaiUra="14" who="1" fromWho="1" sc="270,-21,111,92,414,-21,195,-40" owari="249,5.0,203,-20.0,393,49.0,155,-34.0" /></mjloggm>