<mjloggm ver="2.3"><GO type="169" lobby="0"/><UN n0="%E3%81%9F%E3%81%8C%E3%82%84%E3%81%99" n1="%40%75" n2="%E5%B0%B1%E6%B4%BB%E7%94%9F%40%E5%B7%9D%E6%9D%91%E8%BB%8D%E5%9B%A3" n3="%7A%68%6B%64%73%68%67%79" dan="17,16,16,18" rate="2190.52,2119.85,2146.25,2184.45" sx="M,F,M,F"/><TAIKYOKU oya="0"/><INIT seed="0,0,0,3,3,26" ten="250,250,250,250" oya="0" hai0="122,132,10,102,82,15,89,68,125,113,79,118,123" hai1="94,93,42,105,117,110,25,40,13,99,49,103,80" hai2="85,12,59,75,129,131,96,9,45,106,67,53,7" hai3="2,39,98,78,88,18,107,28,32,21,74,115,126"/><T20/><D68/><U8/><E110/><V54/><F75/><W58/><G115/><T56/><D132/><U33/><E117/><V133/><F133/><W114/><G114/><T48/><D125/><U69/><E69/><V70/><F70/><W43/><G126/><T104/><D102/><U83/><E94/><V65/><F85/><W27/><G2/><T35/><D35/><U5/><E105/><V112/><F112/><W119/><G119/><T66/><D104/><U97/><E97/><V134/><F134/><W111/><G111/><T128/><D128/><N who="2" m="49226" /><F45/><W73/><G78/><T0/><D89/><U135/><E135/><V50/><F54/><W17/><G17/><T31/><D118/><U121/><E121/><V37/><F37/><W57/><G74/><T23/><D23/><U44/><REACH who="1" step="1"/><E42/><REACH who="1" ten="250,240,250,250" step="2"/><V100/><AGARI ba="0,1" hai="7,9,12,50,53,59,65,67,96,100,106" m="49226" machi="100" ten="30,1100,0" yaku="19,1" doraHai="26" who="2" fromWho="2" sc="250,-5,240,-3,250,21,250,-3" /><INIT seed="1,0,0,1,5,12" ten="245,237,271,247" oya="1" hai0="2,24,131,26,95,37,82,103,132,112,50,11,57" hai1="107,87,9,77,56,98,33,126,62,89,17,76,101" hai2="49,44,6,7,31,90,41,117,96,128,72,105,14" hai3="71,100,39,130,53,125,65,61,42,16,85,93,27"/><U8/><E126/><V74/><F117/><W20/><G125/><T97/><D37/><U83/><E33/><V94/><F128/><W40/><G130/><T69/><D69/><U81/><E76/><V111/><F111/><W86/><G53/><T22/><D132/><U67/><REACH who="1" step="1"/><E17/><REACH who="1" ten="245,227,271,247" step="2"/><V80/><F72/><AGARI ba="0,1" hai="8,9,56,62,67,72,77,81,83,87,89,98,101,107" machi="72" ten="30,11600,0" yaku="1,1,2,1,7,1,53,1" doraHai="12" doraHaiUra="75" who="1" fromWho="2" sc="245,0,227,126,271,-116,247,0" /><INIT seed="1,1,0,1,0,134" ten="245,353,155,247" oya="1" hai0="30,47,70,108,65,105,17,0,51,54,111,120,125" hai1="16,74,73,86,126,12,46,5,119,38,10,61,116" hai2="94,132,43,85,20,131,104,123,89,69,83,110,118" hai3="32,90,82,3,76,87,23,95,115,71,58,121,97"/><U102/><E126/><V122/><F69/><W49/><G115/><T67/><D0/><U24/><E102/><V112/><F43/><W75/><G121/><N who="2" m="46089" /><F20/><W35/><G71/><T133/><D17/><U68/><E86/><V98/><F118/><W93/><G3/><T135/><D30/><U50/><E38/><V25/><F25/><W103/><G23/><T37/><D105/><U72/><E68/><V52/><F52/><W113/><G113/><T44/><D120/><U124/><E124/><V107/><F112/><W64/><G49/><T39/><D70/><U99/><E99/><V15/><F15/><W91/><REACH who="3" step="1"/><G103/><REACH who="3" ten="245,353,155,237" step="2"/><T63/><D51/><U34/><E119/><V48/><F48/><W31/><G31/><T22/><D22/><U88/><E116/><V66/><F131/><W60/><AGARI ba="1,1" hai="32,35,58,60,64,75,76,82,87,90,91,93,95,97" machi="60" ten="30,2000,0" yaku="1,1,0,1,53,0" doraHai="134" doraHaiUra="127" who="3" fromWho="3" sc="245,-6,353,-11,155,-6,237,33" /><INIT seed="2,0,0,0,2,106" ten="239,342,149,270" oya="2" hai0="107,116,77,96,54,11,105,127,81,67,66,100,45" hai1="8,27,123,98,71,74,88,37,64,29,85,114,43" hai2="52,90,25,44,80,17,119,31,9,104,93,109,21" hai3="135,125,1,118,41,110,61,23,82,51,89,13,129"/><V134/><F104/><W101/><G118/><T10/><D107/><U30/><E114/><V83/><F119/><W2/><G110/><T92/><D127/><U16/><E123/><V20/><F109/><W120/><G120/><T65/><D105/><U91/><E98/><V87/><F134/><W22/><G135/><T47/><D116/><U4/><E43/><V38/><F9/><W128/><G101/><T97/><D97/><U32/><E37/><V94/><F94/><W12/><G61/><T36/><D36/><U56/><E71/><V115/><F115/><W69/><G41/><T95/><D95/><U79/><E91/><V84/><F84/><W0/><G51/><T3/><D3/><U24/><E79/><V86/><F86/><W35/><G35/><T34/><D34/><U70/><E70/><V49/><REACH who="2" step="1"/><F38/><REACH who="2" ten="239,342,139,270" step="2"/><W117/><G117/><T39/><D39/><U75/><E8/><V99/><F99/><W62/><G125/><T131/><D10/><U26/><E85/><V15/><AGARI ba="0,1" hai="15,17,20,21,25,31,44,49,52,80,83,87,90,93" machi="15" ten="20,12000,1" yaku="1,1,0,1,7,1,8,1,54,1,53,0" doraHai="106" doraHaiUra="33" who="2" fromWho="2" sc="239,-40,342,-40,139,130,270,-40" /><INIT seed="2,1,0,1,5,70" ten="199,302,269,230" oya="2" hai0="38,78,48,125,83,95,8,11,66,112,30,27,102" hai1="57,79,34,100,0,19,134,121,49,119,5,59,45" hai2="71,32,4,99,67,53,22,35,90,106,64,109,61" hai3="98,58,135,84,42,117,23,107,46,113,33,122,56"/><V88/><F67/><W43/><G33/><T115/><D66/><U124/><E34/><V94/><F106/><W6/><G117/><T132/><D132/><U110/><E119/><V41/><F4/><W47/><G122/><T87/><D125/><U131/><E121/><V7/><F7/><W50/><G135/><T89/><D102/><U81/><E100/><V31/><F41/><W85/><G113/><T82/><D82/><U93/><E110/><V69/><F69/><W63/><G6/><T73/><D48/><U17/><E93/><V101/><F109/><W28/><G107/><T108/><D108/><U16/><E131/><V128/><F128/><W13/><G98/><T36/><D115/><U29/><E29/><V18/><F53/><W55/><G58/><T130/><D130/><U3/><E124/><V44/><F44/><W116/><G116/><T52/><D52/><U118/><E118/><V60/><F60/><W111/><G111/><T123/><D123/><U12/><E3/><V126/><F126/><W21/><G21/><T68/><D68/><U26/><E26/><V80/><F31/><W65/><G65/><T40/><D40/><N who="1" m="24743" /><E0/><V129/><F129/><W10/><G10/><T51/><D51/><U2/><E2/><V76/><F35/><W120/><G120/><T133/><D133/><U86/><E134/><V54/><F32/><W75/><G75/><T91/><D112/><U97/><E97/><V127/><F127/><W74/><G74/><T20/><REACH who="0" step="1"/><D91/><REACH who="0" ten="189,302,269,230" step="2"/><U24/><E24/><N who="2" m="14423" /><F54/><W72/><G55/><T37/><AGARI ba="1,1" hai="8,11,20,27,30,36,37,38,73,78,83,87,89,95" machi="37" ten="30,8000,1" yaku="1,1,0,1,52,3,53,0" doraHai="70" doraHaiUra="15" who="0" fromWho="0" sc="189,93,302,-21,269,-41,230,-21" /><INIT seed="3,0,0,2,4,117" ten="282,281,228,209" oya="3" hai0="95,37,112,50,42,34,92,26,29,85,88,22,60" hai1="23,32,134,121,18,105,10,122,86,107,118,90,46" hai2="87,132,123,25,40,45,72,89,67,51,110,74,33" hai3="135,11,124,15,52,106,102,119,27,48,9,69,54"/><W28/><G119/><T125/><D37/><U36/><E32/><V61/><F110/><W16/><G135/><T78/><D125/><U101/><E134/><V49/><F132/><W2/><G124/><T14/><D112/><U129/><E10/><V77/><F77/><W31/><G69/><T21/><D34/><U75/><E118/><V126/><F126/><W93/><G106/><T6/><D60/><U91/><E75/><V58/><F51/><W99/><G27/><T130/><D78/><U82/><E91/><V127/><F127/><W94/><G94/><T68/><D68/><U7/><E7/><V84/><F84/><W73/><G73/><T81/><D130/><U109/><E109/><V103/><F103/><W43/><G43/><T44/><D6/><U19/><E19/><AGARI ba="0,0" hai="14,19,21,22,26,29,42,44,50,81,85,88,92,95" machi="19" ten="40,2600,0" yaku="8,1,54,1" doraHai="117" who="0" fromWho="1" sc="282,26,281,-26,228,0,209,0" /><INIT seed="4,0,0,0,5,67" ten="308,255,228,209" oya="0" hai0="45,9,2,28,115,78,18,92,113,20,131,60,27" hai1="105,1,112,117,124,127,42,52,14,54,24,135,61" hai2="82,58,25,30,65,81,38,106,57,104,15,48,132" hai3="102,13,43,11,134,96,128,47,22,94,66,32,120"/><T56/><D78/><U84/><E117/><V37/><F132/><W122/><G32/><T40/><D131/><U6/><E1/><V129/><F129/><W51/><G128/><T101/><D2/><U53/><E105/><V46/><F15/><W23/><G134/><T80/><D80/><U125/><E135/><V36/><F104/><W35/><G35/><T116/><D116/><U77/><E112/><V123/><F106/><W29/><G66/><T85/><D9/><N who="1" m="4407" /><E42/><V86/><F123/><N who="3" m="47147" /><G29/><T34/><D18/><AGARI ba="0,0" hai="11,13,18,22,23,43,47,51,94,96,102" m="47147" machi="18" ten="30,1000,0" yaku="13,1" doraHai="67" who="3" fromWho="0" sc="308,-10,255,0,228,0,209,10" /><INIT seed="5,0,0,1,1,8" ten="298,255,228,219" oya="1" hai0="110,56,126,108,22,89,135,5,127,116,41,11,27" hai1="15,44,71,77,122,97,7,43,19,98,123,6,63" hai2="128,113,130,93,131,75,115,95,32,26,30,62,47" hai3="35,2,72,37,78,16,17,61,100,57,4,59,25"/><U85/><E123/><V39/><F75/><W88/><G100/><T14/><D41/><U40/><E7/><V3/><F3/><W60/><G37/><T20/><D56/><U58/><E71/><V23/><F32/><W21/><G35/><T79/><D89/><U124/><E124/><N who="0" m="47657" /><D79/><U104/><E122/><V112/><F62/><W66/><G78/><T46/><D46/><U49/><E43/><AGARI ba="0,0" hai="23,26,30,39,43,47,93,95,112,113,115,128,130,131" machi="43" ten="50,6400,0" yaku="15,1,11,1,19,1" doraHai="8" who="2" fromWho="1" sc="298,0,255,-64,228,64,219,0" /><INIT seed="6,0,0,2,4,40" ten="298,191,292,219" oya="2" hai0="128,94,70,6,24,74,92,106,31,122,5,4,19" hai1="28,55,116,96,107,51,119,124,103,56,32,58,63" hai2="29,126,0,30,25,7,135,88,72,86,111,80,18" hai3="8,125,89,121,44,75,61,11,20,67,132,118,104"/><V42/><F111/><W38/><G118/><T71/><D74/><U117/><E124/><V49/><F126/><W34/><G121/><T65/><D106/><U59/><E28/><V45/><F135/><W69/><G125/><T10/><D122/><U64/><REACH who="1" step="1"/><E32/><REACH who="1" ten="298,181,292,219" step="2"/><V108/><F108/><W83/><G34/><T12/><D31/><U35/><E35/><V77/><F30/><W99/><G132/><T3/><D128/><U62/><E62/><V82/><F18/><W93/><G104/><T129/><D129/><U21/><E21/><V79/><F7/><W112/><G20/><T68/><D19/><U22/><E22/><V57/><F29/><W123/><G123/><T73/><D4/><U54/><E54/><V120/><F120/><W87/><G112/><T84/><D5/><U23/><E23/><V36/><F25/><W46/><G8/><T43/><D6/><U47/><AGARI ba="0,1" hai="47,51,55,56,58,59,63,64,96,103,107,116,117,119" machi="47" ten="30,4000,0" yaku="1,1,0,1,52,1,53,0" doraHai="40" doraHaiUra="26" who="1" fromWho="1" sc="298,-10,181,50,292,-20,219,-10" /><INIT seed="7,0,0,1,0,70" ten="288,231,272,209" oya="3" hai0="109,100,62,67,81,98,33,76,17,73,110,65,71" hai1="21,107,26,123,95,11,15,77,89,96,125,135,52" hai2="5,14,79,7,27,113,20,106,29,57,85,61,64" hai3="12,56,34,6,63,120,122,93,105,47,118,130,18"/><W112/><G118/><T9/><D33/><U25/><E123/><V69/><F106/><W87/><G105/><T44/><D65/><U129/><E77/><V75/><F75/><W111/><G34/><T116/><D116/><U78/><E78/><V127/><F127/><W1/><G112/><T22/><D9/><U60/><E125/><V72/><F72/><W128/><G6/><T19/><D19/><U83/><E129/><N who="3" m="49770" /><G1/><T68/><D68/><U102/><E135/><V3/><F3/><W39/><G111/><T23/><D23/><U82/><E60/><V126/><F126/><W134/><G134/><T10/><D10/><U108/><E52/><V92/><F69/><W8/><G87/><T119/><D44/><U84/><E108/><V53/><F113/><W86/><G86/><T42/><D42/><U4/><REACH who="1" step="1"/><E26/><REACH who="1" ten="288,221,272,209" step="2"/><V16/><F53/><N who="3" m="34191" /><G93/><T80/><D119/><U121/><E121/><V55/><F55/><W40/><AGARI ba="0,1" hai="8,12,18,39,40,47,120,122" m="34191,49770" machi="40" ten="30,3000,0" yaku="19,1,52,1" doraHai="70" who="3" fromWho="3" sc="288,-10,221,-10,272,-10,209,40" /><INIT seed="7,1,0,5,1,115" ten="278,211,262,249" oya="3" hai0="61,26,37,109,29,24,51,110,97,54,130,108,70" hai1="128,133,18,101,44,40,94,2,107,31,129,1,88" hai2="106,98,60,27,62,102,116,77,73,93,89,14,67" hai3="68,90,121,47,45,35,53,21,124,19,20,96,78"/><W6/><G121/><T30/><D37/><U83/><E31/><V11/><F27/><N who="3" m="14751" /><G35/><T46/><D130/><N who="1" m="50283" /><E133/><V48/><F48/><W25/><G68/><T125/><D125/><U42/><E18/><V71/><F62/><W85/><G124/><T43/><D97/><N who="1" m="61871" /><E83/><V57/><F71/><W52/><G6/><T9/><D9/><U23/><E23/><V16/><F116/><W80/><G96/><T50/><D30/><U119/><E119/><V100/><F106/><W17/><G78/><T95/><D29/><U13/><E13/><V55/><F73/><W126/><G126/><T114/><D24/><U104/><E104/><V111/><F77/><W33/><G33/><T75/><D26/><U117/><E117/><V69/><F111/><W59/><G53/><T103/><D75/><U123/><E123/><V92/><F92/><W105/><G105/><T112/><D95/><U4/><E4/><V63/><AGARI ba="1,0" hai="11,14,16,55,57,60,63,67,69,89,93,98,100,102" machi="63" ten="20,2700,0" yaku="0,1,7,1,54,1" doraHai="115" who="2" fromWho="2" sc="278,-8,211,-8,262,30,249,-14" /><INIT seed="8,0,0,0,3,22" ten="270,203,292,235" oya="0" hai0="111,118,75,65,80,11,82,53,124,38,117,12,20" hai1="115,126,92,40,113,49,16,17,26,114,86,107,24" hai2="23,98,131,122,14,64,63,44,19,95,52,42,9" hai3="67,121,99,56,89,129,76,60,97,106,88,33,103"/><T133/><D38/><U30/><E126/><V62/><F131/><W8/><G129/><T120/><D120/><U108/><E108/><V127/><F127/><W59/><G121/><T110/><D65/><U43/><E107/><V13/><F122/><W39/><G39/><T84/><D124/><U132/><E132/><V91/><F52/><W72/><G8/><T47/><D75/><U46/><E43/><V90/><F90/><W54/><G33/><T5/><D133/><U105/><E105/><V7/><F64/><W96/><G96/><T27/><D47/><U73/><E73/><V48/><AGARI ba="0,0" hai="7,9,13,14,19,23,42,44,48,62,63,91,95,98" machi="48" ten="20,2700,0" yaku="0,1,7,1,8,1" doraHai="22" who="2" fromWho="2" sc="270,-13,203,-7,292,27,235,-7" owari="257,6.0,196,-30.0,319,41.0,228,-17.0" /></mjloggm>