<mjloggm ver="2.3"><GO type="169" lobby="0"/><UN n0="%E5%A4%A9%E9%9F%B3%E3%81%95%E3%82%93" n1="%E3%83%AB%E3%83%8D%E3%82%B9%E3%82%BF" n2="%E3%82%A6%E3%83%AB%E3%83%88%E3%83%A9%E7%AB%8B%E7%9B%B4" n3="%E8%90%8C%E3%81%88%E3%81%AE%E7%A5%9E" dan="16,16,17,16" rate="2103.98,2065.67,2231.23,2144.02" sx="F,M,M,F"/><TAIKYOKU oya="0"/><INIT seed="0,0,0,1,3,46" ten="250,250,250,250" oya="0" hai0="122,32,130,28,6,106,41,49,30,85,64,37,21" hai1="2,5,8,62,61,108,82,73,121,99,76,45,58" hai2="98,20,27,124,59,104,135,50,55,134,120,18,109" hai3="25,16,12,36,52,23,126,72,9,117,116,110,13"/><T86/><D122/><U113/><E121/><V131/><F120/><W35/><G72/><T129/><D106/><U101/><E113/><V54/><F109/><W132/><G36/><T70/><D32/><U96/><E108/><V97/><F131/><N who="0" m="50186" /><D37/><U31/><E31/><N who="0" m="11817" /><D6/><U88/><E58/><V29/><F124/><W63/><G110/><T119/><D119/><U81/><E45/><V60/><F29/><N who="3" m="19887" /><G52/><T127/><D127/><U66/><E66/><V102/><REACH who="2" step="1"/><F98/><REACH who="2" ten="250,250,240,250" step="2"/><W78/><G126/><T51/><D41/><U22/><E99/><V69/><F69/><W3/><G117/><T14/><D70/><U114/><E96/><V74/><F74/><W79/><G116/><T100/><D100/><U75/><E101/><V123/><F123/><W67/><G67/><T112/><D64/><U34/><E75/><V93/><F93/><W10/><G132/><T83/><D112/><U15/><E73/><V24/><F24/><W68/><G68/><T107/><D107/><U95/><E95/><V56/><AGARI ba="0,1" hai="18,20,27,50,54,55,56,59,60,97,102,104,134,135" machi="56" ten="30,4000,0" yaku="1,1,0,1,52,1,53,0" doraHai="46" doraHaiUra="89" who="2" fromWho="2" sc="250,-20,250,-10,240,50,250,-10" /><INIT seed="1,0,0,3,3,107" ten="230,240,290,240" oya="1" hai0="77,50,19,135,7,45,80,31,6,71,36,122,69" hai1="117,73,104,60,93,47,102,112,48,33,81,51,54" hai2="86,22,46,1,118,133,121,42,37,72,18,128,111" hai3="92,119,16,95,67,88,70,103,29,13,99,21,97"/><U10/><E117/><V49/><F118/><W64/><G119/><T83/><D36/><U134/><E112/><V106/><F121/><W11/><G70/><T132/><D122/><U68/><E104/><V98/><F1/><W66/><G29/><T91/><D31/><U38/><E33/><V85/><F72/><W108/><G108/><T89/><D19/><U30/><E30/><V78/><F111/><W43/><G43/><T59/><D59/><U2/><E134/><V129/><F78/><W41/><G41/><T57/><D57/><U55/><E38/><V20/><F20/><AGARI ba="0,0" hai="11,13,16,20,21,64,66,67,88,92,95,97,99,103" machi="20" ten="40,5200,0" yaku="8,1,54,2" doraHai="107" who="3" fromWho="2" sc="230,0,240,0,290,-52,240,52" /><INIT seed="2,0,0,5,4,99" ten="230,240,238,292" oya="2" hai0="90,63,101,18,124,135,48,114,131,70,121,46,41" hai1="12,132,15,123,55,133,31,49,22,68,98,120,103" hai2="61,83,34,37,97,79,44,127,54,33,91,2,4" hai3="5,24,110,8,6,69,81,119,111,42,36,40,130"/><V53/><F127/><W95/><G119/><T32/><D121/><N who="1" m="46667" /><E68/><V108/><F108/><W76/><G69/><T50/><D114/><U27/><E55/><V71/><F91/><W7/><G8/><T96/><D32/><U67/><E67/><N who="2" m="41455" /><F97/><W129/><G95/><T92/><D124/><U112/><E49/><V16/><F16/><W100/><G24/><T20/><D131/><N who="3" m="50185" /><G36/><T87/><D135/><N who="1" m="51787" /><E112/><V39/><F54/><W85/><G100/><T57/><D87/><U17/><E17/><V109/><F53/><W21/><G21/><T1/><D18/><U122/><N who="1" m="46675" /><U10/><DORA hai="30" /><E10/><N who="2" m="2327" /><F109/><AGARI ba="0,0" hai="5,6,7,40,42,76,81,85,109,110,111" m="50185" machi="109" ten="40,2600,0" yaku="14,1,19,1" doraHai="99,30" who="3" fromWho="2" sc="230,0,240,0,238,-26,292,26" /><INIT seed="3,0,0,1,5,103" ten="230,240,212,318" oya="3" hai0="59,46,7,35,77,5,33,67,29,23,11,85,102" hai1="32,26,53,50,56,123,40,4,68,119,20,125,76" hai2="124,34,73,63,28,93,72,54,113,0,115,88,57" hai3="38,89,41,66,17,27,101,43,55,106,90,104,37"/><W39/><G66/><T60/><D46/><U8/><E123/><V21/><F0/><W61/><G101/><T92/><D23/><U110/><E68/><V3/><F3/><W70/><G89/><T6/><D11/><U122/><E122/><V78/><F34/><W75/><G75/><T30/><D35/><U129/><E32/><V96/><F124/><W44/><G90/><T62/><D33/><U109/><E125/><V81/><REACH who="2" step="1"/><F73/><REACH who="2" ten="230,240,202,318" step="2"/><W83/><G37/><T100/><D62/><U71/><E110/><V48/><F48/><W117/><G117/><T120/><D120/><U112/><E50/><V19/><F19/><W116/><G116/><T108/><D108/><U99/><E109/><V133/><F133/><W36/><G36/><T65/><D30/><U13/><E119/><V86/><F86/><W87/><G39/><T118/><D29/><U47/><E4/><V14/><F14/><W97/><G38/><T95/><D118/><U49/><E13/><V12/><F12/><W130/><G61/><T10/><D7/><U9/><E49/><V82/><F82/><W131/><G17/><T94/><D6/><U51/><E51/><V126/><F126/><W127/><G127/><T84/><D84/><U52/><E47/><V79/><F79/><W25/><G87/><T16/><D85/><U134/><E76/><V111/><F111/><W69/><G44/><T24/><D77/><U114/><E134/><V107/><F107/><W22/><G83/><T98/><D60/><U74/><E74/><V64/><F64/><W1/><G1/><T42/><D67/><RYUUKYOKU ba="0,1" sc="230,-10,240,-10,202,30,318,-10" hai2="21,28,54,57,63,72,78,81,88,93,96,113,115" /><INIT seed="4,1,1,1,0,106" ten="220,230,232,308" oya="0" hai0="57,11,85,53,125,7,121,1,21,103,135,111,130" hai1="80,19,120,108,123,72,77,22,20,107,50,118,43" hai2="101,55,40,97,76,105,73,110,75,13,25,102,27" hai3="78,16,128,116,5,56,104,38,41,2,60,84,58"/><T115/><D121/><U44/><E118/><V48/><F110/><W32/><G116/><T132/><D111/><U59/><E108/><V31/><F40/><W46/><G104/><T117/><D117/><U62/><E107/><V42/><F102/><W87/><G32/><T131/><D115/><U6/><E6/><V17/><F42/><W30/><G30/><T51/><D85/><U65/><REACH who="1" step="1"/><E20/><REACH who="1" ten="220,220,232,308" step="2"/><V0/><F105/><W71/><G5/><T81/><D21/><U52/><E52/><V12/><F55/><W68/><G41/><T93/><D131/><U15/><AGARI ba="1,2" hai="15,19,22,43,44,50,59,62,65,72,77,80,120,123" machi="15" ten="20,5200,0" yaku="1,1,0,1,7,1,52,1,53,0" doraHai="106" doraHaiUra="100" who="1" fromWho="1" sc="220,-27,220,75,232,-14,308,-14" /><INIT seed="5,0,0,1,3,121" ten="193,295,218,294" oya="1" hai0="91,93,71,38,94,28,76,2,110,31,8,30,15" hai1="13,115,21,50,79,85,84,87,131,20,62,6,66" hai2="107,120,130,103,129,33,47,119,44,43,74,100,96" hai3="97,37,113,1,53,12,117,124,36,56,108,26,57"/><U54/><E131/><N who="2" m="50187" /><F120/><W61/><G108/><T134/><D71/><U86/><E115/><V99/><F33/><W7/><G1/><T89/><D38/><U39/><E39/><N who="2" m="21631" /><F47/><W122/><G122/><T9/><D110/><U22/><E84/><V25/><F25/><W46/><G36/><T17/><D76/><U34/><E34/><V90/><F90/><N who="0" m="34314" /><D2/><U3/><E3/><V48/><F48/><W14/><G37/><T75/><D75/><U59/><E6/><V24/><F24/><W98/><G26/><T127/><D127/><U40/><E40/><V112/><F112/><W114/><G46/><T41/><D41/><U29/><E29/><V128/><N who="2" m="50195" /><V65/><DORA hai="63" /><F65/><W67/><G124/><T72/><D72/><U27/><E27/><V92/><F74/><W60/><G117/><AGARI ba="0,0" hai="92,96,99,100,103,107,117,119" m="21631,50195" machi="117" ten="40,1300,0" yaku="19,1" doraHai="121,63" who="2" fromWho="3" sc="193,0,295,0,218,13,294,-13" /><INIT seed="6,0,0,0,0,103" ten="193,295,231,281" oya="2" hai0="51,80,95,22,116,72,18,82,0,38,100,50,14" hai1="16,128,134,98,61,3,79,32,110,119,88,122,33" hai2="54,85,31,41,40,70,12,124,15,113,69,24,7" hai3="47,21,126,62,117,49,48,129,66,99,52,17,8"/><V120/><F120/><W92/><G117/><T64/><D38/><U109/><E119/><V26/><F7/><W23/><G126/><T97/><D116/><U4/><E122/><V90/><F124/><W20/><G129/><T86/><D0/><U35/><E128/><V132/><F132/><W68/><G8/><T71/><D72/><U44/><E134/><V58/><F113/><W10/><G10/><T75/><D75/><U59/><E79/><V28/><F70/><W29/><G29/><N who="2" m="11337" /><F69/><W43/><G92/><T78/><REACH who="0" step="1"/><D82/><REACH who="0" ten="183,295,231,281" step="2"/><U46/><E3/><V39/><F39/><W34/><G34/><T2/><D2/><U105/><E33/><V83/><F15/><W106/><G17/><T111/><D111/><U104/><E35/><V87/><F12/><W36/><G36/><T96/><D96/><U55/><E32/><V13/><F13/><W11/><G99/><T65/><D65/><U91/><E98/><V127/><F127/><W63/><G66/><T25/><D25/><N who="2" m="9834" /><F87/><W60/><G68/><T9/><D9/><U130/><E110/><V57/><F57/><W115/><G11/><T114/><D114/><U74/><E59/><V73/><F73/><W45/><G115/><T5/><D5/><U53/><E74/><V76/><F76/><W84/><G84/><T81/><D81/><U94/><E109/><V118/><F118/><W30/><G30/><T125/><D125/><U101/><E4/><V135/><F135/><W107/><AGARI ba="0,1" hai="20,21,23,43,45,47,48,49,52,60,62,63,106,107" machi="107" ten="40,8000,1" yaku="0,1,52,2,54,1" doraHai="103" who="3" fromWho="3" sc="183,-20,295,-20,231,-40,281,90" /><INIT seed="7,0,0,3,4,36" ten="163,275,191,371" oya="3" hai0="123,8,81,39,134,47,135,1,3,63,45,46,122" hai1="32,50,95,124,118,102,129,16,68,60,22,7,131" hai2="57,54,40,42,84,58,9,70,69,61,53,25,125" hai3="72,74,24,56,31,99,110,111,51,120,48,106,108"/><W19/><G120/><N who="0" m="46123" /><D81/><U37/><E32/><V10/><F125/><W87/><G19/><T59/><D8/><N who="2" m="3178" /><F70/><W35/><G87/><T14/><D14/><U126/><E37/><V43/><F69/><W33/><G33/><T130/><D3/><U49/><E7/><V104/><F104/><W34/><G34/><T11/><D11/><U65/><E95/><V98/><F98/><W101/><G56/><N who="2" m="21609" /><F61/><W113/><G113/><T92/><D92/><U13/><E102/><V26/><F84/><W76/><G76/><T44/><D1/><U80/><E80/><V93/><F93/><W17/><G17/><T28/><D28/><U116/><E50/><AGARI ba="0,0" hai="24,31,35,48,50,51,72,74,99,101,106,108,110,111" machi="50" ten="40,2000,0" yaku="10,1" doraHai="36" who="3" fromWho="1" sc="163,0,275,-20,191,0,371,20" owari="163,-34.0,255,6.0,191,-21.0,391,49.0" /></mjloggm>