<mjloggm ver="2.3"><GO type="169" lobby="0"/><UN n0="%40%E3%82%A4%E3%82%AB" n1="%E5%B0%B1%E6%B4%BB%E7%94%9F%40%E5%B7%9D%E6%9D%91%E8%BB%8D%E5%9B%A3" n2="%E5%A4%A9%E9%9F%B3%E3%81%95%E3%82%93" n3="%6B%69%6E%6F%30%31" dan="16,18,16,16" rate="2097.17,2261.28,2123.09,2073.91" sx="M,M,F,M"/><TAIKYOKU oya="0"/><INIT seed="0,0,0,4,0,93" ten="250,250,250,250" oya="0" hai0="110,134,132,67,48,71,133,10,2,135,96,76,124" hai1="39,92,63,119,113,107,89,44,43,108,16,81,7" hai2="109,21,68,103,34,78,30,57,73,114,121,105,24" hai3="128,112,115,37,100,99,74,23,94,118,17,42,117"/><T13/><D2/><U80/><E107/><V29/><F121/><W88/><G74/><T64/><D71/><U40/><E119/><V49/><F114/><W31/><G128/><T62/><D124/><U122/><E122/><V65/><F78/><W0/><G0/><T51/><D76/><U28/><E28/><V66/><F73/><W127/><G127/><T52/><D51/><U19/><E7/><V129/><F30/><W97/><G31/><T4/><D110/><U58/><E43/><V70/><F66/><W90/><G90/><T35/><D35/><U3/><E3/><V60/><F129/><W72/><G72/><T20/><D20/><U12/><E108/><V47/><F34/><W120/><G120/><T9/><D9/><U82/><E113/><V111/><F111/><W38/><G115/><T131/><D131/><U130/><E12/><V126/><F126/><W101/><G101/><T1/><D1/><U25/><E25/><V5/><F5/><W79/><G79/><T56/><N who="0" m="33792" /><DORA hai="102" /><T33/><D33/><U106/><E106/><V123/><F123/><W22/><G22/><T61/><D96/><U55/><REACH who="1" step="1"/><E130/><REACH who="1" ten="250,240,250,250" step="2"/><V125/><F125/><W15/><G112/><T14/><D14/><U59/><E59/><V50/><F109/><W87/><G118/><T91/><D67/><U98/><AGARI ba="0,1" hai="16,19,39,40,44,55,58,63,80,81,82,89,92,98" machi="98" ten="30,7900,0" yaku="1,1,0,1,52,1,54,1,53,0" doraHai="93,102" doraHaiUra="8,27" who="1" fromWho="1" sc="250,-39,240,89,250,-20,250,-20" /><INIT seed="1,0,0,3,5,121" ten="211,329,230,230" oya="1" hai0="70,55,104,66,124,37,86,31,14,1,114,41,133" hai1="9,6,13,62,45,60,113,30,28,85,24,71,26" hai2="80,54,27,87,40,122,36,25,51,77,131,8,103" hai3="95,129,88,44,99,89,97,117,15,52,92,56,110"/><U21/><E113/><V90/><F122/><W75/><G117/><T69/><D1/><U39/><E71/><V12/><F131/><W81/><G129/><T84/><D114/><U130/><E130/><V23/><F103/><W43/><G110/><T79/><D104/><U34/><E39/><V20/><F36/><W91/><G15/><T4/><D31/><U135/><E135/><V123/><F123/><W128/><G128/><T61/><D133/><U127/><E127/><V16/><F40/><W2/><G2/><T96/><D124/><U58/><E45/><V50/><F77/><W46/><G43/><T59/><D96/><U10/><E58/><V63/><F63/><N who="3" m="36231" /><G75/><T65/><D79/><U29/><E85/><AGARI ba="0,0" hai="44,46,81,85,88,89,91,92,95,97,99" m="36231" machi="85" ten="30,3900,0" yaku="8,1,54,2" doraHai="121" who="3" fromWho="1" sc="211,0,329,-39,230,0,230,39" /><INIT seed="2,0,0,5,4,52" ten="211,290,230,269" oya="2" hai0="54,76,113,82,10,63,119,28,124,109,102,66,128" hai1="48,64,35,19,15,106,5,70,134,75,51,22,17" hai2="47,13,0,56,103,132,69,114,94,37,39,68,100" hai3="90,50,101,135,6,126,127,123,2,30,57,120,107"/><V92/><F114/><W24/><G101/><T36/><D113/><U91/><E75/><V125/><F0/><W80/><G107/><T55/><D36/><U129/><E106/><V84/><F125/><N who="3" m="47627" /><G135/><T74/><D124/><U111/><E35/><V122/><F122/><W117/><G117/><T89/><D119/><U108/><E5/><V23/><F132/><W31/><G6/><T14/><D28/><U98/><E19/><V38/><F47/><W59/><G2/><T71/><D128/><U99/><E129/><V27/><F13/><W115/><G115/><T77/><D102/><U67/><E134/><V1/><F1/><W81/><G50/><T65/><D65/><U130/><E130/><V20/><F84/><N who="3" m="50439" /><G81/><T131/><D131/><U4/><E4/><V93/><F93/><W12/><G12/><T42/><D42/><U85/><E51/><V7/><F39/><W96/><G96/><T78/><D109/><U133/><E48/><V83/><F7/><W97/><G97/><T73/><D89/><U61/><E133/><V49/><F83/><W26/><G26/><T60/><D82/><N who="1" m="49591" /><E99/><V8/><F49/><W44/><G44/><T34/><D34/><U45/><E45/><V16/><F27/><W32/><G31/><T29/><D29/><U118/><E98/><V121/><F38/><W3/><G3/><T46/><D46/><U62/><E118/><V95/><F37/><W58/><AGARI ba="0,0" hai="24,30,32,57,58,59,120,123" m="50439,47627" machi="58" ten="30,7900,0" yaku="18,1,52,3" doraHai="52" who="3" fromWho="3" sc="211,-20,290,-20,230,-39,269,79" /><INIT seed="3,0,0,5,4,94" ten="191,270,191,348" oya="3" hai0="102,19,41,0,105,85,91,42,76,112,103,101,95" hai1="109,75,84,92,98,10,55,134,132,107,106,83,127" hai2="77,69,126,4,39,46,24,48,122,31,74,131,121" hai3="79,81,67,113,35,51,58,65,28,17,32,100,60"/><W97/><G113/><T80/><D0/><U90/><E10/><V38/><F69/><W44/><G17/><T53/><D112/><U66/><E66/><V47/><F4/><W15/><G15/><T40/><D105/><N who="1" m="39947" /><E55/><V89/><F77/><W34/><G67/><T50/><D19/><U88/><E109/><V7/><F74/><W123/><G123/><T45/><REACH who="0" step="1"/><D41/><REACH who="0" ten="181,270,191,348" step="2"/><U3/><E3/><V29/><F122/><W59/><G28/><T86/><AGARI ba="0,1" hai="40,42,45,50,53,76,80,85,86,91,95,101,102,103" machi="86" ten="30,7900,0" yaku="1,1,2,1,0,1,8,1,53,0" doraHai="94" doraHaiUra="71" who="0" fromWho="0" sc="181,89,270,-20,191,-20,348,-39" /><INIT seed="4,0,0,5,0,6" ten="270,250,171,309" oya="0" hai0="119,30,80,43,114,32,105,54,16,29,102,27,53" hai1="71,56,58,79,24,59,129,42,131,46,20,81,74" hai2="0,47,17,22,25,14,36,51,15,60,62,33,127" hai3="11,132,112,111,52,117,67,85,41,95,39,35,50"/><T115/><D119/><U106/><E71/><V1/><F36/><W98/><G112/><T104/><D43/><U38/><REACH who="1" step="1"/><E106/><REACH who="1" ten="270,240,171,309" step="2"/><V84/><F127/><W45/><G117/><T72/><D105/><U92/><E92/><V83/><F0/><W68/><G111/><T49/><D115/><U86/><E86/><V13/><F1/><W125/><G85/><T44/><D114/><U7/><E7/><V23/><F33/><W75/><G95/><T21/><D104/><U130/><E130/><V9/><F23/><W108/><G68/><T40/><D102/><U121/><E121/><V82/><F82/><W94/><G35/><T101/><D101/><U55/><E55/><V34/><F34/><W124/><G94/><T19/><D32/><U70/><E70/><V116/><F116/><W96/><G108/><T110/><D110/><U28/><AGARI ba="0,1" hai="20,24,28,38,42,46,56,58,59,74,79,81,129,131" machi="28" ten="30,2000,0" yaku="1,1,0,1,53,0" doraHai="6" doraHaiUra="57" who="1" fromWho="1" sc="270,-10,240,30,171,-5,309,-5" /><INIT seed="5,0,0,4,0,81" ten="260,270,166,304" oya="1" hai0="50,52,90,127,20,23,117,19,59,3,134,125,48" hai1="4,82,74,92,102,99,36,103,123,83,40,42,71" hai2="56,27,13,39,69,9,41,95,22,68,60,32,108" hai3="86,12,34,18,35,28,97,49,96,25,37,79,84"/><U21/><E123/><V67/><F108/><W45/><G37/><T115/><D117/><U124/><E71/><V116/><F116/><W93/><G34/><T105/><D105/><U98/><E124/><N who="0" m="47689" /><D3/><U132/><E132/><V61/><F32/><W104/><G79/><T130/><D134/><U120/><E120/><V66/><F41/><W53/><G97/><T24/><D130/><U107/><E4/><V111/><F39/><W121/><G104/><T118/><D118/><U55/><E36/><V133/><F111/><W43/><G43/><T110/><D110/><U10/><E10/><V5/><F133/><W0/><G0/><T30/><D115/><U8/><E8/><V119/><F119/><W78/><G78/><T109/><D109/><U62/><E21/><V88/><F56/><W7/><G7/><T6/><D6/><U87/><E74/><V113/><F113/><W38/><G38/><T70/><D70/><U15/><E15/><V26/><REACH who="2" step="1"/><F22/><REACH who="2" ten="260,270,156,304" step="2"/><W17/><G121/><T75/><D75/><U89/><E42/><V47/><F47/><W114/><G114/><T122/><D122/><U126/><E40/><V80/><F80/><W106/><G45/><T129/><D129/><U2/><E126/><V112/><F112/><W128/><G35/><T46/><D23/><U73/><E83/><V64/><F64/><W29/><G128/><T100/><D30/><U33/><E33/><V135/><F135/><W11/><G29/><T58/><D58/><N who="1" m="35167" /><E73/><V57/><F57/><W31/><G28/><T54/><D100/><U72/><E72/><V77/><F77/><RYUUKYOKU ba="0,1" sc="260,10,270,10,156,10,304,-30" hai0="19,20,24,46,48,50,52,54,59,90" hai1="2,82,87,89,92,98,99,102,103,107" hai2="5,9,13,26,27,60,61,66,67,68,69,88,95" /><INIT seed="5,1,1,3,3,128" ten="270,280,166,274" oya="1" hai0="47,127,35,105,130,36,107,81,90,52,133,59,0" hai1="118,94,126,92,131,26,134,106,17,75,82,10,68" hai2="67,95,114,50,56,5,39,25,65,62,110,60,42" hai3="135,45,74,64,100,9,23,46,13,122,120,70,98"/><U27/><E106/><V80/><F110/><W115/><G74/><T19/><D130/><U83/><E68/><V91/><F39/><W3/><G115/><T132/><D35/><U101/><E131/><V12/><F114/><W22/><G3/><T124/><D0/><U54/><E118/><V78/><F25/><W24/><G64/><T57/><D19/><U86/><E75/><V85/><F42/><W99/><G70/><T16/><D16/><U20/><E126/><N who="0" m="48169" /><D36/><U14/><E134/><N who="0" m="51817" /><D47/><U113/><E113/><V38/><F38/><W108/><G46/><T55/><D90/><N who="1" m="53335" /><E54/><N who="0" m="20521" /><D81/><N who="1" m="30731" /><E10/><V33/><F33/><W119/><G9/><T6/><D6/><U61/><E61/><V96/><F62/><W79/><G135/><T112/><D112/><U77/><E17/><V28/><F60/><W31/><G45/><T2/><D2/><U88/><E20/><V34/><F34/><W104/><G22/><T51/><D51/><U121/><E26/><V89/><F50/><W111/><G23/><T123/><D123/><U49/><E121/><V63/><F5/><W21/><G21/><T15/><D15/><U93/><E49/><V1/><F12/><W97/><G13/><T72/><D72/><U41/><E27/><V66/><F1/><W58/><G24/><T43/><D43/><U7/><E41/><V53/><REACH who="2" step="1"/><F28/><REACH who="2" ten="270,280,156,274" step="2"/><W117/><G31/><T125/><D125/><U103/><E14/><V73/><F73/><W116/><G122/><T37/><D37/><U71/><E7/><V40/><F40/><W69/><G120/><T102/><D102/><AGARI ba="1,2" hai="53,56,63,65,66,67,78,80,85,89,91,95,96,102" machi="102" ten="40,2600,0" yaku="1,1,8,1,53,0" doraHai="128" doraHaiUra="30" who="2" fromWho="0" sc="270,-29,280,0,156,49,274,0" /><INIT seed="6,0,0,1,0,53" ten="241,280,205,274" oya="2" hai0="59,1,101,34,63,96,114,118,32,93,115,40,17" hai1="0,14,42,5,126,64,7,26,18,125,99,22,131" hai2="3,43,51,83,9,71,46,35,82,38,13,120,58" hai3="127,90,105,31,87,121,77,100,103,44,73,75,108"/><V29/><F120/><W110/><G44/><T2/><D118/><U119/><E42/><V36/><F3/><N who="0" m="1034" /><D40/><U91/><E0/><V24/><F71/><W33/><G31/><T107/><D107/><U78/><E78/><V21/><F35/><W92/><G33/><T12/><D34/><U8/><E64/><V122/><F122/><W39/><G39/><T128/><D32/><U111/><E111/><V41/><F41/><W106/><G127/><N who="1" m="48650" /><E119/><V76/><F58/><W37/><G37/><T104/><D104/><N who="3" m="40041" /><G121/><T80/><D80/><U4/><E131/><V50/><F50/><W69/><G69/><T94/><D128/><U97/><E91/><V134/><F83/><N who="3" m="45487" /><G75/><T52/><D94/><U62/><E62/><V89/><F89/><W98/><G103/><T48/><D48/><U109/><E109/><V132/><F38/><W117/><G117/><T86/><D86/><U66/><E66/><V61/><F61/><W85/><G85/><T95/><D95/><AGARI ba="0,0" hai="87,90,92,95,98,100,108,110" m="45487,40041" machi="95" ten="30,2000,0" yaku="34,2" doraHai="53" who="3" fromWho="0" sc="241,-20,280,0,205,0,274,20" /><INIT seed="7,0,0,0,2,88" ten="221,280,205,294" oya="3" hai0="90,85,93,26,1,51,32,73,50,29,53,44,2" hai1="79,20,19,54,56,31,14,8,7,9,100,124,98" hai2="106,49,47,13,119,48,125,18,11,66,81,116,30" hai3="65,80,135,39,0,86,23,130,101,69,89,21,22"/><W78/><G39/><T92/><D73/><U38/><E38/><V62/><F106/><W122/><G122/><T117/><D117/><U67/><E67/><V110/><F110/><W95/><G0/><T25/><D25/><U10/><E124/><V83/><F125/><W127/><G127/><T76/><D76/><U134/><E79/><V84/><F30/><W3/><G3/><T27/><D27/><U132/><E31/><V42/><F49/><W75/><G135/><T24/><D24/><U43/><E43/><V36/><F36/><W35/><G35/><T52/><REACH who="0" step="1"/><D93/><REACH who="0" ten="211,280,205,294" step="2"/><N who="1" m="58447" /><E134/><V61/><F83/><W128/><G128/><T109/><D109/><U77/><E77/><V6/><F18/><W16/><G16/><T4/><D4/><U57/><E132/><V34/><F34/><W113/><G130/><T129/><D129/><U5/><E56/><AGARI ba="0,1" hai="1,2,26,29,32,44,50,51,52,53,56,85,90,92" machi="56" ten="30,7700,0" yaku="1,1,7,1,52,1,54,1,53,0" doraHai="88" doraHaiUra="59" who="0" fromWho="1" sc="211,87,280,-77,205,0,294,0" /><INIT seed="8,0,0,3,5,65" ten="298,203,205,294" oya="0" hai0="37,88,10,12,32,124,109,69,23,105,50,56,52" hai1="99,118,13,5,24,49,123,70,61,79,59,63,108" hai2="125,93,71,22,74,66,92,77,30,116,67,55,43" hai3="78,39,45,95,36,19,85,121,96,8,107,64,11"/><T132/><D32/><U31/><E108/><V130/><F43/><W90/><G121/><T27/><D109/><U57/><E123/><V53/><F77/><W117/><G117/><T4/><D105/><U73/><E118/><V16/><F74/><W135/><G135/><T80/><D37/><U48/><E73/><V98/><F116/><W25/><G64/><T112/><D69/><U86/><E99/><V133/><F93/><W122/><G122/><T0/><D132/><U120/><E70/><V111/><F111/><W29/><G19/><N who="0" m="12799" /><D0/><U2/><E2/><V106/><F106/><W83/><G107/><T126/><D112/><U28/><E120/><V7/><F30/><N who="1" m="11305" /><E24/><N who="2" m="14407" /><F71/><W97/><G97/><T21/><D21/><U18/><E5/><V113/><F7/><W33/><REACH who="3" step="1"/><G36/><REACH who="3" ten="298,203,205,284" step="2"/><T84/><D126/><U47/><E18/><V14/><F133/><W35/><G35/><T41/><D124/><U51/><E13/><V20/><F125/><W6/><G6/><T91/><D41/><AGARI ba="0,1" hai="8,11,25,29,33,39,41,45,78,83,85,90,95,96" machi="41" ten="40,1300,0" yaku="1,1,53,0" doraHai="65" doraHaiUra="131" who="3" fromWho="0" sc="298,-13,203,0,205,0,284,23" owari="285,9.0,203,-30.0,205,-19.0,307,40.0" /></mjloggm>