<mjloggm ver="2.3"><GO type="169" lobby="0"/><UN n0="%E3%82%AE%E3%82%AC%E3%83%9E%E3%82%A4%E3%83%B3" n1="%E3%82%A6%E3%83%AB%E3%83%88%E3%83%A9%E7%AB%8B%E7%9B%B4" n2="%E6%96%91%E7%9B%AE%56" n3="%E3%81%AA%E3%81%AA%E2%98%86%E3%81%A0%E3%81%BE%EF%BC%A2" dan="18,18,16,17" rate="2190.21,2209.17,2115.55,2152.48" sx="M,M,M,M"/><TAIKYOKU oya="0"/><INIT seed="0,0,0,2,1,90" ten="250,250,250,250" oya="0" hai0="82,99,108,77,107,78,118,126,71,85,31,13,73" hai1="37,12,21,81,51,55,95,132,50,56,70,134,24" hai2="102,35,32,68,123,89,41,110,22,117,44,69,42" hai3="74,57,127,29,27,92,101,109,128,83,58,62,28"/><T46/><D71/><U87/><E37/><V116/><F102/><W66/><G109/><T23/><D118/><U119/><E70/><V38/><F22/><W45/><G127/><T20/><D126/><U25/><E119/><V79/><F79/><W0/><G0/><T113/><D113/><U91/><E134/><V15/><F15/><W3/><G3/><T96/><D108/><U30/><E132/><V2/><F89/><W39/><G128/><T26/><D107/><U14/><E51/><V125/><F125/><W121/><G121/><T10/><D23/><U54/><E54/><V104/><F104/><W34/><G29/><T80/><REACH who="0" step="1"/><D46/><REACH who="0" ten="240,250,250,250" step="2"/><U135/><E135/><V84/><F44/><W9/><G45/><T48/><D48/><U67/><E25/><V131/><F116/><W53/><G27/><T88/><D88/><N who="1" m="51311" /><E67/><V40/><F117/><W64/><G64/><T47/><D47/><U100/><E100/><V105/><F105/><W98/><G66/><T76/><D76/><U111/><E111/><V7/><F68/><W124/><G124/><T122/><D122/><U93/><E91/><V60/><F69/><W5/><G58/><T106/><D106/><U16/><E30/><V112/><F123/><W120/><G120/><T17/><AGARI ba="0,1" hai="10,13,17,20,26,31,73,77,78,80,82,85,96,99" machi="17" ten="20,7800,0" yaku="1,1,0,1,7,1,53,1" doraHai="90" doraHaiUra="11" who="0" fromWho="0" sc="240,88,250,-26,250,-26,250,-26" /><INIT seed="0,1,0,0,1,26" ten="328,224,224,224" oya="0" hai0="41,21,25,80,97,46,56,8,131,5,9,106,95" hai1="125,63,116,124,22,60,108,130,3,53,102,73,52" hai2="20,29,78,55,100,14,110,94,77,61,51,18,118" hai3="121,39,12,35,31,91,49,0,2,99,58,23,48"/><T89/><D131/><U113/><E73/><V103/><F110/><W19/><G39/><T129/><D129/><U127/><E3/><V71/><F118/><W44/><G121/><T105/><D56/><U92/><E130/><V123/><F123/><W68/><G68/><T126/><D80/><U74/><E74/><V81/><F94/><W37/><G37/><T38/><D126/><U101/><E116/><V86/><F77/><W115/><G115/><T117/><D117/><U84/><E108/><V11/><F61/><N who="1" m="23625" /><E22/><V85/><F86/><W112/><G112/><T109/><D109/><U104/><E113/><V83/><F81/><W65/><G65/><T28/><REACH who="0" step="1"/><D9/><REACH who="0" ten="318,224,224,224" step="2"/><U13/><E124/><V120/><F120/><W132/><G58/><T45/><D45/><U34/><E127/><V72/><F71/><W111/><G111/><T107/><D107/><U70/><E104/><V7/><F72/><W36/><G44/><T134/><D134/><U40/><E125/><V64/><F64/><W128/><G132/><T135/><D135/><U75/><E75/><V66/><F66/><W87/><G128/><T50/><D50/><U59/><E70/><V42/><F51/><W114/><G49/><T1/><AGARI ba="1,1" hai="1,5,8,21,25,28,38,41,46,89,95,97,105,106" machi="1" ten="20,12000,1" yaku="1,1,0,1,7,1,52,1,53,1" doraHai="26" doraHaiUra="88" who="0" fromWho="0" sc="318,133,224,-41,224,-41,224,-41" /><INIT seed="0,2,0,4,2,106" ten="451,183,183,183" oya="0" hai0="30,81,79,74,27,29,63,102,46,90,110,15,58" hai1="52,118,96,82,77,99,49,61,128,95,76,26,0" hai2="6,93,19,17,36,71,97,103,39,121,87,88,53" hai3="111,115,131,50,134,55,3,107,116,65,67,10,13"/><T8/><D102/><U89/><E0/><V41/><F71/><W114/><G116/><T127/><D127/><U66/><E118/><V21/><F6/><W18/><G107/><T33/><D110/><U132/><E132/><V125/><F125/><W60/><G111/><T123/><D123/><U129/><E99/><V25/><F121/><W11/><G134/><T73/><D29/><U135/><E135/><V44/><F53/><W101/><G101/><T72/><D90/><U112/><E26/><V80/><REACH who="2" step="1"/><F17/><REACH who="2" ten="451,183,173,183" step="2"/><W22/><G115/><T2/><D2/><U86/><E112/><V124/><F124/><W5/><G114/><T120/><D120/><U20/><E129/><V108/><F108/><W84/><G131/><T23/><D46/><U70/><E128/><V91/><F91/><W35/><G5/><T109/><D109/><U68/><E68/><V83/><F83/><W57/><G55/><T51/><D33/><U48/><E52/><V31/><F31/><W78/><G35/><T130/><D130/><U38/><E70/><V54/><F54/><W42/><G18/><T24/><D30/><U117/><E89/><V1/><F1/><W40/><G3/><T56/><D81/><U32/><E82/><V12/><F12/><W14/><G14/><T126/><D15/><U92/><E32/><V4/><F4/><W69/><G13/><T59/><D126/><U94/><E117/><V47/><F47/><W100/><G69/><T85/><D59/><U75/><E20/><V133/><F133/><W34/><G22/><T119/><D23/><U105/><E66/><RYUUKYOKU ba="2,1" sc="451,-10,183,-10,173,30,183,-10" hai2="19,21,25,36,39,41,44,80,87,88,93,97,103" /><INIT seed="1,3,1,0,1,9" ten="441,173,203,173" oya="1" hai0="65,108,8,100,70,49,3,107,133,55,62,121,15" hai1="11,44,78,53,124,6,77,34,0,4,115,103,101" hai2="19,127,5,112,46,47,114,88,60,59,31,74,39" hai3="116,84,68,23,79,119,37,33,29,125,35,129,123"/><U7/><E115/><N who="2" m="44075" /><F74/><W20/><G37/><T96/><D3/><U131/><E34/><V17/><F31/><W36/><G36/><T21/><D108/><U41/><E124/><V102/><F102/><N who="1" m="38921" /><E0/><V118/><F5/><W98/><G68/><T105/><D133/><U67/><E131/><V83/><F118/><W89/><G123/><T54/><D107/><U87/><E67/><V18/><F39/><W76/><G125/><T42/><D121/><U13/><E41/><V63/><F127/><W27/><G98/><T81/><D21/><N who="3" m="8265" /><G35/><T134/><D134/><U130/><E130/><V126/><F126/><W104/><G104/><T90/><D42/><U99/><E99/><V111/><F111/><W58/><G58/><T128/><D128/><U16/><E87/><N who="2" m="50303" /><F63/><W72/><G72/><T80/><D96/><U117/><E117/><N who="3" m="45130" /><G129/><T50/><D65/><AGARI ba="3,1" hai="17,18,19,46,47,59,60,65" m="50303,44075" machi="65" ten="30,2000,0" yaku="11,1,54,1" doraHai="9" who="2" fromWho="0" sc="441,-29,173,0,203,39,173,0" /><INIT seed="2,0,0,5,1,123" ten="412,173,242,173" oya="2" hai0="84,94,44,97,55,20,66,27,133,130,2,15,89" hai1="71,11,59,7,125,45,112,83,118,1,110,61,50" hai2="81,74,77,91,85,54,12,86,41,135,57,93,113" hai3="101,9,80,132,53,32,82,49,121,0,8,67,22"/><V24/><F41/><W58/><G32/><T92/><D2/><U124/><E71/><V5/><F113/><W47/><G121/><T17/><D133/><U65/><E118/><V72/><F24/><W42/><G132/><T104/><D130/><U10/><E112/><V3/><F12/><W117/><G117/><T68/><D104/><U35/><E35/><V106/><F106/><W76/><G67/><T88/><D66/><U16/><E83/><V63/><REACH who="2" step="1"/><F135/><REACH who="2" ten="412,173,232,173" step="2"/><W73/><G0/><T96/><D27/><U36/><E36/><V116/><F116/><W122/><G122/><T105/><D105/><U64/><E1/><V39/><F39/><W60/><G42/><T107/><D107/><U62/><E125/><V23/><F23/><W98/><G22/><T19/><D20/><U38/><E38/><V102/><F102/><W6/><G101/><T119/><D15/><U56/><E124/><V33/><F33/><W40/><G40/><T87/><D119/><U131/><E131/><V79/><F79/><W37/><G37/><T108/><D89/><U114/><E114/><V14/><F14/><W115/><G115/><T126/><D88/><U21/><E7/><V90/><F90/><W95/><G76/><T70/><D126/><U46/><E21/><V109/><F109/><W127/><G127/><T111/><D19/><U134/><E134/><V103/><F103/><W48/><G8/><AGARI ba="0,1" hai="3,5,8,54,57,63,72,74,77,81,85,86,91,93" machi="8" ten="40,3900,0" yaku="1,1,53,1" doraHai="123" doraHaiUra="75" who="2" fromWho="3" sc="412,0,173,0,232,49,173,-39" /><INIT seed="2,1,0,1,4,39" ten="412,173,281,134" oya="2" hai0="114,90,11,119,5,2,102,70,103,65,110,133,126" hai1="14,94,89,42,128,58,48,75,43,106,73,25,118" hai2="24,1,123,117,35,3,105,62,85,55,87,59,98" hai3="53,16,26,30,4,77,38,34,54,40,100,112,83"/><V135/><F117/><W108/><G100/><T79/><D114/><U122/><E106/><V31/><F123/><W20/><G4/><T129/><D110/><U116/><E122/><V27/><F135/><W12/><G108/><T9/><D133/><U78/><E128/><V51/><F24/><W36/><G112/><T57/><D129/><U6/><E25/><V69/><F1/><W37/><REACH who="3" step="1"/><G40/><REACH who="3" ten="412,173,281,124" step="2"/><T104/><D5/><U17/><E6/><V97/><F3/><W41/><G41/><N who="1" m="15370" /><E118/><V115/><F115/><W72/><AGARI ba="1,1" hai="12,16,20,26,30,34,36,37,38,53,54,72,77,83" machi="72" ten="30,4000,0" yaku="1,1,0,1,54,1,53,0" doraHai="39" doraHaiUra="120" who="3" fromWho="3" sc="412,-11,173,-11,281,-21,124,53" /><INIT seed="3,0,0,2,3,117" ten="401,162,260,177" oya="3" hai0="6,64,103,76,32,44,60,119,74,129,134,7,116" hai1="62,13,109,26,71,82,95,128,66,61,130,20,42" hai2="88,56,108,48,9,121,72,0,69,37,113,31,124" hai3="1,98,135,5,29,114,47,105,93,115,100,120,131"/><W84/><G120/><T111/><D32/><U106/><E106/><V14/><F69/><W96/><G29/><T57/><D134/><U33/><E109/><V78/><F37/><W110/><G110/><T79/><D111/><U54/><E42/><V68/><F68/><W86/><G1/><T112/><D129/><U2/><E2/><V104/><F104/><W97/><G5/><T85/><D74/><U127/><E127/><V94/><F0/><W19/><G19/><T123/><D123/><U49/><E62/><V21/><F124/><W39/><G39/><T36/><D112/><N who="3" m="43049" /><G47/><T83/><D79/><U92/><E33/><V51/><F31/><W10/><G10/><T12/><D36/><U126/><E126/><V90/><F121/><W132/><G131/><T8/><D7/><U67/><E13/><V70/><F14/><W41/><G41/><T80/><D44/><U133/><E133/><N who="3" m="51274" /><G98/><T87/><D8/><U4/><E4/><V50/><F9/><W16/><G16/><T118/><D6/><U43/><E43/><V122/><F122/><W59/><G59/><T25/><D12/><U125/><E125/><V27/><F56/><W24/><G24/><T101/><D25/><U30/><E130/><V28/><F27/><W91/><AGARI ba="0,0" hai="84,86,91,93,96,97,100,105" m="51274,43049" machi="91" ten="30,6000,0" yaku="20,1,34,2" doraHai="117" who="3" fromWho="3" sc="401,-20,162,-20,260,-20,177,60" /><INIT seed="3,1,0,0,1,127" ten="381,142,240,237" oya="3" hai0="129,104,41,8,110,46,40,65,38,50,10,81,6" hai1="17,9,7,11,70,56,0,124,66,84,122,30,44" hai2="86,112,24,90,27,133,121,3,106,114,77,42,68" hai3="119,79,102,75,132,98,39,128,130,55,25,53,22"/><W115/><G115/><T2/><D104/><U111/><E70/><V116/><F3/><W118/><G39/><T26/><D110/><U97/><E122/><V62/><F121/><W125/><G125/><T52/><D65/><U64/><E111/><V34/><F77/><W120/><G120/><T57/><D41/><U80/><E124/><V96/><F42/><W4/><G4/><T59/><D59/><U92/><E30/><V12/><F24/><W15/><G15/><T31/><D129/><N who="3" m="49769" /><G132/><T35/><D10/><U76/><E56/><V99/><F12/><W123/><G123/><T32/><D81/><U105/><E105/><V54/><F133/><W5/><G5/><T51/><REACH who="0" step="1"/><D35/><REACH who="0" ten="371,142,240,237" step="2"/><U16/><E44/><V61/><F114/><W67/><G67/><T82/><D82/><U60/><E66/><V19/><F112/><W78/><G119/><T88/><D88/><U85/><E64/><V100/><F116/><W107/><G118/><T28/><D28/><U109/><E109/><V49/><F34/><W20/><G20/><T94/><D94/><U43/><E11/><V113/><F113/><W87/><G75/><T83/><D83/><U103/><E43/><V126/><F126/><W101/><G101/><T63/><AGARI ba="1,1" hai="2,6,8,26,31,32,38,40,46,50,51,52,57,63" machi="63" ten="20,8000,1" yaku="1,1,0,1,7,1,54,1,53,1" doraHai="127" doraHaiUra="58" who="0" fromWho="0" sc="371,93,142,-21,240,-21,237,-41" /><INIT seed="4,0,0,1,3,19" ten="464,121,219,196" oya="0" hai0="108,46,37,55,100,129,125,11,135,94,102,105,5" hai1="133,35,131,122,9,57,97,53,60,75,70,111,48" hai2="29,123,18,32,134,104,110,52,73,115,82,79,117" hai3="93,72,15,22,90,127,16,116,56,80,38,132,10"/><T43/><D105/><U59/><E75/><V112/><F32/><W44/><G116/><T67/><D135/><U58/><E35/><V128/><F29/><W6/><G127/><T17/><D125/><U114/><E122/><V81/><F104/><W101/><G132/><T45/><D129/><U24/><E133/><V25/><F134/><W41/><G56/><T47/><D108/><U51/><E111/><V66/><F66/><W3/><G101/><T39/><D67/><U69/><E24/><V88/><F123/><W26/><G93/><T31/><D31/><U74/><E97/><V50/><F128/><W36/><G36/><T99/><D102/><U113/><E9/><V63/><F63/><W0/><REACH who="3" step="1"/><G90/><REACH who="3" ten="464,121,219,186" step="2"/><T34/><D39/><U1/><E131/><V14/><F117/><W85/><G85/><T126/><D37/><U8/><E74/><V107/><F107/><W130/><G130/><T76/><D94/><U89/><E89/><V68/><F110/><W30/><G30/><T95/><D100/><U40/><E59/><V65/><F73/><W77/><AGARI ba="0,1" hai="0,3,6,10,15,16,22,26,38,41,44,72,77,80" machi="77" ten="30,7900,0" yaku="1,1,0,1,52,1,54,1,53,0" doraHai="19" doraHaiUra="92" who="3" fromWho="3" sc="464,-39,121,-20,219,-20,186,89" /><INIT seed="5,0,0,4,3,34" ten="425,101,199,275" oya="1" hai0="43,110,133,135,105,38,121,21,71,10,33,109,25" hai1="112,122,24,74,108,120,73,94,8,18,89,113,32" hai2="15,20,5,76,77,36,119,104,42,101,67,85,28" hai3="4,41,88,48,29,27,22,19,2,134,84,91,54"/><U37/><E37/><V31/><F67/><W69/><G69/><T60/><D105/><U100/><E100/><V3/><F76/><W26/><G41/><T64/><D33/><U72/><E32/><V107/><F101/><W35/><G134/><N who="0" m="51211" /><D121/><U99/><E108/><V51/><F36/><W63/><G63/><T115/><D115/><N who="1" m="44107" /><E24/><V131/><F28/><W97/><G97/><T90/><D90/><N who="1" m="55767" /><E18/><V130/><F31/><W126/><G84/><T96/><D96/><U57/><E8/><V45/><F104/><W86/><G86/><T46/><D10/><U81/><E57/><V12/><F107/><W127/><G35/><T30/><AGARI ba="0,0" hai="21,25,30,38,43,46,60,64,71,109,110" m="51211" machi="30" ten="30,1100,0" yaku="20,1" doraHai="34" who="0" fromWho="0" sc="425,11,101,-5,199,-3,275,-3" /><INIT seed="6,0,0,4,0,36" ten="436,96,196,272" oya="2" hai0="15,106,38,22,48,41,123,98,126,14,63,74,130" hai1="64,57,132,71,66,85,124,54,11,33,52,10,101" hai2="82,122,89,116,83,128,115,91,135,127,102,125,114" hai3="7,113,88,107,61,50,99,8,121,2,70,12,73"/><V49/><F49/><W96/><G121/><T75/><D38/><U39/><E33/><V134/><F102/><W93/><G73/><T28/><D123/><U35/><E35/><V51/><F51/><W40/><G113/><N who="2" m="43017" /><F122/><W55/><G2/><T27/><D63/><U58/><E39/><V23/><F116/><W86/><G107/><T6/><D75/><U44/><E71/><V45/><F45/><N who="3" m="25895" /><G70/><T21/><D74/><U37/><E37/><V118/><F118/><W81/><G81/><N who="2" m="30729" /><F23/><W13/><G13/><T108/><D15/><U65/><E44/><V24/><F24/><W19/><G7/><T42/><D6/><U59/><E101/><V120/><F120/><W29/><G29/><T77/><D14/><U129/><E129/><V25/><F25/><W80/><G80/><T103/><D28/><U78/><E124/><N who="2" m="47691" /><F128/><W76/><G61/><T0/><D27/><U110/><E110/><V68/><F68/><W131/><G131/><T4/><D130/><U62/><E62/><V46/><F46/><W56/><G56/><T72/><D108/><U69/><E69/><V34/><F34/><W97/><G55/><T95/><D126/><U60/><E60/><V16/><F16/><W1/><G1/><T9/><D0/><U104/><E54/><V90/><AGARI ba="0,0" hai="89,90,91,134,135" m="47691,30729,43017" machi="90" ten="40,18000,2" yaku="28,2,15,1,18,1,34,2" doraHai="36" who="2" fromWho="2" sc="436,-60,96,-60,196,180,272,-60" /><INIT seed="6,1,0,0,0,78" ten="376,36,376,212" oya="2" hai0="88,42,22,76,23,124,19,45,39,31,29,64,54" hai1="120,26,134,47,20,82,121,35,5,24,123,77,91" hai2="14,107,11,96,40,46,130,21,128,57,37,83,67" hai3="72,110,65,93,135,0,70,33,87,111,69,98,75"/><V85/><F21/><W66/><G0/><T90/><D124/><U74/><E134/><V118/><F118/><W79/><G33/><T81/><D64/><U50/><E5/><V109/><F109/><W10/><G10/><T133/><D133/><U16/><E91/><V122/><F122/><W73/><G135/><T97/><D54/><U2/><E2/><V25/><F25/><W108/><G79/><T125/><D125/><U44/><REACH who="1" step="1"/><E50/><REACH who="1" ten="376,26,376,212" step="2"/><V131/><F131/><W104/><G110/><T132/><D132/><U43/><E43/><V95/><F130/><W9/><G108/><T80/><D90/><U30/><AGARI ba="1,1" hai="16,20,24,26,30,35,44,47,74,77,82,120,121,123" machi="30" ten="40,8000,1" yaku="1,1,0,1,13,1,52,1,54,1,53,0" doraHai="78" doraHaiUra="34" who="1" fromWho="1" sc="376,-21,26,93,376,-41,212,-21" /><INIT seed="7,0,0,2,4,19" ten="355,119,335,191" oya="3" hai0="119,26,44,109,9,8,81,89,85,87,49,39,11" hai1="12,112,5,40,95,22,105,71,103,35,110,83,38" hai2="25,52,1,132,14,33,94,16,80,66,106,117,36" hai3="56,2,0,90,114,41,3,13,123,70,50,43,72"/><W54/><G123/><T93/><D39/><U134/><E35/><V125/><F106/><W113/><G72/><T18/><D109/><U47/><E110/><V128/><F36/><W98/><G70/><T68/><D68/><U69/><E105/><V55/><F66/><W58/><G58/><T104/><D104/><U23/><E134/><V37/><F37/><W118/><G118/><T57/><D57/><U32/><E32/><V46/><F1/><W67/><G67/><T6/><D119/><U121/><E121/><V45/><F80/><W133/><G133/><T34/><D34/><U48/><E38/><V135/><F135/><W131/><G131/><T42/><D26/><U64/><E112/><N who="3" m="43114" /><G13/><N who="0" m="7487" /><D6/><U73/><E71/><V53/><F132/><W120/><G120/><T116/><D116/><U60/><E5/><V77/><F128/><W92/><AGARI ba="0,0" hai="0,2,3,41,43,50,54,56,90,92,98" m="43114" machi="92" ten="40,2100,0" yaku="15,1" doraHai="19" who="3" fromWho="3" sc="355,-7,119,-7,335,-7,191,21" /><INIT seed="7,1,0,0,2,103" ten="348,112,328,212" oya="3" hai0="36,104,10,64,70,108,88,86,69,33,111,51,59" hai1="38,8,45,127,102,71,131,113,47,13,23,22,119" hai2="126,85,42,7,5,30,84,52,112,67,29,41,76" hai3="120,68,124,107,44,114,19,115,24,116,6,26,53"/><W80/><G116/><T20/><D36/><U62/><E119/><V98/><F67/><W37/><G120/><T27/><D33/><U97/><E127/><V31/><F126/><W2/><G124/><T46/><D104/><U132/><E132/><V81/><F84/><W123/><G123/><T95/><D59/><U3/><E131/><V75/><F75/><W14/><G68/><T4/><D64/><U17/><E113/><N who="3" m="43018" /><G2/><T130/><D130/><U72/><E72/><V32/><F32/><W101/><G6/><N who="2" m="2057" /><F112/><W91/><G91/><T60/><D60/><U74/><E74/><V0/><F0/><W77/><G53/><T134/><D134/><U94/><E3/><V133/><F133/><W1/><G1/><T40/><D70/><U121/><E121/><V65/><F65/><W106/><G44/><T55/><D69/><U56/><E71/><V83/><F83/><W82/><G82/><T129/><D55/><U118/><E118/><V110/><F110/><W48/><G48/><T125/><D129/><U135/><E135/><V90/><F90/><W16/><G37/><T18/><D125/><U89/><E89/><V122/><F122/><W73/><G101/><T54/><D54/><U99/><E99/><V117/><F98/><W15/><G26/><T79/><D79/><U34/><E34/><V25/><F117/><W61/><G24/><T49/><D49/><U105/><E105/><N who="3" m="39946" /><G61/><T21/><D21/><N who="1" m="7691" /><E38/><V96/><F25/><W93/><G93/><T57/><D57/><U50/><E62/><V58/><F96/><W100/><G73/><T28/><D28/><RYUUKYOKU ba="1,0" sc="348,10,112,10,328,10,212,-30" hai0="4,10,18,20,27,40,46,51,86,88,95,108,111" hai1="8,13,17,45,47,50,56,94,97,102" hai2="29,30,31,41,42,52,58,76,81,85" owari="358,46.0,122,-38.0,338,14.0,182,-22.0" /></mjloggm>