<mjloggm ver="2.3"><GO type="169" lobby="0"/><UN n0="%E3%83%90%E3%83%90%E3%82%A2%E3%81%AE%E6%97%A5%E5%82%98" n1="%E3%81%9F%E3%81%BE%E3%81%93%E3%82%8D" n2="%E3%81%A8%E3%81%86%E3%81%8D%E3%82%82%E3%82%93" n3="%E3%83%88%E3%83%88%E3%83%AA%E5%85%88%E7%94%9F%31%39%E6%AD%B3" dan="17,16,16,19" rate="2109.21,2049.66,2143.95,2272.34" sx="F,M,M,F"/><TAIKYOKU oya="0"/><INIT seed="0,0,0,5,0,16" ten="250,250,250,250" oya="0" hai0="62,90,61,8,94,49,11,120,17,81,25,1,134" hai1="104,48,97,112,111,105,30,80,74,125,41,15,85" hai2="96,46,12,31,73,24,113,88,114,3,39,110,127" hai3="69,57,133,66,83,124,100,77,40,44,65,35,58"/><T82/><D134/><U59/><E74/><V47/><F3/><W9/><G35/><T101/><D101/><U64/><E111/><V121/><F121/><W91/><G133/><T122/><D1/><U71/><E71/><V108/><F73/><W54/><G69/><T2/><D2/><U29/><E125/><V72/><F72/><W87/><G124/><T128/><D128/><U106/><E112/><N who="2" m="43115" /><F12/><W50/><G100/><T78/><D8/><U22/><E97/><V13/><F13/><W18/><G58/><T38/><D38/><U63/><E15/><V129/><F39/><W36/><G9/><T131/><D131/><U10/><E10/><V42/><F42/><W75/><REACH who="3" step="1"/><G18/><REACH who="3" ten="250,250,250,240" step="2"/><T19/><D11/><U51/><E30/><V32/><F127/><W33/><G33/><T68/><D17/><U89/><REACH who="1" step="1"/><E41/><REACH who="1" ten="250,240,250,240" step="2"/><V109/><F129/><W26/><G26/><AGARI ba="0,2" hai="22,26,29,48,51,59,63,64,80,85,89,104,105,106" machi="26" ten="40,5200,0" yaku="1,1,2,1,52,1,53,0" doraHai="16" doraHaiUra="6" who="1" fromWho="3" sc="250,0,240,72,250,0,240,-52" /><INIT seed="1,0,0,4,0,83" ten="250,312,250,188" oya="1" hai0="20,35,97,47,57,128,24,27,75,74,109,121,59" hai1="93,95,14,46,116,119,56,1,106,115,26,120,29" hai2="10,129,110,72,3,54,92,30,91,61,62,42,71" hai3="52,58,124,49,133,44,40,79,55,78,102,127,38"/><U113/><E46/><V108/><F72/><W21/><G133/><T135/><D35/><U112/><E56/><N who="2" m="34967" /><F129/><W15/><G102/><T11/><D47/><U67/><E67/><N who="2" m="41463" /><F30/><W77/><REACH who="3" step="1"/><G55/><REACH who="3" ten="250,312,250,178" step="2"/><T114/><D135/><U69/><E120/><V43/><F110/><W25/><G25/><T13/><D109/><U134/><E134/><V45/><F108/><W105/><G105/><T12/><D27/><U123/><E106/><V6/><F43/><W68/><G68/><T23/><D24/><U9/><E69/><V2/><F42/><W125/><G125/><T19/><D121/><U73/><E123/><V53/><F53/><W22/><G22/><T7/><D23/><U118/><E26/><V65/><F65/><W88/><G88/><T33/><D20/><U4/><E29/><V99/><F91/><W107/><G107/><T28/><D28/><U51/><E112/><V50/><F10/><W81/><G81/><T117/><D114/><U98/><E113/><V64/><F64/><W18/><AGARI ba="0,1" hai="15,18,21,38,40,44,49,52,58,77,78,79,124,127" machi="18" ten="30,4000,0" yaku="1,1,0,1,54,1,53,0" doraHai="83" doraHaiUra="111" who="3" fromWho="3" sc="250,-10,312,-20,250,-10,178,50" /><INIT seed="2,0,0,5,3,92" ten="240,292,240,228" oya="2" hai0="111,11,99,63,105,38,58,62,50,56,33,79,87" hai1="101,46,115,39,83,103,52,132,4,55,25,26,14" hai2="100,98,114,0,80,2,10,19,37,93,70,30,73" hai3="126,116,108,82,32,23,76,36,77,27,129,6,7"/><V78/><F114/><W68/><G116/><T123/><D38/><U57/><E115/><V71/><F37/><W44/><G68/><T9/><D33/><U15/><E39/><V128/><F128/><W106/><G32/><T45/><D111/><U42/><E132/><V134/><F134/><W130/><G108/><T12/><D105/><U69/><E69/><V24/><F19/><W8/><G126/><T109/><D109/><U65/><E83/><V54/><F54/><W31/><G106/><T118/><D123/><U89/><E89/><V72/><F72/><N who="3" m="43271" /><G77/><T102/><D87/><U59/><E42/><V49/><F49/><W119/><G119/><T28/><D79/><U22/><E46/><V17/><F0/><N who="3" m="71" /><G7/><T91/><D28/><U66/><E4/><V40/><F40/><AGARI ba="0,0" hai="23,27,31,36,40,44,129,130" m="71,43271" machi="40" ten="30,1000,0" yaku="25,1" doraHai="92" who="3" fromWho="2" sc="240,0,292,0,240,-10,228,10" /><INIT seed="3,0,0,0,5,61" ten="240,292,230,238" oya="3" hai0="70,71,76,92,18,0,121,19,117,74,37,85,9" hai1="15,98,4,3,59,73,116,128,22,109,77,26,55" hai2="102,8,93,30,133,82,35,72,6,118,32,10,126" hai3="105,54,16,17,41,62,38,114,2,127,50,83,12"/><W80/><G114/><T64/><D37/><U14/><E109/><V52/><F118/><W44/><G105/><T88/><D121/><U5/><E116/><V1/><F133/><W101/><G2/><T67/><D117/><U66/><E73/><V75/><F126/><W100/><G127/><T11/><D71/><U13/><E77/><V90/><F102/><N who="3" m="39531" /><G38/><T107/><D107/><U24/><E128/><V125/><F125/><W39/><G39/><T27/><D70/><U103/><E3/><V42/><F42/><W129/><G129/><T131/><D131/><U47/><E47/><V108/><F108/><W48/><G62/><T7/><D18/><N who="3" m="7273" /><G12/><T130/><D130/><U29/><E26/><V31/><F72/><W87/><G87/><T46/><D46/><AGARI ba="0,0" hai="41,44,46,48,50,54,80,83" m="7273,39531" machi="46" ten="30,2900,0" yaku="8,1,54,1" doraHai="61" who="3" fromWho="0" sc="240,-29,292,0,230,0,238,29" /><INIT seed="3,1,0,2,0,12" ten="211,292,230,267" oya="3" hai0="79,121,86,25,19,125,26,72,49,70,130,34,81" hai1="17,118,54,39,8,120,44,2,127,63,13,57,16" hai2="38,22,84,93,35,115,6,20,128,94,18,7,77" hai3="88,37,31,78,135,74,92,40,133,61,51,69,101"/><W24/><G37/><T14/><D121/><U123/><E2/><V96/><F35/><W46/><G101/><T36/><D36/><U80/><E127/><V95/><F38/><W59/><G69/><T9/><D125/><U119/><E80/><N who="2" m="47119" /><F115/><W21/><G78/><T87/><D130/><U113/><E113/><V10/><F128/><W106/><G106/><T50/><D70/><U52/><E39/><V134/><F134/><W11/><G74/><T111/><D111/><U71/><E71/><V103/><F10/><W1/><G1/><T45/><D50/><N who="1" m="28743" /><E17/><V4/><F22/><W107/><G107/><T112/><D112/><U56/><E57/><V126/><F126/><W100/><G100/><T102/><D102/><U129/><E129/><V104/><F104/><W42/><G11/><T15/><D34/><U75/><E75/><V110/><F110/><W0/><G0/><T91/><D72/><U117/><AGARI ba="1,0" hai="8,13,16,54,56,63,117,118,119,120,123" m="28743" machi="117" ten="30,7900,0" yaku="12,1,52,1,54,2" doraHai="12" who="1" fromWho="1" sc="211,-21,292,82,230,-21,267,-40" /><INIT seed="4,0,0,1,3,72" ten="190,374,209,227" oya="0" hai0="97,113,128,38,81,132,59,41,61,5,103,2,1" hai1="105,133,34,3,110,36,79,6,47,19,131,84,94" hai2="46,40,88,30,69,73,57,114,8,118,134,29,45" hai3="120,109,100,98,58,101,85,20,86,90,96,13,49"/><T27/><D113/><U21/><E105/><V16/><F69/><W125/><G109/><T75/><D38/><U12/><E110/><V63/><F73/><W130/><G130/><T78/><D128/><U55/><E131/><V42/><F114/><W18/><G125/><T122/><D122/><U51/><E34/><V93/><F134/><W74/><G74/><T71/><D132/><U91/><E133/><V11/><F118/><W92/><G120/><T31/><D41/><N who="2" m="15978" /><F8/><W62/><G49/><T135/><D5/><U66/><E36/><V70/><F70/><W107/><G90/><T64/><D135/><U121/><E121/><V126/><F126/><W7/><G7/><T117/><D117/><U111/><E111/><V123/><F123/><W82/><G82/><T124/><D124/><U129/><E129/><V115/><F115/><W60/><G60/><T67/><D67/><AGARI ba="0,0" hai="13,18,20,58,62,67,85,86,92,96,98,100,101,107" machi="67" ten="30,1000,0" yaku="7,1" doraHai="72" who="3" fromWho="0" sc="190,-10,374,0,209,0,227,10" /><INIT seed="5,0,0,0,4,61" ten="180,374,209,237" oya="1" hai0="121,12,47,113,20,52,26,39,74,17,86,73,34" hai1="41,70,116,95,101,108,92,15,4,7,106,25,96" hai2="68,135,79,10,115,93,2,23,35,112,88,13,84" hai3="83,120,122,71,19,126,97,132,58,45,14,87,3"/><U85/><E116/><V105/><F35/><W5/><G71/><T127/><D113/><N who="2" m="43594" /><F105/><W80/><G132/><T119/><D119/><U94/><E108/><V91/><F68/><W77/><G126/><T75/><D127/><U22/><E70/><V134/><F79/><W53/><G45/><T9/><D34/><U60/><E41/><V18/><F91/><W48/><G5/><AGARI ba="0,0" hai="2,5,10,13,18,23,84,88,93,134,135" m="43594" machi="5" ten="30,3900,0" yaku="15,1,11,1,54,1" doraHai="61" who="2" fromWho="3" sc="180,0,374,0,209,39,237,-39" /><INIT seed="6,0,0,2,4,108" ten="180,374,248,198" oya="2" hai0="128,17,77,70,91,16,93,0,37,100,7,10,2" hai1="6,83,124,126,29,25,60,19,135,104,31,86,46" hai2="47,84,119,121,118,42,1,120,59,115,24,94,75" hai3="89,99,122,39,117,32,109,13,79,69,43,88,74"/><V92/><F1/><W44/><G117/><N who="2" m="44553" /><F24/><W116/><G116/><T28/><D128/><U23/><E104/><V5/><F5/><W8/><G109/><T90/><D70/><U57/><E6/><V51/><F59/><W97/><G122/><N who="2" m="47209" /><F75/><W111/><G111/><T133/><D37/><U52/><E46/><V113/><F84/><W125/><G125/><N who="1" m="48234" /><E135/><V38/><F38/><W114/><G32/><T110/><D110/><U26/><E26/><V71/><F71/><W112/><G69/><T48/><D133/><U21/><E21/><V123/><F123/><W132/><G132/><T103/><D7/><U68/><E68/><V85/><F85/><W96/><G79/><AGARI ba="0,0" hai="19,23,25,29,31,52,57,60,79,83,86" m="48234" machi="79" ten="30,2000,0" yaku="18,1,54,1" doraHai="108" who="1" fromWho="3" sc="180,0,374,20,248,0,198,-20" /><INIT seed="7,0,0,5,2,75" ten="180,394,248,178" oya="3" hai0="56,85,47,67,95,2,9,23,17,109,44,36,124" hai1="80,59,77,32,87,99,82,135,61,53,94,91,111" hai2="125,21,105,84,37,50,0,73,52,65,41,127,54" hai3="29,26,16,8,5,130,62,90,60,120,102,51,131"/><W116/><G116/><T35/><D109/><U110/><E32/><V46/><F73/><W34/><G120/><T1/><D35/><U103/><E135/><V106/><F0/><W7/><G102/><T3/><D9/><U93/><E93/><V107/><F65/><W58/><G51/><T129/><D36/><U13/><E13/><V22/><F84/><AGARI ba="0,0" hai="53,59,61,77,80,82,84,87,91,94,99,103,110,111" machi="84" ten="30,2000,0" yaku="7,1,52,1" doraHai="75" who="1" fromWho="2" sc="180,0,394,20,248,-20,178,0" owari="180,-22.0,414,51.0,228,3.0,178,-32.0" /></mjloggm>