<mjloggm ver="2.3"><GO type="225" lobby="0"/><UN n0="%E5%8F%8B%47%46%49" n1="%46%4C%41%4D%45" n2="%E8%B5%A4%E8%A3%8F%E3%83%9B%E3%82%B7%E3%83%BC%E3%83%8E" n3="%E5%B0%B1%E6%B4%BB%E7%94%9F%40%E5%B7%9D%E6%9D%91%E8%BB%8D%E5%9B%A3" dan="16,16,17,17" rate="2098.75,2117.82,2175.77,2218.63" sx="M,M,M,M"/><TAIKYOKU oya="0"/><INIT seed="0,0,0,1,0,39" ten="250,250,250,250" oya="0" hai0="20,92,23,103,58,36,72,31,69,97,10,95,17" hai1="98,118,66,71,100,132,21,88,62,37,55,129,91" hai2="0,112,110,22,26,19,93,18,107,51,14,61,2" hai3="74,64,25,80,99,33,30,1,78,9,133,131,119"/><T49/><D69/><U13/><E118/><V73/><F107/><W85/><G119/><T44/><D72/><U120/><E120/><V101/><F73/><W79/><G131/><T102/><D36/><U8/><E129/><V90/><F112/><W86/><G133/><T117/><D117/><U24/><E132/><V41/><F101/><W125/><G125/><T40/><D31/><U16/><E55/><V77/><F61/><W87/><G99/><N who="0" m="59775" /><D10/><U60/><E60/><V6/><F6/><W43/><G64/><T35/><D35/><U82/><E82/><V89/><F89/><W53/><G53/><T124/><D124/><U54/><E54/><V116/><F77/><W67/><G67/><T52/><D17/><U34/><E34/><V59/><F59/><W42/><REACH who="3" step="1"/><G79/><REACH who="3" ten="250,250,250,240" step="2"/><T68/><D68/><U115/><E115/><V29/><F116/><W114/><G114/><T134/><D134/><U123/><E123/><V48/><F110/><W27/><G27/><T32/><D32/><U105/><REACH who="1" step="1"/><E37/><REACH who="1" ten="250,240,250,240" step="2"/><V38/><F38/><W122/><G122/><T70/><D70/><U5/><AGARI ba="0,2" hai="5,8,13,16,21,24,62,66,71,88,91,98,100,105" machi="5" ten="20,12000,2" yaku="1,1,2,1,0,1,7,1,54,2,53,1" doraHai="39" doraHaiUra="63" who="1" fromWho="1" sc="250,-60,240,140,250,-30,240,-30" /><INIT seed="1,0,0,0,0,133" ten="190,380,220,210" oya="1" hai0="47,60,101,88,96,19,53,129,100,93,69,21,117" hai1="85,131,36,43,17,44,40,34,115,6,76,58,108" hai2="57,15,103,33,3,104,99,9,116,67,8,27,49" hai3="62,98,126,61,80,16,42,114,63,5,11,121,56"/><U82/><E115/><V30/><F116/><W37/><G114/><T135/><D117/><U132/><E34/><V20/><F3/><W7/><G121/><T14/><D135/><U92/><E132/><V123/><F123/><W102/><G126/><T130/><D47/><U46/><E131/><N who="0" m="50185" /><D53/><U38/><E108/><V127/><F127/><W106/><G56/><T64/><AGARI ba="0,0" hai="14,19,21,60,64,69,88,93,96,100,101" m="50185" machi="64" ten="30,2000,0" yaku="19,1,54,1" doraHai="133" who="0" fromWho="0" sc="190,20,380,-10,220,-5,210,-5" /><BYE who="0" /><INIT seed="2,0,0,2,5,64" ten="210,370,215,205" oya="2" hai0="66,105,48,77,60,89,130,12,61,32,126,73,93" hai1="4,71,62,49,9,119,57,100,39,65,29,20,76" hai2="15,67,87,104,16,69,124,55,125,45,97,78,23" hai3="47,113,56,114,0,5,52,44,26,28,94,107,79"/><V1/><F1/><W128/><G107/><T98/><D98/><U63/><E119/><V90/><F78/><W83/><G128/><T118/><D118/><U122/><E39/><UN n0="%E5%8F%8B%47%46%49" /><V17/><F17/><W112/><G94/><T46/><D105/><U14/><E100/><V19/><F19/><W82/><G5/><T70/><D130/><U80/><E122/><V81/><F97/><W123/><G0/><T134/><D32/><U51/><E20/><V101/><F101/><W74/><G83/><N who="0" m="45487" /><D12/><U43/><E43/><V53/><F104/><W96/><G96/><T106/><D106/><U3/><E29/><V42/><F67/><W129/><G129/><T85/><D61/><U103/><E103/><V33/><F69/><W95/><G95/><T72/><D72/><U13/><E13/><V34/><F34/><N who="3" m="20759" /><G123/><T38/><D38/><U36/><E36/><N who="2" m="21703" /><F33/><W2/><G2/><T31/><D31/><U120/><E3/><V116/><F116/><W6/><G6/><T115/><D115/><N who="3" m="29441" /><W18/><DORA hai="40" /><G18/><T99/><D99/><U75/><E120/><V50/><F50/><AGARI ba="0,0" hai="44,47,50,52,56,74,79,82" m="29441,20759" machi="50" ten="40,8000,1" yaku="11,1,52,2,54,1" doraHai="64,40" who="3" fromWho="2" sc="210,0,370,0,215,-80,205,80" /><INIT seed="3,0,0,4,3,109" ten="210,370,135,285" oya="3" hai0="71,39,133,80,94,21,60,10,131,45,55,61,78" hai1="118,96,116,27,122,73,90,52,62,25,88,77,124" hai2="83,31,23,42,67,81,95,107,53,3,19,89,0" hai3="110,9,93,66,20,30,135,100,35,125,47,72,79"/><W41/><G35/><T64/><D133/><U33/><E122/><V22/><F107/><W121/><G121/><T119/><D119/><N who="1" m="45611" /><E124/><V57/><F67/><W69/><G69/><T75/><D131/><U48/><E62/><V1/><F42/><W43/><G66/><T84/><D21/><U2/><E2/><V28/><F23/><W32/><G32/><T127/><D127/><U120/><E120/><V11/><F11/><W130/><G9/><T74/><D94/><N who="1" m="56391" /><E33/><V129/><F129/><W87/><G43/><T85/><D74/><U92/><E77/><V14/><F83/><W111/><G72/><T4/><D61/><U76/><E76/><V49/><REACH who="2" step="1"/><F81/><REACH who="2" ten="210,370,125,285" step="2"/><W59/><G130/><T86/><D39/><U126/><E126/><V117/><F117/><W63/><G125/><T132/><D132/><U134/><E134/><V8/><F8/><W123/><G135/><T108/><D108/><U68/><E73/><V56/><F56/><W65/><G123/><T7/><D10/><U97/><E68/><V51/><F51/><W112/><G112/><T106/><D106/><U34/><E34/><V50/><F50/><W5/><G41/><T15/><D55/><U13/><E13/><V38/><F38/><W24/><G111/><T99/><D15/><U82/><E82/><V12/><F12/><W37/><G59/><AGARI ba="0,1" hai="25,27,48,52,59,90,92,97" m="56391,45611" machi="59" ten="30,3900,0" yaku="12,1,54,2" doraHai="109" who="1" fromWho="3" sc="210,0,370,49,125,0,285,-39" owari="210,-19.0,419,51.0,125,-37.0,246,5.0" /></mjloggm>