<mjloggm ver="2.3"><GO type="169" lobby="0"/><UN n0="%53%48%49%53%55%4B%45" n1="%E3%82%A6%E3%83%AB%E3%83%88%E3%83%A9%E7%AB%8B%E7%9B%B4" n2="%61%6C%75%63%61%72%64" n3="%E3%83%92%E3%81%A8%E3%82%B7" dan="16,18,16,16" rate="2157.78,2198.57,2139.05,2121.51" sx="M,M,M,M"/><TAIKYOKU oya="0"/><INIT seed="0,0,0,0,4,111" ten="250,250,250,250" oya="0" hai0="48,36,62,130,30,14,28,13,84,133,39,95,129" hai1="35,0,46,132,52,21,24,108,25,3,44,97,106" hai2="110,122,33,98,79,82,128,45,27,100,54,31,17" hai3="96,74,72,107,126,60,93,4,86,11,87,113,131"/><T75/><D75/><U41/><E108/><V43/><F110/><W15/><G126/><T125/><D48/><U38/><E132/><V65/><F128/><N who="0" m="49258" /><D62/><U117/><E117/><V85/><F122/><W6/><G131/><T90/><D125/><U99/><E35/><V9/><F54/><W116/><G116/><T68/><D68/><U26/><E21/><V112/><F65/><W59/><G107/><T81/><D133/><U104/><E52/><V16/><F9/><W20/><G4/><T67/><D67/><U18/><E18/><V12/><F12/><N who="0" m="4714" /><D81/><U51/><E51/><V57/><F57/><W118/><G74/><T124/><D124/><U1/><REACH who="1" step="1"/><E46/><REACH who="1" ten="250,240,250,250" step="2"/><V91/><F45/><W71/><G118/><T83/><D83/><U5/><E5/><V2/><F82/><W109/><G6/><T78/><D78/><U135/><E135/><V10/><F79/><W114/><G109/><T53/><D53/><U42/><E42/><V19/><F43/><W40/><G40/><T103/><D103/><U120/><E120/><V37/><F100/><W73/><G60/><T70/><D70/><U134/><E134/><V34/><F91/><W61/><G61/><T92/><D28/><U105/><AGARI ba="0,1" hai="0,1,3,24,25,26,38,41,44,97,99,104,105,106" machi="105" ten="50,8000,1" yaku="1,1,0,1,29,2,53,0" doraHai="111" doraHaiUra="115" who="1" fromWho="1" sc="250,-40,240,90,250,-20,250,-20" /><INIT seed="1,0,0,4,5,49" ten="210,330,230,230" oya="1" hai0="57,83,41,21,131,101,64,62,38,93,28,74,9" hai1="52,34,33,98,114,107,70,124,30,65,116,126,32" hai2="35,23,72,121,134,37,20,40,108,120,110,16,129" hai3="133,26,4,25,94,61,122,112,8,15,81,56,6"/><U132/><E116/><V5/><F72/><W95/><G133/><T54/><D131/><U29/><E114/><V85/><F35/><W19/><G122/><T12/><D38/><U55/><E132/><V59/><F134/><W27/><G112/><T0/><D0/><U14/><E14/><N who="2" m="9239" /><F129/><W117/><G81/><T44/><D41/><U113/><E113/><V88/><F5/><N who="3" m="2155" /><G117/><T92/><D74/><U10/><E10/><V127/><F23/><W69/><G69/><T96/><D83/><U100/><E65/><AGARI ba="0,0" hai="8,15,19,25,26,27,56,61,65,94,95" m="2155" machi="65" ten="30,1000,0" yaku="8,1" doraHai="49" who="3" fromWho="1" sc="210,0,330,-10,230,0,230,10" /><INIT seed="2,0,0,1,3,82" ten="210,320,230,240" oya="2" hai0="107,7,65,115,68,34,26,19,67,109,62,44,60" hai1="6,75,85,105,78,130,12,134,120,36,106,72,70" hai2="117,22,4,45,93,30,94,64,49,131,81,128,31" hai3="98,42,83,16,86,129,13,133,87,100,23,118,32"/><V10/><F117/><W28/><G118/><T18/><D115/><U40/><E12/><N who="2" m="5191" /><F64/><W15/><G129/><N who="2" m="49737" /><F81/><W71/><G133/><T126/><D107/><U57/><E70/><V132/><F132/><W47/><G71/><T37/><D7/><U53/><E6/><V122/><F122/><W91/><G32/><T104/><D104/><U92/><E75/><V5/><F5/><W76/><G28/><N who="2" m="10793" /><F22/><W80/><G13/><T110/><D67/><U88/><E72/><V27/><F27/><W46/><REACH who="3" step="1"/><G42/><AGARI ba="0,0" hai="42,45,49,93,94" m="10793,49737,5191" machi="42" ten="30,1500,0" yaku="19,1" doraHai="82" who="2" fromWho="3" sc="210,0,320,0,230,15,240,-15" /><INIT seed="2,1,0,0,2,115" ten="210,320,245,225" oya="2" hai0="40,93,129,60,75,39,72,29,5,15,51,57,103" hai1="33,50,58,47,28,95,36,38,94,108,110,42,116" hai2="96,117,98,56,78,24,34,81,54,31,86,107,46" hai3="113,76,3,77,88,119,8,12,55,134,59,82,99"/><V64/><F107/><W62/><G113/><T73/><D39/><U100/><E95/><V1/><F1/><W122/><G122/><T65/><D129/><U30/><E116/><V133/><F133/><W10/><G134/><T131/><D131/><U85/><E36/><V112/><F112/><W105/><G119/><T101/><D29/><U9/><E9/><V4/><F4/><W67/><G3/><T84/><D5/><U20/><E20/><V135/><F135/><W21/><G105/><T13/><D84/><U44/><E58/><V120/><F120/><W123/><G123/><T89/><D89/><U2/><E2/><V22/><F34/><W52/><G21/><T53/><D40/><U121/><E121/><V66/><F46/><W49/><G10/><T74/><N who="0" m="18432" /><DORA hai="118" /><T127/><D127/><U19/><E19/><V25/><F25/><W80/><G99/><N who="2" m="37929" /><F117/><W48/><G48/><AGARI ba="1,0" hai="22,24,31,48,54,56,64,66,78,81,86" m="37929" machi="48" ten="30,1500,0" yaku="8,1" doraHai="115,118" who="2" fromWho="3" sc="210,0,320,0,245,18,225,-18" /><INIT seed="2,2,0,1,1,95" ten="210,320,263,207" oya="2" hai0="71,39,103,25,9,81,49,86,110,124,101,12,128" hai1="135,38,134,97,55,28,41,102,42,116,122,5,83" hai2="111,37,70,51,72,23,105,60,40,14,119,82,22" hai3="21,73,46,1,11,112,78,121,109,79,44,47,106"/><V100/><F37/><W69/><G121/><T57/><D39/><U29/><E116/><V20/><F119/><W108/><G69/><T123/><D71/><U43/><E122/><V94/><F105/><W26/><G73/><T52/><D123/><U80/><E55/><V6/><F72/><W74/><G74/><T84/><D110/><N who="3" m="42601" /><G112/><T89/><D124/><U92/><E5/><V75/><F111/><W104/><G11/><T15/><D128/><U96/><E38/><V31/><F75/><W125/><G1/><T90/><D25/><U8/><E8/><N who="2" m="4375" /><F82/><W77/><G125/><T93/><REACH who="0" step="1"/><D12/><REACH who="0" ten="200,320,263,207" step="2"/><U54/><E135/><V117/><F70/><W61/><G61/><T7/><AGARI ba="2,1" hai="7,9,15,49,52,57,81,84,86,89,90,93,101,103" machi="7" ten="20,12000,2" yaku="1,1,2,1,0,1,7,1,8,1,54,1,53,0" doraHai="95" doraHaiUra="32" who="0" fromWho="0" sc="200,136,320,-32,263,-62,207,-32" /><INIT seed="3,0,0,1,5,78" ten="336,288,201,175" oya="3" hai0="30,62,128,70,102,14,118,111,16,131,90,132,88" hai1="76,10,24,35,34,68,63,95,94,81,87,71,97" hai2="72,61,82,37,123,103,31,25,65,2,8,59,15" hai3="45,56,115,85,84,33,60,129,57,47,104,4,55"/><W5/><G104/><T43/><D118/><U107/><E10/><V86/><F37/><W80/><G33/><T22/><D111/><U74/><E68/><V1/><F72/><W23/><G129/><N who="0" m="49739" /><D132/><U19/><E19/><V100/><F2/><W6/><G115/><T130/><D130/><U112/><E112/><V101/><F1/><W126/><G126/><T93/><D43/><U120/><E120/><V50/><F50/><W125/><G125/><T58/><D70/><U66/><E87/><V44/><F44/><W73/><G73/><T106/><D30/><N who="1" m="19783" /><E35/><V98/><F123/><W67/><G23/><T40/><D40/><U91/><E91/><V69/><F69/><W20/><G20/><T29/><D29/><U79/><E79/><N who="2" m="46431" /><F25/><W51/><REACH who="3" step="1"/><G85/><REACH who="3" ten="336,288,201,165" step="2"/><T46/><D106/><U17/><E107/><V54/><F31/><W52/><G52/><N who="0" m="34119" /><D46/><U134/><E74/><V96/><F54/><W13/><G13/><T53/><D53/><U77/><E134/><V117/><F117/><W11/><G11/><T127/><D127/><U49/><E66/><V122/><F122/><W110/><G110/><T133/><D133/><U114/><E114/><V12/><F12/><W9/><G9/><T48/><D14/><U109/><E109/><V99/><F15/><W7/><N who="3" m="1024" /><DORA hai="89" /><W41/><G41/><T39/><D22/><U0/><E0/><V64/><F8/><W21/><G21/><T38/><D16/><U26/><E17/><V113/><F113/><W83/><G83/><T121/><D121/><U116/><E81/><V28/><F28/><W135/><G135/><RYUUKYOKU ba="0,1" sc="336,-15,288,-15,201,15,165,15" hai2="59,61,64,65,96,98,99,100,101,103" hai3="45,47,51,55,56,57,60,67,80,84" /><INIT seed="3,1,1,5,2,3" ten="321,273,216,180" oya="3" hai0="94,11,79,134,131,109,103,13,64,66,39,68,36" hai1="47,73,130,89,23,92,76,41,14,104,43,40,48" hai2="17,72,1,82,7,27,24,32,135,55,128,74,59" hai3="110,16,71,6,105,28,69,46,83,51,63,111,60"/><W65/><G105/><T34/><D34/><U33/><E33/><V87/><F128/><W107/><G107/><T49/><D131/><U86/><E104/><V113/><F135/><W29/><G83/><T52/><D134/><U101/><E101/><V35/><F113/><W133/><G133/><T61/><D66/><U99/><E73/><V44/><F44/><W90/><G90/><T98/><D79/><U75/><E75/><V37/><F37/><W53/><G16/><T116/><D116/><U57/><E57/><V8/><F72/><W21/><G6/><T91/><D103/><U88/><E76/><V112/><F74/><W85/><G85/><T10/><D109/><N who="3" m="41481" /><G21/><T26/><D26/><U129/><E130/><V19/><F27/><W22/><G22/><T96/><D96/><U20/><E129/><V81/><F81/><W67/><AGARI ba="1,1" hai="28,29,46,51,53,60,63,65,67,69,71" m="41481" machi="67" ten="30,3000,0" yaku="14,1,10,1" doraHai="3" who="3" fromWho="3" sc="321,-11,273,-11,216,-11,180,43" /><INIT seed="3,2,0,0,4,34" ten="310,262,205,223" oya="3" hai0="78,31,131,80,74,59,115,129,47,61,132,55,106" hai1="90,1,134,133,85,135,57,67,98,15,36,122,49" hai2="62,46,100,51,58,30,124,114,126,120,117,119,79" hai3="54,127,13,82,110,52,94,7,20,73,2,91,14"/><W76/><G127/><N who="2" m="48681" /><F79/><W123/><G123/><T107/><D132/><U71/><E36/><V40/><F100/><W125/><G125/><T38/><D31/><U16/><E98/><V32/><F114/><W113/><G113/><T23/><D23/><N who="1" m="11679" /><E122/><V92/><F92/><W56/><G110/><T64/><D115/><U43/><E71/><V93/><F93/><W27/><G2/><T109/><D109/><U41/><E1/><V130/><F120/><W8/><G14/><T103/><D103/><U111/><E111/><V50/><F30/><W37/><G56/><T60/><D38/><U10/><E10/><V4/><F4/><W22/><G37/><T3/><D3/><U69/><E69/><V84/><F84/><W9/><G9/><T6/><D6/><U63/><E49/><N who="2" m="26823" /><F32/><W28/><REACH who="3" step="1"/><G22/><REACH who="3" ten="310,262,205,213" step="2"/><T81/><D47/><U83/><AGARI ba="2,1" hai="41,43,57,63,67,83,85,90,133,134,135" m="11679" machi="83" ten="30,2000,0" yaku="20,1,54,1" doraHai="34" who="1" fromWho="1" sc="310,-7,262,36,205,-7,213,-12" /><INIT seed="4,0,0,2,5,39" ten="303,298,198,201" oya="0" hai0="56,100,19,67,97,26,22,32,73,131,20,78,81" hai1="16,106,44,11,15,5,117,59,92,111,24,128,21" hai2="38,83,90,86,115,132,114,25,118,0,85,135,129" hai3="79,8,102,69,64,116,74,45,66,60,133,50,87"/><T9/><D131/><U18/><E106/><V65/><F0/><W14/><G133/><N who="2" m="51273" /><F38/><W17/><G66/><T36/><D36/><U109/><E117/><V84/><F65/><W53/><G102/><T105/><D32/><U121/><E121/><V34/><F34/><W89/><G79/><T80/><D80/><U28/><E128/><V77/><F129/><W6/><G74/><T35/><D35/><U10/><E59/><V40/><F25/><W93/><REACH who="3" step="1"/><G6/><REACH who="3" ten="303,298,198,191" step="2"/><T99/><D73/><U23/><E5/><V113/><F118/><AGARI ba="0,1" hai="8,14,17,45,50,53,60,64,69,87,89,93,116,118" machi="118" ten="40,2600,0" yaku="1,1,2,1,53,0" doraHai="39" doraHaiUra="134" who="3" fromWho="2" sc="303,0,298,0,198,-26,191,36" /><INIT seed="5,0,0,4,0,81" ten="303,298,172,227" oya="1" hai0="47,132,51,75,121,76,97,127,50,72,52,49,43" hai1="28,92,95,41,93,89,79,133,119,111,23,122,66" hai2="117,10,82,4,112,29,35,65,13,57,94,128,77" hai3="62,18,104,102,124,135,103,63,118,59,33,96,21"/><U108/><E122/><V84/><F117/><W69/><G124/><T130/><D127/><U70/><E79/><V67/><F128/><W37/><G135/><T123/><D130/><U7/><E7/><V71/><F71/><W113/><G113/><T12/><D132/><U110/><E41/><V42/><F112/><W73/><G73/><T3/><D3/><U56/><E70/><V68/><F68/><W26/><G37/><T8/><D97/><U61/><E119/><V30/><F35/><W101/><G118/><T38/><D52/><U34/><E34/><V90/><F42/><W54/><REACH who="3" step="1"/><G33/><REACH who="3" ten="303,298,172,217" step="2"/><T126/><D126/><U58/><E133/><V105/><F105/><W106/><G106/><T39/><D38/><U16/><E111/><V27/><F57/><W48/><G48/><T86/><D50/><U6/><E56/><V15/><F15/><W129/><G129/><T1/><D51/><U22/><E110/><V5/><F27/><W109/><G109/><T80/><D39/><U53/><E108/><V45/><F45/><W32/><G32/><T0/><D0/><U78/><E58/><V19/><F67/><AGARI ba="0,1" hai="18,21,26,54,59,62,63,67,69,96,101,102,103,104" machi="67" ten="40,1300,0" yaku="1,1,53,0" doraHai="81" doraHaiUra="83" who="3" fromWho="2" sc="303,0,298,0,172,-13,217,23" /><INIT seed="6,0,0,0,5,12" ten="303,298,159,240" oya="2" hai0="135,14,69,116,129,26,127,46,27,133,109,17,121" hai1="113,43,36,123,7,15,103,118,38,34,16,73,124" hai2="81,126,42,13,90,70,58,68,78,35,108,59,101" hai3="33,85,23,41,5,105,75,22,111,2,50,53,130"/><V52/><F35/><W86/><G75/><T21/><D109/><U55/><E7/><V8/><F108/><W18/><G33/><T66/><D121/><U94/><E43/><V83/><F42/><W77/><G105/><T51/><D127/><U84/><E73/><V112/><F126/><W114/><G111/><T71/><D129/><U10/><E34/><V64/><F101/><W57/><G130/><T80/><D80/><U107/><E107/><V104/><F104/><W119/><G119/><T76/><D76/><U79/><E103/><V39/><F39/><W47/><G23/><T122/><D122/><U92/><E38/><V29/><F29/><W25/><G77/><T49/><D116/><U63/><E36/><V11/><F112/><W32/><G32/><T120/><D120/><U6/><E123/><V54/><F78/><W20/><G5/><T28/><D27/><U87/><E124/><V97/><F13/><N who="3" m="9295" /><G2/><T1/><D1/><U99/><E113/><V89/><REACH who="2" step="1"/><F64/><REACH who="2" ten="303,298,149,240" step="2"/><W110/><G110/><T91/><D66/><U65/><E65/><V9/><F9/><W3/><G114/><T102/><D28/><U62/><E15/><V4/><F4/><W24/><G3/><T0/><D14/><U30/><E6/><V48/><F48/><N who="3" m="30887" /><G25/><T115/><D0/><U82/><E10/><V128/><F128/><W93/><G50/><T19/><D115/><U132/><E79/><V40/><F40/><W31/><G41/><T117/><D117/><U88/><E118/><V131/><F131/><W96/><G31/><T56/><D49/><U37/><E30/><RYUUKYOKU ba="0,1" sc="303,-10,298,-10,149,30,240,-10" hai2="8,11,52,54,58,59,68,70,81,83,89,90,97" /><INIT seed="6,1,1,2,1,2" ten="293,288,179,230" oya="2" hai0="5,55,71,61,128,52,104,72,16,74,25,78,83" hai1="127,94,7,101,6,107,13,92,88,130,103,8,50" hai2="21,46,124,24,43,18,90,77,100,17,76,39,44" hai3="31,132,19,53,22,93,108,68,95,23,59,111,86"/><V102/><F124/><W0/><G68/><T126/><D104/><U28/><E107/><V54/><F90/><W29/><G0/><T99/><D74/><U81/><E127/><V89/><F89/><N who="3" m="53431" /><G132/><T48/><D126/><U82/><E130/><V60/><F39/><W106/><G106/><T45/><D99/><N who="1" m="57735" /><E28/><N who="3" m="10826" /><G95/><T49/><D128/><U91/><E50/><N who="2" m="26911" /><F18/><W96/><G96/><T122/><D122/><U67/><E7/><V105/><F105/><W33/><G33/><T85/><D5/><U129/><E129/><V69/><F69/><W79/><G111/><T15/><D72/><U1/><E1/><V27/><F27/><W73/><G73/><T87/><D25/><U119/><E119/><V37/><F37/><W10/><G108/><T97/><D97/><N who="1" m="57567" /><E67/><V9/><F9/><W30/><G30/><T70/><D85/><U38/><E38/><V36/><F36/><W135/><G135/><T51/><D71/><U47/><E47/><V115/><F46/><W118/><G118/><T64/><REACH who="0" step="1"/><D45/><REACH who="0" ten="283,288,179,230" step="2"/><U57/><E57/><N who="2" m="34871" /><F115/><W32/><G32/><T117/><D117/><U75/><E75/><V121/><F121/><W65/><G59/><T11/><AGARI ba="1,2" hai="11,15,16,48,49,51,52,55,61,64,70,78,83,87" machi="11" ten="30,8000,1" yaku="1,1,0,1,54,2,53,1" doraHai="2" doraHaiUra="66" who="0" fromWho="0" sc="283,103,288,-21,179,-41,230,-21" /><INIT seed="7,0,0,2,4,13" ten="386,267,138,209" oya="3" hai0="69,44,128,113,91,38,105,121,84,41,36,75,87" hai1="99,119,20,4,102,0,47,112,90,64,21,55,76" hai2="34,23,72,111,28,130,129,74,108,123,109,66,54" hai3="67,11,48,3,125,10,16,19,126,104,63,5,71"/><W120/><G120/><T118/><D121/><U127/><E76/><V96/><F123/><W24/><G104/><T12/><D118/><U81/><E64/><V46/><F66/><W117/><G117/><T17/><D75/><U103/><E103/><V51/><F34/><W135/><G135/><T39/><D69/><U62/><E112/><V114/><F114/><W35/><G48/><T52/><D105/><U101/><E101/><V83/><F96/><W65/><G65/><T92/><D113/><U37/><E37/><V89/><F89/><W80/><G11/><T9/><D128/><U14/><E0/><V93/><F93/><W115/><G115/><T49/><REACH who="0" step="1"/><D87/><REACH who="0" ten="376,267,138,209" step="2"/><U27/><E119/><V68/><F68/><W79/><G126/><T7/><D7/><U59/><E4/><V1/><F1/><W56/><G125/><T88/><D88/><U73/><E90/><V60/><F60/><W132/><G132/><T30/><D30/><U94/><E127/><V22/><F28/><W25/><G71/><T29/><D29/><U15/><E73/><V8/><F74/><W122/><G122/><T31/><D31/><U100/><E100/><V50/><F50/><W85/><REACH who="3" step="1"/><G35/><REACH who="3" ten="376,267,138,199" step="2"/><T18/><D18/><AGARI ba="0,2" hai="3,5,10,16,18,19,24,25,56,63,67,79,80,85" machi="18" ten="40,18000,2" yaku="1,1,2,1,52,3,54,1,53,0" doraHai="13" doraHaiUra="116" who="3" fromWho="0" sc="376,-180,267,0,138,0,199,200" owari="196,-20.0,267,7.0,138,-36.0,399,49.0" /></mjloggm>