<mjloggm ver="2.3"><GO type="169" lobby="0"/><UN n0="%E5%B0%B1%E6%B4%BB%E7%94%9F%40%E5%B7%9D%E6%9D%91%E8%BB%8D%E5%9B%A3" n1="%E2%80%A0%41%71%75%61%E2%80%A0" n2="%28%E3%80%8C%E3%83%BB%CF%89%E3%83%BB%29%E3%80%8C" n3="%4D%4A%E3%81%AE%E6%9C%80%E9%AB%98%E5%B3%B0" dan="18,16,16,17" rate="2330.93,2130.00,2047.74,2165.81" sx="M,M,M,M"/><TAIKYOKU oya="0"/><INIT seed="0,0,0,3,3,57" ten="250,250,250,250" oya="0" hai0="23,78,128,55,10,113,21,93,37,110,63,85,15" hai1="26,25,49,130,45,16,61,66,17,30,74,38,79" hai2="123,43,42,56,64,54,59,102,36,34,129,125,11" hai3="126,127,12,29,7,22,28,124,81,107,96,122,97"/><T87/><D113/><U68/><E38/><V46/><F34/><W52/><G122/><T32/><D32/><U1/><E1/><V92/><F11/><W76/><G107/><T134/><D37/><U111/><E111/><V105/><F105/><W75/><G52/><T90/><D128/><U0/><E0/><V119/><F123/><W116/><G116/><T72/><D72/><U2/><E2/><V60/><F92/><W14/><G7/><T8/><D134/><U94/><E130/><V13/><F13/><N who="3" m="5227" /><G22/><T73/><D73/><U65/><E65/><V50/><F102/><W53/><G53/><T83/><D110/><U62/><E94/><V86/><F86/><W118/><G118/><T133/><D133/><U131/><E131/><V108/><F119/><W51/><G51/><T19/><D23/><U48/><E49/><N who="2" m="30799" /><F64/><W121/><G121/><T44/><D44/><U41/><E62/><V39/><F108/><W89/><G89/><T40/><D40/><U58/><E68/><V69/><F129/><W132/><G132/><T5/><D5/><U95/><E95/><V106/><F106/><W80/><G80/><T71/><D71/><U117/><E117/><V101/><F101/><W6/><G6/><T103/><D103/><U33/><REACH who="1" step="1"/><E26/><REACH who="1" ten="250,240,250,250" step="2"/><V31/><F36/><W99/><AGARI ba="0,1" hai="28,29,75,76,81,96,97,99,124,126,127" m="5227" machi="99" ten="40,1500,0" yaku="18,1" doraHai="57" who="3" fromWho="3" sc="250,-7,240,-4,250,-4,250,25" /><INIT seed="1,0,0,4,2,5" ten="243,236,246,275" oya="1" hai0="82,119,111,91,126,118,59,90,26,116,121,3,130" hai1="109,134,88,49,60,132,97,93,1,99,45,76,30" hai2="86,92,101,15,122,108,57,69,68,31,52,40,48" hai3="54,120,124,34,4,104,73,42,64,35,113,29,37"/><U100/><E1/><V53/><F122/><W6/><G54/><T51/><D3/><U18/><E30/><V72/><F72/><W66/><G42/><T131/><D26/><U102/><E76/><V13/><F108/><W83/><G83/><T79/><D59/><U11/><E60/><V117/><F117/><W106/><G37/><T70/><D51/><U17/><E109/><V61/><F40/><W0/><G0/><T10/><D10/><U105/><E100/><V56/><F31/><W27/><G29/><T62/><D62/><U47/><E47/><V20/><F20/><W78/><G78/><T63/><D63/><U28/><E28/><V112/><F112/><W110/><G27/><T128/><D70/><U127/><E127/><V85/><F85/><W33/><G73/><N who="0" m="43375" /><D111/><U75/><E75/><V16/><F15/><W107/><G124/><T58/><D58/><U84/><E99/><V103/><F68/><W87/><G87/><T95/><D126/><U7/><E7/><V67/><F67/><W21/><G35/><T125/><D125/><U135/><REACH who="1" step="1"/><E11/><REACH who="1" ten="243,226,246,275" step="2"/><N who="2" m="6207" /><F69/><W14/><G110/><T114/><D114/><U123/><E123/><V77/><F77/><W71/><G71/><T94/><D121/><U81/><E81/><V89/><AGARI ba="0,1" hai="48,52,53,56,57,61,86,89,92,101,103" m="6207" machi="89" ten="30,7900,0" yaku="8,1,52,1,54,2" doraHai="5" who="2" fromWho="2" sc="243,-20,226,-39,246,89,275,-20" /><INIT seed="2,0,0,4,2,101" ten="223,187,335,255" oya="2" hai0="9,107,58,48,72,105,96,80,14,100,43,33,103" hai1="90,98,8,59,55,4,69,131,49,76,118,60,74" hai2="125,19,23,121,85,126,113,10,16,83,44,18,22" hai3="31,42,17,50,99,32,129,66,93,28,45,24,13"/><V34/><F113/><W61/><G129/><T109/><D33/><U73/><E118/><V77/><F121/><W26/><G24/><T127/><D127/><N who="2" m="48650" /><F34/><W7/><G7/><T65/><D109/><U112/><E112/><V21/><F44/><W5/><G5/><T102/><D96/><U128/><E90/><V132/><F132/><W53/><G31/><T29/><D29/><U0/><E98/><V130/><F130/><N who="1" m="49705" /><E76/><V119/><F119/><W108/><G108/><T11/><D11/><AGARI ba="0,0" hai="10,11,16,18,19,21,22,23,77,83,85" m="48650" machi="11" ten="40,3900,0" yaku="18,1,54,1" doraHai="101" who="2" fromWho="0" sc="223,-39,187,0,335,39,255,0" /><INIT seed="2,1,0,5,4,19" ten="184,187,374,255" oya="2" hai0="37,46,134,85,109,0,121,29,117,76,31,42,45" hai1="111,54,51,39,57,68,90,18,4,74,126,58,87" hai2="102,28,88,12,79,34,27,66,96,125,9,64,132" hai3="84,6,43,122,38,67,33,40,23,35,62,115,75"/><V106/><F132/><W128/><G75/><T92/><D121/><U99/><E74/><V47/><F125/><W83/><G128/><T41/><D0/><U101/><E68/><V52/><F79/><W112/><G6/><T10/><D134/><U78/><E39/><V120/><F120/><W63/><G63/><T124/><D124/><U110/><E126/><V11/><F88/><W15/><G122/><T98/><D117/><U72/><E4/><V3/><F3/><W82/><G82/><T20/><D10/><U59/><E78/><V16/><REACH who="2" step="1"/><F9/><REACH who="2" ten="184,187,364,255" step="2"/><W105/><G83/><T1/><D1/><U73/><E90/><V8/><F8/><W107/><G115/><T14/><D76/><U65/><E73/><V108/><F108/><W129/><G112/><T5/><D85/><U119/><E72/><V69/><F69/><W2/><G84/><T135/><D135/><U25/><E87/><V71/><F71/><W70/><G70/><T77/><D77/><U60/><E119/><V100/><F100/><W26/><G2/><T17/><D109/><U61/><E101/><V103/><F103/><W114/><G114/><T123/><D123/><U44/><E110/><V89/><F89/><W48/><G129/><T21/><D98/><U22/><E111/><V55/><F55/><W95/><G67/><T49/><D92/><U80/><E99/><V36/><F36/><W50/><G38/><T91/><D91/><U116/><E116/><V13/><F13/><W104/><G95/><T56/><D37/><U32/><E65/><V131/><F131/><W81/><G81/><RYUUKYOKU ba="1,1" sc="184,-10,187,-10,364,30,255,-10" hai2="11,12,16,27,28,34,47,52,64,66,96,102,106" /><INIT seed="2,2,1,5,3,116" ten="174,177,394,245" oya="2" hai0="45,19,93,2,7,37,33,60,128,17,39,124,1" hai1="92,132,10,103,24,50,43,64,8,71,41,21,6" hai2="55,106,115,83,44,94,102,85,118,38,42,88,68" hai3="77,97,101,22,119,125,53,66,135,4,28,129,61"/><V11/><F118/><W16/><G129/><T120/><D33/><U59/><E71/><V104/><F115/><W95/><G135/><T117/><D117/><U98/><E132/><V46/><F68/><W70/><G125/><T34/><D34/><U54/><E64/><V75/><F11/><W112/><G112/><T35/><D35/><U0/><REACH who="1" step="1"/><E10/><REACH who="1" ten="174,167,394,245" step="2"/><V89/><F106/><W100/><G119/><T47/><D124/><U72/><E72/><V29/><F104/><W26/><G4/><T49/><D128/><U69/><E69/><V32/><F75/><W67/><G67/><T40/><D7/><U78/><E78/><V5/><F5/><W84/><G77/><T20/><D20/><U65/><E65/><V48/><F32/><W108/><G108/><T114/><D114/><U14/><E14/><V57/><F57/><W76/><G76/><T27/><D27/><U105/><E105/><V131/><F131/><W126/><G126/><T134/><D134/><U25/><E25/><V18/><F46/><W111/><G111/><T81/><D2/><U87/><E87/><V91/><F85/><W96/><G84/><T110/><D1/><U58/><E58/><V109/><F109/><W73/><G73/><T36/><D110/><U62/><E62/><V82/><F44/><W31/><G66/><T12/><D60/><U51/><E51/><V23/><F48/><W80/><G70/><T107/><D47/><U122/><E122/><V127/><F127/><W9/><G61/><T113/><D120/><U133/><E133/><V99/><F38/><W90/><G9/><RYUUKYOKU ba="2,2" sc="174,-10,167,30,394,-10,245,-10" hai1="0,6,8,21,24,41,43,50,54,59,92,98,103" /><INIT seed="3,3,2,2,3,130" ten="164,197,384,235" oya="3" hai0="47,133,71,98,109,21,84,69,26,75,38,85,73" hai1="25,107,79,23,29,83,97,49,55,59,3,58,66" hai2="35,128,31,7,34,9,127,19,132,16,91,57,18" hai3="32,51,8,33,101,108,6,100,74,102,44,60,88"/><W96/><G74/><T17/><D109/><U94/><E3/><V86/><F132/><W64/><G108/><T30/><D133/><U124/><E124/><V13/><F128/><W90/><G96/><T70/><D98/><U110/><E110/><V45/><F127/><W61/><G33/><T67/><D67/><U72/><E107/><V120/><F120/><W5/><G32/><T42/><REACH who="0" step="1"/><D30/><REACH who="0" ten="154,197,384,235" step="2"/><U114/><E114/><V12/><F31/><W103/><G64/><T37/><D37/><U4/><E66/><V87/><F35/><W115/><G115/><T10/><D10/><U135/><E135/><V48/><F34/><W54/><G103/><T125/><D125/><U99/><E99/><V2/><F57/><W122/><G122/><T20/><D20/><U39/><E39/><V81/><REACH who="2" step="1"/><F87/><AGARI ba="3,3" hai="17,21,26,38,42,47,69,70,71,73,75,84,85,87" machi="87" ten="40,1300,0" yaku="1,1,53,0" doraHai="130" doraHaiUra="78" who="0" fromWho="2" sc="154,52,197,0,384,-22,235,0" /><INIT seed="4,0,0,4,3,52" ten="206,197,362,235" oya="0" hai0="45,92,50,28,79,82,38,131,55,99,87,129,41" hai1="4,26,125,22,32,54,12,116,8,101,127,53,11" hai2="105,67,25,88,1,43,111,86,29,31,117,110,49" hai3="115,56,46,72,37,76,132,36,30,102,109,106,81"/><T59/><REACH who="0" step="1"/><D28/><REACH who="0" ten="196,197,362,235" step="2"/><U93/><E125/><V40/><F31/><W17/><G30/><T75/><D75/><U96/><E127/><V133/><F29/><W70/><G72/><T98/><D98/><U119/><E119/><V123/><F117/><W130/><G115/><T94/><D94/><U134/><E116/><V24/><F111/><W121/><G106/><T14/><D14/><U69/><E93/><V60/><F105/><W62/><G121/><T42/><D42/><U77/><E96/><V13/><F40/><W120/><G120/><T16/><D16/><U63/><E12/><V47/><F13/><W57/><G17/><T95/><D95/><U124/><E124/><V83/><F110/><W68/><G109/><T113/><D113/><U3/><E26/><V2/><F123/><W7/><G7/><T65/><D65/><U6/><E4/><V78/><F24/><W91/><G70/><T90/><AGARI ba="0,1" hai="38,41,45,50,55,59,79,82,87,90,92,99,129,131" machi="90" ten="30,11700,0" yaku="21,2,0,1,52,1,53,0" doraHai="52" doraHaiUra="23" who="0" fromWho="0" sc="196,127,197,-39,362,-39,235,-39" /><INIT seed="4,1,0,1,4,27" ten="323,158,323,196" oya="0" hai0="68,30,85,110,109,72,41,70,107,0,84,83,35" hai1="134,111,86,116,130,33,54,99,12,52,1,8,50" hai2="60,58,18,36,114,108,121,25,23,61,53,92,93" hai3="22,65,47,56,91,14,104,45,119,55,44,126,124"/><T51/><D107/><U62/><E111/><N who="0" m="42505" /><D0/><U13/><E116/><V28/><F121/><W127/><G104/><T80/><D72/><U15/><E33/><V128/><F36/><W82/><G119/><T78/><D41/><U16/><E130/><V48/><F108/><W11/><G65/><T88/><D51/><U94/><E1/><V9/><F128/><W101/><G101/><T74/><D74/><U4/><E134/><V120/><F114/><W103/><G103/><T7/><D7/><U19/><E86/><V2/><F120/><W87/><G22/><T129/><D129/><U89/><E62/><N who="2" m="24171" /><F2/><W32/><G32/><T6/><D6/><U81/><E81/><V102/><F102/><W46/><G46/><T38/><D38/><U76/><E76/><V40/><F40/><W5/><G56/><T29/><D35/><U59/><E4/><V97/><F97/><W49/><AGARI ba="1,0" hai="5,11,14,44,45,47,49,55,82,87,91,124,126,127" machi="49" ten="40,2700,0" yaku="0,1,18,1" doraHai="27" who="3" fromWho="3" sc="323,-14,158,-8,323,-8,196,30" /><INIT seed="5,0,0,0,4,105" ten="309,150,315,226" oya="1" hai0="121,108,57,91,31,35,44,37,53,77,80,107,65" hai1="123,132,129,104,7,60,99,106,101,46,67,94,22" hai2="122,55,133,83,75,72,112,20,82,76,97,13,21" hai3="0,39,124,87,102,109,95,59,113,34,1,48,98"/><U61/><E123/><V50/><F122/><W103/><G109/><T92/><D107/><U69/><E129/><V120/><F120/><W12/><G39/><T64/><D121/><U125/><E125/><V116/><F116/><W18/><G34/><T43/><D108/><U5/><E132/><V126/><F133/><W135/><G135/><T93/><D31/><U9/><E7/><V33/><F33/><W115/><G103/><T73/><D92/><U16/><E46/><V49/><F126/><W40/><G87/><T79/><D79/><U17/><E61/><V36/><F36/><W32/><G32/><T74/><D35/><U24/><REACH who="1" step="1"/><E17/><REACH who="1" ten="309,140,315,226" step="2"/><V78/><F112/><N who="3" m="43083" /><G124/><T71/><D71/><U45/><E45/><V29/><F29/><W15/><G18/><T10/><D44/><U86/><E86/><V131/><F131/><W8/><G40/><T52/><D43/><U84/><E84/><V58/><F97/><W134/><G134/><T90/><D37/><U130/><E130/><V42/><F42/><W118/><G118/><T85/><D85/><U70/><E70/><V89/><F50/><W41/><G41/><T11/><D77/><U81/><E81/><V3/><F78/><W117/><G117/><T26/><D80/><U14/><AGARI ba="0,1" hai="5,9,14,16,22,24,60,67,69,94,99,101,104,106" machi="14" ten="20,12000,1" yaku="1,1,0,1,7,1,54,1,53,1" doraHai="105" doraHaiUra="19" who="1" fromWho="1" sc="309,-40,140,130,315,-40,226,-40" /><INIT seed="5,1,0,0,2,73" ten="269,270,275,186" oya="1" hai0="135,110,60,26,36,103,5,59,43,69,87,2,33" hai1="42,84,92,80,117,113,115,55,65,50,4,48,107" hai2="124,28,64,99,58,119,7,54,93,131,116,31,25" hai3="37,63,67,20,24,49,83,27,88,8,12,38,77"/><U74/><E107/><V18/><F131/><W14/><G49/><T126/><D110/><U52/><E117/><V79/><F124/><W129/><G14/><T100/><D69/><U41/><E74/><V94/><F7/><W40/><G129/><T104/><D104/><U35/><E35/><V134/><F64/><W98/><G88/><T75/><D75/><U122/><E122/><V76/><F134/><W0/><G98/><T114/><D114/><N who="1" m="43531" /><E65/><V123/><F123/><W121/><G0/><T66/><D135/><U89/><E4/><V127/><F127/><W72/><G121/><T81/><D126/><U16/><E92/><N who="2" m="35435" /><F99/><W133/><G133/><T112/><D112/><U1/><E1/><V32/><F32/><W11/><G11/><T3/><D5/><U13/><E48/><N who="2" m="31047" /><F119/><W91/><G91/><T108/><D108/><U85/><E85/><V47/><F47/><W132/><G132/><T78/><D3/><U111/><E111/><V120/><F120/><W29/><G40/><N who="1" m="15466" /><E50/><V39/><F39/><W21/><G63/><T128/><D2/><U19/><E19/><V90/><F116/><W71/><G71/><T70/><D128/><U6/><E6/><V23/><F90/><W10/><G67/><T56/><D43/><U125/><E125/><V118/><F118/><W46/><G38/><T109/><D36/><U105/><E105/><V61/><F61/><W30/><G37/><T97/><D109/><U130/><E130/><V95/><N who="2" m="35443" /><V68/><DORA hai="45" /><F68/><W86/><G72/><T17/><D97/><U22/><AGARI ba="1,0" hai="13,16,22,52,55,80,84,89" m="15466,43531" machi="22" ten="30,6000,0" yaku="15,1,54,2" doraHai="73,45" who="1" fromWho="1" sc="269,-21,270,63,275,-21,186,-21" /><INIT seed="5,2,0,3,1,64" ten="248,333,254,165" oya="1" hai0="13,130,52,102,91,128,44,9,92,106,103,43,117" hai1="116,25,15,55,28,110,30,88,45,81,33,112,11" hai2="20,126,67,17,107,6,76,90,34,131,120,89,114" hai3="101,118,68,27,125,37,50,98,21,85,57,83,10"/><U65/><E116/><V46/><F120/><W22/><G37/><T127/><D117/><U35/><E65/><V94/><F34/><W115/><G125/><T99/><D127/><U48/><E112/><V23/><F107/><W93/><G115/><T40/><D52/><U63/><E63/><V123/><F123/><W2/><G118/><T3/><D3/><U74/><E110/><V69/><F6/><W108/><G108/><T62/><D62/><U24/><E74/><V122/><F76/><W18/><G2/><T54/><D54/><U0/><E0/><V133/><F122/><W73/><G73/><T51/><D43/><U49/><E49/><V71/><F67/><W111/><G10/><T12/><D12/><U97/><E97/><V47/><F126/><W105/><G105/><T42/><D42/><U5/><E81/><V78/><F114/><W7/><G7/><N who="0" m="3263" /><D106/><U36/><E36/><V1/><F1/><W59/><G111/><T26/><D26/><U79/><E79/><V72/><F78/><W100/><G100/><T95/><D95/><U119/><E119/><V134/><F94/><W19/><G68/><T8/><D8/><U109/><E109/><V31/><F72/><W129/><G50/><T14/><D14/><U38/><E38/><V66/><F66/><W113/><G113/><T132/><D132/><U135/><E135/><V87/><F134/><W82/><G82/><T53/><D40/><U56/><E45/><V75/><F133/><W60/><G60/><T124/><D124/><U84/><E84/><V96/><F75/><W77/><G129/><AGARI ba="2,0" hai="44,51,53,91,92,99,102,103,128,129,130" m="3263" machi="129" ten="30,2000,0" yaku="6,1,19,1" doraHai="64" who="0" fromWho="3" sc="248,26,333,0,254,0,165,-26" /><INIT seed="6,0,0,3,2,21" ten="274,333,254,139" oya="2" hai0="128,20,122,115,78,56,86,26,12,11,8,120,16" hai1="135,51,124,109,61,31,55,90,42,79,134,133,112" hai2="24,89,82,125,80,53,54,81,74,101,105,22,0" hai3="48,44,106,84,68,58,4,41,119,30,1,45,64"/><V23/><F125/><W39/><G106/><T66/><D115/><U10/><E109/><V13/><F0/><W18/><G30/><N who="0" m="17735" /><D128/><U76/><E124/><V111/><F111/><W52/><G119/><T117/><D117/><U47/><E112/><V126/><F126/><W71/><G84/><T69/><D69/><N who="3" m="26697" /><G18/><T118/><D118/><U96/><E31/><V129/><F129/><W114/><G4/><T87/><D120/><U127/><E127/><V67/><F67/><W77/><G77/><T91/><D122/><U50/><E61/><V121/><F121/><W33/><G1/><T100/><D100/><U93/><E10/><V59/><F74/><W92/><G33/><T104/><D104/><U57/><AGARI ba="0,0" hai="42,47,50,51,55,57,76,79,90,93,96,133,134,135" machi="57" ten="30,2000,0" yaku="0,1,20,1" doraHai="21" who="1" fromWho="1" sc="274,-5,333,20,254,-10,139,-5" /><INIT seed="7,0,0,5,1,42" ten="269,353,244,134" oya="3" hai0="133,106,1,81,53,0,68,125,31,71,97,103,2" hai1="110,54,111,63,75,17,36,113,49,24,30,47,104" hai2="89,10,102,52,78,100,92,25,21,101,132,115,6" hai3="94,120,69,122,32,51,46,80,84,56,43,77,19"/><W4/><G69/><T127/><D133/><U59/><E75/><V79/><F115/><W8/><G32/><T62/><D31/><U98/><E36/><V5/><F132/><W135/><G135/><T41/><D41/><U14/><E113/><V12/><F5/><W116/><G116/><T123/><D123/><U131/><E131/><V37/><F37/><W96/><G19/><T61/><D81/><U40/><E98/><N who="2" m="57615" /><F52/><W107/><G56/><N who="0" m="34959" /><D62/><U18/><E17/><AGARI ba="0,0" hai="6,10,12,17,21,25,78,79,100,101,102" m="57615" machi="17" ten="30,1000,0" yaku="8,1" doraHai="42" who="2" fromWho="1" sc="269,0,353,-10,244,10,134,0" owari="269,7.0,343,45.0,254,-15.0,134,-37.0" /></mjloggm>