<mjloggm ver="2.3"><GO type="169" lobby="0"/><UN n0="%E3%81%B6%E3%81%A3%E3%81%A8%E3%81%B3%E3%82%AB%E3%83%BC%E3%83%89" n1="%E3%82%A6%E3%83%AB%E3%83%88%E3%83%A9%E7%AB%8B%E7%9B%B4" n2="%E3%83%8D%E3%83%BC%E3%83%A0%E3%83%AC%E3%82%B9%EF%BC%97" n3="%E4%BD%93%E8%82%B2%E9%A4%A8%E9%87%8E%E7%90%83%E9%83%A8%E5%93%A1" dan="17,17,16,16" rate="2182.56,2143.07,2163.47,2110.46" sx="M,M,M,M"/><TAIKYOKU oya="0"/><INIT seed="0,0,0,0,4,124" ten="250,250,250,250" oya="0" hai0="85,9,24,14,105,94,41,125,116,56,72,117,55" hai1="6,45,95,32,129,132,99,18,31,128,58,118,110" hai2="62,12,130,97,69,42,11,122,16,87,119,52,89" hai3="10,126,93,74,59,36,20,77,21,46,81,13,104"/><T83/><D105/><U96/><E118/><V123/><F119/><W3/><G104/><T47/><D125/><U127/><E127/><V38/><F97/><W68/><G126/><T23/><D72/><U15/><E6/><V63/><F130/><N who="1" m="50281" /><E110/><V39/><F63/><W43/><G68/><T91/><D41/><U60/><E132/><V86/><F86/><W75/><G75/><T4/><D47/><U90/><E45/><V135/><F135/><W19/><G59/><T7/><D7/><U106/><E31/><V35/><F35/><W37/><G37/><T73/><D73/><U8/><E32/><V79/><F79/><W17/><G3/><T70/><D70/><U133/><E133/><V131/><F131/><W64/><G64/><T111/><D111/><U82/><E82/><V98/><F69/><W26/><G93/><T27/><D27/><U113/><E113/><V112/><F112/><W25/><G10/><T65/><D83/><U101/><E58/><N who="2" m="35143" /><F42/><W76/><REACH who="3" step="1"/><G77/><REACH who="3" ten="250,250,250,240" step="2"/><T33/><D116/><U109/><E109/><V80/><F38/><W5/><G5/><T0/><D117/><U100/><E60/><V54/><F39/><W57/><G57/><T29/><D0/><U34/><E34/><V40/><F123/><W1/><G1/><T51/><D33/><U61/><E61/><V53/><F122/><W44/><G44/><T92/><D56/><U50/><E50/><V2/><F2/><W107/><G107/><T134/><D134/><U28/><E101/><V108/><F108/><W71/><G71/><T114/><D114/><U102/><E102/><RYUUKYOKU ba="0,1" sc="250,-15,250,15,250,-15,240,15" hai1="8,15,18,28,90,95,96,99,100,106" hai3="13,17,19,20,21,25,26,36,43,46,74,76,81" /><INIT seed="1,1,1,0,5,21" ten="235,265,235,255" oya="1" hai0="56,107,25,4,41,47,108,66,96,28,53,31,120" hai1="116,126,7,64,118,55,24,102,75,86,132,128,98" hai2="71,97,36,129,69,57,101,105,27,49,8,121,117" hai3="30,124,83,18,59,73,89,45,95,94,32,54,110"/><U99/><E75/><V122/><F36/><W29/><G110/><T87/><D108/><U130/><E64/><V14/><F117/><N who="1" m="45161" /><E7/><V133/><F133/><W72/><G32/><T37/><D120/><U42/><E42/><V13/><F129/><N who="1" m="49769" /><E132/><V34/><F71/><W103/><G73/><T78/><D66/><U127/><E55/><V82/><F69/><W11/><G72/><T39/><D39/><U70/><E70/><V134/><F134/><W12/><G124/><N who="1" m="47658" /><E24/><V19/><F27/><W114/><G54/><T58/><D4/><U52/><E52/><V80/><F122/><W112/><G45/><T33/><D53/><U3/><E3/><V10/><F121/><W60/><G59/><T50/><D37/><U119/><N who="1" m="45169" /><U115/><DORA hai="104" /><E115/><V26/><F57/><W76/><G114/><T106/><D58/><U111/><E111/><V0/><F0/><W90/><G112/><T46/><D56/><U74/><E74/><V113/><F49/><W123/><G123/><T22/><D47/><U88/><E102/><V79/><F113/><W67/><G103/><T35/><D50/><U40/><E40/><V62/><F62/><W16/><G67/><T2/><D2/><U9/><E9/><V5/><F26/><W131/><G60/><T1/><D1/><U77/><E77/><V38/><F38/><W81/><G131/><T135/><D135/><U61/><E61/><V51/><F79/><W48/><G48/><T17/><D41/><U6/><E6/><V44/><F34/><N who="0" m="12810" /><D46/><U100/><E100/><V63/><F63/><W84/><G76/><RYUUKYOKU ba="1,1" sc="235,-15,265,15,235,15,255,-15" hai1="86,88,98,99" hai2="5,8,10,13,14,19,44,51,80,82,97,101,105" /><INIT seed="1,2,1,3,4,4" ten="220,280,250,240" oya="1" hai0="116,98,23,6,85,18,108,75,113,79,92,13,131" hai1="91,47,14,34,45,43,83,101,5,109,120,37,111" hai2="119,26,24,52,124,96,77,110,135,56,1,20,42" hai3="90,102,78,103,70,97,63,106,7,28,58,129,33"/><U118/><E34/><V68/><F68/><W31/><G129/><T50/><D113/><U41/><E101/><V88/><F119/><W121/><G102/><T74/><D116/><U115/><E118/><V51/><F1/><W104/><G121/><T46/><D108/><N who="1" m="41547" /><E120/><V39/><F110/><W67/><G106/><T59/><D131/><U114/><E91/><V54/><F135/><W17/><G78/><T57/><D75/><U62/><E83/><V112/><F124/><W60/><G90/><N who="0" m="55575" /><D74/><U126/><E126/><V72/><F112/><N who="1" m="43049" /><E62/><V3/><F77/><W130/><G130/><T95/><D95/><U8/><E43/><V40/><F72/><W2/><G33/><T107/><D107/><U65/><E47/><V25/><F42/><W71/><G71/><T22/><D85/><U69/><E69/><V76/><F40/><W19/><G63/><T29/><D79/><U80/><E80/><V99/><F76/><W93/><G70/><T11/><D46/><U44/><E44/><V36/><F88/><W100/><G100/><T82/><D50/><U53/><E53/><V21/><F54/><W125/><G104/><T123/><D82/><U81/><E81/><V128/><F128/><W35/><G35/><T15/><D123/><U84/><E84/><V127/><F127/><W133/><G125/><T94/><D94/><U61/><E61/><V66/><F66/><AGARI ba="2,1" hai="5,8,14,37,41,45,65,66" m="43049,41547" machi="66" ten="30,5800,0" yaku="14,1,10,1,52,1" doraHai="4" who="1" fromWho="2" sc="220,0,280,74,250,-64,240,0" /><INIT seed="1,3,0,1,0,121" ten="220,354,186,240" oya="1" hai0="69,45,32,131,91,111,115,36,132,15,129,102,30" hai1="95,78,114,4,55,0,42,68,41,119,84,133,24" hai2="37,43,122,2,83,50,92,73,108,72,35,100,57" hai3="130,107,51,22,20,113,90,128,56,6,110,63,109"/><U76/><E119/><V53/><F122/><W134/><G113/><T127/><D115/><U12/><E114/><V8/><F35/><W126/><G126/><T1/><D1/><U38/><E0/><V7/><F92/><W44/><G134/><T34/><D127/><U80/><E133/><V66/><F100/><W85/><G107/><T117/><D117/><U31/><E68/><V75/><F66/><N who="3" m="39271" /><G6/><T54/><D69/><U93/><E76/><N who="2" m="44423" /><F108/><N who="3" m="41579" /><G22/><T105/><D111/><U17/><E4/><V96/><F96/><W79/><G79/><T40/><D34/><U29/><E95/><V82/><F82/><N who="3" m="49463" /><G20/><T26/><D132/><U123/><E78/><V13/><F13/><W60/><G60/><T11/><D105/><U33/><E33/><V103/><F75/><W98/><G98/><T21/><D102/><U10/><E93/><V70/><F103/><W39/><G39/><T112/><D112/><U104/><E38/><V67/><F73/><W18/><G18/><N who="0" m="8575" /><D91/><U81/><E17/><V58/><F37/><W135/><G135/><T88/><D88/><U61/><E104/><V106/><F106/><W25/><G25/><T99/><D99/><U97/><E24/><V5/><F5/><W27/><G27/><T59/><D32/><U46/><E97/><V47/><F7/><W28/><G28/><T125/><D125/><U94/><E31/><V116/><F116/><W19/><G19/><T14/><D14/><U87/><E12/><V65/><F2/><W74/><G74/><T62/><D36/><U23/><E29/><V49/><F8/><W9/><G9/><RYUUKYOKU ba="3,0" sc="220,15,354,-15,186,-15,240,15" hai0="21,26,30,40,45,54,59,62,129,131" hai3="44,51,128,130" /><INIT seed="2,4,0,0,3,70" ten="235,339,171,255" oya="2" hai0="5,50,23,65,6,86,47,104,69,0,45,103,120" hai1="89,72,111,37,133,14,30,87,95,91,109,92,106" hai2="75,20,52,77,7,100,129,99,31,71,127,22,9" hai3="93,49,42,74,134,73,36,110,1,18,25,56,125"/><V41/><F129/><W16/><G110/><T88/><D120/><U19/><E106/><V59/><F71/><W66/><G36/><T105/><D45/><U12/><E72/><V115/><F115/><W96/><G1/><T101/><D101/><U3/><E3/><V2/><F127/><W124/><G134/><T76/><D76/><U82/><E133/><V122/><F122/><W84/><G84/><T13/><D65/><U58/><E37/><V4/><F4/><W132/><G132/><T35/><D35/><U78/><E30/><V29/><F41/><W26/><G74/><T64/><D64/><U90/><E58/><V121/><F121/><W40/><G73/><T130/><D69/><U34/><E34/><V55/><F55/><N who="3" m="31855" /><G66/><T79/><D79/><U114/><E114/><V27/><F77/><W94/><G125/><T24/><D0/><U135/><E135/><V81/><F81/><W54/><G54/><T68/><D130/><U102/><E102/><V116/><F116/><W15/><G124/><T128/><D68/><U32/><E32/><V67/><F67/><W113/><G113/><T108/><D108/><N who="1" m="41547" /><E12/><V28/><F75/><W83/><G83/><N who="0" m="49247" /><D13/><U126/><E126/><V39/><F39/><W44/><G44/><T17/><D128/><U63/><E63/><N who="2" m="36327" /><F27/><N who="3" m="10251" /><G94/><T10/><D47/><U117/><E117/><V80/><F80/><W43/><G15/><N who="0" m="7415" /><D104/><U51/><E51/><V98/><F100/><AGARI ba="4,0" hai="16,18,40,42,43,93,96,100" m="10251,31855" machi="100" ten="30,2000,0" yaku="8,1,54,1" doraHai="70" who="3" fromWho="2" sc="235,0,339,0,171,-32,255,32" /><INIT seed="3,0,0,3,4,8" ten="235,339,139,287" oya="3" hai0="6,121,117,74,80,29,1,54,52,100,28,45,41" hai1="36,69,19,106,49,35,110,71,85,59,0,96,113" hai2="47,77,111,75,20,91,38,116,34,129,51,5,98" hai3="87,2,95,89,119,46,108,88,122,22,126,25,131"/><W55/><G119/><T66/><D117/><U13/><E36/><V50/><F34/><W27/><G122/><T40/><D121/><U90/><E0/><V60/><F116/><W67/><G126/><T57/><D100/><U4/><E4/><V104/><F111/><W9/><G131/><T76/><D66/><U3/><E3/><V24/><F129/><W72/><G72/><T10/><D41/><U68/><E35/><V64/><F38/><W23/><G108/><T78/><D78/><U92/><E113/><V84/><F5/><W7/><G67/><T99/><D99/><U48/><E110/><V14/><F77/><W17/><G89/><T56/><D56/><U97/><E106/><V133/><F75/><W125/><G125/><T15/><D1/><U120/><E120/><V58/><F133/><W70/><G70/><T105/><D105/><U42/><E49/><V101/><F47/><W33/><G33/><T63/><D54/><N who="1" m="32199" /><E42/><V11/><F11/><W12/><G2/><T53/><D53/><U16/><E19/><V31/><REACH who="2" step="1"/><F14/><REACH who="2" ten="235,339,129,287" step="2"/><W32/><G32/><T123/><D123/><U134/><E134/><V103/><F103/><W114/><G114/><T30/><D45/><U94/><E94/><AGARI ba="0,1" hai="20,24,31,50,51,58,60,64,84,91,94,98,101,104" machi="94" ten="30,2000,0" yaku="1,1,7,1,53,0" doraHai="8" doraHaiUra="112" who="2" fromWho="1" sc="235,0,339,-20,129,30,287,0" /><INIT seed="4,0,0,3,0,75" ten="235,319,159,287" oya="0" hai0="33,101,78,94,87,64,23,51,103,71,57,62,85" hai1="7,83,80,36,17,123,108,126,16,22,58,82,66" hai2="54,9,120,129,38,0,72,73,8,92,68,21,30" hai3="46,99,93,10,48,3,19,109,53,29,50,45,1"/><T43/><D33/><U131/><E108/><V12/><F120/><W128/><G109/><T47/><D71/><U88/><E36/><V14/><F129/><W116/><G116/><T96/><D103/><U77/><E123/><V79/><F68/><W63/><G128/><T49/><D78/><U24/><E7/><V42/><F0/><W124/><G124/><T44/><REACH who="0" step="1"/><D23/><REACH who="0" ten="225,319,159,287" step="2"/><N who="1" m="13415" /><E131/><V112/><F79/><W52/><G29/><T76/><D76/><U81/><E126/><V67/><F21/><W25/><G63/><T98/><D98/><U84/><E77/><V39/><F30/><W37/><G37/><T15/><D15/><U27/><E80/><V59/><F14/><N who="3" m="7639" /><G3/><T117/><D117/><U70/><E70/><V133/><F38/><W56/><G1/><T86/><D86/><U4/><E4/><V105/><F12/><W104/><G25/><T89/><D89/><U40/><E40/><AGARI ba="0,1" hai="40,43,44,47,49,51,57,62,64,85,87,94,96,101" machi="40" ten="30,11600,0" yaku="1,1,7,1,9,1,8,1,53,0" doraHai="75" doraHaiUra="11" who="0" fromWho="1" sc="225,126,319,-116,159,0,287,0" /><INIT seed="4,1,0,5,4,65" ten="351,203,159,287" oya="0" hai0="55,77,43,103,58,42,92,35,25,115,79,91,127" hai1="68,132,23,9,29,96,7,133,81,26,64,17,84" hai2="93,24,110,120,49,71,45,100,56,21,124,129,123" hai3="74,70,53,128,19,72,121,62,33,131,94,28,116"/><T117/><D117/><U0/><E96/><V112/><F110/><W47/><G116/><T37/><D115/><U31/><E64/><V66/><F112/><W48/><G121/><T3/><D3/><U38/><E38/><V114/><F114/><W34/><G94/><T27/><D103/><U12/><E68/><V69/><F129/><N who="3" m="49739" /><G19/><T6/><D6/><U40/><E40/><N who="0" m="15401" /><D127/><U22/><E84/><V60/><F124/><W106/><G106/><T126/><D35/><N who="3" m="13321" /><G28/><T54/><D37/><U59/><E59/><V88/><F100/><W83/><G83/><T76/><D126/><U107/><E81/><V86/><F123/><W13/><G13/><T99/><D55/><U20/><E107/><V4/><F4/><W2/><G2/><T97/><D97/><U1/><E1/><V108/><F108/><W75/><G62/><AGARI ba="1,0" hai="25,27,54,58,62,76,77,79,91,92,99" m="15401" machi="62" ten="30,1500,0" yaku="8,1" doraHai="65" who="0" fromWho="3" sc="351,18,203,0,159,0,287,-18" /><INIT seed="4,2,0,0,0,98" ten="369,203,159,269" oya="0" hai0="109,93,66,1,17,72,12,84,14,4,38,79,71" hai1="23,92,81,133,62,58,78,80,107,118,36,114,27" hai2="123,44,30,52,125,131,94,122,6,102,19,111,85" hai3="13,56,127,45,73,50,64,90,9,117,132,82,59"/><T99/><D109/><U49/><E36/><V67/><F111/><W129/><G117/><T97/><D71/><U32/><E107/><V22/><F131/><W95/><G129/><T65/><D97/><U88/><E32/><V103/><F125/><W16/><G127/><T46/><D84/><U10/><E118/><V130/><F130/><W87/><G132/><T7/><D14/><U39/><E39/><V54/><F6/><W11/><G64/><T100/><D79/><U134/><E49/><N who="2" m="28711" /><F67/><W119/><G119/><T60/><D72/><U61/><E10/><V112/><F30/><W35/><G35/><T135/><D1/><U120/><E114/><V24/><F112/><W91/><G9/><T40/><D135/><N who="1" m="51723" /><E120/><V105/><F105/><W51/><G73/><T89/><D66/><N who="1" m="39223" /><E62/><V126/><F126/><W42/><REACH who="3" step="1"/><G50/><REACH who="3" ten="369,203,159,259" step="2"/><N who="0" m="26951" /><D65/><U5/><E5/><V55/><F123/><W31/><G31/><T113/><D60/><U106/><E106/><V121/><F121/><W77/><G77/><T21/><D38/><U48/><E78/><V3/><F122/><W33/><G33/><T15/><D113/><U20/><E48/><V0/><F0/><W63/><G63/><T34/><D34/><U116/><E116/><V68/><F3/><W70/><G70/><T57/><D7/><U37/><E37/><V29/><F68/><W124/><G124/><T110/><D110/><U69/><E69/><V25/><F29/><W18/><G18/><T108/><D108/><U2/><E2/><V53/><F25/><W8/><G8/><T128/><D128/><U41/><E27/><RYUUKYOKU ba="2,1" sc="369,-15,203,-15,159,15,259,15" hai2="19,22,24,53,54,55,85,94,102,103" hai3="11,13,16,42,45,51,56,59,82,87,90,91,95" /><INIT seed="5,3,1,1,5,24" ten="354,188,174,274" oya="1" hai0="55,41,16,40,95,128,34,5,98,92,100,126,101" hai1="94,10,48,13,120,72,19,67,106,20,18,53,104" hai2="32,123,82,9,47,105,89,81,78,112,102,0,109" hai3="127,45,8,113,11,111,122,110,14,97,35,69,118"/><U21/><E72/><V4/><F109/><W33/><G69/><T114/><D34/><N who="3" m="12809" /><G97/><T117/><D117/><U37/><E37/><V54/><F123/><W38/><G45/><T116/><D116/><U84/><E120/><V90/><F32/><W6/><G38/><T29/><D114/><U130/><E130/><V2/><F112/><W77/><G77/><T56/><D5/><U85/><E67/><V50/><F2/><N who="3" m="87" /><G118/><T75/><D126/><U60/><E60/><V26/><F82/><W131/><G122/><T62/><D75/><U64/><E64/><V42/><F102/><W61/><G61/><T129/><D29/><U66/><E66/><V74/><F105/><W59/><G59/><T7/><D7/><U103/><E106/><V12/><F26/><W58/><G58/><T133/><D101/><U83/><E104/><V96/><F96/><W121/><G113/><T28/><D98/><N who="1" m="59863" /><E19/><V22/><F54/><W76/><G76/><T71/><D100/><U80/><E80/><V27/><REACH who="2" step="1"/><F0/><REACH who="2" ten="354,188,164,274" step="2"/><W125/><G121/><T44/><D128/><U30/><E30/><AGARI ba="3,2" hai="4,9,12,22,27,30,42,47,50,74,78,81,89,90" machi="30" ten="30,7700,0" yaku="1,1,2,1,7,1,52,1,53,0" doraHai="24" doraHaiUra="108" who="2" fromWho="1" sc="354,0,188,-86,164,106,274,0" /><INIT seed="6,0,0,0,4,48" ten="354,102,270,274" oya="2" hai0="2,129,47,95,74,81,14,101,120,12,21,114,90" hai1="125,103,117,115,78,113,87,71,57,56,104,41,0" hai2="44,134,77,132,54,6,116,69,50,20,99,60,62" hai3="88,106,108,17,98,8,30,7,67,52,109,11,121"/><V64/><F116/><W51/><G121/><T3/><D120/><U124/><E87/><V86/><F6/><W13/><G67/><T92/><D114/><N who="1" m="43531" /><E103/><V38/><F99/><W112/><G112/><T102/><D129/><U128/><E78/><V76/><F38/><W36/><G36/><T1/><D47/><U111/><E104/><V4/><F4/><W29/><G108/><T85/><D21/><U83/><E83/><V73/><F73/><W27/><G109/><T63/><D63/><U72/><E72/><V84/><F84/><W89/><G106/><T118/><D118/><U53/><E0/><V94/><F20/><N who="3" m="13711" /><G11/><T80/><D74/><U15/><E15/><V96/><F60/><W70/><G70/><T49/><D49/><N who="1" m="30767" /><E117/><V19/><F19/><W127/><G127/><N who="1" m="48714" /><E111/><V37/><F86/><W26/><G26/><T122/><D85/><U25/><E25/><V33/><F76/><W97/><G97/><T24/><D24/><U39/><E71/><V55/><F77/><W42/><G98/><T31/><D3/><U91/><E91/><N who="3" m="34890" /><G42/><T75/><D75/><U34/><E34/><V131/><F33/><W65/><G65/><T59/><D122/><U119/><E119/><V28/><F64/><W61/><G61/><T107/><D107/><U126/><N who="1" m="48722" /><U45/><DORA hai="40" /><E128/><V58/><F131/><W105/><G105/><T23/><D2/><U10/><E10/><V32/><F32/><W66/><G66/><T130/><D130/><U35/><E35/><V22/><F69/><W79/><G79/><T93/><D1/><U110/><E110/><RYUUKYOKU ba="0,0" sc="354,-15,102,15,270,-15,274,15" hai1="39,41,45,57" hai3="7,8,13,29,30,51,52" /><INIT seed="7,1,0,2,2,110" ten="339,117,255,289" oya="3" hai0="135,85,100,134,13,128,92,116,35,76,65,78,14" hai1="124,44,107,105,19,81,61,95,108,59,133,88,109" hai2="29,68,114,91,10,101,11,73,12,51,6,32,66" hai3="127,24,56,18,106,43,83,50,119,84,131,15,38"/><W54/><G119/><T36/><D116/><U64/><E124/><V58/><F73/><W72/><G127/><T48/><D36/><U2/><E133/><N who="0" m="50697" /><D128/><U26/><E2/><V103/><F68/><W111/><G72/><T89/><D35/><U69/><E109/><V121/><F29/><W55/><G131/><T21/><D65/><U16/><E108/><V123/><F32/><W28/><G106/><T23/><D48/><U20/><E81/><V126/><F126/><W53/><G38/><T42/><D42/><U102/><E102/><V4/><F91/><W37/><G37/><T62/><D62/><U97/><E44/><V31/><F31/><W0/><G0/><T39/><D39/><U82/><E82/><V130/><F130/><W99/><G99/><N who="0" m="59495" /><D14/><U104/><E69/><V67/><F51/><W40/><G111/><T30/><D13/><U118/><E118/><V41/><F41/><N who="3" m="15947" /><G24/><N who="0" m="16655" /><D23/><U17/><REACH who="1" step="1"/><E64/><REACH who="1" ten="339,107,255,289" step="2"/><V98/><F66/><W79/><G28/><T74/><D74/><U120/><E120/><V25/><F103/><W49/><G56/><T87/><D89/><U57/><E57/><V33/><F58/><W75/><G75/><T90/><D90/><U129/><E129/><V7/><F67/><W45/><G45/><T93/><D93/><U112/><E112/><V22/><F114/><W70/><G70/><T122/><D122/><U63/><E63/><V113/><F113/><W3/><G3/><T60/><D60/><U52/><AGARI ba="1,1" hai="16,17,19,20,26,52,59,61,88,95,97,104,105,107" machi="52" ten="30,12000,2" yaku="1,1,0,1,25,2,54,3,53,0" doraHai="110" doraHaiUra="132" who="1" fromWho="1" sc="339,-31,107,133,255,-31,289,-61" owari="308,41.0,240,4.0,224,-28.0,228,-17.0" /></mjloggm>