<mjloggm ver="2.3"><GO type="233" lobby="0"/><UN n0="%E3%82%A6%E3%83%AB%E3%83%88%E3%83%A9%E7%AB%8B%E7%9B%B4" n1="%E6%A5%A0%E5%B9%B8%E6%9D%91" n2="%6E%61%6B%61%6A%75%75%6E" n3="%E7%89%87%E7%80%AC%E9%82%A3%E5%A5%88" dan="18,17,17,16" rate="2189.05,2183.78,2220.41,2061.80" sx="M,F,M,M"/><TAIKYOKU oya="0"/><INIT seed="0,0,0,2,1,45" ten="250,250,250,250" oya="0" hai0="14,29,119,103,100,43,47,62,87,93,1,107,25" hai1="13,106,121,20,134,37,41,80,52,85,42,81,16" hai2="104,31,94,6,46,51,23,15,56,65,114,8,69" hai3="126,63,28,101,88,39,112,27,74,60,55,66,125"/><T30/><D1/><U75/><E121/><V76/><F104/><W71/><G74/><T67/><D14/><U89/><E106/><V98/><F114/><W2/><G2/><T68/><D119/><U48/><E134/><V44/><F76/><W58/><G101/><T128/><D128/><U36/><E36/><V9/><F9/><W7/><G7/><T124/><D124/><N who="3" m="47721" /><G39/><T86/><D107/><U22/><E37/><V109/><F69/><W53/><G112/><T77/><D77/><U73/><E73/><V78/><F78/><W4/><G4/><T115/><D115/><U0/><E0/><V50/><F109/><W33/><G88/><T108/><D108/><U130/><E130/><V102/><F46/><W34/><G55/><T61/><D30/><U17/><E81/><V110/><F110/><W72/><G72/><T19/><D29/><U18/><E75/><V79/><F79/><W120/><G120/><T54/><D54/><U118/><E118/><V131/><F131/><W133/><G133/><T116/><D116/><U57/><E18/><V135/><F135/><W129/><G129/><T24/><D19/><U96/><E96/><V90/><F90/><W82/><G82/><T123/><D123/><U99/><E99/><V95/><F95/><W97/><G97/><T5/><D93/><U32/><E32/><AGARI ba="0,0" hai="27,28,32,33,34,53,58,60,63,66,71" m="47721" machi="32" ten="30,1000,0" yaku="18,1" doraHai="45" who="3" fromWho="1" sc="250,0,250,-10,250,0,250,10" /><INIT seed="1,0,0,0,2,49" ten="250,240,250,260" oya="1" hai0="97,16,77,81,62,12,37,53,52,117,34,4,75" hai1="104,30,128,78,107,15,6,17,22,113,99,33,2" hai2="127,43,40,121,8,126,132,18,125,83,36,118,66" hai3="103,72,46,110,108,41,20,24,85,19,73,39,102"/><U94/><E113/><V29/><F121/><W98/><G102/><T123/><D117/><U10/><E78/><V89/><F118/><W135/><G135/><T31/><D37/><U5/><E5/><V122/><F122/><W59/><G85/><T111/><D123/><U105/><E128/><V58/><F132/><W63/><G108/><T124/><D4/><U47/><E47/><V1/><F29/><W84/><G84/><T38/><D38/><U21/><E21/><V119/><F36/><W106/><REACH who="3" step="1"/><G110/><REACH who="3" ten="250,240,250,250" step="2"/><T109/><D111/><U93/><REACH who="1" step="1"/><E99/><REACH who="1" ten="250,230,250,250" step="2"/><V13/><F119/><W70/><G70/><T67/><D109/><U88/><E88/><V60/><F89/><W35/><G35/><T87/><D97/><U112/><E112/><V96/><F96/><W56/><G56/><T130/><D130/><U27/><AGARI ba="0,2" hai="2,6,10,15,17,22,27,30,33,93,94,104,105,107" machi="27" ten="40,12000,1" yaku="1,1,0,1,24,2,53,0" doraHai="49" doraHaiUra="68" who="1" fromWho="1" sc="250,-40,230,140,250,-40,250,-40" /><INIT seed="1,1,0,2,4,122" ten="210,370,210,210" oya="1" hai0="50,15,41,13,80,124,36,127,88,92,108,103,65" hai1="104,22,20,60,40,117,67,134,62,101,1,119,105" hai2="33,38,19,16,54,106,72,125,100,61,102,56,111" hai3="89,132,18,129,90,123,78,12,77,44,11,43,75"/><U96/><E1/><V85/><F72/><W51/><G123/><T4/><D36/><U112/><E112/><V6/><F125/><W55/><G132/><T8/><D65/><U97/><E40/><V31/><F38/><W68/><G129/><T0/><D103/><U32/><E32/><V107/><F6/><W114/><G68/><T7/><D80/><U130/><E101/><V39/><F39/><W34/><G34/><T42/><D42/><U14/><E14/><V70/><F70/><W73/><G114/><T57/><D0/><U94/><E94/><V128/><F128/><W99/><G75/><T95/><D95/><U17/><E67/><V121/><F85/><W98/><G73/><T24/><D24/><U118/><E118/><V115/><F121/><W69/><G43/><T126/><D57/><U120/><E130/><V133/><F133/><W23/><G69/><T25/><D25/><U86/><E134/><V79/><F79/><N who="3" m="30219" /><G23/><T109/><D50/><U29/><E119/><V74/><F74/><W76/><N who="3" m="30227" /><W52/><DORA hai="87" /><G55/><T83/><D83/><U37/><E117/><V110/><F115/><W64/><G64/><T63/><D41/><U82/><E37/><V113/><F113/><W93/><G93/><T116/><D116/><U66/><E120/><V81/><F81/><W131/><G131/><T3/><D63/><U21/><E82/><V71/><F71/><W2/><G2/><T35/><D35/><U45/><E66/><V10/><F102/><W58/><G58/><T53/><D53/><U84/><E29/><V59/><F31/><RYUUKYOKU ba="1,0" sc="210,-10,370,-10,210,-10,210,30" hai3="11,12,18,44,51,52,89,90,98,99" /><INIT seed="2,2,0,4,3,51" ten="200,360,200,240" oya="2" hai0="66,72,42,27,59,101,70,71,10,20,5,43,131" hai1="135,32,12,114,83,100,93,132,112,115,98,109,117" hai2="53,46,67,23,31,74,41,1,3,64,55,52,94" hai3="95,123,24,14,65,92,125,8,88,122,128,38,49"/><V113/><F74/><W40/><G65/><T126/><D72/><U86/><E32/><V4/><F113/><W58/><G128/><T73/><D73/><U9/><E117/><V89/><F4/><W30/><G125/><T77/><D77/><U129/><E129/><V6/><F6/><W21/><G38/><T47/><D126/><U56/><E56/><V91/><F3/><W0/><G0/><T121/><D121/><U99/><E109/><V13/><F1/><W133/><G92/><T57/><D101/><N who="1" m="60623" /><E12/><V29/><F91/><W48/><G133/><N who="1" m="51274" /><E9/><V120/><F120/><W16/><G122/><T78/><D59/><U103/><E99/><V134/><F134/><W105/><G58/><T34/><D57/><U25/><E25/><N who="2" m="16575" /><F31/><W15/><G105/><T45/><D71/><U118/><E118/><V110/><F13/><W62/><G15/><T63/><D70/><U124/><E124/><V2/><F2/><W26/><G26/><T54/><D34/><U96/><E96/><N who="2" m="57423" /><F110/><W36/><G123/><T107/><D131/><U68/><E68/><V130/><F130/><W111/><G111/><T17/><D5/><U87/><E87/><V18/><F18/><W75/><G75/><T97/><D17/><U22/><E22/><V37/><F37/><W104/><G104/><T19/><D107/><U61/><E112/><V39/><F39/><W76/><G36/><T102/><D20/><U90/><E115/><V50/><AGARI ba="2,0" hai="41,46,50,52,53,55,64,67" m="57423,16575" machi="50" ten="30,12000,1" yaku="8,1,52,3,54,1" doraHai="51" who="2" fromWho="2" sc="200,-42,360,-42,200,126,240,-42" /><INIT seed="2,3,0,4,5,45" ten="158,318,326,198" oya="2" hai0="94,64,20,33,132,46,103,75,76,59,100,115,30" hai1="15,110,120,135,125,35,42,58,79,31,124,73,84" hai2="2,82,19,57,70,41,118,88,72,67,4,7,11" hai3="68,34,9,127,101,23,18,36,13,50,29,129,90"/><V25/><F118/><W85/><G68/><T81/><D33/><U3/><E3/><V47/><F70/><W10/><G36/><T60/><D132/><U52/><E135/><V95/><F7/><W130/><G127/><N who="1" m="48714" /><E110/><V111/><F111/><W112/><G101/><T12/><D115/><U77/><E73/><V97/><F67/><W122/><G122/><T63/><D63/><N who="1" m="36295" /><E42/><V117/><F117/><W65/><G65/><T0/><D0/><U74/><E74/><V62/><F57/><W16/><G112/><T1/><D1/><U92/><E15/><V32/><F62/><W91/><G34/><T104/><D104/><U6/><E6/><V17/><F25/><W26/><G9/><T43/><D94/><U93/><E120/><V113/><F32/><W99/><G29/><T39/><D30/><U102/><E102/><V116/><F116/><W121/><G121/><T131/><D103/><U49/><E49/><V51/><REACH who="2" step="1"/><F113/><REACH who="2" ten="158,318,316,198" step="2"/><W38/><G26/><T44/><D64/><U71/><E35/><V14/><F14/><W55/><G13/><T126/><D12/><U61/><E61/><V53/><F53/><W133/><G55/><T8/><D60/><U21/><E71/><V128/><F128/><W40/><G133/><T134/><D131/><U119/><E119/><V83/><F83/><W24/><G130/><T106/><D81/><U5/><E5/><V96/><F96/><W69/><G129/><T87/><D126/><U78/><E21/><V80/><F80/><W48/><G69/><T109/><D20/><U108/><E108/><V86/><F86/><RYUUKYOKU ba="3,1" sc="158,-10,318,-10,316,30,198,-10" hai2="2,4,11,17,19,41,47,51,72,82,88,95,97" /><INIT seed="2,4,1,1,3,104" ten="148,308,346,188" oya="2" hai0="39,16,135,68,8,105,133,88,102,44,100,56,60" hai1="27,9,50,6,99,36,13,67,123,107,49,132,64" hai2="3,51,63,58,81,130,122,84,91,22,5,86,103" hai3="32,134,53,118,26,129,35,12,119,4,93,38,55"/><V92/><F122/><W127/><G38/><T101/><D68/><U70/><E36/><V21/><F130/><W112/><G129/><T94/><D105/><U24/><E132/><N who="0" m="50761" /><D44/><U74/><E74/><V71/><F71/><W19/><G134/><T34/><D34/><U80/><E123/><V77/><F103/><W61/><G112/><T131/><D39/><U97/><E80/><V17/><F51/><N who="1" m="19465" /><E70/><V95/><F5/><W42/><G42/><T66/><D131/><U7/><E7/><V0/><F95/><W33/><G4/><T114/><D114/><U29/><E107/><V78/><F78/><W11/><G127/><T79/><D79/><U57/><E29/><V125/><F125/><W90/><G26/><N who="1" m="9770" /><E57/><V76/><F76/><W30/><G30/><T37/><D37/><U48/><E48/><V117/><F117/><W41/><G118/><T28/><D28/><U113/><E113/><V47/><F47/><W15/><G41/><T10/><D16/><U128/><E128/><V54/><REACH who="2" step="1"/><F17/><REACH who="2" ten="148,308,336,188" step="2"/><W40/><G119/><T96/><AGARI ba="4,2" hai="8,10,56,60,66,88,94,96,100,101,102" m="50761" machi="96" ten="30,2000,0" yaku="20,1,54,1" doraHai="104" who="0" fromWho="0" sc="148,52,308,-9,336,-14,188,-9" /><INIT seed="3,0,0,3,5,61" ten="200,299,322,179" oya="3" hai0="5,24,116,0,124,25,87,7,27,64,36,44,79" hai1="70,96,101,2,62,69,82,38,135,30,102,12,97" hai2="115,19,46,10,17,59,58,28,112,13,104,47,103" hai3="129,121,11,29,39,54,99,127,77,132,74,15,18"/><W4/><G121/><T57/><D116/><U32/><E2/><V98/><F28/><W106/><G39/><T128/><D0/><U9/><E38/><V80/><F80/><W119/><G119/><T93/><D36/><U94/><E135/><V78/><F78/><W118/><G118/><T51/><D124/><U91/><E30/><V113/><F19/><W107/><G127/><T40/><D128/><U42/><E32/><V72/><F72/><W65/><G129/><T45/><D45/><U90/><E42/><V22/><F10/><W55/><G29/><T23/><D23/><U73/><E62/><V56/><AGARI ba="0,0" hai="13,17,22,46,47,56,58,59,98,103,104,112,113,115" machi="56" ten="40,1500,0" yaku="0,1" doraHai="61" who="2" fromWho="2" sc="200,-4,299,-4,322,15,179,-7" /><INIT seed="4,0,0,4,3,87" ten="196,295,337,172" oya="0" hai0="27,50,54,93,89,65,111,8,70,110,35,26,34" hai1="88,9,58,84,135,102,95,127,72,132,37,90,2" hai2="43,105,28,129,13,122,60,42,45,96,126,14,5" hai3="63,123,68,36,134,104,39,119,55,29,76,108,67"/><T3/><D65/><U12/><E37/><V81/><F122/><W20/><G104/><T19/><D70/><U21/><E72/><V22/><F126/><W107/><G107/><T121/><D121/><U113/><E127/><V114/><F114/><W92/><G123/><T46/><D3/><U4/><E113/><V7/><F129/><W83/><G119/><T106/><D106/><U32/><E32/><V82/><F60/><W44/><G108/><N who="0" m="41515" /><D8/><U64/><E64/><V71/><F71/><W118/><G118/><T115/><D115/><U57/><E102/><V100/><F43/><W112/><G112/><T33/><D19/><N who="1" m="10471" /><E90/><V24/><F13/><W125/><G125/><T74/><D74/><U47/><E47/><V133/><F7/><W80/><G134/><AGARI ba="0,0" hai="2,4,9,57,58,84,88,95,132,134,135" m="10471" machi="134" ten="30,3900,0" yaku="20,1,52,1,54,1" doraHai="87" who="1" fromWho="3" sc="196,0,295,39,337,0,172,-39" /><INIT seed="5,0,0,3,2,87" ten="196,334,337,133" oya="1" hai0="63,18,112,128,90,92,123,44,126,68,85,51,81" hai1="77,53,33,75,70,20,21,72,88,19,97,109,34" hai2="101,41,61,94,73,131,39,93,15,105,114,132,91" hai3="110,40,71,49,116,8,86,69,7,59,56,129,32"/><U30/><E70/><V64/><F73/><W84/><G110/><T120/><D112/><U130/><E77/><V55/><F114/><W54/><G32/><T100/><D126/><U135/><E30/><V35/><F35/><W115/><G115/><T1/><D1/><U99/><E19/><V111/><F111/><W67/><G129/><T52/><D128/><U43/><E109/><V82/><F131/><W121/><G121/><N who="0" m="46667" /><D18/><U46/><E46/><V22/><F132/><W78/><G116/><T117/><D117/><U25/><E25/><V26/><F41/><W36/><G78/><T104/><D104/><U42/><E53/><V6/><F39/><W62/><G69/><T58/><D68/><U57/><E130/><V38/><F38/><W79/><G79/><T47/><D63/><U134/><E57/><N who="2" m="35007" /><F105/><W119/><G119/><T98/><AGARI ba="0,0" hai="44,47,51,52,58,81,85,90,92,98,100" m="46667" machi="98" ten="30,4000,0" yaku="13,1,52,1,54,1" doraHai="87" who="0" fromWho="0" sc="196,40,334,-20,337,-10,133,-10" /><INIT seed="6,0,0,5,4,116" ten="236,314,327,123" oya="2" hai0="112,70,97,7,20,46,3,133,4,107,16,27,122" hai1="64,125,41,57,120,130,56,95,30,75,96,113,84" hai2="89,35,91,109,45,6,10,14,88,33,69,105,52" hai3="93,94,123,81,74,126,61,17,101,53,63,43,90"/><V80/><F69/><W124/><G43/><T38/><D70/><U118/><E118/><V59/><F109/><W79/><G101/><T32/><D46/><U73/><E125/><V26/><F105/><W117/><G117/><T100/><D38/><U21/><E130/><V121/><F121/><W83/><G17/><T54/><D54/><U28/><E113/><V58/><F35/><W12/><G12/><T103/><D103/><U68/><E68/><V132/><F132/><W42/><G42/><T48/><D48/><U67/><E120/><V5/><F33/><W127/><G123/><T24/><D112/><U23/><E75/><V119/><F26/><W50/><G83/><T47/><D47/><U71/><E84/><N who="2" m="50183" /><F119/><W92/><REACH who="3" step="1"/><G90/><REACH who="3" ten="236,314,327,113" step="2"/><N who="2" m="34313" /><F6/><W40/><G40/><T19/><D7/><U99/><E41/><V77/><F77/><W51/><G51/><AGARI ba="0,1" hai="5,10,14,45,51,52,58,59" m="34313,50183" machi="51" ten="30,5800,0" yaku="8,1,54,2" doraHai="116" who="2" fromWho="3" sc="236,0,314,0,327,68,113,-58" /><INIT seed="6,1,0,3,1,114" ten="236,314,395,55" oya="2" hai0="60,122,37,58,88,62,26,66,28,96,111,0,113" hai1="124,17,75,80,95,101,10,57,91,82,51,43,7" hai2="128,67,116,5,42,23,38,29,76,1,6,11,70" hai3="85,89,106,32,20,71,125,74,52,110,36,131,46"/><V121/><F116/><W27/><G71/><T92/><D111/><U108/><E108/><V86/><F67/><W21/><G110/><T90/><D122/><U120/><E120/><V97/><F70/><W63/><G106/><T15/><D0/><U87/><E124/><V40/><F38/><W54/><G125/><T69/><D15/><U56/><E17/><V99/><F5/><W65/><G74/><T22/><D37/><U55/><E43/><V45/><F121/><W18/><G131/><T119/><D113/><U34/><E34/><V31/><F42/><W39/><G32/><T115/><D115/><U93/><E75/><V103/><F99/><W126/><G126/><T64/><REACH who="0" step="1"/><D119/><REACH who="0" ten="226,314,395,55" step="2"/><U49/><E7/><N who="2" m="1519" /><F128/><W12/><G39/><T104/><D104/><U112/><E112/><V132/><F6/><W50/><G36/><T47/><D47/><U59/><E10/><V4/><F45/><W133/><G133/><T73/><D73/><U53/><REACH who="1" step="1"/><E59/><REACH who="1" ten="226,304,395,55" step="2"/><V72/><F4/><W33/><G33/><T118/><D118/><U9/><E9/><V107/><F72/><W109/><G109/><T100/><AGARI ba="1,2" hai="22,26,28,58,60,62,64,66,69,88,90,92,96,100" machi="100" ten="20,12000,2" yaku="1,1,0,1,7,1,25,2,54,1,53,0" doraHai="114" doraHaiUra="134" who="0" fromWho="0" sc="226,143,304,-31,395,-61,55,-31" /><INIT seed="7,0,0,2,0,113" ten="369,273,334,24" oya="3" hai0="124,8,78,0,115,1,108,14,121,105,44,56,70" hai1="40,89,88,5,19,119,87,127,132,7,100,63,57" hai2="13,73,68,37,81,99,51,34,66,24,93,101,71" hai3="111,21,86,46,45,130,69,128,47,2,85,41,129"/><W84/><G69/><T11/><D70/><U104/><E132/><V134/><F37/><W112/><G112/><T125/><D105/><U3/><E127/><V58/><F134/><W102/><G2/><T49/><D108/><U120/><E120/><V122/><F122/><W67/><G111/><T82/><D56/><U60/><E40/><V109/><F109/><W17/><G41/><N who="0" m="24719" /><D11/><U52/><E119/><V20/><F34/><W123/><G123/><T42/><D42/><U80/><E63/><V9/><F81/><W64/><G102/><T23/><D23/><U90/><E19/><V117/><F73/><W16/><REACH who="3" step="1"/><G21/><REACH who="3" ten="369,273,334,14" step="2"/><T30/><D115/><U35/><E35/><V26/><F71/><W25/><G25/><T65/><D0/><U12/><E3/><V103/><F68/><W126/><G126/><T6/><D1/><U96/><REACH who="1" step="1"/><E12/><REACH who="1" ten="369,263,334,14" step="2"/><V107/><F13/><W50/><G50/><T106/><D14/><U55/><E55/><V92/><F51/><W133/><G133/><T83/><D124/><U79/><AGARI ba="0,2" hai="5,7,52,57,60,79,80,87,88,89,90,96,100,104" machi="79" ten="30,7900,0" yaku="1,1,0,1,54,2,53,0" doraHai="113" doraHaiUra="28" who="1" fromWho="1" sc="369,-20,263,99,334,-20,14,-39" owari="349,15.0,362,47.0,314,-9.0,-25,-53.0" /></mjloggm>