<mjloggm ver="2.3"><GO type="169" lobby="0"/><UN n0="%E3%81%B5%E3%81%8B%E3%81%A4%E3%81%81%E3%83%BC" n1="%E3%82%A6%E3%83%AB%E3%83%88%E3%83%A9%E7%AB%8B%E7%9B%B4" n2="%E3%83%87%E3%82%A3%E3%82%BD%E3%83%BC%E3%83%AB" n3="%E3%80%93%E3%81%84%E3%81%A1%E3%81%AF%E3%82%89%E3%80%93" dan="16,17,16,18" rate="2092.58,2218.30,2109.39,2216.02" sx="M,M,M,M"/><TAIKYOKU oya="0"/><INIT seed="0,0,0,4,3,63" ten="250,250,250,250" oya="0" hai0="12,129,28,96,102,79,42,127,47,135,21,80,88" hai1="94,120,71,11,73,90,24,125,15,56,36,83,117" hai2="122,116,76,114,81,34,61,107,8,19,111,64,77" hai3="39,101,44,60,18,92,32,82,25,123,17,4,33"/><T35/><D35/><U43/><E71/><V16/><F122/><W118/><G118/><T128/><D135/><U104/><E104/><V99/><F114/><W54/><G123/><T119/><D119/><U68/><E68/><V109/><F116/><W20/><G4/><T84/><D127/><U70/><E70/><V74/><F34/><W48/><G39/><T50/><D79/><U112/><E56/><N who="2" m="36903" /><F77/><W113/><G113/><T98/><D12/><U49/><E90/><V52/><F8/><W103/><G33/><T132/><D132/><U1/><E83/><V115/><F115/><W14/><G82/><T26/><REACH who="0" step="1"/><D98/><REACH who="0" ten="240,250,250,250" step="2"/><U7/><E15/><V126/><F126/><W41/><G32/><T5/><D5/><U131/><E7/><V105/><F99/><W58/><REACH who="3" step="1"/><G92/><AGARI ba="0,1" hai="21,26,28,42,47,50,80,84,88,92,96,102,128,129" machi="92" ten="40,3900,0" yaku="1,1,54,1,53,0" doraHai="63" doraHaiUra="65" who="0" fromWho="3" sc="240,49,250,0,250,0,250,-39" /><INIT seed="0,1,0,1,5,103" ten="289,250,250,211" oya="0" hai0="46,32,135,99,16,40,47,35,80,20,45,8,29" hai1="77,28,106,0,22,78,81,56,120,57,1,82,86" hai2="112,83,133,55,105,134,43,38,66,85,102,94,108" hai3="53,31,64,109,5,4,131,51,6,104,30,65,71"/><T92/><D135/><N who="2" m="51722" /><F66/><W7/><G109/><T25/><D80/><U63/><E22/><V27/><F27/><W130/><N who="3" m="1024" /><DORA hai="125" /><W113/><G104/><T17/><D40/><U9/><E28/><N who="3" m="10794" /><G71/><T34/><REACH who="0" step="1"/><D8/><REACH who="0" ten="279,250,250,211" step="2"/><U68/><E9/><V107/><F112/><W67/><G113/><T42/><D42/><U61/><E82/><V75/><F108/><W44/><G131/><T11/><D11/><U89/><E81/><V90/><F43/><W100/><G130/><T24/><D24/><U111/><E111/><V54/><F38/><W93/><G93/><T121/><D121/><U91/><E120/><V19/><F75/><W114/><G114/><T13/><D13/><U14/><E14/><V48/><F83/><W37/><G37/><T122/><D122/><U119/><E78/><V124/><F124/><W123/><G123/><T12/><D12/><U126/><E77/><V41/><F41/><W15/><G15/><T79/><D79/><U118/><E126/><V58/><F105/><W3/><G3/><T70/><D70/><U98/><E68/><V76/><F76/><W110/><G110/><T87/><D87/><U36/><E86/><V21/><F107/><W60/><G100/><AGARI ba="1,1" hai="16,17,20,25,29,32,34,35,45,46,47,92,99,100" machi="100" ten="50,4800,0" yaku="1,1,54,1,53,0" doraHai="103,125" doraHaiUra="69,116" who="0" fromWho="3" sc="279,61,250,0,250,0,211,-51" /><INIT seed="0,2,0,1,5,79" ten="340,250,250,160" oya="0" hai0="12,61,45,30,120,77,63,73,10,68,41,4,11" hai1="31,98,88,113,108,95,53,51,97,121,105,32,96" hai2="93,48,102,82,111,109,27,99,67,39,62,65,110" hai3="59,36,87,86,58,119,122,70,123,19,75,16,22"/><T43/><D120/><U85/><E121/><V8/><F39/><W46/><G70/><T52/><D30/><U66/><E66/><V26/><F8/><W103/><G75/><T50/><D11/><U23/><E32/><V131/><F131/><W9/><G119/><T49/><D68/><U64/><E108/><V34/><F48/><W57/><G103/><T1/><D1/><U54/><E113/><V74/><F34/><W38/><G59/><T0/><D0/><U116/><E116/><V7/><F7/><W29/><G9/><T124/><D124/><U106/><E64/><V69/><REACH who="2" step="1"/><F67/><REACH who="2" ten="340,250,240,160" step="2"/><W114/><G22/><T20/><D20/><U125/><E125/><V14/><F14/><W2/><G2/><T129/><D129/><U91/><E51/><V76/><AGARI ba="2,1" hai="26,27,62,65,69,74,76,82,93,99,102,109,110,111" machi="76" ten="40,8000,1" yaku="1,1,0,1,14,1,52,1,53,0" doraHai="79" doraHaiUra="6" who="2" fromWho="2" sc="340,-42,250,-22,240,96,160,-22" /><INIT seed="1,0,0,1,5,77" ten="298,228,336,138" oya="1" hai0="114,74,97,126,105,31,15,115,117,116,41,108,132" hai1="129,92,22,119,80,36,122,88,29,96,123,84,86" hai2="75,4,62,35,18,81,70,42,27,98,90,53,21" hai3="101,16,109,24,72,3,56,60,14,8,128,30,68"/><U45/><E119/><N who="0" m="45641" /><D41/><U89/><E129/><V52/><F42/><W93/><G128/><T46/><D46/><U13/><E36/><V17/><F4/><W106/><G109/><T76/><D15/><U79/><E45/><V37/><F37/><W130/><G130/><T47/><D47/><U127/><E127/><V43/><F43/><W91/><G68/><T104/><D31/><U51/><E51/><V40/><F40/><W85/><G3/><T2/><D2/><U78/><E78/><V63/><F35/><W103/><G106/><N who="0" m="41067" /><D108/><U83/><REACH who="1" step="1"/><E13/><REACH who="1" ten="298,218,336,138" step="2"/><V33/><F63/><W131/><G131/><T9/><D126/><U55/><E55/><V54/><F62/><W99/><G72/><T12/><D12/><U26/><AGARI ba="0,1" hai="22,26,29,79,80,83,84,86,88,89,92,96,122,123" machi="26" ten="30,18000,2" yaku="1,1,0,1,52,2,54,1,53,2" doraHai="77" doraHaiUra="118" who="1" fromWho="1" sc="298,-60,218,190,336,-60,138,-60" /><INIT seed="1,1,0,0,4,120" ten="238,408,276,78" oya="1" hai0="21,71,77,9,11,61,125,87,30,116,118,122,12" hai1="40,64,65,31,84,70,94,82,123,115,88,55,48" hai2="104,7,78,134,63,127,15,117,73,8,89,24,111" hai3="53,107,130,25,4,83,54,33,50,5,57,38,59"/><U67/><E123/><V14/><F117/><W85/><G38/><T72/><D122/><U79/><E115/><V28/><F104/><W102/><G130/><T10/><D125/><U69/><E40/><V32/><F127/><W76/><G102/><T62/><D72/><U100/><E100/><V22/><F63/><N who="0" m="24074" /><D71/><U2/><E2/><V17/><F78/><W42/><G107/><T52/><D118/><U20/><E20/><V133/><F73/><W96/><G96/><T75/><D75/><U110/><E31/><V16/><F89/><W80/><G42/><T124/><D116/><U92/><E92/><V36/><F36/><W66/><G66/><T56/><D124/><U60/><E70/><V74/><F111/><W114/><G114/><T119/><D119/><U3/><E110/><V99/><F99/><W39/><G39/><T103/><D103/><U44/><REACH who="1" step="1"/><E3/><REACH who="1" ten="238,398,276,78" step="2"/><N who="2" m="127" /><F74/><AGARI ba="1,1" hai="44,48,55,60,64,65,67,69,74,79,82,84,88,94" machi="74" ten="30,5800,0" yaku="1,1,7,1,54,1,53,0" doraHai="120" doraHaiUra="132" who="1" fromWho="2" sc="238,0,398,71,276,-61,78,0" /><INIT seed="1,2,0,1,5,50" ten="238,469,215,78" oya="1" hai0="93,17,65,68,127,8,4,7,117,39,123,43,111" hai1="114,46,28,102,91,98,118,110,48,77,74,40,83" hai2="101,96,119,53,100,56,27,63,88,1,131,128,75" hai3="44,104,130,103,62,120,36,25,85,78,32,15,125"/><U92/><E118/><V115/><F119/><W2/><G2/><T37/><D117/><U21/><E110/><V49/><F75/><W38/><G120/><T72/><D111/><U9/><E9/><V26/><F115/><W64/><G130/><N who="2" m="49705" /><F1/><W35/><G125/><T124/><D72/><U126/><E126/><N who="0" m="48169" /><D123/><U134/><E134/><V87/><F63/><W5/><G44/><T107/><D107/><U34/><E34/><V0/><F0/><W3/><G15/><N who="0" m="7399" /><D43/><U97/><E114/><V61/><F61/><W14/><G14/><T59/><D68/><U129/><E129/><V80/><F101/><W132/><G132/><T20/><D20/><U66/><E21/><V108/><F108/><W42/><G42/><T82/><D82/><U57/><E28/><V51/><F49/><W67/><G35/><T29/><D29/><U116/><E116/><V24/><F24/><W52/><G25/><T112/><D112/><U106/><E66/><V71/><F71/><W121/><G121/><T95/><D39/><U69/><E69/><V58/><F56/><N who="3" m="35079" /><G32/><T41/><D37/><N who="3" m="14441" /><G67/><T60/><D41/><U47/><E47/><V76/><F76/><W90/><G64/><T113/><D113/><U122/><E122/><V55/><F55/><W105/><G78/><T81/><D81/><U73/><E57/><V133/><F133/><W13/><G3/><T45/><D45/><U86/><AGARI ba="2,0" hai="40,46,48,73,74,77,83,86,91,92,97,98,102,106" machi="86" ten="20,2100,0" yaku="0,1,7,1" doraHai="50" who="1" fromWho="1" sc="238,-9,469,27,215,-9,78,-9" /><INIT seed="1,3,0,2,1,122" ten="229,496,206,69" oya="1" hai0="34,37,59,66,16,120,38,96,56,111,104,12,114" hai1="63,20,84,40,88,47,116,94,57,13,125,64,82" hai2="81,41,103,3,14,105,46,100,18,117,75,118,11" hai3="36,133,73,90,106,27,26,67,50,123,25,78,92"/><U22/><E116/><V4/><F117/><W15/><G36/><T58/><D114/><U74/><E125/><V31/><F118/><W33/><G123/><T6/><D120/><U1/><E1/><V10/><F31/><W107/><G33/><T62/><D34/><U45/><E45/><V42/><F105/><W7/><G133/><T24/><D6/><U86/><E13/><V52/><F42/><W43/><G67/><T69/><D24/><U112/><E74/><V17/><F17/><W60/><G60/><T51/><D111/><U102/><E112/><V108/><F52/><W53/><G43/><T70/><D70/><U9/><E9/><V87/><F108/><W2/><G2/><T0/><D0/><U113/><E113/><V32/><F32/><W68/><G68/><T8/><REACH who="0" step="1"/><D51/><REACH who="0" ten="219,496,206,69" step="2"/><N who="1" m="27111" /><E102/><AGARI ba="3,1" hai="8,12,16,37,38,56,58,59,62,66,69,96,102,104" machi="102" ten="40,2600,0" yaku="1,1,54,1,53,0" doraHai="122" doraHaiUra="85" who="0" fromWho="1" sc="219,45,496,-35,206,0,69,0" /><INIT seed="2,0,0,1,3,0" ten="264,461,206,69" oya="2" hai0="53,134,54,123,78,115,14,129,110,113,73,79,109" hai1="127,8,114,20,92,27,131,121,89,80,51,102,17" hai2="128,41,70,44,69,132,76,90,103,36,48,59,104" hai3="93,91,72,125,3,22,28,62,108,65,16,15,7"/><V133/><F76/><N who="0" m="29226" /><D14/><U96/><E114/><N who="0" m="43529" /><D123/><U10/><E121/><V46/><F90/><W13/><G72/><T126/><D73/><U9/><E131/><V45/><F128/><W6/><G3/><T75/><D75/><U60/><E127/><V43/><F103/><W130/><G125/><T40/><D126/><U38/><E38/><V55/><F104/><W66/><G130/><T95/><D129/><U67/><E51/><V122/><F122/><W61/><G28/><T35/><D35/><U98/><E80/><V74/><F74/><W120/><G120/><T94/><D40/><U52/><E52/><N who="0" m="20073" /><D134/><N who="2" m="51818" /><F43/><W77/><G77/><T19/><D19/><U25/><E17/><V2/><F2/><W57/><G15/><T124/><D124/><U12/><E12/><V116/><F116/><W83/><G83/><T64/><D64/><U106/><REACH who="1" step="1"/><E20/><REACH who="1" ten="264,451,206,69" step="2"/><V5/><F5/><W58/><G108/><AGARI ba="0,1" hai="94,95,108,109,110" m="20073,43529,29226" machi="108" ten="40,8000,1" yaku="28,2,14,1,54,1" doraHai="0" who="0" fromWho="3" sc="264,90,451,0,206,0,69,-80" owari="354,15.0,451,55.0,206,-19.0,-11,-51.0" /></mjloggm>