<mjloggm ver="2.3"><GO type="169" lobby="0"/><UN n0="%E3%81%84%E3%81%9F%E3%83%92%E3%83%AD" n1="%68%69%6E%61%6A%69%6E%6E" n2="%E5%B0%B1%E6%B4%BB%E7%94%9F%40%E5%B7%9D%E6%9D%91%E8%BB%8D%E5%9B%A3" n3="%E7%9C%9F%E5%86%AC%E3%81%AE%E5%90%91%E6%97%A5%E8%91%B5" dan="16,16,18,16" rate="2159.17,2124.82,2260.66,2084.26" sx="M,M,M,M"/><TAIKYOKU oya="0"/><INIT seed="0,0,0,5,3,24" ten="250,250,250,250" oya="0" hai0="31,105,67,35,34,107,118,51,116,54,26,77,92" hai1="121,33,15,64,18,85,29,53,131,110,39,129,84" hai2="46,17,111,127,82,120,8,93,5,49,55,80,3" hai3="20,25,1,38,14,68,27,71,57,102,128,69,106"/><T97/><D35/><U95/><E39/><V2/><F120/><W61/><G1/><T70/><D77/><U60/><E53/><V10/><F111/><W126/><G38/><T108/><D108/><U113/><E113/><V12/><F127/><W101/><G126/><T133/><D133/><U7/><E7/><V9/><F93/><W42/><G42/><T22/><D22/><U123/><E110/><V96/><F96/><W76/><G76/><T91/><D67/><U52/><E95/><V48/><F48/><W75/><G75/><T19/><D19/><U78/><E64/><V37/><F37/><W13/><G27/><T16/><D16/><U21/><E78/><V59/><F46/><W32/><G32/><T86/><D70/><U40/><E40/><V132/><F132/><W47/><G47/><T6/><D6/><AGARI ba="0,0" hai="2,3,5,6,8,9,10,12,17,49,55,59,80,82" machi="6" ten="40,1300,0" yaku="9,1" doraHai="24" who="2" fromWho="0" sc="250,-13,250,0,250,13,250,0" /><INIT seed="1,0,0,1,5,38" ten="237,250,263,250" oya="1" hai0="2,79,33,56,0,52,93,129,82,30,98,15,40" hai1="78,64,124,45,108,28,99,109,53,86,90,63,77" hai2="107,70,42,9,118,65,110,126,103,62,41,75,122" hai3="97,24,66,132,116,37,46,39,104,20,60,14,89"/><U50/><E28/><V106/><F122/><W83/><G132/><T85/><D129/><U31/><E31/><V48/><F118/><W88/><G116/><T55/><D55/><U128/><E128/><V101/><F75/><W18/><G104/><T81/><D81/><U4/><E99/><V11/><F110/><N who="1" m="42601" /><E4/><V58/><F126/><W22/><G83/><T61/><D15/><U113/><E113/><V92/><F107/><W19/><G97/><T112/><D112/><U100/><E100/><N who="2" m="38475" /><F106/><W76/><G76/><T7/><D7/><U49/><E49/><V67/><F70/><W1/><G1/><T12/><D12/><U17/><E17/><V8/><F48/><W84/><G46/><T34/><D30/><U96/><E96/><V23/><F67/><W21/><G21/><T94/><D0/><U80/><E124/><V3/><F3/><W74/><G74/><T111/><D2/><U72/><E72/><V127/><F127/><W73/><G73/><T10/><D111/><U91/><E78/><V35/><F35/><W95/><REACH who="3" step="1"/><G89/><REACH who="3" ten="237,250,263,240" step="2"/><T69/><D98/><U117/><E117/><V114/><F114/><W5/><G5/><T120/><D34/><U36/><E91/><V134/><F134/><W59/><AGARI ba="0,1" hai="14,18,19,20,22,24,37,39,59,60,66,84,88,95" machi="59" ten="20,5200,0" yaku="1,1,0,1,7,1,54,1,53,0" doraHai="38" doraHaiUra="47" who="3" fromWho="3" sc="237,-13,250,-26,263,-13,240,62" /><INIT seed="2,0,0,3,2,53" ten="224,224,250,302" oya="2" hai0="63,80,12,64,84,49,9,125,35,132,69,25,101" hai1="67,52,73,70,106,93,124,117,62,77,92,10,59" hai2="20,98,1,94,31,30,39,60,86,128,65,135,44" hai3="8,134,45,0,74,91,102,7,129,27,42,4,46"/><V82/><F1/><W79/><G102/><T100/><D132/><U5/><E106/><V115/><F135/><W113/><G134/><T99/><D125/><U114/><E124/><V109/><F115/><W83/><G113/><T16/><D99/><U72/><E117/><V56/><F128/><W118/><G118/><T26/><D26/><U112/><E114/><V133/><F133/><W50/><G129/><T123/><D123/><U11/><E11/><V54/><F109/><W78/><G7/><T17/><D49/><U87/><E93/><V130/><F130/><W3/><G79/><T107/><D107/><U19/><E19/><V15/><F39/><W104/><G104/><T111/><D111/><U37/><E37/><V6/><F44/><W108/><G108/><T89/><REACH who="0" step="1"/><D17/><REACH who="0" ten="214,224,250,302" step="2"/><U61/><E112/><V13/><F31/><AGARI ba="0,1" hai="9,12,16,25,31,35,63,64,69,80,84,89,100,101" machi="31" ten="40,5200,0" yaku="1,1,2,1,54,1,53,0" doraHai="53" doraHaiUra="33" who="0" fromWho="2" sc="214,62,224,0,250,-52,302,0" /><INIT seed="3,0,0,1,5,68" ten="276,224,198,302" oya="3" hai0="110,64,87,88,56,107,123,37,96,45,124,132,33" hai1="121,103,77,6,47,17,9,101,99,24,53,62,4" hai2="92,73,128,93,16,104,26,69,50,41,76,59,25" hai3="66,114,28,14,131,58,89,2,98,40,118,1,112"/><W127/><G118/><T11/><D33/><U105/><E103/><V12/><F104/><W115/><G28/><T27/><D123/><U19/><E24/><V82/><F69/><W10/><G127/><T90/><D124/><U67/><E6/><V20/><F128/><W116/><G116/><T44/><D132/><U102/><E102/><V46/><F26/><W5/><G131/><T34/><D110/><U78/><E78/><V39/><REACH who="2" step="1"/><F25/><REACH who="2" ten="276,224,188,302" step="2"/><W30/><G114/><T61/><D27/><U48/><E121/><V100/><F100/><W84/><G112/><T38/><D34/><U52/><E77/><V133/><F133/><W80/><G115/><T65/><D107/><U63/><E105/><V83/><F83/><W109/><G109/><T85/><D11/><U117/><E101/><V49/><F49/><W57/><G10/><T51/><D51/><U71/><E117/><V70/><F70/><W42/><G80/><T135/><D135/><U126/><E126/><V75/><F75/><W55/><G30/><T15/><D15/><U95/><E95/><V32/><F32/><W134/><G14/><T91/><D96/><U18/><E99/><V36/><F36/><W29/><G98/><T23/><D23/><U0/><E63/><V120/><F120/><W43/><G29/><T54/><D37/><U122/><E122/><V81/><F81/><W125/><G134/><T21/><D38/><U13/><E13/><V113/><F113/><W74/><G125/><T3/><D21/><U79/><E79/><V108/><F108/><W31/><G31/><T97/><D97/><RYUUKYOKU ba="0,1" sc="276,-15,224,15,188,15,302,-15" hai1="0,4,9,17,18,19,47,48,52,53,62,67,71" hai2="12,16,20,39,41,46,50,59,73,76,82,92,93" /><INIT seed="4,1,1,5,1,35" ten="261,239,203,287" oya="0" hai0="100,57,103,118,114,52,67,24,23,92,76,49,2" hai1="65,88,112,109,0,113,18,10,36,72,115,48,124" hai2="38,9,37,127,32,116,120,25,54,101,98,84,17" hai3="79,41,74,58,30,123,64,71,126,20,91,28,6"/><T5/><D118/><U89/><E72/><V61/><F120/><W87/><G71/><T33/><D33/><U42/><E109/><V1/><F127/><W55/><G64/><T107/><D107/><U75/><E75/><V110/><F110/><W8/><G41/><T135/><D135/><U22/><E65/><V131/><F131/><W3/><G126/><T27/><D27/><N who="1" m="14807" /><E48/><V53/><F116/><W66/><G66/><T15/><D2/><U7/><E124/><V106/><F84/><W78/><G123/><T73/><D73/><U68/><E68/><V47/><F61/><W86/><G86/><T51/><D67/><U56/><E56/><V19/><F32/><W132/><G132/><T80/><D114/><U90/><E90/><V39/><F47/><AGARI ba="1,1" hai="0,7,10,36,42,47,88,89,112,113,115" m="14807" machi="47" ten="30,7700,0" yaku="15,1,11,1,52,1,54,1" doraHai="35" who="1" fromWho="2" sc="261,0,239,90,203,-80,287,0" /><INIT seed="5,0,0,1,4,130" ten="261,329,123,287" oya="1" hai0="72,88,46,36,59,127,76,60,63,90,112,8,30" hai1="125,117,18,52,107,135,41,14,23,106,54,129,82" hai2="87,1,47,25,79,128,51,11,97,62,65,78,28" hai3="116,50,3,120,69,92,4,75,21,95,27,132,15"/><U134/><E129/><V9/><F128/><W48/><G120/><T17/><D30/><U124/><E41/><V110/><F110/><W6/><G3/><T109/><D109/><U123/><E117/><V118/><F118/><W84/><G75/><T71/><D112/><U102/><E82/><V64/><F97/><W113/><G69/><T43/><D127/><N who="1" m="48715" /><E123/><V131/><F131/><W61/><G61/><T96/><D71/><U20/><E20/><V55/><F65/><W115/><G116/><T77/><D63/><U100/><E52/><V73/><F73/><W31/><G84/><T58/><D58/><U19/><E18/><V29/><F29/><W2/><G31/><T94/><D72/><U49/><E102/><V81/><F78/><W122/><G21/><T22/><D8/><U108/><E108/><V89/><F1/><W74/><G2/><T33/><D33/><U83/><E83/><V99/><F99/><W12/><G74/><T114/><D114/><U40/><E40/><V68/><REACH who="2" step="1"/><F79/><REACH who="2" ten="261,329,113,287" step="2"/><W0/><G0/><T86/><D96/><N who="1" m="61703" /><E107/><V103/><F103/><W67/><G122/><T24/><D90/><U119/><E119/><V105/><F105/><W26/><G67/><AGARI ba="0,1" hai="17,22,24,36,43,46,59,60,67,76,77,86,88,94" machi="67" ten="30,2000,0" yaku="7,1,54,1" doraHai="130" who="0" fromWho="3" sc="261,30,329,0,113,0,287,-20" /><INIT seed="6,0,0,5,4,96" ten="291,329,113,267" oya="2" hai0="50,36,51,113,97,14,65,55,48,54,118,11,21" hai1="106,133,102,29,95,75,52,28,33,61,93,0,103" hai2="84,108,89,86,88,127,72,83,3,70,35,57,66" hai3="122,87,130,26,71,80,20,18,60,104,91,25,5"/><V74/><F70/><W31/><G122/><T76/><D36/><U4/><E75/><V67/><F35/><W78/><G130/><T2/><D2/><U135/><E4/><V41/><F3/><W115/><G115/><T9/><D113/><U45/><E0/><V6/><F6/><W8/><G104/><T53/><D118/><U73/><E73/><V24/><F108/><W15/><G71/><T64/><D76/><U132/><E106/><V105/><F127/><W124/><G124/><T16/><D97/><U107/><E107/><V34/><F105/><W12/><G60/><T59/><D59/><N who="1" m="35047" /><E45/><V128/><F128/><W99/><G99/><T101/><D101/><N who="1" m="38411" /><E33/><V126/><F126/><W94/><G5/><T38/><D38/><U22/><E29/><V13/><F41/><W30/><G30/><T109/><D109/><U40/><E40/><V49/><F74/><W134/><G31/><T27/><D9/><U56/><E56/><V1/><F72/><W90/><G8/><T62/><D62/><U123/><E123/><V7/><F1/><W98/><G18/><AGARI ba="0,0" hai="11,14,16,18,21,27,48,50,51,53,54,55,64,65" machi="18" ten="40,2600,0" yaku="8,1,54,1" doraHai="96" who="0" fromWho="3" sc="291,26,329,0,113,0,267,-26" /><INIT seed="7,0,0,1,2,8" ten="317,329,113,241" oya="3" hai0="56,21,77,123,106,12,5,38,30,68,67,54,51" hai1="75,63,100,116,16,35,76,119,69,114,40,78,90" hai2="36,132,95,31,26,87,65,74,72,45,6,15,58" hai3="49,4,66,25,101,11,89,91,14,10,108,103,48"/><W73/><G73/><T84/><D106/><U22/><E35/><V79/><F132/><W9/><G108/><T107/><D107/><U86/><E100/><N who="3" m="38474" /><G66/><T133/><D38/><U124/><E40/><V60/><F36/><W53/><G25/><T44/><D68/><U29/><E29/><V125/><F125/><W80/><G49/><T135/><D123/><U1/><E1/><V13/><F6/><W47/><G91/><T99/><D99/><U17/><E124/><V110/><F110/><W71/><G71/><T57/><D67/><N who="1" m="41215" /><E17/><V37/><F37/><W105/><G105/><T120/><D120/><U113/><E75/><V122/><F122/><W131/><G131/><T81/><D30/><U19/><E19/><V112/><F112/><N who="1" m="43113" /><E90/><V109/><F109/><W34/><G34/><T59/><D5/><U83/><E78/><V27/><F74/><W118/><G118/><T18/><AGARI ba="0,0" hai="12,18,21,44,51,54,56,57,59,77,81,84,133,135" machi="18" ten="30,2000,0" yaku="0,1,52,1" doraHai="8" who="0" fromWho="0" sc="317,20,329,-5,113,-5,241,-10" owari="337,44.0,324,12.0,108,-39.0,231,-17.0" /></mjloggm>