<mjloggm ver="2.3"><GO type="169" lobby="0"/><UN n0="%E3%82%B3%E3%83%BC%E3%83%A9%E4%B8%8B%E3%81%95%E3%81%84" n1="%6A%61%6E%79" n2="%E3%82%B7%E3%83%A3%E3%83%BC%E3%83%AA%E3%83%97%E3%83%88%E3%83%A9" n3="%E3%82%A6%E3%83%AB%E3%83%88%E3%83%A9%E7%AB%8B%E7%9B%B4" dan="19,16,17,17" rate="2332.89,2141.59,2221.11,2141.05" sx="M,M,M,M"/><TAIKYOKU oya="0"/><INIT seed="0,0,0,1,4,14" ten="250,250,250,250" oya="0" hai0="53,27,102,92,121,106,129,105,116,111,24,133,23" hai1="22,118,48,76,87,31,126,120,13,55,77,0,2" hai2="112,128,108,45,32,6,43,19,28,49,56,59,81" hai3="68,60,18,33,29,89,82,94,124,46,98,131,12"/><T40/><D116/><U88/><E118/><V130/><F112/><W96/><G131/><N who="2" m="50217" /><F108/><W50/><G124/><T67/><D121/><U20/><E120/><V44/><F6/><W95/><G82/><T8/><D133/><U16/><E126/><V26/><F81/><W114/><G114/><T9/><D129/><U21/><E2/><V64/><F64/><W100/><G33/><T10/><D67/><U85/><E0/><V122/><F122/><W74/><G74/><T5/><D5/><U61/><E61/><V97/><F97/><W71/><G29/><T65/><D65/><U70/><E70/><V35/><F35/><W7/><G7/><T117/><D117/><U84/><E88/><V41/><F19/><W90/><G100/><T51/><D40/><U107/><E107/><V54/><F54/><W103/><G103/><T62/><D111/><U132/><E132/><V78/><F78/><N who="1" m="30313" /><E31/><V15/><F15/><W34/><G34/><T36/><D105/><U83/><E83/><V93/><F93/><W80/><G80/><T86/><D106/><U52/><E55/><V79/><F79/><W25/><G60/><T75/><D62/><U66/><E66/><V11/><F11/><W63/><G63/><T99/><D53/><U115/><E115/><V69/><F69/><W109/><G109/><T135/><D135/><U125/><E125/><V134/><F134/><W119/><G119/><T72/><D72/><U38/><E38/><AGARI ba="0,0" hai="26,28,32,38,41,43,44,45,49,56,59" m="50217" machi="38" ten="30,1000,0" yaku="19,1" doraHai="14" who="2" fromWho="1" sc="250,0,250,-10,250,10,250,0" /><INIT seed="1,0,0,2,3,121" ten="250,240,260,250" oya="1" hai0="131,124,34,29,57,112,22,113,67,47,93,90,122" hai1="66,100,101,89,31,135,25,52,42,41,88,76,36" hai2="69,103,95,71,37,63,119,12,97,59,15,17,96" hai3="23,65,7,134,109,130,44,5,39,24,114,45,55"/><U16/><E135/><V132/><F37/><W87/><G114/><T117/><D34/><U10/><E66/><V81/><F132/><W133/><G65/><T94/><D117/><U127/><E127/><V56/><F119/><W2/><G130/><T50/><D131/><U70/><E70/><V102/><F81/><W46/><G39/><T120/><D124/><U48/><E76/><V35/><F35/><W40/><G40/><N who="1" m="15466" /><E36/><V4/><F4/><W28/><G134/><T110/><D67/><U53/><E31/><V77/><F77/><W27/><G2/><T9/><D9/><U116/><E116/><V61/><F95/><W19/><G133/><T3/><D3/><U75/><E75/><V64/><F64/><W92/><G109/><T84/><D110/><U54/><E48/><V104/><REACH who="2" step="1"/><F17/><REACH who="2" ten="250,240,250,250" step="2"/><W82/><G92/><T107/><D93/><U51/><E51/><V26/><F26/><W14/><G27/><T18/><D94/><U78/><E78/><V32/><F32/><W73/><G73/><T20/><D112/><U68/><E68/><V99/><F99/><W11/><G55/><T1/><D113/><U38/><E38/><V129/><F129/><W33/><G33/><T60/><D29/><U6/><E6/><V123/><F123/><W83/><G83/><T30/><D120/><U106/><E106/><AGARI ba="0,1" hai="12,15,56,59,61,63,69,71,96,97,102,103,104,106" machi="106" ten="25,3200,0" yaku="1,1,22,2,53,0" doraHai="121" doraHaiUra="79" who="2" fromWho="1" sc="250,0,240,-32,250,42,250,0" /><INIT seed="2,0,0,1,1,51" ten="250,208,292,250" oya="2" hai0="55,129,90,107,71,97,130,16,9,42,27,3,35" hai1="110,22,24,108,121,37,134,64,123,87,7,25,102" hai2="59,6,19,76,116,46,95,75,114,96,91,1,18" hai3="4,11,29,78,5,89,8,106,53,125,52,103,72"/><V77/><F114/><W2/><G103/><T127/><D71/><U23/><E37/><V124/><F116/><W94/><G106/><T41/><D127/><U135/><E64/><V30/><F124/><W65/><G125/><T13/><D3/><U105/><E105/><V50/><F30/><W112/><G112/><T39/><D39/><U40/><E102/><V67/><F6/><W43/><G43/><T86/><D107/><U131/><E40/><V115/><F1/><W128/><G128/><N who="0" m="49259" /><D97/><U0/><E87/><V54/><F115/><W126/><G126/><T45/><D35/><U60/><E60/><N who="2" m="38303" /><F75/><W44/><G44/><T15/><D15/><U66/><E66/><V70/><F70/><W119/><G65/><T104/><D27/><N who="1" m="10315" /><E131/><V80/><F80/><W82/><G119/><T98/><D98/><U12/><E0/><V109/><F109/><N who="1" m="42089" /><E7/><V73/><F73/><W85/><G29/><T68/><D68/><U17/><E23/><V20/><F19/><W57/><G57/><T120/><D104/><U111/><N who="1" m="42097" /><U31/><DORA hai="34" /><E31/><V92/><F92/><W62/><G62/><T28/><D28/><U122/><AGARI ba="0,0" hai="12,17,22,121,122,123,134,135" m="42097,10315" machi="122" ten="50,8000,1" yaku="13,1,14,1,34,2" doraHai="51,34" who="1" fromWho="1" sc="250,-20,208,80,292,-40,250,-20" /><INIT seed="3,0,0,4,0,14" ten="230,288,252,230" oya="3" hai0="91,11,108,87,125,110,24,81,9,78,130,129,65" hai1="104,66,15,100,44,116,59,92,86,8,122,115,50" hai2="83,34,120,131,75,46,73,5,20,23,1,48,132" hai3="10,30,71,12,3,127,35,135,47,76,19,84,28"/><W42/><G71/><T17/><D65/><U102/><E122/><V101/><F34/><W52/><G3/><T39/><D39/><U118/><E115/><V105/><F1/><W67/><G35/><T106/><D125/><U72/><E72/><V40/><F105/><W0/><G0/><T99/><D9/><U56/><E104/><V77/><F101/><N who="1" m="39017" /><E66/><V111/><F120/><W94/><G67/><T32/><D106/><U57/><E116/><V25/><F20/><W68/><G68/><T45/><D45/><U103/><E103/><V18/><F5/><W128/><G127/><T43/><D43/><U96/><E96/><V124/><F124/><W62/><G128/><N who="0" m="49259" /><D32/><U85/><E92/><V60/><F131/><W112/><G112/><T114/><D114/><U49/><E118/><V31/><F132/><W88/><G76/><T33/><D33/><U107/><E107/><V6/><F6/><W41/><G135/><T63/><D63/><U134/><E134/><V29/><F111/><W64/><G64/><T22/><D11/><U26/><E26/><V38/><F60/><W74/><G74/><T119/><D119/><U61/><E61/><V13/><F73/><W58/><G41/><T36/><D36/><AGARI ba="0,0" hai="10,12,19,28,30,36,42,47,52,58,62,84,88,94" machi="36" ten="30,11600,0" yaku="7,1,52,1,54,2" doraHai="14" who="3" fromWho="0" sc="230,-116,288,0,252,0,230,116" /><INIT seed="3,1,0,0,2,4" ten="114,288,252,346" oya="3" hai0="134,61,3,33,31,117,102,34,82,59,2,8,26" hai1="96,128,132,21,95,41,80,70,73,20,22,28,104" hai2="85,14,116,36,98,111,15,42,60,16,44,71,13" hai3="110,135,92,45,52,12,75,9,46,94,121,48,40"/><W127/><G75/><T105/><D117/><U69/><E104/><V101/><F111/><W62/><G121/><T87/><D134/><U67/><E132/><V88/><F116/><W113/><G113/><T100/><D34/><U23/><E128/><V125/><F125/><W90/><G135/><T86/><D86/><U130/><E130/><V93/><F71/><W106/><G106/><T58/><D58/><U114/><E114/><V37/><F60/><W89/><G127/><T133/><D133/><U49/><E73/><V18/><REACH who="2" step="1"/><F37/><REACH who="2" ten="114,288,242,346" step="2"/><W72/><G110/><T77/><D105/><AGARI ba="1,1" hai="13,14,15,16,18,36,42,44,85,88,93,98,101,105" machi="105" ten="40,8000,1" yaku="1,1,2,1,54,2,53,0" doraHai="4" doraHaiUra="55" who="2" fromWho="0" sc="114,-83,288,0,242,93,346,0" /><INIT seed="4,0,0,1,4,92" ten="31,288,335,346" oya="0" hai0="64,110,11,58,3,82,79,55,25,127,115,37,120" hai1="103,78,4,35,44,50,22,88,118,69,96,42,5" hai2="119,40,90,15,51,60,131,36,31,30,59,111,133" hai3="20,89,95,45,19,46,124,102,121,24,39,86,14"/><T65/><D120/><U80/><E35/><V98/><F111/><W29/><G124/><T67/><D37/><U63/><E118/><V125/><F36/><W0/><G121/><T7/><D127/><U16/><E69/><V104/><F125/><W112/><G112/><T43/><D43/><U41/><E63/><V70/><F70/><W28/><G0/><T109/><D115/><U27/><E41/><V33/><F33/><W108/><G108/><N who="0" m="41579" /><D25/><U100/><E100/><V106/><F106/><W83/><G39/><T32/><D32/><U48/><E48/><V6/><F104/><W49/><G49/><N who="0" m="31087" /><D65/><U116/><E116/><V94/><F119/><W135/><G135/><T126/><D126/><U75/><E88/><V52/><F133/><W130/><G130/><T81/><D81/><U9/><REACH who="1" step="1"/><E9/><REACH who="1" ten="31,278,335,346" step="2"/><N who="2" m="4535" /><F131/><W13/><G89/><T74/><AGARI ba="0,1" hai="3,7,11,64,67,74,79,82" m="31087,41579" machi="74" ten="30,1500,0" yaku="10,1" doraHai="92" who="0" fromWho="0" sc="31,25,278,-5,335,-5,346,-5" /><INIT seed="4,1,0,5,4,84" ten="56,273,330,341" oya="0" hai0="134,116,110,115,36,107,41,30,85,46,13,42,104" hai1="132,111,94,27,9,79,59,62,131,54,71,31,65" hai2="76,55,82,56,97,18,113,2,15,81,88,68,135" hai3="89,106,80,87,122,93,11,117,72,78,21,120,119"/><T60/><D116/><N who="3" m="44617" /><G21/><T90/><D115/><U1/><E111/><V45/><F135/><W50/><G11/><T109/><D134/><U99/><E132/><V98/><F113/><W121/><G50/><T100/><D42/><U105/><E105/><AGARI ba="1,0" hai="72,78,80,87,89,93,105,106,120,121,122" m="44617" machi="105" ten="40,8000,1" yaku="13,1,34,2,52,1" doraHai="84" who="3" fromWho="1" sc="56,0,273,-83,330,0,341,83" /><INIT seed="5,0,0,3,2,62" ten="56,190,330,424" oya="1" hai0="94,81,7,96,105,12,9,135,115,0,56,26,17" hai1="42,91,112,61,52,107,123,10,71,69,108,59,89" hai2="60,58,3,82,93,8,50,20,92,84,16,111,99" hai3="120,74,37,75,39,43,25,32,34,68,114,103,63"/><U102/><E123/><V83/><F111/><W86/><G86/><T31/><D115/><U38/><E108/><V5/><F50/><W128/><G114/><T129/><D129/><U36/><E112/><V98/><F98/><W19/><G19/><T2/><D105/><U27/><E71/><V1/><F1/><W109/><G109/><T76/><D135/><U119/><E119/><V48/><F48/><W23/><G23/><T78/><D56/><U47/><E36/><V116/><F116/><W100/><G100/><T41/><D41/><U97/><E27/><V90/><F92/><W87/><G87/><T67/><D2/><U79/><E79/><V21/><F21/><W70/><G25/><T126/><D126/><U4/><REACH who="1" step="1"/><E69/><REACH who="1" ten="56,180,330,424" step="2"/><V113/><F113/><W35/><G70/><T130/><D78/><U13/><AGARI ba="0,1" hai="4,10,13,38,42,47,52,59,61,89,91,97,102,107" machi="13" ten="20,18000,2" yaku="1,1,2,1,0,1,7,1,54,1,53,2" doraHai="62" doraHaiUra="85" who="1" fromWho="1" sc="56,-60,180,190,330,-60,424,-60" owari="-4,-50.0,370,47.0,270,-13.0,364,16.0" /></mjloggm>