<mjloggm ver="2.3"><GO type="169" lobby="0"/><UN n0="%E5%B0%B1%E6%B4%BB%E7%94%9F%40%E5%B7%9D%E6%9D%91%E8%BB%8D%E5%9B%A3" n1="%E3%81%8D%E3%81%8F%E3%81%A6%E3%81%83%E3%81%99%E2%98%86" n2="%6D%6F%6E%6F%2D%31%34" n3="%E5%BC%93%E9%9F%B3" dan="17,17,16,16" rate="2148.58,2113.68,2158.67,2078.92" sx="M,F,M,F"/><TAIKYOKU oya="0"/><INIT seed="0,0,0,4,1,37" ten="250,250,250,250" oya="0" hai0="27,26,73,11,7,60,83,34,129,105,110,35,58" hai1="18,94,118,87,59,107,119,85,127,31,66,128,76" hai2="111,19,67,4,24,84,104,72,62,102,14,97,3" hai3="71,81,82,41,5,33,92,108,50,54,1,43,51"/><T96/><D129/><U98/><E128/><V68/><F72/><W89/><G71/><T0/><D110/><U36/><E107/><V29/><F111/><W61/><G33/><T86/><D73/><U52/><E127/><V79/><F79/><W75/><G75/><T13/><D0/><U106/><E106/><V130/><F84/><W100/><G5/><T16/><D7/><U134/><E134/><V70/><F70/><W21/><G1/><T121/><D121/><U80/><E66/><V120/><F130/><W133/><G133/><T64/><D35/><U88/><E36/><V132/><F132/><W78/><G100/><T23/><D34/><U45/><E45/><V15/><F19/><W17/><G108/><T20/><D96/><U56/><E31/><V109/><F120/><W74/><G81/><T44/><D44/><U10/><E59/><V38/><F38/><W40/><G61/><T9/><D105/><U115/><E115/><V95/><F95/><W53/><G51/><T42/><D42/><U90/><E10/><N who="0" m="3593" /><D23/><U49/><REACH who="1" step="1"/><E18/><REACH who="1" ten="250,240,250,250" step="2"/><V103/><F109/><W2/><G2/><T93/><D93/><AGARI ba="0,1" hai="49,52,56,76,80,85,87,88,90,93,94,98,118,119" machi="93" ten="30,8000,1" yaku="1,1,2,1,7,1,54,2,53,0" doraHai="37" doraHaiUra="69" who="1" fromWho="0" sc="250,-80,240,90,250,0,250,0" /><INIT seed="1,0,0,1,3,73" ten="170,330,250,250" oya="1" hai0="45,18,99,38,68,19,135,15,100,118,17,51,85" hai1="89,125,4,132,55,81,65,104,23,40,43,110,59" hai2="133,1,16,54,80,8,122,124,29,123,10,95,62" hai3="101,97,127,112,76,131,22,83,105,61,26,116,33"/><U111/><E104/><V25/><F1/><W87/><G112/><T113/><D38/><U3/><E125/><V20/><F124/><W47/><G127/><T46/><D113/><U79/><E65/><V126/><F126/><W74/><G131/><T93/><D118/><U63/><E132/><V11/><F133/><W0/><G116/><T94/><D135/><U49/><E89/><V78/><F95/><W24/><G33/><T75/><D75/><U109/><E63/><V53/><F29/><W130/><G130/><T77/><D68/><U21/><E4/><V70/><F70/><W134/><G134/><T13/><D46/><U6/><E6/><V84/><REACH who="2" step="1"/><F62/><REACH who="2" ten="170,330,240,250" step="2"/><W14/><G0/><T71/><D71/><U12/><E3/><V119/><F119/><W56/><G14/><T106/><D106/><U28/><E12/><V2/><F2/><W31/><G26/><T66/><D66/><U27/><REACH who="1" step="1"/><E23/><REACH who="1" ten="170,320,240,250" step="2"/><V114/><F114/><W39/><G22/><T32/><D32/><U30/><E30/><V120/><AGARI ba="0,2" hai="8,10,11,16,20,25,53,54,78,80,84,120,122,123" machi="120" ten="40,8000,1" yaku="1,1,0,1,52,1,54,1,53,0" doraHai="73" doraHaiUra="37" who="2" fromWho="2" sc="170,-20,320,-40,240,100,250,-20" /><INIT seed="2,0,0,4,3,129" ten="150,280,340,230" oya="2" hai0="96,34,57,118,110,70,99,61,88,56,52,103,37" hai1="75,16,122,48,91,66,104,85,7,74,73,131,78" hai2="106,6,25,44,21,13,64,50,11,124,24,76,84" hai3="65,29,123,3,36,94,55,69,127,105,126,82,102"/><V135/><F135/><W35/><G29/><T5/><D34/><U41/><E104/><V92/><F124/><W31/><G31/><T125/><D37/><U68/><E131/><V111/><F106/><W40/><G55/><T107/><D125/><U1/><E122/><V116/><F111/><W128/><G65/><T0/><D110/><U27/><E78/><V23/><F116/><W42/><G42/><T15/><D0/><U81/><E7/><V59/><F59/><W89/><G40/><T134/><D70/><U120/><E1/><V26/><F64/><W47/><G47/><T49/><D118/><U19/><E120/><V46/><F46/><W93/><G82/><T30/><D30/><U112/><E112/><V109/><F109/><W38/><G102/><T72/><D72/><U101/><E101/><V12/><F12/><W115/><G89/><T117/><D117/><U45/><REACH who="1" step="1"/><E27/><REACH who="1" ten="150,270,340,230" step="2"/><V121/><F121/><W87/><G115/><T114/><D114/><U86/><E86/><V108/><F108/><W4/><G87/><T98/><D88/><U60/><AGARI ba="0,1" hai="16,19,41,45,48,60,66,68,73,74,75,81,85,91" machi="60" ten="40,5200,0" yaku="1,1,0,1,54,1,53,0" doraHai="129" doraHaiUra="18" who="1" fromWho="1" sc="150,-13,270,62,340,-26,230,-13" /><INIT seed="3,0,0,5,0,116" ten="137,332,314,217" oya="3" hai0="113,73,71,122,6,14,123,81,31,40,24,45,92" hai1="103,2,48,115,125,121,39,5,120,70,96,51,21" hai2="118,18,63,110,57,37,132,55,12,29,36,98,17" hai3="105,67,97,89,28,32,106,108,78,114,15,109,20"/><W104/><G67/><T25/><D71/><U128/><E115/><V101/><F118/><W33/><G78/><T74/><D113/><U130/><E39/><V69/><F132/><W38/><G38/><T43/><D92/><U46/><E70/><V56/><F110/><W4/><G114/><T91/><D91/><U129/><E125/><V124/><F124/><W27/><G4/><T19/><D6/><U79/><E79/><V68/><F18/><W95/><REACH who="3" step="1"/><G15/><REACH who="3" ten="137,332,314,207" step="2"/><T11/><D73/><U1/><E5/><V64/><F37/><W84/><G84/><T80/><D74/><U26/><E1/><V85/><F85/><W8/><G8/><T83/><D24/><U60/><E2/><V49/><F36/><W131/><G131/><T50/><REACH who="0" step="1"/><D40/><REACH who="0" ten="127,332,314,207" step="2"/><U41/><E26/><V62/><F69/><W22/><G22/><AGARI ba="0,2" hai="11,14,19,22,25,31,43,45,50,80,81,83,122,123" machi="22" ten="40,8000,1" yaku="1,1,2,1,52,2,53,0" doraHai="116" doraHaiUra="72" who="0" fromWho="3" sc="127,100,332,0,314,0,207,-80" /><INIT seed="4,0,0,1,0,116" ten="227,332,314,127" oya="0" hai0="82,91,111,78,72,27,81,50,106,127,97,12,10" hai1="125,126,74,79,16,100,77,0,11,43,68,101,25" hai2="36,23,105,64,103,46,33,112,119,98,75,34,70" hai3="9,89,54,73,14,40,51,84,47,18,95,41,6"/><T42/><D127/><N who="1" m="48651" /><E68/><V39/><F112/><W113/><G113/><T66/><D111/><U109/><E109/><V58/><F58/><W104/><G104/><T110/><D110/><U87/><E74/><V21/><F21/><W96/><G73/><T135/><D135/><U52/><E43/><N who="2" m="22887" /><F23/><W123/><G123/><T99/><D66/><U114/><E114/><V53/><F53/><W67/><G67/><T4/><D106/><U69/><E69/><V20/><F20/><W102/><REACH who="3" step="1"/><G6/><REACH who="3" ten="227,332,314,117" step="2"/><T7/><D7/><U55/><E25/><V118/><F75/><W85/><G85/><T1/><D27/><U22/><E87/><V93/><F105/><W117/><G117/><T108/><D108/><U60/><E0/><V15/><F64/><W49/><G49/><T59/><D1/><U30/><E60/><V83/><F119/><W65/><G65/><T124/><D124/><U121/><E121/><V32/><F118/><W133/><G133/><T2/><D2/><U80/><E30/><V8/><F70/><W44/><G44/><T88/><D59/><U38/><E38/><V13/><F39/><W132/><G132/><T37/><D37/><U71/><E71/><V28/><F28/><W29/><G29/><T115/><D115/><U120/><E120/><V131/><F34/><W130/><G130/><T134/><D134/><U35/><E35/><V57/><F33/><W56/><G56/><T90/><D82/><U129/><E80/><V48/><F83/><W24/><G24/><T61/><D61/><U17/><E129/><V107/><F131/><W76/><G76/><RYUUKYOKU ba="0,1" sc="227,15,332,-15,314,-15,117,15" hai0="4,10,12,42,50,72,78,81,88,90,91,97,99" hai3="9,14,18,40,41,47,51,54,84,89,95,96,102" /><INIT seed="4,1,1,0,2,77" ten="242,317,299,132" oya="0" hai0="75,124,23,126,79,58,5,128,88,98,44,93,107" hai1="50,52,29,3,95,116,110,83,135,121,119,94,20" hai2="26,2,30,66,9,99,74,125,118,15,46,114,133" hai3="105,82,57,113,34,45,100,81,122,96,130,112,16"/><T92/><D128/><U68/><E110/><V22/><F74/><W65/><G34/><T91/><D5/><U132/><E121/><V103/><F2/><W42/><G130/><T49/><D58/><U109/><E109/><V1/><F1/><W64/><G122/><T51/><D107/><U87/><E68/><V106/><F133/><N who="1" m="51273" /><E3/><V28/><F114/><W35/><G35/><T54/><D23/><U101/><E29/><V73/><F73/><W108/><G108/><T6/><D6/><U55/><E20/><V117/><F46/><W129/><G129/><T61/><D61/><U32/><E32/><V71/><F66/><W120/><G120/><T39/><D39/><U40/><E40/><V72/><F72/><W8/><G112/><T21/><D21/><U67/><E67/><V24/><F71/><W78/><G78/><T48/><D79/><N who="1" m="46591" /><E55/><V111/><F111/><W76/><G76/><T38/><D75/><U59/><E101/><V36/><F36/><W25/><G113/><T85/><REACH who="0" step="1"/><D54/><REACH who="0" ten="232,317,299,132" step="2"/><U37/><E37/><V53/><F53/><W89/><G89/><T0/><D0/><U33/><E33/><V84/><F22/><W131/><G131/><T90/><D90/><U4/><E4/><V31/><F26/><W134/><G134/><T104/><D104/><U102/><E102/><V62/><F24/><W86/><G25/><T41/><AGARI ba="1,2" hai="38,41,44,48,49,51,85,88,91,92,93,98,124,126" machi="41" ten="30,11700,0" yaku="1,1,0,1,54,1,53,1" doraHai="77" doraHaiUra="43" who="0" fromWho="0" sc="232,140,317,-40,299,-40,132,-40" /><INIT seed="4,2,0,3,2,113" ten="372,277,259,92" oya="0" hai0="106,104,53,121,47,11,63,0,77,14,81,48,108" hai1="78,68,43,76,85,80,112,23,3,52,59,57,133" hai2="69,18,86,13,127,25,12,31,74,62,50,61,17" hai3="51,109,20,22,29,83,33,16,94,107,67,37,120"/><T34/><D34/><U42/><E3/><V28/><F74/><W82/><G37/><T111/><D121/><U91/><E68/><V71/><F127/><W54/><G107/><T64/><D0/><U56/><E112/><V132/><F50/><W46/><G120/><T105/><D77/><U123/><E123/><V110/><F86/><W93/><G67/><T10/><D81/><U36/><E133/><V103/><F103/><W125/><G125/><T45/><D47/><U117/><E117/><V40/><F25/><W26/><G109/><T124/><D124/><U73/><E78/><V116/><F116/><W88/><G93/><T102/><D102/><U87/><E73/><V95/><F95/><W39/><G39/><T58/><REACH who="0" step="1"/><D14/><REACH who="0" ten="362,277,259,92" step="2"/><U32/><E32/><V7/><F13/><W134/><G33/><T97/><D97/><U131/><E36/><V21/><F12/><N who="3" m="9223" /><G134/><T101/><D101/><U126/><E126/><V118/><F132/><W114/><G114/><T99/><D99/><AGARI ba="2,1" hai="22,26,29,46,51,54,82,83,88,94,99" m="9223" machi="99" ten="30,3900,0" yaku="8,1,54,2" doraHai="113" who="3" fromWho="0" sc="362,-45,277,0,259,0,92,55" /><INIT seed="5,0,0,1,3,132" ten="317,277,259,147" oya="1" hai0="17,7,97,24,130,12,16,13,73,27,4,100,127" hai1="42,79,96,108,115,18,109,41,128,38,2,5,61" hai2="91,89,74,30,133,85,45,104,35,14,15,95,34" hai3="114,102,83,55,118,46,36,28,101,39,94,106,103"/><U26/><E115/><V99/><F74/><W81/><G94/><N who="0" m="58423" /><D127/><U0/><E128/><V122/><F133/><W72/><G114/><T3/><D3/><U77/><E96/><V25/><F122/><W48/><G118/><T71/><D71/><U8/><E61/><V92/><F35/><W69/><G69/><T123/><D73/><U112/><E112/><V44/><F104/><W124/><G106/><T20/><D130/><U121/><E121/><V22/><F34/><W10/><G28/><T53/><D53/><U98/><E2/><V50/><F45/><W76/><G81/><T119/><D119/><U116/><E116/><V70/><F70/><W23/><G23/><N who="0" m="11655" /><D123/><U47/><E42/><AGARI ba="0,0" hai="14,15,22,25,30,42,44,50,85,89,91,92,95,99" machi="42" ten="30,2000,0" yaku="7,1,8,1" doraHai="132" who="2" fromWho="1" sc="317,0,277,-20,259,20,147,0" /><INIT seed="6,0,0,1,1,53" ten="317,257,279,147" oya="2" hai0="62,10,64,37,21,71,94,57,13,18,43,126,59" hai1="131,121,36,82,12,16,28,78,6,116,85,17,50" hai2="129,114,52,93,96,107,100,8,101,19,34,112,15" hai3="22,11,123,81,113,24,90,31,115,23,111,33,91"/><V3/><F34/><W0/><G81/><T63/><D126/><U70/><E36/><V133/><F133/><W72/><G72/><T69/><D37/><U89/><E116/><V65/><F129/><W56/><G90/><T118/><D118/><U25/><E131/><V73/><F73/><W108/><G91/><T45/><D45/><U110/><E110/><V132/><F132/><W58/><G11/><T14/><D43/><U77/><E121/><V106/><F3/><W109/><G0/><T2/><D2/><U32/><E70/><V38/><F38/><W80/><G80/><T130/><D130/><U51/><E6/><V47/><F65/><W60/><G123/><T20/><D20/><U27/><E27/><V49/><F101/><W1/><G1/><T95/><D69/><U39/><E39/><V67/><F67/><W66/><REACH who="3" step="1"/><G56/><REACH who="3" ten="317,257,279,137" step="2"/><T119/><D119/><U124/><E124/><V42/><F107/><W79/><G79/><T98/><D71/><U103/><E78/><V4/><F106/><W26/><G26/><T122/><D122/><U5/><E103/><V92/><F92/><W35/><G35/><T127/><D127/><U105/><E105/><V86/><F86/><W40/><G40/><T9/><D9/><U88/><E77/><V117/><F117/><W102/><G102/><T99/><D94/><U68/><E89/><V7/><F42/><W134/><G134/><T135/><D95/><U84/><E68/><V83/><F83/><W29/><G29/><T87/><D135/><U104/><E85/><V44/><F44/><W61/><G61/><RYUUKYOKU ba="0,1" sc="317,-15,257,-15,279,15,137,15" hai2="4,7,8,15,19,47,49,52,93,96,100,112,114" hai3="22,23,24,31,33,58,60,66,108,109,111,113,115" /><INIT seed="6,1,1,3,2,68" ten="302,242,294,152" oya="2" hai0="26,40,116,19,76,111,45,18,58,80,135,67,127" hai1="16,113,82,85,61,93,47,25,49,120,30,17,121" hai2="34,86,31,44,0,90,74,114,3,79,109,11,94" hai3="128,131,37,1,129,124,125,63,55,43,8,69,87"/><V52/><F114/><W64/><G87/><N who="0" m="48519" /><D111/><U57/><E113/><V39/><F109/><W119/><G55/><T70/><D70/><U101/><E101/><V78/><F34/><W10/><G10/><T20/><D135/><U107/><E93/><V72/><F31/><W36/><G8/><T33/><D33/><U2/><E107/><V83/><F79/><W42/><G1/><T21/><D127/><N who="3" m="48713" /><G119/><T6/><D6/><U132/><E2/><V38/><F74/><W103/><G103/><T9/><D9/><U50/><E132/><V75/><F75/><W66/><G66/><T123/><D123/><U5/><E5/><V51/><F3/><W112/><G112/><T77/><D77/><U4/><E4/><V35/><F35/><W24/><G24/><N who="0" m="14359" /><D116/><U89/><E121/><V91/><F0/><W62/><G62/><N who="0" m="38359" /><D45/><U134/><E134/><V54/><F11/><W65/><G65/><T92/><D92/><U71/><E120/><V48/><F90/><W98/><G98/><T22/><D22/><U59/><E71/><V13/><F13/><W106/><G106/><T14/><D40/><AGARI ba="1,1" hai="36,37,40,42,43,63,64,69,128,129,131" m="48713" machi="40" ten="40,12000,2" yaku="19,1,18,1,34,2,52,2" doraHai="68" who="3" fromWho="0" sc="302,-123,242,0,294,0,152,133" /><INIT seed="7,0,0,2,3,71" ten="179,242,294,285" oya="3" hai0="63,30,103,90,26,14,33,24,118,35,47,8,79" hai1="65,131,133,121,0,7,94,50,99,75,76,19,115" hai2="64,68,12,37,88,96,17,129,23,44,98,128,78" hai3="32,123,31,95,6,39,104,73,49,119,5,111,9"/><W116/><G39/><T36/><D118/><U92/><E121/><V106/><F78/><W40/><G73/><T46/><D79/><U15/><E115/><V21/><F106/><W69/><G69/><T108/><D108/><U80/><E133/><V122/><F64/><W85/><G104/><T52/><D103/><U105/><E131/><N who="2" m="50251" /><F68/><W34/><G49/><T86/><D26/><U3/><E65/><V83/><F23/><W53/><G53/><T13/><D35/><U87/><E105/><V16/><F17/><W81/><G95/><T112/><D112/><U66/><E94/><V114/><F114/><W113/><G113/><T60/><D14/><U109/><E109/><V70/><F70/><W124/><G111/><T100/><D100/><U67/><E75/><V130/><F122/><W102/><G102/><T55/><D36/><U107/><E107/><V2/><F2/><W48/><G123/><T41/><D41/><U58/><E67/><V93/><F83/><W20/><G116/><T38/><D38/><U134/><E134/><V11/><F11/><W29/><G9/><T54/><D60/><U72/><E72/><V51/><F37/><W18/><G119/><T97/><D63/><N who="1" m="38263" /><E50/><V59/><F59/><W25/><G48/><T125/><D125/><U126/><E7/><V10/><F10/><W42/><G124/><T62/><D62/><U117/><E126/><V127/><F127/><W89/><G32/><T77/><D77/><U91/><E117/><V56/><F56/><W101/><G34/><T4/><D97/><U84/><E99/><N who="2" m="57767" /><F130/><W22/><G5/><RYUUKYOKU ba="0,0" sc="179,10,242,10,294,10,285,-30" hai0="4,8,13,24,30,33,46,47,52,54,55,86,90" hai1="0,3,15,19,76,80,84,87,91,92" hai2="12,16,21,44,51,96,98" owari="189,-31.0,252,-15.0,304,40.0,255,6.0" /></mjloggm>