<mjloggm ver="2.3"><GO type="169" lobby="0"/><UN n0="%E3%83%88%E3%83%88%E3%83%AA%E5%85%88%E7%94%9F%31%39%E6%AD%B3" n1="%E3%81%A4%E3%81%8B%E3%82%93%E3%81%BD%E3%81%8F%E3%82%93" n2="%E4%BB%B2%E5%B7%9D%E7%BF%94" n3="%E2%98%86%E9%BB%84%E7%80%AC%E3%82%84%E3%82%88%E3%81%84%E2%98%86" dan="18,16,16,17" rate="2235.21,2049.25,2114.35,2119.75" sx="F,M,M,M"/><TAIKYOKU oya="0"/><INIT seed="0,0,0,3,2,127" ten="250,250,250,250" oya="0" hai0="16,12,47,46,134,6,52,114,18,57,111,42,40" hai1="21,95,41,107,88,116,120,86,82,101,64,72,117" hai2="70,37,73,4,59,104,44,135,8,71,109,0,119" hai3="23,49,98,43,63,14,131,96,5,22,94,121,110"/><T65/><D114/><U113/><E41/><N who="0" m="15977" /><D134/><U35/><E35/><V76/><F135/><W29/><G110/><T39/><D39/><U90/><E64/><V48/><F109/><W125/><G125/><T19/><D65/><U100/><E21/><V126/><F104/><W130/><G121/><T99/><D99/><N who="3" m="37929" /><G29/><T133/><D111/><U93/><E120/><V97/><F97/><W78/><G78/><T118/><D118/><N who="1" m="45675" /><E113/><V103/><F103/><N who="1" m="39497" /><E107/><V79/><F37/><W2/><G2/><T38/><D133/><U53/><E53/><V67/><F67/><W25/><G63/><N who="0" m="36263" /><D38/><U20/><E20/><V3/><F3/><W89/><G25/><T60/><D60/><U58/><E58/><V61/><F70/><W62/><G62/><T128/><D47/><U77/><E72/><V74/><F74/><W30/><G30/><T33/><D46/><U28/><E28/><V83/><F71/><W10/><G49/><T66/><D33/><U132/><E132/><V1/><F119/><W13/><G43/><T32/><D32/><U115/><E115/><V54/><F126/><W31/><G31/><T17/><D66/><U55/><E55/><N who="2" m="30087" /><F1/><W129/><G14/><T85/><N who="0" m="4096" /><DORA hai="75" /><T51/><D51/><U122/><E122/><V106/><F106/><W69/><G69/><T68/><D68/><U7/><E7/><V26/><F26/><W24/><G24/><T56/><D56/><U15/><E15/><V9/><F9/><W124/><G124/><T11/><D85/><AGARI ba="0,0" hai="5,10,13,22,23,85,89,94,129,130,131" m="37929" machi="85" ten="30,7700,0" yaku="19,1,52,3" doraHai="127,75" who="3" fromWho="0" sc="250,-77,250,0,250,0,250,77" /><INIT seed="1,0,0,2,0,32" ten="173,250,250,327" oya="1" hai0="9,97,122,33,74,49,25,51,71,127,105,23,7" hai1="68,78,69,117,45,96,2,112,135,86,132,77,43" hai2="99,8,53,5,26,57,131,82,124,95,36,93,3" hai3="40,63,44,24,28,39,19,1,90,75,55,100,54"/><U134/><E117/><V101/><F36/><W109/><G75/><T72/><D71/><N who="1" m="27211" /><E112/><V108/><F124/><W11/><G100/><T17/><D127/><U92/><E86/><V94/><F131/><W22/><G109/><T121/><D33/><U38/><E2/><V125/><F108/><W10/><G1/><N who="0" m="239" /><D97/><U73/><E73/><N who="0" m="28265" /><D105/><U118/><E118/><V89/><F125/><W87/><G63/><T15/><D25/><U13/><E13/><V16/><F82/><W6/><G6/><T106/><D106/><U60/><E60/><N who="2" m="35887" /><F101/><AGARI ba="0,0" hai="38,43,45,77,78,92,96,101,132,134,135" m="27211" machi="101" ten="40,2000,0" yaku="20,1" doraHai="32" who="1" fromWho="2" sc="173,0,250,20,250,-20,327,0" /><INIT seed="1,1,0,3,1,94" ten="173,270,230,327" oya="1" hai0="90,66,130,129,41,72,38,73,25,18,135,56,43" hai1="59,34,91,101,126,117,36,52,60,107,8,105,80" hai2="92,89,100,120,70,4,78,49,63,31,87,6,29" hai3="74,47,82,50,39,46,0,99,75,42,93,131,85"/><U11/><E34/><V33/><F120/><W23/><G131/><N who="0" m="50187" /><D135/><U5/><E36/><V65/><F78/><W61/><G0/><T116/><D116/><U132/><E117/><V113/><F113/><W109/><G109/><T79/><D66/><U1/><E132/><V134/><F134/><W122/><G61/><T119/><D119/><U95/><E126/><V81/><F6/><W108/><G108/><T9/><D56/><U10/><E80/><V55/><F4/><W127/><G127/><T30/><D79/><U28/><E28/><V84/><F33/><W24/><G122/><T32/><D90/><U114/><E114/><V26/><F26/><W133/><G133/><T3/><D38/><U19/><E19/><V16/><F16/><W121/><G121/><T88/><D88/><U77/><E77/><V64/><F64/><W35/><G35/><T21/><D9/><U12/><E8/><V83/><F83/><W20/><G82/><T69/><D69/><U128/><E128/><V102/><F102/><W2/><G39/><T57/><D57/><U86/><E101/><V7/><F87/><W67/><G85/><T48/><D3/><U22/><E22/><V106/><F81/><W76/><G67/><T58/><D72/><U68/><E68/><V51/><F7/><W112/><G2/><T125/><D73/><U40/><E40/><V54/><F55/><N who="3" m="30167" /><G112/><T13/><D125/><U27/><E27/><V14/><F54/><AGARI ba="1,0" hai="13,18,21,25,30,32,41,43,48,54,58" m="50187" machi="54" ten="30,1000,0" yaku="19,1" doraHai="94" who="0" fromWho="2" sc="173,13,270,0,230,-13,327,0" /><INIT seed="2,0,0,2,4,102" ten="186,270,217,327" oya="2" hai0="51,52,75,4,69,135,24,101,90,74,99,22,110" hai1="92,86,88,38,126,133,91,81,71,119,83,96,82" hai2="1,130,97,131,77,61,129,44,9,21,67,49,12" hai3="58,50,112,20,109,43,46,11,79,124,62,116,18"/><V65/><F77/><W19/><G116/><T104/><D69/><U113/><E71/><V10/><F1/><W7/><G109/><T29/><D110/><U94/><E38/><V26/><F97/><W3/><G124/><T5/><D135/><U114/><E119/><V40/><F61/><W0/><G112/><T34/><D34/><U35/><E35/><V70/><F70/><W32/><G32/><T48/><D48/><U2/><E2/><V134/><F134/><W72/><G3/><T121/><D121/><U118/><E118/><V42/><F42/><W127/><G127/><T76/><D90/><U105/><E126/><V6/><REACH who="2" step="1"/><F9/><REACH who="2" ten="186,270,207,327" step="2"/><W106/><G79/><T53/><D53/><U120/><E133/><V89/><F89/><W117/><G117/><T60/><D60/><U100/><E120/><V33/><F33/><W111/><G62/><T37/><D37/><U27/><E27/><V15/><F15/><W13/><G13/><T16/><D76/><U47/><E47/><V85/><F85/><AGARI ba="0,1" hai="81,82,83,85,86,88,91,92,94,96,100,105,113,114" machi="85" ten="40,12000,2" yaku="9,1,34,3,52,1,54,1" doraHai="102" who="1" fromWho="2" sc="186,0,270,130,207,-120,327,0" /><INIT seed="3,0,0,0,0,12" ten="186,400,87,327" oya="3" hai0="112,22,70,19,18,63,94,46,129,77,107,73,109" hai1="38,31,134,11,40,72,55,30,2,82,4,116,9" hai2="66,102,44,135,85,90,15,59,43,96,99,79,89" hai3="123,132,124,74,65,60,117,104,78,113,8,47,105"/><W114/><G123/><T25/><D107/><U34/><E134/><V101/><F135/><W80/><G132/><T39/><D109/><U0/><E55/><V97/><F79/><W122/><G122/><T128/><D112/><U75/><E116/><V133/><F133/><W95/><G117/><T33/><D33/><U108/><E108/><V100/><F66/><W127/><G47/><T49/><D39/><U13/><E34/><V126/><F59/><W119/><G8/><T6/><D6/><N who="1" m="1239" /><E72/><V36/><F126/><N who="3" m="48171" /><G119/><T32/><D32/><U83/><E83/><V62/><F62/><W87/><G65/><N who="0" m="41279" /><D94/><U61/><E61/><V64/><F64/><W103/><G60/><T29/><D77/><N who="1" m="44351" /><E0/><V27/><F27/><W51/><G51/><T125/><D73/><U92/><E92/><V57/><F57/><W21/><G21/><T53/><D125/><U1/><E1/><V52/><F52/><W76/><G76/><T42/><D53/><U118/><E118/><V120/><F120/><W69/><G69/><T110/><D110/><U115/><E115/><N who="3" m="44042" /><G74/><T41/><D41/><U3/><E3/><V98/><N who="2" m="24576" /><DORA hai="93" /><V68/><F68/><W86/><G103/><T16/><D49/><U88/><E40/><V91/><REACH who="2" step="1"/><F15/><REACH who="2" ten="186,400,77,327" step="2"/><W48/><G78/><T58/><D58/><U37/><E13/><V45/><F45/><W130/><G105/><T17/><N who="0" m="4096" /><DORA hai="81" /><T54/><D54/><U67/><E67/><V10/><F10/><W71/><G104/><T24/><D24/><U111/><E11/><V20/><F20/><W7/><G71/><T14/><D14/><RYUUKYOKU ba="0,1" sc="186,15,400,-15,77,15,327,-15" hai0="22,25,29,42,46,128,129" hai2="36,43,44,85,89,90,91,100,101,102" /><INIT seed="4,1,1,5,4,55" ten="201,385,92,312" oya="0" hai0="89,36,31,54,42,116,10,32,57,86,129,7,106" hai1="104,103,29,110,6,109,20,2,79,60,102,83,51" hai2="130,34,40,46,128,127,122,3,115,112,111,70,49" hai3="14,22,101,52,125,59,39,67,44,26,74,0,1"/><T76/><D116/><U27/><E60/><V17/><F34/><W18/><G74/><T90/><D106/><U19/><E51/><V61/><F3/><W88/><G101/><T65/><D129/><N who="2" m="49770" /><F17/><W56/><G1/><T108/><D108/><U118/><E118/><V94/><F94/><W5/><G0/><T63/><D36/><U135/><E135/><V24/><F24/><W4/><G125/><T92/><D42/><U120/><E120/><V80/><F80/><W78/><G78/><T11/><D76/><U35/><E104/><V28/><F28/><N who="3" m="17495" /><G39/><T96/><D7/><U117/><E117/><V16/><F16/><W91/><G67/><T71/><D31/><U38/><E38/><V87/><F87/><W95/><G59/><N who="0" m="37119" /><D32/><U119/><E119/><V13/><F13/><W124/><G124/><T8/><D71/><U41/><E110/><V93/><F127/><W45/><G5/><T131/><D131/><U126/><E126/><V12/><F12/><W21/><G4/><T47/><D47/><N who="3" m="17993" /><G95/><N who="0" m="54711" /><D11/><N who="1" m="2519" /><E109/><V50/><F111/><W25/><G14/><T100/><D100/><U99/><E41/><N who="2" m="24783" /><F93/><W113/><G25/><T37/><D37/><U133/><E35/><V58/><F122/><W84/><G91/><T85/><D85/><N who="1" m="48383" /><E29/><V82/><F82/><W114/><G84/><T132/><D132/><U98/><E133/><V73/><F73/><W75/><G75/><T81/><D81/><U43/><E43/><V33/><F33/><W107/><G107/><T72/><D72/><U62/><E103/><V123/><F123/><W68/><G88/><T53/><D90/><RYUUKYOKU ba="1,1" sc="201,0,385,0,92,0,312,0" /><INIT seed="5,2,1,0,0,13" ten="201,385,92,312" oya="1" hai0="123,47,93,35,24,65,112,76,121,44,135,10,26" hai1="63,105,12,15,30,103,72,131,27,49,108,104,113" hai2="78,46,86,52,50,101,6,132,122,88,54,22,42" hai3="55,80,1,58,31,127,67,34,2,28,59,51,75"/><U106/><E72/><V119/><F119/><W40/><G40/><T7/><D112/><U45/><E113/><V89/><F122/><N who="0" m="46602" /><D135/><U71/><E131/><V111/><F111/><W107/><G107/><T29/><D65/><N who="1" m="41407" /><E108/><V3/><F132/><W81/><G2/><N who="0" m="375" /><D76/><U99/><E12/><V43/><F3/><W120/><G1/><T77/><D77/><U92/><E92/><V69/><F69/><W16/><G75/><T73/><D73/><U102/><E102/><V79/><F6/><W53/><G67/><T68/><D68/><U129/><E15/><V62/><F101/><W14/><G34/><N who="0" m="20775" /><D93/><U64/><E64/><V57/><F89/><W134/><G120/><T48/><D48/><U36/><E129/><V39/><F43/><W61/><G134/><T32/><D26/><U23/><E36/><V20/><F79/><W0/><G0/><T11/><D11/><U133/><E133/><V85/><F78/><W9/><G127/><T82/><D82/><AGARI ba="2,1" hai="9,14,16,28,31,51,53,55,58,59,61,80,81,82" machi="82" ten="40,5200,0" yaku="8,1,52,1,54,1" doraHai="13" who="3" fromWho="0" sc="201,-58,385,0,92,0,312,68" /><INIT seed="6,0,0,0,3,120" ten="143,385,92,380" oya="2" hai0="82,27,7,9,110,124,21,93,92,61,58,72,68" hai1="133,100,64,41,122,111,103,94,84,0,42,51,8" hai2="35,57,67,77,15,56,6,98,5,116,4,46,87" hai3="106,119,125,47,123,132,40,38,129,10,62,36,89"/><V128/><F35/><W25/><G123/><T131/><D110/><U112/><E111/><V121/><F121/><W108/><G119/><T30/><D68/><U85/><E122/><V117/><F128/><W20/><G108/><T32/><D131/><U60/><E133/><V3/><F3/><W104/><G129/><T37/><D37/><U107/><E107/><V113/><F113/><W130/><G130/><T2/><D124/><U83/><E112/><V109/><F109/><W1/><G38/><T50/><D50/><U13/><E0/><V33/><F33/><W34/><G34/><T19/><D82/><U11/><E64/><V48/><F15/><W23/><G23/><T69/><D72/><U101/><E60/><V71/><F71/><W31/><G132/><T97/><D97/><U53/><E94/><V29/><F29/><W99/><G62/><T26/><D69/><U118/><E118/><V74/><F74/><W91/><G125/><T43/><REACH who="0" step="1"/><D43/><REACH who="0" ten="133,385,92,380" step="2"/><N who="1" m="16395" /><E83/><N who="2" m="47599" /><F117/><W105/><G99/><T52/><AGARI ba="0,1" hai="2,7,9,19,21,26,27,30,32,52,58,61,92,93" machi="52" ten="20,8000,1" yaku="1,1,0,1,7,1,54,1,53,1" doraHai="120" doraHaiUra="18" who="0" fromWho="0" sc="133,90,385,-20,92,-40,380,-20" /><INIT seed="7,0,0,2,0,8" ten="223,365,52,360" oya="3" hai0="102,59,47,122,85,11,90,41,45,70,53,6,19" hai1="17,31,101,71,61,91,87,86,25,20,62,32,92" hai2="27,49,76,42,93,29,1,65,81,3,23,117,38" hai3="100,121,78,82,63,15,129,2,68,21,135,30,58"/><W103/><G121/><T12/><D122/><U64/><E101/><V94/><F38/><W54/><G2/><T105/><D70/><U126/><E126/><V80/><F65/><W55/><G68/><T57/><D105/><U113/><E113/><V40/><F49/><W33/><G33/><T133/><D133/><U24/><E61/><V4/><F4/><W127/><G127/><T77/><D102/><N who="3" m="38953" /><G135/><T104/><D104/><U67/><E67/><V130/><F27/><N who="3" m="16751" /><G129/><T69/><D69/><U46/><E46/><V51/><F51/><W112/><G112/><T95/><D41/><U28/><E28/><V116/><F29/><W5/><G78/><T43/><D43/><U109/><E109/><V50/><F50/><W115/><G115/><T52/><D77/><U118/><E118/><V107/><F107/><W36/><G36/><T16/><D57/><U88/><E91/><V110/><F76/><W60/><G82/><T56/><D56/><U44/><E44/><V75/><F110/><W22/><G22/><T66/><D66/><U10/><E10/><V83/><F23/><W123/><G123/><T84/><D84/><AGARI ba="0,0" hai="17,20,24,25,31,32,62,64,71,84,86,87,88,92" machi="84" ten="30,2000,0" yaku="7,1,54,1" doraHai="8" who="1" fromWho="0" sc="223,-20,365,20,52,0,360,0" owari="203,-20.0,385,49.0,52,-45.0,360,16.0" /></mjloggm>