<mjloggm ver="2.3"><GO type="169" lobby="0"/><UN n0="%E9%87%8F%E5%AD%90%28%E3%82%8A%E3%82%87%E3%81%86%E3%81%97%29" n1="%E3%82%82%E3%82%84%E3%81%97%E3%82%82%E3%82%93" n2="%53%49%4C%41%53" n3="%E5%B0%B1%E6%B4%BB%E7%94%9F%40%E5%B7%9D%E6%9D%91%E8%BB%8D%E5%9B%A3" dan="16,16,16,17" rate="2113.89,2166.56,2180.80,2212.49" sx="M,F,F,M"/><TAIKYOKU oya="0"/><INIT seed="0,0,0,0,1,126" ten="250,250,250,250" oya="0" hai0="67,16,13,5,93,84,54,4,97,91,112,88,10" hai1="1,0,39,8,79,131,29,125,9,122,103,82,114" hai2="32,102,62,42,71,113,52,130,64,48,135,24,76" hai3="18,134,46,124,37,98,121,56,25,106,23,41,34"/><T7/><D112/><U111/><E114/><V63/><F113/><W105/><G124/><T17/><D67/><U83/><E125/><V27/><F135/><W51/><G134/><T3/><D3/><U6/><E122/><V133/><F133/><W81/><G121/><T36/><D36/><U38/><E111/><V11/><F76/><W85/><G34/><T45/><D17/><U119/><E29/><V128/><F102/><W12/><G98/><T87/><D91/><U30/><E30/><V44/><F11/><W21/><G56/><T31/><D31/><U43/><E103/><V115/><F115/><W92/><G92/><T129/><D129/><N who="2" m="49770" /><F32/><W14/><G37/><T110/><D110/><U74/><E131/><V94/><F94/><W104/><REACH who="3" step="1"/><G21/><REACH who="3" ten="250,250,250,240" step="2"/><T101/><D101/><U57/><E38/><N who="2" m="21591" /><F63/><W66/><G66/><T90/><D90/><AGARI ba="0,1" hai="12,14,18,23,25,41,46,51,81,85,90,104,105,106" machi="90" ten="40,1300,0" yaku="1,1,53,0" doraHai="126" doraHaiUra="35" who="3" fromWho="0" sc="250,-13,250,0,250,0,240,23" /><INIT seed="1,0,0,0,4,34" ten="237,250,250,263" oya="1" hai0="102,78,128,26,79,63,129,50,35,82,38,86,90" hai1="4,30,40,9,70,85,2,17,5,130,107,16,80" hai2="97,27,89,103,58,39,125,88,92,134,33,10,11" hai3="131,68,23,93,132,61,94,3,25,56,74,95,121"/><U51/><E130/><N who="0" m="50281" /><D38/><U46/><E70/><V21/><F134/><W119/><G131/><T106/><D63/><U44/><E107/><V71/><F71/><W96/><G132/><T1/><D50/><U65/><E65/><V28/><F125/><W69/><G121/><T67/><D67/><U41/><E30/><V13/><F39/><W75/><G119/><T126/><D126/><U114/><E114/><V18/><F58/><W64/><G3/><T12/><D12/><U100/><E100/><V118/><F118/><W105/><G69/><T15/><D15/><U52/><E5/><V72/><F72/><W53/><G105/><T81/><D81/><U111/><E111/><V49/><F49/><W8/><G8/><T42/><D42/><U32/><E32/><V120/><F120/><W43/><G43/><T54/><D54/><U84/><E80/><V55/><F55/><W47/><G47/><T110/><D110/><U109/><E109/><V45/><F45/><W14/><G14/><T98/><D1/><U60/><E60/><V117/><F117/><W112/><G112/><T37/><D37/><N who="1" m="21519" /><E41/><V29/><F29/><AGARI ba="0,0" hai="26,29,35,78,79,82,86,90,98,102,106" m="50281" machi="29" ten="30,1000,0" yaku="19,1" doraHai="34" who="0" fromWho="2" sc="237,10,250,0,250,-10,263,0" /><INIT seed="2,0,0,5,5,135" ten="247,250,240,263" oya="2" hai0="43,11,84,73,15,26,8,5,109,69,98,126,97" hai1="0,61,38,29,125,100,95,111,70,66,107,81,91" hai2="120,93,123,63,42,122,89,18,127,28,12,44,65" hai3="39,86,83,49,23,99,47,88,114,64,101,115,48"/><V59/><F28/><W71/><G39/><T75/><D69/><U58/><E111/><V87/><F127/><W106/><G49/><T52/><D109/><U46/><E0/><V85/><F85/><W92/><G64/><T134/><D43/><U130/><E130/><V22/><REACH who="2" step="1"/><F123/><REACH who="2" ten="247,250,230,263" step="2"/><W104/><G71/><T54/><D126/><U124/><E29/><V55/><F55/><W17/><G114/><T121/><D121/><U77/><E70/><V4/><F4/><W118/><G118/><T102/><D84/><U50/><E124/><V128/><F128/><W36/><G115/><T108/><D108/><U112/><E112/><V67/><F67/><W117/><G117/><T41/><D54/><U6/><E6/><V74/><F74/><W24/><G36/><AGARI ba="0,1" hai="12,18,22,36,42,44,59,63,65,87,89,93,120,122" machi="36" ten="30,5800,0" yaku="1,1,7,1,53,1" doraHai="135" doraHaiUra="90" who="2" fromWho="3" sc="247,0,250,0,230,68,263,-58" /><INIT seed="2,1,0,0,4,37" ten="247,250,298,205" oya="2" hai0="90,12,98,14,122,1,48,101,58,8,119,120,35" hai1="31,111,117,67,102,107,21,52,17,100,57,27,74" hai2="110,61,42,133,125,29,135,46,105,121,0,64,81" hai3="115,7,109,86,43,134,56,53,24,39,15,132,19"/><V83/><F121/><W68/><G68/><T62/><D35/><U91/><E117/><V127/><F105/><W129/><G109/><T30/><D30/><U69/><E111/><V88/><F0/><W10/><G129/><T49/><D1/><U41/><E74/><V92/><F29/><W70/><G70/><T50/><D119/><U112/><E112/><V4/><F4/><W93/><G115/><T94/><D101/><U78/><E78/><V54/><F54/><W2/><G24/><T118/><D118/><U3/><E3/><V72/><F110/><W114/><G114/><T79/><D79/><U63/><E107/><V84/><F61/><W99/><G39/><T80/><D80/><N who="2" m="30794" /><F64/><W11/><G43/><T55/><REACH who="0" step="1"/><D14/><REACH who="0" ten="237,250,298,205" step="2"/><U36/><E91/><V103/><F103/><W89/><REACH who="3" step="1"/><G99/><REACH who="3" ten="237,250,298,195" step="2"/><T131/><D131/><U9/><E100/><V5/><F72/><W40/><G40/><T108/><D108/><U13/><E102/><V104/><F104/><W6/><G6/><AGARI ba="1,2" hai="6,8,12,48,49,50,55,58,62,90,94,98,120,122" machi="6" ten="40,1300,0" yaku="1,1,53,0" doraHai="37" doraHaiUra="38" who="0" fromWho="3" sc="237,36,250,0,298,0,195,-16" /><INIT seed="3,0,0,4,2,1" ten="273,250,298,179" oya="3" hai0="52,17,79,82,100,71,102,43,76,3,24,127,83" hai1="44,96,62,38,98,4,42,113,101,22,0,51,106" hai2="46,97,6,121,84,90,66,13,35,37,81,99,69" hai3="2,88,87,93,14,110,104,57,130,133,119,49,128"/><W118/><G2/><T20/><D71/><U85/><E113/><V7/><F35/><W112/><G57/><T73/><D43/><U23/><E62/><V89/><F121/><W61/><G61/><T67/><D67/><U54/><E85/><N who="2" m="50351" /><F69/><W131/><G49/><T9/><D127/><U68/><E68/><V56/><F37/><W77/><G112/><T36/><D36/><U124/><E98/><N who="2" m="37387" /><F46/><W48/><G48/><T41/><D41/><U86/><E86/><V120/><F120/><W94/><G14/><T15/><D3/><U65/><E65/><V109/><F109/><W111/><G133/><T5/><D52/><U31/><E124/><V10/><F56/><W58/><G58/><T64/><D64/><U53/><E53/><V25/><F25/><W27/><G27/><T70/><D70/><U8/><REACH who="1" step="1"/><E31/><REACH who="1" ten="273,240,298,179" step="2"/><V47/><F66/><W12/><G104/><T26/><D24/><U132/><E132/><V126/><F126/><W29/><G29/><T11/><D26/><U114/><E114/><V92/><F47/><AGARI ba="0,1" hai="0,4,8,22,23,38,42,44,47,51,54,96,101,106" machi="47" ten="30,3900,0" yaku="1,1,7,1,52,1,53,0" doraHai="1" doraHaiUra="21" who="1" fromWho="2" sc="273,0,240,49,298,-39,179,0" /><INIT seed="4,0,0,1,3,102" ten="273,289,259,179" oya="0" hai0="51,67,17,132,50,78,119,43,91,98,0,72,69" hai1="55,34,110,13,109,60,29,37,81,30,73,111,56" hai2="57,76,35,62,53,58,12,117,65,20,61,114,71" hai3="42,133,104,11,74,83,1,87,9,135,80,15,105"/><T8/><D119/><U21/><E37/><V44/><F35/><W26/><G42/><T112/><D112/><U126/><E126/><V128/><F114/><W5/><G74/><T134/><D67/><U116/><E116/><V31/><F117/><W130/><G26/><T14/><D69/><U2/><E2/><V24/><F128/><W49/><G49/><T45/><D0/><U77/><E34/><V36/><F76/><W121/><G121/><T99/><D51/><U66/><E13/><V41/><REACH who="2" step="1"/><F12/><REACH who="2" ten="273,289,249,179" step="2"/><W127/><G127/><T59/><D78/><U82/><E109/><V96/><F96/><W115/><G115/><T131/><D99/><U54/><E110/><V120/><F120/><W16/><G130/><T47/><D131/><U95/><E111/><V18/><F18/><W92/><G92/><T75/><D98/><U3/><E77/><V32/><F32/><W4/><G4/><T123/><D123/><U97/><E97/><V19/><F19/><W52/><G52/><T25/><D17/><U70/><E95/><V39/><F39/><W107/><REACH who="3" step="1"/><G83/><REACH who="3" ten="273,289,249,169" step="2"/><T124/><D124/><U108/><E55/><V28/><F28/><W103/><G103/><T122/><D122/><U118/><E108/><V46/><F46/><W129/><G129/><T86/><D45/><U64/><E30/><V101/><F101/><W6/><G6/><T113/><D47/><U125/><E29/><V106/><F106/><W23/><G23/><T94/><D113/><U79/><E21/><V93/><F93/><W22/><G22/><T63/><D94/><U84/><E125/><RYUUKYOKU ba="0,2" sc="273,-15,289,-15,249,15,169,15" hai2="20,24,31,36,41,44,53,57,58,61,62,65,71" hai3="1,5,9,11,15,16,80,87,104,105,107,133,135" /><INIT seed="5,1,2,2,3,89" ten="258,274,264,184" oya="1" hai0="107,19,111,23,26,98,121,119,96,120,49,64,102" hai1="80,52,76,86,124,90,108,133,88,27,99,9,43" hai2="13,116,24,72,131,85,83,11,74,18,15,37,3" hai3="28,63,62,32,17,50,95,79,20,135,104,42,106"/><U46/><E124/><V10/><F116/><W38/><G135/><T69/><D111/><U112/><E112/><V67/><F3/><W73/><G38/><T12/><D119/><U130/><E130/><V21/><F37/><W92/><G104/><T71/><D49/><N who="1" m="28727" /><E133/><V105/><F105/><W81/><G106/><T132/><D132/><U57/><E108/><V36/><F36/><W54/><G28/><N who="0" m="17503" /><D64/><U29/><E43/><V114/><F114/><W100/><G32/><T82/><D82/><U14/><E57/><V115/><F131/><W58/><G100/><T84/><D84/><U44/><E44/><V47/><F47/><W128/><G128/><T66/><D66/><U134/><E99/><V2/><F2/><W103/><G42/><T31/><D31/><U77/><E134/><V4/><F67/><W41/><G103/><T34/><D34/><U39/><E39/><V122/><F115/><W109/><G109/><T45/><D45/><U78/><E29/><V101/><F101/><W59/><G41/><T25/><D98/><U40/><E40/><V60/><F60/><W127/><G127/><T70/><D70/><U129/><E129/><V35/><F35/><W33/><G33/><T110/><D110/><U5/><E27/><V117/><F117/><W53/><G50/><T125/><D25/><AGARI ba="1,2" hai="17,20,25,53,54,58,59,62,63,73,79,81,92,95" machi="25" ten="30,7700,0" yaku="7,1,9,1,52,2" doraHai="89" who="3" fromWho="0" sc="258,-80,274,0,264,0,184,100" /><INIT seed="6,0,0,1,2,105" ten="178,274,264,284" oya="2" hai0="87,43,67,4,22,50,2,107,12,8,63,125,25" hai1="77,89,80,45,116,51,97,75,13,46,86,5,26" hai2="124,99,35,53,102,110,3,96,19,52,76,95,0" hai3="108,112,59,23,103,20,126,57,74,16,15,21,10"/><V109/><F35/><W17/><G108/><N who="2" m="41577" /><F124/><W56/><G74/><T1/><D107/><U70/><E116/><V72/><F19/><W104/><G126/><T127/><D43/><U91/><E70/><V106/><F95/><W18/><G112/><T55/><D87/><U39/><E39/><V9/><F99/><W101/><G104/><T40/><D40/><U29/><E97/><V111/><N who="2" m="41585" /><V122/><DORA hai="85" /><F122/><W121/><G121/><T27/><D125/><U115/><E115/><V32/><F32/><W131/><G131/><T31/><D127/><U84/><E75/><V114/><F114/><W7/><AGARI ba="0,0" hai="7,10,15,16,17,18,20,21,23,56,57,59,101,103" machi="7" ten="40,8000,1" yaku="0,1,29,2,8,1,54,1" doraHai="105,85" who="3" fromWho="3" sc="178,-20,274,-20,264,-40,284,80" /><INIT seed="7,0,0,4,0,106" ten="158,254,224,364" oya="3" hai0="68,36,71,6,41,19,129,8,22,118,88,61,119" hai1="18,53,25,135,72,111,21,37,44,55,120,31,92" hai2="102,56,66,58,69,127,34,108,35,75,100,7,67" hai3="123,114,32,81,57,109,77,101,90,23,122,40,126"/><W24/><G126/><T10/><D129/><U134/><E111/><V27/><F7/><W78/><G114/><T76/><D8/><U50/><E120/><V15/><F15/><W54/><G32/><T39/><D61/><U86/><E72/><V3/><F69/><W5/><G5/><T98/><D76/><U104/><E104/><V97/><F97/><W28/><G109/><T16/><D41/><N who="1" m="24847" /><E37/><V20/><F108/><W65/><G40/><T0/><D39/><U133/><E31/><V2/><F20/><W63/><G78/><T38/><D38/><U11/><E11/><V113/><F27/><W132/><G132/><T59/><D36/><U64/><E64/><V80/><F80/><W84/><G101/><T49/><D49/><U125/><E125/><V95/><F95/><W103/><G103/><T52/><D71/><U51/><E51/><V87/><F127/><W115/><G115/><T1/><D1/><U99/><E86/><V82/><F82/><W121/><G77/><T91/><D68/><U89/><AGARI ba="0,0" hai="18,21,25,53,55,89,92,99,133,134,135" m="24847" machi="89" ten="30,1100,0" yaku="20,1" doraHai="106" who="1" fromWho="1" sc="158,-3,254,11,224,-3,364,-5" owari="155,-34.0,265,7.0,221,-18.0,359,45.0" /></mjloggm>