<mjloggm ver="2.3"><GO type="225" lobby="0"/><UN n0="%E3%83%BB%E3%80%82%EF%BC%BE" n1="%E5%B0%B1%E6%B4%BB%E7%94%9F%40%E5%B7%9D%E6%9D%91%E8%BB%8D%E5%9B%A3" n2="%E3%81%A4%E3%81%AE%E3%81%A0%E2%98%86%E3%81%B2%E3%82%8D" n3="%E8%85%B9%E7%97%9B%E3%81%BD%E3%81%A3%E3%81%8F%E3%82%93" dan="16,17,16,17" rate="2065.78,2195.74,2172.60,2220.05" sx="M,M,M,M"/><TAIKYOKU oya="0"/><INIT seed="0,0,0,5,5,22" ten="250,250,250,250" oya="0" hai0="117,98,108,26,46,129,84,87,15,72,118,119,126" hai1="91,47,51,58,52,9,18,6,36,114,55,60,83" hai2="66,79,70,13,89,33,64,75,109,86,53,37,17" hai3="29,67,104,34,69,96,128,28,115,65,122,20,63"/><T95/><D72/><U131/><E114/><V121/><F37/><W3/><G115/><T56/><D126/><U88/><E131/><V106/><F121/><W31/><G3/><T38/><D129/><U123/><E123/><V132/><F106/><W97/><G128/><T81/><D15/><U2/><E36/><V39/><F39/><W82/><G122/><T76/><D56/><U80/><REACH who="1" step="1"/><E18/><REACH who="1" ten="250,240,250,250" step="2"/><V5/><F17/><W127/><G127/><T48/><D38/><U49/><E49/><V135/><F135/><W24/><G29/><T112/><D112/><U77/><E77/><V23/><F132/><W59/><G28/><T42/><D108/><U11/><E11/><V43/><F109/><W32/><G31/><T14/><D14/><U99/><E99/><V113/><F113/><W93/><G97/><T8/><D8/><U94/><E94/><V133/><F133/><W57/><G93/><T44/><D98/><U105/><E105/><V10/><F13/><W41/><G104/><T61/><D95/><U19/><E19/><V54/><F10/><W71/><G96/><T30/><D76/><U1/><E1/><V92/><F79/><W90/><G90/><AGARI ba="0,1" hai="2,6,9,47,51,52,55,58,60,80,83,88,90,91" machi="90" ten="40,8000,1" yaku="1,1,54,2,53,1" doraHai="22" doraHaiUra="0" who="1" fromWho="3" sc="250,0,240,90,250,0,250,-80" /><INIT seed="1,0,0,5,0,21" ten="250,330,250,170" oya="1" hai0="33,68,102,90,43,116,125,12,118,70,71,65,111" hai1="27,32,131,55,39,3,25,36,8,107,49,62,18" hai2="83,45,7,109,16,5,23,91,77,42,29,31,78" hai3="126,129,100,50,85,95,114,113,57,128,22,41,96"/><U37/><E107/><V24/><F109/><W97/><G41/><T63/><D111/><U119/><E119/><V47/><F91/><N who="3" m="53743" /><G50/><T98/><D125/><U115/><E115/><N who="3" m="44042" /><G57/><T99/><D90/><U112/><E131/><N who="3" m="50250" /><G22/><T17/><D43/><U94/><E32/><V2/><F2/><W59/><G59/><T54/><D33/><U66/><E94/><V110/><F110/><W120/><G120/><T14/><D54/><U122/><E122/><V104/><F104/><N who="3" m="63503" /><G96/><T135/><D98/><U20/><E112/><V67/><F67/><W10/><G10/><T93/><D12/><U38/><E8/><V108/><F108/><W0/><G0/><T44/><D44/><N who="2" m="16970" /><F42/><W80/><G80/><T73/><D71/><U89/><E3/><V123/><F123/><W52/><G52/><T9/><D70/><U117/><E37/><V1/><F1/><W79/><G79/><N who="2" m="30217" /><F83/><W56/><G56/><T81/><D81/><U101/><E39/><V11/><F11/><W121/><G121/><T34/><D34/><U84/><E38/><V130/><F130/><W134/><G134/><T69/><D69/><U82/><E36/><V64/><F64/><W72/><G126/><T87/><D135/><U75/><E66/><V132/><F132/><W127/><G127/><T4/><D68/><U35/><E82/><V105/><F105/><W74/><AGARI ba="0,0" hai="72,74" m="63503,50250,44042,53743" machi="74" ten="40,5200,0" yaku="19,1,34,2" doraHai="21" who="3" fromWho="3" sc="250,-13,330,-26,250,-13,170,52" /><INIT seed="2,0,0,4,1,23" ten="237,304,237,222" oya="2" hai0="60,135,68,28,78,115,62,49,53,38,27,132,59" hai1="126,104,120,105,6,71,128,99,48,26,12,40,127" hai2="125,119,17,52,80,2,89,1,50,36,67,11,110" hai3="98,90,97,16,14,73,39,3,55,42,91,130,113"/><V43/><F119/><W131/><G3/><T134/><D115/><U54/><E71/><V77/><F125/><N who="1" m="47625" /><E128/><N who="3" m="49194" /><G73/><T21/><D38/><U101/><E40/><V94/><F110/><W108/><G108/><T96/><D78/><U29/><E120/><V7/><F67/><W24/><G113/><T66/><REACH who="0" step="1"/><D96/><REACH who="0" ten="227,304,237,222" step="2"/><U93/><E99/><V92/><F36/><W18/><G98/><T37/><D37/><U34/><E101/><V70/><F89/><W15/><G97/><T84/><D84/><U114/><E114/><V122/><F122/><W35/><G91/><T83/><D83/><U123/><E123/><V100/><F100/><W51/><G90/><T20/><D20/><U47/><E93/><V41/><F92/><W82/><G82/><T46/><D46/><U57/><E47/><N who="2" m="27743" /><F94/><W112/><G112/><T22/><D22/><U56/><E56/><V74/><F80/><W25/><G39/><T109/><D109/><U117/><E117/><V87/><F87/><W95/><G95/><T63/><AGARI ba="0,1" hai="21,27,28,49,53,59,60,62,63,66,68,132,134,135" machi="63" ten="40,8000,1" yaku="1,1,0,1,20,1,52,1,53,0" doraHai="23" doraHaiUra="116" who="0" fromWho="0" sc="227,90,304,-20,237,-40,222,-20" /><INIT seed="3,0,0,4,2,103" ten="317,284,197,202" oya="3" hai0="61,109,21,69,3,120,107,130,93,102,82,56,41" hai1="24,94,112,92,125,43,98,116,15,85,122,106,105" hai2="115,72,16,42,121,26,52,135,117,4,38,90,29" hai3="111,13,9,75,47,127,119,131,50,71,132,60,0"/><W123/><RYUUKYOKU type="yao9" ba="0,0" sc="317,0,284,0,197,0,202,0" hai3="0,9,13,47,50,60,71,75,111,119,123,127,131,132" /><INIT seed="3,1,0,5,1,21" ten="317,284,197,202" oya="3" hai0="7,10,132,22,61,35,76,51,8,90,119,128,133" hai1="34,64,44,120,85,103,2,94,114,75,68,115,0" hai2="37,116,135,91,96,39,18,9,70,79,47,105,60" hai3="77,83,59,25,1,56,6,88,92,46,98,73,26"/><W121/><G121/><T95/><D35/><U102/><E75/><V12/><F116/><W41/><G1/><T113/><D119/><U110/><E102/><V117/><F117/><W31/><G6/><T130/><D113/><U20/><E20/><V5/><F135/><N who="0" m="51786" /><D76/><U69/><E44/><V28/><F79/><W118/><G118/><T16/><D51/><U84/><E94/><V124/><F124/><W126/><G126/><T100/><D61/><U48/><E84/><V32/><F47/><W93/><G93/><T14/><D100/><U71/><E48/><V62/><F62/><W134/><G134/><T109/><D109/><U104/><E64/><N who="2" m="41223" /><F91/><W57/><REACH who="3" step="1"/><G31/><REACH who="3" ten="317,284,197,192" step="2"/><T123/><D123/><U125/><E120/><V50/><F5/><W13/><G13/><N who="0" m="9487" /><D8/><U66/><E0/><V4/><F4/><W97/><G97/><AGARI ba="1,1" hai="7,10,14,90,95,97,128,130" m="9487,51786" machi="97" ten="30,2000,0" yaku="20,1,54,1" doraHai="21" who="0" fromWho="3" sc="317,33,284,0,197,0,192,-23" owari="350,45.0,284,8.0,197,-20.0,169,-33.0" /></mjloggm>