<mjloggm ver="2.3"><GO type="169" lobby="0"/><UN n0="%E5%B0%B1%E6%B4%BB%E7%94%9F%40%E5%B7%9D%E6%9D%91%E8%BB%8D%E5%9B%A3" n1="%6E%65%73%69%65%72" n2="%E3%82%88%E3%81%A3%E3%81%91%C2%B4" n3="%E6%83%A3%E6%B5%81%E3%83%BB%E3%82%A2%E3%82%B9%E3%82%AB" dan="17,16,16,16" rate="2210.38,2057.47,2100.40,2099.73" sx="M,M,M,M"/><TAIKYOKU oya="0"/><INIT seed="0,0,0,1,2,125" ten="250,250,250,250" oya="0" hai0="59,71,68,131,130,98,44,10,70,132,42,105,135" hai1="47,66,91,90,107,106,17,72,81,30,23,96,74" hai2="113,123,129,86,93,2,128,82,39,69,52,27,32" hai3="57,127,75,89,126,35,103,108,12,33,87,1,36"/><T25/><D105/><U16/><E66/><V41/><F2/><W11/><G1/><T54/><D98/><U67/><E67/><V73/><F123/><W102/><G75/><T104/><D104/><U95/><E30/><N who="2" m="19551" /><F69/><W31/><G36/><N who="0" m="21575" /><D10/><U24/><E47/><N who="2" m="23999" /><F113/><W120/><G57/><T46/><D46/><U0/><E0/><V6/><F6/><W117/><G117/><T58/><D25/><U88/><E17/><V38/><F52/><W101/><G120/><T109/><D109/><U14/><E14/><V97/><F73/><W133/><G108/><T8/><D8/><U77/><REACH who="1" step="1"/><E72/><REACH who="1" ten="250,240,250,250" step="2"/><V21/><F38/><W9/><G31/><T79/><D59/><U3/><E3/><V53/><F53/><W45/><G45/><T60/><D79/><U64/><E64/><V112/><F112/><W15/><G15/><T56/><D56/><U5/><E5/><V34/><F34/><W110/><G12/><T94/><D94/><U100/><AGARI ba="0,1" hai="16,23,24,74,77,81,88,90,91,95,96,100,106,107" machi="100" ten="30,7900,0" yaku="1,1,0,1,54,2,53,0" doraHai="125" doraHaiUra="29" who="1" fromWho="1" sc="250,-39,240,89,250,-20,250,-20" /><INIT seed="1,0,0,2,2,104" ten="211,329,230,230" oya="1" hai0="24,133,48,101,71,106,18,67,47,33,135,134,90" hai1="132,93,70,110,129,16,82,22,109,100,4,61,63" hai2="15,50,121,23,72,59,20,108,89,11,7,79,52" hai3="119,85,51,66,120,122,62,64,5,17,36,94,21"/><U9/><E129/><V41/><F121/><W42/><G36/><T58/><D71/><U80/><E132/><V2/><F108/><N who="1" m="41577" /><E100/><V54/><F41/><W1/><G119/><T26/><D33/><U69/><E93/><V105/><F105/><W118/><G118/><T32/><D32/><U40/><E40/><V92/><F2/><W45/><G1/><T125/><D125/><U30/><E30/><V39/><F39/><W38/><G38/><T19/><D101/><U74/><E74/><V127/><F127/><W46/><G46/><T96/><D106/><U102/><E102/><V88/><F89/><W78/><G5/><T115/><D90/><U35/><E35/><V0/><F0/><W97/><G94/><T37/><D96/><U60/><E9/><V117/><F117/><W27/><G97/><T8/><D8/><U12/><E4/><V124/><F124/><W86/><G86/><T81/><D81/><AGARI ba="0,0" hai="12,16,22,60,61,63,69,70,80,81,82" m="41577" machi="81" ten="30,5800,0" yaku="14,1,10,1,54,1" doraHai="104" who="1" fromWho="0" sc="211,-58,329,58,230,0,230,0" /><INIT seed="1,1,0,1,1,64" ten="153,387,230,230" oya="1" hai0="95,103,6,113,26,1,43,129,92,63,33,13,20" hai1="42,101,10,106,76,134,71,44,34,114,84,87,81" hai2="74,122,60,124,104,125,36,19,56,69,119,100,86" hai3="109,88,68,0,45,55,130,99,40,28,12,89,93"/><U14/><E114/><V25/><F74/><W39/><G0/><T21/><D113/><U29/><E134/><V9/><F36/><W115/><G115/><T7/><D129/><U94/><E106/><V54/><F122/><W53/><G130/><T117/><D117/><U15/><E34/><V35/><F119/><W24/><G109/><T2/><D43/><U85/><E29/><V83/><F100/><W31/><G68/><T133/><D63/><U17/><E71/><V111/><F104/><W123/><G123/><T51/><D51/><U77/><E77/><V96/><F96/><W32/><G31/><T59/><D59/><U30/><E30/><V108/><F35/><W107/><G107/><T112/><D103/><U49/><REACH who="1" step="1"/><E15/><REACH who="1" ten="153,377,230,230" step="2"/><N who="2" m="7663" /><F69/><W132/><G132/><T3/><D133/><U121/><E121/><V62/><F25/><W38/><G12/><T127/><D112/><U67/><E67/><V79/><F111/><W46/><G32/><T23/><D127/><U72/><E72/><V18/><F108/><W82/><G28/><T66/><D66/><U5/><E5/><V61/><F18/><W16/><G16/><T70/><D70/><U65/><E65/><V110/><F110/><W78/><G78/><T97/><D33/><U57/><E57/><V80/><F125/><W41/><G24/><T98/><D26/><U118/><E118/><V22/><F124/><W131/><G131/><T58/><D58/><U126/><E126/><V120/><F120/><W50/><G39/><T128/><D128/><U90/><E90/><V102/><F79/><W11/><G89/><RYUUKYOKU ba="1,1" sc="153,-10,377,30,230,-10,230,-10" hai1="10,14,17,42,44,49,76,81,84,85,87,94,101" /><INIT seed="1,2,1,4,0,20" ten="143,407,220,220" oya="1" hai0="23,79,109,63,102,2,48,52,38,33,128,121,10" hai1="8,101,98,60,22,122,74,32,80,59,34,116,118" hai2="126,73,27,81,108,110,90,44,94,62,66,125,3" hai3="96,114,106,30,117,86,67,93,29,77,132,28,16"/><U76/><E122/><V50/><F3/><W51/><G114/><T55/><D33/><U119/><E8/><V45/><F81/><N who="3" m="47407" /><G106/><T53/><D38/><U56/><E22/><V113/><F73/><W41/><G67/><T21/><D121/><U85/><E74/><V89/><F113/><W123/><G132/><T75/><D128/><U111/><E111/><N who="2" m="42539" /><F27/><W40/><G117/><T13/><D109/><U92/><REACH who="1" step="1"/><E56/><REACH who="1" ten="143,397,220,220" step="2"/><V12/><F125/><W58/><G123/><T135/><D135/><U112/><E112/><V24/><F126/><W18/><G58/><T54/><D2/><U46/><E46/><V5/><F45/><N who="3" m="26023" /><G41/><T19/><D63/><U31/><E31/><V49/><F44/><W105/><G105/><T26/><D23/><U115/><E115/><V87/><F62/><W39/><G39/><T25/><D21/><U97/><E97/><V64/><F50/><W9/><G9/><T65/><D65/><AGARI ba="2,2" hai="32,34,59,60,65,76,80,85,92,98,101,116,118,119" machi="65" ten="40,3900,0" yaku="1,1,53,1" doraHai="20" doraHaiUra="95" who="1" fromWho="0" sc="143,-45,397,65,220,0,220,0" /><INIT seed="1,3,0,5,4,128" ten="98,462,220,220" oya="1" hai0="81,36,7,127,78,96,129,15,18,108,20,2,72" hai1="42,124,133,47,69,61,28,130,65,23,27,105,83" hai2="67,94,53,59,33,13,12,82,90,32,123,66,35" hai3="132,29,24,122,88,91,57,74,8,135,34,95,87"/><U41/><E130/><V80/><F123/><W31/><G122/><T56/><D129/><U92/><E124/><V43/><F43/><W50/><G74/><T79/><D127/><U6/><E105/><V40/><F40/><W86/><G31/><T99/><D108/><U5/><E42/><V98/><F67/><W39/><G39/><T107/><D36/><U134/><E92/><V84/><F66/><W106/><G106/><T11/><D107/><U119/><E83/><V4/><F4/><W126/><G126/><T46/><D46/><U58/><E69/><V19/><F82/><W110/><G110/><T68/><D68/><U111/><E119/><V103/><REACH who="2" step="1"/><F19/><REACH who="2" ten="98,462,210,220" step="2"/><W55/><REACH who="3" step="1"/><G8/><REACH who="3" ten="98,462,210,210" step="2"/><T26/><D79/><U117/><E111/><V113/><F113/><W85/><G85/><T54/><REACH who="0" step="1"/><D2/><REACH who="0" ten="88,462,210,210" step="2"/><U75/><E117/><V115/><F115/><W73/><G73/><T101/><D101/><U102/><E102/><V89/><F89/><W71/><G71/><T118/><D118/><U25/><E75/><V93/><F93/><AGARI ba="3,3" hai="24,29,34,50,55,57,86,87,88,91,93,95,132,135" machi="93" ten="40,8000,1" yaku="1,1,9,1,52,2,54,1,53,0" doraHai="128" doraHaiUra="14" who="3" fromWho="2" sc="88,0,462,0,210,-89,210,119" /><INIT seed="2,0,0,3,0,19" ten="88,462,121,329" oya="2" hai0="65,76,30,49,3,79,26,2,116,52,123,69,20" hai1="113,75,28,47,80,25,103,102,131,106,57,130,70" hai2="117,132,44,11,114,33,22,68,55,62,63,100,134" hai3="53,6,54,9,111,1,50,128,83,0,88,104,10"/><V35/><F117/><W31/><G104/><T93/><D123/><U17/><E70/><V46/><F114/><W89/><G111/><T133/><D116/><U8/><E106/><V39/><F100/><W72/><G128/><N who="1" m="49194" /><E57/><N who="2" m="35135" /><F11/><W60/><G31/><T21/><D133/><N who="2" m="51306" /><F22/><W91/><G60/><T92/><D65/><U85/><E75/><V38/><F35/><W74/><G83/><T107/><D69/><U15/><E47/><N who="2" m="17963" /><F33/><W124/><G9/><T120/><D107/><U94/><E94/><N who="0" m="36457" /><D120/><U48/><E113/><V61/><F61/><W129/><G10/><T90/><D3/><U4/><E17/><V59/><F68/><W118/><G0/><T29/><D90/><U56/><E28/><N who="0" m="10857" /><D2/><U51/><E25/><V23/><F23/><N who="0" m="8778" /><D26/><U126/><E102/><V66/><AGARI ba="0,0" hai="38,39,59,63,66" m="17963,51306,35135" machi="66" ten="30,6000,0" yaku="20,1,34,2" doraHai="19" who="2" fromWho="2" sc="88,-20,462,-20,121,60,329,-20" /><INIT seed="2,1,0,3,3,52" ten="68,442,181,309" oya="2" hai0="21,45,36,26,44,97,38,0,65,111,75,129,13" hai1="12,27,76,30,118,115,112,94,116,69,68,92,25" hai2="1,2,99,56,133,119,84,121,23,90,60,33,72" hai3="71,77,81,9,40,73,83,117,47,14,131,15,3"/><V64/><F72/><W108/><G117/><T20/><D0/><U104/><E12/><V43/><F33/><W18/><G71/><T134/><D75/><U16/><E16/><V87/><F119/><W109/><G131/><T8/><D129/><U4/><E104/><V59/><F121/><W127/><G127/><T37/><D111/><N who="3" m="42569" /><G83/><T78/><D134/><U32/><E32/><V79/><F133/><W57/><G57/><T98/><D78/><U91/><E91/><V89/><F43/><W86/><G15/><T61/><D44/><U49/><E49/><V102/><F79/><W55/><G55/><T110/><D45/><U62/><E76/><V51/><F23/><W6/><G86/><T50/><D50/><U122/><E62/><V34/><F34/><W101/><G101/><T7/><D110/><U123/><E4/><V88/><F1/><W103/><G103/><T46/><D46/><U128/><E30/><V5/><F5/><W120/><G120/><T95/><D95/><U54/><E54/><N who="2" m="31839" /><F2/><W82/><G77/><T42/><D42/><U48/><E48/><V28/><F28/><W93/><G73/><T67/><D21/><U130/><AGARI ba="1,0" hai="25,27,68,69,92,94,112,115,116,118,122,123,128,130" machi="130" ten="25,3200,0" yaku="0,1,22,2" doraHai="52" who="1" fromWho="1" sc="68,-9,442,35,181,-17,309,-9" /><INIT seed="3,0,0,0,0,63" ten="59,477,164,300" oya="3" hai0="0,100,38,57,81,111,127,114,131,121,42,85,132" hai1="71,124,118,34,89,102,78,18,17,80,117,53,79" hai2="21,101,2,45,74,22,67,52,1,20,43,56,113" hai3="99,96,3,64,84,28,48,77,126,60,133,33,19"/><W23/><G3/><T128/><D0/><U98/><E71/><V110/><F113/><W16/><G133/><T37/><D121/><U86/><E34/><V112/><F112/><W61/><G126/><T70/><D70/><U109/><E109/><V7/><F74/><W75/><G75/><T35/><D35/><U115/><E115/><V29/><F110/><W4/><G4/><T10/><D114/><U73/><E53/><V108/><F108/><W50/><G33/><T91/><D111/><U135/><E135/><V95/><F7/><W9/><G28/><T41/><D132/><U24/><E124/><V65/><F29/><W130/><G130/><T47/><D127/><U39/><E39/><V55/><F2/><W76/><G9/><T12/><D100/><U103/><E103/><V125/><F1/><W94/><G84/><T82/><D57/><U40/><E40/><V104/><F104/><W14/><G14/><T25/><D25/><U87/><E87/><V83/><F83/><W119/><G23/><T46/><REACH who="0" step="1"/><D81/><REACH who="0" ten="49,477,164,300" step="2"/><U116/><E24/><V31/><F56/><W107/><G107/><T120/><D120/><U11/><E102/><V6/><F31/><W134/><G134/><T105/><D105/><U92/><E80/><V62/><F101/><W69/><G69/><T32/><D32/><U49/><E118/><V90/><F125/><W72/><G119/><T51/><D51/><U44/><E116/><V97/><F95/><W30/><G94/><T93/><D93/><U129/><E117/><V36/><F36/><W5/><G50/><T59/><D59/><RYUUKYOKU ba="0,1" sc="49,30,477,-10,164,-10,300,-10" hai0="10,12,37,38,41,42,46,47,82,85,91,128,131" /><INIT seed="4,1,1,4,5,86" ten="79,467,154,290" oya="0" hai0="19,90,76,96,124,73,117,15,118,82,56,94,79" hai1="135,18,26,50,130,66,40,74,62,89,9,109,77" hai2="108,99,122,98,53,126,54,35,85,119,71,41,92" hai3="34,32,100,16,24,113,105,68,48,101,28,83,115"/><T43/><D124/><U84/><E109/><V6/><F71/><W21/><G68/><T10/><D76/><U42/><E74/><V65/><F65/><W23/><G23/><T13/><D43/><U69/><E77/><V91/><F108/><W45/><G83/><T39/><D39/><U95/><E135/><V133/><F122/><W17/><G17/><T81/><D81/><U57/><E130/><V102/><F126/><W29/><G29/><T12/><REACH who="0" step="1"/><D56/><REACH who="0" ten="69,467,154,290" step="2"/><U114/><E57/><V31/><F41/><W33/><G115/><T125/><D125/><U14/><E114/><V0/><F133/><W22/><G113/><T55/><D55/><U5/><E42/><V106/><F54/><W63/><G34/><T75/><D75/><U46/><E40/><V80/><F53/><W111/><G33/><T36/><D36/><U52/><E52/><V107/><F35/><W25/><G32/><T128/><D128/><U110/><E110/><V38/><F38/><W72/><G72/><T64/><D64/><U61/><E66/><V58/><F58/><W1/><G111/><T51/><D51/><U37/><E37/><V44/><F44/><W27/><G48/><T2/><D2/><U129/><E129/><V104/><F0/><W88/><G1/><T134/><D134/><U8/><E50/><V59/><F59/><W103/><G45/><T47/><D47/><U7/><E46/><V49/><F80/><W97/><G63/><T121/><D121/><U87/><E62/><V116/><F49/><W131/><G131/><T11/><D11/><U4/><E61/><RYUUKYOKU ba="1,2" sc="69,30,467,-10,154,-10,290,-10" hai0="10,12,13,15,19,73,79,82,90,94,96,117,118" /><INIT seed="4,2,2,3,5,24" ten="99,457,144,280" oya="0" hai0="38,1,116,118,129,127,39,55,108,79,31,53,35" hai1="44,89,10,119,20,19,13,110,62,69,37,82,101" hai2="122,128,73,5,64,26,27,83,132,25,124,17,3" hai3="18,29,123,66,133,98,111,30,6,67,47,115,112"/><T74/><D1/><U117/><E110/><V42/><F122/><W130/><G111/><T51/><D108/><U113/><E101/><V0/><F124/><W56/><G123/><T80/><D127/><U12/><E69/><V85/><F73/><W8/><G130/><T87/><D129/><U43/><E62/><V14/><F128/><W68/><G68/><T54/><D74/><U16/><E113/><N who="3" m="43594" /><G133/><T84/><D84/><U48/><E37/><V76/><F132/><W45/><G18/><T57/><D39/><U52/><E43/><V91/><F5/><W97/><G47/><T28/><D38/><U93/><E82/><V63/><F42/><W95/><G45/><T103/><D35/><U107/><E107/><V61/><F76/><W70/><G70/><T105/><D116/><U81/><E81/><V92/><F83/><W33/><G98/><AGARI ba="2,2" hai="10,12,13,16,19,20,44,48,52,89,93,98,117,119" machi="98" ten="30,3900,0" yaku="7,1,54,2" doraHai="24" who="1" fromWho="3" sc="99,0,457,65,144,0,280,-45" /><INIT seed="5,0,0,3,2,34" ten="99,522,144,235" oya="1" hai0="66,127,24,35,73,78,126,80,7,108,113,107,132" hai1="100,134,6,59,124,106,10,68,43,128,13,72,120" hai2="129,110,26,70,21,89,27,49,77,94,104,112,53" hai3="84,76,41,125,65,52,64,56,135,114,50,86,111"/><U69/><E120/><V60/><F104/><W74/><G111/><T30/><D108/><U67/><E72/><V9/><F110/><W29/><G74/><T17/><D132/><U90/><E124/><V75/><F129/><W39/><G125/><T12/><D113/><U88/><E43/><V19/><F112/><W8/><G114/><T109/><D109/><U99/><E128/><V16/><F77/><W101/><G101/><T5/><D107/><U133/><E59/><V81/><F81/><W11/><G29/><T28/><D28/><U61/><REACH who="1" step="1"/><E69/><REACH who="1" ten="99,512,144,235" step="2"/><V40/><F40/><W123/><G41/><T2/><D66/><U116/><E116/><V55/><F75/><W103/><G65/><T98/><D127/><U4/><E4/><V31/><F70/><W96/><G64/><T0/><D126/><U51/><E51/><V71/><F71/><W15/><G50/><T23/><REACH who="0" step="1"/><D98/><REACH who="0" ten="89,512,144,235" step="2"/><U117/><E117/><V22/><F55/><W48/><G96/><T3/><AGARI ba="0,2" hai="0,2,3,5,7,12,17,23,24,30,35,73,78,80" machi="3" ten="30,12000,2" yaku="1,1,2,1,0,1,52,3,53,0" doraHai="34" doraHaiUra="62" who="0" fromWho="0" sc="89,140,512,-60,144,-30,235,-30" /><INIT seed="6,0,0,2,5,38" ten="229,452,114,205" oya="2" hai0="10,128,70,45,68,28,97,4,14,87,49,94,121" hai1="5,120,108,106,109,26,63,34,6,95,133,82,15" hai2="48,107,40,29,74,1,54,36,9,0,73,84,56" hai3="59,16,69,132,60,32,98,90,64,44,13,89,93"/><V8/><F107/><W81/><G132/><T77/><D121/><U125/><E95/><V46/><F29/><W53/><G32/><T110/><D110/><U83/><E15/><V76/><F9/><W113/><G113/><T115/><D115/><U43/><E63/><V101/><F101/><W117/><G117/><T23/><D128/><U105/><E26/><V11/><F11/><N who="3" m="6207" /><G69/><T2/><D28/><U50/><E125/><V62/><F0/><W104/><G104/><T131/><D131/><U135/><E50/><V114/><F114/><W71/><G71/><T57/><D57/><U41/><E34/><V79/><F79/><W92/><G81/><N who="0" m="47535" /><D23/><U119/><E119/><V61/><F84/><N who="3" m="52263" /><G44/><T123/><D2/><U126/><E126/><V12/><F1/><W75/><G75/><T124/><D124/><U78/><E78/><V80/><REACH who="2" step="1"/><F74/><REACH who="2" ten="229,452,104,205" step="2"/><W18/><G18/><AGARI ba="0,1" hai="8,12,18,36,40,46,48,54,56,61,62,73,76,80" machi="18" ten="30,12000,1" yaku="1,1,2,1,7,1,52,1,53,1" doraHai="38" doraHaiUra="52" who="2" fromWho="3" sc="229,0,452,0,104,130,205,-120" /><INIT seed="6,1,0,3,1,66" ten="229,452,234,85" oya="2" hai0="37,124,61,90,21,119,20,60,115,92,8,44,82" hai1="121,91,27,17,33,81,126,95,36,47,31,48,63" hai2="108,46,49,86,83,45,93,0,56,128,9,65,73" hai3="75,19,6,26,105,43,39,69,131,76,18,113,134"/><V42/><F128/><W29/><G105/><T3/><D119/><U84/><E126/><V24/><F108/><W16/><G131/><T55/><D124/><U35/><E36/><V58/><F73/><W78/><G134/><T15/><D115/><U74/><E17/><V112/><F93/><W68/><G6/><N who="0" m="3479" /><D82/><U88/><E63/><N who="0" m="24137" /><D37/><U80/><E80/><V64/><F112/><W71/><G113/><T118/><D3/><U117/><E121/><V109/><F109/><W100/><G75/><T111/><D111/><U94/><E74/><V23/><F9/><W125/><G125/><T96/><D118/><U38/><E38/><V12/><F12/><W50/><G39/><T89/><D89/><U110/><E110/><V7/><F7/><W129/><G129/><T13/><D13/><U1/><E1/><V41/><F0/><W54/><G43/><T101/><D101/><U107/><E107/><V116/><F65/><W30/><G100/><T99/><D99/><U103/><E103/><V32/><F64/><W79/><G26/><T104/><D104/><U77/><E35/><V2/><F32/><W85/><G85/><T52/><D44/><AGARI ba="1,0" hai="16,18,19,29,30,44,50,54,68,69,71,76,78,79" machi="44" ten="50,12000,2" yaku="29,2,52,3,54,1" doraHai="66" who="3" fromWho="0" sc="229,-123,452,0,234,0,85,123" /><INIT seed="7,0,0,4,4,114" ten="106,452,234,208" oya="3" hai0="50,88,46,48,117,133,84,77,58,82,72,134,74" hai1="45,96,93,41,27,22,34,25,11,69,91,3,5" hai2="105,30,1,118,7,101,49,55,26,12,119,2,35" hai3="66,86,112,65,95,19,33,64,4,75,116,0,67"/><W85/><G75/><T127/><D127/><U63/><E34/><V20/><F101/><W104/><G104/><T113/><D113/><U10/><E22/><V17/><F105/><W54/><G33/><T51/><D72/><U43/><E43/><V9/><F1/><W103/><G67/><T124/><D124/><U123/><E123/><V37/><F37/><W126/><G4/><T100/><D100/><U122/><E122/><V16/><F17/><W132/><G0/><T71/><D71/><U102/><E11/><V80/><F80/><W6/><G6/><T87/><D74/><U94/><E63/><V73/><F73/><W36/><G36/><T107/><D107/><U90/><E90/><V97/><F97/><W110/><G110/><T125/><D125/><U109/><E109/><V42/><F42/><W108/><G108/><T99/><D99/><U81/><E81/><V68/><F68/><W39/><G39/><T129/><D129/><U52/><E52/><V23/><F23/><W115/><G54/><T135/><D58/><U131/><E69/><V57/><AGARI ba="0,0" hai="2,7,9,12,16,20,26,30,35,49,55,57,118,119" machi="57" ten="20,12000,2" yaku="0,1,7,1,24,2,52,2,54,1" doraHai="114" who="2" fromWho="2" sc="106,-30,452,-30,234,120,208,-60" owari="76,-42.0,422,52.0,354,15.0,148,-25.0" /></mjloggm>