<mjloggm ver="2.3"><GO type="41" lobby="0"/><UN n0="%E3%82%86%E3%81%B3%E3%81%A8" n1="%6D%69%73%75%74%6F" n2="%E5%B0%B1%E6%B4%BB%E7%94%9F%40%E5%B7%9D%E6%9D%91%E8%BB%8D%E5%9B%A3" n3="%73%61%64%61%6B%75%72%6F" dan="15,15,16,15" rate="2037.15,1994.78,2147.71,1956.74" sx="M,M,M,M"/><TAIKYOKU oya="0"/><INIT seed="0,0,0,2,0,61" ten="250,250,250,250" oya="0" hai0="126,127,92,85,68,38,121,56,76,15,59,46,26" hai1="105,52,33,16,18,93,101,88,86,115,94,114,125" hai2="72,102,75,97,89,31,67,70,100,74,128,98,99" hai3="79,50,29,17,118,120,32,132,117,110,47,119,43"/><T90/><D121/><U91/><E33/><V135/><F135/><W5/><G110/><T27/><D68/><U34/><E34/><V113/><F113/><N who="1" m="43017" /><E125/><N who="0" m="47625" /><D76/><U78/><E78/><V2/><F2/><W24/><G132/><T64/><D15/><U8/><E8/><V83/><F128/><W37/><G120/><T106/><D106/><U10/><E10/><V57/><F70/><W60/><G5/><T54/><D59/><U133/><E133/><V130/><F31/><W66/><G79/><T7/><D7/><U39/><E39/><V69/><F69/><W1/><G1/><T124/><D124/><U55/><E101/><V129/><F57/><W80/><G80/><T107/><D107/><U95/><E105/><V4/><F4/><W48/><REACH who="3" step="1"/><G17/><REACH who="3" ten="250,250,250,240" step="2"/><N who="1" m="6762" /><E86/><N who="2" m="50399" /><F130/><W96/><G96/><T49/><D38/><U19/><E19/><V21/><F129/><W108/><G108/><T35/><D35/><U53/><AGARI ba="0,1" hai="52,53,55,88,91,93,94,95" m="6762,43017" machi="53" ten="40,12000,2" yaku="28,2,11,1,54,3" doraHai="61" who="1" fromWho="1" sc="250,-60,250,130,250,-30,240,-30" /><INIT seed="1,0,0,1,0,131" ten="190,380,220,210" oya="1" hai0="103,108,5,35,94,54,36,117,3,65,82,57,78" hai1="88,93,4,52,1,129,101,40,8,63,12,26,11" hai2="76,21,23,44,86,68,128,70,20,61,15,116,48" hai3="72,6,18,77,69,31,55,71,104,120,122,60,53"/><U123/><E123/><V41/><F116/><W92/><G104/><T132/><D36/><U17/><E129/><V62/><F128/><W98/><G6/><T67/><D117/><U80/><E40/><V7/><F68/><W32/><G71/><T109/><D35/><U38/><E38/><V59/><F70/><W25/><G77/><T10/><D103/><U134/><E134/><V13/><F59/><W112/><G72/><T97/><D97/><U30/><E101/><V118/><F118/><W114/><G122/><T27/><D27/><U14/><E80/><N who="2" m="47367" /><F15/><W81/><G120/><T102/><D94/><U43/><E43/><V119/><F119/><W29/><G81/><T85/><D102/><U16/><E1/><V46/><F46/><W105/><G105/><T2/><D3/><U83/><E83/><V51/><F51/><W100/><G31/><T34/><D34/><U121/><E4/><V73/><F73/><W28/><G28/><T124/><D124/><U115/><E115/><V49/><F49/><W58/><G69/><T84/><D85/><N who="1" m="52367" /><E121/><V107/><F107/><W87/><G55/><T22/><D132/><U42/><E42/><V50/><F50/><W106/><G18/><T75/><D75/><U39/><E39/><V37/><F37/><W111/><G114/><T96/><D2/><U66/><E66/><V110/><F110/><W133/><G111/><T24/><D67/><U130/><E130/><V74/><F74/><W90/><REACH who="3" step="1"/><G112/><REACH who="3" ten="190,380,220,200" step="2"/><T33/><D109/><U126/><E30/><V127/><F127/><W79/><G79/><T56/><D108/><RYUUKYOKU ba="0,1" sc="190,-15,380,-15,220,15,200,15" hai2="7,13,20,21,23,41,44,48,61,62" hai3="25,29,32,53,58,60,87,90,92,98,100,106,133" /><INIT seed="2,1,1,0,1,40" ten="175,365,235,215" oya="2" hai0="35,91,61,104,37,76,15,44,22,60,34,8,28" hai1="38,110,24,87,55,11,119,83,101,99,53,26,58" hai2="77,123,96,78,124,33,106,2,27,59,63,129,125" hai3="73,122,128,31,46,36,126,9,16,13,6,120,50"/><V19/><F123/><W100/><G73/><T68/><D104/><U17/><E119/><V117/><F2/><W70/><G36/><T41/><D76/><U130/><E38/><V93/><F106/><W49/><G70/><T66/><D61/><U116/><E116/><V29/><F117/><W1/><G50/><T62/><D62/><U84/><E110/><V56/><F19/><W131/><G126/><N who="2" m="48745" /><F129/><N who="3" m="49739" /><G100/><T43/><D43/><U74/><E130/><V69/><F69/><W134/><G134/><T109/><D109/><U118/><E74/><V90/><F59/><W23/><G31/><T57/><D91/><U48/><E118/><V127/><N who="2" m="48753" /><V25/><DORA hai="0" /><F25/><W75/><G75/><T135/><D135/><U65/><E65/><AGARI ba="1,1" hai="27,29,33,56,63,65,77,78,90,93,96" m="48753" machi="65" ten="40,2000,0" yaku="18,1" doraHai="40,0" who="2" fromWho="1" sc="175,0,365,-23,235,33,215,0" /><INIT seed="2,2,0,1,5,60" ten="175,342,268,215" oya="2" hai0="117,65,63,95,22,3,133,91,81,41,2,92,108" hai1="53,132,64,0,67,110,21,30,20,122,75,39,36" hai2="119,78,34,73,90,33,97,96,32,102,127,42,114" hai3="29,40,123,109,106,72,43,38,104,113,31,84,26"/><V118/><F114/><W88/><G109/><T74/><D41/><U55/><E75/><V44/><F127/><W18/><G123/><T56/><D133/><U89/><E110/><V85/><F73/><W105/><G72/><T93/><D108/><U16/><E122/><V47/><F78/><W77/><G77/><T87/><D117/><U58/><E132/><V103/><F85/><W17/><G31/><T4/><D4/><U23/><E0/><V116/><F90/><W61/><G113/><T51/><D74/><U19/><E89/><V14/><F14/><W128/><G128/><T120/><D120/><U8/><E8/><V25/><F25/><W80/><G40/><T121/><D121/><U49/><E30/><V7/><F7/><W48/><G38/><T37/><D37/><N who="1" m="14411" /><E58/><V6/><F6/><W86/><G61/><T94/><N who="0" m="24064" /><DORA hai="124" /><T59/><REACH who="0" step="1"/><D22/><REACH who="0" ten="165,342,268,215" step="2"/><U12/><E49/><V111/><F111/><W10/><G86/><T69/><D69/><U125/><E125/><V11/><F42/><W107/><N who="3" m="26624" /><DORA hai="57" /><W62/><G48/><T99/><D99/><N who="2" m="37962" /><F11/><W1/><G43/><T112/><D112/><U82/><E82/><V130/><F130/><W83/><G83/><T35/><D35/><U54/><E12/><V134/><F134/><W52/><G1/><T76/><D76/><U115/><E115/><V28/><F34/><W13/><G13/><T5/><D5/><U126/><E126/><V131/><F131/><W45/><G80/><T79/><D79/><U66/><AGARI ba="2,1" hai="16,19,20,21,23,53,54,55,64,66,67" m="14411" machi="66" ten="40,16000,3" yaku="29,2,28,2,52,3,54,1" doraHai="60,124,57" who="1" fromWho="1" sc="165,-42,342,176,268,-82,215,-42" /><INIT seed="3,0,0,0,5,20" ten="123,518,186,173" oya="3" hai0="125,124,70,53,105,61,100,90,71,106,52,25,110" hai1="21,102,16,12,98,10,118,0,50,126,122,83,31" hai2="58,104,44,103,66,55,97,93,85,135,26,39,29" hai3="14,51,45,57,117,36,88,82,18,101,24,6,49"/><W115/><G117/><T94/><D110/><U112/><E122/><V127/><F135/><W37/><G115/><T73/><D73/><U62/><E118/><V59/><F127/><N who="0" m="48714" /><D100/><U128/><E112/><V15/><F15/><W30/><G101/><T109/><D109/><U2/><E126/><V42/><F66/><W87/><G6/><T129/><D129/><U9/><E128/><V123/><F123/><W4/><G4/><T113/><D113/><U40/><E83/><V8/><F8/><N who="3" m="6471" /><G37/><T78/><D78/><U84/><E84/><V69/><F69/><N who="0" m="26122" /><D25/><U75/><E75/><V48/><F85/><W33/><G36/><T95/><D95/><U65/><E0/><V56/><REACH who="2" step="1"/><F104/><REACH who="2" ten="123,518,176,173" step="2"/><N who="0" m="40042" /><D61/><U111/><E12/><V92/><F92/><W27/><G33/><AGARI ba="0,1" hai="26,29,33,39,42,44,48,55,56,58,59,93,97,103" machi="33" ten="30,7700,0" yaku="1,1,7,1,52,1,53,1" doraHai="20" doraHaiUra="47" who="2" fromWho="3" sc="123,0,518,0,176,87,173,-77" /><INIT seed="4,0,0,1,5,1" ten="123,518,263,96" oya="0" hai0="46,73,36,91,92,88,115,135,39,29,110,30,96" hai1="125,60,2,51,18,9,116,58,10,102,87,48,103" hai2="75,84,37,20,121,130,17,38,105,78,0,111,93" hai3="72,128,5,123,25,98,4,126,53,24,52,104,76"/><T22/><D115/><U27/><E116/><V113/><F105/><W101/><G126/><T86/><D73/><U134/><E125/><V85/><F0/><W69/><G69/><T19/><D135/><U120/><E134/><V127/><F111/><W117/><G117/><T45/><D110/><U70/><E120/><V94/><F121/><W107/><G72/><T50/><D46/><U90/><E70/><V99/><F113/><W26/><G123/><T82/><D39/><U43/><E2/><V23/><F127/><W40/><G40/><T67/><D67/><U106/><E106/><N who="3" m="40490" /><G98/><T55/><REACH who="0" step="1"/><D36/><REACH who="0" ten="113,518,263,96" step="2"/><U68/><E68/><V81/><F37/><W79/><G128/><T41/><D41/><U131/><E43/><V83/><F38/><W8/><G101/><T35/><D35/><U64/><E131/><V13/><F75/><W54/><G8/><T7/><D7/><AGARI ba="0,1" hai="4,5,7,24,25,26,52,53,54,76,79" m="40490" machi="7" ten="40,12000,2" yaku="28,2,52,3,54,1" doraHai="1" who="3" fromWho="0" sc="113,-120,518,0,263,0,96,130" owari="-7,-51.0,518,62.0,263,6.0,226,-17.0" /></mjloggm>