<mjloggm ver="2.3"><GO type="169" lobby="0"/><UN n0="%E3%80%93%E3%81%AF%E3%82%84%E3%81%95%E3%81%8B%E3%80%93" n1="%73%68%6F%67%6F%6F" n2="%E3%82%A6%E3%83%AB%E3%83%88%E3%83%A9%E7%AB%8B%E7%9B%B4" n3="%E5%AB%8C%E3%81%84%E3%81%98%E3%82%83%E3%81%AA%E3%81%84%E3%82%8F%EF%BC%81" dan="16,16,17,16" rate="2080.91,2117.39,2217.47,2085.87" sx="M,M,M,M"/><TAIKYOKU oya="0"/><INIT seed="0,0,0,4,2,13" ten="250,250,250,250" oya="0" hai0="48,77,67,98,112,71,16,32,22,1,6,19,132" hai1="103,28,35,47,46,121,90,126,59,95,40,94,119" hai2="24,131,31,123,125,64,33,74,87,106,38,27,76" hai3="69,128,57,5,81,79,8,111,14,130,62,45,10"/><T54/><D112/><U9/><E121/><V99/><F123/><W66/><G111/><T43/><D32/><U34/><E119/><V72/><F38/><W124/><G124/><T42/><D71/><U127/><E9/><V73/><F125/><N who="1" m="47625" /><E59/><V97/><F131/><N who="3" m="50219" /><G45/><N who="1" m="16906" /><E40/><V83/><F106/><W53/><G10/><T82/><D132/><U44/><E44/><V39/><F39/><W96/><G96/><T122/><D122/><U26/><E35/><V60/><REACH who="2" step="1"/><F27/><REACH who="2" ten="250,250,240,250" step="2"/><W88/><G79/><T23/><D77/><U135/><E135/><V58/><AGARI ba="0,1" hai="24,31,33,58,60,64,72,73,74,76,83,87,97,99" machi="58" ten="30,4000,0" yaku="1,1,2,1,0,1,53,0" doraHai="13" doraHaiUra="65" who="2" fromWho="2" sc="250,-20,250,-10,240,50,250,-10" /><INIT seed="1,0,0,4,4,26" ten="230,240,290,240" oya="1" hai0="128,121,33,29,94,108,27,18,130,31,64,0,117" hai1="53,12,87,3,74,4,86,9,6,105,34,97,93" hai2="10,84,101,75,77,91,119,59,88,16,40,21,2" hai3="82,30,72,107,54,67,43,61,104,32,133,111,55"/><U28/><E105/><V37/><F119/><W49/><G133/><T51/><D117/><U70/><E74/><V89/><F101/><W56/><G111/><T83/><D0/><U52/><E70/><V95/><F37/><W73/><G43/><T63/><D108/><U1/><E3/><V25/><F40/><W7/><G7/><T115/><D115/><U17/><E4/><V99/><F75/><W85/><G72/><T92/><D121/><U122/><E122/><V20/><F10/><W39/><G73/><T19/><D83/><U132/><E132/><V125/><F125/><W123/><G39/><T78/><D78/><U79/><E79/><V80/><F2/><W120/><G55/><T42/><D51/><U98/><E98/><V23/><F59/><W65/><G65/><T114/><D42/><U5/><E5/><V35/><F35/><W110/><G110/><T96/><D33/><U58/><E53/><V45/><F45/><W46/><G120/><T15/><D27/><N who="1" m="18719" /><E93/><N who="0" m="35945" /><D96/><U8/><E97/><V69/><F69/><W118/><G118/><T126/><D114/><U71/><E71/><V14/><F23/><W90/><G123/><T106/><D106/><U66/><E66/><V127/><F127/><W131/><G131/><N who="0" m="50219" /><D126/><U44/><E44/><V68/><F68/><W24/><AGARI ba="0,0" hai="24,30,32,46,49,54,56,61,67,82,85,90,104,107" machi="24" ten="30,2000,0" yaku="0,1,52,1" doraHai="26" who="3" fromWho="3" sc="230,-5,240,-10,290,-5,240,20" /><INIT seed="2,0,0,4,2,123" ten="225,230,285,260" oya="2" hai0="79,84,30,131,74,135,92,110,0,94,113,39,117" hai1="98,69,15,122,87,76,24,23,44,73,52,57,75" hai2="116,103,32,105,91,8,124,3,129,42,59,127,80" hai3="68,128,36,50,81,121,25,45,37,66,104,118,10"/><V9/><F116/><W5/><G118/><T40/><D0/><U95/><E122/><V54/><F32/><W132/><G104/><T108/><D30/><U55/><E69/><V1/><F42/><W33/><G121/><T49/><D113/><U46/><E73/><V61/><F103/><W41/><G132/><T82/><D117/><U134/><E75/><V120/><F105/><W78/><G128/><T111/><D39/><U99/><E15/><V109/><F120/><W58/><G33/><T13/><D135/><U43/><E134/><V22/><F22/><W97/><G97/><N who="1" m="36874" /><E43/><V14/><F9/><W106/><G106/><T85/><D13/><U51/><E55/><V119/><F119/><W2/><G25/><T18/><D18/><N who="1" m="12407" /><E76/><V56/><F129/><W62/><G58/><T28/><D28/><U88/><AGARI ba="0,0" hai="44,46,51,52,57,87,88,95" m="12407,36874" machi="88" ten="30,4000,0" yaku="8,1,54,2" doraHai="123" who="1" fromWho="1" sc="225,-10,230,40,285,-20,260,-10" /><INIT seed="3,0,0,1,0,127" ten="215,270,265,250" oya="3" hai0="115,46,0,129,14,86,122,77,106,67,2,8,108" hai1="88,131,31,25,82,104,13,40,53,123,113,65,109" hai2="32,70,75,68,60,84,35,34,6,94,110,96,66" hai3="20,21,36,83,5,103,120,126,135,3,74,27,98"/><W112/><G120/><T47/><D122/><U62/><E123/><V43/><F75/><W89/><G112/><T111/><D106/><U10/><E113/><V11/><F110/><N who="0" m="42026" /><D115/><U44/><E109/><V51/><F84/><W38/><G126/><T128/><D67/><U71/><E104/><V37/><F51/><W33/><G33/><T58/><D58/><U24/><E53/><V78/><F78/><W76/><G135/><T102/><D102/><U9/><E131/><N who="0" m="50249" /><D86/><U28/><E71/><V97/><F70/><W85/><G103/><T80/><D80/><U48/><E82/><V52/><F66/><W87/><G85/><T105/><D77/><U69/><E88/><V91/><F91/><W121/><G98/><T72/><D72/><U117/><E117/><V90/><F68/><W16/><G121/><T54/><D105/><U132/><E132/><V12/><F96/><W15/><G74/><T119/><D119/><U125/><E125/><V133/><F97/><W92/><G92/><T1/><D54/><U19/><E9/><V134/><F94/><W61/><G76/><T101/><D101/><U7/><E69/><V95/><F95/><W124/><G124/><T4/><AGARI ba="0,0" hai="0,1,2,4,8,14,46,47" m="50249,42026" machi="4" ten="40,8000,1" yaku="14,1,19,1,52,3" doraHai="127" who="0" fromWho="0" sc="215,80,270,-20,265,-20,250,-40" /><INIT seed="4,0,0,5,1,121" ten="295,250,245,210" oya="0" hai0="76,10,59,39,83,15,112,122,11,34,109,69,8" hai1="113,88,57,51,97,22,48,36,91,50,129,82,131" hai2="111,26,86,95,71,94,61,132,80,0,67,49,77" hai3="135,29,38,42,52,134,127,53,99,81,28,2,72"/><T100/><D69/><U43/><E36/><V87/><F0/><W66/><G2/><T78/><D34/><U120/><E120/><V35/><F132/><N who="3" m="50731" /><G66/><T32/><D32/><U96/><E113/><V23/><F35/><W63/><G99/><N who="1" m="37962" /><E43/><V79/><F111/><W55/><G63/><T101/><D39/><U31/><E57/><V115/><F115/><W9/><G9/><T116/><D116/><U114/><E114/><V17/><REACH who="2" step="1"/><F49/><REACH who="2" ten="295,250,235,210" step="2"/><W19/><G127/><T30/><D112/><U119/><E119/><V98/><F98/><W16/><G38/><T18/><D109/><U58/><E51/><V12/><F12/><W13/><G13/><T33/><D33/><U124/><E48/><V108/><F108/><W106/><G106/><T60/><D122/><U44/><E50/><V85/><F85/><W73/><G73/><T65/><D76/><U24/><E124/><V105/><F105/><W74/><G42/><T7/><D30/><N who="3" m="11881" /><G72/><T75/><REACH who="0" step="1"/><D7/><REACH who="0" ten="285,250,235,210" step="2"/><U104/><E104/><V110/><F110/><W6/><G6/><T25/><D25/><U92/><E31/><V130/><F130/><W118/><G118/><T27/><D27/><U21/><E24/><V37/><F37/><W128/><G128/><T14/><D14/><U126/><E131/><V41/><F41/><W123/><G123/><T64/><D64/><U70/><E129/><V40/><F40/><W103/><G74/><T117/><D117/><U4/><E4/><V68/><F68/><W1/><G1/><T89/><D89/><U20/><E91/><V125/><F125/><W5/><G5/><RYUUKYOKU ba="0,2" sc="285,15,250,-15,235,15,210,-15" hai0="8,10,11,15,18,59,60,65,75,78,83,100,101" hai2="17,23,26,61,67,71,77,79,80,86,87,94,95" /><INIT seed="4,1,2,0,2,78" ten="300,235,250,195" oya="0" hai0="107,113,36,52,1,94,121,11,29,21,34,14,81" hai1="5,103,61,131,87,117,63,97,80,98,28,17,56" hai2="116,64,82,38,126,128,75,67,25,108,6,47,12" hai3="90,86,0,73,112,26,19,57,49,41,120,43,123"/><T31/><D107/><U85/><E117/><V79/><F108/><W51/><G73/><T122/><D36/><U132/><E131/><V114/><F128/><W3/><G112/><T119/><D34/><U22/><E132/><V72/><F72/><W111/><G111/><T27/><D1/><N who="3" m="585" /><G26/><T91/><D113/><U35/><E5/><V105/><F105/><W88/><G19/><T15/><D31/><U76/><E35/><V13/><F114/><W58/><G51/><T59/><D81/><N who="1" m="47271" /><E28/><V104/><F104/><W127/><G127/><T33/><D33/><U125/><E125/><V134/><F126/><W65/><G65/><T60/><D15/><N who="1" m="9535" /><E103/><V99/><F134/><W44/><G41/><T77/><D119/><U109/><E109/><V48/><F116/><W55/><G43/><T92/><D122/><N who="3" m="46633" /><G90/><T89/><D121/><U62/><E56/><V124/><F124/><W133/><G133/><T16/><D77/><AGARI ba="1,2" hai="61,62,63,77,80,87,97,98" m="9535,47271" machi="77" ten="30,3900,0" yaku="8,1,52,2" doraHai="78" who="1" fromWho="0" sc="300,-42,235,62,250,0,195,0" /><INIT seed="5,0,0,5,5,72" ten="258,297,250,195" oya="1" hai0="53,0,13,80,14,38,45,76,128,24,49,17,15" hai1="131,59,73,34,67,22,110,97,5,86,113,57,103" hai2="25,101,83,9,100,10,89,112,134,68,104,27,37" hai3="123,52,21,90,3,60,82,124,58,66,120,40,92"/><U84/><E73/><V31/><F68/><W2/><G124/><T122/><D0/><U61/><E34/><V35/><F37/><W91/><G40/><T44/><D128/><U115/><E131/><V48/><F134/><W85/><G21/><T54/><D122/><U63/><E5/><V99/><F112/><N who="1" m="43081" /><E22/><V19/><F100/><W30/><G30/><T102/><D102/><U93/><E110/><V111/><F111/><W79/><G91/><T20/><D38/><U87/><E87/><V118/><F118/><W28/><G28/><T106/><D106/><U41/><E41/><V77/><F89/><W18/><G18/><T39/><D39/><U51/><E51/><V107/><F107/><W26/><G26/><T88/><D88/><U81/><E81/><V127/><F127/><W94/><G94/><T50/><D24/><U133/><E133/><V125/><F125/><W135/><G135/><T4/><D4/><U33/><E33/><V129/><F129/><W119/><G119/><T78/><D80/><U32/><E32/><V43/><F25/><W36/><G36/><T117/><D117/><U29/><E29/><V8/><F19/><W126/><G126/><T108/><D108/><U132/><E132/><V16/><F16/><W70/><G120/><T95/><D95/><U121/><E121/><V12/><F12/><W116/><G123/><T105/><D105/><U114/><N who="1" m="43089" /><U65/><AGARI ba="0,0" hai="57,59,61,63,65,67,84,86,93,97,103" m="43089" machi="65" ten="40,3900,0" yaku="4,1,15,1" doraHai="72" who="1" fromWho="1" sc="258,-13,297,39,250,-13,195,-13" /><INIT seed="5,1,0,1,4,134" ten="245,336,237,182" oya="1" hai0="113,18,92,8,120,88,4,110,42,129,38,5,81" hai1="52,55,49,36,115,0,76,93,84,70,85,106,13" hai2="47,51,91,103,128,125,105,59,57,86,17,117,74" hai3="62,7,104,60,122,9,48,56,73,2,107,89,101"/><U19/><E0/><V119/><F74/><W135/><G122/><T97/><D110/><U127/><E106/><V11/><F128/><W12/><G135/><T132/><D113/><U61/><E36/><V118/><F103/><W79/><G79/><T64/><D132/><U6/><E6/><V21/><F105/><W87/><G73/><T123/><D129/><U116/><E116/><V45/><F11/><W44/><G101/><T40/><D64/><U23/><E115/><V94/><F125/><W58/><G2/><T78/><D18/><U68/><E127/><V99/><F99/><W98/><G98/><T22/><D22/><U75/><E75/><V10/><F10/><W24/><G24/><T28/><D28/><U33/><E33/><V63/><F63/><W26/><G26/><T124/><D5/><U53/><E49/><V15/><REACH who="2" step="1"/><F59/><REACH who="2" ten="245,336,227,182" step="2"/><N who="3" m="22571" /><G107/><T77/><D124/><U50/><E61/><V54/><AGARI ba="1,1" hai="15,17,21,45,47,51,54,57,86,91,94,117,118,119" machi="54" ten="40,8000,1" yaku="1,1,0,1,25,2,53,0" doraHai="134" doraHaiUra="131" who="2" fromWho="2" sc="245,-21,336,-41,227,93,182,-21" /><INIT seed="6,0,0,0,2,78" ten="224,295,320,161" oya="2" hai0="117,35,89,97,15,102,71,65,90,29,6,68,126" hai1="24,108,9,33,129,60,100,2,40,115,114,84,69" hai2="45,72,74,123,92,127,61,81,25,8,10,28,101" hai3="48,111,51,47,122,107,44,63,13,21,32,130,5"/><V7/><F123/><W52/><G107/><T77/><D68/><U109/><E129/><V82/><F74/><W73/><G32/><T41/><D41/><U112/><E40/><V18/><F72/><W86/><G130/><T38/><D38/><U26/><E100/><V39/><F127/><W98/><G73/><T134/><D134/><U67/><E33/><V14/><F61/><W43/><G111/><N who="1" m="42570" /><E84/><V23/><F45/><W19/><G122/><T118/><D126/><U116/><E116/><V83/><F39/><W119/><G119/><T30/><D77/><U62/><E62/><V96/><F10/><W95/><G63/><T42/><D35/><U132/><E132/><V20/><F20/><W76/><G5/><AGARI ba="0,0" hai="2,5,9,24,26,60,67,69,112,114,115" m="42570" machi="5" ten="40,1300,0" yaku="15,1" doraHai="78" who="1" fromWho="3" sc="224,0,295,13,320,0,161,-13" /><AGARI ba="0,0" hai="5,7,8,14,18,23,25,28,81,82,83,92,96,101" machi="5" ten="40,12000,1" yaku="8,1,52,3" doraHai="78" who="2" fromWho="3" sc="224,0,308,0,320,120,148,-120" /><INIT seed="6,1,0,0,2,80" ten="224,308,440,28" oya="2" hai0="67,54,2,56,100,103,121,82,125,58,5,12,131" hai1="32,61,107,7,73,97,1,76,29,133,57,93,46" hai2="128,63,24,15,129,90,16,30,42,77,60,28,111" hai3="118,59,122,38,71,120,132,49,81,40,105,51,102"/><V88/><F77/><W23/><G102/><T47/><D121/><U91/><E107/><V52/><F42/><W34/><G105/><T19/><D125/><U0/><E133/><V124/><F124/><W37/><G34/><T39/><D131/><U66/><E46/><V110/><F15/><W85/><G23/><T106/><D106/><U84/><E73/><V86/><F16/><W55/><G118/><T96/><D67/><U50/><E50/><V112/><F52/><N who="3" m="32159" /><G81/><T98/><D5/><U119/><E119/><V26/><F112/><W3/><G3/><T17/><D2/><U69/><E69/><V70/><F70/><W117/><G85/><AGARI ba="1,0" hai="24,26,28,30,60,63,85,86,88,90,110,111,128,129" machi="85" ten="25,12000,1" yaku="22,2,52,2,54,1" doraHai="80" who="2" fromWho="3" sc="224,0,308,0,440,123,28,-123" owari="224,-18.0,308,11.0,563,67.0,-95,-60.0" /></mjloggm>