<mjloggm ver="2.3"><GO type="169" lobby="0"/><UN n0="%E3%83%84%E3%83%AC%E3%82%AA" n1="%68%65%74" n2="%E3%82%A6%E3%83%AB%E3%83%88%E3%83%A9%E7%AB%8B%E7%9B%B4" n3="%69%63%65%6D%61%6E%32" dan="16,16,18,16" rate="2072.53,2113.28,2223.57,2129.45" sx="M,M,M,M"/><TAIKYOKU oya="0"/><INIT seed="0,0,0,0,3,108" ten="250,250,250,250" oya="0" hai0="112,7,114,93,9,83,110,119,31,37,80,47,44" hai1="131,58,59,14,0,117,46,124,107,70,78,133,71" hai2="120,3,135,56,76,61,105,63,50,45,55,35,102" hai3="95,34,77,99,128,111,94,98,32,91,33,130,10"/><T29/><D119/><U74/><E0/><V69/><F3/><W84/><G10/><T132/><D132/><U103/><E107/><V87/><F35/><W116/><G116/><T123/><D93/><U122/><E103/><V24/><F24/><W54/><G111/><T26/><D110/><U65/><E14/><V64/><F87/><W134/><G134/><T92/><D92/><N who="3" m="35369" /><G77/><T101/><D101/><U121/><E78/><V38/><F76/><W66/><G66/><T13/><D123/><U82/><E74/><V27/><F27/><W88/><G84/><T15/><D26/><U125/><E82/><V8/><F8/><W72/><G54/><T36/><D9/><U60/><E117/><V28/><F28/><W104/><G104/><T39/><D36/><U12/><E12/><V96/><F135/><W48/><G48/><T52/><D52/><N who="1" m="33863" /><E133/><V106/><F106/><W20/><G20/><T97/><D97/><N who="3" m="36873" /><G72/><T4/><AGARI ba="0,0" hai="4,7,13,15,29,31,37,39,44,47,80,83,112,114" machi="4" ten="25,12000,1" yaku="0,1,22,2,52,2" doraHai="108" who="0" fromWho="0" sc="250,120,250,-40,250,-40,250,-40" /><INIT seed="0,1,0,3,2,23" ten="370,210,210,210" oya="0" hai0="110,97,121,129,10,111,24,69,40,47,92,115,50" hai1="77,126,90,78,65,72,58,68,128,7,0,44,127" hai2="71,113,95,99,9,98,135,67,28,108,3,32,91" hai3="103,118,96,86,11,13,57,55,105,62,14,52,56"/><T101/><D115/><U31/><E68/><V25/><F113/><W38/><G38/><T63/><D121/><U83/><E77/><V106/><F108/><N who="0" m="41514" /><D129/><U84/><E128/><V117/><F135/><W94/><G118/><T80/><D10/><U33/><E44/><V133/><F133/><W132/><G132/><T100/><D80/><U66/><E7/><V34/><F34/><W15/><G86/><T134/><D134/><U73/><E0/><V19/><F117/><W114/><G114/><T21/><D63/><U51/><E73/><V17/><F9/><W8/><REACH who="3" step="1"/><G105/><REACH who="3" ten="370,210,210,200" step="2"/><T107/><D107/><U46/><E84/><V6/><F106/><W45/><G45/><T88/><D69/><U125/><E46/><V16/><F71/><W87/><G87/><T35/><D35/><U112/><E33/><V64/><F99/><W22/><G22/><T30/><AGARI ba="1,1" hai="21,24,30,40,47,50,88,92,97,100,101" m="41514" machi="30" ten="30,11700,0" yaku="14,1,10,1,52,1,54,1" doraHai="23" who="0" fromWho="0" sc="370,130,210,-40,210,-40,200,-40" /><INIT seed="0,2,0,0,0,12" ten="500,170,170,160" oya="0" hai0="127,49,121,77,10,93,101,34,17,52,18,89,87" hai1="38,27,20,65,83,23,62,118,35,14,132,117,2" hai2="5,26,129,98,6,66,84,47,78,57,97,8,130" hai3="7,126,55,13,11,85,120,41,19,112,54,134,81"/><T29/><D121/><U40/><E2/><V100/><F47/><W3/><G112/><T106/><D127/><U125/><E35/><V51/><F26/><W122/><G41/><T43/><D43/><U28/><E125/><V63/><F51/><W92/><G126/><T128/><D128/><U131/><E131/><N who="2" m="50187" /><F8/><W72/><G72/><T80/><D10/><U124/><E124/><V30/><F30/><W74/><G74/><T48/><D48/><U58/><E132/><V70/><F98/><W76/><G92/><T116/><D116/><U4/><E83/><N who="2" m="47223" /><F70/><W96/><G96/><N who="0" m="61735" /><D29/><U25/><E4/><V105/><AGARI ba="2,0" hai="5,6,57,63,66,97,100,105" m="47223,50187" machi="105" ten="30,1100,0" yaku="19,1" doraHai="12" who="2" fromWho="2" sc="500,-7,170,-5,170,17,160,-5" /><INIT seed="1,0,0,4,0,52" ten="493,165,187,155" oya="1" hai0="3,34,96,1,61,47,10,65,116,75,58,130,56" hai1="107,114,36,20,68,23,109,39,53,21,103,45,57" hai2="115,106,85,83,132,26,60,22,37,104,62,94,38" hai3="11,29,124,24,98,82,87,8,19,81,16,113,112"/><U66/><E114/><V27/><F94/><W102/><G124/><T128/><D75/><U28/><E28/><V126/><F85/><W42/><G42/><T125/><D34/><U4/><E4/><V110/><F22/><W80/><G87/><T0/><D116/><U131/><E131/><N who="0" m="50217" /><D125/><U123/><E123/><V9/><F9/><W91/><G91/><T79/><D79/><U44/><E109/><V5/><F83/><W40/><G40/><T30/><D30/><U134/><E134/><V2/><F5/><W14/><G8/><T69/><D47/><U90/><E90/><V70/><F2/><W119/><G119/><T88/><D10/><U18/><E18/><V32/><F32/><W50/><G50/><T105/><D105/><U95/><E107/><V67/><F106/><W46/><G46/><T41/><D41/><U93/><E66/><V129/><F67/><W43/><G43/><T25/><D25/><U12/><E68/><V15/><F70/><W48/><G48/><T100/><D100/><U117/><E117/><V33/><F104/><W97/><G102/><T127/><D127/><U59/><E12/><V13/><F33/><W49/><G49/><T72/><D72/><U35/><E35/><V76/><F126/><W111/><G111/><T54/><D54/><U121/><E121/><V63/><F129/><W74/><G74/><T101/><D101/><U122/><E122/><V86/><F110/><W64/><G29/><T6/><D6/><U99/><E95/><AGARI ba="0,0" hai="0,1,3,56,58,61,65,69,88,95,96" m="50217" machi="95" ten="40,8000,1" yaku="19,1,52,2,54,1" doraHai="52" who="0" fromWho="1" sc="493,80,165,-80,187,0,155,0" /><INIT seed="2,0,0,1,2,129" ten="573,85,187,155" oya="2" hai0="128,14,124,3,44,93,100,77,15,121,48,10,85" hai1="42,50,70,79,131,57,1,105,7,43,126,30,89" hai2="6,127,27,133,135,130,118,84,22,33,36,18,86" hai3="74,54,78,112,119,25,87,111,109,26,32,108,82"/><V75/><F75/><W12/><G119/><T107/><D128/><U45/><E105/><V96/><F118/><W98/><G112/><T72/><D3/><U132/><E70/><V110/><F36/><W94/><G32/><T37/><D37/><U60/><E131/><V103/><F130/><W38/><G38/><T123/><D124/><U106/><E106/><V114/><F114/><W4/><G54/><T113/><D113/><U0/><E126/><V34/><F6/><W97/><G97/><T5/><D15/><U104/><E104/><N who="2" m="63591" /><F127/><W35/><G35/><N who="2" m="13321" /><F110/><W76/><G76/><T91/><D107/><U17/><E79/><V20/><F20/><W56/><G74/><T125/><D100/><U29/><E17/><V66/><F66/><W122/><G122/><T13/><D13/><U63/><E89/><V59/><F59/><W99/><G56/><T83/><D125/><U80/><E57/><V134/><AGARI ba="0,0" hai="18,22,27,84,86,133,134,135" m="13321,63591" machi="134" ten="40,12000,1" yaku="20,1,52,3" doraHai="129" who="2" fromWho="2" sc="573,-40,85,-40,187,120,155,-40" /><INIT seed="2,1,0,1,1,15" ten="533,45,307,115" oya="2" hai0="106,117,70,96,82,81,29,71,30,73,10,125,31" hai1="63,32,95,122,49,80,48,64,89,135,34,98,2" hai2="26,66,85,76,83,130,16,67,54,79,107,1,102" hai3="121,8,50,75,25,101,18,0,61,58,134,7,100"/><V91/><F1/><W88/><G75/><T43/><D125/><U116/><E122/><V21/><F130/><W44/><G121/><T46/><D117/><U24/><E2/><V22/><F107/><W5/><G134/><T74/><D10/><U78/><E116/><V3/><F102/><W113/><G113/><T17/><D106/><U42/><E135/><V51/><F3/><W129/><G129/><T118/><D96/><U52/><E42/><V94/><F22/><N who="3" m="13527" /><G0/><T36/><D118/><U123/><E123/><V4/><F4/><N who="3" m="1611" /><G8/><T39/><D39/><U110/><E110/><V119/><F119/><W20/><G20/><T23/><D74/><U62/><E24/><V124/><F124/><W27/><G27/><T103/><D73/><U41/><E41/><V69/><F69/><W19/><G19/><T112/><D17/><U120/><E120/><V38/><F38/><W37/><G37/><T93/><D36/><U86/><E49/><V109/><F109/><W84/><G44/><T90/><D46/><U11/><E11/><V53/><F53/><N who="3" m="33999" /><G50/><T115/><D115/><U108/><E108/><V133/><F133/><W47/><G47/><T13/><D71/><U60/><REACH who="1" step="1"/><E64/><REACH who="1" ten="533,35,307,115" step="2"/><V56/><REACH who="2" step="1"/><F76/><REACH who="2" ten="533,35,297,115" step="2"/><W9/><G9/><T104/><D112/><U77/><E77/><V40/><F40/><W33/><G33/><T114/><D43/><U132/><E132/><V65/><F65/><W105/><G105/><T87/><D104/><U28/><E28/><V57/><F57/><AGARI ba="1,2" hai="32,34,48,52,57,60,62,63,78,80,86,89,95,98" machi="57" ten="40,5200,0" yaku="1,1,54,1,53,1" doraHai="15" doraHaiUra="45" who="1" fromWho="2" sc="533,0,35,75,297,-55,115,0" /><INIT seed="3,0,0,5,5,22" ten="533,110,242,115" oya="3" hai0="55,35,116,100,48,29,33,118,91,123,50,83,37" hai1="125,106,68,77,2,127,30,124,4,1,75,36,122" hai2="126,28,46,104,59,82,19,90,53,3,92,13,25" hai3="41,38,69,87,20,57,121,130,32,73,51,40,80"/><W107/><G32/><T49/><D37/><U88/><E106/><V115/><F3/><W15/><G69/><T120/><D100/><U96/><E68/><V79/><F46/><W16/><G73/><T45/><D35/><U42/><E122/><V65/><F65/><W128/><G107/><T132/><D132/><U0/><E30/><V27/><F28/><W66/><G121/><T114/><D91/><U109/><E109/><V108/><F108/><W71/><G71/><T56/><D83/><N who="1" m="45503" /><E96/><V94/><F94/><W11/><G38/><T12/><D12/><U47/><E88/><V10/><F126/><W18/><G128/><T131/><D29/><U61/><E61/><V72/><F115/><W81/><G130/><T39/><D33/><U7/><AGARI ba="0,0" hai="0,1,2,4,7,36,42,47,124,125,127" m="45503" machi="7" ten="40,1500,0" yaku="18,1" doraHai="22" who="1" fromWho="1" sc="533,-4,110,15,242,-4,115,-7" /><INIT seed="4,0,0,0,5,104" ten="529,125,238,108" oya="0" hai0="69,4,108,97,135,41,74,85,61,52,70,56,46" hai1="22,115,27,39,99,33,83,117,16,12,36,15,29" hai2="59,88,8,118,13,114,7,9,112,103,119,81,43" hai3="109,133,21,128,124,102,94,93,18,132,66,30,14"/><T82/><D135/><N who="3" m="51785" /><G109/><T76/><D108/><U63/><E117/><V51/><F103/><W121/><G66/><T49/><D97/><U24/><E115/><N who="2" m="44075" /><F9/><W84/><G121/><T110/><D110/><U116/><E116/><V54/><F43/><W79/><G102/><T68/><REACH who="0" step="1"/><D4/><REACH who="0" ten="519,125,238,108" step="2"/><U129/><E99/><V91/><F119/><W65/><G124/><T45/><D45/><U11/><E129/><V35/><F118/><W64/><G128/><T48/><D48/><U92/><E39/><V101/><F101/><W131/><G131/><T50/><D50/><U40/><E36/><V77/><F35/><W57/><G65/><T25/><D25/><U89/><E27/><V127/><F127/><W19/><G30/><T31/><D31/><U75/><E33/><V87/><AGARI ba="0,1" hai="7,8,13,51,54,59,77,81,87,88,91" m="44075" machi="87" ten="30,2000,0" yaku="15,1,54,1" doraHai="104" who="2" fromWho="2" sc="519,-10,125,-5,238,30,108,-5" /><INIT seed="5,0,0,3,3,102" ten="509,120,268,103" oya="1" hai0="45,41,4,123,133,105,84,20,70,38,61,65,73" hai1="12,51,69,26,129,8,125,2,67,17,124,103,121" hai2="78,53,86,27,116,56,31,122,118,13,21,108,35" hai3="0,52,101,36,74,54,25,126,71,15,104,90,37"/><U32/><E121/><V55/><F108/><W5/><G74/><T94/><D73/><U83/><E103/><V100/><F55/><W28/><G71/><T50/><D123/><U87/><E51/><V128/><F122/><W24/><G0/><T62/><D133/><U85/><E2/><V80/><F128/><W66/><G66/><T72/><D72/><U29/><E129/><V57/><F57/><W18/><G5/><T92/><D4/><U114/><E114/><V93/><F93/><W19/><G126/><N who="1" m="48746" /><E83/><V44/><F44/><W91/><G101/><T33/><D62/><AGARI ba="0,0" hai="8,12,17,26,29,32,62,67,69,85,87" m="48746" machi="62" ten="30,1500,0" yaku="18,1" doraHai="102" who="1" fromWho="0" sc="509,-15,120,15,268,0,103,0" /><INIT seed="5,1,0,0,1,42" ten="494,135,268,103" oya="1" hai0="79,89,65,90,72,10,106,128,43,40,109,129,112" hai1="52,97,34,82,76,32,62,85,2,81,55,123,83" hai2="95,44,133,11,33,119,121,15,17,46,50,14,75" hai3="49,39,126,96,117,36,29,51,5,102,26,41,103"/><U25/><E123/><V124/><F33/><W135/><G135/><T28/><D106/><U93/><E2/><V53/><F75/><W94/><G126/><T69/><D28/><U107/><E107/><V67/><F121/><W18/><G5/><T20/><D109/><U99/><E25/><V86/><F67/><W118/><G18/><T66/><D20/><U22/><E22/><N who="2" m="11575" /><F124/><W63/><G102/><T0/><D79/><U64/><E99/><V130/><F130/><W88/><G103/><T4/><D112/><U58/><E32/><V27/><F27/><W77/><G77/><T116/><D72/><U48/><E34/><V16/><F119/><N who="3" m="45579" /><G63/><T100/><D100/><N who="1" m="60463" /><E64/><N who="0" m="24681" /><D69/><U115/><E115/><V31/><F31/><W111/><G111/><T71/><D71/><U91/><E76/><V131/><F131/><N who="0" m="50250" /><D116/><U54/><E54/><V61/><F61/><W98/><G98/><T47/><D40/><U60/><E60/><V74/><F74/><W73/><G73/><T59/><D59/><AGARI ba="1,0" hai="48,52,55,58,59,62,81,82,83,85,91" m="60463" machi="59" ten="30,2900,0" yaku="8,1,54,1" doraHai="42" who="1" fromWho="0" sc="494,-32,135,32,268,0,103,0" /><INIT seed="5,2,0,3,3,2" ten="462,167,268,103" oya="1" hai0="18,46,9,115,51,131,58,72,100,114,85,124,135" hai1="10,105,47,43,4,89,86,40,62,57,61,26,32" hai2="118,132,1,75,94,49,50,73,69,99,83,48,21" hai3="52,0,5,66,102,84,107,24,134,97,56,60,104"/><U108/><E105/><V96/><F69/><W98/><G134/><T7/><D72/><U113/><E113/><V129/><F118/><W119/><G119/><T133/><D18/><U54/><E62/><V77/><F1/><W121/><G121/><T111/><D111/><U123/><E123/><V109/><F109/><W128/><G128/><T45/><D131/><U93/><E108/><V79/><F94/><W101/><G24/><T41/><D100/><U17/><E47/><V80/><F132/><N who="0" m="50762" /><D124/><U127/><E127/><V20/><F50/><W63/><G84/><T8/><D8/><U92/><E92/><V78/><F78/><W88/><G88/><T67/><D85/><U12/><REACH who="1" step="1"/><E17/><REACH who="1" ten="462,157,268,103" step="2"/><V117/><F117/><W81/><G81/><T95/><D46/><U122/><E122/><V55/><F129/><W6/><G0/><N who="0" m="231" /><D95/><U90/><E90/><V74/><F83/><W34/><G34/><T23/><D115/><U35/><E35/><V59/><F80/><W64/><G64/><T112/><D67/><U30/><AGARI ba="2,1" hai="4,10,12,26,30,32,40,43,54,57,61,86,89,93" machi="30" ten="30,11700,0" yaku="1,1,0,1,52,1,53,1" doraHai="2" doraHaiUra="22" who="1" fromWho="1" sc="462,-41,157,133,268,-41,103,-41" /><INIT seed="5,3,0,5,4,53" ten="421,290,227,62" oya="1" hai0="89,67,1,118,28,115,87,96,112,16,37,106,46" hai1="58,49,83,82,43,76,77,12,99,120,66,134,35" hai2="34,97,75,100,116,25,31,95,125,121,6,64,70" hai3="73,88,10,20,15,42,24,40,81,4,18,124,79"/><U84/><E35/><V39/><F39/><W68/><G68/><T57/><D1/><U45/><BYE who="3" /><E120/><UN n3="%69%63%65%6D%61%6E%32" /><V98/><F75/><W32/><G124/><T54/><D28/><U63/><E134/><V107/><F6/><W52/><G32/><T114/><D118/><U2/><E2/><V133/><F133/><W7/><G7/><T108/><D108/><U21/><E99/><V86/><F86/><N who="3" m="50255" /><G73/><T38/><D67/><U51/><E51/><V8/><F8/><W126/><G79/><T78/><D46/><U23/><REACH who="1" step="1"/><E12/><REACH who="1" ten="421,280,227,62" step="2"/><V131/><F121/><W135/><G135/><T122/><D122/><U119/><E119/><V29/><F98/><W128/><G126/><T91/><D38/><U72/><AGARI ba="3,1" hai="21,23,43,45,49,58,63,66,72,76,77,82,83,84" machi="72" ten="20,7800,0" yaku="1,1,0,1,7,1,52,1,53,0" doraHai="53" doraHaiUra="26" who="1" fromWho="1" sc="421,-29,280,97,227,-29,62,-29" /><INIT seed="5,4,0,3,4,2" ten="392,377,198,33" oya="1" hai0="75,37,122,68,111,23,115,72,31,28,8,93,121" hai1="14,119,59,71,112,47,97,15,64,62,116,3,132" hai2="89,50,125,104,44,13,77,130,5,117,126,32,55" hai3="90,102,103,123,129,39,17,67,4,70,108,101,81"/><U135/><E3/><V80/><F104/><W56/><G39/><T10/><D111/><U36/><E97/><V40/><F32/><W54/><G123/><N who="0" m="47115" /><D37/><U51/><E14/><V114/><F89/><W30/><G108/><T61/><D115/><U33/><E33/><V16/><F117/><N who="1" m="45129" /><E15/><V6/><F55/><W131/><G30/><N who="0" m="11307" /><D23/><U57/><E112/><V49/><F49/><W98/><G17/><T21/><D21/><U12/><E12/><V1/><F130/><N who="3" m="49675" /><G70/><T65/><D93/><U35/><E35/><V42/><F114/><W66/><G98/><T34/><D34/><U52/><E36/><V133/><F1/><W26/><G26/><T29/><N who="0" m="11315" /><T95/><DORA hai="79" /><D95/><U92/><E92/><V96/><F96/><W78/><G90/><T94/><D94/><U99/><E99/><V127/><F127/><W38/><G38/><T76/><D72/><U87/><E87/><V43/><F126/><W48/><G4/><T22/><D22/><U73/><E73/><AGARI ba="4,0" hai="48,54,56,66,67,73,78,81,101,102,103" m="49675" machi="73" ten="30,2000,0" yaku="19,1,52,1" doraHai="2,79" who="3" fromWho="1" sc="392,0,377,-32,198,0,33,32" /><INIT seed="6,0,0,0,2,105" ten="392,345,198,65" oya="2" hai0="123,94,23,98,2,81,73,121,19,50,10,107,100" hai1="34,47,87,58,89,102,20,101,84,130,111,14,21" hai2="6,103,7,51,42,39,80,132,67,24,95,37,129" hai3="120,32,49,16,96,110,63,65,122,26,41,131,3"/><V56/><F39/><W91/><G3/><T77/><D50/><U127/><E34/><V82/><F37/><W61/><G110/><T57/><D57/><U117/><E117/><V70/><F70/><W33/><G131/><T126/><D126/><U134/><E111/><V53/><F132/><W9/><G41/><T75/><D75/><U46/><E127/><V92/><F67/><W40/><G40/><T125/><D125/><U66/><E134/><V43/><F129/><W109/><G109/><T27/><D2/><U86/><E89/><V11/><F11/><W97/><G49/><T22/><D10/><U30/><E30/><V72/><F72/><W44/><G44/><N who="1" m="16938" /><E14/><V85/><F24/><W119/><G119/><T76/><D76/><U93/><E93/><N who="2" m="35915" /><F103/><N who="1" m="39433" /><E130/><V31/><F31/><W83/><G26/><T116/><D116/><U54/><E66/><V124/><F124/><W15/><G33/><T13/><REACH who="0" step="1"/><D107/><REACH who="0" ten="382,345,198,65" step="2"/><U64/><E64/><V36/><F36/><W0/><G0/><T1/><D1/><U25/><E87/><V108/><F108/><W133/><G133/><T18/><AGARI ba="0,1" hai="13,18,19,22,23,27,73,77,81,94,98,100,121,123" machi="18" ten="20,5200,0" yaku="1,1,0,1,7,1,52,1,53,0" doraHai="105" doraHaiUra="52" who="0" fromWho="0" sc="382,62,345,-13,198,-26,65,-13" /><INIT seed="7,0,0,5,3,134" ten="444,332,172,52" oya="3" hai0="43,59,4,98,108,21,99,32,67,56,45,100,50" hai1="61,113,2,120,41,78,44,39,73,92,13,16,68" hai2="38,33,55,75,25,87,15,63,86,131,57,106,6" hai3="126,14,97,64,91,117,123,26,122,65,30,132,105"/><W40/><G117/><T81/><D32/><U74/><E2/><V48/><F38/><W127/><G40/><T82/><D108/><U128/><E120/><V84/><F106/><W101/><G14/><T46/><D4/><U129/><E113/><V10/><F75/><W116/><G116/><T51/><D21/><N who="1" m="11407" /><E78/><V70/><F131/><N who="1" m="50249" /><E92/><V72/><F72/><W31/><G91/><T114/><D114/><U24/><E24/><V5/><F5/><W7/><G7/><T49/><D67/><AGARI ba="0,0" hai="39,41,44,61,67,68,73,74" m="50249,11407" machi="67" ten="30,2000,0" yaku="19,1,54,1" doraHai="134" who="1" fromWho="0" sc="444,-20,332,20,172,0,52,0" owari="424,53.0,352,15.0,172,-23.0,52,-45.0" /></mjloggm>