<mjloggm ver="2.3"><GO type="169" lobby="0"/><UN n0="%E3%83%AD%E3%83%83%E3%83%86%E9%9B%80%E7%90%83" n1="%E3%83%88%E3%83%88%E3%83%AA%E5%85%88%E7%94%9F%31%39%E6%AD%B3" n2="%E3%81%AD%E3%82%8A%E3%82%B4%E3%83%9E" n3="%E3%81%BE%E3%81%93%E3%81%95%E3%81%A8%76%65%72%32" dan="16,19,16,16" rate="2103.01,2264.04,2101.60,2173.59" sx="M,F,M,M"/><TAIKYOKU oya="0"/><INIT seed="0,0,0,4,3,132" ten="250,250,250,250" oya="0" hai0="29,36,77,105,89,30,13,26,3,114,67,63,133" hai1="72,8,7,130,79,109,97,49,84,74,115,82,87" hai2="22,71,100,104,5,38,0,76,50,35,21,129,98" hai3="6,65,19,94,47,128,107,121,92,64,4,15,90"/><T46/><D3/><U78/><E109/><V48/><F71/><W118/><G107/><T91/><D114/><U70/><E70/><V11/><F35/><W28/><G118/><T27/><D105/><U102/><E130/><V17/><F38/><W101/><G28/><N who="0" m="10859" /><D36/><U31/><E115/><V73/><F129/><W59/><G128/><T10/><D77/><U111/><E111/><V124/><F22/><W24/><G24/><N who="0" m="9259" /><D46/><U83/><E31/><V9/><F9/><W116/><G47/><T42/><D42/><U57/><E57/><V66/><F21/><W2/><G2/><T62/><D133/><U61/><E61/><N who="0" m="23049" /><D67/><U103/><E49/><V127/><F66/><W56/><G64/><T33/><D33/><U99/><E8/><V75/><F17/><AGARI ba="0,0" hai="10,13,17,89,91" m="23049,9259,10859" machi="17" ten="30,1500,0" yaku="8,1" doraHai="132" who="0" fromWho="2" sc="250,15,250,0,250,-15,250,0" /><INIT seed="0,1,0,3,0,16" ten="265,250,235,250" oya="0" hai0="76,35,43,91,12,100,92,1,64,103,82,0,126" hai1="45,87,123,68,80,89,48,85,117,27,32,9,99" hai2="20,30,133,132,102,58,4,116,78,21,6,86,28" hai3="97,22,110,83,59,51,11,105,125,50,113,101,31"/><T67/><D35/><U119/><E123/><V73/><F73/><W17/><G110/><T121/><D121/><U112/><E68/><V37/><F37/><W61/><G125/><T52/><D43/><U56/><E112/><V106/><F116/><W84/><G113/><T34/><D34/><U60/><E9/><V39/><F39/><W62/><G31/><N who="2" m="11817" /><F58/><W24/><G11/><T47/><D126/><U107/><E27/><V109/><F109/><W75/><G75/><T19/><D0/><U29/><E29/><V104/><F102/><N who="0" m="38954" /><D82/><U94/><E107/><N who="2" m="41003" /><F86/><W49/><REACH who="3" step="1"/><G59/><REACH who="3" ten="265,250,235,240" step="2"/><T134/><D134/><N who="2" m="51818" /><F78/><AGARI ba="1,1" hai="17,22,24,49,50,51,61,62,78,83,84,97,101,105" machi="78" ten="40,2600,0" yaku="1,1,52,1,53,0" doraHai="16" doraHaiUra="131" who="3" fromWho="2" sc="265,0,250,0,235,-29,240,39" /><INIT seed="1,0,0,1,1,95" ten="265,250,206,279" oya="1" hai0="99,91,85,120,74,108,14,125,42,97,88,62,49" hai1="75,55,115,127,105,43,21,65,8,87,77,124,20" hai2="59,40,80,118,16,112,47,27,29,5,30,48,6" hai3="56,76,129,58,66,70,19,37,31,33,123,28,13"/><U41/><E115/><V121/><F121/><W79/><G37/><T23/><D74/><U34/><E34/><V64/><F118/><W60/><G129/><T45/><D108/><U24/><E105/><V22/><F112/><W2/><G2/><T110/><D110/><U113/><E113/><V15/><F80/><W134/><G134/><T119/><D119/><U82/><E65/><V117/><F117/><W35/><G35/><T63/><D125/><N who="1" m="48203" /><E55/><V128/><F128/><W67/><G123/><T10/><D23/><N who="1" m="8779" /><E24/><V0/><F0/><W133/><G133/><T18/><D120/><U102/><E102/><V130/><F130/><W44/><G44/><T116/><D116/><U93/><E8/><N who="2" m="6247" /><F29/><W81/><G70/><T131/><D131/><U32/><E32/><V4/><F64/><W1/><G1/><T72/><D72/><U51/><E51/><V126/><F126/><W3/><G3/><T122/><D122/><U7/><E7/><V25/><F25/><W69/><G33/><T78/><D63/><U100/><E75/><V83/><F59/><W36/><G36/><T38/><D62/><U11/><E11/><V104/><F104/><W54/><G66/><T46/><D46/><U101/><E101/><V132/><F132/><W9/><G69/><T50/><D50/><U94/><E100/><V106/><F106/><W98/><G67/><T52/><D38/><U135/><E135/><V111/><F111/><W73/><G73/><T90/><D42/><AGARI ba="0,0" hai="41,42,43,77,82,87,93,94" m="8779,48203" machi="42" ten="30,1500,0" yaku="18,1" doraHai="95" who="1" fromWho="0" sc="265,-15,250,15,206,0,279,0" /><INIT seed="1,1,0,4,2,132" ten="250,265,206,279" oya="1" hai0="131,8,39,11,108,133,64,43,35,104,50,23,30" hai1="29,65,120,127,33,74,85,70,36,62,82,19,89" hai2="78,119,115,69,5,99,88,72,40,63,49,34,58" hai3="112,68,77,67,20,128,107,12,1,81,3,2,4"/><U98/><E120/><V87/><F119/><W31/><G107/><T135/><D104/><U94/><E36/><V48/><F34/><W45/><G112/><T17/><D39/><U91/><E74/><V134/><F69/><W103/><G103/><T75/><D75/><U113/><E113/><V66/><F115/><W125/><G67/><T106/><D106/><U25/><REACH who="1" step="1"/><E19/><REACH who="1" ten="250,255,206,279" step="2"/><V21/><F134/><W47/><G128/><T57/><D135/><U126/><AGARI ba="1,1" hai="25,29,33,62,65,70,82,85,89,91,94,98,126,127" machi="126" ten="30,18000,2" yaku="1,1,2,1,0,1,52,2,53,1" doraHai="132" doraHaiUra="79" who="1" fromWho="1" sc="250,-61,255,193,206,-61,279,-61" /><INIT seed="1,2,0,4,0,104" ten="189,448,145,218" oya="1" hai0="76,89,9,25,0,34,83,121,52,79,47,61,128" hai1="4,11,37,94,22,135,105,10,97,29,108,134,39" hai2="55,117,7,129,102,106,114,15,92,56,125,107,46" hai3="103,43,122,119,93,130,30,73,27,99,42,112,63"/><U36/><E105/><V59/><F117/><W28/><G122/><T44/><D121/><U54/><E108/><V87/><F129/><W115/><G130/><T38/><D128/><U88/><E54/><V131/><F131/><W70/><G119/><T124/><D124/><U72/><E72/><V3/><F3/><W77/><G43/><T51/><D61/><U80/><E80/><V90/><F125/><W64/><G42/><T14/><D0/><U126/><E126/><V65/><F114/><W16/><G30/><T31/><D44/><U6/><E29/><V24/><F106/><W111/><G111/><T67/><D67/><U109/><E22/><V53/><F65/><W13/><G77/><T35/><D35/><U60/><E60/><V81/><F24/><W127/><G73/><T12/><D38/><U40/><E40/><V84/><F46/><W20/><REACH who="3" step="1"/><G127/><REACH who="3" ten="189,448,145,208" step="2"/><T32/><D32/><AGARI ba="2,1" hai="13,16,20,27,28,32,63,64,70,93,99,103,112,115" machi="32" ten="30,8000,1" yaku="1,1,2,1,7,1,54,1,53,1" doraHai="104" doraHaiUra="98" who="3" fromWho="0" sc="189,-86,448,0,145,0,208,96" /><INIT seed="2,0,0,2,1,47" ten="103,448,145,304" oya="2" hai0="13,60,74,38,119,5,82,67,22,103,118,133,64" hai1="84,86,1,88,76,115,93,63,91,90,24,44,33" hai2="26,41,112,4,92,39,54,81,21,98,29,28,9" hai3="105,125,75,70,134,14,66,58,116,94,126,53,2"/><V108/><F112/><W127/><G105/><T17/><D133/><U37/><E115/><V56/><F108/><W55/><G2/><T48/><D38/><U50/><E1/><V62/><F81/><W89/><G75/><T106/><D5/><U19/><E37/><V32/><F39/><W69/><G116/><N who="0" m="44587" /><D48/><U96/><E63/><V101/><F41/><W79/><G79/><N who="0" m="44407" /><D60/><U31/><E19/><V59/><F59/><W8/><G66/><T45/><D45/><U113/><E113/><V121/><F121/><W85/><G134/><T11/><D11/><U3/><E3/><V43/><F43/><W51/><REACH who="3" step="1"/><G55/><REACH who="3" ten="103,448,145,294" step="2"/><T102/><D106/><U20/><E76/><V57/><F57/><W100/><G100/><AGARI ba="0,1" hai="13,17,22,64,67,100,102,103" m="44407,44587" machi="100" ten="30,1000,0" yaku="12,1" doraHai="47" who="0" fromWho="3" sc="103,20,448,0,145,0,294,-10" /><INIT seed="3,0,0,4,2,45" ten="123,448,145,284" oya="3" hai0="58,21,51,63,39,50,57,64,79,77,104,9,128" hai1="92,98,62,24,97,93,71,29,126,35,76,10,6" hai2="32,28,7,114,122,55,133,44,8,0,60,61,87" hai3="124,4,66,82,108,41,47,111,48,119,72,69,11"/><W89/><G119/><T26/><D128/><U2/><E126/><V129/><F114/><W13/><G124/><T127/><D127/><U88/><E76/><N who="0" m="29257" /><D39/><U31/><E31/><V43/><F129/><W105/><G105/><T37/><D37/><U80/><E80/><V52/><F133/><W113/><G113/><T120/><D104/><U53/><E71/><V70/><F122/><W109/><G72/><T103/><D120/><U90/><E53/><V101/><F101/><W46/><G66/><T20/><D103/><U49/><E49/><N who="0" m="18441" /><D9/><U1/><E62/><V83/><F70/><W115/><G115/><T85/><D58/><U17/><E17/><V130/><F130/><W22/><G69/><T38/><D38/><U12/><AGARI ba="0,0" hai="1,2,6,10,12,24,29,35,88,90,92,93,97,98" machi="12" ten="20,5200,0" yaku="0,1,7,1,9,1,54,1" doraHai="45" who="1" fromWho="1" sc="123,-13,448,52,145,-13,284,-26" /><INIT seed="4,0,0,0,1,115" ten="110,500,132,258" oya="0" hai0="122,86,64,46,93,107,66,29,104,123,132,101,65" hai1="92,117,133,112,18,34,102,43,62,91,94,77,42" hai2="59,89,27,135,57,79,90,76,67,113,83,8,39" hai3="17,131,105,100,130,1,48,61,121,20,11,41,70"/><T99/><D132/><U3/><E117/><V69/><F39/><W40/><G121/><T5/><D5/><U23/><E34/><V78/><F135/><W68/><G11/><T15/><D15/><U56/><E3/><V85/><F113/><W111/><G1/><T71/><D71/><U116/><E116/><V81/><F27/><W95/><G105/><T12/><D12/><N who="1" m="9671" /><E77/><V87/><F8/><W9/><G9/><T54/><D29/><U97/><E112/><V28/><F28/><W58/><G111/><T25/><D25/><U26/><E26/><V22/><F22/><W16/><G17/><T52/><D107/><U109/><E109/><V96/><F96/><N who="3" m="59423" /><G48/><T33/><D33/><U14/><E14/><V2/><F2/><W124/><G124/><T73/><D73/><U10/><E10/><V4/><F4/><W30/><G30/><T60/><D60/><AGARI ba="0,0" hai="57,59,60,67,69,76,78,79,81,83,85,87,89,90" machi="60" ten="40,1300,0" yaku="9,1" doraHai="115" who="2" fromWho="0" sc="110,-13,500,0,132,13,258,0" /><INIT seed="5,0,0,0,0,116" ten="97,500,145,258" oya="1" hai0="125,70,111,115,113,132,19,117,129,49,126,45,2" hai1="63,123,104,65,0,91,81,59,1,131,109,40,22" hai2="76,50,20,100,102,54,66,84,14,7,55,62,103" hai3="34,134,98,122,6,8,11,60,105,29,83,71,130"/><U99/><E123/><V58/><F76/><W24/><G130/><T86/><D2/><U75/><E131/><V90/><F7/><W57/><G134/><T12/><D129/><U73/><E109/><V69/><F54/><W10/><G83/><T32/><D32/><U5/><E40/><V118/><F118/><W77/><G77/><T135/><D117/><U106/><E22/><V26/><F14/><W18/><G18/><T72/><D72/><U74/><E5/><V4/><F4/><W56/><G56/><T53/><D86/><U92/><REACH who="1" step="1"/><E81/><REACH who="1" ten="97,490,145,258" step="2"/><V128/><F128/><W46/><G122/><T23/><D111/><U25/><E25/><V16/><F103/><W82/><G82/><AGARI ba="0,1" hai="16,20,26,50,55,58,62,66,69,82,84,90,100,102" machi="82" ten="30,2000,0" yaku="7,1,54,1" doraHai="116" who="2" fromWho="3" sc="97,0,490,0,145,30,258,-20" /><INIT seed="6,0,0,2,3,111" ten="97,490,175,238" oya="2" hai0="78,126,16,7,41,80,135,100,76,104,3,130,66" hai1="97,107,49,95,70,69,98,90,123,67,33,54,63" hai2="18,99,116,121,68,119,94,4,118,82,8,120,35" hai3="26,45,129,17,38,71,46,37,73,132,117,48,20"/><V127/><F68/><W0/><G73/><T125/><D66/><U39/><E33/><V30/><F82/><W11/><G71/><T112/><D41/><U62/><E39/><V110/><F127/><N who="0" m="48650" /><D7/><U5/><E123/><V65/><F65/><W51/><G117/><T28/><D28/><U2/><E70/><V21/><F110/><W79/><G79/><N who="0" m="30251" /><D3/><U75/><E75/><V106/><F106/><W61/><G61/><T27/><D80/><U96/><E63/><V42/><F42/><W108/><G38/><T53/><D53/><U93/><E107/><V86/><F30/><W50/><G37/><T103/><D135/><U114/><E95/><V89/><F35/><W13/><G0/><T72/><D72/><U36/><E36/><V59/><F59/><W101/><G132/><T77/><N who="0" m="30259" /><T25/><DORA hai="32" /><D130/><U128/><E128/><V88/><F4/><W102/><G129/><T134/><D134/><U23/><E5/><V58/><F58/><W83/><G83/><T92/><D92/><U109/><E93/><V87/><F8/><W22/><G108/><T115/><D16/><U64/><E109/><V15/><F120/><W55/><G20/><T133/><D133/><U60/><E23/><V40/><F121/><W122/><G122/><T29/><D104/><U34/><E69/><V85/><REACH who="2" step="1"/><F40/><REACH who="2" ten="97,490,165,238" step="2"/><W47/><G55/><T6/><D6/><AGARI ba="0,1" hai="6,11,13,17,22,26,45,46,47,48,50,51,101,102" machi="6" ten="40,1300,0" yaku="8,1" doraHai="111,32" who="3" fromWho="0" sc="97,-13,490,0,165,0,238,23" /><INIT seed="7,0,0,2,2,121" ten="84,490,165,261" oya="3" hai0="39,74,11,101,124,30,125,73,21,41,22,44,114" hai1="133,7,61,4,62,110,12,109,17,64,76,3,20" hai2="47,91,37,65,89,51,105,5,67,102,54,92,128" hai3="119,131,104,87,19,79,28,115,134,42,70,69,23"/><W135/><G104/><T56/><D101/><U84/><E3/><V106/><F37/><W68/><G28/><T16/><D114/><U85/><E133/><V46/><F106/><W29/><G29/><T9/><D30/><U99/><E99/><N who="2" m="59751" /><F105/><W98/><G98/><T71/><D71/><U95/><E20/><V93/><F128/><W123/><G123/><T58/><D44/><N who="2" m="16938" /><F5/><W48/><G115/><T25/><D25/><U6/><E12/><V59/><F89/><W80/><G42/><T40/><REACH who="0" step="1"/><D39/><REACH who="0" ten="74,490,165,261" step="2"/><U129/><E62/><V18/><F18/><AGARI ba="0,1" hai="9,11,16,18,21,22,40,41,56,58,73,74,124,125" machi="18" ten="25,8000,1" yaku="1,1,2,1,22,2,54,1,53,0" doraHai="121" doraHaiUra="118" who="0" fromWho="2" sc="74,90,490,0,165,-80,261,0" owari="164,-24.0,490,59.0,85,-41.0,261,6.0" /></mjloggm>