<mjloggm ver="2.3"><GO type="169" lobby="0"/><UN n0="%E2%80%A0%73%74%72%61%77%E2%80%A0" n1="%E5%B0%B1%E6%B4%BB%E7%94%9F%40%E5%B7%9D%E6%9D%91%E8%BB%8D%E5%9B%A3" n2="%E7%A0%B2%E3%81%AE%E4%B8%8A%E3%81%AE%E3%81%82%E3%81%AE%E5%A8%98" n3="%3E%5F%30%40%E6%9D%8F%E6%9D%8F%E8%BB%8D%E5%9C%98" dan="16,17,16,18" rate="2167.86,2256.90,2130.18,2188.03" sx="M,M,F,F"/><TAIKYOKU oya="0"/><INIT seed="0,0,0,0,2,90" ten="250,250,250,250" oya="0" hai0="98,132,117,20,1,77,32,122,106,14,87,125,15" hai1="33,121,105,38,57,81,129,28,78,114,46,84,134" hai2="131,10,104,101,91,110,53,130,60,26,9,52,47" hai3="67,61,118,35,108,65,97,92,86,37,128,82,55"/><T42/><D42/><BYE who="0" /><UN n0="%E2%80%A0%73%74%72%61%77%E2%80%A0" /><U76/><E121/><V24/><F110/><W6/><G118/><T123/><D117/><U95/><E105/><V13/><F101/><W135/><G37/><T63/><D1/><U39/><E129/><N who="2" m="49163" /><F104/><W45/><G35/><T109/><D32/><U70/><E70/><V126/><F126/><W8/><G108/><T54/><D109/><U89/><E134/><V3/><F3/><W56/><G45/><T25/><D125/><U103/><E103/><V85/><F47/><W107/><G107/><T44/><D132/><U34/><E78/><V36/><F36/><W49/><G49/><N who="0" m="28967" /><D106/><U48/><E57/><N who="2" m="34855" /><F53/><W43/><G43/><T93/><D63/><U62/><E62/><V116/><F116/><W51/><G61/><T111/><D111/><U4/><E38/><V40/><F40/><W127/><G127/><T11/><D123/><U68/><E39/><V88/><F91/><N who="3" m="55455" /><G135/><T66/><D122/><U31/><E34/><V22/><F22/><W73/><G128/><T79/><D66/><U7/><E33/><V29/><F29/><N who="1" m="11337" /><E68/><V72/><F72/><W119/><G73/><T112/><D20/><U133/><E133/><V69/><F69/><W102/><G102/><T115/><D79/><U0/><E0/><V12/><F12/><N who="3" m="5143" /><G119/><T2/><D2/><U18/><E76/><AGARI ba="0,0" hai="51,55,56,65,67,76,82,86" m="5143,55455" machi="76" ten="30,2000,0" yaku="8,1,52,1" doraHai="90" who="3" fromWho="1" sc="250,0,250,-20,250,0,250,20" /><INIT seed="1,0,0,2,3,125" ten="250,230,250,270" oya="1" hai0="101,128,38,18,122,31,54,42,99,61,87,6,26" hai1="14,92,95,47,37,132,1,62,24,43,2,89,76" hai2="106,86,91,130,13,51,44,81,63,66,60,131,34" hai3="0,53,110,32,77,68,78,112,117,70,82,28,57"/><U133/><E76/><V127/><F127/><W75/><G112/><T116/><D116/><U36/><E36/><V74/><F106/><W124/><G124/><T71/><D122/><U67/><E24/><V49/><F34/><W104/><G78/><T115/><D115/><U64/><E14/><V23/><F74/><W52/><G110/><T135/><D6/><U129/><E129/><N who="2" m="49163" /><F44/><W105/><G104/><T103/><D18/><U79/><E79/><V33/><F33/><W40/><G105/><T126/><D87/><U118/><E118/><V72/><F72/><W4/><G32/><T94/><D71/><U90/><E92/><V22/><F60/><W48/><G75/><T96/><D94/><U59/><E67/><V85/><F85/><W69/><G117/><T46/><D61/><U35/><E35/><V111/><F111/><W98/><G98/><T11/><D99/><N who="1" m="57839" /><E90/><V58/><F13/><W107/><G107/><T134/><D96/><U41/><E41/><V121/><F121/><W56/><G40/><T29/><D42/><U80/><E80/><V39/><F39/><W15/><G82/><T55/><D38/><U16/><E2/><V100/><F100/><W120/><G0/><T3/><D103/><U19/><E1/><V9/><F9/><N who="3" m="4519" /><G120/><T119/><D126/><U109/><E109/><V50/><AGARI ba="0,0" hai="22,23,49,50,51,58,63,66,81,86,91" m="49163" machi="50" ten="30,7900,0" yaku="19,1,52,3" doraHai="125" who="2" fromWho="2" sc="250,-20,230,-39,250,79,270,-20" /><INIT seed="2,0,0,1,3,22" ten="230,191,329,250" oya="2" hai0="88,134,56,120,54,21,57,43,101,26,109,11,126" hai1="29,64,122,28,30,98,132,100,87,42,55,107,1" hai2="46,51,35,127,118,27,89,95,62,50,117,8,123" hai3="34,10,110,125,48,23,53,92,66,82,61,106,133"/><V80/><F123/><W19/><G34/><T5/><D120/><U0/><E132/><V33/><F127/><W81/><G106/><T4/><D109/><U16/><E122/><V72/><F8/><W74/><G110/><T108/><D108/><U77/><E64/><V71/><F50/><W75/><G10/><T2/><D126/><U114/><E42/><V47/><F47/><W84/><G92/><T103/><D134/><U115/><E55/><V86/><F72/><W31/><G31/><T65/><D4/><U39/><E39/><V9/><F9/><W73/><G84/><T111/><D43/><U67/><E67/><V83/><F35/><W20/><G20/><T60/><D88/><U96/><E96/><V113/><F113/><W91/><G91/><T94/><D94/><U116/><E116/><V79/><F62/><W105/><G105/><T17/><REACH who="0" step="1"/><D111/><REACH who="0" ten="220,191,329,250" step="2"/><U32/><E114/><V45/><F89/><W131/><G125/><T68/><D68/><U25/><E115/><V128/><F95/><W78/><G133/><T97/><D97/><U121/><E121/><V99/><F118/><W129/><G78/><T49/><AGARI ba="0,1" hai="2,5,11,17,21,26,49,54,56,57,60,65,101,103" machi="49" ten="20,5200,0" yaku="1,1,0,1,7,1,52,1,53,0" doraHai="22" doraHaiUra="76" who="0" fromWho="0" sc="220,62,191,-13,329,-26,250,-13" /><INIT seed="3,0,0,5,2,50" ten="282,178,303,237" oya="3" hai0="100,77,66,72,131,125,87,78,51,70,41,135,15" hai1="19,103,4,79,13,61,22,43,9,122,63,75,26" hai2="80,36,127,84,52,45,94,111,33,108,95,56,128" hai3="91,40,126,1,132,107,134,14,27,6,29,65,83"/><W124/><G107/><T37/><D125/><N who="3" m="48233" /><G40/><T113/><D72/><U20/><E122/><V60/><F128/><W47/><G47/><T116/><D100/><U53/><E43/><N who="2" m="22759" /><F33/><N who="3" m="20671" /><G65/><T58/><D66/><U105/><E103/><V57/><F57/><W121/><G121/><T69/><D58/><U74/><E105/><V109/><F127/><W46/><G46/><T62/><D69/><U25/><E79/><AGARI ba="0,0" hai="52,56,60,79,80,84,94,95,108,109,111" m="22759" machi="79" ten="30,3900,0" yaku="14,1,52,1,54,1" doraHai="50" who="2" fromWho="1" sc="282,0,178,-39,303,39,237,0" /><INIT seed="4,0,0,4,1,59" ten="282,139,342,237" oya="0" hai0="30,5,79,89,29,56,52,126,80,68,7,112,72" hai1="134,129,11,65,51,16,15,57,121,110,120,102,0" hai2="75,9,76,19,36,98,20,6,115,118,24,78,60" hai3="96,18,4,23,32,124,2,97,92,13,108,58,84"/><T117/><D117/><U99/><E110/><V85/><F115/><W122/><G108/><T37/><D68/><U61/><E129/><V88/><F36/><W62/><G124/><T130/><D37/><U48/><E134/><V55/><F118/><W42/><G42/><T82/><D112/><U106/><REACH who="1" step="1"/><E0/><REACH who="1" ten="282,129,342,237" step="2"/><V31/><F75/><W105/><G2/><T116/><D130/><U87/><E87/><V81/><F98/><W63/><G84/><N who="0" m="50327" /><D116/><U22/><E22/><V34/><F34/><W14/><G96/><T10/><D72/><U33/><E33/><V95/><F20/><W91/><G32/><T127/><D126/><U28/><E28/><V86/><F31/><W131/><G131/><T35/><D127/><U3/><E3/><V47/><F85/><W114/><G114/><T69/><D35/><U39/><E39/><V70/><F86/><W64/><G122/><AGARI ba="0,1" hai="11,15,16,48,51,57,61,65,99,102,106,120,121,122" machi="122" ten="40,5200,0" yaku="1,1,52,1,54,1,53,0" doraHai="59" doraHaiUra="74" who="1" fromWho="3" sc="282,0,129,62,342,0,237,-52" /><INIT seed="5,0,0,4,1,127" ten="282,191,342,185" oya="1" hai0="53,76,39,43,126,29,3,40,65,60,123,79,42" hai1="104,21,92,110,2,113,55,74,91,78,132,26,64" hai2="1,12,133,97,98,93,118,18,47,62,130,14,31" hai3="71,70,107,112,82,128,80,66,135,69,121,106,131"/><U9/><E104/><N who="3" m="39978" /><G66/><T16/><D3/><U35/><E35/><V134/><F118/><W13/><G121/><T41/><D126/><U37/><E113/><V27/><F1/><W20/><G112/><T32/><D123/><U105/><E105/><V51/><F62/><W28/><G135/><T90/><D29/><U54/><E37/><V50/><F31/><W111/><G111/><T125/><D32/><U17/><E132/><V89/><F18/><W103/><G103/><T120/><D125/><U83/><E64/><V101/><F27/><W99/><G99/><T15/><D120/><U122/><E122/><V84/><F47/><W23/><G13/><T86/><D39/><U108/><E9/><V100/><F93/><W38/><G38/><T95/><D53/><U4/><E4/><V6/><F89/><W85/><G85/><T34/><D34/><U117/><E2/><V58/><F58/><W36/><G36/><T30/><D30/><U75/><E75/><V115/><F115/><W114/><G114/><T77/><N who="0" m="10240" /><DORA hai="45" /><T48/><D48/><U72/><E72/><V0/><F0/><W46/><G46/><T73/><D73/><U81/><E81/><N who="3" m="31338" /><G28/><T22/><REACH who="0" step="1"/><D77/><REACH who="0" ten="272,191,342,185" step="2"/><U8/><E55/><V94/><F50/><W24/><G24/><T25/><D25/><U61/><E117/><V67/><F51/><W116/><G116/><T88/><D88/><U124/><E124/><V49/><F134/><W56/><G56/><AGARI ba="0,1" hai="15,16,22,56,60,65,76,79,86,90,95" m="10240" machi="56" ten="50,8000,1" yaku="1,1,8,1,54,1,53,1" doraHai="127,45" doraHaiUra="10,7" who="0" fromWho="3" sc="272,90,191,0,342,0,185,-80" /><INIT seed="6,0,0,0,0,25" ten="362,191,342,105" oya="2" hai0="67,38,27,75,17,98,30,35,9,53,14,89,50" hai1="103,52,61,64,85,90,77,107,42,78,16,96,62" hai2="23,108,24,43,102,68,81,36,92,19,131,134,88" hai3="4,31,63,41,6,99,18,20,127,80,105,116,84"/><V5/><F68/><W22/><G116/><T28/><D75/><U122/><E42/><V73/><F134/><W119/><G119/><T12/><D38/><U32/><E32/><V40/><F131/><W86/><G127/><T135/><D135/><U34/><E34/><V115/><F115/><W45/><G84/><T104/><D67/><U21/><E122/><V58/><F108/><W133/><G133/><T69/><D69/><U118/><E62/><V111/><F111/><W121/><G121/><T51/><D104/><U94/><E118/><V10/><F36/><W126/><G126/><T106/><D106/><U93/><E107/><V114/><F114/><W72/><G72/><T39/><D39/><U44/><E44/><V60/><F102/><W101/><G63/><T1/><D1/><U130/><E130/><V15/><F81/><W132/><G132/><T113/><D35/><U70/><E52/><N who="2" m="33863" /><F73/><W2/><G2/><T83/><D113/><U74/><E74/><V0/><F0/><W129/><G129/><T95/><D83/><U117/><E117/><V48/><F48/><N who="0" m="18474" /><D53/><U29/><E77/><V125/><F125/><W59/><G41/><T91/><D91/><U8/><E78/><V109/><F109/><W33/><G33/><T82/><D82/><U120/><E120/><V112/><F112/><W66/><G80/><T26/><D14/><U128/><E128/><V56/><F56/><W123/><G59/><T124/><D124/><U55/><E70/><V71/><F71/><W11/><G123/><T37/><D37/><U76/><E76/><V54/><F54/><RYUUKYOKU ba="0,0" sc="362,15,191,-15,342,15,105,-15" hai0="9,12,17,26,27,28,30,89,95,98" hai2="5,10,15,19,23,24,40,43,88,92" /><INIT seed="6,1,0,0,1,107" ten="377,176,357,90" oya="2" hai0="79,110,46,42,77,126,59,84,57,103,49,43,50" hai1="114,64,28,91,121,106,39,14,63,104,4,22,71" hai2="60,116,87,1,108,99,78,35,96,124,21,3,70" hai3="6,53,66,41,61,51,122,67,75,92,93,120,85"/><V94/><F116/><W80/><G6/><T109/><D126/><U102/><E39/><V32/><F124/><W134/><G134/><T0/><D0/><U95/><E114/><V123/><F123/><W16/><G41/><T13/><D103/><U82/><E121/><V101/><F108/><W112/><G112/><T56/><D13/><U23/><E102/><V118/><F118/><W129/><G129/><T37/><D84/><U29/><E82/><V12/><F35/><W58/><G67/><T119/><D119/><U19/><E4/><V83/><F32/><W89/><G93/><T68/><D68/><U128/><E128/><V117/><F117/><W86/><G16/><T31/><D31/><U27/><E29/><V15/><F96/><AGARI ba="1,0" hai="14,19,22,23,27,28,63,64,71,91,95,96,104,106" machi="96" ten="30,1000,0" yaku="7,1" doraHai="107" who="1" fromWho="2" sc="377,0,176,13,357,-13,90,0" /><INIT seed="7,0,0,2,1,10" ten="377,189,344,90" oya="3" hai0="66,61,115,104,51,54,84,55,79,94,135,34,14" hai1="41,44,89,7,32,127,19,107,116,121,125,72,48" hai2="76,95,37,65,106,29,11,2,3,13,42,91,36" hai3="57,78,122,39,22,24,38,45,101,27,28,4,111"/><W80/><G122/><T82/><D104/><U0/><E32/><V1/><F106/><W85/><G111/><T88/><D34/><U120/><E107/><V5/><F29/><W123/><G123/><T21/><D115/><U62/><E72/><V49/><F65/><W16/><G101/><T87/><D135/><U105/><E105/><V68/><F68/><W119/><G119/><T58/><D51/><U102/><E102/><V59/><F76/><W26/><G4/><T9/><D21/><U69/><E89/><V35/><F35/><W15/><G57/><T70/><D70/><U30/><E30/><V77/><F77/><W75/><G75/><T99/><D99/><U43/><E19/><AGARI ba="0,0" hai="9,14,19,54,55,58,61,66,79,82,84,87,88,94" machi="19" ten="30,7700,0" yaku="7,1,8,1,52,1,54,1" doraHai="10" who="0" fromWho="1" sc="377,77,189,-77,344,0,90,0" owari="454,56.0,112,-29.0,344,14.0,90,-41.0" /></mjloggm>