<mjloggm ver="2.3"><GO type="169" lobby="0"/><UN n0="%6E%61%6B%61%6A%75%75%6E" n1="%E3%82%B7%E3%83%A3%E3%83%BC%E3%83%AA%E3%83%97%E3%83%88%E3%83%A9" n2="%E3%81%BF%E3%82%85%E3%83%BC%E3%82%8B" n3="%E3%82%A6%E3%83%AB%E3%83%88%E3%83%A9%E7%AB%8B%E7%9B%B4" dan="17,16,16,18" rate="2147.86,2122.48,2103.73,2169.56" sx="M,M,M,M"/><TAIKYOKU oya="0"/><INIT seed="0,0,0,2,5,50" ten="250,250,250,250" oya="0" hai0="103,30,4,48,10,66,91,65,31,23,25,74,44" hai1="9,41,130,16,114,117,67,22,97,125,86,39,61" hai2="45,17,58,24,33,35,133,29,110,68,134,135,100" hai3="76,104,18,81,59,122,6,94,132,123,20,43,38"/><T7/><D74/><U70/><E117/><V12/><F68/><W112/><G104/><T109/><D109/><U88/><E130/><V54/><F100/><W118/><G112/><T108/><D108/><U46/><E125/><V80/><F110/><W2/><G118/><T72/><D72/><U121/><E114/><V106/><F106/><W85/><G132/><T126/><D126/><U92/><E121/><V77/><F45/><W32/><G32/><T51/><D103/><U87/><REACH who="1" step="1"/><E9/><REACH who="1" ten="250,240,250,250" step="2"/><V55/><F35/><W69/><G123/><T34/><D34/><U107/><E107/><V120/><F120/><W60/><G122/><T19/><D10/><U11/><E11/><N who="2" m="6303" /><F58/><W64/><G59/><T75/><D75/><AGARI ba="0,1" hai="24,29,33,54,55,75,77,80,133,134,135" m="6303" machi="75" ten="30,3900,0" yaku="20,1,52,2" doraHai="50" who="2" fromWho="0" sc="250,-39,240,0,250,49,250,0" /><INIT seed="1,0,0,5,0,121" ten="211,240,299,250" oya="1" hai0="99,80,51,27,87,94,54,56,9,92,50,124,53" hai1="104,13,52,85,10,63,68,43,91,74,132,110,4" hai2="96,38,61,98,88,108,24,33,117,36,75,77,58" hai3="30,126,73,39,105,21,41,40,11,22,106,15,90"/><U134/><E74/><V42/><F117/><W118/><G73/><T114/><D114/><U71/><E104/><V130/><F130/><W3/><G118/><T48/><D124/><U49/><E43/><V125/><F125/><W55/><G126/><T129/><D129/><U81/><E110/><V83/><F108/><W102/><G55/><T122/><D122/><U1/><E1/><V62/><F62/><W76/><G15/><T89/><D92/><U16/><E4/><V8/><F8/><W127/><G90/><T0/><D0/><U64/><REACH who="1" step="1"/><E71/><REACH who="1" ten="211,230,299,250" step="2"/><V35/><F42/><W78/><G3/><T60/><D9/><U47/><AGARI ba="0,1" hai="10,13,16,47,49,52,63,64,68,81,85,91,132,134" machi="47" ten="30,18000,2" yaku="1,1,2,1,0,1,25,2,54,2,53,0" doraHai="121" doraHaiUra="116" who="1" fromWho="1" sc="211,-60,230,190,299,-60,250,-60" /><INIT seed="1,1,0,2,4,80" ten="151,420,239,190" oya="1" hai0="104,3,43,84,118,93,64,16,48,33,97,103,58" hai1="69,10,115,13,31,114,62,37,126,53,71,7,11" hai2="29,87,22,15,68,132,23,81,0,73,82,42,102" hai3="38,66,95,25,44,101,21,100,107,125,47,20,2"/><U129/><E37/><V45/><F68/><W36/><G2/><T130/><D118/><U34/><E129/><V57/><F0/><W74/><G95/><T78/><D33/><U70/><E126/><V72/><F102/><W96/><G66/><T133/><D3/><U83/><E31/><V49/><F132/><W85/><G25/><T46/><D130/><U98/><E34/><V39/><F81/><W108/><G96/><T41/><D133/><U30/><E30/><V19/><F23/><W112/><G107/><T116/><D116/><U109/><E98/><V122/><F29/><W14/><G14/><T88/><D78/><U86/><E11/><V40/><F122/><W59/><G59/><T50/><D16/><U89/><REACH who="1" step="1"/><E109/><REACH who="1" ten="151,410,239,190" step="2"/><V32/><F32/><W128/><G108/><T67/><REACH who="0" step="1"/><D58/><AGARI ba="1,1" hai="7,10,13,53,58,62,69,70,71,83,86,89,114,115" machi="58" ten="40,7700,0" yaku="1,1,2,1,52,1,53,0" doraHai="80" doraHaiUra="117" who="1" fromWho="0" sc="151,-80,410,90,239,0,190,0" /><INIT seed="1,2,0,4,2,17" ten="71,500,239,190" oya="1" hai0="95,10,126,116,94,109,134,63,130,114,76,87,64" hai1="81,23,112,103,77,118,99,86,7,26,70,47,71" hai2="72,92,79,34,42,135,18,84,91,85,127,30,38" hai3="83,8,131,58,43,120,45,15,59,6,21,33,14"/><U78/><E112/><V13/><F135/><W56/><G33/><T89/><D114/><U32/><E118/><V67/><F127/><W105/><G105/><T62/><D116/><U128/><E128/><V11/><F72/><W57/><G131/><T27/><D130/><U4/><E32/><V20/><F67/><W54/><G120/><T106/><D106/><U29/><E77/><V2/><F42/><W97/><G97/><T3/><D134/><U108/><E108/><V121/><F38/><W96/><G96/><T111/><D126/><U46/><E71/><V0/><F121/><W93/><G93/><T88/><D76/><U22/><E70/><V40/><F40/><W44/><G83/><T48/><D48/><U113/><E113/><V98/><F79/><W124/><G124/><T52/><D27/><N who="1" m="16631" /><E99/><V12/><F0/><W82/><G82/><T65/><D3/><U90/><E103/><V50/><F2/><W35/><G43/><T31/><D10/><U75/><E75/><V101/><F101/><W25/><G35/><T5/><D31/><N who="1" m="17887" /><E78/><V104/><F104/><W102/><G102/><T115/><D115/><U66/><E66/><V117/><F117/><W53/><N who="3" m="14336" /><DORA hai="60" /><W39/><G39/><T9/><D9/><U61/><E61/><V41/><F34/><W69/><G69/><T24/><D24/><U73/><E73/><V55/><F30/><N who="3" m="17711" /><G15/><T107/><D107/><U37/><E37/><V100/><F100/><W132/><G132/><T123/><D123/><U122/><E122/><V125/><F125/><W80/><G8/><T74/><D74/><RYUUKYOKU ba="2,0" sc="71,-10,500,30,239,-10,190,-10" hai1="4,7,46,47,81,86,90" /><INIT seed="1,3,0,5,1,55" ten="61,530,229,180" oya="1" hai0="102,118,24,58,21,25,27,135,54,123,34,70,78" hai1="100,66,8,61,10,129,0,71,20,41,106,2,127" hai2="68,94,35,105,93,4,74,9,89,119,90,76,1" hai3="72,5,91,46,126,101,96,52,99,29,59,23,32"/><U64/><E20/><V85/><F35/><W49/><G32/><T63/><D118/><U53/><E10/><V98/><F68/><W97/><G72/><T40/><D135/><U114/><E114/><V87/><F119/><W26/><G126/><T128/><D128/><U37/><E66/><V6/><F6/><W133/><G133/><T73/><D123/><U15/><E127/><V28/><F28/><W107/><G5/><T44/><D102/><U88/><E129/><V112/><F112/><W45/><G91/><T14/><D34/><U103/><E41/><V11/><F11/><W19/><G29/><T69/><D78/><U83/><E37/><V110/><F110/><W115/><G115/><T95/><D95/><U50/><E0/><V122/><F122/><W67/><REACH who="3" step="1"/><G46/><REACH who="3" ten="61,530,229,170" step="2"/><T134/><D73/><U22/><E100/><V62/><F74/><W30/><G30/><T116/><D134/><U36/><E103/><V75/><F75/><W125/><G125/><T117/><D117/><U16/><E88/><V48/><F76/><W84/><G84/><T131/><D116/><U86/><E86/><V56/><F105/><W42/><G42/><T47/><D131/><U51/><E106/><V113/><F113/><W7/><G7/><T39/><REACH who="0" step="1"/><D47/><REACH who="0" ten="51,530,229,170" step="2"/><N who="1" m="27871" /><E83/><V13/><F94/><W111/><G111/><T57/><D57/><U81/><E81/><V60/><F93/><W108/><G108/><T38/><D38/><U82/><E36/><V43/><F56/><W65/><G65/><T130/><D130/><U33/><E82/><V132/><F132/><W80/><G80/><RYUUKYOKU ba="3,2" sc="51,15,530,-15,229,-15,170,15" hai0="14,21,24,25,27,39,40,44,54,58,63,69,70" hai3="19,23,26,45,49,52,59,67,96,97,99,101,107" /><INIT seed="2,4,2,1,3,133" ten="66,515,214,185" oya="2" hai0="34,112,97,98,30,118,107,120,53,77,91,45,75" hai1="40,0,103,32,80,51,69,96,83,60,21,86,114" hai2="121,14,47,100,27,131,119,70,95,85,79,54,123" hai3="37,127,130,59,52,99,46,8,58,76,110,1,74"/><V122/><F70/><W63/><G110/><T50/><D120/><U43/><E32/><V3/><F3/><W5/><G130/><T9/><D112/><U71/><E0/><V88/><F119/><W33/><G33/><T4/><D118/><U134/><E114/><V17/><F131/><W48/><G99/><T18/><D18/><U38/><E38/><V72/><F27/><W64/><G127/><T19/><D19/><U36/><E36/><V41/><F100/><W94/><G94/><T109/><D109/><U56/><E21/><V90/><F54/><W13/><G1/><T124/><D124/><U6/><E6/><V55/><F55/><W73/><REACH who="3" step="1"/><G76/><REACH who="3" ten="66,515,214,175" step="2"/><T7/><D107/><U23/><E96/><V49/><F79/><W89/><G89/><T61/><D91/><U62/><E103/><V57/><F90/><W15/><G15/><T67/><D98/><U132/><E132/><V101/><F101/><W125/><G125/><T42/><D97/><U44/><E134/><V129/><F129/><W115/><G115/><T26/><D42/><AGARI ba="4,3" hai="5,8,13,37,42,46,48,52,58,59,63,64,73,74" machi="42" ten="40,2600,0" yaku="1,1,54,1,53,0" doraHai="133" doraHaiUra="35" who="3" fromWho="0" sc="66,-38,515,0,214,0,175,68" /><INIT seed="3,0,0,3,4,109" ten="28,515,214,243" oya="3" hai0="101,82,74,34,91,56,16,1,68,89,58,27,108" hai1="121,33,80,36,135,83,75,22,95,42,102,119,122" hai2="26,60,118,29,73,98,2,46,4,90,45,133,10" hai3="8,61,44,132,115,28,31,67,104,51,15,20,85"/><W93/><G104/><T78/><D108/><U120/><E33/><V103/><F73/><W11/><G115/><T113/><D1/><U30/><E36/><V13/><F118/><W114/><G114/><T116/><D116/><U62/><E42/><V50/><F133/><W88/><G132/><T23/><D68/><U55/><E135/><V14/><F90/><W81/><G93/><T134/><D134/><U124/><E119/><V49/><F60/><W125/><G125/><T69/><D69/><U3/><E3/><V52/><F49/><W99/><G99/><T123/><D123/><U127/><E30/><V21/><REACH who="2" step="1"/><F45/><REACH who="2" ten="28,515,204,243" step="2"/><W94/><G51/><T72/><D72/><U100/><E62/><V59/><F59/><N who="3" m="37311" /><G44/><T43/><D113/><U24/><E121/><V53/><F53/><W63/><G63/><T76/><D43/><U18/><E55/><V57/><F57/><W41/><G41/><T92/><D78/><N who="1" m="44127" /><E120/><V128/><F128/><W48/><G48/><T9/><D89/><U54/><E54/><V129/><F129/><W130/><G130/><T87/><D101/><U117/><E122/><V35/><F35/><W86/><G86/><T97/><D34/><U70/><E117/><V96/><F96/><W112/><G112/><T0/><REACH who="0" step="1"/><D74/><REACH who="0" ten="18,515,204,243" step="2"/><U19/><E70/><V40/><F40/><W5/><G88/><T47/><D47/><U37/><E102/><V84/><F84/><W64/><G85/><T71/><D71/><U38/><E100/><V65/><F65/><W17/><G64/><T79/><D79/><U7/><E37/><V77/><F77/><RYUUKYOKU ba="0,2" sc="18,15,515,-15,204,15,243,-15" hai0="0,9,16,23,27,56,58,76,82,87,91,92,97" hai2="2,4,10,13,14,21,26,29,46,50,52,98,103" /><INIT seed="4,1,2,5,0,129" ten="33,500,219,228" oya="0" hai0="106,64,18,92,2,46,65,105,119,66,103,56,55" hai1="19,32,59,71,75,41,52,85,72,0,100,128,122" hai2="12,47,8,115,84,109,25,37,51,96,81,11,123" hai3="38,88,39,132,111,13,97,26,135,98,79,9,121"/><T44/><D119/><U70/><E0/><V87/><F109/><W14/><G79/><T40/><D2/><U5/><E32/><V116/><F123/><W91/><G26/><T69/><D69/><U21/><E5/><V134/><F115/><W127/><G111/><T124/><D124/><U94/><E41/><V120/><F120/><W36/><G121/><T117/><D117/><U49/><E122/><V95/><F25/><W15/><G9/><T6/><D6/><U125/><E128/><V73/><F37/><W80/><G80/><T57/><D18/><U54/><E125/><V17/><F8/><W33/><G33/><T34/><D34/><U43/><E43/><V130/><F130/><W10/><G10/><T28/><D28/><U104/><E104/><V82/><F73/><W16/><G16/><T76/><D76/><U101/><E72/><V23/><F11/><W22/><G22/><T68/><D68/><U1/><E75/><V74/><F74/><W20/><G20/><T30/><D30/><U99/><E1/><V4/><F4/><W45/><G127/><T31/><D31/><U107/><E70/><V48/><F116/><W27/><G27/><T42/><D92/><U126/><E71/><V110/><F95/><W113/><G113/><T61/><D57/><U24/><E126/><V133/><F17/><W62/><G14/><T89/><D89/><N who="1" m="53551" /><E101/><V67/><F110/><W77/><G91/><T112/><D112/><U35/><E35/><V118/><F118/><W131/><G88/><T114/><D114/><U53/><E19/><V7/><F7/><RYUUKYOKU ba="1,2" sc="33,-10,500,30,219,-10,228,-10" hai1="21,24,49,52,53,54,59,99,100,107" /><INIT seed="5,2,2,1,3,78" ten="23,530,209,218" oya="1" hai0="22,27,60,59,9,80,61,52,71,118,47,86,49" hai1="58,28,90,106,51,97,13,20,43,25,120,56,75" hai2="31,50,91,133,123,105,83,45,53,127,40,96,115" hai3="39,7,109,102,32,3,67,107,64,48,36,14,122"/><U35/><E120/><V54/><F123/><W8/><G122/><T95/><D118/><U70/><E70/><V113/><F133/><W89/><G109/><T37/><D9/><U26/><E75/><V38/><F127/><W24/><G102/><T85/><D71/><U119/><E119/><V81/><F31/><W10/><G107/><T128/><D128/><U16/><E43/><V17/><F17/><W46/><G67/><T65/><D37/><U44/><E106/><V114/><F54/><W125/><G64/><T18/><D60/><U77/><E77/><V41/><F91/><W130/><G130/><T34/><D34/><U15/><E44/><N who="2" m="27847" /><F40/><W42/><G125/><T33/><D33/><U124/><E124/><V111/><F111/><W63/><G63/><T116/><D116/><U73/><E73/><V62/><F62/><W84/><G24/><T117/><D117/><U112/><E51/><V29/><F29/><W0/><G32/><T79/><REACH who="0" step="1"/><D95/><REACH who="0" ten="13,530,209,218" step="2"/><N who="1" m="56567" /><E35/><V101/><AGARI ba="2,3" hai="38,41,45,81,83,96,101,105,113,114,115" m="27847" machi="101" ten="40,8000,1" yaku="15,1,11,1,52,2" doraHai="78" who="2" fromWho="2" sc="13,-22,530,-42,209,116,218,-22" owari="-9,-51.0,488,58.0,325,13.0,196,-20.0" /></mjloggm>