<mjloggm ver="2.3"><GO type="169" lobby="0"/><UN n0="%6B%69%79%6F%64%61%69" n1="%E3%82%A6%E3%83%AB%E3%83%88%E3%83%A9%E7%AB%8B%E7%9B%B4" n2="%E6%98%9F%E3%81%AE%E3%81%8A%E3%81%98%E3%81%84%E6%A7%98" n3="%65%69%6B%31" dan="17,18,16,17" rate="2171.03,2219.95,2131.11,2138.71" sx="M,M,F,M"/><TAIKYOKU oya="0"/><INIT seed="0,0,0,2,5,13" ten="250,250,250,250" oya="0" hai0="28,40,123,129,98,73,87,42,78,122,59,108,50" hai1="88,77,102,74,52,120,114,2,27,1,61,112,53" hai2="71,79,95,26,47,119,83,96,126,128,24,37,22" hai3="56,8,68,75,101,65,64,63,127,124,103,111,0"/><T34/><D73/><U25/><E102/><V41/><F71/><W48/><G75/><T99/><D34/><U125/><E77/><V130/><F126/><N who="3" m="48171" /><G111/><T100/><D28/><U134/><E74/><V4/><F119/><W33/><G33/><T14/><D108/><U97/><E125/><V92/><F4/><N who="3" m="1031" /><G65/><T117/><D117/><U121/><E61/><V46/><F46/><W39/><G39/><T69/><D69/><U38/><E38/><V90/><F95/><W11/><G11/><T57/><D129/><N who="2" m="49770" /><F22/><W113/><G113/><T9/><D123/><U76/><E97/><V31/><F31/><W19/><G68/><T116/><D116/><U80/><E80/><V18/><F18/><W104/><G104/><T51/><D122/><U106/><E106/><V86/><AGARI ba="0,0" hai="24,26,37,41,47,79,83,86,90,92,96" m="49770" machi="86" ten="30,1100,0" yaku="19,1" doraHai="13" who="2" fromWho="2" sc="250,-5,250,-3,250,11,250,-3" /><INIT seed="1,0,0,4,0,37" ten="245,247,261,247" oya="1" hai0="14,29,21,20,48,125,2,67,89,25,65,5,35" hai1="131,70,111,3,106,63,55,8,119,12,91,113,43" hai2="98,39,74,73,72,15,112,107,129,82,95,76,85" hai3="51,44,6,87,10,78,64,123,42,117,130,109,27"/><U60/><E119/><V17/><F39/><W90/><G123/><T126/><D89/><U96/><E113/><V13/><F112/><W71/><G117/><T30/><D48/><U92/><E3/><V47/><F129/><W31/><G130/><T97/><D97/><U36/><E131/><V38/><F107/><W52/><G109/><T32/><D67/><U99/><E111/><V0/><F0/><W58/><G78/><T59/><D59/><U83/><E83/><V121/><F121/><W80/><G71/><T120/><D65/><U33/><E33/><N who="0" m="12873" /><D120/><U75/><E75/><V81/><F17/><W124/><G124/><N who="0" m="47723" /><D2/><U118/><E118/><V11/><F82/><W127/><G64/><T84/><D84/><U19/><E55/><V132/><F74/><W135/><G127/><T40/><D40/><U108/><E108/><V1/><F73/><W68/><G68/><T122/><D122/><U133/><E70/><V115/><F85/><W56/><G42/><T128/><D128/><U50/><E36/><V103/><F115/><W18/><G58/><T116/><D116/><U79/><E79/><V22/><F47/><W101/><G44/><T110/><D110/><U114/><E114/><V62/><F38/><W54/><G54/><T26/><D14/><N who="2" m="5130" /><F62/><N who="1" m="23593" /><E50/><V4/><F72/><W23/><G51/><T24/><D5/><U86/><E43/><V102/><F76/><W7/><G7/><T46/><D46/><U66/><E66/><V93/><F4/><W94/><G6/><T134/><D134/><U61/><N who="1" m="23601" /><U69/><DORA hai="53" /><E133/><V16/><F132/><RYUUKYOKU ba="0,0" sc="245,30,247,-10,261,-10,247,-10" hai0="20,21,24,25,26,29,30" /><INIT seed="2,1,0,4,4,91" ten="275,237,251,237" oya="2" hai0="50,131,49,119,19,54,129,42,78,62,67,53,8" hai1="111,122,21,110,3,117,6,133,61,87,34,10,44" hai2="69,109,83,86,64,40,5,23,80,93,128,52,28" hai3="36,126,84,1,95,77,99,57,92,135,125,35,107"/><V66/><F69/><W39/><G1/><T16/><D42/><U81/><E34/><V65/><F128/><N who="0" m="49226" /><D78/><U116/><E133/><V22/><F109/><N who="1" m="41481" /><E122/><V74/><F40/><W68/><G68/><N who="0" m="42103" /><D119/><U130/><E130/><V18/><F74/><W121/><G35/><T75/><D75/><U115/><E115/><V31/><F5/><W102/><G135/><T15/><D19/><U9/><E44/><V88/><F22/><W33/><G33/><T11/><D8/><U89/><E10/><V7/><F7/><W25/><G25/><T120/><D120/><U71/><E21/><V58/><F28/><W38/><G121/><T112/><D112/><U100/><E100/><V79/><F31/><W103/><G57/><T20/><D20/><U108/><E108/><V97/><F80/><N who="3" m="47119" /><G103/><T4/><D4/><U94/><E81/><V14/><REACH who="2" step="1"/><F66/><AGARI ba="1,0" hai="3,6,9,61,66,71,87,89,94,116,117" m="41481" machi="66" ten="30,2000,0" yaku="14,1,52,1" doraHai="91" who="1" fromWho="2" sc="275,0,237,23,251,-23,237,0" /><INIT seed="3,0,0,1,4,94" ten="275,260,228,237" oya="3" hai0="33,132,111,50,3,99,117,125,69,48,102,74,13" hai1="53,14,0,71,58,61,115,96,32,109,83,51,70" hai2="105,29,86,52,60,16,128,17,106,39,104,10,72" hai3="90,73,95,89,65,5,46,130,126,30,101,55,129"/><W45/><G73/><T76/><D13/><U131/><E0/><V78/><F39/><W100/><G126/><T31/><D50/><U8/><E115/><V34/><F72/><W114/><G114/><T18/><D48/><U124/><E124/><V9/><F128/><N who="3" m="49259" /><G65/><T93/><D18/><U37/><E37/><V24/><F10/><W82/><G5/><T25/><D69/><U122/><E32/><V4/><F78/><W103/><G30/><T66/><D66/><U112/><E112/><V113/><F86/><N who="3" m="50391" /><G55/><T47/><D74/><U22/><E122/><V6/><F113/><W64/><G64/><T15/><D125/><U62/><E71/><V77/><F77/><W92/><G92/><T80/><D93/><U27/><E70/><V40/><F40/><W134/><G134/><T59/><D76/><U36/><E83/><V7/><REACH who="2" step="1"/><F9/><REACH who="2" ten="275,260,218,237" step="2"/><W81/><G81/><T43/><D80/><U44/><E8/><V1/><F1/><W84/><AGARI ba="0,1" hai="45,46,84,90,95,100,101,103" m="50391,49259" machi="84" ten="30,1500,0" yaku="19,1" doraHai="94" who="3" fromWho="3" sc="275,-5,260,-5,218,-5,237,25" /><INIT seed="3,1,0,1,4,54" ten="270,255,213,262" oya="3" hai0="101,22,122,83,116,26,24,58,51,90,130,45,94" hai1="111,126,50,112,46,31,127,73,88,17,66,20,100" hai2="92,7,72,135,48,39,134,28,110,67,34,1,124" hai3="78,11,123,4,61,27,97,119,93,32,85,65,3"/><W132/><G119/><T128/><D116/><U129/><E73/><V79/><F39/><W18/><G123/><T71/><D71/><U107/><E112/><V9/><F110/><W96/><G132/><T91/><D101/><U38/><E38/><V19/><F124/><N who="1" m="47657" /><E31/><V98/><F79/><W12/><G78/><T115/><D122/><U120/><E120/><V36/><F36/><W63/><G85/><T105/><D105/><U47/><E66/><V62/><F72/><W55/><G55/><T44/><D22/><U109/><E88/><V102/><F48/><W86/><G86/><T35/><D51/><U52/><E47/><V40/><F40/><W87/><G87/><T30/><D30/><U13/><E129/><V114/><F114/><W42/><G42/><T6/><D83/><U84/><E84/><V70/><F28/><N who="3" m="19487" /><G65/><T64/><D64/><U29/><E29/><V117/><F117/><W2/><G97/><AGARI ba="1,0" hai="13,17,20,46,50,52,97,100,107,109,111" m="47657" machi="97" ten="30,2000,0" yaku="18,1,54,1" doraHai="54" who="1" fromWho="3" sc="270,0,255,23,213,0,262,-23" /><INIT seed="4,0,0,2,1,34" ten="270,278,213,239" oya="0" hai0="110,95,5,1,25,83,126,32,51,52,20,125,94" hai1="75,96,118,9,74,84,121,14,29,58,26,21,89" hai2="131,108,7,18,97,6,22,27,93,30,103,11,79" hai3="100,91,82,44,76,116,37,68,54,81,134,45,122"/><T40/><D32/><U19/><E118/><V104/><F108/><W111/><G116/><T132/><D40/><U102/><E121/><V63/><F131/><W73/><G111/><T69/><D69/><U48/><E48/><V4/><F79/><W38/><G68/><T56/><D83/><U70/><E70/><V57/><F104/><W88/><G122/><T42/><D42/><U12/><E58/><V8/><REACH who="2" step="1"/><F18/><REACH who="2" ten="270,278,203,239" step="2"/><W3/><G76/><T61/><D110/><U31/><E75/><V114/><F114/><W49/><G73/><T101/><D126/><U85/><E74/><V107/><F107/><W98/><G134/><T115/><D125/><U92/><E19/><V66/><AGARI ba="0,1" hai="4,6,7,8,11,22,27,30,57,63,66,93,97,103" machi="66" ten="30,8000,1" yaku="1,1,0,1,25,2,8,1,53,0" doraHai="34" doraHaiUra="43" who="2" fromWho="2" sc="270,-40,278,-20,203,90,239,-20" /><INIT seed="5,0,0,3,1,45" ten="230,258,293,219" oya="1" hai0="14,118,56,106,88,38,84,41,27,87,97,52,32" hai1="81,10,72,117,134,17,102,132,63,76,49,46,61" hai2="96,77,29,112,42,24,37,111,67,55,1,98,66" hai3="123,7,110,12,21,11,78,85,25,131,94,31,64"/><U114/><E102/><V107/><F1/><W53/><G110/><T34/><D118/><U79/><E79/><V26/><F111/><W39/><G123/><T74/><D74/><U30/><E30/><V48/><F77/><W133/><G39/><T36/><D84/><U35/><E35/><V120/><F120/><W60/><G131/><T99/><D14/><N who="1" m="7383" /><E117/><V125/><F125/><W23/><G133/><N who="1" m="51306" /><E114/><V4/><F4/><W13/><G78/><T122/><D122/><U47/><E47/><V126/><F126/><W28/><G28/><T127/><D34/><U68/><E68/><V104/><F104/><W116/><G116/><T15/><D32/><U3/><E3/><V109/><F107/><W86/><G94/><T19/><D106/><U16/><E16/><V83/><F83/><W82/><G82/><T95/><D127/><U8/><E8/><V119/><F119/><W9/><G23/><N who="0" m="11775" /><D27/><U0/><E0/><V135/><F112/><W91/><G91/><T51/><D38/><U100/><E100/><V80/><F80/><W129/><G129/><T105/><D105/><U92/><E92/><V124/><F124/><W70/><G12/><T65/><D65/><N who="2" m="24586" /><F109/><W57/><REACH who="3" step="1"/><G11/><REACH who="3" ten="230,258,293,209" step="2"/><T113/><D113/><U22/><E22/><N who="2" m="15511" /><F135/><W108/><G108/><T90/><D90/><U5/><E5/><V62/><F37/><W43/><G43/><AGARI ba="0,1" hai="43,46,49,61,63,72,76,81" m="51306,7383" machi="43" ten="30,2900,0" yaku="20,1,52,1" doraHai="45" who="1" fromWho="3" sc="230,0,258,39,293,0,209,-29" /><INIT seed="5,1,0,3,1,66" ten="230,297,293,180" oya="1" hai0="64,42,75,19,72,134,94,108,0,98,16,112,7" hai1="8,86,20,70,61,126,57,5,103,82,123,49,114" hai2="76,14,32,2,44,37,23,121,118,78,22,99,12" hai3="95,41,35,96,92,26,18,105,63,116,56,117,69"/><U128/><E123/><V84/><F32/><W50/><G41/><T65/><D108/><U104/><E114/><V107/><F2/><W73/><G73/><T129/><D42/><U17/><E126/><V6/><F118/><N who="3" m="45675" /><G50/><T131/><D112/><U83/><E128/><N who="0" m="49225" /><D134/><U36/><E36/><V100/><F121/><W91/><G105/><T43/><D43/><U40/><E103/><V127/><F127/><W97/><G56/><T4/><D65/><U11/><E104/><V24/><F44/><W102/><G63/><T85/><D85/><U110/><E110/><V1/><F37/><W15/><G35/><T79/><D64/><U48/><E40/><V62/><F62/><W106/><G26/><T133/><D133/><U124/><E124/><V21/><F24/><W87/><G87/><T111/><D111/><U39/><E86/><V45/><F45/><W10/><G106/><T109/><D109/><U74/><E39/><V34/><F34/><W51/><G51/><T30/><D75/><U132/><E74/><V54/><F54/><W52/><G52/><T59/><D59/><U67/><E132/><V27/><F27/><W71/><AGARI ba="1,0" hai="10,15,18,69,71,91,92,95,96,97,102" m="45675" machi="71" ten="30,4000,0" yaku="12,1,52,2" doraHai="66" who="3" fromWho="3" sc="230,-11,297,-21,293,-11,180,43" /><INIT seed="6,0,0,1,1,124" ten="219,276,282,223" oya="2" hai0="108,67,40,112,31,47,83,7,62,17,0,32,85" hai1="125,65,105,43,96,119,4,20,28,14,51,37,38" hai2="86,116,73,54,134,71,2,11,84,91,23,101,18" hai3="99,74,53,130,5,76,92,26,90,114,107,68,27"/><V34/><F34/><W1/><G68/><T12/><D108/><U70/><E119/><V33/><F33/><W127/><G127/><T81/><D112/><U15/><E51/><V44/><F73/><W133/><G114/><T24/><D7/><U88/><E43/><V9/><F71/><W39/><G39/><T75/><D0/><U55/><E55/><V30/><F2/><W118/><G118/><T57/><D75/><U36/><E125/><V49/><F116/><W128/><G133/><T123/><D123/><U126/><E126/><V111/><F30/><W8/><G107/><T29/><D29/><U45/><E45/><V19/><F134/><W41/><G41/><T102/><D102/><U69/><E65/><V6/><F101/><W79/><G53/><T58/><D58/><U10/><E105/><V72/><F72/><W13/><G1/><T120/><D85/><U25/><E15/><N who="2" m="5623" /><F111/><W135/><G135/><T78/><D78/><N who="3" m="29737" /><G74/><T61/><D120/><U94/><AGARI ba="0,0" hai="4,10,14,20,25,28,36,37,38,69,70,88,94,96" machi="94" ten="40,2700,0" yaku="0,1,54,1" doraHai="124" who="1" fromWho="1" sc="219,-7,276,27,282,-13,223,-7" /><INIT seed="7,0,0,2,4,59" ten="212,303,269,216" oya="3" hai0="0,17,35,130,98,112,101,127,83,2,105,63,110" hai1="131,57,113,66,33,69,123,72,29,6,58,71,1" hai2="125,119,80,11,61,70,134,4,21,7,24,30,25" hai3="45,93,16,74,133,10,20,23,108,51,106,42,8"/><W18/><G106/><T64/><D110/><U84/><E58/><V56/><F119/><W43/><G74/><T44/><D127/><U50/><E84/><V3/><F125/><W26/><G133/><T100/><D100/><U13/><E50/><V53/><F134/><W81/><G108/><T88/><D130/><U65/><E13/><V132/><F132/><W89/><G81/><T79/><D112/><U129/><E57/><V126/><F126/><W28/><G43/><T90/><D44/><U40/><E40/><V14/><F70/><W76/><G76/><T124/><D124/><U96/><E96/><V109/><F109/><W39/><G39/><T118/><D118/><U37/><E72/><V12/><F4/><W107/><G107/><T104/><D105/><U22/><E37/><V120/><F120/><W85/><G28/><T75/><D17/><U115/><E29/><V31/><F80/><W92/><G92/><T68/><REACH who="0" step="1"/><D35/><AGARI ba="0,0" hai="3,7,11,12,14,21,24,25,30,31,35,53,56,61" machi="35" ten="30,2000,0" yaku="7,1,52,1" doraHai="59" who="2" fromWho="0" sc="212,-20,303,0,269,20,216,0" owari="192,-31.0,303,40.0,289,9.0,216,-18.0" /></mjloggm>