<mjloggm ver="2.3"><GO type="169" lobby="0"/><UN n0="%E6%97%A5%E6%9B%9C%E6%97%A5%E3%82%88%E3%82%8A%E3%81%AE%E4%BD%BF%E8%80%85" n1="%E3%83%88%E3%83%88%E3%83%AA%E5%85%88%E7%94%9F%31%39%E6%AD%B3" n2="%E3%82%AE%E3%82%AC%E3%83%9E%E3%82%A4%E3%83%B3" n3="%E2%98%86%E3%83%89%E3%83%8A%E3%83%AB%E3%83%89%E6%95%99%E5%BE%92%E2%98%86" dan="17,19,17,16" rate="2218.77,2220.45,2141.43,2088.83" sx="M,F,M,M"/><TAIKYOKU oya="0"/><INIT seed="0,0,0,3,4,14" ten="250,250,250,250" oya="0" hai0="89,88,28,7,98,53,1,23,24,112,74,17,3" hai1="80,126,130,95,78,33,84,109,37,39,56,43,22" hai2="61,54,114,71,9,76,107,86,100,27,25,91,70" hai3="44,11,102,48,35,121,68,120,128,45,83,4,124"/><T38/><D112/><U57/><E33/><V108/><F76/><W19/><G68/><T13/><D74/><U69/><E69/><V92/><F114/><W41/><G35/><T65/><D38/><U125/><E130/><V97/><F108/><W103/><G128/><T50/><D65/><U134/><E109/><V36/><F36/><N who="1" m="13897" /><E43/><V90/><F71/><W34/><G34/><T62/><D62/><U77/><E77/><V8/><F70/><W46/><G124/><N who="1" m="47722" /><E134/><V64/><F64/><W133/><G133/><T79/><D79/><U117/><E117/><V129/><F129/><W31/><G31/><T55/><D98/><U75/><E22/><V58/><F9/><W67/><G67/><T73/><D73/><U105/><E105/><V51/><F8/><W116/><G116/><T42/><D42/><U40/><E40/><V2/><F61/><W132/><G132/><T60/><D60/><U106/><E106/><V119/><F119/><W101/><G4/><T113/><D113/><U10/><E10/><V32/><F32/><W135/><G135/><T118/><D118/><U66/><E66/><V123/><F123/><N who="3" m="47179" /><G83/><T115/><D115/><U47/><E47/><V26/><F107/><W30/><G30/><T18/><D7/><U81/><E81/><V72/><F72/><W87/><G87/><T59/><D55/><U15/><E75/><V127/><F86/><W21/><G11/><N who="0" m="6335" /><D28/><U96/><E84/><V99/><F127/><W111/><G111/><T94/><D94/><U6/><E80/><V0/><F97/><W5/><G5/><T85/><D85/><RYUUKYOKU ba="0,0" sc="250,10,250,-30,250,10,250,10" hai0="1,3,18,23,24,50,53,59,88,89" hai2="0,2,25,26,27,51,54,58,90,91,92,99,100" hai3="19,21,41,44,45,46,48,101,102,103" /><INIT seed="0,1,0,4,3,54" ten="260,220,260,260" oya="0" hai0="25,101,27,75,97,114,133,38,65,46,90,30,85" hai1="87,45,11,70,13,35,20,93,63,8,5,128,21" hai2="100,56,121,119,55,103,34,40,123,18,73,0,37" hai3="66,126,108,29,83,41,22,113,26,50,78,14,131"/><T44/><D114/><U118/><E118/><V134/><F73/><W92/><G113/><T111/><D75/><U23/><E35/><V86/><F0/><W72/><G108/><T124/><D111/><U47/><E128/><V1/><F1/><W6/><G131/><T9/><D124/><U3/><E93/><V109/><F34/><W80/><G126/><T39/><D133/><U120/><E120/><V132/><F109/><W36/><G36/><T57/><D39/><U59/><E70/><V61/><F86/><W58/><G92/><N who="0" m="58535" /><D9/><U127/><E127/><V53/><F18/><W135/><G135/><N who="2" m="51753" /><F103/><W48/><G83/><N who="0" m="49471" /><D38/><U89/><E8/><V74/><F100/><W105/><G41/><T49/><D30/><U116/><E116/><V33/><F33/><W98/><G98/><T24/><D49/><U32/><E32/><V117/><F74/><W129/><G105/><T122/><D122/><N who="2" m="46602" /><F55/><W104/><G104/><T110/><D110/><U130/><E3/><V28/><F28/><W43/><G43/><T99/><D99/><U68/><E130/><V69/><F69/><W107/><G107/><T91/><D91/><U64/><E68/><V60/><F60/><AGARI ba="1,0" hai="24,25,27,44,46,57,60,65" m="49471,58535" machi="60" ten="30,2900,0" yaku="8,1,52,1" doraHai="54" who="0" fromWho="2" sc="260,32,220,0,260,-32,260,0" /><INIT seed="0,2,0,5,0,79" ten="292,220,228,260" oya="0" hai0="36,114,20,128,21,81,80,58,33,116,95,83,67" hai1="65,77,23,89,126,127,55,122,121,90,52,78,17" hai2="53,69,71,97,57,75,35,29,133,50,8,60,46" hai3="6,125,54,82,84,102,74,96,98,76,115,73,66"/><T92/><D33/><U26/><E65/><V5/><F133/><W64/><G115/><T113/><D36/><U109/><E109/><V103/><F75/><W62/><G125/><N who="1" m="47626" /><E78/><V48/><F29/><W59/><G6/><T2/><D2/><U129/><E129/><V47/><F35/><W91/><G74/><T93/><D116/><U14/><E77/><V34/><F34/><W112/><G98/><T118/><D118/><U100/><E100/><V32/><F32/><W94/><REACH who="3" step="1"/><G112/><REACH who="3" ten="292,220,228,250" step="2"/><T72/><D72/><U1/><E1/><V10/><F5/><W110/><G110/><T27/><D128/><U111/><E111/><V12/><F97/><W0/><G0/><T70/><D70/><U86/><E122/><V45/><F71/><W24/><G24/><T44/><D114/><U16/><E121/><V117/><F69/><W4/><G4/><T120/><D113/><U63/><E86/><V43/><F117/><W39/><G39/><T9/><D120/><U7/><E7/><V49/><F12/><W88/><G88/><N who="1" m="33898" /><E63/><V134/><F60/><W37/><G37/><T42/><D27/><U107/><E107/><AGARI ba="2,1" hai="54,59,62,64,66,73,76,82,84,91,94,96,102,107" machi="107" ten="30,8000,1" yaku="1,1,7,1,24,2,52,1,53,0" doraHai="79" doraHaiUra="11" who="3" fromWho="1" sc="292,0,220,-86,228,0,250,96" /><INIT seed="1,0,0,4,4,13" ten="292,134,228,346" oya="1" hai0="6,120,2,5,64,95,113,26,78,70,41,99,28" hai1="10,88,77,27,51,129,40,16,55,108,52,66,0" hai2="109,22,12,50,25,91,128,73,134,21,103,46,7" hai3="100,39,11,60,125,123,84,92,74,121,47,34,57"/><U33/><E129/><V38/><F134/><W49/><G74/><T19/><D113/><U111/><E77/><V44/><F109/><N who="1" m="42057" /><E66/><V8/><F128/><W118/><G39/><T29/><D120/><U75/><E75/><V86/><F73/><W62/><G34/><T43/><D70/><U59/><E88/><V94/><F38/><W98/><G125/><T89/><D64/><U115/><E115/><V102/><F22/><W48/><G118/><T127/><D127/><U9/><E0/><V65/><F65/><W131/><G131/><T3/><D3/><U116/><E116/><V124/><F124/><W37/><G37/><T72/><D2/><U81/><E81/><V32/><F32/><W53/><G11/><N who="1" m="4106" /><E33/><V133/><F46/><W93/><G121/><T135/><D135/><U114/><E114/><V122/><F133/><W107/><G123/><T101/><D89/><U45/><E59/><V17/><REACH who="2" step="1"/><F122/><REACH who="2" ten="292,134,218,346" step="2"/><W67/><G67/><T71/><D72/><U79/><E79/><V54/><AGARI ba="0,1" hai="7,8,12,17,21,25,44,50,54,86,91,94,102,103" machi="54" ten="20,12000,2" yaku="1,1,2,1,0,1,7,1,8,1,52,1,53,0" doraHai="13" doraHaiUra="105" who="2" fromWho="2" sc="292,-30,134,-60,218,130,346,-30" /><INIT seed="2,0,0,4,4,15" ten="262,74,348,316" oya="2" hai0="129,74,133,122,108,26,51,59,37,11,55,120,107" hai1="126,60,96,98,109,92,127,53,88,82,116,20,106" hai2="36,31,40,119,80,134,90,58,49,32,71,16,4" hai3="9,123,19,63,75,46,114,43,78,44,118,13,87"/><V42/><F119/><W103/><G118/><T105/><D74/><U41/><E116/><V69/><F4/><W128/><G123/><T8/><D37/><U85/><E109/><V79/><F134/><W117/><G117/><T45/><D133/><U39/><E106/><V57/><F36/><W135/><G128/><T25/><D108/><U67/><E53/><V47/><F42/><W56/><G75/><T21/><D129/><U65/><E96/><V14/><F90/><W0/><G0/><T29/><D107/><U130/><E130/><V110/><F110/><W17/><G135/><T100/><D122/><U132/><E132/><V99/><F99/><W1/><G1/><T23/><D120/><U2/><E2/><V101/><F101/><W33/><G33/><T104/><D104/><U121/><E121/><V77/><F77/><W111/><G111/><T115/><D115/><U84/><E84/><V131/><F131/><W18/><G103/><T93/><D105/><U76/><E20/><V38/><F32/><W50/><G46/><T66/><D93/><U97/><E97/><V113/><F113/><W35/><G35/><T86/><D86/><U91/><E76/><V30/><F79/><W12/><G114/><T124/><D100/><U52/><E41/><V61/><F80/><N who="3" m="47511" /><G9/><T24/><D11/><U95/><E39/><V102/><F102/><W94/><G94/><T112/><D8/><U89/><E82/><V68/><F38/><W7/><G7/><T48/><D112/><U83/><E83/><V72/><F72/><W73/><G73/><T125/><D45/><RYUUKYOKU ba="0,0" sc="262,-10,74,-10,348,-10,316,30" hai3="12,13,17,18,19,43,44,50,56,63" /><INIT seed="3,1,0,0,0,1" ten="252,64,338,346" oya="3" hai0="27,85,88,54,47,122,125,67,57,40,66,65,16" hai1="76,3,81,109,93,133,50,118,52,38,14,113,134" hai2="12,5,78,126,79,48,123,98,26,33,105,46,72" hai3="31,97,21,135,60,103,35,131,62,74,124,30,24"/><W90/><G131/><T44/><D125/><U114/><E3/><V120/><F126/><W10/><G135/><N who="1" m="51722" /><E38/><V4/><F105/><W111/><G111/><T89/><D122/><U75/><E93/><V63/><F98/><W43/><G124/><T117/><D117/><U69/><E69/><V51/><F63/><W102/><G74/><T39/><D47/><N who="1" m="27743" /><E109/><V104/><F104/><W20/><G43/><T71/><D71/><U99/><E99/><V8/><F33/><W106/><G103/><T95/><D89/><U25/><E118/><V84/><F26/><W23/><G31/><T15/><D27/><U87/><E75/><V41/><F72/><W77/><G77/><N who="2" m="29193" /><F84/><W101/><G101/><T132/><D132/><U73/><E73/><V61/><F61/><W2/><REACH who="3" step="1"/><G90/><REACH who="3" ten="252,64,338,336" step="2"/><T56/><REACH who="0" step="1"/><D54/><REACH who="0" ten="242,64,338,336" step="2"/><U129/><E129/><V55/><F123/><W29/><G29/><T6/><D6/><AGARI ba="1,2" hai="2,6,10,20,21,23,24,30,35,60,62,97,102,106" machi="6" ten="40,7700,0" yaku="1,1,52,1,53,1" doraHai="1" doraHaiUra="28" who="3" fromWho="0" sc="242,-80,64,0,338,0,336,100" /><INIT seed="3,2,0,4,2,133" ten="162,64,338,436" oya="3" hai0="104,135,116,84,99,69,34,92,115,53,18,62,132" hai1="74,102,35,111,72,93,37,0,68,26,134,128,6" hai2="71,82,131,47,63,97,44,109,23,114,85,28,24" hai3="64,1,21,119,27,32,59,108,36,81,78,25,2"/><W43/><G119/><T129/><D116/><U22/><E93/><V52/><F114/><W5/><G108/><T86/><D34/><U130/><E102/><V122/><F109/><W11/><G32/><T73/><D73/><U105/><E22/><V95/><F131/><W76/><G1/><T31/><D31/><U12/><E12/><V40/><F122/><W77/><G43/><T87/><D129/><U103/><E26/><V65/><F40/><W66/><G36/><T89/><D115/><U118/><E6/><V50/><F47/><W45/><G45/><T67/><D53/><U56/><E103/><V17/><F17/><W94/><G94/><T7/><D7/><U120/><E74/><V123/><F123/><W39/><G39/><T101/><REACH who="0" step="1"/><D18/><REACH who="0" ten="152,64,338,436" step="2"/><U16/><E16/><V51/><F52/><W13/><G5/><T88/><D88/><U20/><E20/><V57/><F23/><W8/><G21/><T107/><D107/><U10/><E10/><V106/><F28/><W41/><G11/><T125/><D125/><U30/><E30/><V90/><F106/><W124/><G8/><T91/><D91/><U100/><E100/><V98/><F90/><W46/><G124/><T121/><D121/><U117/><E117/><V55/><F55/><W112/><G112/><T29/><D29/><U38/><E130/><V96/><F65/><W3/><G66/><T14/><D14/><U79/><E79/><V42/><F42/><W83/><G13/><T33/><D33/><U54/><E54/><V126/><F126/><W75/><G75/><T9/><D9/><RYUUKYOKU ba="2,1" sc="152,30,64,-10,338,-10,436,-10" hai0="62,67,69,84,86,87,89,92,99,101,104,132,135" /><INIT seed="4,3,1,2,3,123" ten="182,54,328,426" oya="0" hai0="17,23,76,49,15,133,99,22,107,73,6,54,130" hai1="90,80,63,7,110,126,45,9,29,8,75,96,0" hai2="78,5,40,112,51,68,111,100,117,74,134,120,31" hai3="83,77,26,34,41,72,13,3,65,114,18,98,60"/><T69/><D69/><U88/><E126/><V4/><F100/><W62/><G3/><T116/><D116/><U106/><E110/><V128/><F31/><W135/><G135/><T19/><D133/><U24/><E9/><V21/><F21/><W2/><G2/><T118/><D118/><U59/><E45/><V64/><F40/><W46/><G114/><T70/><D70/><U85/><E75/><V67/><F51/><W66/><G98/><T86/><D73/><U11/><E11/><V39/><F64/><W124/><G124/><T32/><D32/><U121/><E121/><V129/><F67/><W109/><G109/><T104/><D6/><U127/><E127/><V82/><F82/><W87/><G72/><T14/><D130/><U56/><E63/><V25/><F25/><W10/><G66/><T79/><D86/><U94/><REACH who="1" step="1"/><E106/><REACH who="1" ten="182,44,328,426" step="2"/><V58/><F111/><W92/><G62/><T81/><D107/><U71/><E71/><V119/><F68/><W84/><G60/><T102/><D81/><U89/><E89/><V1/><F120/><W132/><G132/><T27/><D27/><U122/><E122/><V12/><F134/><W61/><G61/><T57/><AGARI ba="3,2" hai="14,15,17,19,22,23,49,54,57,76,79,99,102,104" machi="57" ten="20,3900,0" yaku="0,1,7,1,9,1" doraHai="123" who="0" fromWho="0" sc="182,68,44,-16,328,-16,426,-16" /><INIT seed="4,4,0,0,4,105" ten="250,28,312,410" oya="0" hai0="112,33,9,99,45,86,18,102,53,4,101,54,81" hai1="90,67,87,125,6,131,108,61,52,100,20,98,84" hai2="34,118,50,111,10,23,80,58,130,109,82,62,16" hai3="134,47,7,41,68,76,77,120,88,48,66,117,1"/><T59/><D33/><U64/><E108/><V26/><F130/><W121/><G117/><T24/><D112/><U110/><E110/><V49/><F118/><W128/><G128/><T65/><D65/><U17/><E131/><V113/><F113/><W30/><G134/><T22/><D45/><U78/><E125/><V72/><F111/><W19/><G30/><T91/><D99/><U46/><E6/><V8/><F34/><W60/><G19/><T116/><D116/><U115/><E115/><V43/><F72/><W79/><G1/><T127/><D127/><U63/><E78/><V21/><F109/><W14/><G14/><T56/><D56/><U13/><E61/><V51/><F43/><W69/><G69/><T94/><D81/><N who="2" m="31338" /><F23/><W106/><G106/><T75/><D75/><U25/><E13/><V122/><F122/><N who="3" m="47211" /><G7/><T39/><D39/><U95/><E84/><V57/><F57/><W35/><G35/><T74/><D74/><U11/><E11/><V135/><F135/><W83/><G88/><T93/><D93/><U38/><E38/><V132/><F132/><W96/><G96/><T27/><D27/><U129/><E129/><V104/><F104/><W37/><G37/><T29/><D29/><U36/><E36/><V2/><F2/><W42/><G41/><T71/><D71/><U70/><E70/><V55/><AGARI ba="4,0" hai="8,10,16,21,26,49,50,51,55,58,62" m="31338" machi="55" ten="30,2000,0" yaku="8,1,54,1" doraHai="105" who="2" fromWho="2" sc="250,-14,28,-9,312,32,410,-9" /><INIT seed="5,0,0,0,2,4" ten="236,19,344,401" oya="1" hai0="28,126,83,81,74,72,65,26,114,128,41,99,97" hai1="31,53,27,22,96,85,104,76,75,129,68,123,10" hai2="63,115,95,108,120,29,52,122,116,71,39,32,119" hai3="69,90,7,135,36,67,43,88,40,127,42,124,6"/><U110/><E123/><V51/><F95/><W105/><G105/><T46/><D114/><U62/><E75/><V66/><F29/><W0/><G135/><T60/><D126/><N who="3" m="48169" /><G36/><T17/><D17/><U86/><E129/><V98/><F98/><W44/><G44/><T47/><D128/><U20/><E110/><V91/><F91/><N who="3" m="34859" /><G0/><T133/><D133/><U79/><E22/><V25/><F25/><W70/><G67/><T2/><D2/><U111/><E111/><V54/><F32/><W38/><G38/><T64/><D60/><U93/><E104/><V21/><F21/><W57/><G57/><T109/><D109/><U113/><E113/><V61/><F39/><W78/><G78/><N who="1" m="29738" /><E68/><AGARI ba="0,0" hai="6,7,40,42,43,68,69,70" m="34859,48169" machi="68" ten="40,8000,1" yaku="28,2,18,1,54,1" doraHai="4" who="3" fromWho="1" sc="236,0,19,-80,344,0,401,80" owari="236,-16.0,-61,-56.0,344,14.0,481,58.0" /></mjloggm>