<mjloggm ver="2.3"><GO type="169" lobby="0"/><UN n0="%57%6F%6D%62%61%74" n1="%E3%82%A6%E3%83%AB%E3%83%88%E3%83%A9%E7%AB%8B%E7%9B%B4" n2="%E5%91%82%E5%A7%AB" n3="%68%61%52%75%72%75%6E" dan="16,17,17,16" rate="2060.47,2173.12,2197.34,2100.33" sx="M,M,F,M"/><TAIKYOKU oya="0"/><INIT seed="0,0,0,0,4,39" ten="250,250,250,250" oya="0" hai0="64,51,67,46,117,1,21,5,29,68,35,18,49" hai1="27,108,70,80,62,78,86,94,72,134,65,110,76" hai2="107,14,69,28,75,40,102,100,34,85,90,84,66" hai3="88,33,93,98,87,47,3,53,132,111,16,38,127"/><T105/><D105/><U22/><E134/><V0/><F0/><W135/><G3/><T42/><D117/><U95/><E78/><V96/><F75/><W4/><G4/><T121/><D121/><U124/><E124/><V82/><F100/><W120/><G33/><T17/><D35/><U61/><E61/><V9/><F85/><W103/><G111/><T13/><D29/><U71/><E71/><V54/><F54/><W41/><G127/><T12/><D68/><U126/><E126/><V7/><F69/><W130/><G130/><T23/><D1/><U133/><E133/><N who="3" m="51274" /><G120/><T45/><D5/><U91/><REACH who="1" step="1"/><E95/><REACH who="1" ten="250,240,250,250" step="2"/><V56/><F66/><W25/><G53/><AGARI ba="0,1" hai="12,13,17,18,21,23,42,45,46,49,51,53,64,67" machi="53" ten="30,11600,0" yaku="7,1,9,1,8,1,52,1" doraHai="39" who="0" fromWho="3" sc="250,126,240,0,250,0,250,-116" /><INIT seed="0,1,0,1,5,42" ten="376,240,250,134" oya="0" hai0="27,67,75,97,19,77,95,113,84,8,14,74,130" hai1="120,20,0,2,11,3,111,83,56,119,12,92,50" hai2="57,117,104,91,49,53,47,93,126,112,62,106,21" hai3="43,102,22,59,134,103,81,101,64,23,115,29,30"/><T73/><D113/><U121/><E83/><V5/><F112/><W128/><G115/><T88/><D130/><U17/><E92/><V116/><F126/><W35/><G128/><T127/><D127/><U89/><E89/><V13/><F5/><W107/><G134/><T1/><D1/><U122/><E56/><V31/><F31/><W78/><G107/><T28/><D67/><U131/><E50/><V99/><F13/><W61/><G35/><T45/><D45/><U44/><E44/><V76/><F21/><W105/><G105/><T85/><REACH who="0" step="1"/><D77/><REACH who="0" ten="366,240,250,134" step="2"/><U65/><E131/><V79/><F76/><W132/><G132/><T96/><D96/><U70/><E65/><V7/><F79/><W129/><G129/><T80/><D80/><U118/><E70/><V32/><F116/><W98/><G98/><T16/><D16/><N who="1" m="8223" /><E111/><V39/><F7/><W66/><G66/><T26/><D26/><AGARI ba="1,1" hai="0,2,3,17,20,26,118,119,120,121,122" m="8223" machi="26" ten="40,5200,0" yaku="34,2,54,1" doraHai="42" who="1" fromWho="0" sc="366,-55,240,65,250,0,134,0" /><INIT seed="1,0,0,1,3,41" ten="311,305,250,134" oya="1" hai0="38,46,14,5,57,55,118,27,39,97,56,50,92" hai1="125,100,61,78,86,124,60,122,128,115,83,113,94" hai2="26,81,89,106,101,42,131,12,3,126,133,24,13" hai3="32,7,77,10,31,8,19,47,54,96,11,84,33"/><U90/><E61/><V63/><F3/><W45/><G7/><T121/><D118/><U53/><E53/><V99/><F133/><W109/><G109/><T58/><D121/><U71/><E60/><V44/><F131/><W9/><G96/><T28/><D5/><U117/><E71/><V65/><F126/><N who="1" m="48745" /><E117/><V107/><F107/><W15/><G54/><T30/><D14/><U72/><E122/><V87/><F12/><W95/><G95/><T34/><REACH who="0" step="1"/><D30/><REACH who="0" ten="301,305,250,134" step="2"/><U74/><E128/><V37/><REACH who="2" step="1"/><F13/><REACH who="2" ten="301,305,240,134" step="2"/><W110/><G110/><T79/><D79/><U62/><E78/><V0/><F0/><W17/><G15/><T88/><AGARI ba="0,2" hai="27,28,34,38,39,46,50,55,56,57,58,88,92,97" machi="88" ten="30,7900,0" yaku="1,1,0,1,52,1,54,1,53,0" doraHai="41" doraHaiUra="112" who="0" fromWho="0" sc="301,99,305,-39,240,-20,134,-20" /><INIT seed="2,0,0,5,3,107" ten="400,266,220,114" oya="2" hai0="10,4,7,15,101,26,94,78,63,62,99,41,110" hai1="95,17,116,70,96,39,76,37,31,18,113,67,97" hai2="98,134,92,46,6,109,125,20,102,115,48,111,118" hai3="89,19,33,42,74,29,82,122,87,81,54,127,112"/><V5/><F115/><W120/><G112/><T126/><D110/><N who="2" m="41994" /><F118/><W69/><G69/><T1/><D126/><U131/><E116/><V58/><F125/><W135/><G127/><T84/><D1/><U56/><E70/><V117/><F117/><W64/><G64/><T77/><D41/><U106/><E39/><V0/><F0/><W49/><G135/><T123/><D123/><U71/><E37/><V45/><F134/><W100/><G100/><T36/><D36/><U23/><E71/><V104/><F58/><W12/><G42/><T2/><D2/><U13/><E56/><V129/><F129/><W119/><G29/><T32/><D4/><N who="2" m="1642" /><F20/><W79/><G33/><T50/><D32/><U24/><E23/><V57/><F104/><W133/><G133/><T88/><D26/><U108/><E67/><V80/><F80/><W130/><G130/><T14/><D14/><U38/><E106/><V52/><AGARI ba="0,0" hai="45,46,48,52,57,92,98,102" m="1642,41994" machi="52" ten="30,6000,0" yaku="14,1,10,1,54,1" doraHai="107" who="2" fromWho="2" sc="400,-20,266,-20,220,60,114,-20" /><INIT seed="2,1,0,5,2,114" ten="380,246,280,94" oya="2" hai0="53,129,12,11,17,87,126,98,3,117,111,62,93" hai1="24,50,88,97,25,75,118,35,76,79,68,20,7" hai2="94,104,30,9,65,44,52,86,55,58,130,107,46" hai3="61,125,123,26,66,33,95,73,108,54,34,122,42"/><V59/><F65/><W16/><G73/><T90/><D111/><U32/><E68/><V132/><F132/><W89/><G108/><T15/><D3/><U23/><E50/><V40/><F130/><W57/><G125/><T134/><D126/><U105/><E75/><V67/><F67/><W133/><G133/><T119/><D129/><U110/><E110/><V10/><F94/><W60/><G42/><T124/><D124/><U128/><E7/><V8/><F86/><W39/><G39/><T100/><D134/><U4/><E4/><V43/><F10/><W135/><G135/><T120/><D120/><U63/><E63/><V45/><F46/><W91/><G91/><T109/><D109/><U5/><E88/><V127/><F127/><W101/><G101/><T13/><D62/><U28/><E5/><V18/><F18/><W6/><G6/><T31/><D53/><U47/><E47/><V115/><REACH who="2" step="1"/><F30/><REACH who="2" ten="380,246,270,94" step="2"/><W131/><G131/><T85/><D31/><U71/><E28/><V27/><F27/><W84/><G122/><T51/><D87/><U2/><E25/><V96/><F96/><W72/><G72/><T74/><D74/><U19/><E24/><V48/><F48/><W113/><G123/><T14/><REACH who="0" step="1"/><D51/><REACH who="0" ten="370,246,270,94" step="2"/><U103/><E128/><V121/><F121/><W69/><G61/><T82/><AGARI ba="1,2" hai="11,12,13,14,15,17,82,85,90,93,98,100,117,119" machi="82" ten="30,12000,2" yaku="1,1,2,1,0,1,52,2,53,1" doraHai="114" doraHaiUra="77" who="0" fromWho="0" sc="370,143,246,-31,270,-61,94,-31" /><INIT seed="3,0,0,4,3,15" ten="513,215,209,63" oya="3" hai0="84,11,9,121,107,119,75,90,118,124,109,45,25" hai1="72,134,93,21,115,63,120,36,7,98,113,133,33" hai2="112,135,14,35,125,54,94,43,56,26,89,123,18" hai3="22,12,16,74,40,106,117,70,105,60,49,61,0"/><W66/><G117/><T64/><D75/><U2/><E33/><V71/><F71/><W79/><G0/><T87/><D107/><U111/><E120/><V97/><F112/><W10/><G74/><T76/><D121/><U130/><E72/><V47/><F123/><W59/><G79/><T110/><D64/><U6/><E36/><V114/><F114/><W132/><G132/><N who="1" m="50794" /><E111/><N who="0" m="42505" /><D45/><U57/><E130/><V77/><F77/><W83/><G83/><N who="0" m="47207" /><D25/><U19/><E2/><V52/><F125/><W38/><G38/><T42/><D42/><U128/><E128/><V69/><F69/><W23/><G105/><T80/><D124/><U127/><E127/><V24/><F35/><W55/><REACH who="3" step="1"/><G106/><REACH who="3" ten="513,215,209,53" step="2"/><T30/><D119/><U8/><E115/><V102/><F135/><W4/><G4/><T32/><D118/><U96/><E7/><V44/><F102/><W51/><G51/><T99/><D80/><U62/><E113/><V3/><F3/><W81/><G81/><T100/><D100/><U101/><E101/><V85/><F89/><W86/><G86/><T122/><D87/><U131/><E131/><V13/><F85/><W126/><G126/><T92/><D90/><U103/><E98/><V67/><F97/><W34/><G34/><T73/><D32/><U104/><E104/><V31/><F94/><W129/><G129/><T108/><D92/><U46/><E93/><V50/><F50/><W65/><G65/><T5/><D99/><U53/><E96/><V88/><F88/><W91/><G91/><T37/><D122/><U39/><E39/><V1/><F67/><RYUUKYOKU ba="0,1" sc="513,-10,215,-10,209,-10,53,30" hai3="10,12,16,22,23,40,49,55,59,60,61,66,70" /><INIT seed="3,1,1,5,4,120" ten="503,205,199,83" oya="3" hai0="25,130,2,124,7,29,28,77,36,56,43,67,100" hai1="99,31,53,116,60,9,17,33,105,27,61,74,54" hai2="30,123,52,72,127,45,84,96,88,98,91,128,57" hai3="129,118,131,70,75,5,80,18,48,89,24,6,95"/><W82/><G70/><T121/><D121/><U50/><E74/><V103/><F72/><W68/><G68/><T41/><D124/><U15/><E116/><V134/><F127/><W92/><G118/><T22/><D130/><N who="3" m="49673" /><G95/><T19/><D7/><N who="3" m="2569" /><G75/><T71/><D2/><U97/><E54/><V10/><F134/><W58/><G24/><T49/><D71/><U108/><E108/><V66/><F128/><W1/><G1/><T104/><D104/><U81/><E81/><N who="3" m="31338" /><G18/><T40/><D19/><U62/><REACH who="1" step="1"/><E105/><REACH who="1" ten="503,195,199,83" step="2"/><V109/><F109/><W51/><G58/><AGARI ba="1,2" hai="9,15,17,27,31,33,50,53,58,60,61,62,97,99" machi="58" ten="40,5200,0" yaku="1,1,2,1,53,1" doraHai="120" doraHaiUra="21" who="1" fromWho="3" sc="503,0,195,75,199,0,83,-55" /><INIT seed="4,0,0,1,0,48" ten="503,270,199,28" oya="0" hai0="49,118,25,2,4,72,122,47,83,127,11,10,85" hai1="34,82,29,111,68,51,57,117,106,31,60,36,55" hai2="90,54,110,65,104,77,38,100,58,132,63,37,66" hai3="32,71,87,8,123,22,135,52,61,7,43,35,94"/><T18/><D72/><U80/><E117/><V39/><F77/><W64/><G135/><T74/><D74/><U78/><E111/><V124/><F100/><W98/><G123/><T119/><D127/><U81/><E106/><V96/><F96/><W21/><G43/><T59/><D122/><U73/><E36/><V105/><F90/><W115/><G115/><T101/><D101/><U19/><E19/><V69/><F105/><W129/><G129/><T14/><D59/><U42/><E31/><V121/><F104/><W6/><G6/><T45/><D25/><U116/><E116/><V128/><F110/><W50/><G87/><T112/><D112/><U15/><E15/><V88/><F88/><W134/><G134/><T17/><D18/><U23/><E23/><V108/><F108/><W30/><G22/><T44/><D118/><U56/><E68/><V126/><F132/><W114/><G114/><T84/><D119/><U113/><E113/><V97/><F97/><W107/><G107/><T40/><D85/><U109/><E109/><V95/><F121/><W5/><G5/><T92/><D92/><U24/><REACH who="1" step="1"/><E42/><REACH who="1" ten="503,260,199,28" step="2"/><V91/><F126/><W93/><G21/><T28/><D28/><U67/><AGARI ba="0,1" hai="24,29,34,51,55,56,57,60,67,73,78,80,81,82" machi="67" ten="20,8000,1" yaku="1,1,2,1,0,1,7,1,52,1,53,0" doraHai="48" doraHaiUra="86" who="1" fromWho="1" sc="503,-40,260,90,199,-20,28,-20" /><INIT seed="5,0,0,2,2,55" ten="463,350,179,8" oya="1" hai0="122,129,105,54,119,72,28,9,65,132,125,78,10" hai1="62,59,63,75,88,120,40,48,69,97,22,64,13" hai2="73,67,36,124,87,93,51,33,99,130,5,20,44" hai3="60,34,80,101,126,37,39,102,3,50,74,2,38"/><U56/><E75/><V35/><F73/><W127/><G50/><T21/><D119/><U81/><E120/><V26/><F36/><W58/><G34/><T31/><D105/><U115/><E115/><V61/><F130/><W47/><G47/><T66/><D129/><U42/><E69/><V52/><F87/><W12/><G12/><T17/><D78/><U84/><E48/><V94/><F5/><W103/><G80/><T53/><D72/><U112/><E112/><V19/><F124/><W41/><G41/><T108/><D108/><U82/><E82/><V128/><F128/><W77/><G77/><T109/><D109/><U98/><E22/><V116/><F93/><W134/><G134/><T96/><D132/><U27/><E27/><V106/><F106/><W117/><G74/><T15/><D125/><N who="3" m="47625" /><G117/><T30/><D96/><N who="1" m="36971" /><E13/><V110/><F110/><W114/><G114/><T100/><D100/><N who="3" m="25601" /><W118/><DORA hai="14" /><G118/><T113/><D113/><U11/><E11/><N who="0" m="4105" /><D122/><U107/><E107/><V43/><F116/><W121/><G121/><T111/><D111/><U85/><E85/><V29/><F35/><W86/><G86/><T70/><D70/><U24/><E24/><V133/><F133/><W49/><G49/><T83/><D83/><U57/><E57/><V8/><F33/><W16/><G16/><T45/><D45/><U131/><E131/><V95/><F44/><W6/><G6/><T25/><D25/><U68/><E68/><V1/><F26/><W23/><G23/><T46/><D46/><U32/><E32/><V92/><F20/><W104/><G104/><RYUUKYOKU ba="0,0" sc="463,10,350,10,179,-30,8,10" hai0="15,17,21,28,30,31,53,54,65,66" hai1="40,42,56,59,62,63,64,81,84,88" hai3="2,3,37,38,39,58,60" /><INIT seed="5,1,0,0,4,115" ten="473,360,149,18" oya="1" hai0="109,111,82,112,1,43,35,97,128,21,133,132,75" hai1="119,65,134,20,62,54,24,68,90,113,84,104,96" hai2="23,16,55,95,120,45,101,17,135,130,100,92,83" hai3="31,36,49,5,25,6,60,14,86,69,93,12,37"/><U38/><E113/><V18/><F120/><W10/><G49/><T53/><D112/><U94/><E134/><N who="0" m="51817" /><D35/><U34/><E38/><V123/><F123/><W19/><G36/><T67/><D1/><U30/><E54/><V0/><F0/><W102/><G37/><T110/><D128/><U105/><E20/><V22/><F135/><W124/><G124/><T81/><D43/><U40/><E40/><V39/><F130/><W46/><G46/><T61/><D97/><U116/><E105/><V118/><F118/><W56/><G69/><N who="0" m="42223" /><D75/><U41/><E41/><V52/><F83/><W89/><G102/><AGARI ba="1,0" hai="24,30,34,62,65,68,84,90,94,96,102,104,116,119" machi="102" ten="40,12000,1" yaku="25,2,52,2" doraHai="115" who="1" fromWho="3" sc="473,0,360,123,149,0,18,-123" owari="473,27.0,483,59.0,149,-25.0,-105,-61.0" /></mjloggm>