<mjloggm ver="2.3"><GO type="169" lobby="0"/><UN n0="%E3%81%9B%E3%82%93%E3%81%A8%E3%81%BD%E3%83%BC%E3%82%8B" n1="%E3%82%A6%E3%83%AB%E3%83%88%E3%83%A9%E7%AB%8B%E7%9B%B4" n2="%43%2E%43%2E%E3%82%B5%E3%83%90%E3%82%B7%E3%82%A2" n3="%E3%83%8B%E3%83%A3%E3%83%83%E3%83%94%E3%83%BC%E5%A4%8F%E7%9B%AE" dan="16,16,16,16" rate="2052.67,2096.63,2070.91,2098.29" sx="F,M,F,M"/><TAIKYOKU oya="0"/><INIT seed="0,0,0,2,4,3" ten="250,250,250,250" oya="0" hai0="20,97,32,36,106,39,75,70,99,133,67,40,23" hai1="128,117,55,81,14,46,118,82,28,44,15,134,77" hai2="85,123,12,16,21,95,8,56,89,104,33,122,91" hai3="113,29,96,9,47,78,100,76,51,64,86,66,6"/><T129/><D32/><U71/><E71/><V60/><F104/><W80/><G113/><T127/><D75/><U92/><E92/><V63/><F33/><W103/><G78/><T35/><D35/><U98/><E98/><V42/><F42/><W54/><G29/><T90/><D127/><U17/><E55/><V73/><F73/><W101/><REACH who="3" step="1"/><G96/><REACH who="3" ten="250,250,250,240" step="2"/><T18/><D99/><U48/><E77/><V120/><F56/><W114/><G114/><T109/><D97/><U125/><E28/><V7/><REACH who="2" step="1"/><F91/><REACH who="2" ten="250,250,240,240" step="2"/><W5/><G5/><T131/><D90/><U93/><E125/><V31/><F31/><W57/><G57/><T94/><D129/><U87/><E128/><V45/><F45/><W79/><G79/><T41/><D131/><U27/><E46/><V132/><F132/><W49/><G49/><T25/><D133/><U83/><E134/><V1/><AGARI ba="0,2" hai="1,7,8,12,16,21,60,63,85,89,95,120,122,123" machi="1" ten="30,7900,0" yaku="1,1,0,1,52,1,54,1,53,0" doraHai="3" doraHaiUra="37" who="2" fromWho="2" sc="250,-39,250,-20,240,99,240,-20" /><INIT seed="1,0,0,1,1,83" ten="211,230,339,220" oya="1" hai0="96,8,9,23,100,98,38,47,89,127,94,30,82" hai1="53,27,119,49,75,17,25,55,7,35,13,10,79" hai2="73,60,34,103,26,109,19,2,111,108,20,134,86" hai3="24,22,40,28,121,59,122,68,77,93,3,85,88"/><U70/><E119/><V37/><F73/><W129/><G68/><T12/><D127/><U80/><E70/><V0/><F134/><W126/><G126/><T29/><D8/><U42/><E42/><V84/><F37/><W46/><G3/><N who="2" m="1065" /><F103/><W117/><G117/><T58/><D38/><U39/><E39/><V95/><F95/><W72/><G129/><T92/><D47/><U67/><E67/><V123/><F123/><W43/><G43/><T115/><D115/><U62/><E35/><V66/><F34/><W99/><G72/><T5/><D23/><U116/><E116/><V90/><F90/><W104/><G59/><AGARI ba="0,0" hai="19,20,26,59,60,66,84,86,108,109,111" m="1065" machi="59" ten="40,5200,0" yaku="14,1,52,2" doraHai="83" who="2" fromWho="3" sc="211,0,230,0,339,52,220,-52" /><INIT seed="2,0,0,1,1,43" ten="211,230,391,168" oya="2" hai0="28,92,101,60,30,135,44,112,5,109,57,41,100" hai1="31,12,134,68,98,27,34,61,39,90,49,67,16" hai2="121,2,40,105,80,87,131,97,82,127,52,117,8" hai3="7,103,69,129,91,88,86,125,114,133,58,29,78"/><V99/><F117/><W66/><G69/><T72/><D109/><U63/><E39/><V46/><F121/><W55/><G129/><T26/><D112/><U126/><E126/><V4/><F131/><W14/><G125/><T6/><D72/><U113/><E113/><V116/><F116/><W24/><G66/><T79/><D79/><U81/><E134/><V118/><F118/><W124/><G133/><T128/><D128/><U123/><E123/><V107/><F127/><W74/><G74/><T36/><D135/><U102/><E49/><V54/><F82/><N who="3" m="47447" /><G103/><T13/><D30/><U48/><E48/><V94/><F105/><W9/><G114/><T84/><D84/><U23/><E63/><V119/><F107/><W93/><G93/><T65/><D13/><U96/><E90/><V110/><F110/><W3/><G3/><T53/><D53/><U51/><E81/><V71/><F71/><W122/><G122/><T132/><D132/><U77/><E77/><V115/><F115/><W33/><G33/><T19/><D19/><U22/><E51/><N who="2" m="27079" /><F119/><W42/><G42/><T10/><D10/><U120/><E120/><V45/><F94/><W56/><G124/><T62/><D62/><U108/><E108/><V11/><F54/><W18/><G55/><T15/><D15/><U0/><E0/><V106/><F106/><W20/><G7/><N who="0" m="2571" /><D92/><N who="1" m="58631" /><E34/><V25/><F2/><W111/><G111/><T130/><D130/><U21/><E23/><V32/><F32/><W59/><AGARI ba="0,0" hai="9,14,18,20,24,29,56,58,59,88,91" m="47447" machi="59" ten="30,2000,0" yaku="8,1,54,1" doraHai="43" who="3" fromWho="3" sc="211,-5,230,-5,391,-10,168,20" /><INIT seed="3,0,0,2,0,48" ten="206,225,381,188" oya="3" hai0="53,114,100,61,33,35,7,83,72,42,25,67,69" hai1="39,8,73,51,31,58,80,111,124,87,126,50,54" hai2="36,98,132,116,130,102,110,82,44,134,4,95,29" hai3="26,120,121,20,40,125,56,65,19,129,75,92,2"/><W101/><G2/><T77/><D114/><U109/><E73/><V11/><F116/><W118/><G118/><T113/><D113/><U91/><E39/><V76/><F110/><N who="1" m="41993" /><E31/><V71/><F130/><W90/><G129/><T103/><D42/><U133/><E133/><N who="2" m="51307" /><F71/><W112/><G112/><T27/><D7/><U105/><E105/><V55/><F29/><W68/><G68/><T41/><D41/><U12/><E51/><N who="2" m="29159" /><F36/><W10/><G125/><T63/><D83/><U108/><N who="1" m="42001" /><U57/><DORA hai="45" /><E57/><V46/><F46/><W117/><G117/><T115/><D69/><U43/><E43/><V96/><F95/><W106/><G40/><T131/><D72/><U93/><E93/><V85/><F102/><W13/><G75/><T21/><D131/><U128/><E128/><V52/><F52/><W16/><G106/><T22/><D53/><U1/><E1/><AGARI ba="0,0" hai="1,4,11,76,82,85,96,98" m="29159,51307" machi="1" ten="30,3900,0" yaku="20,1,52,2" doraHai="48,45" who="2" fromWho="1" sc="206,0,225,-39,381,39,188,0" /><INIT seed="4,0,0,4,0,71" ten="206,186,420,188" oya="0" hai0="103,10,81,41,84,86,134,68,52,102,60,64,27" hai1="115,107,132,78,5,106,4,99,72,79,122,59,69" hai2="74,62,51,77,46,96,3,100,109,118,17,94,26" hai3="13,76,12,112,131,1,114,32,14,20,135,34,54"/><T120/><D120/><U91/><E69/><V8/><F109/><W104/><G54/><T31/><D134/><U45/><E122/><V65/><F74/><W63/><G63/><T108/><D108/><U73/><E59/><V83/><F3/><W58/><G58/><T80/><D41/><U48/><E48/><V133/><F133/><W42/><G76/><T93/><D93/><U38/><E45/><V113/><F113/><N who="3" m="43627" /><G104/><T22/><D10/><U89/><E115/><V87/><F8/><W66/><G66/><T61/><D61/><U39/><REACH who="1" step="1"/><E99/><REACH who="1" ten="206,176,420,188" step="2"/><V67/><F96/><W85/><G135/><AGARI ba="0,1" hai="4,5,38,39,72,73,78,79,89,91,106,107,132,135" machi="135" ten="25,12000,2" yaku="1,1,2,1,22,2,52,2,53,0" doraHai="71" doraHaiUra="36" who="1" fromWho="3" sc="206,0,176,130,420,0,188,-120" /><INIT seed="5,0,0,3,2,9" ten="206,306,420,68" oya="1" hai0="115,3,74,90,77,36,0,21,106,85,122,35,72" hai1="84,13,11,104,89,107,15,123,118,95,16,26,124" hai2="24,119,32,29,23,60,103,129,19,126,109,30,65" hai3="128,120,135,48,61,86,57,58,130,91,12,117,25"/><U88/><E123/><V40/><F109/><W92/><G120/><T96/><D122/><U134/><E118/><V22/><F119/><W41/><G117/><T98/><D36/><U55/><E124/><V132/><F126/><W83/><G135/><T76/><D35/><U110/><E134/><V4/><F132/><W37/><G37/><T79/><D21/><U7/><E26/><V43/><F129/><W94/><G25/><T59/><D59/><U1/><E110/><V99/><F4/><W121/><G121/><T78/><D3/><U73/><E73/><N who="0" m="28265" /><D0/><U50/><E89/><V6/><F6/><W70/><G70/><T14/><D14/><U93/><E93/><N who="2" m="58863" /><F32/><W49/><G130/><T39/><D39/><U131/><E131/><V102/><F102/><W18/><G128/><T54/><D115/><U81/><E1/><V101/><F101/><W34/><G34/><T66/><D54/><U68/><E68/><V33/><F33/><W45/><G49/><T116/><D66/><U97/><E97/><N who="0" m="37481" /><D116/><U82/><E107/><V125/><F30/><W27/><G27/><T127/><D127/><U5/><E104/><V2/><F2/><W100/><G58/><T56/><D56/><N who="1" m="32887" /><E5/><V108/><F125/><W28/><G28/><T105/><N who="0" m="19968" /><DORA hai="53" /><T52/><D52/><U71/><E71/><V47/><F29/><W42/><G100/><T69/><D69/><U63/><E63/><V112/><F60/><W113/><G113/><T62/><D62/><U46/><E46/><V67/><F47/><W20/><G42/><T38/><D38/><U133/><E133/><RYUUKYOKU ba="0,0" sc="206,10,306,10,420,-30,68,10" hai0="85,90,105,106" hai1="7,11,13,15,16,81,82,84,88,95" hai3="12,18,20,41,45,48,57,61,83,86,91,92,94" /><INIT seed="5,1,0,0,4,81" ten="216,316,390,78" oya="1" hai0="0,122,17,115,128,73,74,77,35,40,21,59,80" hai1="99,58,47,39,94,114,45,98,100,18,29,71,104" hai2="112,75,89,14,19,34,50,121,90,30,125,46,37" hai3="72,27,52,107,53,87,1,69,135,129,68,109,97"/><U101/><E71/><V117/><F121/><W102/><G109/><T23/><D35/><U28/><E114/><V36/><F117/><W54/><G72/><T86/><D0/><U116/><E116/><V26/><F75/><W84/><G1/><T108/><D115/><U20/><E58/><V24/><F112/><W123/><G123/><T127/><D108/><U66/><E66/><V95/><F125/><W130/><G135/><T63/><D122/><U88/><E101/><V78/><F78/><W3/><G3/><T61/><D127/><U126/><E126/><V79/><F79/><W91/><G27/><T120/><D120/><U118/><E118/><V7/><F7/><W10/><G10/><T134/><D128/><N who="3" m="49257" /><G91/><T131/><D40/><U9/><E9/><V38/><F26/><W76/><G76/><T16/><D134/><U113/><E113/><V83/><F83/><W70/><AGARI ba="1,0" hai="52,53,54,68,69,70,84,87,97,102,107" m="49257" machi="70" ten="40,8000,1" yaku="19,1,52,2,54,1" doraHai="81" who="3" fromWho="3" sc="216,-21,316,-41,390,-21,78,83" /><INIT seed="6,0,0,0,3,12" ten="195,275,369,161" oya="2" hai0="105,7,18,2,112,62,124,108,88,106,70,47,39" hai1="44,100,55,42,107,4,123,48,102,132,10,9,96" hai2="61,72,31,35,65,26,128,14,3,54,114,122,131" hai3="89,127,110,59,73,13,56,49,121,32,16,34,69"/><V63/><F122/><W77/><G110/><T86/><D108/><U41/><E132/><V53/><F3/><W113/><G121/><T109/><D112/><U50/><E123/><V130/><F114/><W0/><G113/><T84/><D109/><U95/><E107/><V38/><F38/><W52/><G69/><T71/><D2/><U115/><E115/><V83/><F14/><W29/><G0/><T129/><D7/><U74/><E74/><V1/><F1/><W19/><G127/><T8/><D124/><U101/><E42/><V23/><F35/><W20/><G29/><T94/><D129/><U134/><E134/><V87/><F72/><W57/><G19/><T90/><D18/><U91/><REACH who="1" step="1"/><E4/><REACH who="1" ten="195,265,369,161" step="2"/><V58/><REACH who="2" step="1"/><F63/><REACH who="2" ten="195,265,359,161" step="2"/><W117/><G73/><T33/><D62/><U99/><E99/><V6/><F6/><W64/><G117/><T135/><D86/><U75/><E75/><V67/><F67/><W120/><G64/><T97/><D84/><U116/><E116/><V66/><F66/><W93/><G120/><T45/><D97/><U76/><E76/><AGARI ba="0,2" hai="23,26,31,53,54,58,61,65,76,83,87,128,130,131" machi="76" ten="40,7700,0" yaku="1,1,19,1,53,1" doraHai="12" doraHaiUra="82" who="2" fromWho="1" sc="195,0,265,-77,359,97,161,0" /><INIT seed="6,1,0,5,2,109" ten="195,188,456,161" oya="2" hai0="96,104,73,92,117,120,5,98,126,127,63,48,113" hai1="81,28,45,30,107,72,12,74,22,124,9,132,133" hai2="46,67,83,58,125,32,84,89,4,82,78,65,62" hai3="114,129,68,112,94,36,25,44,131,106,99,108,59"/><V119/><F119/><W101/><G108/><T37/><D117/><U79/><E107/><V123/><F123/><W24/><G68/><T87/><D120/><U0/><E0/><V80/><F32/><W128/><G106/><T121/><D37/><U115/><E124/><N who="0" m="47657" /><D121/><U53/><E74/><V122/><F125/><W26/><G59/><T76/><D73/><U95/><E95/><V135/><F135/><N who="1" m="51785" /><E115/><N who="3" m="44074" /><G44/><T39/><D39/><AGARI ba="1,0" hai="24,25,26,36,39,94,99,101,128,129,131" m="44074" machi="39" ten="40,12000,2" yaku="19,1,15,1,11,1,52,3" doraHai="109" who="3" fromWho="0" sc="195,-123,188,0,456,0,161,123" /><INIT seed="7,0,0,4,1,17" ten="72,188,456,284" oya="3" hai0="122,120,3,10,128,127,77,60,131,34,37,75,74" hai1="50,94,65,110,125,85,55,6,118,80,19,16,20" hai2="14,36,97,43,111,18,78,124,59,66,1,58,64" hai3="132,15,117,76,135,134,47,68,114,70,107,121,52"/><W11/><G107/><T56/><D56/><U112/><E112/><V54/><F111/><W126/><G117/><T103/><D60/><U2/><E125/><V49/><F1/><W88/><G121/><T29/><D103/><U119/><E110/><V79/><F124/><W73/><G114/><T28/><D77/><N who="2" m="29194" /><F43/><W104/><G104/><T106/><D106/><U53/><E94/><V13/><F36/><W5/><G126/><T89/><D89/><U33/><E33/><V109/><F109/><W129/><G129/><T102/><D102/><U71/><E6/><V87/><F87/><W105/><G105/><T90/><D90/><U95/><E2/><V9/><F97/><W115/><G115/><T12/><D37/><U26/><E95/><V41/><F41/><W44/><G44/><T21/><D127/><U45/><E55/><N who="2" m="32111" /><F14/><W31/><G31/><T92/><D92/><U67/><E71/><V98/><F98/><W51/><REACH who="3" step="1"/><G88/><REACH who="3" ten="72,188,456,274" step="2"/><T130/><D122/><U133/><E45/><V116/><F116/><W86/><G86/><T35/><D120/><U23/><E119/><V38/><F38/><W91/><G91/><T8/><D131/><U69/><E118/><V61/><AGARI ba="0,1" hai="9,13,18,54,59,61,64,66" m="32111,29194" machi="61" ten="30,1100,0" yaku="8,1" doraHai="17" who="2" fromWho="2" sc="72,-3,188,-3,456,21,274,-5" owari="69,-43.0,185,-21.0,477,57.0,269,7.0" /></mjloggm>