<mjloggm ver="2.3"><GO type="169" lobby="0"/><UN n0="%E5%B0%8F%E6%89%8B%E8%BF%94%E6%92%B2%E6%BB%85%E4%BC%9A%E9%95%B7" n1="%66%75%6A%69%6D%75%72%61" n2="%6D%69%74%73%75%36%31%31" n3="%E3%82%A6%E3%83%AB%E3%83%88%E3%83%A9%E7%AB%8B%E7%9B%B4" dan="16,16,17,17" rate="2083.08,2156.18,2151.08,2160.21" sx="M,M,M,M"/><TAIKYOKU oya="0"/><INIT seed="0,0,0,0,5,22" ten="250,250,250,250" oya="0" hai0="8,119,56,93,107,47,16,71,94,17,28,12,27" hai1="50,110,70,13,42,23,131,62,102,35,64,87,7" hai2="31,83,103,54,58,40,30,117,32,4,5,130,25" hai3="80,2,133,48,91,52,113,98,3,109,51,96,68"/><T112/><D71/><U76/><E35/><V95/><F117/><W101/><G68/><T9/><D107/><U34/><E34/><V41/><F130/><W6/><G113/><T129/><D112/><U59/><E131/><V69/><F69/><W81/><G109/><T36/><D129/><U114/><E110/><V78/><F31/><W20/><G133/><T29/><D119/><U104/><E114/><V37/><F37/><W15/><G51/><T33/><D29/><U82/><E102/><V67/><F67/><W118/><G118/><T21/><D56/><U115/><E104/><V53/><F53/><W134/><G134/><T45/><D9/><N who="1" m="4287" /><E115/><V111/><F111/><W88/><G3/><T127/><D127/><U38/><E38/><V116/><F116/><W123/><G2/><T43/><D47/><N who="1" m="25975" /><E23/><V128/><F128/><W89/><G123/><T10/><D10/><U14/><E14/><AGARI ba="0,0" hai="8,12,14,16,17,21,27,28,33,36,43,45,93,94" machi="14" ten="30,5800,0" yaku="7,1,52,1,54,1" doraHai="22" who="0" fromWho="1" sc="250,58,250,-58,250,0,250,0" /><INIT seed="0,1,0,2,0,16" ten="308,192,250,250" oya="0" hai0="30,88,82,29,124,130,94,91,7,12,26,57,110" hai1="4,74,101,97,25,133,59,21,46,103,99,126,111" hai2="65,125,129,120,23,22,62,28,32,132,35,69,47" hai3="43,11,122,128,87,127,71,36,49,135,42,10,81"/><T64/><D124/><U45/><E74/><V84/><F120/><W107/><G127/><T134/><D130/><U24/><E111/><V113/><F113/><W77/><G122/><T83/><D134/><U68/><E68/><V56/><F125/><W63/><G128/><T86/><D110/><U48/><E4/><V112/><F112/><W5/><G135/><T72/><D30/><U67/><E21/><V20/><F129/><W60/><G107/><T100/><D100/><U50/><E126/><V34/><F132/><W98/><G36/><T117/><D117/><U2/><E2/><V93/><F47/><W31/><G71/><T89/><D64/><U52/><E67/><V55/><F28/><W70/><G70/><T17/><D7/><U121/><E133/><V38/><F38/><W78/><G78/><T9/><D57/><U118/><E121/><V106/><F106/><W53/><G31/><T14/><D14/><U61/><E118/><V75/><F75/><W105/><G11/><T115/><D115/><U54/><E59/><V18/><F93/><W123/><G123/><T104/><D104/><U15/><E15/><V39/><F39/><W108/><G108/><T66/><D66/><U6/><E6/><V58/><F84/><W85/><G85/><T80/><REACH who="0" step="1"/><D72/><REACH who="0" ten="298,192,250,250" step="2"/><U90/><E61/><V95/><F69/><W19/><G5/><T119/><D119/><U114/><E114/><V109/><F109/><W116/><G116/><T3/><D3/><U44/><E44/><V92/><F18/><W1/><G19/><T41/><D41/><U131/><E131/><RYUUKYOKU ba="1,1" sc="298,10,192,10,250,10,250,-30" hai0="9,12,17,26,29,80,82,83,86,88,89,91,94" hai1="24,25,45,46,48,50,52,54,90,97,99,101,103" hai2="20,22,23,32,34,35,55,56,58,62,65,92,95" /><INIT seed="0,2,1,1,2,70" ten="308,202,260,220" oya="0" hai0="126,58,118,39,125,98,29,115,8,12,30,40,61" hai1="92,3,129,134,64,88,119,19,17,25,53,2,72" hai2="127,94,54,80,0,35,99,122,62,16,116,130,38" hai3="123,26,83,37,57,77,27,109,6,120,113,85,96"/><T7/><D115/><U48/><E72/><V28/><F0/><W90/><G113/><T63/><D118/><U82/><E119/><V117/><F122/><N who="3" m="46635" /><G109/><T112/><D112/><U135/><E64/><V31/><F80/><N who="3" m="49447" /><G6/><T108/><D98/><U76/><E129/><V75/><F75/><N who="3" m="43455" /><G37/><T18/><D63/><U103/><E2/><V65/><F38/><W60/><G96/><T24/><D108/><U1/><E1/><V128/><F35/><W68/><G68/><T15/><D40/><U5/><E5/><V9/><F54/><AGARI ba="2,1" hai="26,27,54,57,60" m="43455,49447,46635" machi="54" ten="30,1000,0" yaku="13,1" doraHai="70" who="3" fromWho="2" sc="308,0,202,0,260,-16,220,26" /><INIT seed="1,0,0,1,0,23" ten="308,202,244,246" oya="1" hai0="113,119,12,93,51,21,66,84,62,134,49,128,130" hai1="115,50,30,2,79,43,13,73,68,94,65,78,7" hai2="20,11,70,82,16,97,69,29,19,127,58,28,59" hai3="42,123,26,6,36,103,52,17,126,24,92,54,64"/><U0/><E115/><V88/><F127/><W71/><G123/><T25/><D119/><U129/><E129/><N who="0" m="49769" /><D134/><U105/><E105/><V116/><F116/><W57/><G126/><T63/><D12/><U75/><E13/><N who="2" m="7231" /><F70/><W3/><G3/><T5/><D5/><U121/><E68/><V45/><F45/><W41/><G6/><T87/><D63/><U133/><E7/><V15/><F69/><W108/><G108/><T109/><D109/><U22/><E133/><V100/><F100/><W40/><G36/><T18/><D113/><U135/><E135/><V72/><F72/><W56/><G71/><N who="0" m="42455" /><D87/><U67/><E121/><V9/><F9/><W77/><G64/><T34/><D34/><U110/><E110/><V74/><F74/><W46/><G46/><T96/><D84/><U55/><E43/><V124/><F124/><W132/><G132/><T102/><AGARI ba="0,0" hai="18,21,25,49,51,93,96,102" m="42455,49769" machi="102" ten="30,2000,0" yaku="19,1,52,1" doraHai="23" who="0" fromWho="0" sc="308,20,202,-10,244,-5,246,-5" /><INIT seed="2,0,0,5,4,30" ten="328,192,239,241" oya="2" hai0="18,43,88,6,56,38,5,47,126,78,123,112,68" hai1="45,122,25,109,128,85,16,118,35,82,93,14,107" hai2="127,106,65,7,120,42,125,53,50,44,129,48,3" hai3="29,2,133,105,76,46,39,94,79,19,40,36,117"/><V12/><F106/><W115/><G105/><T91/><D123/><U131/><E107/><V114/><F120/><W58/><G117/><T73/><D68/><U67/><E118/><V116/><F116/><W21/><G2/><T80/><D126/><N who="2" m="48138" /><F3/><W99/><G133/><T15/><D112/><U104/><E104/><V13/><F114/><W27/><G115/><T63/><D5/><U89/><E67/><V59/><F7/><W11/><G39/><T75/><D75/><U22/><E109/><V69/><F13/><W64/><G11/><T132/><D6/><U108/><E108/><V100/><F12/><W113/><G113/><T55/><REACH who="0" step="1"/><D132/><REACH who="0" ten="318,192,239,241" step="2"/><U33/><E122/><V72/><F72/><W41/><G41/><T83/><D83/><U102/><E82/><V32/><F100/><W110/><G110/><T49/><D49/><U103/><E103/><V51/><F129/><N who="1" m="49737" /><E102/><V54/><F69/><W20/><G40/><T95/><D95/><U81/><E93/><V96/><F96/><W61/><G99/><T119/><D119/><U1/><E1/><V77/><F77/><W124/><G124/><T121/><D121/><U0/><E0/><V71/><F71/><W62/><G94/><T86/><D86/><U37/><E14/><V10/><F50/><W9/><G79/><T66/><D66/><U26/><E26/><V135/><F135/><W4/><G76/><T98/><D98/><U130/><E130/><V101/><F101/><W34/><G27/><T23/><AGARI ba="0,1" hai="15,18,23,38,43,47,55,56,63,73,78,80,88,91" machi="23" ten="20,12000,2" yaku="1,1,0,1,7,1,54,1,53,2" doraHai="30" doraHaiUra="84" who="0" fromWho="0" sc="318,130,192,-30,239,-60,241,-30" /><INIT seed="3,0,0,3,4,57" ten="448,162,179,211" oya="3" hai0="133,110,5,80,42,14,100,4,86,13,87,120,11" hai1="119,121,115,64,72,24,45,69,71,30,63,95,26" hai2="32,65,40,103,75,98,50,28,85,123,51,49,127" hai3="112,22,111,60,39,97,125,18,77,76,116,93,35"/><W62/><G116/><T66/><D110/><U132/><E115/><V90/><F123/><W31/><G39/><T78/><D133/><U129/><E72/><V124/><F75/><W128/><G112/><T53/><D42/><U54/><E121/><V27/><F65/><W23/><G35/><T135/><D135/><U12/><E132/><V2/><F2/><W105/><G105/><T94/><D66/><U101/><E129/><V81/><REACH who="2" step="1"/><F40/><REACH who="2" ten="448,162,169,211" step="2"/><W82/><G128/><T88/><D120/><U38/><E119/><V47/><F47/><W106/><G111/><T134/><D134/><U55/><E69/><V7/><F7/><W109/><G109/><T46/><D46/><U6/><E45/><V117/><F117/><W126/><G125/><T52/><D5/><U102/><E38/><V99/><F99/><W73/><G126/><T104/><D4/><U10/><E55/><V9/><F9/><W1/><G1/><T74/><D52/><U36/><E54/><V8/><F8/><W114/><G114/><T131/><D53/><U58/><E36/><V43/><F43/><W70/><G70/><T96/><D11/><U0/><E71/><V107/><AGARI ba="0,1" hai="27,28,32,49,50,51,81,85,90,98,103,107,124,127" machi="107" ten="30,2000,0" yaku="1,1,0,1,53,0" doraHai="57" doraHaiUra="41" who="2" fromWho="2" sc="448,-5,162,-5,169,30,211,-10" /><INIT seed="4,0,0,5,0,88" ten="443,157,199,201" oya="0" hai0="78,15,46,111,53,135,95,93,28,109,121,67,129" hai1="5,32,20,29,105,3,48,8,56,75,39,107,35" hai2="49,74,79,40,81,94,104,14,69,120,10,41,134" hai3="108,98,113,54,112,65,33,106,0,63,25,101,22"/><T126/><D121/><U64/><E39/><V24/><F69/><W89/><G0/><T116/><D116/><U66/><E75/><V130/><F104/><W96/><G108/><N who="0" m="41547" /><D28/><U51/><E35/><V76/><F76/><W47/><G47/><T118/><D118/><U4/><E4/><V91/><F120/><W62/><G54/><T21/><D67/><U132/><E132/><V52/><F134/><W30/><G22/><T128/><D126/><U34/><E34/><V61/><F61/><W119/><G119/><T31/><D78/><U100/><E105/><V115/><F24/><W43/><G43/><T87/><D87/><U122/><E122/><V23/><F115/><W55/><G55/><T42/><D53/><U71/><E71/><V38/><F38/><W123/><G63/><T72/><D72/><U80/><E32/><V13/><F130/><N who="0" m="50282" /><D135/><U17/><E29/><V102/><F102/><W18/><G123/><T19/><D31/><U124/><E124/><V27/><F41/><W73/><G73/><T68/><D68/><U110/><E110/><V1/><F40/><W2/><G30/><T58/><D58/><U92/><E107/><V97/><F1/><W44/><G2/><T84/><D84/><U114/><E114/><V131/><F131/><W50/><G33/><T70/><D70/><U125/><E125/><V85/><F74/><W16/><G112/><T37/><AGARI ba="0,0" hai="15,19,21,37,42,46,93,95" m="50282,41547" machi="37" ten="30,11700,0" yaku="10,1,19,1,52,2" doraHai="88" who="0" fromWho="0" sc="443,117,157,-39,199,-39,201,-39" /><INIT seed="4,1,0,1,3,51" ten="560,118,160,162" oya="0" hai0="71,62,130,0,46,77,123,133,72,115,112,27,18" hai1="117,52,129,16,96,3,84,63,32,33,128,121,98" hai2="31,4,43,135,45,38,87,44,10,5,103,74,120" hai3="66,26,134,79,97,22,8,1,50,67,82,60,12"/><T68/><D0/><U89/><E3/><V105/><F120/><W107/><G1/><T35/><D18/><U21/><E33/><V101/><F135/><W40/><G134/><T29/><D130/><N who="1" m="50283" /><E32/><V94/><F31/><W61/><G107/><T91/><D91/><U65/><E65/><V24/><F24/><W125/><G125/><T56/><D46/><U114/><E117/><V90/><F45/><W113/><G113/><T58/><D123/><U78/><E78/><V13/><F74/><W42/><G97/><T30/><D27/><N who="1" m="14759" /><E114/><V37/><F37/><W23/><G79/><T36/><D36/><U15/><E15/><V53/><F105/><W49/><G26/><T41/><D35/><U54/><E121/><V80/><F80/><W59/><G82/><T100/><D77/><U28/><E28/><V76/><F76/><W108/><G12/><T132/><D72/><U110/><E110/><V39/><F39/><W93/><G108/><T81/><D81/><N who="1" m="49295" /><E63/><V73/><F73/><W2/><G2/><T69/><D62/><U83/><E83/><V17/><F101/><W124/><G124/><T116/><D100/><U122/><E122/><V14/><F103/><W6/><G61/><T126/><D116/><U47/><E47/><V127/><F127/><W92/><G60/><T95/><D126/><U99/><AGARI ba="1,0" hai="52,54,96,98,99" m="49295,14759,50283" machi="99" ten="30,8000,1" yaku="19,1,52,2,54,2" doraHai="51" who="1" fromWho="1" sc="560,-41,118,83,160,-21,162,-21" /><INIT seed="5,0,0,4,3,44" ten="519,201,139,141" oya="1" hai0="37,83,86,134,55,54,26,131,123,58,33,38,82" hai1="113,35,130,75,12,24,34,45,133,47,29,98,46" hai2="2,21,42,51,97,65,128,115,17,67,108,77,91" hai3="96,1,62,93,120,22,50,104,30,118,57,74,71"/><U121/><E75/><V25/><F108/><W56/><G120/><T125/><D55/><U100/><E121/><V32/><F2/><W36/><G1/><T70/><D83/><U90/><E113/><V27/><F128/><W48/><G104/><T88/><D131/><U117/><E117/><V4/><F4/><W13/><G74/><T52/><D54/><U114/><E114/><V49/><F77/><W41/><G118/><T95/><D70/><U7/><E130/><V85/><F97/><W122/><G122/><T31/><D134/><U63/><E63/><V129/><F129/><W6/><G36/><T59/><D59/><N who="3" m="22601" /><G41/><T124/><D82/><U89/><E35/><V135/><F135/><W10/><G71/><T94/><D94/><U101/><E133/><V116/><F116/><W87/><G87/><T106/><D106/><U102/><E98/><V61/><F115/><W92/><G62/><N who="0" m="36167" /><D123/><U3/><E3/><V11/><F61/><W112/><G112/><T5/><D5/><U99/><E99/><V80/><F42/><W72/><G72/><T111/><D111/><U107/><E107/><V126/><F126/><AGARI ba="0,0" hai="26,31,33,37,38,86,88,95,124,125,126" m="36167" machi="126" ten="30,3900,0" yaku="18,1,54,2" doraHai="44" who="0" fromWho="2" sc="519,39,201,0,139,-39,141,0" /><INIT seed="6,0,0,0,1,10" ten="558,201,100,141" oya="2" hai0="31,135,130,75,65,100,15,87,61,3,127,14,19" hai1="12,119,40,91,103,23,125,36,11,8,30,24,49" hai2="126,97,128,71,106,98,62,34,93,46,74,94,51" hai3="16,18,73,77,120,109,32,37,85,110,70,69,83"/><V39/><F34/><W20/><G32/><T66/><D75/><U101/><E36/><V82/><F126/><W78/><G120/><T67/><D3/><U56/><E119/><V95/><F128/><W9/><G37/><T52/><D31/><U26/><E26/><V28/><F28/><W131/><G131/><T59/><D127/><U111/><E111/><V122/><F122/><W102/><G102/><T84/><D135/><U96/><E11/><V4/><F4/><W68/><G9/><T7/><D100/><U21/><E21/><V33/><F33/><W17/><G20/><N who="0" m="11383" /><D130/><U86/><E96/><V115/><F115/><W13/><G13/><T79/><D79/><U60/><E49/><V1/><F1/><W41/><G41/><T35/><D35/><U63/><E40/><V76/><F106/><W53/><G53/><T134/><D134/><U44/><E44/><V47/><F39/><W45/><G45/><T129/><D129/><U99/><E99/><V6/><F6/><W38/><G38/><T124/><D124/><U114/><E114/><V108/><F108/><W22/><REACH who="3" step="1"/><G22/><REACH who="3" ten="558,201,100,131" step="2"/><T57/><D15/><U64/><E125/><V123/><F123/><W107/><G107/><T118/><D7/><N who="1" m="3103" /><E60/><V105/><F105/><W5/><G5/><T89/><D118/><U29/><E29/><V2/><F2/><W42/><G42/><T113/><D113/><U116/><E116/><V121/><F121/><W72/><G72/><T117/><D117/><U50/><E50/><V48/><F48/><W55/><G55/><T90/><D59/><U88/><E56/><RYUUKYOKU ba="0,1" sc="558,15,201,-15,100,-15,131,15" hai0="52,57,61,65,66,67,84,87,89,90" hai3="16,17,18,68,69,70,73,77,78,83,85,109,110" /><INIT seed="7,1,1,1,5,61" ten="573,186,85,146" oya="3" hai0="80,126,37,110,68,14,75,103,26,18,102,72,13" hai1="56,107,76,70,44,104,125,124,85,84,113,46,35" hai2="116,34,87,42,27,120,82,6,59,129,119,16,95" hai3="33,25,101,52,94,4,130,11,53,123,93,55,17"/><W47/><G123/><T9/><D37/><U32/><E56/><V48/><F120/><W49/><G130/><T43/><D43/><U31/><E70/><V40/><F129/><W58/><G101/><T83/><D26/><U71/><E71/><V99/><F6/><W131/><G131/><T63/><D68/><U54/><E54/><V128/><F128/><W12/><G33/><T8/><D18/><U67/><E67/><V81/><F119/><W1/><G1/><T65/><D65/><U105/><E76/><V0/><F0/><W22/><G55/><T29/><D63/><AGARI ba="1,1" hai="4,11,12,17,22,25,47,49,52,53,58,63,93,94" machi="63" ten="30,5800,0" yaku="7,1,8,1,54,1" doraHai="61" who="3" fromWho="0" sc="573,-61,186,0,85,0,146,71" /><INIT seed="7,2,0,0,0,6" ten="512,186,85,217" oya="3" hai0="92,76,79,87,54,116,33,67,78,125,98,30,94" hai1="12,2,56,15,111,100,69,70,114,17,28,128,130" hai2="123,32,29,103,31,0,75,86,82,10,73,88,37" hai3="21,51,14,45,89,133,74,134,124,61,72,41,35"/><W44/><G35/><T91/><D67/><U48/><E111/><V47/><F123/><W22/><G61/><T57/><D125/><U63/><E2/><V65/><F65/><W36/><G89/><T16/><D30/><U4/><E28/><V13/><F0/><W50/><G36/><T11/><D116/><U112/><E48/><V117/><F117/><W23/><G14/><N who="1" m="5162" /><E17/><V68/><F68/><N who="1" m="26217" /><E4/><V42/><F103/><W52/><REACH who="3" step="1"/><G124/><REACH who="3" ten="512,186,85,207" step="2"/><T95/><D33/><U131/><E100/><V90/><F31/><W127/><G127/><T105/><D91/><U19/><E19/><V121/><F121/><W110/><G110/><T24/><D16/><U83/><E83/><V71/><F71/><W97/><G97/><T109/><D98/><U20/><E20/><V108/><F108/><W115/><G115/><T132/><D109/><U26/><E26/><V34/><F34/><W9/><G9/><T101/><D11/><U113/><E113/><V66/><F66/><AGARI ba="2,1" hai="56,63,66,112,114,128,130,131" m="26217,5162" machi="66" ten="40,1300,0" yaku="19,1" doraHai="6" who="1" fromWho="2" sc="512,0,186,29,85,-19,207,0" owari="512,60.0,215,2.0,66,-43.0,207,-19.0" /></mjloggm>