<mjloggm ver="2.3"><GO type="169" lobby="0"/><UN n0="%6A%61%6E%79" n1="%EF%BC%9D%E9%B7%BA%E6%A3%AE%E7%81%BC%EF%BC%9D" n2="%68%61%72%75%72%75%39%31" n3="%E5%B0%B1%E6%B4%BB%E7%94%9F%40%E5%B7%9D%E6%9D%91%E8%BB%8D%E5%9B%A3" dan="16,16,16,17" rate="2084.54,2084.85,2081.02,2127.90" sx="M,F,M,M"/><TAIKYOKU oya="0"/><INIT seed="0,0,0,3,3,36" ten="250,250,250,250" oya="0" hai0="129,117,75,85,118,28,2,100,116,96,91,115,67" hai1="5,49,51,121,135,58,55,14,43,77,25,68,74" hai2="87,73,8,79,108,35,9,52,30,71,107,44,21" hai3="4,78,13,126,63,7,103,94,112,6,32,111,131"/><T22/><D115/><U56/><E68/><V27/><F73/><W86/><G32/><T29/><D2/><U10/><E121/><V64/><F107/><W65/><G112/><T110/><D75/><U47/><E135/><V125/><F108/><W18/><G111/><T81/><D110/><U90/><E90/><V102/><F102/><W122/><G122/><T59/><D129/><U93/><E93/><V61/><F125/><W0/><G0/><T11/><D11/><U128/><E128/><V12/><F35/><W62/><G126/><T19/><D59/><U38/><E25/><V123/><F123/><W114/><G114/><T50/><D50/><U17/><E58/><V84/><F79/><W39/><G39/><T42/><D67/><U134/><E134/><V119/><F9/><W99/><G131/><T124/><D124/><U1/><E51/><V53/><F119/><W106/><G65/><T24/><REACH who="0" step="1"/><D42/><REACH who="0" ten="240,250,250,250" step="2"/><U41/><E41/><V120/><F120/><W15/><G63/><T34/><D34/><U109/><E109/><V31/><F8/><W88/><G62/><T60/><D60/><U113/><E113/><V105/><F61/><W48/><G48/><T80/><D80/><U133/><E133/><V82/><F64/><W40/><G40/><T98/><D98/><U3/><E5/><V104/><F82/><W72/><G18/><T70/><D70/><U101/><E3/><V97/><F71/><W69/><G69/><T23/><D23/><U46/><E1/><V54/><F21/><W57/><G57/><T127/><D127/><U20/><E20/><RYUUKYOKU ba="0,1" sc="240,15,250,-15,250,-15,250,15" hai0="19,22,24,28,29,81,85,91,96,100,116,117,118" hai3="4,6,7,13,15,72,78,86,88,94,99,103,106" /><INIT seed="0,1,1,1,4,117" ten="255,235,235,265" oya="0" hai0="99,93,89,119,92,39,115,134,2,97,11,22,23" hai1="76,74,49,8,120,36,111,77,131,78,50,113,34" hai2="26,27,125,32,19,4,108,53,105,133,15,12,62" hai3="129,126,60,20,67,107,47,85,98,104,64,135,41"/><T40/><D115/><U9/><E36/><V61/><F105/><W109/><G109/><T84/><D119/><U116/><E116/><V124/><F53/><W63/><G129/><T59/><D134/><U90/><E111/><V46/><F46/><W10/><G126/><N who="2" m="48745" /><F62/><W127/><G127/><T58/><D2/><U102/><E131/><V68/><F61/><W1/><G135/><T24/><D11/><U112/><E74/><V94/><F94/><W83/><G20/><T101/><D84/><U25/><E102/><V52/><F52/><W103/><G107/><T5/><D5/><U56/><E90/><V42/><F42/><W87/><G63/><T128/><D128/><U3/><E3/><V54/><F54/><W73/><G85/><T30/><REACH who="0" step="1"/><D22/><REACH who="0" ten="245,235,235,265" step="2"/><U123/><E8/><V37/><F133/><W29/><G73/><T21/><D21/><U88/><E9/><V114/><F4/><W43/><G10/><T14/><D14/><U82/><E112/><V121/><F15/><W80/><G1/><T100/><D100/><U132/><E113/><V31/><F12/><W72/><G72/><T33/><D33/><U51/><E132/><V96/><F32/><W66/><G87/><T17/><D17/><U48/><E34/><V122/><F19/><W65/><G65/><T86/><D86/><N who="1" m="50263" /><E25/><V44/><F27/><W118/><G67/><T81/><D81/><U38/><E78/><V69/><F114/><W79/><G66/><T0/><D0/><U110/><E77/><V57/><F108/><W70/><G64/><T55/><D55/><N who="1" m="31871" /><E110/><V7/><F26/><RYUUKYOKU ba="1,2" sc="245,30,235,-10,235,-10,265,-10" hai0="23,24,30,39,40,58,59,89,92,93,97,99,101" /><INIT seed="0,2,2,4,1,41" ten="275,225,225,255" oya="0" hai0="3,83,69,54,28,129,44,89,86,106,4,19,10" hai1="15,63,88,1,32,94,115,35,61,38,52,127,22" hai2="65,134,27,124,74,116,81,66,47,123,40,122,45" hai3="62,7,18,39,56,30,73,108,50,130,6,5,100"/><T72/><D69/><U67/><E1/><V53/><F124/><W37/><G73/><T0/><D129/><U36/><E127/><V131/><F131/><W76/><G130/><T105/><D0/><U95/><E115/><V121/><F134/><W2/><G2/><T68/><D68/><U113/><E113/><V16/><F116/><W98/><G108/><T8/><D28/><U25/><E38/><V90/><F53/><W55/><G76/><T60/><D72/><U79/><E36/><V85/><F74/><W49/><G30/><T107/><D60/><U118/><E79/><V93/><F81/><W126/><G126/><T84/><D84/><U75/><E95/><V133/><F133/><W97/><G39/><T101/><D101/><U114/><E114/><V87/><F87/><W135/><G37/><T128/><D128/><U29/><E118/><V59/><F40/><W14/><G135/><T91/><D91/><U64/><E63/><V31/><F59/><W99/><REACH who="3" step="1"/><G100/><REACH who="3" ten="275,225,225,245" step="2"/><T58/><D3/><U82/><E75/><V34/><F123/><W13/><G13/><T117/><D117/><U125/><E125/><V48/><F122/><W43/><G43/><T20/><D86/><U46/><E15/><V33/><F121/><W23/><AGARI ba="2,3" hai="5,6,7,14,18,23,49,50,55,56,62,97,98,99" machi="23" ten="30,4000,0" yaku="1,1,0,1,8,1,53,0" doraHai="41" doraHaiUra="120" who="3" fromWho="3" sc="275,-22,225,-12,225,-12,245,76" /><INIT seed="1,0,0,2,3,77" ten="253,213,213,321" oya="1" hai0="33,1,87,30,115,127,37,32,27,47,103,92,40" hai1="123,129,120,134,112,22,104,11,61,0,60,133,21" hai2="108,86,90,58,3,73,107,14,41,8,66,5,96" hai3="114,31,54,68,57,34,130,23,118,49,125,110,83"/><U50/><E104/><V111/><F73/><W132/><G34/><T29/><D127/><U44/><E112/><V9/><F41/><W91/><G68/><T35/><D115/><U74/><E74/><V64/><F107/><W97/><G114/><T7/><D30/><U117/><E117/><V10/><F96/><W24/><G118/><T78/><D103/><U38/><E38/><V36/><F36/><W126/><G110/><N who="2" m="42025" /><F58/><W80/><G130/><T119/><D92/><U98/><E98/><V46/><F46/><W94/><REACH who="3" step="1"/><G132/><REACH who="3" ten="253,213,213,311" step="2"/><T135/><D135/><U99/><E129/><V72/><F72/><W45/><G45/><T59/><D47/><U70/><E134/><V2/><F2/><W105/><G105/><T81/><D1/><U62/><E133/><V17/><F9/><W121/><G121/><T25/><D119/><U28/><E70/><V101/><F101/><W55/><G55/><T67/><D32/><U13/><E0/><V69/><F69/><W63/><G63/><T19/><D33/><U116/><E116/><V95/><AGARI ba="0,1" hai="3,5,8,10,14,17,64,66,86,90,95" m="42025" machi="95" ten="30,1100,0" yaku="14,1" doraHai="77" who="2" fromWho="2" sc="253,-3,213,-5,213,21,311,-3" /><INIT seed="2,0,0,1,3,118" ten="250,208,234,308" oya="2" hai0="31,47,81,84,36,90,52,63,33,77,58,67,125" hai1="89,92,27,71,60,108,48,22,109,1,100,25,65" hai2="64,120,24,93,79,16,94,91,68,2,35,130,8" hai3="114,12,126,55,112,121,6,117,73,132,134,29,17"/><V43/><F130/><W34/><G73/><T59/><D125/><U80/><E1/><V19/><F79/><W61/><G61/><T107/><D107/><U37/><E37/><V66/><F120/><W96/><G96/><T46/><D36/><U135/><E135/><N who="3" m="51754" /><G55/><T113/><D113/><N who="3" m="43625" /><G117/><T110/><D110/><U105/><E105/><V99/><F43/><W111/><G111/><T4/><D4/><U69/><E69/><V51/><F51/><W28/><G126/><T76/><D31/><N who="3" m="11849" /><G121/><T115/><D115/><U74/><E109/><V75/><F75/><W14/><G34/><T119/><D33/><U103/><E74/><V83/><F83/><W21/><G6/><T129/><D119/><U104/><E108/><V41/><F41/><W9/><G14/><T13/><D13/><U123/><E123/><V86/><F66/><W82/><G82/><T32/><D32/><U97/><E65/><V98/><F64/><W0/><G0/><T39/><D77/><U26/><E60/><V88/><F68/><W15/><G12/><T72/><D67/><U128/><E97/><V131/><F86/><W133/><N who="3" m="51762" /><W18/><DORA hai="62" /><G17/><T127/><D127/><U56/><E80/><V40/><F40/><W44/><G44/><T122/><D122/><U87/><E71/><V42/><F42/><W78/><G78/><T116/><D116/><U50/><E104/><V124/><F124/><W38/><G38/><T23/><D39/><U85/><E85/><V102/><F98/><W49/><G49/><T53/><D76/><U7/><E87/><V54/><F99/><RYUUKYOKU ba="0,0" sc="250,-10,208,-10,234,-10,308,30" hai3="9,15,18,21" /><INIT seed="3,1,0,0,1,63" ten="240,198,224,338" oya="3" hai0="14,96,74,114,13,123,6,95,121,38,0,66,91" hai1="15,47,134,4,124,37,61,85,132,76,44,115,127" hai2="86,19,29,93,89,55,112,30,64,88,81,35,57" hai3="24,113,59,130,23,26,120,65,5,12,54,107,70"/><W108/><G107/><T84/><D38/><U27/><E115/><V43/><F112/><W36/><G36/><T10/><D114/><U7/><E27/><V77/><F35/><W48/><G113/><T97/><D74/><U20/><E20/><V87/><F43/><W119/><G119/><T60/><D97/><U102/><E102/><V129/><F129/><W103/><G120/><T135/><D135/><N who="1" m="51755" /><E61/><V105/><F105/><W67/><G70/><T82/><D121/><U8/><E4/><V71/><F71/><W109/><G103/><T128/><D128/><U104/><E104/><V131/><F131/><W122/><G130/><T3/><D3/><U31/><E31/><V94/><F19/><N who="3" m="12415" /><G26/><T125/><D123/><U83/><E37/><V34/><F34/><W80/><G80/><T25/><D25/><U110/><E110/><N who="3" m="42602" /><G122/><T56/><REACH who="0" step="1"/><D125/><AGARI ba="1,0" hai="7,8,15,44,47,76,83,85,124,125,127" m="51755" machi="125" ten="30,2000,0" yaku="18,1,20,1" doraHai="63" who="1" fromWho="0" sc="240,-23,198,23,224,0,338,0" /><INIT seed="4,0,0,1,4,18" ten="217,221,224,338" oya="0" hai0="43,126,69,112,109,131,73,45,128,60,1,24,47" hai1="93,29,89,11,104,14,85,42,46,76,23,124,82" hai2="86,56,118,16,3,20,27,88,26,58,80,52,123" hai3="110,54,0,55,98,100,53,33,84,22,36,122,115"/><T133/><D73/><U113/><E124/><V12/><F123/><W44/><G33/><T134/><D1/><U127/><E127/><V19/><F3/><W13/><G0/><T30/><D126/><U4/><E104/><V101/><F118/><W10/><G115/><T59/><D69/><U67/><E67/><V5/><F58/><W130/><G110/><T25/><D112/><U66/><E66/><V15/><F101/><W35/><G35/><T91/><D91/><U125/><E125/><V61/><REACH who="2" step="1"/><F5/><REACH who="2" ten="217,221,214,338" step="2"/><W117/><G117/><T106/><D109/><U62/><E113/><V34/><F34/><W114/><G114/><T31/><D59/><U96/><E62/><V132/><F132/><W135/><G135/><N who="0" m="51723" /><D60/><U71/><E71/><V9/><AGARI ba="0,1" hai="9,12,15,16,19,20,26,27,52,56,61,80,86,88" machi="9" ten="20,16000,3" yaku="1,1,0,1,7,1,8,1,52,1,54,3,53,0" doraHai="18" doraHaiUra="121" who="2" fromWho="2" sc="217,-80,221,-40,214,170,338,-40" /><INIT seed="5,0,0,4,0,5" ten="137,181,384,298" oya="1" hai0="33,73,69,78,114,67,101,39,116,87,35,122,40" hai1="2,38,113,96,43,110,61,125,60,42,90,112,47" hai2="111,59,75,28,83,94,68,115,117,99,20,52,77" hai3="14,41,106,24,15,50,128,119,126,13,26,130,9"/><U65/><E2/><V23/><F117/><W31/><G106/><T97/><D116/><U133/><E96/><V100/><F111/><W132/><G119/><T86/><D86/><U54/><E90/><V8/><F68/><W131/><G126/><T29/><D87/><U66/><E125/><V45/><F45/><N who="3" m="25903" /><G132/><T108/><D108/><U118/><E118/><V64/><F64/><N who="1" m="24681" /><E110/><V105/><F28/><W72/><G72/><T21/><D21/><U120/><E120/><V36/><F36/><W109/><G109/><T62/><D122/><U16/><E16/><V32/><F32/><N who="0" m="12362" /><D29/><U76/><E76/><V104/><F104/><W19/><G26/><T25/><D25/><U71/><E133/><V74/><F74/><W98/><G98/><T134/><D97/><U95/><E95/><V53/><F105/><W124/><G124/><T129/><D101/><U103/><E103/><V6/><F99/><W48/><G48/><T49/><D134/><U22/><E22/><AGARI ba="0,0" hai="9,13,14,15,19,22,24,31,128,130,131" m="25903" machi="22" ten="30,2000,0" yaku="19,1,52,1" doraHai="5" who="3" fromWho="1" sc="137,0,181,-20,384,0,298,20" /><INIT seed="6,0,0,5,5,11" ten="137,161,384,318" oya="2" hai0="125,114,130,49,61,129,5,35,72,121,118,66,39" hai1="0,2,20,14,132,68,73,106,24,1,9,134,60" hai2="81,83,109,12,135,70,115,41,105,117,124,111,90" hai3="31,33,45,122,94,55,97,126,32,56,47,75,58"/><V27/><F117/><W69/><G69/><T57/><D72/><U96/><E73/><V42/><F115/><W22/><G75/><T65/><D121/><U87/><E87/><V92/><F105/><W62/><G122/><T74/><D74/><U76/><E76/><V86/><F124/><W37/><G126/><T23/><D125/><U84/><E84/><V43/><F135/><N who="1" m="51753" /><E60/><V113/><F113/><W8/><G8/><T77/><D114/><U131/><E68/><V71/><F27/><N who="3" m="16887" /><G37/><T26/><D77/><U119/><E96/><V103/><F103/><N who="3" m="60855" /><G33/><T91/><D39/><U53/><E53/><V16/><F71/><W104/><G32/><T108/><D108/><N who="2" m="41546" /><F70/><W28/><G28/><N who="0" m="17503" /><D35/><U85/><E85/><V46/><F46/><N who="3" m="17419" /><G104/><T34/><D34/><U13/><E106/><V64/><F64/><W18/><G18/><T4/><D118/><U67/><E67/><V36/><F36/><W99/><G99/><T48/><D66/><U98/><E98/><V38/><F38/><W88/><G58/><T116/><D116/><U51/><E119/><V59/><F59/><W110/><G110/><T133/><D133/><U80/><E80/><V79/><F79/><W93/><G93/><T17/><D17/><N who="1" m="12303" /><E51/><V50/><F50/><N who="0" m="19562" /><D91/><AGARI ba="0,0" hai="55,56,62,88,91" m="17419,60855,16887" machi="91" ten="30,2000,0" yaku="8,1,54,1" doraHai="11" who="3" fromWho="0" sc="137,-20,161,0,384,0,318,20" /><INIT seed="7,0,0,2,1,32" ten="117,161,384,338" oya="3" hai0="56,65,52,100,97,78,95,114,64,44,18,80,58" hai1="109,92,73,51,42,45,117,12,67,133,36,70,122" hai2="81,83,4,21,118,37,104,5,40,85,108,7,11" hai3="121,87,106,8,125,27,115,135,28,132,107,124,76"/><W96/><G121/><T3/><D3/><U29/><E109/><V0/><F108/><W113/><G8/><T119/><D119/><U43/><E117/><V90/><F118/><W88/><G76/><T77/><D114/><N who="3" m="43529" /><G28/><T66/><D18/><U59/><E122/><V22/><F104/><N who="3" m="39979" /><G96/><T116/><D116/><U131/><E29/><V2/><F11/><W99/><G99/><T69/><D69/><U46/><E73/><V72/><F72/><W54/><G27/><T19/><D19/><U26/><E26/><V101/><F101/><W31/><G31/><T68/><D68/><U16/><E70/><V91/><F22/><W14/><G14/><T79/><REACH who="0" step="1"/><D80/><REACH who="0" ten="107,161,384,338" step="2"/><U57/><E131/><V82/><F82/><N who="3" m="49271" /><G54/><T13/><D13/><U15/><E15/><V128/><F2/><W94/><G94/><T134/><D134/><AGARI ba="0,1" hai="124,125,132,134,135" m="49271,39979,43529" machi="134" ten="40,12000,1" yaku="20,1,15,1,34,2,54,1" doraHai="32" who="3" fromWho="0" sc="107,-120,161,0,384,0,338,130" owari="-13,-51.0,161,-24.0,384,18.0,468,57.0" /></mjloggm>