<mjloggm ver="2.3"><GO type="169" lobby="0"/><UN n0="%E5%BB%83%E4%BA%BA%E9%81%94%E9%9B%86%E5%90%88" n1="%E3%83%AD%E3%83%83%E3%83%86%E9%9B%80%E7%90%83" n2="%E3%82%A6%E3%83%AB%E3%83%88%E3%83%A9%E7%AB%8B%E7%9B%B4" n3="%4D%4A%E3%81%AE%E6%9C%80%E9%AB%98%E5%B3%B0" dan="16,17,17,16" rate="2109.29,2198.95,2155.18,2141.05" sx="M,M,M,M"/><TAIKYOKU oya="0"/><INIT seed="0,0,0,5,4,40" ten="250,250,250,250" oya="0" hai0="114,6,51,25,31,4,2,126,35,21,0,18,106" hai1="123,118,102,56,109,23,30,14,80,127,121,1,93" hai2="74,77,101,132,33,28,55,48,107,17,92,53,39" hai3="67,50,61,9,72,11,124,42,76,113,108,119,68"/><T95/><D106/><U65/><E118/><V105/><F39/><W58/><G113/><T69/><D69/><U49/><E1/><V84/><F132/><W98/><G119/><T96/><D114/><U103/><E109/><V36/><F36/><W104/><G108/><T16/><D96/><U90/><E127/><V73/><F28/><W100/><G124/><T120/><D126/><U116/><E116/><V78/><F33/><W83/><REACH who="3" step="1"/><G58/><REACH who="3" ten="250,250,250,240" step="2"/><T79/><D120/><U110/><E56/><V37/><F74/><W5/><G5/><T20/><D79/><U125/><E110/><V43/><F73/><W24/><G24/><N who="0" m="18919" /><D95/><U62/><E93/><V60/><F92/><W3/><G3/><N who="0" m="1067" /><D51/><U117/><E49/><V32/><F48/><W70/><G70/><T81/><D81/><U52/><E80/><V22/><F78/><W46/><AGARI ba="0,1" hai="9,11,42,46,50,61,67,68,72,76,83,98,100,104" machi="46" ten="30,4000,0" yaku="1,1,0,1,52,1,53,0" doraHai="40" doraHaiUra="122" who="3" fromWho="3" sc="250,-20,250,-10,250,-10,240,50" /><INIT seed="1,0,0,2,5,28" ten="230,240,240,290" oya="1" hai0="18,116,43,34,133,36,21,70,96,135,123,88,115" hai1="58,73,124,62,50,76,126,75,82,86,19,106,46" hai2="35,97,3,47,109,40,69,9,53,91,74,23,44" hai3="54,16,64,78,60,121,10,67,128,134,99,52,6"/><U7/><E106/><V81/><F69/><W14/><G121/><T66/><D116/><U112/><E112/><V0/><F109/><W98/><G128/><T4/><D115/><U65/><E7/><V110/><F110/><W132/><G78/><T33/><D4/><U101/><E101/><V11/><F23/><W93/><G99/><T22/><D22/><U114/><E19/><V25/><F53/><W84/><G84/><T15/><D123/><U37/><E37/><V105/><F91/><N who="3" m="55615" /><G6/><T77/><D77/><U130/><E130/><V71/><F71/><N who="3" m="42375" /><G67/><T24/><D24/><U56/><E56/><V129/><F44/><W119/><G119/><T83/><D43/><U113/><E113/><V122/><F11/><W20/><G10/><T89/><D89/><U59/><E59/><V48/><F9/><W94/><G94/><N who="0" m="56391" /><D36/><U111/><E111/><V92/><F105/><W42/><G42/><T102/><D83/><U39/><E39/><V17/><F122/><W12/><G12/><T49/><D49/><U127/><REACH who="1" step="1"/><E114/><REACH who="1" ten="230,230,240,290" step="2"/><V72/><F129/><W2/><G2/><T29/><D102/><U118/><E118/><V125/><F0/><W63/><G63/><N who="0" m="40287" /><D29/><U45/><E45/><V103/><F3/><W79/><G16/><T87/><D87/><U38/><E38/><V27/><F17/><W5/><G5/><T8/><D8/><U108/><E108/><V26/><F47/><W32/><G134/><AGARI ba="0,1" hai="15,18,21,33,34,133,134,135" m="40287,56391" machi="134" ten="30,7700,0" yaku="20,1,52,2,54,1" doraHai="28" who="0" fromWho="3" sc="230,87,230,0,240,0,290,-77" /><INIT seed="2,0,0,3,3,68" ten="317,230,240,213" oya="2" hai0="19,98,54,33,109,42,64,50,80,72,48,27,77" hai1="55,28,15,70,102,115,88,1,35,56,124,25,130" hai2="62,103,82,79,23,43,125,67,76,73,95,118,75" hai3="53,31,131,108,133,44,58,104,83,127,112,37,38"/><V113/><F113/><W59/><G104/><T41/><D109/><U91/><E115/><V36/><F118/><W34/><G112/><T45/><D64/><U93/><E1/><V9/><F125/><W101/><G101/><T0/><D0/><U22/><E70/><V66/><F23/><W110/><G127/><T111/><D111/><N who="3" m="42537" /><G131/><T119/><D119/><U17/><E130/><V30/><F30/><W114/><G114/><T61/><D61/><U5/><E5/><V10/><F95/><W129/><G129/><T92/><D33/><U117/><E117/><V122/><F103/><W51/><G133/><T63/><D63/><U99/><REACH who="1" step="1"/><E124/><REACH who="1" ten="317,220,240,213" step="2"/><V18/><F122/><W97/><G97/><T105/><D98/><U84/><E84/><V94/><F75/><W21/><G34/><T86/><D72/><U107/><E107/><V126/><F73/><W116/><G116/><T4/><D105/><U65/><E65/><V60/><F126/><W78/><G59/><T2/><D86/><U46/><E46/><V14/><F67/><W87/><G58/><T81/><D45/><U128/><E128/><V12/><F66/><W123/><G123/><T135/><D2/><U13/><E13/><V85/><F85/><W39/><G31/><T120/><D120/><U52/><E52/><V71/><F71/><W49/><G87/><T16/><D54/><U69/><E69/><V134/><F134/><W32/><G32/><T89/><D4/><U100/><E100/><V7/><F94/><W121/><G53/><T24/><D135/><U47/><E47/><N who="2" m="24039" /><F79/><W90/><G78/><RYUUKYOKU ba="0,1" sc="317,-15,220,15,240,15,213,-15" hai1="15,17,22,25,28,35,55,56,88,91,93,99,102" hai2="7,9,10,12,14,18,60,62,76,82" /><INIT seed="2,1,1,2,2,21" ten="302,235,255,198" oya="2" hai0="131,133,41,58,110,28,117,2,102,24,129,122,107" hai1="80,88,119,11,106,93,98,26,67,16,116,57,9" hai2="121,99,1,45,130,34,69,115,70,49,91,64,8" hai3="75,32,22,18,124,112,54,47,60,108,20,81,132"/><V31/><F121/><W97/><G32/><T83/><D122/><U6/><E106/><V72/><F72/><W104/><G108/><T51/><D110/><U3/><E80/><V94/><F115/><W103/><G132/><T53/><D133/><U113/><E113/><V74/><F74/><W7/><G124/><T87/><D2/><U77/><E77/><V46/><F130/><W127/><G127/><T71/><D71/><U19/><E9/><V43/><F64/><W90/><G7/><T36/><D117/><U14/><E3/><V85/><F1/><W63/><G22/><T59/><D59/><U62/><REACH who="1" step="1"/><E26/><REACH who="1" ten="302,225,255,198" step="2"/><V35/><F8/><W66/><G112/><T25/><D107/><U61/><E61/><V95/><F35/><W33/><G33/><T13/><D13/><U68/><E68/><V65/><F70/><W109/><G63/><T120/><D24/><U42/><E42/><V52/><F69/><W118/><G118/><AGARI ba="1,2" hai="6,11,14,16,19,57,62,67,88,93,98,116,118,119" machi="118" ten="40,5200,0" yaku="1,1,54,2,53,0" doraHai="21" doraHaiUra="78" who="1" fromWho="3" sc="302,0,225,75,255,0,198,-55" /><INIT seed="3,0,0,1,4,127" ten="302,300,255,143" oya="3" hai0="83,55,14,38,78,59,30,6,52,132,112,26,39" hai1="121,97,93,128,56,0,15,111,81,72,101,47,19" hai2="134,21,24,66,41,129,53,61,44,108,27,51,99" hai3="1,42,96,120,40,114,77,67,49,65,116,109,63"/><W68/><G1/><T104/><D104/><U5/><E111/><V9/><F108/><W76/><G109/><T130/><D112/><U17/><E121/><V22/><F134/><W74/><G114/><T79/><D132/><U54/><E47/><V106/><F106/><W133/><G133/><T3/><D3/><U100/><E100/><V75/><F75/><W84/><G116/><T102/><D102/><U110/><E110/><V2/><F2/><W126/><G96/><T31/><D14/><U92/><E92/><V12/><F99/><W69/><G74/><T64/><D59/><U48/><E0/><V95/><F95/><W89/><G120/><T57/><D57/><U36/><E36/><V7/><F129/><W37/><G37/><T131/><D26/><U85/><E128/><V86/><F86/><W10/><G10/><T25/><D25/><N who="2" m="9802" /><F66/><W115/><G115/><T20/><D64/><U103/><E103/><V60/><F41/><W4/><G4/><T107/><D107/><U105/><E105/><V13/><F22/><W50/><G126/><T94/><D94/><U87/><E72/><V29/><F29/><W23/><G23/><T122/><D20/><U11/><REACH who="1" step="1"/><E85/><REACH who="1" ten="302,290,255,143" step="2"/><V90/><F44/><W117/><G117/><T82/><D122/><U43/><E43/><V45/><F13/><W28/><G84/><T16/><D6/><U80/><E80/><V88/><F21/><W71/><G42/><T135/><D135/><U62/><E62/><AGARI ba="0,1" hai="7,9,12,45,51,53,60,61,62,88,90" m="9802" machi="62" ten="30,2000,0" yaku="8,1,54,1" doraHai="127" who="2" fromWho="1" sc="302,0,290,-20,255,30,143,0" /><INIT seed="4,0,0,2,5,57" ten="302,270,285,143" oya="0" hai0="75,45,61,76,3,80,81,105,66,8,43,55,112" hai1="119,98,107,23,27,59,90,13,129,101,84,38,120" hai2="24,96,11,83,117,103,15,33,12,125,56,41,74" hai3="133,52,82,95,121,132,73,5,92,69,130,30,44"/><T128/><D128/><U18/><E120/><V32/><F125/><W39/><G30/><T124/><D124/><U115/><E129/><V35/><F117/><W110/><G110/><T28/><D55/><U0/><E0/><V72/><F41/><W123/><G5/><T7/><D81/><U94/><E119/><V51/><F24/><W88/><G88/><T102/><BYE who="3" /><D28/><UN n3="%4D%4A%E3%81%AE%E6%9C%80%E9%AB%98%E5%B3%B0" /><U77/><E115/><V67/><F83/><W78/><G69/><T49/><D112/><U79/><E38/><V58/><F58/><W87/><G130/><T34/><D34/><U1/><E1/><V40/><F40/><W106/><G106/><T63/><REACH who="0" step="1"/><D66/><REACH who="0" ten="292,270,285,143" step="2"/><U31/><REACH who="1" step="1"/><E59/><REACH who="1" ten="292,260,285,143" step="2"/><V104/><F56/><W48/><G123/><T131/><D131/><U109/><E109/><V100/><F35/><AGARI ba="0,2" hai="13,18,23,27,31,35,77,79,84,90,94,98,101,107" machi="35" ten="30,3900,0" yaku="1,1,7,1,53,1" doraHai="57" doraHaiUra="93" who="1" fromWho="2" sc="292,0,260,59,285,-39,143,0" /><INIT seed="5,0,0,4,3,61" ten="292,319,246,143" oya="1" hai0="73,59,68,54,105,9,125,128,48,49,96,88,115" hai1="67,133,26,99,122,78,12,90,118,95,40,108,3" hai2="131,60,55,13,29,112,87,94,45,101,63,32,92" hai3="121,43,2,52,116,123,104,107,20,85,130,23,44"/><U15/><E118/><V126/><F32/><W113/><G2/><T74/><D128/><U119/><E119/><V7/><F131/><W89/><G116/><T80/><D68/><U57/><E122/><V82/><F29/><W16/><G130/><T84/><D115/><U71/><E71/><V4/><F112/><W8/><G8/><T65/><D125/><U24/><E3/><V124/><F13/><N who="1" m="5193" /><E133/><V56/><F45/><W41/><G113/><T58/><D9/><U34/><E34/><V6/><F63/><W102/><G23/><T66/><D74/><U106/><E106/><V69/><F69/><W109/><G107/><T1/><D73/><U39/><E39/><V50/><F50/><W53/><G43/><T135/><D135/><U46/><E78/><V114/><F114/><W64/><G123/><T120/><D1/><U35/><E35/><V11/><F11/><W83/><G121/><T129/><D129/><U93/><E108/><V77/><REACH who="2" step="1"/><F101/><REACH who="2" ten="292,319,236,143" step="2"/><W110/><G109/><T28/><D120/><U19/><E46/><V0/><F0/><W103/><G103/><T22/><D28/><U70/><E70/><V117/><F117/><W97/><G110/><T21/><D21/><U81/><E24/><V51/><F51/><W132/><G132/><T42/><D22/><U91/><E26/><V14/><F14/><W98/><G20/><T47/><D59/><U25/><E57/><V18/><F18/><W10/><G16/><T33/><D33/><U36/><E19/><V134/><F134/><W62/><G10/><T38/><D49/><U5/><E25/><RYUUKYOKU ba="0,1" sc="292,15,319,-15,236,15,143,-15" hai0="38,42,47,48,54,58,65,66,80,84,88,96,105" hai2="4,6,7,55,56,60,77,82,87,92,94,124,126" /><INIT seed="6,1,1,5,2,9" ten="307,304,251,128" oya="2" hai0="18,20,89,109,92,118,80,110,131,103,83,104,64" hai1="130,120,97,79,102,1,59,25,88,123,112,82,26" hai2="6,52,73,74,55,17,66,125,93,61,37,78,23" hai3="122,50,67,47,48,85,19,63,21,77,124,16,43"/><V2/><F37/><W127/><G122/><N who="1" m="46634" /><E112/><V115/><F125/><W32/><G32/><T8/><D118/><U30/><E1/><V54/><F115/><W56/><G124/><T0/><D131/><U71/><E71/><V119/><F119/><W94/><G127/><T126/><D126/><U7/><E7/><V33/><F33/><W108/><G108/><T15/><D110/><U60/><E30/><V22/><F78/><W3/><G3/><T24/><D0/><U27/><E88/><V99/><F6/><W28/><G50/><T72/><D72/><N who="1" m="43367" /><E130/><V117/><F117/><W34/><G34/><T10/><D109/><U51/><E51/><V41/><F41/><W45/><G45/><T106/><D83/><U81/><E81/><V46/><F46/><W69/><G69/><T42/><D42/><U4/><E4/><V121/><F121/><W13/><G77/><T132/><D80/><U116/><E116/><V62/><F62/><W113/><G113/><T84/><D103/><U14/><E14/><N who="2" m="9527" /><F73/><W105/><G19/><T107/><D132/><U38/><E38/><V39/><F74/><W29/><REACH who="3" step="1"/><G105/><REACH who="3" ten="307,304,251,118" step="2"/><T91/><D106/><N who="1" m="63823" /><E60/><V12/><F39/><W44/><G44/><T135/><D107/><U11/><E59/><V96/><F2/><W129/><G129/><T49/><D104/><U75/><E75/><V98/><F61/><W133/><G133/><T70/><D135/><U36/><E36/><V134/><F134/><W40/><G40/><T86/><D49/><U76/><E76/><V5/><F5/><W87/><G87/><T90/><D86/><RYUUKYOKU ba="1,2" sc="307,-15,304,15,251,-15,118,15" hai1="11,25,26,27" hai3="13,16,21,28,29,43,47,48,56,63,67,85,94" /><INIT seed="7,2,2,4,4,119" ten="292,319,236,133" oya="3" hai0="115,102,73,33,95,97,72,1,114,57,58,130,109" hai1="12,96,99,74,108,78,101,56,94,64,67,125,123" hai2="87,113,52,22,16,85,54,40,15,88,49,131,31" hai3="107,110,13,21,17,104,75,124,65,71,30,44,86"/><W66/><G75/><N who="0" m="28747" /><D33/><U28/><E123/><V23/><F131/><W83/><G124/><T82/><D109/><U51/><E108/><V41/><F87/><W37/><G110/><T122/><D122/><U19/><E28/><V48/><F113/><N who="0" m="43018" /><D130/><U4/><E4/><V50/><F23/><W76/><G30/><T112/><D112/><U90/><E125/><V77/><F77/><W46/><G71/><T93/><D82/><U35/><E35/><V105/><F105/><W60/><G37/><T126/><D126/><U61/><E51/><N who="2" m="19531" /><F31/><W120/><G120/><T81/><D81/><U103/><E78/><V14/><F14/><W34/><G34/><T43/><D43/><N who="2" m="16458" /><F50/><W127/><G127/><T55/><D1/><U59/><E96/><V38/><F38/><W8/><G107/><T128/><D128/><U26/><E26/><V42/><F42/><W129/><G104/><T92/><D55/><U80/><E80/><AGARI ba="2,2" hai="15,16,22,52,54,80,85,88" m="16458,19531" machi="80" ten="30,7700,0" yaku="8,1,54,3" doraHai="119" who="2" fromWho="1" sc="292,0,319,-83,236,103,133,0" owari="292,9.0,236,-16.0,339,44.0,133,-37.0" /></mjloggm>