<mjloggm ver="2.3"><GO type="169" lobby="0"/><UN n0="%E6%8E%A8%E7%A9%BA%EF%BC%B0" n1="%E3%83%95%E3%83%AA%E3%83%86%E3%83%B3" n2="%E3%81%9C%E3%82%8D%E3%82%81%E3%81%90" n3="%E3%82%A6%E3%83%AB%E3%83%88%E3%83%A9%E7%AB%8B%E7%9B%B4" dan="16,17,16,18" rate="2123.69,2160.37,2092.06,2210.81" sx="F,M,F,M"/><TAIKYOKU oya="0"/><INIT seed="0,0,0,5,4,103" ten="250,250,250,250" oya="0" hai0="67,3,16,73,85,106,119,94,61,18,30,47,57" hai1="23,66,116,95,37,45,31,39,63,36,64,100,60" hai2="121,17,53,110,92,131,2,40,65,44,76,8,79" hai3="1,97,96,15,133,4,101,81,38,77,89,132,87"/><T50/><D73/><U51/><E95/><V75/><F121/><W27/><G38/><T58/><D119/><U70/><E100/><V35/><F35/><W68/><G68/><T102/><D3/><U34/><E23/><V48/><F110/><W126/><G1/><T111/><D30/><U105/><E31/><V14/><F131/><W56/><G56/><T82/><D111/><U117/><E105/><V13/><F2/><W113/><G27/><T24/><D58/><U72/><E72/><V52/><F65/><W114/><G15/><T129/><D129/><U59/><E34/><V0/><F0/><W112/><G4/><T46/><D106/><U130/><E130/><V90/><F13/><W19/><G19/><N who="0" m="7211" /><D24/><U5/><E5/><V69/><F69/><W109/><G109/><T124/><D124/><U128/><E128/><V11/><F11/><W21/><G21/><T120/><D120/><U115/><E115/><V32/><F32/><W123/><G126/><T28/><D28/><U99/><E99/><N who="2" m="57751" /><F75/><W93/><G123/><T91/><D50/><U125/><E125/><V88/><F88/><W127/><G127/><T71/><D71/><U122/><E122/><V10/><F8/><W84/><G97/><AGARI ba="0,0" hai="46,47,57,61,67,82,85,91,94,97,102" m="7211" machi="97" ten="30,2900,0" yaku="8,1,54,1" doraHai="103" who="0" fromWho="3" sc="250,29,250,0,250,0,250,-29" /><INIT seed="0,1,0,4,5,42" ten="279,250,250,221" oya="0" hai0="102,56,90,101,121,2,49,74,83,116,68,132,24" hai1="78,86,123,0,99,60,50,17,30,38,14,110,3" hai2="33,12,75,71,26,135,64,47,58,5,31,65,72" hai3="16,67,118,10,114,85,88,77,41,25,76,133,112"/><T29/><D68/><U119/><E38/><V11/><F71/><W125/><G118/><T20/><D121/><U62/><E123/><V66/><F135/><W54/><G133/><T51/><D132/><U23/><E119/><V87/><F87/><W45/><G125/><T84/><D116/><U128/><E110/><V117/><F117/><W82/><G67/><T126/><D126/><U91/><E128/><V108/><F108/><W52/><G114/><T36/><D36/><U115/><E115/><V39/><REACH who="2" step="1"/><F58/><REACH who="2" ten="279,250,240,221" step="2"/><W98/><G112/><T120/><D120/><U59/><E86/><V93/><F93/><N who="3" m="56615" /><G77/><T13/><D74/><U124/><E78/><V61/><F61/><W40/><G40/><AGARI ba="1,1" hai="5,11,12,26,31,33,39,40,47,64,65,66,72,75" machi="40" ten="40,2600,0" yaku="1,1,52,1,53,0" doraHai="42" doraHaiUra="100" who="2" fromWho="3" sc="279,0,250,0,240,39,221,-29" /><INIT seed="1,0,0,3,2,13" ten="279,250,279,192" oya="1" hai0="85,46,33,130,39,81,63,113,131,6,29,26,135" hai1="134,89,64,123,10,8,22,91,52,21,104,47,9" hai2="83,120,70,34,27,87,37,97,51,38,94,101,93" hai3="82,107,114,116,79,71,41,17,31,98,80,106,128"/><U132/><E104/><V4/><F120/><W5/><G71/><T99/><D113/><U133/><E64/><V103/><F70/><W76/><G5/><T100/><D6/><U42/><E123/><V28/><F4/><W115/><G31/><T73/><D135/><U67/><E67/><V49/><F38/><W23/><G41/><T109/><D109/><U12/><E42/><V129/><F37/><W43/><G43/><T7/><D7/><U86/><E12/><V25/><F129/><W2/><G23/><N who="1" m="8714" /><E86/><V53/><F25/><W45/><G45/><T119/><D73/><U48/><AGARI ba="0,0" hai="8,9,10,47,48,52,89,91,132,133,134" m="8714" machi="48" ten="40,3900,0" yaku="20,1,54,1" doraHai="13" who="1" fromWho="1" sc="279,-13,250,39,279,-13,192,-13" /><INIT seed="1,1,0,0,4,99" ten="266,289,266,179" oya="1" hai0="32,51,88,59,46,68,5,118,37,90,113,16,126" hai1="8,61,129,58,4,121,53,80,52,28,24,79,69" hai2="93,120,101,31,71,132,40,34,27,23,94,72,26" hai3="106,29,43,89,47,48,127,50,38,119,14,60,81"/><U135/><E121/><V75/><F120/><W114/><G114/><T134/><D118/><U2/><E69/><V35/><F132/><W83/><G119/><T103/><D113/><U18/><E129/><V98/><F71/><W56/><G127/><T111/><D68/><U110/><E110/><V97/><F40/><W70/><G70/><T21/><D32/><U54/><E18/><V130/><F130/><W124/><G124/><T116/><D126/><U63/><E63/><V73/><REACH who="2" step="1"/><F27/><REACH who="2" ten="266,289,256,179" step="2"/><W95/><G43/><T131/><D134/><U92/><E135/><V84/><F84/><W125/><G125/><T55/><D131/><U62/><E62/><V133/><F133/><W42/><G60/><T128/><D128/><U104/><E24/><V122/><F122/><W85/><G38/><T19/><D116/><U3/><E61/><V9/><F9/><W20/><G106/><T96/><D37/><U7/><E8/><V12/><F12/><W1/><G1/><T87/><D111/><U66/><E2/><V0/><F0/><W105/><G105/><T91/><D87/><U117/><E3/><V100/><AGARI ba="1,1" hai="23,26,31,34,35,72,73,75,93,94,97,98,100,101" machi="100" ten="30,8000,1" yaku="1,1,0,1,9,1,52,2,53,0" doraHai="99" doraHaiUra="76" who="2" fromWho="2" sc="266,-21,289,-41,256,93,179,-21" /><INIT seed="2,0,0,0,4,7" ten="245,248,349,158" oya="2" hai0="97,39,116,41,54,101,20,25,36,14,107,62,52" hai1="42,57,80,134,13,46,3,95,77,69,130,96,98" hai2="61,85,112,131,50,90,65,10,47,66,126,84,78" hai3="17,115,24,33,18,48,121,72,8,76,5,81,102"/><V11/><F112/><W22/><G121/><T12/><D116/><U6/><E69/><V63/><F126/><W71/><G115/><T133/><D133/><U109/><E109/><V60/><F131/><W135/><G135/><T2/><D2/><U1/><E57/><V93/><F78/><W70/><G102/><T49/><D62/><U129/><E134/><V40/><F84/><W16/><G48/><T68/><D68/><U21/><E21/><V117/><F117/><W92/><G92/><T105/><D41/><U67/><E67/><AGARI ba="0,0" hai="10,11,40,47,50,60,61,63,65,66,67,85,90,93" machi="67" ten="40,7700,0" yaku="8,1,52,2" doraHai="7" who="2" fromWho="1" sc="245,0,248,-77,349,77,158,0" /><INIT seed="2,1,0,0,3,19" ten="245,171,426,158" oya="2" hai0="7,80,48,11,54,9,107,6,43,111,45,78,55" hai1="94,96,85,64,14,89,133,5,13,39,72,42,117" hai2="109,79,90,17,34,35,127,92,51,129,53,67,106" hai3="82,123,24,29,50,61,56,108,77,119,93,103,31"/><V2/><F106/><W15/><G119/><T49/><D111/><U57/><E117/><V10/><F127/><W113/><G123/><T4/><D107/><U120/><E72/><V32/><F109/><W97/><G108/><T62/><D62/><U3/><E120/><V1/><F79/><W112/><G50/><T38/><D38/><U130/><E130/><V25/><F67/><W134/><G15/><T118/><D118/><U105/><E133/><V131/><F10/><W125/><G134/><T84/><REACH who="0" step="1"/><D43/><REACH who="0" ten="235,171,426,158" step="2"/><U116/><E57/><AGARI ba="1,1" hai="4,6,7,9,11,45,48,49,54,55,57,78,80,84" machi="57" ten="40,5200,0" yaku="1,1,2,1,8,1,53,0" doraHai="19" doraHaiUra="37" who="0" fromWho="1" sc="235,65,171,-55,426,0,158,0" /><INIT seed="3,0,0,0,1,22" ten="300,116,426,158" oya="3" hai0="76,83,29,21,35,88,68,127,23,42,14,101,74" hai1="60,1,114,95,134,112,17,124,97,67,11,65,132" hai2="28,58,130,100,128,107,31,9,121,93,104,44,85" hai3="51,89,69,64,40,73,15,59,110,86,56,27,111"/><W13/><G73/><T81/><D68/><U90/><E124/><V2/><F121/><W125/><G69/><T26/><D127/><U109/><E109/><N who="3" m="41482" /><G125/><T72/><D101/><U84/><E1/><V53/><F44/><N who="3" m="25991" /><G27/><T123/><D123/><U32/><E32/><V10/><F107/><W39/><G39/><T48/><D14/><N who="3" m="5129" /><G64/><N who="1" m="24650" /><E60/><V24/><F104/><W80/><AGARI ba="0,0" hai="56,59,80,86,89" m="5129,25991,41482" machi="80" ten="30,3000,0" yaku="14,1,10,1" doraHai="22" who="3" fromWho="3" sc="300,-10,116,-10,426,-10,158,30" /><INIT seed="3,1,0,4,0,30" ten="290,106,416,188" oya="3" hai0="90,122,77,31,38,43,87,49,29,130,129,61,50" hai1="23,127,100,55,83,37,27,48,107,6,113,95,82" hai2="115,21,53,10,58,105,4,119,15,72,94,11,110" hai3="102,12,114,0,84,9,108,121,68,117,73,3,44"/><W75/><G84/><T92/><D122/><U13/><E107/><V47/><F105/><W132/><G44/><N who="0" m="23671" /><D77/><U104/><E104/><V36/><F115/><W19/><G102/><T67/><D29/><U32/><E127/><V2/><F72/><W111/><G121/><T33/><D31/><U76/><E37/><V34/><F119/><W26/><G68/><N who="0" m="42095" /><D33/><U17/><E113/><V54/><F34/><W62/><G114/><T86/><D87/><U20/><E32/><V64/><F64/><W89/><G89/><T1/><D1/><N who="3" m="585" /><G117/><T78/><D78/><U25/><E76/><V39/><F47/><W133/><G26/><T93/><D93/><U98/><E27/><V63/><F94/><W16/><G19/><T52/><D49/><U85/><E85/><V71/><F36/><W123/><G123/><T96/><D86/><U65/><E83/><V74/><F39/><W60/><G60/><T124/><D124/><U91/><E82/><V22/><F74/><N who="3" m="28171" /><G62/><T112/><D112/><U59/><E100/><V56/><F71/><W80/><G80/><T45/><D90/><U99/><E99/><V41/><F63/><W7/><G7/><T28/><D28/><U106/><E106/><V51/><F4/><W24/><G24/><T57/><D92/><U46/><E6/><V109/><F2/><W116/><G116/><T18/><D18/><N who="1" m="12535" /><E65/><V35/><F51/><W79/><G79/><T8/><D96/><U42/><E46/><V120/><F120/><W5/><G5/><T131/><D45/><U88/><E91/><V134/><F22/><W70/><G70/><RYUUKYOKU ba="1,0" sc="290,10,106,10,416,-30,188,10" hai0="8,50,52,57,129,130,131" hai1="13,17,20,42,48,55,59,88,95,98" hai3="9,12,16,108,111,132,133" /><INIT seed="3,2,0,2,3,52" ten="300,116,386,198" oya="3" hai0="38,83,79,109,50,49,134,51,56,128,64,67,34" hai1="73,42,8,24,26,127,121,115,80,36,100,5,95" hai2="92,126,104,81,37,78,108,53,102,94,17,22,33" hai3="1,87,68,71,30,23,14,103,41,90,93,91,19"/><W61/><G1/><T31/><D38/><U63/><E127/><V48/><F37/><W55/><G41/><T74/><D109/><U99/><E115/><V10/><F33/><W20/><G103/><T110/><D110/><U125/><E125/><V72/><F108/><W111/><G111/><T6/><D134/><U120/><E63/><V65/><F65/><W77/><G77/><T101/><D128/><U106/><E95/><V11/><F104/><W123/><G123/><T135/><D135/><U62/><E62/><V4/><F126/><W129/><G129/><T45/><D6/><U2/><E26/><V54/><F54/><W35/><G35/><T113/><D113/><U59/><E59/><V16/><F17/><W75/><G75/><T119/><D119/><U21/><E21/><V66/><F66/><W124/><G124/><T60/><D101/><U27/><E27/><V25/><F102/><W58/><G30/><T132/><D132/><U12/><E24/><V46/><REACH who="2" step="1"/><F11/><REACH who="2" ten="300,116,376,198" step="2"/><N who="3" m="6623" /><G71/><T39/><D39/><U96/><E120/><V7/><F7/><W86/><G68/><T114/><D114/><U89/><E121/><V18/><F18/><W116/><G116/><T47/><REACH who="0" step="1"/><D67/><REACH who="0" ten="290,116,376,198" step="2"/><U98/><E100/><V15/><AGARI ba="2,2" hai="4,10,15,16,22,25,46,48,53,72,78,81,92,94" machi="15" ten="20,8000,1" yaku="1,1,0,1,7,1,54,1,53,1" doraHai="52" doraHaiUra="107" who="2" fromWho="2" sc="290,-22,116,-22,376,106,198,-42" /><INIT seed="4,0,0,3,5,32" ten="268,94,482,156" oya="0" hai0="45,61,53,52,4,97,82,23,16,92,28,65,131" hai1="122,56,74,7,129,12,90,19,68,46,67,3,102" hai2="49,76,80,31,35,121,132,41,62,26,70,104,9" hai3="57,72,22,71,89,34,54,133,69,25,51,94,100"/><T125/><D125/><U105/><E122/><V73/><F121/><W55/><G34/><T60/><D131/><U112/><E68/><V58/><F132/><W40/><G100/><T24/><D4/><U17/><E74/><V47/><F104/><W84/><G133/><T113/><D113/><U114/><E129/><V123/><F123/><W2/><G72/><T116/><D116/><U135/><E135/><V48/><F70/><W81/><G40/><T93/><D82/><U88/><E46/><V101/><F9/><W119/><G2/><T127/><D127/><U66/><E102/><V21/><F101/><W124/><G119/><T87/><D87/><U27/><E105/><V86/><F35/><W50/><G124/><T103/><D92/><U107/><E107/><V36/><F73/><W30/><REACH who="3" step="1"/><G81/><REACH who="3" ten="268,94,482,146" step="2"/><T0/><D0/><U85/><E3/><V108/><F80/><W8/><G8/><T118/><D118/><U42/><E42/><V15/><F41/><W83/><G83/><T99/><D99/><U29/><E85/><V18/><F86/><W13/><G13/><T43/><D61/><U6/><E12/><V96/><F15/><W91/><G91/><T109/><D109/><U78/><E78/><V75/><F76/><W39/><G39/><T64/><D60/><U44/><E90/><V38/><F62/><W14/><G14/><T126/><D126/><U5/><E88/><V130/><F108/><W79/><G79/><T33/><D33/><U95/><E112/><V134/><F134/><W77/><G77/><T115/><D115/><U1/><E114/><RYUUKYOKU ba="0,1" sc="268,-10,94,-10,482,-10,146,30" hai3="22,25,30,50,51,54,55,57,69,71,84,89,94" /><INIT seed="5,1,1,1,3,61" ten="258,84,472,176" oya="1" hai0="54,10,52,57,81,130,69,68,48,99,12,4,32" hai1="93,135,108,87,58,3,72,71,79,89,85,34,104" hai2="39,45,86,75,109,5,78,119,21,65,134,59,0" hai3="14,62,98,29,129,113,66,2,111,133,15,7,35"/><U6/><E71/><V70/><F109/><W82/><G111/><T22/><D32/><U1/><E108/><V8/><F59/><W97/><G2/><T102/><D130/><U18/><E34/><V110/><F86/><W23/><G35/><T91/><D22/><U9/><E135/><V40/><F21/><W114/><G82/><T95/><D81/><U24/><E104/><V112/><F110/><W122/><G122/><T26/><D26/><U106/><E106/><V64/><F119/><W83/><G83/><T74/><D74/><U30/><E72/><V118/><F118/><W25/><G129/><T63/><D102/><U19/><E3/><V120/><F120/><W128/><G128/><T44/><AGARI ba="1,1" hai="4,10,12,44,48,52,54,57,63,68,69,91,95,99" machi="44" ten="20,2700,0" yaku="0,1,7,1,54,1" doraHai="61" who="0" fromWho="0" sc="258,40,84,-14,472,-8,176,-8" /><INIT seed="6,0,0,5,5,135" ten="298,70,464,168" oya="2" hai0="133,120,99,36,2,117,127,48,93,42,53,119,129" hai1="122,41,88,16,22,61,75,82,63,72,54,73,24" hai2="97,125,28,65,79,118,80,37,114,110,131,134,128" hai3="126,71,4,5,68,121,33,49,85,31,46,51,101"/><V78/><F37/><W111/><G85/><T107/><D120/><U57/><E122/><V50/><F118/><N who="0" m="45066" /><D107/><U103/><E41/><V89/><F65/><W13/><G13/><T8/><D133/><U0/><E0/><V95/><F28/><W32/><G46/><N who="0" m="23879" /><D129/><U84/><REACH who="1" step="1"/><E103/><REACH who="1" ten="298,60,464,168" step="2"/><N who="2" m="60863" /><F131/><W29/><G101/><N who="0" m="60655" /><D2/><U44/><E44/><V132/><F128/><W11/><G121/><T62/><D62/><AGARI ba="0,1" hai="16,22,24,54,57,61,62,63,72,73,75,82,84,88" machi="62" ten="40,5200,0" yaku="1,1,54,2,53,0" doraHai="135" doraHaiUra="109" who="1" fromWho="0" sc="298,-52,60,62,464,0,168,0" /><INIT seed="7,0,0,2,5,128" ten="246,122,464,168" oya="3" hai0="50,96,74,69,126,20,80,4,114,8,87,124,37" hai1="34,1,10,29,55,115,90,31,38,98,95,106,32" hai2="112,79,93,123,68,86,82,44,130,66,5,13,119" hai3="9,57,84,23,71,28,67,25,6,30,132,19,81"/><W78/><G71/><T73/><D37/><U27/><E38/><V58/><F119/><W116/><G116/><T105/><D69/><U70/><E115/><V16/><F68/><W109/><G109/><T24/><D50/><U35/><E70/><V60/><F112/><W118/><G118/><T83/><D114/><U88/><E106/><V0/><F130/><W65/><G132/><T111/><D111/><U102/><E55/><V127/><F127/><N who="0" m="48682" /><D105/><U94/><E31/><V45/><F123/><W108/><G108/><T85/><D96/><U46/><E46/><V21/><F93/><W49/><G67/><T110/><D110/><U61/><E61/><V39/><F39/><W52/><REACH who="3" step="1"/><G65/><REACH who="3" ten="246,122,464,158" step="2"/><T129/><D129/><U135/><E135/><V76/><F66/><W48/><G48/><T3/><D80/><U40/><E40/><V36/><F82/><W7/><G7/><T77/><D73/><U121/><E121/><V59/><F5/><W101/><G101/><T47/><D47/><U43/><E43/><V103/><F44/><W22/><G22/><T97/><D74/><U18/><E102/><V42/><F103/><W33/><G33/><T12/><D83/><U72/><E72/><V99/><F45/><W17/><G17/><T64/><D64/><U75/><E75/><V125/><F16/><W100/><G100/><T89/><D20/><U14/><REACH who="1" step="1"/><E1/><AGARI ba="0,1" hai="1,6,9,19,23,25,28,30,49,52,57,78,81,84" machi="1" ten="30,5800,0" yaku="1,1,7,1,54,1,53,0" doraHai="128" doraHaiUra="91" who="3" fromWho="1" sc="246,0,122,-58,464,0,158,68" /><INIT seed="7,1,0,0,5,73" ten="246,64,464,226" oya="3" hai0="133,24,132,11,98,109,114,130,112,13,35,71,6" hai1="94,17,80,93,40,95,42,56,124,119,77,15,64" hai2="52,117,134,51,74,67,107,110,90,78,19,65,38" hai3="48,61,36,37,10,70,81,7,43,33,32,18,16"/><W4/><G81/><T87/><D71/><U92/><N who="1" m="23552" /><DORA hai="131" /><U125/><E119/><V128/><F38/><W25/><G48/><T106/><D87/><U0/><E0/><V58/><F110/><W105/><G105/><T82/><D82/><U76/><E80/><V102/><F117/><W1/><G43/><T27/><D98/><U46/><E56/><V9/><F78/><W83/><G61/><T97/><D97/><U116/><E64/><V86/><F74/><W104/><G37/><T79/><D79/><U21/><E42/><V120/><F120/><W55/><G55/><T85/><D85/><U72/><E72/><V44/><F44/><W39/><G36/><T100/><D100/><U23/><E116/><V57/><F57/><W89/><G89/><T101/><D106/><U103/><E103/><V31/><F58/><W62/><G39/><T53/><D53/><U47/><E47/><V121/><F121/><W20/><G62/><T5/><D101/><U49/><REACH who="1" step="1"/><E23/><REACH who="1" ten="246,54,464,226" step="2"/><V2/><F67/><W88/><G83/><T66/><D66/><U60/><E60/><V29/><F65/><W41/><G41/><T96/><D96/><U3/><E3/><V99/><F99/><W84/><G20/><T50/><D50/><U69/><E69/><V91/><F51/><W63/><G70/><T22/><D22/><U45/><E45/><V127/><F102/><W68/><G63/><T122/><D122/><U115/><E115/><V8/><F107/><W59/><G104/><T108/><D114/><U14/><E14/><V123/><F123/><W113/><G68/><RYUUKYOKU ba="1,1" sc="246,-10,54,30,464,-10,226,-10" hai1="15,17,21,40,46,49,76,77,124,125" owari="236,4.0,84,-42.0,464,56.0,216,-18.0" /></mjloggm>