<mjloggm ver="2.3"><GO type="169" lobby="0"/><UN n0="%E5%AE%88%E6%9D%91%E6%A1%9C%E5%BC%A5" n1="%E7%A0%B2%E3%81%AE%E4%B8%8A%E3%81%AE%E3%81%82%E3%81%AE%E5%A8%98" n2="%E5%B0%B1%E6%B4%BB%E7%94%9F%40%E5%B7%9D%E6%9D%91%E8%BB%8D%E5%9B%A3" n3="%E3%83%9B%E3%83%BB%E3%82%B8%E3%83%A5%E3%83%B3" dan="16,16,18,17" rate="2127.82,2082.83,2219.95,2201.43" sx="M,F,M,M"/><TAIKYOKU oya="0"/><INIT seed="0,0,0,3,5,120" ten="250,250,250,250" oya="0" hai0="86,33,1,116,50,47,133,48,124,79,77,76,113" hai1="68,38,56,73,5,39,110,58,25,2,104,30,95" hai2="7,114,29,82,0,111,125,20,4,106,101,45,41" hai3="99,74,22,28,130,123,90,134,6,44,119,32,91"/><T117/><D113/><U98/><E104/><V70/><F70/><W84/><G74/><T21/><D33/><U9/><E68/><V88/><F114/><W100/><G119/><T57/><D117/><U40/><E73/><V87/><F125/><W55/><G123/><T49/><D124/><U8/><E8/><V36/><F0/><W102/><G32/><T85/><D116/><U3/><E3/><V19/><F29/><W23/><G6/><T60/><D1/><U81/><E81/><V53/><F111/><W65/><G65/><T131/><D131/><U63/><E110/><V13/><REACH who="2" step="1"/><F53/><REACH who="2" ten="250,250,240,250" step="2"/><W12/><G55/><N who="0" m="33855" /><D133/><U66/><E40/><V71/><F71/><W10/><G28/><T89/><D47/><U11/><E56/><V115/><F115/><W69/><G69/><T109/><D109/><U67/><E67/><V14/><F14/><W112/><G134/><T96/><D21/><N who="1" m="15663" /><E9/><V35/><F35/><W129/><G112/><T83/><D96/><AGARI ba="0,1" hai="4,7,13,19,20,36,41,45,82,87,88,96,101,106" machi="96" ten="40,2600,0" yaku="1,1,54,1,53,0" doraHai="120" doraHaiUra="52" who="2" fromWho="0" sc="250,-26,250,0,240,36,250,0" /><INIT seed="1,0,0,4,5,76" ten="224,250,276,250" oya="1" hai0="22,84,105,83,79,54,127,9,25,31,115,123,56" hai1="95,69,71,13,2,81,125,113,111,11,128,53,74" hai2="29,58,103,24,5,59,26,98,36,16,126,23,17" hai3="28,108,30,21,119,60,65,49,101,130,43,85,92"/><U122/><E113/><V72/><F126/><W102/><G108/><T37/><D123/><U0/><E122/><V18/><F36/><W112/><G112/><T10/><D115/><U75/><E111/><V57/><F72/><W134/><G130/><T86/><D105/><U93/><E125/><V51/><F5/><W120/><G120/><T7/><D127/><U41/><E41/><V12/><F51/><W124/><G124/><T14/><D37/><U104/><E104/><V62/><F24/><W77/><G134/><T48/><REACH who="0" step="1"/><D10/><REACH who="0" ten="214,250,276,250" step="2"/><U91/><E11/><V129/><F129/><W42/><G119/><T8/><D8/><U67/><E128/><V99/><F12/><W3/><G3/><T116/><D116/><U52/><E13/><V114/><F114/><W133/><G133/><T64/><D64/><U4/><E67/><V32/><F32/><W90/><G65/><T80/><D80/><U15/><E15/><V100/><F62/><W1/><G60/><T34/><D34/><U88/><E4/><V39/><F39/><W40/><G1/><T27/><D27/><U110/><E110/><V78/><F78/><W94/><G49/><T121/><D121/><U87/><E87/><AGARI ba="0,1" hai="7,9,14,22,25,31,48,54,56,79,83,84,86,87" machi="87" ten="30,7700,0" yaku="1,1,7,1,8,1,52,1,53,0" doraHai="76" doraHaiUra="106" who="0" fromWho="1" sc="214,87,250,-77,276,0,250,0" /><INIT seed="2,0,0,3,4,27" ten="301,173,276,250" oya="2" hai0="39,70,111,64,19,106,45,99,16,36,26,29,102" hai1="79,131,133,24,31,84,120,10,11,23,53,15,59" hai2="109,20,41,112,85,130,60,71,7,117,90,126,2" hai3="46,47,3,129,37,48,13,43,61,92,50,30,14"/><V94/><F112/><W135/><G135/><T18/><D111/><U82/><E133/><V108/><F117/><W114/><G3/><T101/><D102/><U121/><E131/><V113/><F113/><W58/><G129/><T33/><D45/><U65/><E65/><V118/><F118/><W122/><G122/><T116/><D116/><U5/><REACH who="1" step="1"/><E11/><REACH who="1" ten="301,163,276,250" step="2"/><V76/><F130/><W68/><G114/><T17/><D64/><U21/><E21/><V38/><F20/><W35/><G37/><T55/><D70/><U25/><E25/><V42/><F71/><W91/><G68/><T97/><D55/><U56/><E56/><V75/><F41/><W123/><G123/><T88/><D39/><U49/><AGARI ba="0,1" hai="5,10,15,23,24,31,49,53,59,79,82,84,120,121" machi="49" ten="30,4000,0" yaku="1,1,0,1,52,1,53,0" doraHai="27" doraHaiUra="96" who="1" fromWho="1" sc="301,-10,163,50,276,-20,250,-10" /><INIT seed="3,0,0,1,3,106" ten="291,213,256,240" oya="3" hai0="102,48,18,34,13,8,95,36,15,92,83,86,77" hai1="99,60,67,14,132,118,31,54,32,3,65,61,64" hai2="37,90,85,113,23,94,91,115,89,129,73,62,87" hai3="30,5,97,121,111,124,47,46,107,100,19,79,108"/><W50/><G121/><T105/><D36/><U24/><E3/><V104/><F37/><W42/><G124/><T59/><D34/><U57/><E132/><V44/><F104/><W6/><G30/><T120/><D120/><U27/><E118/><V7/><F7/><W25/><G79/><T21/><D105/><U117/><E117/><V33/><F33/><W12/><G25/><T93/><D59/><U0/><E0/><V40/><F129/><W20/><REACH who="3" step="1"/><G47/><REACH who="3" ten="291,213,256,230" step="2"/><T1/><D77/><U110/><E110/><AGARI ba="0,1" hai="5,6,12,19,20,42,46,50,97,100,107,108,110,111" machi="110" ten="40,12000,1" yaku="1,1,2,1,14,1,10,1,53,0" doraHai="106" doraHaiUra="128" who="3" fromWho="1" sc="291,0,213,-120,256,0,230,130" /><INIT seed="3,1,0,1,2,116" ten="291,93,256,360" oya="3" hai0="0,11,99,45,79,112,28,72,133,84,33,42,93" hai1="4,86,80,78,90,37,13,14,54,6,118,110,128" hai2="119,29,126,21,89,19,87,35,47,85,27,57,74" hai3="132,127,30,94,125,38,92,122,61,8,114,91,71"/><W32/><G38/><N who="0" m="21719" /><D84/><U12/><E110/><V44/><F126/><W76/><G114/><T31/><D33/><U75/><E128/><V67/><F74/><W111/><G132/><T102/><D112/><U129/><E129/><V123/><F123/><W73/><G122/><T10/><D10/><U115/><E118/><V70/><F70/><W26/><G111/><T49/><D49/><U55/><E37/><V48/><F119/><W58/><G71/><T64/><D64/><U95/><REACH who="1" step="1"/><E115/><REACH who="1" ten="291,83,256,360" step="2"/><V88/><F35/><N who="3" m="20951" /><G127/><T15/><D133/><U18/><E18/><V66/><F19/><W83/><G125/><T124/><D28/><U101/><E101/><V17/><F17/><W2/><G32/><T63/><D102/><U130/><E130/><V51/><F29/><W134/><G134/><T52/><D31/><U106/><E106/><V109/><F109/><W53/><G8/><T117/><D11/><U16/><E16/><V103/><F103/><W1/><G1/><T113/><D0/><U41/><E41/><V25/><F21/><W56/><G2/><T108/><D108/><U98/><E98/><V62/><F62/><W36/><G61/><T39/><D99/><U81/><E81/><V120/><F120/><W34/><G83/><T97/><D63/><U9/><E9/><V69/><F69/><W65/><G34/><T59/><D117/><U24/><E24/><V68/><F68/><W131/><G131/><T105/><D124/><U5/><AGARI ba="1,1" hai="4,5,6,12,13,14,54,55,75,78,80,86,90,95" machi="5" ten="30,2000,0" yaku="1,1,0,1,53,0" doraHai="116" doraHaiUra="23" who="1" fromWho="1" sc="291,-6,83,33,256,-6,360,-11" /><INIT seed="4,0,0,2,1,18" ten="285,116,250,349" oya="0" hai0="113,95,50,30,107,118,16,97,81,104,78,8,92" hai1="12,100,63,75,69,59,102,70,109,9,22,5,114" hai2="1,64,23,39,15,123,32,33,68,3,27,6,56" hai3="44,28,72,105,74,85,127,79,110,48,126,17,20"/><T112/><D30/><U51/><E109/><V13/><F68/><W24/><G105/><N who="0" m="40523" /><D50/><U54/><E75/><V96/><F39/><W134/><G110/><T90/><D118/><U115/><E69/><V14/><F96/><W0/><G0/><N who="2" m="73" /><F64/><W86/><G134/><T37/><D37/><U58/><E70/><V101/><F101/><W29/><G72/><N who="0" m="43207" /><D16/><N who="1" m="10503" /><E63/><V36/><F56/><W34/><G74/><T91/><D8/><U26/><E26/><V84/><F84/><AGARI ba="0,0" hai="84,90,91,92,95,97,112,113" m="43207,40523" machi="84" ten="30,2900,0" yaku="34,2" doraHai="18" who="0" fromWho="2" sc="285,29,116,0,250,-29,349,0" /><INIT seed="4,1,0,4,0,130" ten="314,116,221,349" oya="0" hai0="4,80,51,104,133,52,121,69,43,48,2,95,58" hai1="87,45,132,119,23,30,103,129,22,105,50,27,88" hai2="110,65,97,108,67,10,134,79,100,9,92,57,123" hai3="111,42,76,0,89,56,21,5,33,101,99,91,14"/><T112/><D104/><U81/><E119/><V41/><F123/><W115/><G111/><T128/><D121/><U96/><E129/><V66/><F41/><W93/><G33/><T49/><D69/><U127/><E127/><V7/><F79/><W84/><G115/><T83/><D112/><U18/><E132/><V124/><F134/><W61/><G0/><T3/><D133/><U39/><E39/><V40/><F40/><W60/><G42/><T68/><D68/><U73/><E73/><V106/><F124/><W32/><G32/><T11/><D128/><U126/><E126/><V28/><F28/><W29/><G5/><T131/><D131/><U118/><E118/><V74/><F74/><W15/><G76/><T72/><D3/><U59/><E59/><V117/><F117/><W25/><G61/><T107/><D107/><U120/><E120/><V53/><F106/><W34/><G34/><T54/><D43/><U47/><REACH who="1" step="1"/><E50/><REACH who="1" ten="314,106,221,349" step="2"/><V102/><F108/><W78/><G78/><T55/><D58/><U94/><E94/><V38/><F38/><W109/><G109/><T16/><D95/><U24/><AGARI ba="1,1" hai="18,22,23,24,27,30,45,47,81,87,88,96,103,105" machi="24" ten="20,5200,0" yaku="1,1,0,1,7,1,54,1,53,0" doraHai="130" doraHaiUra="122" who="1" fromWho="1" sc="314,-27,106,65,221,-14,349,-14" /><INIT seed="5,0,0,4,4,77" ten="287,171,207,335" oya="1" hai0="47,119,21,43,66,0,36,19,15,34,4,86,63" hai1="29,120,3,118,39,93,8,46,51,99,81,78,50" hai2="1,90,116,62,76,97,69,75,9,55,64,54,31" hai3="132,33,80,111,13,85,20,57,40,91,121,32,108"/><U129/><E118/><V45/><F116/><W112/><G121/><T56/><D119/><U17/><E120/><V2/><F31/><W35/><G112/><T30/><D34/><U107/><E107/><V114/><F114/><W122/><G122/><T6/><D30/><U59/><E129/><V5/><F2/><W133/><G40/><T127/><D0/><U124/><E124/><V23/><F23/><W37/><G37/><T87/><D127/><U83/><E39/><V10/><F10/><W68/><G68/><T113/><D113/><U79/><E29/><V94/><REACH who="2" step="1"/><F45/><REACH who="2" ten="287,171,197,335" step="2"/><W72/><G33/><T131/><D131/><U73/><E3/><V126/><F126/><W48/><G35/><T96/><D4/><U26/><E46/><V16/><F16/><W67/><G32/><T101/><D6/><U82/><E73/><V128/><F128/><W98/><G72/><T12/><D12/><N who="1" m="7303" /><E26/><V110/><F110/><W7/><G108/><T70/><D70/><U53/><E50/><V130/><F130/><W102/><G111/><T135/><D135/><N who="3" m="51785" /><G48/><T89/><D36/><U123/><E123/><V61/><F61/><N who="3" m="38319" /><G7/><T14/><D63/><U104/><E104/><V117/><F117/><W28/><G28/><T74/><D74/><U134/><E134/><V22/><F22/><W125/><G125/><T38/><D21/><U11/><E11/><V25/><F25/><W52/><G20/><T105/><D19/><U109/><E109/><V41/><F41/><W84/><G13/><T49/><D14/><U92/><E92/><V71/><F71/><W100/><G80/><AGARI ba="0,1" hai="1,5,9,54,55,62,64,69,75,76,80,90,94,97" machi="80" ten="40,8000,1" yaku="1,1,6,1,52,1,53,1" doraHai="77" doraHaiUra="106" who="2" fromWho="3" sc="287,0,171,0,197,90,335,-80" /><INIT seed="6,0,0,5,0,65" ten="287,171,287,255" oya="2" hai0="70,90,116,105,10,18,8,117,99,51,79,84,69" hai1="45,30,115,114,46,135,31,98,1,24,67,121,40" hai2="0,123,75,129,95,103,73,55,14,58,54,25,122" hai3="28,35,110,71,111,2,131,102,43,29,134,38,87"/><V125/><F0/><W72/><G72/><T59/><D79/><U77/><E135/><V92/><F125/><W76/><G2/><T86/><D59/><U15/><E1/><V107/><F25/><W23/><G35/><T12/><D86/><U57/><E77/><V81/><F14/><W128/><G102/><N who="0" m="62687" /><D10/><U130/><E130/><N who="3" m="49706" /><G134/><T22/><D8/><U33/><E121/><V109/><F129/><W32/><G32/><T13/><D13/><U66/><E98/><V126/><F126/><W36/><G71/><T112/><D51/><U20/><E30/><N who="3" m="11882" /><G23/><T101/><D112/><U108/><E108/><N who="3" m="41514" /><G43/><T49/><D101/><U27/><E27/><V63/><F109/><W106/><G106/><T11/><D22/><U6/><E20/><V104/><F103/><W62/><G62/><T127/><D127/><U132/><E40/><V100/><F100/><W37/><G76/><T78/><D49/><U82/><E114/><V3/><F63/><W94/><G94/><N who="0" m="54599" /><D78/><U34/><E115/><V44/><F3/><W64/><G87/><T113/><D113/><U60/><E33/><V52/><F58/><W17/><G17/><T48/><D48/><U5/><E66/><AGARI ba="0,0" hai="36,37,38,64,66" m="41514,11882,49706" machi="66" ten="40,5200,0" yaku="28,2,19,1" doraHai="65" who="3" fromWho="1" sc="287,0,171,-52,287,0,255,52" /><INIT seed="7,0,0,5,3,30" ten="287,119,287,307" oya="3" hai0="105,97,9,118,67,75,102,125,123,43,47,6,110" hai1="80,126,31,14,91,85,54,46,93,63,66,5,64" hai2="128,109,71,82,38,86,42,4,92,29,112,57,68" hai3="113,55,7,130,87,122,22,98,8,58,90,117,107"/><W35/><G35/><T127/><D123/><U131/><E131/><V135/><F109/><W27/><G122/><T119/><D67/><U56/><E126/><N who="0" m="48137" /><D75/><U111/><E111/><V65/><F4/><W32/><G32/><T21/><D21/><U40/><E31/><V25/><F128/><W74/><G74/><T23/><D23/><U51/><REACH who="1" step="1"/><E80/><REACH who="1" ten="287,109,287,307" step="2"/><V129/><F129/><W50/><G130/><T96/><D110/><U83/><E83/><V101/><F82/><N who="3" m="49527" /><G117/><N who="0" m="44555" /><D105/><U0/><E0/><V103/><F29/><N who="3" m="17655" /><G107/><T26/><D102/><U12/><E12/><V116/><F103/><W124/><G124/><T62/><D26/><U49/><E49/><V81/><F101/><W20/><G113/><T16/><D62/><U33/><E33/><V19/><F81/><W70/><G70/><T1/><D1/><U18/><E18/><V34/><F71/><W52/><G20/><T99/><D6/><U121/><E121/><V53/><F68/><W17/><G17/><T78/><D78/><U61/><E61/><V44/><F19/><W104/><G104/><T13/><D16/><U73/><E73/><V115/><F25/><W41/><G98/><T28/><D28/><U59/><E59/><V132/><F34/><W24/><G24/><T133/><D13/><U108/><E108/><V15/><F15/><N who="3" m="5535" /><G58/><T100/><D100/><U134/><E134/><N who="2" m="51243" /><F116/><W69/><G69/><T114/><D133/><U76/><E76/><V89/><F65/><W39/><G39/><N who="0" m="22015" /><D114/><U72/><E72/><V79/><F79/><W95/><G95/><T106/><D106/><U120/><E120/><RYUUKYOKU ba="0,1" sc="287,0,109,0,287,0,307,0" hai0="9,96,97,99" hai1="5,14,40,46,51,54,56,63,64,66,85,91,93" hai2="38,42,44,53,57,86,89,92,112,115" hai3="41,50,52,55" owari="287,9.0,109,-39.0,287,-11.0,317,41.0" /></mjloggm>