<mjloggm ver="2.3"><GO type="169" lobby="0"/><UN n0="%E3%82%A6%E3%83%AB%E3%83%88%E3%83%A9%E7%AB%8B%E7%9B%B4" n1="%E3%82%84%E3%81%9F%E3%82%B1%E3%83%B3" n2="%6B%6F%6B%75%73%68%69%61" n3="%53%69%6D%6F%6F%6E" dan="18,17,16,16" rate="2213.07,2201.56,2073.20,2062.97" sx="M,M,M,M"/><TAIKYOKU oya="0"/><INIT seed="0,0,0,4,1,71" ten="250,250,250,250" oya="0" hai0="125,100,43,9,89,73,39,99,55,105,98,16,5" hai1="128,15,126,67,12,70,119,3,112,102,10,34,132" hai2="101,33,46,97,0,131,123,7,116,64,90,32,49" hai3="21,95,44,114,66,117,80,20,31,68,53,127,96"/><T78/><D125/><U28/><E102/><V108/><F123/><W135/><G114/><T59/><D78/><U107/><E67/><V26/><F108/><W8/><G117/><T52/><D73/><U84/><E84/><V29/><F116/><W134/><G127/><T22/><D89/><U60/><E60/><V93/><F131/><W62/><G8/><T1/><D98/><U50/><E50/><V87/><F64/><W13/><G13/><T83/><D83/><U56/><E56/><V122/><F122/><W61/><G80/><T47/><REACH who="0" step="1"/><D59/><REACH who="0" ten="240,250,250,250" step="2"/><U92/><E126/><V75/><F75/><W115/><G96/><T14/><AGARI ba="0,1" hai="1,5,9,14,16,22,39,43,47,52,55,99,100,105" machi="14" ten="20,18000,2" yaku="1,1,2,1,0,1,7,1,52,1,54,2,53,0" doraHai="71" doraHaiUra="23" who="0" fromWho="0" sc="240,190,250,-60,250,-60,250,-60" /><INIT seed="0,1,0,4,2,39" ten="430,190,190,190" oya="0" hai0="72,119,130,45,134,108,26,117,49,34,103,104,9" hai1="79,129,33,113,29,11,13,21,89,35,95,83,107" hai2="18,64,110,111,10,30,70,41,6,48,65,135,101" hai3="94,47,93,73,128,14,38,120,32,122,53,67,54"/><T25/><D72/><U112/><E107/><V36/><F36/><W56/><G73/><T5/><D130/><U131/><E83/><V75/><F75/><W12/><G32/><N who="1" m="12362" /><E79/><V58/><F70/><W109/><G67/><T17/><D103/><U0/><E95/><V28/><F18/><W16/><G109/><N who="2" m="41481" /><F135/><W50/><G12/><T106/><D134/><U132/><E89/><V80/><F101/><W23/><G128/><N who="1" m="49226" /><E132/><V78/><F80/><W43/><REACH who="3" step="1"/><G54/><REACH who="3" ten="430,190,190,180" step="2"/><T114/><D108/><U82/><E0/><V69/><F65/><W42/><G42/><T1/><D1/><U44/><E13/><V46/><F64/><W88/><G88/><T62/><D119/><U71/><E113/><V22/><F78/><W118/><G118/><T92/><D114/><U97/><E112/><V81/><F41/><W7/><G7/><T124/><D5/><U55/><E55/><V85/><F6/><W91/><G91/><T100/><D117/><U105/><E71/><V76/><F69/><W66/><G66/><T8/><D34/><U121/><E82/><V2/><F81/><W19/><G19/><T125/><D17/><U98/><E98/><V61/><F76/><W77/><G77/><T123/><D100/><U84/><E97/><V60/><F85/><W51/><G51/><T90/><D49/><U57/><E84/><V3/><F48/><W37/><G37/><T59/><D90/><U96/><E96/><V127/><F61/><W115/><G115/><T52/><D62/><U74/><E74/><V102/><F60/><W68/><G68/><T99/><D99/><RYUUKYOKU ba="1,1" sc="430,-10,190,-10,190,-10,180,30" hai3="14,16,23,38,43,47,50,53,56,93,94,120,122" /><INIT seed="1,2,1,3,2,60" ten="420,180,180,210" oya="1" hai0="30,61,50,46,34,48,63,112,130,72,90,27,135" hai1="42,132,91,87,33,71,83,124,99,114,54,88,31" hai2="7,94,125,1,12,134,20,75,129,67,26,65,74" hai3="100,101,80,13,17,97,43,59,102,120,86,133,81"/><U84/><E114/><V11/><F125/><W57/><G120/><T119/><D72/><U111/><E124/><V3/><F134/><W89/><G133/><T55/><D119/><U118/><E132/><V40/><F129/><W68/><G68/><T77/><D77/><U95/><E118/><V121/><F121/><W126/><G126/><T10/><D112/><U5/><E5/><V14/><F40/><W36/><G36/><T110/><D110/><U66/><E111/><V82/><F1/><W104/><G104/><T116/><D130/><U45/><E54/><V64/><F94/><N who="3" m="56527" /><G43/><T4/><D116/><U73/><E31/><V58/><F58/><N who="3" m="22027" /><G86/><T28/><D50/><U25/><E33/><V39/><F39/><W62/><G62/><T35/><D135/><U51/><E25/><V122/><F122/><W18/><G18/><T9/><D30/><U37/><E37/><V38/><F38/><W127/><G127/><T128/><D35/><U41/><E41/><V24/><F24/><W23/><AGARI ba="2,1" hai="13,17,23,80,81,100,101,102" m="22027,56527" machi="23" ten="30,1100,0" yaku="8,1" doraHai="60" who="3" fromWho="3" sc="420,-5,180,-7,180,-5,210,27" /><INIT seed="2,0,0,0,5,120" ten="415,173,175,237" oya="2" hai0="0,132,66,131,84,105,50,54,85,45,77,4,10" hai1="78,25,28,111,114,99,16,119,90,11,75,134,20" hai2="108,24,55,1,43,94,72,115,74,38,70,63,69" hai3="95,81,48,82,9,97,57,27,64,89,126,127,128"/><V44/><F1/><W32/><G128/><T39/><D105/><U3/><E75/><V33/><F115/><W121/><G121/><T135/><D131/><U98/><E114/><V109/><F94/><W31/><G9/><T2/><D2/><U35/><E78/><V117/><F117/><W5/><G5/><T92/><D77/><U76/><E76/><V79/><F55/><N who="3" m="31975" /><G64/><T22/><D66/><U61/><E119/><V14/><F14/><W104/><G104/><T68/><D68/><N who="2" m="26218" /><F63/><W125/><AGARI ba="0,0" hai="27,31,32,81,82,89,95,97,125,126,127" m="31975" machi="125" ten="30,1100,0" yaku="18,1" doraHai="120" who="3" fromWho="3" sc="415,-3,173,-3,175,-5,237,11" /><INIT seed="3,0,0,2,1,133" ten="412,170,170,248" oya="3" hai0="3,117,122,19,15,111,93,78,54,61,109,91,52" hai1="9,119,85,35,1,40,70,56,94,90,25,68,121" hai2="13,2,112,27,92,129,16,83,84,23,50,118,115" hai3="60,108,89,87,26,131,88,96,46,30,114,72,58"/><W53/><G72/><T76/><D3/><U125/><E121/><V34/><F118/><W31/><G114/><T44/><D117/><U6/><E119/><V81/><F2/><W59/><G131/><T22/><D122/><U73/><E73/><V106/><F106/><W67/><G108/><N who="0" m="41547" /><D54/><U69/><E40/><V95/><F129/><W37/><G37/><T29/><D29/><U42/><E42/><V120/><F120/><W0/><G46/><T18/><D18/><U98/><E56/><V21/><F34/><W101/><G0/><T80/><D80/><U39/><E39/><V116/><F83/><N who="3" m="49279" /><G101/><T75/><D75/><U66/><E66/><V57/><F116/><W103/><G103/><T128/><D128/><U4/><E4/><V12/><F115/><W32/><G26/><T64/><D52/><U110/><E110/><V49/><F112/><W11/><G11/><T55/><D55/><U63/><E25/><V82/><F27/><W48/><G32/><T134/><D44/><U135/><E35/><V45/><F45/><W62/><G60/><T74/><D134/><U33/><E135/><V7/><F7/><W36/><G36/><T8/><D8/><U41/><E63/><V79/><F79/><W99/><G89/><T17/><D17/><U100/><E33/><V104/><F104/><W5/><G5/><T127/><D74/><U47/><E47/><V65/><F57/><W124/><G31/><T86/><D78/><U132/><E41/><V28/><F28/><W97/><G30/><T102/><D76/><U24/><E132/><V38/><F38/><RYUUKYOKU ba="0,0" sc="412,-10,170,-10,170,-10,248,30" hai3="48,53,58,59,62,67,96,97,99,124" /><INIT seed="3,1,0,5,4,60" ten="402,160,160,278" oya="3" hai0="106,37,129,33,127,24,5,91,123,59,43,63,82" hai1="99,107,71,10,76,69,8,66,3,0,130,120,13" hai2="87,128,117,70,134,100,118,6,79,131,101,7,124" hai3="35,2,111,34,119,103,83,116,19,39,57,122,121"/><W84/><G39/><T126/><D106/><U110/><E120/><V114/><F87/><W47/><G47/><T32/><D123/><U89/><E76/><V50/><F50/><W30/><G2/><T4/><D129/><N who="2" m="49738" /><F79/><W51/><G103/><N who="2" m="39497" /><F70/><W42/><G121/><T88/><D63/><U9/><E130/><V44/><F44/><W18/><G42/><T86/><D59/><U113/><E107/><V73/><F73/><W64/><G51/><T115/><D86/><U46/><E46/><V27/><F27/><W108/><G122/><T75/><D24/><U1/><E71/><V132/><F114/><W53/><G84/><T68/><D68/><U31/><E113/><V28/><F28/><W90/><G30/><T85/><D85/><U96/><E31/><V23/><F23/><W38/><G83/><T41/><D82/><U133/><E69/><V21/><F21/><W81/><G81/><T109/><D115/><U65/><E3/><V95/><F95/><W12/><G90/><T104/><D104/><U14/><E10/><V54/><F54/><W25/><G53/><T67/><D75/><U105/><E105/><V15/><F15/><W61/><G12/><T80/><D80/><U16/><E89/><V92/><F92/><W11/><G25/><T62/><D88/><U74/><E74/><V125/><F7/><W48/><G48/><T49/><D91/><U22/><E22/><V45/><F6/><W72/><G72/><T52/><D49/><U102/><E102/><V56/><F45/><W40/><G11/><T135/><D4/><U26/><E9/><RYUUKYOKU ba="1,0" sc="402,0,160,0,160,0,278,0" /><INIT seed="4,2,0,2,3,12" ten="402,160,160,278" oya="0" hai0="132,35,77,92,86,74,114,36,116,82,18,32,25" hai1="56,64,75,103,67,130,13,26,53,91,42,126,123" hai2="45,73,0,98,101,85,97,52,69,80,9,71,1" hai3="28,23,89,81,105,43,111,7,95,115,59,134,120"/><T57/><D36/><U118/><E123/><V78/><F71/><W108/><G105/><T50/><D116/><U90/><E118/><V4/><F69/><W124/><G120/><T31/><D114/><U11/><E75/><V5/><F73/><W54/><G115/><T27/><D132/><U106/><E42/><V37/><F37/><W109/><G43/><T10/><D57/><U113/><E113/><V17/><F4/><W49/><G134/><T122/><D50/><U87/><E126/><V68/><F68/><W20/><G124/><T131/><D131/><U58/><E130/><V104/><F97/><W112/><G7/><T46/><D46/><U79/><E103/><V133/><F133/><W2/><G81/><T110/><D110/><U88/><E26/><V55/><F1/><W8/><G8/><T44/><D44/><U38/><E106/><V51/><REACH who="2" step="1"/><F17/><REACH who="2" ten="402,160,150,278" step="2"/><W24/><G2/><T15/><D122/><U61/><E38/><V84/><F84/><W99/><G112/><T47/><D86/><U41/><E56/><V22/><F22/><W30/><G20/><T83/><D74/><U14/><E11/><V63/><F63/><W29/><AGARI ba="2,1" hai="23,24,28,29,30,49,54,59,89,95,99,108,109,111" machi="29" ten="40,1500,0" yaku="0,1" doraHai="12" who="3" fromWho="3" sc="402,-9,160,-6,150,-6,278,31" /><INIT seed="5,0,0,3,5,75" ten="393,154,144,309" oya="1" hai0="44,51,79,26,38,15,47,109,77,36,93,39,31" hai1="57,112,126,71,85,114,59,127,45,118,131,92,4" hai2="20,49,0,128,17,48,63,97,23,30,110,73,108" hai3="78,115,90,55,135,80,120,9,101,132,96,61,52"/><U74/><E74/><V104/><F0/><W54/><G120/><T87/><D109/><U64/><E4/><V133/><F133/><N who="3" m="51275" /><G115/><N who="1" m="44074" /><E92/><V66/><F128/><W19/><G90/><T7/><D93/><U125/><E85/><V60/><F30/><W100/><G61/><T25/><D87/><U40/><E131/><V41/><F73/><N who="3" m="43087" /><G96/><T2/><D2/><U103/><E103/><V67/><F97/><W42/><G42/><T6/><D6/><U134/><E134/><V89/><F89/><W68/><G68/><T16/><D7/><U124/><E124/><V72/><F72/><W14/><AGARI ba="0,0" hai="9,14,19,52,54,55,100,101" m="43087,51275" machi="14" ten="40,5200,0" yaku="20,1,52,1,54,1" doraHai="75" who="3" fromWho="3" sc="393,-13,154,-26,144,-13,309,52" /><INIT seed="6,0,0,3,0,118" ten="380,128,131,361" oya="2" hai0="69,44,58,30,47,32,55,11,112,134,113,86,100" hai1="64,42,80,122,0,97,13,22,17,66,4,105,88" hai2="83,102,110,116,14,111,76,60,89,62,35,16,84" hai3="101,132,41,72,28,123,56,107,121,36,68,21,108"/><V45/><F116/><W12/><G108/><N who="2" m="41513" /><F35/><W40/><G68/><T129/><D69/><U128/><E105/><V43/><F76/><W78/><G132/><T71/><D71/><U93/><E0/><V115/><F102/><W65/><G72/><T3/><D129/><U27/><E128/><V75/><F75/><W85/><G85/><T5/><D134/><U70/><E70/><V7/><F7/><W124/><G78/><T127/><D127/><U120/><E42/><V38/><F115/><N who="0" m="44106" /><D86/><N who="1" m="50247" /><E4/><V73/><F73/><W39/><G124/><T92/><D92/><U18/><E18/><V9/><AGARI ba="0,0" hai="9,14,16,38,43,45,60,62,83,84,89" m="41513" machi="9" ten="30,3000,0" yaku="10,1,54,1" doraHai="118" who="2" fromWho="2" sc="380,-10,128,-10,131,30,361,-10" /><INIT seed="6,1,0,0,1,76" ten="370,118,161,351" oya="2" hai0="123,69,64,89,30,115,25,52,20,5,114,68,99" hai1="24,33,98,135,77,13,97,88,130,2,39,83,105" hai2="95,40,110,86,47,11,55,58,7,19,80,21,37" hai3="27,132,17,22,87,48,72,85,116,92,31,1,79"/><V117/><F117/><W133/><G1/><T61/><D123/><U93/><E2/><V46/><F110/><W9/><G116/><T101/><D5/><U100/><E39/><V66/><F95/><W0/><G92/><T82/><D68/><U74/><E13/><V14/><F66/><W108/><G108/><T118/><D118/><U75/><E33/><V56/><F47/><W124/><G124/><T134/><D134/><N who="3" m="51817" /><G48/><T121/><D52/><U104/><E24/><V91/><REACH who="2" step="1"/><F55/><REACH who="2" ten="370,118,151,351" step="2"/><W42/><G42/><T90/><D64/><U103/><E135/><V44/><F44/><W34/><G0/><AGARI ba="1,1" hai="0,7,11,14,19,21,37,40,46,56,58,80,86,91" machi="0" ten="30,5800,0" yaku="1,1,7,1,52,1,53,0" doraHai="76" doraHaiUra="59" who="2" fromWho="3" sc="370,0,118,0,151,71,351,-61" /><INIT seed="6,2,0,5,0,4" ten="370,118,222,290" oya="2" hai0="125,126,64,11,35,3,72,98,93,54,78,20,0" hai1="71,94,39,34,51,33,48,134,43,95,58,100,110" hai2="127,117,112,82,74,102,47,80,55,15,107,21,19" hai3="42,57,13,24,27,122,61,63,31,90,76,44,23"/><V77/><F117/><W14/><G122/><T70/><D35/><U119/><E71/><V65/><F112/><W96/><G76/><T101/><D64/><U6/><E119/><V26/><F127/><N who="0" m="48650" /><D70/><U116/><E116/><V46/><F65/><W68/><G68/><T86/><D11/><U75/><E75/><V113/><F113/><W32/><G96/><T45/><D20/><U22/><E110/><V73/><F55/><W130/><G90/><T49/><D86/><U129/><E39/><V109/><F109/><W131/><G27/><T30/><D30/><U135/><E22/><V52/><F52/><N who="3" m="33959" /><G63/><T85/><D85/><U133/><E6/><V99/><REACH who="2" step="1"/><F26/><REACH who="2" ten="370,118,212,290" step="2"/><W111/><G111/><T41/><D54/><U36/><E58/><V9/><F9/><W128/><G32/><N who="1" m="12394" /><E43/><V25/><F25/><W108/><G108/><T7/><D41/><U29/><E36/><AGARI ba="2,1" hai="13,14,23,24,31,36,42,44,128,130,131" m="33959" machi="36" ten="30,2000,0" yaku="19,1,54,1" doraHai="4" who="3" fromWho="1" sc="370,0,118,-26,212,0,290,36" /><INIT seed="7,0,0,1,2,41" ten="370,92,212,326" oya="3" hai0="31,49,59,122,2,34,93,69,65,75,63,20,9" hai1="89,55,103,28,99,88,132,70,124,135,134,46,104" hai2="14,67,32,61,13,64,24,66,52,112,44,86,73" hai3="118,98,10,43,123,38,85,79,102,62,48,19,23"/><W131/><G118/><T26/><D75/><U127/><E28/><V125/><F73/><W111/><G123/><T115/><D122/><U33/><E33/><V108/><F108/><W74/><G74/><T90/><D115/><U72/><E70/><V25/><F125/><N who="1" m="48201" /><E72/><V100/><F112/><W27/><G38/><T60/><D34/><U51/><E55/><V113/><F113/><W57/><G131/><T21/><D49/><U5/><E51/><V18/><F100/><W12/><G111/><T45/><D45/><U17/><E5/><V50/><F61/><W8/><G27/><N who="0" m="16871" /><D2/><U68/><E68/><V4/><F4/><W47/><G85/><N who="0" m="52431" /><D69/><U81/><E17/><V76/><F32/><W119/><G79/><T87/><D9/><U129/><E46/><V107/><F107/><W97/><G119/><T82/><D59/><U121/><E121/><V120/><F14/><W0/><G0/><T117/><D65/><U94/><E81/><N who="2" m="47399" /><F120/><W29/><G29/><N who="0" m="17615" /><D117/><U53/><E53/><V1/><F1/><W22/><G22/><AGARI ba="0,0" hai="13,18,22,24,25,44,50,52,64,66,67" m="47399" machi="22" ten="30,3900,0" yaku="8,1,52,1,54,1" doraHai="41" who="2" fromWho="3" sc="370,0,92,0,212,39,326,-39" owari="370,47.0,92,-41.0,251,-15.0,287,9.0" /></mjloggm>