<mjloggm ver="2.3"><GO type="169" lobby="0"/><UN n0="%E5%B9%B3%E4%BA%95%E9%8A%80%E4%BA%8C" n1="%7A%61%63%63" n2="%E3%83%94%E3%82%B3%E3%83%9E%E3%82%B9%E3%83%86%E3%82%A3%E3%83%95" n3="%E3%82%A6%E3%83%AB%E3%83%88%E3%83%A9%E7%AB%8B%E7%9B%B4" dan="16,17,18,18" rate="2108.28,2193.85,2224.57,2206.30" sx="F,F,M,M"/><TAIKYOKU oya="0"/><INIT seed="0,0,0,3,5,14" ten="250,250,250,250" oya="0" hai0="0,128,83,19,1,86,126,4,40,35,47,59,92" hai1="48,79,96,129,107,62,94,56,61,44,75,74,99" hai2="71,123,66,134,26,67,25,64,42,15,55,13,89" hai3="98,39,20,127,51,49,133,54,112,29,65,33,21"/><T118/><D118/><U113/><E129/><V58/><F123/><W95/><G39/><T106/><D106/><U31/><E113/><V101/><F71/><W73/><G73/><T100/><D35/><U88/><E31/><V109/><F109/><W10/><G127/><T5/><D128/><U103/><E79/><V60/><F101/><W43/><G133/><T37/><D126/><U120/><E120/><V130/><F134/><W32/><G65/><T11/><D59/><U80/><E80/><V78/><F78/><W93/><G10/><T111/><D111/><U38/><E38/><V6/><F130/><W63/><G98/><T135/><D135/><U50/><E50/><V24/><F42/><W18/><G54/><T12/><D1/><U41/><REACH who="1" step="1"/><E62/><REACH who="1" ten="250,240,250,250" step="2"/><V114/><F114/><W72/><G63/><T76/><REACH who="0" step="1"/><D0/><REACH who="0" ten="240,240,250,250" step="2"/><U105/><E105/><V28/><F60/><W131/><G131/><T117/><D117/><U8/><E8/><V27/><F28/><W52/><G29/><T34/><D34/><U119/><E119/><V70/><F70/><W46/><G33/><T16/><D16/><U125/><E125/><V121/><F121/><W9/><G18/><T104/><D104/><U102/><E102/><V77/><F66/><AGARI ba="0,2" hai="41,44,48,56,61,66,74,75,88,94,96,99,103,107" machi="66" ten="30,7700,0" yaku="1,1,7,1,54,1,53,1" doraHai="14" doraHaiUra="97" who="1" fromWho="2" sc="240,0,240,97,250,-77,250,0" /><INIT seed="1,0,0,4,5,6" ten="240,337,173,250" oya="1" hai0="60,90,71,13,15,135,104,66,52,55,58,119,65" hai1="14,67,114,105,31,36,99,84,117,7,46,47,8" hai2="39,92,83,40,35,9,87,51,124,45,53,59,131" hai3="73,62,29,68,12,21,115,109,81,122,134,49,4"/><U50/><E117/><V0/><F131/><W5/><G115/><T64/><D104/><U132/><E114/><V34/><F124/><W38/><G38/><T20/><D119/><U70/><E132/><V78/><REACH who="2" step="1"/><F92/><REACH who="2" ten="240,337,163,250" step="2"/><W41/><G122/><T101/><D135/><U97/><E105/><V37/><F37/><W3/><G134/><T96/><D71/><U120/><E36/><V118/><F118/><W107/><G68/><T126/><D126/><U98/><E120/><V24/><F24/><W100/><G107/><T95/><D101/><U74/><E74/><V19/><F19/><W129/><G100/><T32/><D95/><U94/><E70/><V93/><F93/><W43/><G73/><T133/><D133/><U75/><E75/><V54/><F54/><W16/><G129/><T113/><D52/><N who="1" m="29783" /><E67/><V23/><F23/><W26/><G21/><T130/><D20/><U1/><E94/><V112/><F112/><W121/><G16/><T86/><D65/><U91/><E84/><V17/><F17/><W2/><G121/><T56/><D86/><U57/><E31/><V102/><F102/><W77/><G29/><T63/><D66/><U79/><E99/><V127/><F127/><W69/><G69/><T11/><D64/><U28/><E28/><V76/><F76/><W44/><G77/><T128/><D96/><U106/><E79/><V116/><F116/><W33/><G33/><T10/><D32/><U123/><E98/><V89/><F89/><W22/><G22/><T85/><D128/><U27/><E106/><V25/><F25/><W72/><G26/><RYUUKYOKU ba="0,1" sc="240,-10,337,-10,163,30,250,-10" hai2="0,9,34,35,39,40,45,51,53,59,78,83,87" /><INIT seed="2,1,1,3,0,92" ten="230,327,193,240" oya="2" hai0="51,52,65,35,122,37,56,32,123,101,6,78,23" hai1="59,38,95,120,15,81,69,93,13,75,112,39,43" hai2="22,87,117,116,17,36,14,70,114,24,53,66,7" hai3="91,115,25,1,73,12,74,46,94,113,0,132,86"/><V131/><F114/><N who="3" m="43531" /><G132/><T129/><D37/><U60/><E69/><V109/><F36/><W57/><G12/><T80/><D129/><U79/><E120/><V96/><F131/><W55/><G46/><T49/><D101/><U44/><E112/><V34/><F109/><W4/><G25/><T16/><D6/><U134/><E134/><V111/><F111/><W76/><G76/><T30/><D65/><U41/><E41/><V103/><F87/><W50/><G4/><T98/><D30/><U104/><E104/><N who="2" m="63591" /><F53/><W71/><G71/><T77/><D35/><U62/><E62/><N who="2" m="40279" /><F7/><W118/><G118/><T68/><D68/><U84/><E38/><V100/><F100/><W99/><G86/><T72/><D77/><U124/><E124/><V40/><F40/><W128/><G128/><T3/><D122/><U89/><E93/><V107/><F107/><W48/><G48/><T42/><D51/><U121/><E121/><V125/><F125/><W21/><G21/><T9/><D49/><U97/><E84/><V130/><F130/><W67/><G67/><AGARI ba="1,1" hai="13,15,39,43,44,59,60,67,75,79,81,89,95,97" machi="67" ten="30,2000,0" yaku="7,1,52,1" doraHai="92" who="1" fromWho="3" sc="230,0,327,33,193,0,240,-23" /><INIT seed="3,0,0,4,1,110" ten="230,360,193,217" oya="3" hai0="78,124,75,73,117,82,116,64,100,111,79,39,58" hai1="101,129,72,15,41,74,118,114,50,70,30,49,36" hai2="20,119,103,40,12,45,60,0,8,56,126,128,113" hai3="88,97,91,121,123,10,112,71,52,7,3,65,25"/><W120/><G112/><T63/><D39/><U48/><E114/><V104/><F119/><W44/><G25/><T29/><D111/><U115/><E70/><V26/><F113/><W14/><G3/><T84/><D124/><U80/><E129/><V16/><F126/><W93/><G65/><T31/><D100/><U59/><E118/><V122/><F128/><W2/><G71/><T106/><D106/><U125/><E30/><V34/><F122/><W28/><G28/><T24/><D31/><U32/><E32/><V107/><F103/><W89/><REACH who="3" step="1"/><G2/><REACH who="3" ten="230,360,193,207" step="2"/><T43/><D24/><U38/><E125/><V37/><F0/><W18/><G18/><T33/><D64/><U9/><E115/><V61/><F34/><W69/><G69/><T42/><D29/><U5/><E5/><V132/><F132/><W66/><G66/><T55/><D33/><U95/><E41/><V51/><F40/><W134/><G134/><T4/><D43/><U127/><E127/><V83/><F16/><W13/><G13/><T6/><D42/><U67/><E67/><V77/><F12/><W130/><G130/><T35/><D35/><U57/><E15/><V53/><F26/><W102/><G102/><T87/><D116/><U86/><E101/><V135/><F135/><W11/><G11/><T1/><D117/><U68/><E68/><V96/><F8/><W94/><G94/><T23/><D1/><U90/><E95/><V54/><F107/><W105/><G105/><T27/><D4/><U98/><E9/><V108/><F104/><W19/><G19/><N who="0" m="12799" /><D6/><U133/><E133/><RYUUKYOKU ba="0,1" sc="230,15,360,-15,193,-15,207,15" hai0="55,58,63,73,75,78,79,82,84,87" hai3="7,10,14,44,52,88,89,91,93,97,120,121,123" /><INIT seed="3,1,1,5,5,30" ten="245,345,178,222" oya="3" hai0="124,90,91,46,59,135,72,19,120,106,81,27,26" hai1="10,24,63,92,36,132,71,88,127,131,86,97,31" hai2="93,18,115,32,28,134,21,77,64,73,75,34,98" hai3="65,12,114,40,58,54,41,108,105,67,60,5,47"/><W25/><G105/><T0/><D120/><U128/><E36/><V83/><F115/><W121/><G121/><T107/><D0/><U35/><E132/><V95/><F134/><W78/><G114/><T53/><D135/><U50/><E127/><V96/><F64/><W84/><G108/><T69/><D69/><U61/><E71/><V4/><F75/><W42/><G25/><T118/><D118/><U79/><E50/><V6/><F95/><W33/><G33/><T125/><D46/><U122/><E122/><V129/><F98/><W101/><G101/><T11/><D72/><U82/><REACH who="1" step="1"/><E10/><REACH who="1" ten="245,335,178,222" step="2"/><V44/><F129/><AGARI ba="1,2" hai="24,31,35,61,63,79,82,86,88,92,97,128,129,131" machi="129" ten="40,8000,1" yaku="1,1,2,1,19,1,52,1,54,1,53,0" doraHai="30" doraHaiUra="99" who="1" fromWho="2" sc="245,0,335,103,178,-83,222,0" /><INIT seed="4,0,0,2,2,48" ten="245,438,95,222" oya="0" hai0="38,127,71,17,62,65,130,95,85,56,41,29,70" hai1="7,19,113,6,105,132,61,25,110,69,42,111,118" hai2="116,58,87,32,21,96,66,40,12,106,63,120,28" hai3="90,49,122,26,104,83,99,125,129,23,84,34,36"/><T1/><D1/><U39/><E105/><V100/><F120/><W31/><G36/><T80/><D130/><U93/><E118/><V59/><F116/><W108/><G108/><T92/><D127/><U135/><E113/><V112/><F112/><W81/><G125/><T91/><D29/><U2/><E42/><V20/><F40/><W101/><G129/><T60/><D70/><U133/><E39/><V64/><F87/><W72/><G122/><T37/><D17/><U115/><E115/><V33/><F33/><W43/><G72/><T74/><D92/><U9/><E7/><V134/><F134/><W11/><G11/><T103/><D41/><U97/><E25/><V102/><F102/><W76/><G76/><T114/><D114/><U78/><E78/><V131/><F131/><W27/><G49/><T30/><D30/><U4/><E19/><V50/><F12/><W124/><G124/><T54/><REACH who="0" step="1"/><D74/><REACH who="0" ten="235,438,95,222" step="2"/><U52/><E69/><V53/><F28/><W67/><G43/><T86/><D86/><U14/><E110/><V51/><F32/><W75/><G75/><T24/><D24/><U45/><E111/><V98/><F106/><W46/><G27/><T18/><D18/><U35/><E35/><V68/><F68/><W121/><G34/><T79/><D79/><U3/><E6/><V22/><F96/><AGARI ba="0,1" hai="37,38,54,56,60,62,65,71,80,85,91,95,96,103" machi="96" ten="40,3900,0" yaku="1,1,52,1,53,0" doraHai="48" doraHaiUra="117" who="0" fromWho="2" sc="235,49,438,0,95,-39,222,0" /><INIT seed="4,1,0,4,5,48" ten="284,438,56,222" oya="0" hai0="82,66,125,98,113,97,75,10,73,127,115,65,19" hai1="114,44,35,126,63,9,105,100,74,62,102,47,7" hai2="120,131,21,12,53,92,87,58,89,27,49,95,108" hai3="30,55,91,1,109,123,31,24,5,101,107,76,111"/><T6/><D19/><U93/><E35/><V23/><F120/><W11/><G76/><T134/><D10/><U117/><E105/><V71/><F71/><W26/><G91/><T77/><D6/><U33/><E33/><V88/><F131/><W34/><G123/><T36/><D36/><U28/><E74/><V59/><F108/><W32/><G55/><T135/><D82/><U124/><E117/><V57/><F12/><W72/><REACH who="3" step="1"/><G72/><REACH who="3" ten="284,438,56,212" step="2"/><T14/><D77/><U67/><E100/><V94/><F23/><W43/><G43/><T13/><AGARI ba="1,1" hai="13,14,65,66,73,75,97,98,113,115,125,127,134,135" machi="13" ten="25,4800,0" yaku="0,1,22,2" doraHai="48" who="0" fromWho="0" sc="284,61,438,-17,56,-17,212,-17" /><INIT seed="4,2,0,2,1,127" ten="345,421,39,195" oya="0" hai0="82,30,93,72,104,77,38,111,76,20,3,12,47" hai1="17,91,36,52,23,116,69,108,5,106,121,87,41" hai2="120,59,49,95,64,51,133,1,22,102,103,58,67" hai3="21,98,18,107,14,86,33,80,128,31,46,0,66"/><T119/><D3/><U26/><E108/><V74/><F120/><W81/><G0/><T16/><D104/><U92/><E121/><V65/><F1/><W105/><G81/><T125/><D119/><U54/><E69/><V135/><F74/><W8/><G33/><T89/><D111/><U113/><E106/><V25/><F95/><W118/><G118/><T55/><D125/><U90/><E116/><V84/><F84/><W27/><G66/><T83/><D30/><U97/><E5/><V85/><F85/><W78/><G98/><T2/><D2/><U48/><E36/><V124/><F124/><W112/><G112/><T19/><D38/><U129/><E113/><V10/><F10/><W44/><G44/><T29/><D29/><U4/><E4/><V45/><F22/><W71/><G71/><T57/><D19/><U88/><E54/><N who="2" m="32095" /><F25/><W122/><G122/><T43/><D77/><U53/><E53/><N who="2" m="29871" /><F102/><W63/><G107/><T60/><D76/><U110/><E41/><V39/><F103/><W50/><G105/><T130/><D72/><U134/><E110/><V100/><F100/><W35/><G35/><T73/><D73/><U37/><E37/><V7/><F7/><W32/><G32/><T13/><D13/><U28/><E28/><V9/><F39/><W15/><G15/><T99/><D82/><U68/><E26/><V56/><F9/><W114/><G8/><T131/><D83/><U62/><E23/><V96/><F96/><W61/><G80/><T40/><D40/><U126/><E17/><V132/><AGARI ba="2,0" hai="56,59,64,65,67,132,133,135" m="29871,32095" machi="132" ten="40,5200,0" yaku="20,1,34,2" doraHai="127" who="2" fromWho="2" sc="345,-28,421,-15,39,58,195,-15" /><INIT seed="5,0,0,1,0,101" ten="317,406,97,180" oya="1" hai0="43,2,5,51,134,1,132,67,17,14,90,30,85" hai1="87,84,25,120,24,50,13,109,60,15,108,44,59" hai2="22,16,118,110,20,6,72,123,58,104,47,69,121" hai3="111,115,124,11,42,62,91,95,79,36,71,52,100"/><U131/><E120/><V38/><F118/><W21/><G52/><T127/><D127/><U113/><E131/><V70/><F110/><N who="1" m="42601" /><E113/><V10/><F22/><W34/><G91/><T116/><D116/><U29/><E50/><V133/><F72/><W117/><G95/><T39/><D39/><U73/><E73/><V45/><F133/><N who="0" m="51306" /><D67/><N who="1" m="39327" /><E44/><V41/><F47/><W125/><G62/><T80/><D30/><U56/><E56/><V81/><F58/><W97/><G36/><T65/><D65/><U8/><E24/><V89/><F69/><W48/><G71/><T49/><D5/><N who="1" m="3215" /><E15/><V68/><F70/><W53/><G48/><N who="0" m="18507" /><D43/><U9/><E9/><AGARI ba="0,0" hai="1,2,9,14,17,80,85,90" m="18507,51306" machi="9" ten="30,1000,0" yaku="20,1" doraHai="101" who="0" fromWho="1" sc="317,10,406,-10,97,0,180,0" /><INIT seed="6,0,0,2,5,130" ten="327,396,97,180" oya="2" hai0="56,103,69,45,44,72,57,1,85,134,36,19,129" hai1="132,114,38,120,127,116,99,23,60,96,102,11,84" hai2="62,0,113,10,35,119,15,27,100,88,66,7,46" hai3="21,3,104,105,121,89,4,42,22,112,51,30,53"/><V59/><F119/><W91/><G51/><T13/><D72/><U98/><E116/><V106/><F113/><W49/><G53/><T83/><D69/><U2/><E38/><V26/><F46/><W68/><G49/><T58/><D1/><U43/><E127/><V124/><F124/><W14/><G14/><T115/><D129/><U18/><E43/><V37/><F37/><W135/><G4/><T32/><D32/><U70/><E114/><V111/><F111/><W75/><G30/><T9/><D115/><U64/><E120/><V78/><F78/><W71/><G3/><T90/><D36/><U86/><E102/><V41/><F41/><W50/><G50/><T61/><D61/><U123/><E123/><V101/><F106/><W93/><G112/><T34/><D103/><N who="2" m="39498" /><F35/><W76/><G76/><T52/><D34/><U63/><E2/><V79/><F79/><W110/><G110/><T97/><D45/><U8/><E70/><V5/><F88/><W94/><G42/><T82/><D82/><U20/><BYE who="0" /><E98/><V128/><F128/><W17/><G75/><UN n0="%E5%B9%B3%E4%BA%95%E9%8A%80%E4%BA%8C" /><T12/><D44/><U118/><E118/><V25/><F0/><W24/><G121/><T81/><D90/><U131/><E131/><V16/><AGARI ba="0,0" hai="5,7,10,15,16,25,26,27,59,62,66" m="39498" machi="16" ten="30,3000,0" yaku="8,1,54,1" doraHai="130" who="2" fromWho="2" sc="327,-10,396,-10,97,30,180,-10" /><INIT seed="6,1,0,3,0,135" ten="317,386,127,170" oya="2" hai0="7,17,92,50,98,67,125,96,22,40,35,39,20" hai1="32,2,18,56,77,63,64,95,65,80,106,52,41" hai2="89,107,14,113,55,31,133,117,115,103,46,38,62" hai3="6,104,116,45,66,118,93,119,79,0,126,71,74"/><V33/><F117/><W128/><G93/><T94/><D39/><U132/><E106/><V26/><F133/><W9/><G104/><T61/><D35/><U12/><E2/><V21/><F89/><W42/><G128/><T34/><D34/><U121/><E32/><V91/><F91/><W27/><G27/><T58/><D125/><U28/><E28/><V36/><F21/><W85/><G85/><T15/><D7/><U19/><E121/><V49/><F14/><W130/><G130/><T59/><D22/><U83/><E41/><V60/><F38/><N who="3" m="21719" /><G126/><T122/><D122/><U44/><E44/><V68/><F36/><W108/><G108/><T114/><D114/><N who="2" m="43530" /><F68/><W37/><G37/><T30/><D30/><U81/><E77/><V75/><F75/><W105/><G105/><T48/><D96/><AGARI ba="1,0" hai="26,31,33,46,49,55,60,62,96,103,107" m="43530" machi="96" ten="30,1500,0" yaku="15,1" doraHai="135" who="2" fromWho="0" sc="317,-18,386,0,127,18,170,0" /><INIT seed="6,2,0,5,1,120" ten="299,386,145,170" oya="2" hai0="38,31,121,112,108,79,14,63,51,72,68,28,4" hai1="127,12,42,9,30,55,21,132,26,44,59,69,133" hai2="25,29,135,8,118,95,49,119,10,41,33,34,22" hai3="11,102,117,85,96,27,39,45,50,60,40,124,13"/><V6/><F95/><W131/><G117/><N who="2" m="44553" /><F49/><W17/><G124/><T46/><D79/><U94/><E69/><V3/><F41/><W23/><G131/><T32/><D28/><U77/><E127/><V98/><F98/><W129/><G129/><T125/><D31/><U89/><E77/><V75/><F75/><W126/><G126/><T61/><D61/><U65/><E65/><V15/><F135/><N who="1" m="51785" /><E55/><V52/><F52/><W1/><G1/><T86/><D63/><U66/><E59/><V101/><F101/><W88/><G60/><T2/><D51/><N who="1" m="27031" /><E66/><V109/><F109/><W71/><G71/><T43/><D108/><U73/><E73/><V83/><F83/><W64/><G64/><T24/><D72/><U115/><E115/><V57/><F57/><W104/><G50/><T70/><D112/><U47/><E47/><V62/><F62/><W16/><G85/><T134/><D86/><U35/><E35/><V74/><F74/><W5/><G88/><T76/><D46/><U128/><E128/><V93/><F93/><W99/><REACH who="3" step="1"/><G99/><REACH who="3" ten="299,386,145,160" step="2"/><T122/><D68/><U18/><E89/><V19/><AGARI ba="2,1" hai="3,6,8,10,15,19,22,25,29,33,34" m="44553" machi="19" ten="30,3000,0" yaku="34,2" doraHai="120" who="2" fromWho="2" sc="299,-12,386,-12,145,46,160,-12" /><INIT seed="6,3,0,4,2,14" ten="287,374,191,148" oya="2" hai0="2,54,29,72,65,92,26,107,16,30,88,94,79" hai1="121,110,20,83,53,41,60,130,111,120,59,101,68" hai2="77,40,128,48,90,127,89,61,126,98,19,38,9" hai3="50,82,33,37,21,96,119,5,52,114,131,102,45"/><V81/><F38/><W63/><G33/><T1/><D107/><U116/><E101/><V17/><F128/><W18/><G119/><T106/><D106/><U104/><E104/><V23/><F61/><W78/><G131/><T64/><D79/><U31/><E130/><V44/><F9/><W62/><G5/><T55/><D26/><U15/><E116/><V3/><F3/><W134/><G134/><T73/><D88/><N who="2" m="33898" /><F98/><W86/><G37/><T91/><D91/><U7/><E41/><V12/><F23/><W99/><G114/><T43/><D43/><U100/><E100/><V32/><F12/><W115/><G115/><T123/><D123/><U122/><E83/><V76/><F32/><W47/><G47/><T117/><D117/><U35/><E68/><V24/><F24/><N who="3" m="14391" /><G102/><T112/><D112/><U118/><E118/><V80/><F127/><W67/><G67/><T58/><D58/><U27/><E35/><V46/><F46/><W85/><G85/><T49/><D49/><U70/><E70/><V34/><F34/><W13/><G13/><T69/><D69/><U97/><E97/><AGARI ba="3,0" hai="45,50,52,62,63,78,82,86,96,97,99" m="14391" machi="97" ten="30,3900,0" yaku="8,1,52,1,54,1" doraHai="14" who="3" fromWho="1" sc="287,0,374,-48,191,0,148,48" /><INIT seed="7,0,0,1,4,67" ten="287,326,191,196" oya="3" hai0="90,49,132,100,66,43,42,84,52,81,64,14,11" hai1="114,123,0,37,68,41,65,30,115,71,9,91,129" hai2="72,59,124,126,119,60,69,51,27,75,111,105,8" hai3="73,130,116,19,109,120,121,104,50,63,58,118,80"/><W78/><G50/><T16/><D132/><U46/><E123/><N who="3" m="47178" /><G19/><T106/><D106/><U112/><E129/><V74/><F119/><N who="3" m="45611" /><G58/><N who="0" m="33039" /><D100/><U107/><E107/><V57/><F111/><W26/><G63/><T7/><D7/><N who="1" m="1255" /><E65/><AGARI ba="0,0" hai="11,14,16,42,43,64,65,66,81,84,90" m="33039" machi="65" ten="30,3900,0" yaku="8,1,54,2" doraHai="67" who="0" fromWho="1" sc="287,39,326,-39,191,0,196,0" owari="326,42.0,287,9.0,191,-31.0,196,-20.0" /></mjloggm>