<mjloggm ver="2.3"><GO type="169" lobby="0"/><UN n0="%E3%83%8C%E3%82%A2%E3%82%AF%E3%82%B7%E3%83%A7%E3%83%83%E3%83%88" n1="%E7%A5%9E%E6%A5%BD%E5%9D%82%E3%82%86%E3%81%8B" n2="%E5%B0%B1%E6%B4%BB%E7%94%9F%40%E5%B7%9D%E6%9D%91%E8%BB%8D%E5%9B%A3" n3="%E6%99%AE%E8%B3%A2" dan="16,17,16,16" rate="2129.44,2125.54,2169.46,2193.50" sx="M,M,M,F"/><TAIKYOKU oya="0"/><INIT seed="0,0,0,3,0,95" ten="250,250,250,250" oya="0" hai0="46,9,134,4,15,103,72,21,126,83,13,34,123" hai1="122,100,79,18,51,24,19,63,56,113,135,2,125" hai2="110,58,88,82,76,41,96,32,12,91,77,60,90" hai3="106,93,35,53,38,119,131,50,65,28,22,89,101"/><T132/><D34/><U1/><E122/><V127/><F32/><W102/><G119/><T48/><D123/><U59/><E79/><N who="2" m="30283" /><F110/><W67/><G131/><T37/><D37/><U81/><E81/><V20/><F41/><W47/><G38/><T55/><D72/><U68/><E68/><V111/><F111/><W3/><G3/><T130/><D83/><U30/><E100/><N who="3" m="38506" /><G106/><T73/><D73/><U104/><E104/><V36/><F36/><W25/><G35/><T74/><D74/><U49/><E125/><V33/><F33/><W120/><G120/><T7/><D126/><U117/><E113/><V108/><F82/><W8/><G8/><T87/><D87/><AGARI ba="0,0" hai="22,25,28,47,50,53,65,67,87,89,93" m="38506" machi="87" ten="30,1000,0" yaku="8,1" doraHai="95" who="3" fromWho="0" sc="250,-10,250,0,250,0,250,10" /><INIT seed="1,0,0,2,1,18" ten="240,250,250,260" oya="1" hai0="64,108,128,130,81,104,125,126,119,84,3,71,133" hai1="34,46,15,134,5,6,7,91,135,59,109,10,73" hai2="53,70,66,111,89,14,106,65,62,82,29,4,68" hai3="87,129,58,61,57,44,103,124,116,48,45,16,85"/><U42/><E73/><V100/><F111/><W120/><G120/><T19/><D3/><U43/><E109/><V72/><F29/><W0/><G0/><T12/><D104/><U76/><E34/><V122/><F122/><W114/><G114/><T94/><D71/><U132/><E76/><V51/><F100/><W37/><G124/><N who="0" m="47723" /><D64/><U17/><E59/><V35/><F35/><W101/><G129/><N who="0" m="49771" /><D108/><U54/><REACH who="1" step="1"/><E91/><REACH who="1" ten="240,240,250,260" step="2"/><V115/><F89/><W93/><G58/><T80/><D119/><U40/><E40/><V1/><F72/><W90/><G116/><T98/><D133/><U27/><E27/><V107/><F70/><W86/><G57/><T50/><D50/><AGARI ba="0,1" hai="5,6,7,10,15,17,42,43,46,50,54,132,134,135" machi="50" ten="50,4800,0" yaku="1,1,20,1,53,0" doraHai="18" doraHaiUra="78" who="1" fromWho="0" sc="240,-48,240,58,250,0,260,0" /><INIT seed="1,1,0,1,5,121" ten="192,298,250,260" oya="1" hai0="33,56,60,112,69,87,108,38,16,52,74,0,35" hai1="41,57,97,118,99,19,67,109,24,115,94,130,40" hai2="34,133,104,9,27,84,128,63,103,72,62,4,50" hai3="32,88,49,135,25,93,65,36,46,18,105,12,76"/><U53/><E118/><V31/><F72/><W15/><G105/><T127/><D74/><U17/><E115/><V113/><F128/><W54/><G135/><T61/><D0/><U70/><E130/><V44/><F133/><W124/><G124/><T102/><D38/><U106/><E70/><V28/><F28/><W111/><G111/><T73/><D108/><U100/><E67/><V37/><F37/><W98/><G65/><T3/><D73/><U13/><E24/><V126/><F126/><W48/><G36/><T78/><D3/><U92/><E109/><V120/><F120/><W5/><G5/><T90/><D35/><U43/><E13/><V42/><F113/><W79/><G12/><T122/><D33/><U89/><REACH who="1" step="1"/><E106/><REACH who="1" ten="192,288,250,260" step="2"/><V75/><F104/><W14/><G15/><T71/><D69/><U7/><E7/><V82/><F75/><W86/><G25/><T20/><D71/><U125/><E125/><V10/><F4/><W134/><G134/><T55/><D127/><U91/><E91/><V83/><F27/><W23/><G32/><T58/><D112/><U39/><E39/><V47/><F34/><W21/><G21/><T45/><D122/><U8/><E8/><V29/><F10/><W11/><G11/><T2/><D2/><U110/><E110/><V107/><F107/><W101/><G101/><T132/><D132/><U59/><E59/><V77/><F103/><W117/><G117/><T114/><D114/><U1/><E1/><V66/><F9/><W95/><G14/><T96/><D102/><U22/><E22/><V129/><F129/><RYUUKYOKU ba="1,1" sc="192,-10,288,30,250,-10,260,-10" hai1="17,19,40,41,43,53,57,89,92,94,97,99,100" /><INIT seed="1,2,1,4,4,3" ten="182,318,240,250" oya="1" hai0="23,122,12,28,35,16,69,59,55,2,64,81,26" hai1="39,114,116,61,66,135,60,71,33,56,37,49,30" hai2="45,73,107,70,15,20,86,54,112,100,22,13,105" hai3="9,83,82,118,27,106,125,101,17,126,77,50,74"/><U10/><E116/><V97/><F73/><W67/><G118/><T104/><D104/><U36/><E114/><V102/><F70/><W58/><G83/><T6/><D64/><U96/><E135/><V68/><F68/><W8/><G101/><T119/><D69/><U18/><E96/><V25/><F112/><W24/><G106/><T113/><D113/><U90/><E90/><V78/><F78/><W21/><G27/><T14/><D119/><U98/><E98/><V85/><F25/><W43/><G43/><T94/><D122/><U133/><E133/><V92/><F45/><W84/><G74/><T46/><D81/><U76/><E76/><V63/><F97/><W44/><G44/><T7/><D94/><U75/><E75/><V72/><F72/><W121/><G121/><T0/><D46/><U79/><E79/><V62/><F54/><N who="3" m="32087" /><G67/><T87/><D87/><U80/><E80/><V91/><F92/><W117/><G117/><T108/><D108/><U41/><E30/><V4/><F91/><W89/><G89/><T51/><REACH who="0" step="1"/><D14/><REACH who="0" ten="172,318,240,250" step="2"/><U38/><E66/><V29/><F105/><W40/><G40/><T53/><D53/><U128/><E41/><V130/><F107/><W103/><G82/><T42/><D42/><U131/><E71/><V31/><F130/><W129/><G129/><T95/><D95/><U19/><E131/><V52/><F52/><W5/><G84/><T1/><AGARI ba="2,2" hai="0,1,2,6,7,12,16,23,26,28,35,51,55,59" machi="1" ten="30,16000,3" yaku="1,1,0,1,52,2,54,1,53,3" doraHai="3" doraHaiUra="34" who="0" fromWho="0" sc="172,186,318,-82,240,-42,250,-42" /><INIT seed="2,0,0,3,1,61" ten="358,236,198,208" oya="2" hai0="26,81,95,78,76,55,106,70,91,101,118,108,115" hai1="14,3,59,7,57,31,18,6,20,130,16,29,133" hai2="33,53,69,66,12,13,24,126,32,86,105,17,23" hai3="54,8,64,85,74,0,4,114,73,125,110,27,102"/><V49/><F105/><W113/><G110/><T80/><D70/><U134/><E130/><V37/><F37/><W93/><G125/><T82/><D115/><N who="3" m="44041" /><G54/><T5/><D108/><U50/><E50/><V88/><F126/><W122/><G122/><T21/><D101/><U96/><E96/><V107/><F107/><W35/><G64/><T131/><D106/><U41/><E41/><V120/><F120/><W52/><G52/><T116/><D5/><N who="1" m="1547" /><E3/><V90/><F90/><N who="3" m="53455" /><G102/><T67/><D55/><U87/><E87/><V30/><F66/><W127/><G127/><T68/><D67/><U79/><E79/><V58/><F69/><W11/><G11/><T83/><D68/><U71/><E59/><V75/><F75/><W10/><G10/><T51/><D131/><U99/><E57/><V40/><F40/><W94/><G94/><T15/><D78/><U84/><E71/><V92/><REACH who="2" step="1"/><F33/><REACH who="2" ten="358,236,188,208" step="2"/><W47/><G47/><T46/><D76/><U97/><E84/><V62/><F62/><W117/><G117/><T43/><D118/><U129/><E99/><V38/><F38/><W60/><G60/><T123/><D116/><U48/><E97/><V36/><F36/><W121/><G121/><T104/><D104/><U135/><E129/><V25/><AGARI ba="0,1" hai="12,13,17,23,24,25,30,32,49,53,58,86,88,92" machi="25" ten="20,12000,1" yaku="1,1,0,1,7,1,54,1,53,1" doraHai="61" doraHaiUra="45" who="2" fromWho="2" sc="358,-40,236,-40,188,130,208,-40" /><INIT seed="2,1,0,4,3,126" ten="318,196,318,168" oya="2" hai0="72,32,31,29,91,51,45,76,94,103,35,69,135" hai1="40,88,10,82,2,11,102,1,112,46,12,104,122" hai2="99,48,8,85,37,134,113,119,118,105,18,77,61" hai3="73,27,66,108,133,90,15,33,123,107,9,53,22"/><V6/><F37/><W78/><G123/><T30/><D69/><U92/><E122/><V116/><F113/><W5/><G108/><T101/><D72/><U17/><E112/><V80/><F134/><W42/><G42/><T100/><D76/><U67/><E67/><V127/><F127/><W34/><G133/><T24/><D135/><U62/><E62/><V14/><F61/><W68/><G107/><T97/><REACH who="0" step="1"/><D35/><REACH who="0" ten="308,196,318,168" step="2"/><U130/><E1/><V28/><F28/><W19/><G78/><T20/><D20/><U57/><E2/><V26/><F26/><W129/><G73/><T124/><D124/><U86/><E11/><V41/><F18/><W120/><G34/><T16/><D16/><U54/><E17/><V21/><F21/><W64/><G33/><T106/><D106/><U121/><E104/><V83/><F105/><W87/><G68/><T84/><D84/><U114/><E86/><V93/><F116/><W74/><G74/><T96/><D96/><U55/><E10/><V132/><F132/><W38/><G87/><T4/><D4/><U125/><E121/><V70/><F70/><W0/><G5/><T65/><D65/><U43/><E114/><V7/><F7/><W81/><G64/><T115/><D115/><U89/><E125/><V111/><F83/><W49/><G66/><T117/><D117/><U23/><E23/><V110/><F118/><W59/><G120/><T50/><D50/><U95/><E82/><V25/><F119/><W36/><G81/><T60/><D60/><U52/><E92/><V56/><F80/><W75/><G75/><RYUUKYOKU ba="1,1" sc="308,30,196,-10,318,-10,168,-10" hai0="24,29,30,31,32,45,51,91,94,97,100,101,103" /><INIT seed="3,2,1,4,3,18" ten="338,186,308,158" oya="3" hai0="0,47,114,134,131,26,108,40,70,96,129,115,50" hai1="128,82,99,2,11,76,4,35,105,12,25,95,75" hai2="30,124,17,103,6,71,41,80,92,44,89,7,79" hai3="59,8,29,121,133,104,97,88,53,16,28,132,61"/><W73/><G73/><T33/><D70/><U74/><E128/><N who="0" m="49225" /><D0/><U23/><E105/><V67/><F103/><W52/><G121/><T42/><D33/><U48/><E48/><V54/><F54/><N who="3" m="34039" /><G28/><T34/><D34/><U62/><E62/><V1/><F30/><W38/><G38/><T56/><D26/><U119/><E119/><V116/><F1/><W91/><G29/><T49/><D96/><U110/><E110/><V77/><F116/><W109/><G109/><T117/><D117/><U85/><E35/><V123/><F123/><W39/><G39/><T60/><D108/><U31/><REACH who="1" step="1"/><E2/><REACH who="1" ten="338,176,308,158" step="2"/><V127/><F71/><W15/><G104/><T102/><D134/><N who="3" m="51817" /><G91/><AGARI ba="2,2" hai="4,11,12,23,25,31,74,75,76,82,85,91,95,99" machi="91" ten="30,7700,0" yaku="1,1,7,1,52,1,53,1" doraHai="18" doraHaiUra="22" who="1" fromWho="3" sc="338,0,176,103,308,0,158,-83" /><INIT seed="4,0,0,2,3,94" ten="338,279,308,75" oya="0" hai0="105,65,4,81,92,16,32,52,38,50,118,29,44" hai1="83,34,49,43,119,75,23,64,123,129,108,87,131" hai2="122,6,98,54,63,55,28,69,36,116,68,84,79" hai3="61,20,134,10,40,33,37,102,126,90,133,74,41"/><T112/><D105/><U101/><E34/><V96/><F36/><W7/><G33/><T128/><D118/><U73/><E119/><V113/><F122/><W62/><G74/><T89/><D32/><U71/><E123/><V67/><F69/><W93/><G102/><T14/><D29/><U111/><E23/><V66/><F113/><W25/><G126/><T60/><D38/><U135/><E135/><V42/><F42/><W21/><G134/><T109/><D4/><U70/><E101/><V125/><F125/><W104/><G104/><T78/><D128/><N who="1" m="49227" /><E43/><V72/><F72/><W77/><G77/><T88/><D112/><U45/><E49/><V100/><F100/><W8/><G133/><T35/><D35/><U0/><E45/><V57/><F116/><W82/><G82/><T110/><D78/><U115/><E0/><V59/><F6/><W13/><G8/><N who="0" m="6215" /><D81/><U31/><E115/><V53/><F28/><W117/><G117/><T121/><D121/><U51/><E31/><V132/><F132/><W24/><G37/><T39/><D39/><U9/><E75/><V22/><F22/><W26/><G41/><T86/><D89/><U127/><E127/><V58/><REACH who="2" step="1"/><F66/><REACH who="2" ten="338,279,298,75" step="2"/><W46/><G21/><T99/><D110/><U76/><E64/><V103/><F103/><W47/><G20/><T91/><D109/><U30/><E30/><V95/><F95/><W3/><G40/><T107/><D107/><U18/><E73/><V120/><F120/><W56/><G3/><T5/><D5/><U11/><E108/><V17/><F17/><W80/><G7/><RYUUKYOKU ba="0,1" sc="338,-10,279,-10,298,30,75,-10" hai2="53,54,55,57,58,59,63,67,68,79,84,96,98" /><INIT seed="5,1,1,5,4,21" ten="328,269,328,65" oya="1" hai0="31,112,134,109,91,105,50,124,96,92,52,90,115" hai1="125,39,70,113,51,110,71,20,13,53,29,35,66" hai2="72,88,25,103,62,17,58,18,98,47,81,43,11" hai3="69,101,28,22,34,87,45,8,57,27,118,94,7"/><U107/><E39/><V77/><F11/><W108/><G108/><T119/><D105/><U64/><E107/><V74/><F74/><W30/><G69/><T40/><D109/><U68/><E110/><V86/><F25/><W46/><G118/><T65/><D119/><U75/><E75/><V89/><F103/><W38/><G38/><T2/><D2/><U106/><E106/><V23/><F98/><W116/><G116/><T3/><D3/><U9/><E113/><V97/><F97/><W127/><G127/><T121/><D40/><U6/><E35/><V24/><F17/><W104/><G104/><T54/><D65/><U12/><E125/><V41/><F72/><W61/><G30/><T132/><D31/><U100/><E100/><V135/><F135/><N who="0" m="51754" /><D121/><U122/><E122/><V63/><F63/><W1/><G34/><T67/><D67/><U16/><REACH who="1" step="1"/><E29/><REACH who="1" ten="328,259,328,65" step="2"/><V102/><F102/><W44/><G101/><T73/><D73/><U131/><E131/><V59/><F59/><AGARI ba="1,2" hai="6,9,12,13,16,20,51,53,59,64,66,68,70,71" machi="59" ten="40,3900,0" yaku="1,1,54,1,53,0" doraHai="21" doraHaiUra="83" who="1" fromWho="2" sc="328,0,259,62,328,-42,65,0" /><INIT seed="5,2,0,2,1,11" ten="328,321,286,65" oya="1" hai0="40,90,80,24,109,94,18,30,131,36,57,111,97" hai1="22,19,49,9,99,91,77,54,27,59,3,35,87" hai2="43,13,104,44,82,88,7,124,53,119,14,51,113" hai3="38,81,64,117,45,12,74,31,29,33,6,86,120"/><U52/><E77/><V1/><F104/><W85/><G120/><T42/><D18/><U100/><E35/><V72/><F119/><W41/><G117/><T37/><D131/><U50/><E3/><V135/><F72/><W20/><G33/><T34/><D42/><U26/><E9/><V71/><F71/><W70/><G74/><T66/><D40/><U60/><E27/><V107/><F107/><W89/><G86/><T133/><D133/><U101/><E54/><V15/><F135/><W73/><G73/><T123/><D123/><U68/><E68/><V83/><F124/><W125/><G125/><T112/><D80/><N who="2" m="30762" /><F1/><W106/><G106/><T76/><D76/><U98/><E87/><V5/><F113/><W114/><G114/><T28/><D28/><U62/><E62/><V16/><F16/><W4/><G4/><N who="2" m="1609" /><F88/><W93/><G81/><T132/><D112/><U134/><E134/><V121/><F121/><W58/><G70/><T47/><D132/><U48/><REACH who="1" step="1"/><E91/><REACH who="1" ten="328,311,286,65" step="2"/><V110/><F110/><W84/><G84/><T96/><D111/><U122/><E122/><V127/><F127/><W128/><G128/><T115/><D109/><U39/><E39/><V129/><F129/><W103/><G103/><AGARI ba="2,1" hai="19,22,26,48,49,50,52,59,60,98,99,100,101,103" machi="103" ten="40,7700,0" yaku="1,1,8,1,54,1,53,0" doraHai="11" doraHaiUra="75" who="1" fromWho="3" sc="328,0,311,93,286,0,65,-83" owari="328,13.0,404,50.0,286,-11.0,-18,-52.0" /></mjloggm>