<mjloggm ver="2.3"><GO type="169" lobby="0"/><UN n0="%66%75%6B%75%30%32" n1="%E7%A5%9E%E5%A8%81%E9%BA%97%E7%92%83" n2="%68%6B%5F%6B%69%62%61" n3="%E3%83%88%E3%83%88%E3%83%AA%E5%85%88%E7%94%9F%31%39%E6%AD%B3" dan="16,16,16,19" rate="2135.51,2119.80,2088.83,2270.10" sx="M,M,M,F"/><TAIKYOKU oya="0"/><INIT seed="0,0,0,2,0,57" ten="250,250,250,250" oya="0" hai0="16,123,14,92,58,84,111,40,98,62,42,100,43" hai1="112,76,122,106,94,11,91,107,15,89,8,77,49" hai2="96,51,130,29,115,47,45,61,135,55,6,5,19" hai3="132,26,68,70,4,17,33,75,121,93,65,34,116"/><T53/><D123/><U7/><E122/><V0/><F115/><W109/><G116/><T50/><D111/><U56/><E112/><V41/><F29/><W32/><G75/><T25/><D25/><U46/><E107/><V60/><F135/><W99/><G121/><T67/><D84/><U97/><E106/><V3/><F130/><W37/><G37/><T72/><D72/><U133/><E133/><V105/><F3/><W71/><G132/><T101/><D101/><U80/><E11/><V38/><F19/><W81/><G109/><T18/><REACH who="0" step="1"/><D14/><REACH who="0" ten="240,250,250,250" step="2"/><U110/><E110/><V73/><F73/><W22/><G26/><T83/><D83/><U125/><E125/><V95/><F105/><W36/><G81/><T52/><D52/><N who="1" m="31759" /><E46/><AGARI ba="0,1" hai="16,18,40,42,43,46,50,53,58,62,67,92,98,100" machi="46" ten="40,12000,1" yaku="1,1,8,1,52,1,54,1,53,0" doraHai="57" doraHaiUra="35" who="0" fromWho="1" sc="240,130,250,-120,250,0,250,0" /><INIT seed="0,1,0,2,5,92" ten="370,130,250,250" oya="0" hai0="69,44,31,134,100,105,120,52,48,12,89,24,3" hai1="18,96,115,132,104,14,35,59,25,88,87,125,20" hai2="67,0,54,23,84,127,111,61,68,81,121,30,65" hai3="70,43,131,91,16,28,41,75,22,83,62,56,74"/><T117/><D3/><U95/><E125/><V46/><F121/><W27/><G131/><T119/><D120/><U130/><E130/><V21/><F0/><W85/><G70/><T82/><D69/><U50/><E132/><V66/><F127/><W64/><G75/><T53/><D134/><U90/><E115/><V78/><F111/><W26/><REACH who="3" step="1"/><G74/><REACH who="3" ten="370,130,250,240" step="2"/><T97/><D117/><U33/><E104/><V71/><F71/><W72/><G72/><T57/><D119/><U77/><E35/><AGARI ba="1,1" hai="16,22,26,27,28,35,41,43,56,62,64,83,85,91" machi="35" ten="30,7700,0" yaku="1,1,7,1,54,1,53,1" doraHai="92" doraHaiUra="55" who="3" fromWho="1" sc="370,0,130,-80,250,0,240,90" /><INIT seed="1,0,0,4,2,9" ten="370,50,250,330" oya="1" hai0="49,118,103,124,1,52,22,102,51,110,111,72,53" hai1="63,12,58,120,6,15,21,59,27,35,104,128,3" hai2="20,113,39,56,84,83,107,69,86,85,68,76,132" hai3="73,4,129,50,29,109,47,23,122,33,54,93,97"/><U60/><E120/><V80/><F39/><W25/><G122/><T61/><D118/><U75/><E35/><V101/><F68/><W134/><G73/><T38/><D38/><U11/><E104/><V5/><F69/><W18/><G109/><N who="0" m="41483" /><D72/><U28/><E75/><N who="2" m="43039" /><F20/><W77/><G129/><T17/><D1/><U70/><E70/><V130/><F56/><W71/><G134/><T30/><D30/><U98/><E128/><V114/><F5/><W126/><G126/><T2/><D2/><U116/><E116/><V96/><F132/><W90/><G77/><T67/><D124/><U79/><E79/><N who="2" m="46207" /><F130/><W133/><G71/><N who="0" m="42479" /><D51/><U100/><E59/><V46/><F46/><W94/><G4/><T127/><D127/><U42/><E42/><V48/><F48/><W74/><G74/><T8/><D8/><U55/><REACH who="1" step="1"/><E63/><REACH who="1" ten="370,40,250,330" step="2"/><V10/><F107/><W99/><G133/><T14/><D53/><U87/><E87/><V65/><F86/><W32/><G32/><T112/><D112/><U43/><E43/><V82/><F114/><W31/><G33/><T95/><D95/><U0/><E0/><V62/><F113/><W117/><G117/><T78/><D78/><U81/><E81/><V91/><F82/><W131/><G131/><T36/><D36/><U34/><E34/><V64/><F62/><W121/><G121/><T66/><D66/><U135/><E135/><V44/><F65/><W108/><G108/><T57/><AGARI ba="0,1" hai="14,17,22,49,52,57,102,103" m="42479,41483" machi="57" ten="30,4000,0" yaku="14,1,52,1,54,1" doraHai="9" who="0" fromWho="0" sc="370,50,40,-20,250,-10,330,-10" /><INIT seed="2,0,0,3,4,42" ten="420,20,240,320" oya="2" hai0="40,21,83,16,116,1,10,88,57,41,96,66,103" hai1="45,17,130,105,78,104,82,36,24,89,124,70,110" hai2="92,94,115,4,0,106,26,47,129,29,67,74,125" hai3="93,79,91,68,127,84,113,119,97,90,122,112,58"/><V18/><F115/><N who="3" m="44107" /><G68/><T8/><D116/><U85/><E70/><V77/><F106/><W23/><G119/><T13/><D1/><U52/><E110/><V114/><F114/><W50/><G122/><T53/><D66/><U86/><E130/><V100/><F67/><W134/><G134/><T59/><D103/><U118/><E118/><V27/><F129/><W12/><G79/><T121/><D121/><U38/><E124/><V99/><F4/><W102/><G127/><T87/><D96/><U120/><E120/><V20/><F0/><W71/><G71/><T126/><D126/><U54/><E105/><V48/><F77/><W15/><G90/><T76/><D76/><U69/><E69/><V44/><F74/><W55/><G23/><T61/><D59/><U2/><E2/><V46/><F125/><W31/><G31/><T72/><D72/><U64/><E104/><AGARI ba="0,0" hai="12,15,50,55,58,84,91,93,97,102,104" m="44107" machi="104" ten="30,1000,0" yaku="11,1" doraHai="42" who="3" fromWho="1" sc="420,0,20,-10,240,0,320,10" /><INIT seed="3,0,0,3,4,46" ten="420,10,240,330" oya="3" hai0="48,62,42,51,89,21,31,105,1,27,82,61,64" hai1="123,56,36,107,86,43,79,127,71,13,85,135,33" hai2="103,63,18,101,2,37,94,130,92,5,114,35,66" hai3="45,34,6,22,19,134,3,131,25,78,76,7,99"/><W111/><G131/><T69/><D1/><U121/><E71/><V109/><F37/><W26/><G134/><T100/><D42/><U17/><E33/><V53/><F35/><W95/><G111/><T83/><D62/><U96/><E135/><V108/><F114/><W40/><G34/><T68/><D68/><U116/><E127/><V59/><F18/><W125/><G26/><T9/><D9/><U49/><E36/><V72/><F72/><W115/><G115/><T65/><D65/><U126/><E126/><V55/><F130/><W84/><G125/><T41/><D41/><U133/><E133/><V128/><F128/><W88/><G3/><T60/><D60/><U124/><E124/><V58/><F5/><W132/><G132/><T80/><REACH who="0" step="1"/><D89/><REACH who="0" ten="410,10,240,330" step="2"/><U10/><E116/><V57/><F2/><W54/><G54/><N who="2" m="20489" /><F63/><W52/><G52/><T32/><D32/><U102/><E56/><V23/><F66/><W74/><G74/><T47/><D47/><U75/><E123/><V87/><F23/><W28/><G19/><T122/><D122/><U20/><E121/><V113/><F113/><W67/><G67/><T106/><D106/><U11/><E11/><V90/><F109/><W73/><G73/><T70/><D70/><U112/><E112/><V30/><F108/><W0/><G0/><T104/><D104/><U16/><E10/><V38/><F38/><W118/><G118/><T29/><D29/><U117/><E117/><V110/><F30/><W120/><G120/><T93/><D93/><N who="2" m="35946" /><F110/><W44/><G40/><T12/><D12/><U119/><E119/><RYUUKYOKU ba="0,1" sc="410,15,10,-15,240,15,330,-15" hai0="21,27,31,48,51,61,64,69,80,82,83,100,105" hai2="57,58,59,87,90,101,103" owari="435,53.0,-5,-51.0,255,-14.0,315,12.0" /></mjloggm>