<mjloggm ver="2.3"><GO type="169" lobby="0"/><UN n0="%E3%83%90%E3%83%90%E3%82%A2%E3%81%AE%E6%97%A5%E5%82%98" n1="%E5%89%8D%E6%88%AF%33%30%E5%88%86" n2="%E5%A1%A9%E9%85%B8%E3%81%94%E3%81%8F%E3%81%94%E3%81%8F" n3="%E3%82%A6%E3%83%AB%E3%83%88%E3%83%A9%E7%AB%8B%E7%9B%B4" dan="16,17,16,18" rate="2137.18,2188.57,2118.92,2151.80" sx="F,M,M,M"/><TAIKYOKU oya="0"/><INIT seed="0,0,0,3,3,74" ten="250,250,250,250" oya="0" hai0="85,60,32,133,53,65,57,82,66,94,40,58,25" hai1="14,91,120,130,132,1,28,96,81,68,110,113,33" hai2="117,18,44,0,89,92,105,73,95,116,16,78,134" hai3="22,107,71,62,54,126,6,47,52,26,93,24,5"/><T10/><D133/><U49/><E28/><V108/><F0/><W72/><G72/><T111/><D111/><U121/><E81/><V87/><F105/><W122/><G107/><T4/><D40/><U63/><E91/><V114/><F114/><W23/><G71/><T101/><D32/><U21/><E96/><V55/><F108/><W3/><G47/><T50/><D25/><U29/><E29/><V43/><F55/><W109/><G62/><T69/><D101/><U30/><E30/><V128/><F128/><W48/><G48/><T106/><D106/><U129/><E21/><V8/><F95/><W61/><G61/><T70/><D94/><U118/><E14/><V135/><F44/><W31/><G31/><T124/><D124/><U41/><E63/><V127/><F43/><W125/><G93/><T17/><D17/><N who="2" m="6762" /><F8/><W38/><G38/><T115/><D66/><U45/><E41/><V64/><F64/><W59/><G3/><T37/><D37/><U77/><E129/><V131/><F131/><W99/><G99/><T67/><D67/><U42/><E42/><V88/><F127/><W79/><G109/><T27/><D27/><U20/><E120/><V15/><F15/><W123/><G59/><T104/><D104/><U19/><E121/><V56/><F56/><W80/><G80/><T75/><D75/><U86/><E130/><V7/><F135/><W35/><G35/><T46/><D58/><U84/><E132/><V100/><F73/><W39/><G39/><T97/><D97/><U83/><E110/><V98/><F134/><W13/><G13/><RYUUKYOKU ba="0,0" sc="250,-10,250,-10,250,-10,250,30" hai3="5,6,22,23,24,26,52,54,79,122,123,125,126" /><INIT seed="1,1,0,3,4,96" ten="240,240,240,280" oya="1" hai0="32,55,2,1,31,48,78,8,46,124,5,40,98" hai1="20,26,51,126,57,119,85,63,88,25,109,130,112" hai2="89,102,19,75,104,71,69,34,122,115,38,43,53" hai3="129,22,65,50,101,111,90,105,127,84,7,113,9"/><U0/><E112/><V80/><F122/><W128/><G113/><T100/><D124/><U49/><E119/><V91/><F53/><W66/><G127/><T54/><D1/><U82/><E0/><V28/><F19/><W23/><G50/><T123/><D123/><U93/><E126/><V21/><F21/><W72/><G72/><T135/><D135/><U58/><E130/><N who="3" m="50282" /><G111/><T77/><D31/><U30/><E109/><V79/><F91/><W116/><G116/><T27/><D27/><U14/><E57/><V56/><F56/><W47/><G47/><T6/><D6/><U45/><E14/><V17/><F89/><W4/><G4/><T24/><D24/><U18/><E82/><V35/><F17/><W81/><G101/><T74/><D32/><N who="2" m="12330" /><F28/><W37/><G105/><T125/><D125/><U73/><E73/><V87/><F87/><W13/><G37/><T134/><D134/><U108/><E108/><V42/><F42/><W64/><AGARI ba="1,0" hai="7,9,13,22,23,64,65,66,81,84,90" m="50282" machi="64" ten="30,1100,0" yaku="19,1" doraHai="96" who="3" fromWho="3" sc="240,-4,240,-6,240,-4,280,14" /><INIT seed="2,0,0,3,3,24" ten="236,234,236,294" oya="2" hai0="101,13,16,122,55,62,88,67,106,104,85,90,69" hai1="125,107,89,66,115,20,110,91,49,129,130,117,84" hai2="22,35,116,43,108,2,118,74,18,39,58,31,47" hai3="37,61,92,51,46,112,105,128,32,25,45,10,70"/><V83/><F108/><W29/><G128/><T96/><D122/><U124/><E110/><V59/><F2/><W17/><G112/><T38/><D38/><U4/><E66/><V95/><F95/><W131/><G131/><N who="1" m="50186" /><E4/><V94/><F94/><W119/><G119/><T15/><D106/><U135/><E107/><V14/><F59/><W76/><G37/><T11/><D85/><U52/><E117/><V133/><F133/><W48/><G76/><T71/><D71/><U6/><E6/><V82/><F58/><W50/><G92/><T33/><D33/><U102/><E102/><V56/><F82/><W26/><G105/><T41/><D41/><U65/><E65/><V12/><F12/><W78/><G78/><T87/><D87/><U120/><E115/><V7/><F7/><W123/><G123/><T53/><REACH who="0" step="1"/><D15/><REACH who="0" ten="226,234,236,294" step="2"/><U40/><E40/><V68/><F68/><W63/><G70/><T44/><D44/><N who="1" m="27687" /><E120/><V21/><F118/><W9/><G46/><T111/><D111/><U60/><E84/><V72/><F116/><W57/><G45/><T113/><D113/><U97/><E97/><V8/><F47/><W121/><G121/><T3/><D3/><U81/><E81/><V126/><F83/><W98/><G98/><T30/><D30/><U19/><E135/><V36/><F43/><W99/><G99/><T75/><D75/><U79/><E79/><V134/><F72/><W86/><G86/><T93/><D93/><U0/><E0/><V5/><F74/><W27/><G29/><T34/><D34/><U54/><E89/><AGARI ba="0,1" hai="11,13,16,53,55,62,67,69,88,89,90,96,101,104" machi="89" ten="40,8000,1" yaku="1,1,54,2,53,1" doraHai="24" doraHaiUra="100" who="0" fromWho="1" sc="226,90,234,-80,236,0,294,0" /><INIT seed="3,0,0,4,5,124" ten="316,154,236,294" oya="3" hai0="20,48,4,32,37,49,66,12,120,24,109,80,0" hai1="134,123,102,61,28,67,103,30,44,105,33,115,21" hai2="132,34,19,107,101,31,40,118,70,45,38,17,130" hai3="100,87,81,46,57,55,92,108,93,75,121,43,54"/><W129/><G121/><T119/><D120/><U104/><E123/><V25/><F118/><W14/><G75/><T10/><D109/><U26/><E115/><V127/><F127/><W62/><G108/><T135/><D119/><U50/><E134/><V122/><F132/><W98/><G14/><T126/><D126/><U76/><E76/><V131/><F70/><W113/><G113/><T5/><D135/><U8/><E8/><V78/><F122/><W73/><G73/><T36/><D5/><U82/><E82/><V68/><F68/><W9/><G9/><T110/><D66/><U74/><E74/><V2/><F78/><W88/><G129/><N who="2" m="49161" /><F2/><W77/><G55/><T22/><D10/><U63/><E67/><V64/><F64/><W23/><G23/><T112/><D20/><U27/><E21/><V84/><F84/><W86/><G43/><T42/><D42/><U71/><E71/><V1/><F1/><W91/><G46/><T6/><D22/><U39/><E44/><V89/><F89/><AGARI ba="0,0" hai="54,57,62,77,81,86,87,88,89,91,92,93,98,100" machi="89" ten="40,3900,0" yaku="8,1,54,1" doraHai="124" who="3" fromWho="2" sc="316,0,154,0,236,-39,294,39" /><INIT seed="3,1,0,4,0,99" ten="316,154,197,333" oya="3" hai0="21,36,135,116,9,72,40,126,117,37,60,104,108" hai1="42,133,28,81,7,84,73,98,17,90,25,96,86" hai2="10,71,18,62,50,29,132,46,15,55,82,12,134" hai3="100,4,52,109,44,76,75,47,49,30,89,2,61"/><W70/><G109/><T6/><D21/><U113/><E73/><V122/><F122/><W64/><G30/><T105/><D108/><U63/><E113/><V88/><F29/><W8/><G89/><T114/><D114/><U83/><E133/><V11/><F71/><W24/><G24/><T78/><D60/><U53/><E42/><V57/><F82/><W43/><G75/><T66/><D66/><U119/><E7/><V111/><F111/><W94/><G76/><T97/><D126/><U131/><E17/><V103/><F88/><W127/><G127/><T129/><D129/><U45/><E131/><V58/><F103/><W56/><G94/><T68/><D68/><U118/><E45/><V39/><F39/><N who="0" m="14922" /><D40/><U67/><E53/><V48/><F48/><W1/><G100/><N who="0" m="62479" /><D105/><U74/><E74/><V77/><F77/><W87/><G87/><T14/><D14/><U19/><E19/><V79/><F79/><W102/><G102/><T20/><D20/><N who="1" m="15399" /><E118/><V5/><REACH who="2" step="1"/><F57/><REACH who="2" ten="316,154,187,333" step="2"/><W130/><G130/><T33/><D116/><U51/><E119/><V27/><F27/><W35/><G35/><T65/><D117/><U38/><E51/><V34/><F34/><W23/><G47/><T123/><D33/><U128/><E38/><V31/><F31/><W32/><G32/><T85/><D123/><U107/><E128/><V41/><AGARI ba="1,1" hai="5,10,11,12,15,18,41,46,50,55,58,62,132,134" machi="41" ten="30,2000,0" yaku="1,1,0,1,53,0" doraHai="99" doraHaiUra="93" who="2" fromWho="2" sc="316,-6,154,-6,187,33,333,-11" /><INIT seed="4,0,0,1,3,18" ten="310,148,220,322" oya="0" hai0="132,53,104,102,49,33,28,116,89,61,51,111,123" hai1="4,124,37,52,110,82,90,31,99,27,74,13,11" hai2="129,2,15,79,120,0,133,65,42,46,97,118,87" hai3="8,105,10,54,106,88,83,69,84,114,9,63,59"/><T125/><D116/><U119/><E110/><V85/><F129/><W14/><G114/><T34/><D123/><U47/><E119/><V115/><F133/><W7/><G69/><T112/><D132/><U6/><E124/><V12/><F115/><W117/><G117/><T135/><D135/><U41/><E6/><V70/><F118/><W16/><REACH who="3" step="1"/><G10/><REACH who="3" ten="310,148,220,312" step="2"/><T91/><D112/><U1/><E1/><AGARI ba="0,1" hai="1,7,8,9,14,16,54,59,63,83,84,88,105,106" machi="1" ten="30,12000,2" yaku="1,1,2,1,7,1,54,2,53,1" doraHai="18" doraHaiUra="76" who="3" fromWho="1" sc="310,0,148,-120,220,0,312,130" /><INIT seed="5,0,0,5,5,40" ten="310,28,220,442" oya="1" hai0="88,94,97,7,93,125,63,44,85,17,72,55,50" hai1="4,47,0,21,37,84,103,112,3,109,116,41,70" hai2="115,129,98,113,15,75,28,51,108,67,52,27,90" hai3="60,29,76,22,42,83,123,111,12,64,30,107,105"/><U11/><E116/><V82/><F108/><W124/><G111/><T6/><D125/><U65/><E112/><N who="2" m="43083" /><F67/><W71/><G123/><T127/><D127/><U13/><E109/><V2/><F2/><W43/><G124/><T49/><D72/><U36/><E36/><V131/><F98/><W5/><G30/><T122/><D122/><U80/><E103/><V78/><F15/><W57/><G71/><T8/><D63/><U114/><E114/><V119/><F90/><W20/><G20/><T16/><D50/><U96/><E96/><V92/><F92/><W117/><G117/><T126/><D126/><U73/><E84/><V59/><F119/><W68/><G68/><T39/><D39/><U101/><E101/><V86/><F75/><W10/><G107/><T53/><D53/><U91/><E91/><V79/><F79/><W81/><G105/><T33/><D33/><AGARI ba="0,0" hai="27,28,33,51,52,59,78,82,86,129,131" m="43083" machi="33" ten="30,3900,0" yaku="15,1,11,1,54,1" doraHai="40" who="2" fromWho="0" sc="310,-39,28,0,220,39,442,0" /><INIT seed="6,0,0,2,0,76" ten="271,28,259,442" oya="2" hai0="71,56,44,133,14,74,98,35,12,100,109,113,15" hai1="28,27,104,130,99,53,39,91,17,81,5,63,2" hai2="117,62,122,7,70,125,65,115,79,132,107,50,60" hai3="43,1,96,72,93,67,90,89,23,105,87,13,83"/><V88/><F117/><W45/><G1/><T124/><D109/><U97/><E39/><V82/><F122/><W37/><G72/><T42/><D71/><U40/><E130/><V68/><F107/><W54/><G105/><T77/><D113/><U29/><E40/><V127/><F115/><W22/><G67/><T126/><D35/><U69/><E5/><V19/><F7/><W59/><G13/><T80/><D56/><U32/><E2/><V38/><F132/><W102/><G90/><T103/><D133/><U66/><E28/><V55/><F38/><W110/><G110/><T34/><D34/><U9/><E97/><V129/><F19/><W64/><G64/><T4/><D4/><U120/><E120/><V3/><F3/><W84/><G84/><T108/><D108/><U0/><E17/><V58/><F129/><W21/><G21/><T6/><D6/><U123/><E123/><V36/><F36/><W47/><G47/><T49/><REACH who="0" step="1"/><D103/><REACH who="0" ten="261,28,259,442" step="2"/><U57/><E0/><V24/><F70/><W112/><G112/><T94/><AGARI ba="0,1" hai="12,14,15,42,44,49,74,77,80,94,98,100,124,126" machi="94" ten="30,7900,0" yaku="1,1,2,1,0,1,52,1,53,0" doraHai="76" doraHaiUra="18" who="0" fromWho="0" sc="261,89,28,-20,259,-39,442,-20" /><INIT seed="7,0,0,4,5,78" ten="350,8,220,422" oya="3" hai0="87,37,79,81,38,45,52,57,76,133,101,108,42" hai1="40,97,31,24,114,50,119,100,32,41,17,39,51" hai2="27,135,103,14,130,117,7,84,75,35,123,48,90" hai3="9,118,69,127,95,129,5,112,15,11,28,115,92"/><W63/><G118/><T128/><D133/><U36/><E17/><V12/><F130/><W4/><G28/><T16/><D128/><U99/><E100/><V13/><F48/><W121/><G121/><T85/><D108/><U19/><E19/><V93/><F90/><W46/><G46/><T6/><D37/><U111/><E24/><V43/><F93/><W20/><G20/><T23/><D6/><U62/><E62/><V68/><F123/><W124/><G129/><T72/><D101/><U73/><E31/><V3/><F135/><W132/><G132/><T54/><D79/><U66/><E66/><V22/><F117/><W102/><G102/><T126/><D126/><U0/><E73/><V60/><F75/><W59/><G69/><T53/><REACH who="0" step="1"/><D57/><REACH who="0" ten="340,8,220,422" step="2"/><U33/><E119/><V107/><F7/><N who="3" m="3519" /><G127/><T120/><D120/><U96/><E36/><V116/><F103/><W25/><G124/><T98/><D98/><U131/><E39/><V8/><F116/><W10/><G5/><T56/><D56/><U30/><E96/><V29/><F68/><W109/><G4/><T34/><D34/><U44/><E111/><V65/><F35/><W26/><G109/><T89/><D89/><U77/><E32/><V86/><F107/><W105/><G105/><T70/><D70/><U110/><E33/><V82/><F3/><W104/><G104/><T106/><D106/><U83/><E99/><V61/><F86/><W49/><G59/><T18/><D18/><U47/><E97/><V1/><F84/><W2/><G2/><T67/><D67/><U71/><E0/><RYUUKYOKU ba="0,1" sc="340,30,8,-10,220,-10,422,-10" hai0="16,23,38,42,45,52,53,54,72,76,81,85,87" owari="370,17.0,-2,-50.0,210,-19.0,422,52.0" /></mjloggm>