<mjloggm ver="2.3"><GO type="169" lobby="0"/><UN n0="%E3%83%88%E3%83%88%E3%83%AA%E5%85%88%E7%94%9F%31%39%E6%AD%B3" n1="%E3%83%AA%E3%83%81%E3%83%A3%21%21" n2="%E5%A4%AA%E3%81%8F%E3%81%AA%E3%81%84%E3%81%8A" n3="%E7%89%8C%E7%A5%9E" dan="18,18,19,16" rate="2203.27,2211.20,2324.75,2088.67" sx="F,M,F,M"/><TAIKYOKU oya="0"/><INIT seed="0,0,0,5,1,97" ten="250,250,250,250" oya="0" hai0="103,98,15,76,89,104,63,27,67,22,115,125,60" hai1="83,25,12,57,34,93,128,102,110,87,13,129,62" hai2="122,74,21,41,3,50,0,45,109,11,52,86,117" hai3="79,36,66,124,68,108,132,120,111,70,65,126,4"/><T7/><D115/><U96/><E110/><N who="3" m="42026" /><G79/><T94/><D125/><N who="3" m="48233" /><G4/><T26/><D76/><U35/><E13/><V134/><F74/><W10/><G10/><T51/><D51/><U14/><E12/><V127/><F109/><W101/><G132/><T80/><D63/><U53/><E14/><V113/><F127/><W58/><G101/><T9/><D22/><U40/><E40/><V5/><F113/><W91/><G91/><T84/><REACH who="0" step="1"/><D104/><REACH who="0" ten="240,250,250,250" step="2"/><U24/><E35/><V133/><F21/><W78/><G78/><T61/><D61/><U56/><E34/><V42/><F50/><W121/><G36/><T75/><D75/><U123/><E123/><N who="3" m="47178" /><G58/><AGARI ba="0,1" hai="7,9,15,26,27,58,60,67,80,84,89,94,98,103" machi="58" ten="30,11600,0" yaku="1,1,7,1,8,1,52,1,53,0" doraHai="97" doraHaiUra="130" who="0" fromWho="3" sc="240,126,250,0,250,0,250,-116" /><INIT seed="0,1,0,4,2,105" ten="366,250,250,134" oya="0" hai0="0,128,32,92,45,115,47,59,89,109,106,42,62" hai1="31,25,83,33,5,126,122,79,68,35,76,123,1" hai2="24,55,80,7,26,127,91,70,114,78,120,18,87" hai3="16,49,44,96,37,27,131,107,77,61,102,119,95"/><T81/><D115/><U110/><E126/><V14/><F120/><W34/><G119/><T75/><D106/><U8/><E110/><V135/><F114/><W65/><G131/><T53/><D32/><U20/><E76/><V57/><F70/><W71/><G37/><T112/><D112/><U19/><E68/><V11/><F135/><W41/><G77/><T40/><D0/><U64/><E64/><V121/><F121/><W13/><G95/><T48/><D128/><U22/><E22/><V134/><F134/><W82/><G82/><T97/><D109/><U98/><E98/><V124/><F124/><W99/><G99/><T117/><D117/><U9/><E9/><V50/><F127/><W63/><G63/><T43/><D75/><U86/><REACH who="1" step="1"/><E35/><REACH who="1" ten="366,240,250,134" step="2"/><V2/><F78/><W12/><REACH who="3" step="1"/><G16/><REACH who="3" ten="366,240,250,124" step="2"/><T15/><D97/><U108/><E108/><V93/><REACH who="2" step="1"/><F80/><REACH who="2" ten="366,240,240,124" step="2"/><W113/><G113/><T66/><D81/><U36/><E36/><V29/><F29/><AGARI ba="1,3" hai="12,13,27,29,34,41,44,49,61,65,71,96,102,107" machi="29" ten="40,5200,0" yaku="1,1,25,2,53,0" doraHai="105" doraHaiUra="88" who="3" fromWho="2" sc="366,0,240,0,240,-55,124,85" /><INIT seed="1,0,0,1,0,13" ten="366,240,185,209" oya="1" hai0="107,65,44,122,92,91,48,112,61,101,12,58,95" hai1="52,116,67,8,130,80,123,74,125,26,30,87,132" hai2="57,86,16,70,43,38,51,34,31,83,135,9,114" hai3="11,0,54,29,113,19,3,1,25,102,62,124,42"/><U105/><E123/><V117/><F70/><W37/><G113/><T82/><D112/><U76/><E116/><V111/><F114/><W79/><G124/><T73/><D122/><U98/><E125/><V2/><F117/><W22/><G102/><T90/><D107/><U14/><E67/><V27/><F111/><W133/><G133/><T33/><D33/><U36/><E36/><V89/><F135/><W39/><G79/><T109/><D109/><U100/><E130/><V5/><F38/><W127/><G127/><T118/><D118/><U56/><E132/><V18/><REACH who="2" step="1"/><F57/><REACH who="2" ten="366,240,175,209" step="2"/><W45/><G39/><T72/><D58/><U47/><E47/><AGARI ba="0,1" hai="2,5,9,16,18,27,31,34,43,47,51,83,86,89" machi="47" ten="40,8000,1" yaku="1,1,2,1,52,2,54,1,53,0" doraHai="13" doraHaiUra="106" who="2" fromWho="1" sc="366,0,240,-80,175,90,209,0" /><INIT seed="2,0,0,1,0,77" ten="366,160,265,209" oya="2" hai0="96,133,34,22,38,2,108,81,72,105,4,109,91" hai1="131,128,89,69,9,58,46,63,74,85,1,135,127" hai2="113,45,68,100,126,44,61,119,101,43,123,8,124" hai3="107,57,83,73,93,111,90,125,3,21,64,7,17"/><V117/><F8/><W134/><G107/><T115/><D115/><U67/><E74/><V103/><F113/><W36/><G36/><T95/><D34/><U116/><E116/><N who="2" m="44619" /><F123/><W118/><G118/><T39/><D133/><U102/><E127/><N who="2" m="48683" /><F43/><W10/><G134/><T132/><D132/><U129/><E135/><V18/><F18/><W84/><G125/><T30/><D105/><U52/><E102/><V106/><F106/><W87/><G73/><T55/><D55/><U12/><E1/><V49/><F49/><W31/><G31/><T92/><D4/><U28/><E28/><V80/><F80/><W94/><G17/><T60/><D2/><U27/><E27/><V99/><F99/><W14/><G7/><T120/><D120/><U48/><E69/><V25/><F25/><W78/><G3/><T62/><D92/><U50/><E50/><V97/><F97/><W5/><G10/><T13/><D39/><U53/><E67/><AGARI ba="0,0" hai="44,45,61,67,68,100,101,103" m="48683,44619" machi="67" ten="40,2000,0" yaku="18,1" doraHai="77" who="2" fromWho="1" sc="366,0,160,-20,265,20,209,0" /><INIT seed="2,1,0,2,2,86" ten="366,140,285,209" oya="2" hai0="97,105,15,11,119,69,108,110,22,76,124,125,41" hai1="70,24,133,90,135,129,92,111,115,32,83,48,45" hai2="134,121,120,74,27,113,95,13,10,4,12,65,14" hai3="81,66,78,58,67,71,50,88,91,43,57,35,130"/><V72/><F113/><W21/><G35/><T44/><D69/><U123/><E123/><V77/><F134/><N who="1" m="51209" /><E115/><V46/><F65/><N who="3" m="24587" /><G71/><T84/><D22/><U62/><E111/><N who="0" m="42537" /><D119/><U36/><E36/><V54/><F27/><W6/><G130/><T104/><D84/><N who="1" m="52295" /><E83/><V117/><F117/><W103/><G103/><N who="0" m="62575" /><D76/><U109/><E109/><V68/><F68/><W63/><G6/><N who="0" m="3575" /><D105/><U23/><E32/><V8/><F77/><W100/><G100/><T64/><D64/><N who="1" m="41239" /><E129/><V127/><F120/><W19/><G78/><T16/><D16/><N who="1" m="12391" /><E45/><V47/><F47/><N who="3" m="25983" /><G81/><T73/><D73/><U31/><E48/><AGARI ba="1,0" hai="41,44,48,124,125" m="3575,62575,42537" machi="48" ten="30,1000,0" yaku="14,1" doraHai="86" who="0" fromWho="1" sc="366,13,140,-13,285,0,209,0" /><INIT seed="3,0,0,1,3,117" ten="379,127,285,209" oya="3" hai0="107,21,129,61,51,69,102,73,71,36,24,82,50" hai1="91,4,26,66,6,10,68,79,75,77,97,23,130" hai2="30,19,87,40,111,67,17,3,13,134,48,47,22" hai3="86,64,25,58,101,55,16,74,126,53,115,108,44"/><W9/><G74/><T1/><D1/><U124/><E130/><V65/><F3/><W90/><G115/><T81/><D36/><U54/><E124/><V112/><F112/><W56/><G126/><T121/><D121/><U128/><E128/><V72/><F72/><W39/><G101/><T98/><D129/><U95/><E6/><V70/><F70/><W18/><G64/><T49/><D61/><U76/><E54/><N who="3" m="20490" /><G39/><T42/><D42/><U38/><E38/><V114/><F114/><W52/><G108/><T113/><D113/><U132/><E132/><V45/><F134/><W5/><G5/><T14/><D14/><U43/><E43/><V28/><F111/><W122/><G122/><T35/><D35/><U11/><E75/><V78/><F45/><W34/><G34/><T100/><D100/><U62/><REACH who="1" step="1"/><E4/><REACH who="1" ten="379,117,285,209" step="2"/><V99/><F40/><W27/><G44/><T7/><D7/><U105/><E105/><V92/><F47/><W123/><G123/><T32/><D73/><U33/><E33/><V12/><F65/><W133/><G133/><T8/><D32/><U135/><E135/><V0/><F67/><W46/><G46/><T59/><D107/><U63/><E63/><V15/><F0/><W106/><G106/><T88/><D50/><U96/><E96/><V80/><F48/><W94/><G52/><T20/><D49/><U83/><E83/><V85/><F99/><W84/><G84/><T37/><D81/><U118/><E118/><V109/><F109/><W125/><G125/><T120/><D51/><U60/><E60/><V131/><F131/><RYUUKYOKU ba="0,1" sc="379,-10,117,30,285,-10,209,-10" hai1="10,11,23,26,62,66,68,76,77,79,91,95,97" /><INIT seed="4,1,1,3,4,115" ten="369,147,275,199" oya="0" hai0="13,104,121,54,11,58,77,64,133,116,122,2,44" hai1="88,59,7,71,18,12,113,55,128,36,38,23,114" hai2="46,16,52,27,63,45,17,19,25,111,102,8,1" hai3="24,3,99,123,37,50,4,127,132,39,84,41,130"/><T47/><D104/><U75/><E71/><V131/><F111/><W92/><G127/><T120/><D2/><U26/><E75/><V108/><F108/><W87/><G132/><T124/><D133/><U57/><E128/><V21/><F131/><W117/><G130/><T72/><D124/><U125/><E125/><V67/><F102/><W56/><G123/><T31/><D116/><U62/><E7/><V96/><F96/><W107/><G117/><T119/><D119/><U73/><E73/><V40/><F1/><W20/><G107/><T85/><D72/><U97/><E12/><N who="2" m="7175" /><F67/><W83/><G4/><T70/><D31/><U103/><E59/><N who="2" m="35303" /><F40/><W0/><G41/><T33/><D33/><U106/><E114/><V32/><F32/><W93/><G99/><T35/><D35/><U15/><E113/><V110/><F110/><W101/><G101/><T135/><D135/><U69/><E69/><V76/><F76/><W9/><G39/><T129/><D129/><U89/><E15/><N who="2" m="9407" /><F19/><W100/><G100/><T94/><D77/><U6/><E6/><V86/><F86/><W90/><G84/><T109/><D109/><U5/><E5/><V95/><F95/><W82/><G92/><T68/><D85/><U42/><REACH who="1" step="1"/><E36/><REACH who="1" ten="369,137,275,199" step="2"/><V60/><F60/><W30/><G37/><T66/><D68/><U74/><E74/><V80/><F80/><W49/><G3/><T118/><D118/><U79/><E79/><V14/><F14/><W34/><G0/><T29/><D70/><U134/><E134/><V98/><F98/><W112/><G112/><T81/><D122/><RYUUKYOKU ba="1,2" sc="369,-15,137,15,275,15,199,-15" hai1="18,23,26,38,42,55,57,62,88,89,97,103,106" hai2="25,27,45,46" /><INIT seed="5,2,2,3,3,31" ten="354,152,290,184" oya="1" hai0="24,48,1,56,2,82,30,23,38,58,104,64,135" hai1="93,22,3,121,123,45,91,7,80,75,57,105,83" hai2="98,108,116,15,134,67,130,133,63,20,119,77,113" hai3="10,71,65,95,68,122,18,34,54,115,35,103,49"/><U11/><E105/><V17/><F108/><W131/><G122/><T87/><D38/><U9/><E9/><V111/><F111/><W100/><G115/><T8/><D104/><U90/><E83/><V70/><F130/><W117/><G131/><T112/><D112/><U29/><E57/><V109/><F109/><W37/><G37/><T14/><D135/><N who="2" m="51722" /><F113/><W28/><G117/><T12/><D12/><U118/><E118/><V84/><F98/><W27/><G35/><T74/><D74/><U55/><E75/><V32/><F32/><W120/><G120/><T41/><D64/><U19/><E29/><V60/><F60/><W40/><G40/><T76/><D2/><U94/><E80/><AGARI ba="2,2" hai="15,17,20,63,67,70,77,80,84,116,119" m="51722" machi="80" ten="30,1000,0" yaku="20,1" doraHai="31" who="2" fromWho="1" sc="354,0,152,-16,290,36,184,0" /><INIT seed="6,0,0,4,1,112" ten="354,136,326,184" oya="2" hai0="79,98,30,77,99,18,38,93,84,33,5,69,40" hai1="89,31,24,27,25,115,101,80,17,134,97,63,3" hai2="104,51,130,23,54,6,65,131,42,48,96,87,90" hai3="82,36,85,91,12,49,44,111,67,13,9,70,132"/><V123/><F123/><W34/><G111/><T100/><D69/><U74/><E115/><V110/><F65/><W62/><G34/><T103/><D5/><U66/><E134/><V105/><F110/><W4/><G132/><T124/><D124/><U41/><E3/><V52/><F6/><W118/><G36/><T35/><D18/><U58/><E41/><V109/><F42/><W83/><G118/><T57/><D57/><U128/><E17/><V37/><F37/><W94/><G13/><T68/><D68/><U28/><E128/><N who="2" m="49195" /><F23/><W114/><G114/><T50/><D50/><N who="2" m="18986" /><F109/><W126/><G126/><T102/><D30/><U81/><E74/><V10/><F10/><W73/><G73/><T108/><D108/><U16/><E16/><V21/><F21/><W39/><G39/><T133/><D133/><U72/><E72/><V129/><F129/><W71/><G71/><T120/><D120/><U45/><E45/><V60/><F96/><W64/><G64/><T0/><D0/><U75/><E75/><V135/><F135/><W117/><G117/><T32/><D98/><U127/><E127/><V7/><F7/><W78/><G78/><T8/><D8/><U86/><REACH who="1" step="1"/><E81/><REACH who="1" ten="354,126,326,184" step="2"/><N who="2" m="49519" /><F60/><W125/><G125/><T14/><D40/><AGARI ba="0,1" hai="4,9,12,40,44,49,62,67,70,82,83,85,91,94" machi="40" ten="30,1000,0" yaku="7,1" doraHai="112" who="3" fromWho="0" sc="354,-10,126,0,326,0,184,20" /><INIT seed="7,0,0,5,1,132" ten="344,126,326,204" oya="3" hai0="33,82,0,69,78,30,115,109,86,44,119,7,29" hai1="94,11,45,90,20,106,72,49,38,117,108,74,53" hai2="83,3,75,65,59,87,123,60,131,54,25,52,96" hai3="71,134,97,111,5,67,107,80,127,114,112,129,93"/><W125/><G107/><T12/><D109/><U120/><E108/><V91/><F3/><W28/><G111/><T73/><D119/><U17/><E117/><V43/><F131/><W14/><G28/><N who="0" m="10859" /><D73/><U50/><E120/><V92/><F123/><W56/><G71/><T70/><D0/><U126/><E126/><N who="3" m="48138" /><G80/><T4/><D33/><U46/><E106/><V37/><F75/><W104/><G104/><T105/><D105/><U42/><E11/><V81/><F25/><W66/><G134/><T31/><D115/><N who="3" m="44073" /><G56/><T133/><D133/><U100/><E100/><V85/><F81/><W110/><G129/><T39/><D31/><U55/><E38/><V8/><F83/><W122/><G122/><T6/><D39/><U36/><E36/><V58/><F58/><W1/><G1/><T76/><D70/><U40/><E74/><V22/><F59/><W48/><G48/><T101/><D69/><U32/><E72/><V27/><F37/><W130/><G130/><T13/><D76/><U121/><E32/><V84/><F27/><W51/><G51/><T10/><D82/><U77/><E77/><V88/><F60/><W21/><G110/><T103/><D78/><U99/><E121/><V124/><F124/><W26/><G26/><AGARI ba="0,0" hai="17,20,26,40,42,45,46,49,50,53,55,90,94,99" machi="26" ten="30,3900,0" yaku="7,1,9,1,8,1" doraHai="132" who="1" fromWho="3" sc="344,0,126,39,326,0,204,-39" owari="344,43.0,165,-23.0,326,13.0,165,-33.0" /></mjloggm>