<mjloggm ver="2.3"><GO type="169" lobby="0"/><UN n0="%E3%82%A6%E3%83%AB%E3%83%88%E3%83%A9%E7%AB%8B%E7%9B%B4" n1="%E6%9C%80%E7%B5%82%E5%BD%A2%E7%AB%8B%E7%9B%B4" n2="%E3%83%95%E3%82%A7%E3%83%9F%E3%83%83%E3%82%AF%2E" n3="%E9%98%BF%E4%BF%AE%E7%BE%85%E4%BD%B3%E5%A5%88" dan="18,16,17,16" rate="2198.46,2140.89,2085.87,2078.59" sx="M,M,M,F"/><TAIKYOKU oya="0"/><INIT seed="0,0,0,4,3,39" ten="250,250,250,250" oya="0" hai0="60,89,20,87,43,40,79,41,3,32,130,81,4" hai1="65,7,70,120,10,110,99,47,121,112,26,48,82" hai2="36,34,93,27,49,55,59,116,37,28,0,38,113" hai3="68,118,83,92,90,84,22,88,107,30,45,96,78"/><T67/><D32/><U53/><E110/><V102/><F113/><W2/><G2/><T15/><D130/><U135/><E135/><V63/><F0/><W8/><G68/><T106/><D106/><U29/><E112/><V23/><F116/><W52/><G107/><T132/><D132/><U54/><E99/><V76/><F76/><W24/><G8/><T25/><D3/><U16/><E82/><V98/><REACH who="2" step="1"/><F63/><REACH who="2" ten="250,250,240,250" step="2"/><W74/><G118/><T64/><D79/><U101/><E120/><V128/><F128/><W75/><G75/><T44/><D44/><U131/><E121/><V111/><F111/><W122/><G122/><T46/><D46/><U13/><E131/><V18/><F18/><W33/><G74/><T35/><D35/><AGARI ba="0,1" hai="23,27,28,34,35,36,37,38,49,55,59,93,98,102" machi="35" ten="40,1300,0" yaku="1,1,53,0" doraHai="39" doraHaiUra="80" who="2" fromWho="0" sc="250,-13,250,0,240,23,250,0" /><INIT seed="1,0,0,3,4,16" ten="237,250,263,250" oya="1" hai0="92,63,41,86,95,12,115,133,34,18,43,26,60" hai1="120,96,54,97,122,71,61,52,93,32,125,108,88" hai2="82,48,47,76,3,110,22,7,74,33,66,55,111" hai3="123,53,14,101,40,20,64,5,67,83,114,49,68"/><U79/><E32/><V1/><F33/><W21/><G123/><T11/><D115/><U100/><E125/><V121/><F121/><W112/><G68/><T118/><D118/><U6/><E120/><V37/><F66/><N who="3" m="25131" /><G112/><T59/><D133/><U131/><E122/><V99/><F99/><W8/><G114/><T113/><D113/><U129/><E71/><V65/><F65/><W13/><G13/><T75/><D75/><U107/><E79/><V119/><F119/><W98/><G83/><T45/><D92/><U124/><E124/><V56/><F22/><N who="3" m="8811" /><G40/><T17/><D12/><U135/><E135/><V94/><F1/><W9/><G9/><T62/><D11/><U87/><E6/><V117/><F117/><W85/><G85/><T134/><D86/><U35/><E35/><V91/><F7/><W29/><G29/><T106/><D43/><U72/><E72/><V105/><F3/><W39/><G39/><T25/><D41/><U58/><E87/><V2/><F2/><W69/><G69/><T126/><D126/><U44/><REACH who="1" step="1"/><E108/><REACH who="1" ten="237,240,263,250" step="2"/><V51/><F110/><W127/><G127/><T109/><D109/><U36/><E36/><V28/><F37/><W38/><G38/><T132/><D34/><U10/><E10/><V130/><F111/><W104/><G98/><T90/><D134/><U128/><E128/><V24/><F130/><W50/><G5/><T73/><D132/><U102/><E102/><V77/><F74/><W84/><G84/><T27/><D73/><U0/><E0/><V116/><F116/><W31/><G101/><T4/><D4/><RYUUKYOKU ba="0,1" sc="237,-10,240,30,263,-10,250,-10" hai1="44,52,54,58,61,88,93,96,97,100,107,129,131" /><INIT seed="1,1,1,0,2,109" ten="227,270,253,240" oya="1" hai0="63,24,80,0,114,79,17,2,45,20,55,49,67" hai1="83,128,104,27,111,135,70,29,62,105,91,1,3" hai2="73,37,58,65,14,5,126,72,19,113,116,4,30" hai3="48,125,92,53,118,90,11,60,6,81,131,34,46"/><U28/><E111/><V77/><F116/><W22/><G34/><T76/><D114/><U100/><E128/><V85/><F37/><W8/><G125/><T66/><D66/><N who="1" m="41303" /><E29/><V99/><F30/><W82/><G131/><T120/><D120/><U32/><E135/><V94/><F126/><W10/><G118/><T15/><D15/><U122/><E122/><V57/><F85/><N who="3" m="52303" /><G6/><T50/><D50/><U115/><E104/><V51/><F113/><W106/><G106/><T47/><D47/><U31/><E31/><V132/><F132/><W102/><G102/><T84/><REACH who="0" step="1"/><D79/><REACH who="0" ten="217,270,253,240" step="2"/><U74/><E115/><V41/><F77/><W96/><G60/><T25/><D25/><U88/><E3/><V68/><F14/><W78/><G78/><T93/><D93/><U35/><E1/><V134/><F94/><W89/><G46/><T33/><D33/><U75/><E32/><V7/><F51/><W40/><G48/><T97/><D97/><N who="1" m="61583" /><E83/><V64/><F64/><W103/><G81/><T71/><AGARI ba="1,2" hai="0,2,17,20,24,45,49,55,63,67,71,76,80,84" machi="71" ten="20,2700,0" yaku="1,1,0,1,7,1,53,0" doraHai="109" doraHaiUra="38" who="0" fromWho="0" sc="217,50,270,-14,253,-8,240,-8" /><INIT seed="2,0,0,1,2,69" ten="267,256,245,232" oya="2" hai0="82,135,101,34,107,134,39,71,58,99,45,54,2" hai1="102,126,52,70,57,28,105,1,91,46,73,83,63" hai2="133,72,36,33,109,85,77,43,23,21,114,8,74" hai3="31,4,24,62,88,29,56,49,40,3,121,94,65"/><V127/><F114/><W112/><G121/><T9/><D71/><U92/><E126/><V124/><F33/><W108/><G108/><T15/><D2/><U20/><E1/><V44/><F109/><W32/><G112/><T22/><D22/><N who="2" m="8202" /><F133/><W78/><G78/><T37/><D82/><U122/><E70/><V10/><F85/><W79/><G79/><T104/><D104/><U98/><E122/><V100/><F100/><W130/><G29/><T103/><D103/><U35/><E35/><V14/><F77/><W80/><G80/><T42/><D34/><U117/><E117/><V47/><F47/><W76/><G76/><T7/><REACH who="0" step="1"/><D39/><REACH who="0" ten="257,256,245,232" step="2"/><U12/><E105/><V106/><F106/><W123/><G123/><T13/><D13/><U111/><E111/><V26/><F14/><W95/><G3/><T129/><D129/><U30/><E102/><V116/><F116/><W6/><G130/><T67/><D67/><U0/><E0/><V48/><F36/><W41/><G95/><T51/><AGARI ba="0,1" hai="7,9,15,37,42,45,51,54,58,99,101,107,134,135" machi="51" ten="30,4000,0" yaku="1,1,0,1,52,1,53,0" doraHai="69" doraHaiUra="27" who="0" fromWho="0" sc="257,50,256,-10,245,-20,232,-10" /><INIT seed="3,0,0,2,3,30" ten="307,246,225,222" oya="3" hai0="65,8,75,94,29,3,12,61,41,91,121,95,106" hai1="37,128,126,23,49,119,55,71,118,135,92,101,36" hai2="28,81,57,72,24,51,11,20,122,98,43,109,117" hai3="62,22,21,102,31,77,86,79,78,108,129,63,38"/><W34/><G38/><N who="1" m="14954" /><E23/><N who="3" m="8714" /><G129/><T89/><D3/><U125/><E101/><V105/><F117/><N who="1" m="44553" /><E92/><V13/><F109/><W32/><G102/><T45/><D75/><U123/><E123/><V52/><F43/><W59/><G31/><T40/><D29/><U18/><E18/><V0/><F0/><W69/><G86/><T14/><D8/><U124/><E71/><V64/><F122/><W48/><G69/><T1/><D121/><U16/><E16/><V90/><F105/><W60/><G108/><T19/><D106/><U134/><E128/><V67/><F72/><W25/><G25/><T80/><D19/><U107/><E107/><V9/><F9/><W88/><G88/><T7/><D91/><U50/><E50/><V2/><F90/><W5/><G5/><T54/><D7/><U17/><E17/><V116/><F51/><W133/><G48/><T35/><D89/><U96/><E96/><V130/><F98/><W46/><G46/><AGARI ba="0,0" hai="46,49,55,124,125,126,134,135" m="44553,14954" machi="46" ten="40,8000,1" yaku="18,1,12,1,34,2" doraHai="30" who="1" fromWho="3" sc="307,0,246,80,225,0,222,-80" /><INIT seed="4,0,0,1,1,0" ten="307,326,225,142" oya="0" hai0="49,67,120,16,82,19,57,125,27,133,12,54,103" hai1="65,113,128,11,106,13,91,69,90,48,86,99,95" hai2="15,5,60,85,47,111,42,41,46,88,45,108,53" hai3="34,61,37,78,51,1,117,40,73,124,10,20,8"/><T135/><D120/><U23/><E128/><V76/><F76/><W83/><G117/><T62/><D125/><U116/><E116/><V123/><F123/><W64/><G124/><T35/><D103/><U24/><E113/><V126/><F126/><W71/><G51/><T101/><D101/><U93/><E106/><V134/><F134/><N who="0" m="51210" /><D82/><U30/><E69/><V38/><F53/><W130/><G130/><T74/><D74/><U107/><E107/><V75/><F60/><W6/><G20/><T98/><D98/><U104/><E104/><V44/><F75/><W26/><G10/><T81/><D81/><U14/><E65/><V121/><F121/><W2/><G26/><T115/><D115/><U59/><E11/><V55/><F55/><AGARI ba="0,0" hai="13,14,23,24,30,48,55,59,86,90,91,93,95,99" machi="55" ten="40,1300,0" yaku="8,1" doraHai="0" who="1" fromWho="2" sc="307,0,326,13,225,-13,142,0" /><INIT seed="5,0,0,0,4,106" ten="307,339,212,142" oya="1" hai0="41,62,50,18,52,112,8,67,12,114,32,121,94" hai1="84,30,35,81,43,79,119,57,65,134,88,118,78" hai2="126,45,116,44,89,90,80,96,83,13,14,56,115" hai3="113,102,59,93,105,135,36,103,75,28,42,55,86"/><U130/><E43/><V100/><F116/><W64/><G36/><T129/><D32/><U25/><E130/><V10/><F126/><W109/><G42/><T58/><D129/><U82/><E134/><V111/><F111/><W69/><G109/><T71/><D121/><U61/><REACH who="1" step="1"/><E79/><REACH who="1" ten="307,329,212,142" step="2"/><V17/><F115/><W2/><G113/><T68/><D41/><U33/><E33/><V76/><F76/><W122/><G135/><T123/><D114/><U92/><E92/><V4/><F80/><W48/><G122/><T29/><D112/><U9/><E9/><V16/><F83/><W40/><G40/><T97/><D123/><U3/><E3/><V24/><F10/><W117/><G2/><T85/><D94/><U38/><E38/><V20/><F20/><W31/><G117/><T77/><D8/><U21/><E21/><V108/><F108/><W70/><G105/><T91/><D77/><U110/><E110/><V73/><F73/><AGARI ba="0,1" hai="25,30,35,57,61,65,73,78,81,82,84,88,118,119" machi="73" ten="30,11600,0" yaku="1,1,7,1,52,1,54,1,53,0" doraHai="106" doraHaiUra="34" who="1" fromWho="2" sc="307,0,329,126,212,-116,142,0" /><INIT seed="5,1,0,1,5,114" ten="307,455,96,142" oya="1" hai0="13,124,79,94,45,89,28,119,20,88,36,8,75" hai1="81,47,90,9,133,121,25,64,17,71,35,0,72" hai2="125,106,4,65,34,118,98,99,24,92,63,109,111" hai3="80,33,102,39,44,87,27,113,112,129,100,103,128"/><U73/><E121/><V23/><F125/><W108/><G108/><T77/><D124/><U107/><E133/><V82/><F118/><W41/><G27/><T6/><D119/><U31/><E107/><V135/><F135/><W55/><G55/><T14/><D75/><U110/><E110/><V105/><F4/><W54/><G54/><T93/><D45/><U7/><E47/><V46/><F46/><W16/><G33/><T95/><D36/><U68/><E90/><N who="0" m="34921" /><D14/><U96/><E96/><V70/><F82/><W2/><G2/><T86/><D86/><U11/><E64/><V32/><F32/><W74/><G74/><T49/><D49/><U85/><E85/><V97/><F92/><W115/><G87/><T116/><D116/><U131/><E81/><V84/><F84/><W52/><G80/><T12/><D12/><U38/><E38/><V62/><F34/><W104/><G104/><T91/><N who="0" m="34929" /><T132/><DORA hai="18" /><D132/><U21/><E73/><V1/><F1/><W117/><G117/><T60/><D60/><U3/><E72/><V127/><F63/><W67/><G67/><T51/><D51/><U123/><E71/><V57/><F127/><W53/><G53/><T19/><D6/><N who="1" m="1223" /><E68/><V43/><F70/><W59/><G52/><T130/><D130/><N who="3" m="50281" /><G59/><T58/><D58/><U122/><E131/><V69/><F69/><W29/><G102/><T66/><D66/><U76/><E76/><V101/><F105/><W78/><G103/><T83/><D83/><U5/><E5/><V26/><F106/><W22/><G100/><T120/><D120/><RYUUKYOKU ba="1,0" sc="307,15,455,15,96,-15,142,-15" hai0="8,13,19,20,28,77,79,93,94,95" hai1="3,7,11,17,21,25,31,35,122,123" /><INIT seed="5,2,0,2,2,41" ten="322,470,81,127" oya="1" hai0="115,20,10,12,57,35,107,73,38,53,32,39,16" hai1="58,122,30,24,7,75,60,27,112,69,36,87,116" hai2="126,98,114,133,65,130,59,119,22,76,95,89,5" hai3="8,135,118,101,29,28,15,68,97,128,46,124,125"/><U25/><E122/><V134/><F119/><W6/><G68/><T82/><D107/><U120/><E120/><V74/><F130/><W105/><G128/><T21/><D115/><U132/><E75/><V66/><F126/><N who="3" m="48747" /><G135/><N who="2" m="51721" /><F114/><W90/><G118/><T113/><D113/><U47/><E69/><V86/><F5/><W18/><G90/><T61/><D21/><U34/><E112/><V84/><F22/><N who="3" m="11615" /><G46/><T100/><D100/><U56/><E7/><V80/><F59/><W40/><G40/><T71/><D71/><U78/><E58/><V51/><F51/><W49/><G49/><T79/><REACH who="0" step="1"/><D10/><REACH who="0" ten="312,470,81,127" step="2"/><U117/><E132/><V99/><F74/><W83/><G105/><T70/><D70/><U103/><E103/><N who="2" m="60895" /><F99/><W123/><G97/><T55/><D55/><U54/><E117/><V4/><F4/><W93/><G123/><T88/><D88/><U17/><E116/><V67/><F65/><W129/><G129/><T45/><D45/><U13/><E47/><V127/><F127/><W110/><G101/><T11/><D11/><U43/><E54/><V81/><AGARI ba="2,1" hai="66,67,76,80,81,84,86,89" m="60895,51721" machi="81" ten="30,1100,0" yaku="20,1" doraHai="41" who="2" fromWho="2" sc="312,-5,470,-7,81,27,127,-5" /><INIT seed="6,0,0,3,0,45" ten="307,463,108,122" oya="2" hai0="23,131,62,57,43,44,32,19,134,119,42,94,7" hai1="92,48,112,96,29,84,97,126,122,16,115,83,47" hai2="53,101,46,15,51,52,104,76,39,9,86,125,118" hai3="129,98,21,113,75,128,56,116,103,71,12,109,18"/><V67/><F118/><W24/><G109/><T87/><D32/><U123/><E29/><V6/><F125/><W88/><G116/><T8/><D134/><U95/><E126/><V41/><F67/><W120/><G120/><N who="1" m="46122" /><E95/><V55/><F104/><W26/><G71/><T33/><D33/><U77/><E16/><V60/><F101/><W114/><G75/><T121/><D44/><U127/><E127/><V63/><F39/><W79/><G56/><T30/><D62/><U91/><E96/><V0/><F0/><W130/><G79/><T100/><D57/><U68/><E68/><V17/><F17/><W108/><G108/><T85/><D43/><AGARI ba="0,0" hai="43,47,48,77,83,84,91,92,97,112,115" m="46122" machi="43" ten="30,2000,0" yaku="13,1,52,1" doraHai="45" who="1" fromWho="0" sc="307,-20,463,20,108,0,122,0" /><INIT seed="7,0,0,2,4,75" ten="287,483,108,122" oya="3" hai0="41,77,128,61,12,13,36,29,35,40,107,72,56" hai1="131,110,50,74,118,82,76,32,83,39,3,43,127" hai2="85,101,88,30,119,37,34,84,2,6,20,67,60" hai3="69,126,57,17,38,78,22,80,70,4,1,49,7"/><W114/><G114/><T16/><D107/><U18/><E110/><V98/><F37/><W122/><G122/><T93/><D36/><U111/><E32/><V132/><F119/><W81/><G81/><T124/><D35/><U133/><E18/><V58/><F132/><W28/><G28/><T9/><D29/><U123/><E50/><V53/><F34/><W115/><G115/><T129/><D72/><U8/><E83/><N who="2" m="49183" /><F2/><W65/><G38/><T31/><D77/><U106/><E111/><V112/><F112/><W59/><G70/><T121/><D121/><U120/><E133/><V63/><F6/><N who="3" m="2091" /><G1/><T11/><D31/><U104/><E118/><V91/><F101/><W116/><G116/><T86/><D124/><U130/><E127/><V46/><F98/><W45/><G126/><T47/><D86/><U14/><E123/><V94/><F46/><W54/><G69/><T117/><D47/><N who="1" m="24063" /><E120/><V5/><F5/><W73/><G65/><N who="0" m="39079" /><D129/><N who="1" m="49163" /><E3/><V95/><F95/><W87/><G73/><T89/><D128/><U102/><E102/><V27/><F63/><W19/><G19/><N who="0" m="8591" /><D117/><U26/><E106/><V109/><F109/><W99/><G99/><T71/><D71/><U23/><E104/><V92/><F92/><W10/><G10/><T125/><D125/><U105/><E105/><V90/><F90/><W44/><G45/><T21/><D11/><U108/><E8/><V62/><F62/><W15/><AGARI ba="0,0" hai="15,17,22,44,49,54,57,59,78,80,87" m="2091" machi="15" ten="30,3000,0" yaku="8,1,52,1" doraHai="75" who="3" fromWho="3" sc="287,-10,483,-10,108,-10,122,30" /><INIT seed="7,1,0,0,0,125" ten="277,473,98,152" oya="3" hai0="61,22,47,88,17,108,102,65,78,89,90,93,66" hai1="13,72,79,35,29,34,16,26,40,51,44,18,92" hai2="63,1,4,129,105,46,81,58,11,68,57,36,106" hai3="8,33,30,135,94,131,38,109,54,70,112,53,71"/><W0/><G38/><T42/><D108/><U95/><E34/><V43/><F68/><W103/><G71/><T114/><D78/><U64/><E64/><V37/><F37/><W122/><G122/><T55/><D114/><U14/><E79/><V23/><F129/><W27/><G70/><T3/><D3/><U21/><E72/><V56/><F63/><W69/><G69/><T115/><D115/><U10/><AGARI ba="1,0" hai="10,13,14,16,18,21,26,29,35,40,44,51,92,95" machi="10" ten="20,2700,0" yaku="0,1,7,1,54,1" doraHai="125" who="1" fromWho="1" sc="277,-8,473,30,98,-8,152,-14" owari="269,7.0,503,60.0,90,-41.0,138,-26.0" /></mjloggm>