<mjloggm ver="2.3"><GO type="225" lobby="0"/><UN n0="%E4%BA%8C%E4%BB%A3%E7%9B%AE%E3%82%A2%E3%83%A1%E3%83%96%E3%83%A9" n1="%E3%82%A6%E3%83%AB%E3%83%88%E3%83%A9%E7%AB%8B%E7%9B%B4" n2="%E2%98%86%E9%BB%84%E7%80%AC%E3%82%84%E3%82%88%E3%81%84%E2%98%86" n3="%E3%81%B5%E3%81%86%E3%81%8C%E2%99%AA" dan="17,17,16,16" rate="2228.02,2145.37,2032.75,2167.08" sx="M,M,F,M"/><TAIKYOKU oya="0"/><INIT seed="0,0,0,0,5,120" ten="250,250,250,250" oya="0" hai0="68,30,93,49,47,135,126,121,22,112,108,41,91" hai1="6,23,12,5,95,134,79,16,20,42,102,116,125" hai2="58,59,51,83,82,27,109,21,101,129,26,80,92" hai3="104,25,133,132,98,43,105,53,52,40,24,56,4"/><T70/><D121/><U118/><E79/><V117/><F129/><W77/><G77/><T9/><D112/><U72/><E72/><V28/><F117/><N who="1" m="45161" /><E95/><V3/><F3/><W88/><G4/><N who="1" m="1642" /><E102/><V122/><F122/><W107/><G107/><T50/><D135/><U64/><E64/><V15/><F109/><W106/><G106/><T103/><D126/><U90/><E90/><V127/><F127/><W115/><G115/><T123/><D123/><U37/><E42/><V94/><F101/><W19/><G19/><T71/><D103/><U11/><E37/><V36/><F36/><W29/><G98/><T87/><D9/><U45/><E45/><V10/><F59/><W18/><G18/><T113/><D113/><U34/><E125/><V111/><F111/><W46/><G56/><T14/><D108/><U0/><E0/><V97/><F97/><W38/><G38/><T128/><D128/><U39/><E39/><V110/><F110/><W44/><REACH who="3" step="1"/><G88/><REACH who="3" ten="250,250,250,240" step="2"/><T57/><D57/><U48/><E48/><V78/><F78/><W65/><G65/><T66/><D50/><U130/><E130/><V35/><F51/><W96/><G96/><T76/><D76/><U7/><E134/><V1/><F58/><W13/><G13/><T31/><D66/><U100/><E100/><V81/><F1/><W114/><G114/><T55/><D41/><U2/><E2/><V131/><N who="2" m="20480" /><DORA hai="85" /><V62/><F131/><W84/><G84/><T33/><D14/><U67/><E67/><V124/><F124/><W75/><G75/><T60/><D49/><U69/><E12/><RYUUKYOKU ba="0,1" sc="250,-10,250,-10,250,-10,240,30" hai3="24,25,29,40,43,44,46,52,53,104,105,132,133" /><INIT seed="1,1,1,0,2,117" ten="240,240,240,270" oya="1" hai0="69,16,8,11,63,14,4,5,122,31,33,102,48" hai1="98,39,64,62,103,135,18,68,104,95,72,80,35" hai2="77,121,79,45,60,34,38,65,43,15,86,107,55" hai3="53,134,126,50,131,70,123,59,47,81,83,112,6"/><U110/><E39/><V125/><F107/><W36/><G112/><T101/><D48/><U1/><E135/><V120/><F34/><W28/><G123/><T41/><D122/><U88/><E110/><V23/><F125/><W116/><G116/><T132/><D132/><U22/><E35/><V32/><F32/><W90/><G134/><T93/><D41/><U51/><E1/><V20/><F55/><W108/><G108/><T30/><D69/><U85/><E51/><V96/><F96/><W52/><G131/><T29/><D33/><U76/><E22/><V25/><F20/><W94/><G70/><T114/><D114/><U56/><E18/><V73/><F73/><W40/><G6/><N who="0" m="2667" /><D63/><U106/><E106/><V12/><F12/><W0/><G28/><N who="0" m="7171" /><T37/><DORA hai="97" /><D37/><U66/><E68/><V75/><F15/><W113/><G126/><T49/><D49/><U44/><E44/><V10/><F75/><W19/><G0/><T111/><D111/><U71/><E71/><V128/><F121/><W42/><G42/><T84/><D11/><U133/><E133/><V105/><F10/><W92/><G113/><T100/><D84/><U46/><E46/><V119/><F119/><W124/><G124/><T82/><D82/><U89/><E89/><V54/><F120/><W127/><G127/><T78/><D78/><N who="2" m="29706" /><F105/><W27/><G83/><T115/><D115/><U74/><E74/><V87/><F128/><W130/><G130/><T129/><D129/><U3/><E3/><V26/><F38/><W7/><G7/><T17/><D17/><U109/><E109/><RYUUKYOKU ba="1,1" sc="240,15,240,15,240,-15,270,-15" hai0="8,14,16,93,100,101,102" hai1="56,62,64,66,72,76,80,85,88,95,98,103,104" /><INIT seed="1,2,1,4,1,111" ten="255,255,225,255" oya="1" hai0="124,129,48,58,132,121,59,3,1,0,14,21,55" hai1="7,95,92,104,110,23,47,68,36,72,52,90,27" hai2="89,41,42,24,9,13,34,119,69,76,17,112,38" hai3="22,25,96,50,71,73,116,74,118,64,28,11,133"/><U125/><E104/><V31/><F119/><N who="3" m="45611" /><G133/><T78/><D132/><U79/><E68/><V4/><F69/><W60/><G96/><T127/><D129/><U40/><E110/><V29/><F29/><W103/><G103/><T6/><D121/><U56/><E125/><N who="0" m="48201" /><D78/><U26/><E7/><V134/><F76/><W57/><G11/><N who="0" m="4471" /><D21/><U15/><E92/><V20/><F134/><W115/><G115/><T113/><D113/><U114/><E114/><V8/><F38/><W94/><G94/><T61/><D1/><U123/><E123/><V83/><F112/><W86/><G86/><T46/><D59/><U130/><E130/><V63/><F9/><W100/><G100/><T12/><D12/><U43/><E15/><V106/><F106/><W85/><G85/><T87/><D87/><U10/><E10/><V30/><F83/><W19/><G28/><T97/><D97/><U117/><E117/><V120/><F31/><W37/><G37/><T93/><D93/><U54/><E36/><V122/><F122/><W80/><G80/><T91/><D91/><U18/><E79/><V44/><F120/><W105/><G105/><T16/><D16/><U135/><E135/><V88/><F88/><W32/><G32/><T75/><D75/><U102/><E72/><V84/><F89/><W53/><AGARI ba="2,1" hai="19,22,25,50,53,57,60,64,71,73,74" m="45611" machi="53" ten="30,1100,0" yaku="12,1" doraHai="111" who="3" fromWho="3" sc="255,-5,255,-7,225,-5,255,27" /><INIT seed="2,0,0,1,4,54" ten="250,248,220,282" oya="2" hai0="81,70,61,123,129,21,88,134,99,14,77,131,97" hai1="17,5,20,22,92,42,26,36,34,107,83,37,56" hai2="104,122,64,126,69,133,62,116,111,63,80,68,124" hai3="67,66,41,55,46,106,117,119,51,127,59,19,38"/><V86/><F122/><W102/><G19/><N who="0" m="10487" /><D123/><U60/><E107/><V12/><F116/><N who="3" m="44619" /><G102/><T120/><D120/><U23/><E5/><V89/><F104/><W50/><G106/><T71/><D134/><U130/><E130/><N who="0" m="49673" /><D61/><U132/><E132/><V18/><F133/><W30/><G30/><T6/><D6/><U84/><E92/><V35/><F111/><W1/><G1/><T15/><D15/><U115/><E115/><V40/><F40/><N who="3" m="22807" /><G127/><N who="2" m="48681" /><F35/><W94/><G94/><N who="0" m="56519" /><D99/><U31/><E17/><V48/><F63/><W47/><AGARI ba="0,0" hai="41,47,50,51,55,59,66,67" m="22807,44619" machi="47" ten="30,4000,0" yaku="34,2,52,1" doraHai="54" who="3" fromWho="3" sc="250,-10,248,-10,220,-20,282,40" /><INIT seed="3,0,0,0,4,125" ten="240,238,200,322" oya="3" hai0="132,57,7,133,60,76,19,124,44,116,67,113,97" hai1="105,6,1,72,81,33,29,24,82,68,18,120,87" hai2="50,108,2,39,110,45,61,47,56,51,16,55,84" hai3="121,48,80,115,101,11,114,128,0,85,98,65,9"/><W86/><G128/><T38/><D124/><U13/><E105/><V93/><F2/><W43/><G65/><T58/><D116/><U112/><E68/><V22/><F110/><W32/><G32/><T17/><D113/><U78/><E112/><V103/><F108/><W73/><G73/><T89/><D76/><U100/><E100/><V5/><F5/><W91/><G121/><T92/><D7/><U23/><E120/><V109/><F109/><W99/><G0/><T46/><D58/><U26/><E26/><N who="2" m="14663" /><F39/><W25/><G25/><T88/><D89/><U111/><E111/><V126/><F126/><W36/><G36/><T20/><D17/><U41/><E41/><N who="2" m="24879" /><F103/><W117/><G101/><T95/><D95/><U123/><E123/><V129/><F129/><W53/><G43/><T28/><D28/><U49/><E49/><V130/><F130/><W66/><G48/><T83/><D83/><N who="1" m="47607" /><E72/><V94/><F84/><W59/><G86/><T118/><D118/><U106/><E106/><V70/><F70/><W3/><G85/><T10/><D10/><AGARI ba="0,0" hai="1,6,10,13,18,23,24,29,33,81,82" m="47607" machi="10" ten="30,1000,0" yaku="24,1" doraHai="125" who="1" fromWho="0" sc="240,-10,238,10,200,0,322,0" owari="230,-17.0,248,5.0,200,-30.0,322,42.0" /></mjloggm>