<mjloggm ver="2.3"><GO type="169" lobby="0"/><UN n0="%E5%B0%B1%E6%B4%BB%E7%94%9F%40%E5%B7%9D%E6%9D%91%E8%BB%8D%E5%9B%A3" n1="%E4%BD%90%E5%80%89%E7%80%AC%E6%B4%A5%E7%BE%8E" n2="%E3%83%97%E3%83%A9%E3%83%81%E3%83%8A%E3%83%A0" n3="%E3%83%89%E3%83%BC%E3%83%AB%E3%83%9F%E3%83%BC" dan="17,16,17,17" rate="2240.39,2068.11,2137.56,2160.72" sx="M,F,M,M"/><TAIKYOKU oya="0"/><INIT seed="0,0,0,1,5,81" ten="250,250,250,250" oya="0" hai0="129,90,25,131,130,42,12,79,116,34,113,80,35" hai1="107,21,77,1,69,71,53,121,64,10,26,28,56" hai2="46,118,29,33,67,58,2,134,100,55,124,88,73" hai3="44,23,40,84,96,68,16,45,114,99,9,91,72"/><T102/><D116/><U120/><E107/><V127/><F2/><W62/><G72/><T11/><D113/><U48/><E77/><V87/><F73/><W8/><G114/><T18/><D102/><U50/><E50/><V57/><F100/><W39/><G45/><T123/><D123/><U61/><E71/><V36/><F67/><W17/><G17/><T6/><D42/><U5/><AGARI ba="0,0" hai="1,5,10,21,26,28,48,53,56,61,64,69,120,121" machi="5" ten="30,1100,0" yaku="0,1" doraHai="81" who="1" fromWho="1" sc="250,-5,250,11,250,-3,250,-3" /><INIT seed="1,0,0,0,4,57" ten="245,261,247,247" oya="1" hai0="66,37,90,65,74,32,49,14,104,109,1,62,41" hai1="26,118,52,108,123,58,116,78,48,101,20,38,112" hai2="75,71,0,61,77,53,93,13,105,15,24,103,92" hai3="18,29,56,84,50,76,81,30,94,19,95,134,45"/><U42/><E123/><V107/><F0/><W88/><G134/><T100/><D1/><U25/><E112/><V22/><F75/><W130/><G130/><T46/><D74/><U72/><E108/><V73/><F73/><W67/><G95/><T97/><D32/><U79/><E101/><V4/><F107/><W133/><G133/><T83/><D109/><U111/><E111/><V106/><F106/><W102/><G102/><T80/><D65/><U125/><E125/><V12/><F4/><W43/><G29/><T27/><D27/><U36/><E26/><V39/><F39/><W70/><G70/><T119/><D119/><U33/><E33/><V110/><F77/><W11/><G30/><T44/><D90/><U99/><E99/><V131/><F131/><W5/><G5/><T114/><D14/><U10/><E10/><V85/><F85/><N who="3" m="48295" /><G11/><T120/><D120/><U9/><E9/><V68/><F105/><W60/><AGARI ba="0,0" hai="18,19,43,45,50,56,60,67,84,88,94" m="48295" machi="60" ten="30,4000,0" yaku="8,1,52,1,54,1" doraHai="57" who="3" fromWho="3" sc="245,-10,261,-20,247,-10,247,40" /><INIT seed="2,0,0,0,2,47" ten="235,241,237,287" oya="2" hai0="20,9,24,134,104,3,35,83,43,30,45,108,73" hai1="130,90,128,8,23,123,101,58,39,46,118,131,135" hai2="70,6,48,98,75,120,66,100,117,52,122,53,26" hai3="12,32,102,41,51,116,81,18,34,15,97,56,19"/><V10/><F117/><W13/><G116/><T50/><D108/><U124/><E118/><V105/><F75/><W92/><G81/><T114/><D114/><U87/><E123/><V68/><F53/><W99/><G32/><T94/><D104/><U84/><E101/><V82/><F82/><W31/><G34/><T91/><D134/><U37/><E124/><V77/><F77/><W69/><G69/><T7/><D83/><N who="1" m="49439" /><E87/><V111/><F111/><W113/><G31/><T36/><D73/><U89/><E89/><V5/><F5/><W42/><G113/><T133/><D133/><U78/><E78/><V119/><F119/><W76/><G76/><T16/><D35/><U110/><E110/><V103/><F103/><W79/><G79/><T60/><D60/><U63/><E135/><V67/><F26/><W28/><G28/><T106/><D106/><U88/><E88/><V57/><F70/><W0/><G0/><T49/><REACH who="0" step="1"/><D30/><REACH who="0" ten="225,241,237,287" step="2"/><U40/><E131/><V127/><F127/><W74/><G74/><T121/><D121/><U59/><E130/><V107/><F107/><W54/><G99/><AGARI ba="0,1" hai="3,7,9,16,20,24,36,43,45,49,50,91,94,99" machi="99" ten="30,12000,2" yaku="1,1,7,1,52,2,54,1,53,1" doraHai="47" doraHaiUra="21" who="0" fromWho="3" sc="225,130,241,0,237,0,287,-120" /><INIT seed="3,0,0,5,4,98" ten="355,241,237,167" oya="3" hai0="64,107,11,90,111,89,19,77,120,60,12,42,63" hai1="51,59,33,3,108,122,85,17,118,15,31,134,53" hai2="28,83,116,124,80,100,47,68,45,135,62,81,126" hai3="127,26,71,39,38,54,2,121,86,32,57,101,132"/><W7/><G121/><T43/><D107/><U9/><E122/><V82/><F116/><W105/><G71/><T74/><D120/><U130/><E118/><V103/><F28/><W73/><G73/><T58/><D111/><U75/><E75/><V44/><F135/><W55/><G132/><T36/><D36/><U41/><E134/><V92/><N who="2" m="20992" /><DORA hai="84" /><V16/><F92/><W70/><G70/><T67/><D77/><U29/><E85/><V133/><F133/><W99/><G39/><T37/><D74/><U1/><E108/><V22/><F62/><W35/><G38/><T131/><D131/><U52/><E41/><N who="0" m="15369" /><D37/><U114/><E130/><V21/><F68/><W93/><G2/><T110/><D110/><U78/><E78/><V65/><F65/><N who="0" m="25162" /><D60/><U18/><E1/><V50/><F50/><W113/><G7/><T4/><D4/><U109/><E3/><V0/><F0/><W88/><G113/><T112/><D112/><U61/><E114/><V27/><REACH who="2" step="1"/><F22/><REACH who="2" ten="355,241,227,167" step="2"/><W95/><G35/><T129/><D129/><U5/><E109/><V128/><F128/><W117/><G117/><T69/><D69/><U94/><E94/><V76/><F76/><W34/><G34/><T79/><D79/><U8/><E33/><V87/><F87/><W48/><G105/><T102/><D102/><AGARI ba="0,1" hai="16,21,27,44,45,47,100,102,103,124,126" m="20992" machi="102" ten="60,16000,3" yaku="1,1,52,3,54,1,53,3" doraHai="98,84" doraHaiUra="106,96" who="2" fromWho="0" sc="355,-160,241,0,227,170,167,0" /><INIT seed="4,0,0,0,4,23" ten="195,241,397,167" oya="0" hai0="78,129,105,27,97,65,113,24,73,11,76,98,21" hai1="44,64,53,68,86,41,2,38,88,134,60,91,4" hai2="130,18,17,131,5,62,114,124,95,20,28,90,29" hai3="84,6,30,121,9,34,32,96,123,100,89,63,51"/><T22/><D113/><U128/><E128/><N who="2" m="49195" /><F114/><W94/><G51/><T119/><D129/><U115/><E134/><V26/><F62/><W93/><G63/><T1/><D119/><U133/><E133/><V69/><F69/><W52/><G52/><T77/><D73/><U110/><E110/><V118/><F124/><W99/><G99/><N who="0" m="37899" /><D105/><U14/><E115/><V126/><F126/><W82/><G93/><T92/><D92/><U67/><E67/><V70/><F70/><W31/><G31/><N who="0" m="17807" /><D1/><U58/><E2/><V47/><F47/><W107/><G107/><T112/><D112/><U33/><E33/><V106/><F106/><W79/><G100/><T83/><D11/><N who="1" m="4455" /><E86/><N who="2" m="52695" /><F5/><W3/><REACH who="3" step="1"/><G30/><REACH who="3" ten="195,241,397,157" step="2"/><N who="0" m="17783" /><D83/><U10/><E60/><V39/><F118/><W56/><G56/><T49/><D65/><U132/><E58/><V85/><F29/><W108/><G108/><T7/><D7/><U72/><E132/><V54/><F28/><W25/><G25/><T43/><D43/><U120/><E41/><V45/><F26/><W16/><G16/><T46/><D46/><U87/><E44/><V117/><F18/><W75/><G75/><T59/><D59/><U35/><E72/><V57/><F17/><W40/><G40/><T0/><D0/><U66/><E68/><V12/><F45/><W8/><G8/><T19/><D19/><U42/><E10/><V109/><F109/><W50/><G50/><AGARI ba="0,1" hai="49,50,76,77,78" m="17783,17807,37899" machi="50" ten="30,5800,0" yaku="8,1,52,2" doraHai="23" who="0" fromWho="3" sc="195,68,241,0,397,0,157,-58" /><INIT seed="4,1,0,1,1,79" ten="263,241,397,99" oya="0" hai0="50,60,133,111,122,87,89,81,94,69,19,130,59" hai1="6,75,43,97,10,85,34,91,117,93,88,110,49" hai2="78,9,65,83,5,128,36,15,118,108,66,64,41" hai3="116,135,80,33,129,84,105,18,2,29,131,51,54"/><T46/><D122/><U4/><E34/><V17/><F108/><W67/><G116/><T101/><D130/><U27/><E75/><V106/><F106/><W92/><G105/><T25/><D111/><U115/><E117/><V74/><F128/><W68/><G2/><T30/><D133/><U119/><E119/><V47/><F118/><W16/><G67/><T0/><D0/><U14/><E27/><V3/><F66/><W96/><G68/><T73/><D69/><U102/><E110/><V42/><F42/><W21/><G33/><T113/><D113/><U1/><E115/><V48/><F48/><W123/><G135/><T98/><D19/><N who="1" m="8663" /><E1/><V125/><F125/><W11/><G11/><AGARI ba="1,0" hai="3,5,9,11,15,17,36,41,47,64,65,74,78,83" machi="11" ten="30,7700,0" yaku="7,1,25,2,52,1" doraHai="79" who="2" fromWho="3" sc="263,0,241,0,397,80,99,-80" /><INIT seed="5,0,0,4,2,77" ten="263,241,477,19" oya="1" hai0="63,94,131,121,115,49,1,91,20,74,33,37,10" hai1="29,36,0,104,35,27,103,127,22,39,14,56,17" hai2="6,126,26,3,118,8,7,19,90,11,116,21,99" hai3="42,109,107,114,40,132,32,55,2,41,119,98,38"/><U134/><E134/><V78/><F78/><W123/><G98/><T18/><D74/><U81/><E127/><V101/><F90/><W113/><G55/><T5/><D37/><U111/><E111/><V73/><F73/><W95/><G95/><T30/><D115/><U53/><E0/><V9/><F126/><W45/><G45/><T133/><D121/><U80/><E39/><V15/><REACH who="2" step="1"/><F11/><REACH who="2" ten="263,241,467,19" step="2"/><W46/><G46/><T24/><D10/><U50/><REACH who="1" step="1"/><E36/><REACH who="1" ten="263,231,467,19" step="2"/><V102/><F102/><W79/><G42/><T64/><D133/><U13/><E13/><V52/><F52/><W67/><G41/><T105/><D1/><U58/><E58/><V135/><F135/><W65/><G40/><T100/><D64/><U88/><E88/><V60/><F60/><W117/><G67/><T82/><D63/><U48/><E48/><V106/><AGARI ba="0,2" hai="3,6,7,8,9,15,19,21,26,99,101,106,116,118" machi="106" ten="20,2700,0" yaku="1,1,0,1,7,1,53,0" doraHai="77" doraHaiUra="51" who="2" fromWho="2" sc="263,-7,231,-13,467,47,19,-7" /><INIT seed="6,0,0,3,1,133" ten="256,218,514,12" oya="2" hai0="13,33,40,46,3,123,19,26,62,21,129,75,102" hai1="4,50,120,100,106,56,125,94,65,70,116,112,128" hai2="43,44,39,127,93,91,98,103,86,2,24,130,59" hai3="105,88,122,58,51,20,31,95,118,8,87,29,110"/><V90/><F2/><W124/><G110/><T81/><D123/><U108/><E4/><V69/><F69/><W27/><G118/><T109/><D3/><U5/><E5/><V80/><F130/><W49/><G122/><T22/><D109/><U32/><E94/><V48/><F39/><W96/><G105/><T114/><D114/><U25/><E56/><V35/><F59/><W104/><G104/><T71/><D129/><U37/><E50/><V9/><F9/><W60/><G124/><T52/><D102/><U41/><E65/><V131/><F131/><W85/><G8/><T28/><D81/><U113/><E41/><V11/><F11/><W121/><G31/><T74/><D33/><U6/><E100/><V38/><F38/><W117/><G117/><T0/><D0/><U10/><E10/><V61/><F127/><W47/><G121/><T23/><D23/><U84/><E6/><V82/><F61/><W67/><REACH who="3" step="1"/><G51/><REACH who="3" ten="256,218,514,2" step="2"/><T92/><D28/><U7/><E125/><V55/><F48/><W73/><G73/><T14/><D74/><U107/><E108/><V126/><F126/><W119/><G119/><T68/><D75/><U135/><E116/><V36/><F36/><W72/><G72/><T83/><D21/><U79/><E120/><V78/><F35/><W53/><AGARI ba="0,1" hai="20,27,29,47,49,53,58,60,67,85,87,88,95,96" machi="53" ten="20,12000,2" yaku="1,1,0,1,7,1,8,1,54,1,53,1" doraHai="133" doraHaiUra="18" who="3" fromWho="3" sc="256,-30,218,-30,514,-60,2,130" /><INIT seed="7,0,0,1,4,29" ten="226,188,454,132" oya="3" hai0="22,133,41,57,132,56,2,71,105,84,54,97,20" hai1="75,6,126,77,43,23,16,124,52,45,114,87,19" hai2="121,102,85,28,113,65,18,40,82,120,64,21,7" hai3="129,78,61,3,125,31,103,104,10,79,27,115,72"/><W107/><G3/><T44/><D71/><U67/><E75/><V108/><F108/><W70/><G10/><T39/><D2/><U134/><E67/><V117/><F28/><W17/><G17/><T89/><D97/><U24/><E6/><V26/><F7/><W81/><G79/><T12/><D105/><N who="3" m="40521" /><G103/><T38/><D38/><U32/><E32/><V63/><F102/><W112/><G125/><N who="1" m="48234" /><E114/><N who="3" m="43562" /><G129/><T101/><D101/><U4/><E4/><V86/><F113/><W9/><G9/><T96/><D96/><U130/><E134/><N who="0" m="51817" /><D12/><U13/><E130/><V128/><F128/><W51/><G51/><N who="0" m="30815" /><D57/><U14/><E19/><V58/><F120/><W110/><G110/><T53/><D53/><U123/><E123/><V68/><F121/><W116/><G116/><T122/><D122/><U109/><E109/><V95/><F117/><W60/><G70/><T98/><D98/><U73/><E73/><V90/><F68/><W25/><G25/><T118/><D118/><U1/><E1/><V94/><F26/><W33/><AGARI ba="0,0" hai="27,31,33,60,61,72,78,81" m="43562,40521" machi="33" ten="30,3000,0" yaku="15,1,52,1" doraHai="29" who="3" fromWho="3" sc="226,-10,188,-10,454,-10,132,30" /><INIT seed="7,1,0,4,0,23" ten="216,178,444,162" oya="3" hai0="4,59,103,46,57,70,62,134,76,67,37,55,7" hai1="115,3,32,106,49,31,61,11,90,133,113,83,33" hai2="96,135,54,36,2,1,110,126,88,27,29,81,108" hai3="116,118,80,107,132,72,98,51,10,43,21,120,127"/><W86/><G120/><T122/><D134/><U56/><E106/><V58/><F36/><W112/><G72/><T97/><D122/><U82/><E49/><V9/><F1/><W66/><G66/><T121/><D76/><U104/><E133/><V38/><F38/><W60/><G132/><T26/><D26/><N who="1" m="18551" /><E33/><V22/><F126/><W13/><G127/><T85/><D85/><U47/><E104/><V105/><F135/><W87/><G60/><T24/><D24/><U39/><E90/><V20/><F20/><W69/><G69/><T92/><D121/><U78/><E78/><V8/><F8/><W102/><G21/><T42/><D59/><U84/><E84/><V50/><F81/><W131/><G87/><T35/><D35/><U129/><E129/><V74/><F74/><W25/><G131/><T40/><D40/><N who="1" m="22943" /><E11/><V91/><F2/><W19/><G25/><T6/><D6/><U0/><E3/><V109/><F9/><W114/><G51/><AGARI ba="1,0" hai="4,7,37,42,46,51,55,57,62,67,70,92,97,103" machi="51" ten="30,3900,0" yaku="7,1,24,2" doraHai="23" who="0" fromWho="3" sc="216,42,178,0,444,0,162,-42" owari="258,6.0,178,-22.0,444,54.0,120,-38.0" /></mjloggm>