<mjloggm ver="2.3"><GO type="169" lobby="0"/><UN n0="%E5%A4%AA%E3%81%8F%E3%81%AA%E3%81%84%E3%81%8A" n1="%E3%81%84%E3%81%9F%E3%83%92%E3%83%AD" n2="%E3%82%A6%E3%83%AB%E3%83%88%E3%83%A9%E7%AB%8B%E7%9B%B4" n3="%E3%83%8A%E3%82%AB%E3%83%9E%E3%82%B9%E3%83%86%E3%82%A3%E3%83%95" dan="19,16,18,16" rate="2272.09,2132.68,2188.01,2126.75" sx="F,M,M,M"/><TAIKYOKU oya="0"/><INIT seed="0,0,0,4,0,76" ten="250,250,250,250" oya="0" hai0="79,37,74,39,107,122,6,134,7,109,48,57,16" hai1="11,121,44,26,78,63,129,12,19,117,25,81,71" hai2="40,128,51,58,88,41,24,100,0,90,110,135,15" hai3="33,105,22,20,115,55,87,131,27,104,28,1,84"/><T34/><D122/><U86/><E121/><V70/><F0/><W77/><G115/><T66/><D34/><U127/><E117/><V49/><F70/><W45/><G1/><T130/><D107/><U133/><E133/><V64/><F135/><W95/><G131/><T97/><D134/><U93/><E129/><V56/><F128/><W21/><G87/><T73/><D130/><U132/><E127/><V103/><F15/><W101/><G101/><N who="2" m="38985" /><F24/><W59/><G45/><T118/><D97/><U65/><E132/><V42/><F110/><W98/><G84/><T108/><D118/><U99/><REACH who="1" step="1"/><E44/><REACH who="1" ten="250,240,250,250" step="2"/><V123/><F123/><W61/><G104/><T14/><D109/><U62/><E62/><V47/><F47/><W67/><G105/><T89/><D108/><U46/><E46/><V17/><F64/><W96/><G61/><T69/><D66/><U126/><E126/><V125/><F125/><W10/><G67/><T9/><D48/><N who="2" m="18506" /><F17/><W52/><G59/><AGARI ba="0,1" hai="40,41,42,56,58,59,88,90" m="18506,38985" machi="59" ten="30,7700,0" yaku="28,2,8,1,54,1" doraHai="76" who="2" fromWho="3" sc="250,0,240,0,250,87,250,-77" /><INIT seed="1,0,0,4,2,84" ten="250,240,337,173" oya="1" hai0="119,83,43,104,110,99,130,54,25,82,70,102,22" hai1="38,11,28,27,24,6,93,120,42,62,29,117,46" hai2="37,39,18,79,10,108,73,48,14,44,5,59,4" hai3="86,92,55,126,16,129,60,47,2,20,113,51,118"/><U49/><E117/><V131/><F108/><W75/><G118/><T77/><D119/><U107/><E107/><V61/><F131/><W63/><G113/><T114/><D114/><U35/><E120/><V74/><F39/><W87/><G129/><T100/><D130/><U71/><E38/><V40/><F37/><W15/><G75/><T32/><D43/><U17/><E17/><V19/><F19/><W95/><G126/><T57/><D70/><U97/><E71/><V98/><F98/><W0/><G0/><T96/><D32/><U12/><E62/><V123/><F123/><W81/><G2/><T21/><D110/><U8/><E11/><V30/><F30/><W115/><G115/><T69/><D69/><U106/><E106/><V13/><F79/><W68/><G68/><T78/><D104/><U88/><E27/><V31/><F31/><W3/><G3/><T67/><D54/><U111/><E29/><V56/><F56/><W23/><G23/><T134/><D57/><U132/><REACH who="1" step="1"/><E111/><REACH who="1" ten="250,230,337,173" step="2"/><V65/><F4/><W101/><G63/><T41/><D25/><U7/><E7/><V58/><F5/><W26/><G60/><T89/><D21/><U45/><E45/><V66/><F61/><W36/><G36/><T124/><D22/><U50/><E50/><V76/><F48/><W33/><G26/><T128/><D128/><U105/><E105/><V80/><F44/><W133/><G47/><T109/><D109/><U72/><E72/><V94/><F73/><W135/><G51/><T90/><D124/><U9/><E9/><V91/><F10/><RYUUKYOKU ba="0,1" sc="250,-10,230,30,337,-10,173,-10" hai1="6,8,12,24,28,35,42,46,49,88,93,97,132" /><INIT seed="1,1,1,5,1,41" ten="240,260,327,163" oya="1" hai0="24,59,32,134,68,9,62,102,117,91,47,97,81" hai1="100,99,130,0,13,77,71,88,39,5,95,87,45" hai2="92,42,34,48,116,40,15,123,17,16,128,115,43" hai3="19,31,125,21,132,126,119,25,64,104,72,89,109"/><U73/><E71/><V82/><F34/><W111/><G72/><T74/><D117/><U27/><E130/><V85/><F116/><W61/><G104/><T124/><D124/><N who="3" m="47721" /><G119/><T44/><D134/><U93/><E0/><V58/><F123/><W10/><G89/><T65/><D9/><U30/><E73/><V90/><F128/><W28/><G132/><T18/><D59/><U57/><E77/><V69/><F69/><W129/><G129/><T80/><D80/><U135/><E135/><V14/><F115/><W79/><G79/><T11/><D11/><U37/><E57/><V83/><F15/><N who="3" m="7671" /><G61/><T86/><D74/><U23/><E13/><V75/><F75/><W52/><G64/><T106/><D18/><N who="2" m="7274" /><F14/><W96/><G96/><T50/><D50/><U51/><REACH who="1" step="1"/><E5/><REACH who="1" ten="240,250,327,163" step="2"/><V120/><F120/><W121/><G121/><T76/><REACH who="0" step="1"/><D76/><REACH who="0" ten="230,250,327,163" step="2"/><U66/><E66/><V101/><F58/><W108/><G52/><AGARI ba="1,3" hai="23,27,30,37,39,45,51,52,87,88,93,95,99,100" machi="52" ten="30,12000,1" yaku="1,1,7,1,52,1,54,2,53,0" doraHai="41" doraHaiUra="29" who="1" fromWho="3" sc="230,0,250,153,327,0,163,-123" /><INIT seed="1,2,0,1,1,88" ten="230,403,327,40" oya="1" hai0="2,117,12,54,125,77,57,87,46,86,72,50,133" hai1="3,58,63,114,131,16,104,37,80,71,6,1,89" hai2="99,27,59,55,49,112,42,108,44,51,70,124,82" hai3="103,84,109,97,110,38,93,134,118,5,65,130,32"/><U61/><E37/><V22/><F70/><W4/><G32/><T53/><D2/><U128/><E104/><V107/><F108/><W47/><G118/><T45/><D117/><U76/><E114/><V101/><F124/><W95/><G130/><N who="1" m="49706" /><E6/><V73/><F112/><W74/><G74/><T7/><D125/><U15/><E71/><V96/><F96/><W17/><G134/><T116/><D116/><U19/><E19/><V75/><REACH who="2" step="1"/><F82/><REACH who="2" ten="230,403,317,40" step="2"/><W113/><G113/><T35/><D133/><U68/><E68/><V91/><F91/><N who="3" m="53479" /><G109/><T81/><D81/><U123/><E123/><V43/><F43/><W92/><G110/><T31/><D77/><U21/><E89/><V85/><F85/><W30/><G38/><T33/><D87/><N who="1" m="48519" /><E63/><V18/><AGARI ba="2,1" hai="18,22,27,42,44,49,51,55,59,73,75,99,101,107" machi="18" ten="20,2700,0" yaku="1,1,0,1,7,1,53,0" doraHai="88" doraHaiUra="122" who="2" fromWho="2" sc="230,-9,403,-15,317,43,40,-9" /><INIT seed="2,0,0,3,0,64" ten="221,388,360,31" oya="2" hai0="2,131,119,29,93,25,52,28,106,125,84,36,127" hai1="130,4,34,116,27,129,90,14,134,128,17,133,86" hai2="33,112,38,111,46,123,120,11,10,69,66,91,58" hai3="104,107,9,54,88,22,50,39,122,132,44,65,74"/><V3/><F91/><W68/><G122/><N who="2" m="46633" /><F11/><W35/><G35/><T56/><D106/><U41/><E41/><N who="2" m="22839" /><F58/><W1/><G74/><T8/><D36/><U40/><E40/><V32/><F112/><W53/><G39/><T48/><D131/><U43/><E43/><V97/><F97/><W42/><G132/><N who="1" m="50794" /><E116/><V12/><F12/><W45/><G22/><T62/><D119/><U51/><E51/><V67/><F67/><W100/><G9/><T72/><D8/><N who="1" m="4359" /><E86/><V109/><F10/><W70/><G1/><T94/><D72/><U57/><E57/><V105/><F3/><W5/><G5/><T60/><D2/><U20/><E90/><V82/><F82/><W63/><G88/><N who="0" m="53383" /><D94/><U73/><E73/><V59/><F59/><W18/><G18/><T85/><D85/><U76/><E76/><V135/><F135/><W101/><G42/><T13/><D13/><U79/><E79/><V0/><F105/><W71/><G104/><T114/><D114/><U47/><E47/><V31/><F0/><W16/><G16/><T15/><D15/><U115/><E115/><V95/><F95/><W117/><G117/><T98/><D98/><U49/><E49/><V118/><F118/><W83/><G107/><T23/><D29/><U30/><E17/><V121/><N who="2" m="46641" /><V26/><DORA hai="7" /><F33/><AGARI ba="0,0" hai="20,27,30,33,34,128,129,130" m="4359,50794" machi="33" ten="40,8000,1" yaku="19,1,20,1,34,2,52,1" doraHai="64,7" who="1" fromWho="2" sc="221,0,388,80,360,-80,31,0" /><INIT seed="3,0,0,3,5,29" ten="221,468,280,31" oya="3" hai0="53,95,135,15,19,1,77,21,59,68,69,87,28" hai1="117,120,34,93,5,41,48,76,31,92,80,111,129" hai2="2,17,116,118,79,25,70,104,11,6,13,107,82" hai3="83,50,26,108,63,7,90,89,58,128,78,61,97"/><W55/><G128/><T122/><D122/><U65/><E120/><V60/><F25/><W127/><G127/><T115/><D1/><U4/><E111/><V102/><F17/><W85/><G108/><T22/><D135/><U46/><E129/><V73/><F13/><W3/><G3/><T125/><D125/><U131/><E131/><V110/><F110/><W100/><G7/><T133/><D133/><U74/><E65/><N who="2" m="41255" /><F102/><W134/><G134/><T119/><D119/><AGARI ba="0,0" hai="2,6,11,73,79,82,104,107,116,118,119" m="41255" machi="119" ten="30,1000,0" yaku="23,1" doraHai="29" who="2" fromWho="0" sc="221,-10,468,0,280,10,31,0" /><INIT seed="4,0,0,2,5,25" ten="211,468,290,31" oya="0" hai0="109,78,2,41,17,35,63,96,88,34,117,82,127" hai1="124,18,6,59,45,71,9,61,135,52,44,16,79" hai2="114,60,23,94,39,20,40,19,8,100,37,85,13" hai3="116,75,126,15,134,120,64,90,31,32,132,104,49"/><T4/><D117/><U10/><E135/><N who="3" m="51754" /><G75/><T7/><D127/><U57/><E71/><V56/><F114/><W5/><G104/><T11/><D109/><U125/><E79/><V128/><F128/><W14/><G64/><T111/><D111/><U76/><E76/><V33/><F33/><W110/><G110/><T112/><D112/><U72/><E72/><V81/><F39/><W55/><G116/><T1/><D17/><U74/><E74/><V83/><F40/><W130/><G130/><T115/><D115/><U47/><E10/><V122/><F37/><W80/><G126/><N who="1" m="48746" /><E59/><V102/><F122/><W101/><G101/><N who="2" m="39017" /><F94/><W62/><G62/><T66/><D41/><U22/><E22/><N who="2" m="8235" /><F85/><N who="3" m="50471" /><G120/><T118/><D118/><U68/><E68/><V43/><F43/><W36/><G36/><T98/><D98/><U48/><E61/><V24/><F24/><N who="3" m="18535" /><G5/><T70/><D7/><U12/><AGARI ba="0,0" hai="6,9,12,16,18,44,45,47,48,52,57" m="48746" machi="12" ten="30,4000,0" yaku="18,1,54,2" doraHai="25" who="1" fromWho="1" sc="211,-20,468,40,290,-10,31,-10" /><INIT seed="5,0,0,0,2,100" ten="191,508,280,21" oya="1" hai0="2,24,1,123,79,46,5,93,103,128,73,52,67" hai1="107,40,129,101,95,9,14,38,32,71,118,122,13" hai2="63,30,37,102,17,66,42,45,119,16,28,72,31" hai3="59,75,12,69,23,41,87,0,126,20,22,21,62"/><U26/><E71/><V51/><F119/><W61/><G75/><T91/><D67/><U117/><E122/><V98/><F72/><W121/><G121/><T114/><D123/><U43/><E129/><V48/><F48/><W108/><G108/><T109/><D109/><U33/><E95/><V134/><F37/><W106/><G106/><T44/><D103/><U76/><E76/><V25/><F25/><W105/><G105/><T92/><D92/><U133/><E101/><V90/><F90/><W19/><G0/><T88/><D91/><U125/><E107/><V39/><F39/><W127/><G41/><T82/><D128/><U8/><E38/><V50/><F50/><W96/><G96/><T74/><D74/><U56/><E56/><N who="2" m="37223" /><F134/><W3/><G3/><T29/><D114/><U84/><E26/><V132/><F132/><W104/><G104/><T60/><D1/><U64/><E64/><V53/><F42/><W86/><G69/><T130/><D130/><U111/><E84/><V7/><F7/><W85/><REACH who="3" step="1"/><G59/><REACH who="3" ten="191,508,280,11" step="2"/><N who="0" m="34919" /><D2/><U18/><E111/><V94/><AGARI ba="0,1" hai="16,17,28,30,31,45,51,53,94,98,102" m="37223" machi="94" ten="30,2000,0" yaku="8,1,54,1" doraHai="100" who="2" fromWho="2" sc="191,-5,508,-10,280,30,11,-5" /><INIT seed="6,0,0,5,0,104" ten="186,498,310,6" oya="2" hai0="135,101,32,111,48,65,36,82,39,15,27,8,76" hai1="119,113,112,109,10,83,129,88,3,72,40,92,94" hai2="55,44,29,102,45,52,106,66,34,12,46,91,13" hai3="78,61,60,77,71,54,59,22,131,86,103,89,42"/><V73/><F66/><W97/><G131/><T118/><D111/><U62/><E109/><V85/><F106/><W117/><G117/><T30/><D118/><U4/><E119/><V64/><F102/><W53/><G42/><T126/><D126/><U116/><E129/><V25/><F64/><W1/><G1/><T96/><D48/><U11/><E116/><V84/><F73/><W51/><G71/><T0/><D65/><U7/><E62/><V14/><REACH who="2" step="1"/><F91/><REACH who="2" ten="186,498,300,6" step="2"/><W93/><G22/><T99/><D101/><U127/><E72/><V18/><F18/><W110/><G110/><T57/><D76/><U28/><E88/><V130/><F130/><W31/><G31/><T133/><D30/><U79/><E28/><V115/><F115/><W120/><G120/><T58/><D135/><U132/><E79/><N who="3" m="30218" /><G54/><AGARI ba="0,1" hai="12,13,14,25,29,34,44,45,46,52,54,55,84,85" machi="54" ten="40,12000,1" yaku="1,1,54,1,53,3" doraHai="104" doraHaiUra="41" who="2" fromWho="3" sc="186,0,498,0,300,130,6,-120" owari="186,-21.0,498,59.0,430,23.0,-114,-61.0" /></mjloggm>