<mjloggm ver="2.3"><GO type="169" lobby="0"/><UN n0="%E7%A8%B2%E4%BD%9C%E3%83%B4%E3%82%A9%E3%83%AB%E3%82%B1%E3%82%A4%E3%83%8E" n1="%E3%83%88%E3%83%88%E3%83%AA%E5%85%88%E7%94%9F%31%39%E6%AD%B3" n2="%E3%81%9D%E3%83%BC%E3%81%B7%E5%BB%B6%E9%95%B7" n3="%E4%B8%80%E9%96%83%E3%81%95%E3%82%93" dan="19,19,16,16" rate="2245.53,2257.32,2105.27,2052.91" sx="M,F,M,M"/><TAIKYOKU oya="0"/><INIT seed="0,0,0,1,0,83" ten="250,250,250,250" oya="0" hai0="74,54,62,117,125,19,121,115,89,25,97,37,103" hai1="15,70,107,21,119,108,28,2,127,100,51,56,44" hai2="34,32,110,57,124,90,52,135,31,122,24,68,17" hai3="23,123,12,48,76,113,87,45,132,86,49,118,79"/><T1/><D115/><U72/><E119/><V120/><F68/><W128/><G118/><T22/><D117/><U106/><E72/><V99/><F110/><W95/><G128/><T91/><D121/><U41/><E70/><V75/><F75/><W53/><G132/><T105/><D1/><U33/><E2/><V64/><F64/><W16/><G113/><T129/><D129/><U81/><E108/><V85/><F135/><W30/><G123/><T46/><D74/><U61/><E127/><V6/><F6/><W5/><G5/><T111/><D111/><U101/><E33/><V58/><F58/><N who="3" m="33063" /><G30/><T66/><D125/><U7/><E106/><V93/><F34/><W65/><G65/><T126/><D126/><U29/><E107/><V13/><F99/><W69/><G69/><T18/><D18/><N who="1" m="10463" /><E7/><V59/><F59/><W11/><G11/><T102/><D102/><N who="1" m="39531" /><E81/><V71/><F71/><W116/><G116/><T78/><D37/><U112/><E112/><V109/><F109/><W131/><G131/><T3/><D3/><U10/><E10/><V50/><REACH who="2" step="1"/><F124/><REACH who="2" ten="250,250,240,250" step="2"/><W80/><G95/><T42/><D105/><U84/><E56/><V104/><F104/><W43/><G80/><T130/><D130/><U47/><E47/><V40/><F40/><W98/><G98/><T82/><D42/><U77/><E44/><V35/><F35/><W55/><G43/><T114/><D114/><U27/><E41/><V14/><F14/><W26/><G12/><T60/><D66/><U134/><E134/><V36/><F36/><W4/><G4/><T20/><D46/><RYUUKYOKU ba="0,1" sc="250,-15,250,-15,240,15,250,15" hai2="13,17,24,31,32,50,52,57,85,90,93,120,122" hai3="16,23,26,45,49,55,76,79,86,87" /><INIT seed="1,1,1,3,5,48" ten="235,235,255,265" oya="1" hai0="10,19,56,13,21,57,83,93,29,100,60,46,81" hai1="7,45,95,121,30,73,114,16,72,40,87,84,69" hai2="59,44,112,63,51,117,27,37,76,66,122,80,32" hai3="61,88,120,17,115,131,96,116,74,68,104,125,89"/><U70/><E114/><V18/><F112/><W129/><G120/><T111/><D111/><U11/><E121/><V0/><F0/><W85/><G74/><T52/><D46/><U3/><E30/><V98/><F37/><W41/><G115/><T33/><D33/><U9/><E72/><V133/><F133/><W78/><G78/><T106/><D106/><U20/><E73/><V28/><F122/><W92/><G41/><T126/><D126/><U132/><E11/><V108/><F108/><W65/><G125/><T101/><D56/><U77/><E132/><V113/><F113/><W5/><G5/><T34/><D34/><U50/><E87/><V49/><F117/><W15/><G116/><T6/><D29/><U35/><E35/><V124/><F124/><W25/><G25/><N who="0" m="14527" /><D93/><U130/><E130/><N who="3" m="49674" /><G104/><T86/><D83/><U82/><REACH who="1" step="1"/><E95/><REACH who="1" ten="235,225,255,265" step="2"/><V127/><F28/><W105/><G105/><T38/><D38/><U67/><E67/><V119/><F66/><W134/><G134/><T43/><D43/><U31/><E31/><V91/><F32/><W94/><G94/><T107/><D107/><U12/><AGARI ba="1,2" hai="3,7,9,12,16,20,40,45,50,69,70,77,82,84" machi="12" ten="20,12000,1" yaku="1,1,0,1,7,1,54,1,53,1" doraHai="48" doraHaiUra="79" who="1" fromWho="1" sc="235,-41,225,143,255,-41,265,-41" /><INIT seed="1,2,0,4,2,27" ten="194,368,214,224" oya="1" hai0="123,102,97,13,25,54,121,74,73,76,109,99,129" hai1="60,39,113,130,41,66,30,77,80,101,28,72,125" hai2="90,100,44,29,12,135,11,111,10,6,133,1,75" hai3="32,38,49,67,83,24,57,63,59,70,56,48,36"/><U53/><E113/><V118/><F118/><W17/><G83/><T107/><D109/><U26/><E130/><V127/><F75/><W84/><G84/><T128/><D13/><U15/><E125/><V58/><F111/><W69/><G17/><T105/><D25/><U81/><E26/><V106/><F127/><W61/><G24/><T86/><D54/><U43/><E101/><V35/><F90/><W8/><G8/><T78/><D86/><U64/><E53/><V19/><F35/><W34/><G34/><T14/><D14/><U46/><E41/><V132/><F44/><W23/><G23/><T82/><D82/><U52/><E15/><V22/><F58/><W37/><G32/><T134/><REACH who="0" step="1"/><D102/><REACH who="0" ten="184,368,214,224" step="2"/><U71/><E64/><AGARI ba="2,1" hai="36,37,38,48,49,56,57,59,61,63,64,67,69,70" machi="64" ten="50,12000,2" yaku="9,1,35,6" doraHai="27" who="3" fromWho="1" sc="184,0,368,-126,214,0,224,136" /><INIT seed="2,0,0,4,4,20" ten="184,242,214,360" oya="2" hai0="4,116,33,128,26,91,38,119,115,131,7,95,103" hai1="102,108,3,56,83,87,28,34,9,50,94,47,127" hai2="82,65,58,104,88,126,76,123,97,42,113,40,112" hai3="41,18,25,79,63,61,98,70,55,5,72,49,80"/><V11/><F123/><W110/><G110/><T117/><D38/><U78/><E108/><V62/><F126/><W45/><G5/><N who="0" m="2123" /><D103/><U89/><E127/><V129/><F129/><N who="0" m="49738" /><D95/><U36/><E36/><V21/><F11/><W59/><G98/><T90/><D115/><U2/><E9/><V120/><F120/><W12/><G70/><T44/><D44/><U135/><E135/><V125/><F125/><W130/><G130/><T111/><D111/><U118/><E56/><V35/><F35/><W22/><REACH who="3" step="1"/><G12/><REACH who="3" ten="184,242,214,350" step="2"/><T124/><D124/><U27/><E118/><V6/><F6/><W107/><G107/><T109/><D109/><U105/><E105/><V19/><F112/><W39/><AGARI ba="0,1" hai="18,22,25,39,41,45,49,55,59,61,63,72,79,80" machi="39" ten="20,8000,1" yaku="1,1,0,1,7,1,52,1,53,1" doraHai="20" doraHaiUra="71" who="3" fromWho="3" sc="184,-20,242,-20,214,-40,350,90" /><INIT seed="3,0,0,1,2,85" ten="164,222,174,440" oya="3" hai0="72,76,41,37,110,99,89,132,109,106,43,50,40" hai1="31,117,34,130,129,56,116,36,78,113,118,94,0" hai2="5,23,63,65,30,64,125,47,14,111,33,55,29" hai3="88,121,18,101,108,112,21,68,104,38,11,35,1"/><W25/><G38/><T75/><D37/><U79/><E113/><V15/><F33/><W66/><G112/><T8/><D132/><U53/><E36/><V91/><F111/><N who="0" m="42506" /><D8/><U77/><E0/><V103/><F103/><W134/><G108/><T93/><D106/><U123/><E123/><V17/><F125/><W52/><G121/><T96/><D50/><U86/><E31/><V57/><F47/><W71/><G134/><T54/><D54/><U39/><E34/><V28/><F5/><W32/><G101/><T24/><D24/><U44/><E44/><V70/><F70/><W114/><G104/><T82/><D99/><U74/><E74/><AGARI ba="0,0" hai="40,41,43,72,74,75,76,82,89,93,96" m="42506" machi="74" ten="30,2000,0" yaku="14,1,52,1" doraHai="85" who="0" fromWho="1" sc="164,20,222,-20,174,0,440,0" /><INIT seed="4,0,0,1,0,121" ten="184,202,174,440" oya="0" hai0="19,16,21,37,72,113,0,50,103,85,1,39,49" hai1="80,38,53,117,57,124,66,96,71,133,27,123,29" hai2="82,74,76,79,43,17,94,111,78,4,61,104,105" hai3="47,125,44,70,62,91,87,36,63,86,114,32,52"/><T31/><D72/><U23/><E123/><V67/><F4/><W132/><G32/><T33/><D103/><U7/><E117/><V15/><F43/><W84/><G114/><T30/><D33/><U10/><E133/><V89/><F79/><W58/><G132/><T64/><D64/><U97/><E124/><V98/><F78/><W42/><G125/><T131/><D85/><U130/><E38/><V46/><F46/><W40/><G70/><T110/><D21/><U11/><E130/><V112/><F112/><W99/><G63/><T34/><D34/><U9/><E7/><V56/><REACH who="2" step="1"/><F111/><REACH who="2" ten="184,202,164,440" step="2"/><W108/><G108/><T54/><D113/><U8/><E71/><V55/><F55/><W65/><G65/><T14/><D110/><U126/><E66/><V73/><F73/><W102/><G44/><T77/><D77/><U107/><E126/><V59/><F59/><W115/><G42/><T51/><D54/><U75/><E75/><V5/><F5/><W20/><G115/><T118/><D131/><U28/><E57/><V25/><F25/><W134/><G134/><T24/><D24/><U90/><E53/><V26/><F26/><W127/><G127/><T129/><D129/><U48/><E27/><V35/><F35/><W95/><G47/><T2/><D118/><U88/><E28/><N who="0" m="10793" /><D14/><U120/><E29/><V69/><F69/><W100/><G40/><T12/><D12/><U60/><E120/><V83/><F83/><W135/><G135/><T81/><D81/><U101/><N who="1" m="2048" /><DORA hai="6" /><U122/><E80/><V109/><F109/><W18/><G52/><RYUUKYOKU ba="0,1" sc="184,15,202,-15,164,15,440,-15" hai0="0,1,2,16,19,37,39,49,50,51" hai2="15,17,56,61,67,74,76,82,89,94,98,104,105" /><INIT seed="4,1,1,2,0,50" ten="199,187,179,425" oya="0" hai0="48,27,31,18,100,83,33,125,113,95,133,62,79" hai1="69,65,87,93,30,38,53,2,105,131,7,42,1" hai2="84,10,19,57,107,130,64,117,128,37,4,116,98" hai3="26,80,78,109,3,108,99,120,118,16,110,112,68"/><T82/><D113/><U91/><E105/><V114/><F37/><W81/><G3/><T15/><D133/><U32/><E131/><N who="2" m="50219" /><F114/><W23/><G68/><T106/><D125/><U134/><E134/><V66/><F19/><W17/><G112/><T41/><D95/><U47/><E7/><V67/><F84/><W9/><G118/><N who="2" m="45673" /><F98/><W46/><G99/><T28/><D28/><U8/><E8/><V49/><F107/><W74/><G9/><T89/><D106/><U0/><E32/><V44/><F10/><W76/><G17/><T132/><D132/><U73/><E73/><V25/><F25/><W127/><G74/><T70/><D100/><U56/><E30/><V58/><F4/><W124/><G124/><T103/><D103/><U11/><E11/><V72/><F72/><W36/><G127/><T60/><D18/><U22/><E22/><V12/><F12/><W135/><G135/><T14/><D15/><U102/><E102/><V77/><F77/><W45/><G36/><T115/><D14/><U35/><E35/><V40/><AGARI ba="1,1" hai="40,44,49,57,58,64,66,67" m="45673,50219" machi="40" ten="40,8000,1" yaku="19,1,12,1,34,2" doraHai="50" who="2" fromWho="2" sc="199,-41,187,-21,179,93,425,-21" /><INIT seed="5,0,0,5,4,85" ten="158,166,272,404" oya="1" hai0="82,132,130,60,28,9,43,26,100,52,4,119,45" hai1="1,64,24,103,127,32,96,118,59,131,42,126,75" hai2="21,101,49,123,41,65,83,37,68,91,73,77,72" hai3="39,22,71,129,97,124,61,121,107,18,122,89,66"/><U3/><E118/><V50/><F73/><W14/><G39/><T54/><D119/><U112/><E75/><V15/><F123/><W46/><G124/><N who="1" m="47658" /><E112/><V11/><F101/><W36/><G129/><T87/><D130/><U106/><E131/><V53/><F37/><W47/><G47/><T31/><D132/><U117/><E117/><V17/><F41/><W120/><G36/><T29/><D26/><U135/><E42/><V76/><F76/><W35/><G46/><T8/><D100/><U104/><E135/><V102/><F102/><W7/><G7/><T95/><D95/><N who="1" m="58783" /><E64/><V56/><F65/><W92/><G66/><T113/><D113/><U2/><E59/><V67/><F67/><W134/><G134/><T12/><D60/><U70/><E70/><V13/><F68/><W79/><G71/><T90/><REACH who="0" step="1"/><D8/><REACH who="0" ten="148,166,272,404" step="2"/><U69/><E69/><V128/><F128/><W78/><G61/><T51/><AGARI ba="0,1" hai="4,9,12,28,29,31,43,45,51,52,54,82,87,90" machi="51" ten="30,12000,2" yaku="1,1,2,1,0,1,8,1,52,1,54,1,53,0" doraHai="85" doraHaiUra="16" who="0" fromWho="0" sc="148,130,166,-60,272,-30,404,-30" /><INIT seed="6,0,0,1,2,26" ten="278,106,242,374" oya="2" hai0="104,89,128,60,39,18,109,126,44,48,10,63,43" hai1="1,42,6,8,78,132,59,21,112,16,102,69,14" hai2="106,55,52,76,84,22,90,65,77,123,46,99,25" hai3="98,36,47,20,23,117,134,108,64,30,17,71,15"/><V95/><F123/><W7/><G108/><T51/><D104/><U34/><E69/><V96/><F65/><W45/><G117/><T41/><D109/><U54/><E112/><V124/><F124/><W57/><G71/><T37/><D126/><U56/><E132/><V133/><F133/><W82/><G36/><T68/><D128/><U73/><E102/><V107/><F107/><W3/><G3/><T101/><D101/><U115/><E115/><V11/><F11/><W66/><G7/><T49/><D89/><U2/><E2/><V105/><F105/><W75/><G134/><T13/><D68/><U33/><E33/><V4/><F4/><W114/><G114/><T120/><D120/><U35/><E35/><V74/><F74/><W29/><G98/><N who="2" m="37417" /><F106/><W86/><G75/><T40/><D40/><U9/><E9/><V53/><F46/><AGARI ba="0,0" hai="10,13,18,37,39,41,43,44,46,48,49,51,60,63" machi="46" ten="40,1300,0" yaku="9,1" doraHai="26" who="0" fromWho="2" sc="278,13,106,0,242,-13,374,0" /><INIT seed="7,0,0,0,0,51" ten="291,106,229,374" oya="3" hai0="54,34,85,113,28,9,119,71,98,17,100,57,67" hai1="18,120,101,55,5,26,21,80,42,36,134,102,83" hai2="63,30,87,43,126,3,132,84,62,110,90,44,79" hai3="24,70,72,82,58,60,22,10,96,125,12,56,53"/><W40/><G70/><T99/><D119/><U118/><E134/><V89/><F3/><W91/><G125/><T49/><D113/><U122/><E21/><V16/><F126/><W94/><G40/><T61/><D99/><U31/><E42/><V7/><F7/><W73/><G82/><T19/><D9/><U116/><E5/><V77/><F110/><W103/><G58/><T2/><D85/><U13/><E13/><V47/><F132/><W81/><G81/><T59/><D2/><U35/><E26/><V1/><F1/><W37/><G37/><T25/><REACH who="0" step="1"/><D59/><REACH who="0" ten="281,106,229,374" step="2"/><U27/><E27/><V32/><F32/><W50/><G73/><T74/><D74/><U117/><E36/><V8/><F8/><W121/><G72/><T76/><D76/><U46/><E35/><V29/><F43/><W86/><G86/><T68/><D68/><U114/><E114/><V66/><F66/><W11/><G11/><T75/><D75/><U111/><E111/><V108/><F108/><W14/><G10/><T109/><D109/><U130/><E130/><V131/><F131/><W15/><G121/><T20/><D20/><U33/><E33/><V135/><F135/><W105/><G22/><T41/><D41/><U39/><E39/><V97/><F97/><W112/><G112/><T65/><D65/><U104/><E104/><AGARI ba="0,1" hai="17,19,25,28,34,49,54,57,61,67,71,98,100,104" machi="104" ten="30,12000,2" yaku="1,1,7,1,25,2,52,1,53,1" doraHai="51" doraHaiUra="64" who="0" fromWho="1" sc="281,130,106,-120,229,0,374,0" owari="411,51.0,-14,-51.0,229,-17.0,374,17.0" /></mjloggm>