<mjloggm ver="2.3"><GO type="97" lobby="0"/><UN n0="%E7%9F%A2%E7%94%B0%E4%BA%9C%E5%B8%8C%E5%AD%90" n1="%64%65%73%75%79%6F%7E" n2="%6B%6C%65%69%62%65%72" n3="%E5%B0%B1%E6%B4%BB%E7%94%9F%40%E5%B7%9D%E6%9D%91%E8%BB%8D%E5%9B%A3" dan="13,15,14,16" rate="1841.07,1942.14,1898.56,2102.07" sx="F,M,M,M"/><TAIKYOKU oya="0"/><INIT seed="0,0,0,4,2,85" ten="250,250,250,250" oya="0" hai0="129,18,64,32,48,19,97,132,98,75,62,66,106" hai1="83,33,40,94,46,105,5,22,88,25,0,90,36" hai2="126,92,39,123,102,73,7,116,55,53,42,47,9" hai3="134,50,68,78,110,113,35,31,24,26,63,12,100"/><T44/><D75/><U81/><E105/><V95/><F126/><W3/><G3/><T82/><D32/><U60/><E33/><V23/><F123/><W93/><G113/><T99/><D132/><U52/><E0/><V57/><F116/><W13/><G134/><T114/><D114/><U118/><E5/><V29/><F73/><W91/><G100/><T128/><D106/><U127/><E127/><V107/><F107/><W96/><G110/><T30/><D30/><U79/><E118/><V17/><F29/><W16/><G78/><T38/><D38/><U135/><E135/><V11/><F11/><W43/><G68/><T125/><D125/><U41/><E36/><V65/><F65/><W124/><G124/><T58/><D82/><N who="1" m="31243" /><E90/><V120/><F120/><W21/><REACH who="3" step="1"/><G63/><REACH who="3" ten="250,250,250,240" step="2"/><T130/><REACH who="0" step="1"/><D66/><REACH who="0" ten="240,250,250,240" step="2"/><U45/><E79/><V101/><F101/><W51/><G51/><T103/><D103/><U61/><E61/><V27/><F102/><W49/><G49/><T56/><D56/><N who="1" m="34823" /><E40/><AGARI ba="0,2" hai="18,19,40,44,48,58,62,64,97,98,99,128,129,130" machi="40" ten="50,4800,0" yaku="1,1,19,1,53,0" doraHai="85" doraHaiUra="121" who="0" fromWho="1" sc="240,68,250,-48,250,0,240,0" /><INIT seed="0,1,0,3,4,64" ten="308,202,250,240" oya="0" hai0="91,66,93,16,15,17,83,22,104,115,78,41,134" hai1="37,36,80,12,9,4,53,71,3,49,1,47,105" hai2="99,69,43,98,81,70,103,89,87,82,85,57,123" hai3="74,32,110,67,58,65,45,79,23,92,128,114,60"/><T11/><D115/><U108/><E105/><V117/><F117/><W39/><G32/><T68/><D104/><U51/><E108/><V42/><F123/><W126/><G74/><T75/><D134/><U19/><E80/><V35/><F35/><W86/><G114/><T130/><D130/><U76/><E76/><V109/><F109/><W50/><G128/><T96/><D41/><U94/><E94/><V118/><F118/><W131/><G110/><T5/><REACH who="0" step="1"/><D22/><REACH who="0" ten="298,202,250,240" step="2"/><U0/><E37/><V84/><F84/><W21/><G131/><T28/><D28/><U52/><E36/><V112/><F112/><W54/><G23/><T133/><D133/><U40/><E40/><V30/><F30/><W29/><G21/><T24/><D24/><U95/><E95/><V18/><F42/><W121/><G29/><T127/><D127/><U119/><E119/><V107/><F43/><W63/><G126/><T56/><D56/><U6/><REACH who="1" step="1"/><E71/><REACH who="1" ten="298,192,250,240" step="2"/><V62/><F70/><W124/><G124/><T102/><D102/><U2/><N who="1" m="512" /><DORA hai="129" /><U122/><E122/><V77/><F69/><W111/><G111/><T97/><D97/><U25/><E25/><V72/><F99/><W13/><G121/><T20/><D20/><U31/><E31/><V61/><F98/><W33/><G33/><T59/><D59/><AGARI ba="1,2" hai="4,6,9,12,19,47,49,51,52,53,59" m="512" machi="59" ten="70,4500,0" yaku="1,1,54,1,53,0" doraHai="64,129" doraHaiUra="101,106" who="1" fromWho="0" sc="298,-48,192,68,250,0,240,0" /><INIT seed="1,0,0,4,0,103" ten="250,260,250,240" oya="1" hai0="126,13,82,106,95,104,69,73,48,129,54,38,6" hai1="119,56,84,47,18,10,117,93,70,66,131,58,118" hai2="108,14,94,72,59,41,79,24,114,15,53,113,135" hai3="123,31,5,61,98,107,40,132,60,80,28,121,4"/><U88/><E131/><V64/><F108/><W100/><G132/><T91/><D129/><U21/><E47/><V122/><F135/><W99/><G80/><T116/><D116/><U37/><E37/><V134/><F122/><W67/><G40/><T65/><D126/><U86/><E10/><V71/><F134/><W109/><G109/><T23/><D38/><U78/><E78/><V101/><F41/><W128/><G128/><T68/><D73/><U115/><E115/><N who="2" m="44043" /><F71/><W92/><G92/><T111/><D111/><U125/><E125/><V83/><F64/><W1/><G100/><T29/><D82/><U32/><E32/><V63/><F24/><W39/><G39/><T51/><D68/><U16/><E18/><V44/><F44/><W110/><G110/><T0/><D0/><U26/><REACH who="1" step="1"/><E84/><REACH who="1" ten="250,250,250,240" step="2"/><V27/><F27/><W22/><G22/><T9/><D29/><U36/><E36/><V75/><F75/><W89/><G1/><T46/><D23/><U85/><E85/><V45/><F45/><W130/><G130/><T105/><D46/><U42/><E42/><V3/><F3/><W17/><G17/><T102/><D102/><U96/><E96/><AGARI ba="0,1" hai="14,15,53,59,63,72,79,83,94,96,101" m="44043" machi="96" ten="30,1000,0" yaku="11,1" doraHai="103" who="2" fromWho="1" sc="250,0,250,-10,250,20,240,0" /><INIT seed="2,0,0,0,4,94" ten="250,240,270,240" oya="2" hai0="58,90,116,13,17,135,97,95,63,29,2,32,9" hai1="53,61,123,119,131,133,109,99,85,106,98,43,75" hai2="108,88,96,125,80,114,104,22,86,16,66,69,78" hai3="110,73,15,52,36,76,105,42,33,12,18,67,0"/><V20/><F114/><W46/><G0/><T1/><D135/><U7/><E119/><V44/><F125/><W87/><G73/><T62/><D116/><U130/><E75/><V113/><F113/><W4/><G105/><T102/><D90/><U71/><E133/><V47/><F108/><W118/><G33/><T19/><D19/><U30/><E109/><V111/><F111/><W24/><G110/><T129/><D129/><N who="1" m="49163" /><E7/><V10/><F10/><W27/><G67/><T57/><D57/><N who="1" m="34991" /><E71/><V120/><F120/><W128/><G128/><T56/><D56/><U101/><E123/><V81/><F81/><W117/><G4/><T11/><D11/><U21/><E43/><V40/><F69/><W115/><G115/><T59/><D59/><U79/><E79/><V49/><F66/><W8/><G15/><T48/><D48/><U25/><E85/><V65/><F65/><W132/><G132/><T77/><D77/><U100/><E106/><V74/><F22/><W51/><G117/><T107/><D107/><U6/><E6/><V39/><F39/><W60/><G118/><T23/><D32/><U70/><E70/><V34/><F34/><W121/><G121/><T72/><D72/><U92/><E92/><V122/><F122/><W124/><G124/><T89/><D89/><U3/><E3/><V14/><F49/><W35/><G35/><T55/><D63/><U84/><E84/><V64/><F64/><W103/><G60/><T31/><D31/><U45/><E45/><V38/><F38/><W5/><G5/><T50/><D62/><U83/><E83/><RYUUKYOKU ba="0,0" sc="250,15,240,15,270,-15,240,-15" hai0="1,2,9,13,17,23,29,50,55,58,95,97,102" hai1="21,25,30,98,99,100,101" /><INIT seed="3,1,0,0,1,129" ten="265,255,255,225" oya="3" hai0="115,98,2,96,8,55,109,60,122,117,7,70,52" hai1="108,54,125,20,132,83,127,94,23,101,90,35,18" hai2="120,64,118,17,106,41,3,69,57,47,61,13,50" hai3="95,82,63,104,123,14,19,89,40,128,81,75,5"/><W91/><G123/><T88/><D122/><U48/><E35/><V44/><F120/><W119/><G119/><T26/><D117/><U87/><E108/><V29/><F118/><W24/><G104/><T84/><D109/><U103/><E132/><V12/><F106/><W0/><G128/><T126/><D115/><U113/><E113/><V80/><F3/><W78/><G0/><T39/><D126/><N who="1" m="48139" /><E83/><V34/><F34/><W16/><G40/><T105/><D39/><U73/><E73/><V102/><F102/><N who="1" m="38921" /><E18/><V76/><F29/><W62/><G82/><T51/><D26/><U37/><E37/><V11/><F69/><W133/><G133/><T130/><D130/><U67/><E67/><V86/><F47/><AGARI ba="1,0" hai="20,23,47,48,54,87,90,94" m="38921,48139" machi="47" ten="30,1000,0" yaku="18,1" doraHai="129" who="1" fromWho="2" sc="265,0,255,13,255,-13,225,0" /><INIT seed="4,0,0,5,3,43" ten="265,268,242,225" oya="0" hai0="33,117,115,47,104,31,24,14,82,25,93,131,67" hai1="90,50,61,45,71,102,129,76,116,56,99,85,58" hai2="48,79,44,101,118,106,98,35,59,126,132,12,123" hai3="77,134,133,69,135,37,20,65,127,3,107,6,108"/><T54/><D117/><U2/><E2/><V100/><F123/><W22/><G107/><T84/><D104/><U53/><E116/><V10/><F118/><W34/><G34/><T21/><D67/><U111/><E129/><V89/><F132/><W72/><G108/><T87/><D131/><U11/><E111/><V38/><F126/><W17/><G127/><T73/><D115/><U66/><E11/><V121/><F121/><W15/><G37/><T68/><D68/><U19/><E19/><V112/><F112/><W18/><G77/><T16/><D73/><U5/><E5/><V32/><F38/><W81/><G81/><T46/><D93/><U55/><E76/><V36/><F36/><W1/><G72/><T13/><D54/><U0/><E0/><N who="3" m="74" /><G65/><T128/><D128/><U122/><E55/><V63/><F79/><W103/><G103/><T60/><D60/><U40/><E40/><V109/><F109/><W83/><G83/><T29/><D29/><U94/><REACH who="1" step="1"/><E122/><REACH who="1" ten="265,258,242,225" step="2"/><V70/><F35/><W26/><G69/><T120/><D120/><U51/><E51/><V91/><F32/><W92/><G92/><AGARI ba="0,1" hai="45,50,53,56,58,61,66,71,85,90,92,94,99,102" machi="92" ten="30,3900,0" yaku="1,1,7,1,52,1,53,0" doraHai="43" doraHaiUra="75" who="1" fromWho="3" sc="265,0,258,49,242,0,225,-39" owari="265,7.0,307,40.0,242,-16.0,186,-31.0" /></mjloggm>