<mjloggm ver="2.3"><GO type="169" lobby="0"/><UN n0="%E5%B0%B1%E6%B4%BB%E7%94%9F%40%E5%B7%9D%E6%9D%91%E8%BB%8D%E5%9B%A3" n1="%E2%91%A3%E3%82%BB%E3%83%B3%E3%83%81" n2="%70%69%2D%70%6F" n3="%E7%84%A1%E8%8A%B1%E6%9E%9C" dan="18,18,18,16" rate="2284.41,2167.09,2163.21,2066.00" sx="M,M,M,F"/><TAIKYOKU oya="0"/><INIT seed="0,0,0,0,4,37" ten="250,250,250,250" oya="0" hai0="124,119,117,133,118,98,32,36,26,18,112,88,47" hai1="93,6,9,120,7,111,75,72,66,45,99,10,8" hai2="19,84,125,59,27,24,71,60,51,69,52,123,54" hai3="64,109,30,11,29,23,92,80,94,85,0,70,128"/><T110/><D112/><U83/><E120/><V43/><F123/><W55/><G70/><T12/><D124/><U108/><E66/><V114/><F125/><W73/><G64/><T127/><D127/><U50/><E6/><V134/><F114/><W97/><G128/><T62/><D133/><U105/><E105/><V35/><F134/><W67/><G67/><T106/><D62/><U104/><E104/><V135/><F135/><W65/><G65/><T87/><D110/><N who="1" m="42027" /><E7/><V49/><F35/><W129/><G129/><T1/><D1/><U115/><E115/><V132/><F132/><W77/><G0/><T130/><D130/><U103/><E83/><V46/><F69/><W31/><G11/><N who="1" m="2818" /><U126/><DORA hai="101" /><E126/><V53/><F71/><W89/><G109/><T63/><D63/><U13/><E13/><V57/><F19/><W40/><G55/><AGARI ba="0,0" hai="45,50,55,72,75,93,99,103" m="2818,42027" machi="55" ten="40,1300,0" yaku="14,1" doraHai="37,101" who="1" fromWho="3" sc="250,0,250,13,250,0,250,-13" /><INIT seed="1,0,0,2,4,96" ten="250,263,250,237" oya="1" hai0="52,47,87,61,130,8,89,41,131,98,38,133,15" hai1="10,25,17,51,37,122,40,104,34,20,103,19,57" hai2="74,109,14,44,101,120,119,113,116,13,94,39,55" hai3="31,12,105,63,115,92,125,27,71,16,42,18,84"/><U128/><E122/><V110/><F120/><W68/><G115/><T23/><D133/><U77/><E34/><V124/><F74/><W22/><G105/><T60/><D23/><U111/><E77/><V79/><F79/><W127/><G42/><T24/><D24/><U4/><E37/><V107/><F107/><W90/><G63/><T5/><D98/><U123/><E123/><V117/><F113/><W0/><G0/><T3/><D3/><U75/><E75/><V114/><F114/><W28/><G18/><T43/><D41/><U88/><E128/><N who="0" m="49193" /><D52/><U118/><E25/><V132/><F132/><W11/><REACH who="3" step="1"/><G31/><REACH who="3" ten="250,263,250,227" step="2"/><T2/><D2/><U95/><E40/><N who="2" m="22559" /><F117/><W54/><G54/><T83/><AGARI ba="0,1" hai="5,8,15,38,43,47,60,61,83,87,89" m="49193" machi="83" ten="30,1100,0" yaku="19,1" doraHai="96" who="0" fromWho="0" sc="250,21,263,-5,250,-3,227,-3" /><INIT seed="2,0,0,0,5,112" ten="271,258,247,224" oya="2" hai0="15,44,54,37,4,3,48,13,105,122,28,110,107" hai1="56,125,39,17,9,36,7,0,132,78,124,77,116" hai2="19,108,81,58,21,51,33,31,109,64,14,68,18" hai3="119,47,63,69,5,75,123,60,41,131,94,100,32"/><V50/><F68/><W71/><G75/><T2/><D122/><U121/><E121/><V83/><F33/><W79/><G123/><T52/><D37/><N who="1" m="14411" /><E132/><V93/><F31/><W86/><G32/><T114/><D114/><U55/><E17/><V8/><F93/><W101/><G131/><T128/><D128/><U98/><E98/><V106/><F106/><W76/><G5/><T27/><D110/><N who="2" m="42602" /><F64/><W20/><G20/><T118/><D27/><U113/><E113/><V99/><F99/><W73/><G73/><T88/><D4/><U92/><E92/><V80/><F58/><W49/><G71/><T35/><D35/><U97/><E97/><V82/><N who="2" m="20480" /><DORA hai="115" /><V43/><F43/><W23/><G69/><T1/><D28/><U6/><E6/><V53/><F53/><W40/><G94/><T90/><D54/><U16/><E16/><V126/><F126/><W127/><G127/><N who="1" m="48714" /><E78/><V11/><F11/><W129/><G129/><T22/><D107/><U133/><E77/><V117/><F117/><W59/><G119/><T111/><D118/><U46/><E116/><V95/><F95/><W57/><G76/><T25/><D105/><U91/><E133/><V12/><AGARI ba="0,0" hai="8,12,14,18,19,21,50,51" m="20480,42602" machi="12" ten="50,4800,0" yaku="14,1,10,1" doraHai="112,115" who="2" fromWho="2" sc="271,-16,258,-16,247,48,224,-16" /><INIT seed="2,1,0,0,1,100" ten="255,242,295,208" oya="2" hai0="42,76,114,85,79,105,66,130,133,106,104,10,50" hai1="93,65,80,118,53,109,35,25,115,28,46,39,0" hai2="23,7,30,69,116,14,110,119,90,11,15,131,96" hai3="21,16,111,74,97,41,38,77,51,45,22,4,56"/><V48/><F131/><W19/><G111/><T102/><D114/><U24/><E115/><V135/><F69/><W128/><G128/><T13/><D130/><U37/><E118/><V134/><F110/><W62/><G4/><N who="0" m="3271" /><D76/><U107/><E109/><V95/><F48/><W99/><G38/><T70/><D66/><U89/><E0/><V117/><REACH who="2" step="1"/><F15/><REACH who="2" ten="255,242,285,208" step="2"/><N who="3" m="9375" /><G74/><T71/><D133/><U58/><E39/><V98/><F98/><W8/><G97/><T40/><D40/><U52/><E37/><V108/><F108/><W68/><G68/><T91/><D91/><U129/><E129/><V59/><F59/><W3/><G99/><T60/><D102/><U87/><E58/><V57/><F57/><W12/><G3/><T67/><D60/><U84/><E46/><V94/><F94/><W81/><G81/><N who="0" m="47295" /><D67/><U2/><E65/><V101/><F101/><W73/><G73/><T64/><D64/><U120/><E93/><V123/><F123/><W55/><G77/><T6/><D6/><U5/><E120/><V127/><F127/><W9/><AGARI ba="1,1" hai="8,9,12,19,22,41,45,51,55,56,62" m="9375" machi="9" ten="30,2000,0" yaku="8,1,54,1" doraHai="100" who="3" fromWho="3" sc="255,-6,242,-6,285,-11,208,33" /><INIT seed="3,0,0,3,0,117" ten="249,236,274,241" oya="3" hai0="110,77,102,100,49,83,108,87,101,106,114,46,5" hai1="3,37,88,118,32,126,66,29,92,64,53,58,60" hai2="122,84,109,19,78,44,31,131,111,71,33,8,95" hai3="17,98,2,20,12,81,23,107,123,40,67,75,11"/><W4/><G67/><T134/><D5/><U79/><E118/><V76/><F71/><W113/><G113/><T18/><D18/><U22/><E126/><V6/><F131/><W103/><G23/><T0/><D0/><U121/><E3/><V24/><F44/><W73/><G40/><T99/><D114/><U82/><E32/><V1/><F122/><W97/><G123/><T90/><D49/><U39/><E121/><V72/><F19/><W16/><G17/><T13/><D46/><U105/><E105/><V74/><F95/><W38/><G38/><T104/><D13/><U41/><E41/><V135/><F84/><W47/><G47/><T7/><D7/><U133/><E133/><V69/><F69/><W10/><G81/><T89/><D134/><U51/><E66/><V59/><F59/><W52/><G11/><T50/><D50/><U35/><E35/><V28/><F28/><W70/><G70/><T132/><D132/><U43/><E43/><V56/><F56/><W96/><REACH who="3" step="1"/><G52/><REACH who="3" ten="249,236,274,231" step="2"/><T85/><D110/><N who="2" m="41994" /><F135/><W80/><BYE who="1" /><G80/><N who="0" m="49383" /><D108/><UN n1="%E2%91%A3%E3%82%BB%E3%83%B3%E3%83%81" /><U68/><E22/><V9/><F8/><W48/><G48/><T125/><D125/><U115/><E115/><V116/><F116/><W26/><G26/><T127/><D127/><U130/><E39/><V94/><F9/><W57/><G57/><T27/><D27/><U65/><E37/><V54/><F54/><W63/><G63/><T15/><D15/><U55/><E55/><V61/><F61/><W93/><G93/><AGARI ba="0,1" hai="77,83,85,90,93,99,100,101,102,104,106" m="49383" machi="93" ten="30,8000,1" yaku="35,5" doraHai="117" who="0" fromWho="3" sc="249,90,236,0,274,0,231,-80" /><INIT seed="4,0,0,5,2,66" ten="339,236,274,151" oya="0" hai0="77,1,68,105,22,54,99,94,39,38,117,30,9" hai1="2,46,28,79,69,65,18,50,6,90,126,127,129" hai2="19,106,10,37,91,135,78,41,24,11,48,130,33" hai3="133,14,12,86,109,3,112,123,17,60,102,80,58"/><T29/><D117/><U128/><E28/><V122/><F91/><W96/><G109/><T5/><D105/><U84/><E79/><V57/><F48/><W92/><G3/><T89/><D77/><U98/><E98/><V25/><F57/><W31/><G133/><T116/><D116/><U114/><E18/><V124/><F78/><W82/><G112/><T0/><D0/><U115/><E6/><V62/><F62/><W83/><G123/><T45/><D68/><U72/><E72/><V20/><F106/><W36/><G36/><T120/><D120/><U43/><E2/><V15/><F41/><W125/><G125/><N who="1" m="47626" /><E84/><V27/><F37/><W85/><G31/><T103/><D103/><U75/><E90/><V121/><F124/><W34/><G34/><T8/><D8/><N who="2" m="3114" /><F135/><W32/><G32/><T63/><D29/><U21/><E21/><N who="2" m="11519" /><F33/><W76/><G17/><T93/><D93/><U118/><E75/><V52/><F52/><N who="3" m="33863" /><G83/><T101/><D101/><U4/><E4/><V110/><F122/><W134/><G134/><T132/><D132/><U108/><E108/><V23/><F110/><W64/><G64/><T7/><D5/><U47/><E47/><V107/><F107/><W55/><G55/><T111/><D45/><U35/><E35/><V100/><F121/><W95/><G82/><T87/><D111/><U13/><E13/><V119/><F100/><W131/><G131/><N who="1" m="50250" /><E118/><V26/><F130/><W56/><G56/><N who="0" m="35223" /><D99/><U53/><E53/><V70/><F119/><W51/><G51/><T104/><D104/><U49/><E49/><V73/><F73/><RYUUKYOKU ba="0,0" sc="339,10,236,10,274,-30,151,10" hai0="1,7,9,22,30,38,39,87,89,94" hai1="43,46,50,65,69,114,115" hai3="12,14,76,80,85,86,92,95,96,102" /><INIT seed="4,1,0,0,3,128" ten="349,246,244,161" oya="0" hai0="41,42,40,127,91,90,84,31,66,79,105,49,38" hai1="101,125,37,63,72,98,3,78,59,82,108,70,62" hai2="103,9,124,13,23,115,50,134,18,53,135,35,54" hai3="114,55,58,131,0,106,123,4,122,87,75,121,60"/><T65/><D38/><U109/><E3/><V2/><F115/><W94/><G106/><T112/><D105/><U96/><E125/><V86/><F124/><W88/><G75/><T25/><D127/><U77/><E37/><V74/><F74/><W119/><G114/><T71/><D112/><U11/><E11/><V126/><F126/><W132/><G119/><T1/><D1/><U120/><E120/><V43/><F103/><W6/><G0/><T133/><D71/><U8/><E8/><V29/><F43/><W110/><G110/><T69/><D69/><U5/><E5/><N who="3" m="2154" /><G131/><T92/><D79/><U97/><E101/><V76/><F35/><W116/><G116/><T30/><D49/><U16/><E78/><V46/><F2/><W24/><G24/><T26/><D42/><U32/><E32/><V48/><F29/><W45/><G45/><T51/><D51/><U68/><E16/><V104/><F9/><W102/><G102/><T28/><D28/><U129/><E129/><V34/><F34/><W89/><G89/><T15/><D15/><U67/><REACH who="1" step="1"/><E70/><REACH who="1" ten="349,236,244,161" step="2"/><V95/><F76/><W117/><G117/><T73/><D31/><U107/><E107/><V52/><F104/><W111/><G111/><T27/><D30/><U85/><E85/><V113/><F113/><W83/><G83/><T19/><D27/><U100/><E100/><V39/><F39/><W64/><G64/><AGARI ba="1,1" hai="59,62,63,64,67,68,72,77,82,96,97,98,108,109" machi="64" ten="40,1300,0" yaku="1,1,53,0" doraHai="128" doraHaiUra="47" who="1" fromWho="3" sc="349,0,236,26,244,0,161,-16" /><INIT seed="5,0,0,0,4,18" ten="349,262,244,145" oya="1" hai0="24,60,83,84,39,56,12,69,40,20,133,21,95" hai1="15,74,118,2,114,7,6,38,30,106,34,116,130" hai2="48,71,92,31,65,70,36,121,86,107,78,113,117" hai3="16,135,96,41,97,88,90,43,33,73,72,50,91"/><U49/><E38/><V59/><F117/><W3/><G3/><T134/><D69/><U51/><E74/><V53/><F107/><W77/><G33/><T98/><D39/><U101/><E106/><V52/><F121/><W46/><G135/><N who="0" m="51723" /><D40/><U108/><E101/><V4/><F113/><W17/><G77/><N who="0" m="46191" /><D12/><U126/><E51/><V120/><F120/><W19/><REACH who="3" step="1"/><G43/><REACH who="3" ten="349,262,244,135" step="2"/><T103/><D24/><U37/><E2/><V44/><F78/><W93/><G93/><T85/><D85/><U61/><E116/><V104/><F86/><W11/><G11/><T128/><D128/><U119/><E34/><V1/><F92/><W111/><G111/><T32/><D32/><U26/><E108/><V131/><F104/><W0/><G0/><T129/><D129/><U62/><E130/><V29/><F131/><W124/><G124/><T54/><AGARI ba="0,1" hai="20,21,54,56,60,95,98,103" m="46191,51723" machi="54" ten="30,4000,0" yaku="20,1,52,2" doraHai="18" who="0" fromWho="0" sc="349,50,262,-20,244,-10,135,-10" /><INIT seed="6,0,0,1,2,65" ten="399,242,234,125" oya="2" hai0="72,92,11,74,127,21,20,48,78,112,12,64,15" hai1="122,38,55,59,114,35,128,36,37,10,51,96,115" hai2="6,58,25,41,95,32,18,45,5,16,47,30,3" hai3="50,99,52,39,57,13,49,0,53,24,56,126,73"/><V9/><F6/><W108/><G73/><T81/><D74/><U120/><E35/><V103/><F47/><W118/><G0/><T106/><D106/><U60/><E96/><V88/><F58/><W98/><G39/><T130/><D130/><U129/><E10/><V66/><F103/><W28/><G108/><T19/><D127/><U40/><E40/><V113/><F66/><W124/><G118/><T29/><D112/><N who="1" m="43051" /><E60/><V1/><F1/><W132/><G132/><T4/><D64/><U82/><E82/><V34/><F34/><W90/><G13/><T84/><D48/><U119/><E119/><V83/><F83/><W31/><G24/><T77/><D29/><U44/><E44/><V85/><REACH who="2" step="1"/><F113/><REACH who="2" ten="399,242,224,125" step="2"/><W75/><G75/><T17/><D72/><U125/><E125/><V94/><F94/><W109/><G109/><T27/><D92/><U14/><E14/><V23/><F23/><W7/><G90/><AGARI ba="0,1" hai="4,11,12,15,17,19,20,21,27,77,78,81,84,90" machi="90" ten="30,2000,0" yaku="7,1,8,1" doraHai="65" who="0" fromWho="3" sc="399,30,242,0,224,0,125,-20" /><INIT seed="7,0,0,2,2,36" ten="429,242,224,105" oya="3" hai0="59,58,116,39,51,100,28,124,117,13,35,70,97" hai1="135,56,26,27,90,47,3,9,5,6,10,57,79" hai2="108,55,73,62,16,71,40,49,130,19,129,102,22" hai3="83,128,104,132,98,107,131,53,125,99,123,54,76"/><W103/><G123/><T50/><D13/><U88/><E79/><V134/><F108/><W29/><G29/><T52/><D124/><U112/><E47/><N who="2" m="25831" /><F134/><W20/><G132/><T8/><D8/><U7/><E135/><V60/><F73/><W94/><G20/><T115/><D115/><U114/><E7/><V84/><F102/><N who="3" m="62559" /><G53/><T121/><D70/><U30/><E30/><V110/><F110/><W78/><G54/><T74/><D39/><U38/><E38/><V17/><F55/><W42/><G42/><T11/><D51/><U65/><E65/><N who="2" m="41383" /><F62/><W33/><G33/><T66/><D59/><U2/><AGARI ba="0,0" hai="2,3,5,6,9,10,26,27,56,57,88,90,112,114" machi="2" ten="25,6400,0" yaku="0,1,22,2,54,1" doraHai="36" who="1" fromWho="1" sc="429,-16,242,64,224,-16,105,-32" owari="413,51.0,306,11.0,208,-19.0,73,-43.0" /></mjloggm>