<mjloggm ver="2.3"><GO type="169" lobby="0"/><UN n0="%53%69%6D%6F%6F%6E" n1="%E3%83%88%E3%83%88%E3%83%AA%E5%85%88%E7%94%9F%31%39%E6%AD%B3" n2="%E4%B8%96%E7%95%8C%E3%81%AE%E9%9D%92%E6%9C%A8" n3="%6B%6F%6A%69%6D%6F%6E%39" dan="16,18,16,17" rate="2035.46,2200.60,2114.05,2167.56" sx="M,F,M,M"/><TAIKYOKU oya="0"/><INIT seed="0,0,0,3,3,107" ten="250,250,250,250" oya="0" hai0="10,79,4,80,32,56,31,39,53,122,120,100,60" hai1="105,11,108,90,103,124,113,14,65,36,98,25,0" hai2="52,76,64,9,55,5,38,106,83,75,27,17,48" hai3="104,69,115,85,133,63,40,58,96,88,126,135,91"/><T93/><D39/><U49/><E36/><V59/><F106/><W84/><G115/><T118/><D118/><U74/><E113/><V130/><F130/><W132/><G69/><T125/><D125/><U45/><E124/><V42/><F64/><W30/><G30/><T82/><D82/><U78/><E0/><V131/><F131/><W102/><G40/><T1/><D100/><U15/><E108/><V70/><F70/><W92/><G126/><T3/><D93/><U6/><E65/><V134/><F134/><W62/><REACH who="3" step="1"/><G58/><REACH who="3" ten="250,250,250,240" step="2"/><T94/><D31/><U129/><E129/><V57/><F57/><W51/><G51/><T46/><D56/><U50/><E49/><V89/><F55/><W43/><G43/><T33/><D53/><U26/><E50/><V7/><F42/><W123/><G123/><T22/><D122/><U12/><E45/><V110/><F38/><W116/><G116/><T121/><D46/><U72/><E78/><V97/><F110/><W114/><G114/><T77/><D79/><U29/><E90/><V117/><F117/><W81/><AGARI ba="0,1" hai="62,63,81,84,85,88,91,92,96,102,104,132,133,135" machi="81" ten="30,7900,0" yaku="1,1,0,1,20,1,54,1,53,0" doraHai="107" doraHaiUra="23" who="3" fromWho="3" sc="250,-39,250,-20,250,-20,240,89" /><INIT seed="1,0,0,2,2,103" ten="211,230,230,329" oya="1" hai0="77,47,4,80,92,52,17,5,105,34,75,45,73" hai1="15,10,64,9,21,74,129,98,23,58,100,19,122" hai2="115,66,131,86,126,51,14,84,31,36,85,81,116" hai3="42,121,13,99,70,130,61,38,68,37,90,134,50"/><U108/><E122/><V46/><F116/><W72/><G72/><T35/><D92/><U43/><E74/><V119/><F119/><W25/><G121/><T109/><D109/><U57/><E129/><V53/><F126/><W107/><G13/><T0/><D17/><U127/><E127/><V1/><F1/><W55/><G130/><T95/><D95/><U59/><E108/><V63/><F115/><W20/><G134/><T40/><D40/><U22/><E43/><V124/><F131/><W87/><G42/><T104/><D0/><U39/><E39/><V132/><F132/><W44/><G68/><T12/><D12/><U123/><E123/><V88/><F36/><W56/><G70/><T133/><D133/><U7/><E64/><V8/><F31/><W125/><G125/><T60/><D60/><U67/><E67/><V120/><F124/><W118/><G118/><T93/><D93/><N who="1" m="58447" /><E10/><V29/><F29/><W71/><G71/><T48/><D48/><U91/><E91/><V32/><F32/><W78/><G78/><T110/><D110/><U76/><E76/><V16/><F120/><W69/><G69/><AGARI ba="0,0" hai="8,14,16,46,51,53,63,66,69,81,84,85,86,88" machi="69" ten="30,8000,1" yaku="7,1,25,2,54,2" doraHai="103" who="2" fromWho="3" sc="211,0,230,0,230,80,329,-80" /><INIT seed="2,0,0,1,5,107" ten="211,230,310,249" oya="2" hai0="80,40,4,65,124,59,101,22,5,16,28,116,41" hai1="132,17,14,31,11,42,77,84,112,96,113,111,29" hai2="3,89,129,97,13,117,27,91,9,45,26,36,76" hai3="18,50,20,131,7,106,126,134,92,46,87,122,75"/><V115/><F115/><W37/><G122/><T133/><D133/><U33/><E132/><V25/><F129/><W82/><G106/><T114/><D114/><U64/><E111/><V79/><F3/><W21/><G126/><T83/><D28/><U0/><E64/><V53/><F117/><W15/><G37/><T108/><D101/><U10/><E42/><V68/><F68/><W24/><G134/><T78/><D108/><U109/><E109/><V32/><F36/><W127/><G127/><T128/><D128/><U74/><E84/><V95/><F32/><W94/><G75/><T90/><D90/><U56/><E56/><V104/><F104/><W71/><G71/><T2/><D2/><U62/><E62/><V48/><REACH who="2" step="1"/><F91/><REACH who="2" ten="211,230,300,249" step="2"/><W35/><G35/><T44/><D116/><U70/><E70/><V12/><F12/><W8/><G131/><T58/><D124/><U6/><E33/><V43/><F43/><N who="3" m="24927" /><G21/><T100/><D22/><U61/><E113/><V123/><F123/><W121/><G121/><T47/><D100/><U30/><E112/><V51/><F51/><W81/><G81/><T55/><D80/><U72/><E0/><V57/><F57/><W60/><G60/><T102/><D102/><U38/><E61/><V88/><F88/><AGARI ba="0,1" hai="7,8,15,18,20,24,82,87,88,92,94" m="24927" machi="88" ten="30,2000,0" yaku="8,1,54,1" doraHai="107" who="3" fromWho="2" sc="211,0,230,0,300,-20,249,30" /><INIT seed="3,0,0,2,0,64" ten="211,230,280,279" oya="3" hai0="123,106,107,116,31,81,134,130,122,118,69,23,75" hai1="7,19,37,103,77,57,30,133,26,128,40,63,112" hai2="86,55,50,105,1,88,65,73,115,98,111,9,96" hai3="102,99,127,0,104,110,17,132,41,114,29,68,43"/><W80/><G114/><T117/><D23/><U90/><E112/><V85/><F73/><W67/><G0/><T12/><D12/><U92/><E128/><V121/><F115/><W60/><G132/><T89/><D31/><U93/><E133/><V21/><F111/><W71/><G29/><T36/><D36/><U125/><E125/><V100/><F121/><W8/><G127/><T25/><D25/><U108/><E108/><V51/><F51/><W74/><G110/><T94/><D134/><U39/><E77/><V34/><F34/><W126/><G126/><T76/><D69/><U38/><E7/><V119/><F119/><W3/><G71/><T97/><D130/><U131/><E19/><V66/><F86/><W87/><G74/><T11/><D11/><U44/><E131/><V120/><F98/><W70/><G68/><T82/><D82/><U5/><E5/><N who="2" m="1199" /><F21/><W20/><G8/><T113/><D113/><U124/><E124/><V47/><F120/><AGARI ba="0,0" hai="75,76,81,89,94,97,106,107,116,117,118,120,122,123" machi="120" ten="50,6400,0" yaku="34,3" doraHai="64" who="0" fromWho="2" sc="211,64,230,0,280,-64,279,0" /><INIT seed="4,0,0,1,0,56" ten="275,230,216,279" oya="0" hai0="110,132,112,124,60,116,72,103,107,47,127,102,44" hai1="4,27,41,62,10,83,87,78,66,14,57,0,114" hai2="5,133,131,95,115,82,64,29,75,119,11,49,123" hai3="70,31,113,53,16,7,51,101,1,43,91,55,38"/><T81/><D116/><U6/><E114/><V39/><F39/><W28/><G113/><T134/><D112/><U32/><E32/><V26/><F115/><W65/><G101/><T108/><D81/><U52/><E27/><V67/><F123/><W34/><G55/><T122/><D72/><U100/><E100/><V48/><F131/><W20/><G34/><T73/><D73/><U90/><E41/><V13/><F133/><W77/><G77/><T54/><D54/><U88/><E4/><V126/><F126/><W129/><G91/><N who="1" m="34858" /><E0/><V86/><F95/><W3/><G129/><T105/><REACH who="0" step="1"/><D122/><REACH who="0" ten="265,230,216,279" step="2"/><U74/><E74/><V109/><F75/><W98/><G53/><AGARI ba="0,1" hai="6,10,14,52,53,57,62,66,78,83,87" m="34858" machi="53" ten="30,7700,0" yaku="8,1,52,1,54,2" doraHai="56" who="1" fromWho="3" sc="265,0,230,87,216,0,279,-77" /><INIT seed="5,0,0,0,1,134" ten="265,317,216,202" oya="1" hai0="117,86,49,125,119,103,24,23,17,126,77,14,5" hai1="29,110,45,57,27,96,22,2,25,36,116,91,74" hai2="18,85,42,111,11,8,107,122,97,106,48,60,89" hai3="84,34,121,102,78,40,63,109,80,31,127,70,88"/><U130/><E116/><V1/><F111/><W56/><G121/><T28/><D103/><U87/><E2/><V15/><F122/><W61/><G109/><T69/><D69/><U19/><E74/><V100/><F107/><W47/><G102/><T0/><D49/><U44/><E110/><V118/><F118/><N who="0" m="45066" /><D86/><U10/><E130/><V92/><F60/><W124/><G70/><T72/><D77/><U104/><E36/><V50/><REACH who="2" step="1"/><F42/><REACH who="2" ten="265,317,206,202" step="2"/><W112/><G112/><T46/><D72/><U128/><E104/><V38/><F38/><W32/><G78/><T30/><D46/><U76/><E128/><V12/><F12/><W135/><G135/><T51/><D51/><U16/><E45/><V4/><AGARI ba="0,1" hai="1,4,8,11,15,18,48,50,85,89,92,97,100,106" machi="4" ten="30,4000,0" yaku="1,1,0,1,53,1" doraHai="134" doraHaiUra="33" who="2" fromWho="2" sc="265,-10,317,-20,206,50,202,-10" /><INIT seed="6,0,0,1,5,60" ten="255,297,256,192" oya="2" hai0="81,50,131,47,122,130,13,30,92,17,105,117,107" hai1="70,67,59,63,38,43,7,9,77,72,88,31,11" hai2="15,26,8,40,116,6,102,51,19,34,91,71,100" hai3="46,87,62,12,44,65,132,98,35,133,23,135,48"/><V134/><F134/><W25/><G35/><T24/><D122/><U53/><E31/><V82/><F116/><W129/><G129/><N who="0" m="49163" /><D92/><U22/><E22/><V55/><F40/><W125/><G125/><T74/><D117/><U73/><E11/><V84/><F71/><W16/><G87/><T68/><D68/><U93/><E77/><V49/><F49/><W114/><G114/><T0/><D0/><U2/><E43/><V119/><F119/><W85/><G85/><T124/><D124/><U95/><E38/><V64/><F64/><W79/><G79/><N who="0" m="44279" /><D17/><U33/><E33/><V52/><F55/><W127/><G127/><T39/><D13/><U83/><E83/><V78/><F78/><W42/><G98/><T61/><D61/><U66/><E95/><V20/><REACH who="2" step="1"/><F34/><REACH who="2" ten="255,297,246,192" step="2"/><W104/><G46/><AGARI ba="0,1" hai="6,8,15,19,20,26,46,51,52,82,84,91,100,102" machi="46" ten="30,18000,2" yaku="1,1,2,1,7,1,8,1,54,1,53,2" doraHai="60" doraHaiUra="97" who="2" fromWho="3" sc="255,0,297,0,246,190,192,-180" /><INIT seed="6,1,0,2,0,20" ten="255,297,436,12" oya="2" hai0="8,102,25,66,104,58,57,47,22,30,113,16,101" hai1="15,61,21,70,35,97,39,18,132,84,42,134,51" hai2="88,69,12,128,5,103,28,107,79,90,112,36,31" hai3="23,73,105,92,48,65,114,110,89,75,85,54,67"/><V74/><F69/><W80/><G110/><T115/><D47/><N who="1" m="26103" /><E39/><V77/><F112/><N who="0" m="43082" /><D104/><U87/><E35/><V72/><F128/><W27/><G105/><T82/><D82/><U46/><E46/><V108/><F36/><W49/><G114/><T26/><D8/><U40/><E40/><V33/><F33/><W121/><G121/><T10/><D10/><U99/><E70/><V129/><F129/><W95/><G49/><T71/><D71/><U52/><E132/><V13/><F107/><W131/><G131/><T32/><D66/><N who="3" m="25097" /><G75/><T111/><D111/><U43/><E43/><V29/><F108/><W14/><G14/><T130/><D130/><U133/><E133/><V63/><F72/><W127/><G127/><T98/><D98/><N who="1" m="37387" /><E134/><V91/><F74/><W93/><G73/><T19/><D19/><U122/><E122/><V96/><F31/><N who="3" m="17919" /><G80/><T116/><D116/><U118/><E118/><V17/><F29/><W68/><G68/><T0/><D0/><U38/><E38/><V119/><F28/><W4/><G4/><T37/><D37/><U78/><E78/><V94/><F79/><W86/><G89/><T9/><D9/><U76/><E76/><V53/><F77/><W109/><G109/><T135/><D135/><U6/><E6/><V62/><F5/><W60/><G60/><T83/><D83/><U117/><E117/><V34/><F17/><W100/><G100/><AGARI ba="1,0" hai="16,22,25,26,30,32,57,58,100,101,102" m="43082" machi="100" ten="30,7700,0" yaku="15,1,52,2,54,1" doraHai="20" who="0" fromWho="3" sc="255,80,297,0,436,0,12,-80" owari="335,14.0,297,-10.0,436,53.0,-68,-57.0" /></mjloggm>