<mjloggm ver="2.3"><GO type="41" lobby="0"/><UN n0="%E5%BE%92%E6%89%8B%E7%A9%BA%E6%8B%B3" n1="%47%65%6F%72%67%69%61" n2="%E5%B0%B1%E6%B4%BB%E7%94%9F%40%E5%B7%9D%E6%9D%91%E8%BB%8D%E5%9B%A3" n3="%E3%81%90%E3%83%BC%E3%81%A1%E3%82%83%E3%82%93%30" dan="15,13,17,14" rate="1934.21,1833.18,2211.54,1907.58" sx="M,M,M,F"/><TAIKYOKU oya="0"/><INIT seed="0,0,0,3,3,40" ten="250,250,250,250" oya="0" hai0="42,35,28,44,19,47,8,110,113,17,30,90,103" hai1="76,114,0,43,66,80,21,12,64,4,118,52,31" hai2="65,9,117,91,109,104,61,115,85,100,108,94,15" hai3="82,132,102,130,62,134,5,58,121,50,81,51,124"/><T116/><D113/><U112/><E118/><V37/><F115/><N who="1" m="44073" /><E0/><V70/><F117/><W129/><G121/><T97/><D116/><U125/><E125/><V55/><F37/><W107/><G124/><T60/><D60/><U1/><E1/><V45/><F104/><W7/><G102/><T29/><D35/><U2/><E2/><V87/><F100/><W111/><G107/><T46/><D42/><U53/><E43/><V13/><F85/><W3/><G3/><T69/><D69/><U68/><E31/><V77/><F77/><W41/><G41/><T72/><D72/><U83/><E83/><V32/><F32/><W16/><G111/><N who="2" m="42569" /><F9/><W98/><G98/><T22/><D110/><U33/><E33/><V27/><F27/><W54/><G16/><T92/><D22/><U48/><E53/><V89/><F89/><W14/><G14/><N who="2" m="5129" /><F55/><W128/><G7/><T10/><D103/><U38/><E38/><V86/><F86/><W20/><G20/><T24/><D24/><U59/><E68/><V26/><F26/><W49/><G5/><T25/><D25/><U78/><E78/><V123/><F123/><W126/><G126/><T93/><D93/><U101/><E101/><V99/><F87/><W36/><G36/><T105/><D105/><U57/><E4/><V95/><F95/><W79/><G79/><T122/><D122/><U63/><E21/><V18/><F18/><AGARI ba="0,0" hai="8,10,17,18,19,28,29,30,44,46,47,90,92,97" machi="18" ten="40,12000,1" yaku="8,1,52,3" doraHai="40" who="0" fromWho="2" sc="250,120,250,0,250,-120,250,0" /><INIT seed="0,1,0,3,3,3" ten="370,250,130,250" oya="0" hai0="128,94,43,117,131,132,52,77,105,134,25,118,99" hai1="35,123,119,113,47,37,27,59,69,65,39,55,81" hai2="92,73,8,57,12,1,114,122,100,15,24,112,79" hai3="40,110,64,130,58,13,78,124,63,6,95,20,23"/><T28/><D43/><U98/><E123/><V22/><F122/><W5/><G110/><T82/><D25/><U18/><E119/><N who="0" m="45577" /><D52/><U127/><E127/><V120/><F120/><W45/><G124/><T19/><D105/><U60/><E113/><V9/><F73/><W31/><G130/><N who="0" m="49707" /><D28/><U88/><E47/><V67/><F79/><W87/><G31/><T2/><D2/><U90/><E90/><V29/><F1/><W44/><G78/><T135/><D19/><U21/><E35/><V33/><F33/><W91/><G13/><T53/><D53/><U111/><E111/><V36/><F36/><W76/><G76/><T62/><D62/><U38/><E38/><V68/><F68/><W46/><G40/><T96/><D94/><N who="1" m="56647" /><E81/><V129/><F129/><W4/><AGARI ba="1,0" hai="4,5,6,20,23,44,45,46,58,63,64,87,91,95" machi="4" ten="30,8000,1" yaku="0,1,8,1,52,3" doraHai="3" who="3" fromWho="3" sc="370,-41,250,-21,130,-21,250,83" /><INIT seed="1,0,0,4,2,19" ten="329,229,109,333" oya="1" hai0="9,11,55,53,100,94,85,110,14,115,127,89,84" hai1="116,132,49,46,70,129,72,38,80,120,65,75,21" hai2="103,71,59,130,36,96,135,87,61,82,105,45,10" hai3="17,18,27,121,13,20,43,4,34,111,93,122,73"/><U104/><E120/><N who="3" m="46186" /><G43/><T32/><D110/><U126/><E116/><V58/><F130/><W113/><G73/><T128/><D127/><U31/><E129/><V16/><F135/><W68/><G93/><T101/><D128/><U117/><E117/><V92/><F105/><W79/><G68/><T54/><D32/><U37/><E132/><V123/><F123/><W74/><G79/><T47/><D115/><U42/><E104/><V86/><F71/><W114/><G74/><T28/><D28/><U39/><E126/><V99/><F99/><W83/><G83/><T1/><D1/><U112/><E112/><N who="3" m="43114" /><G111/><T3/><D3/><U64/><E70/><V60/><F45/><W124/><G124/><T91/><D47/><U50/><E50/><V48/><F36/><W119/><G119/><T6/><REACH who="0" step="1"/><D11/><REACH who="0" ten="319,229,109,333" step="2"/><U108/><E108/><V29/><F29/><N who="3" m="17639" /><G34/><T56/><D56/><U30/><E30/><V8/><F59/><W63/><G63/><T57/><D57/><U102/><E31/><V41/><F60/><W90/><G4/><T22/><D22/><U26/><E21/><V133/><F58/><W134/><G18/><T118/><D118/><U62/><E62/><V106/><F61/><W125/><G125/><T35/><D35/><U81/><E65/><V12/><F48/><W97/><G17/><T44/><D44/><U109/><E64/><V51/><F51/><W52/><G134/><T33/><D33/><U76/><E46/><V2/><F2/><W95/><G52/><T5/><D5/><U66/><E37/><V23/><F41/><W77/><G13/><RYUUKYOKU ba="0,1" sc="319,15,229,-15,109,-15,333,15" hai0="6,9,14,53,54,55,84,85,89,91,94,100,101" hai3="77,90,95,97" /><INIT seed="2,1,1,1,3,91" ten="334,214,94,348" oya="2" hai0="97,103,118,21,15,70,24,61,82,124,98,76,25" hai1="113,72,125,67,22,65,26,30,47,132,28,133,27" hai2="54,71,49,102,89,66,106,35,17,57,10,92,50" hai3="116,78,85,13,99,42,12,83,128,31,131,2,5"/><V43/><F35/><W18/><G116/><T121/><D124/><U11/><E72/><V3/><F106/><W126/><G126/><T29/><D121/><U8/><E125/><V20/><F102/><W0/><G31/><T93/><D118/><U84/><E113/><V111/><F111/><W123/><G42/><T7/><D70/><U19/><E47/><V109/><F109/><W53/><G53/><T45/><D61/><U36/><E36/><V73/><F73/><W122/><G99/><T107/><D45/><U114/><E114/><V95/><F71/><W40/><G40/><T94/><D107/><U6/><E84/><V4/><F66/><W100/><G100/><T16/><D7/><U104/><E104/><V105/><F105/><W127/><G127/><T51/><D51/><U110/><E110/><V88/><F43/><W9/><G85/><N who="0" m="48327" /><D29/><N who="1" m="11371" /><E65/><V75/><F75/><W96/><G96/><T37/><D37/><U120/><E67/><V117/><F117/><W135/><G78/><T23/><D23/><N who="1" m="13695" /><E120/><N who="3" m="46122" /><G83/><T112/><D112/><U87/><E87/><V69/><F69/><W115/><G115/><T1/><D1/><N who="1" m="79" /><E11/><V52/><F89/><AGARI ba="1,1" hai="15,16,21,24,25,89,93,94,97,98,103" m="48327" machi="89" ten="30,7700,0" yaku="8,1,52,2,54,1" doraHai="91" who="0" fromWho="2" sc="334,90,214,0,94,-80,348,0" /><INIT seed="3,0,0,5,0,103" ten="424,214,14,348" oya="3" hai0="31,69,92,13,125,1,132,61,53,120,129,34,114" hai1="80,104,48,56,35,22,44,105,90,101,133,29,64" hai2="15,77,134,36,10,6,75,89,70,85,42,5,91" hai3="83,49,88,124,32,76,37,38,3,25,106,23,51"/><W21/><G106/><T82/><D53/><U115/><E35/><V74/><F134/><W46/><G124/><T109/><D13/><U78/><E133/><V118/><F118/><W127/><G127/><T18/><D61/><U20/><E101/><V2/><F70/><W81/><G3/><T116/><D18/><U107/><E90/><V84/><F5/><W39/><G32/><T12/><D12/><U102/><E102/><V17/><F84/><W54/><G49/><T100/><D92/><U27/><E115/><V58/><F58/><W0/><G0/><T19/><D19/><U59/><E22/><V24/><F24/><W52/><G54/><T96/><D96/><U71/><E71/><V16/><F89/><W97/><G97/><T14/><D14/><U57/><E64/><V4/><F4/><W43/><G43/><T112/><D82/><U30/><E30/><V40/><F77/><W121/><G121/><T65/><D31/><U94/><E94/><V119/><F119/><W41/><G41/><T26/><D26/><U72/><REACH who="1" step="1"/><E59/><REACH who="1" ten="424,204,14,348" step="2"/><V33/><F33/><W123/><G123/><T131/><D112/><U11/><E11/><V122/><F122/><W111/><G88/><T108/><D65/><U60/><E60/><V50/><F36/><W7/><G76/><T87/><D100/><U66/><E66/><V113/><F113/><W130/><G23/><T45/><D114/><U28/><E28/><V93/><F50/><W117/><G117/><T135/><D34/><U86/><E86/><V110/><F110/><W47/><G111/><T55/><D109/><RYUUKYOKU ba="0,1" sc="424,-10,204,30,14,-10,348,-10" hai1="20,27,29,44,48,56,57,72,78,80,104,105,107" /><INIT seed="4,1,1,2,1,51" ten="414,234,4,338" oya="0" hai0="116,58,39,80,0,92,11,62,70,129,50,27,49" hai1="48,115,8,47,3,4,5,117,38,20,65,30,25" hai2="122,105,9,79,135,67,91,120,68,99,22,130,126" hai3="43,94,77,1,108,107,28,74,46,24,88,12,53"/><T15/><D116/><U89/><E38/><V23/><F126/><W111/><G107/><T78/><D0/><U41/><E115/><V37/><F37/><W61/><G1/><T34/><D39/><U112/><E112/><V98/><F130/><W95/><G77/><T93/><D70/><U127/><E127/><V114/><F114/><W7/><G74/><T18/><D129/><U109/><E4/><V86/><F135/><W31/><G111/><T134/><D134/><U66/><E109/><V101/><F68/><W69/><G69/><T82/><D27/><U81/><E117/><V26/><F67/><W125/><G125/><T16/><D34/><U35/><E35/><V83/><F23/><W121/><G121/><T19/><D50/><U55/><E41/><V124/><F124/><W133/><G133/><T29/><D49/><U119/><E119/><V36/><F36/><W60/><G24/><T84/><D80/><U2/><E3/><V106/><F9/><N who="3" m="4159" /><G43/><T45/><D45/><U6/><E6/><V103/><F22/><W76/><G108/><T63/><D29/><U100/><E100/><V96/><F26/><W131/><G31/><T104/><D104/><U85/><AGARI ba="1,1" hai="2,5,8,20,25,30,47,48,55,65,66,81,85,89" machi="85" ten="30,2000,0" yaku="0,1,52,1" doraHai="51" who="1" fromWho="1" sc="414,-11,234,33,4,-6,338,-6" owari="403,50.0,267,-13.0,-2,-50.0,332,13.0" /></mjloggm>