<mjloggm ver="2.3"><GO type="41" lobby="0"/><UN n0="%47%4F%46" n1="%E5%B0%B1%E6%B4%BB%E7%94%9F%40%E5%B7%9D%E6%9D%91%E8%BB%8D%E5%9B%A3" n2="%52%32%E5%84%84" n3="%E3%83%9C%E3%83%B3%E9%88%B4%E6%9C%A8" dan="13,16,15,14" rate="1882.32,2144.07,1990.78,1961.17" sx="M,M,M,M"/><TAIKYOKU oya="0"/><INIT seed="0,0,0,4,3,100" ten="250,250,250,250" oya="0" hai0="33,13,39,58,106,35,40,12,75,44,43,9,81" hai1="72,30,131,132,126,53,83,11,82,134,109,64,74" hai2="93,34,113,3,66,73,24,38,130,46,20,5,4" hai3="114,59,92,1,25,56,63,2,10,62,49,18,95"/><T21/><D106/><U69/><E30/><V15/><F73/><N who="1" m="28265" /><E69/><V120/><F113/><W79/><G79/><T102/><D102/><U65/><E11/><V28/><F120/><W116/><G116/><T125/><D125/><U41/><E41/><V94/><F66/><N who="1" m="25705" /><E53/><V61/><F61/><W115/><G10/><T88/><D43/><U103/><E103/><V47/><F38/><W128/><G25/><T8/><D75/><U105/><E126/><V6/><F3/><W67/><G67/><T99/><D21/><U77/><E77/><V111/><F130/><W133/><G128/><T23/><D23/><U68/><E68/><V122/><F122/><W129/><G129/><T119/><D119/><U54/><E54/><V16/><REACH who="2" step="1"/><F111/><REACH who="2" ten="250,250,240,250" step="2"/><W78/><G2/><T110/><D110/><U27/><E109/><V7/><N who="2" m="1536" /><DORA hai="107" /><V29/><F29/><W117/><G1/><T37/><D37/><U89/><E131/><V51/><F51/><W96/><G117/><T76/><D35/><U86/><E132/><V90/><F90/><W85/><G133/><T112/><D33/><U55/><E89/><V50/><F50/><W121/><G49/><T70/><D112/><U80/><E134/><V42/><F42/><W57/><G115/><T0/><D0/><U108/><E108/><V36/><F36/><W98/><G114/><T48/><D39/><U19/><E55/><V91/><F91/><W84/><G121/><T14/><D40/><U22/><E86/><V104/><F104/><W87/><G78/><T118/><D118/><U124/><E105/><V32/><F32/><RYUUKYOKU ba="0,1" sc="250,-15,250,15,240,15,250,-15" hai1="19,22,27,80,82,83,124" hai2="15,16,20,24,28,34,46,47,93,94" /><INIT seed="1,1,1,5,2,37" ten="235,265,255,235" oya="1" hai0="29,72,122,120,44,83,63,18,101,125,96,5,85" hai1="49,110,68,127,16,92,94,55,56,91,62,19,54" hai2="131,123,74,81,57,45,70,8,17,133,7,111,20" hai3="6,30,97,53,105,95,129,73,51,89,34,38,41"/><U13/><E127/><V116/><F70/><W102/><G129/><T27/><D125/><U82/><E110/><V114/><F116/><W128/><G128/><T132/><D72/><U31/><E31/><V104/><F104/><W59/><G73/><T40/><D132/><U78/><E68/><V76/><F123/><N who="0" m="47146" /><D63/><U23/><E19/><V119/><F119/><W50/><G38/><N who="0" m="21527" /><D5/><U35/><E35/><V87/><F131/><W22/><G34/><N who="0" m="20799" /><D18/><U15/><E15/><V66/><F133/><W28/><G6/><T75/><D75/><U126/><E126/><V25/><F111/><W103/><G105/><N who="0" m="63655" /><D85/><N who="1" m="50615" /><E78/><V112/><F74/><W98/><G98/><T109/><D83/><U14/><E14/><V69/><F69/><W11/><G11/><T77/><D77/><U90/><E90/><V93/><F93/><W67/><G67/><T124/><D124/><U130/><E130/><V4/><F45/><AGARI ba="1,1" hai="13,16,23,45,49,54,55,56,62,92,94" m="50615" machi="45" ten="30,2900,0" yaku="8,1,54,1" doraHai="37" who="1" fromWho="2" sc="235,0,265,42,255,-32,235,0" /><INIT seed="1,2,0,3,3,134" ten="235,307,223,235" oya="1" hai0="5,51,119,44,22,18,26,66,82,123,133,89,97" hai1="135,28,94,73,59,107,116,4,16,106,108,93,115" hai2="70,50,86,56,35,40,98,13,105,67,120,101,65" hai3="63,30,42,72,11,29,14,15,64,90,126,76,6"/><U32/><E73/><V96/><F120/><W31/><G42/><T24/><D119/><U69/><E69/><V23/><F35/><W102/><G102/><T118/><D118/><U12/><E116/><V131/><F70/><W91/><G72/><T113/><D133/><U132/><E4/><V77/><F131/><W33/><G33/><T57/><D113/><U84/><E115/><V109/><F109/><W68/><G76/><T38/><D38/><U117/><E117/><V79/><F98/><W0/><G126/><T60/><D5/><U112/><E112/><V27/><F13/><W20/><G0/><T121/><D123/><U58/><E28/><V52/><F40/><W129/><G129/><T62/><D62/><U1/><E1/><V8/><F8/><W80/><G80/><T48/><D48/><U3/><E3/><V130/><F130/><W85/><G85/><N who="0" m="50359" /><D97/><U83/><E32/><V99/><F99/><W110/><G110/><T37/><D37/><U74/><E74/><V87/><F87/><W34/><G34/><T43/><D121/><U55/><E108/><V88/><F79/><W49/><G49/><T103/><D103/><U100/><E100/><V127/><F77/><W125/><G125/><T39/><D39/><U78/><E107/><V10/><F127/><W25/><G14/><AGARI ba="2,0" hai="14,18,22,24,26,43,44,51,57,60,66" m="50359" machi="14" ten="30,1000,0" yaku="8,1" doraHai="134" who="0" fromWho="3" sc="235,16,307,0,223,0,235,-16" /><INIT seed="2,0,0,2,4,112" ten="251,307,223,219" oya="2" hai0="19,51,99,35,38,21,0,109,88,121,78,14,116" hai1="101,13,113,107,12,130,111,17,3,104,10,124,48" hai2="128,9,80,7,103,45,96,74,92,108,95,100,20" hai3="123,33,86,118,94,81,102,85,31,6,56,37,5"/><V83/><F128/><W29/><G123/><T15/><D121/><U77/><E3/><V16/><F108/><W82/><G37/><T97/><D0/><U71/><E113/><V89/><F45/><W1/><G1/><T76/><D35/><U133/><E111/><V57/><F74/><W18/><G33/><T23/><D38/><U46/><E71/><V64/><F103/><W127/><G102/><T73/><D73/><U87/><E130/><V41/><F41/><W68/><G68/><T110/><D109/><U44/><E44/><V129/><F129/><W91/><G127/><T60/><D110/><U50/><E50/><V58/><F9/><W66/><G66/><T8/><D51/><U105/><E133/><V42/><F7/><W90/><G94/><N who="0" m="56519" /><D116/><U70/><E70/><V43/><F42/><W36/><G36/><T120/><D120/><U54/><E124/><V119/><F43/><W34/><G34/><T115/><D115/><U22/><E101/><V63/><F58/><W93/><G93/><T132/><D132/><U24/><E10/><V69/><F69/><W49/><G49/><T2/><D2/><U84/><E77/><N who="0" m="29801" /><D60/><U65/><E65/><V126/><F126/><W114/><G114/><T75/><D75/><U30/><E30/><V40/><F40/><W62/><G62/><T122/><D122/><U61/><E61/><V106/><F119/><W55/><G118/><T131/><D131/><U98/><E98/><N who="2" m="57615" /><F106/><W11/><G11/><N who="0" m="6623" /><D99/><U79/><E79/><V27/><AGARI ba="0,0" hai="16,20,27,57,63,64,80,83,95,96,100" m="57615" machi="27" ten="30,3000,0" yaku="8,1,54,1" doraHai="112" who="2" fromWho="2" sc="251,-10,307,-10,223,30,219,-10" /><INIT seed="2,1,0,3,0,25" ten="241,297,253,209" oya="2" hai0="75,0,50,89,106,118,4,19,11,29,41,16,54" hai1="26,21,57,61,17,71,49,51,6,27,90,114,112" hai2="87,20,34,117,82,108,124,91,86,88,125,45,30" hai3="116,32,105,132,135,2,38,56,80,111,33,79,78"/><V60/><F34/><W127/><G116/><T119/><D75/><U115/><E71/><V28/><F117/><N who="0" m="44554" /><D106/><U134/><E134/><V8/><F108/><W63/><G111/><T67/><D41/><U95/><E6/><V5/><F60/><W130/><G130/><T72/><D72/><U64/><REACH who="1" step="1"/><E26/><REACH who="1" ten="241,287,253,209" step="2"/><V53/><F124/><W81/><G127/><T69/><D69/><U97/><AGARI ba="1,1" hai="17,21,27,49,51,57,61,64,90,95,97,112,114,115" machi="97" ten="30,4000,0" yaku="1,1,2,1,0,1,53,0" doraHai="25" doraHaiUra="122" who="1" fromWho="1" sc="241,-11,287,53,253,-21,209,-11" /><INIT seed="3,0,0,5,1,7" ten="230,340,232,198" oya="3" hai0="128,8,59,36,44,129,58,17,64,43,48,24,20" hai1="41,114,89,65,118,69,63,15,68,42,23,45,125" hai2="95,131,134,88,10,84,3,33,47,96,83,60,51" hai3="119,82,27,28,108,92,54,102,97,71,110,55,25"/><W0/><G0/><T105/><D105/><U123/><E118/><V72/><F33/><W11/><G119/><T18/><D64/><U70/><E123/><V75/><F131/><N who="0" m="50250" /><D36/><U21/><E114/><V85/><F134/><W111/><G71/><T99/><D99/><U14/><E125/><V121/><F121/><W77/><G27/><T22/><D8/><U4/><E89/><V103/><F60/><W135/><G135/><T100/><D100/><U46/><E63/><V38/><F38/><W53/><G11/><T57/><D22/><N who="1" m="8203" /><E65/><V61/><F61/><W52/><N who="3" m="13824" /><DORA hai="67" /><W26/><REACH who="3" step="1"/><G28/><AGARI ba="0,0" hai="17,18,20,24,28,43,44,48,57,58,59" m="50250" machi="28" ten="30,1000,0" yaku="19,1" doraHai="7,67" who="0" fromWho="3" sc="230,10,340,0,232,0,198,-10" /><INIT seed="4,0,0,0,5,40" ten="240,340,232,188" oya="0" hai0="43,129,94,96,62,107,55,41,34,61,119,128,117" hai1="87,133,0,4,69,111,60,108,13,65,19,9,86" hai2="124,39,10,56,28,64,85,48,58,52,109,102,101" hai3="22,123,14,98,57,122,104,134,51,75,84,29,76"/><T106/><D34/><U131/><E131/><N who="0" m="50249" /><D55/><U103/><E133/><V72/><F72/><W33/><G134/><T18/><D18/><U45/><E103/><V126/><F39/><W97/><G75/><T130/><N who="0" m="50257" /><T95/><DORA hai="53" /><D96/><U135/><E135/><V99/><F109/><W71/><G71/><T24/><D24/><U35/><E35/><V23/><F10/><W32/><G104/><N who="0" m="39979" /><D62/><U1/><E1/><V67/><F85/><W91/><G76/><T44/><D61/><U112/><E112/><V59/><F23/><W80/><G97/><T27/><D27/><U82/><E87/><V30/><F99/><W25/><G98/><T113/><D113/><U7/><E0/><V54/><F48/><W93/><G80/><T83/><D83/><U78/><E108/><V132/><F132/><W63/><G51/><N who="0" m="27023" /><D43/><U42/><E111/><V73/><F73/><W70/><G70/><T47/><D47/><U118/><E118/><AGARI ba="0,0" hai="94,95,117,118,119" m="27023,39979,50257" machi="118" ten="50,4800,0" yaku="19,1,52,1" doraHai="40,53" who="0" fromWho="1" sc="240,48,340,-48,232,0,188,0" /><INIT seed="4,1,0,3,3,52" ten="288,292,232,188" oya="0" hai0="117,123,96,102,128,18,25,11,51,69,72,0,106" hai1="1,94,131,36,97,43,57,112,64,95,100,90,2" hai2="6,48,76,74,50,68,4,75,80,3,91,119,116" hai3="110,49,12,85,101,93,63,92,98,133,134,16,130"/><T114/><D117/><N who="2" m="45130" /><F68/><W17/><G130/><T73/><D123/><U125/><E131/><V33/><F33/><W40/><G110/><T81/><D128/><U60/><E125/><V111/><F111/><W124/><G124/><T27/><D69/><U61/><E112/><V135/><F135/><N who="3" m="51723" /><G63/><T121/><D121/><U62/><E43/><V14/><F3/><W24/><G24/><T103/><D103/><U132/><E36/><V44/><F91/><N who="3" m="53359" /><G12/><T88/><D114/><U99/><E132/><V23/><F75/><W78/><G78/><T9/><D0/><U21/><E2/><V29/><F50/><W10/><G10/><T22/><D25/><U31/><E1/><V113/><F113/><W87/><G87/><T26/><D26/><AGARI ba="1,0" hai="21,26,31,57,60,61,62,64,90,94,95,97,99,100" machi="26" ten="40,8000,1" yaku="25,2,8,1,52,1" doraHai="52" who="1" fromWho="0" sc="288,-83,292,83,232,0,188,0" /><INIT seed="5,0,0,2,5,124" ten="205,375,232,188" oya="1" hai0="48,31,13,104,95,112,10,114,8,80,68,87,56" hai1="33,9,102,69,120,123,110,88,99,17,59,130,37" hai2="97,64,49,34,55,113,35,105,62,108,111,1,93" hai3="117,74,133,81,11,36,106,98,47,72,70,118,24"/><U76/><E69/><V126/><F1/><W3/><G24/><T12/><D68/><U135/><E33/><V6/><F6/><W58/><G133/><T23/><D104/><U29/><E37/><V90/><F105/><W63/><G58/><T103/><D95/><U116/><E29/><V51/><F126/><W25/><G25/><T57/><D103/><U46/><E46/><V101/><F113/><N who="0" m="43626" /><D48/><U115/><E59/><N who="0" m="22601" /><D31/><U77/><E115/><V96/><F51/><W127/><G127/><T20/><D20/><U50/><E135/><V129/><F35/><W32/><G32/><T15/><D23/><U83/><E50/><V78/><F34/><W66/><G106/><T85/><D80/><U134/><E134/><V18/><F49/><W27/><G27/><T43/><D43/><U75/><E116/><N who="3" m="44650" /><G98/><T91/><D91/><U5/><E77/><V39/><F78/><W107/><G107/><T53/><D53/><U92/><E110/><V4/><F55/><W54/><G54/><T61/><D61/><U14/><E102/><V71/><F101/><W67/><G81/><T60/><D60/><U86/><E123/><V73/><F62/><W21/><G21/><T41/><D41/><U82/><E120/><V28/><F71/><W89/><G89/><T16/><D16/><U100/><E17/><V45/><F18/><W119/><G66/><T44/><D44/><U132/><E132/><V40/><F64/><W84/><N who="3" m="44658" /><W65/><DORA hai="38" /><G67/><T79/><D79/><U2/><E83/><V26/><F90/><W22/><G65/><T122/><D122/><RYUUKYOKU ba="0,0" sc="205,30,375,-10,232,-10,188,-10" hai0="8,10,12,13,15,85,87" /><INIT seed="6,1,0,4,0,32" ten="235,365,222,178" oya="2" hai0="83,88,38,18,3,29,91,33,89,53,117,5,127" hai1="51,115,122,106,63,120,85,123,80,39,52,134,54" hai2="125,60,78,49,97,71,8,111,42,48,28,107,73" hai3="84,67,90,1,96,68,114,61,94,108,45,99,82"/><V20/><F111/><W40/><G108/><T102/><D38/><U10/><E39/><V116/><F116/><W103/><G114/><T76/><D117/><U62/><E106/><V113/><F113/><W11/><G96/><T17/><D127/><U27/><E115/><V79/><F125/><W26/><G26/><T130/><D130/><U25/><E10/><V110/><F110/><W86/><G84/><T101/><D33/><U124/><E124/><V23/><F73/><W104/><G11/><T109/><D29/><U34/><E134/><V69/><F8/><W19/><G19/><T77/><D3/><U92/><E92/><V46/><F97/><W65/><G65/><T112/><D5/><U56/><E34/><V72/><F72/><W129/><G129/><T66/><D66/><U105/><E105/><V4/><F107/><W64/><G67/><T75/><D112/><U98/><E98/><V55/><F60/><N who="1" m="23081" /><E54/><V58/><F4/><W12/><G12/><T57/><D75/><U135/><E135/><V128/><F128/><W43/><G43/><T7/><D7/><U93/><E93/><V95/><F95/><W24/><G24/><T50/><D109/><U121/><E121/><V16/><F28/><W36/><REACH who="3" step="1"/><G104/><REACH who="3" ten="235,365,222,168" step="2"/><T131/><D131/><U31/><E31/><V74/><F74/><W44/><G44/><T133/><D133/><U0/><E0/><AGARI ba="1,1" hai="0,1,36,40,45,61,64,68,82,86,90,94,99,103" machi="0" ten="40,8000,1" yaku="1,1,52,2,53,2" doraHai="32" doraHaiUra="35" who="3" fromWho="1" sc="235,0,365,-83,222,0,168,93" /><INIT seed="7,0,0,1,2,98" ten="235,282,222,261" oya="3" hai0="57,60,83,69,104,1,126,80,89,36,56,5,11" hai1="125,61,72,10,53,103,124,117,52,34,46,44,86" hai2="6,55,65,127,43,119,102,22,25,129,67,35,26" hai3="76,135,93,85,134,17,19,51,58,118,7,18,123"/><W81/><G123/><T28/><D126/><N who="1" m="48747" /><E72/><V110/><F119/><W94/><G118/><T45/><D104/><U39/><E34/><V59/><F110/><W106/><G106/><T114/><D114/><U88/><E103/><V70/><F70/><W3/><G7/><T128/><D128/><U64/><E10/><V111/><F111/><W15/><G3/><T13/><D69/><N who="1" m="42127" /><E117/><V84/><F43/><W31/><G31/><T50/><D28/><U130/><E130/><V122/><F35/><W21/><G21/><T33/><D33/><U107/><E107/><V37/><F37/><W23/><G23/><T113/><D113/><U92/><E39/><V71/><F71/><W40/><G15/><T101/><D36/><U99/><E86/><V112/><F6/><W132/><G40/><T32/><D32/><U91/><E91/><V79/><F127/><W29/><G29/><T108/><D108/><U121/><E121/><V90/><F79/><W96/><G96/><T116/><D116/><U14/><E14/><V24/><F112/><W16/><N who="3" m="4608" /><DORA hai="20" /><W131/><G131/><T12/><D1/><U77/><E77/><V109/><F109/><W75/><G75/><T66/><D13/><U105/><E105/><V95/><F129/><W27/><G27/><N who="2" m="10313" /><F122/><W62/><G51/><T49/><D89/><U73/><E73/><V82/><F102/><W9/><G9/><T42/><D101/><U30/><E30/><N who="2" m="17751" /><F82/><W2/><G2/><T133/><D5/><U120/><E120/><V87/><F87/><W100/><G100/><T47/><D11/><U8/><E8/><RYUUKYOKU ba="0,0" sc="235,-30,282,10,222,10,261,10" hai1="44,46,52,53,88,92,99" hai2="55,59,65,67,84,90,95" hai3="58,62,76,81,85,93,94,132,134,135" /><INIT seed="7,1,0,2,4,39" ten="205,292,232,271" oya="3" hai0="134,35,29,58,114,22,62,69,108,41,117,12,36" hai1="80,0,64,31,8,95,82,87,132,53,61,5,84" hai2="6,77,65,112,119,66,73,34,48,118,23,109,14" hai3="59,81,122,91,133,98,50,2,124,131,123,111,127"/><W110/><G2/><T45/><D108/><N who="3" m="41513" /><G133/><T128/><D134/><U105/><E105/><V101/><F34/><W32/><G32/><T47/><D117/><U104/><E104/><V15/><F109/><W44/><G59/><T52/><D128/><U115/><E115/><V26/><F101/><W83/><G131/><T94/><D114/><U63/><E132/><V103/><F103/><W37/><G37/><T97/><D69/><U54/><E31/><V60/><F112/><W30/><G30/><T89/><D35/><U71/><E95/><V38/><F38/><W120/><G98/><T92/><D47/><U1/><E1/><V18/><F66/><W17/><G17/><T76/><D76/><U42/><E42/><V129/><F129/><W135/><G135/><T11/><D94/><U99/><E99/><V56/><F77/><W130/><G130/><T126/><D126/><N who="3" m="48169" /><G91/><T86/><D29/><U67/><E67/><V93/><F119/><W9/><G9/><T68/><D68/><U43/><E63/><V106/><F118/><W121/><G121/><T113/><D22/><U85/><E71/><V7/><F23/><W125/><N who="3" m="48177" /><W96/><DORA hai="102" /><G96/><T90/><D113/><U55/><E64/><V49/><F65/><W46/><G46/><T72/><D72/><U74/><E61/><V107/><F60/><W27/><G27/><T40/><D86/><U20/><E74/><V75/><F75/><W78/><G78/><T19/><D41/><AGARI ba="1,0" hai="41,44,50,81,83,120,122,123" m="48177,41513" machi="41" ten="50,9600,0" yaku="10,1,18,1,52,1" doraHai="39,102" who="3" fromWho="0" sc="205,-99,292,0,232,0,271,99" owari="106,-39.0,292,9.0,232,-17.0,370,47.0" /></mjloggm>