<mjloggm ver="2.3"><GO type="169" lobby="0"/><UN n0="%65%72%61%6E%76%69%74%61" n1="%E3%83%AD%E3%83%B3%E3%82%88%E3%82%8A%E8%A8%BC%E6%8B%A0" n2="%55%4D" n3="%E3%83%88%E3%83%88%E3%83%AA%E5%85%88%E7%94%9F%31%39%E6%AD%B3" dan="16,17,17,19" rate="2105.95,2226.62,2146.12,2285.06" sx="M,M,M,F"/><TAIKYOKU oya="0"/><INIT seed="0,0,0,2,2,10" ten="250,250,250,250" oya="0" hai0="55,113,50,78,66,85,110,87,135,109,86,62,103" hai1="11,26,37,44,120,5,58,21,27,56,18,94,35" hai2="2,123,128,111,61,134,32,39,114,31,95,67,51" hai3="52,1,91,38,54,4,83,130,93,84,88,9,6"/><T112/><D103/><U29/><E120/><V15/><F2/><W131/><G38/><T65/><D78/><U102/><E37/><V104/><F104/><W41/><G41/><T20/><D20/><U40/><E40/><V48/><F39/><W19/><G19/><T90/><D90/><U89/><E44/><V79/><F123/><W81/><G6/><T99/><D99/><U63/><E102/><V33/><F111/><N who="0" m="42506" /><D135/><U49/><E49/><V100/><F114/><N who="0" m="44138" /><D62/><U69/><E63/><V24/><F79/><W77/><G91/><T22/><D22/><U16/><E18/><V118/><F134/><W129/><REACH who="3" step="1"/><G83/><REACH who="3" ten="250,250,250,240" step="2"/><T59/><AGARI ba="0,1" hai="50,55,59,65,66,85,86,87" m="44138,42506" machi="59" ten="40,3900,0" yaku="14,1,10,1" doraHai="10" who="0" fromWho="0" sc="250,49,250,-13,250,-13,240,-13" /><INIT seed="0,1,0,0,4,37" ten="299,237,237,227" oya="0" hai0="32,106,50,98,100,72,127,61,39,95,64,134,112" hai1="21,20,116,120,45,40,123,68,90,56,88,71,14" hai2="18,115,70,24,30,44,13,36,29,99,96,92,57" hai3="105,93,113,131,109,86,110,51,66,84,102,60,77"/><T35/><D39/><U89/><E116/><V74/><F70/><W52/><G113/><T87/><D112/><U12/><E56/><V133/><F74/><W73/><G105/><T104/><D127/><U46/><E90/><V38/><F115/><W94/><G131/><T53/><D134/><U125/><E125/><V6/><F133/><W15/><G73/><T126/><D72/><U118/><E118/><V76/><F76/><W135/><G135/><T8/><D8/><U23/><E21/><V108/><F108/><N who="3" m="41579" /><G15/><T58/><D126/><U59/><E59/><V22/><F36/><W79/><G86/><T55/><D55/><U63/><E63/><V0/><F0/><W28/><G28/><T3/><D3/><U27/><E27/><V130/><F130/><W16/><G16/><T111/><D111/><U101/><E101/><V62/><F44/><N who="3" m="27751" /><G102/><T122/><D104/><U85/><E85/><V65/><F38/><W107/><G107/><T7/><D7/><U129/><E129/><V19/><F6/><W5/><G5/><T31/><D31/><N who="2" m="11786" /><F92/><N who="3" m="35435" /><G84/><T69/><D87/><U4/><E4/><V119/><F119/><W42/><G42/><AGARI ba="1,0" hai="12,14,20,23,40,42,45,46,68,71,88,89,120,123" machi="42" ten="25,8000,1" yaku="22,2,52,2,54,1" doraHai="37" who="1" fromWho="3" sc="299,0,237,83,237,0,227,-83" /><INIT seed="1,0,0,1,3,111" ten="299,320,237,144" oya="1" hai0="51,31,34,48,49,129,116,7,68,11,133,52,3" hai1="81,47,25,42,13,66,53,6,63,26,108,96,114" hai2="59,109,83,36,87,97,57,77,2,28,106,126,4" hai3="54,75,18,16,43,105,20,127,35,23,67,100,85"/><U132/><E132/><V44/><F109/><W32/><G75/><T64/><D116/><U82/><E108/><V92/><F126/><W29/><G127/><T130/><D133/><U24/><E114/><V119/><F119/><W78/><G43/><T80/><D80/><U84/><E53/><V86/><F106/><W72/><G72/><T37/><D37/><U45/><E96/><V128/><F128/><N who="0" m="49258" /><D31/><U93/><E93/><V110/><F110/><W58/><G67/><T91/><D91/><U121/><E121/><V135/><F135/><W98/><G29/><T112/><D34/><U95/><E95/><V120/><F120/><W94/><G20/><T79/><D79/><U8/><E81/><V27/><F87/><W30/><G30/><T123/><D123/><U115/><E115/><V62/><F36/><W69/><G69/><T134/><D112/><U22/><E22/><V104/><F104/><W102/><G18/><T19/><D19/><U60/><E66/><V65/><F4/><W33/><G78/><T12/><D3/><U50/><E47/><V17/><F44/><W14/><G105/><T74/><D74/><U103/><E103/><N who="2" m="60839" /><F2/><W38/><G38/><T113/><D113/><U89/><AGARI ba="0,0" hai="6,8,13,24,25,26,42,45,50,60,63,82,84,89" machi="89" ten="30,3000,0" yaku="0,1,8,1" doraHai="111" who="1" fromWho="1" sc="299,-10,320,30,237,-10,144,-10" /><INIT seed="1,1,0,2,4,117" ten="289,350,227,134" oya="1" hai0="76,34,69,123,82,49,62,124,52,47,80,23,30" hai1="103,60,8,88,54,0,131,99,67,6,77,24,18" hai2="53,116,26,43,121,85,45,35,96,7,16,108,59" hai3="84,4,91,32,28,17,2,9,79,118,15,94,86"/><U90/><E131/><V64/><F108/><W113/><G118/><T111/><D111/><U72/><E77/><V74/><F74/><W27/><G113/><T65/><D124/><U112/><E72/><V130/><F116/><W93/><G79/><T133/><D133/><U87/><E112/><V89/><F130/><W81/><REACH who="3" step="1"/><G84/><REACH who="3" ten="289,350,227,124" step="2"/><T129/><D76/><U10/><E87/><V12/><F85/><W119/><G119/><T97/><D129/><U51/><E24/><V13/><F26/><W50/><G50/><T39/><D39/><U98/><E98/><V11/><F96/><W38/><G38/><T61/><D97/><U42/><E99/><V78/><F78/><W101/><G101/><T110/><D49/><U104/><E103/><V120/><F89/><W57/><G57/><T41/><D69/><U63/><E104/><V25/><F25/><W29/><G29/><T22/><D30/><U3/><E88/><V105/><F105/><W31/><G31/><T126/><D110/><U46/><E90/><V127/><F127/><W106/><G106/><T70/><D70/><U122/><E51/><V55/><F59/><W107/><G107/><T68/><D68/><U56/><E56/><V114/><F114/><W135/><G135/><T109/><D126/><U132/><E132/><V71/><F71/><W134/><G134/><T36/><D36/><U20/><E46/><V40/><F45/><W37/><G37/><T75/><D47/><U100/><E100/><V128/><F128/><W14/><G14/><T73/><D109/><U58/><E58/><V66/><F13/><RYUUKYOKU ba="1,1" sc="289,-10,350,-10,227,-10,124,30" hai3="2,4,9,15,17,27,28,32,81,86,91,93,94" /><INIT seed="2,2,1,4,4,128" ten="279,340,217,154" oya="2" hai0="109,126,4,16,48,106,117,49,82,70,1,103,41" hai1="132,112,43,90,102,40,23,50,18,32,77,92,74" hai2="36,10,122,62,31,9,61,99,110,44,88,95,96" hai3="97,14,54,35,21,121,130,80,133,105,39,73,8"/><V114/><F122/><W71/><G121/><T87/><D70/><U27/><E112/><V5/><F114/><W19/><G35/><T15/><D109/><U118/><E118/><V84/><F110/><W46/><G71/><T51/><D126/><U3/><E3/><V11/><F5/><W64/><G64/><T98/><D117/><U45/><E102/><V42/><F31/><W0/><G130/><T69/><D69/><U12/><E77/><V124/><F124/><W47/><G54/><T63/><D63/><U13/><E74/><V68/><REACH who="2" step="1"/><F68/><REACH who="2" ten="279,340,207,154" step="2"/><W119/><G119/><T85/><D4/><U55/><E32/><V94/><F94/><W76/><G105/><T7/><D7/><U28/><E28/><V129/><F129/><W59/><G0/><T65/><D106/><U135/><E43/><V30/><F30/><W108/><G108/><T101/><D41/><U25/><E40/><V91/><F91/><W22/><G19/><T72/><D16/><N who="1" m="10639" /><E90/><V53/><F53/><W83/><G76/><T37/><D1/><U60/><E92/><V131/><F131/><W107/><G107/><T38/><D103/><U33/><E33/><V57/><F57/><W115/><G59/><T66/><D101/><U120/><E120/><V78/><F78/><W134/><G115/><T58/><D58/><U89/><E89/><V81/><F81/><W24/><G83/><T100/><D82/><U86/><E55/><V111/><F111/><W67/><G80/><T20/><D100/><U79/><E18/><V75/><F75/><W26/><G73/><T123/><D72/><RYUUKYOKU ba="2,2" sc="279,-10,340,-10,207,30,154,-10" hai2="9,10,11,36,42,44,61,62,84,88,95,96,99" /><INIT seed="2,3,2,1,4,116" ten="269,330,237,144" oya="2" hai0="83,93,62,27,54,80,77,67,47,21,130,124,126" hai1="12,99,6,19,115,52,75,105,56,125,33,16,134" hai2="14,120,106,72,74,25,108,65,92,45,7,63,1" hai3="98,31,11,70,94,40,69,109,71,118,107,53,51"/><V49/><F106/><W104/><G118/><T48/><D130/><U132/><E75/><V58/><F1/><W32/><G109/><T0/><D0/><U50/><E33/><V129/><F120/><W119/><G119/><T127/><D93/><U113/><E6/><V103/><F129/><W36/><G40/><T4/><D4/><U61/><E125/><V135/><F135/><N who="1" m="51753" /><E19/><V84/><F108/><W123/><G36/><T15/><D15/><U24/><E24/><V96/><F25/><W43/><G43/><T91/><D91/><U133/><E133/><V87/><F74/><W102/><G123/><T112/><D77/><U23/><E61/><V2/><F72/><W29/><G11/><T121/><D112/><U100/><AGARI ba="3,2" hai="12,16,23,50,52,56,99,100,105,113,115" m="51753" machi="100" ten="30,4000,0" yaku="20,1,54,2" doraHai="116" who="1" fromWho="1" sc="269,-13,330,69,237,-23,144,-13" /><INIT seed="3,0,0,0,1,32" ten="256,399,214,131" oya="3" hai0="114,84,119,118,10,91,115,132,93,43,12,1,121" hai1="49,60,42,36,53,45,34,94,18,82,109,17,9" hai2="27,29,4,26,105,58,110,68,92,67,97,72,90" hai3="117,103,8,22,47,16,102,52,13,98,14,104,76"/><W2/><G117/><T48/><D121/><U129/><E34/><V87/><F110/><W100/><G2/><T15/><D132/><U70/><E109/><V5/><F72/><W6/><G76/><T11/><D48/><U88/><E82/><V128/><F128/><W38/><G38/><T131/><D43/><U35/><E35/><V106/><F68/><W59/><REACH who="3" step="1"/><G47/><REACH who="3" ten="256,399,214,121" step="2"/><T21/><D1/><U89/><E129/><V96/><F106/><W81/><G81/><T54/><D131/><U78/><E78/><V56/><F105/><W7/><G7/><T66/><D119/><U74/><E45/><V61/><F4/><W31/><G31/><T3/><D3/><U80/><E80/><V69/><F5/><W40/><G40/><T57/><D118/><U41/><E41/><V99/><REACH who="2" step="1"/><F26/><REACH who="2" ten="256,399,204,121" step="2"/><W101/><G101/><T107/><D107/><U71/><E36/><V124/><F124/><W64/><G64/><T62/><D66/><U24/><E24/><V130/><F130/><W55/><G55/><T37/><D37/><U0/><E53/><V133/><F133/><W65/><G65/><T113/><D15/><U95/><E42/><V46/><F46/><W108/><G108/><T39/><D39/><U44/><E44/><V83/><F83/><W23/><G23/><AGARI ba="0,2" hai="23,27,29,56,58,61,67,69,87,90,92,96,97,99" machi="23" ten="40,1300,0" yaku="1,1,53,0" doraHai="32" doraHaiUra="120" who="2" fromWho="3" sc="256,0,399,0,204,33,121,-13" /><INIT seed="4,0,0,2,0,30" ten="256,399,237,108" oya="0" hai0="79,100,61,87,20,74,6,84,125,71,115,128,133" hai1="77,78,95,112,18,43,105,134,51,47,35,123,12" hai2="75,113,109,118,50,68,130,5,42,103,126,86,8" hai3="124,52,60,104,0,45,7,11,91,122,110,10,99"/><T90/><D115/><U117/><E105/><V92/><F75/><W13/><G110/><T69/><D6/><U14/><E117/><V62/><F118/><W111/><G111/><T17/><D125/><U67/><E123/><V40/><F109/><W80/><G124/><T101/><D128/><U81/><E134/><V3/><F113/><W59/><G122/><T29/><D29/><U48/><E112/><V46/><F126/><W121/><G121/><T2/><D2/><U64/><E35/><V21/><F130/><W93/><G104/><T28/><D28/><U89/><E51/><V63/><F40/><W16/><G80/><T19/><D74/><U36/><E36/><V24/><F68/><W22/><REACH who="3" step="1"/><G45/><REACH who="3" ten="256,399,237,98" step="2"/><T26/><D133/><U85/><E78/><V106/><F106/><W49/><G49/><T34/><D79/><U41/><E48/><V33/><F50/><W4/><G4/><T82/><D82/><U9/><E47/><V108/><F46/><W127/><G127/><T96/><D61/><U23/><E43/><V102/><F42/><W39/><G39/><T56/><D71/><U58/><E41/><V15/><F108/><W54/><G54/><T98/><D69/><U119/><E119/><V72/><F63/><W131/><G131/><T44/><D44/><U70/><E70/><V55/><F55/><W37/><G37/><T97/><D56/><U25/><E58/><V1/><F5/><W38/><G38/><T27/><D101/><U73/><E67/><V107/><F103/><W94/><G94/><T31/><D100/><U76/><E64/><RYUUKYOKU ba="0,1" sc="256,-10,399,-10,237,-10,98,30" hai3="0,7,10,11,13,16,22,52,59,60,91,93,99" /><INIT seed="5,1,1,2,4,69" ten="246,389,227,128" oya="1" hai0="13,22,113,84,110,33,66,5,7,62,32,80,95" hai1="115,130,64,54,134,12,40,9,97,106,75,61,23" hai2="109,98,111,70,88,96,6,45,49,55,18,76,124" hai3="14,103,39,67,86,26,125,28,57,87,126,93,36"/><U19/><E75/><V102/><F70/><W52/><G67/><T121/><D110/><U58/><E115/><V38/><F124/><N who="3" m="47723" /><G14/><T0/><D121/><U21/><E134/><V30/><F30/><W24/><G24/><T89/><D113/><U71/><E130/><V131/><F131/><W63/><G103/><T79/><D0/><U10/><E10/><V2/><F76/><W37/><G93/><T100/><D100/><U94/><E40/><V101/><F18/><W83/><G83/><T133/><D133/><U92/><E92/><V74/><F74/><W123/><G123/><T59/><D5/><U81/><E81/><V1/><F6/><W78/><G78/><T68/><D68/><U114/><E106/><V91/><F55/><W41/><G41/><T27/><D13/><U11/><E11/><V119/><F1/><W43/><G43/><T34/><D7/><U105/><E105/><V51/><F2/><W108/><G108/><T29/><REACH who="0" step="1"/><D34/><AGARI ba="1,1" hai="26,28,34,36,37,39,52,57,63,86,87" m="47723" machi="34" ten="40,8000,1" yaku="18,1,52,3,54,1" doraHai="69" who="3" fromWho="0" sc="246,-83,389,0,227,0,128,93" /><INIT seed="6,0,0,2,2,118" ten="163,389,227,221" oya="2" hai0="95,75,123,131,88,112,94,100,20,34,78,32,10" hai1="17,128,54,71,18,56,114,5,120,83,127,129,130" hai2="74,19,55,111,102,36,66,67,41,132,85,91,115" hai3="60,22,106,79,12,9,7,29,13,113,98,65,121"/><V35/><F74/><W122/><G113/><T61/><D112/><U82/><E114/><V30/><F115/><W42/><G79/><T110/><D131/><U89/><E71/><V2/><F2/><W58/><G42/><T33/><D110/><U126/><E5/><V69/><F69/><W39/><G39/><T49/><D78/><U51/><E120/><V116/><F116/><W27/><G106/><T21/><D75/><U3/><E3/><V1/><F1/><W52/><G98/><T25/><D100/><U26/><E89/><V47/><F102/><W44/><G12/><T96/><D123/><U90/><E90/><V119/><F119/><W23/><G23/><T31/><D95/><U105/><E105/><V68/><F68/><W57/><G44/><T24/><D10/><U50/><E50/><AGARI ba="0,0" hai="7,9,13,22,27,29,50,52,57,58,60,65,121,122" machi="50" ten="30,7700,0" yaku="7,1,52,2,54,1" doraHai="118" who="3" fromWho="1" sc="163,0,389,-77,227,0,221,77" /><INIT seed="7,0,0,4,4,29" ten="163,312,227,298" oya="3" hai0="12,63,27,83,10,47,3,9,71,129,93,26,16" hai1="75,69,48,64,128,77,20,49,109,74,130,31,61" hai2="66,92,4,50,76,107,55,117,68,120,133,19,41" hai3="112,102,7,106,84,90,45,57,22,33,54,132,11"/><W127/><G33/><T99/><D129/><N who="1" m="49771" /><E109/><V125/><F107/><W80/><G112/><T60/><D83/><N who="1" m="45495" /><E75/><V67/><F117/><W14/><G132/><T88/><D47/><U116/><E116/><V104/><F104/><W30/><G127/><T24/><REACH who="0" step="1"/><D71/><REACH who="0" ten="153,312,227,298" step="2"/><U100/><E69/><V8/><F68/><W73/><G45/><T44/><D44/><U113/><E113/><V131/><F133/><W122/><G122/><T25/><N who="0" m="6144" /><DORA hai="105" /><T15/><D15/><U85/><E31/><V115/><F115/><W51/><G30/><T70/><D70/><U135/><E135/><V103/><F120/><W134/><G134/><T56/><D56/><U96/><E64/><V65/><F67/><W111/><G111/><T121/><D121/><U89/><E20/><V79/><F66/><W94/><G22/><T119/><D119/><U108/><E108/><V6/><F65/><W97/><G80/><T43/><D43/><U53/><E53/><V124/><F55/><W17/><G73/><T98/><D98/><U62/><E96/><V95/><F41/><W78/><G78/><T110/><D110/><U37/><E37/><V72/><F79/><W114/><G114/><T42/><D42/><U23/><E23/><V1/><F76/><W0/><G14/><T34/><D34/><U58/><E58/><V59/><F59/><W28/><G28/><T82/><D82/><U91/><E100/><V5/><F103/><W87/><G87/><T81/><D81/><U118/><E85/><V86/><F86/><W101/><G102/><T35/><D35/><U21/><E118/><RYUUKYOKU ba="0,1" sc="153,15,312,-15,227,-15,298,15" hai0="3,9,10,12,16,60,63,88,93,99" hai3="0,7,11,17,51,54,57,84,90,94,97,101,106" owari="168,-33.0,297,10.0,212,-19.0,323,42.0" /></mjloggm>