<mjloggm ver="2.3"><GO type="169" lobby="0"/><UN n0="%68%65%61%6C%74%68%79%37" n1="%E3%83%92%E3%81%A8%E3%82%B7" n2="%E5%8D%9A%E9%BA%97%E3%82%86%E3%81%8B%E3%82%8A" n3="%E3%83%88%E3%83%88%E3%83%AA%E5%85%88%E7%94%9F%31%39%E6%AD%B3" dan="16,16,16,19" rate="2130.14,2110.56,2125.63,2275.02" sx="M,M,M,F"/><TAIKYOKU oya="0"/><INIT seed="0,0,0,4,5,42" ten="250,250,250,250" oya="0" hai0="96,134,127,112,15,37,135,47,54,65,84,38,32" hai1="113,66,80,30,53,4,76,59,56,105,13,45,107" hai2="98,99,63,79,120,74,108,43,123,0,14,72,36" hai3="19,69,116,6,128,1,131,124,78,22,17,110,91"/><T85/><D112/><U51/><E113/><V89/><F0/><W16/><G69/><T52/><D32/><U83/><E30/><V100/><F63/><W9/><G78/><T62/><D96/><U119/><E119/><V133/><F14/><W35/><G35/><T97/><D97/><U102/><E102/><V40/><F36/><N who="0" m="13930" /><D15/><U61/><E80/><V31/><F31/><W103/><G103/><T23/><D23/><U50/><E4/><V121/><F40/><W29/><G91/><T18/><D18/><U25/><E25/><V125/><F43/><W106/><G106/><T27/><D27/><U26/><E26/><V71/><F71/><W130/><G124/><T101/><D101/><U90/><E90/><V118/><F125/><W8/><G116/><T3/><D3/><U49/><E13/><V57/><F118/><W33/><G33/><T109/><D127/><U132/><E105/><N who="2" m="63639" /><F79/><W67/><G67/><T10/><D10/><U126/><E107/><V75/><F133/><N who="0" m="50698" /><D109/><U60/><E132/><V77/><F108/><W24/><G110/><T104/><D104/><U20/><E126/><V11/><F11/><AGARI ba="0,0" hai="1,6,8,9,11,16,17,19,22,24,29,128,130,131" machi="11" ten="50,8000,1" yaku="19,1,34,3,54,1" doraHai="42" who="3" fromWho="2" sc="250,0,250,0,250,-80,250,80" /><INIT seed="1,0,0,1,2,24" ten="250,250,170,330" oya="1" hai0="4,32,106,95,98,121,31,21,91,41,37,123,30" hai1="110,46,45,62,73,93,87,20,48,72,117,11,108" hai2="90,128,124,2,77,12,43,50,0,8,33,29,65" hai3="68,129,59,15,105,102,133,130,126,52,113,27,5"/><U80/><E117/><V131/><F65/><W122/><G113/><T36/><D32/><U99/><E62/><V18/><F77/><W1/><G122/><N who="0" m="46603" /><D21/><U116/><E116/><V10/><F90/><W38/><G68/><T74/><D74/><U54/><E11/><N who="2" m="6431" /><F50/><W82/><G38/><N who="0" m="14955" /><D41/><U55/><E20/><V6/><F43/><W70/><G1/><N who="2" m="617" /><F124/><W22/><G126/><T135/><D4/><U51/><E87/><V57/><F57/><W107/><G70/><T17/><D17/><U61/><E61/><V103/><F103/><W88/><G102/><N who="0" m="62807" /><D135/><U111/><E80/><V35/><F33/><W49/><G133/><T118/><D118/><U120/><E120/><V58/><F58/><W112/><G105/><T44/><D44/><U60/><E60/><V13/><F10/><N who="3" m="4559" /><G107/><T26/><D26/><AGARI ba="0,0" hai="6,8,13,26,29,35,128,131" m="617,6431" machi="26" ten="30,3900,0" yaku="34,2,52,1" doraHai="24" who="2" fromWho="0" sc="250,-39,250,0,170,39,330,0" /><INIT seed="2,0,0,4,2,119" ten="211,250,209,330" oya="2" hai0="52,47,22,76,20,112,109,9,28,31,63,71,34" hai1="8,32,102,129,18,11,61,96,98,101,29,2,82" hai2="23,100,110,97,106,72,107,131,45,118,3,7,66" hai3="17,5,111,105,116,58,93,86,132,15,78,38,62"/><V113/><F118/><W99/><G116/><T44/><D112/><U88/><E129/><V42/><F113/><W55/><G38/><T0/><D109/><U85/><E32/><V135/><F131/><W83/><G111/><T25/><D76/><U36/><E36/><V128/><F128/><W12/><G132/><T75/><D75/><U60/><E29/><V122/><F110/><W64/><G105/><T49/><D47/><U40/><E40/><V27/><F135/><W77/><G77/><T79/><D79/><U134/><E134/><V4/><F72/><W65/><G5/><T69/><D63/><N who="1" m="24139" /><E2/><V39/><F107/><W51/><G17/><T54/><D54/><U48/><E48/><V50/><F66/><W89/><REACH who="3" step="1"/><G64/><REACH who="3" ten="211,250,209,320" step="2"/><T90/><D31/><U103/><E18/><V26/><F39/><W67/><G67/><T30/><D30/><U10/><AGARI ba="0,1" hai="8,10,11,82,85,88,96,98,101,102,103" m="24139" machi="10" ten="40,2700,0" yaku="8,1,54,1" doraHai="119" who="1" fromWho="1" sc="211,-7,250,37,209,-13,320,-7" /><INIT seed="3,0,0,1,4,116" ten="204,287,196,313" oya="3" hai0="115,3,111,112,132,72,1,75,23,128,8,37,86" hai1="126,28,108,18,31,124,11,53,65,85,24,71,14" hai2="47,59,6,42,123,62,58,50,19,104,7,101,120" hai3="57,73,97,102,67,36,34,76,44,32,39,131,61"/><W114/><G114/><N who="0" m="43563" /><D111/><U92/><E108/><V113/><F113/><W12/><G131/><T135/><D37/><U30/><E65/><N who="2" m="39127" /><F59/><W77/><G36/><T105/><D105/><U63/><E63/><V99/><F19/><W35/><G73/><N who="0" m="28235" /><D128/><U27/><E71/><V40/><F42/><W78/><G12/><T17/><D86/><U26/><E53/><V130/><F130/><W5/><G5/><N who="0" m="1071" /><D3/><U93/><REACH who="1" step="1"/><E85/><REACH who="1" ten="204,277,196,313" step="2"/><V88/><F40/><W13/><G67/><T51/><D51/><U98/><E98/><V48/><F50/><W79/><G39/><T122/><D132/><U2/><E2/><V87/><F48/><W81/><G61/><T70/><D70/><U109/><E109/><V121/><F47/><W118/><G44/><T25/><D135/><U82/><E82/><AGARI ba="0,1" hai="6,7,82,87,88,99,101,104,120,121,123" m="39127" machi="82" ten="30,8000,1" yaku="13,1,52,3,54,1" doraHai="116" who="2" fromWho="1" sc="204,0,277,-80,196,90,313,0" /><INIT seed="4,0,0,1,3,66" ten="204,197,286,313" oya="0" hai0="101,30,102,11,60,80,125,10,31,5,97,56,89" hai1="92,50,4,22,52,79,17,118,44,98,63,121,75" hai2="61,59,58,35,85,126,130,49,106,133,48,26,53" hai3="112,3,37,29,32,93,67,28,76,91,84,120,68"/><T116/><D116/><U21/><E118/><V82/><F106/><W95/><G37/><T36/><D36/><U81/><E121/><V70/><F133/><W132/><G3/><T33/><D125/><U51/><E4/><V69/><F130/><W42/><G42/><T9/><D5/><U90/><E17/><V23/><F35/><W72/><G132/><T123/><D123/><U47/><REACH who="1" step="1"/><E63/><REACH who="1" ten="204,187,286,313" step="2"/><V129/><F61/><W65/><G120/><T135/><D135/><U43/><AGARI ba="0,1" hai="21,22,43,44,47,50,51,52,75,79,81,90,92,98" machi="43" ten="20,8000,1" yaku="1,1,2,1,0,1,7,1,54,1,53,0" doraHai="66" doraHaiUra="127" who="1" fromWho="1" sc="204,-40,187,90,286,-20,313,-20" /><INIT seed="5,0,0,2,5,72" ten="164,277,266,293" oya="1" hai0="14,15,77,34,41,50,106,134,105,70,5,32,104" hai1="90,87,25,6,130,92,114,37,74,55,64,133,97" hai2="102,52,112,115,62,111,28,100,18,9,93,59,84" hai3="42,113,94,31,11,1,73,91,2,39,86,40,51"/><U21/><E74/><V109/><F28/><W135/><G39/><T67/><D134/><U118/><E118/><V124/><F124/><W19/><G73/><T30/><D70/><U22/><E133/><V127/><F127/><W120/><G120/><T88/><D67/><U63/><E37/><V96/><F84/><W48/><G135/><T128/><D128/><U121/><E114/><N who="2" m="43563" /><F102/><W117/><G117/><T35/><D30/><U107/><E130/><V54/><F54/><W44/><G113/><T75/><D88/><U38/><E38/><V98/><F96/><W103/><G31/><T4/><D50/><U78/><E6/><N who="0" m="2665" /><D41/><U53/><E107/><V36/><F36/><W49/><G103/><T45/><D45/><U47/><E121/><V69/><F69/><W131/><G131/><T56/><D56/><N who="1" m="36967" /><E47/><V119/><F119/><W83/><G44/><T0/><D0/><U7/><E7/><V108/><F108/><W61/><G2/><T66/><D66/><U110/><E110/><V13/><AGARI ba="0,0" hai="9,13,18,52,59,62,93,98,100,109,111" m="43563" machi="13" ten="30,4000,0" yaku="15,1,11,1,54,1" doraHai="72" who="2" fromWho="2" sc="164,-10,277,-20,266,40,293,-10" /><INIT seed="6,0,0,1,2,26" ten="154,257,306,283" oya="2" hai0="122,1,51,12,22,35,58,113,114,90,39,64,79" hai1="96,119,97,103,9,83,104,117,23,74,110,55,98" hai2="106,127,6,87,19,38,63,15,77,10,27,93,69" hai3="131,36,81,25,60,95,84,128,48,70,135,91,112"/><V37/><F106/><W14/><G36/><T59/><D122/><U125/><E110/><V124/><F69/><W31/><G135/><T32/><D1/><U115/><E9/><V88/><F77/><W5/><G112/><N who="0" m="43115" /><D39/><U68/><E115/><V121/><F121/><W118/><G118/><T102/><D79/><N who="1" m="44535" /><E55/><V134/><F134/><W123/><G123/><T94/><D102/><N who="1" m="62535" /><E23/><N who="2" m="13823" /><F63/><W41/><G41/><T43/><D43/><U120/><E68/><V116/><F116/><N who="1" m="44617" /><E120/><V92/><F38/><W108/><G48/><T101/><D101/><U20/><E20/><V107/><F37/><W28/><G108/><T16/><D64/><U44/><E44/><V46/><F46/><W129/><G25/><T50/><D51/><U18/><E18/><V105/><F105/><W66/><G14/><T24/><D24/><U17/><E17/><V57/><F107/><W78/><G5/><T61/><D50/><U126/><E103/><V4/><F6/><W7/><G7/><T40/><D40/><U49/><E49/><V34/><F4/><W62/><G60/><T111/><D111/><U132/><E132/><V75/><F10/><W11/><G11/><T21/><D21/><U0/><E0/><V8/><F8/><W54/><G54/><N who="0" m="34007" /><D59/><U76/><E76/><V99/><F57/><W133/><G133/><T130/><D130/><U52/><E52/><V71/><F71/><W73/><AGARI ba="0,0" hai="28,31,62,66,70,73,78,81,84,91,95,128,129,131" machi="73" ten="30,7900,0" yaku="0,1,19,1,52,2" doraHai="26" who="3" fromWho="3" sc="154,-20,257,-20,306,-39,283,79" /><INIT seed="7,0,0,4,1,25" ten="134,237,267,362" oya="3" hai0="50,44,68,110,79,103,24,10,15,30,31,40,11" hai1="100,3,13,14,94,120,39,106,83,58,82,34,43" hai2="76,128,104,130,91,92,41,118,123,127,29,87,108" hai3="133,88,98,32,102,54,70,18,62,21,56,47,37"/><W55/><G32/><T4/><D68/><U126/><E3/><V99/><F41/><W52/><G70/><T113/><D110/><U38/><E34/><V28/><F108/><W2/><G2/><T26/><D113/><U93/><E106/><V0/><F0/><W17/><G133/><T1/><D103/><U105/><E105/><V27/><F27/><N who="3" m="14767" /><G102/><T69/><D69/><U129/><E100/><N who="2" m="62495" /><F127/><W45/><G18/><T8/><D1/><U19/><E129/><V81/><F118/><W73/><G73/><T80/><D26/><U114/><E120/><V75/><F123/><W51/><G37/><T85/><REACH who="0" step="1"/><D31/><AGARI ba="0,0" hai="28,29,31,75,76,81,87,91,92,128,130" m="62495" machi="31" ten="30,7700,0" yaku="24,1,52,3" doraHai="25" who="2" fromWho="0" sc="134,-77,237,0,267,77,362,0" owari="57,-44.0,237,-16.0,344,14.0,362,46.0" /></mjloggm>