<mjloggm ver="2.3"><GO type="225" lobby="0"/><UN n0="%65%71%6D%6D" n1="%74%61%74%73%75%37%30%32" n2="%E3%82%AB%E3%83%A9%E3%82%B9%E3%81%AE%E5%AD%90" n3="%E5%B0%B1%E6%B4%BB%E7%94%9F%40%E5%B7%9D%E6%9D%91%E8%BB%8D%E5%9B%A3" dan="16,16,17,17" rate="2097.09,2189.29,2181.94,2196.72" sx="M,M,M,M"/><TAIKYOKU oya="0"/><INIT seed="0,0,0,2,2,44" ten="250,250,250,250" oya="0" hai0="120,112,63,25,3,18,10,42,110,29,26,135,77" hai1="51,69,72,36,81,15,41,111,107,119,19,2,91" hai2="78,85,14,11,122,52,132,82,70,47,38,114,108" hai3="0,53,35,134,103,32,16,124,113,93,21,48,64"/><T7/><D112/><U76/><E111/><V37/><F122/><W23/><G0/><T115/><D115/><U75/><E2/><V20/><F114/><W33/><G113/><T58/><D120/><U74/><E36/><V121/><F121/><W17/><G64/><T71/><D71/><U87/><E69/><V1/><F70/><W55/><G134/><T66/><D135/><U127/><E127/><V39/><F132/><W73/><G73/><T6/><D110/><U105/><E119/><V61/><F108/><W125/><G93/><T31/><D77/><U27/><E27/><V90/><F1/><W56/><G103/><T130/><D130/><U88/><E107/><V46/><F20/><W97/><G97/><T67/><D42/><U60/><E60/><V96/><F96/><W86/><G86/><T117/><D117/><U99/><E99/><V43/><F78/><W84/><G84/><T34/><D6/><U62/><E62/><V126/><F126/><N who="3" m="48747" /><G55/><T109/><D109/><U98/><E98/><V8/><F8/><W118/><G118/><T59/><D18/><AGARI ba="0,0" hai="16,17,18,21,23,32,33,35,48,53,56" m="48747" machi="18" ten="40,5200,0" yaku="18,1,52,1,54,1" doraHai="44" who="3" fromWho="0" sc="250,-52,250,0,250,0,250,52" /><INIT seed="1,0,0,5,1,118" ten="198,250,250,302" oya="1" hai0="34,1,0,39,121,76,41,6,32,73,57,85,97" hai1="89,54,120,13,49,20,103,101,100,72,52,90,10" hai2="125,12,132,74,122,95,102,62,81,114,35,112,88" hai3="50,71,15,68,21,116,51,7,128,46,5,2,129"/><U86/><E120/><V70/><F35/><N who="0" m="13354" /><D85/><U29/><E72/><V31/><F31/><W48/><G116/><T14/><D14/><U124/><E124/><V77/><F125/><W4/><G2/><N who="0" m="1131" /><D6/><U92/><E90/><V23/><F132/><W131/><G46/><N who="0" m="23871" /><D97/><U113/><E113/><N who="2" m="43627" /><F102/><W38/><G38/><T79/><D79/><U28/><E20/><V93/><F93/><W40/><G40/><T126/><D57/><N who="1" m="32911" /><E54/><V53/><F53/><W123/><G123/><T110/><D110/><U78/><E78/><V30/><F12/><W134/><G134/><T130/><D126/><U106/><E106/><V117/><F117/><W16/><AGARI ba="0,0" hai="4,5,7,15,16,21,48,50,51,68,71,128,129,131" machi="16" ten="40,8000,1" yaku="0,1,29,2,19,1,54,1" doraHai="118" who="3" fromWho="3" sc="198,-20,250,-40,250,-20,302,80" /><INIT seed="2,0,0,5,0,119" ten="178,210,230,382" oya="2" hai0="126,66,100,76,8,11,52,18,12,26,130,107,19" hai1="0,44,61,111,120,50,128,56,86,58,127,122,95" hai2="90,28,7,77,67,2,99,84,46,81,6,109,74" hai3="36,116,85,68,42,87,110,43,25,47,91,80,121"/><V16/><F28/><W79/><G121/><N who="1" m="46698" /><E0/><V106/><F2/><W35/><G110/><T29/><D126/><U83/><E111/><V105/><F109/><W31/><G68/><T38/><D130/><U49/><E127/><V96/><F67/><W112/><G112/><T135/><D135/><U33/><E33/><V23/><F46/><W94/><G116/><T134/><D134/><U113/><E128/><V131/><F131/><W24/><G24/><T54/><D38/><U118/><E113/><V102/><F99/><W108/><G108/><T60/><D76/><N who="1" m="46439" /><E118/><V59/><F106/><W75/><G43/><T53/><D100/><U9/><E9/><V48/><F48/><N who="1" m="18537" /><E44/><V3/><F3/><W115/><G115/><T15/><D107/><U65/><E95/><N who="2" m="54727" /><F59/><AGARI ba="0,0" hai="56,58,59,61,65" m="18537,46439,46698" machi="59" ten="30,7700,0" yaku="13,1,52,3" doraHai="119" who="1" fromWho="2" sc="178,0,210,77,230,-77,382,0" /><INIT seed="3,0,0,5,3,37" ten="178,287,153,382" oya="3" hai0="88,106,82,94,41,35,43,22,87,80,125,108,110" hai1="75,47,101,73,107,117,95,0,129,8,2,79,74" hai2="4,29,122,46,39,100,123,78,16,26,132,92,128" hai3="54,36,49,18,7,69,61,38,1,65,40,27,50"/><W44/><G1/><T19/><D35/><U131/><E117/><V70/><F70/><W77/><G7/><T104/><D125/><U14/><E107/><V98/><F4/><W66/><G77/><T102/><D104/><U81/><E95/><V34/><F78/><W17/><G65/><T31/><D31/><U28/><E101/><V60/><F60/><W3/><G3/><T83/><D102/><U105/><E105/><V33/><F33/><W71/><G71/><T96/><D96/><U10/><E28/><V12/><F132/><W11/><G11/><T84/><D84/><N who="1" m="48191" /><E10/><V114/><F114/><W103/><G103/><T58/><D58/><U25/><E47/><V119/><F128/><N who="1" m="49225" /><E25/><V42/><REACH who="2" step="1"/><F119/><REACH who="2" ten="178,287,143,382" step="2"/><W24/><G61/><T109/><D106/><U133/><E133/><V120/><F120/><W6/><G69/><T62/><D62/><U30/><E0/><V121/><F121/><W52/><G6/><T124/><D124/><U15/><E2/><V86/><F86/><W89/><G66/><T21/><D21/><AGARI ba="0,1" hai="12,16,21,26,29,34,39,42,46,92,98,100,122,123" machi="21" ten="40,5200,0" yaku="1,1,52,1,54,1,53,0" doraHai="37" doraHaiUra="126" who="2" fromWho="0" sc="178,-52,287,0,143,62,382,0" owari="126,-37.0,287,9.0,205,-19.0,382,47.0" /></mjloggm>