<mjloggm ver="2.3"><GO type="169" lobby="0"/><UN n0="%6A%69%6E%6B%61%69" n1="%4A%75%6E%65%52%61%69%6E" n2="%6D%61%73%61%73%69%6F" n3="%E5%B0%B1%E6%B4%BB%E7%94%9F%40%E5%B7%9D%E6%9D%91%E8%BB%8D%E5%9B%A3" dan="16,16,16,18" rate="2059.86,2078.49,2142.07,2246.39" sx="M,M,M,M"/><TAIKYOKU oya="0"/><INIT seed="0,0,0,4,2,20" ten="250,250,250,250" oya="0" hai0="47,6,99,59,4,109,22,85,35,49,37,132,33" hai1="38,26,86,125,57,76,67,84,61,63,34,130,2" hai2="105,31,5,82,77,27,134,128,30,11,16,55,107" hai3="15,112,69,51,124,126,1,103,98,79,18,44,96"/><T29/><D132/><U74/><E2/><V80/><F134/><W93/><G1/><T91/><D109/><U62/><E38/><V13/><F128/><W19/><G112/><T12/><D99/><U122/><E122/><V121/><F121/><W65/><G79/><T102/><D102/><U40/><E130/><V117/><F117/><W32/><G32/><T3/><D37/><U64/><E40/><V104/><F31/><W100/><G65/><T123/><D123/><U116/><E116/><V56/><F5/><W94/><G69/><T58/><D3/><U14/><E125/><V83/><F77/><W110/><G110/><T129/><D129/><U45/><E45/><V46/><F46/><W133/><G133/><T73/><D73/><U39/><E39/><V41/><F41/><W68/><G68/><T78/><D78/><U17/><E74/><V54/><REACH who="2" step="1"/><F56/><REACH who="2" ten="250,250,240,250" step="2"/><W25/><G124/><T101/><D58/><U75/><E76/><V8/><F8/><W10/><G126/><T115/><D59/><U24/><E75/><V108/><F108/><W70/><G70/><T72/><D6/><U111/><E111/><V21/><AGARI ba="0,1" hai="11,13,16,21,27,30,54,55,80,82,83,104,105,107" machi="21" ten="40,8000,1" yaku="1,1,0,1,52,1,54,1,53,0" doraHai="20" doraHaiUra="89" who="2" fromWho="2" sc="250,-40,250,-20,240,90,250,-20" /><INIT seed="1,0,0,3,1,29" ten="210,230,330,230" oya="1" hai0="89,90,112,44,77,111,17,52,10,105,104,68,4" hai1="9,74,11,82,31,40,73,1,62,35,133,116,25" hai2="18,85,109,8,24,126,13,2,102,118,54,47,30" hai3="3,26,53,114,103,59,64,97,51,95,100,27,94"/><U115/><E115/><V69/><F109/><W28/><G114/><T108/><D68/><U55/><E116/><V23/><F118/><W66/><G3/><T124/><D112/><U88/><E40/><V65/><F126/><W106/><G26/><T75/><D17/><U63/><E133/><V134/><F134/><W101/><G106/><T43/><D52/><U117/><E117/><V79/><F102/><W38/><G38/><N who="0" m="21623" /><D89/><U0/><E0/><V113/><F113/><W39/><G39/><T128/><D90/><U122/><E122/><V14/><F2/><W50/><G50/><T33/><D33/><U67/><E55/><V91/><F79/><W15/><G15/><N who="0" m="5575" /><D128/><U78/><E73/><V58/><F69/><W48/><G48/><T99/><D99/><U87/><E1/><V127/><F127/><W93/><REACH who="3" step="1"/><G97/><REACH who="3" ten="210,230,330,220" step="2"/><T83/><D124/><U37/><E37/><V135/><F135/><W5/><G5/><T121/><D121/><U130/><E130/><V6/><F14/><W132/><G132/><T34/><D105/><U45/><E45/><V86/><F6/><W84/><G84/><T70/><D104/><U41/><E41/><V21/><F85/><W96/><G96/><T107/><D107/><U20/><E62/><N who="2" m="38103" /><F24/><W125/><G125/><T46/><D108/><U80/><REACH who="1" step="1"/><E20/><AGARI ba="0,1" hai="20,27,28,51,53,59,64,66,93,94,95,100,101,103" machi="20" ten="40,2600,0" yaku="1,1,8,1,53,0" doraHai="29" doraHaiUra="57" who="3" fromWho="1" sc="210,0,230,-26,330,0,220,36" /><INIT seed="2,0,0,1,3,80" ten="210,204,330,256" oya="2" hai0="31,98,112,135,43,100,49,60,45,27,26,84,104" hai1="134,55,48,0,122,29,56,75,96,78,110,66,108" hai2="22,8,38,95,124,73,83,121,70,36,119,11,131" hai3="61,90,88,32,89,15,17,33,126,109,53,30,118"/><V10/><F70/><W6/><G118/><T91/><D112/><U81/><E0/><V65/><F65/><W115/><G126/><T20/><D135/><U12/><E134/><V74/><F121/><W9/><G109/><N who="1" m="42090" /><E122/><V19/><F119/><W102/><G102/><T7/><D7/><U103/><E29/><V3/><F124/><W25/><G115/><T58/><D27/><U13/><E66/><V59/><F59/><W76/><G76/><T133/><D133/><U18/><E18/><V28/><F131/><W40/><G40/><T111/><D111/><U52/><E55/><V47/><F3/><W85/><G33/><T68/><D68/><U71/><E71/><V117/><F28/><W51/><G61/><T93/><D58/><U79/><E79/><V16/><F117/><W62/><G62/><T34/><REACH who="0" step="1"/><D60/><REACH who="0" ten="200,204,330,256" step="2"/><U123/><E123/><V72/><F47/><W101/><G6/><T92/><D92/><AGARI ba="0,1" hai="12,13,48,52,56,75,78,81,92,96,103" m="42090" machi="92" ten="30,2000,0" yaku="14,1,54,1" doraHai="80" who="1" fromWho="0" sc="200,-20,204,30,330,0,256,0" /><INIT seed="3,0,0,0,3,97" ten="180,234,330,256" oya="3" hai0="39,105,2,45,130,91,117,50,46,82,47,124,113" hai1="62,42,75,26,40,90,115,49,103,68,109,60,123" hai2="85,63,107,3,104,118,5,87,120,86,125,54,110" hai3="22,83,1,21,135,55,94,51,72,79,134,84,73"/><W52/><G1/><T106/><D2/><U96/><E115/><V11/><F118/><W77/><G94/><T57/><D113/><U15/><E123/><V36/><F36/><W44/><G55/><T81/><D117/><U37/><E75/><V102/><F110/><W121/><G121/><T32/><D32/><U59/><E109/><V53/><F120/><W28/><G28/><T13/><D124/><U34/><E37/><V27/><F125/><W43/><G43/><T33/><D33/><U48/><E68/><V133/><F133/><N who="3" m="50699" /><G79/><T41/><D130/><U7/><E34/><V12/><F3/><W122/><G122/><T80/><D57/><U98/><E26/><V29/><F63/><W95/><G73/><T30/><D30/><U129/><E129/><V19/><F29/><W35/><G35/><T116/><D116/><U56/><E15/><V64/><F64/><W128/><G128/><T8/><D91/><AGARI ba="0,0" hai="21,22,44,51,52,72,77,83,84,91,95" m="50699" machi="91" ten="30,2900,0" yaku="20,1,54,1" doraHai="97" who="3" fromWho="0" sc="180,-29,234,0,330,0,256,29" /><INIT seed="3,1,0,5,2,18" ten="151,234,330,285" oya="3" hai0="11,32,17,45,31,80,133,26,54,124,84,50,39" hai1="16,78,24,57,37,62,14,48,56,41,66,20,19" hai2="81,27,107,52,60,89,112,40,28,87,86,101,4" hai3="134,79,53,122,12,127,46,91,30,111,85,88,82"/><W47/><G122/><T95/><D124/><U132/><E132/><V59/><F112/><W29/><G134/><T93/><D39/><U72/><E37/><V96/><F4/><W36/><G127/><T118/><D118/><U34/><E72/><V77/><F40/><W130/><G130/><T129/><D129/><U9/><E78/><V61/><F61/><W110/><G12/><T108/><D108/><N who="3" m="41513" /><G36/><T22/><D133/><U121/><E121/><V65/><F65/><W75/><G91/><N who="0" m="51591" /><D32/><U21/><E34/><V94/><F27/><W0/><G0/><T100/><D100/><U97/><E97/><V92/><REACH who="2" step="1"/><F28/><REACH who="2" ten="151,234,320,285" step="2"/><N who="3" m="10859" /><G53/><T44/><D44/><N who="1" m="25615" /><E56/><V38/><F38/><W102/><G102/><T58/><D58/><U106/><E106/><AGARI ba="1,1" hai="52,59,60,77,81,86,87,89,92,94,96,101,106,107" machi="106" ten="40,2600,0" yaku="1,1,54,1,53,0" doraHai="18" doraHaiUra="114" who="2" fromWho="1" sc="151,0,234,-29,320,39,285,0" /><INIT seed="4,0,0,1,3,79" ten="151,205,359,285" oya="0" hai0="9,73,46,64,111,29,89,91,102,15,49,66,128" hai1="122,107,33,133,96,60,41,65,129,57,105,82,45" hai2="39,114,47,3,54,58,40,75,113,95,80,72,77" hai3="84,28,119,31,81,134,43,103,2,88,14,55,22"/><T116/><D73/><U70/><E122/><V135/><F3/><W92/><G2/><T42/><D116/><U101/><E133/><V59/><F135/><W67/><G119/><T110/><D128/><U19/><E129/><V27/><F75/><W68/><G68/><T24/><D102/><U74/><E33/><V115/><F54/><W130/><G67/><T37/><D37/><U7/><E7/><V8/><F8/><W18/><G130/><T25/><D64/><U34/><E34/><V51/><F39/><W117/><G117/><T126/><D66/><U5/><E5/><V61/><F61/><W30/><G43/><T56/><D56/><U52/><E107/><V118/><F118/><W131/><G131/><T71/><D71/><U97/><E19/><V12/><F12/><W32/><G134/><T121/><D126/><U0/><E0/><V44/><F44/><W123/><G123/><T86/><D121/><U112/><E112/><V35/><F95/><W38/><G38/><T78/><D78/><U17/><E17/><V83/><F83/><W94/><G32/><N who="0" m="20519" /><D25/><U6/><E74/><V87/><F72/><W1/><G1/><T53/><D86/><U98/><E82/><V127/><F127/><W125/><G125/><T62/><D62/><U63/><REACH who="1" step="1"/><E6/><REACH who="1" ten="151,195,359,285" step="2"/><V69/><F113/><W90/><G18/><N who="0" m="8559" /><D42/><U132/><E132/><V20/><F114/><W100/><G28/><T120/><D120/><U108/><E108/><AGARI ba="0,1" hai="46,49,53,89,91,108,110,111" m="8559,20519" machi="108" ten="30,1500,0" yaku="10,1" doraHai="79" who="0" fromWho="1" sc="151,25,195,-15,359,0,285,0" /><INIT seed="4,1,0,2,2,18" ten="176,180,359,285" oya="0" hai0="63,62,7,100,82,89,45,50,16,22,71,34,25" hai1="17,78,102,9,92,94,131,30,95,64,109,26,134" hai2="4,44,128,117,56,76,1,98,23,21,10,111,55" hai3="70,53,0,91,122,14,123,115,13,75,29,88,28"/><T37/><D37/><U107/><E109/><V20/><F111/><W93/><G70/><T108/><D108/><U39/><E39/><V35/><F35/><W105/><G105/><T104/><D34/><U110/><E110/><V12/><F128/><W32/><G75/><T2/><D71/><U6/><E131/><V132/><F132/><W59/><G0/><T48/><D7/><U58/><E134/><V86/><F117/><W38/><G38/><T5/><D48/><U54/><E78/><V60/><F44/><W65/><G65/><T121/><D121/><N who="3" m="46089" /><G91/><T36/><D36/><U130/><E130/><V126/><F126/><W47/><G47/><T97/><D5/><U119/><E119/><V87/><F1/><W129/><G115/><T66/><D66/><U81/><E64/><V73/><REACH who="2" step="1"/><F98/><REACH who="2" ten="176,180,349,285" step="2"/><N who="3" m="57639" /><G129/><T43/><REACH who="0" step="1"/><D2/><REACH who="0" ten="166,180,349,285" step="2"/><U52/><E6/><V33/><F33/><W116/><G32/><T72/><D72/><U96/><E96/><V133/><F133/><W83/><G116/><T120/><D120/><U31/><E102/><V113/><F113/><W42/><G42/><T3/><D3/><U106/><E54/><V46/><F46/><W77/><G53/><T80/><D80/><AGARI ba="1,2" hai="4,10,12,20,21,23,55,56,60,73,76,80,86,87" machi="80" ten="40,8000,1" yaku="1,1,52,3,53,0" doraHai="18" doraHaiUra="27" who="2" fromWho="0" sc="166,-83,180,0,349,103,285,0" /><INIT seed="5,0,0,5,4,122" ten="83,180,452,285" oya="1" hai0="102,83,118,103,38,61,25,19,37,20,101,22,10" hai1="35,94,24,70,54,63,34,108,123,97,55,126,133" hai2="77,74,120,46,44,31,45,42,49,111,84,134,8" hai3="18,112,105,79,23,21,80,56,88,107,14,41,92"/><U65/><E123/><V125/><F74/><W7/><G112/><T3/><D118/><U36/><E36/><V109/><F120/><W43/><G7/><T119/><D119/><U51/><E133/><V117/><F117/><W15/><G105/><T114/><D114/><U6/><E6/><V12/><F31/><W11/><G107/><T75/><D61/><U39/><E39/><V98/><F98/><W53/><G80/><T72/><D10/><U62/><E126/><V47/><F134/><W50/><G79/><T87/><D3/><U86/><E86/><V5/><F125/><W85/><G23/><T33/><D33/><U69/><E108/><V64/><F64/><W90/><G90/><T32/><D32/><U131/><E131/><V73/><F73/><W52/><G53/><T104/><D104/><U17/><E34/><V16/><F16/><W100/><G100/><T60/><D75/><U4/><E4/><V113/><F113/><W115/><G115/><T30/><D72/><U135/><E135/><V66/><F66/><W78/><G78/><T0/><D0/><U57/><E70/><V1/><F1/><W81/><G81/><AGARI ba="0,0" hai="5,8,12,42,44,45,46,47,49,77,81,84,109,111" machi="81" ten="40,8000,1" yaku="25,2,52,2" doraHai="122" who="2" fromWho="3" sc="83,0,180,0,452,80,285,-80" /><INIT seed="6,0,0,0,2,95" ten="83,180,532,205" oya="2" hai0="97,70,86,117,119,37,102,72,69,90,11,21,104" hai1="63,131,133,67,2,61,29,30,78,130,49,23,91" hai2="9,58,66,8,46,116,112,1,6,31,27,4,88" hai3="47,24,34,120,22,80,25,59,38,101,98,42,62"/><V87/><F116/><N who="0" m="44618" /><D37/><U83/><E2/><V0/><F112/><W51/><G120/><T105/><D21/><U96/><E133/><V44/><F58/><W17/><G80/><N who="0" m="49479" /><D11/><U129/><E49/><V28/><F66/><W81/><G81/><T121/><D121/><U93/><E23/><V124/><F124/><W55/><G34/><T71/><D72/><N who="1" m="43463" /><E61/><V103/><F103/><W54/><G25/><T64/><D64/><U118/><E118/><V115/><F115/><W77/><G77/><T74/><D74/><U41/><E41/><V50/><F50/><W5/><G5/><T79/><D79/><U123/><E123/><V89/><F87/><W10/><G10/><T135/><D135/><U94/><E94/><AGARI ba="0,0" hai="69,70,71,94,97,102,104,105" m="49479,44618" machi="94" ten="40,2600,0" yaku="12,1,52,1" doraHai="95" who="0" fromWho="1" sc="83,26,180,-26,532,0,205,0" /><INIT seed="7,0,0,5,0,53" ten="109,154,532,205" oya="3" hai0="110,39,97,126,9,48,69,74,20,91,106,63,21" hai1="23,80,68,22,14,26,133,59,99,33,134,8,86" hai2="32,111,72,78,128,28,130,49,115,92,81,129,25" hai3="103,104,108,27,51,44,90,35,42,65,100,50,131"/><W47/><G104/><T116/><D39/><U40/><E68/><V2/><F2/><W60/><G90/><T5/><D74/><U4/><E40/><V77/><F111/><W122/><G27/><T3/><D110/><U135/><E99/><V105/><F115/><W102/><G35/><T89/><D116/><U85/><E33/><V88/><F78/><W18/><G18/><T109/><D126/><U87/><E59/><V30/><F30/><W101/><G101/><T6/><D109/><U132/><N who="1" m="33792" /><DORA hai="36" /><U58/><E58/><V46/><F105/><W119/><G102/><T52/><D106/><U24/><REACH who="1" step="1"/><E80/><REACH who="1" ten="109,144,532,205" step="2"/><V57/><F57/><W62/><G42/><T11/><D97/><U107/><E107/><V84/><F49/><W17/><G51/><T7/><D63/><U71/><E71/><V29/><F29/><W82/><G50/><T34/><D69/><U121/><E121/><V95/><F46/><W120/><G62/><T96/><D96/><U75/><E75/><V16/><F16/><W98/><G47/><N who="0" m="27679" /><D34/><U64/><E64/><V10/><F10/><N who="0" m="3594" /><D3/><U94/><E94/><AGARI ba="0,1" hai="25,28,32,72,77,81,84,88,92,94,95,128,129,130" machi="94" ten="40,2600,0" yaku="19,1,54,1" doraHai="53,36" who="2" fromWho="1" sc="109,0,144,-26,532,36,205,0" owari="109,-39.0,118,-28.0,568,66.0,205,1.0" /></mjloggm>