<mjloggm ver="2.3"><GO type="169" lobby="0"/><UN n0="%E3%83%8B%E3%83%A3%E3%83%83%E3%83%94%E3%83%BC%E5%A4%8F%E7%9B%AE" n1="%E3%82%A6%E3%83%AB%E3%83%88%E3%83%A9%E7%AB%8B%E7%9B%B4" n2="%E3%81%87%E3%82%8B%E3%81%87%E3%82%8B" n3="%E3%83%A8%E3%82%B3%E3%83%A8%E3%82%B3" dan="17,17,16,16" rate="2232.46,2168.68,2124.15,2173.51" sx="M,M,F,M"/><TAIKYOKU oya="0"/><INIT seed="0,0,0,2,3,59" ten="250,250,250,250" oya="0" hai0="81,0,133,135,116,30,73,74,22,90,126,52,13" hai1="5,93,127,40,20,19,118,120,67,103,9,123,17" hai2="26,12,98,131,111,46,99,53,86,41,32,76,105" hai3="94,84,16,63,85,11,7,42,18,15,3,82,45"/><T97/><D0/><U83/><E118/><V70/><F70/><W68/><G94/><N who="0" m="56535" /><D116/><U117/><E117/><V39/><F111/><W33/><G33/><T64/><D81/><U23/><E40/><V130/><F53/><W113/><G113/><T29/><D64/><U69/><E127/><V14/><F76/><W25/><G25/><T57/><D126/><U128/><E128/><N who="2" m="49195" /><F86/><W71/><G84/><T56/><D13/><N who="2" m="5226" /><F105/><W24/><G24/><N who="0" m="16535" /><D30/><AGARI ba="0,0" hai="26,30,32,39,41,46,98,99" m="5226,49195" machi="30" ten="30,1000,0" yaku="19,1" doraHai="59" who="2" fromWho="0" sc="250,-10,250,0,250,10,250,0" /><INIT seed="1,0,0,2,2,8" ten="240,250,260,250" oya="1" hai0="39,67,53,106,41,13,87,26,121,114,98,12,111" hai1="123,50,18,37,116,104,75,22,135,63,15,122,84" hai2="38,88,61,62,24,66,120,60,108,49,54,29,14" hai3="23,131,105,79,91,77,21,109,129,119,107,1,124"/><U74/><E37/><V126/><F120/><W19/><G1/><T113/><D67/><U71/><E116/><V96/><F38/><W117/><G91/><T35/><D53/><U134/><E104/><N who="3" m="40010" /><G109/><T32/><D106/><U28/><E28/><V103/><F108/><W70/><G70/><T118/><D111/><U72/><E50/><V94/><F126/><W16/><G124/><T89/><D98/><U80/><E71/><V92/><F14/><N who="3" m="9367" /><G79/><T97/><D97/><U52/><E123/><V48/><F66/><W2/><G77/><T36/><D89/><U57/><REACH who="1" step="1"/><E122/><REACH who="1" ten="240,240,260,250" step="2"/><V47/><F48/><W7/><G119/><T64/><D121/><U100/><E100/><V58/><F49/><W27/><G117/><T82/><D118/><U9/><E9/><V0/><F103/><W132/><G132/><T10/><D10/><U43/><E43/><V128/><F61/><W5/><G2/><T6/><D41/><U73/><N who="1" m="18432" /><DORA hai="56" /><U68/><E68/><V69/><F62/><W44/><G44/><T110/><D36/><U46/><E46/><V78/><F0/><W45/><G45/><T81/><D39/><U83/><E83/><V59/><F47/><W31/><G31/><T55/><D82/><U112/><E112/><V3/><F3/><W42/><G42/><T115/><D81/><U4/><E4/><V85/><F69/><W25/><G5/><T133/><D6/><U20/><E20/><V33/><F60/><W90/><G7/><T76/><D114/><U65/><E65/><V130/><F29/><W127/><G23/><T102/><D113/><RYUUKYOKU ba="0,1" sc="240,-10,240,30,260,-10,250,-10" hai1="15,18,22,52,57,63,80,84,134,135" /><INIT seed="1,1,1,0,2,91" ten="230,270,250,240" oya="1" hai0="106,9,44,130,43,62,8,111,89,19,50,3,35" hai1="23,17,58,26,107,29,47,40,67,76,54,108,92" hai2="128,25,125,39,135,64,68,83,38,48,30,95,78" hai3="132,0,82,69,123,75,109,65,94,118,87,126,4"/><U28/><E107/><V56/><F135/><W66/><G132/><T80/><D106/><U37/><E108/><V105/><F105/><W15/><G109/><T117/><D117/><U90/><E76/><V14/><F128/><W2/><G118/><T86/><D35/><U115/><E67/><V74/><F125/><W45/><G126/><T127/><D127/><U88/><E115/><V22/><F68/><W53/><G123/><T134/><D111/><U77/><E77/><V5/><F5/><W51/><G75/><T21/><D134/><U85/><REACH who="1" step="1"/><E90/><REACH who="1" ten="230,260,250,240" step="2"/><V7/><F78/><W18/><G65/><T113/><D113/><U55/><E55/><V57/><F64/><W129/><G66/><T122/><D122/><U10/><E10/><V104/><F104/><W97/><G69/><T27/><D130/><U49/><AGARI ba="1,2" hai="17,23,26,28,29,37,40,47,49,54,58,85,88,92" machi="49" ten="20,12000,1" yaku="1,1,0,1,7,1,52,1,54,1,53,0" doraHai="91" doraHaiUra="103" who="1" fromWho="1" sc="230,-41,260,143,250,-41,240,-41" /><INIT seed="1,2,0,3,1,120" ten="189,403,209,199" oya="1" hai0="114,83,116,74,25,126,0,135,64,14,54,66,131" hai1="4,57,82,15,95,11,111,20,98,17,132,105,46" hai2="88,76,37,58,27,72,47,127,63,28,52,10,61" hai3="39,100,3,109,33,18,129,12,70,13,99,122,77"/><U89/><E132/><V60/><F127/><W125/><G125/><T7/><D0/><U22/><E105/><V23/><F72/><W107/><G122/><T97/><D116/><U73/><E73/><V130/><F76/><W56/><G70/><T24/><D114/><U112/><E112/><V80/><F130/><W94/><G129/><T5/><D97/><U93/><E82/><V29/><F10/><W19/><G3/><T124/><D131/><U134/><E134/><V110/><F110/><W6/><G33/><T65/><D65/><U104/><E111/><V53/><F29/><W85/><G39/><T87/><D74/><U108/><E108/><V113/><F113/><W115/><G115/><T8/><D135/><U44/><E104/><V133/><F133/><W101/><G109/><T86/><D8/><U30/><E57/><V91/><F37/><W38/><G38/><T34/><D34/><U42/><E42/><V121/><F121/><W84/><G6/><T96/><D96/><U103/><E30/><V41/><F41/><W50/><G107/><T1/><D1/><U49/><E49/><N who="2" m="28735" /><F80/><N who="3" m="47119" /><G101/><T123/><D123/><U128/><E128/><V90/><AGARI ba="2,0" hai="23,27,28,53,58,60,61,63,88,90,91" m="28735" machi="90" ten="30,4000,0" yaku="8,1,54,2" doraHai="120" who="2" fromWho="2" sc="189,-12,403,-22,209,46,199,-12" /><INIT seed="2,0,0,0,3,97" ten="177,381,255,187" oya="2" hai0="91,64,71,94,79,78,115,4,76,37,106,66,49" hai1="10,12,131,125,103,1,73,55,56,17,34,130,0" hai2="20,99,81,120,107,6,16,40,82,29,102,108,28" hai3="59,77,48,109,124,90,38,101,128,95,60,74,57"/><V31/><F120/><W44/><G109/><T96/><D37/><U86/><E73/><V15/><F108/><W68/><G38/><T75/><D115/><U35/><E86/><V51/><F40/><W46/><G128/><N who="1" m="49194" /><E103/><V63/><F51/><W5/><G124/><T84/><D4/><U22/><E125/><V85/><F63/><W116/><G116/><T25/><D71/><U118/><E118/><V88/><REACH who="2" step="1"/><F6/><REACH who="2" ten="177,381,245,187" step="2"/><W123/><G123/><T8/><D49/><N who="1" m="30831" /><E10/><V36/><F36/><W30/><G48/><T92/><D8/><U129/><E129/><V87/><F87/><W112/><G5/><T83/><D75/><U24/><E35/><V62/><F62/><W119/><G60/><T19/><D64/><U39/><E39/><V21/><F21/><W13/><G74/><T110/><D66/><U105/><E105/><V14/><F14/><W93/><G119/><T43/><D110/><U126/><E126/><V54/><F54/><W89/><G112/><T53/><D43/><U80/><E34/><V114/><F114/><W23/><G13/><T135/><D53/><U2/><E12/><V117/><F117/><W100/><G23/><N who="0" m="13567" /><D106/><U47/><E47/><V61/><F61/><W27/><G27/><T41/><D41/><U42/><E42/><V33/><F33/><W113/><G113/><T104/><D104/><U32/><E32/><V72/><F72/><W26/><G26/><T58/><D84/><U18/><E18/><V69/><F69/><W132/><G68/><T7/><D7/><U67/><E67/><V134/><F134/><W11/><G132/><RYUUKYOKU ba="0,1" sc="177,-15,381,15,245,15,187,-15" hai1="0,1,2,17,22,24,80" hai2="15,16,20,28,29,31,81,82,85,88,99,102,107" /><INIT seed="2,1,1,1,4,3" ten="162,396,260,172" oya="2" hai0="38,107,77,74,84,73,70,35,47,109,85,37,105" hai1="126,36,127,20,11,113,135,115,1,2,16,119,82" hai2="45,94,8,87,27,9,41,65,131,93,17,55,28" hai3="88,33,111,52,79,108,58,69,99,90,114,64,13"/><V103/><F131/><W86/><G33/><T60/><D35/><U81/><E36/><V51/><F65/><W29/><G114/><T7/><D47/><U133/><E119/><V46/><F103/><W5/><G29/><T80/><D60/><U75/><E75/><V6/><F17/><W72/><G72/><T24/><D24/><N who="1" m="14343" /><E82/><V18/><F18/><W63/><G79/><T12/><D70/><U121/><E81/><V91/><F94/><N who="3" m="56775" /><G13/><T59/><D80/><U19/><E19/><V14/><F9/><W40/><G40/><T56/><D12/><U23/><E23/><V102/><F102/><W123/><G123/><T34/><D34/><U100/><E100/><V31/><REACH who="2" step="1"/><F27/><REACH who="2" ten="162,396,250,172" step="2"/><W0/><G64/><T4/><REACH who="0" step="1"/><D77/><REACH who="0" ten="152,396,250,172" step="2"/><U96/><E121/><V76/><F76/><W124/><G69/><T134/><D134/><U71/><E135/><V110/><F110/><AGARI ba="1,3" hai="4,7,37,38,56,59,73,74,84,85,105,107,109,110" machi="110" ten="25,8000,1" yaku="1,1,22,2,52,2,53,0" doraHai="3" doraHaiUra="116" who="0" fromWho="2" sc="152,113,396,0,250,-83,172,0" /><INIT seed="3,0,0,4,1,58" ten="265,396,167,172" oya="3" hai0="109,131,85,128,37,71,4,92,65,10,35,89,132" hai1="16,81,94,77,103,106,100,62,1,28,40,54,135" hai2="133,0,45,91,68,69,43,6,122,56,26,110,22" hai3="125,79,96,52,12,57,63,123,50,25,14,20,97"/><W119/><G119/><T29/><D37/><U19/><E1/><V32/><F110/><W42/><G123/><T116/><D116/><U30/><E106/><V117/><F117/><W39/><G39/><T121/><D121/><U72/><E40/><V17/><F122/><W64/><G125/><T36/><D36/><U75/><E135/><V127/><F133/><W23/><G42/><T130/><D132/><U55/><E94/><V18/><F127/><W74/><G79/><T78/><D109/><U86/><E86/><V82/><F32/><W102/><G74/><T115/><D115/><U76/><E62/><V33/><F33/><W2/><G2/><T11/><D78/><U93/><REACH who="1" step="1"/><E93/><REACH who="1" ten="265,386,167,172" step="2"/><V41/><F41/><W49/><G50/><T60/><D92/><U8/><E8/><V99/><F43/><W67/><G102/><T105/><D105/><U38/><E38/><V83/><F83/><AGARI ba="0,1" hai="16,19,28,30,54,55,72,75,76,77,81,83,100,103" machi="83" ten="25,12000,2" yaku="1,1,22,2,54,1,53,2" doraHai="58" doraHaiUra="107" who="1" fromWho="2" sc="265,0,386,130,167,-120,172,0" /><INIT seed="4,0,0,0,4,134" ten="265,516,47,172" oya="0" hai0="50,16,28,33,64,13,117,110,49,45,125,63,22" hai1="41,53,15,126,92,11,39,132,12,34,81,99,55" hai2="128,86,130,60,9,14,71,67,104,116,47,115,59" hai3="20,8,56,35,32,42,105,80,119,112,30,131,58"/><T123/><D117/><U6/><E34/><V23/><F116/><W95/><G105/><T1/><D1/><U29/><E29/><V26/><F104/><W74/><G119/><T61/><D123/><U37/><E132/><V5/><F115/><W121/><G112/><T2/><D2/><U118/><E118/><V89/><F47/><W17/><G121/><T98/><D110/><U24/><E24/><V70/><F128/><W108/><G108/><T57/><D33/><U73/><E92/><V91/><F130/><W106/><G106/><T85/><D28/><U120/><E99/><V7/><F7/><W36/><G32/><T82/><D98/><U65/><E81/><V19/><REACH who="2" step="1"/><F91/><REACH who="2" ten="265,516,37,172" step="2"/><W27/><G131/><T66/><D45/><U31/><E6/><V133/><F133/><W76/><G36/><T87/><D125/><U94/><E39/><V72/><F72/><W113/><G113/><T18/><D18/><U100/><E37/><V129/><F129/><W88/><G17/><T107/><D107/><U68/><E73/><V109/><F109/><W46/><G46/><T124/><D124/><U54/><E126/><V3/><F3/><W48/><G88/><T43/><D43/><U62/><E41/><V114/><F114/><W78/><G42/><T44/><D44/><U111/><E111/><V93/><AGARI ba="0,1" hai="5,9,14,19,23,26,59,60,67,70,71,86,89,93" machi="93" ten="20,2700,0" yaku="1,1,0,1,7,1,53,0" doraHai="134" doraHaiUra="75" who="2" fromWho="2" sc="265,-13,516,-7,37,37,172,-7" /><INIT seed="5,0,0,1,4,124" ten="252,509,74,165" oya="1" hai0="116,34,17,0,50,100,133,61,125,41,29,43,126" hai1="80,74,68,98,42,10,49,31,85,33,134,99,3" hai2="87,91,105,117,118,16,28,130,6,40,5,63,8" hai3="70,120,111,104,114,45,106,62,25,72,2,1,13"/><U66/><E74/><V110/><F110/><W76/><G111/><T26/><D0/><U51/><E134/><V64/><F105/><W88/><G114/><T60/><D116/><U30/><E68/><V57/><F28/><W97/><G120/><T108/><D108/><U90/><E66/><V135/><F135/><W71/><G13/><T69/><D133/><U132/><E132/><V82/><F40/><W123/><G123/><T38/><D38/><U4/><E49/><V24/><F130/><W73/><G76/><T35/><D35/><U67/><E67/><V36/><F36/><W127/><G127/><N who="0" m="48651" /><D17/><U121/><E121/><V7/><REACH who="2" step="1"/><F24/><REACH who="2" ten="252,509,64,165" step="2"/><W27/><G25/><T53/><D43/><U23/><E31/><V14/><AGARI ba="0,1" hai="5,6,7,8,14,16,57,63,64,82,87,91,117,118" machi="14" ten="30,8000,1" yaku="1,1,2,1,0,1,54,1,53,1" doraHai="124" doraHaiUra="54" who="2" fromWho="2" sc="252,-20,509,-40,64,90,165,-20" /><INIT seed="6,0,0,2,4,94" ten="232,469,154,145" oya="2" hai0="23,75,115,128,11,129,107,7,130,93,50,121,45" hai1="32,113,124,1,14,125,62,51,40,22,89,109,90" hai2="9,53,80,55,43,26,81,100,27,61,118,67,42" hai3="108,52,126,13,131,34,72,2,133,38,56,20,58"/><V97/><F118/><W16/><G108/><T116/><D115/><U48/><E32/><V112/><F112/><W68/><G68/><T135/><D135/><U17/><E1/><V57/><F9/><W28/><G2/><T66/><D107/><U83/><E109/><V99/><F100/><W110/><G110/><T123/><D116/><U54/><E113/><V35/><F35/><W78/><G133/><T84/><D75/><U49/><E40/><N who="2" m="15403" /><F67/><W69/><G69/><T30/><D66/><U33/><E33/><V119/><F119/><W71/><G71/><T64/><D64/><U18/><E83/><N who="2" m="31819" /><F53/><W6/><G38/><T4/><D11/><U36/><E36/><V15/><F15/><W65/><G72/><T91/><D123/><U87/><E14/><V59/><F59/><W82/><G6/><T103/><D103/><U3/><E54/><V92/><F92/><W106/><G106/><T86/><D121/><U127/><E3/><V120/><F120/><W44/><G131/><T25/><D4/><U0/><E0/><V132/><F132/><W41/><G126/><T8/><D8/><U102/><E102/><V114/><F114/><W76/><G82/><T21/><D7/><U73/><E73/><V24/><AGARI ba="0,0" hai="24,26,27,55,57,61,97,99" m="31819,15403" machi="24" ten="30,6000,0" yaku="8,1,52,2" doraHai="94" who="2" fromWho="2" sc="232,-20,469,-20,154,60,145,-20" /><INIT seed="6,1,0,4,5,100" ten="212,449,214,125" oya="2" hai0="11,61,14,49,79,128,121,91,98,10,24,62,131" hai1="84,120,81,105,54,127,45,1,85,110,48,22,88" hai2="97,40,36,38,86,133,90,0,124,99,32,4,58" hai3="37,102,17,30,129,12,93,44,13,52,64,23,31"/><V113/><F32/><W89/><G129/><N who="0" m="49739" /><D121/><U50/><E105/><V118/><F118/><W106/><G64/><T82/><D24/><U78/><E1/><V115/><F133/><W6/><G37/><T111/><D111/><U3/><E3/><V35/><F35/><W65/><G65/><T104/><D49/><U69/><E69/><V19/><F124/><W94/><G106/><T60/><D14/><U28/><E110/><V73/><F73/><W95/><G102/><N who="0" m="62551" /><D91/><U39/><E39/><V55/><F38/><W130/><G130/><T122/><D122/><U68/><E68/><V18/><F90/><W20/><G89/><T87/><AGARI ba="1,0" hai="10,11,60,61,62,79,82,87" m="62551,49739" machi="87" ten="30,2000,0" yaku="19,1,52,1" doraHai="100" who="0" fromWho="0" sc="212,23,449,-6,214,-11,125,-6" /><INIT seed="7,0,0,5,3,44" ten="235,443,203,119" oya="3" hai0="73,119,84,0,27,58,64,41,133,130,4,89,67" hai1="19,7,62,55,92,83,88,29,111,91,68,24,45" hai2="17,60,118,129,95,56,30,22,33,69,23,16,70" hai3="3,77,75,90,110,78,120,66,100,5,6,2,53"/><W76/><G120/><T59/><D73/><U35/><E7/><N who="3" m="2570" /><G75/><T20/><D4/><U80/><E111/><V10/><F118/><W14/><G66/><T37/><D0/><N who="3" m="41" /><G100/><T61/><D119/><U31/><E55/><V74/><F74/><W124/><G53/><T71/><D67/><U42/><E62/><V36/><F60/><W49/><G14/><T115/><D84/><U117/><E68/><V116/><F116/><W18/><G18/><T114/><D89/><U123/><E19/><V48/><F17/><W9/><G9/><T8/><D8/><U131/><E123/><V122/><F10/><W107/><G107/><T79/><D79/><U72/><E72/><V51/><F122/><W132/><G110/><T52/><D59/><U93/><E117/><V112/><F16/><W46/><G90/><T126/><D52/><U98/><E31/><V127/><F56/><W40/><G132/><T102/><D58/><U87/><E131/><V15/><F15/><W113/><G124/><T54/><D102/><U81/><E81/><V38/><F127/><W32/><G113/><T34/><D54/><U128/><E128/><V101/><F112/><N who="0" m="43050" /><D130/><U26/><E26/><V65/><F129/><W135/><G135/><T125/><D133/><U47/><E47/><V50/><F65/><W1/><N who="3" m="49" /><W99/><DORA hai="121" /><G99/><T57/><D57/><U105/><E105/><V21/><F70/><W28/><G28/><N who="0" m="17511" /><D126/><U63/><E63/><V109/><F69/><W86/><G86/><T104/><D125/><U12/><E12/><V11/><F109/><W106/><G106/><RYUUKYOKU ba="0,0" sc="235,-15,443,15,203,-15,119,15" hai1="24,29,35,42,45,80,83,87,88,91,92,93,98" hai3="32,40,46,49,76,77,78" /><INIT seed="7,1,0,2,3,75" ten="220,458,188,134" oya="3" hai0="127,22,26,50,119,96,10,129,20,58,76,5,128" hai1="94,134,74,87,98,31,132,61,9,93,90,44,84" hai2="38,63,121,86,2,42,14,34,35,48,56,45,135" hai3="64,108,117,46,65,116,47,21,41,101,120,131,71"/><W67/><G101/><T106/><D119/><N who="3" m="45641" /><G21/><T23/><D76/><U0/><E74/><V19/><F2/><W122/><G131/><N who="0" m="50251" /><D127/><U7/><E31/><V17/><F135/><N who="1" m="51753" /><E61/><V105/><F105/><W111/><G71/><T6/><D26/><U66/><E66/><N who="3" m="16898" /><W29/><DORA hai="125" /><G29/><T51/><D58/><U88/><E44/><N who="3" m="16938" /><G41/><T91/><D5/><U59/><E59/><V124/><F56/><W82/><G82/><T107/><D91/><U12/><E98/><V78/><F42/><W118/><N who="3" m="45649" /><W70/><DORA hai="36" /><G70/><T109/><D107/><U99/><E99/><V27/><F35/><W16/><G16/><T73/><D73/><U123/><E123/><AGARI ba="1,0" hai="108,111,120,122,123" m="16938,16898,45649" machi="123" ten="60,12000,1" yaku="28,2,34,2" doraHai="75,125,36" who="3" fromWho="1" sc="220,0,458,-123,188,0,134,123" /><INIT seed="7,2,0,2,5,13" ten="220,335,188,257" oya="3" hai0="125,18,42,93,96,64,105,111,131,132,79,31,48" hai1="53,95,67,78,39,52,47,17,43,133,25,91,118" hai2="66,16,99,54,37,9,15,35,109,102,87,6,92" hai3="3,30,51,12,21,69,107,28,134,8,73,5,58"/><W70/><G107/><T22/><D105/><U82/><E133/><V40/><F109/><W26/><G73/><T124/><D111/><U32/><E67/><V55/><F35/><W50/><G134/><T4/><D132/><U36/><E118/><V116/><F116/><W1/><G30/><T60/><D31/><U19/><E39/><V117/><F117/><W11/><G1/><T72/><D4/><U90/><E32/><V38/><F66/><W127/><G127/><N who="0" m="48715" /><D131/><U110/><E91/><V74/><F74/><W76/><G76/><T34/><D34/><U98/><E110/><V80/><F38/><W10/><G8/><T114/><D114/><U129/><E129/><V100/><F100/><W75/><G75/><T120/><D120/><U83/><E25/><V61/><F61/><W49/><REACH who="3" step="1"/><G58/><REACH who="3" ten="220,335,188,247" step="2"/><T85/><D72/><U104/><E104/><V45/><F6/><AGARI ba="2,1" hai="3,5,6,10,11,12,21,26,28,49,50,51,69,70" machi="6" ten="40,3900,0" yaku="1,1,2,1,53,0" doraHai="13" doraHaiUra="86" who="3" fromWho="2" sc="220,0,335,0,188,-45,247,55" /><INIT seed="7,3,0,4,3,83" ten="220,335,143,302" oya="3" hai0="95,74,42,113,32,71,28,14,81,130,25,57,26" hai1="43,4,59,109,122,93,133,11,52,35,70,29,80" hai2="119,21,127,88,58,67,8,84,106,82,117,34,10" hai3="128,86,132,134,116,90,55,98,121,92,104,61,13"/><W44/><G116/><T38/><D71/><U126/><E109/><V36/><F34/><W108/><G108/><T18/><D26/><U3/><E70/><V30/><F36/><W1/><G1/><T129/><D113/><U12/><E122/><V107/><F127/><W110/><G110/><T77/><D57/><U63/><E126/><V99/><F119/><W9/><G121/><T124/><D124/><U66/><E43/><V94/><F117/><W96/><G128/><N who="0" m="49259" /><D95/><U48/><E29/><V62/><F107/><W73/><G73/><T20/><D42/><U41/><E41/><V131/><F106/><W111/><G111/><T68/><D68/><U23/><E35/><V31/><F131/><W65/><G65/><T51/><D51/><U115/><E93/><V125/><F125/><W123/><G123/><T56/><D56/><U40/><E40/><V105/><F105/><W85/><G61/><T39/><AGARI ba="3,0" hai="14,18,20,25,28,32,38,39,74,77,81" m="49259" machi="39" ten="30,1100,0" yaku="19,1" doraHai="83" who="0" fromWho="0" sc="220,20,335,-6,143,-6,302,-8" owari="240,-16.0,329,43.0,137,-36.0,294,9.0" /></mjloggm>