<mjloggm ver="2.3"><GO type="169" lobby="0"/><UN n0="%6D%75%6B%69%74%74%69" n1="%67%6F%75%73%69" n2="%E3%82%A6%E3%83%AB%E3%83%88%E3%83%A9%E7%AB%8B%E7%9B%B4" n3="%E4%BD%90%E5%80%89%E7%80%AC%E6%B4%A5%E7%BE%8E" dan="17,17,16,16" rate="2206.06,2131.96,2154.86,2073.33" sx="M,M,M,F"/><TAIKYOKU oya="0"/><INIT seed="0,0,0,4,5,129" ten="250,250,250,250" oya="0" hai0="39,83,19,103,53,79,31,113,75,40,50,82,14" hai1="125,7,58,111,38,32,0,25,90,86,1,45,61" hai2="42,41,100,109,26,135,105,89,21,56,115,84,110" hai3="102,24,101,6,4,108,3,114,34,74,44,51,11"/><T94/><D113/><U15/><E111/><N who="2" m="42507" /><F115/><W127/><G74/><T123/><D123/><U112/><E125/><V87/><F87/><W98/><G108/><T33/><D39/><U30/><E112/><V8/><F8/><W27/><G114/><T49/><D40/><U46/><E15/><V107/><F56/><W13/><G127/><T59/><D49/><U133/><E7/><V91/><F91/><W88/><G34/><T12/><D83/><U43/><E46/><V118/><F118/><W116/><G3/><T62/><D62/><U73/><E133/><V23/><F23/><W67/><G67/><T65/><D65/><U134/><E134/><V70/><F70/><W106/><G4/><T71/><D71/><U126/><E73/><V36/><F135/><W60/><G60/><T119/><D119/><U5/><E5/><V95/><F100/><W48/><G116/><T128/><D128/><U85/><E85/><V93/><F93/><N who="3" m="56615" /><G106/><N who="2" m="40457" /><F36/><W47/><G102/><T20/><D103/><U92/><REACH who="1" step="1"/><E126/><REACH who="1" ten="250,240,250,250" step="2"/><V121/><F121/><W64/><G6/><T35/><D14/><U130/><E130/><V132/><F132/><W68/><G13/><T97/><D12/><U10/><E10/><V78/><F78/><W16/><G27/><T122/><D122/><U54/><AGARI ba="0,1" hai="0,1,25,30,32,38,43,45,54,58,61,86,90,92" machi="54" ten="20,5200,0" yaku="1,1,0,1,7,1,53,1" doraHai="129" doraHaiUra="81" who="1" fromWho="1" sc="250,-26,240,62,250,-13,250,-13" /><INIT seed="1,0,0,1,1,23" ten="224,302,237,237" oya="1" hai0="123,134,77,2,25,119,98,117,4,91,47,54,0" hai1="116,124,27,132,40,64,7,6,84,9,86,35,122" hai2="13,79,67,70,26,83,102,73,39,112,93,82,3" hai3="104,30,131,63,15,50,55,1,37,95,61,36,109"/><U21/><E116/><V65/><F3/><W52/><G1/><T107/><D134/><U103/><E122/><V68/><F39/><N who="3" m="14923" /><G104/><T33/><D77/><U8/><E35/><V114/><F13/><W24/><G15/><T59/><D123/><U44/><E132/><V115/><F93/><W53/><G95/><T57/><D47/><U10/><E124/><V49/><F102/><W62/><G30/><T38/><D38/><U126/><E64/><N who="2" m="24651" /><F49/><W94/><G94/><T97/><D2/><U66/><E66/><V69/><F83/><W5/><G5/><T31/><D98/><U58/><E58/><V110/><F110/><W46/><G24/><AGARI ba="0,0" hai="24,26,68,69,70,73,79,82,112,114,115" m="24651" machi="24" ten="40,5200,0" yaku="11,1,52,2" doraHai="23" who="2" fromWho="3" sc="224,0,302,0,237,52,237,-52" /><INIT seed="2,0,0,5,3,95" ten="224,302,289,185" oya="2" hai0="109,80,127,70,89,84,96,2,105,124,83,21,86" hai1="34,106,46,77,53,63,7,14,120,126,6,18,16" hai2="81,119,78,31,58,72,94,30,33,71,39,64,74" hai3="47,116,48,42,100,118,68,114,122,87,24,36,117"/><V23/><F71/><W29/><G100/><N who="0" m="62599" /><D70/><U50/><E34/><V110/><F119/><W97/><G122/><T43/><D2/><U79/><E120/><V51/><F39/><W91/><G114/><T19/><D43/><U115/><E106/><V56/><F33/><W41/><G68/><T101/><D21/><U59/><E126/><N who="0" m="48169" /><D19/><U125/><E115/><V132/><F132/><W102/><G36/><T65/><D65/><U38/><E38/><V90/><F110/><W67/><G67/><T121/><D121/><U123/><E123/><V134/><F134/><W130/><G130/><T61/><D61/><U45/><E45/><V20/><F72/><W4/><G4/><N who="1" m="1578" /><E125/><V60/><F23/><W133/><G133/><T93/><D109/><U17/><E14/><V92/><F20/><W128/><G128/><T69/><D69/><U27/><E27/><V3/><F3/><W54/><G24/><T11/><D11/><U88/><E88/><V73/><F90/><W35/><G29/><T82/><D101/><U85/><E85/><AGARI ba="0,0" hai="80,82,83,84,85,86,89,93" m="48169,62599" machi="85" ten="30,7700,0" yaku="18,1,34,2,52,1" doraHai="95" who="0" fromWho="1" sc="224,77,302,-77,289,0,185,0" /><INIT seed="3,0,0,1,0,70" ten="301,225,289,185" oya="3" hai0="91,132,25,45,11,87,69,58,40,106,111,103,88" hai1="9,21,34,135,121,56,81,82,20,41,104,24,22" hai2="123,113,51,119,47,92,86,134,93,60,96,73,117" hai3="38,124,94,110,30,16,90,122,0,99,36,52,89"/><W127/><G122/><T65/><D69/><U18/><E104/><V128/><F60/><W33/><G0/><T10/><D111/><U125/><E121/><V14/><F51/><W7/><G110/><T116/><D116/><U105/><E105/><V100/><F47/><W126/><G7/><T115/><D132/><U112/><E112/><V12/><F14/><W49/><G89/><T46/><D115/><U57/><E34/><V129/><F12/><W85/><G85/><T61/><D106/><U1/><E1/><V75/><F113/><W114/><G114/><T83/><D103/><U72/><E72/><N who="2" m="27723" /><F123/><W101/><G101/><T53/><D25/><U64/><E24/><V98/><F86/><W97/><G97/><T15/><D65/><U39/><E135/><V8/><F8/><N who="0" m="3114" /><D40/><U71/><E71/><V66/><F66/><W6/><G6/><T68/><D68/><U31/><E64/><V5/><F5/><W80/><G80/><T26/><D15/><U102/><E102/><N who="2" m="60679" /><F134/><W76/><G76/><N who="0" m="46567" /><D26/><U37/><E41/><V63/><F63/><W77/><G77/><T50/><D61/><U28/><E21/><V95/><F95/><W44/><G30/><T43/><D43/><U32/><E9/><V84/><F84/><W54/><G33/><T27/><D27/><U4/><E4/><V42/><F42/><N who="3" m="24727" /><G16/><T131/><D46/><U109/><E109/><V78/><F78/><W13/><G13/><T2/><D45/><U23/><E23/><V55/><F55/><AGARI ba="0,0" hai="36,38,52,54,55,90,94,99,124,126,127" m="24727" machi="55" ten="30,11600,0" yaku="18,1,52,2,54,1" doraHai="70" who="3" fromWho="2" sc="301,0,225,0,289,-116,185,116" /><INIT seed="3,1,0,1,0,43" ten="301,225,173,301" oya="3" hai0="81,78,114,126,120,33,57,117,0,118,113,36,72" hai1="64,133,31,54,16,44,28,3,119,53,99,128,18" hai2="109,98,96,25,40,71,122,67,127,131,20,51,83" hai3="101,107,66,30,125,86,24,84,112,59,22,68,104"/><W52/><G112/><N who="0" m="43115" /><D33/><U61/><E3/><V92/><F122/><W35/><G125/><T93/><D0/><U1/><E1/><V115/><F115/><W10/><G10/><T90/><D36/><U29/><E128/><V46/><F131/><W73/><G73/><T5/><D5/><U39/><E133/><V129/><F129/><W15/><G68/><T11/><D11/><U79/><E79/><V69/><F127/><W111/><G66/><T9/><D9/><U76/><E76/><V70/><F109/><W102/><G111/><T77/><D126/><U49/><E39/><V62/><F83/><W75/><G75/><N who="0" m="43199" /><D57/><N who="1" m="36911" /><E119/><V110/><F110/><W89/><G104/><T17/><D17/><N who="1" m="6763" /><E99/><V63/><F63/><W37/><G107/><T74/><D120/><U38/><E38/><V123/><F123/><W108/><G37/><T65/><D65/><U32/><E32/><V80/><F98/><W45/><G108/><T103/><D103/><U60/><E60/><V7/><F7/><W4/><G35/><T13/><D13/><U82/><E82/><V95/><F80/><W132/><G102/><T41/><D78/><U91/><E91/><V135/><F135/><W6/><G101/><T130/><D130/><U58/><E54/><V12/><F12/><W48/><G89/><T23/><D41/><U85/><E85/><N who="3" m="32874" /><G132/><T100/><D100/><U106/><E106/><V124/><F124/><W94/><G94/><N who="2" m="35881" /><F96/><W56/><G6/><T97/><D23/><U55/><E53/><V8/><F8/><W47/><G4/><T21/><D21/><U34/><E34/><RYUUKYOKU ba="1,0" sc="301,10,225,10,173,10,301,-30" hai0="72,74,90,93,97,117,118" hai1="28,29,31,44,49,55,58" hai2="20,25,40,46,51,62,67,69,70,71" /><INIT seed="4,2,0,3,1,125" ten="311,235,183,271" oya="0" hai0="114,132,30,64,77,38,23,107,54,62,16,100,68" hai1="41,18,6,4,91,35,40,115,45,128,65,92,85" hai2="83,87,81,10,96,50,76,60,36,43,9,133,93" hai3="17,2,71,118,106,55,31,49,123,79,1,63,113"/><T53/><D38/><U117/><E35/><V103/><F133/><W12/><G118/><T126/><D126/><U78/><E117/><V122/><F122/><W94/><G106/><T37/><D37/><U105/><E105/><V134/><F134/><W51/><G113/><T29/><D132/><U88/><E78/><V39/><F39/><W46/><G31/><T13/><D114/><U44/><E65/><V80/><F36/><W102/><G79/><T34/><D77/><U25/><E115/><V26/><F60/><W61/><G71/><T110/><D110/><U95/><E18/><V69/><F69/><W98/><G2/><T131/><D131/><U0/><E25/><V27/><F81/><W90/><G1/><T14/><D14/><U124/><E0/><V33/><F83/><W74/><G74/><T99/><REACH who="0" step="1"/><D30/><REACH who="0" ten="301,235,183,271" step="2"/><U48/><E128/><V59/><F76/><W8/><G123/><T82/><D82/><U86/><E124/><V116/><F80/><W28/><G28/><T101/><D101/><U5/><REACH who="1" step="1"/><E45/><REACH who="1" ten="301,225,183,271" step="2"/><V111/><F116/><W57/><REACH who="3" step="1"/><G102/><REACH who="3" ten="301,225,183,261" step="2"/><T20/><D20/><U11/><E11/><V129/><F9/><W70/><G70/><T22/><D22/><U135/><E135/><V52/><F10/><W24/><G24/><AGARI ba="2,3" hai="13,16,23,24,29,34,53,54,62,64,68,99,100,107" machi="24" ten="40,12000,1" yaku="1,1,25,2,54,1,53,0" doraHai="125" doraHaiUra="112" who="0" fromWho="3" sc="301,156,225,0,183,0,261,-126" /><INIT seed="4,3,0,4,3,9" ten="457,225,183,135" oya="0" hai0="107,101,119,61,89,52,19,124,130,125,122,54,87" hai1="99,114,96,66,75,15,27,17,92,83,69,13,49" hai2="67,110,58,128,135,34,39,97,30,59,105,48,32" hai3="113,23,65,55,84,116,73,112,44,3,82,127,12"/><T41/><D119/><U56/><E69/><V121/><F39/><W16/><G3/><T24/><D122/><U76/><E99/><V25/><F110/><W91/><G116/><T123/><D123/><U118/><E118/><V70/><F121/><W78/><G127/><N who="0" m="48715" /><D130/><U35/><E114/><N who="3" m="44138" /><G65/><T126/><D126/><U81/><E81/><V95/><F128/><W68/><G68/><T57/><D41/><U72/><E72/><V129/><F129/><W8/><G44/><T74/><D74/><U94/><E94/><V2/><F2/><W6/><G55/><N who="0" m="33983" /><D101/><U104/><E104/><V80/><F105/><W47/><G47/><T1/><D1/><U53/><E66/><V77/><F67/><W18/><G23/><N who="0" m="13439" /><D107/><U31/><REACH who="1" step="1"/><E17/><REACH who="1" ten="457,215,183,135" step="2"/><V88/><F70/><W37/><G37/><T134/><D134/><U109/><E109/><V85/><F135/><W33/><G33/><T117/><D117/><U131/><E131/><V79/><F77/><W115/><N who="3" m="44146" /><W98/><DORA hai="103" /><G98/><T106/><D106/><U26/><E26/><V20/><F97/><W132/><G132/><T0/><D0/><U5/><E5/><V111/><F79/><W22/><G22/><T28/><D28/><U43/><E43/><V50/><F111/><W86/><G73/><T21/><D21/><U36/><E36/><V45/><F20/><W62/><G62/><T108/><D108/><U51/><E51/><V4/><F50/><W120/><G120/><T11/><D11/><U71/><E71/><V102/><F34/><W10/><G10/><T60/><D60/><U42/><E42/><RYUUKYOKU ba="3,1" sc="457,10,215,10,183,-30,135,10" hai0="52,54,87,89" hai1="13,15,27,31,35,49,53,56,75,76,83,92,96" hai3="6,8,12,16,18,78,82,84,86,91" /><INIT seed="4,4,1,5,4,115" ten="467,225,153,145" oya="0" hai0="19,46,114,50,72,109,10,92,35,112,4,102,29" hai1="80,132,55,79,78,20,31,90,113,17,105,77,125" hai2="32,133,47,2,53,85,65,99,8,74,82,5,119" hai3="26,56,130,67,70,14,87,84,64,88,40,24,91"/><T28/><D72/><U58/><E105/><V94/><F74/><W18/><G130/><T30/><D109/><U61/><E132/><V37/><F32/><W42/><G70/><T116/><D35/><U23/><E125/><V54/><F65/><N who="3" m="25163" /><G56/><T73/><D73/><U39/><E39/><V12/><F133/><W52/><G52/><N who="0" m="29783" /><D19/><U107/><E107/><V1/><F119/><W97/><G97/><N who="0" m="59687" /><D10/><U25/><E113/><N who="0" m="43625" /><D4/><U15/><REACH who="1" step="1"/><E90/><REACH who="1" ten="467,215,153,145" step="2"/><V22/><F37/><W108/><G108/><T66/><D66/><U118/><E118/><AGARI ba="4,2" hai="28,29,30,116,118" m="43625,59687,29783" machi="118" ten="30,11600,0" yaku="15,1,52,2,54,1" doraHai="115" who="0" fromWho="1" sc="467,148,215,-128,153,0,145,0" /><INIT seed="4,5,0,0,0,19" ten="615,87,153,145" oya="0" hai0="16,79,88,112,22,93,130,54,84,105,9,77,99" hai1="125,47,8,86,53,23,10,68,64,65,81,131,55" hai2="5,61,4,63,111,21,45,24,49,29,62,39,100" hai3="92,30,35,123,70,119,116,108,43,52,33,36,83"/><T26/><D112/><U109/><E109/><V0/><F111/><W41/><G70/><T48/><D130/><U134/><E131/><V42/><F0/><W46/><G108/><T127/><D127/><U71/><E125/><V51/><F39/><W60/><G123/><T132/><D132/><U94/><E94/><V3/><F3/><W113/><G113/><T58/><D105/><U75/><E75/><V76/><F76/><N who="0" m="29258" /><D9/><U96/><E96/><AGARI ba="5,0" hai="16,22,26,48,54,58,84,88,93,96,99" m="29258" machi="96" ten="30,11600,0" yaku="8,1,52,1,54,2" doraHai="19" who="0" fromWho="1" sc="615,131,87,-131,153,0,145,0" owari="746,84.0,-44,-54.0,153,-5.0,145,-25.0" /></mjloggm>