<mjloggm ver="2.3"><GO type="225" lobby="0"/><UN n0="%E5%B0%B1%E6%B4%BB%E7%94%9F%40%E5%B7%9D%E6%9D%91%E8%BB%8D%E5%9B%A3" n1="%E3%81%B1%E3%81%8A%E3%83%BC%E3%83%BC%E3%82%93" n2="%E9%9B%80%E9%AC%BC%E8%94%B5%E6%88%B8" n3="%73%61%72%61%68%31%32%33" dan="18,16,16,16" rate="2228.18,2088.16,2087.85,2174.27" sx="M,M,M,M"/><TAIKYOKU oya="0"/><INIT seed="0,0,0,0,4,75" ten="250,250,250,250" oya="0" hai0="31,34,114,65,70,13,76,28,99,25,68,92,79" hai1="131,50,87,91,78,80,77,5,53,48,98,97,113" hai2="110,62,127,71,115,86,118,94,72,21,96,95,90" hai3="134,0,89,124,49,74,38,4,44,51,59,37,12"/><T102/><D114/><U18/><E5/><V3/><F115/><W66/><G0/><T16/><D31/><U29/><E113/><V123/><F123/><W69/><G74/><T8/><REACH who="0" step="1"/><D65/><REACH who="0" ten="240,250,250,250" step="2"/><U120/><E29/><V108/><F118/><W83/><G66/><T117/><D117/><U27/><E120/><V17/><F127/><W47/><G124/><T23/><D23/><N who="1" m="13815" /><E131/><V121/><F121/><W116/><G116/><T36/><D36/><U22/><E22/><V133/><F21/><W11/><G38/><T93/><D93/><U107/><E107/><V20/><F95/><W54/><G37/><T56/><D56/><N who="1" m="32807" /><E50/><V128/><F71/><AGARI ba="0,1" hai="8,13,16,25,28,34,68,70,71,76,79,92,99,102" machi="71" ten="40,12000,1" yaku="1,1,52,2,54,1,53,0" doraHai="75" doraHaiUra="100" who="0" fromWho="2" sc="240,130,250,0,250,-120,250,0" /><INIT seed="0,1,0,3,4,121" ten="370,250,130,250" oya="0" hai0="124,87,113,20,82,34,81,73,50,53,78,117,93" hai1="132,69,3,58,125,79,14,29,39,54,37,97,134" hai2="102,23,75,74,9,11,91,4,77,32,18,52,15" hai3="19,120,26,10,116,64,6,27,114,55,56,126,76"/><T89/><D117/><U130/><E3/><V112/><F32/><W30/><G116/><T24/><D124/><U59/><E69/><V49/><F112/><W17/><G114/><T123/><D123/><U13/><E125/><V66/><F66/><W111/><G126/><T131/><D131/><U1/><E1/><V36/><F36/><W62/><G120/><T16/><D113/><U98/><E29/><V61/><F61/><W127/><G127/><T38/><D38/><U135/><E135/><V33/><F33/><W21/><G76/><T41/><D41/><U71/><E71/><V122/><F122/><W115/><G115/><T119/><D119/><U103/><E79/><V86/><F102/><W35/><G111/><T107/><D107/><U101/><REACH who="1" step="1"/><E54/><REACH who="1" ten="370,240,130,250" step="2"/><V48/><F77/><W92/><G55/><T108/><D53/><U47/><E47/><V57/><F49/><W118/><G118/><T110/><D50/><U83/><E83/><V80/><REACH who="2" step="1"/><F11/><REACH who="2" ten="370,240,120,250" step="2"/><W44/><G10/><T95/><D34/><U129/><AGARI ba="1,2" hai="13,14,37,39,58,59,97,98,101,103,129,130,132,134" machi="129" ten="25,6400,0" yaku="1,1,0,1,22,2,53,0" doraHai="121" doraHaiUra="0" who="1" fromWho="1" sc="370,-33,240,87,120,-17,250,-17" /><INIT seed="1,0,0,2,3,88" ten="337,327,103,233" oya="1" hai0="81,76,45,41,118,39,57,28,129,60,119,109,128" hai1="26,29,75,77,102,42,85,121,19,35,62,1,99" hai2="23,24,69,123,7,131,63,111,58,105,80,0,74" hai3="83,61,73,53,90,3,47,40,20,96,16,92,36"/><U124/><E121/><V133/><F123/><W51/><G3/><T43/><D28/><U49/><E75/><V50/><F111/><W117/><G117/><T31/><D31/><U27/><E1/><V86/><F69/><W98/><G73/><N who="0" m="43151" /><D41/><U33/><E124/><V103/><F133/><W120/><G120/><T9/><D9/><U2/><E2/><V38/><F38/><W15/><G83/><T54/><D109/><U25/><E62/><V87/><F131/><AGARI ba="0,0" hai="39,43,45,54,57,60,118,119,128,129,131" m="43151" machi="131" ten="30,1000,0" yaku="19,1" doraHai="88" who="0" fromWho="2" sc="337,10,327,0,103,-10,233,0" /><INIT seed="2,0,0,3,3,38" ten="347,327,93,233" oya="2" hai0="69,131,4,115,59,9,105,53,83,19,8,61,44" hai1="17,43,29,109,24,68,74,86,39,98,120,90,118" hai2="101,58,82,47,64,108,135,1,28,48,78,34,15" hai3="122,97,80,95,36,35,106,121,99,132,67,102,54"/><V26/><F1/><W70/><G36/><T93/><D115/><U107/><E118/><V129/><F129/><W125/><G35/><T96/><D105/><U55/><E74/><V56/><F135/><W73/><G67/><T117/><D117/><U46/><E109/><V94/><F108/><W76/><G70/><T111/><D111/><U123/><E68/><V57/><F15/><W22/><G22/><T40/><D69/><U72/><E72/><V60/><F94/><W87/><G54/><T88/><D131/><U116/><E116/><V12/><F12/><W112/><G132/><T42/><D44/><U104/><E17/><V66/><F66/><W6/><G6/><T126/><D126/><U41/><E41/><N who="0" m="15977" /><D4/><U37/><E37/><V114/><F101/><N who="3" m="62783" /><G125/><T63/><D63/><U100/><E55/><V11/><F11/><N who="0" m="4170" /><D19/><U32/><REACH who="1" step="1"/><E107/><REACH who="1" ten="347,317,93,233" step="2"/><V119/><F119/><W77/><G112/><T81/><AGARI ba="0,1" hai="53,59,61,81,83,88,93,96" m="4170,15977" machi="81" ten="30,8000,1" yaku="8,1,52,3,54,1" doraHai="38" who="0" fromWho="0" sc="347,90,317,-20,93,-40,233,-20" /><INIT seed="3,0,0,0,5,105" ten="437,297,53,213" oya="3" hai0="77,7,55,31,36,22,113,62,37,39,108,93,49" hai1="13,51,29,61,19,67,59,24,72,1,10,106,38" hai2="40,117,98,79,134,45,109,14,20,132,92,75,114" hai3="56,123,94,84,28,110,99,43,60,26,12,57,97"/><W116/><G116/><T83/><D108/><U85/><E38/><V103/><F117/><W27/><G123/><T133/><D133/><U41/><E106/><V32/><F114/><W70/><G70/><T53/><D113/><U81/><E72/><V35/><F109/><W9/><G110/><T119/><D119/><U46/><E1/><V107/><F92/><W17/><G43/><T135/><D135/><U65/><E65/><V50/><F14/><W3/><G3/><T23/><D7/><U54/><E67/><V128/><F20/><W25/><G28/><T118/><D118/><U111/><E111/><V88/><F128/><W30/><G30/><T71/><D31/><U4/><E29/><V96/><F134/><W58/><G60/><T6/><D6/><U120/><E120/><V5/><F5/><W87/><REACH who="3" step="1"/><G94/><REACH who="3" ten="437,297,53,203" step="2"/><T112/><D93/><U8/><E41/><V2/><F2/><W82/><G82/><T121/><D121/><U124/><E81/><V115/><F115/><W15/><G15/><T101/><D112/><U11/><E13/><V86/><F132/><W34/><G34/><T125/><D62/><U122/><E61/><V76/><F76/><W90/><G90/><T69/><D71/><U18/><E122/><V129/><F129/><W130/><G130/><T89/><D69/><U21/><E4/><V33/><F33/><W52/><G52/><T0/><D89/><U80/><E80/><N who="2" m="45183" /><F96/><AGARI ba="0,1" hai="9,12,17,25,26,27,56,57,58,84,87,96,97,99" machi="96" ten="40,3900,0" yaku="1,1,8,1,53,0" doraHai="105" doraHaiUra="16" who="3" fromWho="2" sc="437,0,297,0,53,-39,203,49" /><INIT seed="3,1,0,2,0,50" ten="437,297,14,252" oya="3" hai0="36,53,19,99,82,9,89,77,83,119,8,74,42" hai1="27,85,96,39,34,54,56,97,123,33,65,80,38" hai2="92,57,48,111,129,47,117,98,45,70,44,106,68" hai3="23,78,0,67,37,87,71,5,127,22,79,29,112"/><W20/><G112/><T118/><D36/><U128/><E123/><V84/><F106/><W12/><G37/><T76/><D42/><U115/><E115/><V13/><F111/><W69/><G0/><T49/><D99/><N who="1" m="37963" /><E39/><V7/><F129/><W75/><G75/><T66/><D66/><U41/><E34/><V4/><F13/><W134/><G29/><T120/><D89/><N who="1" m="51367" /><E33/><V61/><F84/><W52/><G69/><T31/><D31/><U26/><E38/><V109/><F109/><W86/><G71/><T59/><D120/><U133/><E133/><V122/><F122/><W91/><G67/><T107/><D107/><U110/><E110/><V114/><F114/><W103/><G134/><T64/><D64/><U10/><E128/><V135/><F135/><W90/><G103/><T24/><D24/><N who="1" m="9259" /><E41/><V35/><F35/><W58/><G127/><T18/><D59/><U2/><E2/><V25/><F25/><W121/><G121/><T113/><D19/><U126/><E126/><V1/><F1/><W14/><G86/><T3/><D49/><N who="1" m="30799" /><E65/><V102/><F48/><N who="3" m="30983" /><G5/><T17/><D113/><U72/><E72/><V104/><F104/><W11/><G11/><AGARI ba="1,0" hai="10,11" m="30799,9259,51367,37963" machi="11" ten="30,2000,0" yaku="8,1,52,1" doraHai="50" who="1" fromWho="3" sc="437,0,297,23,14,0,252,-23" owari="437,54.0,320,12.0,14,-49.0,229,-17.0" /></mjloggm>