<mjloggm ver="2.3"><GO type="169" lobby="0"/><UN n0="%E3%83%88%E3%83%88%E3%83%AA%E5%85%88%E7%94%9F%31%39%E6%AD%B3" n1="%E9%88%B4%E4%BD%B3" n2="%E9%9D%92%E7%8C%AB" n3="%E3%82%AB%E3%83%AA%E3%83%95%E3%82%A9%E3%83%AB%E3%83%8B%E3%82%A2%E9%A2%A8" dan="19,16,16,17" rate="2258.54,2162.38,2116.15,2090.82" sx="F,M,M,M"/><TAIKYOKU oya="0"/><INIT seed="0,0,0,4,2,107" ten="250,250,250,250" oya="0" hai0="81,126,5,131,135,6,70,19,119,38,22,69,44" hai1="90,54,80,75,121,67,25,63,51,59,127,31,123" hai2="132,102,105,110,97,100,3,13,11,9,114,95,46" hai3="8,23,103,30,1,89,74,128,120,21,78,133,15"/><T92/><D119/><U26/><E127/><V82/><F114/><W99/><G1/><T45/><D126/><U96/><E26/><V122/><F122/><W83/><G120/><T84/><D131/><U4/><E4/><V71/><F132/><W86/><G30/><T134/><D92/><U7/><E7/><N who="0" m="2569" /><D84/><U10/><E10/><V79/><F71/><N who="0" m="27146" /><D81/><U57/><E96/><V125/><F125/><W98/><G98/><T27/><D38/><U113/><E113/><V18/><F3/><W48/><G133/><AGARI ba="0,0" hai="19,22,27,44,45,133,134,135" m="27146,2569" machi="133" ten="30,1500,0" yaku="20,1" doraHai="107" who="0" fromWho="3" sc="250,15,250,0,250,0,250,-15" /><INIT seed="0,1,0,0,4,30" ten="265,250,250,235" oya="0" hai0="110,20,114,46,49,50,70,13,78,17,75,69,80" hai1="68,21,33,83,4,52,65,54,98,11,119,24,107" hai2="22,72,125,28,112,74,134,61,132,64,93,103,96" hai3="56,18,121,117,23,37,43,25,39,40,35,77,91"/><T51/><D114/><U113/><E119/><V10/><F10/><W53/><G117/><T84/><D110/><U6/><E113/><V0/><F0/><W5/><G5/><T102/><D102/><U95/><E107/><V60/><F112/><W100/><G100/><T15/><D46/><U116/><E33/><V79/><F125/><W8/><G8/><T135/><D135/><N who="2" m="51754" /><F79/><W59/><G59/><T99/><D99/><U126/><E116/><V57/><F61/><W101/><G77/><T82/><REACH who="0" step="1"/><D15/><REACH who="0" ten="255,250,250,235" step="2"/><U3/><E126/><V133/><F133/><W88/><G101/><T1/><D1/><U19/><E98/><V73/><F73/><W123/><G121/><T130/><D130/><U131/><E131/><V67/><F74/><W16/><G123/><T129/><D129/><U115/><E115/><V106/><F72/><W66/><G39/><T12/><D12/><U36/><E36/><V122/><F122/><W111/><G37/><T128/><D128/><U105/><E3/><V29/><F106/><W45/><G45/><T118/><D118/><U120/><E105/><V90/><F103/><W7/><G111/><T109/><D109/><U76/><E120/><V2/><F2/><W26/><G7/><T42/><D42/><U94/><E6/><V97/><F97/><W34/><G43/><T81/><D81/><U31/><E83/><V85/><F96/><W124/><G40/><T104/><D104/><U41/><E41/><V108/><F108/><W44/><G44/><T127/><D127/><U38/><E4/><V71/><F93/><W27/><G124/><RYUUKYOKU ba="1,1" sc="255,30,250,-10,250,-10,235,-10" hai0="13,17,20,49,50,51,69,70,75,78,80,82,84" /><INIT seed="0,2,1,1,5,52" ten="285,240,240,225" oya="0" hai0="110,97,5,59,0,16,68,128,134,55,37,72,87" hai1="53,43,126,113,114,123,32,2,79,100,47,120,93" hai2="14,13,49,65,9,89,76,35,58,107,36,90,103" hai3="82,28,88,80,19,132,116,1,75,86,131,56,124"/><T63/><D72/><U77/><E2/><V73/><F35/><W7/><G116/><T64/><D37/><U21/><E32/><V106/><F36/><W99/><G28/><T60/><D128/><U11/><E11/><V54/><F65/><W45/><G131/><T6/><D134/><U130/><E130/><V95/><F76/><W50/><G75/><T4/><D110/><U57/><E21/><V129/><F73/><W118/><G118/><T125/><D125/><U127/><E100/><V83/><F129/><W105/><G82/><T111/><D111/><U122/><E93/><V3/><F3/><W31/><G31/><T119/><D119/><U117/><E79/><V91/><F83/><W133/><G124/><N who="1" m="47658" /><E77/><V74/><F74/><W18/><G7/><T46/><D46/><U15/><E15/><V33/><F33/><W108/><G1/><T102/><D87/><U42/><E117/><V40/><F40/><N who="1" m="15401" /><E47/><V10/><F107/><W17/><G45/><T121/><D0/><U71/><E71/><V20/><F106/><W115/><G108/><T27/><D27/><U98/><E98/><N who="2" m="59871" /><F14/><W23/><G99/><T135/><D135/><U101/><E101/><V104/><F104/><W61/><G105/><N who="0" m="63695" /><D16/><AGARI ba="2,1" hai="9,10,13,16,20,49,54,58,89,90,91" m="59871" machi="16" ten="30,3900,0" yaku="8,1,52,1,54,1" doraHai="52" who="2" fromWho="0" sc="285,-45,240,0,240,55,225,0" /><INIT seed="1,0,0,2,0,110" ten="240,240,295,225" oya="1" hai0="62,64,36,82,22,58,135,107,9,69,118,20,124" hai1="3,26,48,111,134,41,70,128,27,54,80,89,86" hai2="119,7,63,53,12,92,21,72,66,113,32,132,115" hai3="98,40,116,102,19,60,126,45,127,25,2,65,14"/><U109/><E3/><V105/><F32/><W90/><G2/><T29/><D118/><U34/><E70/><V15/><F119/><W4/><G4/><T96/><D36/><U73/><E41/><V31/><F105/><W87/><G116/><T74/><D135/><U81/><E134/><V5/><F72/><W35/><G14/><N who="2" m="5161" /><F53/><W49/><G87/><T123/><D123/><U133/><E133/><V85/><F132/><W28/><G90/><T24/><D124/><U43/><E43/><V91/><F21/><W67/><G19/><T17/><D9/><U97/><E128/><V100/><F100/><W71/><REACH who="3" step="1"/><G67/><REACH who="3" ten="240,240,295,215" step="2"/><T79/><D17/><U125/><E125/><V50/><F31/><W78/><G78/><T101/><REACH who="0" step="1"/><D58/><REACH who="0" ten="230,240,295,215" step="2"/><U130/><E130/><V39/><F7/><W13/><G13/><T16/><D16/><U122/><E122/><V56/><F5/><W30/><G30/><T11/><D11/><U59/><E27/><V121/><F121/><W10/><G10/><T23/><AGARI ba="0,2" hai="20,22,23,24,29,62,64,69,74,79,82,96,101,107" machi="23" ten="20,5200,0" yaku="1,1,0,1,7,1,53,1" doraHai="110" doraHaiUra="76" who="0" fromWho="0" sc="230,72,240,-26,295,-13,215,-13" /><INIT seed="2,0,0,0,4,112" ten="302,214,282,202" oya="2" hai0="10,60,17,123,125,43,92,14,21,76,75,84,11" hai1="98,19,115,81,7,127,52,105,26,97,40,72,79" hai2="104,82,32,95,59,103,1,65,107,64,22,20,93" hai3="80,91,56,54,3,13,99,118,47,134,89,42,48"/><V73/><F32/><W39/><G3/><T114/><D123/><U106/><E115/><V113/><F1/><W130/><G134/><T102/><D114/><U83/><E40/><V27/><F113/><W108/><G130/><T66/><D125/><U9/><E127/><V4/><F4/><W69/><G108/><T30/><D75/><U12/><E83/><V124/><F124/><W50/><G69/><T15/><D43/><U63/><E106/><V51/><F20/><W71/><G71/><T41/><D41/><U117/><E117/><V35/><F35/><W121/><G121/><T23/><D30/><U116/><E116/><V31/><F95/><W109/><G109/><T110/><D110/><U129/><E129/><V131/><F131/><W62/><G118/><T8/><D76/><U96/><E105/><V38/><F38/><W0/><G0/><T70/><D23/><U2/><E26/><V57/><F57/><W55/><G13/><T6/><D84/><U120/><E120/><V46/><F82/><W16/><G80/><T126/><D126/><U28/><E28/><V94/><F73/><W34/><G34/><T49/><D49/><U88/><E2/><V29/><F29/><W87/><G39/><T78/><D78/><U133/><E133/><V58/><F107/><W67/><G48/><T25/><D6/><U119/><E119/><V33/><F104/><W100/><G50/><T45/><D45/><U135/><E135/><V90/><F33/><W5/><G47/><T37/><D37/><U18/><E88/><V24/><F46/><W86/><G42/><RYUUKYOKU ba="0,0" sc="302,15,214,15,282,-15,202,-15" hai0="8,10,11,14,15,17,21,25,60,66,70,92,102" hai1="7,9,12,18,19,52,63,72,79,81,96,97,98" /><INIT seed="3,1,0,4,0,13" ten="317,229,267,187" oya="3" hai0="76,104,4,124,114,35,1,92,84,134,56,11,97" hai1="43,96,120,95,91,6,48,106,88,41,50,37,93" hai2="72,60,78,87,31,111,3,18,54,135,129,130,79" hai3="132,109,32,42,122,98,131,101,46,26,118,82,55"/><W27/><G118/><T77/><D35/><U38/><E106/><V69/><F3/><W61/><G122/><T34/><D34/><U119/><E6/><V2/><F2/><W7/><G7/><T102/><D134/><U71/><E71/><V86/><F135/><W36/><G132/><T52/><D124/><U94/><E120/><V67/><F31/><W19/><G131/><N who="2" m="50185" /><F111/><W99/><G109/><T49/><D114/><U128/><E128/><V45/><F18/><W28/><G82/><T14/><D1/><U70/><E70/><V5/><F5/><W21/><REACH who="3" step="1"/><G101/><REACH who="3" ten="317,229,267,177" step="2"/><T90/><AGARI ba="1,1" hai="4,11,14,49,52,56,76,77,84,90,92,97,102,104" machi="90" ten="30,2000,0" yaku="0,1,54,1" doraHai="13" who="0" fromWho="0" sc="317,33,229,-6,267,-6,177,-11" /><INIT seed="4,0,0,3,3,11" ten="350,223,261,166" oya="0" hai0="86,17,6,40,71,55,49,4,93,122,95,127,41" hai1="101,23,12,116,42,135,128,10,111,8,16,13,105" hai2="94,56,63,126,66,83,125,110,81,3,103,130,64" hai3="77,2,117,120,74,28,15,68,90,121,53,87,34"/><T124/><D122/><U100/><E111/><V50/><F110/><W118/><G68/><T113/><D71/><U5/><E116/><N who="3" m="44650" /><G53/><T129/><D129/><U60/><E105/><V92/><F130/><W80/><G2/><T26/><D113/><U38/><E128/><V132/><F3/><W123/><G28/><T88/><D95/><U70/><E135/><V47/><F132/><W21/><G34/><T107/><D107/><U78/><E78/><V19/><F66/><W51/><G51/><T30/><D17/><U75/><E75/><V131/><F131/><W119/><N who="3" m="44658" /><W61/><DORA hai="39" /><G61/><T46/><D6/><U29/><E70/><V134/><F134/><W57/><G57/><T22/><D4/><U14/><E60/><V9/><F9/><W25/><G25/><T84/><D84/><U44/><E29/><V96/><F19/><AGARI ba="0,0" hai="5,8,10,12,13,14,16,19,23,38,42,44,100,101" machi="19" ten="30,12000,2" yaku="7,1,52,4,54,1" doraHai="11,39" who="1" fromWho="2" sc="350,0,223,120,261,-120,166,0" /><INIT seed="5,0,0,4,5,96" ten="350,343,141,166" oya="1" hai0="46,105,102,25,79,14,84,80,111,123,110,11,92" hai1="52,71,47,103,121,23,22,67,66,1,49,88,64" hai2="106,17,9,42,60,116,119,30,134,43,12,114,78" hai3="115,4,0,81,40,65,18,20,93,125,59,31,85"/><U73/><E121/><V36/><F134/><W86/><G31/><T21/><D105/><U29/><E1/><V15/><F106/><W63/><G125/><T127/><D127/><U56/><E71/><V70/><F30/><W133/><G133/><T62/><D123/><U98/><E73/><V45/><F43/><W5/><G0/><T90/><D62/><U118/><E118/><V87/><F114/><W48/><G115/><T19/><D46/><U3/><E3/><V107/><F107/><W129/><G129/><T100/><D111/><U6/><E6/><V44/><F44/><N who="3" m="25607" /><G93/><T82/><D110/><U32/><E32/><V130/><F130/><W33/><G86/><N who="0" m="48415" /><D92/><N who="1" m="58823" /><E29/><AGARI ba="0,0" hai="11,14,19,21,25,29,82,84,90,100,102" m="48415" machi="29" ten="30,3900,0" yaku="8,1,52,2" doraHai="96" who="0" fromWho="1" sc="350,39,343,-39,141,0,166,0" /><INIT seed="6,0,0,3,4,57" ten="389,304,141,166" oya="2" hai0="77,82,92,33,9,123,8,43,44,135,84,1,24" hai1="118,81,46,96,26,27,52,41,133,66,129,115,127" hai2="130,98,113,108,65,95,104,0,11,88,60,132,62" hai3="39,131,23,83,93,105,14,122,106,28,50,117,107"/><V25/><F113/><W72/><G39/><T99/><D123/><U35/><E118/><V53/><F104/><W20/><G117/><T100/><D135/><U61/><E133/><V59/><F132/><W97/><G122/><T70/><D70/><U78/><E115/><V64/><F130/><W51/><G131/><T71/><D71/><U32/><E129/><V120/><F120/><W121/><G121/><T110/><D110/><U68/><E127/><V13/><F0/><W87/><G72/><T109/><D109/><U2/><E2/><V69/><F108/><W86/><G86/><T7/><D9/><U80/><E80/><V91/><F25/><W111/><G111/><T76/><D24/><U74/><E27/><V36/><F36/><W55/><G28/><T17/><D17/><U5/><E5/><V6/><F65/><W85/><G85/><T119/><D33/><U67/><E67/><V31/><F31/><W125/><G125/><T58/><D58/><U47/><E26/><V75/><F75/><W102/><G14/><T42/><D119/><U4/><E4/><V101/><AGARI ba="0,0" hai="6,11,13,53,59,60,62,64,69,88,91,95,98,101" machi="101" ten="20,12000,1" yaku="0,1,7,1,52,2,54,1" doraHai="57" who="2" fromWho="2" sc="389,-40,304,-40,141,120,166,-40" /><INIT seed="6,1,0,0,2,123" ten="349,264,261,126" oya="2" hai0="40,81,126,121,75,109,28,72,15,130,1,107,125" hai1="29,117,112,82,18,55,116,43,24,65,45,103,91" hai2="77,17,101,27,0,94,49,90,61,26,38,16,135" hai3="56,25,41,8,7,122,52,6,51,62,2,127,134"/><V3/><F38/><W113/><G122/><T64/><D109/><U10/><E112/><V33/><F77/><W120/><G120/><T102/><D121/><U50/><E103/><V31/><F101/><W20/><G113/><T110/><D110/><U79/><E65/><V63/><F135/><W83/><G134/><T68/><D1/><U108/><E108/><V88/><F49/><W97/><G127/><N who="0" m="48651" /><D130/><U35/><E91/><V78/><F78/><W69/><G7/><T22/><D81/><U111/><E111/><V19/><F27/><W71/><G83/><T12/><D40/><U58/><E10/><V37/><F37/><W13/><G2/><T133/><D133/><U34/><E18/><V42/><F42/><W124/><G124/><T115/><D115/><U96/><E96/><V53/><F90/><W119/><G119/><T73/><D22/><U9/><E9/><V92/><F92/><W11/><G11/><T100/><D28/><U14/><E14/><N who="0" m="5161" /><D107/><U4/><E4/><V105/><F105/><W87/><G97/><T32/><D32/><U95/><E95/><V86/><REACH who="2" step="1"/><F63/><AGARI ba="1,0" hai="63,64,68,72,73,75,100,102" m="5161,48651" machi="63" ten="40,1300,0" yaku="18,1" doraHai="123" who="0" fromWho="2" sc="349,16,264,0,261,-16,126,0" /><INIT seed="7,0,0,1,3,53" ten="365,264,245,126" oya="3" hai0="8,71,11,27,72,42,20,62,92,85,46,79,60" hai1="106,77,26,63,125,50,39,118,40,12,96,131,90" hai2="78,54,120,69,30,87,123,57,111,56,36,32,43" hai3="24,35,51,86,108,112,67,49,23,130,17,61,18"/><W4/><G35/><T33/><D33/><U6/><E39/><V89/><F69/><W105/><G105/><T34/><D34/><U95/><E106/><V81/><F111/><W70/><G108/><T38/><D72/><U122/><E122/><N who="2" m="46635" /><F54/><W2/><G130/><T7/><D71/><U124/><E131/><V31/><F43/><W41/><G112/><T68/><D68/><U83/><E118/><V121/><F36/><W73/><G73/><T0/><D11/><U84/><E26/><N who="2" m="18519" /><F121/><W66/><G66/><T132/><D132/><U101/><E63/><V102/><F31/><W75/><G75/><T16/><D79/><U13/><E101/><V3/><F3/><W19/><G86/><T82/><D92/><U29/><E29/><V99/><F78/><W94/><G94/><AGARI ba="0,0" hai="56,57,81,87,89,94,99,102" m="18519,46635" machi="94" ten="30,3900,0" yaku="13,1,52,2" doraHai="53" who="2" fromWho="3" sc="365,0,264,0,245,39,126,-39" owari="365,47.0,264,-14.0,284,8.0,87,-41.0" /></mjloggm>