<mjloggm ver="2.3"><GO type="225" lobby="0"/><UN n0="%E3%81%AF%E3%81%BF%E3%82%82%E3%82%93" n1="%E9%B3%B3%E6%9D%B1%E3%81%AE%E5%A5%B3%E7%A5%9E" n2="%65%76%65%72%31%37%2A" n3="%E3%82%A6%E3%83%AB%E3%83%88%E3%83%A9%E7%AB%8B%E7%9B%B4" dan="18,17,16,17" rate="2295.54,2141.22,2086.99,2156.07" sx="M,F,M,M"/><TAIKYOKU oya="0"/><INIT seed="0,0,0,3,1,81" ten="250,250,250,250" oya="0" hai0="93,29,66,80,33,9,49,13,24,97,57,134,63" hai1="42,48,72,77,79,132,17,30,88,86,65,23,59" hai2="41,68,54,1,115,110,102,40,104,128,46,119,92" hai3="5,15,45,3,106,20,124,0,27,56,22,99,78"/><T8/><D134/><U125/><E132/><V95/><F128/><W129/><G45/><T19/><D49/><U14/><E125/><V38/><F68/><W100/><G124/><T69/><D80/><N who="1" m="49223" /><E72/><V64/><F54/><W32/><G129/><T130/><D130/><U120/><E120/><V126/><F64/><W91/><G78/><N who="1" m="29706" /><E30/><V31/><F104/><W37/><G106/><T67/><D69/><U109/><E109/><V76/><F1/><W73/><G32/><T18/><D67/><U84/><E84/><V52/><F31/><W89/><G73/><T60/><D66/><U112/><E112/><V71/><F38/><W44/><G0/><T55/><D60/><N who="1" m="38047" /><E48/><V82/><F71/><W90/><G3/><T7/><REACH who="0" step="1"/><D9/><REACH who="0" ten="240,250,250,250" step="2"/><U6/><E42/><V83/><F126/><W11/><G11/><T21/><D21/><U114/><E114/><V113/><F115/><W94/><G22/><T28/><D28/><U85/><E85/><V53/><F40/><W118/><G20/><T101/><AGARI ba="0,1" hai="7,8,13,18,19,24,29,33,55,57,63,93,97,101" machi="101" ten="20,3900,0" yaku="1,1,0,1,7,1,53,0" doraHai="81" doraHaiUra="133" who="0" fromWho="0" sc="240,49,250,-13,250,-13,250,-13" /><INIT seed="0,1,0,0,3,18" ten="289,237,237,237" oya="0" hai0="129,32,96,53,65,95,118,39,113,121,29,106,49" hai1="117,47,80,103,58,88,97,4,69,14,23,127,10" hai2="72,55,120,89,45,128,116,81,87,125,35,112,59" hai3="54,19,61,51,85,100,84,104,91,82,126,63,38"/><T67/><D39/><U6/><E69/><V22/><F120/><W115/><G38/><T15/><D121/><U42/><E117/><V9/><F116/><W79/><G115/><T21/><D113/><U36/><E127/><V12/><F35/><W99/><G19/><N who="0" m="10495" /><D106/><U1/><E58/><V70/><F125/><W43/><G43/><T8/><D32/><U75/><E75/><V122/><F70/><W107/><G107/><T44/><D129/><U101/><E4/><N who="2" m="3111" /><F72/><W98/><G98/><T0/><D0/><U133/><E133/><V130/><F122/><W76/><G126/><T102/><D8/><U52/><E52/><V64/><F112/><W110/><G110/><T2/><D2/><U73/><E73/><V37/><F37/><W57/><REACH who="3" step="1"/><G79/><REACH who="3" ten="289,237,237,227" step="2"/><T33/><D118/><U27/><E42/><V11/><F130/><W5/><G5/><T77/><D77/><U20/><E36/><V24/><F128/><W50/><G50/><T28/><D33/><U16/><E97/><V60/><F64/><AGARI ba="1,1" hai="28,29,44,49,53,64,65,67,95,96,102" m="10495" machi="64" ten="30,2900,0" yaku="8,1,52,1" doraHai="18" who="0" fromWho="2" sc="289,42,237,0,237,-32,227,0" /><INIT seed="0,2,0,5,3,97" ten="331,237,205,227" oya="0" hai0="22,34,82,115,111,101,84,55,79,66,37,58,119" hai1="132,23,83,100,107,51,11,125,0,85,89,73,17" hai2="9,129,93,80,20,62,50,120,48,59,113,118,21" hai3="81,8,67,99,133,38,94,98,64,131,5,103,43"/><T6/><D34/><U16/><E125/><V128/><F120/><W60/><G131/><N who="2" m="50249" /><F113/><W46/><G133/><T124/><D119/><U116/><E116/><V88/><F80/><W90/><G60/><T52/><D37/><U127/><E127/><V26/><F118/><W24/><G24/><T2/><D115/><U134/><E73/><V123/><F9/><W28/><G28/><T68/><D22/><N who="2" m="8810" /><F26/><W95/><REACH who="3" step="1"/><G81/><REACH who="3" ten="331,237,205,217" step="2"/><T40/><D82/><U65/><E132/><V39/><F123/><W32/><G32/><T35/><D35/><U30/><E134/><V92/><F39/><W122/><G122/><T31/><D31/><U108/><E30/><V45/><F50/><W53/><G53/><T10/><D52/><U44/><E51/><V29/><F48/><W27/><G27/><T78/><D55/><U109/><E83/><V130/><F130/><W70/><G70/><T4/><D68/><U86/><E109/><V41/><F29/><W47/><G47/><T14/><D111/><U87/><E44/><V7/><F45/><W36/><G36/><T74/><D124/><U33/><E108/><V77/><F62/><W56/><G56/><T121/><D58/><U104/><E33/><V117/><F59/><W15/><AGARI ba="2,1" hai="5,8,15,38,43,46,64,67,90,94,95,98,99,103" machi="15" ten="20,5200,0" yaku="1,1,0,1,7,1,52,1,53,0" doraHai="97" doraHaiUra="112" who="3" fromWho="3" sc="331,-28,237,-15,205,-15,217,68" /><INIT seed="1,0,0,0,4,25" ten="303,222,190,285" oya="1" hai0="51,1,37,55,118,60,124,69,4,82,29,32,19" hai1="92,3,27,81,98,33,126,76,122,111,72,83,117" hai2="68,52,18,26,22,24,38,77,125,42,5,109,110" hai3="84,8,57,104,58,107,30,49,115,46,44,20,31"/><U128/><E117/><V73/><F125/><W40/><G20/><T108/><D37/><U43/><E122/><V70/><F5/><W105/><G115/><T0/><D108/><N who="2" m="41578" /><F77/><W91/><G8/><T16/><D1/><U90/><E3/><V61/><F73/><W35/><G46/><T103/><D103/><U113/><E111/><V74/><F74/><W7/><G7/><T100/><D100/><U99/><E113/><V63/><F61/><W89/><G89/><T96/><D4/><U14/><E126/><V95/><F95/><W85/><G85/><T66/><D0/><U6/><E43/><V62/><F62/><W121/><G121/><T112/><D96/><U50/><E99/><V64/><F26/><W39/><G35/><T101/><D118/><U129/><E27/><V11/><F11/><W21/><G21/><T75/><D32/><U116/><E33/><V130/><F130/><N who="1" m="50281" /><E116/><V47/><F70/><W102/><G102/><T67/><D101/><U97/><E97/><V48/><F38/><W134/><G39/><T87/><D75/><U114/><E114/><V93/><F93/><W36/><G36/><T78/><D124/><U123/><E123/><V65/><F65/><W53/><G107/><T94/><D67/><U34/><E34/><V106/><F106/><W133/><G105/><T45/><D94/><U120/><E120/><V80/><F80/><N who="3" m="49543" /><G104/><T41/><D112/><U17/><E81/><V54/><AGARI ba="0,0" hai="18,22,24,42,47,48,52,54,63,64,68" m="41578" machi="54" ten="30,2000,0" yaku="14,1,54,1" doraHai="25" who="2" fromWho="2" sc="303,-5,222,-10,190,20,285,-5" /><INIT seed="2,0,0,2,0,74" ten="298,212,210,280" oya="2" hai0="100,115,51,10,66,129,121,15,86,31,46,131,9" hai1="130,43,62,99,104,60,30,71,67,124,87,48,76" hai2="36,40,56,16,96,94,116,93,92,35,37,82,110" hai3="21,22,8,84,26,61,85,53,107,103,24,14,49"/><V47/><F116/><W83/><G107/><T64/><D115/><U112/><E112/><V19/><F110/><W55/><G103/><T106/><D31/><U126/><E130/><N who="0" m="49673" /><D10/><U34/><E60/><V59/><F35/><W18/><G61/><T12/><D12/><U65/><E65/><V33/><F33/><W108/><G108/><T113/><D121/><U58/><E58/><V41/><F96/><W75/><G75/><T95/><D106/><U2/><E2/><V5/><F5/><N who="3" m="3343" /><G49/><T29/><D29/><U52/><E52/><N who="3" m="20042" /><G83/><T132/><D132/><U42/><E48/><V38/><F82/><W120/><G120/><T11/><D11/><U17/><E99/><V89/><F89/><W111/><G111/><T4/><D100/><U79/><E104/><V105/><F105/><W90/><G90/><N who="0" m="53719" /><D113/><U39/><E30/><AGARI ba="0,0" hai="18,21,22,24,26,30,84,85" m="20042,3343" machi="30" ten="30,2000,0" yaku="8,1,54,1" doraHai="74" who="3" fromWho="1" sc="298,0,212,-20,210,0,280,20" /><INIT seed="3,0,0,0,0,39" ten="298,192,210,300" oya="3" hai0="37,5,47,14,15,12,127,90,107,54,112,10,52" hai1="65,131,9,103,91,81,128,118,48,66,121,85,1" hai2="126,64,89,93,20,40,43,96,44,109,11,99,26" hai3="18,8,19,68,17,59,24,35,61,119,87,116,31"/><W78/><G68/><T106/><D127/><U76/><E121/><V74/><F109/><W30/><G30/><T34/><D34/><U2/><E118/><V132/><F74/><W104/><G104/><T53/><D90/><U95/><E103/><V102/><F132/><W70/><G70/><T133/><D133/><U36/><E36/><V60/><F126/><W120/><G120/><T22/><D22/><U7/><E2/><V56/><F44/><W80/><REACH who="3" step="1"/><G8/><REACH who="3" ten="298,192,210,290" step="2"/><T49/><D106/><U124/><E124/><V58/><F11/><W42/><G42/><T50/><D107/><U55/><E128/><V100/><F43/><W117/><G117/><T28/><D28/><U114/><E131/><V6/><F40/><W69/><G69/><T4/><D10/><U33/><E114/><V83/><F58/><W63/><G63/><T105/><D105/><U115/><E115/><V82/><F56/><W13/><G13/><T77/><D112/><U98/><E33/><V23/><F60/><W71/><G71/><T86/><D5/><U123/><E123/><V113/><F6/><W108/><G108/><T32/><D4/><U25/><E25/><V41/><F26/><W130/><G130/><T72/><D32/><U101/><E101/><V97/><F113/><W92/><G92/><T110/><D110/><U111/><E111/><V84/><F41/><W57/><G57/><AGARI ba="0,1" hai="1,7,9,48,55,57,65,66,76,81,85,91,95,98" machi="57" ten="30,1000,0" yaku="7,1" doraHai="39" who="1" fromWho="3" sc="298,0,192,20,210,0,290,-10" /><INIT seed="4,0,0,1,0,39" ten="298,212,210,280" oya="0" hai0="1,129,26,32,130,2,61,40,65,97,94,132,76" hai1="81,91,44,113,5,45,89,37,35,25,116,84,66" hai2="20,3,109,9,36,17,99,7,117,29,11,64,10" hai3="122,6,71,107,110,24,51,115,48,112,22,126,33"/><T88/><D40/><U98/><E116/><V87/><F36/><W75/><G33/><T54/><D54/><U106/><E66/><V53/><F109/><W77/><G107/><T135/><D76/><U67/><E67/><V13/><F117/><W101/><G101/><T28/><D2/><U0/><E113/><N who="3" m="43594" /><G71/><N who="0" m="42415" /><D1/><U100/><E37/><V59/><F64/><W121/><G6/><T70/><D70/><U14/><E0/><V12/><F99/><W118/><G118/><T123/><D123/><N who="3" m="47113" /><G110/><T34/><D32/><U42/><E5/><N who="2" m="1215" /><F87/><W57/><G57/><T85/><D85/><U4/><E4/><N who="2" m="3143" /><F59/><W73/><G126/><T111/><D111/><U49/><E45/><V38/><F53/><W43/><G43/><T15/><D15/><U52/><E14/><N who="2" m="9271" /><F38/><W80/><G75/><T47/><D47/><U21/><E42/><V119/><F119/><W95/><G95/><T62/><D62/><U134/><E84/><V120/><F120/><W131/><G131/><AGARI ba="0,0" hai="26,28,34,88,94,97,129,130,131,132,135" m="42415" machi="131" ten="30,2900,0" yaku="19,1,54,1" doraHai="39" who="0" fromWho="3" sc="298,29,212,0,210,0,280,-29" owari="327,43.0,212,-19.0,210,-29.0,251,5.0" /></mjloggm>