<mjloggm ver="2.3"><GO type="169" lobby="0"/><UN n0="%E3%82%A6%E3%83%AB%E3%83%88%E3%83%A9%E7%AB%8B%E7%9B%B4" n1="%E7%BE%8E%E3%81%97%E3%81%99%E3%81%8E%E3%82%8B%E7%88%86%E5%BC%BE%E5%B2%A9" n2="%4B%6F%48" n3="%E3%81%B9%E3%81%91%E3%82%93" dan="16,16,16,16" rate="2154.83,2069.82,2069.72,2073.47" sx="M,F,F,M"/><TAIKYOKU oya="0"/><INIT seed="0,0,0,0,3,4" ten="250,250,250,250" oya="0" hai0="118,36,117,37,85,100,79,135,96,114,62,133,30" hai1="3,111,17,120,54,31,6,39,87,92,14,19,121" hai2="50,76,18,83,20,88,130,56,53,109,82,10,70" hai3="106,116,123,26,58,23,24,49,16,15,112,47,134"/><T57/><D30/><U97/><E39/><N who="0" m="14921" /><D85/><U102/><E111/><V101/><F130/><W55/><G106/><T9/><D79/><U103/><E3/><V67/><F109/><W95/><G116/><N who="0" m="44651" /><D96/><U89/><E102/><V46/><F101/><W125/><G112/><T7/><D100/><U98/><E98/><V73/><F70/><W110/><G110/><T52/><D7/><U5/><E31/><V129/><F129/><W28/><G125/><T68/><D9/><N who="1" m="6351" /><E121/><V77/><F10/><N who="3" m="6263" /><G134/><N who="0" m="51211" /><D68/><U128/><E128/><V90/><F82/><W91/><G123/><T75/><D75/><U65/><E120/><V115/><F77/><W80/><G80/><T45/><D45/><U32/><E19/><V60/><REACH who="2" step="1"/><F115/><AGARI ba="0,0" hai="52,57,62,114,115" m="51211,44651,14921" machi="115" ten="40,12000,1" yaku="20,1,34,2,54,1" doraHai="4" who="0" fromWho="2" sc="250,120,250,0,250,-120,250,0" /><INIT seed="0,1,0,3,2,114" ten="370,250,130,250" oya="0" hai0="31,65,131,35,1,67,30,125,0,11,39,133,91" hai1="71,105,44,9,27,62,121,116,128,95,49,52,20" hai2="78,97,53,7,90,18,2,4,58,120,13,89,48" hai3="6,46,123,87,75,98,63,118,64,26,16,103,88"/><T93/><D39/><U130/><E121/><V76/><F120/><W119/><G75/><T127/><D131/><N who="1" m="50219" /><E105/><V107/><F2/><N who="0" m="1130" /><D11/><U21/><E116/><V117/><F117/><W77/><G123/><T43/><D43/><U59/><E71/><V81/><F107/><W28/><G77/><N who="2" m="29801" /><F81/><W72/><G72/><T36/><D36/><U104/><E104/><V106/><F106/><W68/><G6/><N who="2" m="2089" /><F97/><W51/><G98/><T102/><D102/><U17/><E95/><V22/><AGARI ba="1,0" hai="13,18,22,48,53,58,89,90" m="2089,29801" machi="22" ten="30,1100,0" yaku="8,1" doraHai="114" who="2" fromWho="2" sc="370,-6,250,-4,130,14,250,-4" /><INIT seed="1,0,0,4,4,71" ten="364,246,144,246" oya="1" hai0="4,95,129,106,66,107,26,43,33,79,32,34,20" hai1="135,48,41,90,111,56,0,126,69,24,29,9,96" hai2="101,15,67,123,2,110,119,109,38,45,1,23,80" hai3="13,76,37,117,100,27,19,134,99,57,120,49,73"/><U10/><E69/><V78/><F123/><W11/><G120/><T65/><D79/><U58/><E135/><V131/><F131/><W103/><G134/><T17/><D129/><U122/><E122/><V12/><F119/><W104/><G117/><T97/><D4/><U52/><E126/><V21/><F101/><W62/><G103/><T112/><D112/><U55/><E111/><N who="2" m="42507" /><F67/><W85/><G73/><T31/><D17/><U59/><E41/><N who="2" m="22711" /><F15/><W68/><G68/><T14/><D14/><U25/><E0/><N who="2" m="107" /><F12/><W82/><G27/><N who="1" m="10314" /><E29/><V3/><N who="2" m="115" /><V5/><DORA hai="121" /><F5/><W30/><G13/><T75/><D26/><U98/><E9/><V128/><F128/><W102/><G11/><T125/><D31/><U53/><E10/><V84/><AGARI ba="0,0" hai="21,23,78,80,84" m="115,22711,42507" machi="84" ten="50,8000,1" yaku="14,1,52,4" doraHai="71,121" who="2" fromWho="2" sc="364,-20,246,-40,144,80,246,-20" /><INIT seed="2,0,0,2,0,13" ten="344,206,224,226" oya="2" hai0="106,82,11,36,75,108,78,6,83,84,51,16,89" hai1="77,29,110,55,93,54,65,41,94,79,60,98,86" hai2="99,101,72,34,118,92,70,123,42,20,76,18,31" hai3="114,19,88,129,35,131,96,49,120,125,23,134,63"/><V74/><F118/><W80/><G120/><T116/><D106/><U21/><E110/><V115/><F123/><W0/><G35/><T52/><D36/><U8/><E41/><V113/><F70/><W112/><G0/><T132/><D108/><U102/><E8/><V57/><F42/><W68/><G125/><T126/><D126/><U124/><E124/><V38/><F38/><W133/><G49/><T135/><D116/><U85/><E79/><V5/><F5/><W1/><G1/><T66/><D66/><U100/><E77/><V32/><F74/><W25/><G63/><T56/><REACH who="0" step="1"/><D16/><REACH who="0" ten="334,206,224,226" step="2"/><U90/><E102/><V17/><F18/><W103/><G103/><T128/><D128/><N who="3" m="49225" /><G68/><T10/><D10/><U30/><E100/><V47/><F101/><W107/><G107/><T109/><D109/><U3/><E65/><V62/><F17/><W50/><G50/><T127/><D127/><U71/><E71/><V119/><F119/><W53/><G53/><T46/><D46/><U117/><E117/><V37/><F47/><W130/><G130/><T67/><D67/><U22/><E55/><V9/><F37/><W45/><G45/><T97/><D97/><U7/><E98/><V81/><F99/><W104/><G104/><T122/><D122/><U28/><E54/><V40/><F40/><W43/><G43/><T69/><D69/><U24/><E60/><V12/><F62/><W4/><G96/><T59/><D59/><U91/><E24/><V73/><F57/><W26/><G26/><T58/><D58/><U39/><E39/><V105/><F105/><RYUUKYOKU ba="0,1" sc="334,15,206,15,224,-15,226,-15" hai0="6,11,51,52,56,75,78,82,83,84,89,132,135" hai1="3,7,21,22,28,29,30,85,86,90,91,93,94" /><INIT seed="3,1,1,0,3,47" ten="349,221,209,211" oya="3" hai0="61,33,80,70,87,113,77,54,20,134,102,103,36" hai1="88,27,43,81,84,115,57,65,114,7,126,122,51" hai2="67,31,16,44,21,96,18,55,13,116,25,110,15" hai3="104,8,108,58,98,52,46,90,107,37,125,79,129"/><W9/><G79/><T71/><D33/><U83/><E122/><V42/><F116/><W118/><G118/><T72/><D36/><U132/><E132/><V17/><F110/><W97/><G108/><T63/><D134/><U101/><E126/><V111/><F111/><W89/><G125/><T124/><D124/><U75/><E101/><V74/><F74/><W68/><G68/><T123/><D123/><U56/><E7/><V2/><F67/><W92/><G129/><T62/><D113/><U82/><E27/><V120/><F120/><W109/><G109/><T40/><D40/><U91/><E75/><V14/><F55/><W117/><G117/><T66/><D72/><U6/><E6/><V4/><F96/><W105/><G37/><T26/><D62/><U64/><E115/><V100/><F100/><W106/><G46/><T12/><D12/><U78/><E114/><V119/><F119/><W32/><G32/><T127/><D127/><U95/><E78/><V3/><REACH who="2" step="1"/><F4/><REACH who="2" ten="349,221,199,211" step="2"/><W53/><G53/><T34/><D54/><N who="1" m="31839" /><E43/><V130/><F130/><W39/><G105/><T38/><D103/><U35/><E65/><V11/><F11/><W10/><G39/><AGARI ba="1,2" hai="2,3,13,14,15,16,17,18,21,25,31,39,42,44" machi="39" ten="40,2600,0" yaku="1,1,54,1,53,0" doraHai="47" doraHaiUra="1" who="2" fromWho="3" sc="349,0,221,0,199,49,211,-29" /><INIT seed="4,0,0,4,4,53" ten="349,221,248,182" oya="0" hai0="10,2,24,58,7,91,46,127,1,13,36,61,6" hai1="103,111,73,39,17,86,81,26,115,124,107,0,89" hai2="63,34,100,42,55,88,80,50,31,43,93,69,65" hai3="97,11,40,99,78,70,129,59,126,96,57,49,60"/><T94/><D127/><U18/><E111/><V66/><F66/><W120/><G126/><T16/><D36/><U19/><E124/><V44/><F100/><W52/><G129/><T72/><D72/><U74/><E39/><V128/><F128/><W27/><G120/><T125/><D125/><U118/><E118/><V101/><F101/><W22/><G70/><T135/><D135/><U25/><E0/><V130/><F130/><W98/><G78/><T15/><D46/><U119/><E119/><V38/><F80/><W117/><G117/><T122/><D122/><U12/><E115/><V113/><F113/><W102/><G11/><T9/><D24/><U4/><E103/><V29/><F34/><W112/><G112/><T37/><D37/><U48/><E107/><V90/><F43/><W68/><G68/><T51/><D51/><U84/><E48/><V33/><F33/><W41/><G97/><T20/><D20/><U79/><E74/><V116/><F116/><W133/><G133/><T110/><D6/><U104/><E104/><V47/><REACH who="2" step="1"/><F90/><REACH who="2" ten="349,221,238,182" step="2"/><W77/><G102/><T71/><D110/><U92/><E73/><V67/><F67/><N who="3" m="39311" /><G77/><T131/><D131/><U64/><E64/><V83/><F83/><W114/><G114/><T76/><D76/><U62/><E79/><V85/><AGARI ba="0,1" hai="29,31,38,42,44,47,50,55,63,65,69,85,88,93" machi="85" ten="20,5200,0" yaku="1,1,0,1,7,1,54,1,53,0" doraHai="53" doraHaiUra="134" who="2" fromWho="2" sc="349,-26,221,-13,238,62,182,-13" /><INIT seed="5,0,0,0,4,14" ten="323,208,300,169" oya="1" hai0="72,118,127,18,68,32,4,97,1,44,41,114,126" hai1="27,12,82,7,113,99,64,87,0,67,24,88,80" hai2="38,78,129,84,25,54,125,42,46,102,16,43,100" hai3="31,107,115,63,35,48,6,83,10,55,123,106,56"/><U22/><E0/><V86/><F129/><W76/><G115/><T111/><D111/><U66/><E113/><V51/><F125/><W36/><G36/><T98/><D32/><U121/><E121/><V29/><F29/><W58/><G123/><T65/><D72/><U79/><E99/><V74/><F74/><W104/><G31/><T112/><D118/><U15/><E7/><V91/><F78/><W85/><G35/><T47/><D4/><U117/><E117/><V101/><F38/><W131/><G131/><T11/><D1/><U61/><E61/><V23/><REACH who="2" step="1"/><F86/><REACH who="2" ten="323,208,290,169" step="2"/><W90/><G76/><T40/><D127/><U95/><E79/><V116/><F116/><W89/><G89/><T77/><D77/><U45/><E87/><V119/><F119/><W19/><G90/><T3/><D126/><U71/><E88/><V39/><F39/><W57/><G85/><T108/><D114/><U109/><E109/><V53/><F53/><W33/><G55/><T69/><D112/><U13/><E67/><V135/><F135/><W120/><G120/><T20/><D65/><U94/><E66/><V26/><F26/><W81/><G81/><AGARI ba="0,1" hai="16,23,25,42,43,46,51,54,81,84,91,100,101,102" machi="81" ten="40,8000,1" yaku="1,1,8,1,52,1,54,1,53,0" doraHai="14" doraHaiUra="134" who="2" fromWho="3" sc="323,0,208,0,290,90,169,-80" /><INIT seed="6,0,0,1,3,73" ten="323,208,380,89" oya="2" hai0="57,103,121,90,91,85,113,89,55,22,80,110,48" hai1="109,54,7,33,53,30,62,71,16,135,58,72,52" hai2="123,79,17,24,45,37,93,43,117,87,133,27,84" hai3="99,108,129,42,120,46,3,116,125,6,98,76,92"/><V28/><F133/><W119/><G120/><T18/><D121/><U1/><E109/><V69/><F117/><W60/><G108/><T106/><D110/><U101/><E135/><V114/><F114/><W20/><G125/><T11/><D113/><U59/><E72/><V5/><F69/><W34/><G34/><T21/><D106/><U64/><E1/><V111/><F5/><W38/><G129/><T131/><D131/><U100/><E7/><V36/><F36/><W104/><G20/><T77/><D103/><U9/><E33/><V12/><F123/><W39/><G39/><T2/><D2/><U130/><E130/><V66/><F66/><W122/><G122/><T23/><REACH who="0" step="1"/><D11/><REACH who="0" ten="313,208,380,89" step="2"/><U67/><E101/><V86/><F111/><W118/><G104/><T88/><N who="0" m="22528" /><DORA hai="124" /><T13/><AGARI ba="0,1" hai="13,18,21,22,23,48,55,57,77,80,85" m="22528" machi="13" ten="40,12000,2" yaku="1,1,4,1,0,1,8,1,52,1,54,1,53,0" doraHai="73,124" doraHaiUra="65,97" who="0" fromWho="0" sc="313,130,208,-30,380,-60,89,-30" /><INIT seed="7,0,0,1,5,89" ten="443,178,320,59" oya="3" hai0="103,34,11,46,133,112,48,117,80,135,0,78,134" hai1="27,65,21,130,13,125,9,116,35,24,39,51,22" hai2="72,42,66,114,14,120,28,77,111,56,15,82,75" hai3="20,41,115,94,55,7,113,40,107,62,58,16,121"/><W92/><G107/><T52/><D34/><U69/><E39/><V95/><F111/><W97/><G121/><T109/><D109/><U87/><E69/><V118/><F118/><W71/><G7/><N who="0" m="1511" /><D103/><U37/><E130/><V123/><F114/><N who="3" m="43531" /><G71/><T38/><D112/><U101/><E125/><V25/><F75/><W8/><G8/><T44/><D117/><U47/><E37/><V59/><F42/><N who="3" m="16491" /><G97/><T73/><D38/><U70/><E116/><V90/><F120/><W84/><G84/><T96/><D96/><U26/><E35/><V36/><F36/><W17/><G17/><T23/><D23/><U2/><E2/><V88/><F123/><W33/><G33/><T106/><D106/><U131/><E131/><V43/><F72/><W74/><G74/><T83/><D83/><U32/><E32/><V81/><F82/><W91/><G91/><T132/><D132/><U85/><E101/><V126/><F90/><W102/><G102/><T93/><D80/><U4/><E70/><V64/><F81/><W110/><G110/><T104/><D104/><U108/><E108/><V45/><F126/><W61/><G61/><T60/><D60/><U79/><E22/><V54/><F28/><W119/><G119/><T105/><D105/><U99/><E21/><V127/><F127/><W100/><G100/><T57/><D73/><U1/><E99/><V76/><F88/><W18/><G18/><T49/><D135/><U29/><E1/><V12/><F77/><W31/><G31/><T68/><D133/><U19/><E79/><V50/><F76/><W128/><G128/><RYUUKYOKU ba="0,0" sc="443,-10,178,-10,320,-10,59,30" hai3="16,20,55,58,62,92,94" /><INIT seed="7,1,0,2,0,28" ten="433,168,310,89" oya="3" hai0="75,60,87,80,114,82,70,73,39,72,5,33,56" hai1="96,54,111,15,128,107,36,89,69,125,123,133,106" hai2="67,130,79,27,76,113,25,48,103,64,97,112,115" hai3="131,134,68,4,118,116,17,46,9,85,129,104,34"/><W45/><G104/><T65/><D33/><U19/><E123/><V1/><F1/><W59/><G68/><T12/><D39/><U122/><E122/><V35/><F130/><N who="3" m="49675" /><G134/><T119/><D119/><N who="3" m="45609" /><G17/><T77/><D114/><U41/><E128/><V108/><F48/><W57/><G85/><T110/><D110/><U18/><E111/><V37/><F37/><W71/><G71/><T88/><REACH who="0" step="1"/><D70/><REACH who="0" ten="423,168,310,89" step="2"/><U86/><E36/><V51/><F108/><W66/><G34/><T3/><D3/><U24/><E107/><V124/><F51/><W98/><G98/><T93/><D93/><U16/><E19/><V2/><F2/><N who="3" m="151" /><G66/><T109/><D109/><U117/><E86/><V20/><F67/><W84/><G84/><T105/><D105/><U22/><E69/><V78/><F64/><W121/><G121/><T95/><D95/><U62/><E106/><V6/><F97/><W135/><G135/><T11/><AGARI ba="1,1" hai="5,11,12,56,60,65,72,73,75,77,80,82,87,88" machi="11" ten="30,4000,0" yaku="1,1,0,1,54,1,53,0" doraHai="28" doraHaiUra="50" who="0" fromWho="0" sc="423,53,168,-11,310,-11,89,-21" owari="476,57.0,157,-24.0,299,10.0,68,-43.0" /></mjloggm>