<mjloggm ver="2.3"><GO type="169" lobby="0"/><UN n0="%E7%99%BD%E9%B9%BF%E6%84%9B%E8%8E%89" n1="%E5%BE%92%E6%89%8B%E7%A9%BA%E6%8B%B3" n2="%E5%B0%B1%E6%B4%BB%E7%94%9F%40%E5%B7%9D%E6%9D%91%E8%BB%8D%E5%9B%A3" n3="%E8%9B%99%E3%81%AE%E7%8E%8B%E6%A7%98" dan="16,16,17,16" rate="2104.08,2066.99,2170.61,2082.46" sx="F,M,M,M"/><TAIKYOKU oya="0"/><INIT seed="0,0,0,1,2,99" ten="250,250,250,250" oya="0" hai0="53,71,132,116,67,6,14,58,19,108,39,128,103" hai1="61,5,69,45,133,57,88,70,35,54,82,125,12" hai2="31,20,89,50,8,113,52,110,65,127,76,96,120" hai3="30,92,121,68,38,134,3,46,131,85,73,87,44"/><T41/><D116/><U59/><E35/><V93/><F120/><W98/><G73/><T115/><D115/><U100/><E125/><V84/><F113/><W37/><G121/><T49/><D6/><U117/><E117/><V29/><F127/><W130/><G134/><T81/><D132/><U104/><E133/><V63/><F8/><W72/><G72/><T7/><D7/><U97/><E45/><N who="3" m="17514" /><G3/><T28/><D28/><U32/><E32/><V126/><F126/><W107/><G107/><T51/><D128/><N who="3" m="49193" /><G30/><T1/><D1/><U10/><REACH who="1" step="1"/><E57/><REACH who="1" ten="250,240,250,250" step="2"/><N who="2" m="37103" /><F110/><W48/><G68/><T122/><D71/><U86/><AGARI ba="0,1" hai="5,10,12,54,59,61,69,70,82,86,88,97,100,104" machi="86" ten="30,8000,1" yaku="1,1,0,1,52,1,54,1,53,1" doraHai="99" doraHaiUra="79" who="1" fromWho="1" sc="250,-40,240,90,250,-20,250,-20" /><INIT seed="1,0,0,1,4,69" ten="210,330,230,230" oya="1" hai0="68,32,25,92,130,132,17,27,87,54,52,74,20" hai1="96,113,101,23,60,13,15,48,33,102,56,116,18" hai2="1,109,86,107,115,67,16,4,22,73,0,75,94" hai3="2,65,28,24,127,59,35,99,123,83,124,78,41"/><U9/><E113/><V45/><F107/><W64/><G123/><T126/><D74/><U7/><E116/><V95/><F67/><W3/><G41/><T61/><D130/><U34/><E48/><V71/><F71/><W77/><G99/><T29/><D132/><U90/><E90/><V108/><F115/><W63/><G65/><T26/><D126/><N who="3" m="48169" /><G78/><T98/><D87/><AGARI ba="0,0" hai="2,3,24,28,35,59,63,64,77,83,87" m="48169" machi="87" ten="30,1000,0" yaku="18,1" doraHai="69" who="3" fromWho="0" sc="210,-10,330,0,230,0,230,10" /><INIT seed="2,0,0,1,5,108" ten="200,330,230,240" oya="2" hai0="21,100,40,53,20,13,57,4,11,0,78,19,66" hai1="96,97,90,73,6,35,38,60,92,101,54,3,98" hai2="34,67,102,76,82,118,17,48,75,26,16,71,69" hai3="49,128,113,45,37,112,24,131,10,61,110,81,51"/><V46/><F118/><W74/><G110/><T117/><D117/><U62/><E38/><V18/><F102/><W56/><G10/><T123/><D123/><U83/><E35/><V85/><F75/><W129/><G24/><T86/><D66/><U89/><E3/><V116/><F116/><W99/><G99/><T122/><D122/><U39/><E39/><V44/><F67/><N who="3" m="39335" /><G81/><T28/><D100/><U68/><E6/><V1/><F1/><W84/><G84/><T22/><D40/><U132/><E132/><V65/><F65/><W64/><G74/><T134/><D134/><U52/><E68/><V8/><F8/><W133/><G64/><T63/><REACH who="0" step="1"/><D28/><REACH who="0" ten="190,330,230,240" step="2"/><U7/><E101/><V106/><F106/><W126/><G133/><T104/><D104/><U41/><E41/><V87/><F71/><W14/><G126/><T42/><D42/><U79/><E54/><V77/><F69/><W115/><G14/><T130/><D130/><U103/><E103/><V124/><F124/><W27/><G27/><T5/><D5/><U111/><E7/><V30/><F48/><W47/><G37/><T121/><D121/><U29/><E29/><V33/><F33/><W91/><G91/><T127/><D127/><U125/><E90/><V59/><F59/><W114/><G112/><T25/><D25/><U88/><E111/><V94/><F76/><W135/><G135/><T12/><D12/><U36/><E89/><V70/><F70/><W2/><G2/><T55/><D55/><U9/><E125/><V43/><F43/><W93/><G93/><T95/><D95/><RYUUKYOKU ba="0,1" sc="190,10,330,-30,230,10,240,10" hai0="0,4,11,13,19,20,21,22,53,57,63,78,86" hai2="16,17,18,26,30,34,44,46,77,82,85,87,94" hai3="45,47,49,51,113,114,115,128,129,131" /><INIT seed="2,1,1,5,4,96" ten="200,300,240,250" oya="2" hai0="113,67,59,77,20,31,84,89,17,62,112,83,130" hai1="99,125,36,134,120,15,79,71,6,127,18,95,85" hai2="63,66,8,16,1,110,104,94,3,103,123,4,61" hai3="107,27,11,45,116,24,14,122,7,75,88,131,121"/><V69/><F123/><W76/><G116/><T118/><D130/><U119/><E119/><V70/><F110/><W111/><G111/><T78/><D118/><U129/><E120/><V10/><F94/><W43/><G131/><T12/><REACH who="0" step="1"/><D31/><REACH who="0" ten="190,300,240,250" step="2"/><U132/><E129/><V23/><F3/><W91/><G122/><T133/><D133/><U109/><E134/><V87/><F87/><W21/><G121/><T26/><D26/><U52/><E85/><V19/><F10/><W60/><G27/><T81/><D81/><U117/><E117/><V28/><F28/><W100/><G75/><T90/><D90/><U108/><E132/><V58/><F23/><W68/><G76/><AGARI ba="1,2" hai="12,17,20,59,62,67,76,77,78,83,84,89,112,113" machi="76" ten="40,1300,0" yaku="1,1,53,0" doraHai="96" doraHaiUra="42" who="0" fromWho="3" sc="190,36,300,0,240,0,250,-16" /><INIT seed="3,0,0,4,1,55" ten="226,300,240,234" oya="3" hai0="35,17,50,22,27,57,126,54,76,135,9,47,130" hai1="52,112,133,36,81,99,64,67,118,3,108,87,110" hai2="32,39,116,11,109,90,6,89,132,111,8,34,43" hai3="129,85,113,96,94,91,98,60,97,45,75,74,120"/><W117/><G45/><T12/><D135/><U53/><E112/><V66/><F116/><W134/><G60/><T104/><D104/><U121/><E133/><V51/><F39/><W124/><G134/><T15/><D130/><U79/><E36/><V84/><F66/><W33/><G33/><N who="2" m="12905" /><F132/><W103/><G117/><T1/><D126/><U88/><E121/><V122/><F122/><W125/><G120/><T14/><D76/><U80/><E99/><N who="3" m="37962" /><G113/><T23/><D35/><U62/><E3/><V30/><F30/><W69/><G69/><T86/><D86/><U38/><E38/><V115/><F84/><W4/><G4/><T82/><D82/><U73/><E118/><V28/><F28/><W21/><G21/><T41/><D1/><U123/><E123/><V72/><F72/><N who="3" m="27691" /><G129/><T58/><D22/><U19/><E19/><V46/><F115/><W119/><G119/><T20/><D20/><U18/><E18/><V93/><F8/><W59/><G59/><N who="0" m="22539" /><D41/><U131/><E131/><V61/><F6/><AGARI ba="0,0" hai="6,9,12,14,15,17,23,27,47,50,54" m="22539" machi="6" ten="30,7700,0" yaku="8,1,52,3" doraHai="55" who="0" fromWho="2" sc="226,77,300,0,240,-77,234,0" /><INIT seed="4,0,0,0,4,129" ten="303,300,163,234" oya="0" hai0="19,100,21,61,89,101,35,102,47,72,127,94,46" hai1="1,45,86,91,32,77,126,49,69,54,119,118,48" hai2="134,55,111,23,87,10,26,98,84,37,51,57,131" hai3="7,95,115,52,117,36,75,96,63,40,5,116,20"/><T9/><D35/><U135/><E69/><V99/><F37/><W13/><G75/><T33/><D33/><U58/><E32/><V66/><F111/><W12/><G115/><T78/><D127/><U92/><E126/><V42/><F131/><W121/><G36/><T107/><D107/><U62/><E1/><V34/><F34/><W14/><G40/><T120/><D120/><U6/><E6/><N who="3" m="2058" /><G121/><T85/><D9/><U28/><E28/><V128/><F128/><W132/><G132/><T44/><D61/><U60/><E135/><V39/><F134/><W22/><G117/><T4/><D4/><U124/><E124/><V64/><F10/><W81/><G81/><T31/><D31/><U30/><E30/><N who="2" m="17759" /><F42/><W43/><G43/><T82/><REACH who="0" step="1"/><D19/><REACH who="0" ten="293,300,163,234" step="2"/><U71/><E62/><V68/><F68/><W59/><G116/><T104/><D104/><U65/><E60/><V88/><F39/><W123/><G123/><T18/><D18/><U17/><E17/><V93/><F84/><W41/><G63/><T56/><D56/><U24/><E58/><V53/><F53/><W106/><G59/><T122/><D122/><U70/><E54/><V125/><F125/><W73/><G52/><T25/><D25/><U113/><E24/><V79/><F99/><W2/><G96/><T130/><D130/><U15/><E86/><V80/><AGARI ba="0,1" hai="51,55,57,64,66,79,80,87,88,93,98" m="17759" machi="80" ten="30,2000,0" yaku="8,1,54,1" doraHai="129" who="2" fromWho="2" sc="293,-10,300,-5,163,30,234,-5" /><INIT seed="5,0,0,2,3,99" ten="283,295,193,229" oya="1" hai0="44,132,110,33,92,14,78,12,26,114,40,90,57" hai1="82,104,53,20,13,62,46,124,83,51,97,116,130" hai2="47,119,115,113,122,56,19,76,41,98,105,79,60" hai3="8,74,61,118,100,5,95,64,38,24,39,30,66"/><U4/><E116/><V120/><F19/><W121/><G74/><T131/><D110/><U135/><E124/><V25/><F25/><W106/><G121/><N who="2" m="46697" /><F41/><W69/><G64/><T91/><D114/><N who="2" m="43530" /><F47/><W21/><G118/><T17/><D132/><U35/><E35/><V80/><F119/><W34/><G95/><T133/><D133/><U58/><E135/><V29/><F29/><W27/><G27/><T111/><D131/><U129/><E104/><V36/><F36/><W71/><G21/><T3/><D3/><U52/><E97/><V125/><F125/><W107/><G69/><T67/><D33/><U11/><REACH who="1" step="1"/><E20/><REACH who="1" ten="283,285,193,229" step="2"/><V93/><F105/><W85/><G107/><T81/><D111/><U103/><E103/><N who="2" m="60879" /><F80/><AGARI ba="0,1" hai="4,11,13,46,51,52,53,58,62,80,82,83,129,130" machi="80" ten="40,7700,0" yaku="1,1,54,1,53,1" doraHai="99" doraHaiUra="10" who="1" fromWho="2" sc="283,0,285,87,193,-77,229,0" /><INIT seed="5,1,0,0,3,8" ten="283,372,116,229" oya="1" hai0="125,124,99,44,101,104,50,33,40,55,41,57,14" hai1="121,38,90,76,62,69,130,107,74,85,34,73,123" hai2="108,102,29,118,95,19,109,103,71,106,117,135,58" hai3="26,94,20,49,63,96,84,30,112,47,54,110,60"/><U10/><E107/><V87/><F71/><W0/><G110/><T119/><D119/><U97/><E34/><V2/><F2/><W77/><G112/><T68/><D68/><U7/><E38/><V93/><F29/><W46/><G0/><T132/><D33/><U64/><E130/><V22/><F135/><W45/><G77/><T127/><D132/><U80/><E97/><V35/><F35/><W21/><G84/><T88/><D14/><U13/><REACH who="1" step="1"/><E73/><REACH who="1" ten="283,362,116,229" step="2"/><V36/><F36/><W42/><G42/><T105/><D104/><U11/><E11/><V133/><F106/><W61/><REACH who="3" step="1"/><G21/><REACH who="3" ten="283,362,116,219" step="2"/><T59/><D40/><U65/><E65/><V6/><F22/><W91/><AGARI ba="1,2" hai="20,26,30,45,46,47,49,54,60,61,63,91,94,96" machi="91" ten="30,8000,1" yaku="1,1,2,1,0,1,8,1,53,1" doraHai="8" doraHaiUra="92" who="3" fromWho="3" sc="283,-21,362,-41,116,-21,219,103" /><INIT seed="6,0,0,1,3,31" ten="262,321,95,322" oya="2" hai0="88,59,119,109,115,91,21,47,61,124,50,87,9" hai1="116,44,104,2,77,85,26,75,123,0,106,68,45" hai2="54,120,46,13,70,127,99,97,58,51,8,66,105" hai3="84,78,110,133,112,56,117,24,17,108,35,29,94"/><V134/><F120/><W125/><G117/><T33/><D109/><U101/><E116/><V72/><F72/><W5/><G5/><T37/><D37/><U65/><E75/><V38/><F134/><W79/><G133/><T34/><D119/><U67/><E26/><V52/><F127/><W81/><G125/><T132/><D124/><U12/><E12/><V19/><F105/><W71/><G71/><T28/><D132/><U23/><E23/><V118/><F118/><W22/><G112/><T90/><D115/><U40/><E101/><V16/><F19/><W14/><G79/><T100/><D100/><U114/><E123/><V41/><REACH who="2" step="1"/><F52/><REACH who="2" ten="262,321,85,322" step="2"/><W27/><G108/><T20/><D28/><U131/><E106/><V1/><F1/><W73/><G110/><T76/><D61/><AGARI ba="0,1" hai="8,13,16,38,41,46,51,54,58,61,66,70,97,99" machi="61" ten="40,12000,1" yaku="1,1,24,2,54,1,53,0" doraHai="31" doraHaiUra="83" who="2" fromWho="0" sc="262,-120,321,0,85,130,322,0" /><INIT seed="6,1,0,3,1,109" ten="142,321,215,322" oya="2" hai0="85,79,103,48,37,98,40,116,113,22,16,6,112" hai1="61,21,126,129,19,15,83,134,122,87,31,26,33" hai2="9,50,115,108,135,133,35,100,88,45,56,94,89" hai3="84,58,77,34,36,130,66,23,14,0,106,42,24"/><V68/><F68/><W71/><G106/><T110/><D110/><U28/><E126/><V59/><F35/><W12/><G0/><T90/><D37/><U32/><E129/><V95/><F9/><W76/><G34/><T65/><D116/><U86/><E134/><N who="2" m="51211" /><F108/><W127/><G71/><T62/><D79/><U20/><E122/><V5/><F5/><W38/><G127/><T1/><D1/><U132/><E132/><V81/><F100/><W105/><G105/><T43/><D6/><U49/><E61/><V104/><F104/><W107/><G107/><T128/><D128/><U114/><E114/><N who="0" m="44137" /><D48/><U111/><E49/><V78/><F115/><W27/><G130/><T52/><D52/><U80/><E111/><V54/><F59/><W67/><G58/><N who="0" m="37079" /><D98/><U82/><E33/><V30/><F56/><W92/><G38/><T118/><D103/><U57/><E32/><V74/><F30/><W75/><G36/><T91/><D118/><U17/><E31/><V44/><F44/><W102/><G77/><T39/><D39/><U121/><E28/><V120/><F120/><W47/><G102/><T41/><D85/><U46/><E87/><V70/><F70/><W18/><G76/><T73/><D73/><U99/><E86/><V11/><F89/><N who="3" m="53287" /><G75/><T25/><AGARI ba="1,0" hai="16,22,25,40,41,43,90,91" m="37079,44137" machi="25" ten="30,8000,1" yaku="15,1,52,3,54,1" doraHai="109" who="0" fromWho="0" sc="142,83,321,-21,215,-41,322,-21" /><INIT seed="7,0,0,1,1,61" ten="225,300,174,301" oya="3" hai0="6,104,115,126,23,10,16,114,65,45,68,2,20" hai1="11,4,35,79,28,132,84,96,93,135,58,124,131" hai2="125,82,70,102,128,127,103,0,97,62,51,24,29" hai3="15,18,99,63,83,34,43,121,76,120,122,108,101"/><W31/><G43/><T41/><D104/><U117/><E124/><V106/><F103/><W74/><G63/><N who="0" m="39999" /><D126/><U1/><E131/><V8/><F51/><W78/><G78/><T81/><D81/><U17/><E117/><V19/><F82/><W37/><G37/><N who="0" m="21679" /><D16/><U59/><E17/><V69/><F128/><W64/><G64/><T112/><AGARI ba="0,0" hai="2,6,10,20,23,112,114,115" m="21679,39999" machi="112" ten="30,4000,0" yaku="15,1,11,1,52,1" doraHai="61" who="0" fromWho="0" sc="225,40,300,-10,174,-10,301,-20" /><INIT seed="8,0,0,0,0,58" ten="265,290,164,281" oya="0" hai0="85,67,98,13,102,22,11,32,89,5,23,36,91" hai1="9,76,53,125,62,122,113,124,56,134,107,29,114" hai2="74,97,30,68,105,16,79,132,87,34,101,126,45" hai3="44,117,82,61,37,65,47,38,70,92,33,108,127"/><T43/><D32/><U131/><E134/><V49/><F132/><W41/><G33/><T51/><D36/><U14/><E131/><V20/><F126/><N who="1" m="48745" /><E122/><V19/><F68/><W63/><G92/><N who="0" m="58695" /><D67/><U59/><E107/><V10/><F74/><W66/><G127/><T52/><D43/><U123/><E76/><V7/><F34/><W73/><G108/><T130/><D130/><U103/><E103/><V39/><F39/><N who="3" m="21567" /><G117/><T99/><D99/><U72/><E29/><V75/><F75/><W57/><G82/><N who="0" m="49335" /><D91/><U60/><E72/><V121/><F121/><W17/><G17/><T18/><D5/><N who="1" m="3375" /><E123/><V21/><F87/><W95/><G73/><T48/><D48/><U104/><E104/><V84/><F84/><W90/><G90/><T8/><D8/><U26/><E26/><V88/><F79/><W129/><G129/><T86/><D86/><U24/><E24/><V128/><F88/><W111/><G111/><T135/><D135/><U133/><E133/><V81/><F81/><W54/><G95/><T42/><D42/><U55/><AGARI ba="0,0" hai="53,55,56,59,60,62,113,114" m="3375,48745" machi="55" ten="30,4000,0" yaku="18,1,52,2" doraHai="58" who="1" fromWho="1" sc="265,-20,290,40,164,-10,281,-10" owari="245,-15.0,330,43.0,154,-35.0,271,7.0" /></mjloggm>