<mjloggm ver="2.3"><GO type="169" lobby="0"/><UN n0="%E5%B0%B1%E6%B4%BB%E7%94%9F%40%E5%B7%9D%E6%9D%91%E8%BB%8D%E5%9B%A3" n1="%E6%99%B4%E3%82%8C%E3%81%AE%E3%81%A1%E6%A1%9C" n2="%6E%62%34%39" n3="%E5%B9%BE%E4%BD%95%E5%AD%A6%E5%B0%82%E6%94%BB" dan="18,16,16,16" rate="2290.01,2084.12,2062.05,2131.99" sx="M,M,M,M"/><TAIKYOKU oya="0"/><INIT seed="0,0,0,1,4,99" ten="250,250,250,250" oya="0" hai0="127,107,131,79,74,75,88,123,59,57,108,2,117" hai1="8,95,96,102,103,65,24,21,68,32,56,50,39" hai2="132,84,110,16,11,27,49,5,61,126,113,20,14" hai3="26,72,71,17,81,100,46,9,125,40,121,67,1"/><T33/><RYUUKYOKU type="yao9" ba="0,0" sc="250,0,250,0,250,0,250,0" hai0="2,33,57,59,74,75,79,88,107,108,117,123,127,131" /><INIT seed="0,1,0,4,5,97" ten="250,250,250,250" oya="0" hai0="74,44,98,117,66,12,108,113,28,125,76,27,82" hai1="55,135,84,105,34,7,91,33,107,49,29,40,37" hai2="13,93,59,79,87,1,43,30,114,109,48,67,81" hai3="72,110,35,23,24,104,96,122,115,21,129,15,53"/><T54/><D117/><U94/><E135/><V95/><F1/><W4/><G115/><T116/><D113/><U85/><E7/><V126/><F114/><W38/><G72/><T36/><D116/><U124/><E124/><V8/><F109/><W103/><G38/><T10/><D125/><U47/><E85/><V100/><F126/><W63/><G110/><T16/><D66/><U9/><E9/><V41/><F30/><W75/><G75/><T83/><D108/><U2/><E2/><V119/><F119/><W45/><G129/><T50/><D83/><U5/><E5/><V61/><F48/><W134/><G134/><T62/><D98/><U18/><E18/><N who="2" m="8487" /><F100/><W14/><G122/><T88/><D62/><U112/><E112/><V65/><F65/><W118/><G118/><T60/><D60/><U68/><E68/><V123/><F123/><W52/><G35/><T22/><REACH who="0" step="1"/><D36/><REACH who="0" ten="240,250,250,250" step="2"/><U25/><REACH who="1" step="1"/><E34/><REACH who="1" ten="240,240,250,250" step="2"/><V3/><F67/><W31/><G63/><T58/><D58/><AGARI ba="1,2" hai="25,29,33,37,40,47,49,55,58,84,91,94,105,107" machi="58" ten="30,3900,0" yaku="1,1,2,1,7,1,53,0" doraHai="97" doraHaiUra="6" who="1" fromWho="0" sc="240,-42,240,62,250,0,250,0" /><INIT seed="1,0,0,0,1,48" ten="198,302,250,250" oya="1" hai0="135,117,118,29,19,123,59,96,93,106,124,26,87" hai1="99,66,60,22,126,41,64,56,30,7,133,125,111" hai2="80,71,94,52,28,130,79,10,90,35,63,61,89" hai3="62,45,13,9,110,91,102,134,82,105,12,104,23"/><U81/><E133/><V24/><F130/><W119/><G110/><T76/><D135/><U127/><E111/><V20/><F10/><W85/><G134/><T6/><D124/><U58/><E7/><V25/><F71/><W97/><G119/><T122/><D6/><U70/><E81/><V27/><F89/><W69/><G45/><T8/><D8/><U95/><E41/><V86/><F35/><W74/><G74/><T107/><D19/><U128/><E66/><V113/><F113/><W15/><G23/><T53/><D87/><U36/><E36/><V38/><F38/><W50/><G50/><T32/><D76/><U51/><E51/><V103/><F103/><W3/><G105/><T88/><D107/><U54/><E54/><V49/><F63/><W132/><G132/><T115/><D106/><U77/><E77/><V4/><F61/><W17/><G3/><T92/><D92/><U121/><E128/><V83/><F4/><W18/><G18/><T57/><D57/><U100/><REACH who="1" step="1"/><E121/><REACH who="1" ten="198,292,250,250" step="2"/><N who="0" m="46089" /><D115/><U65/><E65/><V114/><F114/><W34/><G82/><N who="2" m="31273" /><F79/><W109/><G109/><T72/><D72/><U55/><E55/><V67/><F67/><W2/><G69/><T42/><D42/><U131/><E131/><V68/><F68/><W0/><G0/><T46/><D46/><AGARI ba="0,1" hai="20,24,25,27,28,46,49,52,86,90,94" m="31273" machi="46" ten="30,3900,0" yaku="8,1,52,1,54,1" doraHai="48" who="2" fromWho="0" sc="198,-39,292,0,250,49,250,0" /><INIT seed="2,0,0,0,1,45" ten="159,292,299,250" oya="2" hai0="43,18,19,109,99,50,35,75,73,49,132,8,33" hai1="44,55,47,41,2,42,106,9,91,26,11,1,95" hai2="5,36,134,63,94,66,71,128,79,67,65,3,39" hai3="77,52,97,48,46,14,111,70,53,123,6,76,0"/><V22/><F128/><W17/><G111/><T10/><D43/><U68/><E106/><V124/><F134/><W40/><G70/><T98/><REACH who="0" step="1"/><D109/><REACH who="0" ten="149,292,299,250" step="2"/><U31/><E42/><V13/><F39/><W57/><G40/><T105/><D105/><U4/><E41/><V27/><F36/><W126/><G123/><T37/><D37/><U96/><E68/><V61/><F71/><W112/><G112/><T118/><D118/><U82/><E2/><V90/><F3/><W29/><G126/><T80/><D80/><U32/><E82/><V93/><F124/><W108/><G108/><T25/><D25/><U81/><E81/><V121/><F121/><W88/><G0/><T78/><D78/><U7/><E1/><V107/><F79/><W16/><G76/><T86/><D86/><U113/><E113/><V59/><F107/><W12/><G77/><T131/><D131/><U21/><E26/><V89/><F27/><W117/><G117/><T38/><D38/><U87/><E87/><V101/><F93/><N who="3" m="56487" /><G29/><T130/><D130/><U110/><E31/><V135/><F135/><AGARI ba="0,1" hai="8,10,18,19,33,35,49,50,73,75,98,99,132,135" machi="135" ten="25,8000,1" yaku="1,1,22,2,52,2,53,0" doraHai="45" doraHaiUra="62" who="0" fromWho="2" sc="149,90,292,0,299,-80,250,0" /><INIT seed="3,0,0,1,1,83" ten="239,292,219,250" oya="3" hai0="54,23,104,92,55,60,33,132,73,98,129,64,20" hai1="51,120,97,38,8,76,113,114,62,56,74,131,11" hai2="134,43,31,18,26,80,89,65,3,99,36,119,88" hai3="44,37,91,122,124,135,96,109,32,130,0,90,2"/><W42/><G122/><T75/><D33/><U29/><E120/><V68/><F119/><W35/><G124/><T40/><D104/><U4/><E38/><V9/><F134/><W1/><G135/><T15/><D132/><U72/><E29/><V66/><F36/><W24/><G130/><T115/><D129/><U112/><E131/><V57/><F68/><W126/><G126/><T7/><D40/><U87/><E51/><V78/><F43/><W6/><G6/><T106/><D106/><U116/><E97/><V125/><F125/><W102/><G109/><T94/><D7/><U85/><E116/><V45/><F45/><W82/><G24/><T81/><D15/><U13/><E11/><V22/><F3/><W77/><G35/><T93/><D98/><U53/><REACH who="1" step="1"/><E76/><REACH who="1" ten="239,282,219,250" step="2"/><V12/><F99/><W108/><G108/><T46/><D115/><U101/><E101/><V110/><F110/><W10/><G10/><T25/><D23/><U21/><E21/><V28/><F28/><W70/><G32/><T103/><D103/><U86/><AGARI ba="0,1" hai="4,8,13,53,56,62,72,74,85,86,87,112,113,114" machi="86" ten="40,16000,3" yaku="1,1,0,1,52,3,53,3" doraHai="83" doraHaiUra="111" who="1" fromWho="1" sc="239,-40,282,170,219,-40,250,-80" /><INIT seed="4,0,0,4,1,129" ten="199,452,179,170" oya="0" hai0="17,77,131,23,89,48,82,0,79,73,112,11,67" hai1="106,58,46,7,30,116,26,117,122,127,25,100,1" hai2="52,4,130,14,49,72,69,121,24,64,55,85,68" hai3="34,16,133,80,28,18,76,3,125,118,43,42,93"/><T96/><D131/><U9/><E122/><V39/><F72/><W91/><G118/><T45/><D112/><U94/><E127/><V8/><F39/><W87/><G3/><T99/><D67/><U75/><E75/><V65/><F121/><W98/><G125/><T109/><D109/><U12/><E106/><V86/><F130/><W123/><G123/><T113/><D79/><U44/><E26/><V128/><F128/><W115/><G115/><T83/><D113/><U40/><E58/><V101/><F101/><W81/><G81/><T126/><D126/><U92/><E46/><V19/><F68/><W57/><G57/><T62/><D62/><U97/><E94/><V54/><F49/><W105/><G105/><T102/><D102/><U20/><E1/><V120/><F120/><W135/><G28/><T2/><D99/><U37/><AGARI ba="0,0" hai="7,9,12,20,25,30,37,40,44,92,97,100,116,117" machi="37" ten="20,1500,0" yaku="0,1,7,1" doraHai="129" who="1" fromWho="1" sc="199,-7,452,15,179,-4,170,-4" /><INIT seed="5,0,0,5,5,102" ten="192,467,175,166" oya="1" hai0="49,88,90,99,11,129,17,112,86,93,71,70,6" hai1="128,57,109,66,130,39,113,44,97,96,78,14,91" hai2="134,54,16,58,47,46,43,5,4,8,20,10,79" hai3="101,135,111,32,52,60,18,24,35,92,1,33,42"/><U65/><E78/><V34/><F34/><W25/><G111/><T108/><D108/><U85/><E113/><V80/><F134/><W107/><G1/><T95/><D112/><U15/><E109/><V74/><F8/><W133/><G42/><T68/><D129/><U117/><E117/><V104/><F104/><W64/><G92/><T100/><D49/><U127/><E127/><V3/><F5/><W30/><G18/><T28/><D28/><U75/><E75/><V53/><F58/><N who="3" m="34887" /><G64/><T120/><D120/><U40/><E65/><V116/><F116/><W31/><G33/><T126/><D126/><U21/><E66/><V29/><F29/><W50/><G50/><T63/><D17/><U124/><E124/><V19/><F19/><W81/><G81/><T37/><D37/><U41/><E39/><N who="2" m="21887" /><F47/><W89/><G89/><T87/><D63/><U59/><E44/><V76/><F79/><W36/><G36/><T69/><D69/><U62/><E91/><V56/><F56/><W23/><G35/><T125/><D125/><U22/><E62/><V0/><F0/><W7/><G7/><T12/><D71/><U72/><E72/><V115/><F115/><W51/><G51/><T132/><D132/><N who="3" m="50761" /><G101/><T9/><D9/><U48/><E130/><V123/><F123/><W122/><G122/><T84/><D84/><U67/><E85/><V121/><F121/><W114/><G114/><T13/><D13/><AGARI ba="0,0" hai="3,4,10,13,16,20,53,54,74,76,80" m="21887" machi="13" ten="30,2000,0" yaku="25,1,54,1" doraHai="102" who="2" fromWho="0" sc="192,-20,467,0,175,20,166,0" /><INIT seed="6,0,0,3,3,116" ten="172,467,195,166" oya="2" hai0="104,23,63,108,17,54,22,124,118,51,25,33,60" hai1="113,59,99,30,44,19,128,42,43,98,76,36,38" hai2="31,127,26,14,3,16,72,45,2,68,65,84,7" hai3="4,0,126,28,5,130,12,92,95,56,11,53,8"/><V13/><F72/><W40/><G126/><T106/><D108/><U82/><E113/><V57/><F68/><W70/><G70/><T115/><D33/><U105/><E30/><V21/><F127/><W55/><G130/><T47/><D124/><U90/><E128/><V91/><F45/><W111/><G111/><T73/><D73/><U103/><E59/><V46/><F46/><W109/><G109/><T34/><D34/><U69/><E69/><V71/><F71/><W83/><G40/><T77/><D77/><U132/><E132/><V125/><F13/><W96/><G28/><T100/><D115/><U78/><E19/><V114/><F114/><W131/><G131/><T110/><D110/><U61/><E61/><V75/><F75/><W6/><G6/><T93/><D118/><U37/><E43/><V20/><F7/><W117/><G117/><T121/><D121/><U32/><E32/><V89/><F125/><W129/><G129/><T9/><D9/><U67/><E36/><V48/><F91/><W15/><G0/><T80/><D80/><U102/><E82/><V50/><F3/><W122/><G122/><T85/><D23/><U27/><E78/><V74/><F74/><W66/><G83/><T107/><D100/><U24/><E103/><V87/><F2/><W29/><G29/><T79/><D79/><U123/><E76/><V10/><F21/><W18/><G4/><T119/><D119/><U94/><E102/><V101/><F101/><N who="3" m="60551" /><G95/><T97/><D97/><U52/><E98/><V1/><F1/><W134/><G134/><T64/><D64/><RYUUKYOKU ba="0,0" sc="172,15,467,-15,195,-15,166,15" hai0="17,22,25,47,51,54,60,63,85,93,104,106,107" hai3="5,8,11,12,15,18,53,55,56,66" /><INIT seed="7,1,0,0,4,61" ten="187,452,180,181" oya="3" hai0="42,83,115,121,99,78,118,71,28,31,32,119,106" hai1="63,104,93,27,10,25,41,88,86,53,55,44,34" hai2="20,39,95,92,69,22,87,58,38,65,107,126,125" hai3="123,12,76,26,21,117,124,72,51,102,116,4,68"/><W11/><G123/><T54/><D121/><U120/><E104/><V133/><F133/><W131/><G68/><T113/><D71/><U100/><E100/><V101/><F69/><W127/><G131/><T24/><D31/><U90/><E34/><V81/><F107/><W114/><G102/><N who="0" m="62815" /><D54/><U33/><E33/><V48/><F22/><W135/><G135/><T62/><D62/><U97/><E10/><V30/><F101/><W35/><G51/><T60/><D60/><U129/><E129/><V130/><F130/><W15/><G15/><T7/><D42/><U91/><E90/><N who="2" m="51567" /><F30/><N who="3" m="17743" /><G35/><T18/><D18/><U0/><E55/><N who="2" m="32103" /><F65/><W14/><G116/><N who="0" m="44587" /><D7/><U110/><E91/><V77/><F77/><W66/><G117/><T19/><D19/><U108/><E97/><V56/><F56/><W45/><G66/><T57/><D57/><U1/><E93/><N who="2" m="35915" /><F20/><W59/><G59/><T50/><D50/><U3/><E86/><V111/><F111/><W64/><G64/><T84/><D84/><U94/><E94/><V43/><F43/><W23/><G45/><T37/><D37/><U29/><E44/><V96/><F96/><W89/><G89/><T2/><D2/><U16/><E0/><V17/><F17/><N who="3" m="10679" /><G114/><N who="0" m="43531" /><D78/><U73/><E73/><V70/><F70/><W49/><G49/><T46/><D46/><U75/><E110/><V134/><F134/><W122/><G122/><T79/><D79/><U36/><E120/><V74/><F74/><W98/><G98/><T8/><D83/><U47/><E108/><V112/><F112/><W6/><G6/><T85/><D85/><RYUUKYOKU ba="1,0" sc="187,10,452,-30,180,10,181,10" hai0="8,24,28,32" hai2="38,39,125,126" hai3="4,11,12,72,76,124,127" /><INIT seed="7,2,0,1,3,96" ten="197,422,190,191" oya="3" hai0="29,45,112,115,68,99,91,23,105,7,52,84,2" hai1="110,128,46,98,92,76,5,120,55,54,36,86,15" hai2="28,81,101,64,4,94,77,109,113,53,126,95,65" hai3="44,129,117,73,35,87,82,62,38,114,130,67,134"/><W51/><G114/><N who="0" m="43563" /><D68/><U103/><E120/><V19/><F109/><W40/><G35/><T108/><D108/><U47/><E128/><N who="3" m="49258" /><G134/><T10/><D29/><U27/><E110/><V13/><F126/><W127/><G73/><T22/><D105/><U49/><E27/><V135/><F4/><W70/><G127/><T106/><D106/><U37/><E5/><V125/><F135/><W8/><G8/><T12/><D99/><U83/><E15/><V59/><F28/><W104/><G104/><T131/><D131/><U66/><E66/><N who="2" m="25707" /><F125/><W93/><G93/><N who="0" m="54503" /><D2/><U25/><E25/><V133/><F133/><W50/><G117/><T69/><D69/><U26/><E26/><V119/><F119/><W3/><G3/><T31/><D31/><U61/><E61/><V0/><F0/><W97/><G97/><T78/><D78/><AGARI ba="2,0" hai="38,40,44,50,51,62,67,70,78,82,87" m="49258" machi="78" ten="30,1500,0" yaku="19,1" doraHai="96" who="3" fromWho="0" sc="197,-21,422,0,190,0,191,21" /><INIT seed="7,3,0,2,3,90" ten="176,422,190,212" oya="3" hai0="66,17,71,58,96,24,8,0,36,124,69,92,87" hai1="26,54,97,102,101,86,121,4,88,47,64,15,55" hai2="81,7,95,134,41,29,34,53,98,57,123,83,20" hai3="48,19,33,27,129,18,115,104,32,133,89,70,131"/><W116/><G115/><T119/><D36/><U76/><E121/><V127/><F34/><W132/><G70/><T50/><D119/><U43/><E64/><V10/><F127/><W118/><G104/><T63/><D124/><U91/><E26/><N who="2" m="16583" /><F41/><W6/><G48/><T67/><D0/><U28/><E28/><V68/><F68/><W38/><G89/><N who="1" m="34378" /><E97/><V12/><F134/><N who="3" m="51819" /><G6/><T112/><D112/><U49/><E55/><V125/><F125/><W45/><G45/><T65/><D87/><U35/><E35/><N who="3" m="13386" /><G38/><T51/><D71/><U79/><E43/><V80/><F123/><W60/><G60/><T126/><D126/><U5/><E5/><V23/><F53/><W39/><G39/><T30/><D69/><U11/><E79/><V75/><F57/><W110/><G110/><T99/><D51/><U94/><E76/><V109/><F109/><W16/><G27/><T128/><D50/><U52/><E86/><V100/><F75/><W122/><G122/><T13/><D128/><AGARI ba="3,0" hai="16,18,19,116,118,128,129,131" m="13386,51819" machi="128" ten="40,18000,2" yaku="28,2,19,1,20,1,34,2,54,1" doraHai="90" who="3" fromWho="0" sc="176,-189,422,0,190,0,212,189" owari="-13,-51.0,422,52.0,190,-21.0,401,20.0" /></mjloggm>