<mjloggm ver="2.3"><GO type="41" lobby="0"/><UN n0="%6D%69%77%61%6B%75%40" n1="%4F%2D%E6%A9%8B" n2="%E3%83%91%E3%83%AF%E3%83%BC%E3%83%A1%E3%82%B8%E3%83%A3%E3%83%BC" n3="%E5%B0%B1%E6%B4%BB%E7%94%9F%40%E5%B7%9D%E6%9D%91%E8%BB%8D%E5%9B%A3" dan="16,13,14,17" rate="2057.96,1913.89,1985.88,2177.80" sx="M,M,M,M"/><TAIKYOKU oya="0"/><INIT seed="0,0,0,0,0,48" ten="250,250,250,250" oya="0" hai0="56,19,27,127,0,106,75,43,105,69,66,64,114" hai1="38,103,122,135,129,45,110,57,108,87,96,74,29" hai2="97,101,15,132,3,133,85,99,61,128,30,34,5" hai3="72,70,81,98,91,93,44,51,125,6,46,14,60"/><T102/><D114/><U121/><E29/><V16/><F128/><W8/><G125/><T24/><D127/><U77/><E57/><V116/><F116/><W115/><G115/><T78/><D0/><U112/><E112/><V94/><F97/><W12/><G70/><T123/><D69/><U17/><E17/><V50/><F85/><W1/><G60/><T11/><D123/><U65/><E65/><V40/><F61/><W89/><G46/><T76/><D75/><U4/><E4/><V33/><F50/><W104/><G104/><T111/><D43/><U90/><E45/><V117/><F40/><W88/><G72/><T124/><D124/><U25/><E25/><V47/><F47/><W71/><G71/><T23/><D11/><U7/><E7/><V100/><F100/><W28/><G28/><T26/><D111/><N who="1" m="42539" /><E38/><V59/><F59/><W130/><G130/><T49/><D102/><U67/><E67/><N who="0" m="25641" /><D106/><N who="1" m="63847" /><E129/><V113/><F117/><W42/><REACH who="3" step="1"/><G81/><REACH who="3" ten="250,250,250,240" step="2"/><T41/><D105/><U63/><E63/><V9/><F113/><W86/><G86/><T83/><D83/><N who="1" m="45495" /><E135/><N who="2" m="51787" /><F30/><W36/><G36/><T79/><D41/><U18/><E18/><V80/><F80/><AGARI ba="0,1" hai="80,87,90,121,122" m="45495,63847,42539" machi="80" ten="30,3900,0" yaku="14,1,34,2" doraHai="48" who="1" fromWho="2" sc="250,0,250,49,250,-39,240,0" /><INIT seed="1,0,0,4,5,116" ten="250,299,211,240" oya="1" hai0="107,125,85,54,130,38,90,110,16,43,129,26,93" hai1="74,119,0,131,91,23,7,15,79,45,41,11,17" hai2="126,132,134,86,59,124,73,108,112,48,33,69,52" hai3="92,65,47,70,50,32,1,8,103,133,88,2,58"/><U18/><E119/><V44/><F33/><W113/><G113/><T28/><D107/><U75/><E131/><V81/><F73/><W122/><G70/><T63/><D125/><N who="2" m="48234" /><F112/><W42/><G32/><T77/><D110/><U25/><E91/><N who="2" m="51663" /><F108/><W114/><G114/><T117/><D117/><U37/><E79/><V12/><F69/><W82/><G133/><N who="2" m="51305" /><F12/><W21/><G103/><T34/><D77/><U3/><E3/><V5/><F5/><W51/><G82/><T19/><D43/><U105/><E105/><V30/><F30/><W4/><G1/><T24/><D38/><U104/><E104/><V40/><F40/><W31/><G31/><T71/><D24/><U95/><E95/><V97/><F97/><W83/><G83/><T6/><D6/><U127/><E127/><V53/><F53/><W14/><G21/><AGARI ba="0,0" hai="0,7,11,15,17,18,21,23,25,37,41,45,74,75" machi="21" ten="30,1500,0" yaku="7,1" doraHai="116" who="1" fromWho="3" sc="250,0,299,15,211,0,240,-15" /><INIT seed="1,1,0,5,2,80" ten="250,314,211,225" oya="1" hai0="36,0,113,100,124,72,76,75,60,119,50,18,41" hai1="74,42,88,62,115,4,109,38,114,102,56,31,14" hai2="122,132,108,95,106,111,81,35,103,66,22,15,82" hai3="68,9,104,61,123,128,94,6,16,98,133,134,73"/><U130/><E74/><V135/><F35/><W8/><G123/><T1/><D119/><U40/><E102/><V19/><F122/><W26/><G73/><T131/><D113/><U110/><E31/><V121/><F66/><W24/><G128/><T92/><D131/><U99/><E130/><V29/><F29/><W25/><G104/><T129/><D129/><U70/><E70/><V93/><F121/><W49/><G49/><T71/><D50/><U126/><E126/><V30/><F30/><W120/><G120/><T57/><D18/><U45/><E40/><V117/><F106/><W37/><G37/><T55/><D71/><U47/><E47/><V13/><F103/><W54/><G54/><T85/><D124/><U77/><E77/><V91/><F117/><W7/><G61/><T58/><D58/><U105/><E105/><V101/><F101/><W20/><G68/><T79/><D75/><U127/><E127/><V10/><F91/><W5/><G94/><T97/><D72/><U87/><E99/><V53/><F53/><W86/><G86/><T107/><D79/><U112/><E14/><V125/><F125/><W69/><G98/><T21/><D36/><U32/><E4/><V116/><F116/><W2/><G69/><T59/><D1/><U96/><E96/><V17/><REACH who="2" step="1"/><F22/><REACH who="2" ten="250,314,201,225" step="2"/><W83/><G83/><T28/><D21/><U34/><E34/><V46/><F46/><W63/><G2/><T39/><D0/><U89/><E32/><V78/><F78/><W67/><G67/><T118/><D118/><U51/><E89/><V84/><F84/><RYUUKYOKU ba="1,1" sc="250,-10,314,-10,201,30,225,-10" hai2="10,13,15,17,19,81,82,93,95,108,111,132,135" /><INIT seed="2,2,1,2,3,117" ten="240,304,231,215" oya="2" hai0="125,99,34,18,110,89,92,51,11,15,68,60,17" hai1="40,6,126,107,80,19,59,121,4,20,98,83,36" hai2="16,105,113,5,54,106,74,52,109,118,116,41,47" hai3="128,70,7,45,9,130,65,57,46,104,108,133,90"/><V131/><F113/><W102/><G108/><T37/><D37/><U114/><E114/><V135/><F131/><N who="3" m="50219" /><G133/><T64/><D110/><U30/><E126/><V62/><F135/><W120/><G120/><T27/><D125/><U56/><E30/><V26/><F109/><W97/><G70/><T31/><REACH who="0" step="1"/><D51/><REACH who="0" ten="230,304,231,215" step="2"/><U78/><E36/><V93/><F118/><W85/><G57/><T75/><D75/><U82/><E40/><V35/><F116/><W43/><G43/><T23/><D23/><U134/><E134/><V96/><F74/><W25/><G65/><T123/><D123/><U21/><E121/><V49/><F35/><W12/><G25/><T42/><D42/><U55/><E78/><V119/><F119/><W32/><G32/><T115/><D115/><U127/><E127/><V100/><F5/><AGARI ba="2,2" hai="5,11,15,17,18,27,31,34,60,64,68,89,92,99" machi="5" ten="30,2000,0" yaku="1,1,7,1,53,0" doraHai="117" doraHaiUra="72" who="0" fromWho="2" sc="230,46,304,0,231,-26,215,0" /><INIT seed="3,0,0,5,4,13" ten="276,304,205,215" oya="3" hai0="134,59,132,44,38,67,107,106,89,7,23,52,56" hai1="76,53,54,19,1,84,47,97,81,117,71,125,87" hai2="83,121,12,2,116,94,48,103,114,14,131,46,74" hai3="35,68,33,15,80,98,85,69,124,24,70,66,101"/><W82/><G124/><T8/><D89/><U40/><E1/><V63/><F114/><W110/><G110/><T90/><D90/><U6/><E6/><V21/><F116/><W91/><G66/><T16/><D67/><U120/><E71/><V37/><F121/><W130/><G130/><T112/><D112/><U123/><E117/><V25/><F131/><W36/><G36/><T79/><D79/><U65/><E65/><V22/><F2/><W108/><G108/><T78/><D78/><U30/><E30/><V113/><F37/><W3/><G3/><N who="0" m="127" /><D44/><U93/><E125/><V133/><F113/><W32/><G15/><N who="0" m="9631" /><D38/><U26/><E123/><V96/><F133/><N who="0" m="51306" /><D59/><U128/><E128/><V58/><F83/><W29/><REACH who="3" step="1"/><G82/><REACH who="3" ten="276,304,205,205" step="2"/><T105/><D105/><AGARI ba="0,1" hai="24,29,32,33,35,68,69,70,80,85,91,98,101,105" machi="105" ten="40,3900,0" yaku="1,1,2,1,53,0" doraHai="13" doraHaiUra="10" who="3" fromWho="0" sc="276,-39,304,0,205,0,205,49" /><INIT seed="3,1,0,5,1,94" ten="237,304,205,254" oya="3" hai0="70,99,63,2,71,73,15,106,49,36,35,108,39" hai1="45,86,104,67,125,64,5,92,83,58,8,27,77" hai2="130,30,101,12,28,72,112,3,46,134,131,110,25" hai3="22,57,133,66,20,61,116,59,105,114,0,76,44"/><W87/><G116/><T121/><D121/><U119/><E104/><V48/><F110/><W65/><G114/><T84/><D2/><U129/><E125/><V123/><F112/><W111/><G0/><T93/><D73/><U56/><E119/><V68/><F123/><W107/><G133/><T7/><D35/><U79/><E129/><N who="2" m="49163" /><F134/><W13/><G111/><T33/><D33/><U38/><E38/><V16/><F68/><W127/><G127/><T122/><D122/><U60/><E45/><V89/><F72/><W74/><G74/><T75/><D106/><U135/><E135/><V78/><F78/><W19/><G44/><T40/><D39/><U14/><E27/><V55/><F3/><W17/><G87/><T43/><D36/><U96/><E79/><V124/><F124/><W85/><G85/><T10/><D71/><U98/><E92/><V23/><F89/><W128/><G76/><T18/><D75/><U120/><E120/><V95/><F25/><W80/><G80/><T88/><D108/><U42/><E42/><V100/><F101/><W91/><G91/><T37/><D37/><U102/><E102/><V31/><F28/><W117/><G117/><T6/><D84/><U109/><E109/><V103/><F100/><W126/><G126/><T41/><REACH who="0" step="1"/><D49/><REACH who="0" ten="227,304,205,254" step="2"/><U97/><REACH who="1" step="1"/><E58/><REACH who="1" ten="227,294,205,254" step="2"/><V113/><F113/><W118/><G128/><T50/><D50/><U54/><AGARI ba="1,2" hai="5,8,14,54,56,60,64,67,77,83,86,96,97,98" machi="54" ten="30,16000,3" yaku="1,1,2,1,0,1,8,1,52,3,53,1" doraHai="94" doraHaiUra="53" who="1" fromWho="1" sc="227,-41,294,183,205,-41,254,-81" /><INIT seed="4,0,0,3,5,113" ten="186,477,164,173" oya="0" hai0="102,98,48,116,72,33,130,34,12,81,28,117,31" hai1="65,112,120,32,107,89,135,29,61,69,7,131,109" hai2="25,64,24,26,39,10,101,52,121,6,93,18,46" hai3="45,124,37,79,3,9,4,86,88,125,91,20,51"/><T128/><D48/><U82/><E89/><V71/><F121/><W76/><G37/><T19/><D81/><U57/><E82/><V56/><F18/><W1/><G20/><N who="0" m="11367" /><D72/><U111/><E57/><V85/><F64/><W104/><G104/><T68/><D68/><U35/><E7/><V127/><F71/><W96/><G3/><T23/><D98/><U38/><E29/><N who="0" m="11337" /><D102/><U36/><E61/><V43/><F127/><N who="3" m="48715" /><G96/><T97/><D23/><U105/><E65/><V92/><F101/><W132/><G132/><T63/><D63/><U60/><E60/><V40/><F85/><W129/><G129/><N who="0" m="49771" /><D97/><U50/><E50/><V75/><F75/><W14/><G1/><T13/><D13/><U106/><E106/><V84/><F43/><N who="3" m="25023" /><G91/><T123/><D123/><U8/><E131/><V99/><F84/><W2/><G2/><T62/><D62/><U42/><E120/><V114/><F99/><W77/><G77/><T95/><D95/><AGARI ba="0,0" hai="4,9,14,76,79,86,88,95" m="25023,48715" machi="95" ten="30,2000,0" yaku="18,1,54,1" doraHai="113" who="3" fromWho="0" sc="186,-20,477,0,164,0,173,20" /><INIT seed="5,0,0,4,2,10" ten="166,477,164,193" oya="1" hai0="83,79,132,27,13,99,76,57,17,19,116,63,39" hai1="94,50,122,9,1,88,15,133,41,12,53,118,51" hai2="32,85,26,2,47,112,78,77,108,135,46,127,40" hai3="87,38,114,8,43,49,56,119,134,64,95,33,101"/><U21/><E118/><V36/><F108/><W125/><G33/><T123/><D116/><U31/><E122/><V96/><F135/><W104/><G104/><T111/><D39/><U90/><E133/><V130/><F127/><W62/><G119/><T92/><D111/><U6/><E41/><V100/><F130/><W107/><G107/><T5/><D123/><U48/><E90/><V18/><F112/><W28/><G28/><T11/><D132/><U37/><E37/><V113/><F113/><W84/><G134/><T24/><D27/><U73/><E73/><V91/><F2/><W81/><G38/><T65/><D24/><U71/><E71/><V120/><F47/><N who="3" m="25855" /><G125/><T14/><D83/><U0/><E0/><V4/><F4/><W55/><G114/><T68/><D68/><U67/><E67/><V7/><F7/><W54/><G8/><N who="0" m="6343" /><D5/><U106/><E106/><V30/><F18/><W61/><G61/><T58/><D58/><U66/><E66/><V74/><F74/><W82/><G82/><T69/><D69/><U103/><E103/><AGARI ba="0,0" hai="11,13,19,57,63,65,76,79,92,99,103" m="6343" machi="103" ten="30,3900,0" yaku="8,1,52,2" doraHai="10" who="0" fromWho="1" sc="166,39,477,-39,164,0,193,0" /><INIT seed="6,0,0,1,2,63" ten="205,438,164,193" oya="2" hai0="9,109,92,60,59,67,0,18,23,116,106,53,123" hai1="104,32,71,56,112,88,45,95,86,133,87,52,66" hai2="79,74,130,100,44,58,125,132,40,114,1,83,2" hai3="84,75,30,117,15,10,135,29,57,41,98,22,80"/><V31/><F114/><W50/><G75/><T77/><D106/><U27/><E104/><V90/><F125/><W81/><G117/><T35/><D123/><U6/><E112/><V8/><F130/><W102/><G135/><T11/><D109/><U118/><E133/><V55/><F132/><W78/><G80/><T119/><D35/><U131/><E118/><N who="0" m="45097" /><D0/><U82/><E131/><V70/><F70/><W39/><G39/><T69/><D92/><U42/><E6/><V122/><F122/><W128/><G22/><T124/><D77/><U49/><E32/><V61/><F100/><W101/><G128/><T34/><D34/><U96/><E27/><V127/><F127/><W47/><G57/><T94/><D94/><U99/><E99/><V26/><F8/><W113/><G113/><T4/><D4/><U73/><E73/><V28/><F90/><W62/><G62/><N who="0" m="40183" /><D124/><U107/><E107/><V126/><F126/><W37/><G37/><T38/><D38/><U36/><E82/><V16/><F31/><N who="3" m="11787" /><G98/><T111/><D111/><U54/><E54/><V121/><F121/><W103/><G103/><T85/><D85/><U7/><E7/><AGARI ba="0,0" hai="7,10,15,41,47,50,78,81,84,101,102" m="11787" machi="7" ten="30,2000,0" yaku="25,1,8,1" doraHai="63" who="3" fromWho="1" sc="205,0,438,-20,164,0,193,20" /><INIT seed="7,0,0,4,1,61" ten="205,418,164,213" oya="3" hai0="84,69,99,85,103,55,4,119,75,18,60,87,133" hai1="98,105,43,68,130,2,65,47,54,21,33,77,1" hai2="126,0,118,97,29,67,5,100,49,36,19,81,56" hai3="114,124,3,110,83,116,42,108,35,89,13,86,120"/><W11/><G116/><T66/><D75/><U62/><E77/><V37/><F118/><W31/><G120/><T16/><D119/><U40/><E130/><V106/><F126/><W111/><G3/><T28/><D133/><U107/><E21/><V48/><F81/><W70/><G70/><T74/><D74/><U101/><E107/><V30/><F19/><W14/><G114/><T88/><D4/><U46/><E54/><V9/><F48/><W15/><G124/><T26/><D55/><U129/><E129/><V20/><F49/><W82/><G42/><T121/><D88/><U76/><E76/><V91/><F91/><W132/><G132/><T78/><D78/><U50/><E33/><V8/><F9/><W109/><N who="3" m="27648" /><DORA hai="79" /><W22/><G35/><N who="0" m="20887" /><D121/><U52/><E43/><V112/><F112/><W34/><G34/><T58/><D58/><U27/><E27/><V73/><F73/><W44/><G44/><T94/><D94/><U64/><E64/><V23/><F36/><AGARI ba="0,0" hai="1,2,36,40,46,47,50,52,62,65,68,98,101,105" machi="36" ten="30,3900,0" yaku="7,1,52,1,54,1" doraHai="61,79" who="1" fromWho="2" sc="205,0,418,39,164,-39,213,0" owari="205,-19.0,457,55.0,125,-37.0,213,1.0" /></mjloggm>