<mjloggm ver="2.3"><GO type="233" lobby="0"/><UN n0="%4C%53%E9%99%BD" n1="%E3%81%8A%E3%83%BC%E3%81%84%E3%81%8A%E8%8C%B6" n2="%E3%82%A6%E3%83%AB%E3%83%88%E3%83%A9%E7%AB%8B%E7%9B%B4" n3="%E3%83%AA%E3%83%81%E3%83%A3%21%21" dan="16,17,17,18" rate="2084.72,2195.15,2182.93,2236.39" sx="M,M,M,M"/><TAIKYOKU oya="0"/><INIT seed="0,0,0,5,5,34" ten="250,250,250,250" oya="0" hai0="50,30,11,92,35,104,5,62,108,70,107,87,44" hai1="84,105,71,48,45,55,129,29,115,26,130,110,125" hai2="20,61,91,64,12,111,85,58,72,27,41,15,31" hai3="76,73,134,1,53,10,116,128,113,74,7,100,81"/><T93/><D35/><U98/><E110/><V42/><F72/><W54/><G116/><T102/><D30/><U86/><E125/><V22/><F111/><W18/><G113/><T49/><D108/><U56/><E71/><V75/><F75/><W94/><G74/><T109/><D109/><U126/><E126/><V99/><F99/><W6/><G128/><N who="1" m="49258" /><E115/><V95/><REACH who="2" step="1"/><F22/><REACH who="2" ten="250,250,240,250" step="2"/><W78/><G73/><T67/><D104/><U79/><E98/><V43/><AGARI ba="0,1" hai="12,15,20,27,31,41,42,43,58,61,64,85,91,95" machi="43" ten="30,7900,0" yaku="1,1,2,1,0,1,8,1,53,0" doraHai="34" doraHaiUra="51" who="2" fromWho="2" sc="250,-39,250,-20,240,89,250,-20" /><INIT seed="1,0,0,0,1,112" ten="211,230,329,230" oya="1" hai0="108,116,14,20,75,135,38,110,119,106,79,37,103" hai1="111,88,77,74,16,82,60,30,61,55,85,128,129" hai2="92,48,43,17,65,25,63,62,57,53,40,51,66" hai3="45,31,71,134,102,28,15,68,115,99,59,6,131"/><U130/><E30/><V46/><F92/><W13/><G115/><T96/><D135/><U54/><E111/><N who="0" m="42537" /><D20/><U97/><E97/><V94/><F94/><W47/><G131/><T133/><D14/><U2/><E2/><V123/><F123/><W69/><G134/><T49/><D49/><U11/><E61/><N who="2" m="23051" /><F17/><W34/><G59/><T83/><D133/><U29/><E29/><V89/><F89/><W101/><G69/><T91/><D91/><U117/><E117/><AGARI ba="0,0" hai="37,38,75,79,83,96,103,106,116,117,119" m="42537" machi="117" ten="30,8000,1" yaku="14,1,23,1,52,3" doraHai="112" who="0" fromWho="1" sc="211,80,230,-80,329,0,230,0" /><INIT seed="2,0,0,5,5,66" ten="291,150,329,230" oya="2" hai0="103,72,93,134,81,11,94,47,126,2,117,91,18" hai1="87,17,58,65,0,62,23,35,79,55,97,50,85" hai2="115,49,122,59,132,46,70,15,133,30,69,110,40" hai3="25,19,114,31,37,10,107,98,39,90,16,12,60"/><V92/><F115/><W53/><G114/><T112/><D112/><U54/><E0/><V106/><F106/><W111/><G111/><T118/><D134/><N who="2" m="51818" /><F122/><W64/><G53/><T4/><D126/><U13/><E35/><V123/><F123/><W45/><G19/><T130/><D130/><U128/><E128/><V3/><F3/><W74/><G74/><T28/><D28/><U5/><E5/><V22/><F110/><W95/><G45/><T88/><D103/><U127/><E127/><V131/><F131/><W41/><G41/><T14/><D47/><U116/><E116/><N who="0" m="44649" /><D72/><U27/><E79/><V80/><F80/><W100/><G90/><N who="0" m="34347" /><D81/><U44/><E13/><V57/><F92/><W24/><G95/><T48/><D48/><U7/><E7/><V71/><F15/><W20/><REACH who="3" step="1"/><G25/><AGARI ba="0,0" hai="22,25,30,40,46,49,57,59,69,70,71" m="51818" machi="25" ten="40,12000,1" yaku="20,1,52,3" doraHai="66" who="2" fromWho="3" sc="291,0,150,0,329,120,230,-120" /><INIT seed="2,1,0,5,2,59" ten="291,150,449,110" oya="2" hai0="131,99,90,82,123,5,95,118,57,3,10,135,86" hai1="70,132,109,74,1,133,107,30,104,97,62,37,17" hai2="65,26,12,25,126,129,24,121,41,7,102,64,127" hai3="112,80,98,119,23,8,63,128,29,51,117,33,28"/><V2/><F2/><W108/><G108/><T101/><D123/><U73/><E1/><V120/><F102/><W53/><G128/><T116/><D131/><U56/><E30/><V93/><F41/><W46/><G112/><T55/><REACH who="0" step="1"/><D135/><REACH who="0" ten="281,150,449,110" step="2"/><U15/><E109/><V75/><F129/><W19/><G119/><T92/><D92/><U69/><E107/><V103/><F93/><W130/><G117/><T124/><D124/><U22/><E132/><V85/><F121/><W91/><G130/><T18/><D18/><U87/><E133/><V0/><F120/><W27/><G19/><T125/><D125/><U68/><E37/><V84/><F126/><W78/><G29/><T11/><D11/><U9/><E9/><V6/><F127/><W50/><G8/><T21/><D21/><U79/><E104/><V111/><F111/><W20/><G20/><T45/><D45/><U16/><E17/><V48/><F7/><W44/><G23/><T38/><D38/><U58/><E22/><V13/><F6/><W36/><G36/><T61/><AGARI ba="1,1" hai="3,5,10,55,57,61,82,86,90,95,99,101,116,118" machi="61" ten="30,4000,0" yaku="1,1,0,1,52,1,53,0" doraHai="59" doraHaiUra="42" who="0" fromWho="0" sc="281,53,150,-11,449,-21,110,-11" /><INIT seed="3,0,0,2,0,49" ten="334,139,428,99" oya="3" hai0="6,120,96,68,11,64,46,115,45,60,83,90,88" hai1="77,14,132,78,7,95,101,99,109,98,43,84,28" hai2="53,42,82,21,121,107,58,72,62,81,55,69,71" hai3="44,19,86,34,73,87,75,32,13,27,39,80,110"/><W30/><G110/><T135/><D120/><U5/><E109/><V127/><F107/><W122/><G122/><T31/><D31/><U97/><E132/><V35/><F35/><W129/><G34/><T50/><D135/><U102/><E28/><V3/><F3/><W22/><G87/><T48/><D115/><U104/><E43/><V29/><F42/><W33/><G33/><T0/><D96/><U1/><E1/><V2/><F2/><W134/><G129/><T70/><D70/><U130/><E130/><V4/><F4/><N who="1" m="1609" /><E104/><V40/><F40/><W103/><G134/><T17/><D17/><U94/><E14/><V113/><F113/><W15/><G103/><N who="1" m="39434" /><E84/><V8/><F71/><W12/><G39/><T91/><D83/><U119/><E119/><V125/><F69/><W126/><G126/><T37/><D37/><U65/><E65/><V23/><F121/><W124/><G44/><T16/><D46/><U89/><E89/><V18/><F125/><W74/><REACH who="3" step="1"/><G124/><REACH who="3" ten="334,139,428,89" step="2"/><T51/><D45/><U20/><E20/><V24/><F23/><W100/><G100/><T56/><D68/><U57/><E57/><V41/><F58/><W117/><G117/><T118/><D118/><U106/><E106/><V25/><F127/><W36/><G36/><T112/><D112/><U10/><E10/><V66/><F8/><W123/><G123/><T108/><D108/><U9/><E9/><V79/><F21/><W76/><AGARI ba="0,1" hai="12,13,15,19,22,27,30,32,73,74,75,76,80,86" machi="76" ten="30,3000,0" yaku="1,1,0,1,53,0" doraHai="49" doraHaiUra="47" who="3" fromWho="3" sc="334,-10,139,-10,428,-10,89,40" /><INIT seed="3,1,0,1,2,26" ten="324,129,418,129" oya="3" hai0="2,20,14,106,38,84,77,107,27,127,76,99,94" hai1="117,133,88,111,53,97,6,114,60,71,128,70,54" hai2="124,58,105,28,0,23,63,56,42,115,122,37,72" hai3="116,113,10,123,34,61,30,19,66,100,98,22,69"/><W8/><G116/><T80/><D2/><U120/><E120/><V9/><F105/><W52/><G123/><T55/><D127/><U16/><E114/><V86/><F115/><W17/><G113/><T24/><D38/><U39/><E39/><V35/><F35/><W103/><G103/><T91/><D76/><U95/><E117/><V43/><F72/><W45/><G19/><T131/><D131/><U81/><E128/><V119/><F124/><W12/><G45/><T13/><D106/><U134/><E111/><V40/><F119/><W129/><G129/><T87/><D87/><U50/><E6/><V44/><F58/><W101/><G101/><T96/><D96/><U82/><E16/><V130/><F130/><W49/><G30/><N who="0" m="17671" /><D107/><U126/><E126/><V32/><F32/><W51/><G51/><T135/><D135/><N who="1" m="51723" /><E54/><V11/><F122/><W67/><G67/><T74/><D74/><U65/><E70/><V29/><F37/><W90/><G90/><T112/><D112/><U1/><E1/><V62/><F0/><W36/><G34/><T33/><D33/><U41/><E41/><V83/><F43/><W68/><G68/><T25/><D55/><U64/><E64/><V15/><F42/><W57/><REACH who="3" step="1"/><G36/><REACH who="3" ten="324,129,418,119" step="2"/><T102/><D102/><U89/><E89/><V85/><F44/><AGARI ba="1,1" hai="44,50,53,60,65,71,81,82,88,95,97" m="51723" machi="44" ten="30,2000,0" yaku="20,1,54,1" doraHai="26" who="1" fromWho="2" sc="324,0,129,33,418,-23,119,0" /><INIT seed="4,0,0,0,3,12" ten="324,162,395,119" oya="0" hai0="70,101,36,132,18,72,63,26,67,47,46,105,51" hai1="62,125,17,59,95,50,9,7,39,57,35,71,114" hai2="83,84,53,25,15,134,16,85,131,76,60,127,68" hai3="100,30,45,98,33,37,14,4,29,55,42,48,77"/><T10/><D72/><U111/><E111/><V109/><F109/><W22/><G77/><T87/><D36/><U21/><E39/><V93/><F127/><W23/><G33/><T43/><D132/><U79/><E35/><V126/><F126/><W13/><G4/><T117/><D117/><U119/><E119/><V97/><F134/><W3/><G3/><T92/><D47/><U41/><E125/><V88/><F25/><W2/><G2/><T5/><D105/><U118/><E118/><V64/><F53/><W28/><G22/><N who="0" m="13655" /><D70/><U27/><E114/><V80/><F131/><W11/><G23/><T44/><D44/><U38/><E38/><V66/><F66/><W40/><G11/><T6/><D10/><U128/><E128/><V135/><F135/><W112/><G112/><T113/><D113/><U82/><E71/><V58/><F68/><W107/><REACH who="3" step="1"/><G37/><REACH who="3" ten="324,162,395,109" step="2"/><T73/><D6/><U19/><E7/><V99/><F83/><W91/><G91/><N who="0" m="53375" /><D5/><U90/><E90/><V65/><F65/><W20/><G20/><AGARI ba="0,1" hai="15,16,20,58,60,64,76,80,84,85,88,93,97,99" machi="20" ten="30,8000,1" yaku="7,1,8,1,52,1,54,2" doraHai="12" who="2" fromWho="3" sc="324,0,162,0,395,90,109,-80" /><INIT seed="5,0,0,5,2,30" ten="324,162,485,29" oya="1" hai0="90,135,120,45,27,64,10,101,95,49,132,121,59" hai1="8,7,98,66,117,131,18,123,87,28,110,112,58" hai2="31,67,105,34,32,36,103,77,26,78,104,40,5" hai3="38,53,65,62,37,97,61,19,13,20,128,86,43"/><U60/><E117/><V73/><F67/><W93/><G128/><T70/><D70/><U0/><E123/><N who="0" m="47177" /><D101/><U6/><E131/><V51/><F51/><W12/><G86/><N who="0" m="52695" /><D27/><U50/><E112/><V100/><F5/><W33/><G53/><N who="0" m="29871" /><D10/><U25/><E110/><V11/><F11/><W57/><G61/><AGARI ba="0,0" hai="59,61,64,132,135" m="29871,52695,47177" machi="61" ten="30,1000,0" yaku="13,1" doraHai="30" who="0" fromWho="3" sc="324,10,162,0,485,0,29,-10" /><INIT seed="6,0,0,3,2,122" ten="334,162,485,19" oya="2" hai0="67,100,54,78,15,14,12,41,50,96,90,73,58" hai1="103,88,0,45,21,97,135,123,115,33,43,26,28" hai2="99,34,35,7,13,109,102,37,105,87,106,92,4" hai3="11,20,25,63,3,81,32,48,1,119,80,61,47"/><V46/><F109/><W53/><G119/><T69/><D41/><U8/><E123/><V110/><F110/><W124/><G124/><T77/><D90/><U22/><E115/><V133/><F133/><W104/><G104/><T60/><REACH who="0" step="1"/><D73/><REACH who="0" ten="324,162,485,19" step="2"/><U95/><E135/><V112/><F112/><W85/><G80/><T17/><D17/><U56/><E103/><V39/><F102/><W93/><G81/><T74/><D74/><U72/><E72/><V70/><F39/><W75/><G75/><T18/><D18/><U71/><E71/><V36/><F70/><W83/><G83/><T76/><D76/><U84/><E84/><V55/><F87/><W64/><G85/><T129/><D129/><U127/><E127/><V44/><F37/><W131/><G131/><T65/><D65/><U52/><E0/><V5/><F36/><W66/><G64/><T91/><D91/><U59/><E8/><V9/><F9/><W24/><G66/><T6/><D6/><U16/><E43/><V19/><F4/><N who="3" m="1439" /><G1/><T114/><D114/><U134/><E134/><V108/><F5/><W29/><G93/><AGARI ba="0,1" hai="12,14,15,50,54,58,60,67,69,77,78,93,96,100" machi="93" ten="40,2600,0" yaku="1,1,53,1" doraHai="122" doraHaiUra="62" who="0" fromWho="3" sc="324,36,162,0,485,0,19,-26" owari="360,16.0,162,-24.0,485,59.0,-7,-51.0" /></mjloggm>