<mjloggm ver="2.3"><GO type="169" lobby="0"/><UN n0="%7A%6B%75%72%74" n1="%E3%82%A6%E3%83%AB%E3%83%88%E3%83%A9%E7%AB%8B%E7%9B%B4" n2="%E6%9D%8E%E7%A9%8E%E8%97%8D" n3="%E4%BD%93%E8%82%B2%E9%A4%A8%E9%87%8E%E7%90%83%E9%83%A8%E5%93%A1" dan="17,17,17,16" rate="2133.15,2146.51,2134.26,2096.92" sx="M,M,M,M"/><TAIKYOKU oya="0"/><INIT seed="0,0,0,4,1,122" ten="250,250,250,250" oya="0" hai0="23,6,126,8,103,48,67,7,104,110,39,46,60" hai1="127,51,123,92,125,76,69,75,34,10,0,17,33" hai2="134,87,79,1,73,24,15,49,20,101,57,2,40" hai3="13,91,135,132,62,120,61,102,118,130,71,109,131"/><T128/><D39/><U89/><E69/><V81/><F134/><N who="3" m="51243" /><G102/><T59/><D128/><N who="3" m="49193" /><G120/><T97/><D23/><U96/><E123/><V5/><F101/><W80/><G118/><T112/><D112/><U11/><E76/><V18/><F73/><W68/><G13/><T70/><D70/><N who="3" m="26665" /><G109/><T111/><D8/><U116/><E11/><N who="2" m="4591" /><F2/><W42/><G91/><T85/><D85/><U115/><E89/><V16/><F1/><W19/><G19/><T52/><D6/><U105/><E17/><V114/><F18/><W44/><G80/><T54/><D7/><U90/><E90/><V53/><F114/><W26/><G26/><T27/><D27/><U43/><E115/><V83/><F81/><W36/><AGARI ba="0,0" hai="36,42,44,61,62" m="26665,49193,51243" machi="36" ten="40,8000,1" yaku="20,1,19,1,34,2" doraHai="122" who="3" fromWho="3" sc="250,-40,250,-20,250,-20,250,80" /><INIT seed="1,0,0,0,0,92" ten="210,230,230,330" oya="1" hai0="64,131,78,11,45,49,28,95,113,117,127,108,133" hai1="44,111,32,118,41,88,20,43,3,40,51,123,38" hai2="55,112,114,110,100,79,70,6,80,74,60,29,83" hai3="26,76,67,107,91,121,116,125,1,96,61,109,10"/><U103/><E32/><V134/><F110/><W106/><G109/><T50/><D108/><U77/><E111/><V89/><F100/><W7/><G121/><T46/><D117/><U53/><E118/><V12/><F29/><W31/><G116/><T34/><D113/><N who="2" m="43626" /><F134/><W62/><G125/><T115/><D115/><U130/><E123/><V128/><F128/><W102/><G76/><T18/><D131/><U101/><E130/><V98/><F83/><W68/><G91/><T73/><D64/><U33/><E33/><V97/><F89/><W15/><G62/><T86/><D73/><U81/><E38/><V93/><F93/><W122/><G122/><T5/><D133/><U87/><E3/><V119/><F119/><W69/><G15/><T56/><D56/><U63/><E63/><V99/><F55/><W27/><G27/><T17/><D127/><U2/><E2/><V25/><F25/><W23/><REACH who="3" step="1"/><G107/><REACH who="3" ten="210,230,230,320" step="2"/><T71/><D78/><U84/><REACH who="1" step="1"/><E20/><REACH who="1" ten="210,220,230,320" step="2"/><V35/><F35/><W59/><AGARI ba="0,2" hai="1,7,10,23,26,31,59,61,67,68,69,96,102,106" machi="59" ten="20,8000,1" yaku="1,1,2,1,0,1,7,1,52,1,53,0" doraHai="92" doraHaiUra="104" who="3" fromWho="3" sc="210,-20,220,-40,230,-20,320,100" /><INIT seed="2,0,0,2,4,13" ten="190,180,210,420" oya="2" hai0="2,85,97,93,104,51,90,84,55,132,14,80,21" hai1="4,114,102,89,124,108,63,35,29,94,12,105,121" hai2="135,0,107,46,115,123,52,109,70,112,43,22,134" hai3="75,34,19,68,116,41,26,101,65,106,28,47,100"/><V16/><F107/><W79/><G116/><T103/><D132/><N who="2" m="50730" /><F123/><W122/><G122/><T37/><D2/><U86/><E114/><N who="2" m="43563" /><F109/><W92/><G106/><T133/><D37/><U67/><E108/><V3/><F70/><W17/><G75/><T58/><D133/><U74/><E74/><V81/><F81/><W33/><G33/><T1/><D1/><U120/><E124/><V20/><F20/><W127/><G79/><T83/><D85/><U110/><E110/><V56/><F46/><W111/><G111/><T71/><D71/><U9/><E105/><V40/><F3/><W99/><G101/><T50/><D50/><U77/><E102/><V10/><F10/><W113/><G113/><T5/><D5/><U95/><E77/><V69/><F69/><W8/><G8/><T7/><D7/><U88/><E35/><V49/><F0/><W73/><G73/><T45/><D45/><U32/><E32/><V59/><F59/><W54/><G127/><T11/><D11/><U18/><E4/><V125/><F125/><W76/><G76/><T96/><D80/><U117/><E117/><V78/><F78/><W44/><G44/><T62/><D83/><U31/><E121/><V64/><F64/><W15/><G65/><T42/><D104/><U126/><E120/><V91/><F91/><W66/><G66/><T6/><D6/><U61/><E126/><V57/><F57/><W48/><G68/><T119/><D119/><U72/><E72/><V25/><AGARI ba="0,0" hai="16,22,25,40,43,49,52,56" m="43563,50730" machi="25" ten="30,11700,0" yaku="20,1,52,1,54,2" doraHai="13" who="2" fromWho="2" sc="190,-39,180,-39,210,117,420,-39" /><INIT seed="2,1,0,0,1,69" ten="151,141,327,381" oya="2" hai0="54,84,100,38,1,71,32,130,51,26,6,42,122" hai1="87,81,57,103,68,53,109,16,40,41,66,90,60" hai2="79,20,96,89,85,125,0,91,134,18,80,104,124" hai3="63,98,107,47,115,95,99,27,29,59,45,78,88"/><V17/><F0/><W108/><G108/><T105/><D122/><U94/><E109/><V10/><F10/><W56/><G115/><T92/><D130/><U114/><E114/><V30/><F30/><W11/><G78/><T64/><D6/><U25/><E103/><N who="2" m="62567" /><F18/><W101/><G11/><T22/><D1/><U52/><E81/><V120/><F120/><W118/><G118/><T67/><D105/><U48/><REACH who="1" step="1"/><E53/><REACH who="1" ten="151,131,327,381" step="2"/><V102/><F102/><W131/><G131/><T106/><D100/><U55/><E55/><V39/><F80/><W65/><REACH who="3" step="1"/><G59/><REACH who="3" ten="151,131,327,371" step="2"/><T93/><D71/><U7/><E7/><V86/><F79/><W4/><G4/><T58/><D58/><U119/><E119/><V116/><F116/><W70/><G70/><T35/><D106/><U33/><E33/><AGARI ba="1,2" hai="27,29,33,45,47,56,63,65,88,95,98,99,101,107" machi="33" ten="30,3900,0" yaku="1,1,7,1,54,1,53,0" doraHai="69" doraHaiUra="126" who="3" fromWho="1" sc="151,0,131,-42,327,0,371,62" /><INIT seed="3,0,0,3,2,49" ten="151,89,327,433" oya="3" hai0="135,126,51,62,119,41,20,125,104,36,17,108,74" hai1="58,26,106,83,47,42,107,93,63,121,102,101,3" hai2="19,85,120,29,78,22,68,82,110,46,114,96,53" hai3="87,109,80,88,118,66,129,24,122,33,76,84,73"/><W57/><G122/><T117/><D74/><U4/><E121/><V115/><F120/><W14/><G118/><T32/><D32/><U69/><E69/><V9/><F68/><W71/><G71/><T130/><D104/><U81/><E107/><V5/><F29/><W95/><G129/><T123/><D123/><U86/><E106/><V67/><F67/><W64/><G109/><T132/><D36/><U116/><E116/><V28/><F28/><W79/><G14/><T12/><D108/><U11/><E26/><V1/><F96/><W27/><G33/><T8/><D62/><U112/><E112/><V43/><F110/><W2/><G2/><T98/><D98/><U97/><E86/><V52/><F114/><W111/><G111/><T44/><D8/><U90/><E101/><V25/><F115/><W10/><G10/><T30/><D30/><U31/><E31/><V70/><F70/><W55/><G73/><T48/><D48/><AGARI ba="0,0" hai="1,5,9,19,22,25,43,46,48,52,53,78,82,85" machi="48" ten="30,7700,0" yaku="7,1,52,2,54,1" doraHai="49" who="2" fromWho="0" sc="151,-77,89,0,327,77,433,0" /><INIT seed="4,0,0,2,3,1" ten="74,89,404,433" oya="0" hai0="46,26,18,16,70,60,27,5,123,44,132,94,126" hai1="118,61,130,47,71,114,121,69,3,49,88,10,8" hai2="0,55,62,6,90,33,59,101,2,50,54,98,116" hai3="19,107,96,78,24,120,124,23,15,13,21,67,12"/><T102/><D123/><U93/><E121/><V42/><F33/><W81/><G124/><T65/><D126/><U52/><E118/><V34/><F34/><W108/><G108/><T22/><D132/><U100/><E130/><V20/><F42/><W7/><G120/><T85/><D5/><U35/><E35/><V25/><F116/><W95/><G107/><T83/><D102/><U125/><E125/><V106/><F90/><W77/><G67/><T115/><D94/><U58/><E100/><V122/><F6/><W17/><G7/><T103/><D103/><U104/><E104/><V53/><F122/><W51/><G51/><T43/><D115/><U29/><E114/><V134/><F134/><W76/><REACH who="3" step="1"/><G81/><REACH who="3" ten="74,89,404,423" step="2"/><T133/><D133/><U111/><E111/><V32/><F50/><W72/><G72/><T40/><D40/><U30/><E3/><V128/><F0/><W38/><G38/><T63/><D43/><N who="1" m="24831" /><E71/><V80/><F2/><W74/><G74/><T89/><D63/><U86/><E69/><V87/><F62/><W82/><G82/><T68/><D68/><U79/><E79/><V75/><F80/><W57/><G57/><T66/><D66/><U109/><E109/><V97/><F59/><W48/><G48/><T4/><D4/><U64/><E64/><V113/><F113/><W105/><G105/><T56/><D70/><U119/><E119/><V45/><F106/><W14/><G14/><T92/><D83/><U84/><E84/><V9/><F87/><W73/><G73/><T91/><D91/><AGARI ba="0,1" hai="12,13,15,17,19,21,23,24,76,77,78,91,95,96" machi="91" ten="40,8000,1" yaku="1,1,8,1,53,3" doraHai="1" doraHaiUra="11" who="3" fromWho="0" sc="74,-80,89,0,404,0,423,90" owari="-6,-51.0,89,-31.0,404,20.0,513,62.0" /></mjloggm>