<mjloggm ver="2.3"><GO type="169" lobby="0"/><UN n0="%72%79%6F%E2%80%A6%31%35" n1="%E5%B0%B1%E6%B4%BB%E7%94%9F%40%E5%B7%9D%E6%9D%91%E8%BB%8D%E5%9B%A3" n2="%E3%81%8B%E3%81%AB%E3%83%9E%E3%82%B8%E3%83%B3" n3="%E3%81%AF%E3%82%80" dan="17,17,17,17" rate="2139.20,2149.72,2213.80,2105.96" sx="M,M,M,M"/><TAIKYOKU oya="0"/><INIT seed="0,0,0,0,2,110" ten="250,250,250,250" oya="0" hai0="111,30,54,48,89,96,63,94,11,92,29,43,73" hai1="69,66,57,5,64,0,105,80,14,114,135,45,50" hai2="40,18,90,15,82,34,35,87,125,1,99,53,84" hai3="126,37,67,98,97,55,31,75,131,47,88,22,117"/><T107/><D107/><U9/><E114/><V38/><F1/><W91/><G75/><T2/><D73/><U122/><E122/><V28/><F125/><W10/><G126/><T33/><D33/><U133/><E105/><V72/><F72/><W109/><G109/><T17/><D111/><U70/><E0/><V112/><F112/><W60/><G117/><T59/><D2/><U130/><E130/><V101/><F28/><W127/><G127/><T16/><D94/><U93/><E93/><V102/><F84/><W42/><G131/><T65/><D43/><U106/><E106/><V24/><F24/><W61/><G55/><T13/><REACH who="0" step="1"/><D17/><REACH who="0" ten="240,250,250,250" step="2"/><U58/><E133/><V100/><F34/><W79/><G42/><T78/><D78/><U46/><E135/><V86/><F35/><W121/><G79/><T95/><D95/><U124/><E124/><V56/><F40/><W44/><G121/><T85/><D85/><U68/><E80/><V12/><F87/><W103/><G97/><T134/><D134/><U83/><E83/><V123/><F99/><W71/><G98/><T27/><D27/><U120/><E120/><V4/><F123/><W8/><G31/><T74/><D74/><U49/><E5/><V36/><F4/><W62/><G103/><T3/><D3/><U32/><E32/><V113/><F113/><W132/><G132/><T81/><D81/><U119/><E119/><V118/><F118/><W41/><G41/><T21/><D21/><U23/><E14/><N who="2" m="5163" /><F18/><W51/><G22/><T108/><D108/><U77/><E23/><V20/><F20/><RYUUKYOKU ba="0,1" sc="240,15,250,-15,250,15,250,-15" hai0="11,13,16,29,30,48,54,59,63,65,89,92,96" hai2="36,38,53,56,82,86,90,100,101,102" /><INIT seed="0,1,1,2,3,19" ten="255,235,265,235" oya="0" hai0="7,15,14,121,70,34,103,93,123,23,17,54,35" hai1="134,5,0,82,26,74,116,1,48,52,24,104,21" hai2="92,61,89,51,62,88,40,3,128,46,86,83,76" hai3="36,6,71,25,59,84,65,108,57,132,58,95,4"/><T45/><D70/><U63/><E116/><V118/><F118/><W47/><G108/><T49/><D34/><U100/><E134/><V73/><F3/><W129/><G132/><T50/><D35/><U101/><E63/><V31/><F128/><W125/><G129/><T8/><REACH who="0" step="1"/><D49/><REACH who="0" ten="245,235,265,235" step="2"/><U28/><E1/><V124/><F124/><W131/><G125/><T111/><D111/><U80/><E0/><V122/><F122/><W64/><G131/><T16/><D16/><U32/><E5/><V43/><F31/><W127/><G127/><T133/><D133/><U11/><E32/><V105/><F61/><W12/><G71/><T90/><D90/><U126/><E126/><V55/><F62/><W67/><G4/><T9/><D9/><U10/><E10/><V2/><F2/><W97/><G6/><T53/><D53/><U119/><E11/><V78/><F89/><W18/><G18/><T91/><D91/><U96/><E119/><V69/><F69/><W39/><G39/><T130/><D130/><U33/><E33/><V81/><REACH who="2" step="1"/><F105/><REACH who="2" ten="245,235,255,235" step="2"/><W112/><G65/><T41/><D41/><U20/><E104/><V99/><AGARI ba="1,3" hai="40,43,46,51,55,73,76,78,81,83,86,88,92,99" machi="99" ten="20,8000,1" yaku="1,1,2,1,0,1,7,1,54,1,53,0" doraHai="19" doraHaiUra="29" who="2" fromWho="2" sc="245,-41,235,-21,255,113,235,-21" /><INIT seed="1,0,0,1,5,71" ten="204,214,368,214" oya="1" hai0="108,59,133,32,23,60,94,10,2,62,88,73,113" hai1="45,134,16,13,1,74,42,43,72,26,118,84,128" hai2="51,70,34,122,106,123,7,61,79,135,33,89,132" hai3="67,97,44,24,47,15,87,130,12,95,22,28,92"/><U4/><E118/><V120/><F106/><W117/><G117/><T69/><D32/><U27/><E128/><V46/><F7/><W8/><G130/><T0/><D113/><U75/><E134/><N who="2" m="51243" /><F79/><W30/><G30/><T55/><D133/><U114/><E114/><V31/><F31/><W39/><G67/><T18/><D73/><U105/><E105/><V98/><F98/><W50/><G39/><T64/><D10/><U116/><E116/><V85/><F61/><W19/><G87/><T14/><REACH who="0" step="1"/><D108/><REACH who="0" ten="194,214,368,214" step="2"/><U41/><E45/><V99/><F33/><W66/><G47/><T65/><D65/><U20/><REACH who="1" step="1"/><E84/><AGARI ba="0,1" hai="0,2,14,18,23,55,59,60,62,64,69,84,88,94" machi="84" ten="30,3900,0" yaku="1,1,7,1,54,1,53,0" doraHai="71" doraHaiUra="109" who="0" fromWho="1" sc="194,49,214,-39,368,0,214,0" /><INIT seed="2,0,0,1,5,23" ten="243,175,368,214" oya="2" hai0="117,134,84,88,66,60,89,131,39,104,8,127,100" hai1="78,52,56,122,112,57,19,108,36,4,81,82,15" hai2="24,7,5,65,110,62,13,119,130,51,97,115,59" hai3="64,73,101,17,77,6,11,74,67,87,28,49,135"/><V114/><F119/><W27/><G135/><T103/><D134/><U1/><E122/><V30/><F130/><W53/><G101/><T124/><D131/><U9/><E112/><V31/><F31/><W94/><G17/><T99/><D39/><U75/><E108/><V26/><F110/><W96/><G73/><T113/><D113/><U126/><E126/><N who="0" m="48169" /><D8/><U106/><E106/><V33/><F26/><W129/><G74/><T35/><D35/><U111/><E111/><V12/><F97/><W37/><G37/><T47/><D47/><U16/><E36/><V105/><F105/><W95/><G129/><T128/><D128/><U25/><E81/><V92/><F92/><W42/><G42/><T133/><D133/><U45/><E45/><V69/><F5/><W50/><G95/><N who="0" m="56807" /><D104/><U93/><E93/><V46/><F69/><W14/><G87/><T41/><D41/><U121/><E121/><V116/><F116/><W109/><G109/><T58/><D117/><U22/><REACH who="1" step="1"/><E52/><REACH who="1" ten="243,165,368,214" step="2"/><V70/><F46/><W80/><G53/><T20/><D100/><U43/><E43/><V18/><F115/><W38/><G38/><T91/><D103/><U86/><E86/><V48/><F114/><W34/><G94/><T107/><D107/><U125/><E125/><V76/><F48/><N who="3" m="18539" /><G96/><T2/><D84/><U0/><E0/><V21/><F51/><W32/><G80/><T44/><D2/><U54/><E54/><V71/><F76/><W85/><G85/><T102/><D44/><U10/><AGARI ba="0,1" hai="1,4,9,10,15,16,19,22,25,56,57,75,78,82" machi="10" ten="20,12000,2" yaku="1,1,0,1,7,1,52,1,54,1,53,1" doraHai="23" doraHaiUra="79" who="1" fromWho="1" sc="243,-30,165,130,368,-60,214,-30" /><INIT seed="3,0,0,1,4,75" ten="213,295,308,184" oya="3" hai0="101,91,98,60,20,56,26,133,132,126,10,104,54" hai1="127,8,43,116,9,24,3,69,134,30,0,28,44" hai2="108,47,55,124,51,115,23,2,119,71,37,77,102" hai3="17,100,31,39,65,81,50,106,88,61,122,68,4"/><W46/><G39/><T89/><D10/><U80/><E69/><V85/><F115/><W112/><G112/><T40/><D40/><U94/><E116/><V41/><F2/><W128/><G122/><T93/><D126/><U64/><E127/><V35/><F35/><W123/><G123/><T19/><REACH who="0" step="1"/><D91/><REACH who="0" ten="203,295,308,184" step="2"/><U118/><E118/><V125/><F41/><W110/><G88/><T90/><D90/><U67/><E134/><V105/><F125/><W95/><G110/><T135/><D135/><U6/><E9/><V120/><F108/><W13/><G128/><T52/><D52/><U113/><E113/><V22/><F55/><W129/><G129/><T86/><AGARI ba="0,1" hai="19,20,26,54,56,60,86,89,93,98,101,104,132,133" machi="86" ten="30,4000,0" yaku="1,1,0,1,53,1" doraHai="75" doraHaiUra="15" who="0" fromWho="0" sc="203,50,295,-10,308,-10,184,-20" /><INIT seed="4,0,0,0,3,74" ten="253,285,298,164" oya="0" hai0="67,22,44,75,85,49,120,35,100,51,103,109,43" hai1="30,47,95,19,80,37,23,34,81,107,2,39,118" hai2="119,92,70,102,18,87,17,117,29,55,41,104,125" hai3="7,133,38,3,123,24,26,14,11,115,8,15,105"/><T1/><D35/><U27/><E118/><N who="2" m="45067" /><F125/><W9/><G105/><T64/><D75/><U110/><E107/><V0/><F0/><W60/><G60/><T127/><D1/><U71/><E71/><V4/><F4/><N who="3" m="1055" /><G38/><T94/><D120/><U16/><E2/><V83/><F104/><W32/><G123/><T128/><D128/><U79/><E110/><V25/><F41/><W99/><G99/><T56/><D127/><U129/><E129/><V116/><F116/><W45/><G45/><T20/><D109/><U135/><E135/><V73/><F55/><W31/><G133/><T21/><D51/><U57/><E57/><V61/><F73/><W126/><G115/><T131/><D131/><U10/><E95/><V46/><F46/><W90/><G90/><N who="0" m="53583" /><D56/><U13/><E47/><V130/><F130/><W52/><G52/><T86/><D86/><U132/><E132/><V82/><F61/><W72/><G72/><T12/><D67/><U113/><E113/><V28/><F70/><W89/><G89/><T54/><D64/><U65/><E65/><V111/><F111/><W88/><G88/><T134/><D134/><U63/><E63/><V124/><F124/><W98/><G126/><T114/><D114/><U84/><E81/><V91/><F102/><N who="0" m="38954" /><D54/><U69/><E69/><V77/><F82/><W108/><G108/><T97/><D97/><U48/><E48/><V96/><F96/><W59/><G98/><T42/><D43/><U58/><E58/><V122/><F122/><W33/><G59/><T121/><D121/><U101/><E101/><V6/><F83/><RYUUKYOKU ba="0,0" sc="253,15,285,15,298,-15,164,-15" hai0="12,20,21,22,42,44,49" hai1="10,13,16,19,23,27,30,34,37,39,79,80,84" /><INIT seed="4,1,0,1,3,84" ten="268,300,283,149" oya="0" hai0="7,97,96,51,62,112,24,125,52,0,15,122,126" hai1="81,38,43,1,68,73,133,103,113,95,31,22,90" hai2="119,59,12,78,2,98,74,60,16,115,106,92,89" hai3="85,114,116,55,57,5,45,61,27,39,91,72,100"/><T8/><D122/><U123/><E123/><V35/><F2/><W107/><G72/><T14/><D24/><U23/><E68/><V70/><F35/><W93/><G116/><T110/><D62/><U36/><E1/><V109/><F119/><W47/><G114/><T6/><D112/><U64/><E113/><V19/><F115/><W54/><G5/><T29/><D29/><U48/><E133/><V94/><F70/><W99/><G39/><T28/><D28/><U121/><E121/><V49/><F49/><W77/><G27/><T50/><D110/><U4/><E4/><V37/><F37/><W124/><G124/><N who="0" m="47723" /><D51/><U135/><E103/><V83/><F109/><W79/><REACH who="3" step="1"/><G55/><REACH who="3" ten="268,300,283,139" step="2"/><T86/><D7/><U26/><E26/><V104/><F12/><W11/><G11/><T108/><D108/><U117/><E117/><V33/><F33/><W129/><G129/><T132/><D14/><U65/><E23/><V32/><F32/><W75/><G75/><T41/><D15/><U42/><E22/><V53/><F19/><W131/><G131/><T63/><D8/><U87/><E31/><V13/><F16/><W3/><G3/><T130/><D6/><U17/><E17/><V88/><F13/><W80/><G80/><T101/><D0/><U21/><E21/><V56/><F56/><W128/><G128/><T44/><D130/><U111/><E111/><V18/><F18/><W58/><G58/><T127/><D127/><U120/><E120/><V102/><F102/><W40/><G40/><T105/><D41/><U9/><E9/><V20/><F20/><RYUUKYOKU ba="1,1" sc="268,-15,300,-15,283,15,139,15" hai2="53,59,60,74,78,83,88,89,92,94,98,104,106" hai3="45,47,54,57,61,77,79,85,91,93,99,100,107" /><INIT seed="5,2,1,4,2,64" ten="253,285,298,154" oya="1" hai0="42,51,80,31,67,118,8,12,132,18,9,71,60" hai1="87,14,27,70,128,25,103,114,85,91,81,134,2" hai2="43,111,40,106,17,29,56,22,124,101,129,32,125" hai3="50,57,20,117,59,116,110,126,48,119,68,55,131"/><U41/><E2/><V34/><F111/><W97/><G110/><T37/><D118/><U36/><E114/><V75/><F75/><W78/><G78/><T16/><D31/><U54/><E128/><V53/><F129/><W11/><G131/><T88/><D37/><U113/><E113/><V28/><F101/><W92/><G126/><N who="2" m="48745" /><F106/><W104/><G104/><T19/><D132/><U94/><E134/><V86/><F86/><W122/><G122/><T100/><D100/><U115/><E115/><V1/><F1/><W93/><G11/><T66/><D66/><U102/><E102/><V10/><F10/><W82/><G82/><T35/><D35/><N who="2" m="13354" /><F28/><W112/><G112/><T107/><D107/><U121/><E121/><V83/><F29/><W123/><G123/><T72/><D72/><U108/><E108/><V58/><F83/><W45/><G20/><T5/><D9/><U39/><E103/><V127/><F56/><W76/><G59/><T130/><D130/><U109/><E109/><V24/><F127/><W79/><G68/><T30/><D30/><U38/><E85/><V95/><F95/><N who="3" m="36427" /><G97/><T62/><D80/><U3/><E81/><V65/><F65/><W4/><G4/><T21/><D67/><U96/><E96/><V69/><F69/><W49/><G45/><N who="0" m="26039" /><D71/><U33/><E33/><V47/><F47/><W84/><G84/><T77/><D77/><U23/><E87/><V90/><F90/><W0/><G0/><N who="0" m="39" /><D88/><U52/><E91/><V99/><F99/><W7/><G7/><T6/><D6/><U120/><E120/><V13/><F24/><RYUUKYOKU ba="2,1" sc="253,10,285,-30,298,10,154,10" hai0="12,16,18,19,21,60,62" hai2="13,17,22,40,43,53,58" hai3="48,49,50,55,57,76,79,116,117,119" /><INIT seed="6,3,1,3,3,4" ten="263,255,308,164" oya="2" hai0="74,95,40,31,73,41,53,117,130,21,19,101,133" hai1="62,29,44,72,67,99,105,51,12,42,96,23,6" hai2="17,35,97,94,86,123,56,127,3,36,13,98,22" hai3="79,91,103,134,48,93,68,87,61,129,69,20,84"/><V115/><F123/><W126/><G129/><T7/><D130/><U109/><E72/><V122/><F122/><W132/><G126/><T33/><D133/><N who="3" m="51305" /><G103/><T102/><D7/><U104/><E109/><V83/><F36/><W16/><G48/><T59/><D31/><U57/><E105/><V46/><F3/><W54/><G54/><T63/><D33/><U128/><E104/><V112/><F35/><W65/><G68/><T135/><D135/><U10/><E128/><V131/><F127/><W9/><G9/><T70/><D70/><U85/><E85/><V50/><F56/><W118/><G118/><T37/><D37/><U60/><E60/><V76/><F131/><W100/><G100/><T11/><D74/><U110/><E110/><V113/><F94/><W15/><G79/><T18/><D117/><U89/><E89/><V66/><F66/><W43/><G43/><AGARI ba="3,1" hai="13,17,22,43,46,50,76,83,86,97,98,112,113,115" machi="43" ten="40,2000,0" yaku="15,1" doraHai="4" who="2" fromWho="3" sc="263,0,255,0,308,39,164,-29" /><INIT seed="6,4,0,5,1,90" ten="263,255,347,135" oya="2" hai0="34,44,96,120,126,63,132,102,85,52,47,113,121" hai1="109,27,114,115,111,79,110,70,16,94,97,108,87" hai2="127,129,64,0,33,3,38,130,22,42,84,78,46" hai3="21,54,28,35,73,92,15,81,88,68,122,10,133"/><V2/><F33/><W83/><G122/><T82/><D34/><U135/><E135/><V14/><F64/><W101/><G133/><T91/><D132/><U118/><E118/><V48/><F127/><W53/><G68/><T20/><D126/><U51/><E70/><V77/><F38/><W45/><G35/><T99/><D113/><N who="1" m="43019" /><E51/><V4/><F22/><W41/><G101/><T60/><D99/><U89/><N who="1" m="28160" /><DORA hai="5" /><U23/><E79/><V30/><F30/><W11/><G11/><T17/><D120/><U125/><E125/><V103/><F103/><W62/><G73/><T18/><D121/><U65/><E65/><V36/><F36/><W1/><G1/><T106/><D18/><U39/><E39/><V95/><F77/><W117/><G117/><T26/><D63/><U57/><E57/><V13/><F4/><W7/><G21/><T61/><D61/><U74/><E74/><V134/><F134/><W116/><G28/><T6/><D6/><U12/><E12/><V50/><F48/><N who="3" m="26671" /><G116/><T105/><D60/><U131/><E131/><N who="2" m="50187" /><F78/><W107/><G107/><T76/><D106/><U66/><E66/><V128/><F128/><W8/><G8/><T43/><D76/><U104/><E104/><V59/><F59/><W93/><G62/><T19/><D44/><U86/><AGARI ba="4,0" hai="16,23,27,86,87,89,94,97" m="28160,43019" machi="86" ten="60,7900,0" yaku="15,1,52,1,54,1" doraHai="90,5" who="1" fromWho="1" sc="263,-24,255,91,347,-43,135,-24" /><INIT seed="7,0,0,4,4,75" ten="239,346,304,111" oya="3" hai0="11,96,128,9,45,98,20,55,52,102,69,93,54" hai1="84,2,103,129,115,42,28,51,60,99,88,118,127" hai2="135,31,104,48,126,8,134,100,46,13,66,0,44" hai3="1,85,117,21,112,22,87,12,25,91,106,18,16"/><W83/><G106/><T24/><D69/><U67/><E2/><V5/><F66/><W81/><G1/><T6/><D128/><U23/><E129/><V65/><F65/><W95/><G112/><T7/><D98/><U73/><E73/><V133/><F31/><W97/><G117/><T40/><D40/><U101/><E115/><V59/><F126/><W114/><G114/><T70/><D70/><U36/><E118/><V37/><F37/><W76/><REACH who="3" step="1"/><G83/><REACH who="3" ten="239,346,304,101" step="2"/><T94/><D45/><U89/><E127/><V131/><F0/><W62/><G62/><T32/><D94/><U35/><E60/><V4/><F104/><W123/><G123/><T121/><D121/><U111/><E111/><V78/><F131/><W71/><G71/><T119/><D119/><U50/><E36/><V105/><F105/><W116/><G116/><T10/><REACH who="0" step="1"/><D32/><REACH who="0" ten="229,346,304,101" step="2"/><U39/><E35/><V80/><F44/><W64/><G64/><T17/><AGARI ba="0,2" hai="6,7,9,10,11,17,20,24,52,54,55,93,96,102" machi="17" ten="30,8000,1" yaku="1,1,2,1,0,1,8,1,54,1,53,0" doraHai="75" doraHaiUra="130" who="0" fromWho="0" sc="229,100,346,-20,304,-20,101,-40" owari="329,43.0,326,13.0,284,-12.0,61,-44.0" /></mjloggm>