<mjloggm ver="2.3"><GO type="41" lobby="0"/><UN n0="%E6%B6%88%E8%B2%BB%E7%A8%8E%E3%82%AD%E3%83%AA%E3%83%B3" n1="%E3%81%82%E3%81%8A%E3%81%84%E3%81%95%E3%82%93" n2="%E5%B0%B1%E6%B4%BB%E7%94%9F%40%E5%B7%9D%E6%9D%91%E8%BB%8D%E5%9B%A3" n3="%4E%65%6B%74%61%72" dan="15,14,16,14" rate="1961.43,1970.89,2190.84,1944.69" sx="M,M,M,M"/><TAIKYOKU oya="0"/><INIT seed="0,0,0,4,1,7" ten="250,250,250,250" oya="0" hai0="9,27,18,107,129,85,64,2,54,110,122,115,104" hai1="1,125,124,74,51,86,5,70,48,84,34,19,68" hai2="76,88,49,71,58,127,67,52,111,16,98,78,65" hai3="15,135,103,99,11,4,14,28,35,119,81,45,97"/><T53/><D115/><U90/><E34/><V39/><F111/><W57/><G119/><T21/><D122/><U66/><E74/><V120/><F120/><W10/><G135/><T12/><D2/><U121/><E19/><V29/><F29/><W38/><G81/><T105/><D129/><U109/><E121/><V116/><F39/><W131/><G131/><T36/><D36/><U62/><E70/><V42/><F42/><W61/><G35/><T106/><D110/><U6/><E6/><V3/><F3/><W114/><G114/><T132/><D132/><U108/><E109/><V17/><F71/><W93/><G28/><T43/><D43/><U44/><E44/><V59/><F127/><N who="1" m="48713" /><E86/><V63/><F67/><W33/><G33/><T60/><D85/><U92/><E108/><V100/><F100/><W73/><G73/><T130/><D130/><U31/><E31/><V80/><F116/><W41/><G97/><T26/><N who="0" m="26624" /><DORA hai="118" /><T24/><REACH who="0" step="1"/><D21/><REACH who="0" ten="240,250,250,250" step="2"/><U102/><E102/><V69/><F78/><W134/><G134/><T56/><AGARI ba="0,1" hai="9,12,18,24,26,27,53,54,56,60,64" m="26624" machi="56" ten="60,12000,1" yaku="1,1,2,1,0,1,52,1,53,0" doraHai="7,118" doraHaiUra="89,46" who="0" fromWho="0" sc="240,130,250,-40,250,-40,250,-40" /><INIT seed="0,1,0,1,5,121" ten="370,210,210,210" oya="0" hai0="14,131,16,34,84,99,117,64,86,102,65,100,54" hai1="21,77,22,35,58,50,93,18,20,74,48,105,30" hai2="33,63,25,82,115,31,45,78,104,112,13,56,80" hai3="69,92,75,90,57,29,24,28,122,53,3,128,32"/><T7/><D117/><U9/><E105/><V94/><F104/><W62/><G75/><T134/><D134/><U66/><E74/><V44/><F94/><W5/><G122/><T40/><D131/><U72/><E72/><V55/><F13/><W119/><G119/><T123/><D34/><U60/><E77/><V118/><F118/><W17/><G128/><T26/><D40/><U15/><REACH who="1" step="1"/><E93/><REACH who="1" ten="370,200,210,210" step="2"/><V81/><REACH who="2" step="1"/><F78/><REACH who="2" ten="370,200,200,210" step="2"/><W132/><G92/><N who="0" m="58471" /><D123/><U85/><E85/><V12/><F12/><W59/><G3/><T126/><D86/><U36/><E36/><V0/><F0/><W6/><G132/><T113/><D84/><U61/><E61/><V1/><F1/><W98/><G62/><T114/><D14/><U130/><E130/><V125/><F125/><W108/><G98/><T87/><D87/><U91/><E91/><V116/><F116/><W70/><G90/><T37/><D37/><U52/><E52/><V43/><F43/><W111/><G53/><T124/><D124/><U127/><E127/><V73/><F73/><W27/><REACH who="3" step="1"/><G32/><REACH who="3" ten="370,200,200,200" step="2"/><T38/><D54/><U10/><E10/><V97/><F97/><W2/><G2/><T67/><D126/><U41/><E41/><V51/><F51/><W107/><G107/><T96/><D38/><U8/><E8/><V120/><F120/><W68/><G68/><T89/><D89/><U129/><E129/><V133/><F133/><W109/><G109/><T79/><D96/><U110/><E110/><V83/><F83/><W135/><G135/><T95/><D79/><U46/><E46/><AGARI ba="1,3" hai="25,31,33,44,45,46,55,56,63,80,81,82,112,115" machi="46" ten="40,1300,0" yaku="1,1,53,0" doraHai="121" doraHaiUra="39" who="2" fromWho="1" sc="370,0,200,-16,200,46,200,0" /><INIT seed="1,0,0,1,4,37" ten="370,184,246,200" oya="1" hai0="28,131,22,82,53,129,100,121,16,51,10,97,116" hai1="87,81,17,83,50,2,67,65,13,58,34,107,134" hai2="115,91,90,20,45,101,109,94,23,64,111,41,76" hai3="70,40,79,73,47,21,36,86,43,3,14,63,66"/><U126/><E107/><V27/><F76/><W77/><G3/><T128/><D116/><U125/><E2/><V127/><F127/><N who="1" m="48649" /><E34/><V106/><F115/><W112/><G112/><T130/><D121/><U18/><E134/><V89/><F64/><N who="1" m="24649" /><E13/><V133/><F133/><W108/><G73/><T4/><D28/><U39/><E39/><V59/><F59/><W49/><G108/><N who="2" m="41545" /><F106/><W38/><G86/><T62/><D62/><U123/><E123/><V132/><F132/><W84/><G84/><T75/><D131/><U114/><E114/><V122/><F122/><W135/><G135/><T88/><D75/><U60/><E50/><N who="2" m="26927" /><F27/><W24/><G14/><T99/><D130/><U42/><E42/><V44/><F44/><W12/><G12/><T74/><D74/><U6/><E6/><V19/><F19/><N who="1" m="7177" /><E87/><V98/><AGARI ba="0,0" hai="20,23,89,90,91,94,98,101" m="26927,41545" machi="98" ten="40,2700,0" yaku="14,1,52,1" doraHai="37" who="2" fromWho="2" sc="370,-7,184,-13,246,27,200,-7" /><INIT seed="2,0,0,2,2,23" ten="363,171,273,193" oya="2" hai0="127,72,26,59,77,40,129,69,20,52,47,75,133" hai1="45,124,115,6,24,73,60,135,126,119,86,87,79" hai2="4,107,16,19,99,33,21,63,94,43,65,82,95" hai3="49,31,34,92,57,7,117,121,41,120,132,118,96"/><V0/><F33/><W88/><G132/><T128/><D69/><U25/><E119/><V30/><F43/><W10/><G34/><T106/><D106/><U98/><E135/><V36/><F36/><W8/><G31/><N who="0" m="17863" /><D77/><U116/><E116/><V85/><F107/><W64/><G10/><T5/><D5/><U22/><E6/><V58/><F4/><W105/><G105/><T37/><D127/><N who="1" m="48683" /><E115/><V103/><F94/><W55/><G117/><T13/><D13/><U61/><E22/><V78/><F0/><W93/><G118/><T130/><D133/><U3/><E3/><V14/><REACH who="2" step="1"/><F14/><REACH who="2" ten="363,171,263,193" step="2"/><W111/><G41/><T90/><D90/><U11/><E79/><V134/><F134/><W53/><G92/><T100/><D100/><U66/><E73/><V48/><F48/><AGARI ba="0,1" hai="37,40,47,48,52,59,72,75,128,129,130" m="17863" machi="48" ten="30,3900,0" yaku="19,1,52,1,54,1" doraHai="23" who="0" fromWho="2" sc="363,49,171,0,263,-39,193,0" /><INIT seed="3,0,0,1,4,6" ten="412,171,224,193" oya="3" hai0="89,2,130,65,62,37,98,28,40,104,26,30,92" hai1="106,96,33,63,112,132,67,82,15,102,17,94,61" hai2="18,68,36,50,124,86,43,25,56,42,133,111,51" hai3="77,59,129,107,10,35,45,109,76,5,3,41,8"/><W121/><G121/><T52/><D130/><U1/><E33/><V48/><F68/><W87/><G107/><T126/><D126/><U47/><E112/><V32/><F111/><W118/><G118/><T73/><D73/><U116/><E116/><V90/><F133/><W88/><G35/><T91/><D2/><U128/><E1/><V71/><F71/><W93/><G129/><T105/><D40/><N who="2" m="15402" /><F32/><W95/><G109/><T74/><D74/><U20/><E47/><V49/><F36/><W34/><G34/><T27/><D37/><U134/><E128/><V53/><F124/><W80/><G59/><N who="0" m="35175" /><D65/><U113/><E113/><V7/><F7/><W29/><G29/><N who="0" m="11371" /><D105/><U125/><E125/><V46/><F18/><W115/><G115/><T123/><D104/><U11/><E106/><V84/><F25/><N who="0" m="9226" /><D123/><U0/><E67/><V44/><F84/><W60/><G60/><T55/><D55/><U108/><E108/><V83/><AGARI ba="0,0" hai="44,46,48,49,50,51,53,56,83,86,90" m="15402" machi="83" ten="30,1100,0" yaku="8,1" doraHai="6" who="2" fromWho="2" sc="412,-3,171,-3,224,11,193,-5" /><INIT seed="4,0,0,1,4,129" ten="409,168,235,188" oya="0" hai0="130,94,38,71,48,122,7,73,19,47,46,111,77" hai1="76,2,70,85,131,74,121,55,4,11,53,120,37" hai2="39,125,58,82,78,98,102,107,41,95,91,113,1" hai3="106,119,15,68,27,20,128,67,109,25,59,64,115"/><T56/><D71/><U32/><E131/><V114/><F1/><W99/><G128/><T123/><D7/><U30/><E70/><V92/><F58/><W35/><G109/><T81/><D130/><U97/><E55/><V61/><F61/><W28/><G119/><T75/><D75/><U24/><E85/><N who="2" m="52335" /><F41/><W124/><G115/><N who="2" m="44041" /><F39/><W126/><G68/><T84/><D19/><U86/><E86/><N who="2" m="48471" /><F125/><N who="3" m="48235" /><G15/><T105/><D56/><U62/><E62/><V104/><AGARI ba="0,0" hai="95,98,102,104,107" m="48471,44041,52335" machi="104" ten="30,4000,0" yaku="15,1,34,2" doraHai="129" who="2" fromWho="2" sc="409,-20,168,-10,235,40,188,-10" /><INIT seed="5,0,0,5,0,52" ten="389,158,275,178" oya="1" hai0="127,77,12,80,129,120,32,9,125,92,100,70,115" hai1="0,48,83,57,11,62,6,13,72,121,117,47,17" hai2="44,64,113,1,82,65,87,39,89,49,26,54,69" hai3="102,74,105,66,93,81,45,91,109,85,130,19,128"/><U31/><E121/><V33/><F1/><W95/><G109/><T90/><D70/><U58/><E117/><V71/><F39/><W25/><G66/><T55/><D32/><U131/><E31/><V68/><REACH who="2" step="1"/><F113/><REACH who="2" ten="389,158,265,178" step="2"/><W76/><G130/><T124/><D115/><U53/><E131/><V88/><F88/><N who="3" m="53391" /><G128/><T41/><D120/><U29/><E29/><AGARI ba="0,1" hai="26,29,33,44,49,54,64,65,68,69,71,82,87,89" machi="29" ten="40,2600,0" yaku="1,1,53,1" doraHai="52" doraHaiUra="22" who="2" fromWho="1" sc="389,0,158,-26,265,36,178,0" /><INIT seed="6,0,0,5,2,96" ten="389,132,301,178" oya="2" hai0="100,2,119,44,117,99,27,50,28,103,123,35,8" hai1="9,53,60,38,56,14,122,83,45,65,63,130,129" hai2="106,46,10,33,6,125,97,108,98,135,105,37,31" hai3="87,23,121,70,73,64,84,77,126,18,107,86,88"/><V132/><F125/><W68/><G121/><T80/><D123/><U128/><E83/><V7/><F108/><W127/><G107/><N who="2" m="40969" /><F31/><W120/><G120/><T112/><D112/><U67/><E122/><V42/><F33/><W3/><G3/><T57/><D57/><U52/><E14/><N who="2" m="5463" /><F7/><W78/><G64/><T1/><D99/><U133/><E9/><V69/><F69/><W26/><G70/><T4/><D80/><U58/><E133/><AGARI ba="0,0" hai="37,42,46,97,98,132,133,135" m="5463,40969" machi="133" ten="30,1500,0" yaku="20,1" doraHai="96" who="2" fromWho="1" sc="389,0,132,-15,301,15,178,0" /><INIT seed="6,1,0,5,0,21" ten="389,117,316,178" oya="2" hai0="120,132,51,102,94,79,101,117,89,44,92,36,73" hai1="76,12,53,54,71,121,18,118,130,25,17,97,6" hai2="0,86,10,16,56,96,69,46,134,48,116,33,62" hai3="78,4,100,39,5,15,11,119,110,65,1,129,98"/><V105/><F33/><W75/><G119/><T58/><D120/><U99/><E118/><V113/><F116/><W123/><G123/><T133/><D117/><U41/><E71/><V90/><F69/><W63/><G110/><T66/><D36/><U20/><E121/><V106/><F113/><W67/><G39/><T87/><D79/><U95/><E130/><V74/><F74/><W24/><G129/><T19/><D73/><U122/><E122/><V115/><F134/><N who="0" m="51818" /><D19/><U125/><E41/><V109/><F96/><W14/><G67/><T64/><D58/><U112/><E125/><V82/><F109/><W30/><G5/><T107/><D107/><U68/><E68/><V114/><F0/><W43/><G43/><N who="0" m="24991" /><D94/><U38/><E38/><V103/><F114/><W35/><G78/><T84/><D87/><U50/><E76/><V34/><F34/><W9/><G9/><T32/><D32/><U61/><E6/><V124/><F103/><AGARI ba="1,0" hai="64,66,84,89,92,101,102,103" m="24991,51818" machi="103" ten="30,1000,0" yaku="20,1" doraHai="21" who="0" fromWho="2" sc="389,13,117,0,316,-13,178,0" /><INIT seed="7,0,0,5,3,121" ten="402,117,303,178" oya="3" hai0="94,70,62,111,97,32,40,64,58,56,23,18,66" hai1="134,51,52,55,30,103,13,14,67,84,27,87,16" hai2="63,135,128,99,74,92,72,81,44,95,117,53,49" hai3="47,37,82,115,86,20,45,0,102,43,131,59,129"/><W91/><G0/><T31/><D111/><U57/><E134/><V80/><F117/><W83/><G102/><T123/><D123/><U79/><E103/><V15/><F135/><W35/><G35/><T38/><D38/><U77/><E67/><V127/><F127/><W4/><G4/><T17/><D40/><U125/><E125/><V114/><F114/><W112/><G47/><T54/><D70/><U65/><E65/><V130/><F63/><W2/><G2/><T110/><D110/><U98/><E98/><V71/><F71/><W60/><G20/><T85/><D85/><U88/><E87/><V105/><F105/><W29/><G29/><T119/><D119/><U7/><E7/><V106/><F106/><W22/><G22/><T69/><D69/><U34/><E55/><V41/><F15/><W90/><G82/><T33/><D66/><U133/><E14/><V120/><F120/><W8/><G8/><T116/><D116/><U109/><E109/><V28/><F28/><W100/><G100/><T124/><D124/><U75/><E75/><V1/><F1/><W78/><G59/><T96/><D31/><U19/><E19/><N who="0" m="7177" /><D23/><N who="1" m="11663" /><E133/><V12/><F12/><W104/><G104/><T5/><D58/><U24/><E27/><V93/><F74/><W9/><G9/><T89/><D56/><U101/><E101/><V48/><F72/><W50/><G37/><T122/><D33/><U76/><E76/><V6/><F6/><W21/><G21/><T126/><D32/><U10/><E10/><V42/><F42/><W3/><G43/><T68/><D126/><RYUUKYOKU ba="0,0" sc="402,-10,117,30,303,-10,178,-10" hai1="24,30,34,51,52,57,77,79,84,88" owari="392,49.0,147,-35.0,293,9.0,168,-23.0" /></mjloggm>