<mjloggm ver="2.3"><GO type="169" lobby="0"/><UN n0="%E3%81%8A%E3%82%8C%E3%81%A6%E3%82%93" n1="%69%6E%66%6F%31%32%33" n2="%EF%BC%A4%EF%BC%B2%EF%BC%AF%EF%BC%B0" n3="%E3%83%88%E3%83%88%E3%83%AA%E5%85%88%E7%94%9F%31%39%E6%AD%B3" dan="16,17,17,17" rate="2136.84,2148.69,2182.57,2179.72" sx="M,M,M,F"/><TAIKYOKU oya="0"/><INIT seed="0,0,0,4,1,41" ten="250,250,250,250" oya="0" hai0="51,19,105,26,72,132,32,24,22,114,62,90,59" hai1="74,103,118,30,38,83,107,2,65,18,52,106,20" hai2="121,61,11,10,135,108,9,104,129,67,28,82,96" hai3="100,78,98,93,68,128,23,71,1,95,60,99,120"/><T70/><D114/><U94/><E118/><V133/><F121/><W36/><G1/><T58/><D132/><N who="2" m="50762" /><F108/><W89/><G128/><T37/><D37/><U76/><E2/><V123/><F123/><W44/><G120/><T77/><D105/><U66/><E38/><V55/><F129/><W85/><G60/><T113/><D113/><U25/><E30/><V48/><F28/><W7/><G7/><T6/><D6/><U63/><E66/><V130/><F82/><W115/><G115/><T117/><D70/><U119/><E119/><V42/><F42/><W14/><G78/><T111/><D111/><U112/><E112/><V54/><F48/><W126/><G126/><T53/><D117/><U131/><E131/><V3/><F3/><W97/><G68/><T116/><D116/><U87/><E52/><N who="2" m="20011" /><F130/><W122/><G122/><T47/><D62/><U81/><E81/><V21/><F21/><W43/><REACH who="3" step="1"/><G71/><REACH who="3" ten="250,250,250,240" step="2"/><T34/><D77/><U124/><E76/><V75/><F75/><W92/><G92/><T40/><D72/><U125/><E94/><V27/><F104/><W46/><G46/><T101/><D47/><U4/><E74/><V45/><F45/><W73/><G73/><T12/><D40/><U88/><E107/><V79/><F79/><W69/><G69/><T57/><D59/><U110/><E110/><V0/><F0/><W91/><G91/><T17/><D58/><U8/><E106/><V56/><F56/><W84/><G84/><T15/><D90/><U29/><E88/><V39/><F61/><W31/><G31/><T109/><D109/><RYUUKYOKU ba="0,1" sc="250,-10,250,-10,250,-10,240,30" hai3="14,23,36,43,44,85,89,93,95,97,98,99,100" /><INIT seed="1,1,1,1,2,5" ten="240,240,240,270" oya="1" hai0="70,108,24,12,75,6,66,15,104,27,60,105,112" hai1="56,110,67,81,63,45,132,39,10,123,127,119,43" hai2="61,76,34,97,89,101,17,25,64,131,49,21,95" hai3="93,16,83,14,99,37,88,20,116,35,109,1,134"/><U117/><E123/><V55/><F131/><W46/><G35/><T7/><D75/><U79/><E132/><V41/><F76/><W3/><G109/><T2/><D2/><U73/><E127/><V18/><F34/><W106/><G134/><T90/><D108/><U22/><E110/><V80/><F41/><W103/><G116/><T53/><D112/><U113/><E113/><V68/><F80/><W11/><G37/><T124/><D124/><U86/><E22/><V44/><REACH who="2" step="1"/><F101/><REACH who="2" ten="240,240,230,270" step="2"/><W48/><G83/><T8/><D105/><U133/><E133/><V130/><F130/><W96/><REACH who="3" step="1"/><G20/><REACH who="3" ten="240,240,230,260" step="2"/><T84/><D104/><U13/><REACH who="1" step="1"/><E73/><REACH who="1" ten="240,230,230,260" step="2"/><V23/><F23/><W100/><G100/><T121/><D121/><U102/><E102/><V4/><F4/><AGARI ba="1,4" hai="4,10,13,39,43,45,56,63,67,79,81,86,117,119" machi="4" ten="30,12000,1" yaku="1,1,7,1,52,1,53,2" doraHai="5" doraHaiUra="114" who="1" fromWho="2" sc="240,0,230,163,230,-123,260,0" /><INIT seed="1,2,0,5,5,64" ten="240,393,107,260" oya="1" hai0="74,99,43,90,6,69,102,96,9,7,92,58,103" hai1="77,33,108,109,26,61,27,84,123,85,98,17,106" hai2="13,63,101,86,129,14,131,65,59,73,67,118,49" hai3="114,83,124,25,107,24,111,12,40,4,68,18,30"/><U113/><E113/><V119/><F73/><W81/><G107/><T50/><D74/><U94/><E123/><V87/><F101/><W29/><G114/><T2/><D7/><U133/><E106/><V42/><F49/><W130/><G68/><T16/><D69/><U110/><E133/><V72/><F72/><W23/><G111/><T54/><D43/><U56/><E33/><V89/><F42/><W55/><G130/><T19/><REACH who="0" step="1"/><D90/><REACH who="0" ten="230,393,107,260" step="2"/><U76/><E76/><V70/><F89/><W53/><G4/><T44/><D44/><U134/><E77/><V48/><F70/><W3/><G40/><T20/><D20/><U105/><E134/><V46/><F59/><W60/><G3/><T128/><D128/><U15/><E110/><V51/><REACH who="2" step="1"/><F46/><REACH who="2" ten="230,393,97,260" step="2"/><W79/><G79/><T32/><D32/><U132/><E56/><V78/><F78/><W122/><G122/><T45/><D45/><U126/><E109/><V1/><F1/><W117/><G117/><T97/><D97/><U36/><E98/><V71/><F71/><W35/><G35/><T127/><D127/><U125/><E126/><V88/><F88/><W8/><G124/><T75/><D75/><U11/><E125/><V104/><F104/><AGARI ba="2,2" hai="2,6,9,16,19,50,54,58,92,96,99,102,103,104" machi="104" ten="30,7700,0" yaku="1,1,7,1,54,1,53,1" doraHai="64" doraHaiUra="5" who="0" fromWho="2" sc="230,103,393,0,97,-83,260,0" /><INIT seed="2,0,0,0,5,58" ten="333,393,14,260" oya="2" hai0="99,103,131,135,114,65,6,119,41,4,19,107,67" hai1="37,62,77,15,36,35,123,45,72,87,102,118,130" hai2="125,52,90,40,11,112,63,120,89,3,22,84,83" hai3="76,16,70,28,94,46,42,48,66,124,85,24,122"/><V32/><F120/><W25/><G122/><T5/><D114/><U121/><E35/><V44/><F32/><W98/><G124/><T105/><D107/><U132/><E118/><V8/><F112/><W10/><G28/><T57/><D41/><U23/><E72/><V61/><F125/><W96/><G96/><T80/><D119/><U26/><E102/><V55/><F3/><W53/><G66/><T18/><D131/><U54/><E130/><V9/><F22/><W13/><G70/><T81/><D135/><U29/><E132/><V104/><F104/><W134/><G134/><T14/><D67/><U21/><E37/><V127/><F127/><W86/><G42/><T68/><D68/><U109/><E109/><V92/><F40/><W31/><G76/><T93/><D105/><U27/><E15/><V64/><F64/><W101/><REACH who="3" step="1"/><G25/><REACH who="3" ten="333,393,14,250" step="2"/><T30/><D30/><U33/><E27/><V74/><F74/><W20/><AGARI ba="0,1" hai="10,13,16,20,24,31,46,48,53,85,86,94,98,101" machi="20" ten="20,12000,2" yaku="1,1,2,1,0,1,7,1,8,1,54,1,53,0" doraHai="58" doraHaiUra="2" who="3" fromWho="3" sc="333,-30,393,-30,14,-60,250,130" owari="303,-10.0,363,16.0,-46,-55.0,380,49.0" /></mjloggm>