<mjloggm ver="2.3"><GO type="169" lobby="0"/><UN n0="%73%74%61%79%62" n1="%E3%83%88%E3%83%88%E3%83%AA%E5%85%88%E7%94%9F%31%39%E6%AD%B3" n2="%4E%6E%31%33%34" n3="%E4%B8%96%E3%82%92%E7%9B%B4%E3%81%99%E8%80%85" dan="16,19,16,16" rate="2066.79,2266.01,2104.47,2069.13" sx="M,F,M,M"/><TAIKYOKU oya="0"/><INIT seed="0,0,0,3,2,134" ten="250,250,250,250" oya="0" hai0="13,85,4,65,74,123,52,112,135,34,96,129,41" hai1="111,27,95,107,102,44,122,3,80,30,6,126,49" hai2="51,15,53,83,37,117,71,121,88,128,32,43,93" hai3="38,73,84,77,42,113,118,110,2,66,21,104,39"/><T131/><D123/><U86/><E122/><V55/><F121/><W26/><G113/><T20/><D74/><U25/><E107/><V125/><F71/><W78/><G118/><T35/><D112/><U72/><E111/><V31/><F117/><W67/><G104/><T18/><D65/><U8/><E72/><V68/><F68/><W63/><G2/><T100/><D41/><U108/><E108/><V94/><F128/><N who="0" m="49226" /><D85/><U109/><E109/><V9/><F37/><W97/><G110/><T132/><D52/><N who="2" m="20042" /><F31/><W7/><G84/><T101/><D101/><U76/><E30/><V45/><F32/><N who="0" m="12330" /><D4/><U14/><E102/><V16/><F125/><W23/><G7/><T79/><D79/><U57/><E126/><V120/><F120/><W114/><G114/><T61/><D61/><U82/><E57/><V19/><F19/><W50/><G42/><T133/><D133/><U10/><E76/><V22/><F22/><W75/><G63/><T127/><D127/><U54/><E6/><V103/><F103/><W92/><G50/><T11/><D20/><U81/><E49/><V33/><F33/><W98/><G92/><AGARI ba="0,0" hai="11,13,18,92,96,100,132,135" m="12330,49226" machi="92" ten="30,1500,0" yaku="19,1" doraHai="134" who="0" fromWho="3" sc="250,15,250,0,250,0,250,-15" /><INIT seed="0,1,0,5,1,66" ten="265,250,250,235" oya="0" hai0="96,115,72,34,62,17,23,45,19,24,97,18,105" hai1="116,89,109,16,77,69,134,125,22,41,53,119,99" hai2="88,75,51,87,76,129,44,127,57,121,0,40,4" hai3="49,58,70,60,8,92,65,37,123,39,67,81,111"/><T126/><D72/><U95/><E109/><V135/><F121/><W61/><G123/><T31/><D115/><U5/><E134/><V110/><F110/><W86/><G111/><T9/><D126/><U98/><E125/><V38/><F127/><W93/><G49/><T33/><D9/><U83/><E5/><V52/><F135/><W1/><G93/><T26/><D45/><U3/><E3/><V71/><F129/><W94/><G92/><T122/><D122/><U21/><E21/><V29/><F29/><W133/><G94/><T36/><D36/><U10/><E10/><V54/><F4/><W15/><G1/><T56/><D105/><U74/><E69/><V46/><F76/><W20/><G20/><T100/><D100/><U124/><E124/><V80/><F75/><W130/><G130/><T108/><D108/><U13/><E41/><V2/><REACH who="2" step="1"/><F71/><REACH who="2" ten="265,250,240,235" step="2"/><W112/><G133/><T6/><D6/><U42/><E74/><V73/><F73/><W91/><REACH who="3" step="1"/><G112/><REACH who="3" ten="265,250,240,225" step="2"/><T27/><D34/><U64/><E116/><V82/><F82/><W128/><G128/><T68/><D33/><U35/><E119/><V118/><F118/><W131/><G131/><T90/><D31/><U48/><E35/><V132/><F132/><W7/><AGARI ba="1,2" hai="7,8,15,37,39,58,60,61,65,67,70,81,86,91" machi="7" ten="20,5200,0" yaku="1,1,0,1,7,1,52,1,53,0" doraHai="66" doraHaiUra="120" who="3" fromWho="3" sc="265,-27,250,-14,240,-14,225,75" /><INIT seed="1,0,0,1,0,20" ten="238,236,226,300" oya="1" hai0="46,77,39,88,87,132,127,91,102,73,99,51,125" hai1="104,21,85,110,105,68,94,115,75,122,93,113,98" hai2="13,40,1,32,29,92,95,56,55,66,18,49,81" hai3="117,101,65,0,111,57,37,79,123,96,112,106,53"/><U47/><E68/><V41/><F1/><W22/><G123/><T26/><D39/><U17/><E75/><V42/><F66/><W31/><G112/><T131/><D131/><U10/><E122/><V108/><F108/><W9/><G37/><T70/><D70/><U14/><E110/><V114/><F114/><W116/><G111/><T90/><D132/><U109/><E109/><V8/><REACH who="2" step="1"/><F81/><REACH who="2" ten="238,236,216,300" step="2"/><W72/><G65/><T24/><D125/><U76/><E113/><V52/><F52/><W67/><G67/><T36/><D127/><U124/><E115/><V100/><F100/><W43/><G0/><T59/><D73/><U58/><E124/><V16/><F16/><W89/><G72/><T120/><D120/><U84/><E17/><V30/><F30/><W7/><G31/><T23/><D102/><U82/><E82/><V129/><F129/><W15/><G101/><T118/><D118/><U12/><E104/><V107/><F107/><W2/><G106/><T74/><D74/><U121/><E105/><V44/><F44/><W35/><G117/><T4/><D46/><U34/><E47/><V38/><F38/><W128/><G116/><T83/><D36/><U62/><E121/><V33/><F33/><W45/><G35/><T133/><D133/><U97/><E34/><V103/><F103/><W50/><G128/><T28/><D28/><U54/><E54/><V126/><F126/><W130/><G130/><T69/><D83/><U60/><E58/><V78/><F78/><W27/><G45/><T134/><D59/><U71/><E76/><V64/><F64/><RYUUKYOKU ba="0,1" sc="238,-10,236,-10,216,30,300,-10" hai2="8,13,18,29,32,40,41,42,49,55,56,92,95" /><INIT seed="2,1,1,4,5,64" ten="228,226,246,290" oya="2" hai0="73,94,66,32,43,78,55,57,1,44,5,38,91" hai1="121,61,30,107,101,132,39,89,118,87,134,24,34" hai2="122,56,40,108,70,126,68,128,20,115,3,106,53" hai3="36,127,21,2,0,109,114,42,111,60,69,13,119"/><V49/><F106/><W77/><G119/><T58/><D32/><U103/><E118/><V35/><F35/><W81/><G127/><T102/><D102/><U131/><E39/><V99/><F3/><W100/><G114/><T124/><D66/><U29/><E131/><V92/><F122/><W12/><G100/><T123/><D123/><U125/><E121/><V25/><F115/><W113/><G113/><T133/><D133/><N who="1" m="51307" /><E107/><V80/><F128/><W97/><G97/><T71/><D71/><U120/><E125/><V59/><F126/><W22/><G60/><T76/><D124/><U45/><E30/><V90/><F108/><N who="3" m="41547" /><G69/><T52/><D73/><U93/><E120/><V83/><F40/><W79/><G42/><T75/><D75/><U50/><E61/><V84/><F59/><W82/><G36/><T95/><D58/><U8/><E8/><V74/><F83/><N who="3" m="31755" /><G13/><T85/><D1/><N who="3" m="617" /><G12/><T62/><D5/><U48/><E48/><V10/><F10/><W67/><G67/><T26/><D26/><U19/><E101/><V27/><F27/><W129/><G129/><T41/><D41/><N who="1" m="24879" /><E103/><V112/><F74/><W135/><G135/><T105/><D105/><U46/><E46/><V104/><F104/><W17/><G17/><AGARI ba="1,1" hai="17,19,24,29,34,87,89,93" m="24879,51307" machi="17" ten="30,1000,0" yaku="20,1" doraHai="64" who="1" fromWho="3" sc="228,0,226,23,246,0,290,-13" /><INIT seed="3,0,0,2,5,103" ten="228,249,246,277" oya="3" hai0="69,56,7,90,78,65,11,28,68,9,38,121,30" hai1="53,135,130,123,6,0,31,84,124,110,43,13,101" hai2="23,117,82,44,32,51,39,49,17,19,62,60,35" hai3="3,95,87,29,107,120,55,64,75,20,73,5,26"/><W85/><G120/><T70/><D38/><U102/><E123/><V34/><F117/><W1/><G64/><T99/><D121/><U12/><E110/><V106/><F39/><W45/><G107/><T89/><D78/><U8/><E130/><V52/><F106/><W42/><G55/><T50/><D11/><U126/><E135/><V88/><F49/><W59/><G59/><T133/><D133/><U128/><E128/><V21/><F23/><W112/><G112/><T91/><D99/><U93/><E43/><V74/><F19/><W80/><G95/><T41/><D41/><U79/><E31/><V22/><F22/><W109/><G109/><T27/><D27/><U58/><E79/><V83/><F83/><W63/><G63/><T104/><D104/><U57/><E57/><V77/><REACH who="2" step="1"/><F88/><REACH who="2" ten="228,249,236,277" step="2"/><W14/><G80/><T100/><D100/><U71/><E102/><V36/><F36/><W127/><G20/><T96/><D50/><N who="1" m="31031" /><E101/><V94/><F94/><W4/><G5/><T119/><D119/><U25/><E25/><AGARI ba="0,1" hai="17,21,25,32,34,35,44,51,52,60,62,74,77,82" machi="25" ten="40,2600,0" yaku="1,1,54,1,53,0" doraHai="103" doraHaiUra="111" who="2" fromWho="1" sc="228,0,249,-26,236,36,277,0" /><INIT seed="4,0,0,5,4,0" ten="228,223,272,277" oya="0" hai0="88,123,134,92,87,61,58,52,5,120,131,96,48" hai1="12,118,20,101,26,122,95,102,66,109,75,18,4" hai2="11,46,7,25,68,76,86,81,77,15,65,9,128" hai3="124,84,47,121,67,94,30,99,127,13,6,44,40"/><T49/><D131/><U27/><E118/><V112/><F128/><W74/><G74/><T133/><D5/><U100/><E109/><V119/><F119/><W107/><G121/><T89/><D123/><U28/><E75/><V98/><F112/><W8/><G107/><T39/><D39/><U115/><E122/><V3/><F98/><W111/><G111/><T103/><D120/><U129/><E129/><V35/><F46/><W71/><G30/><T53/><D89/><U91/><E115/><V135/><F135/><N who="0" m="51722" /><D53/><U56/><E4/><V2/><F77/><W130/><G130/><T43/><D43/><U73/><E73/><V125/><F11/><W50/><G84/><T21/><D21/><U38/><E38/><V19/><F35/><W36/><G67/><T104/><AGARI ba="0,0" hai="48,49,52,58,61,87,88,92,96,103,104" m="51722" machi="104" ten="30,6000,0" yaku="20,1,54,2" doraHai="0" who="0" fromWho="0" sc="228,60,223,-20,272,-20,277,-20" /><INIT seed="4,1,0,2,4,67" ten="288,203,252,257" oya="0" hai0="16,55,77,86,123,38,87,36,10,101,99,0,6" hai1="82,29,115,39,11,5,124,132,109,28,57,127,37" hai2="133,42,85,62,95,33,78,106,110,119,125,35,128" hai3="3,97,26,73,58,81,92,121,50,1,52,63,56"/><T70/><D70/><U47/><E109/><V76/><F62/><W129/><G129/><T131/><D131/><U74/><E57/><V14/><F14/><W65/><G121/><T71/><D71/><U48/><E132/><V32/><F42/><W90/><G73/><T51/><D123/><U24/><E115/><V53/><F53/><W4/><G4/><T61/><D61/><U20/><E29/><V41/><F41/><W80/><REACH who="3" step="1"/><G26/><REACH who="3" ten="288,203,252,247" step="2"/><T105/><D38/><U83/><E39/><V120/><F128/><W45/><G45/><T49/><D36/><U100/><E74/><V34/><F120/><W59/><G59/><T40/><D40/><U68/><E37/><V122/><F122/><W102/><G102/><T69/><D69/><U114/><E100/><V27/><F27/><W116/><G116/><T43/><D43/><N who="1" m="24703" /><E68/><V130/><F130/><W84/><G84/><T15/><D87/><U96/><E114/><V66/><F85/><W108/><G108/><T117/><D117/><U79/><E124/><V46/><F125/><W17/><G17/><T60/><D86/><N who="1" m="48479" /><E127/><V64/><F110/><W21/><G21/><T44/><D101/><U126/><E126/><V22/><F22/><W54/><G54/><T104/><D55/><U12/><E83/><AGARI ba="1,1" hai="1,3,50,52,56,58,63,65,80,81,83,90,92,97" machi="83" ten="40,2600,0" yaku="1,1,54,1,53,0" doraHai="67" doraHaiUra="18" who="3" fromWho="1" sc="288,0,203,-29,252,0,247,39" /><INIT seed="5,0,0,1,0,7" ten="288,174,252,286" oya="1" hai0="29,52,56,30,132,123,20,53,34,82,39,131,103" hai1="121,32,122,101,100,67,37,94,134,109,13,135,93" hai2="54,9,57,71,88,43,66,18,125,21,24,78,64" hai3="45,46,106,22,97,85,47,90,105,51,129,75,133"/><U110/><E67/><V69/><F78/><W36/><G129/><T70/><D34/><U0/><E13/><N who="2" m="7471" /><F71/><W23/><G75/><T86/><D131/><U81/><E32/><V113/><F69/><W41/><G133/><N who="1" m="50698" /><E37/><V98/><F43/><W15/><G47/><T89/><D70/><U74/><E0/><V91/><F125/><W61/><G61/><T120/><D39/><U26/><E26/><V72/><F72/><W4/><G97/><T38/><D38/><U111/><E81/><V115/><F66/><W27/><G23/><T14/><D103/><N who="1" m="39499" /><E74/><V59/><F64/><W25/><G27/><T102/><D102/><U48/><E48/><V5/><F91/><W127/><G127/><T95/><D132/><U119/><E119/><V50/><F5/><W124/><G124/><T130/><D130/><U42/><E42/><V114/><F50/><W96/><G51/><N who="0" m="30751" /><D82/><U58/><E58/><V60/><F59/><W33/><G33/><T65/><D65/><U83/><E83/><V3/><F3/><W11/><G46/><T12/><D53/><U108/><E108/><V17/><F115/><W116/><G116/><T10/><D14/><U77/><E77/><V84/><F114/><W79/><G79/><T40/><D40/><U49/><E49/><V126/><F126/><W76/><G76/><T8/><D12/><U118/><E118/><V6/><F113/><W73/><G73/><T2/><D2/><U128/><E128/><V1/><F1/><W92/><REACH who="3" step="1"/><G96/><REACH who="3" ten="288,174,252,276" step="2"/><T28/><D20/><U55/><E55/><V19/><F98/><W104/><G104/><RYUUKYOKU ba="0,1" sc="288,10,174,10,252,-30,276,10" hai0="8,10,28,29,30,86,89,95,120,123" hai1="93,94,109,110,111,121,122" hai3="4,11,15,22,25,36,41,45,85,90,92,105,106" /><INIT seed="5,1,1,3,4,65" ten="298,184,222,286" oya="1" hai0="113,61,91,19,121,81,105,103,52,18,107,31,49" hai1="69,5,25,76,56,77,124,135,59,133,125,50,119" hai2="27,112,116,88,15,24,131,35,90,68,14,37,96" hai3="13,54,58,66,28,20,43,84,129,46,98,127,102"/><U92/><E119/><V104/><F116/><W7/><G129/><T60/><D121/><U44/><E5/><V132/><F37/><W110/><G110/><T53/><D113/><U51/><E25/><V78/><F131/><W9/><G127/><N who="1" m="48714" /><E92/><V8/><F112/><W1/><G66/><T95/><D31/><U39/><E69/><V67/><F78/><N who="1" m="30313" /><E39/><V62/><F132/><N who="1" m="50761" /><E44/><V134/><F134/><W114/><G114/><T70/><D70/><U33/><E33/><V71/><F27/><W57/><G46/><N who="0" m="27703" /><D107/><U4/><E4/><N who="2" m="3335" /><F15/><W11/><G13/><T106/><D106/><U30/><E30/><N who="2" m="19911" /><F71/><W79/><G7/><T63/><D105/><U45/><E45/><V100/><AGARI ba="1,1" hai="62,67,68,88,90,96,100,104" m="19911,3335" machi="100" ten="30,4000,0" yaku="25,1,52,1,54,1" doraHai="65" who="2" fromWho="2" sc="298,-11,184,-21,222,53,286,-11" /><INIT seed="6,0,0,4,5,3" ten="287,163,275,275" oya="2" hai0="131,108,95,68,37,0,35,106,98,55,6,31,90" hai1="79,99,27,75,64,92,29,14,93,11,12,85,91" hai2="122,40,117,88,130,104,111,62,16,114,21,20,126" hai3="63,1,47,39,132,19,115,101,69,103,109,128,82"/><V102/><F122/><W67/><G109/><T83/><D108/><U23/><E75/><V22/><F111/><W38/><G128/><T44/><D68/><U125/><E125/><V77/><F130/><W57/><G132/><T61/><D131/><U10/><E79/><V45/><F126/><W121/><G121/><T46/><D106/><U127/><E127/><V89/><F117/><W59/><G1/><T80/><D35/><U33/><E33/><V28/><F114/><W52/><G115/><T71/><D31/><U118/><E118/><V100/><F77/><W72/><G72/><T65/><D46/><U60/><E12/><V48/><F62/><W76/><G59/><T25/><D25/><U134/><E134/><V58/><F58/><W112/><G112/><T119/><D119/><U113/><E113/><V110/><F110/><W9/><G9/><N who="0" m="2247" /><D55/><U53/><E53/><V73/><F73/><W7/><G19/><T105/><D105/><U86/><E11/><V43/><F28/><W41/><G7/><T42/><D80/><U36/><E36/><V74/><F104/><W87/><REACH who="3" step="1"/><G39/><REACH who="3" ten="287,163,275,265" step="2"/><T123/><D123/><U18/><REACH who="1" step="1"/><E92/><REACH who="1" ten="287,153,275,265" step="2"/><V8/><F74/><W78/><G78/><T70/><D95/><U51/><E51/><AGARI ba="0,2" hai="38,41,47,51,52,57,63,67,69,76,82,87,101,103" machi="51" ten="30,8000,1" yaku="1,1,7,1,24,2,54,1,53,0" doraHai="3" doraHaiUra="24" who="3" fromWho="1" sc="287,0,153,-80,275,0,265,100" /><INIT seed="7,0,0,3,0,7" ten="287,73,275,365" oya="3" hai0="124,100,105,22,94,96,85,82,104,35,74,84,63" hai1="17,67,88,62,51,97,61,10,92,86,133,16,91" hai2="106,15,49,125,3,4,122,14,33,36,68,134,56" hai3="115,31,123,77,71,120,54,89,32,102,6,48,28"/><W121/><G71/><T66/><D35/><U135/><E135/><V72/><RYUUKYOKU type="yao9" ba="0,0" sc="287,0,73,0,275,0,365,0" hai2="3,4,14,15,33,36,49,56,68,72,106,122,125,134" /><INIT seed="7,1,0,5,5,51" ten="287,73,275,365" oya="3" hai0="2,119,38,12,6,16,7,77,114,39,49,125,70" hai1="115,35,71,14,19,50,43,91,103,117,132,128,54" hai2="129,59,110,61,69,63,23,112,52,131,9,62,33" hai3="83,102,1,86,56,27,121,93,135,37,4,105,67"/><W30/><G37/><T99/><D119/><U89/><E71/><V34/><F110/><W134/><G105/><T85/><D70/><U8/><E35/><N who="2" m="13323" /><F23/><W25/><G121/><T120/><D120/><U82/><E117/><V57/><F69/><W72/><G72/><T36/><D125/><U24/><E115/><V104/><F104/><W101/><G4/><T29/><D29/><U133/><E128/><N who="2" m="49227" /><F112/><W28/><G1/><T88/><D114/><U58/><E132/><V21/><F21/><W15/><G15/><T97/><D2/><U78/><E133/><V41/><F41/><W10/><G10/><N who="0" m="6167" /><D39/><U84/><E103/><V18/><F59/><W92/><G30/><T73/><D38/><U64/><E64/><V109/><F109/><W122/><G28/><T87/><D36/><U45/><E24/><V32/><F32/><W22/><G122/><T108/><D108/><U65/><E65/><V20/><F9/><W5/><G135/><T95/><D73/><U48/><REACH who="1" step="1"/><E19/><REACH who="1" ten="287,63,275,365" step="2"/><V46/><F46/><W100/><G134/><T17/><D17/><U0/><E0/><V126/><F126/><W13/><G67/><T68/><D68/><U75/><E75/><V44/><F44/><W111/><G111/><T123/><D123/><U60/><E60/><V11/><F11/><W113/><G113/><T118/><D118/><U127/><E127/><V74/><F74/><W80/><G102/><T42/><D7/><U107/><E107/><V66/><F66/><W98/><G5/><T3/><D6/><U116/><E116/><V76/><F76/><N who="3" m="46343" /><G27/><AGARI ba="1,1" hai="18,20,27,52,57,61,62,63" m="49227,13323" machi="27" ten="30,3900,0" yaku="19,1,52,1,54,1" doraHai="51" who="2" fromWho="3" sc="287,0,63,0,275,52,365,-42" owari="287,-11.0,63,-44.0,327,43.0,323,12.0" /></mjloggm>