<mjloggm ver="2.3"><GO type="41" lobby="0"/><UN n0="%E5%B0%B1%E6%B4%BB%E7%94%9F%40%E5%B7%9D%E6%9D%91%E8%BB%8D%E5%9B%A3" n1="%44%72%61%6D%61%74%69%63" n2="%E3%82%A8%E3%83%93%E3%82%B9%E3%83%B3" n3="%60%E3%83%BB%CF%89%E3%83%BB%29%79%2D%7E" dan="18,14,13,15" rate="2238.60,1948.01,1923.10,2014.51" sx="M,M,M,M"/><TAIKYOKU oya="0"/><INIT seed="0,0,0,2,3,46" ten="250,250,250,250" oya="0" hai0="82,108,32,126,66,49,41,62,89,27,74,11,118" hai1="115,64,57,18,34,22,40,78,84,9,14,127,2" hai2="94,99,100,53,19,56,43,135,75,129,77,72,121" hai3="93,101,4,134,30,80,5,70,52,54,3,48,26"/><T0/><D118/><U65/><E34/><V17/><F121/><W114/><G114/><T15/><D0/><U68/><E68/><V13/><F129/><W73/><G70/><T109/><D126/><U120/><E120/><V85/><F135/><W116/><G116/><T104/><D104/><U91/><E115/><V69/><F69/><W119/><G119/><T132/><D132/><U44/><E127/><V31/><F31/><W76/><G134/><T113/><D113/><U111/><E111/><N who="0" m="42569" /><D27/><U28/><E78/><V16/><F43/><W130/><G130/><T61/><D32/><U21/><E2/><V131/><F131/><W122/><G122/><T37/><D37/><U112/><E112/><V83/><REACH who="2" step="1"/><F13/><REACH who="2" ten="250,250,240,250" step="2"/><W102/><G3/><T8/><D15/><U20/><E28/><V55/><F55/><W33/><G54/><T124/><D124/><U107/><E107/><V45/><F45/><W6/><REACH who="3" step="1"/><G93/><REACH who="3" ten="250,250,240,240" step="2"/><T128/><D128/><U92/><REACH who="1" step="1"/><E57/><AGARI ba="0,2" hai="4,5,6,26,30,33,48,52,57,73,76,80,101,102" machi="57" ten="40,8000,1" yaku="1,1,2,1,52,1,54,1,53,0" doraHai="46" doraHaiUra="67" who="3" fromWho="1" sc="250,0,250,-80,240,0,240,100" /><INIT seed="1,0,0,3,0,67" ten="250,170,240,340" oya="1" hai0="108,77,97,60,71,89,31,1,6,96,12,119,125" hai1="65,7,24,112,88,23,63,0,84,72,36,103,28" hai2="66,121,47,109,58,117,21,93,3,81,120,40,68" hai3="39,13,42,122,87,64,17,91,92,52,104,20,114"/><U110/><E36/><V48/><F117/><W111/><G114/><T62/><D1/><U51/><E72/><V32/><F3/><W35/><G122/><T5/><D77/><U128/><E112/><V25/><F32/><W18/><G111/><T38/><D38/><U134/><E110/><V50/><F109/><W26/><G104/><T127/><D108/><U79/><E134/><V95/><F81/><W69/><G35/><T86/><D31/><U56/><E128/><V78/><F78/><W116/><G116/><T30/><D30/><U61/><E103/><V45/><F58/><W123/><G123/><T15/><D86/><U102/><E102/><V70/><F66/><W46/><G52/><T10/><D119/><U113/><E113/><V76/><F76/><W107/><G107/><T126/><D89/><U83/><E0/><V75/><F21/><W27/><REACH who="3" step="1"/><G18/><REACH who="3" ten="250,170,240,330" step="2"/><T130/><D125/><U73/><E7/><V124/><F124/><W132/><G132/><T34/><D34/><U131/><E131/><V33/><F33/><W94/><G94/><T54/><D54/><U85/><E73/><V53/><F75/><W98/><G98/><T105/><D105/><U135/><E135/><V41/><REACH who="2" step="1"/><F53/><REACH who="2" ten="250,170,230,330" step="2"/><W37/><G37/><T100/><D130/><U80/><E63/><AGARI ba="0,2" hai="13,17,20,26,27,39,42,46,63,64,69,87,91,92" machi="63" ten="40,2600,0" yaku="1,1,52,1,53,0" doraHai="67" doraHaiUra="101" who="3" fromWho="1" sc="250,0,170,-26,230,0,330,46" /><INIT seed="2,0,0,4,0,66" ten="250,144,230,376" oya="2" hai0="57,55,73,129,10,65,41,126,7,93,4,72,97" hai1="18,123,42,29,124,79,105,6,118,133,52,62,89" hai2="0,25,114,49,100,33,81,117,5,116,20,130,131" hai3="112,19,109,30,58,54,17,47,82,91,134,99,85"/><V12/><F100/><W13/><G109/><T59/><D129/><N who="2" m="49162" /><F81/><W110/><G110/><T2/><D126/><U40/><E105/><V61/><F61/><W84/><G134/><T14/><D41/><U74/><E123/><V38/><F49/><W43/><G112/><T48/><D2/><U31/><E118/><V70/><F38/><W15/><G30/><T60/><REACH who="0" step="1"/><D4/><REACH who="0" ten="240,144,230,376" step="2"/><U102/><E133/><V87/><F114/><W36/><G43/><T71/><D71/><U27/><E6/><V127/><F127/><W64/><G36/><T113/><D113/><U80/><E124/><V76/><F70/><W39/><G39/><T22/><D22/><U45/><E102/><AGARI ba="0,1" hai="7,10,14,48,55,57,59,60,65,72,73,93,97,102" machi="102" ten="30,2000,0" yaku="1,1,7,1,53,0" doraHai="66" doraHaiUra="103" who="0" fromWho="1" sc="240,30,144,-20,230,0,376,0" /><INIT seed="3,0,0,2,3,122" ten="270,124,230,376" oya="3" hai0="121,54,125,57,74,43,106,3,14,45,77,52,28" hai1="117,128,81,130,103,46,22,105,39,85,71,84,111" hai2="60,55,20,116,129,61,0,56,69,100,68,24,53" hai3="65,31,38,79,75,42,88,120,58,123,86,16,49"/><W32/><G38/><T47/><D3/><U8/><E71/><V40/><F0/><W90/><G75/><T110/><D106/><U18/><E117/><V82/><F82/><W70/><G70/><T12/><D28/><U89/><E8/><V97/><F116/><W25/><G79/><T5/><D5/><U1/><E1/><V115/><F115/><W48/><G42/><T96/><D96/><U127/><E127/><V50/><F129/><N who="1" m="49769" /><E85/><V134/><F134/><W36/><G36/><T15/><D74/><U6/><E6/><V87/><F87/><W2/><G2/><T29/><D29/><U108/><E103/><V78/><F78/><W27/><G90/><T41/><D77/><U76/><E105/><V13/><F13/><W62/><G120/><T67/><D15/><N who="1" m="9567" /><E76/><V23/><F23/><W33/><G123/><T135/><D135/><U109/><E46/><V102/><F102/><W119/><G119/><T4/><D4/><U11/><E11/><V126/><F126/><W95/><G33/><T73/><D73/><U51/><E51/><V72/><F72/><W92/><G32/><T59/><D125/><U93/><E39/><V94/><F40/><W66/><G31/><T21/><D21/><U30/><E30/><N who="2" m="17671" /><F50/><W17/><G62/><T112/><D121/><U63/><E63/><V7/><F7/><W98/><G86/><T37/><D37/><U80/><AGARI ba="0,0" hai="80,81,84,89,93,108,109,111" m="9567,49769" machi="80" ten="40,8000,1" yaku="14,1,19,1,52,3" doraHai="122" who="1" fromWho="1" sc="270,-20,124,80,230,-20,376,-40" /><INIT seed="4,0,0,2,0,67" ten="250,204,210,336" oya="0" hai0="107,135,70,55,65,99,117,56,114,54,13,52,53" hai1="81,7,77,126,118,128,82,92,69,2,46,12,39" hai2="80,42,79,8,0,100,48,129,66,36,90,119,87" hai3="19,113,73,18,43,49,28,16,102,59,124,91,40"/><T3/><D3/><U134/><E69/><V51/><F129/><W23/><G73/><T60/><D117/><U72/><E118/><V6/><F119/><W85/><G113/><T44/><D114/><U33/><E33/><V111/><F111/><W132/><G132/><T121/><D121/><U116/><E116/><V105/><F66/><W112/><G112/><T115/><D115/><U61/><E134/><V37/><F100/><W26/><G102/><T103/><D135/><U76/><E128/><V89/><F105/><W22/><G124/><T41/><D13/><U62/><E126/><V9/><F9/><W15/><G59/><T84/><D84/><U130/><E130/><V71/><F71/><W4/><G4/><T120/><D120/><U109/><E109/><V63/><F63/><W131/><G131/><T10/><D10/><N who="1" m="2423" /><E12/><V29/><F29/><W78/><G78/><T75/><D75/><N who="1" m="43167" /><E92/><V94/><F90/><W83/><G49/><T133/><D133/><U1/><E1/><V88/><F89/><W24/><REACH who="3" step="1"/><G28/><REACH who="3" ten="250,204,210,326" step="2"/><T34/><D56/><U101/><E101/><V86/><REACH who="2" step="1"/><F51/><REACH who="2" ten="250,204,200,326" step="2"/><W106/><G106/><T50/><D50/><U45/><E45/><AGARI ba="0,2" hai="0,6,8,36,37,42,45,48,79,80,86,87,88,94" machi="45" ten="40,5200,0" yaku="1,1,2,1,54,1,53,0" doraHai="67" doraHaiUra="125" who="2" fromWho="1" sc="250,0,204,-52,200,72,326,0" /><INIT seed="5,0,0,0,2,71" ten="250,152,272,326" oya="1" hai0="21,70,34,81,0,99,83,9,112,110,28,56,7" hai1="115,113,116,128,50,40,97,65,87,96,98,19,91" hai2="31,94,27,57,76,68,134,44,92,12,26,20,121" hai3="74,47,61,132,100,10,53,41,33,64,108,51,62"/><U135/><E65/><V67/><F121/><W23/><G108/><T18/><D70/><U54/><E116/><V6/><F68/><W16/><G33/><T107/><D110/><U117/><E117/><V48/><F134/><W131/><G74/><T102/><D112/><N who="1" m="43083" /><E135/><V52/><F76/><W11/><G132/><T109/><D109/><U60/><E128/><V73/><F73/><W106/><G131/><T58/><D58/><N who="1" m="34903" /><E19/><V90/><F90/><W49/><G106/><T123/><D123/><U43/><E50/><V75/><F75/><W46/><G100/><T38/><D38/><U93/><AGARI ba="0,0" hai="40,43,87,91,93,96,97,98" m="34903,43083" machi="93" ten="30,1500,0" yaku="15,1" doraHai="71" who="1" fromWho="1" sc="250,-5,152,15,272,-5,326,-5" /><INIT seed="5,1,0,4,5,105" ten="245,167,267,321" oya="1" hai0="64,83,0,54,116,84,55,127,107,30,44,38,43" hai1="59,121,52,21,110,73,99,25,94,72,81,122,79" hai2="90,89,117,53,31,78,132,119,106,118,82,42,50" hai3="27,98,35,80,28,68,111,29,93,26,125,129,120"/><U71/><E71/><V102/><F132/><W104/><G111/><T85/><D0/><U13/><E13/><V100/><F42/><W61/><G120/><T134/><D107/><U135/><E135/><V19/><F31/><W109/><G109/><T76/><D134/><U87/><E110/><V86/><F19/><W10/><G125/><T16/><D127/><U39/><E39/><V67/><F67/><W115/><G115/><T14/><D116/><U12/><E12/><V36/><F36/><W37/><G37/><T69/><D30/><U92/><E122/><V33/><F33/><W32/><G129/><T101/><D101/><U47/><E47/><V41/><F41/><W6/><G104/><T51/><D84/><U124/><E124/><V1/><F1/><W114/><G80/><T133/><D133/><U48/><E121/><V70/><F70/><W34/><G114/><T88/><D76/><U75/><REACH who="1" step="1"/><E99/><REACH who="1" ten="245,157,267,321" step="2"/><V18/><F119/><W130/><G68/><T9/><D38/><U66/><E66/><V23/><F118/><W112/><G112/><T96/><D96/><U15/><E15/><V62/><F117/><W11/><G35/><T22/><D9/><U20/><E20/><V126/><F126/><W2/><G11/><T77/><D69/><U46/><E46/><V128/><F23/><W97/><G97/><T95/><D64/><U65/><E65/><V3/><F3/><W103/><G130/><T49/><D44/><U60/><E60/><AGARI ba="1,1" hai="2,6,10,26,27,28,29,32,34,60,61,93,98,103" machi="60" ten="40,1300,0" yaku="9,1" doraHai="105" who="3" fromWho="1" sc="245,0,157,-16,267,0,321,26" /><INIT seed="6,0,0,3,3,100" ten="245,141,267,347" oya="2" hai0="6,124,43,57,79,24,73,118,122,54,116,97,84" hai1="68,72,41,129,71,81,70,52,134,78,14,90,12" hai2="35,76,44,94,0,53,131,36,32,113,119,5,130" hai3="39,88,66,13,45,63,89,26,110,87,22,4,34"/><V47/><F119/><N who="0" m="45610" /><D122/><U121/><E121/><V17/><F76/><W132/><G132/><T7/><D73/><U114/><E114/><V80/><F80/><W128/><G128/><N who="2" m="49193" /><F113/><W67/><G13/><T8/><D43/><U75/><E134/><V127/><F127/><W115/><G89/><T64/><D64/><U40/><E129/><V18/><F94/><W109/><G22/><T9/><D24/><U101/><E101/><V104/><F104/><W85/><G87/><T1/><D97/><U11/><E75/><V99/><F99/><W125/><G63/><N who="0" m="36279" /><D124/><U23/><E90/><V83/><F83/><W135/><G26/><T48/><D48/><U19/><REACH who="1" step="1"/><E52/><REACH who="1" ten="245,131,267,347" step="2"/><V3/><F53/><W91/><G91/><T126/><D126/><U10/><E10/><N who="2" m="2343" /><F3/><W111/><G115/><T95/><D79/><U29/><E29/><V69/><F69/><W61/><G135/><T103/><D103/><U31/><E31/><V49/><F36/><W55/><G39/><T58/><D8/><U133/><E133/><V28/><F28/><W16/><G125/><T108/><D9/><U62/><E62/><V56/><F49/><W102/><G61/><T37/><D37/><U51/><E51/><V20/><F56/><W60/><G60/><T107/><D58/><U21/><E21/><V74/><F74/><W30/><G30/><T120/><D1/><U46/><E46/><N who="2" m="17451" /><F20/><W25/><G111/><T86/><D120/><U123/><E123/><V96/><F96/><W50/><G110/><T38/><D38/><U2/><E2/><V105/><F105/><W92/><G109/><RYUUKYOKU ba="0,1" sc="245,-15,131,15,267,15,347,-15" hai1="11,12,14,19,23,40,41,68,70,71,72,78,81" hai2="17,18,32,35" /><INIT seed="6,1,1,1,1,39" ten="230,146,282,332" oya="2" hai0="22,37,87,61,59,47,89,38,86,17,23,69,18" hai1="75,60,33,125,78,13,93,127,40,24,135,83,30" hai2="19,91,72,113,111,56,105,29,73,49,95,96,92" hai3="66,88,126,10,50,57,15,51,16,94,99,28,7"/><V114/><F29/><W85/><G126/><N who="1" m="48138" /><E93/><N who="2" m="56383" /><F49/><N who="3" m="18443" /><G28/><T116/><D69/><U109/><E13/><V121/><F56/><W134/><G134/><T65/><D116/><U80/><E80/><V4/><F4/><W55/><G66/><T117/><D117/><U129/><E135/><V27/><F27/><W67/><G67/><T64/><D64/><U58/><E109/><V8/><F8/><W63/><G85/><T70/><D70/><U74/><E129/><V112/><F19/><AGARI ba="1,1" hai="7,10,15,16,19,55,57,63,88,94,99" m="18443" machi="19" ten="30,3900,0" yaku="8,1,54,2" doraHai="39" who="3" fromWho="2" sc="230,0,146,0,282,-42,332,52" /><INIT seed="7,0,0,5,2,103" ten="230,146,240,384" oya="3" hai0="81,42,16,12,30,61,5,133,53,109,79,98,71" hai1="50,83,67,73,60,70,63,110,126,49,86,104,92" hai2="111,94,37,47,48,122,107,34,80,85,39,23,40" hai3="7,113,13,128,74,18,44,77,117,11,0,68,91"/><W64/><G91/><T121/><D109/><U132/><E110/><V135/><F111/><W15/><G18/><T129/><D121/><U125/><E73/><V19/><F34/><W115/><G15/><T41/><D129/><U57/><E92/><V21/><F122/><W69/><G13/><T10/><D133/><U9/><E9/><V134/><F107/><W101/><G44/><T96/><D30/><U84/><E83/><V2/><F2/><W28/><G11/><T127/><D127/><N who="1" m="48651" /><E86/><V114/><F94/><W93/><G64/><T38/><D38/><U4/><E84/><V29/><F29/><W6/><G93/><T66/><D5/><U1/><E1/><V75/><F75/><W106/><G7/><T36/><D36/><U100/><E4/><V120/><F120/><W33/><G6/><T97/><D53/><N who="1" m="33839" /><E100/><V26/><F21/><W123/><G101/><T88/><D88/><U31/><E31/><V14/><F14/><W52/><G28/><T35/><D35/><U112/><E132/><N who="2" m="50731" /><F114/><W76/><G113/><T118/><D118/><U130/><E130/><V55/><F55/><W58/><G52/><T62/><D81/><U46/><E112/><V90/><AGARI ba="0,0" hai="19,23,26,37,39,40,47,48,80,85,90" m="50731" machi="90" ten="30,1100,0" yaku="20,1" doraHai="103" who="2" fromWho="2" sc="230,-3,146,-3,240,11,384,-5" owari="227,-17.0,143,-36.0,251,5.0,379,48.0" /></mjloggm>