<mjloggm ver="2.3"><GO type="169" lobby="0"/><UN n0="%74%61%6B%61%2D%31%31%36" n1="%6B%61%6D%6F%73%68%69%6E" n2="%E9%9D%92%E3%81%84%E7%8D%85%E5%AD%90" n3="%E5%B0%B1%E6%B4%BB%E7%94%9F%40%E5%B7%9D%E6%9D%91%E8%BB%8D%E5%9B%A3" dan="16,16,16,17" rate="2123.38,2046.92,2079.27,2197.65" sx="M,M,M,F"/><TAIKYOKU oya="0"/><INIT seed="0,0,0,1,4,21" ten="250,250,250,250" oya="0" hai0="41,10,100,122,89,107,30,84,101,4,24,55,39" hai1="16,42,36,135,119,126,23,50,66,117,51,88,92" hai2="14,45,77,19,78,82,53,62,31,108,11,29,59" hai3="81,7,80,15,69,99,60,8,95,97,56,58,72"/><T127/><D122/><U76/><E76/><V49/><F108/><W63/><G69/><T6/><D6/><U132/><E66/><V109/><F109/><W93/><G72/><T116/><D116/><N who="1" m="44619" /><E36/><V70/><F70/><W98/><G93/><T123/><D123/><U111/><E111/><V120/><F120/><W73/><G73/><T85/><D127/><U87/><E126/><V75/><REACH who="2" step="1"/><F77/><REACH who="2" ten="250,250,240,250" step="2"/><W35/><G35/><T104/><D104/><U52/><E42/><AGARI ba="0,1" hai="11,14,19,29,31,42,45,49,53,59,62,75,78,82" machi="42" ten="30,3900,0" yaku="1,1,2,1,7,1,53,0" doraHai="21" doraHaiUra="32" who="2" fromWho="1" sc="250,0,250,-39,240,49,250,0" /><INIT seed="1,0,0,4,4,81" ten="250,211,289,250" oya="1" hai0="101,1,97,55,49,59,25,12,42,33,119,17,0" hai1="91,47,60,128,82,124,46,22,57,26,111,104,19" hai2="37,77,127,18,41,116,40,126,78,132,134,5,3" hai3="114,87,117,110,8,67,51,123,39,35,62,20,54"/><U2/><E124/><N who="2" m="47659" /><F18/><W31/><G35/><T65/><D119/><U76/><E128/><V131/><F37/><W13/><G39/><T66/><D1/><U135/><E2/><V30/><F30/><W133/><G110/><T56/><D0/><U113/><E113/><V79/><F3/><W10/><G133/><N who="2" m="51305" /><F5/><W53/><G123/><T115/><D115/><U11/><E135/><V96/><F96/><W120/><G120/><T68/><D33/><U129/><E111/><V44/><F44/><W74/><G74/><T75/><D75/><U109/><E109/><V99/><F99/><W105/><G31/><T100/><D25/><U72/><E46/><V118/><F131/><W70/><G20/><T86/><D97/><U27/><E47/><V14/><F14/><W69/><G13/><T73/><D12/><U98/><E129/><V58/><F58/><W102/><G10/><T121/><D17/><U28/><E11/><V94/><F94/><W7/><G8/><T45/><D59/><U89/><E27/><V32/><F32/><W63/><G7/><T43/><D56/><U84/><E28/><V83/><F83/><W85/><G114/><T6/><D45/><U16/><E19/><V48/><F48/><W9/><G9/><T95/><D49/><U71/><E57/><V52/><F52/><W15/><G15/><T125/><D55/><U93/><E60/><V107/><F107/><W64/><G117/><AGARI ba="0,0" hai="40,41,77,78,79,116,117,118" m="51305,47659" machi="117" ten="40,8000,1" yaku="28,2,18,1,20,1" doraHai="81" who="2" fromWho="3" sc="250,0,211,0,289,80,250,-80" /><INIT seed="2,0,0,4,5,56" ten="250,211,369,170" oya="2" hai0="9,48,90,94,89,65,31,132,107,43,38,51,133" hai1="68,125,69,73,36,112,63,81,57,52,102,103,46" hai2="41,42,77,45,37,75,70,8,76,47,64,122,33" hai3="19,85,134,86,2,128,84,50,129,34,61,13,53"/><V71/><F122/><W3/><G34/><T92/><D107/><U108/><E112/><V35/><F8/><W106/><G106/><T99/><D38/><U23/><E108/><V0/><F0/><W96/><G134/><T22/><D9/><U124/><E23/><V58/><F58/><W93/><G3/><T11/><D11/><U115/><E115/><V15/><F15/><W66/><G2/><T21/><D65/><U20/><E20/><V130/><F130/><W17/><G13/><T113/><D43/><N who="1" m="22887" /><E81/><V29/><F29/><W95/><G53/><T32/><D32/><U1/><E73/><V109/><F109/><W16/><G50/><T117/><D113/><U40/><E1/><V28/><F75/><W105/><G105/><T123/><D123/><U127/><E40/><V5/><F5/><W104/><G104/><T135/><D117/><U72/><E72/><V30/><F37/><W87/><N who="3" m="22016" /><DORA hai="79" /><W80/><G80/><T116/><D116/><U74/><E74/><V83/><F64/><W55/><G55/><T14/><D14/><U10/><E10/><V114/><F114/><W49/><G49/><N who="0" m="19019" /><D31/><U120/><E120/><V25/><REACH who="2" step="1"/><F83/><REACH who="2" ten="250,211,359,170" step="2"/><W101/><REACH who="3" step="1"/><G93/><REACH who="3" ten="250,211,359,160" step="2"/><T88/><D94/><U44/><E44/><V121/><F121/><W78/><G78/><T98/><D92/><U111/><E111/><V62/><F62/><W12/><G12/><T118/><D118/><U24/><E24/><AGARI ba="0,2" hai="24,25,28,30,33,35,41,42,45,47,70,71,76,77" machi="24" ten="25,4800,0" yaku="1,1,22,2,53,0" doraHai="56,79" doraHaiUra="126,119" who="2" fromWho="1" sc="250,0,211,-48,359,68,160,0" /><INIT seed="2,1,0,3,2,102" ten="250,163,427,160" oya="2" hai0="78,130,112,10,42,95,22,107,5,97,27,118,53" hai1="115,2,55,132,38,86,128,94,44,49,47,111,36" hai2="99,135,126,14,66,106,127,119,21,40,8,131,0" hai3="34,129,89,50,91,58,84,17,120,9,113,16,59"/><V92/><F119/><W108/><G34/><T23/><D112/><U121/><E94/><V133/><F40/><W29/><G120/><T32/><D118/><U70/><E86/><V45/><F45/><W83/><G113/><T64/><D42/><U37/><E2/><V20/><F66/><W54/><G108/><T4/><D78/><U74/><E74/><V104/><F0/><W46/><G129/><T61/><D53/><U39/><E115/><V62/><F62/><W41/><G29/><T63/><D63/><U109/><E128/><V3/><F3/><W15/><G41/><T72/><D72/><U6/><E6/><N who="2" m="3351" /><F131/><W7/><G89/><T105/><D5/><U56/><E121/><V114/><F21/><W60/><G60/><T1/><D32/><U134/><E70/><V87/><F20/><W73/><G73/><T116/><D23/><U12/><E12/><V51/><F51/><W76/><REACH who="3" step="1"/><G91/><REACH who="3" ten="250,163,427,150" step="2"/><T90/><D130/><U48/><E38/><V85/><F114/><W82/><G82/><T75/><D75/><U125/><E125/><N who="2" m="47627" /><F85/><W67/><G67/><T124/><D124/><U19/><E37/><V96/><F87/><W68/><G68/><T81/><D81/><U88/><E88/><N who="2" m="55303" /><F99/><W26/><G26/><T43/><D43/><U30/><E55/><V101/><F135/><W52/><G52/><T24/><D24/><U69/><E69/><V18/><F133/><W98/><G98/><T103/><D116/><U35/><E35/><V57/><F57/><AGARI ba="1,1" hai="7,9,15,16,17,46,50,54,57,58,59,76,83,84" machi="57" ten="40,8000,1" yaku="1,1,8,1,54,1,53,1" doraHai="102" doraHaiUra="11" who="3" fromWho="2" sc="250,0,163,0,427,-83,150,93" /><INIT seed="3,0,0,5,1,109" ten="250,163,344,243" oya="3" hai0="46,111,84,61,57,32,2,123,116,27,75,95,52" hai1="125,126,121,105,70,49,106,73,35,88,51,104,34" hai2="101,60,24,17,100,33,78,112,93,80,114,26,41" hai3="83,55,64,54,19,65,94,69,10,117,92,44,72"/><W134/><G117/><T85/><D111/><U132/><E73/><V113/><F41/><W40/><G72/><T98/><D116/><U74/><E74/><V63/><F17/><W38/><G83/><T124/><D123/><U97/><E121/><V21/><F21/><W76/><G76/><T110/><D110/><U79/><E79/><V5/><F5/><W90/><G94/><T119/><D119/><U81/><E132/><V71/><F80/><W122/><G122/><T4/><D75/><U86/><E97/><V53/><F78/><W108/><G108/><T25/><D2/><U129/><E129/><V130/><F93/><W115/><G115/><T14/><D124/><N who="1" m="47723" /><E70/><V0/><F0/><W47/><G47/><T66/><D32/><AGARI ba="0,0" hai="32,34,35,49,51,81,86,88,104,105,106" m="47723" machi="32" ten="40,2600,0" yaku="18,1,54,1" doraHai="109" who="1" fromWho="0" sc="250,-26,163,26,344,0,243,0" /><INIT seed="4,0,0,1,3,22" ten="224,189,344,243" oya="0" hai0="37,21,97,51,114,102,83,67,75,29,132,100,24" hai1="28,11,111,19,3,87,45,98,69,96,118,55,120" hai2="128,17,63,27,95,109,133,25,47,125,20,108,50" hai3="84,123,41,79,80,65,49,105,113,92,34,5,71"/><T15/><D37/><U1/><E69/><V116/><F116/><W90/><G105/><T33/><D114/><U2/><E118/><V56/><F125/><W103/><G113/><T81/><D67/><U10/><E120/><V68/><F68/><W70/><G103/><T124/><D124/><U115/><E28/><V16/><F128/><W89/><G123/><T107/><D102/><U121/><E121/><V62/><F133/><W106/><G106/><T31/><D132/><U86/><E111/><V4/><F4/><W26/><G5/><T32/><D75/><U74/><E74/><V76/><F76/><W59/><G41/><T73/><D73/><U93/><E115/><V48/><F95/><W8/><G8/><N who="1" m="3114" /><E19/><V58/><F20/><W60/><G89/><T72/><D72/><U12/><E12/><V91/><F91/><W122/><G49/><T94/><D51/><N who="1" m="29167" /><E96/><V82/><F82/><W66/><G122/><T6/><D107/><U43/><E43/><V35/><REACH who="2" step="1"/><F47/><REACH who="2" ten="224,189,334,243" step="2"/><W57/><G71/><T42/><D6/><U126/><E126/><V23/><F23/><W127/><G127/><T99/><D32/><AGARI ba="0,1" hai="16,17,25,27,32,35,48,50,56,58,62,63,108,109" machi="32" ten="25,16000,3" yaku="1,1,22,2,52,2,54,1,53,2" doraHai="22" doraHaiUra="53" who="2" fromWho="0" sc="224,-160,189,0,334,170,243,0" /><INIT seed="5,0,0,3,2,69" ten="64,189,504,243" oya="1" hai0="16,39,133,97,128,13,20,108,37,106,100,26,3" hai1="4,70,84,96,49,56,7,38,22,95,2,119,80" hai2="88,109,27,127,130,117,23,92,25,53,103,21,86" hai3="124,75,90,47,50,17,9,99,40,71,122,44,14"/><U120/><E119/><V126/><F109/><W0/><G122/><T61/><D108/><U8/><E120/><V18/><F117/><W33/><G33/><T94/><D3/><U46/><E70/><V114/><F130/><W15/><G75/><T34/><D128/><U74/><E22/><V105/><F114/><W115/><G71/><T135/><D61/><U62/><E7/><V87/><F53/><W112/><G124/><N who="2" m="47657" /><F105/><W132/><G132/><T104/><D104/><U59/><E62/><V48/><F103/><W125/><G125/><T57/><D57/><U1/><E2/><V11/><F48/><W28/><G28/><N who="0" m="19735" /><D94/><U29/><E29/><N who="2" m="17583" /><F11/><W19/><G44/><T35/><D35/><U32/><E32/><V6/><F6/><W10/><G0/><T79/><D79/><N who="1" m="44151" /><E84/><AGARI ba="0,0" hai="18,23,27,84,86,87,88,92" m="17583,47657" machi="84" ten="30,2000,0" yaku="18,1,54,1" doraHai="69" who="2" fromWho="1" sc="64,0,189,-20,504,20,243,0" /><INIT seed="6,0,0,2,4,124" ten="64,169,524,243" oya="2" hai0="55,71,14,7,38,54,3,0,18,60,10,122,72" hai1="114,11,102,97,36,27,135,113,127,59,128,98,39" hai2="134,92,77,130,109,49,45,66,111,125,42,48,101" hai3="56,107,112,69,65,41,21,105,82,58,79,89,30"/><V8/><F125/><W63/><G112/><N who="1" m="43114" /><E127/><V74/><F134/><W100/><G41/><T52/><D122/><U17/><E135/><V78/><F66/><W26/><G89/><T117/><D117/><U91/><E59/><V57/><F101/><W33/><G21/><T13/><D72/><U16/><E27/><V84/><F74/><N who="3" m="43383" /><G107/><T121/><D121/><U94/><E11/><V2/><F2/><W1/><G1/><T67/><REACH who="0" step="1"/><D38/><REACH who="0" ten="54,169,524,243" step="2"/><N who="1" m="14379" /><E128/><V131/><F130/><W34/><G34/><T103/><D103/><U133/><E133/><V44/><F131/><W43/><G43/><T15/><D15/><U119/><E119/><V28/><F42/><W29/><G29/><T19/><D19/><U64/><E64/><V68/><F109/><W35/><G35/><T23/><AGARI ba="0,1" hai="0,3,7,10,13,14,18,23,52,54,55,60,67,71" machi="23" ten="30,12000,2" yaku="1,1,0,1,54,1,53,3" doraHai="124" doraHaiUra="51" who="0" fromWho="0" sc="54,130,169,-30,524,-60,243,-30" /><INIT seed="7,0,0,1,3,126" ten="184,139,464,213" oya="3" hai0="135,0,102,75,98,95,91,18,92,36,31,66,16" hai1="68,96,48,120,108,134,43,81,103,101,65,15,123" hai2="99,7,59,130,44,119,27,89,131,29,19,107,112" hai3="76,84,71,88,79,83,128,9,45,10,62,93,22"/><W78/><G128/><T38/><D75/><U77/><E68/><V8/><F119/><W132/><G132/><T55/><D66/><U4/><E65/><V115/><F19/><W17/><G71/><T97/><D0/><U118/><E108/><V113/><F44/><W56/><G45/><T23/><D135/><U20/><E134/><V64/><F64/><N who="3" m="38983" /><G83/><T69/><D69/><U124/><E124/><V94/><F107/><W70/><G70/><T39/><D31/><U41/><E48/><V105/><F105/><W40/><G40/><T11/><D11/><U122/><E118/><V25/><F59/><W60/><G60/><T58/><REACH who="0" step="1"/><D23/><REACH who="0" ten="174,139,464,213" step="2"/><U74/><E103/><V33/><F27/><AGARI ba="0,1" hai="9,10,17,22,27,76,78,79,84,88,93" m="38983" machi="27" ten="30,2900,0" yaku="8,1,54,1" doraHai="126" who="3" fromWho="2" sc="174,0,139,0,464,-29,213,39" /><INIT seed="7,1,0,4,5,36" ten="174,139,435,252" oya="3" hai0="73,89,42,108,118,84,62,122,50,59,40,51,105" hai1="15,31,104,94,55,22,60,69,97,66,100,33,13" hai2="93,6,120,107,56,64,79,19,83,71,115,1,78" hai3="128,131,123,81,129,7,106,112,90,102,45,98,4"/><W48/><G123/><T14/><D108/><U87/><E22/><V135/><F71/><W58/><G112/><T110/><D110/><U119/><E119/><V3/><F19/><W18/><G58/><T88/><D118/><U68/><E69/><V29/><F6/><W11/><G18/><T32/><D32/><U16/><E16/><V49/><F29/><W116/><G116/><T28/><D73/><U127/><E127/><V34/><F34/><W75/><G11/><T57/><D105/><U85/><E55/><V103/><F56/><N who="0" m="21578" /><D28/><U76/><E94/><V43/><F107/><W111/><G111/><T96/><D62/><U130/><E130/><V63/><F63/><W35/><G35/><T10/><D96/><U61/><E61/><V52/><F64/><W2/><G2/><T113/><D113/><U80/><REACH who="1" step="1"/><E85/><REACH who="1" ten="174,129,435,252" step="2"/><V0/><F78/><N who="3" m="44255" /><G90/><N who="0" m="34923" /><D84/><U37/><E37/><V21/><F120/><W20/><G20/><T121/><D121/><U38/><E38/><V86/><F21/><W92/><G92/><T132/><D122/><U26/><AGARI ba="1,1" hai="13,15,26,31,33,60,66,68,76,80,87,97,100,104" machi="26" ten="30,7900,0" yaku="1,1,0,1,25,2,53,0" doraHai="36" doraHaiUra="47" who="1" fromWho="1" sc="174,-21,129,92,435,-21,252,-40" owari="153,-35.0,221,2.0,414,52.0,212,-19.0" /></mjloggm>