<mjloggm ver="2.3"><GO type="169" lobby="0"/><UN n0="%53%49%4C%41%53" n1="%E3%82%A6%E3%83%AB%E3%83%88%E3%83%A9%E7%AB%8B%E7%9B%B4" n2="%E3%82%A8%E3%83%83%E3%83%95%E3%82%A7%E3%83%AB%E5%A1%94" n3="%3D%E5%9C%92%E5%9F%8E%E5%AF%BA%E6%80%9C%3D" dan="17,17,16,16" rate="2184.74,2154.23,2076.41,2080.15" sx="F,M,M,F"/><TAIKYOKU oya="0"/><INIT seed="0,0,0,0,1,43" ten="250,250,250,250" oya="0" hai0="84,74,115,55,120,10,78,109,14,64,65,31,69" hai1="83,13,117,92,63,130,41,121,129,67,133,17,97" hai2="44,27,106,119,21,30,54,72,62,70,81,12,28" hai3="71,98,127,35,126,61,29,118,124,95,94,58,80"/><T131/><D120/><U134/><E83/><V90/><F106/><W7/><G71/><T125/><D74/><U111/><E117/><V46/><F119/><W4/><G118/><T0/><D0/><U56/><E121/><V48/><F30/><W87/><G29/><T102/><D115/><U91/><E41/><V122/><F122/><W85/><G35/><T79/><D131/><N who="1" m="50187" /><E111/><V38/><F70/><W8/><G80/><T32/><D109/><U50/><E50/><V82/><F62/><W25/><G25/><T101/><D125/><U47/><E47/><N who="2" m="27935" /><F72/><W26/><G26/><T93/><D69/><U77/><E77/><N who="0" m="29193" /><D32/><U1/><E1/><V110/><F38/><W99/><G94/><T51/><D31/><U132/><E132/><V86/><F110/><W128/><G128/><T73/><D73/><U5/><E5/><V34/><F34/><W36/><G36/><T59/><D101/><U60/><E60/><V100/><F100/><W11/><G4/><N who="0" m="3399" /><D102/><U18/><E18/><V68/><F68/><W39/><G39/><T20/><D20/><AGARI ba="0,0" hai="13,17,20,56,63,67,91,92,97,133,134" m="50187" machi="20" ten="30,1000,0" yaku="19,1" doraHai="43" who="1" fromWho="0" sc="250,-10,250,10,250,0,250,0" /><INIT seed="1,0,0,3,3,37" ten="240,260,250,250" oya="1" hai0="96,13,66,61,25,38,51,57,87,9,63,126,114" hai1="122,115,108,131,75,59,119,29,44,4,67,20,109" hai2="82,124,134,48,34,46,72,11,135,95,26,65,111" hai3="125,94,24,107,99,102,113,18,28,2,41,0,121"/><U73/><E122/><V106/><F106/><W55/><G113/><T88/><D114/><U1/><E115/><V56/><F95/><W116/><G121/><T85/><D126/><U98/><E119/><V123/><F123/><W10/><G125/><T70/><D38/><U22/><E4/><V93/><F93/><W33/><G116/><T133/><D133/><U77/><E1/><V68/><F11/><W45/><G55/><T7/><D25/><U8/><E8/><V97/><F97/><W36/><REACH who="3" step="1"/><G107/><REACH who="3" ten="240,260,250,240" step="2"/><T43/><D96/><U12/><E98/><V110/><F124/><W31/><G31/><T112/><D112/><U39/><E29/><V127/><F127/><W35/><G35/><T17/><D7/><U60/><E109/><V129/><F111/><W90/><G90/><T118/><D118/><U81/><E108/><V79/><F110/><W15/><AGARI ba="0,1" hai="0,2,10,15,18,24,28,33,36,41,45,94,99,102" machi="15" ten="30,4000,0" yaku="1,1,0,1,52,1,53,0" doraHai="37" doraHaiUra="58" who="3" fromWho="3" sc="240,-10,260,-20,250,-10,240,50" /><INIT seed="2,0,0,3,1,119" ten="230,240,240,290" oya="2" hai0="6,20,34,42,14,106,7,61,89,81,67,2,30" hai1="133,13,31,41,48,70,107,0,51,122,92,9,25" hai2="69,118,49,126,44,32,18,54,101,73,77,21,94" hai3="127,90,103,131,4,47,16,129,87,86,24,121,5"/><V88/><F126/><W57/><G103/><T66/><D106/><U68/><E107/><V64/><F118/><W130/><G127/><T115/><D115/><U63/><E0/><V74/><F32/><W50/><G57/><T27/><D42/><U28/><E133/><V102/><F64/><W23/><G121/><T52/><D2/><U60/><E92/><V11/><F11/><W83/><REACH who="3" step="1"/><G87/><REACH who="3" ten="230,240,240,280" step="2"/><N who="0" m="50415" /><D34/><U39/><E68/><V38/><F69/><W114/><G114/><T128/><D128/><U59/><E59/><V8/><F74/><W78/><G78/><T124/><D124/><U33/><E33/><V85/><F77/><W132/><G132/><T99/><D99/><U96/><E96/><V56/><F73/><W117/><G117/><T105/><D105/><U43/><E70/><V72/><F72/><W12/><G12/><T22/><D66/><U26/><E13/><N who="2" m="9423" /><F8/><W35/><G35/><T75/><D67/><U53/><E9/><V80/><F80/><W36/><G36/><T93/><D75/><U97/><E97/><V84/><F85/><W110/><G110/><T91/><D93/><U76/><E39/><V100/><F38/><W125/><G125/><T109/><D109/><U79/><E122/><V37/><F37/><W62/><G62/><T65/><D65/><U10/><E10/><V19/><F56/><W17/><G17/><AGARI ba="0,1" hai="17,19,44,49,54,84,88,94,100,101,102" m="9423" machi="17" ten="30,2900,0" yaku="8,1,54,1" doraHai="119" who="2" fromWho="3" sc="230,0,240,0,240,39,280,-29" /><INIT seed="2,1,0,5,2,82" ten="230,240,279,251" oya="2" hai0="109,40,127,108,18,105,124,44,30,88,98,95,68" hai1="75,35,36,104,25,47,116,42,58,15,59,61,123" hai2="2,66,57,81,115,37,55,122,50,14,43,84,70" hai3="12,26,119,91,29,132,78,9,39,92,34,134,65"/><V102/><F2/><W129/><G39/><N who="0" m="21535" /><D68/><U54/><E75/><V76/><F122/><W126/><G65/><T101/><D30/><U60/><E123/><V45/><F102/><W135/><G78/><T83/><D83/><U77/><E104/><V86/><F115/><W0/><G119/><T1/><D18/><U72/><E116/><V17/><F66/><W113/><G126/><N who="0" m="48171" /><D1/><U93/><E77/><V23/><F70/><W111/><G111/><N who="0" m="42571" /><D105/><U11/><E72/><AGARI ba="1,0" hai="14,17,23,37,43,45,50,55,57,72,76,81,84,86" machi="72" ten="30,5800,0" yaku="7,1,52,2" doraHai="82" who="2" fromWho="1" sc="230,0,240,-61,279,61,251,0" /><INIT seed="2,2,0,5,1,95" ten="230,179,340,251" oya="2" hai0="64,19,4,41,104,111,79,120,37,131,117,112,135" hai1="133,126,81,105,67,66,63,121,82,134,23,100,93" hai2="34,17,86,72,75,56,27,89,44,109,118,128,47" hai3="98,16,18,3,46,107,31,20,92,55,88,102,71"/><V14/><F118/><W78/><G71/><T70/><RYUUKYOKU type="yao9" ba="2,0" sc="230,0,179,0,340,0,251,0" hai0="4,19,37,41,64,70,79,104,111,112,117,120,131,135" /><INIT seed="2,3,0,1,1,103" ten="230,179,340,251" oya="2" hai0="25,51,101,29,71,100,59,104,36,92,128,30,15" hai1="57,134,16,56,85,95,74,114,79,113,0,37,8" hai2="35,46,31,109,116,40,87,32,110,41,2,135,132" hai3="47,48,133,118,70,91,13,54,93,97,3,82,102"/><V38/><F2/><W10/><G70/><T77/><D71/><U105/><E37/><V89/><F116/><W99/><G3/><T83/><D36/><U65/><E57/><V75/><F75/><W4/><G133/><N who="2" m="51273" /><F41/><W39/><G39/><T18/><D128/><U34/><E56/><V86/><F86/><W63/><G118/><T124/><D104/><U115/><E65/><V94/><F31/><W24/><G24/><T11/><D124/><U131/><E34/><AGARI ba="3,0" hai="32,34,35,38,40,46,87,89,94,109,110" m="51273" machi="34" ten="40,2000,0" yaku="20,1" doraHai="103" who="2" fromWho="1" sc="230,0,179,-29,340,29,251,0" /><INIT seed="2,4,0,5,2,111" ten="230,150,369,251" oya="2" hai0="79,78,122,9,110,30,133,73,60,85,118,107,95" hai1="44,31,68,114,96,92,4,1,34,61,100,93,50" hai2="26,126,71,3,90,41,108,97,132,27,74,46,51" hai3="131,119,103,18,65,124,120,66,106,55,25,22,43"/><V49/><F74/><W123/><G43/><T72/><D110/><U23/><E1/><V128/><F3/><W64/><G119/><T54/><D107/><U69/><E4/><V134/><F71/><W129/><G124/><T15/><D122/><U8/><E8/><V45/><F108/><W88/><G55/><T83/><D118/><U11/><E11/><V81/><F126/><W125/><G125/><T116/><D116/><U12/><E34/><V115/><F128/><N who="3" m="49227" /><G88/><T24/><D133/><U58/><E93/><V112/><F90/><W104/><G104/><T102/><D102/><U117/><E117/><V33/><F81/><W19/><G19/><T91/><D78/><U28/><E114/><N who="2" m="43563" /><F97/><AGARI ba="4,0" hai="18,22,25,64,65,66,97,103,106,120,123" m="49227" machi="97" ten="30,1000,0" yaku="19,1" doraHai="111" who="3" fromWho="2" sc="230,0,150,0,369,-22,251,22" /><INIT seed="3,0,0,3,1,81" ten="230,150,347,273" oya="3" hai0="15,9,28,23,69,41,64,96,11,133,86,74,83" hai1="134,63,106,56,52,109,50,113,49,26,51,47,45" hai2="101,87,135,21,65,66,77,22,75,115,53,3,91" hai3="124,70,85,105,111,54,13,132,16,127,73,36,125"/><W4/><G73/><T46/><D74/><U57/><E106/><V95/><F3/><W116/><G70/><T121/><D121/><U88/><E113/><V30/><F115/><W2/><G105/><T12/><D133/><U59/><E134/><V20/><F135/><W10/><G36/><T5/><D96/><U18/><E18/><V100/><F30/><W24/><G132/><T123/><D123/><U112/><E26/><V60/><F77/><W82/><G116/><T14/><D69/><U92/><E112/><V129/><F75/><W32/><G54/><T97/><D97/><U67/><E109/><V27/><F27/><W89/><G111/><T104/><D64/><N who="2" m="24682" /><F129/><W114/><G114/><T119/><D104/><U1/><E1/><V40/><F40/><W108/><G108/><T34/><D34/><U61/><REACH who="1" step="1"/><E57/><AGARI ba="0,0" hai="20,21,22,53,57,60,87,91,95,100,101" m="24682" machi="57" ten="30,2000,0" yaku="8,1,52,1" doraHai="81" who="2" fromWho="1" sc="230,0,150,-20,347,20,273,0" /><INIT seed="4,0,0,1,4,62" ten="230,130,367,273" oya="0" hai0="4,13,65,91,70,54,64,46,48,88,86,80,93" hai1="12,128,94,120,75,109,83,53,71,57,47,122,33" hai2="98,11,127,117,1,19,76,63,72,5,103,100,74" hai3="49,20,59,10,69,79,101,99,126,90,0,116,41"/><T56/><D70/><U111/><E33/><V112/><F103/><W68/><G79/><T114/><D114/><U38/><E94/><V108/><F108/><W7/><G116/><T25/><D25/><U17/><E17/><V125/><F76/><W113/><G113/><T9/><D56/><U51/><E12/><V73/><F112/><W29/><G90/><T58/><D58/><U97/><E97/><AGARI ba="0,0" hai="4,9,13,46,48,54,64,65,80,86,88,91,93,97" machi="97" ten="30,12000,1" yaku="7,1,8,1,52,2,54,1" doraHai="62" who="0" fromWho="1" sc="230,120,130,-120,367,0,273,0" /><INIT seed="4,1,0,4,4,75" ten="350,10,367,273" oya="0" hai0="74,20,61,13,14,97,114,102,107,117,104,16,121" hai1="31,101,30,2,55,132,78,128,93,28,129,39,99" hai2="49,3,33,56,63,1,89,5,133,108,59,135,36" hai3="120,134,8,11,73,118,83,80,50,113,84,72,25"/><T38/><D121/><U23/><E2/><V47/><F108/><W67/><G118/><T12/><D117/><U81/><E39/><V95/><F33/><W98/><G67/><T82/><D38/><U32/><E32/><V123/><F36/><W52/><G113/><T58/><D107/><U77/><E132/><N who="2" m="50763" /><F123/><W94/><G134/><T62/><D114/><U53/><E23/><V116/><F116/><W71/><G71/><T17/><D17/><U109/><E109/><V65/><F59/><W41/><G41/><T131/><D131/><N who="1" m="50251" /><E81/><V43/><F5/><W46/><G120/><T90/><D90/><U69/><E69/><V26/><F26/><W122/><G122/><T22/><D22/><U0/><E0/><V106/><F106/><W79/><G25/><T42/><D42/><U127/><E127/><V34/><F34/><W96/><G72/><T45/><D45/><U66/><E66/><V112/><F112/><W91/><REACH who="3" step="1"/><G98/><AGARI ba="1,0" hai="1,3,43,47,49,56,63,65,89,95,98" m="50763" machi="98" ten="30,1000,0" yaku="20,1" doraHai="75" who="2" fromWho="3" sc="350,0,10,0,367,13,273,-13" /><INIT seed="5,0,0,3,4,0" ten="350,10,380,260" oya="1" hai0="4,132,102,32,89,71,47,41,69,36,25,79,8" hai1="104,96,93,126,123,23,35,58,76,38,61,110,48" hai2="100,45,90,22,74,107,20,68,129,128,12,37,52" hai3="50,78,11,118,86,44,134,10,34,28,63,62,125"/><U60/><E35/><V115/><F68/><W24/><G125/><T55/><D132/><U105/><E123/><V99/><F74/><W51/><G51/><T111/><D111/><U13/><E38/><V26/><F12/><W54/><G118/><T2/><D89/><U83/><E110/><V49/><F37/><W131/><G131/><N who="2" m="50249" /><F115/><W108/><G108/><T94/><D55/><N who="1" m="32103" /><E105/><V82/><F26/><W116/><G134/><T77/><D102/><N who="1" m="60687" /><E104/><V127/><F127/><W6/><G11/><T19/><D94/><U112/><E112/><V122/><F122/><W106/><G106/><T33/><D33/><U59/><E126/><V65/><F65/><W88/><G78/><T103/><D103/><U121/><E121/><V85/><AGARI ba="0,0" hai="20,22,45,49,52,82,85,90,99,100,107" m="50249" machi="85" ten="30,2000,0" yaku="19,1,54,1" doraHai="0" who="2" fromWho="2" sc="350,-5,10,-10,380,20,260,-5" /><INIT seed="6,0,0,3,3,59" ten="345,0,400,255" oya="2" hai0="15,120,24,95,84,54,123,76,21,11,83,47,132" hai1="0,36,69,60,70,33,121,133,48,34,28,46,129" hai2="45,107,42,119,98,43,72,64,87,5,38,117,131" hai3="89,80,16,31,73,101,125,79,100,32,9,68,35"/><V92/><F72/><W56/><G68/><T25/><D132/><U91/><E48/><V53/><F64/><W67/><G125/><T8/><D123/><U29/><E91/><V3/><F53/><W52/><G67/><T110/><D120/><U12/><E121/><V62/><F87/><W66/><G66/><T71/><D71/><U93/><E93/><V39/><F92/><W1/><G89/><T124/><D124/><U58/><E58/><V6/><F6/><W19/><G35/><T109/><D95/><U130/><E12/><V50/><F50/><W7/><G32/><T102/><D102/><U103/><E103/><V113/><F5/><W20/><G31/><T63/><D11/><U65/><E65/><V90/><F90/><W41/><G41/><T116/><D116/><U37/><E46/><V4/><F45/><W77/><G77/><T27/><D109/><U74/><E74/><V115/><F43/><W51/><REACH who="3" step="1"/><G19/><REACH who="3" ten="345,0,400,245" step="2"/><N who="0" m="8679" /><D110/><U97/><E97/><V104/><F98/><W22/><G22/><T134/><D134/><U99/><E99/><V78/><F78/><W14/><AGARI ba="0,1" hai="1,7,9,14,16,20,51,52,56,73,79,80,100,101" machi="14" ten="20,8000,1" yaku="1,1,0,1,7,1,54,2,53,0" doraHai="59" doraHaiUra="40" who="3" fromWho="3" sc="345,-20,0,-20,400,-40,245,90" owari="325,-7.0,-20,-52.0,360,45.0,335,14.0" /></mjloggm>