<mjloggm ver="2.3"><GO type="169" lobby="0"/><UN n0="%E6%8E%A8%E7%A9%BA%EF%BC%B0" n1="%E9%95%B7%E9%96%80%2A%E6%9C%AA%E6%B2%99" n2="%E3%83%88%E3%83%88%E3%83%AA%E5%85%88%E7%94%9F%31%39%E6%AD%B3" n3="%E3%83%A6%E3%83%AA%E3%82%A2" dan="17,16,18,16" rate="2151.32,2110.86,2194.44,2137.94" sx="F,M,F,F"/><TAIKYOKU oya="0"/><INIT seed="0,0,0,1,5,43" ten="250,250,250,250" oya="0" hai0="1,133,16,41,70,66,101,50,92,85,15,97,126" hai1="87,83,109,86,24,2,107,102,129,125,80,131,117" hai2="13,56,55,46,135,29,75,37,39,71,118,120,104" hai3="91,84,8,59,4,32,123,64,14,23,62,67,45"/><T128/><D1/><U38/><E2/><V22/><F104/><W12/><G123/><T88/><D133/><U33/><E117/><V74/><F120/><W47/><G32/><T10/><D128/><N who="1" m="49227" /><E38/><V11/><F71/><W58/><G23/><T69/><D126/><U3/><E3/><V94/><F135/><W35/><G35/><T105/><REACH who="0" step="1"/><D66/><REACH who="0" ten="240,250,250,250" step="2"/><U51/><E125/><V53/><F118/><W40/><G67/><T6/><D6/><U21/><E109/><V72/><F72/><W52/><G40/><T106/><D106/><U0/><E107/><V100/><F74/><W99/><G12/><T130/><D130/><U57/><E0/><V115/><F75/><W108/><G108/><T68/><D68/><U81/><E24/><V65/><F65/><W110/><G110/><T7/><D7/><U5/><E5/><V114/><F13/><W19/><G4/><T76/><D76/><U31/><E33/><V73/><F73/><W61/><G99/><T60/><D60/><U134/><E134/><V82/><F53/><W48/><G62/><T111/><D111/><U77/><E77/><V119/><F55/><W63/><G63/><T78/><D78/><U93/><E87/><V9/><F119/><W113/><G113/><T124/><D124/><U127/><E127/><V79/><F115/><W44/><G84/><T121/><D121/><U96/><E86/><V17/><F114/><W132/><G132/><T18/><D18/><U122/><E122/><V112/><F17/><W89/><AGARI ba="0,1" hai="8,14,19,44,45,47,48,52,58,59,61,64,89,91" machi="89" ten="30,12000,2" yaku="0,1,8,1,52,3,54,1" doraHai="43" who="3" fromWho="3" sc="240,-60,250,-30,250,-30,250,130" /><INIT seed="1,0,0,2,0,21" ten="180,220,220,380" oya="1" hai0="79,87,32,121,45,120,66,84,123,72,5,119,107" hai1="69,28,134,88,4,113,56,63,43,132,122,65,96" hai2="78,40,106,36,128,76,44,53,74,81,111,67,14" hai3="85,35,116,61,42,93,22,25,99,16,27,91,31"/><U6/><E122/><V70/><F106/><W127/><G116/><T37/><D119/><U64/><E113/><V86/><F111/><W26/><G127/><T103/><D66/><U77/><E77/><V13/><F128/><W75/><G75/><T115/><D115/><U30/><E43/><V68/><F78/><W2/><G2/><T17/><D5/><N who="1" m="2155" /><E69/><V20/><F74/><W60/><G42/><N who="0" m="22735" /><D17/><U15/><E65/><V126/><F126/><W117/><G117/><T12/><D12/><U90/><E15/><V3/><F3/><W129/><G129/><T24/><D103/><U0/><E0/><V82/><F82/><N who="3" m="49591" /><G31/><N who="1" m="11818" /><E96/><V112/><F112/><W124/><G35/><T46/><D107/><U98/><E98/><V83/><F83/><W71/><G71/><T80/><D46/><U73/><E73/><V7/><F7/><W48/><G48/><T49/><D49/><U10/><E10/><V52/><F70/><W34/><G34/><T19/><D32/><U9/><E9/><V130/><F130/><W58/><G124/><T89/><D89/><U97/><E97/><V38/><F38/><W33/><G33/><T59/><D59/><U41/><E41/><V104/><F104/><W101/><G60/><T51/><D51/><U105/><E105/><V92/><F14/><W100/><G100/><T55/><D55/><AGARI ba="0,0" hai="16,22,25,26,27,55,58,61,93,99,101" m="49591" machi="55" ten="30,8000,1" yaku="8,1,52,3,54,1" doraHai="21" who="3" fromWho="0" sc="180,-80,220,0,220,0,380,80" /><INIT seed="2,0,0,0,0,62" ten="100,220,220,460" oya="2" hai0="43,72,126,60,10,79,52,98,41,112,35,7,17" hai1="38,105,93,133,47,56,130,23,29,88,12,80,42" hai2="85,32,16,19,63,36,5,39,53,4,129,65,81" hai3="122,92,24,6,77,110,86,128,59,99,135,21,96"/><V124/><F32/><W94/><G122/><T125/><D112/><U74/><E105/><V25/><F129/><W20/><G110/><T37/><D35/><U82/><E130/><V2/><F124/><N who="0" m="47722" /><D98/><U90/><E133/><V69/><F53/><W45/><G135/><T18/><D79/><U33/><E33/><V101/><F101/><W121/><G121/><T83/><D83/><U127/><E74/><V9/><F5/><W49/><G6/><T15/><D72/><U73/><E73/><V30/><F30/><W14/><G128/><T40/><D37/><U106/><E106/><V91/><REACH who="2" step="1"/><F19/><REACH who="2" ten="100,220,210,460" step="2"/><W114/><G114/><T108/><D108/><U50/><E127/><V57/><F57/><AGARI ba="0,1" hai="7,10,15,17,18,40,41,43,52,57,60" m="47722" machi="57" ten="30,2000,0" yaku="18,1,54,1" doraHai="62" who="0" fromWho="2" sc="100,30,220,0,210,-20,460,0" /><INIT seed="3,0,0,1,1,90" ten="130,220,190,460" oya="3" hai0="69,57,100,36,30,123,129,75,5,101,107,105,99" hai1="23,106,98,4,97,135,88,115,0,120,121,124,9" hai2="80,77,18,126,92,128,21,91,117,27,119,76,2" hai3="10,1,67,87,94,32,68,59,34,44,111,7,25"/><W110/><G68/><T84/><D69/><U78/><E115/><V37/><F37/><W86/><G44/><T52/><D123/><U3/><E78/><V130/><F2/><W38/><G38/><T63/><D75/><U45/><E3/><V40/><F40/><W17/><G32/><T29/><D36/><U14/><E124/><V131/><F126/><W13/><G67/><T85/><D129/><U39/><E98/><V24/><F24/><W134/><G59/><T56/><D5/><U41/><E106/><V65/><F65/><W64/><G64/><T12/><D12/><U31/><E135/><V70/><F70/><W51/><G51/><T81/><D57/><U103/><E103/><V108/><F108/><N who="3" m="41515" /><G134/><T35/><D35/><U66/><E66/><V55/><F55/><W95/><G25/><T53/><D53/><U102/><E102/><V125/><F125/><W132/><G132/><T113/><D113/><U48/><E39/><V49/><F49/><W61/><G61/><T58/><D58/><U16/><REACH who="1" step="1"/><E31/><REACH who="1" ten="130,210,190,460" step="2"/><V133/><F76/><W46/><G46/><T60/><D101/><U28/><E28/><V93/><F133/><W50/><G50/><T96/><D29/><U114/><E114/><V11/><F91/><W73/><G73/><T83/><D30/><U42/><E42/><V47/><F47/><W43/><G43/><T15/><D100/><U112/><E112/><V116/><F11/><N who="3" m="6335" /><G34/><T118/><D105/><U33/><E33/><V79/><F79/><W62/><G62/><T8/><D107/><U71/><E71/><V89/><F77/><RYUUKYOKU ba="0,1" sc="130,-30,210,10,190,10,460,10" hai1="0,4,9,14,16,23,41,45,48,88,97,120,121" hai2="18,21,27,80,89,92,93,116,117,119,128,130,131" hai3="1,7,10,86,87,94,95" /><INIT seed="3,1,1,4,0,78" ten="100,220,200,470" oya="3" hai0="42,24,102,116,74,27,57,11,79,58,89,40,90" hai1="56,25,2,32,30,76,20,122,108,16,21,66,95" hai2="91,71,110,0,130,10,41,37,107,98,52,82,46" hai3="43,5,134,55,129,99,34,111,63,118,104,75,135"/><W31/><G118/><T17/><D74/><U94/><E122/><V39/><F71/><W6/><G43/><T88/><D116/><U83/><E2/><V73/><F110/><W133/><G75/><T84/><D102/><U9/><E108/><V48/><F130/><W13/><G13/><N who="0" m="7359" /><D40/><U67/><E9/><V70/><F70/><W49/><G111/><T106/><D42/><U115/><E115/><V47/><F107/><W68/><G129/><T120/><D106/><U128/><E32/><V86/><F73/><W61/><G61/><T50/><D120/><U132/><E128/><V93/><F10/><W126/><G126/><T123/><D123/><U33/><E33/><V127/><F0/><W101/><G31/><T53/><D58/><U119/><E119/><V29/><F29/><W8/><G8/><T64/><D64/><N who="1" m="24619" /><E56/><V96/><F127/><W97/><G97/><T22/><D22/><U124/><E124/><V51/><REACH who="2" step="1"/><F96/><REACH who="2" ten="100,220,190,470" step="2"/><W80/><G68/><T35/><D35/><U125/><E125/><V7/><F7/><W28/><G28/><T92/><D92/><U14/><E132/><V77/><AGARI ba="1,2" hai="37,39,41,46,47,48,51,52,77,82,86,91,93,98" machi="77" ten="20,8000,1" yaku="1,1,0,1,7,1,52,1,54,1,53,0" doraHai="78" doraHaiUra="60" who="2" fromWho="2" sc="100,-21,220,-21,190,103,470,-41" /><INIT seed="4,0,0,1,4,129" ten="79,199,293,429" oya="0" hai0="120,55,63,60,131,132,79,29,18,37,84,14,103" hai1="116,46,12,19,48,73,108,93,3,82,95,27,9" hai2="104,36,72,42,39,65,77,111,133,4,115,119,51" hai3="13,121,61,35,130,86,66,31,50,45,114,91,80"/><T34/><D120/><U8/><E116/><V57/><F104/><W101/><G114/><T113/><D37/><N who="2" m="14410" /><F77/><W33/><G130/><T100/><D113/><U25/><E108/><V40/><F4/><W83/><G121/><T89/><D131/><U112/><E112/><V32/><F32/><W5/><G101/><T68/><D79/><U16/><E73/><V21/><F21/><W7/><G83/><T134/><D68/><U11/><E82/><V74/><F115/><W85/><G85/><T17/><D55/><U87/><E3/><V2/><F2/><W59/><G35/><T109/><D34/><U56/><E56/><V90/><F90/><W122/><G122/><T81/><D29/><U98/><E87/><V99/><F99/><W125/><G125/><T76/><D76/><U128/><E128/><V38/><F111/><W52/><REACH who="3" step="1"/><G13/><REACH who="3" ten="79,199,293,419" step="2"/><T24/><D109/><U135/><E98/><V92/><F72/><W102/><G102/><N who="0" m="38955" /><D24/><AGARI ba="0,1" hai="5,7,24,31,33,45,50,52,59,61,66,80,86,91" machi="24" ten="40,5200,0" yaku="1,1,54,1,53,1" doraHai="129" doraHaiUra="53" who="3" fromWho="0" sc="79,-52,199,0,293,0,419,62" /><INIT seed="5,0,0,2,0,122" ten="27,199,293,481" oya="1" hai0="71,17,78,9,53,37,40,35,106,45,52,95,60" hai1="29,32,1,115,124,56,47,135,18,97,127,57,121" hai2="75,24,119,84,117,58,82,20,68,8,134,14,38" hai3="72,126,130,62,63,65,36,28,96,125,108,120,76"/><U74/><E121/><V113/><F68/><W15/><G120/><T30/><D106/><U23/><E1/><V16/><F38/><W31/><G36/><T69/><D78/><U39/><E74/><V43/><F75/><W118/><G130/><T93/><D9/><U51/><E39/><V114/><F43/><W129/><G129/><T80/><D80/><U104/><E135/><V48/><F48/><W101/><G76/><T3/><D3/><U55/><E115/><N who="2" m="44043" /><F58/><W85/><G85/><T89/><D17/><U90/><E32/><V99/><F99/><W111/><G72/><T13/><D13/><U49/><E29/><N who="3" m="11338" /><G15/><T112/><D112/><U50/><E57/><V61/><F61/><N who="3" m="23051" /><G65/><T98/><D93/><N who="1" m="56503" /><E104/><V87/><F134/><W64/><G64/><T91/><D91/><U41/><E41/><V81/><F87/><W79/><G79/><T25/><REACH who="0" step="1"/><D60/><REACH who="0" ten="17,199,293,481" step="2"/><N who="1" m="35871" /><E47/><V19/><F82/><W6/><G6/><T132/><D132/><U105/><E105/><V34/><F34/><W22/><G118/><T116/><D116/><U12/><E12/><V133/><F133/><W107/><G22/><T0/><D0/><U2/><E2/><V86/><F117/><W88/><G88/><T109/><D109/><U110/><E110/><V33/><F119/><W77/><G77/><T66/><D66/><U5/><E5/><V7/><F33/><W73/><G73/><T44/><D44/><U42/><E42/><V103/><F81/><W100/><G100/><T54/><AGARI ba="0,1" hai="25,30,35,37,40,45,52,53,54,69,71,89,95,98" machi="54" ten="30,4000,0" yaku="1,1,0,1,54,1,53,0" doraHai="122" doraHaiUra="59" who="0" fromWho="0" sc="17,50,199,-20,293,-10,481,-10" /><INIT seed="6,0,0,3,0,116" ten="67,179,283,471" oya="2" hai0="95,11,80,120,34,107,87,61,15,7,106,62,30" hai1="45,125,90,104,2,122,134,88,89,133,91,13,108" hai2="132,103,49,56,93,39,23,5,0,112,14,73,69" hai3="44,115,32,37,59,121,40,131,4,33,3,129,85"/><V20/><F69/><W102/><G102/><T38/><D38/><U54/><E2/><V75/><F39/><W110/><G85/><T28/><D95/><U1/><E1/><V72/><F0/><W53/><G110/><T6/><D34/><U35/><E108/><V111/><F111/><W36/><G36/><T57/><D120/><U86/><E104/><V76/><F76/><W79/><G121/><T26/><D6/><U101/><E101/><V63/><F112/><W29/><G79/><T31/><D61/><U78/><E35/><V94/><F49/><W19/><G19/><T77/><D107/><U100/><E100/><V135/><F5/><W52/><G29/><T126/><D106/><U41/><E125/><V74/><F74/><W50/><G53/><T64/><REACH who="0" step="1"/><D126/><REACH who="0" ten="57,179,283,471" step="2"/><U42/><E122/><V51/><F93/><W109/><G109/><T12/><D12/><U66/><E13/><V67/><F14/><W83/><G115/><T22/><AGARI ba="0,1" hai="7,11,15,22,26,28,30,31,57,62,64,77,80,87" machi="22" ten="20,8000,1" yaku="1,1,0,1,7,1,8,1,53,1" doraHai="116" doraHaiUra="18" who="0" fromWho="0" sc="57,90,179,-20,283,-40,471,-20" /><INIT seed="7,0,0,2,1,3" ten="147,159,243,451" oya="3" hai0="134,86,29,33,113,116,128,36,39,49,78,89,41" hai1="55,69,117,32,125,87,13,88,9,30,45,26,66" hai2="21,25,122,1,8,73,108,81,59,35,0,58,80" hai3="27,131,82,92,118,2,7,48,47,130,110,17,83"/><W5/><G92/><T109/><D116/><U96/><E117/><V23/><F108/><W57/><G17/><T94/><D109/><U72/><E72/><V68/><F68/><W19/><G27/><T42/><D134/><U103/><E125/><V135/><F35/><W31/><G57/><T46/><D128/><U115/><E115/><V70/><F70/><W61/><G83/><T38/><D113/><U71/><E66/><V123/><F25/><W121/><G61/><T101/><D78/><U77/><E77/><V22/><F22/><W111/><G82/><T127/><D127/><U112/><E112/><V62/><F8/><W24/><G31/><T14/><D101/><U18/><E55/><V11/><F11/><W90/><G19/><T91/><D14/><U102/><E45/><V98/><F62/><W20/><G90/><T40/><REACH who="0" step="1"/><D91/><REACH who="0" ten="137,159,243,451" step="2"/><U79/><E79/><V119/><F119/><W104/><G130/><T76/><D76/><U6/><E102/><V34/><F135/><W93/><G131/><T100/><D100/><U75/><E75/><V50/><F73/><W56/><G111/><T51/><D51/><U126/><E126/><V67/><F50/><W53/><G48/><T120/><D120/><U64/><E64/><V15/><F67/><W54/><G121/><T105/><D105/><N who="1" m="63719" /><E18/><V95/><F122/><W10/><G110/><T106/><D106/><U4/><E4/><V132/><F123/><W43/><G7/><T97/><D97/><U107/><E107/><V44/><F132/><W60/><G118/><T99/><D99/><U124/><E124/><RYUUKYOKU ba="0,1" sc="137,15,159,15,243,-15,451,-15" hai0="29,33,36,38,39,40,41,42,46,49,86,89,94" hai1="6,9,13,26,30,32,69,71,87,88" owari="152,-35.0,174,-23.0,228,3.0,446,55.0" /></mjloggm>