<mjloggm ver="2.3"><GO type="169" lobby="0"/><UN n0="%E3%82%A6%E3%83%AB%E3%83%88%E3%83%A9%E7%AB%8B%E7%9B%B4" n1="%44%26%46" n2="%6F%6E%65%73%74%61%72" n3="%E3%83%8B%E3%83%A3%E3%83%83%E3%83%94%E3%83%BC%E5%A4%8F%E7%9B%AE" dan="18,16,17,18" rate="2182.52,2073.82,2221.09,2196.98" sx="M,M,M,M"/><TAIKYOKU oya="0"/><INIT seed="0,0,0,5,4,35" ten="250,250,250,250" oya="0" hai0="78,97,11,22,100,105,34,4,126,109,15,44,47" hai1="103,132,18,48,70,41,31,65,74,8,81,92,0" hai2="45,30,123,13,111,71,32,59,64,66,29,107,53" hai3="110,125,115,16,93,39,1,58,77,118,38,80,42"/><T27/><D126/><U37/><E132/><V51/><F123/><W129/><G115/><T56/><D109/><U95/><E31/><N who="2" m="11787" /><F107/><W108/><G118/><T10/><D34/><U67/><E48/><N who="2" m="31143" /><F32/><W113/><G113/><T36/><D36/><U17/><E17/><V9/><F71/><W94/><G58/><T3/><D78/><N who="1" m="44247" /><E67/><V135/><F135/><W54/><G54/><T86/><D56/><U6/><E18/><N who="2" m="8495" /><F111/><W28/><G28/><T116/><D116/><U85/><E103/><V119/><F119/><W87/><G125/><T40/><D22/><U112/><E85/><V19/><F19/><W2/><G16/><T55/><D27/><U127/><E112/><V128/><F128/><W84/><G129/><T104/><D86/><U121/><E121/><V46/><F46/><W52/><G42/><AGARI ba="0,0" hai="42,45,51,64,66" m="8495,31143,11787" machi="42" ten="30,1000,0" yaku="8,1" doraHai="35" who="2" fromWho="3" sc="250,0,250,0,250,10,250,-10" /><INIT seed="1,0,0,1,3,53" ten="250,250,260,240" oya="1" hai0="6,11,105,21,57,107,62,2,51,123,132,81,100" hai1="89,75,0,43,12,91,84,96,64,36,33,54,109" hai2="38,60,16,70,52,133,56,124,65,85,112,131,8" hai3="121,30,73,129,41,7,86,39,95,27,67,55,102"/><U14/><E0/><V58/><F124/><W114/><G73/><T115/><D115/><U20/><E75/><V9/><F112/><W110/><G114/><T122/><D132/><U66/><E33/><V111/><F111/><W128/><G121/><T69/><D100/><U120/><E120/><N who="0" m="46121" /><D81/><U10/><E43/><V34/><F131/><W23/><G110/><T97/><D97/><U29/><E36/><V37/><F34/><W94/><G7/><T74/><D74/><U130/><E130/><N who="3" m="50282" /><G67/><N who="1" m="25642" /><E96/><V5/><F70/><W113/><G113/><T44/><D69/><U40/><E40/><V15/><F85/><W104/><G86/><T50/><D21/><U87/><E87/><V98/><F98/><N who="3" m="61527" /><G55/><N who="0" m="34111" /><D44/><AGARI ba="0,0" hai="23,27,30,39,41,44,94,95" m="61527,50282" machi="44" ten="30,1000,0" yaku="19,1" doraHai="53" who="3" fromWho="0" sc="250,-10,250,0,260,0,240,10" /><INIT seed="2,0,0,1,1,121" ten="240,250,260,250" oya="2" hai0="41,113,119,87,108,124,71,126,67,31,89,25,122" hai1="88,132,54,123,39,80,34,30,68,72,49,51,17" hai2="26,95,98,33,40,57,59,130,115,62,37,103,78" hai3="45,82,77,92,117,93,128,85,24,101,125,134,102"/><V12/><F130/><W65/><G117/><T91/><D122/><U52/><E39/><V120/><F115/><W46/><G128/><T15/><D113/><U42/><E68/><V56/><F120/><W131/><G131/><T1/><D1/><U105/><E105/><V18/><F78/><W110/><G110/><T2/><D2/><U55/><E123/><V13/><F37/><W74/><G65/><T86/><D41/><U9/><E132/><V43/><F62/><W8/><G134/><T84/><D119/><U0/><E42/><N who="2" m="15915" /><F33/><W90/><G8/><T69/><D15/><N who="2" m="5706" /><F18/><W29/><G125/><N who="0" m="48235" /><D67/><U107/><E107/><V100/><F26/><W11/><G11/><T58/><D58/><U63/><E17/><V4/><F4/><W135/><G135/><T104/><D104/><U96/><E63/><V127/><F127/><W23/><G102/><AGARI ba="0,0" hai="56,57,59,95,98,100,102,103" m="5706,15915" machi="102" ten="30,1500,0" yaku="8,1" doraHai="121" who="2" fromWho="3" sc="240,0,250,0,260,15,250,-15" /><INIT seed="2,1,0,3,5,102" ten="240,250,275,235" oya="2" hai0="110,46,105,124,22,47,103,99,96,31,61,26,12" hai1="64,132,19,101,33,129,72,38,70,28,95,14,52" hai2="40,130,55,60,127,63,21,59,23,62,0,13,17" hai3="15,93,27,135,117,114,107,45,4,118,1,7,36"/><V94/><F130/><W84/><G1/><T131/><D110/><U49/><E38/><V91/><F127/><W32/><G135/><T16/><D124/><U87/><E72/><V113/><F113/><W88/><G114/><T24/><D131/><U89/><E129/><V48/><F0/><W68/><G68/><T54/><D99/><U112/><E112/><V35/><F35/><W133/><G133/><T121/><D121/><U83/><E132/><V44/><REACH who="2" step="1"/><F23/><REACH who="2" ten="240,250,265,235" step="2"/><W97/><G32/><T39/><D39/><U78/><E33/><V81/><F81/><W106/><G36/><T98/><D98/><AGARI ba="1,1" hai="13,17,21,40,44,48,55,59,60,62,63,91,94,98" machi="98" ten="30,5800,0" yaku="1,1,7,1,8,1,53,0" doraHai="102" doraHaiUra="66" who="2" fromWho="0" sc="240,-61,250,0,265,71,235,0" /><INIT seed="2,2,0,5,2,53" ten="179,250,336,235" oya="2" hai0="97,25,116,71,119,22,84,60,90,1,35,110,78" hai1="16,7,11,24,9,88,2,34,36,68,89,21,52" hai2="77,44,130,51,55,23,43,101,27,66,73,111,121" hai3="104,40,98,30,75,18,20,112,125,28,83,133,82"/><V67/><F121/><W50/><G133/><T127/><D35/><U56/><E36/><V10/><F130/><W45/><G125/><T26/><D1/><U118/><E68/><V59/><F101/><W94/><G104/><T62/><D127/><U107/><E107/><V114/><F114/><W5/><G5/><T64/><D110/><U63/><E118/><V85/><F73/><W96/><G112/><T29/><D78/><U32/><E11/><V15/><F111/><W124/><G124/><T95/><D26/><U47/><E47/><V58/><F85/><W57/><G75/><T4/><D4/><U103/><E103/><V81/><F81/><N who="3" m="30731" /><G57/><N who="2" m="21513" /><F43/><W115/><G115/><T109/><D109/><U80/><REACH who="1" step="1"/><E89/><REACH who="1" ten="179,240,336,235" step="2"/><V135/><F135/><W76/><G76/><T72/><D119/><U122/><E122/><V19/><F77/><W6/><G6/><AGARI ba="2,1" hai="6,10,15,19,23,27,44,51,55,66,67" m="21513" machi="6" ten="30,11600,0" yaku="8,1,52,3" doraHai="53" who="2" fromWho="3" sc="179,0,240,0,336,132,235,-122" /><INIT seed="2,3,0,1,0,88" ten="179,240,468,113" oya="2" hai0="35,91,97,30,1,82,14,72,75,63,76,41,17" hai1="15,11,42,19,133,27,22,62,92,101,3,5,57" hai2="60,112,65,130,87,108,25,104,69,29,95,121,96" hai3="33,100,54,55,128,52,115,6,120,9,68,71,26"/><V70/><F121/><W10/><G120/><T18/><D1/><U102/><E133/><V16/><F112/><W81/><G128/><T85/><D41/><U106/><E106/><V12/><F130/><W23/><G33/><T40/><D40/><U56/><E42/><V24/><F108/><W84/><G115/><T80/><D30/><U20/><E57/><V113/><F70/><W135/><G135/><T47/><D47/><U48/><E48/><V79/><F104/><W110/><G110/><T119/><D35/><U86/><E3/><V73/><F73/><W7/><G100/><T74/><D119/><U93/><E22/><V125/><F125/><W111/><G111/><T0/><D0/><U123/><E123/><V36/><F36/><W21/><G71/><T66/><D97/><U2/><E2/><V61/><F61/><W53/><G68/><T134/><D134/><U118/><E118/><V122/><F113/><W117/><N who="3" m="13312" /><DORA hai="109" /><W13/><G117/><T4/><D4/><N who="3" m="1577" /><G13/><T64/><D64/><N who="1" m="38983" /><E86/><V126/><F87/><W38/><G23/><T107/><D107/><U127/><E127/><V131/><F69/><W31/><G38/><T46/><D46/><U116/><E116/><V39/><F131/><W98/><G98/><T32/><D32/><U8/><E8/><V78/><F96/><W58/><G58/><N who="0" m="37239" /><D74/><U132/><E132/><V94/><F39/><W49/><G49/><T99/><D75/><U50/><E50/><V129/><F122/><W124/><G124/><T34/><D99/><U37/><E37/><V45/><F126/><W90/><AGARI ba="3,0" hai="9,10,21,26,31,81,84,90" m="1577,13312" machi="90" ten="40,5200,0" yaku="5,1,8,1,54,1" doraHai="88,109" who="3" fromWho="3" sc="179,-16,240,-16,468,-29,113,61" /><INIT seed="3,0,0,0,1,61" ten="163,224,439,174" oya="3" hai0="57,6,121,17,4,91,92,23,89,122,95,53,119" hai1="32,107,68,84,34,76,131,103,114,59,88,79,58" hai2="30,98,20,56,100,106,90,29,65,35,51,63,130" hai3="60,47,85,50,80,5,75,64,27,3,41,49,48"/><W10/><G27/><T87/><D119/><U123/><E114/><V111/><F111/><W97/><G97/><T11/><D11/><U15/><E68/><V126/><F126/><W39/><G75/><T93/><D122/><U7/><E123/><V96/><F130/><W118/><G118/><T26/><D121/><U38/><E38/><V133/><F133/><W8/><G8/><T25/><D25/><U45/><E45/><V52/><F35/><W71/><REACH who="3" step="1"/><G39/><REACH who="3" ten="163,224,439,164" step="2"/><T94/><REACH who="0" step="1"/><D91/><AGARI ba="0,1" hai="3,5,10,41,47,48,49,50,60,64,71,80,85,91" machi="91" ten="30,12000,1" yaku="1,1,2,1,7,1,52,1,53,1" doraHai="61" doraHaiUra="2" who="3" fromWho="0" sc="163,-120,224,0,439,0,164,130" /><INIT seed="3,1,0,5,1,42" ten="43,224,439,294" oya="3" hai0="97,123,86,23,113,101,72,64,55,2,129,134,58" hai1="120,109,89,119,77,75,56,81,9,90,35,50,132" hai2="45,25,84,104,18,87,88,4,68,20,16,100,135" hai3="8,15,117,118,12,78,124,70,99,67,94,103,47"/><W115/><G115/><T112/><D72/><U57/><E120/><V1/><F68/><W33/><G33/><T59/><D2/><U34/><E109/><V106/><F135/><W121/><G121/><T83/><D123/><U29/><E132/><V40/><F87/><W5/><G124/><T46/><D134/><U96/><E119/><V107/><F4/><W63/><G78/><T110/><D110/><U43/><E9/><V114/><F1/><W32/><G32/><T13/><D129/><U80/><E89/><V73/><F73/><W105/><G105/><T52/><D64/><U17/><E17/><V38/><F114/><N who="0" m="44138" /><D13/><U79/><E35/><V36/><F36/><W54/><G15/><T3/><D23/><U92/><E29/><V37/><F37/><W69/><G69/><T11/><D11/><U111/><E34/><V95/><REACH who="2" step="1"/><F18/><REACH who="2" ten="43,224,429,294" step="2"/><W7/><G7/><T116/><D3/><U93/><E111/><V122/><F122/><W27/><G118/><T10/><D116/><U108/><E108/><V82/><F82/><W128/><G117/><T22/><D86/><U85/><E81/><V6/><F6/><W130/><G128/><T74/><D83/><U39/><E39/><V133/><F133/><W26/><G130/><T21/><D74/><U28/><E75/><V91/><F91/><W0/><G0/><T49/><D97/><AGARI ba="1,1" hai="16,20,25,38,40,45,84,88,95,97,100,104,106,107" machi="97" ten="40,8000,1" yaku="1,1,52,1,54,2,53,0" doraHai="42" doraHaiUra="30" who="2" fromWho="0" sc="43,-83,224,0,429,93,294,0" owari="-40,-54.0,224,-18.0,522,63.0,294,9.0" /></mjloggm>