<mjloggm ver="2.3"><GO type="233" lobby="0"/><UN n0="%E3%82%AF%E3%83%AD%E3%83%8E%E3%82%B9%40" n1="%79%61%6D%69" n2="%E2%98%86%E3%82%92%E3%82%8F%E3%82%93%E2%98%86" n3="%E3%82%A6%E3%83%AB%E3%83%88%E3%83%A9%E7%AB%8B%E7%9B%B4" dan="16,17,16,17" rate="2170.95,2117.77,2106.31,2231.34" sx="M,M,M,M"/><TAIKYOKU oya="0"/><INIT seed="0,0,0,3,2,65" ten="250,250,250,250" oya="0" hai0="49,44,134,48,11,98,62,125,73,39,28,84,64" hai1="56,93,107,47,35,116,92,77,13,108,53,23,55" hai2="114,59,121,101,15,131,61,19,54,128,106,75,40" hai3="118,58,27,5,130,68,86,21,115,72,95,12,103"/><T46/><D73/><U69/><E107/><V89/><F114/><W81/><G68/><T85/><D134/><U105/><E35/><V18/><F75/><W3/><G3/><T60/><D125/><U43/><E105/><V16/><F40/><W9/><G118/><T119/><D119/><U30/><E69/><V91/><F121/><W97/><G115/><T127/><D127/><U70/><E70/><V83/><F91/><W10/><G130/><N who="2" m="49705" /><F101/><W102/><G10/><T100/><D39/><U1/><E1/><V57/><F57/><W88/><G58/><N who="0" m="36887" /><D62/><U79/><E108/><V7/><F7/><W129/><G72/><T6/><D28/><U76/><E116/><V33/><F33/><W45/><G45/><N who="0" m="17515" /><D98/><U14/><E43/><V113/><F106/><W41/><G41/><T31/><D100/><U25/><E47/><V26/><F26/><W38/><G38/><T117/><D117/><U124/><E124/><V96/><F113/><W52/><G129/><T4/><D31/><U123/><E123/><V90/><F90/><W42/><G42/><T132/><D132/><U135/><E135/><V36/><F36/><W20/><G103/><T82/><D4/><U111/><E111/><V80/><F96/><W74/><G74/><T32/><D32/><U66/><E66/><V109/><F109/><W87/><G87/><N who="0" m="33355" /><D82/><N who="2" m="31274" /><F89/><W2/><G2/><T94/><D94/><N who="1" m="36459" /><E53/><V17/><N who="2" m="4096" /><DORA hai="104" /><V51/><F61/><AGARI ba="0,0" hai="13,14,23,25,30,55,56,61,76,77,79" m="36459" machi="61" ten="30,1000,0" yaku="8,1" doraHai="65,104" who="1" fromWho="2" sc="250,0,250,10,250,-10,250,0" /><INIT seed="1,0,0,1,2,6" ten="250,260,240,250" oya="1" hai0="32,77,65,93,75,114,2,25,9,56,85,19,34" hai1="79,131,69,62,119,84,83,118,35,16,129,122,133" hai2="68,125,10,98,26,29,130,7,90,86,72,109,60" hai3="18,128,124,73,24,11,92,43,42,28,87,97,37"/><U13/><E122/><V4/><F72/><W0/><G73/><T51/><D114/><U100/><E35/><V48/><F109/><W88/><G124/><T1/><D75/><U12/><E100/><V41/><F130/><N who="1" m="49673" /><E133/><V78/><F7/><W5/><G128/><T22/><D1/><U80/><E80/><V67/><F98/><W64/><G64/><T82/><D93/><U17/><E13/><V102/><F102/><W33/><G37/><T127/><D127/><U108/><E108/><V55/><F41/><W44/><G44/><T74/><D74/><U52/><E69/><V58/><F78/><W81/><REACH who="3" step="1"/><G18/><REACH who="3" ten="250,260,240,240" step="2"/><N who="1" m="7274" /><E12/><V115/><F125/><W57/><G57/><AGARI ba="0,1" hai="52,57,62,79,83,84,118,119" m="7274,49673" machi="57" ten="30,5800,0" yaku="19,1,54,2" doraHai="6" who="1" fromWho="3" sc="250,0,260,68,240,0,240,-58" /><INIT seed="1,1,0,4,5,20" ten="250,328,240,182" oya="1" hai0="111,0,40,122,32,24,61,16,2,5,54,107,35" hai1="96,110,80,114,133,65,44,79,38,14,124,128,53" hai2="68,49,62,121,129,101,86,41,58,131,51,104,108" hai3="93,63,99,85,74,105,98,57,71,97,125,81,113"/><U19/><E114/><V70/><F121/><W87/><G71/><T59/><D107/><U33/><E33/><V60/><F86/><N who="3" m="32779" /><G57/><T46/><D122/><U84/><E124/><V28/><F101/><N who="3" m="62655" /><G63/><T89/><D89/><U115/><E115/><V47/><F104/><W55/><G55/><T94/><D94/><U75/><E133/><V21/><F21/><W43/><G43/><T9/><D111/><U123/><E123/><V126/><F28/><W73/><G113/><T34/><D0/><U120/><E120/><V23/><F23/><W29/><G29/><T56/><D56/><U7/><E110/><V102/><F108/><W69/><G69/><T12/><D2/><U109/><E109/><V135/><F70/><W17/><G17/><T132/><D132/><U78/><E7/><V42/><F135/><W52/><G52/><T25/><REACH who="0" step="1"/><D5/><REACH who="0" ten="240,328,240,182" step="2"/><U39/><E44/><V50/><F58/><W112/><G112/><T36/><AGARI ba="1,1" hai="9,12,16,24,25,32,34,35,36,40,46,54,59,61" machi="36" ten="30,12000,2" yaku="1,1,2,1,0,1,52,2,54,1,53,0" doraHai="20" doraHaiUra="1" who="0" fromWho="0" sc="240,133,328,-61,240,-31,182,-31" /><INIT seed="2,0,0,2,4,93" ten="373,267,209,151" oya="2" hai0="114,62,87,33,95,119,132,6,53,14,29,91,90" hai1="0,117,97,2,11,25,45,24,109,92,89,101,59" hai2="50,123,54,67,86,28,55,44,124,5,128,98,75" hai3="46,19,48,16,36,72,13,22,104,1,99,96,40"/><V17/><F75/><W118/><G118/><T43/><D114/><U34/><E117/><V9/><F123/><W60/><G1/><T71/><D132/><U81/><E109/><V102/><F67/><W127/><G104/><T120/><D120/><U31/><E59/><V41/><F28/><W73/><G127/><T27/><D43/><U108/><E108/><V129/><F17/><W115/><G115/><T131/><D131/><N who="2" m="50250" /><F86/><W10/><G36/><T47/><D119/><U66/><E66/><V68/><F68/><W100/><G100/><T35/><D71/><U121/><E121/><V130/><F124/><W103/><G103/><T49/><D62/><U78/><E25/><V52/><F41/><W76/><G72/><T70/><D70/><U37/><E11/><V106/><N who="2" m="50258" /><V61/><DORA hai="84" /><F61/><W133/><G133/><T15/><D6/><U21/><E34/><V18/><F18/><W126/><G126/><T94/><D35/><U65/><E65/><V42/><F42/><W116/><G116/><T69/><D69/><U8/><E8/><V74/><F74/><W51/><G60/><T57/><D57/><U105/><E31/><V80/><F80/><W32/><G32/><T88/><REACH who="0" step="1"/><D87/><REACH who="0" ten="363,267,209,151" step="2"/><U20/><E37/><V30/><F30/><W38/><G38/><T122/><D122/><U112/><E112/><V110/><F110/><W134/><G134/><T82/><D82/><U107/><E81/><V12/><AGARI ba="0,1" hai="5,9,12,44,50,52,54,55,98,102,106" m="50258" machi="12" ten="40,7800,0" yaku="19,1,52,1,54,1" doraHai="93,84" who="2" fromWho="2" sc="363,-26,267,-26,209,88,151,-26" /><INIT seed="2,1,0,2,0,120" ten="337,241,297,125" oya="2" hai0="20,23,98,47,125,54,110,16,0,45,121,83,93" hai1="2,53,71,13,26,117,6,15,28,90,96,103,94" hai2="35,92,79,24,82,62,58,89,87,48,131,18,108" hai3="67,105,41,8,31,27,101,50,9,86,30,60,119"/><V43/><F131/><W127/><G127/><T57/><D121/><U10/><E117/><V38/><F38/><W33/><G119/><T112/><D0/><U134/><E134/><V70/><F70/><W49/><G31/><T111/><D125/><U39/><E39/><V34/><F43/><W118/><G118/><T85/><D112/><U68/><E53/><V76/><F48/><W74/><G74/><T5/><D5/><U135/><E135/><V44/><F44/><W22/><G86/><T69/><D69/><U99/><E71/><V126/><F79/><W51/><G41/><T72/><D72/><U12/><E68/><V32/><F126/><W37/><G37/><T104/><D104/><U21/><REACH who="1" step="1"/><E2/><REACH who="1" ten="337,231,297,125" step="2"/><V46/><F35/><W11/><G33/><T124/><D124/><U107/><AGARI ba="1,1" hai="6,10,12,13,15,21,26,28,90,94,96,99,103,107" machi="107" ten="20,8000,1" yaku="1,1,2,1,0,1,7,1,53,1" doraHai="120" doraHaiUra="91" who="1" fromWho="1" sc="337,-21,231,93,297,-41,125,-21" /><INIT seed="3,0,0,3,5,62" ten="316,324,256,104" oya="3" hai0="8,57,89,40,4,12,129,59,131,32,73,122,61" hai1="33,104,88,23,26,87,20,53,107,123,75,17,125" hai2="82,24,65,47,85,72,113,1,126,78,124,115,112" hai3="111,14,67,52,36,68,15,99,43,13,49,110,106"/><W21/><G21/><T58/><D32/><U9/><E123/><V5/><F24/><W97/><G106/><T74/><D122/><U116/><E75/><V64/><F47/><W10/><G10/><T29/><D29/><U71/><E125/><V101/><F101/><W54/><G43/><T7/><D40/><U44/><E116/><V16/><F16/><W96/><G36/><T114/><D114/><U134/><E134/><V69/><F69/><W30/><G30/><T56/><D89/><U2/><E71/><V19/><F19/><W90/><G90/><T60/><D4/><U83/><E33/><V100/><F100/><W117/><G117/><T128/><REACH who="0" step="1"/><D61/><REACH who="0" ten="306,324,256,104" step="2"/><U25/><E2/><V77/><F5/><W102/><G102/><T94/><D94/><U55/><E107/><V45/><F1/><W108/><G49/><T98/><D98/><U119/><E104/><V105/><F105/><W95/><G95/><T70/><D70/><U80/><E119/><V127/><F77/><W66/><REACH who="3" step="1"/><G68/><REACH who="3" ten="306,324,256,94" step="2"/><T18/><D18/><U6/><E88/><V0/><F0/><W46/><G46/><T42/><D42/><U93/><E44/><V63/><F45/><W34/><G34/><T120/><D120/><U39/><E93/><V118/><F118/><W48/><G48/><T3/><D3/><U28/><E28/><V130/><F63/><W51/><G51/><T37/><D37/><U103/><E39/><V132/><F113/><W81/><G81/><T84/><D84/><U121/><E87/><V135/><F115/><W79/><G79/><T91/><D91/><RYUUKYOKU ba="0,2" sc="306,15,324,-15,256,-15,94,15" hai0="7,8,12,56,57,58,59,60,73,74,128,129,131" hai3="13,14,15,52,54,66,67,96,97,99,108,110,111" /><INIT seed="3,1,2,3,4,75" ten="321,309,241,109" oya="3" hai0="112,17,58,108,117,20,66,44,69,116,18,24,95" hai1="115,32,80,120,114,65,121,91,47,78,28,3,0" hai2="11,19,8,72,98,40,131,125,60,104,26,87,23" hai3="92,37,2,123,89,85,101,29,103,93,77,48,128"/><W68/><G37/><T53/><D108/><U134/><E91/><V113/><F72/><W14/><G2/><N who="1" m="554" /><E65/><V122/><F113/><N who="1" m="43017" /><E47/><V56/><F40/><W82/><G68/><T126/><D126/><U83/><E83/><V127/><F131/><W15/><G123/><T133/><D133/><U46/><E46/><V43/><F43/><W96/><G128/><T50/><D112/><U35/><E134/><V36/><F36/><W107/><G29/><T31/><D69/><U30/><E30/><V38/><F38/><W49/><G107/><T110/><D110/><U12/><E12/><N who="3" m="4650" /><G103/><T102/><D117/><U4/><E4/><V6/><F6/><W135/><G135/><T55/><D116/><U57/><E57/><V71/><F71/><W73/><G73/><T16/><D66/><U13/><E13/><V132/><F132/><W63/><G63/><N who="0" m="36303" /><D102/><U39/><E39/><V74/><F74/><W10/><G10/><T33/><D33/><U130/><E130/><V94/><F122/><W124/><G124/><N who="2" m="47689" /><F104/><W27/><G27/><T99/><D31/><U1/><E1/><V106/><F106/><W22/><G22/><T97/><D24/><U88/><E35/><V9/><F9/><W84/><AGARI ba="1,2" hai="48,49,77,82,84,85,89,92,93,96,101" m="4650" machi="84" ten="30,3000,0" yaku="8,1,52,1" doraHai="75" who="3" fromWho="3" sc="321,-11,309,-11,241,-11,109,53" /><INIT seed="3,2,0,0,3,40" ten="310,298,230,162" oya="3" hai0="120,80,103,111,131,23,117,94,96,11,74,57,89" hai1="93,31,37,55,22,65,115,112,81,63,6,98,134" hai2="76,4,41,73,27,0,35,2,101,99,36,9,124" hai3="102,127,114,67,66,5,70,132,30,109,77,54,88"/><W53/><G114/><T135/><D117/><U123/><E123/><V14/><F124/><W83/><G127/><T42/><D120/><U49/><E37/><V130/><F130/><W62/><G132/><T121/><D121/><U13/><E134/><V100/><F101/><W87/><G109/><T58/><D111/><U52/><E81/><V128/><F128/><W105/><G67/><T104/><D131/><U20/><E20/><V97/><F97/><W12/><G105/><T3/><D135/><U86/><E86/><V1/><F14/><W10/><G102/><T90/><D23/><U122/><E122/><V64/><F64/><W50/><G30/><T29/><D29/><U16/><E6/><V25/><F25/><W60/><G60/><T72/><D42/><U108/><E108/><V17/><F17/><W71/><G71/><T51/><D90/><U34/><E34/><V32/><F99/><W125/><G125/><T107/><D107/><U69/><E31/><V48/><F100/><W75/><REACH who="3" step="1"/><G50/><REACH who="3" ten="310,298,230,152" step="2"/><T91/><D51/><U26/><E115/><V47/><F48/><W92/><AGARI ba="2,1" hai="5,10,12,53,54,62,66,70,75,77,83,87,88,92" machi="92" ten="20,12000,1" yaku="1,1,2,1,0,1,7,1,54,1,53,0" doraHai="40" doraHaiUra="33" who="3" fromWho="3" sc="310,-42,298,-42,230,-42,152,136" /><INIT seed="3,3,0,5,5,110" ten="268,256,188,288" oya="3" hai0="99,114,45,11,93,101,109,0,102,47,97,20,30" hai1="123,16,42,132,7,3,52,98,89,40,10,34,26" hai2="57,91,39,107,127,78,23,28,115,25,94,75,81" hai3="131,18,108,117,105,86,122,38,80,126,92,55,44"/><W29/><G105/><T77/><D109/><U96/><E123/><V82/><F39/><W65/><G108/><T66/><D77/><U2/><E132/><V113/><F127/><W112/><G122/><T111/><D111/><U67/><E67/><V134/><F134/><W21/><G117/><T128/><D128/><U24/><E3/><V90/><F107/><W19/><G112/><T35/><D35/><U37/><E34/><V9/><F9/><W70/><G126/><T51/><D114/><U120/><E120/><V5/><F5/><W83/><G65/><T103/><D66/><U129/><E129/><V17/><F28/><W61/><G70/><T68/><D68/><U41/><E37/><V64/><F82/><W71/><G71/><T4/><D99/><U124/><E124/><V46/><F46/><W53/><G38/><T36/><D36/><U73/><E73/><V135/><F135/><W118/><G118/><T121/><D121/><U33/><E33/><V85/><REACH who="2" step="1"/><F91/><REACH who="2" ten="268,256,178,288" step="2"/><N who="3" m="53367" /><G29/><T95/><D47/><U1/><E89/><V116/><F116/><W8/><G131/><T69/><D69/><U48/><E2/><V130/><F130/><W119/><G119/><T133/><D133/><U50/><E1/><V72/><F72/><W56/><G80/><T79/><D79/><U100/><E7/><V13/><F13/><W15/><G83/><T106/><D106/><U22/><E10/><V27/><F27/><N who="3" m="14783" /><G44/><T62/><D30/><U60/><E24/><V87/><F87/><W49/><G8/><N who="0" m="2055" /><D45/><U84/><E84/><V54/><F54/><W125/><G55/><RYUUKYOKU ba="3,1" sc="268,-10,256,-10,178,30,288,-10" hai2="17,23,25,57,64,75,78,81,85,90,94,113,115" /><INIT seed="4,4,1,4,3,53" ten="258,246,208,278" oya="0" hai0="38,42,54,49,14,124,132,67,58,6,0,93,45" hai1="89,11,127,22,80,9,20,78,44,3,74,82,69" hai2="25,24,100,99,26,50,51,108,120,40,131,1,110" hai3="8,106,90,10,28,68,134,41,65,5,118,129,126"/><T121/><D121/><U21/><E69/><V117/><F120/><W76/><G106/><T60/><D132/><U32/><E32/><V55/><F1/><W123/><G76/><T12/><D124/><U70/><E70/><V27/><F117/><W86/><G10/><T31/><D31/><U2/><E44/><V29/><F29/><W122/><G41/><T92/><D0/><U97/><E127/><V17/><F17/><W125/><G28/><T107/><D107/><U83/><E3/><V85/><F131/><W66/><G118/><T94/><REACH who="0" step="1"/><D6/><REACH who="0" ten="248,246,208,278" step="2"/><U112/><E112/><V15/><F110/><W115/><G5/><T111/><D111/><U35/><E2/><V61/><F108/><W23/><G126/><T87/><D87/><U19/><E35/><V102/><F85/><W73/><G86/><T63/><D63/><U103/><E19/><V98/><F61/><W16/><G16/><T57/><AGARI ba="4,2" hai="12,14,38,42,45,49,54,57,58,60,67,92,93,94" machi="57" ten="30,12000,1" yaku="1,1,0,1,52,2,53,1" doraHai="53" doraHaiUra="36" who="0" fromWho="0" sc="248,152,246,-44,208,-44,278,-44" /><INIT seed="4,5,0,3,2,75" ten="400,202,164,234" oya="0" hai0="76,40,41,85,14,4,111,122,135,9,92,6,18" hai1="114,57,89,128,52,46,43,44,82,48,90,33,65" hai2="55,99,127,79,93,27,28,21,22,105,59,78,106" hai3="2,132,118,72,64,96,16,71,115,66,125,51,20"/><T126/><D122/><U123/><E33/><V80/><F127/><W117/><G2/><T73/><D73/><U131/><E123/><V8/><F105/><W36/><G36/><T19/><D126/><U113/><E65/><V109/><F106/><W35/><G35/><T102/><D135/><U17/><E17/><V39/><F39/><W15/><G72/><T133/><D133/><U120/><E120/><V29/><F80/><W58/><G132/><T124/><D111/><U74/><E46/><V68/><F68/><W130/><G125/><T112/><D112/><N who="1" m="43115" /><E74/><V100/><F8/><W67/><G71/><T83/><D124/><U47/><E47/><V50/><F109/><W24/><G130/><N who="1" m="49706" /><E82/><V107/><F107/><W134/><G134/><T56/><D19/><U31/><E31/><V5/><F5/><W1/><G66/><T3/><D56/><U119/><E119/><V30/><F30/><W38/><G58/><T60/><D4/><U121/><E121/><V116/><F116/><W7/><G7/><T42/><D6/><U98/><E98/><V23/><REACH who="2" step="1"/><F29/><REACH who="2" ten="400,202,154,234" step="2"/><W110/><G115/><T94/><D9/><U13/><E13/><V37/><F37/><AGARI ba="5,1" hai="37,43,44,48,52,57,89,90" m="49706,43115" machi="37" ten="30,7700,0" yaku="15,1,11,1,19,1,54,1" doraHai="75" who="1" fromWho="2" sc="400,0,202,102,154,-92,234,0" /><INIT seed="5,0,0,4,2,106" ten="400,304,62,234" oya="1" hai0="124,37,21,38,93,84,65,100,25,133,31,5,51" hai1="127,111,64,4,28,55,36,131,27,135,68,19,117" hai2="126,123,73,14,62,104,115,41,13,109,119,113,85" hai3="120,47,107,45,134,75,59,96,94,67,114,118,53"/><U77/><E55/><V66/><F104/><W56/><G107/><T129/><D129/><U80/><E19/><V105/><F105/><W23/><G75/><T87/><D51/><U52/><E52/><V90/><F119/><W26/><G114/><N who="2" m="43529" /><F109/><W35/><G35/><T74/><D21/><U110/><E127/><V102/><F102/><W91/><G134/><T9/><D38/><U76/><E76/><V72/><F126/><W103/><G120/><T20/><D20/><U11/><E131/><V39/><F39/><W101/><G118/><T79/><D87/><U8/><E36/><V3/><F3/><W10/><G10/><T2/><D84/><U60/><E135/><V130/><F130/><W43/><G43/><T24/><D37/><U95/><E95/><N who="2" m="54735" /><F41/><W122/><G103/><T17/><D2/><N who="1" m="23" /><E11/><V49/><F49/><W89/><G101/><T7/><D9/><U30/><E117/><V29/><F123/><W132/><G122/><T125/><D125/><U15/><E15/><N who="2" m="5643" /><F29/><W82/><G132/><T42/><D42/><U44/><E44/><V71/><AGARI ba="0,0" hai="62,66,71,72,73" m="5643,54735,43529" machi="71" ten="30,7900,0" yaku="15,1,11,1,52,2" doraHai="106" who="2" fromWho="2" sc="400,-20,304,-39,62,79,234,-20" /><INIT seed="6,0,0,5,5,111" ten="380,265,141,214" oya="2" hai0="110,109,48,43,75,28,14,86,52,131,78,115,119" hai1="102,9,76,126,5,120,88,56,72,77,80,32,83" hai2="16,62,47,124,106,125,135,34,41,38,45,4,133" hai3="40,50,1,65,59,42,129,67,95,27,31,29,33"/><V11/><F34/><W44/><G1/><T66/><D75/><U37/><E32/><V21/><F106/><W130/><G31/><T107/><D107/><U61/><E126/><V2/><F62/><W87/><G42/><T94/><D66/><U71/><E120/><V93/><F93/><W81/><G95/><T114/><D43/><U49/><E37/><V35/><F35/><W15/><G15/><T128/><D119/><U116/><E102/><V36/><F47/><W100/><G100/><T26/><D14/><U92/><E49/><V117/><F117/><W20/><G33/><N who="0" m="20631" /><D78/><U112/><E71/><V132/><F38/><W91/><REACH who="3" step="1"/><G59/><REACH who="3" ten="380,265,141,204" step="2"/><N who="0" m="33159" /><D109/><U7/><E92/><V134/><N who="2" m="33792" /><DORA hai="25" /><V13/><AGARI ba="0,1" hai="2,4,11,13,16,21,36,41,45,124,125" m="33792" machi="13" ten="60,12000,1" yaku="4,1,0,1,20,1,54,1" doraHai="111,25" who="2" fromWho="2" sc="380,-40,265,-40,141,130,204,-40" /><INIT seed="6,1,0,2,0,75" ten="340,225,271,164" oya="2" hai0="97,49,36,113,59,35,57,3,104,68,121,117,129" hai1="6,80,135,110,13,102,87,7,105,72,116,64,41" hai2="52,5,122,112,66,130,91,92,90,60,115,71,108" hai3="82,8,34,20,61,37,51,120,9,107,101,63,18"/><V33/><F33/><W124/><G37/><T99/><RYUUKYOKU type="yao9" ba="1,0" sc="340,0,225,0,271,0,164,0" hai0="3,35,36,49,57,59,68,97,99,104,113,117,121,129" /><INIT seed="6,2,0,3,5,87" ten="340,225,271,164" oya="2" hai0="51,109,26,50,36,122,120,101,6,11,18,115,135" hai1="31,44,7,12,106,96,67,25,52,132,29,95,66" hai2="49,97,124,62,68,118,102,48,27,21,61,8,73" hai3="43,91,71,17,56,1,116,108,89,125,42,113,4"/><V76/><F118/><W5/><G71/><T110/><D36/><U19/><E106/><V54/><F124/><W20/><G108/><N who="0" m="41579" /><D101/><U123/><E7/><N who="3" m="2634" /><G1/><N who="0" m="463" /><D50/><U33/><E123/><V32/><F68/><W127/><G116/><T55/><D55/><U74/><E74/><V59/><F32/><W114/><G56/><T45/><D51/><U117/><E117/><V94/><F8/><W47/><G43/><T30/><D45/><U3/><E3/><V104/><F104/><W126/><G47/><T93/><D93/><U60/><E132/><V82/><REACH who="2" step="1"/><F49/><REACH who="2" ten="340,225,261,164" step="2"/><W41/><G41/><T80/><D135/><U38/><E33/><V14/><F14/><N who="3" m="9271" /><G42/><T58/><D120/><U53/><E12/><V99/><F99/><W10/><G10/><T79/><D122/><U111/><E96/><V28/><AGARI ba="2,1" hai="21,27,28,48,54,59,61,62,73,76,82,94,97,102" machi="28" ten="20,12000,1" yaku="1,1,0,1,7,1,53,2" doraHai="87" doraHaiUra="57" who="2" fromWho="2" sc="340,-42,225,-42,261,136,164,-42" /><INIT seed="6,3,0,0,3,85" ten="298,183,397,122" oya="2" hai0="134,27,101,89,127,88,49,17,84,30,3,79,59" hai1="110,66,54,44,82,78,120,52,70,42,87,50,11" hai2="37,119,8,104,111,32,36,97,124,131,73,24,92" hai3="57,7,95,5,28,102,68,129,63,6,2,53,130"/><V16/><F73/><W18/><G2/><T64/><D3/><U132/><E110/><V41/><F124/><W62/><G28/><T19/><D127/><U61/><E132/><V106/><F131/><W26/><G68/><T23/><D134/><U74/><E120/><V58/><F41/><W75/><G75/><T113/><D113/><U13/><REACH who="1" step="1"/><E74/><REACH who="1" ten="298,173,397,122" step="2"/><V118/><F111/><W31/><G130/><T15/><D101/><U122/><E122/><V121/><F121/><W115/><G129/><T47/><D64/><U96/><E96/><V25/><F97/><N who="3" m="59711" /><G115/><T81/><D59/><U38/><E38/><V100/><F58/><W112/><G112/><T56/><D56/><U86/><E86/><V105/><F37/><W107/><G63/><T29/><D29/><U55/><E55/><V117/><F36/><W135/><G135/><T80/><D80/><U12/><E12/><V93/><F119/><W108/><G108/><T65/><D65/><U0/><E0/><V128/><F128/><W99/><G99/><T94/><D94/><U14/><E14/><V91/><F93/><W1/><G1/><T20/><D30/><U22/><E22/><V48/><F92/><W33/><G107/><T126/><D126/><U133/><E133/><V39/><F106/><W9/><G9/><T116/><D116/><U69/><E69/><V114/><F105/><W51/><G62/><T34/><D34/><U98/><E98/><V103/><F104/><W43/><G43/><AGARI ba="3,1" hai="15,17,19,20,23,27,43,47,49,79,81,84,88,89" machi="43" ten="30,8000,1" yaku="7,1,8,1,52,2,54,1" doraHai="85" who="0" fromWho="3" sc="298,99,173,0,397,0,122,-89" /><INIT seed="7,0,0,3,3,32" ten="397,173,397,33" oya="3" hai0="130,76,94,56,11,54,51,67,131,28,30,57,59" hai1="132,5,13,123,84,69,112,72,79,93,113,98,38" hai2="61,120,53,63,78,116,50,133,90,62,21,70,58" hai3="24,100,124,92,97,104,89,102,46,6,16,34,119"/><W75/><G119/><T81/><D94/><U80/><E69/><V129/><F116/><W88/><G124/><T135/><D135/><U126/><E38/><V19/><F133/><W36/><G75/><T22/><D11/><U55/><E132/><V44/><F120/><W20/><G34/><T83/><D83/><U45/><E123/><V49/><F78/><W125/><G125/><T109/><D109/><U87/><E126/><V105/><F105/><W107/><G107/><T71/><D71/><U14/><E87/><V118/><F129/><N who="0" m="49162" /><D22/><U103/><E72/><V31/><F118/><W68/><G68/><T111/><D111/><U73/><E73/><V0/><F0/><W8/><G104/><T122/><D122/><U26/><E26/><N who="2" m="16847" /><F70/><W117/><G117/><T40/><D40/><U65/><E65/><N who="2" m="39095" /><F19/><W23/><G23/><T27/><D67/><U48/><E5/><V127/><F127/><W35/><G35/><N who="0" m="20895" /><D30/><U10/><E10/><V12/><F12/><W106/><G106/><T17/><D17/><U96/><E48/><N who="2" m="28807" /><F90/><W37/><G102/><T95/><D95/><U39/><E45/><V52/><F49/><W114/><G114/><T66/><D66/><U29/><E98/><V18/><F18/><W74/><G74/><AGARI ba="0,0" hai="51,54,56,57,59,74,76,81" m="20895,49162" machi="74" ten="30,1000,0" yaku="19,1" doraHai="32" who="0" fromWho="3" sc="397,10,173,0,397,0,33,-10" owari="407,51.0,173,-23.0,397,20.0,23,-48.0" /></mjloggm>