<mjloggm ver="2.3"><GO type="97" lobby="0"/><UN n0="%E3%83%91%E3%83%81%E3%82%84%E3%82%81%E3%81%9F" n1="%E3%81%A8%E3%81%BE%E3%82%8B" n2="%E5%B0%B1%E6%B4%BB%E7%94%9F%40%E5%B7%9D%E6%9D%91%E8%BB%8D%E5%9B%A3" n3="%6B%69%6E%75%68%69%6B%61" dan="13,13,16,13" rate="1928.18,1908.11,2121.87,1887.89" sx="M,M,M,M"/><TAIKYOKU oya="0"/><INIT seed="0,0,0,4,1,115" ten="250,250,250,250" oya="0" hai0="9,93,131,32,51,134,62,132,23,101,33,70,37" hai1="7,84,102,43,74,124,77,121,130,61,73,59,26" hai2="92,47,100,86,127,94,11,82,90,8,68,2,50" hai3="53,97,91,56,0,105,13,27,52,81,76,111,119"/><T16/><D37/><U129/><E121/><V38/><F38/><W46/><G0/><T10/><D70/><U6/><E102/><V66/><F127/><W95/><G105/><T15/><D62/><U125/><E43/><V114/><F114/><W120/><G120/><T21/><D51/><U116/><E26/><V45/><F45/><W58/><G111/><T87/><D101/><U83/><E116/><V64/><F2/><W44/><G119/><T110/><D93/><N who="2" m="35946" /><F100/><W122/><G122/><T109/><D87/><U128/><E73/><V60/><F68/><W78/><G78/><T63/><D63/><U48/><E48/><V17/><F17/><W18/><G27/><T40/><D40/><U22/><E22/><N who="0" m="8201" /><D10/><N who="2" m="3626" /><F60/><N who="3" m="35847" /><G81/><T69/><D69/><U1/><E74/><V35/><F35/><N who="0" m="13386" /><D131/><U75/><E1/><V24/><F24/><W89/><G76/><T104/><D104/><U19/><E19/><V117/><F117/><W108/><G108/><AGARI ba="0,0" hai="9,15,16,108,109,110,132,134" m="13386,8201" machi="108" ten="40,12000,1" yaku="14,1,10,1,34,2,54,1" doraHai="115" who="0" fromWho="3" sc="250,120,250,0,250,0,250,-120" /><INIT seed="0,1,0,4,1,35" ten="370,250,250,130" oya="0" hai0="16,22,3,115,106,98,80,61,70,94,110,45,85" hai1="69,71,29,92,19,54,18,105,17,24,57,111,74" hai2="89,58,39,121,130,129,67,65,11,117,77,83,126" hai3="44,31,114,88,103,73,30,124,46,112,9,37,21"/><T33/><D115/><U99/><E105/><V107/><F107/><W86/><G103/><T47/><D33/><U79/><E111/><V53/><F39/><W131/><G73/><T20/><D106/><U118/><E118/><V109/><F109/><W127/><G37/><T6/><D70/><U52/><E79/><V27/><F121/><W49/><G9/><T119/><D22/><U48/><E74/><V72/><F126/><N who="3" m="48171" /><G131/><N who="2" m="50185" /><F117/><W15/><G15/><T100/><D119/><U59/><E24/><V41/><F41/><N who="3" m="24719" /><G46/><T113/><D113/><N who="3" m="43625" /><G21/><T104/><D104/><U135/><E29/><V78/><F78/><W125/><N who="3" m="48179" /><W51/><DORA hai="116" /><G51/><T62/><D47/><U10/><E10/><V63/><F89/><W122/><G122/><T50/><D110/><U2/><E2/><V76/><F76/><W120/><G120/><T87/><D3/><U38/><E38/><V40/><F40/><W101/><G101/><T42/><D6/><U1/><E1/><V66/><F11/><W60/><G60/><N who="0" m="23147" /><D80/><AGARI ba="1,0" hai="30,31,80,86,88" m="43625,24719,48179" machi="80" ten="40,2600,0" yaku="18,1,54,1" doraHai="35,116" who="3" fromWho="0" sc="370,-29,250,0,250,0,130,29" /><INIT seed="1,0,0,5,2,103" ten="341,250,250,159" oya="1" hai0="127,30,12,42,80,40,32,81,123,28,2,108,110" hai1="36,74,49,75,22,83,126,5,11,55,101,61,113" hai2="106,118,25,26,19,92,79,53,51,0,41,78,48" hai3="63,89,70,23,71,131,68,77,117,87,93,115,54"/><U16/><E113/><V33/><F106/><W90/><G115/><T43/><D2/><U45/><E36/><V114/><F0/><W120/><G120/><T66/><D66/><U72/><E126/><V99/><F118/><W8/><G117/><T88/><D127/><U82/><E101/><N who="2" m="60647" /><F33/><W128/><G77/><N who="2" m="29193" /><F114/><W44/><G8/><T86/><D32/><U124/><E124/><V97/><F97/><W59/><G44/><T133/><D123/><U46/><E46/><N who="2" m="25679" /><F19/><W27/><REACH who="3" step="1"/><G90/><REACH who="3" ten="341,250,250,149" step="2"/><T7/><D133/><U60/><E11/><V17/><F17/><AGARI ba="0,1" hai="17,23,27,54,59,63,68,70,71,87,89,93,128,131" machi="17" ten="40,2600,0" yaku="1,1,2,1,53,0" doraHai="103" doraHaiUra="132" who="3" fromWho="2" sc="341,0,250,0,250,-26,149,36" /><INIT seed="2,0,0,2,1,110" ten="341,250,224,185" oya="2" hai0="109,88,65,41,95,111,134,124,83,62,19,79,58" hai1="123,86,112,5,33,128,31,69,23,36,118,37,97" hai2="15,104,60,48,43,87,113,16,121,78,10,14,17" hai3="7,84,53,0,101,3,54,57,30,4,26,82,2"/><V105/><F121/><W81/><G101/><T80/><D41/><U38/><E118/><V103/><F113/><W28/><G26/><T32/><D32/><U93/><E123/><V102/><F60/><W25/><G25/><T114/><D114/><U126/><E126/><V133/><F133/><W127/><G127/><T132/><D124/><U12/><E112/><V8/><F104/><W100/><G100/><T74/><D19/><U20/><E33/><V115/><F115/><W99/><G99/><N who="0" m="57831" /><D80/><N who="3" m="30825" /><G57/><T61/><D61/><U35/><E69/><V29/><F105/><W24/><G24/><T108/><AGARI ba="0,0" hai="58,62,65,74,79,83,108,109,111,132,134" m="57831" machi="108" ten="40,2700,0" yaku="14,1,54,1" doraHai="110" who="0" fromWho="0" sc="341,27,250,-7,224,-13,185,-7" /><INIT seed="3,0,0,0,1,44" ten="368,243,211,178" oya="3" hai0="57,74,89,12,103,131,79,3,97,56,80,29,30" hai1="102,84,94,17,21,85,52,45,18,113,116,126,108" hai2="73,110,83,114,118,40,42,4,9,87,69,16,55" hai3="25,58,65,105,77,92,124,134,28,20,6,53,31"/><W93/><G105/><T98/><D3/><U130/><E113/><V5/><F69/><W32/><G32/><T129/><D89/><U62/><E108/><V123/><F73/><W76/><G134/><T2/><D2/><U117/><E126/><V24/><F110/><W67/><G124/><T8/><D97/><U50/><E130/><N who="0" m="49673" /><D29/><U106/><E106/><V54/><F114/><W7/><G20/><T75/><D75/><U96/><E62/><V43/><F123/><W71/><G71/><T51/><D51/><U19/><REACH who="1" step="1"/><E21/><REACH who="1" ten="368,233,211,178" step="2"/><N who="2" m="13351" /><F118/><AGARI ba="0,1" hai="17,18,19,45,50,52,84,85,94,96,102,116,117,118" machi="118" ten="40,8000,1" yaku="1,1,12,1,52,1,54,1,53,0" doraHai="44" doraHaiUra="60" who="1" fromWho="2" sc="368,0,233,90,211,-80,178,0" owari="368,47.0,323,12.0,131,-37.0,178,-22.0" /></mjloggm>