<mjloggm ver="2.3"><GO type="169" lobby="0"/><UN n0="%E3%83%AC%E3%83%87%E3%82%B9%E3%83%9E" n1="%E3%82%AD%E3%83%9F%E3%82%BF%E3%83%9E%E3%82%B4" n2="%E5%B0%B1%E6%B4%BB%E7%94%9F%40%E5%B7%9D%E6%9D%91%E8%BB%8D%E5%9B%A3" n3="%E3%83%91%E3%82%B7%E3%83%AA%EF%BC%A0%E5%B7%9D%E6%9D%91%E8%BB%8D%E5%9B%A3" dan="17,16,17,16" rate="2176.74,2089.18,2210.60,2076.40" sx="M,M,M,M"/><TAIKYOKU oya="0"/><INIT seed="0,0,0,3,4,92" ten="250,250,250,250" oya="0" hai0="46,4,124,108,126,62,19,3,91,99,101,2,121" hai1="90,73,55,44,88,6,9,38,28,53,106,33,72" hai2="23,94,82,80,35,50,12,24,64,13,69,32,18" hai3="47,131,133,118,123,76,115,120,43,5,31,83,16"/><T36/><D121/><N who="3" m="46665" /><G115/><T117/><D117/><U58/><E106/><V14/><F69/><W113/><G113/><T127/><D108/><U17/><E28/><V27/><F64/><W66/><G118/><T11/><D19/><U51/><E33/><V45/><F94/><W68/><G131/><T10/><D91/><U134/><E134/><V77/><F27/><W85/><G133/><T116/><D116/><U71/><E71/><V8/><F82/><W25/><G5/><T112/><D112/><U67/><E67/><V110/><F110/><W84/><G16/><T56/><D46/><U119/><E119/><V129/><F129/><W21/><G66/><N who="0" m="39239" /><D36/><U22/><E72/><V122/><F122/><W61/><G61/><T86/><D86/><U130/><E73/><V74/><REACH who="2" step="1"/><F8/><REACH who="2" ten="250,250,240,250" step="2"/><N who="0" m="3114" /><D4/><U93/><E130/><V59/><F59/><W114/><G114/><T104/><AGARI ba="0,1" hai="2,3,99,101,104,124,126,127" m="3114,39239" machi="104" ten="40,3900,0" yaku="18,1,52,1" doraHai="92" who="0" fromWho="0" sc="250,49,250,-13,240,-13,250,-13" /><INIT seed="0,1,0,3,3,22" ten="299,237,227,237" oya="0" hai0="84,125,7,120,88,104,76,75,62,1,66,58,33" hai1="17,36,123,117,8,10,72,11,45,112,113,68,93" hai2="78,2,54,103,95,48,5,97,6,19,128,29,46" hai3="57,83,132,51,98,107,108,28,40,56,126,27,87"/><T42/><D120/><U135/><E68/><V118/><F128/><W67/><G108/><T25/><D104/><U49/><E72/><V121/><F121/><W101/><G126/><T31/><D125/><U92/><E36/><V14/><F118/><W90/><G132/><T89/><D75/><U116/><E135/><V13/><F2/><W47/><REACH who="3" step="1"/><G67/><REACH who="3" ten="299,237,227,227" step="2"/><T0/><D42/><N who="1" m="24759" /><E123/><V43/><F78/><W23/><AGARI ba="1,1" hai="23,27,28,40,47,51,56,57,83,87,90,98,101,107" machi="23" ten="20,5200,0" yaku="1,1,0,1,7,1,52,1,53,0" doraHai="22" doraHaiUra="115" who="3" fromWho="3" sc="299,-27,237,-14,227,-14,227,65" /><INIT seed="1,0,0,1,1,122" ten="272,223,213,292" oya="1" hai0="101,73,85,9,111,21,2,124,44,50,5,106,117" hai1="80,12,28,17,37,32,48,13,57,134,23,120,81" hai2="107,16,46,43,116,4,88,135,76,30,55,72,25" hai3="129,100,94,15,62,56,14,82,67,35,131,3,68"/><U109/><E37/><V99/><F116/><W104/><G3/><T125/><D117/><U123/><E134/><V98/><F135/><W92/><G104/><T19/><D73/><U39/><E39/><V59/><F4/><W63/><G35/><T33/><D33/><U112/><E112/><V95/><F72/><W60/><G82/><T20/><D85/><U47/><E57/><V69/><F69/><W34/><G34/><T49/><D21/><U119/><E119/><V53/><F76/><W52/><G63/><T74/><D74/><U36/><E36/><V1/><F1/><W128/><G94/><T8/><D8/><U61/><E61/><V18/><F99/><AGARI ba="0,0" hai="14,15,52,56,60,62,67,68,92,99,100,128,129,131" machi="99" ten="40,2600,0" yaku="19,1,54,1" doraHai="122" who="3" fromWho="2" sc="272,0,223,0,213,-26,292,26" /><INIT seed="2,0,0,3,5,42" ten="272,223,187,318" oya="2" hai0="50,77,8,126,10,58,67,35,16,41,43,123,115" hai1="23,0,86,31,62,111,116,59,132,46,48,68,4" hai2="55,11,133,52,95,83,12,1,27,97,37,33,131" hai3="14,15,76,129,63,120,107,20,53,89,109,32,29"/><V102/><F1/><W56/><G120/><T100/><D123/><U64/><E111/><V65/><F131/><W91/><G107/><T92/><D35/><U88/><E132/><V71/><F133/><W51/><G32/><T47/><D115/><U79/><E79/><V25/><F37/><W125/><G125/><T17/><D126/><U106/><E106/><V90/><F71/><W93/><G109/><T57/><D77/><U13/><E0/><V113/><F65/><W21/><G76/><T60/><D41/><U34/><E34/><V114/><F114/><W70/><G91/><T75/><D75/><U73/><E73/><V6/><F113/><W74/><G74/><T22/><D58/><U81/><E116/><V61/><F33/><W78/><G78/><T9/><D22/><U134/><E134/><V69/><F69/><W135/><G129/><T49/><D49/><U30/><E68/><V101/><F61/><W128/><G128/><T45/><D45/><U99/><E99/><AGARI ba="0,0" hai="8,9,10,16,17,43,47,50,57,60,67,92,99,100" machi="99" ten="40,5200,0" yaku="8,1,52,1,54,1" doraHai="42" who="0" fromWho="1" sc="272,52,223,-52,187,0,318,0" /><INIT seed="3,0,0,2,0,58" ten="324,171,187,318" oya="3" hai0="45,83,56,4,66,101,32,44,97,121,107,128,20" hai1="129,73,79,91,135,88,53,12,51,106,104,125,75" hai2="116,126,124,10,110,28,8,26,13,37,40,38,54" hai3="0,78,119,81,132,39,62,112,72,27,3,102,25"/><W21/><G112/><T86/><D32/><U43/><E135/><V133/><F116/><W50/><G39/><T52/><D121/><U90/><E129/><V2/><F133/><W22/><G119/><T111/><D128/><U17/><E125/><N who="2" m="48235" /><F110/><W89/><G102/><T92/><D111/><U105/><E43/><V108/><F108/><W69/><G50/><T96/><D4/><U114/><E79/><V1/><F54/><W5/><G5/><T14/><D66/><U77/><E77/><V24/><F40/><W49/><G49/><T95/><D107/><U31/><E31/><V85/><F85/><W29/><G89/><N who="0" m="51423" /><D20/><U64/><E64/><V120/><F120/><W19/><G132/><T48/><D14/><U99/><E99/><V30/><F37/><W63/><REACH who="3" step="1"/><G69/><REACH who="3" ten="324,171,187,308" step="2"/><T68/><D68/><U61/><E51/><V11/><F38/><W59/><G59/><T57/><D56/><U34/><E114/><V6/><F2/><AGARI ba="0,1" hai="0,2,3,19,21,22,25,27,29,62,63,72,78,81" machi="2" ten="40,7700,0" yaku="1,1,52,2,53,0" doraHai="58" doraHaiUra="84" who="3" fromWho="2" sc="324,0,171,0,187,-77,308,87" /><INIT seed="3,1,0,1,1,51" ten="324,171,110,395" oya="3" hai0="92,56,98,134,9,39,43,106,129,53,95,40,4" hai1="118,12,102,80,127,84,54,13,74,91,75,116,34" hai2="27,28,71,93,36,29,37,66,23,81,122,49,65" hai3="41,50,55,90,123,18,120,125,31,15,85,61,96"/><W62/><G125/><T124/><D124/><U128/><E34/><V20/><F122/><W60/><G96/><T79/><D79/><U114/><E114/><V26/><F81/><W6/><G31/><T135/><D129/><U16/><E13/><V99/><F71/><W21/><G41/><T48/><D106/><U107/><E128/><V25/><F25/><W73/><G6/><T130/><D130/><U44/><E127/><V89/><REACH who="2" step="1"/><F49/><REACH who="2" ten="324,171,100,395" step="2"/><W132/><G73/><T72/><D72/><U19/><E75/><V3/><F3/><W86/><G50/><T33/><D48/><N who="1" m="28935" /><E74/><V30/><F30/><W2/><G2/><T113/><D113/><U59/><E59/><V108/><F108/><W82/><G123/><T68/><D68/><U112/><E112/><V101/><F101/><W58/><G58/><T121/><D56/><U57/><E57/><V17/><F17/><W32/><G18/><T76/><D121/><U94/><E19/><V87/><F87/><W111/><G86/><T35/><D40/><U97/><E107/><V117/><F117/><W45/><G120/><T78/><D43/><U131/><E131/><V126/><F126/><W47/><G111/><T104/><D104/><U83/><E80/><V103/><F103/><W24/><G82/><T52/><D39/><AGARI ba="1,1" hai="20,23,26,27,28,29,36,37,39,65,66,89,93,99" machi="39" ten="40,2600,0" yaku="1,1,9,1,53,0" doraHai="51" doraHaiUra="14" who="2" fromWho="0" sc="324,-29,171,0,100,39,395,0" /><INIT seed="4,0,0,2,5,60" ten="295,171,139,395" oya="0" hai0="34,17,7,58,6,66,111,94,103,15,105,82,55" hai1="90,109,38,104,135,133,84,85,96,129,113,63,79" hai2="9,102,74,51,49,48,110,16,128,81,21,117,98" hai3="76,12,40,47,14,86,88,8,123,115,101,43,59"/><T73/><D105/><U64/><E38/><V4/><F110/><W124/><G115/><T93/><D34/><U87/><E109/><V78/><F128/><W70/><G70/><T44/><D111/><U114/><E129/><V83/><F117/><W69/><G69/><T45/><D73/><U116/><E116/><V35/><F35/><W0/><G0/><T75/><D75/><U41/><E41/><V132/><F132/><N who="1" m="50761" /><E79/><V37/><F37/><W67/><G101/><T127/><D82/><N who="1" m="49431" /><E64/><V28/><F28/><W95/><G43/><T100/><D66/><U52/><E63/><V1/><F83/><W71/><G67/><T65/><D65/><U24/><E52/><V120/><F120/><W57/><G40/><T26/><D55/><U36/><E24/><V31/><F31/><W13/><G47/><T27/><D58/><U80/><E36/><V33/><F33/><W61/><G59/><T23/><D103/><N who="1" m="62567" /><E80/><V54/><F54/><W91/><G57/><T92/><D45/><U42/><E42/><V5/><F5/><W119/><G61/><T50/><D7/><U20/><E20/><V97/><REACH who="2" step="1"/><F102/><REACH who="2" ten="295,171,129,395" step="2"/><W89/><G119/><T19/><D100/><U10/><E10/><V22/><F22/><W68/><G8/><T122/><D6/><U77/><E77/><V118/><F118/><W25/><G71/><T106/><D23/><U125/><E125/><V29/><F29/><W121/><G124/><T112/><D127/><U134/><E134/><V32/><F32/><W56/><G68/><T30/><D30/><U46/><E46/><V62/><F62/><RYUUKYOKU ba="0,1" sc="295,-15,171,15,129,15,395,-15" hai1="85,87,113,114" hai2="1,4,9,16,21,48,49,51,74,78,81,97,98" /><INIT seed="5,1,1,1,3,90" ten="280,186,144,380" oya="1" hai0="65,75,31,1,0,11,32,132,57,23,7,121,86" hai1="44,88,56,85,73,36,19,67,125,135,79,53,97" hai2="62,118,22,95,49,70,82,115,116,37,3,2,89" hai3="84,134,10,108,126,68,50,128,123,40,30,48,29"/><U106/><E135/><V17/><F37/><W113/><G68/><T64/><D75/><U46/><E125/><V129/><F129/><W21/><G108/><T52/><D32/><U61/><E36/><V43/><F115/><W41/><G123/><T35/><D35/><U81/><E19/><V54/><F2/><W72/><G72/><T99/><D1/><U60/><E106/><V80/><F3/><W78/><G10/><T124/><D124/><U127/><E97/><V39/><F39/><W122/><G21/><T102/><D86/><U107/><E107/><V109/><F109/><W6/><G6/><T58/><D58/><U103/><E103/><V28/><F28/><W100/><G100/><T110/><D110/><U105/><E105/><V51/><F118/><W42/><G30/><T25/><D132/><U76/><E127/><V112/><F112/><W12/><G29/><T120/><D65/><U77/><REACH who="1" step="1"/><E73/><REACH who="1" ten="280,176,144,380" step="2"/><V33/><F116/><W111/><G134/><T92/><D120/><U117/><E117/><V119/><F119/><W133/><G133/><T4/><D121/><U74/><E74/><V71/><F71/><AGARI ba="1,2" hai="44,46,53,56,60,61,67,71,76,77,79,81,85,88" machi="71" ten="40,3900,0" yaku="1,1,54,1,53,0" doraHai="90" doraHaiUra="114" who="1" fromWho="2" sc="280,0,176,62,144,-42,380,0" /><INIT seed="5,2,0,1,4,50" ten="280,238,102,380" oya="1" hai0="25,20,91,21,73,6,56,43,27,34,130,31,4" hai1="59,86,22,74,17,121,97,84,40,124,134,58,5" hai2="62,60,45,100,98,76,85,18,117,87,119,38,19" hai3="92,101,93,57,108,90,15,106,103,70,111,132,122"/><U32/><E32/><V118/><F38/><W53/><G70/><T14/><D73/><U107/><E74/><V7/><F7/><W42/><G122/><T52/><D130/><U133/><E5/><V64/><F45/><W29/><G42/><T82/><D43/><U94/><E107/><V114/><F114/><W10/><G93/><T88/><D34/><U95/><E40/><V123/><F123/><W120/><G132/><N who="1" m="50794" /><E124/><V80/><F87/><N who="1" m="33321" /><E121/><V129/><F129/><W81/><G120/><T1/><D1/><U89/><E95/><V54/><F64/><W78/><G78/><T46/><D46/><U39/><E39/><V116/><N who="2" m="30208" /><DORA hai="127" /><V79/><F79/><W112/><G81/><T37/><D37/><U105/><E105/><V44/><F62/><W66/><G66/><T41/><D41/><U28/><E28/><V83/><F83/><W16/><G29/><N who="0" m="17583" /><D82/><U99/><E99/><V128/><F128/><W35/><G35/><T96/><D96/><U68/><E68/><V75/><F75/><W69/><G69/><T131/><D131/><U55/><E55/><V3/><F3/><W102/><G106/><T135/><D135/><U51/><E51/><V63/><F63/><W26/><G112/><T24/><D6/><U47/><E47/><V13/><F44/><W36/><G36/><T61/><D27/><AGARI ba="2,0" hai="17,22,27,58,59,89,94,97" m="33321,50794" machi="27" ten="30,1500,0" yaku="20,1" doraHai="50,127" who="1" fromWho="0" sc="280,-21,238,21,102,0,380,0" /><INIT seed="5,3,0,0,0,57" ten="259,259,102,380" oya="1" hai0="61,104,25,40,66,117,102,83,50,91,28,16,128" hai1="0,70,29,131,38,10,63,73,47,84,133,1,113" hai2="130,13,108,100,60,105,49,51,86,62,56,9,118" hai3="119,36,134,46,6,69,55,126,34,14,92,37,19"/><U103/><E113/><V65/><F118/><W27/><G69/><T4/><D4/><U2/><E73/><V39/><F108/><W20/><G126/><T54/><D117/><U116/><E133/><V115/><F39/><W107/><G107/><T114/><D40/><U97/><E131/><V3/><F3/><W109/><G109/><T123/><D114/><U79/><E29/><V31/><F130/><W12/><G134/><T71/><D128/><U67/><E116/><V129/><F129/><W110/><G14/><T77/><D91/><U112/><E112/><V127/><F127/><W124/><G124/><T43/><D43/><U59/><E10/><V87/><F115/><W125/><G125/><T95/><D104/><U5/><E5/><V122/><F122/><W35/><G35/><T135/><D135/><U26/><E26/><V96/><F31/><W11/><G92/><T94/><D102/><U90/><E79/><V106/><F106/><W41/><G110/><T44/><D123/><U111/><E111/><V80/><F62/><W88/><G37/><T15/><D25/><U121/><E121/><V24/><F24/><W98/><G34/><T7/><D7/><U132/><E132/><V52/><F80/><W101/><G119/><T72/><REACH who="0" step="1"/><D28/><REACH who="0" ten="249,259,102,380" step="2"/><U32/><E38/><V120/><F120/><W82/><G36/><T45/><D45/><U76/><E47/><V68/><REACH who="2" step="1"/><F49/><REACH who="2" ten="249,259,92,380" step="2"/><W30/><G27/><T22/><AGARI ba="3,2" hai="15,16,22,44,50,54,61,66,71,72,77,83,94,95" machi="22" ten="20,12000,2" yaku="1,1,0,1,7,1,52,1,54,1,53,1" doraHai="57" doraHaiUra="64" who="0" fromWho="0" sc="249,149,259,-63,92,-33,380,-33" /><INIT seed="6,0,0,5,3,132" ten="398,196,59,347" oya="2" hai0="28,107,23,17,106,39,103,11,100,118,3,58,135" hai1="14,79,32,18,92,105,109,44,1,20,56,30,91" hai2="102,24,119,45,133,113,40,127,34,8,126,48,121" hai3="77,84,95,15,46,124,122,134,47,74,59,115,36"/><V111/><F121/><W19/><G122/><T13/><D39/><U116/><E105/><V64/><F119/><W130/><G134/><T16/><D135/><U52/><E1/><V4/><F133/><W22/><G74/><T97/><D118/><U42/><E79/><V72/><F72/><W129/><G115/><T73/><D73/><U98/><E109/><V25/><F113/><W31/><G36/><T86/><D86/><U112/><E32/><V85/><F111/><W57/><G31/><T10/><D28/><U21/><E112/><V110/><F110/><W75/><G75/><T70/><D70/><U101/><E116/><V66/><F102/><W83/><G95/><T108/><D108/><U0/><E0/><V60/><F85/><W2/><G2/><T125/><D58/><N who="3" m="22025" /><G124/><N who="2" m="47657" /><F34/><W12/><G12/><T63/><D13/><U96/><E30/><V53/><F53/><W82/><G82/><T26/><D103/><U67/><E67/><N who="2" m="25643" /><F60/><W93/><G84/><T68/><D63/><N who="1" m="36231" /><E101/><V9/><F9/><W54/><G54/><T43/><D11/><N who="1" m="6495" /><E98/><V123/><F123/><W29/><G129/><T128/><D10/><U88/><E91/><V90/><F90/><W55/><G55/><T33/><D33/><U131/><E131/><V99/><F99/><W78/><G130/><T80/><D128/><U50/><AGARI ba="0,0" hai="20,21,42,44,50,88,92,96" m="6495,36231" machi="50" ten="30,4000,0" yaku="8,1,54,2" doraHai="132" who="1" fromWho="1" sc="398,-10,196,40,59,-20,347,-10" /><INIT seed="7,0,0,0,3,78" ten="388,236,39,337" oya="3" hai0="64,103,33,63,26,11,111,66,17,72,131,92,51" hai1="65,110,24,108,45,70,91,19,18,40,135,130,113" hai2="60,62,104,58,2,27,114,116,37,13,97,102,120" hai3="52,119,4,14,59,82,23,86,6,127,93,87,76"/><W80/><G127/><T94/><D111/><U126/><E91/><V106/><F116/><W36/><G36/><T122/><D122/><U132/><E24/><V8/><F120/><W107/><G107/><T47/><D72/><U112/><E19/><V0/><F114/><N who="1" m="44137" /><E18/><V69/><F37/><W98/><G119/><T133/><D131/><U129/><E65/><V12/><F27/><W61/><G23/><T25/><D64/><U39/><E70/><V20/><F20/><W53/><G14/><T96/><D25/><U22/><E22/><V73/><F69/><W5/><G53/><T21/><D17/><U74/><E74/><V123/><F123/><W10/><G10/><T55/><D11/><U68/><E68/><V28/><F73/><W109/><G109/><N who="1" m="42090" /><E126/><V32/><F8/><W124/><G124/><T121/><D121/><U7/><E7/><V49/><F32/><W44/><G44/><T3/><D33/><U57/><E57/><V46/><F28/><W56/><G56/><T88/><D47/><U35/><E35/><V101/><F58/><W75/><G75/><T77/><D21/><U54/><E54/><V83/><F46/><W67/><G67/><T81/><D66/><U42/><E42/><V29/><F29/><W134/><G134/><AGARI ba="0,0" hai="39,40,45,129,130,132,134,135" m="42090,44137" machi="134" ten="40,8000,1" yaku="20,1,15,1,23,1,34,2" doraHai="78" who="1" fromWho="3" sc="388,0,236,80,39,0,337,-80" owari="388,48.0,316,12.0,39,-46.0,257,-14.0" /></mjloggm>