<mjloggm ver="2.3"><GO type="169" lobby="0"/><UN n0="%E7%94%9F%E8%82%89%E3%81%A7%E3%81%99%E3%82%88" n1="%E3%82%AC%E3%83%9F%E3%82%B4%E3%83%B3" n2="%E3%83%88%E3%83%88%E3%83%AA%E5%85%88%E7%94%9F%31%39%E6%AD%B3" n3="%E3%81%BE%E3%81%93%E3%81%95%E3%81%A8%76%65%72%32" dan="16,16,18,17" rate="2115.96,2119.12,2248.26,2198.78" sx="M,M,F,M"/><TAIKYOKU oya="0"/><INIT seed="0,0,0,2,0,48" ten="250,250,250,250" oya="0" hai0="6,10,92,102,62,51,70,107,35,127,13,99,113" hai1="89,108,78,59,30,106,75,25,28,47,20,31,117" hai2="86,98,97,119,57,79,41,58,39,85,83,26,54" hai3="109,111,56,130,4,82,69,61,104,94,55,123,19"/><T76/><D113/><U65/><E117/><V129/><F129/><W15/><G104/><T103/><D127/><U135/><E106/><V42/><F119/><W53/><G69/><T34/><D76/><U110/><E135/><V90/><F26/><W64/><G130/><T22/><D22/><U122/><E122/><V128/><F128/><W24/><G123/><T81/><D81/><N who="1" m="45279" /><E89/><V116/><F116/><W2/><G2/><T91/><D102/><U5/><E47/><V16/><F58/><W45/><G45/><T0/><D0/><U114/><E5/><V100/><F16/><W66/><G66/><T80/><D80/><U124/><E124/><V7/><F7/><W18/><G4/><T60/><D51/><U33/><E33/><V17/><F17/><W120/><G120/><T134/><D134/><U101/><E101/><V68/><F68/><W27/><G94/><T36/><D36/><U126/><E114/><V71/><F71/><W11/><G82/><T105/><D105/><U96/><E96/><N who="2" m="36971" /><F39/><W72/><G72/><T9/><D9/><U63/><E126/><V74/><F100/><W38/><G38/><T50/><D50/><U29/><E29/><V133/><F74/><W125/><G125/><T44/><D70/><U73/><E73/><V95/><F133/><W40/><G40/><T67/><D67/><U37/><E37/><V3/><F3/><W112/><G112/><T132/><D132/><U1/><E1/><V32/><F32/><N who="0" m="12330" /><D44/><U49/><E49/><AGARI ba="0,0" hai="41,42,49,54,57,79,83,85,86,90,95" m="36971" machi="49" ten="30,2000,0" yaku="8,1,52,1" doraHai="48" who="2" fromWho="1" sc="250,0,250,-20,250,20,250,0" /><INIT seed="1,0,0,0,5,15" ten="250,230,270,250" oya="1" hai0="81,13,64,20,127,78,41,103,130,26,27,115,74" hai1="67,47,53,100,18,123,112,79,31,45,35,109,96" hai2="14,17,116,37,107,50,2,9,72,120,55,19,58" hai3="118,66,126,84,51,99,48,82,6,44,87,0,75"/><U77/><E112/><V93/><F116/><W4/><G75/><T10/><D115/><U23/><E123/><V39/><F120/><W83/><G126/><T46/><D127/><U88/><E67/><V101/><F107/><W22/><G66/><T106/><D130/><U86/><E109/><V114/><F72/><W128/><G128/><T94/><D64/><U25/><E53/><V54/><F114/><W40/><G118/><T92/><D106/><U125/><E125/><V102/><F2/><W135/><G0/><T7/><D103/><U8/><E79/><V113/><F113/><W34/><G34/><T132/><D27/><U24/><E8/><V90/><F39/><W117/><G99/><T119/><D132/><U89/><E77/><V29/><F37/><W42/><G117/><T30/><REACH who="0" step="1"/><D119/><REACH who="0" ten="240,230,270,250" step="2"/><U108/><E108/><V62/><F29/><W12/><G135/><T32/><D32/><U76/><E76/><V61/><F101/><W95/><G95/><T5/><D5/><U65/><E65/><V70/><F102/><W111/><G111/><T33/><D33/><U124/><E124/><V43/><F70/><W52/><G4/><T68/><D68/><U69/><E69/><V57/><F19/><W91/><G6/><T36/><AGARI ba="0,1" hai="7,10,13,20,26,30,36,41,46,74,78,81,92,94" machi="36" ten="20,5200,0" yaku="1,1,0,1,7,1,53,1" doraHai="15" doraHaiUra="105" who="0" fromWho="0" sc="240,62,230,-26,270,-13,250,-13" /><INIT seed="2,0,0,5,4,60" ten="302,204,257,237" oya="2" hai0="20,84,86,19,116,72,36,112,74,18,122,78,59" hai1="26,28,124,11,63,37,25,118,65,117,61,3,121" hai2="70,43,129,64,12,5,76,101,119,22,95,30,52" hai3="132,44,1,100,128,77,82,107,98,80,27,15,53"/><V66/><F119/><W34/><G1/><T105/><D112/><U49/><E37/><V40/><F129/><W81/><G132/><T115/><D115/><U135/><E135/><V38/><F70/><W17/><G128/><T120/><D36/><U92/><E124/><V48/><F76/><W96/><G96/><T58/><D20/><U24/><E121/><V45/><F5/><W75/><G53/><T68/><D68/><U134/><E134/><V54/><F54/><W67/><G44/><T42/><D42/><N who="2" m="15914" /><F38/><W102/><G102/><T46/><D78/><U97/><E28/><V126/><F126/><W29/><G67/><N who="2" m="25641" /><F12/><W87/><G75/><T2/><D2/><U91/><E118/><V33/><F33/><W106/><G106/><T39/><D105/><U83/><E117/><V104/><F104/><W88/><G77/><T114/><D116/><U23/><E3/><V109/><F109/><W85/><G85/><T50/><D114/><U108/><E108/><V13/><F13/><W111/><G111/><T62/><D39/><U0/><E0/><V16/><F16/><W73/><G73/><T93/><D46/><U7/><E7/><V47/><F47/><W99/><G99/><T110/><D110/><U127/><E127/><V125/><F125/><W55/><G55/><T69/><D69/><U79/><E97/><N who="2" m="59583" /><F30/><W10/><AGARI ba="0,0" hai="10,15,17,27,29,34,80,81,82,87,88,98,100,107" machi="10" ten="20,2700,0" yaku="0,1,7,1,54,1" doraHai="60" who="3" fromWho="3" sc="302,-7,204,-7,257,-13,237,27" /><INIT seed="3,0,0,5,2,129" ten="295,197,244,264" oya="3" hai0="25,133,28,74,51,93,75,104,79,77,13,96,38" hai1="12,113,16,72,100,116,5,39,65,98,127,47,92" hai2="120,0,35,115,102,80,101,95,42,56,34,3,8" hai3="130,43,89,64,62,84,20,54,2,131,119,81,123"/><W91/><G2/><T85/><D38/><U7/><E113/><V10/><F115/><W118/><G123/><T44/><D104/><U67/><E72/><V57/><F95/><W78/><G43/><T50/><D13/><U114/><E114/><V90/><F80/><W103/><G54/><T135/><D75/><U105/><E127/><V15/><F15/><W45/><G45/><T109/><D74/><U40/><E116/><V69/><F42/><W107/><G20/><N who="0" m="15399" /><D109/><U59/><E105/><V55/><F55/><W37/><G37/><T110/><D110/><U66/><REACH who="1" step="1"/><E59/><REACH who="1" ten="295,187,244,264" step="2"/><V125/><F125/><W126/><G126/><T19/><D135/><U122/><E122/><V106/><F106/><W18/><G118/><T41/><D133/><U82/><E82/><V53/><F57/><W83/><G119/><T23/><D85/><U86/><E86/><V26/><F56/><W9/><G107/><T14/><D50/><U70/><E70/><V121/><F69/><W134/><G134/><T32/><D32/><U24/><E24/><V71/><F26/><W46/><G84/><T124/><D124/><U33/><E33/><V76/><F71/><W117/><G117/><T97/><D96/><U17/><E17/><V36/><F35/><W27/><G18/><T1/><D1/><U58/><E58/><V61/><F34/><W132/><G27/><T112/><D112/><U60/><E60/><V30/><F121/><W6/><G62/><T4/><D97/><U21/><AGARI ba="0,1" hai="5,7,12,16,21,39,40,47,65,66,67,92,98,100" machi="21" ten="30,4000,0" yaku="1,1,0,1,54,1,53,0" doraHai="129" doraHaiUra="108" who="1" fromWho="1" sc="295,-10,187,50,244,-10,264,-20" /><INIT seed="4,0,0,3,2,33" ten="285,237,234,244" oya="0" hai0="19,28,119,75,62,116,105,107,109,2,11,56,89" hai1="85,83,95,12,55,132,104,36,41,128,40,9,51" hai2="10,115,34,32,7,117,66,57,133,88,15,91,80" hai3="5,93,71,45,90,50,37,44,58,21,59,18,54"/><T82/><D109/><U114/><E104/><V101/><F115/><W61/><G5/><T31/><D107/><U52/><E114/><V106/><F133/><W96/><G71/><T24/><D105/><U42/><E128/><V73/><F117/><W4/><G4/><T17/><D116/><U43/><E132/><V27/><F73/><W38/><G58/><T112/><D112/><U47/><E95/><V121/><F121/><W127/><G127/><T49/><D49/><U35/><E35/><V16/><F34/><W81/><G81/><T29/><D119/><U53/><E36/><V64/><F106/><W125/><G45/><T69/><D69/><U13/><REACH who="1" step="1"/><E9/><REACH who="1" ten="285,227,234,244" step="2"/><V110/><F32/><W134/><G134/><T92/><D11/><U76/><AGARI ba="0,1" hai="12,13,40,41,42,43,47,51,52,53,55,76,83,85" machi="76" ten="30,8000,1" yaku="1,1,2,1,0,1,8,1,54,1,53,0" doraHai="33" doraHaiUra="1" who="1" fromWho="1" sc="285,-40,227,90,234,-20,244,-20" /><INIT seed="5,0,0,3,5,37" ten="245,317,214,224" oya="1" hai0="10,20,44,131,90,12,104,52,93,25,74,47,7" hai1="24,109,60,18,51,42,41,33,99,28,36,45,110" hai2="53,70,22,86,30,135,54,111,14,98,82,23,80" hai3="27,129,123,9,119,116,130,64,132,128,85,13,66"/><U100/><E18/><N who="2" m="10583" /><F70/><W63/><G123/><T55/><D104/><U124/><E124/><V38/><F38/><W65/><G85/><T115/><D74/><U21/><E33/><V40/><F135/><W87/><G132/><T81/><D81/><U84/><E60/><V29/><F82/><W31/><G87/><N who="0" m="52447" /><D115/><U83/><E99/><V101/><F40/><W15/><G63/><T59/><D131/><U69/><E100/><V43/><F43/><W4/><REACH who="3" step="1"/><G15/><REACH who="3" ten="245,317,214,214" step="2"/><T114/><D114/><U32/><E36/><V102/><F86/><W94/><G94/><T106/><D106/><U103/><E84/><V67/><F80/><W58/><G58/><T6/><D59/><U88/><E83/><V95/><F95/><W16/><G16/><N who="0" m="12423" /><D6/><U107/><E69/><V113/><F113/><W75/><G75/><T1/><D1/><U0/><E0/><V2/><F2/><W3/><G3/><T79/><D79/><U11/><E107/><V117/><F98/><W48/><G48/><T121/><D121/><U97/><E51/><V61/><F61/><W125/><G125/><T126/><D126/><U105/><E97/><V56/><F56/><W72/><G72/><T5/><D5/><U127/><E105/><V78/><F78/><W91/><G91/><T122/><D122/><U68/><E88/><V96/><F96/><W50/><G50/><T76/><D76/><U133/><E68/><V120/><F120/><W35/><AGARI ba="0,1" hai="4,9,13,27,31,35,64,65,66,116,119,128,129,130" machi="35" ten="40,8000,1" yaku="1,1,0,1,19,1,53,2" doraHai="37" doraHaiUra="112" who="3" fromWho="3" sc="245,-20,317,-40,214,-20,214,90" /><INIT seed="6,0,0,2,0,3" ten="225,277,194,304" oya="2" hai0="113,66,112,15,34,123,101,105,51,41,12,122,115" hai1="47,130,84,68,133,38,106,64,19,61,88,125,124" hai2="54,49,114,127,60,5,16,46,58,70,2,59,107" hai3="8,24,21,98,91,6,37,62,116,22,65,7,117"/><V75/><F107/><W100/><G37/><T40/><D34/><U129/><E106/><V50/><F75/><W43/><G43/><N who="0" m="16459" /><D51/><U29/><E133/><V86/><F114/><W39/><G39/><T26/><D26/><U94/><E29/><V30/><F127/><N who="1" m="48713" /><E19/><V134/><F134/><W20/><G91/><T118/><D66/><U73/><E73/><V82/><F70/><W119/><G8/><T85/><D85/><U55/><E38/><V109/><F109/><W25/><G25/><T131/><D131/><U121/><E121/><N who="0" m="46089" /><D118/><U52/><E47/><V32/><F30/><W99/><G24/><T44/><D44/><U1/><E1/><V74/><F74/><W77/><G77/><T14/><D105/><U104/><E104/><V28/><F28/><W72/><G72/><T71/><D101/><U17/><E17/><V102/><F102/><W128/><G128/><AGARI ba="0,0" hai="52,55,61,64,68,84,88,94,128,129,130" m="48713" machi="128" ten="30,7700,0" yaku="19,1,18,1,54,2" doraHai="3" who="1" fromWho="3" sc="225,0,277,77,194,0,304,-77" /><INIT seed="7,0,0,4,3,64" ten="225,354,194,227" oya="3" hai0="6,112,118,96,93,69,42,125,40,121,8,0,86" hai1="98,62,14,59,2,55,47,135,49,20,133,16,94" hai2="21,71,28,25,123,108,129,81,31,50,132,97,23" hai3="134,10,80,104,119,102,43,32,113,11,88,29,74"/><W56/><G119/><T68/><D121/><U36/><E2/><V120/><F108/><W65/><G43/><T77/><D118/><U51/><E36/><V91/><F129/><W5/><G134/><N who="1" m="51210" /><E47/><V110/><F110/><W18/><G113/><T63/><D112/><U35/><E35/><V78/><F132/><W12/><G102/><AGARI ba="0,0" hai="14,16,20,49,51,55,59,62,94,98,102" m="51210" machi="102" ten="30,2000,0" yaku="20,1,54,1" doraHai="64" who="1" fromWho="3" sc="225,0,354,20,194,0,227,-20" owari="225,3.0,374,47.0,194,-31.0,207,-19.0" /></mjloggm>