<mjloggm ver="2.3"><GO type="169" lobby="0"/><UN n0="%67%61%69%61%78%78%78" n1="%E5%B0%B1%E6%B4%BB%E7%94%9F%40%E5%B7%9D%E6%9D%91%E8%BB%8D%E5%9B%A3" n2="%E6%AF%94%E5%98%89%E7%A7%80%E4%BB%81" n3="%E3%83%AC%E3%83%87%E3%82%B9%E3%83%9E" dan="16,18,16,17" rate="2105.29,2225.81,2087.86,2150.56" sx="F,M,M,M"/><TAIKYOKU oya="0"/><INIT seed="0,0,0,3,0,74" ten="250,250,250,250" oya="0" hai0="100,33,95,19,93,102,64,129,27,99,60,118,6" hai1="135,81,55,66,41,45,73,70,50,16,121,21,35" hai2="72,18,11,8,76,36,98,113,107,124,116,44,130" hai3="22,79,120,77,75,94,106,97,40,87,14,57,0"/><T68/><D118/><U51/><E35/><V125/><F113/><W110/><G0/><T80/><D129/><U83/><E121/><V23/><F130/><W42/><G120/><T12/><D6/><U104/><E104/><V84/><F72/><W49/><G75/><T117/><D117/><U9/><E135/><V56/><F116/><W54/><G110/><T30/><D80/><U58/><E9/><V67/><F67/><W34/><G34/><T82/><D82/><U39/><E73/><V105/><F56/><W127/><G106/><T132/><D132/><U112/><E112/><V63/><F63/><W7/><G127/><T65/><D65/><U4/><E4/><V25/><F84/><W37/><G37/><T101/><REACH who="0" step="1"/><D95/><REACH who="0" ten="240,250,250,250" step="2"/><U126/><E126/><N who="2" m="48747" /><F107/><W48/><G7/><T1/><D1/><U53/><E66/><V114/><F114/><W115/><G115/><T26/><D26/><U20/><E81/><V111/><F111/><W13/><G94/><T134/><D134/><U3/><E83/><V123/><F123/><W131/><G131/><T90/><D90/><U52/><E3/><V32/><F105/><W47/><G14/><T128/><D128/><U92/><E92/><V31/><F76/><W103/><G79/><T29/><D29/><U10/><E70/><V28/><F28/><W17/><G77/><T2/><D2/><U96/><E96/><V46/><F98/><W109/><G109/><T61/><D61/><U88/><E88/><V38/><F31/><W108/><G108/><T86/><D86/><U89/><E89/><V5/><F5/><RYUUKYOKU ba="0,1" sc="240,30,250,-10,250,-10,250,-10" hai0="12,19,27,30,33,60,64,68,93,99,100,101,102" /><INIT seed="0,1,1,5,4,67" ten="270,240,240,240" oya="0" hai0="47,133,86,89,53,76,131,69,64,21,122,44,123" hai1="29,57,105,106,87,104,117,108,17,35,51,103,73" hai2="127,34,121,114,27,74,10,98,77,33,107,60,19" hai3="15,70,94,25,62,24,82,14,100,102,81,59,129"/><T95/><D47/><U75/><E117/><V85/><F121/><W23/><G129/><T97/><D133/><U12/><E108/><V20/><F74/><W2/><G2/><T125/><D131/><U45/><E103/><V116/><F116/><W22/><G59/><T0/><D0/><U65/><E29/><V112/><F127/><W36/><G94/><T120/><D125/><U42/><E35/><V84/><F60/><W109/><G62/><T6/><D6/><U80/><E57/><V5/><F107/><W46/><G46/><T55/><D21/><U49/><E65/><V130/><F98/><W66/><G66/><T113/><D113/><U1/><E51/><V31/><F130/><W91/><G91/><T92/><D44/><U101/><E101/><V54/><F54/><W135/><G36/><T16/><D76/><U63/><E63/><V9/><F77/><W8/><G8/><N who="2" m="3177" /><F84/><W83/><G83/><T4/><D4/><U32/><E1/><V26/><F85/><W90/><G90/><T132/><D64/><U58/><E58/><V7/><F34/><W68/><REACH who="3" step="1"/><G135/><REACH who="3" ten="270,240,240,230" step="2"/><T43/><D132/><U18/><E45/><V118/><F118/><W50/><G50/><T134/><D134/><U119/><E49/><V41/><F41/><W37/><G37/><T111/><D43/><U71/><E42/><V96/><F96/><W115/><G115/><AGARI ba="1,2" hai="5,7,19,20,26,27,31,33,112,114,115" m="3177" machi="115" ten="30,2000,0" yaku="34,2" doraHai="67" who="2" fromWho="3" sc="270,0,240,0,240,43,230,-23" /><INIT seed="1,0,0,4,2,81" ten="270,240,283,207" oya="1" hai0="97,113,128,83,105,123,70,106,132,16,67,92,30" hai1="100,130,69,107,45,68,110,103,40,109,87,12,80" hai2="135,125,18,35,44,72,38,91,29,34,116,66,63" hai3="31,25,48,61,42,73,88,119,93,95,24,55,126"/><U49/><E130/><V1/><F116/><W104/><G104/><T65/><D113/><U76/><E12/><V85/><F72/><W114/><G114/><T53/><D30/><U10/><E10/><V58/><F1/><W7/><G73/><T122/><D128/><U36/><E36/><V33/><F135/><W75/><G75/><T13/><D132/><U9/><E9/><V41/><F125/><W50/><G7/><T74/><D53/><U99/><REACH who="1" step="1"/><E100/><REACH who="1" ten="270,230,283,207" step="2"/><V39/><F39/><W57/><G126/><T54/><D13/><U120/><E120/><V112/><F112/><W82/><G119/><T127/><D122/><U21/><E21/><V86/><F35/><W15/><G15/><T77/><D123/><U118/><E118/><V90/><F34/><W117/><G117/><T28/><D127/><U98/><E98/><V14/><F33/><W134/><G134/><T62/><D97/><U78/><E78/><V96/><F96/><W0/><G0/><T32/><D77/><U37/><E37/><V47/><F38/><W20/><G25/><T121/><D32/><U17/><E17/><V102/><F102/><W129/><G129/><T19/><D19/><U64/><E64/><V6/><F18/><W11/><G11/><T4/><D16/><U3/><E3/><V43/><F14/><W52/><G24/><T111/><D65/><U131/><E131/><V89/><F6/><W23/><G23/><T2/><D4/><U51/><E51/><N who="2" m="27023" /><F29/><W101/><G31/><T56/><D28/><U133/><E133/><V8/><F8/><W94/><G101/><RYUUKYOKU ba="0,1" sc="270,-15,230,15,283,15,207,-15" hai1="40,45,49,68,69,76,80,87,99,103,107,109,110" hai2="43,47,58,63,66,85,86,89,90,91" /><INIT seed="1,1,1,2,0,98" ten="255,245,298,192" oya="1" hai0="116,26,74,131,104,124,106,58,113,44,73,70,62" hai1="18,66,56,78,126,35,9,39,102,127,21,76,48" hai2="52,79,118,60,14,123,94,63,12,122,15,36,97" hai3="129,17,41,25,40,46,108,49,38,5,47,133,69"/><U128/><E35/><V19/><F118/><W109/><G5/><T114/><D116/><U6/><E39/><V72/><F36/><W120/><G120/><T101/><D58/><U45/><E128/><V67/><F79/><W86/><G129/><T59/><D59/><U13/><E102/><V90/><F72/><W64/><G86/><T81/><D44/><U50/><E66/><V10/><F122/><W61/><G25/><T107/><D131/><U93/><E93/><V88/><F123/><W103/><G17/><T110/><D124/><N who="1" m="47659" /><E56/><N who="2" m="37255" /><F90/><W92/><REACH who="3" step="1"/><G133/><REACH who="3" ten="255,245,298,182" step="2"/><T32/><D73/><U20/><E20/><V82/><F82/><W77/><G77/><N who="1" m="29802" /><E45/><V27/><F27/><AGARI ba="1,2" hai="6,9,13,18,21,27,48,50" m="29802,47659" machi="27" ten="30,1500,0" yaku="18,1" doraHai="98" who="1" fromWho="2" sc="255,0,245,38,298,-18,182,0" /><INIT seed="1,2,0,1,0,68" ten="255,283,280,182" oya="1" hai0="107,113,104,6,38,132,108,17,46,37,81,54,112" hai1="76,129,39,135,30,82,5,42,29,13,34,90,0" hai2="64,28,2,21,24,98,63,83,97,106,56,69,11" hai3="20,78,12,45,14,116,50,67,109,71,95,133,4"/><U130/><E135/><V35/><F83/><W121/><G109/><T44/><D6/><U85/><E0/><V118/><F118/><W70/><G121/><T15/><D17/><U123/><E123/><V57/><F21/><W48/><G78/><T55/><D81/><U9/><E90/><V102/><F98/><W127/><G127/><T119/><D15/><U93/><E93/><V41/><REACH who="2" step="1"/><F41/><REACH who="2" ten="255,283,270,182" step="2"/><W120/><G20/><T110/><REACH who="0" step="1"/><D132/><REACH who="0" ten="245,283,270,182" step="2"/><U33/><E129/><V99/><F99/><W101/><G133/><T79/><D79/><U22/><E130/><V75/><F75/><W126/><G116/><AGARI ba="2,2" hai="37,38,44,46,54,55,104,107,108,110,112,113,116,119" machi="116" ten="25,8000,1" yaku="1,1,22,2,52,2,53,0" doraHai="68" doraHaiUra="26" who="0" fromWho="3" sc="245,106,283,0,270,0,182,-86" /><INIT seed="2,0,0,3,0,75" ten="351,283,270,96" oya="2" hai0="3,29,56,91,90,100,95,14,126,40,55,85,128" hai1="38,10,6,34,127,41,31,80,93,113,103,67,66" hai2="69,32,53,24,49,42,129,88,64,45,37,102,74" hai3="111,134,44,46,25,114,5,65,51,71,11,20,22"/><V73/><F129/><W77/><G111/><T107/><D3/><U63/><E113/><V86/><F102/><W97/><G114/><T19/><D126/><U132/><E127/><V13/><F13/><W26/><G134/><T135/><D135/><U17/><E132/><V87/><F87/><W48/><G97/><T82/><D128/><U27/><E17/><V52/><F32/><W117/><G71/><T133/><D133/><U36/><E41/><V79/><F24/><W72/><G65/><T33/><D40/><U104/><E67/><V59/><F53/><W94/><G72/><T78/><D107/><U81/><E93/><N who="2" m="54423" /><F79/><W54/><G94/><T43/><D43/><U101/><E81/><V4/><F4/><W99/><G99/><N who="0" m="59519" /><D33/><U130/><E80/><V62/><AGARI ba="0,0" hai="37,42,45,49,52,59,62,64,69,73,74" m="54423" machi="62" ten="30,6000,0" yaku="24,1,54,2" doraHai="75" who="2" fromWho="2" sc="351,-20,283,-20,270,60,96,-20" /><INIT seed="2,1,0,5,0,67" ten="331,263,330,76" oya="2" hai0="74,57,78,130,92,30,13,94,82,118,105,58,122" hai1="103,56,119,120,49,12,69,27,17,54,83,109,55" hai2="39,66,32,126,0,108,46,114,14,112,4,97,42" hai3="125,116,21,124,44,84,91,51,110,37,18,34,43"/><V15/><F32/><W52/><G116/><T107/><D30/><U64/><E119/><V88/><F126/><W25/><G34/><T31/><D31/><U29/><E120/><V3/><F108/><W86/><G110/><T89/><D122/><U70/><E109/><V71/><F114/><W77/><G77/><T79/><D13/><U102/><E83/><V40/><F40/><W48/><G37/><T24/><D89/><U60/><E55/><V19/><F4/><W6/><G6/><T135/><D24/><U111/><E111/><V47/><F47/><W104/><G104/><T134/><D82/><U10/><REACH who="1" step="1"/><E69/><REACH who="1" ten="331,253,330,76" step="2"/><V113/><F113/><W96/><G124/><T2/><D118/><U85/><E85/><V121/><F121/><W45/><G125/><T100/><D134/><U101/><E101/><V53/><F53/><W8/><G8/><T50/><D100/><U22/><AGARI ba="1,1" hai="10,12,17,22,27,29,49,54,56,60,64,70,102,103" machi="22" ten="20,5200,0" yaku="1,1,0,1,7,1,52,1,53,0" doraHai="67" doraHaiUra="68" who="1" fromWho="1" sc="331,-14,253,65,330,-27,76,-14" /><INIT seed="3,0,0,4,1,119" ten="317,318,303,62" oya="3" hai0="34,15,121,28,52,88,84,38,102,49,104,64,23" hai1="126,37,69,96,120,66,101,80,68,81,62,58,76" hai2="29,22,128,108,134,2,4,94,48,103,123,87,74" hai3="91,75,56,59,130,57,46,18,125,105,93,8,16"/><W65/><G105/><T86/><D38/><U99/><E120/><V40/><F74/><W78/><G130/><T90/><D121/><U47/><E126/><V53/><F128/><W12/><G125/><T82/><D34/><U124/><E124/><V11/><F123/><W100/><G100/><T17/><D64/><U63/><E96/><V107/><F107/><W135/><G135/><T111/><D111/><U89/><E89/><V67/><F67/><W43/><G78/><T36/><D36/><U21/><E21/><V70/><F70/><W61/><G18/><T6/><D6/><U106/><E80/><V33/><F134/><W133/><G75/><T83/><D28/><U117/><E117/><V73/><F73/><W30/><G30/><T10/><D102/><U71/><E47/><V39/><F33/><W92/><G133/><T32/><D32/><U112/><E37/><V27/><F108/><W20/><G8/><T129/><D104/><U45/><E45/><V14/><F39/><W50/><REACH who="3" step="1"/><G93/><REACH who="3" ten="317,318,303,52" step="2"/><T0/><D129/><U98/><E101/><V35/><F103/><W77/><G77/><T24/><D10/><U5/><E106/><V54/><F94/><W116/><G116/><T3/><REACH who="0" step="1"/><D24/><REACH who="0" ten="307,318,303,52" step="2"/><U127/><E127/><V110/><F27/><W41/><G41/><T95/><D95/><U109/><E109/><V1/><F110/><W97/><AGARI ba="0,2" hai="12,16,20,43,46,50,56,57,59,61,65,91,92,97" machi="97" ten="20,12000,1" yaku="1,1,0,1,7,1,8,1,54,1,53,0" doraHai="119" doraHaiUra="72" who="3" fromWho="3" sc="307,-40,318,-40,303,-40,52,140" /><INIT seed="3,1,0,2,4,61" ten="267,278,263,192" oya="3" hai0="71,1,64,92,85,3,69,82,22,135,113,67,76" hai1="104,75,7,44,117,42,132,88,131,14,26,106,29" hai2="126,77,38,94,79,48,17,43,8,35,10,116,39" hai3="40,57,121,87,52,81,109,89,63,90,24,133,34"/><W118/><G118/><T110/><D71/><U115/><E75/><V53/><F116/><W125/><G121/><T51/><D69/><U15/><E115/><V93/><F35/><W4/><G133/><T80/><D135/><U72/><E72/><V18/><F48/><W108/><G125/><T56/><D113/><U55/><E117/><V20/><F20/><W37/><G4/><T33/><D33/><U45/><E131/><V119/><F43/><W62/><G62/><T19/><D3/><U102/><E102/><V111/><F119/><W32/><G90/><N who="0" m="53327" /><D1/><U91/><E132/><V101/><F101/><W122/><G122/><T25/><D110/><N who="3" m="42601" /><G24/><T78/><D82/><U2/><E2/><V124/><REACH who="2" step="1"/><F111/><REACH who="2" ten="267,278,253,192" step="2"/><W28/><G28/><T60/><D51/><U0/><E29/><V86/><F86/><W36/><G36/><T49/><D49/><U11/><E42/><V12/><F12/><W114/><G114/><T47/><D47/><AGARI ba="1,1" hai="32,34,37,40,47,52,57,63,81,87,89" m="42601" machi="47" ten="30,5800,0" yaku="14,1,10,1,54,1" doraHai="61" who="3" fromWho="0" sc="267,-61,278,0,253,0,192,71" /><INIT seed="3,2,0,1,5,23" ten="206,278,253,263" oya="3" hai0="33,25,87,1,104,111,10,121,74,73,45,65,134" hai1="17,37,71,88,125,54,42,68,72,5,102,132,81" hai2="32,57,60,115,61,93,128,2,4,86,58,24,123" hai3="95,110,107,113,67,43,26,94,48,100,63,39,122"/><W40/><G113/><T11/><D87/><U30/><E132/><V44/><F115/><W92/><G122/><T12/><D12/><U22/><E125/><V15/><F2/><W85/><G39/><T62/><D11/><U77/><E102/><V69/><F123/><W64/><G107/><T135/><D45/><U97/><E30/><V46/><F69/><W120/><G120/><T66/><D66/><U101/><E5/><V13/><F128/><W130/><G130/><T31/><D104/><U27/><E54/><V98/><F86/><W14/><G14/><T56/><D121/><U116/><E116/><V51/><F51/><W114/><G114/><T82/><D111/><U29/><E29/><V76/><F76/><W0/><G0/><T129/><D129/><U108/><E108/><V105/><F105/><W28/><G100/><T83/><D83/><U117/><E117/><V126/><F126/><W131/><G131/><T89/><D89/><U53/><E53/><V3/><F3/><W50/><G110/><T35/><D35/><U49/><E49/><N who="3" m="19050" /><G85/><T119/><D119/><U79/><E42/><N who="3" m="15914" /><G63/><T133/><REACH who="0" step="1"/><D82/><REACH who="0" ten="196,278,253,263" step="2"/><U103/><E37/><V90/><F32/><W75/><G75/><T19/><D19/><U16/><E17/><V18/><F18/><W52/><G52/><T96/><D96/><U34/><E34/><V124/><F124/><W78/><G78/><T20/><D20/><AGARI ba="2,1" hai="20,26,28,64,67,92,94,95" m="15914,19050" machi="20" ten="30,2900,0" yaku="8,1,52,1" doraHai="23" who="3" fromWho="0" sc="196,-35,278,0,253,0,263,45" /><INIT seed="3,3,0,2,0,78" ten="161,278,253,308" oya="3" hai0="86,51,5,58,113,116,98,16,103,27,127,24,63" hai1="59,93,102,37,62,119,96,111,28,25,32,88,31" hai2="72,64,44,87,76,48,112,1,71,30,54,65,45" hai3="73,70,3,11,49,117,36,21,60,13,57,82,94"/><W84/><G36/><T18/><D116/><U2/><E2/><V134/><F112/><W67/><G117/><T129/><D113/><U131/><E119/><V95/><F1/><W0/><G21/><T53/><D5/><U124/><E111/><V122/><F122/><W133/><G73/><T38/><D38/><U33/><E131/><V50/><F71/><W125/><G94/><T6/><D6/><U91/><E124/><V34/><F134/><W17/><G133/><T114/><D129/><U19/><E19/><V128/><F128/><W20/><G20/><T79/><D127/><U83/><E37/><V40/><F72/><W90/><REACH who="3" step="1"/><G125/><REACH who="3" ten="161,278,253,298" step="2"/><T61/><D114/><U39/><E39/><V85/><F95/><W99/><G99/><T123/><D123/><U107/><E93/><V47/><F87/><W8/><G8/><T77/><D27/><U4/><E25/><V22/><F34/><W108/><G108/><T35/><D24/><U52/><E33/><V126/><F126/><W15/><G15/><T75/><D35/><U120/><E32/><V74/><F74/><W80/><G80/><T109/><D75/><U55/><E120/><V118/><F118/><W43/><G43/><T10/><D109/><U12/><E83/><N who="2" m="47335" /><F22/><W104/><G104/><N who="0" m="63607" /><D10/><N who="1" m="4167" /><E28/><V115/><F30/><W105/><G105/><T29/><D29/><U121/><E31/><V7/><F115/><W23/><G23/><T69/><D86/><U56/><E121/><V26/><F26/><W66/><G66/><T9/><D9/><U92/><E107/><V68/><F65/><W135/><G135/><RYUUKYOKU ba="3,1" sc="161,-15,278,15,253,-15,298,15" hai1="52,55,56,59,62,88,91,92,96,102" hai3="0,3,11,13,17,49,57,60,67,70,82,84,90" /><INIT seed="3,4,1,5,3,32" ten="146,293,238,313" oya="3" hai0="16,29,42,98,19,129,106,4,1,115,94,87,2" hai1="55,46,37,47,101,77,126,8,58,54,132,52,33" hai2="28,50,41,0,18,56,102,5,15,127,20,36,62" hai3="90,72,118,40,13,66,75,120,121,79,134,27,114"/><W124/><G40/><T7/><D106/><U53/><E33/><V116/><F116/><W93/><G66/><T103/><D29/><U89/><E101/><V17/><F127/><W61/><G61/><T35/><D35/><U111/><E77/><V83/><F36/><W80/><G27/><T44/><D115/><U22/><E22/><V57/><F102/><W26/><G26/><T73/><D73/><U49/><E89/><V135/><F135/><W31/><G13/><T65/><D65/><U117/><E8/><V25/><F83/><W71/><G31/><T99/><D99/><U107/><E107/><V119/><F119/><W6/><G6/><T108/><D108/><U85/><E85/><V105/><F105/><W21/><G21/><T128/><D87/><U125/><E111/><V69/><F69/><W81/><G71/><T88/><D103/><U84/><E84/><V3/><F5/><N who="0" m="2122" /><D44/><N who="1" m="16939" /><E132/><V131/><F131/><N who="0" m="50250" /><D42/><U86/><E86/><V10/><F28/><W30/><G30/><T34/><D34/><U133/><E133/><V130/><F130/><W12/><G134/><T97/><D97/><U110/><E110/><V59/><F62/><W74/><G74/><T112/><D112/><U64/><E117/><V100/><F100/><W109/><G114/><T9/><D9/><U14/><E37/><V91/><F91/><W11/><G118/><T123/><D123/><U39/><E39/><V48/><REACH who="2" step="1"/><F41/><REACH who="2" ten="146,293,228,313" step="2"/><W122/><G109/><T68/><D68/><U63/><N who="1" m="13824" /><DORA hai="95" /><U24/><E126/><V78/><F78/><N who="3" m="44127" /><G124/><T51/><D51/><AGARI ba="4,2" hai="0,3,10,15,17,18,20,25,48,50,51,56,57,59" machi="51" ten="40,5200,0" yaku="1,1,52,2,53,0" doraHai="32,95" doraHaiUra="60,92" who="2" fromWho="0" sc="146,-64,293,0,228,84,313,0" /><INIT seed="4,0,0,2,4,127" ten="82,293,312,313" oya="0" hai0="114,60,28,44,17,36,32,24,30,107,102,13,118" hai1="46,10,1,111,19,3,20,8,43,85,35,26,47" hai2="83,75,109,73,86,4,33,88,116,12,16,92,125" hai3="7,68,51,98,81,49,95,123,108,87,99,42,59"/><T22/><D107/><U133/><E111/><V57/><F109/><W55/><G68/><T71/><D102/><U21/><E133/><V5/><F33/><W72/><G108/><T61/><D118/><U117/><E117/><V52/><F125/><W110/><G110/><T2/><D114/><U37/><E35/><V80/><F116/><W126/><G7/><N who="2" m="2633" /><F73/><W14/><G126/><T100/><D2/><U121/><E121/><V79/><F79/><W105/><G14/><T15/><D100/><U122/><E122/><V54/><F75/><W64/><G64/><T66/><D60/><U97/><E97/><V103/><F103/><W104/><G72/><T76/><D76/><U50/><E85/><V106/><F106/><W91/><G99/><T101/><D101/><U90/><E90/><V135/><F135/><W48/><G123/><T6/><D6/><U94/><E94/><V128/><F128/><W11/><G95/><T131/><D131/><U29/><E1/><V58/><F58/><W115/><G105/><T129/><D129/><U77/><E77/><V53/><F57/><W132/><G104/><T56/><D71/><U82/><E82/><V31/><F31/><N who="0" m="11818" /><D32/><U74/><E3/><V112/><F112/><W124/><G115/><T119/><D119/><U25/><E74/><V96/><F96/><W38/><G124/><T0/><D0/><U93/><E93/><V62/><F62/><W27/><G132/><T45/><D36/><U78/><E78/><V67/><F67/><W18/><G38/><T134/><D134/><U89/><E89/><V34/><F34/><RYUUKYOKU ba="0,0" sc="82,10,293,10,312,10,313,-30" hai0="13,15,17,22,24,44,45,56,61,66" hai1="8,10,19,20,21,25,26,29,37,43,46,47,50" hai2="12,16,52,53,54,80,83,86,88,92" /><INIT seed="4,1,0,5,1,64" ten="92,303,322,283" oya="0" hai0="22,69,118,28,54,78,81,110,129,71,2,77,70" hai1="14,126,105,114,42,94,90,85,7,102,43,80,127" hai2="62,10,121,18,73,113,88,103,104,11,15,87,60" hai3="48,57,37,44,49,132,133,51,33,31,76,23,34"/><T1/><D118/><U130/><E130/><V53/><F121/><W6/><G6/><T36/><D129/><U125/><E105/><V66/><F73/><W38/><G76/><T61/><D36/><N who="3" m="13929" /><G57/><T124/><D110/><U82/><E114/><V21/><F113/><W63/><G63/><T35/><D124/><U29/><E29/><V20/><F104/><W59/><G59/><T8/><D22/><U25/><E25/><V52/><F103/><W93/><G93/><T91/><D91/><U40/><E102/><V75/><F75/><W45/><G23/><N who="2" m="8777" /><F11/><AGARI ba="1,0" hai="7,11,14,40,42,43,80,82,85,90,94,125,126,127" machi="11" ten="50,1600,0" yaku="18,1" doraHai="64" who="1" fromWho="2" sc="92,0,303,19,322,-19,283,0" /><INIT seed="5,0,0,5,3,112" ten="92,322,303,283" oya="1" hai0="119,38,109,96,71,76,111,25,77,122,9,82,125" hai1="107,126,99,37,62,103,97,116,49,21,68,20,5" hai2="16,11,121,70,86,12,102,2,85,8,88,110,33" hai3="4,14,57,61,39,27,26,23,101,105,18,115,10"/><U81/><E37/><V73/><F121/><W78/><G39/><T134/><D71/><U132/><E116/><V31/><F70/><W60/><G115/><T3/><D38/><U50/><E132/><V67/><F73/><W24/><G78/><T43/><D43/><U19/><E5/><V13/><F2/><W66/><G105/><T54/><D54/><U6/><E6/><V124/><F67/><W41/><G41/><T72/><D25/><U34/><E34/><V129/><F129/><W100/><REACH who="3" step="1"/><G61/><REACH who="3" ten="92,322,303,273" step="2"/><T15/><D111/><U42/><E42/><V28/><F110/><W93/><G93/><T29/><D109/><U69/><E62/><V51/><F51/><W58/><G58/><T44/><D122/><U113/><E50/><V117/><F117/><W108/><G108/><T65/><D76/><U64/><E49/><V90/><F124/><W40/><G40/><T80/><D77/><U133/><E107/><V94/><F102/><AGARI ba="0,1" hai="4,10,14,18,23,24,26,27,57,60,66,100,101,102" machi="102" ten="40,5200,0" yaku="1,1,8,1,53,1" doraHai="112" doraHaiUra="52" who="3" fromWho="2" sc="92,0,322,0,303,-52,273,62" /><INIT seed="6,0,0,2,4,44" ten="92,322,251,335" oya="2" hai0="57,24,46,113,54,42,56,47,65,83,53,6,101" hai1="49,66,77,111,78,30,87,102,134,33,108,68,85" hai2="23,96,75,34,3,43,40,121,107,125,84,29,1" hai3="123,27,115,94,28,122,45,60,38,13,126,124,118"/><V9/><F121/><W70/><G118/><T135/><D101/><U50/><E102/><V132/><F75/><W88/><G115/><T67/><D83/><U92/><E92/><V106/><F34/><W5/><G70/><T20/><D6/><U32/><E30/><V37/><F132/><W10/><G60/><T8/><D8/><U4/><E4/><V89/><F125/><N who="3" m="48235" /><G45/><T59/><D20/><U129/><E129/><V116/><F116/><W133/><G38/><T130/><D24/><U52/><E52/><N who="0" m="20073" /><D113/><U72/><E72/><V2/><F9/><W119/><G119/><T71/><D130/><U93/><E93/><V117/><F37/><W62/><G62/><N who="0" m="40439" /><D135/><U0/><E68/><V131/><F131/><W74/><G74/><T16/><D16/><U25/><E25/><V105/><F117/><W15/><G133/><T64/><D47/><U73/><E134/><V98/><F29/><W81/><G81/><T7/><D7/><U11/><E73/><V14/><F14/><W51/><G15/><T99/><D99/><U17/><E0/><V31/><F31/><W82/><G82/><T76/><D76/><U91/><E11/><V100/><F23/><W103/><G28/><T12/><D12/><U35/><E35/><V95/><F98/><W114/><G114/><T86/><D86/><U48/><E32/><V18/><F18/><W104/><G10/><T110/><D110/><U79/><E17/><V26/><F26/><W112/><G27/><T109/><D109/><U22/><E33/><V69/><F107/><W127/><N who="3" m="48243" /><W19/><DORA hai="97" /><G104/><RYUUKYOKU ba="0,0" sc="92,30,322,-10,251,-10,335,-10" hai0="42,46,56,57,59,64,65" /><INIT seed="7,1,0,1,3,103" ten="122,312,241,325" oya="3" hai0="113,88,129,117,122,42,29,75,9,24,132,77,111" hai1="6,106,43,86,17,38,85,35,92,1,95,64,5" hai2="110,133,135,67,115,2,31,94,53,3,7,61,97" hai3="26,71,69,40,51,30,55,102,54,80,68,99,16"/><W76/><G16/><T27/><D42/><U39/><E106/><V15/><F110/><W50/><G40/><T66/><D66/><U91/><E35/><V10/><F115/><W131/><G131/><T108/><D88/><N who="1" m="53263" /><E1/><V73/><F73/><W25/><G55/><T109/><D77/><U70/><E70/><V36/><F36/><W107/><G30/><T84/><D84/><U0/><E0/><V28/><F53/><W96/><G96/><T89/><D89/><U120/><E120/><V126/><F3/><W32/><G32/><T74/><D9/><U23/><E39/><V81/><F81/><W98/><G98/><T44/><D44/><U116/><E38/><V56/><F2/><W101/><G101/><T119/><D29/><U72/><E72/><V118/><F118/><W47/><REACH who="3" step="1"/><G51/><REACH who="3" ten="122,312,241,315" step="2"/><T49/><D49/><U128/><E128/><V11/><F97/><W45/><G45/><T112/><D108/><U82/><E116/><V121/><F31/><W78/><G78/><T62/><D62/><U100/><E43/><V19/><F28/><W124/><G124/><T12/><D12/><N who="1" m="9639" /><E64/><V79/><F67/><W134/><G134/><T18/><D18/><U21/><E21/><V34/><F135/><W8/><G8/><T22/><D132/><U33/><E33/><V20/><F133/><W13/><G13/><T14/><D14/><U59/><E100/><V65/><F11/><W37/><G37/><T46/><D46/><U114/><E91/><V41/><F34/><W83/><G83/><T4/><D111/><U127/><E82/><V105/><F126/><RYUUKYOKU ba="1,1" sc="122,-10,312,-10,241,-10,315,30" hai3="25,26,47,50,54,68,69,71,76,80,99,102,107" owari="112,-39.0,302,10.0,231,-17.0,355,46.0" /></mjloggm>