<mjloggm ver="2.3"><GO type="169" lobby="0"/><UN n0="%E3%81%AE%E3%81%B3%E3%81%97%E3%82%8D%E2%99%82" n1="%E9%BB%92%E7%8A%AC%40%E3%81%A6%E3%82%93%E3%81%BB%E3%83%BC" n2="%E5%BE%A9%E8%AE%90%E3%81%A1%E3%82%83%E3%82%93" n3="%E5%B0%B1%E6%B4%BB%E7%94%9F%40%E5%B7%9D%E6%9D%91%E8%BB%8D%E5%9B%A3" dan="16,16,17,18" rate="2120.64,2182.65,2108.56,2212.62" sx="M,F,F,M"/><TAIKYOKU oya="0"/><INIT seed="0,0,0,2,4,124" ten="250,250,250,250" oya="0" hai0="90,110,72,101,130,107,123,45,29,15,121,75,65" hai1="116,4,74,119,40,70,61,98,52,96,128,84,78" hai2="10,24,27,58,21,17,127,9,2,25,129,20,5" hai3="117,37,115,80,47,59,22,67,68,81,122,64,48"/><T18/><D110/><U1/><E74/><V97/><F97/><W132/><G117/><T92/><D101/><U42/><E70/><V55/><F58/><W103/><G115/><T63/><D107/><U91/><E78/><V31/><F55/><W88/><G103/><T106/><D106/><U95/><E1/><V62/><F62/><W113/><G68/><T56/><D130/><U26/><E4/><N who="2" m="1175" /><F127/><W32/><G32/><T51/><D29/><U135/><E128/><V23/><F129/><W85/><G132/><T6/><D6/><U0/><E135/><V50/><F50/><W16/><G113/><T13/><D13/><U118/><E0/><N who="2" m="295" /><F17/><W100/><G122/><T105/><D105/><U114/><E114/><V49/><F49/><W109/><G109/><T104/><D104/><U43/><REACH who="1" step="1"/><E26/><AGARI ba="0,0" hai="20,21,23,24,25,26,27,31" m="295,1175" machi="26" ten="30,8000,1" yaku="35,5" doraHai="124" who="2" fromWho="1" sc="250,0,250,-80,250,80,250,0" /><INIT seed="1,0,0,3,5,38" ten="250,170,330,250" oya="1" hai0="15,89,93,29,111,115,47,7,92,82,13,70,5" hai1="25,65,48,64,91,6,46,51,100,88,98,112,36" hai2="55,116,1,12,52,31,35,84,27,23,90,119,104" hai3="114,113,86,80,17,103,22,134,59,24,83,53,4"/><U128/><E112/><V117/><F104/><W28/><G134/><T34/><D111/><U126/><E128/><V18/><REACH who="2" step="1"/><F1/><REACH who="2" ten="250,170,320,250" step="2"/><W97/><G113/><T125/><D115/><U73/><E126/><V99/><F99/><W56/><G114/><T42/><D125/><U72/><E98/><V75/><F75/><W14/><G4/><T78/><D5/><U94/><E6/><V106/><F106/><W68/><G68/><T61/><D7/><U60/><E73/><V110/><F110/><W76/><G83/><AGARI ba="0,1" hai="12,18,23,27,31,35,52,55,83,84,90,116,117,119" machi="83" ten="40,2600,0" yaku="1,1,54,1,53,0" doraHai="38" doraHaiUra="32" who="2" fromWho="3" sc="250,0,170,0,320,36,250,-26" /><INIT seed="2,0,0,5,4,24" ten="250,170,356,224" oya="2" hai0="42,79,93,101,71,97,107,117,113,59,115,81,21" hai1="88,87,20,52,33,0,65,100,91,116,4,8,31" hai2="19,74,23,64,61,125,96,69,45,131,112,118,68" hai3="17,44,7,67,123,126,6,128,26,11,75,78,99"/><V28/><F112/><W36/><G123/><T25/><D71/><U134/><E116/><V62/><F118/><W30/><G126/><T27/><D117/><U18/><E100/><V5/><F74/><W135/><G135/><T98/><D27/><N who="1" m="18687" /><E65/><V29/><F5/><W48/><G128/><T86/><D42/><U60/><E87/><V127/><F131/><W32/><G67/><T95/><D59/><N who="1" m="34919" /><E134/><V122/><F122/><W43/><G99/><T103/><REACH who="0" step="1"/><D107/><REACH who="0" ten="240,170,356,224" step="2"/><U77/><E77/><V110/><F68/><W124/><G124/><T80/><D80/><U106/><E106/><V51/><F125/><W90/><G78/><T34/><D34/><U16/><E18/><AGARI ba="0,1" hai="18,21,25,79,81,86,93,95,97,98,101,103,113,115" machi="18" ten="30,8000,1" yaku="1,1,7,1,9,1,53,2" doraHai="24" doraHaiUra="108" who="0" fromWho="1" sc="240,90,170,-80,356,0,224,0" /><INIT seed="3,0,0,0,4,66" ten="330,90,356,224" oya="3" hai0="58,51,122,39,113,98,26,103,92,126,111,86,42" hai1="125,30,64,61,16,19,8,84,25,105,78,82,73" hai2="35,100,38,72,48,13,18,121,79,85,102,123,107" hai3="2,131,75,117,104,134,11,7,27,29,63,110,95"/><W17/><G104/><T128/><D111/><U46/><E105/><V101/><F38/><W28/><G117/><T23/><D128/><U108/><E108/><V132/><F35/><W3/><G75/><T5/><D126/><U71/><E125/><V99/><F48/><W119/><G110/><T129/><D129/><U50/><E8/><V15/><F15/><W59/><G119/><T76/><D122/><N who="2" m="46602" /><F72/><W69/><G131/><T120/><D39/><U37/><E37/><V41/><F41/><W74/><G74/><T130/><D130/><U93/><E93/><V24/><F24/><W0/><G134/><T57/><D120/><U52/><E73/><V91/><F79/><W67/><G95/><T65/><D113/><U81/><E82/><N who="2" m="49591" /><F132/><W109/><G109/><T36/><D36/><U68/><E68/><V4/><F4/><W31/><G17/><T62/><D5/><U115/><E115/><V94/><F107/><W135/><G135/><T32/><D32/><AGARI ba="0,0" hai="16,19,25,30,32,46,50,52,61,64,71,78,81,84" machi="32" ten="30,7700,0" yaku="7,1,52,1,54,2" doraHai="66" who="1" fromWho="0" sc="330,-77,90,77,356,0,224,0" /><INIT seed="4,0,0,1,2,130" ten="253,167,356,224" oya="0" hai0="4,90,133,27,129,48,46,134,103,60,102,34,71" hai1="65,13,37,6,35,23,76,105,78,14,44,26,87" hai2="41,9,104,126,80,74,79,101,92,61,112,118,99" hai3="115,116,88,86,124,63,84,0,132,73,1,2,8"/><T33/><D129/><U135/><E105/><V91/><F112/><W10/><G73/><T50/><D4/><U93/><E35/><N who="0" m="13321" /><D27/><U57/><E65/><V107/><F41/><W25/><G116/><T128/><D128/><U55/><E44/><V45/><F45/><W52/><G124/><T20/><D20/><U51/><E37/><V82/><F61/><W75/><G75/><T15/><D15/><U40/><E40/><V72/><F9/><W19/><G115/><T119/><D119/><U64/><E64/><V94/><F126/><W81/><G86/><T95/><D60/><U125/><E125/><V106/><F118/><W39/><G39/><T121/><D121/><U62/><E62/><V24/><F24/><W96/><G96/><N who="0" m="57463" /><D71/><U42/><E42/><V100/><F94/><W98/><G98/><T16/><D16/><N who="1" m="10647" /><E26/><V68/><F68/><W117/><G117/><T67/><D67/><U70/><E70/><V123/><F123/><W77/><G8/><T59/><D59/><U89/><E13/><V120/><F120/><W85/><G10/><T131/><D131/><U111/><E6/><V97/><F97/><W3/><G19/><T5/><D5/><U12/><E12/><V47/><F47/><W66/><G25/><T109/><D109/><U108/><E111/><V53/><F53/><W114/><G1/><T18/><D18/><U69/><E108/><V83/><F83/><W36/><G114/><T30/><D30/><U54/><E69/><V49/><F49/><N who="0" m="19050" /><D46/><U32/><E32/><V58/><F58/><N who="3" m="35271" /><G66/><T11/><D11/><U29/><E55/><RYUUKYOKU ba="0,0" sc="253,15,167,-15,356,15,224,-15" hai0="102,103,133,134" hai2="72,74,79,80,82,91,92,99,100,101,104,106,107" /><INIT seed="4,1,0,4,3,41" ten="268,152,371,209" oya="0" hai0="21,10,82,2,52,128,133,101,96,103,57,81,13" hai1="107,42,117,80,94,115,74,63,69,38,18,114,46" hai2="113,47,116,109,61,39,16,106,25,15,66,99,62" hai3="28,132,12,70,55,68,129,110,111,86,126,89,102"/><T9/><D133/><U54/><E107/><V29/><F109/><W108/><G132/><T65/><D128/><U8/><E117/><V49/><F39/><W60/><G126/><T130/><D130/><U51/><E94/><V77/><F77/><W43/><G129/><T87/><D65/><N who="1" m="41151" /><E80/><V23/><F116/><W78/><G78/><T59/><D59/><N who="1" m="33247" /><E74/><V27/><F66/><W75/><G75/><T91/><D81/><U26/><E26/><V53/><F113/><N who="1" m="43017" /><E8/><V71/><F71/><W121/><G102/><T14/><D2/><U32/><E18/><V127/><F127/><W17/><G28/><T93/><D103/><U67/><E67/><V84/><F106/><W50/><G17/><N who="0" m="10415" /><D14/><U56/><E56/><V58/><F99/><W5/><G12/><T11/><D9/><U72/><E72/><V124/><F124/><W76/><G5/><T131/><D131/><U112/><E112/><V44/><F84/><W123/><G76/><T118/><D118/><U104/><E104/><V40/><F27/><W135/><G86/><T7/><D7/><U92/><E92/><V119/><F119/><W100/><G100/><T97/><D96/><U45/><E45/><V105/><F58/><N who="3" m="34911" /><G89/><T3/><D3/><U34/><AGARI ba="1,0" hai="32,34,38,42,46" m="43017,33247,41151" machi="34" ten="30,7900,0" yaku="24,1,15,1,11,1,52,1" doraHai="41" who="1" fromWho="1" sc="268,-40,152,82,371,-21,209,-21" /><INIT seed="5,0,0,3,2,99" ten="228,234,350,188" oya="1" hai0="26,79,38,117,9,116,121,21,46,120,18,106,97" hai1="63,28,88,23,37,27,104,115,8,75,39,51,65" hai2="3,22,81,29,127,19,43,59,40,95,109,47,72" hai3="13,66,12,10,124,96,57,105,102,55,73,126,92"/><U44/><E104/><V15/><F109/><W69/><G73/><T113/><D113/><U74/><E75/><V4/><F127/><W94/><G69/><T132/><D132/><U112/><E74/><V62/><F29/><W56/><G66/><T7/><D79/><U5/><E112/><V17/><F3/><W118/><G118/><T61/><D61/><U67/><E67/><V123/><F4/><W30/><G30/><T24/><D24/><U80/><E115/><V130/><F130/><W1/><G1/><T89/><D38/><U25/><E25/><V41/><F95/><W101/><G105/><T77/><D77/><U111/><E111/><V50/><F123/><N who="0" m="47178" /><D46/><U107/><E107/><V100/><F81/><W31/><G31/><T85/><D97/><U82/><E82/><V14/><F72/><W16/><G12/><N who="0" m="5183" /><D106/><U49/><E49/><V76/><F76/><W108/><G108/><T91/><D91/><U103/><E51/><V20/><F100/><W48/><G57/><T64/><D64/><AGARI ba="0,0" hai="14,15,17,19,20,22,40,41,43,47,50,59,62,64" machi="64" ten="30,3900,0" yaku="7,1,9,1,8,1" doraHai="99" who="2" fromWho="0" sc="228,-39,234,0,350,39,188,0" /><INIT seed="6,0,0,5,2,47" ten="189,234,389,188" oya="2" hai0="104,88,16,135,124,59,133,26,99,134,23,12,2" hai1="78,38,114,89,31,132,7,24,55,1,63,107,43" hai2="65,87,74,42,54,115,41,5,10,90,27,13,103" hai3="51,71,61,101,76,97,44,49,84,85,45,118,25"/><V22/><F74/><W14/><G118/><T100/><D2/><U95/><E107/><V3/><F115/><W37/><G37/><T9/><D124/><U6/><E114/><V126/><F126/><W125/><G125/><T112/><D112/><U58/><E78/><V21/><F103/><W73/><G73/><T35/><D35/><U50/><E38/><V52/><F65/><W109/><G109/><T46/><D46/><N who="3" m="18025" /><G71/><T96/><D59/><N who="1" m="33271" /><E43/><N who="2" m="16395" /><F3/><W123/><G123/><T77/><D77/><U53/><E1/><V130/><F130/><W28/><G61/><T110/><D110/><U111/><E132/><V60/><F60/><W117/><G117/><T119/><D119/><U106/><E106/><V32/><F32/><W66/><G66/><T67/><D67/><U19/><E31/><N who="2" m="17903" /><F22/><N who="3" m="15415" /><G14/><T33/><D33/><U120/><E120/><V29/><F29/><W108/><G108/><T18/><D99/><N who="1" m="57839" /><E111/><V17/><F5/><W82/><G84/><T36/><D36/><U131/><E131/><V68/><F68/><W11/><G11/><T92/><REACH who="0" step="1"/><D104/><REACH who="0" ten="179,234,389,188" step="2"/><U121/><E121/><V81/><AGARI ba="0,1" hai="10,13,17,52,54,81,87,90" m="17903,16395" machi="81" ten="30,3000,0" yaku="8,1,54,1" doraHai="47" who="2" fromWho="2" sc="179,-10,234,-10,389,40,188,-10" /><INIT seed="6,1,0,4,2,90" ten="169,224,429,178" oya="2" hai0="125,84,119,134,100,33,4,41,64,3,97,9,102" hai1="120,108,135,105,37,51,132,31,74,91,15,48,32" hai2="86,62,39,10,60,38,65,29,72,107,126,71,26" hai3="61,131,106,87,77,130,88,79,111,116,17,75,43"/><V129/><F72/><W55/><G111/><T101/><D33/><U122/><E37/><V121/><F121/><N who="1" m="46697" /><E74/><V30/><F126/><W18/><G116/><T110/><D110/><U16/><E105/><V67/><F129/><N who="3" m="49163" /><G43/><T8/><D125/><U82/><E108/><V35/><F30/><W50/><G106/><T115/><D115/><U92/><E82/><V69/><F86/><W81/><G61/><T59/><D134/><N who="1" m="51243" /><E31/><V20/><F20/><W93/><G77/><T70/><D70/><U57/><E57/><AGARI ba="1,0" hai="17,18,50,55,57,75,79,81,87,88,93" m="49163" machi="57" ten="30,3900,0" yaku="19,1,52,1,54,1" doraHai="90" who="3" fromWho="1" sc="169,0,224,-42,429,0,178,42" /><INIT seed="7,0,0,0,0,129" ten="169,182,429,220" oya="3" hai0="88,76,61,106,71,84,109,80,58,94,43,85,28" hai1="40,66,93,73,72,14,1,135,32,132,107,74,37" hai2="36,131,87,5,46,102,101,95,104,103,41,130,126" hai3="4,45,54,81,49,120,30,97,114,11,23,65,125"/><W0/><G120/><T82/><D109/><U27/><E66/><V79/><F126/><W77/><G125/><T91/><D106/><U64/><E64/><V2/><F5/><W108/><G114/><T25/><D71/><U86/><E14/><V29/><F2/><W31/><G108/><T98/><D43/><U96/><E86/><V51/><F29/><W10/><G65/><T122/><D122/><U35/><E1/><V53/><F104/><W19/><G11/><T21/><D58/><U16/><E16/><V119/><F119/><W8/><G8/><T6/><D61/><U115/><E115/><V75/><F75/><W18/><G97/><T42/><D42/><U63/><E63/><V110/><F110/><W112/><G19/><T56/><D56/><U70/><E70/><V127/><F127/><W134/><G134/><N who="1" m="51242" /><E27/><V44/><F79/><W128/><G112/><T83/><D83/><U15/><E15/><V123/><F123/><W62/><G62/><T117/><D117/><U116/><E107/><V60/><F60/><W133/><G128/><N who="2" m="49193" /><F87/><W13/><G133/><T52/><D52/><U39/><E116/><V47/><F47/><W99/><G99/><AGARI ba="0,0" hai="36,41,44,46,51,53,95,99,101,102,103" m="49193" machi="99" ten="30,1000,0" yaku="19,1" doraHai="129" who="2" fromWho="3" sc="169,0,182,0,429,10,220,-10" owari="169,-33.0,182,-22.0,439,54.0,210,1.0" /></mjloggm>