<mjloggm ver="2.3"><GO type="169" lobby="0"/><UN n0="%E5%AF%8C%E7%94%B7%E3%81%A7%E3%81%99" n1="%E8%B3%A2%E8%80%85%E3%81%AC%E3%81%93" n2="%E7%88%BD%E6%B5%B7" n3="%E3%83%88%E3%83%88%E3%83%AA%E5%85%88%E7%94%9F%31%39%E6%AD%B3" dan="16,16,17,18" rate="2080.51,2098.62,2163.18,2204.60" sx="M,F,F,F"/><TAIKYOKU oya="0"/><INIT seed="0,0,0,5,5,85" ten="250,250,250,250" oya="0" hai0="39,106,122,5,103,98,36,112,60,9,96,76,40" hai1="34,72,91,45,6,28,105,93,79,26,92,104,3" hai2="46,35,8,57,130,59,41,32,69,52,111,73,113" hai3="49,133,55,101,43,10,30,31,0,74,109,117,33"/><T88/><D112/><U16/><E92/><V87/><F73/><W42/><G117/><T47/><D122/><U84/><E45/><V38/><F113/><W25/><G74/><T81/><D60/><U48/><E48/><V54/><F69/><W97/><G109/><T2/><D96/><U124/><E124/><V121/><F121/><W94/><G133/><T110/><D110/><U20/><E79/><V15/><F111/><W23/><G0/><T7/><D5/><U77/><E77/><V70/><F70/><W108/><G108/><T12/><D12/><N who="1" m="9223" /><E72/><V13/><F130/><W125/><G125/><T18/><D18/><U118/><E118/><V22/><F87/><W37/><G37/><T71/><D71/><U21/><E21/><V58/><F22/><W64/><G10/><AGARI ba="0,0" hai="3,6,10,26,28,34,84,91,93,104,105" m="9223" machi="10" ten="30,3900,0" yaku="24,1,52,1,54,1" doraHai="85" who="1" fromWho="3" sc="250,0,250,39,250,0,250,-39" /><INIT seed="1,0,0,0,0,37" ten="250,289,250,211" oya="1" hai0="64,114,9,101,18,89,52,112,5,68,123,20,44" hai1="8,14,48,100,55,46,27,67,50,32,92,131,12" hai2="107,10,125,74,38,28,16,83,2,72,59,13,40" hai3="43,104,15,111,0,42,79,29,51,33,91,109,17"/><U49/><E131/><V73/><F107/><W95/><G0/><T3/><D101/><U25/><E67/><V60/><F125/><W45/><G104/><T90/><D123/><U57/><E32/><V133/><F133/><W65/><G79/><T110/><D110/><N who="3" m="41993" /><G65/><T63/><D89/><U66/><E66/><V11/><F28/><W54/><G29/><T94/><D44/><U30/><E30/><V26/><F26/><W105/><G105/><T86/><D52/><N who="1" m="31895" /><E49/><V108/><F83/><W126/><G33/><T93/><D93/><U82/><E82/><V81/><F81/><W58/><G45/><T6/><D6/><N who="1" m="3095" /><E14/><AGARI ba="0,0" hai="3,5,9,14,18,20,63,64,68,86,90,94,112,114" machi="14" ten="30,1000,0" yaku="7,1" doraHai="37" who="0" fromWho="1" sc="250,10,289,-10,250,0,211,0" /><INIT seed="2,0,0,0,1,118" ten="260,279,250,211" oya="2" hai0="33,10,102,47,53,36,63,84,60,123,90,94,133" hai1="81,20,64,104,76,58,88,86,120,109,45,44,71" hai2="100,129,42,91,97,70,12,32,107,110,2,21,87" hai3="128,130,31,67,131,127,55,51,111,105,13,121,82"/><V92/><F129/><W98/><G111/><T39/><D33/><U34/><E34/><V116/><F32/><W1/><G1/><T50/><D123/><U4/><E71/><V112/><F116/><W52/><G31/><T22/><D133/><U114/><E114/><V61/><F2/><W85/><G127/><T25/><D10/><U69/><E69/><V3/><F3/><W132/><G132/><T62/><REACH who="0" step="1"/><D102/><REACH who="0" ten="250,279,250,211" step="2"/><U26/><E120/><V119/><F119/><W35/><G35/><T30/><AGARI ba="0,1" hai="22,25,30,36,39,47,50,53,60,62,63,84,90,94" machi="30" ten="30,7900,0" yaku="1,1,2,1,0,1,53,1" doraHai="118" doraHaiUra="16" who="0" fromWho="0" sc="250,89,279,-20,250,-39,211,-20" /><INIT seed="3,0,0,5,0,29" ten="339,259,211,191" oya="3" hai0="131,62,49,77,45,85,90,123,26,60,21,94,11" hai1="56,79,134,65,30,19,97,15,22,130,27,73,44" hai2="111,98,41,71,28,88,67,127,126,124,86,48,25" hai3="109,64,102,129,118,8,100,2,58,125,6,34,40"/><W31/><G118/><T7/><D131/><U46/><E130/><V99/><F111/><W24/><G129/><T133/><D133/><U115/><E115/><V4/><F4/><W75/><G75/><T104/><D77/><U38/><E134/><V95/><F67/><W50/><G109/><T0/><D104/><U54/><E65/><V5/><F5/><W101/><G125/><T39/><D39/><U112/><E112/><V135/><F71/><W16/><G64/><T33/><D33/><U51/><E38/><V105/><F105/><W63/><G63/><T110/><D123/><U93/><E79/><V37/><F37/><W17/><REACH who="3" step="1"/><G40/><REACH who="3" ten="339,259,211,181" step="2"/><T18/><D110/><U120/><E73/><V132/><F132/><W13/><G13/><T80/><D60/><U70/><E120/><V14/><F14/><W103/><N who="3" m="25600" /><DORA hai="114" /><W117/><G117/><T52/><D62/><U1/><E1/><V61/><F61/><W119/><G119/><T107/><D107/><U81/><E70/><V43/><F135/><W128/><G128/><T91/><D0/><U9/><E15/><V122/><F122/><W3/><G3/><T69/><D69/><U116/><E116/><V78/><F41/><W82/><G82/><T20/><D80/><U84/><E81/><N who="2" m="47415" /><F43/><W47/><G47/><T108/><D108/><U66/><E44/><V35/><F48/><W89/><G89/><T68/><D68/><U57/><E66/><V55/><F55/><AGARI ba="0,1" hai="2,6,8,16,17,24,31,34,50,55,58" m="25600" machi="55" ten="50,9600,0" yaku="1,1,52,1,54,1,53,0" doraHai="29,114" doraHaiUra="121,83" who="3" fromWho="2" sc="339,0,259,0,211,-96,181,106" /><INIT seed="3,1,0,1,3,135" ten="339,259,115,287" oya="3" hai0="104,59,41,36,22,96,13,117,124,88,89,71,61" hai1="131,24,30,90,39,50,14,43,72,114,34,94,49" hai2="93,5,23,26,35,0,101,97,107,85,7,8,33" hai3="125,17,77,129,110,123,57,21,69,38,111,6,128"/><W28/><G69/><T87/><D117/><U20/><E72/><V76/><F7/><W122/><G38/><T132/><D132/><U45/><E114/><V133/><F133/><W126/><G77/><T16/><D71/><U42/><E131/><N who="3" m="50250" /><G28/><T108/><D108/><N who="3" m="41513" /><G6/><T31/><D31/><U95/><E95/><V86/><F86/><W70/><G57/><T32/><D32/><U68/><E68/><V106/><F106/><W12/><G70/><T103/><D87/><U55/><E39/><V54/><F76/><W44/><G44/><T40/><D124/><AGARI ba="1,0" hai="12,17,21,122,123,124,125,126" m="41513,50250" machi="124" ten="40,24000,3" yaku="18,1,19,1,14,1,10,1,34,2,52,3" doraHai="135" who="3" fromWho="0" sc="339,-243,259,0,115,0,287,243" /><INIT seed="3,2,0,2,0,12" ten="96,259,115,530" oya="3" hai0="109,60,95,35,44,21,106,110,0,99,22,119,41" hai1="79,56,111,14,1,120,42,130,55,117,53,131,54" hai2="135,46,126,100,29,72,93,129,16,4,15,127,94" hai3="36,90,63,25,122,52,69,57,65,77,96,13,33"/><W101/><G122/><T84/><D119/><U27/><E1/><V50/><F72/><W125/><G36/><T118/><D118/><U68/><E117/><V58/><F129/><W98/><G125/><N who="2" m="47625" /><F135/><W10/><G77/><T73/><D0/><U121/><E68/><V87/><F29/><W23/><G90/><T81/><D35/><U133/><E42/><N who="2" m="24919" /><F4/><W88/><G33/><T48/><D60/><U31/><E56/><V2/><F2/><W34/><G34/><T26/><D106/><U24/><E111/><N who="0" m="42505" /><D26/><N who="1" m="9771" /><E31/><V9/><F100/><W43/><G101/><N who="0" m="60671" /><D73/><U89/><E89/><AGARI ba="2,0" hai="21,22,41,44,48,81,84,89" m="60671,42505" machi="89" ten="30,1000,0" yaku="14,1" doraHai="12" who="0" fromWho="1" sc="96,16,259,-16,115,0,530,0" /><INIT seed="4,0,0,4,0,55" ten="112,243,115,530" oya="0" hai0="128,37,8,120,114,103,13,98,65,38,75,131,33" hai1="14,93,111,31,68,74,30,119,102,112,86,116,66" hai2="87,36,60,45,92,20,84,21,51,77,71,53,115" hai3="94,79,18,127,26,6,41,28,19,110,25,12,106"/><T122/><D75/><U10/><E74/><V29/><F115/><W5/><G106/><T50/><D33/><U96/><E111/><V1/><F1/><W69/><G69/><T27/><D114/><U9/><E112/><V32/><F32/><W42/><G110/><T100/><D27/><U43/><E43/><V108/><F108/><W7/><G127/><T117/><D65/><U88/><E10/><V63/><F36/><W56/><G79/><T48/><D8/><U124/><E124/><V58/><F71/><W64/><G94/><T125/><D125/><U72/><E72/><V39/><F39/><W57/><G19/><T105/><D13/><U91/><E91/><N who="2" m="53375" /><F29/><W107/><G107/><T4/><D105/><U52/><E66/><N who="2" m="39191" /><F63/><W130/><G130/><T104/><D104/><U34/><E68/><V76/><F76/><W15/><G64/><T23/><D98/><U123/><E123/><V89/><F77/><W46/><G46/><T99/><D99/><U134/><E34/><V121/><F121/><W59/><G15/><T133/><D120/><U132/><E119/><V17/><F17/><W78/><G78/><T73/><D117/><U95/><E116/><V62/><F62/><W109/><G109/><T40/><D73/><U135/><REACH who="1" step="1"/><E52/><REACH who="1" ten="112,233,115,530" step="2"/><V44/><F44/><W81/><G41/><T22/><D122/><U47/><E47/><V97/><F20/><W35/><G42/><T24/><D40/><U101/><E101/><V126/><F21/><W90/><G35/><T61/><D23/><U49/><E49/><V11/><F126/><W2/><G90/><RYUUKYOKU ba="0,1" sc="112,-10,233,30,115,-10,530,-10" hai1="9,14,30,31,86,88,93,95,96,102,132,134,135" /><INIT seed="5,1,1,4,0,40" ten="102,263,105,520" oya="1" hai0="99,29,123,23,84,13,35,31,9,19,46,3,124" hai1="78,20,10,89,51,15,30,107,105,7,68,22,8" hai2="32,73,106,95,55,90,101,27,74,121,48,122,47" hai3="50,70,86,135,80,117,56,77,61,6,115,39,120"/><U131/><E68/><V53/><F106/><W64/><G120/><T12/><D123/><U14/><E78/><V88/><F101/><W59/><G39/><T130/><D99/><U91/><E51/><V114/><F114/><W94/><G115/><T132/><D84/><U128/><E30/><V119/><F48/><W82/><G135/><T2/><D132/><U116/><REACH who="1" step="1"/><E7/><REACH who="1" ten="102,253,105,520" step="2"/><V96/><F122/><W66/><G6/><T81/><D31/><U102/><E102/><V5/><F121/><W85/><G50/><T57/><D29/><U41/><E41/><V52/><F5/><W109/><G77/><T108/><D35/><U26/><E26/><V62/><F27/><W69/><G70/><T113/><D113/><U63/><E63/><V134/><F62/><W33/><G69/><T112/><D112/><U17/><E17/><V25/><F25/><W92/><G61/><T58/><D19/><U75/><E75/><V43/><F32/><W67/><G33/><T24/><D24/><U127/><E127/><V133/><F119/><AGARI ba="1,2" hai="8,10,14,15,20,22,89,91,105,107,116,119,128,131" machi="119" ten="25,4800,0" yaku="1,1,22,2,53,0" doraHai="40" doraHaiUra="38" who="1" fromWho="2" sc="102,0,253,71,105,-51,520,0" /><INIT seed="5,2,0,0,4,57" ten="102,324,54,520" oya="1" hai0="112,123,17,32,35,27,51,124,48,50,11,84,10" hai1="134,70,109,55,22,102,53,44,34,79,59,131,12" hai2="95,13,26,127,100,126,38,36,45,46,67,81,61" hai3="125,58,23,40,103,20,28,72,21,133,111,106,132"/><U135/><E70/><N who="2" m="42351" /><F81/><W108/><G72/><T37/><D37/><N who="2" m="14442" /><F95/><W74/><G74/><T15/><D123/><U80/><E34/><V119/><F13/><W86/><G40/><T6/><D124/><N who="2" m="47658" /><F26/><W71/><G125/><T128/><D27/><U96/><E80/><V18/><F18/><W101/><G28/><T54/><D84/><U62/><E12/><V56/><F100/><N who="3" m="38475" /><G86/><T114/><D32/><U52/><E79/><V92/><F92/><W120/><G106/><T115/><D35/><U33/><E33/><V49/><F119/><W65/><G120/><T69/><D69/><U30/><E102/><V2/><F2/><W118/><G71/><T75/><D75/><U9/><E96/><V47/><F56/><W19/><G19/><T89/><D89/><U39/><E59/><V0/><F0/><W116/><G58/><T64/><D17/><U8/><E30/><V73/><F73/><W77/><G77/><T110/><D11/><U76/><E76/><V87/><F87/><W93/><G93/><T82/><D82/><U5/><E8/><V97/><F97/><W98/><G98/><T25/><D25/><U41/><E22/><V66/><F66/><W113/><G65/><T121/><D64/><U104/><E104/><V60/><F60/><W29/><G29/><T83/><D83/><U4/><E62/><V99/><F99/><W42/><G118/><T43/><D10/><U14/><E5/><V107/><F107/><W24/><G116/><T85/><D85/><U31/><E31/><V3/><F3/><W16/><G24/><T91/><D6/><RYUUKYOKU ba="2,0" sc="102,-10,324,-10,54,30,520,-10" hai2="45,46,47,49" /><INIT seed="6,3,0,3,5,128" ten="92,314,84,510" oya="2" hai0="82,80,127,27,116,118,2,59,37,10,34,42,130" hai1="98,81,135,32,51,65,41,90,104,89,126,52,132" hai2="91,109,67,68,20,99,122,62,54,48,120,71,101" hai3="88,107,16,29,63,102,9,57,60,1,112,111,83"/><V23/><F71/><W53/><G111/><T66/><D130/><U14/><E32/><V26/><F109/><W43/><G112/><T31/><D127/><U124/><E41/><V106/><F91/><N who="1" m="34825" /><E65/><V77/><F77/><W33/><G43/><T93/><D93/><U56/><E81/><V58/><REACH who="2" step="1"/><F20/><REACH who="2" ten="92,314,74,510" step="2"/><W96/><G88/><T69/><D69/><U30/><E124/><V123/><F123/><W19/><G83/><T21/><D80/><U11/><E126/><V125/><F125/><W28/><G33/><T97/><D82/><U55/><E98/><V95/><F95/><W46/><G96/><T5/><D97/><U73/><E73/><V84/><F84/><W134/><G107/><T86/><D86/><U74/><E74/><V92/><F92/><W15/><G102/><T18/><D34/><U87/><E87/><V47/><F47/><W121/><G46/><T24/><D116/><U113/><E104/><V6/><F6/><W25/><G121/><T35/><D118/><U100/><E100/><V0/><F0/><W117/><G1/><T103/><D103/><U61/><E113/><V75/><F75/><W39/><G117/><T78/><D78/><U85/><E85/><V133/><F133/><W45/><G134/><T7/><D5/><U114/><E114/><V70/><F70/><W3/><G3/><T22/><D35/><U108/><E108/><V110/><F110/><W64/><G45/><T4/><D2/><U79/><E79/><V13/><F13/><W36/><G15/><T72/><D7/><N who="1" m="3455" /><E135/><V105/><F105/><W129/><G129/><RYUUKYOKU ba="3,1" sc="92,-10,314,-10,74,30,510,-10" hai2="23,26,48,54,58,62,67,68,99,101,106,120,122" /><INIT seed="6,4,1,3,2,13" ten="82,304,104,500" oya="2" hai0="57,76,16,131,47,7,106,0,118,30,81,4,1" hai1="19,135,73,117,133,120,95,31,113,126,38,32,37" hai2="66,18,77,89,96,129,98,85,61,24,104,60,34" hai3="9,42,86,48,90,40,22,62,114,35,45,65,130"/><V54/><F77/><W123/><G35/><T67/><D106/><U44/><E117/><V2/><F2/><W122/><G130/><T103/><D30/><U119/><E119/><V52/><F129/><W70/><G114/><T56/><D118/><U100/><E113/><V78/><F78/><W17/><G9/><T10/><D103/><U134/><E73/><V97/><F104/><W39/><G40/><T43/><D67/><U88/><E100/><V27/><F34/><W93/><G39/><N who="0" m="22015" /><D131/><U75/><E126/><V84/><F84/><W107/><G107/><T87/><D87/><N who="1" m="52639" /><E75/><V121/><F121/><W41/><G41/><T11/><D16/><U80/><E80/><N who="2" m="49319" /><F18/><W69/><G69/><T49/><D49/><U50/><E19/><V83/><F83/><W8/><G8/><T109/><D109/><U28/><E120/><V82/><F82/><W111/><G111/><T21/><D21/><U23/><E23/><V55/><F66/><W92/><G92/><T71/><D71/><U74/><E74/><V110/><F110/><W5/><G5/><T128/><D128/><U20/><E20/><V15/><F15/><AGARI ba="4,1" hai="15,17,22,42,45,48,62,65,70,86,90,93,122,123" machi="15" ten="30,2000,0" yaku="7,1,52,1" doraHai="13" who="3" fromWho="2" sc="82,0,304,0,104,-32,500,42" /><INIT seed="7,0,0,0,4,130" ten="82,304,72,542" oya="3" hai0="81,24,23,77,103,73,45,80,119,121,92,44,71" hai1="118,49,37,124,68,27,22,134,43,101,31,59,20" hai2="18,39,76,131,97,47,10,51,21,63,117,83,17" hai3="58,66,9,46,102,90,86,65,50,36,15,38,96"/><W64/><G38/><T61/><D119/><U69/><E49/><V0/><F117/><W132/><G132/><T120/><D81/><U79/><E134/><V28/><F131/><W7/><G36/><T41/><D41/><U111/><E59/><V122/><F28/><W57/><G96/><T98/><D71/><U11/><E27/><V35/><F35/><W87/><G102/><T115/><D115/><U25/><E25/><V14/><F39/><W6/><G6/><T88/><D61/><U32/><E11/><V3/><F122/><W94/><G87/><N who="0" m="52255" /><D121/><U29/><E79/><V48/><F63/><W89/><G89/><T74/><D74/><U55/><E37/><V126/><F126/><W53/><AGARI ba="0,0" hai="7,9,15,46,50,53,57,58,64,65,66,86,90,94" machi="53" ten="30,3000,0" yaku="0,1,8,1" doraHai="130" who="3" fromWho="3" sc="82,-10,304,-10,72,-10,542,30" owari="72,-33.0,294,9.0,62,-44.0,572,68.0" /></mjloggm>