<mjloggm ver="2.3"><GO type="169" lobby="0"/><UN n0="%67%6F%75%73%69" n1="%E3%83%88%E3%83%88%E3%83%AA%E5%85%88%E7%94%9F%31%39%E6%AD%B3" n2="%5A%5A%5A%5A%5A" n3="%7A%61%63%63" dan="19,18,16,17" rate="2226.10,2204.97,2152.84,2155.01" sx="M,F,M,F"/><TAIKYOKU oya="0"/><INIT seed="0,0,0,3,4,135" ten="250,250,250,250" oya="0" hai0="98,72,76,103,16,52,62,9,87,78,45,75,21" hai1="34,64,2,125,131,133,81,97,53,70,31,10,33" hai2="1,43,88,105,109,128,89,3,124,123,54,93,85" hai3="48,40,36,132,83,12,114,100,111,126,28,130,113"/><T58/><D9/><U71/><E133/><V42/><F123/><W57/><G36/><T112/><D112/><U122/><E122/><V95/><F109/><W127/><G132/><T86/><D75/><U22/><E53/><V108/><F108/><W23/><G111/><T68/><D68/><U46/><E46/><V106/><F54/><W134/><G100/><T102/><D45/><U56/><E56/><V61/><F61/><W47/><G57/><T82/><D78/><U32/><E97/><V99/><F128/><W51/><G130/><T67/><D67/><U107/><E81/><V129/><F129/><W116/><G116/><T29/><D29/><U115/><E107/><V14/><F14/><W37/><G83/><T18/><D18/><U69/><E64/><V59/><F59/><W74/><G74/><T104/><REACH who="0" step="1"/><D103/><REACH who="0" ten="240,250,250,250" step="2"/><U17/><E31/><V120/><F120/><W118/><G113/><T38/><D38/><U60/><E115/><V77/><F77/><W84/><G114/><T119/><D119/><U96/><E131/><V80/><F3/><W66/><G66/><T7/><D7/><U6/><E70/><V44/><F1/><W110/><G118/><T0/><D0/><U5/><E5/><V39/><F44/><W30/><G110/><T19/><D19/><U15/><E71/><V27/><F39/><W121/><G37/><T4/><D4/><U26/><E2/><V79/><F79/><W73/><G28/><T65/><D65/><U11/><E6/><V13/><F43/><W41/><G41/><T117/><D117/><U50/><E69/><RYUUKYOKU ba="0,1" sc="240,30,250,-10,250,-10,250,-10" hai0="16,21,52,58,62,72,76,82,86,87,98,102,104" /><INIT seed="0,1,1,2,5,119" ten="270,240,240,240" oya="0" hai0="132,49,92,35,39,52,94,115,89,6,134,11,110" hai1="86,128,12,124,61,21,5,129,82,75,117,20,116" hai2="114,135,29,107,131,123,57,113,46,34,68,111,17" hai3="84,80,70,31,43,66,65,90,97,103,51,78,53"/><T122/><D39/><U32/><E32/><V50/><F107/><W44/><G70/><T120/><D35/><U102/><E75/><V13/><F34/><W25/><G43/><T121/><D115/><U37/><E37/><V58/><F29/><W16/><G78/><T24/><D24/><U83/><E124/><V95/><F95/><W109/><G109/><T28/><D28/><U81/><E102/><V104/><F104/><W62/><G62/><T99/><D110/><U98/><E98/><V60/><F111/><W23/><REACH who="3" step="1"/><G31/><REACH who="3" ten="270,240,240,230" step="2"/><T22/><D22/><U59/><E21/><V106/><F114/><W55/><G55/><T133/><D94/><AGARI ba="1,2" hai="16,23,25,44,51,53,65,66,80,84,90,94,97,103" machi="94" ten="30,7700,0" yaku="1,1,7,1,8,1,54,1,53,0" doraHai="119" doraHaiUra="101" who="3" fromWho="0" sc="270,-80,240,0,240,0,230,100" /><INIT seed="1,0,0,4,1,131" ten="190,240,240,330" oya="1" hai0="6,75,27,81,45,32,33,99,104,51,85,59,100" hai1="118,120,135,132,22,47,31,122,108,9,54,87,23" hai2="53,107,101,34,38,55,49,125,96,128,116,19,69" hai3="57,133,26,58,17,21,68,63,42,44,3,67,86"/><U84/><E118/><V111/><F116/><W114/><G3/><T106/><D75/><U64/><E108/><V25/><F111/><W134/><G114/><T123/><D123/><U41/><E64/><V88/><F38/><W74/><G74/><T48/><D104/><U72/><E72/><V8/><F69/><W80/><G86/><N who="1" m="32810" /><E9/><V93/><F128/><W39/><G80/><T24/><D6/><U71/><E71/><V36/><F36/><W102/><G102/><T0/><D0/><U92/><E54/><V77/><F77/><W105/><G105/><T66/><D33/><U12/><E92/><V113/><F113/><W97/><G97/><T124/><D124/><U56/><E56/><V112/><F112/><W46/><G44/><T95/><D32/><U20/><E12/><V110/><F110/><W127/><G127/><T70/><D70/><U62/><E62/><V83/><F125/><W78/><G78/><T130/><D106/><U1/><E31/><V82/><F34/><W121/><G121/><N who="1" m="46698" /><E1/><V5/><F107/><W117/><G117/><T13/><D13/><U76/><E76/><V60/><F55/><W14/><G14/><T40/><D130/><U115/><E115/><V7/><F60/><W65/><G68/><T126/><D126/><U79/><E79/><V119/><F53/><W2/><G2/><T90/><D51/><U30/><E30/><V18/><F49/><W37/><G39/><T29/><D29/><U98/><E98/><V28/><F96/><W73/><G73/><T10/><D10/><U11/><E11/><V89/><F8/><RYUUKYOKU ba="0,0" sc="190,10,240,10,240,-30,330,10" hai0="24,27,40,45,48,59,66,81,85,90,95,99,100" hai1="20,22,23,41,47,132,135" hai3="17,21,26,37,42,46,57,58,63,65,67,133,134" /><INIT seed="1,1,0,4,5,92" ten="200,250,210,340" oya="1" hai0="31,117,62,131,113,126,74,96,89,72,110,46,93" hai1="1,124,29,119,12,53,109,106,24,90,6,68,112" hai2="4,57,103,63,43,61,14,44,42,51,7,95,58" hai3="16,91,88,100,47,78,3,38,20,41,87,0,37"/><U67/><E112/><V40/><F14/><W2/><G37/><T59/><D117/><U56/><E119/><V121/><F121/><W66/><G66/><T75/><D113/><U116/><E116/><V35/><F35/><W50/><G38/><T101/><D110/><U114/><E114/><V54/><F103/><W122/><G122/><T83/><D126/><U133/><E1/><V55/><REACH who="2" step="1"/><F95/><REACH who="2" ten="200,250,200,340" step="2"/><W27/><REACH who="3" step="1"/><G100/><REACH who="3" ten="200,250,200,330" step="2"/><T52/><D101/><U82/><E124/><V36/><F36/><W48/><G48/><T111/><D111/><U21/><E109/><V70/><F70/><W105/><G105/><T107/><D107/><U84/><E68/><V33/><F33/><W71/><G71/><T26/><D62/><U94/><E106/><V99/><F99/><W79/><G79/><T73/><D96/><U64/><E90/><V39/><F39/><W102/><G102/><T135/><D89/><U104/><E104/><V10/><F10/><W9/><G9/><T81/><D93/><U69/><E94/><V115/><F115/><W25/><G25/><T32/><D26/><U49/><E69/><V130/><F130/><W22/><G22/><T11/><D11/><U118/><E118/><V80/><F80/><AGARI ba="1,2" hai="0,2,3,16,20,27,41,47,50,78,80,87,88,91" machi="80" ten="40,5200,0" yaku="1,1,54,2,53,0" doraHai="92" doraHaiUra="97" who="3" fromWho="2" sc="200,0,250,0,200,-55,330,75" /><INIT seed="2,0,0,4,1,59" ten="200,250,145,405" oya="2" hai0="62,13,30,53,69,91,106,96,7,60,114,118,75" hai1="64,29,32,37,46,42,45,126,67,119,58,63,50" hai2="79,66,11,133,135,70,77,84,90,124,129,23,43" hai3="6,33,86,112,132,83,25,21,122,107,48,56,92"/><V68/><F43/><W22/><G107/><T98/><D114/><U0/><E0/><V61/><F11/><W10/><G122/><T16/><D75/><U28/><E119/><V125/><F23/><W108/><G112/><T113/><D113/><U85/><E126/><N who="2" m="48747" /><F70/><W49/><G33/><T120/><D120/><U99/><E32/><V14/><F14/><W131/><G22/><T110/><D69/><U31/><E85/><V72/><F72/><W89/><G25/><T88/><D110/><U41/><REACH who="1" step="1"/><E99/><REACH who="1" ten="200,240,145,405" step="2"/><V100/><F129/><W5/><G131/><T117/><D98/><U8/><E8/><V57/><F68/><W115/><G108/><T12/><D96/><U19/><E19/><V82/><F100/><W1/><G10/><T81/><D117/><U27/><E27/><V121/><F121/><W9/><G9/><T103/><D118/><U4/><E4/><V52/><F66/><AGARI ba="0,1" hai="28,29,31,37,41,42,45,46,50,58,63,64,66,67" machi="66" ten="40,2600,0" yaku="1,1,52,1,53,0" doraHai="59" doraHaiUra="130" who="1" fromWho="2" sc="200,0,240,36,145,-26,405,0" /><INIT seed="3,0,0,5,1,114" ten="200,276,119,405" oya="3" hai0="23,66,59,118,101,15,53,106,127,99,82,128,17" hai1="102,47,51,132,34,133,83,77,88,112,11,119,24" hai2="75,44,89,14,10,96,13,35,26,54,61,28,20" hai3="49,80,76,109,25,4,70,120,131,103,1,36,87"/><W111/><G120/><T50/><D127/><U32/><E112/><V40/><F75/><W74/><G36/><T58/><D128/><U21/><E102/><V122/><F122/><W123/><G70/><T27/><D82/><U105/><E105/><V124/><F124/><W79/><G131/><T37/><D37/><U48/><E11/><V2/><F2/><W3/><G123/><T38/><D38/><U22/><E88/><V64/><F54/><W116/><G25/><T84/><D84/><U52/><E51/><V115/><F115/><W98/><G49/><T65/><D118/><U71/><E71/><V45/><F35/><W73/><G116/><T135/><D135/><N who="1" m="51787" /><E21/><V90/><F96/><W78/><G4/><T7/><D7/><U6/><E6/><V12/><F10/><W126/><G126/><T56/><REACH who="0" step="1"/><D15/><REACH who="0" ten="190,276,119,405" step="2"/><U107/><E119/><V63/><F40/><W67/><G3/><T0/><D0/><U110/><E83/><V69/><REACH who="2" step="1"/><F63/><REACH who="2" ten="190,276,109,405" step="2"/><W29/><G1/><T5/><D5/><U31/><E48/><V60/><F60/><W46/><G74/><T57/><AGARI ba="0,2" hai="17,23,27,50,53,56,57,58,59,65,66,99,101,106" machi="57" ten="30,4000,0" yaku="1,1,0,1,53,1" doraHai="114" doraHaiUra="97" who="0" fromWho="0" sc="190,60,276,-10,109,-10,405,-20" /><INIT seed="4,0,0,4,0,65" ten="250,266,99,385" oya="0" hai0="73,130,61,0,71,28,26,116,85,100,3,36,43" hai1="113,22,7,56,94,53,5,9,23,109,79,13,110" hai2="102,25,12,134,133,18,42,125,104,16,118,32,106" hai3="78,129,90,27,44,70,33,58,20,24,119,115,99"/><T1/><D85/><U126/><E126/><V54/><F42/><W14/><G119/><T132/><D116/><U15/><E113/><V2/><F118/><W4/><G129/><T128/><D132/><U68/><E68/><V103/><F54/><W51/><G70/><T77/><D100/><N who="2" m="38442" /><F2/><W45/><G33/><T29/><D29/><U47/><E47/><V11/><F32/><W82/><G58/><T34/><D77/><U91/><E79/><V49/><F49/><W87/><G115/><T55/><D73/><U64/><E64/><V19/><F25/><W108/><G108/><T86/><D86/><N who="1" m="52599" /><E110/><V67/><F67/><W59/><G59/><T81/><D81/><U105/><E105/><N who="2" m="40555" /><F125/><W95/><G45/><N who="0" m="23783" /><D55/><U46/><E46/><V66/><F66/><AGARI ba="0,0" hai="0,1,3,26,28,34,61,66,71,128,130" m="23783" machi="66" ten="40,3900,0" yaku="23,1,52,1" doraHai="65" who="0" fromWho="2" sc="250,39,266,0,99,-39,385,0" /><INIT seed="4,1,0,4,5,91" ten="289,266,60,385" oya="0" hai0="107,115,76,30,23,100,59,73,92,44,62,4,79" hai1="19,65,24,87,0,1,86,14,25,20,131,64,9" hai2="48,58,68,82,61,84,5,124,88,78,123,96,53" hai3="97,89,12,74,72,116,34,75,70,42,39,2,129"/><T35/><D35/><U26/><E131/><V29/><F123/><W66/><G2/><T38/><D107/><U33/><E33/><V99/><F124/><W16/><G116/><T43/><D73/><U111/><E111/><V36/><F29/><W125/><G34/><T118/><D4/><U134/><E134/><V80/><F5/><W8/><G125/><T50/><D38/><U93/><E0/><V41/><F36/><W101/><G129/><T135/><D115/><U122/><E122/><V32/><F32/><W57/><G70/><T17/><D135/><U105/><E105/><V114/><F114/><W106/><G66/><N who="1" m="25706" /><E1/><V27/><F27/><N who="1" m="10313" /><E93/><V102/><F68/><W15/><G57/><T120/><D30/><AGARI ba="1,0" hai="9,14,19,20,26,30,86,87" m="10313,25706" machi="30" ten="30,1000,0" yaku="8,1" doraHai="91" who="1" fromWho="0" sc="289,-13,266,13,60,0,385,0" /><INIT seed="5,0,0,5,5,126" ten="276,279,60,385" oya="1" hai0="13,41,119,21,112,30,73,101,0,25,20,76,125" hai1="3,65,118,15,36,56,53,17,98,75,104,6,107" hai2="74,106,2,85,109,113,29,18,89,123,67,26,28" hai3="102,95,43,4,68,59,14,31,81,23,124,42,50"/><U10/><E118/><V90/><F109/><W79/><G68/><T100/><D0/><U132/><E36/><V133/><F106/><W24/><G124/><T9/><D119/><U32/><E75/><V66/><F74/><W83/><G102/><T92/><D112/><U96/><E132/><V47/><F123/><W46/><G43/><T19/><D73/><U12/><E65/><V38/><F113/><W128/><G95/><T82/><D41/><U129/><E32/><V58/><F133/><W84/><G81/><T91/><D76/><U127/><E127/><V80/><F2/><W69/><G59/><T70/><D82/><U40/><E40/><V103/><F103/><W131/><G69/><T54/><D70/><U114/><E114/><V105/><F105/><W39/><G39/><T134/><D134/><U64/><E64/><V115/><F115/><W97/><G97/><N who="1" m="37482" /><E3/><V72/><F72/><W88/><G88/><T44/><D125/><U117/><E117/><V57/><F38/><W52/><G52/><T63/><D20/><N who="1" m="11303" /><E129/><N who="3" m="49738" /><G14/><T77/><D77/><U62/><E107/><V111/><F111/><W8/><G8/><T87/><D44/><U7/><E104/><V34/><F47/><W49/><G49/><T11/><D9/><U93/><E93/><V121/><F121/><W78/><G78/><T37/><D37/><U60/><E60/><V45/><F45/><W122/><G4/><AGARI ba="0,0" hai="4,6,7,10,15,53,56,62" m="11303,37482" machi="4" ten="30,1500,0" yaku="8,1" doraHai="126" who="1" fromWho="3" sc="276,0,279,15,60,0,385,-15" /><INIT seed="5,1,0,0,4,131" ten="276,294,60,370" oya="1" hai0="96,13,65,89,94,77,48,85,44,92,62,14,87" hai1="84,80,117,133,86,56,12,29,15,6,52,20,109" hai2="70,123,46,82,118,16,43,32,27,42,7,93,78" hai3="101,120,8,47,33,69,9,25,102,72,119,36,59"/><U53/><E117/><V116/><F123/><W125/><G120/><T135/><D135/><U113/><E113/><V26/><F70/><W95/><G72/><T66/><D85/><U71/><E71/><V88/><F7/><W112/><G69/><T126/><D126/><U122/><E122/><V64/><F64/><N who="0" m="24682" /><D62/><U54/><E133/><V130/><F130/><W105/><G105/><T41/><D77/><U3/><E109/><V91/><F32/><W111/><G125/><T110/><D110/><U39/><E39/><V129/><F129/><W0/><G0/><T124/><D124/><U40/><E40/><V114/><F114/><W108/><G95/><T121/><D121/><U11/><E84/><V103/><F103/><AGARI ba="1,0" hai="13,14,41,44,48,87,89,92,94,96,103" m="24682" machi="103" ten="30,1000,0" yaku="8,1" doraHai="131" who="0" fromWho="2" sc="276,13,294,0,60,-13,370,0" /><INIT seed="6,0,0,3,1,114" ten="289,294,47,370" oya="2" hai0="115,70,17,106,71,66,113,72,12,121,30,56,94" hai1="99,61,46,67,84,118,28,37,50,83,24,105,14" hai2="38,22,108,10,13,127,133,19,101,47,42,107,40" hai3="27,112,58,62,7,15,34,11,78,39,1,102,2"/><V95/><F107/><W126/><G39/><T131/><D72/><U75/><E75/><V93/><F108/><W123/><G123/><T57/><D121/><U90/><E37/><V3/><F127/><W25/><G126/><T77/><D106/><U135/><E135/><V68/><F68/><W134/><G134/><T128/><D77/><U9/><E105/><V80/><F133/><W87/><G102/><T103/><D30/><U132/><E132/><V16/><F42/><W73/><G73/><T82/><D82/><U81/><E81/><V92/><F80/><W29/><G112/><N who="0" m="43083" /><D103/><U60/><E118/><V5/><REACH who="2" step="1"/><F19/><REACH who="2" ten="289,294,37,370" step="2"/><W86/><G78/><T64/><D71/><U6/><E83/><V4/><F4/><W59/><G7/><T45/><D70/><U89/><E6/><V74/><F74/><W85/><G29/><T79/><D79/><U26/><E28/><V125/><F125/><W36/><G36/><T69/><D69/><U51/><E89/><V8/><F8/><W104/><G104/><T23/><D17/><U48/><E9/><V35/><F35/><W21/><G34/><T91/><D91/><U54/><E90/><V110/><F110/><W32/><G32/><T98/><D94/><U97/><E46/><V119/><F119/><W31/><G31/><T20/><D45/><U122/><E122/><V76/><F76/><W130/><G11/><T0/><D56/><U18/><E18/><V124/><F124/><W53/><G59/><T109/><D57/><U65/><E65/><V63/><F63/><W100/><G62/><T41/><D109/><RYUUKYOKU ba="0,1" sc="289,-10,294,-10,37,30,370,-10" hai2="3,5,10,13,16,22,38,40,47,92,93,95,101" /><INIT seed="6,1,1,2,0,94" ten="279,284,67,360" oya="2" hai0="105,55,123,67,119,99,135,100,131,128,21,39,84" hai1="11,111,129,58,113,101,34,120,93,81,16,112,71" hai2="37,78,73,3,74,4,77,72,114,118,29,19,18" hai3="60,12,92,115,25,47,75,82,98,20,90,97,42"/><V46/><F118/><W88/><G12/><T57/><D123/><U45/><E111/><V26/><F114/><W69/><G115/><N who="1" m="44106" /><E71/><V15/><F3/><W9/><G9/><T17/><D39/><U133/><E34/><V86/><F4/><W36/><G69/><T109/><D109/><U53/><E129/><V23/><F86/><W116/><G60/><T63/><D119/><U13/><E133/><V1/><F1/><W43/><G42/><T87/><D67/><U83/><E45/><V76/><REACH who="2" step="1"/><F15/><REACH who="2" ten="279,284,57,360" step="2"/><W91/><G116/><T50/><D135/><U62/><E120/><V110/><F110/><W65/><G75/><T127/><D84/><U79/><E79/><V14/><F14/><W2/><G2/><T44/><D87/><U59/><E13/><V30/><F30/><W35/><G82/><T61/><D128/><U103/><E11/><V130/><F130/><W106/><G35/><T0/><D0/><U134/><E81/><V6/><F6/><W89/><G25/><T48/><D131/><U70/><E83/><V68/><F68/><W104/><G20/><T108/><D108/><U85/><E70/><V125/><F125/><W38/><G38/><T121/><D127/><U96/><E85/><V66/><F66/><W31/><G65/><T126/><D126/><U52/><E134/><V124/><F124/><W24/><G24/><T95/><D121/><U40/><E16/><V132/><F132/><W80/><G31/><T22/><D17/><U107/><E62/><V56/><F56/><W33/><G33/><T7/><D61/><U122/><E122/><RYUUKYOKU ba="1,2" sc="279,-10,284,-10,57,30,360,-10" hai2="18,19,23,26,29,37,46,72,73,74,76,77,78" /><INIT seed="6,2,2,2,4,52" ten="269,274,87,350" oya="2" hai0="61,13,81,11,64,69,44,12,17,130,132,113,110" hai1="104,49,91,4,111,94,15,93,84,19,123,87,8" hai2="62,97,127,103,119,56,31,107,51,50,65,98,5" hai3="23,135,35,95,70,125,53,120,43,29,63,100,27"/><V131/><F119/><W124/><G120/><T121/><D110/><U57/><E111/><V122/><F122/><W74/><G74/><T101/><D121/><U83/><E104/><V41/><F131/><W126/><G135/><T129/><D113/><U116/><E116/><V9/><F127/><W77/><G43/><T21/><D132/><U30/><E123/><V3/><F41/><W45/><G77/><T22/><D44/><U78/><E30/><V37/><F37/><W47/><G35/><T46/><D46/><U89/><E4/><V105/><REACH who="2" step="1"/><F31/><REACH who="2" ten="269,274,77,350" step="2"/><W33/><G126/><T32/><D129/><U20/><E8/><V80/><F80/><W106/><G125/><T34/><D130/><U134/><E134/><V7/><F7/><W72/><G29/><T109/><D109/><U118/><E118/><V92/><F92/><W25/><G95/><T54/><D81/><U40/><E40/><V114/><F114/><W128/><G128/><T76/><D11/><U90/><E93/><V96/><F96/><W1/><G106/><T60/><D17/><U133/><E133/><V36/><F36/><W75/><G124/><T115/><D115/><U58/><E94/><V108/><F108/><W18/><G33/><T66/><D32/><U55/><E87/><V71/><F71/><W99/><G70/><T82/><D34/><U112/><E112/><V16/><F16/><W86/><G86/><T67/><D69/><U73/><E73/><V14/><F14/><W42/><G72/><T0/><D12/><U24/><E15/><V79/><F79/><W88/><G75/><RYUUKYOKU ba="2,3" sc="269,-15,274,15,77,15,350,-15" hai1="19,20,24,49,55,57,58,78,83,84,89,90,91" hai2="3,5,9,50,51,56,62,65,97,98,103,105,107" /><INIT seed="6,3,3,1,5,15" ten="254,289,92,335" oya="2" hai0="71,80,11,77,64,30,54,72,13,31,98,21,66" hai1="41,135,19,99,68,86,65,109,0,83,22,111,120" hai2="122,91,42,100,2,115,45,87,24,102,53,108,106" hai3="9,1,33,38,35,67,50,123,110,131,126,29,12"/><V130/><F122/><W82/><G38/><T128/><D128/><U27/><E0/><V63/><F130/><W10/><G110/><T74/><D74/><U40/><E120/><V107/><F108/><W121/><G131/><T47/><D98/><U103/><E40/><V6/><F115/><W112/><G67/><T60/><D66/><U25/><E135/><V49/><F24/><W125/><G82/><T3/><D21/><U62/><E41/><V52/><F6/><W34/><G29/><T46/><D3/><U55/><E55/><N who="2" m="21067" /><F2/><W93/><G112/><T92/><D92/><U4/><E4/><V94/><F107/><W20/><G1/><T8/><D8/><U105/><E25/><V96/><F106/><W90/><G20/><T32/><D32/><U7/><E7/><V28/><F28/><W59/><G12/><T39/><D47/><U119/><E119/><V129/><F129/><W75/><G75/><T127/><D39/><U104/><E104/><V16/><F63/><W95/><G35/><T73/><D73/><U133/><E133/><V85/><F16/><W61/><G34/><T118/><D118/><U101/><E101/><AGARI ba="3,3" hai="42,45,49,85,87,91,94,96,100,101,102" m="21067" machi="101" ten="30,2900,0" yaku="8,1,54,1" doraHai="15" who="2" fromWho="1" sc="254,0,289,-38,92,68,335,0" /><INIT seed="6,4,0,4,5,51" ten="254,251,160,335" oya="2" hai0="104,101,76,58,23,89,118,130,7,103,66,121,18" hai1="108,29,122,47,48,32,19,98,94,15,12,6,40" hai2="21,77,134,10,96,125,85,73,112,99,27,38,13" hai3="111,60,30,78,105,114,49,132,83,44,88,31,128"/><V11/><F73/><W59/><G111/><T37/><D37/><U92/><E108/><V55/><F38/><W46/><G105/><T90/><D121/><U129/><E122/><V68/><F68/><W110/><G132/><T41/><D41/><U69/><E69/><V79/><F134/><W71/><G71/><T22/><D76/><N who="2" m="29258" /><F125/><W17/><G128/><T87/><D7/><U119/><E119/><V36/><F36/><W64/><G46/><T25/><D104/><U34/><E129/><V70/><F70/><W61/><G60/><T84/><D130/><U91/><E29/><N who="2" m="17647" /><F112/><W107/><G107/><T120/><D120/><U26/><E26/><V127/><F127/><W62/><G114/><T54/><D66/><U93/><E32/><V20/><F85/><W42/><G110/><T56/><D118/><U4/><E34/><V97/><F55/><W2/><G2/><T131/><D131/><U5/><E15/><V133/><F133/><W3/><G3/><T52/><D25/><U74/><E74/><V82/><F82/><W1/><G1/><T116/><D116/><U53/><E40/><V100/><F100/><W86/><G78/><T117/><D117/><U124/><E124/><V115/><F115/><W102/><G102/><T135/><D135/><U63/><E63/><V33/><F33/><W81/><G61/><T8/><D18/><AGARI ba="4,0" hai="10,11,13,18,20,96,97,99" m="17647,29258" machi="18" ten="30,1500,0" yaku="8,1" doraHai="51" who="2" fromWho="0" sc="254,-27,251,0,160,27,335,0" /><INIT seed="6,5,0,4,2,36" ten="227,251,187,335" oya="2" hai0="19,129,65,45,105,6,74,32,64,9,82,91,134" hai1="0,123,4,120,75,127,57,24,125,52,13,93,28" hai2="135,11,48,118,124,108,97,92,119,17,59,30,1" hai3="115,104,112,94,101,49,86,113,95,131,46,53,102"/><V15/><F30/><W100/><G131/><T70/><D32/><U89/><E75/><V72/><F72/><W42/><G104/><T77/><D105/><U71/><E71/><V55/><F108/><W16/><G16/><T69/><D129/><U35/><E13/><V3/><F124/><N who="1" m="47689" /><E4/><V96/><F135/><W132/><G132/><T90/><D134/><U47/><E47/><V56/><F56/><N who="3" m="32815" /><G86/><T133/><D133/><U33/><E0/><V50/><F50/><AGARI ba="5,0" hai="42,46,50,94,95,100,101,102,112,113,115" m="32815" machi="50" ten="40,5200,0" yaku="15,1,11,1,52,1" doraHai="36" who="3" fromWho="2" sc="227,0,251,0,187,-67,335,67" /><INIT seed="7,0,0,1,0,94" ten="227,251,120,402" oya="3" hai0="52,44,43,63,126,26,115,15,135,11,33,88,90" hai1="87,80,41,17,71,27,23,16,131,111,102,12,129" hai2="81,68,83,28,54,1,109,35,56,31,86,69,65" hai3="38,14,7,124,105,74,32,119,36,3,22,84,73"/><W61/><G105/><T82/><D33/><U89/><E71/><V67/><F109/><W120/><G7/><T104/><D104/><U34/><E111/><V108/><F108/><W101/><G101/><T6/><D26/><U72/><E102/><V114/><F1/><W29/><G29/><T50/><D126/><U8/><E41/><V2/><F2/><W107/><G22/><T58/><D135/><U39/><E39/><V93/><F114/><W133/><G14/><T62/><D115/><U48/><E48/><V47/><F35/><W98/><G84/><N who="0" m="50199" /><D90/><U25/><E72/><V117/><F117/><W70/><G70/><T116/><D116/><U10/><E10/><V95/><F47/><W40/><G40/><T110/><D110/><U96/><E96/><V128/><F128/><N who="1" m="49225" /><E34/><V37/><F37/><W127/><G98/><T91/><D91/><U13/><AGARI ba="0,0" hai="8,12,13,16,17,23,25,27,80,87,89" m="49225" machi="13" ten="30,2000,0" yaku="19,1,54,1" doraHai="94" who="1" fromWho="1" sc="227,-5,251,20,120,-5,402,-10" owari="222,-18.0,271,7.0,115,-38.0,392,49.0" /></mjloggm>