<mjloggm ver="2.3"><GO type="169" lobby="0"/><UN n0="%E3%83%97%E3%83%83%E3%82%B7%E3%83%A5%E6%8A%BC%E3%81%99%E5%83%A7" n1="%E5%B0%B1%E6%B4%BB%E7%94%9F%40%E5%B7%9D%E6%9D%91%E8%BB%8D%E5%9B%A3" n2="%7A%65%61%6C%E2%88%AC" n3="%E3%82%B5%E3%82%A6%E3%83%AA%E3%83%BC" dan="18,16,16,17" rate="2254.61,2186.42,2071.95,2151.27" sx="M,M,M,M"/><TAIKYOKU oya="0"/><INIT seed="0,0,0,0,1,73" ten="250,250,250,250" oya="0" hai0="47,8,5,121,43,123,119,11,35,83,85,22,26" hai1="131,135,39,111,107,64,104,129,126,98,49,81,4" hai2="14,9,30,77,67,128,57,132,108,15,79,71,63" hai3="101,69,0,59,55,10,125,61,42,115,28,48,116"/><T106/><D106/><U70/><E39/><V13/><F108/><W7/><G125/><T68/><D68/><U24/><E111/><V54/><F128/><W44/><G115/><T62/><D62/><U94/><E126/><V118/><F132/><W32/><G116/><T33/><D119/><U16/><E4/><V82/><F118/><W19/><G32/><T46/><D35/><U17/><E135/><V122/><F122/><W52/><G28/><T112/><D33/><U124/><E124/><V92/><F30/><W113/><G113/><T99/><D99/><U41/><E64/><V25/><F25/><W87/><G69/><T20/><D112/><U110/><E70/><V6/><F92/><W76/><G101/><T96/><D96/><U21/><E17/><V114/><F114/><W102/><G102/><T90/><D22/><U45/><E81/><V29/><F29/><W53/><REACH who="3" step="1"/><G19/><REACH who="3" ten="250,250,250,240" step="2"/><T95/><D123/><U23/><E110/><V37/><F37/><W134/><G134/><T60/><D121/><U120/><E120/><V58/><F71/><W51/><G51/><T133/><D133/><U80/><E129/><V84/><REACH who="2" step="1"/><F77/><REACH who="2" ten="250,250,240,240" step="2"/><W97/><G97/><T100/><D100/><U109/><E131/><V103/><F103/><W2/><G2/><T34/><D34/><U36/><E109/><V50/><AGARI ba="0,2" hai="6,9,13,14,15,50,54,57,58,63,67,79,82,84" machi="50" ten="20,8000,1" yaku="1,1,0,1,7,1,8,1,52,1,53,0" doraHai="73" doraHaiUra="38" who="2" fromWho="2" sc="250,-40,250,-20,240,100,240,-20" /><INIT seed="1,0,0,0,4,55" ten="210,230,340,220" oya="1" hai0="48,115,14,12,38,88,107,45,135,13,28,60,86" hai1="4,70,36,16,25,31,119,132,101,64,95,126,47" hai2="130,81,71,0,26,125,2,65,7,133,124,43,116" hai3="114,37,90,57,118,6,68,52,9,134,27,84,29"/><U106/><E119/><V54/><F116/><W122/><G134/><T62/><D107/><U53/><E106/><V21/><F43/><W50/><G122/><T96/><D115/><U131/><E4/><V91/><F133/><W92/><G114/><T117/><D117/><U35/><E132/><V5/><F130/><W104/><G118/><T105/><D45/><U44/><E131/><V128/><F128/><W83/><G104/><T94/><D38/><U41/><E126/><N who="2" m="48747" /><F54/><W63/><G37/><T51/><D28/><U39/><E70/><V67/><F81/><W73/><G73/><T33/><D33/><U78/><E78/><V123/><F91/><W75/><G75/><T17/><D17/><U40/><E64/><N who="2" m="24651" /><F71/><W120/><G68/><T97/><D135/><U79/><E79/><V102/><F102/><W11/><G120/><T34/><D34/><U3/><E3/><N who="2" m="1067" /><F123/><W110/><G6/><T18/><D18/><AGARI ba="0,0" hai="5,7,18,21,26" m="1067,24651,48747" machi="18" ten="30,1000,0" yaku="18,1" doraHai="55" who="2" fromWho="0" sc="210,-10,230,0,340,10,220,0" /><INIT seed="2,0,0,4,3,6" ten="200,230,350,220" oya="2" hai0="3,110,124,126,19,80,130,33,123,62,95,9,21" hai1="112,102,120,134,127,7,37,16,116,79,135,59,0" hai2="103,50,77,88,23,56,131,27,2,78,20,52,41" hai3="114,122,100,35,75,36,31,53,90,47,117,121,105"/><V83/><F2/><W107/><G117/><T43/><D43/><U81/><E116/><V44/><F131/><W28/><G75/><T8/><D123/><U15/><E37/><V96/><F20/><W94/><G114/><T65/><D33/><U74/><E112/><V30/><F83/><W109/><G109/><T108/><D95/><U125/><E102/><V97/><F97/><W73/><G73/><T85/><D3/><U133/><E120/><V84/><F84/><W55/><G100/><T76/><D130/><U18/><E59/><V69/><F69/><W119/><G119/><T46/><D46/><U1/><E1/><V54/><F54/><W38/><G94/><T24/><D110/><U98/><E98/><V68/><F68/><W70/><G70/><T10/><REACH who="0" step="1"/><D108/><REACH who="0" ten="190,230,350,220" step="2"/><U71/><E0/><V42/><F41/><W34/><G47/><T26/><D26/><U72/><E71/><AGARI ba="0,1" hai="8,9,10,19,21,24,62,65,71,76,80,85,124,126" machi="71" ten="40,8000,1" yaku="1,1,52,3,53,0" doraHai="6" doraHaiUra="92" who="0" fromWho="1" sc="190,90,230,-80,350,0,220,0" /><INIT seed="3,0,0,5,3,28" ten="280,150,350,220" oya="3" hai0="11,31,46,48,58,82,39,70,132,79,52,38,129" hai1="77,40,93,104,57,2,110,90,43,56,72,62,119" hai2="94,27,107,85,20,114,47,21,116,30,45,34,101" hai3="12,80,95,49,103,111,15,65,122,91,5,13,75"/><W117/><G122/><T78/><D70/><U42/><E104/><V6/><F114/><W125/><G117/><T17/><D132/><U73/><E2/><V88/><F116/><W8/><G125/><T108/><D108/><U97/><E119/><V63/><F6/><W76/><G111/><T61/><D31/><U120/><E120/><V0/><F0/><W102/><G65/><T60/><D60/><U32/><E110/><V18/><F63/><W1/><REACH who="3" step="1"/><G49/><REACH who="3" ten="280,150,350,210" step="2"/><T83/><D48/><U4/><E62/><V130/><F130/><W105/><G105/><T98/><D129/><U100/><E57/><V59/><F59/><W7/><G7/><T127/><D127/><U113/><E56/><V135/><F135/><W71/><G71/><T67/><D67/><U87/><E4/><V86/><F107/><W22/><G22/><T26/><D58/><U16/><E113/><V92/><F21/><W33/><G33/><T118/><D118/><U121/><E121/><V29/><F34/><W25/><G25/><T36/><D26/><U131/><E131/><V112/><F112/><W126/><G126/><T10/><D61/><U115/><E115/><V69/><F69/><W66/><G66/><T106/><D106/><U128/><E128/><V74/><F27/><W64/><G64/><T19/><D39/><U23/><E32/><V84/><F20/><W51/><G51/><T24/><D24/><U134/><E134/><V41/><F47/><W3/><G3/><T44/><D36/><U35/><E35/><V123/><F45/><W53/><G53/><T133/><D38/><RYUUKYOKU ba="0,1" sc="280,-10,150,-10,350,-10,210,30" hai3="1,5,8,12,13,15,75,76,80,91,95,102,103" /><INIT seed="3,1,1,3,3,64" ten="270,140,340,240" oya="3" hai0="52,84,106,13,110,48,8,5,2,80,36,111,91" hai1="46,28,86,23,18,95,58,98,32,17,37,10,109" hai2="133,68,11,127,114,0,21,16,33,117,9,60,74" hai3="87,126,116,125,108,62,31,129,67,104,27,19,26"/><W25/><G104/><T71/><D106/><U51/><E109/><N who="0" m="41481" /><D36/><U90/><E32/><V100/><F74/><W112/><G108/><T103/><D103/><U30/><E37/><V77/><F77/><W53/><G112/><T49/><D49/><U89/><E58/><V94/><F114/><W6/><G116/><T41/><D41/><U61/><E61/><V73/><F73/><W85/><G129/><T1/><D71/><U59/><E10/><V83/><F83/><W113/><G113/><T76/><D76/><U69/><E69/><V102/><F33/><W132/><G132/><T128/><D128/><U97/><E18/><V29/><F117/><W119/><G119/><T34/><D34/><U44/><E59/><AGARI ba="1,1" hai="1,2,5,8,13,48,52,59,80,84,91" m="41481" machi="59" ten="30,2000,0" yaku="14,1,54,1" doraHai="64" who="0" fromWho="1" sc="270,33,140,-23,340,0,240,0" /><INIT seed="4,0,0,0,4,134" ten="303,117,340,240" oya="0" hai0="18,117,103,13,102,75,61,65,74,125,62,104,35" hai1="54,10,94,109,96,37,36,129,88,123,40,27,12" hai2="8,127,131,128,116,115,113,87,31,106,124,55,1" hai3="126,118,112,73,93,21,25,85,108,51,86,19,110"/><T28/><D13/><U95/><E123/><V80/><F106/><W97/><G118/><T6/><D6/><U70/><E109/><V59/><F31/><W29/><G73/><T78/><D18/><U72/><E72/><V20/><F20/><W63/><G112/><N who="2" m="43081" /><F116/><W122/><G122/><T26/><D117/><U24/><E129/><N who="2" m="49739" /><F8/><W84/><G126/><N who="2" m="48169" /><F1/><W14/><G108/><T11/><D11/><U76/><E76/><V49/><F87/><W99/><G110/><T91/><D75/><U60/><E40/><V30/><F30/><W56/><G93/><T42/><D42/><U68/><E27/><V7/><F80/><W98/><G29/><T17/><D104/><U9/><E24/><V33/><F7/><W23/><G25/><T81/><D125/><U133/><E10/><V39/><F39/><W89/><G23/><T48/><D28/><U38/><E94/><V44/><F33/><W41/><G89/><T0/><D91/><U64/><E133/><V34/><F34/><W114/><G86/><T15/><D35/><U130/><E130/><V69/><F69/><W77/><G114/><T4/><D4/><U100/><E70/><V52/><F59/><W57/><G57/><T105/><D105/><U47/><E9/><V101/><F55/><W50/><G85/><T79/><D74/><U58/><E12/><V121/><F121/><W82/><G41/><T53/><D15/><U46/><E100/><AGARI ba="0,0" hai="44,49,52,100,101" m="48169,49739,43081" machi="100" ten="40,12000,2" yaku="15,1,19,1,18,1,52,3,54,1" doraHai="134" who="2" fromWho="1" sc="303,0,117,-120,340,120,240,0" owari="303,10.0,-3,-50.0,460,56.0,240,-16.0" /></mjloggm>