<mjloggm ver="2.3"><GO type="225" lobby="0"/><UN n0="%E3%83%98%E3%82%AF%E3%82%B5%E3%83%BC" n1="%E9%AD%82%E9%AD%84%E5%A6%96%E5%A4%A2%2A" n2="%E3%82%A6%E3%83%AB%E3%83%88%E3%83%A9%E7%AB%8B%E7%9B%B4" n3="%E7%B6%BE%E7%80%AC%E5%A5%88%E9%83%BD%E5%B8%8C" dan="16,16,17,17" rate="2083.05,2142.73,2148.08,2141.73" sx="M,F,M,F"/><TAIKYOKU oya="0"/><INIT seed="0,0,0,2,1,25" ten="250,250,250,250" oya="0" hai0="102,11,116,54,60,100,40,84,95,65,75,7,1" hai1="123,129,98,115,88,33,64,58,59,74,24,85,91" hai2="128,12,15,76,3,92,28,90,134,94,119,81,89" hai3="35,32,6,8,87,69,23,66,112,103,36,125,62"/><T50/><D116/><U34/><E123/><V56/><F3/><W55/><G112/><T110/><D75/><U93/><E74/><V39/><F39/><W48/><G125/><T2/><D2/><U79/><E129/><V13/><F128/><W77/><G36/><T37/><D110/><U41/><E79/><V130/><F130/><W68/><G68/><T71/><D84/><U97/><E41/><V53/><F134/><W45/><G103/><T61/><D61/><U47/><E47/><V57/><F119/><W44/><G44/><N who="0" m="23567" /><D95/><N who="2" m="36394" /><F28/><W127/><G127/><T80/><D80/><N who="1" m="49191" /><E34/><V22/><F22/><W105/><G105/><T21/><D21/><U49/><E33/><V99/><F99/><W133/><G133/><T17/><D17/><U83/><E98/><V117/><F117/><W30/><G87/><T5/><D5/><U135/><E135/><V42/><F42/><W121/><G77/><T86/><D86/><U46/><E83/><V67/><F81/><W113/><G113/><T51/><D51/><U16/><E115/><V109/><F76/><W38/><G38/><T4/><D4/><U101/><E101/><V108/><F108/><W27/><REACH who="3" step="1"/><G121/><REACH who="3" ten="250,250,250,240" step="2"/><T114/><D114/><U29/><E97/><V14/><F109/><W72/><G72/><T31/><D100/><U10/><E93/><V26/><F89/><W18/><G18/><T107/><D102/><U0/><E91/><V78/><F90/><W70/><G70/><T104/><D104/><U19/><E16/><V82/><F78/><W126/><G126/><T43/><D107/><U73/><E19/><RYUUKYOKU ba="0,1" sc="250,-10,250,-10,250,-10,240,30" hai3="6,8,23,27,30,32,35,45,48,55,62,66,69" /><INIT seed="1,1,1,1,2,19" ten="240,240,240,270" oya="1" hai0="46,121,112,108,76,15,125,128,56,11,9,35,38" hai1="52,113,29,22,51,44,63,75,53,70,47,68,45" hai2="61,57,106,36,123,74,81,67,62,33,50,101,24" hai3="89,6,28,129,93,114,87,73,39,84,72,41,23"/><U102/><E75/><V88/><F36/><W80/><G114/><T132/><D112/><U78/><E78/><V3/><F3/><W111/><G111/><T99/><D108/><U85/><E85/><V122/><F50/><W64/><G129/><T12/><D132/><U48/><E102/><V0/><F0/><W100/><G6/><T94/><D125/><U21/><E29/><N who="2" m="19623" /><F57/><W17/><G28/><T49/><D128/><U27/><E27/><V26/><F61/><W16/><G64/><T134/><D134/><U14/><E14/><V83/><F26/><W120/><G120/><T97/><D121/><N who="2" m="46090" /><F88/><W104/><G41/><T79/><D35/><U109/><E109/><V20/><F20/><N who="1" m="7785" /><E70/><N who="2" m="42359" /><F74/><W92/><G39/><T124/><D38/><U43/><E68/><V10/><F10/><N who="0" m="3594" /><D124/><U95/><E113/><V90/><F90/><W77/><G73/><T119/><D56/><N who="1" m="35207" /><E95/><V59/><F59/><AGARI ba="1,1" hai="43,44,45,47,48,51,53,59" m="35207,7785" machi="59" ten="30,12000,1" yaku="8,1,52,3,54,1" doraHai="19" who="1" fromWho="2" sc="240,0,240,133,240,-123,270,0" /><INIT seed="1,2,0,5,0,118" ten="240,373,117,270" oya="1" hai0="119,35,49,74,70,105,76,25,26,93,30,44,98" hai1="104,24,86,131,23,106,66,27,80,81,64,78,77" hai2="111,9,87,82,32,67,2,36,28,39,117,72,92" hai3="130,51,40,41,95,88,116,100,73,15,85,135,115"/><U12/><E131/><V102/><F117/><W54/><G115/><T55/><D119/><U90/><E12/><V120/><F111/><W33/><G33/><T114/><D114/><U13/><E13/><V16/><F120/><W21/><G73/><T14/><D105/><U45/><E45/><V112/><F112/><W47/><G116/><T124/><D124/><U68/><E90/><V113/><F113/><W20/><G130/><T125/><D125/><U99/><E99/><V58/><F2/><W123/><G135/><T132/><D132/><U79/><E79/><V29/><F32/><W133/><G133/><T109/><D109/><U37/><E37/><V126/><F72/><W0/><G0/><T1/><D1/><U56/><E68/><V60/><F126/><W84/><G123/><T96/><D70/><U121/><E121/><V46/><F39/><W8/><G100/><T59/><D14/><U69/><E69/><V83/><F36/><W62/><G85/><T128/><D128/><U19/><E27/><V91/><F46/><W101/><G101/><T63/><D25/><U42/><E42/><N who="3" m="16490" /><G62/><T108/><D108/><U103/><E103/><V65/><F65/><W5/><AGARI ba="2,0" hai="5,8,15,20,21,47,51,54,84,88,95" m="16490" machi="5" ten="30,2000,0" yaku="8,1,54,1" doraHai="118" who="3" fromWho="3" sc="240,-7,373,-12,117,-7,270,26" /><INIT seed="2,0,0,2,2,46" ten="233,361,110,296" oya="2" hai0="100,27,126,135,104,77,115,25,33,65,56,41,93" hai1="64,18,61,112,75,94,133,22,11,128,47,21,74" hai2="103,45,80,8,102,62,10,14,43,92,118,68,98" hai3="83,121,16,19,114,35,72,119,69,122,88,113,78"/><V12/><F118/><W66/><G119/><T5/><D115/><N who="3" m="44041" /><G35/><T55/><D135/><U125/><E75/><V131/><F131/><W82/><G66/><T79/><D126/><U120/><E74/><V110/><F110/><W116/><G69/><T129/><D129/><U60/><E120/><N who="3" m="46186" /><G116/><T7/><D104/><U13/><E112/><V130/><F130/><W2/><G2/><T52/><D41/><U24/><E133/><V134/><F134/><W1/><G1/><T50/><D65/><U34/><E34/><V132/><F132/><W123/><G123/><T51/><D33/><U124/><E64/><V67/><F80/><W70/><G70/><T37/><D37/><U85/><E128/><V106/><F106/><W9/><G9/><T36/><D36/><U38/><E11/><V6/><F103/><W84/><AGARI ba="0,0" hai="16,19,72,78,82,83,84,88" m="46186,44041" machi="84" ten="40,5200,0" yaku="11,1,54,2" doraHai="46" who="3" fromWho="3" sc="233,-13,361,-13,110,-26,296,52" /><INIT seed="3,0,0,4,3,108" ten="220,348,84,348" oya="3" hai0="128,21,18,70,24,2,121,116,56,118,92,46,30" hai1="85,102,22,79,60,33,95,129,34,133,64,74,89" hai2="23,67,83,111,109,91,84,130,41,106,17,1,5" hai3="86,57,76,122,112,6,32,94,31,43,40,103,66"/><W124/><G112/><T0/><D70/><U27/><E129/><V117/><F117/><W104/><G104/><T35/><D121/><U15/><E15/><V7/><F106/><W44/><G32/><T68/><D68/><U48/><E48/><V45/><F130/><W42/><G122/><T9/><D128/><U93/><E133/><V65/><F45/><W54/><G124/><T123/><D123/><U115/><E115/><V51/><F51/><N who="3" m="29031" /><G31/><T110/><D92/><U49/><E49/><V71/><F71/><W58/><G6/><T120/><D120/><U37/><E37/><V8/><F41/><W78/><G66/><T3/><D56/><N who="3" m="21609" /><G86/><T97/><D97/><AGARI ba="0,0" hai="40,42,43,76,78,94,97,103" m="21609,29031" machi="97" ten="30,1500,0" yaku="8,1" doraHai="108" who="3" fromWho="0" sc="220,-15,348,0,84,0,348,15" owari="205,-19.0,348,15.0,84,-42.0,363,46.0" /></mjloggm>