<mjloggm ver="2.3"><GO type="41" lobby="0"/><UN n0="%E5%B0%B1%E6%B4%BB%E7%94%9F%40%E5%B7%9D%E6%9D%91%E8%BB%8D%E5%9B%A3" n1="%E5%85%AB%E5%8D%81%E5%85%AB" n2="%E3%82%AF%E3%83%AF%E3%82%AC%E3%82%BF%E3%83%A0%E3%82%B7" n3="%73%74%72%61%75%73" dan="17,14,15,15" rate="2190.41,1843.18,1959.91,1997.42" sx="M,M,M,M"/><TAIKYOKU oya="0"/><INIT seed="0,0,0,1,5,7" ten="250,250,250,250" oya="0" hai0="37,6,117,96,115,123,15,87,23,19,101,39,113" hai1="95,44,133,94,5,99,36,63,68,3,10,112,60" hai2="127,134,82,9,97,64,1,108,28,34,43,69,33" hai3="41,116,129,13,71,85,132,0,66,38,52,48,80"/><T120/><D117/><U25/><E112/><V65/><F108/><W29/><G116/><T2/><D39/><U102/><E133/><V67/><F134/><W27/><G0/><T81/><D37/><U40/><E94/><V45/><F127/><W22/><G132/><T84/><D115/><U118/><E118/><V55/><F69/><W74/><G74/><T26/><D113/><U47/><E68/><V72/><F55/><W79/><G129/><T42/><D42/><U32/><REACH who="1" step="1"/><E47/><REACH who="1" ten="250,240,250,250" step="2"/><V76/><F45/><N who="3" m="25647" /><G71/><T128/><D128/><U86/><E86/><V91/><F72/><W88/><G38/><T93/><D87/><U53/><E53/><V126/><F43/><W110/><G110/><T11/><REACH who="0" step="1"/><D2/><REACH who="0" ten="240,240,250,250" step="2"/><U106/><E106/><V58/><F1/><W78/><G79/><AGARI ba="0,2" hai="6,11,15,19,23,26,79,81,84,93,96,101,120,123" machi="79" ten="30,12000,1" yaku="1,1,2,1,7,1,52,1,53,1" doraHai="7" doraHaiUra="18" who="0" fromWho="3" sc="240,140,240,0,250,0,250,-120" /><INIT seed="0,1,0,1,3,132" ten="380,240,250,130" oya="0" hai0="104,123,127,21,134,15,118,102,25,3,29,30,14" hai1="41,74,91,20,43,117,9,44,81,52,107,36,86" hai2="120,131,61,53,98,113,108,99,72,35,23,33,88" hai3="46,114,63,82,64,2,112,106,121,59,119,68,7"/><T51/><D123/><U79/><E107/><V90/><F120/><W49/><G121/><T28/><D118/><U129/><E117/><V89/><F113/><W48/><G119/><T54/><D134/><U10/><E129/><V95/><F72/><W83/><G106/><T13/><D3/><U32/><E32/><V56/><F131/><W42/><G2/><T47/><D104/><U105/><E105/><V45/><F108/><W103/><G7/><T101/><REACH who="0" step="1"/><D127/><REACH who="0" ten="370,240,250,130" step="2"/><U126/><E126/><V69/><F33/><W4/><G4/><T92/><D92/><U130/><E130/><V97/><F35/><W50/><G103/><AGARI ba="1,1" hai="13,14,15,21,25,28,29,30,47,51,54,101,102,103" machi="103" ten="40,12000,1" yaku="1,1,8,1,53,3" doraHai="132" doraHaiUra="8" who="0" fromWho="3" sc="370,133,240,0,250,0,130,-123" /><INIT seed="0,2,0,3,3,108" ten="503,240,250,7" oya="0" hai0="78,9,71,131,0,107,23,22,119,31,45,12,48" hai1="79,16,106,111,55,113,94,121,1,4,27,129,80" hai2="32,77,15,63,67,128,3,92,93,38,81,103,58" hai3="116,25,109,95,62,114,118,126,5,26,24,112,13"/><T21/><D119/><N who="3" m="45609" /><G62/><T105/><D131/><U30/><E106/><V43/><F128/><W124/><G95/><T41/><D71/><U74/><E129/><V14/><F3/><W72/><G72/><T53/><D0/><U7/><E1/><V135/><F32/><W61/><G61/><T20/><D78/><U123/><E30/><V42/><F135/><W37/><G37/><T130/><D130/><U100/><E121/><V57/><F38/><W97/><G97/><T19/><D31/><U83/><E123/><V110/><F110/><W89/><G89/><T39/><N who="0" m="5632" /><DORA hai="76" /><T88/><REACH who="0" step="1"/><D88/><REACH who="0" ten="493,240,250,7" step="2"/><U125/><E111/><V65/><F77/><W6/><G109/><T104/><D104/><U2/><E79/><V10/><F81/><W102/><G102/><T122/><D122/><U117/><E2/><V68/><F68/><W115/><G13/><T82/><D82/><U101/><E80/><V127/><F14/><W29/><G29/><T35/><D35/><U84/><E83/><V99/><F15/><W40/><G40/><T47/><AGARI ba="2,1" hai="9,12,19,39,41,45,47,48,53,105,107" m="5632" machi="47" ten="40,18000,2" yaku="1,1,0,1,53,4" doraHai="108,76" doraHaiUra="120,18" who="0" fromWho="0" sc="493,196,240,-62,250,-62,7,-62" owari="689,79.0,178,-22.0,188,-1.0,-55,-56.0" /></mjloggm>