<mjloggm ver="2.3"><GO type="169" lobby="0"/><UN n0="%E8%A5%BF%E5%9C%92%E5%AF%BA%E9%9D%96%E5%AD%90" n1="%E3%83%88%E3%83%88%E3%83%AA%E5%85%88%E7%94%9F%31%39%E6%AD%B3" n2="%43%2D%E3%83%93%E3%83%83%E3%82%AF" n3="%61%71%75%61%72%69%75%73" dan="16,19,16,16" rate="2086.90,2241.18,2088.66,2055.71" sx="F,F,M,M"/><TAIKYOKU oya="0"/><INIT seed="0,0,0,2,0,11" ten="250,250,250,250" oya="0" hai0="30,34,109,74,107,54,120,21,124,134,92,95,40" hai1="22,88,43,46,81,103,110,73,106,16,108,56,76" hai2="33,60,0,101,77,116,118,52,89,58,26,49,112" hai3="51,53,87,62,28,115,12,2,127,65,83,18,97"/><T41/><D107/><U47/><E56/><V93/><F112/><W59/><G2/><T36/><D120/><U119/><E119/><N who="2" m="45611" /><F0/><W126/><G115/><T71/><D34/><U23/><E23/><V10/><F10/><W85/><G28/><T17/><D74/><U13/><E103/><V57/><F77/><W98/><G97/><T63/><D30/><U29/><E106/><V38/><F38/><W27/><G98/><T50/><D36/><U82/><E29/><N who="2" m="19639" /><F101/><W133/><G27/><T100/><D124/><N who="3" m="47657" /><G83/><T6/><D6/><U122/><E122/><V39/><F39/><W31/><G31/><T1/><D1/><U37/><REACH who="1" step="1"/><E46/><REACH who="1" ten="250,240,250,250" step="2"/><N who="2" m="27703" /><F60/><W129/><G59/><T86/><D100/><U24/><E24/><V68/><F68/><W128/><G62/><T19/><D63/><U15/><E15/><V75/><F75/><W55/><G12/><T7/><D71/><U131/><E131/><V132/><F132/><W3/><G133/><T135/><D134/><U104/><E104/><V9/><F9/><W32/><G128/><T72/><D72/><U4/><E4/><V35/><F35/><W42/><G32/><T20/><D7/><U130/><E130/><V48/><F48/><W14/><G51/><T5/><D135/><U25/><E25/><V45/><F45/><W84/><G129/><T94/><D50/><U114/><E114/><V67/><F67/><W117/><G65/><T69/><D69/><U105/><E105/><V66/><F66/><W90/><G117/><T99/><D5/><U125/><E125/><V102/><F102/><W91/><G3/><RYUUKYOKU ba="0,1" sc="250,-15,240,15,250,15,250,-15" hai1="13,16,22,37,43,47,73,76,81,82,88,108,110" hai2="57,58,89,93" /><INIT seed="1,1,1,0,5,11" ten="235,255,265,235" oya="1" hai0="113,39,69,95,56,40,15,33,78,59,102,79,103" hai1="71,81,131,93,5,9,48,135,72,8,61,116,67" hai2="60,89,38,83,44,130,21,14,18,62,49,12,32" hai3="90,36,31,7,19,111,120,101,118,34,20,75,133"/><U28/><E116/><V3/><F3/><W57/><G36/><T125/><D69/><U22/><E131/><V100/><F32/><W26/><G75/><T119/><D113/><U53/><E135/><V41/><F130/><W10/><G120/><T85/><D33/><U114/><E114/><V70/><F38/><W0/><G133/><T77/><D119/><U105/><E105/><V27/><F100/><N who="0" m="38442" /><D39/><U94/><E9/><V99/><F70/><W97/><G111/><T55/><D40/><U66/><E66/><V110/><F110/><W82/><G57/><T35/><D35/><U43/><E43/><V134/><F134/><W108/><G108/><T129/><D129/><U109/><E109/><V54/><F54/><W124/><G124/><T58/><D125/><U107/><E107/><V17/><F27/><W65/><G65/><T92/><D15/><U132/><E132/><V6/><F6/><W80/><G90/><N who="0" m="53327" /><D95/><U98/><E98/><V106/><F106/><W4/><G4/><T74/><D74/><U64/><E64/><V37/><F37/><W112/><G112/><T87/><D87/><U104/><E104/><V122/><F122/><W117/><G118/><T68/><D68/><U50/><E53/><AGARI ba="1,1" hai="53,55,56,58,59,77,78,79" m="53327,38442" machi="53" ten="40,1300,0" yaku="8,1" doraHai="11" who="0" fromWho="1" sc="235,26,255,-16,265,0,235,0" /><INIT seed="2,0,0,5,4,17" ten="261,239,265,235" oya="2" hai0="44,77,91,111,3,27,52,37,32,74,4,33,40" hai1="14,117,53,0,128,64,81,47,131,11,83,120,20" hai2="113,82,133,34,22,58,42,98,86,100,134,132,43" hai3="19,63,126,62,35,39,103,123,94,30,10,85,54"/><V130/><F34/><W92/><G39/><T1/><D111/><U135/><E117/><V99/><F113/><W31/><G123/><T38/><D38/><U23/><E0/><V78/><F130/><N who="1" m="49705" /><E120/><V124/><F124/><W9/><G126/><T118/><D118/><U25/><E25/><V102/><F58/><N who="3" m="35159" /><G63/><T46/><D91/><U73/><E64/><V84/><F22/><N who="1" m="8233" /><E73/><N who="2" m="43343" /><F42/><W129/><G35/><T89/><D40/><U49/><E135/><V80/><F43/><W110/><G30/><T29/><D29/><U76/><E76/><N who="2" m="46087" /><F86/><W97/><G85/><T90/><D74/><U6/><AGARI ba="0,0" hai="6,11,14,47,49,53,81,83" m="8233,49705" machi="6" ten="30,7900,0" yaku="19,1,52,3" doraHai="17" who="1" fromWho="1" sc="261,-20,239,79,265,-39,235,-20" /><INIT seed="3,0,0,2,5,0" ten="241,318,226,215" oya="3" hai0="130,70,64,55,44,65,95,105,124,32,80,67,73" hai1="42,8,69,99,110,79,4,30,60,1,68,119,23" hai2="53,17,87,122,66,15,58,26,62,2,24,18,28" hai3="109,101,14,85,72,19,37,111,103,121,125,50,131"/><W100/><G121/><T76/><D105/><U11/><E110/><V134/><F2/><W61/><G37/><T40/><D32/><U120/><E120/><V129/><F122/><W82/><G72/><T33/><D33/><U86/><E119/><V112/><F112/><W88/><G131/><T22/><D124/><U54/><E42/><V52/><F129/><W104/><G104/><T113/><D130/><U59/><E99/><V117/><F117/><W29/><G29/><T81/><D113/><U20/><E79/><V35/><F134/><W106/><G106/><T89/><D70/><U9/><E86/><V78/><F26/><W31/><G31/><T13/><D81/><U43/><E43/><V92/><F18/><W45/><G61/><T36/><D55/><U49/><E30/><V21/><REACH who="2" step="1"/><F92/><REACH who="2" ten="241,318,216,215" step="2"/><W7/><G125/><T132/><D132/><U51/><E1/><V108/><F108/><W96/><G109/><T127/><D127/><U97/><E4/><V46/><F46/><W102/><G111/><T94/><D94/><U118/><E118/><V5/><F5/><W91/><G7/><T128/><D128/><U74/><E8/><V38/><F38/><W116/><G116/><T10/><D10/><U93/><E9/><V47/><F47/><W16/><G19/><T56/><D95/><U115/><E11/><V107/><F107/><W71/><G16/><T98/><D44/><U126/><E115/><V84/><F84/><W34/><G85/><T25/><D25/><U135/><E126/><V75/><F75/><W27/><G45/><T114/><D114/><RYUUKYOKU ba="0,1" sc="241,-10,318,-10,216,30,215,-10" hai2="15,17,21,24,28,35,52,53,58,62,66,78,87" /><INIT seed="4,1,1,3,5,120" ten="231,308,246,205" oya="0" hai0="3,14,38,64,81,61,20,115,37,122,50,65,23" hai1="95,2,123,88,132,134,73,114,103,5,72,80,41" hai2="85,18,33,86,102,130,125,78,21,19,28,9,117" hai3="87,77,13,57,121,43,92,135,35,62,44,24,109"/><T4/><D122/><U52/><E123/><V107/><F33/><W40/><G135/><N who="1" m="51754" /><E114/><V111/><F130/><W32/><G121/><T106/><D3/><U54/><E103/><V25/><F125/><W100/><G43/><T79/><D106/><U128/><E128/><V75/><F75/><N who="1" m="28745" /><E80/><V98/><F117/><W127/><G127/><T45/><D115/><U15/><E2/><V53/><F78/><W96/><G13/><T51/><D79/><U89/><E41/><V133/><F133/><W10/><G10/><T74/><D74/><U68/><E68/><V116/><F116/><W113/><G113/><T67/><D81/><U7/><E89/><V118/><F118/><W110/><G77/><T82/><D82/><U22/><E22/><V93/><F9/><W105/><G87/><T30/><D23/><U48/><E15/><V59/><F107/><W124/><G105/><T131/><D131/><U101/><E101/><V55/><F102/><W31/><G35/><T11/><D20/><U56/><E54/><V1/><F53/><W6/><G6/><T34/><D34/><U36/><E36/><V99/><F55/><W126/><G126/><T104/><D104/><U70/><E70/><V84/><F1/><W129/><G124/><T12/><D12/><U16/><E16/><V90/><F19/><W8/><G8/><T39/><D30/><U108/><E108/><N who="3" m="41578" /><G129/><T63/><REACH who="0" step="1"/><D51/><REACH who="0" ten="221,308,246,205" step="2"/><U60/><E48/><V91/><F111/><W83/><G83/><T0/><D0/><U119/><E119/><V29/><F29/><W46/><G40/><AGARI ba="1,2" hai="4,11,14,37,38,39,40,45,50,61,63,64,65,67" machi="40" ten="50,2400,0" yaku="1,1,53,0" doraHai="120" doraHaiUra="26" who="0" fromWho="3" sc="221,47,308,0,246,0,205,-27" /><INIT seed="4,2,0,0,2,134" ten="268,308,246,178" oya="0" hai0="117,119,12,82,63,81,40,116,49,115,8,13,11" hai1="42,47,104,118,103,105,83,130,35,124,5,87,59" hai2="45,89,37,1,108,66,72,57,75,94,10,84,16" hai3="56,95,79,73,24,61,48,33,68,109,32,92,62"/><T85/><D115/><U122/><E118/><V129/><F108/><W17/><G109/><T65/><D49/><U14/><E122/><V69/><F69/><W39/><G39/><T0/><D40/><U128/><E35/><V54/><F129/><N who="1" m="49769" /><E103/><V2/><F66/><W19/><G79/><T113/><D113/><U15/><E59/><V50/><F1/><W133/><G48/><T135/><D135/><U76/><E124/><V101/><F101/><W111/><G56/><T88/><D81/><U46/><E46/><V132/><F132/><W4/><G133/><T74/><D74/><U106/><E5/><V86/><F86/><W77/><G77/><T123/><D123/><U67/><E67/><V51/><F37/><AGARI ba="2,0" hai="14,15,37,42,47,76,83,87,104,105,106" m="49769" machi="37" ten="40,1300,0" yaku="19,1" doraHai="134" who="1" fromWho="2" sc="268,0,308,19,246,-19,178,0" /><INIT seed="5,0,0,0,3,114" ten="268,327,227,178" oya="1" hai0="130,44,104,45,126,18,106,23,111,67,125,78,56" hai1="115,89,68,107,57,41,54,97,34,30,52,70,55" hai2="11,92,132,108,122,80,10,38,63,27,22,65,15" hai3="82,14,73,83,25,72,49,100,86,109,46,119,61"/><U131/><E115/><V102/><F108/><W134/><G119/><T62/><D111/><U135/><E131/><V127/><F122/><W113/><G134/><T81/><D130/><U103/><E135/><V93/><F38/><W96/><G109/><T60/><D60/><U21/><E34/><V79/><F127/><N who="0" m="48650" /><D106/><U20/><E57/><V77/><F132/><W0/><G0/><T39/><D104/><U42/><E89/><V9/><F15/><W71/><G113/><T116/><D39/><U85/><E85/><V66/><F65/><W37/><G37/><T124/><D124/><U95/><E107/><V121/><F121/><W33/><G14/><N who="0" m="9687" /><D116/><U50/><E50/><V28/><F80/><W94/><G82/><T98/><D98/><U128/><E128/><V36/><F36/><W43/><G71/><T90/><D90/><U75/><E75/><AGARI ba="0,0" hai="44,45,56,62,67,75,78,81" m="9687,48650" machi="75" ten="30,1000,0" yaku="18,1" doraHai="114" who="0" fromWho="1" sc="268,10,327,-10,227,0,178,0" /><INIT seed="6,0,0,1,0,50" ten="278,317,227,178" oya="2" hai0="26,75,34,17,16,52,58,96,13,118,132,89,119" hai1="126,36,23,77,10,85,105,78,19,40,114,30,39" hai2="110,57,55,104,93,4,113,43,72,61,38,62,131" hai3="2,67,6,90,95,124,33,48,35,127,109,117,37"/><V11/><F104/><W9/><G117/><N who="0" m="44555" /><D75/><U81/><E105/><V14/><F72/><W66/><G37/><T76/><D76/><U49/><E114/><V0/><F113/><W73/><G73/><T25/><D132/><U60/><E126/><N who="3" m="48170" /><G109/><T20/><D34/><N who="3" m="12809" /><G48/><N who="0" m="30983" /><D17/><U64/><E19/><V31/><F110/><W41/><G41/><T91/><D91/><U51/><E77/><V27/><F131/><W32/><N who="3" m="12817" /><W112/><DORA hai="79" /><G112/><T125/><D125/><U45/><E40/><V111/><F111/><W133/><G133/><T135/><D135/><U29/><E78/><V86/><F0/><W24/><G24/><T83/><D83/><U101/><E81/><V47/><F93/><AGARI ba="0,0" hai="13,16,20,25,26,89,93,96" m="30983,44555" machi="93" ten="30,7700,0" yaku="12,1,52,1,54,2" doraHai="50,79" who="0" fromWho="2" sc="278,77,317,0,227,-77,178,0" /><INIT seed="7,0,0,0,0,110" ten="355,317,150,178" oya="3" hai0="83,60,66,29,120,24,127,80,100,78,3,124,27" hai1="58,85,35,45,34,7,133,93,119,37,125,94,25" hai2="4,91,105,0,104,55,122,46,132,73,61,111,72" hai3="64,129,40,20,62,70,92,51,106,79,114,33,115"/><W65/><G106/><T14/><D3/><U113/><E133/><V9/><F111/><W32/><G79/><T2/><D2/><U16/><E7/><V12/><F132/><W117/><G117/><T82/><D120/><U30/><E119/><V38/><F122/><W39/><G65/><T5/><D100/><U36/><E125/><N who="0" m="48201" /><D78/><U50/><E35/><V128/><F128/><W126/><G126/><T121/><D121/><U96/><E113/><N who="3" m="43018" /><G129/><T41/><D41/><U123/><E58/><V112/><F112/><W22/><G39/><T86/><D86/><U49/><E123/><V31/><F31/><W43/><G92/><T77/><D77/><U1/><E37/><V42/><F12/><W98/><G98/><T11/><D29/><U97/><E1/><V56/><F105/><W108/><G108/><T21/><D21/><N who="3" m="8297" /><G51/><T68/><AGARI ba="0,0" hai="5,11,14,24,27,60,66,68,80,82,83" m="48201" machi="68" ten="30,1100,0" yaku="18,1" doraHai="110" who="0" fromWho="0" sc="355,11,317,-3,150,-3,178,-5" owari="366,47.0,314,11.0,147,-35.0,173,-23.0" /></mjloggm>