<mjloggm ver="2.3"><GO type="225" lobby="0"/><UN n0="%72%6F%6D%61%6E%65%73" n1="%74%61%6B%75%61%6B%61" n2="%E5%B0%B1%E6%B4%BB%E7%94%9F%40%E5%B7%9D%E6%9D%91%E8%BB%8D%E5%9B%A3" n3="%E3%81%BF%E3%81%91%E3%81%AD%E3%81%93%E3%80%82" dan="16,17,17,16" rate="2029.03,2187.65,2186.09,2068.06" sx="M,M,M,F"/><TAIKYOKU oya="0"/><INIT seed="0,0,0,5,1,80" ten="250,250,250,250" oya="0" hai0="1,113,52,51,89,83,37,135,106,71,125,91,50" hai1="132,74,61,97,128,25,33,55,93,69,62,82,108" hai2="127,26,102,90,99,48,67,54,2,27,124,109,59" hai3="42,77,21,23,107,75,53,11,105,57,88,119,94"/><T121/><D121/><U116/><E116/><V117/><F2/><W34/><G119/><T104/><D113/><U100/><E69/><V47/><F117/><W70/><G70/><T18/><D37/><U46/><E108/><V126/><F109/><W63/><G34/><T103/><D1/><U110/><E110/><V129/><F129/><W130/><G130/><T7/><D71/><U92/><E132/><V10/><F90/><W123/><G123/><T96/><D7/><U44/><E92/><V43/><F10/><W79/><G105/><T58/><D135/><U122/><E122/><V112/><F67/><W84/><G107/><T115/><D115/><U4/><E4/><V24/><F112/><W56/><G42/><T131/><D131/><U41/><E55/><V36/><REACH who="2" step="1"/><F27/><REACH who="2" ten="250,250,240,250" step="2"/><W49/><G11/><T20/><D91/><U98/><E25/><V22/><F22/><N who="3" m="8203" /><G75/><T17/><D20/><U76/><E128/><V30/><F30/><W31/><G31/><T65/><D65/><AGARI ba="0,1" hai="49,53,56,57,63,65,77,79,84,88,94" m="8203" machi="65" ten="30,3900,0" yaku="8,1,52,1,54,1" doraHai="80" who="3" fromWho="0" sc="250,-39,250,0,240,0,250,49" /><INIT seed="1,0,0,4,1,86" ten="211,250,240,299" oya="1" hai0="44,70,88,94,126,105,38,31,71,103,66,73,89" hai1="50,64,124,37,110,113,46,119,111,87,68,1,36" hai2="42,34,14,108,21,0,122,129,12,72,24,43,27" hai3="35,75,135,6,92,77,57,20,132,96,39,90,10"/><U3/><E119/><V23/><F72/><W67/><G35/><T118/><D118/><U106/><E106/><V7/><F122/><W18/><G39/><N who="1" m="14922" /><E3/><V109/><F34/><W51/><G75/><T49/><D73/><U99/><E1/><V4/><REACH who="2" step="1"/><F0/><REACH who="2" ten="211,250,230,299" step="2"/><W85/><G132/><T117/><D117/><U40/><E113/><V15/><F15/><W29/><G135/><T19/><D126/><U98/><E124/><V80/><F80/><W45/><G29/><T9/><D31/><U63/><E87/><V69/><F69/><W115/><G115/><T100/><D71/><U121/><E121/><V41/><F41/><W84/><G84/><T83/><D70/><U22/><E99/><V130/><AGARI ba="0,1" hai="4,7,12,14,21,23,24,27,42,43,108,109,129,130" machi="130" ten="25,6400,0" yaku="1,1,0,1,22,2,53,0" doraHai="86" doraHaiUra="131" who="2" fromWho="2" sc="211,-16,250,-32,230,74,299,-16" /><INIT seed="2,0,0,1,1,113" ten="195,218,304,283" oya="2" hai0="16,45,46,72,122,80,93,105,7,47,74,33,128" hai1="40,97,123,32,111,6,22,120,102,79,132,30,106" hai2="1,134,3,127,96,119,90,125,55,48,69,25,4" hai3="26,108,107,115,131,52,66,99,130,103,92,12,8"/><V29/><F69/><W39/><G39/><T133/><D122/><N who="1" m="46635" /><E111/><V89/><F119/><W78/><G66/><T44/><D105/><U68/><E132/><V24/><F134/><W112/><G108/><T95/><D133/><U81/><E32/><V35/><F25/><W43/><G43/><T83/><D128/><N who="3" m="49193" /><G78/><T57/><D33/><U104/><E68/><V135/><F135/><W73/><G73/><T60/><N who="0" m="11776" /><DORA hai="94" /><T17/><D7/><U10/><E40/><V87/><F4/><N who="3" m="3079" /><G26/><T2/><D2/><N who="1" m="343" /><E106/><V116/><F116/><W58/><G107/><T121/><D121/><U124/><E124/><V53/><F3/><W126/><G126/><T91/><D74/><N who="1" m="43255" /><E22/><V37/><F1/><W14/><G14/><T11/><D72/><U34/><E30/><V61/><F37/><W114/><G114/><T50/><D50/><AGARI ba="0,0" hai="50,52,58,92,99,103,112,115" m="3079,49193" machi="50" ten="30,3900,0" yaku="19,1,52,1,54,1" doraHai="113,94" who="3" fromWho="0" sc="195,-39,218,0,304,0,283,39" /><INIT seed="3,0,0,0,4,36" ten="156,218,304,322" oya="3" hai0="99,67,113,9,78,107,32,80,17,49,106,118,133" hai1="102,72,76,16,132,46,103,25,122,29,66,96,51" hai2="98,21,121,124,110,125,65,48,19,91,73,2,84" hai3="100,18,134,0,68,119,57,70,40,111,27,44,35"/><W85/><G119/><T59/><D118/><U5/><E122/><V104/><F73/><W63/><G0/><T34/><D113/><U6/><E72/><V115/><F2/><W20/><G100/><T33/><D133/><U131/><E76/><V87/><F115/><W15/><G134/><T97/><D9/><U53/><E131/><V108/><F65/><W52/><G111/><N who="2" m="42537" /><F48/><W71/><G85/><N who="2" m="32841" /><F121/><W126/><G126/><N who="2" m="48745" /><F21/><W77/><G77/><T123/><D123/><U50/><E66/><V11/><F11/><W81/><G81/><T112/><D112/><U130/><E130/><V45/><F45/><W89/><G89/><T75/><D17/><U83/><E103/><N who="2" m="62583" /><F19/><W42/><REACH who="3" step="1"/><G44/><REACH who="3" ten="156,218,304,312" step="2"/><T10/><D10/><U30/><E46/><V28/><F28/><AGARI ba="0,1" hai="15,18,20,27,28,35,40,42,52,57,63,68,70,71" machi="28" ten="40,12000,1" yaku="1,1,2,1,52,2,54,1,53,0" doraHai="36" doraHaiUra="92" who="3" fromWho="2" sc="156,0,218,0,304,-120,312,130" owari="156,-34.0,218,2.0,184,-22.0,442,54.0" /></mjloggm>