<mjloggm ver="2.3"><GO type="169" lobby="0"/><UN n0="%E3%81%86%E3%81%8D%E3%81%A7%E3%82%93" n1="%E3%82%A6%E3%83%AB%E3%83%88%E3%83%A9%E7%AB%8B%E7%9B%B4" n2="%E3%82%AC%E3%83%88%E3%83%BC%E3%83%A0%E3%82%BD%E3%83%B3" n3="%E5%9B%BD%E8%A6%8B%E6%AF%94%E5%91%82" dan="17,18,16,17" rate="2114.71,2217.85,2135.85,2187.62" sx="M,M,M,M"/><TAIKYOKU oya="0"/><INIT seed="0,0,0,1,1,0" ten="250,250,250,250" oya="0" hai0="99,86,11,90,108,25,22,117,33,121,26,65,35" hai1="10,18,36,104,134,40,55,3,80,34,12,1,113" hai2="48,37,24,93,126,105,85,51,75,19,127,130,119" hai3="120,92,101,82,21,42,122,7,116,112,58,6,103"/><T32/><D117/><U53/><E104/><V5/><F37/><W68/><G116/><T2/><D121/><N who="3" m="46697" /><G68/><T15/><D2/><U83/><E36/><V125/><F75/><W59/><G112/><T17/><D108/><U49/><E34/><V13/><F105/><W27/><G42/><T45/><D65/><U52/><E134/><V72/><F72/><W23/><G82/><T128/><D128/><U16/><E113/><V118/><F130/><W14/><G14/><T77/><D45/><N who="1" m="25767" /><E1/><V100/><F24/><W114/><G114/><T79/><D99/><U124/><E124/><V88/><F100/><N who="3" m="38475" /><G92/><T46/><D46/><U66/><E66/><V41/><F41/><W73/><G73/><T9/><D26/><U62/><E3/><V39/><F39/><W20/><G27/><T69/><D69/><U67/><E67/><V123/><F123/><W132/><G132/><T133/><D133/><U89/><E62/><V56/><F56/><AGARI ba="0,0" hai="6,7,20,21,23,56,58,59" m="38475,46697" machi="56" ten="40,8000,1" yaku="28,2,13,1,52,2" doraHai="0" who="3" fromWho="2" sc="250,0,250,0,250,-80,250,80" /><INIT seed="1,0,0,3,1,70" ten="250,250,170,330" oya="1" hai0="99,7,132,81,8,42,135,122,85,68,111,48,0" hai1="52,107,46,82,34,115,44,76,121,114,123,9,77" hai2="28,124,41,22,130,26,19,64,72,21,127,12,61" hai3="57,63,4,18,92,24,14,89,119,51,94,96,110"/><U49/><E107/><V60/><F72/><W98/><G110/><T100/><D68/><U5/><E34/><V91/><F130/><W23/><G119/><T10/><D10/><U13/><E77/><V86/><F41/><W2/><G2/><T112/><D111/><U67/><E67/><V3/><F3/><W15/><G51/><T55/><D42/><U84/><REACH who="1" step="1"/><E46/><REACH who="1" ten="250,240,170,330" step="2"/><V47/><F47/><W58/><G58/><N who="0" m="33127" /><D135/><U39/><E39/><V20/><F64/><N who="3" m="39023" /><G4/><T32/><D32/><U71/><E71/><V73/><F73/><W105/><G105/><T40/><D7/><U104/><E104/><V6/><F6/><W11/><G11/><T134/><D8/><U53/><E53/><V95/><REACH who="2" step="1"/><F22/><REACH who="2" ten="250,240,160,330" step="2"/><W118/><G118/><T117/><D117/><U129/><E129/><V1/><F1/><W80/><G23/><T106/><D0/><U17/><E17/><V75/><F75/><W43/><G18/><T87/><D134/><U31/><E31/><V16/><F16/><W83/><G43/><T38/><D132/><U120/><AGARI ba="0,2" hai="5,9,13,44,49,52,76,82,84,114,115,120,121,123" machi="120" ten="30,12000,1" yaku="1,1,0,1,54,1,53,2" doraHai="70" doraHaiUra="109" who="1" fromWho="1" sc="250,-40,240,140,160,-40,330,-40" /><INIT seed="1,1,0,5,3,102" ten="210,380,120,290" oya="1" hai0="39,27,77,85,58,23,12,54,64,113,78,118,135" hai1="103,43,124,45,90,134,49,112,106,62,131,73,46" hai2="68,99,70,100,60,42,38,44,121,132,110,114,30" hai3="125,117,67,37,34,133,16,56,47,0,66,41,14"/><U9/><E112/><V88/><F121/><W11/><G133/><T6/><D113/><U101/><E73/><V115/><F114/><W97/><G125/><T61/><D118/><U48/><E124/><V3/><F115/><W74/><G117/><T126/><D135/><U87/><E131/><V92/><F132/><W19/><G74/><T108/><D108/><U57/><E106/><V35/><F3/><W111/><G111/><T69/><D39/><U123/><E9/><V31/><F110/><W130/><G130/><T83/><D77/><U93/><E123/><V53/><F35/><W79/><G79/><T29/><D126/><U22/><E22/><V40/><F40/><W105/><G34/><T72/><D72/><U65/><REACH who="1" step="1"/><E134/><REACH who="1" ten="210,370,120,290" step="2"/><V76/><F31/><W51/><G105/><T32/><D23/><U89/><E89/><V71/><F30/><W81/><G11/><T80/><D29/><U50/><E50/><V55/><F76/><W119/><G51/><T25/><D78/><U4/><E4/><V116/><F116/><W86/><G119/><T26/><D6/><U36/><E36/><V122/><F122/><W28/><G28/><T10/><D10/><U8/><E8/><V7/><F7/><W63/><G37/><T96/><D32/><U84/><E84/><V98/><REACH who="2" step="1"/><F60/><REACH who="2" ten="210,370,110,290" step="2"/><W20/><G63/><T109/><D61/><U75/><E75/><V107/><AGARI ba="1,2" hai="38,42,44,53,55,68,70,71,88,92,98,99,100,107" machi="107" ten="30,8000,1" yaku="1,1,2,1,0,1,52,1,54,1,53,0" doraHai="102" doraHaiUra="13" who="2" fromWho="2" sc="210,-21,370,-41,110,103,290,-21" /><INIT seed="2,0,0,4,2,29" ten="189,329,213,269" oya="2" hai0="22,92,21,5,14,134,6,120,61,124,129,58,53" hai1="112,54,28,20,9,104,57,114,66,71,90,46,123" hai2="75,39,89,64,121,133,77,107,76,118,24,88,79" hai3="122,56,13,98,25,37,131,102,36,105,40,33,0"/><V103/><F39/><W85/><G122/><T15/><D120/><U50/><E104/><V100/><F64/><W49/><G0/><T128/><D92/><U94/><E71/><V42/><F42/><W2/><G2/><T126/><D15/><U86/><E123/><V69/><F69/><W132/><G131/><N who="0" m="50251" /><D14/><U80/><E9/><V67/><F67/><W12/><G132/><T95/><D95/><U119/><E119/><V78/><F24/><W31/><G36/><T72/><D72/><U35/><E35/><V99/><F121/><W1/><G1/><T59/><D134/><U91/><E20/><N who="0" m="7785" /><D59/><U97/><E28/><V130/><F130/><W60/><G37/><T96/><D96/><U16/><E16/><V27/><F27/><W82/><G82/><T43/><D43/><U51/><E66/><V19/><F19/><W84/><G13/><T74/><D74/><U117/><E117/><V111/><F118/><W108/><G12/><T23/><N who="0" m="7793" /><T135/><DORA hai="4" /><D135/><U113/><E113/><V83/><F133/><W106/><G106/><T62/><D61/><U8/><E8/><V116/><F116/><W101/><G101/><N who="2" m="38985" /><F111/><W10/><G10/><T52/><D53/><AGARI ba="0,0" hai="46,50,51,53,54,57,80,86,90,91,94,97,112,114" machi="53" ten="30,1000,0" yaku="7,1" doraHai="29,4" who="1" fromWho="0" sc="189,-10,329,10,213,0,269,0" /><INIT seed="3,0,0,2,5,43" ten="179,339,213,269" oya="3" hai0="74,4,123,18,106,52,111,13,27,68,88,112,19" hai1="71,64,32,48,122,84,33,109,55,94,39,51,59" hai2="127,85,115,23,22,75,86,98,81,92,21,24,90" hai3="38,117,131,130,2,30,54,20,45,108,80,3,62"/><W37/><G117/><T83/><D123/><U79/><E122/><V63/><F115/><W28/><G80/><T132/><D111/><U95/><E39/><N who="3" m="14858" /><G108/><T99/><D112/><U133/><E55/><V91/><F127/><W70/><G70/><T9/><D68/><U69/><E59/><V53/><F75/><W96/><G96/><T12/><D132/><U46/><E84/><V11/><F11/><W135/><G135/><T16/><D106/><U60/><E60/><V67/><F67/><W73/><G62/><T15/><D27/><U17/><E64/><V57/><REACH who="2" step="1"/><F86/><REACH who="2" ten="179,339,203,269" step="2"/><W61/><G73/><T89/><D74/><U107/><E133/><V129/><F129/><W114/><G114/><T97/><D97/><U121/><E109/><V100/><F100/><W8/><G8/><T78/><D99/><U128/><E128/><V66/><F66/><W120/><G120/><T36/><D9/><U34/><E121/><V110/><F110/><W6/><G130/><T41/><D4/><U72/><E72/><V65/><F65/><W124/><G124/><T0/><D0/><U105/><E71/><V101/><F101/><W125/><G125/><T47/><D78/><U50/><E79/><V5/><F5/><W134/><G131/><T14/><D14/><U31/><E69/><V42/><F42/><W10/><G134/><T1/><D1/><U93/><E107/><V82/><F82/><W103/><G2/><T113/><D83/><U44/><E105/><V87/><F87/><W116/><G10/><T126/><D126/><U119/><E119/><V35/><F35/><RYUUKYOKU ba="0,1" sc="179,-10,339,-10,203,30,269,-10" hai2="21,22,23,24,53,57,63,81,85,90,91,92,98" /><INIT seed="4,1,1,0,2,86" ten="169,329,233,259" oya="0" hai0="41,117,124,115,31,66,110,32,101,55,91,122,12" hai1="16,59,114,25,97,70,93,131,100,36,27,109,118" hai2="94,15,102,76,40,3,28,132,54,52,125,24,44" hai3="127,92,20,119,47,128,116,14,9,13,7,120,62"/><T104/><D117/><U88/><E70/><V26/><F3/><W22/><G128/><T63/><D122/><U42/><E109/><V90/><F125/><W133/><G62/><T112/><D124/><U45/><E118/><V68/><F68/><W81/><G127/><T57/><D41/><U95/><E131/><V33/><F132/><W103/><G133/><T123/><D123/><U18/><E114/><N who="0" m="43561" /><D12/><U61/><E27/><V0/><F0/><W8/><G120/><T37/><D37/><U5/><E5/><V75/><F102/><W84/><G47/><T23/><D32/><U96/><E25/><V58/><F24/><W56/><G56/><T77/><D77/><U29/><E29/><V83/><F58/><W11/><G116/><T85/><D23/><N who="3" m="8745" /><G13/><T30/><D66/><AGARI ba="1,1" hai="16,18,36,42,45,59,61,66,88,93,95,96,97,100" machi="66" ten="30,7700,0" yaku="7,1,52,1,54,2" doraHai="86" who="1" fromWho="0" sc="169,-80,329,90,233,0,259,0" /><INIT seed="5,0,0,0,2,109" ten="89,419,233,259" oya="1" hai0="50,45,33,36,19,54,31,11,84,94,71,73,65" hai1="74,64,10,82,59,135,53,127,2,70,118,89,87" hai2="107,72,46,56,0,55,35,129,42,15,95,114,91" hai3="16,83,81,23,113,92,51,79,1,21,27,98,40"/><U4/><E118/><V22/><F107/><W37/><G37/><T102/><D73/><U25/><E127/><V20/><F35/><W43/><G1/><T78/><D36/><U86/><E74/><V77/><F0/><W132/><G132/><T134/><D134/><U130/><E130/><V126/><F126/><W62/><G113/><T90/><D78/><U131/><E64/><V100/><F100/><W119/><G119/><T110/><D110/><U128/><E70/><V26/><F129/><W8/><G62/><T88/><D71/><U52/><E135/><V76/><F15/><W125/><G8/><T68/><D68/><U14/><E2/><V63/><F114/><W18/><G51/><T103/><D65/><U38/><E38/><V17/><F22/><W32/><G32/><T117/><D31/><U28/><E87/><V39/><F72/><W67/><G67/><T41/><D33/><U30/><E53/><V34/><F34/><W44/><G44/><T57/><D90/><U97/><E97/><AGARI ba="0,0" hai="17,20,26,39,42,46,55,56,63,76,77,91,95,97" machi="97" ten="30,3900,0" yaku="7,1,25,2" doraHai="109" who="2" fromWho="1" sc="89,0,419,-39,233,39,259,0" /><INIT seed="6,0,0,5,3,45" ten="89,380,272,259" oya="2" hai0="73,88,5,117,28,80,66,92,20,11,90,36,110" hai1="127,84,118,6,19,63,22,57,107,68,133,131,76" hai2="23,95,82,135,112,0,33,59,78,42,77,129,54" hai3="72,62,21,46,56,39,83,124,14,125,8,40,106"/><V105/><F105/><W50/><G106/><T79/><D110/><U70/><E107/><V109/><F33/><W97/><G97/><T111/><D111/><U93/><E127/><N who="3" m="48714" /><G21/><T16/><D117/><U128/><E6/><V55/><F0/><W32/><G32/><T98/><D36/><U44/><E44/><V58/><F109/><W126/><G126/><T47/><D66/><U65/><E133/><V10/><F135/><W108/><G108/><T101/><D47/><U25/><E118/><V87/><F129/><N who="1" m="49737" /><E93/><V120/><F120/><W75/><G83/><AGARI ba="0,0" hai="19,22,25,57,63,65,68,70,76,83,84" m="49737" machi="83" ten="30,1000,0" yaku="19,1" doraHai="45" who="1" fromWho="3" sc="89,0,380,10,272,0,259,-10" /><INIT seed="7,0,0,3,3,119" ten="89,390,272,249" oya="3" hai0="71,49,20,59,105,33,30,98,60,45,130,102,58" hai1="77,86,31,65,55,56,70,66,120,43,6,0,25" hai2="109,103,95,40,38,133,118,35,100,74,37,15,51" hai3="128,88,132,122,7,22,115,117,28,90,34,10,114"/><W69/><G69/><T84/><D130/><U99/><E120/><V125/><F35/><W5/><G117/><T87/><D59/><U1/><E43/><V39/><F74/><W50/><G128/><T106/><D105/><U83/><E65/><V78/><F78/><W29/><G132/><T2/><D2/><U16/><E16/><V53/><F40/><W124/><G34/><T41/><D20/><U21/><E6/><N who="3" m="2058" /><G10/><T85/><D85/><U116/><E116/><V61/><F118/><W11/><G11/><T36/><D36/><U127/><E127/><V134/><F125/><W97/><G124/><T89/><D89/><N who="3" m="34409" /><G22/><T91/><D91/><U108/><E70/><V64/><F39/><W82/><G50/><T17/><D17/><U13/><E21/><V18/><F51/><W80/><G97/><T57/><D57/><U79/><E56/><V52/><F133/><W76/><G122/><T123/><D123/><U46/><E99/><V135/><F38/><W48/><G48/><T131/><D131/><U72/><E0/><V67/><F37/><W44/><G44/><T63/><D63/><U3/><E46/><V23/><F134/><W12/><G12/><T9/><D9/><U47/><E13/><V129/><F135/><W68/><G68/><T112/><D112/><N who="3" m="43049" /><G76/><T93/><D93/><U26/><E79/><V42/><F129/><W14/><G14/><T104/><D104/><U111/><E77/><V4/><F15/><W62/><G62/><T92/><D106/><U113/><E113/><V54/><F61/><W81/><AGARI ba="0,0" hai="28,29,80,81,82" m="43049,34409,2058" machi="81" ten="40,12000,1" yaku="28,2,15,1,54,1" doraHai="119" who="3" fromWho="3" sc="89,-40,390,-40,272,-40,249,120" owari="49,-45.0,350,15.0,232,-17.0,369,47.0" /></mjloggm>