<mjloggm ver="2.3"><GO type="169" lobby="0"/><UN n0="%E8%A6%AA%E6%8C%87%EF%BC%88%E5%A4%A7%EF%BC%89" n1="%64%75%72%72%72%72%72" n2="%7A%65%72%6F%52%58" n3="%E5%B0%B1%E6%B4%BB%E7%94%9F%40%E5%B7%9D%E6%9D%91%E8%BB%8D%E5%9B%A3" dan="16,18,17,17" rate="2147.28,2234.27,2192.67,2229.44" sx="M,M,M,M"/><TAIKYOKU oya="0"/><INIT seed="0,0,0,4,5,92" ten="250,250,250,250" oya="0" hai0="40,66,63,84,96,113,65,21,103,37,42,71,30" hai1="106,31,95,57,6,97,126,125,118,59,16,122,73" hai2="77,99,26,132,3,114,109,119,79,86,74,13,8" hai3="78,54,55,11,129,130,24,68,43,81,2,27,0"/><T80/><D113/><U121/><E106/><V23/><F132/><W67/><G67/><T58/><D37/><U98/><E73/><V115/><F3/><N who="3" m="1067" /><G43/><T90/><D66/><U49/><E6/><V53/><F109/><W105/><G11/><T38/><D71/><U104/><E118/><V91/><F74/><N who="3" m="43223" /><G105/><T83/><D38/><U124/><E31/><V4/><F119/><W39/><G39/><T18/><D83/><U123/><E49/><V47/><F115/><W88/><G68/><T10/><D10/><U41/><E41/><V20/><F20/><W117/><G117/><T28/><D28/><U64/><E64/><V100/><F114/><W19/><G19/><T76/><D76/><U60/><E60/><V87/><F87/><W82/><G27/><T45/><D45/><U50/><E50/><N who="2" m="28895" /><F86/><N who="3" m="50263" /><G24/><T69/><D69/><U134/><E134/><V72/><F72/><W48/><G48/><T17/><D30/><U135/><E135/><V36/><F36/><W22/><G22/><T56/><D56/><N who="1" m="21579" /><E104/><V112/><F112/><W51/><G51/><T110/><D110/><U34/><E34/><V120/><F120/><N who="1" m="30721" /><U102/><DORA hai="7" /><E97/><V131/><F100/><W1/><N who="3" m="1075" /><W127/><DORA hai="46" /><G127/><T44/><D44/><U89/><E102/><V35/><F35/><W9/><G54/><T32/><D32/><U14/><E14/><V61/><F61/><W107/><G107/><N who="0" m="63975" /><D21/><U62/><E62/><V29/><F79/><W93/><G55/><T52/><D52/><U116/><E116/><V108/><F77/><W128/><G9/><T5/><D5/><RYUUKYOKU ba="0,0" sc="250,10,250,10,250,-30,250,10" hai0="17,18,40,42,58,63,65,80,84,90" hai1="16,89,95,98,124,125,126" hai3="93,128,129,130" /><INIT seed="0,1,0,2,3,16" ten="260,260,220,260" oya="0" hai0="22,17,44,94,111,81,72,14,123,109,41,91,51" hai1="92,39,67,9,52,75,27,48,107,120,134,119,132" hai2="113,20,31,108,103,18,40,58,116,106,89,88,43" hai3="124,5,83,11,127,64,0,87,117,73,110,68,71"/><T35/><D123/><U76/><E107/><V112/><F108/><N who="0" m="41546" /><D35/><U4/><E39/><V129/><F31/><W6/><G73/><T7/><D7/><U10/><E120/><V118/><F129/><W13/><G110/><T128/><D128/><U102/><E119/><N who="2" m="45611" /><F103/><W15/><G117/><T61/><D61/><U57/><E67/><V8/><F8/><N who="3" m="4239" /><G64/><T26/><D26/><U34/><E76/><V74/><F106/><W49/><G0/><T29/><D29/><N who="1" m="19775" /><E75/><V30/><F30/><W3/><G3/><T85/><D72/><U12/><E9/><V96/><F58/><W79/><G49/><T98/><D81/><U126/><E126/><AGARI ba="1,0" hai="6,11,15,68,71,79,83,87,124,126,127" m="4239" machi="126" ten="30,1000,0" yaku="18,1" doraHai="16" who="3" fromWho="1" sc="260,0,260,-13,220,0,260,13" /><INIT seed="1,0,0,3,0,15" ten="260,247,220,273" oya="1" hai0="28,129,74,26,6,67,17,63,69,134,76,71,93" hai1="4,50,40,82,135,24,108,41,8,72,107,60,114" hai2="22,21,123,100,130,116,39,48,19,99,133,96,1" hai3="31,91,51,92,115,113,101,119,43,16,59,57,126"/><U73/><E114/><V18/><F123/><W7/><G119/><T37/><D37/><U9/><E107/><V111/><F39/><W77/><G126/><T46/><D134/><U94/><E135/><V47/><F1/><W13/><G77/><T83/><D129/><U87/><E108/><V32/><F32/><W81/><G7/><T66/><D6/><U120/><E120/><V125/><F116/><W45/><G31/><T121/><D121/><U42/><E9/><V117/><F117/><W33/><G33/><T64/><D46/><U122/><E122/><V103/><F133/><W85/><G113/><T5/><D5/><U84/><E24/><N who="2" m="14391" /><F111/><W55/><G115/><T90/><D71/><U14/><E60/><V97/><F130/><W3/><G3/><T109/><D109/><U52/><E94/><V65/><F65/><W10/><G43/><T36/><D36/><U78/><REACH who="1" step="1"/><E73/><REACH who="1" ten="260,237,220,273" step="2"/><V75/><F75/><W105/><G105/><T95/><D95/><U128/><E128/><V89/><F125/><W54/><G54/><T35/><REACH who="0" step="1"/><D17/><REACH who="0" ten="250,237,220,273" step="2"/><U79/><E79/><V70/><F19/><W58/><G101/><T118/><D118/><U23/><E23/><V110/><F22/><W11/><G11/><T27/><D27/><U68/><E68/><V44/><F70/><W102/><G102/><T34/><D34/><U106/><E106/><V112/><F110/><W86/><G86/><AGARI ba="0,2" hai="26,28,35,63,64,66,67,69,74,76,83,86,90,93" machi="86" ten="30,2000,0" yaku="1,1,7,1,53,0" doraHai="15" doraHaiUra="49" who="0" fromWho="3" sc="250,40,237,0,220,0,273,-20" /><INIT seed="2,0,0,1,2,35" ten="290,237,220,253" oya="2" hai0="51,91,115,122,88,42,16,72,124,53,44,32,28" hai1="92,89,95,128,76,109,81,37,84,19,83,135,55" hai2="18,3,118,132,126,113,63,98,6,64,60,12,102" hai3="96,13,94,69,127,8,73,106,80,7,14,114,26"/><V15/><F118/><W112/><G69/><T31/><D122/><U27/><E37/><V58/><F113/><W2/><G127/><T130/><D115/><N who="3" m="44073" /><G106/><T59/><D72/><U90/><E109/><V75/><F75/><W134/><G134/><T131/><D124/><U61/><E135/><V24/><F132/><W111/><G111/><T99/><D16/><U79/><E128/><N who="0" m="49193" /><D99/><U56/><E90/><N who="0" m="34345" /><D32/><U121/><E121/><V10/><F126/><W129/><G129/><T78/><D78/><N who="1" m="29739" /><E95/><V4/><F4/><W17/><G80/><T9/><D9/><U1/><E1/><V104/><REACH who="2" step="1"/><F63/><AGARI ba="0,0" hai="28,31,42,44,51,53,59,63" m="34345,49193" machi="63" ten="30,2000,0" yaku="19,1,54,1" doraHai="35" who="0" fromWho="2" sc="290,20,237,0,220,-20,253,0" /><INIT seed="3,0,0,5,0,71" ten="310,237,200,253" oya="3" hai0="91,51,114,97,4,42,72,67,10,46,13,2,53" hai1="110,81,69,78,32,107,17,48,7,79,0,88,122" hai2="80,44,3,43,25,134,106,135,111,95,133,55,66" hai3="22,19,76,99,68,57,23,20,65,132,47,31,54"/><W24/><G24/><T77/><BYE who="3" /><D114/><U9/><E107/><V118/><F106/><W40/><G40/><T30/><D67/><U90/><E69/><V5/><F118/><W87/><G87/><T94/><D30/><U121/><E110/><V38/><F111/><W86/><G86/><T12/><D72/><U124/><E124/><V41/><F66/><W128/><G128/><T103/><D77/><U36/><E36/><V61/><F43/><W130/><G130/><T105/><REACH who="0" step="1"/><D42/><REACH who="0" ten="300,237,200,253" step="2"/><U98/><E121/><V125/><F41/><W62/><G62/><T104/><D104/><U34/><E122/><V35/><F135/><W60/><G60/><T73/><D73/><U75/><E79/><V6/><F134/><W39/><G39/><T1/><D1/><UN n3="%E5%B0%B1%E6%B4%BB%E7%94%9F%40%E5%B7%9D%E6%9D%91%E8%BB%8D%E5%9B%A3" /><U101/><E0/><V82/><F38/><W37/><G76/><T58/><D58/><U27/><E75/><V100/><F133/><W117/><G65/><T120/><D120/><U59/><E78/><V8/><F3/><W11/><G37/><T29/><D29/><U85/><E59/><V21/><F125/><W123/><G57/><T92/><D92/><U84/><E81/><V83/><F95/><W28/><G31/><T96/><AGARI ba="0,1" hai="2,4,10,12,13,46,51,53,91,94,96,97,103,105" machi="96" ten="20,5200,0" yaku="1,1,0,1,7,1,53,1" doraHai="71" doraHaiUra="33" who="0" fromWho="0" sc="300,62,237,-13,200,-13,253,-26" /><INIT seed="4,0,0,1,3,123" ten="362,224,187,227" oya="0" hai0="62,105,119,42,63,127,121,98,28,117,9,54,0" hai1="34,4,86,134,61,130,14,83,59,116,94,19,27" hai2="131,50,40,35,25,85,39,67,7,71,5,95,45" hai3="46,10,3,64,104,57,51,55,29,17,111,56,23"/><T132/><D121/><U125/><E116/><V2/><F131/><W113/><G104/><T60/><D42/><U78/><E130/><V129/><F129/><W11/><G111/><T110/><D28/><U48/><E125/><V52/><F2/><W89/><G113/><T79/><D127/><U112/><E112/><V93/><F35/><W102/><G102/><T36/><D36/><U43/><E134/><V109/><F109/><W135/><G135/><T44/><D44/><U12/><E34/><V103/><F25/><W73/><G73/><T80/><D110/><U87/><E4/><V21/><F21/><W97/><G29/><T37/><D37/><U122/><E122/><V47/><F95/><N who="3" m="56559" /><G3/><T66/><D132/><U99/><E86/><V124/><F124/><W13/><G64/><T81/><D66/><U118/><E118/><V96/><REACH who="2" step="1"/><F85/><REACH who="2" ten="362,224,177,227" step="2"/><W126/><G126/><T75/><D0/><U74/><E87/><V128/><F128/><W53/><G46/><T49/><D119/><U6/><E27/><V120/><F120/><W18/><G23/><T108/><D117/><U16/><E14/><V91/><F91/><W32/><G32/><T33/><D33/><U115/><E12/><V107/><F107/><W65/><G13/><T41/><D105/><U76/><E115/><V31/><F31/><W8/><G65/><T101/><D108/><U38/><E76/><V58/><F58/><W77/><G77/><T133/><D79/><U22/><E59/><V20/><F20/><W15/><G15/><T68/><D133/><U90/><E78/><V88/><F88/><RYUUKYOKU ba="0,1" sc="362,-15,224,-15,177,15,227,15" hai2="5,7,39,40,45,47,50,52,67,71,93,96,103" hai3="8,10,11,17,18,51,53,55,56,57" /><INIT seed="5,1,1,5,1,38" ten="347,209,192,242" oya="1" hai0="48,87,84,88,29,128,25,129,63,85,115,116,70" hai1="44,56,31,100,118,8,4,55,73,37,16,112,21" hai2="20,61,79,107,124,108,33,18,46,122,35,76,119" hai3="131,77,101,36,134,22,1,23,71,43,109,92,0"/><U66/><E73/><V90/><F122/><W2/><G109/><T39/><D39/><U105/><E118/><V19/><F108/><W53/><G71/><T121/><D116/><U30/><E112/><V26/><F107/><W102/><G77/><T126/><D126/><U93/><E105/><V113/><F119/><W57/><G131/><N who="0" m="50251" /><D115/><U110/><E110/><V47/><F113/><W3/><G134/><T95/><D121/><U123/><E66/><V15/><F124/><W12/><G12/><T9/><D9/><U10/><E123/><V81/><F61/><W17/><G17/><T72/><D72/><U14/><E37/><V64/><F64/><W75/><G75/><T69/><D48/><U51/><E56/><V67/><F67/><W6/><G6/><T68/><D63/><U120/><E120/><V11/><F35/><AGARI ba="1,1" hai="25,29,35,68,69,70,84,85,87,88,95" m="50251" machi="35" ten="40,2600,0" yaku="19,1,54,1" doraHai="38" who="0" fromWho="2" sc="347,39,209,0,192,-29,242,0" /><INIT seed="6,0,0,0,2,29" ten="386,209,163,242" oya="2" hai0="49,46,35,77,64,44,98,119,23,123,55,73,109" hai1="126,86,39,59,107,3,114,62,34,135,33,21,96" hai2="101,28,76,87,37,69,45,6,56,85,102,43,91" hai3="8,19,30,58,112,117,82,108,131,72,38,92,90"/><V130/><F69/><W52/><G108/><T48/><D123/><U83/><E3/><V57/><F130/><W79/><G117/><T18/><D109/><U71/><E39/><V88/><F76/><W4/><G131/><T50/><D35/><U10/><E71/><V116/><F116/><W9/><G38/><T7/><D64/><U42/><E42/><V16/><F6/><W128/><G128/><T110/><D110/><U54/><E114/><V12/><F28/><W113/><G30/><T65/><D65/><U25/><E135/><V94/><F102/><W89/><G19/><T118/><D7/><U111/><E10/><V129/><F101/><W120/><G120/><T75/><D49/><U41/><E41/><V5/><F5/><W51/><G90/><T61/><D61/><U93/><E107/><V63/><F63/><W104/><G104/><T81/><D98/><U95/><E126/><V105/><F105/><W47/><G47/><T97/><D97/><U133/><E133/><V20/><REACH who="2" step="1"/><F129/><REACH who="2" ten="386,209,153,242" step="2"/><W32/><G4/><T53/><D75/><U100/><E111/><V84/><F84/><W99/><G32/><T2/><D2/><U22/><E34/><V1/><F1/><W78/><G78/><T115/><D115/><AGARI ba="0,1" hai="8,9,51,52,58,72,79,82,89,92,99,112,113,115" machi="115" ten="40,5200,0" yaku="15,1,11,1,54,1" doraHai="29" who="3" fromWho="0" sc="386,-52,209,0,153,0,242,62" /><INIT seed="7,0,0,0,1,54" ten="334,209,153,304" oya="3" hai0="2,1,26,51,95,18,89,42,0,103,58,82,38" hai1="46,57,23,52,27,24,111,88,50,87,83,55,68" hai2="85,59,110,71,70,86,114,92,132,102,65,31,75" hai3="25,4,91,129,116,107,47,30,13,115,56,74,112"/><W61/><G116/><T7/><D38/><U120/><E68/><V106/><F75/><W125/><G107/><T48/><D7/><U104/><E104/><V33/><F110/><W39/><G74/><T41/><D103/><U99/><E111/><V134/><F114/><N who="3" m="43563" /><G129/><T105/><D105/><U109/><E109/><V123/><F123/><W77/><G77/><T119/><D82/><U49/><E120/><V113/><F113/><W44/><G125/><T16/><D119/><U121/><E121/><V81/><F106/><W118/><G118/><T73/><D73/><U6/><E6/><V63/><F33/><N who="3" m="20687" /><G39/><T53/><D26/><U35/><E35/><V66/><F31/><W100/><G100/><T108/><D108/><U64/><E64/><V12/><F12/><W17/><G91/><T97/><REACH who="0" step="1"/><D42/><REACH who="0" ten="324,209,153,304" step="2"/><U67/><E24/><V43/><F43/><W72/><G4/><T84/><D84/><U130/><E130/><V29/><F29/><W62/><G72/><T40/><D40/><U94/><E83/><V128/><F128/><W131/><G131/><T60/><D60/><N who="3" m="23145" /><G56/><T90/><D90/><U15/><E27/><V69/><F66/><W8/><AGARI ba="0,1" hai="8,13,17,44,47" m="23145,20687,43563" machi="8" ten="30,1500,0" yaku="15,1" doraHai="54" who="3" fromWho="3" sc="324,-5,209,-5,153,-5,304,25" owari="319,12.0,204,-20.0,148,-35.0,329,43.0" /></mjloggm>