<mjloggm ver="2.3"><GO type="169" lobby="0"/><UN n0="%E3%83%9E%E3%83%88%E3%83%AA%E3%83%83%E3%82%AF%E3%82%B9" n1="%E3%81%AC%E3%81%8F%E3%82%82%E3%82%8A" n2="%43%2E%43%2E%E3%82%B5%E3%83%90%E3%82%B7%E3%82%A2" n3="%E3%82%A6%E3%83%AB%E3%83%88%E3%83%A9%E7%AB%8B%E7%9B%B4" dan="17,17,16,17" rate="2156.53,2202.82,2064.56,2143.39" sx="M,M,F,M"/><TAIKYOKU oya="0"/><INIT seed="0,0,0,1,2,127" ten="250,250,250,250" oya="0" hai0="124,63,103,119,37,40,89,113,90,36,92,58,27" hai1="11,128,126,41,115,122,111,33,114,75,72,130,23" hai2="54,21,98,19,48,52,45,132,112,0,110,31,133" hai3="62,12,56,83,107,20,9,101,108,135,117,86,16"/><T24/><D119/><U10/><E122/><V28/><F112/><N who="1" m="43049" /><E33/><V73/><F0/><W32/><G32/><T87/><D113/><U3/><E126/><V77/><F110/><W66/><G108/><T22/><D124/><U84/><E111/><V81/><F54/><W42/><G135/><N who="2" m="51785" /><F98/><W7/><G117/><T68/><D68/><U44/><E84/><V65/><F65/><W96/><G42/><T46/><D37/><N who="1" m="21551" /><E23/><V38/><F38/><W93/><G107/><T1/><D1/><U34/><E34/><V71/><F71/><W125/><G125/><T18/><D103/><U109/><E109/><V116/><F116/><W60/><G60/><T121/><D121/><U120/><E120/><V79/><F79/><W30/><G30/><T70/><D70/><U104/><E104/><V123/><F123/><W67/><G67/><T25/><REACH who="0" step="1"/><D90/><REACH who="0" ten="240,250,250,250" step="2"/><U118/><E118/><V26/><AGARI ba="0,1" hai="19,21,26,28,31,45,48,52,73,77,81" m="51785" machi="26" ten="30,2000,0" yaku="20,1,54,1" doraHai="127" who="2" fromWho="2" sc="240,-10,250,-5,250,30,250,-5" /><INIT seed="1,0,0,5,1,124" ten="230,245,280,245" oya="1" hai0="38,114,86,120,32,65,11,45,127,20,82,49,99" hai1="24,37,10,133,81,134,54,115,69,13,53,59,51" hai2="103,96,89,70,64,3,85,9,83,77,6,73,76" hai3="56,131,88,109,97,80,31,19,111,95,130,75,26"/><U121/><E115/><V27/><F73/><W119/><G119/><T33/><D114/><U92/><E121/><V40/><F40/><W8/><G56/><T116/><D116/><U91/><E69/><V52/><F27/><W125/><G125/><T41/><D127/><U93/><E37/><V30/><F30/><W113/><G113/><T29/><D120/><U105/><E105/><V123/><F123/><W100/><G19/><T21/><D65/><U39/><E39/><V129/><F129/><N who="3" m="49163" /><G8/><T126/><D126/><U23/><E54/><V79/><F64/><W67/><G67/><T15/><D99/><U84/><E133/><V55/><REACH who="2" step="1"/><F70/><REACH who="2" ten="230,245,270,245" step="2"/><W72/><G72/><T17/><D38/><U14/><E134/><V98/><F98/><W63/><G63/><T135/><D135/><U44/><E59/><V104/><AGARI ba="0,1" hai="3,6,9,52,55,76,77,79,83,85,89,96,103,104" machi="104" ten="30,4000,0" yaku="1,1,0,1,54,1,53,0" doraHai="124" doraHaiUra="90" who="2" fromWho="2" sc="230,-10,245,-20,270,50,245,-10" /><INIT seed="2,0,0,4,3,82" ten="220,225,320,235" oya="2" hai0="108,107,98,43,10,95,55,18,50,57,133,99,4" hai1="110,49,33,121,7,25,67,58,109,123,12,128,112" hai2="131,66,119,9,94,8,91,117,35,84,60,53,17" hai3="5,120,65,68,106,81,80,36,28,59,37,16,101"/><V46/><F131/><W135/><G5/><T100/><D108/><N who="1" m="41579" /><E49/><V44/><F35/><W63/><G120/><N who="1" m="46154" /><E58/><V27/><F27/><W75/><G135/><T29/><D133/><U97/><E67/><V51/><F46/><W69/><G69/><T3/><D29/><N who="1" m="19631" /><E97/><V19/><F117/><W22/><G68/><T87/><D43/><U62/><E62/><V85/><F119/><W13/><G28/><T89/><D18/><N who="2" m="6666" /><F84/><W30/><G30/><T122/><D122/><U32/><E128/><V38/><F38/><W42/><G42/><T48/><D99/><U23/><E32/><V52/><F66/><W41/><G41/><T125/><D125/><U45/><E45/><V130/><F130/><W116/><G37/><T21/><D21/><U34/><E34/><V15/><F60/><AGARI ba="0,0" hai="3,4,10,48,50,55,57,60,87,89,95,98,100,107" machi="60" ten="30,2000,0" yaku="7,1,52,1" doraHai="82" who="0" fromWho="2" sc="220,20,225,0,320,-20,235,0" /><INIT seed="3,0,0,4,4,70" ten="240,225,300,235" oya="3" hai0="8,75,98,129,44,69,119,22,130,76,23,114,56" hai1="99,97,134,128,0,86,120,71,115,66,61,92,72" hai2="73,34,91,65,103,15,82,116,127,84,110,35,30" hai3="78,12,52,36,87,93,100,11,7,79,27,117,38"/><W74/><G117/><T112/><D69/><U104/><E120/><V102/><F116/><W28/><G74/><T67/><D119/><U2/><E115/><N who="0" m="44073" /><D75/><U1/><E72/><V3/><F3/><W111/><G111/><T41/><D76/><U63/><E128/><N who="0" m="49257" /><D98/><U96/><E134/><V60/><F110/><W125/><G125/><T95/><D95/><U131/><E131/><V126/><F73/><W9/><G9/><T57/><D8/><U55/><E104/><V113/><F113/><W121/><G121/><T106/><D106/><U39/><E39/><V49/><F49/><W17/><G7/><T53/><D67/><U54/><E63/><V14/><F102/><W16/><G79/><T46/><D46/><U135/><E135/><V26/><F103/><W64/><G64/><T133/><D133/><U5/><E5/><V50/><F50/><W68/><G68/><T123/><D123/><U80/><REACH who="1" step="1"/><E92/><REACH who="1" ten="240,215,300,235" step="2"/><V105/><F105/><W45/><G93/><T77/><D77/><AGARI ba="0,1" hai="0,1,2,54,55,61,66,71,77,80,86,96,97,99" machi="77" ten="50,8000,1" yaku="1,1,2,1,53,3" doraHai="70" doraHaiUra="33" who="1" fromWho="0" sc="240,-80,215,90,300,0,235,0" /><INIT seed="4,0,0,1,1,81" ten="160,305,300,235" oya="0" hai0="85,9,48,97,56,101,72,67,119,108,20,59,43" hai1="46,21,1,63,14,87,116,122,62,75,68,129,83" hai2="4,70,13,117,5,131,34,47,88,76,29,15,18" hai3="30,110,86,33,27,79,19,58,126,99,113,127,38"/><T82/><D119/><U89/><E116/><V118/><F70/><W95/><G38/><T115/><D72/><U112/><E122/><V121/><F121/><W84/><G110/><T94/><D108/><U123/><E1/><V44/><F76/><W135/><G113/><T10/><D115/><U54/><E123/><V98/><F117/><W133/><G19/><T107/><D107/><U80/><E112/><V91/><F118/><W32/><G58/><T114/><D114/><U25/><E129/><V78/><F78/><W45/><G45/><N who="0" m="25663" /><D20/><U120/><E120/><V12/><F18/><W109/><G33/><T35/><D35/><U40/><E75/><V42/><F29/><W7/><G7/><N who="2" m="2633" /><F42/><W74/><G109/><T6/><D6/><U57/><E68/><V11/><F11/><N who="0" m="4106" /><D67/><U50/><E14/><V61/><F34/><W102/><G74/><T49/><D49/><N who="1" m="30927" /><E80/><V24/><F24/><W103/><G32/><T16/><D16/><AGARI ba="0,0" hai="16,21,25,40,46,50,62,63,83,87,89" m="30927" machi="16" ten="30,3900,0" yaku="8,1,52,1,54,1" doraHai="81" who="1" fromWho="0" sc="160,-39,305,39,300,0,235,0" /><INIT seed="5,0,0,4,0,104" ten="121,344,300,235" oya="1" hai0="60,112,49,5,123,100,65,66,48,109,70,2,12" hai1="116,106,135,107,19,113,122,110,45,121,36,35,13" hai2="21,41,130,61,26,127,28,11,44,71,43,69,67" hai3="94,27,62,37,76,63,126,117,80,24,96,50,92"/><U46/><E116/><V86/><F127/><W102/><G37/><T74/><D109/><U87/><E35/><V3/><F130/><W89/><G126/><T97/><D2/><U68/><E68/><V108/><F108/><W58/><G50/><T1/><D1/><U17/><E87/><V75/><F43/><W128/><G128/><T29/><D112/><U34/><E34/><V32/><F21/><W79/><G63/><T72/><D66/><U4/><E4/><N who="2" m="1439" /><F86/><W99/><G117/><T88/><D123/><U129/><E129/><V73/><F71/><W20/><G80/><T118/><D118/><U18/><E13/><V16/><F16/><W40/><G40/><T85/><D29/><U7/><E7/><V133/><F133/><W15/><G15/><T91/><D91/><U52/><E110/><V101/><F101/><W47/><G47/><T38/><D38/><AGARI ba="0,0" hai="26,28,32,38,41,44,61,67,69,73,75" m="1439" machi="38" ten="30,7700,0" yaku="33,2,52,2" doraHai="104" who="2" fromWho="0" sc="121,-77,344,0,300,77,235,0" /><INIT seed="6,0,0,1,5,23" ten="44,344,377,235" oya="2" hai0="62,8,9,22,103,135,20,28,106,116,6,82,13" hai1="27,111,29,90,50,131,101,21,19,12,51,89,114" hai2="120,16,11,30,34,32,45,71,130,68,1,37,87" hai3="115,75,76,78,40,93,67,2,123,86,85,124,105"/><V56/><F120/><W102/><G67/><T26/><D106/><U14/><E111/><V53/><F130/><W81/><G40/><T42/><D103/><U121/><E131/><V77/><F34/><W113/><G2/><T109/><D42/><U133/><E121/><V129/><F129/><W95/><G123/><T44/><D44/><U58/><E114/><N who="3" m="43530" /><G124/><T3/><D82/><U91/><E133/><V118/><F118/><W15/><G15/><T98/><D98/><U59/><E101/><V64/><F37/><W112/><G112/><T25/><D62/><U65/><E14/><V47/><F64/><W125/><G125/><T33/><D109/><U0/><E0/><V94/><F68/><W108/><G108/><T70/><D70/><U132/><E132/><V10/><F10/><W99/><G78/><T122/><D122/><U43/><E65/><V46/><F71/><W38/><G38/><T55/><D55/><U72/><E43/><V119/><F119/><W110/><G110/><T83/><D83/><U66/><E66/><V52/><F56/><N who="1" m="21545" /><E72/><V5/><F77/><W96/><G105/><T36/><D36/><U48/><E48/><V17/><F53/><W80/><G80/><T57/><D57/><U31/><E31/><V128/><F52/><W4/><G4/><N who="0" m="1055" /><D135/><U7/><E7/><V88/><REACH who="2" step="1"/><F128/><REACH who="2" ten="44,344,367,235" step="2"/><W97/><G102/><T61/><D61/><U35/><E35/><V117/><F117/><W63/><G63/><T39/><D39/><U49/><E49/><V60/><F60/><W24/><G76/><T126/><D116/><U69/><E69/><RYUUKYOKU ba="0,1" sc="44,-15,344,15,367,15,235,-15" hai1="12,19,21,27,29,50,51,89,90,91" hai2="1,5,11,16,17,30,32,45,46,47,87,88,94" /><INIT seed="6,1,1,4,1,80" ten="29,359,382,220" oya="2" hai0="51,5,34,18,100,32,45,96,95,132,71,84,36" hai1="68,99,111,124,85,44,10,130,134,8,72,0,120" hai2="24,62,21,93,30,6,37,16,113,125,135,88,115" hai3="76,42,103,15,57,129,70,126,123,83,97,55,35"/><V23/><F125/><W117/><G70/><T133/><D71/><U91/><E111/><V74/><F135/><W47/><G35/><T22/><D36/><U63/><E72/><V92/><F74/><W38/><G123/><T102/><D5/><U4/><E124/><V64/><F6/><W101/><G126/><T106/><D102/><U98/><E134/><V56/><F37/><W79/><G117/><T86/><D133/><U20/><E120/><V75/><F75/><W66/><G66/><T26/><D132/><U94/><E130/><V3/><F3/><W61/><G129/><T27/><D106/><U114/><E114/><N who="2" m="43531" /><F88/><W12/><G103/><T50/><D50/><U39/><E39/><V90/><F90/><W2/><G2/><T19/><D34/><U31/><E0/><V131/><F131/><W128/><G128/><T9/><D32/><U52/><E4/><V25/><AGARI ba="1,1" hai="16,21,23,24,25,30,56,62,64,92,93" m="43531" machi="25" ten="30,3000,0" yaku="15,1,54,1" doraHai="80" who="2" fromWho="2" sc="29,-11,359,-11,382,43,220,-11" /><INIT seed="6,2,0,5,4,22" ten="18,348,425,209" oya="2" hai0="51,102,13,67,74,131,62,4,56,124,61,105,110" hai1="88,89,37,50,36,3,18,86,127,26,30,23,125" hai2="1,42,129,44,16,94,7,83,130,40,12,96,85" hai3="79,2,68,57,117,101,91,43,93,72,64,126,99"/><V21/><F7/><W14/><G2/><T53/><D74/><U70/><E70/><V135/><F135/><W104/><G68/><T103/><D105/><U20/><E3/><V75/><F75/><W27/><G117/><T90/><D110/><U63/><E50/><V76/><F1/><W128/><G43/><T31/><D124/><N who="1" m="47691" /><E63/><V38/><REACH who="2" step="1"/><F42/><REACH who="2" ten="18,348,415,209" step="2"/><W111/><G72/><T121/><D121/><U92/><E89/><AGARI ba="2,1" hai="12,16,21,38,40,44,76,83,85,89,94,96,129,130" machi="89" ten="40,7700,0" yaku="1,1,2,1,54,1,53,0" doraHai="22" doraHaiUra="114" who="2" fromWho="1" sc="18,0,348,-83,415,93,209,0" /><INIT seed="6,3,0,1,0,69" ten="18,265,508,209" oya="2" hai0="107,4,49,64,59,126,94,25,79,101,89,3,55" hai1="111,106,135,31,133,98,7,103,33,119,120,102,51" hai2="15,38,34,82,74,125,32,11,2,40,73,72,24" hai3="65,43,62,100,27,114,88,46,105,12,63,39,42"/><V60/><F125/><W129/><G100/><T87/><D126/><U93/><E119/><V30/><F60/><W56/><G105/><T116/><D116/><U37/><E37/><V76/><F34/><W81/><G129/><T95/><D3/><U109/><E7/><N who="2" m="1527" /><F15/><W68/><G114/><T86/><D4/><U104/><E51/><V108/><F108/><W75/><G43/><T20/><D107/><N who="1" m="41003" /><E31/><V10/><F10/><W13/><G27/><T36/><D36/><U61/><E61/><V128/><F128/><W9/><G9/><T115/><D115/><U28/><E28/><V48/><F48/><W78/><REACH who="3" step="1"/><G88/><REACH who="3" ten="18,265,508,199" step="2"/><T124/><D124/><U1/><E103/><V17/><F40/><W50/><G50/><T8/><D8/><U134/><E120/><V35/><F24/><W70/><G70/><T18/><D101/><U14/><E1/><V71/><F71/><W85/><G85/><T21/><D64/><AGARI ba="3,1" hai="12,13,39,42,46,56,62,63,64,65,68,75,78,81" machi="64" ten="30,3900,0" yaku="1,1,7,1,52,1,53,0" doraHai="69" doraHaiUra="84" who="3" fromWho="0" sc="18,-48,265,0,508,0,199,58" owari="-30,-53.0,265,7.0,508,60.0,257,-14.0" /></mjloggm>