<mjloggm ver="2.3"><GO type="169" lobby="0"/><UN n0="%E5%B0%B1%E6%B4%BB%E7%94%9F%40%E5%B7%9D%E6%9D%91%E8%BB%8D%E5%9B%A3" n1="%E7%94%9F%E7%B2%8B%E3%81%AE%E7%85%BD%E3%83%A9%E3%83%BC%E2%99%AA" n2="%E3%81%8B%E3%81%AB%E3%83%9E%E3%82%B8%E3%83%B3" n3="%E5%88%87%E3%82%8A%E6%9C%AD" dan="17,17,17,17" rate="2258.39,2195.61,2235.05,2143.91" sx="M,M,M,M"/><TAIKYOKU oya="0"/><INIT seed="0,0,0,5,5,55" ten="250,250,250,250" oya="0" hai0="123,122,54,82,22,29,68,58,40,28,4,79,13" hai1="45,56,101,59,33,52,34,11,12,14,130,132,112" hai2="80,41,23,77,71,66,85,100,67,35,6,135,10" hai3="19,109,39,27,94,7,3,60,49,96,107,102,90"/><T131/><D68/><U117/><E117/><V120/><F35/><W127/><G109/><T69/><D69/><U128/><E132/><V73/><F120/><W0/><G39/><T121/><D131/><N who="1" m="50219" /><E112/><V26/><F135/><W21/><G127/><T17/><D4/><N who="1" m="3175" /><E101/><V86/><F100/><W88/><G7/><T24/><D40/><U78/><E78/><V92/><F41/><W89/><G107/><T81/><D79/><U104/><E104/><V114/><F114/><W16/><G49/><T87/><D87/><U61/><E14/><V38/><F38/><W42/><G42/><T95/><D95/><U65/><E45/><V15/><F71/><W93/><G93/><T51/><REACH who="0" step="1"/><D29/><REACH who="0" ten="240,250,250,250" step="2"/><U133/><E133/><V84/><REACH who="2" step="1"/><F92/><REACH who="2" ten="240,250,240,250" step="2"/><W99/><G94/><T111/><D111/><U70/><E70/><V72/><F72/><W48/><G102/><T115/><D115/><U18/><E18/><AGARI ba="0,2" hai="6,10,15,18,23,26,66,67,73,77,80,84,85,86" machi="18" ten="40,1300,0" yaku="1,1,53,0" doraHai="55" doraHaiUra="50" who="2" fromWho="1" sc="240,0,250,-13,240,33,250,0" /><INIT seed="1,0,0,4,2,133" ten="240,237,273,250" oya="1" hai0="51,127,126,8,117,17,116,64,31,75,67,91,42" hai1="15,2,13,49,54,131,81,97,120,129,63,30,73" hai2="119,46,109,62,70,18,23,72,60,44,33,105,19" hai3="53,90,66,83,110,130,132,0,58,45,71,115,4"/><U27/><E2/><V76/><F105/><W16/><G115/><T21/><D75/><U36/><E36/><V22/><F33/><W52/><G132/><T106/><D106/><U114/><E114/><V96/><F96/><W65/><G71/><T5/><D31/><U39/><E39/><V69/><F72/><W128/><G110/><T59/><D91/><U89/><E120/><V68/><F76/><W12/><G4/><T122/><D122/><U50/><E63/><V101/><F101/><W108/><G0/><T74/><D74/><U77/><E50/><V124/><F69/><W111/><G45/><N who="0" m="26039" /><D59/><N who="1" m="33231" /><E97/><V10/><F10/><N who="3" m="6167" /><G53/><T29/><D29/><U9/><E9/><V7/><F7/><W28/><G28/><T86/><D86/><U112/><E89/><V103/><F103/><W104/><G104/><T118/><D64/><N who="3" m="24681" /><G83/><T92/><D67/><U34/><E112/><V57/><F109/><N who="3" m="42059" /><G90/><T40/><D40/><U82/><E82/><V93/><F68/><W61/><AGARI ba="0,0" hai="52,58,61,128,130" m="42059,24681,6167" machi="61" ten="30,4000,0" yaku="14,1,54,2" doraHai="133" who="3" fromWho="3" sc="240,-10,237,-20,273,-10,250,40" /><INIT seed="2,0,0,4,1,38" ten="230,217,263,290" oya="2" hai0="50,6,122,104,30,116,92,9,37,114,133,43,96" hai1="70,46,135,105,1,82,110,100,99,109,24,97,14" hai2="10,5,83,19,74,71,28,49,115,53,123,108,78" hai3="51,41,89,61,75,113,7,107,47,35,119,69,80"/><V8/><F123/><W79/><G119/><T72/><D114/><U12/><E70/><V27/><F71/><W34/><G113/><T90/><D122/><U11/><E1/><V93/><F115/><W32/><G107/><T91/><D72/><U64/><E64/><V16/><F108/><W65/><G7/><T68/><D68/><U44/><E24/><V102/><F102/><W111/><REACH who="3" step="1"/><G89/><REACH who="3" ten="230,217,263,280" step="2"/><T58/><D91/><U106/><E110/><AGARI ba="0,1" hai="32,34,35,41,47,51,61,65,69,75,79,80,110,111" machi="110" ten="50,6400,0" yaku="1,1,2,1,52,1,53,0" doraHai="38" doraHaiUra="87" who="3" fromWho="1" sc="230,0,217,-64,263,0,280,74" /><INIT seed="3,0,0,2,4,52" ten="230,153,263,354" oya="3" hai0="132,21,60,30,133,64,91,74,72,10,19,112,16" hai1="20,95,31,67,100,80,83,98,70,84,2,58,129" hai2="93,32,0,75,42,97,122,89,5,85,101,106,131" hai3="55,135,82,51,57,50,71,25,54,14,127,17,27"/><W107/><G135/><N who="0" m="51787" /><D112/><U53/><E129/><V96/><F32/><W40/><G127/><T46/><D46/><U18/><E2/><V124/><F42/><W77/><G107/><T68/><D91/><U118/><E118/><V109/><F5/><W49/><G71/><T86/><D86/><U63/><E31/><V48/><F48/><W125/><G125/><T61/><D61/><U9/><E9/><V34/><F34/><W69/><G69/><T90/><D90/><U119/><E119/><V13/><F13/><W12/><G12/><N who="0" m="7191" /><D30/><U47/><E47/><V15/><F124/><W76/><G40/><T87/><D87/><U123/><E123/><V56/><F85/><N who="3" m="48327" /><G77/><T113/><D113/><U35/><E35/><V128/><F106/><W126/><G126/><T88/><D88/><U110/><E84/><V44/><F89/><W103/><G103/><T38/><D38/><U1/><E1/><V104/><F0/><W26/><G55/><T121/><D121/><U114/><E114/><V45/><F101/><W22/><AGARI ba="0,0" hai="14,17,22,25,26,27,49,50,51,54,57" m="48327" machi="22" ten="30,3000,0" yaku="8,1,52,1" doraHai="52" who="3" fromWho="3" sc="230,-10,153,-10,263,-10,354,30" /><INIT seed="3,1,0,2,4,106" ten="220,143,253,384" oya="3" hai0="94,67,110,104,23,83,117,58,15,38,133,112,30" hai1="102,35,6,62,71,52,17,47,49,90,82,92,135" hai2="121,132,88,86,77,74,14,43,42,122,50,124,123" hai3="126,46,129,127,61,128,57,114,40,5,11,24,10"/><W103/><G103/><T120/><D104/><U65/><E35/><V4/><F124/><N who="3" m="47659" /><G24/><T41/><D38/><U85/><E135/><V25/><F132/><W55/><G114/><T109/><D41/><U113/><E113/><V56/><F25/><W28/><G28/><T22/><D83/><U111/><E111/><V31/><F31/><W75/><G75/><T13/><D94/><U79/><E102/><V16/><F4/><W18/><G18/><T34/><D112/><U100/><E100/><V73/><F77/><W125/><G125/><T12/><D120/><U48/><E6/><V21/><F43/><W87/><G87/><T69/><D133/><U93/><E17/><V118/><F118/><W116/><G116/><T32/><D117/><U91/><E91/><V9/><F9/><N who="3" m="3083" /><G5/><T105/><D105/><U115/><E115/><V1/><F1/><W3/><G3/><T119/><D119/><U54/><REACH who="1" step="1"/><E90/><REACH who="1" ten="220,133,253,384" step="2"/><V84/><F88/><W68/><G68/><T39/><D69/><U53/><E53/><N who="2" m="31799" /><F42/><W0/><G0/><T44/><D109/><U96/><E96/><V26/><F26/><W33/><G33/><T36/><D110/><U20/><E20/><V45/><F45/><AGARI ba="1,1" hai="45,47,48,49,52,54,62,65,71,79,82,85,92,93" machi="45" ten="30,7700,0" yaku="1,1,7,1,9,1,54,1,53,0" doraHai="106" doraHaiUra="134" who="1" fromWho="2" sc="220,0,133,90,253,-80,384,0" /><INIT seed="4,0,0,5,2,85" ten="220,223,173,384" oya="0" hai0="119,100,79,88,57,93,87,55,102,44,84,96,3" hai1="35,105,8,50,2,1,78,31,29,101,99,129,90" hai2="13,33,130,80,63,61,45,94,9,74,98,65,117" hai3="24,135,73,6,123,113,25,32,81,77,128,134,115"/><T58/><D3/><U34/><E78/><V127/><F33/><W126/><G128/><T67/><D119/><U41/><E129/><V66/><F130/><W132/><G126/><T108/><D108/><U22/><E31/><V103/><F127/><W53/><G123/><T116/><D116/><U20/><E41/><V37/><F117/><W38/><G38/><T97/><D79/><U39/><E39/><V64/><F74/><W82/><G82/><T54/><D67/><U71/><E50/><V60/><F80/><W114/><G32/><T109/><D109/><U51/><E51/><V121/><F121/><W133/><G133/><T46/><D93/><U112/><E71/><V19/><F37/><W83/><G83/><T28/><D28/><U125/><E29/><V91/><REACH who="2" step="1"/><F45/><REACH who="2" ten="220,223,163,384" step="2"/><W75/><G75/><T76/><REACH who="0" step="1"/><D76/><REACH who="0" ten="210,223,163,384" step="2"/><U70/><E125/><V52/><F52/><W89/><G53/><T12/><D12/><U21/><E1/><V0/><F0/><W104/><G77/><T111/><D111/><U62/><E2/><V42/><F42/><W40/><G40/><T11/><D11/><U4/><E8/><V14/><F14/><W122/><G122/><T7/><D7/><U68/><E4/><V107/><F107/><W118/><G104/><T5/><D5/><U16/><E105/><V27/><F27/><W26/><G118/><T47/><D47/><U124/><E124/><V30/><F30/><W92/><G6/><T17/><D17/><U120/><E16/><V15/><F15/><W56/><G135/><T10/><D10/><U95/><E35/><RYUUKYOKU ba="0,2" sc="210,15,223,-15,163,15,384,-15" hai0="44,46,54,55,57,58,84,87,88,96,97,100,102" hai2="9,13,19,60,61,63,64,65,66,91,94,98,103" /><INIT seed="4,1,2,4,3,84" ten="225,208,178,369" oya="0" hai0="40,3,61,23,9,107,78,125,62,114,38,60,97" hai1="20,74,19,63,21,100,41,22,120,105,58,4,24" hai2="111,113,117,5,119,39,118,82,93,66,13,80,89" hai3="53,1,30,81,34,77,28,99,102,88,103,2,91"/><T110/><D125/><U122/><E74/><V121/><F121/><W90/><G103/><T71/><D71/><U86/><E21/><V47/><F111/><W130/><G130/><T83/><D114/><U124/><E124/><V16/><F113/><W128/><G128/><T104/><D110/><U26/><E41/><N who="2" m="22975" /><F5/><W10/><G53/><T6/><D23/><U109/><E109/><V94/><F66/><W115/><G115/><T127/><D127/><U95/><E105/><V98/><F94/><W27/><G30/><T55/><D55/><U92/><E92/><V44/><F44/><W129/><G10/><AGARI ba="1,2" hai="10,13,16,80,82,89,93,98,117,118,119" m="22975" machi="10" ten="30,3900,0" yaku="12,1,52,1,54,1" doraHai="84" who="2" fromWho="3" sc="225,0,208,0,178,62,369,-42" /><INIT seed="5,0,0,5,0,46" ten="225,208,240,327" oya="1" hai0="131,102,62,72,13,92,9,60,97,21,113,107,10" hai1="49,103,59,121,56,55,2,110,132,135,123,47,133" hai2="27,61,43,39,37,53,75,80,81,128,89,34,18" hai3="79,114,96,36,106,14,101,94,100,129,104,86,84"/><U99/><E2/><V32/><F128/><W111/><G36/><T126/><D72/><U119/><E110/><V16/><F43/><W130/><G14/><T8/><D113/><U54/><E119/><V112/><F75/><W15/><G15/><T87/><D131/><N who="3" m="50185" /><G114/><T125/><D107/><N who="3" m="41001" /><G111/><T5/><D87/><N who="3" m="33321" /><G79/><T26/><D13/><U108/><E108/><V134/><F112/><W127/><G127/><N who="0" m="48651" /><D5/><U116/><E116/><V93/><F27/><W41/><G41/><T23/><D23/><U31/><E31/><AGARI ba="0,0" hai="8,9,10,21,26,31,60,62,92,97,102" m="48651" machi="31" ten="30,1000,0" yaku="18,1" doraHai="46" who="0" fromWho="1" sc="225,10,208,-10,240,0,327,0" /><INIT seed="6,0,0,3,1,74" ten="235,198,240,327" oya="2" hai0="108,42,107,50,7,28,5,99,63,17,119,102,62" hai1="97,53,47,55,94,57,116,46,89,58,43,16,109" hai2="36,64,27,11,113,88,45,15,61,86,10,38,91" hai3="127,105,95,59,56,54,29,126,52,96,49,37,51"/><V118/><F118/><W121/><G121/><T68/><D108/><U35/><E35/><V93/><F113/><W114/><G114/><T0/><D119/><U79/><E109/><V81/><F27/><W76/><G37/><T106/><D106/><U135/><E135/><V33/><F33/><W104/><G76/><T14/><D28/><U41/><E116/><V122/><F122/><W92/><G96/><T117/><D117/><U23/><E79/><V18/><F10/><W44/><G44/><N who="0" m="25879" /><D107/><U13/><E57/><V78/><F45/><W48/><G48/><T110/><D68/><U112/><E112/><V71/><REACH who="2" step="1"/><F91/><REACH who="2" ten="235,198,230,327" step="2"/><W20/><G20/><T31/><D110/><U73/><E73/><AGARI ba="0,1" hai="11,15,18,36,38,61,64,71,73,78,81,86,88,93" machi="73" ten="30,18000,2" yaku="1,1,2,1,7,1,52,1,54,1,53,1" doraHai="74" doraHaiUra="85" who="2" fromWho="1" sc="235,0,198,-180,230,190,327,0" /><INIT seed="6,1,0,2,1,34" ten="235,18,420,327" oya="2" hai0="134,11,117,61,72,41,37,66,102,96,80,23,115" hai1="33,108,57,35,40,89,111,53,90,109,129,71,120" hai2="22,75,60,43,103,128,68,55,131,64,10,1,132" hai3="49,28,32,87,26,110,130,79,135,67,20,125,97"/><V100/><F75/><W127/><G110/><T94/><D115/><U7/><E40/><V82/><F82/><W48/><G135/><T14/><D134/><U3/><E53/><V45/><F55/><W17/><G130/><N who="2" m="49705" /><F132/><W47/><G67/><T27/><D117/><U52/><E129/><V101/><F22/><W2/><G2/><T63/><D37/><U107/><E107/><V121/><F121/><W5/><G5/><T4/><D41/><U31/><E71/><V124/><F124/><N who="3" m="47691" /><G97/><T95/><D95/><U98/><E120/><V36/><F10/><W118/><G118/><T25/><D66/><U122/><E122/><V78/><F78/><W114/><G114/><T123/><D123/><U83/><E31/><V86/><F86/><W15/><G47/><T113/><D113/><U0/><E7/><V91/><F91/><W62/><G62/><T38/><D38/><U54/><E108/><V106/><F1/><W93/><G93/><T65/><D65/><U77/><E77/><V39/><F36/><W88/><G88/><T104/><D27/><U76/><E76/><V73/><F73/><W30/><G28/><T19/><D104/><AGARI ba="1,0" hai="39,43,45,60,64,68,100,101,103,104,106" m="49705" machi="104" ten="30,1500,0" yaku="19,1" doraHai="34" who="2" fromWho="0" sc="235,-18,18,0,420,18,327,0" /><INIT seed="6,2,0,3,1,17" ten="217,18,438,327" oya="2" hai0="121,9,71,91,78,124,135,114,49,34,62,30,97" hai1="40,0,93,2,56,118,119,129,8,111,63,47,107" hai2="15,90,48,64,83,38,28,69,52,126,57,89,133" hai3="59,101,7,6,16,95,55,132,104,37,12,24,103"/><V19/><F38/><W134/><G104/><T42/><D121/><U92/><E111/><V80/><F126/><W115/><G37/><T68/><D124/><U36/><E107/><V21/><F133/><N who="3" m="51307" /><G24/><T76/><D114/><U10/><E36/><V31/><F69/><W33/><G33/><T98/><D135/><U75/><E56/><V120/><F64/><W66/><G66/><T112/><D112/><U116/><E63/><V26/><F120/><W65/><G65/><T84/><D34/><U74/><E129/><V108/><F108/><W29/><G29/><N who="2" m="11337" /><F26/><W11/><G115/><T41/><D30/><U43/><E47/><V72/><F72/><W53/><G53/><T127/><D127/><U54/><E54/><V70/><F70/><W61/><G95/><T122/><D122/><U100/><E100/><AGARI ba="2,0" hai="6,7,11,12,16,55,59,61,100,101,103" m="51307" machi="100" ten="30,2000,0" yaku="20,1,54,1" doraHai="17" who="3" fromWho="1" sc="217,0,18,-26,438,0,327,26" owari="217,-18.0,-8,-51.0,438,54.0,353,15.0" /></mjloggm>