<mjloggm ver="2.3"><GO type="169" lobby="0"/><UN n0="%E5%B0%B1%E6%B4%BB%E7%94%9F%40%E5%B7%9D%E6%9D%91%E8%BB%8D%E5%9B%A3" n1="%E9%88%B4%E4%BE%8D" n2="%E9%9D%92%E7%8C%AB" n3="%E7%B6%BE%E9%A6%99" dan="17,16,17,17" rate="2229.34,2053.95,2080.93,2229.06" sx="M,M,M,F"/><TAIKYOKU oya="0"/><INIT seed="0,0,0,4,4,39" ten="250,250,250,250" oya="0" hai0="117,87,118,44,61,23,124,127,82,10,54,130,50" hai1="27,115,45,43,103,97,32,53,7,69,12,93,40" hai2="72,92,91,5,29,38,22,95,33,129,51,98,113" hai3="132,128,135,64,37,74,9,116,18,56,101,6,60"/><T81/><D23/><U90/><E69/><V25/><F38/><W88/><G74/><T126/><D10/><U75/><E75/><V133/><F72/><W66/><G116/><T112/><D112/><U100/><E115/><V17/><F113/><W49/><G37/><T3/><D3/><U36/><E53/><V106/><F106/><W8/><G101/><T80/><D130/><U102/><E40/><V67/><F133/><N who="3" m="51275" /><G128/><T109/><D109/><U83/><E83/><V15/><F67/><N who="3" m="39303" /><G49/><T26/><D26/><U99/><E27/><V35/><F129/><W78/><G78/><T104/><D104/><U30/><E30/><V122/><F122/><W57/><G57/><T13/><D13/><U84/><REACH who="1" step="1"/><E32/><REACH who="1" ten="250,240,250,250" step="2"/><V59/><F35/><W110/><G110/><T20/><D61/><U65/><E65/><V41/><F33/><W107/><G107/><T46/><D46/><U121/><E121/><V52/><F95/><W47/><G64/><T58/><D58/><U68/><E68/><V131/><F131/><W21/><G66/><T42/><D54/><U86/><E86/><V114/><F114/><W31/><G47/><T0/><D87/><U62/><E62/><V134/><F134/><W70/><G31/><T77/><D77/><U48/><E48/><V1/><F29/><W73/><G73/><T4/><D118/><U76/><E76/><V16/><F59/><W123/><G70/><T11/><D117/><U71/><E71/><V125/><F52/><W111/><G123/><T55/><D55/><U79/><E79/><V2/><F92/><W105/><G111/><RYUUKYOKU ba="0,1" sc="250,15,240,15,250,-15,250,-15" hai0="0,4,11,20,42,44,50,80,81,82,124,126,127" hai1="7,12,36,43,45,84,90,93,97,99,100,102,103" /><INIT seed="0,1,1,5,3,22" ten="265,255,235,235" oya="0" hai0="28,98,117,100,97,127,101,102,37,74,78,93,52" hai1="90,125,54,75,130,84,116,120,128,77,106,65,17" hai2="68,53,122,73,47,91,20,56,118,38,59,134,63" hai3="113,88,26,24,27,110,66,129,50,81,44,5,55"/><T72/><D117/><U112/><E120/><V60/><F73/><W40/><G113/><T51/><D37/><U4/><E112/><V0/><F0/><W10/><G129/><T14/><D127/><U12/><E116/><V86/><F122/><W21/><G66/><T48/><D48/><U85/><E106/><V96/><F134/><W104/><G104/><T57/><D78/><U3/><E75/><V35/><F35/><W34/><G34/><T87/><D28/><U82/><E65/><V25/><F68/><W6/><G110/><T126/><D126/><U69/><E69/><V94/><F118/><W121/><G121/><T36/><D36/><U32/><E32/><V13/><F13/><N who="3" m="5327" /><G6/><T46/><D46/><U19/><E125/><V18/><F38/><W95/><G81/><T83/><D14/><U76/><E4/><V80/><F47/><W1/><G1/><T29/><D29/><U45/><E3/><V2/><F2/><W92/><G92/><T108/><D108/><U133/><E133/><V70/><F70/><W105/><G105/><T103/><REACH who="0" step="1"/><D97/><REACH who="0" ten="255,255,235,235" step="2"/><U131/><E12/><V41/><F41/><W132/><G132/><T107/><D107/><U61/><E45/><V49/><REACH who="2" step="1"/><F59/><REACH who="2" ten="255,255,225,235" step="2"/><W42/><G21/><T135/><D135/><U7/><E128/><V16/><F16/><N who="1" m="6217" /><E7/><V99/><F99/><AGARI ba="1,3" hai="24,26,27,40,42,44,50,55,88,95,99" m="5327" machi="99" ten="30,8000,1" yaku="8,1,52,3,54,1" doraHai="22" who="3" fromWho="2" sc="255,0,255,0,225,-83,235,113" /><INIT seed="1,0,0,5,0,83" ten="255,255,142,348" oya="1" hai0="106,121,67,72,63,0,86,90,28,36,57,24,29" hai1="34,54,103,41,40,45,31,53,80,119,21,118,109" hai2="42,73,13,10,37,30,18,8,104,66,134,51,81" hai3="102,93,101,122,78,17,33,65,115,131,99,116,76"/><U95/><E34/><V129/><F104/><W43/><G122/><T5/><D121/><U120/><E120/><V84/><F37/><W107/><G115/><T105/><D72/><U89/><E109/><V132/><F73/><W46/><G33/><T59/><D36/><U61/><E103/><V71/><F30/><W22/><G116/><T100/><D100/><U60/><E80/><V50/><F129/><W27/><G65/><T55/><D5/><U85/><E118/><V39/><F39/><W35/><G35/><T68/><D0/><U3/><E3/><V62/><F8/><W7/><G7/><T56/><D55/><N who="1" m="21003" /><E119/><V112/><F112/><W11/><G11/><T124/><D124/><U113/><E113/><V15/><F15/><W14/><G14/><T23/><REACH who="0" step="1"/><D28/><REACH who="0" ten="245,255,142,348" step="2"/><U58/><E41/><V117/><F117/><W70/><G102/><T91/><D91/><U87/><E40/><V75/><F75/><W88/><G131/><T1/><D1/><U38/><E38/><V108/><F108/><W127/><G127/><T123/><D123/><U110/><E110/><V49/><REACH who="2" step="1"/><F42/><REACH who="2" ten="245,255,132,348" step="2"/><W2/><G43/><T6/><D6/><U48/><E31/><V4/><F4/><W98/><G107/><T133/><D133/><U20/><E45/><V92/><F92/><AGARI ba="0,2" hai="23,24,29,56,57,59,63,67,68,86,90,92,105,106" machi="92" ten="40,2600,0" yaku="1,1,52,1,53,0" doraHai="83" doraHaiUra="125" who="0" fromWho="2" sc="245,46,255,0,132,-26,348,0" /><INIT seed="2,0,0,2,2,42" ten="291,255,106,348" oya="2" hai0="125,51,66,39,64,124,120,78,38,98,25,134,47" hai1="100,29,74,99,103,15,114,84,80,81,57,110,115" hai2="105,33,127,8,20,126,37,12,22,53,4,69,60" hai3="76,90,121,89,50,40,23,106,71,21,91,95,3"/><V92/><F33/><W94/><G106/><T34/><D78/><N who="1" m="44119" /><E29/><V43/><F105/><W96/><G71/><T36/><D34/><U131/><E57/><N who="2" m="34863" /><F69/><W82/><G3/><T19/><D98/><U35/><E15/><V128/><F92/><W30/><G121/><T45/><D25/><U102/><E35/><V31/><F31/><W117/><G117/><T26/><D19/><U111/><E99/><V113/><F113/><N who="1" m="43017" /><E131/><V6/><F6/><W65/><G65/><N who="0" m="25195" /><D26/><U32/><E32/><V61/><F61/><W112/><G112/><T27/><D27/><U101/><E101/><V63/><F63/><W0/><G0/><T122/><D134/><U41/><E41/><V10/><F10/><W17/><G30/><T13/><D13/><U62/><E62/><V88/><F128/><W59/><G21/><T24/><D24/><U132/><E132/><V87/><F43/><W9/><G9/><T67/><D67/><U108/><E103/><V44/><F37/><W14/><G95/><T2/><D2/><U73/><E73/><V16/><F4/><W130/><G130/><T129/><D129/><U58/><E58/><V97/><F97/><W18/><G17/><T77/><D77/><AGARI ba="0,0" hai="77,81,84,100,102,108,110,111" m="43017,44119" machi="77" ten="40,5200,0" yaku="14,1,34,2" doraHai="42" who="1" fromWho="0" sc="291,-52,255,52,106,0,348,0" /><INIT seed="3,0,0,5,0,67" ten="239,307,106,348" oya="3" hai0="88,61,102,80,26,124,56,108,2,28,119,50,65" hai1="19,70,23,40,89,84,122,21,104,3,43,85,131" hai2="14,58,76,99,36,121,117,1,72,115,49,35,64" hai3="10,39,7,128,25,22,63,52,132,129,48,42,11"/><W62/><G39/><T92/><D108/><U4/><E104/><V68/><F1/><W111/><G111/><T114/><D119/><U79/><E122/><V51/><F35/><W106/><G106/><T82/><D2/><U74/><E74/><V18/><F36/><W57/><G132/><T96/><D124/><U30/><E70/><V20/><F117/><W33/><G33/><T127/><D127/><U41/><E4/><V55/><F115/><W71/><G42/><T60/><D114/><U94/><E131/><N who="3" m="50250" /><G7/><T66/><D50/><U29/><E3/><V95/><F121/><W109/><G109/><T110/><D110/><U90/><E79/><V86/><F72/><W105/><G105/><T9/><D9/><N who="3" m="3081" /><G71/><T59/><REACH who="0" step="1"/><D102/><REACH who="0" ten="229,307,106,348" step="2"/><U6/><E6/><V38/><F38/><W47/><G63/><T112/><D112/><U0/><E0/><V34/><F51/><W17/><G62/><T130/><D130/><U75/><E75/><V78/><F49/><W77/><G77/><T32/><AGARI ba="0,1" hai="26,28,32,56,59,60,61,65,66,80,82,88,92,96" machi="32" ten="20,8000,1" yaku="1,1,0,1,7,1,9,1,54,1,53,0" doraHai="67" doraHaiUra="107" who="0" fromWho="0" sc="229,90,307,-20,106,-20,348,-40" /><INIT seed="4,0,0,5,4,90" ten="319,287,86,308" oya="0" hai0="119,0,82,19,2,87,125,13,69,44,38,132,12" hai1="43,23,39,95,127,78,62,58,133,124,18,17,41" hai2="109,36,102,28,40,52,94,22,55,15,98,53,91" hai3="111,110,32,61,68,21,101,75,60,67,113,117,65"/><T134/><D69/><U114/><E78/><V99/><F109/><W108/><G117/><T80/><D119/><U85/><E133/><V70/><F70/><W57/><G32/><T128/><D128/><U71/><E71/><V47/><F15/><W49/><G75/><T56/><D125/><U45/><E41/><V16/><F28/><W4/><G4/><T6/><D56/><U48/><E114/><V26/><REACH who="2" step="1"/><F55/><REACH who="2" ten="319,287,76,308" step="2"/><W130/><G110/><T81/><D12/><U63/><E124/><V35/><F35/><W73/><G108/><T126/><D126/><U27/><E127/><V135/><F135/><W37/><G111/><T9/><D132/><U74/><E27/><V33/><F33/><W86/><G68/><T123/><D134/><U20/><E17/><V115/><F115/><W76/><G113/><T5/><D123/><U72/><E18/><V42/><F42/><W84/><G130/><T8/><D13/><U66/><E43/><V83/><F83/><W88/><G67/><T77/><D19/><U7/><E66/><V11/><F11/><W116/><G65/><T100/><D8/><U64/><E64/><V79/><F79/><W29/><G76/><T50/><D2/><U118/><E118/><V10/><F10/><W112/><G29/><T121/><D9/><U104/><E20/><V30/><F30/><W1/><G21/><T105/><D0/><U34/><E23/><V59/><F59/><W25/><G57/><T131/><D131/><U89/><E58/><V120/><F120/><W96/><G112/><T14/><D121/><U93/><E34/><RYUUKYOKU ba="0,1" sc="319,-10,287,-10,76,30,308,-10" hai2="16,22,26,36,40,47,52,53,91,94,98,99,102" /><INIT seed="5,1,1,1,2,127" ten="309,277,106,298" oya="1" hai0="130,80,50,90,6,135,54,47,97,102,26,120,93" hai1="55,123,95,89,32,81,131,68,23,42,110,108,43" hai2="34,117,79,92,37,28,105,3,61,64,41,16,8" hai3="9,59,24,114,39,22,0,73,104,86,53,75,83"/><U15/><E32/><V46/><F105/><W125/><G39/><T20/><D120/><U45/><E68/><V111/><F117/><W67/><G104/><T27/><D135/><U60/><E123/><V33/><F111/><W112/><G67/><T19/><D130/><U36/><E81/><V18/><F79/><N who="3" m="46463" /><G9/><T72/><D6/><U11/><E23/><V124/><F124/><W78/><G78/><T106/><D72/><U1/><E1/><V21/><F28/><N who="3" m="17431" /><G0/><T100/><D80/><U82/><E82/><V98/><F18/><W7/><G7/><T121/><D121/><U2/><E2/><V94/><F8/><W35/><G35/><T57/><D106/><U51/><E131/><V49/><F37/><W101/><G101/><T84/><D27/><U116/><E116/><V87/><F3/><W107/><G107/><T119/><D119/><U62/><E108/><V30/><F30/><W66/><G66/><T128/><D128/><U10/><E10/><V129/><F129/><W38/><G38/><T65/><D84/><N who="1" m="52647" /><E110/><V113/><F113/><N who="3" m="43627" /><G125/><T109/><D109/><U76/><E76/><V56/><F87/><W91/><G91/><T96/><D96/><U133/><E133/><V74/><F74/><W99/><G99/><T77/><D77/><U44/><E42/><V14/><REACH who="2" step="1"/><F94/><REACH who="2" ten="309,277,96,298" step="2"/><W12/><G12/><T71/><D71/><U29/><E29/><V4/><F4/><W17/><G17/><T13/><D13/><U48/><E36/><V103/><AGARI ba="1,2" hai="14,16,21,33,34,41,46,49,56,61,64,92,98,103" machi="103" ten="20,8000,1" yaku="1,1,0,1,7,1,54,1,53,1" doraHai="127" doraHaiUra="52" who="2" fromWho="2" sc="309,-21,277,-41,96,103,298,-21" /><INIT seed="6,0,0,0,4,113" ten="288,236,199,277" oya="2" hai0="81,135,79,83,16,70,132,5,36,37,19,128,12" hai1="82,1,84,58,38,99,75,89,49,94,41,65,13" hai2="124,60,22,71,69,52,28,103,61,66,85,44,91" hai3="21,47,127,73,4,53,56,131,93,92,130,118,72"/><V112/><F112/><W7/><G118/><T76/><D70/><U120/><E1/><V121/><F121/><W32/><G47/><T45/><D45/><N who="1" m="25775" /><E38/><N who="0" m="14953" /><D5/><N who="3" m="2121" /><G32/><T27/><D27/><U133/><E133/><N who="0" m="51273" /><D128/><N who="3" m="49193" /><G21/><N who="0" m="11399" /><D19/><U46/><E120/><V88/><F103/><W48/><G127/><T55/><D55/><U25/><E46/><V20/><F124/><W119/><G119/><T77/><AGARI ba="0,0" hai="76,77,79,81,83" m="11399,51273,14953" machi="77" ten="40,2700,0" yaku="20,1,54,1" doraHai="113" who="0" fromWho="0" sc="288,27,236,-7,199,-13,277,-7" /><INIT seed="7,0,0,2,2,44" ten="315,229,186,270" oya="3" hai0="109,82,36,42,53,57,43,13,34,66,83,61,71" hai1="49,0,129,6,2,59,17,112,3,8,50,48,60" hai2="128,126,47,84,25,80,122,134,91,24,64,132,23" hai3="127,93,19,72,28,119,81,120,114,22,123,11,124"/><W130/><G93/><T45/><D109/><U29/><E129/><V68/><F128/><W65/><G65/><T108/><D108/><U67/><E112/><V89/><F126/><N who="3" m="48171" /><G130/><T51/><D34/><U88/><E29/><V37/><F122/><N who="3" m="46635" /><G81/><T38/><D38/><U135/><E135/><V70/><F91/><W5/><G72/><T73/><D43/><U74/><E74/><V110/><F110/><W18/><G119/><T92/><D73/><U111/><E111/><V121/><F121/><W32/><G32/><T12/><D92/><U10/><REACH who="1" step="1"/><E88/><REACH who="1" ten="315,219,186,270" step="2"/><V125/><F125/><W107/><G114/><T9/><D12/><AGARI ba="0,1" hai="0,2,3,6,8,10,12,17,48,49,50,59,60,67" machi="12" ten="40,12000,2" yaku="1,1,2,1,52,3,53,1" doraHai="44" doraHaiUra="63" who="1" fromWho="0" sc="315,-120,219,130,186,0,270,0" owari="195,-20.0,349,44.0,186,-31.0,270,7.0" /></mjloggm>