<mjloggm ver="2.3"><GO type="41" lobby="0"/><UN n0="%E5%B0%B1%E6%B4%BB%E7%94%9F%40%E5%B7%9D%E6%9D%91%E8%BB%8D%E5%9B%A3" n1="%E6%96%A7%E4%B9%83%E6%9C%A8%E4%BD%99%E6%8E%A5" n2="%47%75%72%65%6E%6E" n3="%E3%81%93%E3%81%82%E3%81%BF" dan="18,14,13,14" rate="2205.95,1995.28,1805.87,2032.28" sx="M,F,M,M"/><TAIKYOKU oya="0"/><INIT seed="0,0,0,3,5,55" ten="250,250,250,250" oya="0" hai0="126,57,25,78,21,73,94,82,133,93,111,112,85" hai1="58,87,107,104,96,34,109,59,16,39,130,29,128" hai2="72,86,7,71,115,13,4,22,24,36,15,18,108" hai3="5,102,8,14,37,63,90,119,97,26,12,60,124"/><T46/><D112/><U40/><E109/><V62/><F115/><W88/><G119/><T117/><D117/><U31/><E87/><V10/><F108/><W69/><G37/><T66/><D111/><U106/><E96/><V44/><F72/><W47/><G124/><T101/><D126/><U100/><E100/><V0/><F36/><W65/><G47/><T67/><D133/><U9/><E39/><V35/><F44/><W30/><G14/><T122/><D122/><U51/><E40/><V27/><F86/><W53/><G53/><T33/><D33/><U120/><E51/><V2/><F62/><W103/><G63/><N who="0" m="38255" /><D73/><U54/><E54/><V56/><F56/><N who="1" m="21545" /><E120/><V28/><F71/><W105/><G103/><T121/><D121/><U43/><E43/><V77/><F77/><W61/><REACH who="3" step="1"/><G61/><REACH who="3" ten="250,250,250,240" step="2"/><T20/><D101/><U48/><E48/><V42/><REACH who="2" step="1"/><F42/><REACH who="2" ten="250,250,240,240" step="2"/><W113/><G113/><T45/><D67/><U32/><E32/><AGARI ba="0,2" hai="5,8,12,26,30,32,60,65,69,88,90,97,102,105" machi="32" ten="30,8000,1" yaku="1,1,7,1,25,2,54,1,53,0" doraHai="55" doraHaiUra="125" who="3" fromWho="1" sc="250,0,250,-80,240,0,240,100" /><INIT seed="1,0,0,1,3,75" ten="250,170,240,340" oya="1" hai0="19,132,21,94,89,60,52,22,62,14,6,119,43" hai1="104,12,53,100,80,66,50,70,40,34,130,93,109" hai2="113,110,79,13,96,32,65,11,39,126,124,76,48" hai3="23,51,88,35,78,30,95,114,67,117,10,5,47"/><U135/><E135/><V20/><F32/><W84/><G114/><T73/><D119/><U7/><E130/><V28/><F110/><W0/><G117/><T112/><D73/><U98/><E109/><V91/><F113/><W69/><G78/><N who="2" m="29737" /><F39/><W61/><G35/><T115/><D43/><U27/><E40/><V29/><F65/><W111/><G111/><T15/><D132/><U46/><E80/><V125/><F48/><W99/><G23/><T82/><D82/><U2/><E2/><V107/><F20/><W77/><G77/><T16/><D6/><U116/><E116/><V121/><F121/><W118/><G30/><T85/><D60/><U4/><E104/><V131/><F131/><W49/><G118/><T1/><D1/><U127/><E127/><V9/><F9/><W57/><G69/><T17/><D17/><U102/><E34/><V101/><F91/><W97/><REACH who="3" step="1"/><G51/><REACH who="3" ten="250,170,240,330" step="2"/><T56/><AGARI ba="0,1" hai="14,15,16,19,21,22,52,56,62,85,89,94,112,115" machi="56" ten="30,7900,0" yaku="0,1,9,1,54,2" doraHai="75" who="0" fromWho="0" sc="250,89,170,-39,240,-20,330,-20" /><INIT seed="2,0,0,1,4,80" ten="339,131,220,310" oya="2" hai0="8,131,112,47,27,60,66,113,16,53,104,125,115" hai1="121,99,24,70,18,122,133,132,63,110,93,134,108" hai2="87,17,68,117,73,19,95,101,49,130,123,33,26" hai3="45,81,11,30,88,76,54,91,21,51,46,65,67"/><V85/><F73/><W126/><G126/><T56/><D104/><U52/><E24/><V58/><F68/><W128/><G128/><T107/><D107/><U40/><E40/><V2/><F117/><W55/><G11/><T111/><D125/><U77/><E77/><V57/><F123/><N who="1" m="47113" /><E18/><V50/><F2/><W92/><G30/><T74/><D74/><U97/><E70/><V135/><F33/><W36/><G21/><T3/><D131/><U59/><E97/><N who="2" m="59583" /><F135/><N who="1" m="34561" /><U48/><DORA hai="79" /><E63/><V90/><F130/><W109/><G109/><T7/><D111/><U32/><E32/><V43/><F43/><W62/><G36/><T5/><D5/><U22/><E22/><N who="2" m="13647" /><F19/><W28/><G28/><T120/><D120/><U86/><E86/><N who="2" m="32779" /><F90/><AGARI ba="0,0" hai="48,52,59,90,93,99,108,110" m="34561,47113" machi="90" ten="50,6400,0" yaku="13,1,20,1,54,1" doraHai="80,79" who="1" fromWho="2" sc="339,0,131,64,220,-64,310,0" /><INIT seed="3,0,0,5,0,91" ten="339,195,156,310" oya="3" hai0="54,48,116,44,46,89,57,27,70,66,8,19,126" hai1="113,40,94,21,109,60,2,102,79,53,41,50,131" hai2="134,65,128,93,24,135,31,75,125,87,97,90,85" hai3="5,4,1,14,43,47,132,106,105,129,101,45,18"/><W56/><G132/><N who="2" m="50729" /><F65/><W76/><G129/><T39/><D116/><U118/><E113/><V69/><F69/><W74/><G47/><T30/><D126/><U38/><E118/><V58/><F58/><W42/><G42/><T49/><D39/><U51/><E131/><V55/><F55/><W28/><G28/><T0/><D70/><U36/><E2/><V20/><F128/><W119/><G119/><T86/><D66/><U7/><E7/><V121/><F121/><W3/><G56/><T12/><D0/><U67/><E109/><V68/><F68/><W26/><G26/><T117/><D117/><U71/><E79/><V29/><F125/><W23/><G4/><T13/><D13/><U10/><E10/><V16/><F75/><W96/><G1/><T115/><D115/><U98/><E21/><V77/><F77/><W100/><G76/><T120/><D120/><U37/><REACH who="1" step="1"/><E51/><REACH who="1" ten="339,185,156,310" step="2"/><V107/><F107/><W127/><G106/><T9/><D49/><U22/><E22/><V73/><F73/><W112/><G74/><T92/><D9/><U108/><E108/><V123/><F123/><W15/><G3/><T104/><D104/><U122/><E122/><V84/><AGARI ba="0,1" hai="16,20,24,29,31,84,85,87,90,93,97" m="50729" machi="84" ten="30,4000,0" yaku="20,1,52,1,54,1" doraHai="91" who="2" fromWho="2" sc="339,-10,185,-10,156,50,310,-20" /><INIT seed="4,0,0,0,1,61" ten="329,175,206,290" oya="0" hai0="55,81,72,80,21,36,89,49,0,112,99,34,35" hai1="119,53,124,40,32,133,65,92,90,86,30,126,91" hai2="23,79,135,108,38,78,121,74,96,6,50,27,8" hai3="97,103,14,132,60,113,75,67,44,4,11,114,56"/><T9/><D36/><U58/><E119/><V131/><F121/><W18/><G75/><T129/><D112/><N who="3" m="43113" /><G44/><T109/><D129/><U10/><E40/><V5/><F38/><W52/><G132/><T31/><D72/><U84/><E133/><V76/><F108/><W19/><G52/><T62/><D62/><U77/><E77/><V12/><F74/><W73/><G73/><T20/><D20/><U37/><E37/><V117/><F117/><W28/><G28/><T24/><D81/><U63/><E10/><V3/><F135/><W116/><G116/><T88/><D109/><U120/><E120/><V125/><F125/><N who="1" m="48233" /><E30/><V87/><F131/><W104/><AGARI ba="0,0" hai="4,11,14,18,19,56,60,67,97,103,104" m="43113" machi="104" ten="30,2000,0" yaku="15,1,52,1" doraHai="61" who="3" fromWho="3" sc="329,-10,175,-5,206,-5,290,20" /><INIT seed="5,0,0,2,5,91" ten="319,170,201,310" oya="1" hai0="6,111,3,45,14,120,104,20,114,97,26,12,36" hai1="39,48,117,84,53,1,127,55,95,27,67,23,7" hai2="64,96,132,43,25,0,30,5,11,4,69,31,19" hai3="49,38,37,21,44,109,32,73,131,9,8,74,121"/><U42/><E117/><V65/><F43/><W128/><G32/><T134/><D111/><U40/><E127/><V98/><F4/><W46/><G109/><T99/><D120/><U68/><E39/><V112/><F132/><W63/><G49/><T100/><D114/><U77/><E1/><V115/><F19/><W62/><REACH who="3" step="1"/><G21/><REACH who="3" ten="319,170,201,300" step="2"/><T116/><D116/><U119/><E119/><V35/><F35/><W108/><G108/><T124/><D20/><U94/><E7/><V50/><F50/><W61/><G61/><T51/><D51/><U87/><E68/><V57/><F69/><W33/><G33/><T22/><D6/><U58/><E67/><V103/><F65/><W78/><G78/><T126/><D22/><U118/><E118/><V82/><F64/><W34/><G34/><T16/><D36/><U17/><E77/><V47/><F115/><W10/><G10/><T76/><D76/><U122/><E122/><AGARI ba="0,1" hai="8,9,37,38,44,46,62,63,73,74,121,122,128,131" machi="122" ten="25,3200,0" yaku="1,1,22,2,53,0" doraHai="91" doraHaiUra="72" who="3" fromWho="1" sc="319,0,170,-32,201,0,300,42" /><INIT seed="6,0,0,2,0,66" ten="319,138,201,342" oya="2" hai0="128,16,79,68,115,132,117,135,82,33,71,92,94" hai1="127,133,100,30,130,18,121,122,56,3,111,88,44" hai2="80,8,74,39,101,51,76,11,65,106,34,104,95" hai3="84,13,27,23,2,32,134,83,113,107,87,37,70"/><V102/><F34/><W69/><G37/><T114/><D33/><U26/><E111/><V124/><F39/><W99/><G2/><T5/><D5/><U125/><E3/><V14/><F65/><W62/><G62/><T73/><D128/><U109/><E109/><V58/><F124/><N who="1" m="47689" /><E100/><V43/><F106/><W103/><G134/><N who="0" m="51243" /><D117/><U108/><E108/><V78/><F78/><W77/><G113/><N who="0" m="43019" /><D16/><U19/><E130/><V6/><F104/><W31/><G87/><T22/><D22/><N who="1" m="15703" /><E133/><V28/><F28/><W46/><G46/><T45/><D45/><U55/><E44/><V72/><F74/><W63/><G63/><T9/><D9/><U89/><E19/><V15/><F95/><AGARI ba="0,0" hai="68,71,73,79,82,92,94,95" m="43019,51243" machi="95" ten="30,7700,0" yaku="20,1,15,1,52,2" doraHai="66" who="0" fromWho="2" sc="319,77,138,0,201,-77,342,0" /><INIT seed="7,0,0,0,1,76" ten="396,138,124,342" oya="3" hai0="92,112,57,70,104,114,81,5,0,34,31,32,67" hai1="2,38,127,39,110,16,111,9,33,85,130,20,17" hai2="1,120,8,12,6,47,96,62,54,68,83,103,29" hai3="73,98,106,102,87,94,64,71,134,56,48,40,27"/><W131/><G131/><T36/><D104/><U117/><E130/><V100/><F120/><W116/><G116/><T53/><D36/><U124/><E117/><V72/><F29/><W15/><G134/><T23/><D67/><U115/><E33/><V61/><F1/><W24/><G73/><T80/><D70/><U126/><E115/><N who="0" m="44073" /><D92/><U55/><E55/><V84/><F72/><W19/><G71/><T22/><D5/><N who="1" m="1207" /><E85/><V97/><F68/><W133/><G133/><T46/><D46/><U132/><E132/><V65/><F65/><W123/><G123/><T86/><D0/><U41/><E41/><V44/><F54/><W78/><G40/><T43/><D43/><U28/><E38/><V13/><F47/><W30/><G30/><T11/><D11/><U121/><E39/><V66/><F44/><W25/><G106/><T3/><D3/><U58/><E121/><V90/><F13/><W7/><G7/><T105/><D81/><U4/><E4/><V118/><F118/><W69/><G69/><T37/><D37/><U51/><E51/><V79/><F79/><W10/><G48/><N who="0" m="30887" /><D105/><U14/><E58/><N who="2" m="37175" /><F62/><N who="3" m="37959" /><G27/><N who="0" m="18559" /><D34/><U119/><E119/><V135/><F135/><W95/><G95/><T99/><D99/><AGARI ba="0,0" hai="6,8,12,83,84,90,96,97,99,100,103" m="37175" machi="99" ten="30,2000,0" yaku="8,1,52,1" doraHai="76" who="2" fromWho="0" sc="396,-20,138,0,124,20,342,0" owari="376,48.0,138,-36.0,144,-26.0,342,14.0" /></mjloggm>