<mjloggm ver="2.3"><GO type="169" lobby="0"/><UN n0="%E5%B9%B3%E4%BA%95%E9%8A%80%E4%BA%8C" n1="%E3%82%B7%E3%83%B3%E3%83%87%E3%83%AB%E3%83%A9" n2="%E3%82%A6%E3%83%AB%E3%83%88%E3%83%A9%E7%AB%8B%E7%9B%B4" n3="%E3%82%AB%E3%83%96%E3%83%88" dan="17,17,17,17" rate="2108.59,2157.57,2205.52,2201.14" sx="F,F,M,M"/><TAIKYOKU oya="0"/><INIT seed="0,0,0,4,3,31" ten="250,250,250,250" oya="0" hai0="92,28,105,57,39,99,16,81,41,127,108,128,78" hai1="122,133,117,38,10,109,40,104,63,111,120,94,61" hai2="49,130,27,56,132,3,79,43,82,66,119,76,75" hai3="5,8,88,125,115,18,34,55,97,68,114,24,4"/><T50/><D105/><U19/><E104/><V36/><F130/><W60/><G125/><T1/><D128/><U77/><E77/><V87/><F132/><W74/><G74/><T103/><D127/><U6/><E19/><V23/><F119/><W22/><G34/><T89/><D1/><U64/><E94/><V9/><F36/><W100/><G4/><T52/><D108/><N who="1" m="41547" /><E10/><V70/><F70/><W84/><G100/><T95/><D28/><U0/><E6/><V44/><F3/><W121/><G121/><N who="1" m="46698" /><E0/><V91/><F9/><W37/><G97/><T25/><D92/><U46/><E117/><V14/><F14/><W131/><G131/><T29/><D29/><U73/><E73/><V80/><F80/><W98/><G98/><T106/><D106/><U102/><E102/><V113/><F75/><W72/><G72/><T90/><D78/><U48/><E133/><V32/><F32/><W21/><G21/><T110/><D110/><U51/><E63/><N who="2" m="38247" /><F113/><W35/><G35/><T112/><D112/><U118/><E118/><V93/><F93/><N who="3" m="54407" /><G115/><T83/><D83/><U59/><AGARI ba="0,0" hai="38,40,46,48,51,59,61,64" m="46698,41547" machi="59" ten="30,4000,0" yaku="14,1,34,2" doraHai="31" who="1" fromWho="1" sc="250,-20,250,40,250,-10,250,-10" /><INIT seed="1,0,0,5,4,15" ten="230,290,240,240" oya="1" hai0="31,56,114,127,111,97,130,35,13,131,103,42,63" hai1="52,34,77,62,73,48,11,132,118,28,113,100,112" hai2="115,7,119,17,91,79,14,25,98,68,72,29,12" hai3="125,94,104,0,30,43,85,101,45,44,33,69,84"/><U121/><E118/><V55/><F119/><W24/><G0/><T105/><D114/><U1/><E121/><V65/><F115/><W106/><G69/><T47/><D127/><U120/><E120/><V122/><F122/><W135/><G125/><T126/><D126/><U92/><E132/><V54/><F72/><W108/><G135/><T8/><D111/><U23/><E34/><V46/><F79/><W78/><G108/><T59/><D31/><U134/><E134/><V22/><F68/><W109/><G109/><T3/><D3/><U128/><E128/><N who="0" m="49193" /><D63/><U96/><E62/><V51/><F65/><W66/><G66/><T53/><D53/><U80/><E28/><V32/><F7/><W88/><G45/><T71/><D35/><U75/><E75/><V26/><REACH who="2" step="1"/><F55/><REACH who="2" ten="230,290,230,240" step="2"/><W86/><G78/><T39/><D71/><U124/><E124/><V83/><F83/><W117/><G117/><T87/><D87/><U90/><E113/><V57/><F57/><W64/><G64/><T70/><D70/><U37/><E112/><V133/><F133/><W82/><G85/><T60/><D60/><U89/><E37/><V2/><F2/><W18/><G84/><T49/><D39/><U27/><E52/><V76/><F76/><W38/><G82/><T16/><AGARI ba="0,1" hai="8,13,16,42,47,49,56,59,97,103,105" m="49193" machi="16" ten="30,4000,0" yaku="19,1,52,1,54,1" doraHai="15" who="0" fromWho="0" sc="230,50,290,-20,230,-10,240,-10" /><INIT seed="2,0,0,5,5,24" ten="280,270,220,230" oya="2" hai0="5,51,67,103,112,73,105,11,101,23,92,40,116" hai1="56,43,78,97,45,111,90,131,66,122,118,49,26" hai2="29,0,25,19,4,48,82,42,50,87,130,99,35" hai3="135,127,68,93,39,89,22,57,53,52,102,123,16"/><V120/><F120/><W59/><G123/><T21/><D105/><U85/><E122/><V117/><F117/><W124/><G68/><T55/><D112/><U106/><E118/><V113/><F113/><W54/><G39/><T15/><D73/><U76/><E111/><V47/><F130/><W132/><G102/><T98/><D116/><U20/><E131/><V9/><F99/><N who="3" m="57775" /><G59/><T86/><D103/><U115/><E115/><V77/><REACH who="2" step="1"/><F19/><REACH who="2" ten="280,270,210,230" step="2"/><W128/><G128/><T61/><D98/><U108/><E97/><V60/><F60/><N who="3" m="35879" /><G135/><T28/><D61/><N who="1" m="38183" /><E108/><V2/><F2/><W129/><G132/><T18/><D101/><U31/><E106/><V33/><F33/><W30/><G129/><T17/><D67/><U133/><E133/><V94/><F94/><AGARI ba="0,1" hai="20,26,31,43,45,49,76,78,85,90,94" m="38183" machi="94" ten="30,2000,0" yaku="8,1,52,1" doraHai="24" who="1" fromWho="2" sc="280,0,270,30,210,-20,230,0" /><INIT seed="3,0,0,5,4,128" ten="280,300,190,230" oya="3" hai0="11,84,12,27,107,1,98,13,68,83,95,54,43" hai1="9,53,73,64,109,74,7,52,132,41,17,10,28" hai2="65,19,56,124,113,32,0,111,39,117,108,118,86" hai3="104,130,78,92,15,18,123,58,94,26,37,33,82"/><W61/><G123/><T42/><D107/><U45/><E109/><N who="2" m="42059" /><F32/><W81/><G104/><T35/><D68/><U14/><E64/><V100/><F0/><W30/><G37/><T46/><D1/><U90/><E28/><V63/><F100/><W23/><G130/><T112/><D112/><U69/><E69/><V51/><F86/><W20/><G33/><T62/><D35/><U31/><E31/><V121/><F19/><W3/><G3/><T115/><D115/><U4/><E17/><V72/><F72/><W91/><G78/><T110/><D110/><U134/><E90/><V93/><F93/><N who="3" m="35947" /><G91/><N who="0" m="51615" /><D27/><U101/><E101/><V29/><F29/><W135/><G135/><N who="1" m="51754" /><E74/><V131/><F113/><W85/><G85/><T66/><D66/><AGARI ba="0,0" hai="15,18,20,23,26,30,58,61,66,81,82" m="35947" machi="66" ten="30,1500,0" yaku="8,1" doraHai="128" who="3" fromWho="0" sc="280,-15,300,0,190,0,230,15" /><INIT seed="3,1,0,0,5,24" ten="265,300,190,245" oya="3" hai0="46,35,76,95,82,6,66,47,129,3,48,49,31" hai1="45,77,87,115,26,64,32,68,21,125,13,55,101" hai2="94,19,14,88,9,50,102,60,1,120,93,34,111" hai3="33,106,30,78,10,130,83,69,7,90,65,12,8"/><W121/><G121/><T107/><D107/><U71/><E115/><V70/><F120/><W74/><G106/><T40/><D129/><U113/><E113/><V53/><F111/><W54/><G130/><T29/><D35/><U56/><E125/><V84/><F34/><W126/><G126/><T99/><D66/><U28/><E101/><V96/><F1/><W15/><G54/><T112/><D112/><U57/><E45/><V108/><F108/><W17/><G65/><T118/><D118/><U41/><E41/><V20/><F70/><W38/><G38/><T109/><D109/><U42/><E42/><V43/><F43/><W59/><G69/><T98/><D98/><U116/><E64/><V85/><F60/><W5/><G59/><T18/><D18/><U89/><E77/><V97/><REACH who="2" step="1"/><F9/><REACH who="2" ten="265,300,180,245" step="2"/><W91/><REACH who="3" step="1"/><G7/><REACH who="3" ten="265,300,180,235" step="2"/><T133/><D6/><U132/><E71/><V117/><F117/><W25/><AGARI ba="1,2" hai="5,8,10,12,15,17,25,30,33,74,78,83,90,91" machi="25" ten="30,11700,0" yaku="1,1,2,1,0,1,52,1,53,0" doraHai="24" doraHaiUra="39" who="3" fromWho="3" sc="265,-40,300,-40,180,-40,235,140" /><INIT seed="3,2,0,2,3,55" ten="225,260,140,375" oya="3" hai0="17,133,80,27,8,0,75,79,86,92,62,98,132" hai1="32,127,10,16,124,65,85,18,118,70,99,44,97" hai2="64,122,43,56,21,24,59,91,37,51,119,126,88" hai3="26,93,130,33,50,22,58,57,72,52,128,114,82"/><W20/><G114/><T63/><D75/><U1/><E118/><V25/><F37/><W66/><G33/><T89/><D0/><U42/><E32/><V109/><F119/><W107/><G107/><T129/><D129/><N who="3" m="49769" /><G93/><T134/><REACH who="0" step="1"/><D27/><REACH who="0" ten="215,260,140,375" step="2"/><U67/><E1/><V54/><F122/><W61/><G26/><T112/><D112/><U34/><E124/><V28/><F126/><W73/><G73/><T6/><D6/><U29/><E127/><V7/><F7/><W95/><G95/><T94/><D94/><U19/><E34/><V81/><F109/><W105/><G105/><T76/><D76/><AGARI ba="2,1" hai="20,22,50,52,57,58,61,66,72,76,82" m="49769" machi="76" ten="30,11600,0" yaku="19,1,52,2,54,1" doraHai="55" who="3" fromWho="0" sc="215,-122,260,0,140,0,375,132" /><INIT seed="3,3,0,2,3,21" ten="93,260,140,507" oya="3" hai0="27,119,132,56,76,53,2,111,1,8,98,23,115" hai1="112,11,85,24,47,9,86,73,101,5,77,70,130" hai2="100,89,50,48,19,32,99,18,43,57,60,4,59" hai3="88,80,108,131,38,128,135,6,94,31,26,29,127"/><W41/><G127/><T16/><D119/><U49/><E112/><V22/><F32/><W103/><G135/><T110/><D115/><U25/><E130/><N who="3" m="49706" /><G108/><N who="0" m="41515" /><D132/><U55/><E70/><V91/><F4/><W129/><G129/><T15/><D98/><U0/><E101/><V3/><F3/><W109/><G109/><T117/><D76/><U58/><E11/><V74/><F74/><W44/><G6/><N who="0" m="3479" /><D117/><U134/><E134/><V36/><F36/><W113/><G113/><T105/><D105/><U125/><E125/><V13/><F100/><W133/><G133/><T30/><D56/><U106/><E106/><V69/><F69/><W35/><G103/><T93/><D93/><U34/><E34/><V123/><F123/><W63/><G80/><T33/><D53/><U39/><E86/><V10/><F99/><N who="3" m="57799" /><G63/><T7/><D7/><U20/><E85/><V92/><F60/><W97/><G97/><T124/><D124/><U82/><E20/><V46/><F92/><W126/><G126/><T122/><D122/><U121/><E121/><V45/><F91/><W52/><G52/><T87/><D87/><U116/><E116/><V14/><F89/><W68/><G68/><T61/><D61/><U65/><E65/><V114/><F114/><W81/><G81/><T102/><D102/><U75/><E75/><V62/><F62/><W71/><G71/><T12/><AGARI ba="3,0" hai="1,2,12,16,23,27,30,33" m="3479,41515" machi="12" ten="30,8000,1" yaku="14,1,34,2,52,1,54,1" doraHai="21" who="0" fromWho="0" sc="93,89,260,-23,140,-23,507,-43" /><INIT seed="4,0,0,4,5,99" ten="182,237,117,464" oya="0" hai0="127,47,5,2,21,19,31,120,33,84,66,134,109" hai1="3,81,16,29,73,15,39,25,32,58,4,35,121" hai2="101,96,44,63,104,115,108,125,30,77,131,74,38" hai3="54,95,10,69,61,51,89,72,37,78,40,64,36"/><T8/><D120/><U68/><E68/><V56/><F108/><W79/><G10/><T13/><D109/><U57/><E121/><V90/><F115/><W76/><G72/><T41/><D134/><U28/><E39/><V49/><F131/><W133/><G133/><T1/><D127/><U52/><E4/><V118/><F125/><W116/><G116/><T107/><D66/><U88/><E3/><V45/><F118/><W0/><G0/><T83/><D107/><U22/><E73/><V14/><F30/><W34/><G34/><T59/><D59/><U71/><E71/><V91/><F38/><W130/><G40/><T123/><D123/><U113/><E113/><V102/><F102/><W117/><G130/><T85/><D2/><U86/><E57/><V98/><F14/><W100/><G117/><T106/><D106/><U112/><E112/><V110/><F110/><W132/><G132/><T11/><D31/><U93/><E29/><V24/><F24/><W48/><G48/><T103/><D33/><N who="1" m="20623" /><E81/><V55/><F96/><W65/><G37/><N who="0" m="21935" /><D83/><U18/><E18/><V119/><F119/><W122/><G36/><T97/><D11/><U27/><E27/><V62/><F45/><N who="3" m="28015" /><G122/><T26/><D1/><U46/><E46/><V94/><F94/><W92/><G69/><T7/><D7/><U105/><E105/><V20/><F20/><W23/><G23/><T12/><D26/><U67/><E67/><N who="2" m="39367" /><F63/><W42/><G61/><T129/><D129/><U50/><AGARI ba="0,0" hai="15,16,22,32,35,50,52,58,86,88,93" m="20623" machi="50" ten="30,7900,0" yaku="25,1,54,3" doraHai="99" who="1" fromWho="1" sc="182,-39,237,79,117,-20,464,-20" /><INIT seed="5,0,0,0,4,54" ten="143,316,97,444" oya="1" hai0="3,91,38,36,134,45,63,98,15,9,65,52,100" hai1="50,81,113,55,111,64,112,29,49,17,96,44,104" hai2="128,86,106,60,21,35,59,94,90,66,120,131,123" hai3="69,16,33,61,28,48,133,25,13,124,11,102,130"/><U105/><E111/><V51/><F35/><W46/><G133/><T12/><D134/><U125/><E125/><V39/><F39/><W121/><G121/><T43/><D36/><U2/><E2/><V47/><F106/><W30/><G124/><T31/><D31/><U95/><E29/><V101/><F101/><W114/><G114/><N who="1" m="44138" /><E64/><V82/><F21/><W110/><G110/><T77/><D77/><U92/><E17/><V122/><REACH who="2" step="1"/><F82/><REACH who="2" ten="143,316,87,444" step="2"/><W127/><G102/><T71/><D38/><U107/><E81/><V87/><F87/><W76/><G127/><T129/><D100/><N who="1" m="60447" /><E92/><V115/><F115/><W1/><G33/><T37/><D37/><U56/><E107/><V108/><F108/><W78/><G11/><T8/><D8/><U109/><E109/><V41/><AGARI ba="0,1" hai="41,47,51,59,60,66,86,90,94,120,122,123,128,131" machi="41" ten="40,5200,0" yaku="1,1,0,1,52,1,53,0" doraHai="54" doraHaiUra="93" who="2" fromWho="2" sc="143,-13,316,-26,87,62,444,-13" /><INIT seed="6,0,0,3,2,115" ten="130,290,149,431" oya="2" hai0="99,20,41,6,131,52,43,121,49,54,11,1,46" hai1="0,4,110,89,44,18,124,13,64,128,60,73,82" hai2="9,90,65,15,29,36,91,68,5,87,8,2,108" hai3="123,12,48,76,58,112,107,129,34,133,40,114,125"/><V63/><F36/><W53/><G107/><T127/><D121/><U92/><E110/><V74/><F74/><W66/><G34/><T100/><D131/><U30/><E128/><V27/><F108/><W75/><G129/><T50/><D127/><U101/><E30/><V106/><F106/><W69/><G123/><T116/><D116/><U135/><E135/><V71/><F71/><W85/><G75/><T80/><D20/><U104/><E0/><V24/><F87/><W97/><G133/><T102/><D80/><U45/><E4/><V132/><F132/><W118/><G118/><T39/><D39/><U55/><E55/><V37/><F37/><W83/><G125/><T26/><D26/><U119/><E119/><V72/><F72/><W21/><G40/><T96/><D96/><U84/><E124/><V134/><F134/><W94/><G69/><T120/><D120/><U79/><E101/><V47/><F47/><W93/><G66/><T19/><D19/><U22/><E104/><V122/><F122/><W95/><G97/><T38/><D38/><U126/><E126/><V17/><REACH who="2" step="1"/><F27/><REACH who="2" ten="130,290,139,431" step="2"/><W3/><G85/><T109/><D109/><U81/><E73/><V78/><F78/><W70/><G76/><T42/><D99/><U7/><E79/><V105/><F105/><W61/><G70/><T28/><D28/><U23/><E45/><AGARI ba="0,1" hai="1,6,11,41,42,43,45,46,49,50,52,54,100,102" machi="45" ten="40,2600,0" yaku="9,1,54,1" doraHai="115" who="0" fromWho="1" sc="130,36,290,-26,139,0,431,0" /><INIT seed="7,0,0,2,3,63" ten="166,264,139,431" oya="3" hai0="80,30,117,59,22,57,11,3,51,77,68,47,118" hai1="120,50,106,44,123,107,31,119,55,71,94,24,67" hai2="1,6,101,133,16,125,25,75,89,41,61,65,23" hai3="58,2,43,112,54,102,84,131,134,12,98,20,27"/><W70/><G2/><T90/><D68/><U78/><E78/><V15/><F75/><W86/><G70/><T113/><D113/><U18/><E18/><V38/><F101/><W37/><G12/><T13/><D3/><U88/><E119/><V35/><F125/><W28/><G134/><T87/><D117/><U49/><E106/><V129/><F129/><W39/><G131/><T124/><D124/><U40/><E107/><V135/><F89/><W103/><G112/><T60/><D118/><U132/><E132/><N who="2" m="50763" /><F1/><W45/><G39/><T69/><D69/><U76/><E76/><V130/><F130/><W14/><G14/><T0/><D0/><U79/><E79/><V8/><F35/><W34/><G34/><T64/><D59/><U42/><E71/><N who="2" m="42415" /><F41/><W33/><G33/><T92/><D77/><U109/><E42/><V56/><F56/><W10/><G10/><T126/><D126/><U5/><E40/><V7/><F38/><W110/><G110/><T46/><D80/><U116/><E116/><V29/><AGARI ba="0,0" hai="6,7,8,15,16,23,25,29" m="42415,50763" machi="29" ten="30,4000,0" yaku="20,1,52,1,54,1" doraHai="63" who="2" fromWho="2" sc="166,-10,264,-10,139,40,431,-20" owari="156,-34.0,254,5.0,179,-22.0,411,51.0" /></mjloggm>