<mjloggm ver="2.3"><GO type="41" lobby="0"/><UN n0="%E5%B0%BF%E9%81%93%E7%82%8E" n1="%E5%8C%97%E5%AE%B6%E5%B8%B8%E9%80%A3" n2="%E5%B0%B1%E6%B4%BB%E7%94%9F%40%E5%B7%9D%E6%9D%91%E8%BB%8D%E5%9B%A3" n3="%67%6F%2D%6B%75%6E" dan="14,14,17,14" rate="1885.80,1957.05,2172.61,1942.79" sx="M,M,M,M"/><TAIKYOKU oya="0"/><INIT seed="0,0,0,1,1,86" ten="250,250,250,250" oya="0" hai0="55,122,129,71,119,90,19,34,130,25,123,16,20" hai1="102,66,52,4,48,105,57,27,124,56,44,91,99" hai2="134,70,42,125,54,26,93,43,74,126,115,77,84" hai3="13,92,29,30,32,60,2,45,31,7,15,82,81"/><T36/><D119/><U63/><E124/><V69/><F74/><W89/><G32/><T59/><D34/><U64/><E4/><V76/><F115/><W100/><G2/><T110/><D71/><U128/><E128/><N who="0" m="49257" /><D36/><U85/><E27/><V75/><F75/><W87/><G7/><T114/><D114/><U97/><E97/><V83/><F76/><W41/><G100/><T62/><D110/><U49/><E49/><V103/><F26/><W131/><G131/><T88/><D19/><U51/><E51/><V10/><F10/><W133/><G133/><T132/><D132/><U94/><REACH who="1" step="1"/><E57/><REACH who="1" ten="250,240,250,250" step="2"/><V108/><F134/><W23/><G60/><T17/><D17/><U8/><E8/><V3/><F125/><W106/><G23/><T46/><D46/><U5/><E5/><V120/><F126/><W112/><G112/><T40/><D40/><AGARI ba="0,1" hai="40,44,48,52,56,63,64,66,85,91,94,99,102,105" machi="40" ten="30,7700,0" yaku="1,1,7,1,52,1,54,1,53,0" doraHai="86" doraHaiUra="24" who="1" fromWho="0" sc="250,-77,240,87,250,0,250,0" /><INIT seed="1,0,0,2,4,89" ten="173,327,250,250" oya="1" hai0="132,115,75,81,14,105,84,12,5,78,23,118,71" hai1="27,3,62,74,46,113,101,56,8,21,9,67,98" hai2="52,65,102,88,110,30,107,11,33,0,123,119,108" hai3="26,73,59,70,7,125,80,111,17,120,29,63,38"/><U103/><E74/><V49/><F119/><W86/><G38/><T61/><D118/><U116/><E116/><V64/><F123/><W36/><G36/><T126/><D115/><U18/><E113/><V104/><F30/><W69/><G120/><T96/><D126/><U135/><E135/><V72/><F72/><W87/><G7/><T50/><D132/><U58/><E3/><V83/><F33/><W32/><G125/><T22/><D75/><U128/><E128/><V4/><F102/><W95/><G111/><N who="2" m="42537" /><F107/><W100/><G86/><T15/><D5/><U77/><E77/><V117/><F104/><W133/><G17/><T68/><D50/><U91/><E46/><N who="2" m="27703" /><F117/><W129/><G129/><T76/><D76/><U90/><E58/><V2/><F2/><W85/><G73/><T106/><D106/><U134/><E134/><V99/><F83/><W51/><G51/><T47/><D105/><U28/><E18/><V112/><F112/><W37/><G37/><T97/><D22/><U31/><E28/><V34/><F34/><W122/><G122/><T60/><D23/><U39/><E39/><V131/><F131/><W53/><G133/><T35/><D35/><U20/><E21/><V130/><F130/><W127/><G127/><T44/><D81/><U25/><E25/><V6/><F6/><W121/><G121/><T79/><D14/><U19/><E103/><V55/><F55/><W13/><G13/><T16/><D16/><U40/><E19/><V114/><F114/><W42/><G42/><T41/><D41/><U57/><E40/><V82/><F82/><RYUUKYOKU ba="0,0" sc="173,15,327,-15,250,15,250,-15" hai0="12,15,44,47,60,61,68,71,78,79,84,96,97" hai2="0,4,11,64,65,88,99" /><INIT seed="2,1,0,2,0,14" ten="188,312,265,235" oya="2" hai0="70,0,64,37,2,45,9,103,38,83,16,15,109" hai1="58,86,76,53,48,69,35,130,54,11,8,127,104" hai2="117,26,110,120,128,60,123,25,46,101,28,115,129" hai3="99,75,122,73,27,134,94,95,56,61,119,116,19"/><V10/><F101/><W49/><G122/><N who="2" m="46633" /><F46/><W63/><G134/><T91/><D109/><U30/><E69/><V20/><F60/><W36/><G36/><T135/><D135/><U34/><E104/><V33/><F115/><W17/><G27/><T118/><D118/><U82/><E35/><V89/><F89/><W24/><G24/><T100/><D100/><U111/><E111/><V40/><F40/><W121/><G121/><T5/><D103/><U133/><E133/><V97/><F97/><W96/><G49/><T87/><D45/><U126/><E34/><V105/><F105/><W112/><REACH who="3" step="1"/><G56/><REACH who="3" ten="188,312,265,225" step="2"/><T6/><D37/><U31/><E58/><V32/><F110/><W67/><G67/><T85/><D38/><U92/><E48/><V44/><F44/><W79/><G79/><T65/><D65/><U39/><E39/><V52/><F117/><W93/><G93/><T84/><D64/><U131/><E92/><V7/><F52/><N who="1" m="20073" /><E31/><N who="2" m="17831" /><F33/><W114/><AGARI ba="1,1" hai="17,19,61,63,73,75,94,95,96,99,112,114,116,119" machi="114" ten="25,12000,2" yaku="1,1,0,1,22,2,52,2,53,0" doraHai="14" doraHaiUra="78" who="3" fromWho="3" sc="188,-31,312,-31,265,-61,225,133" /><INIT seed="3,0,0,3,4,31" ten="157,281,204,358" oya="3" hai0="124,89,78,67,123,40,17,23,70,30,6,132,96" hai1="85,71,51,28,126,72,122,38,16,43,15,35,21" hai2="12,108,75,110,45,94,19,57,109,18,64,118,111" hai3="84,1,97,129,66,42,34,93,4,37,13,95,116"/><W86/><G116/><T127/><D123/><U120/><E126/><N who="0" m="48169" /><D132/><U82/><E71/><V39/><F118/><W50/><G1/><T77/><D6/><U25/><E72/><V117/><F117/><W133/><G37/><T104/><D30/><U87/><E38/><V121/><F121/><W135/><G66/><T53/><D40/><U5/><E87/><V48/><F75/><W131/><G42/><T54/><D70/><U107/><E107/><V114/><F114/><W0/><G50/><T49/><D67/><U69/><E69/><V56/><F39/><W20/><G0/><T44/><D54/><U59/><E5/><V106/><F106/><W41/><G41/><T102/><D89/><U112/><E112/><V119/><F119/><W11/><G20/><T3/><D3/><U8/><E21/><V47/><F64/><W29/><G95/><T101/><D101/><U9/><E9/><V73/><F73/><W36/><G36/><T65/><D65/><U60/><E60/><V125/><F125/><W113/><G113/><T52/><D53/><U32/><E32/><V55/><N who="2" m="28160" /><DORA hai="14" /><V99/><F47/><W74/><G74/><T62/><D62/><U92/><E92/><V81/><F81/><W58/><G135/><T61/><D61/><U83/><E83/><V100/><F12/><AGARI ba="0,0" hai="12,17,23,44,49,52,77,78,96,102,104" m="48169" machi="12" ten="30,3900,0" yaku="18,1,52,1,54,1" doraHai="31,14" who="0" fromWho="2" sc="157,39,281,0,204,-39,358,0" /><INIT seed="4,0,0,3,5,11" ten="196,281,165,358" oya="0" hai0="4,114,88,24,16,37,70,60,102,2,55,79,92" hai1="135,120,10,6,43,76,87,32,50,113,25,18,103" hai2="93,46,1,5,13,66,42,57,121,51,112,77,30" hai3="28,86,53,110,96,82,26,68,108,107,129,91,90"/><T130/><D37/><U101/><E120/><V73/><F121/><W100/><G68/><T17/><D114/><U62/><E135/><V52/><F112/><W115/><G129/><T44/><D130/><U109/><E109/><N who="3" m="42090" /><G53/><T54/><D102/><U21/><E32/><V123/><F123/><W118/><G115/><T15/><D79/><U59/><E113/><V64/><F1/><W40/><G40/><T58/><D2/><U8/><E8/><N who="2" m="4239" /><F73/><W39/><G39/><T78/><D78/><U74/><E74/><V49/><F30/><W0/><G0/><T31/><D70/><U106/><E106/><V9/><F77/><N who="3" m="46415" /><G118/><T131/><D131/><U41/><E41/><V27/><F27/><W19/><G19/><T48/><D4/><U125/><E125/><V98/><F9/><W29/><G29/><T89/><D92/><U80/><E62/><V63/><F63/><W12/><G26/><T105/><D105/><U75/><E75/><V65/><F65/><W22/><G22/><N who="0" m="15767" /><D17/><U7/><E7/><V14/><F14/><W95/><G12/><T81/><D81/><U99/><E6/><V83/><F83/><W119/><G28/><T36/><D36/><U38/><E38/><V71/><F71/><W122/><G122/><T116/><D116/><U117/><E117/><V128/><F128/><W23/><G119/><T61/><D61/><U20/><E18/><V85/><F85/><W34/><G34/><T111/><D111/><U127/><E87/><V134/><F134/><W72/><G107/><T126/><D126/><U45/><E127/><V132/><F132/><RYUUKYOKU ba="0,0" sc="196,15,281,-15,165,15,358,-15" hai0="15,16,44,48,54,55,58,60,88,89" hai2="42,46,49,51,52,57,64,66,93,98" /><INIT seed="4,1,0,5,3,63" ten="211,266,180,343" oya="0" hai0="24,18,134,57,99,71,128,133,66,32,117,87,0" hai1="27,35,64,132,94,124,70,48,93,42,113,86,20" hai2="4,34,68,116,98,88,45,50,39,51,19,47,33" hai3="40,119,78,17,109,46,108,69,22,85,96,92,126"/><T15/><D117/><U41/><E35/><V55/><F116/><W110/><G119/><T72/><D72/><U80/><E132/><N who="0" m="50793" /><D128/><U29/><E124/><V131/><F131/><W62/><G126/><T12/><D0/><U114/><E93/><V44/><F68/><W26/><G78/><T37/><D37/><U14/><E14/><V104/><F4/><W81/><G81/><T112/><D112/><N who="1" m="43115" /><E94/><N who="2" m="56647" /><F104/><W2/><G85/><T90/><D99/><U106/><E48/><N who="2" m="29063" /><F34/><W122/><G2/><T120/><D120/><U100/><E100/><V28/><F39/><W38/><G122/><T6/><D6/><U76/><E106/><V52/><F33/><W127/><G127/><T75/><D75/><U56/><E70/><V1/><F1/><W82/><G110/><T89/><D71/><U49/><E49/><N who="2" m="28719" /><F28/><W115/><G115/><T9/><D32/><U10/><E29/><V105/><F105/><W36/><G69/><T130/><D130/><U23/><E42/><N who="2" m="24951" /><F51/><W79/><G109/><T53/><D15/><U135/><E135/><V91/><F91/><N who="0" m="34826" /><D87/><U58/><E86/><V43/><F43/><W84/><G108/><T8/><D24/><U5/><E27/><V101/><F101/><W83/><G84/><T129/><D129/><U3/><E3/><V97/><F97/><W74/><G96/><T11/><D11/><U125/><E10/><V123/><F123/><W31/><G74/><T102/><D9/><U25/><E5/><V7/><F7/><W111/><G111/><T77/><D102/><U73/><E25/><V103/><F103/><W107/><G26/><RYUUKYOKU ba="1,0" sc="211,-10,266,-10,180,30,343,-10" hai2="19" /><INIT seed="5,2,0,2,5,75" ten="201,256,210,333" oya="1" hai0="109,69,0,88,107,127,52,132,35,90,2,105,120" hai1="47,131,13,29,55,126,7,61,115,34,32,39,18" hai2="9,31,104,57,50,92,87,129,114,122,12,53,108" hai3="46,36,95,81,102,112,121,85,60,40,128,123,86"/><U78/><E126/><V100/><F108/><W76/><G128/><T130/><RYUUKYOKU type="yao9" ba="2,0" sc="201,0,256,0,210,0,333,0" hai0="0,2,35,52,69,88,90,105,107,109,120,127,130,132" /><INIT seed="5,3,0,0,3,37" ten="201,256,210,333" oya="1" hai0="80,131,103,33,48,41,74,89,134,104,0,101,5" hai1="95,133,86,30,98,90,122,107,125,32,14,24,25" hai2="120,66,78,17,110,70,45,124,27,61,18,100,1" hai3="106,15,112,132,85,111,13,117,83,127,43,23,60"/><U96/><E122/><V16/><F120/><W71/><G106/><T113/><D131/><U99/><E133/><V47/><F124/><W97/><G111/><T88/><D134/><U118/><E118/><V82/><F110/><W46/><G127/><T65/><D113/><U62/><E125/><V53/><F1/><W35/><G35/><T8/><D33/><U129/><E129/><V130/><F130/><W11/><G97/><T119/><D119/><U67/><E14/><V92/><F53/><W3/><G3/><T94/><D104/><U69/><REACH who="1" step="1"/><E24/><REACH who="1" ten="201,246,210,333" step="2"/><V55/><F27/><W123/><G123/><T135/><D135/><U52/><E52/><V57/><F100/><AGARI ba="3,1" hai="25,30,32,62,67,69,86,90,95,96,98,99,100,107" machi="100" ten="40,7700,0" yaku="1,1,25,2,53,0" doraHai="37" doraHaiUra="50" who="1" fromWho="2" sc="201,0,246,96,210,-86,333,0" /><INIT seed="5,4,0,2,3,74" ten="201,342,124,333" oya="1" hai0="90,5,92,127,118,48,64,120,99,20,32,94,47" hai1="65,135,11,131,12,24,100,60,69,66,116,108,17" hai2="18,2,117,33,23,109,59,119,85,128,68,52,73" hai3="50,39,71,106,81,133,79,122,25,14,29,129,98"/><U55/><E116/><V97/><F73/><W13/><G39/><T53/><D118/><U7/><E135/><V26/><F68/><W77/><G122/><T93/><D127/><U107/><E131/><V83/><F128/><W96/><G129/><T75/><D32/><U41/><E108/><V91/><F109/><W15/><G71/><T112/><D112/><U46/><E66/><V44/><F2/><W43/><G133/><T105/><D120/><U121/><E121/><V8/><F33/><W22/><G81/><T36/><D75/><U125/><E125/><V72/><F72/><W49/><G106/><T84/><D105/><U10/><E55/><V126/><F126/><W89/><G49/><T67/><D5/><U38/><E24/><V124/><F124/><W61/><G61/><T80/><D36/><U88/><E107/><V63/><F8/><W130/><G130/><T27/><REACH who="0" step="1"/><D99/><REACH who="0" ten="191,342,124,333" step="2"/><U6/><E100/><V103/><REACH who="2" step="1"/><F44/><REACH who="2" ten="191,342,114,333" step="2"/><N who="3" m="25887" /><G98/><T3/><D3/><U82/><E46/><V104/><AGARI ba="4,2" hai="18,23,26,52,59,63,83,85,91,97,103,104,117,119" machi="104" ten="20,8000,1" yaku="1,1,0,1,7,1,54,1,53,1" doraHai="74" doraHaiUra="21" who="2" fromWho="2" sc="191,-24,342,-44,114,112,333,-24" /><INIT seed="6,0,0,2,0,105" ten="167,298,226,309" oya="2" hai0="106,100,19,113,130,3,114,8,28,112,48,72,0" hai1="110,57,68,116,108,94,55,122,15,95,25,135,61" hai2="131,111,73,70,1,52,11,78,31,54,124,104,97" hai3="128,51,88,133,34,76,71,27,18,93,43,49,44"/><V102/><F70/><W129/><G71/><T4/><D130/><N who="3" m="50281" /><G133/><T99/><D28/><U92/><E116/><V9/><F131/><W77/><G51/><T103/><D103/><U47/><E135/><V7/><F111/><W132/><G132/><T81/><D3/><U118/><E118/><V65/><F124/><W126/><G126/><T40/><D19/><U63/><E25/><V53/><F65/><W123/><G123/><T35/><D35/><U127/><E127/><V21/><F11/><W58/><G58/><T5/><D5/><U30/><E30/><V50/><F31/><N who="3" m="19839" /><G18/><T33/><D33/><U125/><E125/><V75/><F78/><W14/><G14/><T39/><D48/><U13/><E47/><V2/><F2/><W20/><G20/><T83/><D83/><U12/><E122/><V89/><F21/><W109/><G109/><T6/><D6/><U23/><E23/><V22/><F22/><W26/><G26/><T59/><D59/><U62/><E68/><V134/><F134/><W42/><G42/><T115/><N who="0" m="28672" /><DORA hai="82" /><T46/><REACH who="0" step="1"/><D81/><REACH who="0" ten="157,298,226,309" step="2"/><U41/><E110/><V101/><F101/><W121/><G121/><T37/><D37/><U91/><E108/><V117/><F117/><W66/><G49/><T64/><D64/><U80/><E41/><V29/><F29/><W32/><G66/><T84/><D84/><AGARI ba="0,1" hai="12,13,15,55,57,61,62,63,80,84,91,92,94,95" machi="84" ten="40,2600,0" yaku="8,1,52,1" doraHai="105,82" who="1" fromWho="0" sc="157,-26,298,36,226,0,309,0" /><INIT seed="7,0,0,2,3,36" ten="131,334,226,309" oya="3" hai0="118,30,107,75,44,0,94,73,43,66,105,96,126" hai1="104,52,121,131,33,29,6,32,108,128,93,53,35" hai2="24,102,97,67,132,83,7,42,92,21,50,31,81" hai3="14,101,82,62,84,22,16,8,51,112,115,17,124"/><W114/><G124/><T123/><D126/><U95/><E121/><V63/><F132/><W109/><G101/><T56/><D123/><U34/><E104/><V59/><REACH who="2" step="1"/><F7/><REACH who="2" ten="131,334,216,309" step="2"/><W74/><G109/><T2/><D118/><U110/><E6/><V3/><F3/><W19/><G74/><T61/><D2/><U28/><E110/><V125/><F125/><W106/><G106/><T89/><D0/><U1/><E1/><V70/><F70/><W39/><G39/><T100/><D30/><U20/><E108/><V87/><F87/><W117/><G117/><T80/><D80/><U49/><E29/><V90/><F90/><N who="3" m="51479" /><G51/><T40/><D105/><U122/><E122/><V48/><F48/><W113/><G113/><T76/><D76/><U127/><E127/><V41/><F41/><W37/><G37/><T85/><REACH who="0" step="1"/><D44/><AGARI ba="0,1" hai="21,24,31,42,44,50,59,63,67,81,83,92,97,102" machi="44" ten="40,12000,2" yaku="1,1,25,2,8,1,52,1,53,1" doraHai="36" doraHaiUra="57" who="2" fromWho="0" sc="131,-120,334,0,216,130,309,0" owari="11,-49.0,334,13.0,346,45.0,309,-9.0" /></mjloggm>