<mjloggm ver="2.3"><GO type="169" lobby="0"/><UN n0="%E3%81%97%E3%82%87%E3%81%BC%E3%82%93%EF%BD%8E" n1="%6A%75%6E%6F%6E" n2="%E3%83%88%E3%83%88%E3%83%AA%E5%85%88%E7%94%9F%31%39%E6%AD%B3" n3="%65%72%61%6E%76%69%74%61" dan="17,17,18,16" rate="2217.19,2086.60,2232.02,2130.60" sx="F,M,F,M"/><TAIKYOKU oya="0"/><INIT seed="0,0,0,0,5,116" ten="250,250,250,250" oya="0" hai0="42,8,73,86,119,90,85,3,117,102,15,83,20" hai1="56,18,1,57,68,64,37,67,63,5,29,113,122" hai2="10,109,123,9,50,38,71,54,39,89,48,81,110" hai3="84,65,19,21,91,35,61,6,62,66,70,87,78"/><T100/><D73/><U128/><E128/><V53/><F71/><W97/><G35/><T58/><D3/><U33/><E113/><V126/><F81/><W32/><G32/><T27/><D117/><U76/><E37/><V4/><F89/><W46/><G6/><T74/><D74/><U80/><E67/><V120/><REACH who="2" step="1"/><F4/><REACH who="2" ten="250,250,240,250" step="2"/><W132/><G70/><T98/><D119/><U108/><E5/><V0/><F0/><W28/><G91/><T17/><D90/><U12/><E1/><V133/><F133/><W103/><G132/><T26/><D83/><U11/><E80/><V94/><F94/><W59/><G78/><T25/><D100/><U127/><E76/><V51/><F51/><W31/><G103/><T111/><D111/><U30/><E108/><V40/><F40/><W49/><G49/><T47/><D102/><U129/><E68/><V22/><F22/><W131/><G21/><T52/><D20/><U104/><E33/><V99/><F99/><W112/><G97/><T96/><D96/><U118/><E118/><V43/><F43/><W125/><G112/><T41/><D98/><U95/><E95/><V107/><F107/><W44/><G131/><T115/><D115/><U88/><E129/><V45/><F45/><W106/><G106/><T14/><D47/><U75/><E104/><V135/><F135/><W92/><G92/><T7/><D42/><U2/><E88/><V34/><F34/><W69/><G46/><T24/><N who="0" m="6144" /><DORA hai="121" /><T79/><D41/><U105/><E105/><V36/><F36/><W60/><G44/><T72/><D79/><RYUUKYOKU ba="0,1" sc="250,-10,250,-10,240,30,250,-10" hai2="9,10,38,39,48,50,53,54,109,110,120,123,126" /><INIT seed="1,1,1,0,3,91" ten="240,240,270,240" oya="1" hai0="10,111,69,68,34,57,127,7,94,80,50,131,85" hai1="103,45,112,9,44,19,43,87,120,108,28,55,90" hai2="3,75,14,58,67,6,114,82,13,59,0,26,130" hai3="41,134,56,84,36,107,115,65,52,61,79,30,66"/><U22/><E112/><V32/><F114/><W27/><G107/><T47/><D34/><U40/><E120/><V95/><F130/><W102/><G102/><T88/><D131/><U1/><E108/><V105/><F105/><W54/><G115/><T15/><D111/><U60/><E103/><V37/><F37/><W35/><G134/><T8/><D127/><U122/><E122/><V25/><F75/><W70/><G66/><T17/><D57/><N who="1" m="34879" /><E1/><V129/><F129/><W73/><G73/><T133/><D133/><U71/><E9/><V16/><F82/><W31/><G31/><T96/><D10/><U49/><E28/><V118/><F67/><W132/><G132/><T106/><D106/><U86/><E71/><V83/><F83/><W97/><G70/><T21/><D47/><N who="1" m="17995" /><E49/><V12/><F32/><W53/><G36/><T18/><D50/><U104/><E104/><V11/><F118/><W4/><G4/><T93/><D18/><U110/><E110/><V124/><F124/><W81/><G41/><N who="1" m="15946" /><E90/><V24/><F0/><W42/><G42/><T74/><D74/><U109/><E109/><V98/><REACH who="2" step="1"/><F16/><REACH who="2" ten="240,240,260,240" step="2"/><W100/><G65/><T64/><D64/><U123/><E123/><V46/><F46/><W117/><G117/><T76/><REACH who="0" step="1"/><D94/><REACH who="0" ten="230,240,260,240" step="2"/><U48/><E48/><V126/><F126/><W62/><G62/><T33/><D33/><U119/><E119/><V99/><F99/><W121/><G121/><T20/><D20/><U77/><E22/><V135/><F135/><W78/><G97/><T125/><D125/><U89/><E19/><V29/><F29/><RYUUKYOKU ba="1,3" sc="230,15,240,-15,260,15,240,-15" hai0="7,8,15,17,21,68,69,76,80,85,88,93,96" hai2="3,6,11,12,13,14,24,25,26,58,59,95,98" /><INIT seed="2,2,3,4,1,89" ten="245,225,275,225" oya="2" hai0="87,90,4,102,83,99,134,111,51,113,84,114,105" hai1="9,98,65,21,57,35,128,59,94,46,18,33,22" hai2="121,101,67,132,8,11,2,91,62,129,38,29,60" hai3="37,36,71,45,39,53,27,122,103,25,0,34,72"/><V123/><F38/><W119/><G72/><T48/><D4/><U74/><E74/><V112/><F112/><W95/><G0/><T32/><D32/><U100/><E128/><V43/><F43/><W108/><G71/><T58/><D48/><U42/><E33/><V118/><F118/><W127/><G122/><T124/><D111/><U106/><E35/><V92/><F101/><W68/><G68/><T55/><D124/><U44/><E106/><V10/><F129/><W6/><G6/><T76/><REACH who="0" step="1"/><D134/><REACH who="0" ten="235,225,275,225" step="2"/><U1/><E1/><V50/><F132/><W120/><G108/><T79/><D79/><U116/><E116/><V23/><F2/><W64/><G37/><T86/><D86/><U49/><E44/><V125/><F125/><W135/><G119/><T131/><D131/><U30/><E30/><V110/><F110/><W97/><G127/><T104/><D104/><U77/><E77/><V28/><F50/><N who="3" m="28879" /><G135/><T31/><D31/><U17/><E17/><V115/><F28/><W82/><G34/><T15/><D15/><N who="1" m="7535" /><E65/><V26/><F115/><W69/><G39/><T63/><D63/><U56/><AGARI ba="2,4" hai="21,22,42,46,49,56,57,59,94,98,100" m="7535" machi="56" ten="30,2000,0" yaku="8,1,52,1" doraHai="89" who="1" fromWho="1" sc="235,-7,225,66,275,-12,225,-7" /><INIT seed="3,0,0,5,5,14" ten="228,291,263,218" oya="3" hai0="135,119,107,112,84,55,3,79,109,36,102,69,48" hai1="116,83,27,131,38,0,71,88,61,31,52,124,60" hai2="99,35,20,42,68,15,121,85,123,44,110,62,108" hai3="78,57,91,67,24,10,63,19,113,65,9,86,33"/><W64/><G113/><T128/><RYUUKYOKU type="yao9" ba="0,0" sc="228,0,291,0,263,0,218,0" hai0="3,36,48,55,69,79,84,102,107,109,112,119,128,135" /><INIT seed="3,1,0,5,2,94" ten="228,291,263,218" oya="3" hai0="41,56,97,119,19,57,102,88,108,60,51,47,64" hai1="104,130,50,21,45,49,63,107,114,133,95,68,43" hai2="116,7,44,100,38,113,24,72,20,126,55,66,118" hai3="31,78,90,62,112,77,128,99,92,65,52,17,58"/><W103/><G112/><T127/><D108/><U91/><E114/><V70/><F113/><W42/><G128/><T80/><D127/><U39/><E130/><V69/><F126/><W5/><G5/><T111/><D111/><U2/><E133/><V12/><F72/><W134/><G134/><T96/><D119/><U87/><E2/><V131/><F131/><W101/><G42/><T40/><D40/><U13/><E39/><V9/><F38/><W82/><G31/><T79/><D102/><U83/><E49/><V37/><F37/><W6/><G6/><T115/><D115/><U53/><E13/><V30/><F44/><W86/><G78/><T36/><D36/><U93/><E93/><V84/><F55/><W35/><G35/><T106/><D106/><U117/><E117/><V25/><F66/><W4/><G4/><T81/><D57/><U23/><E107/><V71/><F84/><W54/><G17/><T120/><D120/><U33/><E104/><V85/><F100/><AGARI ba="1,0" hai="52,54,58,62,65,77,82,86,90,92,99,100,101,103" machi="100" ten="40,7700,0" yaku="8,1,52,1,54,1" doraHai="94" who="3" fromWho="2" sc="228,0,291,0,263,-80,218,80" /><INIT seed="3,2,0,4,5,69" ten="228,291,183,298" oya="3" hai0="42,84,3,63,134,123,7,29,92,44,50,9,85" hai1="30,71,55,52,103,82,112,61,33,45,133,73,88" hai2="20,68,57,93,24,37,77,46,132,128,32,11,6" hai3="98,5,107,75,2,96,124,41,60,64,53,18,101"/><W131/><G75/><T70/><D123/><U34/><E112/><V23/><F68/><W74/><G74/><T56/><D134/><U95/><E133/><V135/><F128/><W40/><G131/><T118/><D118/><U10/><E103/><V65/><F32/><W48/><G124/><T1/><D70/><U78/><E10/><V38/><F23/><W26/><G98/><T35/><D1/><U126/><E126/><V15/><F132/><W115/><G115/><T51/><D29/><U120/><E120/><V16/><F135/><W25/><G5/><T109/><D35/><U119/><E119/><V108/><F108/><W91/><G91/><T116/><D116/><U127/><E127/><V130/><F130/><W22/><G2/><T113/><D109/><U105/><E105/><V97/><F77/><W86/><G86/><T80/><D113/><U89/><E89/><V31/><F46/><W12/><G12/><T81/><D51/><N who="1" m="28783" /><E30/><V83/><F83/><W79/><G79/><T94/><D81/><U17/><E17/><V102/><F6/><W110/><G110/><T72/><D84/><N who="1" m="52615" /><E71/><V76/><F76/><W14/><G107/><T4/><D72/><U104/><E104/><V121/><F121/><W13/><G101/><T99/><D4/><U28/><E28/><V125/><F125/><W36/><G96/><T39/><D99/><U43/><E43/><V21/><F11/><N who="3" m="6463" /><G41/><T66/><D39/><U106/><E106/><V122/><F122/><W49/><G40/><T114/><D114/><U59/><E73/><V47/><F47/><N who="3" m="27807" /><G36/><T0/><D0/><RYUUKYOKU ba="2,0" sc="228,10,291,10,183,10,298,-30" hai0="3,7,9,42,44,50,56,63,66,80,85,92,94" hai1="33,34,55,59,61,78,82" hai2="15,16,20,21,24,31,37,38,57,65,93,97,102" /><INIT seed="4,3,0,0,2,50" ten="238,301,193,268" oya="0" hai0="36,61,41,49,32,104,83,58,82,67,40,38,48" hai1="93,24,7,84,97,53,47,117,88,107,14,22,70" hai2="102,27,39,109,72,62,124,59,134,111,64,81,120" hai3="92,3,110,8,115,30,75,20,71,101,95,13,114"/><T129/><D104/><U130/><E117/><V123/><F102/><W132/><G75/><T10/><D32/><U63/><E130/><V37/><F27/><W19/><G71/><T133/><D10/><N who="1" m="4447" /><E70/><V98/><F98/><W125/><G110/><N who="2" m="41993" /><F81/><W131/><G131/><T34/><D34/><U56/><E107/><V94/><F94/><W116/><G116/><T73/><D129/><U16/><E47/><V0/><F0/><W52/><G101/><T76/><D36/><N who="2" m="13898" /><F72/><W55/><G132/><T87/><D133/><U69/><E69/><N who="2" m="42135" /><F134/><W128/><G128/><T100/><D100/><U15/><E15/><V126/><F59/><W96/><G96/><AGARI ba="3,0" hai="16,22,24,53,56,63,84,88,93,96,97" m="4447" machi="96" ten="30,7700,0" yaku="8,1,52,1,54,2" doraHai="50" who="1" fromWho="3" sc="238,0,301,86,193,0,268,-86" /><INIT seed="5,0,0,0,1,105" ten="238,387,193,182" oya="1" hai0="58,22,0,59,48,26,36,128,60,5,96,68,27" hai1="84,99,71,28,135,43,95,55,37,46,98,130,44" hai2="134,118,88,131,39,15,119,62,89,83,65,81,63" hai3="74,85,35,61,93,109,18,73,90,92,50,8,102"/><U40/><E130/><V103/><F39/><W67/><G35/><T25/><D36/><U69/><E135/><V24/><F131/><W4/><G109/><T9/><D128/><U1/><E1/><V31/><F134/><W133/><G133/><T6/><D6/><U79/><E28/><V125/><F103/><W12/><G50/><T21/><D68/><U75/><E75/><V101/><F101/><W116/><G116/><N who="2" m="44585" /><F125/><W66/><G66/><T38/><D38/><U2/><E55/><V113/><F113/><W87/><G4/><T114/><D114/><U77/><E2/><V53/><F15/><W11/><G11/><T32/><D32/><U115/><E37/><V129/><F129/><W126/><G126/><T107/><D107/><U100/><E100/><V70/><F53/><W3/><G3/><T57/><D96/><U120/><E84/><V17/><F17/><W7/><G7/><T47/><REACH who="0" step="1"/><D60/><REACH who="0" ten="228,387,193,182" step="2"/><U124/><E99/><V82/><F63/><W76/><G61/><T51/><D51/><U91/><E124/><V111/><F111/><W42/><G42/><AGARI ba="0,1" hai="0,5,9,21,22,25,26,27,42,47,48,57,58,59" machi="42" ten="40,1300,0" yaku="1,1,53,0" doraHai="105" doraHaiUra="13" who="0" fromWho="3" sc="228,23,387,0,193,0,182,-13" /><INIT seed="6,0,0,2,2,99" ten="251,387,193,169" oya="2" hai0="0,71,34,19,20,32,101,127,80,70,72,64,135" hai1="113,36,78,134,6,42,96,15,44,16,102,118,24" hai2="39,100,68,88,43,65,130,23,7,48,2,124,49" hai3="76,63,109,29,75,22,4,91,94,126,121,69,14"/><V74/><F74/><W11/><G109/><T52/><D0/><U120/><E118/><V105/><F130/><W46/><G121/><T8/><D8/><U10/><E134/><V110/><F110/><W50/><G126/><T5/><D5/><U79/><E120/><V115/><F115/><W41/><G75/><T35/><D135/><U90/><E90/><V26/><F124/><W12/><G76/><T40/><D40/><U106/><E113/><V55/><F7/><W89/><G69/><T114/><D80/><U25/><E25/><V128/><F2/><W133/><G133/><T93/><D64/><U59/><E59/><V108/><F128/><W60/><G89/><T132/><D72/><U87/><E87/><V104/><F108/><W84/><REACH who="3" step="1"/><G14/><REACH who="3" ten="251,387,193,159" step="2"/><N who="0" m="9335" /><D70/><U122/><E122/><V57/><F88/><W66/><G66/><T33/><D71/><U27/><E15/><V1/><F1/><W95/><G95/><T73/><D93/><U45/><E79/><V97/><F105/><W129/><G129/><T56/><D73/><U117/><E78/><V103/><F68/><W17/><G17/><T28/><D127/><U92/><E106/><V51/><F65/><W111/><G111/><T86/><D132/><U38/><E92/><V119/><F119/><W112/><G112/><T58/><D114/><U21/><E117/><V31/><F100/><W30/><G30/><T9/><D28/><U85/><E102/><V123/><F123/><W131/><G131/><T125/><D101/><U54/><E16/><V47/><AGARI ba="0,1" hai="23,26,31,39,43,47,48,49,51,55,57,97,103,104" machi="47" ten="30,3000,0" yaku="0,1,52,1" doraHai="99" who="2" fromWho="2" sc="251,-10,387,-10,193,40,159,-10" /><INIT seed="6,1,0,0,0,57" ten="241,377,233,149" oya="2" hai0="82,20,102,122,126,4,62,39,34,114,128,132,97" hai1="81,95,101,99,8,63,123,48,60,67,29,71,30" hai2="75,27,121,47,115,134,41,54,1,3,10,117,61" hai3="68,69,87,106,73,15,32,66,79,135,85,24,93"/><V103/><F117/><W91/><G106/><T31/><D122/><U35/><E123/><V16/><F121/><W130/><G135/><T86/><D39/><U45/><E35/><V2/><F134/><W37/><G37/><T119/><D132/><U52/><E63/><V89/><F75/><W0/><G0/><T80/><D119/><U6/><E81/><V124/><F115/><W120/><G120/><T21/><D114/><U12/><AGARI ba="1,0" hai="6,8,12,29,30,45,48,52,60,67,71,95,99,101" machi="12" ten="20,5200,0" yaku="0,1,7,1,52,1,54,1" doraHai="57" who="1" fromWho="1" sc="241,-14,377,55,233,-27,149,-14" /><INIT seed="7,0,0,2,1,114" ten="227,432,206,135" oya="3" hai0="51,83,18,57,90,78,26,105,47,22,54,8,80" hai1="34,43,52,81,50,56,123,75,62,58,111,74,127" hai2="40,6,82,17,10,131,134,121,11,12,120,61,48" hai3="132,84,15,87,33,107,102,42,31,133,64,65,37"/><W101/><G37/><T45/><D105/><U9/><E56/><V130/><F134/><N who="3" m="51819" /><G42/><T96/><D8/><U55/><E52/><V23/><F61/><W92/><G107/><T71/><D71/><U16/><E50/><V63/><F63/><W85/><G33/><T108/><D108/><U124/><E81/><N who="0" m="31305" /><D78/><U118/><E111/><V97/><F48/><W129/><G129/><N who="2" m="49161" /><F40/><W21/><G92/><AGARI ba="0,0" hai="18,22,26,45,47,51,54,57,90,92,96" m="31305" machi="92" ten="30,1000,0" yaku="8,1" doraHai="114" who="0" fromWho="3" sc="227,10,432,0,206,0,135,-10" owari="237,4.0,432,52.0,206,-19.0,125,-37.0" /></mjloggm>