<mjloggm ver="2.3"><GO type="169" lobby="0"/><UN n0="%E6%97%A5%E6%9B%9C%E6%97%A5%E3%82%88%E3%82%8A%E3%81%AE%E4%BD%BF%E8%80%85" n1="%74%61%72%6F%33%39%30%30" n2="%E8%A6%9A%E9%86%92%E3%82%B9%E3%83%9A%E3%82%A2" n3="%E3%83%88%E3%83%88%E3%83%AA%E5%85%88%E7%94%9F%31%39%E6%AD%B3" dan="17,18,16,19" rate="2201.56,2175.84,2049.57,2266.15" sx="M,M,M,F"/><TAIKYOKU oya="0"/><INIT seed="0,0,0,0,2,36" ten="250,250,250,250" oya="0" hai0="31,112,8,67,120,44,59,94,92,135,93,1,41" hai1="63,33,96,78,25,110,105,28,131,17,66,7,77" hai2="111,99,9,20,53,34,37,2,102,90,114,101,51" hai3="82,52,19,134,49,56,18,125,27,86,98,6,40"/><T50/><D112/><U81/><E110/><V126/><F111/><W117/><G117/><T54/><D120/><U58/><E131/><V119/><F37/><W62/><G134/><T107/><D135/><U13/><E7/><V79/><F34/><W55/><G125/><T69/><D107/><U84/><E105/><V87/><F126/><W42/><G6/><T80/><D31/><U127/><E96/><V106/><F101/><W124/><G98/><T24/><D24/><U72/><E127/><V10/><F79/><W118/><G118/><T113/><D113/><U11/><E72/><V85/><F119/><W57/><G124/><T21/><D21/><U76/><AGARI ba="0,0" hai="11,13,17,25,28,33,58,63,66,76,77,78,81,84" machi="76" ten="20,1500,0" yaku="0,1,7,1" doraHai="36" who="1" fromWho="1" sc="250,-7,250,15,250,-4,250,-4" /><INIT seed="1,0,0,2,5,40" ten="243,265,246,246" oya="1" hai0="130,19,88,131,66,99,96,41,133,1,55,97,128" hai1="35,116,82,32,134,59,92,29,95,11,124,72,118" hai2="76,6,121,83,93,120,114,89,12,54,56,60,53" hai3="49,61,108,70,112,20,78,25,18,80,2,45,68"/><U84/><E72/><V100/><F114/><W101/><G112/><T135/><D1/><U64/><E134/><N who="0" m="51209" /><D66/><U107/><E107/><V81/><F100/><W16/><G2/><T46/><D55/><U75/><E75/><V109/><F109/><W127/><G127/><T65/><D65/><U27/><E32/><V36/><F36/><W22/><G101/><T23/><D88/><U123/><E123/><V62/><F6/><W86/><G108/><T73/><D73/><U102/><E124/><V43/><F43/><W0/><G0/><T30/><D30/><U13/><E95/><V38/><F38/><W33/><G33/><T91/><D91/><U21/><E35/><V26/><F26/><W87/><G87/><T105/><D105/><U10/><E102/><V122/><F12/><W98/><G61/><T90/><D90/><U129/><E92/><V5/><F5/><W15/><REACH who="3" step="1"/><G98/><REACH who="3" ten="243,265,246,236" step="2"/><T50/><D99/><U132/><E132/><V8/><F120/><W79/><G79/><T85/><D85/><U51/><E84/><V42/><F76/><W39/><G39/><T7/><D7/><U57/><E118/><V24/><F122/><W34/><G34/><T104/><D104/><U4/><E116/><V77/><F77/><W69/><G69/><T37/><D37/><U58/><E4/><V14/><F121/><W31/><G31/><T111/><D111/><U113/><E29/><V103/><F103/><W106/><G106/><T28/><D28/><U67/><E113/><V3/><F3/><W119/><G119/><T17/><D17/><U74/><E74/><RYUUKYOKU ba="0,1" sc="243,15,265,-15,246,-15,236,15" hai0="19,23,41,46,50,96,97,128,130,131" hai3="15,16,18,20,22,25,45,49,68,70,78,80,86" /><INIT seed="2,1,1,5,2,90" ten="258,250,231,251" oya="2" hai0="121,68,76,109,83,6,110,125,134,124,75,93,104" hai1="4,113,108,30,111,72,8,63,55,126,86,2,123" hai2="102,128,60,5,52,103,89,49,73,50,69,48,35" hai3="105,42,131,66,13,34,56,117,120,112,54,25,41"/><V67/><F73/><W81/><G117/><T45/><D68/><U22/><E72/><V37/><F37/><W16/><G120/><T118/><D6/><U130/><E113/><V21/><F35/><W79/><G105/><T71/><D71/><U58/><E123/><V97/><F128/><W115/><G66/><T51/><D121/><U95/><E130/><V7/><F89/><W135/><G135/><T39/><D39/><U82/><E126/><N who="0" m="48745" /><D104/><U107/><E107/><V59/><F21/><W116/><G116/><T62/><D62/><U46/><E46/><V101/><REACH who="2" step="1"/><F97/><REACH who="2" ten="258,250,221,251" step="2"/><W91/><G91/><T38/><D38/><U47/><E22/><V24/><F24/><W133/><G25/><T70/><D118/><U17/><E111/><V57/><F57/><W84/><G34/><T15/><D70/><U98/><E108/><V1/><F1/><W127/><G131/><T80/><D134/><U77/><E47/><V11/><F11/><N who="3" m="6207" /><G133/><T12/><D110/><U64/><E8/><V132/><F132/><W27/><G27/><T61/><D109/><U96/><E2/><V74/><F74/><W122/><G122/><T18/><D75/><U19/><E58/><V20/><F20/><W85/><G127/><T87/><D15/><U33/><E33/><V3/><F3/><W99/><G99/><T114/><D12/><U28/><E98/><V26/><F26/><W31/><G84/><T44/><D87/><U23/><E96/><V53/><F53/><W92/><G54/><T88/><D88/><U36/><E86/><V10/><F10/><W43/><G85/><RYUUKYOKU ba="1,2" sc="258,-10,250,-10,221,30,251,-10" hai2="5,7,48,49,50,52,59,60,67,69,101,102,103" /><INIT seed="2,2,2,4,5,134" ten="248,240,251,241" oya="2" hai0="67,55,116,70,130,132,65,64,113,13,31,51,69" hai1="9,15,23,56,43,12,5,131,16,103,30,99,57" hai2="10,79,87,59,92,8,117,126,18,62,102,118,83" hai3="93,111,47,129,0,54,125,38,60,76,36,48,29"/><V105/><F105/><W1/><G111/><T7/><D113/><U11/><E131/><V110/><F110/><W78/><G129/><T32/><D130/><U63/><E43/><V53/><F126/><W42/><G125/><T120/><D120/><U122/><E122/><V80/><F80/><W49/><G29/><T14/><D132/><U39/><E39/><V135/><F135/><W66/><G38/><T91/><D116/><U26/><REACH who="1" step="1"/><E63/><REACH who="1" ten="248,230,251,241" step="2"/><V124/><F118/><W114/><G36/><T90/><D70/><U88/><E88/><V119/><F117/><W45/><G114/><T27/><D69/><U20/><E20/><V94/><F119/><W33/><G33/><T4/><D91/><U109/><E109/><V101/><F102/><W89/><G1/><T85/><D90/><U72/><E72/><V95/><F101/><W86/><G0/><T77/><D77/><U71/><E71/><AGARI ba="2,3" hai="42,45,47,48,49,54,60,66,71,76,78,86,89,93" machi="71" ten="30,1000,0" yaku="7,1" doraHai="134" who="3" fromWho="1" sc="248,0,230,-16,251,0,241,46" /><INIT seed="3,0,0,2,5,60" ten="248,214,251,287" oya="3" hai0="85,72,98,50,21,124,118,120,64,41,63,56,93" hai1="78,11,107,5,6,44,112,59,95,105,34,38,12" hai2="45,36,77,125,104,52,132,30,82,114,127,17,134" hai3="7,99,102,29,96,54,71,27,90,35,13,19,81"/><W117/><G117/><T24/><D72/><U80/><E112/><V1/><F104/><W83/><G71/><T108/><D118/><U89/><E34/><V116/><F114/><W0/><G54/><T18/><D108/><U128/><E128/><V40/><F116/><W28/><G28/><T129/><D129/><U109/><E109/><V76/><F1/><W88/><G7/><T58/><D124/><N who="2" m="47690" /><F30/><W22/><G0/><T74/><D74/><U33/><E33/><V70/><F70/><W8/><G35/><T100/><D120/><U2/><E59/><V31/><F31/><W51/><G51/><T69/><REACH who="0" step="1"/><D85/><REACH who="0" ten="238,214,251,287" step="2"/><U94/><E2/><V115/><F115/><W4/><G4/><T32/><D32/><U67/><E5/><V3/><F3/><W43/><G43/><T113/><D113/><U48/><E6/><V25/><F40/><W9/><G9/><T131/><D131/><U23/><E11/><V20/><F134/><W75/><G75/><T68/><D68/><U133/><E133/><V135/><F132/><W126/><G126/><T110/><D110/><U14/><E23/><V122/><F135/><W73/><G73/><T103/><D103/><U57/><E38/><V49/><F36/><W65/><G102/><T119/><D119/><U26/><E12/><V111/><F111/><W42/><G13/><T39/><D39/><U55/><E14/><V66/><F122/><W62/><G8/><T87/><D87/><U123/><E123/><V15/><F15/><W61/><G22/><T97/><D97/><U46/><E26/><V79/><F25/><RYUUKYOKU ba="0,1" sc="238,30,214,-10,251,-10,287,-10" hai0="18,21,24,41,50,56,58,63,64,69,93,98,100" /><INIT seed="4,1,1,4,0,28" ten="268,204,241,277" oya="0" hai0="117,67,40,135,8,7,85,2,61,21,76,79,31" hai1="51,42,39,112,18,108,96,70,33,81,119,19,41" hai2="29,3,12,47,105,52,14,93,74,114,87,86,53" hai3="25,111,72,11,118,54,98,35,110,43,123,101,124"/><T17/><D117/><U78/><E108/><V95/><F105/><W106/><G118/><T121/><D121/><U104/><E119/><V15/><F3/><W75/><G123/><T120/><D120/><U126/><E70/><V20/><F74/><N who="3" m="28203" /><G54/><N who="2" m="21097" /><F47/><W113/><G113/><T133/><D40/><U130/><E112/><V9/><F114/><W82/><G82/><T23/><D31/><U30/><E39/><V71/><F71/><W62/><G62/><T44/><D44/><U32/><E30/><V58/><F58/><W131/><G25/><N who="0" m="14511" /><D23/><U24/><E24/><N who="2" m="16519" /><F9/><W103/><G11/><T64/><D85/><AGARI ba="1,1" hai="12,14,15,85,86,87,93,95" m="16519,21097" machi="85" ten="30,2000,0" yaku="8,1,54,1" doraHai="28" who="2" fromWho="0" sc="268,-23,204,0,241,33,277,0" /><INIT seed="5,0,0,1,3,104" ten="245,204,274,277" oya="1" hai0="36,109,14,57,120,65,23,31,75,117,33,64,40" hai1="37,116,131,51,99,3,38,48,32,102,35,76,66" hai2="2,12,123,118,59,95,49,94,30,69,5,58,124" hai3="114,113,126,21,101,78,9,13,86,127,4,18,54"/><U46/><E116/><V1/><F69/><W70/><G70/><T25/><D109/><U50/><E3/><V125/><F118/><W68/><G68/><T77/><D117/><U67/><E76/><V79/><F30/><W119/><G119/><T91/><D120/><U41/><E131/><V44/><F79/><W7/><G101/><T22/><D91/><U130/><E130/><V73/><F12/><W135/><G54/><T74/><D77/><U39/><E46/><V8/><F123/><W106/><G106/><T55/><D40/><U6/><E6/><V115/><F73/><W111/><G4/><T88/><D36/><U71/><E41/><V42/><F2/><W129/><G129/><T34/><D34/><U10/><E10/><V93/><REACH who="2" step="1"/><F115/><REACH who="2" ten="245,204,264,277" step="2"/><W26/><G78/><T28/><D75/><U85/><E71/><V133/><F133/><W96/><G135/><T90/><D74/><U92/><REACH who="1" step="1"/><E85/><REACH who="1" ten="245,194,264,277" step="2"/><V17/><F17/><N who="3" m="8367" /><G86/><T83/><D31/><U29/><E29/><V53/><F53/><W62/><G7/><T98/><D55/><U47/><E47/><V87/><F87/><W20/><G18/><T132/><D132/><U81/><E81/><V16/><F16/><W108/><G113/><T105/><D83/><U89/><E89/><V84/><F84/><W45/><G114/><T11/><D88/><U60/><E60/><V43/><F43/><W63/><G45/><T134/><D134/><U19/><E19/><V128/><F128/><W15/><G62/><N who="0" m="37967" /><D90/><U61/><E61/><V72/><F72/><W112/><G112/><T97/><D28/><RYUUKYOKU ba="0,2" sc="245,-15,194,15,264,15,277,-15" hai1="32,35,37,38,39,48,50,51,66,67,92,99,102" hai2="1,5,8,42,44,49,58,59,93,94,95,124,125" /><INIT seed="5,1,2,3,0,93" ten="230,209,279,262" oya="1" hai0="127,27,114,128,83,103,40,88,31,8,48,119,126" hai1="7,111,46,44,59,113,28,18,75,96,25,77,72" hai2="45,106,5,61,104,85,87,108,42,17,81,57,12" hai3="54,41,94,69,117,24,73,43,58,3,38,115,33"/><U39/><E113/><V131/><F5/><W0/><G73/><T76/><D119/><U32/><E111/><V62/><F108/><W11/><G69/><T135/><D114/><U95/><E7/><V34/><F34/><W84/><G115/><T124/><D128/><U82/><E72/><V80/><F80/><W10/><G117/><T52/><D135/><U49/><E39/><V15/><F15/><W21/><G33/><N who="0" m="20735" /><D103/><U13/><E59/><V125/><F125/><W133/><G133/><T6/><D40/><N who="3" m="15433" /><G0/><N who="0" m="71" /><D88/><U63/><E63/><V89/><F85/><W68/><G68/><T109/><D109/><U121/><E49/><V91/><F89/><N who="3" m="53543" /><G38/><T67/><D67/><U37/><E121/><V56/><F131/><W129/><G3/><T9/><D9/><U134/><E37/><V16/><F104/><W78/><G78/><T116/><D116/><U107/><E107/><V36/><F106/><W60/><G129/><T14/><D14/><U47/><E134/><V92/><F81/><W1/><G1/><T70/><D70/><U55/><E55/><V100/><F100/><W71/><G71/><T132/><D132/><U53/><E53/><V35/><F36/><W26/><G26/><T105/><D105/><U65/><E65/><V23/><F12/><W30/><AGARI ba="1,2" hai="10,11,21,24,30,54,58,60" m="53543,15433" machi="30" ten="30,1100,0" yaku="8,1" doraHai="93" who="3" fromWho="3" sc="230,-4,209,-6,279,-4,262,34" /><INIT seed="6,0,0,4,3,56" ten="226,203,275,296" oya="2" hai0="70,81,135,2,100,39,88,75,92,93,61,33,23" hai1="54,1,108,127,72,48,32,99,94,91,80,73,37" hai2="126,27,52,130,125,107,22,13,59,50,35,128,0" hai3="64,110,57,9,19,117,120,20,53,71,15,11,131"/><V10/><F0/><W14/><G110/><T24/><D2/><U122/><E108/><V132/><F35/><W68/><G117/><T60/><D39/><U17/><E37/><V84/><F84/><W46/><G120/><T12/><D70/><U51/><E1/><V89/><F89/><W45/><G131/><N who="2" m="50217" /><F107/><W123/><G123/><T58/><D135/><U119/><E122/><V109/><F109/><W98/><G64/><T5/><D33/><U102/><E119/><V31/><F132/><W121/><G121/><T82/><D75/><U95/><E32/><V103/><F103/><W66/><G66/><N who="0" m="39191" /><D61/><U63/><E127/><V111/><F111/><W133/><G68/><T83/><D100/><U43/><E73/><V21/><F21/><W79/><G71/><T104/><D104/><U101/><E72/><V49/><F49/><N who="3" m="30895" /><G79/><T124/><D124/><U8/><E101/><V36/><F36/><W96/><G20/><T25/><D23/><U78/><E78/><V90/><F90/><W85/><G85/><N who="0" m="52239" /><D93/><U40/><E94/><V55/><F55/><W30/><G133/><T74/><D74/><U3/><E3/><V28/><F28/><W67/><G30/><T134/><D134/><U129/><E129/><V26/><F26/><W113/><G98/><T62/><D62/><U16/><E99/><V38/><F38/><W76/><G96/><T65/><D65/><U18/><E102/><V44/><F44/><N who="3" m="17003" /><G67/><T47/><D47/><U4/><E95/><V29/><F29/><W34/><G34/><T6/><D12/><N who="3" m="4649" /><G76/><T105/><D105/><U118/><E118/><RYUUKYOKU ba="0,0" sc="226,15,203,-15,275,15,296,-15" hai0="5,6,24,25,81,82,83" hai2="10,13,22,27,31,50,52,59,125,126" /><INIT seed="6,1,0,1,2,41" ten="241,188,290,281" oya="2" hai0="73,104,103,31,101,42,125,3,27,45,130,113,30" hai1="19,86,96,135,118,85,26,48,91,83,59,92,129" hai2="98,34,23,87,56,124,62,61,1,93,75,99,55" hai3="126,132,120,127,44,54,114,97,5,80,95,71,67"/><V14/><F1/><W79/><G120/><T111/><D111/><U11/><E118/><V53/><F34/><W69/><G132/><T2/><D73/><U106/><E135/><V115/><F75/><N who="3" m="43135" /><G67/><T18/><D104/><U47/><E129/><V4/><F115/><W15/><G114/><T110/><D110/><U100/><E59/><N who="2" m="35071" /><F124/><N who="3" m="47659" /><G15/><T46/><D113/><U24/><E11/><N who="2" m="4455" /><F23/><W20/><G5/><T90/><D125/><U60/><E60/><V74/><F74/><W128/><G20/><N who="0" m="13719" /><D2/><U13/><E13/><V76/><F76/><W121/><G121/><T63/><D3/><U8/><E8/><V35/><F35/><W17/><G17/><T40/><D63/><U116/><E19/><V122/><F122/><W119/><G128/><T9/><D9/><U66/><E66/><V58/><F58/><W88/><G119/><T64/><D64/><U29/><E29/><V94/><F87/><W0/><G0/><T81/><D31/><U70/><E70/><V38/><F38/><W43/><G54/><T6/><D30/><U82/><E116/><V51/><F62/><W12/><G12/><T57/><D130/><U108/><E108/><V25/><F25/><W68/><G68/><T10/><D10/><U117/><E117/><V49/><F49/><AGARI ba="1,0" hai="43,44,49,69,71,88,95,97" m="47659,43135" machi="49" ten="30,3900,0" yaku="18,1,52,1,54,1" doraHai="41" who="3" fromWho="2" sc="241,0,188,0,290,-42,281,42" /><INIT seed="7,0,0,3,2,77" ten="241,188,248,323" oya="3" hai0="89,78,56,135,43,14,45,44,30,50,79,34,96" hai1="76,62,102,121,55,17,90,10,105,95,12,29,49" hai2="15,22,0,28,4,123,63,99,16,126,134,32,57" hai3="80,87,42,51,19,21,127,110,122,66,103,65,39"/><W7/><G122/><T82/><D135/><U60/><E121/><V73/><F73/><W115/><G39/><T20/><D34/><U130/><E130/><V124/><F123/><W47/><G115/><T40/><D56/><U129/><E129/><V88/><F32/><W27/><G127/><N who="2" m="48681" /><F28/><W104/><G110/><T81/><D96/><U52/><E29/><V31/><F31/><W133/><G133/><T38/><D89/><U113/><E113/><V86/><F99/><W116/><G116/><T8/><D78/><U67/><E102/><V61/><F134/><W83/><G87/><T23/><D30/><U85/><E105/><V92/><F57/><W70/><G70/><T120/><D120/><U101/><E101/><V13/><F0/><W106/><G103/><T97/><D97/><U98/><E67/><V107/><F107/><W59/><G104/><T111/><D111/><U68/><E68/><V64/><F64/><W71/><G71/><T5/><D82/><N who="3" m="31273" /><G106/><T131/><D131/><U6/><E76/><V128/><F128/><W26/><G59/><T117/><D117/><U109/><E109/><V24/><F4/><W18/><G7/><T93/><D93/><U25/><E98/><V33/><F33/><W119/><G119/><T72/><AGARI ba="0,0" hai="5,8,14,20,23,38,40,43,44,45,50,72,79,81" machi="72" ten="20,2700,0" yaku="0,1,7,1,52,1" doraHai="77" who="0" fromWho="0" sc="241,27,188,-7,248,-7,323,-13" owari="268,7.0,181,-32.0,241,-16.0,310,41.0" /></mjloggm>