<mjloggm ver="2.3"><GO type="169" lobby="0"/><UN n0="%E5%B0%B1%E6%B4%BB%E7%94%9F%40%E5%B7%9D%E6%9D%91%E8%BB%8D%E5%9B%A3" n1="%E5%87%B6%E4%BB%8B%40%E6%9D%8F%E6%9D%8F%E8%BB%8D%E5%9B%A3" n2="%E5%BA%83%E5%A0%B4%E3%81%AE%E7%8B%BC" n3="%73%68%61%70%65%6C%65%72" dan="17,16,16,17" rate="2234.84,2061.03,2077.77,2135.12" sx="M,M,M,M"/><TAIKYOKU oya="0"/><INIT seed="0,0,0,3,4,12" ten="250,250,250,250" oya="0" hai0="98,119,114,79,125,61,74,86,83,94,38,122,108" hai1="102,96,11,84,129,68,2,111,103,13,97,33,40" hai2="52,58,101,1,29,44,9,85,65,112,48,75,26" hai3="77,106,34,115,116,110,28,25,100,15,91,36,71"/><T62/><D38/><U55/><E2/><V5/><F75/><W95/><G116/><T131/><D119/><U60/><E33/><V134/><F134/><W20/><G115/><T16/><D122/><U39/><E129/><V45/><F112/><W50/><G36/><T22/><D114/><U104/><E111/><V73/><F73/><W66/><G110/><T126/><D74/><U81/><E40/><V56/><F101/><W124/><G77/><T4/><D4/><U132/><E39/><V128/><F128/><W93/><G124/><N who="0" m="47723" /><D131/><U10/><E132/><V117/><F117/><W107/><G34/><T19/><D108/><U31/><E31/><V99/><F99/><W88/><G106/><T82/><D83/><U41/><E41/><V118/><F118/><W130/><G130/><T46/><D46/><U24/><E24/><V70/><F70/><W30/><G107/><T127/><N who="0" m="47731" /><T43/><DORA hai="49" /><D43/><U80/><E80/><V37/><F85/><W123/><G123/><T47/><D47/><U42/><E42/><V69/><F69/><W18/><G30/><T133/><D133/><U6/><E68/><V3/><F3/><W109/><G109/><T32/><D32/><U51/><E104/><V113/><F37/><W64/><G28/><T67/><D22/><U87/><E81/><V17/><F29/><W90/><G20/><T21/><D21/><U14/><E6/><V78/><F113/><W120/><G120/><T53/><D53/><U63/><E55/><V7/><F52/><W23/><G23/><T57/><D62/><U0/><E0/><RYUUKYOKU ba="0,0" sc="250,15,250,15,250,-15,250,-15" hai0="16,19,57,61,67,79,82,86,94,98" hai1="10,11,13,14,51,60,63,84,87,96,97,102,103" /><INIT seed="0,1,0,2,1,79" ten="265,265,235,235" oya="0" hai0="89,120,22,61,104,51,95,49,73,16,109,111,78" hai1="96,28,91,102,17,98,14,114,67,134,68,54,128" hai2="94,34,76,81,57,44,3,70,58,108,88,86,112" hai3="83,82,71,65,30,97,121,84,133,122,55,110,62"/><T4/><D120/><N who="3" m="46185" /><G110/><N who="0" m="41995" /><D104/><U24/><E128/><V2/><F70/><W56/><G133/><T53/><D4/><U15/><E134/><V19/><F112/><W8/><G84/><N who="0" m="52647" /><D61/><U75/><E75/><V25/><F108/><W42/><G30/><T132/><D132/><U40/><E114/><V93/><F93/><W33/><G33/><T126/><D126/><U77/><E77/><V60/><F44/><W46/><G97/><T43/><D43/><U1/><E40/><V45/><F45/><W29/><G29/><T99/><D99/><U100/><E98/><V26/><F58/><W64/><G8/><T119/><D119/><U130/><E96/><N who="2" m="57415" /><F34/><W59/><G71/><T113/><D113/><U38/><E130/><V6/><F6/><W107/><G107/><T87/><D73/><U117/><E117/><V50/><F50/><N who="3" m="30839" /><G65/><T11/><D11/><U12/><E67/><N who="2" m="39311" /><F2/><W21/><G21/><T118/><D118/><U5/><E68/><V66/><F3/><W31/><G31/><T47/><D47/><U13/><E1/><V35/><F35/><W131/><G131/><T124/><D124/><U39/><E5/><V116/><F66/><W63/><G63/><T23/><D23/><U10/><E28/><V123/><F116/><W125/><G125/><T7/><D7/><U135/><E135/><V52/><F123/><W41/><G41/><T69/><D69/><U106/><E106/><V36/><F19/><W0/><G0/><T115/><D115/><U127/><E17/><V9/><F9/><W92/><G42/><T101/><D16/><U72/><E127/><RYUUKYOKU ba="1,0" sc="265,0,265,0,235,0,235,0" /><INIT seed="1,2,0,5,1,109" ten="265,265,235,235" oya="1" hai0="51,64,54,15,40,19,34,43,104,96,95,24,99" hai1="61,111,28,70,52,69,121,119,10,49,6,17,112" hai2="35,62,102,126,130,20,66,110,107,44,12,23,105" hai3="92,80,101,16,5,76,60,91,87,47,2,120,94"/><U14/><E119/><V22/><F35/><W84/><G120/><T122/><D122/><U21/><E121/><V123/><F123/><W134/><G134/><T42/><D104/><U1/><E111/><V48/><F110/><W65/><G2/><T7/><D64/><U129/><E129/><V77/><F77/><W116/><G116/><T50/><D7/><U131/><E131/><V132/><F132/><W53/><G5/><T30/><D54/><U58/><E112/><V27/><F126/><W124/><G124/><T98/><REACH who="0" step="1"/><D95/><REACH who="0" ten="255,265,235,235" step="2"/><U4/><E4/><V8/><F107/><W86/><G53/><T108/><D108/><U97/><E61/><V57/><F105/><W63/><G63/><T128/><D128/><U74/><E74/><V106/><F106/><W115/><G65/><T83/><D83/><U38/><E97/><V133/><F130/><W67/><G60/><T89/><D89/><U32/><REACH who="1" step="1"/><E38/><REACH who="1" ten="255,255,235,235" step="2"/><V127/><F133/><W68/><G67/><T46/><D46/><U82/><E82/><V31/><F127/><W41/><G47/><T79/><D79/><U81/><E81/><V78/><F78/><W45/><G76/><T113/><D113/><U55/><E55/><N who="2" m="30087" /><F102/><W100/><G115/><T103/><D103/><U73/><E73/><V75/><F75/><W26/><G101/><T33/><D33/><U13/><E13/><V56/><F62/><W9/><G100/><T118/><D118/><U85/><E85/><V114/><F114/><W59/><G86/><T125/><D125/><U72/><E72/><V71/><F12/><W37/><G80/><RYUUKYOKU ba="2,2" sc="255,15,255,15,235,-15,235,-15" hai0="15,19,24,30,34,40,42,43,50,51,96,98,99" hai1="1,6,10,14,17,21,28,32,49,52,58,69,70" /><INIT seed="1,3,2,5,3,48" ten="270,270,220,220" oya="1" hai0="39,118,129,42,76,93,81,80,134,69,43,123,58" hai1="61,20,90,110,1,119,97,72,52,57,49,32,109" hai2="104,99,116,62,45,9,7,56,26,29,67,78,133" hai3="100,37,64,14,103,92,34,105,12,53,68,5,60"/><U21/><E32/><V98/><F116/><W22/><G34/><T30/><D69/><U3/><E119/><V40/><F78/><W16/><G37/><T128/><D118/><U46/><E72/><V107/><F133/><W23/><G105/><T24/><D134/><U73/><E73/><V86/><F86/><W63/><G92/><T0/><D0/><U115/><E115/><V117/><F117/><W91/><G91/><T17/><D17/><U114/><E114/><V132/><F132/><W96/><G22/><T36/><D93/><N who="1" m="56503" /><E1/><V88/><F107/><W31/><G31/><T101/><D101/><U124/><E3/><V27/><F104/><W79/><G79/><T11/><D11/><U55/><E124/><V18/><F18/><W111/><G111/><AGARI ba="3,2" hai="20,21,46,49,52,55,57,61,109,110,111" m="56503" machi="111" ten="30,12000,1" yaku="14,1,10,1,52,2,54,1" doraHai="48" who="1" fromWho="3" sc="270,0,270,149,220,0,220,-129" /><INIT seed="1,4,0,2,4,15" ten="270,419,220,91" oya="1" hai0="60,88,40,50,2,8,52,20,92,43,29,25,131" hai1="73,115,106,75,7,83,82,95,44,103,49,116,113" hai2="133,36,94,117,72,59,63,6,16,126,80,0,122" hai3="96,30,48,38,65,79,24,99,31,132,108,129,109"/><U27/><E116/><V76/><F122/><W34/><G38/><T32/><D131/><U61/><E106/><V71/><F71/><W93/><G129/><T101/><D101/><U130/><E130/><V74/><F74/><W5/><G132/><T14/><D32/><U21/><E75/><V47/><F133/><W46/><G30/><T120/><D60/><U22/><E7/><V26/><F126/><W1/><G79/><T85/><D2/><U37/><E37/><V57/><F117/><W127/><G127/><T112/><D112/><U33/><E33/><V77/><F77/><W3/><G99/><T39/><D39/><U17/><E73/><V11/><F94/><W64/><G5/><T68/><D68/><U90/><E61/><V51/><F63/><W114/><G114/><T4/><D120/><U118/><E118/><V62/><F62/><W91/><G3/><T69/><D69/><U104/><E104/><V84/><F84/><W10/><G10/><T111/><D111/><N who="3" m="42569" /><G1/><T58/><AGARI ba="4,0" hai="4,8,14,20,25,29,40,43,50,52,58,85,88,92" machi="58" ten="20,8000,1" yaku="0,1,7,1,8,1,54,2" doraHai="15" who="0" fromWho="0" sc="270,92,419,-44,220,-24,91,-24" /><INIT seed="2,0,0,3,0,86" ten="362,375,196,67" oya="2" hai0="102,62,98,91,26,72,110,108,7,9,1,14,112" hai1="77,73,117,12,65,97,85,126,88,68,109,30,16" hai2="51,0,20,94,115,83,118,28,29,106,57,58,32" hai3="10,31,39,76,40,96,127,48,125,17,34,75,66"/><V21/><F106/><W131/><G39/><T135/><D72/><U45/><E117/><V53/><F0/><W134/><G134/><T18/><D112/><U44/><E126/><V79/><F118/><W123/><G123/><T11/><D135/><U54/><E109/><N who="0" m="42089" /><D62/><U41/><E54/><V47/><F115/><W90/><G131/><T43/><D43/><U114/><E114/><V71/><F71/><W81/><G66/><T19/><D102/><U56/><E68/><V42/><F57/><W80/><G40/><T24/><D98/><U59/><E73/><V89/><F32/><W122/><G48/><T52/><D52/><U67/><E41/><V2/><F2/><W3/><G122/><T36/><D36/><U111/><E97/><V132/><F132/><W27/><G3/><T107/><D91/><U60/><E77/><V128/><F128/><W4/><G127/><T22/><D107/><U49/><E111/><V6/><F6/><W113/><G125/><T55/><D55/><N who="1" m="31855" /><E67/><V8/><F8/><W116/><G113/><T99/><D99/><U121/><E121/><V46/><F46/><W63/><G116/><T84/><D84/><U87/><E87/><N who="2" m="48639" /><F47/><W61/><G4/><T35/><D35/><U103/><E103/><V69/><F42/><W25/><G10/><T78/><D78/><U13/><E30/><N who="2" m="11883" /><F69/><W50/><G75/><T15/><AGARI ba="0,0" hai="1,7,9,11,14,15,18,19,22,24,26" m="42089" machi="15" ten="30,4000,0" yaku="14,1,34,2" doraHai="86" who="0" fromWho="0" sc="362,40,375,-10,196,-20,67,-10" /><INIT seed="3,0,0,2,2,101" ten="402,365,176,57" oya="3" hai0="123,21,128,47,82,44,27,63,38,87,71,40,75" hai1="8,99,59,96,83,48,121,112,5,76,106,124,135" hai2="107,13,98,4,41,56,46,109,94,114,53,80,108" hai3="7,84,43,16,78,33,31,116,55,67,74,127,130"/><W10/><G116/><T73/><D123/><U1/><E121/><V34/><F34/><W93/><G130/><T133/><D133/><U36/><E112/><V24/><F24/><W91/><G127/><T64/><D47/><U134/><E124/><V20/><F80/><W42/><G67/><T72/><D128/><U39/><E39/><V70/><F70/><W50/><G31/><T11/><D11/><U52/><E36/><V118/><F118/><W61/><G33/><T85/><REACH who="0" step="1"/><D82/><REACH who="0" ten="392,365,176,57" step="2"/><U88/><E134/><V81/><F81/><W119/><G119/><T66/><D66/><U126/><E135/><V58/><F46/><W9/><G9/><T97/><D97/><U12/><E126/><V15/><F98/><W102/><G10/><T32/><D32/><U49/><E99/><V0/><F109/><W51/><G7/><T86/><D86/><N who="1" m="48487" /><E1/><V113/><F0/><W57/><G78/><T29/><AGARI ba="0,1" hai="21,27,29,38,40,44,63,64,71,72,73,75,85,87" machi="29" ten="30,2000,0" yaku="1,1,0,1,53,0" doraHai="101" doraHaiUra="28" who="0" fromWho="0" sc="392,30,365,-5,176,-5,57,-10" /><INIT seed="4,0,0,5,0,15" ten="422,360,171,47" oya="0" hai0="60,6,116,83,112,36,118,94,10,82,29,19,33" hai1="75,89,71,115,84,93,122,40,130,49,70,99,110" hai2="62,66,7,100,86,113,51,72,57,58,30,74,105" hai3="22,17,107,65,2,38,69,108,131,67,52,103,37"/><T44/><D112/><U11/><E110/><V46/><F113/><W127/><G108/><T73/><D83/><U88/><E122/><V1/><F30/><W123/><G123/><T109/><D109/><U104/><E75/><V97/><F57/><W23/><G2/><T68/><D94/><U31/><E115/><V64/><F64/><W0/><G0/><T13/><D60/><U34/><E130/><V54/><F7/><W85/><G131/><T90/><D68/><U8/><E71/><V92/><F1/><W91/><G127/><T56/><D56/><U45/><E70/><V79/><F79/><W35/><G35/><T132/><D132/><U125/><E125/><V53/><F66/><W3/><G3/><T77/><D90/><U27/><REACH who="1" step="1"/><E104/><REACH who="1" ten="422,350,171,47" step="2"/><V12/><F105/><W61/><G67/><T134/><D134/><U126/><E126/><V59/><F72/><W50/><G107/><T78/><D116/><U47/><E47/><V117/><F74/><W14/><G103/><T21/><D118/><U101/><E101/><V106/><F106/><W24/><G91/><T55/><D44/><U26/><E26/><V16/><F46/><W87/><G38/><T98/><D36/><U111/><E111/><V9/><F117/><W129/><G37/><T135/><D135/><U28/><E28/><V133/><F133/><W119/><G129/><T48/><D77/><U39/><E39/><V76/><F76/><W124/><G119/><T102/><D29/><U95/><AGARI ba="0,1" hai="8,11,27,31,34,40,45,49,84,88,89,93,95,99" machi="95" ten="20,12000,2" yaku="1,1,0,1,7,1,54,1,53,2" doraHai="15" doraHaiUra="4" who="1" fromWho="1" sc="422,-60,350,130,171,-30,47,-30" /><INIT seed="5,0,0,2,5,128" ten="362,480,141,17" oya="1" hai0="125,36,59,17,75,120,78,64,87,66,30,118,22" hai1="116,76,34,126,38,122,92,62,88,123,114,37,60" hai2="50,105,6,9,97,16,29,74,63,73,124,95,11" hai3="49,33,10,107,40,45,28,14,12,98,71,56,31"/><U100/><E116/><V104/><F29/><W93/><G71/><T48/><D36/><U52/><E34/><V134/><F134/><W21/><G107/><T81/><D118/><U90/><E114/><V132/><F132/><W19/><G33/><T5/><D120/><U25/><E126/><V77/><F124/><W135/><G135/><T1/><D75/><U83/><E25/><V61/><F50/><W15/><G56/><T41/><D125/><U39/><E100/><V18/><F77/><W43/><G43/><T91/><D30/><U4/><E4/><V82/><F82/><W51/><G51/><T47/><D59/><U115/><E115/><V72/><F6/><W69/><G69/><T2/><D2/><U121/><E92/><V24/><F24/><W58/><G58/><T55/><D41/><U80/><E52/><V85/><F85/><W27/><REACH who="3" step="1"/><G10/><REACH who="3" ten="362,480,141,7" step="2"/><T65/><D48/><U110/><E37/><V127/><F127/><W109/><G109/><T23/><D47/><U67/><E110/><V131/><F105/><W86/><G86/><T53/><D53/><U44/><E44/><V119/><F104/><W96/><G96/><T42/><D55/><U102/><E122/><V133/><F133/><W35/><G35/><T32/><D32/><U46/><E46/><V3/><F9/><W129/><G129/><T70/><D42/><U57/><E57/><V20/><F131/><W111/><G111/><T89/><D70/><U101/><E123/><V8/><F11/><W79/><G79/><T7/><D66/><U106/><E121/><V13/><F8/><RYUUKYOKU ba="0,1" sc="362,-10,480,-10,141,-10,7,30" hai3="12,14,15,19,21,27,28,31,40,45,49,93,98" /><INIT seed="6,1,1,5,2,132" ten="352,470,131,37" oya="2" hai0="92,135,117,12,30,93,25,91,76,124,115,119,103" hai1="116,49,89,71,52,53,105,120,94,101,86,43,111" hai2="73,18,109,130,77,83,57,99,98,8,27,36,16" hai3="67,95,28,38,125,29,10,33,9,56,63,5,121"/><V131/><F36/><W45/><G121/><T133/><D76/><U69/><E116/><N who="0" m="44617" /><D115/><U34/><E111/><V31/><F109/><W23/><G33/><N who="0" m="20687" /><D12/><U75/><E34/><V123/><F57/><W114/><G114/><T19/><D19/><N who="2" m="7210" /><F8/><W81/><G10/><T55/><D55/><U11/><E75/><V15/><F15/><W41/><G23/><T40/><D40/><U54/><E43/><V100/><F100/><W102/><G102/><T122/><D122/><U21/><E120/><V60/><F60/><W0/><G95/><T118/><D118/><U106/><E101/><V50/><F50/><W37/><G37/><T35/><D35/><U39/><E39/><V1/><F1/><W2/><G2/><T6/><D6/><U59/><E11/><V70/><F70/><W13/><G13/><T104/><D104/><U97/><E106/><V129/><F123/><W3/><G3/><T78/><D78/><U64/><E105/><V65/><F65/><W84/><REACH who="3" step="1"/><G125/><REACH who="3" ten="352,470,131,27" step="2"/><T82/><D124/><U47/><E21/><AGARI ba="1,2" hai="21,27,31,73,77,83,98,99,129,130,131" m="7210" machi="21" ten="30,2900,0" yaku="19,1,54,1" doraHai="132" who="2" fromWho="1" sc="352,0,470,-32,131,52,27,0" /><INIT seed="6,2,0,0,1,25" ten="352,438,183,27" oya="2" hai0="102,48,84,80,88,68,70,31,92,59,76,108,23" hai1="17,134,51,94,42,54,79,2,97,11,63,34,115" hai2="1,39,105,129,30,86,64,4,112,96,120,113,99" hai3="124,69,101,116,16,85,130,5,18,21,58,19,103"/><V107/><F39/><W72/><G69/><T104/><D108/><U7/><E34/><V8/><F64/><W98/><G72/><T78/><D78/><U9/><E115/><V50/><F50/><W20/><G116/><T125/><D125/><U114/><E114/><N who="2" m="44139" /><F129/><W27/><G124/><T33/><D33/><U44/><E134/><V121/><F86/><W22/><G130/><T106/><D106/><N who="2" m="40458" /><F30/><W43/><G43/><T15/><D48/><U81/><E2/><V37/><F37/><W87/><G5/><T100/><D59/><N who="1" m="35319" /><E7/><V55/><F55/><W24/><G58/><T118/><D118/><U32/><E32/><V62/><F62/><W60/><G60/><T73/><D68/><U0/><E0/><V82/><F82/><W109/><G109/><T67/><D67/><U52/><E42/><V13/><F1/><W47/><G47/><T46/><D46/><U111/><E111/><V12/><F12/><N who="3" m="9223" /><G98/><AGARI ba="2,0" hai="4,8,13,96,98,99,120,121" m="40458,44139" machi="98" ten="30,1500,0" yaku="15,1" doraHai="25" who="2" fromWho="3" sc="352,0,438,0,183,21,27,-21" /><INIT seed="6,3,0,4,1,12" ten="352,438,204,6" oya="2" hai0="9,45,131,0,52,19,76,104,4,75,110,68,122" hai1="16,101,117,128,97,41,20,109,27,132,83,37,17" hai2="26,39,48,90,106,40,56,82,30,42,113,99,94" hai3="135,44,24,1,33,121,58,21,10,127,118,6,67"/><V53/><F113/><W115/><G121/><T31/><D110/><U38/><E109/><V55/><F39/><W3/><G118/><T2/><D68/><U62/><E117/><V123/><F123/><W91/><G33/><T80/><D131/><U36/><E128/><V15/><F106/><W34/><G34/><T95/><D104/><U72/><E132/><V59/><F82/><W88/><G135/><T85/><D122/><U78/><E62/><V129/><F129/><W116/><G116/><T73/><D31/><U93/><REACH who="1" step="1"/><E41/><REACH who="1" ten="352,428,204,6" step="2"/><V87/><F42/><W18/><G115/><T98/><D2/><U105/><E105/><V57/><F40/><W111/><G111/><T50/><REACH who="0" step="1"/><D19/><AGARI ba="3,1" hai="16,17,19,20,27,36,37,38,72,78,83,93,97,101" machi="19" ten="40,8000,1" yaku="1,1,52,3,54,1,53,0" doraHai="12" doraHaiUra="51" who="1" fromWho="0" sc="352,-89,428,99,204,0,6,0" /><INIT seed="7,0,0,3,5,93" ten="263,527,204,6" oya="3" hai0="29,25,128,67,121,56,126,19,51,48,115,68,135" hai1="83,36,13,118,97,58,4,104,18,57,33,66,21" hai2="74,39,49,69,133,98,89,52,73,95,105,10,70" hai3="34,119,96,26,123,59,17,76,92,117,77,72,28"/><W43/><G123/><T22/><D68/><U90/><E36/><V9/><F39/><W31/><G72/><T106/><D106/><U112/><E33/><V54/><F133/><W65/><G119/><T130/><D121/><U35/><E35/><V110/><F110/><W111/><G117/><T79/><D79/><N who="3" m="30281" /><G34/><T62/><D135/><U85/><E118/><V101/><F74/><W64/><G43/><T86/><D126/><U80/><E112/><V116/><F73/><W1/><G1/><T125/><D115/><U71/><E4/><V30/><F30/><N who="3" m="11307" /><G59/><T24/><D86/><N who="1" m="50503" /><E71/><V131/><F116/><W11/><G111/><T0/><D0/><U47/><E66/><V20/><F70/><W107/><G107/><T99/><D125/><U3/><E3/><V132/><F69/><W15/><G26/><T50/><D25/><U5/><E5/><V46/><F132/><W42/><G42/><T23/><D29/><U81/><E47/><V12/><F131/><N who="0" m="50218" /><D23/><U84/><E18/><V100/><F105/><W55/><G55/><T102/><D51/><U63/><E13/><V122/><F122/><W94/><G94/><T75/><D75/><U53/><E21/><V114/><F114/><W78/><N who="3" m="30289" /><W6/><DORA hai="109" /><G6/><T91/><D50/><U60/><E104/><V41/><F54/><W45/><G45/><T8/><D48/><U124/><E124/><V129/><F129/><W103/><AGARI ba="0,0" hai="11,15,17,64,65,92,96,103" m="11307,30289" machi="103" ten="40,3900,0" yaku="8,1,52,1" doraHai="93,109" who="3" fromWho="3" sc="263,-13,527,-13,204,-13,6,39" /><INIT seed="7,1,0,3,2,20" ten="250,514,191,45" oya="3" hai0="6,59,36,4,118,54,63,65,76,30,35,86,40" hai1="33,1,70,47,109,43,39,68,130,50,96,13,93" hai2="21,90,42,71,57,64,81,97,46,5,104,127,119" hai3="11,19,80,103,94,22,73,91,122,25,2,126,55"/><W100/><G126/><T77/><D118/><U84/><E1/><V111/><F71/><W133/><G133/><T27/><D36/><U114/><E109/><V101/><F127/><W0/><G122/><T87/><D40/><U69/><E33/><V34/><F34/><W135/><G135/><T95/><D86/><U14/><E130/><V10/><F119/><W66/><G66/><T53/><D53/><U98/><E114/><V117/><F111/><W28/><G0/><T16/><D16/><U12/><E39/><V37/><F21/><W8/><G55/><T134/><D134/><U75/><E75/><V44/><F44/><W116/><G116/><T106/><D106/><U123/><E123/><V60/><F117/><W15/><G80/><T41/><D41/><U128/><E128/><V82/><F90/><W51/><G51/><T105/><D105/><U107/><E107/><V32/><F32/><W31/><G73/><T18/><D18/><U3/><E3/><AGARI ba="1,0" hai="3,5,10,37,42,46,57,60,64,81,82,97,101,104" machi="3" ten="30,1000,0" yaku="7,1" doraHai="20" who="2" fromWho="1" sc="250,0,514,-13,191,13,45,0" owari="250,5.0,501,60.0,204,-20.0,45,-45.0" /></mjloggm>