<mjloggm ver="2.3"><GO type="169" lobby="0"/><UN n0="%E3%82%A6%E3%83%AB%E3%83%88%E3%83%A9%E7%AB%8B%E7%9B%B4" n1="%E3%81%86%E3%82%8B%E3%81%95%E3%81%84%E3%81%AF%E8%A4%92%E3%82%81%E8%A9%9E" n2="%E3%81%AE%E3%81%86%E3%81%AA%E3%82%81%E3%82%8D%E3%82%93" n3="%E6%99%82%E3%81%AE%E6%BC%82%E6%B3%8A" dan="17,16,16,17" rate="2142.21,2107.53,2139.36,2218.88" sx="M,M,M,F"/><TAIKYOKU oya="0"/><INIT seed="0,0,0,0,0,113" ten="250,250,250,250" oya="0" hai0="41,60,128,108,111,73,107,24,105,35,13,31,123" hai1="119,28,45,124,69,49,54,106,120,75,62,64,15" hai2="134,30,86,92,20,65,127,102,2,38,63,16,18" hai3="80,50,115,42,3,83,130,129,10,32,81,71,74"/><T47/><D123/><U17/><E124/><V22/><F38/><W67/><G32/><T37/><D73/><U135/><E135/><V51/><F2/><W94/><G115/><T109/><D128/><N who="3" m="49257" /><G94/><T125/><D125/><U91/><E120/><V77/><F127/><W70/><G67/><T103/><D103/><U85/><E106/><V110/><F110/><W104/><G104/><T52/><D13/><U43/><E28/><V40/><F134/><W33/><G33/><T8/><D8/><U23/><E75/><V118/><F77/><W126/><G74/><T48/><D60/><U117/><REACH who="1" step="1"/><E43/><REACH who="1" ten="250,240,250,250" step="2"/><V46/><F30/><W36/><G126/><T56/><AGARI ba="0,1" hai="24,31,35,37,41,47,48,52,56,105,107,108,109,111" machi="56" ten="30,11700,0" yaku="0,1,14,1,10,1,54,1" doraHai="113" who="0" fromWho="0" sc="250,127,240,-39,250,-39,250,-39" /><INIT seed="0,1,0,0,3,18" ten="377,201,211,211" oya="0" hai0="85,35,58,119,111,13,69,23,98,91,108,124,99" hai1="67,22,89,127,90,53,77,41,121,30,78,45,49" hai2="80,3,51,63,43,79,48,9,104,38,62,88,102" hai3="40,75,95,44,84,0,36,74,134,93,82,97,47"/><T7/><D69/><U21/><E121/><V1/><F104/><W57/><G134/><T60/><D35/><U86/><E127/><V20/><F102/><W130/><G130/><T24/><D119/><U123/><E123/><V2/><F9/><W34/><G34/><T94/><D124/><U4/><E67/><V54/><F38/><W125/><G125/><T118/><D118/><U25/><E4/><V115/><F115/><W81/><G47/><T64/><D13/><U31/><E41/><V112/><F112/><W103/><G0/><T11/><D11/><U122/><E122/><V72/><F43/><W59/><G93/><T66/><D66/><U26/><E89/><V56/><F51/><W71/><G71/><T29/><D7/><U10/><E10/><V8/><F8/><W126/><G126/><T17/><D17/><U39/><E39/><V116/><F116/><W68/><G68/><T33/><D33/><U110/><E110/><AGARI ba="1,0" hai="23,24,29,58,60,64,85,91,94,98,99,108,110,111" machi="110" ten="40,7700,0" yaku="14,1,10,1,52,1" doraHai="18" who="0" fromWho="1" sc="377,80,201,-80,211,0,211,0" /><INIT seed="0,2,0,3,4,86" ten="457,121,211,211" oya="0" hai0="75,120,55,21,77,66,22,127,46,107,26,118,68" hai1="101,92,53,35,15,102,65,20,81,128,117,40,116" hai2="5,130,23,30,135,38,44,115,97,133,99,82,73" hai3="2,131,106,39,89,52,64,6,18,63,11,50,111"/><T7/><D107/><U43/><E35/><V16/><F115/><W90/><G39/><T85/><D75/><U19/><E128/><V95/><F30/><W61/><G106/><T41/><D120/><U17/><E116/><V58/><F5/><W126/><G131/><T105/><D105/><U57/><E117/><V1/><F1/><W78/><G78/><T45/><D118/><U76/><E65/><V10/><F10/><W88/><G111/><T84/><D127/><U123/><E123/><V12/><F58/><W62/><G126/><T72/><D7/><U9/><E81/><V132/><F130/><W100/><G100/><N who="1" m="38506" /><E92/><V29/><F29/><W27/><G64/><T28/><D66/><U32/><E76/><N who="2" m="44303" /><F95/><W129/><G129/><T37/><D68/><U94/><E94/><V79/><F79/><W104/><G104/><T33/><D77/><U98/><E98/><V14/><F14/><W42/><G42/><AGARI ba="2,0" hai="12,16,23,38,42,44,97,99,132,133,135" m="44303" machi="42" ten="30,2000,0" yaku="20,1,54,1" doraHai="86" who="2" fromWho="3" sc="457,0,121,0,211,26,211,-26" /><INIT seed="1,0,0,4,5,55" ten="457,121,237,185" oya="1" hai0="132,26,78,72,76,29,79,51,85,87,77,20,41" hai1="112,119,1,28,50,2,15,124,54,33,6,7,89" hai2="73,8,37,60,71,82,65,97,68,22,92,13,4" hai3="120,70,104,49,23,118,5,24,63,74,64,126,98"/><U0/><E119/><V117/><F117/><W62/><G118/><T17/><D132/><U36/><E36/><V31/><F37/><W58/><G120/><T114/><D114/><U67/><E112/><V105/><F105/><W34/><G126/><T59/><D72/><U61/><E124/><V47/><F47/><W9/><G74/><T111/><D111/><U96/><E28/><V84/><F73/><W66/><G49/><T106/><D106/><U45/><E33/><V10/><F10/><W91/><G34/><T18/><D41/><U113/><E113/><V108/><F108/><W32/><G32/><T39/><D39/><U16/><E89/><V88/><F22/><W93/><G104/><T123/><D123/><U44/><E96/><V40/><F40/><W128/><G128/><T11/><D11/><U102/><E45/><V53/><F53/><W21/><REACH who="3" step="1"/><G24/><REACH who="3" ten="457,121,237,175" step="2"/><T135/><D26/><U95/><E50/><V75/><F75/><W129/><G129/><T69/><D51/><U48/><E48/><V127/><F127/><W80/><G80/><T86/><D135/><U134/><E134/><V107/><F107/><W35/><G35/><T46/><D46/><U103/><E44/><V27/><F27/><W110/><G110/><T90/><D86/><U57/><E95/><V14/><F84/><W43/><G43/><T133/><D85/><U125/><E125/><V94/><F94/><W52/><G52/><T122/><D87/><U3/><N who="1" m="0" /><DORA hai="100" /><U83/><E54/><V131/><F131/><W115/><G115/><T101/><D133/><U81/><E83/><RYUUKYOKU ba="0,1" sc="457,-10,121,-10,237,-10,175,30" hai3="5,9,21,23,58,62,63,64,66,70,91,93,98" /><INIT seed="2,1,1,4,0,28" ten="447,111,227,205" oya="2" hai0="26,4,71,69,50,115,21,30,36,131,114,99,132" hai1="121,85,61,70,77,27,105,42,126,119,59,117,98" hai2="133,101,116,12,135,82,3,47,62,81,129,112,113" hai3="106,55,58,74,57,78,100,64,84,37,49,127,10"/><V9/><F3/><W8/><G37/><T110/><D36/><U24/><E42/><V35/><F116/><W51/><G74/><T80/><D71/><U65/><E126/><V18/><F129/><W124/><G106/><T20/><D69/><U53/><E121/><V34/><F101/><W29/><G100/><T41/><D4/><U15/><E15/><V97/><F97/><W92/><G29/><T91/><D131/><U63/><E85/><V43/><F62/><N who="3" m="37967" /><G49/><T88/><D132/><N who="2" m="50762" /><F82/><N who="3" m="47191" /><G92/><T86/><D80/><U108/><E108/><V1/><F81/><W83/><G83/><T11/><D99/><U94/><E105/><V0/><F0/><W19/><G19/><T33/><D91/><U75/><E117/><V89/><F89/><W104/><G104/><T68/><D88/><U38/><E119/><V5/><F112/><W120/><G120/><T96/><D96/><U32/><E77/><V73/><F73/><W118/><G118/><T125/><D115/><U67/><E75/><V25/><F113/><W39/><G39/><T123/><D114/><U95/><E38/><N who="2" m="22007" /><F25/><W130/><G130/><T52/><D26/><U45/><E27/><V7/><F7/><W2/><G2/><T14/><D123/><U40/><E98/><V90/><F90/><W87/><G87/><T134/><D86/><U66/><E24/><V46/><F46/><W44/><G44/><T107/><D134/><U13/><E94/><V76/><F76/><W102/><G102/><T93/><D93/><U6/><E95/><V122/><F122/><W17/><G127/><T79/><D125/><RYUUKYOKU ba="1,1" sc="447,-10,111,-10,227,30,205,-10" hai2="1,5,9,12,18,34,35" /><INIT seed="2,2,1,1,0,69" ten="437,101,257,195" oya="2" hai0="103,118,77,98,21,39,62,15,16,20,5,22,121" hai1="76,82,70,108,44,105,135,26,116,59,132,95,91" hai2="92,83,120,31,48,35,104,23,2,65,125,17,89" hai3="55,9,133,24,110,130,123,50,112,99,46,124,13"/><V6/><F104/><W67/><G123/><T113/><D39/><U34/><E70/><V40/><F120/><W122/><G122/><T117/><D113/><U88/><E116/><N who="0" m="44649" /><D121/><U134/><E105/><V56/><F125/><W32/><G112/><T93/><D77/><U0/><E108/><V53/><F35/><W37/><G110/><T111/><D111/><U60/><E0/><V87/><F31/><W74/><G74/><T96/><D62/><U47/><E26/><V19/><F65/><W14/><G124/><T12/><D98/><N who="1" m="57703" /><E91/><V79/><F40/><W49/><G37/><T106/><D106/><U119/><E34/><V25/><F2/><W81/><G32/><T80/><D80/><U28/><E28/><V33/><F33/><W61/><G81/><T109/><D109/><U85/><E119/><V11/><F6/><W129/><G99/><T27/><D15/><U10/><E10/><AGARI ba="2,1" hai="5,10,12,16,20,21,22,27,93,96,103" m="44649" machi="10" ten="30,2000,0" yaku="12,1,54,1" doraHai="69" who="0" fromWho="1" sc="437,36,101,-26,257,0,195,0" /><INIT seed="3,0,0,0,4,82" ten="473,75,257,195" oya="3" hai0="71,7,36,24,121,55,39,49,85,41,0,133,15" hai1="56,9,59,124,40,80,21,88,13,108,119,12,122" hai2="44,26,32,118,109,107,28,129,100,72,16,42,58" hai3="67,45,134,104,51,120,127,29,103,83,117,57,91"/><W25/><G117/><T73/><D73/><U52/><E122/><V95/><F118/><W113/><G120/><T20/><D0/><U96/><E108/><V43/><F72/><W33/><G113/><T8/><D71/><U125/><E40/><V2/><F2/><W50/><G134/><T46/><D121/><U99/><E56/><V101/><F109/><W64/><G127/><N who="1" m="48714" /><E21/><V63/><F129/><W84/><G104/><T38/><D85/><N who="1" m="50215" /><E119/><V14/><F107/><W68/><G68/><T114/><D114/><U78/><E78/><V110/><F110/><W94/><G57/><T31/><D133/><U112/><E112/><V18/><F95/><W11/><G11/><T47/><AGARI ba="0,0" hai="7,8,15,20,24,31,36,38,39,41,46,47,49,55" machi="47" ten="20,1500,0" yaku="0,1,7,1" doraHai="82" who="0" fromWho="0" sc="473,15,75,-4,257,-4,195,-7" /><INIT seed="4,0,0,2,0,66" ten="488,71,253,188" oya="0" hai0="55,111,15,64,101,2,56,118,96,124,53,22,58" hai1="32,79,93,40,132,89,48,51,130,12,105,112,57" hai2="29,100,68,131,44,62,37,80,63,128,0,135,3" hai3="7,61,133,82,65,67,39,110,119,114,99,28,134"/><T41/><D2/><U123/><E105/><V77/><F135/><W95/><G119/><T43/><D64/><U103/><E123/><V46/><F100/><W36/><G110/><T122/><D124/><U49/><E32/><V121/><F29/><W19/><G82/><T83/><D122/><U84/><E132/><N who="3" m="50794" /><G114/><T71/><D83/><U90/><E103/><V54/><F121/><W9/><G28/><T45/><D15/><U10/><E79/><V98/><F98/><W127/><G19/><T91/><D22/><U94/><E112/><V21/><F21/><W4/><G67/><T30/><D96/><U47/><E57/><V60/><F54/><W104/><G104/><T18/><D101/><U126/><E130/><V115/><F115/><W26/><G26/><T11/><D30/><U108/><E108/><V16/><F16/><W69/><G127/><T70/><D18/><U109/><E109/><V107/><F107/><W24/><G24/><T23/><D111/><U35/><E35/><V97/><F97/><W50/><G50/><T33/><D33/><U102/><E102/><V116/><F116/><W125/><G125/><T129/><D118/><U6/><REACH who="1" step="1"/><E126/><REACH who="1" ten="488,61,253,188" step="2"/><V17/><F128/><W34/><G34/><T52/><D129/><U25/><E25/><V1/><F131/><W13/><G7/><T81/><D91/><AGARI ba="0,1" hai="4,9,13,36,39,61,65,69,91,95,99" m="50794" machi="91" ten="30,2000,0" yaku="20,1,52,1" doraHai="66" who="3" fromWho="0" sc="488,-20,61,0,253,0,188,30" /><INIT seed="5,0,0,1,5,2" ten="468,61,253,218" oya="1" hai0="107,123,31,86,119,3,32,71,76,131,38,102,22" hai1="77,74,100,45,89,24,4,23,79,64,94,14,37" hai2="54,87,40,6,56,47,67,52,128,90,133,30,117" hai3="15,17,113,126,20,53,101,78,111,8,63,132,129"/><U44/><E100/><V130/><F117/><W93/><G111/><T36/><D22/><U28/><E64/><V61/><F133/><W105/><G105/><T66/><D86/><U122/><E122/><V27/><F6/><W57/><G132/><T72/><D76/><U97/><E74/><V51/><F87/><W96/><G129/><N who="2" m="49769" /><F90/><W121/><G126/><T98/><D98/><U85/><E37/><V65/><F65/><W135/><G113/><T21/><D102/><U33/><E33/><AGARI ba="0,0" hai="27,30,33,40,47,51,52,54,56,61,67" m="49769" machi="33" ten="30,2000,0" yaku="19,1,54,1" doraHai="2" who="2" fromWho="1" sc="468,0,61,-20,253,20,218,0" /><INIT seed="6,0,0,2,0,9" ten="468,41,273,218" oya="2" hai0="121,127,7,5,70,53,95,96,78,99,107,75,134" hai1="16,33,14,24,85,38,122,55,10,35,66,3,82" hai2="28,43,23,42,91,104,119,29,25,13,30,81,31" hai3="128,21,111,72,84,64,61,12,34,83,71,97,94"/><V2/><F119/><W19/><G111/><T57/><D70/><U86/><E122/><V132/><F2/><W47/><G128/><T58/><D121/><U51/><E38/><V54/><F104/><W26/><G72/><T103/><D127/><U15/><E3/><V59/><F132/><W93/><G47/><T36/><D36/><U40/><E40/><V133/><F133/><W114/><G114/><T60/><D134/><U48/><E66/><V109/><F109/><W112/><G112/><T76/><D75/><U45/><E51/><V77/><F91/><W115/><G115/><T102/><REACH who="0" step="1"/><D58/><REACH who="0" ten="458,41,273,218" step="2"/><U52/><E55/><V56/><F59/><W116/><G116/><T100/><D100/><U1/><E1/><V124/><F124/><W39/><G39/><T69/><D69/><U108/><E108/><V17/><F56/><W44/><G44/><T73/><D73/><U0/><E0/><V79/><F54/><W117/><G117/><T120/><D120/><U20/><E85/><N who="2" m="48303" /><F79/><AGARI ba="0,1" hai="5,7,53,57,60,76,78,79,95,96,99,102,103,107" machi="79" ten="40,1300,0" yaku="1,1,53,0" doraHai="9" doraHaiUra="67" who="0" fromWho="2" sc="458,23,41,0,273,-13,218,0" /><INIT seed="7,0,0,2,5,70" ten="481,41,260,218" oya="3" hai0="79,124,1,69,18,29,114,27,71,28,68,65,6" hai1="105,46,112,130,94,74,119,2,33,101,72,126,107" hai2="7,96,89,98,14,78,128,42,10,117,132,55,30" hai3="48,35,20,61,0,63,135,22,85,95,97,32,56"/><W8/><G135/><T111/><D28/><U57/><E57/><V87/><F117/><W106/><G35/><T84/><D84/><U25/><E46/><V116/><F116/><W17/><G32/><T103/><D111/><U12/><E12/><V60/><F132/><W100/><G106/><T131/><D18/><U37/><E25/><V52/><F128/><W40/><G85/><T91/><D91/><U75/><E94/><V41/><F30/><W83/><G83/><T47/><D79/><U64/><E64/><V122/><F122/><W39/><G39/><T92/><D92/><U108/><E101/><V13/><F13/><N who="3" m="7335" /><G0/><T5/><D71/><U16/><E16/><V109/><F109/><W127/><G127/><T23/><D69/><U24/><E24/><V102/><F78/><W45/><G63/><T19/><D124/><U125/><E125/><V120/><F120/><W58/><G58/><T15/><D1/><U50/><E50/><V31/><F31/><W9/><G9/><T66/><D29/><U134/><E74/><V93/><F96/><W86/><G86/><T53/><D131/><U110/><E72/><V3/><F60/><W76/><G76/><T88/><D47/><U115/><E110/><V36/><F87/><W82/><G82/><T59/><D59/><U118/><E107/><V62/><F62/><W99/><G97/><T77/><D77/><U104/><E105/><V44/><F98/><W51/><G51/><T73/><D73/><U34/><E118/><V80/><F80/><W123/><G123/><T43/><D23/><U81/><E34/><RYUUKYOKU ba="0,0" sc="481,-10,41,-10,260,-10,218,30" hai3="20,22,40,45,48,56,61,95,99,100" /><INIT seed="7,1,0,2,0,35" ten="471,31,250,248" oya="3" hai0="70,5,113,96,120,12,25,81,62,95,91,50,83" hai1="21,31,115,37,20,49,46,85,98,40,34,39,92" hai2="22,123,52,7,111,26,127,117,29,72,43,6,100" hai3="88,130,89,57,19,106,16,126,56,76,107,64,102"/><W60/><G76/><T131/><D120/><U17/><E115/><V119/><F111/><W48/><G130/><T132/><D113/><U77/><E85/><V27/><F72/><W23/><G126/><T44/><D132/><U79/><E39/><V133/><F133/><W94/><G106/><T58/><D70/><U13/><E37/><V10/><F43/><W32/><G32/><T124/><D25/><U128/><E34/><N who="2" m="20791" /><F52/><N who="3" m="31751" /><G107/><T3/><D3/><U61/><E61/><V11/><F100/><W36/><G36/><T122/><D122/><U99/><E99/><V9/><F123/><W69/><G69/><T41/><D131/><U103/><E128/><V105/><F105/><W4/><G4/><N who="2" m="1577" /><F127/><W90/><G23/><T54/><D124/><U125/><E125/><V84/><F84/><W18/><G102/><T65/><D41/><U104/><E104/><V112/><F112/><W86/><AGARI ba="1,0" hai="16,18,19,57,60,64,86,88,89,90,94" m="31751" machi="86" ten="30,11700,0" yaku="8,1,54,3" doraHai="35" who="3" fromWho="3" sc="471,-40,31,-40,250,-40,248,120" owari="431,53.0,-9,-51.0,210,-19.0,368,17.0" /></mjloggm>