<mjloggm ver="2.3"><GO type="169" lobby="0"/><UN n0="%E5%88%87%E3%82%8A%E6%9C%AD" n1="%78%73%78%63%35%37" n2="%E5%B0%B1%E6%B4%BB%E7%94%9F%40%E5%B7%9D%E6%9D%91%E8%BB%8D%E5%9B%A3" n3="%4F%69%E3%81%AE%E3%81%B6%E5%AD%90" dan="17,16,17,16" rate="2135.69,2028.62,2226.18,2099.67" sx="M,F,M,M"/><TAIKYOKU oya="0"/><INIT seed="0,0,0,3,5,111" ten="250,250,250,250" oya="0" hai0="66,123,12,38,2,49,108,129,118,61,102,8,83" hai1="116,78,25,68,58,70,91,72,120,1,13,115,43" hai2="32,71,14,117,48,80,73,122,55,62,20,5,86" hai3="56,128,105,103,131,88,76,31,77,84,85,46,41"/><T50/><D118/><U35/><E116/><V114/><F32/><W16/><G31/><T23/><D123/><U39/><E1/><V17/><F117/><W82/><G56/><T81/><D38/><U96/><E120/><V64/><F73/><N who="3" m="43279" /><G16/><T74/><D129/><N who="3" m="49737" /><G77/><T99/><D108/><U92/><E58/><V125/><F122/><W130/><N who="3" m="49745" /><W34/><DORA hai="135" /><G34/><T107/><D23/><U65/><E65/><V11/><F114/><W89/><G103/><T101/><D101/><U6/><E35/><V40/><F40/><W10/><G105/><T27/><D27/><U124/><E25/><V60/><F60/><W19/><G19/><T9/><D9/><U112/><E6/><V45/><F20/><W37/><G10/><T44/><D107/><U90/><E13/><V106/><F106/><W15/><G15/><T26/><D12/><U104/><E104/><V79/><REACH who="2" step="1"/><F17/><REACH who="2" ten="250,250,240,250" step="2"/><W28/><G28/><T121/><D121/><U18/><E18/><V47/><F47/><W51/><G37/><T36/><D44/><U97/><E39/><V42/><F42/><W109/><G109/><T0/><D36/><U67/><E43/><V7/><F7/><W33/><G33/><T59/><D61/><U98/><E115/><V119/><F119/><W63/><G63/><T57/><D66/><U3/><E112/><V127/><AGARI ba="0,1" hai="5,11,14,45,48,55,62,64,71,79,80,86,125,127" machi="127" ten="30,7900,0" yaku="1,1,0,1,52,2,53,0" doraHai="111,135" doraHaiUra="69,94" who="2" fromWho="2" sc="250,-39,250,-20,240,89,250,-20" /><INIT seed="1,0,0,1,4,127" ten="211,230,329,230" oya="1" hai0="111,28,70,26,56,120,7,101,109,20,88,49,126" hai1="89,57,93,98,92,80,90,91,50,62,85,77,117" hai2="102,66,16,74,13,54,2,72,125,113,134,67,83" hai3="121,36,48,95,33,123,118,10,24,5,11,119,96"/><U131/><E117/><N who="3" m="44554" /><G36/><T81/><D70/><U65/><E131/><V29/><F2/><N who="3" m="311" /><G11/><T97/><D126/><U116/><E116/><V6/><F6/><W43/><G33/><T9/><D120/><N who="3" m="46153" /><G24/><T79/><D9/><U34/><E34/><V32/><F125/><W129/><G129/><T108/><D7/><U15/><E15/><V64/><F29/><W58/><G43/><T42/><D42/><U22/><E22/><V110/><F32/><W76/><G76/><T37/><D37/><U23/><E23/><V3/><F3/><W114/><G114/><T133/><D79/><U103/><REACH who="1" step="1"/><E50/><REACH who="1" ten="211,220,329,230" step="2"/><V31/><F113/><W132/><G48/><T94/><D49/><U45/><E45/><V71/><F13/><W19/><G19/><T130/><D130/><U25/><E25/><V4/><F16/><W14/><G14/><T41/><D20/><U1/><E1/><V107/><F4/><W51/><G51/><T44/><D26/><U69/><E69/><V99/><F71/><W82/><G132/><T104/><D133/><U39/><E39/><V60/><F134/><W84/><G58/><T122/><D56/><U52/><E52/><V86/><F54/><W38/><G38/><T124/><D122/><U135/><E135/><V68/><F68/><W46/><G46/><T59/><D59/><U40/><E40/><V63/><F31/><W17/><G17/><T61/><D28/><U112/><E112/><V8/><F8/><W47/><G47/><T105/><D124/><U27/><E27/><V78/><F110/><W35/><G35/><T73/><D111/><RYUUKYOKU ba="0,1" sc="211,-15,220,15,329,15,230,-15" hai1="57,62,65,77,80,85,89,90,91,92,93,98,103" hai2="60,63,64,66,67,72,74,78,83,86,99,102,107" /><INIT seed="1,1,1,1,2,25" ten="196,235,344,215" oya="1" hai0="99,69,128,39,23,46,114,65,102,24,49,95,6" hai1="123,37,45,105,16,110,41,58,86,117,130,76,27" hai2="101,42,96,66,67,91,17,34,135,57,54,50,44" hai3="77,90,121,129,14,38,51,134,4,0,133,87,89"/><U100/><E117/><V125/><F135/><N who="3" m="51723" /><G121/><T97/><D128/><U88/><E130/><V26/><F125/><W11/><G38/><T74/><D114/><U18/><E123/><V72/><F72/><W85/><G129/><T31/><D74/><U43/><E43/><V131/><F131/><W60/><G60/><T106/><D39/><U1/><E1/><V13/><F91/><N who="3" m="34827" /><G77/><T111/><D111/><U52/><E76/><V115/><F115/><W59/><G0/><T103/><D6/><U112/><E112/><V55/><F55/><AGARI ba="1,1" hai="4,11,14,51,55,59,85,87" m="34827,51723" machi="55" ten="30,1000,0" yaku="20,1" doraHai="25" who="3" fromWho="2" sc="196,0,235,0,344,-13,215,23" /><INIT seed="2,0,0,0,2,3" ten="196,235,331,238" oya="2" hai0="56,84,90,103,113,48,22,122,83,110,104,66,55" hai1="71,50,73,95,26,105,126,46,109,20,115,25,57" hai2="37,81,40,97,96,42,88,53,62,133,120,6,121" hai3="128,47,78,60,125,129,124,28,30,58,117,15,75"/><V102/><F133/><W34/><G117/><T118/><D118/><U9/><BYE who="0" /><E105/><V12/><F37/><W2/><G2/><T16/><D16/><U106/><E115/><V23/><F120/><UN n0="%E5%88%87%E3%82%8A%E6%9C%AD" /><W72/><G47/><T69/><D122/><U107/><E106/><V80/><F121/><W82/><G72/><T8/><D110/><U70/><E107/><V64/><F53/><N who="3" m="33871" /><G15/><T134/><D134/><U17/><E109/><V127/><F127/><N who="3" m="48715" /><G34/><T94/><D113/><U36/><E73/><V93/><F42/><W35/><G35/><T76/><D69/><U31/><E126/><V44/><F44/><W0/><G0/><T79/><D66/><U77/><E77/><V63/><F40/><W87/><G75/><T85/><D104/><U14/><E57/><N who="2" m="36943" /><F63/><W54/><G54/><T98/><D22/><U33/><E36/><V119/><F23/><W29/><AGARI ba="0,0" hai="28,29,30,78,82,87,128,129" m="48715,33871" machi="29" ten="40,1500,0" yaku="18,1" doraHai="3" who="3" fromWho="3" sc="196,-4,235,-4,331,-7,238,15" /><INIT seed="3,0,0,4,1,63" ten="192,231,324,253" oya="3" hai0="32,7,9,49,29,16,17,66,100,38,3,112,43" hai1="134,128,12,77,111,56,129,103,53,116,122,120,97" hai2="57,72,23,82,6,85,81,47,67,27,45,94,31" hai3="118,78,119,26,37,131,36,102,64,19,51,35,61"/><W5/><G5/><T95/><D38/><N who="3" m="14953" /><G78/><T28/><D112/><U110/><E77/><V42/><F72/><W55/><G19/><T130/><D130/><N who="1" m="50283" /><E12/><V46/><F6/><W104/><G131/><T87/><D66/><U70/><E70/><V117/><F117/><N who="3" m="44555" /><G26/><T135/><D32/><U71/><E71/><V39/><F39/><W86/><G86/><T62/><D28/><U114/><E116/><V126/><F42/><W75/><G102/><T133/><D29/><U107/><E114/><V52/><F126/><W1/><G104/><T76/><D100/><U109/><E134/><N who="0" m="51209" /><D62/><AGARI ba="0,0" hai="53,56,62,97,103,107,109,110,111,120,122" m="50283" machi="62" ten="40,2600,0" yaku="14,1,19,1" doraHai="63" who="1" fromWho="0" sc="192,-26,231,26,324,0,253,0" /><INIT seed="4,0,0,4,1,1" ten="166,257,324,253" oya="0" hai0="66,47,18,38,128,31,119,80,94,6,48,5,131" hai1="58,133,8,83,122,132,62,65,102,10,63,16,126" hai2="95,89,42,9,46,68,26,81,67,41,84,96,30" hai3="72,20,28,103,59,22,98,124,45,114,11,99,90"/><T85/><D119/><U61/><E122/><V39/><F42/><W127/><G72/><T105/><D105/><U29/><E126/><N who="3" m="48170" /><G114/><T14/><D38/><U49/><E29/><V35/><F9/><W104/><G45/><T17/><D31/><U27/><E102/><V56/><F68/><W118/><G118/><T19/><D66/><U33/><E33/><V115/><F115/><W51/><G28/><T129/><D94/><U44/><E83/><V113/><F113/><W101/><G90/><N who="0" m="51495" /><D14/><N who="1" m="7239" /><E27/><V87/><F81/><W57/><G99/><T13/><D13/><U12/><E132/><V79/><F79/><W36/><G36/><T134/><D134/><U93/><E93/><V86/><F67/><W100/><G98/><T117/><D117/><U92/><E92/><V91/><F91/><W123/><G104/><T50/><D50/><U23/><E23/><N who="3" m="8746" /><G123/><T97/><D97/><U74/><E74/><V112/><F112/><W71/><G51/><T25/><D25/><U108/><E108/><V15/><F15/><W135/><G71/><T55/><AGARI ba="0,0" hai="5,6,17,18,19,47,48,55,128,129,131" m="51495" machi="55" ten="40,7800,0" yaku="19,1,52,2" doraHai="1" who="0" fromWho="0" sc="166,78,257,-26,324,-26,253,-26" /><INIT seed="4,1,0,1,5,118" ten="244,231,298,227" oya="0" hai0="22,11,124,7,75,81,5,34,58,46,120,125,21" hai1="130,128,39,67,50,32,31,132,94,60,97,42,83" hai2="2,38,33,25,99,44,89,10,24,47,104,15,76" hai3="135,95,30,0,88,102,28,23,116,20,53,66,115"/><T91/><D34/><U92/><E39/><V90/><F2/><W27/><G116/><T109/><D109/><U3/><E3/><V26/><F33/><W107/><G0/><T77/><D58/><U8/><E8/><V63/><F38/><W110/><G110/><T101/><D101/><U131/><E83/><V49/><F76/><W70/><G115/><T19/><D22/><N who="3" m="8233" /><G107/><T129/><D129/><U17/><E17/><N who="2" m="8439" /><F104/><W103/><G70/><T121/><D91/><N who="2" m="34826" /><F99/><N who="3" m="57831" /><G135/><T36/><D46/><N who="2" m="17450" /><F49/><W72/><G72/><T43/><D43/><U69/><E132/><V57/><F26/><W65/><G27/><N who="0" m="14783" /><D36/><U48/><E42/><V18/><F18/><W12/><G12/><N who="0" m="5231" /><D7/><U1/><E1/><V14/><F14/><W113/><G113/><T6/><D6/><U4/><E4/><V56/><F56/><W61/><G103/><T100/><D100/><N who="1" m="60455" /><E94/><V122/><F122/><W84/><G102/><T98/><D98/><U127/><E127/><AGARI ba="1,0" hai="75,77,81,120,121,124,125,127" m="5231,14783" machi="127" ten="30,5800,0" yaku="18,1,52,2" doraHai="118" who="0" fromWho="1" sc="244,61,231,-61,298,0,227,0" /><INIT seed="4,2,0,1,3,60" ten="305,170,298,227" oya="0" hai0="25,95,91,121,39,70,46,113,12,57,131,58,62" hai1="15,37,36,52,56,2,42,84,96,127,47,61,9" hai2="100,132,83,74,67,87,4,75,51,33,63,77,64" hai3="49,10,54,27,125,111,40,117,94,86,106,65,69"/><T19/><D113/><U72/><E2/><V43/><F33/><W66/><G106/><T1/><D1/><U79/><E72/><V26/><F132/><W5/><G69/><T14/><D121/><U118/><E118/><V104/><F74/><W101/><G117/><T20/><D131/><U21/><E127/><V17/><F75/><W120/><G111/><T29/><D14/><U90/><E21/><N who="2" m="13615" /><F104/><W32/><G125/><T34/><D39/><U13/><E96/><V115/><F115/><W71/><G71/><T124/><D124/><U109/><E109/><V129/><F129/><W30/><G120/><T114/><D114/><U123/><E79/><V59/><F100/><W85/><G40/><T22/><D46/><U102/><E102/><V23/><F23/><N who="3" m="15743" /><G101/><T55/><D70/><U41/><E123/><V6/><F67/><N who="3" m="25611" /><G32/><T81/><D34/><U93/><REACH who="1" step="1"/><E9/><REACH who="1" ten="305,160,298,227" step="2"/><V24/><F24/><W50/><G94/><T105/><D95/><U82/><E82/><V134/><F134/><W11/><G11/><T53/><D105/><U126/><E126/><V119/><F119/><W112/><G112/><T135/><D135/><U73/><E73/><V45/><AGARI ba="2,1" hai="4,6,43,45,51,59,63,64,77,83,87" m="13615" machi="45" ten="30,2000,0" yaku="8,1,52,1" doraHai="60" who="2" fromWho="2" sc="305,-12,160,-7,298,36,227,-7" /><INIT seed="5,0,0,4,1,18" ten="293,153,334,220" oya="1" hai0="4,130,24,61,6,87,133,22,60,83,90,46,125" hai1="108,68,9,102,32,120,33,58,0,72,109,96,132" hai2="82,11,51,54,105,31,39,3,5,126,53,80,62" hai3="42,7,117,49,78,84,15,89,100,134,103,34,38"/><U35/><E120/><V36/><F105/><W14/><G134/><T64/><D133/><U45/><E132/><V107/><F107/><W81/><G117/><T88/><D125/><U30/><E58/><V8/><F126/><W13/><G34/><T40/><D90/><U28/><E45/><V123/><F123/><W98/><G38/><T77/><D77/><U101/><E72/><V26/><F11/><N who="3" m="4351" /><G89/><T115/><D115/><U121/><E121/><V119/><F119/><W104/><G100/><T111/><D130/><U59/><E59/><V57/><F39/><W23/><G23/><T114/><D111/><N who="1" m="42571" /><E68/><V48/><F36/><W55/><G55/><T116/><D114/><U44/><E44/><AGARI ba="0,0" hai="14,15,42,44,49,78,81,84,98,103,104" m="4351" machi="44" ten="30,1000,0" yaku="25,1" doraHai="18" who="3" fromWho="1" sc="293,0,153,-10,334,0,220,10" /><INIT seed="6,0,0,3,3,128" ten="293,143,334,230" oya="2" hai0="42,124,87,115,132,37,75,62,133,113,130,80,0" hai1="5,57,90,65,11,60,39,31,84,72,52,20,73" hai2="79,61,105,94,54,70,1,64,66,74,45,100,6" hai3="58,106,107,120,29,129,131,24,19,135,50,98,43"/><V122/><F122/><W23/><G120/><T125/><D130/><N who="3" m="49673" /><G135/><N who="0" m="51787" /><D75/><U13/><E39/><V9/><F66/><W81/><G81/><T47/><D0/><U95/><REACH who="1" step="1"/><E65/><REACH who="1" ten="293,133,334,230" step="2"/><V10/><F64/><W114/><G114/><N who="0" m="43531" /><D62/><U22/><E22/><V68/><F61/><W119/><G119/><T67/><D67/><U112/><E112/><V76/><F9/><W121/><G121/><T44/><D44/><U96/><E96/><V51/><F10/><W21/><G98/><T59/><D59/><U108/><E108/><V4/><F45/><N who="3" m="25919" /><G58/><T25/><D25/><AGARI ba="0,1" hai="5,11,13,20,25,31,52,57,60,72,73,84,90,95" machi="25" ten="40,2600,0" yaku="1,1,54,1,53,0" doraHai="128" doraHaiUra="118" who="1" fromWho="0" sc="293,-26,133,36,334,0,230,0" /><AGARI ba="0,0" hai="19,21,23,24,25,29,106,107" m="25919,49673" machi="25" ten="30,1000,0" yaku="19,1" doraHai="128" who="3" fromWho="0" sc="267,-10,169,0,334,0,230,10" /><INIT seed="7,0,0,0,2,89" ten="257,169,334,240" oya="3" hai0="62,115,104,88,120,63,112,4,33,81,35,117,76" hai1="97,66,23,71,126,113,48,60,27,106,21,22,129" hai2="47,25,32,132,59,134,29,127,102,7,69,20,1" hai3="84,95,98,15,10,11,116,65,124,125,75,111,87"/><W61/><G75/><T2/><D117/><U17/><E113/><N who="0" m="43593" /><D120/><U131/><E126/><N who="3" m="48746" /><G116/><T14/><D2/><U55/><E106/><V108/><F69/><N who="3" m="42159" /><G111/><T103/><D88/><U24/><E97/><V114/><F108/><W135/><G135/><N who="2" m="51753" /><F114/><W83/><G83/><T16/><D4/><U13/><E13/><V107/><F127/><W94/><G10/><N who="0" m="6231" /><D103/><U133/><E133/><V30/><F102/><N who="3" m="60759" /><G95/><T128/><D104/><U3/><E3/><V8/><F107/><W12/><G12/><T5/><D5/><AGARI ba="0,0" hai="5,11,15,84,87" m="60759,42159,48746" machi="5" ten="30,2900,0" yaku="18,1,52,1" doraHai="89" who="3" fromWho="0" sc="257,-29,169,0,334,0,240,29" /><INIT seed="7,1,0,2,5,106" ten="228,169,334,269" oya="3" hai0="102,23,104,113,54,107,9,22,74,39,75,58,125" hai1="103,80,48,73,45,109,78,20,66,0,52,33,16" hai2="41,135,77,126,7,82,37,56,61,17,121,14,122" hai3="68,124,30,2,93,35,15,47,10,65,21,92,134"/><W127/><G134/><T60/><D39/><U49/><E109/><V114/><F114/><W76/><G76/><T95/><D113/><U26/><E0/><V131/><F131/><W99/><G47/><T88/><D125/><N who="3" m="48201" /><G35/><T79/><D9/><U34/><E103/><V130/><F130/><W97/><G68/><T120/><D120/><N who="2" m="46186" /><F135/><W117/><G65/><T43/><D43/><U3/><E3/><V112/><F112/><W19/><G117/><T87/><D107/><U25/><E66/><N who="2" m="39207" /><F126/><W1/><G30/><T18/><D79/><U38/><E38/><V28/><F28/><W86/><G86/><T81/><D104/><U70/><E70/><V13/><F7/><N who="3" m="1391" /><G2/><T24/><REACH who="0" step="1"/><D23/><REACH who="0" ten="218,169,334,269" step="2"/><U71/><E71/><V84/><F41/><W8/><G21/><T6/><D6/><U115/><E115/><V91/><F37/><W36/><G36/><T83/><D83/><U53/><REACH who="1" step="1"/><E26/><REACH who="1" ten="218,159,334,269" step="2"/><V85/><F17/><W116/><G116/><T133/><D133/><U132/><E132/><V55/><F55/><W110/><G110/><T129/><D129/><U100/><E100/><V29/><F29/><W128/><G128/><T31/><D31/><U12/><E12/><V96/><F14/><W57/><G19/><T50/><D50/><U40/><E40/><V27/><F13/><W94/><G15/><T111/><D111/><U123/><E123/><V105/><F27/><W51/><G8/><T4/><D4/><U72/><E72/><V101/><F101/><W44/><G51/><T32/><D32/><U63/><E63/><V59/><F105/><W89/><G94/><RYUUKYOKU ba="1,2" sc="218,15,159,15,334,-15,269,-15" hai0="18,22,24,54,58,60,74,75,81,87,88,95,102" hai1="16,20,25,33,34,45,48,49,52,53,73,78,80" owari="233,-17.0,174,-33.0,339,45.0,254,5.0" /></mjloggm>