<mjloggm ver="2.3"><GO type="169" lobby="0"/><UN n0="%E5%B0%B1%E6%B4%BB%E7%94%9F%40%E5%B7%9D%E6%9D%91%E8%BB%8D%E5%9B%A3" n1="%E9%9B%B2%E9%9B%80%E3%81%AE%E5%9B%80%E3%82%8A" n2="%79%75%2D%2D%2D%2D%2D%75" n3="%E2%91%A3%E3%82%BB%E3%83%B3%E3%83%81" dan="17,16,17,18" rate="2238.56,2062.70,2250.20,2190.19" sx="M,M,M,M"/><TAIKYOKU oya="0"/><INIT seed="0,0,0,1,0,55" ten="250,250,250,250" oya="0" hai0="67,92,36,109,38,113,131,102,17,120,81,62,82" hai1="52,78,88,125,18,59,72,48,11,6,42,76,96" hai2="115,117,103,121,5,49,27,99,16,31,129,107,10" hai3="73,66,53,60,13,79,43,41,101,95,63,112,21"/><T40/><D120/><U80/><E125/><V35/><F121/><W45/><G112/><T32/><D32/><U34/><E34/><V71/><F129/><W22/><G73/><T128/><D113/><U110/><E110/><V130/><F130/><N who="0" m="49706" /><D17/><U30/><E30/><V126/><F126/><W98/><G79/><T65/><D109/><U51/><E18/><V68/><F115/><W4/><G4/><T114/><D114/><U44/><E72/><V135/><F135/><W119/><G119/><T56/><D67/><U14/><REACH who="1" step="1"/><E96/><REACH who="1" ten="250,240,250,250" step="2"/><V104/><F117/><W132/><G98/><N who="0" m="59719" /><D40/><U1/><E1/><V57/><F104/><W123/><G43/><T9/><D9/><U111/><E111/><V70/><F5/><W3/><G41/><T87/><D87/><AGARI ba="0,1" hai="6,11,14,42,44,48,51,52,59,76,78,80,87,88" machi="87" ten="40,12000,2" yaku="1,1,8,1,52,1,54,2,53,1" doraHai="55" doraHaiUra="86" who="1" fromWho="0" sc="250,-120,240,130,250,0,250,0" /><INIT seed="1,0,0,3,4,27" ten="130,370,250,250" oya="1" hai0="23,97,79,100,70,108,93,22,29,80,127,107,67" hai1="54,25,61,12,104,53,76,99,73,52,114,11,9" hai2="94,124,45,65,96,40,72,46,89,20,43,39,44" hai3="109,3,31,28,8,120,48,113,15,82,125,33,18"/><U32/><E114/><V42/><F124/><W98/><G120/><T101/><D127/><U115/><E115/><V81/><F65/><W36/><G125/><T119/><D119/><U126/><E126/><V130/><F130/><W50/><G113/><T66/><D108/><U102/><E76/><V35/><F35/><W86/><G36/><T10/><D10/><U62/><E73/><V111/><F111/><W135/><G109/><T14/><D107/><U92/><E104/><V34/><F34/><W110/><G110/><T87/><D101/><U68/><E12/><V19/><F72/><W21/><G135/><T129/><D129/><U58/><E68/><V16/><F39/><W85/><G98/><T122/><D122/><U121/><E121/><V74/><F74/><W38/><G38/><T83/><D83/><U37/><E37/><V4/><F4/><W5/><G86/><T7/><D7/><U84/><E84/><N who="2" m="50319" /><F20/><W75/><G75/><T26/><REACH who="0" step="1"/><D70/><REACH who="0" ten="120,370,250,250" step="2"/><U134/><E9/><V1/><F1/><W41/><G3/><T117/><D117/><U55/><E11/><V51/><F51/><W49/><G5/><T24/><D24/><U17/><E134/><V47/><N who="2" m="11264" /><DORA hai="57" /><V2/><F2/><W131/><G131/><T133/><D133/><U106/><E106/><V112/><F112/><W105/><G105/><T69/><D69/><U118/><E118/><V71/><F71/><W77/><G8/><T123/><D123/><U132/><E132/><V63/><F42/><W56/><G41/><T103/><D103/><U59/><N who="1" m="13312" /><DORA hai="128" /><U0/><E102/><RYUUKYOKU ba="0,1" sc="120,30,370,-10,250,-10,250,-10" hai0="14,22,23,26,29,66,67,79,80,87,93,97,100" /><INIT seed="2,1,1,5,5,76" ten="150,360,240,240" oya="2" hai0="86,49,134,59,61,19,15,55,39,41,88,120,135" hai1="81,13,121,124,115,16,109,100,83,78,44,63,84" hai2="38,107,118,105,66,89,103,29,74,64,43,11,58" hai3="8,10,111,45,108,101,127,32,48,102,1,12,67"/><V80/><F118/><W47/><G127/><T82/><D120/><U92/><E124/><V28/><F103/><N who="3" m="39435" /><G32/><T93/><D61/><U54/><E121/><V116/><F116/><W26/><G26/><T133/><D41/><U33/><E33/><V18/><F43/><W53/><G67/><T85/><D39/><U94/><E115/><V110/><F38/><W70/><G70/><T42/><D42/><U51/><E100/><V36/><F36/><W98/><G98/><T50/><D50/><U31/><E31/><V99/><F110/><N who="3" m="42027" /><G1/><T40/><D40/><U91/><E63/><N who="2" m="38007" /><F66/><W23/><G47/><T4/><D4/><U117/><E117/><V113/><F113/><W87/><G87/><T37/><D37/><U62/><E62/><V25/><F74/><W95/><G95/><T132/><N who="0" m="34304" /><DORA hai="57" /><T79/><D15/><U30/><E30/><V14/><F99/><W6/><G8/><T7/><D7/><U69/><E69/><V71/><F71/><W131/><G23/><T24/><D24/><U77/><E109/><V130/><F130/><AGARI ba="1,1" hai="6,10,12,45,48,53,130,131" m="42027,39435" machi="130" ten="30,1000,0" yaku="14,1" doraHai="76,57" who="3" fromWho="2" sc="150,0,360,0,240,-13,240,23" /><INIT seed="3,0,0,1,1,100" ten="150,360,227,263" oya="3" hai0="75,130,23,41,38,64,112,85,28,94,101,12,18" hai1="83,17,91,2,7,121,42,1,26,62,14,113,49" hai2="127,119,125,77,132,87,36,122,126,73,19,109,32" hai3="72,11,120,116,80,129,57,65,108,20,93,4,102"/><W131/><G116/><T50/><D75/><U44/><E121/><V124/><F122/><W3/><G120/><T34/><D130/><N who="3" m="49673" /><G20/><T30/><D112/><U31/><E113/><V9/><F119/><W37/><G37/><T10/><D38/><U68/><E7/><V21/><F32/><W0/><G0/><T69/><D34/><U27/><E91/><V59/><F73/><W8/><G8/><T115/><D115/><U118/><E83/><N who="2" m="47599" /><F36/><W97/><G108/><T45/><D69/><U16/><E118/><V92/><F132/><W78/><G57/><T35/><D35/><U106/><E2/><V67/><F109/><W107/><G65/><T133/><D64/><U47/><E1/><V40/><F9/><W79/><G79/><T43/><D133/><U95/><E68/><V54/><F67/><W110/><G110/><T60/><D60/><U74/><E62/><V134/><F134/><W99/><G99/><T13/><D41/><U52/><E42/><V46/><F40/><W70/><G70/><T58/><D58/><U82/><E52/><V88/><F46/><W98/><G98/><N who="0" m="59607" /><D85/><U39/><E47/><V56/><F54/><W105/><AGARI ba="0,0" hai="3,4,11,72,78,80,93,97,102,105,107" m="49673" machi="105" ten="30,6000,0" yaku="19,1,52,2" doraHai="100" who="3" fromWho="3" sc="150,-20,360,-20,227,-20,263,60" /><INIT seed="3,1,0,3,5,104" ten="130,340,207,323" oya="3" hai0="55,131,40,29,22,48,135,24,118,13,47,20,50" hai1="89,105,119,5,37,107,70,97,86,110,69,117,115" hai2="54,59,98,120,27,63,30,42,74,121,91,51,71" hai3="125,41,44,77,73,21,65,83,15,67,92,96,43"/><W18/><G125/><T46/><D118/><N who="1" m="45067" /><E115/><V8/><F8/><W132/><G132/><T84/><D135/><U81/><E37/><V16/><F30/><W1/><G1/><T62/><D131/><U57/><E110/><V26/><F26/><W112/><G112/><T93/><D62/><U127/><E127/><V122/><F71/><N who="1" m="27145" /><E5/><V36/><F36/><W114/><G114/><T19/><D84/><U2/><E2/><V0/><F0/><W76/><G77/><T133/><D133/><U78/><E57/><V128/><F128/><W134/><G134/><T52/><REACH who="0" step="1"/><D93/><AGARI ba="1,0" hai="78,81,86,89,93,97,105,107" m="27145,45067" machi="93" ten="30,1000,0" yaku="12,1" doraHai="104" who="1" fromWho="0" sc="130,-13,340,13,207,0,323,0" /><INIT seed="4,0,0,3,3,53" ten="117,353,207,323" oya="0" hai0="83,41,21,89,110,118,105,38,79,68,103,84,100" hai1="35,75,33,27,28,81,72,126,25,55,14,30,11" hai2="101,29,111,122,10,133,6,24,63,1,117,134,112" hai3="80,13,49,15,135,7,130,109,18,34,17,66,108"/><T5/><D68/><U95/><E126/><V47/><F111/><W92/><G34/><T26/><D110/><U2/><E2/><V107/><F122/><W96/><G7/><T102/><D118/><U98/><E81/><V87/><F117/><W45/><G135/><N who="2" m="51721" /><F112/><W23/><G80/><T71/><D71/><U52/><E75/><V3/><F47/><W127/><G66/><T73/><D5/><U114/><E72/><V48/><F48/><W115/><G130/><T51/><D38/><U9/><E114/><V90/><F63/><W61/><G61/><T58/><D105/><U128/><E128/><V54/><F54/><W121/><G127/><T131/><D131/><U67/><E67/><V4/><F101/><W97/><G97/><T123/><D123/><U39/><E39/><V36/><F107/><W22/><G121/><T12/><D12/><U70/><E70/><V16/><F36/><W31/><G31/><T93/><D41/><U40/><E40/><V124/><F124/><W69/><G69/><T104/><D51/><U42/><E42/><V106/><F106/><W44/><G44/><T85/><D104/><U129/><E129/><V120/><F120/><W19/><G115/><T78/><D58/><U74/><E74/><V50/><F50/><W59/><G59/><T56/><D56/><U116/><E116/><V0/><F6/><W37/><G37/><T65/><D65/><U57/><E57/><V132/><F132/><W94/><G109/><T125/><D125/><U60/><E60/><V43/><F43/><W119/><G108/><T77/><D73/><RYUUKYOKU ba="0,0" sc="117,30,353,-10,207,-10,323,-10" hai0="21,26,77,78,79,83,84,85,89,93,100,102,103" /><INIT seed="4,1,0,0,4,16" ten="147,343,197,313" oya="0" hai0="126,58,46,40,130,71,93,1,134,13,104,131,128" hai1="88,35,129,120,62,113,127,66,68,116,60,25,83" hai2="94,72,133,132,55,77,65,99,56,24,105,101,122" hai3="70,4,110,51,106,53,3,50,37,34,32,12,39"/><T114/><D104/><U115/><E120/><V42/><F65/><W5/><G110/><T15/><D1/><U47/><E116/><V100/><F122/><W41/><G3/><T38/><D71/><U23/><E127/><V121/><F121/><W107/><G70/><T75/><D75/><U30/><E129/><V0/><F0/><W49/><G12/><N who="0" m="4683" /><D126/><U80/><E60/><V33/><F42/><W102/><G53/><T59/><D134/><N who="2" m="51818" /><F77/><W26/><G26/><T89/><D114/><N who="1" m="43531" /><E47/><V45/><F45/><W73/><G102/><N who="2" m="39529" /><F72/><W2/><G73/><T124/><D124/><U10/><E10/><V28/><F105/><N who="3" m="39947" /><G2/><T109/><D109/><U74/><E74/><V108/><F108/><W64/><G64/><T44/><D44/><U92/><E35/><N who="3" m="13354" /><G41/><T52/><D52/><U19/><E30/><V84/><F55/><W119/><G119/><T9/><D9/><U54/><E54/><V78/><F56/><W69/><G69/><T57/><D57/><U81/><E68/><V103/><F78/><W112/><G112/><T97/><AGARI ba="1,0" hai="38,40,46,58,59,89,93,97,128,130,131" m="4683" machi="97" ten="40,2100,0" yaku="19,1" doraHai="16" who="0" fromWho="0" sc="147,24,343,-8,197,-8,313,-8" /><INIT seed="4,2,0,4,3,133" ten="171,335,189,305" oya="0" hai0="60,75,94,80,0,118,72,76,7,58,51,130,134" hai1="93,62,103,53,99,120,4,20,110,65,68,2,11" hai2="105,117,23,19,131,3,87,114,29,37,1,28,101" hai3="42,50,104,38,13,119,59,70,89,86,123,31,106"/><T132/><D118/><U14/><E110/><V115/><F37/><W84/><G119/><T116/><D116/><U125/><E125/><V48/><F117/><W71/><G31/><N who="2" m="11849" /><F105/><W52/><G123/><T129/><D72/><U36/><E36/><V128/><F101/><W27/><G27/><T77/><D77/><U90/><E120/><V85/><F48/><W112/><G86/><N who="2" m="32777" /><F23/><W102/><G112/><N who="2" m="43049" /><F19/><W83/><G13/><T135/><D94/><U64/><E20/><V61/><F61/><W22/><G22/><T33/><D33/><U95/><E14/><V69/><F69/><W56/><G56/><T73/><D73/><U41/><E68/><V108/><F108/><W109/><G109/><T8/><REACH who="0" step="1"/><D51/><REACH who="0" ten="161,335,189,305" step="2"/><U39/><E95/><V21/><F21/><W16/><G106/><T24/><D24/><U10/><E93/><V97/><F97/><W43/><G38/><T79/><D79/><U91/><E99/><V66/><F66/><AGARI ba="2,1" hai="0,7,8,58,60,66,75,76,80,129,130,132,134,135" machi="66" ten="40,7700,0" yaku="1,1,20,1,53,1" doraHai="133" doraHaiUra="78" who="0" fromWho="2" sc="161,93,335,0,189,-83,305,0" /><INIT seed="4,3,0,2,3,112" ten="254,335,106,305" oya="0" hai0="131,127,91,67,31,47,63,72,107,39,34,123,70" hai1="29,113,76,57,97,69,42,93,2,59,83,33,74" hai2="9,10,64,125,37,110,8,26,1,21,101,4,77" hai3="48,104,53,115,54,73,99,132,109,68,88,16,120"/><T87/><D72/><U89/><E113/><V66/><F37/><W44/><G109/><T24/><D123/><U118/><E69/><V103/><F110/><W0/><G115/><T12/><D107/><U85/><E2/><V13/><F125/><W114/><G114/><T90/><D127/><U79/><E118/><V52/><F77/><W22/><G0/><T126/><D126/><U111/><E111/><V117/><F117/><W56/><G68/><T40/><D131/><U25/><E42/><V3/><F26/><W108/><G108/><T133/><D133/><U84/><E74/><V62/><F21/><W119/><G119/><T38/><D12/><U49/><E49/><V35/><F35/><W20/><G120/><T94/><D90/><U129/><E129/><V135/><F135/><W45/><G73/><T128/><D128/><U18/><E18/><V46/><F1/><W28/><G132/><T11/><D11/><N who="2" m="4170" /><F3/><W30/><G104/><T122/><D122/><U116/><E116/><V102/><F46/><N who="3" m="18027" /><G54/><T14/><D14/><U81/><AGARI ba="3,0" hai="25,29,33,57,59,76,79,81,83,84,85,89,93,97" machi="81" ten="30,2000,0" yaku="0,1,9,1" doraHai="112" who="1" fromWho="1" sc="254,-13,335,29,106,-8,305,-8" /><INIT seed="5,0,0,4,4,77" ten="241,364,98,297" oya="1" hai0="16,28,47,94,61,88,69,50,51,101,49,83,52" hai1="93,121,97,127,27,119,4,86,23,76,20,109,30" hai2="102,116,132,108,131,84,80,14,85,74,105,43,21" hai3="13,68,1,8,44,12,63,130,92,115,62,65,91"/><U75/><E121/><V34/><F108/><W81/><G115/><T135/><D135/><U33/><E109/><V60/><F34/><W26/><G130/><T134/><D28/><U87/><E119/><V0/><F0/><W71/><G26/><T41/><D134/><U10/><E127/><V72/><F132/><W89/><G44/><T18/><D101/><U3/><E75/><V113/><F43/><W39/><G39/><T125/><D125/><U35/><E35/><V99/><F113/><W123/><G123/><T24/><D83/><U2/><E2/><V122/><F122/><W64/><G81/><T114/><D114/><U90/><E76/><V128/><F116/><W7/><REACH who="3" step="1"/><G91/><REACH who="3" ten="241,364,98,287" step="2"/><T11/><D24/><U45/><E45/><V9/><F131/><W19/><G19/><N who="0" m="7211" /><D11/><U117/><E117/><V53/><F9/><W29/><G29/><T95/><D69/><U78/><E78/><V36/><F128/><W46/><G46/><T56/><D94/><U22/><AGARI ba="0,1" hai="3,4,10,20,22,23,27,30,33,86,87,90,93,97" machi="22" ten="30,1500,0" yaku="0,1" doraHai="77" who="1" fromWho="1" sc="241,-5,364,25,98,-5,287,-5" /><INIT seed="5,1,0,5,2,29" ten="236,389,93,282" oya="1" hai0="130,84,46,89,42,108,49,69,62,40,132,90,100" hai1="26,126,34,129,5,28,31,76,59,51,67,95,56" hai2="124,54,107,93,70,105,133,50,121,98,106,103,0" hai3="66,73,86,4,102,71,135,88,119,111,21,14,113"/><U58/><E129/><V11/><F121/><W7/><G111/><T125/><D108/><U9/><E126/><V65/><F124/><W96/><G73/><T99/><D125/><U131/><E131/><V91/><F133/><W12/><G135/><T33/><D33/><U123/><E123/><V97/><F70/><W39/><G39/><T110/><D110/><U20/><E76/><V115/><F65/><W53/><G113/><T85/><D132/><U10/><E67/><V48/><F115/><W63/><G119/><T83/><D130/><U74/><E74/><V25/><F48/><W19/><G53/><T127/><D127/><U47/><E95/><V18/><F0/><W80/><REACH who="3" step="1"/><G14/><REACH who="3" ten="236,389,93,272" step="2"/><T45/><D42/><U55/><REACH who="1" step="1"/><E5/><REACH who="1" ten="236,379,93,272" step="2"/><V114/><F114/><W72/><G72/><T3/><D83/><U79/><E79/><V64/><F64/><W118/><G118/><T15/><D89/><U22/><E22/><V44/><F91/><W43/><G43/><T36/><D90/><U30/><E30/><V6/><F6/><W32/><G32/><T92/><D40/><U78/><E78/><V35/><F35/><W87/><G87/><T120/><D85/><U116/><E116/><V1/><F98/><W112/><G112/><T68/><D84/><U38/><E38/><V128/><F128/><W94/><AGARI ba="1,2" hai="4,7,12,19,21,63,66,71,80,86,88,94,96,102" machi="94" ten="20,5200,0" yaku="1,1,0,1,7,1,54,1,53,0" doraHai="29" doraHaiUra="109" who="3" fromWho="3" sc="236,-14,379,-27,93,-14,272,75" /><INIT seed="6,0,0,5,1,25" ten="222,352,79,347" oya="2" hai0="89,4,99,21,100,121,66,133,93,82,114,3,94" hai1="118,33,117,111,50,9,126,19,62,45,67,10,20" hai2="16,17,1,75,55,90,86,115,30,37,131,29,116" hai3="77,32,112,18,85,102,107,26,22,72,8,35,130"/><V104/><F75/><W110/><G110/><T6/><D121/><U135/><E111/><V103/><F116/><W13/><G72/><T31/><D114/><U119/><E33/><V78/><F37/><W39/><G39/><T128/><D3/><U96/><E96/><V134/><F1/><W41/><G41/><T91/><D66/><U71/><E126/><V124/><F124/><W70/><G70/><T54/><D54/><U34/><E34/><V43/><F115/><W51/><G112/><T23/><D128/><U59/><E135/><V79/><F134/><W61/><G130/><T56/><D56/><U40/><REACH who="1" step="1"/><E71/><REACH who="1" ten="222,342,79,347" step="2"/><V11/><F131/><W69/><G35/><T92/><D99/><U42/><E42/><V38/><F104/><W129/><G32/><T57/><D100/><U28/><E28/><N who="2" m="10859" /><F38/><W105/><G105/><T58/><D31/><U49/><E49/><V63/><F43/><W47/><G129/><T97/><D97/><U14/><AGARI ba="0,1" hai="9,10,14,19,20,40,45,50,59,62,67,117,118,119" machi="14" ten="30,2000,0" yaku="1,1,0,1,53,0" doraHai="25" doraHaiUra="2" who="1" fromWho="1" sc="222,-5,342,30,79,-10,347,-5" /><INIT seed="7,0,0,2,4,133" ten="217,372,69,342" oya="3" hai0="59,56,28,20,8,90,41,9,129,35,66,86,63" hai1="94,17,132,106,130,60,84,0,91,109,69,119,16" hai2="114,49,31,3,99,70,96,128,125,1,39,47,67" hai3="127,73,115,116,29,36,12,64,21,102,101,57,71"/><W85/><G73/><T33/><D129/><U98/><E130/><V40/><F128/><W52/><G116/><T24/><D35/><U100/><E132/><V23/><F31/><W134/><G134/><T27/><D41/><U75/><E119/><V111/><F23/><W26/><G36/><T37/><D37/><U118/><E118/><V122/><F96/><W18/><G115/><T92/><D59/><U34/><E109/><V51/><F99/><W48/><G127/><T42/><D42/><U79/><E0/><V107/><F107/><W78/><G64/><T124/><D124/><U82/><E34/><V120/><F39/><W43/><G43/><T93/><D93/><U45/><E45/><V81/><F40/><W61/><G61/><T46/><D46/><U89/><E89/><V103/><F47/><W7/><G7/><T11/><D11/><U76/><E76/><V65/><F114/><W105/><G71/><T50/><D50/><U44/><E44/><V131/><F131/><W83/><REACH who="3" step="1"/><G105/><REACH who="3" ten="217,372,69,332" step="2"/><T95/><D63/><U112/><E112/><V104/><F104/><W123/><G123/><T97/><D66/><AGARI ba="0,1" hai="16,17,60,66,69,75,79,82,84,91,94,98,100,106" machi="66" ten="40,5200,0" yaku="24,2,54,1" doraHai="133" who="1" fromWho="0" sc="217,-52,372,62,69,0,332,0" owari="165,-23.0,434,53.0,69,-43.0,332,13.0" /></mjloggm>