<mjloggm ver="2.3"><GO type="169" lobby="0"/><UN n0="%E6%89%8B%E5%BD%B9%E3%82%A2%E3%83%BC%E3%83%86%E3%82%A3%E3%82%B9%E3%83%88" n1="%E3%83%88%E3%83%88%E3%83%AA%E5%85%88%E7%94%9F%31%39%E6%AD%B3" n2="%70%69%6E%70%69%6E%36" n3="%61%71%75%61%72%69%75%73" dan="16,18,16,17" rate="2071.41,2211.52,2089.13,2151.20" sx="M,F,M,F"/><TAIKYOKU oya="0"/><INIT seed="0,0,0,3,2,47" ten="250,250,250,250" oya="0" hai0="117,58,32,121,132,91,55,24,43,37,46,84,126" hai1="39,75,99,27,124,95,131,116,12,85,77,9,135" hai2="66,101,34,112,29,78,92,18,36,64,119,11,28" hai3="72,50,79,2,16,44,113,89,71,56,53,60,114"/><T8/><D117/><U76/><E116/><V82/><F112/><W73/><G2/><T94/><D121/><U38/><E75/><V41/><F119/><W62/><G89/><T96/><D126/><U23/><E124/><V109/><F109/><W87/><G73/><T81/><D132/><U17/><E135/><V134/><F134/><W3/><G72/><T88/><D8/><U25/><E131/><V7/><F41/><W35/><G35/><T106/><D106/><U19/><E27/><V128/><F36/><W48/><G3/><T123/><D123/><U130/><E130/><V33/><F33/><W102/><G102/><T10/><D10/><U30/><E19/><V21/><F34/><W74/><G74/><T63/><D24/><U125/><E125/><V22/><F128/><W14/><G71/><T80/><D32/><U127/><E127/><V4/><F101/><W83/><G113/><T122/><D122/><U1/><E1/><V97/><F97/><W51/><G114/><T15/><D15/><U108/><E108/><V100/><F100/><W118/><G118/><T0/><D0/><U57/><E99/><V42/><F42/><N who="3" m="24599" /><G62/><T54/><D81/><N who="1" m="47271" /><E95/><V65/><F92/><W107/><G107/><T104/><D104/><U69/><E69/><V49/><F18/><W129/><G129/><T61/><REACH who="0" step="1"/><D63/><REACH who="0" ten="240,250,250,250" step="2"/><U40/><E12/><V67/><F82/><W98/><G98/><T111/><D111/><U90/><E25/><V45/><F11/><AGARI ba="0,1" hai="11,14,16,50,51,53,56,60,79,83,87" m="24599" machi="11" ten="30,8000,1" yaku="8,1,52,3,54,1" doraHai="47" who="3" fromWho="2" sc="240,0,250,0,250,-80,250,90" /><INIT seed="1,0,0,4,5,42" ten="240,250,170,340" oya="1" hai0="63,4,78,85,40,51,25,108,52,44,49,41,56" hai1="27,26,94,3,126,21,102,115,67,83,91,93,101" hai2="0,135,23,16,33,66,10,134,114,121,9,35,36" hai3="109,5,38,68,50,70,48,132,58,31,80,128,53"/><U30/><E115/><V15/><F36/><W111/><G5/><T73/><D73/><U122/><E122/><V64/><F114/><W117/><G31/><T43/><D108/><U46/><E3/><V110/><F66/><W69/><G80/><N who="0" m="47255" /><D4/><U123/><E123/><V118/><F64/><W87/><G87/><T88/><D25/><U99/><E126/><V90/><F90/><W71/><G117/><T81/><D49/><U84/><E67/><V6/><F121/><W89/><G89/><T29/><D29/><U77/><E93/><V14/><F118/><W37/><G132/><N who="2" m="50729" /><F110/><N who="3" m="41995" /><G71/><T95/><D81/><U79/><E79/><V127/><F127/><W22/><G22/><T7/><D7/><AGARI ba="0,0" hai="0,6,7,9,10,14,15,16,23,33,35" m="50729" machi="7" ten="30,7700,0" yaku="20,1,34,2,54,1" doraHai="42" who="2" fromWho="0" sc="240,-77,250,0,170,77,340,0" /><INIT seed="2,0,0,2,2,10" ten="163,250,247,340" oya="2" hai0="94,0,53,107,89,41,2,44,75,81,117,108,92" hai1="26,23,31,113,46,8,62,11,102,43,69,111,96" hai2="51,125,13,98,40,71,16,63,60,20,21,70,17" hai3="52,22,30,19,121,128,61,65,73,91,132,45,95"/><V126/><F98/><W67/><G132/><T124/><D107/><U36/><E113/><V99/><F99/><W34/><G128/><T18/><D108/><U54/><E111/><V47/><F70/><W133/><G73/><T64/><D64/><U68/><E54/><V72/><F72/><W85/><G133/><T48/><D124/><N who="2" m="47722" /><F71/><W80/><G34/><T66/><D66/><U115/><E115/><V27/><AGARI ba="0,0" hai="13,16,17,20,21,27,40,47,51,60,63" m="47722" machi="27" ten="30,6000,0" yaku="18,1,52,1,54,1" doraHai="10" who="2" fromWho="2" sc="163,-20,250,-20,247,60,340,-20" /><INIT seed="2,1,0,3,2,92" ten="143,230,307,320" oya="2" hai0="127,99,129,70,46,95,44,71,37,93,76,90,89" hai1="109,121,108,105,130,19,102,10,47,21,97,63,126" hai2="45,113,24,27,62,12,98,72,114,110,124,50,60" hai3="91,59,30,53,74,54,48,122,111,56,64,20,83"/><V16/><F124/><W125/><G111/><T94/><D127/><U13/><E126/><V31/><F110/><N who="1" m="42601" /><E130/><V131/><F131/><W75/><G122/><T103/><D129/><U55/><E121/><V133/><F133/><W123/><G123/><T104/><D76/><U85/><E85/><V41/><F72/><W86/><G64/><T34/><D34/><U87/><E87/><V120/><F120/><W134/><G134/><T84/><D37/><U69/><E47/><V1/><F1/><W73/><G125/><T25/><D25/><U112/><E112/><V36/><F36/><W22/><REACH who="3" step="1"/><G30/><REACH who="3" ten="143,230,307,310" step="2"/><T26/><D71/><U78/><E69/><V2/><F113/><W68/><G68/><T65/><D70/><U132/><E132/><V66/><F114/><W23/><G23/><T106/><D65/><U4/><E21/><V51/><F66/><W128/><G128/><T11/><D11/><U58/><E78/><V9/><F31/><W61/><AGARI ba="1,1" hai="20,22,48,53,54,56,59,61,73,74,75,83,86,91" machi="61" ten="30,4000,0" yaku="1,1,0,1,53,1" doraHai="92" doraHaiUra="77" who="3" fromWho="3" sc="143,-11,230,-11,307,-21,310,53" /><INIT seed="3,0,0,2,3,62" ten="132,219,286,363" oya="3" hai0="81,34,132,13,1,36,14,91,115,101,83,20,111" hai1="75,6,72,32,86,88,9,46,107,40,65,133,122" hai2="51,77,93,19,52,23,92,64,95,30,59,89,47" hai3="102,16,87,53,127,25,66,97,2,118,61,123,33"/><W28/><G2/><T74/><D34/><U5/><E122/><V31/><F77/><W11/><G127/><T37/><D91/><U119/><E32/><V130/><F130/><W26/><G118/><T100/><D20/><U17/><E107/><V48/><F89/><W58/><G123/><T54/><D111/><U0/><E119/><V80/><F80/><W42/><G42/><T55/><D1/><U43/><E133/><V71/><F71/><W125/><G125/><T35/><D35/><U116/><E116/><V21/><F21/><W110/><G110/><T68/><D68/><U129/><E129/><V126/><F126/><W8/><G87/><T63/><D63/><U22/><E5/><V85/><F85/><W120/><G120/><T134/><D115/><U56/><E56/><V106/><F106/><W41/><G41/><T90/><D90/><U69/><E43/><N who="2" m="24703" /><F64/><W121/><G121/><T112/><D112/><U49/><E65/><V108/><F108/><W4/><G4/><T29/><REACH who="0" step="1"/><D74/><REACH who="0" ten="122,219,286,363" step="2"/><U73/><E69/><V39/><F39/><W10/><G33/><T98/><D98/><U12/><REACH who="1" step="1"/><E75/><REACH who="1" ten="122,209,286,363" step="2"/><V57/><F57/><W82/><G58/><T38/><D38/><U44/><E44/><V50/><F50/><W18/><G66/><T67/><D67/><U135/><E135/><V128/><F128/><W70/><G70/><T105/><D105/><U3/><E3/><V124/><F124/><W103/><G53/><T99/><D99/><U114/><E114/><V45/><F45/><W84/><G97/><T60/><D60/><U104/><E104/><RYUUKYOKU ba="0,2" sc="122,10,209,10,286,10,363,-30" hai0="13,14,29,36,37,54,55,81,83,100,101,132,134" hai1="0,6,9,12,17,22,40,46,49,72,73,86,88" hai2="19,23,30,31,51,52,59,92,93,95" /><INIT seed="4,1,2,1,4,100" ten="132,219,296,333" oya="0" hai0="83,134,18,34,37,92,90,20,128,96,121,21,73" hai1="40,58,102,50,17,59,116,53,113,15,36,65,77" hai2="41,93,48,51,129,86,9,6,82,19,24,45,67" hai3="29,71,98,42,78,126,110,101,120,11,47,3,35"/><T14/><D121/><U122/><E122/><V16/><F129/><W49/><G71/><T7/><D128/><U55/><E116/><V43/><F67/><W1/><G126/><T88/><D34/><U105/><E113/><V5/><F93/><W130/><G110/><T22/><D37/><U114/><E114/><V30/><F48/><W60/><G78/><T10/><D134/><U72/><E65/><V44/><F44/><W28/><G130/><T25/><REACH who="0" step="1"/><D73/><REACH who="0" ten="122,219,296,333" step="2"/><U27/><E36/><V106/><F43/><W107/><G35/><T124/><D124/><U32/><E40/><V8/><F41/><W13/><G120/><T56/><D56/><U63/><E72/><V89/><F45/><W80/><G42/><T4/><D4/><U81/><E32/><V0/><F6/><W85/><G47/><T103/><D103/><U61/><E102/><V111/><F5/><W57/><G101/><T23/><D23/><U94/><E59/><V97/><F9/><W123/><G57/><T127/><D127/><U2/><E58/><V31/><F8/><W39/><G11/><T68/><D68/><U117/><E117/><V64/><F0/><W38/><G1/><T52/><D52/><U79/><E55/><V33/><F33/><W46/><G3/><T108/><D108/><U99/><E2/><V131/><F111/><W12/><G39/><T84/><AGARI ba="1,3" hai="7,10,14,18,20,21,22,25,83,84,88,90,92,96" machi="84" ten="30,11700,0" yaku="1,1,0,1,8,1,54,1,53,0" doraHai="100" doraHaiUra="118" who="0" fromWho="0" sc="122,150,219,-40,296,-40,333,-40" /><INIT seed="4,2,0,4,0,93" ten="272,179,256,293" oya="0" hai0="85,134,86,19,3,23,97,118,84,119,26,40,122" hai1="28,6,102,114,103,129,48,43,121,72,77,47,73" hai2="54,53,70,133,74,104,44,115,109,25,14,42,7" hai3="69,52,99,49,57,82,80,88,101,107,127,83,41"/><T90/><D122/><U1/><E121/><V16/><F109/><W11/><G69/><T33/><D134/><U34/><E129/><V79/><F133/><W100/><G127/><T68/><D3/><U22/><E34/><V21/><F115/><W15/><G41/><T124/><D124/><U65/><E114/><V135/><F135/><W98/><G88/><T27/><D68/><U117/><E117/><V56/><F70/><W20/><G20/><T106/><D40/><U0/><E65/><V87/><F74/><W2/><G2/><T37/><D37/><U32/><E32/><V92/><F104/><W63/><G63/><T71/><D71/><U31/><E1/><V12/><F7/><W58/><G58/><T128/><D128/><U10/><E73/><V130/><F130/><W8/><REACH who="3" step="1"/><G15/><REACH who="3" ten="272,179,256,283" step="2"/><T30/><REACH who="0" step="1"/><D90/><REACH who="0" ten="262,179,256,283" step="2"/><U24/><E43/><V62/><F42/><W67/><G67/><T13/><D13/><U35/><E0/><V111/><F14/><W55/><G55/><T112/><D112/><U36/><E36/><V45/><F12/><W131/><G131/><T39/><D39/><U120/><E120/><V78/><F54/><W94/><AGARI ba="2,2" hai="8,11,49,52,57,80,82,83,94,98,99,100,101,107" machi="94" ten="30,8000,1" yaku="1,1,0,1,52,2,54,1,53,0" doraHai="93" doraHaiUra="64" who="3" fromWho="3" sc="262,-42,179,-22,256,-22,283,106" /><INIT seed="5,0,0,0,0,5" ten="220,157,234,389" oya="1" hai0="84,100,104,4,29,35,47,3,125,1,93,11,44" hai1="8,120,116,82,7,50,95,69,88,87,58,105,56" hai2="13,0,131,79,28,121,71,24,108,90,25,72,10" hai3="94,78,63,122,62,73,34,53,61,111,2,98,27"/><U60/><E116/><V127/><F108/><W83/><G111/><T36/><D125/><U26/><E120/><V68/><F121/><W33/><G2/><T49/><D3/><U9/><E105/><V126/><F0/><W12/><G122/><T22/><D35/><U107/><E107/><V135/><F131/><W117/><G117/><T133/><D133/><U6/><E69/><V18/><F135/><W23/><G53/><T70/><D70/><U67/><E26/><V59/><F72/><W134/><G12/><T51/><D104/><U54/><E7/><V128/><F79/><W15/><G15/><T40/><D84/><N who="1" m="52615" /><E6/><V17/><F128/><W30/><G134/><T52/><D36/><U130/><E130/><V31/><F90/><AGARI ba="0,0" hai="8,9,50,54,56,58,60,67,82,87,90" m="52615" machi="90" ten="30,11600,0" yaku="8,1,52,2,54,1" doraHai="5" who="1" fromWho="2" sc="220,0,157,116,234,-116,389,0" /><INIT seed="5,1,0,3,2,102" ten="220,273,118,389" oya="1" hai0="93,39,127,94,90,130,54,74,36,26,83,128,113" hai1="37,71,46,95,106,96,50,132,57,134,108,116,89" hai2="49,79,5,18,86,68,92,8,14,2,91,23,10" hai3="32,51,110,33,9,88,21,99,126,104,27,42,12"/><U6/><E116/><V19/><F68/><W122/><G126/><T22/><D127/><U135/><E71/><V28/><F28/><W59/><G110/><T107/><D107/><U87/><E108/><V43/><F43/><W125/><G125/><T24/><D113/><U63/><E37/><V117/><F117/><W100/><G88/><T25/><D54/><N who="1" m="30039" /><E6/><V48/><REACH who="2" step="1"/><F79/><REACH who="2" ten="220,273,108,389" step="2"/><W109/><G109/><T67/><D130/><U121/><E121/><V72/><F72/><W30/><G122/><T38/><D128/><U131/><E131/><V129/><F129/><W34/><G42/><T53/><D74/><U111/><E111/><V81/><F81/><W115/><G115/><T16/><D83/><U62/><E134/><V120/><F120/><W52/><REACH who="3" step="1"/><G32/><REACH who="3" ten="220,273,108,379" step="2"/><T77/><D77/><U56/><E135/><V40/><F40/><W4/><AGARI ba="1,2" hai="4,9,12,21,27,30,33,34,51,52,59,99,100,104" machi="4" ten="20,12000,2" yaku="1,1,2,1,0,1,7,1,52,1,54,1,53,0" doraHai="102" doraHaiUra="73" who="3" fromWho="3" sc="220,-31,273,-61,108,-31,379,143" /><INIT seed="6,0,0,2,0,125" ten="189,212,77,522" oya="2" hai0="110,77,53,35,103,79,50,130,59,84,55,99,134" hai1="7,12,83,89,19,49,111,80,85,113,93,2,73" hai2="13,18,25,44,17,11,15,22,10,95,24,38,74" hai3="39,82,131,114,120,48,33,121,64,132,116,88,36"/><V128/><F74/><W52/><G33/><T0/><D0/><U1/><E111/><V51/><F38/><W32/><G32/><T23/><D110/><U68/><E68/><V42/><F95/><W4/><G116/><T104/><D35/><U40/><E113/><V118/><F118/><W106/><G106/><T62/><D134/><U31/><E31/><V6/><REACH who="2" step="1"/><F25/><REACH who="2" ten="189,212,67,522" step="2"/><W78/><G121/><T30/><D130/><AGARI ba="0,1" hai="6,10,11,13,15,17,18,22,24,42,44,51,128,130" machi="130" ten="40,18000,2" yaku="1,1,2,1,52,2,53,2" doraHai="125" doraHaiUra="8" who="2" fromWho="0" sc="189,-180,212,0,67,190,522,0" /><INIT seed="6,1,0,0,5,120" ten="9,212,257,522" oya="2" hai0="97,113,25,10,35,31,34,98,100,43,85,101,49" hai1="133,123,17,105,72,54,108,15,93,18,122,99,79" hai2="44,4,95,83,91,74,129,103,110,92,61,71,86" hai3="128,2,117,69,56,67,116,75,112,0,63,8,24"/><V124/><F124/><W102/><G75/><T130/><D113/><U19/><E105/><V107/><F129/><W5/><G102/><T82/><D130/><U12/><E133/><V77/><F4/><W78/><G128/><T57/><D35/><U62/><E72/><V118/><F118/><W9/><G78/><T64/><D10/><U14/><E79/><V73/><F44/><W134/><G134/><T32/><D32/><U36/><E36/><V29/><F29/><W45/><G112/><T106/><D43/><U90/><E54/><V89/><F71/><W42/><G24/><T46/><D46/><U6/><E62/><V126/><F61/><W38/><G56/><T23/><D34/><U50/><E50/><V52/><F52/><W87/><G87/><T30/><D30/><U59/><E59/><V53/><F53/><W39/><G39/><T84/><D82/><U114/><E114/><V26/><F26/><W127/><G127/><T55/><D64/><U115/><E115/><V7/><F7/><AGARI ba="1,0" hai="0,2,5,7,8,9,38,42,45,63,67,69,116,117" machi="7" ten="40,5200,0" yaku="9,1,23,2" doraHai="120" who="3" fromWho="2" sc="9,0,212,0,257,-55,522,55" /><INIT seed="7,0,0,0,4,47" ten="9,212,202,577" oya="3" hai0="3,116,10,4,95,53,99,124,88,44,21,114,31" hai1="111,63,102,110,92,117,122,27,42,76,87,7,75" hai2="58,134,125,16,80,84,126,9,94,20,73,101,71" hai3="25,112,104,54,109,62,46,0,120,48,59,77,37"/><W18/><G104/><T40/><D116/><U39/><E122/><V106/><F71/><W108/><G0/><T121/><D124/><N who="2" m="47722" /><F134/><W67/><G120/><T13/><D121/><U30/><E117/><V90/><F9/><W19/><G112/><T64/><D114/><U28/><E7/><V36/><F36/><W118/><G118/><T113/><D113/><U2/><E2/><V45/><F45/><W93/><G77/><T130/><D130/><U15/><E39/><V29/><F29/><W79/><G79/><T52/><D64/><U5/><E42/><V89/><F58/><W127/><G127/><T133/><D133/><U107/><E28/><V65/><F65/><W91/><G37/><T35/><D35/><N who="1" m="20959" /><E110/><N who="3" m="42602" /><G25/><T132/><D132/><U43/><E43/><V98/><F73/><W34/><G34/><T97/><D97/><AGARI ba="0,0" hai="18,19,46,48,54,59,62,67,91,93,97" m="42602" machi="97" ten="30,2900,0" yaku="10,1,52,1" doraHai="47" who="3" fromWho="0" sc="9,-29,212,0,202,0,577,29" owari="-20,-52.0,212,1.0,202,-20.0,606,71.0" /></mjloggm>