<mjloggm ver="2.3"><GO type="169" lobby="0"/><UN n0="%E5%99%82%E3%81%AE%E3%81%8D%E3%81%BF%E3%81%A9%E3%82%8A" n1="%E8%90%8C%E3%81%88%E3%81%AE%E7%A5%9E" n2="%EF%BD%9E%E5%8E%9F%E6%9D%91%E5%92%8C%EF%BD%9E" n3="%E3%82%A6%E3%83%AB%E3%83%88%E3%83%A9%E7%AB%8B%E7%9B%B4" dan="16,16,16,17" rate="2154.05,2135.58,2144.67,2199.18" sx="F,F,F,M"/><TAIKYOKU oya="0"/><INIT seed="0,0,0,5,5,2" ten="250,250,250,250" oya="0" hai0="35,75,39,110,52,32,99,77,18,106,31,4,116" hai1="10,111,135,20,0,1,93,17,97,42,55,123,13" hai2="109,15,43,60,23,124,9,6,90,74,56,70,29" hai3="119,92,5,12,53,82,22,68,38,19,44,101,85"/><T11/><D116/><U80/><E123/><V95/><F109/><W100/><G68/><T7/><D39/><U102/><E111/><V104/><F124/><W120/><G119/><T51/><D110/><U46/><E135/><V36/><F104/><W128/><G128/><T73/><D73/><U94/><E55/><V134/><F134/><W121/><G92/><T50/><D35/><U87/><E94/><V34/><F34/><W89/><G5/><N who="0" m="2123" /><D32/><U79/><E20/><V81/><F70/><W62/><G38/><AGARI ba="0,0" hai="0,1,10,13,17,38,42,46,79,80,87,93,97,102" machi="38" ten="30,1000,0" yaku="7,1" doraHai="2" who="1" fromWho="3" sc="250,0,250,10,250,0,250,-10" /><INIT seed="1,0,0,3,4,7" ten="250,260,250,240" oya="1" hai0="133,3,26,11,58,120,129,118,72,57,94,4,125" hai1="24,29,89,90,34,111,50,122,48,38,8,21,98" hai2="110,65,6,70,117,74,56,113,115,123,131,12,53" hai3="106,62,101,102,19,64,15,88,44,92,132,128,41"/><U116/><E122/><V84/><F74/><W45/><G106/><T25/><D118/><U130/><E116/><V105/><F105/><W39/><G45/><T31/><D72/><U33/><E38/><V79/><F117/><W30/><G30/><T66/><D133/><U100/><E130/><V134/><F123/><W17/><G132/><T42/><D129/><U71/><E71/><V104/><F104/><W103/><G128/><T55/><D125/><U80/><E100/><V63/><F131/><W85/><REACH who="3" step="1"/><G15/><REACH who="3" ten="250,260,250,230" step="2"/><T82/><D31/><N who="1" m="17807" /><E34/><V135/><F135/><W5/><G5/><T43/><D4/><U46/><E29/><V0/><F134/><W95/><G95/><T93/><D3/><U126/><E46/><V14/><F0/><W36/><G36/><T10/><D120/><U69/><E33/><V75/><F12/><W86/><G86/><T9/><D82/><U37/><E80/><N who="2" m="45183" /><F84/><W23/><G23/><T28/><D28/><U54/><E37/><V87/><F87/><W16/><G16/><T114/><D114/><U20/><E20/><V27/><F113/><W78/><G78/><T108/><D108/><U68/><E111/><V99/><F110/><W83/><G83/><T13/><D13/><U2/><E2/><V112/><F115/><W119/><G119/><T47/><D47/><U81/><E81/><V127/><F112/><W124/><G124/><T35/><D35/><U97/><E126/><V22/><F127/><W109/><G109/><T67/><D9/><U61/><E8/><V76/><F22/><W18/><G18/><T40/><D40/><RYUUKYOKU ba="0,1" sc="250,15,260,-15,250,-15,230,15" hai0="10,11,25,26,42,43,55,57,58,66,67,93,94" hai3="17,19,39,41,44,62,64,85,88,92,101,102,103" /><INIT seed="2,1,1,4,2,26" ten="265,245,235,245" oya="2" hai0="60,39,121,122,135,55,134,12,86,92,38,54,120" hai1="133,66,69,101,127,25,42,65,100,123,0,130,79" hai2="112,33,30,13,47,129,19,35,45,75,74,46,41" hai3="1,103,37,22,50,76,17,63,9,80,67,81,62"/><V110/><F112/><W43/><G103/><T131/><D92/><U20/><E0/><V5/><F129/><W18/><G37/><N who="0" m="13835" /><D86/><U93/><E42/><V6/><F41/><W114/><G114/><T56/><D12/><U4/><E69/><V113/><F113/><W125/><G125/><T36/><D36/><U71/><E71/><V84/><F84/><W34/><G34/><N who="2" m="12809" /><F13/><N who="3" m="7343" /><G1/><T128/><D55/><U61/><E66/><V106/><F19/><W44/><G76/><T15/><D15/><U115/><E79/><V7/><F106/><W77/><G77/><T87/><D87/><U132/><E4/><V53/><F53/><W117/><G67/><T10/><D10/><U24/><E65/><V85/><F85/><W82/><G117/><T99/><D99/><U64/><E64/><V2/><F2/><W108/><G18/><T58/><D58/><U94/><E94/><V116/><F116/><W91/><G43/><T70/><D70/><U11/><E11/><V14/><F14/><W68/><G68/><T102/><D102/><U89/><E100/><V72/><F110/><W104/><G108/><T40/><D40/><U28/><E93/><V109/><F109/><W21/><G104/><T48/><D48/><U16/><E16/><V49/><F49/><W73/><G50/><T52/><D54/><U95/><E95/><V96/><F96/><W29/><G22/><T83/><D83/><U31/><E20/><V118/><F118/><W8/><G81/><T88/><D88/><U78/><E89/><V3/><F3/><W57/><G91/><T97/><D97/><RYUUKYOKU ba="1,1" sc="265,15,245,-15,235,15,245,-15" hai0="52,56,60,120,121,122,128,131,134,135" hai2="5,6,7,30,45,46,47,72,74,75" /><INIT seed="2,2,1,1,3,90" ten="280,230,250,230" oya="2" hai0="52,115,39,72,24,110,32,26,119,51,10,80,38" hai1="14,55,3,53,93,45,125,63,22,113,1,95,23" hai2="124,54,18,133,89,50,107,57,123,62,68,69,66" hai3="86,118,77,19,96,59,74,81,130,121,73,105,4"/><V104/><F123/><W29/><G4/><T35/><D115/><U5/><E113/><V61/><F124/><W102/><G29/><T13/><D110/><U6/><E63/><V98/><F133/><W11/><G121/><T128/><D128/><U48/><E14/><V111/><F111/><W0/><G118/><T34/><D119/><U135/><E48/><V12/><F89/><W27/><G130/><T108/><D108/><U131/><E131/><V56/><F98/><W21/><G11/><T84/><D72/><U20/><E45/><V94/><F94/><N who="1" m="35849" /><E135/><V46/><F104/><W30/><G0/><N who="1" m="74" /><E125/><V99/><F99/><W44/><G44/><T134/><D39/><U40/><E40/><V79/><F79/><W28/><G59/><T16/><D38/><U127/><E127/><V103/><F103/><W9/><G9/><T85/><D134/><U82/><E82/><V67/><REACH who="2" step="1"/><F107/><REACH who="2" ten="280,230,240,230" step="2"/><W101/><G101/><T116/><D116/><U114/><E114/><V100/><F100/><W33/><G30/><T75/><D75/><U83/><E83/><V65/><F65/><W15/><AGARI ba="2,2" hai="15,19,21,27,28,33,73,74,77,81,86,96,102,105" machi="15" ten="20,1500,0" yaku="0,1,7,1" doraHai="90" who="3" fromWho="3" sc="280,-6,230,-6,240,-9,230,41" /><INIT seed="3,0,0,4,1,4" ten="274,224,231,271" oya="3" hai0="105,18,75,36,108,17,116,33,8,41,89,16,104" hai1="127,14,130,61,59,20,115,78,71,85,88,65,58" hai2="22,32,124,68,90,69,123,26,110,98,31,129,57" hai3="92,100,121,122,15,53,34,109,55,39,27,29,46"/><W132/><G132/><T30/><D116/><U82/><E115/><V7/><F110/><W81/><G109/><T72/><D108/><U51/><E127/><V23/><F129/><W40/><G81/><T45/><D89/><U87/><E130/><V52/><F124/><W111/><G111/><T50/><D36/><U64/><E64/><V60/><F123/><W112/><G112/><T103/><D30/><U74/><E74/><V73/><F73/><W19/><G100/><T47/><D33/><U128/><E128/><V62/><F7/><W12/><G92/><T24/><D24/><U66/><E66/><V48/><F60/><W96/><G96/><T99/><D105/><U97/><E97/><V120/><F120/><W35/><G35/><T10/><D75/><U126/><E126/><V83/><F62/><W43/><G43/><T44/><D72/><U125/><E125/><V95/><REACH who="2" step="1"/><F83/><REACH who="2" ten="274,224,221,271" step="2"/><W133/><G122/><T114/><D114/><U79/><E71/><AGARI ba="0,1" hai="22,23,26,31,32,48,52,57,68,69,71,90,95,98" machi="71" ten="40,5200,0" yaku="1,1,2,1,54,1,53,0" doraHai="4" doraHaiUra="13" who="2" fromWho="1" sc="274,0,224,-52,221,62,271,0" /><INIT seed="4,0,0,2,5,38" ten="274,172,283,271" oya="0" hai0="71,11,61,36,89,92,91,73,134,59,4,114,28" hai1="62,17,25,98,19,43,97,21,0,9,64,48,77" hai2="110,96,126,119,14,128,95,105,112,39,24,35,5" hai3="78,54,84,18,85,40,26,102,45,116,120,12,47"/><T124/><D114/><U2/><E77/><V101/><F110/><W121/><G116/><T8/><D134/><U122/><E122/><N who="3" m="47210" /><G102/><T117/><D117/><U52/><E0/><V129/><F112/><W33/><G78/><T93/><D71/><U88/><E2/><V133/><F39/><W125/><G125/><T42/><D73/><U32/><E32/><V109/><F109/><W66/><G66/><T55/><D124/><U72/><E72/><V57/><F119/><W115/><G115/><T108/><D28/><U51/><E98/><V7/><F126/><W131/><G131/><N who="2" m="50249" /><F14/><W63/><G26/><T56/><D108/><U49/><E64/><V67/><F105/><W94/><G94/><T70/><D70/><U41/><E9/><V132/><F35/><W123/><G33/><T107/><D107/><U34/><E34/><V103/><F24/><W65/><G54/><T1/><D11/><U53/><E19/><V15/><F103/><W86/><N who="3" m="47218" /><W100/><DORA hai="6" /><G100/><T82/><D59/><N who="1" m="35175" /><E53/><V75/><F75/><W81/><G81/><T30/><D30/><U29/><E29/><V83/><F83/><W16/><G12/><T79/><D79/><U104/><E104/><V127/><F127/><W106/><G106/><T46/><REACH who="0" step="1"/><D82/><REACH who="0" ten="264,172,283,271" step="2"/><U69/><E69/><V99/><F132/><W23/><G23/><T90/><AGARI ba="0,1" hai="1,4,8,36,42,46,55,56,61,89,90,91,92,93" machi="90" ten="30,12000,1" yaku="1,1,2,1,0,1,52,2,53,0" doraHai="38,6" doraHaiUra="60,111" who="0" fromWho="0" sc="264,130,172,-40,283,-40,271,-40" /><INIT seed="4,1,0,1,2,40" ten="394,132,243,231" oya="0" hai0="113,97,12,73,75,68,127,124,15,29,45,52,87" hai1="93,123,7,30,119,38,85,132,131,37,42,79,104" hai2="133,115,64,86,17,117,59,110,94,80,6,25,112" hai3="77,54,81,116,128,58,56,84,28,55,111,100,88"/><T105/><D113/><U125/><E123/><V72/><F110/><W109/><G116/><T121/><D121/><U57/><E119/><V18/><F117/><W70/><G70/><T41/><D68/><U98/><E104/><V76/><F6/><W108/><G128/><T65/><D65/><U36/><E131/><V118/><F118/><W26/><G100/><T135/><D29/><U61/><E125/><N who="0" m="48201" /><D87/><U5/><E132/><V60/><F133/><W92/><G58/><T95/><D105/><U67/><E30/><V120/><F120/><W83/><G56/><T23/><D23/><U1/><E1/><V89/><F25/><W49/><G49/><N who="0" m="28719" /><D41/><U90/><E42/><V96/><F86/><W4/><G55/><T24/><D135/><U66/><E66/><V99/><F112/><W34/><G54/><T106/><D106/><U16/><E79/><V9/><F115/><W63/><G77/><T69/><D24/><U78/><E78/><V0/><F76/><W46/><G26/><T14/><D69/><U74/><E74/><V32/><F72/><W53/><G28/><T103/><AGARI ba="1,0" hai="12,14,15,73,75,95,97,103" m="28719,48201" machi="103" ten="30,6000,0" yaku="18,1,52,1,54,1" doraHai="40" who="0" fromWho="0" sc="394,63,132,-21,243,-21,231,-21" /><INIT seed="4,2,0,5,5,97" ten="457,111,222,210" oya="0" hai0="45,82,88,13,8,68,72,78,105,65,133,92,118" hai1="6,119,67,47,77,130,30,64,15,1,71,74,59" hai2="101,2,94,113,80,28,21,48,56,120,51,5,81" hai3="26,12,99,134,95,37,110,18,86,53,102,52,4"/><T100/><D118/><U43/><E119/><V16/><F113/><W104/><G37/><T62/><D133/><U50/><E130/><V112/><F120/><W55/><G110/><T3/><D45/><U24/><E71/><V111/><F111/><W79/><G134/><T121/><D3/><U87/><E74/><V103/><F2/><W10/><G104/><T61/><D121/><U46/><E1/><V17/><F5/><W123/><G123/><T70/><D62/><U34/><E59/><V115/><F94/><W20/><G86/><T125/><D125/><U122/><E47/><V69/><F28/><W98/><G98/><T41/><D41/><U0/><E0/><V129/><F21/><W29/><REACH who="3" step="1"/><G79/><REACH who="3" ten="457,111,222,200" step="2"/><T14/><D105/><U39/><E39/><V19/><F129/><W36/><G36/><T25/><D78/><U135/><E135/><V106/><F106/><W93/><G93/><T75/><D92/><U27/><E122/><V38/><F38/><W63/><G63/><T23/><D82/><N who="2" m="31850" /><F69/><W117/><G117/><T54/><D68/><U7/><E77/><V132/><F132/><W126/><G126/><T76/><D76/><U31/><E87/><V131/><F131/><W85/><G85/><T57/><D70/><U83/><E83/><V40/><F112/><W60/><G60/><T33/><D61/><U44/><E50/><N who="2" m="18987" /><F115/><W11/><G11/><T35/><D8/><U58/><E67/><V114/><F114/><W73/><G73/><T49/><D72/><U109/><E64/><V89/><F40/><W42/><G42/><T84/><D75/><RYUUKYOKU ba="2,1" sc="457,-10,111,-10,222,-10,200,30" hai3="4,10,12,18,20,26,29,52,53,55,95,99,102" /><INIT seed="5,3,1,0,1,94" ten="447,101,212,230" oya="1" hai0="22,11,41,59,123,60,17,85,83,130,90,55,8" hai1="71,103,32,13,67,24,19,119,79,92,91,15,126" hai2="73,63,10,109,124,3,78,107,35,16,70,88,1" hai3="7,128,93,114,51,52,44,58,84,0,39,29,37"/><U45/><E119/><V69/><F109/><W118/><G118/><T101/><D130/><U54/><E126/><V38/><F124/><W43/><G128/><T89/><D123/><U56/><E71/><V28/><F3/><W21/><G114/><T105/><D41/><U80/><E67/><V77/><F77/><W20/><G37/><T115/><D115/><U97/><E45/><V74/><F16/><W61/><G29/><T81/><D105/><U72/><E103/><V9/><F88/><N who="0" m="33898" /><D101/><U95/><E95/><V96/><F9/><N who="0" m="3658" /><D85/><U42/><E42/><V57/><F38/><W40/><G84/><T2/><D2/><U50/><REACH who="1" step="1"/><E19/><REACH who="1" ten="447,91,212,230" step="2"/><V47/><F69/><W111/><G40/><T12/><AGARI ba="3,2" hai="12,17,22,55,59,60,81,83" m="3658,33898" machi="12" ten="30,2000,0" yaku="8,1,54,1" doraHai="94" who="0" fromWho="0" sc="447,49,91,-13,212,-8,230,-8" /><INIT seed="6,0,0,5,4,5" ten="496,78,204,222" oya="2" hai0="40,122,38,22,30,48,116,107,68,124,67,61,20" hai1="57,44,3,71,99,25,54,63,9,101,111,24,58" hai2="39,133,91,1,88,36,8,73,62,126,47,128,19" hai3="123,43,102,46,64,84,90,121,94,129,119,74,130"/><V113/><F113/><W21/><G74/><T131/><D122/><U56/><E111/><V27/><F126/><W41/><G119/><T60/><D124/><U98/><E71/><V33/><F128/><N who="3" m="49259" /><G64/><T52/><D107/><U65/><E44/><V89/><F73/><W66/><G66/><T87/><D131/><U135/><E135/><V35/><F133/><W93/><G21/><T85/><D61/><U105/><E99/><V13/><F1/><W80/><G43/><T86/><D30/><U18/><E57/><V95/><F95/><N who="3" m="36363" /><G102/><T12/><D12/><U118/><E118/><V50/><F62/><W127/><G127/><T104/><D104/><U81/><E81/><V72/><F72/><W10/><G10/><T59/><D116/><U78/><E78/><V49/><F49/><AGARI ba="0,0" hai="41,46,49,80,84,90,121,123" m="36363,49259" machi="49" ten="30,1000,0" yaku="19,1" doraHai="5" who="3" fromWho="2" sc="496,0,78,0,204,-10,222,10" /><INIT seed="7,0,0,2,3,38" ten="496,78,194,232" oya="3" hai0="19,83,73,88,93,29,18,60,128,41,40,99,14" hai1="104,118,86,98,55,42,87,22,52,85,120,5,53" hai2="24,131,92,110,72,78,124,34,68,67,12,122,117" hai3="33,113,127,45,80,108,35,79,17,130,123,44,116"/><W48/><G123/><T65/><D128/><U10/><E120/><V30/><F92/><W23/><G116/><T11/><D29/><U103/><E118/><V27/><F12/><W75/><G130/><T81/><D83/><U69/><E69/><V111/><F117/><W0/><G0/><T119/><D119/><U134/><E134/><V135/><F122/><W58/><G113/><T7/><D19/><U133/><E133/><V9/><F131/><W82/><G127/><T50/><D50/><U106/><E22/><V64/><F64/><W59/><G82/><T36/><D36/><U57/><E57/><V84/><F84/><W102/><G102/><T66/><D66/><U129/><E129/><V4/><F27/><W77/><G77/><T8/><D81/><U13/><E106/><V97/><F97/><W43/><G108/><T126/><D73/><U1/><E1/><N who="2" m="143" /><F124/><W16/><G59/><N who="0" m="37023" /><D126/><U100/><E100/><V46/><F46/><W101/><G101/><T39/><D39/><U121/><E121/><V109/><F135/><W54/><G45/><T26/><D11/><U15/><E15/><V115/><F115/><W90/><G23/><AGARI ba="0,0" hai="7,8,14,18,23,26,40,41,88,93,99" m="37023" machi="23" ten="30,7700,0" yaku="8,1,52,2,54,1" doraHai="38" who="0" fromWho="3" sc="496,77,78,0,194,0,232,-77" owari="573,67.0,78,-42.0,194,-1.0,155,-24.0" /></mjloggm>