<mjloggm ver="2.3"><GO type="169" lobby="0"/><UN n0="%E7%8B%9B%E6%B1%9F%E7%A9%BA%E6%89%8B%EF%BC%91%E7%B4%9A" n1="%E5%B0%B1%E6%B4%BB%E7%94%9F%40%E5%B7%9D%E6%9D%91%E8%BB%8D%E5%9B%A3" n2="%74%61%6B%61%2D%31%31%36" n3="%73%61%6E%64%69%72%69%73" dan="17,18,16,16" rate="2126.88,2181.50,2112.77,2098.17" sx="M,M,M,M"/><TAIKYOKU oya="0"/><INIT seed="0,0,0,1,2,129" ten="250,250,250,250" oya="0" hai0="117,94,91,74,92,22,62,36,23,110,14,79,28" hai1="115,18,133,30,104,45,21,8,41,34,9,75,43" hai2="44,135,20,122,118,70,87,101,50,19,3,56,31" hai3="78,105,65,6,95,108,109,57,55,53,124,17,24"/><T39/><D117/><U58/><E104/><V37/><F70/><W72/><G105/><T128/><D94/><U96/><E75/><V11/><F122/><W127/><G6/><T5/><D128/><U33/><E133/><V27/><F101/><W130/><G130/><T106/><D106/><U60/><E96/><V93/><F135/><W7/><G7/><T51/><D62/><U54/><E115/><V103/><F3/><W126/><G78/><T84/><D110/><N who="3" m="42601" /><G72/><T69/><D69/><U29/><E34/><V10/><F37/><W64/><G95/><T67/><D67/><N who="3" m="25673" /><G57/><T32/><D5/><U120/><E33/><V81/><F56/><W123/><G123/><T132/><D32/><U49/><E41/><V73/><F73/><W88/><G88/><T107/><D107/><U131/><E131/><V63/><F63/><W71/><G71/><T13/><D79/><U121/><E121/><V66/><F66/><W42/><G42/><T35/><D35/><U114/><E114/><V47/><F47/><W119/><G119/><T89/><D89/><U68/><E68/><V99/><F118/><W82/><G82/><T111/><D74/><U85/><E85/><V46/><F46/><W12/><G24/><N who="0" m="16415" /><D132/><U102/><E102/><V0/><F87/><W52/><G127/><T61/><D111/><U26/><E120/><V48/><F81/><W77/><G77/><T90/><D90/><U38/><E38/><V83/><F83/><W15/><G15/><T97/><D13/><U40/><E40/><N who="2" m="24583" /><F0/><W134/><G134/><T59/><D84/><U4/><E4/><RYUUKYOKU ba="0,0" sc="250,-15,250,15,250,-15,250,15" hai1="8,9,18,21,26,29,30,43,45,49,54,58,60" hai3="12,17,52,53,55,124,126" /><INIT seed="1,1,0,2,5,123" ten="235,265,235,265" oya="1" hai0="24,135,18,124,41,104,119,80,121,103,118,9,129" hai1="109,49,56,98,106,3,134,107,114,101,20,69,126" hai2="61,36,22,131,25,105,125,108,67,37,53,10,8" hai3="91,99,85,84,73,6,31,127,72,32,77,46,58"/><U87/><E114/><V16/><F105/><W7/><G32/><T63/><D41/><U17/><E69/><V128/><F125/><W89/><G31/><T33/><D103/><U48/><E107/><V111/><F53/><W0/><G58/><T76/><D104/><U30/><E3/><V27/><F27/><W55/><G0/><T5/><D124/><U40/><E126/><V28/><F37/><W44/><G127/><T26/><D135/><U68/><E68/><N who="2" m="42095" /><F36/><W12/><G12/><T62/><D129/><N who="2" m="49738" /><F28/><W93/><G55/><T82/><D26/><U2/><E30/><V122/><F122/><W86/><G77/><T65/><D76/><U78/><E2/><V95/><F95/><W120/><G120/><T43/><D121/><U15/><E134/><V117/><F117/><W19/><G19/><T13/><D18/><U59/><E49/><V88/><F88/><N who="3" m="33867" /><G73/><T39/><D39/><U74/><E74/><V113/><F113/><W23/><G72/><T130/><D43/><U83/><E56/><V21/><F21/><W29/><G23/><T116/><D130/><U34/><E34/><V35/><F35/><W90/><G29/><N who="0" m="19623" /><D65/><U79/><E79/><V96/><F96/><W133/><G133/><T94/><D94/><U52/><REACH who="1" step="1"/><E40/><REACH who="1" ten="235,255,235,265" step="2"/><V47/><F47/><AGARI ba="1,1" hai="6,7,44,46,47,84,85,86,90,93,99" m="33867" machi="47" ten="30,2000,0" yaku="8,1,54,1" doraHai="123" who="3" fromWho="2" sc="235,0,255,0,235,-23,265,33" /><INIT seed="2,0,0,3,5,133" ten="235,255,212,298" oya="2" hai0="106,127,37,18,95,54,46,35,126,0,56,75,81" hai1="109,130,34,124,116,91,107,10,52,69,39,122,27" hai2="40,61,16,44,102,58,62,20,51,117,84,30,132" hai3="74,119,14,98,135,17,31,64,115,134,113,90,86"/><V49/><F117/><W78/><G64/><T80/><D106/><U26/><RYUUKYOKU type="yao9" ba="0,0" sc="235,0,255,0,212,0,298,0" hai1="10,26,27,34,39,52,69,91,107,109,116,122,124,130" /><INIT seed="2,1,0,4,1,43" ten="235,255,212,298" oya="2" hai0="110,18,128,7,124,131,106,39,58,133,92,24,53" hai1="19,117,5,10,127,104,135,8,32,44,15,93,47" hai2="132,55,118,45,21,115,89,54,129,101,22,88,14" hai3="23,108,94,121,125,35,105,122,66,90,52,79,99"/><V29/><F118/><W83/><G35/><T91/><D106/><U119/><E104/><V48/><F115/><W25/><G66/><T6/><D110/><U74/><E32/><V116/><F116/><W51/><G105/><T103/><D103/><U76/><E127/><V9/><F101/><W37/><G37/><T61/><D124/><U126/><E126/><V38/><F129/><N who="0" m="49738" /><D39/><U77/><E135/><V70/><F70/><W95/><G95/><T50/><D133/><U82/><E76/><V96/><F132/><W123/><G108/><T28/><D18/><U75/><E75/><V31/><F55/><W111/><G111/><T65/><D91/><N who="2" m="34890" /><F96/><W60/><G125/><T36/><D92/><U57/><E93/><V41/><F41/><W16/><G60/><T64/><D36/><U80/><E80/><V120/><F120/><W81/><REACH who="3" step="1"/><G79/><REACH who="3" ten="235,255,212,288" step="2"/><T134/><D134/><U113/><E117/><V100/><F38/><W85/><G85/><T67/><D61/><U69/><E119/><V33/><F33/><AGARI ba="1,1" hai="6,7,24,28,33,50,53,58,64,65,67" m="49738" machi="33" ten="30,1000,0" yaku="19,1" doraHai="43" who="0" fromWho="2" sc="235,23,255,0,212,-13,288,0" /><INIT seed="3,0,0,4,5,97" ten="258,255,199,288" oya="3" hai0="89,31,103,132,128,1,24,18,61,53,26,48,41" hai1="86,76,85,38,58,110,66,52,11,23,46,98,63" hai2="9,114,70,90,65,51,62,94,135,47,81,21,125" hai3="74,12,80,34,96,68,92,111,10,55,69,6,4"/><W20/><G34/><T2/><D41/><U116/><E110/><V14/><F114/><W36/><G36/><T129/><D61/><U95/><E116/><V127/><F135/><W134/><G4/><T33/><D132/><U17/><E11/><V43/><F21/><W28/><G134/><T75/><D75/><U54/><E38/><V42/><F42/><W40/><G40/><T113/><D113/><U107/><E107/><V112/><F112/><W29/><G111/><T30/><D18/><U104/><E104/><V22/><F22/><W87/><G74/><T7/><D89/><U133/><E133/><V121/><F81/><W82/><G69/><T120/><D103/><N who="1" m="60895" /><E76/><V123/><F14/><W37/><G68/><T67/><D67/><U16/><E17/><V19/><F19/><W27/><G29/><T39/><D39/><U109/><E109/><V25/><F9/><W93/><G37/><T100/><D100/><U45/><E45/><V50/><F123/><W72/><G72/><T88/><D120/><U101/><E101/><V56/><F121/><W78/><G82/><T73/><D73/><U44/><E44/><V0/><F47/><W71/><G71/><T79/><D7/><U106/><E106/><V35/><F70/><W122/><G122/><T124/><D1/><U99/><E99/><N who="2" m="57815" /><F0/><W49/><G96/><T84/><D2/><U91/><E46/><AGARI ba="0,0" hai="6,10,12,20,27,28,46,49,55,78,80,87,92,93" machi="46" ten="30,2900,0" yaku="7,1,8,1" doraHai="97" who="3" fromWho="1" sc="258,0,255,-29,199,0,288,29" /><INIT seed="3,1,0,3,4,110" ten="258,226,199,317" oya="3" hai0="55,58,4,19,68,120,61,114,102,48,20,67,124" hai1="117,50,93,103,69,27,54,129,98,83,38,17,96" hai2="77,18,133,104,112,35,126,123,105,72,45,11,106" hai3="2,99,135,130,74,49,36,116,39,131,60,121,29"/><W16/><G74/><T59/><D120/><U127/><E38/><V128/><F35/><W5/><G29/><T56/><D124/><U85/><E69/><V7/><F126/><W79/><G79/><T23/><D4/><U9/><E127/><V89/><F128/><W70/><G116/><T57/><D114/><U108/><E108/><V86/><F112/><W31/><G31/><T22/><REACH who="0" step="1"/><D102/><REACH who="0" ten="248,226,199,317" step="2"/><U87/><E129/><V100/><F7/><W13/><G5/><T132/><D132/><U82/><E117/><V12/><F100/><W113/><G135/><T97/><D97/><U80/><E98/><V44/><F123/><W111/><G99/><T42/><D42/><U66/><E66/><V95/><REACH who="2" step="1"/><F133/><REACH who="2" ten="248,226,189,317" step="2"/><W52/><G131/><T63/><D63/><U122/><E122/><V28/><F28/><W3/><G60/><T115/><D115/><U26/><E103/><V32/><F32/><W101/><G101/><T30/><D30/><U84/><E17/><AGARI ba="1,2" hai="17,19,20,22,23,48,55,56,57,58,59,61,67,68" machi="17" ten="40,1300,0" yaku="1,1,53,0" doraHai="110" doraHaiUra="78" who="0" fromWho="1" sc="248,36,226,-16,189,0,317,0" /><INIT seed="4,0,0,2,2,61" ten="284,210,189,317" oya="0" hai0="101,42,126,18,90,71,83,78,58,22,92,120,46" hai1="66,135,14,9,113,26,74,103,73,96,20,107,68" hai2="69,11,95,124,70,6,93,127,50,40,97,13,3" hai3="65,91,100,16,5,129,112,38,49,88,76,47,85"/><T37/><D71/><U89/><E135/><V81/><F81/><N who="3" m="47271" /><G38/><T54/><D120/><U45/><E113/><V131/><F131/><W75/><G75/><T35/><D35/><U29/><E45/><N who="2" m="25895" /><F3/><W80/><G5/><T21/><D101/><U34/><E89/><N who="2" m="55471" /><F95/><W77/><G100/><T1/><D1/><U106/><E106/><V125/><AGARI ba="0,0" hai="6,11,13,69,70,124,125,127" m="55471,25895" machi="125" ten="30,1100,0" yaku="18,1" doraHai="61" who="2" fromWho="2" sc="284,-5,210,-3,189,11,317,-3" /><INIT seed="5,0,0,2,5,70" ten="279,207,200,314" oya="1" hai0="112,61,0,7,106,94,66,132,86,63,37,67,45" hai1="103,22,71,12,121,119,46,15,14,114,68,131,29" hai2="111,25,105,96,87,95,125,117,10,62,38,11,4" hai3="9,80,109,120,69,76,36,60,85,115,90,35,47"/><U65/><E121/><V72/><F111/><W81/><G109/><T107/><D7/><U52/><E119/><V13/><F72/><W59/><G35/><T33/><D0/><U26/><E131/><V82/><F117/><W28/><G28/><T51/><D37/><U123/><E123/><V93/><F38/><W75/><G69/><T2/><D2/><U129/><E129/><V48/><F125/><W49/><G36/><T30/><D86/><U3/><E114/><V73/><F73/><W74/><G74/><T56/><D94/><U21/><E3/><V83/><F11/><W6/><G115/><T124/><D132/><U128/><E103/><N who="2" m="60815" /><F105/><W24/><G24/><T8/><D8/><U31/><E128/><V1/><F1/><W20/><G20/><T92/><D92/><U64/><E71/><V50/><F25/><W88/><G90/><T17/><D124/><U57/><E68/><V84/><F62/><W54/><G120/><T100/><D63/><N who="1" m="36263" /><E46/><V108/><F108/><W34/><G34/><T118/><D118/><U39/><E39/><V18/><F4/><W127/><G127/><T41/><D107/><U77/><E77/><N who="2" m="46159" /><F95/><W99/><G99/><T43/><D112/><U98/><E98/><V135/><F135/><W134/><G134/><T122/><D122/><U40/><E40/><V32/><F32/><W78/><G78/><AGARI ba="0,0" hai="10,13,18,48,50,78,83,87" m="46159,60815" machi="78" ten="30,1000,0" yaku="8,1" doraHai="70" who="2" fromWho="3" sc="279,0,207,0,200,10,314,-10" /><INIT seed="6,0,0,1,5,6" ten="279,207,210,304" oya="2" hai0="27,88,31,67,36,20,19,71,48,24,63,37,91" hai1="55,133,49,72,61,15,94,135,99,108,89,56,122" hai2="53,97,93,59,1,35,13,2,124,110,21,30,11" hai3="60,47,41,39,78,75,57,46,85,112,126,54,8"/><V95/><F124/><W7/><G126/><T18/><D18/><U51/><E108/><V121/><F121/><W68/><G112/><T105/><D105/><U106/><E72/><V109/><F35/><W92/><G47/><T130/><D130/><U114/><E114/><V100/><F95/><W73/><G68/><T116/><D116/><U50/><E106/><V119/><F119/><W90/><REACH who="3" step="1"/><G78/><REACH who="3" ten="279,207,210,294" step="2"/><T44/><D37/><U102/><E122/><V103/><F110/><W10/><G10/><T101/><D36/><U33/><E133/><V38/><F38/><W125/><G125/><T107/><D44/><U96/><E135/><V127/><F109/><W52/><G52/><T80/><D71/><U69/><E69/><V42/><F42/><W26/><G26/><T120/><D24/><U29/><E55/><V58/><F127/><W62/><G62/><T17/><D63/><U128/><E61/><V3/><F53/><W84/><G84/><T43/><D27/><U111/><E111/><V98/><F59/><W66/><G66/><T14/><D67/><U45/><E56/><V83/><F58/><W129/><G129/><T77/><D77/><U12/><E128/><V28/><F11/><W131/><G131/><T9/><D9/><U32/><E45/><V70/><F70/><W79/><G79/><T86/><D86/><U0/><E0/><AGARI ba="0,1" hai="0,7,8,39,41,46,54,57,60,73,75,85,90,92" machi="0" ten="30,3900,0" yaku="1,1,7,1,52,1,53,0" doraHai="6" doraHaiUra="123" who="3" fromWho="1" sc="279,0,207,-39,210,0,294,49" /><INIT seed="7,0,0,2,2,65" ten="279,168,210,343" oya="3" hai0="73,36,97,113,33,51,125,17,126,15,57,107,124" hai1="131,61,6,0,39,101,129,127,19,20,80,100,133" hai2="105,27,109,28,60,87,14,68,66,25,103,64,81" hai3="110,37,119,117,34,77,132,108,123,78,62,18,85"/><W10/><G34/><T2/><D2/><U11/><E39/><V45/><F109/><N who="3" m="42091" /><G37/><T89/><D36/><U70/><E127/><V12/><F27/><W134/><G62/><T59/><D73/><U43/><E43/><V74/><F66/><W23/><G10/><N who="0" m="6391" /><D113/><U92/><E133/><N who="3" m="51306" /><G123/><T8/><D8/><U47/><E47/><V69/><F60/><W135/><G135/><T75/><D33/><U114/><E80/><V120/><F120/><W83/><G78/><T55/><D51/><U52/><E114/><V3/><F3/><W98/><G98/><T76/><D97/><U94/><E94/><V24/><F81/><W58/><G58/><T96/><D59/><U122/><E122/><V16/><F45/><W30/><G30/><T41/><D57/><N who="1" m="34983" /><E92/><V50/><F50/><W32/><G32/><T4/><D124/><U111/><E111/><V31/><F68/><W49/><G49/><T48/><D48/><U38/><E38/><V42/><F69/><W54/><G54/><T106/><D125/><U104/><E104/><V118/><F105/><W79/><G79/><T46/><D76/><U128/><E70/><V93/><F42/><W88/><G77/><T13/><D41/><U53/><E53/><V63/><F64/><W21/><G21/><T121/><D55/><U9/><E9/><V72/><F72/><W5/><G5/><T102/><D75/><U71/><E71/><V35/><F74/><W67/><G67/><T82/><D126/><U115/><E115/><V26/><F35/><W130/><G23/><T90/><D121/><U40/><E40/><RYUUKYOKU ba="0,0" sc="279,-10,168,30,210,-10,343,-10" hai1="0,6,11,19,20,100,101,128,129,131" owari="269,7.0,198,-30.0,200,-20.0,333,43.0" /></mjloggm>