<mjloggm ver="2.3"><GO type="169" lobby="0"/><UN n0="%66%75%6A%69%6B%65%6E" n1="%E5%B0%B1%E6%B4%BB%E7%94%9F%40%E5%B7%9D%E6%9D%91%E8%BB%8D%E5%9B%A3" n2="%68%6F%6C%6D%65%73" n3="%E3%81%BE%E3%81%AA%E3%81%84%E3%81%9F%E3%82%88%E3%81%86%E3%81%98%E3%82%87" dan="16,16,17,16" rate="2186.42,2166.78,2129.79,2082.53" sx="M,M,M,M"/><TAIKYOKU oya="0"/><INIT seed="0,0,0,1,5,52" ten="250,250,250,250" oya="0" hai0="13,105,19,59,8,30,31,57,20,53,120,127,107" hai1="80,79,94,115,73,44,68,87,126,29,96,81,9" hai2="110,125,101,63,48,76,75,100,24,69,131,93,99" hai3="12,90,34,22,117,62,32,83,17,3,26,58,21"/><T40/><D127/><U7/><E68/><V66/><F125/><W70/><G117/><T42/><D120/><U5/><E126/><V46/><F110/><W51/><G3/><T130/><D130/><U16/><E29/><N who="0" m="10761" /><D107/><U28/><E28/><V45/><F131/><W124/><G70/><T104/><D105/><U15/><E115/><V47/><F24/><W97/><G124/><T60/><D104/><U111/><E111/><V23/><F23/><W119/><G119/><T85/><D85/><U64/><E64/><V88/><REACH who="2" step="1"/><F48/><REACH who="2" ten="250,250,240,250" step="2"/><W77/><G51/><N who="0" m="30911" /><D20/><U98/><E44/><V91/><F91/><W2/><G22/><T25/><D25/><U84/><E73/><V36/><F36/><W43/><G26/><T49/><D49/><U10/><E10/><V102/><F102/><W39/><G39/><T1/><D1/><U14/><E14/><V35/><F35/><W114/><G2/><T38/><D38/><U71/><E15/><V74/><F74/><W86/><G32/><T118/><D118/><U67/><E79/><V37/><F37/><W108/><G34/><T55/><AGARI ba="0,1" hai="8,13,19,40,42,55,59,60" m="30911,10761" machi="55" ten="30,6000,0" yaku="8,1,52,2" doraHai="52" who="0" fromWho="0" sc="250,70,250,-20,240,-20,250,-20" /><INIT seed="0,1,0,4,4,0" ten="320,230,220,230" oya="0" hai0="55,104,4,45,14,83,88,133,75,59,105,58,53" hai1="36,126,65,80,12,112,38,2,63,31,114,92,22" hai2="24,131,119,57,46,42,49,33,51,86,64,128,89" hai3="11,25,127,37,27,100,85,111,20,50,10,77,130"/><T90/><D133/><U16/><E2/><V54/><F119/><W47/><G37/><T97/><D75/><U30/><E80/><V15/><F64/><W82/><G111/><T117/><D117/><U1/><E1/><V41/><F41/><W123/><G130/><N who="2" m="49705" /><F15/><W106/><G127/><T67/><D45/><U48/><E126/><V19/><F19/><W35/><G35/><T32/><D32/><U76/><E76/><V125/><F125/><W99/><G123/><T69/><D69/><U73/><E73/><V29/><F86/><W91/><G77/><T107/><D67/><U118/><E118/><V60/><F89/><W5/><G20/><T101/><D83/><U7/><E48/><AGARI ba="1,0" hai="24,29,33,42,46,48,49,51,54,57,60" m="49705" machi="48" ten="30,1000,0" yaku="19,1" doraHai="0" who="2" fromWho="1" sc="320,0,230,-13,220,13,230,0" /><INIT seed="1,0,0,2,3,27" ten="320,217,233,230" oya="1" hai0="43,79,78,119,53,42,104,116,98,74,132,60,35" hai1="41,36,84,20,5,3,127,86,57,106,93,19,131" hai2="111,31,118,18,67,76,39,37,22,81,77,112,103" hai3="9,14,12,32,97,110,89,51,100,83,126,24,40"/><U65/><E106/><V49/><F111/><W55/><G110/><T91/><D35/><U88/><E131/><V11/><F118/><W23/><G32/><T96/><D74/><U15/><E127/><V63/><F112/><W46/><G126/><T82/><D91/><U69/><E69/><V64/><F103/><W44/><G83/><T105/><D82/><U109/><E109/><V101/><F101/><W25/><G89/><T2/><D60/><U16/><E3/><V125/><F125/><W117/><G117/><T102/><D53/><U17/><E5/><V94/><F94/><W72/><G72/><T21/><D21/><U71/><E71/><V95/><F95/><N who="3" m="58431" /><G9/><T129/><D102/><U61/><REACH who="1" step="1"/><E86/><REACH who="1" ten="320,207,233,230" step="2"/><V113/><F113/><W58/><G44/><AGARI ba="0,1" hai="15,16,17,19,20,36,41,44,57,61,65,84,88,93" machi="44" ten="40,12000,1" yaku="1,1,2,1,54,2,53,0" doraHai="27" doraHaiUra="108" who="1" fromWho="3" sc="320,0,207,130,233,0,230,-120" /><INIT seed="1,1,0,5,0,118" ten="320,337,233,110" oya="1" hai0="46,66,100,134,135,53,67,76,109,79,116,48,18" hai1="117,106,80,56,119,83,19,123,88,32,45,26,29" hai2="96,27,62,64,30,54,84,127,122,34,57,78,11" hai3="74,98,104,68,130,23,15,35,73,93,22,2,42"/><U63/><E106/><V40/><F127/><W7/><G35/><T113/><D116/><U41/><E123/><V132/><F122/><W105/><G68/><T47/><D113/><U107/><E107/><V8/><F40/><W108/><G105/><T92/><D109/><U82/><E19/><V124/><F124/><W85/><G104/><T51/><D18/><U65/><REACH who="1" step="1"/><E88/><REACH who="1" ten="320,327,233,110" step="2"/><V120/><F120/><W50/><G93/><T75/><D92/><U37/><AGARI ba="1,1" hai="26,29,32,37,41,45,56,63,65,80,82,83,117,119" machi="37" ten="30,6000,0" yaku="1,1,2,1,0,1,53,0" doraHai="118" doraHaiUra="3" who="1" fromWho="1" sc="320,-21,327,73,233,-21,110,-21" /><INIT seed="1,2,0,1,4,16" ten="299,400,212,89" oya="1" hai0="84,45,121,68,28,99,86,60,130,112,50,48,100" hai1="49,82,30,104,89,85,108,93,71,75,126,102,81" hai2="66,1,44,21,37,53,95,7,96,97,40,91,109" hai3="114,33,74,111,76,88,131,72,58,79,42,19,61"/><U118/><E71/><V69/><F109/><W57/><G114/><T110/><D112/><U9/><E118/><V98/><F1/><W46/><G111/><T3/><D110/><U59/><E108/><V133/><F7/><W25/><G131/><T10/><D28/><U94/><E126/><V20/><F133/><W41/><G33/><T13/><D3/><U56/><E104/><V106/><F53/><W17/><G25/><T77/><D130/><U38/><E38/><V64/><F64/><W24/><G24/><T87/><D121/><U78/><E30/><V134/><F134/><W35/><G35/><T14/><D60/><U116/><E116/><V39/><F39/><W135/><G135/><T105/><D68/><U115/><E115/><V27/><F27/><W4/><G4/><T32/><D32/><U54/><E102/><V67/><F67/><W22/><G61/><T124/><D124/><U15/><REACH who="1" step="1"/><E56/><REACH who="1" ten="299,390,212,89" step="2"/><V18/><F106/><W63/><G57/><T2/><D100/><U101/><E101/><V70/><F69/><W52/><G58/><T12/><D105/><U132/><E132/><V73/><F70/><W127/><G127/><T123/><D123/><U6/><AGARI ba="2,1" hai="6,9,15,49,54,59,75,78,81,82,85,89,93,94" machi="6" ten="20,3900,0" yaku="1,1,0,1,7,1,53,0" doraHai="16" doraHaiUra="128" who="1" fromWho="1" sc="299,-15,390,55,212,-15,89,-15" /><INIT seed="1,3,0,0,0,1" ten="284,445,197,74" oya="1" hai0="120,8,73,30,13,72,15,41,11,135,45,44,66" hai1="113,14,69,32,86,99,100,38,121,63,10,84,78" hai2="65,111,118,106,128,133,108,60,12,49,76,24,33" hai3="119,107,94,89,7,4,109,61,132,98,124,58,105"/><U21/><E32/><V27/><F118/><W110/><G119/><T26/><D135/><U92/><E38/><V51/><F106/><N who="3" m="40459" /><G132/><T2/><D66/><U39/><E39/><V53/><F76/><W70/><G70/><T22/><D120/><U95/><E121/><V77/><F77/><W62/><G124/><T101/><D101/><U82/><E113/><V37/><F37/><W23/><G23/><T67/><D67/><U79/><E69/><V50/><F53/><N who="3" m="33999" /><G62/><T59/><D59/><U16/><E63/><V115/><F115/><W126/><G126/><T17/><D2/><U3/><E3/><V31/><F24/><W134/><G134/><T122/><D122/><U88/><E79/><V93/><F93/><W35/><G35/><T81/><D81/><U87/><REACH who="1" step="1"/><E21/><REACH who="1" ten="284,435,197,74" step="2"/><V40/><F133/><W75/><G75/><AGARI ba="3,1" hai="10,14,16,75,78,82,84,86,87,88,92,95,99,100" machi="75" ten="30,12000,1" yaku="1,1,2,1,7,1,54,2,53,0" doraHai="1" doraHaiUra="103" who="1" fromWho="3" sc="284,0,435,139,197,0,74,-129" owari="284,8.0,574,68.0,197,-20.0,-55,-56.0" /></mjloggm>