<mjloggm ver="2.3"><GO type="169" lobby="0"/><UN n0="%E3%83%8D%E3%82%B3%E3%83%9E%E3%82%B8%E3%83%B3" n1="%E3%82%A6%E3%83%AB%E3%83%88%E3%83%A9%E7%AB%8B%E7%9B%B4" n2="%E3%81%A9%E3%81%85%E3%83%BC%E3%81%96%E3%82%93" n3="%74%61%72%6F%6F" dan="16,18,16,18" rate="2111.88,2150.00,2079.47,2184.82" sx="M,M,M,M"/><TAIKYOKU oya="0"/><INIT seed="0,0,0,5,1,65" ten="250,250,250,250" oya="0" hai0="93,58,99,71,107,121,1,100,98,105,126,7,101" hai1="48,0,51,31,70,67,132,44,4,88,40,89,3" hai2="20,120,53,114,38,95,22,72,61,8,76,66,133" hai3="41,23,124,82,36,97,5,91,119,49,103,77,14"/><T74/><D121/><U32/><E132/><V10/><F120/><W16/><G119/><T28/><D28/><U12/><E12/><V109/><F38/><W34/><G34/><T9/><D126/><U75/><E75/><V110/><F133/><W87/><G124/><T113/><D113/><U123/><E123/><V111/><F114/><W30/><G36/><T46/><D58/><U84/><E51/><V56/><F95/><W59/><G5/><T42/><D93/><U125/><E125/><V85/><F72/><W15/><G30/><T80/><D71/><U29/><E89/><V129/><F129/><W81/><G14/><T106/><D106/><U130/><E130/><V131/><F131/><W94/><G41/><T63/><D63/><U2/><E4/><V54/><F54/><N who="3" m="32207" /><G82/><T102/><D102/><AGARI ba="0,0" hai="15,16,23,77,81,87,91,94,97,102,103" m="32207" machi="102" ten="30,2000,0" yaku="8,1,54,1" doraHai="65" who="3" fromWho="0" sc="250,-20,250,0,250,0,250,20" /><INIT seed="1,0,0,3,1,35" ten="230,250,250,270" oya="1" hai0="119,51,101,30,128,113,41,134,103,34,133,29,95" hai1="5,26,18,37,60,123,70,79,66,17,40,67,88" hai2="22,96,77,56,86,89,125,15,65,121,59,0,116" hai3="49,7,84,118,27,50,111,43,39,21,120,126,45"/><U87/><E123/><V132/><F121/><W130/><G120/><T24/><D119/><U1/><E79/><V99/><F116/><W94/><G118/><T68/><D68/><U4/><E67/><V124/><F132/><W64/><G111/><T6/><D113/><U91/><E91/><V82/><F0/><W97/><G126/><N who="2" m="48745" /><F77/><W105/><G130/><T102/><D128/><U13/><E26/><V90/><F90/><W28/><G84/><T110/><D110/><U69/><E69/><V2/><F2/><W12/><G105/><T80/><D80/><U73/><E73/><V98/><F65/><W33/><G64/><T54/><D41/><U72/><E72/><V48/><F48/><W106/><G106/><T31/><D6/><U107/><E107/><V74/><F74/><W47/><G47/><T16/><D95/><U25/><E1/><V127/><N who="2" m="48753" /><V61/><DORA hai="131" /><F61/><W117/><G117/><T62/><D62/><U93/><E40/><V75/><F75/><W135/><G135/><N who="0" m="51723" /><D34/><U83/><E37/><V81/><F81/><W104/><G104/><T100/><D100/><U52/><E83/><V42/><F42/><W55/><G39/><T71/><D71/><U46/><E60/><V115/><F115/><W9/><G33/><T32/><D32/><U129/><E70/><V8/><F22/><W114/><G114/><T57/><D103/><U3/><E129/><V11/><F11/><W14/><G49/><T19/><D24/><U92/><E25/><V44/><F44/><W109/><G109/><T76/><D76/><U10/><E46/><RYUUKYOKU ba="0,0" sc="230,15,250,-15,250,15,270,-15" hai0="16,19,29,30,31,51,54,57,101,102" hai2="8,15,56,59,82,86,89,96,98,99" /><INIT seed="2,1,0,0,1,61" ten="245,235,265,255" oya="2" hai0="67,44,86,131,89,21,113,42,85,9,26,117,40" hai1="129,135,45,81,66,110,125,121,78,128,109,18,79" hai2="28,92,96,54,56,118,74,60,7,95,20,48,111" hai3="19,112,103,126,123,107,47,55,116,65,130,33,49"/><V31/><F118/><W25/><G116/><T30/><D113/><U77/><E121/><V84/><F74/><W124/><G123/><T127/><D127/><N who="3" m="48681" /><G130/><N who="1" m="50282" /><E125/><V38/><F38/><W6/><G6/><T37/><D117/><U83/><E135/><V90/><F111/><N who="1" m="42505" /><E18/><V43/><F7/><W88/><G103/><T22/><D42/><U11/><E11/><V35/><F35/><W64/><G107/><T80/><D9/><U36/><E66/><N who="3" m="25706" /><G88/><T51/><D37/><U10/><E10/><V14/><F14/><W122/><G122/><T133/><D133/><U0/><E0/><V59/><F20/><N who="3" m="13471" /><G33/><T82/><D131/><U71/><E71/><V101/><F43/><AGARI ba="1,0" hai="36,43,45,77,78,79,81,83" m="42505,50282" machi="43" ten="40,2600,0" yaku="19,1,14,1" doraHai="61" who="1" fromWho="2" sc="245,0,235,29,265,-29,255,0" /><INIT seed="3,0,0,2,0,43" ten="245,264,236,255" oya="3" hai0="84,109,108,42,85,66,68,70,62,86,121,2,13" hai1="16,23,113,115,39,81,19,37,71,50,63,33,55" hai2="38,34,114,102,76,91,52,67,26,127,82,49,107" hai3="73,69,36,94,89,87,100,35,60,120,45,124,134"/><W29/><G120/><T24/><D2/><U129/><E33/><V119/><F114/><W130/><G73/><T74/><D74/><U3/><E3/><V9/><F119/><W98/><G124/><T17/><D24/><U7/><E7/><V64/><F127/><W8/><G134/><T133/><D133/><U104/><E104/><V118/><F118/><W128/><G8/><T14/><D70/><U95/><E129/><N who="3" m="49770" /><G29/><T59/><D68/><U22/><E81/><V40/><F40/><N who="3" m="22663" /><G35/><T12/><D121/><U20/><E39/><V78/><F38/><W0/><G0/><T96/><D96/><U31/><E37/><V72/><F9/><W65/><G87/><T101/><D101/><AGARI ba="0,0" hai="60,65,69,89,94,98,100,101" m="22663,49770" machi="101" ten="30,2900,0" yaku="19,1,52,1" doraHai="43" who="3" fromWho="0" sc="245,-29,264,0,236,0,255,29" /><INIT seed="3,1,0,0,2,11" ten="216,264,236,284" oya="3" hai0="10,74,121,85,21,130,93,49,96,39,122,17,32" hai1="71,124,87,7,36,94,62,57,25,50,69,34,126" hai2="83,58,22,19,135,67,123,99,28,129,97,63,5" hai3="76,43,48,51,117,68,23,70,72,100,52,110,65"/><W42/><G117/><T86/><D39/><U15/><E36/><V119/><F119/><W106/><G72/><T89/><D32/><U133/><E50/><V60/><F129/><W64/><G76/><T26/><D130/><U95/><E133/><V112/><F135/><W73/><G73/><T101/><D74/><U116/><E116/><V29/><F123/><W81/><G81/><T88/><D122/><U115/><E115/><V105/><F112/><W53/><G23/><T6/><D121/><U33/><E87/><V131/><F131/><W61/><G100/><T84/><REACH who="0" step="1"/><D49/><REACH who="0" ten="206,264,236,284" step="2"/><N who="3" m="19017" /><G106/><T2/><AGARI ba="1,1" hai="2,6,10,17,21,26,84,85,86,88,89,93,96,101" machi="2" ten="30,7900,0" yaku="1,1,0,1,54,1,53,1" doraHai="11" doraHaiUra="16" who="0" fromWho="0" sc="206,92,264,-21,236,-21,284,-40" /><INIT seed="4,0,0,0,4,37" ten="298,243,215,244" oya="0" hai0="31,20,16,79,61,121,100,78,54,65,111,85,44" hai1="123,38,6,42,98,77,0,2,9,128,18,27,122" hai2="43,49,134,59,109,60,125,8,74,92,48,118,58" hai3="132,70,35,75,56,17,129,13,40,10,91,126,83"/><T81/><D121/><U99/><E128/><V46/><F109/><W103/><G70/><T101/><D31/><U133/><E133/><V94/><F74/><W90/><G35/><T34/><D34/><U63/><E2/><V88/><F134/><W41/><G103/><T66/><D79/><U84/><E63/><V15/><F125/><W116/><G116/><T86/><D86/><U93/><E98/><V119/><F94/><W89/><G132/><T97/><D111/><U110/><E110/><V127/><F127/><W62/><G126/><T108/><D108/><U30/><E18/><V14/><F119/><W50/><G50/><N who="0" m="28999" /><D97/><U47/><E84/><V45/><F118/><W115/><G129/><T73/><D73/><U131/><E77/><V72/><F72/><W11/><G115/><T52/><D52/><U82/><E82/><V7/><F14/><N who="3" m="7383" /><G83/><T105/><D105/><U69/><E69/><V57/><F60/><W124/><G124/><T64/><D61/><U112/><E112/><V36/><F36/><W96/><G96/><T12/><AGARI ba="0,0" hai="12,16,20,64,65,66,78,81,85,100,101" m="28999" machi="12" ten="30,3000,0" yaku="8,1,54,1" doraHai="37" who="0" fromWho="0" sc="298,30,243,-10,215,-10,244,-10" /><INIT seed="4,1,0,5,5,68" ten="328,233,205,234" oya="0" hai0="42,114,9,43,111,130,80,101,33,131,79,36,94" hai1="49,56,88,72,63,45,30,117,54,31,125,20,90" hai2="123,119,75,89,129,65,103,44,105,122,118,100,113" hai3="73,76,3,83,66,4,104,78,97,84,17,32,7"/><T48/><D33/><U98/><E117/><N who="2" m="44555" /><F65/><W27/><G78/><T12/><D114/><U99/><E72/><V46/><F75/><W86/><G7/><T13/><D48/><U82/><E125/><V2/><F2/><W91/><G17/><T14/><D111/><U8/><E8/><V37/><F113/><W132/><G132/><T112/><D112/><U128/><E128/><N who="0" m="49193" /><D36/><U5/><E5/><V35/><F129/><W60/><G4/><T134/><D9/><U50/><E50/><V109/><F35/><W85/><G3/><T64/><D64/><U19/><E99/><V40/><F109/><W59/><G27/><T133/><D94/><N who="1" m="56647" /><E90/><V25/><F25/><W121/><G32/><T29/><D101/><N who="2" m="38986" /><F105/><W71/><G104/><T92/><D92/><U96/><E96/><V10/><F10/><W55/><G97/><T106/><D29/><U108/><E108/><V127/><F127/><W47/><G66/><T126/><D106/><U67/><E82/><V81/><F46/><W110/><G47/><T74/><D126/><U70/><E70/><V102/><N who="2" m="38994" /><V16/><DORA hai="115" /><F16/><W77/><G110/><T28/><D28/><U11/><E11/><V1/><F1/><W116/><G116/><T58/><D134/><U69/><E69/><V93/><F93/><W15/><G71/><T24/><D133/><U23/><E23/><V57/><F57/><W39/><G59/><T107/><D58/><U52/><E67/><V62/><F62/><W34/><G34/><T21/><D107/><U0/><E0/><V41/><F41/><N who="0" m="15370" /><D21/><U26/><AGARI ba="1,0" hai="19,20,26,30,31,45,49,52,54,56,63" m="56647" machi="26" ten="30,8000,1" yaku="5,1,25,1,8,1,54,2" doraHai="68,115" who="1" fromWho="1" sc="328,-41,233,83,205,-21,234,-21" /><INIT seed="5,0,0,2,1,70" ten="287,316,184,213" oya="1" hai0="79,24,52,134,68,75,12,42,119,3,124,27,39" hai1="57,35,19,127,113,101,30,97,107,62,73,98,109" hai2="96,53,126,74,2,23,11,34,36,55,38,94,48" hai3="25,17,22,117,112,49,118,31,21,4,106,131,64"/><U76/><E113/><V29/><F126/><W72/><G106/><T43/><D3/><U5/><E127/><V88/><F74/><W44/><G72/><T125/><D68/><U51/><E5/><V69/><F69/><W10/><G64/><T67/><D67/><U54/><E109/><V83/><F34/><W116/><G112/><T28/><D12/><U82/><E98/><V100/><F2/><N who="3" m="279" /><G49/><T9/><D9/><U8/><E30/><V104/><F11/><W129/><G44/><N who="0" m="23647" /><D43/><U93/><E35/><V108/><F108/><W128/><G17/><T111/><D119/><U37/><E37/><V133/><F133/><W122/><G122/><T77/><D134/><U78/><E78/><V13/><F83/><W86/><G86/><T46/><D28/><U89/><E51/><V15/><F15/><W65/><G65/><T18/><D75/><U102/><E107/><V80/><F80/><W0/><G0/><T92/><D92/><U115/><E115/><V59/><F55/><W90/><G90/><T61/><D79/><U26/><E8/><V50/><F50/><W71/><G71/><T91/><D77/><U130/><REACH who="1" step="1"/><E130/><REACH who="1" ten="287,306,184,213" step="2"/><V33/><F33/><AGARI ba="0,1" hai="21,22,25,31,33,116,117,118,128,129,131" m="279" machi="33" ten="40,8000,1" yaku="12,1,19,1,34,2" doraHai="70" who="3" fromWho="2" sc="287,0,306,0,184,-80,213,90" /><INIT seed="6,0,0,3,3,101" ten="287,306,104,303" oya="2" hai0="8,113,4,54,72,112,82,50,92,103,64,79,110" hai1="94,100,7,21,102,96,117,134,104,65,68,41,83" hai2="12,47,13,3,116,99,5,20,67,86,57,31,38" hai3="39,19,58,91,114,43,42,135,55,56,32,69,121"/><V23/><F116/><W128/><G32/><T131/><D110/><U29/><E117/><V130/><F130/><W119/><G119/><T35/><D35/><U53/><E134/><V0/><F99/><W132/><G91/><T97/><D64/><U9/><E41/><N who="3" m="15370" /><G19/><T123/><D123/><U22/><E65/><V33/><F86/><W24/><G24/><T73/><D73/><U6/><E68/><V34/><F67/><W126/><G121/><T98/><D98/><U71/><E71/><V124/><F57/><W16/><G16/><T2/><REACH who="0" step="1"/><D131/><REACH who="0" ten="277,306,104,303" step="2"/><U106/><E96/><V11/><F47/><AGARI ba="0,1" hai="2,4,8,47,50,54,72,79,82,92,97,103,112,113" machi="47" ten="40,2600,0" yaku="1,1,2,1,53,0" doraHai="101" doraHaiUra="27" who="0" fromWho="2" sc="277,36,306,0,104,-26,303,0" /><INIT seed="7,0,0,1,4,13" ten="313,306,78,303" oya="3" hai0="22,128,80,15,121,57,6,59,31,94,99,43,4" hai1="83,42,45,100,84,37,38,93,11,7,70,130,88" hai2="67,50,62,73,115,28,131,90,35,10,104,79,16" hai3="18,39,134,91,48,110,66,36,29,98,129,135,102"/><W108/><G129/><T53/><D128/><U89/><E70/><V86/><F16/><W126/><G126/><T12/><D121/><U65/><E65/><V52/><F90/><W20/><G29/><T41/><D80/><U112/><E130/><V85/><F52/><W132/><G91/><T127/><D127/><U111/><E111/><N who="3" m="42538" /><G48/><N who="0" m="30887" /><D59/><U8/><E112/><V40/><F85/><W30/><G30/><T76/><D76/><U49/><E100/><V81/><F86/><W72/><G72/><T61/><D61/><U26/><E26/><V95/><F50/><W3/><G3/><T113/><D113/><U21/><E21/><V106/><F95/><N who="3" m="58719" /><G66/><T46/><D46/><U107/><E107/><V64/><F62/><W133/><G133/><T117/><D117/><U109/><E109/><V47/><F81/><W119/><G119/><T125/><D125/><U82/><E82/><V101/><F10/><N who="1" m="3625" /><E38/><V34/><F47/><W60/><G60/><T97/><D97/><N who="1" m="57511" /><E37/><V27/><F101/><W23/><G23/><T122/><D122/><U71/><E71/><V63/><F27/><AGARI ba="0,0" hai="18,20,27,36,39,132,134,135" m="58719,42538" machi="27" ten="40,7700,0" yaku="20,1,10,1,52,1" doraHai="13" who="3" fromWho="2" sc="313,0,306,0,78,-77,303,77" owari="313,11.0,306,-9.0,1,-50.0,380,48.0" /></mjloggm>