<mjloggm ver="2.3"><GO type="225" lobby="0"/><UN n0="%E3%83%88%E3%83%88%E3%83%AA%E5%85%88%E7%94%9F%31%39%E6%AD%B3" n1="%E3%81%BE%E3%81%99%E3%81%8F%E3%81%AF%E3%81%8C%E3%81%97" n2="%E3%81%8A%E3%81%98%E3%81%95%E3%82%93" n3="%74%61%74%73%75%37%30%32" dan="17,16,16,17" rate="2173.52,2055.06,2183.72,2279.33" sx="F,M,M,M"/><TAIKYOKU oya="0"/><INIT seed="0,0,0,4,0,83" ten="250,250,250,250" oya="0" hai0="3,117,118,121,55,61,27,58,66,69,128,72,82" hai1="26,70,63,20,54,115,88,8,67,44,36,30,105" hai2="43,68,78,102,130,15,129,17,91,111,19,65,119" hai3="38,99,135,0,2,107,113,120,59,10,112,41,109"/><T11/><D121/><U127/><E127/><V56/><F68/><W32/><G59/><T35/><D128/><N who="2" m="49258" /><F111/><W5/><G2/><T37/><D37/><U42/><E115/><V103/><F119/><W51/><G51/><T50/><D35/><U28/><E105/><V60/><F78/><W104/><G109/><T6/><REACH who="0" step="1"/><D27/><REACH who="0" ten="240,250,250,250" step="2"/><U125/><E125/><V101/><F43/><W73/><G32/><T80/><D80/><U62/><E8/><V95/><F15/><W47/><G120/><T106/><D106/><U49/><E63/><V23/><F23/><W134/><G73/><T29/><D29/><U71/><E30/><V48/><F48/><W9/><G9/><T45/><D45/><U92/><E62/><V52/><F65/><W75/><G75/><T123/><D123/><U110/><E67/><V39/><F39/><W13/><G13/><T7/><D7/><U97/><REACH who="1" step="1"/><E110/><REACH who="1" ten="240,240,250,250" step="2"/><V33/><F33/><W12/><G107/><T87/><D87/><AGARI ba="0,2" hai="17,19,52,56,60,87,91,95,101,102,103" m="49258" machi="87" ten="30,3900,0" yaku="19,1,52,1,54,1" doraHai="83" who="2" fromWho="0" sc="240,-39,240,0,250,59,250,0" /><INIT seed="1,0,0,4,5,93" ten="201,240,309,250" oya="1" hai0="37,60,99,117,97,111,7,78,133,55,9,73,58" hai1="81,126,16,38,125,45,15,79,104,101,8,75,69" hai2="25,13,26,130,82,122,3,83,110,20,23,88,57" hai3="6,105,127,51,72,53,62,43,124,17,100,98,120"/><U33/><E69/><V106/><F106/><W28/><G120/><T91/><D117/><U89/><E33/><V11/><F3/><W41/><G72/><T59/><D37/><U74/><E89/><V34/><F34/><W47/><G28/><T18/><D111/><U134/><E134/><V14/><F110/><W52/><G6/><T29/><D133/><U39/><E75/><V113/><F122/><W96/><G17/><T131/><D131/><U63/><E63/><V80/><F130/><W86/><G86/><T61/><D29/><U90/><E90/><V21/><F113/><W85/><G85/><T95/><D18/><U77/><E77/><V44/><F44/><W24/><G24/><N who="2" m="9321" /><F57/><N who="3" m="35119" /><G98/><N who="0" m="57727" /><D78/><U36/><REACH who="1" step="1"/><E45/><REACH who="1" ten="201,230,309,250" step="2"/><V54/><F88/><W31/><G31/><T1/><D73/><U114/><E114/><V0/><F80/><W102/><G100/><T67/><D1/><U68/><E68/><V2/><F82/><W109/><G109/><T32/><D32/><U112/><E112/><V76/><F83/><W19/><G127/><T4/><D9/><U107/><E107/><V70/><F76/><W103/><G124/><T92/><D92/><U108/><E108/><V49/><F70/><W116/><G103/><T121/><D121/><U128/><E128/><V50/><F0/><W129/><G129/><T22/><D22/><U35/><E35/><V132/><F132/><W123/><G123/><T64/><D64/><U65/><E65/><V40/><F2/><W12/><G116/><T118/><D118/><U56/><E56/><N who="2" m="32847" /><F11/><N who="3" m="6559" /><G105/><T115/><D115/><U119/><E119/><RYUUKYOKU ba="0,1" sc="201,0,230,0,309,0,250,0" hai0="4,7,55,58,59,60,61,67,97,99" hai1="8,15,16,36,38,39,74,79,81,101,104,125,126" hai2="13,14,20,21,23,40,50" hai3="41,43,47,51,52,96,102" /><INIT seed="1,1,1,4,5,62" ten="201,230,309,250" oya="1" hai0="64,42,124,9,17,16,70,114,43,35,102,110,5" hai1="111,14,39,85,69,125,130,61,1,20,19,65,119" hai2="51,129,53,11,57,86,12,10,60,134,3,23,91" hai3="88,95,77,37,0,115,106,24,54,81,78,6,89"/><U27/><E119/><V117/><F117/><W25/><G115/><T2/><D114/><U80/><E1/><V104/><F104/><W103/><G37/><T132/><D35/><U113/><E113/><V123/><F123/><W7/><G0/><T28/><D28/><U18/><E39/><V55/><F129/><W50/><G103/><T84/><D110/><U8/><E130/><V98/><F98/><N who="3" m="57703" /><G106/><T38/><D132/><U21/><E125/><V71/><F3/><W87/><G25/><T41/><D38/><U112/><E112/><V15/><F134/><W52/><G24/><T121/><D124/><U33/><E111/><V74/><F74/><W4/><G54/><T73/><D73/><U118/><E118/><V100/><F100/><W107/><G107/><T56/><D70/><U59/><E69/><V82/><F71/><W92/><G92/><T26/><D102/><U31/><REACH who="1" step="1"/><E18/><REACH who="1" ten="201,220,309,250" step="2"/><N who="2" m="10719" /><F12/><W75/><G75/><T108/><D108/><U93/><E93/><V109/><F109/><W40/><G40/><T68/><D68/><U94/><E94/><V29/><F29/><W48/><G48/><T67/><D121/><U72/><E72/><V99/><F99/><W49/><G50/><T63/><D26/><U122/><E122/><V66/><F51/><W90/><G78/><AGARI ba="1,2" hai="8,14,19,20,21,27,31,33,59,61,65,78,80,85" machi="78" ten="30,5800,0" yaku="1,1,7,1,52,1,53,0" doraHai="62" doraHaiUra="101" who="1" fromWho="3" sc="201,0,220,81,309,0,250,-61" /><INIT seed="1,2,0,2,0,39" ten="201,301,309,189" oya="1" hai0="3,30,110,13,67,82,77,20,19,122,102,135,104" hai1="74,36,86,129,117,85,118,66,38,116,130,41,125" hai2="93,128,50,6,109,76,45,107,115,99,83,114,132" hai3="101,25,9,16,31,5,1,2,112,133,47,60,46"/><U12/><E74/><V43/><F107/><W17/><G112/><N who="2" m="43049" /><F109/><W28/><G133/><T72/><D3/><U52/><E66/><V14/><F128/><N who="1" m="49257" /><E125/><V58/><F132/><W15/><G101/><T63/><D135/><U111/><E111/><V61/><F14/><N who="3" m="5423" /><G46/><T22/><D122/><U78/><E12/><V7/><F93/><W4/><G47/><T108/><D30/><N who="3" m="11305" /><G60/><T103/><D22/><U79/><E52/><N who="2" m="33991" /><F99/><W18/><G25/><T106/><D110/><U64/><E64/><V68/><F68/><W57/><G57/><T33/><D108/><U97/><E97/><V27/><F27/><W44/><G44/><T88/><D106/><U121/><E121/><V34/><F34/><W127/><G127/><T119/><D33/><U87/><E41/><V26/><F26/><W48/><G48/><T49/><D49/><U90/><E90/><V35/><F35/><W81/><G81/><T84/><D103/><U51/><E51/><V10/><F10/><AGARI ba="2,0" hai="1,2,4,10,15,16,17,18" m="11305,5423" machi="10" ten="30,12000,2" yaku="35,5,54,1" doraHai="39" who="3" fromWho="2" sc="201,0,301,0,309,-126,189,126" /><INIT seed="2,0,0,1,1,10" ten="201,301,183,315" oya="2" hai0="95,50,8,114,120,84,89,65,61,110,69,132,54" hai1="77,103,62,112,83,107,113,97,130,98,48,0,122" hai2="37,55,88,66,99,64,80,131,60,100,30,121,94" hai3="27,71,40,119,91,18,33,67,86,105,24,15,127"/><V31/><F37/><W135/><G119/><T6/><D110/><U101/><E0/><V47/><F121/><W81/><G105/><T92/><D132/><U3/><E3/><V34/><F34/><W41/><G135/><T52/><D120/><U25/><E122/><V128/><F30/><W36/><G127/><T133/><D133/><U49/><E25/><N who="3" m="9802" /><G36/><T126/><D126/><U42/><E62/><V85/><F31/><W124/><G71/><T44/><D114/><U26/><E26/><V118/><F118/><W11/><G33/><T16/><D16/><U29/><E130/><N who="2" m="49707" /><F60/><W23/><G124/><T87/><D87/><U13/><E29/><V57/><F57/><W1/><G1/><T63/><D92/><U76/><E42/><N who="3" m="16490" /><G67/><T9/><REACH who="0" step="1"/><D6/><REACH who="0" ten="191,301,183,315" step="2"/><U39/><E107/><V51/><AGARI ba="0,1" hai="47,51,55,64,66,80,85,88,94,99,100" m="49707" machi="51" ten="30,3000,0" yaku="19,1,54,1" doraHai="10" who="2" fromWho="2" sc="191,-10,301,-10,183,40,315,-10" /><INIT seed="2,1,0,4,1,122" ten="181,291,223,305" oya="2" hai0="50,71,20,66,19,25,45,70,9,123,102,106,80" hai1="39,46,98,118,12,4,96,97,72,33,132,129,131" hai2="10,37,57,56,62,15,77,78,48,117,34,32,8" hai3="35,28,68,84,105,27,41,26,69,121,67,53,29"/><V81/><F37/><W108/><G121/><T52/><D123/><U36/><E118/><V51/><F117/><W114/><G53/><T115/><D115/><U113/><E113/><V74/><F81/><W73/><G73/><T134/><BYE who="3" /><D134/><U135/><E72/><V22/><F74/><W6/><G6/><T24/><D66/><U0/><E0/><V30/><F22/><UN n3="%74%61%74%73%75%37%30%32" /><W64/><G114/><T23/><D9/><N who="1" m="4135" /><E33/><V92/><F15/><W94/><G41/><T82/><D102/><U125/><E125/><V133/><F62/><W116/><G94/><T103/><D103/><U91/><E91/><V60/><F60/><W2/><G84/><T18/><REACH who="0" step="1"/><D106/><REACH who="0" ten="171,291,223,305" step="2"/><U42/><E36/><V111/><F133/><AGARI ba="1,1" hai="39,42,46,96,97,98,129,131,132,133,135" m="4135" machi="133" ten="30,1000,0" yaku="20,1" doraHai="122" who="1" fromWho="2" sc="171,0,291,23,223,-13,305,0" /><INIT seed="3,0,0,2,4,34" ten="171,314,210,305" oya="3" hai0="45,47,31,62,19,90,4,55,33,77,131,113,52" hai1="80,130,40,68,118,98,41,86,114,81,74,1,83" hai2="12,82,100,57,25,85,133,112,51,63,0,48,71" hai3="93,24,95,123,53,26,129,73,56,30,128,38,49"/><W18/><G73/><T36/><D131/><N who="3" m="50249" /><G38/><T21/><D113/><U127/><E1/><V89/><F0/><W88/><G123/><T20/><D33/><U14/><E114/><V16/><F71/><W44/><G18/><T43/><D4/><U99/><E68/><V106/><F133/><W58/><G95/><T107/><D107/><U102/><E74/><V22/><F112/><W35/><G26/><T135/><D135/><U66/><E66/><N who="2" m="39279" /><F100/><W28/><G28/><T124/><D124/><U50/><E127/><V134/><F106/><W32/><G35/><T27/><D77/><U115/><E115/><V54/><F134/><W125/><G125/><T46/><D90/><U119/><E130/><V94/><F54/><W67/><G67/><T15/><REACH who="0" step="1"/><D55/><REACH who="0" ten="161,314,210,305" step="2"/><U105/><E105/><V70/><F70/><W10/><G10/><T116/><D116/><U122/><E119/><V7/><F94/><W108/><G108/><T109/><D109/><U87/><E118/><V121/><F121/><W23/><G32/><T11/><D11/><AGARI ba="0,1" hai="7,11,12,16,22,25,48,51,82,85,89" m="39279" machi="11" ten="30,2000,0" yaku="8,1,54,1" doraHai="34" who="2" fromWho="0" sc="161,-20,314,0,210,30,305,0" owari="141,-36.0,314,41.0,240,-16.0,305,11.0" /></mjloggm>