<mjloggm ver="2.3"><GO type="97" lobby="0"/><UN n0="%E3%81%BE%E3%81%A3%E3%81%A1%E3%82%83%EF%BC%92%EF%BC%96" n1="%E3%82%B7%E3%83%B3%E3%83%9C%E3%83%AA%E5%85%BC%E5%AD%90" n2="%E5%B0%B1%E6%B4%BB%E7%94%9F%40%E5%B7%9D%E6%9D%91%E8%BB%8D%E5%9B%A3" n3="%E3%81%86%E3%81%87%E3%81%B3" dan="13,13,16,15" rate="1860.20,1803.74,2187.27,2008.08" sx="M,M,M,M"/><TAIKYOKU oya="0"/><INIT seed="0,0,0,4,5,62" ten="250,250,250,250" oya="0" hai0="111,13,84,100,64,88,58,73,18,71,90,95,16" hai1="31,75,49,61,4,69,3,132,47,66,33,24,94" hai2="118,53,36,57,2,23,78,82,54,32,9,40,87" hai3="103,67,133,110,6,26,126,41,72,105,117,38,14"/><T50/><D71/><U92/><E132/><V124/><F32/><W129/><G26/><T48/><D73/><U97/><E75/><V106/><F106/><W80/><G80/><T42/><D42/><U22/><E97/><V85/><F124/><W44/><G14/><T104/><D100/><U113/><E113/><V107/><F107/><W20/><G20/><T37/><D37/><U83/><E83/><V52/><F118/><W39/><G6/><T12/><D104/><U15/><E3/><V127/><F127/><W98/><G98/><T43/><D43/><U7/><E7/><V65/><F23/><W46/><G46/><T79/><D79/><U5/><E5/><V8/><F2/><W102/><G44/><T17/><D90/><U74/><E74/><V55/><F40/><W108/><G41/><T59/><D111/><U19/><E4/><V121/><F36/><W0/><G102/><T115/><D115/><U81/><E81/><N who="2" m="47287" /><F121/><W56/><G103/><T27/><D27/><U114/><E114/><V68/><F68/><W28/><G39/><T123/><D123/><U30/><E30/><V89/><N who="2" m="13824" /><DORA hai="122" /><V76/><F76/><W120/><G28/><T34/><D58/><U112/><E112/><V96/><F96/><W86/><G105/><T35/><D34/><U70/><E70/><V10/><F10/><W134/><G120/><T77/><D35/><U91/><E91/><V25/><F25/><W131/><G126/><T60/><D77/><U1/><E1/><V93/><F82/><W116/><G72/><T135/><D135/><U101/><E101/><RYUUKYOKU ba="0,0" sc="250,10,250,10,250,10,250,-30" hai0="12,13,16,17,18,48,50,59,60,64,84,88,95" hai1="15,19,22,24,31,33,47,49,61,66,69,92,94" hai2="8,9,57,65,87,89,93" /><INIT seed="0,1,0,1,5,107" ten="260,260,260,220" oya="0" hai0="69,105,92,72,67,111,78,4,119,57,103,41,132" hai1="50,14,77,23,11,90,115,73,113,19,89,37,64" hai2="93,21,116,31,34,7,76,125,130,80,94,98,8" hai3="36,10,106,95,79,54,38,28,109,9,35,39,91"/><T123/><D119/><U114/><E37/><V68/><F68/><W58/><G106/><T81/><D69/><U53/><E64/><V59/><F34/><W22/><G35/><T18/><D123/><U124/><E124/><V29/><F116/><W102/><G102/><T82/><D4/><U55/><E55/><V3/><F130/><W131/><G131/><T135/><D41/><U12/><E12/><V83/><F125/><W104/><G104/><T15/><D67/><U56/><REACH who="1" step="1"/><E11/><REACH who="1" ten="260,250,260,220" step="2"/><V17/><F8/><W62/><G9/><T84/><D15/><U26/><E26/><V110/><F110/><W100/><G109/><T6/><D6/><U61/><E61/><V51/><F7/><W16/><G38/><T43/><D43/><U86/><E86/><V33/><F51/><W24/><G36/><T30/><D30/><U2/><E2/><V47/><F3/><W5/><G39/><T52/><D18/><U45/><E45/><V88/><F47/><W44/><G44/><T74/><D111/><U27/><E27/><V126/><F31/><W117/><G117/><T46/><D52/><U48/><E48/><V134/><F29/><W49/><G28/><T133/><D46/><U128/><E128/><V118/><F126/><W0/><G49/><T87/><D57/><U60/><E60/><V127/><F127/><W96/><G62/><T13/><D13/><U112/><N who="1" m="29184" /><DORA hai="75" /><U40/><E40/><V101/><F17/><W42/><G42/><T20/><D135/><U71/><E71/><V108/><F118/><W63/><G63/><T70/><D133/><RYUUKYOKU ba="1,1" sc="260,-10,250,30,260,-10,220,-10" hai1="14,19,23,50,53,56,73,77,89,90" /><INIT seed="1,2,1,0,5,67" ten="250,280,250,210" oya="1" hai0="84,96,33,107,3,134,83,51,16,132,89,53,52" hai1="118,99,86,19,113,45,80,48,88,120,133,50,125" hai2="0,74,92,61,43,60,55,70,1,63,130,106,123" hai3="27,109,87,17,13,124,10,94,36,32,8,26,9"/><U90/><E120/><V2/><F106/><W114/><G36/><T126/><D33/><U22/><E118/><V110/><F123/><W59/><G114/><T30/><D3/><U42/><E113/><V56/><F74/><W7/><G109/><T77/><D30/><U6/><E6/><V29/><F110/><W38/><G38/><T97/><D126/><U104/><E133/><N who="0" m="51305" /><D107/><U119/><E119/><V46/><F130/><W103/><G124/><T102/><D53/><U49/><E125/><V116/><F116/><W131/><G131/><T39/><D39/><U93/><E104/><V35/><F70/><W71/><G71/><T79/><D102/><U58/><E58/><V68/><F68/><W122/><G122/><T28/><D28/><U82/><E82/><V31/><F31/><W111/><G111/><T21/><D97/><U4/><E4/><V54/><F55/><W69/><G69/><T105/><D96/><U112/><E112/><V65/><F65/><W98/><G7/><T41/><D41/><U121/><E121/><V85/><F29/><W76/><G59/><N who="0" m="33183" /><D105/><U15/><AGARI ba="2,1" hai="15,19,22,42,45,48,49,50,80,86,88,90,93,99" machi="15" ten="20,7800,0" yaku="0,1,7,1,8,1,54,1" doraHai="67" who="1" fromWho="1" sc="250,-28,280,94,250,-28,210,-28" /><INIT seed="1,3,0,3,1,112" ten="222,374,222,182" oya="1" hai0="69,101,124,130,125,103,121,95,117,132,133,45,7" hai1="15,81,47,37,27,65,85,108,33,11,57,44,97" hai2="2,32,40,67,86,54,63,110,109,111,0,122,99" hai3="4,88,25,68,114,35,10,107,87,94,84,56,71"/><U42/><E97/><V79/><F122/><W123/><G114/><T43/><D69/><U41/><E108/><V82/><F32/><W53/><G123/><T14/><D95/><U89/><E33/><V48/><F40/><W22/><G107/><T38/><D121/><U127/><E127/><N who="0" m="48713" /><D14/><U78/><E27/><V5/><F5/><W134/><G134/><N who="0" m="51819" /><D7/><U52/><E65/><V13/><F99/><W60/><G84/><T70/><D70/><U105/><E105/><V129/><F13/><W75/><G75/><T51/><D117/><U49/><E49/><V104/><F104/><W106/><G35/><T30/><D30/><U26/><E26/><V64/><F64/><W131/><G106/><T28/><D28/><U120/><E120/><V18/><F18/><W62/><G68/><T6/><D6/><N who="1" m="3575" /><E37/><V31/><F31/><W23/><G71/><T50/><D50/><N who="1" m="30871" /><E78/><V21/><F2/><W16/><G23/><T96/><D96/><U98/><E98/><V55/><F21/><W34/><G34/><T90/><D90/><U9/><E9/><V46/><F0/><W12/><G60/><T102/><D38/><U73/><E73/><V59/><F67/><W100/><G100/><N who="0" m="25603" /><T58/><DORA hai="92" /><D58/><U126/><E126/><V118/><F118/><W80/><G94/><T128/><AGARI ba="3,0" hai="43,45,51,128,130" m="25603,51819,48713" machi="128" ten="50,8000,1" yaku="30,2,18,1,20,1" doraHai="112,92" who="0" fromWho="0" sc="222,89,374,-43,222,-23,182,-23" /><INIT seed="2,0,0,2,2,66" ten="311,331,199,159" oya="2" hai0="8,24,57,55,79,111,15,113,41,38,16,1,70" hai1="29,64,22,61,119,2,25,28,97,36,83,107,96" hai2="104,114,90,112,37,75,54,49,122,106,53,50,110" hai3="26,65,40,103,94,98,0,58,133,95,14,47,127"/><V101/><F37/><W72/><G0/><T18/><D113/><U105/><E119/><V30/><F75/><W124/><G72/><T130/><D1/><U10/><E36/><V91/><F30/><W108/><G133/><T39/><D70/><U74/><E2/><V132/><F101/><W87/><G108/><T34/><D130/><U4/><E29/><V42/><F42/><W117/><G117/><T102/><D41/><U20/><E20/><V100/><F100/><W125/><G14/><T44/><D44/><U3/><E96/><V63/><F63/><W73/><G73/><T78/><D102/><U48/><E97/><V99/><F99/><W27/><G58/><T31/><D38/><U56/><REACH who="1" step="1"/><E48/><REACH who="1" ten="311,321,199,159" step="2"/><V118/><F118/><W77/><G26/><T115/><D39/><U92/><E92/><V85/><F110/><W51/><G27/><T60/><D111/><U52/><E52/><V121/><F132/><W17/><G95/><T6/><D115/><U120/><E120/><V13/><F13/><W23/><G94/><T89/><REACH who="0" step="1"/><D89/><REACH who="0" ten="301,321,199,159" step="2"/><U9/><E9/><V12/><F91/><W81/><G103/><T43/><D43/><U84/><E84/><V126/><F90/><W68/><G98/><T5/><D5/><U46/><E46/><V19/><F85/><W86/><G87/><T131/><D131/><U45/><E45/><V93/><F112/><W135/><G135/><T35/><D35/><U80/><E80/><V69/><F114/><W11/><G86/><T129/><D129/><U33/><E33/><V134/><F134/><W82/><G81/><RYUUKYOKU ba="0,2" sc="301,15,321,15,199,-15,159,-15" hai0="6,8,15,16,18,24,31,34,55,57,60,78,79" hai1="3,4,10,22,25,28,56,61,64,74,83,105,107" /><INIT seed="3,1,2,0,0,106" ten="316,336,184,144" oya="3" hai0="90,67,44,38,5,74,4,102,104,69,76,3,110" hai1="65,87,121,113,54,46,24,25,85,39,117,108,1" hai2="7,111,34,51,109,20,48,57,29,9,64,50,131" hai3="13,132,84,40,103,16,93,32,37,45,123,133,72"/><W60/><G32/><T49/><D5/><U78/><E121/><V21/><F131/><W83/><G123/><T11/><D49/><U88/><E117/><V75/><F75/><W125/><G125/><T119/><D90/><U105/><E113/><V30/><F64/><W128/><G128/><T12/><D12/><U118/><E118/><V101/><F57/><W47/><G47/><T112/><D119/><U0/><E105/><V43/><F43/><W28/><G28/><N who="2" m="10857" /><F34/><W27/><G27/><T73/><D76/><U114/><E114/><V62/><F62/><W18/><G72/><T33/><D33/><U14/><E39/><V129/><F101/><W86/><G60/><N who="0" m="40167" /><D112/><U68/><E68/><V31/><F31/><W91/><G18/><T92/><D92/><U41/><E41/><V58/><F58/><W22/><REACH who="3" step="1"/><G103/><REACH who="3" ten="316,336,184,134" step="2"/><T95/><D110/><N who="2" m="41994" /><F129/><W98/><G98/><N who="0" m="61527" /><D95/><N who="1" m="54671" /><E108/><V127/><F127/><W97/><G97/><T120/><D120/><U15/><E1/><AGARI ba="1,3" hai="1,7,9,20,21,48,50,51" m="41994,10857" machi="1" ten="30,1000,0" yaku="14,1" doraHai="106" who="2" fromWho="1" sc="316,0,336,-13,184,43,134,0" owari="316,12.0,323,42.0,227,-17.0,134,-37.0" /></mjloggm>