<mjloggm ver="2.3"><GO type="169" lobby="0"/><UN n0="%E6%8E%A8%E7%A9%BA%EF%BC%B0" n1="%E5%B0%B1%E6%B4%BB%E7%94%9F%40%E5%B7%9D%E6%9D%91%E8%BB%8D%E5%9B%A3" n2="%E7%99%BD%E3%81%99%E3%81%B4%E3%81%A3%E3%81%A4%EF%BC%A0%E5%8D%8A%E8%8D%98" n3="%67%6F%75%73%69" dan="16,18,17,17" rate="2126.10,2238.13,2160.50,2180.41" sx="F,M,M,M"/><TAIKYOKU oya="0"/><INIT seed="0,0,0,4,1,122" ten="250,250,250,250" oya="0" hai0="116,47,118,8,49,126,17,119,134,11,101,16,5" hai1="103,135,14,112,86,69,96,39,20,80,61,115,63" hai2="87,45,41,92,111,81,85,36,53,66,35,121,19" hai3="51,25,97,54,15,90,46,59,78,3,10,6,105"/><T70/><D70/><U28/><E39/><V24/><F121/><W57/><G78/><T109/><D101/><U129/><E129/><V21/><F35/><W88/><G25/><T31/><D134/><U12/><E135/><V82/><F66/><W38/><G38/><T73/><D73/><U43/><E43/><V89/><F53/><W117/><G117/><T100/><D100/><U62/><E69/><V127/><F127/><W131/><G131/><T64/><D64/><U76/><E28/><V71/><F71/><W7/><G105/><T68/><D68/><U56/><E56/><N who="3" m="21578" /><G3/><T40/><D126/><U110/><E110/><V50/><F111/><W114/><G114/><N who="1" m="43562" /><E20/><V4/><F4/><N who="3" m="1579" /><G97/><T132/><D132/><U32/><E32/><V120/><F120/><W133/><G133/><T72/><D109/><U37/><E37/><V104/><F104/><AGARI ba="0,0" hai="12,14,61,62,63,76,80,86,96,103,104" m="43562" machi="104" ten="30,1000,0" yaku="11,1" doraHai="122" who="1" fromWho="2" sc="250,0,250,10,250,-10,250,0" /><INIT seed="1,0,0,4,2,119" ten="250,260,240,250" oya="1" hai0="124,75,54,66,99,18,108,106,116,120,114,117,56" hai1="110,85,49,132,87,118,71,30,6,21,93,88,1" hai2="43,24,122,42,29,51,95,61,96,78,123,27,7" hai3="34,17,125,55,73,60,8,92,10,23,57,65,35"/><U41/><E118/><N who="0" m="45673" /><D18/><U9/><E71/><V12/><F78/><W32/><G73/><T91/><D66/><U38/><E132/><V112/><F112/><W67/><G125/><T111/><D54/><U131/><E131/><V133/><F133/><W3/><G3/><T40/><D56/><U4/><E4/><V76/><F76/><W107/><G107/><T36/><D40/><U58/><E110/><N who="0" m="42025" /><D36/><U86/><E38/><V13/><F61/><W79/><G79/><T121/><D124/><U97/><E30/><V77/><F51/><W53/><G53/><T127/><D127/><U135/><E135/><V98/><F77/><W80/><G65/><T2/><D2/><U14/><E21/><V82/><F7/><W100/><G67/><T46/><D46/><N who="1" m="25807" /><E1/><V83/><REACH who="2" step="1"/><F29/><REACH who="2" ten="250,260,230,250" step="2"/><W113/><G60/><T28/><D28/><U102/><E58/><V126/><F126/><W39/><G57/><T25/><D75/><U70/><E70/><V26/><F26/><W15/><G39/><T44/><D25/><U74/><E74/><V104/><F104/><W33/><G33/><T19/><D44/><U109/><E109/><V101/><F101/><AGARI ba="0,1" hai="6,9,14,85,86,87,88,93,97,101,102" m="25807" machi="101" ten="30,2900,0" yaku="8,1,54,1" doraHai="119" who="1" fromWho="2" sc="250,0,260,39,230,-29,250,0" /><INIT seed="1,1,0,1,3,105" ten="250,299,201,250" oya="1" hai0="56,8,43,81,118,29,25,110,83,61,71,116,57" hai1="97,99,24,69,19,5,70,124,51,55,120,0,107" hai2="23,39,96,117,64,82,63,28,12,46,62,33,41" hai3="94,134,80,77,58,100,11,32,93,122,49,14,132"/><U21/><E120/><V27/><F117/><W68/><G68/><T112/><D112/><U1/><E124/><V42/><F42/><W60/><G32/><T40/><D8/><U135/><E135/><N who="3" m="51754" /><G49/><T16/><D110/><U22/><E22/><V121/><F121/><W76/><G100/><T3/><D3/><U26/><E26/><V34/><F63/><W85/><G77/><T9/><D9/><U106/><E106/><V119/><F119/><W84/><G84/><T66/><D29/><U18/><E18/><V103/><F82/><W2/><G2/><T75/><D71/><U109/><E109/><V20/><F12/><W123/><G123/><T101/><D101/><U45/><E1/><V50/><F39/><W37/><G37/><T128/><D25/><U35/><E35/><V91/><F91/><W72/><G85/><T10/><D10/><U73/><E107/><N who="2" m="63975" /><F34/><W52/><G122/><T125/><D61/><U127/><E127/><V90/><F90/><W74/><G74/><T38/><D125/><U129/><E129/><V67/><F67/><W53/><G53/><T114/><D38/><U130/><E130/><V89/><F89/><W126/><G126/><T92/><D128/><U7/><E73/><V86/><F86/><W30/><G30/><T111/><D75/><U6/><REACH who="1" step="1"/><E0/><REACH who="1" ten="250,289,201,250" step="2"/><V102/><F33/><W88/><G88/><T95/><D111/><U131/><E131/><V31/><F23/><W108/><G108/><T98/><D116/><U36/><E36/><V65/><F20/><W87/><G87/><T59/><D118/><U47/><E47/><RYUUKYOKU ba="1,1" sc="250,-15,289,15,201,-15,250,15" hai1="5,6,7,19,21,24,45,51,55,69,70,97,99" hai3="11,14,52,58,60,72,76,80,93,94" /><INIT seed="1,2,1,1,0,129" ten="235,304,186,265" oya="1" hai0="73,120,100,124,69,52,21,29,11,86,106,83,23" hai1="64,127,10,33,126,19,104,113,43,3,8,97,88" hai2="37,135,25,79,75,133,34,80,121,132,90,82,17" hai3="45,26,134,112,111,7,103,28,18,30,68,27,99"/><U35/><E113/><V92/><F37/><W131/><G68/><T61/><D73/><U22/><E43/><V119/><F119/><W36/><G112/><T46/><D120/><U49/><E64/><V55/><F80/><W58/><G131/><T2/><D124/><N who="1" m="47659" /><E49/><V48/><F121/><W91/><G7/><T40/><D106/><U108/><E104/><V32/><F25/><W77/><G77/><T51/><D100/><U38/><E38/><V20/><F20/><W117/><G117/><T60/><D69/><U62/><E62/><V59/><REACH who="2" step="1"/><F17/><REACH who="2" ten="235,304,176,265" step="2"/><W16/><G16/><T118/><D118/><U98/><E35/><V44/><F44/><W93/><G18/><T5/><D23/><U65/><E33/><V114/><F114/><W41/><G27/><T105/><D21/><U130/><E130/><V72/><F72/><W47/><G47/><T116/><D116/><U54/><E19/><V78/><F78/><W4/><G26/><T14/><D29/><U101/><E22/><V15/><F15/><W122/><G122/><T6/><D2/><U85/><E3/><V57/><F57/><W95/><G58/><T123/><D123/><U76/><E76/><V0/><F0/><W39/><G39/><T89/><D5/><U71/><E10/><V70/><F70/><W50/><G4/><T12/><D12/><U24/><E8/><V107/><F107/><W63/><G36/><T56/><D105/><U125/><E125/><V110/><F110/><W67/><G28/><T74/><D74/><U13/><E13/><V31/><F31/><W42/><G30/><RYUUKYOKU ba="2,2" sc="235,15,304,-15,176,15,265,-15" hai0="6,11,14,40,46,51,52,56,60,61,83,86,89" hai2="32,34,48,55,59,75,79,82,90,92,132,133,135" /><INIT seed="2,3,2,2,2,126" ten="250,289,191,250" oya="2" hai0="118,5,60,65,59,90,111,106,128,119,68,38,13" hai1="107,55,29,8,39,105,110,99,48,47,92,53,23" hai2="57,70,19,76,0,14,86,135,10,58,31,125,17" hai3="114,44,51,113,7,78,61,108,33,132,50,45,54"/><V21/><F70/><W104/><G33/><T20/><D106/><U77/><E110/><V56/><F125/><W102/><G102/><T66/><D38/><U30/><E39/><V62/><F135/><W83/><G104/><T129/><D90/><U63/><E63/><V71/><F31/><W130/><G108/><T15/><D111/><U34/><E34/><V22/><F0/><W115/><G132/><T37/><D37/><U67/><E67/><N who="2" m="39383" /><F71/><W98/><G98/><T36/><D36/><U79/><E105/><V84/><F10/><W72/><G7/><T87/><D87/><N who="2" m="33322" /><F76/><N who="1" m="29257" /><E107/><V81/><F81/><W35/><G35/><T11/><D68/><U94/><E8/><V124/><F124/><W112/><G112/><T27/><D15/><AGARI ba="3,2" hai="14,15,17,19,21,22,56,57" m="33322,39383" machi="15" ten="30,1500,0" yaku="8,1" doraHai="126" who="2" fromWho="0" sc="250,-24,289,0,191,44,250,0" /><INIT seed="2,4,0,1,4,5" ten="226,289,235,250" oya="2" hai0="14,127,88,126,41,58,71,48,77,44,89,74,116" hai1="120,135,66,3,47,43,125,45,123,21,80,4,78" hai2="20,96,128,22,31,86,110,17,68,133,73,118,106" hai3="107,99,19,69,15,60,75,72,2,49,8,24,94"/><V57/><F118/><W13/><G2/><T61/><D71/><U81/><E135/><V1/><F68/><W40/><G107/><T46/><D116/><U56/><E125/><N who="0" m="47625" /><D14/><U121/><E21/><V37/><F73/><W10/><G24/><T103/><D103/><U34/><E34/><V39/><F1/><W124/><G124/><T85/><D74/><U113/><E113/><V28/><F133/><W114/><G114/><T42/><D77/><U33/><E33/><V84/><F128/><W11/><G72/><T98/><D98/><U97/><E97/><V9/><F110/><W119/><G75/><T38/><D85/><U67/><E78/><V90/><F57/><W65/><G119/><T35/><D35/><U16/><E4/><V53/><F53/><AGARI ba="4,0" hai="38,41,42,44,46,48,53,58,61,88,89" m="47625" machi="53" ten="30,2000,0" yaku="18,1,54,1" doraHai="5" who="0" fromWho="2" sc="226,32,289,0,235,-32,250,0" /><INIT seed="3,0,0,0,1,46" ten="258,289,203,250" oya="3" hai0="131,119,32,33,115,38,84,85,34,76,109,2,68" hai1="71,6,106,62,78,129,108,134,39,104,60,31,14" hai2="125,0,75,98,127,13,27,5,52,73,100,105,20" hai3="23,117,128,77,35,57,111,64,81,48,58,26,28"/><W94/><G117/><T29/><D119/><U40/><E31/><V4/><F0/><W116/><G116/><T22/><D38/><U66/><E62/><V18/><F75/><W102/><G128/><T43/><D43/><U42/><E78/><V103/><F73/><W37/><G37/><T72/><D109/><U130/><E108/><V122/><F122/><W30/><G111/><T97/><D2/><U50/><E39/><V7/><F103/><W135/><G135/><T17/><D68/><U74/><E74/><V24/><REACH who="2" step="1"/><F52/><REACH who="2" ten="258,289,193,250" step="2"/><W101/><G101/><T70/><D72/><U41/><E134/><V16/><F16/><W54/><G102/><T113/><D17/><U93/><E129/><V1/><F1/><W67/><G30/><T118/><D131/><U51/><E130/><V87/><F87/><W120/><G120/><T114/><D118/><U55/><E55/><V10/><F10/><W126/><G28/><T47/><D85/><U8/><REACH who="1" step="1"/><E93/><REACH who="1" ten="258,279,193,250" step="2"/><V53/><F53/><W12/><G94/><T99/><D29/><U86/><E86/><V110/><F110/><W83/><G54/><T19/><D114/><U36/><E36/><V121/><F121/><W69/><G81/><T63/><D115/><U45/><E45/><V21/><F21/><W92/><G23/><T95/><D113/><U112/><E112/><V9/><F9/><W79/><G83/><N who="0" m="47207" /><D47/><U107/><AGARI ba="0,2" hai="6,8,14,40,41,42,50,51,60,66,71,104,106,107" machi="107" ten="40,8000,1" yaku="1,1,0,1,52,2,53,0" doraHai="46" doraHaiUra="123" who="1" fromWho="1" sc="258,-20,279,100,193,-20,250,-40" /><INIT seed="4,0,0,2,2,24" ten="238,379,173,210" oya="0" hai0="36,121,30,107,106,15,37,126,60,83,38,23,130" hai1="93,117,43,0,95,56,27,110,33,55,63,96,66" hai2="12,2,48,80,87,131,68,109,52,113,3,6,47" hai3="111,102,133,122,46,28,88,16,20,8,120,39,57"/><T82/><D121/><N who="3" m="46697" /><G111/><T35/><D35/><U1/><E110/><V89/><F109/><W13/><G102/><T71/><D130/><U17/><E43/><V72/><F131/><W108/><G108/><T40/><D40/><U14/><E95/><V132/><F132/><W134/><G57/><T73/><D126/><U118/><E1/><V31/><F113/><W21/><G46/><T5/><D5/><U49/><E0/><V59/><F68/><W85/><G39/><T25/><D15/><U125/><E125/><V65/><F72/><W97/><G97/><T42/><D42/><U92/><E92/><V69/><F69/><W76/><G76/><T94/><D94/><U128/><E128/><V22/><F6/><W29/><G21/><T119/><D119/><U75/><E75/><V116/><F116/><W90/><G90/><T103/><D73/><U34/><E34/><V7/><F7/><W54/><G54/><T62/><D103/><U86/><E86/><V70/><F70/><W53/><G53/><T74/><D71/><U58/><E93/><V114/><F114/><W100/><G100/><T105/><REACH who="0" step="1"/><D74/><REACH who="0" ten="228,379,173,210" step="2"/><U99/><E118/><V78/><F12/><W26/><G133/><T50/><D50/><U18/><E117/><V129/><F129/><W19/><G134/><T77/><D77/><U98/><E14/><V45/><F78/><W64/><G64/><T112/><D112/><U41/><E41/><V4/><F4/><W81/><AGARI ba="0,1" hai="8,13,16,19,20,26,28,29,81,85,88" m="46697" machi="81" ten="30,8000,1" yaku="13,1,52,2,54,2" doraHai="24" who="3" fromWho="3" sc="228,-40,379,-20,173,-20,210,90" /><INIT seed="5,0,0,1,0,19" ten="188,359,153,300" oya="1" hai0="82,9,124,64,125,102,11,134,37,132,45,63,104" hai1="68,105,122,24,10,41,6,57,61,2,60,30,74" hai2="58,126,80,55,31,27,95,71,113,67,65,62,129" hai3="75,116,50,109,48,76,47,51,38,23,22,123,17"/><U120/><E74/><V96/><F129/><W93/><G123/><T117/><D82/><U97/><E41/><V33/><F126/><N who="0" m="48746" /><D117/><U91/><E60/><V119/><F119/><W81/><G109/><T34/><D34/><U100/><E91/><V85/><F71/><W92/><G116/><T114/><D11/><U44/><E44/><V5/><F5/><W108/><G108/><T1/><D114/><U79/><E79/><V87/><F113/><W89/><G17/><T46/><D9/><U14/><E14/><V53/><F67/><W26/><G26/><T90/><D90/><U29/><E29/><V110/><F110/><W42/><REACH who="3" step="1"/><G92/><REACH who="3" ten="188,359,153,290" step="2"/><T83/><D104/><U88/><E120/><V13/><F27/><W12/><G12/><T128/><D1/><U54/><E122/><V52/><F13/><W118/><G118/><T72/><D128/><U16/><E30/><V40/><F31/><W35/><G35/><T39/><D83/><U127/><E127/><V107/><F33/><W77/><G77/><T94/><D94/><U25/><E16/><V0/><F0/><W59/><G59/><N who="0" m="36991" /><D102/><U121/><E68/><V56/><F80/><W28/><G28/><T3/><D3/><U32/><E121/><V21/><F107/><W78/><G78/><T130/><D130/><U49/><E32/><V20/><F95/><W18/><G18/><T66/><D72/><U111/><E111/><V101/><F101/><W103/><G103/><T98/><D134/><U70/><E88/><V112/><F112/><W69/><G69/><T133/><D132/><U106/><E106/><RYUUKYOKU ba="0,1" sc="188,-15,359,15,153,-15,290,15" hai1="2,6,10,24,25,49,54,57,61,70,97,100,105" hai3="22,23,38,42,47,48,50,51,75,76,81,89,93" /><INIT seed="5,1,1,1,1,119" ten="173,374,138,305" oya="1" hai0="125,23,80,99,8,53,81,74,70,104,69,94,7" hai1="24,33,12,58,31,132,43,112,68,17,16,0,85" hai2="32,77,131,84,100,1,82,78,36,123,14,21,111" hai3="10,34,61,127,26,60,50,25,20,109,105,130,18"/><U96/><E68/><V134/><F111/><W87/><G105/><T107/><D125/><U59/><E0/><V3/><F32/><W121/><G109/><T115/><D115/><U44/><E112/><V27/><F36/><W71/><G71/><T67/><D23/><U98/><E132/><V72/><F134/><W30/><G61/><T108/><D108/><U101/><E85/><V49/><F123/><W55/><G60/><T106/><D69/><U62/><E17/><V45/><F131/><W90/><G121/><T83/><D53/><U47/><E58/><V66/><F66/><W54/><G127/><T35/><D35/><U65/><E101/><V22/><F100/><W114/><G114/><T116/><D67/><U39/><REACH who="1" step="1"/><E44/><REACH who="1" ten="173,364,138,305" step="2"/><V93/><F1/><W2/><G130/><T4/><D70/><U38/><E38/><V9/><F3/><W135/><G135/><T76/><D116/><U118/><E118/><V133/><F133/><W75/><G75/><T63/><D4/><U126/><E126/><V52/><F72/><W88/><G87/><T5/><D7/><U11/><AGARI ba="1,2" hai="11,12,16,24,31,33,39,43,47,59,62,65,96,98" machi="11" ten="20,12000,1" yaku="1,1,0,1,7,1,54,1,53,1" doraHai="119" doraHaiUra="29" who="1" fromWho="1" sc="173,-41,364,143,138,-41,305,-41" /><INIT seed="5,2,0,0,4,74" ten="132,507,97,264" oya="1" hai0="121,63,54,86,30,28,10,101,56,34,7,79,17" hai1="132,87,58,114,9,27,50,82,47,57,105,108,62" hai2="122,23,6,52,71,39,123,3,20,107,48,97,55" hai3="84,111,32,88,11,94,106,61,21,80,33,90,0"/><U13/><E114/><V25/><F39/><W49/><G106/><T115/><D115/><U40/><E105/><V59/><F71/><W89/><G0/><T93/><D121/><U14/><E132/><V18/><F6/><W120/><G120/><T83/><D34/><U12/><E108/><V35/><F35/><W77/><G111/><T31/><D17/><U67/><E27/><V2/><F122/><W1/><G21/><T24/><D24/><U5/><REACH who="1" step="1"/><E57/><REACH who="1" ten="132,497,97,264" step="2"/><V51/><F123/><W65/><G94/><T66/><D93/><U29/><E29/><V73/><F107/><W44/><G1/><T81/><D30/><U100/><E100/><V130/><F25/><W68/><REACH who="3" step="1"/><G11/><REACH who="3" ten="132,497,97,254" step="2"/><T22/><D10/><U113/><E113/><V53/><F2/><W104/><G104/><T42/><D31/><U26/><E26/><V37/><F3/><W16/><G16/><T102/><D28/><U76/><AGARI ba="2,2" hai="5,9,12,13,14,40,47,50,58,62,67,76,82,87" machi="76" ten="20,18000,2" yaku="1,1,0,1,7,1,25,2,8,1,52,1,53,0" doraHai="74" doraHaiUra="99" who="1" fromWho="1" sc="132,-62,497,206,97,-62,254,-62" /><INIT seed="5,3,0,2,2,81" ten="70,703,35,192" oya="1" hai0="88,124,114,17,78,25,31,84,112,12,43,72,82" hai1="73,68,65,14,2,62,103,47,75,134,99,50,83" hai2="0,1,120,52,22,108,79,5,48,86,131,96,19" hai3="126,127,118,7,23,51,77,89,76,135,20,13,128"/><U129/><E2/><V6/><F108/><W74/><G51/><T61/><D43/><U35/><E35/><V116/><F120/><W110/><G89/><T117/><D117/><U49/><E129/><V119/><F131/><W107/><G13/><T42/><D42/><U34/><E34/><V41/><F41/><W85/><G7/><T10/><D61/><U69/><E134/><V104/><F1/><W27/><G27/><T87/><D124/><U40/><E69/><V93/><F104/><W33/><G128/><T11/><D11/><U37/><E14/><N who="2" m="9591" /><F0/><W122/><G74/><T97/><D97/><U64/><E64/><V9/><F119/><W98/><G98/><T100/><D100/><U30/><E30/><V26/><F26/><W29/><G107/><T67/><D67/><U16/><E16/><V133/><F133/><W39/><G122/><T24/><D72/><U105/><E75/><V130/><F130/><W132/><G33/><T71/><D71/><U54/><E54/><V8/><F8/><W59/><G29/><T125/><D125/><U121/><E121/><V55/><F116/><W106/><G106/><T70/><D70/><U4/><E4/><N who="2" m="1643" /><F48/><W94/><G118/><T56/><D31/><U90/><REACH who="1" step="1"/><E73/><REACH who="1" ten="70,693,35,192" step="2"/><V66/><F66/><W123/><G123/><T95/><D25/><U109/><E109/><V57/><F9/><W36/><G110/><T115/><D24/><U46/><E46/><V38/><F57/><AGARI ba="3,1" hai="10,12,17,56,57,78,82,84,87,88,95,112,114,115" machi="57" ten="40,8000,1" yaku="15,1,52,2,54,1" doraHai="81" who="0" fromWho="2" sc="70,99,693,0,35,-89,192,0" owari="169,-23.0,693,79.0,-54,-55.0,192,-1.0" /></mjloggm>