<mjloggm ver="2.3"><GO type="225" lobby="0"/><UN n0="%65%69%6B%31" n1="%57%69%6E%73%74%6F%6E" n2="%E3%82%A6%E3%83%AB%E3%83%88%E3%83%A9%E7%AB%8B%E7%9B%B4" n3="%E6%9C%80%E5%BC%B7%E6%9C%80%E5%BE%8C" dan="18,16,17,16" rate="2126.61,2131.82,2112.51,2082.35" sx="M,F,M,M"/><TAIKYOKU oya="0"/><INIT seed="0,0,0,3,5,72" ten="250,250,250,250" oya="0" hai0="127,114,42,26,52,59,10,25,121,97,134,56,73" hai1="74,37,21,8,64,101,108,112,36,3,94,51,109" hai2="43,92,93,75,11,100,14,111,62,29,33,38,103" hai3="12,78,83,60,80,40,23,66,76,91,131,89,15"/><T41/><D114/><U96/><E112/><V104/><F104/><W71/><G40/><N who="0" m="15467" /><D73/><U84/><E74/><V82/><F33/><W123/><G131/><T6/><D121/><U119/><E119/><V115/><F29/><W95/><G123/><T120/><D120/><U0/><E64/><V27/><F27/><N who="0" m="10250" /><D134/><U67/><E67/><V5/><F43/><W50/><G91/><T13/><D127/><U81/><E21/><V122/><F38/><W54/><G23/><T18/><D97/><U39/><E51/><V132/><F75/><W85/><G15/><N who="0" m="5591" /><D52/><U107/><E107/><V113/><F132/><W28/><G12/><T19/><D19/><U44/><E44/><V2/><F14/><W116/><G28/><T105/><D105/><U88/><REACH who="1" step="1"/><E8/><AGARI ba="0,0" hai="8,13,18,56,59" m="5591,10250,15467" machi="8" ten="30,1500,0" yaku="8,1" doraHai="72" who="0" fromWho="1" sc="250,15,250,-15,250,0,250,0" /><INIT seed="0,1,0,1,4,4" ten="265,235,250,250" oya="0" hai0="19,81,116,84,3,123,128,68,0,64,63,83,22" hai1="107,120,111,99,78,48,69,92,31,57,7,112,41" hai2="102,39,66,72,90,12,33,103,79,13,75,101,54" hai3="118,121,115,129,133,42,24,38,106,117,53,10,46"/><T29/><D116/><U1/><E69/><V14/><F33/><W52/><G121/><T28/><D123/><U27/><E120/><V26/><F39/><W62/><G115/><T45/><D128/><U104/><E112/><V87/><F66/><W119/><G106/><T97/><D97/><U32/><E111/><V132/><F132/><W17/><G129/><T60/><D45/><U70/><E70/><V125/><F125/><W131/><G131/><T100/><D100/><U73/><E73/><V36/><F36/><W108/><G133/><T114/><D114/><U8/><E78/><V2/><F2/><W76/><G108/><T127/><D127/><U98/><E98/><V94/><F79/><W135/><G76/><T80/><D84/><U82/><E82/><V37/><F37/><W93/><G93/><T43/><D43/><U55/><REACH who="1" step="1"/><E41/><REACH who="1" ten="265,225,250,250" step="2"/><V44/><F75/><W96/><G135/><T88/><D81/><U51/><E51/><N who="2" m="29031" /><F72/><W18/><G96/><T122/><D68/><U6/><E6/><V134/><F134/><W65/><G119/><T58/><D122/><U21/><E21/><V5/><F5/><W67/><G118/><T35/><D22/><U56/><E56/><V11/><F11/><W49/><G10/><T95/><D58/><U89/><AGARI ba="1,1" hai="1,7,8,27,31,32,48,55,57,89,92,99,104,107" machi="89" ten="20,5200,0" yaku="1,1,0,1,7,1,52,1,53,0" doraHai="4" doraHaiUra="16" who="1" fromWho="1" sc="265,-27,225,65,250,-14,250,-14" /><INIT seed="1,0,0,4,2,18" ten="238,290,236,236" oya="1" hai0="54,35,132,53,23,104,108,95,68,51,122,12,103" hai1="133,110,47,36,109,55,93,46,94,37,87,5,30" hai2="57,43,32,60,52,102,131,129,16,115,83,44,0" hai3="1,64,121,4,73,24,74,66,13,15,114,86,26"/><U28/><E5/><V85/><F32/><W80/><G114/><T97/><D35/><U130/><E130/><N who="2" m="49675" /><F0/><W25/><G121/><T92/><D68/><U22/><E133/><V75/><F102/><W84/><G80/><T112/><D112/><U33/><E33/><V3/><F3/><W120/><G120/><T88/><D122/><U105/><E87/><V38/><F115/><W63/><G1/><T42/><D108/><U101/><E101/><V50/><F75/><W111/><G26/><T125/><D125/><U71/><E71/><V91/><F16/><W128/><G63/><AGARI ba="0,0" hai="38,43,44,50,52,57,60,63,83,85,91" m="49675" machi="63" ten="30,2000,0" yaku="19,1,54,1" doraHai="18" who="2" fromWho="3" sc="238,0,290,0,236,20,236,-20" /><INIT seed="2,0,0,3,0,66" ten="238,290,256,216" oya="2" hai0="79,80,55,5,125,67,28,0,72,8,7,45,26" hai1="86,113,42,10,77,70,99,110,51,20,41,13,58" hai2="103,32,9,2,64,25,87,14,132,92,29,122,74" hai3="31,50,19,52,6,83,16,91,68,39,22,106,118"/><V129/><F74/><W62/><G106/><T85/><D125/><U100/><E113/><V35/><F122/><W4/><G39/><T44/><D7/><N who="3" m="2601" /><G118/><T107/><D107/><U130/><E70/><V11/><F2/><W17/><G68/><T135/><D135/><U75/><E75/><V36/><F36/><W94/><G62/><T56/><D67/><U89/><E77/><V33/><F132/><W105/><G83/><T54/><D72/><U112/><E112/><V23/><F129/><W43/><G43/><T47/><REACH who="0" step="1"/><D56/><REACH who="0" ten="228,290,256,216" step="2"/><U117/><E58/><V81/><F64/><W109/><G105/><T104/><D104/><U126/><E126/><V97/><REACH who="2" step="1"/><F14/><REACH who="2" ten="228,290,246,216" step="2"/><N who="3" m="9495" /><G109/><T131/><D131/><U88/><E110/><V24/><F24/><W60/><G60/><T61/><D61/><U30/><E130/><V21/><F21/><AGARI ba="0,2" hai="0,5,8,21,26,28,44,45,47,54,55,79,80,85" machi="21" ten="40,2600,0" yaku="1,1,53,1" doraHai="66" doraHaiUra="3" who="0" fromWho="2" sc="228,46,290,0,246,-26,216,0" /><INIT seed="3,0,0,1,0,16" ten="274,290,220,216" oya="3" hai0="114,15,37,45,66,36,98,130,47,124,25,116,71" hai1="53,125,77,1,88,95,90,108,59,41,133,34,33" hai2="112,30,72,97,100,26,123,19,49,21,7,61,107" hai3="22,99,78,23,50,102,52,0,91,14,82,12,119"/><W3/><G119/><T120/><D15/><N who="3" m="5673" /><G3/><T134/><D25/><U96/><E1/><V89/><F7/><W27/><G0/><T68/><D98/><U17/><E17/><V135/><F112/><W93/><G27/><T65/><D130/><U24/><E41/><V54/><F72/><W132/><G78/><T58/><D120/><U64/><E64/><N who="0" m="24681" /><D116/><U104/><E77/><V51/><F123/><W62/><G62/><T73/><D73/><U129/><E129/><V40/><F135/><W48/><G48/><T57/><D124/><U20/><E125/><V11/><F61/><W111/><G132/><T118/><D114/><U122/><E122/><V131/><F131/><W4/><G4/><T39/><D134/><U18/><E104/><V69/><F107/><W76/><G76/><T105/><D105/><U109/><E133/><V38/><F38/><W2/><G2/><T6/><D6/><U103/><E34/><V101/><F26/><W81/><G111/><N who="1" m="42570" /><E33/><V117/><F117/><W46/><G82/><T115/><D115/><U84/><E84/><AGARI ba="0,0" hai="22,23,46,50,52,81,84,91,93,99,102" m="5673" machi="84" ten="30,11600,0" yaku="8,1,52,2,54,1" doraHai="16" who="3" fromWho="1" sc="274,0,290,-116,220,0,216,116" owari="274,7.0,174,-33.0,220,-18.0,332,44.0" /></mjloggm>