<mjloggm ver="2.3"><GO type="169" lobby="0"/><UN n0="%E5%B0%B1%E6%B4%BB%E7%94%9F%40%E5%B7%9D%E6%9D%91%E8%BB%8D%E5%9B%A3" n1="%E3%82%86%E3%81%84%E3%81%A1%E3%82%83%E3%82%93%E3%81%AE%E3%83%91%E3%83%91" n2="%E3%83%9E%E3%82%A6%E3%83%AD%E3%83%BB%E3%82%B7%E3%82%A6%E3%83%90" n3="%E7%B4%94%EF%BC%93%E9%BE%8D%E9%96%80" dan="17,18,17,17" rate="2234.39,2137.46,2142.84,2156.72" sx="M,M,M,F"/><TAIKYOKU oya="0"/><INIT seed="0,0,0,1,2,120" ten="250,250,250,250" oya="0" hai0="122,41,71,84,54,20,116,90,126,109,43,95,70" hai1="3,103,127,32,18,80,94,67,50,57,31,61,99" hai2="26,66,59,53,44,45,75,33,113,52,117,38,40" hai3="24,8,55,68,62,98,10,135,105,131,0,77,36"/><T82/><D122/><U28/><E3/><V86/><F75/><W63/><G36/><T48/><D116/><U74/><E127/><V58/><F33/><W78/><G131/><T119/><D119/><U121/><E121/><V124/><F117/><W42/><G42/><T125/><D43/><U5/><E5/><V123/><F123/><W91/><G135/><T108/><D41/><U46/><E32/><V6/><F6/><W83/><G68/><N who="0" m="26155" /><D20/><U2/><E2/><V102/><F102/><W133/><G133/><T107/><D95/><U4/><E4/><V35/><F40/><W16/><G0/><T49/><D49/><U85/><E74/><V100/><F38/><W134/><G134/><T111/><D107/><U39/><E39/><V69/><F69/><W73/><G77/><T34/><D34/><U76/><E18/><V15/><F35/><W128/><G105/><T97/><D97/><U22/><E22/><V96/><F96/><W7/><G98/><T115/><D115/><U106/><E106/><V114/><F114/><W118/><G118/><T47/><AGARI ba="0,0" hai="47,48,54,82,84,90,108,109,111,125,126" m="26155" machi="47" ten="40,12000,1" yaku="14,1,10,1,52,3" doraHai="120" who="0" fromWho="0" sc="250,120,250,-40,250,-40,250,-40" /><INIT seed="0,1,0,2,0,55" ten="370,210,210,210" oya="0" hai0="41,17,115,104,114,39,68,9,121,65,44,67,49" hai1="4,56,12,127,133,134,125,50,45,106,10,119,100" hai2="2,93,42,54,99,70,13,117,101,35,69,60,59" hai3="22,76,84,112,73,51,122,91,66,123,108,38,16"/><T86/><D104/><U11/><E119/><V30/><F2/><W90/><G38/><T34/><D34/><U110/><E110/><V129/><F117/><W40/><G112/><T46/><D17/><U103/><E11/><V98/><F129/><W130/><G108/><T126/><D9/><U6/><E6/><V19/><F42/><W8/><G130/><T25/><D25/><U128/><E128/><V0/><F0/><W32/><G32/><T87/><D87/><U28/><E28/><V27/><REACH who="2" step="1"/><F99/><REACH who="2" ten="370,210,200,210" step="2"/><W53/><G40/><T94/><D41/><U21/><E133/><V3/><F3/><W58/><G123/><T36/><D121/><U31/><E134/><V81/><F81/><W111/><G122/><T116/><D116/><U118/><E118/><V72/><F72/><W74/><G74/><T131/><D131/><U96/><E96/><V1/><F1/><W26/><G73/><T82/><D82/><U132/><E132/><V62/><F62/><W64/><G111/><T120/><D120/><U97/><E97/><V71/><F71/><W20/><G84/><T89/><D86/><U95/><E50/><V43/><F43/><W37/><G37/><T113/><D49/><U47/><E125/><V23/><AGARI ba="1,1" hai="13,19,23,27,30,35,54,59,60,69,70,93,98,101" machi="23" ten="20,5200,0" yaku="1,1,0,1,7,1,52,1,53,0" doraHai="55" doraHaiUra="77" who="2" fromWho="2" sc="370,-27,210,-14,200,65,210,-14" /><INIT seed="1,0,0,2,1,108" ten="343,196,265,196" oya="1" hai0="97,15,73,30,57,49,53,46,75,133,58,129,55" hai1="76,122,103,26,72,95,113,110,36,3,93,128,80" hai2="61,79,104,0,51,105,64,88,84,117,21,38,27" hai3="81,9,123,125,126,12,135,96,68,43,4,114,41"/><U127/><E36/><V37/><F117/><W124/><G123/><T119/><D119/><U8/><E122/><V25/><F79/><W70/><G135/><T130/><D30/><U23/><E110/><V17/><F0/><W87/><G96/><T102/><D15/><U99/><E127/><V69/><F51/><W47/><G114/><T85/><D85/><U42/><E42/><V31/><F38/><W101/><G101/><T54/><D133/><U112/><E128/><N who="0" m="49257" /><D97/><U106/><E8/><V107/><F37/><W28/><G28/><T62/><D102/><U132/><E3/><V32/><REACH who="2" step="1"/><F107/><REACH who="2" ten="343,196,255,196" step="2"/><W89/><G41/><T82/><D73/><U7/><E132/><V78/><F78/><W10/><G10/><T120/><D120/><U6/><E106/><V134/><F134/><W94/><G94/><AGARI ba="0,1" hai="17,21,25,27,31,32,61,64,69,84,88,94,104,105" machi="94" ten="30,3900,0" yaku="1,1,7,1,54,1,53,0" doraHai="108" doraHaiUra="77" who="2" fromWho="3" sc="343,0,196,0,255,49,196,-39" /><INIT seed="2,0,0,0,4,86" ten="343,196,304,157" oya="2" hai0="113,81,72,114,59,6,133,24,37,7,70,38,42" hai1="73,80,124,26,29,39,57,44,43,123,101,132,97" hai2="52,107,2,89,122,27,10,106,54,77,120,98,18" hai3="9,49,84,34,35,82,58,4,91,62,25,21,12"/><V95/><F77/><W83/><G49/><T125/><D70/><U75/><E123/><V41/><F122/><W19/><REACH who="3" step="1"/><G82/><REACH who="3" ten="343,196,304,147" step="2"/><T55/><D81/><U36/><E80/><V76/><F120/><W105/><G105/><T8/><D38/><U65/><E39/><V32/><F107/><W53/><AGARI ba="0,1" hai="4,9,12,19,21,25,34,35,53,58,62,83,84,91" machi="53" ten="20,5200,0" yaku="1,1,0,1,7,1,52,1,53,0" doraHai="86" doraHaiUra="127" who="3" fromWho="3" sc="343,-13,196,-13,304,-26,147,62" /><INIT seed="3,0,0,2,5,100" ten="330,183,278,209" oya="3" hai0="40,60,116,134,15,36,104,7,77,38,35,117,72" hai1="17,29,19,66,2,16,10,105,106,102,129,22,41" hai2="124,45,50,55,78,48,79,90,33,9,71,119,130" hai3="24,109,83,96,13,84,125,103,122,3,23,76,65"/><W94/><G3/><T114/><D35/><U74/><E74/><V86/><F119/><W123/><G125/><T135/><D72/><U0/><E129/><V57/><F71/><W69/><G13/><T11/><D77/><U110/><E110/><V12/><F33/><W127/><G127/><T92/><D104/><U43/><E66/><V54/><F130/><W30/><REACH who="3" step="1"/><G109/><REACH who="3" ten="330,183,278,199" step="2"/><T131/><D15/><U34/><E2/><V120/><F124/><W91/><G91/><T113/><D131/><U28/><E102/><V52/><F120/><W44/><G44/><T99/><D117/><U59/><E0/><V4/><F54/><W51/><G51/><T73/><D116/><U85/><E10/><V64/><F64/><W132/><G132/><T97/><D11/><U68/><E41/><V42/><F42/><W63/><AGARI ba="0,1" hai="23,24,30,63,65,69,76,83,84,94,96,103,122,123" machi="63" ten="30,3000,0" yaku="1,1,0,1,53,0" doraHai="100" doraHaiUra="115" who="3" fromWho="3" sc="330,-10,183,-10,278,-10,199,40" /><INIT seed="3,1,0,2,3,47" ten="320,173,268,239" oya="3" hai0="78,34,82,48,67,26,73,89,114,19,7,27,127" hai1="46,35,23,75,134,60,70,97,29,66,59,61,11" hai2="124,50,112,55,10,91,0,125,93,31,106,92,38" hai3="76,128,43,6,79,40,37,2,64,45,117,81,8"/><W101/><G117/><T68/><D127/><N who="2" m="48714" /><F106/><W14/><G128/><T62/><D7/><U32/><E75/><V109/><F109/><W30/><G64/><T90/><D27/><U49/><E134/><V113/><F38/><W16/><G101/><T115/><D19/><U17/><E11/><V58/><F31/><W39/><G30/><N who="0" m="19799" /><D48/><U21/><E29/><V83/><F83/><W121/><G121/><T85/><D85/><U103/><E32/><V132/><F132/><W95/><G95/><N who="2" m="36425" /><F91/><W74/><G79/><T51/><D51/><U84/><E35/><V116/><F116/><W105/><G105/><T72/><D72/><U24/><E84/><V100/><F100/><W36/><G40/><T122/><D122/><U1/><E1/><V133/><F133/><W123/><G123/><T69/><D68/><U129/><E129/><V96/><F96/><W57/><G57/><T107/><D107/><U108/><E108/><V33/><F33/><W22/><AGARI ba="1,0" hai="2,6,8,14,16,22,36,37,39,43,45,74,76,81" machi="22" ten="20,12000,1" yaku="0,1,7,1,25,2,54,1" doraHai="47" who="3" fromWho="3" sc="320,-41,173,-41,268,-41,239,123" /><INIT seed="3,2,0,4,0,2" ten="279,132,227,362" oya="3" hai0="90,47,8,76,133,130,80,36,89,101,91,46,10" hai1="79,110,131,123,111,87,44,11,19,118,125,52,13" hai2="21,25,53,12,119,104,72,17,61,30,121,7,24" hai3="86,38,88,134,45,70,83,34,71,93,4,55,63"/><W32/><G134/><T31/><D130/><U96/><E123/><V33/><F104/><W106/><G106/><T97/><D31/><U5/><E131/><V75/><F119/><W107/><G107/><T115/><D115/><U6/><E118/><V68/><F121/><W28/><G4/><T66/><D66/><U41/><E96/><V73/><F53/><W43/><G28/><T23/><D23/><U92/><E125/><V69/><F61/><W62/><G55/><T105/><D133/><U127/><E127/><V82/><F82/><W98/><G62/><T50/><D36/><U60/><E41/><V29/><REACH who="2" step="1"/><F7/><REACH who="2" ten="279,132,217,362" step="2"/><W94/><G94/><T37/><D80/><N who="1" m="47519" /><E92/><V109/><F109/><N who="1" m="41481" /><E60/><V77/><F77/><W135/><G135/><T81/><D76/><U113/><E113/><V112/><F112/><W3/><G63/><T67/><D81/><U74/><E74/><V9/><AGARI ba="2,1" hai="9,12,17,21,24,25,29,30,33,68,69,72,73,75" machi="9" ten="30,7900,0" yaku="1,1,0,1,53,2" doraHai="2" doraHaiUra="22" who="2" fromWho="2" sc="279,-22,132,-22,217,95,362,-41" /><INIT seed="4,0,0,1,1,114" ten="257,110,312,321" oya="0" hai0="81,104,38,107,42,26,96,67,133,65,127,43,59" hai1="84,129,1,51,53,37,23,108,115,19,111,21,116" hai2="0,85,100,87,35,80,123,78,113,120,112,61,2" hai3="124,3,110,36,71,22,8,105,126,119,17,34,82"/><T122/><D122/><N who="2" m="46634" /><F35/><W45/><G110/><T94/><D127/><N who="3" m="48681" /><G105/><T27/><D133/><U90/><E115/><N who="2" m="44107" /><F61/><W40/><G71/><T69/><D69/><U101/><E37/><V50/><F100/><W109/><G34/><T70/><D70/><U66/><E1/><N who="2" m="619" /><F50/><W13/><G109/><T77/><D38/><U32/><E66/><V95/><F95/><W7/><G82/><T131/><D104/><U46/><E32/><V39/><F39/><W30/><G30/><T121/><D65/><U33/><E33/><V25/><F25/><W135/><G135/><T79/><D107/><U49/><E101/><V44/><F44/><W117/><AGARI ba="0,0" hai="3,7,8,13,17,22,36,40,45,117,119" m="48681" machi="117" ten="30,4000,0" yaku="18,1,52,2" doraHai="114" who="3" fromWho="3" sc="257,-20,110,-10,312,-10,321,40" /><INIT seed="5,0,0,5,3,3" ten="237,100,302,361" oya="1" hai0="98,90,20,111,108,81,66,47,48,17,2,39,13" hai1="56,120,124,132,8,37,129,105,84,43,36,79,0" hai2="6,101,127,18,33,123,74,19,21,107,113,10,63" hai3="23,100,11,68,4,91,16,117,60,12,99,118,104"/><U73/><E120/><V133/><F74/><W121/><G121/><T88/><D39/><U9/><E105/><V7/><F33/><W38/><G38/><T75/><D2/><U45/><E37/><V83/><F107/><W50/><G50/><T85/><D75/><U110/><E84/><V125/><F101/><W29/><G29/><T31/><D31/><U65/><E110/><V58/><F133/><W40/><G40/><T95/><D66/><U82/><E132/><V109/><F109/><W34/><G34/><T96/><D96/><U22/><E124/><N who="2" m="47691" /><F113/><W25/><REACH who="3" step="1"/><G91/><REACH who="3" ten="237,100,302,351" step="2"/><T15/><D15/><U103/><E103/><V119/><F123/><W69/><G69/><T106/><D106/><U78/><E129/><V30/><F30/><W46/><G46/><T114/><D114/><U32/><E32/><V87/><F119/><W130/><G130/><T5/><D108/><U92/><E78/><V62/><F62/><W35/><G35/><T28/><D28/><U61/><E92/><V64/><F63/><W135/><G135/><T55/><D111/><U71/><E0/><V116/><F116/><W24/><G24/><T52/><D48/><U126/><E126/><V49/><F49/><W134/><G134/><T112/><D112/><U51/><REACH who="1" step="1"/><E22/><REACH who="1" ten="237,90,302,351" step="2"/><V1/><F21/><W76/><G76/><T70/><D95/><U131/><E131/><V80/><F1/><W93/><G93/><T94/><D94/><U41/><E41/><V67/><F80/><W77/><G77/><T53/><D81/><U122/><E122/><V14/><F83/><W72/><G72/><RYUUKYOKU ba="0,2" sc="237,-15,90,15,302,-15,351,15" hai1="8,9,36,43,45,51,56,61,65,71,73,79,82" hai3="4,11,12,16,23,25,60,68,99,100,104,117,118" /><INIT seed="5,1,2,2,2,7" ten="222,105,287,366" oya="1" hai0="15,39,132,108,118,34,32,51,77,24,4,81,86" hai1="127,49,29,47,16,74,68,89,65,98,88,83,43" hai2="99,44,5,31,87,27,60,61,122,73,58,56,75" hai3="50,96,110,129,59,28,102,72,17,119,101,100,63"/><U67/><E29/><V106/><F122/><W22/><G110/><T125/><D39/><U20/><E127/><V42/><F87/><W71/><G72/><T80/><D108/><U103/><E74/><V21/><F5/><W9/><G71/><T12/><D118/><U62/><E67/><V25/><F25/><N who="3" m="16439" /><G129/><T123/><D132/><U41/><E41/><V112/><F112/><W115/><G115/><T54/><D125/><U124/><E83/><V38/><F99/><W135/><G135/><T92/><D123/><U46/><E46/><V128/><F106/><W97/><G50/><T130/><D130/><U109/><E109/><V53/><F128/><W78/><G78/><T133/><D133/><U82/><E82/><V30/><F30/><W107/><G107/><T90/><D24/><U14/><REACH who="1" step="1"/><E124/><REACH who="1" ten="222,95,287,366" step="2"/><V1/><F75/><W10/><G119/><T8/><D81/><U131/><E131/><V48/><F73/><W19/><G19/><T120/><D120/><U79/><E79/><V91/><F31/><W2/><G17/><T85/><D15/><U37/><E37/><V40/><F40/><W35/><G2/><T57/><AGARI ba="1,3" hai="4,8,12,32,34,51,54,57,77,80,85,86,90,92" machi="57" ten="20,2700,0" yaku="0,1,7,1,52,1" doraHai="7" who="0" fromWho="0" sc="222,60,95,-14,287,-8,366,-8" /><INIT seed="6,0,0,0,5,76" ten="282,81,279,358" oya="2" hai0="41,111,74,37,100,88,47,91,36,64,131,93,6" hai1="85,104,116,79,101,77,21,113,11,3,30,14,50" hai2="84,7,123,42,99,122,87,40,43,9,135,25,75" hai3="62,8,39,71,54,29,126,133,129,18,117,57,132"/><V0/><F75/><W28/><G117/><T19/><D111/><U86/><E116/><V59/><F135/><N who="3" m="51787" /><G129/><T63/><D131/><U2/><E113/><V92/><F25/><W31/><G126/><T27/><D36/><U49/><E104/><V82/><F59/><W56/><G39/><T4/><D74/><U119/><E119/><V16/><F16/><W55/><G71/><T78/><D78/><U20/><E101/><V24/><F24/><W73/><G73/><T118/><D100/><U105/><E105/><V15/><F0/><W103/><G103/><T97/><D91/><U61/><E61/><V60/><F60/><N who="3" m="35871" /><G18/><T38/><D38/><U108/><E14/><V69/><F69/><W44/><G44/><T124/><D124/><U125/><E125/><V45/><F45/><W81/><G81/><T10/><D118/><U32/><E32/><V96/><F123/><W58/><G58/><T35/><D35/><U106/><E106/><V65/><F65/><W80/><G80/><T13/><D27/><U89/><E89/><N who="2" m="53311" /><F122/><W34/><G34/><T70/><AGARI ba="0,0" hai="4,6,10,13,19,37,41,47,63,64,70,88,93,97" machi="70" ten="20,2700,0" yaku="0,1,7,1,54,1" doraHai="76" who="0" fromWho="0" sc="282,27,81,-7,279,-13,358,-7" /><INIT seed="7,0,0,3,1,81" ten="309,74,266,351" oya="3" hai0="23,4,36,103,25,46,28,32,21,109,97,24,57" hai1="19,115,48,1,71,105,92,99,15,122,17,126,33" hai2="29,62,2,54,52,134,83,66,13,127,50,131,132" hai3="44,125,112,128,130,49,41,53,45,104,100,91,42"/><W111/><G112/><T102/><D109/><U98/><E48/><V82/><F2/><W14/><G111/><T77/><D77/><U80/><E15/><V34/><F82/><W55/><G125/><T26/><D4/><U40/><E40/><V129/><F83/><W119/><G119/><T87/><D57/><U107/><E80/><V12/><F29/><W86/><G14/><T110/><D110/><U7/><E7/><V93/><F93/><N who="3" m="54519" /><G100/><T56/><D56/><U64/><E92/><V113/><F34/><W76/><G104/><T58/><D36/><U95/><E95/><V74/><F74/><W73/><G73/><T124/><D124/><U84/><E64/><V51/><F127/><W117/><G117/><T133/><D133/><N who="2" m="51306" /><F113/><W0/><G0/><T47/><D58/><U39/><E126/><V101/><F101/><W5/><G5/><T63/><D63/><U8/><E1/><V88/><F88/><W123/><G76/><T60/><D60/><U22/><E115/><V9/><F9/><W78/><G78/><T94/><D102/><U11/><E33/><V114/><F114/><W116/><G116/><T10/><D32/><U118/><E118/><V70/><F12/><W31/><G31/><T27/><D10/><U61/><E22/><V30/><F30/><W43/><G130/><N who="2" m="49673" /><F13/><W18/><G128/><T68/><D23/><U135/><E135/><V108/><F108/><W106/><G106/><T6/><D21/><U16/><E105/><V38/><F38/><W67/><G18/><T3/><N who="0" m="6656" /><DORA hai="35" /><T65/><D28/><U79/><E107/><RYUUKYOKU ba="0,0" sc="309,-10,74,-10,266,30,351,-10" hai2="50,51,52,54,62,66,70" owari="299,10.0,64,-44.0,296,-10.0,341,44.0" /></mjloggm>