<mjloggm ver="2.3"><GO type="169" lobby="0"/><UN n0="%E5%B0%B1%E6%B4%BB%E7%94%9F%40%E5%B7%9D%E6%9D%91%E8%BB%8D%E5%9B%A3" n1="%E3%83%8B%E3%83%A3%E3%83%83%E3%83%94%E3%83%BC%E5%A4%8F%E7%9B%AE" n2="%E6%B2%96%EF%BC%92%EF%BC%99" n3="%E3%83%8B%E3%83%BC%E3%83%88%E7%A4%BE%E9%95%B7" dan="17,17,17,16" rate="2183.02,2178.24,2188.38,2076.09" sx="M,M,M,M"/><TAIKYOKU oya="0"/><INIT seed="0,0,0,3,2,31" ten="250,250,250,250" oya="0" hai0="65,77,13,19,41,1,54,80,116,37,50,22,81" hai1="131,74,45,110,70,24,135,5,61,68,60,25,130" hai2="63,133,29,26,86,32,57,10,83,93,49,67,123" hai3="58,105,40,106,87,91,114,84,99,18,96,73,38"/><T126/><D116/><U104/><E74/><V4/><F133/><W82/><G38/><T108/><D1/><U15/><E104/><N who="3" m="40042" /><G18/><T98/><D126/><U121/><E45/><V48/><F93/><N who="3" m="54527" /><G58/><T36/><D108/><U128/><E121/><V53/><F123/><W7/><G7/><T35/><D65/><U12/><E135/><V124/><F124/><W132/><G40/><T56/><D35/><U55/><E110/><V17/><F17/><W112/><G132/><T115/><D115/><N who="3" m="44073" /><G73/><T3/><D3/><U94/><E55/><V129/><F129/><W62/><G62/><N who="1" m="24170" /><E94/><V125/><F125/><W14/><G14/><N who="1" m="5162" /><E5/><V30/><F30/><W122/><G122/><T92/><D41/><U43/><E43/><V75/><F75/><W78/><AGARI ba="0,0" hai="78,82,84,96,99" m="44073,54527,40042" machi="78" ten="30,2000,0" yaku="34,2" doraHai="31" who="3" fromWho="3" sc="250,-10,250,-5,250,-5,250,20" /><INIT seed="1,0,0,5,1,84" ten="240,245,245,270" oya="1" hai0="27,126,108,90,25,5,107,114,24,97,38,45,50" hai1="6,87,100,3,33,130,95,13,70,103,15,135,21" hai2="106,72,77,64,9,125,89,110,62,40,69,102,32" hai3="61,109,63,52,132,16,75,80,37,131,85,23,94"/><U29/><E70/><V121/><F121/><W18/><G37/><T117/><D117/><U127/><E33/><V10/><F125/><W74/><G109/><T19/><D38/><U128/><E127/><V78/><F110/><W51/><G132/><T46/><D108/><U93/><E135/><V44/><F32/><W86/><G131/><T34/><D34/><U99/><E3/><V91/><F106/><W92/><G80/><T36/><D36/><U41/><E41/><V11/><F102/><W2/><G2/><T120/><D126/><U22/><E6/><V28/><F28/><W129/><G129/><N who="1" m="49770" /><E103/><V65/><F65/><W81/><G81/><T1/><D1/><U111/><E111/><V96/><F96/><W118/><G51/><T113/><D5/><U76/><E76/><V14/><F14/><N who="1" m="5129" /><E29/><V30/><F30/><W104/><G104/><T68/><D68/><U12/><E12/><V53/><F53/><W57/><G23/><T105/><D120/><U7/><E7/><V133/><F133/><W26/><G26/><T8/><D27/><U4/><E4/><V66/><F66/><W119/><G57/><T54/><D25/><U83/><E83/><V122/><F122/><W124/><G124/><T39/><D24/><U58/><E58/><N who="2" m="36951" /><F72/><W112/><REACH who="3" step="1"/><G52/><REACH who="3" ten="240,245,245,260" step="2"/><T56/><D54/><U60/><E60/><V31/><F69/><W116/><G116/><T35/><D35/><U79/><E79/><N who="2" m="30219" /><F31/><W82/><G82/><T59/><D50/><AGARI ba="0,1" hai="9,10,11,40,44,50,89,91" m="30219,36951" machi="50" ten="30,3900,0" yaku="8,1,52,2" doraHai="84" who="2" fromWho="0" sc="240,-39,245,0,245,49,260,0" /><INIT seed="2,0,0,2,3,29" ten="201,245,294,260" oya="2" hai0="94,56,112,77,37,134,45,40,49,4,57,119,92" hai1="51,101,76,18,82,24,52,117,68,103,131,11,74" hai2="80,69,118,13,108,70,105,122,23,128,32,72,102" hai3="66,130,135,96,16,63,83,85,84,90,54,0,1"/><V59/><F59/><W25/><G135/><T35/><D112/><U95/><E68/><V42/><F42/><W3/><G130/><T106/><D106/><U22/><E117/><V78/><F23/><W67/><G96/><T39/><D35/><U47/><E131/><V8/><F13/><W124/><G124/><T5/><D134/><U34/><E34/><V120/><F8/><W65/><G54/><T48/><D77/><U81/><E81/><V36/><F70/><W53/><G53/><T71/><D71/><U60/><E60/><V89/><F89/><W99/><G99/><T12/><D119/><U20/><E11/><V87/><F87/><W19/><G63/><T28/><D28/><U43/><E43/><V121/><F102/><W115/><G115/><T6/><D12/><U64/><E64/><V113/><F80/><W110/><G25/><T126/><D126/><U2/><E2/><V114/><F78/><W27/><G27/><T14/><D14/><U58/><E47/><V104/><F114/><W125/><G125/><T86/><D86/><N who="3" m="33385" /><G90/><T44/><D5/><U50/><E50/><V21/><F21/><W31/><G31/><T7/><D6/><U73/><E73/><V91/><F91/><W41/><G41/><AGARI ba="0,0" hai="4,7,37,39,40,41,44,45,48,49,56,57,92,94" machi="41" ten="25,1600,0" yaku="22,2" doraHai="29" who="0" fromWho="3" sc="201,16,245,0,294,0,260,-16" /><INIT seed="3,0,0,3,5,135" ten="217,245,294,244" oya="3" hai0="123,127,36,0,83,19,79,21,55,109,65,130,22" hai1="42,11,126,89,3,25,121,29,94,50,122,18,51" hai2="7,110,73,54,38,47,132,39,78,87,90,34,128" hai3="92,66,113,69,60,129,53,37,12,32,68,17,72"/><W125/><G113/><T108/><D123/><U49/><E42/><V97/><F34/><W45/><G72/><T48/><D36/><U24/><E126/><V71/><F71/><W30/><G125/><T93/><D0/><U67/><E67/><V63/><F97/><W40/><G129/><T14/><D127/><U8/><E25/><V16/><F7/><W43/><G69/><T44/><D130/><U23/><E3/><V57/><F128/><W96/><G43/><T101/><D65/><U64/><E64/><V99/><F132/><W74/><G74/><T62/><D62/><U59/><E59/><V15/><F99/><W103/><G32/><T5/><D5/><U98/><REACH who="1" step="1"/><E29/><REACH who="1" ten="217,235,294,244" step="2"/><V112/><F57/><W35/><G30/><T1/><D1/><U31/><E31/><V80/><F47/><W124/><G124/><T58/><D58/><U41/><E41/><V82/><F54/><W10/><G53/><T81/><D81/><U131/><E131/><V75/><F82/><W95/><REACH who="3" step="1"/><G35/><REACH who="3" ten="217,235,294,234" step="2"/><T26/><D55/><U61/><E61/><V2/><F63/><W117/><G117/><T76/><D48/><U70/><E70/><V13/><F39/><W88/><G88/><T20/><D109/><U46/><E46/><V86/><F110/><W106/><AGARI ba="0,2" hai="10,12,17,37,40,45,60,66,68,92,95,96,103,106" machi="106" ten="20,3900,0" yaku="1,1,0,1,7,1,53,0" doraHai="135" doraHaiUra="118" who="3" fromWho="3" sc="217,-13,235,-13,294,-13,234,59" /><INIT seed="3,1,0,4,4,74" ten="204,222,281,293" oya="3" hai0="3,49,82,33,91,25,7,28,53,113,72,51,32" hai1="83,100,4,98,23,77,71,127,10,18,2,31,11" hai2="22,39,46,26,45,97,13,122,92,101,84,110,57" hai3="62,105,87,9,66,58,85,115,27,61,106,52,38"/><W123/><G38/><T30/><D113/><U114/><E127/><V59/><F110/><W34/><G115/><T118/><D118/><U117/><E114/><V104/><F122/><W50/><G123/><T24/><D3/><U107/><E117/><V29/><F13/><W37/><G37/><T103/><D7/><U94/><E11/><V129/><F129/><W0/><G61/><T47/><D103/><U60/><E31/><V111/><F111/><W131/><G131/><T42/><D91/><U68/><E60/><V99/><F84/><W16/><G106/><T132/><D132/><U135/><E107/><V43/><REACH who="2" step="1"/><F46/><REACH who="2" ten="204,222,271,293" step="2"/><W116/><G116/><T41/><D72/><U17/><E135/><V20/><F20/><W5/><G105/><T89/><D82/><U126/><E126/><V40/><F40/><W119/><G119/><T1/><D1/><U54/><E23/><V125/><F125/><W69/><G34/><T88/><REACH who="0" step="1"/><D41/><REACH who="0" ten="194,222,271,293" step="2"/><U65/><E2/><V93/><F93/><W134/><G134/><T78/><D78/><U12/><E77/><V112/><F112/><W75/><REACH who="3" step="1"/><G75/><REACH who="3" ten="194,222,271,283" step="2"/><T8/><D8/><U108/><E10/><V19/><F19/><W121/><G121/><T63/><D63/><U81/><E18/><V120/><F120/><W21/><AGARI ba="1,3" hai="0,5,9,16,21,27,50,52,58,62,66,69,85,87" machi="21" ten="30,12000,1" yaku="1,1,0,1,54,2,53,1" doraHai="74" doraHaiUra="35" who="3" fromWho="3" sc="194,-41,222,-41,271,-41,283,153" /><INIT seed="3,2,0,4,1,43" ten="153,181,230,436" oya="3" hai0="62,122,93,115,80,7,127,24,63,116,91,66,65" hai1="94,135,128,107,84,22,19,120,113,57,44,105,8" hai2="98,123,12,21,112,9,56,60,102,101,27,16,133" hai3="52,104,64,51,88,61,106,110,42,47,30,86,34"/><W124/><G124/><T11/><D116/><U108/><E120/><V97/><F133/><W49/><G110/><T4/><D122/><U41/><E113/><V82/><F123/><W119/><G119/><T40/><D127/><U68/><E68/><V45/><F112/><W73/><G73/><T37/><D115/><U83/><E108/><V28/><F82/><W92/><G30/><T23/><D80/><U87/><E135/><V89/><F45/><W15/><G34/><T50/><D37/><U81/><E8/><V35/><F35/><W71/><REACH who="3" step="1"/><G15/><REACH who="3" ten="153,181,230,426" step="2"/><T17/><D66/><U74/><E74/><V26/><F26/><W31/><G31/><T58/><D65/><U39/><E128/><V6/><F28/><W13/><G13/><T99/><D4/><U5/><E5/><V132/><F132/><W14/><G14/><T2/><D58/><AGARI ba="2,1" hai="42,47,49,51,52,58,61,64,71,86,88,92,104,106" machi="58" ten="30,12000,1" yaku="1,1,7,1,52,1,54,2,53,0" doraHai="43" doraHaiUra="70" who="3" fromWho="0" sc="153,-126,181,0,230,0,426,136" /><INIT seed="3,3,0,4,3,135" ten="27,181,230,562" oya="3" hai0="16,8,35,111,0,129,9,102,61,6,79,48,62" hai1="3,66,98,65,118,120,73,69,87,82,83,59,29" hai2="21,74,11,44,37,7,76,27,92,113,125,132,67" hai3="45,100,64,80,93,124,28,60,14,12,70,54,90"/><W131/><G131/><T63/><D129/><U121/><E3/><V13/><F113/><W57/><G28/><T5/><D111/><U19/><E29/><V18/><F132/><W55/><G100/><T107/><D35/><U40/><E40/><V77/><F74/><W122/><G122/><T109/><D109/><U106/><E69/><V25/><F67/><W97/><G80/><T119/><D119/><U96/><E73/><V95/><F37/><W4/><G4/><T36/><D36/><U41/><E41/><V58/><F44/><W127/><G45/><T94/><D107/><U2/><E2/><V68/><F68/><W46/><G46/><T84/><D48/><U103/><E96/><V117/><F117/><W134/><G134/><T49/><D49/><U43/><E43/><V23/><F58/><W128/><G128/><T89/><D79/><N who="2" m="30282" /><F125/><N who="3" m="48203" /><G55/><T71/><D102/><U56/><E83/><V47/><F47/><W51/><AGARI ba="3,0" hai="12,14,51,54,57,60,64,70,90,93,97" m="48203" machi="51" ten="30,11700,0" yaku="18,1,52,3" doraHai="135" who="3" fromWho="3" sc="27,-42,181,-42,230,-42,562,126" owari="-15,-52.0,139,-26.0,188,-1.0,688,79.0" /></mjloggm>