<mjloggm ver="2.3"><GO type="169" lobby="0"/><UN n0="%E3%81%84%E3%81%84%E7%AC%91%E9%A1%94" n1="%E7%AB%8B%E8%8F%AF%E5%A5%8F" n2="%E3%82%A6%E3%83%AB%E3%83%88%E3%83%A9%E7%AB%8B%E7%9B%B4" n3="%E3%83%9F%E3%83%8E%E3%83%AA" dan="17,17,17,16" rate="2218.71,2194.74,2222.17,2120.30" sx="F,F,M,M"/><TAIKYOKU oya="0"/><INIT seed="0,0,0,1,3,19" ten="250,250,250,250" oya="0" hai0="2,79,11,121,64,95,29,88,22,80,61,87,82" hai1="70,13,52,133,66,93,111,20,104,67,122,102,62" hai2="81,51,46,113,57,8,10,76,65,105,112,96,71" hai3="101,131,63,33,4,48,89,84,117,39,124,23,127"/><T90/><D121/><U3/><E111/><V44/><F71/><W129/><G39/><T130/><D130/><N who="3" m="49673" /><G33/><T55/><D55/><U14/><E122/><V115/><F96/><W31/><G117/><T106/><D106/><U100/><E3/><V69/><F105/><W83/><G63/><T98/><D2/><U85/><E133/><V107/><F69/><W12/><G101/><T60/><D11/><U43/><E43/><V30/><F30/><W56/><G4/><T27/><REACH who="0" step="1"/><D64/><REACH who="0" ten="240,250,250,250" step="2"/><U53/><E104/><V40/><F107/><W58/><G127/><T103/><D103/><U109/><E102/><V59/><F65/><W25/><G124/><T54/><D54/><U21/><E100/><V68/><F8/><W134/><G134/><T78/><D78/><U24/><E67/><V114/><F114/><W37/><G37/><T16/><D16/><U74/><E66/><V5/><F10/><W128/><G128/><T126/><D126/><U18/><E53/><V116/><F5/><W47/><G12/><T36/><D36/><U26/><E13/><V28/><F68/><W45/><G45/><T108/><D108/><U1/><E14/><V97/><F46/><W120/><G120/><T35/><D35/><U42/><E1/><V72/><F113/><W50/><G47/><T17/><D17/><U77/><E18/><V125/><F115/><W41/><G41/><T73/><AGARI ba="0,1" hai="22,27,29,60,61,73,79,80,82,87,88,90,95,98" machi="73" ten="20,12000,1" yaku="1,1,0,1,7,1,52,1,54,1,53,0" doraHai="19" doraHaiUra="132" who="0" fromWho="0" sc="240,130,250,-40,250,-40,250,-40" /><INIT seed="0,1,0,5,0,100" ten="370,210,210,210" oya="0" hai0="5,20,118,37,15,7,82,85,17,87,36,13,112" hai1="24,19,117,132,97,60,74,124,93,55,59,29,64" hai2="77,66,8,90,9,101,45,12,122,33,26,126,113" hai3="42,115,83,111,39,50,25,35,79,104,27,123,14"/><T127/><D112/><U84/><E74/><V98/><F122/><W21/><G115/><T106/><D118/><U2/><E117/><V75/><F113/><W49/><G123/><T22/><D127/><U110/><E124/><V69/><F126/><W120/><G120/><T92/><D92/><U89/><E110/><V11/><F90/><W78/><G104/><T72/><D72/><U80/><E2/><V119/><F119/><W116/><G116/><T48/><D48/><U32/><E132/><V81/><F45/><W128/><G111/><T38/><D106/><U46/><E19/><V30/><F66/><W65/><G65/><T73/><D73/><U10/><E10/><V6/><REACH who="2" step="1"/><F69/><REACH who="2" ten="370,210,200,210" step="2"/><W23/><G79/><T88/><D87/><U31/><E46/><V61/><F61/><W53/><G78/><T86/><D85/><U125/><E125/><V129/><F129/><W105/><G128/><T54/><D54/><U56/><E64/><V18/><F18/><AGARI ba="1,1" hai="5,7,13,15,17,18,20,22,36,37,38,82,86,88" machi="18" ten="40,3900,0" yaku="9,1,54,1" doraHai="100" who="0" fromWho="2" sc="370,52,210,0,200,-42,210,0" /><INIT seed="0,2,0,2,1,102" ten="422,210,158,210" oya="0" hai0="94,130,111,35,125,37,76,17,43,126,85,48,30" hai1="132,34,101,40,117,88,46,47,13,44,86,129,70" hai2="8,114,107,32,87,56,16,33,58,49,96,26,64" hai3="7,73,113,118,15,29,66,121,82,123,79,92,97"/><T80/><D130/><U1/><E129/><V103/><F114/><W59/><G113/><T50/><D94/><U99/><E117/><V28/><F33/><W25/><G118/><T24/><D17/><U93/><E1/><V81/><F64/><W52/><G66/><T62/><D62/><U9/><E70/><V83/><F49/><W78/><G78/><T75/><D75/><U19/><E34/><V65/><F65/><W2/><G2/><T72/><D72/><U69/><E69/><V127/><F127/><N who="0" m="48650" /><D111/><U95/><REACH who="1" step="1"/><E132/><REACH who="1" ten="422,200,158,210" step="2"/><V124/><F124/><W54/><G123/><T53/><D35/><U120/><E120/><V89/><REACH who="2" step="1"/><F83/><REACH who="2" ten="422,200,148,210" step="2"/><W91/><G121/><T42/><D80/><U104/><E104/><V133/><F133/><W112/><G112/><T116/><D116/><U98/><E98/><V45/><F45/><W10/><G59/><T41/><D41/><AGARI ba="2,2" hai="9,13,19,40,41,44,46,47,86,88,93,95,99,101" machi="41" ten="40,5200,0" yaku="1,1,8,1,54,1,53,0" doraHai="102" doraHaiUra="135" who="1" fromWho="0" sc="422,-58,200,78,148,0,210,0" /><INIT seed="1,0,0,5,5,83" ten="364,278,148,210" oya="1" hai0="18,113,92,127,86,61,67,51,68,105,5,134,35" hai1="21,109,131,98,30,0,84,13,50,69,65,34,82" hai2="1,11,14,66,85,133,90,33,31,9,116,87,94" hai3="99,106,76,89,120,101,25,97,121,63,110,115,62"/><U81/><E0/><V124/><F116/><W29/><G115/><T43/><D113/><U64/><E131/><V123/><F123/><W112/><G112/><T12/><D105/><U79/><E34/><V104/><F104/><W96/><G110/><T130/><D35/><U6/><E109/><V100/><F100/><W10/><G76/><T74/><D74/><U48/><E98/><V129/><F129/><W17/><G62/><T78/><D130/><U88/><E69/><V45/><F124/><W19/><G63/><T52/><D134/><U132/><E132/><V3/><F133/><W114/><G114/><T27/><D127/><U26/><E6/><V56/><F56/><W135/><G135/><T44/><D27/><U20/><E13/><V72/><F72/><W15/><G19/><T75/><D75/><U23/><E30/><V4/><F66/><N who="1" m="25705" /><E26/><V47/><F3/><W40/><G97/><T24/><D24/><U28/><E28/><V80/><F31/><W77/><G99/><T7/><D43/><U122/><E122/><V54/><F54/><W118/><G40/><T42/><D42/><U49/><E79/><V39/><F33/><W107/><G77/><T32/><D32/><U58/><E58/><V55/><F55/><W108/><G107/><T71/><D71/><U38/><E38/><V126/><F39/><W22/><G108/><T95/><D5/><U70/><E70/><V119/><F119/><W37/><G118/><T111/><D7/><U59/><E59/><V16/><F126/><W8/><G37/><T36/><D111/><U60/><E60/><RYUUKYOKU ba="0,0" sc="364,-15,278,15,148,15,210,-15" hai1="20,21,23,48,49,50,81,82,84,88" hai2="1,4,9,11,14,16,45,47,80,85,87,90,94" /><INIT seed="1,1,0,4,5,82" ten="349,293,163,195" oya="1" hai0="96,115,100,116,14,44,55,108,94,129,81,3,106" hai1="128,122,118,135,10,77,56,9,113,91,37,109,86" hai2="66,125,87,48,120,32,12,45,97,64,88,99,101" hai3="50,75,132,22,85,53,21,8,58,18,11,133,13"/><U46/><E113/><V130/><F32/><W29/><G75/><T78/><D3/><U38/><E118/><V33/><F33/><W89/><G29/><T103/><D115/><U69/><E69/><V47/><F120/><W61/><G61/><T26/><D116/><U43/><E122/><V127/><F130/><W59/><G59/><T123/><D129/><U49/><E128/><V71/><F71/><W74/><G74/><T131/><D131/><U92/><E135/><N who="3" m="51786" /><G22/><T62/><D108/><U73/><E109/><V16/><F101/><W4/><G4/><T76/><D123/><U112/><E112/><V107/><F107/><W31/><G31/><T84/><D26/><U24/><E24/><V105/><F105/><W54/><G54/><T42/><D76/><U83/><REACH who="1" step="1"/><E56/><REACH who="1" ten="349,283,163,195" step="2"/><V60/><F127/><W39/><G39/><AGARI ba="1,1" hai="9,10,37,38,39,43,46,49,73,77,83,86,91,92" machi="39" ten="40,7700,0" yaku="1,1,2,1,52,1,53,0" doraHai="82" doraHaiUra="57" who="1" fromWho="3" sc="349,0,283,90,163,0,195,-80" /><INIT seed="1,2,0,2,3,24" ten="349,373,163,115" oya="1" hai0="29,25,34,59,79,96,17,53,58,104,64,117,123" hai1="78,16,126,45,11,73,51,39,76,90,9,22,122" hai2="124,70,92,61,7,21,62,57,112,52,75,105,106" hai3="94,86,1,118,13,72,93,103,81,10,0,127,77"/><U35/><E35/><V47/><F75/><W131/><G131/><T50/><D117/><U71/><E122/><V27/><F124/><W115/><G115/><T87/><D123/><U36/><E71/><V121/><F121/><W119/><G127/><T19/><D79/><U6/><E126/><V125/><F125/><W43/><G94/><T2/><D2/><U130/><E130/><V15/><F112/><W108/><G108/><T4/><D4/><U100/><E100/><V44/><F70/><W3/><G43/><T40/><D40/><U95/><E36/><V26/><F105/><W114/><G114/><T32/><D32/><U33/><E39/><V101/><F106/><W42/><G42/><T12/><D87/><U63/><E63/><V113/><F26/><W134/><G134/><T89/><D12/><N who="1" m="9479" /><E33/><V109/><F62/><W88/><REACH who="3" step="1"/><G103/><REACH who="3" ten="349,373,163,105" step="2"/><T54/><D104/><U74/><E74/><V38/><F113/><W128/><G128/><T5/><D64/><U46/><E73/><V120/><F120/><W30/><G30/><T28/><D28/><U102/><E102/><V69/><F38/><W110/><G110/><T55/><D29/><U133/><E133/><V68/><F109/><W56/><G56/><T60/><D59/><U111/><E111/><V107/><F69/><W23/><G23/><T14/><D58/><U99/><E45/><V116/><F68/><W48/><G48/><T135/><D50/><U98/><E51/><V85/><F107/><W80/><G80/><T18/><D34/><U91/><E46/><N who="2" m="17451" /><F101/><W31/><G31/><T83/><D135/><RYUUKYOKU ba="2,1" sc="349,-10,373,-10,163,-10,105,30" hai3="0,1,3,10,13,72,77,81,86,88,93,118,119" /><INIT seed="2,3,1,2,2,25" ten="339,363,153,135" oya="2" hai0="62,112,50,89,7,29,58,107,56,54,125,117,87" hai1="28,46,66,22,48,1,2,59,17,33,83,130,65" hai2="77,43,20,104,76,53,99,102,110,118,61,73,75" hai3="30,98,90,132,127,3,42,78,27,103,23,106,82"/><V4/><F43/><W95/><G3/><T11/><D125/><U57/><E130/><V32/><F32/><W123/><G123/><T105/><D112/><U36/><E36/><V79/><F118/><W9/><G9/><T113/><D113/><U93/><E83/><V41/><F41/><W91/><G127/><T60/><D117/><U0/><E93/><V37/><F37/><W55/><G42/><T81/><D29/><U131/><E131/><V122/><F122/><W109/><G109/><T19/><D19/><U14/><E66/><V12/><F110/><W24/><G132/><T38/><D38/><U72/><E72/><V134/><F134/><W34/><G55/><T129/><D129/><U116/><E65/><V70/><F70/><W45/><G45/><T94/><D94/><U96/><E96/><V35/><F35/><W111/><G95/><T133/><D133/><U86/><E86/><V44/><F20/><W64/><G64/><T18/><D18/><U10/><E33/><V100/><F100/><W8/><G8/><T120/><D120/><U121/><E116/><V68/><F68/><W128/><G111/><T119/><D119/><U15/><E121/><V74/><F44/><W71/><G71/><T67/><D50/><U84/><E48/><V39/><F39/><W13/><G128/><T26/><D26/><U135/><E46/><V40/><F40/><W5/><G27/><T97/><D97/><U31/><E135/><V49/><F49/><W108/><G108/><T6/><D6/><N who="1" m="3415" /><E84/><V92/><F74/><N who="3" m="43351" /><G34/><T47/><D47/><U16/><E17/><RYUUKYOKU ba="3,1" sc="339,10,363,10,153,-30,135,10" hai0="7,11,54,56,58,60,62,67,81,87,89,105,107" hai1="0,1,2,15,16,22,28,31,57,59" hai3="5,13,23,24,30,90,91,98,103,106" /><INIT seed="3,4,1,4,2,55" ten="349,373,123,145" oya="3" hai0="75,84,110,20,52,109,64,133,14,49,70,62,78" hai1="101,105,11,82,102,104,134,106,86,61,39,112,124" hai2="132,113,59,29,65,22,66,97,120,114,80,131,119" hai3="60,121,122,3,10,88,68,17,32,116,89,96,25"/><W83/><G116/><T98/><D75/><U47/><E112/><V135/><F119/><W79/><G3/><T21/><D133/><N who="2" m="51274" /><F131/><W91/><G96/><T12/><D98/><U69/><E134/><V33/><F33/><W44/><G44/><T103/><D103/><U95/><E124/><V87/><F97/><W48/><G48/><T9/><D78/><U26/><E95/><V67/><F120/><W54/><G10/><T8/><D84/><U43/><E11/><V2/><F2/><W71/><G71/><T127/><D127/><U35/><E35/><V58/><F29/><W118/><G118/><T36/><D36/><U94/><E94/><V38/><F22/><W100/><G100/><T128/><D128/><U107/><E26/><V4/><F4/><W123/><G32/><T108/><D9/><U92/><E92/><V129/><F38/><W90/><N who="3" m="22528" /><DORA hai="1" /><W93/><G93/><T56/><REACH who="0" step="1"/><D14/><REACH who="0" ten="339,373,123,145" step="2"/><U41/><E107/><V53/><F129/><W37/><G37/><T111/><N who="0" m="27648" /><DORA hai="99" /><T46/><D46/><U63/><E47/><V23/><F114/><W51/><G79/><T125/><D125/><U77/><E39/><V76/><F113/><W126/><G126/><T45/><D45/><U50/><E106/><V34/><F76/><W5/><G123/><T7/><AGARI ba="4,2" hai="7,8,12,20,21,49,52,56,62,64,70" m="27648" machi="7" ten="60,12000,2" yaku="1,1,0,1,14,1,52,2,54,1,53,0" doraHai="55,1,99" doraHaiUra="27,40,85" who="0" fromWho="0" sc="339,152,373,-34,123,-34,145,-64" /><INIT seed="4,0,0,0,3,90" ten="491,339,89,81" oya="0" hai0="120,128,67,43,82,84,16,130,112,69,48,24,0" hai1="123,76,102,101,31,93,2,47,80,41,26,81,100" hai2="122,78,52,113,57,6,114,106,70,13,33,44,30" hai3="117,92,107,95,55,45,27,49,129,60,96,65,103"/><T7/><D120/><U3/><E123/><V71/><F106/><W127/><G117/><T64/><D69/><U83/><E76/><V104/><F104/><W116/><G116/><T8/><D112/><N who="2" m="43114" /><F122/><W88/><G127/><T40/><D64/><U38/><REACH who="1" step="1"/><E93/><REACH who="1" ten="491,329,89,81" step="2"/><V56/><F78/><W125/><G125/><T35/><D130/><U68/><E68/><V34/><F71/><W86/><G129/><T18/><D128/><U11/><E11/><V79/><F79/><W99/><G27/><T10/><D8/><U61/><E61/><V74/><F70/><W37/><G37/><T12/><D10/><U17/><E17/><V46/><F74/><W118/><G118/><T21/><D18/><U29/><E29/><V51/><F30/><W94/><G99/><T108/><D16/><U53/><E53/><V85/><F52/><W15/><G15/><T132/><D12/><U50/><E50/><V39/><F51/><W91/><G91/><T25/><D48/><U124/><E124/><V119/><F13/><W72/><G72/><T28/><D24/><U9/><E9/><V75/><F75/><W42/><G55/><T89/><D25/><U58/><E58/><AGARI ba="0,1" hai="42,45,49,58,60,65,86,88,92,94,95,96,103,107" machi="58" ten="30,8000,1" yaku="7,1,52,3,54,1" doraHai="90" who="3" fromWho="1" sc="491,0,329,-80,89,0,81,90" /><INIT seed="5,0,0,2,2,102" ten="491,249,89,171" oya="1" hai0="88,41,19,82,73,5,32,100,104,118,80,51,35" hai1="25,34,110,64,8,43,50,23,133,94,77,83,123" hai2="62,78,52,70,131,6,109,17,13,122,126,89,49" hai3="127,12,24,58,29,95,81,28,63,79,105,135,130"/><U90/><E123/><V31/><F122/><W61/><G135/><T53/><D118/><U48/><E34/><V113/><F109/><W7/><G130/><T74/><D41/><U120/><E120/><V15/><F131/><W76/><G105/><T91/><D5/><U129/><E129/><V22/><F126/><W87/><G127/><T2/><D2/><U3/><E133/><V47/><F113/><W18/><G7/><T40/><D40/><U39/><E110/><V107/><F78/><W38/><G38/><T72/><D19/><U59/><E39/><V121/><F121/><W84/><G24/><T75/><D75/><U67/><E3/><V14/><F31/><W11/><G61/><T0/><D0/><U20/><E8/><V128/><F128/><W57/><G58/><T27/><D27/><U99/><E20/><V44/><F44/><W97/><G87/><T54/><D74/><U93/><E93/><V108/><F108/><W117/><G79/><T1/><D1/><U33/><E33/><V60/><F107/><W101/><REACH who="3" step="1"/><G117/><REACH who="3" ten="491,249,89,161" step="2"/><T116/><D104/><U46/><E59/><V134/><F134/><W55/><AGARI ba="0,1" hai="11,12,18,28,29,55,57,63,76,81,84,95,97,101" machi="55" ten="20,8000,1" yaku="1,1,2,1,0,1,7,1,8,1,53,0" doraHai="102" doraHaiUra="68" who="3" fromWho="3" sc="491,-20,249,-40,89,-20,161,90" /><INIT seed="6,0,0,0,5,124" ten="471,209,69,251" oya="2" hai0="109,130,57,47,20,59,76,42,9,98,118,135,128" hai1="2,82,99,97,44,11,28,106,33,30,0,73,121" hai2="3,116,40,49,32,12,101,45,117,83,114,10,41" hai3="100,4,86,64,111,127,79,16,63,54,91,68,88"/><V122/><F122/><W15/><G111/><T48/><D109/><U84/><E121/><V93/><F114/><W80/><G127/><T92/><D135/><U55/><E73/><V70/><F3/><W69/><G69/><T1/><D118/><U107/><E44/><V129/><F70/><W18/><G100/><T125/><D125/><U51/><E51/><V56/><F32/><W113/><G113/><T102/><D76/><U39/><E84/><V43/><F117/><W35/><G35/><T50/><D20/><U89/><E33/><V67/><F116/><W27/><G27/><T75/><D75/><U58/><E82/><V132/><F132/><W38/><G38/><T19/><D19/><U126/><E126/><V115/><F115/><W95/><G54/><T87/><D87/><U123/><E123/><V52/><F83/><W74/><REACH who="3" step="1"/><G91/><REACH who="3" ten="471,209,69,241" step="2"/><T120/><D120/><U6/><E89/><V71/><F71/><W22/><G22/><T13/><D102/><U66/><E55/><V78/><F78/><W134/><G134/><T5/><D9/><AGARI ba="0,1" hai="4,9,15,16,18,63,64,68,74,79,80,86,88,95" machi="9" ten="40,5200,0" yaku="1,1,54,2,53,0" doraHai="124" doraHaiUra="133" who="3" fromWho="0" sc="471,-52,209,0,69,0,241,62" /><INIT seed="7,0,0,2,3,93" ten="419,209,69,303" oya="3" hai0="9,40,72,67,7,29,85,109,38,80,74,56,46" hai1="6,92,99,71,60,115,90,19,86,68,121,111,104" hai2="31,41,126,95,91,23,116,8,39,14,118,0,55" hai3="59,64,57,10,45,114,81,16,63,100,30,122,113"/><W21/><G122/><T26/><D109/><U24/><E111/><V42/><F39/><W51/><G81/><T119/><D119/><U35/><E121/><V79/><F126/><W77/><G77/><T112/><D112/><N who="3" m="43113" /><G100/><T70/><D70/><U102/><E115/><V62/><F118/><W65/><G10/><T5/><D56/><N who="3" m="21577" /><G30/><T48/><D67/><U103/><E6/><V125/><F116/><W76/><G76/><T75/><D38/><U50/><E50/><V3/><F125/><W43/><G63/><T129/><D129/><U53/><E103/><V127/><F127/><W18/><G18/><T22/><REACH who="0" step="1"/><D9/><REACH who="0" ten="409,209,69,303" step="2"/><U28/><E19/><V61/><F62/><W107/><G107/><T34/><D34/><U73/><E73/><V110/><F23/><W83/><G83/><T4/><D4/><U132/><E68/><V89/><F61/><W117/><G117/><T37/><D37/><U82/><E82/><V13/><F8/><W25/><AGARI ba="0,1" hai="16,21,25,43,45,51,64,65" m="21577,43113" machi="25" ten="30,3000,0" yaku="15,1,54,1" doraHai="93" who="3" fromWho="3" sc="409,-10,209,-10,69,-10,303,40" /><INIT seed="7,1,0,0,4,32" ten="399,199,59,343" oya="3" hai0="89,61,108,20,126,42,25,98,118,2,33,12,127" hai1="9,104,112,14,72,45,129,35,92,13,39,5,48" hai2="119,10,78,8,43,106,109,69,23,24,113,105,4" hai3="122,49,115,64,77,131,38,28,19,7,17,47,80"/><W68/><G122/><T22/><D108/><U55/><E104/><V90/><F69/><W27/><G38/><T15/><D118/><U18/><E72/><V0/><F109/><W37/><G37/><T110/><D110/><U81/><E35/><V121/><F119/><W62/><G115/><T111/><D111/><U67/><E112/><V36/><F121/><W91/><G91/><T97/><D2/><U51/><E39/><V134/><F113/><W71/><G71/><T53/><D42/><U128/><E67/><V40/><F134/><W101/><G101/><T59/><D33/><U124/><E124/><N who="0" m="47657" /><D22/><U96/><E81/><V123/><F123/><W93/><G93/><N who="0" m="56495" /><D98/><U16/><E48/><V65/><F36/><W46/><G131/><N who="1" m="50250" /><E13/><V100/><F43/><W130/><G130/><T75/><D75/><U83/><E83/><V70/><F40/><W58/><G68/><T87/><D87/><U63/><E63/><V26/><F70/><W66/><G64/><T1/><D1/><U125/><E125/><V34/><F65/><W41/><G47/><T95/><D95/><U132/><E132/><V74/><F106/><W57/><G58/><T6/><D6/><U11/><E11/><V84/><F10/><W76/><G7/><T44/><D44/><U3/><E14/><V79/><F34/><W86/><REACH who="3" step="1"/><G77/><REACH who="3" ten="399,199,59,333" step="2"/><T29/><AGARI ba="1,1" hai="12,15,20,25,29,53,59,61" m="56495,47657" machi="29" ten="30,1100,0" yaku="18,1" doraHai="32" who="0" fromWho="0" sc="399,24,199,-4,59,-4,333,-6" owari="423,51.0,195,-20.0,55,-44.0,327,13.0" /></mjloggm>