<mjloggm ver="2.3"><GO type="169" lobby="0"/><UN n0="%E5%A4%A2%E8%89%B2%6D%65%6D%6F%72%79" n1="%E6%9D%A5%E9%80%B1%E3%81%AE%E7%B3%B8%E4%BA%95" n2="%E5%8D%97%E6%A5%B5%E3%83%80%E3%83%B3%E3%82%B5%E3%83%BC" n3="%E5%B0%B1%E6%B4%BB%E7%94%9F%40%E5%B7%9D%E6%9D%91%E8%BB%8D%E5%9B%A3" dan="18,17,16,17" rate="2285.06,2219.49,2072.27,2172.98" sx="F,M,M,M"/><TAIKYOKU oya="0"/><INIT seed="0,0,0,2,5,93" ten="250,250,250,250" oya="0" hai0="47,61,49,6,13,114,33,117,95,26,24,15,133" hai1="14,62,135,79,113,56,22,76,112,80,48,9,27" hai2="108,42,59,54,88,17,66,1,96,43,132,52,111" hai3="105,121,65,64,85,124,46,19,110,90,91,78,50"/><T28/><D114/><N who="1" m="44139" /><E48/><V25/><F1/><W20/><G105/><T31/><D117/><U57/><E135/><V134/><F66/><W70/><G70/><T129/><D129/><U125/><E125/><V21/><F54/><W58/><G124/><T53/><D133/><N who="2" m="51306" /><F43/><W107/><G107/><T44/><D44/><U11/><E14/><V71/><F42/><W83/><G110/><T126/><D126/><U89/><E89/><N who="3" m="33802" /><G58/><N who="1" m="22634" /><E62/><N who="2" m="36199" /><F71/><W18/><G121/><T115/><D61/><U34/><E34/><V81/><F81/><W128/><G128/><T100/><D115/><U51/><E51/><V38/><F38/><W130/><G130/><T98/><REACH who="0" step="1"/><D6/><REACH who="0" ten="240,250,250,250" step="2"/><U118/><E118/><V75/><F75/><W92/><G46/><T101/><D101/><U73/><E79/><V87/><F111/><W106/><G65/><T39/><D39/><U35/><E35/><AGARI ba="0,1" hai="13,15,24,26,28,31,33,35,47,49,53,95,98,100" machi="35" ten="30,11600,0" yaku="1,1,7,1,9,1,52,1,53,0" doraHai="93" doraHaiUra="36" who="0" fromWho="1" sc="240,126,250,-116,250,0,250,0" /><INIT seed="0,1,0,4,4,38" ten="366,134,250,250" oya="0" hai0="111,13,83,126,53,100,32,23,128,37,65,56,63" hai1="124,59,134,106,102,96,132,113,26,98,20,135,130" hai2="79,131,88,40,11,25,70,7,104,120,61,118,52" hai3="22,24,30,35,44,71,109,47,72,48,82,51,73"/><T41/><D32/><U95/><E59/><N who="2" m="35047" /><F120/><W66/><G109/><T14/><D126/><U107/><E20/><V78/><F104/><N who="1" m="39977" /><E26/><V16/><F70/><W1/><G1/><T114/><D23/><U122/><E122/><V36/><F36/><W6/><G6/><T27/><D27/><U17/><E17/><V68/><F68/><W21/><G66/><T85/><D14/><U49/><E49/><V115/><F115/><W19/><G71/><T121/><D13/><U33/><E33/><V103/><F103/><W28/><G82/><T99/><D37/><U43/><E43/><V87/><F131/><W2/><G2/><T18/><D41/><U112/><E124/><V119/><F40/><W89/><G35/><T69/><D128/><U54/><E54/><V10/><F7/><W9/><G24/><T29/><D53/><U101/><E130/><V133/><F133/><N who="1" m="34049" /><U5/><DORA hai="97" /><E5/><V62/><F62/><W86/><G48/><T125/><D63/><U81/><E81/><N who="2" m="49263" /><F11/><W12/><G51/><T116/><D69/><U75/><E75/><V90/><F10/><W123/><G9/><T110/><D121/><U3/><E3/><V129/><F129/><W50/><G50/><T31/><D125/><U15/><E15/><V77/><F25/><W46/><G123/><T34/><D34/><U105/><AGARI ba="1,0" hai="95,96,98,101,102,105,112,113" m="34049,39977" machi="105" ten="50,8000,1" yaku="20,1,34,2,52,2" doraHai="38,97" who="1" fromWho="1" sc="366,-41,134,83,250,-21,250,-21" /><INIT seed="1,0,0,1,3,8" ten="325,217,229,229" oya="1" hai0="132,116,44,84,13,75,86,115,19,47,58,1,53" hai1="85,96,52,89,123,4,5,130,40,93,97,3,87" hai2="51,10,27,125,79,112,128,35,113,49,26,118,16" hai3="39,30,17,6,98,23,124,119,9,114,43,104,18"/><U67/><E123/><V109/><F118/><W80/><G114/><N who="2" m="44137" /><F79/><W94/><G104/><T46/><D75/><U0/><E130/><V62/><F62/><W55/><G124/><T15/><D1/><U131/><E131/><V65/><F65/><W7/><G119/><T107/><D107/><U59/><E40/><V61/><F61/><W32/><G32/><T68/><D68/><U110/><E67/><V99/><F128/><W41/><G55/><T71/><D71/><U134/><E134/><V37/><F99/><W77/><G30/><T25/><D116/><U82/><E0/><V122/><F37/><W34/><G34/><T56/><D132/><U133/><E133/><V38/><F38/><W101/><G18/><T2/><D2/><U73/><E73/><V63/><F63/><W95/><G95/><T108/><D108/><U64/><E64/><V129/><F129/><W24/><G39/><T11/><D115/><U22/><E110/><V29/><F109/><W121/><G121/><T36/><D36/><U42/><E42/><V117/><F117/><W72/><REACH who="3" step="1"/><G6/><REACH who="3" ten="325,217,229,219" step="2"/><N who="0" m="3319" /><D25/><U50/><E5/><V83/><F125/><W33/><G33/><T106/><D106/><U69/><E4/><V127/><F122/><W12/><AGARI ba="0,1" hai="7,9,12,17,23,24,41,43,72,77,80,94,98,101" machi="12" ten="20,5200,0" yaku="1,1,0,1,7,1,52,1,53,0" doraHai="8" doraHaiUra="66" who="3" fromWho="3" sc="325,-13,217,-26,229,-13,219,62" /><INIT seed="2,0,0,3,0,21" ten="312,191,216,281" oya="2" hai0="71,129,107,67,27,58,100,43,54,85,61,48,37" hai1="70,98,73,63,28,130,32,36,57,2,17,95,82" hai2="56,128,25,10,23,29,110,40,50,59,111,26,118" hai3="109,81,117,83,87,16,47,114,121,89,5,120,38"/><V106/><F106/><W12/><G117/><T72/><D72/><U24/><E130/><V126/><F118/><W84/><G114/><T66/><D129/><U39/><E70/><V80/><F128/><W49/><G38/><T113/><D113/><U30/><E2/><V22/><F80/><W102/><G102/><T90/><D66/><U64/><E30/><N who="2" m="17719" /><F10/><W119/><G5/><T69/><D69/><U134/><E134/><V96/><F96/><W53/><G109/><N who="2" m="41481" /><F126/><W133/><G133/><T65/><D107/><U15/><E82/><V78/><F78/><W93/><G119/><T35/><D100/><U97/><E73/><V19/><F29/><W77/><G93/><T99/><D99/><U55/><E98/><V125/><F125/><W135/><G135/><T112/><D112/><U105/><E105/><V131/><F131/><W76/><G76/><T108/><D108/><U11/><REACH who="1" step="1"/><E64/><REACH who="1" ten="312,181,216,281" step="2"/><V1/><F1/><W86/><REACH who="3" step="1"/><G87/><REACH who="3" ten="312,181,216,271" step="2"/><T33/><D85/><U31/><E31/><V18/><F18/><W101/><G101/><AGARI ba="0,2" hai="11,15,17,24,28,32,36,39,55,57,63,95,97,101" machi="101" ten="30,3900,0" yaku="1,1,7,1,52,1,53,0" doraHai="21" doraHaiUra="42" who="1" fromWho="3" sc="312,0,181,59,216,0,271,-39" /><INIT seed="3,0,0,0,1,70" ten="312,240,216,232" oya="3" hai0="104,64,1,126,94,28,79,32,34,49,91,119,92" hai1="109,41,35,85,65,132,88,66,17,69,51,82,73" hai2="61,4,80,135,108,123,60,48,43,83,130,8,9" hai3="15,112,53,95,18,39,84,3,125,59,40,11,38"/><W20/><G112/><T0/><D104/><U36/><E35/><V52/><F108/><W87/><G125/><T124/><D79/><U117/><E69/><V26/><F130/><W13/><G3/><T71/><D49/><U93/><E109/><V129/><F129/><W37/><G40/><T56/><D71/><U106/><E132/><V44/><F26/><W74/><G74/><T5/><D5/><U107/><E117/><V97/><F97/><W68/><G68/><T55/><D64/><U30/><E30/><V72/><F135/><W115/><G95/><T45/><D45/><U31/><E31/><V62/><F123/><W98/><G98/><T81/><D28/><U111/><E111/><V14/><F72/><W121/><G121/><T10/><D119/><U42/><E42/><V2/><REACH who="2" step="1"/><F43/><REACH who="2" ten="312,240,206,232" step="2"/><W86/><G115/><T7/><D124/><U33/><E41/><V89/><F89/><W24/><REACH who="3" step="1"/><G11/><REACH who="3" ten="312,240,206,222" step="2"/><T54/><D10/><U120/><E73/><V76/><F76/><W110/><G110/><T122/><D126/><U27/><E120/><V100/><F100/><W58/><G58/><T23/><D122/><U50/><E107/><V77/><F77/><W113/><G113/><T6/><D56/><U105/><E106/><V75/><F75/><W47/><G47/><T114/><D114/><U67/><E105/><V57/><F57/><W131/><G131/><T22/><D91/><U29/><E88/><V127/><F127/><W118/><G118/><T96/><D96/><U101/><E101/><V134/><F134/><W103/><G103/><T12/><D81/><RYUUKYOKU ba="0,2" sc="312,10,240,-30,206,10,222,10" hai0="0,1,6,7,12,22,23,32,34,54,55,92,94" hai2="2,4,8,9,14,44,48,52,60,61,62,80,83" hai3="13,15,18,20,24,37,38,39,53,59,84,86,87" /><INIT seed="3,1,2,1,4,123" ten="322,210,216,232" oya="3" hai0="25,66,69,40,67,109,135,6,31,117,35,113,99" hai1="9,127,61,62,63,11,129,49,107,98,51,36,132" hai2="87,70,53,13,54,3,85,58,134,37,94,111,128" hai3="68,20,38,16,12,82,19,48,50,24,23,80,72"/><W105/><G38/><T73/><D117/><U78/><E36/><V57/><F70/><W1/><G1/><T42/><D73/><U108/><E78/><V26/><F3/><W79/><G105/><T8/><D135/><U125/><E132/><V95/><F37/><W56/><G68/><T112/><D109/><U5/><E129/><V83/><F134/><W118/><G118/><T90/><D90/><U77/><E77/><N who="2" m="46319" /><F128/><W39/><G39/><T121/><D99/><U18/><E18/><V88/><F26/><W115/><G115/><N who="0" m="44107" /><D121/><U101/><E108/><V86/><F13/><W110/><G110/><T46/><D46/><U75/><E75/><V17/><F17/><W15/><G80/><T27/><D27/><U91/><E91/><N who="2" m="53623" /><F111/><W60/><REACH who="3" step="1"/><G24/><REACH who="3" ten="322,210,216,222" step="2"/><T84/><D69/><U43/><E107/><V7/><F7/><W103/><G103/><T81/><D6/><U47/><E5/><V14/><F14/><W41/><G41/><T2/><D42/><U122/><E122/><V10/><F10/><W97/><G97/><T29/><D8/><U106/><E11/><V89/><F89/><W28/><G28/><T21/><D31/><U71/><E9/><V55/><AGARI ba="1,3" hai="53,54,55,57,58,87,88,95" m="53623,46319" machi="55" ten="30,2000,0" yaku="8,1,54,1" doraHai="123" who="2" fromWho="2" sc="322,-6,210,-6,216,53,222,-11" /><INIT seed="4,0,0,0,4,70" ten="316,204,269,211" oya="0" hai0="98,119,85,82,96,29,125,115,134,106,79,90,111" hai1="60,94,43,44,126,32,14,107,109,67,128,38,27" hai2="78,52,91,80,47,103,112,46,114,36,48,0,62" hai3="121,76,59,73,25,30,66,1,54,23,40,22,118"/><T26/><D119/><U105/><E109/><V117/><F0/><W122/><G1/><T19/><D134/><U104/><E126/><V131/><F103/><W58/><G118/><T123/><D123/><N who="3" m="47113" /><G73/><T31/><D115/><N who="2" m="44074" /><F117/><W72/><G72/><T21/><D125/><U53/><E128/><V2/><F2/><W56/><G76/><T69/><D69/><U89/><E53/><V120/><F120/><W55/><G66/><T9/><D111/><U124/><E124/><V34/><F34/><N who="3" m="20815" /><G40/><T64/><D64/><U37/><E14/><V28/><F28/><W130/><G130/><T5/><D29/><U87/><E32/><V11/><F78/><W18/><G22/><T6/><D106/><U135/><E135/><V7/><F131/><W108/><G108/><T8/><D31/><U129/><E129/><V42/><F62/><W68/><G68/><T102/><D79/><U24/><REACH who="1" step="1"/><E38/><REACH who="1" ten="316,194,269,211" step="2"/><V84/><F7/><W133/><G133/><T12/><D102/><U113/><E113/><V127/><F127/><W41/><G41/><T16/><D5/><U75/><E75/><V61/><F42/><W4/><G4/><T20/><REACH who="0" step="1"/><D8/><REACH who="0" ten="306,194,269,211" step="2"/><U50/><E50/><V132/><F11/><W13/><AGARI ba="0,2" hai="13,18,23,54,55,56,58,59" m="20815,47113" machi="13" ten="30,1100,0" yaku="13,1" doraHai="70" who="3" fromWho="3" sc="306,-5,194,-3,269,-3,211,31" /><INIT seed="5,0,0,3,5,107" ten="301,191,266,242" oya="1" hai0="59,61,54,7,116,89,78,92,79,4,81,134,101" hai1="47,16,109,66,75,37,111,31,121,96,9,64,45" hai2="108,128,38,80,0,55,106,40,13,117,135,112,84" hai3="35,70,26,42,23,74,14,24,133,94,113,120,114"/><U5/><E121/><V62/><F13/><W69/><G120/><T3/><D134/><U6/><E31/><V100/><F55/><W53/><G133/><T125/><D125/><U48/><E37/><V57/><F57/><W25/><G42/><T119/><D101/><U27/><E96/><V17/><F17/><W18/><G94/><T8/><D4/><N who="1" m="1643" /><E75/><V15/><F62/><W58/><G74/><T131/><D131/><U85/><E85/><V98/><F15/><W36/><G36/><T68/><D68/><U19/><E9/><V87/><F87/><W122/><G35/><T10/><D10/><U104/><E104/><V72/><F84/><W129/><G129/><T90/><D90/><U91/><E91/><V21/><F21/><W32/><G32/><T82/><D82/><U124/><E124/><V60/><F117/><W1/><G122/><T28/><D79/><U86/><E86/><V88/><F88/><W20/><G1/><T93/><D28/><U77/><E77/><V34/><F80/><W46/><G46/><N who="1" m="17418" /><E48/><V30/><F38/><W11/><G11/><T115/><D116/><U73/><E73/><V105/><F30/><W51/><G23/><T33/><D119/><U44/><N who="1" m="17426" /><U118/><DORA hai="130" /><E118/><V126/><F34/><W43/><G43/><T123/><D33/><U76/><E76/><V39/><F126/><W49/><G49/><T41/><D123/><U63/><E19/><V110/><F39/><W12/><G69/><T29/><D41/><U50/><E50/><V103/><F106/><W99/><G70/><T95/><D78/><RYUUKYOKU ba="0,0" sc="301,0,191,0,266,0,242,0" /><INIT seed="6,1,0,3,3,14" ten="301,191,266,242" oya="2" hai0="4,101,88,55,123,119,90,78,125,80,73,41,53" hai1="43,135,133,64,28,74,94,0,86,6,32,67,50" hai2="20,72,15,96,13,57,76,27,107,40,81,122,84" hai3="26,70,8,110,29,71,44,51,114,18,68,92,128"/><V65/><F122/><W9/><G110/><T98/><D123/><U31/><E74/><V36/><F36/><W52/><G128/><T131/><D131/><U112/><E43/><V126/><F40/><W35/><G114/><T99/><D41/><U61/><E50/><V25/><F25/><W111/><G111/><T106/><D125/><U95/><E86/><V1/><F1/><W54/><G92/><N who="1" m="35370" /><E61/><N who="2" m="38063" /><F72/><W129/><G129/><T105/><D4/><U124/><E6/><V103/><F107/><W38/><G38/><T66/><D66/><N who="1" m="25131" /><E0/><V130/><F130/><W2/><G2/><T11/><D11/><U49/><E49/><V91/><F103/><W75/><G75/><T42/><D42/><U23/><E23/><V45/><F126/><W109/><G109/><T63/><D119/><U100/><E124/><V37/><F37/><W39/><G39/><T127/><D127/><U87/><E87/><V118/><F118/><W121/><G54/><T60/><D55/><U34/><E100/><V115/><F15/><W89/><G89/><T59/><D60/><U102/><E102/><AGARI ba="1,0" hai="53,59,63,73,78,80,88,90,98,99,101,102,105,106" machi="102" ten="40,2600,0" yaku="9,1,54,1" doraHai="14" who="0" fromWho="1" sc="301,29,191,-29,266,0,242,0" /><INIT seed="7,0,0,5,3,128" ten="330,162,266,242" oya="3" hai0="109,20,7,38,87,52,5,127,24,88,23,90,32" hai1="107,81,76,68,111,93,119,134,89,82,37,21,41" hai2="124,10,80,96,50,39,106,46,17,102,86,15,123" hai3="26,44,133,49,42,100,45,40,34,29,1,77,30"/><W66/><G1/><T105/><D38/><U71/><E41/><V13/><F124/><W27/><G100/><T104/><D32/><U69/><E37/><V67/><F67/><W83/><G66/><T57/><D109/><U65/><E111/><V36/><F13/><W47/><G133/><T51/><D127/><U114/><E65/><V25/><F25/><W74/><REACH who="3" step="1"/><G40/><REACH who="3" ten="330,162,266,232" step="2"/><T35/><D104/><U72/><E119/><V6/><F123/><W79/><G79/><T108/><D105/><U0/><E0/><V110/><F110/><W117/><G117/><T121/><D121/><U56/><E107/><V70/><F70/><W131/><G131/><T135/><D135/><U14/><E114/><V12/><F12/><W59/><G59/><T116/><D108/><U85/><E56/><V113/><F113/><W48/><G48/><T78/><D116/><U43/><E43/><N who="2" m="24927" /><F17/><W101/><G101/><T98/><D78/><AGARI ba="0,1" hai="6,10,15,36,39,78,80,86,96,102,106" m="24927" machi="78" ten="30,1000,0" yaku="25,1" doraHai="128" who="2" fromWho="0" sc="330,-10,162,0,266,20,232,0" owari="320,42.0,162,-34.0,286,9.0,232,-17.0" /></mjloggm>