<mjloggm ver="2.3"><GO type="233" lobby="0"/><UN n0="%E3%81%8A%E7%9F%A5%E3%82%89%E3%81%9B" n1="%E3%82%A6%E3%83%AB%E3%83%88%E3%83%A9%E7%AB%8B%E7%9B%B4" n2="%E3%81%97%E3%82%85%E3%81%B0%E3%82%8B%E3%81%A4" n3="%E6%B4%BE%E9%81%A3%E3%81%AE%E3%82%B8%E3%83%A3%E3%83%83%E3%82%AF" dan="16,18,16,16" rate="2110.70,2170.41,2119.16,2166.81" sx="M,M,M,M"/><TAIKYOKU oya="0"/><INIT seed="0,0,0,1,3,27" ten="250,250,250,250" oya="0" hai0="58,36,45,106,44,14,105,49,20,73,89,124,54" hai1="8,26,42,102,29,13,94,69,134,64,50,127,28" hai2="37,101,93,40,51,12,53,21,56,86,63,2,96" hai3="112,24,115,61,109,128,133,130,39,70,22,62,99"/><T75/><D124/><U110/><E127/><V78/><F2/><W100/><G39/><T118/><D118/><U41/><E134/><V76/><F37/><W59/><G70/><T77/><D89/><U25/><E110/><V92/><F40/><N who="1" m="15465" /><E50/><V116/><F116/><W47/><G47/><T6/><D36/><U123/><E64/><V81/><F76/><W35/><G35/><T52/><D45/><U9/><E69/><V11/><F21/><W1/><G1/><T97/><D77/><U117/><E123/><V0/><F0/><W30/><G109/><T83/><D83/><U91/><E102/><V120/><F120/><W3/><G3/><T104/><D97/><N who="1" m="57567" /><E8/><V57/><F92/><N who="3" m="58471" /><G133/><T82/><D82/><U72/><E72/><V108/><F108/><W10/><G10/><T43/><D43/><U103/><E103/><V121/><F121/><W79/><G79/><T85/><D75/><U125/><E125/><V4/><REACH who="2" step="1"/><F63/><REACH who="2" ten="250,250,240,250" step="2"/><W80/><G61/><T32/><D20/><U17/><E117/><V87/><F87/><W55/><G80/><T74/><D85/><U46/><E46/><AGARI ba="0,1" hai="4,11,12,46,51,53,56,57,78,81,86,93,96,101" machi="46" ten="30,3900,0" yaku="1,1,7,1,8,1,53,0" doraHai="27" doraHaiUra="119" who="2" fromWho="1" sc="250,0,250,-39,240,49,250,0" /><INIT seed="1,0,0,2,5,125" ten="250,211,289,250" oya="1" hai0="10,42,85,104,50,107,92,60,115,6,2,110,4" hai1="108,41,80,53,131,127,73,100,46,52,0,67,39" hai2="126,31,7,28,44,9,26,5,120,76,36,33,99" hai3="134,121,66,40,72,65,25,21,43,57,135,74,14"/><U105/><E127/><V124/><F120/><W103/><G121/><T30/><D115/><U101/><E108/><V79/><F99/><W23/><G103/><T34/><D4/><U106/><E131/><V130/><F130/><W93/><G93/><T15/><D2/><U132/><E132/><V112/><F7/><W96/><G14/><T122/><D122/><U87/><E0/><N who="2" m="167" /><F79/><W63/><G96/><T89/><D110/><U78/><E67/><V77/><F77/><W13/><G13/><T68/><D30/><U55/><REACH who="1" step="1"/><E73/><REACH who="1" ten="250,201,289,250" step="2"/><V59/><F126/><W56/><G72/><T86/><D107/><AGARI ba="0,1" hai="39,41,46,52,53,55,78,80,87,100,101,105,106,107" machi="107" ten="40,7700,0" yaku="1,1,2,1,54,1,53,0" doraHai="125" doraHaiUra="91" who="1" fromWho="0" sc="250,-77,201,87,289,0,250,0" /><INIT seed="1,1,0,4,4,65" ten="173,288,289,250" oya="1" hai0="45,30,56,76,123,22,107,50,49,68,47,34,46" hai1="74,58,64,57,54,6,128,67,41,39,1,15,61" hai2="83,28,91,36,122,19,7,77,100,95,75,92,116" hai3="59,44,73,121,0,79,99,125,120,52,114,40,85"/><U43/><E1/><V117/><F36/><W119/><G114/><T62/><D107/><U17/><E6/><V10/><F122/><W38/><G0/><T13/><D34/><U31/><E74/><V86/><F19/><W118/><G73/><T35/><D35/><U88/><E31/><V48/><F28/><W98/><G125/><T25/><D123/><N who="3" m="47177" /><G85/><T60/><D76/><U63/><E128/><V37/><F37/><W101/><G101/><T124/><D124/><U131/><E131/><V21/><F21/><W93/><G93/><T66/><REACH who="0" step="1"/><D13/><REACH who="0" ten="163,288,289,250" step="2"/><U18/><E15/><V24/><F77/><W33/><G79/><T97/><D97/><U90/><E39/><V12/><F12/><W27/><G33/><T8/><D8/><U96/><E54/><AGARI ba="1,1" hai="22,25,30,45,46,47,49,50,54,56,60,62,66,68" machi="54" ten="40,2600,0" yaku="1,1,52,1,53,0" doraHai="65" doraHaiUra="127" who="0" fromWho="1" sc="163,39,288,-29,289,0,250,0" /><INIT seed="2,0,0,5,2,32" ten="202,259,289,250" oya="2" hai0="60,43,50,31,67,133,65,30,100,110,88,55,83" hai1="17,2,135,70,59,132,81,93,119,82,87,73,28" hai2="40,75,71,21,64,103,108,27,61,125,66,131,89" hai3="53,29,52,104,124,123,25,74,54,90,85,72,62"/><V58/><F125/><W77/><G123/><T121/><D121/><U47/><E70/><V19/><F131/><W4/><G104/><T6/><D110/><U107/><E107/><V9/><F108/><W3/><G77/><T91/><D133/><U10/><E28/><N who="0" m="10793" /><D100/><U101/><E119/><V7/><F103/><W41/><G41/><T44/><D6/><U76/><E59/><V33/><F33/><W99/><G99/><T92/><D83/><U105/><E47/><V97/><F40/><W69/><G124/><T51/><D60/><U63/><E63/><V42/><F42/><W18/><G18/><T106/><D106/><U0/><E105/><V22/><F75/><W112/><G112/><T35/><D35/><U111/><E111/><V122/><F122/><W12/><G12/><T95/><D95/><U117/><E117/><V56/><F22/><W68/><G62/><T48/><D48/><U49/><E49/><V126/><F126/><W96/><G96/><N who="0" m="57351" /><D91/><N who="1" m="53503" /><E82/><V37/><F66/><W79/><G79/><T113/><D113/><U78/><E78/><V116/><F116/><W134/><G134/><N who="1" m="51242" /><E101/><V8/><F71/><W129/><G69/><T102/><D102/><U115/><E115/><V24/><F64/><W46/><G68/><T130/><D130/><U84/><E73/><V13/><F89/><W86/><G46/><AGARI ba="0,0" hai="43,44,46,50,51,55,65,67" m="57351,10793" machi="46" ten="30,2000,0" yaku="8,1,54,1" doraHai="32" who="0" fromWho="3" sc="202,20,259,0,289,0,250,-20" /><INIT seed="3,0,0,5,5,58" ten="222,259,289,230" oya="3" hai0="121,108,29,9,106,72,78,74,10,134,28,100,15" hai1="1,109,65,12,120,131,38,42,115,13,70,37,35" hai2="129,26,76,71,0,86,36,8,87,123,27,89,33" hai3="94,45,90,19,93,16,14,84,77,73,56,110,122"/><W47/><G122/><T102/><D121/><U82/><E13/><V43/><F71/><W83/><G110/><T4/><D108/><U111/><E12/><V92/><F129/><W55/><G93/><T44/><D134/><U69/><E82/><V98/><F123/><W117/><G117/><T23/><D44/><U116/><E65/><V57/><F36/><W22/><REACH who="3" step="1"/><G19/><REACH who="3" ten="222,259,289,220" step="2"/><T75/><D106/><U79/><E111/><V64/><F92/><W67/><G67/><T2/><D29/><U7/><E120/><V54/><F64/><W95/><G95/><T30/><D30/><U53/><E116/><V81/><F81/><W41/><G41/><T3/><D28/><U99/><E42/><V48/><F43/><W24/><G24/><T130/><D130/><U17/><E131/><V101/><F27/><W132/><G132/><T80/><D80/><U50/><E17/><V119/><F26/><W25/><G25/><T103/><D4/><U32/><E7/><V34/><F119/><W88/><G88/><T112/><D112/><U6/><E115/><V96/><F89/><W114/><G114/><T60/><D102/><U125/><E6/><N who="2" m="1095" /><F101/><W113/><G113/><T104/><D100/><U40/><E40/><V118/><F118/><W127/><G127/><T63/><D103/><U49/><E125/><V62/><F34/><W135/><G135/><T68/><D104/><U21/><E109/><V59/><F33/><W91/><G91/><T51/><D78/><U11/><E35/><V105/><F105/><W20/><G20/><T85/><D23/><U133/><E21/><RYUUKYOKU ba="0,1" sc="222,-10,259,-10,289,-10,220,30" hai3="14,16,22,45,47,55,56,73,77,83,84,90,94" /><INIT seed="3,1,1,5,2,29" ten="212,249,279,250" oya="3" hai0="120,26,115,56,69,47,8,18,85,61,129,4,44" hai1="109,51,108,14,52,98,114,135,33,72,103,81,111" hai2="131,112,64,90,50,87,39,99,133,126,106,1,130" hai3="45,104,116,46,28,88,93,27,76,117,24,118,71"/><W60/><G104/><T128/><D69/><U58/><E114/><V134/><F39/><W83/><G60/><T102/><D120/><U89/><E14/><V75/><F1/><W67/><G67/><T21/><D102/><U68/><E68/><V110/><F112/><W37/><G71/><T96/><D96/><U95/><E135/><N who="2" m="51723" /><F64/><W16/><G16/><T3/><D85/><N who="1" m="50351" /><E72/><V105/><F75/><W97/><G37/><T63/><D63/><U113/><E113/><V59/><F110/><W132/><G132/><T22/><D115/><U15/><E15/><V62/><F50/><W57/><G57/><T94/><D94/><U86/><E86/><V66/><F126/><W79/><G27/><T73/><D73/><U100/><E100/><N who="2" m="62623" /><F106/><W17/><G79/><T121/><D121/><U119/><E119/><V0/><F0/><W48/><G48/><T5/><D3/><U124/><E124/><V70/><F70/><W23/><REACH who="3" step="1"/><G28/><REACH who="3" ten="212,249,279,240" step="2"/><T74/><D26/><U80/><E80/><AGARI ba="1,2" hai="59,62,66,80,87,90,130,131" m="62623,51723" machi="80" ten="30,1000,0" yaku="20,1" doraHai="29" who="2" fromWho="1" sc="212,0,249,-13,279,33,240,0" /><INIT seed="4,0,0,2,4,110" ten="212,236,312,240" oya="0" hai0="119,100,12,75,35,68,81,46,8,89,92,97,94" hai1="131,37,132,88,47,70,61,17,85,38,29,63,117" hai2="133,86,51,34,99,44,40,124,112,43,11,15,87" hai3="57,105,115,19,50,5,121,13,71,54,77,26,79"/><T93/><D119/><U28/><E117/><V27/><F124/><W103/><G71/><T42/><D35/><U62/><E70/><V126/><F133/><W56/><G121/><T23/><D68/><U32/><E132/><V114/><F126/><W127/><G127/><T76/><D23/><U65/><E65/><V39/><F99/><W41/><G41/><T102/><D102/><U30/><E131/><V128/><F128/><W84/><G5/><T78/><D78/><U116/><E116/><V74/><F74/><W90/><G26/><T18/><REACH who="0" step="1"/><D100/><REACH who="0" ten="202,236,312,240" step="2"/><U25/><E32/><V73/><F34/><W123/><G77/><T16/><D16/><U109/><E109/><V113/><F27/><W53/><G79/><T118/><D118/><U82/><E25/><V101/><F101/><W122/><G103/><T58/><D58/><U60/><E17/><N who="2" m="8447" /><F73/><W31/><G123/><T48/><AGARI ba="0,1" hai="8,12,18,42,46,48,75,76,81,89,92,93,94,97" machi="48" ten="20,3900,0" yaku="1,1,0,1,7,1,53,0" doraHai="110" doraHaiUra="52" who="0" fromWho="0" sc="202,49,236,-13,312,-13,240,-13" /><INIT seed="4,1,0,2,1,74" ten="251,223,299,227" oya="0" hai0="68,55,16,34,103,89,91,49,121,76,63,37,43" hai1="25,53,17,64,56,47,117,86,19,61,122,66,62" hai2="98,118,35,77,83,126,5,3,20,69,9,129,111" hai3="4,134,125,2,12,26,81,113,102,131,133,75,130"/><T108/><D121/><U96/><E122/><V97/><F69/><W127/><G2/><T124/><D34/><U85/><E117/><V112/><F111/><W15/><G113/><T54/><D103/><U70/><E96/><V52/><F35/><W13/><G102/><T59/><D108/><U119/><E119/><V132/><F118/><W0/><G26/><T92/><D124/><N who="3" m="47689" /><G81/><T27/><D37/><U21/><REACH who="1" step="1"/><E19/><REACH who="1" ten="251,213,299,227" step="2"/><V100/><F98/><W104/><G104/><T80/><D16/><U8/><E8/><V67/><F126/><W41/><G41/><T79/><D43/><U71/><E71/><V115/><F97/><W60/><G60/><T10/><D10/><U90/><E90/><V18/><F100/><W58/><G4/><T14/><D68/><U135/><E135/><V106/><F132/><W28/><G133/><T57/><D89/><U42/><E42/><V116/><F106/><W6/><G134/><T65/><D91/><U73/><E73/><V94/><F116/><W29/><G75/><T120/><D120/><U84/><E84/><V11/><F11/><N who="3" m="2503" /><G58/><T88/><D59/><U123/><E123/><V33/><F9/><W22/><G29/><T82/><D63/><U72/><E72/><V23/><F5/><W99/><G99/><T93/><D57/><U1/><E1/><V50/><F112/><W38/><G38/><T110/><D110/><U31/><E31/><V46/><F3/><W51/><G51/><AGARI ba="1,1" hai="17,21,25,47,51,53,56,61,62,64,66,70,85,86" machi="51" ten="40,1300,0" yaku="1,1,53,0" doraHai="74" doraHaiUra="109" who="1" fromWho="3" sc="251,0,213,26,299,0,227,-16" /><INIT seed="5,0,0,3,1,40" ten="251,239,299,211" oya="1" hai0="47,2,11,134,133,96,95,73,52,102,48,24,61" hai1="33,66,98,60,57,14,8,75,43,69,21,114,135" hai2="124,115,59,35,83,54,7,36,111,31,55,3,27" hai3="121,113,105,104,53,85,30,116,118,99,23,72,125"/><U5/><E33/><V79/><F111/><W91/><G72/><T77/><D24/><U122/><E122/><V44/><F124/><W41/><G121/><T12/><D2/><U109/><E109/><V128/><F128/><W89/><G113/><T110/><D110/><U65/><E114/><V63/><F115/><W18/><G30/><T49/><D61/><U51/><E135/><N who="0" m="51721" /><D48/><U50/><E75/><V131/><F131/><W86/><G41/><T62/><D62/><U70/><E70/><V94/><F94/><W45/><G125/><T58/><D73/><U76/><E69/><V4/><F3/><W117/><G99/><T101/><D77/><U0/><E76/><V107/><F107/><N who="3" m="41035" /><G85/><T56/><D101/><U15/><E66/><V19/><F19/><AGARI ba="0,0" hai="11,12,19,47,49,52,56,58,95,96,102" m="51721" machi="19" ten="30,3900,0" yaku="20,1,52,1,54,1" doraHai="40" who="0" fromWho="2" sc="251,39,239,0,299,-39,211,0" /><INIT seed="6,0,0,0,4,3" ten="290,239,260,211" oya="2" hai0="111,131,65,124,130,92,119,129,28,73,106,52,27" hai1="20,127,123,31,79,0,44,98,59,55,97,87,125" hai2="89,49,71,108,25,32,67,7,17,99,51,114,46" hai3="126,110,83,95,36,74,62,76,134,77,128,47,18"/><V109/><F114/><W72/><G110/><T81/><D106/><U29/><E44/><V48/><F46/><W41/><G126/><N who="1" m="48138" /><E0/><V40/><F40/><W75/><G134/><T6/><D124/><U135/><E135/><V80/><F7/><W10/><G128/><T2/><D111/><N who="2" m="42570" /><F67/><W84/><G62/><T45/><D65/><U5/><E5/><V91/><F71/><W50/><G36/><T58/><D45/><U70/><E70/><V103/><F80/><W57/><G57/><T9/><D119/><U16/><E123/><V38/><F38/><W26/><G95/><T132/><D92/><U1/><E1/><V30/><F17/><W100/><G100/><T82/><D132/><U115/><E115/><V12/><F12/><W107/><G107/><AGARI ba="0,0" hai="25,30,32,48,49,51,89,91,99,103,107" m="42570" machi="107" ten="30,1500,0" yaku="10,1" doraHai="3" who="2" fromWho="3" sc="290,0,239,0,260,15,211,-15" /><INIT seed="6,1,0,2,1,89" ten="290,239,275,196" oya="2" hai0="17,36,106,11,68,25,49,110,46,130,104,127,109" hai1="69,53,81,76,132,113,85,120,5,66,87,45,93" hai2="70,96,121,135,133,126,7,90,60,92,57,91,73" hai3="78,19,80,3,123,21,1,105,77,15,33,2,65"/><V115/><F121/><W131/><G123/><T98/><D68/><U99/><E120/><V4/><F70/><W54/><G33/><T9/><D36/><U125/><E125/><V100/><F126/><W95/><G105/><T56/><D56/><U64/><E132/><N who="2" m="50763" /><F73/><W128/><G65/><T129/><D127/><U55/><E113/><V0/><F115/><W52/><G77/><T47/><D25/><U122/><E122/><V26/><F26/><W108/><G108/><T116/><D98/><U42/><E5/><N who="2" m="2123" /><F0/><W117/><G117/><T23/><D116/><U28/><E28/><V31/><F31/><W88/><G80/><T38/><D38/><U24/><E24/><V62/><F62/><W111/><G78/><T18/><D49/><N who="1" m="26807" /><E69/><V83/><F83/><W124/><G124/><T67/><D67/><AGARI ba="1,0" hai="57,60,67,90,91,92,96,100" m="2123,50763" machi="67" ten="30,2900,0" yaku="20,1,52,1" doraHai="89" who="2" fromWho="0" sc="290,-32,239,0,275,32,196,0" /><INIT seed="6,2,0,5,4,37" ten="258,239,307,196" oya="2" hai0="14,71,5,43,129,45,97,17,105,44,94,134,116" hai1="125,113,32,42,28,16,123,6,51,30,104,29,9" hai2="31,62,39,35,85,112,47,95,109,117,133,67,66" hai3="114,36,92,118,15,58,103,127,115,12,2,70,83"/><V10/><F117/><W89/><G2/><T25/><D71/><U111/><E104/><V130/><F112/><N who="3" m="43051" /><G70/><T73/><D73/><U108/><E113/><V102/><F130/><W7/><G118/><T121/><D121/><U126/><E123/><V38/><F10/><N who="3" m="4191" /><G127/><N who="1" m="48650" /><E32/><V106/><F106/><W78/><G103/><T50/><D105/><U26/><E51/><V53/><F133/><W79/><G36/><T124/><D124/><U41/><E111/><V48/><F66/><W128/><G128/><T100/><D134/><U65/><E65/><V8/><F8/><W19/><G58/><T99/><D129/><U52/><E52/><V74/><F109/><W22/><G83/><T119/><D119/><U75/><E75/><V21/><F102/><W93/><G93/><T72/><D72/><U135/><E108/><V54/><F74/><W40/><G40/><T77/><D116/><U132/><E135/><V90/><F54/><W110/><G110/><T27/><D43/><U23/><E132/><V86/><F39/><W81/><G81/><T98/><D94/><U20/><E20/><V84/><F38/><W55/><G55/><T61/><D100/><U46/><E46/><V3/><F3/><AGARI ba="2,0" hai="3,6,9,16,23,26,28,29,30,41,42" m="48650" machi="3" ten="30,7700,0" yaku="18,1,52,2,54,1" doraHai="37" who="1" fromWho="2" sc="258,0,239,83,307,-83,196,0" /><INIT seed="7,0,0,1,1,30" ten="258,322,224,196" oya="3" hai0="45,37,1,2,14,38,83,78,92,119,110,4,56" hai1="54,29,28,131,96,134,69,47,95,86,115,71,74" hai2="48,15,19,5,59,113,100,90,121,32,3,22,93" hai3="91,26,130,33,75,44,31,117,11,79,112,73,129"/><W106/><G117/><T98/><D110/><U55/><E74/><N who="3" m="28170" /><G106/><T68/><D68/><U118/><E86/><V41/><F113/><W80/><G91/><T135/><D56/><U21/><E95/><V35/><F121/><W132/><G112/><T101/><D119/><U108/><E21/><V63/><F100/><W114/><G114/><T105/><D105/><U52/><E54/><V127/><F127/><W120/><G120/><T123/><D123/><U58/><E96/><N who="2" m="57399" /><F35/><W133/><G11/><T87/><D38/><U70/><E58/><V76/><F32/><W16/><G44/><T109/><D45/><U42/><E55/><N who="2" m="34303" /><F3/><W17/><G79/><T6/><D1/><U23/><E23/><V9/><F76/><W49/><G49/><T51/><D2/><U66/><E66/><V104/><F104/><W102/><G102/><T8/><D37/><U62/><E62/><V126/><F126/><W24/><G80/><T88/><D51/><U103/><E47/><N who="2" m="25711" /><F22/><N who="3" m="13383" /><G17/><AGARI ba="0,0" hai="5,9,15,17,19" m="25711,34303,57399" machi="17" ten="30,1000,0" yaku="8,1" doraHai="30" who="2" fromWho="3" sc="258,0,322,0,224,10,196,-10" owari="258,6.0,322,42.0,234,-17.0,186,-31.0" /></mjloggm>