<mjloggm ver="2.3"><GO type="169" lobby="0"/><UN n0="%E6%A1%9C%E4%BA%95%E3%81%95%E3%82%93" n1="%E3%83%80%E3%83%9C" n2="%74%61%6E%69%6D%6F%40" n3="%E3%82%A6%E3%83%AB%E3%83%88%E3%83%A9%E7%AB%8B%E7%9B%B4" dan="17,16,16,17" rate="2190.29,2113.97,2083.24,2218.61" sx="M,M,M,M"/><TAIKYOKU oya="0"/><INIT seed="0,0,0,3,3,86" ten="250,250,250,250" oya="0" hai0="35,12,46,58,17,117,93,21,128,87,22,74,28" hai1="64,102,100,42,76,4,73,132,43,84,115,0,45" hai2="50,96,49,72,2,36,119,11,122,81,15,123,103" hai3="129,44,27,94,7,25,33,78,6,108,59,114,5"/><T9/><D117/><U55/><E132/><V30/><F2/><W23/><G114/><T121/><D121/><U133/><E133/><V75/><F36/><W98/><G108/><T109/><D74/><U53/><E64/><V131/><F30/><W82/><G129/><T127/><D128/><U62/><E115/><V85/><F119/><W104/><G104/><T71/><D71/><U32/><E32/><V38/><F38/><W118/><G118/><T112/><D112/><U124/><E73/><V89/><F131/><W54/><G44/><T41/><D109/><U8/><E43/><V110/><F110/><W125/><G33/><T106/><D106/><U134/><E134/><V52/><F50/><W126/><G27/><T65/><D127/><U68/><E124/><V39/><F39/><W91/><G82/><T92/><D35/><U63/><E62/><V19/><F123/><W130/><G78/><T48/><D28/><U40/><E42/><V111/><F111/><W83/><G83/><T99/><D87/><U26/><E40/><V105/><REACH who="2" step="1"/><F122/><REACH who="2" ten="250,250,240,250" step="2"/><W20/><G130/><T57/><D48/><U13/><E0/><V14/><F14/><W88/><G126/><T47/><D12/><U95/><E13/><V116/><F116/><W120/><G125/><T69/><D9/><U113/><E8/><V80/><F80/><W51/><G120/><T18/><D21/><N who="3" m="8265" /><G25/><T101/><D22/><U135/><E135/><V97/><F97/><W29/><G29/><T61/><D99/><U56/><E26/><V107/><F107/><W70/><G98/><T77/><D93/><RYUUKYOKU ba="0,1" sc="250,-10,250,-10,240,30,250,-10" hai2="11,15,19,49,52,72,75,81,85,89,96,103,105" /><INIT seed="1,1,1,1,3,123" ten="240,240,270,240" oya="1" hai0="92,16,50,40,56,49,80,52,10,100,38,3,116" hai1="109,93,125,128,107,11,86,90,95,1,112,43,14" hai2="0,106,83,78,17,94,97,30,104,134,131,69,45" hai3="70,133,115,96,39,23,22,57,113,28,122,88,68"/><U119/><E1/><V103/><F69/><W130/><G39/><T64/><D116/><U81/><E119/><V41/><F0/><W24/><G122/><T42/><D38/><U114/><E43/><V7/><F7/><W66/><G130/><T62/><D49/><U25/><E25/><V129/><F17/><W4/><G133/><T8/><D3/><U9/><E107/><N who="2" m="41003" /><F30/><W36/><G36/><T73/><D73/><U110/><E128/><N who="2" m="49227" /><F45/><W2/><G4/><T117/><D80/><U13/><E125/><V124/><F41/><W33/><G68/><T120/><D120/><U61/><E61/><V18/><F18/><W98/><G70/><T87/><D8/><U75/><E75/><N who="2" m="43487" /><F134/><W15/><G28/><T55/><D117/><U63/><E63/><V47/><F47/><W71/><G71/><T27/><D64/><U99/><E14/><V111/><F111/><N who="1" m="42505" /><E11/><V135/><F135/><W5/><G15/><N who="0" m="7287" /><D27/><U76/><E95/><V108/><F108/><W101/><G24/><T35/><D35/><U132/><E132/><V26/><F26/><W72/><G33/><T121/><D121/><U67/><E67/><V44/><F44/><W118/><G66/><T46/><D40/><U58/><E58/><V79/><F124/><W91/><G57/><T12/><D42/><U54/><E54/><V51/><F51/><W74/><G2/><T32/><D32/><U127/><E127/><V34/><F34/><W6/><G118/><T102/><D12/><U29/><E29/><V89/><F94/><W37/><G37/><T60/><D62/><U105/><E105/><RYUUKYOKU ba="1,1" sc="240,10,240,10,270,-30,240,10" hai0="46,50,52,55,56,60,87,92,100,102" hai1="9,13,76,81,86,90,93,99,112,114" hai3="5,6,22,23,72,74,88,91,96,98,101,113,115" /><INIT seed="1,2,1,0,2,112" ten="250,250,240,250" oya="1" hai0="108,100,89,118,114,11,4,15,119,92,128,44,76" hai1="73,34,2,32,3,49,38,0,25,77,19,129,36" hai2="30,121,80,18,48,68,83,22,62,41,43,106,52" hai3="51,135,67,53,45,35,85,57,115,14,81,94,84"/><U110/><E49/><V133/><F106/><W126/><G35/><T72/><D114/><U1/><N who="1" m="0" /><DORA hai="61" /><U91/><E129/><V31/><F133/><W134/><G115/><T131/><D108/><U97/><E110/><V98/><F98/><W28/><G28/><N who="2" m="10793" /><F62/><W117/><G126/><T104/><D100/><U123/><E123/><V10/><F10/><W39/><G117/><N who="0" m="44555" /><D104/><U65/><E65/><V60/><F60/><W16/><G94/><T6/><D44/><U101/><E91/><V17/><F68/><W63/><G39/><T93/><D4/><U99/><E99/><V59/><F121/><W90/><REACH who="3" step="1"/><G85/><REACH who="3" ten="250,250,240,240" step="2"/><N who="0" m="52271" /><D93/><U105/><E38/><V42/><F17/><W12/><G12/><AGARI ba="2,2" hai="12,18,22,41,42,43,48,52,59,80,83" m="10793" machi="12" ten="30,2000,0" yaku="8,1,54,1" doraHai="112,61" who="2" fromWho="3" sc="250,0,250,0,240,46,240,-26" /><INIT seed="2,0,0,2,0,15" ten="250,250,286,214" oya="2" hai0="104,28,38,85,72,81,44,63,9,99,2,67,88" hai1="31,78,19,105,68,18,97,116,53,56,108,3,42" hai2="89,87,4,94,95,101,90,127,43,16,121,51,34" hai3="102,115,113,119,52,80,114,40,109,35,98,32,20"/><V39/><F121/><W60/><G119/><T7/><D72/><U71/><E3/><V37/><F34/><W29/><G40/><T103/><D28/><U49/><E116/><V106/><F4/><W107/><G80/><T41/><D63/><U125/><E31/><V62/><F127/><W24/><REACH who="3" step="1"/><G109/><REACH who="3" ten="250,250,286,204" step="2"/><T93/><REACH who="0" step="1"/><D67/><REACH who="0" ten="240,250,286,204" step="2"/><U96/><E108/><V36/><F36/><W54/><G54/><T134/><D134/><U100/><E42/><V65/><F39/><W117/><G117/><T14/><D14/><U118/><E118/><V124/><F37/><W0/><G0/><T26/><D26/><U27/><E27/><V82/><F43/><W66/><G66/><T128/><D128/><U48/><E125/><V75/><F65/><W130/><G130/><T83/><AGARI ba="0,2" hai="2,7,9,38,41,44,81,83,85,88,93,99,103,104" machi="83" ten="30,8000,1" yaku="1,1,0,1,54,1,53,2" doraHai="15" doraHaiUra="79" who="0" fromWho="0" sc="240,100,250,-20,286,-40,204,-20" /><INIT seed="3,0,0,2,5,38" ten="340,230,246,184" oya="3" hai0="28,13,14,37,17,59,60,69,16,7,104,61,48" hai1="32,70,122,96,4,75,106,26,54,132,107,53,15" hai2="47,57,127,78,105,42,86,50,79,126,101,133,24" hai3="102,58,118,130,34,80,129,3,73,12,63,110,30"/><W121/><G3/><T74/><D37/><U128/><E70/><V84/><F133/><W109/><G121/><T40/><D104/><U1/><E75/><V119/><F119/><W81/><G118/><T23/><D74/><U125/><E1/><V2/><F2/><W123/><G123/><T20/><D69/><U135/><E122/><V43/><F101/><W51/><G102/><T9/><D28/><N who="1" m="19479" /><E125/><N who="2" m="47627" /><F105/><N who="1" m="39945" /><E96/><V91/><F42/><W62/><G30/><T8/><D7/><U29/><E29/><V85/><F24/><W115/><G34/><T94/><D94/><U108/><E108/><N who="3" m="41578" /><G115/><T131/><D131/><N who="3" m="50185" /><G12/><T76/><D13/><U93/><E128/><V87/><F57/><W98/><G98/><T55/><D14/><U49/><E15/><V19/><F19/><W52/><G73/><T31/><D31/><U120/><E120/><V113/><F113/><W112/><G112/><T117/><D117/><U124/><E4/><V6/><F6/><W0/><G0/><T99/><D99/><U21/><E124/><V88/><F91/><W111/><N who="3" m="41586" /><W45/><DORA hai="92" /><G63/><T114/><D61/><U65/><E135/><V66/><F79/><W25/><G25/><T67/><D76/><U116/><E116/><V41/><F78/><W10/><G10/><N who="0" m="4203" /><D114/><U22/><E132/><V36/><F85/><W33/><G33/><T18/><D20/><U72/><E22/><V64/><F88/><W100/><G100/><T46/><D23/><U11/><E21/><V103/><F103/><W95/><G95/><T56/><D18/><U90/><E72/><V83/><F83/><RYUUKYOKU ba="0,0" sc="340,10,230,-30,246,10,184,10" hai0="16,17,40,46,48,55,56,59,60,67" hai2="36,41,43,47,50,64,66,84,86,87" hai3="45,51,52,58,62,80,81" /><INIT seed="3,1,0,2,5,54" ten="350,200,256,194" oya="3" hai0="95,13,1,62,111,65,68,119,89,10,51,63,96" hai1="23,71,94,70,105,122,12,124,67,80,66,132,126" hai2="78,14,47,21,100,69,22,109,40,87,33,38,77" hai3="59,3,128,81,8,90,24,30,35,48,99,55,19"/><W79/><G128/><T0/><D119/><U134/><E94/><V61/><F33/><W29/><G29/><T82/><D111/><U118/><E80/><V41/><F41/><W133/><G133/><N who="1" m="51306" /><E105/><V42/><F42/><W2/><G90/><T11/><D11/><U58/><E118/><V129/><F129/><W84/><REACH who="3" step="1"/><G99/><REACH who="3" ten="350,200,256,184" step="2"/><T125/><D96/><U98/><E98/><V34/><F78/><W15/><AGARI ba="1,1" hai="2,3,8,15,19,24,30,35,48,55,59,79,81,84" machi="15" ten="30,11700,0" yaku="1,1,2,1,0,1,52,1,53,0" doraHai="54" doraHaiUra="60" who="3" fromWho="3" sc="350,-40,200,-40,256,-40,184,130" /><INIT seed="3,2,0,5,3,68" ten="310,160,216,314" oya="3" hai0="60,41,63,42,22,99,13,64,90,1,10,19,77" hai1="53,128,49,78,104,28,32,58,70,114,50,102,69" hai2="36,129,85,94,65,110,0,34,135,106,87,74,25" hai3="71,4,92,45,100,120,111,91,5,127,59,98,132"/><W39/><G71/><T61/><D64/><U54/><E114/><V121/><RYUUKYOKU type="yao9" ba="2,0" sc="310,0,160,0,216,0,314,0" hai2="0,25,34,36,65,74,85,87,94,106,110,121,129,135" /><INIT seed="3,3,0,1,2,64" ten="310,160,216,314" oya="3" hai0="35,116,12,62,111,60,78,15,37,59,110,102,97" hai1="71,56,41,119,2,72,94,7,135,17,99,106,51" hai2="85,129,93,47,83,20,38,77,21,81,14,19,126" hai3="75,114,88,22,84,28,104,124,13,26,131,5,68"/><W45/><G75/><T134/><D116/><U16/><E106/><V53/><F129/><W76/><G114/><T95/><D35/><U65/><E72/><V9/><F126/><W40/><G104/><T27/><D37/><U50/><E119/><V125/><F125/><W57/><G124/><T98/><D134/><U10/><E135/><V23/><F93/><W130/><G76/><T66/><D78/><U120/><E120/><V103/><F103/><W11/><G57/><T121/><D121/><U31/><E31/><V39/><F83/><W69/><G131/><T1/><D1/><U0/><E0/><V44/><F44/><W87/><G130/><T43/><D43/><U34/><E34/><V52/><F53/><W48/><G84/><T30/><D98/><U113/><E113/><V49/><AGARI ba="3,0" hai="9,14,19,20,21,23,38,39,47,49,52,77,81,85" machi="49" ten="30,2000,0" yaku="0,1,54,1" doraHai="64" who="2" fromWho="2" sc="310,-8,160,-8,216,29,314,-13" /><INIT seed="4,0,0,2,0,65" ten="302,152,245,301" oya="0" hai0="42,85,5,51,46,13,41,133,39,93,74,98,97" hai1="115,29,89,49,25,15,124,6,105,58,7,83,16" hai2="128,63,60,96,87,77,22,48,50,127,122,52,21" hai3="9,126,80,92,43,113,135,53,37,12,130,88,125"/><T84/><D74/><U121/><E105/><V111/><F122/><W4/><G113/><T28/><D133/><U2/><E121/><V81/><F111/><W91/><G135/><T95/><D28/><U75/><E2/><V120/><F120/><W45/><G130/><T20/><D39/><U134/><E134/><V72/><F127/><N who="3" m="48651" /><G53/><T100/><D41/><U76/><E124/><V57/><F128/><W132/><G132/><T33/><D33/><U108/><E108/><V44/><F96/><N who="3" m="57351" /><G91/><T10/><REACH who="0" step="1"/><D20/><REACH who="0" ten="292,152,245,301" step="2"/><N who="2" m="7786" /><F72/><W117/><G80/><T34/><D34/><U64/><E115/><V59/><F59/><W79/><G79/><T55/><D55/><AGARI ba="0,1" hai="44,48,50,52,55,57,60,63,77,81,87" m="7786" machi="55" ten="30,2000,0" yaku="8,1,54,1" doraHai="65" who="2" fromWho="0" sc="292,-20,152,0,245,30,301,0" /><INIT seed="5,0,0,4,3,128" ten="272,152,275,301" oya="1" hai0="7,43,48,135,20,26,76,28,55,110,90,30,1" hai1="122,94,50,12,51,126,21,106,123,34,37,32,40" hai2="91,101,24,11,31,15,109,62,83,67,61,119,66" hai3="47,95,19,59,8,13,111,64,71,44,52,80,3"/><U0/><E106/><V88/><F109/><W92/><G111/><T107/><D110/><U58/><E0/><V22/><F101/><W104/><G104/><T33/><D107/><U125/><E94/><V16/><F119/><W121/><G121/><T127/><D43/><U114/><E12/><V9/><F9/><W86/><G3/><T35/><D76/><U85/><E85/><N who="2" m="50239" /><F91/><N who="3" m="51655" /><G71/><T73/><D73/><U116/><E21/><V103/><F103/><W93/><G64/><AGARI ba="0,0" hai="11,15,16,22,24,31,61,62,64,66,67" m="50239" machi="64" ten="30,3900,0" yaku="8,1,54,2" doraHai="128" who="2" fromWho="3" sc="272,0,152,0,275,39,301,-39" /><INIT seed="6,0,0,2,2,80" ten="272,152,314,262" oya="2" hai0="31,70,127,22,62,74,20,94,97,81,105,37,104" hai1="52,12,5,84,135,108,7,128,23,9,41,27,90" hai2="130,75,115,66,78,55,112,15,0,121,117,134,125" hai3="73,122,85,61,34,30,48,103,131,116,50,25,133"/><V123/><F0/><W44/><G73/><T6/><D37/><U39/><E128/><V40/><F40/><W38/><G122/><T79/><D127/><U49/><E135/><V64/><F75/><W77/><G116/><T124/><D124/><U82/><E108/><V132/><F78/><W53/><G131/><T63/><D6/><U57/><E39/><V110/><F15/><W21/><G133/><N who="2" m="51305" /><F130/><W11/><G34/><T120/><D120/><N who="2" m="46154" /><F125/><W36/><G103/><T119/><D119/><U2/><E41/><V92/><F92/><W65/><G50/><T102/><D105/><U86/><E84/><V100/><F100/><W67/><G11/><T26/><D70/><U91/><E2/><V76/><F76/><W95/><G65/><N who="2" m="25193" /><F117/><W17/><G38/><T51/><D104/><U8/><E91/><V99/><F99/><W114/><G36/><T129/><D129/><U43/><E43/><V45/><F110/><W13/><G13/><T18/><D18/><U98/><E98/><V54/><F45/><W58/><G17/><T24/><D24/><U46/><E9/><V109/><F109/><W113/><G77/><T69/><D69/><U72/><E72/><V106/><F106/><W47/><G47/><T118/><D118/><U4/><E46/><V68/><F68/><W56/><G44/><T33/><D74/><U107/><E107/><V14/><F14/><W19/><G19/><AGARI ba="0,0" hai="4,5,7,8,12,19,23,27,49,52,57,82,86,90" machi="19" ten="30,7700,0" yaku="7,1,8,1,52,1,54,1" doraHai="80" who="1" fromWho="3" sc="272,0,152,77,314,0,262,-77" /><INIT seed="7,0,0,1,2,28" ten="272,229,314,185" oya="3" hai0="110,131,49,89,15,56,73,44,14,134,75,23,74" hai1="52,76,26,19,115,10,111,85,94,50,119,113,53" hai2="21,106,126,79,12,99,67,96,29,120,97,90,22" hai3="130,17,102,41,125,48,37,81,4,72,54,104,98"/><W88/><G125/><T87/><D110/><U132/><E111/><V51/><F106/><W46/><G130/><T66/><D131/><U133/><E119/><V128/><F128/><W95/><G4/><T80/><D134/><N who="1" m="51819" /><E26/><N who="2" m="16591" /><F126/><W3/><G3/><T34/><D34/><U33/><E33/><V103/><F79/><W62/><G17/><T84/><D23/><U1/><E1/><V47/><F103/><W32/><G32/><T57/><D87/><U135/><N who="1" m="51827" /><U127/><DORA hai="122" /><E127/><V30/><F67/><W109/><G109/><T59/><REACH who="0" step="1"/><D66/><REACH who="0" ten="262,229,314,185" step="2"/><U82/><E85/><V39/><F120/><W18/><G18/><T100/><D100/><U9/><E19/><N who="2" m="10599" /><F30/><W121/><G121/><T58/><N who="0" m="14336" /><DORA hai="83" /><T8/><D8/><U65/><E10/><V0/><F0/><W27/><G27/><T129/><D129/><U43/><E9/><V105/><F105/><W71/><G104/><T24/><D24/><U63/><E65/><V2/><F2/><W108/><G108/><T61/><D61/><U123/><E63/><V13/><F13/><W36/><G71/><T25/><D25/><U64/><E64/><V55/><F99/><W77/><G102/><T31/><D31/><U20/><E20/><V114/><F97/><W38/><REACH who="3" step="1"/><G62/><REACH who="3" ten="262,229,314,175" step="2"/><T93/><D93/><U112/><E94/><V118/><F118/><W101/><G101/><T92/><D92/><U78/><E123/><V6/><F6/><W86/><G86/><T11/><D11/><U35/><E35/><V5/><F5/><W69/><G69/><T16/><D16/><U60/><E60/><RYUUKYOKU ba="0,2" sc="262,15,229,-15,314,-15,175,15" hai0="14,15,44,49,73,74,75,80,84,89" hai3="36,37,38,41,46,48,54,72,77,81,88,95,98" /><INIT seed="7,1,2,4,5,124" ten="277,214,299,190" oya="3" hai0="80,62,14,9,77,88,12,82,129,108,39,17,113" hai1="38,105,42,0,10,110,95,54,92,45,66,123,30" hai2="21,94,112,122,61,56,1,20,83,107,26,134,32" hai3="59,36,90,35,63,31,106,64,40,101,48,111,52"/><W78/><G111/><T74/><D108/><U120/><E110/><V117/><F107/><W75/><G75/><T8/><D39/><U46/><E105/><V93/><F117/><W68/><G78/><T6/><D129/><U29/><E66/><V79/><F1/><W87/><G101/><T47/><D113/><U19/><E0/><V16/><F134/><W44/><G106/><T49/><D62/><U130/><E10/><V50/><F32/><W7/><G7/><T4/><D17/><U34/><E19/><N who="2" m="12607" /><F112/><W114/><G114/><T115/><D115/><U100/><E100/><V99/><F50/><W60/><G31/><T51/><D47/><U43/><E54/><N who="2" m="33943" /><F99/><W58/><G35/><T132/><D132/><U69/><E34/><V102/><F102/><W126/><G126/><T53/><D53/><U70/><E38/><V11/><F11/><W23/><G23/><T89/><D77/><U91/><E91/><V103/><F103/><W67/><G90/><T5/><D5/><U27/><E27/><N who="2" m="14727" /><F122/><W133/><G133/><T109/><D109/><U125/><E125/><V28/><F28/><W2/><G2/><T119/><D74/><U72/><E72/><V3/><F3/><W33/><G33/><T65/><D119/><U86/><E86/><AGARI ba="1,2" hai="79,83,86,93,94" m="14727,33943,12607" machi="86" ten="30,2000,0" yaku="8,1,54,1" doraHai="124" who="2" fromWho="1" sc="277,0,214,-23,299,43,190,0" /><AGARI ba="1,0" hai="36,40,44,48,52,58,59,60,63,64,67,68,86,87" machi="86" ten="40,7700,0" yaku="24,2,54,1" doraHai="124" who="3" fromWho="1" sc="277,0,191,-77,342,0,190,77" /><INIT seed="7,2,0,4,2,47" ten="277,114,342,267" oya="3" hai0="120,76,134,125,86,70,1,35,3,33,124,106,21" hai1="79,88,84,26,71,127,104,37,6,36,17,69,105" hai2="122,29,30,130,117,133,2,82,14,74,32,135,52" hai3="5,12,23,112,18,91,68,42,85,89,9,49,58"/><W25/><G68/><T63/><D106/><U65/><E6/><V98/><F2/><N who="0" m="522" /><D76/><U61/><E79/><N who="2" m="44407" /><F117/><W96/><G112/><T111/><D86/><U11/><E127/><N who="0" m="48713" /><D63/><U28/><E71/><V55/><F130/><W126/><G126/><T4/><D70/><U97/><E105/><V77/><F77/><W131/><G131/><T38/><D38/><U57/><E17/><V43/><F43/><W24/><G96/><T8/><D111/><U100/><E11/><V20/><F122/><W44/><G58/><T46/><D46/><U119/><E57/><V101/><F32/><N who="0" m="12362" /><D21/><U66/><E66/><V45/><F98/><W78/><G25/><T113/><D120/><U54/><E54/><N who="2" m="20523" /><F45/><W115/><G115/><T103/><D103/><U129/><E119/><V59/><F101/><W53/><G53/><T114/><D134/><N who="2" m="51210" /><F59/><W27/><G27/><T13/><AGARI ba="2,0" hai="4,8,13,113,114" m="12362,48713,522" machi="13" ten="40,5200,0" yaku="18,1,34,2" doraHai="47" who="0" fromWho="0" sc="277,58,114,-15,342,-15,267,-28" owari="335,43.0,99,-40.0,327,13.0,239,-16.0" /></mjloggm>