<mjloggm ver="2.3"><GO type="169" lobby="0"/><UN n0="%72%61%67%61%2D%6D" n1="%70%70%67%75%6E" n2="%E5%B0%8F%E6%89%8B%E8%BF%94%E6%92%B2%E6%BB%85%E4%BC%9A%E9%95%B7" n3="%E5%B0%B1%E6%B4%BB%E7%94%9F%40%E5%B7%9D%E6%9D%91%E8%BB%8D%E5%9B%A3" dan="16,16,16,18" rate="2106.93,2123.98,2077.03,2261.87" sx="M,M,F,M"/><TAIKYOKU oya="0"/><INIT seed="0,0,0,4,0,13" ten="250,250,250,250" oya="0" hai0="55,96,82,80,5,107,95,7,120,54,41,98,51" hai1="14,49,63,50,59,93,102,112,26,64,76,71,6" hai2="135,111,46,8,113,15,89,39,72,31,61,42,65" hai3="47,36,32,84,99,9,3,104,25,130,115,38,28"/><T124/><D120/><U24/><E112/><V62/><F72/><W91/><G115/><T110/><D124/><U100/><E71/><V83/><F113/><W92/><G130/><T121/><D121/><U123/><E123/><V119/><F119/><W56/><G47/><T1/><D107/><U78/><E93/><V27/><F135/><W22/><G32/><T128/><D128/><U23/><E6/><V40/><F111/><W94/><G104/><T68/><D68/><U2/><E2/><V34/><F42/><W97/><G84/><T33/><D33/><U101/><E14/><V70/><F62/><W85/><G85/><T52/><D110/><U79/><REACH who="1" step="1"/><E24/><REACH who="1" ten="250,240,250,250" step="2"/><V106/><F106/><W103/><G3/><T48/><D1/><U90/><E90/><V35/><F89/><W11/><G11/><T73/><D95/><U53/><E53/><V58/><F83/><W17/><G9/><T81/><D73/><U75/><E75/><V16/><F70/><W10/><G10/><T29/><D41/><U117/><E117/><V131/><F131/><W18/><REACH who="3" step="1"/><G56/><REACH who="3" ten="250,240,250,240" step="2"/><N who="0" m="32775" /><D81/><U4/><E4/><V105/><F105/><W69/><G69/><T86/><D80/><U122/><E122/><V127/><F127/><W44/><G44/><T114/><D114/><U60/><E60/><V129/><F129/><W66/><G66/><T45/><D5/><U19/><AGARI ba="0,2" hai="19,23,26,49,50,59,63,64,76,78,79,100,101,102" machi="19" ten="30,7900,0" yaku="1,1,0,1,8,1,52,1,53,0" doraHai="13" doraHaiUra="118" who="1" fromWho="1" sc="250,-39,240,99,250,-20,240,-20" /><INIT seed="1,0,0,0,4,3" ten="211,339,230,220" oya="1" hai0="101,41,74,96,0,125,18,121,12,21,45,92,104" hai1="109,76,77,16,116,8,56,88,36,87,53,7,9" hai2="37,61,103,81,98,10,75,67,17,118,31,133,30" hai3="32,52,99,95,119,113,38,115,48,90,127,55,51"/><U134/><E116/><V47/><F133/><W64/><G38/><T65/><D121/><U66/><E36/><V102/><F118/><W46/><G32/><T83/><D125/><U34/><E34/><V112/><F112/><W33/><G33/><T79/><D65/><U62/><E134/><V15/><F75/><W122/><G122/><T27/><D0/><U107/><E107/><V19/><F81/><W91/><G127/><T69/><D69/><U105/><E105/><V128/><F128/><W132/><G132/><T13/><REACH who="0" step="1"/><D104/><REACH who="0" ten="201,339,230,220" step="2"/><U2/><E66/><V126/><F126/><W73/><G119/><T86/><D86/><U44/><E109/><V6/><F98/><W26/><G73/><T22/><D22/><U100/><E100/><V84/><F84/><W58/><G64/><T110/><D110/><U54/><E53/><V80/><F103/><W97/><G26/><T114/><D114/><U106/><E106/><V93/><F102/><W14/><G14/><T28/><D28/><U123/><E123/><V25/><F30/><W124/><G124/><T71/><D71/><U59/><E2/><V111/><F111/><W57/><G46/><T43/><D43/><U50/><E44/><V4/><F31/><W89/><REACH who="3" step="1"/><G97/><REACH who="3" ten="201,339,230,210" step="2"/><T42/><D42/><U130/><E56/><V1/><F47/><W117/><G117/><T29/><D29/><U63/><E59/><V60/><F67/><W5/><G5/><T70/><D70/><U40/><E7/><V11/><F6/><W78/><G78/><T94/><D94/><U135/><E76/><V20/><F4/><RYUUKYOKU ba="0,2" sc="201,15,339,-15,230,-15,210,15" hai0="12,13,18,21,27,41,45,74,79,83,92,96,101" hai3="48,51,52,55,57,58,89,90,91,95,99,113,115" /><INIT seed="2,1,2,4,1,134" ten="216,324,215,225" oya="2" hai0="28,72,29,53,114,133,2,32,3,46,127,4,117" hai1="68,119,56,83,18,80,84,126,87,48,26,128,61" hai2="11,88,124,79,121,116,24,131,108,98,23,95,91" hai3="55,120,16,102,75,5,99,27,103,132,59,104,38"/><V45/><F116/><W34/><G120/><T63/><D133/><U93/><E119/><V62/><F121/><W47/><G132/><T44/><D117/><U94/><E68/><V41/><F131/><W82/><G5/><T66/><D72/><U14/><E126/><V129/><F124/><W6/><G6/><T112/><D127/><U113/><E113/><V19/><F129/><W106/><G38/><T15/><D114/><U35/><E26/><V125/><F108/><W74/><G47/><T30/><D32/><U89/><E48/><V111/><F111/><W43/><G43/><T36/><D36/><U12/><E35/><V122/><F122/><W81/><G34/><T10/><D112/><U85/><E84/><V92/><F79/><W123/><G123/><T90/><D90/><N who="1" m="51495" /><E128/><V105/><F105/><W130/><G130/><T86/><D86/><U100/><E100/><V52/><F125/><W17/><G27/><T0/><REACH who="0" step="1"/><D53/><REACH who="0" ten="206,324,215,225" step="2"/><U21/><E89/><V97/><F11/><W78/><G55/><T135/><D135/><U73/><E87/><V7/><F41/><W57/><G78/><T37/><D37/><U33/><E33/><V39/><F39/><W58/><G75/><T13/><D13/><U20/><E73/><V77/><F77/><W96/><G74/><T51/><D51/><U42/><E42/><V110/><F110/><W8/><G8/><T25/><D25/><U22/><E83/><AGARI ba="1,3" hai="16,17,57,58,59,81,82,83,96,99,102,103,104,106" machi="83" ten="40,2600,0" yaku="9,1,54,1" doraHai="134" who="3" fromWho="1" sc="206,0,324,-29,215,0,225,59" /><INIT seed="3,0,0,4,4,12" ten="206,295,215,284" oya="3" hai0="8,110,86,82,72,3,90,92,117,53,133,130,15" hai1="70,98,6,127,135,26,46,131,99,7,55,16,31" hai2="76,114,51,71,13,1,41,9,19,120,129,87,25" hai3="47,11,32,122,20,126,62,134,69,116,57,37,77"/><W54/><G32/><T68/><D117/><U39/><E70/><V45/><F114/><W124/><G77/><T40/><D110/><U0/><E0/><V89/><F71/><W109/><G11/><T23/><D133/><U112/><E112/><V79/><F120/><W113/><G113/><T35/><D35/><U52/><E39/><V67/><F67/><N who="3" m="41207" /><G20/><T121/><D68/><U115/><E115/><V96/><F129/><W29/><G29/><T91/><D130/><U49/><E135/><V102/><F1/><W75/><G75/><T44/><D53/><U61/><E127/><N who="3" m="48682" /><G134/><T64/><D64/><U119/><E131/><V56/><F56/><W27/><G27/><T66/><D66/><U83/><E83/><V111/><F111/><W34/><G34/><T58/><D58/><N who="1" m="35015" /><E31/><V38/><F25/><W2/><G2/><T132/><D132/><U84/><E84/><V107/><REACH who="2" step="1"/><F38/><REACH who="2" ten="206,295,205,284" step="2"/><W4/><G122/><T125/><D125/><U5/><E119/><V42/><F42/><N who="3" m="22991" /><G109/><T95/><D3/><U105/><E105/><V36/><F36/><W33/><G33/><T78/><D121/><U28/><E28/><V18/><F18/><W65/><G4/><N who="0" m="3463" /><D40/><U80/><E80/><AGARI ba="0,1" hai="9,13,19,41,45,51,76,79,80,87,89,96,102,107" machi="80" ten="30,3900,0" yaku="1,1,7,1,52,1,53,0" doraHai="12" doraHaiUra="21" who="2" fromWho="1" sc="206,0,295,-39,205,49,284,0" /><INIT seed="4,0,0,1,1,91" ten="206,256,254,284" oya="0" hai0="55,77,126,129,74,41,45,102,124,92,72,33,95" hai1="84,99,75,107,21,96,88,56,130,20,85,47,115" hai2="68,93,53,11,26,22,60,27,54,1,127,59,3" hai3="120,118,132,81,32,62,65,101,79,57,35,121,13"/><T82/><D129/><U43/><E75/><V106/><F106/><W114/><G118/><T63/><D72/><U40/><E130/><V83/><F68/><W15/><G114/><T23/><D33/><N who="3" m="12873" /><G101/><T123/><D123/><N who="3" m="47177" /><G132/><T76/><D76/><U119/><E119/><V69/><F69/><W64/><G64/><T44/><D102/><U66/><E115/><V134/><F134/><W116/><G116/><T14/><D63/><N who="1" m="38247" /><E107/><V97/><F127/><N who="0" m="48682" /><D55/><U80/><E85/><AGARI ba="0,0" hai="13,15,57,62,65,79,81,85" m="47177,12873" machi="85" ten="30,1000,0" yaku="13,1" doraHai="91" who="3" fromWho="1" sc="206,0,256,-10,254,0,284,10" /><INIT seed="5,0,0,4,3,3" ten="206,246,254,294" oya="1" hai0="50,38,111,60,9,69,0,71,30,122,51,134,12" hai1="80,123,59,23,47,26,13,108,40,37,35,34,28" hai2="73,82,54,20,48,70,15,91,120,52,116,72,58" hai3="135,86,22,14,8,36,44,114,42,110,118,87,125"/><U106/><E123/><V101/><F116/><W19/><G114/><T81/><D38/><U127/><E127/><V10/><F70/><W79/><G110/><T107/><D122/><U6/><E108/><V18/><F120/><W27/><G125/><T99/><D111/><U46/><E106/><V78/><F101/><W53/><G118/><T121/><D121/><U21/><E80/><V24/><F54/><W84/><G135/><T66/><D0/><U103/><E103/><V41/><F41/><W64/><G64/><T104/><D30/><U97/><E97/><V63/><F63/><W75/><G53/><T83/><D134/><U68/><E68/><V32/><F32/><W129/><G129/><T43/><D71/><U2/><E46/><V102/><F102/><W17/><G75/><T130/><D130/><U4/><E2/><V39/><F39/><W33/><G33/><T67/><D67/><U45/><E47/><V77/><F91/><W94/><G94/><T128/><D128/><U16/><REACH who="1" step="1"/><E59/><REACH who="1" ten="206,236,254,294" step="2"/><V124/><F124/><W92/><G92/><T62/><D83/><U57/><E57/><V132/><F132/><W49/><G36/><T11/><D81/><AGARI ba="0,1" hai="8,14,17,19,22,27,42,44,49,79,81,84,86,87" machi="81" ten="40,1300,0" yaku="8,1" doraHai="3" who="3" fromWho="0" sc="206,-13,236,0,254,0,294,23" /><INIT seed="6,0,0,3,1,12" ten="193,236,254,317" oya="2" hai0="131,117,40,45,37,93,125,135,76,39,2,124,112" hai1="54,18,133,94,33,84,16,65,22,105,106,126,36" hai2="4,42,35,59,128,26,63,103,10,92,1,75,8" hai3="29,69,30,23,62,101,82,58,60,19,44,100,132"/><V41/><F75/><W113/><G69/><T127/><D2/><U91/><E33/><V68/><F68/><W80/><G132/><T47/><D76/><U77/><E133/><V71/><F71/><W14/><G113/><T120/><D135/><U83/><E126/><V67/><F128/><W20/><G44/><T7/><D7/><U115/><E115/><V72/><F72/><W48/><G48/><T34/><D34/><U108/><E108/><V134/><F134/><W89/><G62/><T43/><D112/><U123/><E123/><V98/><F8/><W96/><G89/><T104/><D104/><U119/><E119/><V31/><AGARI ba="0,0" hai="1,4,10,26,31,35,41,42,59,63,67,92,98,103" machi="31" ten="30,1500,0" yaku="0,1" doraHai="12" who="2" fromWho="2" sc="193,-5,236,-5,254,15,317,-5" /><INIT seed="6,1,0,1,4,67" ten="188,231,269,312" oya="2" hai0="73,124,120,128,102,49,125,75,134,105,60,2,109" hai1="33,47,44,94,61,93,126,78,130,74,5,123,95" hai2="100,48,99,119,131,96,68,81,117,116,51,10,122" hai3="42,90,1,9,111,80,8,16,88,26,19,14,87"/><V38/><F122/><W77/><G111/><T71/><RYUUKYOKU type="yao9" ba="1,0" sc="188,0,231,0,269,0,312,0" hai0="2,49,60,71,73,75,102,105,109,120,124,125,128,134" /><INIT seed="6,2,0,0,2,12" ten="188,231,269,312" oya="2" hai0="131,95,41,84,31,75,15,79,132,134,22,96,48" hai1="69,40,70,85,112,117,30,23,67,60,58,66,19" hai2="122,56,77,92,59,89,16,7,17,116,64,105,87" hai3="47,42,109,8,24,53,61,108,111,128,26,114,20"/><V10/><F116/><W6/><G114/><T129/><D75/><U74/><E117/><V135/><F135/><N who="0" m="51754" /><D79/><U115/><E74/><V11/><F105/><W101/><G101/><T4/><D84/><U125/><E125/><V127/><F127/><W68/><G128/><N who="0" m="49227" /><D4/><U106/><E106/><V130/><F122/><W103/><G103/><T110/><D110/><U37/><E30/><V57/><F130/><W21/><G68/><T126/><D126/><U76/><E66/><V54/><F64/><W94/><G94/><T33/><D33/><U45/><E85/><V100/><F100/><W104/><G104/><T65/><D65/><U91/><E91/><V34/><F34/><W32/><G32/><T113/><D113/><N who="1" m="43595" /><E76/><V80/><F54/><W123/><G53/><T18/><D31/><U28/><E28/><V73/><REACH who="2" step="1"/><F11/><REACH who="2" ten="188,231,259,312" step="2"/><W27/><G123/><T99/><D95/><U43/><E40/><V78/><F78/><W38/><G61/><T46/><AGARI ba="2,1" hai="15,18,22,41,46,48,96,99" m="49227,51754" machi="46" ten="40,5200,0" yaku="20,1,19,1,52,1" doraHai="12" who="0" fromWho="0" sc="188,68,231,-15,259,-28,312,-15" /><INIT seed="7,0,0,5,0,52" ten="256,216,231,297" oya="3" hai0="111,34,13,82,133,54,26,69,121,115,105,39,67" hai1="59,4,109,17,30,70,131,102,88,123,64,134,128" hai2="32,65,120,50,113,130,9,112,72,20,74,126,90" hai3="12,22,86,0,104,127,24,37,114,101,16,56,15"/><W68/><G0/><T48/><D39/><U23/><E109/><V18/><F32/><W78/><G68/><T19/><D111/><U108/><E108/><V62/><F120/><W110/><G37/><T21/><D133/><U33/><E134/><V6/><F130/><N who="1" m="49705" /><E123/><V41/><F126/><W66/><G110/><T44/><D115/><N who="2" m="44106" /><F90/><W83/><G127/><T75/><D105/><U84/><E70/><N who="2" m="42295" /><F50/><W118/><G118/><T117/><D117/><U79/><E102/><V53/><F53/><W1/><G1/><T40/><D121/><U103/><E103/><V42/><F42/><W29/><G114/><T98/><D69/><U76/><E4/><V80/><F80/><W97/><G29/><T95/><D67/><U116/><E30/><V14/><F41/><W135/><G135/><T122/><D122/><U31/><E31/><V35/><F35/><W28/><G28/><T7/><D34/><U38/><E38/><V25/><AGARI ba="0,0" hai="6,9,14,18,20,25,72,74" m="42295,44106" machi="25" ten="30,1100,0" yaku="15,1" doraHai="52" who="2" fromWho="2" sc="256,-3,216,-3,231,11,297,-5" /><INIT seed="8,0,0,4,5,37" ten="253,213,242,292" oya="0" hai0="72,130,46,48,98,132,79,32,73,131,10,90,39" hai1="104,81,29,87,8,124,15,17,133,105,78,7,38" hai2="3,121,111,52,129,75,28,97,54,77,83,95,61" hai3="18,135,94,66,12,63,119,56,44,126,84,49,70"/><T43/><D32/><U85/><E124/><V2/><F121/><W0/><G0/><T68/><D68/><U22/><E133/><V127/><F111/><W60/><G126/><T5/><D132/><U102/><E29/><V24/><F127/><W122/><G135/><T108/><D108/><U80/><E38/><V91/><F129/><N who="0" m="49162" /><D79/><U55/><E55/><V21/><REACH who="2" step="1"/><F61/><REACH who="2" ten="253,213,232,292" step="2"/><N who="3" m="38183" /><G122/><T13/><D39/><U101/><E104/><V82/><F82/><W33/><G70/><T88/><D90/><N who="1" m="51495" /><E105/><V9/><F9/><N who="3" m="6415" /><G119/><T106/><D106/><U64/><E64/><V110/><F110/><W69/><G69/><T74/><D74/><U120/><E120/><V45/><F45/><W31/><G33/><T118/><D118/><U47/><E47/><V128/><F128/><W100/><G63/><T36/><D36/><U114/><E114/><V93/><F93/><AGARI ba="0,1" hai="5,10,13,43,46,48,72,73,88,93,98" m="49162" machi="93" ten="30,5800,0" yaku="19,1,52,1,54,1" doraHai="37" who="0" fromWho="2" sc="253,68,213,0,232,-58,292,0" owari="321,43.0,213,-19.0,174,-33.0,292,9.0" /></mjloggm>