<mjloggm ver="2.3"><GO type="169" lobby="0"/><UN n0="%E6%96%91%E7%9B%AE%56" n1="%E3%83%88%E3%83%88%E3%83%AA%E5%85%88%E7%94%9F%31%39%E6%AD%B3" n2="%E3%83%90%E3%83%90%E3%82%A2%E3%81%AE%E6%97%A5%E5%82%98" n3="%68%6F%6C%6D%65%73" dan="16,19,17,16" rate="2151.12,2277.26,2187.24,2105.86" sx="M,F,F,M"/><TAIKYOKU oya="0"/><INIT seed="0,0,0,1,1,15" ten="250,250,250,250" oya="0" hai0="13,94,88,133,129,47,18,93,127,124,90,67,106" hai1="45,120,41,50,111,131,58,37,68,79,78,123,98" hai2="4,6,44,5,96,64,75,85,73,118,34,36,134" hai3="62,66,92,114,3,61,101,17,19,63,53,20,11"/><T116/><D106/><U27/><E111/><V76/><F34/><W105/><G105/><T107/><D107/><U77/><E131/><V28/><F28/><W51/><G114/><T87/><D133/><U109/><E109/><V113/><F113/><W100/><G3/><T80/><D129/><U23/><E68/><V81/><F134/><W108/><G108/><T57/><D116/><U86/><E98/><V43/><F118/><W91/><G11/><T70/><D70/><U125/><E125/><N who="0" m="48201" /><D47/><U112/><E112/><V82/><F64/><W21/><G66/><T39/><D39/><U38/><E86/><V59/><F59/><N who="3" m="33215" /><G21/><N who="0" m="11471" /><D90/><U32/><E38/><V89/><F36/><W83/><G20/><T72/><D72/><U104/><E32/><V24/><F73/><W65/><G65/><T71/><D71/><U26/><E104/><V119/><F119/><W54/><G54/><T9/><D9/><U74/><E74/><V25/><F44/><W2/><G2/><T69/><D69/><U55/><REACH who="1" step="1"/><E27/><REACH who="1" ten="250,240,250,250" step="2"/><V33/><F25/><W22/><G100/><T29/><D87/><U46/><E46/><V84/><F75/><W16/><G101/><T31/><D57/><U49/><E49/><V7/><N who="2" m="1024" /><DORA hai="103" /><V56/><F96/><N who="3" m="57375" /><G83/><T99/><D80/><U130/><E130/><V95/><F82/><W102/><G102/><T126/><D126/><U10/><E10/><V132/><F24/><W42/><G42/><T135/><D135/><U117/><E117/><V122/><F132/><W110/><G110/><T35/><D35/><U30/><AGARI ba="0,1" hai="23,26,30,37,41,45,50,55,58,77,78,79,120,123" machi="30" ten="30,2000,0" yaku="1,1,0,1,53,0" doraHai="15,103" doraHaiUra="12,14" who="1" fromWho="1" sc="250,-10,240,30,250,-5,250,-5" /><INIT seed="1,0,0,4,1,128" ten="240,270,245,245" oya="1" hai0="106,81,58,61,89,4,2,77,126,65,30,74,17" hai1="92,111,96,82,1,3,104,94,39,54,84,75,120" hai2="70,66,68,28,133,8,48,79,11,88,123,35,42" hai3="110,6,76,7,16,20,51,47,15,116,45,99,55"/><U0/><E120/><V118/><F123/><W49/><G110/><T114/><D106/><U24/><E39/><V117/><F79/><W10/><G116/><T43/><D30/><U105/><E75/><V80/><F28/><W98/><G76/><T115/><D43/><U41/><E41/><V72/><F35/><W78/><G78/><T121/><D121/><U27/><E82/><V23/><F72/><W38/><G38/><T87/><D126/><U108/><E54/><V83/><F23/><W132/><G132/><T86/><D86/><U69/><E84/><V40/><F48/><W26/><REACH who="3" step="1"/><G7/><REACH who="3" ten="240,270,245,235" step="2"/><T127/><D127/><U130/><E130/><V124/><F124/><W63/><G63/><T36/><D36/><U29/><E111/><V56/><F133/><W93/><G93/><T129/><D129/><U131/><E108/><V9/><F118/><W102/><G102/><T107/><D107/><U31/><E131/><V119/><F117/><W125/><G125/><T135/><D135/><U134/><E134/><V122/><F119/><W37/><G37/><T64/><D77/><U95/><E104/><V50/><F122/><W22/><G22/><T113/><D74/><U33/><E105/><V60/><F80/><W67/><G67/><T91/><D64/><U73/><E73/><V71/><F50/><W97/><G97/><T101/><D101/><U34/><REACH who="1" step="1"/><E69/><REACH who="1" ten="240,260,245,235" step="2"/><V32/><F83/><W14/><G14/><T44/><D81/><U52/><E52/><AGARI ba="0,2" hai="6,10,15,16,20,26,45,47,49,51,52,55,98,99" machi="52" ten="30,12000,2" yaku="1,1,7,1,9,1,8,1,54,2,53,0" doraHai="128" doraHaiUra="100" who="3" fromWho="1" sc="240,0,260,-120,245,0,235,140" /><INIT seed="2,0,0,5,5,17" ten="240,140,245,375" oya="2" hai0="131,123,52,34,124,29,41,49,132,97,13,68,62" hai1="81,70,9,73,57,98,22,67,74,66,25,53,61" hai2="14,107,71,26,110,6,109,91,126,50,114,112,108" hai3="43,84,21,23,46,5,134,118,122,117,54,38,99"/><V39/><F39/><W78/><G122/><T44/><D132/><U105/><E9/><N who="2" m="4407" /><F126/><W63/><G134/><T125/><D131/><U101/><E81/><V16/><F71/><W133/><G133/><T121/><D97/><U102/><E102/><V7/><F7/><W113/><G113/><T89/><D89/><U11/><E11/><V2/><F2/><W77/><G5/><T83/><D83/><U65/><REACH who="1" step="1"/><E70/><REACH who="1" ten="240,130,245,375" step="2"/><V111/><F111/><W100/><G100/><T106/><D68/><U92/><E92/><V31/><F107/><W135/><G135/><T8/><D106/><U86/><E86/><V69/><F69/><W103/><G84/><T3/><D125/><U36/><E36/><V87/><F114/><W56/><G118/><T18/><D124/><U104/><E104/><V90/><F112/><W72/><G117/><T76/><D123/><U4/><E4/><V20/><F87/><W128/><G103/><T127/><D121/><U32/><E32/><N who="2" m="20599" /><F50/><W45/><G38/><T12/><D127/><U55/><E55/><V129/><F129/><W33/><G54/><T27/><D3/><U64/><N who="1" m="16384" /><DORA hai="88" /><U28/><AGARI ba="0,1" hai="22,25,28,53,57,61,73,74,98,101,105" m="16384" machi="28" ten="40,8000,1" yaku="1,1,4,1,0,1,52,1,53,1" doraHai="17,88" doraHaiUra="51,15" who="1" fromWho="1" sc="240,-20,130,90,245,-40,375,-20" /><INIT seed="3,0,0,4,4,65" ten="220,220,205,355" oya="3" hai0="40,106,79,85,33,111,114,84,66,59,39,15,75" hai1="37,34,101,49,76,57,99,47,133,64,53,80,11" hai2="30,58,13,21,36,89,87,91,70,60,71,55,120" hai3="72,103,56,43,2,7,105,48,81,63,41,5,115"/><W118/><G115/><T93/><D106/><U112/><E112/><V69/><F120/><W14/><G118/><T32/><D114/><U38/><E34/><V19/><F36/><W50/><G2/><T130/><D75/><U116/><E116/><V67/><F30/><W6/><G105/><T97/><D130/><U23/><E133/><V129/><F129/><W83/><G103/><T25/><D39/><U126/><E126/><V119/><F119/><W108/><G14/><T134/><D40/><N who="3" m="15433" /><G72/><T22/><D15/><U74/><E11/><V1/><F1/><W86/><G83/><T8/><D8/><U107/><E47/><V62/><F91/><N who="3" m="51663" /><G108/><T100/><D134/><U128/><E128/><V44/><REACH who="2" step="1"/><F44/><REACH who="2" ten="220,220,195,355" step="2"/><W110/><G110/><T77/><D111/><U68/><E38/><V122/><F122/><W117/><G117/><T24/><D32/><U90/><E37/><V20/><F20/><W12/><G12/><T92/><D33/><U10/><E90/><V26/><F26/><W124/><G124/><T123/><D123/><U9/><E23/><V35/><F35/><W73/><G73/><T16/><D24/><U28/><E28/><V46/><F46/><W98/><G98/><T132/><D132/><U127/><E127/><V3/><F3/><W131/><G131/><T102/><D97/><U96/><E96/><V51/><F51/><W88/><G88/><T94/><D25/><U17/><E17/><V52/><F52/><AGARI ba="0,1" hai="5,6,7,48,50,52,56,63" m="51663,15433" machi="52" ten="30,2900,0" yaku="8,1,54,1" doraHai="65" who="3" fromWho="2" sc="220,0,220,0,195,-29,355,39" /><INIT seed="3,1,0,3,0,62" ten="220,220,166,394" oya="3" hai0="127,25,119,78,101,15,19,49,104,8,5,70,4" hai1="69,27,36,68,44,135,50,114,32,54,53,37,2" hai2="33,63,42,90,71,48,79,105,134,57,34,131,130" hai3="60,58,18,22,16,47,113,0,97,102,14,12,40"/><W95/><G0/><T132/><D78/><U30/><E114/><V74/><F105/><W10/><G113/><T55/><D132/><U73/><E135/><V87/><F134/><W28/><G28/><T99/><D127/><U31/><E73/><V1/><F1/><W9/><G47/><T92/><D119/><U84/><E2/><V128/><F79/><W76/><G76/><T86/><D70/><U52/><E84/><V75/><F71/><W67/><G40/><T93/><D25/><U65/><E69/><V89/><F89/><W118/><G118/><T116/><D116/><U38/><REACH who="1" step="1"/><E31/><REACH who="1" ten="220,210,166,394" step="2"/><V41/><F75/><W121/><REACH who="3" step="1"/><G121/><REACH who="3" ten="220,210,166,384" step="2"/><T125/><D125/><U107/><E107/><V108/><F74/><W133/><G133/><T17/><D104/><U91/><E91/><V126/><F126/><W46/><G46/><T82/><D101/><U96/><E96/><V24/><F90/><W21/><AGARI ba="1,2" hai="9,10,12,14,16,18,21,22,58,60,67,95,97,102" machi="21" ten="20,18000,2" yaku="1,1,0,1,7,1,9,1,8,1,52,1,54,1,53,0" doraHai="62" doraHaiUra="77" who="3" fromWho="3" sc="220,-61,210,-61,166,-61,384,203" /><INIT seed="3,2,0,3,2,98" ten="159,149,105,587" oya="3" hai0="77,124,29,32,40,90,121,110,106,46,9,78,6" hai1="89,64,99,11,19,128,27,119,117,108,60,65,15" hai2="87,20,44,120,21,113,54,84,132,81,133,0,28" hai3="4,36,118,66,68,25,79,96,135,107,104,47,116"/><W53/><G135/><T18/><D18/><U35/><E108/><V45/><F113/><W115/><G115/><T51/><D124/><U1/><E128/><V61/><F0/><W58/><G79/><T72/><D110/><U5/><E65/><V43/><F120/><W130/><G130/><T82/><D77/><U59/><E89/><V49/><F61/><W31/><G4/><T131/><D131/><U71/><E59/><V80/><F28/><W76/><G76/><T92/><D106/><U63/><E63/><V26/><F26/><W39/><G104/><T102/><D121/><U8/><E35/><V70/><F70/><W91/><G66/><T111/><D29/><U22/><REACH who="1" step="1"/><E99/><REACH who="1" ten="159,139,105,587" step="2"/><V75/><F133/><W112/><G91/><T13/><D32/><U7/><AGARI ba="2,1" hai="1,5,7,8,11,15,19,22,27,60,64,71,117,119" machi="7" ten="30,4000,0" yaku="1,1,2,1,0,1,53,0" doraHai="98" doraHaiUra="52" who="1" fromWho="1" sc="159,-12,139,56,105,-12,587,-22" /><INIT seed="4,0,0,5,2,94" ten="147,195,93,565" oya="0" hai0="106,18,60,68,36,4,105,134,76,88,38,77,57" hai1="121,108,5,7,131,98,117,87,100,25,21,16,126" hai2="65,3,1,15,30,69,116,114,97,124,71,80,0" hai3="46,41,104,127,63,102,51,103,123,64,129,74,70"/><T6/><D68/><U23/><E117/><V59/><F116/><W122/><G74/><T118/><D134/><U115/><E121/><N who="3" m="46090" /><G129/><T109/><D109/><U112/><E108/><V2/><F114/><N who="1" m="43561" /><E131/><V22/><F124/><W79/><G79/><T40/><D18/><N who="1" m="12471" /><E87/><V61/><N who="2" m="0" /><DORA hai="34" /><V53/><F80/><W28/><G28/><T132/><D132/><U99/><E126/><V119/><F119/><W73/><G73/><T120/><D120/><U39/><E39/><V113/><F113/><W56/><G127/><T14/><D118/><U52/><E52/><V92/><F53/><N who="3" m="31807" /><G104/><T91/><D40/><U31/><E31/><V50/><F50/><AGARI ba="0,0" hai="41,46,50,63,64,70,102,103" m="31807,46090" machi="50" ten="30,1000,0" yaku="13,1" doraHai="94,34" who="3" fromWho="2" sc="147,0,195,0,93,-10,565,10" /><INIT seed="5,0,0,4,4,13" ten="147,195,83,575" oya="1" hai0="85,63,6,8,28,27,52,109,55,24,30,57,126" hai1="88,123,79,31,50,112,43,3,94,73,105,42,119" hai2="83,72,71,75,11,69,0,70,58,98,5,102,124" hai3="120,117,74,45,64,131,26,35,68,4,113,18,14"/><U25/><E119/><V78/><F124/><W104/><G74/><T80/><D126/><U116/><E116/><V22/><F58/><W48/><G104/><T9/><D55/><U67/><E123/><V56/><F56/><W121/><G131/><T41/><D41/><U128/><E3/><V115/><F115/><W89/><G113/><T92/><D92/><U66/><E105/><V106/><F22/><W84/><G4/><T82/><D109/><U111/><E112/><V100/><F100/><W134/><G134/><T129/><D129/><U33/><E111/><V37/><REACH who="2" step="1"/><F75/><REACH who="2" ten="147,195,73,575" step="2"/><W49/><G117/><T110/><D110/><U97/><E128/><V32/><F32/><W114/><G35/><T108/><D108/><U77/><E73/><V90/><F90/><W44/><G89/><T16/><D30/><U96/><E33/><V65/><F65/><W59/><G64/><T60/><D28/><U2/><E88/><V46/><F46/><W99/><G45/><T61/><D63/><U86/><E31/><V133/><F133/><W101/><G44/><T47/><D47/><U93/><E50/><V40/><F40/><W23/><G49/><T76/><D60/><U39/><E43/><V20/><F20/><W38/><G48/><T15/><D27/><U7/><E25/><V36/><AGARI ba="0,1" hai="0,5,11,36,37,69,70,71,72,78,83,98,102,106" machi="36" ten="40,8000,1" yaku="1,1,0,1,33,3,53,0" doraHai="13" doraHaiUra="132" who="2" fromWho="2" sc="147,-20,195,-40,73,90,575,-20" /><INIT seed="6,0,0,1,2,61" ten="127,155,163,555" oya="2" hai0="6,130,45,92,74,17,34,51,126,60,93,112,123" hai1="134,66,96,77,19,111,99,12,18,71,20,124,68" hai2="24,35,82,21,114,42,64,54,79,52,70,31,5" hai3="94,1,13,122,116,58,7,62,8,89,128,119,38"/><V49/><F114/><W32/><G122/><T108/><D74/><U9/><E111/><V72/><F5/><W95/><G38/><T33/><D6/><U131/><E131/><V3/><F3/><W83/><G32/><T44/><D44/><U55/><E134/><V133/><F35/><W10/><G83/><T40/><D126/><U39/><E124/><V127/><F127/><W129/><G94/><T29/><D130/><N who="3" m="50281" /><G10/><T103/><D92/><U57/><E39/><V81/><F81/><W22/><G22/><T53/><D112/><U27/><E77/><V30/><F30/><W98/><G13/><T110/><D33/><U73/><E73/><V120/><F120/><W47/><G47/><T23/><D29/><U87/><E9/><V41/><F54/><AGARI ba="0,0" hai="1,7,8,54,58,62,89,95,98,116,119" m="50281" machi="54" ten="30,1000,0" yaku="19,1" doraHai="61" who="3" fromWho="2" sc="127,0,155,0,163,-10,555,10" /><INIT seed="7,0,0,3,3,79" ten="127,155,153,565" oya="3" hai0="97,126,76,86,28,36,106,30,131,66,42,13,98" hai1="80,34,75,128,11,120,116,60,93,111,95,33,27" hai2="122,48,84,35,68,53,96,124,87,2,43,82,31" hai3="3,117,9,114,47,99,64,132,92,39,5,4,129"/><W56/><G114/><T94/><D131/><U85/><E111/><V101/><F2/><W70/><G117/><T105/><D66/><U112/><E120/><V125/><F68/><W41/><G5/><T29/><D126/><N who="2" m="48746" /><F43/><W51/><G132/><T54/><D98/><U78/><E112/><V118/><F118/><W71/><G129/><T52/><D13/><U89/><E128/><V44/><F122/><W74/><G74/><T109/><D109/><U37/><E37/><V59/><F44/><W24/><G24/><T50/><D36/><U26/><E116/><V65/><F65/><W113/><G113/><T25/><D25/><U110/><E110/><V103/><F31/><W10/><G10/><T104/><D50/><U6/><E60/><V15/><F35/><W102/><G64/><T8/><D8/><U81/><E27/><V130/><F130/><W135/><G135/><T91/><D42/><U67/><E67/><V133/><F133/><W108/><G108/><T46/><D46/><U63/><E63/><V69/><F69/><W121/><G121/><T18/><D18/><U73/><E73/><V17/><F82/><W88/><G102/><N who="2" m="38921" /><F96/><W23/><G23/><AGARI ba="0,0" hai="15,17,23,48,53,59,84,87" m="38921,48746" machi="23" ten="30,1000,0" yaku="18,1" doraHai="79" who="2" fromWho="3" sc="127,0,155,0,153,10,565,-10" owari="127,-37.0,155,-24.0,163,-4.0,555,65.0" /></mjloggm>