<mjloggm ver="2.3"><GO type="169" lobby="0"/><UN n0="%E3%83%88%E3%83%88%E3%83%AA%E5%85%88%E7%94%9F%31%39%E6%AD%B3" n1="%E2%80%A0%58%54%45%4E%44%E2%80%A0" n2="%6D%6F%6E%65%79%2E%2E%2E" n3="%E3%81%84%E3%81%9F%E3%83%92%E3%83%AD" dan="19,16,16,16" rate="2270.61,2130.95,2152.50,2094.62" sx="F,F,M,M"/><TAIKYOKU oya="0"/><INIT seed="0,0,0,4,3,42" ten="250,250,250,250" oya="0" hai0="133,109,134,121,102,50,80,101,30,7,25,68,32" hai1="116,86,53,115,64,45,103,94,113,61,99,5,81" hai2="75,79,71,10,72,73,59,43,65,17,37,128,13" hai3="117,130,77,51,120,91,20,8,29,82,12,18,122"/><T31/><D121/><U129/><E116/><V23/><F71/><W57/><G117/><T35/><D68/><U118/><E118/><V95/><F128/><W2/><G130/><T112/><D112/><N who="1" m="43083" /><E129/><V1/><F95/><W44/><G57/><T48/><D80/><U98/><E5/><V11/><F1/><W14/><G2/><T4/><REACH who="0" step="1"/><D25/><REACH who="0" ten="240,250,250,250" step="2"/><U87/><E81/><V97/><F72/><W93/><G122/><T15/><D15/><U6/><E99/><V56/><F97/><W66/><G120/><T107/><D107/><U9/><E87/><V19/><F73/><W108/><G14/><T106/><D106/><U83/><E86/><V126/><F75/><W49/><G82/><T124/><D124/><U131/><E83/><V22/><F126/><W123/><G123/><T63/><D63/><U39/><E131/><V114/><F114/><W41/><G12/><T34/><D34/><U85/><E85/><V84/><F84/><W62/><G62/><T55/><D55/><U70/><E53/><V119/><F119/><W76/><G76/><T111/><AGARI ba="0,1" hai="4,7,30,31,32,35,48,50,101,102,109,111,133,134" machi="111" ten="25,9600,0" yaku="1,1,0,1,22,2,53,0" doraHai="42" doraHaiUra="69" who="0" fromWho="0" sc="240,106,250,-32,250,-32,250,-32" /><INIT seed="0,1,0,1,3,68" ten="346,218,218,218" oya="0" hai0="69,108,123,109,115,5,121,119,14,118,11,80,95" hai1="27,93,12,81,45,73,99,57,20,31,111,62,17" hai2="101,127,90,0,114,44,112,50,117,38,39,71,63" hai3="2,87,58,94,25,41,82,91,77,10,75,98,134"/><T15/><D69/><U32/><E111/><N who="0" m="42569" /><D80/><U36/><E73/><V103/><F0/><W54/><G134/><T72/><D72/><U46/><E81/><V47/><F90/><W92/><G41/><T84/><D84/><U7/><E7/><V125/><F117/><N who="0" m="44554" /><D95/><U53/><REACH who="1" step="1"/><E36/><REACH who="1" ten="346,208,218,218" step="2"/><V24/><F112/><W131/><G75/><T78/><D78/><U124/><E124/><V42/><F114/><W30/><G82/><T1/><D115/><U104/><E104/><V120/><F39/><W133/><G77/><T19/><D1/><U105/><E105/><V61/><F120/><W26/><G2/><T13/><D13/><U37/><E37/><V18/><F125/><W56/><G94/><T97/><D97/><U70/><E70/><V40/><F71/><W67/><G92/><T23/><AGARI ba="1,1" hai="5,11,14,15,19,23,121,123" m="44554,42569" machi="23" ten="30,11700,0" yaku="14,1,10,1,34,2" doraHai="68" who="0" fromWho="0" sc="346,130,208,-40,218,-40,218,-40" /><INIT seed="0,2,0,1,4,72" ten="476,168,178,178" oya="0" hai0="33,25,6,62,70,109,101,116,7,76,88,75,74" hai1="117,55,1,13,5,3,4,78,29,127,103,107,68" hai2="94,111,52,37,27,41,96,35,0,115,59,112,121" hai3="119,20,106,60,36,48,45,79,31,65,90,92,42"/><T87/><D116/><U73/><E117/><V100/><F0/><W21/><G106/><T108/><D101/><U99/><E127/><V134/><F121/><W2/><G2/><T124/><D124/><U30/><E68/><V53/><F111/><N who="0" m="42570" /><D33/><U91/><E91/><V97/><F53/><W39/><G119/><T102/><D25/><U54/><E1/><V14/><F14/><W98/><G79/><T71/><D102/><U130/><E3/><V18/><F134/><W34/><G34/><T125/><D125/><U133/><E130/><V114/><F96/><W83/><G83/><N who="0" m="45471" /><D74/><U50/><E133/><V56/><F35/><W8/><G8/><T23/><D23/><U24/><E24/><V67/><F112/><W12/><G20/><T105/><D105/><U11/><E73/><V80/><F114/><W64/><G31/><T15/><D62/><U129/><E30/><V22/><F115/><W110/><G110/><T49/><D49/><U66/><E29/><V118/><F118/><W104/><G104/><T28/><D28/><U123/><E50/><V26/><F26/><W16/><REACH who="3" step="1"/><G65/><REACH who="3" ten="476,168,178,168" step="2"/><T58/><D7/><U40/><E4/><V84/><F67/><W63/><G63/><T86/><D6/><U69/><E66/><V131/><F131/><W9/><G9/><T17/><D17/><U19/><E129/><V57/><F80/><W85/><G85/><T32/><D87/><U44/><E5/><V10/><F84/><W46/><G46/><T135/><D86/><U47/><E47/><N who="2" m="23983" /><F10/><W81/><G81/><T93/><D32/><U126/><E11/><RYUUKYOKU ba="2,1" sc="476,-15,168,-15,178,15,168,15" hai2="18,22,27,52,56,57,59,94,97,100" hai3="12,16,21,36,39,42,45,48,60,64,90,92,98" /><INIT seed="1,3,1,0,0,82" ten="461,153,193,183" oya="1" hai0="50,7,85,124,67,64,37,68,16,79,8,73,89" hai1="10,33,111,42,114,101,1,103,4,31,74,15,26" hai2="104,110,3,59,121,61,41,130,92,93,35,63,24" hai3="36,128,75,58,9,56,46,77,69,112,80,53,23"/><U25/><E114/><V100/><F3/><W57/><G69/><T38/><D124/><U99/><E74/><V44/><F121/><W133/><G112/><T29/><D29/><U6/><E111/><V49/><F110/><W108/><G108/><T116/><D116/><U88/><E42/><V43/><F130/><W70/><G70/><T106/><D106/><U102/><E26/><V135/><F135/><W97/><G133/><T127/><D127/><U2/><REACH who="1" step="1"/><E6/><REACH who="1" ten="461,143,193,183" step="2"/><V66/><F43/><W28/><G128/><T18/><D73/><U48/><E48/><V94/><F24/><W123/><G123/><T84/><D50/><U30/><E30/><V119/><F119/><W113/><G113/><T83/><D37/><U55/><E55/><V54/><F35/><W96/><G53/><T14/><D38/><U12/><E12/><V60/><F41/><W5/><G28/><T32/><D32/><U105/><E105/><V129/><F129/><W131/><G131/><T71/><D64/><U17/><E17/><V86/><F104/><W107/><G107/><T98/><D67/><U95/><AGARI ba="3,2" hai="1,2,4,10,15,25,31,33,88,95,99,101,102,103" machi="95" ten="30,6000,0" yaku="1,1,0,1,54,1,53,0" doraHai="82" doraHaiUra="40" who="1" fromWho="1" sc="461,-23,143,89,193,-23,183,-23" /><INIT seed="1,4,0,4,5,8" ten="438,232,170,160" oya="1" hai0="41,17,54,50,67,43,5,23,97,126,114,58,4" hai1="13,102,55,115,68,105,72,132,34,116,0,56,75" hai2="9,88,48,61,73,57,134,120,122,6,76,27,64" hai3="37,47,49,7,108,83,33,131,99,84,82,15,106"/><U66/><E116/><V31/><F134/><W2/><G37/><T74/><D74/><U118/><E118/><V110/><F110/><W119/><G33/><T28/><D28/><U79/><E115/><V69/><F76/><W85/><G2/><T14/><D126/><U77/><E0/><V127/><F73/><W95/><G106/><T129/><D129/><U71/><E34/><V107/><F107/><W78/><G108/><T18/><D114/><U30/><E30/><V104/><F104/><W90/><G131/><T89/><D67/><U29/><E29/><V25/><F127/><W40/><G119/><T11/><D97/><U80/><E66/><V81/><F69/><W100/><G7/><N who="0" m="2635" /><D89/><U20/><E102/><V87/><F48/><W19/><G19/><T60/><D50/><U59/><E105/><V24/><REACH who="2" step="1"/><F31/><REACH who="2" ten="438,232,160,160" step="2"/><W101/><REACH who="3" step="1"/><G15/><AGARI ba="4,1" hai="11,14,15,17,18,23,41,43,54,58,60" m="2635" machi="15" ten="30,3900,0" yaku="8,1,52,2" doraHai="8" who="0" fromWho="3" sc="438,61,232,0,160,0,160,-51" /><AGARI ba="4,0" hai="6,9,15,24,25,27,57,61,64,81,87,88,120,122" machi="15" ten="40,12000,2" yaku="1,1,2,1,52,1,54,1,53,3" doraHai="8" doraHaiUra="21" who="2" fromWho="3" sc="499,0,232,0,160,120,109,-120" owari="499,60.0,232,-17.0,280,8.0,-11,-51.0" /></mjloggm>