<mjloggm ver="2.3"><GO type="169" lobby="0"/><UN n0="%E4%BC%8F%E8%99%8E" n1="%E3%83%87%E3%82%A3%E3%82%BD%E3%83%BC%E3%83%AB" n2="%E5%B0%B1%E6%B4%BB%E7%94%9F%40%E5%B7%9D%E6%9D%91%E8%BB%8D%E5%9B%A3" n3="%E3%81%87%E3%82%8B%E3%81%87%E3%82%8B" dan="17,16,17,16" rate="2152.50,2138.80,2196.24,2034.00" sx="M,M,M,F"/><TAIKYOKU oya="0"/><INIT seed="0,0,0,5,2,109" ten="250,250,250,250" oya="0" hai0="37,129,29,102,72,5,96,11,104,21,28,133,131" hai1="56,105,135,127,134,4,78,54,85,10,45,35,126" hai2="3,15,95,1,59,26,90,55,13,23,124,7,41" hai3="67,32,82,92,52,120,73,84,22,43,93,110,76"/><T97/><D72/><U62/><E105/><V63/><F124/><N who="1" m="47657" /><E35/><V100/><F100/><W80/><G32/><T111/><D37/><U88/><E78/><V12/><F41/><W74/><G110/><T33/><D111/><U79/><E79/><V48/><F7/><W117/><G117/><T38/><D38/><U112/><E45/><V83/><F83/><W51/><G67/><T132/><D21/><U20/><E20/><V98/><REACH who="2" step="1"/><F48/><REACH who="2" ten="250,250,240,250" step="2"/><W24/><G43/><T119/><D119/><U14/><E112/><V75/><F75/><W40/><G40/><T77/><D102/><U106/><E106/><V115/><F115/><W70/><G74/><T118/><D104/><U101/><E101/><V17/><AGARI ba="0,1" hai="1,3,12,13,15,17,23,26,55,59,63,90,95,98" machi="17" ten="30,7900,0" yaku="1,1,0,1,25,2,53,0" doraHai="109" doraHaiUra="61" who="2" fromWho="2" sc="250,-39,250,-20,240,89,250,-20" /><INIT seed="1,0,0,5,4,48" ten="211,230,329,230" oya="1" hai0="45,125,11,23,9,72,107,86,46,73,85,44,90" hai1="8,59,84,30,57,68,17,110,3,112,94,18,104" hai2="20,58,116,80,31,96,99,13,56,1,87,41,126" hai3="124,36,51,29,16,88,129,111,109,102,78,76,10"/><U33/><E104/><V25/><F1/><W123/><G36/><T89/><D107/><U26/><E68/><V63/><F116/><W131/><G123/><T133/><D23/><U113/><E110/><N who="3" m="41994" /><G102/><T38/><D38/><U32/><E32/><V66/><F126/><W79/><G29/><T50/><D125/><U64/><E112/><V106/><F106/><W5/><G124/><T74/><D50/><U47/><E113/><V75/><F75/><W14/><G51/><T118/><D118/><U7/><E47/><V130/><F130/><N who="3" m="49675" /><G5/><T103/><D103/><U135/><E135/><V6/><F41/><W77/><G77/><T65/><D65/><U53/><E64/><V128/><F128/><W4/><G4/><T108/><D133/><U28/><E28/><V55/><F6/><W54/><G54/><T71/><D108/><U62/><REACH who="1" step="1"/><E59/><REACH who="1" ten="211,220,329,230" step="2"/><V115/><F115/><W93/><G79/><T35/><D71/><U117/><E117/><V37/><F37/><W91/><G91/><AGARI ba="0,1" hai="3,7,8,17,18,26,30,33,53,57,62,84,91,94" machi="91" ten="40,3900,0" yaku="1,1,52,1,53,0" doraHai="48" doraHaiUra="19" who="1" fromWho="3" sc="211,0,220,49,329,0,230,-39" /><INIT seed="1,1,0,5,1,20" ten="211,269,329,191" oya="1" hai0="80,39,102,119,110,98,61,30,31,72,128,132,62" hai1="130,49,84,47,16,100,27,134,45,18,67,124,8" hai2="113,73,42,64,107,41,82,23,121,105,26,131,12" hai3="127,95,78,54,111,81,106,29,71,94,6,76,59"/><U21/><E134/><V2/><F121/><W97/><G71/><T77/><D119/><U57/><E130/><V120/><F2/><W93/><G111/><T88/><D39/><U9/><E124/><V22/><F120/><W103/><G127/><T115/><D115/><U86/><E100/><V4/><F64/><W0/><G29/><T56/><D110/><U96/><E96/><V17/><F131/><W63/><G78/><T7/><D7/><U32/><E32/><V91/><F113/><W25/><G6/><T85/><D132/><U1/><E1/><V112/><F112/><W10/><G10/><N who="1" m="4202" /><E18/><V46/><F41/><W5/><G5/><T87/><D128/><U116/><E116/><V55/><F55/><W83/><G0/><T13/><D13/><U75/><E75/><V118/><F118/><W37/><G37/><T92/><D85/><N who="1" m="32875" /><E49/><V122/><F122/><W70/><G70/><T79/><D79/><U89/><E89/><V38/><F4/><W33/><G33/><T15/><D15/><U52/><E67/><V68/><F68/><W60/><G60/><T11/><D11/><U99/><E99/><V36/><F36/><W19/><REACH who="3" step="1"/><G76/><REACH who="3" ten="211,269,329,181" step="2"/><T101/><D62/><U34/><E34/><V53/><F38/><W48/><G48/><T28/><REACH who="0" step="1"/><D72/><REACH who="0" ten="201,269,329,181" step="2"/><U40/><E40/><V43/><F42/><W69/><G69/><T14/><D14/><U114/><E114/><V104/><F43/><W58/><G58/><T109/><D109/><U117/><E117/><V126/><F126/><W51/><G51/><T129/><D129/><U90/><E57/><RYUUKYOKU ba="1,2" sc="201,15,269,-15,329,-15,181,15" hai0="28,30,31,56,61,77,80,87,88,92,98,101,102" hai3="19,25,54,59,63,81,83,93,94,95,97,103,106" /><INIT seed="2,2,2,3,4,109" ten="216,254,314,196" oya="2" hai0="36,72,67,86,90,10,65,126,129,70,103,33,78" hai1="31,2,30,115,121,25,57,76,108,42,68,98,37" hai2="105,97,114,75,43,46,106,61,82,5,85,93,54" hai3="23,79,15,6,21,102,12,20,95,111,14,117,99"/><V124/><F114/><W29/><G117/><T128/><D36/><U53/><E108/><V133/><F75/><W81/><G111/><T104/><D33/><U63/><E2/><V64/><F133/><W131/><G131/><N who="0" m="50251" /><D70/><U55/><E121/><V69/><F5/><W9/><REACH who="3" step="1"/><G29/><REACH who="3" ten="216,254,314,186" step="2"/><T40/><D126/><U92/><E31/><V122/><F122/><W52/><G52/><T120/><D120/><U28/><E28/><V4/><F54/><W88/><G88/><T11/><D40/><U60/><E55/><V127/><F127/><W18/><G18/><T134/><D134/><U130/><E130/><V119/><F124/><W16/><G16/><T80/><D67/><U87/><E42/><V32/><F119/><W58/><G58/><T26/><D65/><U19/><E19/><V116/><F116/><W107/><G107/><T17/><D17/><U44/><E30/><V74/><F105/><W83/><G83/><N who="0" m="49503" /><D26/><U132/><E132/><V22/><F106/><W59/><G59/><T112/><D11/><U73/><E57/><V123/><F123/><W50/><G50/><T27/><D27/><U135/><E135/><V118/><F118/><W100/><G100/><T34/><D10/><U77/><E25/><V110/><F43/><W125/><G125/><T113/><D34/><U49/><E49/><V3/><F32/><W51/><G51/><T13/><D13/><U7/><E7/><V38/><F4/><W91/><G91/><T8/><D8/><U84/><E53/><V71/><F71/><W47/><G47/><T45/><D45/><U56/><E56/><RYUUKYOKU ba="2,3" sc="216,15,254,-15,314,-15,186,15" hai0="72,78,80,103,104,112,113" hai3="6,9,12,14,15,20,21,23,79,81,95,99,102" /><INIT seed="3,3,3,1,5,111" ten="231,239,299,201" oya="3" hai0="28,39,118,6,31,16,112,32,9,58,130,19,27" hai1="67,5,61,8,62,13,12,50,1,77,70,76,98" hai2="49,17,42,122,47,0,125,95,69,2,64,116,43" hai3="35,100,84,106,135,3,56,53,91,52,11,33,41"/><W40/><G135/><T113/><D39/><U60/><E98/><V114/><F116/><W66/><G66/><T119/><D58/><U34/><E34/><V102/><F114/><N who="0" m="44138" /><D31/><U129/><E129/><V103/><F125/><W51/><G33/><T128/><D118/><U105/><E105/><V96/><F122/><W90/><G35/><T108/><D108/><U127/><E127/><V63/><F103/><W94/><G100/><T14/><D119/><U73/><E50/><V85/><F43/><W121/><G106/><T26/><D26/><U89/><E89/><V132/><F132/><W81/><G121/><T25/><D25/><U107/><E107/><V4/><F4/><W97/><G11/><T134/><D134/><U86/><E73/><V46/><F46/><W18/><G18/><AGARI ba="3,3" hai="6,9,14,16,18,19,27,28,32,128,130" m="44138" machi="18" ten="30,12000,2" yaku="11,1,34,2,52,3,54,1" doraHai="111" who="0" fromWho="3" sc="231,159,239,0,299,0,201,-129" /><INIT seed="4,0,0,5,3,50" ten="390,239,299,72" oya="0" hai0="114,83,42,22,48,56,81,100,64,120,60,14,12" hai1="115,9,104,26,7,38,65,102,68,8,33,106,101" hai2="1,28,130,111,49,16,37,118,107,34,19,126,95" hai3="27,17,10,43,119,103,75,134,6,82,15,21,36"/><T2/><D120/><U91/><E38/><V57/><F37/><W45/><G119/><T76/><D2/><U47/><E47/><V72/><F107/><W55/><G134/><T35/><D35/><U131/><E131/><V90/><F72/><W11/><G103/><T85/><D114/><U32/><E65/><V89/><F1/><W25/><G11/><T123/><D123/><U66/><E66/><V116/><F111/><W71/><G71/><T44/><D100/><U121/><E121/><V54/><F126/><W97/><G97/><T99/><D99/><U87/><E68/><V61/><F130/><W94/><G94/><T31/><D83/><U73/><E115/><V124/><F124/><W52/><REACH who="3" step="1"/><G27/><AGARI ba="0,0" hai="12,14,22,27,31,42,44,48,56,60,64,76,81,85" machi="27" ten="40,2000,0" yaku="8,1" doraHai="50" who="0" fromWho="3" sc="390,20,239,0,299,0,72,-20" /><INIT seed="4,1,0,0,2,35" ten="410,239,299,52" oya="0" hai0="33,50,12,52,17,63,133,115,43,25,2,69,80" hai1="30,121,9,75,88,99,41,125,77,44,61,27,47" hai2="98,16,15,48,104,86,101,94,89,7,19,114,83" hai3="1,55,66,116,74,21,100,135,97,46,68,128,117"/><T73/><D43/><U18/><E121/><V103/><F114/><W76/><G135/><T123/><D123/><U59/><E125/><V111/><F111/><W49/><G128/><T90/><D115/><U72/><E9/><V107/><F107/><W22/><G68/><T42/><D42/><U8/><E8/><V78/><F48/><W109/><G66/><T134/><D63/><U105/><E18/><V118/><F118/><W54/><G109/><T108/><D69/><U110/><E110/><V119/><F119/><W10/><G55/><T130/><D108/><U82/><E75/><V131/><F131/><W4/><G76/><T132/><D130/><U51/><E47/><V5/><F19/><W36/><G74/><T39/><D39/><U62/><E59/><V31/><F31/><W91/><G91/><T129/><D129/><U32/><REACH who="1" step="1"/><E105/><REACH who="1" ten="410,229,299,52" step="2"/><V34/><F104/><W124/><G124/><T0/><D73/><U96/><E96/><V93/><F7/><W38/><G117/><T53/><D133/><U71/><E71/><V20/><F5/><W79/><G116/><T11/><D132/><U24/><E24/><V113/><F113/><W23/><REACH who="3" step="1"/><G79/><REACH who="3" ten="410,229,299,42" step="2"/><T95/><D134/><U92/><AGARI ba="1,2" hai="27,30,32,41,44,51,61,62,72,77,82,88,92,99" machi="92" ten="30,7900,0" yaku="1,1,0,1,54,1,53,1" doraHai="35" doraHaiUra="40" who="1" fromWho="1" sc="410,-40,229,102,299,-21,42,-21" /><INIT seed="5,0,0,1,4,31" ten="370,331,278,21" oya="1" hai0="20,32,134,26,29,78,25,91,68,59,3,90,22" hai1="63,97,27,61,83,24,36,6,116,113,94,111,57" hai2="107,85,28,67,70,41,37,124,98,122,0,110,44" hai3="16,5,89,54,77,109,47,92,11,13,33,64,125"/><U39/><E116/><V9/><F110/><W12/><G109/><T117/><D68/><U119/><E119/><V132/><F132/><W102/><G125/><T100/><D117/><U123/><E111/><V71/><F124/><W10/><G102/><T118/><D118/><U129/><E123/><V40/><F40/><W58/><G77/><T99/><D3/><U130/><E113/><V46/><F122/><W75/><G75/><T82/><D134/><U108/><E108/><V105/><F46/><W35/><G64/><T1/><D1/><U18/><E6/><N who="2" m="1223" /><F85/><W72/><G47/><T87/><D59/><U101/><E83/><V8/><F8/><W21/><G11/><T65/><D65/><U69/><E69/><N who="2" m="26123" /><F67/><W114/><G114/><T50/><D50/><U80/><E80/><V15/><F15/><W42/><G42/><T95/><D22/><N who="1" m="13399" /><E27/><V84/><F84/><W34/><G72/><T45/><D45/><U38/><E57/><V17/><F17/><AGARI ba="0,0" hai="17,20,25,26,29,32,78,82,87,90,91,95,99,100" machi="17" ten="30,2000,0" yaku="7,1,52,1" doraHai="31" who="0" fromWho="2" sc="370,20,331,0,278,-20,21,0" /><INIT seed="6,0,0,2,1,12" ten="390,331,258,21" oya="2" hai0="68,100,35,0,93,113,45,95,18,80,117,42,73" hai1="63,64,98,21,111,50,104,48,97,121,123,116,54" hai2="88,130,103,1,82,39,23,106,22,49,20,107,131" hai3="28,57,102,26,91,115,44,109,53,85,61,105,7"/><V132/><F39/><W32/><G109/><T124/><D68/><U10/><E111/><V125/><F1/><W55/><G7/><T51/><D35/><U2/><E116/><V33/><F33/><W56/><G44/><T126/><D0/><U52/><E2/><V71/><F71/><W27/><G27/><T75/><D117/><U38/><E10/><V101/><F125/><W5/><G5/><T67/><D67/><U110/><E110/><V60/><F132/><W14/><G115/><T129/><D129/><N who="2" m="49162" /><F60/><W79/><G79/><T62/><D62/><U135/><E21/><V8/><F49/><N who="1" m="19049" /><E135/><V69/><F69/><W74/><G74/><T90/><D113/><U41/><E104/><N who="2" m="39979" /><F8/><W65/><G57/><T114/><D114/><U17/><E17/><V13/><F13/><W59/><G14/><T96/><D18/><U47/><E98/><V70/><F70/><W122/><G59/><T112/><D112/><U119/><E97/><V11/><F11/><W31/><G31/><T24/><D124/><U92/><E92/><V128/><N who="2" m="49170" /><V83/><DORA hai="37" /><F88/><W34/><G34/><T94/><D126/><U15/><E15/><V4/><F4/><W118/><G118/><T40/><D51/><U30/><E30/><V77/><F77/><W84/><G91/><T43/><D90/><U36/><E119/><V25/><F25/><W19/><G19/><T72/><D24/><U66/><E38/><V99/><F99/><N who="3" m="61663" /><G122/><N who="1" m="46602" /><E63/><V89/><F89/><W58/><G58/><T76/><D45/><U16/><E16/><V3/><F3/><W9/><G9/><RYUUKYOKU ba="0,0" sc="390,0,331,0,258,0,21,0" hai0="40,42,43,72,73,75,76,80,93,94,95,96,100" hai1="36,41,47,52,54,64,66" hai2="20,22,23,82,83,101,103" hai3="26,28,32,53,55,56,61,65,84,85" /><INIT seed="6,1,0,3,1,88" ten="390,331,258,21" oya="2" hai0="106,30,65,115,36,69,98,3,133,28,32,112,26" hai1="107,18,114,97,19,24,101,121,81,1,119,96,38" hai2="47,76,91,15,132,9,109,37,39,42,117,129,120" hai3="123,44,82,35,14,79,20,10,113,72,27,124,135"/><V34/><F117/><W62/><G123/><T50/><D36/><U7/><E119/><V125/><F120/><W64/><G35/><T63/><D3/><U57/><E121/><V130/><F34/><W48/><G135/><T51/><D30/><U128/><E38/><V40/><F132/><W111/><G111/><T17/><D17/><U41/><E41/><V56/><F76/><W84/><G124/><T122/><D122/><U131/><E114/><N who="0" m="43561" /><D133/><U73/><E96/><V55/><F109/><W59/><G113/><T100/><AGARI ba="1,0" hai="26,28,32,50,51,63,65,69,98,100,106" m="43561" machi="100" ten="30,2000,0" yaku="25,1,15,1" doraHai="88" who="0" fromWho="0" sc="390,23,331,-6,258,-11,21,-6" /><INIT seed="7,0,0,3,0,31" ten="413,325,247,15" oya="3" hai0="101,35,66,74,105,120,112,26,24,69,17,60,21" hai1="104,130,64,54,128,96,65,20,14,68,94,126,7" hai2="51,122,28,61,8,48,90,2,33,59,39,45,43" hai3="53,84,67,32,38,99,16,121,41,111,124,9,18"/><W19/><G121/><T108/><D108/><U134/><E104/><V110/><F110/><W133/><G111/><T98/><D120/><U92/><E126/><V23/><F122/><W27/><G124/><T114/><D74/><U129/><E134/><V79/><F79/><W97/><G133/><T82/><D82/><U49/><E68/><V125/><F125/><W73/><G73/><T87/><D87/><U116/><E116/><V6/><F23/><W86/><G67/><T0/><D0/><U37/><E37/><V72/><F72/><W71/><G71/><T36/><D36/><U77/><E77/><V113/><F113/><W91/><G9/><T117/><D117/><U57/><E94/><V13/><F13/><W93/><G53/><T11/><D11/><U131/><N who="1" m="32768" /><DORA hai="40" /><U100/><REACH who="1" step="1"/><E20/><REACH who="1" ten="413,315,247,15" step="2"/><V85/><F33/><W52/><G52/><T55/><D55/><U15/><E15/><V29/><F48/><W132/><G132/><T89/><D35/><U102/><E102/><V118/><F39/><W80/><G38/><T58/><D69/><U123/><E123/><V107/><F107/><W47/><G41/><T103/><D103/><U95/><E95/><V42/><F42/><W3/><G3/><T75/><D105/><U56/><E56/><V62/><F118/><W78/><REACH who="3" step="1"/><G47/><REACH who="3" ten="413,315,247,5" step="2"/><T30/><D112/><U5/><E5/><V70/><F70/><W1/><G1/><T83/><D114/><U115/><E115/><V10/><F10/><AGARI ba="0,2" hai="7,10,14,49,54,57,64,65,92,96,100" m="32768" machi="10" ten="70,8000,1" yaku="1,1,19,1,53,1" doraHai="31,40" doraHaiUra="76,46" who="1" fromWho="2" sc="413,0,315,100,247,-80,5,0" owari="413,21.0,415,51.0,167,-23.0,5,-49.0" /></mjloggm>