<mjloggm ver="2.3"><GO type="169" lobby="0"/><UN n0="%E3%83%87%E3%82%A3%E3%82%BD%E3%83%BC%E3%83%AB" n1="%E5%A4%9C%E6%98%8E%E3%81%91%E3%81%AE%42%45%41%54" n2="%3D%4A%61%6D" n3="%E5%B0%B1%E6%B4%BB%E7%94%9F%40%E5%B7%9D%E6%9D%91%E8%BB%8D%E5%9B%A3" dan="16,17,17,16" rate="2096.65,2151.11,2176.55,2182.08" sx="M,M,M,M"/><TAIKYOKU oya="0"/><INIT seed="0,0,0,3,5,102" ten="250,250,250,250" oya="0" hai0="8,64,42,124,41,129,11,77,119,56,118,23,86" hai1="90,78,6,108,113,3,109,70,71,31,106,48,1" hai2="111,22,135,69,112,38,24,83,96,68,91,16,128" hai3="40,131,126,35,103,127,39,115,10,37,123,133,81"/><T13/><D129/><U0/><E6/><V57/><F112/><W125/><G115/><T120/><D120/><U75/><E113/><V20/><F38/><W17/><G123/><T74/><D74/><U59/><E31/><V87/><F128/><W32/><G131/><T132/><D132/><U15/><E90/><V18/><F135/><W55/><G133/><T25/><D124/><U114/><E114/><V116/><F116/><W85/><G103/><T134/><D134/><U97/><E15/><V2/><F2/><W29/><G55/><T105/><D105/><U5/><E5/><V45/><F111/><N who="1" m="42569" /><E59/><V9/><F9/><W107/><G107/><T44/><D118/><U121/><E48/><V66/><F45/><W58/><G58/><T99/><D119/><U84/><E84/><V117/><F117/><W33/><G29/><T80/><D99/><U79/><E121/><V43/><F43/><W7/><G40/><T98/><D98/><U101/><E79/><V26/><F96/><W27/><G27/><T89/><D77/><U46/><E46/><V12/><REACH who="2" step="1"/><F12/><REACH who="2" ten="250,250,240,250" step="2"/><N who="3" m="7319" /><G7/><T73/><D11/><U47/><E47/><V92/><F92/><W65/><G39/><T76/><D8/><U14/><E14/><V94/><F94/><W54/><G37/><N who="0" m="21551" /><D42/><U104/><E104/><V52/><F52/><W61/><G54/><T28/><D13/><U122/><E122/><V72/><F72/><W95/><G95/><N who="0" m="54711" /><D64/><U49/><E49/><V63/><AGARI ba="0,1" hai="16,18,20,22,24,26,57,63,66,68,69,83,87,91" machi="63" ten="30,7900,0" yaku="1,1,0,1,9,1,54,1,53,0" doraHai="102" doraHaiUra="100" who="2" fromWho="2" sc="250,-39,250,-20,240,89,250,-20" /><INIT seed="1,0,0,4,5,41" ten="211,230,329,230" oya="1" hai0="91,134,121,73,106,22,60,99,80,16,36,55,95" hai1="42,56,20,69,4,89,110,104,1,67,0,14,111" hai2="126,12,27,132,113,85,47,130,114,127,32,52,79" hai3="8,5,115,61,58,30,15,29,33,17,108,96,76"/><U44/><E104/><V51/><F132/><W93/><G115/><N who="2" m="44041" /><F12/><W34/><G108/><N who="1" m="41514" /><E69/><V98/><F98/><W45/><G34/><T131/><D134/><U135/><E135/><V92/><F130/><W87/><G33/><T3/><D3/><N who="1" m="1099" /><E89/><N who="2" m="53295" /><F79/><W59/><G59/><N who="0" m="34943" /><D106/><U117/><E117/><V9/><F9/><W54/><G5/><T7/><D131/><U65/><E56/><V74/><F74/><W133/><G133/><T10/><D121/><U109/><N who="1" m="41522" /><U81/><DORA hai="112" /><E81/><V84/><F84/><W63/><G87/><T122/><D122/><U78/><E78/><V53/><F53/><W57/><G76/><T128/><D128/><U26/><E14/><V83/><F83/><W19/><G58/><T39/><D80/><U125/><E4/><V70/><F70/><W129/><G63/><T86/><D73/><U35/><E35/><V100/><F100/><W101/><G129/><T119/><D86/><U68/><E125/><N who="2" m="47627" /><F32/><W94/><G101/><T124/><D124/><U77/><E77/><V107/><F107/><W62/><G96/><T116/><D7/><U75/><E75/><V49/><F27/><W24/><G62/><T6/><D6/><U105/><E105/><V11/><F11/><W25/><G25/><T37/><D10/><U43/><E68/><V64/><F64/><N who="1" m="24649" /><E44/><V82/><F82/><W31/><G45/><T40/><D40/><U48/><E48/><AGARI ba="0,0" hai="47,48,49,51,52" m="47627,53295,44041" machi="48" ten="30,7700,0" yaku="11,1,18,1,52,1,54,1" doraHai="41,112" who="2" fromWho="1" sc="211,0,230,-77,329,77,230,0" /><INIT seed="2,0,0,5,0,78" ten="211,153,406,230" oya="2" hai0="28,115,11,30,83,24,105,87,103,113,17,73,82" hai1="125,92,80,13,91,121,108,16,43,54,64,55,3" hai2="122,21,31,74,12,50,134,77,85,123,6,42,118" hai3="130,52,104,131,48,71,75,126,7,110,32,72,56"/><V111/><F118/><W119/><G119/><T94/><D11/><U61/><E3/><V10/><F74/><W33/><G104/><T51/><D17/><U114/><E114/><V88/><F134/><W132/><G132/><T36/><D36/><U38/><E108/><V127/><F127/><W14/><G71/><T135/><D135/><U5/><E125/><V90/><F111/><W25/><G110/><T8/><D8/><U133/><E133/><V45/><F123/><W59/><G59/><T116/><D116/><U1/><E121/><V63/><F63/><W96/><G96/><T112/><D51/><U40/><E1/><V86/><F122/><W2/><G2/><T102/><D24/><U22/><E5/><V49/><F85/><W60/><G60/><T20/><D20/><U69/><E80/><N who="0" m="30761" /><D30/><U66/><E66/><V57/><F77/><W81/><G25/><T117/><D28/><U129/><E129/><N who="3" m="49162" /><G75/><T107/><D117/><U95/><E95/><V44/><F21/><W29/><G29/><T93/><D73/><U120/><E120/><V9/><F9/><N who="3" m="4415" /><G126/><T101/><D87/><U99/><REACH who="1" step="1"/><E38/><REACH who="1" ten="211,143,406,230" step="2"/><V65/><F6/><W76/><AGARI ba="0,1" hai="32,33,48,52,56,72,76,81" m="4415,49162" machi="76" ten="30,4000,0" yaku="19,1,52,1,54,1" doraHai="78" who="3" fromWho="3" sc="211,-10,143,-10,406,-20,230,50" /><INIT seed="3,0,0,3,3,37" ten="201,133,386,280" oya="3" hai0="92,51,99,91,26,113,3,104,8,125,89,84,46" hai1="73,14,102,88,55,94,30,80,24,134,10,5,123" hai2="23,19,36,22,31,62,78,118,59,97,132,121,50" hai3="35,63,128,47,43,17,77,131,41,107,127,15,38"/><W29/><G107/><T68/><D125/><U100/><E123/><V27/><F36/><W124/><G77/><T70/><D113/><U54/><E134/><V18/><F118/><W44/><G29/><T20/><D3/><U25/><E73/><V71/><F121/><W67/><G35/><T135/><D8/><U85/><E25/><V39/><F39/><N who="3" m="21567" /><G17/><T105/><D135/><U45/><E94/><V4/><F4/><W61/><G61/><T126/><D126/><N who="3" m="48169" /><G15/><T129/><D129/><U93/><E93/><V115/><F115/><W53/><G53/><T130/><D130/><U87/><E87/><V103/><F78/><W110/><G110/><T57/><D104/><U74/><E74/><V119/><F119/><W34/><G34/><T116/><D116/><U32/><REACH who="1" step="1"/><E45/><REACH who="1" ten="201,123,386,280" step="2"/><V28/><F132/><W52/><G52/><AGARI ba="0,1" hai="5,10,14,24,30,32,52,54,55,80,85,88,100,102" machi="52" ten="40,8000,1" yaku="1,1,2,1,54,2,53,1" doraHai="37" doraHaiUra="83" who="1" fromWho="3" sc="201,0,123,90,386,0,280,-80" /><INIT seed="4,0,0,3,4,87" ten="201,213,386,200" oya="0" hai0="38,121,68,7,97,131,83,95,34,4,65,84,122" hai1="41,53,104,120,60,126,54,124,3,125,85,25,46" hai2="2,111,135,123,26,47,57,30,33,91,9,27,116" hai3="79,44,75,112,40,8,36,103,132,98,39,11,63"/><T133/><D38/><U86/><E3/><V49/><F111/><W0/><G39/><T5/><D131/><U51/><E104/><V69/><F69/><W80/><G112/><T19/><D133/><U73/><E73/><V100/><F100/><W42/><G42/><T35/><D68/><U78/><E120/><V58/><F123/><W43/><G43/><T32/><D65/><U108/><E108/><V56/><F135/><W82/><G132/><T102/><REACH who="0" step="1"/><D19/><REACH who="0" ten="191,213,386,200" step="2"/><U17/><E124/><V114/><F116/><W96/><G0/><T10/><D10/><U62/><E125/><V45/><F9/><W74/><G11/><T16/><D16/><U24/><E126/><V113/><F2/><W14/><G8/><T15/><D15/><U22/><E24/><V129/><F129/><W37/><G14/><T21/><D21/><U1/><E1/><V101/><F27/><W61/><G37/><T128/><D128/><U134/><E134/><V117/><F26/><W18/><G18/><T28/><D28/><U109/><E109/><V89/><F30/><W13/><G13/><T127/><D127/><U31/><E31/><V99/><F117/><W81/><G75/><T23/><D23/><U71/><E71/><V52/><F114/><W106/><G74/><T88/><AGARI ba="0,1" hai="4,5,7,32,34,35,83,84,88,95,97,102,121,122" machi="88" ten="40,12000,1" yaku="1,1,0,1,52,1,54,1,53,0" doraHai="87" doraHaiUra="115" who="0" fromWho="0" sc="191,130,213,-40,386,-40,200,-40" /><INIT seed="4,1,0,4,1,93" ten="321,173,346,160" oya="0" hai0="89,60,51,135,64,48,21,29,65,87,7,62,92" hai1="121,88,4,68,132,67,99,70,31,73,100,50,97" hai2="9,23,122,58,82,45,36,13,117,10,91,6,102" hai3="26,109,61,115,126,2,86,108,79,56,38,72,133"/><T33/><D33/><U110/><E110/><V134/><F122/><W75/><G38/><T131/><D131/><U90/><E121/><V127/><F117/><W80/><G2/><T125/><D125/><U83/><E132/><V43/><F127/><W116/><G126/><T107/><D135/><U16/><E70/><V54/><F134/><W63/><G133/><T95/><D107/><U11/><E68/><V47/><F102/><W123/><G116/><T8/><D92/><U1/><E31/><V71/><F71/><W53/><G123/><T85/><D85/><U3/><E3/><V104/><F104/><W81/><G115/><T52/><D29/><U96/><E100/><V49/><F23/><W42/><G42/><T129/><D129/><U15/><E67/><N who="0" m="25673" /><D21/><U114/><E114/><V112/><F112/><W66/><G75/><T77/><D77/><U34/><E34/><V55/><F10/><W22/><G66/><T46/><D51/><U76/><REACH who="1" step="1"/><E50/><REACH who="1" ten="321,163,346,160" step="2"/><V128/><F128/><W84/><G63/><T120/><D120/><U39/><E39/><V25/><F36/><W35/><G35/><T32/><D32/><U41/><E41/><V5/><F43/><W0/><G0/><T19/><D7/><U37/><E37/><V57/><F5/><W12/><G108/><T24/><D24/><U105/><E105/><V98/><F25/><W69/><G109/><T130/><D130/><U103/><E103/><V94/><F6/><W20/><G69/><T106/><D106/><U14/><E14/><AGARI ba="1,1" hai="8,14,19,46,48,52,60,62,87,89,95" m="25673" machi="14" ten="30,2900,0" yaku="8,1,54,1" doraHai="93" who="0" fromWho="1" sc="321,42,163,-32,346,0,160,0" /><INIT seed="4,2,0,3,3,40" ten="363,131,346,160" oya="0" hai0="56,120,42,72,98,112,62,116,117,79,25,43,109" hai1="14,82,1,22,55,13,91,95,85,69,4,48,49" hai2="89,30,28,18,92,70,106,123,103,23,34,0,33" hai3="84,80,108,45,110,46,127,68,118,126,76,47,93"/><T71/><D25/><U39/><E69/><V73/><F70/><W102/><G68/><T97/><D120/><U66/><E39/><V26/><F73/><W50/><G118/><T83/><D109/><U122/><E122/><V99/><F0/><W53/><G102/><T130/><D71/><U60/><E1/><V65/><F65/><W9/><G93/><T20/><D112/><U37/><E37/><V64/><F64/><W129/><G9/><T19/><D130/><U52/><E66/><V81/><F81/><W15/><G15/><N who="1" m="5642" /><E4/><V3/><F3/><W113/><G113/><T88/><D116/><U111/><E111/><N who="3" m="42538" /><G129/><T10/><D117/><U101/><E22/><V17/><F123/><W75/><G75/><T78/><D10/><U100/><E60/><V134/><F134/><W94/><G94/><T24/><D79/><N who="1" m="46303" /><E48/><V115/><F23/><W105/><G105/><T63/><D62/><U38/><E38/><V8/><F8/><W35/><G35/><T86/><D98/><N who="1" m="57727" /><E55/><V104/><F104/><W58/><G76/><T96/><D96/><U41/><E41/><V61/><F61/><N who="3" m="36047" /><G84/><T107/><D107/><U74/><E74/><V57/><F115/><W32/><G80/><N who="0" m="49223" /><D97/><U44/><AGARI ba="2,0" hai="44,49,52,100,101" m="57727,46303,5642" machi="44" ten="30,4000,0" yaku="8,1,52,1,54,1" doraHai="40" who="1" fromWho="1" sc="363,-22,131,46,346,-12,160,-12" /><INIT seed="5,0,0,1,2,108" ten="341,177,334,148" oya="1" hai0="91,68,3,127,50,2,115,42,56,125,111,81,96" hai1="77,104,28,61,112,66,73,95,32,59,0,119,62" hai2="78,13,105,99,12,11,85,51,124,37,132,43,52" hai3="5,4,116,88,90,9,64,57,26,98,36,93,63"/><U48/><E104/><V131/><F124/><N who="0" m="47690" /><D111/><U29/><E119/><V113/><F132/><W103/><G116/><T86/><D68/><U102/><E0/><V79/><F131/><W14/><G36/><T110/><D110/><U67/><E32/><V58/><F13/><W54/><G4/><T94/><D115/><U121/><E121/><V25/><F25/><W47/><REACH who="3" step="1"/><G26/><REACH who="3" ten="341,177,334,138" step="2"/><T133/><D133/><U72/><E112/><V100/><F113/><W74/><G74/><T123/><D123/><U101/><E72/><V8/><F37/><W87/><G87/><T15/><D15/><U24/><E73/><V49/><F12/><W22/><G22/><T107/><D3/><U89/><E24/><V7/><F7/><W97/><G97/><T120/><D2/><U53/><E77/><V126/><F126/><W27/><G27/><T31/><D120/><U55/><E28/><V10/><F85/><W135/><G135/><T34/><D31/><U38/><E29/><V16/><F16/><W20/><G20/><T19/><D34/><U17/><E38/><V6/><F6/><W70/><G70/><T39/><D19/><U30/><E17/><V106/><F79/><W92/><G92/><T130/><D107/><U83/><E30/><V82/><F105/><W80/><G80/><T69/><D69/><U21/><E83/><V23/><F23/><W134/><G134/><T76/><D39/><U75/><E75/><N who="2" m="43359" /><F8/><W46/><G46/><N who="0" m="25943" /><D130/><U114/><E114/><V40/><F40/><W65/><G65/><N who="1" m="24586" /><E21/><V45/><F106/><W41/><G41/><T109/><D109/><RYUUKYOKU ba="0,1" sc="341,10,177,-30,334,10,138,10" hai0="56,76,81,86,91,94,96" hai2="10,11,43,45,49,51,52,58,99,100" hai3="5,9,14,47,54,57,63,64,88,90,93,98,103" /><INIT seed="6,1,1,2,0,49" ten="351,147,344,148" oya="2" hai0="91,124,76,34,80,105,51,117,2,115,67,57,33" hai1="26,77,25,100,10,119,9,61,74,125,12,58,104" hai2="28,110,42,103,94,0,85,13,111,134,133,130,47" hai3="99,97,46,53,29,120,116,75,5,14,84,90,44"/><V128/><F0/><W121/><G75/><T109/><D109/><N who="2" m="41482" /><F28/><W69/><G69/><T20/><D105/><U27/><E119/><V78/><F13/><W71/><G71/><T106/><D106/><U122/><E125/><V62/><F62/><W50/><G116/><T55/><D117/><U129/><E129/><N who="2" m="49771" /><F78/><W37/><G37/><T45/><D2/><U38/><E38/><N who="2" m="21975" /><F103/><W87/><G29/><T6/><D124/><U79/><E122/><V65/><F65/><W92/><G120/><T18/><D6/><U101/><E74/><V60/><F60/><W48/><G121/><T16/><D18/><N who="1" m="8471" /><E9/><V23/><F23/><W81/><G14/><T36/><D34/><U112/><E104/><V40/><F40/><N who="3" m="24583" /><G5/><T39/><D33/><U54/><E112/><V32/><F32/><W132/><G132/><N who="2" m="50793" /><F94/><W56/><G46/><T63/><D115/><U95/><E101/><V22/><F22/><W19/><G19/><T52/><D91/><AGARI ba="1,1" hai="50,53,56,81,84,87,90,91,92,97,99" m="24583" machi="91" ten="30,2000,0" yaku="8,1,52,1" doraHai="49" who="3" fromWho="0" sc="351,-23,147,0,344,0,148,33" /><INIT seed="7,0,0,5,2,47" ten="328,147,344,181" oya="3" hai0="100,118,43,65,17,101,76,121,34,123,21,135,107" hai1="52,48,129,126,80,64,79,58,3,10,86,5,72" hai2="134,15,38,116,25,60,115,113,50,71,77,63,23" hai3="68,111,82,46,16,66,88,133,44,8,99,2,35"/><W29/><G133/><T125/><D118/><U97/><E126/><V119/><F38/><W30/><G35/><T78/><D34/><U51/><E129/><V120/><F134/><W98/><G68/><T124/><D65/><U31/><E64/><N who="2" m="41351" /><F63/><W13/><G66/><T57/><D57/><U41/><E31/><N who="3" m="11786" /><G2/><T73/><D43/><U9/><E9/><V85/><F15/><W105/><G105/><T56/><D56/><U27/><E27/><V11/><F11/><W117/><G117/><T106/><D21/><U39/><E39/><V20/><F120/><W89/><G111/><T102/><D17/><U36/><E36/><V108/><F23/><W67/><G67/><T53/><D53/><U18/><E18/><N who="2" m="12439" /><F108/><W94/><G82/><N who="0" m="45327" /><D135/><U70/><E70/><V61/><F61/><W75/><G75/><T1/><D1/><U130/><E130/><V32/><F32/><W92/><AGARI ba="0,0" hai="8,13,16,44,46,88,89,92,94,98,99" m="11786" machi="92" ten="30,6000,0" yaku="8,1,54,2" doraHai="47" who="3" fromWho="3" sc="328,-20,147,-20,344,-20,181,60" /><INIT seed="7,1,0,0,2,4" ten="308,127,324,241" oya="3" hai0="64,75,112,102,58,43,114,126,52,61,56,130,32" hai1="129,76,2,95,117,85,6,119,133,78,42,111,16" hai2="68,15,96,55,124,27,51,60,82,13,79,48,121" hai3="103,128,131,25,94,70,53,29,123,80,23,73,127"/><W59/><G123/><T90/><D130/><N who="3" m="49705" /><G70/><T88/><D126/><U69/><E129/><V24/><F121/><W72/><G127/><T49/><D75/><U66/><E111/><V120/><F120/><W115/><G115/><N who="0" m="44075" /><D32/><U33/><E33/><V97/><F124/><W31/><G31/><T74/><D74/><U14/><E133/><V71/><F60/><N who="3" m="35951" /><G80/><T19/><D102/><U109/><E109/><V34/><F34/><W35/><G35/><T44/><D19/><U122/><E122/><V46/><F46/><W20/><G20/><T36/><AGARI ba="1,0" hai="36,43,44,49,52,56,58,61,64,88,90" m="44075" machi="36" ten="30,7900,0" yaku="15,1,11,1,54,2" doraHai="4" who="0" fromWho="0" sc="308,82,127,-21,324,-21,241,-40" owari="390,49.0,106,-39.0,303,10.0,201,-20.0" /></mjloggm>