<mjloggm ver="2.3"><GO type="169" lobby="0"/><UN n0="%E5%B0%8F%E6%89%8B%E8%BF%94%E6%92%B2%E6%BB%85%E4%BC%9A%E9%95%B7" n1="%E3%81%8C%E3%83%BC%E3%81%AD%E3%81%A3%E3%81%A8" n2="%E3%83%88%E3%83%88%E3%83%AA%E5%85%88%E7%94%9F%31%39%E6%AD%B3" n3="%E3%81%8D%E3%81%97%E3%82%8A%E3%81%A3%E3%81%97%E3%82%85" dan="16,16,19,16" rate="2041.32,2110.94,2292.00,2087.08" sx="M,M,F,M"/><TAIKYOKU oya="0"/><INIT seed="0,0,0,4,5,48" ten="250,250,250,250" oya="0" hai0="121,87,129,43,13,30,25,3,124,117,71,77,39" hai1="27,114,46,29,4,50,5,98,36,91,21,1,26" hai2="122,120,65,12,97,81,88,119,112,16,51,125,15" hai3="60,76,56,107,134,24,28,130,23,33,52,64,74"/><T95/><D117/><U0/><E36/><V32/><F112/><W73/><G107/><T90/><D3/><U93/><E114/><V18/><F32/><W99/><G134/><T7/><D121/><U38/><E38/><V92/><F119/><W47/><G130/><T9/><D71/><U135/><E135/><V42/><F125/><W19/><G99/><T8/><D129/><U34/><E1/><V80/><F65/><W37/><G76/><T86/><D9/><U106/><E106/><V132/><F132/><W113/><G113/><T54/><D43/><U128/><E0/><V111/><F111/><W10/><G10/><T14/><D14/><N who="2" m="5162" /><F122/><W79/><G79/><T115/><D39/><U110/><E110/><V2/><F2/><W133/><G133/><T127/><D115/><U103/><E103/><V105/><F105/><W69/><G28/><T20/><D77/><U116/><E116/><V118/><F118/><W41/><REACH who="3" step="1"/><G33/><REACH who="3" ten="250,250,250,240" step="2"/><T22/><D87/><U44/><E128/><V123/><F123/><W45/><G45/><T83/><D127/><U131/><E46/><N who="2" m="26071" /><F120/><W59/><G59/><T109/><D124/><U53/><E131/><V85/><F85/><W61/><AGARI ba="0,1" hai="19,23,24,37,41,47,52,56,60,61,64,69,73,74" machi="61" ten="20,12000,2" yaku="1,1,0,1,7,1,52,1,54,1,53,2" doraHai="48" doraHaiUra="104" who="3" fromWho="3" sc="250,-60,250,-30,250,-30,240,130" /><INIT seed="1,0,0,0,0,118" ten="190,220,220,370" oya="1" hai0="4,111,7,8,78,61,41,75,97,84,67,92,33" hai1="100,42,74,29,80,132,30,109,134,25,135,11,35" hai2="72,130,34,86,40,31,99,133,63,91,28,17,38" hai3="131,13,54,19,82,108,58,6,126,83,123,87,104"/><U103/><E42/><V21/><F72/><W62/><G104/><T90/><D111/><U66/><E66/><V85/><F34/><W20/><G108/><T2/><D33/><U129/><E109/><V18/><F130/><W48/><G131/><T9/><D41/><U24/><E129/><V124/><F124/><W110/><G126/><T49/><D49/><U44/><E44/><V70/><F133/><W95/><G123/><T16/><D75/><U94/><E11/><V114/><F114/><W115/><G115/><T116/><D116/><U102/><E94/><V79/><F17/><W112/><G110/><T3/><D78/><U43/><E43/><V105/><F79/><W53/><G6/><T55/><D55/><U50/><E50/><V52/><F40/><W128/><G128/><T71/><D97/><U39/><E39/><V65/><F38/><W93/><G112/><T51/><D51/><U117/><E117/><V89/><F105/><W73/><G73/><T60/><D61/><U121/><E121/><V27/><F99/><W47/><G83/><T127/><D127/><U113/><E113/><V107/><F107/><W22/><G22/><T64/><REACH who="0" step="1"/><D67/><REACH who="0" ten="180,220,220,370" step="2"/><U37/><E37/><V88/><REACH who="2" step="1"/><F52/><REACH who="2" ten="180,220,210,370" step="2"/><W26/><G53/><T59/><D59/><U125/><E125/><V12/><F12/><W56/><G13/><T57/><D57/><U96/><E74/><V69/><F69/><W1/><G58/><T32/><D32/><U23/><E96/><V10/><F10/><W45/><G56/><T36/><D36/><U81/><AGARI ba="0,2" hai="23,24,25,29,30,35,80,81,100,102,103,132,134,135" machi="81" ten="40,3900,0" yaku="0,1,20,1" doraHai="118" who="1" fromWho="1" sc="180,-13,220,59,210,-13,370,-13" /><INIT seed="1,1,0,5,5,38" ten="167,279,197,357" oya="1" hai0="53,68,74,123,85,66,14,29,118,6,89,33,121" hai1="20,112,113,44,57,77,116,114,59,100,58,46,132" hai2="95,40,83,52,0,51,86,120,72,48,128,60,18" hai3="69,13,122,27,96,10,126,15,28,81,131,63,79"/><U4/><E116/><V22/><F120/><W64/><G122/><T39/><D74/><U133/><E77/><V119/><F119/><W2/><G131/><T130/><D118/><U97/><E4/><V105/><F105/><W78/><G126/><T34/><D130/><U12/><E12/><V36/><F0/><W117/><G117/><T16/><D6/><U49/><E20/><V37/><F128/><W19/><G2/><T80/><D39/><U9/><E9/><V7/><F7/><W71/><G71/><T56/><D66/><U62/><E62/><V94/><F72/><W25/><G79/><T11/><D68/><U106/><REACH who="1" step="1"/><E46/><REACH who="1" ten="167,269,197,357" step="2"/><N who="2" m="25671" /><F60/><W1/><G1/><T101/><D34/><U98/><E98/><V111/><F111/><W47/><G47/><T24/><REACH who="0" step="1"/><D101/><REACH who="0" ten="157,269,197,357" step="2"/><U70/><E70/><V35/><F35/><W5/><G69/><T127/><D127/><U41/><AGARI ba="1,2" hai="41,44,49,57,58,59,97,100,106,112,113,114,132,133" machi="41" ten="40,7800,0" yaku="1,1,0,1,52,1,53,0" doraHai="38" doraHaiUra="107" who="1" fromWho="1" sc="157,-27,269,101,197,-27,357,-27" /><INIT seed="1,2,0,0,2,47" ten="130,370,170,330" oya="1" hai0="27,28,12,19,100,109,45,36,74,75,92,93,129" hai1="48,88,41,98,85,25,59,51,65,106,117,56,81" hai2="7,1,128,111,11,132,66,26,72,15,127,30,108" hai3="86,80,29,78,8,2,22,24,82,63,77,95,37"/><U16/><E117/><V57/><F72/><W10/><G37/><T20/><D109/><N who="2" m="42058" /><F66/><W102/><G2/><T84/><D129/><U53/><E41/><V71/><F71/><W0/><G0/><T34/><D93/><N who="1" m="56615" /><E106/><V13/><F57/><N who="1" m="22089" /><E53/><V49/><F49/><W42/><G42/><T73/><D84/><U79/><E65/><V97/><F97/><W134/><G63/><T119/><D119/><U23/><AGARI ba="2,0" hai="16,23,25,48,51,79,81,85" m="22089,56615" machi="23" ten="30,12000,1" yaku="8,1,52,2,54,2" doraHai="47" who="1" fromWho="1" sc="130,-42,370,126,170,-42,330,-42" /><INIT seed="1,3,0,3,3,6" ten="88,496,128,288" oya="1" hai0="107,66,39,58,121,84,24,36,33,129,65,105,128" hai1="97,60,16,48,74,53,22,124,81,55,57,45,106" hai2="63,118,112,92,110,14,13,23,42,0,103,79,54" hai3="32,44,12,133,88,102,75,35,117,93,125,87,111"/><U108/><E124/><V120/><F118/><W71/><G71/><T91/><D33/><U43/><E108/><V94/><F120/><W98/><G133/><T115/><D115/><U96/><E106/><V76/><F0/><W26/><G75/><T73/><D73/><U2/><E2/><V20/><F112/><W64/><G64/><N who="0" m="24683" /><D24/><U132/><E132/><V68/><F42/><W90/><G111/><T61/><D61/><U5/><E5/><V31/><F68/><W70/><G70/><T19/><D19/><U46/><E81/><V9/><F110/><W62/><G62/><T10/><D58/><U17/><E74/><V59/><F14/><W30/><G90/><T85/><D121/><U40/><E17/><V37/><F37/><N who="0" m="14410" /><D10/><U34/><E34/><V41/><F41/><N who="1" m="15945" /><E45/><V7/><F94/><W131/><G44/><T72/><D91/><U67/><E67/><V27/><REACH who="2" step="1"/><F23/><REACH who="2" ten="88,496,118,288" step="2"/><W69/><G69/><T78/><D107/><U126/><E126/><V49/><F49/><W135/><G125/><T51/><D51/><U21/><E22/><V109/><F109/><W29/><G32/><T99/><D105/><U38/><E38/><V80/><F80/><W15/><G35/><T1/><D1/><U50/><E48/><V127/><F127/><W114/><G114/><T77/><D72/><U101/><E50/><V82/><F82/><W83/><G83/><T47/><D47/><U11/><E46/><V86/><F86/><W130/><G87/><T89/><D85/><U113/><E113/><V119/><F119/><W56/><G117/><T134/><D84/><RYUUKYOKU ba="3,1" sc="88,-10,496,-10,118,30,288,-10" hai2="7,9,13,20,27,31,54,59,63,76,79,92,103" /><INIT seed="2,4,1,4,2,46" ten="78,486,148,278" oya="2" hai0="66,105,37,33,69,16,89,39,36,117,20,72,111" hai1="61,98,128,34,103,15,121,14,32,97,51,31,115" hai2="21,24,91,42,101,17,76,63,118,13,126,85,82" hai3="60,119,6,70,106,26,64,5,9,94,41,18,131"/><V19/><F126/><W53/><G106/><T35/><D105/><U112/><E61/><V84/><F118/><W108/><G41/><T124/><D72/><U1/><E1/><V55/><F101/><W44/><G108/><T87/><D111/><U123/><E103/><V125/><F125/><W0/><G131/><T114/><D114/><U50/><REACH who="1" step="1"/><E31/><REACH who="1" ten="78,476,148,278" step="2"/><V28/><F63/><W30/><G60/><T75/><D124/><U48/><E48/><V113/><F113/><W122/><G30/><T8/><D117/><U54/><E54/><V22/><F55/><W80/><G53/><T100/><D100/><U132/><E132/><V74/><F42/><W88/><G0/><T73/><D39/><U78/><E78/><V134/><F134/><W71/><G119/><T77/><D37/><U79/><E79/><V68/><F68/><W127/><G71/><T58/><D77/><U2/><E2/><V38/><F38/><W95/><G70/><T57/><D36/><U116/><E116/><V135/><F135/><W12/><G127/><T49/><D69/><U90/><E90/><V3/><F3/><W43/><G88/><T93/><D89/><U29/><E29/><V23/><REACH who="2" step="1"/><F91/><REACH who="2" ten="78,476,138,278" step="2"/><W83/><G43/><T47/><D47/><U4/><E4/><V56/><F56/><W7/><G7/><T92/><D58/><U40/><E40/><V65/><F65/><W107/><G64/><T59/><D57/><U11/><E11/><V27/><AGARI ba="4,3" hai="13,17,19,21,22,23,24,27,28,74,76,82,84,85" machi="27" ten="20,3900,0" yaku="1,1,0,1,7,1,53,0" doraHai="46" doraHaiUra="130" who="2" fromWho="2" sc="78,-17,476,-17,138,81,278,-17" /><INIT seed="2,5,0,0,2,32" ten="61,459,219,261" oya="2" hai0="22,91,129,40,9,119,124,68,101,29,99,103,21" hai1="25,8,121,54,79,106,5,83,114,1,118,93,80" hai2="18,117,48,110,104,57,84,28,0,131,69,95,105" hai3="123,82,20,55,51,132,126,127,72,33,52,96,133"/><V122/><F117/><W107/><G33/><T50/><D68/><U45/><E114/><V6/><F122/><W61/><G123/><T16/><D119/><U102/><E106/><V38/><F38/><W7/><G61/><T111/><D111/><U15/><E121/><V90/><F69/><W59/><G55/><T76/><D76/><U10/><E25/><V130/><F110/><W109/><G109/><T66/><D66/><U87/><E118/><V17/><F28/><W67/><G67/><T125/><D129/><N who="2" m="49162" /><F48/><W86/><G72/><T11/><D40/><U92/><E102/><N who="0" m="38921" /><D50/><U39/><E83/><V63/><F104/><W113/><G96/><T34/><D34/><U36/><E39/><V78/><F78/><N who="3" m="46423" /><G113/><T120/><D120/><U58/><E45/><V94/><F94/><W24/><G7/><T23/><D29/><U73/><E36/><V3/><F6/><W100/><G100/><T128/><D128/><U12/><E92/><V47/><F47/><W13/><G107/><T89/><D99/><U65/><E93/><V60/><F105/><W116/><G116/><T46/><D46/><U81/><E81/><V71/><F71/><W62/><G51/><T4/><D4/><U14/><E73/><V27/><F60/><W98/><G98/><T64/><D64/><U97/><E65/><N who="2" m="39151" /><F18/><W30/><G62/><T56/><D16/><U43/><E43/><V85/><F84/><W26/><G59/><T75/><D56/><U112/><E112/><V42/><F42/><W31/><G31/><T108/><D108/><U74/><E74/><V77/><F77/><RYUUKYOKU ba="5,0" sc="61,-10,459,-10,219,30,261,-10" hai2="0,3,17,27,85,90,95" /><INIT seed="2,6,0,3,3,98" ten="51,449,249,251" oya="2" hai0="89,86,133,30,75,93,112,40,60,54,95,131,96" hai1="69,125,72,56,78,42,109,22,0,101,67,58,9" hai2="100,23,59,126,52,76,77,3,134,2,11,28,16" hai3="107,79,127,13,121,119,135,110,64,41,91,50,105"/><V32/><F134/><W45/><G121/><T130/><D112/><U120/><E42/><V117/><F117/><W14/><G119/><T129/><D133/><U94/><E109/><V31/><F126/><W123/><G123/><T103/><D40/><U26/><E120/><V1/><F11/><W10/><G107/><T118/><D118/><U90/><E101/><V122/><F122/><W111/><G105/><T27/><D75/><U37/><E37/><V108/><F108/><W44/><G127/><T12/><D12/><U66/><E78/><V24/><F100/><W48/><G135/><T53/><REACH who="0" step="1"/><D60/><REACH who="0" ten="41,449,249,251" step="2"/><U80/><E72/><V15/><REACH who="2" step="1"/><F31/><REACH who="2" ten="41,449,239,251" step="2"/><W21/><G111/><T35/><AGARI ba="6,2" hai="27,30,35,53,54,86,89,93,95,96,103,129,130,131" machi="35" ten="30,8000,1" yaku="1,1,2,1,0,1,19,1,52,1,53,0" doraHai="98" doraHaiUra="62" who="0" fromWho="0" sc="41,118,449,-26,239,-46,251,-26" /><INIT seed="3,0,0,4,2,25" ten="159,423,193,225" oya="3" hai0="9,134,61,60,13,97,122,47,117,24,124,91,104" hai1="66,63,35,55,65,10,85,83,125,120,22,44,8" hai2="18,28,113,48,100,110,86,82,105,80,6,102,131" hai3="40,12,19,45,130,31,20,129,54,2,32,90,111"/><W118/><G118/><T16/><D122/><U71/><E35/><V75/><F113/><W127/><G2/><T76/><D117/><U78/><E120/><V1/><F131/><W15/><G54/><T36/><D134/><U114/><E125/><V50/><F110/><W4/><G127/><T14/><D76/><U70/><E114/><V92/><F105/><W30/><G32/><T3/><D3/><U95/><E22/><V49/><F28/><N who="3" m="10795" /><G111/><T37/><D37/><U123/><E123/><V27/><F6/><W96/><G4/><T72/><D24/><U5/><E44/><V59/><F1/><W56/><G56/><T121/><D72/><U7/><E95/><V128/><F75/><W87/><G96/><T33/><D33/><U77/><E55/><V34/><F59/><W107/><G107/><T21/><D104/><U133/><E133/><V11/><F128/><N who="3" m="49259" /><G12/><T101/><D121/><U135/><E135/><V26/><F34/><W115/><G115/><T79/><D124/><U0/><E0/><V38/><F26/><W98/><G98/><T119/><D97/><U88/><E5/><V58/><F27/><W126/><G126/><T68/><D14/><U52/><E52/><V69/><F58/><W81/><G45/><T109/><D47/><U23/><E7/><V132/><F132/><W94/><G40/><T67/><D119/><U46/><E46/><V103/><F50/><W57/><G57/><T116/><D116/><U41/><E41/><V39/><F49/><W62/><G62/><T73/><D13/><U99/><E99/><V51/><F48/><RYUUKYOKU ba="0,0" sc="159,-10,423,-10,193,-10,225,30" hai3="15,19,20,81,87,90,94" /><INIT seed="3,1,0,0,2,63" ten="149,413,183,255" oya="3" hai0="30,96,104,133,131,42,70,31,54,88,87,35,16" hai1="97,73,49,15,76,37,100,4,124,127,2,82,99" hai2="101,75,58,68,113,22,51,106,121,72,98,122,64" hai3="115,80,132,53,11,102,108,86,118,24,84,44,117"/><W5/><G115/><T20/><D35/><U67/><E37/><V65/><F113/><W21/><G132/><T41/><D70/><U85/><E2/><V103/><F68/><W89/><G108/><T14/><D133/><U26/><E26/><V52/><F101/><W83/><G102/><T23/><D131/><U13/><E73/><N who="2" m="28235" /><F22/><N who="0" m="8234" /><D54/><U48/><E67/><V46/><F46/><W119/><G44/><T66/><D66/><U33/><E33/><V25/><F25/><W1/><G53/><T17/><D96/><U92/><E99/><V129/><F129/><W81/><REACH who="3" step="1"/><G89/><REACH who="3" ten="149,413,183,245" step="2"/><T10/><D104/><U47/><E124/><V95/><F106/><W55/><G55/><T130/><D130/><U0/><E47/><V71/><F71/><W59/><G59/><T77/><D77/><U36/><E127/><V19/><F103/><W128/><G128/><T61/><D61/><U50/><E36/><V93/><F58/><W38/><G38/><T105/><D105/><U60/><E60/><V109/><F109/><W6/><G6/><N who="0" m="3415" /><D42/><U18/><E76/><V114/><F52/><W125/><G125/><T135/><D41/><U112/><E112/><V57/><F114/><W3/><G3/><T40/><D40/><U74/><E0/><V123/><F57/><W69/><G69/><T126/><D126/><U62/><E62/><V79/><F79/><W94/><G94/><N who="2" m="35849" /><F51/><W78/><G78/><T107/><D107/><N who="1" m="63887" /><E49/><V29/><F122/><W27/><G27/><T28/><D135/><U120/><E50/><V12/><F123/><W39/><G39/><T34/><D34/><RYUUKYOKU ba="1,1" sc="149,15,413,-15,183,-15,245,15" hai0="16,17,28,30,31,87,88" hai3="1,5,11,21,24,80,81,83,84,86,117,118,119" /><INIT seed="3,2,1,5,4,8" ten="164,398,168,260" oya="3" hai0="89,130,94,74,133,110,23,127,28,126,95,9,58" hai1="32,71,13,100,40,38,0,41,2,99,104,87,113" hai2="108,116,118,12,52,119,30,85,135,27,91,129,43" hai3="93,102,18,122,90,7,112,66,67,51,44,42,65"/><W123/><G122/><T72/><D110/><U3/><E87/><V55/><F108/><W54/><G112/><T75/><D133/><U111/><E40/><V63/><F135/><W11/><G123/><T117/><D117/><U25/><E111/><V97/><F129/><W46/><G102/><T57/><D130/><U33/><E13/><V132/><F132/><W88/><G18/><T80/><D9/><U109/><E109/><V21/><F43/><W78/><G78/><T35/><D35/><U121/><E121/><V69/><F97/><W77/><G77/><T107/><D107/><U62/><E25/><V14/><F69/><W26/><G26/><N who="0" m="16479" /><D80/><U34/><E113/><V82/><REACH who="2" step="1"/><F52/><REACH who="2" ten="164,398,158,260" step="2"/><W56/><G46/><T39/><D75/><U59/><E59/><AGARI ba="2,2" hai="12,14,21,27,30,55,59,63,82,85,91,116,118,119" machi="59" ten="40,8000,1" yaku="1,1,2,1,52,2,53,1" doraHai="8" doraHaiUra="24" who="2" fromWho="1" sc="164,0,398,-86,158,106,260,0" /><INIT seed="4,0,0,2,2,135" ten="164,312,264,260" oya="0" hai0="114,54,79,7,99,55,82,111,45,61,9,52,74" hai1="53,92,21,39,57,91,33,80,71,36,127,78,67" hai2="115,0,134,112,97,37,6,69,86,43,20,72,23" hai3="70,103,106,15,122,123,90,18,81,34,104,19,95"/><T5/><D114/><N who="2" m="43562" /><F72/><W98/><G34/><T63/><D111/><U14/><E33/><V3/><F69/><W105/><G70/><T85/><D99/><U17/><E67/><V113/><F134/><W66/><G66/><T16/><D74/><U102/><E102/><V117/><F117/><W50/><G50/><T12/><REACH who="0" step="1"/><D45/><REACH who="0" ten="154,312,264,260" step="2"/><U83/><E71/><V125/><F113/><W40/><G123/><T119/><D119/><U93/><E127/><V56/><F97/><W38/><G122/><T1/><D1/><U25/><E25/><V120/><F125/><W128/><G98/><T13/><D13/><U133/><E14/><V51/><F0/><W132/><G15/><T131/><D131/><U46/><E46/><N who="2" m="23919" /><F120/><W35/><G128/><T10/><D10/><U49/><E49/><V94/><F51/><W42/><G132/><T11/><D11/><U124/><E124/><V87/><F87/><W73/><G73/><T89/><D89/><U41/><E91/><N who="2" m="53623" /><F56/><W29/><G90/><T30/><D30/><U47/><E47/><V77/><F77/><W121/><G121/><T65/><D65/><U2/><E2/><V84/><F84/><W44/><G44/><T26/><D26/><U59/><E133/><V62/><F62/><AGARI ba="0,1" hai="5,7,9,12,16,52,54,55,61,62,63,79,82,85" machi="62" ten="40,12000,1" yaku="1,1,8,1,54,2,53,0" doraHai="135" doraHaiUra="28" who="0" fromWho="2" sc="154,130,312,0,264,-120,260,0" /><INIT seed="4,1,0,3,1,27" ten="284,312,144,260" oya="0" hai0="92,110,15,105,120,128,55,78,82,48,14,87,53" hai1="101,17,67,72,103,129,68,118,0,3,11,59,131" hai2="51,134,66,18,71,5,109,36,122,40,64,76,34" hai3="126,24,106,60,116,73,8,28,47,77,91,30,96"/><T54/><D105/><U132/><E72/><V16/><F109/><W113/><G116/><T127/><D120/><U121/><E118/><V49/><F122/><W41/><G73/><T125/><D110/><U38/><E38/><V22/><F134/><W80/><G106/><T104/><D104/><U39/><E39/><V19/><F34/><W46/><G126/><T25/><D128/><U9/><E121/><V35/><F35/><W56/><G24/><T42/><D92/><U6/><E68/><V102/><F102/><W29/><G113/><T99/><D99/><U65/><E59/><V44/><F76/><W111/><G111/><T135/><D135/><U84/><E84/><V93/><F93/><N who="3" m="56383" /><G41/><T119/><D119/><U97/><E97/><V117/><F117/><W100/><G100/><T115/><D115/><U43/><E43/><V124/><F124/><N who="0" m="47690" /><D25/><U81/><E132/><V69/><F22/><W94/><G94/><T130/><D130/><U74/><E129/><V63/><REACH who="2" step="1"/><F5/><REACH who="2" ten="284,312,134,260" step="2"/><W23/><G23/><T88/><D78/><U7/><E7/><V20/><F20/><W45/><G8/><T107/><D107/><U10/><E11/><V2/><F2/><W32/><G32/><T61/><D61/><AGARI ba="1,1" hai="16,18,19,36,40,44,49,51,61,63,64,66,69,71" machi="61" ten="40,5200,0" yaku="1,1,9,1,54,1,53,0" doraHai="27" doraHaiUra="85" who="2" fromWho="0" sc="284,-55,312,0,134,65,260,0" /><INIT seed="5,0,0,3,3,115" ten="229,312,199,260" oya="1" hai0="62,75,52,0,66,45,8,9,108,123,109,44,41" hai1="23,17,58,84,101,85,6,53,71,78,116,54,92" hai2="21,22,96,31,5,49,100,93,20,30,16,98,67" hai3="3,2,32,111,15,132,97,118,37,51,68,72,57"/><U28/><E116/><V125/><F125/><W126/><RYUUKYOKU type="yao9" ba="0,0" sc="229,0,312,0,199,0,260,0" hai3="2,3,15,32,37,51,57,68,72,97,111,118,126,132" /><INIT seed="5,1,0,0,1,70" ten="229,312,199,260" oya="1" hai0="32,54,84,26,96,3,19,102,34,110,122,35,10" hai1="15,25,129,104,42,63,67,113,56,76,46,58,86" hai2="22,16,40,7,33,131,38,87,105,49,41,66,116" hai3="60,39,130,65,97,80,0,37,111,52,108,6,98"/><U83/><E104/><V134/><F116/><W75/><G98/><T17/><D110/><U73/><E129/><V90/><F105/><W89/><G89/><T9/><D54/><U109/><E113/><V12/><F33/><N who="0" m="12906" /><D84/><U117/><E117/><V121/><F121/><W23/><G23/><N who="0" m="13679" /><D96/><U124/><E25/><V50/><F134/><W94/><G52/><T24/><D102/><U93/><E124/><V114/><F114/><W118/><G130/><T82/><D82/><U101/><E73/><V57/><F131/><W91/><G118/><T107/><D107/><U95/><E101/><V88/><F38/><N who="3" m="14347" /><G94/><T132/><D132/><U13/><E58/><V18/><F7/><W92/><G92/><N who="1" m="35402" /><E109/><V78/><F78/><N who="3" m="44127" /><G91/><N who="2" m="34857" /><F87/><W72/><G97/><T5/><D122/><U79/><E76/><V28/><F28/><W47/><G47/><T74/><D74/><U115/><E115/><V103/><F18/><W123/><G123/><T133/><D133/><U77/><E79/><V29/><F29/><W99/><G99/><T20/><D35/><U55/><E55/><V127/><F103/><W8/><G72/><T135/><D135/><U81/><E81/><V43/><F127/><W59/><G59/><T31/><D19/><U53/><E53/><V44/><F44/><W68/><AGARI ba="1,0" hai="0,6,8,60,65,68,108,111" m="44127,14347" machi="68" ten="30,7900,0" yaku="23,1,52,3" doraHai="70" who="3" fromWho="3" sc="229,-21,312,-40,199,-21,260,82" /><INIT seed="6,0,0,5,1,36" ten="208,272,178,342" oya="2" hai0="103,85,106,120,56,5,60,119,76,114,80,12,104" hai1="117,109,75,134,54,123,102,41,121,86,61,4,10" hai2="101,84,59,19,127,99,35,23,42,16,48,124,34" hai3="58,89,128,68,115,47,44,8,18,132,69,78,51"/><V98/><F84/><W21/><G8/><T26/><D114/><U31/><E117/><V24/><F19/><W49/><G78/><T105/><D120/><N who="1" m="46155" /><E75/><V73/><F73/><W20/><G89/><T82/><D119/><U52/><E109/><V92/><F99/><W63/><G115/><T9/><D26/><U96/><E31/><V32/><REACH who="2" step="1"/><F59/><REACH who="2" ten="208,272,168,342" step="2"/><W57/><G58/><T118/><D118/><U64/><E134/><V91/><F91/><W122/><G57/><T43/><D82/><U27/><E86/><V11/><F11/><W90/><G18/><T45/><D103/><U46/><E96/><V66/><F66/><W29/><G90/><T28/><D28/><U65/><E102/><V25/><F25/><W7/><G29/><T133/><D133/><U83/><E27/><V50/><F50/><W62/><G51/><T71/><D71/><U107/><E65/><V77/><F77/><W70/><G49/><T111/><D111/><U87/><E64/><V0/><F0/><W97/><G69/><T38/><D105/><U30/><E107/><V94/><F94/><W74/><G70/><T108/><D108/><U129/><E10/><V3/><F3/><W116/><G68/><T37/><D38/><U2/><E87/><V1/><F1/><W95/><G74/><T130/><D130/><U110/><E129/><V17/><F17/><W79/><G97/><T22/><D106/><U14/><E2/><V131/><F131/><W13/><G128/><T126/><D104/><U112/><E110/><V55/><F55/><W15/><G79/><T6/><D76/><RYUUKYOKU ba="0,1" sc="208,-10,272,-10,168,30,342,-10" hai2="16,23,24,32,34,35,42,48,92,98,101,124,127" /><INIT seed="6,1,1,1,0,115" ten="198,262,198,332" oya="2" hai0="71,29,107,32,13,70,67,89,56,108,65,98,43" hai1="5,48,47,41,73,114,42,130,121,78,75,62,21" hai2="135,129,125,110,97,122,2,100,124,20,131,14,25" hai3="50,105,55,64,123,52,33,119,83,95,132,134,120"/><V76/><F2/><W38/><G105/><T3/><D108/><U8/><E114/><V80/><F14/><W68/><G38/><T79/><D3/><U109/><E109/><V84/><F110/><W63/><G33/><T106/><D43/><U6/><E42/><V11/><F11/><W90/><G83/><T53/><D79/><U69/><E130/><N who="2" m="49675" /><F122/><W77/><G119/><T9/><D29/><U99/><E21/><V19/><F135/><N who="3" m="51755" /><G77/><T37/><D37/><U126/><E6/><V18/><F18/><W102/><G102/><T31/><D31/><U113/><E113/><V51/><F51/><W15/><G15/><T54/><D32/><U24/><E24/><V27/><F27/><W57/><G55/><N who="0" m="21003" /><D71/><U117/><E69/><V82/><F82/><W36/><G36/><T44/><D70/><U101/><E8/><V92/><AGARI ba="1,1" hai="19,20,25,76,80,84,92,97,100,124,125" m="49675" machi="92" ten="30,1500,0" yaku="19,1" doraHai="115" who="2" fromWho="2" sc="198,-6,262,-6,198,28,332,-6" /><INIT seed="6,2,0,5,1,45" ten="192,256,226,326" oya="2" hai0="85,11,135,41,22,96,50,122,43,79,32,5,116" hai1="89,119,130,7,93,103,108,36,2,39,100,77,15" hai2="113,1,128,69,105,78,82,110,6,71,132,46,127" hai3="34,67,109,73,52,21,75,40,30,125,56,133,70"/><V42/><F105/><W74/><G109/><T17/><D32/><U10/><E108/><V68/><F110/><W19/><G40/><T55/><D122/><U95/><E119/><V114/><F128/><W66/><G70/><T83/><D116/><U124/><E77/><V58/><F132/><W31/><G34/><T4/><D96/><U76/><E76/><V120/><F120/><W118/><G118/><T112/><D112/><N who="2" m="43114" /><F127/><W87/><G87/><T86/><D86/><U80/><E130/><V88/><F58/><W38/><G38/><T92/><D92/><U104/><E104/><V12/><F1/><W3/><G3/><T27/><D135/><U123/><E2/><V102/><F102/><W16/><G133/><T81/><D83/><U51/><E124/><V35/><F35/><W99/><G125/><T48/><D5/><U98/><E36/><N who="2" m="21831" /><F88/><W134/><G134/><T13/><REACH who="0" step="1"/><D50/><REACH who="0" ten="182,256,226,326" step="2"/><U126/><E126/><V44/><F6/><W18/><G99/><T25/><D25/><U94/><E39/><V49/><F12/><W59/><G75/><T60/><D60/><U8/><E123/><V61/><F82/><W54/><G74/><T117/><D117/><U33/><E98/><V107/><F107/><W20/><G73/><T115/><D115/><U97/><E97/><V64/><F78/><W91/><G91/><T24/><D24/><U0/><E33/><V84/><F84/><W28/><G28/><T53/><D53/><AGARI ba="2,1" hai="44,49,53,61,64,68,69,71" m="21831,43114" machi="53" ten="30,11600,0" yaku="15,1,34,2,52,1" doraHai="45" who="2" fromWho="0" sc="182,-122,256,0,226,132,326,0" /><INIT seed="6,3,0,2,2,105" ten="60,256,358,326" oya="2" hai0="76,86,12,65,80,43,115,132,84,106,110,83,127" hai1="60,6,89,34,68,71,1,128,33,52,27,56,47" hai2="26,15,45,121,133,4,44,124,70,117,17,135,38" hai3="77,107,129,108,103,11,119,112,78,99,97,102,69"/><V91/><F117/><W122/><G69/><T41/><D106/><U3/><E128/><V14/><F121/><W123/><G11/><T28/><D28/><U101/><E101/><V0/><F70/><W82/><G119/><T116/><D116/><U111/><E111/><V8/><F124/><W64/><G64/><T109/><D65/><U40/><E89/><V93/><F26/><W53/><G53/><T87/><D12/><U7/><E71/><V49/><F38/><W72/><G108/><T125/><D76/><U48/><E68/><V22/><F0/><W134/><G129/><T74/><D87/><U21/><E6/><V35/><F35/><W31/><G31/><T20/><D20/><U79/><E79/><V98/><REACH who="2" step="1"/><F45/><REACH who="2" ten="60,256,348,326" step="2"/><W62/><G123/><T30/><D132/><U104/><E33/><V88/><F88/><W114/><G122/><T63/><D115/><U75/><E34/><V100/><F100/><W50/><G134/><T61/><REACH who="0" step="1"/><D30/><REACH who="0" ten="50,256,348,326" step="2"/><U92/><E1/><V126/><F126/><W118/><G114/><T16/><D16/><U10/><E3/><V59/><F59/><W18/><G112/><T67/><D67/><U25/><E56/><V131/><F131/><W13/><G118/><T57/><D57/><U90/><E47/><V66/><F66/><W55/><G18/><T120/><D120/><U36/><E7/><V54/><AGARI ba="3,2" hai="4,8,14,15,17,22,44,49,54,91,93,98,133,135" machi="54" ten="30,3000,0" yaku="1,1,0,1,53,0" doraHai="105" doraHaiUra="96" who="2" fromWho="2" sc="50,-13,256,-13,348,59,326,-13" /><INIT seed="6,4,0,2,0,130" ten="37,243,407,313" oya="2" hai0="133,99,38,45,117,0,97,11,41,64,53,78,57" hai1="70,36,108,116,35,131,125,75,8,120,118,119,66" hai2="114,126,122,34,82,20,128,100,33,21,76,111,81" hai3="25,102,52,105,23,59,16,40,104,85,44,24,109"/><V110/><F122/><W58/><G109/><N who="2" m="41481" /><F128/><W112/><G112/><T106/><D117/><U87/><E75/><V12/><F114/><W31/><G85/><T1/><D64/><U5/><E108/><V115/><F115/><W7/><G7/><T89/><D1/><U27/><E131/><V56/><F126/><W48/><G102/><T93/><D106/><U113/><E113/><V51/><F100/><W124/><G124/><T65/><D65/><U42/><E120/><V127/><F127/><W72/><G72/><T28/><D28/><U47/><E125/><V68/><F68/><W55/><G55/><T79/><D97/><U94/><E70/><V2/><F2/><W135/><G135/><T6/><D79/><U91/><E66/><V83/><F76/><W43/><G59/><T71/><D78/><U92/><E92/><V77/><F77/><W103/><G103/><T19/><D19/><U3/><E119/><V50/><F12/><W49/><REACH who="3" step="1"/><G43/><REACH who="3" ten="37,243,407,303" step="2"/><T96/><D71/><U32/><E118/><V80/><F56/><W13/><G13/><T46/><D96/><U101/><E101/><V88/><F88/><W22/><AGARI ba="4,1" hai="16,22,23,24,25,31,40,44,48,49,52,58,104,105" machi="22" ten="20,8000,1" yaku="1,1,0,1,7,1,54,2,53,0" doraHai="130" doraHaiUra="9" who="3" fromWho="3" sc="37,-24,243,-24,407,-44,303,102" /><INIT seed="7,0,0,1,4,31" ten="13,219,363,405" oya="3" hai0="13,74,102,19,129,53,117,85,63,130,33,0,16" hai1="23,64,106,50,135,60,39,91,79,108,24,10,56" hai2="54,42,38,2,123,95,116,45,97,34,9,66,58" hai3="22,47,43,65,1,132,26,4,119,126,105,30,57"/><W111/><G119/><T99/><D33/><U98/><E39/><V101/><F116/><W80/><G105/><T128/><D63/><U36/><E36/><V61/><F123/><W46/><G132/><T115/><D117/><U133/><E108/><V118/><F118/><W62/><G126/><T40/><D13/><U76/><E10/><V29/><F9/><W124/><G124/><T113/><D85/><U78/><E50/><V67/><REACH who="2" step="1"/><F2/><REACH who="2" ten="13,219,353,405" step="2"/><W52/><G111/><T131/><N who="0" m="32768" /><DORA hai="41" /><T77/><D0/><U59/><E59/><V121/><F121/><W21/><G1/><T20/><D20/><U3/><E3/><V93/><F93/><W75/><G21/><T96/><D102/><U94/><REACH who="1" step="1"/><E106/><REACH who="1" ten="13,209,353,405" step="2"/><V15/><F15/><W100/><G57/><T114/><D40/><U7/><E7/><V88/><F88/><W104/><G4/><T5/><D5/><U32/><E32/><V55/><F55/><W49/><G52/><T72/><D53/><U35/><E35/><V51/><F51/><W69/><G49/><T28/><D28/><AGARI ba="0,2" hai="23,24,28,56,60,64,76,78,79,91,94,98,133,135" machi="28" ten="40,2600,0" yaku="1,1,53,1" doraHai="31,41" doraHaiUra="27,122" who="1" fromWho="0" sc="13,-26,209,46,353,0,405,0" owari="-13,-51.0,255,-14.0,353,15.0,405,50.0" /></mjloggm>