<mjloggm ver="2.3"><GO type="169" lobby="0"/><UN n0="%E3%81%82%E3%83%BC%E3%82%8A%E3%82%93%E3%81%A7%E3%81%99%E3%80%82%E2%98%86" n1="%E4%BB%AE%E9%B3%B3%E5%87%B0%E6%B0%91" n2="%E3%81%84%E3%81%AC%E3%81%98%E3%82%83%E3%82%89%EF%BC%94" n3="%E5%B0%B1%E6%B4%BB%E7%94%9F%40%E5%B7%9D%E6%9D%91%E8%BB%8D%E5%9B%A3" dan="16,16,19,18" rate="2057.01,2077.73,2290.94,2268.17" sx="F,M,M,M"/><TAIKYOKU oya="0"/><INIT seed="0,0,0,3,2,98" ten="250,250,250,250" oya="0" hai0="128,39,83,8,97,76,58,72,116,24,121,67,92" hai1="28,63,118,41,133,124,102,60,45,90,104,2,49" hai2="1,18,4,42,12,78,54,7,93,55,6,126,71" hai3="127,110,101,29,43,53,11,32,47,68,100,114,30"/><T51/><D39/><U26/><E118/><V37/><F71/><W119/><G114/><T130/><D116/><U16/><E2/><V69/><F69/><W123/><G119/><T3/><D121/><U61/><E124/><V40/><F1/><W99/><G68/><T38/><D38/><U5/><E133/><V95/><F126/><W122/><G127/><T0/><D24/><U66/><E5/><V107/><F107/><W70/><G70/><T50/><D67/><U44/><E44/><V13/><F37/><W31/><G110/><T56/><D51/><U82/><E66/><V74/><F74/><W75/><G75/><T17/><D17/><U33/><E82/><V10/><F78/><W88/><G53/><N who="2" m="19977" /><F13/><W117/><G11/><T27/><D27/><U20/><E90/><V84/><F84/><W132/><G32/><T35/><D35/><U57/><E57/><N who="0" m="22121" /><D50/><U129/><E129/><N who="0" m="49769" /><D8/><U79/><E79/><V85/><F40/><W86/><G117/><T106/><D106/><U113/><E113/><V15/><F42/><W111/><G111/><T135/><D135/><U80/><E61/><V52/><N who="2" m="19985" /><V96/><DORA hai="64" /><F18/><W21/><G132/><T46/><D46/><U36/><E36/><V91/><F10/><W103/><G47/><T131/><N who="0" m="49777" /><T65/><DORA hai="120" /><D65/><U25/><E63/><V19/><F19/><W22/><G43/><T59/><N who="0" m="22129" /><T14/><DORA hai="23" /><D14/><U48/><E60/><V62/><F62/><W81/><G122/><T94/><D94/><U115/><E48/><V73/><F73/><W77/><G123/><RYUUKYOKU ba="0,0" sc="250,10,250,-30,250,10,250,10" hai0="0,3,72,76,83,92,97" hai2="4,6,7,12,15,85,91,93,95,96" hai3="21,22,29,30,31,77,81,86,88,99,100,101,103" /><INIT seed="0,1,0,2,3,131" ten="260,220,260,260" oya="0" hai0="78,10,95,6,68,120,134,4,59,45,72,113,85" hai1="57,64,116,22,82,0,63,129,83,115,5,27,44" hai2="20,102,84,125,117,53,79,104,127,32,62,98,93" hai3="101,135,56,18,30,33,52,99,75,23,2,126,128"/><T121/><D113/><U76/><E129/><V107/><F32/><W90/><G128/><T8/><D68/><U54/><E116/><V130/><F130/><W94/><G2/><T46/><D72/><U100/><E115/><V89/><F20/><W92/><G126/><N who="2" m="48137" /><F53/><W86/><G75/><T17/><D59/><U97/><E5/><V67/><F62/><W70/><G70/><T118/><D95/><U55/><E0/><V71/><F67/><W58/><G135/><T15/><D118/><U111/><E111/><V7/><F7/><W31/><G58/><T28/><D28/><U25/><E25/><V43/><F43/><W74/><G74/><T123/><D134/><U96/><E44/><V9/><F9/><W77/><G77/><T50/><D17/><U1/><E1/><V36/><F36/><W109/><G33/><T11/><D50/><U80/><E76/><V38/><F38/><W110/><G109/><T40/><D40/><U21/><E21/><V88/><F71/><W81/><G81/><T37/><D37/><U132/><E132/><V114/><F114/><W13/><REACH who="3" step="1"/><G110/><REACH who="3" ten="260,220,260,250" step="2"/><T108/><D108/><U24/><E57/><V19/><F117/><W66/><G66/><T26/><D6/><U29/><E64/><V73/><F73/><W106/><G106/><N who="2" m="40489" /><F19/><W65/><G65/><T34/><D4/><U87/><E29/><V14/><F14/><W60/><AGARI ba="1,1" hai="13,18,23,30,31,52,56,60,86,90,92,94,99,101" machi="60" ten="20,8000,1" yaku="1,1,0,1,7,1,8,1,54,1,53,0" doraHai="131" doraHaiUra="119" who="3" fromWho="3" sc="260,-41,220,-21,260,-21,250,93" /><INIT seed="1,0,0,4,1,11" ten="219,199,239,343" oya="1" hai0="129,41,3,0,19,66,63,24,80,55,117,76,38" hai1="9,13,37,118,1,17,32,34,71,5,79,94,102" hai2="33,42,84,123,16,98,30,74,85,135,91,43,46" hai3="105,7,23,96,128,73,48,109,97,114,115,20,53"/><U120/><E71/><V45/><F74/><W21/><G73/><T52/><D117/><U95/><E37/><V83/><F123/><W126/><G126/><T134/><D134/><U40/><E120/><V2/><F2/><W10/><G128/><T130/><D38/><U121/><E121/><V44/><F135/><W107/><G109/><T99/><D41/><U90/><E40/><V57/><F33/><W122/><G122/><T86/><D99/><U88/><E79/><V39/><F30/><W26/><G26/><T119/><D119/><U67/><E102/><V132/><F132/><W60/><G60/><T12/><D24/><U72/><E67/><V6/><F6/><W56/><G97/><T127/><D127/><U64/><E64/><V111/><F111/><W93/><G107/><T35/><D35/><U124/><E72/><V18/><F98/><W31/><G105/><T116/><D116/><U28/><E118/><V113/><F113/><W27/><G114/><T51/><D3/><U50/><E50/><V22/><F39/><W87/><G87/><T8/><D0/><U103/><E103/><V81/><F57/><W92/><G92/><N who="1" m="35370" /><E32/><V68/><F68/><W59/><G59/><T75/><D75/><U4/><E4/><V25/><REACH who="2" step="1"/><F18/><REACH who="2" ten="219,199,229,343" step="2"/><W61/><G115/><T70/><D130/><U47/><E124/><V69/><F69/><W49/><G31/><T131/><D129/><U101/><E28/><V58/><F58/><W77/><G56/><N who="0" m="32799" /><D131/><U89/><E34/><V54/><F54/><W14/><G53/><T82/><D55/><U29/><E29/><RYUUKYOKU ba="0,1" sc="219,15,199,-15,229,15,343,-15" hai0="8,12,19,63,66,70,76,80,82,86" hai2="16,22,25,42,43,44,45,46,81,83,84,85,91" /><INIT seed="2,1,1,5,1,26" ten="234,184,244,328" oya="2" hai0="129,85,44,32,117,88,111,84,45,80,107,55,2" hai1="125,56,98,77,6,53,134,64,59,49,110,100,116" hai2="5,70,86,104,113,81,36,3,76,31,37,38,74" hai3="11,94,73,119,68,21,54,69,24,9,4,63,23"/><V75/><F113/><W25/><G73/><T27/><D111/><U10/><E116/><V128/><F128/><W72/><G72/><T83/><D129/><U89/><E110/><V51/><F70/><W58/><G119/><T62/><D2/><U48/><E125/><V132/><F132/><W14/><G11/><T46/><D117/><U67/><E134/><V103/><F31/><W97/><G24/><T124/><D107/><U0/><E77/><V42/><F51/><W126/><G23/><T66/><D124/><U34/><E89/><V29/><F29/><W108/><G108/><T19/><D32/><U60/><E34/><V131/><F131/><W1/><G1/><T22/><D55/><U112/><E112/><V41/><F86/><W115/><G115/><T93/><REACH who="0" step="1"/><D84/><REACH who="0" ten="224,184,244,328" step="2"/><U47/><E64/><V120/><F75/><W71/><G126/><T18/><D18/><U106/><REACH who="1" step="1"/><E49/><REACH who="1" ten="224,174,244,328" step="2"/><V28/><F37/><W78/><G63/><T123/><D123/><U79/><E79/><V7/><F76/><W52/><G78/><T101/><D101/><U91/><E91/><V135/><F103/><W92/><G97/><T12/><D12/><U90/><E90/><V17/><F38/><W39/><G39/><T105/><D105/><U133/><E133/><V13/><F104/><W50/><REACH who="3" step="1"/><G54/><REACH who="3" ten="224,174,244,318" step="2"/><T99/><D99/><U114/><E114/><V82/><F36/><W65/><G65/><T130/><D130/><U61/><E61/><V96/><F96/><W127/><G127/><T8/><D8/><U57/><AGARI ba="1,4" hai="0,6,10,47,48,53,56,57,59,60,67,98,100,106" machi="57" ten="20,2700,0" yaku="1,1,0,1,7,1,53,0" doraHai="26" doraHaiUra="121" who="1" fromWho="1" sc="224,-8,174,70,244,-14,318,-8" /><INIT seed="3,0,0,0,1,75" ten="216,244,230,310" oya="3" hai0="119,26,93,108,67,101,3,84,94,95,69,36,21" hai1="19,129,91,98,70,54,90,114,128,1,38,79,58" hai2="47,2,125,103,87,8,64,27,102,30,14,112,66" hai3="16,40,106,123,18,65,131,37,124,113,13,85,17"/><W116/><G123/><T78/><D119/><U59/><E70/><V71/><F112/><W135/><G116/><T50/><D108/><U32/><E32/><V117/><F117/><W82/><G113/><T11/><D36/><U48/><E114/><V5/><F125/><W57/><G124/><T22/><D69/><U62/><E38/><V120/><F120/><W10/><G106/><T9/><D67/><U121/><E1/><V89/><F2/><W34/><G34/><T6/><D50/><U105/><E121/><V109/><F109/><W49/><G135/><T7/><D101/><N who="2" m="38410" /><F71/><W132/><G132/><T45/><D45/><U0/><E0/><V73/><F73/><W31/><G31/><T104/><D104/><U100/><E19/><V61/><F61/><N who="3" m="38063" /><G37/><T51/><D51/><U35/><E35/><V44/><F66/><W134/><G131/><N who="1" m="50250" /><E79/><V63/><F63/><W55/><G40/><T46/><D3/><U110/><E110/><V39/><F64/><AGARI ba="0,0" hai="48,54,58,59,62,64,90,91,98,100,105" m="50250" machi="64" ten="30,1000,0" yaku="19,1" doraHai="75" who="1" fromWho="2" sc="216,0,244,10,230,-10,310,0" /><INIT seed="4,0,0,5,2,124" ten="216,254,220,310" oya="0" hai0="83,30,92,63,34,98,0,33,79,51,45,46,32" hai1="94,78,14,109,65,131,42,22,117,105,121,112,80" hai2="28,123,4,114,13,8,120,127,87,93,73,54,55" hai3="88,85,97,64,19,29,96,16,72,57,50,43,10"/><T126/><D0/><U2/><E65/><V21/><F73/><W86/><G72/><T44/><D126/><U69/><E42/><V1/><F127/><W103/><G29/><T119/><D63/><U17/><E105/><V52/><F114/><W110/><G110/><T40/><D30/><U59/><E69/><V67/><F67/><W115/><G115/><T23/><D23/><U15/><E2/><V68/><F68/><W129/><G86/><T99/><D119/><U75/><E112/><V111/><F111/><W66/><G129/><T113/><D113/><U3/><E3/><V38/><F38/><W18/><G10/><T70/><D70/><U53/><E109/><V27/><REACH who="2" step="1"/><F1/><REACH who="2" ten="216,254,210,310" step="2"/><W20/><G66/><T122/><D122/><U56/><E121/><V11/><F11/><W135/><G64/><T106/><D106/><U133/><E75/><V130/><F130/><W134/><G135/><T36/><D36/><U35/><E131/><V71/><F71/><W74/><G74/><T26/><D26/><U104/><E104/><V107/><F107/><W118/><G134/><T89/><REACH who="0" step="1"/><D99/><REACH who="0" ten="206,254,210,310" step="2"/><U77/><E133/><V62/><F62/><W39/><G39/><T9/><D9/><U84/><E117/><V102/><F102/><W91/><G103/><T82/><D82/><U76/><E80/><V101/><F101/><W37/><G96/><T90/><D90/><AGARI ba="0,2" hai="4,8,13,21,27,28,52,54,55,87,90,93,120,123" machi="90" ten="40,2600,0" yaku="1,1,54,1,53,0" doraHai="124" doraHaiUra="95" who="2" fromWho="0" sc="206,-26,254,0,210,46,310,0" /><INIT seed="5,0,0,0,0,102" ten="180,254,256,310" oya="1" hai0="93,119,90,21,15,96,41,20,86,1,33,53,24" hai1="17,112,5,51,59,12,36,0,45,77,121,10,134" hai2="60,35,14,79,114,67,30,61,46,58,3,92,125" hai3="66,31,127,129,54,47,7,97,68,107,23,26,70"/><U18/><E121/><V76/><F3/><W71/><G7/><T88/><D1/><U109/><E134/><V105/><F125/><W4/><G4/><T117/><D41/><U50/><E112/><V62/><F105/><W116/><G127/><T72/><D72/><U57/><E109/><V37/><F114/><W80/><G129/><T27/><D15/><U101/><E36/><V133/><F133/><W55/><G66/><T111/><D111/><U65/><E101/><V39/><F14/><W122/><G122/><T135/><D135/><U2/><E77/><V123/><F123/><W91/><G47/><T100/><D33/><U52/><E2/><V73/><F92/><W78/><G116/><T83/><D53/><N who="1" m="29903" /><E0/><V6/><F6/><W25/><G26/><T95/><D24/><U106/><E106/><V9/><F9/><W81/><G81/><T40/><D40/><U126/><E126/><V124/><F124/><W34/><G34/><T87/><REACH who="0" step="1"/><D20/><REACH who="0" ten="170,254,256,310" step="2"/><U89/><E89/><V22/><F73/><W56/><G91/><T32/><D32/><U131/><E131/><V38/><F22/><W98/><G23/><T110/><D110/><U74/><E74/><V43/><F79/><W104/><G25/><T85/><D85/><U82/><E12/><V28/><F76/><W8/><G78/><T128/><D128/><U75/><E10/><V16/><F35/><W115/><G8/><T132/><D132/><U29/><E75/><V120/><F120/><W49/><G54/><T44/><D44/><U64/><E52/><V13/><F46/><W118/><G55/><RYUUKYOKU ba="0,1" sc="170,30,254,-10,256,-10,310,-10" hai0="21,27,83,86,87,88,90,93,95,96,100,117,119" /><INIT seed="6,1,1,5,4,60" ten="200,244,246,300" oya="2" hai0="35,2,19,135,38,79,104,28,21,43,22,7,95" hai1="15,37,66,89,80,130,85,133,106,25,122,72,47" hai2="52,74,120,3,20,24,40,68,53,1,32,42,124" hai3="18,86,11,111,112,119,8,34,26,117,67,114,93"/><V108/><F120/><W110/><G93/><T10/><D104/><U84/><E72/><V103/><F32/><W102/><G102/><T87/><D135/><U125/><E106/><V132/><F74/><W70/><G86/><T121/><D121/><U48/><E133/><V33/><F33/><W97/><G97/><T62/><D62/><U41/><E122/><V131/><F132/><W113/><G70/><T31/><D38/><U54/><E125/><V73/><F68/><W101/><G67/><T23/><D43/><U27/><E130/><V30/><F73/><W9/><G101/><T39/><D39/><U82/><E66/><V64/><F124/><W61/><G61/><T94/><D79/><U81/><E81/><V49/><F64/><W46/><G46/><T88/><D94/><U59/><E15/><V118/><F118/><N who="3" m="45067" /><G34/><T50/><D35/><U96/><E96/><V29/><F103/><W45/><G45/><T14/><REACH who="0" step="1"/><D50/><REACH who="0" ten="190,244,246,300" step="2"/><U128/><E128/><V77/><F131/><W126/><G126/><T4/><D4/><U5/><E5/><V36/><F36/><W55/><G55/><T90/><D90/><AGARI ba="1,2" hai="25,27,37,41,47,48,54,59,80,82,84,85,89,90" machi="90" ten="30,2000,0" yaku="7,1,9,1" doraHai="60" who="1" fromWho="0" sc="190,-23,244,43,246,0,300,0" /><INIT seed="7,0,0,1,3,67" ten="167,287,246,300" oya="3" hai0="95,76,78,55,72,120,104,11,19,135,23,93,54" hai1="26,71,82,0,58,68,102,103,61,4,109,129,7" hai2="32,114,100,134,113,17,36,18,52,12,73,92,96" hai3="16,123,90,83,105,9,98,40,20,66,6,64,89"/><W25/><G123/><T85/><D104/><U112/><E109/><V34/><F134/><W56/><G40/><T21/><D120/><U88/><E0/><V42/><F73/><W115/><G115/><N who="2" m="44041" /><F52/><W5/><G105/><T39/><D39/><U41/><E112/><V110/><F110/><W63/><G66/><T8/><D135/><U132/><E132/><V122/><F122/><W127/><G127/><T106/><D106/><U15/><E129/><V70/><F18/><W121/><G121/><T94/><D72/><U116/><E116/><V107/><F92/><N who="3" m="56591" /><G9/><N who="0" m="3659" /><D85/><AGARI ba="0,0" hai="5,6,16,20,25,56,63,64,83,85,90" m="56591" machi="85" ten="30,2900,0" yaku="8,1,54,1" doraHai="67" who="3" fromWho="0" sc="167,-29,287,0,246,0,300,29" owari="138,-36.0,287,9.0,246,-15.0,329,42.0" /></mjloggm>