<mjloggm ver="2.3"><GO type="169" lobby="0"/><UN n0="%6D%69%72%69%72%69" n1="%47%6F%6D%6F%61%6F" n2="%E3%82%A6%E3%83%AB%E3%83%88%E3%83%A9%E7%AB%8B%E7%9B%B4" n3="%E3%82%8A%E3%82%87%E3%81%86%E3%81%BE%35%37%32%34" dan="16,17,17,16" rate="2108.78,2149.56,2109.62,2128.15" sx="M,M,M,M"/><TAIKYOKU oya="0"/><INIT seed="0,0,0,3,3,94" ten="250,250,250,250" oya="0" hai0="15,61,115,66,28,96,93,81,5,104,37,6,54" hai1="98,89,109,110,18,7,130,102,2,36,46,65,44" hai2="55,40,74,59,75,47,56,126,86,123,127,133,82" hai3="129,80,83,23,122,25,53,21,35,26,58,72,63"/><T10/><D115/><U101/><E130/><V100/><F123/><W125/><G129/><T73/><D37/><U90/><E65/><V108/><F100/><W1/><G1/><T11/><D28/><U113/><E7/><V8/><F8/><W87/><G35/><T27/><D27/><U32/><E18/><V24/><F24/><W70/><G125/><N who="2" m="47625" /><F108/><W103/><G72/><N who="2" m="27689" /><F55/><W107/><G70/><T77/><D54/><U69/><E69/><V88/><F133/><W38/><G38/><AGARI ba="0,0" hai="38,40,47,56,59,82,86,88" m="27689,47625" machi="38" ten="30,2000,0" yaku="18,1,54,1" doraHai="94" who="2" fromWho="3" sc="250,0,250,0,250,20,250,-20" /><INIT seed="1,0,0,4,3,68" ten="250,250,270,230" oya="1" hai0="28,84,78,118,42,79,12,44,115,60,64,111,21" hai1="15,117,58,34,40,86,74,62,20,25,18,45,88" hai2="80,54,48,30,113,85,119,7,102,101,77,81,9" hai3="29,98,39,132,97,123,14,67,131,116,122,11,5"/><U134/><E134/><V56/><F119/><W65/><G132/><T51/><D115/><U135/><E135/><V126/><F126/><W83/><G29/><T41/><D111/><U33/><E74/><V112/><F30/><W55/><G116/><T129/><D129/><U50/><E15/><V52/><F113/><W1/><G131/><T72/><D72/><U36/><E50/><V70/><F70/><W92/><G83/><T120/><D120/><U100/><E100/><V108/><F108/><W61/><G55/><T8/><D118/><U2/><E2/><V130/><F130/><W105/><G105/><T128/><D128/><U37/><E37/><V47/><F81/><W66/><G61/><T110/><D42/><U96/><E117/><V107/><F107/><W16/><G39/><T46/><D46/><U87/><E87/><V73/><F73/><W133/><G133/><T109/><D109/><U49/><E49/><V124/><F124/><W0/><G98/><T24/><D84/><U104/><E104/><V43/><F112/><W22/><REACH who="3" step="1"/><G1/><REACH who="3" ten="250,250,270,220" step="2"/><T106/><D106/><U82/><E96/><V90/><F54/><AGARI ba="0,1" hai="18,20,25,33,34,36,40,45,54,58,62,82,86,88" machi="54" ten="30,5800,0" yaku="7,1,52,1,54,1" doraHai="68" who="1" fromWho="2" sc="250,0,250,68,270,-58,220,0" /><INIT seed="1,1,0,2,3,7" ten="250,318,212,220" oya="1" hai0="4,58,18,14,42,82,37,125,51,24,103,96,87" hai1="111,26,13,115,8,89,62,134,2,25,57,76,60" hai2="47,75,102,88,50,64,35,54,101,93,79,56,71" hai3="131,9,126,1,38,119,78,77,46,84,106,53,29"/><U109/><E2/><V108/><F35/><W65/><G106/><T132/><D132/><U6/><E115/><V127/><F108/><N who="1" m="41545" /><E76/><V86/><F127/><W39/><G65/><T55/><D125/><U59/><E134/><V22/><F71/><W92/><G126/><T40/><D4/><U69/><E69/><V107/><F107/><W85/><G29/><T72/><D24/><N who="1" m="9323" /><E89/><V112/><F112/><W27/><G27/><T32/><D72/><U120/><E120/><V52/><F64/><W91/><G91/><T105/><D37/><U68/><E68/><V121/><F121/><W3/><G46/><T12/><D12/><U129/><E129/><V70/><F70/><W110/><G110/><T100/><D100/><U122/><E122/><V67/><F67/><W10/><G92/><T21/><D32/><U98/><E98/><V124/><F124/><W20/><G53/><T90/><AGARI ba="1,0" hai="14,18,21,40,42,51,55,58,82,87,90,96,103,105" machi="90" ten="20,1500,0" yaku="0,1,7,1" doraHai="7" who="0" fromWho="0" sc="250,18,318,-8,212,-5,220,-5" /><INIT seed="2,0,0,2,4,91" ten="268,310,207,215" oya="2" hai0="77,92,66,100,43,46,26,94,102,109,69,57,125" hai1="21,75,71,135,87,114,119,68,2,65,53,37,3" hai2="63,73,116,60,30,44,81,122,104,61,121,4,124" hai3="33,8,99,36,25,32,64,54,48,56,98,131,47"/><V82/><F104/><W70/><G131/><T18/><D69/><U35/><E65/><V62/><F73/><W89/><G8/><T22/><D109/><U78/><E78/><V34/><F4/><W38/><G38/><T19/><D125/><U5/><E53/><V0/><F0/><W101/><G89/><T106/><D77/><U79/><E79/><V27/><F116/><W72/><G72/><T113/><D113/><U28/><E21/><V90/><F124/><W86/><G86/><T108/><D108/><U10/><E10/><V120/><N who="2" m="15360" /><DORA hai="42" /><V40/><REACH who="2" step="1"/><F90/><REACH who="2" ten="268,310,197,215" step="2"/><W45/><G70/><T93/><D106/><U107/><E5/><V85/><F85/><W67/><G67/><T16/><D66/><U84/><E87/><V129/><F129/><W39/><G64/><T74/><D74/><U133/><E84/><V17/><F17/><W59/><G99/><T123/><D123/><U110/><E68/><V9/><F9/><W15/><G98/><T51/><D57/><U112/><E2/><V117/><F117/><W13/><G59/><T134/><D134/><U6/><E135/><V50/><AGARI ba="0,1" hai="27,30,34,40,44,50,81,82,120,121,122" m="15360" machi="50" ten="50,9600,0" yaku="1,1,0,1,52,1,53,0" doraHai="91,42" doraHaiUra="127,83" who="2" fromWho="2" sc="268,-32,310,-32,197,106,215,-32" /><INIT seed="2,1,0,4,4,25" ten="236,278,303,183" oya="2" hai0="81,84,47,46,85,112,124,109,49,15,118,23,111" hai1="119,110,92,26,21,31,20,38,113,89,59,48,45" hai2="117,115,95,28,131,12,6,101,83,121,104,71,3" hai3="11,123,122,53,7,63,73,10,133,4,24,58,44"/><V61/><F121/><W91/><G73/><T106/><D112/><U132/><E119/><V69/><F117/><W135/><G91/><T125/><D118/><U5/><E110/><N who="0" m="41993" /><D106/><U50/><E132/><N who="3" m="50762" /><G44/><N who="0" m="16939" /><D49/><U82/><E38/><V19/><F104/><W66/><G66/><T0/><D0/><U43/><E5/><N who="3" m="2122" /><G24/><T60/><D60/><U1/><E1/><V105/><F61/><W108/><G108/><T72/><D72/><U62/><E113/><V79/><F115/><W88/><G88/><N who="0" m="51215" /><D85/><U8/><E48/><V29/><F105/><W30/><G30/><T18/><AGARI ba="1,0" hai="15,18,23,124,125" m="51215,16939,41993" machi="18" ten="40,2700,0" yaku="14,1,54,1" doraHai="25" who="0" fromWho="0" sc="236,30,278,-8,303,-14,183,-8" /><INIT seed="3,0,0,5,3,83" ten="266,270,289,175" oya="3" hai0="29,131,78,70,33,113,58,49,30,84,110,26,75" hai1="51,101,25,34,115,53,105,62,82,69,126,87,114" hai2="67,22,35,124,48,64,4,12,54,112,118,117,119" hai3="45,63,57,68,85,16,89,55,86,36,91,19,107"/><W60/><G107/><T18/><D70/><U106/><E126/><V93/><F35/><W46/><G68/><T41/><D110/><U20/><E106/><V109/><F112/><W43/><G63/><T56/><D131/><U65/><E20/><V90/><F109/><W47/><G43/><T24/><D75/><U38/><E38/><V104/><F104/><W111/><G36/><T129/><D129/><U15/><E15/><V14/><F14/><W5/><G5/><T98/><D18/><U94/><E94/><V3/><F3/><W71/><G71/><T50/><D98/><N who="1" m="61623" /><E51/><V125/><F125/><W52/><G55/><T72/><D72/><U123/><E53/><V102/><F102/><W27/><G111/><T11/><D11/><U32/><E32/><V8/><F22/><N who="3" m="13767" /><G19/><T132/><D113/><U28/><E123/><V40/><F40/><W0/><G0/><T81/><D33/><U80/><E80/><V121/><F124/><W6/><G6/><T95/><D95/><U1/><E1/><V2/><F2/><W23/><G23/><T13/><D13/><U44/><E44/><V37/><F37/><W59/><G57/><N who="0" m="22123" /><D41/><U74/><E74/><V133/><F121/><W116/><G116/><T42/><D42/><U127/><E127/><V76/><F119/><W103/><G103/><T122/><D122/><U21/><E21/><V108/><F108/><W39/><G39/><T120/><D120/><U135/><E135/><V79/><F133/><W61/><G61/><T130/><D132/><U128/><E128/><V100/><F118/><W17/><G17/><RYUUKYOKU ba="0,0" sc="266,-15,270,15,289,-15,175,15" hai1="25,28,34,62,65,69,82,87,114,115" hai3="45,46,47,52,59,60,85,86,89,91" /><INIT seed="3,1,0,2,0,42" ten="251,285,274,190" oya="3" hai0="118,41,45,131,112,57,108,77,33,106,95,51,96" hai1="105,50,34,117,39,79,119,121,97,113,75,4,83" hai2="78,70,125,24,128,73,10,94,102,122,59,107,11" hai3="127,99,74,109,12,44,123,14,71,134,120,62,84"/><W66/><G74/><T126/><D108/><U103/><E4/><V129/><F70/><W43/><G109/><T87/><D131/><U37/><E50/><V25/><F107/><W36/><G127/><T132/><D132/><U31/><E113/><V20/><F78/><W27/><G134/><T46/><D126/><U0/><E0/><V23/><F94/><W98/><G84/><T3/><D118/><N who="1" m="45067" /><E121/><V89/><F59/><W135/><G135/><T116/><D112/><U72/><E72/><V82/><F89/><W15/><REACH who="3" step="1"/><G27/><AGARI ba="1,0" hai="27,31,34,37,39,75,79,83,97,103,105" m="45067" machi="27" ten="30,2000,0" yaku="12,1,23,1" doraHai="42" who="1" fromWho="3" sc="251,0,285,23,274,0,190,-23" /><INIT seed="4,0,0,1,0,30" ten="251,308,274,167" oya="0" hai0="15,126,57,99,34,25,65,132,1,55,79,69,84" hai1="49,131,13,39,35,105,63,117,119,129,123,85,81" hai2="17,45,38,100,21,122,24,103,2,26,86,61,3" hai3="91,111,130,66,133,12,96,72,110,58,27,104,125"/><T87/><D1/><U44/><E39/><V28/><F122/><W16/><G72/><T121/><D121/><U33/><E105/><V94/><F61/><W77/><G77/><T128/><D69/><U5/><E63/><V71/><F71/><W9/><G125/><T101/><D65/><U6/><E123/><V32/><F103/><W118/><G118/><N who="1" m="45066" /><E5/><V31/><F17/><W116/><G116/><T102/><D102/><U98/><E98/><V124/><F124/><W89/><G130/><N who="1" m="49674" /><E13/><V88/><REACH who="2" step="1"/><F100/><REACH who="2" ten="251,308,264,167" step="2"/><W90/><G16/><T127/><D127/><U67/><E6/><V53/><F53/><W114/><G66/><T37/><D128/><U134/><E67/><V112/><F112/><W43/><G114/><T50/><D126/><U78/><E134/><V52/><F52/><AGARI ba="0,1" hai="33,35,44,49,52,78,81,85" m="49674,45066" machi="52" ten="30,7700,0" yaku="19,1,52,2,54,1" doraHai="30" who="1" fromWho="2" sc="251,0,308,87,264,-77,167,0" /><INIT seed="5,0,0,2,2,73" ten="251,395,187,167" oya="1" hai0="81,3,39,63,52,13,121,22,118,1,17,74,31" hai1="87,135,50,68,53,57,114,67,107,25,84,94,91" hai2="124,56,80,132,15,127,61,123,71,40,11,28,43" hai3="44,36,20,14,115,86,58,49,37,12,100,109,33"/><U7/><E114/><V64/><F123/><W97/><G33/><T82/><D118/><U122/><E135/><V10/><F28/><W83/><G109/><T99/><D39/><U38/><E107/><V46/><F132/><W66/><G115/><T55/><D121/><U47/><E7/><V75/><F71/><W69/><G69/><T116/><D116/><U110/><E25/><V130/><F130/><W101/><G37/><T103/><D31/><U95/><E110/><V89/><F11/><W27/><G36/><T30/><D30/><U54/><E54/><V42/><F46/><W51/><G51/><T105/><D81/><U4/><E4/><V18/><REACH who="2" step="1"/><F89/><REACH who="2" ten="251,395,177,167" step="2"/><W133/><G133/><T88/><D88/><U35/><E122/><V90/><F90/><W129/><G129/><T128/><D128/><U78/><E91/><V79/><AGARI ba="0,1" hai="10,15,18,40,42,43,56,61,64,75,79,80,124,127" machi="79" ten="30,4000,0" yaku="1,1,0,1,52,1,53,0" doraHai="73" doraHaiUra="65" who="2" fromWho="2" sc="251,-10,395,-20,177,50,167,-10" /><INIT seed="6,0,0,4,4,32" ten="241,375,227,157" oya="2" hai0="102,29,71,38,117,107,79,20,81,58,44,50,121" hai1="84,105,103,13,41,26,53,77,119,87,9,4,21" hai2="0,51,120,126,2,55,89,63,127,129,57,27,108" hai3="31,124,130,69,76,128,23,93,133,82,16,114,18"/><V45/><F120/><W25/><G69/><T74/><D121/><U118/><E105/><V98/><F129/><N who="3" m="49771" /><G124/><N who="2" m="47657" /><F108/><W91/><G133/><T73/><D71/><U132/><E132/><V48/><F27/><W101/><G101/><T131/><D38/><U49/><E103/><V30/><F30/><W94/><G114/><T113/><D113/><U115/><E115/><V125/><N who="2" m="47665" /><V92/><DORA hai="100" /><F51/><W95/><G91/><T134/><D117/><U35/><E35/><V99/><F99/><W97/><G97/><T11/><D74/><AGARI ba="0,0" hai="16,18,23,25,31,74,76,82,93,94,95" m="49771" machi="74" ten="30,2000,0" yaku="19,1,54,1" doraHai="32,100" who="3" fromWho="0" sc="241,-20,375,0,227,0,157,20" /><INIT seed="7,0,0,0,1,11" ten="221,375,227,177" oya="3" hai0="35,23,21,47,72,127,24,45,79,124,13,66,37" hai1="80,17,112,46,71,81,56,55,121,117,5,0,133" hai2="70,84,25,7,93,74,82,69,106,31,10,9,113" hai3="14,122,130,94,29,51,128,63,135,1,104,49,32"/><W101/><G1/><T15/><D66/><U75/><E81/><V125/><F106/><W97/><G122/><T60/><D60/><U109/><E5/><V119/><F119/><W91/><G135/><T54/><D35/><U33/><E17/><V48/><F74/><W40/><G63/><T53/><D79/><U105/><E55/><N who="0" m="21001" /><D72/><U115/><E56/><V83/><F48/><W43/><G29/><T87/><D87/><U118/><E46/><N who="0" m="17417" /><D37/><U4/><E80/><V99/><F83/><W34/><G34/><T19/><D23/><U78/><E4/><V59/><F7/><W27/><G27/><T38/><D38/><U107/><E78/><V76/><F25/><W96/><G32/><T16/><D19/><U77/><E77/><V89/><F31/><W102/><G91/><T131/><D131/><N who="3" m="50217" /><G14/><T120/><D120/><U114/><E118/><V57/><F89/><W100/><G100/><T90/><D90/><U18/><E114/><V62/><F113/><W64/><G64/><T116/><D116/><U26/><E112/><V42/><F62/><W36/><G36/><T61/><D61/><U123/><E26/><V103/><F103/><W30/><G30/><T92/><D92/><U108/><E121/><V52/><F76/><W98/><G98/><T6/><D6/><U68/><E123/><V85/><F99/><W110/><G110/><T129/><D129/><U39/><E108/><V12/><F12/><W95/><G95/><T126/><AGARI ba="0,0" hai="13,15,16,21,24,124,126,127" m="17417,21001" machi="126" ten="40,8000,1" yaku="18,1,52,2,54,1" doraHai="11" who="0" fromWho="0" sc="221,80,375,-20,227,-20,177,-40" owari="301,10.0,355,45.0,207,-19.0,137,-36.0" /></mjloggm>