<mjloggm ver="2.3"><GO type="169" lobby="0"/><UN n0="%E3%81%AF%E3%81%AA%E3%81%BE%E3%82%8B%E3%81%8D" n1="%E3%81%B7%E3%81%84%E3%81%AB%E3%82%85" n2="%E3%81%9F%E3%81%A4%E3%81%8D%E3%82%80%E3%81%A8%E3%82%93" n3="%E3%82%A6%E3%83%AB%E3%83%88%E3%83%A9%E7%AB%8B%E7%9B%B4" dan="16,16,16,16" rate="2085.23,2088.10,2113.24,2117.53" sx="M,M,M,M"/><TAIKYOKU oya="0"/><INIT seed="0,0,0,0,3,70" ten="250,250,250,250" oya="0" hai0="114,84,135,110,118,115,23,25,48,108,93,34,87" hai1="107,123,3,65,69,21,11,73,10,22,106,83,54" hai2="17,1,44,9,81,53,82,76,113,43,6,52,30" hai3="47,101,67,128,112,15,119,133,66,14,80,124,78"/><T18/><D34/><U111/><E123/><V105/><F113/><N who="0" m="43018" /><D118/><U131/><E69/><V71/><F71/><W7/><G119/><T85/><D135/><U46/><E65/><V129/><F129/><W57/><G112/><T45/><D93/><U95/><E95/><V31/><F105/><W109/><G128/><T27/><D27/><U103/><E131/><V29/><F17/><W99/><G133/><T126/><D126/><U59/><E46/><V2/><F2/><W74/><G124/><T77/><D77/><U97/><E83/><V102/><F102/><W28/><G28/><T130/><D130/><U98/><E73/><V94/><F94/><W40/><G109/><N who="0" m="42091" /><D87/><U8/><E3/><V61/><F61/><W39/><G7/><T56/><D56/><U55/><E111/><V32/><F32/><W60/><REACH who="3" step="1"/><G66/><REACH who="3" ten="250,250,250,240" step="2"/><T20/><D20/><U5/><E5/><V90/><F31/><W36/><G36/><T33/><D33/><U24/><E22/><V86/><F30/><W0/><G0/><T42/><AGARI ba="0,1" hai="18,23,25,42,45,48,84,85" m="42091,43018" machi="42" ten="30,3000,0" yaku="14,1,10,1" doraHai="70" who="0" fromWho="0" sc="250,40,250,-10,250,-10,240,-10" /><INIT seed="0,1,0,4,3,114" ten="290,240,240,230" oya="0" hai0="95,103,79,56,48,51,3,91,110,131,117,35,38" hai1="61,109,15,133,107,119,17,100,4,92,21,71,34" hai2="62,57,33,47,40,115,52,7,65,125,106,75,20" hai3="72,124,44,83,85,43,126,89,45,13,2,12,46"/><T116/><D3/><U130/><E34/><V29/><F33/><W128/><G2/><T64/><D38/><U6/><E107/><V25/><F106/><W19/><G72/><T134/><D35/><U69/><E109/><V96/><F115/><W129/><G43/><T24/><D110/><U58/><E133/><V53/><F125/><W18/><G89/><T121/><D121/><U22/><E130/><N who="3" m="50282" /><G85/><T118/><D79/><U80/><E80/><V39/><F75/><W16/><G83/><T28/><D103/><U10/><E100/><V135/><F135/><W102/><G102/><T27/><D134/><U93/><E93/><V73/><F73/><W88/><G88/><T111/><D131/><U59/><E92/><V0/><REACH who="2" step="1"/><F96/><REACH who="2" ten="290,240,230,230" step="2"/><W104/><G104/><T105/><D105/><U37/><E69/><V127/><F127/><AGARI ba="1,1" hai="12,13,16,18,19,44,45,46,124,126,127" m="50282" machi="127" ten="40,8000,1" yaku="28,2,18,1,19,1,54,1" doraHai="114" who="3" fromWho="2" sc="290,0,240,0,230,-83,230,93" /><INIT seed="1,0,0,2,1,125" ten="290,240,147,323" oya="1" hai0="13,22,53,29,41,96,104,112,68,110,49,45,120" hai1="4,24,38,107,20,43,30,81,15,65,82,87,108" hai2="25,128,92,12,103,64,84,33,94,61,111,10,121" hai3="19,72,37,83,133,79,17,62,130,40,18,115,47"/><U48/><E107/><V71/><F121/><W76/><G115/><T114/><D68/><U122/><E38/><V55/><F111/><W28/><G133/><T8/><D120/><U0/><E0/><V80/><F55/><W117/><G117/><T51/><D110/><U35/><E65/><V89/><F103/><W50/><G28/><T93/><D104/><U78/><E122/><V99/><F33/><W66/><G79/><T26/><D51/><U98/><E98/><V44/><F44/><W105/><G105/><T58/><D41/><U59/><E35/><V46/><F46/><W6/><G6/><T134/><D45/><U118/><E118/><V129/><F25/><W95/><G95/><T127/><D134/><U119/><E119/><V124/><F124/><W69/><REACH who="3" step="1"/><G130/><REACH who="3" ten="290,240,147,313" step="2"/><N who="2" m="50281" /><F99/><W126/><G126/><T86/><D127/><U1/><E108/><V70/><F70/><W85/><G85/><T34/><D86/><U32/><E87/><V56/><F71/><W90/><G90/><T74/><D34/><U123/><E32/><V16/><AGARI ba="0,1" hai="10,12,16,56,61,64,80,84,89,92,94" m="50281" machi="16" ten="30,8000,1" yaku="19,1,52,3,54,1" doraHai="125" who="2" fromWho="2" sc="290,-20,240,-40,147,90,313,-20" /><INIT seed="2,0,0,2,3,0" ten="270,200,237,293" oya="2" hai0="62,126,122,115,28,43,132,105,7,63,103,102,89" hai1="70,51,100,133,87,85,36,56,109,113,116,11,52" hai2="112,93,135,123,57,2,10,25,37,83,38,71,76" hai3="90,46,21,14,22,129,5,106,16,34,45,50,125"/><V59/><F112/><W99/><G34/><T104/><D115/><U30/><E36/><V47/><F123/><W127/><G129/><T40/><D122/><U119/><E70/><V69/><F25/><W27/><G90/><T98/><D28/><U95/><E113/><V60/><F135/><W79/><G79/><T3/><D132/><U84/><E133/><V96/><F38/><W6/><G99/><T108/><D126/><N who="3" m="48137" /><G106/><T74/><D74/><U9/><E30/><V134/><F47/><N who="3" m="17931" /><G50/><T107/><D108/><U23/><E23/><V33/><F37/><W4/><G22/><T88/><D105/><U73/><E73/><V111/><F33/><W65/><G65/><T29/><D29/><U19/><E109/><V61/><F111/><W13/><AGARI ba="0,0" hai="4,5,6,13,14,16,21,27" m="17931,48137" machi="13" ten="40,8000,1" yaku="18,1,52,3,54,1" doraHai="0" who="3" fromWho="3" sc="270,-20,200,-20,237,-40,293,80" /><INIT seed="3,0,0,5,0,0" ten="250,180,197,373" oya="3" hai0="102,104,14,72,29,79,73,99,10,123,76,50,38" hai1="124,82,32,23,126,17,75,63,1,116,131,90,44" hai2="6,69,127,3,39,97,95,100,59,109,26,118,114" hai3="36,56,57,105,65,129,78,31,122,71,16,34,4"/><W19/><G36/><T85/><D38/><U66/><E32/><V58/><F114/><W51/><G122/><T37/><D37/><U117/><E1/><V111/><F118/><N who="1" m="45673" /><E44/><V113/><F113/><W77/><G105/><T25/><D123/><U81/><E90/><V67/><F39/><W13/><G71/><T93/><D50/><U53/><E53/><V101/><F101/><W115/><G31/><T133/><D133/><U28/><E28/><V88/><F100/><W132/><G34/><T68/><D68/><N who="1" m="42079" /><E75/><V52/><F127/><N who="1" m="48681" /><E131/><V130/><F130/><W12/><G129/><T5/><D104/><U94/><E94/><V21/><F3/><W47/><G115/><T9/><D9/><U45/><E45/><V60/><F6/><W41/><G132/><T2/><D2/><U120/><E120/><V74/><F74/><W91/><G91/><T33/><D73/><U87/><E87/><V15/><F15/><AGARI ba="0,0" hai="15,17,23,81,82" m="48681,42079,45673" machi="15" ten="30,2000,0" yaku="12,1,18,1" doraHai="0" who="1" fromWho="2" sc="250,0,180,20,197,-20,373,0" /><INIT seed="4,0,0,2,4,128" ten="250,200,177,373" oya="0" hai0="19,130,104,69,36,110,17,8,113,134,6,53,98" hai1="111,94,0,100,73,43,42,44,56,74,49,115,107" hai2="25,97,129,92,101,26,133,106,62,71,59,131,90" hai3="51,95,75,67,21,89,14,61,16,121,60,28,34"/><T84/><D36/><U52/><E0/><V9/><F71/><W99/><G75/><T96/><D69/><U4/><E4/><V37/><F37/><W38/><G38/><T33/><D33/><U127/><E111/><V87/><F9/><W120/><G51/><T70/><D70/><U23/><E107/><V103/><F103/><W118/><G118/><T66/><D110/><U35/><E35/><V63/><F63/><W85/><G67/><T7/><D66/><U83/><E83/><V86/><F86/><W20/><G34/><T76/><D130/><N who="2" m="49674" /><F133/><W108/><G108/><T88/><D134/><U81/><E127/><V10/><F10/><W78/><G78/><T79/><D113/><U27/><E42/><V114/><F114/><W112/><G112/><T126/><D104/><U77/><E74/><V1/><F1/><W46/><G85/><T117/><D117/><U2/><E2/><V57/><F57/><W32/><G46/><T31/><D126/><U11/><E11/><V41/><F41/><W22/><G61/><T3/><D3/><U18/><E115/><V65/><AGARI ba="0,0" hai="25,26,59,62,65,87,90,92,97,101,106" m="49674" machi="65" ten="30,1100,0" yaku="19,1" doraHai="128" who="2" fromWho="2" sc="250,-5,200,-3,177,11,373,-3" /><INIT seed="5,0,0,3,0,110" ten="245,197,188,370" oya="1" hai0="84,99,104,14,31,133,67,42,13,5,35,23,68" hai1="111,63,36,57,60,91,88,76,124,132,66,48,54" hai2="46,75,123,64,53,95,108,119,100,28,56,6,22" hai3="97,41,1,87,26,27,0,8,98,83,78,24,69"/><U33/><E33/><V73/><F108/><W52/><G69/><T79/><D133/><U113/><E36/><V2/><F119/><W82/><G41/><T11/><D42/><U94/><E111/><V86/><F123/><W102/><G8/><T116/><D116/><U109/><E109/><V112/><F112/><W9/><G9/><T50/><D50/><U58/><E124/><V4/><F2/><W77/><G52/><T74/><D74/><U106/><E106/><V115/><F46/><W125/><G125/><T34/><D34/><U29/><E29/><V101/><F64/><W44/><G44/><T93/><D104/><U117/><E117/><V107/><F115/><W17/><G17/><N who="0" m="10679" /><D35/><U19/><E132/><V16/><F28/><W20/><G20/><T62/><D31/><U47/><E19/><V131/><F131/><W92/><REACH who="3" step="1"/><G98/><REACH who="3" ten="245,197,188,360" step="2"/><T51/><D68/><U3/><E47/><V10/><F10/><W85/><AGARI ba="0,1" hai="0,1,24,26,27,77,78,82,83,85,87,92,97,102" machi="85" ten="30,7900,0" yaku="1,1,2,1,0,1,9,1,53,0" doraHai="110" doraHaiUra="61" who="3" fromWho="3" sc="245,-20,197,-39,188,-20,360,89" /><INIT seed="6,0,0,1,4,129" ten="225,158,168,449" oya="2" hai0="135,109,99,75,49,84,11,69,115,25,71,45,19" hai1="12,132,38,0,18,94,114,113,103,78,122,56,43" hai2="124,106,98,3,83,33,54,22,53,97,60,28,58" hai3="5,68,125,41,131,73,105,79,133,7,39,64,90"/><V23/><F3/><W40/><G90/><T111/><D75/><U14/><E0/><V42/><F124/><W32/><G64/><T87/><D115/><N who="1" m="44043" /><E132/><V123/><F123/><W96/><G133/><T104/><D135/><U50/><E78/><V101/><F42/><W134/><G96/><T15/><D84/><U118/><E118/><V82/><F97/><W4/><G4/><T1/><D1/><U95/><E38/><V128/><F128/><W81/><G81/><T92/><D87/><U108/><E108/><V130/><F130/><W24/><G24/><T31/><D104/><U89/><E103/><V47/><F33/><W16/><G16/><T48/><D71/><U21/><E14/><V93/><F106/><W86/><G5/><T100/><D69/><U76/><E76/><V8/><F8/><W63/><G32/><T110/><D45/><N who="1" m="25919" /><E122/><V80/><REACH who="2" step="1"/><F28/><REACH who="2" ten="225,158,158,449" step="2"/><W117/><G41/><T85/><D31/><U65/><E89/><V6/><F6/><W120/><G125/><T36/><D11/><U112/><E112/><V9/><F9/><W121/><G131/><T52/><D109/><U34/><E34/><V35/><F35/><W91/><G7/><T62/><D110/><U26/><E26/><V66/><F66/><W61/><G121/><T127/><D25/><U46/><E12/><V30/><F30/><W72/><G105/><T88/><D15/><U17/><E21/><V70/><F70/><W57/><G68/><T2/><D111/><U13/><E13/><V51/><AGARI ba="0,1" hai="22,23,47,51,53,54,58,60,80,82,83,93,98,101" machi="51" ten="30,6000,0" yaku="1,1,0,1,8,1,53,0" doraHai="129" doraHaiUra="116" who="2" fromWho="2" sc="225,-20,158,-20,158,70,449,-20" /><INIT seed="6,1,0,5,3,134" ten="205,138,228,429" oya="2" hai0="29,86,46,59,82,35,31,2,30,39,49,89,81" hai1="124,107,65,22,92,132,111,13,110,44,56,32,113" hai2="99,55,70,75,102,74,26,48,122,112,126,109,97" hai3="58,91,43,63,104,53,28,120,84,62,88,129,51"/><V77/><F122/><W19/><G104/><T18/><D2/><U67/><E107/><V131/><F70/><W103/><G103/><T61/><D39/><U90/><E32/><V128/><F109/><W24/><G120/><T100/><D35/><U4/><E132/><V60/><F60/><W115/><G129/><N who="2" m="49737" /><F112/><W15/><G115/><T101/><D18/><U1/><E1/><V94/><F97/><W87/><G24/><T0/><D82/><U5/><E113/><V27/><F126/><W123/><G28/><T57/><D0/><U50/><E124/><V9/><F9/><N who="3" m="6639" /><G123/><T78/><D78/><U12/><E56/><N who="0" m="21577" /><D61/><N who="3" m="23049" /><G43/><AGARI ba="1,0" hai="29,30,31,43,46,49,81,86,89,100,101" m="21577" machi="43" ten="30,1000,0" yaku="8,1" doraHai="134" who="0" fromWho="3" sc="205,13,138,0,228,0,429,-13" /><INIT seed="7,0,0,1,5,30" ten="218,138,228,416" oya="3" hai0="88,74,16,26,64,50,49,32,131,20,85,99,123" hai1="47,82,38,122,117,25,13,112,86,58,115,120,97" hai2="55,93,76,84,43,18,100,69,104,118,14,77,70" hai3="129,75,119,96,111,7,135,114,62,34,83,106,125"/><W37/><G83/><N who="0" m="49215" /><D74/><U54/><E13/><V8/><F118/><W31/><G96/><T51/><D32/><U17/><E17/><V91/><F43/><W63/><G62/><T121/><D123/><U19/><E19/><V130/><F70/><W87/><G63/><T33/><D33/><U116/><E97/><V103/><F69/><W6/><G87/><T92/><D121/><N who="1" m="46699" /><E25/><V94/><F104/><W35/><G31/><T72/><D72/><U71/><E82/><V134/><F100/><W128/><G75/><T22/><D131/><U40/><E86/><V12/><F103/><W126/><G37/><T127/><D127/><U42/><E42/><V53/><F84/><W21/><G106/><T79/><D79/><U46/><E71/><V4/><F91/><W61/><G61/><T95/><D22/><U24/><E24/><V45/><F12/><W36/><G36/><T89/><D95/><U98/><E98/><V81/><F94/><W78/><G78/><T48/><D64/><U66/><E66/><V60/><F93/><W73/><G73/><T102/><D102/><U23/><E23/><V107/><F107/><W113/><G21/><T110/><D110/><U65/><E65/><V90/><F81/><W9/><G111/><T1/><D1/><U10/><E10/><V67/><F67/><W5/><G9/><T28/><D28/><U59/><E47/><V52/><F45/><W39/><G39/><T105/><N who="0" m="12288" /><DORA hai="133" /><T80/><D105/><U29/><E29/><V57/><F8/><W27/><G27/><T108/><D80/><U2/><E2/><RYUUKYOKU ba="0,0" sc="218,30,138,-10,228,-10,416,-10" hai0="16,20,26,89,92,99,108" owari="248,5.0,128,-37.0,218,-18.0,406,50.0" /></mjloggm>