<mjloggm ver="2.3"><GO type="169" lobby="0"/><UN n0="%E3%82%A4%E3%82%AB%E5%A8%98" n1="%68%61%79%61%74%6F%E2%98%86" n2="%74%61%63%6F%73" n3="%E3%82%A6%E3%83%AB%E3%83%88%E3%83%A9%E7%AB%8B%E7%9B%B4" dan="16,17,16,18" rate="2034.79,2141.96,2095.05,2205.35" sx="F,M,M,M"/><TAIKYOKU oya="0"/><INIT seed="0,0,0,1,4,30" ten="250,250,250,250" oya="0" hai0="86,66,14,8,36,103,17,39,52,128,70,68,2" hai1="53,133,55,117,25,24,35,130,37,99,135,29,57" hai2="1,7,87,23,56,95,80,45,32,131,72,100,127" hai3="123,5,12,49,78,102,118,43,62,84,11,119,59"/><T27/><D128/><U26/><E117/><V38/><F131/><W54/><G102/><T114/><D114/><U82/><E130/><V121/><F121/><W18/><G123/><T73/><D73/><U113/><E37/><V42/><F127/><W31/><G31/><T94/><D2/><U34/><E113/><V88/><F32/><N who="1" m="12329" /><E29/><V65/><F23/><W19/><G119/><T4/><D27/><U124/><E82/><V111/><F111/><W61/><G118/><T22/><D36/><U109/><E109/><V74/><F100/><W129/><G129/><T51/><D39/><U134/><E124/><V76/><F74/><W96/><G96/><N who="0" m="59799" /><D68/><U33/><N who="1" m="12337" /><U101/><DORA hai="46" /><E57/><V122/><F122/><W41/><G41/><T9/><D70/><U92/><AGARI ba="0,0" hai="24,25,26,53,55,92,99,101,133,134,135" m="12337" machi="92" ten="50,8000,1" yaku="20,1,52,4" doraHai="30,46" who="1" fromWho="1" sc="250,-40,250,80,250,-20,250,-20" /><INIT seed="1,0,0,3,3,60" ten="210,330,230,230" oya="1" hai0="51,17,118,46,95,76,133,84,127,39,87,85,53" hai1="109,88,67,44,43,120,79,32,20,36,42,86,29" hai2="100,132,96,97,27,112,116,19,101,38,66,41,99" hai3="128,80,72,82,57,121,56,14,90,1,63,15,58"/><U91/><E120/><V123/><F116/><W30/><G1/><T71/><D118/><U34/><E79/><V7/><F123/><W94/><G121/><T54/><D133/><U134/><E134/><V37/><F132/><W45/><G128/><T103/><D127/><U106/><E106/><V9/><F112/><W18/><G30/><T10/><D71/><U113/><E113/><V31/><F19/><W75/><G45/><T93/><D39/><U73/><E73/><V22/><F66/><W64/><G72/><T13/><D76/><U131/><E131/><V135/><F135/><W98/><G15/><T65/><D65/><U59/><E43/><V0/><REACH who="2" step="1"/><F41/><REACH who="2" ten="210,330,220,230" step="2"/><W92/><G75/><T110/><D110/><U83/><E109/><V26/><F26/><W11/><REACH who="3" step="1"/><G94/><REACH who="3" ten="210,330,220,220" step="2"/><T4/><D95/><U52/><E29/><V122/><F122/><W28/><G28/><T129/><D93/><U70/><E42/><V89/><F89/><W21/><G21/><T104/><D129/><U8/><E20/><V117/><F117/><W47/><G47/><T74/><D46/><U124/><E91/><V25/><F25/><W48/><G48/><T62/><D51/><U125/><E44/><V3/><F3/><W119/><G119/><T77/><D74/><U49/><E8/><V114/><F114/><W105/><G105/><T81/><D104/><U50/><E49/><V68/><F68/><AGARI ba="0,2" hai="11,14,18,56,57,58,63,64,68,80,82,90,92,98" machi="68" ten="40,2600,0" yaku="1,1,52,1,53,0" doraHai="60" doraHaiUra="2" who="3" fromWho="2" sc="210,0,330,0,220,-26,220,46" /><INIT seed="2,0,0,2,2,27" ten="210,330,194,266" oya="2" hai0="19,86,108,3,29,118,13,57,95,132,72,18,39" hai1="78,55,4,87,98,115,2,53,129,56,94,59,116" hai2="125,38,113,16,20,131,23,33,109,64,74,69,84" hai3="75,42,40,101,30,24,66,73,103,122,126,107,110"/><V11/><F74/><W77/><G122/><T58/><D72/><U17/><E115/><V43/><F33/><W76/><G66/><T83/><D39/><U81/><E116/><V48/><F113/><W63/><G24/><T52/><D3/><U54/><E4/><V14/><F38/><W46/><G63/><T37/><D37/><U10/><E2/><V62/><F125/><W123/><G46/><T36/><D36/><U50/><E129/><V21/><F131/><W0/><G0/><T121/><D108/><U8/><E17/><V130/><F130/><W68/><G107/><T124/><D121/><U111/><E111/><V7/><F109/><W99/><G99/><T49/><D132/><U112/><E112/><V91/><F43/><W41/><G41/><T67/><D124/><U28/><E28/><V117/><F48/><W100/><G100/><T25/><D95/><U32/><E32/><V51/><F51/><W105/><G105/><T47/><D118/><U120/><E120/><V1/><REACH who="2" step="1"/><F117/><REACH who="2" ten="210,330,184,266" step="2"/><W5/><G110/><T70/><D49/><U61/><REACH who="1" step="1"/><E55/><REACH who="1" ten="210,320,184,266" step="2"/><V96/><F96/><W106/><G123/><T97/><D52/><U15/><E15/><V6/><F6/><W31/><G5/><T114/><D13/><U134/><E134/><V90/><F90/><AGARI ba="0,2" hai="8,10,50,53,54,56,59,61,78,81,87,90,94,98" machi="90" ten="30,3900,0" yaku="1,1,7,1,8,1,53,0" doraHai="27" doraHaiUra="9" who="1" fromWho="2" sc="210,0,320,59,184,-39,266,0" /><INIT seed="3,0,0,4,5,39" ten="210,379,145,266" oya="3" hai0="93,107,85,79,132,100,128,2,94,8,29,54,40" hai1="71,7,4,120,15,12,124,104,70,45,122,80,112" hai2="60,73,75,1,135,17,117,14,59,32,116,24,44" hai3="34,69,16,56,76,13,83,91,26,74,47,27,81"/><W28/><G69/><T42/><D107/><U53/><E80/><V23/><F1/><W130/><G130/><T52/><D2/><U96/><E45/><V131/><F131/><W51/><G27/><T19/><D128/><U90/><E96/><V98/><F135/><W21/><G56/><T125/><D29/><U77/><E90/><V3/><F3/><W61/><G61/><T38/><D38/><U10/><E77/><V99/><F73/><W133/><G133/><T58/><D125/><U65/><E65/><V84/><F75/><W92/><G76/><T121/><D121/><U118/><E53/><N who="0" m="20585" /><D58/><U134/><E134/><V101/><F44/><W97/><REACH who="3" step="1"/><G74/><REACH who="3" ten="210,379,145,256" step="2"/><T114/><D132/><U78/><E78/><V111/><F59/><W103/><G103/><T88/><D114/><U87/><E71/><V102/><F60/><W0/><G0/><T48/><D79/><U72/><E70/><V106/><F24/><W31/><G31/><T35/><D35/><U66/><E72/><V55/><F32/><W6/><G6/><T62/><D62/><U127/><E112/><V95/><F116/><W33/><G33/><T105/><D105/><U123/><E104/><V30/><F117/><W18/><G18/><T57/><D57/><U119/><E118/><V41/><F30/><W108/><G108/><T67/><D19/><U46/><E119/><V5/><F111/><W20/><G20/><T126/><D100/><U89/><E120/><V49/><F5/><W64/><G64/><T113/><D67/><U25/><E66/><V22/><F101/><W50/><G50/><RYUUKYOKU ba="0,1" sc="210,-10,379,-10,145,-10,256,30" hai3="13,16,21,26,28,34,47,51,81,83,91,92,97" /><INIT seed="3,1,1,2,3,127" ten="200,369,135,286" oya="3" hai0="68,69,99,75,85,86,20,122,0,101,30,118,135" hai1="97,81,52,48,60,29,14,96,94,125,71,120,104" hai2="116,25,64,61,8,37,21,57,47,123,73,133,1" hai3="43,134,15,79,109,50,5,87,98,70,82,128,58"/><W126/><G70/><T39/><D118/><U93/><E120/><V111/><F116/><W106/><G126/><T45/><D122/><U76/><E29/><V132/><F123/><W66/><G134/><N who="2" m="51817" /><F73/><W49/><G109/><T62/><D135/><U44/><E14/><V63/><F111/><W19/><G128/><T65/><D0/><U83/><E104/><V112/><F112/><W17/><G106/><T110/><D75/><U40/><E76/><V36/><F47/><N who="3" m="25855" /><G98/><T4/><D4/><U91/><E125/><V16/><F61/><N who="3" m="38199" /><G50/><T27/><D69/><U124/><E124/><V22/><F22/><W90/><G90/><T56/><D110/><U77/><E77/><V7/><AGARI ba="1,1" hai="1,7,8,16,21,25,36,37,57,63,64" m="51817" machi="7" ten="30,2000,0" yaku="20,1,54,1" doraHai="127" who="2" fromWho="2" sc="200,-6,369,-6,135,33,286,-11" /><INIT seed="4,0,0,1,0,57" ten="194,363,168,275" oya="0" hai0="56,103,112,68,66,128,83,64,42,129,98,48,120" hai1="88,17,109,21,78,80,62,8,20,5,111,74,121" hai2="28,100,115,67,13,32,82,99,119,76,14,2,87" hai3="26,85,44,107,79,29,53,69,116,4,81,59,72"/><T102/><D120/><U60/><E121/><V84/><F2/><W106/><G69/><T25/><D112/><U123/><E123/><V63/><F115/><W96/><G44/><N who="0" m="25623" /><D68/><U131/><E131/><N who="0" m="50249" /><D83/><U108/><E88/><V54/><F54/><W91/><G4/><T118/><D118/><U50/><E50/><V73/><F119/><W38/><G38/><T104/><D102/><U94/><E94/><V43/><F43/><W45/><G45/><T124/><D124/><U49/><E49/><V33/><F73/><W126/><G126/><T113/><D113/><U125/><E125/><V127/><F127/><W34/><G116/><T3/><D3/><U46/><E46/><V90/><F100/><W97/><G107/><T40/><D40/><U7/><E7/><V58/><F99/><W22/><G106/><T89/><D89/><U132/><E132/><V27/><REACH who="2" step="1"/><F33/><REACH who="2" ten="194,363,158,275" step="2"/><W11/><G97/><T93/><D104/><U61/><E111/><V51/><F51/><W71/><G96/><T41/><D41/><U16/><E109/><V9/><F9/><W130/><G11/><T95/><D95/><AGARI ba="0,1" hai="13,14,27,28,32,58,63,67,76,82,84,87,90,95" machi="95" ten="30,3900,0" yaku="1,1,7,1,52,1,53,0" doraHai="57" doraHaiUra="18" who="2" fromWho="0" sc="194,-39,363,0,158,49,275,0" /><INIT seed="5,0,0,2,4,116" ten="155,363,207,275" oya="1" hai0="67,77,21,28,102,74,26,130,97,44,120,118,12" hai1="94,82,64,37,29,108,87,132,127,51,121,84,23" hai2="96,15,88,124,107,33,98,81,49,19,42,133,56" hai3="135,35,68,71,0,99,14,4,24,100,5,103,20"/><U45/><E37/><V75/><F33/><W1/><G20/><T2/><D2/><U11/><E64/><V76/><F124/><W27/><G14/><T92/><D118/><U13/><E132/><V32/><F32/><W80/><G35/><T111/><D111/><U53/><E121/><V6/><F6/><W36/><G99/><T57/><D130/><U59/><E127/><V10/><F133/><W40/><G80/><T72/><D44/><U38/><E38/><V125/><F125/><W31/><G40/><T17/><D77/><U106/><E106/><V134/><F134/><W16/><G135/><T25/><D25/><U90/><E108/><V60/><F107/><W50/><G50/><T95/><D95/><U122/><E122/><V78/><F78/><W7/><G36/><T117/><D120/><U62/><E29/><V48/><F42/><W79/><G79/><T18/><D117/><U66/><E23/><V109/><F109/><W83/><G83/><T55/><D17/><U61/><E62/><V123/><F123/><W69/><G16/><T70/><D70/><U65/><E65/><V3/><F3/><N who="3" m="1099" /><G31/><T93/><D93/><U63/><E61/><V89/><F96/><W129/><G129/><T47/><D47/><U110/><E110/><V52/><REACH who="2" step="1"/><F98/><REACH who="2" ten="155,363,197,275" step="2"/><W128/><G128/><T85/><D85/><U119/><E119/><V112/><F112/><W113/><G113/><T54/><D74/><U58/><E84/><V41/><F41/><W8/><G4/><T126/><D72/><U22/><E87/><V104/><F104/><W114/><G5/><RYUUKYOKU ba="0,1" sc="155,-10,363,-10,197,30,275,-10" hai2="10,15,19,48,49,52,56,60,75,76,81,88,89" /><INIT seed="6,1,1,0,4,114" ten="145,353,227,265" oya="2" hai0="49,48,109,85,135,106,72,7,61,40,81,83,74" hai1="101,68,36,16,2,43,22,44,124,30,91,88,92" hai2="108,90,55,54,113,50,105,17,29,8,47,131,31" hai3="34,111,112,77,99,75,98,96,21,122,33,52,69"/><V97/><F113/><W32/><G111/><T56/><D109/><U62/><E2/><V128/><F108/><W57/><G69/><T86/><D106/><U125/><E30/><V93/><F105/><W14/><G122/><T23/><D135/><U78/><E78/><V0/><F54/><W71/><G71/><T24/><D7/><U63/><E101/><V102/><F102/><W94/><G112/><T134/><D134/><U46/><E46/><V104/><F104/><W9/><G21/><T79/><D72/><U64/><E63/><V121/><F121/><W103/><G77/><T58/><D74/><U66/><E66/><V26/><F0/><W107/><G75/><T10/><D10/><U13/><REACH who="1" step="1"/><E91/><REACH who="1" ten="145,343,227,265" step="2"/><V12/><F31/><W89/><G103/><T15/><D15/><U95/><E95/><V59/><F47/><W53/><G107/><T4/><D4/><U70/><E70/><V27/><F29/><W42/><G57/><T67/><D58/><U60/><E60/><V100/><F100/><W116/><G89/><N who="0" m="51375" /><D40/><U130/><E130/><AGARI ba="1,2" hai="8,12,17,26,27,50,55,59,90,93,97,128,130,131" machi="130" ten="40,2000,0" yaku="19,1" doraHai="114" who="2" fromWho="1" sc="145,0,343,-23,227,43,265,0" /><INIT seed="6,2,0,0,0,114" ten="145,320,270,265" oya="2" hai0="127,79,65,43,18,113,16,51,68,1,0,94,22" hai1="21,45,87,67,111,64,58,4,92,75,33,71,102" hai2="46,73,105,125,60,130,36,123,90,63,37,7,17" hai3="81,103,31,29,41,53,82,44,3,49,120,39,83"/><V61/><F123/><W2/><G120/><T93/><D113/><U124/><E33/><V70/><F73/><W95/><G103/><T112/><D112/><U28/><E75/><V118/><F105/><W62/><G62/><T30/><D127/><U59/><E71/><V116/><F70/><W24/><G95/><T10/><D79/><U11/><E45/><V101/><F101/><W80/><N who="3" m="20480" /><DORA hai="55" /><W52/><G31/><T35/><D35/><U78/><E78/><V108/><F7/><W5/><G5/><T50/><D68/><U27/><E124/><V15/><F125/><W13/><G13/><T19/><D65/><N who="1" m="25163" /><E111/><V77/><F77/><W98/><G98/><T54/><D43/><U69/><E69/><V133/><F108/><W128/><G128/><T85/><D51/><U121/><E121/><V56/><F130/><W12/><G12/><T23/><D30/><U109/><E109/><V25/><F15/><W97/><G97/><T135/><D135/><U14/><E87/><V115/><F115/><W84/><G84/><T110/><D110/><U89/><E89/><V76/><F90/><W88/><G88/><T126/><D126/><U26/><E27/><V91/><F91/><W8/><G2/><N who="0" m="1131" /><D85/><U34/><E34/><V48/><F76/><W20/><G49/><T134/><D10/><U119/><E119/><V96/><F116/><W72/><G72/><T99/><D134/><U66/><E66/><V32/><F133/><W117/><G117/><T100/><D94/><U57/><E102/><V131/><F118/><W104/><G104/><T132/><D132/><RYUUKYOKU ba="2,0" sc="145,10,320,10,270,-30,265,10" hai0="16,18,19,22,23,50,54,93,99,100" hai1="4,11,14,21,26,28,57,58,59,92" hai3="3,8,20,24,29,39,41,44,52,53" /><INIT seed="7,3,0,0,3,133" ten="155,330,240,275" oya="3" hai0="113,45,68,26,9,41,27,59,127,120,122,64,62" hai1="98,114,87,102,80,100,111,46,11,109,32,14,78" hai2="6,1,107,36,84,103,129,49,99,29,55,116,48" hai3="76,63,118,37,105,38,25,10,53,71,101,86,67"/><W65/><G65/><T74/><D113/><U89/><E32/><V0/><F36/><W60/><G86/><T124/><D74/><U42/><E114/><V134/><F116/><W35/><G10/><T58/><D9/><U92/><E109/><V3/><F29/><N who="3" m="19887" /><G76/><T56/><D27/><U5/><E111/><V30/><F129/><W83/><G83/><T12/><D12/><U119/><E119/><V50/><F134/><W61/><G61/><T52/><D26/><U108/><E108/><V79/><F30/><W90/><G90/><T96/><D96/><U94/><E94/><V23/><F23/><W93/><G93/><T31/><D31/><U4/><E4/><V82/><REACH who="2" step="1"/><F6/><REACH who="2" ten="155,330,230,275" step="2"/><W75/><G118/><T15/><D15/><U128/><E128/><V125/><F125/><BYE who="2" /><N who="0" m="48202" /><D52/><U131/><E131/><V2/><F2/><W117/><G117/><T121/><D121/><U126/><E126/><V72/><F72/><W20/><G75/><T132/><D132/><U112/><E112/><V69/><F69/><W16/><G53/><T39/><AGARI ba="3,1" hai="39,41,45,56,58,59,62,64,68,120,122" m="48202" machi="39" ten="30,12000,2" yaku="18,1,34,2,52,3" doraHai="133" who="0" fromWho="0" sc="155,139,330,-33,230,-33,275,-63" /><INIT seed="8,0,0,5,4,103" ten="294,297,197,212" oya="0" hai0="127,27,133,125,3,105,120,82,31,84,2,54,46" hai1="66,109,85,79,117,72,63,35,83,87,20,56,77" hai2="60,55,51,6,119,70,110,71,40,81,92,101,94" hai3="108,74,134,114,53,34,32,57,126,111,7,104,49"/><T130/><D120/><U59/><E35/><V29/><F29/><W58/><G114/><T78/><D105/><U52/><E109/><V24/><F24/><W15/><G74/><T25/><D130/><U41/><E117/><V18/><F18/><W113/><G104/><T88/><D133/><U75/><E41/><V36/><F36/><W64/><G113/><T62/><D78/><U21/><E75/><V67/><F67/><W28/><G126/><N who="0" m="48139" /><D27/><U19/><E20/><V4/><F4/><W37/><G7/><T116/><D116/><U1/><E1/><V107/><F107/><W13/><G134/><T100/><D100/><U42/><E42/><V23/><F23/><W38/><G32/><N who="0" m="20591" /><D62/><U91/><E72/><V5/><F5/><W16/><G111/><T122/><D122/><U12/><E85/><V73/><F73/><W121/><G108/><T106/><D106/><U9/><E21/><V128/><F128/><W44/><G34/><T50/><AGARI ba="0,0" hai="2,3,46,50,54,82,84,88" m="20591,48139" machi="50" ten="30,3000,0" yaku="18,1,54,1" doraHai="103" who="0" fromWho="0" sc="294,30,297,-10,197,-10,212,-10" owari="324,42.0,287,9.0,187,-31.0,202,-20.0" /></mjloggm>