<mjloggm ver="2.3"><GO type="169" lobby="0"/><UN n0="%E5%B0%B1%E6%B4%BB%E7%94%9F%40%E5%B7%9D%E6%9D%91%E8%BB%8D%E5%9B%A3" n1="%69%77%61%6E%6B%6F%66%75" n2="%E3%81%AD%E3%81%8D%E3%81%9B%40" n3="%68%65%61%6C%74%68%79%37" dan="17,16,16,17" rate="2259.58,2132.32,2091.51,2106.50" sx="M,M,F,M"/><TAIKYOKU oya="0"/><INIT seed="0,0,0,3,0,12" ten="250,250,250,250" oya="0" hai0="77,16,13,44,42,39,26,135,28,47,88,51,118" hai1="36,14,7,92,100,5,93,69,0,41,82,80,58" hai2="96,109,70,30,90,132,129,63,29,31,2,83,68" hai3="54,110,50,104,121,113,21,67,60,72,55,34,20"/><T49/><D118/><U11/><E69/><V112/><F112/><W130/><G72/><T119/><D119/><U57/><E36/><V97/><F2/><W59/><G104/><T62/><D135/><U103/><E41/><V73/><F132/><W106/><G106/><T10/><D77/><U8/><REACH who="1" step="1"/><E14/><REACH who="1" ten="250,240,250,250" step="2"/><V111/><F70/><W46/><G113/><T9/><D39/><U120/><E120/><V52/><F68/><W40/><G121/><T37/><D37/><U125/><E125/><V56/><F111/><W45/><G110/><T66/><D44/><U91/><E91/><V102/><F109/><W87/><G45/><T81/><D47/><U3/><AGARI ba="0,1" hai="0,3,5,7,8,11,57,58,80,82,92,93,100,103" machi="3" ten="25,6400,0" yaku="1,1,0,1,22,2,53,0" doraHai="12" doraHaiUra="18" who="1" fromWho="1" sc="250,-32,240,74,250,-16,250,-16" /><INIT seed="1,0,0,3,0,112" ten="218,314,234,234" oya="1" hai0="85,63,40,83,99,101,132,87,7,25,4,34,1" hai1="5,23,52,130,122,16,18,33,13,89,48,129,115" hai2="108,60,15,26,53,66,17,135,41,11,91,97,124" hai3="79,110,70,43,77,107,20,67,44,105,45,31,65"/><U50/><E115/><V102/><F108/><W12/><G110/><T28/><D132/><U30/><E122/><V109/><F109/><W98/><G70/><T58/><D40/><U54/><E5/><V76/><F76/><W117/><G107/><T103/><D103/><U51/><E89/><V106/><F124/><W113/><G113/><T32/><D32/><U74/><E74/><V27/><F135/><W123/><G105/><T49/><D49/><U64/><E64/><V61/><F41/><W22/><G98/><T92/><D85/><U42/><E42/><V126/><F126/><W9/><G123/><T118/><D1/><U119/><E119/><V96/><F53/><W134/><G134/><T71/><D71/><U19/><E33/><V80/><F61/><W68/><G68/><T75/><D75/><U8/><E30/><V114/><F114/><W111/><G111/><T86/><D86/><U100/><E100/><V35/><F35/><W88/><G117/><T47/><D47/><U78/><E78/><V95/><REACH who="2" step="1"/><F80/><REACH who="2" ten="218,314,224,234" step="2"/><W131/><G43/><T72/><D118/><U62/><E62/><V3/><F3/><W10/><G77/><T73/><D73/><U24/><REACH who="1" step="1"/><E19/><REACH who="1" ten="218,304,224,234" step="2"/><V2/><F2/><W69/><G65/><T128/><D72/><U6/><E6/><V81/><F81/><W0/><G67/><T82/><D82/><U93/><E93/><V14/><F14/><W121/><G12/><T59/><D63/><U94/><E94/><V133/><F133/><W39/><G0/><T84/><D83/><U21/><E21/><V56/><AGARI ba="0,2" hai="11,15,17,26,27,56,60,66,91,95,96,97,102,106" machi="56" ten="20,5200,0" yaku="1,1,5,1,0,1,7,1,53,0" doraHai="112" doraHaiUra="125" who="2" fromWho="2" sc="218,-13,304,-26,224,72,234,-13" /><INIT seed="2,0,0,1,3,42" ten="205,278,296,221" oya="2" hai0="129,39,29,64,80,24,50,115,135,69,26,113,14" hai1="9,94,122,8,47,10,102,84,60,13,3,127,106" hai2="109,96,53,112,89,32,41,124,108,83,107,23,52" hai3="87,27,4,101,99,121,79,98,72,5,130,44,119"/><V95/><F112/><W45/><G121/><T75/><D129/><U123/><E106/><V46/><F32/><W81/><G119/><T2/><D2/><U49/><E3/><V62/><F124/><W22/><G72/><T66/><D135/><U7/><E127/><V12/><F107/><W21/><G130/><T77/><D39/><U116/><E116/><V104/><F104/><W126/><G126/><T1/><D1/><U85/><E60/><V25/><F12/><W71/><G71/><T134/><D134/><U18/><E102/><V57/><F83/><W30/><G22/><T55/><D14/><U67/><E67/><V118/><F118/><W90/><G79/><T114/><D69/><U15/><E9/><V35/><F35/><W68/><G68/><T37/><D37/><U97/><E123/><V17/><REACH who="2" step="1"/><F53/><REACH who="2" ten="205,278,286,221" step="2"/><W105/><REACH who="3" step="1"/><G98/><REACH who="3" ten="205,278,286,211" step="2"/><T33/><REACH who="0" step="1"/><D24/><REACH who="0" ten="195,278,286,211" step="2"/><U86/><E122/><V103/><F103/><W63/><G63/><T51/><D51/><AGARI ba="0,3" hai="17,23,25,41,46,51,52,57,62,89,95,96,108,109" machi="51" ten="40,12000,1" yaku="1,1,25,2,52,1,54,1,53,0" doraHai="42" doraHaiUra="78" who="2" fromWho="0" sc="195,-120,278,0,286,150,211,0" /><INIT seed="2,1,0,5,3,88" ten="75,278,436,211" oya="2" hai0="117,31,109,24,116,130,110,111,0,3,35,41,32" hai1="8,118,96,69,55,5,104,40,43,125,36,114,25" hai2="71,85,79,62,17,92,26,49,99,11,72,75,90" hai3="19,1,134,115,4,47,16,66,123,120,102,53,57"/><V29/><F49/><W108/><G134/><T14/><D41/><U76/><E69/><V7/><F17/><W119/><G108/><T45/><D45/><U46/><E76/><V34/><F71/><W65/><G119/><N who="0" m="45643" /><D130/><U59/><E125/><V60/><F60/><W133/><G133/><T61/><D61/><U82/><E114/><V70/><F70/><W30/><G30/><T132/><D132/><U86/><E25/><V107/><F62/><W39/><G102/><T126/><D126/><U93/><E104/><V78/><F107/><W121/><G115/><T28/><D14/><N who="1" m="5391" /><E46/><V131/><F131/><W12/><G1/><N who="0" m="587" /><D24/><U63/><E36/><V22/><F75/><W97/><G47/><T42/><D42/><U51/><E118/><V91/><F72/><W122/><G39/><T15/><D15/><U68/><E68/><V112/><F112/><W74/><G74/><T81/><D81/><U20/><E20/><V77/><F22/><W18/><G121/><T84/><D84/><U113/><E113/><V100/><REACH who="2" step="1"/><F85/><REACH who="2" ten="75,278,426,211" step="2"/><W6/><G122/><T105/><D105/><U98/><E63/><V129/><F129/><W73/><G123/><T10/><D10/><U48/><E48/><V58/><F58/><W128/><G120/><T50/><D50/><U124/><E124/><V54/><F54/><W95/><G73/><T101/><D101/><N who="1" m="60559" /><E40/><V106/><F106/><W52/><G128/><T127/><D127/><U83/><E43/><V23/><F23/><W80/><G57/><T103/><D103/><U9/><E86/><V64/><F64/><W89/><G65/><RYUUKYOKU ba="1,1" sc="75,15,278,-15,426,15,211,-15" hai0="28,31,32,35,109,110,111" hai2="7,11,26,29,34,77,78,79,90,91,92,99,100" /><INIT seed="2,2,1,2,0,38" ten="90,263,441,196" oya="2" hai0="88,61,0,129,91,85,83,17,31,71,103,78,11" hai1="99,82,23,130,87,101,24,60,118,46,47,104,135" hai2="128,56,84,32,48,72,58,89,124,55,92,93,73" hai3="120,37,65,39,45,111,57,112,132,133,10,33,97"/><V96/><F32/><W52/><G33/><T44/><D129/><U114/><E114/><V3/><F128/><W34/><G34/><T18/><D103/><U109/><E109/><V98/><F124/><W63/><G111/><T9/><D31/><U67/><E135/><N who="3" m="51786" /><G10/><T50/><D61/><U123/><E118/><V90/><F3/><W69/><G97/><T1/><D71/><U74/><E74/><V19/><F84/><W20/><G20/><T6/><D1/><U16/><E123/><V106/><F106/><W117/><G117/><T27/><D27/><U53/><E53/><V2/><F2/><W131/><G131/><T126/><D126/><U68/><REACH who="1" step="1"/><E130/><REACH who="1" ten="90,253,441,196" step="2"/><V51/><F19/><W14/><G120/><T54/><REACH who="0" step="1"/><D18/><REACH who="0" ten="80,253,441,196" step="2"/><U36/><E36/><V94/><F96/><W66/><G37/><T119/><D119/><U29/><E29/><V8/><F98/><W15/><G39/><T102/><D102/><U113/><E113/><V95/><F55/><W110/><G52/><T70/><D70/><U76/><AGARI ba="2,3" hai="16,23,24,46,47,60,67,68,76,82,87,99,101,104" machi="76" ten="20,8000,1" yaku="1,1,0,1,7,1,54,1,53,1" doraHai="38" doraHaiUra="75" who="1" fromWho="1" sc="80,-22,253,116,441,-42,196,-22" /><INIT seed="3,0,0,1,3,119" ten="58,369,399,174" oya="3" hai0="114,63,48,36,58,28,46,14,25,94,66,83,133" hai1="82,34,54,7,104,97,81,65,30,18,2,3,110" hai2="45,135,120,79,10,115,17,91,87,12,42,1,21" hai3="40,132,103,109,51,32,106,47,20,44,0,74,50"/><W123/><G32/><T24/><D133/><U60/><E110/><V68/><F115/><W111/><G132/><T118/><D114/><U128/><E128/><V61/><F135/><W26/><G74/><T122/><D118/><U89/><E54/><V92/><F79/><W98/><G0/><T49/><D36/><U95/><E18/><V8/><F1/><W67/><G67/><T62/><D83/><U5/><E5/><V84/><F84/><W134/><G123/><T13/><D94/><U23/><E23/><V75/><F75/><W16/><REACH who="3" step="1"/><G134/><REACH who="3" ten="58,369,399,164" step="2"/><T124/><D124/><U131/><E34/><V71/><F120/><W77/><G77/><T19/><D122/><U86/><E2/><V125/><F125/><W105/><G105/><T72/><D72/><U85/><E104/><V27/><F71/><W76/><G76/><T70/><D19/><U52/><E3/><V121/><F121/><W55/><AGARI ba="0,1" hai="16,20,26,40,44,47,50,51,55,98,103,106,109,111" machi="55" ten="30,6000,0" yaku="1,1,0,1,54,1,53,0" doraHai="119" doraHaiUra="126" who="3" fromWho="3" sc="58,-20,369,-20,399,-20,164,70" /><INIT seed="3,1,0,5,2,88" ten="38,349,379,234" oya="3" hai0="122,106,22,8,4,115,103,51,28,108,132,77,75" hai1="16,135,113,34,125,63,24,56,54,61,105,76,6" hai2="13,99,3,7,12,118,55,9,92,44,130,0,114" hai3="90,21,36,20,45,37,18,101,117,78,87,112,52"/><W32/><G117/><T69/><D122/><U129/><E113/><V40/><F114/><W23/><G32/><T74/><D115/><U128/><E105/><V10/><F118/><W29/><G29/><T5/><D69/><U109/><E109/><V120/><F55/><W48/><G112/><T83/><D75/><U110/><E110/><V57/><F57/><W124/><G124/><T42/><D108/><U104/><E104/><V86/><F86/><W35/><G35/><T26/><D132/><U84/><E6/><V116/><F130/><N who="1" m="50281" /><E135/><V38/><F120/><W89/><G101/><T14/><D106/><U46/><E46/><V39/><F39/><W72/><G72/><T2/><D103/><U80/><E125/><V102/><REACH who="2" step="1"/><F116/><REACH who="2" ten="38,349,369,234" step="2"/><W25/><G36/><T121/><D121/><U64/><E64/><V126/><F126/><W33/><G37/><T62/><D62/><U100/><E63/><V97/><F97/><W134/><G134/><T93/><D42/><U31/><E61/><V65/><F65/><W66/><G66/><T79/><D51/><U119/><E56/><V59/><F59/><W107/><G87/><T111/><D111/><U53/><E119/><V95/><F95/><W27/><G107/><T127/><D127/><U123/><E123/><V68/><F68/><W91/><G78/><T85/><D77/><U41/><E41/><V82/><F82/><W71/><G71/><T50/><D50/><U30/><E54/><V11/><F11/><W70/><G70/><T133/><D133/><U94/><E53/><V43/><F43/><W73/><G73/><RYUUKYOKU ba="1,1" sc="38,-15,349,-15,369,15,234,15" hai2="0,3,7,9,10,12,13,38,40,44,92,99,102" hai3="18,20,21,23,25,27,33,45,48,52,89,90,91" /><INIT seed="3,2,1,5,1,97" ten="23,334,384,249" oya="3" hai0="33,103,35,92,26,110,116,10,12,52,71,88,123" hai1="85,7,48,113,106,29,38,115,74,53,23,94,82" hai2="96,41,16,57,13,62,18,112,21,99,65,0,107" hai3="118,5,47,119,63,134,44,15,130,64,93,42,127"/><W1/><G1/><T75/><D123/><U77/><E38/><V133/><F112/><W25/><G127/><T28/><D116/><U50/><E106/><V6/><F133/><W70/><G134/><T59/><D71/><U60/><E7/><V114/><F114/><W3/><G3/><T126/><D75/><U30/><E60/><V24/><F41/><W129/><G25/><T14/><D126/><U56/><E48/><V31/><F107/><W45/><G42/><T89/><D35/><U22/><E113/><V104/><F104/><W40/><G40/><T51/><D110/><U125/><E125/><V78/><F78/><W68/><G93/><T109/><D109/><U27/><E115/><V46/><F46/><W34/><G34/><T58/><D58/><U108/><E108/><V81/><F81/><W4/><G70/><T84/><D14/><U36/><E36/><V80/><F80/><W55/><G55/><T49/><D49/><U17/><E74/><V20/><F6/><N who="3" m="2667" /><G15/><T19/><REACH who="0" step="1"/><D89/><REACH who="0" ten="13,334,384,249" step="2"/><U61/><E50/><V98/><F0/><W37/><G37/><T91/><D91/><U69/><E69/><V100/><F100/><AGARI ba="2,2" hai="10,12,19,26,28,33,51,52,59,84,88,92,100,103" machi="100" ten="40,8000,1" yaku="1,1,52,2,54,2,53,0" doraHai="97" doraHaiUra="122" who="0" fromWho="2" sc="13,106,334,0,384,-86,249,0" /><INIT seed="4,0,0,3,3,123" ten="119,334,298,249" oya="0" hai0="113,41,40,55,124,66,106,67,112,121,26,22,43" hai1="134,79,5,117,37,28,49,89,29,63,78,122,96" hai2="128,101,71,50,90,12,23,9,31,27,46,76,119" hai3="44,84,116,33,47,60,64,45,105,83,59,88,21"/><T51/><D106/><U52/><E37/><V91/><F128/><W135/><G116/><T109/><D121/><U35/><E117/><V114/><F119/><W32/><G135/><T17/><D124/><U82/><E35/><V56/><F71/><W99/><REACH who="3" step="1"/><G21/><REACH who="3" ten="119,334,298,239" step="2"/><T107/><D107/><U68/><E134/><V131/><F23/><W11/><G11/><T130/><D130/><U95/><E122/><V1/><F9/><W36/><G36/><T108/><D67/><U69/><E69/><V2/><F131/><W97/><G97/><T18/><D66/><U110/><E68/><V38/><F38/><W87/><G87/><T73/><D73/><U125/><E125/><V111/><F1/><W133/><G133/><T98/><D98/><U30/><E96/><V19/><F2/><W53/><G53/><T34/><D34/><U7/><E52/><V80/><F114/><N who="0" m="44138" /><D18/><U13/><E5/><V62/><F19/><W72/><G72/><T100/><D100/><AGARI ba="0,1" hai="32,33,44,45,47,59,60,64,83,84,88,99,100,105" machi="100" ten="40,2600,0" yaku="1,1,54,1,53,0" doraHai="123" doraHaiUra="48" who="3" fromWho="0" sc="119,-26,334,0,298,0,239,36" /><INIT seed="5,0,0,0,1,88" ten="93,334,298,275" oya="1" hai0="80,68,66,117,20,8,104,72,93,79,100,73,57" hai1="108,64,49,23,118,65,107,55,43,71,83,42,39" hai2="75,33,121,28,135,56,103,41,1,124,14,46,2" hai3="3,106,86,134,59,22,76,32,10,24,29,52,25"/><U112/><E107/><V74/><F121/><W54/><G106/><T132/><D117/><U126/><E23/><V110/><F110/><W50/><G134/><T82/><D132/><U0/><E83/><V26/><F135/><W95/><G3/><T130/><D68/><U9/><E9/><V90/><F103/><W6/><G6/><T70/><D70/><U37/><E0/><V38/><F124/><W87/><G10/><T18/><D130/><U13/><E13/><V53/><F14/><W116/><G76/><T17/><D104/><U122/><E118/><V96/><F75/><W119/><G119/><T99/><D8/><U78/><E78/><V63/><REACH who="2" step="1"/><F74/><REACH who="2" ten="93,334,288,275" step="2"/><W15/><G15/><T77/><REACH who="0" step="1"/><D20/><REACH who="0" ten="83,334,288,275" step="2"/><U67/><E108/><V81/><F81/><W120/><G22/><T35/><D35/><U127/><E122/><V12/><F12/><W97/><G120/><T129/><D129/><U114/><E126/><V84/><F84/><W47/><G87/><T128/><D128/><U89/><E127/><V109/><F109/><W62/><G86/><T21/><D21/><U91/><E114/><V113/><F113/><W61/><G116/><T133/><D133/><U48/><E112/><V60/><F60/><AGARI ba="0,2" hai="17,18,57,60,66,72,73,77,79,80,82,93,99,100" machi="60" ten="40,5200,0" yaku="1,1,9,1,52,1,53,0" doraHai="88" doraHaiUra="27" who="0" fromWho="2" sc="83,72,334,0,288,-52,275,0" /><INIT seed="6,0,0,0,0,13" ten="155,334,236,275" oya="2" hai0="108,82,110,93,50,6,115,47,3,57,92,63,68" hai1="49,25,65,24,130,128,27,62,30,59,120,26,54" hai2="106,122,41,87,81,85,80,73,66,86,126,83,56" hai3="9,46,74,124,107,2,90,31,134,42,105,48,72"/><V52/><F122/><W116/><G116/><T53/><D115/><U121/><N who="1" m="6144" /><DORA hai="28" /><U94/><E94/><V22/><F106/><W20/><G31/><T37/><D3/><U114/><E30/><V8/><F22/><W99/><G20/><T112/><D112/><U100/><E100/><V29/><F29/><W33/><G33/><T11/><D82/><U38/><E38/><V39/><F73/><W10/><G124/><T23/><D92/><U5/><E5/><V96/><F126/><W76/><G134/><T111/><D93/><U55/><E55/><V123/><F123/><N who="1" m="47177" /><E114/><V40/><F66/><W1/><G99/><T129/><D129/><U35/><E35/><V131/><F131/><W44/><G76/><T58/><D23/><U67/><E67/><V36/><F8/><W12/><G90/><T97/><D97/><U135/><E135/><V88/><F96/><W133/><G133/><T119/><D119/><U14/><E14/><V84/><F36/><W113/><G113/><T45/><D11/><U109/><E109/><N who="0" m="27905" /><T69/><DORA hai="60" /><D6/><U89/><E89/><V91/><F39/><W0/><G12/><T104/><D104/><U21/><E21/><V79/><REACH who="2" step="1"/><F86/><REACH who="2" ten="155,334,226,275" step="2"/><W18/><G107/><T4/><D4/><U132/><E132/><V102/><F102/><W64/><G105/><T19/><D19/><U95/><E128/><V16/><F16/><W17/><G18/><T7/><D7/><U15/><E130/><V98/><F98/><W70/><G17/><T75/><D75/><U117/><E117/><V127/><F127/><W43/><G74/><RYUUKYOKU ba="0,1" sc="155,-10,334,-10,226,30,275,-10" hai2="40,41,52,56,79,80,81,83,84,85,87,88,91" /><INIT seed="6,1,1,0,5,21" ten="145,324,256,265" oya="2" hai0="101,68,128,60,63,72,54,80,119,81,34,4,78" hai1="23,89,124,57,121,0,125,1,67,50,82,61,84" hai2="120,37,100,29,83,98,132,49,91,35,133,74,135" hai3="73,13,69,5,30,92,32,64,114,126,65,47,118"/><V19/><F37/><W127/><G118/><T33/><D119/><U43/><E121/><V131/><F120/><W129/><G73/><T122/><D122/><U112/><E112/><V45/><F131/><W25/><G129/><T7/><D128/><U27/><E43/><V3/><F3/><W71/><G47/><T6/><D101/><U48/><E48/><V16/><F29/><W94/><G114/><T58/><D68/><N who="3" m="26185" /><G13/><T87/><REACH who="0" step="1"/><D60/><REACH who="0" ten="135,324,256,265" step="2"/><U44/><E61/><V103/><F103/><W52/><G127/><T115/><D115/><U51/><E125/><V39/><F132/><W86/><G126/><T113/><D113/><U105/><E124/><V11/><F133/><W18/><G65/><T95/><D95/><U42/><E67/><V134/><F134/><W41/><G94/><T109/><D109/><U2/><E105/><V24/><F100/><W99/><G92/><T111/><D111/><U66/><E66/><V9/><F135/><W106/><G64/><T130/><D130/><U117/><E117/><V70/><F70/><W90/><G106/><T8/><D8/><U20/><E82/><V75/><F83/><W123/><G123/><T31/><D31/><U88/><E44/><V59/><F11/><W110/><G30/><T96/><D96/><U104/><E104/><V26/><F9/><W97/><G99/><T28/><D28/><U62/><E62/><V85/><F98/><W53/><G97/><T38/><D38/><U79/><E57/><V22/><F39/><W102/><G102/><T93/><D93/><U116/><E116/><V76/><F59/><RYUUKYOKU ba="1,2" sc="135,30,324,-10,256,-10,265,-10" hai0="4,6,7,33,34,54,58,63,72,78,80,81,87" /><INIT seed="7,2,2,5,3,40" ten="165,314,246,255" oya="3" hai0="90,64,14,37,129,89,30,76,135,131,15,63,36" hai1="6,94,26,116,58,80,35,57,121,47,99,123,39" hai2="11,120,67,81,119,50,56,117,38,43,118,19,53" hai3="105,113,75,88,112,52,74,78,114,31,59,17,72"/><W32/><G105/><T27/><D76/><U10/><E116/><V106/><F106/><W44/><G44/><T71/><D135/><U127/><E127/><V23/><F120/><W4/><G4/><T95/><D37/><U108/><E108/><V109/><F109/><W134/><G134/><T28/><D36/><U103/><E80/><V96/><F96/><W125/><G125/><T130/><D30/><U18/><E47/><V102/><F102/><W9/><G78/><T20/><REACH who="0" step="1"/><D89/><REACH who="0" ten="155,314,246,255" step="2"/><U132/><E39/><V24/><F119/><W101/><G88/><T91/><D91/><U124/><E132/><V2/><F118/><W93/><G31/><T68/><D68/><U48/><E124/><V133/><F133/><W29/><G29/><T25/><D25/><U33/><E26/><V49/><F38/><W85/><G32/><T104/><D104/><U83/><E35/><V12/><F24/><W70/><G70/><T22/><D22/><U16/><E33/><V97/><F23/><W111/><G111/><T21/><D21/><U107/><E107/><V87/><F117/><W98/><G74/><T100/><D100/><U54/><E103/><V55/><F11/><W41/><G72/><T51/><D51/><U73/><E10/><V79/><F50/><N who="3" m="31127" /><G75/><T65/><D65/><U34/><E73/><V61/><F49/><W5/><G9/><T3/><D3/><U45/><E48/><V66/><F66/><W128/><G101/><T1/><D1/><U7/><E123/><V46/><F67/><W86/><G113/><T13/><D13/><U69/><E121/><RYUUKYOKU ba="2,3" sc="155,30,314,-10,246,-10,255,-10" hai0="14,15,20,27,28,63,64,71,90,95,129,130,131" owari="185,-31.0,334,42.0,236,-16.0,245,5.0" /></mjloggm>