<mjloggm ver="2.3"><GO type="169" lobby="0"/><UN n0="%41%E3%82%86%E3%81%A3%E3%81%93%E3%82%93%E3%81%90" n1="%E6%AB%9B%E6%9E%9D%E5%AE%9F%E4%B9%83%E6%A2%A8" n2="%E3%83%A9%E3%83%83%E3%82%AD%E3%83%BC%E3%83%89%E3%83%83%E3%82%B0" n3="%E5%B0%B1%E6%B4%BB%E7%94%9F%40%E5%B7%9D%E6%9D%91%E8%BB%8D%E5%9B%A3" dan="16,16,16,17" rate="2056.73,2020.91,2097.93,2224.08" sx="M,F,M,M"/><TAIKYOKU oya="0"/><INIT seed="0,0,0,5,4,9" ten="250,250,250,250" oya="0" hai0="6,135,86,111,76,50,42,84,35,41,115,11,128" hai1="91,70,49,68,82,106,124,92,53,55,18,16,39" hai2="37,59,110,75,95,130,87,90,19,52,104,78,123" hai3="62,45,122,113,131,60,79,74,118,99,14,105,33"/><T30/><D115/><U15/><E106/><V54/><F104/><W13/><G33/><T129/><D135/><U83/><E39/><V72/><F37/><W69/><G113/><T8/><D111/><U88/><E124/><V5/><F110/><W64/><G118/><T89/><D35/><U34/><E34/><V0/><F123/><W2/><G2/><T102/><D30/><U100/><E100/><V20/><F130/><N who="0" m="50282" /><D102/><U44/><E55/><V46/><F5/><W36/><G131/><T71/><D71/><U48/><E48/><N who="2" m="28695" /><F0/><W73/><G122/><T51/><D84/><U65/><E65/><V108/><F108/><W94/><G105/><T96/><D96/><U47/><E47/><V38/><F38/><W93/><G99/><T63/><D63/><U132/><E132/><V17/><F17/><W80/><G36/><T117/><D76/><U31/><E31/><V1/><F1/><W29/><G79/><T116/><D117/><U56/><E68/><V67/><F78/><W112/><G29/><T85/><D116/><U43/><E70/><V26/><F75/><W134/><G134/><T98/><D42/><U101/><E43/><V40/><F72/><W23/><G69/><T12/><D41/><U103/><E103/><V81/><F40/><W61/><G112/><T7/><D51/><U107/><E107/><V28/><F67/><W125/><G73/><T120/><D50/><U109/><E109/><V58/><F54/><W66/><G74/><T24/><D120/><U22/><E53/><V121/><F121/><W114/><G114/><T127/><D127/><RYUUKYOKU ba="0,0" sc="250,0,250,0,250,0,250,0" /><INIT seed="1,1,0,3,4,13" ten="250,250,250,250" oya="1" hai0="62,116,118,122,128,8,110,63,79,107,42,100,84" hai1="78,52,49,15,89,98,11,21,111,20,74,120,37" hai2="135,76,97,31,59,3,82,40,106,132,104,66,43" hai3="109,58,90,96,93,35,86,28,5,83,130,2,36"/><U50/><E120/><V129/><F3/><W61/><G109/><T19/><D110/><U64/><E111/><V38/><F129/><W127/><G130/><T103/><D128/><U69/><E37/><V29/><F38/><W10/><G127/><T119/><D122/><U134/><E134/><N who="2" m="51243" /><F66/><W45/><G36/><T6/><D42/><N who="2" m="15914" /><F59/><W94/><G45/><T33/><D33/><U48/><E69/><V117/><F117/><W51/><G51/><N who="1" m="19530" /><E64/><V102/><F106/><W1/><G1/><T126/><D126/><U27/><E74/><AGARI ba="1,0" hai="29,31,74,76,82,97,102,104" m="15914,51243" machi="74" ten="30,1000,0" yaku="20,1" doraHai="13" who="2" fromWho="1" sc="250,0,250,-13,250,13,250,0" /><INIT seed="2,0,0,2,3,135" ten="250,237,263,250" oya="2" hai0="56,67,132,61,27,101,96,91,99,13,34,123,2" hai1="124,7,0,26,52,17,12,112,89,129,46,1,55" hai2="74,131,45,35,66,98,20,24,19,113,104,22,128" hai3="122,53,120,77,62,118,95,117,58,88,38,60,119"/><V133/><F74/><W8/><G38/><T114/><D132/><U100/><E112/><V130/><F66/><W57/><G77/><T97/><D114/><U127/><E129/><V68/><F68/><W16/><G8/><T48/><D123/><U71/><E71/><V10/><F45/><W49/><G16/><T125/><D2/><U75/><E75/><V30/><F98/><W51/><G95/><T33/><D101/><U43/><E100/><V69/><F69/><W90/><G117/><T116/><D116/><U76/><E76/><V108/><F104/><W110/><REACH who="3" step="1"/><G53/><REACH who="3" ten="250,237,263,240" step="2"/><T31/><D27/><U121/><E26/><N who="2" m="18903" /><F133/><W6/><G6/><T47/><D31/><U134/><E7/><V64/><F113/><W87/><G87/><T18/><D18/><U63/><E134/><V92/><F92/><W40/><G40/><T39/><D39/><U84/><E121/><V94/><F94/><W81/><G81/><T11/><D11/><U14/><E84/><V54/><F54/><W107/><G107/><T82/><D82/><U21/><E43/><V41/><F41/><W23/><G23/><T36/><D36/><U93/><E21/><V44/><F10/><W15/><G15/><T106/><D13/><N who="1" m="5227" /><E17/><V29/><F20/><W25/><G25/><T50/><D106/><U109/><E93/><V70/><F19/><W59/><G59/><T103/><D56/><U5/><E5/><V85/><F85/><W115/><G115/><T3/><D97/><U65/><E55/><V78/><F78/><W105/><G105/><N who="0" m="63719" /><D99/><U126/><E52/><V83/><F83/><RYUUKYOKU ba="0,1" sc="250,-10,237,-10,263,-10,240,30" hai3="49,51,57,58,60,62,88,90,110,118,119,120,122" /><INIT seed="3,1,1,0,2,133" ten="240,227,253,270" oya="3" hai0="63,105,90,83,128,76,46,119,10,23,113,5,26" hai1="120,59,104,66,134,51,114,79,58,111,44,22,42" hai2="96,17,80,99,45,35,84,50,103,110,71,93,69" hai3="118,78,97,25,20,28,132,41,56,72,94,2,54"/><W40/><G118/><T37/><D128/><U68/><E104/><V115/><F115/><W48/><G132/><T3/><D119/><U88/><E120/><V18/><F110/><W24/><G2/><T9/><D113/><U62/><E114/><V1/><F1/><W129/><G129/><T33/><D33/><U67/><E111/><V34/><F35/><W117/><G117/><T91/><D10/><U125/><E134/><V0/><F0/><W112/><G112/><T116/><D105/><U16/><E79/><V74/><F34/><W6/><G6/><T130/><D130/><U101/><E101/><V127/><F74/><W122/><G122/><T29/><D116/><U11/><E11/><V124/><F99/><W19/><G78/><T123/><D63/><N who="1" m="38399" /><E125/><N who="2" m="48203" /><F69/><W121/><G72/><N who="0" m="43399" /><D123/><U30/><E30/><V7/><F7/><W32/><REACH who="3" step="1"/><G121/><REACH who="3" ten="240,227,253,260" step="2"/><T98/><D5/><U49/><E68/><V52/><F71/><W85/><G85/><T39/><D3/><U126/><E126/><V31/><F31/><W55/><G55/><T65/><D29/><U21/><E66/><V92/><F92/><W12/><G12/><T64/><D65/><U13/><E13/><V95/><F95/><W82/><G82/><T87/><D64/><U27/><E27/><V60/><F60/><W89/><AGARI ba="1,2" hai="19,20,24,25,28,32,40,41,48,54,56,89,94,97" machi="89" ten="20,3900,0" yaku="1,1,0,1,7,1,53,0" doraHai="133" doraHaiUra="131" who="3" fromWho="3" sc="240,-14,227,-14,253,-14,260,62" /><INIT seed="3,2,0,4,5,25" ten="226,213,239,322" oya="3" hai0="130,61,26,123,83,97,54,39,71,24,122,118,43" hai1="70,13,51,92,56,89,100,98,37,36,132,15,133" hai2="102,62,75,114,82,105,50,47,52,96,23,7,78" hai3="49,113,46,129,53,48,119,125,19,84,68,30,44"/><W0/><G0/><T3/><D130/><U55/><E70/><V34/><F34/><W101/><G119/><T76/><D3/><U128/><E128/><V35/><F35/><W86/><G68/><T38/><D118/><U115/><E115/><V31/><F114/><W131/><G113/><T121/><D97/><U6/><E100/><V117/><F117/><W73/><G73/><T87/><D54/><U29/><E29/><V124/><F124/><W110/><G101/><T74/><D74/><U107/><E107/><V120/><F120/><W22/><G125/><T17/><D43/><U11/><REACH who="1" step="1"/><E13/><REACH who="1" ten="226,203,239,322" step="2"/><V63/><REACH who="2" step="1"/><F7/><REACH who="2" ten="226,203,229,322" step="2"/><W8/><G129/><T69/><D122/><U116/><E116/><V41/><F41/><W134/><G131/><T10/><D121/><U126/><E126/><V20/><F20/><W79/><G22/><T103/><D123/><U2/><E2/><V72/><F72/><W80/><G8/><T108/><D10/><U64/><E64/><V93/><F93/><W33/><G33/><T66/><D66/><U59/><E59/><V57/><F57/><W91/><G53/><T60/><D69/><U104/><E104/><V127/><F127/><W21/><G21/><T28/><D71/><U109/><E109/><V58/><F58/><W135/><G110/><T85/><D108/><U16/><E16/><V111/><F111/><W67/><G19/><T42/><D17/><U9/><E9/><V4/><F4/><W18/><G18/><T81/><D42/><U32/><E32/><V45/><F45/><W99/><G44/><T106/><D106/><RYUUKYOKU ba="2,2" sc="226,-15,203,15,229,15,322,-15" hai1="6,11,15,36,37,51,55,56,89,92,98,132,133" hai2="23,31,47,50,52,62,63,75,78,82,96,102,105" /><INIT seed="4,3,2,1,3,41" ten="211,218,244,307" oya="0" hai0="32,29,69,91,107,47,97,126,6,53,119,39,106" hai1="78,68,0,96,35,80,84,55,111,64,46,131,52" hai2="103,100,72,23,51,109,89,94,134,108,2,7,33" hai3="104,118,17,43,123,58,1,90,63,120,115,59,124"/><T48/><D119/><U4/><E111/><V10/><F33/><W86/><G1/><T79/><D126/><U67/><E35/><V75/><F134/><W117/><G104/><T15/><D69/><U30/><E30/><V26/><F75/><W25/><G124/><T20/><D79/><U133/><E133/><V3/><F72/><W116/><G115/><T40/><D32/><U71/><E131/><V24/><F24/><W92/><G43/><T125/><D125/><U5/><E96/><V28/><F2/><W36/><G36/><T16/><D6/><N who="1" m="2667" /><E0/><V81/><F51/><W8/><G63/><T14/><D29/><U57/><E68/><V114/><F114/><W22/><G8/><T34/><D34/><U105/><E105/><V11/><F11/><W61/><REACH who="3" step="1"/><G59/><REACH who="3" ten="211,218,244,297" step="2"/><T102/><D107/><U62/><E71/><V27/><F109/><W12/><G12/><T38/><D14/><U77/><E77/><V88/><F108/><W66/><AGARI ba="3,3" hai="17,22,25,58,61,66,86,90,92,116,117,118,120,123" machi="66" ten="40,2700,0" yaku="1,1,0,1,53,0" doraHai="41" doraHaiUra="74" who="3" fromWho="3" sc="211,-16,218,-10,244,-10,297,66" /><INIT seed="5,0,0,3,1,97" ten="195,208,234,363" oya="1" hai0="106,125,70,117,81,28,29,35,15,45,74,18,46" hai1="33,123,58,88,26,10,113,2,6,49,129,64,1" hai2="5,122,111,8,108,127,47,44,30,12,85,110,112" hai3="40,87,55,73,36,103,43,31,77,109,76,95,54"/><U107/><E123/><V38/><F122/><W62/><G73/><T13/><D125/><U98/><E113/><V116/><F116/><W71/><G36/><T99/><D117/><U66/><E129/><V56/><F127/><W102/><G109/><T7/><D70/><U119/><E119/><V96/><F112/><W128/><G128/><T68/><D68/><U90/><E1/><V84/><F30/><W131/><G131/><T65/><D65/><U100/><E64/><V121/><F121/><W94/><G71/><T23/><D35/><U39/><E39/><V63/><F96/><W52/><G62/><T4/><D74/><U135/><E135/><V130/><F130/><W105/><G31/><N who="0" m="11851" /><D106/><U92/><E33/><V0/><F0/><W101/><G105/><T114/><D99/><U27/><E90/><V86/><REACH who="2" step="1"/><F38/><REACH who="2" ten="195,208,224,363" step="2"/><W22/><G87/><T60/><D114/><U24/><E107/><V3/><F3/><W9/><G22/><T19/><D23/><U57/><E2/><V41/><F41/><N who="3" m="15947" /><G9/><T118/><D118/><U53/><E10/><V14/><F14/><W115/><G115/><T133/><D15/><U42/><E42/><V79/><F79/><AGARI ba="0,1" hai="52,54,55,76,77,79,94,95,101,102,103" m="15947" machi="79" ten="40,12000,2" yaku="28,2,8,1,52,3,54,1" doraHai="97" who="3" fromWho="2" sc="195,0,208,0,224,-120,363,130" /><INIT seed="6,0,0,5,0,62" ten="195,208,104,493" oya="2" hai0="128,120,131,75,121,53,4,127,50,40,41,86,7" hai1="28,16,11,117,130,1,76,90,61,134,82,119,122" hai2="43,74,67,45,57,73,93,102,129,34,8,5,84" hai3="107,109,25,58,98,56,55,85,10,72,33,135,132"/><V116/><F116/><W101/><G72/><T48/><D75/><U104/><E104/><V87/><F34/><W79/><G109/><T126/><D86/><N who="2" m="32810" /><F73/><W108/><G108/><T105/><D105/><U21/><E134/><N who="3" m="51242" /><G10/><T19/><D19/><U71/><E122/><V14/><F74/><W29/><G55/><AGARI ba="0,0" hai="4,7,40,41,48,50,53,55,120,121,126,127,128,131" machi="55" ten="25,1600,0" yaku="22,2" doraHai="62" who="0" fromWho="3" sc="195,16,208,0,104,0,493,-16" /><INIT seed="7,0,0,0,0,72" ten="211,208,104,477" oya="3" hai0="131,100,32,62,114,47,48,129,115,23,14,2,103" hai1="21,128,96,55,80,70,93,98,84,24,82,5,85" hai2="63,67,119,73,12,83,8,112,65,16,22,43,127" hai3="92,52,124,7,77,87,27,76,3,19,113,39,74"/><W45/><G124/><T28/><D2/><U50/><E70/><V116/><F112/><N who="0" m="43050" /><D32/><U81/><E5/><V105/><F105/><W46/><G113/><T134/><D62/><U99/><E128/><N who="0" m="49225" /><D134/><U4/><E4/><V56/><F127/><W135/><G135/><T108/><D108/><U17/><E93/><V117/><F43/><W29/><G74/><T97/><D97/><U133/><E133/><V33/><F33/><W58/><G39/><T44/><D14/><U71/><E71/><V6/><F67/><W109/><G19/><T41/><D47/><AGARI ba="0,0" hai="17,21,24,47,50,55,80,81,82,84,85,96,98,99" machi="47" ten="40,1300,0" yaku="8,1" doraHai="72" who="1" fromWho="0" sc="211,-13,208,13,104,0,477,0" owari="198,-20.0,221,2.0,104,-40.0,477,58.0" /></mjloggm>