<mjloggm ver="2.3"><GO type="169" lobby="0"/><UN n0="%E3%81%A8%E3%81%A9%E3%81%8C" n1="%E3%83%89%E3%83%A9%E3%83%AD%E3%83%B3%E3%83%80%E3%82%A4%E3%83%B4" n2="%E3%83%9E%E3%83%88%E3%83%AA%E3%83%83%E3%82%AF%E3%82%B9" n3="%E3%82%A6%E3%83%AB%E3%83%88%E3%83%A9%E7%AB%8B%E7%9B%B4" dan="16,16,16,17" rate="2113.23,2113.37,2172.32,2228.46" sx="M,M,M,M"/><TAIKYOKU oya="0"/><INIT seed="0,0,0,0,5,57" ten="250,250,250,250" oya="0" hai0="28,110,53,81,98,7,44,133,25,4,18,42,75" hai1="15,112,20,27,102,91,130,49,41,89,55,93,43" hai2="65,104,13,37,1,11,123,52,31,39,126,9,118" hai3="121,105,61,32,19,46,21,78,56,29,5,103,92"/><T74/><D133/><U22/><E130/><V124/><F123/><W54/><G121/><T47/><D18/><N who="1" m="10335" /><E112/><V86/><F104/><W16/><G105/><T12/><D110/><U72/><E102/><V10/><F1/><W129/><G32/><T88/><D74/><U59/><E72/><V45/><F118/><W23/><G129/><T119/><D119/><U48/><E48/><N who="2" m="28687" /><F31/><W70/><G70/><T117/><D117/><U95/><E95/><V99/><F99/><N who="3" m="59879" /><G5/><T107/><D42/><N who="1" m="15883" /><E93/><V96/><F96/><W83/><G46/><T62/><D107/><U97/><E97/><V58/><F13/><W34/><G34/><T77/><D98/><U94/><E94/><V135/><F135/><W114/><G114/><T6/><D12/><U131/><E131/><V71/><F71/><W24/><G23/><T125/><D125/><N who="2" m="48234" /><F86/><AGARI ba="0,0" hai="16,19,21,24,29,54,56,61,78,83,86" m="59879" machi="86" ten="30,3900,0" yaku="8,1,52,1,54,1" doraHai="57" who="3" fromWho="2" sc="250,0,250,0,250,-39,250,39" /><INIT seed="1,0,0,4,1,81" ten="250,250,211,289" oya="1" hai0="48,105,21,28,71,77,41,95,37,123,16,72,119" hai1="70,97,58,62,113,98,125,127,7,92,9,44,79" hai2="65,59,88,46,117,68,31,18,35,54,128,24,75" hai3="111,112,110,29,53,23,17,85,82,26,104,109,83"/><U130/><E113/><V73/><F117/><W22/><G104/><T106/><D119/><U135/><E70/><V5/><F128/><W103/><G103/><T78/><D71/><U76/><E44/><V101/><F101/><W60/><G112/><T1/><D1/><U121/><E130/><V4/><F68/><W115/><G115/><T91/><D37/><U118/><E135/><V69/><F69/><W108/><N who="3" m="27648" /><DORA hai="87" /><W99/><G99/><T36/><D36/><U84/><E121/><V131/><F65/><W120/><G120/><T27/><D123/><U43/><E43/><V6/><F46/><W0/><G0/><T15/><D72/><U74/><E74/><V8/><F131/><W45/><G85/><N who="0" m="52719" /><D105/><U56/><E56/><V107/><F107/><W49/><REACH who="3" step="1"/><G60/><REACH who="3" ten="250,250,211,279" step="2"/><T20/><D106/><U10/><E118/><V66/><F75/><W94/><G94/><T102/><D102/><U116/><E116/><V25/><F73/><W13/><AGARI ba="0,1" hai="13,17,22,23,26,29,45,49,53,82,83" m="27648" machi="13" ten="60,8000,1" yaku="1,1,0,1,14,1,53,1" doraHai="81,87" doraHaiUra="132,51" who="3" fromWho="3" sc="250,-20,250,-40,211,-20,279,90" /><INIT seed="2,0,0,5,5,9" ten="230,210,191,369" oya="2" hai0="86,17,118,12,40,8,101,81,114,49,63,134,0" hai1="112,64,68,87,96,78,72,100,21,133,67,19,42" hai2="127,109,107,125,5,119,74,24,61,135,80,131,59" hai3="122,48,106,28,121,2,105,15,98,56,113,50,1"/><V79/><F119/><W33/><G56/><T3/><D114/><U62/><E72/><V120/><F120/><W52/><G98/><T117/><D134/><U123/><E67/><V20/><F107/><W25/><G25/><T18/><D63/><U57/><E42/><V37/><F37/><W11/><G52/><T65/><D65/><U23/><E112/><V13/><F135/><W30/><G11/><T84/><D101/><U95/><E133/><V130/><F109/><W53/><G53/><T44/><D84/><U93/><E123/><V10/><F59/><W128/><G113/><T85/><D85/><U111/><E111/><V27/><F61/><W51/><G51/><T103/><D103/><U16/><E68/><V83/><F83/><W99/><G99/><T102/><D102/><U39/><E39/><V97/><F97/><W22/><G22/><N who="1" m="8202" /><E95/><V75/><F75/><W94/><G94/><T43/><D40/><U126/><E126/><N who="2" m="48139" /><F27/><W76/><G106/><T132/><D132/><U4/><E4/><V46/><F46/><W108/><G105/><T71/><D71/><U77/><E77/><V104/><F104/><W32/><G76/><N who="0" m="46375" /><D18/><AGARI ba="0,0" hai="5,10,13,18,20,24,74,79,80,130,131" m="48139" machi="18" ten="30,2900,0" yaku="18,1,52,1" doraHai="9" who="2" fromWho="0" sc="230,-29,210,0,191,29,369,0" /><INIT seed="2,1,0,0,3,73" ten="201,210,220,369" oya="2" hai0="129,11,80,106,83,43,52,85,27,17,42,126,9" hai1="37,97,49,127,100,76,82,113,61,96,114,112,70" hai2="118,89,121,18,64,57,3,8,0,90,5,110,10" hai3="35,30,44,135,91,47,93,58,45,23,133,81,22"/><V130/><F121/><W104/><G104/><T116/><D106/><U77/><E37/><V1/><F118/><W105/><G105/><T101/><D116/><U124/><E49/><V69/><F69/><W36/><G36/><T46/><D129/><U29/><E29/><V120/><F120/><W40/><G40/><N who="0" m="15403" /><D101/><U65/><E82/><N who="0" m="31273" /><D126/><N who="1" m="48171" /><E100/><V115/><F115/><W102/><G102/><T131/><D131/><U38/><E38/><V88/><F130/><W33/><G81/><T109/><D85/><U122/><E122/><V108/><F18/><W48/><G35/><T72/><D72/><U12/><E12/><V56/><F64/><W31/><G33/><T25/><D109/><N who="2" m="42090" /><F10/><N who="0" m="3594" /><D17/><U92/><E92/><V54/><F57/><W28/><G58/><T79/><D79/><AGARI ba="1,0" hai="61,65,70,76,77,79,96,97,112,113,114" m="48171" machi="79" ten="40,8000,1" yaku="18,1,52,3" doraHai="73" who="1" fromWho="0" sc="201,-83,210,83,220,0,369,0" /><INIT seed="3,0,0,3,2,63" ten="118,293,220,369" oya="3" hai0="89,86,116,60,41,1,133,20,94,33,100,88,11" hai1="23,26,113,43,95,111,66,14,125,105,12,120,67" hai2="119,8,35,130,48,76,19,132,124,36,44,83,71" hai3="27,37,99,107,45,65,78,92,64,129,97,103,85"/><W56/><G56/><T34/><D116/><U122/><E105/><V57/><F71/><W104/><G129/><T13/><D133/><U127/><E111/><V3/><F35/><W90/><G27/><T0/><D41/><U75/><E75/><V62/><F36/><W109/><G109/><T32/><D100/><U4/><E113/><V21/><F119/><W53/><G53/><T81/><D20/><U128/><E128/><V51/><F132/><W74/><G99/><T2/><D60/><U54/><E43/><V40/><F130/><W82/><REACH who="3" step="1"/><G107/><REACH who="3" ten="118,293,220,359" step="2"/><T15/><REACH who="0" step="1"/><D11/><REACH who="0" ten="108,293,220,359" step="2"/><U80/><E120/><V106/><F8/><W5/><G5/><T61/><D61/><U110/><E122/><V102/><F62/><W59/><G59/><T115/><D115/><U114/><E114/><V69/><F57/><W47/><G47/><T98/><AGARI ba="0,2" hai="0,1,2,13,15,32,33,34,81,86,88,89,94,98" machi="98" ten="40,8000,1" yaku="1,1,0,1,54,1,53,1" doraHai="63" doraHaiUra="93" who="0" fromWho="0" sc="108,100,293,-20,220,-20,359,-40" /><INIT seed="4,0,0,1,3,113" ten="208,273,200,319" oya="0" hai0="18,109,114,29,112,81,60,106,50,56,116,131,7" hai1="17,74,105,71,23,3,65,100,118,27,94,68,8" hai2="25,22,97,0,86,102,70,82,6,19,2,130,33" hai3="96,75,45,120,47,36,115,127,122,119,31,44,79"/><T4/><D106/><U110/><E110/><V61/><F130/><W21/><G115/><N who="0" m="44075" /><D131/><U73/><E105/><V107/><F6/><N who="0" m="2090" /><D109/><U132/><E132/><V10/><F10/><W20/><G127/><T72/><D29/><U83/><E118/><V125/><F125/><W128/><G119/><T133/><D133/><U92/><E92/><V76/><REACH who="2" step="1"/><F33/><REACH who="2" ten="208,273,190,319" step="2"/><W24/><G128/><T30/><D116/><U59/><E8/><V41/><F41/><W89/><G122/><T48/><D30/><U101/><E3/><V98/><F98/><W67/><G31/><T63/><D18/><U32/><E17/><V57/><F57/><W28/><G96/><T53/><D60/><U16/><E16/><V129/><F129/><W108/><G28/><T80/><D72/><U99/><E73/><V84/><F84/><W35/><G75/><T104/><D104/><U111/><E32/><V134/><F134/><W88/><G35/><T55/><D63/><U46/><E74/><V9/><F9/><W37/><G120/><T38/><D38/><U11/><E11/><V58/><F58/><AGARI ba="0,1" hai="48,50,53,55,56,58,80,81" m="2090,44075" machi="58" ten="30,1500,0" yaku="15,1" doraHai="113" who="0" fromWho="2" sc="208,25,273,0,190,-15,319,0" /><INIT seed="4,1,0,3,2,8" ten="233,273,175,319" oya="0" hai0="72,4,96,129,77,131,82,21,119,25,133,22,56" hai1="57,113,74,91,132,120,108,41,90,126,66,116,92" hai2="134,121,87,52,118,6,58,78,20,42,114,111,100" hai3="19,43,101,24,44,67,14,9,125,112,40,34,53"/><T99/><D119/><U97/><E108/><V122/><F111/><W64/><G34/><T83/><D133/><U81/><E116/><V3/><F118/><W0/><G0/><T50/><D82/><U23/><E120/><V35/><F35/><W15/><G24/><T123/><D123/><U26/><E132/><V71/><F71/><W18/><G101/><T88/><D21/><U54/><E66/><N who="3" m="25130" /><G112/><T28/><D4/><U49/><E126/><V89/><F134/><W115/><G115/><T79/><D79/><U47/><E113/><V62/><F114/><W29/><G29/><T95/><REACH who="0" step="1"/><D99/><REACH who="0" ten="223,273,175,319" step="2"/><U127/><E81/><V103/><F78/><W63/><G125/><T109/><D109/><U106/><E127/><V70/><F20/><W86/><G86/><T37/><D37/><U94/><E74/><V60/><F122/><W93/><G19/><T130/><D130/><U36/><E97/><V104/><F121/><W124/><G18/><T5/><D5/><U107/><E23/><V16/><F16/><W73/><G73/><T105/><D105/><U68/><E107/><V55/><F104/><W65/><G124/><T76/><D76/><U17/><E106/><V33/><F6/><W128/><G128/><T27/><D27/><U11/><E26/><V1/><F33/><W12/><G9/><T10/><D10/><U85/><E17/><V32/><F32/><W117/><G117/><T61/><D61/><U7/><E11/><V38/><F87/><W13/><G63/><T51/><D51/><U48/><E7/><V110/><F110/><W102/><G13/><RYUUKYOKU ba="1,1" sc="223,30,273,-10,175,-10,319,-10" hai0="22,25,28,50,56,72,77,83,88,95,96,129,131" /><INIT seed="4,2,1,0,0,55" ten="253,263,165,309" oya="0" hai0="125,32,66,62,19,42,98,58,99,5,50,75,52" hai1="68,93,16,54,71,72,77,4,86,27,60,53,59" hai2="97,0,11,123,74,69,67,119,57,79,15,100,113" hai3="22,95,84,114,61,40,8,105,17,91,81,63,115"/><T23/><D75/><U7/><E72/><V20/><F123/><W118/><G105/><T80/><D32/><U109/><E109/><V94/><F69/><W107/><G107/><T41/><D125/><U56/><E71/><V37/><F37/><W124/><G118/><T34/><D34/><U10/><E68/><V112/><F119/><W2/><G40/><N who="0" m="15467" /><D80/><N who="1" m="47375" /><E93/><V133/><F133/><W129/><G124/><T30/><D5/><U130/><E130/><V29/><F74/><W14/><G129/><T3/><D30/><U25/><E10/><V122/><F122/><W131/><G131/><T106/><D3/><U117/><E117/><V18/><F79/><W90/><G2/><T65/><D106/><U96/><E96/><N who="0" m="36905" /><D50/><N who="1" m="30775" /><E25/><AGARI ba="2,1" hai="19,23,25,52,58,62,65,66" m="36905,15467" machi="25" ten="30,5800,0" yaku="8,1,52,1,54,1" doraHai="55" who="0" fromWho="1" sc="253,74,263,-64,165,0,309,0" /><INIT seed="4,3,0,1,2,22" ten="327,199,165,309" oya="0" hai0="81,5,67,120,58,56,114,102,118,91,15,0,125" hai1="48,33,13,75,26,4,119,52,9,133,78,135,49" hai2="10,25,73,71,20,134,87,59,101,76,82,41,107" hai3="104,55,127,100,42,7,122,126,112,63,50,123,21"/><T115/><D120/><N who="3" m="46121" /><G7/><T93/><D118/><U86/><E75/><V23/><F71/><W16/><G42/><T77/><D102/><U103/><E119/><V40/><F134/><N who="1" m="51209" /><E103/><V51/><F73/><W90/><G63/><T105/><D105/><U94/><E52/><N who="2" m="32159" /><F107/><W45/><G112/><T53/><D0/><U124/><E124/><V11/><F101/><W97/><G90/><T47/><D125/><U38/><E38/><V31/><F23/><W132/><G132/><T2/><D2/><U8/><E8/><AGARI ba="3,0" hai="8,10,11,20,25,31,40,41,76,82,87" m="32159" machi="8" ten="30,3900,0" yaku="8,1,52,1,54,1" doraHai="22" who="2" fromWho="1" sc="327,0,199,-48,165,48,309,0" /><INIT seed="5,0,0,0,2,79" ten="327,151,213,309" oya="1" hai0="12,55,92,108,34,35,95,42,129,82,91,38,101" hai1="114,30,15,120,105,26,111,100,73,20,56,102,41" hai2="85,131,106,5,133,84,122,130,127,18,0,117,29" hai3="33,7,74,134,22,80,89,2,77,99,62,87,21"/><U32/><E120/><V96/><F29/><W66/><G33/><T25/><D108/><U70/><E70/><V54/><F0/><W123/><G123/><T9/><D129/><N who="2" m="49162" /><F5/><W3/><G99/><T52/><D35/><U49/><E73/><V124/><F122/><W61/><G61/><T17/><D38/><U23/><E111/><V46/><F117/><W115/><G115/><T104/><D42/><U128/><E128/><V113/><F113/><W109/><G109/><T71/><D71/><U57/><E114/><V45/><F18/><W126/><G126/><N who="2" m="48169" /><F54/><W86/><G21/><T81/><D34/><U13/><E105/><V97/><F106/><W112/><G22/><N who="0" m="13519" /><D104/><U44/><E32/><V93/><F93/><W118/><G7/><T6/><D92/><U36/><E36/><V78/><F78/><W8/><G77/><T53/><D101/><N who="1" m="39019" /><E23/><V110/><F110/><W51/><G2/><T10/><D9/><U116/><E116/><V59/><F59/><AGARI ba="0,0" hai="13,15,20,26,30,41,44,49,56,57,59" m="39019" machi="59" ten="30,1500,0" yaku="8,1" doraHai="79" who="1" fromWho="2" sc="327,0,151,15,213,-15,309,0" /><INIT seed="5,1,0,3,1,109" ten="327,166,198,309" oya="1" hai0="54,95,17,121,71,23,132,120,75,123,70,27,2" hai1="130,24,76,14,16,89,67,83,80,66,30,55,108" hai2="0,50,56,101,96,88,105,112,129,20,33,35,22" hai3="65,13,41,100,15,29,36,4,57,119,126,127,106"/><U31/><E130/><V79/><F0/><W42/><G29/><T62/><D75/><U124/><E124/><N who="3" m="47658" /><G119/><T1/><D132/><U60/><E108/><V114/><F79/><W69/><G69/><N who="0" m="26123" /><D95/><U25/><E89/><V107/><F129/><W37/><G57/><AGARI ba="1,0" hai="1,2,17,23,27,54,57,62,120,121,123" m="26123" machi="57" ten="40,1300,0" yaku="13,1" doraHai="109" who="0" fromWho="3" sc="327,16,166,0,198,0,309,-16" /><INIT seed="6,0,0,5,0,4" ten="343,166,198,293" oya="2" hai0="2,24,84,32,39,12,93,53,71,96,57,26,132" hai1="111,95,21,13,45,130,29,11,51,66,78,75,133" hai2="36,114,35,3,20,100,89,9,58,0,50,113,52" hai3="131,122,72,103,41,91,43,99,40,77,129,17,15"/><V127/><F35/><W18/><G122/><T105/><D39/><U80/><E130/><N who="3" m="49674" /><G91/><T135/><D2/><U44/><E133/><N who="0" m="51273" /><D71/><U82/><E111/><V126/><F36/><W85/><G85/><T25/><D105/><U107/><E107/><V94/><F100/><W59/><G59/><T70/><D70/><U7/><E66/><V79/><F79/><W83/><G15/><T63/><D84/><U92/><E80/><V120/><F120/><W108/><G108/><T104/><D104/><AGARI ba="0,0" hai="17,18,40,41,43,72,77,83,99,103,104" m="49674" machi="104" ten="30,1000,0" yaku="19,1" doraHai="4" who="3" fromWho="0" sc="343,-10,166,0,198,0,293,10" /><INIT seed="7,0,0,2,3,15" ten="333,166,198,303" oya="3" hai0="61,2,33,22,19,74,31,24,10,57,59,106,122" hai1="114,93,103,128,104,82,73,44,83,105,119,28,125" hai2="116,111,80,18,92,6,131,29,39,124,117,40,36" hai3="48,9,38,13,62,132,126,110,45,11,79,133,17"/><W26/><G38/><T66/><D122/><U69/><E69/><V98/><F111/><W34/><G110/><T46/><D74/><U1/><E1/><V84/><F6/><W50/><G79/><T60/><D106/><N who="1" m="41067" /><E28/><V63/><F29/><N who="3" m="19767" /><G62/><T12/><D46/><U135/><E44/><V37/><F40/><N who="3" m="24615" /><G50/><T23/><D2/><U130/><E114/><V49/><F49/><W71/><G71/><T99/><D99/><N who="1" m="59887" /><E135/><N who="3" m="51786" /><G126/><T67/><AGARI ba="0,0" hai="10,12,19,22,23,24,31,33,57,59,60,61,66,67" machi="67" ten="20,5200,0" yaku="0,1,7,1,9,1,52,1" doraHai="15" who="0" fromWho="0" sc="333,52,166,-13,198,-13,303,-26" owari="385,48.0,153,-35.0,185,-21.0,277,8.0" /></mjloggm>