<mjloggm ver="2.3"><GO type="97" lobby="0"/><UN n0="%E9%A2%AF%E7%88%BD%EF%BC%A0%E6%9D%B1%E9%A2%A8" n1="%E5%B0%B1%E6%B4%BB%E7%94%9F%40%E5%B7%9D%E6%9D%91%E8%BB%8D%E5%9B%A3" n2="%E3%83%A1%E3%82%BF%E3%83%9C%E3%83%9A%E3%83%B3%E3%82%AE%E3%83%B3" n3="%4B%31%64%30%30%33%30%33" dan="14,16,13,13" rate="1997.66,2204.17,1875.16,1903.94" sx="M,M,M,M"/><TAIKYOKU oya="0"/><INIT seed="0,0,0,4,3,33" ten="250,250,250,250" oya="0" hai0="58,25,91,45,35,6,34,109,61,26,87,68,55" hai1="118,86,123,0,115,110,47,88,113,127,49,101,69" hai2="76,81,20,37,102,5,46,31,129,92,7,23,54" hai3="19,51,4,134,70,41,79,84,116,14,99,106,60"/><T132/><D132/><U39/><E39/><V120/><F120/><W93/><G116/><T43/><D109/><U64/><E123/><V77/><F129/><W65/><G134/><T105/><D105/><U82/><E118/><V125/><F125/><W15/><G106/><T17/><D68/><U94/><E110/><V72/><F77/><W28/><G28/><T128/><D128/><U13/><E127/><V9/><F31/><W121/><G121/><T42/><D6/><U89/><E101/><V53/><F7/><W117/><G117/><T30/><D42/><U108/><E108/><V10/><F10/><W133/><G133/><T44/><D43/><U135/><E135/><V131/><F131/><W104/><G104/><T36/><D36/><U98/><E13/><V24/><F23/><W1/><G1/><T112/><D112/><N who="1" m="43083" /><E64/><V29/><F102/><W38/><G38/><T67/><D67/><U130/><E130/><V63/><F92/><W111/><G111/><T119/><D119/><U80/><E69/><V22/><F22/><W56/><G4/><T11/><D35/><U57/><E57/><V32/><F63/><W73/><G73/><T59/><D59/><U50/><E0/><N who="2" m="167" /><F32/><W97/><G15/><T85/><D34/><U100/><E47/><N who="0" m="17993" /><D30/><U78/><E100/><V114/><F114/><W90/><G79/><T95/><D85/><AGARI ba="0,0" hai="49,50,78,80,82,85,86,88,89,94,98" m="43083" machi="85" ten="30,2000,0" yaku="11,1,54,1" doraHai="33" who="1" fromWho="0" sc="250,-20,250,20,250,0,250,0" /><INIT seed="1,0,0,2,4,129" ten="230,270,250,250" oya="1" hai0="95,76,103,37,46,73,32,81,127,40,21,31,49" hai1="52,22,26,29,94,96,106,69,44,92,93,20,16" hai2="87,53,55,41,24,11,88,82,71,90,89,9,86" hai3="68,72,12,15,101,54,19,108,58,6,61,28,102"/><U17/><E69/><V122/><F71/><W109/><G72/><T131/><D131/><U91/><E106/><V33/><F122/><W63/><G28/><T2/><D127/><U5/><E5/><V18/><F41/><W47/><G6/><T38/><D2/><U48/><E29/><V1/><F1/><W84/><G15/><AGARI ba="0,0" hai="15,16,17,20,22,26,44,48,52,91,92,93,94,96" machi="15" ten="30,11600,0" yaku="7,1,8,1,54,2" doraHai="129" who="1" fromWho="3" sc="230,0,270,116,250,0,250,-116" /><INIT seed="1,1,0,1,5,53" ten="230,386,250,134" oya="1" hai0="73,100,83,20,104,107,125,39,63,32,51,117,78" hai1="118,38,130,49,1,2,94,47,113,72,109,41,71" hai2="58,42,106,10,65,0,89,87,97,86,25,30,26" hai3="122,101,52,45,60,110,66,61,15,67,82,19,74"/><U18/><E72/><V115/><F115/><W75/><G122/><T35/><D117/><U34/><E34/><V93/><F106/><W46/><G110/><T133/><D125/><U114/><E71/><V84/><F42/><W111/><G111/><T108/><D108/><U33/><E33/><N who="0" m="12873" /><D20/><U13/><E118/><V69/><F69/><W127/><G127/><T57/><D133/><U96/><E130/><V134/><F134/><W31/><G31/><T116/><D51/><U6/><E109/><V112/><F112/><W99/><G75/><T5/><D5/><U79/><E79/><V3/><F10/><W132/><G74/><T80/><D80/><U88/><E38/><V23/><F23/><N who="3" m="11775" /><G82/><T120/><D39/><U76/><E76/><V81/><F26/><W102/><G132/><T37/><D37/><U22/><E2/><V123/><F123/><W131/><G131/><T24/><D73/><U103/><E1/><V135/><F135/><W119/><G119/><T21/><D107/><U27/><E6/><V91/><F3/><W44/><G99/><T9/><D78/><U126/><E126/><V62/><F0/><W11/><G11/><T36/><D104/><U77/><E77/><V54/><F54/><W98/><G98/><T40/><D9/><U129/><E129/><V17/><F30/><W14/><G14/><T7/><D120/><U90/><E113/><V128/><F128/><W92/><G92/><T4/><D116/><U121/><E114/><V28/><F28/><W29/><G29/><T48/><D40/><U95/><E121/><V85/><F81/><RYUUKYOKU ba="1,0" sc="230,0,386,0,250,0,134,0" /><INIT seed="2,2,0,3,4,9" ten="230,386,250,134" oya="2" hai0="14,100,76,36,29,48,102,81,77,39,112,40,116" hai1="105,42,33,66,58,51,123,73,6,62,120,38,124" hai2="103,110,96,31,106,131,55,92,84,111,43,65,67" hai3="32,25,64,54,85,119,49,15,11,113,68,7,46"/><V122/><F122/><N who="1" m="46633" /><E33/><V86/><F43/><W135/><G119/><T10/><D112/><U22/><E105/><V13/><F131/><W35/><G113/><T47/><D116/><U34/><E34/><V129/><F31/><W16/><G135/><T121/><D121/><U88/><E73/><V74/><F74/><W118/><G118/><T72/><D77/><U12/><E124/><V71/><F129/><W101/><G101/><T27/><D39/><U134/><E134/><V94/><F55/><W93/><G68/><T114/><D36/><U20/><E88/><N who="2" m="53271" /><F71/><W44/><G64/><T115/><D114/><U104/><E104/><V52/><F84/><W50/><G93/><T3/><D3/><U130/><E130/><V132/><F106/><W30/><G85/><T127/><D127/><U18/><E6/><V19/><F52/><W109/><G109/><N who="2" m="41481" /><F132/><W69/><G69/><T60/><D115/><U63/><E38/><V45/><F45/><W80/><G80/><T61/><D61/><U117/><E117/><V5/><F5/><W23/><G7/><T4/><D60/><U108/><E108/><V126/><F126/><W75/><G75/><T70/><D70/><U125/><E125/><V26/><F26/><W133/><G133/><T90/><REACH who="0" step="1"/><D90/><REACH who="0" ten="220,386,250,134" step="2"/><U95/><E62/><V41/><F41/><AGARI ba="2,1" hai="11,15,16,23,25,30,32,35,41,44,46,49,50,54" machi="41" ten="30,3900,0" yaku="7,1,52,1,54,1" doraHai="9" who="3" fromWho="2" sc="220,0,386,0,250,-45,134,55" /><INIT seed="3,0,0,5,2,22" ten="220,386,205,189" oya="3" hai0="67,43,59,1,89,120,124,122,103,50,77,113,12" hai1="114,5,19,108,107,98,95,101,30,81,20,53,70" hai2="68,37,39,49,44,13,126,130,133,73,134,128,48" hai3="80,42,32,111,10,87,91,121,41,118,55,14,131"/><W69/><G118/><T97/><D89/><U74/><E70/><V82/><F13/><W119/><G119/><T123/><D59/><U33/><E33/><V64/><F82/><W72/><G69/><T135/><D50/><U117/><E108/><V58/><F73/><W99/><G121/><T38/><D97/><U26/><E114/><V35/><F35/><W6/><G131/><N who="2" m="50217" /><F68/><W18/><G72/><T106/><D103/><U2/><E30/><V84/><F84/><W85/><G32/><T112/><D106/><U110/><E53/><N who="2" m="32047" /><F64/><W94/><G87/><T102/><D67/><U0/><E101/><V96/><F96/><W104/><G111/><T45/><D102/><U23/><E107/><V127/><F37/><W16/><G104/><T51/><D38/><U61/><E61/><V11/><F11/><W9/><G55/><T8/><D112/><U132/><E19/><N who="3" m="7210" /><G10/><T28/><D8/><U63/><E2/><V21/><F21/><W47/><G47/><T4/><D45/><U83/><E74/><V88/><F88/><AGARI ba="0,0" hai="6,9,14,41,42,80,85,88,91,94,99" m="7210" machi="88" ten="30,5800,0" yaku="8,1,54,2" doraHai="22" who="3" fromWho="2" sc="220,0,386,0,205,-58,189,58" /><INIT seed="3,1,0,2,5,76" ten="220,386,147,247" oya="3" hai0="73,35,16,127,7,89,51,104,19,78,99,108,126" hai1="91,133,53,40,62,129,117,80,36,20,87,71,47" hai2="66,49,3,23,81,79,135,15,102,11,112,25,106" hai3="116,31,95,77,18,114,128,43,85,63,92,123,57"/><W38/><G123/><T115/><D35/><U56/><E129/><V32/><F135/><W17/><G116/><T120/><D120/><U97/><E133/><V109/><F109/><W52/><G114/><T58/><D7/><U64/><E117/><V6/><F112/><W4/><G128/><T34/><D34/><U107/><E20/><V96/><F49/><W110/><G38/><T93/><D115/><U33/><E33/><V118/><F66/><W101/><G110/><T74/><D108/><U59/><E53/><V70/><F118/><W132/><G132/><T134/><D134/><U28/><E28/><V27/><F27/><W26/><G43/><T111/><D111/><U22/><E22/><V72/><F70/><W121/><G121/><T10/><D104/><U113/><E113/><V55/><F55/><W119/><G4/><T90/><D90/><U14/><E14/><V130/><F130/><W48/><G119/><T88/><D89/><U12/><E12/><V13/><REACH who="2" step="1"/><F32/><REACH who="2" ten="220,386,137,247" step="2"/><W41/><G41/><T125/><D51/><U54/><E54/><V9/><F9/><W105/><G48/><T5/><D125/><U46/><E46/><V45/><F45/><W100/><G105/><T44/><D44/><U29/><E29/><AGARI ba="1,1" hai="3,6,11,13,15,23,25,29,72,79,81,96,102,106" machi="29" ten="30,3900,0" yaku="1,1,7,1,52,1,53,0" doraHai="76" doraHaiUra="122" who="2" fromWho="1" sc="220,0,386,-42,137,52,247,0" owari="220,-18.0,344,44.0,189,-31.0,247,5.0" /></mjloggm>