<mjloggm ver="2.3"><GO type="41" lobby="0"/><UN n0="%74%6B%35%39%34%36%73%6F" n1="%E5%B0%B1%E6%B4%BB%E7%94%9F%40%E5%B7%9D%E6%9D%91%E8%BB%8D%E5%9B%A3" n2="%57%65%62%63%6F%6D" n3="%E7%8C%BF%E3%83%89%E3%83%A2%E3%82%84%E3%82%93%E3%81%9E" dan="15,18,13,13" rate="1972.02,2212.50,1848.15,1870.55" sx="M,M,M,F"/><TAIKYOKU oya="0"/><INIT seed="0,0,0,0,4,90" ten="250,250,250,250" oya="0" hai0="88,98,121,39,124,92,70,103,44,118,83,125,48" hai1="93,94,41,96,102,132,28,3,107,19,71,58,75" hai2="56,61,104,38,4,131,64,32,109,87,127,99,72" hai3="128,36,81,79,115,119,89,25,40,101,27,111,84"/><T86/><D121/><U29/><E71/><V17/><F38/><W45/><G119/><T20/><D118/><U24/><E75/><V66/><F109/><W43/><G111/><T37/><D70/><U35/><E29/><V57/><F72/><W114/><G128/><T16/><D39/><U76/><E3/><V51/><F32/><W21/><G43/><T62/><D62/><U108/><E108/><V100/><F4/><W134/><G134/><T53/><REACH who="0" step="1"/><D37/><REACH who="0" ten="240,250,250,250" step="2"/><U7/><E132/><V133/><F133/><W30/><G79/><T116/><D116/><U91/><E76/><V78/><F78/><W22/><REACH who="3" step="1"/><G101/><REACH who="3" ten="240,250,250,240" step="2"/><T105/><D105/><U33/><E107/><V0/><F100/><W2/><G2/><T74/><D74/><U120/><E102/><V47/><F104/><W52/><G52/><T80/><D80/><U63/><E120/><V69/><F0/><W60/><G60/><T1/><D1/><U67/><E63/><V15/><F61/><W106/><G106/><T50/><D50/><U65/><E65/><V46/><F51/><W68/><G68/><T18/><D18/><AGARI ba="0,2" hai="18,21,22,25,27,30,36,40,45,81,84,89,114,115" machi="18" ten="30,3900,0" yaku="1,1,7,1,53,1" doraHai="90" doraHaiUra="13" who="3" fromWho="0" sc="240,-39,250,0,250,0,240,59" /><INIT seed="1,0,0,5,1,9" ten="201,250,250,299" oya="1" hai0="10,64,46,117,102,7,14,68,97,32,106,62,66" hai1="11,76,65,96,69,132,122,22,48,60,116,58,113" hai2="5,109,40,42,0,29,34,38,110,67,94,90,19" hai3="30,8,6,119,27,57,103,92,44,15,21,130,86"/><U95/><E113/><V1/><F67/><W120/><G119/><T25/><D66/><U52/><E116/><V124/><F124/><W41/><G120/><T18/><D117/><U3/><E122/><V16/><F29/><W20/><G20/><BYE who="3" /><T133/><D133/><U121/><E121/><V4/><F34/><W115/><G115/><T13/><D46/><U26/><E132/><V43/><F94/><UN n3="%E7%8C%BF%E3%83%89%E3%83%A2%E3%82%84%E3%82%93%E3%81%9E" /><W104/><G104/><T2/><D18/><N who="2" m="6698" /><F90/><W36/><G130/><T107/><D107/><U127/><E127/><V123/><F38/><W79/><G57/><T81/><D81/><U59/><E76/><V78/><F78/><W83/><REACH who="3" step="1"/><G92/><REACH who="3" ten="201,250,250,289" step="2"/><T129/><D129/><U45/><E11/><V33/><F123/><W131/><G131/><T56/><D56/><U39/><E39/><V55/><F33/><W89/><G89/><T101/><D101/><AGARI ba="0,1" hai="6,8,15,21,27,30,36,41,44,79,83,86,101,103" machi="101" ten="40,5200,0" yaku="1,1,52,1,53,1" doraHai="9" doraHaiUra="37" who="3" fromWho="0" sc="201,-52,250,0,250,0,289,62" /><INIT seed="2,0,0,1,4,40" ten="149,250,250,351" oya="2" hai0="42,67,126,80,53,36,82,69,45,9,74,29,131" hai1="20,55,43,19,111,122,16,120,128,49,134,127,94" hai2="39,79,83,66,95,10,34,35,100,64,27,8,71" hai3="112,110,5,84,23,81,109,121,4,129,13,72,58"/><V28/><F35/><W123/><G72/><T57/><D29/><U65/><E111/><V87/><F39/><W97/><G112/><T132/><D132/><U124/><E134/><V47/><F71/><W99/><G129/><T62/><D131/><U33/><E33/><V102/><F66/><W24/><G58/><T6/><D126/><N who="1" m="48171" /><E43/><V125/><F64/><W105/><G105/><T76/><D82/><U50/><E65/><V130/><F130/><W75/><G75/><T38/><D38/><U12/><E128/><V115/><F115/><W108/><G108/><T60/><D60/><U104/><E104/><V93/><F93/><W54/><G123/><N who="1" m="47146" /><E94/><V22/><F34/><W30/><G121/><T107/><D107/><U101/><E101/><N who="2" m="39019" /><F95/><W59/><G110/><T117/><D69/><U51/><E19/><V68/><F68/><W52/><G109/><T61/><D61/><U90/><E90/><V86/><F86/><W106/><G106/><T78/><D78/><U118/><E118/><V0/><F0/><W32/><G32/><T70/><BYE who="3" /><D70/><U44/><AGARI ba="0,0" hai="12,16,20,44,49,50,51,55" m="47146,48171" machi="44" ten="30,7900,0" yaku="18,1,13,1,52,1,54,1" doraHai="40" who="1" fromWho="1" sc="149,-20,250,79,250,-39,351,-20" /><INIT seed="3,0,0,1,2,84" ten="129,329,211,331" oya="3" hai0="11,12,104,85,46,63,5,62,116,89,103,14,90" hai1="94,3,135,96,29,38,57,8,56,59,88,76,101" hai2="23,67,109,113,54,48,118,24,65,58,73,55,30" hai3="124,129,70,45,2,102,4,6,122,33,80,35,41"/><W71/><G71/><T105/><D116/><U91/><E38/><V132/><F73/><W93/><G93/><UN n3="%E7%8C%BF%E3%83%89%E3%83%A2%E3%82%84%E3%82%93%E3%81%9E" /><T112/><D105/><U19/><E135/><V25/><F109/><W52/><G122/><T66/><D63/><U60/><E76/><V92/><F113/><W133/><G133/><T111/><D85/><U78/><E78/><V130/><F130/><W7/><G129/><T16/><D111/><U86/><E29/><V61/><F118/><W51/><G2/><T42/><D103/><U34/><E34/><V134/><F134/><W117/><G70/><T121/><D104/><U79/><E60/><V98/><F25/><W20/><G117/><T50/><D121/><U64/><E64/><V36/><F36/><W126/><G102/><T120/><D112/><U26/><E3/><V72/><F72/><W95/><G20/><T115/><D120/><U131/><E131/><V110/><F110/><W107/><G80/><T68/><D115/><U127/><E127/><N who="3" m="48682" /><G107/><T49/><D49/><U81/><E8/><AGARI ba="0,0" hai="5,8,11,12,14,16,42,46,50,62,66,68,89,90" machi="8" ten="30,7700,0" yaku="7,1,52,2,54,1" doraHai="84" who="0" fromWho="1" sc="129,77,329,-77,211,0,331,0" /><INIT seed="4,0,0,0,2,22" ten="206,252,211,331" oya="0" hai0="56,25,95,77,112,107,118,41,9,92,42,91,73" hai1="94,110,90,102,98,86,43,32,34,79,121,12,30" hai2="111,65,84,45,59,76,26,53,116,28,88,128,133" hai3="99,7,126,39,127,23,13,48,4,113,46,100,18"/><T1/><D118/><U124/><E110/><V50/><F111/><W33/><G39/><T62/><D107/><U17/><E121/><V36/><F128/><W78/><G33/><T83/><D112/><U130/><E130/><V96/><F133/><W31/><G113/><T37/><D37/><U85/><E124/><N who="3" m="47658" /><G31/><T14/><D1/><U20/><E43/><V70/><F70/><W71/><G71/><T87/><D25/><U60/><E60/><V38/><F76/><W103/><G78/><T29/><D29/><U123/><E123/><V75/><F96/><W89/><G89/><T35/><D35/><U72/><E30/><V114/><F75/><W93/><G100/><T115/><D95/><U104/><E86/><V109/><F116/><W58/><G58/><T27/><D27/><U82/><AGARI ba="0,0" hai="12,17,20,32,34,72,79,82,85,90,94,98,102,104" machi="82" ten="30,4000,0" yaku="0,1,24,2" doraHai="22" who="1" fromWho="1" sc="206,-20,252,40,211,-10,331,-10" /><INIT seed="5,0,0,4,1,129" ten="186,292,201,321" oya="1" hai0="21,97,111,44,49,105,96,23,33,127,131,36,4" hai1="22,15,88,110,133,75,78,84,122,39,35,37,2" hai2="89,68,65,38,48,30,17,56,99,54,0,66,27" hai3="77,120,86,28,11,60,116,57,58,53,104,125,106"/><U100/><E122/><V16/><F0/><W72/><G120/><T121/><D121/><U18/><E35/><V82/><F38/><W98/><G72/><T19/><D131/><U117/><E2/><V10/><F68/><W107/><G28/><T40/><D33/><U62/><E117/><V74/><F74/><W94/><G116/><T59/><D4/><U41/><E100/><V55/><F55/><W73/><G73/><T50/><D111/><U108/><E78/><V109/><F109/><N who="1" m="42089" /><E62/><V52/><F54/><W124/><G77/><T42/><D127/><N who="3" m="48713" /><G86/><T8/><D105/><U45/><E75/><V76/><F76/><W115/><G115/><T92/><D97/><U25/><E25/><V130/><F130/><W47/><G11/><T118/><D118/><U85/><E85/><V67/><F10/><W6/><G6/><T32/><D32/><U70/><E70/><V3/><F3/><W101/><G60/><T20/><D59/><U46/><E46/><V5/><F5/><W24/><G24/><T26/><D8/><U31/><E31/><V51/><F51/><AGARI ba="0,0" hai="47,51,53,57,58,94,98,101,104,106,107" m="48713" machi="51" ten="40,1300,0" yaku="18,1" doraHai="129" who="3" fromWho="2" sc="186,0,292,0,201,-13,321,13" /><INIT seed="6,0,0,2,2,113" ten="186,292,188,334" oya="2" hai0="64,1,121,61,70,118,72,73,59,127,74,28,47" hai1="40,116,67,66,86,92,22,62,3,126,119,18,23" hai2="102,93,79,25,109,58,35,21,39,134,53,14,16" hai3="42,125,100,9,77,52,31,80,101,26,96,133,33"/><V0/><F0/><W68/><G133/><T55/><D1/><U48/><E3/><V6/><F6/><W129/><G125/><T103/><D127/><U91/><E126/><V111/><F39/><W106/><G129/><T115/><D121/><U107/><E107/><V60/><F79/><W114/><G68/><T54/><D115/><U98/><E66/><V51/><F134/><W90/><G114/><T57/><D103/><U34/><E34/><V131/><F131/><W84/><G42/><T20/><D118/><U17/><E98/><V108/><F102/><W41/><G9/><T71/><D47/><U46/><E22/><N who="2" m="11543" /><F93/><W94/><G101/><T45/><D45/><U36/><E36/><V10/><F10/><W132/><G132/><T29/><D64/><U65/><E65/><V81/><F81/><W38/><G38/><T120/><D120/><U75/><E75/><V24/><F35/><W104/><G41/><T43/><D43/><U117/><REACH who="1" step="1"/><E23/><REACH who="1" ten="186,282,188,334" step="2"/><V19/><F60/><W15/><G106/><T30/><D20/><U76/><E76/><V69/><F69/><AGARI ba="0,1" hai="17,18,40,46,48,62,67,69,86,91,92,116,117,119" machi="69" ten="40,8000,1" yaku="1,1,52,3,53,0" doraHai="113" doraHaiUra="128" who="1" fromWho="2" sc="186,0,282,90,188,-80,334,0" /><INIT seed="7,0,0,4,3,55" ten="186,372,108,334" oya="3" hai0="52,4,84,63,35,126,102,99,5,110,76,97,64" hai1="108,117,109,106,65,132,62,98,22,45,26,101,36" hai2="88,96,82,16,29,95,7,0,91,14,107,23,31" hai3="93,27,25,1,13,57,89,103,120,119,85,115,33"/><W58/><G120/><T39/><D39/><U133/><E36/><V11/><REACH who="2" step="1"/><F107/><REACH who="2" ten="186,372,98,334" step="2"/><W87/><G119/><T40/><D110/><U129/><E117/><V50/><F50/><W92/><G115/><T100/><D126/><U70/><E109/><V51/><F51/><W20/><G1/><T59/><D35/><U47/><E108/><V125/><F125/><W131/><G131/><T116/><D116/><U75/><E129/><V79/><F79/><W8/><G33/><T69/><D40/><U135/><E75/><V78/><F78/><W54/><G92/><T80/><D99/><U28/><AGARI ba="0,1" hai="22,26,28,45,47,62,65,70,98,101,106,132,133,135" machi="28" ten="30,2000,0" yaku="0,1,20,1" doraHai="55" who="1" fromWho="1" sc="186,-5,372,30,98,-5,334,-10" owari="181,-22.0,402,51.0,93,-41.0,324,12.0" /></mjloggm>