<mjloggm ver="2.3"><GO type="225" lobby="0"/><UN n0="%E3%83%9B%E3%83%B3%E3%82%A4%E3%83%84%E5%8E%A8" n1="%E5%B0%B1%E6%B4%BB%E7%94%9F%40%E5%B7%9D%E6%9D%91%E8%BB%8D%E5%9B%A3" n2="%63%6F%61" n3="%E3%81%BC%E3%81%A3%E3%81%A1%E5%85%9A%E5%93%A1" dan="17,16,16,16" rate="2182.70,2115.44,2208.77,2054.46" sx="M,M,M,F"/><TAIKYOKU oya="0"/><INIT seed="0,0,0,2,1,70" ten="250,250,250,250" oya="0" hai0="95,99,20,47,110,36,107,72,124,92,73,116,125" hai1="129,97,63,16,80,113,118,98,82,87,84,135,77" hai2="46,55,128,123,103,76,60,131,120,23,94,111,61" hai3="21,121,100,1,39,43,101,10,62,17,34,22,14"/><T24/><D116/><U2/><E2/><V68/><F76/><W29/><G121/><N who="2" m="46665" /><F23/><W57/><G1/><T56/><D107/><U78/><E118/><V109/><F94/><W13/><G34/><T18/><D56/><U66/><E129/><N who="2" m="49739" /><F103/><W53/><G29/><T31/><D18/><U12/><E135/><V15/><F15/><W38/><G43/><N who="0" m="23015" /><D95/><U105/><E105/><V41/><F55/><W126/><G126/><N who="0" m="48747" /><D110/><N who="2" m="41994" /><F68/><W90/><G101/><AGARI ba="0,0" hai="20,24,31,72,73,92,99,101" m="48747,23015" machi="101" ten="30,2900,0" yaku="18,1,52,1" doraHai="70" who="0" fromWho="3" sc="250,29,250,0,250,0,250,-29" /><INIT seed="0,1,0,3,3,115" ten="279,250,250,221" oya="0" hai0="83,13,124,61,67,55,36,131,0,62,112,53,107" hai1="72,98,51,54,70,106,126,110,7,21,120,97,49" hai2="87,60,46,14,10,89,1,18,17,123,116,96,119" hai3="32,42,86,44,129,66,25,118,19,30,39,35,34"/><T80/><D0/><U108/><E72/><V11/><F123/><W58/><G129/><T100/><D36/><U81/><E120/><V105/><F46/><W135/><G135/><T93/><D107/><U117/><E117/><N who="2" m="45131" /><F60/><W130/><G118/><T57/><D124/><U45/><E70/><V102/><F1/><W99/><G99/><T26/><D61/><U28/><E126/><V77/><F77/><W63/><G130/><T78/><D62/><U31/><E106/><V12/><F89/><W69/><G69/><T6/><D78/><U9/><E51/><V56/><F87/><W52/><G66/><T24/><D67/><U5/><E97/><V128/><F128/><W29/><G86/><T38/><D38/><U20/><E98/><V94/><F56/><W90/><G90/><T121/><D57/><U122/><E122/><V92/><AGARI ba="1,0" hai="10,11,12,14,17,18,92,94,96,102,105" m="45131" machi="92" ten="30,7900,0" yaku="12,1,52,3" doraHai="115" who="2" fromWho="2" sc="279,-40,250,-21,250,82,221,-21" /><INIT seed="1,0,0,3,2,95" ten="239,229,332,200" oya="1" hai0="27,17,112,63,113,108,69,43,134,31,111,117,90" hai1="21,109,32,39,106,83,72,85,19,16,56,88,122" hai2="103,33,126,107,98,35,92,76,6,127,64,81,75" hai3="128,78,94,110,121,97,25,50,26,91,12,115,37"/><U4/><E32/><V102/><F6/><W1/><G110/><T84/><D43/><U34/><E34/><V10/><F10/><W5/><G37/><T65/><D17/><U8/><E122/><V80/><F64/><W118/><G121/><T60/><D60/><U23/><E109/><N who="0" m="42057" /><D117/><U30/><E39/><V130/><F130/><W38/><G38/><T68/><D68/><U15/><E72/><V11/><F11/><W20/><G115/><T51/><D51/><U18/><E106/><V116/><F116/><W89/><G128/><T59/><D59/><U2/><E30/><V123/><F123/><W46/><G1/><T73/><D73/><U120/><E120/><V135/><F135/><W58/><G78/><T45/><D45/><U71/><E71/><V125/><F80/><W87/><G118/><T52/><D52/><U99/><E2/><V41/><F41/><N who="3" m="24911" /><G58/><T96/><D96/><AGARI ba="0,0" hai="33,35,75,76,81,92,96,98,102,103,107,125,126,127" machi="96" ten="40,5200,0" yaku="18,1,52,2" doraHai="95" who="2" fromWho="0" sc="239,-52,229,0,332,52,200,0" /><INIT seed="2,0,0,0,1,37" ten="187,229,384,200" oya="2" hai0="77,87,79,43,42,40,26,113,100,124,131,1,64" hai1="66,35,104,14,90,12,110,80,97,61,19,86,127" hai2="108,28,36,65,112,8,21,129,101,76,122,117,81" hai3="53,13,125,7,72,44,94,17,52,118,99,73,109"/><V121/><F112/><W132/><G109/><T70/><D1/><U82/><E35/><V3/><F117/><W38/><G118/><T20/><D113/><U102/><E110/><V85/><F36/><W84/><G7/><T23/><D131/><U54/><E127/><V74/><F129/><W119/><G119/><T89/><D100/><U57/><E19/><V32/><F108/><W30/><G125/><T59/><D70/><U51/><REACH who="1" step="1"/><E80/><REACH who="1" ten="187,219,384,200" step="2"/><V15/><F81/><W91/><G30/><N who="0" m="17735" /><D124/><U75/><E75/><V128/><F74/><W16/><G17/><T22/><D22/><U135/><E135/><V9/><F21/><W133/><G73/><T18/><D64/><U114/><E114/><V60/><F65/><W98/><G72/><T34/><D34/><U55/><E55/><V67/><F67/><W29/><G29/><T103/><D103/><U24/><E24/><V123/><F123/><W83/><G83/><N who="0" m="49407" /><D59/><AGARI ba="0,1" hai="12,14,51,54,57,59,61,66,82,86,90,97,102,104" machi="59" ten="30,2000,0" yaku="1,1,7,1,53,0" doraHai="37" doraHaiUra="111" who="1" fromWho="0" sc="187,-20,219,30,384,0,200,0" /><INIT seed="3,0,0,5,3,30" ten="167,249,384,200" oya="3" hai0="103,98,0,56,90,1,33,17,65,95,36,35,130" hai1="9,108,42,8,3,92,19,96,28,38,104,12,14" hai2="71,127,107,11,129,72,53,49,84,105,112,58,48" hai3="73,50,120,80,32,88,10,60,89,69,18,121,91"/><W76/><G32/><T113/><D36/><U45/><E108/><V79/><F71/><W78/><G78/><T74/><D74/><U124/><E124/><V81/><F112/><W64/><G10/><T43/><D43/><U40/><E28/><V83/><F127/><W2/><G2/><T47/><D47/><U115/><E115/><V131/><F11/><W23/><REACH who="3" step="1"/><G50/><REACH who="3" ten="167,249,384,190" step="2"/><T110/><D113/><U66/><E3/><V59/><F49/><W114/><G114/><T119/><D119/><U125/><E9/><V41/><F48/><W5/><G5/><T117/><D117/><U94/><E8/><V54/><F79/><W6/><G6/><T62/><D110/><U70/><E125/><V86/><F72/><W25/><AGARI ba="0,1" hai="18,23,25,60,64,69,73,76,80,88,89,91,120,121" machi="25" ten="30,11700,0" yaku="1,1,0,1,54,1,53,1" doraHai="30" doraHaiUra="61" who="3" fromWho="3" sc="167,-39,249,-39,384,-39,190,127" /><INIT seed="3,1,0,0,5,55" ten="128,210,345,317" oya="3" hai0="115,107,111,2,126,128,9,58,118,135,32,7,8" hai1="26,86,100,70,3,22,109,30,101,16,53,76,133" hai2="1,52,38,10,18,108,130,60,12,89,48,44,64" hai3="127,25,120,42,45,80,88,63,92,75,116,19,28"/><W21/><G116/><T34/><D58/><U84/><E3/><V77/><F38/><W35/><G120/><T91/><D91/><U61/><E109/><V23/><F108/><W113/><G127/><T15/><D15/><U5/><E133/><V6/><F130/><W27/><G113/><T131/><D9/><U73/><E73/><V24/><F77/><W85/><G63/><T123/><D8/><U72/><E72/><V13/><F89/><W134/><G134/><T41/><D7/><U36/><E36/><V4/><F4/><W29/><G75/><T40/><D41/><U74/><E74/><V65/><F65/><W17/><G80/><T132/><D40/><U54/><E5/><V33/><F33/><N who="0" m="12906" /><D2/><U31/><E70/><AGARI ba="1,0" hai="1,6,10,12,13,18,23,24,44,48,52,60,64,70" machi="70" ten="30,2000,0" yaku="7,1,54,1" doraHai="55" who="2" fromWho="1" sc="128,0,210,-23,345,23,317,0" owari="128,-37.0,187,-21.0,368,46.0,317,12.0" /></mjloggm>