<mjloggm ver="2.3"><GO type="169" lobby="0"/><UN n0="%E3%82%A6%E3%83%AB%E3%83%88%E3%83%A9%E7%AB%8B%E7%9B%B4" n1="%E3%83%80%E3%83%AC%E3%82%AC%E3%83%8E%E3%83%B3" n2="%67%6F%6D%75" n3="%E3%81%8A%E3%81%98%E3%81%95%E3%82%93" dan="17,16,16,16" rate="2161.93,2094.19,2071.79,2147.95" sx="M,M,M,M"/><TAIKYOKU oya="0"/><INIT seed="0,0,0,4,3,124" ten="250,250,250,250" oya="0" hai0="87,16,30,50,121,63,72,1,85,134,6,3,96" hai1="48,64,8,5,46,131,135,57,89,133,12,80,84" hai2="86,54,113,38,28,98,36,2,111,53,67,132,103" hai3="39,7,104,107,4,35,73,62,114,42,83,31,109"/><T45/><D72/><U91/><E91/><V22/><F2/><W77/><G114/><T69/><D121/><U58/><E131/><V100/><F113/><W29/><G109/><T59/><D69/><U24/><E24/><V108/><F132/><N who="1" m="50761" /><E64/><V65/><F86/><W95/><G95/><T120/><D120/><U60/><E60/><V82/><F22/><W119/><G119/><T78/><D30/><U37/><E37/><N who="2" m="14443" /><F98/><W9/><G4/><T40/><D134/><U79/><E89/><V97/><F97/><W110/><G62/><T13/><D6/><U33/><E33/><V122/><F82/><W26/><G31/><T52/><D96/><U51/><E51/><V94/><F94/><W34/><G110/><N who="2" m="42025" /><F28/><W101/><G101/><N who="2" m="38985" /><F122/><W126/><G126/><T125/><D125/><U92/><E92/><V0/><F0/><N who="3" m="231" /><G35/><T25/><D25/><U61/><E61/><V128/><F128/><W44/><AGARI ba="0,0" hai="26,29,34,39,42,44,73,77,83,104,107" m="231" machi="44" ten="30,4000,0" yaku="25,1,33,2" doraHai="124" who="3" fromWho="3" sc="250,-20,250,-10,250,-10,250,40" /><INIT seed="1,0,0,2,2,57" ten="230,240,240,290" oya="1" hai0="22,27,44,74,114,43,14,48,118,54,98,59,96" hai1="68,47,12,131,10,73,23,99,11,18,122,135,6" hai2="42,107,52,36,120,117,123,19,109,51,30,49,29" hai3="86,112,130,61,24,66,3,70,63,113,104,34,71"/><U76/><E122/><V100/><F117/><W103/><G86/><T26/><D118/><U134/><E68/><V119/><F119/><W41/><G41/><T5/><D74/><U110/><E131/><V89/><F36/><W1/><G130/><T4/><D114/><N who="3" m="44137" /><G103/><T88/><D14/><U115/><E115/><V37/><F37/><W85/><G85/><T20/><D20/><U7/><E110/><V45/><F109/><W106/><G24/><T79/><D79/><U69/><E69/><N who="3" m="26122" /><G66/><T125/><D125/><U78/><E99/><V102/><F89/><W124/><G34/><T105/><D27/><U16/><E10/><V80/><F42/><W17/><G17/><T32/><D32/><U65/><E65/><V38/><F19/><W75/><G75/><T64/><D64/><U93/><E93/><V35/><F38/><W58/><G58/><T15/><D98/><U83/><E78/><V60/><F35/><W56/><G56/><T2/><D59/><U101/><E101/><V84/><F107/><N who="3" m="41003" /><G124/><T25/><D105/><U53/><E47/><V94/><F45/><W111/><G111/><T87/><D44/><U91/><E91/><V82/><F94/><W46/><G46/><T8/><D88/><U90/><E90/><V50/><F84/><W21/><G21/><T62/><D22/><U33/><E33/><V9/><F120/><W97/><G97/><T95/><D96/><U121/><E121/><V72/><F123/><W13/><G13/><T0/><D15/><U31/><E12/><V77/><F72/><W81/><G81/><T67/><D87/><RYUUKYOKU ba="0,0" sc="230,-10,240,-10,240,-10,290,30" hai3="1,3,61,63" /><INIT seed="2,1,0,0,5,0" ten="220,230,230,320" oya="2" hai0="128,52,23,69,111,92,15,10,129,133,70,107,79" hai1="17,50,18,106,112,91,58,35,109,85,95,71,119" hai2="103,83,20,4,64,110,97,78,60,120,32,40,3" hai3="131,63,31,90,11,14,80,5,56,29,125,65,82"/><V81/><F32/><W76/><G125/><T99/><D107/><U36/><E112/><V41/><F120/><W121/><G121/><T47/><D79/><U30/><E119/><V44/><F110/><W108/><G108/><T49/><D23/><U84/><E71/><V26/><F3/><W102/><G131/><N who="0" m="50251" /><D133/><U45/><E109/><V24/><F4/><W124/><G124/><T28/><D28/><U86/><E106/><V68/><F24/><W104/><G104/><T88/><D111/><U2/><E36/><V113/><F113/><W22/><G102/><T38/><D38/><U46/><E46/><V67/><F67/><W134/><G134/><T117/><D117/><U34/><E2/><V39/><F41/><W43/><G43/><T122/><D122/><U53/><E45/><V135/><F78/><W37/><G37/><T25/><D25/><U72/><E72/><V98/><F135/><W16/><G90/><T123/><D123/><U8/><E30/><N who="3" m="11274" /><G76/><T55/><D55/><U94/><E94/><V114/><F114/><W21/><G21/><T87/><D99/><U118/><E118/><V12/><F98/><W100/><G100/><T9/><D9/><U27/><E18/><AGARI ba="1,0" hai="10,15,18,47,49,52,69,70,87,88,92" m="50251" machi="18" ten="30,3900,0" yaku="19,1,54,2" doraHai="0" who="0" fromWho="1" sc="220,42,230,-42,230,0,320,0" /><INIT seed="3,0,0,4,0,113" ten="262,188,230,320" oya="3" hai0="126,41,15,100,40,33,125,131,101,133,49,43,116" hai1="92,30,134,89,93,104,38,135,39,85,111,108,37" hai2="57,11,124,36,1,88,20,91,63,69,78,79,48" hai3="24,53,94,52,8,7,21,82,62,22,28,51,12"/><W80/><G22/><T132/><D33/><U121/><E104/><V59/><F124/><N who="0" m="47722" /><D49/><U66/><E121/><V74/><F36/><N who="1" m="9217" /><U3/><DORA hai="50" /><E3/><V72/><F20/><W14/><G14/><T109/><D109/><N who="1" m="42059" /><E66/><V60/><F48/><W44/><G94/><N who="1" m="36458" /><E30/><V127/><F69/><W18/><G28/><T84/><D15/><U17/><E17/><V64/><F64/><W9/><G9/><T129/><D84/><U19/><E19/><V54/><F11/><W2/><G2/><T123/><D123/><U75/><E75/><V86/><F1/><W118/><G118/><T34/><D116/><U10/><E10/><V35/><F35/><W31/><G31/><T76/><D34/><U105/><E105/><V102/><F127/><W6/><G6/><T13/><D13/><U65/><E65/><V55/><F86/><W45/><G45/><T119/><D119/><U47/><E47/><V29/><F29/><W97/><REACH who="3" step="1"/><G97/><REACH who="3" ten="262,188,230,310" step="2"/><T16/><D16/><U115/><E115/><V77/><F74/><W130/><G130/><N who="0" m="49675" /><D76/><U110/><N who="1" m="42067" /><U71/><DORA hai="5" /><E71/><V73/><F77/><W56/><AGARI ba="0,1" hai="7,8,12,18,21,24,44,51,52,53,56,62,80,82" machi="56" ten="30,18000,2" yaku="1,1,0,1,8,1,52,3,54,1,53,0" doraHai="113,50,5" doraHaiUra="95,112,87" who="3" fromWho="3" sc="262,-60,188,-60,230,-60,310,190" /><INIT seed="3,1,0,0,0,134" ten="202,128,170,500" oya="3" hai0="50,18,84,44,105,16,67,126,23,74,27,13,49" hai1="102,110,34,115,88,107,68,37,3,62,5,95,33" hai2="131,121,87,135,7,31,78,20,65,11,97,10,86" hai3="124,59,55,32,81,100,106,53,82,25,54,114,19"/><W94/><G106/><T21/><D74/><U1/><E115/><V128/><F135/><W119/><G119/><T112/><D105/><U17/><E37/><V129/><F121/><W61/><G114/><T101/><D101/><U57/><E68/><V91/><F65/><W0/><G0/><T109/><D112/><U118/><E118/><V73/><F73/><W29/><G124/><T85/><D109/><U58/><E110/><V52/><F78/><W15/><G100/><T130/><D130/><U96/><E58/><V117/><F117/><W36/><G36/><T64/><D126/><U45/><E45/><V2/><F11/><W72/><G94/><T6/><D6/><U133/><E133/><V99/><F87/><N who="0" m="33354" /><D50/><U8/><E3/><V51/><F20/><N who="3" m="15527" /><G72/><T69/><D69/><U4/><E4/><V125/><F31/><W43/><G43/><AGARI ba="1,0" hai="13,16,18,21,23,27,43,44,49,64,67" m="33354" machi="43" ten="30,2000,0" yaku="8,1,54,1" doraHai="134" who="0" fromWho="3" sc="202,23,128,0,170,0,500,-23" /><INIT seed="4,0,0,1,4,87" ten="225,128,170,477" oya="0" hai0="42,54,50,119,76,38,17,75,33,60,125,23,32" hai1="120,29,63,58,107,100,48,122,112,6,70,62,59" hai2="49,3,27,51,95,56,47,114,39,118,26,101,77" hai3="43,104,117,28,116,81,110,13,98,113,44,1,34"/><T0/><D119/><U132/><E132/><V85/><F114/><W78/><G1/><T7/><D125/><U8/><E112/><V5/><F118/><W66/><G13/><T103/><D103/><U82/><E29/><V68/><F68/><W128/><G66/><T90/><D60/><U2/><E82/><V111/><F111/><W134/><G128/><T15/><D76/><U19/><E70/><V65/><F49/><W93/><G93/><T64/><D75/><U4/><E4/><V92/><F95/><W97/><G97/><T37/><D64/><U96/><E48/><V71/><F39/><N who="3" m="21631" /><G113/><T121/><D121/><U129/><E129/><V20/><F77/><W105/><G110/><T86/><D7/><U10/><E10/><V12/><F5/><W21/><G21/><T9/><D0/><U89/><E19/><V18/><F3/><W124/><G124/><T84/><D84/><U108/><E108/><V130/><F71/><W106/><G98/><T73/><D73/><U52/><REACH who="1" step="1"/><E89/><REACH who="1" ten="225,118,170,477" step="2"/><N who="2" m="53295" /><F130/><W35/><G134/><T30/><D30/><U67/><AGARI ba="0,1" hai="2,6,8,52,58,59,62,63,67,96,100,107,120,122" machi="67" ten="20,5200,0" yaku="1,1,0,1,7,1,54,1,53,0" doraHai="87" doraHaiUra="80" who="1" fromWho="1" sc="225,-26,118,62,170,-13,477,-13" /><INIT seed="5,0,0,3,2,108" ten="199,180,157,464" oya="1" hai0="100,112,52,117,115,98,55,83,21,101,32,77,63" hai1="13,50,0,37,60,44,86,36,38,80,131,120,110" hai2="1,135,71,113,2,66,5,34,124,130,97,49,41" hai3="126,121,119,53,123,30,15,69,82,16,4,102,51"/><U78/><E120/><V8/><F34/><W103/><G69/><T56/><D32/><U40/><E110/><V76/><F135/><W116/><G126/><T47/><D117/><N who="3" m="45129" /><G30/><T59/><D21/><U74/><E0/><V17/><F124/><W20/><G82/><T48/><D47/><U26/><E131/><V22/><F130/><W31/><G31/><T33/><D33/><U134/><E134/><V99/><F2/><W27/><G27/><T61/><D48/><U25/><E74/><V28/><F28/><W79/><G79/><T125/><D125/><U122/><E122/><N who="3" m="46602" /><G4/><T93/><D101/><U75/><E75/><AGARI ba="0,0" hai="52,55,56,59,61,63,75,77,83,93,98,100,112,115" machi="75" ten="40,8000,1" yaku="9,1,52,2,54,1" doraHai="108" who="0" fromWho="1" sc="199,80,180,-80,157,0,464,0" /><INIT seed="6,0,0,2,3,109" ten="279,100,157,464" oya="2" hai0="115,91,92,96,25,35,34,16,129,61,84,31,41" hai1="87,124,23,49,54,67,77,63,27,95,45,111,127" hai2="30,43,60,121,89,53,13,10,132,8,18,123,37" hai3="85,28,82,58,86,39,110,57,94,117,131,22,19"/><V26/><F132/><W7/><G39/><T64/><D129/><U120/><E120/><V0/><F37/><W80/><G117/><T11/><D41/><U40/><E111/><V65/><F43/><W52/><G131/><T32/><D115/><U56/><E77/><V100/><F53/><W51/><G7/><T47/><D47/><U9/><E9/><V118/><F118/><W5/><G5/><T3/><D3/><U46/><E87/><V42/><F42/><W90/><G28/><T105/><D16/><U36/><REACH who="1" step="1"/><E95/><REACH who="1" ten="279,90,157,464" step="2"/><V98/><F10/><W101/><G110/><T70/><D11/><U20/><E20/><V102/><F123/><W78/><G94/><T81/><D105/><U97/><E97/><V119/><F121/><W135/><G135/><T112/><D35/><U128/><E128/><V50/><F119/><W133/><G133/><T15/><D34/><U69/><E69/><V134/><F0/><W122/><G122/><T55/><D32/><U103/><E103/><V130/><F102/><W116/><G101/><T44/><D70/><U62/><E62/><V59/><F100/><W12/><G116/><T75/><D61/><U126/><E126/><V108/><F130/><W48/><G48/><T14/><D96/><U21/><E21/><N who="2" m="15695" /><F134/><W66/><G86/><T29/><D84/><U79/><E79/><V83/><F108/><W99/><G99/><T6/><D92/><U71/><E71/><V107/><F50/><W104/><G104/><T114/><D75/><U106/><E106/><V113/><F107/><W38/><G38/><T33/><D33/><RYUUKYOKU ba="0,1" sc="279,-10,90,30,157,-10,464,-10" hai1="23,27,36,40,45,46,49,54,56,63,67,124,127" /><INIT seed="7,1,1,4,3,102" ten="269,120,147,454" oya="3" hai0="38,99,131,58,103,4,124,23,90,73,79,132,92" hai1="75,119,26,106,125,54,8,105,84,50,82,104,46" hai2="94,66,68,81,89,41,118,45,53,34,5,11,6" hai3="17,128,122,14,64,113,9,48,12,67,44,86,123"/><W20/><G113/><T0/><D38/><U129/><E75/><V40/><F34/><W60/><G128/><T51/><D23/><U70/><E129/><V27/><F118/><W36/><G36/><T62/><D51/><U112/><E70/><V121/><F121/><W19/><G86/><T87/><D58/><U43/><E112/><V130/><F130/><W52/><G67/><T47/><D62/><U33/><E119/><V15/><F27/><W100/><G100/><T29/><D47/><U2/><E125/><V107/><F107/><W25/><G25/><T110/><D4/><N who="2" m="1642" /><F81/><W13/><G13/><T85/><D29/><U55/><E2/><V74/><F74/><W115/><G115/><T57/><D0/><U7/><E7/><N who="2" m="3583" /><F66/><W30/><G30/><T37/><D73/><U32/><E8/><V39/><F39/><W76/><G76/><T108/><D79/><U56/><E26/><V1/><F1/><W65/><G65/><T59/><D37/><U96/><E96/><N who="2" m="57423" /><F68/><AGARI ba="1,1" hai="9,12,14,17,19,20,44,48,52,60,64,68,122,123" machi="68" ten="30,2900,0" yaku="7,1,54,1" doraHai="102" who="3" fromWho="2" sc="269,0,120,0,147,-32,454,42" owari="269,7.0,120,-28.0,115,-38.0,496,59.0" /></mjloggm>