<mjloggm ver="2.3"><GO type="169" lobby="0"/><UN n0="%E3%81%99%E3%81%9A%E3%82%81%E3%82%AF%E3%83%AC%E3%82%A4%E3%82%B8%E3%83%BC" n1="%79%75%67%75%61%6E" n2="%E3%83%88%E3%83%88%E3%83%AA%E5%85%88%E7%94%9F%31%39%E6%AD%B3" n3="%73%66%73%66" dan="20,16,18,16" rate="2149.40,2059.74,2211.71,2110.04" sx="M,M,F,M"/><TAIKYOKU oya="0"/><INIT seed="0,0,0,5,5,95" ten="250,250,250,250" oya="0" hai0="13,39,84,20,89,7,16,38,26,92,108,65,18" hai1="132,112,91,22,106,99,129,123,3,71,128,115,80" hai2="94,43,93,32,75,120,68,50,2,117,55,124,1" hai3="51,66,86,72,114,111,64,90,97,17,45,58,34"/><T14/><D108/><U10/><E71/><V76/><F32/><W135/><G72/><T35/><D65/><U30/><E30/><V42/><F68/><W70/><G34/><T0/><D0/><U5/><E123/><V60/><F60/><W63/><G114/><N who="1" m="43562" /><E22/><V47/><F124/><W101/><G135/><T104/><D104/><U37/><E37/><V126/><F126/><W87/><G111/><T19/><D19/><U57/><E132/><V28/><F28/><W8/><G66/><T33/><D33/><U88/><E57/><V96/><F94/><W102/><G70/><T48/><D7/><U81/><E81/><V113/><F117/><W116/><G116/><T98/><D84/><N who="1" m="50183" /><E91/><V53/><F120/><W73/><G90/><T69/><D69/><U62/><E62/><V121/><F121/><W56/><G56/><T36/><D48/><U130/><E130/><V52/><F113/><W21/><G73/><T23/><REACH who="0" step="1"/><D35/><REACH who="0" ten="240,250,250,250" step="2"/><U6/><E6/><V103/><F75/><W31/><G86/><T119/><D119/><U40/><E40/><V54/><F42/><N who="3" m="25015" /><G87/><T79/><D79/><U131/><E131/><V9/><F76/><W133/><G133/><T12/><AGARI ba="0,1" hai="12,13,14,16,18,20,23,26,36,38,39,89,92,98" machi="12" ten="40,12000,1" yaku="1,1,0,1,52,1,54,1,53,1" doraHai="95" doraHaiUra="85" who="0" fromWho="0" sc="240,130,250,-40,250,-40,250,-40" /><INIT seed="0,1,0,4,5,97" ten="370,210,210,210" oya="0" hai0="109,79,7,23,27,28,71,15,104,113,90,5,100" hai1="78,122,33,72,131,10,80,18,82,76,130,24,0" hai2="112,81,99,53,14,102,111,120,125,38,13,93,6" hai3="25,134,86,1,8,2,75,74,55,20,21,84,45"/><T64/><D113/><U68/><E68/><V51/><F120/><W94/><G134/><T66/><D79/><U50/><E122/><V128/><F112/><W26/><G94/><T133/><D133/><U83/><E33/><V117/><F38/><W69/><G45/><T124/><D124/><U29/><E29/><V42/><F42/><W121/><G121/><T67/><D71/><U48/><E82/><V47/><F125/><W37/><G8/><T127/><D127/><U65/><E65/><V103/><F111/><W40/><G69/><T58/><D109/><U36/><E36/><V49/><F128/><W22/><G55/><T116/><D58/><U91/><E91/><N who="2" m="55743" /><F117/><W60/><G37/><T11/><D90/><U110/><E110/><V52/><F81/><W106/><G106/><T132/><D132/><U35/><E35/><V119/><F119/><W30/><G40/><T61/><D61/><U118/><E118/><V54/><F54/><W107/><G60/><T12/><D116/><U39/><E39/><V63/><F63/><W85/><G107/><T126/><D126/><U114/><E114/><V62/><F62/><W77/><G77/><T9/><D104/><U115/><E115/><V70/><F70/><W41/><G41/><T105/><D105/><U56/><E78/><V4/><F4/><W87/><N who="3" m="21504" /><DORA hai="89" /><W96/><G75/><T16/><D5/><N who="1" m="1319" /><E83/><V44/><F6/><W59/><G74/><T34/><D34/><U92/><E130/><V123/><F123/><W88/><G1/><T31/><D31/><U129/><E129/><V135/><F135/><RYUUKYOKU ba="1,0" sc="370,15,210,-15,210,15,210,-15" hai0="7,9,11,12,15,16,23,27,28,64,66,67,100" hai2="13,14,44,47,49,51,52,53,102,103" /><INIT seed="0,2,0,0,0,26" ten="385,195,225,195" oya="0" hai0="87,124,99,56,41,80,96,115,21,66,106,129,35" hai1="68,93,81,55,0,6,88,54,78,40,122,119,24" hai2="38,76,60,121,90,5,110,108,92,51,45,13,57" hai3="75,83,31,11,48,79,94,103,65,42,39,32,46"/><T67/><D35/><U36/><E119/><V8/><F121/><W91/><G103/><T52/><D115/><U7/><E122/><V125/><F38/><W15/><G65/><T71/><D129/><U1/><E68/><V4/><F125/><W128/><G128/><T113/><D124/><U102/><E102/><V117/><F117/><W63/><G63/><T2/><D2/><U84/><E0/><V97/><F76/><W77/><G77/><T61/><D113/><U70/><E70/><V44/><F4/><W27/><G39/><T14/><D41/><U132/><E132/><V9/><F9/><W100/><G100/><T112/><D106/><U116/><E116/><V23/><F23/><W72/><G72/><T20/><D20/><U43/><E43/><V10/><F10/><W86/><G15/><T73/><D73/><U131/><E131/><V17/><F5/><W19/><G19/><N who="0" m="10487" /><D71/><U130/><E130/><V111/><REACH who="2" step="1"/><F51/><REACH who="2" ten="385,195,215,195" step="2"/><W126/><G11/><T49/><D112/><U34/><E6/><V95/><F95/><W98/><G126/><T69/><D49/><U33/><E7/><V105/><F105/><W120/><G120/><T22/><D22/><U59/><E1/><V133/><F133/><W85/><AGARI ba="2,1" hai="27,31,32,42,46,48,75,79,83,85,86,91,94,98" machi="85" ten="30,2000,0" yaku="0,1,52,1" doraHai="26" who="3" fromWho="3" sc="385,-12,195,-7,215,-7,195,36" /><INIT seed="1,0,0,0,1,101" ten="373,188,208,231" oya="1" hai0="59,94,133,93,21,102,42,48,68,135,52,35,116" hai1="57,25,119,80,95,54,122,17,117,55,9,4,37" hai2="99,91,127,1,53,27,23,89,5,2,0,103,67" hai3="51,82,118,83,79,90,66,29,130,13,92,12,33"/><U50/><E122/><V39/><F127/><W120/><G120/><T46/><D35/><U6/><E37/><V78/><F39/><W31/><G130/><T15/><D116/><U14/><E80/><V74/><F5/><W58/><G118/><T96/><D68/><U44/><E117/><V104/><F67/><W45/><G33/><T115/><D115/><U24/><E119/><V71/><F71/><W128/><G128/><T19/><REACH who="0" step="1"/><D94/><REACH who="0" ten="363,188,208,231" step="2"/><U113/><E113/><V84/><F0/><W97/><G83/><T10/><D10/><U43/><E95/><V108/><F1/><W109/><G109/><T30/><D30/><U88/><E43/><V7/><F2/><W129/><G129/><T132/><D132/><U98/><E4/><V85/><F7/><W3/><G3/><T121/><D121/><U32/><E6/><V49/><F108/><W63/><G29/><T62/><AGARI ba="0,1" hai="15,19,21,42,46,48,52,59,62,93,96,102,133,135" machi="62" ten="30,4000,0" yaku="1,1,0,1,54,1,53,0" doraHai="101" doraHaiUra="64" who="0" fromWho="0" sc="363,50,188,-20,208,-10,231,-10" /><INIT seed="2,0,0,2,2,135" ten="413,168,198,221" oya="2" hai0="115,109,59,47,39,16,103,79,36,49,21,27,121" hai1="111,62,94,78,58,66,82,114,112,8,5,72,54" hai2="107,70,1,42,61,101,15,84,81,105,52,129,43" hai3="102,63,125,56,100,90,95,132,4,31,86,23,41"/><V20/><F1/><W116/><G116/><T130/><D115/><U128/><E111/><V85/><F129/><W6/><G132/><T98/><D109/><U68/><E128/><V17/><F85/><W76/><G41/><T122/><D79/><U75/><E75/><V110/><F110/><W25/><G76/><T96/><D96/><U3/><REACH who="1" step="1"/><E94/><REACH who="1" ten="413,158,198,221" step="2"/><V37/><F105/><W124/><G125/><T24/><D130/><U13/><E13/><V97/><F37/><W126/><G124/><T117/><D117/><U57/><E57/><V51/><F70/><W73/><G126/><T118/><D118/><U123/><E123/><V65/><F65/><N who="3" m="39143" /><G73/><T77/><D59/><U71/><E71/><V45/><REACH who="2" step="1"/><F61/><AGARI ba="0,1" hai="3,5,8,54,58,61,62,66,68,72,78,82,112,114" machi="61" ten="30,3900,0" yaku="1,1,7,1,53,1" doraHai="135" doraHaiUra="60" who="1" fromWho="2" sc="413,0,158,49,198,-39,221,0" /><INIT seed="3,0,0,5,5,48" ten="413,207,159,221" oya="3" hai0="31,101,38,77,39,118,51,94,66,25,121,71,28" hai1="89,4,91,107,126,75,79,17,131,130,11,3,87" hai2="135,80,111,32,116,85,22,114,104,129,47,27,43" hai3="16,20,64,34,36,120,5,29,30,21,84,61,58"/><W15/><G36/><T128/><D121/><U93/><E126/><V88/><F114/><W90/><G120/><T57/><D28/><N who="3" m="10857" /><G34/><T133/><D118/><U6/><E6/><V102/><F116/><W76/><G76/><T74/><D128/><U1/><E1/><V106/><F32/><W134/><G134/><T95/><D95/><U62/><E107/><V69/><F129/><W127/><G127/><T9/><D9/><U70/><E17/><V46/><F69/><W19/><G5/><T0/><D0/><U37/><E37/><V115/><F115/><W60/><G60/><T45/><D77/><U55/><E79/><V24/><F111/><W35/><G35/><T7/><D74/><U40/><E75/><V96/><F106/><W63/><G63/><T56/><D7/><U52/><E130/><V92/><F135/><W117/><G117/><T132/><D39/><U10/><E131/><V123/><F123/><W12/><G90/><T54/><D38/><U68/><E89/><V100/><F43/><W14/><G84/><T124/><D124/><U99/><E87/><V105/><F105/><W82/><G82/><T103/><D133/><U73/><E73/><V125/><F125/><W97/><G97/><T67/><D71/><N who="1" m="27179" /><E40/><V98/><REACH who="2" step="1"/><F24/><AGARI ba="0,0" hai="12,14,15,16,19,20,21,24,58,61,64" m="10857" machi="24" ten="30,2900,0" yaku="8,1,54,1" doraHai="48" who="3" fromWho="2" sc="413,0,207,0,159,-29,221,29" /><INIT seed="3,1,0,4,2,75" ten="413,207,130,250" oya="3" hai0="34,48,125,0,92,105,121,63,87,32,42,72,71" hai1="130,98,117,69,52,62,47,131,2,102,35,57,43" hai2="5,99,51,55,29,33,122,91,118,89,110,56,53" hai3="96,93,50,65,101,54,31,16,119,82,59,7,74"/><W88/><G119/><T60/><D105/><U12/><E2/><V127/><F118/><W86/><G7/><T123/><D0/><U14/><E117/><V70/><F110/><W133/><G133/><T46/><D72/><U28/><E69/><V134/><F134/><W41/><G31/><T37/><D34/><U27/><E47/><V76/><F127/><W45/><G74/><T128/><D32/><U40/><E12/><V109/><F109/><W120/><G120/><T108/><D128/><N who="1" m="49195" /><E14/><V94/><F122/><W78/><G65/><T9/><D9/><U107/><AGARI ba="1,0" hai="27,28,35,40,43,52,57,62,98,102,107" m="49195" machi="107" ten="30,2000,0" yaku="19,1,54,1" doraHai="75" who="1" fromWho="1" sc="413,-6,207,23,130,-6,250,-11" /><INIT seed="4,0,0,4,5,93" ten="407,230,124,239" oya="0" hai0="130,110,12,25,84,70,113,131,129,132,24,120,118" hai1="35,88,62,108,78,86,72,133,61,32,128,29,76" hai2="15,11,26,83,104,105,55,34,111,22,59,119,64" hai3="68,60,95,82,33,123,121,17,44,74,18,135,98"/><T2/><D70/><U91/><E108/><V103/><F111/><W3/><G3/><T53/><D110/><U89/><E133/><V40/><F34/><N who="1" m="12841" /><E86/><V65/><F119/><W99/><G33/><T46/><D2/><U28/><E72/><V45/><F83/><W106/><G135/><T127/><D118/><U96/><E96/><N who="3" m="36906" /><G95/><T71/><D71/><U107/><E107/><V27/><F103/><W14/><G44/><T42/><D132/><U92/><E92/><V69/><F105/><W81/><G106/><T54/><D127/><U51/><E51/><V73/><F73/><W87/><G74/><T13/><D113/><U41/><E41/><V117/><F104/><W4/><G68/><T101/><D101/><U114/><E114/><V6/><F117/><W125/><G125/><T20/><D84/><U0/><E0/><V36/><F69/><W80/><G87/><T48/><D46/><U67/><E67/><V47/><F47/><W8/><G60/><N who="1" m="23146" /><E128/><V21/><F65/><W7/><G7/><T43/><D131/><U109/><E109/><V116/><F64/><W124/><G124/><T75/><D75/><U79/><AGARI ba="0,0" hai="28,29,76,78,79,88,89,91" m="23146,12841" machi="79" ten="40,5200,0" yaku="28,2,54,1" doraHai="93" who="1" fromWho="1" sc="407,-26,230,52,124,-13,239,-13" /><INIT seed="5,0,0,2,2,55" ten="381,282,111,226" oya="1" hai0="112,102,38,14,20,72,128,4,132,43,33,94,86" hai1="29,75,45,92,121,6,40,35,24,120,32,46,80" hai2="21,89,113,124,70,99,52,56,78,18,95,9,123" hai3="88,23,122,0,44,47,127,109,117,116,64,7,54"/><U1/><E35/><V131/><F131/><W105/><G105/><T115/><D72/><U27/><E27/><N who="2" m="14775" /><F70/><W51/><G64/><T28/><D132/><U41/><E92/><V37/><F37/><W119/><G109/><T134/><D134/><U90/><E46/><V36/><F36/><W59/><G122/><T60/><D115/><U71/><E71/><V50/><F123/><W73/><G73/><T130/><D33/><U97/><E97/><V65/><F124/><W2/><G127/><T19/><D112/><U22/><E32/><V3/><F3/><N who="3" m="1067" /><G7/><T11/><D38/><U84/><E75/><V8/><F113/><W61/><G23/><T16/><D130/><U42/><E45/><N who="3" m="17482" /><G88/><T83/><D4/><U81/><E6/><V104/><F104/><W67/><G67/><T25/><D19/><U85/><E1/><V48/><F65/><W118/><N who="3" m="29696" /><DORA hai="62" /><W30/><G30/><T91/><D128/><U66/><REACH who="1" step="1"/><E66/><REACH who="1" ten="381,272,111,226" step="2"/><V39/><F39/><W17/><G17/><T114/><D114/><U10/><E10/><N who="2" m="4203" /><F78/><AGARI ba="0,1" hai="22,24,29,40,41,42,78,80,81,84,85,90,120,121" machi="78" ten="40,2000,0" yaku="1,1,53,0" doraHai="55,62" doraHaiUra="129,126" who="1" fromWho="2" sc="381,0,272,30,111,-20,226,0" /><INIT seed="5,1,0,1,2,30" ten="381,302,91,226" oya="1" hai0="73,122,105,9,51,50,88,129,97,76,130,98,48" hai1="7,104,55,81,134,87,37,5,19,34,23,52,92" hai2="58,135,125,12,116,126,72,128,71,119,91,25,60" hai3="45,95,47,67,64,120,39,22,89,115,66,75,57"/><U114/><E104/><V59/><F72/><W17/><G75/><T54/><D122/><U132/><E37/><V35/><F91/><W124/><G120/><T41/><D41/><U13/><E114/><V121/><F12/><W44/><G115/><T36/><D36/><U93/><E34/><V8/><F8/><W56/><G39/><T38/><D38/><U6/><E93/><V107/><F107/><W29/><G29/><T90/><D54/><U14/><E92/><V46/><F121/><W108/><G124/><N who="2" m="47721" /><F25/><W11/><G11/><T109/><D109/><U101/><E101/><V79/><F79/><W68/><G68/><T61/><D61/><U77/><E14/><V49/><F35/><W127/><G108/><T33/><D33/><U111/><E111/><V27/><F27/><W31/><G31/><T43/><D43/><U100/><E100/><V82/><F82/><W21/><G127/><T42/><D42/><U123/><E123/><V26/><F26/><N who="3" m="14639" /><G22/><T78/><D9/><U113/><E113/><V70/><F128/><N who="0" m="49258" /><D73/><U112/><E112/><V62/><F70/><W32/><G32/><T133/><D105/><U1/><E1/><V85/><F71/><W117/><G117/><N who="2" m="45129" /><F85/><AGARI ba="1,0" hai="44,45,47,56,57,64,66,67,85,89,95" m="14639" machi="85" ten="30,1000,0" yaku="8,1" doraHai="30" who="3" fromWho="2" sc="381,0,302,0,91,-13,226,13" /><INIT seed="6,0,0,1,4,23" ten="381,302,78,239" oya="2" hai0="101,89,62,22,69,106,79,41,43,134,105,104,108" hai1="26,58,57,0,44,80,100,24,103,135,63,20,119" hai2="53,123,109,113,61,4,112,68,50,120,47,126,36" hai3="97,46,21,54,39,9,128,29,75,35,129,30,77"/><V76/><F76/><W7/><G97/><T125/><D108/><U73/><E119/><V88/><F4/><W111/><G111/><T37/><D79/><U1/><E44/><V91/><F109/><W12/><G35/><T60/><D69/><U14/><E14/><V52/><F126/><W115/><G115/><N who="2" m="44105" /><F91/><W10/><G77/><T116/><D101/><U45/><E73/><V82/><F82/><W130/><G75/><T78/><D37/><U16/><E80/><V33/><F33/><W64/><G39/><T65/><D89/><U72/><E72/><V48/><F36/><W70/><G7/><T127/><D78/><U121/><E0/><V27/><F27/><N who="3" m="16623" /><G12/><T28/><D116/><U99/><E1/><V40/><F88/><W92/><G130/><T95/><D125/><U71/><E103/><V133/><F133/><W96/><G129/><T131/><D134/><U107/><E135/><V6/><F6/><W59/><G128/><T2/><D2/><U42/><E26/><V38/><F38/><W49/><G96/><T87/><D127/><U132/><E132/><V85/><F85/><W124/><G124/><T32/><D87/><U84/><E84/><V31/><F31/><W3/><G30/><T74/><D74/><U55/><E100/><V18/><F18/><W5/><G3/><T122/><D32/><U118/><E99/><V86/><F86/><W11/><G5/><T19/><D131/><U66/><E118/><V98/><F98/><W117/><G117/><T13/><D28/><U83/><E83/><V67/><F40/><W17/><G17/><RYUUKYOKU ba="0,0" sc="381,-10,302,-10,78,30,239,-10" hai2="47,48,50,52,53,61,67,68,120,123" /><INIT seed="6,1,0,2,4,46" ten="371,292,108,229" oya="2" hai0="52,40,20,39,77,29,88,47,92,85,16,132,44" hai1="28,6,21,53,15,48,19,56,101,22,124,35,61" hai2="74,7,11,0,79,31,64,68,1,111,115,69,87" hai3="100,37,12,66,122,117,120,63,113,93,38,106,13"/><V83/><F115/><W129/><G113/><T67/><D132/><U73/><E73/><V3/><F111/><W86/><G117/><T119/><D119/><U131/><E131/><V94/><F64/><W112/><G112/><T134/><D134/><U50/><E35/><V121/><F121/><W80/><G129/><T126/><D126/><U30/><E124/><V71/><F94/><W108/><G106/><T133/><D29/><N who="1" m="11371" /><E101/><V23/><F87/><W135/><G135/><T27/><D77/><U114/><E114/><V109/><F109/><W62/><G108/><T41/><D67/><U58/><E6/><V82/><F23/><W76/><G93/><T51/><D133/><U98/><E98/><V17/><F17/><W34/><G100/><T78/><D78/><U72/><E72/><V118/><F118/><W125/><G125/><T110/><D110/><U10/><E58/><V25/><REACH who="2" step="1"/><F82/><REACH who="2" ten="371,292,98,229" step="2"/><W65/><G80/><T107/><D107/><U116/><E116/><V59/><F59/><W2/><G86/><T102/><D102/><U105/><E105/><V123/><F123/><W49/><G120/><T128/><D128/><U24/><E21/><V90/><F90/><W99/><G122/><T97/><D85/><U91/><E91/><V89/><F89/><W5/><G66/><T81/><D81/><U36/><E22/><V84/><F84/><W45/><G65/><T96/><D88/><U8/><E19/><V9/><F9/><W18/><G18/><T70/><D92/><U104/><E104/><V60/><F60/><W75/><G63/><T43/><D16/><RYUUKYOKU ba="1,1" sc="371,-10,292,-10,98,30,229,-10" hai2="0,1,3,7,11,25,31,68,69,71,74,79,83" /><INIT seed="6,2,1,1,2,128" ten="361,282,128,219" oya="2" hai0="6,62,119,58,112,117,4,79,45,116,19,13,101" hai1="74,108,124,75,70,55,68,48,104,53,24,85,20" hai2="60,90,114,23,8,73,56,17,126,42,120,103,93" hai3="18,26,86,14,69,98,28,59,64,30,50,131,130"/><V129/><F120/><W3/><G3/><T100/><D112/><U11/><E108/><V35/><F114/><W80/><G69/><T10/><D45/><U63/><E104/><V38/><F129/><N who="3" m="49163" /><G98/><T44/><D44/><U34/><E34/><V22/><F35/><W87/><G26/><T52/><D79/><U118/><E118/><V105/><F73/><W2/><G2/><T106/><D106/><U9/><E124/><V71/><F126/><W1/><G1/><N who="0" m="271" /><D6/><U66/><E70/><V115/><F71/><W135/><G86/><T78/><D78/><U91/><E74/><V109/><F115/><W122/><G87/><T0/><D0/><U123/><E75/><V76/><F76/><W54/><G80/><T5/><D5/><U31/><E123/><V111/><F103/><W29/><G64/><T51/><D62/><U41/><E41/><V102/><F102/><W89/><G89/><T25/><D25/><U82/><E55/><N who="2" m="33823" /><F105/><W125/><G125/><T127/><D127/><U32/><E32/><V21/><F42/><W81/><G122/><T47/><D58/><AGARI ba="2,1" hai="9,11,20,24,31,48,53,58,63,66,68,82,85,91" machi="58" ten="30,1000,0" yaku="7,1" doraHai="128" who="1" fromWho="0" sc="361,-16,282,26,128,0,219,0" /><INIT seed="7,0,0,5,3,4" ten="345,308,128,219" oya="3" hai0="134,11,39,20,42,9,125,103,40,24,123,5,100" hai1="34,129,86,33,104,15,22,116,2,105,8,44,43" hai2="92,27,16,48,65,14,70,67,28,118,71,130,37" hai3="38,49,68,85,108,41,91,102,6,57,51,12,80"/><W124/><G68/><T87/><D123/><U75/><E75/><V69/><F118/><W76/><G38/><T128/><D39/><U119/><E129/><V95/><F37/><W112/><G102/><N who="0" m="38955" /><D134/><U126/><E126/><V55/><F130/><W117/><G117/><N who="1" m="45130" /><E2/><V53/><F92/><W135/><G135/><T94/><D125/><U90/><E22/><V106/><F95/><W63/><G124/><T109/><D109/><U0/><E0/><V133/><F106/><N who="1" m="41065" /><E44/><V46/><F55/><N who="3" m="34239" /><G112/><T13/><D9/><U60/><E60/><V35/><REACH who="2" step="1"/><F133/><REACH who="2" ten="345,308,118,219" step="2"/><W74/><G108/><T127/><D127/><U66/><E43/><V131/><F131/><W99/><G41/><T62/><D128/><U107/><E107/><V54/><F54/><W73/><G73/><T79/><D62/><U111/><E111/><V120/><F120/><W122/><G74/><T77/><D42/><U132/><E132/><V114/><F114/><W64/><G122/><T115/><D40/><U7/><E66/><V58/><F58/><W113/><G64/><T47/><D115/><U17/><E7/><V31/><F31/><W98/><G113/><T32/><D32/><U81/><AGARI ba="0,1" hai="8,15,17,33,34,81,86,90" m="41065,45130" machi="81" ten="30,2000,0" yaku="12,1,52,1" doraHai="4" who="1" fromWho="1" sc="345,-5,308,30,118,-5,219,-10" owari="340,44.0,338,14.0,113,-39.0,209,-19.0" /></mjloggm>