<mjloggm ver="2.3"><GO type="169" lobby="0"/><UN n0="%E3%83%88%E3%83%88%E3%83%AA%E5%85%88%E7%94%9F%31%39%E6%AD%B3" n1="%6B%61%6E%65%67%61%6E%65" n2="%2E%44%49%56%41" n3="%E3%83%94%E3%83%A8%E3%81%A3%E3%81%99" dan="19,16,16,16" rate="2287.76,2097.95,2009.04,2094.32" sx="F,M,M,M"/><TAIKYOKU oya="0"/><INIT seed="0,0,0,2,0,0" ten="250,250,250,250" oya="0" hai0="125,113,57,20,70,114,4,96,127,83,95,63,92" hai1="27,121,62,35,56,77,117,91,49,6,24,97,64" hai2="61,94,134,79,67,124,8,2,80,37,32,118,110" hai3="9,131,48,100,36,53,59,29,82,28,15,108,135"/><T102/><D70/><U119/><E121/><V68/><F110/><W74/><G36/><T13/><D83/><U14/><E77/><V31/><F124/><N who="0" m="47690" /><D95/><U111/><E111/><V120/><F134/><W43/><G108/><T84/><D84/><U58/><E35/><V78/><F120/><W52/><G135/><T25/><D13/><U42/><E119/><V17/><F37/><W19/><G131/><T44/><D44/><N who="1" m="25751" /><E117/><V116/><F94/><W22/><G43/><T104/><D104/><U60/><E97/><V5/><F17/><W105/><G105/><T51/><D51/><U106/><E91/><V12/><F12/><W123/><G123/><T21/><D21/><U30/><E30/><V101/><F101/><W109/><G109/><T38/><D38/><U75/><E75/><N who="2" m="43103" /><F79/><W76/><G100/><T10/><D20/><U23/><E23/><V112/><F112/><W132/><G132/><T107/><D25/><AGARI ba="0,0" hai="2,5,8,25,31,32,61,67,68,116,118" m="43103" machi="25" ten="30,2000,0" yaku="23,1,52,1" doraHai="0" who="2" fromWho="0" sc="250,-20,250,0,250,20,250,0" /><INIT seed="1,0,0,4,2,12" ten="230,250,270,250" oya="1" hai0="22,6,53,1,106,24,23,88,33,59,103,0,37" hai1="28,131,34,121,56,14,4,44,8,71,26,45,112" hai2="55,85,43,118,17,54,65,10,104,99,38,120,50" hai3="73,100,108,98,30,13,97,49,31,32,21,9,122"/><U90/><E121/><V92/><F118/><W119/><G73/><T110/><D37/><U95/><E71/><V86/><F104/><W72/><G72/><T67/><D110/><U84/><E112/><V48/><F38/><W134/><G108/><T117/><D117/><U132/><E131/><V5/><F65/><W27/><G119/><T135/><D135/><U79/><E132/><V93/><F43/><W16/><G134/><T70/><D33/><U47/><E56/><V78/><F78/><W94/><G122/><T101/><D22/><U75/><E75/><V29/><F29/><W74/><G74/><T77/><D77/><U133/><E133/><V20/><F10/><W62/><G49/><N who="2" m="19049" /><F5/><W107/><G62/><T83/><D67/><U115/><E79/><V2/><F2/><W128/><G128/><T125/><D70/><U7/><REACH who="1" step="1"/><E115/><REACH who="1" ten="230,240,270,250" step="2"/><V42/><F120/><W11/><REACH who="3" step="1"/><G31/><REACH who="3" ten="230,240,270,240" step="2"/><T87/><D59/><U58/><E58/><V64/><F64/><W105/><G105/><T51/><D106/><U35/><E35/><V19/><F42/><W46/><G46/><T89/><D53/><U80/><E80/><V129/><F55/><W60/><G60/><T69/><D69/><U116/><E116/><V3/><F54/><W123/><G123/><T68/><D68/><U113/><E113/><V76/><F129/><W15/><G15/><T102/><D83/><U40/><E40/><V41/><F41/><W96/><G96/><T57/><D57/><U124/><E124/><V63/><F63/><W66/><G66/><T52/><D125/><U114/><E114/><RYUUKYOKU ba="0,2" sc="230,-15,240,15,270,-15,240,15" hai1="4,7,8,14,26,28,34,44,45,47,84,90,95" hai3="9,11,13,16,21,27,30,32,94,97,98,100,107" /><INIT seed="1,1,2,3,2,5" ten="215,255,255,255" oya="1" hai0="62,79,46,87,133,71,84,49,19,51,127,129,118" hai1="61,130,28,107,44,78,21,6,132,67,60,15,89" hai2="103,17,20,109,3,54,105,121,92,111,16,24,70" hai3="64,32,1,95,72,43,119,82,83,93,0,134,56"/><U57/><E107/><V48/><F121/><W76/><G32/><T73/><D118/><U125/><E125/><V96/><F70/><W113/><G119/><T12/><D127/><U99/><E78/><V120/><F120/><W81/><G113/><T38/><D129/><U13/><E130/><V115/><F3/><W65/><G134/><T30/><D133/><U47/><E132/><V102/><F115/><W114/><G114/><T97/><D38/><U128/><E128/><V59/><F103/><W7/><G0/><T135/><D135/><U45/><E61/><V117/><F117/><W86/><G65/><T14/><D30/><U122/><E122/><V85/><F17/><W23/><G43/><T106/><D73/><U69/><E69/><V116/><F116/><W126/><G126/><T68/><D14/><U33/><E33/><V4/><F4/><W39/><G39/><T53/><D79/><U11/><E15/><V94/><REACH who="2" step="1"/><F85/><REACH who="2" ten="215,255,245,255" step="2"/><W37/><G1/><T52/><D84/><U131/><E131/><V26/><F26/><W91/><G7/><T41/><D87/><U108/><E108/><AGARI ba="1,3" hai="16,20,24,48,54,59,92,94,96,102,105,108,109,111" machi="108" ten="40,5200,0" yaku="1,1,14,1,54,1,53,0" doraHai="5" doraHaiUra="75" who="2" fromWho="1" sc="215,0,255,-55,245,85,255,0" /><INIT seed="2,0,0,3,0,110" ten="215,200,330,255" oya="2" hai0="47,117,89,135,48,60,70,44,50,111,46,96,52" hai1="116,125,95,40,94,78,1,75,130,63,38,88,9" hai2="124,5,56,113,87,127,68,83,17,104,21,123,61" hai3="73,101,106,54,85,84,7,93,19,108,33,71,72"/><V92/><F104/><W119/><G33/><T20/><D111/><U114/><E116/><V64/><F123/><W86/><G71/><T132/><D117/><U13/><E63/><V26/><F5/><W25/><G119/><T82/><D20/><U129/><E125/><N who="2" m="48203" /><F92/><N who="1" m="35369" /><E1/><V122/><F122/><W134/><G108/><T100/><D89/><U11/><E88/><N who="2" m="51327" /><F68/><W69/><G69/><T10/><D82/><U36/><E78/><V102/><F102/><W41/><G106/><T58/><D10/><N who="1" m="3595" /><E13/><V99/><F99/><W3/><G7/><T107/><REACH who="0" step="1"/><D70/><REACH who="0" ten="205,200,330,255" step="2"/><U118/><E118/><V49/><F49/><AGARI ba="0,1" hai="44,46,47,48,49,50,52,58,60,96,100,107,132,135" machi="49" ten="40,5200,0" yaku="1,1,2,1,54,1,53,0" doraHai="110" doraHaiUra="14" who="0" fromWho="2" sc="205,62,200,0,330,-52,255,0" /><INIT seed="3,0,0,1,4,107" ten="267,200,278,255" oya="3" hai0="123,23,129,96,22,101,132,16,10,17,112,13,76" hai1="78,11,73,18,42,83,46,14,72,39,88,68,135" hai2="19,21,64,40,57,116,49,30,85,27,93,62,63" hai3="79,29,28,81,119,124,127,117,74,121,99,48,134"/><W66/><G121/><T77/><D123/><U80/><E68/><V69/><F116/><N who="3" m="44619" /><G134/><T100/><D132/><U122/><E135/><V95/><F85/><W5/><G66/><T53/><D129/><U111/><E122/><V4/><F4/><W130/><G130/><T36/><D36/><U102/><E111/><V84/><F84/><W58/><G5/><T34/><D34/><U103/><REACH who="1" step="1"/><E88/><REACH who="1" ten="267,190,278,255" step="2"/><V43/><F69/><W20/><G99/><T32/><D96/><U89/><E89/><V38/><F38/><W106/><G124/><T59/><D112/><U51/><E51/><V1/><F49/><W94/><G48/><N who="0" m="31143" /><D32/><U9/><E9/><V90/><F90/><W70/><G70/><T24/><D10/><U82/><E82/><V118/><F118/><W110/><G81/><T91/><D91/><U45/><E45/><V56/><F56/><W109/><G58/><T131/><D131/><U104/><E104/><V133/><F57/><W65/><G106/><T33/><D33/><U125/><E125/><V54/><F133/><W97/><G127/><T128/><D128/><U114/><E114/><V12/><F62/><W61/><G61/><T2/><D2/><U6/><E6/><V87/><F1/><W71/><G71/><T113/><D113/><U126/><E126/><V98/><F98/><W75/><G97/><T50/><D50/><U120/><E120/><V55/><F95/><W47/><G94/><T15/><D101/><U86/><E86/><V67/><F87/><W37/><G109/><T3/><D3/><U92/><E92/><V52/><F93/><RYUUKYOKU ba="0,1" sc="267,-10,190,30,278,-10,255,-10" hai1="11,14,18,39,42,46,72,73,78,80,83,102,103" /><INIT seed="4,1,1,2,0,133" ten="257,220,268,245" oya="0" hai0="73,16,126,27,71,7,23,50,81,61,30,96,18" hai1="91,26,45,100,49,85,94,131,129,121,135,48,10" hai2="4,98,92,59,84,43,29,80,15,88,53,38,134" hai3="41,104,118,132,123,21,40,32,35,122,34,0,13"/><T5/><D126/><U89/><E121/><N who="3" m="46090" /><G0/><T103/><D73/><U2/><E135/><V36/><F134/><W44/><G132/><T115/><D115/><U108/><E108/><V3/><F3/><W120/><N who="3" m="46098" /><W99/><DORA hai="114" /><G118/><T65/><D81/><U12/><E2/><V90/><F29/><W74/><G74/><T130/><D130/><U76/><E76/><V105/><F105/><W55/><G104/><T101/><D50/><U117/><E100/><V127/><F127/><W51/><G99/><T6/><REACH who="0" step="1"/><D101/><REACH who="0" ten="247,220,268,245" step="2"/><U69/><E49/><V125/><F125/><W68/><G68/><T95/><AGARI ba="1,2" hai="5,6,7,16,18,23,27,30,61,65,71,95,96,103" machi="95" ten="30,18000,2" yaku="1,1,2,1,0,1,54,1,53,2" doraHai="133,114" doraHaiUra="93,58" who="0" fromWho="0" sc="247,203,220,-61,268,-61,245,-61" /><INIT seed="4,2,0,0,5,95" ten="450,159,207,184" oya="0" hai0="52,3,42,29,99,98,96,78,79,101,86,85,10" hai1="124,122,4,61,107,64,20,17,57,104,120,24,82" hai2="71,36,37,33,116,103,41,92,110,27,115,48,112" hai3="74,105,130,25,117,128,58,55,118,100,8,108,9"/><T31/><D42/><U93/><E124/><V114/><F110/><W94/><G105/><T109/><D109/><U129/><E129/><N who="3" m="49770" /><G74/><T121/><D121/><U32/><E104/><V21/><F33/><W127/><G108/><T97/><D3/><U68/><E107/><V106/><F71/><W22/><G127/><T72/><D99/><U65/><E4/><V14/><F14/><W53/><G100/><T2/><D101/><U91/><E82/><V125/><F106/><W81/><G81/><N who="0" m="47295" /><D2/><U62/><REACH who="1" step="1"/><E32/><REACH who="1" ten="450,149,207,184" step="2"/><V89/><F125/><W75/><G75/><T119/><D72/><U13/><E13/><V1/><F1/><W60/><G94/><T123/><D123/><U5/><E5/><V18/><F112/><W73/><G73/><T38/><D119/><N who="3" m="45577" /><G53/><T40/><D52/><U70/><E70/><V102/><F116/><W113/><G113/><T39/><D40/><U132/><E132/><V23/><F41/><W131/><G131/><T88/><D78/><U44/><E44/><V45/><F45/><W35/><G35/><T77/><D77/><U83/><E83/><V63/><F114/><W69/><G69/><T43/><D43/><U28/><E28/><AGARI ba="2,1" hai="8,9,22,25,28,55,58,60" m="45577,49770" machi="28" ten="30,1000,0" yaku="19,1" doraHai="95" who="3" fromWho="1" sc="450,0,149,-16,207,0,184,26" /><INIT seed="5,0,0,4,1,94" ten="450,133,207,210" oya="1" hai0="59,101,103,93,85,23,128,105,84,57,11,35,73" hai1="5,134,80,122,30,113,121,47,102,90,62,82,131" hai2="42,27,1,108,18,110,43,133,8,15,20,78,109" hai3="24,7,130,104,115,114,50,4,86,100,55,61,92"/><U71/><E113/><N who="3" m="43018" /><G130/><T44/><D35/><U33/><E131/><V53/><F53/><W66/><G104/><T58/><D73/><U49/><E134/><V116/><F78/><W99/><G24/><T77/><D105/><U9/><E102/><V124/><F43/><W19/><G19/><T112/><D112/><U29/><E80/><V63/><F63/><W6/><G86/><T111/><D111/><U65/><E33/><V74/><F74/><W41/><G41/><T125/><D125/><U129/><E129/><V126/><F42/><W106/><G106/><T48/><D128/><U88/><E90/><V75/><F116/><W25/><G25/><T118/><D118/><U13/><E122/><V67/><F67/><W37/><G37/><T89/><D11/><U97/><E121/><V135/><F1/><W26/><G26/><T96/><D23/><U46/><E46/><V70/><F70/><N who="3" m="42319" /><G7/><T10/><D10/><U32/><E32/><V87/><F87/><N who="0" m="33354" /><D77/><U17/><E5/><N who="2" m="3471" /><F75/><W31/><G31/><T0/><D0/><U119/><E119/><V120/><F120/><W107/><G107/><T60/><D60/><U123/><E123/><V91/><F91/><W28/><G28/><T64/><D64/><U72/><E72/><V39/><F39/><W98/><G6/><T45/><D48/><U3/><E3/><V16/><F18/><W79/><G4/><T21/><D89/><U2/><E2/><V95/><F95/><W81/><G79/><T132/><D132/><AGARI ba="0,0" hai="16,20,27,108,109,110,124,126,132,133,135" m="3471" machi="132" ten="40,8000,1" yaku="20,1,34,2,54,1" doraHai="94" who="2" fromWho="0" sc="450,-80,133,0,207,80,210,0" /><INIT seed="6,0,0,1,5,132" ten="370,133,287,210" oya="2" hai0="1,105,83,8,127,98,16,72,60,75,11,67,114" hai1="10,24,33,113,45,22,68,26,120,108,7,134,81" hai2="34,27,106,76,5,23,54,79,116,14,31,56,71" hai3="29,86,42,37,101,2,0,17,112,58,95,50,129"/><V99/><F71/><W88/><G37/><T73/><D127/><U77/><E68/><V117/><F106/><W43/><G129/><T102/><D114/><U130/><E108/><V85/><F99/><W82/><G112/><T119/><D119/><U100/><E113/><V19/><F76/><W62/><G29/><T52/><D1/><U107/><E130/><V80/><REACH who="2" step="1"/><F5/><REACH who="2" ten="370,133,277,210" step="2"/><W48/><G101/><T39/><D98/><U125/><E107/><V28/><F28/><W38/><G17/><T84/><D102/><U78/><E100/><V21/><F21/><W123/><G123/><T109/><D105/><U25/><E120/><V3/><F3/><W133/><G0/><T110/><D16/><U90/><E22/><V63/><AGARI ba="0,1" hai="14,19,23,27,31,34,54,56,63,79,80,85,116,117" machi="63" ten="20,7800,0" yaku="1,1,0,1,7,1,53,1" doraHai="132" doraHaiUra="15" who="2" fromWho="2" sc="370,-26,133,-26,277,88,210,-26" /><INIT seed="6,1,0,3,2,59" ten="344,107,365,184" oya="2" hai0="3,25,135,10,47,67,129,16,110,1,23,30,62" hai1="80,71,41,81,100,126,9,109,53,44,64,127,0" hai2="39,121,128,101,122,20,90,131,96,117,115,74,22" hai3="125,99,52,31,134,55,24,46,54,32,57,102,61"/><V88/><F39/><W94/><G125/><T19/><D110/><U13/><E0/><V98/><F115/><W86/><G134/><T2/><D135/><U133/><E133/><V119/><F101/><W15/><G15/><T4/><D129/><U95/><E109/><V77/><F77/><W27/><G27/><T120/><D47/><U35/><E35/><V50/><F50/><W36/><REACH who="3" step="1"/><G86/><REACH who="3" ten="344,107,365,174" step="2"/><T91/><D120/><U42/><E127/><V97/><F98/><W118/><G118/><T51/><D51/><N who="1" m="28903" /><E126/><V40/><F40/><AGARI ba="1,1" hai="24,31,32,36,40,46,52,54,55,57,61,94,99,102" machi="40" ten="40,8000,1" yaku="1,1,52,1,54,1,53,1" doraHai="59" doraHaiUra="89" who="3" fromWho="2" sc="344,0,107,0,365,-83,174,93" /><INIT seed="7,0,0,0,4,69" ten="344,107,282,267" oya="3" hai0="22,16,113,49,4,19,41,78,48,77,2,124,129" hai1="42,25,23,1,59,75,107,91,131,92,39,99,11" hai2="31,52,121,9,13,21,33,17,116,63,125,127,7" hai3="14,101,126,109,102,95,133,93,68,108,60,123,40"/><W34/><G34/><T26/><D129/><U81/><E131/><V76/><F76/><N who="0" m="29290" /><D2/><U62/><E107/><V54/><F63/><W71/><G123/><T110/><D110/><N who="3" m="42601" /><G126/><N who="2" m="48137" /><F54/><W134/><G40/><T87/><D113/><U36/><E42/><V56/><F52/><W84/><G14/><T37/><D37/><U83/><E75/><V130/><F56/><W12/><G12/><T90/><D124/><U79/><E79/><V27/><F116/><W20/><G20/><N who="0" m="13575" /><D4/><U86/><E11/><V44/><F44/><W80/><G60/><T43/><D43/><U38/><E1/><N who="2" m="239" /><F130/><W114/><G114/><T118/><D118/><U51/><E51/><V32/><F33/><W50/><G50/><T74/><D74/><U120/><E120/><AGARI ba="0,0" hai="13,17,21,27,31,32,120,121" m="239,48137" machi="120" ten="30,7700,0" yaku="24,1,18,1,34,2" doraHai="69" who="2" fromWho="1" sc="344,0,107,-77,282,77,267,0" owari="344,14.0,30,-47.0,359,46.0,267,-13.0" /></mjloggm>