<mjloggm ver="2.3"><GO type="169" lobby="0"/><UN n0="%E7%89%9B%E9%A6%AC" n1="%E5%B0%B1%E6%B4%BB%E7%94%9F%40%E5%B7%9D%E6%9D%91%E8%BB%8D%E5%9B%A3" n2="%43%69%6E%65%63%75%73%73" n3="%67%75%73%68" dan="16,17,17,16" rate="2130.33,2134.38,2133.68,2080.03" sx="M,M,M,M"/><TAIKYOKU oya="0"/><INIT seed="0,0,0,3,4,42" ten="250,250,250,250" oya="0" hai0="19,39,94,110,108,17,69,15,87,35,3,49,53" hai1="61,56,48,14,20,75,2,89,113,127,70,51,43" hai2="111,25,38,29,59,31,100,76,117,85,125,50,99" hai3="112,47,92,132,130,119,24,79,4,64,80,95,121"/><T122/><D122/><U104/><E2/><V84/><F38/><W66/><G119/><T107/><D107/><U60/><E127/><V101/><F117/><W65/><G112/><T40/><D69/><U18/><E113/><V52/><F125/><W102/><G121/><T72/><D72/><U118/><E118/><V21/><F111/><N who="0" m="42538" /><D35/><U74/><E104/><V93/><F76/><W115/><G115/><T28/><D28/><N who="2" m="10826" /><F101/><W123/><G123/><T58/><D3/><U131/><E131/><V81/><F81/><W44/><G130/><T0/><D0/><U46/><E89/><V116/><F116/><W88/><G24/><T36/><D17/><AGARI ba="0,0" hai="17,21,25,50,52,59,84,85,93,99,100" m="10826" machi="17" ten="30,2000,0" yaku="8,1,54,1" doraHai="42" who="2" fromWho="0" sc="250,-20,250,0,250,20,250,0" /><INIT seed="1,0,0,4,5,51" ten="230,250,270,250" oya="1" hai0="70,82,37,109,127,52,71,64,80,13,103,128,58" hai1="57,78,43,77,114,39,133,4,15,19,68,26,1" hai2="59,111,74,38,102,17,108,126,67,33,95,29,24" hai3="14,123,53,20,125,61,72,44,89,75,47,85,12"/><U7/><E114/><V91/><F38/><W5/><G123/><T121/><D121/><U119/><E68/><V27/><F74/><W32/><G32/><T107/><D109/><N who="2" m="42058" /><F126/><W99/><G125/><T46/><D127/><U56/><E119/><V73/><F73/><W124/><G99/><T42/><D128/><U110/><E110/><V34/><F102/><W8/><G124/><T130/><D130/><U11/><E133/><V22/><F34/><W98/><G98/><T60/><D107/><U6/><E1/><V18/><F18/><N who="3" m="10311" /><G72/><T23/><D103/><U55/><E26/><V106/><F106/><W105/><G75/><T3/><D3/><U88/><E57/><V90/><F95/><N who="3" m="54703" /><G105/><T81/><REACH who="0" step="1"/><D64/><REACH who="0" ten="220,250,270,250" step="2"/><U118/><E118/><V87/><F87/><W132/><G132/><T100/><D100/><U54/><E77/><V134/><F134/><W10/><G10/><T96/><D96/><U113/><E78/><V2/><F2/><W30/><G30/><T0/><D0/><U122/><E122/><V93/><F93/><W101/><G101/><T117/><D117/><U83/><E113/><V63/><AGARI ba="0,1" hai="17,22,24,27,29,33,59,63,67,90,91" m="42058" machi="63" ten="30,1100,0" yaku="14,1" doraHai="51" who="2" fromWho="2" sc="220,-3,250,-5,270,21,250,-3" /><INIT seed="2,0,0,5,0,88" ten="217,245,291,247" oya="2" hai0="9,83,91,43,106,78,62,50,114,102,84,6,80" hai1="18,124,113,2,135,26,75,49,37,53,51,21,96" hai2="109,95,115,47,69,5,77,4,86,118,8,92,87" hai3="132,25,71,45,22,64,104,34,81,16,7,111,110"/><V41/><F118/><W10/><G132/><T134/><D134/><U28/><E135/><V99/><F115/><W32/><G104/><T107/><D114/><U120/><E113/><V76/><F69/><W117/><G117/><T108/><D108/><N who="3" m="41513" /><G45/><T61/><D106/><U93/><E37/><V125/><F109/><W14/><G81/><T56/><D107/><U46/><E75/><V131/><F131/><W39/><G39/><T98/><D102/><U119/><E119/><V123/><F125/><W59/><G71/><T67/><D62/><AGARI ba="0,0" hai="7,10,14,16,22,25,32,34,59,62,64" m="41513" machi="62" ten="30,2000,0" yaku="14,1,54,1" doraHai="88" who="3" fromWho="0" sc="217,-20,245,0,291,0,247,20" /><INIT seed="3,0,0,1,0,3" ten="197,245,291,267" oya="3" hai0="118,86,36,53,39,95,27,98,15,103,38,58,93" hai1="31,80,135,68,101,24,102,115,7,6,130,114,60" hai2="129,113,52,33,22,59,8,79,119,99,12,78,100" hai3="87,74,32,20,55,91,25,106,9,35,89,16,40"/><W96/><G74/><T10/><D118/><U105/><E130/><V77/><F33/><W131/><G131/><T111/><D111/><U92/><E135/><V2/><F113/><W125/><G125/><T127/><D27/><U82/><E92/><N who="2" m="58471" /><F2/><W123/><G123/><T49/><D127/><U50/><E50/><N who="2" m="31127" /><F119/><W44/><G55/><T72/><D72/><U122/><E122/><V67/><F129/><W109/><G109/><T29/><D29/><U97/><E102/><V41/><F67/><W66/><G66/><T43/><D86/><U117/><E117/><V81/><F22/><W54/><G54/><T48/><D48/><U133/><E133/><V83/><F41/><W73/><G73/><T76/><D76/><U120/><E120/><V62/><F62/><W0/><G35/><T56/><D56/><U14/><E14/><V128/><F128/><W90/><G32/><T108/><D108/><U19/><E60/><V26/><F26/><W107/><G107/><T17/><REACH who="0" step="1"/><D95/><REACH who="0" ten="187,245,291,267" step="2"/><U132/><E132/><V57/><F57/><W124/><G124/><T94/><D94/><U116/><E116/><V11/><F11/><W47/><G106/><T28/><D28/><U13/><E31/><V1/><F1/><W88/><G96/><T5/><D5/><AGARI ba="0,1" hai="5,8,12,77,78,79,81,83" m="31127,58471" machi="5" ten="30,3900,0" yaku="8,1,52,1,54,1" doraHai="3" who="2" fromWho="0" sc="187,-39,245,0,291,49,267,0" /><INIT seed="4,0,0,3,5,120" ten="148,245,340,267" oya="0" hai0="94,102,84,129,28,104,26,7,91,32,66,130,14" hai1="52,118,27,29,77,55,92,100,79,71,128,101,70" hai2="112,48,35,6,133,23,33,57,22,12,125,10,36" hai3="17,51,56,50,2,16,68,86,30,126,89,46,106"/><T11/><REACH who="0" step="1"/><D66/><REACH who="0" ten="138,245,340,267" step="2"/><U42/><E118/><V121/><F121/><W114/><G114/><T107/><D107/><U109/><E128/><V34/><F112/><W98/><G106/><T87/><D87/><U39/><E109/><V47/><F133/><W61/><G86/><T105/><D105/><U24/><E92/><V80/><F125/><W90/><G126/><T96/><AGARI ba="0,1" hai="7,11,14,26,28,32,84,91,94,96,102,104,129,130" machi="96" ten="30,6000,0" yaku="21,2,0,1,53,0" doraHai="120" doraHaiUra="45" who="0" fromWho="0" sc="138,70,245,-20,340,-20,267,-20" /><INIT seed="4,1,0,4,4,87" ten="208,225,320,247" oya="0" hai0="27,92,132,48,10,79,68,63,82,124,121,123,58" hai1="55,23,59,33,40,76,20,104,61,84,29,117,64" hai2="88,111,81,51,25,75,28,45,122,134,114,2,6" hai3="125,34,118,24,66,62,115,56,8,1,103,95,102"/><T80/><D124/><U77/><E117/><V35/><F122/><W72/><G118/><T120/><D132/><U73/><E104/><V128/><F134/><W9/><G125/><T112/><D112/><U13/><E73/><V31/><F111/><W52/><G115/><T89/><D68/><U133/><E133/><V26/><F114/><W21/><G72/><T101/><D101/><U49/><E40/><V16/><F128/><W100/><G34/><T116/><D116/><U46/><E33/><V18/><F6/><W97/><G66/><T5/><D48/><U60/><E60/><V127/><F2/><W37/><G37/><T54/><D27/><N who="2" m="10250" /><F75/><W119/><G119/><T110/><D110/><U67/><E67/><V113/><F113/><W70/><G70/><T65/><D79/><U42/><E29/><N who="2" m="11339" /><F35/><W7/><G9/><T90/><D65/><U3/><E3/><V91/><F127/><W71/><G71/><T98/><REACH who="0" step="1"/><D90/><REACH who="0" ten="198,225,320,247" step="2"/><N who="2" m="34346" /><F81/><W32/><G32/><T85/><D85/><U12/><E84/><V53/><AGARI ba="1,1" hai="16,18,45,51,53" m="34346,11339,10250" machi="53" ten="30,12000,2" yaku="8,1,52,3,54,2" doraHai="87" who="2" fromWho="2" sc="198,-61,225,-31,320,133,247,-31" /><INIT seed="5,0,0,2,1,125" ten="137,194,453,216" oya="1" hai0="83,10,93,122,6,3,81,126,51,110,47,22,61" hai1="123,69,124,76,48,128,115,23,105,90,62,98,116" hai2="97,114,99,95,37,13,100,129,49,25,111,60,4" hai3="85,46,26,9,118,15,70,106,2,133,135,50,32"/><U53/><E116/><V82/><F37/><W66/><G106/><T59/><D126/><U103/><E123/><V39/><F39/><W38/><G38/><T43/><D122/><U130/><E124/><V75/><F111/><W58/><G2/><T89/><D110/><U29/><E115/><V16/><F114/><W8/><G118/><T34/><D34/><U36/><E36/><V45/><F4/><W64/><G70/><T74/><D74/><U52/><E76/><V24/><F129/><N who="1" m="49769" /><E90/><V92/><F82/><W72/><G72/><T104/><D104/><U71/><E62/><V68/><F60/><W19/><G85/><T7/><D22/><U0/><E0/><V108/><F75/><W101/><G8/><T94/><D94/><U127/><E127/><V21/><F108/><W67/><G101/><T1/><D1/><U57/><E53/><N who="2" m="29871" /><F68/><W131/><G131/><T41/><D41/><U86/><E86/><V27/><F100/><W117/><G117/><T63/><D63/><U120/><E120/><V55/><F55/><W77/><G77/><T5/><D10/><U11/><E11/><V91/><F91/><W107/><G67/><N who="0" m="39359" /><D3/><U14/><E14/><V84/><F84/><AGARI ba="0,0" hai="5,6,7,43,47,51,81,83,84,89,93" m="39359" machi="84" ten="30,1000,0" yaku="8,1" doraHai="125" who="0" fromWho="2" sc="137,10,194,0,453,-10,216,0" /><INIT seed="6,0,0,5,2,6" ten="147,194,443,216" oya="2" hai0="123,131,114,108,5,28,103,68,30,25,75,100,72" hai1="113,83,47,14,36,117,125,0,41,88,118,21,74" hai2="85,23,49,19,80,91,8,126,61,63,109,122,35" hai3="73,1,24,51,89,110,81,119,9,32,106,104,18"/><V17/><F35/><W42/><G119/><T134/><D123/><U4/><E113/><V77/><F109/><W13/><G110/><T124/><D114/><U7/><E125/><V31/><F31/><W115/><G115/><T10/><D68/><U44/><E44/><V59/><F126/><W67/><G67/><T66/><D124/><U11/><E7/><V20/><F122/><W64/><G64/><T45/><D66/><U112/><E112/><V76/><F49/><W55/><G42/><T132/><D131/><U46/><E46/><V53/><F63/><W22/><G1/><T102/><D45/><U27/><E14/><N who="2" m="7367" /><F20/><W130/><G32/><T79/><D108/><U29/><REACH who="1" step="1"/><E88/><REACH who="1" ten="147,184,443,216" step="2"/><V48/><F61/><W43/><G130/><T111/><D111/><U40/><E40/><V3/><F3/><W39/><G43/><T135/><D79/><AGARI ba="0,1" hai="0,4,11,21,27,29,36,41,47,74,79,83,117,118" machi="79" ten="40,8000,1" yaku="1,1,25,2,52,1,53,0" doraHai="6" doraHaiUra="87" who="1" fromWho="0" sc="147,-80,184,90,443,0,216,0" /><INIT seed="7,0,0,0,0,8" ten="67,274,443,216" oya="3" hai0="123,31,113,44,16,101,84,7,128,116,26,3,13" hai1="5,134,108,114,104,48,54,132,4,93,60,129,99" hai2="50,0,42,89,36,56,2,120,14,53,29,35,23" hai3="122,41,96,82,28,95,15,21,119,59,63,110,126"/><W133/><G122/><T81/><D123/><U100/><E108/><V74/><F74/><W24/><G119/><T61/><D116/><U65/><E114/><V86/><F120/><W112/><G112/><T106/><D113/><U70/><E129/><V97/><F35/><W52/><G110/><T118/><D118/><U39/><E39/><V109/><F97/><W68/><G133/><N who="1" m="51306" /><E104/><V58/><F58/><AGARI ba="0,0" hai="4,5,48,54,58,60,65,70,93,99,100" m="51306" machi="58" ten="30,1000,0" yaku="20,1" doraHai="8" who="1" fromWho="2" sc="67,0,274,10,443,-10,216,0" owari="67,-43.0,284,8.0,433,53.0,216,-18.0" /></mjloggm>