<mjloggm ver="2.3"><GO type="169" lobby="0"/><UN n0="%E3%82%A8%E3%83%83%E3%83%95%E3%82%A7%E3%83%AB%E5%A1%94" n1="%41%79%65%73%68%61" n2="%E3%82%A6%E3%83%AB%E3%83%88%E3%83%A9%E7%AB%8B%E7%9B%B4" n3="%E5%BF%83%E6%BB%85" dan="16,16,18,16" rate="2119.23,2155.64,2200.10,2153.39" sx="M,M,M,M"/><TAIKYOKU oya="0"/><INIT seed="0,0,0,5,4,34" ten="250,250,250,250" oya="0" hai0="57,25,86,7,41,124,77,42,48,46,28,131,94" hai1="79,75,82,8,43,116,49,12,88,11,23,89,59" hai2="62,126,33,99,134,128,132,35,96,3,13,16,2" hai3="15,24,51,54,4,17,84,71,72,32,0,68,102"/><T127/><D131/><U120/><E116/><V61/><F128/><W83/><G72/><T73/><D73/><U76/><E120/><V60/><F126/><N who="0" m="48170" /><D7/><U19/><E79/><V110/><F110/><W39/><G39/><T98/><D57/><U130/><E130/><V104/><F104/><W10/><G102/><N who="0" m="60759" /><D86/><U106/><E106/><V21/><F99/><W9/><G24/><T69/><D77/><U20/><E11/><V58/><F58/><W112/><G32/><N who="2" m="12361" /><F96/><W56/><REACH who="3" step="1"/><G112/><REACH who="3" ten="250,250,250,240" step="2"/><T67/><D69/><U101/><E75/><V14/><F62/><W91/><AGARI ba="0,1" hai="0,4,9,10,15,17,51,54,56,68,71,83,84,91" machi="91" ten="20,8000,1" yaku="1,1,2,1,0,1,7,1,52,1,53,0" doraHai="34" doraHaiUra="92" who="3" fromWho="3" sc="250,-40,250,-20,250,-20,240,90" /><INIT seed="1,0,0,3,4,114" ten="210,230,230,330" oya="1" hai0="4,132,122,78,89,83,112,127,99,64,43,49,53" hai1="65,126,124,15,40,14,129,48,135,118,108,52,98" hai2="81,3,100,128,54,116,16,76,10,9,30,62,93" hai3="66,63,70,82,1,86,72,24,12,2,85,22,102"/><U60/><E118/><V106/><F30/><W41/><G72/><T125/><D112/><U31/><E31/><V46/><F128/><W13/><G41/><T77/><D64/><U84/><E129/><V56/><F106/><W25/><G102/><T90/><D43/><U61/><E40/><V0/><F46/><W21/><G82/><T69/><D4/><U97/><E84/><V47/><F47/><W58/><G58/><T134/><D69/><U103/><E108/><V20/><F116/><W55/><G55/><T131/><D131/><U23/><E135/><N who="0" m="51753" /><D53/><U37/><E37/><V5/><F93/><W67/><REACH who="3" step="1"/><G63/><REACH who="3" ten="210,230,230,320" step="2"/><T71/><D71/><AGARI ba="0,1" hai="1,2,12,13,21,22,24,25,66,67,70,71,85,86" machi="71" ten="25,6400,0" yaku="1,1,2,1,22,2,53,0" doraHai="114" doraHaiUra="51" who="3" fromWho="0" sc="210,-64,230,0,230,0,320,74" /><INIT seed="2,0,0,4,2,67" ten="146,230,230,394" oya="2" hai0="110,73,2,16,125,81,98,45,22,50,47,8,105" hai1="95,76,4,27,88,65,87,123,39,91,23,113,103" hai2="126,15,13,7,17,63,12,128,36,64,90,80,66" hai3="109,89,108,127,38,46,6,10,53,133,55,56,52"/><V62/><F36/><W96/><G89/><T119/><D47/><U37/><E123/><V85/><F126/><W32/><G96/><T102/><D125/><U130/><E130/><V18/><F7/><W51/><G32/><T116/><D110/><N who="3" m="42601" /><G127/><T61/><D61/><U134/><E134/><V69/><REACH who="2" step="1"/><F128/><REACH who="2" ten="146,230,220,394" step="2"/><W54/><G133/><T44/><D119/><U74/><E4/><V82/><F82/><W83/><G83/><T3/><D116/><U111/><E111/><V21/><F21/><W97/><G38/><T29/><D81/><U78/><E113/><V31/><F31/><W124/><G124/><T48/><D29/><U19/><E39/><V24/><F24/><W40/><G6/><T92/><D22/><U68/><E37/><V71/><AGARI ba="0,1" hai="12,13,15,17,18,62,63,64,66,69,71,80,85,90" machi="71" ten="30,12000,1" yaku="1,1,0,1,9,1,52,2,53,0" doraHai="67" doraHaiUra="122" who="2" fromWho="2" sc="146,-40,230,-40,220,130,394,-40" /><INIT seed="2,1,0,5,5,100" ten="106,190,350,354" oya="2" hai0="94,80,89,132,124,105,9,116,10,35,125,83,42" hai1="110,44,31,109,79,85,22,46,61,117,45,5,0" hai2="130,78,108,49,92,112,101,29,24,36,50,57,14" hai3="69,54,56,98,18,129,119,75,104,34,91,64,47"/><V7/><F36/><W73/><G119/><T25/><D42/><U2/><E117/><V74/><F112/><W68/><G47/><T26/><D116/><U128/><E128/><V71/><F71/><W86/><G129/><T60/><D60/><U12/><E61/><V65/><F130/><W77/><G34/><T97/><D132/><U72/><E72/><V52/><F65/><W84/><G18/><T115/><D115/><U30/><E79/><V38/><F38/><W106/><G98/><T123/><D123/><U99/><E85/><V122/><F122/><W48/><G64/><T15/><D35/><U59/><E59/><V127/><F127/><W20/><G20/><T51/><D51/><U8/><E99/><N who="2" m="59623" /><F108/><N who="1" m="41577" /><E22/><N who="2" m="15511" /><F74/><W1/><G1/><AGARI ba="1,0" hai="0,1,2,5,8,12,30,31,44,45,46" m="41577" machi="1" ten="40,1300,0" yaku="14,1" doraHai="100" who="1" fromWho="3" sc="106,0,190,16,350,0,354,-16" /><INIT seed="3,0,0,1,1,116" ten="106,206,350,338" oya="3" hai0="21,48,122,100,6,81,64,50,128,69,44,133,19" hai1="117,94,124,68,58,32,60,57,39,49,42,38,10" hai2="47,52,40,71,118,5,63,1,83,121,28,23,108" hai3="34,129,87,89,110,30,45,78,22,102,51,15,112"/><W76/><G112/><T24/><D128/><U62/><E32/><V107/><F107/><W53/><G129/><T115/><D133/><U70/><E10/><V14/><F1/><W109/><G102/><T134/><D134/><U9/><E9/><V46/><F108/><N who="3" m="41579" /><G34/><T96/><D115/><U31/><E31/><V91/><F71/><N who="1" m="27177" /><E94/><V13/><F118/><W41/><G41/><T95/><D6/><U4/><E4/><V77/><F40/><W105/><G105/><T65/><D69/><U86/><E86/><V17/><F28/><W27/><G15/><T104/><D104/><U61/><E117/><V125/><F14/><W8/><G8/><T20/><D81/><AGARI ba="0,0" hai="22,27,30,45,51,53,76,78,81,87,89" m="41579" machi="81" ten="30,2900,0" yaku="14,1,10,1" doraHai="116" who="3" fromWho="0" sc="106,-29,206,0,350,0,338,29" /><INIT seed="3,1,0,1,5,96" ten="77,206,350,367" oya="3" hai0="3,122,97,38,118,76,87,79,126,67,129,27,134" hai1="61,28,26,104,110,100,92,89,101,31,57,40,128" hai2="65,81,45,99,34,17,24,130,62,13,0,69,25" hai3="131,74,8,98,18,39,91,53,123,9,14,19,10"/><W103/><G123/><T102/><D67/><U111/><E128/><V11/><F130/><W114/><G114/><T83/><D27/><U82/><E82/><V51/><F0/><W132/><G74/><T106/><D38/><U73/><E40/><V125/><F125/><W15/><G39/><T68/><D68/><U43/><E43/><V16/><F34/><W127/><G127/><T36/><D3/><U59/><E73/><V75/><F17/><W7/><G132/><T20/><D20/><N who="1" m="15431" /><E104/><V116/><F116/><W21/><G131/><T112/><D36/><U37/><E31/><V95/><F81/><W54/><G91/><T44/><D44/><U108/><E37/><V41/><REACH who="2" step="1"/><F75/><REACH who="2" ten="77,206,340,367" step="2"/><W85/><G85/><T107/><D126/><U119/><E119/><V6/><F6/><W124/><G124/><T88/><D118/><U70/><E70/><V113/><F113/><W33/><G33/><T58/><D129/><U50/><E50/><V71/><F71/><W120/><G120/><T64/><D122/><U29/><E29/><V60/><F60/><W66/><G7/><T30/><D112/><U2/><E2/><V56/><F56/><N who="1" m="21577" /><E61/><V52/><F52/><N who="3" m="20075" /><G66/><T42/><D30/><U94/><E89/><AGARI ba="1,1" hai="11,13,16,24,25,41,45,51,62,65,69,89,95,99" machi="89" ten="30,7700,0" yaku="1,1,7,1,54,1,53,1" doraHai="96" doraHaiUra="12" who="2" fromWho="1" sc="77,0,206,-80,340,90,367,0" /><INIT seed="4,0,0,1,0,55" ten="77,126,430,367" oya="0" hai0="45,52,129,16,68,65,81,90,82,59,58,84,66" hai1="23,14,10,57,122,9,120,125,48,124,7,77,38" hai2="126,115,41,105,24,37,112,95,132,85,73,80,103" hai3="60,71,49,1,20,21,88,91,13,110,6,18,114"/><T135/><D68/><U121/><E38/><V119/><F41/><W43/><G110/><T29/><D29/><U22/><E77/><V118/><F37/><W39/><G39/><T63/><D129/><U86/><E86/><V89/><F24/><W94/><G114/><N who="2" m="43561" /><F132/><W27/><G1/><T87/><D135/><U133/><E133/><V28/><F28/><W25/><G71/><T4/><D4/><N who="1" m="3367" /><E57/><V5/><F5/><W26/><G60/><N who="0" m="38047" /><D16/><U76/><E76/><N who="2" m="44047" /><F126/><N who="1" m="48745" /><E48/><V11/><F11/><N who="3" m="4343" /><G18/><T0/><D0/><AGARI ba="0,0" hai="0,7,10,22,23,120,121,122" m="48745,3367" machi="0" ten="40,5200,0" yaku="18,1,34,2" doraHai="55" who="1" fromWho="0" sc="77,-52,126,52,430,0,367,0" /><INIT seed="5,0,0,5,3,43" ten="25,178,430,367" oya="1" hai0="119,98,58,135,64,10,118,111,115,91,65,133,86" hai1="99,35,4,79,121,27,132,49,67,25,45,88,63" hai2="44,50,30,89,52,80,97,62,22,70,103,83,56" hai3="19,72,130,94,101,42,92,102,34,87,120,23,82"/><U12/><E121/><V71/><F71/><W32/><G120/><T28/><D28/><U7/><E35/><V66/><F89/><W107/><G72/><T112/><D10/><U77/><E132/><N who="0" m="50761" /><D98/><U2/><E2/><V57/><F57/><W123/><G123/><T95/><D58/><N who="1" m="37367" /><E12/><V134/><F134/><W3/><G130/><T106/><D65/><U116/><E116/><N who="0" m="44585" /><D64/><U85/><E99/><V76/><F76/><N who="1" m="29257" /><E7/><V131/><F70/><W51/><G3/><T60/><D60/><U53/><E4/><V6/><F6/><W108/><G34/><T9/><D9/><U55/><E53/><V40/><F66/><W1/><G32/><T36/><D36/><U96/><E96/><V105/><F131/><W126/><G1/><T38/><D38/><U24/><E24/><V110/><F97/><W47/><G23/><T78/><D78/><U61/><E61/><V8/><F62/><W104/><G104/><T81/><D106/><U113/><E113/><N who="0" m="43593" /><D111/><U68/><E68/><V48/><F110/><W59/><G107/><T74/><D74/><U124/><E124/><V109/><F109/><W73/><G126/><T125/><D125/><U117/><E117/><V69/><F69/><W84/><G73/><T41/><D41/><U26/><E27/><V75/><F75/><W21/><G108/><T39/><D39/><U31/><E31/><V54/><F30/><W20/><G42/><T93/><AGARI ba="0,0" hai="81,86,91,93,95" m="43593,44585,50761" machi="93" ten="40,8000,1" yaku="20,1,15,1,34,2" doraHai="43" who="0" fromWho="0" sc="25,80,178,-40,430,-20,367,-20" /><INIT seed="6,0,0,3,1,11" ten="105,138,410,347" oya="2" hai0="79,74,123,24,1,15,96,66,69,53,30,116,33" hai1="44,39,60,106,2,3,76,71,75,127,40,77,103" hai2="94,84,31,135,131,124,51,7,6,97,0,9,28" hai3="112,72,92,23,129,29,78,119,63,35,95,61,22"/><V109/><F124/><W101/><G119/><T121/><D53/><U38/><E127/><V83/><F131/><W4/><G35/><T34/><D116/><U56/><E39/><V113/><F113/><W45/><G72/><T122/><D15/><U52/><E71/><V36/><F36/><W111/><G111/><T107/><D33/><U99/><REACH who="1" step="1"/><E75/><REACH who="1" ten="105,128,410,347" step="2"/><V115/><F115/><W49/><G112/><T126/><D126/><U98/><E98/><V120/><F97/><W14/><G129/><T43/><D43/><U26/><E26/><V37/><F37/><W81/><G101/><N who="0" m="62887" /><D1/><AGARI ba="0,1" hai="1,2,3,38,40,44,52,56,60,76,77,99,103,106" machi="1" ten="40,2600,0" yaku="1,1,54,1,53,0" doraHai="11" doraHaiUra="130" who="1" fromWho="0" sc="105,-26,128,36,410,0,347,0" /><INIT seed="7,0,0,1,4,119" ten="79,164,410,347" oya="3" hai0="83,135,0,73,16,95,75,5,80,117,32,1,123" hai1="3,76,110,90,72,57,42,79,34,6,53,122,51" hai2="115,35,124,60,100,4,59,88,44,40,77,8,36" hai3="87,31,55,111,97,33,85,56,92,106,54,94,121"/><W89/><G111/><T30/><D95/><U29/><E122/><V84/><F35/><W96/><G106/><T86/><D86/><U21/><E90/><V118/><F118/><W67/><G121/><T114/><D123/><U134/><E110/><V133/><F124/><W69/><G69/><T52/><D117/><U99/><E134/><V11/><F133/><W131/><G131/><T43/><D135/><U70/><E70/><V129/><F129/><W103/><G33/><T22/><D43/><U101/><E34/><V49/><F115/><W46/><G31/><T128/><D128/><U15/><E3/><V19/><F100/><W65/><G46/><T63/><D114/><U74/><E74/><V68/><F77/><W93/><G55/><T45/><D75/><U50/><E72/><V39/><F19/><W109/><G109/><T9/><D1/><U28/><E29/><V14/><F11/><W105/><G105/><T2/><D2/><U25/><E42/><V113/><F68/><W38/><G38/><T48/><D73/><U98/><E51/><V7/><F7/><W108/><G108/><T37/><D37/><U127/><E127/><V71/><F71/><W130/><G130/><T107/><D107/><U132/><E132/><V116/><F116/><W64/><REACH who="3" step="1"/><G94/><REACH who="3" ten="79,164,410,337" step="2"/><T12/><D63/><AGARI ba="0,1" hai="54,56,63,64,65,67,85,87,89,92,93,96,97,103" machi="63" ten="40,18000,2" yaku="1,1,2,1,8,1,53,3" doraHai="119" doraHaiUra="61" who="3" fromWho="0" sc="79,-180,164,0,410,0,337,190" owari="-101,-60.0,164,-24.0,410,21.0,527,63.0" /></mjloggm>