<mjloggm ver="2.3"><GO type="41" lobby="0"/><UN n0="%E3%81%8D%E3%82%85%E3%81%A3%E3%81%8D%E3%82%85%E3%81%84" n1="%6B%6B%6B%7A%7A%7A" n2="%E5%B0%B1%E6%B4%BB%E7%94%9F%40%E5%B7%9D%E6%9D%91%E8%BB%8D%E5%9B%A3" n3="%E6%B1%9F%E6%88%B8%E5%B7%9D%E3%82%B3%E3%83%8A%E3%83%B3%32%31" dan="14,14,16,13" rate="1954.48,1902.90,2112.27,1850.44" sx="M,M,M,M"/><TAIKYOKU oya="0"/><INIT seed="0,0,0,0,4,129" ten="250,250,250,250" oya="0" hai0="91,75,66,72,27,51,106,111,15,79,134,14,10" hai1="46,124,84,48,3,118,20,16,42,74,6,22,100" hai2="61,70,135,19,126,85,59,5,105,63,90,131,25" hai3="114,81,7,128,34,99,92,97,119,52,122,30,71"/><T41/><D106/><U69/><E118/><V9/><F105/><W120/><G119/><T40/><D134/><U0/><E69/><V45/><F131/><W2/><G128/><T102/><D102/><U82/><E74/><V12/><F126/><W38/><G38/><T73/><D66/><U130/><E130/><V13/><F25/><N who="3" m="18767" /><G71/><T133/><D133/><U94/><E124/><V64/><F135/><W17/><G114/><T117/><D117/><U110/><E110/><V95/><F45/><W65/><G65/><T77/><D111/><U113/><E113/><V88/><F90/><W50/><G81/><T107/><D107/><U98/><E6/><V78/><F78/><W60/><G60/><T112/><D112/><U8/><E8/><V37/><F37/><W57/><G92/><T116/><D116/><U24/><REACH who="1" step="1"/><E22/><REACH who="1" ten="250,240,250,250" step="2"/><V23/><F70/><W108/><G108/><T104/><D10/><U4/><E4/><V33/><F33/><W103/><G7/><T76/><D104/><U93/><E93/><V87/><REACH who="2" step="1"/><F63/><REACH who="2" ten="250,240,240,250" step="2"/><W53/><G122/><T18/><D75/><U89/><AGARI ba="0,2" hai="0,3,16,20,24,42,46,48,82,84,89,94,98,100" machi="89" ten="20,5200,0" yaku="1,1,0,1,7,1,54,1,53,0" doraHai="129" doraHaiUra="58" who="1" fromWho="1" sc="250,-26,240,72,240,-13,250,-13" /><INIT seed="1,0,0,2,4,94" ten="224,312,227,237" oya="1" hai0="23,95,39,61,43,45,71,41,37,22,16,88,70" hai1="76,132,73,115,0,13,26,118,42,133,48,112,135" hai2="2,111,28,131,24,72,123,58,19,20,99,126,101" hai3="52,110,30,50,63,18,10,74,92,65,25,62,79"/><U122/><E118/><V44/><F123/><W7/><G110/><T35/><D35/><U27/><E122/><V124/><F72/><W120/><G120/><T100/><D100/><U134/><E0/><V128/><F2/><W51/><G51/><T34/><D34/><U8/><E76/><V15/><F44/><W129/><G129/><N who="2" m="49737" /><F58/><W81/><G92/><T64/><D70/><U114/><E73/><V66/><F66/><W93/><G93/><T75/><D75/><U12/><N who="1" m="34304" /><DORA hai="54" /><U119/><E119/><V107/><F111/><W3/><G18/><T53/><D53/><U68/><E68/><V59/><F59/><W86/><G74/><T80/><D80/><U125/><E125/><N who="2" m="48235" /><F15/><N who="1" m="5705" /><E8/><V77/><F77/><W89/><G79/><T84/><REACH who="0" step="1"/><D16/><AGARI ba="0,0" hai="16,19,20,24,28,99,101,107" m="48235,49737" machi="16" ten="30,7700,0" yaku="19,1,18,1,52,1,54,1" doraHai="94,54" who="2" fromWho="0" sc="224,-77,312,0,227,77,237,0" /><INIT seed="2,0,0,1,2,121" ten="147,312,304,237" oya="2" hai0="34,77,54,133,92,50,117,97,104,78,53,65,76" hai1="124,99,125,62,12,80,63,6,102,83,32,106,37" hai2="132,94,130,123,40,35,7,44,70,18,73,43,127" hai3="109,47,93,100,15,33,51,107,9,28,86,64,134"/><V87/><F73/><W111/><G134/><T29/><D133/><U14/><E37/><V128/><F70/><W46/><G107/><T61/><D117/><U101/><E32/><V114/><F35/><W60/><G33/><T116/><D116/><U11/><E14/><V120/><F7/><W118/><G118/><T84/><D104/><U49/><E49/><V57/><F57/><W4/><G28/><T113/><D113/><U19/><E102/><V79/><F132/><W75/><G75/><T82/><D29/><U110/><E6/><V27/><F127/><N who="1" m="48713" /><E110/><N who="3" m="41994" /><G51/><T91/><D34/><U122/><E122/><V103/><F114/><W39/><G39/><T96/><D96/><U69/><E69/><V5/><F43/><W68/><G100/><T95/><D95/><U42/><E42/><V8/><F103/><W108/><N who="3" m="42002" /><W72/><DORA hai="36" /><G72/><T23/><D23/><U10/><E101/><V48/><F120/><W119/><G119/><T81/><D81/><U20/><E80/><V71/><F123/><W45/><G45/><T2/><D2/><U17/><E83/><V66/><F44/><W24/><G24/><T52/><REACH who="0" step="1"/><D50/><REACH who="0" ten="137,312,304,237" step="2"/><U98/><E106/><V21/><F94/><W89/><AGARI ba="0,1" hai="4,9,15,46,47,60,64,68,86,89,93" m="42002" machi="89" ten="40,8000,1" yaku="14,1,52,4" doraHai="121,36" who="3" fromWho="3" sc="137,-20,312,-20,304,-40,237,90" /><INIT seed="3,0,0,0,3,114" ten="117,292,264,327" oya="3" hai0="112,0,107,51,129,92,116,98,102,2,128,56,54" hai1="95,23,79,120,78,118,99,29,133,69,46,94,86" hai2="132,125,121,93,67,101,24,130,90,131,81,89,117" hai3="84,63,53,36,96,48,41,34,119,52,17,3,103"/><W126/><G3/><T110/><D112/><U108/><E133/><V50/><F132/><W104/><G34/><T82/><D110/><U64/><E120/><V44/><F121/><W74/><G74/><T28/><D28/><U123/><E108/><V14/><F67/><W39/><G126/><T91/><D82/><U87/><E123/><V85/><F125/><W37/><G63/><T25/><D25/><U106/><E106/><V40/><F101/><W100/><G100/><T97/><REACH who="0" step="1"/><D116/><REACH who="0" ten="107,292,264,327" step="2"/><U20/><E118/><V66/><F24/><W19/><G119/><T134/><D134/><U8/><E29/><V35/><F117/><W71/><G71/><T33/><D33/><U65/><E69/><V11/><F35/><W5/><G36/><T72/><D72/><U73/><E73/><V6/><F130/><AGARI ba="0,1" hai="0,2,51,54,56,91,92,97,98,102,107,128,129,130" machi="130" ten="40,2600,0" yaku="1,1,19,1,53,0" doraHai="114" doraHaiUra="70" who="0" fromWho="2" sc="107,36,292,0,264,-26,327,0" /><INIT seed="4,0,0,4,2,16" ten="143,292,238,327" oya="0" hai0="68,113,97,83,39,57,42,100,103,24,43,30,22" hai1="55,114,128,31,3,60,117,131,74,94,26,91,10" hai2="65,53,38,106,25,76,93,50,112,51,69,19,70" hai3="107,110,101,44,115,59,79,36,1,73,82,2,84"/><T33/><D113/><U119/><E74/><V130/><F106/><W8/><G110/><T121/><D121/><U133/><E3/><V90/><F38/><W29/><G29/><T11/><D68/><U135/><E10/><V102/><F102/><W104/><G84/><T134/><D134/><N who="1" m="51211" /><E55/><V92/><F76/><W37/><G59/><T7/><D83/><U77/><E77/><V89/><F19/><W47/><G115/><T96/><D39/><N who="3" m="14921" /><G44/><T62/><D33/><U9/><E9/><V13/><F53/><W17/><G17/><T122/><D122/><U81/><E81/><V66/><F112/><W98/><G47/><T6/><D97/><N who="1" m="57567" /><E60/><V129/><F13/><W28/><G28/><T34/><D34/><N who="1" m="20855" /><E114/><V126/><F25/><W52/><G52/><N who="0" m="34087" /><D11/><U14/><E14/><V27/><F27/><W64/><G8/><T58/><D58/><U20/><E20/><V85/><F85/><W23/><G23/><T0/><D96/><U78/><E78/><V35/><F35/><W63/><G107/><T123/><D0/><U87/><E87/><V108/><F108/><W86/><G86/><T125/><D123/><U5/><E5/><N who="0" m="1545" /><D125/><AGARI ba="0,0" hai="50,51,65,66,69,70,89,90,92,93,125,126,129,130" machi="125" ten="25,1600,0" yaku="22,2" doraHai="16" who="2" fromWho="0" sc="143,-16,292,0,238,16,327,0" /><INIT seed="5,0,0,3,1,41" ten="127,292,254,327" oya="1" hai0="125,112,57,62,59,48,21,30,132,109,110,12,19" hai1="122,14,80,35,17,103,4,9,58,13,55,123,87" hai2="47,102,83,108,106,33,133,97,53,46,86,93,120" hai3="135,88,54,67,27,10,11,114,29,18,64,116,50"/><U126/><E126/><V40/><F33/><W23/><G135/><T100/><D125/><U15/><E103/><V70/><F70/><W130/><G130/><T51/><D132/><U0/><E35/><V44/><F108/><W74/><G74/><T71/><D71/><U79/><REACH who="1" step="1"/><E17/><REACH who="1" ten="127,282,254,327" step="2"/><V76/><F133/><W81/><G116/><T98/><D100/><U65/><E65/><N who="3" m="25162" /><G114/><T107/><D112/><U39/><E39/><V115/><F115/><W89/><G18/><T24/><D109/><U3/><E3/><V60/><F120/><W69/><G69/><T124/><D110/><U61/><AGARI ba="0,1" hai="0,4,9,13,14,15,55,58,61,79,80,87,122,123" machi="61" ten="30,3000,0" yaku="1,1,0,1,53,0" doraHai="41" doraHaiUra="68" who="1" fromWho="1" sc="127,-10,282,40,254,-10,327,-10" /><INIT seed="5,1,0,5,0,74" ten="117,322,244,317" oya="1" hai0="47,93,60,21,11,85,61,119,92,17,63,102,34" hai1="80,6,116,112,105,15,0,86,10,49,94,124,135" hai2="129,104,32,73,89,131,42,4,115,62,44,54,118" hai3="20,110,31,75,19,126,83,27,81,1,67,56,120"/><U65/><E116/><V48/><F104/><W5/><G120/><T70/><D119/><U3/><E105/><V106/><F106/><W39/><G126/><T84/><D70/><U90/><E124/><V79/><F32/><W22/><G110/><T16/><D34/><U29/><E29/><V127/><F127/><W87/><G39/><T77/><D47/><U88/><E112/><V35/><F35/><W40/><G40/><T43/><D43/><U66/><E135/><V57/><F4/><W108/><G108/><T7/><D102/><U9/><E49/><V111/><F111/><W97/><G97/><T18/><D21/><U33/><E33/><V30/><F30/><W113/><G113/><T98/><D98/><U58/><E58/><V109/><F109/><W96/><G96/><T78/><D11/><U24/><E24/><V99/><F118/><W25/><G5/><T117/><D7/><U128/><E128/><V46/><F46/><W122/><G122/><T76/><D117/><U52/><E52/><V50/><F115/><W72/><G1/><T45/><D45/><U134/><E134/><V71/><F71/><W125/><G125/><T95/><AGARI ba="1,0" hai="16,17,18,60,61,63,76,77,78,84,85,92,93,95" machi="95" ten="40,32000,5" yakuman="40" doraHai="74" who="0" fromWho="0" sc="117,323,322,-161,244,-81,317,-81" /><INIT seed="6,0,0,1,4,28" ten="440,161,163,236" oya="2" hai0="38,96,105,67,131,104,82,34,130,77,111,124,86" hai1="102,45,57,106,6,55,13,110,3,52,133,25,79" hai2="75,50,83,122,90,97,9,15,101,80,62,41,129" hai3="109,59,100,108,78,115,116,20,26,61,51,36,81"/><V87/><F122/><W40/><G116/><T56/><D38/><U103/><E110/><V66/><F129/><N who="0" m="49162" /><D34/><U93/><E3/><V58/><F41/><W72/><G36/><T7/><D111/><U4/><E106/><N who="0" m="41065" /><D124/><U76/><E133/><V119/><F119/><W88/><G100/><T114/><D114/><U120/><E120/><V32/><F32/><W85/><G115/><T94/><D7/><U46/><E93/><N who="2" m="58543" /><F75/><W29/><G51/><T5/><D5/><U64/><E64/><V19/><F50/><W35/><G20/><T107/><D56/><U112/><E112/><V14/><F14/><W54/><REACH who="3" step="1"/><G40/><REACH who="3" ten="440,161,163,226" step="2"/><T48/><D48/><U44/><E44/><V0/><F0/><W68/><G68/><T117/><D117/><U91/><E57/><V128/><F128/><W95/><AGARI ba="0,1" hai="26,29,35,54,59,61,72,78,81,85,88,95,108,109" machi="95" ten="20,12000,2" yaku="1,1,0,1,7,1,52,1,54,1,53,1" doraHai="28" doraHaiUra="23" who="3" fromWho="3" sc="440,-30,161,-30,163,-60,226,130" /><INIT seed="7,0,0,0,1,135" ten="410,131,103,356" oya="3" hai0="42,78,13,99,22,57,7,126,55,106,62,14,95" hai1="11,130,27,102,17,4,10,105,34,74,119,115,32" hai2="33,65,49,45,16,12,109,23,120,28,2,116,39" hai3="51,79,58,117,131,70,91,48,129,38,84,37,47"/><W46/><G117/><T94/><D106/><U77/><E119/><V73/><F109/><W1/><G1/><T20/><D126/><U25/><E115/><V121/><F116/><W75/><G75/><T3/><D3/><U54/><E130/><N who="3" m="49674" /><G79/><T82/><D42/><U67/><E67/><V6/><F73/><W64/><G84/><N who="0" m="48215" /><D7/><U8/><E4/><V41/><F39/><N who="3" m="14859" /><G91/><N who="0" m="55775" /><D95/><U90/><E90/><V134/><F65/><W50/><G70/><T107/><D107/><U97/><E77/><V128/><F128/><W86/><G86/><T76/><D76/><U93/><E74/><V96/><F96/><W56/><G64/><T35/><D35/><U30/><E105/><V53/><F134/><W88/><G88/><T122/><D122/><U72/><E72/><V112/><F112/><W113/><G113/><T118/><D118/><U60/><E17/><V127/><F127/><W104/><G104/><T83/><D83/><U111/><E111/><V9/><F41/><W26/><G26/><AGARI ba="0,0" hai="2,6,9,12,16,23,26,28,33,45,49,53,120,121" machi="26" ten="40,5200,0" yaku="24,2,54,1" doraHai="135" who="2" fromWho="3" sc="410,0,131,0,103,52,356,-52" owari="410,51.0,131,-37.0,155,-24.0,304,10.0" /></mjloggm>