<mjloggm ver="2.3"><GO type="169" lobby="0"/><UN n0="%E3%82%A2%E3%83%95%E3%83%AA%E3%82%AB" n1="%E4%BF%BA%54%55%45%45%45%45%45" n2="%E6%B0%B4%E5%93%89%E3%81%AE%E3%83%AC%E3%82%B8%E3%82%A7%E3%83%B3%E3%83%89" n3="%E5%B0%B1%E6%B4%BB%E7%94%9F%40%E5%B7%9D%E6%9D%91%E8%BB%8D%E5%9B%A3" dan="16,16,16,16" rate="2096.50,2117.81,2113.87,2118.51" sx="M,F,M,M"/><TAIKYOKU oya="0"/><INIT seed="0,0,0,4,1,28" ten="250,250,250,250" oya="0" hai0="7,118,112,10,80,34,61,89,70,11,98,71,129" hai1="117,124,111,81,41,105,37,6,46,120,82,103,130" hai2="24,67,116,122,15,17,20,45,30,101,75,39,26" hai3="100,126,86,0,123,99,83,49,110,109,44,63,35"/><T68/><D118/><U79/><E117/><V31/><F122/><W47/><G0/><T72/><D112/><U125/><E120/><V3/><F75/><W104/><G126/><N who="1" m="48746" /><E111/><N who="3" m="42506" /><G123/><T131/><D34/><U76/><E130/><N who="0" m="49673" /><D61/><U84/><E6/><V27/><F116/><W108/><G35/><T133/><D133/><U78/><E84/><V95/><F67/><W38/><G38/><T50/><D50/><U90/><E90/><V134/><F134/><W25/><G25/><T74/><D11/><U87/><E87/><V22/><F3/><W29/><G29/><N who="2" m="10761" /><F39/><W57/><G49/><T102/><D89/><U18/><E18/><N who="2" m="12375" /><F45/><BYE who="2" /><W9/><G9/><T69/><BYE who="3" /><D80/><UN n3="%E5%B0%B1%E6%B4%BB%E7%94%9F%40%E5%B7%9D%E6%9D%91%E8%BB%8D%E5%9B%A3" /><U42/><E42/><V21/><F21/><W32/><G32/><T2/><N who="0" m="17408" /><DORA hai="60" /><T14/><D14/><UN n2="%E6%B0%B4%E5%93%89%E3%81%AE%E3%83%AC%E3%82%B8%E3%82%A7%E3%83%B3%E3%83%89" /><U94/><E81/><V52/><F27/><W106/><G108/><T65/><D65/><U121/><E82/><V113/><F113/><W91/><G47/><T59/><D59/><U1/><E1/><V107/><F107/><AGARI ba="0,0" hai="2,7,10,72,74,98,102,107" m="17408,49673" machi="107" ten="60,5800,0" yaku="19,1,23,1" doraHai="28,60" who="0" fromWho="2" sc="250,58,250,0,250,-58,250,0" /><INIT seed="0,1,0,2,3,48" ten="308,250,192,250" oya="0" hai0="17,4,51,54,45,83,95,18,112,115,94,72,12" hai1="128,89,23,52,9,84,66,104,41,32,96,134,5" hai2="125,114,92,106,50,118,33,117,21,87,22,34,90" hai3="73,61,111,7,124,47,63,42,62,14,58,113,24"/><T30/><D30/><U39/><E32/><V8/><F106/><W2/><G73/><T10/><D112/><U116/><E116/><N who="2" m="44651" /><F114/><W79/><G2/><T20/><D115/><U19/><E66/><V64/><F64/><W69/><G69/><T49/><D18/><U129/><E134/><V78/><F125/><W126/><G113/><T123/><D123/><U26/><E41/><V16/><F8/><N who="3" m="4383" /><G79/><T135/><D135/><U120/><E39/><V127/><F127/><N who="3" m="48683" /><G24/><N who="0" m="14351" /><D72/><U29/><E29/><V131/><F131/><N who="1" m="50249" /><E120/><V132/><F132/><W110/><G58/><N who="0" m="33103" /><D83/><U86/><E104/><V100/><F78/><W46/><G46/><T75/><D75/><U68/><E68/><V31/><F31/><W102/><G102/><T109/><D109/><U65/><E65/><V133/><F133/><W6/><G6/><T40/><AGARI ba="1,0" hai="4,10,12,40,45,51,94,95" m="33103,14351" machi="40" ten="30,3000,0" yaku="8,1,52,1" doraHai="48" who="0" fromWho="0" sc="308,33,250,-11,192,-11,250,-11" /><INIT seed="0,2,0,5,2,65" ten="341,239,181,239" oya="0" hai0="107,109,3,106,118,112,21,24,86,43,15,68,93" hai1="56,125,9,29,49,122,26,131,54,7,46,13,30" hai2="69,44,87,28,135,32,16,130,113,42,97,91,27" hai3="116,5,103,60,67,95,98,104,31,117,0,115,38"/><T99/><D3/><U76/><E122/><V120/><F113/><W111/><G115/><T34/><D112/><U129/><E125/><V102/><F120/><W33/><G95/><T12/><D118/><U83/><E56/><V63/><F135/><W20/><G20/><T19/><D43/><U45/><E45/><V79/><F79/><W77/><G77/><T64/><D86/><U128/><REACH who="1" step="1"/><E26/><REACH who="1" ten="341,229,181,239" step="2"/><V126/><F126/><W114/><G114/><T72/><D109/><U11/><E11/><V17/><F130/><W82/><G111/><T81/><D64/><U39/><E39/><V55/><F44/><W75/><G38/><T121/><D121/><U80/><E80/><V35/><F42/><W132/><G82/><T88/><D81/><U14/><E14/><V89/><F27/><N who="3" m="18687" /><G132/><T41/><D41/><U52/><E52/><V133/><F55/><W23/><G116/><T6/><D15/><U73/><AGARI ba="2,1" hai="7,9,13,29,30,46,49,54,73,76,83,128,129,131" machi="73" ten="30,4000,0" yaku="1,1,0,1,19,1,53,0" doraHai="65" doraHaiUra="70" who="1" fromWho="1" sc="341,-22,229,56,181,-12,239,-12" /><INIT seed="1,0,0,1,1,85" ten="319,285,169,227" oya="1" hai0="69,50,91,51,62,49,102,90,111,19,22,63,103" hai1="106,9,109,98,8,53,28,131,76,128,110,0,60" hai2="92,113,4,93,33,43,75,44,78,79,34,105,6" hai3="29,7,42,48,107,132,11,3,52,56,104,45,47"/><U67/><E76/><V83/><F105/><W114/><G114/><T100/><D111/><N who="1" m="42507" /><E53/><V32/><F113/><W21/><G132/><T31/><D31/><U116/><E116/><V27/><F27/><W55/><G29/><T74/><D74/><U99/><E28/><V30/><F30/><W124/><G21/><T72/><D72/><U46/><E46/><V125/><F125/><W35/><G35/><T129/><D129/><N who="1" m="49739" /><E0/><V120/><F120/><W5/><G5/><T123/><D123/><U122/><E122/><V23/><F78/><W17/><G17/><T13/><D69/><N who="1" m="42215" /><E99/><V80/><F44/><W12/><G3/><T40/><D40/><U108/><N who="1" m="42515" /><U86/><DORA hai="68" /><E86/><V37/><F43/><W10/><G124/><T81/><D81/><U115/><E115/><V41/><F80/><W134/><G134/><T24/><D24/><U89/><E106/><V133/><F133/><W25/><G25/><T77/><D77/><U87/><E98/><V84/><F84/><W15/><G47/><T119/><D119/><U73/><E73/><V94/><F41/><W117/><G117/><T18/><D18/><U121/><E121/><V112/><F112/><W70/><G70/><T135/><D135/><U54/><E54/><V118/><F118/><W14/><G55/><T26/><D26/><U65/><E65/><V57/><F75/><W127/><G127/><T82/><D82/><AGARI ba="0,0" hai="8,9,82,87,89" m="42215,49739,42515" machi="82" ten="40,12000,1" yaku="14,1,10,1,19,1,52,1" doraHai="85,68" who="1" fromWho="0" sc="319,-120,285,120,169,0,227,0" /><INIT seed="1,1,0,5,0,34" ten="199,405,169,227" oya="1" hai0="101,93,112,102,2,77,18,27,84,62,26,45,9" hai1="46,73,22,17,56,122,106,29,121,110,1,3,134" hai2="78,14,48,68,129,58,123,75,100,33,13,135,8" hai3="61,57,21,42,126,118,109,31,81,99,25,113,103"/><U51/><E106/><V105/><F68/><W53/><G113/><T115/><D62/><U67/><E73/><V12/><F33/><W74/><G126/><T72/><D72/><U54/><E29/><V20/><F123/><W36/><G118/><T83/><D45/><U127/><E127/><V0/><F135/><W65/><G109/><T41/><D41/><U37/><E134/><V38/><F129/><W47/><G81/><T91/><D102/><U16/><E110/><V76/><F38/><W116/><G116/><T24/><D101/><U94/><E121/><V5/><F20/><W50/><G74/><T88/><D91/><U85/><E122/><V69/><F69/><W32/><G32/><T132/><D132/><U19/><E22/><V15/><N who="2" m="3072" /><DORA hai="6" /><V130/><F130/><W117/><G117/><T86/><REACH who="0" step="1"/><D18/><REACH who="0" ten="189,405,169,227" step="2"/><U40/><REACH who="1" step="1"/><E67/><REACH who="1" ten="189,395,169,227" step="2"/><V35/><F75/><W80/><G65/><T104/><D104/><U107/><E107/><V97/><F35/><W7/><G31/><T66/><D66/><U10/><E10/><V23/><F23/><W30/><G30/><T55/><D55/><U111/><E111/><V131/><F131/><W125/><G53/><T92/><D92/><U108/><E108/><V49/><F105/><W89/><G21/><T52/><D52/><U44/><E44/><V128/><F128/><W96/><G47/><T87/><D87/><U95/><E95/><V119/><F119/><W79/><G125/><T64/><D64/><U4/><E4/><AGARI ba="1,2" hai="2,4,9,24,26,27,77,83,84,86,88,93,112,115" machi="4" ten="40,8000,1" yaku="1,1,52,2,54,1,53,0" doraHai="34,6" doraHaiUra="43,133" who="0" fromWho="1" sc="189,103,395,-83,169,0,227,0" /><INIT seed="2,0,0,4,0,128" ten="292,312,169,227" oya="2" hai0="22,11,93,61,15,35,17,62,46,37,127,129,9" hai1="105,97,20,33,98,94,135,70,103,31,67,32,133" hai2="119,55,125,50,41,54,69,44,82,7,74,26,87" hai3="2,75,108,100,13,53,36,30,126,52,122,118,0"/><V101/><F74/><W130/><G118/><T51/><D37/><U121/><E121/><V12/><F69/><W107/><G122/><T65/><D35/><U84/><E84/><V14/><F119/><W64/><G36/><T25/><D129/><U132/><E70/><V63/><F125/><W79/><G130/><T112/><D127/><U134/><E67/><V117/><F117/><W38/><G38/><T88/><D112/><U45/><E45/><V131/><F131/><W40/><G40/><N who="0" m="25031" /><D65/><U47/><E47/><V60/><F101/><W24/><G126/><T10/><D25/><N who="1" m="16807" /><E133/><V123/><F123/><W19/><G108/><T78/><D78/><U23/><E23/><V95/><F95/><W85/><G75/><T21/><D21/><U92/><E92/><V48/><F26/><W43/><G43/><T8/><D8/><U49/><E49/><V76/><F55/><W104/><G64/><T99/><AGARI ba="0,0" hai="9,10,11,15,17,22,61,62,88,93,99" m="25031" machi="99" ten="30,2000,0" yaku="8,1,54,1" doraHai="128" who="0" fromWho="0" sc="292,20,312,-5,169,-10,227,-5" /><INIT seed="3,0,0,0,3,58" ten="312,307,159,222" oya="3" hai0="6,72,19,95,17,40,111,54,5,135,66,71,102" hai1="112,82,56,4,101,121,37,89,64,75,106,28,87" hai2="84,134,21,39,63,15,30,126,65,29,55,70,16" hai3="73,83,117,78,130,124,69,44,50,3,99,107,1"/><W47/><G117/><T68/><D72/><U125/><E121/><V18/><F134/><W49/><G69/><T51/><D135/><U97/><E112/><V123/><F126/><W88/><G130/><T113/><D40/><U108/><E125/><V45/><F123/><W53/><G124/><T67/><D113/><U122/><E122/><V115/><F115/><W25/><G25/><T86/><D111/><U8/><E37/><V26/><F84/><W114/><G114/><T133/><D71/><U36/><E36/><V42/><REACH who="2" step="1"/><F55/><REACH who="2" ten="312,307,149,222" step="2"/><W12/><G12/><T23/><D54/><U22/><E87/><V14/><F14/><W27/><G27/><T76/><D86/><U80/><E75/><V105/><F105/><W31/><G107/><T34/><D133/><U2/><E106/><V81/><F81/><W20/><G1/><T60/><D95/><U52/><E80/><V96/><F96/><W119/><G3/><T104/><D104/><U128/><E82/><V57/><F57/><W11/><G119/><T127/><D68/><U85/><E52/><V46/><F46/><W35/><G47/><T131/><D127/><U100/><E56/><V129/><F129/><W74/><G44/><T109/><D131/><U13/><E97/><V90/><F90/><W93/><G53/><T38/><D109/><U120/><E85/><V132/><F132/><W61/><G73/><T103/><D76/><U24/><E108/><V33/><F33/><W94/><G35/><T43/><D34/><U41/><E128/><V79/><F79/><W10/><G78/><T118/><D118/><RYUUKYOKU ba="0,1" sc="312,-10,307,-10,149,30,222,-10" hai2="15,16,18,21,26,29,30,39,42,45,63,65,70" /><INIT seed="4,1,1,2,4,39" ten="302,297,179,212" oya="0" hai0="50,84,135,24,57,67,27,0,128,20,26,118,4" hai1="92,119,48,37,123,8,109,2,101,28,22,129,106" hai2="74,34,114,49,80,131,70,64,97,17,54,132,93" hai3="121,104,120,46,87,44,10,69,94,75,108,45,116"/><T6/><D118/><U126/><E92/><V63/><F34/><W35/><G35/><T134/><D128/><U91/><E91/><V105/><F131/><W96/><G75/><T102/><D102/><U15/><E48/><V29/><F29/><W111/><G69/><T38/><D38/><U59/><E59/><V41/><F114/><W99/><G116/><T130/><D130/><U112/><E101/><V13/><F132/><N who="0" m="50730" /><D84/><U1/><E28/><V82/><F105/><W58/><G104/><T65/><D20/><U12/><E22/><V42/><F74/><W3/><G58/><T9/><D6/><U78/><E37/><V103/><F82/><W18/><G87/><T66/><D50/><U61/><E112/><V25/><F25/><W77/><G77/><T40/><D40/><U71/><E78/><V81/><F81/><W5/><G18/><T115/><D115/><U98/><E129/><V16/><F80/><W90/><REACH who="3" step="1"/><G96/><REACH who="3" ten="302,297,179,202" step="2"/><T86/><D86/><U76/><E98/><V110/><F17/><W43/><G43/><T19/><D19/><U85/><E85/><V32/><F32/><W62/><G62/><AGARI ba="1,2" hai="0,4,9,24,26,27,57,62,65,66,67" m="50730" machi="62" ten="30,1500,0" yaku="20,1" doraHai="39" who="0" fromWho="3" sc="302,38,297,0,179,0,202,-18" /><INIT seed="4,2,0,1,5,57" ten="340,297,179,184" oya="0" hai0="85,95,124,86,107,98,60,74,9,50,42,10,105" hai1="110,75,92,91,112,101,120,19,15,66,4,34,38" hai2="36,135,63,39,127,68,62,87,70,24,35,133,81" hai3="40,96,32,89,80,121,71,17,106,93,82,65,79"/><T113/><D74/><U126/><E110/><V5/><F5/><W53/><G32/><T0/><D113/><U54/><E38/><N who="2" m="14379" /><F35/><W99/><G40/><T44/><D124/><U130/><E120/><V125/><F24/><W8/><G121/><T51/><D51/><U97/><E126/><N who="2" m="48139" /><F87/><W23/><G8/><T11/><D0/><U7/><E130/><V18/><F18/><W12/><G53/><T37/><D37/><U122/><E122/><V49/><F49/><W134/><G134/><N who="2" m="51209" /><F81/><W117/><G117/><T58/><D107/><U78/><E4/><V6/><F6/><W73/><G82/><T16/><D105/><U45/><E7/><V48/><F48/><W64/><G106/><T132/><D132/><U131/><E34/><V25/><F25/><W109/><G109/><T77/><D77/><U128/><E78/><V30/><F30/><W67/><REACH who="3" step="1"/><G99/><REACH who="3" ten="340,297,179,174" step="2"/><T119/><D10/><U29/><E97/><V46/><F46/><W90/><G90/><N who="0" m="55671" /><D11/><U116/><E45/><V72/><F72/><W2/><G2/><T33/><D33/><U43/><E75/><V118/><F118/><W21/><G21/><T111/><D119/><U1/><E116/><V3/><F3/><W61/><AGARI ba="2,1" hai="12,17,23,61,64,65,67,71,73,79,80,89,93,96" machi="61" ten="30,4000,0" yaku="1,1,0,1,52,1,53,0" doraHai="57" doraHaiUra="31" who="3" fromWho="3" sc="340,-22,297,-12,179,-12,174,56" /><INIT seed="5,0,0,4,1,109" ten="318,285,167,230" oya="1" hai0="94,19,103,17,49,107,71,98,111,66,75,118,16" hai1="0,122,99,119,30,113,74,82,61,37,59,44,4" hai2="21,53,83,34,79,25,73,126,39,45,135,76,3" hai3="117,54,88,62,11,9,108,86,1,110,81,63,51"/><U31/><E119/><V77/><F135/><W33/><G33/><T72/><D118/><U2/><E122/><V96/><F126/><W40/><G117/><T29/><D111/><U12/><E12/><V10/><F34/><W32/><G32/><T95/><D29/><U7/><E99/><V116/><F116/><W92/><G40/><T69/><D49/><U129/><E129/><V50/><F96/><W120/><G120/><T87/><D66/><U26/><E82/><V93/><F93/><W112/><G112/><T36/><D36/><U41/><E74/><V18/><REACH who="2" step="1"/><F39/><REACH who="2" ten="318,285,157,230" step="2"/><W115/><G115/><T58/><D95/><U35/><E113/><V14/><F14/><W132/><G132/><T13/><D13/><U104/><E104/><V56/><F56/><W67/><G108/><T52/><D71/><U101/><E35/><V105/><F105/><W42/><G110/><T24/><D69/><U97/><E97/><V133/><F133/><W78/><G1/><T20/><D107/><U38/><E0/><V131/><F131/><W123/><G123/><T84/><D103/><U91/><E101/><V55/><F55/><W46/><G54/><T8/><D98/><U89/><E37/><V80/><F80/><W48/><G67/><T47/><D94/><U106/><E106/><V5/><AGARI ba="0,1" hai="3,5,10,18,21,25,45,50,53,73,76,77,79,83" machi="5" ten="30,2000,0" yaku="1,1,0,1,53,0" doraHai="109" doraHaiUra="70" who="2" fromWho="2" sc="318,-5,285,-10,157,30,230,-5" /><INIT seed="6,0,0,0,2,78" ten="313,275,187,225" oya="2" hai0="65,8,128,2,85,98,66,16,37,28,25,63,62" hai1="32,19,57,11,42,106,3,52,116,99,135,44,10" hai2="43,59,131,83,111,36,88,126,82,27,1,100,103" hai3="7,68,87,13,61,41,114,91,115,125,95,45,76"/><V119/><F119/><W118/><G118/><T48/><D37/><U47/><E116/><V39/><F1/><W133/><G125/><T12/><D2/><U33/><E135/><V49/><F126/><W5/><G133/><T34/><D128/><U35/><E3/><V67/><F39/><W23/><G76/><T132/><D132/><U81/><E81/><N who="2" m="30731" /><F36/><N who="3" m="21671" /><G23/><N who="0" m="15423" /><D85/><U51/><E19/><V86/><F131/><W14/><G14/><T79/><D98/><U127/><E127/><V29/><F111/><W40/><G13/><T56/><D79/><U97/><E106/><V58/><F29/><W101/><G40/><T110/><D34/><U134/><E134/><V77/><F77/><W113/><G101/><N who="2" m="38985" /><F27/><W89/><G89/><T4/><D110/><U112/><E33/><V54/><F67/><AGARI ba="0,0" hai="5,7,61,67,68,87,91,95,113,114,115" m="21671" machi="67" ten="30,2000,0" yaku="15,1,11,1" doraHai="78" who="3" fromWho="2" sc="313,0,275,0,187,-20,225,20" /><INIT seed="7,0,0,1,4,84" ten="313,275,167,245" oya="3" hai0="16,44,74,29,100,40,129,127,69,14,52,91,112" hai1="31,25,21,82,68,72,88,73,109,51,102,111,49" hai2="133,53,130,42,54,19,83,114,17,106,64,50,122" hai3="56,3,108,12,131,95,8,43,124,34,94,135,62"/><W15/><G34/><T123/><D123/><U115/><E68/><V76/><F122/><W7/><G131/><T89/><D74/><U85/><E115/><V81/><F114/><W121/><G121/><T33/><D112/><U13/><E102/><V59/><F130/><W60/><G124/><T132/><D129/><U22/><E72/><V26/><F106/><W119/><G119/><T113/><D113/><U24/><E13/><V47/><F133/><W23/><G135/><T45/><D69/><U92/><E73/><V110/><F110/><W101/><G43/><T4/><D4/><U120/><E120/><V20/><F19/><W48/><G95/><T27/><D100/><U6/><E6/><V78/><F64/><W61/><G108/><T46/><D132/><U35/><E35/><V86/><REACH who="2" step="1"/><F59/><REACH who="2" ten="313,275,157,245" step="2"/><W93/><G56/><T32/><D127/><U58/><E111/><V65/><F65/><W67/><G67/><T98/><D40/><U77/><E58/><V99/><F99/><W30/><G30/><T134/><D98/><N who="1" m="57607" /><E109/><V117/><F117/><W125/><G125/><T116/><D116/><U79/><E79/><V75/><F75/><W36/><G7/><T128/><D128/><U57/><E57/><V39/><F39/><W2/><G36/><T96/><D134/><U71/><E71/><V118/><F118/><W105/><G105/><T10/><D96/><U41/><E41/><V28/><F28/><AGARI ba="0,1" hai="21,22,24,25,28,31,49,51,77,82,85" m="57607" machi="28" ten="30,3900,0" yaku="8,1,52,1,54,1" doraHai="84" who="1" fromWho="2" sc="313,0,275,49,157,-39,245,0" owari="313,11.0,324,42.0,118,-38.0,245,-15.0" /></mjloggm>