<mjloggm ver="2.3"><GO type="169" lobby="0"/><UN n0="%E5%91%82%E5%A7%AB" n1="%E3%83%88%E3%83%88%E3%83%AA%E5%85%88%E7%94%9F%31%39%E6%AD%B3" n2="%E9%81%8A%E8%B5%B0" n3="%E5%B8%82%E5%B7%9D%E8%BF%B7%E7%A0%82" dan="16,19,17,16" rate="2109.57,2268.60,2164.15,2169.96" sx="F,F,M,F"/><TAIKYOKU oya="0"/><INIT seed="0,0,0,4,5,29" ten="250,250,250,250" oya="0" hai0="87,8,93,35,116,92,100,33,30,31,88,103,20" hai1="27,94,9,130,81,67,89,123,77,128,1,38,56" hai2="69,84,40,57,117,10,37,113,126,51,122,43,104" hai3="50,6,111,135,58,118,28,59,75,95,65,80,23"/><T102/><D116/><U132/><E123/><V134/><F122/><W78/><G118/><T5/><D93/><U48/><E38/><V72/><F104/><W124/><G135/><T39/><D39/><U3/><E132/><V108/><F69/><W64/><G124/><T68/><D68/><U49/><E27/><V70/><F72/><W12/><G111/><T60/><D60/><N who="1" m="38279" /><E9/><V76/><F70/><W26/><G95/><T63/><D63/><U133/><E1/><V42/><F37/><W44/><G64/><T125/><D125/><U119/><E3/><V97/><F126/><W90/><G90/><T14/><REACH who="0" step="1"/><D20/><REACH who="0" ten="240,250,250,250" step="2"/><U114/><E119/><V85/><F117/><W86/><G23/><T115/><D115/><U0/><E114/><V91/><F113/><W4/><G50/><T24/><D24/><U32/><E133/><V16/><F134/><W79/><G26/><T21/><D21/><U127/><E127/><V22/><F108/><W55/><G80/><T101/><N who="0" m="25600" /><DORA hai="45" /><T96/><D96/><U15/><E48/><V107/><F22/><W54/><G28/><AGARI ba="0,1" hai="5,8,14,28,30,31,33,35,87,88,92" m="25600" machi="28" ten="50,12000,1" yaku="1,1,52,2,54,1,53,1" doraHai="29,45" doraHaiUra="18,82" who="0" fromWho="3" sc="240,130,250,0,250,0,250,-120" /><INIT seed="0,1,0,4,5,36" ten="370,250,250,130" oya="0" hai0="135,12,49,93,14,109,33,6,39,114,27,32,43" hai1="115,57,66,72,106,126,52,97,127,103,105,78,122" hai2="79,96,120,82,15,125,107,26,130,90,67,40,9" hai3="19,63,37,132,11,71,5,23,35,123,42,13,81"/><T92/><D114/><U102/><E122/><V47/><F120/><W77/><G123/><T74/><D39/><U51/><E115/><V17/><F130/><W58/><G132/><T16/><D74/><U38/><E38/><V98/><F125/><N who="1" m="47625" /><E66/><V101/><F67/><W86/><G35/><T59/><D135/><U22/><E22/><V108/><F108/><W61/><G71/><T62/><D109/><U99/><E78/><V4/><F26/><W68/><G68/><T30/><D33/><U83/><E83/><V8/><F90/><W128/><G128/><T95/><D6/><U118/><E72/><V133/><F133/><W53/><G37/><T91/><D91/><U1/><E1/><V25/><F96/><N who="1" m="36937" /><E118/><V44/><F25/><W87/><G87/><T104/><D104/><AGARI ba="1,0" hai="51,52,57,102,103,104,105,106" m="36937,47625" machi="104" ten="30,2000,0" yaku="18,1,54,1" doraHai="36" who="1" fromWho="0" sc="370,-23,250,23,250,0,130,0" /><INIT seed="1,0,0,5,2,85" ten="347,273,250,130" oya="1" hai0="107,56,55,3,101,130,74,10,125,20,124,41,11" hai1="79,14,100,104,98,40,44,29,86,26,66,112,97" hai2="72,48,116,36,106,71,15,96,23,77,128,22,117" hai3="110,84,94,52,122,5,21,38,17,105,88,16,27"/><U19/><E112/><V121/><F121/><W114/><G122/><T6/><D74/><U35/><E66/><V78/><F36/><W75/><G114/><T119/><D119/><U109/><E109/><V34/><F71/><W59/><G38/><T1/><D130/><U9/><E98/><V135/><F34/><W63/><G110/><T129/><D129/><U61/><E61/><V51/><F128/><W111/><G111/><T58/><D41/><U93/><E79/><V132/><F15/><W90/><G105/><T62/><D20/><U134/><E134/><V49/><F96/><N who="3" m="57415" /><G75/><T118/><D118/><N who="2" m="45674" /><F106/><W127/><G127/><T82/><D82/><U69/><E69/><V13/><F13/><W108/><G108/><T28/><D28/><U50/><REACH who="1" step="1"/><E86/><REACH who="1" ten="347,263,250,130" step="2"/><V92/><F72/><W7/><G17/><T83/><D124/><U39/><E39/><V24/><F78/><W43/><G43/><T2/><D125/><U18/><E18/><V99/><F77/><W81/><AGARI ba="0,1" hai="5,7,16,21,27,52,59,63,81,84,90" m="57415" machi="81" ten="30,12000,2" yaku="25,1,8,1,52,2,54,3" doraHai="85" who="3" fromWho="3" sc="347,-30,263,-60,250,-30,130,130" /><INIT seed="2,0,0,4,0,86" ten="317,203,220,260" oya="2" hai0="4,75,89,84,34,22,43,109,17,100,125,35,50" hai1="92,90,117,33,31,110,73,94,98,112,52,20,32" hai2="106,65,101,14,78,135,76,129,133,44,11,6,1" hai3="132,49,118,77,48,59,8,105,9,66,95,93,115"/><V97/><F129/><W104/><G118/><T10/><D75/><U81/><E117/><V2/><F65/><W57/><G66/><T88/><D109/><U61/><E112/><V19/><F44/><W85/><G85/><T83/><D125/><U38/><E38/><V64/><F64/><W87/><G87/><T122/><D122/><U70/><E110/><V12/><F12/><W121/><G132/><N who="2" m="50761" /><F19/><W53/><G53/><T116/><D100/><U128/><E128/><V3/><AGARI ba="0,0" hai="1,2,3,6,11,14,76,78,97,101,106" m="50761" machi="3" ten="40,2100,0" yaku="20,1" doraHai="86" who="2" fromWho="2" sc="317,-7,203,-7,220,21,260,-7" /><INIT seed="2,1,0,0,2,84" ten="310,196,241,253" oya="2" hai0="89,24,1,86,130,52,94,10,61,115,128,42,13" hai1="43,37,91,71,125,60,12,102,88,35,28,66,100" hai2="116,25,2,44,112,97,6,111,32,16,67,132,107" hai3="15,49,63,105,11,134,96,59,4,73,78,104,64"/><V85/><F116/><W41/><G134/><T40/><D1/><U87/><E125/><V9/><F112/><W7/><G7/><T79/><D115/><U106/><E87/><V69/><F132/><W121/><G121/><T120/><D120/><U14/><E100/><V83/><F111/><W110/><G110/><T3/><D3/><U47/><E14/><V81/><F44/><W8/><G96/><T124/><D124/><U19/><E28/><V119/><F119/><W53/><G41/><T65/><D24/><U82/><E82/><V75/><F75/><W68/><REACH who="3" step="1"/><G8/><REACH who="3" ten="310,196,241,243" step="2"/><T117/><D117/><U108/><E108/><V135/><F135/><W131/><G131/><T38/><D42/><U22/><REACH who="1" step="1"/><E35/><REACH who="1" ten="310,186,241,243" step="2"/><V31/><F97/><AGARI ba="1,2" hai="12,19,22,37,43,47,60,66,71,88,91,97,102,106" machi="97" ten="40,12000,2" yaku="1,1,2,1,52,2,54,1,53,1" doraHai="84" doraHaiUra="57" who="1" fromWho="2" sc="310,0,186,143,241,-123,243,0" /><INIT seed="3,0,0,0,0,27" ten="310,329,118,243" oya="3" hai0="81,62,14,23,130,93,67,17,129,48,28,7,82" hai1="66,125,104,71,89,53,31,45,103,122,132,96,65" hai2="1,24,40,58,131,126,8,29,128,102,13,36,95" hai3="6,30,50,114,42,0,113,32,120,83,44,38,59"/><W80/><G120/><T15/><D93/><U109/><E122/><V108/><F1/><W73/><G59/><T18/><D48/><U88/><E109/><V134/><F108/><W110/><G50/><T57/><D7/><U90/><E132/><V4/><F126/><W78/><G83/><T116/><D116/><U64/><E125/><V52/><F134/><W70/><G70/><T12/><D28/><U47/><E71/><V97/><F40/><W51/><G51/><T87/><D15/><U123/><E123/><V101/><F36/><W84/><G84/><T11/><REACH who="0" step="1"/><D81/><REACH who="0" ten="300,329,118,243" step="2"/><U105/><E105/><V112/><F112/><W94/><G94/><T127/><D127/><U69/><E69/><V63/><REACH who="2" step="1"/><F101/><REACH who="2" ten="300,329,108,243" step="2"/><W72/><G110/><T76/><AGARI ba="0,2" hai="11,12,14,17,18,23,57,62,67,76,82,87,129,130" machi="76" ten="30,4000,0" yaku="1,1,0,1,53,1" doraHai="27" doraHaiUra="75" who="0" fromWho="0" sc="300,60,329,-10,108,-10,243,-20" /><INIT seed="4,0,0,4,0,14" ten="360,319,98,223" oya="0" hai0="97,107,87,18,32,16,80,125,74,60,30,110,116" hai1="34,46,64,38,67,66,19,122,42,90,9,112,115" hai2="129,104,131,20,102,78,47,103,72,105,133,124,51" hai3="4,28,62,86,44,57,29,135,10,117,41,49,89"/><T126/><D74/><U11/><E122/><V98/><F20/><W27/><G27/><N who="0" m="18527" /><D116/><U84/><E34/><V91/><F47/><W15/><G117/><T82/><D82/><U37/><E37/><V22/><F22/><W96/><G96/><T121/><D121/><U114/><REACH who="1" step="1"/><E19/><REACH who="1" ten="360,309,98,223" step="2"/><V69/><F69/><W119/><G119/><T61/><D110/><U53/><E53/><V108/><F108/><W56/><G135/><T52/><D52/><U132/><E132/><V6/><F133/><W134/><G134/><T120/><D120/><U33/><E33/><V88/><F6/><W83/><REACH who="3" step="1"/><G57/><REACH who="3" ten="360,309,98,213" step="2"/><T5/><D125/><U106/><E106/><N who="2" m="41067" /><F124/><W48/><G48/><T93/><D126/><U3/><E3/><V45/><F51/><W24/><G24/><T128/><D107/><U17/><E17/><V65/><F131/><W130/><G130/><T101/><D128/><U25/><E25/><V77/><F129/><W35/><G35/><T76/><D5/><U58/><E58/><V100/><F45/><W73/><G73/><T12/><D18/><U71/><E71/><V0/><F0/><W85/><G85/><T111/><D111/><U123/><E123/><V39/><F39/><W54/><AGARI ba="0,2" hai="4,10,15,28,29,41,44,49,54,56,62,83,86,89" machi="54" ten="20,5200,0" yaku="1,1,0,1,7,1,8,1,53,0" doraHai="14" doraHaiUra="109" who="3" fromWho="3" sc="360,-26,309,-13,98,-13,213,72" /><INIT seed="5,0,0,4,5,44" ten="334,296,85,285" oya="1" hai0="104,21,52,101,129,72,94,76,117,14,12,133,17" hai1="98,122,30,99,45,68,33,78,13,63,70,80,40" hai2="75,87,57,79,96,6,39,26,4,0,126,49,84" hai3="22,128,123,66,56,31,5,32,55,67,90,36,7"/><U125/><E122/><V46/><F39/><W121/><G32/><T1/><D1/><U88/><E125/><V53/><F126/><W73/><G73/><T8/><D104/><U64/><E70/><V89/><F75/><W85/><G36/><T82/><D117/><U65/><E65/><V115/><F0/><W60/><G128/><T16/><D129/><U77/><E13/><V86/><F115/><W131/><G131/><T35/><D35/><U38/><E98/><V54/><F79/><W105/><G105/><T25/><D133/><U34/><E34/><V102/><F89/><W134/><G134/><T112/><D112/><U106/><E80/><V50/><REACH who="2" step="1"/><F26/><REACH who="2" ten="334,296,75,285" step="2"/><N who="3" m="16855" /><G123/><T124/><D124/><U3/><E3/><V2/><F2/><W41/><G121/><T69/><D25/><N who="1" m="18639" /><E88/><V59/><F59/><W20/><G56/><T74/><D74/><U24/><E24/><V111/><F111/><W61/><G90/><T130/><D130/><U135/><E135/><V109/><F109/><W97/><G85/><T71/><D71/><U48/><E38/><V113/><F113/><W92/><G97/><T108/><D69/><U83/><E83/><V120/><F120/><W27/><G27/><T19/><D108/><U18/><E78/><V28/><F28/><W81/><G81/><T132/><D132/><U58/><E77/><V93/><AGARI ba="0,1" hai="4,6,46,49,50,53,54,57,84,86,87,93,96,102" machi="93" ten="30,12000,2" yaku="1,1,0,1,8,1,52,2,53,2" doraHai="44" doraHaiUra="51" who="2" fromWho="2" sc="334,-30,296,-60,75,130,285,-30" /><INIT seed="6,0,0,0,4,62" ten="304,236,205,255" oya="2" hai0="29,27,60,118,56,98,28,1,113,115,4,57,18" hai1="133,3,8,35,53,64,14,106,52,69,102,107,23" hai2="63,124,36,94,30,49,95,61,41,123,74,80,130" hai3="10,85,72,121,12,15,34,110,131,48,86,16,22"/><V112/><F123/><W104/><G121/><T105/><D118/><U47/><E35/><V84/><F36/><W111/><G72/><T33/><D29/><U43/><E133/><V101/><F74/><W45/><G104/><T68/><D18/><U59/><E3/><V103/><F130/><W135/><G135/><T116/><D116/><U100/><E23/><V66/><F124/><W134/><G134/><T19/><D19/><U108/><E108/><V51/><F30/><W26/><G131/><T99/><D99/><U117/><E117/><V40/><F112/><N who="0" m="43082" /><D68/><U109/><E109/><V76/><F66/><W119/><G119/><T83/><D83/><U88/><E69/><V50/><F63/><W89/><G34/><T20/><D20/><U54/><E106/><V97/><REACH who="2" step="1"/><F61/><REACH who="2" ten="304,236,195,255" step="2"/><W2/><G110/><T44/><D60/><U96/><E64/><V67/><F67/><W42/><G111/><T129/><D129/><U25/><E59/><V114/><F114/><W5/><REACH who="3" step="1"/><G85/><REACH who="3" ten="304,236,195,245" step="2"/><T37/><D33/><U6/><E107/><V24/><F24/><W128/><G128/><T127/><D27/><U65/><E25/><V9/><F9/><W71/><G71/><T78/><D105/><U0/><E65/><V122/><F122/><W55/><G55/><T31/><D127/><U126/><E126/><V81/><F81/><AGARI ba="0,2" hai="2,5,10,12,15,16,22,26,42,45,48,81,86,89" machi="81" ten="30,7700,0" yaku="1,1,7,1,54,1,53,1" doraHai="62" doraHaiUra="38" who="3" fromWho="2" sc="304,0,236,0,195,-77,245,97" /><INIT seed="7,0,0,3,5,36" ten="304,236,118,342" oya="3" hai0="125,7,63,65,59,123,26,81,114,66,106,132,53" hai1="10,41,35,61,71,22,104,42,119,80,28,16,3" hai2="31,109,13,44,89,116,76,110,79,6,4,121,40" hai3="37,39,68,25,124,99,88,73,97,32,100,2,91"/><W21/><G2/><T50/><D123/><U93/><E104/><V135/><F116/><W103/><G32/><T84/><D106/><U64/><E119/><V87/><F121/><W60/><G73/><T105/><D105/><U57/><E35/><V108/><F135/><W115/><G115/><T122/><D122/><U33/><E33/><V98/><F109/><W1/><G1/><T77/><D132/><U134/><E134/><V51/><F110/><W24/><G60/><T129/><D129/><U54/><E28/><V19/><F108/><W85/><G85/><T27/><D125/><U18/><E80/><V101/><F31/><W120/><G120/><T86/><D114/><U0/><E0/><V95/><F76/><W74/><G74/><T107/><D107/><U9/><E93/><V12/><F12/><W126/><G21/><T52/><D7/><U96/><E96/><V90/><F79/><W67/><G67/><N who="0" m="25611" /><D86/><U14/><E9/><V69/><F69/><AGARI ba="0,0" hai="24,25,37,39,68,69,88,91,97,99,100,103,124,126" machi="69" ten="25,4800,0" yaku="22,2,54,1" doraHai="36" who="3" fromWho="2" sc="304,0,236,0,118,-48,342,48" owari="304,10.0,236,-16.0,70,-43.0,390,49.0" /></mjloggm>