<mjloggm ver="2.3"><GO type="169" lobby="0"/><UN n0="%E5%B0%B1%E6%B4%BB%E7%94%9F%40%E5%B7%9D%E6%9D%91%E8%BB%8D%E5%9B%A3" n1="%E3%81%B5%E3%81%86%E3%81%8C%E2%99%AA" n2="%73%69%6E%31%31%32%35" n3="%E3%83%8B%E3%83%A3%E3%83%83%E3%83%94%E3%83%BC%E5%A4%8F%E7%9B%AE" dan="18,16,16,17" rate="2227.38,2082.88,2140.01,2191.40" sx="M,M,M,M"/><TAIKYOKU oya="0"/><INIT seed="0,0,0,2,2,45" ten="250,250,250,250" oya="0" hai0="104,107,79,73,57,13,120,8,33,63,67,17,102" hai1="109,126,80,0,108,12,72,96,47,49,94,106,84" hai2="75,128,123,20,85,98,27,23,10,55,1,59,50" hai3="40,127,65,134,116,15,66,100,117,58,43,77,83"/><T5/><D120/><U37/><E0/><V38/><F75/><W101/><G134/><T6/><D33/><U19/><E37/><V130/><F123/><W121/><G121/><T114/><D114/><U69/><E69/><V91/><F38/><W41/><G127/><T92/><D104/><U90/><E126/><V70/><F70/><W29/><G29/><T135/><D135/><U112/><E112/><V26/><F98/><W7/><G117/><T53/><D107/><U119/><E72/><V54/><F54/><W113/><G113/><T35/><D35/><U48/><E47/><V87/><F87/><N who="3" m="48623" /><G116/><T9/><D9/><N who="1" m="6543" /><E106/><V68/><F68/><W71/><G71/><T88/><D102/><N who="3" m="39529" /><G58/><N who="0" m="37367" /><D79/><N who="1" m="46111" /><E119/><V125/><F125/><W25/><G25/><T110/><D110/><AGARI ba="0,0" hai="48,49,90,94,96,108,109,110" m="46111,6543" machi="110" ten="30,3900,0" yaku="14,1,52,2" doraHai="45" who="1" fromWho="0" sc="250,-39,250,39,250,0,250,0" /><INIT seed="1,0,0,0,5,32" ten="211,289,250,250" oya="1" hai0="37,40,8,67,49,126,85,7,128,79,99,106,92" hai1="104,18,35,66,115,2,51,4,22,13,11,65,96" hai2="80,44,17,27,81,70,68,69,107,50,58,10,82" hai3="101,88,0,38,1,19,62,122,94,73,61,123,118"/><U72/><E115/><V77/><F107/><W28/><G73/><T78/><D128/><U64/><E72/><V55/><F27/><W46/><G101/><T130/><D126/><U36/><E36/><V87/><F10/><W91/><G28/><T131/><D106/><U60/><E51/><V16/><F44/><W119/><G19/><T53/><D67/><U33/><REACH who="1" step="1"/><E60/><REACH who="1" ten="211,279,250,250" step="2"/><V134/><F134/><W103/><G38/><T59/><D130/><U125/><E125/><V74/><REACH who="2" step="1"/><F81/><REACH who="2" ten="211,279,240,250" step="2"/><W112/><G112/><T6/><D131/><U12/><E12/><V57/><F57/><W63/><G46/><T29/><D59/><U121/><E121/><V48/><F48/><W31/><G123/><T23/><D49/><U83/><E83/><V127/><F127/><W56/><G122/><T114/><D37/><U71/><E71/><V100/><F100/><AGARI ba="0,2" hai="2,4,11,13,18,22,33,35,64,65,66,96,100,104" machi="100" ten="40,3900,0" yaku="1,1,52,1,53,0" doraHai="32" doraHaiUra="90" who="1" fromWho="2" sc="211,0,279,59,240,-39,250,0" /><INIT seed="1,1,0,0,1,110" ten="211,338,201,250" oya="1" hai0="35,9,7,32,59,54,5,121,36,8,108,123,114" hai1="53,13,77,56,131,49,52,81,47,109,67,0,90" hai2="40,37,11,6,66,82,99,63,124,105,31,128,15" hai3="43,89,97,92,118,3,79,42,65,125,132,16,93"/><U22/><E131/><V134/><F134/><W71/><G3/><N who="0" m="63" /><D36/><U117/><E117/><V78/><F128/><W113/><G113/><T18/><D108/><U58/><E0/><V106/><F124/><W74/><G125/><T86/><D86/><U33/><E33/><N who="0" m="12873" /><D59/><U10/><E109/><V76/><F31/><W34/><G34/><T101/><D101/><U17/><E90/><V50/><F37/><W48/><G132/><T27/><D54/><U44/><E67/><V30/><F30/><W61/><G118/><T57/><D57/><U62/><REACH who="1" step="1"/><E10/><REACH who="1" ten="211,328,201,250" step="2"/><V98/><F11/><W104/><G65/><T116/><D116/><U88/><E88/><V83/><F66/><W85/><G89/><T126/><D126/><U28/><E28/><V111/><F111/><W25/><G79/><N who="2" m="30249" /><F83/><W73/><G71/><T68/><D68/><U133/><E133/><V69/><F82/><W100/><G100/><T70/><D70/><U23/><E23/><V12/><F69/><W14/><G97/><T60/><D123/><U122/><E122/><V51/><F99/><W91/><G91/><T55/><D9/><U29/><E29/><V127/><F98/><W112/><G74/><AGARI ba="1,1" hai="13,17,22,44,47,49,52,53,56,58,62,74,77,81" machi="74" ten="30,11600,0" yaku="1,1,7,1,54,1,53,1" doraHai="110" doraHaiUra="19" who="1" fromWho="3" sc="211,0,328,129,201,0,250,-119" /><INIT seed="1,2,0,2,1,14" ten="211,457,201,131" oya="1" hai0="43,29,18,7,110,73,57,1,120,122,85,59,58" hai1="12,6,99,60,92,100,32,108,25,79,34,89,130" hai2="135,76,23,126,118,87,38,47,70,82,96,48,105" hai3="93,3,125,78,52,64,36,127,10,81,45,128,86"/><U113/><E113/><V28/><F118/><W15/><G3/><T11/><D73/><U55/><E79/><V17/><F70/><W21/><G128/><T104/><D104/><U95/><E130/><V77/><F135/><W22/><G64/><T31/><D110/><U65/><E55/><N who="2" m="30111" /><F38/><W68/><G68/><T106/><D106/><U9/><E25/><N who="2" m="16447" /><F105/><W26/><G93/><T35/><D35/><U67/><E67/><V46/><F96/><W94/><G94/><T16/><D85/><U8/><E8/><V63/><F63/><W61/><G36/><T56/><N who="0" m="14848" /><DORA hai="2" /><T114/><D43/><U50/><E50/><V103/><F103/><W39/><G61/><T33/><D114/><U72/><E72/><V83/><F46/><W117/><G117/><T42/><D42/><U133/><E133/><V101/><F101/><W13/><G13/><T134/><D134/><U69/><REACH who="1" step="1"/><E108/><REACH who="1" ten="211,447,201,131" step="2"/><V40/><F40/><W111/><G111/><T88/><D120/><U74/><E74/><V107/><F76/><W54/><G26/><T49/><D122/><U112/><E112/><V37/><F77/><W44/><G54/><T98/><D49/><U20/><E20/><V119/><F37/><W90/><G78/><T75/><D75/><U115/><E115/><V116/><F119/><W30/><G52/><T5/><D33/><U91/><E91/><V109/><F116/><W121/><G121/><T19/><D5/><U84/><AGARI ba="2,1" hai="6,9,12,32,34,60,65,69,84,89,92,95,99,100" machi="84" ten="20,18000,2" yaku="1,1,0,1,7,1,52,1,53,2" doraHai="14,2" doraHaiUra="97,66" who="1" fromWho="1" sc="211,-62,447,196,201,-62,131,-62" /><INIT seed="1,3,0,4,2,53" ten="149,643,139,69" oya="1" hai0="28,14,3,118,55,25,92,62,126,110,41,32,97" hai1="46,17,73,4,69,45,121,86,50,39,129,94,131" hai2="16,38,66,100,48,115,104,75,26,82,20,119,31" hai3="103,19,52,93,95,23,35,68,18,64,120,1,29"/><U132/><E73/><V106/><F38/><W78/><G1/><T109/><D3/><U61/><E121/><V51/><F119/><W133/><G120/><T49/><D118/><U79/><E4/><V12/><F115/><W72/><G133/><T99/><D126/><U63/><E17/><V60/><F106/><W54/><G64/><T87/><D14/><U59/><E94/><N who="3" m="35850" /><G35/><T77/><D41/><U81/><E132/><V96/><F82/><W36/><G68/><T42/><D42/><U117/><E117/><V102/><F75/><W101/><G36/><T108/><D62/><U9/><E9/><V76/><F76/><W43/><G43/><T65/><D65/><U125/><E125/><V107/><F102/><N who="3" m="38923" /><G78/><T74/><D74/><U15/><E79/><V11/><REACH who="2" step="1"/><F107/><REACH who="2" ten="149,643,129,69" step="2"/><W34/><G72/><T37/><D37/><U83/><E39/><V22/><F22/><W44/><G34/><T0/><D77/><U13/><E81/><V123/><F123/><W21/><G44/><T24/><D32/><U84/><E45/><V116/><F116/><W105/><G105/><T70/><D108/><U90/><E46/><V130/><F130/><W85/><G85/><T2/><D87/><U88/><E86/><V113/><F113/><W127/><G127/><T33/><D33/><U111/><E84/><V56/><AGARI ba="3,1" hai="11,12,16,20,26,31,48,51,56,60,66,96,100,104" machi="56" ten="20,8000,1" yaku="1,1,0,1,7,1,52,1,54,1,53,0" doraHai="53" doraHaiUra="40" who="2" fromWho="2" sc="149,-23,643,-43,129,99,69,-23" /><INIT seed="2,0,0,4,0,38" ten="126,600,228,46" oya="2" hai0="95,96,110,115,42,29,109,97,73,100,5,77,40" hai1="64,131,46,91,114,28,126,129,45,121,69,118,24" hai2="32,49,36,56,111,130,94,113,30,59,0,123,58" hai3="117,13,103,33,3,17,74,1,119,72,108,116,50"/><V44/><F123/><W124/><G108/><N who="0" m="41579" /><D115/><U134/><E114/><V9/><F113/><W87/><G33/><T89/><D5/><U41/><E118/><V14/><F36/><W8/><G124/><T37/><D37/><U67/><E134/><V21/><F111/><W92/><G1/><T23/><D73/><U10/><E10/><V27/><F130/><W52/><G3/><T65/><D65/><U78/><E78/><V63/><F94/><W57/><REACH who="3" step="1"/><G87/><REACH who="3" ten="126,600,228,36" step="2"/><T12/><D77/><U135/><E126/><V53/><F32/><W39/><G39/><T47/><D47/><U22/><E45/><V83/><F0/><W98/><AGARI ba="0,1" hai="8,13,17,50,52,57,72,74,92,98,103,116,117,119" machi="98" ten="40,5200,0" yaku="1,1,0,1,54,1,53,0" doraHai="38" doraHaiUra="20" who="3" fromWho="3" sc="126,-13,600,-13,228,-26,36,62" /><INIT seed="3,0,0,0,0,120" ten="113,587,202,98" oya="3" hai0="20,75,7,72,127,116,118,84,55,73,103,124,74" hai1="13,49,23,86,34,3,42,131,61,82,133,18,97" hai2="130,60,88,63,70,77,8,0,33,105,59,111,101" hai3="112,93,65,129,109,96,35,5,25,36,67,43,76"/><W38/><G112/><T40/><N who="0" m="18944" /><DORA hai="85" /><T126/><D40/><U98/><E3/><V32/><F77/><W89/><G76/><T62/><D7/><U110/><E110/><V10/><F59/><W80/><G80/><T45/><D103/><U78/><E34/><V94/><F0/><W58/><G129/><T128/><D128/><U108/><E108/><V15/><F111/><W52/><G109/><T113/><D113/><U31/><E133/><V81/><F81/><W44/><G36/><T56/><D20/><U71/><E31/><V132/><F101/><W54/><G5/><T134/><D134/><U24/><E24/><V2/><F105/><W48/><REACH who="3" step="1"/><G54/><REACH who="3" ten="113,587,202,88" step="2"/><T125/><N who="0" m="32256" /><DORA hai="119" /><T53/><D84/><U14/><E86/><V66/><F130/><W46/><G46/><T17/><D17/><U99/><E18/><V115/><F115/><W104/><G104/><T87/><D87/><U26/><E82/><V135/><F135/><W1/><G1/><T39/><D39/><U114/><E78/><V95/><F2/><W11/><G11/><T100/><D100/><U16/><E16/><V91/><F10/><W117/><G117/><N who="0" m="45163" /><D45/><U122/><E114/><V22/><F132/><W68/><G68/><T121/><D121/><U27/><E71/><V19/><F70/><W64/><G64/><AGARI ba="0,1" hai="53,55,56,62,64" m="45163,32256,18944" machi="64" ten="90,2900,0" yaku="18,1" doraHai="120,85,119" who="0" fromWho="3" sc="113,39,587,0,202,0,88,-29" /><INIT seed="4,0,0,2,0,24" ten="152,587,202,59" oya="0" hai0="43,60,87,16,6,8,94,55,61,81,20,22,50" hai1="29,49,77,97,103,56,23,67,96,111,102,52,79" hai2="21,108,92,19,5,109,13,65,0,57,53,71,125" hai3="82,33,104,98,31,34,119,9,35,75,37,4,126"/><T133/><D133/><U7/><E7/><V86/><F125/><W73/><G126/><T78/><D43/><U51/><E67/><V122/><F122/><W107/><G119/><T26/><D22/><U85/><E85/><V1/><F71/><W70/><G70/><T28/><D94/><U99/><E111/><V10/><F65/><W112/><G37/><T36/><D36/><U58/><E29/><V12/><F1/><W17/><G17/><T27/><D27/><U116/><E23/><V32/><F13/><W123/><G112/><T42/><D42/><U131/><E131/><V30/><F32/><W110/><G110/><T100/><D100/><U63/><E116/><V130/><F30/><W48/><G48/><T113/><D113/><U47/><E47/><V39/><F39/><W101/><G107/><T2/><REACH who="0" step="1"/><D16/><REACH who="0" ten="142,587,202,59" step="2"/><U46/><E103/><V41/><F41/><W69/><G123/><T68/><D68/><U14/><E102/><V132/><F132/><W62/><G82/><T128/><D128/><U44/><E99/><V114/><F130/><W72/><G69/><T84/><D84/><U105/><E96/><V3/><F114/><W124/><G124/><T66/><D66/><U76/><E97/><V135/><F135/><W118/><G118/><T127/><D127/><U121/><E121/><V120/><F109/><W64/><G64/><T45/><AGARI ba="0,1" hai="2,6,8,20,26,28,45,50,55,60,61,78,81,87" machi="45" ten="20,7800,0" yaku="1,1,0,1,7,1,52,1,53,0" doraHai="24" doraHaiUra="129" who="0" fromWho="0" sc="142,88,587,-26,202,-26,59,-26" /><INIT seed="4,1,0,3,4,40" ten="230,561,176,33" oya="0" hai0="51,61,46,7,95,97,90,74,4,24,84,106,19" hai1="13,126,25,128,107,6,29,73,99,42,59,21,103" hai2="10,5,14,93,0,16,114,2,94,64,118,41,60" hai3="102,81,55,48,116,82,18,79,63,31,37,47,124"/><T100/><D74/><U52/><E128/><V108/><F108/><W71/><G116/><T123/><D123/><U78/><E42/><V125/><F118/><W117/><G117/><T27/><D61/><U43/><E43/><V132/><F132/><W86/><G124/><T92/><D106/><U120/><E126/><V9/><F125/><W70/><G37/><T80/><D95/><U131/><E131/><V3/><F114/><W130/><G130/><T69/><D69/><U8/><E120/><V77/><F77/><W87/><G102/><T23/><REACH who="0" step="1"/><D24/><REACH who="0" ten="220,561,176,33" step="2"/><U17/><E73/><V1/><REACH who="2" step="1"/><F41/><AGARI ba="1,1" hai="4,7,19,23,27,41,46,51,80,84,90,92,97,100" machi="41" ten="30,12000,1" yaku="1,1,2,1,7,1,8,1,52,1,53,0" doraHai="40" doraHaiUra="121" who="0" fromWho="2" sc="220,133,561,0,176,-123,33,0" /><INIT seed="4,2,0,0,0,84" ten="353,561,53,33" oya="0" hai0="106,70,78,110,13,32,72,8,62,22,69,29,81" hai1="117,83,67,115,63,60,127,3,40,120,49,24,27" hai2="118,123,71,47,88,56,38,114,10,135,116,37,133" hai3="119,99,85,125,45,122,121,39,46,55,11,89,92"/><T7/><D110/><U52/><E117/><N who="2" m="45163" /><F123/><N who="3" m="47115" /><G119/><T2/><D106/><U124/><E120/><V80/><F114/><W87/><G125/><T90/><D90/><U51/><E3/><V91/><F71/><W20/><G39/><N who="2" m="14857" /><F47/><N who="3" m="17931" /><G55/><T101/><D101/><U111/><E40/><V53/><F10/><W108/><G108/><T35/><D35/><U94/><E115/><V41/><F41/><W93/><G93/><T28/><D28/><U61/><E94/><V131/><F131/><W5/><G20/><T73/><D73/><U97/><E67/><V16/><F16/><W31/><G31/><T112/><D112/><U4/><E52/><V25/><F25/><W74/><G74/><T109/><D109/><U64/><E64/><V126/><F126/><W113/><G113/><T44/><D44/><U86/><E111/><V21/><F21/><W17/><G17/><N who="0" m="10543" /><D62/><U36/><E63/><N who="2" m="36239" /><F80/><W103/><G103/><T18/><D18/><U75/><E83/><V66/><F66/><W1/><AGARI ba="2,0" hai="1,5,11,85,87,89,92,99" m="17931,47115" machi="1" ten="30,2000,0" yaku="13,1,52,1" doraHai="84" who="3" fromWho="3" sc="353,-12,561,-7,53,-7,33,26" /><INIT seed="5,0,0,0,0,65" ten="341,554,46,59" oya="1" hai0="53,98,95,121,124,74,75,103,32,88,112,102,10" hai1="130,80,61,123,38,90,116,17,56,39,76,42,113" hai2="48,107,115,96,50,26,22,21,91,49,51,100,125" hai3="54,119,52,9,109,60,73,105,31,34,69,89,108"/><U81/><E113/><V29/><F125/><W71/><G73/><T67/><D32/><U6/><E6/><V97/><N who="2" m="12288" /><DORA hai="59" /><V40/><F115/><W33/><G105/><T93/><D112/><U70/><E70/><N who="3" m="26634" /><G89/><T94/><D124/><U122/><E130/><V43/><REACH who="2" step="1"/><F21/><REACH who="2" ten="341,554,36,59" step="2"/><W2/><G34/><T79/><D121/><U106/><E122/><V63/><F63/><W55/><G33/><T11/><D102/><U27/><E61/><V25/><F25/><W133/><G60/><T68/><D103/><U45/><E27/><V8/><F8/><W87/><G9/><T15/><D10/><U12/><E123/><V92/><AGARI ba="0,1" hai="22,26,29,40,43,91,92,96,97,100,107" m="12288" machi="92" ten="40,8000,1" yaku="1,1,0,1,53,2" doraHai="65,59" doraHaiUra="135,36" who="2" fromWho="2" sc="341,-20,554,-40,36,90,59,-20" /><INIT seed="6,0,0,5,0,107" ten="321,514,126,39" oya="2" hai0="68,112,21,12,20,59,32,103,131,116,10,78,54" hai1="130,123,100,36,33,47,99,79,28,109,42,52,63" hai2="16,53,92,94,80,113,70,43,51,72,119,83,128" hai3="45,49,23,86,56,13,50,74,81,35,93,88,129"/><V0/><F70/><W62/><G35/><T104/><D68/><U26/><E109/><V111/><F119/><W95/><G129/><T55/><D32/><U65/><E130/><V89/><F128/><W85/><G74/><T1/><D1/><U61/><E79/><V31/><F0/><W108/><G108/><T57/><D131/><U8/><E65/><V124/><F111/><W11/><G23/><N who="0" m="8779" /><D104/><U34/><E34/><V122/><F31/><W126/><G126/><T2/><D2/><U18/><E52/><N who="0" m="20009" /><D112/><U66/><E66/><V29/><F113/><W27/><G27/><T120/><D120/><U117/><E117/><V19/><F122/><W38/><G38/><T64/><D64/><U76/><E76/><V9/><F124/><W91/><G81/><T71/><D71/><U82/><E82/><V118/><F118/><W14/><G45/><T15/><D78/><U75/><E75/><V125/><F125/><W5/><REACH who="3" step="1"/><G14/><REACH who="3" ten="321,514,126,29" step="2"/><T58/><D15/><N who="1" m="7527" /><E123/><V39/><F80/><W135/><G135/><T102/><D116/><U106/><E26/><V46/><F83/><W48/><G48/><T25/><D25/><U41/><E33/><V67/><F72/><W7/><G7/><AGARI ba="0,1" hai="7,10,12,57,58,59,102,103" m="20009,8779" machi="7" ten="30,2000,0" yaku="8,1,54,1" doraHai="107" who="0" fromWho="3" sc="321,30,514,0,126,0,29,-20" /><INIT seed="7,0,0,2,5,66" ten="351,514,126,9" oya="3" hai0="79,94,108,81,109,53,110,62,42,45,97,41,121" hai1="57,16,128,56,54,86,14,112,92,43,84,17,51" hai2="116,129,44,48,125,34,127,114,63,52,111,115,74" hai3="126,46,107,100,11,103,2,60,23,36,20,3,1"/><W88/><G60/><T68/><D121/><U47/><E112/><N who="2" m="43051" /><F74/><W105/><G11/><T27/><D27/><U10/><E128/><V87/><F129/><W70/><G46/><T8/><D8/><U95/><E57/><N who="2" m="35239" /><F111/><W99/><G36/><T90/><D68/><U75/><E75/><V65/><F65/><W35/><G35/><T133/><D133/><U135/><E17/><V28/><F116/><W30/><G70/><T122/><D122/><U32/><E32/><V31/><F87/><N who="1" m="33321" /><E135/><V119/><F119/><W19/><G126/><N who="2" m="48137" /><F34/><W91/><G30/><T76/><D76/><U69/><E69/><V29/><F29/><W6/><G6/><T12/><D12/><U18/><E18/><V124/><N who="2" m="48145" /><V77/><DORA hai="104" /><F77/><W73/><G73/><T130/><D130/><U40/><E40/><AGARI ba="0,0" hai="28,31,40,44,48" m="48145,35239,43051" machi="40" ten="40,5200,0" yaku="15,1,18,1,54,1" doraHai="66,104" who="2" fromWho="1" sc="351,0,514,-52,126,52,9,0" owari="351,15.0,462,56.0,178,-22.0,9,-49.0" /></mjloggm>