<mjloggm ver="2.3"><GO type="41" lobby="0"/><UN n0="%70%72%6F%62%61%62%6C%65" n1="%E5%B0%B1%E6%B4%BB%E7%94%9F%40%E5%B7%9D%E6%9D%91%E8%BB%8D%E5%9B%A3" n2="%28%2A%5E%5E%2A%29" n3="%E3%82%A2%E3%82%AF%E3%82%B9%E3%82%B1" dan="14,17,15,14" rate="1944.32,2184.82,1981.62,1975.83" sx="M,M,M,M"/><TAIKYOKU oya="0"/><INIT seed="0,0,0,2,4,6" ten="250,250,250,250" oya="0" hai0="3,104,125,122,97,19,55,16,67,22,29,98,99" hai1="90,77,61,54,48,49,100,101,1,108,123,53,93" hai2="119,12,44,110,33,20,65,35,76,66,7,41,10" hai3="87,23,128,88,96,24,15,116,130,9,131,134,28"/><T62/><D122/><U42/><E123/><V81/><F110/><W121/><G116/><T83/><D3/><U117/><E117/><V64/><F20/><W4/><G121/><T72/><D104/><U86/><E108/><V0/><F0/><W132/><REACH who="3" step="1"/><G96/><REACH who="3" ten="250,250,250,240" step="2"/><T63/><D99/><U47/><E1/><V82/><F119/><W75/><G75/><T95/><D72/><U89/><E77/><V103/><F103/><W124/><G124/><T18/><D125/><U113/><E113/><V40/><F76/><W112/><G112/><T107/><D98/><U58/><REACH who="1" step="1"/><E89/><REACH who="1" ten="250,240,250,240" step="2"/><V37/><F81/><AGARI ba="0,2" hai="4,9,15,23,24,28,81,87,88,128,130,131,132,134" machi="81" ten="40,8000,1" yaku="1,1,19,1,52,1,54,1,53,0" doraHai="6" doraHaiUra="74" who="3" fromWho="2" sc="250,0,240,0,250,-80,240,100" /><INIT seed="1,0,0,2,5,120" ten="250,240,170,340" oya="1" hai0="59,68,86,6,133,113,110,55,8,10,112,71,126" hai1="64,131,47,58,31,18,13,94,15,95,114,42,22" hai2="19,53,117,43,35,49,83,80,26,87,101,75,67" hai3="134,132,73,63,23,57,36,7,127,11,34,100,78"/><U5/><E114/><V130/><F117/><W56/><G36/><T52/><D133/><N who="3" m="51305" /><G34/><T115/><D126/><U24/><E131/><V9/><F130/><W116/><G116/><T109/><D86/><U91/><E5/><V105/><F75/><W97/><G23/><T66/><D66/><U16/><E64/><V79/><F83/><N who="3" m="45519" /><G63/><T48/><D55/><U102/><E58/><V119/><F119/><W54/><G54/><T104/><D104/><U41/><E102/><V46/><F67/><W37/><G37/><T125/><D125/><U20/><E91/><V90/><F35/><W39/><G39/><T118/><D118/><U84/><E84/><V4/><F19/><W44/><G44/><T135/><D135/><U92/><REACH who="1" step="1"/><E47/><REACH who="1" ten="250,230,170,340" step="2"/><V96/><F4/><W30/><G127/><T3/><REACH who="0" step="1"/><D10/><AGARI ba="0,1" hai="10,13,15,16,18,20,22,24,31,41,42,92,94,95" machi="10" ten="40,12000,1" yaku="1,1,2,1,8,1,54,1,53,0" doraHai="120" doraHaiUra="123" who="1" fromWho="0" sc="250,-120,230,130,170,0,340,0" /><INIT seed="1,1,0,2,3,86" ten="130,360,170,340" oya="1" hai0="33,89,67,120,134,122,4,113,132,123,75,57,70" hai1="55,82,78,2,76,74,101,16,42,9,51,110,61" hai2="131,53,46,24,59,39,91,66,80,127,129,87,20" hai3="27,96,126,94,72,79,133,18,17,7,49,112,90"/><U100/><E76/><V50/><F127/><W38/><G112/><T11/><D70/><U108/><E61/><V36/><F66/><W14/><G126/><T31/><D113/><U10/><E2/><V28/><REACH who="2" step="1"/><F46/><REACH who="2" ten="130,360,160,340" step="2"/><W107/><G133/><T124/><D67/><U118/><E118/><V103/><F103/><W71/><G71/><T62/><D124/><U109/><E42/><V92/><F92/><W130/><G94/><T116/><D116/><U47/><E10/><V44/><F44/><W88/><G107/><T41/><D134/><U115/><E115/><V64/><F64/><W95/><G95/><T135/><D41/><U125/><E125/><V121/><F121/><W73/><G130/><AGARI ba="1,1" hai="20,24,28,36,39,50,53,59,80,87,91,129,130,131" machi="130" ten="40,5200,0" yaku="1,1,19,1,52,1,53,0" doraHai="86" doraHaiUra="56" who="2" fromWho="3" sc="130,0,360,0,160,65,340,-55" /><INIT seed="2,0,0,4,2,121" ten="130,360,225,285" oya="2" hai0="98,100,8,102,93,55,80,54,134,48,89,4,118" hai1="73,126,81,26,0,72,76,43,97,53,10,112,35" hai2="9,71,13,129,7,19,101,14,132,21,63,61,122" hai3="90,27,2,91,41,123,50,18,133,22,92,105,69"/><V99/><F122/><W29/><G69/><T119/><D134/><U16/><E112/><V116/><F132/><W12/><G133/><T94/><D80/><U114/><E114/><V82/><F129/><W59/><G2/><T34/><D34/><U115/><E115/><V70/><F116/><N who="0" m="44586" /><D94/><U45/><E126/><V110/><F63/><W117/><G123/><T25/><D25/><U108/><E53/><N who="0" m="19977" /><D48/><U17/><E73/><V96/><F96/><W68/><G68/><T109/><D109/><U36/><E108/><V135/><F135/><W33/><G105/><T128/><D128/><U30/><E97/><V64/><F71/><W103/><G117/><T1/><AGARI ba="0,0" hai="1,4,8,89,93,98,100,102" m="19977,44586" machi="1" ten="30,1100,0" yaku="12,1" doraHai="121" who="0" fromWho="0" sc="130,11,360,-3,225,-5,285,-3" /><INIT seed="3,0,0,0,2,61" ten="141,357,220,282" oya="3" hai0="99,134,56,105,12,46,50,114,110,112,87,17,82" hai1="128,60,34,63,58,20,80,96,1,45,77,107,62" hai2="124,84,72,18,68,4,35,73,101,59,7,2,14" hai3="21,25,26,43,119,76,86,29,22,6,125,129,49"/><W113/><G119/><T30/><D30/><U10/><E34/><V127/><F35/><W71/><G113/><N who="0" m="43627" /><D110/><U85/><E128/><V38/><F38/><W93/><G129/><T115/><D56/><U74/><E74/><V64/><F2/><W54/><G125/><N who="2" m="48201" /><F68/><W75/><G75/><T70/><D134/><U123/><E123/><V102/><F84/><W55/><G71/><T130/><D130/><U69/><E69/><V47/><F47/><W31/><G6/><N who="2" m="2089" /><F72/><W33/><G33/><T92/><D105/><U44/><E1/><V39/><F39/><W36/><G36/><T57/><D57/><U111/><E111/><V37/><F37/><W81/><G93/><T0/><D70/><U133/><E107/><V9/><F73/><W126/><G126/><T95/><D99/><U51/><E96/><V104/><F104/><W19/><G19/><T83/><D0/><U52/><E133/><V66/><F59/><W97/><G97/><T132/><D132/><U8/><E20/><V122/><F122/><W40/><G55/><N who="0" m="30167" /><D82/><U90/><E45/><AGARI ba="0,0" hai="21,22,25,26,29,31,40,43,45,49,54,76,81,86" machi="45" ten="30,5800,0" yaku="7,1,9,1,8,1" doraHai="61" who="3" fromWho="1" sc="141,0,357,-58,220,0,282,58" /><INIT seed="3,1,0,4,5,87" ten="141,299,220,340" oya="3" hai0="39,42,102,97,28,11,129,83,89,80,55,122,79" hai1="95,5,38,45,77,1,105,60,72,135,90,0,114" hai2="2,113,65,117,58,50,110,16,99,33,35,125,4" hai3="3,109,26,101,82,20,19,115,128,43,22,86,107"/><W21/><G3/><T127/><D122/><U81/><E114/><V54/><F113/><W100/><G115/><T130/><D28/><U23/><E105/><V44/><F117/><W31/><G128/><N who="0" m="49259" /><D127/><U71/><E135/><V52/><F125/><W8/><G109/><T49/><D39/><U40/><E23/><V13/><F4/><W66/><G66/><T103/><D42/><U10/><E60/><V120/><F2/><W84/><G43/><T98/><D11/><U132/><E132/><V61/><F110/><W85/><G107/><N who="0" m="63951" /><D79/><U68/><REACH who="1" step="1"/><E0/><REACH who="1" ten="141,289,220,340" step="2"/><V12/><F120/><W133/><G133/><T9/><D9/><U106/><E106/><V63/><F35/><W126/><G126/><T124/><D124/><U25/><E25/><V32/><F32/><W17/><G82/><T123/><D123/><U134/><E134/><V69/><F33/><W53/><G22/><T59/><D103/><U64/><E64/><V73/><F13/><N who="3" m="7335" /><G101/><T74/><D74/><U29/><E29/><V62/><F73/><W96/><G31/><T47/><D80/><U93/><E93/><V121/><F121/><W37/><G20/><T41/><D83/><U46/><E46/><V108/><F108/><W56/><G100/><T116/><D116/><U6/><E6/><V7/><F7/><W48/><G26/><T15/><D47/><U30/><E30/><V88/><F65/><W14/><G21/><T34/><D34/><U94/><E94/><N who="2" m="56775" /><F69/><W78/><G19/><T119/><D119/><U112/><E112/><V92/><F92/><W111/><G111/><T104/><D104/><RYUUKYOKU ba="1,1" sc="141,-15,289,15,220,15,340,-15" hai1="1,5,10,38,40,45,68,71,72,77,81,90,95" hai2="12,16,44,50,52,54,58,61,62,63" /><INIT seed="4,2,1,0,0,30" ten="126,304,235,325" oya="0" hai0="89,36,106,33,6,26,25,31,88,131,13,32,4" hai1="55,124,57,125,112,56,37,135,64,21,5,90,104" hai2="126,78,111,2,85,22,44,14,73,98,20,107,119" hai3="48,127,91,110,101,116,120,12,17,59,95,3,39"/><T81/><D36/><U108/><E104/><V43/><F111/><W63/><G116/><T129/><D106/><U118/><E108/><V23/><F119/><W83/><G110/><T29/><D81/><U49/><E118/><V66/><F66/><W105/><G3/><T10/><D4/><U35/><E5/><V52/><F126/><N who="1" m="48745" /><E35/><V40/><F73/><W9/><G120/><T77/><D77/><U27/><E135/><V86/><F2/><W53/><G39/><T24/><D24/><U60/><E112/><V97/><F107/><W19/><G127/><T82/><D82/><U61/><E90/><AGARI ba="2,1" hai="6,10,13,25,26,29,31,32,33,88,89,90,129,131" machi="90" ten="40,12000,1" yaku="9,1,52,2,54,1" doraHai="30" who="0" fromWho="1" sc="126,136,304,-126,235,0,325,0" /><INIT seed="4,3,0,1,5,28" ten="262,178,235,325" oya="0" hai0="95,119,108,40,123,57,64,67,13,113,90,89,33" hai1="56,6,118,133,71,76,115,9,101,11,0,35,78" hai2="24,23,34,104,27,121,37,83,96,128,46,110,68" hai3="88,43,122,94,31,85,100,130,32,49,74,103,93"/><T50/><D123/><U129/><E71/><V4/><F121/><W60/><G122/><T41/><D119/><U114/><E118/><V87/><F110/><W72/><G130/><T127/><D108/><U80/><E129/><V29/><F128/><W116/><G116/><T52/><D33/><U30/><E133/><V14/><F4/><W39/><G39/><T111/><D111/><U26/><E101/><V36/><F14/><W65/><G43/><N who="0" m="16459" /><D113/><N who="1" m="43019" /><E9/><V16/><F46/><W98/><G49/><T44/><D127/><U25/><E80/><V1/><F1/><W126/><G103/><T48/><D13/><U131/><E131/><V125/><F68/><W79/><G79/><N who="1" m="30250" /><E56/><V91/><REACH who="2" step="1"/><F125/><REACH who="2" ten="262,178,225,325" step="2"/><W102/><G126/><T19/><D44/><U55/><E26/><V99/><F99/><W134/><G98/><T58/><D67/><U42/><E42/><V106/><F106/><W86/><G65/><T12/><D64/><U81/><E81/><V120/><F120/><W135/><G135/><T22/><D95/><U112/><E112/><V62/><F62/><W73/><G60/><T18/><D58/><U70/><E70/><V2/><F2/><W47/><G134/><T66/><D66/><U59/><E59/><V84/><F84/><W51/><G86/><T54/><D50/><U17/><E55/><V38/><F38/><W3/><G94/><T61/><D54/><U75/><E75/><V92/><F92/><W107/><G3/><T82/><D61/><U69/><E69/><V117/><F117/><W7/><G107/><T109/><D82/><U97/><E97/><RYUUKYOKU ba="3,1" sc="262,-15,178,15,225,15,325,-15" hai1="0,6,11,17,25,30,35" hai2="16,23,24,27,29,34,36,37,83,87,91,96,104" /><INIT seed="5,4,1,5,1,86" ten="247,193,240,310" oya="1" hai0="122,99,4,32,26,46,102,108,20,81,97,67,62" hai1="30,39,33,45,123,132,82,50,44,3,53,112,96" hai2="19,61,29,98,42,18,36,80,52,106,100,73,75" hai3="15,134,92,103,49,17,68,70,104,71,131,87,88"/><U38/><E123/><V101/><F101/><W14/><G134/><T24/><D32/><U21/><E3/><V79/><F29/><W93/><G104/><T91/><D108/><U117/><E132/><V8/><F75/><W110/><G110/><T43/><D122/><U55/><E117/><V34/><F34/><W77/><G131/><T1/><D1/><U126/><E33/><V78/><F78/><W65/><G77/><T13/><D102/><U2/><E2/><V115/><F115/><W16/><G49/><N who="0" m="26847" /><D81/><U11/><E112/><V23/><F42/><W12/><REACH who="3" step="1"/><G65/><REACH who="3" ten="247,193,240,300" step="2"/><T135/><D135/><U125/><E39/><V74/><F36/><W107/><G107/><T129/><D129/><U35/><E38/><V51/><F51/><W116/><G116/><T54/><D67/><U83/><E50/><V127/><F106/><W121/><G121/><T5/><D91/><U27/><E125/><V22/><F127/><W60/><G60/><T58/><D26/><U9/><E126/><V41/><F61/><W64/><G64/><T66/><D66/><U120/><E120/><V47/><F79/><W119/><G119/><T133/><D133/><U113/><E113/><V25/><F100/><W57/><G57/><T69/><D69/><U105/><E45/><V130/><F47/><W72/><G72/><T63/><D63/><U85/><E44/><V59/><F130/><W56/><G56/><T37/><D37/><U7/><E55/><V6/><F52/><W10/><G10/><N who="1" m="3594" /><E53/><V48/><F48/><W90/><G90/><T124/><D124/><U28/><E105/><RYUUKYOKU ba="4,2" sc="247,-10,193,-10,240,-10,300,30" hai3="12,14,15,16,17,68,70,71,87,88,92,93,103" /><INIT seed="6,5,2,2,4,85" ten="237,183,230,330" oya="2" hai0="128,2,13,33,92,63,29,125,67,35,93,9,39" hai1="30,15,89,24,121,21,65,66,52,61,132,99,8" hai2="106,130,75,71,90,81,77,119,131,83,117,114,23" hai3="57,104,43,107,82,123,113,87,68,49,94,110,10"/><V17/><F71/><W112/><G123/><T16/><D2/><U37/><E132/><V80/><F17/><W14/><G110/><T72/><D72/><U120/><E37/><V51/><F51/><W47/><G94/><N who="0" m="36459" /><D39/><U116/><E116/><N who="2" m="44619" /><F23/><W48/><G68/><T84/><D35/><U58/><E99/><V70/><F70/><W5/><G57/><N who="0" m="37359" /><D33/><U28/><E89/><V25/><F25/><W22/><G22/><T69/><D69/><U12/><E30/><V40/><F40/><W105/><REACH who="3" step="1"/><G48/><REACH who="3" ten="237,183,230,320" step="2"/><T36/><D36/><U73/><E73/><V3/><F106/><W95/><G95/><T50/><D128/><N who="2" m="49194" /><F114/><W74/><G74/><T101/><D125/><U103/><E103/><V118/><F118/><W60/><G60/><T127/><D127/><U32/><E32/><V102/><F102/><W4/><G4/><T31/><D101/><U18/><REACH who="1" step="1"/><E12/><REACH who="1" ten="237,173,230,320" step="2"/><V59/><F3/><W26/><G26/><T124/><D124/><U108/><E108/><V41/><F83/><W27/><G27/><T126/><D126/><U135/><E135/><V111/><F81/><W79/><AGARI ba="5,4" hai="5,10,14,43,47,49,79,82,87,104,105,107,112,113" machi="79" ten="40,8000,1" yaku="1,1,0,1,25,2,53,0" doraHai="85" doraHaiUra="86" who="3" fromWho="3" sc="237,-25,173,-25,230,-45,320,135" /><INIT seed="7,0,0,2,4,33" ten="212,148,185,455" oya="3" hai0="113,73,84,8,43,51,105,131,127,20,58,130,60" hai1="134,62,115,124,15,7,87,41,12,9,109,28,19" hai2="1,56,6,129,68,30,75,86,53,35,108,63,100" hai3="78,81,42,4,14,85,57,112,70,126,34,39,97"/><W95/><G57/><T74/><D105/><U67/><E109/><V77/><F108/><W102/><G14/><T123/><D123/><U11/><E115/><V96/><F75/><W99/><G85/><T5/><D127/><U47/><E124/><V32/><F129/><N who="0" m="49162" /><D113/><U54/><E134/><V46/><F68/><W83/><G42/><T104/><D104/><U21/><E87/><V110/><F30/><W107/><G83/><T0/><D20/><U82/><E82/><V106/><F110/><W66/><G99/><T98/><D98/><U17/><E54/><V61/><F61/><W23/><G107/><T27/><D27/><U94/><E94/><V24/><F24/><W101/><G81/><T52/><D84/><U119/><E119/><V36/><F36/><W65/><G70/><T91/><D91/><U128/><E128/><V37/><F37/><W13/><G39/><T117/><D117/><U2/><E28/><V116/><F116/><W44/><G112/><T120/><D120/><U90/><E90/><V40/><F86/><W16/><G97/><T118/><D118/><U25/><E47/><AGARI ba="0,0" hai="0,5,8,43,47,51,52,58,60,73,74" m="49162" machi="47" ten="30,3900,0" yaku="19,1,52,1,54,1" doraHai="33" who="0" fromWho="1" sc="212,39,148,-39,185,0,455,0" owari="251,5.0,109,-39.0,185,-21.0,455,55.0" /></mjloggm>