<mjloggm ver="2.3"><GO type="169" lobby="0"/><UN n0="%E2%80%A0%E3%81%BE%E3%83%BC%E5%9D%8A%E2%80%A0" n1="%E3%81%BF%E3%81%8B%E3%82%93%EF%BC%A0%E3%82%8F%E3%81%8B%E3%82%81%E3%81%A6" n2="%E3%82%88%E3%82%8D%E3%82%81%E3%81%8D%47%54%49" n3="%E5%B0%B1%E6%B4%BB%E7%94%9F%40%E5%B7%9D%E6%9D%91%E8%BB%8D%E5%9B%A3" dan="18,17,16,17" rate="2239.79,2256.53,2077.58,2235.27" sx="M,M,M,M"/><TAIKYOKU oya="0"/><INIT seed="0,0,0,0,4,34" ten="250,250,250,250" oya="0" hai0="31,2,119,22,122,36,99,67,68,62,106,83,109" hai1="108,72,29,19,51,121,128,89,44,81,0,100,94" hai2="96,13,132,6,12,52,77,87,48,54,58,124,41" hai3="42,1,85,65,57,134,111,14,59,84,82,103,130"/><T37/><D119/><U133/><E121/><V10/><F124/><W125/><G111/><T107/><D122/><U45/><E108/><V66/><F132/><W120/><G1/><T16/><D109/><U50/><E133/><V116/><F116/><W46/><G134/><T47/><D2/><U110/><E110/><V8/><F96/><W104/><G84/><T11/><D31/><U30/><E0/><V49/><F66/><W15/><G65/><T93/><D11/><U63/><E63/><V35/><F35/><W126/><G130/><T86/><D37/><U39/><E72/><V129/><F129/><W101/><G57/><T80/><D47/><N who="1" m="17995" /><E39/><V38/><F38/><W69/><G59/><T60/><D60/><U55/><E19/><V25/><F25/><W27/><G27/><T26/><D36/><U127/><E127/><V91/><F41/><W78/><G69/><T53/><D53/><N who="2" m="20586" /><F77/><W71/><G71/><T135/><D135/><U20/><E55/><V18/><F58/><W28/><G120/><T79/><REACH who="0" step="1"/><D80/><AGARI ba="0,0" hai="6,8,10,12,13,18,48,49,80,87,91" m="20586" machi="80" ten="30,2000,0" yaku="8,1,54,1" doraHai="34" who="2" fromWho="0" sc="250,-20,250,0,250,20,250,0" /><INIT seed="1,0,0,5,4,48" ten="230,250,270,250" oya="1" hai0="44,92,71,37,60,101,1,72,25,4,8,125,112" hai1="36,114,34,27,11,6,47,106,46,77,131,74,35" hai2="2,32,82,51,55,105,73,54,5,110,12,123,95" hai3="19,69,14,102,70,121,75,124,21,100,33,13,129"/><U26/><E114/><V42/><F105/><W53/><G75/><T88/><D112/><U62/><E106/><V130/><F123/><W133/><G33/><T109/><D109/><U118/><E118/><V135/><F32/><W126/><G121/><T0/><D125/><N who="3" m="48233" /><G133/><T63/><D71/><N who="3" m="27145" /><G129/><T18/><D72/><U65/><E131/><V52/><F2/><W120/><G120/><T38/><D101/><N who="3" m="39017" /><G14/><T93/><D0/><U81/><E34/><V128/><F110/><W50/><G50/><T31/><D38/><U104/><E36/><V116/><F116/><W119/><G119/><T59/><D60/><U115/><E35/><V64/><F64/><W89/><G89/><T127/><D127/><U91/><E91/><V10/><F135/><W20/><G21/><T99/><D92/><U66/><E115/><V40/><F95/><W107/><G107/><T30/><D37/><U61/><E104/><V16/><F51/><W56/><G56/><T28/><D44/><U117/><E117/><V132/><F132/><W23/><G23/><N who="0" m="13559" /><D28/><U24/><E46/><V68/><F68/><W94/><G94/><T90/><D90/><U84/><E47/><V103/><F128/><W43/><G43/><T57/><D57/><U108/><E74/><V134/><F103/><W17/><G17/><T111/><D111/><U29/><E108/><V49/><F134/><W97/><G97/><T41/><D41/><N who="2" m="15978" /><F130/><W85/><G85/><T7/><D7/><U113/><E113/><V79/><F5/><W87/><G87/><T15/><D1/><N who="1" m="463" /><E29/><V96/><F73/><W122/><G122/><RYUUKYOKU ba="0,0" sc="230,10,250,10,270,-30,250,10" hai0="4,8,15,30,31,59,63,88,93,99" hai1="24,26,27,61,62,65,66,77,81,84" hai3="13,19,20,53" /><INIT seed="1,1,0,2,0,21" ten="240,260,240,260" oya="1" hai0="55,112,134,67,114,33,41,17,85,2,108,53,68" hai1="38,99,18,63,58,25,47,37,52,128,82,23,106" hai2="50,107,16,81,121,54,57,9,110,80,87,69,46" hai3="1,56,132,105,127,10,100,62,76,22,73,135,45"/><U88/><E128/><V43/><F69/><W120/><G120/><T61/><D2/><U65/><E106/><V44/><F107/><W111/><G111/><T133/><D85/><U104/><E104/><V26/><F121/><W86/><G127/><T4/><D4/><U0/><E0/><V96/><F110/><W20/><G73/><T126/><D17/><U102/><E102/><V118/><F118/><W89/><G76/><T28/><D28/><U124/><E124/><V130/><F130/><W72/><G72/><T14/><D14/><U13/><E13/><V95/><F9/><W84/><G45/><T6/><D6/><U122/><E122/><V101/><F87/><W64/><G86/><T131/><D33/><U129/><E129/><V7/><F7/><W109/><G109/><T77/><D77/><U94/><REACH who="1" step="1"/><E82/><REACH who="1" ten="240,250,240,260" step="2"/><N who="2" m="31851" /><F43/><W8/><G1/><T83/><D131/><U15/><E15/><V3/><F3/><W66/><G105/><T123/><D126/><U93/><E93/><V74/><F74/><W90/><G100/><T27/><D108/><U11/><E11/><V35/><F35/><W42/><G10/><T51/><D123/><U97/><E97/><V30/><F30/><W29/><G29/><T115/><D83/><U31/><E31/><V91/><F101/><W78/><G8/><T119/><D41/><U103/><E103/><V92/><F92/><W24/><G42/><T60/><D114/><U34/><E34/><V71/><F71/><W59/><G78/><T49/><D68/><U32/><E32/><V98/><F98/><W113/><G113/><RYUUKYOKU ba="1,1" sc="240,-15,250,15,240,15,260,-15" hai1="18,23,25,37,38,47,52,58,63,65,88,94,99" hai2="16,26,44,46,50,54,57,91,95,96" /><INIT seed="1,2,1,2,5,107" ten="225,265,255,245" oya="1" hai0="81,28,65,38,88,20,116,23,62,70,12,59,48" hai1="16,124,64,129,135,112,42,119,19,123,117,68,60" hai2="29,97,84,51,11,132,57,69,71,126,5,122,85" hai3="21,115,17,24,89,1,45,44,102,0,106,75,63"/><U40/><E123/><V8/><F122/><W79/><G115/><T43/><D116/><U67/><E112/><V66/><F132/><W108/><G108/><T46/><D28/><U95/><E135/><V18/><F126/><W54/><G106/><T31/><D31/><U121/><E121/><V103/><F69/><W131/><G102/><T39/><D39/><U32/><E124/><V78/><F71/><W41/><G131/><T56/><D12/><U105/><E105/><V82/><F29/><W76/><G89/><T130/><D130/><U109/><E129/><V73/><F18/><W90/><G90/><T125/><D125/><U34/><E68/><V6/><F11/><W27/><G27/><T87/><REACH who="0" step="1"/><D59/><REACH who="0" ten="215,265,255,245" step="2"/><U114/><E114/><V10/><F57/><W99/><G1/><T52/><AGARI ba="2,2" hai="20,23,38,43,46,48,52,56,62,65,70,81,87,88" machi="52" ten="30,12000,2" yaku="1,1,2,1,0,1,24,2,54,2,53,0" doraHai="107" doraHaiUra="133" who="0" fromWho="0" sc="215,146,265,-62,255,-32,245,-32" /><INIT seed="2,0,0,0,3,84" ten="361,203,223,213" oya="2" hai0="129,57,47,30,88,111,122,34,91,61,127,23,60" hai1="128,123,26,27,99,63,72,87,56,7,112,55,41" hai2="116,81,6,37,4,32,118,25,86,13,117,74,110" hai3="14,44,92,126,83,101,15,19,50,64,73,8,22"/><V52/><F37/><W77/><G126/><T115/><D122/><U28/><E112/><V102/><F74/><W119/><G119/><T132/><D115/><U95/><E72/><V20/><F102/><W36/><G36/><T130/><D127/><U94/><E123/><V80/><F32/><W109/><G109/><T104/><D34/><U10/><E128/><N who="0" m="49257" /><D104/><U125/><E125/><V105/><F105/><W75/><G64/><N who="0" m="38927" /><D111/><U79/><E41/><V53/><F110/><W2/><G75/><T103/><D103/><U33/><E27/><V11/><F4/><W5/><G101/><T51/><D61/><U113/><E113/><V108/><F108/><W67/><G67/><T107/><D107/><U48/><E63/><V3/><F3/><W69/><G69/><T68/><D68/><U106/><E106/><V35/><F35/><W45/><G92/><T82/><D82/><U133/><E99/><V46/><F46/><W93/><G93/><T16/><D30/><U18/><E94/><V135/><F135/><W120/><G120/><T76/><D76/><U0/><E133/><V39/><F39/><W98/><G98/><T24/><D132/><U17/><REACH who="1" step="1"/><E79/><REACH who="1" ten="361,193,223,213" step="2"/><V12/><F81/><W21/><G50/><T62/><D62/><U31/><E31/><V54/><F117/><W43/><G43/><AGARI ba="0,1" hai="16,23,24,43,47,51,88,91" m="38927,49257" machi="43" ten="30,8000,1" yaku="19,1,52,2,54,2" doraHai="84" who="0" fromWho="3" sc="361,90,193,0,223,0,213,-80" /><INIT seed="3,0,0,2,0,76" ten="451,193,223,133" oya="3" hai0="51,36,89,117,61,112,125,135,42,91,86,98,32" hai1="4,127,41,9,82,97,85,64,52,39,77,79,111" hai2="129,87,70,59,12,106,43,16,35,102,72,101,93" hai3="121,65,113,105,107,33,69,3,71,126,68,34,96"/><W40/><G121/><T103/><D32/><U92/><E111/><V128/><F70/><W5/><G113/><T22/><D36/><U108/><E108/><V54/><F35/><N who="3" m="13323" /><G65/><T66/><D117/><U47/><E127/><V132/><F72/><W7/><G126/><T74/><D74/><U124/><E124/><V14/><F14/><W120/><G120/><T131/><D112/><U123/><E123/><V133/><F43/><W46/><G96/><T116/><D116/><U67/><E77/><V8/><F106/><N who="3" m="40459" /><G3/><T21/><D66/><U58/><E92/><V115/><F115/><W88/><G88/><T24/><D91/><U78/><E78/><V63/><F87/><W45/><G40/><T90/><D89/><U119/><E97/><N who="2" m="59567" /><F102/><W62/><G62/><T73/><D61/><U48/><REACH who="1" step="1"/><E119/><REACH who="1" ten="451,183,223,133" step="2"/><V83/><F83/><W53/><G53/><T110/><D125/><U28/><E28/><V29/><F29/><W94/><G94/><T25/><D110/><U57/><E57/><V49/><F63/><W30/><G30/><T109/><D109/><U1/><AGARI ba="0,1" hai="1,4,9,39,41,47,48,52,58,64,67,79,82,85" machi="1" ten="20,12000,2" yaku="1,1,0,1,7,1,52,1,54,1,53,1" doraHai="76" doraHaiUra="6" who="1" fromWho="1" sc="451,-30,183,130,223,-30,133,-60" /><INIT seed="4,0,0,1,1,59" ten="421,313,193,73" oya="0" hai0="135,83,34,114,40,1,7,42,131,56,47,31,76" hai1="0,77,74,105,120,130,97,127,10,72,9,100,69" hai2="13,32,62,30,4,108,36,51,71,101,19,82,98" hai3="44,24,60,110,43,68,63,67,26,12,121,80,15"/><T66/><D114/><U117/><E120/><V3/><F36/><W37/><G121/><T129/><D135/><U132/><E9/><V79/><F51/><W90/><G110/><T128/><D31/><U46/><E117/><V11/><F108/><W112/><G112/><T107/><D34/><U20/><E132/><V75/><F19/><W57/><G15/><T48/><D107/><U38/><E20/><V89/><F13/><W27/><G12/><T61/><D7/><N who="1" m="1383" /><E127/><V28/><F89/><W133/><G133/><T91/><D91/><U109/><E109/><V122/><F122/><W21/><G90/><T2/><REACH who="0" step="1"/><D42/><REACH who="0" ten="411,313,193,73" step="2"/><U92/><E105/><V23/><F32/><W113/><G113/><T16/><D16/><U18/><E18/><V8/><F4/><W116/><G116/><T86/><AGARI ba="0,1" hai="1,2,40,47,48,56,61,66,76,83,86,128,129,131" machi="86" ten="30,11700,0" yaku="1,1,0,1,19,1,52,1,53,0" doraHai="59" doraHaiUra="104" who="0" fromWho="0" sc="411,127,313,-39,193,-39,73,-39" /><INIT seed="4,1,0,1,5,90" ten="538,274,154,34" oya="0" hai0="5,111,1,11,77,102,16,70,95,78,89,62,54" hai1="94,99,96,46,125,45,50,122,58,81,31,49,34" hai2="60,53,117,42,21,68,40,66,88,101,113,131,115" hai3="39,64,65,7,9,105,100,75,29,110,121,38,104"/><T48/><D102/><U25/><E122/><V116/><F101/><W92/><G110/><T74/><D74/><U98/><E125/><V124/><F124/><W36/><G75/><T123/><D123/><U59/><E81/><V52/><F21/><W35/><G121/><T120/><D120/><U87/><E87/><V10/><F10/><W109/><G109/><T67/><D111/><U3/><E3/><V23/><F23/><W132/><G132/><T79/><D16/><U119/><E119/><N who="2" m="45643" /><F88/><W127/><G127/><T107/><D107/><U18/><E18/><V103/><F103/><W108/><G108/><T8/><D8/><U0/><E0/><V2/><F2/><W44/><G44/><T128/><D128/><U63/><E94/><V93/><F93/><W28/><G35/><T134/><D134/><U130/><E130/><V20/><F20/><W37/><N who="3" m="9728" /><DORA hai="30" /><W135/><G135/><T15/><D1/><U26/><E98/><V76/><F76/><W32/><G104/><T114/><D78/><U106/><E106/><V22/><F22/><W47/><G105/><T133/><D133/><U80/><E80/><V97/><F97/><W72/><G72/><T24/><D24/><U57/><E57/><V126/><F131/><W61/><G92/><T86/><D114/><N who="2" m="43530" /><F126/><W12/><G100/><T118/><D118/><U71/><E31/><N who="3" m="11850" /><G32/><T43/><D79/><U19/><E34/><V51/><F53/><W14/><G14/><T84/><D54/><U129/><E129/><V4/><F4/><W73/><G73/><T33/><D33/><U55/><E99/><RYUUKYOKU ba="1,0" sc="538,-10,274,-10,154,30,34,-10" hai2="40,42,51,52,60,66,68" /><INIT seed="5,2,0,3,4,122" ten="528,264,184,24" oya="1" hai0="35,65,14,119,134,76,81,34,130,44,100,82,12" hai1="77,0,113,104,56,116,42,19,79,110,121,28,74" hai2="92,46,33,18,131,20,89,2,60,105,88,106,16" hai3="120,101,59,72,70,83,84,103,123,63,95,107,117"/><U129/><E121/><V93/><F33/><W22/><G70/><T3/><D3/><U40/><E116/><V7/><F131/><W5/><G117/><T73/><D35/><U47/><E0/><V24/><F2/><W17/><G107/><T99/><D34/><U48/><E104/><V62/><F7/><W55/><G72/><T118/><D14/><U8/><E129/><V125/><F46/><W85/><G5/><T10/><D130/><U57/><E28/><V49/><F49/><W13/><G120/><T31/><D31/><U6/><E113/><V133/><F20/><W124/><G124/><T64/><D64/><U58/><E110/><V71/><F24/><W135/><G135/><T108/><D108/><U109/><E109/><V51/><F51/><W39/><G39/><T30/><D30/><U4/><E42/><V52/><F71/><W53/><G53/><T1/><D65/><U97/><E97/><V37/><F37/><W126/><G126/><T68/><D68/><U80/><REACH who="1" step="1"/><E79/><REACH who="1" ten="528,254,184,24" step="2"/><V115/><F125/><W90/><REACH who="3" step="1"/><G123/><REACH who="3" ten="528,254,184,14" step="2"/><T26/><D119/><U111/><E111/><V9/><F105/><W50/><G50/><T102/><D118/><U54/><E54/><V25/><F106/><W75/><G75/><T69/><D73/><U45/><E45/><V11/><F52/><W41/><G41/><T128/><D44/><U87/><E87/><V78/><F115/><W127/><G127/><T132/><D128/><U32/><E32/><V43/><F43/><W23/><G23/><T114/><D114/><U38/><E38/><V112/><F112/><RYUUKYOKU ba="2,2" sc="528,-15,254,15,184,-15,14,15" hai1="4,6,8,19,40,47,48,56,57,58,74,77,80" hai3="13,17,22,55,59,63,83,84,85,90,95,101,103" /><INIT seed="5,3,2,2,1,45" ten="513,269,169,29" oya="1" hai0="16,29,12,25,110,130,1,75,91,41,92,26,30" hai1="15,51,2,57,112,135,101,122,132,87,4,23,52" hai2="131,77,116,5,62,3,102,81,11,7,100,43,66" hai3="9,39,65,125,55,24,35,49,58,64,70,127,31"/><U37/><E122/><V96/><F116/><W46/><G9/><T48/><D75/><U61/><E37/><V67/><F131/><W28/><G28/><N who="0" m="10859" /><D1/><U27/><E112/><V74/><F7/><W6/><G6/><T98/><D110/><U50/><E2/><V113/><F113/><W33/><G33/><T115/><D130/><U111/><E101/><V126/><F126/><W42/><REACH who="3" step="1"/><G65/><REACH who="3" ten="513,269,169,19" step="2"/><T47/><D115/><U129/><E4/><V79/><F67/><W94/><G94/><T85/><D98/><U73/><E111/><V88/><F96/><W60/><AGARI ba="3,3" hai="24,31,35,39,42,46,49,55,58,60,64,70,125,127" machi="60" ten="30,8000,1" yaku="1,1,0,1,24,2,52,1,53,0" doraHai="45" doraHaiUra="107" who="3" fromWho="3" sc="513,-23,269,-43,169,-23,19,119" /><INIT seed="6,0,0,4,2,131" ten="490,226,146,138" oya="2" hai0="115,127,108,84,110,42,126,104,97,121,132,62,54" hai1="112,59,109,3,100,60,40,29,53,9,37,10,111" hai2="85,72,73,95,43,122,0,82,118,123,78,17,15" hai3="55,106,69,12,83,28,75,133,51,70,58,39,32"/><V52/><F0/><W74/><G106/><T101/><D42/><U67/><E112/><V105/><F118/><W79/><G39/><T90/><D115/><U91/><E100/><V134/><F134/><W31/><G75/><T128/><D132/><U23/><E91/><V25/><F25/><W27/><G133/><T24/><D128/><U76/><E76/><V6/><F6/><W99/><G31/><T2/><D2/><U87/><E87/><V30/><F30/><W129/><G129/><T50/><D62/><U77/><E77/><V45/><F105/><W113/><G113/><T35/><D121/><U96/><E96/><V16/><F73/><W38/><G38/><T1/><D1/><U41/><E67/><V68/><F68/><W26/><G26/><T20/><D35/><U36/><E36/><V103/><F43/><N who="1" m="16457" /><E37/><V135/><F135/><W81/><G81/><N who="0" m="49423" /><D20/><U48/><E60/><V98/><F72/><W4/><REACH who="3" step="1"/><G99/><REACH who="3" ten="490,226,146,128" step="2"/><T34/><D24/><U94/><E29/><V22/><REACH who="2" step="1"/><F17/><REACH who="2" ten="490,226,136,128" step="2"/><W89/><G89/><T116/><D116/><U11/><E3/><V125/><F125/><W19/><G19/><T71/><D71/><U21/><E111/><N who="0" m="42537" /><D127/><U5/><E109/><V64/><F64/><W56/><G56/><T13/><D126/><U130/><E130/><V120/><F120/><W86/><G86/><T33/><D104/><U117/><E117/><V102/><F102/><W47/><G47/><T66/><D66/><U65/><E65/><V46/><F46/><W107/><G107/><T88/><D101/><U7/><E59/><V114/><F114/><RYUUKYOKU ba="0,2" sc="490,-15,226,-15,136,15,128,15" hai2="15,16,22,45,52,78,82,85,95,98,103,122,123" hai3="4,12,27,28,32,51,55,58,69,70,74,79,83" /><INIT seed="6,1,2,0,5,47" ten="475,211,151,143" oya="2" hai0="82,92,111,67,27,128,68,43,129,116,91,79,77" hai1="114,18,112,1,64,45,73,90,7,117,44,103,48" hai2="30,87,119,28,57,76,31,25,11,134,50,3,88" hai3="72,108,24,118,0,23,13,40,9,94,46,42,70"/><V53/><F119/><W133/><G108/><T98/><D111/><U120/><E117/><V95/><F134/><W14/><G70/><T80/><D116/><U8/><E73/><V113/><F113/><N who="1" m="43625" /><E120/><V126/><F126/><W39/><G118/><T74/><D43/><U15/><E103/><V130/><F130/><W56/><G133/><T52/><D27/><U21/><E64/><V59/><F76/><W122/><G42/><T106/><D106/><U61/><E61/><V49/><F3/><W20/><G122/><T105/><D105/><U10/><E90/><V83/><F83/><W36/><G36/><T97/><D80/><U85/><E85/><V71/><F11/><W124/><G72/><T131/><D79/><U127/><E127/><V65/><F65/><W75/><G75/><T132/><D132/><U101/><E101/><V37/><F37/><W123/><G123/><T60/><D97/><U96/><E96/><V29/><F71/><W115/><G115/><T38/><D38/><U93/><E93/><V86/><F86/><W58/><G94/><T26/><D26/><N who="1" m="14647" /><E48/><N who="2" m="30887" /><F25/><W19/><G124/><T55/><AGARI ba="1,2" hai="52,55,60,67,68,74,77,82,91,92,98,128,129,131" machi="55" ten="40,5200,0" yaku="0,1,19,1,54,1" doraHai="47" who="0" fromWho="0" sc="475,75,211,-14,151,-27,143,-14" /><INIT seed="7,0,0,4,1,33" ten="550,197,124,129" oya="3" hai0="52,36,92,1,24,116,18,87,71,28,85,47,122" hai1="25,65,54,107,8,128,64,82,11,110,14,49,112" hai2="7,124,39,86,93,15,60,101,23,69,42,73,90" hai3="80,99,100,104,130,79,106,96,134,118,117,2,58"/><W0/><G58/><T129/><D18/><U63/><E110/><V41/><F73/><N who="3" m="43119" /><G130/><T68/><D87/><U45/><E107/><V108/><F108/><W83/><G134/><T46/><D47/><U98/><E112/><V53/><F124/><W102/><G83/><T12/><D12/><U32/><E128/><V109/><F109/><W51/><G51/><T26/><D26/><U22/><E32/><V56/><F39/><W10/><G10/><N who="1" m="3626" /><E98/><N who="2" m="59599" /><F69/><W20/><G20/><T132/><D85/><U29/><E82/><N who="2" m="49495" /><F7/><W6/><G6/><T27/><D27/><U40/><E14/><V133/><F133/><W76/><G76/><T37/><D46/><U113/><E113/><V75/><F75/><W55/><G55/><T21/><D52/><U34/><E34/><V57/><F57/><AGARI ba="0,0" hai="22,25,29,40,45,49,54,57,63,64,65" m="3626" machi="57" ten="30,1000,0" yaku="8,1" doraHai="33" who="1" fromWho="2" sc="550,0,197,10,124,-10,129,0" owari="550,65.0,207,1.0,114,-39.0,129,-27.0" /></mjloggm>