<mjloggm ver="2.3"><GO type="169" lobby="0"/><UN n0="%E3%81%86%E3%82%89%E3%81%97%E3%81%92%E3%82%8B" n1="%E3%82%A6%E3%83%AB%E3%83%88%E3%83%A9%E7%AB%8B%E7%9B%B4" n2="%E3%81%82%E3%83%BC%E3%81%BF%E3%82%93%E2%98%86" n3="%30%30%73%61%69" dan="16,18,17,17" rate="2136.38,2212.39,2168.56,2113.75" sx="M,M,F,M"/><TAIKYOKU oya="0"/><INIT seed="0,0,0,0,0,61" ten="250,250,250,250" oya="0" hai0="57,92,84,127,16,131,36,33,67,5,110,13,93" hai1="48,25,102,46,88,47,94,80,51,21,79,28,54" hai2="58,125,40,66,99,117,108,78,113,69,83,104,120" hai3="43,134,109,118,132,22,65,12,35,3,49,86,116"/><T64/><D36/><U81/><E102/><V53/><F113/><W34/><G3/><T30/><D127/><U133/><E79/><V23/><F120/><W24/><G86/><T74/><D74/><U32/><E32/><N who="3" m="12330" /><G49/><T29/><D33/><U119/><E133/><N who="3" m="51306" /><G43/><T14/><D131/><U19/><E28/><N who="0" m="10857" /><D110/><U7/><E7/><V82/><F108/><W128/><G109/><T72/><D72/><U20/><E20/><V107/><F40/><W17/><G65/><N who="0" m="25163" /><D84/><N who="1" m="52487" /><E119/><N who="3" m="45610" /><G128/><T39/><D39/><U56/><E47/><V135/><F117/><W122/><G122/><T121/><D121/><U71/><E71/><V98/><F69/><W77/><G77/><T0/><D0/><U97/><E97/><V114/><F98/><W41/><G41/><AGARI ba="0,0" hai="19,21,25,41,46,48,51,54,56,80,81" m="52487" machi="41" ten="30,2000,0" yaku="8,1,54,1" doraHai="61" who="1" fromWho="3" sc="250,0,250,20,250,0,250,-20" /><INIT seed="1,0,0,2,3,65" ten="250,270,250,230" oya="1" hai0="84,81,123,82,42,29,129,9,13,117,102,97,80" hai1="71,21,28,54,114,35,89,86,77,49,103,50,124" hai2="64,20,101,133,10,48,6,24,105,34,94,76,95" hai3="39,132,19,57,3,83,40,41,8,128,0,63,58"/><U116/><E35/><V93/><F133/><W44/><G132/><T47/><D117/><U98/><E116/><V31/><F76/><W91/><G128/><T127/><D129/><U73/><E114/><V96/><F48/><W37/><G58/><T125/><D123/><U131/><E131/><V33/><REACH who="2" step="1"/><F64/><REACH who="2" ten="250,270,240,230" step="2"/><N who="3" m="39023" /><G39/><T56/><D127/><U61/><E50/><V12/><AGARI ba="0,1" hai="6,10,12,20,24,31,33,34,93,94,95,96,101,105" machi="12" ten="30,2000,0" yaku="1,1,0,1,53,0" doraHai="65" doraHaiUra="55" who="2" fromWho="2" sc="250,-5,270,-10,240,30,230,-5" /><INIT seed="2,0,0,3,4,44" ten="245,260,270,225" oya="2" hai0="9,41,49,113,57,85,90,43,38,56,0,67,70" hai1="111,26,12,52,92,37,3,114,112,132,101,21,2" hai2="83,123,33,58,95,75,72,40,46,54,129,98,68" hai3="1,60,82,30,106,71,97,47,16,99,125,20,29"/><V73/><F123/><W24/><G1/><T34/><D34/><U11/><E37/><V77/><F33/><W104/><G125/><T110/><D113/><U50/><E132/><V59/><F68/><W23/><G104/><T89/><D0/><U126/><E126/><V22/><F22/><W62/><G106/><T64/><D9/><U84/><E111/><V17/><F17/><W18/><G82/><T78/><D78/><U14/><E2/><V118/><F118/><W115/><G115/><T109/><D85/><U107/><E107/><V117/><F129/><W25/><G47/><N who="0" m="23991" /><D89/><U6/><E3/><V100/><F117/><W39/><G39/><T135/><D90/><U74/><E74/><V13/><F13/><W88/><G71/><T7/><D7/><U10/><E84/><V8/><F8/><W4/><G88/><T127/><D127/><U122/><E122/><V19/><F19/><W80/><G80/><T63/><D135/><U102/><E92/><V94/><F94/><W79/><G79/><T15/><D15/><U116/><E116/><V65/><F83/><W120/><G120/><T31/><D31/><N who="1" m="17871" /><E114/><V32/><F32/><W61/><G4/><T55/><D43/><U121/><E121/><V45/><F40/><W96/><AGARI ba="0,0" hai="16,18,20,23,24,25,29,30,60,61,62,96,97,99" machi="96" ten="30,7900,0" yaku="0,1,9,1,8,1,54,1" doraHai="44" who="3" fromWho="3" sc="245,-20,260,-20,270,-39,225,79" /><INIT seed="3,0,0,4,5,39" ten="225,240,231,304" oya="3" hai0="90,131,133,113,111,31,82,98,48,129,79,59,134" hai1="122,65,132,112,34,32,105,94,81,61,66,68,88" hai2="71,76,51,83,95,124,96,42,119,43,75,102,35" hai3="67,60,109,1,2,74,126,24,27,47,121,85,63"/><W56/><G74/><T57/><D31/><U99/><E122/><V110/><F119/><W107/><G121/><T41/><D98/><U15/><E112/><V44/><F110/><W106/><G109/><T70/><D90/><U46/><E132/><N who="0" m="50793" /><D111/><U0/><E0/><V45/><F71/><W100/><G100/><T8/><D8/><U93/><E66/><V127/><REACH who="2" step="1"/><F35/><REACH who="2" ten="225,240,221,304" step="2"/><W25/><G107/><T123/><D70/><U84/><E34/><V38/><AGARI ba="0,1" hai="38,42,43,44,45,51,75,76,83,95,96,102,124,127" machi="38" ten="30,8000,1" yaku="1,1,2,1,0,1,52,2,53,0" doraHai="39" doraHaiUra="101" who="2" fromWho="2" sc="225,-20,240,-20,221,90,304,-40" /><INIT seed="4,0,0,5,3,59" ten="205,220,311,264" oya="0" hai0="134,66,85,135,133,98,122,46,74,14,12,43,106" hai1="27,17,132,120,15,7,39,53,87,73,61,55,30" hai2="117,76,24,41,77,9,50,130,65,36,47,71,82" hai3="92,42,81,93,10,31,129,19,23,125,25,101,108"/><T52/><D122/><U99/><E73/><V109/><F109/><W107/><G107/><T18/><D74/><U100/><E39/><V114/><F114/><W90/><G108/><T26/><D66/><U70/><E7/><V126/><F126/><W105/><G105/><T57/><D85/><U1/><E1/><V112/><F112/><W111/><G111/><T115/><D115/><U16/><E87/><V44/><F130/><W32/><G129/><T67/><D67/><N who="1" m="41327" /><E120/><V110/><F117/><W58/><G125/><T38/><D106/><N who="1" m="63775" /><E132/><N who="0" m="33793" /><T60/><DORA hai="2" /><D98/><U83/><E83/><V11/><F24/><W33/><G25/><T124/><D124/><U3/><E3/><V127/><F127/><W96/><G81/><T113/><D113/><U95/><E95/><V72/><F77/><W121/><G92/><T8/><D26/><U54/><E15/><AGARI ba="0,0" hai="8,12,14,15,18,38,43,46,52,57,60" m="33793" machi="15" ten="40,7700,0" yaku="20,1,52,1,54,1" doraHai="59,2" who="0" fromWho="1" sc="205,77,220,-77,311,0,264,0" /><INIT seed="4,1,0,4,4,110" ten="282,143,311,264" oya="0" hai0="82,74,83,34,14,47,22,8,114,103,36,107,127" hai1="49,60,56,5,98,75,21,72,95,64,37,32,4" hai2="135,109,16,57,76,43,86,84,112,121,68,44,116" hai3="129,63,12,51,124,85,29,58,6,28,2,89,120"/><T55/><D34/><U7/><E32/><V118/><F68/><W113/><G2/><T24/><D127/><U52/><E37/><V70/><F70/><W90/><G129/><T61/><D74/><U31/><E31/><V117/><F109/><W3/><G3/><T23/><D23/><U108/><E21/><V130/><F121/><W128/><G128/><T46/><D36/><U19/><E19/><V20/><F135/><W88/><G124/><T106/><D106/><U30/><E30/><N who="3" m="11882" /><G113/><T67/><D107/><U42/><E42/><V115/><F57/><W80/><G51/><N who="0" m="29175" /><D103/><U131/><E131/><V119/><F119/><W105/><G105/><T102/><D102/><U54/><E108/><V123/><F123/><W17/><G6/><N who="0" m="3351" /><D47/><U10/><E10/><V104/><F104/><W62/><G120/><T100/><D100/><U65/><E75/><V59/><F59/><W9/><G58/><N who="0" m="37303" /><D114/><N who="2" m="43562" /><F130/><W33/><G33/><T99/><D99/><U92/><E72/><V111/><F111/><W126/><G126/><T26/><D26/><U79/><E98/><V40/><F44/><W78/><AGARI ba="1,0" hai="9,12,17,62,63,78,80,85,88,89,90" m="11882" machi="78" ten="30,2000,0" yaku="8,1,54,1" doraHai="110" who="3" fromWho="3" sc="282,-11,143,-6,311,-6,264,23" /><INIT seed="5,0,0,1,0,13" ten="271,137,305,287" oya="1" hai0="92,29,5,32,34,41,73,71,72,122,57,115,98" hai1="89,1,82,121,7,8,15,35,84,75,63,20,110" hai2="80,129,70,37,90,44,58,30,61,65,83,102,21" hai3="40,16,114,3,113,135,45,132,103,19,50,52,100"/><U31/><E121/><V39/><F129/><W33/><G33/><T69/><D122/><U38/><E38/><V53/><F102/><N who="3" m="38955" /><G3/><T117/><D117/><U94/><E110/><V119/><F39/><W93/><G93/><T120/><D120/><U0/><E63/><V107/><F107/><W106/><G40/><T60/><D115/><N who="3" m="44041" /><G106/><T67/><D32/><U91/><E35/><V87/><F119/><W88/><G88/><T76/><D5/><U55/><E55/><V78/><F90/><W43/><G43/><T59/><D41/><U25/><REACH who="1" step="1"/><E75/><REACH who="1" ten="271,127,305,287" step="2"/><V10/><F53/><W6/><G135/><T81/><D73/><U99/><AGARI ba="0,1" hai="0,1,7,8,15,20,25,31,82,84,89,91,94,99" machi="99" ten="20,12000,1" yaku="1,1,2,1,0,1,7,1,53,1" doraHai="13" doraHaiUra="27" who="1" fromWho="1" sc="271,-40,127,130,305,-40,287,-40" /><INIT seed="5,1,0,0,1,33" ten="231,257,265,247" oya="1" hai0="89,87,30,41,64,92,65,29,95,90,39,47,125" hai1="77,115,12,50,126,52,108,27,111,104,129,67,31" hai2="57,13,55,20,7,96,23,71,86,1,25,24,110" hai3="43,122,98,60,74,53,26,68,40,94,82,16,62"/><U28/><E104/><V107/><F71/><W61/><G122/><T63/><D125/><U6/><E126/><V0/><F110/><N who="1" m="42025" /><E129/><V91/><F107/><W132/><G132/><T49/><D39/><U34/><E115/><V101/><F7/><W69/><G74/><T73/><D73/><U106/><E106/><V66/><F13/><W70/><G82/><T8/><D8/><N who="1" m="4119" /><E67/><V113/><F113/><W51/><G26/><T21/><D21/><U32/><E77/><V11/><F11/><W10/><G16/><T134/><D134/><U102/><E102/><V44/><F23/><W99/><G10/><T48/><D48/><U75/><E75/><V78/><F78/><W15/><G15/><T93/><D65/><U37/><E37/><V42/><F66/><W18/><G18/><T9/><D9/><U127/><E127/><V36/><F25/><W135/><G135/><T45/><D45/><N who="1" m="27727" /><E31/><V56/><F101/><W128/><G128/><T17/><D17/><U4/><E4/><V76/><F76/><W114/><G114/><T58/><D90/><U5/><E5/><V38/><F38/><W97/><G94/><AGARI ba="1,0" hai="29,30,41,47,49,58,63,64,87,89,92,93,94,95" machi="94" ten="40,1300,0" yaku="8,1" doraHai="33" who="0" fromWho="3" sc="231,16,257,0,265,0,247,-16" /><INIT seed="6,0,0,3,1,16" ten="247,257,265,231" oya="2" hai0="8,33,14,85,123,57,44,93,94,134,91,102,92" hai1="19,82,58,124,120,27,127,21,77,41,90,17,97" hai2="37,135,49,79,130,3,13,131,39,72,53,69,110" hai3="64,122,4,98,128,76,113,86,31,109,26,7,117"/><V132/><F3/><W84/><G109/><T105/><D33/><U12/><E41/><V114/><F69/><W2/><G117/><T108/><D108/><U10/><E120/><V45/><F110/><W67/><G122/><T100/><D123/><U32/><E58/><V35/><F35/><W118/><G118/><T70/><D70/><U115/><E32/><V83/><F114/><W20/><G128/><N who="2" m="49193" /><F13/><W22/><G2/><T101/><D105/><U81/><E115/><V34/><F34/><W6/><G113/><T9/><D134/><AGARI ba="0,0" hai="37,39,45,49,53,72,79,83,132,134,135" m="49193" machi="134" ten="30,2900,0" yaku="20,1,19,1" doraHai="16" who="2" fromWho="0" sc="247,-29,257,0,265,29,231,0" /><INIT seed="6,1,0,0,3,134" ten="218,257,294,231" oya="2" hai0="105,106,63,35,125,10,49,26,92,122,18,81,0" hai1="61,27,120,8,73,23,74,42,77,99,96,94,40" hai2="41,36,4,57,104,50,87,114,100,21,56,17,116" hai3="7,20,124,24,126,53,89,112,13,130,93,29,14"/><V31/><F116/><W3/><G130/><T37/><D37/><U123/><E8/><V111/><F36/><W28/><G53/><T44/><D122/><U51/><E61/><V60/><F114/><W34/><G112/><T9/><D35/><U55/><E77/><V62/><F104/><W119/><G119/><T54/><D0/><U79/><E79/><V98/><F31/><N who="3" m="19815" /><G89/><T88/><D106/><U46/><E96/><V91/><F111/><W39/><G93/><T11/><D105/><U133/><E133/><V52/><F4/><W25/><G39/><T5/><D5/><U48/><E74/><V76/><F76/><W101/><G101/><T78/><D63/><U85/><E73/><V6/><F6/><W90/><G90/><T22/><D125/><N who="3" m="48233" /><G29/><T30/><D78/><U43/><E85/><V128/><F128/><W66/><G66/><T19/><REACH who="0" step="1"/><D81/><REACH who="0" ten="208,257,294,231" step="2"/><U118/><E118/><V70/><F62/><W47/><G47/><T109/><D109/><U95/><E123/><V58/><F60/><W121/><G121/><T65/><D65/><U86/><E120/><V129/><F129/><W83/><G83/><T107/><D107/><U59/><E46/><V82/><F82/><W2/><G3/><T102/><D102/><U97/><E99/><AGARI ba="1,1" hai="9,10,11,18,19,22,26,30,44,49,54,88,92,99" machi="99" ten="40,5200,0" yaku="1,1,8,1,54,1,53,0" doraHai="134" doraHaiUra="64" who="0" fromWho="1" sc="208,65,257,-55,294,0,231,0" /><INIT seed="7,0,0,2,3,14" ten="273,202,294,231" oya="3" hai0="39,64,111,51,20,92,86,91,49,34,69,67,126" hai1="66,88,99,3,81,79,50,31,16,98,120,60,15" hai2="82,4,117,25,7,87,73,83,122,13,80,103,59" hai3="42,24,53,32,63,105,74,21,38,93,96,8,118"/><W47/><G118/><T100/><D34/><U6/><E120/><V106/><F73/><W101/><G74/><T26/><D111/><U40/><E31/><V2/><F2/><W29/><G8/><T68/><D39/><U9/><E3/><V48/><F106/><W45/><G45/><T65/><D126/><U36/><E36/><V109/><F109/><W123/><G123/><T77/><D77/><U44/><E6/><V102/><F117/><W78/><G78/><T76/><D76/><U119/><E119/><V127/><F127/><W41/><G41/><T121/><D121/><U22/><E22/><V55/><F25/><W27/><G53/><T52/><D100/><N who="2" m="38442" /><F122/><W128/><G63/><T104/><D51/><U115/><E115/><V94/><F13/><W23/><G128/><T134/><D134/><U28/><E28/><V35/><F35/><W113/><G113/><T18/><REACH who="0" step="1"/><D104/><REACH who="0" ten="263,202,294,231" step="2"/><U46/><E46/><AGARI ba="0,1" hai="18,20,26,46,49,52,64,65,67,68,69,86,91,92" machi="46" ten="40,8000,1" yaku="1,1,2,1,52,1,54,1,53,0" doraHai="14" doraHaiUra="57" who="0" fromWho="1" sc="263,90,202,-80,294,0,231,0" owari="353,46.0,122,-38.0,294,9.0,231,-17.0" /></mjloggm>