<mjloggm ver="2.3"><GO type="169" lobby="0"/><UN n0="%79%75%2D%2D%2D%2D%2D%75" n1="%72%61%74%74%61%74%74%61" n2="%E5%B0%B1%E6%B4%BB%E7%94%9F%40%E5%B7%9D%E6%9D%91%E8%BB%8D%E5%9B%A3" n3="%E3%81%AF%E3%81%8C%E3%81%AD%E3%81%AE%E3%81%8A%E3%81%AE" dan="17,18,17,17" rate="2159.45,2200.19,2206.89,2104.75" sx="M,M,M,F"/><TAIKYOKU oya="0"/><INIT seed="0,0,0,0,3,75" ten="250,250,250,250" oya="0" hai0="79,115,62,103,45,59,121,24,93,5,109,108,82" hai1="70,26,129,96,130,116,122,0,46,8,77,11,55" hai2="1,125,35,119,22,105,66,85,131,69,42,117,20" hai3="57,81,51,17,74,126,30,86,14,127,31,23,72"/><T68/><D115/><U67/><E122/><V76/><F35/><W28/><G51/><T47/><D121/><U118/><E118/><V106/><F1/><W110/><G110/><N who="0" m="42603" /><D68/><U114/><E114/><V36/><F125/><N who="3" m="47627" /><G57/><T97/><D24/><U29/><E116/><N who="2" m="44619" /><F131/><W80/><G80/><T19/><D19/><U53/><E67/><V113/><F113/><W40/><G40/><T49/><D5/><U88/><E70/><V18/><F42/><W25/><G25/><T94/><D94/><U104/><E104/><N who="2" m="40043" /><F36/><W107/><G107/><T38/><D38/><U9/><E129/><V15/><F22/><W4/><G4/><T32/><D32/><U13/><E130/><V7/><F7/><W83/><G83/><T87/><D49/><U112/><E112/><V123/><F123/><W132/><G132/><T43/><D43/><U64/><E26/><V60/><F85/><W120/><G120/><T50/><D50/><U10/><E0/><V133/><F133/><W41/><G41/><T135/><D135/><U102/><E9/><V71/><F69/><W90/><AGARI ba="0,0" hai="14,17,23,28,30,31,72,74,81,86,90" m="47627" machi="90" ten="30,1100,0" yaku="18,1" doraHai="75" who="3" fromWho="3" sc="250,-5,250,-3,250,-3,250,11" /><INIT seed="1,0,0,3,1,45" ten="245,247,247,261" oya="1" hai0="116,58,56,124,14,54,87,133,135,50,117,13,125" hai1="98,66,122,121,109,97,105,20,49,111,63,30,18" hai2="25,59,62,17,36,127,84,96,128,113,77,16,6" hai3="61,15,4,132,99,100,71,48,73,29,22,89,88"/><U41/><E30/><V95/><F127/><N who="0" m="48714" /><D87/><U69/><E105/><V79/><F128/><W40/><G73/><T80/><D80/><U12/><E97/><V129/><F129/><W131/><G131/><T34/><D34/><U9/><E98/><V67/><F36/><W101/><G132/><N who="0" m="50763" /><D56/><U64/><E64/><V38/><F38/><W47/><G99/><T31/><D31/><U120/><REACH who="1" step="1"/><E9/><REACH who="1" ten="245,237,247,261" step="2"/><V118/><F96/><W27/><G29/><T110/><D110/><U85/><E85/><V134/><F84/><W94/><G22/><T119/><AGARI ba="0,1" hai="13,14,50,54,58,116,117,119" m="50763,48714" machi="119" ten="40,5200,0" yaku="18,1,20,1,52,1" doraHai="45" who="0" fromWho="0" sc="245,62,237,-26,247,-13,261,-13" /><INIT seed="2,0,0,0,2,105" ten="307,211,234,248" oya="2" hai0="101,109,71,21,130,16,69,6,133,62,37,17,94" hai1="110,53,66,76,63,74,24,97,89,8,85,117,59" hai2="92,14,42,79,3,7,19,47,55,13,23,2,91" hai3="112,68,90,125,61,40,50,28,115,51,31,10,46"/><V22/><F79/><W132/><G90/><T32/><D32/><U113/><E117/><V127/><F127/><W86/><G86/><T57/><D37/><U4/><E113/><N who="3" m="43594" /><G125/><T122/><D109/><U45/><E97/><V103/><F103/><W87/><G87/><T77/><D130/><U124/><E124/><V38/><F55/><W82/><G82/><T84/><D133/><U118/><E118/><V9/><REACH who="2" step="1"/><F22/><REACH who="2" ten="307,211,224,248" step="2"/><W65/><G132/><T104/><D21/><U102/><E102/><V126/><F126/><W1/><G51/><T106/><D77/><U39/><E76/><V44/><F44/><W11/><G11/><T83/><D101/><U58/><E45/><V100/><F100/><W111/><G111/><T43/><D104/><U134/><E110/><V72/><F72/><W41/><G41/><T33/><D43/><U70/><E74/><V131/><F131/><W123/><G40/><T56/><D106/><U67/><E134/><V35/><F35/><W96/><G50/><T5/><D33/><U119/><E8/><V75/><F75/><W18/><G46/><T108/><D108/><U129/><E129/><V120/><F120/><W81/><G123/><T98/><D122/><U26/><E67/><V34/><F34/><W30/><G10/><T64/><D64/><U54/><E66/><V27/><F27/><W93/><G65/><T116/><D116/><U48/><E26/><V36/><F36/><W25/><G25/><T15/><D69/><U135/><E24/><V99/><AGARI ba="0,1" hai="2,3,7,9,13,14,19,23,38,42,47,91,92,99" machi="99" ten="20,7800,0" yaku="1,1,0,1,7,1,53,1" doraHai="105" doraHaiUra="12" who="2" fromWho="2" sc="307,-26,211,-26,224,88,248,-26" /><INIT seed="2,1,0,1,2,20" ten="281,185,312,222" oya="2" hai0="58,103,17,98,72,34,60,52,64,132,30,82,92" hai1="117,94,68,12,90,80,45,47,96,37,101,4,128" hai2="0,6,87,122,59,75,49,62,43,23,13,104,65" hai3="15,7,130,61,100,106,95,50,44,5,89,51,35"/><V26/><F122/><W76/><G130/><T46/><D132/><U126/><E117/><V97/><F75/><W70/><G35/><T73/><D17/><U3/><E3/><V42/><F0/><W41/><G76/><T9/><D9/><N who="1" m="4135" /><E68/><V113/><F113/><W121/><G121/><T67/><D67/><U1/><E1/><V124/><F124/><W71/><G106/><T85/><D64/><U53/><E37/><V33/><F33/><W55/><G100/><T39/><D39/><U79/><E128/><V81/><F97/><W127/><G127/><T109/><D46/><U22/><E79/><V93/><F93/><W115/><G115/><T21/><D34/><U84/><E126/><V11/><F49/><W63/><G70/><T8/><D8/><U112/><E112/><V56/><F59/><N who="3" m="33279" /><G71/><T110/><D72/><U18/><E53/><V54/><F65/><W66/><G15/><AGARI ba="1,0" hai="15,18,22,45,47,80,84,90,94,96,101" m="4135" machi="15" ten="30,1000,0" yaku="8,1" doraHai="20" who="1" fromWho="3" sc="281,0,185,13,312,0,222,-13" /><INIT seed="3,0,0,5,2,106" ten="281,198,312,209" oya="3" hai0="27,118,74,69,115,53,36,25,2,50,52,56,8" hai1="5,78,24,75,23,114,101,58,40,80,12,59,49" hai2="4,133,72,87,64,96,105,16,130,76,42,35,131" hai3="84,30,38,128,89,123,108,10,19,63,93,13,81"/><W98/><G123/><T1/><D118/><U31/><E114/><V41/><F35/><W135/><G128/><N who="2" m="49193" /><F133/><W18/><G135/><T77/><D36/><U47/><REACH who="1" step="1"/><E101/><REACH who="1" ten="281,188,312,209" step="2"/><N who="2" m="62631" /><F4/><W67/><G108/><T71/><D115/><U61/><E61/><V73/><F64/><W129/><G129/><T117/><D117/><U7/><E7/><V102/><F102/><W32/><G63/><T33/><D69/><U26/><E26/><V88/><F76/><W113/><G67/><T34/><D71/><U54/><E54/><V39/><F39/><W15/><G38/><T109/><D109/><U70/><E70/><V3/><F3/><W132/><G113/><T120/><D1/><U122/><E122/><V110/><F110/><W90/><G132/><T111/><D120/><U107/><E107/><V28/><F28/><W65/><G65/><T46/><D111/><U104/><E104/><V126/><F126/><W86/><G30/><T43/><D2/><U57/><E57/><V37/><F16/><W82/><G18/><T134/><D134/><U6/><E6/><V17/><F17/><W94/><G15/><T103/><D33/><U85/><E85/><V95/><F37/><W116/><G32/><T21/><D34/><U22/><E22/><V92/><F92/><N who="3" m="56599" /><G116/><T0/><D0/><U97/><E97/><V51/><F51/><W66/><G66/><T45/><D25/><U44/><E44/><V112/><F112/><W119/><G119/><T124/><D27/><U91/><E91/><AGARI ba="0,1" hai="10,13,19,81,82,84,86,89,91,93,94" m="56599" machi="91" ten="30,1500,0" yaku="8,1" doraHai="106" who="3" fromWho="1" sc="281,0,188,-15,312,0,209,25" /><INIT seed="3,1,0,2,3,37" ten="281,173,312,234" oya="3" hai0="53,36,50,47,20,79,16,21,123,95,7,83,26" hai1="89,54,45,92,134,132,105,23,31,115,11,35,65" hai2="18,69,25,80,29,106,114,94,107,93,86,111,17" hai3="117,124,28,75,61,12,62,118,34,2,100,44,8"/><W84/><G75/><T38/><D123/><U73/><E105/><V116/><F114/><W85/><G2/><T42/><D7/><U109/><E73/><V19/><F69/><W13/><G124/><T119/><D119/><U74/><E74/><V52/><F116/><W46/><G28/><T1/><D1/><U48/><E115/><V78/><F111/><W63/><G100/><T5/><D5/><U14/><E109/><V122/><F122/><W32/><REACH who="3" step="1"/><G62/><REACH who="3" ten="281,173,312,224" step="2"/><T101/><D101/><U88/><E31/><V129/><F129/><W87/><G87/><T71/><D36/><U127/><E127/><V64/><F107/><W68/><G68/><T110/><D71/><U43/><E132/><V56/><F106/><W72/><G72/><T24/><D110/><U33/><E134/><V104/><F104/><W120/><G120/><T60/><D60/><U59/><E35/><V112/><F112/><W108/><G108/><T51/><D38/><U133/><E33/><V131/><F131/><W82/><G82/><T130/><D130/><U91/><E133/><V66/><F94/><W6/><G6/><T9/><D95/><U58/><E92/><V98/><F93/><W103/><G103/><T76/><D83/><U126/><E126/><V125/><F125/><W97/><G97/><T41/><D51/><U27/><E48/><N who="2" m="30727" /><F98/><W113/><G113/><T0/><D0/><U121/><E121/><V49/><F49/><W4/><G4/><T81/><D81/><U135/><E135/><V55/><F80/><W128/><G128/><T77/><D50/><N who="1" m="26943" /><E91/><V67/><F29/><RYUUKYOKU ba="1,1" sc="281,-10,173,-10,312,-10,224,30" hai3="8,12,13,32,34,44,46,61,63,84,85,117,118" /><INIT seed="3,2,1,2,2,22" ten="271,163,302,254" oya="3" hai0="67,94,108,18,26,9,50,110,24,21,107,25,10" hai1="12,17,125,6,97,96,99,77,76,87,121,112,28" hai2="88,52,31,33,131,85,75,13,54,93,47,56,34" hai3="44,14,29,127,104,105,83,123,74,118,42,46,119"/><W57/><G123/><T30/><D107/><U124/><E112/><V20/><F131/><W90/><G127/><N who="1" m="48714" /><E6/><V135/><F135/><W38/><G29/><T32/><D67/><U2/><E2/><V60/><F75/><W103/><G57/><T128/><D128/><U15/><E121/><V91/><F91/><W73/><G14/><N who="1" m="5162" /><E17/><V92/><F92/><W106/><G103/><T23/><D50/><U81/><E28/><V115/><F115/><W55/><G90/><AGARI ba="2,1" hai="76,77,81,87,90,96,97,99" m="5162,48714" machi="90" ten="30,1000,0" yaku="18,1" doraHai="22" who="1" fromWho="3" sc="271,0,163,26,302,0,254,-16" /><INIT seed="4,0,0,0,0,76" ten="271,189,302,238" oya="0" hai0="107,27,116,54,49,69,100,82,103,38,121,56,7" hai1="124,114,102,0,35,51,97,17,47,78,11,87,72" hai2="112,57,81,77,2,13,131,65,101,18,104,120,46" hai3="26,70,40,89,135,86,117,21,109,80,96,45,10"/><T90/><D121/><U93/><E35/><V84/><F120/><W67/><G109/><T41/><D116/><U92/><E124/><V33/><F2/><W34/><G117/><T53/><D69/><U98/><E72/><V95/><F131/><W134/><G34/><T31/><D107/><U5/><E17/><V133/><F133/><N who="3" m="50699" /><G10/><T94/><D7/><U105/><E114/><V62/><F33/><W108/><G108/><T83/><D38/><U50/><E98/><N who="2" m="59615" /><F104/><W55/><G55/><T16/><D41/><U122/><E122/><V30/><F112/><W66/><G96/><N who="0" m="57431" /><D31/><U127/><E51/><V23/><F46/><W123/><G70/><T37/><D37/><U32/><E32/><V1/><F1/><W9/><G9/><T24/><D24/><U119/><E119/><V115/><F115/><W79/><G79/><T71/><D71/><U74/><E74/><V52/><F30/><N who="3" m="17743" /><G123/><T58/><D103/><U68/><E68/><V29/><F29/><W48/><AGARI ba="0,0" hai="40,45,48,66,67,80,86,89" m="17743,50699" machi="48" ten="30,2000,0" yaku="20,1,52,1" doraHai="76" who="3" fromWho="3" sc="271,-10,189,-5,302,-5,238,20" /><INIT seed="5,0,0,1,4,79" ten="261,184,297,258" oya="1" hai0="28,84,69,108,6,97,92,24,37,18,17,27,95" hai1="96,88,35,51,78,59,38,45,50,36,120,65,133" hai2="1,2,105,42,39,30,130,135,104,101,10,112,13" hai3="75,33,22,72,80,4,3,129,31,57,85,25,61"/><U23/><E35/><V107/><F130/><W12/><G129/><T94/><D69/><U110/><E120/><V68/><F135/><W15/><G15/><T63/><D37/><U19/><E133/><V44/><F68/><W89/><G3/><T7/><D63/><U122/><E122/><V125/><F125/><W134/><G134/><T76/><D108/><U131/><E131/><V26/><F101/><W29/><G29/><T14/><D97/><U43/><E78/><V74/><F74/><W93/><G93/><T126/><D126/><U16/><E110/><V71/><F71/><W111/><G111/><T109/><D109/><U128/><E128/><V121/><F121/><W53/><REACH who="3" step="1"/><G4/><REACH who="3" ten="261,184,297,248" step="2"/><T32/><D6/><U66/><E19/><AGARI ba="0,1" hai="12,19,22,25,31,33,53,57,61,72,75,80,85,89" machi="19" ten="40,5200,0" yaku="1,1,2,1,52,1,53,0" doraHai="79" doraHaiUra="67" who="3" fromWho="1" sc="261,0,184,-52,297,0,248,62" /><INIT seed="6,0,0,4,4,15" ten="261,132,297,310" oya="2" hai0="106,83,34,23,111,99,64,135,88,36,82,18,70" hai1="0,43,119,102,93,129,50,58,60,103,109,25,71" hai2="29,91,77,123,121,54,49,16,114,67,110,30,53" hai3="37,33,90,94,89,55,108,24,51,116,113,20,130"/><V45/><F114/><W86/><G108/><T95/><D111/><U4/><E119/><V61/><F110/><W40/><G33/><T104/><D34/><U44/><E71/><V117/><F117/><W63/><G116/><T107/><D36/><U105/><E105/><V72/><F72/><W52/><G130/><T96/><D96/><U66/><E109/><V131/><F131/><W85/><G37/><T26/><REACH who="0" step="1"/><D135/><REACH who="0" ten="251,132,297,310" step="2"/><U57/><E129/><V73/><F121/><W97/><G97/><T38/><D38/><U84/><E58/><V100/><F123/><W101/><G113/><T35/><D35/><U132/><E132/><V2/><F100/><W11/><G101/><T9/><D9/><U98/><E103/><V17/><F73/><W31/><G11/><T5/><D5/><U42/><E84/><V128/><F77/><W19/><G85/><T65/><D65/><U81/><E4/><V79/><F79/><W133/><G86/><T10/><D10/><U3/><E81/><V112/><F112/><W41/><G133/><T39/><D39/><U125/><E125/><V7/><F128/><W78/><G78/><T27/><D27/><U124/><E124/><V13/><F91/><W12/><G89/><T75/><D75/><U92/><E92/><V6/><F67/><W62/><G90/><T87/><D87/><U28/><REACH who="1" step="1"/><E43/><REACH who="1" ten="251,122,297,310" step="2"/><V122/><F122/><W48/><G94/><T76/><D76/><U14/><E14/><V126/><F126/><W1/><G40/><T80/><D80/><U59/><E59/><V68/><F7/><W69/><G41/><RYUUKYOKU ba="0,2" sc="251,15,122,15,297,-15,310,-15" hai0="18,23,26,64,70,82,83,88,95,99,104,106,107" hai1="0,3,25,28,42,44,50,57,60,66,93,98,102" /><INIT seed="7,1,2,2,1,14" ten="266,137,282,295" oya="3" hai0="119,102,27,54,103,34,83,71,31,86,56,135,26" hai1="0,99,52,12,50,123,97,64,87,70,91,10,109" hai2="82,46,72,43,36,85,30,93,128,28,98,84,5" hai3="55,57,7,68,38,41,131,116,53,130,37,48,126"/><W19/><G116/><T59/><D71/><U127/><E0/><V60/><F128/><N who="3" m="49195" /><G126/><T114/><D119/><U65/><E109/><V35/><F5/><W45/><G68/><T16/><D135/><U24/><E127/><V106/><F106/><W44/><G7/><T2/><D2/><U42/><E42/><V77/><F60/><N who="3" m="35887" /><G19/><T32/><D114/><U111/><E123/><V112/><F112/><W39/><AGARI ba="1,2" hai="37,38,39,41,44,45,48,55" m="35887,49195" machi="39" ten="30,6000,0" yaku="19,1,34,2" doraHai="14" who="3" fromWho="3" sc="266,-21,137,-21,282,-21,295,83" owari="245,-15.0,116,-38.0,261,6.0,378,47.0" /></mjloggm>