<mjloggm ver="2.3"><GO type="169" lobby="0"/><UN n0="%74%61%72%6F%6F" n1="%E3%83%88%E3%83%88%E3%83%AA%E5%85%88%E7%94%9F%31%39%E6%AD%B3" n2="%E3%81%82%E3%81%B2%E3%82%8B%E3%81%95%E3%82%93" n3="%E6%96%B0%E4%B8%96%E7%95%8C%E3%81%AE%E7%B4%99" dan="18,19,16,18" rate="2188.99,2274.78,2040.47,2267.52" sx="M,F,M,F"/><TAIKYOKU oya="0"/><INIT seed="0,0,0,0,2,71" ten="250,250,250,250" oya="0" hai0="46,56,74,15,100,133,105,76,54,82,103,22,132" hai1="65,121,99,85,111,122,12,50,7,0,20,62,28" hai2="21,108,39,45,115,84,129,41,91,24,92,53,17" hai3="14,70,11,51,78,63,57,119,29,8,58,112,80"/><T35/><D35/><U43/><E111/><V110/><F115/><W30/><G112/><T75/><D75/><U25/><E0/><V90/><F129/><W2/><G119/><T10/><D22/><U94/><E85/><V130/><F130/><W52/><G70/><T66/><D66/><U106/><E106/><V89/><REACH who="2" step="1"/><F53/><REACH who="2" ten="250,250,240,250" step="2"/><W120/><G120/><T44/><D105/><U1/><E122/><V3/><F3/><W97/><G2/><T77/><D77/><U9/><E1/><V4/><F4/><W37/><G52/><T127/><D127/><U114/><E121/><V109/><AGARI ba="0,1" hai="17,21,24,39,41,45,84,89,90,91,92,108,109,110" machi="109" ten="30,7900,0" yaku="1,1,0,1,14,1,52,1,53,0" doraHai="71" doraHaiUra="117" who="2" fromWho="2" sc="250,-39,250,-20,240,89,250,-20" /><INIT seed="1,0,0,0,5,53" ten="211,230,329,230" oya="1" hai0="88,32,106,90,125,8,50,15,60,98,59,33,105" hai1="119,126,47,49,122,17,107,132,56,108,7,74,131" hai2="63,45,92,52,26,25,23,89,103,65,115,43,64" hai3="11,41,3,81,94,39,116,121,111,127,95,118,5"/><U22/><E119/><V117/><F117/><N who="3" m="45163" /><G111/><T2/><D2/><U99/><E122/><V83/><F115/><W12/><G121/><T109/><D109/><U24/><E74/><V130/><F130/><W67/><G127/><T76/><D76/><U19/><E108/><V18/><F103/><W133/><G133/><T87/><D50/><U51/><E132/><V58/><F83/><W48/><G39/><T42/><D42/><U71/><E71/><V128/><F26/><W101/><G101/><T70/><D70/><U84/><E126/><V135/><F128/><W21/><G67/><T86/><D98/><U78/><E131/><V57/><F135/><W44/><G81/><T30/><D30/><U38/><E7/><V9/><F9/><N who="3" m="2239" /><G21/><T129/><D129/><U114/><E114/><V93/><F65/><W69/><G69/><T91/><D125/><U16/><E38/><V61/><F89/><W112/><G112/><T77/><D106/><U34/><E34/><V13/><F25/><W96/><G96/><T1/><D105/><U14/><E99/><V0/><F0/><W104/><G104/><T31/><D1/><U10/><E107/><V82/><F82/><W35/><G35/><T20/><D32/><U120/><E120/><V54/><F64/><W75/><G75/><T113/><D33/><U68/><E68/><V62/><F62/><W72/><G72/><T37/><D37/><AGARI ba="0,0" hai="13,18,23,37,43,45,52,54,57,58,61,63,92,93" machi="37" ten="30,8000,1" yaku="7,1,9,1,52,2,54,1" doraHai="53" who="2" fromWho="0" sc="211,-80,230,0,329,80,230,0" /><INIT seed="2,0,0,2,3,116" ten="131,230,409,230" oya="2" hai0="99,131,82,59,123,94,18,84,13,118,30,21,37" hai1="92,107,26,41,47,133,5,27,49,20,44,25,22" hai2="105,119,97,73,43,38,132,48,55,74,42,60,9" hai3="96,108,46,76,61,0,39,91,115,8,1,50,56"/><V122/><F119/><W11/><G108/><T45/><D118/><U33/><E107/><V101/><F132/><W111/><G111/><T114/><D114/><U35/><E133/><V16/><F38/><W71/><G71/><T102/><D131/><U7/><E92/><V113/><F113/><W65/><G39/><T31/><D123/><U69/><E69/><V68/><F122/><W14/><G115/><T79/><D37/><U70/><E70/><V2/><F2/><W103/><G91/><T112/><D112/><U100/><E49/><V51/><F51/><W124/><G124/><T89/><D45/><N who="1" m="17483" /><E100/><V78/><F73/><W53/><G11/><T29/><REACH who="0" step="1"/><D59/><REACH who="0" ten="121,230,409,230" step="2"/><U72/><E41/><V95/><F43/><W10/><G46/><T130/><D130/><U135/><E135/><V83/><F42/><W134/><G134/><T64/><D64/><U57/><E57/><V62/><F68/><W67/><G67/><T58/><D58/><U4/><E72/><V19/><F74/><W34/><G65/><T63/><D63/><U12/><E12/><V120/><F62/><W86/><G61/><T87/><D87/><U88/><E88/><AGARI ba="0,1" hai="13,18,21,29,30,31,79,82,84,88,89,94,99,102" machi="88" ten="40,8000,1" yaku="1,1,8,1,54,1,53,1" doraHai="116" doraHaiUra="80" who="0" fromWho="1" sc="121,90,230,-80,409,0,230,0" /><INIT seed="3,0,0,0,4,116" ten="211,150,409,230" oya="3" hai0="134,10,84,129,79,60,119,26,87,121,112,114,118" hai1="52,117,58,65,67,33,2,106,3,81,70,123,24" hai2="16,27,90,44,56,5,77,132,20,6,48,83,12" hai3="49,47,89,11,4,120,102,35,111,43,130,62,37"/><W74/><G130/><T75/><D60/><U21/><E106/><V54/><F132/><W51/><G35/><T38/><D38/><U55/><E117/><N who="0" m="44553" /><D10/><U53/><E33/><V96/><F77/><W110/><G74/><T42/><D26/><U101/><E101/><V1/><F1/><W135/><G135/><T9/><D9/><U41/><E123/><V124/><F124/><W97/><G89/><T68/><D42/><U103/><E103/><V34/><F34/><W99/><G62/><T29/><D68/><U80/><E70/><V0/><F0/><W59/><G120/><T122/><D29/><U94/><E3/><V126/><F126/><W36/><G36/><T39/><D39/><U104/><E104/><V15/><F27/><W23/><G23/><T50/><D50/><U115/><E2/><V73/><F73/><W109/><G59/><T31/><D31/><U57/><E94/><V17/><F56/><N who="1" m="21609" /><E41/><V40/><F40/><W127/><G127/><T88/><D134/><U22/><E115/><N who="0" m="44073" /><D129/><U64/><E24/><V113/><F113/><W105/><REACH who="3" step="1"/><G99/><REACH who="3" ten="211,150,409,220" step="2"/><T63/><D63/><U19/><E19/><V98/><F96/><W93/><G93/><N who="0" m="54407" /><D75/><U30/><E30/><V72/><F72/><W69/><G69/><T32/><D32/><U133/><E133/><V108/><F98/><W25/><G25/><T8/><D8/><U86/><E86/><V18/><F20/><AGARI ba="0,1" hai="20,21,22,52,53,55,64,65,67,80,81" m="21609" machi="20" ten="40,8000,1" yaku="28,2,8,1,54,1" doraHai="116" who="1" fromWho="2" sc="211,0,150,90,409,-80,220,0" /><INIT seed="4,0,0,4,2,119" ten="211,240,329,220" oya="0" hai0="116,110,89,27,81,6,28,96,4,62,134,37,47" hai1="20,104,44,128,105,84,106,91,94,55,56,88,73" hai2="129,30,7,95,58,126,36,127,34,102,113,70,83" hai3="98,33,108,74,123,77,22,115,48,93,82,19,52"/><T76/><D116/><U29/><E73/><V43/><F70/><W9/><G108/><T46/><D134/><U11/><E128/><V100/><F7/><W66/><G115/><T23/><D110/><U122/><E122/><V38/><F83/><W131/><G131/><T12/><D37/><U90/><E44/><V10/><F10/><W72/><G33/><T101/><D89/><U14/><E29/><V125/><F129/><W65/><G9/><T2/><D2/><U64/><E64/><V26/><F113/><W57/><G74/><T63/><D47/><U120/><E120/><V16/><F43/><W54/><G54/><T45/><D45/><U32/><E32/><V40/><F40/><W5/><G5/><T3/><D46/><U69/><E69/><V111/><F111/><W39/><G39/><N who="2" m="14889" /><F95/><W50/><G50/><T21/><D3/><U132/><E132/><V25/><F58/><W117/><G117/><T118/><D118/><U0/><E0/><V42/><F42/><W35/><G35/><T107/><D4/><U18/><REACH who="1" step="1"/><E11/><REACH who="1" ten="211,230,329,220" step="2"/><V49/><F30/><W68/><G68/><T99/><D28/><U1/><E1/><V79/><F34/><W24/><REACH who="3" step="1"/><G123/><REACH who="3" ten="211,230,329,210" step="2"/><T86/><D23/><U31/><E31/><V109/><F109/><W133/><G133/><T85/><D21/><U41/><E41/><V15/><F126/><W135/><G135/><T87/><D62/><AGARI ba="0,2" hai="14,18,20,55,56,62,84,88,90,91,94,104,105,106" machi="62" ten="40,8000,1" yaku="1,1,54,1,53,3" doraHai="119" doraHaiUra="103" who="1" fromWho="0" sc="211,-80,230,100,329,0,210,0" /><INIT seed="5,0,0,2,5,120" ten="131,330,329,210" oya="1" hai0="127,124,0,45,58,76,95,19,87,66,69,117,91" hai1="126,36,135,122,94,17,107,89,12,96,43,131,42" hai2="23,123,105,82,81,37,7,48,13,5,72,9,26" hai3="22,53,83,61,97,114,49,116,99,50,10,59,8"/><U90/><E122/><V79/><F37/><W103/><G114/><T70/><D117/><U44/><E131/><V71/><F71/><W41/><G116/><T2/><D45/><U18/><E135/><V30/><F105/><W129/><G129/><T106/><D106/><U118/><E118/><V88/><F123/><W15/><G83/><T93/><D19/><U3/><E3/><V115/><F115/><W47/><G22/><T109/><D76/><U35/><E35/><V29/><F48/><W65/><G103/><T73/><D73/><U133/><E133/><V77/><F5/><W16/><REACH who="3" step="1"/><G10/><REACH who="3" ten="131,330,329,200" step="2"/><T101/><D101/><U75/><E75/><V52/><F72/><W128/><G128/><T112/><D112/><U121/><E121/><V56/><F82/><W104/><G104/><T113/><D113/><U68/><E107/><V31/><F79/><W25/><G25/><T67/><D91/><U57/><E90/><V32/><F77/><W20/><G20/><T55/><D93/><U1/><E89/><V64/><F32/><W40/><G40/><T132/><D95/><U80/><E43/><V54/><F23/><W85/><G85/><T125/><D87/><U4/><E42/><V119/><F26/><W130/><G130/><T60/><D132/><U102/><E94/><V86/><F119/><W100/><G100/><T51/><REACH who="0" step="1"/><D109/><REACH who="0" ten="121,330,329,200" step="2"/><U98/><E102/><V6/><F7/><W74/><G74/><T92/><D92/><U46/><E4/><V84/><F86/><W27/><G27/><T39/><D39/><U11/><E36/><V134/><F134/><RYUUKYOKU ba="0,2" sc="121,10,330,-30,329,10,200,10" hai0="0,2,51,55,58,60,66,67,69,70,124,125,127" hai2="6,9,13,29,30,31,52,54,56,64,81,84,88" hai3="8,15,16,41,47,49,50,53,59,61,65,97,99" /><INIT seed="6,1,2,1,3,122" ten="131,300,339,210" oya="2" hai0="113,109,75,104,112,18,38,14,8,114,62,121,87" hai1="15,40,5,2,86,133,76,99,126,65,94,85,41" hai2="63,101,28,12,21,66,54,67,118,23,24,37,11" hai3="31,132,9,36,119,33,110,115,25,129,46,1,42"/><V88/><F37/><W13/><G119/><T60/><D75/><U105/><E2/><V51/><F118/><W124/><G124/><T106/><D121/><U90/><E126/><V55/><F101/><W6/><G132/><T32/><D38/><U3/><E3/><V82/><F23/><W16/><G129/><T74/><D74/><U71/><E133/><V61/><F61/><N who="0" m="23658" /><D32/><U96/><E65/><N who="2" m="24587" /><F63/><W70/><G115/><T73/><D87/><U19/><E5/><N who="2" m="3183" /><F51/><W103/><G103/><T131/><D73/><U123/><E71/><V83/><F83/><W34/><G34/><T10/><D131/><U79/><E123/><V81/><F81/><W48/><G70/><T72/><D72/><U108/><E105/><N who="0" m="40553" /><D8/><U39/><E39/><V77/><F77/><W100/><G100/><T128/><D128/><U91/><E15/><V52/><F82/><W97/><G36/><T69/><D69/><U93/><E19/><V45/><F45/><W135/><G135/><T49/><D49/><U20/><E20/><V22/><F21/><N who="3" m="11407" /><G97/><T17/><D17/><U116/><E116/><V0/><F0/><W29/><G29/><T47/><D47/><U43/><E43/><V35/><F35/><W120/><G120/><T53/><D53/><U78/><E78/><V44/><F44/><W30/><G30/><T107/><N who="0" m="40561" /><T134/><DORA hai="57" /><D134/><U4/><E4/><V26/><F28/><W7/><G7/><T80/><D80/><U95/><E95/><V125/><F22/><W59/><G59/><T84/><D84/><U56/><E56/><V130/><F130/><RYUUKYOKU ba="1,2" sc="131,10,300,10,339,-30,210,10" hai0="10,14,18,109,112,113,114" hai1="40,41,76,79,85,86,90,91,93,94,96,99,108" hai3="1,6,9,25,31,33,42,46,48,110" /><INIT seed="7,2,2,2,4,78" ten="141,310,309,220" oya="3" hai0="46,57,109,98,124,105,83,123,94,51,90,104,27" hai1="113,119,1,60,114,28,74,106,31,81,43,35,54" hai2="7,58,26,110,42,69,76,34,86,100,63,91,17" hai3="56,4,115,19,20,125,116,33,97,13,55,10,96"/><W0/><G116/><T48/><D109/><U44/><E119/><V11/><F110/><W59/><G115/><N who="1" m="44042" /><E106/><V41/><F69/><W103/><G125/><T21/><D123/><U133/><E1/><V18/><F100/><W132/><G132/><T131/><D131/><U66/><E133/><V118/><F118/><W67/><G33/><T130/><D130/><U6/><E6/><V134/><F134/><W52/><G67/><T127/><D127/><U70/><E35/><V87/><F34/><W80/><G80/><T49/><D124/><U102/><E102/><V88/><F76/><W89/><G89/><N who="2" m="34377" /><F7/><W3/><G3/><T12/><D12/><U14/><E14/><N who="2" m="7391" /><F18/><W108/><G108/><T30/><D46/><U15/><E15/><V5/><F26/><W84/><G84/><N who="2" m="32297" /><F5/><W107/><REACH who="3" step="1"/><G97/><REACH who="3" ten="141,310,309,210" step="2"/><T77/><REACH who="0" step="1"/><D57/><AGARI ba="2,3" hai="0,4,10,13,19,20,52,55,56,57,59,96,103,107" machi="57" ten="40,7700,0" yaku="1,1,2,1,54,1,53,0" doraHai="78" doraHaiUra="72" who="3" fromWho="0" sc="141,-83,310,0,309,0,210,113" owari="58,-44.0,310,11.0,309,-9.0,323,42.0" /></mjloggm>