<mjloggm ver="2.3"><GO type="169" lobby="0"/><UN n0="%E3%81%BF%E3%81%8B%E3%82%93%EF%BC%A0%E3%82%8F%E3%81%8B%E3%82%81%E3%81%A6" n1="%7A%61%63%63" n2="%E5%B0%B1%E6%B4%BB%E7%94%9F%40%E5%B7%9D%E6%9D%91%E8%BB%8D%E5%9B%A3" n3="%E3%81%8D%E3%81%8F%E3%81%A6%E3%81%83%E3%81%99%E2%98%86" dan="17,17,18,16" rate="2150.36,2184.52,2311.44,2141.85" sx="M,F,M,F"/><TAIKYOKU oya="0"/><INIT seed="0,0,0,0,5,66" ten="250,250,250,250" oya="0" hai0="25,132,35,107,93,31,47,15,112,20,88,116,90" hai1="16,36,97,102,94,98,26,7,2,74,61,114,58" hai2="75,43,22,117,9,38,79,87,125,77,108,126,45" hai3="54,19,11,113,4,59,110,128,8,84,12,37,95"/><T64/><D112/><U34/><E36/><V27/><F75/><W82/><G113/><T6/><D116/><U123/><E74/><V67/><F117/><W69/><G37/><T60/><D107/><U65/><E123/><V29/><F108/><W52/><G110/><T130/><D130/><U0/><E114/><V14/><F67/><W106/><G128/><T99/><D132/><U56/><E7/><V83/><REACH who="2" step="1"/><F77/><REACH who="2" ten="250,250,240,250" step="2"/><W39/><G39/><T81/><D64/><U85/><E65/><V127/><F127/><W89/><G69/><T129/><D129/><U51/><E34/><V118/><F118/><W5/><G106/><T32/><D35/><U124/><E124/><V57/><F57/><W103/><G59/><T49/><D32/><U1/><E58/><V68/><F68/><W62/><G62/><T120/><D60/><U80/><E61/><V131/><F131/><W53/><G11/><N who="0" m="4599" /><D120/><U28/><E56/><V86/><F86/><W109/><G109/><T42/><D81/><U119/><E119/><V78/><F78/><W50/><G50/><T23/><D23/><U134/><E51/><V10/><F10/><W44/><G44/><T71/><D71/><U30/><E80/><V21/><F21/><W17/><G5/><AGARI ba="0,1" hai="5,9,14,22,27,29,38,43,45,79,83,87,125,126" machi="5" ten="40,2600,0" yaku="1,1,53,1" doraHai="66" doraHaiUra="24" who="2" fromWho="3" sc="250,0,250,0,240,36,250,-26" /><INIT seed="1,0,0,5,4,62" ten="250,250,276,224" oya="1" hai0="94,125,78,99,73,65,93,39,40,24,23,81,92" hai1="30,66,123,32,37,118,129,67,64,28,75,102,68" hai2="42,1,53,80,21,26,91,22,29,48,49,43,89" hai3="14,131,100,120,119,79,70,31,128,3,82,84,72"/><U126/><E123/><V33/><F1/><W85/><G120/><T113/><D113/><U88/><E118/><V122/><F122/><W9/><G119/><T60/><D125/><U86/><E126/><V44/><F42/><W13/><G3/><T71/><D40/><U77/><E37/><V25/><F80/><W76/><G76/><T58/><D39/><U38/><E38/><V109/><F33/><W135/><G135/><T103/><REACH who="0" step="1"/><D71/><REACH who="0" ten="240,250,276,224" step="2"/><U52/><E68/><V47/><REACH who="2" step="1"/><F109/><REACH who="2" ten="240,250,266,224" step="2"/><W41/><G41/><T27/><D27/><U45/><E129/><V59/><F59/><W11/><G131/><T105/><D105/><U7/><E75/><V117/><F117/><W116/><G128/><T130/><D130/><U95/><E32/><V87/><F87/><W104/><G116/><T0/><D0/><U90/><E86/><V69/><F69/><W56/><G70/><T12/><D12/><U112/><E112/><V34/><F34/><W111/><G111/><T115/><D115/><U46/><E77/><V97/><F97/><W54/><G85/><T17/><AGARI ba="0,2" hai="17,23,24,58,60,65,73,78,81,92,93,94,99,103" machi="17" ten="20,5200,0" yaku="1,1,0,1,7,1,52,1,53,0" doraHai="62" doraHaiUra="6" who="0" fromWho="0" sc="240,72,250,-26,266,-13,224,-13" /><INIT seed="2,0,0,0,3,57" ten="312,224,253,211" oya="2" hai0="102,42,46,12,75,124,79,98,127,30,26,78,118" hai1="51,123,125,101,7,41,29,18,91,129,104,115,74" hai2="60,121,31,107,36,48,11,110,32,33,9,105,114" hai3="96,24,94,87,2,52,68,100,126,64,25,128,71"/><V116/><F36/><W86/><G2/><T3/><D3/><U45/><E74/><V130/><F121/><W54/><G128/><T21/><D118/><U134/><E115/><V83/><F114/><W8/><G126/><N who="0" m="48171" /><D12/><U99/><E129/><V133/><F130/><W111/><G111/><T55/><D55/><U80/><E134/><V73/><F133/><W67/><G100/><T27/><D26/><U44/><E29/><V39/><F39/><W66/><G96/><T13/><D13/><U92/><E123/><V34/><F31/><W15/><G94/><N who="0" m="58711" /><D75/><U62/><E7/><V72/><F110/><W50/><G71/><T109/><D109/><U14/><E125/><V10/><F116/><W61/><G68/><T77/><D77/><U40/><E18/><V49/><F60/><W59/><G25/><T81/><D81/><U135/><E80/><V35/><N who="2" m="8704" /><DORA hai="58" /><V122/><F122/><W63/><G24/><T97/><D97/><U0/><E14/><V103/><F103/><W43/><G43/><T95/><D95/><U4/><E4/><V85/><F73/><W82/><G54/><T6/><D6/><U88/><E0/><V117/><F72/><W120/><G120/><T69/><D69/><U84/><E135/><V5/><F5/><N who="3" m="3471" /><G87/><T47/><D47/><U20/><E44/><V17/><F117/><W119/><G119/><T16/><D30/><U76/><E40/><V131/><F131/><W89/><AGARI ba="0,0" hai="50,52,59,61,63,64,66,67,82,86,89" m="3471" machi="89" ten="30,12000,2" yaku="8,1,52,4,54,1" doraHai="57,58" who="3" fromWho="3" sc="312,-30,224,-30,253,-60,211,120" /><INIT seed="3,0,0,5,1,4" ten="282,194,193,331" oya="3" hai0="113,73,38,77,47,94,55,106,119,99,121,128,36" hai1="10,66,37,67,30,124,83,118,100,48,98,115,93" hai2="126,1,49,86,31,75,29,92,23,123,44,27,133" hai3="35,59,12,7,42,131,32,19,0,50,95,58,54"/><W110/><G131/><T26/><D119/><U135/><E37/><V8/><F75/><W81/><G110/><T72/><D121/><U15/><E135/><V105/><F105/><W87/><G42/><T120/><D120/><U116/><E115/><V33/><F123/><W97/><G59/><T102/><D128/><U80/><E30/><V22/><F133/><W82/><G7/><T11/><D113/><U78/><E124/><V122/><F126/><W68/><G0/><T111/><D111/><U63/><E48/><V70/><F70/><W104/><G104/><T5/><D26/><U3/><E3/><V39/><F39/><W127/><G68/><T65/><D65/><U45/><E45/><V34/><F122/><W61/><G61/><T52/><D106/><U79/><E63/><V71/><F71/><W43/><G43/><T62/><D62/><U125/><E125/><V112/><F112/><W69/><G69/><T6/><D6/><U46/><E46/><V129/><F1/><W14/><G127/><T96/><D96/><U88/><E100/><V57/><F44/><W60/><G60/><T107/><D107/><U18/><E67/><V16/><F49/><W85/><G35/><T28/><D36/><U64/><E66/><V134/><F57/><W130/><G58/><T117/><D38/><U53/><E53/><V40/><F40/><W41/><G54/><T108/><D52/><U101/><E101/><V74/><F134/><W21/><G41/><T13/><D108/><U24/><E64/><V51/><F129/><W132/><G130/><T25/><D47/><RYUUKYOKU ba="0,0" sc="282,0,194,0,193,0,331,0" /><INIT seed="4,1,0,2,1,90" ten="282,194,193,331" oya="0" hai0="123,130,14,51,42,36,102,17,43,72,101,111,126" hai1="32,3,7,18,86,39,134,92,113,10,58,11,67" hai2="114,56,110,74,31,120,4,107,40,128,6,50,91" hai3="117,99,69,16,115,57,28,19,25,88,97,35,66"/><T65/><D123/><U76/><E39/><V68/><F68/><W129/><G117/><T15/><D130/><U79/><E134/><V104/><F110/><W121/><G69/><T0/><D0/><U98/><E32/><V127/><F74/><W9/><G129/><T23/><D111/><U83/><E76/><V27/><F128/><W37/><G37/><T29/><D72/><U108/><E108/><V64/><F120/><W133/><G121/><T84/><D36/><U34/><E34/><V30/><F64/><W77/><G133/><T75/><D75/><U61/><E113/><V112/><F91/><W46/><G115/><T49/><D65/><U80/><E83/><V41/><F27/><W100/><G77/><T47/><D29/><U21/><E7/><V26/><F26/><W71/><G71/><T59/><D126/><U131/><E3/><V93/><F50/><N who="0" m="18954" /><D59/><U48/><E48/><V87/><F56/><W12/><G66/><T8/><D84/><U63/><E61/><V60/><F87/><W33/><G57/><T55/><D55/><U94/><E98/><V1/><F1/><W82/><G35/><T119/><D119/><U103/><E131/><V52/><F127/><W135/><G135/><T125/><D125/><U78/><E79/><V45/><F45/><W24/><G46/><T105/><D105/><U85/><E86/><V22/><F60/><W62/><G62/><T70/><D47/><U118/><E118/><V44/><F44/><W2/><G2/><T5/><D70/><U132/><E132/><V38/><F112/><W109/><G109/><RYUUKYOKU ba="1,0" sc="282,30,194,-10,193,-10,331,-10" hai0="5,8,14,15,17,23,42,43,101,102" /><INIT seed="4,2,0,1,5,64" ten="312,184,183,321" oya="0" hai0="90,70,44,69,49,21,3,94,51,38,19,111,42" hai1="119,2,103,11,13,17,127,76,130,104,57,134,50" hai2="117,4,80,86,41,63,28,99,122,15,35,118,53" hai3="102,10,108,34,26,37,113,106,115,97,91,8,22"/><T81/><D3/><U133/><E119/><N who="2" m="45579" /><F122/><W101/><G108/><T58/><D81/><U23/><E76/><V61/><F41/><W89/><G37/><T46/><D111/><U39/><E39/><V135/><F135/><N who="1" m="51721" /><E130/><V66/><F99/><W131/><G131/><T107/><D107/><U47/><E57/><N who="2" m="34991" /><F4/><W79/><G79/><T45/><D58/><U55/><E127/><V6/><F6/><W74/><G74/><T121/><D121/><U30/><E103/><V109/><F15/><W95/><G102/><T67/><D67/><U88/><E104/><V54/><F54/><W77/><G77/><T123/><D123/><U31/><E2/><V52/><F109/><W112/><G91/><T14/><D38/><U43/><E11/><V128/><F128/><W116/><G116/><T129/><D129/><U32/><E32/><V56/><F28/><N who="3" m="17495" /><G34/><T72/><D72/><U132/><N who="1" m="51729" /><U48/><DORA hai="60" /><E88/><N who="2" m="51271" /><F35/><W105/><G105/><T59/><D59/><N who="1" m="33255" /><E31/><V120/><F120/><W96/><AGARI ba="2,0" hai="8,10,89,95,96,97,101,106,112,113,115" m="17495" machi="96" ten="40,1500,0" yaku="15,1" doraHai="64,60" who="3" fromWho="3" sc="312,-9,184,-6,183,-6,321,21" /><INIT seed="5,0,0,2,3,75" ten="303,178,177,342" oya="1" hai0="40,35,118,63,20,27,52,70,72,110,45,103,120" hai1="135,19,69,122,67,4,9,88,90,60,62,96,59" hai2="124,112,28,25,128,79,108,33,92,117,100,65,3" hai3="89,82,41,16,6,99,123,76,23,49,24,98,132"/><U84/><E122/><V86/><F117/><W80/><G123/><T109/><D120/><U12/><E135/><V121/><F108/><W38/><G38/><T31/><D118/><U127/><E127/><V116/><F116/><W10/><G132/><T8/><D72/><U111/><E111/><V2/><F121/><W17/><G17/><T0/><D103/><U93/><E4/><V37/><F37/><W29/><G29/><T87/><D35/><U105/><E105/><V26/><F124/><W68/><G68/><T57/><D70/><U134/><E134/><V133/><F133/><W42/><G49/><T43/><D87/><U73/><E73/><V47/><F65/><W11/><G11/><T126/><D126/><U91/><REACH who="1" step="1"/><E84/><REACH who="1" ten="303,168,177,342" step="2"/><V101/><F2/><W131/><G6/><N who="0" m="1095" /><D110/><U119/><E119/><V85/><F3/><W34/><G131/><T1/><D1/><U32/><E32/><V71/><F128/><W36/><G34/><T64/><D109/><U14/><E14/><V102/><F112/><W22/><G24/><T7/><D7/><U58/><E58/><V48/><F26/><W50/><G99/><T44/><D57/><U66/><AGARI ba="0,1" hai="9,12,19,59,60,62,66,67,69,88,90,91,93,96" machi="66" ten="20,7800,0" yaku="1,1,0,1,7,1,54,1,53,0" doraHai="75" doraHaiUra="114" who="1" fromWho="1" sc="303,-26,168,88,177,-26,342,-26" /><INIT seed="5,1,0,0,1,61" ten="277,256,151,316" oya="1" hai0="6,9,97,66,62,70,71,128,135,13,42,68,89" hai1="74,104,63,127,75,28,103,106,132,27,120,73,32" hai2="34,35,87,36,21,99,19,82,0,49,57,88,44" hai3="93,26,30,133,126,38,91,116,129,105,130,3,85"/><U72/><E120/><V134/><F0/><W59/><G3/><T45/><D128/><N who="3" m="49257" /><G105/><T54/><D135/><U60/><E132/><V12/><F134/><W78/><G133/><T86/><D97/><U40/><E127/><V111/><F111/><W1/><G1/><T46/><D54/><U81/><E40/><V125/><F125/><W31/><G126/><T48/><REACH who="0" step="1"/><D45/><REACH who="0" ten="267,256,151,316" step="2"/><U37/><E106/><V90/><F57/><W50/><G59/><T14/><D14/><U2/><E2/><V39/><F35/><W109/><G109/><T114/><D114/><U121/><E104/><V65/><F34/><W119/><G119/><T22/><D22/><U7/><E32/><V94/><REACH who="2" step="1"/><F65/><REACH who="2" ten="267,256,141,316" step="2"/><W117/><G116/><T118/><D118/><U113/><E113/><V10/><F10/><W92/><G117/><T112/><D112/><U64/><E64/><V56/><F56/><W84/><G38/><T108/><D108/><U77/><E37/><V101/><F101/><W107/><G50/><T123/><D123/><U100/><E121/><V15/><F15/><W11/><G11/><T51/><D51/><U16/><E103/><V47/><F47/><W52/><G107/><T124/><D124/><U79/><E100/><V25/><F25/><W122/><G26/><T110/><D110/><U131/><E27/><V55/><AGARI ba="1,2" hai="12,19,21,36,39,44,49,55,82,87,88,90,94,99" machi="55" ten="20,5200,0" yaku="1,1,0,1,7,1,54,1,53,0" doraHai="61" doraHaiUra="115" who="2" fromWho="2" sc="267,-14,256,-27,141,75,316,-14" /><INIT seed="6,0,0,5,1,88" ten="253,229,216,302" oya="2" hai0="126,133,109,37,112,57,64,70,55,97,18,90,6" hai1="72,35,22,118,2,114,43,11,73,46,8,49,94" hai2="23,108,63,96,52,78,27,31,84,101,103,59,38" hai3="87,125,61,42,1,91,92,130,4,36,122,121,60"/><V40/><F108/><W34/><G34/><T105/><D109/><U9/><E35/><V75/><F75/><W68/><G125/><T21/><D126/><U115/><E118/><V128/><F128/><W19/><G130/><T13/><D37/><U111/><E2/><V99/><F38/><W110/><G110/><T132/><D112/><U51/><E111/><V41/><F78/><W26/><G68/><T76/><D76/><U67/><E67/><V56/><F84/><W106/><G106/><T58/><D70/><U20/><E51/><V0/><F0/><W82/><G1/><T93/><D105/><U39/><E39/><V113/><F113/><N who="1" m="43017" /><E73/><V134/><F134/><N who="0" m="51818" /><D64/><U29/><E29/><V123/><F123/><W83/><G36/><T120/><D120/><U95/><E72/><V89/><F89/><W16/><G91/><T102/><D6/><U45/><E46/><V85/><F85/><W119/><G87/><N who="0" m="52447" /><D55/><U77/><E77/><V116/><F116/><W117/><G119/><T14/><D14/><U65/><E65/><V25/><F25/><W98/><G26/><T69/><D69/><U17/><E17/><V24/><F24/><W47/><G19/><T104/><AGARI ba="0,0" hai="13,18,21,57,58,97,102,104" m="52447,51818" machi="104" ten="30,2000,0" yaku="20,1,52,1" doraHai="88" who="0" fromWho="0" sc="253,20,229,-5,216,-10,302,-5" /><INIT seed="7,0,0,2,1,133" ten="273,224,206,297" oya="3" hai0="135,87,113,2,77,47,5,10,57,66,17,75,114" hai1="79,93,115,46,86,90,23,134,45,12,50,81,70" hai2="88,128,69,8,109,92,94,37,102,44,42,120,96" hai3="62,129,28,65,103,73,100,84,124,119,52,36,97"/><W67/><G119/><T98/><D135/><U59/><E70/><V74/><F109/><W71/><G73/><T118/><D118/><U26/><E115/><N who="0" m="44041" /><D75/><U55/><E134/><V61/><F74/><W60/><G36/><T32/><D32/><U24/><E24/><V105/><F120/><W101/><G129/><T104/><D47/><U34/><E12/><V72/><F72/><W43/><G43/><T76/><D87/><U4/><E4/><V64/><F128/><W54/><G124/><T22/><D66/><U127/><E127/><V89/><F8/><W13/><G97/><T56/><D104/><U111/><E111/><V131/><F131/><W15/><G28/><T99/><D98/><N who="1" m="57655" /><E34/><V91/><AGARI ba="0,0" hai="37,42,44,61,64,69,88,89,91,92,94,96,102,105" machi="91" ten="30,2000,0" yaku="0,1,54,1" doraHai="133" who="2" fromWho="2" sc="273,-5,224,-5,206,20,297,-10" /><INIT seed="8,0,0,5,2,5" ten="268,219,226,287" oya="0" hai0="58,55,9,132,131,76,81,113,47,19,2,61,22" hai1="31,72,135,134,89,110,105,130,53,8,128,125,86" hai2="127,120,84,56,66,4,44,51,93,92,34,117,87" hai3="98,102,88,27,20,17,42,37,41,21,123,11,124"/><T107/><D113/><U46/><E110/><V121/><F34/><W62/><G124/><T119/><D119/><U43/><E31/><V50/><F4/><W40/><G123/><T133/><D107/><U73/><E53/><V32/><F32/><W16/><G37/><T80/><D131/><N who="1" m="50219" /><E105/><V29/><F29/><W101/><G62/><T106/><D106/><U25/><E25/><V82/><F82/><N who="0" m="31850" /><D76/><U100/><E100/><V67/><F56/><W24/><G11/><T49/><D2/><U33/><E33/><V30/><F30/><W57/><G57/><T70/><D70/><U63/><E63/><V10/><F44/><W13/><G13/><N who="0" m="7599" /><D22/><U65/><E65/><V129/><F129/><W77/><G77/><T48/><D47/><U38/><E8/><V0/><F0/><W71/><G71/><T122/><D122/><U75/><E125/><V115/><F10/><W1/><G1/><T109/><D109/><U64/><E64/><V39/><F127/><W96/><G96/><T95/><D95/><AGARI ba="0,0" hai="38,43,46,72,73,75,86,89,95,134,135" m="50219" machi="95" ten="40,1300,0" yaku="19,1" doraHai="5" who="1" fromWho="0" sc="268,-13,219,13,226,0,287,0" /><AGARI ba="0,0" hai="16,17,20,21,24,27,40,41,42,88,95,98,101,102" machi="95" ten="40,8000,1" yaku="9,1,8,1,54,2" doraHai="5" who="3" fromWho="0" sc="255,-80,232,0,226,0,287,80" owari="175,-32.0,232,3.0,226,-17.0,367,46.0" /></mjloggm>