<mjloggm ver="2.3"><GO type="169" lobby="0"/><UN n0="%E5%B0%B1%E6%B4%BB%E7%94%9F%40%E5%B7%9D%E6%9D%91%E8%BB%8D%E5%9B%A3" n1="%E3%83%95%E3%83%B3%E3%83%8C" n2="%46%75%6E%54%69%6D%65" n3="%63%6C%6F%6F%77%64%6F" dan="17,16,16,16" rate="2173.42,2068.04,2121.19,2058.71" sx="M,M,M,F"/><TAIKYOKU oya="0"/><INIT seed="0,0,0,0,0,22" ten="250,250,250,250" oya="0" hai0="96,104,17,62,21,8,134,68,76,90,108,123,24" hai1="71,81,122,51,60,75,84,97,54,105,0,48,121" hai2="6,73,16,15,93,33,65,114,32,102,23,87,72" hai3="85,61,58,35,59,111,44,129,92,78,99,66,7"/><T63/><D123/><U119/><E75/><V2/><F114/><W36/><G111/><T45/><D108/><U47/><E0/><V106/><F65/><W56/><G129/><T135/><D76/><U70/><E119/><V101/><F106/><W124/><G124/><T125/><D125/><U39/><E39/><V9/><F73/><W103/><G35/><T95/><D104/><U57/><E51/><V88/><REACH who="2" step="1"/><F72/><REACH who="2" ten="250,250,240,250" step="2"/><W83/><G7/><T112/><D112/><U49/><E122/><V12/><F12/><W19/><G19/><T29/><D68/><U130/><E121/><V94/><F94/><W67/><G66/><T31/><D134/><U133/><E133/><V127/><F127/><W30/><G67/><T79/><D135/><U42/><E70/><V11/><F11/><W3/><G92/><T4/><D79/><U46/><E71/><V131/><F131/><W128/><G78/><T77/><D77/><N who="1" m="46127" /><E130/><V41/><F41/><W89/><G3/><T5/><D5/><U1/><E1/><V37/><F37/><W52/><G36/><T132/><D132/><U20/><E105/><V53/><F53/><W40/><G128/><T38/><D4/><U109/><E109/><V100/><AGARI ba="0,1" hai="2,6,9,15,16,23,32,33,87,88,93,100,101,102" machi="100" ten="30,7900,0" yaku="1,1,0,1,54,2,53,0" doraHai="22" doraHaiUra="50" who="2" fromWho="2" sc="250,-39,250,-20,240,89,250,-20" /><INIT seed="1,0,0,4,1,134" ten="211,230,329,230" oya="1" hai0="21,49,63,80,10,69,135,109,29,125,42,25,78" hai1="79,104,113,22,60,41,68,16,119,81,38,2,11" hai2="14,48,51,34,24,36,32,15,8,128,129,120,99" hai3="28,7,13,87,50,56,19,35,18,82,12,85,66"/><U20/><E119/><V47/><F120/><W44/><G87/><T65/><D135/><U4/><E104/><V23/><F36/><W1/><G1/><T31/><D109/><U39/><E113/><V96/><F8/><N who="3" m="4127" /><G35/><T98/><D98/><U77/><E20/><V58/><F23/><W130/><G130/><T33/><D10/><U45/><E39/><V93/><F58/><W72/><G72/><T94/><D94/><U52/><E81/><V17/><F93/><W59/><G28/><T107/><D107/><U55/><E68/><V90/><F47/><W95/><G95/><T43/><D49/><U6/><E6/><V127/><F24/><W133/><G133/><T5/><D5/><U126/><E126/><V114/><F17/><N who="3" m="6155" /><G66/><T88/><D125/><U116/><E116/><V102/><F127/><W74/><G74/><T108/><D108/><U118/><E118/><V83/><F83/><W40/><G13/><T53/><D31/><U61/><E77/><AGARI ba="0,0" hai="40,44,50,56,59,77,82,85" m="6155,4127" machi="77" ten="30,2000,0" yaku="25,1,8,1" doraHai="134" who="3" fromWho="1" sc="211,0,230,-20,329,0,230,20" /><INIT seed="2,0,0,3,4,31" ten="211,210,329,250" oya="2" hai0="68,107,44,66,53,14,67,75,17,18,47,115,116" hai1="101,30,61,0,92,69,36,90,24,89,70,5,63" hai2="85,21,32,96,64,77,2,26,33,121,131,132,11" hai3="114,117,39,25,76,71,133,110,56,65,135,40,127"/><V100/><F121/><W104/><G104/><T97/><D115/><U112/><E36/><V23/><F64/><W81/><G117/><T35/><D75/><U119/><E119/><V1/><F131/><W45/><G114/><T12/><D116/><U41/><E112/><V4/><F132/><N who="3" m="50763" /><G110/><T9/><D68/><U28/><E41/><V74/><F74/><W80/><G127/><T7/><D7/><U129/><E129/><V50/><F2/><W109/><G109/><T72/><D72/><U86/><E101/><V27/><F50/><W6/><G6/><T48/><D35/><U106/><E106/><V88/><F77/><W34/><G71/><T42/><D97/><U62/><E28/><V52/><F52/><W3/><G3/><T105/><D105/><U118/><E118/><V99/><F99/><W84/><G81/><T13/><D13/><U15/><E15/><V125/><F125/><W57/><G65/><T123/><D107/><U29/><E29/><AGARI ba="0,0" hai="25,29,34,39,40,45,56,57,76,80,84" m="50763" machi="29" ten="30,2000,0" yaku="20,1,52,1" doraHai="31" who="3" fromWho="1" sc="211,0,210,-20,329,0,250,20" /><INIT seed="3,0,0,5,0,39" ten="211,190,329,270" oya="3" hai0="60,99,104,1,84,125,28,112,63,44,117,72,94" hai1="51,135,120,6,108,65,126,42,62,19,86,109,90" hai2="100,15,113,98,8,34,97,105,71,47,21,111,91" hai3="17,4,56,64,133,92,132,36,75,77,76,103,37"/><W95/><G4/><T115/><D72/><U121/><E6/><V122/><F113/><W14/><G37/><T9/><D117/><U45/><E135/><N who="3" m="51786" /><G36/><T88/><D125/><U83/><E19/><V66/><F34/><W11/><G75/><T12/><D1/><U31/><E31/><V55/><F111/><N who="1" m="42569" /><E126/><V25/><F122/><W128/><G128/><T23/><D44/><U87/><E86/><V24/><F66/><W69/><G69/><AGARI ba="0,0" hai="42,45,51,62,65,69,83,87,90,120,121" m="42569" machi="69" ten="30,2000,0" yaku="14,1,52,1" doraHai="39" who="1" fromWho="3" sc="211,0,190,20,329,0,270,-20" /><INIT seed="4,0,0,1,4,43" ten="211,210,329,250" oya="0" hai0="25,64,8,2,37,69,18,62,46,35,111,81,17" hai1="0,88,117,109,105,7,106,42,87,110,67,9,93" hai2="86,102,95,51,135,27,107,30,92,61,131,120,70" hai3="48,57,119,123,103,68,22,126,12,114,113,53,79"/><T73/><D111/><U129/><E117/><V100/><F120/><W56/><G68/><T74/><D18/><U94/><E129/><V11/><F131/><W16/><G123/><T60/><D62/><U77/><E77/><V33/><F135/><W4/><G119/><T28/><D17/><U13/><E67/><N who="2" m="41327" /><F11/><W20/><G126/><T80/><D80/><U104/><E0/><V32/><F102/><W65/><G4/><N who="0" m="1047" /><D81/><U122/><E122/><V39/><F39/><W72/><G72/><T29/><D28/><U75/><E75/><V58/><F86/><W14/><G79/><T59/><D59/><U36/><REACH who="1" step="1"/><E93/><REACH who="1" ten="211,200,329,250" step="2"/><V26/><F95/><W98/><G113/><T63/><D63/><U84/><E84/><V44/><F92/><W15/><G114/><T71/><D71/><U10/><E10/><V128/><F128/><W5/><G65/><T132/><D132/><U83/><E83/><V1/><F1/><W91/><G103/><T34/><D34/><U66/><E66/><V115/><F115/><W6/><G98/><T96/><D96/><U124/><E124/><V41/><F33/><W89/><G89/><T108/><D108/><U127/><E127/><V133/><F133/><W54/><G91/><T3/><D3/><U125/><E125/><V78/><F100/><W31/><G20/><T50/><D50/><U76/><E76/><V38/><F51/><W23/><G23/><T55/><D55/><U134/><E134/><V116/><F78/><W99/><G54/><T90/><D90/><U45/><AGARI ba="0,1" hai="7,9,13,36,42,45,87,88,94,104,105,106,109,110" machi="45" ten="40,8000,1" yaku="1,1,0,1,52,1,54,1,53,0" doraHai="43" doraHaiUra="97" who="1" fromWho="1" sc="211,-40,200,90,329,-20,250,-20" /><INIT seed="5,0,0,1,1,4" ten="171,290,309,230" oya="1" hai0="47,111,52,83,5,42,64,50,54,135,119,58,31" hai1="92,85,120,98,107,38,35,11,101,18,22,66,87" hai2="24,88,10,109,127,29,33,104,125,126,74,53,41" hai3="106,21,37,110,27,55,75,108,122,25,90,56,69"/><U81/><E35/><V14/><F109/><W134/><G69/><T43/><D31/><U91/><E38/><V2/><F74/><W80/><G122/><T123/><D111/><U6/><E120/><V12/><F104/><W116/><G134/><T93/><D123/><U86/><E66/><V46/><F53/><N who="0" m="20586" /><D83/><U36/><E36/><N who="2" m="21799" /><F88/><W61/><G116/><T95/><D119/><U71/><E71/><V34/><F34/><W7/><G80/><T94/><D135/><U115/><E115/><V130/><F130/><W70/><G75/><T44/><D5/><AGARI ba="0,0" hai="2,5,10,12,14,24,29,33,125,126,127" m="21799" machi="5" ten="30,2000,0" yaku="18,1,52,1" doraHai="4" who="2" fromWho="0" sc="171,-20,290,0,309,20,230,0" /><INIT seed="6,0,0,1,4,135" ten="151,290,329,230" oya="2" hai0="39,36,61,65,90,78,66,81,46,118,9,7,93" hai1="84,95,113,16,105,112,107,17,18,50,31,124,21" hai2="53,69,106,99,44,80,86,82,134,71,57,59,125" hai3="62,47,1,13,101,41,48,33,103,111,122,126,98"/><V8/><F125/><W19/><G126/><T28/><D118/><U92/><E124/><V129/><F134/><W68/><G111/><T51/><D28/><U119/><E119/><V108/><F108/><W114/><G122/><T52/><D39/><U76/><E50/><V24/><F129/><W87/><G1/><T32/><D32/><U131/><E131/><V58/><F71/><W100/><G33/><T67/><D36/><U70/><E70/><V43/><F69/><W23/><G114/><N who="1" m="44138" /><E76/><V63/><F106/><N who="1" m="40457" /><E84/><V45/><F99/><W109/><G109/><T26/><D26/><AGARI ba="0,0" hai="16,17,18,21,26,31,92,95" m="40457,44138" machi="26" ten="40,2600,0" yaku="15,1,54,1" doraHai="135" who="1" fromWho="0" sc="151,-26,290,26,329,0,230,0" /><INIT seed="7,0,0,2,2,40" ten="125,316,329,230" oya="3" hai0="65,75,71,27,67,6,35,33,94,34,101,85,81" hai1="126,15,128,28,24,115,20,30,121,77,111,76,25" hai2="108,120,5,73,63,98,96,58,129,70,51,127,116" hai3="107,104,41,0,89,37,7,90,112,105,38,60,66"/><W114/><G37/><T64/><D75/><U59/><E111/><V117/><F108/><W132/><G132/><T103/><D71/><U99/><E121/><V69/><F73/><W9/><G41/><T133/><D133/><U82/><E115/><N who="3" m="44074" /><G38/><T130/><D130/><U43/><E128/><V113/><F113/><W29/><G29/><N who="1" m="11370" /><E126/><V36/><F36/><W57/><AGARI ba="0,0" hai="0,7,9,57,60,66,89,90,104,105,107" m="44074" machi="57" ten="40,2100,0" yaku="15,1" doraHai="40" who="3" fromWho="3" sc="125,-7,316,-7,329,-7,230,21" /><INIT seed="7,1,0,2,1,83" ten="118,309,322,251" oya="3" hai0="106,124,28,84,15,130,27,35,118,78,71,122,23" hai1="30,36,114,10,9,66,1,62,119,26,49,98,134" hai2="110,73,82,67,97,41,52,126,2,48,81,94,65" hai3="29,109,61,22,44,135,93,127,13,31,43,111,113"/><W19/><G113/><T108/><D108/><N who="3" m="41545" /><G135/><T105/><D122/><U51/><E36/><V4/><F110/><W70/><G127/><T18/><D118/><U107/><E114/><V104/><F104/><W99/><G70/><T125/><D71/><N who="1" m="42455" /><E134/><V68/><F41/><W85/><G61/><T24/><D130/><U5/><E9/><V58/><F126/><W102/><G85/><T40/><D40/><U103/><E119/><V59/><F68/><W6/><G6/><T115/><D115/><U47/><E47/><V131/><F4/><W92/><G92/><T90/><D78/><U33/><AGARI ba="1,0" hai="1,5,10,26,30,33,49,51,98,103,107" m="42455" machi="33" ten="30,1100,0" yaku="25,1" doraHai="83" who="1" fromWho="1" sc="118,-4,309,14,322,-4,251,-6" owari="114,-39.0,323,42.0,318,12.0,245,-15.0" /></mjloggm>