<mjloggm ver="2.3"><GO type="225" lobby="0"/><UN n0="%E7%B6%BE%E9%A6%99" n1="%E3%82%B4%E3%83%9F%E3%82%AF%E3%82%BA%E4%B8%83%E6%AE%B5" n2="%E3%83%86%E3%82%A3%E3%82%AB%2D%CE%B3" n3="%E3%82%A6%E3%83%AB%E3%83%88%E3%83%A9%E7%AB%8B%E7%9B%B4" dan="16,16,16,17" rate="2187.75,2187.27,2062.76,2150.99" sx="F,F,M,M"/><TAIKYOKU oya="0"/><INIT seed="0,0,0,5,2,99" ten="250,250,250,250" oya="0" hai0="25,15,106,65,55,121,134,82,14,107,5,77,64" hai1="103,18,46,63,88,124,54,72,51,125,75,102,16" hai2="58,92,127,3,42,22,113,13,85,0,21,56,47" hai3="87,2,111,109,97,116,60,43,37,91,11,23,50"/><T28/><D121/><U108/><E108/><V69/><F69/><W34/><G34/><T29/><D134/><U32/><E32/><V52/><F113/><W59/><G37/><T83/><D25/><U57/><E88/><V35/><F35/><W101/><G116/><T61/><D61/><U100/><E75/><V74/><F74/><W27/><G11/><T105/><D55/><U96/><E72/><V70/><F70/><W67/><G2/><T31/><D5/><U44/><E96/><V68/><F68/><W10/><G10/><T73/><REACH who="0" step="1"/><D83/><REACH who="0" ten="240,250,250,250" step="2"/><U126/><REACH who="1" step="1"/><E44/><REACH who="1" ten="240,240,250,250" step="2"/><V41/><F47/><W7/><G111/><T48/><D48/><U71/><E71/><V133/><F133/><W115/><G109/><T112/><D112/><U66/><AGARI ba="0,2" hai="16,18,46,51,54,57,63,66,100,102,103,124,125,126" machi="66" ten="40,12000,2" yaku="1,1,0,1,18,1,52,3,54,1,53,0" doraHai="99" doraHaiUra="110" who="1" fromWho="1" sc="240,-60,240,140,250,-30,250,-30" /><INIT seed="1,0,0,4,3,100" ten="180,380,220,220" oya="1" hai0="87,12,97,40,48,88,132,6,4,3,86,50,31" hai1="125,115,20,72,5,16,59,73,101,96,85,53,127" hai2="66,135,126,122,63,17,30,35,118,42,113,33,70" hai3="84,90,110,75,38,13,41,80,120,24,27,106,7"/><U119/><E115/><V117/><F122/><W78/><G120/><T92/><D3/><U128/><E119/><V129/><F113/><W94/><G38/><T36/><D132/><U1/><E128/><V0/><F135/><W121/><G41/><T57/><D31/><U26/><E85/><V58/><F42/><W130/><G121/><T23/><D36/><U102/><E5/><N who="0" m="2153" /><D50/><U61/><E1/><V103/><F0/><W79/><G79/><T44/><D57/><U116/><E116/><V25/><F35/><W91/><G91/><T83/><D83/><U14/><E14/><V11/><F129/><W51/><G51/><T104/><D104/><N who="1" m="63527" /><E127/><V22/><F58/><W123/><G106/><T105/><D105/><U112/><E102/><V62/><F126/><W64/><G130/><T21/><D21/><U18/><E18/><AGARI ba="0,0" hai="12,18,23,40,44,48,86,87,88,92,97" m="2153" machi="18" ten="30,2000,0" yaku="8,1,54,1" doraHai="100" who="0" fromWho="1" sc="180,20,380,-20,220,0,220,0" /><INIT seed="2,0,0,2,4,106" ten="200,360,220,220" oya="2" hai0="44,116,79,132,1,35,131,130,97,24,119,102,93" hai1="59,123,11,43,90,99,81,34,25,80,89,28,14" hai2="38,33,37,87,15,58,92,67,88,48,47,23,134" hai3="4,94,46,115,69,104,16,53,91,63,72,51,50"/><V113/><F33/><W111/><G104/><T5/><D79/><U127/><E127/><V105/><F105/><W21/><G72/><T7/><D132/><U40/><E123/><V64/><F134/><W103/><G111/><T6/><D1/><U22/><E34/><V110/><F113/><W70/><G115/><T18/><D44/><U83/><E59/><V73/><F73/><W126/><G126/><T3/><D3/><U10/><E10/><V29/><F110/><W20/><G4/><T129/><REACH who="0" step="1"/><D18/><REACH who="0" ten="190,360,220,220" step="2"/><N who="1" m="8543" /><E99/><V71/><F47/><W60/><G16/><T61/><D61/><U19/><E19/><V101/><F29/><AGARI ba="0,1" hai="5,6,7,24,29,35,93,97,102,116,119,129,130,131" machi="29" ten="50,3200,0" yaku="1,1,19,1,53,0" doraHai="106" doraHaiUra="109" who="0" fromWho="2" sc="190,42,360,0,220,-32,220,0" /><INIT seed="3,0,0,1,3,23" ten="232,360,188,220" oya="3" hai0="79,121,85,4,12,94,11,110,6,92,41,73,53" hai1="124,131,135,34,90,105,64,17,33,81,42,69,113" hai2="35,48,89,104,117,52,8,44,15,61,102,109,21" hai3="49,20,31,36,24,126,133,132,56,54,29,100,93"/><W87/><G36/><T14/><D73/><U5/><E113/><V76/><F35/><W9/><G126/><T27/><D121/><U70/><E105/><V116/><F109/><W86/><G9/><N who="0" m="4135" /><D110/><U115/><E34/><V83/><F89/><W107/><G31/><T13/><D41/><U98/><E69/><V66/><F21/><W125/><G125/><T101/><D53/><U84/><E70/><V50/><F50/><W7/><G7/><T67/><D67/><U63/><E33/><V59/><F102/><W88/><REACH who="3" step="1"/><G87/><REACH who="3" ten="232,360,188,210" step="2"/><T40/><D11/><U62/><E84/><V68/><F104/><W99/><AGARI ba="0,1" hai="20,24,29,49,54,56,86,88,93,99,100,107,132,133" machi="99" ten="30,18000,2" yaku="1,1,2,1,0,1,52,1,54,1,53,1" doraHai="23" doraHaiUra="45" who="3" fromWho="3" sc="232,-60,360,-60,188,-60,210,190" owari="172,-23.0,300,10.0,128,-37.0,400,50.0" /></mjloggm>