<mjloggm ver="2.3"><GO type="169" lobby="0"/><UN n0="%E3%82%A6%E3%83%AB%E3%83%88%E3%83%A9%E7%AB%8B%E7%9B%B4" n1="%E3%83%95%E3%83%AA%E3%83%BC%E3%82%B6%E6%A7%98" n2="%E3%83%9F%E3%82%B9%E3%83%86%E3%82%A3%E3%82%B3" n3="%E3%82%B7%E3%83%A3%E3%82%AD%E3%82%AA%E3%83%8B" dan="17,17,16,17" rate="2118.41,2175.38,2070.93,2177.21" sx="M,M,M,M"/><TAIKYOKU oya="0"/><INIT seed="0,0,0,1,4,58" ten="250,250,250,250" oya="0" hai0="53,86,119,107,111,124,92,7,113,91,66,8,42" hai1="116,108,18,78,88,28,96,16,99,132,49,106,134" hai2="17,70,81,13,110,105,126,82,84,12,131,21,5" hai3="80,34,26,25,77,125,133,61,38,67,87,35,56"/><T76/><D119/><U85/><E116/><V95/><F70/><W101/><G133/><N who="1" m="51306" /><E108/><V39/><F105/><W2/><G125/><T6/><D113/><U71/><E71/><V117/><F110/><W20/><G38/><T75/><D111/><U118/><E118/><V41/><F126/><W30/><G2/><T65/><D124/><U123/><E123/><V23/><F117/><W50/><G101/><T102/><D53/><U36/><E36/><V73/><F73/><W90/><G50/><T129/><D42/><U89/><E28/><V32/><F32/><W52/><G67/><T127/><D127/><U63/><E49/><V40/><F39/><W69/><G69/><T44/><D44/><U72/><E63/><V93/><F84/><W14/><G14/><T22/><D22/><U128/><E128/><V57/><F57/><W15/><G15/><T115/><D6/><U64/><E64/><V45/><F45/><W74/><REACH who="3" step="1"/><G26/><REACH who="3" ten="250,250,250,240" step="2"/><T68/><D68/><U121/><E121/><V83/><F131/><W10/><G10/><T0/><D129/><U24/><E24/><V114/><F114/><W98/><G98/><N who="0" m="61911" /><D115/><U43/><E99/><V51/><F51/><W3/><G3/><T48/><D48/><U94/><E96/><V29/><F41/><W1/><G1/><T97/><D97/><U54/><E43/><V4/><F40/><W47/><G47/><T130/><D130/><U55/><E106/><V62/><F13/><W109/><G109/><T37/><D37/><U46/><E46/><V79/><F12/><W103/><G103/><T60/><D60/><RYUUKYOKU ba="0,1" sc="250,15,250,-15,250,-15,240,15" hai0="0,7,8,65,66,75,76,86,91,92" hai3="20,25,30,34,35,52,56,61,74,77,80,87,90" /><INIT seed="0,1,1,5,3,37" ten="265,235,235,255" oya="0" hai0="114,118,122,131,69,110,75,0,50,41,121,108,8" hai1="21,31,70,119,127,83,105,20,29,123,88,126,93" hai2="135,16,60,44,45,25,27,32,94,26,11,72,52" hai3="115,38,77,120,51,71,74,124,81,9,104,65,13"/><T92/><D75/><U97/><E119/><V112/><F72/><W1/><G115/><T76/><D76/><U35/><E123/><N who="0" m="47113" /><D92/><U117/><E117/><V36/><F32/><W57/><G38/><T61/><D118/><U46/><E70/><V39/><F112/><W89/><G104/><T133/><D114/><U116/><E116/><V111/><F39/><W125/><G1/><T107/><D107/><U28/><E35/><V49/><F60/><W59/><G89/><T106/><D106/><U6/><E6/><V128/><F94/><W34/><G34/><T98/><D98/><U54/><E105/><V48/><F36/><W47/><G71/><T78/><D78/><U95/><E83/><V85/><F85/><W73/><G65/><N who="0" m="41135" /><D131/><U84/><E97/><V132/><F128/><W2/><G2/><T99/><D99/><U80/><E80/><V30/><F30/><W40/><G74/><T64/><D64/><U66/><E66/><V67/><F67/><W129/><G129/><T103/><D103/><U90/><E90/><V14/><REACH who="2" step="1"/><F111/><REACH who="2" ten="265,235,225,255" step="2"/><W24/><G120/><T56/><D110/><U18/><E95/><V87/><F87/><W100/><G73/><T7/><D108/><U22/><E18/><V102/><F102/><W19/><G100/><T101/><D101/><U10/><E31/><V86/><F86/><W17/><G81/><T63/><D63/><U4/><E29/><V53/><AGARI ba="1,2" hai="11,14,16,25,26,27,44,45,48,49,52,53,132,135" machi="53" ten="30,8000,1" yaku="1,1,0,1,9,1,54,2,53,0" doraHai="37" doraHaiUra="113" who="2" fromWho="2" sc="265,-41,235,-21,225,103,255,-21" /><INIT seed="1,0,0,2,1,60" ten="224,214,328,234" oya="1" hai0="12,69,49,67,96,72,134,13,84,55,118,6,95" hai1="30,86,83,17,113,26,15,18,70,46,133,131,124" hai2="106,89,25,107,37,38,33,75,93,32,16,39,100" hai3="9,116,73,127,44,78,24,63,35,8,92,11,101"/><U53/><E113/><V10/><F75/><W135/><G135/><T117/><D72/><U23/><E133/><V29/><F33/><W42/><G127/><T105/><D134/><U31/><E124/><V125/><F100/><W128/><G128/><T111/><D111/><U110/><E131/><V59/><F59/><W36/><G116/><T57/><D105/><U41/><E110/><V45/><F45/><W68/><G73/><T97/><D97/><U71/><E53/><V119/><F119/><W77/><G101/><T19/><D84/><U27/><E18/><V98/><REACH who="2" step="1"/><F125/><REACH who="2" ten="224,214,318,234" step="2"/><W2/><G44/><T121/><D57/><U0/><E70/><V80/><F80/><W56/><G56/><T109/><D69/><U112/><E71/><V40/><F40/><W132/><G42/><T74/><D118/><U85/><E112/><V21/><F21/><W3/><G35/><T61/><D74/><U123/><E83/><V122/><F122/><W34/><G34/><T52/><D121/><U64/><E123/><V91/><F91/><W79/><G132/><T129/><D117/><U54/><E41/><V102/><F102/><W126/><G126/><T50/><D129/><U28/><E46/><V4/><F4/><W94/><G68/><T7/><D6/><U5/><E54/><V120/><F120/><W115/><G115/><T14/><D7/><U81/><E81/><V65/><F65/><W1/><G9/><T103/><D109/><U87/><E64/><V88/><F88/><W104/><G11/><T48/><D67/><U82/><E82/><V47/><F47/><RYUUKYOKU ba="0,1" sc="224,-15,214,15,318,15,234,-15" hai1="0,5,15,17,23,26,27,28,30,31,85,86,87" hai2="10,16,25,29,32,37,38,39,89,93,98,106,107" /><INIT seed="1,1,1,3,1,109" ten="209,229,333,219" oya="1" hai0="94,108,110,67,118,88,65,74,95,56,87,47,93" hai1="85,78,32,1,35,68,72,46,24,31,66,4,124" hai2="75,29,120,13,84,43,5,76,11,112,91,30,34" hai3="107,63,127,57,48,115,131,52,39,134,116,58,81"/><U59/><E59/><V49/><F120/><W123/><G107/><T61/><D118/><U101/><E85/><V21/><F34/><W10/><G123/><T106/><D106/><U98/><E124/><V45/><F75/><W60/><G127/><T103/><D74/><U23/><E46/><V64/><F64/><N who="3" m="38927" /><G10/><T71/><D71/><U133/><E133/><V12/><F112/><W15/><G15/><T53/><D103/><U129/><E129/><V82/><F91/><W33/><G33/><T122/><D122/><U19/><E78/><V50/><F50/><W114/><G81/><T132/><D132/><U102/><E72/><V40/><F40/><W42/><G134/><T36/><D36/><U96/><E101/><V80/><F80/><W51/><G131/><T16/><D47/><U41/><E41/><V77/><F77/><W86/><G86/><T97/><D97/><U9/><E35/><V126/><F126/><W90/><G90/><T135/><D135/><U2/><E2/><V25/><F13/><W130/><G130/><T3/><D3/><U8/><E8/><V20/><F20/><W14/><G14/><T117/><D110/><U55/><E102/><V7/><F7/><W119/><G39/><T69/><D108/><U111/><E111/><V105/><F105/><W79/><G79/><T99/><D87/><U100/><E100/><V73/><F73/><W44/><G48/><T62/><D88/><U83/><E83/><V6/><F6/><W38/><G51/><T0/><D0/><U128/><E128/><V28/><AGARI ba="1,1" hai="5,11,12,21,25,28,29,30,43,45,49,76,82,84" machi="28" ten="20,8000,1" yaku="0,1,7,1,25,2,8,1" doraHai="109" who="2" fromWho="2" sc="209,-21,229,-41,333,93,219,-21" /><INIT seed="2,0,0,1,2,11" ten="188,188,426,198" oya="2" hai0="18,71,118,124,78,69,47,61,0,9,122,15,129" hai1="119,39,62,102,130,77,45,1,7,8,49,26,17" hai2="64,103,33,68,75,106,46,19,21,50,14,24,112" hai3="48,111,90,72,5,93,108,113,52,114,66,89,12"/><V65/><F112/><N who="3" m="43115" /><G72/><T3/><D122/><U107/><E119/><V2/><F75/><W87/><G66/><T79/><D118/><U67/><E39/><V41/><F2/><W43/><G43/><T88/><D129/><U104/><E77/><V32/><F68/><W37/><G37/><T110/><D110/><U83/><E83/><V53/><F106/><W127/><G127/><T134/><D124/><U82/><E82/><V86/><F103/><W4/><G89/><T35/><D35/><U44/><E130/><V100/><F100/><W36/><G36/><T23/><D134/><U120/><E120/><V135/><F135/><W22/><G22/><T59/><D47/><U99/><E104/><V98/><F98/><W20/><G5/><T42/><D42/><U91/><E91/><V80/><F41/><W10/><G20/><T84/><D71/><U51/><E44/><AGARI ba="0,0" hai="4,10,12,44,48,52,87,90,93,108,111" m="43115" machi="44" ten="30,3900,0" yaku="11,1,52,1,54,1" doraHai="11" who="3" fromWho="1" sc="188,0,188,-39,426,0,198,39" /><INIT seed="3,0,0,5,4,85" ten="188,149,426,237" oya="3" hai0="24,67,88,56,95,50,40,82,84,51,46,55,108" hai1="130,110,92,35,25,8,80,100,120,70,22,5,104" hai2="15,45,124,54,32,47,38,134,28,122,131,132,41" hai3="60,57,30,89,1,16,125,116,65,0,73,111,37"/><W59/><G116/><T91/><D108/><U127/><E120/><V49/><F32/><W44/><G125/><T113/><D113/><U39/><E39/><V99/><F28/><W6/><G30/><T77/><D67/><U126/><E70/><V10/><F122/><W121/><G121/><T69/><D69/><U72/><E110/><V26/><F26/><W34/><G34/><T14/><D24/><U87/><E35/><V81/><F124/><W93/><G73/><T53/><D14/><U123/><E123/><V36/><F36/><W98/><G111/><T43/><REACH who="0" step="1"/><D91/><REACH who="0" ten="178,149,426,237" step="2"/><U31/><E126/><V3/><F3/><W94/><G1/><T23/><D23/><U7/><E127/><V119/><F119/><W9/><G65/><T118/><D118/><U106/><E130/><V58/><F131/><W20/><G60/><T114/><D114/><U27/><E27/><V107/><F134/><W62/><G62/><T101/><D101/><U90/><E8/><V115/><F10/><W42/><G94/><T63/><D63/><U83/><E83/><V102/><F15/><AGARI ba="0,1" hai="0,6,9,15,16,20,37,42,44,57,59,89,93,98" machi="15" ten="30,5800,0" yaku="7,1,52,1,54,1" doraHai="85" who="3" fromWho="2" sc="178,0,149,0,426,-58,237,68" /><INIT seed="3,1,0,1,1,14" ten="178,149,368,305" oya="3" hai0="135,107,128,84,75,86,121,67,37,43,85,100,21" hai1="12,17,19,126,33,97,15,62,106,31,127,6,51" hai2="69,87,13,132,23,50,46,47,38,59,81,124,4" hai3="24,123,118,34,8,42,119,77,130,28,10,90,94"/><W27/><G123/><T111/><D67/><U39/><E39/><V65/><F132/><W26/><G77/><T125/><D43/><U79/><E79/><V102/><F124/><N who="1" m="47657" /><E62/><V92/><F69/><W22/><G42/><T55/><D37/><U76/><E76/><V49/><F38/><W122/><G122/><T5/><D55/><U91/><E51/><V40/><F102/><W116/><G130/><T93/><D5/><U83/><E6/><V68/><F92/><W36/><G36/><T112/><D21/><U70/><E70/><V133/><F68/><W66/><G66/><T78/><D125/><U9/><E31/><V7/><F133/><W11/><G34/><T108/><D135/><U61/><E61/><V71/><F71/><W63/><G63/><T0/><D0/><U99/><E33/><V117/><F65/><W30/><REACH who="3" step="1"/><G22/><REACH who="3" ten="178,149,368,295" step="2"/><T20/><D20/><N who="1" m="11303" /><E106/><V80/><F117/><W32/><G32/><T57/><D107/><U131/><E131/><V89/><F23/><W96/><AGARI ba="1,1" hai="8,10,11,24,26,27,28,30,90,94,96,116,118,119" machi="96" ten="40,12000,1" yaku="1,1,0,1,29,2,53,0" doraHai="14" doraHaiUra="120" who="3" fromWho="3" sc="178,-41,149,-41,368,-41,295,133" /><INIT seed="3,2,0,0,2,112" ten="137,108,327,428" oya="3" hai0="135,43,77,87,122,99,15,34,92,119,51,107,96" hai1="129,88,26,94,19,1,32,132,82,70,134,17,54" hai2="37,124,69,38,65,93,102,78,57,6,31,120,125" hai3="90,35,127,59,80,40,89,4,121,75,109,33,62"/><W98/><G121/><T58/><D34/><U131/><E70/><V95/><F6/><W104/><G127/><T53/><D122/><U22/><E1/><V29/><F57/><W81/><G40/><T126/><D126/><U9/><E32/><V20/><F20/><W79/><G4/><T114/><D135/><N who="1" m="51755" /><E82/><V48/><F48/><W83/><G109/><T30/><D30/><N who="1" m="17751" /><E54/><V67/><F102/><W23/><G81/><T52/><D43/><U28/><E28/><V60/><F60/><W25/><G83/><T113/><D53/><U123/><E123/><V110/><F120/><W27/><G27/><T11/><D113/><U39/><E39/><V133/><F133/><W85/><G75/><T106/><D114/><U71/><E71/><V66/><F66/><W103/><G33/><T101/><D77/><U111/><E111/><V2/><F69/><W74/><G74/><T36/><D36/><U50/><E50/><V63/><F63/><W117/><G35/><T47/><D51/><U97/><E9/><V49/><F49/><W72/><G72/><T12/><D52/><U108/><E108/><V118/><F110/><W8/><G8/><T45/><D11/><U14/><E14/><V68/><F68/><W46/><G80/><T13/><D12/><U84/><E97/><V73/><F73/><W44/><G98/><T5/><D13/><U0/><E0/><V86/><F2/><W64/><G62/><T115/><D15/><U76/><E76/><V21/><F125/><W7/><G79/><T42/><D115/><U100/><E100/><V91/><F124/><RYUUKYOKU ba="2,0" sc="137,-10,108,30,327,-10,428,-10" hai1="17,19,84,88,94,129,131" /><INIT seed="4,3,0,1,4,19" ten="127,138,317,418" oya="0" hai0="41,42,31,37,54,35,12,18,9,2,111,62,28" hai1="39,131,112,88,24,77,130,113,124,79,14,101,70" hai2="50,57,110,86,53,76,16,84,89,25,90,114,94" hai3="11,82,117,63,21,128,45,83,129,104,135,126,17"/><T87/><D111/><U59/><E70/><V125/><F110/><W71/><G117/><T109/><D109/><U27/><E39/><V72/><F125/><W4/><G104/><T13/><D2/><U26/><E101/><V66/><F114/><N who="1" m="44137" /><E124/><V116/><F116/><W102/><G102/><T93/><D37/><U46/><E46/><V47/><F72/><W106/><G106/><T10/><D35/><U43/><E43/><V80/><F76/><N who="1" m="29257" /><E59/><V64/><F57/><W107/><G107/><T103/><D42/><U133/><E133/><V65/><REACH who="2" step="1"/><F65/><REACH who="2" ten="127,138,307,418" step="2"/><W1/><G45/><T29/><D41/><U56/><E56/><V118/><F118/><W32/><G126/><T30/><D54/><U36/><E36/><V7/><F7/><W8/><G4/><T99/><D62/><U123/><E123/><V15/><F15/><W105/><G71/><T23/><N who="0" m="7168" /><DORA hai="120" /><T34/><D34/><U20/><E88/><V5/><F5/><W97/><G32/><T115/><D115/><U38/><E38/><V95/><F95/><W119/><G105/><T3/><D3/><U75/><E75/><V96/><F96/><W44/><G97/><T0/><D0/><U52/><E52/><V22/><AGARI ba="3,1" hai="16,22,25,47,50,53,64,66,80,84,86,89,90,94" machi="22" ten="30,8000,1" yaku="1,1,0,1,8,1,52,1,54,1,53,0" doraHai="19,120" doraHaiUra="6,108" who="2" fromWho="2" sc="127,-43,138,-23,307,99,418,-23" /><INIT seed="5,0,0,2,1,3" ten="84,115,406,395" oya="1" hai0="72,84,73,53,131,27,34,60,58,91,126,49,24" hai1="71,63,83,133,75,56,30,19,81,15,2,25,122" hai2="28,135,35,107,31,121,115,40,117,23,33,20,4" hai3="87,105,82,17,7,100,32,10,79,54,110,134,99"/><U103/><E122/><V39/><F107/><W86/><G110/><T21/><D131/><U112/><E71/><V14/><F39/><W51/><G32/><N who="2" m="12361" /><F40/><W48/><G134/><T130/><D130/><U55/><E133/><V119/><F135/><W123/><G123/><T26/><D126/><U93/><E75/><V12/><F121/><W96/><G96/><T11/><D34/><U9/><E2/><V89/><F89/><W114/><G114/><T18/><D11/><U68/><E68/><V97/><F97/><W43/><G17/><T44/><D73/><U108/><E112/><V77/><F77/><W127/><G127/><T78/><D78/><U45/><E108/><V109/><F109/><W85/><G43/><T129/><D72/><U62/><E45/><V41/><F41/><W94/><G105/><T125/><D125/><U5/><E63/><V67/><F67/><W128/><G51/><T106/><D106/><U113/><E113/><V64/><F64/><W111/><G128/><T92/><REACH who="0" step="1"/><D129/><REACH who="0" ten="74,115,406,395" step="2"/><U42/><E9/><N who="2" m="4135" /><F115/><W116/><G111/><T29/><D29/><N who="2" m="11338" /><F119/><W50/><G116/><T46/><D46/><U37/><E30/><V8/><F117/><W66/><G79/><T70/><D70/><U101/><E37/><V47/><F47/><W76/><G76/><T13/><D13/><U57/><E15/><V95/><F95/><W38/><G94/><T65/><AGARI ba="0,1" hai="18,21,24,26,27,44,49,53,58,60,65,84,91,92" machi="65" ten="20,8000,1" yaku="1,1,0,1,7,1,8,1,53,1" doraHai="3" doraHaiUra="52" who="0" fromWho="0" sc="74,90,115,-40,406,-20,395,-20" /><INIT seed="6,0,0,3,2,106" ten="164,75,386,375" oya="2" hai0="85,125,45,131,49,80,94,70,34,22,90,95,87" hai1="134,98,74,9,10,21,72,5,101,119,48,97,110" hai2="38,78,93,77,115,133,56,11,16,127,59,66,88" hai3="57,128,83,52,32,122,89,73,50,75,135,17,103"/><V124/><F38/><W19/><G122/><T58/><D34/><U46/><E110/><V105/><F105/><W84/><G32/><T40/><D70/><U102/><E119/><V23/><F11/><W8/><G135/><T118/><D131/><U18/><E134/><V65/><F133/><W123/><G123/><T28/><D125/><N who="2" m="48202" /><F115/><W69/><G69/><T2/><D2/><U111/><E111/><V25/><F59/><W31/><G31/><T37/><D118/><U54/><E101/><V14/><F14/><N who="3" m="7367" /><G128/><T39/><D39/><U109/><E109/><V62/><F66/><W117/><G19/><T104/><D104/><U3/><E10/><V121/><F121/><W15/><G15/><T96/><D58/><U33/><E33/><V51/><F51/><W68/><G68/><T1/><D1/><U36/><E36/><V7/><F7/><W20/><G20/><T63/><D63/><U4/><E4/><V29/><F29/><W79/><G79/><T116/><D116/><U81/><E81/><V41/><F41/><W130/><G130/><T86/><D37/><U35/><E35/><V99/><AGARI ba="0,0" hai="16,23,25,56,62,65,77,78,88,93,99" m="48202" machi="99" ten="30,6000,0" yaku="18,1,54,2" doraHai="106" who="2" fromWho="2" sc="164,-20,75,-20,386,60,375,-20" /><INIT seed="6,1,0,4,1,69" ten="144,55,446,355" oya="2" hai0="33,81,64,1,114,96,98,52,61,57,23,19,129" hai1="36,5,122,123,22,80,55,39,112,133,18,28,116" hai2="94,53,62,77,30,75,115,117,13,63,71,108,51" hai3="8,21,107,128,131,72,78,104,66,134,79,59,49"/><V84/><F117/><W41/><G134/><T125/><D33/><U76/><E116/><V70/><F108/><W124/><G124/><T29/><D1/><U0/><E28/><V127/><F127/><W97/><G66/><T86/><D29/><U7/><E55/><V34/><F75/><W35/><G35/><T113/><D125/><U44/><E133/><V4/><F34/><W135/><G135/><T10/><D10/><U87/><E112/><N who="0" m="43113" /><D64/><U90/><E44/><V37/><F30/><W16/><G72/><T132/><D129/><U68/><E68/><V82/><F94/><W92/><G8/><T20/><D20/><U74/><E0/><V17/><F4/><W118/><G118/><T60/><D60/><U106/><E106/><V105/><F105/><W50/><G107/><T65/><D65/><U83/><E5/><V102/><F102/><W6/><G6/><T11/><D11/><U100/><E100/><V110/><F115/><W40/><G104/><T88/><D132/><U48/><E48/><V9/><F110/><W47/><G128/><T119/><D119/><U89/><E89/><V46/><F71/><W109/><G109/><T25/><AGARI ba="1,0" hai="19,23,25,52,57,61,81,86,88,96,98" m="43113" machi="25" ten="30,4000,0" yaku="15,1,54,2" doraHai="69" who="0" fromWho="0" sc="144,43,55,-11,446,-21,355,-11" /><INIT seed="7,0,0,0,1,120" ten="187,44,425,344" oya="3" hai0="71,64,37,88,133,89,22,66,72,12,80,39,69" hai1="86,14,16,35,92,42,68,36,70,24,127,28,52" hai2="29,11,49,3,45,44,1,81,77,4,53,118,79" hai3="131,40,130,27,97,108,46,62,20,73,101,43,17"/><W84/><G73/><T61/><D12/><U60/><E127/><V110/><F118/><W99/><G84/><T116/><D22/><U65/><E36/><V103/><F79/><W85/><G85/><T87/><D72/><U132/><E132/><V51/><F103/><W94/><G62/><T9/><D9/><U121/><E121/><V78/><F29/><W75/><G75/><T96/><D133/><U91/><E42/><V6/><F53/><W7/><G7/><T23/><D23/><U105/><E105/><V13/><F11/><W26/><G26/><T5/><D5/><U100/><E100/><V74/><F13/><W83/><G83/><T10/><D10/><U58/><E65/><V57/><F57/><W41/><G46/><T32/><D32/><U104/><E104/><V134/><F81/><W107/><REACH who="3" step="1"/><G108/><REACH who="3" ten="187,44,425,334" step="2"/><T76/><D80/><U119/><E119/><V114/><F74/><W126/><G126/><T25/><D64/><U67/><E67/><V33/><F110/><W122/><G122/><T111/><D66/><U15/><E15/><V63/><F63/><W90/><AGARI ba="0,1" hai="17,20,27,40,41,43,90,94,97,99,101,107,130,131" machi="90" ten="30,11700,0" yaku="1,1,0,1,53,2" doraHai="120" doraHaiUra="95" who="3" fromWho="3" sc="187,-39,44,-39,425,-39,334,127" owari="148,-25.0,5,-49.0,386,19.0,461,55.0" /></mjloggm>