<mjloggm ver="2.3"><GO type="169" lobby="0"/><UN n0="%E3%82%A6%E3%83%AB%E3%83%88%E3%83%A9%E7%AB%8B%E7%9B%B4" n1="%E5%88%87%E3%82%8A%E6%9C%AD" n2="%E7%A7%81%E3%81%AF%E3%81%8C%E3%81%A1%E3%81%BB%E3%82%82" n3="%E3%83%80%E3%83%9C" dan="17,16,17,16" rate="2222.08,2061.28,2187.90,2042.63" sx="M,M,M,M"/><TAIKYOKU oya="0"/><BYE who="2" /><INIT seed="0,0,0,1,5,125" ten="250,250,250,250" oya="0" hai0="74,78,45,80,109,108,131,89,121,117,110,36,72" hai1="7,124,133,98,59,115,8,13,97,67,135,16,26" hai2="86,46,81,57,38,101,37,100,134,23,10,83,12" hai3="20,68,75,41,106,6,130,52,114,33,35,55,30"/><T11/><D121/><UN n2="%E7%A7%81%E3%81%AF%E3%81%8C%E3%81%A1%E3%81%BB%E3%82%82" /><U94/><E124/><V119/><F119/><W43/><G68/><T92/><D117/><U111/><E111/><V32/><F32/><W2/><G75/><T4/><D74/><U112/><E67/><V84/><F23/><W15/><G106/><T70/><D70/><U120/><E59/><V34/><F34/><W40/><G2/><T128/><D45/><U69/><E69/><V27/><F27/><W61/><G114/><N who="1" m="43562" /><E120/><V9/><F57/><W123/><G123/><T129/><D36/><U63/><E63/><V49/><F134/><N who="1" m="51209" /><E94/><V82/><F49/><W51/><G61/><T66/><D66/><U90/><E90/><V126/><F126/><W91/><G91/><T93/><D89/><U42/><E42/><V21/><F21/><AGARI ba="0,0" hai="7,8,13,16,21,26,97,98" m="51209,43562" machi="21" ten="30,3900,0" yaku="11,1,20,1,54,1" doraHai="125" who="1" fromWho="2" sc="250,0,250,39,250,-39,250,0" /><INIT seed="1,0,0,1,1,7" ten="250,289,211,250" oya="1" hai0="104,103,35,92,75,110,85,48,54,61,39,88,82" hai1="11,9,33,96,123,19,106,107,62,115,97,116,135" hai2="112,18,24,83,52,121,38,64,23,47,45,79,94" hai3="93,3,124,4,78,26,109,89,113,68,57,49,129"/><U8/><E115/><V12/><F121/><W2/><G68/><T67/><D39/><U77/><E123/><V73/><F112/><W30/><G113/><T31/><D110/><U102/><E116/><V28/><F64/><W132/><G109/><T81/><D75/><U5/><E33/><V69/><F69/><W6/><G124/><T15/><D35/><U40/><E5/><V108/><F108/><W114/><G114/><T100/><D31/><U122/><E122/><V66/><F66/><W29/><G78/><T20/><D104/><U60/><E135/><V42/><F94/><W43/><G132/><T125/><D125/><U95/><E77/><V14/><REACH who="2" step="1"/><F28/><REACH who="2" ten="250,289,201,250" step="2"/><W126/><G126/><T16/><D82/><U119/><E107/><V65/><F65/><W51/><G30/><T22/><D81/><U80/><E80/><V70/><F70/><W101/><G29/><T86/><D67/><U87/><E119/><V25/><F25/><W10/><G26/><T1/><D85/><U58/><E87/><V99/><F99/><W98/><G98/><T71/><D71/><U133/><E133/><V32/><F32/><W27/><G27/><T117/><D117/><U90/><E97/><V17/><F17/><W91/><G93/><T131/><D92/><U46/><E19/><V84/><F84/><W105/><G105/><T36/><D16/><U56/><E106/><V53/><F53/><W128/><G2/><T34/><D1/><U13/><E95/><V120/><F120/><W59/><G3/><T74/><D86/><U21/><E96/><V134/><F134/><RYUUKYOKU ba="0,1" sc="250,-10,289,-10,201,30,250,-10" hai2="12,14,18,23,24,38,42,45,47,52,73,79,83" /><INIT seed="2,1,1,4,5,3" ten="240,279,231,240" oya="2" hai0="41,80,107,37,104,81,67,48,102,54,78,20,39" hai1="47,43,25,115,90,129,76,18,55,32,128,119,7" hai2="103,134,30,40,124,96,6,0,117,23,35,33,52" hai3="122,34,2,38,15,126,108,86,29,22,111,84,114"/><V66/><F117/><W64/><G38/><T46/><D102/><U9/><E115/><V123/><F40/><W110/><G2/><T94/><D94/><U105/><E119/><V11/><F123/><W8/><G122/><T69/><D39/><U97/><E76/><V14/><F66/><W95/><G114/><T120/><D120/><U5/><E55/><V63/><F134/><W44/><G34/><T61/><D20/><N who="1" m="13463" /><E9/><V89/><F89/><W4/><G126/><T72/><REACH who="0" step="1"/><D81/><REACH who="0" ten="230,279,231,240" step="2"/><U62/><E105/><V88/><F103/><W21/><G95/><T17/><D17/><U98/><E32/><V65/><F124/><W125/><G125/><T118/><D118/><U13/><E129/><V85/><F96/><W74/><G22/><T109/><D109/><U82/><E98/><V131/><F131/><W83/><G21/><T56/><AGARI ba="1,2" hai="37,41,46,48,54,56,61,67,69,72,78,80,104,107" machi="56" ten="20,12000,2" yaku="1,1,0,1,7,1,24,2,53,1" doraHai="3" doraHaiUra="75" who="0" fromWho="0" sc="230,143,279,-31,231,-61,240,-31" /><INIT seed="3,0,0,4,1,15" ten="373,248,170,209" oya="3" hai0="66,105,26,7,16,129,56,126,86,85,62,99,57" hai1="27,80,133,67,131,88,124,44,107,79,18,13,33" hai2="96,43,19,12,46,91,32,121,28,31,127,6,0" hai3="36,64,115,29,71,116,87,39,54,40,120,55,49"/><W100/><G100/><T95/><D105/><U60/><E124/><V69/><F69/><W48/><G29/><T23/><D126/><U1/><E1/><V112/><F112/><W21/><G87/><T117/><D117/><U83/><E107/><V134/><F127/><W98/><G98/><T68/><D129/><U59/><E131/><V125/><F125/><W103/><G103/><T2/><D2/><U58/><E133/><V93/><F134/><W104/><G104/><T114/><D7/><U8/><E44/><V14/><F0/><W41/><G21/><T53/><D114/><U50/><E33/><V9/><F32/><W61/><G115/><T77/><D77/><U73/><E27/><V75/><F75/><W63/><G120/><T89/><D68/><U4/><E50/><AGARI ba="0,0" hai="16,23,26,50,53,56,57,62,66,85,86,89,95,99" machi="50" ten="30,7700,0" yaku="7,1,8,1,52,1,54,1" doraHai="15" who="0" fromWho="1" sc="373,77,248,-77,170,0,209,0" /><INIT seed="4,0,0,5,3,71" ten="450,171,170,209" oya="0" hai0="90,26,109,62,75,80,95,106,38,107,39,117,77" hai1="42,28,74,116,76,88,66,94,126,104,120,82,12" hai2="108,32,44,14,55,4,43,9,85,103,41,60,133" hai3="31,3,96,2,121,72,56,67,115,27,18,102,118"/><T20/><D117/><U69/><E116/><V46/><F32/><W97/><G72/><T35/><D35/><U54/><E120/><V130/><F108/><W19/><G118/><T25/><D109/><U17/><E126/><V52/><F133/><W131/><G121/><T23/><D62/><U78/><E104/><V0/><F130/><W30/><G131/><T83/><D95/><U100/><E100/><V36/><F103/><W61/><G115/><T45/><D45/><U89/><E28/><V33/><F33/><W79/><G79/><T93/><D93/><U134/><E134/><V58/><F85/><W8/><G31/><T105/><D90/><U127/><E42/><V5/><F55/><W92/><G97/><T50/><D50/><U124/><E78/><V24/><F24/><N who="0" m="9322" /><D77/><U91/><E54/><V34/><F34/><W113/><G113/><T1/><D1/><U68/><E94/><V63/><F63/><W110/><G110/><T40/><D40/><U81/><E81/><N who="0" m="31305" /><D75/><U125/><REACH who="1" step="1"/><E66/><REACH who="1" ten="450,161,170,209" step="2"/><V112/><F112/><W132/><G132/><T22/><AGARI ba="0,1" hai="20,22,23,38,39,105,106,107" m="31305,9322" machi="22" ten="40,12000,1" yaku="28,2,52,2" doraHai="71" who="0" fromWho="0" sc="450,130,161,-40,170,-40,209,-40" /><INIT seed="4,1,0,4,2,79" ten="580,121,130,169" oya="0" hai0="99,113,100,89,16,50,4,20,126,9,131,43,117" hai1="78,93,107,38,49,8,80,110,39,75,102,87,95" hai2="5,1,47,101,76,15,116,122,120,97,30,83,12" hai3="22,121,11,65,134,61,69,48,29,106,73,114,19"/><T128/><D117/><U42/><E110/><V91/><F30/><W63/><G106/><T36/><D36/><U96/><E8/><V56/><F56/><W14/><G121/><T0/><D89/><N who="1" m="53439" /><E95/><V82/><F47/><AGARI ba="1,0" hai="38,39,42,47,49,75,78,80,96,102,107" m="53439" machi="47" ten="30,2000,0" yaku="24,1,52,1" doraHai="79" who="1" fromWho="2" sc="580,0,121,23,130,-23,169,0" /><INIT seed="5,0,0,1,3,69" ten="580,144,107,169" oya="1" hai0="90,10,99,31,74,46,81,0,8,128,89,11,40" hai1="118,54,14,52,65,75,53,41,18,60,4,114,76" hai2="25,39,38,125,107,42,98,67,95,27,111,24,15" hai3="96,50,9,23,84,68,49,79,6,112,120,121,135"/><U133/><E118/><V36/><F111/><W104/><G68/><T59/><D31/><U72/><E114/><V130/><F67/><W94/><G104/><T63/><D128/><U56/><E133/><V19/><F107/><W35/><G35/><T66/><D0/><U92/><E4/><V87/><F87/><W113/><G23/><T33/><D33/><U47/><E92/><V129/><F42/><W22/><G22/><T29/><D29/><U119/><E119/><V97/><F125/><W77/><G135/><T78/><REACH who="0" step="1"/><D99/><REACH who="0" ten="570,144,107,169" step="2"/><U7/><E7/><V134/><F134/><W110/><G96/><T108/><D108/><U26/><E26/><V102/><REACH who="2" step="1"/><F98/><REACH who="2" ten="570,144,97,169" step="2"/><W122/><G110/><T124/><D124/><U58/><E75/><V57/><F57/><W115/><G84/><T34/><D34/><U127/><E127/><V123/><F123/><W62/><G122/><T32/><D32/><U37/><E72/><V64/><F64/><W101/><G121/><T71/><D71/><U55/><E58/><V20/><AGARI ba="0,2" hai="15,19,20,24,25,27,36,38,39,95,97,102,129,130" machi="20" ten="40,8000,1" yaku="1,1,0,1,52,3,53,0" doraHai="69" doraHaiUra="5" who="2" fromWho="2" sc="570,-20,144,-40,97,100,169,-20" /><INIT seed="6,0,0,3,0,17" ten="550,104,197,149" oya="2" hai0="29,23,63,58,37,41,47,27,84,135,107,18,112" hai1="13,36,12,20,43,44,122,9,74,117,48,65,62" hai2="118,35,115,93,102,60,30,21,80,127,54,103,73" hai3="39,66,123,76,69,101,19,106,16,32,25,87,78"/><V113/><F118/><W6/><G39/><T134/><D107/><U70/><E117/><V116/><F116/><W55/><G123/><T111/><D111/><U59/><E74/><V7/><F7/><W64/><G6/><T79/><D112/><U75/><E75/><V40/><F40/><W83/><G76/><T2/><D2/><U126/><E126/><V11/><F11/><W52/><G66/><T89/><D79/><U45/><E122/><V22/><F80/><W26/><G101/><N who="2" m="38409" /><F93/><W125/><G106/><T71/><D71/><U61/><E9/><V90/><F90/><W34/><G125/><T108/><D108/><U124/><E124/><V0/><F0/><W114/><G114/><T132/><D89/><U120/><E120/><V8/><F127/><W110/><G110/><T96/><D96/><U46/><E36/><V38/><F38/><W28/><G64/><N who="0" m="39031" /><D84/><U56/><E70/><V97/><F97/><W14/><G69/><T131/><D131/><U10/><E13/><V92/><F92/><W67/><G67/><T104/><D104/><U130/><E130/><V121/><F121/><W109/><G109/><T5/><D5/><U53/><REACH who="1" step="1"/><E10/><REACH who="1" ten="550,94,197,149" step="2"/><V72/><F8/><W129/><G129/><T3/><D3/><U77/><E77/><V49/><F73/><W51/><G14/><T24/><D135/><U105/><E105/><V68/><F72/><W128/><G128/><T15/><D15/><U99/><E99/><V85/><F115/><W42/><G78/><T50/><D37/><U1/><E1/><V82/><F113/><W133/><G133/><RYUUKYOKU ba="0,1" sc="550,15,94,15,197,-15,149,-15" hai0="18,23,24,27,29,41,47,50,132,134" hai1="12,20,43,44,45,46,48,53,56,59,61,62,65" /><INIT seed="7,1,1,2,1,10" ten="565,109,182,134" oya="3" hai0="7,133,40,39,90,9,87,30,126,82,132,70,55" hai1="61,68,15,98,36,21,20,35,57,122,28,32,106" hai2="45,16,116,109,49,6,25,80,77,114,134,108,26" hai3="119,84,99,112,51,31,85,78,74,91,14,101,18"/><W53/><G119/><T113/><D70/><U111/><E111/><V13/><F116/><W58/><G112/><T110/><D110/><U8/><E122/><V56/><F114/><W4/><G4/><T46/><D113/><U118/><E36/><V75/><F6/><W94/><G31/><T65/><D65/><N who="1" m="41007" /><E57/><V43/><F134/><N who="0" m="51818" /><D55/><U2/><E35/><V60/><F109/><W120/><G120/><T44/><D44/><U79/><E79/><V3/><F3/><W48/><G74/><T33/><D126/><U24/><E2/><V11/><F108/><W67/><G67/><AGARI ba="1,1" hai="11,13,16,25,26,43,45,49,56,60,67,75,77,80" machi="67" ten="30,3900,0" yaku="7,1,52,1,54,1" doraHai="10" who="2" fromWho="3" sc="565,0,109,0,182,52,134,-42" owari="565,67.0,109,-29.0,234,3.0,92,-41.0" /></mjloggm>