<mjloggm ver="2.3"><GO type="225" lobby="0"/><UN n0="%E5%A4%A7%E6%AD%A3%E7%BE%A9%E9%87%8E%E7%90%83%E5%A8%98" n1="%E3%82%A8%E3%83%AB%E3%82%AD%E3%83%81" n2="%E8%92%BC%E6%9C%88%E6%BD%AE" n3="%E3%82%A6%E3%83%AB%E3%83%88%E3%83%A9%E7%AB%8B%E7%9B%B4" dan="17,17,17,17" rate="2194.70,2195.67,2152.12,2158.81" sx="F,M,M,M"/><TAIKYOKU oya="0"/><INIT seed="0,0,0,2,4,74" ten="250,250,250,250" oya="0" hai0="93,44,127,70,133,130,78,29,117,68,80,28,134" hai1="14,13,40,112,135,97,98,84,45,67,15,94,38" hai2="4,83,33,91,92,108,3,53,39,42,27,79,77" hai3="5,12,10,123,0,114,82,8,88,21,6,17,102"/><T23/><D117/><U106/><E135/><N who="0" m="51721" /><D130/><U31/><E112/><V72/><F77/><W49/><G114/><T119/><D119/><U7/><E31/><N who="0" m="11849" /><D127/><U61/><E106/><V100/><F100/><W128/><G102/><T55/><D93/><U89/><REACH who="1" step="1"/><E7/><REACH who="1" ten="250,240,250,250" step="2"/><V109/><F4/><W107/><G107/><T95/><D95/><U2/><E2/><V26/><F3/><W22/><G5/><T115/><D115/><U58/><AGARI ba="0,1" hai="13,14,15,38,40,45,58,61,67,84,89,94,97,98" machi="58" ten="30,2000,0" yaku="1,1,0,1,53,0" doraHai="74" doraHaiUra="116" who="1" fromWho="1" sc="250,-10,240,30,250,-5,250,-5" /><INIT seed="1,0,0,0,4,70" ten="240,270,245,245" oya="1" hai0="97,34,50,64,1,117,47,75,72,92,53,93,5" hai1="89,9,35,90,62,25,98,127,44,126,33,16,42" hai2="22,60,2,109,104,132,95,106,38,124,96,66,27" hai3="59,129,23,43,82,40,52,113,31,15,67,73,51"/><U84/><E62/><V118/><F118/><W14/><G113/><T63/><D34/><U111/><E98/><V0/><F38/><W19/><G129/><T12/><D1/><U110/><E35/><V83/><F0/><W56/><G31/><T114/><D114/><U20/><E9/><V116/><F2/><W78/><G67/><T107/><D107/><U91/><E84/><V3/><F3/><W103/><G103/><T74/><D117/><U17/><E17/><V7/><F7/><W65/><G65/><T39/><D97/><U119/><E33/><V128/><F83/><W57/><REACH who="3" step="1"/><G14/><REACH who="3" ten="240,270,245,235" step="2"/><T121/><D121/><U41/><E119/><V28/><F116/><W101/><G101/><T61/><D64/><U108/><REACH who="1" step="1"/><E41/><AGARI ba="0,1" hai="15,19,23,40,41,43,51,52,56,57,59,73,78,82" machi="41" ten="40,2600,0" yaku="1,1,54,1,53,0" doraHai="70" doraHaiUra="94" who="3" fromWho="1" sc="240,0,270,-26,245,0,235,36" /><INIT seed="2,0,0,2,5,90" ten="240,244,245,271" oya="2" hai0="8,48,127,49,62,12,65,91,66,120,68,18,108" hai1="117,22,50,32,103,33,37,87,4,1,113,9,58" hai2="61,109,123,95,93,70,71,16,67,10,77,76,60" hai3="56,115,64,19,81,88,42,94,29,133,118,85,100"/><V121/><F109/><W69/><G118/><T122/><D108/><U6/><E37/><V52/><F10/><W99/><G69/><T24/><D127/><U28/><E113/><V75/><F16/><W14/><G115/><T55/><D66/><U80/><E117/><V132/><F67/><W83/><G133/><T124/><D124/><U96/><E4/><V89/><F89/><W110/><G110/><T116/><D116/><U97/><E97/><V98/><F98/><W105/><G42/><T38/><D38/><U134/><E134/><V43/><F52/><W23/><REACH who="3" step="1"/><G29/><REACH who="3" ten="240,244,245,261" step="2"/><T21/><D120/><U5/><E28/><V51/><F132/><W27/><G27/><T13/><D122/><U46/><E1/><V57/><F43/><W112/><G112/><T114/><D114/><U79/><E5/><V3/><F3/><W128/><G128/><T54/><D24/><U111/><E6/><V26/><F26/><W78/><G78/><T126/><D126/><U41/><E111/><V107/><F77/><W36/><G36/><T130/><D130/><U129/><E129/><V20/><F121/><W44/><G44/><T39/><D39/><U59/><E79/><V84/><F76/><W73/><G73/><T17/><D68/><U92/><E46/><V106/><F123/><W82/><G82/><T25/><D25/><U131/><E80/><V47/><F75/><W119/><G119/><T104/><D104/><U86/><E41/><N who="2" m="25071" /><F70/><W135/><G135/><T30/><D30/><U45/><E131/><V125/><F125/><W72/><G72/><T34/><D34/><RYUUKYOKU ba="0,1" sc="240,-10,244,-10,245,-10,261,30" hai3="14,19,23,56,64,81,83,85,88,94,99,100,105" /><INIT seed="3,1,1,0,3,134" ten="230,234,235,291" oya="3" hai0="27,86,35,127,116,114,5,34,31,124,126,25,19" hai1="45,36,66,98,33,55,97,128,64,50,129,9,38" hai2="39,112,42,16,101,2,83,82,32,29,22,100,133" hai3="84,94,24,63,61,3,47,102,4,68,49,89,131"/><W104/><G68/><T30/><D116/><U75/><E33/><V23/><F2/><W79/><G3/><T110/><D110/><U120/><E75/><V37/><F112/><W15/><G104/><T81/><D19/><U70/><E9/><V135/><F16/><W109/><G109/><T21/><D5/><U13/><E13/><V71/><F42/><W113/><G113/><T123/><D114/><U57/><E98/><V106/><F32/><W26/><G102/><T48/><D48/><N who="1" m="30951" /><E97/><V62/><F106/><W67/><G79/><N who="0" m="46399" /><D34/><U80/><E80/><V87/><F71/><W115/><G115/><T77/><D77/><U44/><E120/><AGARI ba="1,1" hai="21,25,27,30,31,35,120,123,124,126,127" m="46399" machi="120" ten="30,7700,0" yaku="18,1,52,3" doraHai="134" who="0" fromWho="1" sc="230,90,234,-80,235,0,291,0" owari="320,42.0,154,-35.0,235,-16.0,291,9.0" /></mjloggm>