<mjloggm ver="2.3"><GO type="225" lobby="0"/><UN n0="%E3%81%B1%E3%81%8A%E3%83%BC%E3%83%BC%E3%82%93" n1="%E3%82%A6%E3%83%AB%E3%83%88%E3%83%A9%E7%AB%8B%E7%9B%B4" n2="%E5%8F%8B%E6%B2%A2" n3="%E4%B8%8B%E6%AE%B5%E3%83%81%E3%82%A7%E3%83%AA%E3%83%BC" dan="16,17,16,16" rate="2106.80,2184.68,2134.68,2042.00" sx="M,M,M,M"/><TAIKYOKU oya="0"/><INIT seed="0,0,0,3,0,80" ten="250,250,250,250" oya="0" hai0="23,118,17,114,4,123,67,78,65,82,8,134,68" hai1="15,2,102,110,88,43,107,48,3,32,89,27,96" hai2="1,119,41,34,109,24,122,108,74,131,39,116,64" hai3="42,63,33,128,6,112,45,25,5,0,69,113,79"/><T81/><D114/><U12/><E110/><V71/><RYUUKYOKU type="yao9" ba="0,0" sc="250,0,250,0,250,0,250,0" hai2="1,24,34,39,41,64,71,74,108,109,116,119,122,131" /><INIT seed="0,1,0,1,3,85" ten="250,250,250,250" oya="0" hai0="65,49,134,3,17,46,13,31,84,127,27,78,39" hai1="74,8,62,38,67,98,56,14,94,91,133,73,42" hai2="21,29,72,64,22,36,11,87,82,102,106,108,34" hai3="112,47,115,52,76,40,100,89,117,121,58,119,26"/><T70/><D3/><U68/><E133/><V4/><F108/><W30/><G121/><T53/><D134/><U113/><E113/><V77/><F36/><W130/><G130/><T15/><D127/><U135/><E135/><V55/><F64/><W20/><G76/><T5/><D5/><U125/><E125/><V107/><F34/><W59/><G59/><T95/><D39/><U124/><E124/><V71/><F71/><W54/><G100/><T123/><D123/><U75/><E42/><V28/><F72/><W37/><G54/><T19/><D70/><U2/><E38/><V1/><F22/><W23/><G23/><N who="0" m="15871" /><D65/><U88/><E2/><V0/><F0/><W66/><G66/><T104/><D104/><U120/><E120/><V35/><F35/><W63/><REACH who="3" step="1"/><G89/><REACH who="3" ten="250,250,250,240" step="2"/><N who="0" m="53671" /><D78/><U24/><E68/><V109/><F109/><W122/><G122/><T129/><D129/><U86/><E24/><V48/><F102/><W92/><G92/><T83/><D83/><U69/><E69/><V51/><F106/><W10/><G10/><T32/><D32/><U114/><E114/><AGARI ba="1,1" hai="20,26,30,37,40,47,52,58,63,112,114,115,117,119" machi="114" ten="40,2600,0" yaku="1,1,54,1,53,0" doraHai="85" doraHaiUra="131" who="3" fromWho="1" sc="250,0,250,-29,250,0,240,39" /><INIT seed="1,0,0,0,4,126" ten="250,221,250,279" oya="1" hai0="104,38,92,107,25,41,9,62,94,105,91,114,29" hai1="71,90,83,0,20,13,31,63,96,65,27,93,64" hai2="108,95,85,109,79,67,17,125,40,60,87,84,131" hai3="73,112,98,15,70,80,128,57,16,8,22,32,1"/><U89/><E0/><V4/><F125/><W117/><G70/><T75/><D75/><U56/><E71/><N who="2" m="42471" /><F4/><W123/><G123/><T122/><D114/><U101/><E65/><V120/><F120/><W77/><G112/><T59/><D122/><U110/><E110/><N who="2" m="42603" /><F40/><W68/><G68/><T82/><D82/><U47/><E47/><V19/><F79/><W10/><G117/><T28/><D9/><U113/><E113/><V3/><F3/><W6/><G32/><T30/><D25/><U72/><E13/><V33/><F33/><W86/><G73/><T58/><D41/><U130/><E130/><V34/><F34/><W127/><G127/><T100/><D38/><U81/><E72/><V88/><F131/><W135/><G128/><T99/><REACH who="0" step="1"/><D62/><REACH who="0" ten="240,221,250,279" step="2"/><U115/><E115/><V76/><F76/><W118/><G118/><T45/><D45/><U55/><E55/><V46/><F46/><W78/><G78/><T74/><D74/><U43/><E43/><V53/><F53/><W52/><G10/><T103/><D103/><U24/><E24/><V48/><F48/><W50/><REACH who="3" step="1"/><G135/><REACH who="3" ten="240,221,250,269" step="2"/><T66/><D66/><U102/><E102/><V106/><F106/><W11/><G11/><T36/><D36/><U23/><E23/><V119/><F119/><W7/><G7/><T121/><D121/><U14/><E14/><V54/><F54/><W69/><G69/><T5/><D5/><U44/><E44/><V61/><F61/><W26/><G26/><T39/><D39/><U37/><E37/><V134/><F134/><W129/><G129/><T51/><D51/><RYUUKYOKU ba="0,2" sc="240,0,221,0,250,0,269,0" hai0="28,29,30,58,59,91,92,94,99,100,104,105,107" hai1="20,27,31,56,63,64,81,83,89,90,93,96,101" hai2="17,19,84,85,87,88,95" hai3="1,6,8,15,16,22,50,52,57,77,80,86,98" /><INIT seed="1,1,2,2,1,130" ten="240,221,250,269" oya="1" hai0="65,33,46,38,35,3,0,133,48,78,95,52,87" hai1="106,112,123,21,81,108,37,22,9,98,7,107,120" hai2="58,132,89,25,69,117,66,124,74,31,71,88,114" hai3="36,47,91,86,24,104,70,44,115,63,56,2,121"/><U6/><E37/><V134/><F117/><W99/><G2/><T57/><D133/><N who="2" m="51306" /><F124/><W32/><G121/><T80/><D95/><U40/><E112/><V116/><F116/><W15/><G115/><T18/><D18/><U20/><E40/><V129/><F129/><W105/><G15/><T82/><D82/><U119/><E119/><V93/><F74/><W77/><G77/><T122/><D122/><U118/><E118/><V68/><F114/><W83/><G104/><T94/><D94/><U45/><E108/><V100/><F58/><W19/><G36/><T76/><D76/><U72/><E45/><V43/><F43/><W103/><G70/><T131/><D131/><U50/><E107/><V90/><F66/><W109/><G109/><T67/><D67/><U12/><E6/><V28/><F25/><W85/><G85/><T111/><D111/><U75/><E75/><V27/><F27/><W113/><G113/><T53/><D65/><U60/><E60/><V128/><F128/><W13/><G24/><T39/><D39/><U17/><E7/><V29/><F100/><W16/><G32/><T79/><D35/><U73/><E73/><V96/><AGARI ba="1,2" hai="28,29,31,68,69,71,88,89,90,93,96" m="51306" machi="96" ten="40,8000,1" yaku="20,1,52,3,54,1" doraHai="130" who="2" fromWho="2" sc="240,-21,221,-41,250,103,269,-21" /><INIT seed="2,0,0,0,5,82" ten="219,180,353,248" oya="2" hai0="120,135,22,78,66,94,37,21,42,91,51,28,65" hai1="112,19,111,18,34,129,16,85,90,36,83,124,41" hai2="131,128,26,0,8,55,79,40,74,31,20,59,68" hai3="119,132,47,71,98,67,86,60,12,63,45,38,105"/><V56/><F68/><W1/><G1/><T24/><D120/><U130/><E112/><V121/><F121/><W70/><G119/><T30/><D37/><U10/><E34/><V61/><F40/><W117/><G117/><T29/><D135/><U5/><E111/><V44/><F44/><W27/><G132/><T81/><D42/><U54/><E54/><V72/><F59/><W73/><G73/><T62/><D51/><U49/><E49/><V133/><F133/><W134/><G134/><T106/><D106/><U58/><E58/><V23/><F23/><W115/><G115/><T95/><D95/><U125/><E41/><V89/><F89/><W109/><G109/><T88/><D91/><U93/><E93/><V99/><F99/><W69/><G12/><T76/><D81/><U11/><E36/><V104/><F104/><W116/><G116/><T84/><D62/><U103/><E103/><V108/><F108/><W48/><G38/><T25/><D30/><U102/><E102/><V57/><F61/><W3/><G3/><T113/><D113/><U33/><E33/><V127/><F72/><W64/><G70/><T114/><D114/><U15/><E11/><V7/><F74/><W100/><G48/><T50/><D50/><U9/><E9/><V75/><F75/><W92/><G27/><T35/><D35/><U17/><N who="1" m="4096" /><DORA hai="13" /><U39/><E39/><V118/><F118/><W52/><G52/><T32/><D32/><U6/><E6/><V4/><F4/><W126/><G126/><AGARI ba="0,0" hai="5,10,15,83,85,90,124,125,126,129,130" m="4096" machi="126" ten="60,12000,2" yaku="18,1,52,5,54,1" doraHai="82,13" who="1" fromWho="3" sc="219,0,180,120,353,0,248,-120" /><INIT seed="3,0,0,4,2,4" ten="219,300,353,128" oya="3" hai0="75,18,58,22,99,43,119,28,35,50,76,83,108" hai1="91,133,3,88,115,63,10,81,39,60,132,24,87" hai2="66,79,85,122,120,107,72,130,135,97,38,68,36" hai3="70,55,121,114,101,25,98,93,0,33,7,77,21"/><W59/><G121/><T127/><D119/><U40/><E115/><V124/><F124/><W17/><G114/><T16/><D127/><U11/><E40/><V134/><F130/><W80/><G70/><T27/><D108/><U45/><E45/><V31/><F85/><W94/><G33/><T86/><D99/><U116/><E39/><N who="2" m="14891" /><F31/><W96/><G0/><T112/><D112/><U32/><E116/><V89/><F66/><W78/><G7/><T102/><D102/><U129/><E3/><V54/><F54/><W71/><G71/><T37/><D37/><U8/><E129/><V29/><F29/><W19/><G19/><T57/><D75/><U49/><E49/><V30/><F30/><W56/><G80/><T2/><D2/><U118/><E118/><V1/><F1/><W104/><G104/><T6/><D6/><U90/><E24/><V34/><F34/><W46/><G46/><N who="0" m="25951" /><D35/><U84/><E32/><V109/><F68/><W52/><G59/><AGARI ba="0,0" hai="16,18,22,27,28,57,58,59,76,83,86" m="25951" machi="59" ten="30,2000,0" yaku="8,1,54,1" doraHai="4" who="0" fromWho="3" sc="219,20,300,0,353,0,128,-20" owari="239,-16.0,300,10.0,353,45.0,108,-39.0" /></mjloggm>