<mjloggm ver="2.3"><GO type="41" lobby="0"/><UN n0="%E9%98%BF%E9%BC%BB%E6%95%99%E5%AE%98" n1="%53%61%77%61%6E%6F%76%61" n2="%E8%B5%A4%E3%81%AE%E6%B4%9E%E7%AA%9F" n3="%E5%B0%B1%E6%B4%BB%E7%94%9F%40%E5%B7%9D%E6%9D%91%E8%BB%8D%E5%9B%A3" dan="13,13,15,17" rate="1921.84,1903.84,1933.83,2138.89" sx="M,M,M,M"/><TAIKYOKU oya="0"/><INIT seed="0,0,0,4,5,132" ten="250,250,250,250" oya="0" hai0="68,83,30,13,104,43,123,111,50,58,23,33,82" hai1="69,5,124,31,105,10,70,2,88,127,103,87,125" hai2="3,80,27,44,110,14,39,108,8,62,53,38,117" hai3="35,120,67,24,65,121,6,112,47,11,78,54,72"/><T91/><D123/><N who="3" m="47177" /><G112/><T130/><D68/><U122/><E122/><V77/><F3/><W66/><G78/><T90/><D104/><U97/><REACH who="1" step="1"/><E31/><REACH who="1" ten="250,240,250,250" step="2"/><V101/><F117/><W29/><G72/><T113/><D113/><U15/><E15/><V133/><F133/><W63/><G47/><T48/><D30/><U16/><E16/><V81/><F14/><N who="3" m="5495" /><G54/><T109/><D13/><U116/><E116/><V4/><F4/><W126/><G126/><T25/><D130/><U7/><E7/><V128/><F128/><W79/><G79/><T40/><D33/><U75/><E75/><V41/><F8/><W42/><G42/><T89/><D40/><U56/><E56/><AGARI ba="0,1" hai="24,29,35,56,63,65,66,67" m="5495,47177" machi="56" ten="30,1000,0" yaku="13,1" doraHai="132" who="3" fromWho="1" sc="250,0,240,-10,250,0,250,20" /><INIT seed="1,0,0,4,2,61" ten="250,230,250,270" oya="1" hai0="82,7,57,86,132,35,85,135,107,9,52,117,114" hai1="62,119,23,16,127,59,67,108,63,116,33,112,96" hai2="109,43,19,101,55,0,40,64,56,80,34,41,76" hai3="100,10,71,90,48,110,26,25,122,14,36,18,128"/><U21/><E112/><V44/><F109/><W79/><G36/><T4/><D117/><U51/><E33/><V8/><F34/><W120/><G110/><T3/><D114/><U31/><E127/><V74/><F101/><W49/><G128/><T94/><D107/><U50/><E108/><V126/><F126/><W129/><G129/><T45/><D35/><U81/><E119/><V20/><F8/><W73/><G100/><T118/><D7/><U98/><E116/><V28/><F28/><W78/><G90/><T124/><D45/><U99/><E81/><V121/><F0/><W39/><G39/><T11/><D11/><U65/><E31/><V104/><F104/><W77/><G73/><T32/><D32/><U87/><E87/><V123/><F44/><W30/><G71/><T29/><D29/><U15/><REACH who="1" step="1"/><E21/><REACH who="1" ten="250,220,250,270" step="2"/><V88/><F121/><W27/><REACH who="3" step="1"/><G30/><REACH who="3" ten="250,220,250,260" step="2"/><T17/><D118/><U97/><N who="1" m="25088" /><DORA hai="1" /><U58/><AGARI ba="0,2" hai="15,16,23,50,51,58,59,62,63,65,67" m="25088" machi="58" ten="40,24000,3" yaku="1,1,4,1,0,1,9,1,8,1,52,2,54,1,53,0" doraHai="61,1" doraHaiUra="131,134" who="1" fromWho="1" sc="250,-80,220,260,250,-80,260,-80" /><INIT seed="1,1,0,3,0,72" ten="170,480,170,180" oya="1" hai0="58,30,65,104,40,13,128,129,33,53,106,90,80" hai1="95,105,12,69,116,77,98,101,29,8,19,75,107" hai2="41,67,52,130,125,131,43,89,38,57,113,127,39" hai3="59,109,74,5,21,92,70,112,82,42,91,49,115"/><U27/><E69/><V18/><F67/><W111/><G70/><T17/><D65/><U48/><E116/><V73/><F18/><W66/><G5/><T96/><D40/><N who="2" m="15434" /><F89/><W20/><G66/><T35/><D30/><U16/><E48/><N who="2" m="30855" /><F113/><W121/><G121/><T31/><D31/><U126/><E126/><N who="2" m="48139" /><F73/><W135/><G59/><T120/><D120/><U84/><E75/><V32/><F32/><W122/><G49/><T11/><D35/><U118/><E118/><V23/><F23/><W60/><G60/><T37/><D37/><AGARI ba="1,0" hai="37,38,39,130,131" m="48139,30855,15434" machi="37" ten="40,8000,1" yaku="18,1,34,2,54,1" doraHai="72" who="2" fromWho="0" sc="170,-83,480,0,170,83,180,0" /><INIT seed="2,0,0,0,0,106" ten="87,480,253,180" oya="2" hai0="53,102,0,118,129,40,9,123,80,21,115,26,58" hai1="5,113,69,93,81,59,28,33,7,3,42,41,97" hai2="24,76,96,98,124,65,88,10,12,47,89,38,49" hai3="2,85,103,82,100,67,8,74,29,1,94,101,68"/><V54/><F38/><W110/><G110/><T57/><D123/><U45/><E69/><V4/><F124/><W105/><G105/><T79/><D115/><U32/><E113/><V46/><F65/><W27/><G94/><T44/><D102/><U83/><E59/><V116/><F76/><W62/><G8/><T14/><D118/><U90/><E3/><V71/><F71/><W135/><G135/><T84/><D53/><U51/><E41/><V34/><F116/><W60/><G62/><T18/><D0/><U31/><E33/><V22/><F34/><W108/><G108/><T48/><REACH who="0" step="1"/><D129/><REACH who="0" ten="77,480,253,180" step="2"/><U99/><E32/><V6/><F54/><W37/><G2/><T107/><D107/><U63/><E63/><V125/><F125/><W130/><G1/><T72/><D72/><U70/><E70/><V133/><F133/><W120/><G120/><T87/><D87/><U122/><E122/><V121/><F121/><W112/><G112/><T66/><D66/><U61/><E61/><V111/><F111/><W91/><G130/><T16/><AGARI ba="0,1" hai="9,14,16,18,21,26,40,44,48,57,58,79,80,84" machi="16" ten="20,12000,2" yaku="1,1,0,1,7,1,8,1,54,1,53,1" doraHai="106" doraHaiUra="75" who="0" fromWho="0" sc="77,130,480,-30,253,-60,180,-30" /><INIT seed="3,0,0,5,5,122" ten="207,450,193,150" oya="3" hai0="72,26,42,67,20,112,106,120,0,41,46,108,25" hai1="68,8,23,73,63,133,79,126,44,40,65,27,1" hai2="28,80,61,84,32,115,100,95,135,33,19,6,77" hai3="62,34,64,56,49,14,119,60,118,87,125,66,124"/><W113/><G34/><T123/><D123/><U76/><E133/><V35/><F115/><W38/><G87/><T16/><D67/><U134/><E134/><V111/><F135/><W130/><G14/><T101/><D120/><U9/><E126/><N who="3" m="48746" /><G38/><T59/><D0/><U12/><E1/><V57/><F111/><W36/><G36/><T24/><D72/><U82/><E76/><V121/><F121/><W53/><G113/><T71/><D71/><U132/><E132/><V96/><F6/><W54/><G130/><T70/><D70/><U58/><E68/><V97/><F97/><W92/><G92/><T75/><D112/><U88/><E88/><V3/><F3/><W116/><G49/><T114/><D75/><U89/><E89/><V98/><F98/><W128/><G128/><T50/><D114/><U22/><E12/><V55/><REACH who="2" step="1"/><F19/><REACH who="2" ten="207,450,183,150" step="2"/><W52/><G118/><T83/><D16/><U85/><E73/><V43/><F43/><W78/><G78/><T93/><D41/><U102/><E102/><V90/><F90/><W81/><G81/><T86/><D101/><U94/><E94/><V104/><F104/><W48/><G48/><T18/><D50/><N who="1" m="26887" /><E23/><V107/><F107/><W5/><G5/><T4/><D20/><U37/><E37/><V74/><F74/><W29/><G29/><AGARI ba="0,1" hai="8,9,22,27,29,58,63,65,79,82,85" m="26887" machi="29" ten="30,1000,0" yaku="8,1" doraHai="122" who="1" fromWho="3" sc="207,0,450,20,183,0,150,-10" /><AGARI ba="0,0" hai="28,29,32,33,35,55,57,61,77,80,84,95,96,100" machi="29" ten="40,8000,1" yaku="1,1,53,3" doraHai="122" doraHaiUra="31" who="2" fromWho="3" sc="207,0,470,0,183,80,140,-80" /><INIT seed="4,0,0,2,1,13" ten="207,470,263,60" oya="0" hai0="82,135,88,19,62,120,81,37,116,105,10,84,9" hai1="12,56,133,21,52,86,39,59,77,43,8,76,55" hai2="108,117,66,131,35,11,134,113,71,61,97,14,96" hai3="78,48,95,125,65,28,24,42,67,63,106,101,99"/><T46/><D120/><U74/><E74/><V6/><F108/><W68/><G125/><T94/><D105/><U44/><E133/><V57/><F134/><W83/><G67/><T51/><D116/><U22/><E59/><V41/><F113/><W121/><G121/><T85/><D37/><U26/><E86/><V34/><F131/><W114/><G114/><T50/><D135/><U29/><E22/><V69/><F41/><W2/><G2/><T130/><D130/><U31/><E29/><V25/><F117/><W109/><G109/><T119/><D119/><U75/><E75/><V129/><F129/><W53/><G42/><T58/><D94/><U30/><E30/><V1/><F1/><W93/><G83/><T124/><D124/><U45/><E45/><V100/><F96/><W118/><G78/><N who="0" m="46135" /><D46/><U103/><E103/><V49/><F25/><W128/><G128/><T3/><D3/><U107/><E107/><V104/><REACH who="2" step="1"/><F49/><REACH who="2" ten="207,470,253,60" step="2"/><N who="0" m="18442" /><D19/><U7/><E55/><AGARI ba="0,1" hai="9,10,55,58,62,82,85,88" m="18442,46135" machi="55" ten="30,2900,0" yaku="8,1,54,1" doraHai="13" who="0" fromWho="1" sc="207,39,470,-29,253,0,60,0" /><INIT seed="4,1,0,0,2,29" ten="246,441,253,60" oya="0" hai0="100,32,90,132,13,67,85,19,105,124,39,117,12" hai1="95,30,120,21,98,24,60,3,6,44,65,87,50" hai2="134,127,31,52,54,88,78,116,1,104,97,59,58" hai3="18,68,118,46,48,103,101,92,49,10,70,11,96"/><T55/><D117/><U37/><E120/><V63/><F1/><W89/><G118/><T121/><D121/><U82/><E37/><V72/><F116/><W107/><G49/><T4/><D39/><U114/><E114/><V73/><F134/><W130/><G130/><T47/><D67/><U115/><E115/><V99/><F127/><W41/><G101/><T79/><D79/><U106/><E106/><V74/><F31/><W2/><G11/><T9/><D124/><U93/><E6/><V77/><F104/><W17/><G2/><T53/><D132/><U86/><E3/><V35/><F35/><W75/><G75/><T27/><D100/><U69/><E98/><V125/><F125/><W122/><G122/><T84/><D105/><U45/><E45/><V102/><F102/><W56/><G56/><T34/><D27/><U112/><E112/><V91/><F72/><W22/><G10/><T38/><D84/><U57/><E69/><V28/><F28/><W64/><G64/><T111/><D111/><U23/><E23/><V15/><F15/><W131/><G131/><T119/><D119/><U43/><E86/><V61/><AGARI ba="1,0" hai="52,54,58,59,61,63,73,74,77,78,88,91,97,99" machi="61" ten="25,8000,1" yaku="0,1,22,2,54,2" doraHai="29" who="2" fromWho="2" sc="246,-41,441,-21,253,83,60,-21" /><INIT seed="5,0,0,2,2,31" ten="205,420,336,39" oya="1" hai0="113,117,0,39,41,121,56,130,55,120,54,92,36" hai1="100,22,105,32,98,101,27,115,106,34,50,17,35" hai2="25,86,33,53,52,96,108,48,99,111,58,46,90" hai3="47,71,104,73,97,126,1,68,18,93,85,28,63"/><U112/><REACH who="1" step="1"/><E50/><REACH who="1" ten="205,410,336,39" step="2"/><V65/><F48/><W76/><G126/><T16/><D117/><U12/><E12/><V24/><F111/><W135/><G1/><T89/><D0/><U60/><E60/><V133/><F108/><W37/><G135/><T88/><D120/><U123/><E123/><V80/><F133/><W38/><G104/><T82/><D121/><U57/><E57/><V61/><F58/><W122/><G122/><T124/><D124/><U64/><E64/><V87/><F61/><W11/><G73/><T29/><D36/><U9/><E9/><V107/><F65/><W67/><G71/><T127/><D39/><U40/><E40/><V42/><F42/><W128/><G128/><T119/><D41/><U74/><E74/><V23/><F53/><W114/><G114/><T66/><D55/><U59/><E59/><V10/><F52/><W7/><G38/><T3/><D54/><U20/><E20/><V5/><F23/><W95/><G37/><T6/><D66/><U129/><E129/><V77/><F10/><W79/><G47/><T75/><D75/><U51/><E51/><V70/><F46/><W8/><G8/><T109/><D56/><U62/><E62/><V103/><F70/><W26/><G63/><T69/><D69/><U43/><E43/><V91/><F107/><W15/><G67/><T14/><D130/><U81/><E81/><V2/><F80/><W83/><G68/><T72/><D82/><U131/><E131/><V30/><F2/><W132/><G83/><T94/><D3/><U49/><E49/><V21/><F25/><RYUUKYOKU ba="0,1" sc="205,-10,410,30,336,-10,39,-10" hai1="17,22,27,32,34,35,98,100,101,105,106,112,115" /><INIT seed="5,1,1,2,4,57" ten="195,440,326,29" oya="1" hai0="108,62,58,64,93,75,78,44,135,92,55,130,133" hai1="4,134,31,86,82,129,95,94,128,101,99,43,107" hai2="81,54,56,83,8,103,13,119,98,36,46,77,6" hai3="59,10,116,72,132,70,84,34,120,33,23,49,22"/><U24/><E43/><V11/><F119/><W104/><G72/><T113/><D108/><U87/><E4/><V118/><F118/><W131/><G116/><T47/><D130/><N who="1" m="50283" /><E134/><N who="0" m="51209" /><D113/><U65/><E65/><V97/><F36/><W40/><G132/><T5/><D5/><U117/><E117/><V88/><F46/><N who="0" m="17450" /><D64/><U123/><E123/><V17/><F77/><W115/><G120/><T68/><D68/><U125/><E125/><V106/><F8/><W79/><G70/><T124/><D124/><U9/><E9/><V42/><F42/><W35/><G131/><T126/><D126/><U74/><E74/><V39/><F39/><W41/><G115/><T105/><D105/><U28/><E86/><V2/><F6/><W71/><G104/><T12/><D12/><U53/><E53/><V45/><F2/><W76/><G71/><T38/><D38/><U50/><E50/><V19/><F11/><W60/><G10/><T63/><D63/><U69/><E69/><V32/><F106/><W14/><G14/><T67/><D67/><U7/><E7/><V18/><F54/><W122/><G122/><T112/><D112/><U96/><E96/><V111/><F97/><W127/><G127/><T100/><D100/><U52/><E52/><V29/><F103/><W89/><G41/><T25/><D25/><U16/><E16/><V20/><F18/><W26/><G40/><T3/><D3/><U90/><E24/><V73/><F19/><W30/><G49/><T85/><D75/><U48/><E48/><V51/><F111/><W15/><G26/><T110/><D110/><RYUUKYOKU ba="1,1" sc="195,15,440,15,326,-15,29,-15" hai0="55,58,62,78,85,92,93" hai1="28,31,82,87,90,94,95,99,101,107" /><INIT seed="5,2,1,5,4,127" ten="210,455,311,14" oya="1" hai0="67,90,110,112,15,65,103,80,37,46,118,106,75" hai1="132,83,16,102,82,62,79,120,39,44,22,66,99" hai2="131,108,13,77,7,20,60,24,55,49,38,9,47" hai3="85,107,100,25,33,61,94,129,73,92,58,81,6"/><U98/><E120/><V30/><F108/><W97/><G6/><T26/><D110/><U40/><E132/><V59/><F131/><W91/><G129/><T19/><D118/><U126/><E126/><V109/><F109/><W29/><REACH who="3" step="1"/><G73/><REACH who="3" ten="210,455,311,4" step="2"/><T14/><D75/><U104/><E99/><V128/><F7/><W78/><G78/><T113/><D113/><U28/><E79/><V116/><F77/><W31/><G31/><T86/><D112/><U88/><E28/><V32/><F30/><W57/><G57/><T27/><D19/><U133/><E133/><V1/><F128/><W114/><G114/><T42/><D46/><U53/><E53/><AGARI ba="2,2" hai="25,29,33,53,58,61,81,85,91,92,94,97,100,107" machi="53" ten="30,2000,0" yaku="1,1,7,1,53,0" doraHai="127" doraHaiUra="43" who="3" fromWho="1" sc="210,0,455,-26,311,0,4,46" /><INIT seed="6,0,0,2,4,43" ten="210,429,311,50" oya="2" hai0="35,91,82,77,85,69,122,5,2,108,37,80,51" hai1="59,120,66,32,114,14,129,31,126,13,97,33,112" hai2="117,0,88,93,106,104,18,19,46,98,54,26,124" hai3="123,94,56,109,86,52,110,49,1,78,36,119,55"/><V50/><F117/><W70/><G1/><T67/><D37/><U23/><E120/><V47/><F124/><W25/><G119/><T29/><D122/><U12/><E97/><V20/><F0/><W48/><G123/><T62/><D108/><U76/><E76/><V61/><F61/><W27/><G70/><T113/><D113/><N who="1" m="43627" /><E66/><V22/><REACH who="2" step="1"/><F46/><REACH who="2" ten="210,429,301,50" step="2"/><W105/><G109/><T57/><D2/><U21/><E126/><V131/><F131/><W128/><G128/><T99/><D62/><U11/><E129/><V68/><F68/><W16/><G110/><T4/><D69/><U127/><E127/><V132/><F132/><W125/><G125/><T103/><D67/><U96/><E59/><V7/><F7/><W45/><G105/><T75/><D57/><U71/><E71/><V100/><F100/><W81/><G36/><T38/><D38/><U83/><E83/><V30/><F30/><W116/><G116/><T15/><D4/><U6/><E31/><V60/><F60/><W133/><G133/><T65/><D65/><U135/><E135/><V58/><F58/><W3/><G3/><T53/><D29/><U28/><E28/><V121/><F121/><W118/><G118/><T42/><D5/><U9/><E96/><V40/><F40/><W17/><G94/><T95/><D42/><U89/><E6/><V72/><F72/><W41/><G41/><T102/><D80/><U130/><E130/><V92/><F92/><W101/><G101/><T63/><D103/><U34/><E89/><V79/><F79/><W39/><G39/><T134/><D102/><RYUUKYOKU ba="0,1" sc="210,-30,429,10,301,10,50,10" hai1="9,11,12,13,14,21,23,32,33,34" hai2="18,19,20,22,26,47,50,54,88,93,98,104,106" hai3="16,17,25,27,45,48,49,52,55,56,78,81,86" /><INIT seed="6,1,1,3,2,8" ten="180,439,311,60" oya="2" hai0="19,120,59,112,77,22,102,12,121,67,89,98,131" hai1="123,63,57,5,24,51,118,78,130,56,37,28,30" hai2="15,129,27,110,21,14,122,2,132,52,23,133,68" hai3="26,127,53,94,103,85,79,134,70,44,92,90,106"/><V84/><F68/><W66/><G127/><T99/><D112/><U74/><E118/><V36/><F36/><W135/><G53/><T95/><D131/><U82/><E37/><V34/><F122/><W75/><G44/><T16/><D77/><U17/><E130/><V25/><F2/><W61/><G94/><T80/><D59/><U114/><E114/><V42/><F42/><W7/><G7/><T54/><D54/><U64/><E123/><V86/><F129/><W39/><G39/><T125/><D67/><U104/><E104/><V108/><F52/><W60/><G60/><T13/><D125/><U18/><E51/><V43/><REACH who="2" step="1"/><F43/><REACH who="2" ten="180,439,301,60" step="2"/><W96/><REACH who="3" step="1"/><G26/><REACH who="3" ten="180,439,301,50" step="2"/><T65/><D65/><U119/><E64/><V50/><F50/><W97/><G97/><T107/><D80/><AGARI ba="1,3" hai="61,66,70,75,79,80,85,90,92,96,103,106,134,135" machi="80" ten="40,8000,1" yaku="1,1,24,2,53,2" doraHai="8" doraHaiUra="128" who="3" fromWho="0" sc="180,-83,439,0,301,0,50,113" /><INIT seed="7,0,0,3,0,43" ten="97,439,301,163" oya="3" hai0="50,85,14,6,64,126,76,34,86,38,87,103,134" hai1="55,12,84,135,82,81,66,115,15,128,130,30,65" hai2="19,31,90,57,7,121,28,22,56,26,1,17,78" hai3="20,29,49,5,83,67,106,91,88,61,13,118,132"/><W79/><G106/><T72/><D38/><U24/><E115/><V92/><F78/><W48/><G118/><T25/><D126/><U93/><E135/><V89/><F92/><W45/><G49/><T27/><D134/><U122/><E122/><V68/><F68/><W114/><G114/><T44/><D72/><U18/><E93/><V41/><F41/><W108/><G108/><T129/><D129/><N who="1" m="49771" /><E55/><V46/><F121/><W131/><G29/><T95/><D34/><N who="1" m="20807" /><E15/><V59/><F59/><W105/><G105/><T42/><D64/><N who="1" m="24683" /><E84/><V10/><F10/><AGARI ba="0,0" hai="10,12,18,81,82" m="24683,20807,49771" machi="10" ten="30,1000,0" yaku="19,1" doraHai="43" who="1" fromWho="2" sc="97,0,439,10,301,-10,163,0" owari="97,-40.0,449,55.0,291,9.0,163,-24.0" /></mjloggm>