<mjloggm ver="2.3"><GO type="169" lobby="0"/><UN n0="%E5%B0%B1%E6%B4%BB%E7%94%9F%40%E5%B7%9D%E6%9D%91%E8%BB%8D%E5%9B%A3" n1="%E9%96%A2%E4%B8%83%E6%B5%B7" n2="%E3%81%91%E3%81%84%E3%81%99%E3%81%91%EF%BC%A0%EF%BC%AB%EF%BC%B5" n3="%E8%90%8C%E3%81%88%E3%81%AE%E7%A5%9E" dan="17,18,16,16" rate="2146.41,2270.33,2098.97,2159.57" sx="M,M,M,F"/><TAIKYOKU oya="0"/><INIT seed="0,0,0,0,3,8" ten="250,250,250,250" oya="0" hai0="39,128,117,9,75,56,55,100,110,58,132,22,123" hai1="1,21,6,0,20,44,122,97,18,81,29,12,101" hai2="87,99,37,125,26,108,96,114,78,74,13,76,88" hai3="16,54,104,68,105,19,93,66,120,134,5,23,15"/><T32/><D32/><U111/><E81/><N who="2" m="45207" /><F37/><W77/><G134/><T63/><D75/><U51/><E111/><V35/><F13/><W45/><G77/><T28/><D39/><U135/><E135/><V2/><F2/><W115/><G115/><T34/><D34/><U84/><E84/><V107/><F26/><W3/><G105/><T31/><D110/><U36/><E36/><V70/><F70/><W94/><G104/><T133/><D117/><U38/><E38/><V48/><F48/><W11/><G120/><T59/><D123/><U49/><E6/><V27/><F78/><W7/><G7/><T130/><D100/><U4/><E51/><V98/><F114/><W121/><G121/><T64/><D9/><U90/><E4/><V41/><F41/><W62/><G45/><T127/><D22/><U112/><E112/><V61/><F61/><W73/><G73/><T69/><D127/><U47/><E47/><V129/><F107/><W102/><G54/><T116/><D116/><U80/><E80/><V57/><F57/><N who="0" m="22122" /><D28/><U109/><E109/><V89/><F108/><W92/><REACH who="3" step="1"/><G19/><REACH who="3" ten="250,250,250,240" step="2"/><T131/><D31/><U10/><E122/><V85/><F125/><W60/><G60/><AGARI ba="0,1" hai="55,59,60,63,64,69,128,130,131,132,133" m="22122" machi="60" ten="40,7700,0" yaku="19,1,34,2" doraHai="8" who="0" fromWho="3" sc="250,87,250,0,250,0,240,-77" /><INIT seed="0,1,0,1,0,109" ten="337,250,250,163" oya="0" hai0="117,41,96,86,62,102,113,74,124,5,3,84,52" hai1="57,88,111,12,123,94,24,106,118,59,135,48,66" hai2="17,25,4,47,7,26,90,83,15,35,10,54,133" hai3="70,9,50,34,60,131,37,27,53,23,11,21,110"/><T122/><D74/><U73/><E111/><V39/><F133/><W91/><G110/><T46/><D117/><U76/><E106/><V95/><F39/><W82/><G37/><T45/><D122/><U64/><E118/><V1/><F35/><W16/><G34/><T127/><D5/><N who="2" m="2122" /><F1/><W132/><G132/><T97/><D3/><U13/><E135/><V28/><F28/><W120/><G120/><T61/><D41/><U72/><E24/><V128/><F83/><W79/><G131/><T89/><D89/><U112/><E123/><V125/><F128/><W67/><G23/><T42/><D42/><U121/><E121/><V92/><F125/><W107/><G91/><T126/><D102/><U108/><E108/><V36/><F36/><W32/><G107/><T134/><D134/><U40/><E40/><V20/><F20/><W100/><G100/><T58/><D62/><U101/><E101/><V14/><F14/><W0/><G32/><T130/><D130/><U116/><E116/><V71/><F71/><W65/><G65/><T75/><D75/><U22/><E22/><V129/><F95/><W43/><G43/><T103/><D113/><U78/><E94/><V6/><F6/><W19/><G19/><T33/><D33/><U87/><E87/><N who="0" m="33321" /><D97/><U63/><E63/><V85/><F129/><W115/><G115/><T99/><D96/><U44/><E112/><V105/><F105/><AGARI ba="1,0" hai="45,46,52,58,61,99,103,105,124,126,127" m="33321" machi="105" ten="30,2900,0" yaku="18,1,54,1" doraHai="109" who="0" fromWho="2" sc="337,32,250,0,250,-32,163,0" /><INIT seed="0,2,0,4,0,99" ten="369,250,218,163" oya="0" hai0="2,1,108,90,81,134,40,59,73,96,11,18,57" hai1="47,60,104,27,17,94,97,103,120,113,58,8,48" hai2="4,9,72,43,121,85,106,69,102,33,0,14,80" hai3="128,77,129,67,76,30,35,29,13,118,28,49,95"/><T56/><D134/><U78/><E113/><V86/><F69/><W114/><G114/><T123/><D123/><U22/><E78/><N who="3" m="30314" /><G118/><T107/><D108/><U116/><E116/><V82/><F121/><W25/><G67/><T127/><D127/><U61/><E120/><V74/><F33/><W131/><G49/><T132/><D132/><U111/><E111/><V70/><F70/><W46/><G46/><T110/><D110/><U37/><E8/><V91/><F43/><W93/><G13/><T54/><D73/><U112/><E112/><V122/><F122/><W16/><G35/><T34/><D34/><U36/><E104/><V87/><F87/><W52/><G52/><T42/><D54/><U12/><E12/><V64/><F64/><W65/><G65/><T41/><D11/><U71/><E71/><V38/><F38/><W15/><G25/><T79/><D79/><U101/><E37/><V53/><F53/><W105/><G105/><T115/><D18/><U6/><E6/><V26/><F26/><W23/><AGARI ba="2,0" hai="15,16,23,28,29,30,93,95,128,129,131" m="30314" machi="23" ten="40,2700,0" yaku="19,1,54,1" doraHai="99" who="3" fromWho="3" sc="369,-15,250,-9,218,-9,163,33" /><INIT seed="1,0,0,2,3,54" ten="354,241,209,196" oya="1" hai0="40,80,56,39,109,53,46,45,114,134,115,10,99" hai1="22,106,62,124,130,72,113,110,104,67,122,31,98" hai2="12,95,49,5,91,119,111,88,70,126,15,121,37" hai3="26,34,1,59,64,44,93,133,6,19,79,32,96"/><U2/><E122/><V47/><F121/><W82/><G133/><T57/><D10/><U23/><E113/><N who="0" m="43017" /><D80/><U84/><E124/><V108/><F119/><W7/><G44/><N who="0" m="23583" /><D99/><U81/><E130/><V89/><F70/><W118/><G118/><T116/><D116/><U85/><E2/><V9/><F37/><W90/><G1/><T76/><D76/><U48/><E72/><V117/><F117/><W83/><G34/><T75/><D75/><U123/><E123/><V20/><F126/><W60/><G82/><T18/><D18/><U102/><E110/><N who="2" m="42027" /><F20/><W68/><G68/><T66/><D134/><U25/><E48/><V120/><F120/><W11/><G32/><T71/><D109/><U36/><E36/><V135/><F135/><W73/><REACH who="3" step="1"/><G26/><REACH who="3" ten="354,241,209,186" step="2"/><T129/><D71/><U105/><E81/><V28/><F15/><AGARI ba="0,1" hai="6,7,11,15,19,59,60,64,73,79,83,90,93,96" machi="15" ten="40,5200,0" yaku="1,1,2,1,52,1,53,0" doraHai="54" doraHaiUra="41" who="3" fromWho="2" sc="354,0,241,0,209,-52,186,62" /><INIT seed="2,0,0,1,5,120" ten="354,241,157,248" oya="2" hai0="47,79,89,127,110,19,32,114,128,20,132,17,51" hai1="77,12,39,16,124,99,126,45,109,84,57,66,101" hai2="23,108,54,60,70,97,131,15,80,125,71,123,82" hai3="135,18,117,2,24,87,67,36,129,37,42,86,62"/><V72/><F123/><W10/><G117/><T92/><D32/><U53/><E66/><V83/><F125/><N who="1" m="48233" /><E39/><V121/><F121/><W43/><G36/><T107/><D107/><N who="1" m="63935" /><E45/><V74/><F131/><W28/><G129/><T112/><D79/><U4/><E4/><V44/><F97/><W134/><G86/><T5/><D5/><U94/><E109/><V116/><F116/><W33/><G87/><T1/><D110/><U115/><E115/><V130/><F130/><W104/><G104/><T122/><D19/><U50/><E94/><V38/><F108/><W8/><G37/><T91/><D1/><U76/><E84/><V69/><F60/><W6/><G43/><T22/><D22/><AGARI ba="0,0" hai="12,16,22,50,53,57,76,77" m="63935,48233" machi="22" ten="30,2000,0" yaku="18,1,54,1" doraHai="120" who="1" fromWho="0" sc="354,-20,241,20,157,0,248,0" /><INIT seed="3,0,0,4,3,72" ten="334,261,157,248" oya="3" hai0="104,57,122,20,103,80,53,93,40,133,130,118,27" hai1="12,36,23,52,71,13,42,45,16,9,22,46,116" hai2="50,82,94,123,69,31,128,112,89,79,32,47,114" hai3="109,76,19,62,1,43,64,61,75,48,29,113,134"/><W98/><G113/><T105/><D118/><U63/><E116/><V35/><F69/><W117/><G117/><T65/><D122/><U97/><E97/><V14/><F123/><W127/><G1/><T81/><D65/><U17/><E71/><V126/><F128/><W120/><G120/><T124/><D40/><U66/><E66/><V95/><F126/><W10/><G127/><T38/><D38/><U119/><E119/><V55/><F14/><W2/><G29/><T33/><D33/><U7/><E46/><V67/><F67/><W88/><G134/><T26/><D26/><U90/><E90/><V15/><F15/><W28/><G28/><T70/><D70/><U111/><E111/><V34/><F31/><W73/><G73/><T102/><D133/><U78/><E78/><V37/><F37/><W25/><G25/><T11/><D11/><U99/><E99/><V83/><F83/><W115/><G115/><T87/><D130/><U74/><E74/><V58/><F47/><W49/><G10/><T18/><D124/><U56/><E7/><V0/><F0/><W6/><G6/><T5/><D5/><U30/><E30/><V135/><F135/><W3/><G3/><T68/><D68/><U91/><E91/><V54/><F89/><W108/><G2/><T125/><D125/><U106/><REACH who="1" step="1"/><E9/><REACH who="1" ten="334,251,157,248" step="2"/><V59/><F114/><W8/><G8/><T84/><D103/><U51/><E51/><N who="2" m="31071" /><F112/><W132/><G132/><T77/><D102/><U107/><AGARI ba="0,1" hai="12,13,16,17,22,23,36,42,45,52,56,63,106,107" machi="107" ten="30,12000,2" yaku="1,1,0,1,9,1,54,2,53,2" doraHai="72" doraHaiUra="101" who="1" fromWho="1" sc="334,-30,251,130,157,-30,248,-60" /><INIT seed="4,0,0,0,0,75" ten="304,381,127,188" oya="0" hai0="72,69,92,26,12,71,77,37,14,67,117,13,79" hai1="99,7,59,41,78,42,34,23,25,28,47,115,62" hai2="38,87,134,116,60,88,31,102,40,124,0,103,113" hai3="100,36,120,53,68,54,35,127,2,6,32,85,89"/><T128/><D37/><U129/><E129/><V110/><F110/><W29/><G36/><T58/><D72/><U81/><E115/><V63/><F113/><W10/><G68/><T84/><D117/><U98/><E34/><V118/><F0/><W15/><G127/><T18/><D128/><U126/><E7/><V123/><F123/><W30/><G120/><T70/><D67/><U56/><E56/><V133/><F31/><W64/><G64/><T24/><D58/><U44/><E44/><N who="2" m="23575" /><F124/><W95/><G100/><N who="2" m="38441" /><F60/><W96/><G35/><T125/><D125/><U90/><E90/><V43/><F43/><W91/><G2/><T82/><D18/><U97/><E47/><V50/><F50/><W107/><G107/><T19/><D19/><U112/><E112/><V122/><F63/><W27/><REACH who="3" step="1"/><G30/><REACH who="3" ten="304,381,127,178" step="2"/><T51/><D70/><U46/><E126/><V94/><F122/><W17/><G17/><T9/><D71/><U39/><E39/><V5/><F5/><W49/><G49/><T109/><D51/><U45/><E42/><V16/><F16/><W65/><G65/><T76/><D69/><U130/><E41/><V106/><F106/><W55/><G55/><T93/><D109/><U11/><E130/><V86/><F118/><W33/><G33/><T108/><D108/><U3/><E3/><V119/><F116/><W1/><G1/><T135/><D135/><N who="2" m="51722" /><F119/><W52/><G52/><T101/><D9/><U105/><E11/><V114/><F114/><W80/><AGARI ba="0,1" hai="6,10,15,27,29,32,53,54,80,85,89,91,95,96" machi="80" ten="20,2700,0" yaku="1,1,0,1,7,1,53,0" doraHai="75" doraHaiUra="74" who="3" fromWho="3" sc="304,-13,381,-7,127,-7,178,37" /><INIT seed="5,0,0,5,2,103" ten="291,374,120,215" oya="1" hai0="131,21,124,87,79,13,104,25,93,132,122,0,123" hai1="105,18,102,27,39,56,96,19,71,50,55,59,66" hai2="117,26,88,95,6,49,58,10,12,85,134,45,98" hai3="62,36,135,128,68,130,11,15,8,33,41,133,17"/><U90/><E39/><V1/><F134/><N who="3" m="51211" /><G36/><T65/><D0/><U101/><E101/><V89/><F117/><W109/><G41/><T107/><D65/><U31/><E90/><V64/><F1/><W48/><G33/><T125/><D13/><U43/><E59/><V23/><F64/><N who="3" m="40983" /><G48/><T3/><D3/><U53/><E53/><V34/><F34/><W42/><G42/><T75/><D131/><N who="3" m="50217" /><G109/><T100/><D132/><U92/><E43/><N who="2" m="24767" /><F58/><W84/><G84/><T51/><D51/><U16/><E71/><V86/><F89/><W57/><G57/><T30/><D75/><U5/><E66/><V52/><F52/><W108/><G108/><T38/><D38/><U20/><E5/><V114/><F114/><W120/><G120/><N who="0" m="46123" /><D79/><U14/><REACH who="1" step="1"/><E92/><REACH who="1" ten="291,364,120,215" step="2"/><V46/><F46/><W74/><G74/><T112/><D112/><U22/><AGARI ba="0,1" hai="14,16,18,19,20,22,27,31,50,55,56,96,102,105" machi="22" ten="20,18000,2" yaku="1,1,2,1,0,1,7,1,52,1,54,1,53,0" doraHai="103" doraHaiUra="91" who="1" fromWho="1" sc="291,-60,364,190,120,-60,215,-60" /><INIT seed="5,1,0,5,4,124" ten="231,554,60,155" oya="1" hai0="83,1,62,135,7,119,108,67,98,101,115,102,117" hai1="25,125,90,16,89,97,130,88,116,43,50,39,109" hai2="29,28,111,21,40,31,23,51,2,52,17,112,57" hai3="118,73,81,20,66,12,14,33,75,24,68,120,126"/><U100/><E109/><V10/><F111/><W65/><G120/><T85/><D115/><U84/><E116/><V6/><F112/><W99/><G33/><T121/><D135/><U95/><E39/><V48/><REACH who="2" step="1"/><F17/><REACH who="2" ten="231,554,50,155" step="2"/><W129/><G118/><T3/><D108/><U106/><E125/><V91/><F91/><W18/><G126/><T41/><D117/><U63/><E90/><V8/><F8/><W60/><G66/><T55/><D119/><U123/><E89/><V64/><F64/><W107/><G81/><T128/><D67/><U46/><E123/><V134/><F134/><W131/><G75/><T127/><D127/><U13/><E88/><V47/><AGARI ba="1,1" hai="2,6,10,21,23,28,29,31,40,47,48,51,52,57" machi="47" ten="30,4000,0" yaku="1,1,0,1,54,1,53,0" doraHai="124" doraHaiUra="87" who="2" fromWho="2" sc="231,-11,554,-21,50,53,155,-11" /><INIT seed="6,0,0,5,2,83" ten="220,533,103,144" oya="2" hai0="51,3,43,16,87,72,21,59,111,33,29,102,103" hai1="112,124,23,117,25,116,131,79,93,2,55,1,8" hai2="13,106,56,10,27,132,35,39,122,57,46,130,76" hai3="127,98,9,73,47,100,54,125,118,97,78,60,89"/><V42/><F122/><W14/><G118/><T50/><D72/><U94/><E79/><V70/><F106/><W12/><G73/><T48/><D3/><U105/><E105/><V64/><F130/><W24/><G78/><T121/><D121/><U91/><E112/><V135/><F76/><W75/><G75/><T32/><D29/><U128/><E124/><N who="3" m="47690" /><G24/><T41/><D111/><U77/><E77/><V30/><F70/><W84/><G60/><T62/><D33/><U19/><E2/><V74/><F74/><W52/><G100/><N who="0" m="38443" /><D87/><N who="1" m="52479" /><E94/><V68/><F68/><W58/><G47/><T96/><D96/><N who="3" m="36969" /><G58/><T61/><D32/><U110/><E110/><V63/><REACH who="2" step="1"/><F57/><REACH who="2" ten="220,533,93,144" step="2"/><W22/><G89/><T7/><D59/><U126/><E131/><V109/><F109/><W11/><G84/><T49/><D43/><U20/><E128/><V65/><F65/><W69/><G69/><T101/><D41/><U53/><E126/><V86/><F86/><W38/><G54/><T44/><D44/><U66/><E55/><V107/><F107/><W88/><G52/><T40/><D40/><U133/><E53/><V17/><AGARI ba="0,1" hai="10,13,17,27,30,35,39,42,46,56,63,64,132,135" machi="17" ten="30,3000,0" yaku="1,1,0,1,53,0" doraHai="83" doraHaiUra="0" who="2" fromWho="2" sc="220,-10,533,-10,93,40,144,-10" /><INIT seed="6,1,0,0,1,21" ten="210,523,133,134" oya="2" hai0="6,47,31,7,99,104,132,92,17,48,46,111,100" hai1="127,11,28,61,19,103,41,25,133,13,1,75,121" hai2="118,56,37,22,88,51,96,95,128,44,53,91,77" hai3="67,93,90,57,84,40,112,107,80,110,39,32,122"/><V82/><F118/><W98/><G110/><T20/><D111/><U106/><E75/><V30/><F128/><W68/><G122/><T115/><D115/><U16/><E103/><V34/><F34/><W126/><G126/><T9/><D104/><U125/><E106/><V89/><F37/><W135/><G68/><T83/><D132/><U4/><E41/><V36/><F36/><W12/><G32/><T49/><D83/><U97/><E97/><V42/><F42/><W124/><G124/><N who="1" m="47690" /><E133/><V70/><F70/><W78/><G135/><T85/><D31/><U29/><E61/><V55/><F77/><W72/><G112/><T123/><D9/><N who="1" m="6191" /><E121/><V73/><F73/><W113/><G113/><T94/><D94/><U116/><E116/><V38/><F82/><W101/><G40/><N who="0" m="24647" /><D85/><U71/><E71/><V109/><F109/><W120/><G120/><T60/><D60/><U52/><E52/><V134/><F134/><W63/><G39/><T69/><D69/><U54/><E54/><V27/><F38/><W66/><G66/><T3/><D123/><U105/><E105/><V130/><F130/><W15/><AGARI ba="1,0" hai="12,15,57,63,67,72,78,80,84,90,93,98,101,107" machi="15" ten="30,4000,0" yaku="0,1,24,2" doraHai="21" who="3" fromWho="3" sc="210,-11,523,-11,133,-21,134,43" /><INIT seed="7,0,0,2,0,24" ten="199,512,112,177" oya="3" hai0="44,43,64,62,30,55,26,129,63,67,78,105,20" hai1="93,46,57,53,54,8,9,98,33,7,58,118,135" hai2="84,120,86,68,25,3,60,122,13,80,101,102,18" hai3="126,127,134,104,95,35,65,17,19,124,45,108,74"/><W39/><G104/><T1/><D105/><U106/><E106/><V22/><F3/><W56/><G134/><T72/><D1/><U133/><E33/><V0/><F0/><W94/><G74/><T75/><D129/><U47/><E118/><V77/><F86/><W100/><G35/><T69/><D55/><U92/><E98/><V12/><F12/><W66/><G108/><T96/><D96/><U5/><AGARI ba="0,0" hai="5,7,8,9,46,47,53,54,57,58,92,93,133,135" machi="5" ten="25,3200,0" yaku="0,1,22,2" doraHai="24" who="1" fromWho="1" sc="199,-8,512,32,112,-8,177,-16" owari="191,-1.0,544,65.0,104,-40.0,161,-24.0" /></mjloggm>