<mjloggm ver="2.3"><GO type="225" lobby="0"/><UN n0="%E3%81%A4%E3%81%AE%E3%81%A0%E2%98%86%E3%81%B2%E3%82%8D" n1="%E5%8F%8B%47%46%49" n2="%74%61%6B%75%61%6B%61" n3="%E5%B0%B1%E6%B4%BB%E7%94%9F%40%E5%B7%9D%E6%9D%91%E8%BB%8D%E5%9B%A3" dan="16,16,16,16" rate="2188.32,2173.76,2111.74,2150.23" sx="M,M,M,M"/><TAIKYOKU oya="0"/><INIT seed="0,0,0,4,1,55" ten="250,250,250,250" oya="0" hai0="38,10,60,11,27,106,73,1,128,40,129,94,33" hai1="107,111,78,117,65,102,8,127,23,96,104,63,41" hai2="39,15,76,61,70,58,115,126,31,123,54,100,135" hai3="74,29,68,67,50,77,12,118,130,109,19,28,91"/><T125/><D106/><U98/><E117/><V42/><F123/><W37/><G37/><T92/><D73/><U62/><E111/><V44/><F115/><W134/><G74/><T95/><D125/><U72/><E127/><V97/><F126/><W120/><G77/><T110/><D110/><U99/><E41/><V82/><F135/><W7/><G7/><T80/><D80/><U87/><E72/><V3/><F3/><W105/><G105/><T75/><D75/><U59/><E104/><V93/><F31/><W108/><G118/><T79/><D79/><U21/><E21/><V113/><F113/><W16/><G120/><T5/><D11/><U112/><E112/><V90/><F15/><W133/><G130/><N who="0" m="50283" /><D60/><U84/><E8/><V83/><F76/><W101/><G101/><T48/><D48/><U114/><E114/><V35/><F35/><W18/><G91/><T6/><D6/><U20/><E20/><V81/><REACH who="2" step="1"/><F70/><REACH who="2" ten="250,250,240,250" step="2"/><W9/><G108/><T2/><D2/><U45/><E78/><V69/><F69/><W32/><G109/><T53/><D33/><U122/><E122/><V131/><F131/><W119/><G32/><T47/><D27/><U121/><E121/><V89/><AGARI ba="0,1" hai="39,42,44,54,58,61,81,82,83,89,90,93,97,100" machi="89" ten="30,4000,0" yaku="1,1,0,1,52,1,53,0" doraHai="55" doraHaiUra="0" who="2" fromWho="2" sc="250,-20,250,-10,240,50,250,-10" /><INIT seed="1,0,0,1,2,95" ten="230,240,290,240" oya="1" hai0="25,1,61,19,59,74,55,65,120,2,92,12,24" hai1="112,116,110,115,29,81,126,8,102,78,17,43,124" hai2="42,26,68,83,88,123,103,134,20,69,58,129,135" hai3="44,113,28,5,66,125,39,32,97,63,91,38,6"/><U31/><E116/><V23/><F123/><W37/><G113/><N who="1" m="43594" /><E43/><V122/><F122/><W35/><G125/><N who="1" m="48234" /><E110/><V108/><F108/><W60/><G44/><T85/><D74/><N who="1" m="43223" /><E102/><V15/><F103/><W93/><G60/><T118/><D120/><U82/><E82/><V111/><F42/><W117/><G117/><T3/><D118/><U100/><E100/><V132/><F111/><W75/><G75/><T18/><D65/><U57/><E57/><V40/><F40/><W53/><G53/><T51/><D61/><U14/><AGARI ba="0,0" hai="8,14,17,29,31" m="43223,48234,43594" machi="14" ten="40,2100,0" yaku="18,1" doraHai="95" who="1" fromWho="1" sc="230,-7,240,21,290,-7,240,-7" /><INIT seed="1,1,0,4,3,78" ten="223,261,283,233" oya="1" hai0="114,69,49,2,76,8,41,131,15,120,81,54,122" hai1="99,4,38,21,1,12,71,36,59,6,32,88,31" hai2="30,52,84,100,9,89,55,123,64,72,112,98,68" hai3="117,22,67,109,43,121,0,128,65,107,119,62,27"/><U44/><E71/><V97/><F123/><N who="0" m="47146" /><D69/><U83/><E59/><V20/><F72/><W60/><G121/><T104/><D104/><U51/><E32/><V37/><F37/><W79/><G107/><T26/><D26/><N who="1" m="16847" /><E1/><V105/><F112/><W13/><G0/><T102/><D102/><U129/><E38/><V116/><F116/><N who="3" m="44619" /><G109/><T126/><D2/><U96/><E36/><V7/><F68/><W46/><G128/><T66/><D66/><N who="3" m="25097" /><G13/><T23/><D131/><U19/><E129/><V110/><F64/><W133/><G133/><T118/><D118/><U14/><E6/><V56/><F7/><W108/><G108/><T28/><D114/><U50/><E4/><V77/><F56/><W74/><G46/><N who="0" m="27959" /><D41/><N who="1" m="24847" /><E51/><V35/><F35/><W18/><G43/><T11/><D126/><U16/><E12/><V29/><F110/><W25/><G25/><N who="0" m="16447" /><D15/><U57/><E57/><V48/><F48/><W101/><G101/><T3/><D3/><U134/><E134/><V5/><F100/><W93/><G60/><T80/><D76/><U85/><E19/><V124/><F77/><W95/><G62/><T94/><D94/><N who="3" m="35849" /><G79/><T73/><D73/><AGARI ba="1,0" hai="18,22,27,73,74" m="35849,25097,44619" machi="73" ten="30,1000,0" yaku="12,1" doraHai="78" who="3" fromWho="0" sc="223,-13,261,0,283,0,233,13" /><INIT seed="2,0,0,4,3,35" ten="210,261,283,246" oya="2" hai0="94,55,103,129,13,63,84,77,40,125,42,30,123" hai1="7,9,15,111,29,96,76,80,21,98,112,61,127" hai2="133,48,107,116,118,39,8,18,16,121,126,67,132" hai3="60,99,34,14,85,50,6,134,78,115,104,86,32"/><V62/><F121/><W101/><G134/><N who="2" m="51817" /><F39/><W66/><G115/><T24/><D123/><U108/><E112/><V124/><F107/><W90/><G78/><T43/><D129/><U122/><E122/><V47/><F8/><W10/><G50/><T46/><D125/><N who="2" m="48234" /><F18/><W59/><REACH who="3" step="1"/><G85/><REACH who="3" ten="210,261,283,236" step="2"/><T56/><D77/><U52/><E127/><V87/><F87/><W51/><G51/><T45/><D84/><U74/><E108/><V97/><F97/><W20/><G20/><N who="0" m="15623" /><D13/><U128/><E111/><V89/><F89/><W54/><G54/><T114/><D114/><U88/><E128/><V26/><F26/><W102/><G102/><T57/><D103/><U75/><E75/><V37/><F37/><W71/><G71/><T36/><D36/><U130/><E130/><V100/><F100/><W106/><G106/><T5/><D55/><U72/><E72/><V79/><F79/><W3/><G3/><T33/><D33/><U2/><E88/><V110/><F110/><W81/><AGARI ba="0,1" hai="6,10,14,32,34,59,60,66,81,86,90,99,101,104" machi="81" ten="20,2700,0" yaku="1,1,0,1,7,1,53,0" doraHai="35" doraHaiUra="109" who="3" fromWho="3" sc="210,-7,261,-7,283,-13,236,37" /><INIT seed="3,0,0,1,2,129" ten="203,254,270,273" oya="3" hai0="86,1,27,110,17,104,42,44,71,106,109,73,102" hai1="18,121,62,68,6,15,60,84,76,21,113,37,39" hai2="111,45,49,11,112,81,108,87,61,135,26,47,91" hai3="93,2,41,80,125,43,59,52,64,107,119,123,31"/><W20/><G107/><T9/><D71/><U66/><E113/><V74/><F112/><W23/><G2/><T12/><D73/><U78/><E121/><V88/><F74/><W28/><G119/><T46/><D1/><U116/><E116/><V130/><F130/><W96/><G64/><T25/><D86/><U4/><E62/><V99/><F11/><W115/><G80/><T120/><D120/><U50/><E50/><V118/><F118/><W85/><G85/><T132/><D132/><U10/><E4/><V70/><F135/><W5/><G5/><T57/><D57/><U128/><E128/><V51/><F26/><W8/><G8/><T22/><D25/><U105/><E105/><V0/><F0/><W127/><G115/><T79/><D79/><U35/><E35/><V98/><F61/><N who="3" m="36071" /><G123/><T40/><D102/><U56/><E68/><V7/><F7/><W32/><G32/><T14/><D27/><N who="1" m="14775" /><E39/><V75/><F75/><W103/><G127/><T131/><D131/><U82/><E37/><V34/><F34/><W58/><G58/><T69/><D69/><U94/><E94/><N who="2" m="56647" /><F99/><W13/><G125/><T72/><D72/><U77/><AGARI ba="0,0" hai="6,10,15,56,60,66,76,77,78,82,84" m="14775" machi="77" ten="30,1100,0" yaku="8,1" doraHai="129" who="1" fromWho="1" sc="203,-3,254,11,270,-3,273,-5" /><INIT seed="4,0,0,3,0,84" ten="200,265,267,268" oya="0" hai0="110,69,93,8,40,7,126,34,129,104,32,14,1" hai1="77,115,0,12,100,71,118,67,121,2,52,30,49" hai2="63,54,130,90,117,44,51,101,21,94,53,37,91" hai3="59,29,135,79,24,80,10,36,133,70,43,98,48"/><T125/><D104/><U86/><E118/><V20/><F37/><W55/><G70/><T82/><D69/><U87/><E121/><V27/><F130/><W81/><G10/><N who="0" m="2415" /><D93/><U107/><E30/><N who="2" m="17767" /><F117/><W6/><G6/><N who="0" m="3351" /><D40/><U9/><E115/><V61/><F21/><W28/><G28/><T31/><D82/><U38/><E38/><V132/><F132/><W127/><G127/><N who="0" m="48651" /><D129/><U74/><E107/><V17/><F17/><W15/><G81/><T96/><D96/><U64/><E100/><V72/><F72/><W18/><G98/><T22/><D110/><U111/><E111/><V66/><F66/><W11/><G43/><T39/><D39/><U19/><E67/><V106/><F106/><W88/><G36/><T26/><AGARI ba="0,0" hai="22,26,31,32,34" m="48651,3351,2415" machi="26" ten="30,6000,0" yaku="18,1,34,2" doraHai="84" who="0" fromWho="0" sc="200,60,265,-20,267,-20,268,-20" /><INIT seed="4,1,0,2,2,122" ten="260,245,247,248" oya="0" hai0="107,89,88,79,133,11,129,102,18,38,55,12,105" hai1="104,31,85,77,114,90,30,93,84,126,10,6,134" hai2="34,29,4,33,94,5,117,32,65,135,15,20,92" hai3="75,95,57,91,125,41,19,2,109,97,54,48,44"/><T8/><D38/><U130/><E104/><V46/><F65/><W1/><G75/><T68/><D68/><U43/><E126/><V100/><F117/><W116/><G109/><T22/><D133/><U71/><E71/><V87/><F135/><W78/><G78/><T9/><D129/><U112/><E134/><V52/><F92/><W119/><G125/><T56/><D79/><U14/><E43/><V96/><F87/><W35/><G35/><T40/><D40/><U50/><E50/><V3/><F3/><W47/><G47/><T59/><D59/><U0/><E0/><V80/><F80/><W36/><G116/><T82/><D82/><N who="1" m="47183" /><E130/><V45/><F45/><W26/><G119/><T118/><D118/><U111/><E111/><V115/><F115/><AGARI ba="1,0" hai="6,10,14,30,31,85,90,93,112,114,115" m="47183" machi="115" ten="30,2000,0" yaku="15,1,11,1" doraHai="122" who="1" fromWho="2" sc="260,0,245,23,247,-23,248,0" /><INIT seed="5,0,0,4,2,50" ten="260,268,224,248" oya="1" hai0="124,125,65,79,4,58,20,123,108,69,99,90,59" hai1="78,104,62,16,102,37,133,91,97,93,82,39,22" hai2="113,134,111,14,44,57,76,81,98,34,77,68,121" hai3="19,116,18,51,53,100,30,131,2,23,49,74,105"/><U122/><E122/><V84/><F121/><W56/><G74/><T25/><D108/><U36/><E133/><V66/><F111/><W6/><G131/><T95/><D123/><U106/><E62/><N who="2" m="38223" /><F68/><W35/><G116/><T5/><D79/><U96/><E96/><V1/><F34/><W135/><G135/><T33/><D33/><U55/><E55/><V88/><F1/><W132/><G132/><T13/><D69/><U3/><E3/><V73/><F73/><W107/><G100/><T17/><D65/><U120/><E106/><V0/><F0/><W85/><G85/><T9/><REACH who="0" step="1"/><D5/><REACH who="0" ten="250,268,224,248" step="2"/><U45/><E120/><V109/><F109/><W129/><G6/><T86/><D86/><U115/><E115/><V21/><F134/><W87/><G87/><T11/><D11/><U54/><E78/><V118/><F113/><W71/><G71/><T48/><D48/><N who="1" m="28943" /><E39/><V40/><F118/><W64/><G64/><T26/><D26/><U72/><E37/><V32/><F32/><W89/><G35/><T83/><D83/><U41/><E72/><V52/><F98/><W103/><G51/><T29/><D29/><U80/><E36/><N who="2" m="21511" /><F76/><W101/><G30/><T43/><D43/><U47/><E41/><V42/><F42/><W60/><G19/><T46/><D46/><U61/><E47/><V38/><F38/><W114/><G18/><T75/><D75/><U12/><E61/><V130/><F77/><W127/><G60/><T67/><D67/><U7/><E7/><V112/><F112/><W27/><G114/><T94/><D94/><U31/><E31/><RYUUKYOKU ba="0,1" sc="250,15,268,15,224,-15,248,-15" hai0="4,9,13,17,20,25,58,59,90,95,99,124,125" hai1="12,16,22,80,82,91,93,97,102,104" /><INIT seed="5,1,1,2,4,0" ten="265,283,209,233" oya="1" hai0="62,117,111,104,106,115,126,58,95,70,77,57,76" hai1="8,46,89,110,112,116,51,18,49,31,125,134,68" hai2="17,133,128,25,40,79,22,29,78,90,135,131,96" hai3="7,93,44,75,1,124,66,54,43,67,69,55,24"/><U13/><E116/><V88/><F40/><W14/><G1/><T64/><D111/><U72/><E110/><V84/><F29/><W73/><G75/><T87/><D115/><U34/><E112/><V6/><F6/><W42/><G73/><T41/><D126/><U2/><E125/><V99/><F25/><W32/><G32/><T100/><D41/><N who="3" m="15369" /><G69/><T35/><D35/><U123/><E68/><V63/><F63/><W11/><G124/><T129/><D129/><N who="2" m="49738" /><F22/><W27/><G93/><T86/><D95/><U10/><E123/><V28/><F17/><W5/><G5/><T105/><D100/><U4/><E72/><V120/><F28/><W81/><G81/><T83/><D117/><U92/><E134/><N who="2" m="51211" /><F120/><W85/><G85/><T38/><D38/><U118/><E118/><V21/><F21/><W107/><G107/><T52/><D70/><U12/><E2/><V37/><F37/><W36/><G36/><T97/><D86/><N who="1" m="52279" /><E34/><V33/><F33/><W113/><G113/><T53/><D87/><U127/><E127/><V102/><F96/><W26/><G44/><T119/><D97/><U15/><E31/><V101/><F101/><W50/><G50/><N who="1" m="18954" /><E46/><V103/><F103/><W60/><G60/><T132/><D119/><U80/><E13/><V121/><F121/><W91/><G91/><N who="2" m="34857" /><F84/><W94/><G94/><AGARI ba="1,1" hai="78,79,94,99,102" m="34857,51211,49738" machi="94" ten="30,8000,1" yaku="19,1,20,1,34,2,54,1" doraHai="0" who="2" fromWho="3" sc="265,0,283,0,209,93,233,-83" owari="265,-13.0,283,8.0,302,40.0,150,-35.0" /></mjloggm>