<mjloggm ver="2.3"><GO type="169" lobby="0"/><UN n0="%E3%83%88%E3%83%88%E3%83%AA%E5%85%88%E7%94%9F%31%39%E6%AD%B3" n1="%E4%BB%B2%E5%B7%9D%E7%BF%94" n2="%E5%BF%83%E6%BB%85" n3="%48%6F%6C%64%65%6E" dan="18,16,18,16" rate="2219.93,2114.31,2200.60,2066.07" sx="F,M,M,M"/><TAIKYOKU oya="0"/><INIT seed="0,0,0,4,0,24" ten="250,250,250,250" oya="0" hai0="68,14,18,16,93,124,95,112,54,123,64,97,122" hai1="0,91,11,133,119,128,89,76,87,37,121,106,81" hai2="116,83,8,45,62,51,4,25,130,94,38,23,6" hai3="30,39,48,55,117,84,63,9,50,85,47,15,1"/><T109/><D112/><U27/><E37/><V110/><F38/><W44/><G117/><T36/><D124/><U125/><E0/><V59/><F130/><W101/><G39/><T118/><D118/><U80/><E11/><V134/><F134/><W69/><G1/><T107/><D109/><U72/><E27/><V33/><F33/><W135/><G135/><T7/><D107/><U100/><E119/><V26/><F26/><W13/><G101/><T75/><D75/><U79/><E128/><V35/><F35/><W60/><G30/><T29/><D29/><U43/><E43/><V96/><F83/><W58/><G69/><T57/><D7/><U126/><E121/><V22/><F23/><W20/><G20/><T71/><D36/><U28/><E28/><N who="2" m="17463" /><F8/><W17/><G15/><T61/><D71/><U90/><E133/><V65/><F110/><W74/><G74/><T113/><D113/><U31/><E31/><V52/><F116/><W73/><G73/><T131/><D131/><U88/><E79/><V12/><F12/><W56/><G60/><T32/><D32/><U114/><E114/><V108/><F108/><W129/><G129/><T19/><D14/><U49/><E49/><V120/><F120/><W111/><G111/><T92/><REACH who="0" step="1"/><D97/><AGARI ba="0,0" hai="72,76,80,81,87,88,89,90,91,97,100,106,125,126" machi="97" ten="40,8000,1" yaku="34,3,54,1" doraHai="24" who="1" fromWho="0" sc="250,-80,250,80,250,0,250,0" /><INIT seed="1,0,0,1,5,67" ten="170,330,250,250" oya="1" hai0="134,2,64,129,81,119,78,125,123,108,135,70,122" hai1="28,62,6,61,22,45,7,100,10,71,39,49,36" hai2="38,50,11,37,29,92,124,97,121,46,115,105,42" hai3="93,52,65,30,19,118,53,99,3,73,26,95,60"/><U132/><E100/><V85/><F121/><N who="0" m="46090" /><D2/><U34/><E34/><V13/><F124/><W1/><G73/><N who="0" m="43215" /><D119/><U109/><E132/><N who="0" m="50729" /><D125/><U86/><E28/><V55/><F115/><W4/><G118/><T41/><D41/><U21/><E49/><V112/><F112/><W133/><G133/><T31/><D31/><U51/><E51/><V82/><F29/><W75/><G1/><T101/><D101/><U98/><E45/><V113/><F113/><W96/><G3/><T40/><D40/><U88/><E39/><V58/><F38/><W54/><G30/><T16/><D16/><U116/><E36/><V126/><F126/><W59/><G4/><T84/><D84/><U114/><E86/><V5/><F37/><W130/><G75/><T25/><D25/><U47/><E6/><V32/><F32/><W106/><G19/><T63/><D129/><U14/><E7/><V90/><F42/><W69/><G26/><T128/><D128/><U23/><E116/><V43/><F43/><W17/><G17/><T87/><D87/><U111/><E14/><V127/><F127/><W102/><G130/><T72/><D72/><U120/><E120/><V27/><F27/><W56/><G106/><T57/><D108/><U33/><E111/><V103/><REACH who="2" step="1"/><F46/><REACH who="2" ten="170,330,240,250" step="2"/><W79/><REACH who="3" step="1"/><G79/><REACH who="3" ten="170,330,240,240" step="2"/><T83/><D83/><AGARI ba="0,2" hai="5,11,13,50,55,58,82,83,85,90,92,97,103,105" machi="83" ten="40,5200,0" yaku="1,1,2,1,53,1" doraHai="67" doraHaiUra="0" who="2" fromWho="0" sc="170,-52,330,0,240,72,240,0" /><INIT seed="2,0,0,4,0,72" ten="118,330,312,240" oya="2" hai0="20,129,43,73,41,55,5,50,69,121,100,53,88" hai1="46,109,67,106,82,85,63,103,22,120,12,89,133" hai2="16,113,57,107,114,0,117,36,130,3,4,123,47" hai3="44,64,38,23,92,128,102,42,52,126,124,125,37"/><V8/><F107/><W101/><G128/><T9/><D121/><U93/><E109/><V32/><F57/><W39/><G64/><T96/><D69/><U115/><E115/><V108/><F47/><W75/><G75/><T84/><D73/><U54/><E133/><V10/><F36/><W7/><G7/><T99/><D20/><U78/><E120/><V1/><F123/><W118/><G118/><T24/><D24/><U116/><E116/><V2/><F117/><W60/><G23/><T14/><D129/><U77/><E106/><V45/><F45/><W58/><REACH who="3" step="1"/><G92/><REACH who="3" ten="118,330,312,230" step="2"/><N who="0" m="58471" /><D96/><U111/><E67/><V31/><F130/><W86/><G86/><T74/><D74/><U132/><E85/><V68/><F68/><W135/><G135/><T90/><D90/><U104/><E89/><V29/><F108/><W17/><G17/><T59/><D53/><U21/><E54/><V11/><F11/><W61/><G61/><T62/><D62/><U48/><E63/><V91/><F91/><W27/><G27/><T83/><AGARI ba="0,1" hai="5,9,14,41,43,50,55,59,83,84,88" m="58471" machi="83" ten="30,2000,0" yaku="8,1,54,1" doraHai="72" who="0" fromWho="0" sc="118,30,330,-5,312,-10,230,-5" /><INIT seed="3,0,0,0,1,23" ten="148,325,302,225" oya="3" hai0="42,80,114,41,105,122,76,43,37,101,11,127,39" hai1="135,119,106,36,20,48,117,12,18,46,62,54,88" hai2="1,103,53,51,29,129,57,85,8,73,19,38,34" hai3="7,77,126,133,96,21,75,109,71,33,94,14,69"/><W70/><G33/><T0/><D122/><U84/><E106/><V86/><F73/><W47/><G133/><T56/><D127/><U25/><E135/><V108/><F38/><W72/><G126/><T61/><D114/><U30/><E62/><V4/><F129/><W89/><G109/><T112/><D112/><U79/><E79/><V130/><F130/><W10/><G77/><T13/><D0/><U50/><E50/><V32/><F108/><W78/><G78/><T35/><D35/><U87/><E36/><V113/><F113/><W91/><G47/><T116/><D116/><N who="1" m="44619" /><E88/><V134/><F134/><W59/><G59/><T74/><D101/><U111/><E111/><V28/><F103/><W104/><G104/><T3/><D105/><U64/><E64/><V99/><F99/><W55/><G55/><T26/><D3/><U52/><E54/><V66/><F66/><W124/><G124/><T15/><D39/><U40/><E40/><V65/><F65/><W118/><G118/><T100/><D100/><U5/><E5/><V67/><F67/><W95/><REACH who="3" step="1"/><G21/><AGARI ba="0,0" hai="12,18,20,21,25,30,46,48,52,84,87" m="44619" machi="21" ten="30,3900,0" yaku="12,1,52,1,54,1" doraHai="23" who="1" fromWho="3" sc="148,0,325,39,302,0,225,-39" /><INIT seed="4,0,0,2,1,81" ten="148,364,302,186" oya="0" hai0="129,7,84,90,86,46,131,127,20,128,115,45,25" hai1="106,68,63,5,49,26,40,104,125,117,9,111,73" hai2="88,83,62,91,130,85,69,56,70,107,124,41,94" hai3="133,44,21,102,1,17,66,132,52,82,4,75,98"/><T50/><D115/><U39/><E111/><V100/><F130/><W54/><G66/><T105/><D105/><U95/><E117/><V59/><F124/><W67/><G67/><T87/><D127/><U12/><E73/><V96/><F41/><W32/><G32/><T24/><D7/><U23/><E39/><V110/><F110/><W76/><G4/><T6/><D6/><U43/><E68/><V99/><F56/><W101/><G1/><T53/><D45/><U0/><E63/><V35/><F35/><W134/><G44/><T15/><D15/><U33/><E49/><V28/><F28/><W37/><G37/><T120/><D120/><U113/><E113/><V79/><F79/><W103/><REACH who="3" step="1"/><G98/><REACH who="3" ten="148,364,302,176" step="2"/><T29/><D25/><AGARI ba="0,1" hai="17,21,25,52,54,75,76,82,101,102,103,132,133,134" machi="25" ten="50,12000,2" yaku="1,1,2,1,20,1,54,1,53,2" doraHai="81" doraHaiUra="51" who="3" fromWho="0" sc="148,-120,364,0,302,0,176,130" /><INIT seed="5,0,0,2,3,90" ten="28,364,302,306" oya="1" hai0="88,71,66,102,20,134,113,117,91,118,65,97,60" hai1="36,99,18,44,39,116,68,62,64,49,78,16,94" hai2="34,14,96,114,43,29,5,104,54,3,47,105,42" hai3="84,27,93,45,67,31,130,129,100,76,69,4,87"/><U52/><E116/><V40/><F3/><W98/><G4/><T38/><D38/><U19/><REACH who="1" step="1"/><E78/><REACH who="1" ten="28,354,302,306" step="2"/><V41/><F41/><W83/><G76/><T128/><D113/><U0/><E0/><V15/><F43/><W72/><G129/><T89/><D128/><U85/><E85/><V48/><F42/><W33/><G87/><T131/><D131/><U95/><E95/><V6/><F40/><W9/><G130/><T110/><D110/><U125/><E125/><V82/><F114/><W11/><G84/><T112/><D112/><U120/><E120/><V122/><F122/><W74/><G93/><T61/><D134/><U75/><E75/><V119/><F119/><W56/><G72/><T133/><D133/><U37/><E37/><V26/><F82/><W92/><G83/><T111/><D111/><U23/><E23/><V7/><REACH who="2" step="1"/><F104/><REACH who="2" ten="28,354,292,306" step="2"/><W103/><G74/><T63/><D20/><U53/><E53/><V1/><F1/><W121/><G121/><T79/><D79/><U10/><E10/><V35/><F35/><W22/><G9/><T101/><D117/><U12/><E12/><V126/><F126/><W108/><G11/><T86/><D118/><U77/><E77/><V55/><F55/><W59/><G33/><T24/><D86/><U106/><E106/><V73/><F73/><W123/><G123/><T107/><D107/><U25/><E25/><V81/><F81/><W57/><G27/><T127/><D24/><U132/><E132/><V17/><F17/><W32/><G32/><T109/><D127/><U13/><E13/><V135/><F135/><RYUUKYOKU ba="0,2" sc="28,-15,354,15,292,15,306,-15" hai1="16,18,19,36,39,44,49,52,62,64,68,94,99" hai2="5,6,7,14,15,26,29,34,47,48,54,96,105" /><INIT seed="5,1,2,2,2,74" ten="13,369,307,291" oya="1" hai0="57,7,42,131,121,124,86,116,98,66,11,72,70" hai1="43,85,56,34,64,97,9,16,93,88,12,8,6" hai2="63,36,40,49,25,50,71,17,20,55,4,68,60" hai3="133,109,127,122,82,67,130,108,96,111,35,52,112"/><U80/><E34/><V92/><F4/><W44/><G35/><T59/><D116/><U106/><E106/><V103/><F36/><W31/><G122/><T18/><D72/><U115/><E115/><V118/><F118/><W47/><G31/><T37/><D121/><U51/><E64/><V87/><F71/><W81/><G112/><T128/><D124/><U104/><E104/><V65/><F40/><W113/><G113/><T33/><D33/><U119/><E119/><V3/><F3/><W84/><G127/><T58/><D18/><U76/><E56/><V135/><F135/><W102/><G67/><T27/><D27/><U134/><E134/><V61/><F50/><W0/><G0/><T21/><D21/><N who="1" m="11399" /><E6/><V101/><F68/><W90/><G133/><T95/><D70/><U53/><E53/><V10/><F10/><W107/><G52/><T24/><D24/><U48/><E48/><V46/><F65/><W15/><G44/><AGARI ba="1,2" hai="8,9,43,44,51,76,80,85,88,93,97" m="11399" machi="44" ten="30,11600,0" yaku="8,1,52,1,54,2" doraHai="74" who="1" fromWho="3" sc="13,0,369,139,307,0,291,-119" /><INIT seed="5,2,0,5,2,49" ten="13,508,307,172" oya="1" hai0="75,11,96,7,55,57,108,74,30,26,28,86,31" hai1="62,110,107,45,5,22,40,89,25,14,32,125,1" hai2="103,135,3,77,58,124,70,67,4,48,36,6,118" hai3="93,130,47,115,35,100,8,44,53,112,72,73,94"/><U88/><E107/><V60/><F118/><W131/><G8/><T33/><D108/><U114/><E114/><V69/><F36/><W17/><G17/><T87/><D96/><U128/><E125/><V2/><F124/><W133/><G100/><T71/><D71/><U61/><E128/><V16/><F135/><W134/><G35/><T85/><D74/><U34/><E34/><V116/><F116/><W111/><REACH who="3" step="1"/><G53/><REACH who="3" ten="13,508,307,162" step="2"/><T38/><D75/><U23/><E32/><V97/><F16/><W56/><G56/><T92/><D38/><U132/><E45/><V66/><F58/><W39/><G39/><T20/><D33/><U101/><E101/><V21/><F103/><W12/><G12/><T13/><REACH who="0" step="1"/><D92/><REACH who="0" ten="3,508,307,162" step="2"/><U106/><E106/><V120/><F69/><W51/><G51/><AGARI ba="2,2" hai="7,11,13,20,26,28,30,31,51,55,57,85,86,87" machi="51" ten="40,8000,1" yaku="1,1,2,1,8,1,52,1,53,0" doraHai="49" doraHaiUra="41" who="0" fromWho="3" sc="3,106,508,0,307,0,162,-86" /><INIT seed="6,0,0,1,3,32" ten="109,508,307,76" oya="2" hai0="17,13,75,89,53,27,116,43,78,42,106,44,113" hai1="25,88,119,34,36,70,122,50,100,73,130,18,111" hai2="104,109,102,86,10,20,85,12,55,112,2,98,22" hai3="101,108,28,117,121,127,69,58,9,47,66,110,51"/><V91/><F112/><W129/><G69/><T90/><D106/><U97/><E36/><V93/><F109/><W92/><G117/><T125/><D113/><U83/><E119/><V11/><F55/><W105/><G121/><T52/><D116/><U7/><E7/><V84/><F11/><W24/><G105/><T16/><D125/><U120/><E70/><V65/><F65/><W49/><G127/><T41/><D78/><U114/><E130/><V64/><F64/><W15/><G129/><T21/><D75/><U35/><E111/><V19/><F2/><W95/><G66/><T5/><D5/><U87/><E73/><V81/><F86/><W63/><G63/><T115/><D115/><U31/><E50/><V72/><REACH who="2" step="1"/><F85/><REACH who="2" ten="109,508,297,76" step="2"/><W46/><G108/><T26/><D53/><U67/><E67/><V29/><F29/><W38/><G110/><T54/><D54/><U60/><E114/><V134/><F134/><W74/><G28/><T99/><D52/><U77/><E31/><V61/><F61/><W59/><G74/><T3/><D3/><U123/><E60/><V128/><F128/><W33/><G9/><T0/><D0/><U126/><E126/><V56/><F56/><W30/><G30/><T131/><D131/><U82/><E34/><V94/><F94/><W62/><G33/><T45/><D42/><U80/><E35/><V57/><F57/><W48/><G62/><T40/><D43/><U107/><E77/><AGARI ba="0,1" hai="10,12,19,20,22,72,77,81,84,91,93,98,102,104" machi="77" ten="40,7700,0" yaku="1,1,24,2,53,0" doraHai="32" doraHaiUra="1" who="2" fromWho="1" sc="109,0,508,-77,297,87,76,0" /><INIT seed="6,1,0,3,1,92" ten="109,431,384,76" oya="2" hai0="38,133,27,70,30,122,72,73,51,111,29,3,120" hai1="68,44,130,5,82,80,121,50,76,126,91,31,26" hai2="0,69,63,100,41,95,40,99,128,11,132,37,85" hai3="6,39,90,42,87,12,98,117,36,135,81,8,17"/><V125/><F128/><W10/><G117/><T15/><D111/><U65/><E130/><V78/><F132/><W86/><G135/><T123/><D3/><U115/><E115/><V62/><F125/><W22/><G42/><T48/><D133/><U110/><E110/><V94/><F37/><W118/><G118/><T93/><D38/><U77/><E126/><V124/><F124/><W18/><G87/><T45/><D70/><U47/><E5/><V34/><F34/><W79/><G79/><T56/><D15/><U46/><E65/><V2/><F2/><W24/><REACH who="3" step="1"/><G98/><REACH who="3" ten="109,431,384,66" step="2"/><T19/><D72/><U131/><E76/><V20/><F41/><W28/><G28/><T13/><D73/><U116/><E77/><V89/><F40/><W55/><G55/><N who="0" m="31871" /><D123/><U113/><E31/><V14/><F78/><W71/><G71/><T21/><D122/><U109/><E68/><V88/><F69/><W32/><G32/><T107/><D120/><U67/><E116/><V53/><F53/><W127/><G127/><T104/><D30/><U106/><E121/><V75/><F75/><W33/><G33/><T64/><D29/><U66/><E66/><V60/><F100/><W114/><G114/><T35/><D64/><U96/><E67/><V9/><F0/><AGARI ba="1,1" hai="0,6,8,10,12,17,18,22,24,36,39,81,86,90" machi="0" ten="30,7700,0" yaku="1,1,7,1,53,2" doraHai="92" doraHaiUra="7" who="3" fromWho="2" sc="109,0,431,0,384,-80,66,90" /><INIT seed="7,0,0,5,4,90" ten="109,431,304,156" oya="3" hai0="104,16,27,31,19,85,17,35,105,29,82,88,55" hai1="91,121,25,45,67,18,129,46,65,118,94,80,34" hai2="21,62,79,11,23,133,120,39,123,97,98,53,84" hai3="132,38,108,100,47,95,8,30,110,61,5,126,89"/><W81/><G30/><T77/><D31/><U3/><E3/><V135/><F39/><W75/><G100/><T37/><D37/><U99/><E121/><V26/><F62/><W74/><G61/><T9/><D55/><U66/><E34/><V42/><F42/><W56/><G56/><T101/><D101/><U117/><E80/><V72/><F53/><W102/><G81/><T116/><D116/><U41/><E129/><V128/><F128/><W106/><G102/><T54/><D54/><U109/><E109/><V63/><F63/><W13/><G38/><T86/><D9/><U7/><E7/><V14/><F11/><W48/><G5/><T43/><D43/><U64/><E64/><V96/><F14/><W12/><G12/><T92/><AGARI ba="0,0" hai="16,17,19,27,29,35,77,82,85,86,88,92,104,105" machi="92" ten="30,7900,0" yaku="0,1,52,1,54,2" doraHai="90" who="0" fromWho="0" sc="109,79,431,-20,304,-20,156,-39" owari="188,-21.0,411,51.0,284,8.0,117,-38.0" /></mjloggm>