<mjloggm ver="2.3"><GO type="169" lobby="0"/><UN n0="%E3%81%BE%E3%81%93%E3%81%95%E3%81%A8%76%65%72%32" n1="%E3%82%A4%E3%82%AB%E5%A8%98" n2="%67%61%72%75%63%69%61" n3="%E3%83%88%E3%83%88%E3%83%AA%E5%85%88%E7%94%9F%31%39%E6%AD%B3" dan="16,16,16,19" rate="2190.59,2064.69,2139.87,2283.91" sx="M,F,M,F"/><TAIKYOKU oya="0"/><INIT seed="0,0,0,3,1,77" ten="250,250,250,250" oya="0" hai0="10,68,102,118,8,44,53,19,27,25,66,97,49" hai1="28,58,81,95,99,47,133,16,65,48,35,125,1" hai2="54,37,91,88,2,29,103,126,61,73,86,85,74" hai3="33,135,0,7,117,115,113,132,109,51,87,105,71"/><T108/><D118/><U128/><E1/><V59/><F37/><W100/><G117/><T6/><D108/><U63/><E125/><V24/><F2/><W130/><G71/><T60/><D19/><U90/><E128/><V89/><F103/><W43/><G33/><T55/><D55/><U14/><E133/><N who="3" m="51274" /><G43/><T4/><D10/><N who="1" m="6231" /><E35/><V30/><F126/><W131/><G51/><T110/><D4/><U76/><E28/><V93/><F30/><W64/><G64/><T46/><D46/><U80/><E76/><V116/><F116/><W70/><G70/><T3/><REACH who="0" step="1"/><D110/><REACH who="0" ten="240,250,250,250" step="2"/><U34/><E34/><V11/><F73/><W31/><G7/><T129/><D129/><N who="3" m="49161" /><G31/><T96/><D96/><U84/><E99/><V104/><F74/><W127/><G109/><T20/><D20/><U134/><E134/><V32/><F11/><W119/><G119/><T38/><D38/><U23/><E23/><V52/><F54/><AGARI ba="0,1" hai="47,48,54,58,63,65,80,81,84,90,95" m="6231" machi="54" ten="30,7700,0" yaku="8,1,52,2,54,1" doraHai="77" who="1" fromWho="2" sc="240,0,250,87,250,-77,250,0" /><INIT seed="1,0,0,2,2,36" ten="240,337,173,250" oya="1" hai0="69,85,45,93,111,35,1,51,7,15,10,128,11" hai1="83,124,0,70,34,4,120,117,110,55,108,84,19" hai2="98,26,125,24,114,38,103,22,116,61,73,42,105" hai3="78,30,54,31,76,9,109,89,6,91,88,44,126"/><U68/><E117/><V17/><F116/><W80/><G109/><N who="1" m="42090" /><E120/><V112/><F73/><W23/><G126/><T49/><D69/><U65/><E34/><V3/><F3/><W107/><G107/><T100/><D35/><U50/><E124/><V96/><F125/><W47/><G23/><T66/><D66/><U135/><E65/><V62/><F98/><W21/><G78/><T16/><D111/><U52/><E135/><V130/><F130/><W119/><G119/><T28/><D28/><U75/><E75/><V127/><F127/><W13/><G21/><T121/><D128/><U95/><E95/><V79/><F79/><W37/><G47/><T118/><D121/><U82/><E19/><V133/><F133/><W64/><G64/><T71/><D71/><N who="1" m="27179" /><E84/><V102/><F102/><W2/><G31/><T67/><D67/><U29/><E29/><V123/><F123/><W59/><G30/><T41/><D118/><U94/><E94/><V39/><F26/><W57/><G80/><N who="1" m="30762" /><E50/><V40/><F38/><W132/><G76/><T134/><D134/><U14/><E14/><V101/><F39/><W5/><G132/><T32/><D32/><U129/><E129/><V104/><F104/><W18/><G37/><T48/><REACH who="0" step="1"/><D85/><REACH who="0" ten="230,337,173,250" step="2"/><U27/><E27/><V12/><F24/><W90/><N who="3" m="22528" /><DORA hai="43" /><W92/><G92/><T131/><D131/><U99/><E99/><AGARI ba="0,1" hai="1,7,10,11,15,16,41,45,48,49,51,93,99,100" machi="99" ten="40,12000,2" yaku="1,1,52,2,54,1,53,3" doraHai="36,43" doraHaiUra="113,46" who="0" fromWho="1" sc="230,130,337,-120,173,0,250,0" /><INIT seed="2,0,0,1,2,132" ten="360,217,173,250" oya="2" hai0="72,20,57,131,95,65,90,40,91,41,87,83,27" hai1="109,107,23,86,42,43,8,100,126,94,55,106,60" hai2="45,133,85,44,99,62,75,127,84,92,120,7,56" hai3="59,37,26,6,135,114,111,36,134,15,49,122,67"/><V31/><F75/><W34/><G122/><T17/><D131/><U61/><E109/><V123/><F133/><N who="3" m="50699" /><G111/><T115/><D115/><U74/><E74/><V16/><F7/><W47/><G114/><T64/><D72/><U52/><E8/><V128/><F128/><W13/><G59/><T116/><D116/><U48/><E23/><V105/><F31/><N who="3" m="19831" /><G67/><N who="0" m="25675" /><D57/><U98/><E48/><V97/><F105/><W30/><G30/><T80/><D80/><U24/><E106/><V4/><F4/><W9/><G13/><T54/><D54/><AGARI ba="0,0" hai="6,9,15,36,37,47,49,54" m="19831,50699" machi="54" ten="30,1000,0" yaku="20,1" doraHai="132" who="3" fromWho="0" sc="360,-10,217,0,173,0,250,10" /><INIT seed="3,0,0,0,1,96" ten="350,217,173,260" oya="3" hai0="15,72,34,28,57,13,130,104,119,22,16,131,60" hai1="58,116,56,61,80,62,134,71,97,29,30,26,81" hai2="135,50,37,106,70,100,84,114,23,133,63,78,36" hai3="132,118,98,129,92,87,0,77,94,121,120,126,48"/><W4/><G0/><T102/><D72/><U9/><E134/><N who="2" m="51211" /><F114/><W117/><G132/><T122/><D119/><N who="3" m="45577" /><G4/><T83/><D122/><N who="3" m="47209" /><G48/><T17/><D83/><U51/><E71/><V27/><F50/><W75/><G129/><N who="0" m="49163" /><D34/><U20/><E116/><V21/><F21/><W74/><G126/><T12/><D28/><U6/><E97/><N who="2" m="61711" /><F70/><W35/><G35/><T66/><D17/><U47/><E30/><N who="2" m="17791" /><F63/><W43/><G43/><T111/><D111/><U64/><E9/><V59/><F59/><W42/><G42/><T11/><D11/><U67/><REACH who="1" step="1"/><E6/><REACH who="1" ten="350,207,173,260" step="2"/><V41/><F41/><AGARI ba="0,1" hai="20,26,29,41,47,51,56,58,61,62,64,67,80,81" machi="41" ten="30,8000,1" yaku="1,1,2,1,7,1,9,1,8,1,53,0" doraHai="96" doraHaiUra="125" who="1" fromWho="2" sc="350,0,207,90,173,-80,260,0" /><INIT seed="4,0,0,3,3,59" ten="350,297,93,260" oya="0" hai0="10,131,70,113,22,102,112,49,120,6,53,130,86" hai1="80,135,43,2,88,30,83,32,73,63,60,27,116" hai2="124,72,122,90,21,54,15,75,40,61,14,104,18" hai3="126,36,134,52,117,109,56,28,92,121,55,87,26"/><T79/><D102/><U23/><E116/><V57/><F104/><W96/><G117/><T132/><D120/><U123/><E123/><V105/><F122/><W128/><G121/><T78/><D132/><U11/><E135/><V89/><F105/><W84/><G36/><T38/><D38/><U35/><E43/><V51/><F124/><W115/><G134/><T98/><D98/><U100/><E100/><V44/><F72/><W129/><G126/><T9/><D22/><U48/><E48/><V19/><REACH who="2" step="1"/><F75/><REACH who="2" ten="350,297,83,260" step="2"/><W31/><G129/><T16/><D131/><U67/><E73/><V118/><F118/><W50/><G128/><T133/><D130/><U64/><E32/><V107/><F107/><W101/><G109/><T94/><D133/><U42/><E35/><V119/><F119/><W108/><G108/><T81/><D113/><U3/><E3/><V97/><F97/><W95/><G115/><T17/><D112/><U110/><E2/><V45/><F45/><W77/><G84/><T12/><D79/><U34/><E34/><V106/><F106/><W125/><G125/><T69/><D94/><U0/><E0/><V85/><F85/><W114/><G114/><T62/><D86/><U76/><E110/><V47/><F47/><N who="3" m="27743" /><G92/><T99/><D99/><U93/><E93/><V103/><F103/><W20/><G87/><T46/><D78/><U39/><E76/><V13/><F13/><W29/><G77/><T58/><D81/><U65/><E80/><V71/><F71/><W74/><G74/><T68/><D9/><AGARI ba="0,1" hai="9,14,15,18,19,21,40,44,51,54,57,61,89,90" machi="9" ten="30,7700,0" yaku="1,1,7,1,8,1,52,1,53,0" doraHai="59" doraHaiUra="25" who="2" fromWho="0" sc="350,-77,297,0,83,87,260,0" /><INIT seed="5,0,0,2,4,41" ten="273,297,170,260" oya="1" hai0="33,31,98,134,52,115,104,96,36,21,121,97,75" hai1="32,87,28,103,57,7,84,99,101,85,125,2,70" hai2="88,91,102,5,56,38,48,65,106,58,109,108,71" hai3="123,50,78,35,37,114,51,90,119,111,82,46,45"/><U24/><E125/><V9/><F38/><W62/><G111/><T60/><D33/><U3/><E70/><V86/><F71/><W76/><G123/><T69/><D75/><U80/><E80/><V44/><F91/><W122/><G122/><T132/><D115/><U93/><E7/><V22/><F22/><W26/><G37/><T16/><D31/><U0/><REACH who="1" step="1"/><E57/><REACH who="1" ten="273,287,170,260" step="2"/><V15/><F58/><W49/><G114/><T128/><D121/><U53/><E53/><V8/><F109/><W34/><G82/><T117/><D117/><U110/><E110/><V39/><F108/><W17/><G119/><T107/><D69/><U10/><E10/><V1/><F56/><W95/><G78/><T116/><D116/><U59/><E59/><V124/><F124/><W135/><G76/><T67/><D67/><U72/><E72/><V81/><F65/><W83/><G83/><T130/><D60/><U73/><E73/><V27/><F81/><W100/><G62/><T47/><D107/><U18/><E18/><V20/><F9/><W19/><G19/><T30/><D104/><U105/><E105/><V127/><F106/><W68/><G17/><T55/><D30/><U23/><E23/><V92/><F5/><W94/><G68/><T120/><D120/><U6/><E6/><V54/><F20/><W112/><G112/><T131/><D21/><U4/><E4/><V43/><F8/><W74/><G74/><T12/><D16/><U42/><E42/><V61/><F43/><W63/><G63/><T133/><D12/><U11/><E11/><V89/><F61/><RYUUKYOKU ba="0,1" sc="273,15,287,15,170,-15,260,-15" hai0="36,47,52,55,96,97,98,128,130,131,132,133,134" hai1="0,2,3,24,28,32,84,85,87,93,99,101,103" /><INIT seed="5,1,1,3,5,65" ten="288,302,155,245" oya="1" hai0="3,62,133,128,46,86,5,99,57,134,117,16,67" hai1="40,89,101,96,131,106,123,61,19,47,70,83,17" hai2="0,84,21,15,77,28,73,105,20,114,103,35,126" hai3="122,72,69,56,127,22,119,68,29,37,59,64,63"/><U11/><E123/><V120/><F0/><W85/><G119/><T33/><D33/><U91/><E131/><V27/><F120/><W12/><G72/><T26/><D117/><U100/><E100/><V102/><F73/><W52/><G37/><T48/><D128/><U112/><E112/><V111/><F111/><W135/><G122/><T55/><D99/><U79/><E70/><V81/><F114/><W93/><G135/><N who="0" m="51723" /><D86/><U74/><E61/><V60/><F105/><W8/><G127/><T82/><D82/><U116/><E116/><V78/><F126/><W38/><G38/><T118/><D118/><U1/><E1/><V51/><F77/><W92/><G29/><T7/><D3/><U18/><REACH who="1" step="1"/><E11/><REACH who="1" ten="288,292,155,245" step="2"/><V110/><F60/><W34/><G8/><T90/><D90/><U44/><E44/><V32/><F110/><W95/><G68/><T113/><D113/><U71/><E71/><V43/><F35/><W87/><G69/><T2/><D2/><U88/><E88/><V129/><F32/><W107/><G34/><T4/><D46/><U6/><E6/><V14/><F129/><W13/><G107/><T124/><D124/><U39/><AGARI ba="1,2" hai="17,18,19,39,40,47,74,79,83,89,91,96,101,106" machi="39" ten="30,6000,0" yaku="1,1,0,1,53,1" doraHai="65" doraHaiUra="75" who="1" fromWho="1" sc="288,-21,292,83,155,-21,245,-21" /><INIT seed="5,2,0,5,5,117" ten="267,375,134,224" oya="1" hai0="110,11,114,135,115,109,18,112,83,48,29,126,40" hai1="47,76,82,12,118,9,44,101,95,67,75,91,90" hai2="63,41,57,134,105,6,51,121,49,81,97,78,133" hai3="85,43,52,4,108,106,5,89,100,0,77,61,124"/><U71/><E118/><V32/><F32/><W92/><G108/><T104/><D104/><U84/><E71/><V19/><F6/><W7/><G124/><T42/><D126/><U70/><E70/><V127/><F127/><W30/><G30/><T58/><D29/><U79/><E67/><V98/><F105/><W31/><G31/><T68/><D83/><U8/><E8/><V16/><F41/><N who="0" m="15978" /><D68/><U22/><E22/><V37/><F37/><W45/><G77/><N who="1" m="29770" /><E101/><V113/><F78/><W2/><G100/><T35/><D35/><U38/><E75/><V132/><F81/><W13/><G106/><T86/><D86/><N who="1" m="52727" /><E38/><V10/><F10/><W21/><G21/><T72/><D72/><U62/><E62/><V1/><F1/><W94/><G94/><T46/><D58/><U122/><E44/><V20/><F20/><W23/><G23/><T14/><D135/><U65/><E65/><V111/><F111/><W130/><G2/><T17/><D18/><N who="2" m="6698" /><F63/><W131/><G0/><T69/><D69/><U56/><E9/><V54/><F49/><N who="3" m="26815" /><G13/><T102/><D102/><U74/><E12/><V103/><F103/><W53/><G61/><T59/><D46/><U99/><E47/><V34/><F34/><W3/><G3/><T26/><D26/><U80/><E80/><V96/><F113/><W129/><AGARI ba="2,0" hai="4,5,7,52,53,85,89,92,129,130,131" m="26815" machi="129" ten="40,2700,0" yaku="19,1,54,1" doraHai="117" who="3" fromWho="3" sc="267,-9,375,-15,134,-9,224,33" /><INIT seed="6,0,0,4,4,28" ten="258,360,125,257" oya="2" hai0="99,47,11,111,43,38,131,78,66,60,79,132,32" hai1="17,20,135,14,40,98,129,41,134,70,55,100,10" hai2="59,8,72,1,35,121,133,2,21,24,95,93,19" hai3="52,4,71,45,114,3,64,69,62,76,88,49,15"/><V130/><F72/><W30/><G3/><T67/><D111/><U12/><E70/><V97/><F121/><W16/><G114/><T9/><D132/><N who="1" m="50731" /><E55/><V102/><F133/><W46/><G4/><T85/><D131/><U105/><E129/><V68/><F68/><W50/><G71/><T116/><D67/><U118/><E118/><V61/><F130/><W7/><G7/><AGARI ba="0,0" hai="7,10,12,14,17,20,40,41,98,100,105" m="50731" machi="7" ten="30,1000,0" yaku="20,1" doraHai="28" who="1" fromWho="3" sc="258,0,360,10,125,0,257,-10" /><INIT seed="7,0,0,3,0,73" ten="258,370,125,247" oya="3" hai0="6,18,21,86,131,5,63,79,24,112,53,25,85" hai1="108,80,76,26,10,51,27,82,100,52,59,28,87" hai2="128,55,23,125,115,70,19,50,1,65,109,49,2" hai3="4,14,126,37,42,56,92,0,48,96,64,67,88"/><W102/><G126/><T60/><D131/><U129/><E108/><V117/><F128/><W81/><G0/><T104/><D104/><U22/><E129/><V57/><F117/><W90/><G37/><T93/><D112/><U113/><E113/><V133/><F115/><W34/><G34/><T119/><D119/><U103/><E10/><V77/><F109/><W62/><G64/><T132/><D132/><U69/><E69/><V32/><F32/><W95/><G81/><N who="0" m="47295" /><D25/><U38/><E38/><V46/><F133/><W15/><G4/><N who="0" m="1643" /><D53/><U118/><E118/><V101/><F125/><W99/><G102/><T111/><D111/><U36/><E36/><V12/><F101/><W134/><G134/><T29/><D29/><U71/><E71/><V17/><F70/><W66/><G66/><T97/><D86/><N who="1" m="48391" /><E26/><V106/><F106/><W61/><G61/><T127/><D127/><U116/><E116/><V39/><F39/><W124/><G124/><T58/><D58/><U84/><E84/><V121/><F121/><W89/><G89/><AGARI ba="0,0" hai="18,21,24,60,63,89,93,97" m="1643,47295" machi="89" ten="30,2000,0" yaku="8,1,52,1" doraHai="73" who="0" fromWho="3" sc="258,20,370,0,125,0,247,-20" /><AGARI ba="0,0" hai="22,27,28,51,52,59,82,87,89,100,103" m="48391" machi="89" ten="30,3900,0" yaku="8,1,52,1,54,1" doraHai="73" who="1" fromWho="3" sc="278,0,370,39,125,0,227,-39" owari="278,8.0,409,50.0,125,-37.0,188,-21.0" /></mjloggm>