<mjloggm ver="2.3"><GO type="169" lobby="0"/><UN n0="%E3%83%84%E3%82%A4%E3%82%B9%E3%83%88" n1="%E3%82%AE%E3%82%AC%E3%83%9E%E3%82%A4%E3%83%B3" n2="%E3%82%A6%E3%83%AB%E3%83%88%E3%83%A9%E7%AB%8B%E7%9B%B4" n3="%74%61%6B%65%2D%79%6F%75" dan="16,16,17,16" rate="2021.65,2133.01,2209.49,2100.35" sx="M,M,M,F"/><TAIKYOKU oya="0"/><INIT seed="0,0,0,0,1,57" ten="250,250,250,250" oya="0" hai0="110,1,113,67,106,35,37,31,28,21,103,51,105" hai1="62,102,88,66,14,40,25,17,99,132,97,49,126" hai2="9,95,44,115,71,98,56,16,33,133,93,116,101" hai3="125,65,78,64,59,68,92,18,43,29,100,13,69"/><T120/><D120/><U5/><E132/><V2/><F33/><W86/><G125/><T47/><D113/><U6/><E126/><V46/><F71/><W36/><G29/><T23/><D37/><U135/><E135/><V130/><F115/><W129/><G129/><T77/><D110/><U112/><E112/><V94/><F133/><W81/><G68/><T128/><D128/><U42/><E25/><V75/><F75/><W118/><G69/><T48/><D1/><U74/><E74/><V52/><F130/><W34/><G34/><T70/><D35/><U85/><E5/><V10/><F116/><W3/><G3/><T122/><D122/><U87/><E6/><V39/><F39/><W90/><G100/><T83/><D51/><U82/><E87/><V19/><F2/><W114/><G118/><T26/><D103/><U80/><E80/><V119/><F119/><W41/><G114/><T30/><D30/><U131/><E131/><V84/><F10/><N who="3" m="6455" /><G36/><T107/><D31/><U111/><E111/><V20/><F9/><W134/><G134/><T117/><D117/><U121/><E121/><V32/><F32/><W72/><G65/><T27/><D67/><U89/><E89/><N who="2" m="53415" /><F94/><W22/><G22/><T15/><D70/><U124/><E124/><V61/><F19/><W45/><G45/><T60/><D23/><N who="1" m="11703" /><E102/><V7/><F7/><W91/><G91/><T4/><D4/><U104/><E104/><V53/><F53/><W0/><G0/><T58/><D107/><U79/><E88/><V76/><F76/><W73/><G73/><N who="0" m="43439" /><D106/><U96/><E79/><RYUUKYOKU ba="0,0" sc="250,-15,250,-15,250,15,250,15" hai2="16,20,44,46,52,56,61,95,98,101" hai3="41,43,59,64,72,78,81,86,90,92" /><INIT seed="1,1,0,1,3,59" ten="235,235,265,265" oya="1" hai0="109,11,73,63,94,14,41,106,38,51,96,67,122" hai1="53,72,75,80,91,76,84,111,31,50,105,134,16" hai2="89,114,30,66,113,2,95,120,117,124,87,32,54" hai3="126,119,25,64,22,85,1,79,37,15,112,6,115"/><U121/><E121/><V69/><F2/><W20/><G37/><T28/><D122/><U56/><E134/><V26/><F120/><W0/><G85/><T9/><D38/><U48/><E105/><V68/><F117/><W40/><G79/><T78/><D106/><U5/><E111/><V135/><F135/><W39/><G40/><T90/><D109/><U92/><E31/><V44/><F124/><W77/><G77/><T10/><D28/><U130/><E130/><V83/><F95/><W60/><G39/><T36/><D36/><U88/><E5/><V108/><F108/><W49/><G49/><T107/><D107/><U27/><E75/><V8/><F8/><N who="3" m="4503" /><G60/><T118/><D118/><U133/><E133/><V18/><F54/><W123/><G64/><T82/><D51/><U97/><E50/><V125/><F44/><W29/><G119/><T43/><REACH who="0" step="1"/><D14/><REACH who="0" ten="225,235,265,265" step="2"/><U7/><E48/><V42/><F42/><W57/><G123/><T61/><D61/><U58/><E53/><V131/><F131/><W46/><G0/><T98/><D98/><U128/><E128/><V116/><F116/><W86/><G1/><T3/><D3/><U93/><REACH who="1" step="1"/><E7/><REACH who="1" ten="225,225,265,265" step="2"/><V127/><F127/><W103/><G29/><T21/><D21/><AGARI ba="1,2" hai="16,21,27,56,58,72,76,80,84,88,91,92,93,97" machi="21" ten="40,12000,1" yaku="1,1,2,1,54,2,53,0" doraHai="59" doraHaiUra="110" who="1" fromWho="0" sc="225,-123,225,143,265,0,265,0" /><INIT seed="1,2,0,5,5,134" ten="102,368,265,265" oya="1" hai0="9,15,0,106,130,135,49,123,105,66,68,26,79" hai1="127,20,21,121,102,10,124,120,133,38,107,119,52" hai2="58,60,86,29,27,74,43,84,40,110,70,99,18" hai3="122,22,48,47,108,117,88,80,35,95,16,100,116"/><U41/><E119/><N who="3" m="45642" /><G35/><T57/><D135/><U92/><E133/><V23/><F70/><W19/><G122/><T64/><D123/><U76/><E107/><V81/><F110/><W115/><G115/><T129/><D0/><U132/><E132/><V112/><F112/><W39/><G39/><T97/><D68/><U51/><E76/><V93/><F74/><W1/><G1/><T42/><D106/><U44/><E121/><V6/><F6/><W63/><G63/><T54/><D42/><U78/><E120/><V89/><F86/><N who="3" m="50247" /><G108/><T36/><D36/><U113/><E113/><V126/><F126/><N who="1" m="48169" /><E78/><V56/><F56/><W111/><G111/><T128/><D79/><U131/><E131/><V4/><F4/><W28/><G28/><T31/><D31/><U50/><E10/><V59/><F59/><W67/><G67/><N who="0" m="25643" /><D9/><U85/><E38/><V24/><F29/><W2/><G2/><T72/><D130/><U65/><E65/><N who="2" m="39063" /><F27/><W118/><G22/><T17/><D129/><U73/><E73/><V69/><F69/><W25/><G25/><T109/><D72/><U87/><E21/><V14/><F24/><W101/><G118/><T55/><D26/><U103/><E20/><V3/><F3/><W30/><G30/><T11/><D128/><U71/><E71/><V13/><F13/><W104/><G104/><T8/><D109/><U94/><E51/><V83/><F23/><W125/><G125/><T46/><D8/><U37/><E37/><V98/><F14/><W91/><G48/><N who="0" m="30951" /><D105/><U53/><E50/><V77/><F77/><W62/><G62/><RYUUKYOKU ba="2,0" sc="102,30,368,-10,265,-10,265,-10" hai0="11,15,17,46,49,54,97" /><INIT seed="2,3,0,0,0,85" ten="132,358,255,255" oya="2" hai0="30,95,63,82,111,124,133,40,127,19,130,122,49" hai1="131,64,71,17,6,80,14,92,47,99,25,94,102" hai2="46,11,125,110,37,18,75,66,108,118,9,77,101" hai3="54,28,24,107,48,121,55,103,13,93,26,8,70"/><V88/><F118/><W3/><G107/><T98/><D122/><U87/><E131/><V69/><F101/><W20/><G70/><T2/><D130/><U45/><E6/><V119/><F119/><W62/><G121/><T135/><D111/><N who="2" m="42538" /><F125/><N who="0" m="48202" /><D2/><U126/><E126/><V4/><F77/><W83/><G3/><T128/><D128/><U52/><E25/><V129/><F75/><W120/><G120/><T90/><D30/><U86/><E92/><V104/><F104/><W116/><G116/><T31/><D31/><U57/><E86/><V112/><F112/><W72/><G26/><T117/><D117/><U60/><E87/><V89/><F129/><W27/><G27/><T0/><D0/><U74/><E74/><V33/><F33/><W105/><G105/><T134/><D82/><U7/><E80/><V39/><F18/><N who="3" m="8487" /><G72/><T115/><D115/><U100/><E100/><V123/><F123/><W53/><G83/><T15/><D19/><U23/><REACH who="1" step="1"/><E7/><REACH who="1" ten="132,348,255,255" step="2"/><V43/><F4/><W58/><G103/><T16/><D135/><U67/><E67/><V81/><F81/><W38/><G93/><T35/><D134/><U109/><E109/><V96/><F96/><W51/><G38/><T50/><D133/><U1/><E1/><V41/><F66/><AGARI ba="3,1" hai="20,24,28,48,51,53,54,55,58,62,66" m="8487" machi="66" ten="30,1000,0" yaku="8,1" doraHai="85" who="3" fromWho="2" sc="132,0,348,0,255,-19,255,29" /><INIT seed="3,0,0,5,1,78" ten="132,348,236,284" oya="3" hai0="47,52,35,11,131,34,39,107,70,109,65,60,28" hai1="37,134,58,13,6,84,117,55,93,104,22,121,95" hai2="92,24,48,76,50,69,72,127,110,41,106,96,116" hai3="20,36,51,18,122,97,88,16,4,101,133,71,114"/><W54/><G36/><T135/><D109/><U25/><E121/><V75/><F69/><W8/><G71/><T5/><D131/><U59/><E104/><V103/><F116/><W119/><G114/><T64/><D135/><U108/><E37/><V61/><F110/><W128/><G122/><T62/><D107/><U111/><E134/><V118/><F118/><W63/><G119/><T120/><D120/><U113/><E113/><V89/><F127/><W1/><G128/><T112/><D112/><U66/><E117/><V46/><F61/><W29/><G63/><T23/><D39/><U56/><E66/><V26/><F50/><W9/><G133/><T125/><D125/><U40/><E40/><V68/><F68/><W81/><G29/><T94/><D94/><N who="1" m="35851" /><E84/><V42/><F42/><W82/><G9/><T100/><D100/><U79/><E79/><V53/><F41/><W98/><G88/><T115/><D115/><U43/><E43/><V32/><F32/><W83/><G101/><T123/><D123/><U90/><E90/><V2/><F2/><W126/><G126/><T105/><D105/><U38/><E38/><V99/><REACH who="2" step="1"/><F75/><REACH who="2" ten="132,348,226,284" step="2"/><W15/><REACH who="3" step="1"/><G18/><REACH who="3" ten="132,348,226,274" step="2"/><T10/><D70/><U17/><E111/><V57/><F57/><AGARI ba="0,2" hai="1,4,8,15,16,20,51,54,57,81,82,83,97,98" machi="57" ten="40,18000,2" yaku="1,1,2,1,52,3,54,1,53,1" doraHai="78" doraHaiUra="19" who="3" fromWho="2" sc="132,0,348,0,226,-180,274,200" /><INIT seed="3,1,0,3,2,25" ten="132,348,46,474" oya="3" hai0="44,9,35,23,66,121,39,18,81,117,68,28,47" hai1="99,60,4,103,32,93,100,88,106,1,54,15,63" hai2="42,56,55,109,130,102,62,59,79,52,78,97,104" hai3="21,94,98,27,58,107,19,41,3,17,5,6,43"/><W61/><G107/><T134/><D117/><U133/><E1/><V16/><F109/><W8/><G19/><T53/><D121/><U86/><E133/><V129/><F42/><W70/><G70/><T101/><D134/><U29/><E103/><V96/><F16/><W105/><G105/><T64/><D68/><U57/><E63/><V40/><F40/><N who="3" m="15435" /><G8/><T127/><D39/><U22/><E32/><V111/><F111/><W89/><G3/><T49/><D127/><U10/><REACH who="1" step="1"/><E22/><REACH who="1" ten="132,338,46,474" step="2"/><V90/><F130/><W126/><G126/><T69/><D35/><U131/><E131/><V2/><F2/><W31/><G17/><T30/><D101/><U80/><E80/><V67/><F129/><W92/><G92/><T24/><D81/><U124/><E124/><V115/><F115/><W20/><G20/><T135/><D135/><U119/><E119/><V120/><F120/><W85/><G6/><T45/><D9/><U113/><E113/><V83/><F67/><N who="0" m="25642" /><D69/><U7/><E7/><V123/><F123/><W51/><G61/><T118/><D118/><U12/><E12/><V46/><F62/><W87/><G5/><T36/><D36/><U71/><E71/><V37/><F83/><W76/><G21/><T38/><D38/><U132/><E132/><V128/><F37/><W82/><G82/><T110/><D110/><U34/><E34/><V0/><F0/><W95/><G95/><T108/><D108/><U73/><E73/><V11/><F128/><W84/><G94/><T116/><D116/><U14/><E14/><V114/><F114/><W50/><G50/><RYUUKYOKU ba="1,1" sc="132,15,338,15,46,-15,474,-15" hai0="18,23,24,28,30,44,45,47,49,53" hai1="4,10,15,29,54,57,60,86,88,93,99,100,106" /><INIT seed="4,2,1,3,4,134" ten="147,353,31,459" oya="0" hai0="114,131,68,110,19,31,4,11,96,101,103,109,38" hai1="117,49,118,77,22,127,115,124,40,21,129,50,41" hai2="23,93,24,13,67,100,52,12,91,2,60,18,54" hai3="3,82,128,48,53,76,130,9,80,106,133,66,84"/><T0/><D114/><U46/><E77/><V69/><F2/><W78/><G106/><T10/><D131/><N who="3" m="50217" /><G66/><T16/><D68/><U132/><E129/><V120/><F120/><W125/><G133/><T1/><D38/><U32/><E32/><V47/><F100/><W111/><G111/><N who="0" m="42507" /><D31/><U105/><E132/><V95/><F95/><W44/><G125/><N who="1" m="48202" /><E105/><V88/><F91/><N who="3" m="51591" /><G82/><T20/><D96/><U72/><E72/><V30/><F47/><W107/><G107/><T59/><D103/><U7/><E115/><V26/><F13/><W43/><G43/><N who="1" m="16458" /><E7/><AGARI ba="2,1" hai="3,7,9,44,48,53,76,78" m="51591,50217" machi="7" ten="30,1000,0" yaku="19,1" doraHai="134" who="3" fromWho="1" sc="147,0,353,-16,31,0,459,26" /><INIT seed="5,0,0,4,3,7" ten="147,337,31,485" oya="1" hai0="52,55,28,92,32,67,49,11,50,23,114,45,98" hai1="42,21,27,6,124,103,4,110,26,51,0,30,83" hai2="17,29,16,89,73,76,94,53,77,34,80,33,18" hai3="62,95,96,105,13,64,115,129,44,113,84,121,71"/><U132/><E124/><V70/><F70/><W2/><G2/><T101/><D32/><U119/><E119/><V75/><F29/><W61/><G121/><T106/><D114/><N who="3" m="43529" /><G105/><T5/><D67/><U135/><E110/><V108/><F108/><W72/><G72/><T39/><D39/><U14/><E0/><V111/><F111/><W69/><G84/><T93/><D23/><N who="1" m="15711" /><E103/><V130/><F130/><W126/><G129/><T56/><REACH who="0" step="1"/><D28/><REACH who="0" ten="137,337,31,485" step="2"/><U102/><E21/><V25/><F25/><W81/><G64/><T1/><AGARI ba="0,1" hai="1,5,11,45,49,50,52,55,56,92,93,98,101,106" machi="1" ten="20,12000,2" yaku="1,1,2,1,0,1,7,1,52,1,54,1,53,0" doraHai="7" doraHaiUra="131" who="0" fromWho="0" sc="137,130,337,-60,31,-30,485,-30" /><INIT seed="6,0,0,1,0,131" ten="267,277,1,455" oya="2" hai0="126,132,28,36,130,13,48,116,118,53,39,15,119" hai1="101,120,10,62,52,16,98,76,87,7,103,61,88" hai2="89,60,41,43,66,127,33,95,109,12,82,115,37" hai3="35,8,67,49,26,128,9,46,47,107,44,117,30"/><V68/><F33/><W92/><G107/><T22/><D130/><U21/><E120/><V125/><F115/><W102/><G117/><T6/><D126/><N who="2" m="48138" /><F109/><W70/><G128/><T124/><D132/><U45/><E76/><V71/><F71/><W100/><G67/><T83/><D124/><U129/><E129/><V56/><F82/><W80/><G80/><T134/><D134/><U93/><E103/><V133/><F133/><W99/><G70/><T106/><D83/><U19/><E19/><V11/><F37/><N who="0" m="14410" /><D6/><U123/><E123/><V65/><F65/><W113/><G113/><T38/><D38/><U24/><E7/><N who="2" m="3199" /><F68/><W58/><G100/><T97/><D119/><U0/><E0/><V105/><F105/><W111/><G111/><T23/><D106/><U79/><E79/><V78/><F78/><W122/><G122/><T32/><D32/><U73/><E73/><V112/><F112/><W63/><REACH who="3" step="1"/><G49/><REACH who="3" ten="267,277,1,445" step="2"/><T55/><D48/><N who="1" m="28687" /><E10/><V72/><F72/><W64/><AGARI ba="0,1" hai="8,9,26,30,35,44,46,47,58,63,64,92,99,102" machi="64" ten="30,4000,0" yaku="1,1,0,1,53,1" doraHai="131" doraHaiUra="57" who="3" fromWho="3" sc="267,-10,277,-10,1,-20,445,50" owari="257,-14.0,267,7.0,-19,-52.0,495,59.0" /></mjloggm>