<mjloggm ver="2.3"><GO type="169" lobby="0"/><UN n0="%E3%82%A6%E3%83%AB%E3%83%88%E3%83%A9%E7%AB%8B%E7%9B%B4" n1="%74%61%6B%75%61%6B%61" n2="%E3%81%84%E3%81%97%E3%82%82%E3%82%8A" n3="%E6%96%B0%E4%B8%96%E7%95%8C%E3%81%AE%E7%B4%99" dan="18,18,16,18" rate="2225.31,2205.96,2064.84,2262.62" sx="M,M,M,F"/><TAIKYOKU oya="0"/><INIT seed="0,0,0,4,4,0" ten="250,250,250,250" oya="0" hai0="125,56,40,4,15,130,26,63,89,17,92,132,116" hai1="41,16,74,45,24,42,104,58,69,86,115,47,122" hai2="81,126,88,29,13,111,53,87,22,124,19,71,43" hai3="134,90,127,31,3,65,28,18,20,1,85,12,48"/><T94/><D116/><U57/><E74/><V70/><F111/><W37/><G37/><T59/><D125/><N who="2" m="48234" /><F43/><N who="1" m="16393" /><E104/><V135/><F135/><W11/><G127/><T110/><D132/><U39/><E122/><V120/><F120/><W73/><G73/><T78/><D130/><U128/><E69/><N who="2" m="26123" /><F53/><W77/><G77/><T112/><D112/><U68/><E68/><V100/><F100/><W8/><G65/><N who="0" m="39143" /><D110/><U23/><E39/><V109/><F109/><W119/><G119/><T82/><D40/><U103/><E128/><V27/><F13/><W25/><G134/><T96/><D59/><N who="1" m="22539" /><E115/><V2/><F2/><N who="3" m="523" /><G85/><N who="0" m="48343" /><D94/><U117/><E117/><V9/><F9/><N who="3" m="3659" /><G90/><T34/><D34/><U80/><E103/><V131/><F131/><W36/><G48/><T83/><D83/><U101/><E101/><V97/><F97/><W98/><G98/><T60/><D60/><U123/><E123/><V5/><F29/><N who="3" m="11339" /><G36/><T46/><D46/><U107/><E107/><V14/><F27/><AGARI ba="0,0" hai="12,18,20,25,27" m="11339,3659,523" machi="27" ten="30,8000,1" yaku="35,5" doraHai="0" who="3" fromWho="2" sc="250,0,250,0,250,-80,250,80" /><INIT seed="1,0,0,3,1,13" ten="250,250,170,330" oya="1" hai0="83,77,95,62,32,17,72,42,15,9,82,125,27" hai1="54,60,28,86,40,107,45,123,25,89,70,68,99" hai2="88,108,65,132,119,22,122,111,98,84,59,120,114" hai3="7,34,104,78,20,113,29,55,26,110,79,44,109"/><U11/><E123/><V134/><F119/><W69/><G104/><T16/><D125/><U121/><E121/><N who="2" m="46699" /><F98/><W93/><G69/><T46/><D95/><U73/><E73/><V23/><F114/><W96/><G113/><T76/><D62/><U63/><E11/><V117/><F65/><W58/><G44/><T10/><D32/><U92/><E60/><V130/><F59/><W115/><G7/><T43/><D46/><U21/><E54/><V85/><F117/><W118/><G34/><T97/><D97/><U0/><E0/><V74/><F74/><W133/><G133/><N who="2" m="51305" /><F130/><W131/><G115/><T33/><D33/><U52/><E107/><V47/><F47/><W50/><G131/><T12/><D27/><U19/><E99/><V61/><F61/><W14/><G118/><T30/><D30/><U57/><REACH who="1" step="1"/><E28/><REACH who="1" ten="250,240,170,330" step="2"/><V67/><F67/><W90/><G29/><T41/><D41/><U91/><E91/><V4/><F4/><W94/><G90/><T24/><D24/><U37/><AGARI ba="0,1" hai="19,21,25,37,40,45,52,57,63,68,70,86,89,92" machi="37" ten="20,18000,2" yaku="1,1,0,1,7,1,52,1,54,1,53,1" doraHai="13" doraHaiUra="36" who="1" fromWho="1" sc="250,-60,240,190,170,-60,330,-60" /><INIT seed="1,1,0,5,2,82" ten="190,430,110,270" oya="1" hai0="55,73,132,131,0,105,92,13,119,89,36,15,135" hai1="95,26,111,110,39,118,27,1,54,10,45,104,57" hai2="65,126,128,51,47,117,61,86,24,69,72,16,25" hai3="33,63,17,133,62,101,122,7,21,102,40,134,8"/><U37/><E118/><V31/><F117/><W107/><G33/><T41/><D0/><U97/><E104/><V96/><F126/><W23/><G40/><T11/><D73/><U84/><E1/><V34/><F128/><W30/><G122/><T75/><D75/><U74/><E10/><V56/><F72/><W12/><G30/><T71/><D71/><U100/><E74/><V6/><F6/><W3/><G23/><T29/><D105/><U127/><E84/><V115/><F115/><W91/><G91/><T129/><D29/><U99/><E99/><V120/><F120/><W90/><G90/><T64/><D64/><U109/><E127/><V77/><F96/><N who="3" m="61863" /><G102/><T4/><D15/><U14/><E14/><V80/><F69/><W35/><G35/><T130/><D119/><U68/><E68/><V98/><F98/><W49/><G49/><T93/><D55/><U44/><E44/><V28/><F16/><W52/><G52/><T116/><D116/><U19/><E45/><V114/><F114/><W125/><G125/><T9/><D9/><U121/><E121/><V20/><F47/><W78/><G78/><T58/><D58/><U43/><E43/><V66/><F51/><W113/><G113/><T32/><D32/><U81/><E19/><V46/><F46/><W5/><G5/><T112/><D112/><U18/><E18/><V124/><F124/><W88/><G88/><T59/><D59/><U2/><E2/><V83/><F83/><W42/><G42/><T103/><D103/><U50/><E81/><V79/><F79/><W70/><G70/><RYUUKYOKU ba="1,0" sc="190,-30,430,10,110,10,270,10" hai1="26,27,37,39,50,54,57,95,97,100,109,110,111" hai2="20,24,25,28,31,34,56,61,65,66,77,80,86" hai3="3,7,8,12,17,21,62,63,133,134" /><INIT seed="1,2,0,2,1,87" ten="160,440,120,280" oya="1" hai0="60,46,0,48,92,64,12,57,3,91,88,123,130" hai1="15,99,49,119,96,55,43,65,93,118,18,26,84" hai2="2,94,40,66,101,35,67,14,27,110,74,115,80" hai3="83,10,22,76,50,36,31,51,8,41,134,58,32"/><U85/><E43/><V133/><F2/><W81/><G32/><T124/><D124/><U61/><E26/><V21/><F110/><W69/><G69/><T103/><D130/><U23/><E118/><V7/><F35/><W127/><G36/><T107/><D123/><U59/><E119/><V131/><F131/><W42/><G127/><T52/><D107/><U129/><E129/><V5/><F40/><W54/><G134/><T72/><D72/><U86/><REACH who="1" step="1"/><E93/><REACH who="1" ten="160,430,120,280" step="2"/><V102/><F94/><W47/><G41/><T68/><D92/><U24/><E24/><V17/><F27/><W33/><G33/><T125/><D125/><U98/><E98/><V114/><F114/><W106/><G106/><T104/><D104/><U39/><E39/><V37/><F37/><W44/><G42/><T95/><D95/><U28/><E28/><V111/><F115/><W29/><G29/><T71/><D103/><U45/><AGARI ba="2,1" hai="15,18,23,45,49,55,59,61,65,84,85,86,96,99" machi="45" ten="30,11700,0" yaku="1,1,0,1,8,1,53,1" doraHai="87" doraHaiUra="11" who="1" fromWho="1" sc="160,-41,430,133,120,-41,280,-41" /><INIT seed="1,3,0,3,0,107" ten="119,563,79,239" oya="1" hai0="71,58,112,87,62,35,92,13,121,66,130,22,5" hai1="67,79,88,69,95,52,77,97,133,94,7,15,40" hai2="80,29,25,4,17,99,0,110,85,120,74,127,78" hai3="98,48,122,118,14,41,18,116,83,115,119,36,82"/><U111/><E133/><V68/><F110/><W126/><G122/><T96/><D35/><U103/><E40/><V129/><F120/><W114/><G36/><T105/><D112/><U51/><E69/><V59/><F68/><W1/><G1/><T16/><D130/><U61/><E61/><V60/><F129/><W89/><G126/><T109/><D109/><U45/><E67/><V39/><F39/><W8/><G98/><T101/><D121/><U12/><E111/><V34/><F127/><W37/><G37/><T24/><D71/><U11/><E15/><V26/><F99/><AGARI ba="3,0" hai="7,11,12,45,51,52,77,79,88,94,95,97,99,103" machi="99" ten="30,11600,0" yaku="7,1,8,1,54,2" doraHai="107" who="1" fromWho="2" sc="119,0,563,125,79,-125,239,0" owari="119,-28.0,688,79.0,-46,-55.0,239,4.0" /></mjloggm>