<mjloggm ver="2.3"><GO type="169" lobby="0"/><UN n0="%E3%82%AB%E3%83%9D%E3%83%8D%E5%9B%A3%E3%81%AE%E5%85%84%E8%B2%B4" n1="%E6%A1%9C%E4%BA%95%E3%81%95%E3%82%93" n2="%E3%82%A6%E3%83%AB%E3%83%88%E3%83%A9%E7%AB%8B%E7%9B%B4" n3="%6E%69%63%6B%2E" dan="17,17,17,17" rate="2173.47,2170.90,2140.23,2215.17" sx="M,M,M,M"/><TAIKYOKU oya="0"/><INIT seed="0,0,0,0,2,50" ten="250,250,250,250" oya="0" hai0="62,67,23,63,102,116,18,38,81,2,100,41,56" hai1="74,59,55,123,36,88,14,101,46,48,25,85,8" hai2="118,119,27,44,121,69,3,92,34,29,95,10,133" hai3="28,16,131,93,105,73,130,83,70,125,9,0,35"/><T107/><D2/><U51/><E123/><V15/><F69/><W82/><G105/><T53/><D116/><N who="2" m="44586" /><F121/><W76/><G70/><T42/><D81/><U17/><E74/><V97/><F133/><W124/><G83/><T21/><D21/><U24/><E36/><V98/><F44/><W30/><G93/><N who="2" m="35913" /><F3/><W7/><G16/><AGARI ba="0,0" hai="10,15,16,27,29,34,97,98" m="35913,44586" machi="16" ten="30,2000,0" yaku="12,1,54,1" doraHai="50" who="2" fromWho="3" sc="250,0,250,0,250,20,250,-20" /><INIT seed="1,0,0,4,1,75" ten="250,250,270,230" oya="1" hai0="67,102,79,99,62,88,119,46,114,113,50,130,57" hai1="110,60,112,24,80,115,22,5,128,9,59,25,66" hai2="37,1,131,15,121,18,55,118,10,73,44,29,34" hai3="58,117,120,134,68,26,123,135,41,32,11,19,49"/><U51/><E128/><V72/><F121/><W101/><G68/><T52/><D119/><U14/><E110/><V103/><F118/><W7/><G101/><T17/><D130/><U108/><E108/><V126/><F131/><W109/><G109/><T27/><D79/><U104/><E104/><V63/><F103/><W98/><G98/><T36/><D27/><U81/><E25/><V69/><F126/><W94/><G94/><T20/><D36/><U64/><E64/><V127/><F1/><W33/><G117/><T78/><D78/><U77/><E81/><V45/><F45/><W40/><G58/><T89/><D113/><U23/><E51/><V43/><F127/><W86/><G86/><T21/><D114/><U111/><E23/><V47/><F34/><N who="3" m="13419" /><G49/><T105/><D21/><U129/><E129/><V71/><F71/><W100/><G100/><T3/><D3/><U30/><REACH who="1" step="1"/><E111/><REACH who="1" ten="250,240,270,230" step="2"/><V54/><F37/><W90/><G120/><T124/><D124/><U91/><E91/><V133/><F63/><W13/><G90/><T107/><D107/><U16/><E16/><V8/><F18/><W6/><G123/><T96/><D96/><U132/><E132/><N who="3" m="50730" /><G26/><T39/><D39/><U38/><E38/><V70/><F133/><W2/><G7/><T42/><D67/><U87/><AGARI ba="0,1" hai="5,9,14,22,24,30,59,60,66,77,80,87,112,115" machi="87" ten="20,12000,1" yaku="1,1,0,1,7,1,52,1,53,1" doraHai="75" doraHaiUra="56" who="1" fromWho="1" sc="250,-40,240,130,270,-40,230,-40" /><INIT seed="1,1,0,5,3,103" ten="210,370,230,190" oya="1" hai0="60,92,80,119,21,52,11,132,77,9,127,88,64" hai1="125,76,123,61,58,4,130,114,133,0,19,90,71" hai2="50,49,87,124,91,24,48,135,120,129,43,121,62" hai3="74,22,110,2,5,85,8,66,101,126,109,3,7"/><U6/><E114/><V128/><F43/><W105/><G74/><T72/><D119/><U134/><E123/><V93/><F62/><W23/><G66/><T111/><D111/><N who="3" m="42505" /><G85/><T55/><D132/><N who="1" m="50795" /><E71/><V68/><F68/><W41/><G41/><T1/><D127/><U104/><E125/><V113/><F124/><W30/><G126/><T99/><D21/><N who="3" m="7689" /><G101/><T79/><D79/><U12/><E130/><N who="2" m="50283" /><F113/><W18/><G30/><T25/><D25/><U37/><E0/><N who="3" m="42" /><G105/><T95/><D95/><U122/><E122/><V75/><F135/><W63/><G63/><T56/><D1/><U107/><E37/><V44/><F75/><W67/><G67/><T70/><REACH who="0" step="1"/><D55/><REACH who="0" ten="200,370,230,190" step="2"/><N who="1" m="34015" /><E76/><V33/><F121/><W13/><AGARI ba="1,1" hai="5,7,8,13,18" m="42,7689,42505" machi="13" ten="40,5200,0" yaku="14,1,34,2" doraHai="103" who="3" fromWho="3" sc="200,-14,370,-27,230,-14,190,65" /><INIT seed="2,0,0,3,2,12" ten="186,343,216,255" oya="2" hai0="78,134,101,92,42,86,122,13,89,11,58,0,33" hai1="2,41,25,73,65,107,82,59,116,24,54,64,51" hai2="133,32,26,23,112,10,77,118,8,45,15,125,48" hai3="94,39,49,109,56,27,31,104,81,131,4,22,46"/><V61/><F118/><W16/><G104/><T74/><D33/><U105/><E116/><V108/><F112/><W37/><G109/><T63/><D122/><U17/><E2/><V55/><F108/><W95/><G131/><T90/><D0/><U40/><E105/><V103/><F125/><W3/><G81/><T97/><D134/><U114/><E107/><V98/><F133/><W135/><G135/><T91/><D42/><N who="1" m="16491" /><E73/><V52/><F77/><W53/><G3/><T60/><D74/><U129/><E114/><V28/><F32/><W100/><G4/><T66/><D60/><U76/><E129/><V9/><F61/><W44/><G31/><T130/><D130/><U124/><E124/><V29/><F29/><W119/><G119/><T70/><D70/><U19/><E82/><V83/><F83/><W71/><G71/><T120/><D120/><U6/><E6/><V88/><F55/><W111/><G111/><T35/><D35/><U43/><N who="1" m="16499" /><U34/><DORA hai="67" /><E76/><V84/><F103/><W68/><G68/><T87/><REACH who="0" step="1"/><D78/><REACH who="0" ten="176,343,216,255" step="2"/><U14/><E34/><V121/><F121/><W113/><G113/><T106/><D106/><U110/><E110/><V7/><F84/><W47/><G39/><T115/><D115/><U69/><E69/><V30/><F30/><W126/><G37/><T93/><D93/><AGARI ba="0,1" hai="7,8,9,10,15,23,26,28,45,48,52,88,93,98" machi="93" ten="40,7700,0" yaku="8,1,54,2" doraHai="12,67" who="2" fromWho="0" sc="176,-77,343,0,216,87,255,0" /><INIT seed="2,1,0,1,1,6" ten="99,343,303,255" oya="2" hai0="100,128,20,54,45,90,7,97,106,94,89,9,47" hai1="84,93,76,114,120,25,2,1,86,75,34,77,96" hai2="81,41,61,70,19,121,66,130,129,49,134,82,39" hai3="50,10,33,101,56,59,15,131,23,99,40,31,43"/><V53/><F121/><W13/><G131/><N who="2" m="50185" /><F19/><W38/><G33/><T21/><D128/><U123/><E34/><V52/><F134/><W107/><G38/><T133/><D133/><U132/><E25/><V44/><F82/><W108/><G108/><T91/><D106/><U27/><E27/><V105/><F81/><W67/><G31/><T64/><D64/><U88/><E132/><V74/><F74/><W113/><G113/><T16/><D54/><N who="2" m="21098" /><F105/><W72/><G72/><T116/><D116/><U92/><E114/><V79/><F79/><N who="1" m="30281" /><E75/><V0/><F0/><W28/><G28/><T78/><D78/><U14/><E14/><V8/><F8/><W63/><G59/><T42/><D42/><U73/><E73/><V102/><F102/><W37/><G37/><AGARI ba="1,0" hai="37,39,41,44,49,61,66,70" m="21098,50185" machi="37" ten="30,11600,0" yaku="19,1,34,2,54,1" doraHai="6" who="2" fromWho="3" sc="99,0,343,0,303,119,255,-119" /><INIT seed="2,2,0,4,1,134" ten="99,343,422,136" oya="2" hai0="36,71,23,7,104,72,46,131,118,50,54,83,42" hai1="56,18,43,115,128,74,40,129,2,114,119,132,91" hai2="113,105,87,31,95,94,8,52,116,32,126,16,107" hai3="53,63,102,33,26,21,39,19,98,68,100,57,0"/><V84/><F31/><W41/><G0/><T108/><D104/><U77/><E2/><V69/><F32/><W120/><G120/><T60/><D108/><U135/><E18/><V133/><F69/><W48/><G33/><T70/><D131/><N who="1" m="50251" /><E91/><V96/><F133/><N who="1" m="51273" /><E77/><V44/><F116/><W90/><G90/><T117/><D7/><U17/><E17/><V99/><F16/><W101/><G41/><N who="1" m="15946" /><E74/><V66/><F8/><W78/><G78/><T1/><D1/><U92/><E92/><V86/><F95/><W14/><G39/><T15/><D72/><U85/><E85/><V88/><F88/><W106/><BYE who="2" /><G26/><T109/><D83/><U34/><E34/><V58/><F58/><UN n2="%E3%82%A6%E3%83%AB%E3%83%88%E3%83%A9%E7%AB%8B%E7%9B%B4" /><W13/><G13/><T22/><D15/><U35/><E35/><V64/><F86/><W28/><G28/><T12/><D12/><U11/><E11/><V6/><F94/><W89/><G89/><T47/><D23/><U49/><E119/><N who="0" m="45577" /><D22/><U67/><E67/><V110/><F66/><W45/><G68/><T62/><D109/><U20/><E20/><V37/><F110/><W80/><G80/><T103/><D103/><U65/><E65/><V3/><F64/><W82/><G82/><T75/><D75/><U111/><E111/><V121/><F3/><W29/><G29/><T122/><D122/><U81/><E81/><V79/><F121/><W123/><G123/><T30/><D30/><U38/><E38/><V9/><F37/><W24/><G14/><T25/><D25/><U93/><E93/><V59/><F9/><W27/><G27/><T97/><D97/><RYUUKYOKU ba="2,0" sc="99,10,343,10,422,-30,136,10" hai0="36,42,46,47,50,54,60,62,70,71" hai1="49,56,114,115" hai3="19,21,24,45,48,53,57,63,98,100,101,102,106" /><INIT seed="3,3,0,1,3,49" ten="109,353,392,146" oya="3" hai0="94,84,71,60,115,66,1,2,82,77,33,13,74" hai1="103,34,36,17,129,67,109,95,61,7,105,20,128" hai2="26,57,89,120,59,40,50,45,131,8,63,76,65" hai3="135,70,113,108,78,104,25,119,112,10,53,88,134"/><W21/><G78/><T99/><D115/><N who="3" m="44105" /><G119/><T18/><D33/><U79/><E34/><V124/><F76/><W43/><G43/><T127/><D127/><U42/><E105/><V86/><F124/><W110/><G104/><T15/><D74/><U46/><E109/><N who="3" m="42090" /><G70/><T68/><D68/><U111/><E111/><V0/><F131/><W100/><G100/><T64/><D64/><U11/><E79/><V73/><F73/><W38/><G38/><T90/><REACH who="0" step="1"/><D15/><REACH who="0" ten="99,353,392,146" step="2"/><U117/><E129/><V118/><F118/><W24/><G25/><T83/><D83/><U114/><E117/><V126/><F26/><W37/><G135/><T92/><D92/><U123/><E128/><V51/><F126/><W125/><G134/><T6/><D6/><U91/><E114/><V81/><F120/><W47/><G125/><T5/><D5/><U41/><E123/><V102/><F0/><W98/><G24/><T101/><D101/><U14/><E103/><V106/><F102/><W56/><G37/><T30/><D30/><U121/><E121/><V52/><F106/><W54/><G21/><AGARI ba="3,1" hai="1,2,13,18,21,60,66,71,77,82,84,90,94,99" machi="21" ten="30,2000,0" yaku="1,1,7,1,53,0" doraHai="49" doraHaiUra="130" who="0" fromWho="3" sc="99,39,353,0,392,0,146,-29" /><INIT seed="4,0,0,0,0,91" ten="138,353,392,117" oya="0" hai0="134,71,5,106,121,26,23,69,100,109,112,68,98" hai1="104,30,54,65,94,24,78,41,80,0,32,37,133" hai2="22,97,135,88,12,19,110,10,85,44,108,84,51" hai3="119,73,16,131,14,118,38,15,75,8,125,20,127"/><T2/><D121/><U55/><E104/><V117/><F135/><W34/><G38/><T128/><D134/><U40/><E0/><V132/><F132/><W102/><G102/><T76/><D112/><U123/><E123/><V50/><F117/><N who="3" m="44555" /><G75/><T111/><D76/><U130/><E133/><V58/><F108/><N who="0" m="41546" /><D128/><U60/><E130/><V17/><F110/><W3/><G73/><T45/><D45/><U43/><E37/><V129/><F129/><W6/><G131/><T39/><D39/><U107/><E107/><V90/><F58/><W63/><G63/><T67/><D5/><U74/><REACH who="1" step="1"/><E94/><REACH who="1" ten="138,343,392,117" step="2"/><N who="2" m="56519" /><F90/><W46/><G46/><T96/><D2/><U59/><AGARI ba="0,1" hai="24,30,32,40,41,43,54,55,59,60,65,74,78,80" machi="59" ten="30,2000,0" yaku="1,1,0,1,53,0" doraHai="91" doraHaiUra="124" who="1" fromWho="1" sc="138,-10,343,30,392,-5,117,-5" /><INIT seed="5,0,0,1,3,111" ten="128,373,387,112" oya="1" hai0="119,95,57,134,87,103,51,100,106,107,19,32,122" hai1="96,97,21,39,99,82,22,110,30,128,29,42,43" hai2="120,20,112,38,48,11,102,65,130,54,118,91,74" hai3="67,76,49,104,10,13,50,98,80,66,15,101,5"/><U47/><E110/><V25/><F38/><W6/><G50/><T31/><D119/><U89/><E128/><V40/><F40/><N who="1" m="15401" /><E47/><V18/><F74/><W121/><G121/><T33/><D122/><U9/><E9/><V53/><F120/><W16/><G49/><T36/><D51/><U7/><E7/><V86/><F65/><W8/><REACH who="3" step="1"/><G6/><REACH who="3" ten="128,373,387,102" step="2"/><T81/><D36/><U109/><E39/><V126/><F48/><W92/><G92/><T4/><D95/><U114/><E109/><V45/><F130/><W63/><G63/><T2/><D4/><U117/><E117/><V34/><F118/><W123/><G123/><T132/><D106/><U77/><E82/><V46/><F46/><W85/><AGARI ba="0,1" hai="5,8,10,13,15,16,66,67,76,80,85,98,101,104" machi="85" ten="20,5200,0" yaku="1,1,0,1,7,1,54,1,53,0" doraHai="111" doraHaiUra="58" who="3" fromWho="3" sc="128,-13,373,-26,387,-13,102,62" /><INIT seed="6,0,0,4,0,11" ten="115,347,374,164" oya="2" hai0="48,94,133,100,0,131,113,123,47,77,60,49,2" hai1="121,106,24,29,108,120,115,72,30,27,17,88,61" hai2="85,8,82,81,54,95,46,71,44,53,75,134,70" hai3="90,7,40,13,25,10,63,6,20,126,51,43,101"/><V38/><F134/><W39/><G126/><T124/><D123/><N who="1" m="47179" /><E106/><V92/><F8/><W83/><G39/><T42/><D133/><U37/><E72/><V118/><F85/><N who="3" m="50495" /><G101/><T91/><D124/><U103/><E103/><V112/><F75/><W107/><G107/><T35/><D100/><U3/><E37/><V74/><F74/><W125/><G125/><T119/><D119/><U135/><E135/><V34/><F38/><W66/><G66/><T64/><D35/><U59/><E108/><V52/><F34/><W79/><G79/><T127/><D77/><U5/><E115/><V9/><F9/><W80/><G63/><T128/><D113/><U62/><E5/><V26/><F112/><W28/><G80/><N who="2" m="30825" /><F26/><N who="1" m="9769" /><E3/><V69/><F118/><W99/><G99/><T31/><D127/><U55/><E62/><V65/><F65/><W57/><G7/><T73/><D73/><U96/><E17/><V114/><F114/><W109/><G109/><T41/><D2/><U116/><E116/><V45/><AGARI ba="0,0" hai="44,45,46,52,53,54,69,70,71,92,95" m="30825" machi="45" ten="40,12000,1" yaku="29,2,28,2,54,1" doraHai="11" who="2" fromWho="2" sc="115,-40,347,-40,374,120,164,-40" /><INIT seed="6,1,0,0,4,9" ten="75,307,494,124" oya="2" hai0="14,80,82,135,122,33,94,69,51,104,58,39,12" hai1="15,121,106,117,46,127,8,115,67,72,113,24,119" hai2="77,53,40,98,120,133,130,47,56,75,22,18,7" hai3="112,26,86,76,125,100,4,66,74,17,126,59,92"/><V96/><F120/><W50/><G74/><T79/><D104/><U71/><E106/><V43/><F130/><W29/><G112/><N who="1" m="43082" /><E72/><V87/><F75/><W109/><G109/><T118/><D122/><U89/><E121/><V10/><F47/><W13/><G4/><T84/><D39/><U132/><E132/><V81/><F133/><W30/><G76/><T62/><D33/><U105/><E105/><V55/><F43/><W128/><G128/><T11/><D135/><U107/><E107/><V5/><F40/><W88/><G100/><T103/><D118/><U111/><E111/><V57/><F56/><W44/><G59/><T134/><D134/><U60/><E127/><N who="3" m="48650" /><G66/><T45/><D69/><U25/><E89/><V42/><F42/><N who="3" m="24855" /><G26/><N who="1" m="10346" /><E46/><V91/><F91/><W41/><G41/><N who="0" m="25007" /><D80/><U63/><E63/><V97/><F55/><W20/><AGARI ba="1,0" hai="13,17,20,29,30,86,88,92" m="24855,48650" machi="20" ten="30,4000,0" yaku="18,1,52,1,54,1" doraHai="9" who="3" fromWho="3" sc="75,-11,307,-11,494,-21,124,43" /><INIT seed="7,0,0,0,3,85" ten="64,296,473,167" oya="3" hai0="77,82,79,111,8,1,21,103,42,73,99,26,118" hai1="18,44,17,101,13,22,128,64,90,68,120,52,86" hai2="71,3,102,57,27,97,7,23,110,121,33,36,112" hai3="48,28,39,122,130,35,98,114,62,119,66,53,89"/><W50/><G119/><T92/><D111/><U10/><E120/><V88/><F36/><W4/><G122/><T46/><D77/><U104/><E128/><V16/><F71/><W25/><G39/><T49/><D118/><U9/><E68/><V133/><F110/><W6/><G130/><T55/><D1/><U54/><E64/><V84/><F33/><W80/><G114/><T31/><D8/><U132/><E132/><V67/><F133/><W2/><G2/><T107/><D107/><U125/><E125/><V105/><F112/><W91/><G98/><T65/><D65/><U14/><E104/><V34/><F34/><W95/><G95/><T69/><D69/><U61/><E101/><V32/><F32/><W41/><G41/><T135/><D135/><U126/><E126/><V58/><F67/><W113/><G113/><T45/><D45/><U12/><E61/><V83/><F121/><W59/><G50/><T0/><D0/><U116/><E44/><V51/><F51/><W30/><G30/><T74/><D74/><U108/><E108/><V72/><F72/><W87/><REACH who="3" step="1"/><G91/><REACH who="3" ten="64,296,473,157" step="2"/><T24/><D24/><U131/><E131/><V11/><AGARI ba="0,1" hai="3,7,11,16,23,27,57,58,83,84,88,97,102,105" machi="11" ten="30,7900,0" yaku="0,1,52,1,54,2" doraHai="85" who="2" fromWho="2" sc="64,-20,296,-20,473,89,157,-39" owari="44,-46.0,276,8.0,562,66.0,118,-28.0" /></mjloggm>