<mjloggm ver="2.3"><GO type="169" lobby="0"/><UN n0="%E5%B0%B1%E6%B4%BB%E7%94%9F%40%E5%B7%9D%E6%9D%91%E8%BB%8D%E5%9B%A3" n1="%E3%83%AC%E3%83%87%E3%82%B9%E3%83%9E" n2="%E6%A1%9C%E4%BA%95%E3%81%95%E3%82%93" n3="%E3%83%84%E3%83%AC%E3%82%AA" dan="17,17,17,16" rate="2226.68,2180.77,2243.90,2119.44" sx="M,M,M,M"/><TAIKYOKU oya="0"/><INIT seed="0,0,0,2,4,88" ten="250,250,250,250" oya="0" hai0="18,111,99,14,87,78,15,12,106,66,73,84,54" hai1="105,101,55,0,1,131,86,108,120,125,61,129,130" hai2="118,62,127,45,27,92,91,123,119,3,47,34,69" hai3="103,76,110,96,65,126,6,21,56,77,132,13,16"/><T124/><D73/><U81/><E120/><V98/><F123/><W114/><G114/><T41/><D124/><U117/><E117/><N who="2" m="44555" /><F3/><W26/><G126/><T133/><D133/><U93/><E125/><V112/><F112/><W59/><G132/><T39/><D66/><U80/><E108/><V30/><F127/><W35/><G110/><T107/><D111/><U104/><E80/><V43/><F43/><W57/><G65/><AGARI ba="0,0" hai="27,30,34,45,47,62,65,69,91,92,98" m="44555" machi="65" ten="30,2000,0" yaku="12,1,52,1" doraHai="88" who="2" fromWho="3" sc="250,0,250,0,250,20,250,-20" /><INIT seed="1,0,0,4,4,55" ten="250,250,270,230" oya="1" hai0="131,93,108,31,50,134,61,27,82,132,78,60,129" hai1="8,123,118,86,71,64,109,59,54,9,25,1,121" hai2="116,68,48,10,103,57,114,41,76,37,44,20,90" hai3="0,135,47,7,126,112,94,77,30,33,35,122,133"/><U51/><E118/><V39/><F116/><W104/><G104/><T32/><D108/><U128/><E109/><V19/><F68/><W40/><G122/><T99/><D50/><U89/><E128/><N who="0" m="49225" /><D82/><U11/><E1/><V45/><F114/><W117/><G117/><T21/><D32/><U42/><E42/><V120/><F120/><W75/><G112/><T12/><D12/><U87/><E87/><V127/><F127/><W119/><G94/><T17/><D78/><U67/><E25/><V111/><F111/><W56/><G119/><T5/><D5/><U74/><E74/><V53/><F76/><W65/><G126/><T15/><D15/><U28/><E28/><V106/><F10/><N who="3" m="2407" /><G30/><T70/><D17/><U26/><E26/><V72/><F72/><W4/><G4/><T18/><D18/><U13/><E13/><V62/><F45/><W85/><G85/><T81/><D81/><U124/><E124/><V92/><F103/><W79/><G79/><T2/><D2/><U98/><E98/><V107/><F39/><N who="3" m="21919" /><G77/><T23/><D23/><U96/><E96/><N who="2" m="57367" /><F37/><W16/><G16/><N who="0" m="12711" /><D70/><U97/><E97/><V52/><F41/><W102/><G102/><N who="0" m="60783" /><D31/><U36/><E36/><V24/><AGARI ba="0,0" hai="19,20,24,44,48,52,53,57,62,106,107" m="57367" machi="24" ten="30,4000,0" yaku="25,1,52,1,54,1" doraHai="55" who="2" fromWho="2" sc="250,-10,250,-20,270,40,230,-10" /><INIT seed="2,0,0,5,1,15" ten="240,230,310,220" oya="2" hai0="21,107,43,80,32,116,74,45,81,26,121,38,8" hai1="111,119,99,133,93,9,106,1,63,12,13,102,129" hai2="24,47,20,27,92,79,5,95,33,112,132,68,51" hai3="113,104,85,17,130,118,101,100,60,61,125,97,88"/><V64/><F112/><W42/><G118/><T29/><D121/><U50/><E119/><V70/><F132/><W59/><G113/><T18/><D116/><U117/><E117/><V127/><F127/><W7/><G125/><T58/><D107/><U44/><E133/><V78/><F5/><W105/><G130/><T37/><D37/><U30/><E129/><V62/><F70/><W71/><G7/><T40/><D40/><U31/><E111/><V73/><F33/><W115/><G42/><T103/><D103/><U25/><E106/><V19/><F27/><W57/><G71/><T46/><D46/><U14/><E63/><V36/><F36/><W65/><G115/><T76/><D81/><U11/><E1/><V66/><F66/><W54/><G101/><T134/><D134/><U87/><E87/><V16/><F19/><W84/><G105/><T75/><D58/><U123/><E123/><V110/><F110/><W109/><G109/><T35/><D75/><U53/><REACH who="1" step="1"/><E31/><REACH who="1" ten="240,220,310,220" step="2"/><V108/><F108/><W22/><REACH who="3" step="1"/><G88/><REACH who="3" ten="240,220,310,210" step="2"/><T128/><D128/><U28/><E28/><V131/><F131/><W91/><G91/><T55/><D29/><U72/><E72/><V52/><REACH who="2" step="1"/><F73/><REACH who="2" ten="240,220,300,210" step="2"/><W6/><G6/><T3/><D74/><U49/><E49/><V2/><F2/><W23/><G23/><AGARI ba="0,3" hai="9,11,12,13,14,23,25,30,44,50,53,93,99,102" machi="23" ten="40,2600,0" yaku="1,1,8,1,53,0" doraHai="15" doraHaiUra="126" who="1" fromWho="3" sc="240,0,220,56,300,0,210,-26" /><INIT seed="3,0,0,1,3,122" ten="240,276,300,184" oya="3" hai0="10,113,27,23,118,104,14,129,26,0,15,7,28" hai1="9,130,106,93,98,57,50,105,11,32,84,54,87" hai2="12,46,6,17,86,2,85,56,33,75,110,88,74" hai3="120,81,117,72,22,68,25,39,109,99,62,100,80"/><W115/><G120/><T34/><D104/><U45/><E32/><V37/><F33/><W91/><G115/><T60/><D60/><U24/><E130/><V67/><F110/><W83/><G117/><T92/><D92/><U43/><E24/><V4/><F85/><W102/><G39/><T111/><D118/><U65/><E65/><V89/><F89/><W13/><G13/><N who="0" m="4619" /><D129/><U48/><E106/><V47/><F2/><W94/><G72/><T30/><D113/><U77/><E105/><V3/><F3/><W73/><G73/><T21/><D111/><U133/><E133/><V35/><F35/><AGARI ba="0,0" hai="0,7,10,21,23,26,27,28,30,34,35" m="4619" machi="35" ten="30,8000,1" yaku="35,5" doraHai="122" who="0" fromWho="2" sc="240,80,276,0,300,-80,184,0" /><INIT seed="4,0,0,1,2,39" ten="320,276,220,184" oya="0" hai0="56,37,111,71,132,106,104,68,100,123,47,117,113" hai1="19,125,30,95,45,66,13,11,36,108,2,88,49" hai2="16,134,87,107,60,73,33,86,42,51,115,116,98" hai3="121,92,46,10,75,43,83,84,135,53,31,70,3"/><T120/><D100/><U34/><E108/><V97/><F73/><W40/><G70/><T55/><D106/><U64/><E2/><V62/><F33/><W17/><G75/><T35/><D35/><U28/><E36/><V22/><F115/><W23/><G135/><T133/><D104/><U105/><E105/><V41/><F134/><N who="0" m="51818" /><D117/><U6/><E6/><V50/><F107/><W131/><G92/><T78/><D78/><U59/><E125/><V9/><F9/><W76/><G131/><T0/><D0/><U69/><E69/><N who="0" m="26697" /><D113/><U74/><E74/><V96/><F116/><W15/><G121/><T109/><D47/><U77/><E77/><V110/><F110/><N who="0" m="41994" /><D37/><U26/><E30/><V89/><F51/><AGARI ba="0,0" hai="51,55,56,120,123" m="41994,26697,51818" machi="51" ten="40,12000,1" yaku="20,1,10,1,34,2" doraHai="39" who="0" fromWho="2" sc="320,120,276,0,220,-120,184,0" /><INIT seed="4,1,0,5,3,23" ten="440,276,100,184" oya="0" hai0="50,46,108,106,85,25,77,116,92,69,100,96,122" hai1="131,118,5,34,105,75,65,2,90,61,70,89,103" hai2="15,80,33,130,37,99,126,30,64,127,119,71,43" hai3="24,62,125,134,107,38,8,73,56,29,132,97,19"/><T110/><D69/><U36/><E118/><V86/><F130/><W40/><G73/><T63/><D116/><U109/><E109/><N who="0" m="42089" /><D63/><U41/><E131/><V84/><F119/><W112/><G112/><T48/><D122/><U117/><E117/><V11/><F99/><W10/><G125/><N who="2" m="47625" /><F80/><W76/><G76/><T98/><D46/><U55/><E75/><V120/><F120/><W59/><G59/><T51/><D25/><U17/><E70/><V28/><F43/><W49/><G38/><T135/><D135/><U113/><E41/><V42/><F42/><W68/><G68/><T0/><D0/><U26/><E36/><V54/><F37/><W52/><G107/><T104/><D96/><U83/><E2/><V21/><F54/><W94/><G134/><T14/><D14/><U39/><E55/><V27/><F64/><W16/><G132/><T78/><D78/><U102/><E65/><V95/><F71/><W74/><G74/><T72/><D72/><U60/><E39/><V35/><F84/><W81/><G81/><AGARI ba="1,0" hai="48,50,51,77,81,85,92,98,100,104,106" m="42089" machi="81" ten="30,1500,0" yaku="10,1" doraHai="23" who="0" fromWho="3" sc="440,18,276,0,100,0,184,-18" /><INIT seed="4,2,0,0,5,3" ten="458,276,100,166" oya="0" hai0="89,18,32,95,108,31,7,99,124,82,0,97,120" hai1="91,55,22,41,59,115,42,68,12,49,38,79,16" hai2="71,133,128,117,135,132,43,116,46,106,75,118,80" hai3="125,11,105,66,1,20,101,69,126,130,5,63,17"/><T56/><D120/><U52/><E68/><V72/><F71/><W28/><G130/><T86/><D124/><U6/><E79/><V60/><F106/><W122/><G122/><T74/><D74/><N who="2" m="28202" /><F80/><W129/><G129/><T19/><D108/><U94/><E115/><V84/><F84/><W33/><G101/><T35/><D99/><U50/><E38/><N who="2" m="21879" /><F60/><W104/><G126/><T102/><D31/><U67/><E67/><V85/><F85/><W110/><G110/><T73/><D73/><U30/><E30/><V29/><F29/><W13/><REACH who="3" step="1"/><G125/><REACH who="3" ten="458,276,100,156" step="2"/><T96/><D102/><U23/><E23/><V14/><F14/><W64/><G64/><T27/><D35/><U92/><E12/><V88/><F88/><W48/><G48/><T36/><D32/><U119/><E91/><V131/><AGARI ba="2,1" hai="116,117,118,128,131,132,133,135" m="21879,28202" machi="131" ten="50,6400,0" yaku="12,1,20,1,23,1" doraHai="3" who="2" fromWho="2" sc="458,-34,276,-18,100,80,156,-18" /><INIT seed="5,0,0,1,3,69" ten="424,258,180,138" oya="1" hai0="0,92,8,107,17,123,77,62,129,19,127,84,67" hai1="83,61,40,112,76,119,104,124,11,73,90,128,54" hai2="82,26,33,108,118,66,51,98,81,133,135,121,71" hai3="114,93,24,41,59,96,4,94,6,89,1,132,23"/><U15/><E119/><V38/><F108/><W100/><G114/><T126/><D107/><U53/><E112/><V63/><F118/><W80/><G132/><N who="2" m="50761" /><F121/><W16/><G1/><T102/><D77/><U2/><E2/><V48/><F98/><W9/><G80/><N who="2" m="30825" /><F38/><W49/><G9/><T30/><D30/><AGARI ba="0,0" hai="26,30,33,48,51,63,66,71" m="30825,50761" machi="30" ten="30,1000,0" yaku="20,1" doraHai="69" who="2" fromWho="0" sc="424,-10,258,0,180,10,138,0" /><INIT seed="6,0,0,4,5,74" ten="414,258,190,138" oya="2" hai0="109,66,27,4,77,111,14,21,76,101,108,43,90" hai1="94,62,102,129,75,13,25,1,119,114,135,26,37" hai2="93,82,134,80,123,110,87,20,120,7,38,44,35" hai3="6,41,23,70,67,78,50,16,22,49,32,56,73"/><V127/><F35/><W15/><G32/><T28/><D101/><U47/><E1/><V103/><F7/><W100/><G6/><T121/><D121/><N who="2" m="46666" /><F20/><W60/><G100/><T18/><D4/><U88/><E102/><V52/><F52/><W84/><G73/><T39/><D66/><U57/><E13/><V10/><F10/><W115/><G115/><T8/><REACH who="0" step="1"/><D90/><REACH who="0" ten="404,258,190,138" step="2"/><U83/><E88/><N who="2" m="53407" /><F103/><W105/><G105/><T91/><D91/><U92/><E114/><V5/><F5/><W11/><G70/><T79/><D79/><U71/><E71/><V30/><F110/><W63/><G63/><T33/><D33/><U12/><E62/><V17/><F134/><W42/><G49/><T124/><D124/><U9/><E135/><V40/><F127/><W24/><G50/><T131/><D131/><U31/><E129/><V98/><F98/><W81/><REACH who="3" step="1"/><G24/><REACH who="3" ten="404,258,190,128" step="2"/><T107/><D107/><U106/><E106/><V118/><F118/><W104/><G104/><T96/><D96/><U72/><E119/><V55/><F38/><W113/><G113/><T54/><D54/><U132/><E37/><V3/><F55/><W68/><G68/><T34/><D34/><U89/><E26/><V85/><F3/><W65/><G65/><T29/><D29/><U2/><E2/><V116/><F116/><W86/><G86/><T36/><D36/><U133/><E25/><V130/><F130/><W58/><G58/><T69/><D69/><U95/><E57/><V99/><F30/><W128/><G128/><T46/><AGARI ba="0,2" hai="8,14,18,21,27,28,39,43,46,76,77,108,109,111" machi="46" ten="40,8000,1" yaku="1,1,0,1,52,2,53,0" doraHai="74" doraHaiUra="117" who="0" fromWho="0" sc="404,100,258,-20,190,-40,128,-20" /><INIT seed="7,0,0,0,3,19" ten="504,238,150,108" oya="3" hai0="0,24,5,40,134,107,91,78,23,118,128,90,111" hai1="27,12,66,8,45,122,37,16,11,47,50,132,44" hai2="97,33,64,15,117,30,89,125,55,88,92,56,25" hai3="69,1,84,17,130,120,35,57,32,79,29,9,39"/><W70/><G39/><T49/><D91/><U129/><E122/><V135/><F117/><W80/><G120/><T75/><D49/><U74/><E74/><V121/><F121/><W60/><G130/><T59/><D23/><N who="1" m="13799" /><E37/><V100/><F135/><W63/><G63/><T10/><D10/><U133/><E129/><V62/><F125/><W65/><G29/><T76/><D59/><U28/><E28/><V115/><F115/><W48/><G48/><T41/><D90/><U73/><E73/><V81/><F81/><W131/><G131/><T26/><D26/><U93/><E66/><V96/><F15/><W98/><G98/><T77/><D77/><U6/><E93/><V72/><F72/><W34/><REACH who="3" step="1"/><G17/><REACH who="3" ten="504,238,150,98" step="2"/><T99/><D5/><AGARI ba="0,1" hai="1,5,9,32,34,35,57,60,65,69,70,79,80,84" machi="5" ten="40,3900,0" yaku="1,1,2,1,53,0" doraHai="19" doraHaiUra="101" who="3" fromWho="0" sc="504,-39,238,0,150,0,98,49" /><INIT seed="7,1,0,1,0,25" ten="465,238,150,147" oya="3" hai0="92,65,23,35,1,50,31,118,49,15,111,5,135" hai1="74,22,126,88,105,36,11,27,120,75,76,83,79" hai2="62,117,81,20,28,89,106,51,129,29,64,7,119" hai3="42,59,26,34,113,4,112,91,69,53,123,24,128"/><W84/><G123/><T54/><D111/><U130/><E36/><V82/><F106/><W93/><G69/><T127/><D35/><U132/><E120/><V58/><F129/><W21/><G128/><T12/><D1/><U47/><E105/><V61/><F7/><W97/><G42/><T116/><D65/><U44/><E130/><V121/><F121/><W134/><G4/><T98/><D50/><U96/><E132/><V125/><F125/><W8/><G8/><T37/><D37/><U100/><E126/><V104/><F104/><W70/><G70/><T90/><D15/><U17/><E11/><V39/><F39/><W43/><G43/><T67/><D67/><U19/><E19/><V99/><F51/><W13/><G134/><T56/><D135/><U30/><E17/><V6/><F6/><W52/><G53/><T122/><D122/><U131/><E131/><V133/><F133/><W57/><G57/><T38/><D38/><U80/><E88/><V87/><F117/><W14/><G97/><T63/><D127/><U77/><E77/><V48/><F119/><W107/><G107/><T41/><D41/><U55/><E55/><V95/><F81/><W109/><G109/><T40/><D40/><U46/><E96/><V85/><F99/><W86/><G34/><T32/><D32/><U9/><E9/><V33/><F33/><W45/><G45/><T78/><D5/><U94/><E94/><V3/><F64/><W71/><G71/><T0/><D0/><U2/><E2/><V124/><F124/><W73/><G73/><T68/><D116/><RYUUKYOKU ba="1,0" sc="465,-10,238,30,150,-10,147,-10" hai1="22,27,30,44,46,47,74,75,76,79,80,83,100" owari="455,55.0,268,7.0,140,-26.0,137,-36.0" /></mjloggm>