<mjloggm ver="2.3"><GO type="169" lobby="0"/><UN n0="%E3%81%AF%E3%81%92%E3%81%A1%E3%82%87%E3%81%8F" n1="%3D%E5%9C%92%E5%9F%8E%E5%AF%BA%E6%80%9C%3D" n2="%E3%82%A6%E3%83%AB%E3%83%88%E3%83%A9%E7%AB%8B%E7%9B%B4" n3="%E3%83%84%E3%83%AC%E3%82%AA" dan="18,18,17,17" rate="2246.08,2169.77,2133.31,2216.60" sx="M,F,M,M"/><TAIKYOKU oya="0"/><INIT seed="0,0,0,2,4,59" ten="250,250,250,250" oya="0" hai0="99,25,7,71,108,67,27,82,66,131,85,114,16" hai1="109,121,115,74,107,33,101,37,129,0,28,64,29" hai2="106,53,63,83,130,52,91,13,69,81,117,36,133" hai3="43,94,132,50,30,111,87,89,68,22,80,41,70"/><T4/><D114/><U125/><RYUUKYOKU type="yao9" ba="0,0" sc="250,0,250,0,250,0,250,0" hai1="0,28,29,33,37,64,74,101,107,109,115,121,125,129" /><INIT seed="0,1,0,5,3,131" ten="250,250,250,250" oya="0" hai0="85,125,45,18,26,10,119,52,44,3,115,4,133" hai1="11,41,107,102,111,69,24,37,9,106,103,72,78" hai2="114,120,70,86,74,130,48,33,39,1,27,113,116" hai3="34,7,6,66,65,22,23,84,67,17,79,98,15"/><T55/><D115/><U90/><E69/><V30/><F86/><W12/><G34/><T96/><D119/><U20/><E37/><V57/><F27/><W59/><G59/><T38/><D125/><U97/><E41/><V42/><F30/><W122/><G122/><T87/><D96/><U14/><E72/><V94/><F94/><W124/><G124/><T88/><D85/><U73/><E73/><V35/><F48/><W50/><G50/><T0/><D0/><U75/><E75/><V127/><F57/><W43/><G43/><T16/><D133/><U47/><E78/><V121/><F42/><W77/><G98/><T104/><D104/><U135/><E47/><V128/><F35/><W110/><G110/><T95/><D38/><U54/><E111/><V51/><F51/><W19/><REACH who="3" step="1"/><G77/><REACH who="3" ten="250,250,250,240" step="2"/><T62/><D62/><U53/><E97/><V64/><F120/><W29/><G29/><T101/><D101/><U46/><E103/><V60/><F60/><W83/><AGARI ba="1,1" hai="6,7,12,15,17,19,22,23,65,66,67,79,83,84" machi="83" ten="30,12000,2" yaku="1,1,0,1,9,1,8,1,53,2" doraHai="131" doraHaiUra="13" who="3" fromWho="3" sc="250,-61,250,-31,250,-31,240,133" /><INIT seed="1,0,0,1,1,123" ten="189,219,219,373" oya="1" hai0="21,23,68,60,88,81,78,7,130,54,103,119,47" hai1="29,132,75,80,87,6,2,20,100,105,94,63,30" hai2="56,16,37,49,133,135,12,90,4,92,99,96,69" hai3="112,126,0,48,33,89,102,127,1,9,97,58,17"/><U104/><E2/><V66/><F37/><W39/><G39/><T77/><D119/><U38/><E6/><V25/><F4/><W26/><G112/><T121/><D121/><U15/><E75/><V50/><F25/><W62/><G89/><T32/><D32/><U91/><E38/><V36/><F99/><W129/><G48/><T40/><D130/><U27/><E30/><V118/><F36/><W34/><G129/><T128/><D103/><U53/><E132/><N who="2" m="50763" /><F69/><W122/><G122/><T52/><D128/><U67/><E15/><V116/><F49/><W115/><G115/><T131/><D7/><U113/><E53/><N who="2" m="31799" /><F66/><W14/><G33/><T13/><D131/><U11/><E113/><V76/><F76/><W70/><G70/><T82/><D40/><U117/><E117/><V101/><F101/><W110/><G26/><T42/><D42/><U46/><E46/><V93/><F93/><W106/><G34/><T18/><D47/><U8/><E104/><V24/><F24/><W51/><G51/><T65/><D78/><U124/><E105/><V43/><F43/><W85/><G85/><T111/><D77/><U57/><E124/><N who="3" m="47658" /><G0/><T59/><D54/><U10/><REACH who="1" step="1"/><E100/><REACH who="1" ten="189,209,219,373" step="2"/><V74/><F74/><W120/><G1/><T109/><D52/><U64/><E64/><V84/><F96/><W114/><G114/><T108/><D65/><U98/><E98/><V5/><F5/><W134/><G120/><T22/><D13/><U3/><E3/><V73/><F73/><W35/><G134/><T72/><D72/><U86/><E86/><V61/><F118/><RYUUKYOKU ba="0,1" sc="189,-10,209,30,219,-10,373,-10" hai1="8,10,11,20,27,29,57,63,67,80,87,91,94" /><INIT seed="1,1,1,1,0,67" ten="179,239,209,363" oya="1" hai0="93,98,90,123,10,20,53,44,75,81,64,28,18" hai1="61,100,107,47,88,99,45,117,134,60,133,70,58" hai2="8,106,34,0,63,112,79,30,21,114,115,66,1" hai3="55,31,129,40,14,89,131,69,105,49,41,77,6"/><U128/><E117/><V24/><F79/><W46/><G105/><T109/><D123/><U57/><E128/><N who="3" m="49226" /><G77/><T84/><D109/><U92/><E70/><N who="2" m="42335" /><F106/><W42/><G31/><T16/><D75/><U12/><E12/><V9/><F34/><W15/><G6/><T22/><D64/><U35/><E35/><V72/><F72/><W122/><G122/><T85/><D85/><U94/><E107/><V65/><F65/><W73/><G73/><T76/><D10/><AGARI ba="1,1" hai="0,1,8,9,10,21,24,30,112,114,115" m="42335" machi="10" ten="30,2000,0" yaku="11,1,52,1" doraHai="67" who="2" fromWho="0" sc="179,-23,239,0,209,33,363,0" /><INIT seed="2,0,0,1,0,106" ten="156,239,242,363" oya="2" hai0="103,132,72,125,53,98,24,28,111,94,35,115,71" hai1="91,48,93,133,126,17,34,23,68,79,8,2,22" hai2="62,25,13,95,123,66,81,84,31,75,100,131,70" hai3="47,128,112,119,104,124,55,89,92,121,120,99,26"/><V15/><F131/><W33/><G119/><T77/><D115/><U14/><E68/><V52/><F123/><W27/><G128/><T105/><D111/><U74/><E34/><V10/><F100/><W108/><G108/><T16/><D125/><U42/><E2/><V61/><F95/><W116/><G116/><T11/><D132/><U39/><E39/><V96/><F96/><W129/><G129/><T67/><D53/><U86/><E126/><V73/><F61/><W65/><G124/><T6/><D94/><U134/><E42/><V78/><F52/><W50/><G65/><T43/><D43/><U37/><E48/><V110/><F110/><W44/><G112/><T12/><D77/><U4/><E37/><V130/><F130/><W87/><G47/><T1/><D72/><U21/><REACH who="1" step="1"/><E4/><REACH who="1" ten="156,229,242,363" step="2"/><V88/><F78/><W76/><G76/><T3/><D6/><U80/><AGARI ba="0,1" hai="8,14,17,21,22,23,74,79,80,86,91,93,133,134" machi="80" ten="30,8000,1" yaku="1,1,2,1,0,1,52,1,53,1" doraHai="106" doraHaiUra="9" who="1" fromWho="1" sc="156,-20,229,90,242,-40,363,-20" /><INIT seed="3,0,0,4,2,2" ten="136,319,202,343" oya="3" hai0="19,87,48,86,35,42,92,52,61,106,81,134,105" hai1="8,64,130,77,121,39,127,47,69,33,60,99,65" hai2="104,53,109,37,133,67,101,96,22,118,84,132,3" hai3="54,111,108,73,56,95,1,51,14,40,24,26,120"/><W129/><G1/><T131/><D35/><U119/><E33/><V102/><F37/><W116/><G116/><T50/><D131/><U72/><E65/><V0/><F67/><W9/><G120/><T7/><D134/><N who="2" m="51818" /><F118/><W4/><G129/><T44/><D61/><U15/><E121/><V123/><F109/><N who="3" m="42059" /><G73/><T66/><D66/><U43/><E127/><V38/><F38/><W10/><G10/><T29/><D29/><U17/><E130/><V93/><F123/><W80/><G80/><T98/><D19/><U113/><E113/><V126/><F126/><W41/><G95/><T90/><D7/><U59/><E72/><V68/><F68/><W83/><G83/><T110/><D110/><U11/><E69/><V36/><F36/><W58/><G58/><T30/><D30/><U55/><E39/><V122/><F122/><W88/><G88/><T117/><D117/><U82/><E82/><V34/><F0/><W76/><G76/><T23/><D23/><U12/><E77/><V6/><F34/><W16/><G26/><T75/><D75/><U89/><E119/><V125/><F125/><W31/><G31/><T94/><D94/><U91/><E91/><N who="2" m="53479" /><F22/><AGARI ba="0,0" hai="4,9,14,16,22,24,40,41,51,54,56" m="42059" machi="22" ten="30,11600,0" yaku="14,1,10,1,52,1,54,1" doraHai="2" who="3" fromWho="2" sc="136,0,319,0,202,-116,343,116" /><INIT seed="3,1,0,0,0,16" ten="136,319,86,459" oya="3" hai0="15,113,11,1,34,73,109,84,95,108,126,27,19" hai1="92,105,37,74,115,60,127,135,82,42,90,96,102" hai2="7,101,91,89,125,77,49,25,131,61,132,43,59" hai3="123,78,48,72,5,3,118,99,111,0,69,35,21"/><W116/><G35/><T112/><D73/><U12/><E37/><V71/><F71/><W18/><G123/><T44/><D44/><U97/><E42/><V88/><F131/><W28/><G28/><N who="0" m="19743" /><D84/><U57/><E115/><N who="0" m="44105" /><D95/><U10/><E127/><V51/><F125/><W47/><G69/><T94/><D94/><U68/><E135/><V13/><F132/><W110/><G99/><T52/><D52/><U122/><E122/><V26/><F101/><W39/><G39/><T120/><D120/><U86/><E68/><V62/><F77/><W41/><G78/><T63/><D63/><N who="2" m="24074" /><F43/><W104/><G104/><T2/><D126/><U38/><E38/><V14/><F7/><W133/><G72/><T93/><D93/><U103/><E74/><V67/><F67/><W130/><G133/><T32/><D32/><U117/><E102/><V75/><F75/><W129/><G116/><T54/><D54/><U50/><E117/><V70/><F70/><W8/><G0/><AGARI ba="1,0" hai="0,1,2,11,15,19,108,109" m="44105,19743" machi="0" ten="30,3900,0" yaku="11,1,34,2" doraHai="16" who="0" fromWho="3" sc="136,42,319,0,86,0,459,-42" /><INIT seed="4,0,0,4,2,93" ten="178,319,86,417" oya="0" hai0="12,37,65,128,109,0,52,32,19,1,39,84,113" hai1="100,111,33,90,83,25,99,87,11,49,82,34,17" hai2="29,54,80,117,43,114,77,71,134,57,56,36,42" hai3="70,127,20,18,61,16,9,62,130,106,91,24,68"/><T92/><BYE who="2" /><D32/><UN n2="%E3%82%A6%E3%83%AB%E3%83%88%E3%83%A9%E7%AB%8B%E7%9B%B4" /><U124/><E111/><V133/><F29/><W53/><G130/><T60/><D128/><U103/><E103/><V121/><F80/><W7/><G127/><T69/><D113/><U75/><E124/><V44/><F77/><W110/><G110/><T10/><D109/><U115/><E115/><V26/><F26/><W22/><G106/><T120/><D120/><U116/><E116/><V46/><F121/><W101/><G101/><T76/><D0/><U40/><E40/><BYE who="1" /><V38/><F114/><W125/><G125/><T107/><D107/><U135/><E135/><V48/><F117/><W31/><G31/><T72/><D1/><U104/><E104/><V8/><F8/><W123/><G123/><UN n1="%3D%E5%9C%92%E5%9F%8E%E5%AF%BA%E6%80%9C%3D" /><T59/><D72/><U131/><E131/><V2/><F2/><W73/><G73/><T119/><D119/><U132/><E132/><V28/><F28/><W51/><G9/><T13/><D13/><U108/><E108/><V105/><F105/><W41/><G41/><T58/><D69/><U78/><E25/><V66/><F56/><W112/><G7/><T88/><REACH who="0" step="1"/><D76/><REACH who="0" ten="168,319,86,417" step="2"/><U129/><E129/><V47/><REACH who="2" step="1"/><F47/><REACH who="2" ten="168,319,76,417" step="2"/><N who="3" m="27903" /><G112/><T45/><D45/><U5/><E34/><V94/><F94/><W30/><G70/><T63/><AGARI ba="0,2" hai="10,12,19,37,39,52,58,59,60,63,65,84,88,92" machi="63" ten="20,18000,2" yaku="1,1,0,1,7,1,54,2,53,1" doraHai="93" doraHaiUra="50" who="0" fromWho="0" sc="168,200,319,-60,76,-60,417,-60" /><INIT seed="4,1,0,1,2,109" ten="368,259,16,357" oya="0" hai0="63,31,85,86,59,12,32,55,67,78,49,53,114" hai1="68,38,10,93,11,112,104,83,81,30,128,80,87" hai2="56,105,9,29,52,6,61,15,37,126,110,14,4" hai3="92,96,123,0,121,57,133,76,71,51,39,42,130"/><T72/><D114/><U2/><E68/><V77/><F110/><W116/><G71/><T102/><D102/><U98/><E38/><V69/><F105/><W117/><G0/><T119/><D119/><N who="3" m="45641" /><G39/><T94/><D55/><U43/><E43/><V125/><F37/><W58/><G76/><T46/><D94/><U115/><E30/><V22/><F77/><W91/><G133/><T95/><D95/><U131/><E2/><V65/><F29/><W103/><G103/><T120/><D120/><N who="3" m="46153" /><G130/><N who="1" m="49706" /><E87/><V35/><F35/><W134/><G134/><T13/><D72/><U27/><E27/><V48/><REACH who="2" step="1"/><F22/><REACH who="2" ten="368,259,6,357" step="2"/><W122/><G122/><T111/><D111/><U99/><E99/><V62/><BYE who="1" /><F62/><W28/><G28/><T84/><D78/><U50/><E50/><V66/><F66/><W79/><G79/><T101/><REACH who="0" step="1"/><D101/><REACH who="0" ten="358,259,6,357" step="2"/><UN n1="%3D%E5%9C%92%E5%9F%8E%E5%AF%BA%E6%80%9C%3D" /><U47/><E104/><V89/><F89/><W23/><G23/><T16/><D16/><U106/><E106/><V3/><F3/><W24/><G24/><AGARI ba="1,2" hai="12,13,24,31,32,46,49,53,59,63,67,84,85,86" machi="24" ten="40,2000,0" yaku="1,1,53,0" doraHai="109" doraHaiUra="74" who="0" fromWho="3" sc="358,43,259,0,6,0,357,-23" /><INIT seed="4,2,0,2,1,68" ten="401,259,6,334" oya="0" hai0="12,25,32,103,100,119,117,95,72,77,102,78,65" hai1="67,64,115,33,116,81,1,17,56,91,15,107,5" hai2="128,27,37,66,121,6,120,111,97,80,123,18,134" hai3="50,94,74,8,105,29,96,43,89,132,59,76,79"/><T129/><D65/><U135/><E107/><V101/><F18/><W28/><G132/><T41/><D41/><U39/><E33/><V133/><F27/><W2/><G105/><T82/><D12/><U42/><E116/><N who="0" m="44617" /><D25/><U19/><E135/><N who="2" m="51723" /><F66/><W85/><G74/><N who="0" m="43319" /><D32/><U86/><E115/><V108/><F6/><W38/><G38/><T73/><D129/><U126/><E126/><V30/><F30/><N who="3" m="11883" /><G2/><T75/><D78/><U88/><E64/><V13/><F13/><W24/><G24/><T26/><D26/><U51/><E1/><V34/><F34/><W60/><G8/><T63/><D63/><N who="1" m="38375" /><E39/><V104/><F37/><W35/><G35/><T114/><D114/><U131/><E5/><V4/><F4/><W44/><G60/><T22/><D22/><U23/><E131/><V127/><F128/><W98/><G59/><T71/><D71/><U83/><E19/><V61/><F61/><W16/><G16/><T112/><D112/><U48/><E42/><V3/><F3/><W69/><G69/><T90/><D72/><U118/><E118/><V46/><F46/><W52/><G43/><T9/><D9/><U87/><E48/><V7/><F7/><W99/><AGARI ba="2,0" hai="44,50,52,76,79,85,89,94,96,98,99" m="11883" machi="99" ten="30,2000,0" yaku="8,1,54,1" doraHai="68" who="3" fromWho="3" sc="401,-12,259,-7,6,-7,334,26" owari="389,49.0,252,-15.0,-1,-50.0,360,16.0" /></mjloggm>