<mjloggm ver="2.3"><GO type="169" lobby="0"/><UN n0="%E3%83%88%E3%83%88%E3%83%AA%E5%85%88%E7%94%9F%31%39%E6%AD%B3" n1="%67%6F%75%73%69" n2="%E3%81%BB%E3%81%97%E3%81%AE%E3%81%99%E3%81%9A%E3%81%BF" n3="%E9%9D%A2%E6%B8%85%E3%81%AE%E3%83%90%E3%83%93%E3%82%A3" dan="18,17,16,16" rate="2192.95,2151.67,2111.45,2098.22" sx="F,M,F,M"/><TAIKYOKU oya="0"/><INIT seed="0,0,0,3,3,12" ten="250,250,250,250" oya="0" hai0="53,8,20,58,17,13,16,124,116,55,66,43,29" hai1="11,54,78,93,31,71,26,111,103,27,72,50,83" hai2="14,89,98,81,130,60,113,127,114,125,84,5,64" hai3="99,51,109,77,3,118,19,90,24,35,49,32,128"/><T73/><D116/><U25/><E71/><V110/><F110/><W39/><G3/><T65/><D73/><U101/><E111/><V115/><F130/><W9/><G39/><T67/><D124/><U123/><E123/><V91/><F5/><W134/><G77/><T21/><D43/><U108/><E108/><V36/><F36/><W2/><G128/><T79/><D79/><U105/><E105/><V100/><F14/><W47/><G134/><T132/><D132/><U42/><E42/><V7/><F7/><W40/><G118/><T97/><D97/><U112/><E112/><V133/><F133/><W107/><G2/><T126/><D126/><N who="2" m="48138" /><F60/><W34/><G107/><T106/><D106/><U62/><E62/><V45/><F45/><W57/><G109/><T86/><D86/><U119/><E119/><V131/><F64/><W87/><G99/><T121/><D121/><U41/><E41/><V104/><F131/><W122/><G122/><T95/><D95/><U135/><E135/><V69/><F69/><W1/><G1/><T38/><D38/><U10/><E31/><V59/><F59/><W70/><G70/><T92/><D92/><U88/><E101/><V23/><F23/><N who="0" m="8778" /><D29/><U96/><REACH who="1" step="1"/><E103/><REACH who="1" ten="250,240,250,250" step="2"/><V74/><F74/><W0/><G40/><T4/><D55/><U52/><E52/><V120/><F120/><W30/><G30/><T102/><D102/><U80/><E80/><V63/><F63/><AGARI ba="0,1" hai="4,8,13,16,17,53,58,63,65,66,67" m="8778" machi="63" ten="30,11600,0" yaku="8,1,52,2,54,1" doraHai="12" who="0" fromWho="2" sc="250,126,240,0,250,-116,250,0" /><INIT seed="0,1,0,2,2,25" ten="376,240,134,250" oya="0" hai0="86,53,59,51,125,0,83,117,8,31,9,120,135" hai1="76,47,133,30,19,73,95,128,71,45,20,112,116" hai2="131,79,11,41,23,67,85,70,63,114,123,108,17" hai3="40,56,49,80,84,69,7,111,101,60,74,12,54"/><T38/><D117/><U3/><E71/><V89/><F114/><W115/><G74/><T129/><D120/><U48/><E3/><V68/><F123/><W21/><G69/><T110/><D38/><U113/><E116/><V122/><F122/><W34/><G34/><T121/><D121/><U90/><E128/><V35/><F131/><W22/><G115/><T87/><D129/><U52/><E133/><V37/><F79/><W88/><G101/><T4/><D135/><U26/><E45/><V105/><F105/><W6/><G111/><T16/><D110/><U72/><E72/><V13/><F108/><W18/><G22/><T64/><D125/><U43/><E43/><V14/><F35/><W100/><G100/><T28/><D64/><U62/><E62/><V130/><F130/><W132/><G132/><T92/><D92/><U107/><E107/><V126/><F126/><W118/><G118/><T109/><D109/><U27/><E76/><V98/><F70/><W10/><G21/><T104/><D104/><U124/><E73/><V42/><F37/><W77/><G77/><T50/><D50/><U61/><E61/><V78/><F78/><W127/><G127/><T81/><D81/><U102/><E102/><V96/><F42/><W119/><G119/><T2/><D83/><U44/><E44/><AGARI ba="1,0" hai="6,7,10,12,18,40,44,49,54,56,60,80,84,88" machi="44" ten="40,2600,0" yaku="8,1,54,1" doraHai="25" who="3" fromWho="1" sc="376,0,240,-29,134,0,250,29" /><INIT seed="1,0,0,1,3,5" ten="376,211,134,279" oya="1" hai0="135,24,13,122,12,6,114,131,107,118,11,56,74" hai1="87,88,105,54,14,44,78,32,41,100,67,58,94" hai2="125,61,20,17,31,16,26,50,85,89,37,68,108" hai3="83,72,101,46,103,98,40,59,80,79,66,60,49"/><U28/><E67/><V111/><F37/><W9/><G98/><T7/><D107/><U33/><E28/><V106/><F106/><W3/><G83/><T96/><D74/><U91/><E78/><V53/><F125/><W95/><G95/><T29/><D118/><U76/><E76/><V71/><F71/><W25/><G25/><T92/><D114/><U70/><E70/><V18/><F61/><W130/><G130/><T132/><D131/><U64/><E64/><V4/><F68/><W121/><G121/><T86/><D86/><U112/><E112/><V62/><F62/><W120/><G120/><T119/><D56/><U1/><E1/><V42/><F42/><W82/><G82/><T34/><D119/><U73/><E73/><V84/><F4/><W45/><G46/><T69/><D69/><U27/><E27/><V22/><F22/><W75/><G72/><T81/><D81/><U63/><E91/><V116/><F116/><W133/><G133/><T124/><D124/><U57/><E57/><V8/><F8/><W113/><G113/><T117/><D122/><U123/><E123/><V52/><F89/><W10/><REACH who="3" step="1"/><G3/><REACH who="3" ten="376,211,134,269" step="2"/><T2/><D117/><U48/><E105/><V21/><F26/><W30/><G30/><T90/><D2/><U43/><E100/><AGARI ba="0,1" hai="9,10,40,45,49,59,60,66,75,79,80,100,101,103" machi="100" ten="40,5200,0" yaku="1,1,52,2,53,0" doraHai="5" doraHaiUra="109" who="3" fromWho="1" sc="376,0,211,-52,134,0,269,62" /><INIT seed="2,0,0,4,1,16" ten="376,159,134,331" oya="2" hai0="17,48,13,128,134,1,112,29,80,26,58,123,81" hai1="105,110,125,10,70,15,66,86,67,113,12,64,62" hai2="79,14,61,22,41,93,108,88,25,44,129,11,130" hai3="111,4,103,56,31,84,68,28,78,3,42,54,122"/><V98/><F79/><W21/><G68/><T65/><D112/><U91/><E113/><V100/><F100/><W57/><G42/><T55/><D123/><U120/><E105/><V133/><F133/><W95/><G122/><T115/><D115/><U104/><E104/><V114/><F114/><W82/><G4/><T126/><D1/><U40/><E120/><V99/><F99/><W73/><G111/><T49/><D134/><U38/><E110/><V59/><F108/><W83/><G3/><T71/><D128/><U72/><E72/><V131/><F44/><W69/><G69/><T94/><D126/><U36/><E12/><V33/><F33/><W52/><G103/><T77/><D49/><U8/><E10/><V60/><F41/><W101/><G101/><T7/><D7/><U109/><E109/><V87/><F87/><W9/><G95/><T119/><D119/><U39/><E40/><V92/><F92/><W53/><G73/><T32/><D94/><U97/><E97/><V74/><F74/><W0/><G0/><T132/><D77/><U35/><E35/><V18/><F59/><N who="3" m="22603" /><G83/><T5/><D5/><AGARI ba="0,0" hai="5,11,14,18,22,25,60,61,88,93,98,129,130,131" machi="5" ten="40,7700,0" yaku="19,1,52,1,54,1" doraHai="16" who="2" fromWho="0" sc="376,-77,159,0,134,77,331,0" /><INIT seed="2,1,0,5,4,9" ten="299,159,211,331" oya="2" hai0="129,24,135,114,6,54,1,94,50,134,88,16,57" hai1="122,71,61,110,125,119,3,111,130,105,121,118,113" hai2="45,98,55,11,18,41,133,36,39,48,126,70,42" hai3="44,93,103,52,22,56,104,66,92,95,67,96,131"/><V34/><F34/><W12/><G131/><T13/><D114/><U49/><E3/><V109/><F133/><N who="0" m="50698" /><D129/><U99/><E130/><V101/><F126/><W30/><G44/><T68/><D68/><U86/><E125/><V5/><F70/><W64/><G30/><T100/><D100/><N who="1" m="62623" /><E49/><V7/><F109/><N who="1" m="41481" /><E61/><V83/><F83/><W120/><G120/><N who="1" m="46186" /><E71/><V128/><F128/><W37/><G37/><T74/><D74/><U112/><E86/><V97/><F36/><W0/><G0/><T77/><D24/><U102/><E102/><V8/><F39/><W106/><G22/><N who="0" m="11535" /><D1/><U58/><E58/><V43/><F101/><W79/><G103/><T123/><D123/><U69/><E69/><V31/><F98/><W17/><G96/><N who="0" m="57415" /><D6/><U80/><E80/><V35/><F5/><W63/><G106/><T38/><D38/><U26/><E26/><V4/><F7/><W60/><G104/><T33/><D33/><U91/><E91/><V75/><F4/><W89/><G89/><T116/><D57/><U21/><E21/><V72/><F35/><W132/><G132/><T19/><D50/><U46/><E46/><V81/><F45/><W117/><G63/><T127/><D127/><U107/><E107/><V76/><F48/><W53/><G53/><T108/><D54/><U87/><E87/><V29/><F55/><W65/><G65/><T73/><D108/><U85/><E85/><V28/><F42/><W25/><G67/><T62/><D62/><U90/><E90/><V2/><F43/><W14/><G66/><T47/><D47/><U20/><E20/><RYUUKYOKU ba="1,0" sc="299,-10,159,30,211,-10,331,-10" hai1="112,113,118,119" /><INIT seed="3,2,0,4,0,67" ten="289,189,201,321" oya="3" hai0="106,102,77,99,118,110,135,13,34,115,81,57,119" hai1="101,2,49,131,25,98,121,36,75,129,48,37,113" hai2="71,16,116,54,83,66,107,43,64,15,105,91,59" hai3="86,130,61,19,70,45,122,47,3,112,123,87,134"/><W1/><G112/><T9/><D34/><U109/><E75/><V35/><F35/><W53/><G19/><T7/><D115/><U127/><E2/><V56/><F116/><W80/><G130/><N who="1" m="49674" /><E113/><V132/><F43/><W68/><G61/><T128/><D128/><U21/><E121/><V79/><F91/><W28/><G53/><T26/><D110/><U74/><E74/><V73/><F132/><W18/><G18/><T108/><D108/><U93/><E127/><V23/><F59/><W72/><G72/><T46/><D135/><U76/><E76/><V52/><F54/><W42/><G134/><T120/><D120/><U8/><E8/><V40/><F40/><W30/><G42/><T133/><D133/><U126/><E126/><V78/><F78/><W51/><G80/><T103/><D26/><U12/><E12/><V69/><F64/><W55/><G55/><T44/><D57/><U27/><E27/><V50/><REACH who="2" step="1"/><F66/><REACH who="2" ten="289,189,191,321" step="2"/><W14/><G51/><N who="1" m="19530" /><E109/><V11/><F11/><W24/><G24/><T85/><D118/><U96/><E36/><V114/><F114/><W111/><G111/><T97/><REACH who="0" step="1"/><D119/><REACH who="0" ten="279,189,191,321" step="2"/><U39/><E25/><V10/><F10/><W5/><G14/><T117/><D117/><U95/><E21/><V38/><F38/><W125/><G125/><T65/><D65/><U17/><E17/><V4/><F4/><AGARI ba="2,2" hai="1,3,4,5,28,30,45,47,68,70,86,87,122,123" machi="4" ten="25,9600,0" yaku="22,2,52,2" doraHai="67" who="3" fromWho="2" sc="279,0,189,0,191,-102,321,122" /><INIT seed="3,3,0,0,0,133" ten="279,189,89,443" oya="3" hai0="26,119,101,96,129,66,87,112,84,118,54,114,88" hai1="43,71,65,67,100,45,58,32,1,55,46,124,20" hai2="68,8,79,91,62,31,102,74,59,70,28,107,127" hai3="5,86,9,50,44,52,90,35,13,61,92,25,121"/><W36/><G121/><T38/><D38/><U85/><E32/><V27/><F8/><W60/><G36/><T21/><D66/><U23/><E1/><V14/><F14/><W120/><G120/><T49/><D129/><U41/><E100/><V105/><F91/><W72/><G72/><T95/><D49/><U122/><E85/><N who="0" m="32841" /><D54/><U76/><E76/><V30/><F27/><W39/><G39/><T16/><D101/><U69/><E58/><V81/><F127/><W37/><G37/><T98/><D98/><U115/><E122/><V18/><F18/><W63/><G35/><T116/><D116/><U78/><E78/><V4/><F4/><W19/><G25/><T111/><D111/><U128/><E55/><V33/><F33/><W17/><AGARI ba="3,0" hai="5,9,13,17,19,44,50,52,60,61,63,86,90,92" machi="17" ten="30,6000,0" yaku="0,1,8,1,54,1" doraHai="133" who="3" fromWho="3" sc="279,-23,189,-23,89,-23,443,69" /><INIT seed="3,4,0,1,3,123" ten="256,166,66,512" oya="3" hai0="7,63,109,85,68,101,15,113,72,97,79,99,125" hai1="52,8,69,107,133,23,31,103,112,128,74,119,42" hai2="56,21,110,71,106,6,9,67,96,47,5,41,65" hai3="19,60,22,1,86,64,87,135,2,33,35,48,25"/><W118/><G118/><T27/><D72/><U39/><E74/><V114/><F114/><W111/><G135/><T94/><D113/><U62/><E112/><V61/><F21/><W12/><G48/><T84/><D125/><U121/><E121/><V81/><F81/><W134/><G134/><T36/><D36/><U82/><E133/><V73/><F73/><W45/><G45/><T76/><D27/><U66/><E82/><V105/><F96/><W3/><G111/><T0/><D0/><U30/><E128/><V46/><F110/><W91/><G25/><T55/><D109/><U102/><E8/><V53/><F67/><W77/><G77/><T132/><D132/><U13/><E42/><V80/><F80/><W70/><REACH who="3" step="1"/><G91/><REACH who="3" ten="256,166,66,502" step="2"/><T32/><D76/><U17/><E119/><V57/><F46/><W126/><G126/><T10/><D79/><U88/><E88/><V58/><F47/><W43/><G43/><T20/><D63/><U44/><E62/><V75/><F41/><W11/><G11/><T98/><D10/><U38/><E44/><V26/><F9/><W129/><G129/><T127/><D127/><U40/><E40/><V59/><F26/><W28/><G28/><T120/><D120/><U34/><E30/><V108/><F108/><W124/><G124/><T49/><D49/><U116/><E31/><V4/><F75/><W51/><G51/><T83/><D15/><U78/><E13/><V14/><F14/><W93/><G93/><T100/><D94/><U18/><E116/><V50/><AGARI ba="4,1" hai="4,5,6,50,53,56,57,58,59,61,65,71,105,106" machi="50" ten="30,1100,0" yaku="0,1" doraHai="123" who="2" fromWho="2" sc="256,-7,166,-7,66,33,502,-9" /><INIT seed="4,0,0,1,1,19" ten="249,159,99,493" oya="0" hai0="135,114,26,64,2,129,42,0,18,79,21,81,71" hai1="1,36,49,95,55,118,92,106,9,53,41,50,15" hai2="45,17,121,48,38,68,122,85,5,47,120,8,109" hai3="128,119,56,133,84,59,62,66,72,78,110,107,76"/><T31/><D114/><U102/><E118/><V125/><F109/><W96/><G110/><T28/><D129/><U27/><E1/><V25/><F68/><W22/><G128/><T90/><D135/><U3/><E3/><V67/><F67/><W123/><G72/><T33/><D31/><U117/><E117/><V98/><F98/><W29/><G133/><T57/><D71/><U51/><E106/><V70/><F70/><W10/><G10/><T91/><D42/><U112/><E112/><V40/><F125/><W43/><G43/><T113/><D113/><U127/><E127/><V52/><F85/><W126/><G123/><T134/><D134/><U104/><E104/><V58/><F47/><W35/><G35/><T83/><D2/><U116/><E116/><V44/><F44/><W111/><G107/><T103/><D103/><U13/><E36/><V130/><F130/><W108/><G108/><T75/><D0/><U32/><E15/><V87/><F5/><W20/><G111/><T23/><D81/><U24/><E32/><V65/><F65/><W30/><G126/><T82/><D82/><U99/><E95/><V100/><F100/><W12/><G96/><T4/><D4/><N who="1" m="3239" /><E41/><V86/><REACH who="2" step="1"/><F8/><REACH who="2" ten="249,159,89,493" step="2"/><W131/><G131/><T46/><D46/><U14/><E53/><V74/><F74/><W73/><G73/><T61/><D33/><U97/><E55/><V63/><F63/><W124/><G124/><T101/><D101/><U93/><E99/><V6/><F6/><W77/><G119/><T105/><D105/><U115/><E102/><V7/><F7/><RYUUKYOKU ba="0,1" sc="249,15,159,-15,89,15,493,-15" hai0="18,21,23,26,28,57,61,64,75,79,83,90,91" hai2="17,25,38,40,45,48,52,58,86,87,120,121,122" /><INIT seed="4,1,1,3,4,6" ten="264,144,104,478" oya="0" hai0="65,24,78,122,132,75,92,63,26,3,49,87,130" hai1="108,7,25,16,94,5,34,125,10,83,79,86,14" hai2="119,133,8,99,18,80,114,58,4,2,131,67,40" hai3="56,126,102,95,88,61,45,66,46,33,93,84,19"/><T31/><D122/><U23/><E108/><V123/><F123/><W116/><G33/><T22/><D3/><U100/><E34/><V15/><F114/><W113/><G113/><T35/><D130/><U41/><E125/><V107/><F131/><W72/><G72/><T68/><D132/><U134/><E134/><V48/><F133/><W121/><G116/><T30/><D75/><U82/><E82/><V59/><F119/><W110/><G126/><T27/><D27/><U117/><E117/><V1/><F80/><W44/><G110/><T105/><D105/><U32/><E32/><V38/><F38/><W17/><G121/><T50/><REACH who="0" step="1"/><D78/><REACH who="0" ten="254,144,104,478" step="2"/><U28/><E41/><V0/><F107/><W112/><G112/><T20/><D20/><U64/><E64/><V115/><F115/><W90/><G102/><T62/><D62/><U127/><E127/><V60/><F67/><W111/><REACH who="3" step="1"/><G111/><REACH who="3" ten="254,144,104,468" step="2"/><T37/><D37/><U129/><E129/><V9/><F0/><W109/><G109/><T124/><D124/><U91/><REACH who="1" step="1"/><E100/><REACH who="1" ten="254,134,104,468" step="2"/><V81/><F1/><W120/><G120/><T39/><D39/><U69/><E69/><V76/><F2/><W73/><G73/><AGARI ba="1,4" hai="5,7,10,14,16,23,25,28,73,79,83,86,91,94" machi="73" ten="30,7700,0" yaku="1,1,7,1,52,1,54,1,53,0" doraHai="6" doraHaiUra="135" who="1" fromWho="3" sc="254,0,134,120,104,0,468,-80" /><INIT seed="5,0,0,4,1,13" ten="254,254,104,388" oya="1" hai0="66,131,62,15,12,69,64,86,76,40,124,36,100" hai1="32,82,58,134,19,83,38,67,14,122,113,54,108" hai2="25,65,5,121,56,28,29,53,71,55,102,120,94" hai3="3,43,111,99,11,51,9,79,125,107,61,105,93"/><U26/><E122/><V96/><F5/><W132/><G111/><T44/><D131/><U57/><E38/><V2/><F2/><W119/><G79/><T123/><D124/><U110/><E134/><V130/><F130/><W116/><G125/><T18/><D123/><U101/><E113/><V39/><F39/><W126/><G132/><T50/><D100/><U88/><E101/><V73/><F73/><W16/><G61/><T23/><D64/><U4/><E4/><V81/><F81/><W0/><G51/><T133/><D133/><U30/><E67/><V84/><F84/><W74/><G74/><T68/><D76/><U72/><E72/><V115/><F115/><W103/><G43/><T17/><D86/><N who="1" m="50263" /><E54/><V49/><F55/><W78/><G78/><T127/><D127/><U128/><E83/><V35/><F28/><W27/><G126/><T89/><D89/><U24/><E24/><V59/><F71/><W104/><G0/><T52/><D68/><U42/><E42/><V92/><F92/><W7/><G27/><T48/><REACH who="0" step="1"/><D52/><REACH who="0" ten="244,254,104,388" step="2"/><U6/><E128/><V41/><F41/><W20/><REACH who="3" step="1"/><G11/><AGARI ba="0,1" hai="11,12,15,17,18,23,36,40,44,48,50,62,66,69" machi="11" ten="30,8000,1" yaku="1,1,2,1,7,1,52,2,53,0" doraHai="13" doraHaiUra="33" who="0" fromWho="3" sc="244,90,254,0,104,0,388,-80" /><INIT seed="6,0,0,2,1,104" ten="334,254,104,308" oya="2" hai0="120,95,25,44,29,55,50,99,94,63,118,66,86" hai1="23,134,58,125,4,34,102,24,123,100,0,74,79" hai2="40,133,105,108,91,68,81,56,22,114,126,33,119" hai3="13,28,67,110,46,17,69,14,21,77,65,107,130"/><V73/><RYUUKYOKU type="yao9" ba="0,0" sc="334,0,254,0,104,0,308,0" hai2="22,33,40,56,68,73,81,91,105,108,114,119,126,133" /><INIT seed="6,1,0,1,5,45" ten="334,254,104,308" oya="2" hai0="83,124,46,86,0,117,53,120,69,119,10,26,44" hai1="105,126,9,40,36,82,18,19,132,70,102,133,79" hai2="77,62,107,110,1,49,84,74,72,58,63,56,131" hai3="106,28,23,75,122,113,27,93,73,57,68,89,7"/><V42/><F1/><W135/><G106/><T50/><D120/><U60/><E126/><V5/><F5/><W111/><G68/><T130/><D69/><U13/><E36/><V87/><F107/><W16/><G122/><T125/><D130/><U80/><E40/><V54/><F131/><W2/><G111/><T59/><D26/><U33/><E33/><V127/><F110/><W3/><G135/><N who="1" m="51786" /><E19/><V100/><F100/><W129/><G129/><T32/><D32/><U14/><E14/><V97/><F97/><W109/><G109/><T128/><D128/><U78/><E70/><V41/><F127/><N who="0" m="48714" /><D10/><U134/><E60/><V37/><F37/><W47/><G7/><T88/><D0/><U114/><E114/><V35/><F35/><W34/><G3/><T17/><D17/><U48/><E134/><V6/><F6/><W55/><G113/><T90/><D90/><U91/><E91/><V11/><F11/><W38/><G38/><T29/><D29/><U96/><E79/><V39/><F39/><W121/><G121/><T8/><D8/><U101/><E101/><V51/><REACH who="2" step="1"/><F77/><REACH who="2" ten="334,254,94,308" step="2"/><W118/><G2/><T66/><D119/><U108/><E108/><V95/><F95/><W112/><G93/><T31/><D117/><U22/><E9/><V85/><F85/><W98/><G34/><T92/><D92/><U52/><E78/><V94/><F94/><W65/><G118/><T61/><D86/><U12/><E13/><V81/><F81/><W25/><G112/><T71/><D83/><U67/><E105/><V43/><F43/><W116/><G116/><RYUUKYOKU ba="1,1" sc="334,-10,254,-10,94,30,308,-10" hai2="41,42,49,51,54,56,58,62,63,72,74,84,87" /><INIT seed="6,2,1,5,1,73" ten="324,244,124,298" oya="2" hai0="80,94,118,83,116,119,31,65,33,7,120,34,42" hai1="2,97,28,0,58,135,66,63,101,125,44,113,22" hai2="67,64,86,91,59,41,122,27,78,123,49,19,121" hai3="1,23,96,76,102,24,108,61,15,84,110,10,68"/><V71/><F71/><W40/><G40/><T93/><D120/><U79/><E125/><V51/><F41/><W81/><G1/><T35/><D31/><U5/><E113/><V74/><F74/><W77/><G61/><T69/><D42/><U133/><E44/><V98/><F98/><W55/><G55/><T54/><D7/><U82/><E5/><V43/><F43/><W37/><G68/><T45/><D93/><N who="1" m="58543" /><E22/><V99/><F99/><W70/><G70/><T72/><D94/><U39/><E28/><V4/><F4/><W88/><G37/><T48/><D72/><N who="1" m="43367" /><E39/><V13/><F27/><W6/><G110/><T134/><D134/><AGARI ba="2,1" hai="0,2,58,63,66,133,134,135" m="43367,58543" machi="134" ten="30,2000,0" yaku="20,1,52,1" doraHai="73" who="1" fromWho="0" sc="324,-26,244,36,124,0,298,0" /><INIT seed="7,0,0,3,2,124" ten="298,280,124,298" oya="3" hai0="24,35,6,62,92,113,86,21,33,8,49,134,71" hai1="69,28,12,56,36,84,100,58,126,42,18,50,37" hai2="133,29,78,64,15,105,128,7,103,122,32,95,101" hai3="79,47,39,44,120,119,109,14,93,99,3,132,91"/><W123/><G3/><T74/><D74/><U5/><E69/><V87/><F105/><W57/><G39/><T121/><D121/><U75/><E75/><V96/><F122/><W135/><G119/><T23/><D134/><N who="3" m="51241" /><G109/><T31/><D113/><U30/><E37/><V59/><F133/><W54/><G79/><T76/><D49/><U72/><E72/><V2/><F128/><W107/><G107/><T118/><D118/><U67/><E36/><V10/><F2/><W43/><G14/><T80/><D35/><U27/><E5/><V70/><F70/><W40/><G123/><T45/><D45/><N who="3" m="17481" /><G120/><T25/><D25/><U19/><E42/><V4/><F32/><W63/><AGARI ba="0,0" hai="40,43,54,57,63,91,93,99" m="17481,51241" machi="63" ten="30,1500,0" yaku="20,1" doraHai="124" who="3" fromWho="3" sc="298,-5,280,-5,124,-5,298,15" owari="293,9.0,275,-12.0,119,-38.0,313,41.0" /></mjloggm>