<mjloggm ver="2.3"><GO type="169" lobby="0"/><UN n0="%E5%A4%A7%E5%AE%AE%E5%BF%8D%76" n1="%E3%83%84%E3%82%A4%E3%82%B9%E3%83%88" n2="%E5%B0%B1%E6%B4%BB%E7%94%9F%40%E5%B7%9D%E6%9D%91%E8%BB%8D%E5%9B%A3" n3="%E3%82%82%E3%81%A3%E3%81%A1%E3%82%87" dan="16,16,17,16" rate="2179.16,2037.46,2162.76,2113.51" sx="M,M,M,F"/><TAIKYOKU oya="0"/><INIT seed="0,0,0,3,2,7" ten="250,250,250,250" oya="0" hai0="35,119,110,30,95,73,124,28,122,70,49,0,57" hai1="105,9,11,80,102,87,14,100,101,34,115,47,39" hai2="15,86,123,8,26,99,37,48,98,17,121,108,58" hai3="69,24,10,130,60,2,20,27,53,52,54,107,103"/><T50/><D119/><U78/><E115/><V66/><F37/><W74/><G74/><T104/><D122/><U106/><E34/><V45/><F108/><W63/><G130/><T118/><D118/><U21/><E39/><V38/><F38/><W90/><G107/><T61/><D104/><U4/><E47/><V12/><F121/><W31/><G103/><T91/><D73/><U55/><E55/><V83/><F123/><W127/><G127/><T65/><D124/><U111/><E111/><V81/><F26/><W44/><G69/><T5/><D110/><U132/><E132/><V92/><F83/><W23/><G90/><T16/><D35/><U135/><E135/><V126/><F126/><W51/><G10/><T1/><D1/><U43/><E43/><V84/><F84/><W40/><REACH who="3" step="1"/><G2/><REACH who="3" ten="250,250,250,240" step="2"/><T33/><D70/><U62/><E106/><V117/><F117/><W41/><G41/><T125/><D125/><U71/><E105/><V67/><F15/><W120/><G120/><T72/><D72/><U114/><E114/><V88/><F58/><W36/><G36/><T112/><D112/><U134/><E134/><V96/><REACH who="2" step="1"/><F92/><REACH who="2" ten="250,250,240,240" step="2"/><W93/><G93/><T56/><D56/><U19/><REACH who="1" step="1"/><E4/><REACH who="1" ten="250,240,240,240" step="2"/><V82/><F82/><W89/><G89/><T116/><D5/><U42/><E42/><AGARI ba="0,3" hai="8,12,17,42,45,48,66,67,81,86,88,96,98,99" machi="42" ten="40,8000,1" yaku="1,1,8,1,52,1,54,1,53,0" doraHai="7" doraHaiUra="64" who="2" fromWho="1" sc="250,0,240,-80,240,110,240,0" /><INIT seed="1,0,0,3,4,9" ten="250,160,350,240" oya="1" hai0="36,70,1,110,85,18,5,66,26,120,63,52,124" hai1="98,108,40,65,121,46,107,55,14,134,22,123,33" hai2="78,118,21,68,0,37,51,119,38,34,69,89,7" hai3="135,11,93,59,104,126,19,39,79,10,111,72,91"/><U115/><E115/><V100/><F34/><W87/><G104/><T73/><D110/><U74/><E108/><V88/><F51/><W116/><G39/><T16/><D73/><U56/><E33/><V71/><F100/><W109/><G10/><T29/><D36/><U28/><E65/><V92/><F78/><W112/><G112/><T75/><D75/><U64/><E64/><V60/><F60/><W17/><G17/><T32/><D124/><U114/><E114/><V44/><F44/><W81/><G59/><T117/><D117/><U2/><E2/><V94/><F21/><W4/><G19/><T97/><D120/><U57/><E74/><V49/><F49/><W27/><G27/><T105/><D85/><U133/><E56/><V127/><F71/><W83/><G126/><T53/><D5/><U58/><E57/><V122/><F122/><W47/><G47/><T95/><D1/><U15/><E121/><V54/><F54/><N who="0" m="21098" /><D95/><U41/><E123/><V48/><F48/><W113/><G116/><T99/><D99/><U77/><E107/><V6/><REACH who="2" step="1"/><F0/><REACH who="2" ten="250,160,340,240" step="2"/><W84/><G113/><T30/><D30/><U86/><E28/><V106/><F106/><W31/><G111/><T62/><D62/><U96/><E22/><V25/><F25/><W67/><G109/><T131/><D26/><U3/><E3/><V35/><F35/><W45/><G45/><T43/><D32/><U125/><E125/><AGARI ba="0,1" hai="6,7,37,38,68,69,88,89,92,94,118,119,125,127" machi="125" ten="25,6400,0" yaku="1,1,22,2,54,1,53,0" doraHai="9" doraHaiUra="23" who="2" fromWho="1" sc="250,0,160,-64,340,74,240,0" /><INIT seed="2,0,0,4,3,43" ten="250,96,414,240" oya="2" hai0="56,95,76,1,134,108,130,133,110,128,118,120,74" hai1="36,21,17,67,85,15,48,22,96,116,25,105,7" hai2="32,27,5,60,98,125,86,53,57,18,4,64,84" hai3="111,117,66,106,55,50,54,126,135,79,88,89,94"/><V13/><F125/><W34/><G106/><T37/><D56/><U33/><E116/><V72/><F72/><W112/><G117/><T30/><D30/><U44/><E36/><V100/><F32/><W99/><G34/><T78/><D37/><U2/><E33/><V52/><F27/><W6/><G111/><N who="0" m="42539" /><D1/><U103/><E67/><V92/><F53/><W8/><G126/><T73/><D95/><U31/><E85/><N who="2" m="32875" /><F64/><W114/><G79/><N who="0" m="30251" /><D118/><U24/><E2/><V101/><F101/><W82/><G66/><T107/><D107/><U62/><E62/><V83/><F83/><W49/><G82/><T20/><D20/><AGARI ba="0,0" hai="4,5,13,18,20,52,57,60,92,98,100" m="32875" machi="20" ten="30,2900,0" yaku="8,1,54,1" doraHai="43" who="2" fromWho="0" sc="250,-29,96,0,414,29,240,0" /><INIT seed="2,1,0,1,5,115" ten="221,96,443,240" oya="2" hai0="96,26,6,31,120,38,134,7,123,72,81,71,16" hai1="50,91,85,23,67,21,112,117,4,104,133,83,122" hai2="36,84,77,40,98,68,88,135,57,129,8,27,90" hai3="116,100,126,15,59,87,28,89,34,62,113,70,54"/><V47/><F68/><W105/><G116/><T74/><D38/><U130/><E112/><V58/><F129/><W51/><G126/><T92/><D71/><U0/><E130/><V3/><F135/><W35/><G113/><T9/><D134/><U101/><E133/><V111/><F111/><W32/><G15/><T125/><D125/><U103/><E122/><V14/><F3/><W43/><G100/><T118/><D118/><U25/><E23/><V110/><F110/><W24/><G105/><T60/><D60/><U42/><E104/><V17/><F77/><W56/><G70/><T132/><D132/><U1/><E1/><V10/><F10/><W48/><G43/><T33/><D7/><U18/><E67/><V52/><F27/><W73/><G73/><T46/><D46/><U128/><E128/><V79/><F58/><W53/><REACH who="3" step="1"/><G62/><REACH who="3" ten="221,96,443,230" step="2"/><T55/><D72/><U64/><E117/><V12/><F12/><W109/><G109/><T49/><D120/><U93/><E103/><V86/><F79/><W45/><G45/><T41/><D123/><U78/><E101/><V69/><F69/><W65/><G65/><T80/><D41/><U30/><E64/><V94/><F90/><W63/><G63/><AGARI ba="1,1" hai="8,14,17,36,40,47,52,57,63,84,86,88,94,98" machi="63" ten="30,5800,0" yaku="7,1,54,2" doraHai="115" who="2" fromWho="3" sc="221,0,96,0,443,71,230,-61" /><INIT seed="2,2,0,1,2,119" ten="221,96,514,169" oya="2" hai0="75,26,64,52,51,116,27,81,55,50,71,121,2" hai1="131,133,72,104,33,78,94,16,118,109,103,97,3" hai2="134,38,25,87,61,47,1,23,49,83,93,53,59" hai3="65,17,19,88,96,135,18,62,74,21,44,24,20"/><V76/><F134/><W69/><G74/><T32/><D2/><U45/><E133/><V35/><F1/><W85/><G135/><T113/><D81/><U108/><E118/><V15/><F35/><W10/><G44/><T127/><D75/><U132/><E132/><V41/><F93/><W124/><G124/><T110/><D32/><U125/><E125/><V80/><F15/><W13/><G96/><T91/><D91/><U9/><E131/><V107/><F107/><W40/><G40/><T84/><D84/><U28/><E45/><V120/><F80/><W54/><G54/><T111/><D116/><U90/><E3/><V106/><F106/><W100/><G100/><T12/><D12/><U11/><E28/><V7/><F7/><W73/><G73/><T105/><D105/><U8/><E33/><V46/><F46/><W130/><G130/><T57/><D127/><U29/><E29/><V101/><F101/><W117/><G117/><T79/><D79/><U14/><E78/><V82/><F82/><W129/><G129/><T34/><D34/><U68/><E72/><V99/><F99/><W60/><G65/><T126/><D126/><U48/><E48/><V66/><F23/><W43/><G69/><T37/><D71/><U77/><E68/><N who="2" m="42063" /><F25/><N who="3" m="14479" /><G43/><T63/><D64/><U39/><E77/><V22/><F22/><W128/><G128/><T6/><D50/><U30/><E30/><V58/><F58/><W31/><G31/><T0/><D57/><U112/><E112/><V95/><F95/><AGARI ba="2,0" hai="10,13,18,19,21,24,60,62,85,88,95" m="14479" machi="95" ten="30,2000,0" yaku="8,1,54,1" doraHai="119" who="3" fromWho="2" sc="221,0,96,0,514,-26,169,26" /><INIT seed="3,0,0,0,4,69" ten="221,96,488,195" oya="3" hai0="54,25,98,55,83,18,77,27,88,43,32,10,79" hai1="45,2,50,135,11,102,70,118,87,90,108,106,126" hai2="35,78,86,0,49,9,91,67,115,51,59,130,47" hai3="93,34,127,23,131,107,92,133,21,104,123,38,94"/><W36/><G123/><T72/><D43/><U24/><E118/><V117/><F35/><W81/><G34/><T95/><D77/><U99/><E108/><V7/><F117/><W71/><G71/><T14/><REACH who="0" step="1"/><D27/><REACH who="0" ten="211,96,488,195" step="2"/><U96/><E24/><V74/><F78/><W101/><G93/><T114/><D114/><U119/><E119/><V31/><F115/><W128/><G133/><T13/><D13/><U84/><E135/><V52/><F74/><W73/><G73/><T113/><D113/><U12/><E2/><V89/><F130/><W116/><G116/><T41/><D41/><U61/><E126/><V62/><F31/><AGARI ba="0,1" hai="10,14,18,25,31,32,54,55,72,79,83,88,95,98" machi="31" ten="40,2600,0" yaku="1,1,54,1,53,0" doraHai="69" doraHaiUra="110" who="0" fromWho="2" sc="211,36,96,0,488,-26,195,0" /><INIT seed="4,0,0,4,3,41" ten="247,96,462,195" oya="0" hai0="93,68,128,71,84,69,6,22,25,46,132,8,83" hai1="78,58,72,98,4,76,100,130,92,79,21,90,99" hai2="1,14,74,86,109,19,77,94,57,49,12,10,131" hai3="44,75,9,125,85,87,126,13,106,122,7,103,67"/><T37/><D128/><U62/><E130/><V70/><F109/><W129/><G75/><T33/><D93/><U91/><E4/><V63/><F70/><W121/><G129/><T56/><D56/><U113/><E113/><V89/><F1/><W127/><G67/><T64/><D33/><U115/><E115/><V3/><F3/><W45/><G103/><T81/><D132/><U117/><E117/><V123/><F123/><N who="3" m="47115" /><G106/><T59/><D59/><U27/><E72/><V102/><F102/><W61/><G61/><T108/><D108/><U124/><E124/><V73/><F77/><W80/><G87/><T95/><D64/><N who="1" m="38999" /><E99/><V110/><F110/><W60/><G60/><T35/><D35/><U15/><E15/><V52/><F131/><W82/><G80/><T50/><D37/><U5/><E5/><V116/><F116/><W24/><G24/><T54/><D95/><U17/><AGARI ba="0,0" hai="17,21,27,76,78,79,90,91,92,98,100" m="38999" machi="17" ten="30,1100,0" yaku="8,1" doraHai="41" who="1" fromWho="1" sc="247,-5,96,11,462,-3,195,-3" /><INIT seed="5,0,0,0,1,71" ten="242,107,459,192" oya="1" hai0="127,76,100,117,35,88,130,9,106,59,43,49,3" hai1="39,107,52,57,6,55,110,42,10,37,103,12,44" hai2="134,119,63,23,113,0,38,83,95,105,19,56,5" hai3="118,45,2,29,18,75,99,125,22,11,85,61,132"/><U97/><E110/><V31/><F38/><W66/><G75/><T126/><D117/><U16/><E55/><V24/><F105/><W108/><G108/><T47/><D35/><U33/><E33/><V62/><F119/><W128/><G118/><T111/><D111/><U89/><E89/><V131/><F0/><W104/><G29/><T78/><D130/><U15/><E44/><V101/><F5/><W81/><G2/><T26/><D26/><U122/><E42/><V74/><F63/><W8/><G45/><T28/><D28/><U123/><E122/><V27/><F131/><W96/><G104/><T109/><D109/><U116/><E116/><V84/><F74/><W46/><G46/><T53/><D88/><U114/><E123/><V93/><F134/><W64/><G125/><N who="0" m="47627" /><D9/><N who="3" m="3657" /><G132/><T50/><D3/><U34/><E34/><V69/><F69/><W135/><G135/><T60/><D60/><U70/><E70/><V4/><F101/><W21/><G61/><T98/><AGARI ba="0,0" hai="43,47,49,50,53,59,76,78,98,100,106" m="47627" machi="98" ten="30,1100,0" yaku="18,1" doraHai="71" who="0" fromWho="0" sc="242,11,107,-5,459,-3,192,-3" /><INIT seed="6,0,0,1,1,30" ten="253,102,456,189" oya="2" hai0="81,120,37,56,38,16,44,130,111,86,104,66,114" hai1="60,29,132,26,28,3,93,67,133,102,119,105,73" hai2="88,48,8,121,24,2,14,32,95,47,101,108,51" hai3="18,126,92,50,106,91,112,115,131,9,122,80,85"/><V89/><F121/><W54/><G122/><T39/><D120/><U83/><E119/><V124/><F2/><W17/><G106/><T6/><D104/><U19/><E105/><V87/><F108/><W70/><G70/><T134/><D16/><N who="3" m="6249" /><G131/><T52/><D6/><U109/><E109/><V57/><F124/><W36/><G36/><T59/><D86/><U117/><E117/><V34/><F24/><W63/><G63/><T97/><D97/><U0/><E19/><V64/><F101/><W41/><G41/><T100/><D100/><U12/><E12/><V79/><F79/><W84/><G9/><T10/><D10/><U4/><E29/><V65/><F89/><W58/><G126/><T23/><D23/><U11/><E3/><V76/><F76/><W78/><G78/><T31/><D31/><U40/><E40/><V135/><F135/><W99/><G80/><T90/><D134/><U53/><E73/><V98/><F98/><W129/><G129/><T43/><D90/><U1/><E83/><V15/><F15/><W82/><G82/><T33/><D81/><U5/><E1/><V13/><F13/><W22/><G22/><T96/><D130/><U62/><E0/><V107/><F107/><W42/><G42/><T7/><D43/><U27/><E133/><V94/><F14/><W46/><G46/><T77/><D44/><U123/><E132/><V69/><F47/><W68/><G68/><T116/><D39/><U118/><E123/><V49/><F8/><W72/><G72/><T45/><D38/><U61/><E11/><V21/><F69/><RYUUKYOKU ba="0,0" sc="253,-10,102,-10,456,-10,189,30" hai3="50,54,58,84,85,91,92,99,112,115" /><INIT seed="7,1,0,0,5,76" ten="243,92,446,219" oya="3" hai0="8,100,132,12,57,3,99,87,109,42,72,80,92" hai1="62,67,16,31,89,113,15,86,116,107,6,39,101" hai2="94,75,108,135,124,73,69,133,123,40,2,43,25" hai3="115,44,48,78,22,34,93,64,90,119,49,32,36"/><W14/><G119/><T4/><D109/><U131/><E116/><V128/><F108/><W102/><G36/><T91/><D132/><N who="2" m="50762" /><F128/><W83/><G102/><T84/><D3/><U85/><E131/><V11/><F124/><W33/><G64/><T61/><D42/><N who="2" m="15914" /><F123/><W54/><G49/><T58/><D72/><U106/><E39/><V50/><F69/><W47/><G115/><T38/><D38/><U28/><E113/><V117/><F117/><W9/><G22/><T130/><D130/><U77/><E6/><N who="2" m="1495" /><F50/><W104/><G104/><T5/><D5/><U37/><E37/><V129/><F129/><W103/><G103/><T41/><D41/><U26/><E107/><V35/><F94/><W53/><G53/><T112/><D112/><U118/><E118/><V1/><F1/><W46/><G14/><T52/><D58/><U59/><E26/><V17/><F17/><W97/><REACH who="3" step="1"/><G9/><REACH who="3" ten="243,92,446,209" step="2"/><T30/><D30/><AGARI ba="1,1" hai="25,30,35,73,75" m="1495,15914,50762" machi="30" ten="30,1000,0" yaku="20,1" doraHai="76" who="2" fromWho="0" sc="243,-13,92,0,446,23,209,0" owari="230,3.0,92,-41.0,469,57.0,209,-19.0" /></mjloggm>