<mjloggm ver="2.3"><GO type="169" lobby="0"/><UN n0="%7A%65%61%6C%E2%88%AC" n1="%E3%83%88%E3%83%88%E3%83%AA%E5%85%88%E7%94%9F%31%39%E6%AD%B3" n2="%53%48%49%53%55%4B%45" n3="%E8%A3%95%E7%BE%8E%E5%AD%90" dan="16,19,16,17" rate="2075.61,2224.30,2128.78,2221.08" sx="M,F,M,F"/><TAIKYOKU oya="0"/><INIT seed="0,0,0,1,0,57" ten="250,250,250,250" oya="0" hai0="112,51,102,90,46,37,132,52,89,12,100,4,33" hai1="55,47,1,130,49,2,20,73,95,14,94,7,6" hai2="34,71,58,21,128,29,30,110,72,22,0,129,99" hai3="92,11,36,103,35,25,126,3,135,56,62,31,54"/><T122/><D122/><U74/><E130/><N who="2" m="50283" /><F71/><W68/><G36/><T125/><D112/><U121/><E121/><V45/><F72/><W63/><G126/><T91/><D33/><U42/><E20/><N who="2" m="7787" /><F45/><W66/><G135/><T18/><D125/><U40/><E14/><V116/><F99/><W111/><G111/><T19/><D132/><U86/><E86/><V123/><F123/><W61/><G103/><N who="0" m="39467" /><D37/><U96/><E55/><V104/><F104/><W10/><G92/><T134/><D134/><U38/><E38/><V65/><F29/><W70/><G3/><T44/><D44/><U32/><E47/><V80/><F80/><W133/><G133/><T78/><D78/><U87/><E87/><V113/><F0/><W5/><G5/><T93/><D93/><U9/><E96/><V59/><F30/><W53/><G53/><T27/><D27/><U76/><E32/><V77/><F34/><W13/><G13/><T131/><D131/><U117/><E76/><V97/><F77/><W98/><G98/><T50/><D51/><U101/><E49/><V127/><F97/><W124/><G124/><T64/><D64/><AGARI ba="0,0" hai="10,11,25,31,35,54,56,61,62,63,64,66,68,70" machi="64" ten="40,8000,1" yaku="9,1,52,3" doraHai="57" who="3" fromWho="0" sc="250,-80,250,0,250,0,250,80" /><INIT seed="1,0,0,3,4,64" ten="170,250,250,330" oya="1" hai0="32,90,135,100,9,27,70,99,45,76,24,107,3" hai1="117,57,23,59,120,105,29,82,102,79,71,118,2" hai2="106,51,122,54,104,34,84,42,12,129,126,124,33" hai3="7,111,56,110,121,43,132,8,25,1,40,97,47"/><U22/><E120/><V63/><F122/><W78/><G132/><T68/><D135/><U17/><E2/><V114/><F129/><W80/><G97/><T39/><D76/><U36/><E36/><V19/><F114/><W101/><G121/><T14/><D3/><U20/><E71/><V50/><F84/><W6/><G6/><T103/><D103/><U46/><E46/><N who="2" m="26071" /><F33/><W73/><G101/><T83/><D27/><U125/><E125/><N who="2" m="48235" /><F34/><W91/><G91/><T86/><D39/><U61/><E29/><V109/><F63/><W77/><G78/><T52/><D24/><U96/><E17/><V88/><F88/><W69/><G56/><T116/><D32/><U123/><E123/><V94/><F94/><W21/><G47/><T31/><D116/><U4/><E4/><V16/><F109/><N who="3" m="41483" /><G69/><T48/><D31/><AGARI ba="0,0" hai="1,7,8,21,25,31,40,43,73,77,80" m="41483" machi="31" ten="30,1000,0" yaku="14,1" doraHai="64" who="3" fromWho="0" sc="170,-10,250,0,250,0,330,10" /><INIT seed="2,0,0,1,2,74" ten="160,250,250,340" oya="2" hai0="134,19,79,9,112,124,41,104,2,39,28,93,102" hai1="20,22,30,109,44,61,105,100,115,34,66,25,40" hai2="54,32,91,58,125,23,33,64,88,76,27,36,55" hai3="0,119,21,12,130,95,18,69,14,101,62,56,4"/><V73/><F36/><W45/><G130/><T111/><D112/><U46/><E109/><V31/><F125/><W78/><G119/><T49/><D104/><U11/><E115/><V83/><F64/><W13/><G69/><T26/><D39/><U132/><E132/><V126/><F126/><W63/><G45/><T84/><D124/><U131/><E131/><V67/><F67/><W42/><G42/><T97/><D111/><U47/><E11/><V117/><F117/><W50/><G50/><T120/><D120/><U127/><E40/><V8/><F8/><W7/><G63/><T57/><D134/><U53/><E53/><V85/><F91/><W35/><G35/><T52/><D41/><U106/><E127/><V6/><F6/><N who="3" m="2091" /><G78/><T29/><D2/><U128/><E128/><V113/><F113/><W38/><G38/><T82/><REACH who="0" step="1"/><D26/><REACH who="0" ten="150,250,250,340" step="2"/><U75/><E106/><V60/><REACH who="2" step="1"/><F55/><REACH who="2" ten="150,250,240,340" step="2"/><N who="3" m="34079" /><G0/><T90/><D90/><U1/><E1/><V121/><F121/><W51/><G101/><T48/><D48/><U103/><E103/><V108/><F108/><W70/><G51/><T59/><D59/><U43/><E43/><V92/><AGARI ba="0,2" hai="23,27,31,32,33,54,58,60,73,76,83,85,88,92" machi="92" ten="20,12000,1" yaku="1,1,0,1,7,1,52,1,54,1,53,0" doraHai="74" doraHaiUra="5" who="2" fromWho="2" sc="150,-40,250,-40,240,140,340,-40" /><INIT seed="2,1,0,0,4,83" ten="110,210,380,300" oya="2" hai0="61,37,7,107,36,43,47,135,54,72,87,63,24" hai1="4,119,99,111,53,59,127,109,76,44,134,89,45" hai2="71,49,15,60,28,115,118,75,92,124,80,108,120" hai3="67,86,129,126,116,73,128,1,101,39,91,68,22"/><V78/><F118/><W55/><G73/><T18/><D72/><U10/><E119/><V5/><F120/><W11/><G39/><T130/><D107/><U88/><E134/><V117/><F117/><W48/><G101/><T100/><D100/><U35/><E35/><V96/><F115/><W70/><G126/><T30/><D135/><U131/><E127/><V104/><F124/><W95/><G116/><T113/><D113/><U121/><E121/><V14/><F104/><W93/><G67/><T42/><D7/><U19/><E19/><V25/><F5/><W41/><G41/><T133/><D133/><U132/><E76/><V64/><F49/><W6/><G95/><T66/><D18/><U69/><E69/><V3/><F3/><W65/><G22/><T74/><D74/><U112/><E131/><N who="3" m="50250" /><G65/><T0/><D0/><N who="1" m="263" /><E132/><V40/><F40/><W8/><G11/><T27/><D130/><U13/><E99/><V57/><F71/><W2/><G2/><T82/><D54/><U103/><E103/><V56/><F56/><AGARI ba="1,0" hai="1,6,8,48,55,56,68,70,86,91,93" m="50250" machi="56" ten="30,2000,0" yaku="19,1,52,1" doraHai="83" who="3" fromWho="2" sc="110,0,210,0,380,-23,300,23" /><INIT seed="3,0,0,4,0,9" ten="110,210,357,323" oya="3" hai0="106,115,86,59,90,43,129,22,66,17,28,76,63" hai1="111,15,124,14,47,33,34,108,68,27,64,48,121" hai2="118,61,29,0,20,46,57,42,82,58,117,3,132" hai3="112,5,125,104,21,67,19,40,77,110,107,23,51"/><W99/><G112/><T72/><D106/><U16/><E121/><V120/><F120/><W135/><G125/><T32/><D115/><U60/><E124/><V25/><F132/><W131/><G131/><T41/><D129/><U30/><E33/><V11/><F58/><W101/><G135/><T113/><D113/><U123/><E123/><V87/><F117/><W44/><G67/><T85/><D72/><U79/><E79/><V89/><F118/><W78/><G107/><T8/><D8/><U24/><E24/><V70/><F70/><W97/><G97/><T109/><D109/><N who="1" m="42059" /><E16/><V83/><F83/><W37/><G5/><T133/><D133/><U114/><E114/><V38/><F11/><W35/><G35/><T55/><D28/><U134/><E134/><V52/><AGARI ba="0,0" hai="0,3,20,25,29,38,42,46,52,57,61,82,87,89" machi="52" ten="20,2700,0" yaku="0,1,7,1,54,1" doraHai="9" who="2" fromWho="2" sc="110,-7,210,-7,357,27,323,-13" /><INIT seed="4,0,0,0,5,116" ten="103,203,384,310" oya="0" hai0="82,30,39,99,109,130,85,115,45,128,112,22,124" hai1="28,43,105,114,32,42,72,94,110,66,133,33,103" hai2="95,47,87,7,97,71,79,36,65,17,129,1,77" hai3="68,107,75,15,86,64,121,56,52,123,20,0,100"/><T117/><D117/><U19/><E110/><V54/><F129/><N who="0" m="49770" /><D109/><U31/><E72/><V40/><F1/><W48/><G75/><T35/><D35/><U74/><E74/><V83/><F7/><W27/><G0/><T73/><D73/><U92/><E133/><V118/><F118/><W58/><G15/><T49/><D39/><U37/><E66/><V24/><F79/><W46/><G86/><T111/><D111/><U14/><E105/><V6/><F6/><W25/><G27/><N who="0" m="16759" /><D99/><U93/><E103/><V134/><F134/><W16/><G107/><T38/><D38/><U63/><E63/><V84/><F84/><W90/><G100/><T21/><D21/><U127/><E127/><V125/><F125/><W5/><G90/><N who="0" m="51511" /><D124/><U98/><E98/><V61/><F24/><W41/><G5/><T80/><D80/><U57/><E37/><V76/><F17/><W11/><G11/><T108/><D108/><U60/><E33/><V9/><F9/><W13/><G25/><T104/><D104/><U70/><E32/><V120/><F76/><W4/><G4/><T8/><D8/><N who="1" m="6599" /><E28/><V126/><F126/><W55/><G20/><T106/><D106/><U51/><E31/><V131/><F131/><W34/><G34/><T132/><D132/><U67/><E114/><V119/><F119/><W96/><G96/><T102/><D102/><U59/><E70/><V23/><F23/><N who="3" m="11663" /><G68/><T81/><D81/><U3/><E3/><V62/><F97/><W113/><G113/><T29/><D29/><U69/><E69/><V135/><F135/><W53/><G64/><RYUUKYOKU ba="0,0" sc="103,10,203,10,384,-30,310,10" hai0="45,49,112,115" hai1="42,43,51,57,59,60,67,92,93,94" hai3="41,46,48,52,53,55,56,58,121,123" /><INIT seed="4,1,0,4,0,79" ten="113,213,354,320" oya="0" hai0="42,75,135,122,133,73,35,45,77,95,101,125,65" hai1="61,11,69,119,126,5,96,134,110,98,47,76,131" hai2="124,103,38,97,113,16,2,49,3,23,74,93,34" hai3="17,123,117,44,72,28,81,104,102,54,6,64,78"/><T107/><D122/><U63/><E110/><V70/><F38/><W29/><G117/><T108/><D35/><U4/><E119/><V18/><F34/><W26/><G6/><T68/><D107/><U59/><E131/><V9/><F70/><W128/><G128/><T51/><D108/><U46/><E134/><N who="0" m="51209" /><D125/><U21/><E126/><V80/><F124/><W106/><G123/><T24/><D77/><U84/><E69/><V88/><F113/><W115/><G104/><T43/><D24/><U0/><E21/><V33/><F33/><W100/><G106/><T120/><D120/><U114/><E114/><V20/><F3/><W82/><G78/><T19/><D43/><U14/><E63/><V71/><F2/><W94/><G72/><T91/><D101/><U12/><E0/><V55/><F74/><W58/><G100/><T39/><D19/><N who="2" m="7210" /><F9/><W127/><G115/><T112/><D112/><U129/><E129/><V62/><F62/><N who="3" m="37975" /><G17/><T8/><D8/><U30/><E5/><V7/><F7/><W48/><G127/><T36/><D36/><U37/><E37/><V87/><F71/><W66/><G26/><T31/><D31/><N who="3" m="11849" /><G66/><T57/><D68/><U40/><E30/><V15/><F15/><W86/><G102/><T10/><D10/><U50/><E14/><V27/><F27/><W85/><G94/><T56/><D65/><N who="1" m="39103" /><E12/><V118/><F118/><W41/><G41/><T53/><D57/><AGARI ba="1,0" hai="20,23,49,55,57,80,87,88,93,97,103" m="7210" machi="57" ten="30,7700,0" yaku="8,1,52,1,54,2" doraHai="79" who="2" fromWho="0" sc="113,-80,213,0,354,80,320,0" /><INIT seed="5,0,0,0,5,115" ten="33,213,434,320" oya="1" hai0="52,93,132,118,38,107,121,55,78,131,5,77,37" hai1="16,42,54,88,122,134,15,29,117,67,34,106,105" hai2="72,30,127,97,81,56,96,58,123,102,12,130,35" hai3="9,83,28,64,103,79,32,110,48,24,23,69,17"/><U98/><E122/><V6/><F123/><W65/><G110/><T86/><D107/><U108/><E108/><V89/><F130/><W135/><G135/><T3/><D121/><U49/><E134/><V116/><F116/><W43/><G103/><T33/><D132/><U44/><E117/><V92/><F127/><W101/><G101/><T99/><D33/><U129/><E129/><V94/><F35/><W113/><G69/><T11/><D131/><U57/><E67/><V20/><F72/><W27/><G9/><T14/><D118/><U74/><E74/><V10/><F81/><W95/><G95/><T7/><D37/><U36/><E29/><V13/><F30/><W50/><G48/><T25/><D38/><U114/><E34/><V59/><REACH who="2" step="1"/><F20/><REACH who="2" ten="33,213,424,320" step="2"/><W126/><G126/><T76/><D11/><U63/><E114/><V75/><F75/><W70/><G113/><T109/><D109/><U112/><E112/><V4/><F4/><W51/><G70/><T41/><D7/><U125/><E125/><V1/><AGARI ba="0,1" hai="1,6,10,12,13,56,58,59,89,92,94,96,97,102" machi="1" ten="30,2000,0" yaku="1,1,0,1,53,0" doraHai="115" doraHaiUra="46" who="2" fromWho="2" sc="33,-5,213,-10,424,30,320,-5" /><INIT seed="6,0,0,5,5,90" ten="28,203,454,315" oya="2" hai0="135,5,3,89,122,105,121,51,86,59,30,48,46" hai1="118,70,117,133,77,66,49,113,123,82,27,107,81" hai2="106,76,87,119,73,78,131,91,69,84,94,109,7" hai3="58,71,130,37,72,108,1,80,112,102,55,38,63"/><V36/><F69/><W29/><G108/><T16/><D30/><U57/><E107/><V79/><F36/><W129/><G1/><T11/><D105/><U67/><E70/><V127/><F7/><W42/><G29/><T40/><D135/><U8/><E133/><V74/><F119/><W92/><G71/><T110/><D110/><U2/><E113/><V19/><F19/><W111/><G111/><T114/><D114/><U104/><E104/><V98/><F109/><W20/><G20/><T23/><D59/><U85/><E123/><V103/><F131/><W25/><G25/><T17/><D51/><U128/><E128/><V22/><F22/><W68/><G68/><T34/><D34/><U41/><E27/><V45/><F45/><W56/><G112/><T31/><D31/><U21/><E21/><V75/><F127/><W35/><G35/><T93/><REACH who="0" step="1"/><D17/><REACH who="0" ten="18,203,454,315" step="2"/><U28/><E28/><V15/><REACH who="2" step="1"/><F15/><AGARI ba="0,1" hai="3,5,11,15,16,23,40,46,48,86,89,93,121,122" machi="15" ten="30,8000,1" yaku="1,1,2,1,7,1,52,1,54,1,53,0" doraHai="90" doraHaiUra="99" who="0" fromWho="2" sc="18,90,203,0,454,-80,315,0" /><INIT seed="7,0,0,5,1,135" ten="108,203,374,315" oya="3" hai0="119,97,98,39,120,38,17,13,86,56,4,121,132" hai1="45,107,89,31,3,124,53,79,27,59,1,67,84" hai2="44,133,33,118,87,80,94,113,90,95,60,66,68" hai3="2,123,32,46,104,78,71,10,11,43,55,23,22"/><W57/><G123/><T65/><D119/><U128/><E107/><V54/><F118/><W75/><G32/><T69/><D132/><U112/><E112/><V35/><F133/><W8/><G71/><T108/><D108/><U30/><E128/><V52/><F113/><W117/><G104/><T81/><D69/><U116/><E79/><V9/><F95/><W36/><G117/><T19/><D38/><U100/><E100/><V106/><F106/><W24/><G24/><T37/><D37/><U105/><E105/><V101/><F9/><W6/><G11/><T0/><D39/><U50/><E31/><V61/><F54/><W91/><G91/><T63/><D4/><U92/><E116/><V16/><F16/><W93/><G93/><T125/><D0/><U7/><E67/><V134/><F134/><W126/><G10/><T127/><D19/><U131/><E131/><V115/><F115/><W85/><G85/><T62/><D62/><U111/><E45/><V122/><F122/><N who="0" m="47210" /><D13/><U70/><E70/><V64/><F68/><W40/><G43/><T58/><D58/><U20/><E111/><V73/><F61/><N who="3" m="36031" /><G23/><T51/><D17/><U21/><E21/><V114/><F114/><W34/><G22/><T130/><D130/><U83/><E7/><V99/><F73/><W74/><G75/><T109/><D109/><U14/><E14/><V12/><F12/><W76/><G34/><N who="2" m="12809" /><F60/><W82/><G76/><N who="0" m="46375" /><D51/><U47/><E1/><V28/><F28/><W26/><G26/><T48/><D48/><U15/><E3/><V41/><F41/><W102/><G2/><RYUUKYOKU ba="0,0" sc="108,15,203,-15,374,15,315,-15" hai0="56,63,65,97,98,125,127" hai2="44,52,64,66,80,87,90,94,99,101" owari="123,-38.0,188,-21.0,389,49.0,300,10.0" /></mjloggm>