<mjloggm ver="2.3"><GO type="169" lobby="0"/><UN n0="%E3%82%A6%E3%83%AB%E3%83%88%E3%83%A9%E7%AB%8B%E7%9B%B4" n1="%77%61%77%61%33%30%33%30" n2="%E3%81%84%E3%81%AA%E3%81%97%E3%82%93%E3%80%82" n3="%E3%83%A9%E3%83%83%E3%82%AD%E3%83%BC%E3%83%89%E3%83%83%E3%82%B0" dan="17,17,16,17" rate="2188.63,2119.97,2054.46,2163.91" sx="M,M,F,M"/><TAIKYOKU oya="0"/><INIT seed="0,0,0,2,0,128" ten="250,250,250,250" oya="0" hai0="126,5,92,30,22,85,21,74,52,64,83,18,134" hai1="116,104,112,122,45,120,61,78,50,48,29,102,129" hai2="106,44,58,73,115,108,103,39,68,35,118,101,135" hai3="123,53,28,33,37,24,6,43,86,7,77,11,65"/><T82/><D126/><U10/><E116/><V97/><RYUUKYOKU type="yao9" ba="0,0" sc="250,0,250,0,250,0,250,0" hai2="35,39,44,58,68,73,97,101,103,106,108,115,118,135" /><INIT seed="0,1,0,2,1,65" ten="250,250,250,250" oya="0" hai0="68,10,48,25,72,128,32,71,94,45,79,23,74" hai1="57,12,28,75,17,82,5,119,11,93,51,120,66" hai2="2,59,6,22,35,41,38,54,29,55,52,106,69" hai3="107,18,40,130,81,95,73,63,78,92,124,42,118"/><T134/><D32/><U132/><E132/><V102/><F35/><W21/><G107/><T96/><D134/><U58/><E120/><V26/><F69/><W4/><G118/><T116/><D116/><U43/><E28/><V101/><F59/><W31/><G130/><T135/><D135/><U34/><E34/><V90/><F106/><W133/><G133/><T77/><D128/><U117/><E58/><V127/><F127/><W53/><G124/><T20/><D10/><U3/><E43/><V13/><F2/><W61/><G4/><T39/><D39/><U47/><E57/><V103/><F90/><W30/><G53/><T0/><D0/><U111/><E66/><V126/><F126/><W37/><G30/><T114/><D114/><U115/><E93/><V70/><F70/><W109/><G31/><T46/><D94/><U108/><E82/><V86/><F86/><W122/><G122/><T87/><D87/><U123/><E75/><V8/><F38/><W104/><G104/><T1/><D1/><U24/><E24/><V60/><F60/><W100/><G109/><N who="1" m="42058" /><E123/><V83/><F41/><W15/><G42/><T67/><D67/><U99/><E99/><V105/><F105/><W27/><G27/><T89/><D25/><U7/><E115/><V129/><REACH who="2" step="1"/><F83/><REACH who="2" ten="250,250,240,250" step="2"/><W62/><G100/><T84/><D84/><U56/><E56/><V91/><F91/><W112/><G112/><T44/><D44/><U49/><E47/><V64/><F64/><W36/><G40/><T125/><D125/><U121/><E121/><V131/><AGARI ba="1,1" hai="6,8,13,22,26,29,52,54,55,101,102,103,129,131" machi="131" ten="40,12000,2" yaku="1,1,0,1,54,1,53,3" doraHai="65" doraHaiUra="98" who="2" fromWho="2" sc="250,-61,250,-31,240,133,250,-31" /><INIT seed="1,0,0,3,3,127" ten="189,219,373,219" oya="1" hai0="117,108,73,55,119,114,82,74,85,45,20,101,7" hai1="17,0,14,98,128,126,87,129,86,37,12,61,123" hai2="15,68,53,43,131,8,79,22,54,112,100,118,134" hai3="120,121,60,80,57,132,109,16,59,10,21,19,40"/><U72/><E0/><V25/><F118/><W105/><G105/><T31/><D114/><U63/><E72/><V93/><F68/><W32/><G32/><T27/><D108/><U83/><E37/><V103/><F134/><W90/><G109/><T33/><D74/><U135/><E135/><V89/><F79/><W50/><G132/><T77/><D7/><U64/><E126/><V18/><F112/><W104/><G104/><T44/><D101/><N who="2" m="38986" /><F131/><N who="1" m="50249" /><E123/><V47/><F43/><W99/><G121/><T125/><D125/><U124/><E98/><N who="2" m="57647" /><F47/><N who="3" m="25959" /><G120/><T49/><D73/><U48/><E124/><V84/><F84/><N who="1" m="32297" /><E83/><V6/><AGARI ba="0,0" hai="6,8,15,18,22,25,53,54" m="57647,38986" machi="6" ten="30,1100,0" yaku="8,1" doraHai="127" who="2" fromWho="2" sc="189,-3,219,-5,373,11,219,-3" /><INIT seed="2,0,0,1,1,106" ten="186,214,384,216" oya="2" hai0="84,85,32,93,5,45,50,121,118,62,26,64,10" hai1="102,13,56,92,31,115,88,79,28,104,16,61,126" hai2="114,71,58,27,15,3,100,4,20,75,113,132,69" hai3="25,41,110,77,12,6,72,80,7,19,107,29,129"/><V8/><F75/><W42/><G129/><T105/><D105/><U131/><E126/><V123/><F123/><W95/><G110/><T98/><D121/><U76/><E131/><V0/><F100/><W55/><G107/><T1/><D118/><U35/><E115/><V97/><F97/><W14/><G14/><T54/><D26/><U67/><E102/><V120/><F120/><W11/><G95/><T65/><D32/><U46/><E104/><V89/><F89/><W128/><G128/><T91/><REACH who="0" step="1"/><D65/><REACH who="0" ten="176,214,384,216" step="2"/><U60/><E35/><V73/><F27/><W49/><G25/><T68/><AGARI ba="0,1" hai="1,5,10,45,50,54,62,64,68,84,85,91,93,98" machi="68" ten="20,12000,2" yaku="1,1,2,1,0,1,7,1,53,2" doraHai="106" doraHaiUra="82" who="0" fromWho="0" sc="176,130,214,-30,384,-60,216,-30" /><INIT seed="3,0,0,5,3,48" ten="306,184,324,186" oya="3" hai0="127,9,13,85,129,74,24,97,96,92,25,34,107" hai1="120,100,90,119,112,43,16,86,22,12,18,2,63" hai2="128,78,54,21,35,103,130,135,44,59,89,49,32" hai3="23,108,17,122,126,50,60,116,132,71,73,53,88"/><W42/><G122/><T37/><D74/><U0/><E112/><V15/><F103/><W115/><G116/><T30/><D37/><U56/><E120/><V114/><F114/><W10/><G115/><T99/><D129/><N who="2" m="49770" /><F78/><W3/><G73/><T46/><D127/><U94/><E119/><V83/><F135/><W68/><G132/><T104/><D25/><U79/><E43/><V131/><F131/><W57/><G126/><T82/><D92/><U66/><E79/><V125/><F125/><W124/><G124/><T41/><D85/><U84/><E84/><N who="2" m="50335" /><F59/><W29/><G108/><T98/><D82/><U26/><REACH who="1" step="1"/><E100/><REACH who="1" ten="306,174,324,186" step="2"/><V27/><F15/><W39/><G42/><T93/><D13/><U4/><E4/><V117/><F117/><W67/><G39/><T69/><D41/><U5/><E5/><V111/><F111/><W105/><G105/><T1/><D107/><U40/><E40/><V75/><F75/><W133/><G133/><T109/><D104/><U33/><E33/><V123/><F123/><W101/><G101/><T14/><D34/><U31/><E31/><AGARI ba="0,1" hai="21,27,31,32,35,44,49,54" m="50335,49770" machi="31" ten="30,2000,0" yaku="19,1,52,1" doraHai="48" who="2" fromWho="1" sc="306,0,174,-20,324,30,186,0" /><INIT seed="4,0,0,1,5,1" ten="306,154,354,186" oya="0" hai0="80,5,18,47,94,81,45,49,121,85,74,127,128" hai1="6,71,131,133,0,31,101,83,64,50,57,51,19" hai2="11,86,8,106,56,58,65,87,13,105,108,69,96" hai3="84,43,92,10,119,42,118,37,21,32,24,79,53"/><T15/><D121/><U28/><E71/><V46/><F108/><W103/><G32/><T22/><D127/><U70/><E70/><V110/><F110/><W77/><G37/><T52/><D128/><U30/><E131/><V16/><F69/><W25/><G119/><T39/><D74/><U95/><E133/><V60/><F46/><W59/><G118/><T90/><D39/><U72/><E19/><V116/><F116/><W68/><G68/><T14/><D47/><U63/><E95/><V66/><F96/><N who="3" m="59783" /><G10/><AGARI ba="0,0" hai="5,10,14,15,18,22,45,49,52,80,81,85,90,94" machi="10" ten="40,7700,0" yaku="8,1,52,1,54,1" doraHai="1" who="0" fromWho="3" sc="306,77,154,0,354,0,186,-77" /><INIT seed="4,1,0,3,1,118" ten="383,154,354,109" oya="0" hai0="66,84,3,122,63,131,24,28,99,56,14,7,125" hai1="106,103,6,38,94,57,42,108,95,65,21,115,47" hai2="10,100,126,86,121,109,120,74,104,119,52,110,39" hai3="70,93,11,129,102,17,101,31,113,18,135,1,105"/><T62/><D3/><U111/><E6/><V87/><F52/><W5/><G113/><T54/><D131/><U117/><E115/><V27/><F39/><W32/><G70/><T4/><D125/><U64/><E117/><V128/><F27/><W77/><G135/><T48/><D122/><N who="2" m="47210" /><F10/><W58/><G129/><T61/><D66/><U37/><E106/><V81/><F119/><W92/><G105/><T73/><D73/><U76/><E76/><N who="2" m="44183" /><F128/><W80/><G58/><T0/><D0/><U67/><E103/><V30/><F30/><W25/><G101/><T114/><D114/><U83/><E83/><V82/><F126/><W23/><G102/><T55/><D55/><U8/><E8/><V41/><F41/><W123/><G123/><T9/><D4/><U116/><E116/><V49/><F49/><W68/><G68/><T69/><D69/><U134/><E38/><V91/><F87/><W44/><G44/><T2/><D84/><U85/><E85/><V130/><F130/><W60/><G60/><T20/><D2/><U33/><E33/><V88/><F91/><W90/><G90/><T46/><D56/><U127/><E57/><V29/><F29/><W107/><G107/><T71/><D71/><U96/><E127/><V79/><F79/><W53/><G53/><T72/><D72/><U36/><E36/><V22/><F22/><W16/><REACH who="3" step="1"/><G23/><REACH who="3" ten="383,154,354,99" step="2"/><T43/><D54/><U45/><E21/><V78/><F88/><W97/><G97/><AGARI ba="1,1" hai="7,9,14,20,24,28,43,46,48,61,62,63,97,99" machi="97" ten="40,2000,0" yaku="8,1" doraHai="118" who="0" fromWho="3" sc="383,33,154,0,354,0,99,-23" /><AGARI ba="1,0" hai="78,82,86,97,100,104,109,110" m="44183,47210" machi="97" ten="30,8000,1" yaku="34,2,52,3" doraHai="118" who="2" fromWho="3" sc="416,0,154,0,354,80,76,-80" owari="416,22.0,154,-25.0,434,53.0,-4,-50.0" /></mjloggm>