<mjloggm ver="2.3"><GO type="169" lobby="0"/><UN n0="%E3%82%A6%E3%83%AB%E3%83%88%E3%83%A9%E7%AB%8B%E7%9B%B4" n1="%E3%82%8F%E3%83%BC%E3%81%BF%E3%83%BC" n2="%E3%81%97%E3%82%87%E3%81%BC%E3%82%93%EF%BD%8E" n3="%E6%8E%A8%E7%A9%BA%EF%BC%B0" dan="17,16,18,17" rate="2101.21,2034.74,2185.70,2178.85" sx="M,M,M,F"/><TAIKYOKU oya="0"/><INIT seed="0,0,0,2,2,117" ten="250,250,250,250" oya="0" hai0="126,32,55,20,109,8,59,15,113,79,128,0,106" hai1="94,80,17,58,1,3,42,63,69,5,61,77,39" hai2="53,68,54,120,49,67,99,90,52,22,111,100,23" hai3="40,37,125,2,6,43,21,114,28,88,12,56,64"/><T10/><D106/><U95/><E39/><V60/><F111/><W129/><G114/><T26/><D113/><U121/><E42/><N who="3" m="15914" /><G2/><T105/><D105/><U7/><E69/><V115/><F115/><W96/><G37/><T84/><D109/><U24/><E24/><V104/><F120/><W124/><G129/><T51/><D32/><U89/><E17/><V87/><REACH who="2" step="1"/><F49/><REACH who="2" ten="250,250,240,250" step="2"/><W127/><G124/><T93/><D126/><U119/><E121/><V46/><F46/><W13/><G127/><T71/><D128/><U44/><E44/><V66/><F66/><W76/><G125/><T122/><D122/><U33/><E119/><V47/><F47/><W134/><G134/><T108/><D108/><U118/><E118/><V27/><F27/><W31/><G64/><T131/><D131/><U103/><E63/><V83/><AGARI ba="0,1" hai="22,23,52,53,54,60,67,68,83,87,90,99,100,104" machi="83" ten="30,7900,0" yaku="1,1,0,1,54,1,53,1" doraHai="117" doraHaiUra="98" who="2" fromWho="2" sc="250,-39,250,-20,240,89,250,-20" /><INIT seed="1,0,0,3,2,23" ten="211,230,329,230" oya="1" hai0="60,92,68,18,122,74,91,90,105,116,73,6,76" hai1="67,134,28,83,8,120,84,34,78,99,46,41,79" hai2="19,30,128,93,101,17,108,20,7,132,3,47,130" hai3="126,71,110,38,100,13,131,64,96,59,57,0,49"/><U127/><E120/><V43/><F108/><W113/><G0/><T36/><D36/><U125/><E134/><V89/><F101/><W69/><G113/><T97/><D6/><U124/><E34/><V51/><F132/><W66/><G13/><T53/><D68/><U109/><E28/><V11/><F30/><W56/><G96/><T94/><D60/><U48/><E67/><N who="3" m="25642" /><G100/><N who="0" m="62607" /><D53/><U5/><E99/><V35/><F35/><W15/><G15/><T107/><D18/><U58/><E58/><V112/><F112/><W118/><G110/><T44/><D44/><U62/><E62/><V12/><REACH who="2" step="1"/><F19/><REACH who="2" ten="211,230,319,230" step="2"/><W22/><G118/><T121/><D116/><U119/><E119/><V103/><F103/><W111/><G111/><T25/><D107/><U33/><E33/><V27/><F27/><W32/><G32/><T75/><D25/><U85/><E109/><V133/><F133/><W129/><G22/><T117/><D117/><U4/><REACH who="1" step="1"/><E8/><REACH who="1" ten="211,220,319,230" step="2"/><V86/><AGARI ba="0,2" hai="3,7,11,12,17,20,43,47,51,86,89,93,128,130" machi="86" ten="30,2000,0" yaku="1,1,0,1,53,0" doraHai="23" doraHaiUra="115" who="2" fromWho="2" sc="211,-5,220,-10,319,40,230,-5" /><INIT seed="2,0,0,3,4,28" ten="206,210,359,225" oya="2" hai0="13,0,4,21,43,74,10,47,75,3,78,31,12" hai1="52,100,111,22,14,117,95,118,93,70,88,18,126" hai2="44,54,15,133,107,68,76,62,64,35,20,113,17" hai3="109,85,132,19,110,105,53,11,51,58,69,24,82"/><V122/><F113/><W49/><G105/><T104/><D104/><U128/><E111/><N who="3" m="42506" /><G69/><T135/><D135/><U8/><E70/><V40/><F122/><W29/><G132/><T55/><D55/><U101/><E128/><V119/><F119/><W42/><G11/><T45/><D45/><U98/><E126/><V108/><F108/><W36/><G19/><T41/><D41/><U57/><E101/><V34/><F133/><W66/><G66/><T131/><D131/><U33/><E33/><V89/><F107/><W121/><G121/><T1/><D78/><U115/><E115/><V59/><F89/><N who="3" m="51383" /><G36/><T97/><D97/><U83/><E83/><V96/><F96/><W6/><G6/><T16/><REACH who="0" step="1"/><D31/><REACH who="0" ten="196,210,359,225" step="2"/><U130/><E130/><V9/><F76/><W127/><G42/><T86/><D86/><U2/><E118/><V5/><F40/><W60/><G127/><T91/><D91/><U124/><E117/><V23/><F44/><W7/><G7/><T37/><AGARI ba="0,1" hai="0,1,3,4,10,12,13,16,21,37,43,47,74,75" machi="37" ten="30,4000,0" yaku="1,1,0,1,54,1,53,0" doraHai="28" doraHaiUra="65" who="0" fromWho="0" sc="196,50,210,-10,359,-20,225,-10" /><INIT seed="3,0,0,2,2,48" ten="246,200,339,215" oya="3" hai0="28,113,95,6,60,67,75,68,70,42,69,45,105" hai1="133,117,18,80,127,35,77,90,99,126,72,19,76" hai2="115,82,56,21,5,38,33,20,65,25,106,120,50" hai3="2,29,15,119,110,16,92,9,37,40,54,14,101"/><W63/><G119/><T17/><D75/><U4/><E133/><V86/><F38/><W116/><G116/><T12/><D105/><U36/><E117/><V134/><F106/><W59/><G2/><T55/><D28/><U107/><E36/><V30/><F115/><W39/><G110/><T94/><D6/><U73/><E35/><V3/><F134/><W52/><G29/><T84/><D113/><U102/><E4/><V49/><F120/><W13/><G39/><T44/><D84/><N who="1" m="50439" /><E19/><V111/><F111/><W112/><G112/><T81/><D81/><N who="1" m="45191" /><E18/><V23/><F5/><W7/><G37/><N who="0" m="21583" /><D95/><U26/><E26/><V122/><F3/><W135/><G135/><T57/><D94/><U24/><E24/><V79/><F122/><W114/><G114/><T89/><D89/><U27/><E27/><V85/><F85/><W108/><G108/><T132/><D12/><N who="3" m="4713" /><G40/><T61/><D17/><U47/><E77/><V118/><F118/><W11/><G7/><T128/><D132/><U100/><E100/><V32/><F32/><W103/><G9/><T97/><D97/><U78/><E78/><V62/><AGARI ba="0,0" hai="20,21,23,25,30,33,49,50,56,62,65,79,82,86" machi="62" ten="30,1100,0" yaku="0,1" doraHai="48" who="2" fromWho="2" sc="246,-3,200,-3,339,11,215,-5" /><INIT seed="4,0,0,5,5,128" ten="243,197,350,210" oya="0" hai0="24,57,55,12,79,60,81,59,73,127,33,15,95" hai1="112,91,125,3,106,66,119,75,126,100,65,74,102" hai2="134,117,23,86,123,85,92,56,71,14,83,8,116" hai3="17,20,76,94,52,7,48,31,111,105,78,130,89"/><T107/><D107/><U114/><E106/><V61/><F123/><W26/><G105/><T77/><D127/><U43/><E43/><V110/><F71/><W0/><G111/><T120/><D120/><U28/><E28/><V88/><F134/><W11/><G130/><T103/><D79/><U44/><E44/><V93/><F23/><W122/><G122/><T121/><D121/><U25/><E25/><V22/><F22/><W135/><G135/><T64/><D103/><U13/><E13/><V39/><F39/><W67/><G67/><T69/><D95/><U124/><E91/><V47/><F47/><W5/><G5/><T34/><D69/><U35/><E35/><V6/><F110/><W19/><G17/><T109/><D109/><U131/><E3/><V132/><F132/><W40/><G40/><T58/><D58/><U16/><E16/><V10/><F10/><W68/><G68/><T90/><D90/><U82/><E82/><V21/><F21/><W104/><G104/><T2/><D2/><U115/><E119/><N who="2" m="45643" /><F86/><W133/><G133/><T1/><D1/><U37/><E37/><V80/><F80/><W41/><G31/><T54/><D64/><AGARI ba="0,0" hai="6,8,14,56,61,64,83,85,88,92,93" m="45643" machi="64" ten="30,2000,0" yaku="12,1,54,1" doraHai="128" who="2" fromWho="0" sc="243,-20,197,0,350,20,210,0" /><INIT seed="5,0,0,3,4,55" ten="223,197,370,210" oya="1" hai0="92,113,44,128,130,27,127,71,32,50,21,41,62" hai1="20,15,116,68,66,42,83,37,53,107,134,101,132" hai2="86,31,73,9,18,38,11,33,110,47,34,39,60" hai3="23,10,97,122,96,123,35,25,24,100,74,109,75"/><U56/><E116/><V76/><F86/><W103/><G10/><T54/><D32/><U102/><E107/><V6/><F18/><W124/><G23/><T79/><D79/><U28/><E66/><V85/><F85/><W126/><REACH who="3" step="1"/><G35/><REACH who="3" ten="223,197,370,200" step="2"/><T22/><D22/><U19/><E20/><V46/><F11/><W67/><G67/><T72/><D21/><U91/><E134/><V81/><F9/><W119/><G119/><T51/><D128/><U2/><E132/><V69/><F33/><W77/><G77/><T108/><D130/><U16/><E2/><V48/><F34/><W90/><G90/><T88/><D88/><U120/><E91/><V106/><F76/><W112/><G112/><T30/><D113/><U87/><E120/><V45/><F6/><W17/><G17/><T78/><D78/><U111/><E16/><V14/><F73/><W52/><G52/><T129/><D54/><U4/><E19/><V29/><F29/><W99/><G99/><T98/><D30/><U36/><E28/><V61/><F31/><W1/><G1/><T104/><D98/><U125/><E4/><V13/><F13/><W26/><G26/><T105/><D27/><U59/><E15/><V3/><F14/><W43/><G43/><T135/><D41/><U70/><E42/><V95/><F3/><W121/><G121/><T133/><D72/><U115/><E115/><V57/><F110/><AGARI ba="0,1" hai="24,25,74,75,96,97,100,103,109,110,122,123,124,126" machi="110" ten="25,3200,0" yaku="1,1,22,2,53,0" doraHai="55" doraHaiUra="64" who="3" fromWho="2" sc="223,0,197,0,370,-32,200,42" /><INIT seed="6,0,0,1,4,47" ten="223,197,338,242" oya="2" hai0="79,8,102,41,96,132,18,24,81,27,51,121,98" hai1="78,95,135,83,129,13,86,71,115,89,131,52,44" hai2="97,76,105,1,90,33,75,120,67,58,66,84,31" hai3="111,48,62,3,54,0,65,68,42,39,7,133,23"/><V59/><F1/><W21/><G111/><T124/><D121/><U9/><E71/><V85/><F75/><W100/><G100/><T50/><D124/><U109/><E109/><V118/><F118/><W116/><G116/><T74/><D132/><U36/><E36/><V37/><F37/><W53/><G133/><T119/><D119/><U29/><E29/><V46/><F33/><W20/><G7/><T91/><D41/><U110/><E115/><V108/><F31/><W122/><G54/><T40/><D40/><U43/><E43/><V92/><F105/><W49/><G122/><T64/><D64/><U25/><E25/><V34/><F34/><W38/><G38/><T56/><D56/><U17/><E110/><V11/><F11/><W28/><G28/><T2/><D91/><U15/><E15/><V80/><F108/><W72/><G72/><T101/><D24/><U6/><E6/><V106/><F46/><W82/><G82/><T45/><D45/><U112/><E112/><V117/><F117/><W61/><G39/><T103/><D27/><U4/><E4/><V63/><F120/><W127/><G42/><T104/><D102/><U5/><E5/><V123/><F123/><W57/><REACH who="3" step="1"/><G127/><REACH who="3" ten="223,197,338,232" step="2"/><T14/><D2/><AGARI ba="0,1" hai="0,2,3,20,21,23,48,49,53,57,61,62,65,68" machi="2" ten="40,8000,1" yaku="1,1,2,1,52,2,53,0" doraHai="47" doraHaiUra="77" who="3" fromWho="0" sc="223,-80,197,0,338,0,232,90" /><INIT seed="7,0,0,0,1,111" ten="143,197,338,322" oya="3" hai0="107,53,20,57,106,134,86,6,94,78,130,122,31" hai1="81,15,37,85,28,9,90,98,7,54,45,1,121" hai2="114,72,52,99,79,44,13,3,133,22,95,89,131" hai3="10,128,55,0,80,67,76,30,8,108,71,110,16"/><W96/><G30/><T19/><D122/><U46/><E121/><V115/><F3/><W32/><G32/><T42/><D130/><U24/><E37/><V47/><F131/><W123/><G128/><T119/><D119/><U74/><E74/><V73/><F133/><W35/><G123/><T59/><D134/><U82/><E98/><V62/><F62/><W84/><G35/><T27/><D6/><U112/><E112/><N who="2" m="43051" /><F79/><W127/><G96/><T109/><D109/><N who="3" m="42089" /><G127/><T97/><D42/><U102/><E102/><V83/><F83/><W93/><G93/><T91/><D59/><U11/><E54/><V61/><F61/><N who="3" m="40431" /><G0/><T88/><D31/><U49/><E82/><V2/><F2/><W66/><G66/><T113/><D113/><U4/><E49/><N who="2" m="28711" /><F47/><W38/><G38/><T56/><D78/><U100/><E46/><V124/><F124/><W29/><G55/><T75/><D75/><U65/><E45/><V92/><F92/><W48/><G48/><T34/><D34/><U87/><E65/><V17/><AGARI ba="0,0" hai="13,17,22,72,73,89,95,99" m="28711,43051" machi="17" ten="30,8000,1" yaku="15,1,52,3,54,1" doraHai="111" who="2" fromWho="2" sc="143,-20,197,-20,338,80,322,-40" owari="123,-38.0,177,-22.0,418,52.0,282,8.0" /></mjloggm>