<mjloggm ver="2.3"><GO type="225" lobby="0"/><UN n0="%E8%B6%85%E4%BA%BA%EF%BC%AD" n1="%E2%98%85%E3%83%9F%E3%83%BC%E3%82%B3%E2%98%85" n2="%E3%83%AD%E3%83%9C%E3%82%B3%E3%83%97" n3="%E3%82%A6%E3%83%AB%E3%83%88%E3%83%A9%E7%AB%8B%E7%9B%B4" dan="17,16,17,17" rate="2189.21,2114.91,2161.09,2168.50" sx="M,F,M,M"/><TAIKYOKU oya="0"/><INIT seed="0,0,0,4,3,76" ten="250,250,250,250" oya="0" hai0="9,36,111,65,0,66,135,72,16,2,86,49,67" hai1="126,128,3,84,125,21,80,89,92,31,39,120,34" hai2="30,122,19,113,53,15,70,35,24,13,85,127,124" hai3="38,42,22,77,51,112,90,101,78,115,116,59,96"/><T103/><D72/><U4/><E120/><V97/><F70/><W48/><G116/><T130/><D36/><U43/><E128/><V62/><F122/><W109/><G38/><T110/><D103/><U40/><E34/><V94/><F113/><W71/><G71/><T104/><D104/><U106/><E106/><V83/><F62/><W121/><G101/><T88/><D49/><U32/><E32/><V133/><F53/><W60/><G109/><N who="0" m="41483" /><D135/><U82/><E4/><V23/><F13/><W20/><G121/><T10/><D130/><U114/><E3/><N who="0" m="1065" /><D16/><U91/><E114/><V73/><F73/><W56/><G60/><T105/><D105/><U99/><E39/><V41/><F133/><W29/><G42/><T5/><D5/><U61/><E61/><V119/><F41/><W54/><G112/><T37/><D37/><U123/><E123/><V107/><F107/><W129/><G115/><T18/><D18/><U69/><E69/><V44/><F119/><W100/><G100/><T108/><N who="0" m="41491" /><T50/><DORA hai="57" /><D50/><U58/><E43/><V81/><F44/><W118/><G51/><T117/><D117/><U74/><E40/><V52/><F124/><N who="1" m="47721" /><E58/><V131/><F127/><W95/><G59/><T26/><D26/><N who="1" m="16847" /><E74/><V25/><F131/><W47/><G56/><T93/><AGARI ba="0,0" hai="9,10,65,66,67,86,88,93" m="1065,41491" machi="93" ten="50,9600,0" yaku="14,1,10,1,54,1" doraHai="76,57" who="0" fromWho="0" sc="250,96,250,-32,250,-32,250,-32" /><INIT seed="0,1,0,5,5,74" ten="346,218,218,218" oya="0" hai0="134,31,77,97,63,0,14,119,43,3,90,127,37" hai1="70,2,86,28,91,81,50,61,59,72,6,128,133" hai2="58,110,5,4,87,69,102,8,42,117,123,44,85" hai3="101,51,113,131,49,135,115,124,120,62,47,76,125"/><T98/><D119/><U12/><E133/><V54/><F69/><W105/><G135/><T132/><D134/><U80/><E128/><V19/><F123/><W7/><G7/><T23/><D132/><U13/><E70/><V9/><F117/><W38/><G105/><T60/><D127/><N who="3" m="48713" /><G101/><T27/><D14/><U96/><E28/><V82/><F102/><W39/><G76/><T33/><D33/><U108/><E108/><V112/><F110/><W52/><G131/><T26/><D26/><U67/><E96/><V71/><F71/><W1/><G1/><T92/><D97/><U48/><E2/><V16/><F112/><N who="3" m="43083" /><G120/><T104/><D104/><U116/><E116/><V55/><F42/><N who="3" m="24823" /><G62/><T94/><D60/><U18/><E72/><V95/><F5/><W99/><G99/><N who="0" m="57751" /><D63/><U34/><E6/><V36/><F4/><W40/><G40/><T56/><D77/><U93/><E50/><V89/><F36/><W11/><G11/><T25/><D43/><U17/><E48/><V32/><F9/><W78/><G78/><T10/><D37/><U57/><E61/><V109/><F8/><W29/><G29/><N who="0" m="17599" /><D10/><U30/><E67/><V68/><F109/><W103/><G103/><N who="0" m="60887" /><D3/><U111/><E111/><V64/><F64/><W45/><AGARI ba="1,0" hai="38,39,45,51,52" m="24823,43083,48713" machi="45" ten="30,7900,0" yaku="18,1,34,2,54,1" doraHai="74" who="3" fromWho="3" sc="346,-40,218,-21,218,-21,218,82" /><INIT seed="1,0,0,5,3,60" ten="306,197,197,300" oya="1" hai0="66,76,67,42,6,63,47,84,85,13,97,108,101" hai1="103,106,91,34,24,114,131,15,27,77,78,123,107" hai2="5,121,130,125,2,65,104,41,122,98,7,49,117" hai3="37,35,116,88,111,26,10,53,126,38,105,68,40"/><U81/><E114/><V16/><F117/><W87/><G105/><T94/><D108/><U57/><E123/><V32/><F32/><W109/><G68/><T90/><D63/><U56/><E131/><V99/><F2/><W36/><G116/><T52/><D76/><U134/><E134/><V58/><F104/><W86/><G53/><T71/><D71/><U12/><E91/><V92/><F99/><W21/><G35/><T100/><D42/><U4/><E34/><V46/><F130/><W89/><G10/><N who="0" m="4311" /><D85/><N who="3" m="32265" /><G40/><T75/><D75/><U120/><E4/><V9/><F125/><W31/><G126/><T132/><D132/><U128/><E128/><V113/><F113/><W135/><G135/><T20/><D20/><U14/><E14/><N who="2" m="7247" /><F122/><W0/><G0/><T55/><D55/><U25/><E120/><V29/><F121/><W70/><G70/><T8/><D8/><U30/><E27/><V3/><F3/><W44/><G44/><T118/><D118/><U133/><E133/><V74/><F74/><W17/><G17/><T61/><D101/><U82/><REACH who="1" step="1"/><E30/><REACH who="1" ten="306,187,197,300" step="2"/><V59/><F29/><W43/><G111/><T50/><D61/><U23/><E23/><V62/><F59/><W18/><G109/><T102/><D102/><AGARI ba="0,1" hai="12,15,24,25,56,57,77,78,81,82,102,103,106,107" machi="102" ten="25,12000,1" yaku="1,1,22,2,53,2" doraHai="60" doraHaiUra="11" who="1" fromWho="0" sc="306,-120,187,130,197,0,300,0" /><AGARI ba="0,0" hai="5,7,41,46,49,58,62,65,92,98,102" m="7247" machi="102" ten="30,3900,0" yaku="8,1,52,1,54,1" doraHai="60" who="2" fromWho="0" sc="186,-39,317,0,197,39,300,0" /><INIT seed="1,1,0,2,2,127" ten="147,317,236,300" oya="1" hai0="71,119,19,43,53,70,101,24,36,84,41,56,88" hai1="120,29,47,38,3,95,15,107,40,8,65,39,110" hai2="2,67,123,25,78,63,34,135,32,92,31,115,27" hai3="46,128,44,1,105,49,121,90,96,122,75,68,33"/><U51/><E107/><V97/><F123/><W5/><G68/><T0/><D0/><U133/><E3/><V73/><F2/><W83/><G33/><T30/><D119/><U102/><E120/><V23/><F115/><W55/><G5/><T82/><D101/><U124/><E124/><V91/><F135/><W11/><G11/><T52/><D53/><U35/><E133/><V42/><F42/><W14/><G14/><T45/><D19/><U126/><E65/><V103/><F73/><W62/><G62/><T114/><D43/><U13/><E13/><V57/><F78/><W59/><G1/><T117/><D117/><U21/><E35/><V28/><F91/><W100/><G122/><T113/><D113/><U64/><E64/><V86/><F86/><W22/><G22/><AGARI ba="1,0" hai="22,23,25,27,28,31,32,34,57,63,67,92,97,103" machi="22" ten="30,7700,0" yaku="7,1,9,1,25,2" doraHai="127" who="2" fromWho="3" sc="147,0,317,0,236,80,300,-80" /><INIT seed="2,0,0,5,3,56" ten="147,317,316,220" oya="2" hai0="5,54,57,36,26,131,47,16,45,126,55,72,90" hai1="119,44,9,64,95,29,19,65,79,76,62,124,102" hai2="117,23,42,69,37,82,28,67,61,13,97,133,77" hai3="3,112,6,134,11,0,63,4,58,75,7,74,40"/><V122/><F117/><W51/><G134/><T127/><D72/><U22/><E119/><V15/><F122/><W108/><G108/><T81/><D5/><U83/><E124/><N who="0" m="47657" /><D131/><U38/><E38/><V73/><F133/><W121/><G121/><T130/><D130/><U116/><E116/><V1/><F1/><W8/><G6/><T88/><D54/><U123/><E44/><N who="0" m="16969" /><D81/><U118/><E83/><V18/><F37/><W35/><G35/><T85/><D85/><U39/><E39/><V113/><F42/><W70/><G112/><T115/><D115/><U128/><E128/><V93/><F113/><W25/><G40/><T31/><D36/><U43/><E43/><V103/><REACH who="2" step="1"/><F28/><REACH who="2" ten="147,317,306,220" step="2"/><W132/><G132/><T105/><D105/><U111/><E29/><V41/><F41/><W34/><G0/><T114/><D114/><U10/><E123/><V101/><F101/><W80/><G3/><T14/><D31/><U2/><E95/><V68/><F68/><W86/><G70/><T21/><D14/><AGARI ba="0,1" hai="13,14,15,18,23,61,67,69,73,77,82,93,97,103" machi="14" ten="30,5800,0" yaku="1,1,7,1,52,1,53,0" doraHai="56" doraHaiUra="109" who="2" fromWho="0" sc="147,-58,317,0,306,68,220,0" /><INIT seed="2,1,0,1,4,51" ten="89,317,374,220" oya="2" hai0="108,76,45,98,38,63,28,113,41,37,129,30,4" hai1="52,2,12,6,43,96,27,54,106,34,128,36,104" hai2="49,132,58,109,19,61,85,1,9,116,33,65,88" hai3="59,72,50,60,114,0,35,73,48,84,14,126,57"/><V130/><F116/><W18/><G35/><T8/><D113/><U91/><E2/><V23/><F33/><W77/><G0/><T95/><D108/><U115/><E115/><V16/><F109/><W101/><G126/><T7/><D129/><U53/><E128/><V11/><F130/><W56/><G101/><T31/><D38/><U134/><E134/><V120/><F120/><W123/><G123/><T24/><D76/><U75/><E75/><V39/><F39/><W10/><G114/><T102/><D7/><U17/><E6/><V55/><F132/><W81/><G60/><T119/><D119/><U78/><E78/><V64/><F1/><W13/><G13/><T131/><D131/><U71/><E71/><V89/><F89/><W93/><G93/><T26/><REACH who="0" step="1"/><D63/><REACH who="0" ten="79,317,374,220" step="2"/><U66/><E36/><V107/><F61/><W117/><G117/><T105/><D105/><U47/><E106/><V20/><F107/><W103/><G77/><T86/><D86/><U83/><E104/><V111/><F85/><W82/><G84/><T133/><D133/><U124/><E124/><V32/><F111/><W29/><G73/><T44/><D44/><U99/><E47/><V42/><F32/><W100/><G72/><T80/><D80/><U135/><E83/><V92/><F92/><W90/><G82/><T110/><D110/><U68/><E34/><V79/><F79/><W21/><G81/><T5/><D5/><U22/><E135/><V121/><F121/><W46/><G46/><T67/><D67/><U97/><E66/><V3/><F65/><W118/><G118/><RYUUKYOKU ba="1,1" sc="79,30,317,-10,374,-10,220,-10" hai0="4,8,24,26,28,30,31,37,41,45,95,98,102" /><INIT seed="3,2,1,0,3,42" ten="109,307,364,210" oya="3" hai0="49,17,65,124,110,130,113,120,81,93,103,92,99" hai1="55,106,52,100,64,10,67,98,127,53,97,2,128" hai2="91,118,21,34,111,1,0,27,54,69,85,62,73" hai3="18,14,46,135,5,78,9,68,114,88,77,94,23"/><W102/><G68/><T104/><D120/><U75/><E128/><V56/><F118/><W59/><G135/><T37/><D37/><U51/><E127/><V108/><F73/><W43/><G59/><T47/><D124/><U35/><E75/><V105/><F34/><W20/><G102/><T74/><D130/><U41/><E35/><V58/><F105/><W123/><G114/><T3/><D3/><U57/><E98/><V112/><F69/><W50/><G123/><T76/><D113/><U48/><E41/><V13/><F13/><N who="3" m="9295" /><G23/><T29/><D29/><U15/><E2/><V131/><F58/><W32/><G32/><T72/><D72/><U36/><E36/><V16/><F131/><W12/><G12/><T4/><D4/><U30/><E30/><V44/><F112/><W83/><G83/><T63/><D17/><U109/><E109/><N who="2" m="42059" /><F44/><W39/><G39/><T90/><D110/><U31/><E31/><V80/><AGARI ba="2,1" hai="0,1,16,21,27,54,56,62,80,85,91" m="42059" machi="80" ten="30,2000,0" yaku="14,1,54,1" doraHai="42" who="2" fromWho="2" sc="109,-7,307,-7,364,36,210,-12" owari="102,-40.0,300,10.0,400,50.0,198,-20.0" /></mjloggm>