<mjloggm ver="2.3"><GO type="169" lobby="0"/><UN n0="%E3%81%AE%E3%81%82%E3%83%9E%E3%82%B9%E3%82%BF%E3%83%BC" n1="%E5%B0%B1%E6%B4%BB%E7%94%9F%40%E5%B7%9D%E6%9D%91%E8%BB%8D%E5%9B%A3" n2="%6B%E3%81%AE%64%65%73%75" n3="%E5%BB%83%E4%BA%BA%E9%81%94%E9%9B%86%E5%90%88" dan="17,17,16,17" rate="2190.71,2186.72,2090.27,2142.00" sx="M,M,M,M"/><TAIKYOKU oya="0"/><INIT seed="0,0,0,3,0,19" ten="250,250,250,250" oya="0" hai0="52,23,42,63,41,8,29,99,37,68,67,101,34" hai1="28,16,120,14,56,2,27,53,97,38,57,85,72" hai2="129,50,108,31,118,3,70,109,115,81,33,91,10" hai3="116,15,4,87,133,95,80,43,9,100,30,55,79"/><T58/><D8/><U76/><E120/><V107/><F115/><W113/><G133/><T103/><D34/><U124/><E2/><V39/><F39/><W66/><G113/><T40/><D37/><U121/><E72/><V18/><F129/><W62/><G116/><T32/><D32/><U74/><E74/><V49/><F70/><W131/><G131/><T22/><D29/><U54/><E38/><V60/><F60/><W11/><G43/><T47/><D47/><U46/><E97/><V48/><F107/><W117/><G117/><T89/><D89/><U75/><E75/><V122/><F122/><W12/><G30/><T104/><REACH who="0" step="1"/><D103/><REACH who="0" ten="240,250,250,250" step="2"/><U94/><E46/><V84/><F31/><W21/><G11/><T45/><D45/><U82/><E121/><V0/><F33/><W35/><G35/><T105/><D105/><U83/><E28/><V88/><F91/><W20/><G12/><T73/><D73/><U123/><E14/><N who="2" m="7511" /><F118/><W111/><G111/><AGARI ba="0,1" hai="0,3,48,49,50,81,84,88,108,109,111" m="7511" machi="111" ten="30,2000,0" yaku="14,1,54,1" doraHai="19" who="2" fromWho="3" sc="240,0,250,0,250,30,250,-20" /><INIT seed="1,0,0,5,5,70" ten="240,250,280,230" oya="1" hai0="51,109,64,30,112,107,108,122,49,103,29,19,43" hai1="34,46,55,47,6,9,116,60,105,33,99,42,110" hai2="85,59,131,11,123,106,12,48,32,133,74,10,98" hai3="93,57,13,135,90,115,71,20,3,104,16,73,101"/><U79/><E116/><V125/><F74/><W67/><G115/><T86/><D112/><U117/><E117/><V38/><F123/><W114/><G114/><T120/><D64/><U91/><E110/><N who="0" m="42601" /><D19/><U83/><E60/><V61/><F32/><W88/><G73/><T23/><D23/><U63/><E63/><V97/><F133/><W87/><G135/><T68/><D68/><U124/><E55/><V69/><F69/><W92/><G3/><T50/><D43/><U7/><E7/><V25/><F38/><W15/><G71/><T84/><D103/><N who="1" m="62719" /><E91/><V28/><F61/><W18/><G67/><T27/><D107/><U58/><E46/><V37/><F106/><W53/><G104/><T26/><D26/><U22/><E58/><V52/><F59/><W76/><G101/><T100/><D100/><U2/><E22/><V134/><F134/><W24/><G76/><T14/><D14/><U96/><E96/><V45/><F97/><N who="3" m="57479" /><G18/><T95/><D95/><U81/><E81/><V17/><F98/><W44/><G44/><T119/><D119/><U80/><E80/><V54/><F45/><W8/><G8/><T128/><D27/><U121/><E121/><N who="0" m="46697" /><D128/><U102/><E102/><V31/><F131/><W4/><G4/><T1/><D1/><U65/><E65/><V89/><F10/><W82/><G93/><T118/><D118/><U127/><E34/><V35/><F35/><W36/><G15/><T111/><D111/><U132/><E132/><V129/><F129/><W94/><G94/><T0/><D0/><U66/><E33/><V78/><F12/><RYUUKYOKU ba="0,0" sc="240,30,250,-10,280,-10,230,-10" hai0="29,30,49,50,51,84,86" /><INIT seed="2,1,0,4,5,74" ten="270,240,270,220" oya="2" hai0="118,97,90,64,45,117,100,57,101,86,124,133,72" hai1="98,55,91,48,123,15,62,39,81,65,38,44,52" hai2="36,29,11,125,82,60,104,130,92,27,13,22,18" hai3="122,54,105,34,66,63,59,113,42,7,56,24,109"/><V16/><F104/><W31/><G122/><T47/><D72/><U85/><E123/><V43/><F130/><W80/><G113/><T103/><D124/><U75/><E75/><V30/><F125/><W110/><G105/><T127/><D127/><U119/><E119/><N who="0" m="45577" /><D133/><U33/><E33/><V1/><F1/><W67/><G42/><T78/><D64/><U10/><E55/><V70/><F82/><W69/><G7/><T2/><D2/><U73/><E98/><V20/><F92/><W121/><G121/><T114/><D57/><U46/><E46/><N who="0" m="17417" /><D114/><U21/><E21/><V89/><F43/><W128/><G128/><T76/><D97/><U112/><E73/><V115/><F36/><W49/><G67/><T111/><D111/><U94/><E94/><AGARI ba="1,0" hai="76,78,86,90,94,100,101,103" m="17417,45577" machi="94" ten="30,3900,0" yaku="12,1,52,2" doraHai="74" who="0" fromWho="1" sc="270,42,240,-42,270,0,220,0" /><INIT seed="3,0,0,2,4,0" ten="312,198,270,220" oya="3" hai0="60,70,55,125,130,12,21,16,75,110,116,43,27" hai1="22,71,79,104,67,82,46,119,111,105,135,40,68" hai2="61,90,120,63,133,49,62,66,39,89,23,106,88" hai3="7,127,28,99,115,78,4,57,51,86,25,45,26"/><W35/><G115/><T20/><D116/><U72/><E119/><V73/><F39/><W5/><G127/><T101/><D125/><U17/><E111/><V37/><F37/><W24/><G99/><T113/><D110/><U59/><E135/><V33/><F33/><W80/><REACH who="3" step="1"/><G57/><REACH who="3" ten="312,198,270,210" step="2"/><N who="0" m="34879" /><D113/><U122/><E122/><V8/><F120/><W13/><G13/><T18/><D70/><U74/><E68/><V64/><F133/><W132/><G132/><T98/><D130/><U112/><E112/><V69/><F69/><W131/><G131/><T97/><D97/><U87/><E71/><V48/><F73/><W3/><G3/><T103/><D75/><U117/><E117/><V58/><F106/><W32/><G32/><T107/><D107/><U121/><E121/><V123/><F123/><W54/><AGARI ba="0,1" hai="4,5,7,24,25,26,28,35,45,51,54,78,80,86" machi="54" ten="30,18000,2" yaku="1,1,0,1,52,3,53,1" doraHai="0" doraHaiUra="77" who="3" fromWho="3" sc="312,-60,198,-60,270,-60,210,190" /><INIT seed="3,1,0,2,0,64" ten="252,138,210,400" oya="3" hai0="99,34,95,28,112,50,88,30,62,113,18,76,79" hai1="110,119,111,35,0,130,71,93,31,37,51,96,49" hai2="100,39,3,122,63,7,10,101,133,43,65,116,127" hai3="42,20,117,87,103,8,134,53,40,56,52,45,24"/><W41/><G117/><T75/><D50/><U29/><E37/><V32/><F116/><W124/><G124/><T125/><D125/><U82/><E0/><V70/><F127/><W135/><G103/><T104/><D104/><U14/><E14/><V115/><F115/><N who="0" m="44106" /><D34/><U67/><E82/><V81/><F133/><N who="3" m="50699" /><G8/><T9/><D62/><N who="1" m="40439" /><E130/><V68/><F122/><W106/><G106/><T27/><D75/><U86/><E86/><V16/><F32/><W73/><G73/><T131/><D131/><U44/><E35/><V12/><F68/><W59/><G87/><T13/><D27/><U121/><E121/><V25/><F25/><W55/><G45/><T123/><D123/><U57/><E119/><V77/><F43/><W108/><G108/><N who="1" m="41514" /><E57/><V46/><F39/><W78/><G78/><AGARI ba="1,0" hai="9,13,18,28,30,76,78,79,88,95,99" m="44106" machi="78" ten="30,2000,0" yaku="11,1,54,1" doraHai="64" who="0" fromWho="3" sc="252,23,138,0,210,0,400,-23" /><INIT seed="4,0,0,4,1,95" ten="275,138,210,377" oya="0" hai0="97,92,22,77,46,9,37,89,128,135,48,13,80" hai1="75,62,116,90,124,52,122,131,72,115,40,71,35" hai2="31,8,73,104,105,33,45,69,120,125,56,109,76" hai3="66,57,99,79,61,123,38,49,50,64,63,100,65"/><T117/><D117/><U110/><E40/><V42/><F69/><W18/><G123/><T23/><D128/><U85/><E62/><V14/><F109/><W114/><G114/><T55/><D135/><U21/><E21/><V132/><F120/><W103/><G38/><T78/><D37/><U17/><E17/><V59/><F132/><W41/><G79/><T129/><D129/><U126/><E52/><V39/><F125/><W82/><G82/><T70/><D78/><U96/><E71/><V1/><F33/><W101/><G41/><T25/><D70/><U3/><E3/><V12/><F31/><W119/><G119/><T27/><D27/><U53/><E53/><V134/><F134/><W74/><G74/><N who="1" m="28202" /><E35/><V118/><F118/><W87/><G87/><N who="0" m="48527" /><D25/><U86/><E131/><V30/><F30/><W67/><G18/><AGARI ba="0,0" hai="9,13,18,22,23,46,48,55,89,92,97" m="48527" machi="18" ten="30,2900,0" yaku="8,1,52,1" doraHai="95" who="0" fromWho="3" sc="275,29,138,0,210,0,377,-29" /><INIT seed="4,1,0,5,4,80" ten="304,138,210,348" oya="0" hai0="3,55,132,68,56,107,57,43,135,0,45,50,30" hai1="36,122,59,89,46,16,17,105,49,111,126,103,124" hai2="106,52,41,74,67,21,20,94,116,28,79,23,130" hai3="12,72,100,62,42,32,84,82,97,117,134,131,35"/><T70/><D107/><U9/><E122/><V66/><F106/><W93/><G117/><T125/><D30/><U22/><E111/><V81/><F116/><W11/><G134/><N who="0" m="51243" /><D0/><U26/><E36/><V114/><F114/><W77/><G131/><T51/><D3/><U87/><E59/><N who="0" m="22601" /><D125/><U18/><E103/><V73/><F28/><W95/><G62/><T53/><D50/><U91/><E91/><V120/><F73/><W101/><G42/><T96/><D96/><U63/><E63/><V83/><F41/><W40/><G40/><T2/><D2/><U25/><E105/><V60/><F120/><W90/><REACH who="3" step="1"/><G101/><REACH who="3" ten="304,138,210,338" step="2"/><T113/><D113/><U128/><E128/><V14/><F60/><W118/><G118/><T99/><D99/><U29/><E26/><V8/><F130/><W86/><G86/><T98/><D98/><U47/><E9/><V54/><F8/><W92/><G92/><T13/><D13/><U121/><E121/><V65/><F94/><W71/><G71/><AGARI ba="1,1" hai="43,45,51,53,55,68,70,71" m="22601,51243" machi="71" ten="30,5800,0" yaku="20,1,34,2" doraHai="80" who="0" fromWho="3" sc="304,71,138,0,210,0,338,-61" /><INIT seed="4,2,0,3,0,120" ten="375,138,210,277" oya="0" hai0="35,32,121,14,90,44,11,66,105,93,91,81,52" hai1="17,71,13,57,7,125,113,58,94,133,74,15,34" hai2="6,41,40,76,33,75,67,109,135,5,128,116,48" hai3="104,122,88,30,1,16,62,23,83,132,87,130,77"/><T8/><D121/><U9/><E71/><V82/><F116/><W42/><G122/><T55/><D105/><U47/><E74/><V20/><F33/><W0/><G104/><T10/><D66/><U64/><E34/><V12/><F109/><W115/><G30/><T85/><D35/><U39/><E125/><V36/><F36/><W101/><G101/><T37/><D32/><U79/><E133/><V100/><F135/><W86/><G132/><T21/><D37/><U103/><E79/><V131/><F67/><W56/><G42/><N who="2" m="16489" /><F48/><W24/><G115/><T2/><D2/><U43/><E113/><V18/><F100/><W123/><G130/><AGARI ba="2,0" hai="5,6,12,18,20,75,76,82,128,130,131" m="16489" machi="130" ten="30,1000,0" yaku="19,1" doraHai="120" who="2" fromWho="3" sc="375,0,138,0,210,16,277,-16" /><INIT seed="5,0,0,4,1,36" ten="375,138,226,261" oya="1" hai0="118,12,26,116,72,20,84,93,28,17,21,129,61" hai1="126,76,86,88,95,31,77,123,67,18,43,81,48" hai2="135,130,104,111,102,75,10,80,121,85,59,1,109" hai3="7,103,32,110,108,6,117,96,106,30,132,14,107"/><U70/><E123/><V54/><F121/><W22/><G117/><T50/><D72/><U2/><E2/><V131/><F1/><W39/><G132/><T5/><D129/><N who="2" m="49162" /><F135/><W100/><G32/><T40/><D116/><U98/><E126/><V49/><F75/><W13/><G39/><T41/><D118/><U55/><E31/><V114/><F114/><W92/><G92/><T8/><D61/><U122/><E122/><V90/><F10/><W134/><G134/><T73/><D73/><U94/><E18/><V113/><F113/><W19/><G30/><T16/><D50/><U33/><E33/><V69/><F69/><W68/><G68/><T78/><D28/><U65/><E70/><V66/><F66/><N who="1" m="25097" /><E43/><V99/><AGARI ba="0,0" hai="49,54,59,80,85,90,99,102,104,109,111" m="49162" machi="99" ten="30,1100,0" yaku="19,1" doraHai="36" who="2" fromWho="2" sc="375,-3,138,-5,226,11,261,-3" /><INIT seed="6,0,0,1,3,62" ten="372,133,237,258" oya="2" hai0="34,100,109,108,47,86,102,68,120,13,15,89,82" hai1="87,96,45,98,25,17,135,60,105,56,117,4,35" hai2="2,43,19,21,69,122,111,92,22,133,113,74,18" hai3="57,36,30,10,77,65,6,73,91,0,84,51,63"/><V49/><F74/><W83/><G36/><T70/><D120/><U129/><E117/><V128/><F122/><W124/><G30/><T44/><D82/><U27/><E129/><V126/><F69/><W28/><G124/><T40/><D86/><U81/><E135/><V29/><F2/><W132/><G132/><T54/><D40/><U55/><E4/><V52/><F113/><W134/><G134/><T7/><D7/><U59/><E105/><V50/><F133/><W16/><G28/><T41/><D41/><U90/><E45/><N who="2" m="25791" /><F126/><W123/><G123/><T103/><D89/><U46/><E46/><N who="0" m="17449" /><D54/><U12/><E56/><N who="2" m="32791" /><F128/><W39/><G39/><T78/><D34/><U8/><REACH who="1" step="1"/><E35/><REACH who="1" ten="372,123,237,258" step="2"/><V119/><F119/><W9/><G6/><T80/><D70/><U61/><E61/><V5/><F111/><W116/><G51/><T37/><D68/><U26/><AGARI ba="0,1" hai="8,12,17,25,26,27,55,59,60,81,87,90,96,98" machi="26" ten="30,4000,0" yaku="1,1,0,1,8,1,53,0" doraHai="62" doraHaiUra="101" who="1" fromWho="1" sc="372,-10,123,50,237,-20,258,-10" /><INIT seed="7,0,0,0,3,66" ten="362,173,217,248" oya="3" hai0="107,64,54,26,82,62,60,51,40,10,84,47,128" hai1="97,103,12,13,117,102,113,27,3,93,85,17,16" hai2="73,48,132,23,92,83,0,124,74,130,69,6,126" hai3="106,87,77,55,105,21,114,109,57,98,2,37,104"/><W112/><G2/><T75/><D75/><U119/><E3/><V36/><F36/><W25/><G37/><T70/><D128/><U78/><E113/><V15/><F130/><W41/><G109/><T80/><D107/><U131/><E131/><V111/><F111/><W11/><G41/><T76/><D80/><U50/><E27/><V67/><F132/><W123/><G123/><T88/><D10/><U110/><E110/><V14/><F0/><W52/><G11/><T19/><D26/><U91/><E50/><V100/><F48/><W120/><G120/><T86/><D19/><U39/><E39/><V63/><F6/><W59/><G77/><T45/><D84/><U4/><E4/><V95/><F83/><W94/><G87/><T89/><D62/><U32/><E32/><V1/><F1/><W135/><G135/><T7/><D7/><U68/><E68/><V81/><F81/><W58/><G94/><N who="2" m="35881" /><F100/><W122/><G98/><T121/><D121/><U29/><E29/><V28/><F28/><N who="3" m="17455" /><G122/><T56/><REACH who="0" step="1"/><D40/><REACH who="0" ten="352,173,217,248" step="2"/><U101/><E78/><V42/><F42/><W127/><G127/><T38/><D38/><U96/><E117/><V22/><F74/><W90/><G90/><AGARI ba="0,1" hai="45,47,51,54,56,60,64,70,76,82,86,88,89,90" machi="90" ten="40,5200,0" yaku="1,1,52,1,54,1,53,0" doraHai="66" doraHaiUra="33" who="0" fromWho="3" sc="352,62,173,0,217,0,248,-52" owari="414,51.0,173,-33.0,217,2.0,196,-20.0" /></mjloggm>