<mjloggm ver="2.3"><GO type="169" lobby="0"/><UN n0="%E5%B0%B1%E6%B4%BB%E7%94%9F%40%E5%B7%9D%E6%9D%91%E8%BB%8D%E5%9B%A3" n1="%E3%83%AF%E3%83%B3%E3%82%BF%E3%83%B3%EF%BC%A0%E6%A8%AA%E6%B5%9C" n2="%E3%83%9E%E3%82%A6%E3%83%AD%E3%83%BB%E3%82%B7%E3%82%A6%E3%83%90" n3="%E4%BA%BA%E9%B3%A5%E4%BE%8D%E6%A5%B5" dan="17,17,17,17" rate="2206.79,2172.38,2170.12,2174.75" sx="M,M,M,M"/><TAIKYOKU oya="0"/><INIT seed="0,0,0,0,4,45" ten="250,250,250,250" oya="0" hai0="44,39,52,56,1,78,13,132,69,49,125,20,90" hai1="112,63,6,54,27,46,14,80,9,65,88,123,115" hai2="114,82,111,130,41,7,100,118,92,30,129,35,93" hai3="55,109,43,57,96,135,42,99,85,106,32,37,53"/><T122/><D1/><U105/><E105/><V22/><F35/><W34/><G109/><T76/><D122/><U101/><E101/><V15/><F114/><W58/><G106/><T73/><D125/><U113/><E123/><V11/><F93/><W4/><G85/><T36/><D132/><U19/><E27/><V108/><F82/><W128/><G4/><T10/><D69/><U134/><E134/><V12/><F41/><W81/><G135/><T28/><D73/><U127/><E127/><V71/><F92/><W25/><G25/><N who="0" m="16423" /><D36/><U97/><E6/><V117/><F100/><W75/><G81/><T121/><D39/><U17/><E17/><V107/><F107/><W18/><G37/><T47/><D90/><U87/><E97/><V120/><F71/><W48/><G18/><N who="0" m="8503" /><D121/><U5/><E5/><V8/><F120/><W29/><G29/><T0/><D0/><U72/><E72/><V124/><F124/><W89/><G89/><T77/><AGARI ba="0,0" hai="44,47,49,52,56,76,77,78" m="8503,16423" machi="77" ten="30,6000,0" yaku="8,1,52,1,54,1" doraHai="45" who="0" fromWho="0" sc="250,60,250,-20,250,-20,250,-20" /><INIT seed="0,1,0,3,3,78" ten="310,230,230,230" oya="0" hai0="100,1,98,79,39,56,38,33,16,124,111,0,76" hai1="73,99,35,30,95,3,105,57,48,14,25,125,72" hai2="120,52,112,47,123,21,23,126,53,42,2,117,26" hai3="86,11,102,127,69,110,15,116,97,101,115,58,45"/><T92/><D33/><U109/><E3/><V41/><F2/><W34/><G116/><T63/><D124/><U104/><E109/><V107/><F26/><W80/><G69/><T36/><D111/><U128/><E128/><V85/><F85/><W60/><G34/><T7/><D0/><U66/><E125/><V10/><F10/><W89/><G110/><T129/><D129/><U106/><E14/><V27/><F27/><W70/><G70/><T59/><D59/><U65/><E48/><V82/><F107/><W22/><G127/><T132/><D132/><U103/><REACH who="1" step="1"/><E66/><REACH who="1" ten="310,220,230,230" step="2"/><V49/><F126/><W118/><G118/><T40/><D1/><U43/><E43/><V131/><F42/><W13/><G13/><T134/><D40/><U121/><E121/><V18/><F41/><W93/><G115/><T51/><D51/><U135/><E135/><V130/><F112/><W9/><G45/><T81/><D134/><U37/><E37/><V83/><F117/><W67/><G102/><T17/><D7/><U6/><E6/><V44/><F49/><W5/><G5/><T68/><D68/><U119/><E119/><V62/><F62/><AGARI ba="1,1" hai="25,30,35,57,62,65,72,73,95,99,103,104,105,106" machi="62" ten="40,2600,0" yaku="1,1,53,1" doraHai="78" doraHaiUra="54" who="1" fromWho="2" sc="310,0,220,39,230,-29,230,0" /><INIT seed="1,0,0,4,3,29" ten="310,259,201,230" oya="1" hai0="131,84,6,63,123,126,41,48,120,35,116,59,110" hai1="105,125,25,95,106,31,87,1,88,91,4,112,93" hai2="64,27,11,107,89,85,26,46,66,30,67,3,122" hai3="54,118,94,77,44,24,43,86,81,49,96,127,75"/><U68/><E112/><V58/><F122/><W101/><G127/><T42/><D6/><U104/><E125/><V78/><F78/><W32/><G118/><T45/><D126/><U22/><E68/><V82/><F107/><W70/><G70/><T50/><D35/><U90/><REACH who="1" step="1"/><E87/><REACH who="1" ten="310,249,201,230" step="2"/><V38/><F85/><W102/><G86/><T69/><D84/><U60/><E60/><V23/><F82/><W113/><G113/><T40/><D116/><U5/><E5/><V62/><F62/><W20/><G75/><T13/><D120/><U61/><E61/><V2/><F67/><W65/><G65/><T28/><D63/><U83/><E83/><V55/><F66/><W80/><G80/><T0/><D69/><U14/><E14/><V103/><F64/><W132/><G81/><T36/><D13/><U34/><E34/><V52/><F2/><W53/><G77/><T56/><D0/><U121/><E121/><V39/><F3/><W73/><G32/><T109/><D123/><U128/><E128/><V16/><F26/><W100/><G73/><T108/><D131/><U99/><E99/><V124/><F27/><W17/><REACH who="3" step="1"/><G132/><REACH who="3" ten="310,249,201,220" step="2"/><T129/><D129/><U92/><E92/><V8/><F124/><W74/><G74/><T114/><D114/><U117/><E117/><V57/><F39/><W47/><G47/><T98/><D36/><U21/><E21/><V115/><F23/><W15/><G15/><T97/><D45/><U119/><E119/><V111/><F46/><W10/><G10/><AGARI ba="0,2" hai="1,4,10,22,25,31,88,90,91,93,95,104,105,106" machi="10" ten="50,4800,0" yaku="1,1,54,1,53,0" doraHai="29" doraHaiUra="12" who="1" fromWho="3" sc="310,0,249,68,201,0,220,-48" /><INIT seed="1,1,0,1,5,62" ten="310,317,201,172" oya="1" hai0="53,74,117,8,127,133,80,71,134,57,128,100,32" hai1="97,129,47,23,131,50,106,94,115,3,130,27,41" hai2="13,16,113,119,122,26,11,73,0,118,60,34,77" hai3="68,24,112,33,52,84,69,39,46,120,59,29,43"/><U10/><E115/><V12/><F73/><W72/><G72/><T22/><D32/><U21/><E106/><V104/><F77/><W102/><G112/><T20/><D71/><U126/><E126/><V9/><F104/><W89/><G102/><T124/><D100/><U75/><E75/><V4/><F113/><W99/><G99/><T93/><D93/><U14/><E27/><V88/><F60/><W105/><G105/><T91/><D117/><U40/><E41/><V55/><F55/><W28/><G28/><T15/><D91/><N who="1" m="55519" /><E3/><V103/><F88/><W108/><G108/><T123/><D74/><U98/><E98/><V51/><F51/><W49/><REACH who="3" step="1"/><G120/><REACH who="3" ten="310,317,201,162" step="2"/><T78/><D123/><U86/><E86/><V67/><F103/><W5/><G5/><AGARI ba="1,1" hai="5,10,14,21,23,40,47,50,129,130,131" m="55519" machi="5" ten="30,1500,0" yaku="19,1" doraHai="62" who="1" fromWho="3" sc="310,0,317,28,201,0,162,-18" /><INIT seed="1,2,0,4,3,122" ten="310,345,201,144" oya="1" hai0="114,24,101,64,97,115,19,39,108,35,12,121,78" hai1="10,58,117,59,72,16,99,69,133,43,87,30,66" hai2="60,53,70,123,0,26,8,20,44,25,61,28,81" hai3="93,119,105,103,62,36,127,65,47,38,5,11,134"/><U102/><E117/><V15/><F123/><W51/><G134/><T125/><D39/><U27/><E72/><V1/><F61/><W76/><G119/><T106/><D78/><U92/><E69/><V112/><F112/><W135/><G135/><T74/><D74/><U79/><E43/><V33/><F81/><W56/><G127/><T2/><D2/><U54/><E66/><V46/><F46/><W83/><G105/><T18/><D125/><U107/><E107/><V77/><F77/><W113/><G113/><T116/><D121/><U89/><E79/><V57/><F44/><W84/><G93/><T4/><D4/><U13/><E54/><V132/><F70/><W14/><REACH who="3" step="1"/><G103/><REACH who="3" ten="310,345,201,134" step="2"/><T29/><D116/><U128/><E133/><V131/><F132/><W118/><G118/><T71/><D114/><U104/><E128/><V32/><F131/><W40/><AGARI ba="2,1" hai="5,11,14,36,38,40,47,51,56,62,65,76,83,84" machi="40" ten="20,12000,2" yaku="1,1,0,1,7,1,25,2,53,1" doraHai="122" doraHaiUra="45" who="3" fromWho="3" sc="310,-32,345,-62,201,-32,134,136" /><INIT seed="2,0,0,5,3,133" ten="278,283,169,270" oya="2" hai0="62,43,73,36,135,15,41,113,32,99,90,121,71" hai1="126,77,125,31,37,16,25,17,49,70,80,59,5" hai2="7,55,11,45,124,117,106,79,119,109,10,66,4" hai3="85,104,92,68,24,134,30,20,78,6,14,103,88"/><V18/><F106/><W101/><G68/><T58/><D73/><U51/><E70/><V127/><F66/><W128/><G128/><T114/><D32/><U42/><E5/><N who="2" m="2123" /><F79/><W0/><G0/><T97/><D71/><U131/><E37/><V34/><F34/><W3/><G134/><T50/><D36/><U22/><E131/><V82/><F82/><N who="3" m="47319" /><G3/><T108/><D135/><U57/><E42/><V75/><F75/><W100/><G104/><T72/><D72/><U33/><E51/><V94/><F94/><W96/><G6/><T9/><D121/><U27/><E17/><V54/><F109/><W86/><G14/><T83/><D108/><U47/><E47/><V28/><F28/><W69/><G69/><T130/><D130/><U39/><E39/><V81/><F81/><W102/><N who="3" m="25600" /><DORA hai="63" /><W84/><AGARI ba="0,0" hai="20,24,30,84,86,88,92,96" m="25600,47319" machi="84" ten="40,5200,0" yaku="4,1,8,1,54,1" doraHai="133,63" who="3" fromWho="3" sc="278,-13,283,-13,169,-26,270,52" /><INIT seed="3,0,0,3,5,13" ten="265,270,143,322" oya="3" hai0="18,88,5,64,49,104,42,75,50,16,12,100,78" hai1="20,41,29,79,31,58,73,90,55,15,77,76,61" hai2="119,10,71,30,3,65,103,72,120,82,52,102,94" hai3="106,51,74,21,44,43,4,39,125,27,24,101,33"/><W80/><G125/><T68/><D104/><U35/><E35/><V32/><F119/><W9/><G33/><T19/><D100/><U38/><E73/><V67/><F30/><W127/><G127/><T23/><D75/><U11/><E38/><V63/><F32/><W105/><G51/><N who="0" m="19467" /><D68/><U126/><E41/><V69/><F3/><N who="3" m="159" /><G101/><T91/><D42/><U87/><E20/><V133/><F133/><W89/><G89/><N who="0" m="34379" /><D64/><U113/><E126/><V83/><F72/><W46/><G46/><T86/><D5/><N who="1" m="3567" /><E113/><V107/><F107/><N who="3" m="40971" /><G21/><T14/><D23/><U17/><E17/><V22/><F22/><W96/><G96/><T93/><D93/><AGARI ba="0,0" hai="29,31,55,58,61,76,77,79,87,90,93" m="3567" machi="93" ten="30,1000,0" yaku="8,1" doraHai="13" who="1" fromWho="0" sc="265,-10,270,10,143,0,322,0" /><INIT seed="4,0,0,0,5,98" ten="255,280,143,322" oya="0" hai0="79,109,48,36,61,26,4,78,94,11,35,42,3" hai1="112,102,66,23,20,43,81,76,65,120,5,132,114" hai2="125,38,128,85,70,92,22,34,121,25,57,97,77" hai3="13,131,33,55,53,41,60,105,12,116,111,69,101"/><T117/><D117/><U82/><E120/><V19/><F125/><W16/><G116/><T83/><D109/><U10/><E43/><V32/><F128/><W75/><G33/><T30/><D61/><U99/><E132/><V9/><F70/><W123/><G75/><T45/><D94/><N who="1" m="58743" /><E23/><V93/><F38/><W15/><G41/><T54/><REACH who="0" step="1"/><D83/><REACH who="0" ten="245,280,143,322" step="2"/><U18/><E82/><V95/><F93/><W127/><G111/><T29/><D29/><U80/><E81/><V124/><F95/><W17/><G127/><T108/><D108/><U118/><E80/><V119/><F124/><W67/><G131/><T62/><D62/><U73/><E118/><V49/><F92/><W7/><G123/><T31/><D31/><U27/><E76/><V0/><F77/><W133/><G133/><T21/><D21/><U46/><E20/><V2/><F22/><W89/><G89/><T6/><D6/><U104/><E5/><V68/><F119/><W100/><G7/><T126/><D126/><U72/><E104/><V134/><F121/><W52/><REACH who="3" step="1"/><G105/><REACH who="3" ten="245,280,143,312" step="2"/><T74/><D74/><U47/><E73/><V91/><F134/><W58/><G58/><AGARI ba="0,2" hai="3,4,11,26,30,35,36,42,45,48,54,58,78,79" machi="58" ten="30,5800,0" yaku="1,1,7,1,53,1" doraHai="98" doraHaiUra="40" who="0" fromWho="3" sc="245,78,280,0,143,0,312,-58" /><INIT seed="4,1,0,5,3,84" ten="323,280,143,254" oya="0" hai0="11,96,83,110,116,117,44,9,68,20,112,93,16" hai1="54,42,127,75,113,81,1,13,46,130,56,30,47" hai2="49,37,100,41,124,23,32,99,4,26,25,71,59" hai3="43,107,76,2,29,6,57,73,89,24,72,118,58"/><T102/><D68/><U65/><E1/><V134/><F71/><W101/><G118/><T67/><D112/><U121/><E121/><V34/><F37/><W104/><G43/><T111/><D67/><U19/><E127/><V87/><F134/><W63/><G58/><T55/><D83/><U103/><E130/><V85/><F4/><W108/><G108/><N who="0" m="41515" /><D55/><U78/><E30/><V128/><F128/><W131/><G131/><T98/><D44/><U36/><E65/><V129/><F124/><W90/><G73/><T3/><D98/><U88/><E47/><V12/><F99/><W38/><G38/><T74/><D74/><U106/><E113/><V22/><F41/><W45/><G45/><T51/><D51/><U69/><E69/><V62/><F49/><W40/><G40/><T66/><D66/><U33/><E46/><V82/><F82/><W61/><G61/><T18/><D18/><U35/><E42/><V122/><F62/><W79/><G72/><T50/><D50/><U5/><E36/><V8/><F59/><W94/><G107/><T114/><D114/><U31/><E56/><V91/><F129/><W60/><G104/><T126/><D126/><U28/><E54/><V109/><F109/><W70/><G70/><T52/><D52/><U39/><E39/><V77/><F77/><N who="3" m="29771" /><G63/><T7/><D11/><N who="1" m="4335" /><E78/><V132/><F8/><N who="3" m="2135" /><G101/><T15/><AGARI ba="1,0" hai="3,7,9,15,16,20,93,96,102,116,117" m="41515" machi="15" ten="30,3000,0" yaku="10,1,54,1" doraHai="84" who="0" fromWho="0" sc="323,33,280,-11,143,-11,254,-11" /><INIT seed="4,2,0,3,3,92" ten="356,269,132,243" oya="0" hai0="42,121,40,85,129,52,116,37,79,31,105,10,72" hai1="26,69,81,119,41,62,27,75,128,21,48,23,99" hai2="4,2,11,135,104,101,0,6,134,68,90,58,133" hai3="106,73,16,112,15,1,25,98,50,35,36,47,65"/><T126/><D72/><U96/><E119/><V53/><F68/><W118/><G73/><T124/><D37/><U46/><E128/><V110/><F110/><W108/><G1/><T22/><D116/><U115/><E115/><V82/><F90/><W77/><G118/><T80/><D121/><U24/><E69/><V54/><F82/><W86/><G108/><T29/><D105/><U95/><E62/><V13/><F4/><W17/><G65/><T94/><D10/><U33/><E33/><V120/><F120/><W88/><G36/><T102/><D129/><U125/><E125/><V130/><F130/><W56/><G112/><T89/><D102/><U83/><E95/><V122/><F122/><W9/><G56/><T91/><D22/><N who="1" m="8203" /><E75/><V59/><F101/><W123/><G123/><T44/><D31/><U3/><E3/><V5/><F104/><W78/><G35/><T32/><D29/><U60/><E60/><V57/><REACH who="2" step="1"/><F13/><REACH who="2" ten="356,269,122,243" step="2"/><W28/><G106/><T84/><D124/><U18/><E83/><V71/><F71/><W66/><G15/><T30/><D80/><U51/><E81/><V107/><F107/><W97/><G88/><T93/><D89/><U7/><E7/><V14/><F14/><W12/><G12/><T63/><D91/><U61/><E27/><V87/><F87/><W49/><G86/><T70/><D85/><U132/><E26/><V109/><F109/><W64/><G25/><T100/><D84/><U111/><E24/><V103/><F103/><W67/><G77/><T74/><D70/><U39/><E111/><V43/><F43/><RYUUKYOKU ba="2,1" sc="356,-10,269,-10,122,30,243,-10" hai2="0,2,5,6,11,53,54,57,58,59,133,134,135" /><INIT seed="5,3,1,4,0,3" ten="346,259,152,233" oya="1" hai0="131,44,124,17,97,126,9,59,6,92,35,43,69" hai1="115,63,79,2,58,108,103,105,104,13,29,48,53" hai2="55,1,33,107,61,31,71,75,121,99,22,82,34" hai3="62,47,130,100,122,56,46,94,112,90,86,96,98"/><U20/><E115/><V0/><F22/><W52/><G112/><T87/><D69/><U30/><E2/><V116/><F55/><W83/><G122/><T85/><D35/><U133/><E133/><V81/><F81/><W120/><G120/><T114/><D59/><U125/><E125/><N who="0" m="48233" /><D17/><U111/><E79/><N who="2" m="44415" /><F116/><W4/><G130/><T93/><D131/><U38/><E38/><V28/><F28/><N who="1" m="10857" /><E63/><V68/><F68/><W49/><G98/><T41/><D114/><U11/><E103/><N who="2" m="62975" /><F34/><W113/><G113/><T74/><D74/><U88/><E20/><V72/><F72/><W118/><G118/><T12/><D43/><U19/><E105/><V91/><F91/><W8/><REACH who="3" step="1"/><G62/><REACH who="3" ten="346,259,152,223" step="2"/><T21/><D97/><U42/><E108/><V106/><F121/><W84/><G84/><N who="0" m="32331" /><D21/><U102/><E111/><V60/><F60/><W67/><G67/><T37/><AGARI ba="3,2" hai="6,9,12,37,41,44,92,93" m="32331,48233" machi="37" ten="30,2000,0" yaku="18,1,52,1" doraHai="3" who="0" fromWho="0" sc="346,49,259,-13,152,-8,223,-8" /><INIT seed="6,0,0,4,4,25" ten="395,246,144,215" oya="2" hai0="40,16,120,7,79,113,3,94,126,135,18,12,65" hai1="132,98,118,91,85,106,60,1,96,42,57,20,88" hai2="59,67,52,9,101,93,89,86,112,102,69,104,4" hai3="134,43,123,92,95,36,133,73,109,37,76,83,108"/><V54/><F69/><W107/><G36/><T128/><D40/><U23/><E1/><V46/><F112/><W13/><G43/><T31/><D79/><U64/><E118/><V84/><F104/><W28/><G37/><T103/><D65/><U8/><E132/><N who="3" m="50794" /><G13/><T82/><D94/><N who="3" m="35881" /><G123/><T30/><D82/><U2/><E42/><V62/><F86/><W53/><G53/><N who="2" m="20585" /><F46/><W61/><G61/><T6/><D103/><N who="2" m="39434" /><F9/><W19/><G19/><T127/><D3/><U70/><E2/><V80/><F4/><W124/><G124/><T55/><D135/><U24/><E8/><V77/><F93/><W97/><G28/><T39/><D39/><U121/><E106/><V110/><F110/><N who="3" m="42603" /><G97/><T81/><D7/><U125/><E96/><V130/><F130/><W21/><G21/><T68/><D128/><U15/><E20/><V17/><F17/><W66/><G66/><T90/><D68/><U129/><E23/><V14/><F14/><W87/><G107/><T71/><D12/><U119/><E15/><V72/><F72/><AGARI ba="0,0" hai="72,73,76,83,87" m="42603,35881,50794" machi="72" ten="40,5200,0" yaku="20,1,34,2" doraHai="25" who="3" fromWho="2" sc="395,0,246,0,144,-52,215,52" /><INIT seed="7,0,0,4,1,38" ten="395,246,92,267" oya="3" hai0="44,84,103,97,33,50,114,16,0,118,98,125,68" hai1="1,11,124,14,115,121,132,18,69,107,119,25,42" hai2="58,92,71,19,39,8,29,10,113,112,12,80,3" hai3="32,49,90,31,109,35,59,89,28,24,81,26,67"/><W52/><G109/><T120/><D33/><U96/><E121/><V106/><F71/><W36/><G36/><T23/><D0/><U51/><E69/><V63/><F106/><W60/><REACH who="3" step="1"/><G81/><REACH who="3" ten="395,246,92,257" step="2"/><T66/><D120/><U78/><E119/><V6/><F39/><W94/><G94/><T65/><D118/><U93/><E107/><V4/><F80/><W82/><G82/><T79/><D125/><U41/><E124/><V57/><F92/><W91/><G91/><T133/><D133/><U72/><E93/><V83/><F83/><W48/><G48/><T27/><D114/><U123/><E51/><V116/><F116/><W55/><G55/><N who="0" m="30151" /><D68/><AGARI ba="0,1" hai="24,26,28,31,32,35,49,52,59,60,67,68,89,90" machi="68" ten="30,11600,0" yaku="1,1,7,1,9,1,54,1,53,0" doraHai="38" doraHaiUra="7" who="3" fromWho="0" sc="395,-116,246,0,92,0,257,126" owari="279,8.0,246,-15.0,92,-41.0,383,48.0" /></mjloggm>