<mjloggm ver="2.3"><GO type="169" lobby="0"/><UN n0="%68%6F%73%69%67%61%6D%69" n1="%E3%81%AD%E3%81%98%E3%81%97%E3%81%8D" n2="%E3%81%B5%E3%81%98%E3%81%8A" n3="%E3%83%88%E3%83%88%E3%83%AA%E5%85%88%E7%94%9F%31%39%E6%AD%B3" dan="17,16,16,18" rate="2188.74,2064.14,2128.59,2225.80" sx="M,M,M,F"/><TAIKYOKU oya="0"/><INIT seed="0,0,0,0,4,58" ten="250,250,250,250" oya="0" hai0="107,39,64,17,104,22,29,54,43,49,13,55,31" hai1="123,131,35,133,87,3,45,77,51,101,52,32,68" hai2="116,14,91,4,109,113,69,135,5,132,40,114,37" hai3="112,83,94,1,9,120,129,121,19,18,42,11,93"/><T25/><D64/><U111/><E123/><V59/><F91/><W128/><G83/><T84/><D31/><U73/><E111/><V21/><F109/><W53/><G42/><T85/><D43/><U75/><E3/><V118/><F69/><W102/><G102/><T86/><D39/><U48/><E68/><V98/><F98/><W99/><G99/><T89/><D55/><U15/><E101/><V122/><F122/><N who="3" m="47211" /><G53/><T47/><REACH who="0" step="1"/><D89/><REACH who="0" ten="240,250,250,250" step="2"/><U41/><E41/><V38/><F40/><W105/><G128/><T78/><D78/><U106/><E52/><V117/><F38/><W60/><G129/><T23/><AGARI ba="0,1" hai="13,17,22,23,25,29,47,49,54,84,85,86,104,107" machi="23" ten="30,3000,0" yaku="1,1,0,1,53,0" doraHai="58" doraHaiUra="119" who="0" fromWho="0" sc="240,40,250,-10,250,-10,250,-10" /><INIT seed="0,1,0,1,1,58" ten="280,240,240,240" oya="0" hai0="37,8,64,127,60,109,80,54,3,73,107,130,22" hai1="23,89,13,1,74,17,105,113,84,25,104,61,18" hai2="83,68,70,9,99,16,52,106,95,33,0,48,121" hai3="44,55,34,72,94,46,32,47,126,66,132,7,71"/><T110/><D107/><U134/><E74/><V51/><F121/><W49/><G72/><T53/><D37/><U36/><E1/><V39/><F39/><W28/><G132/><T86/><D73/><U38/><E134/><V75/><F51/><W111/><G111/><N who="0" m="42507" /><D130/><U35/><E35/><V112/><F33/><W133/><G133/><T67/><D67/><U30/><E36/><V85/><F75/><W31/><G126/><T45/><D127/><U118/><E38/><V40/><F40/><W27/><G7/><N who="0" m="1151" /><D22/><U56/><E104/><V76/><F106/><W93/><G32/><T11/><D11/><U79/><E105/><V116/><F112/><W26/><G34/><T90/><D45/><U82/><E113/><V19/><F116/><W96/><G47/><T135/><D135/><U123/><E118/><V101/><F0/><W42/><G42/><T102/><D102/><U20/><E123/><V77/><F77/><W4/><G46/><T97/><D97/><U117/><E117/><V120/><F120/><W108/><G96/><T114/><D114/><U57/><E79/><V100/><F100/><W2/><G108/><T5/><D5/><U129/><E129/><V92/><F9/><W103/><G103/><T98/><D98/><U128/><E128/><V6/><F6/><W81/><G4/><T14/><D14/><U122/><E122/><V50/><F101/><W29/><G2/><T78/><D78/><U43/><E43/><V131/><F99/><W91/><G26/><T12/><D12/><U62/><E18/><V124/><F131/><W69/><G29/><RYUUKYOKU ba="1,0" sc="280,15,240,15,240,-15,240,-15" hai0="53,54,60,64,80,86,90" hai1="13,17,20,23,25,30,56,57,61,62,82,84,89" /><INIT seed="0,2,0,4,5,38" ten="295,255,225,225" oya="0" hai0="56,7,4,104,86,14,43,47,82,50,88,6,107" hai1="91,39,29,19,109,115,30,23,83,108,22,15,103" hai2="49,1,70,73,46,52,11,110,33,95,111,118,12" hai3="101,81,92,28,26,90,129,54,53,132,112,18,122"/><T65/><REACH who="0" step="1"/><D14/><REACH who="0" ten="285,255,225,225" step="2"/><U16/><E15/><V78/><F12/><W87/><G112/><T69/><D69/><U8/><E115/><V0/><F70/><W5/><G122/><T79/><D79/><U97/><E8/><V35/><F11/><W93/><G129/><T113/><D113/><U58/><E109/><V51/><F78/><W21/><G132/><T59/><D59/><U36/><E58/><V126/><F111/><W80/><G5/><T105/><D105/><U75/><E108/><V24/><F110/><W44/><G93/><T117/><D117/><U40/><E83/><V123/><F95/><W62/><G81/><T31/><D31/><U45/><E29/><V100/><F118/><W125/><G28/><T127/><D127/><U120/><E30/><V74/><F126/><W99/><G125/><T17/><D17/><U37/><E120/><V42/><F123/><W68/><G68/><T114/><D114/><U94/><E19/><V41/><F24/><W32/><G80/><T3/><D3/><U128/><E128/><V89/><F0/><W63/><G18/><T61/><AGARI ba="2,1" hai="4,6,7,43,47,50,56,61,65,82,86,88,104,107" machi="61" ten="30,12000,1" yaku="21,2,0,1,52,1,54,1,53,0" doraHai="38" doraHaiUra="64" who="0" fromWho="0" sc="285,136,255,-42,225,-42,225,-42" /><INIT seed="0,3,0,4,1,69" ten="421,213,183,183" oya="0" hai0="10,74,71,49,104,54,132,25,63,48,47,118,57" hai1="23,29,135,22,16,128,40,98,106,4,75,111,51" hai2="122,81,34,62,24,117,112,90,33,80,105,92,66" hai3="93,68,65,41,1,83,8,116,120,87,107,86,64"/><T72/><D118/><U76/><E111/><V84/><F122/><W18/><G107/><T36/><D104/><U67/><E4/><V130/><F112/><W26/><G116/><T77/><D132/><U17/><E67/><V115/><F115/><W79/><G120/><T5/><D71/><U11/><E135/><V15/><F117/><W28/><G68/><T27/><D49/><U50/><E11/><V94/><F130/><W52/><G41/><T133/><D133/><U114/><E29/><V35/><F105/><W78/><G1/><T56/><D56/><U55/><E128/><V44/><F24/><W96/><G8/><T73/><D77/><U119/><E76/><V100/><F15/><W43/><G18/><T110/><D110/><U123/><E114/><V129/><F44/><W113/><G43/><T58/><D58/><U19/><E75/><V70/><REACH who="2" step="1"/><F129/><REACH who="2" ten="421,213,173,183" step="2"/><W37/><G26/><T45/><D45/><U108/><E108/><V53/><F53/><W102/><G52/><T30/><D54/><U12/><E119/><V60/><F60/><W121/><G121/><T101/><D63/><U59/><E123/><V20/><F20/><W32/><G113/><T109/><D47/><N who="1" m="25959" /><E12/><V3/><F3/><W7/><G64/><T131/><D131/><U126/><E22/><V6/><F6/><W0/><G65/><T124/><D5/><U61/><E23/><V31/><F31/><W89/><G7/><T82/><D30/><U127/><E61/><V38/><F38/><W97/><G37/><T85/><D36/><U103/><E55/><V88/><F88/><RYUUKYOKU ba="3,1" sc="421,-15,213,15,173,15,183,-15" hai1="16,17,19,51,59,98,103,106,126,127" hai2="33,34,35,62,66,70,80,81,84,90,92,94,100" /><INIT seed="1,4,1,3,5,5" ten="406,228,188,168" oya="1" hai0="134,24,28,132,125,36,118,73,71,30,119,16,50" hai1="83,87,17,53,105,113,65,56,2,9,69,100,19" hai2="39,51,123,45,4,38,1,96,86,15,41,18,10" hai3="25,109,98,74,81,7,112,85,57,21,91,49,97"/><U111/><E113/><V34/><F123/><W108/><G112/><T115/><D36/><U92/><E105/><V120/><F120/><W117/><G74/><T64/><D71/><U11/><E69/><V114/><F114/><W27/><G117/><N who="0" m="44555" /><D64/><U23/><E65/><V29/><F86/><W77/><G25/><T31/><D50/><N who="1" m="30775" /><E2/><V61/><F61/><W131/><G131/><T13/><D73/><U0/><E0/><V33/><F96/><W14/><G91/><T47/><D47/><U58/><E58/><V59/><F59/><W66/><G108/><T40/><D40/><U60/><E60/><V68/><F68/><W37/><G37/><T103/><D103/><U26/><E111/><V135/><F135/><N who="0" m="51754" /><D115/><U95/><E19/><V35/><REACH who="2" step="1"/><F29/><REACH who="2" ten="406,228,178,168" step="2"/><W93/><G109/><T52/><D31/><U84/><E84/><V129/><F129/><W8/><G66/><T54/><D30/><U44/><E44/><V43/><F43/><W102/><G57/><T63/><D63/><U106/><E106/><V126/><F126/><W46/><G46/><T12/><D125/><U3/><E3/><V6/><F6/><W121/><G121/><T130/><D130/><U99/><E95/><V80/><F80/><W82/><G82/><T75/><D28/><U104/><E104/><V22/><AGARI ba="4,2" hai="1,4,10,15,18,22,33,34,35,38,39,41,45,51" machi="22" ten="30,4000,0" yaku="1,1,0,1,52,1,53,0" doraHai="5" doraHaiUra="101" who="2" fromWho="2" sc="406,-14,228,-24,178,72,168,-14" /><INIT seed="2,0,0,2,2,86" ten="392,204,250,154" oya="2" hai0="42,22,112,99,63,48,78,56,77,104,85,121,16" hai1="126,81,43,49,2,92,84,34,51,7,11,9,133" hai2="94,109,97,114,67,19,124,72,129,61,29,83,24" hai3="36,23,25,113,53,68,80,87,117,35,28,125,91"/><V132/><F114/><W88/><G117/><T59/><D112/><U62/><E133/><V107/><F132/><W57/><G113/><T103/><D121/><U119/><E119/><V110/><F129/><W21/><G36/><T0/><D0/><U26/><E126/><V75/><F124/><W32/><G125/><T54/><D85/><U50/><E92/><V69/><F107/><W52/><G68/><T44/><REACH who="0" step="1"/><D59/><REACH who="0" ten="382,204,250,154" step="2"/><U58/><E84/><V39/><F75/><W122/><G122/><T90/><D90/><U14/><E58/><V55/><F72/><W128/><G128/><T108/><D108/><U127/><E2/><V134/><F134/><W131/><G131/><T27/><AGARI ba="0,1" hai="16,22,27,42,44,48,54,56,63,77,78,99,103,104" machi="27" ten="20,12000,2" yaku="1,1,0,1,7,1,54,1,53,2" doraHai="86" doraHaiUra="73" who="0" fromWho="0" sc="382,130,204,-30,250,-60,154,-30" /><INIT seed="3,0,0,1,2,97" ten="512,174,190,124" oya="3" hai0="126,56,23,100,107,59,68,64,124,78,45,120,130" hai1="125,135,109,41,20,69,127,18,93,98,65,14,42" hai2="80,55,94,113,27,48,88,121,73,74,133,43,134" hai3="17,90,13,70,111,102,5,21,16,117,79,10,110"/><W46/><G117/><T84/><D120/><U57/><E109/><N who="3" m="41482" /><G70/><T35/><D35/><U29/><E135/><N who="2" m="51723" /><F121/><W91/><G79/><T6/><D6/><U7/><E69/><V132/><F113/><W54/><G17/><T72/><D72/><U0/><E29/><V19/><F43/><W89/><G54/><T83/><D68/><U81/><E81/><V114/><F80/><W24/><G46/><T101/><D45/><U32/><E32/><V105/><F114/><W2/><G102/><T112/><D112/><U4/><E42/><V103/><F132/><W58/><G58/><T53/><D59/><U128/><E41/><V129/><F19/><W22/><G22/><T28/><D23/><U34/><E34/><V30/><F55/><W96/><G96/><T40/><D53/><U108/><E108/><V33/><F129/><W12/><AGARI ba="0,0" hai="2,5,10,12,13,16,21,24,89,90,91" m="41482" machi="12" ten="40,7800,0" yaku="14,1,10,1,54,1" doraHai="97" who="3" fromWho="3" sc="512,-26,174,-26,190,-26,124,78" /><INIT seed="3,1,0,1,4,41" ten="486,148,164,202" oya="3" hai0="45,90,68,33,97,69,128,10,44,82,39,78,23" hai1="92,35,93,24,123,8,2,55,37,91,106,134,3" hai2="28,73,1,130,65,62,11,64,125,29,14,56,126" hai3="98,15,74,109,87,7,0,17,67,46,25,95,121"/><W58/><G121/><T6/><D33/><U40/><E106/><V16/><F73/><W61/><G74/><T79/><D128/><U80/><E123/><V42/><F130/><W21/><G0/><T131/><D131/><U129/><E129/><V127/><F1/><W112/><G112/><T57/><D69/><U27/><E134/><V32/><F32/><W38/><G109/><T20/><D68/><U124/><E124/><V110/><F110/><W77/><G77/><N who="0" m="29195" /><D39/><U66/><E66/><V26/><F26/><W104/><G104/><T54/><D10/><U9/><E37/><V118/><F118/><W119/><G87/><N who="0" m="50551" /><D97/><U100/><E35/><V13/><F64/><W99/><G119/><T48/><D6/><U117/><E117/><V111/><F111/><W116/><G116/><T70/><D70/><U31/><E2/><V49/><REACH who="2" step="1"/><F14/><REACH who="2" ten="486,148,154,202" step="2"/><W12/><G12/><T89/><D89/><U76/><E91/><V102/><F102/><W103/><G15/><T86/><D86/><U53/><E100/><V122/><F122/><W75/><G75/><T120/><D120/><U47/><E3/><V85/><F85/><W22/><G99/><T19/><D23/><U132/><E76/><V52/><F52/><W50/><G21/><T51/><D20/><U4/><E55/><V84/><F84/><W113/><G22/><T43/><D54/><U81/><E53/><V115/><F115/><W36/><G113/><T107/><D43/><U105/><E40/><V101/><F101/><W72/><G103/><T30/><D107/><U133/><E105/><V60/><F60/><RYUUKYOKU ba="1,1" sc="486,-10,148,-10,154,30,202,-10" hai2="11,13,16,28,29,42,49,56,62,65,125,126,127" /><INIT seed="4,2,1,3,0,56" ten="476,138,184,192" oya="0" hai0="78,89,61,1,86,124,6,54,88,94,44,72,122" hai1="118,43,35,31,45,64,63,7,121,85,91,22,80" hai2="16,98,51,5,71,128,37,97,126,129,42,30,67" hai3="92,79,62,90,104,18,84,23,103,17,53,12,76"/><T114/><D122/><U96/><E121/><V3/><F126/><W59/><G104/><T57/><D124/><U46/><E118/><V111/><F111/><W60/><G103/><T10/><D114/><U13/><E35/><V15/><F30/><W105/><G105/><T48/><D72/><U77/><E31/><V107/><F37/><W113/><G113/><T117/><D117/><U100/><E91/><V119/><F107/><W102/><G102/><T115/><D115/><U34/><E34/><V2/><F119/><W19/><G19/><T83/><REACH who="0" step="1"/><D94/><REACH who="0" ten="466,138,184,192" step="2"/><U4/><E4/><V130/><F5/><W109/><G109/><T28/><D28/><U93/><E7/><V21/><F130/><W106/><G106/><T58/><D58/><U41/><E45/><V29/><F29/><W81/><G92/><T134/><D134/><U110/><E46/><V52/><F129/><W65/><G18/><T135/><D135/><U125/><E125/><V120/><F120/><W38/><G38/><T39/><D39/><U87/><E110/><V123/><F123/><W101/><G101/><T14/><D14/><U112/><E112/><V40/><F128/><W99/><G99/><T0/><D0/><U36/><E36/><V73/><F3/><W25/><G12/><T131/><D131/><U127/><E127/><V116/><F2/><W70/><AGARI ba="2,2" hai="17,23,25,53,59,60,62,65,70,76,79,81,84,90" machi="70" ten="20,5200,0" yaku="0,1,7,1,52,2" doraHai="56" who="3" fromWho="3" sc="466,-28,138,-15,184,-15,192,78" /><INIT seed="5,0,0,2,5,54" ten="438,123,169,270" oya="1" hai0="87,34,20,39,22,25,32,94,96,104,2,41,68" hai1="103,51,11,90,111,10,83,58,40,50,43,93,116" hai2="122,1,86,99,8,15,76,128,74,134,61,62,27" hai3="95,24,132,107,124,100,18,44,53,101,80,110,85"/><U77/><E116/><V129/><F122/><W79/><G110/><T13/><D2/><U46/><E111/><V135/><F1/><W0/><G0/><T97/><D68/><U81/><E103/><V33/><F74/><W38/><G107/><T121/><D121/><U47/><E58/><V112/><F99/><W31/><G132/><N who="2" m="50729" /><F86/><W6/><G6/><T66/><D66/><U92/><REACH who="1" step="1"/><E90/><REACH who="1" ten="438,113,169,270" step="2"/><V59/><F59/><W36/><G101/><T82/><D104/><U21/><E21/><V123/><F123/><W78/><G100/><T29/><D20/><U57/><E57/><V98/><F128/><W3/><G44/><T84/><D22/><U130/><E130/><V117/><F129/><W26/><G38/><T127/><D39/><U109/><E109/><V70/><F117/><W120/><G36/><T125/><D32/><U64/><E64/><V14/><F33/><W65/><G65/><T7/><D34/><U63/><E63/><V131/><F61/><W113/><G120/><T88/><D88/><U48/><E48/><V37/><F37/><W89/><G89/><T115/><D127/><U42/><E42/><V72/><F62/><W102/><G124/><T118/><D41/><U91/><E91/><V23/><F131/><W106/><G102/><T73/><D125/><U5/><E5/><V45/><F23/><W60/><G60/><T105/><D7/><U75/><E75/><V49/><F72/><W56/><G106/><T71/><D105/><U16/><E16/><V17/><F49/><N who="3" m="30767" /><G18/><T55/><D118/><U52/><E52/><V67/><F17/><RYUUKYOKU ba="0,1" sc="438,-10,113,30,169,-10,270,-10" hai1="10,11,40,43,46,47,50,51,77,81,83,92,93" /><INIT seed="5,1,1,5,1,131" ten="428,143,159,260" oya="1" hai0="114,15,34,64,105,77,134,60,26,119,4,7,35" hai1="6,20,123,91,18,75,126,48,45,76,30,51,66" hai2="28,95,46,23,47,132,74,37,128,118,36,49,56" hai3="117,12,130,79,5,43,113,96,121,99,107,89,58"/><U22/><E123/><V90/><F118/><W57/><G121/><T42/><D119/><U92/><E126/><V124/><F74/><W8/><G117/><T3/><D105/><U120/><E120/><V32/><F32/><W59/><G130/><T67/><D77/><U116/><E116/><V31/><F128/><W41/><G113/><T81/><D81/><U133/><E133/><V21/><F56/><N who="3" m="21611" /><G79/><T111/><D42/><N who="3" m="15881" /><G107/><T86/><D60/><U78/><E75/><V85/><F124/><W10/><G10/><T70/><D70/><U29/><E76/><V135/><F49/><W71/><G71/><T69/><D69/><U94/><E78/><V16/><F46/><W129/><G129/><T102/><D64/><U84/><E51/><V87/><F47/><W93/><G59/><T68/><D67/><U0/><E66/><V115/><F115/><W97/><AGARI ba="1,1" hai="5,8,12,89,93,96,97,99" m="15881,21611" machi="97" ten="30,1100,0" yaku="8,1" doraHai="131" who="3" fromWho="3" sc="428,-4,143,-6,159,-4,260,24" /><INIT seed="6,0,0,2,1,20" ten="424,137,155,284" oya="2" hai0="88,108,96,30,19,33,123,107,4,127,54,49,95" hai1="56,134,14,90,39,1,131,45,110,28,11,115,40" hai2="18,62,135,27,87,112,68,42,129,31,35,67,130" hai3="75,21,57,121,86,48,55,120,91,37,93,117,5"/><V105/><F112/><W84/><G117/><T72/><D108/><U77/><E110/><V92/><F135/><W17/><G37/><T26/><D123/><U34/><E115/><V97/><F42/><W113/><G75/><T81/><D127/><U78/><E134/><V24/><F87/><W102/><G113/><T76/><D4/><U29/><E1/><V16/><F105/><W7/><G102/><T100/><D19/><U8/><E131/><N who="2" m="50187" /><F27/><W71/><G71/><T23/><D33/><U74/><E74/><V61/><F61/><W118/><G118/><T47/><D107/><U132/><E132/><V73/><F73/><W119/><G119/><T85/><D72/><U79/><E34/><V3/><F3/><W38/><G38/><T60/><D60/><U103/><E103/><AGARI ba="0,0" hai="16,18,24,31,35,62,67,68,92,97,103" m="50187" machi="103" ten="30,5800,0" yaku="19,1,52,1,54,1" doraHai="20" who="2" fromWho="1" sc="424,0,137,-58,155,58,284,0" /><AGARI ba="0,0" hai="23,26,30,47,49,54,76,81,85,88,95,96,100,103" machi="103" ten="40,5200,0" yaku="8,1,52,1,54,1" doraHai="20" who="0" fromWho="1" sc="424,52,79,-52,213,0,284,0" /><INIT seed="6,1,0,3,0,1" ten="476,27,213,284" oya="2" hai0="53,106,12,65,35,40,96,66,57,27,38,58,15" hai1="127,34,92,79,6,98,63,82,128,20,117,86,93" hai2="76,134,30,100,121,69,72,103,31,42,22,32,83" hai3="19,75,52,131,110,17,126,3,122,59,125,43,60"/><V123/><BYE who="1" /><F69/><W64/><G110/><T129/><D129/><U18/><E18/><N who="3" m="6666" /><G122/><T71/><D40/><U118/><E118/><V4/><F32/><W49/><G75/><T109/><D38/><U107/><E107/><V9/><F134/><W48/><G3/><T44/><D44/><U113/><E113/><V101/><F42/><W124/><G131/><T73/><D73/><U10/><E10/><V45/><F45/><N who="3" m="25791" /><G48/><T36/><D36/><U81/><E81/><V26/><REACH who="2" step="1"/><F31/><REACH who="2" ten="476,27,203,284" step="2"/><W2/><G2/><AGARI ba="1,1" hai="2,4,9,22,26,30,72,76,83,100,101,103,121,123" machi="2" ten="40,12000,1" yaku="1,1,2,1,52,1,53,1" doraHai="1" doraHaiUra="105" who="2" fromWho="3" sc="476,0,27,0,203,133,284,-123" /><INIT seed="6,2,0,3,3,49" ten="476,27,336,161" oya="2" hai0="77,55,33,112,130,82,127,18,92,46,12,17,134" hai1="91,22,99,32,15,0,6,3,66,103,21,126,19" hai2="107,122,44,30,36,25,86,119,47,129,72,5,54" hai3="41,96,114,23,78,108,61,53,7,101,90,132,102"/><V20/><F122/><W27/><G108/><T48/><D33/><U65/><E65/><V109/><F119/><W29/><G132/><T38/><D134/><U125/><E125/><V16/><F72/><W67/><G114/><T8/><D127/><U106/><E106/><V94/><F107/><W98/><G41/><T111/><D111/><U11/><E11/><V100/><F109/><W34/><G7/><T43/><D112/><U93/><E93/><V70/><F70/><W117/><G117/><T10/><D130/><U9/><E9/><V58/><F129/><W120/><G120/><T42/><D92/><U123/><E123/><V59/><F59/><N who="3" m="35055" /><G34/><T71/><D71/><U118/><E118/><V133/><F133/><W57/><G78/><T56/><D43/><U81/><E81/><V52/><F36/><W121/><G90/><T84/><D8/><U2/><E2/><V135/><F135/><W28/><G28/><T68/><D68/><U124/><E124/><V116/><F116/><W89/><G89/><T64/><D64/><U105/><E105/><V40/><F40/><W131/><G131/><T97/><D97/><N who="3" m="37481" /><G121/><T4/><AGARI ba="2,0" hai="4,10,12,17,18,38,42,46,48,55,56,77,82,84" machi="4" ten="20,2700,0" yaku="0,1,7,1,52,1" doraHai="49" who="0" fromWho="0" sc="476,33,27,-9,336,-15,161,-9" /><INIT seed="7,0,0,3,3,123" ten="509,18,321,152" oya="3" hai0="102,17,1,36,48,40,64,86,0,83,98,105,69" hai1="129,74,93,115,117,70,26,132,57,95,103,76,99" hai2="87,92,73,53,21,5,135,126,33,51,100,16,15" hai3="50,134,41,59,55,56,45,110,104,68,10,133,94"/><W116/><G104/><T79/><D36/><U85/><E85/><V106/><F73/><W109/><G94/><T2/><D64/><U24/><E24/><V44/><F135/><N who="3" m="51723" /><G10/><T118/><D69/><U101/><E101/><V125/><F33/><W4/><G4/><T67/><D67/><U31/><E31/><V46/><F5/><W34/><G68/><T47/><D118/><U29/><E29/><V127/><F106/><W12/><G12/><T13/><D0/><U111/><E111/><N who="3" m="42506" /><G34/><T131/><D1/><U18/><E18/><V89/><F100/><W119/><G59/><AGARI ba="0,0" hai="15,16,21,44,46,51,53,59,87,89,92,125,126,127" machi="59" ten="40,8000,1" yaku="25,2,18,1,54,1" doraHai="123" who="2" fromWho="3" sc="509,0,18,0,321,80,152,-80" owari="509,61.0,18,-48.0,401,20.0,72,-33.0" /></mjloggm>