<mjloggm ver="2.3"><GO type="169" lobby="0"/><UN n0="%E3%82%B7%E3%83%B3%E3%83%87%E3%83%AB%E3%83%A9" n1="%79%75%2D%2D%2D%2D%2D%75" n2="%E5%B0%B1%E6%B4%BB%E7%94%9F%40%E5%B7%9D%E6%9D%91%E8%BB%8D%E5%9B%A3" n3="%E8%83%A1%E6%A4%92%E7%B2%89" dan="16,18,17,16" rate="2131.11,2215.41,2190.69,2096.49" sx="F,M,M,M"/><TAIKYOKU oya="0"/><INIT seed="0,0,0,2,3,100" ten="250,250,250,250" oya="0" hai0="56,49,133,92,26,59,6,132,118,58,51,101,125" hai1="99,7,131,124,135,83,54,12,13,63,130,108,9" hai2="91,79,67,2,28,78,48,50,4,45,23,31,16" hai3="97,106,35,114,129,69,11,70,88,85,72,55,76"/><T82/><D118/><U14/><E83/><V36/><F36/><W30/><G114/><T20/><D125/><U3/><E124/><V75/><F75/><W65/><G65/><T46/><D6/><U74/><E74/><V25/><F2/><W22/><G35/><T34/><D34/><U33/><E99/><V113/><F4/><W24/><G11/><T0/><D0/><U15/><E63/><V71/><F113/><W44/><G76/><N who="2" m="29225" /><F71/><W107/><G72/><T57/><D82/><U121/><E54/><N who="2" m="29967" /><F67/><W17/><G97/><N who="0" m="59559" /><D132/><U127/><E135/><V119/><F119/><W64/><G64/><T8/><D8/><N who="1" m="2175" /><E127/><V87/><F50/><W109/><G69/><T42/><D133/><U126/><E126/><V29/><F29/><W93/><G30/><N who="0" m="17735" /><D56/><U38/><E38/><V32/><F32/><W43/><G70/><T96/><D96/><U122/><E33/><V10/><F10/><W19/><G22/><T123/><D123/><U98/><E98/><V112/><F112/><W116/><G116/><T1/><D1/><U89/><E122/><V86/><F86/><W134/><G85/><T105/><D105/><U40/><E9/><V80/><AGARI ba="0,0" hai="16,23,25,28,31,80,87,91" m="29967,29225" machi="80" ten="30,2000,0" yaku="8,1,54,1" doraHai="100" who="2" fromWho="2" sc="250,-10,250,-5,250,20,250,-5" /><INIT seed="1,0,0,3,2,104" ten="240,245,270,245" oya="1" hai0="88,134,96,11,81,101,102,72,116,61,132,34,53" hai1="113,27,85,35,129,25,103,2,55,5,49,89,84" hai2="24,117,33,92,98,13,95,31,118,90,62,30,128" hai3="8,70,82,106,94,66,29,23,28,17,43,19,44"/><U63/><E113/><V75/><F128/><W1/><G106/><T105/><D116/><U135/><E135/><N who="0" m="51753" /><D34/><U4/><E129/><V22/><F75/><W64/><G70/><T68/><D11/><U114/><E114/><V77/><F77/><W45/><G82/><T14/><D14/><U58/><E103/><V37/><F37/><W36/><G45/><T40/><D40/><U16/><E35/><V46/><F46/><W99/><G1/><T47/><D47/><U115/><E115/><V52/><F95/><W21/><G8/><T38/><D38/><U39/><E25/><V73/><F73/><W41/><G41/><T60/><D53/><U130/><E130/><V6/><F31/><W42/><G44/><T78/><D68/><U65/><E39/><V59/><REACH who="2" step="1"/><F6/><REACH who="2" ten="240,245,260,245" step="2"/><W56/><G36/><T54/><D105/><U7/><E2/><V0/><F0/><W32/><G29/><T69/><D72/><U127/><E127/><V3/><F3/><W57/><G28/><T86/><D78/><U20/><REACH who="1" step="1"/><E89/><REACH who="1" ten="240,235,260,245" step="2"/><V87/><F87/><W97/><G32/><T79/><D86/><U76/><E76/><V67/><F67/><W107/><G107/><T48/><D88/><U74/><E74/><V91/><F91/><W133/><G133/><T15/><D79/><U10/><E10/><V110/><F110/><W112/><G112/><T26/><D101/><U120/><E120/><V80/><F80/><W108/><G108/><T12/><D102/><U131/><E131/><V71/><F71/><AGARI ba="0,2" hai="4,5,7,16,20,27,49,55,58,63,65,71,84,85" machi="71" ten="40,3900,0" yaku="1,1,54,1,53,0" doraHai="104" doraHaiUra="125" who="1" fromWho="2" sc="240,0,235,59,260,-39,245,0" /><INIT seed="1,1,0,1,1,87" ten="240,294,221,245" oya="1" hai0="110,55,53,49,93,62,66,28,74,25,21,73,76" hai1="5,101,60,97,124,99,12,20,44,88,102,31,27" hai2="125,14,57,128,41,75,94,132,69,107,133,90,0" hai3="59,106,119,8,63,11,6,121,78,120,105,80,68"/><U117/><E124/><V7/><F69/><W13/><G68/><T126/><D110/><U16/><E117/><V3/><F107/><W47/><G119/><T54/><D126/><U95/><E5/><V15/><F75/><W70/><G70/><T30/><D30/><U4/><E4/><V46/><F57/><W42/><G105/><T114/><D114/><U116/><E116/><V96/><F125/><W92/><G106/><T10/><D10/><U26/><E26/><V34/><F34/><W111/><G111/><T123/><D123/><U89/><E60/><V32/><F32/><W43/><G92/><T134/><D134/><N who="2" m="51818" /><F128/><W38/><G42/><T22/><D22/><U56/><E56/><V48/><F7/><W127/><G11/><T85/><D49/><U129/><E129/><V81/><F81/><W115/><G115/><T91/><REACH who="0" step="1"/><D76/><REACH who="0" ten="230,294,221,245" step="2"/><U83/><E44/><V77/><F77/><W103/><G127/><T58/><AGARI ba="1,1" hai="21,25,28,53,54,55,58,62,66,73,74,85,91,93" machi="58" ten="30,7900,0" yaku="1,1,2,1,0,1,52,1,53,0" doraHai="87" doraHaiUra="37" who="0" fromWho="0" sc="230,92,294,-40,221,-21,245,-21" /><INIT seed="2,0,0,2,2,47" ten="322,254,200,224" oya="2" hai0="13,30,120,70,45,54,107,31,101,67,99,79,71" hai1="66,133,22,29,117,78,69,9,46,12,109,65,123" hai2="38,53,64,32,92,7,86,111,59,52,73,89,95" hai3="132,76,104,81,34,91,68,48,3,33,15,118,96"/><V128/><F73/><W98/><G3/><T23/><D120/><U82/><E117/><V49/><F32/><W127/><G118/><T4/><D79/><U6/><E123/><V94/><F38/><W41/><G68/><T16/><D4/><U26/><E109/><V130/><F111/><W51/><G41/><T17/><D17/><U102/><E133/><V8/><F64/><W119/><G119/><T36/><D36/><U20/><E102/><V75/><F75/><W85/><G132/><T19/><D19/><U10/><E69/><V135/><F53/><W58/><G127/><T61/><REACH who="0" step="1"/><D71/><REACH who="0" ten="312,254,200,224" step="2"/><U56/><E78/><V100/><F135/><W115/><G76/><T18/><D18/><U103/><E6/><V35/><F35/><W72/><G34/><T131/><D131/><N who="2" m="50218" /><F100/><W25/><G33/><T74/><D74/><U62/><E103/><V114/><F114/><W39/><G72/><T105/><D105/><U134/><E134/><V11/><F11/><W27/><G104/><T125/><D125/><U87/><E9/><V116/><F116/><W50/><G39/><T24/><D24/><U112/><E10/><V44/><F59/><W77/><G115/><T1/><D1/><AGARI ba="0,1" hai="1,7,8,44,49,52,86,89,92,94,95" m="50218" machi="1" ten="30,5800,0" yaku="19,1,52,1,54,1" doraHai="47" who="2" fromWho="0" sc="312,-58,254,0,200,68,224,0" /><INIT seed="2,1,0,3,2,89" ten="254,254,268,224" oya="2" hai0="118,104,114,4,85,134,51,31,129,130,99,17,87" hai1="53,22,25,117,67,97,32,116,16,26,60,92,14" hai2="34,131,1,100,91,126,78,54,103,105,39,107,23" hai3="61,15,38,62,52,29,45,30,111,71,10,21,18"/><V80/><F34/><W20/><G111/><T40/><D114/><U93/><E53/><V95/><F39/><W35/><G35/><T41/><D134/><U42/><E42/><V2/><F2/><W55/><G38/><T94/><D118/><U110/><E110/><V68/><F68/><W82/><G82/><T88/><D31/><N who="3" m="11785" /><G71/><T101/><D4/><U57/><E32/><V56/><F1/><W5/><G45/><T66/><D66/><U84/><E117/><V70/><F70/><W83/><G83/><T124/><D124/><U72/><E72/><V7/><F126/><W76/><G76/><T74/><D74/><U79/><E116/><V47/><F47/><W48/><G48/><T125/><D125/><U59/><E57/><V122/><F122/><W123/><G123/><T135/><D135/><U33/><E33/><V0/><F107/><W64/><G64/><T81/><D17/><U106/><E79/><V120/><F105/><W24/><G20/><T3/><D3/><U121/><E106/><V102/><F23/><W75/><G75/><T86/><D51/><U46/><E46/><V50/><F120/><W65/><G65/><T127/><D127/><U132/><E132/><V28/><F28/><W19/><G19/><T96/><REACH who="0" step="1"/><D81/><REACH who="0" ten="244,254,268,224" step="2"/><U44/><E121/><V49/><F50/><W36/><G36/><T115/><D115/><U27/><E44/><V108/><F108/><W73/><G73/><T11/><D11/><U109/><E109/><V9/><F80/><W12/><G5/><T77/><D77/><U8/><E67/><V69/><F78/><RYUUKYOKU ba="1,1" sc="244,30,254,-10,268,-10,224,-10" hai0="40,41,85,86,87,88,94,96,99,101,104,129,130" /><INIT seed="3,2,1,4,2,26" ten="274,244,258,214" oya="3" hai0="57,124,86,21,70,135,95,118,113,35,41,16,60" hai1="48,32,90,15,47,28,72,2,92,11,129,104,126" hai2="116,65,73,69,77,134,55,121,42,87,18,74,66" hai3="71,51,114,106,101,54,128,5,1,39,0,108,120"/><W111/><G71/><T24/><D118/><U125/><E104/><V103/><F42/><W29/><G120/><T9/><D135/><U100/><E72/><V53/><F103/><W14/><G114/><T102/><D124/><N who="1" m="47723" /><E100/><V96/><F96/><N who="3" m="61735" /><G128/><T3/><D113/><U84/><E129/><V49/><F69/><W80/><G39/><T98/><D70/><U27/><E2/><V19/><F49/><W99/><G99/><T20/><D41/><N who="1" m="24687" /><E11/><V38/><F38/><W115/><G115/><T50/><D50/><U33/><E15/><V123/><F116/><W22/><G80/><T30/><D86/><U63/><E63/><V37/><F37/><W91/><G91/><T17/><D3/><U89/><E90/><V31/><F87/><W85/><G85/><T131/><D131/><U83/><E92/><V6/><F77/><W34/><G34/><AGARI ba="2,1" hai="27,28,32,33,34,83,84,89" m="24687,47723" machi="34" ten="30,2000,0" yaku="18,1,52,1" doraHai="26" who="1" fromWho="3" sc="274,0,244,36,258,0,214,-26" /><INIT seed="4,0,0,5,4,112" ten="274,280,258,188" oya="0" hai0="23,59,0,73,101,120,93,49,58,14,38,133,48" hai1="106,124,32,47,89,13,19,69,68,31,22,54,34" hai2="122,84,118,78,115,108,15,72,1,131,20,64,61" hai3="105,44,55,7,2,25,99,12,107,70,65,130,16"/><T119/><D0/><U30/><E106/><V60/><F1/><W104/><G130/><T126/><D38/><U9/><E89/><V18/><F72/><W125/><G125/><T114/><D73/><U87/><E87/><V74/><F74/><W57/><G2/><T100/><D120/><U42/><E54/><V117/><F108/><W123/><G123/><T53/><D119/><N who="2" m="45578" /><F122/><W27/><G7/><T62/><D114/><U83/><E83/><N who="2" m="47223" /><F115/><W121/><G121/><T5/><D133/><U56/><E68/><N who="2" m="41991" /><F61/><W127/><G127/><T17/><D126/><U4/><E124/><V45/><F45/><W52/><G44/><T79/><D79/><U109/><E47/><V26/><F131/><W36/><G70/><T67/><D48/><U28/><E69/><V35/><F35/><W129/><G129/><T33/><D33/><U132/><E56/><V102/><F102/><W29/><G57/><T103/><REACH who="0" step="1"/><D5/><REACH who="0" ten="264,280,258,188" step="2"/><U110/><E132/><V98/><F98/><AGARI ba="0,1" hai="14,17,23,49,53,58,59,62,67,93,98,100,101,103" machi="98" ten="40,7700,0" yaku="1,1,2,1,8,1,53,0" doraHai="112" doraHaiUra="3" who="0" fromWho="2" sc="264,87,280,0,258,-77,188,0" /><INIT seed="4,1,0,0,5,28" ten="351,280,181,188" oya="0" hai0="118,19,110,42,68,51,9,48,135,105,40,124,53" hai1="65,119,23,83,17,46,82,15,27,71,20,33,60" hai2="18,111,5,113,12,7,69,102,34,121,107,52,55" hai3="93,22,4,132,2,0,70,31,64,63,78,37,109"/><T100/><D118/><U10/><E119/><V127/><F111/><W49/><G37/><T57/><D110/><U80/><E33/><V106/><F121/><W6/><G109/><T89/><D124/><U24/><E46/><V84/><F69/><W115/><G132/><T44/><D135/><U14/><E14/><V16/><F34/><W54/><G78/><T85/><D68/><U45/><E45/><V50/><F127/><W41/><G41/><N who="0" m="24591" /><D100/><U87/><E87/><V29/><F29/><W128/><G4/><T38/><D105/><U1/><E1/><V125/><F125/><W56/><G6/><T117/><D38/><U3/><E3/><V36/><F36/><W134/><G134/><T66/><D66/><U25/><AGARI ba="1,0" hai="10,15,17,20,23,24,25,27,60,65,71,80,82,83" machi="25" ten="30,1100,0" yaku="0,1" doraHai="28" who="1" fromWho="1" sc="351,-6,280,14,181,-4,188,-4" /><INIT seed="5,0,0,4,3,45" ten="345,294,177,184" oya="1" hai0="90,59,124,76,74,31,127,48,15,123,128,2,61" hai1="42,122,131,132,119,62,130,69,34,81,71,120,18" hai2="118,64,28,53,50,96,85,21,16,92,22,57,20" hai3="30,125,109,51,82,129,56,49,68,133,88,101,100"/><U54/><E34/><V40/><F118/><W91/><G109/><T104/><D128/><N who="1" m="49195" /><E18/><V103/><F28/><W32/><G129/><T114/><D114/><U41/><E81/><V6/><F6/><W94/><G68/><N who="1" m="26186" /><E119/><V80/><F40/><N who="1" m="15465" /><E132/><V107/><F64/><W13/><G133/><T108/><D31/><U33/><E33/><V86/><F107/><W116/><G30/><T126/><D104/><U105/><E105/><V89/><F86/><N who="3" m="50263" /><G32/><T29/><D29/><U55/><E62/><V113/><F113/><W46/><G116/><T47/><D61/><U63/><E63/><V60/><F60/><W67/><G67/><T97/><D126/><U65/><E65/><V87/><F87/><W24/><G125/><T98/><D124/><U95/><E95/><V117/><F117/><W10/><G24/><AGARI ba="0,0" hai="16,20,21,22,24,50,53,57,80,85,89,92,96,103" machi="24" ten="30,7700,0" yaku="7,1,8,1,52,1,54,1" doraHai="45" who="2" fromWho="3" sc="345,0,294,0,177,77,184,-77" /><INIT seed="6,0,0,4,5,111" ten="345,294,254,107" oya="2" hai0="57,7,133,126,113,26,64,25,47,105,79,33,66" hai1="36,43,23,88,75,116,49,39,87,24,135,130,102" hai2="9,74,107,76,80,72,6,12,0,112,52,19,68" hai3="28,48,92,83,37,67,90,10,100,73,97,13,121"/><V32/><F68/><W123/><G37/><T62/><D113/><U124/><E75/><V31/><F112/><W122/><G28/><T65/><D126/><U15/><E116/><V54/><F107/><W104/><G67/><T20/><D105/><U41/><E124/><V60/><F72/><W131/><G48/><T51/><D133/><U117/><E117/><V55/><F60/><W132/><G132/><T42/><D79/><U61/><E102/><V91/><F91/><W106/><G10/><T69/><D33/><U21/><E130/><V127/><F127/><W93/><G13/><T110/><D110/><U29/><E135/><V53/><F53/><W44/><G44/><T134/><D134/><U3/><E3/><V38/><F38/><W27/><G27/><T46/><D7/><U85/><E61/><V120/><F120/><W45/><G45/><T115/><D115/><U40/><E49/><V96/><F96/><W82/><G131/><T2/><D2/><U71/><E85/><V18/><F18/><W4/><G4/><T77/><D77/><U108/><E108/><V70/><F70/><W95/><G104/><T56/><D46/><U8/><E71/><V109/><F109/><W89/><G83/><T129/><D129/><U17/><E36/><V16/><F12/><W14/><G14/><T5/><D5/><U1/><E39/><V128/><F128/><W119/><G119/><T34/><D69/><U118/><E118/><V103/><F31/><W22/><G22/><T11/><D62/><U63/><E63/><V125/><F0/><W30/><G30/><RYUUKYOKU ba="0,0" sc="345,-10,294,-10,254,-10,107,30" hai3="73,82,89,90,92,93,95,97,100,106,121,122,123" /><INIT seed="7,1,0,1,2,75" ten="335,284,244,137" oya="3" hai0="66,72,68,55,125,13,128,95,112,34,27,129,85" hai1="2,88,48,29,83,19,93,18,117,105,35,43,111" hai2="22,108,5,116,58,80,118,133,84,12,122,56,101" hai3="124,31,14,60,50,47,114,30,8,86,134,115,4"/><W130/><G134/><T32/><D72/><U11/><E105/><V51/><F108/><W28/><G130/><N who="0" m="50283" /><D125/><U7/><E111/><V52/><F133/><W132/><G132/><T71/><D112/><N who="3" m="43049" /><G124/><T113/><D113/><U16/><E83/><V99/><F122/><W127/><G127/><T10/><D55/><U64/><E64/><V126/><F126/><W33/><G60/><N who="0" m="40007" /><D71/><U103/><E103/><V39/><F39/><W42/><G86/><T104/><D104/><U96/><E117/><V79/><F58/><W123/><G123/><T63/><D63/><U49/><REACH who="1" step="1"/><E43/><REACH who="1" ten="335,274,244,137" step="2"/><V81/><F81/><W65/><G65/><T77/><D95/><U107/><E107/><V26/><F5/><W110/><G110/><T44/><D44/><U73/><E73/><V135/><F135/><W3/><G33/><T74/><D74/><U109/><E109/><V121/><F121/><W23/><G3/><T25/><D34/><U17/><N who="1" m="4096" /><DORA hai="70" /><U0/><E0/><V106/><F12/><W36/><G36/><T94/><D32/><U100/><E100/><V24/><F24/><AGARI ba="1,1" hai="4,8,14,23,24,28,30,31,42,47,50" m="43049" machi="24" ten="30,1500,0" yaku="15,1" doraHai="75,70" who="3" fromWho="2" sc="335,0,274,0,244,-18,137,28" /><AGARI ba="1,0" hai="2,7,11,24,29,35,48,49,88,93,96" m="4096" machi="24" ten="50,6400,0" yaku="1,1,54,2,53,0" doraHai="75,70" doraHaiUra="102,61" who="1" fromWho="2" sc="335,0,274,64,226,-64,165,0" /><INIT seed="7,2,0,2,3,31" ten="335,338,162,165" oya="3" hai0="4,3,24,29,30,36,113,13,9,87,7,86,133" hai1="55,26,125,5,25,109,6,129,118,89,116,130,34" hai2="1,75,23,107,123,65,76,105,84,40,15,17,42" hai3="0,91,114,82,33,111,108,56,104,66,37,93,2"/><W46/><G114/><T19/><D36/><U127/><E89/><V58/><F1/><W132/><G104/><T10/><D113/><U64/><E64/><V73/><F107/><W94/><G132/><T68/><D68/><U53/><E34/><V115/><F105/><W100/><G100/><T35/><D133/><U22/><E22/><V80/><F115/><W85/><G37/><T128/><D128/><U83/><E83/><V50/><F123/><W99/><G46/><T49/><D49/><U28/><E28/><V124/><F124/><W72/><G33/><T44/><D44/><U122/><E122/><V95/><F75/><W106/><G106/><T18/><D30/><U47/><E47/><N who="2" m="25959" /><F73/><W112/><G112/><T88/><D86/><U79/><E79/><V67/><F42/><W61/><G72/><T45/><D45/><U101/><E101/><V16/><F95/><AGARI ba="2,0" hai="3,4,7,9,10,13,18,19,24,29,35,87,88,95" machi="95" ten="30,3900,0" yaku="7,1,52,1,54,1" doraHai="31" who="0" fromWho="2" sc="335,45,338,0,162,-45,165,0" owari="380,47.0,338,14.0,117,-38.0,165,-23.0" /></mjloggm>