<mjloggm ver="2.3"><GO type="169" lobby="0"/><UN n0="%68%69%6E%61%6A%69%6E%6E" n1="%E9%88%B4%E4%BE%8D" n2="%E3%82%A6%E3%83%AB%E3%83%88%E3%83%A9%E7%AB%8B%E7%9B%B4" n3="%E8%B1%86%E7%89%B9%EF%BC%A0%E6%B2%B3%E6%9D%91%E8%BB%8D%E5%9B%A3" dan="16,16,16,16" rate="2161.56,2123.80,2100.04,2075.31" sx="M,M,M,M"/><TAIKYOKU oya="0"/><INIT seed="0,0,0,3,5,122" ten="250,250,250,250" oya="0" hai0="114,50,115,62,21,72,58,133,109,1,130,19,81" hai1="117,118,54,12,35,95,110,124,101,107,39,29,113" hai2="89,18,9,5,97,17,13,6,4,33,61,52,108" hai3="16,32,127,67,91,82,10,126,7,14,31,90,40"/><T100/><D1/><U88/><E39/><V134/><F33/><W51/><G67/><T20/><D100/><U25/><E124/><V28/><F28/><W119/><G119/><T111/><D130/><U129/><E129/><V70/><F70/><W99/><G91/><T96/><D96/><U71/><E71/><V38/><F38/><W106/><G106/><T42/><D133/><U120/><E120/><V41/><F41/><W59/><G31/><T76/><D42/><U83/><E113/><V69/><F69/><W125/><G32/><T45/><D20/><U80/><E54/><V75/><F75/><W78/><G90/><T23/><D23/><U27/><E27/><V85/><F97/><W86/><G99/><T116/><D116/><U84/><E101/><V105/><F105/><W94/><G94/><T0/><D0/><U43/><E43/><V79/><F79/><W57/><G16/><N who="2" m="6249" /><F108/><N who="0" m="41546" /><D50/><U123/><E110/><V47/><F134/><W74/><G74/><T112/><D45/><AGARI ba="0,0" hai="7,10,14,40,45,51,57,59,78,82,86,125,126,127" machi="45" ten="40,5200,0" yaku="25,2,18,1" doraHai="122" who="3" fromWho="0" sc="250,-52,250,0,250,0,250,52" /><INIT seed="1,0,0,0,4,22" ten="198,250,250,302" oya="1" hai0="85,10,4,62,5,81,120,124,87,0,39,99,50" hai1="25,117,129,32,105,91,73,19,46,123,40,57,78" hai2="102,65,104,134,111,51,106,2,26,122,108,115,132" hai3="72,43,9,31,121,127,47,69,67,70,101,83,42"/><U54/><E117/><V15/><F2/><W28/><G121/><T34/><D39/><U95/><E105/><V49/><F122/><W7/><G127/><T20/><D124/><U89/><E129/><V130/><F15/><W119/><G101/><T48/><D34/><U76/><E123/><V100/><F65/><W92/><G92/><T56/><D5/><U36/><E73/><V118/><F118/><W93/><G93/><T110/><D110/><N who="2" m="42026" /><F26/><W6/><G6/><T114/><D114/><U53/><E53/><V18/><F18/><W75/><G75/><T88/><D99/><U79/><E95/><V68/><F68/><W131/><G70/><T11/><D11/><U41/><E41/><V1/><F1/><N who="3" m="239" /><G42/><T128/><D128/><U24/><E24/><V94/><F94/><W30/><G131/><T66/><D120/><U82/><E82/><V13/><F130/><W35/><G67/><T113/><D113/><U77/><N who="1" m="19968" /><DORA hai="116" /><U37/><E37/><V126/><F13/><W71/><G83/><T44/><D87/><U109/><E109/><V98/><F126/><W8/><G72/><T16/><D44/><U27/><E27/><AGARI ba="0,0" hai="0,4,10,16,20,27,48,50,56,62,66,81,85,88" machi="27" ten="30,7700,0" yaku="7,1,52,1,54,2" doraHai="22,116" who="0" fromWho="1" sc="198,77,250,-77,250,0,302,0" /><INIT seed="2,0,0,0,3,43" ten="275,173,250,302" oya="2" hai0="48,133,31,12,101,24,74,108,93,129,1,66,46" hai1="122,53,68,70,9,15,127,18,33,19,107,20,21" hai2="23,104,90,30,50,71,84,75,72,88,80,32,119" hai3="11,45,64,10,98,123,87,3,7,76,115,61,109"/><V94/><F119/><W91/><G123/><T13/><D1/><U65/><E122/><V58/><F71/><W124/><G124/><T56/><D74/><U2/><E107/><V39/><F39/><W41/><G11/><T35/><D108/><U100/><E100/><V132/><F32/><W38/><G109/><T52/><D129/><U44/><E33/><V79/><F104/><W86/><G115/><T5/><D5/><U135/><E127/><V54/><F132/><W40/><G40/><T112/><D112/><U6/><E65/><V0/><F0/><W99/><G87/><T105/><D105/><U73/><E73/><V78/><F75/><W92/><REACH who="3" step="1"/><G76/><REACH who="3" ten="275,173,250,292" step="2"/><T81/><D133/><U57/><E135/><V49/><F72/><W22/><G22/><T8/><D8/><U134/><E134/><V59/><F79/><W60/><G60/><T126/><D126/><U118/><E118/><V4/><F78/><W69/><AGARI ba="0,1" hai="3,7,10,38,41,45,61,64,69,86,91,92,98,99" machi="69" ten="20,5200,0" yaku="1,1,0,1,7,1,52,1,53,0" doraHai="43" doraHaiUra="125" who="3" fromWho="3" sc="275,-13,173,-13,250,-26,292,62" /><INIT seed="3,0,0,4,5,64" ten="262,160,224,354" oya="3" hai0="76,15,39,66,97,33,131,3,29,31,91,30,10" hai1="17,117,40,90,109,36,47,120,95,18,112,65,71" hai2="38,84,42,45,101,132,103,74,67,46,70,88,116" hai3="87,81,62,99,0,54,128,69,126,115,92,119,102"/><W2/><G119/><T107/><D39/><U75/><E112/><V89/><F116/><W58/><G115/><T96/><D76/><U52/><E120/><V79/><F132/><W4/><G128/><T32/><D96/><U50/><E75/><V5/><F89/><W60/><G126/><T104/><D107/><U80/><E80/><V16/><F5/><W59/><G4/><T110/><D110/><U35/><E35/><V49/><F79/><W123/><G123/><T22/><D91/><U20/><E109/><V127/><F74/><W106/><G106/><T41/><D41/><U23/><E117/><V55/><F127/><W83/><G69/><T43/><D43/><U14/><E65/><V25/><F67/><W124/><G124/><T72/><D66/><U130/><E71/><V11/><F70/><W113/><G113/><T114/><D72/><U56/><E130/><V63/><F63/><W122/><G122/><T8/><D97/><U53/><E53/><V111/><F111/><W82/><G87/><T78/><D78/><U93/><REACH who="1" step="1"/><E90/><REACH who="1" ten="262,150,224,354" step="2"/><V134/><F134/><W13/><G82/><T57/><D114/><U51/><E51/><V125/><F125/><W19/><G81/><T12/><D131/><U135/><E135/><V105/><F49/><W100/><G83/><T133/><D133/><U108/><E108/><V77/><F88/><W73/><G73/><T68/><D68/><U48/><E48/><V26/><F55/><N who="3" m="33887" /><G100/><T94/><D33/><U37/><E37/><N who="2" m="21711" /><F103/><W121/><G121/><T28/><D32/><U118/><E118/><V27/><F101/><RYUUKYOKU ba="0,1" sc="262,-15,150,15,224,-15,354,15" hai1="14,17,18,20,23,36,40,47,50,52,56,93,95" hai3="0,2,13,19,54,59,62,92,99,102" /><INIT seed="3,1,1,2,2,88" ten="247,165,209,369" oya="3" hai0="103,12,73,111,117,4,78,60,27,29,124,14,82" hai1="10,6,16,7,128,21,83,18,17,101,59,90,121" hai2="81,62,112,132,56,71,54,123,98,25,122,94,38" hai3="68,99,119,8,44,37,72,86,20,61,53,116,126"/><W55/><G72/><T77/><D111/><U91/><E121/><N who="2" m="46091" /><F112/><W13/><G126/><T97/><D117/><U74/><E128/><V115/><F115/><W33/><G33/><T49/><D49/><U40/><E40/><V32/><F38/><W79/><G119/><T36/><D36/><U39/><E39/><V19/><F81/><N who="3" m="47423" /><G68/><T118/><D124/><U92/><E101/><V65/><F132/><W131/><G131/><T93/><D4/><N who="1" m="1579" /><E74/><V76/><F76/><W110/><G110/><T67/><D78/><U95/><E10/><V42/><F42/><W5/><G37/><T50/><D50/><U125/><E125/><V11/><F32/><W104/><G104/><T26/><D118/><U52/><E21/><N who="2" m="13503" /><F11/><W9/><G8/><T15/><REACH who="0" step="1"/><D29/><REACH who="0" ten="237,165,209,369" step="2"/><U48/><E83/><V45/><F45/><W87/><G44/><T96/><D96/><N who="1" m="57367" /><E17/><V109/><F109/><W80/><G116/><T113/><D113/><U63/><E48/><V64/><F71/><AGARI ba="1,2" hai="12,14,15,26,27,60,67,71,73,77,82,93,97,103" machi="71" ten="40,8000,1" yaku="1,1,52,1,53,2" doraHai="88" doraHaiUra="22" who="0" fromWho="2" sc="237,103,165,0,209,-83,369,0" /><INIT seed="4,0,0,0,0,21" ten="340,165,126,369" oya="0" hai0="75,58,48,112,44,0,107,96,56,14,63,31,76" hai1="38,134,126,98,99,45,128,116,72,90,106,13,83" hai2="103,8,4,41,55,110,79,29,10,87,18,70,46" hai3="59,89,24,54,123,100,35,26,62,84,88,9,37"/><T94/><D107/><U51/><E38/><V22/><F70/><W52/><G37/><T1/><D75/><U74/><E116/><V135/><F110/><W82/><G123/><T60/><D76/><U91/><E126/><V120/><F120/><W2/><G35/><T80/><D80/><U115/><E128/><V68/><F68/><W27/><G100/><T43/><D14/><U36/><E36/><V7/><F29/><W122/><G122/><T49/><D49/><U117/><E117/><V111/><F103/><W133/><G133/><T61/><D31/><U47/><E13/><V101/><F101/><W125/><G125/><T12/><D12/><U97/><E51/><V42/><F111/><W40/><G40/><T34/><D34/><U23/><E23/><V132/><F55/><W109/><G109/><T65/><D112/><U67/><E67/><V66/><F66/><W85/><G54/><T104/><D104/><U64/><E64/><V71/><F71/><W20/><G9/><N who="2" m="3689" /><F135/><W119/><G2/><T6/><D65/><U33/><E33/><V108/><F108/><W53/><G53/><T69/><D69/><U16/><E115/><V28/><F28/><N who="3" m="17415" /><G119/><T121/><D121/><U114/><E114/><V15/><F132/><W5/><G5/><N who="2" m="2121" /><F46/><N who="1" m="17417" /><E106/><V50/><F50/><W77/><G77/><T11/><D1/><U17/><E134/><V130/><F130/><W93/><AGARI ba="0,0" hai="26,27,52,59,62,82,84,85,88,89,93" m="17415" machi="93" ten="30,12000,2" yaku="8,1,52,3,54,2" doraHai="21" who="3" fromWho="3" sc="340,-60,165,-30,126,-30,369,120" /><INIT seed="5,0,0,0,1,42" ten="280,135,96,489" oya="1" hai0="89,20,16,65,26,126,82,116,114,79,41,130,102" hai1="92,4,10,72,110,32,53,5,18,60,71,76,52" hai2="51,106,113,28,91,57,11,49,69,96,39,104,22" hai3="3,25,35,127,37,77,73,122,120,119,111,0,129"/><U6/><E32/><V63/><F69/><W94/><G94/><T83/><D116/><U101/><E110/><V131/><F39/><W99/><G99/><T62/><D102/><U56/><E71/><V48/><F131/><W128/><G77/><T103/><D103/><U55/><E76/><V135/><F135/><W8/><G8/><T66/><D126/><U17/><E72/><V24/><F113/><W50/><G25/><T86/><D114/><U12/><REACH who="1" step="1"/><E18/><REACH who="1" ten="280,125,96,489" step="2"/><V27/><F106/><W81/><G35/><T34/><D34/><U125/><E125/><V123/><F123/><W15/><G73/><T108/><D108/><U13/><E13/><V90/><F27/><W107/><G15/><T75/><D130/><U109/><E109/><V118/><F118/><W31/><G119/><T9/><D75/><U44/><E44/><V45/><F45/><W74/><G111/><T43/><D79/><U7/><N who="1" m="1536" /><DORA hai="61" /><U80/><E80/><V124/><F124/><W59/><G74/><T67/><D83/><U112/><E112/><V23/><F104/><W33/><G107/><T38/><D9/><U95/><E95/><V36/><F11/><W47/><G127/><T87/><D82/><U68/><E68/><V117/><F117/><W85/><G81/><T98/><D16/><U133/><E133/><V19/><F19/><W58/><G128/><T88/><D20/><U134/><E134/><V40/><F23/><W121/><G129/><T30/><D26/><U115/><E115/><V14/><F22/><W78/><G122/><T100/><D30/><U84/><E84/><RYUUKYOKU ba="0,1" sc="280,-10,125,30,96,-10,489,-10" hai1="10,12,17,52,53,55,56,60,92,101" /><INIT seed="5,1,1,4,3,11" ten="270,155,86,479" oya="1" hai0="58,92,38,20,53,115,98,23,70,30,91,99,84" hai1="65,45,117,116,123,120,81,72,29,16,109,75,39" hai2="111,42,57,4,90,27,43,122,26,52,108,46,63" hai3="83,132,85,28,100,128,1,104,21,118,25,79,47"/><U37/><E29/><V103/><F122/><W36/><G1/><T113/><D38/><U134/><E65/><V40/><F103/><W2/><G2/><T60/><D70/><U131/><E45/><V62/><F4/><W51/><G36/><N who="1" m="13898" /><E16/><V56/><F90/><W127/><G21/><N who="0" m="8267" /><D30/><U41/><E81/><V66/><REACH who="2" step="1"/><F46/><REACH who="2" ten="270,155,76,479" step="2"/><W69/><G47/><T93/><D113/><U101/><E101/><V49/><F49/><W31/><G51/><T35/><D115/><U7/><E7/><V48/><F48/><W77/><G100/><T102/><D35/><U67/><E120/><V124/><F124/><W9/><G127/><T121/><D121/><U50/><E123/><V33/><F33/><W64/><G118/><T106/><D106/><U68/><E50/><V76/><F76/><W94/><G77/><T96/><AGARI ba="1,2" hai="53,58,60,84,91,92,93,96,98,99,102" m="8267" machi="96" ten="30,1100,0" yaku="8,1" doraHai="11" who="0" fromWho="0" sc="270,34,155,-6,76,-4,479,-4" /><INIT seed="6,0,0,3,1,91" ten="304,149,72,475" oya="2" hai0="121,114,31,15,81,90,123,44,126,117,108,128,130" hai1="59,25,60,33,30,42,83,80,92,109,56,71,93" hai2="5,0,52,37,24,119,125,97,29,22,9,99,50" hai3="61,3,85,38,39,43,1,2,45,106,4,36,132"/><V111/><F119/><W54/><G106/><T131/><D117/><U94/><E109/><V55/><F111/><W103/><G103/><T62/><D108/><U100/><E100/><V23/><F125/><W46/><G132/><T48/><D31/><U67/><E42/><V101/><F37/><W11/><G85/><T40/><D114/><U10/><E10/><V112/><F112/><W82/><G82/><T41/><D15/><U107/><E107/><V76/><F76/><W122/><G122/><T53/><D81/><U120/><E120/><V113/><F113/><W110/><G110/><T64/><D90/><U79/><REACH who="1" step="1"/><E83/><REACH who="1" ten="304,139,72,475" step="2"/><V102/><F23/><W78/><G43/><N who="0" m="16459" /><D126/><U66/><E66/><V104/><F50/><W19/><G38/><T18/><D123/><U35/><E35/><V34/><F34/><W14/><G39/><T21/><D121/><U28/><E28/><V49/><F49/><W70/><G36/><T134/><D134/><U27/><E27/><V127/><F127/><W73/><G11/><T7/><D128/><U75/><AGARI ba="0,1" hai="25,30,33,56,59,60,67,71,75,79,80,92,93,94" machi="75" ten="30,12000,2" yaku="1,1,0,1,52,3,53,1" doraHai="91" doraHaiUra="105" who="1" fromWho="1" sc="304,-30,139,130,72,-60,475,-30" /><INIT seed="7,0,0,2,1,40" ten="274,269,12,445" oya="3" hai0="53,7,134,16,131,109,80,96,102,100,12,5,8" hai1="92,49,23,83,67,105,15,81,52,19,21,46,24" hai2="114,32,60,72,93,31,119,11,13,115,86,64,103" hai3="95,26,106,78,25,4,84,33,89,9,37,59,57"/><W50/><G95/><N who="0" m="58399" /><D102/><U127/><E105/><V27/><F72/><W2/><G50/><T74/><D109/><U85/><E67/><V43/><F86/><W122/><G9/><T77/><D131/><U14/><E127/><V82/><F82/><N who="1" m="31241" /><E21/><V36/><F93/><W121/><G59/><T135/><D53/><U55/><E55/><V34/><F103/><W108/><G57/><T75/><D75/><U17/><E19/><V104/><F104/><W65/><G26/><T79/><D79/><U94/><E94/><V125/><F43/><W20/><G25/><T35/><D35/><U61/><E61/><V41/><F60/><W133/><G33/><T120/><D120/><U123/><E123/><V91/><F41/><W30/><G108/><T6/><D6/><U22/><E22/><V3/><F64/><W116/><G20/><T97/><D97/><U47/><E47/><V56/><F36/><W70/><G37/><T118/><D118/><U0/><E0/><V71/><F56/><W117/><G2/><T66/><D66/><U38/><E38/><V124/><F71/><W10/><G65/><T18/><D5/><U28/><E17/><V87/><F3/><W48/><G117/><T98/><D98/><U51/><E51/><V39/><F39/><W76/><G116/><T101/><D101/><U130/><E130/><V69/><F119/><W45/><G121/><T112/><D112/><U58/><E46/><V128/><F115/><W132/><G122/><T73/><D73/><U113/><E113/><V62/><F114/><W107/><G70/><T129/><D129/><RYUUKYOKU ba="0,0" sc="274,15,269,15,12,-15,445,-15" hai0="7,8,12,16,18,74,77,80,134,135" hai1="14,15,23,24,28,49,52,58,85,92" owari="289,9.0,284,-12.0,-3,-50.0,430,53.0" /></mjloggm>