<mjloggm ver="2.3"><GO type="169" lobby="0"/><UN n0="%73%26%63%6F%2E" n1="%4D%E5%B8%9D%E2%85%A2" n2="%E9%BB%92%E9%AC%BC" n3="%E5%B0%B1%E6%B4%BB%E7%94%9F%40%E5%B7%9D%E6%9D%91%E8%BB%8D%E5%9B%A3" dan="16,16,16,18" rate="2134.02,2046.53,2122.53,2325.37" sx="M,M,M,M"/><TAIKYOKU oya="0"/><INIT seed="0,0,0,3,5,72" ten="250,250,250,250" oya="0" hai0="105,109,112,32,41,78,27,76,83,31,94,30,22" hai1="113,97,59,63,45,68,95,44,3,126,16,124,6" hai2="108,66,74,65,93,18,38,86,101,107,110,102,12" hai3="119,84,51,53,134,130,103,33,49,1,79,71,5"/><T25/><D105/><U89/><E68/><V0/><F0/><W60/><G119/><T128/><D112/><U129/><E113/><V40/><F74/><W82/><G33/><T13/><D128/><U2/><E129/><V125/><F40/><W117/><G117/><T123/><D123/><U26/><E6/><V99/><F38/><W81/><G130/><T37/><D83/><U77/><E3/><V15/><F125/><N who="1" m="48233" /><E2/><V55/><F55/><W48/><G134/><T19/><D109/><N who="2" m="42090" /><F15/><W106/><G5/><T75/><D75/><U8/><E77/><V114/><F114/><W115/><G115/><T80/><D80/><U42/><E42/><V61/><F61/><W4/><G4/><T14/><D94/><U23/><E8/><N who="2" m="6407" /><F102/><W122/><G122/><T52/><D41/><U35/><E35/><V11/><F11/><W17/><G1/><T104/><D37/><U73/><E73/><V21/><F21/><W133/><G133/><T92/><D104/><U131/><E131/><V70/><F70/><W54/><G103/><T58/><D13/><U47/><E47/><V127/><F127/><W56/><G106/><T46/><D46/><U28/><E28/><V91/><AGARI ba="0,0" hai="65,66,86,91,93,99,101,107" m="6407,42090" machi="91" ten="30,1100,0" yaku="14,1" doraHai="72" who="2" fromWho="2" sc="250,-5,250,-3,250,11,250,-3" /><INIT seed="1,0,0,0,5,92" ten="245,247,261,247" oya="1" hai0="107,32,47,44,89,122,102,19,121,61,97,42,72" hai1="56,87,13,51,88,8,0,3,55,40,4,124,103" hai2="128,86,125,62,60,26,93,116,17,9,127,117,7" hai3="100,82,129,33,126,109,65,94,106,114,59,85,23"/><U29/><E124/><N who="2" m="47691" /><F86/><W50/><G33/><T30/><D72/><U123/><E123/><N who="0" m="47113" /><D61/><U39/><E29/><V21/><F93/><W27/><G106/><T98/><D19/><U6/><E6/><V35/><F60/><N who="3" m="38047" /><G109/><T74/><D74/><U2/><E103/><V28/><F62/><W101/><G129/><T14/><D14/><U76/><E76/><V135/><F135/><W104/><G104/><N who="0" m="63567" /><D42/><U95/><REACH who="1" step="1"/><E40/><REACH who="1" ten="245,237,261,247" step="2"/><V63/><F128/><W118/><G126/><T84/><D30/><U57/><E57/><V83/><F28/><W10/><G101/><N who="0" m="62903" /><D32/><U133/><E133/><V68/><F35/><W130/><G100/><T115/><D115/><U24/><E24/><V25/><F25/><W80/><G27/><T79/><D79/><U12/><E12/><V48/><F26/><W90/><G114/><T53/><D53/><U111/><E111/><V81/><F17/><W131/><G131/><T38/><D38/><AGARI ba="0,1" hai="0,2,3,4,8,13,38,39,51,55,56,87,88,95" machi="38" ten="40,7700,0" yaku="1,1,54,1,53,1" doraHai="92" doraHaiUra="11" who="1" fromWho="0" sc="245,-77,237,87,261,0,247,0" /><INIT seed="1,1,0,3,3,108" ten="168,324,261,247" oya="1" hai0="5,12,36,17,44,55,131,41,29,107,120,42,113" hai1="98,57,62,31,125,104,14,24,37,2,112,64,121" hai2="110,83,124,97,89,66,51,7,39,23,61,43,88" hai3="33,45,115,52,106,73,78,79,27,56,74,6,75"/><U93/><E121/><V118/><F118/><W70/><G106/><T99/><D120/><U46/><E125/><V127/><F39/><W85/><G70/><T129/><D42/><U86/><E2/><V13/><F110/><W34/><G115/><T116/><D116/><U4/><E104/><V82/><F43/><W19/><G6/><T59/><D5/><U20/><E86/><V35/><F35/><W92/><G45/><T80/><D29/><U18/><E4/><V111/><F51/><W3/><G3/><T102/><D80/><N who="2" m="30762" /><F97/><W25/><G85/><T22/><REACH who="0" step="1"/><D113/><REACH who="0" ten="158,324,261,247" step="2"/><U50/><E112/><V77/><F111/><W123/><G123/><T95/><D95/><U105/><E105/><V47/><F124/><W68/><G92/><T72/><D72/><U90/><E37/><V101/><F127/><W126/><G126/><T60/><AGARI ba="1,1" hai="12,17,22,36,41,44,55,59,60,99,102,107,129,131" machi="60" ten="30,4000,0" yaku="1,1,0,1,53,1" doraHai="108" doraHaiUra="94" who="0" fromWho="0" sc="158,53,324,-21,261,-11,247,-11" /><INIT seed="2,0,0,5,4,35" ten="211,303,250,236" oya="2" hai0="103,48,93,112,79,41,29,74,14,134,105,102,12" hai1="73,88,71,101,9,54,64,8,56,108,106,61,78" hai2="28,87,86,80,7,49,81,117,118,33,68,60,90" hai3="17,11,19,1,91,18,66,36,27,116,0,10,120"/><V55/><F7/><W89/><G36/><T129/><D112/><U23/><E108/><V30/><F68/><W115/><G66/><T52/><D105/><U26/><E78/><V107/><F107/><W38/><G38/><T113/><D41/><U83/><E73/><V119/><F60/><W111/><G27/><T58/><D129/><U95/><E83/><V2/><F2/><N who="3" m="1131" /><G116/><T125/><D29/><U84/><E101/><V16/><F33/><W6/><G120/><T62/><D74/><U67/><E106/><V131/><F131/><W130/><G130/><T99/><D79/><U135/><E135/><V72/><F72/><W47/><G47/><T92/><D134/><U122/><E122/><V133/><F133/><W13/><G111/><T82/><D82/><U96/><E84/><V39/><F39/><W124/><G115/><T46/><D113/><U45/><E45/><V5/><F5/><N who="3" m="3279" /><G89/><T20/><D20/><U85/><E85/><V43/><F87/><W69/><G91/><T31/><D31/><N who="1" m="17887" /><E71/><V59/><F81/><W32/><G69/><T21/><D21/><U114/><E114/><V50/><F118/><W128/><G128/><T76/><D76/><U132/><E132/><V25/><F119/><W126/><G32/><T70/><D70/><U63/><E63/><V42/><F117/><W24/><G24/><T123/><D102/><U97/><E97/><V44/><F43/><W40/><G40/><T100/><D100/><U109/><E109/><V37/><F37/><W127/><G127/><T57/><D125/><U110/><E110/><V65/><F65/><AGARI ba="0,0" hai="8,9,54,56,61,64,65,67,88,95,96" m="17887" machi="65" ten="30,3900,0" yaku="6,1,8,1,54,1" doraHai="35" who="1" fromWho="2" sc="211,0,303,39,250,-39,236,0" /><INIT seed="3,0,0,1,5,40" ten="211,342,211,236" oya="3" hai0="69,3,98,94,7,2,70,35,96,26,12,0,39" hai1="31,124,44,48,135,15,131,77,10,121,95,71,64" hai2="123,115,111,67,75,52,128,113,97,54,125,100,11" hai3="23,99,57,80,21,56,63,5,78,61,24,81,85"/><W18/><G5/><T4/><D39/><U20/><E121/><V47/><F75/><W107/><G107/><T66/><D66/><U8/><E124/><V6/><F111/><W45/><G99/><T134/><D12/><U28/><E135/><V105/><F67/><W65/><G81/><T112/><D112/><U38/><E38/><V129/><F125/><W46/><G23/><T16/><D134/><U93/><E131/><N who="2" m="50251" /><F123/><W32/><G32/><T73/><D73/><U126/><E77/><V90/><F90/><W9/><G9/><T60/><D60/><U37/><E37/><V109/><F109/><W86/><G86/><T33/><D94/><N who="1" m="35851" /><E64/><AGARI ba="0,0" hai="18,21,24,45,46,56,57,61,63,64,65,78,80,85" machi="64" ten="30,12000,1" yaku="7,1,9,1,8,1,52,2" doraHai="40" who="3" fromWho="1" sc="211,0,342,-120,211,0,236,120" /><INIT seed="3,1,0,0,3,1" ten="211,222,211,356" oya="3" hai0="0,44,9,4,74,5,75,132,31,22,11,53,81" hai1="124,16,96,20,8,94,122,47,55,70,15,107,62" hai2="131,89,117,79,50,54,63,60,109,42,98,90,88" hai3="95,110,17,115,119,25,57,121,128,133,87,126,39"/><W45/><G119/><T85/><D132/><U48/><E122/><V92/><F117/><W64/><G121/><T102/><D102/><U14/><E124/><V38/><F109/><W10/><G115/><T104/><D104/><U76/><E107/><V2/><F2/><W112/><G112/><T52/><D75/><U41/><E76/><V97/><F131/><W84/><G45/><T111/><D74/><U40/><E62/><V120/><F120/><W101/><G39/><T34/><D34/><U86/><E70/><V83/><F42/><W99/><G126/><T134/><D111/><U67/><E67/><V29/><F29/><W80/><G128/><T105/><D105/><U118/><E118/><V51/><F50/><W12/><G133/><T21/><D134/><U116/><E116/><V58/><F38/><W65/><G110/><T23/><D31/><U7/><REACH who="1" step="1"/><E86/><REACH who="1" ten="211,212,211,356" step="2"/><N who="2" m="48511" /><F98/><W36/><G87/><T33/><D85/><U123/><E123/><V27/><F27/><W49/><G84/><T125/><D125/><U56/><E56/><V13/><F13/><W46/><G80/><T37/><D81/><U135/><E135/><V71/><F71/><W130/><G130/><T26/><D0/><U61/><E61/><AGARI ba="1,1" hai="51,54,58,60,61,63,88,89,90,92,97" m="48511" machi="61" ten="30,2000,0" yaku="8,1,54,1" doraHai="1" who="2" fromWho="1" sc="211,0,212,-23,211,33,356,0" /><INIT seed="4,0,0,1,2,53" ten="211,189,244,356" oya="0" hai0="55,70,67,8,58,98,5,123,64,12,2,133,38" hai1="120,119,17,30,81,27,0,13,44,1,129,74,75" hai2="37,19,69,79,31,48,115,128,132,29,131,24,60" hai3="94,49,56,116,97,9,23,100,71,108,32,20,92"/><T34/><D123/><U18/><E120/><V16/><F37/><W14/><G71/><T62/><D133/><U89/><E119/><V88/><F79/><W63/><G32/><T35/><D38/><U122/><E122/><V111/><F111/><W41/><G108/><T93/><D2/><U72/><E129/><N who="2" m="49739" /><F115/><W77/><G77/><T73/><D73/><U112/><E112/><V113/><F113/><W83/><G94/><T106/><D106/><U85/><E44/><V59/><F69/><W54/><G83/><T90/><REACH who="0" step="1"/><D67/><REACH who="0" ten="201,189,244,356" step="2"/><U11/><REACH who="1" step="1"/><E18/><REACH who="1" ten="201,179,244,356" step="2"/><V118/><F19/><N who="3" m="8655" /><G116/><T114/><D114/><U7/><E7/><V87/><F118/><W110/><G110/><T130/><D130/><U84/><E84/><V40/><F87/><W3/><G3/><T101/><D101/><U117/><E117/><V39/><F16/><W76/><G100/><T99/><D99/><U96/><E96/><V21/><F132/><W50/><G97/><T33/><D33/><AGARI ba="0,2" hai="0,1,11,13,17,27,30,33,72,74,75,81,85,89" machi="33" ten="40,1300,0" yaku="1,1,53,0" doraHai="53" doraHaiUra="121" who="1" fromWho="0" sc="201,-13,179,33,244,0,356,0" /><INIT seed="5,0,0,2,4,22" ten="188,212,244,356" oya="1" hai0="129,49,57,37,4,63,105,113,114,5,79,52,17" hai1="54,8,74,70,32,102,133,98,59,111,25,71,0" hai2="91,41,134,9,95,61,101,83,107,7,78,23,92" hai3="94,88,55,82,99,120,109,75,12,45,10,51,87"/><U72/><E133/><V116/><F116/><W40/><G109/><T132/><D105/><N who="1" m="63703" /><E54/><V68/><F107/><W135/><G135/><T13/><D37/><U11/><E11/><V77/><F101/><W28/><G28/><T26/><D132/><U73/><E59/><V50/><F68/><N who="1" m="26153" /><E111/><V3/><F134/><W127/><G127/><T42/><D129/><U66/><E66/><V122/><F61/><W19/><G75/><T65/><D79/><U62/><E62/><V123/><F92/><W20/><G120/><T124/><D124/><U93/><E93/><V27/><F78/><N who="3" m="46551" /><G10/><T16/><D42/><AGARI ba="0,0" hai="12,19,20,40,42,45,51,55,88,94,99" m="46551" machi="42" ten="30,2000,0" yaku="8,1,54,1" doraHai="22" who="3" fromWho="0" sc="188,-20,212,0,244,0,356,20" /><INIT seed="6,0,0,1,0,79" ten="168,212,244,376" oya="2" hai0="18,9,96,29,120,90,76,128,12,112,116,54,107" hai1="64,15,27,121,61,119,134,100,7,25,99,16,114" hai2="37,91,109,87,125,5,72,92,34,56,65,49,11" hai3="58,105,103,57,108,127,41,85,82,48,1,111,110"/><V14/><F34/><W75/><G1/><T135/><D120/><U52/><E119/><V68/><F72/><W31/><G75/><T78/><D116/><U84/><E121/><V81/><F37/><W55/><G127/><T86/><D135/><U83/><E7/><V59/><F125/><W97/><G31/><T38/><D38/><U89/><E134/><V60/><F109/><W132/><G132/><T67/><D128/><U77/><E77/><V50/><F68/><W94/><G41/><T47/><D67/><U13/><E13/><V130/><F130/><W24/><G24/><T123/><D29/><U0/><E0/><V70/><F70/><W113/><G113/><T28/><D28/><U106/><E52/><N who="2" m="31767" /><F49/><W126/><G126/><T32/><D32/><U80/><E114/><V62/><F62/><W53/><G105/><T133/><D112/><U118/><E118/><V21/><F21/><W22/><G22/><T10/><D10/><U101/><E101/><V117/><F117/><W46/><REACH who="3" step="1"/><G53/><REACH who="3" ten="168,212,244,366" step="2"/><T30/><D123/><U51/><E51/><V73/><F73/><W115/><G115/><T39/><D133/><U3/><E3/><V69/><F11/><W102/><G102/><N who="0" m="62919" /><D30/><U95/><E106/><V104/><F104/><W122/><G122/><T36/><D54/><U45/><E45/><V33/><F33/><W23/><G23/><T98/><D47/><U17/><E27/><V2/><F2/><W4/><G4/><T40/><D40/><U124/><E25/><V129/><F5/><W42/><G42/><T66/><D9/><U74/><E124/><RYUUKYOKU ba="0,1" sc="168,-10,212,-10,244,-10,366,30" hai3="46,48,55,57,58,82,85,94,97,103,108,110,111" /><INIT seed="7,1,1,1,2,60" ten="158,202,234,396" oya="3" hai0="95,121,132,14,113,85,99,76,61,133,34,94,1" hai1="72,38,118,103,107,8,35,21,59,47,128,82,12" hai2="54,3,131,77,16,96,26,111,46,134,66,70,27" hai3="104,97,52,110,9,44,36,39,15,73,68,37,13"/><W65/><G73/><T79/><D1/><U62/><E128/><V112/><F3/><W53/><G15/><T17/><D34/><U117/><E35/><V80/><F96/><W31/><G31/><T19/><D121/><U64/><E21/><V10/><F112/><W88/><G104/><T106/><D61/><U20/><E20/><V135/><F111/><W57/><G68/><T23/><D19/><U122/><E122/><V43/><F54/><W5/><G44/><T51/><D51/><U32/><E32/><V87/><F66/><W120/><G120/><T30/><D30/><U11/><E47/><V129/><F70/><W42/><G42/><T58/><D58/><U83/><E38/><V50/><F27/><W116/><G65/><T18/><D23/><U48/><E48/><V100/><F50/><W25/><G57/><T33/><D33/><U74/><E8/><V91/><F10/><W92/><G110/><T84/><D14/><U55/><E55/><V102/><F26/><W89/><G25/><T2/><D2/><U67/><E67/><V108/><F108/><W49/><G13/><T71/><D71/><U119/><E103/><V28/><F102/><W7/><G9/><T22/><D22/><U109/><E107/><V24/><F100/><W101/><G37/><T124/><D106/><U0/><E0/><V90/><F28/><W126/><G39/><T114/><REACH who="0" step="1"/><D99/><REACH who="0" ten="148,202,234,396" step="2"/><U130/><E109/><V125/><F24/><W81/><G97/><T45/><D45/><U93/><E62/><V63/><F63/><W40/><G49/><T56/><D56/><RYUUKYOKU ba="1,2" sc="148,30,202,-10,234,-10,396,-10" hai0="17,18,76,79,84,85,94,95,113,114,124,132,133" owari="178,-32.0,192,-21.0,224,2.0,406,51.0" /></mjloggm>