<mjloggm ver="2.3"><GO type="169" lobby="0"/><UN n0="%E3%81%8A%E3%81%98%E3%81%95%E3%82%93" n1="%4D%75%72%70%68%79" n2="%70%69%6E%70%69%6E%36" n3="%E3%83%88%E3%83%88%E3%83%AA%E5%85%88%E7%94%9F%31%39%E6%AD%B3" dan="17,16,16,18" rate="2158.24,2078.85,2059.06,2202.39" sx="M,M,M,F"/><TAIKYOKU oya="0"/><INIT seed="0,0,0,1,2,120" ten="250,250,250,250" oya="0" hai0="65,26,40,45,82,124,58,94,126,80,76,39,87" hai1="106,102,109,79,127,38,96,32,131,23,122,92,12" hai2="108,119,71,51,4,64,60,35,28,15,8,98,84" hai3="105,31,83,5,24,37,41,14,89,47,95,77,70"/><T22/><D94/><U13/><E122/><V63/><F119/><W99/><G70/><T10/><D10/><U17/><E32/><V67/><F84/><W101/><G14/><T44/><D44/><U113/><E38/><V20/><F108/><W0/><G5/><T43/><D43/><U25/><E127/><V49/><F35/><W103/><G0/><T62/><REACH who="0" step="1"/><D82/><REACH who="0" ten="240,250,250,250" step="2"/><U69/><E92/><V81/><F81/><W48/><G37/><T30/><AGARI ba="0,1" hai="22,26,30,39,40,45,58,62,65,76,80,87,124,126" machi="30" ten="30,11700,0" yaku="1,1,2,1,0,1,53,1" doraHai="120" doraHaiUra="42" who="0" fromWho="0" sc="240,127,250,-39,250,-39,250,-39" /><INIT seed="0,1,0,5,5,125" ten="367,211,211,211" oya="0" hai0="73,75,111,78,38,124,81,40,97,2,47,79,3" hai1="18,48,134,62,57,93,37,50,69,39,31,45,36" hai2="85,66,58,96,32,49,127,60,8,63,59,120,109" hai3="128,99,9,129,89,53,20,6,104,92,41,126,61"/><T35/><D124/><U112/><E31/><V118/><F127/><W135/><G126/><T43/><D111/><U16/><E134/><V105/><F109/><W123/><G135/><T4/><D35/><U130/><E112/><V26/><F120/><W0/><G123/><T7/><D97/><U122/><E122/><V24/><F118/><W17/><G41/><T113/><D113/><U86/><E69/><V94/><F105/><W77/><G77/><T12/><D12/><U15/><E130/><N who="3" m="50282" /><G104/><T64/><D64/><U116/><E116/><V110/><F110/><W25/><G53/><T117/><D117/><U121/><E121/><V72/><F72/><W91/><G61/><T23/><D23/><U132/><E132/><V52/><F32/><W74/><G74/><T108/><D108/><U44/><E48/><V28/><F28/><W98/><G98/><T67/><D67/><U56/><E37/><V1/><F85/><W22/><G20/><T10/><D43/><U133/><E86/><V88/><REACH who="2" step="1"/><F63/><REACH who="2" ten="367,211,201,211" step="2"/><W70/><G70/><T46/><D75/><U95/><E62/><V131/><F131/><W55/><G55/><T13/><D73/><U83/><E133/><V84/><F84/><W100/><AGARI ba="1,1" hai="0,6,9,17,22,25,89,91,92,99,100" m="50282" machi="100" ten="30,7900,0" yaku="19,1,52,3" doraHai="125" who="3" fromWho="3" sc="367,-40,211,-21,201,-21,211,92" /><INIT seed="1,0,0,0,4,54" ten="327,190,180,303" oya="1" hai0="17,27,101,34,62,120,40,25,5,45,90,8,52" hai1="133,72,15,131,53,74,6,83,111,49,97,20,56" hai2="130,39,67,108,35,14,28,1,132,21,2,75,103" hai3="106,109,69,71,23,30,123,91,29,51,126,48,47"/><U11/><E133/><V125/><F108/><W117/><G123/><T105/><D120/><U122/><E122/><V57/><F132/><W42/><G106/><T76/><D76/><U9/><E111/><V121/><F121/><W134/><G134/><T128/><D128/><U115/><E115/><V73/><F130/><W96/><G109/><T129/><D129/><U113/><E131/><V31/><F125/><W77/><G126/><T18/><D101/><U99/><E113/><V118/><F118/><W19/><G117/><T119/><D105/><U66/><E66/><V79/><F39/><W87/><G96/><T16/><D119/><U55/><E20/><V112/><F112/><W33/><G77/><T107/><D107/><U61/><E11/><V60/><F103/><W37/><G69/><T64/><D90/><U7/><E7/><V13/><F2/><W94/><G71/><T135/><D34/><U98/><REACH who="1" step="1"/><E83/><REACH who="1" ten="327,180,180,303" step="2"/><V100/><F21/><W80/><G80/><T114/><D114/><U82/><E82/><V43/><F67/><W102/><G33/><T36/><D135/><U84/><E84/><V0/><F35/><W78/><G23/><T46/><D64/><U110/><E110/><V4/><F4/><W22/><G22/><T63/><D5/><U124/><E124/><V95/><F75/><W68/><G87/><T38/><D8/><U41/><E41/><V12/><F73/><W44/><G42/><N who="0" m="22727" /><D52/><U89/><E89/><V50/><F43/><W59/><G91/><T104/><D40/><U70/><E70/><V3/><F79/><W81/><G78/><RYUUKYOKU ba="0,1" sc="327,-10,180,30,180,-10,303,-10" hai1="6,9,15,49,53,55,56,61,72,74,97,98,99" /><INIT seed="1,1,1,5,4,73" ten="317,210,170,293" oya="1" hai0="127,119,126,78,88,122,113,61,0,43,14,101,80" hai1="19,97,30,12,20,117,33,114,44,46,99,48,41" hai2="93,60,37,70,56,83,67,102,123,71,121,108,94" hai3="15,89,5,72,47,8,104,21,130,40,65,96,95"/><U34/><E114/><V36/><F83/><W51/><G130/><T135/><D0/><U31/><E117/><V57/><F102/><W54/><G72/><T52/><D113/><U11/><E34/><V131/><F131/><W50/><G104/><T75/><D119/><U3/><E44/><V90/><F94/><W18/><G65/><T17/><D135/><U35/><E35/><V86/><F108/><W25/><REACH who="3" step="1"/><G51/><REACH who="3" ten="317,210,170,283" step="2"/><T129/><D129/><U98/><REACH who="1" step="1"/><E33/><REACH who="1" ten="317,200,170,283" step="2"/><V29/><F123/><W115/><G115/><T81/><D122/><U69/><E69/><V10/><F121/><W7/><G7/><AGARI ba="1,3" hai="3,7,11,12,19,20,30,31,41,46,48,97,98,99" machi="7" ten="40,2000,0" yaku="1,1,53,0" doraHai="73" doraHaiUra="59" who="1" fromWho="3" sc="317,0,200,53,170,0,283,-23" /><INIT seed="1,2,0,5,3,52" ten="317,253,170,260" oya="1" hai0="42,71,51,57,35,119,6,60,130,77,83,120,46" hai1="89,54,97,19,23,39,135,109,45,48,96,4,59" hai2="27,115,15,49,125,85,92,131,90,37,22,58,13" hai3="32,1,91,40,9,84,17,38,34,79,134,100,33"/><U108/><E4/><V68/><F68/><W26/><G134/><T5/><D119/><U0/><E0/><V73/><F73/><W31/><G79/><T75/><D130/><U67/><E135/><V28/><F131/><W104/><G100/><T53/><D35/><U102/><E89/><V118/><F118/><W126/><G104/><T20/><D120/><U11/><E11/><V2/><F2/><W70/><G70/><T64/><REACH who="0" step="1"/><D20/><REACH who="0" ten="307,253,170,260" step="2"/><U121/><E121/><V93/><F115/><W3/><G33/><T129/><D129/><U122/><E122/><V47/><F125/><W103/><G34/><T72/><D72/><U133/><E133/><V132/><F132/><W111/><G32/><T10/><D10/><U21/><E21/><V30/><F22/><W66/><G9/><T94/><D94/><U110/><E102/><V114/><F92/><W18/><G103/><T112/><D112/><U14/><E39/><AGARI ba="2,1" hai="5,6,39,42,46,51,53,57,60,64,71,75,77,83" machi="39" ten="30,8000,1" yaku="1,1,7,1,24,2,52,1,53,0" doraHai="52" doraHaiUra="80" who="0" fromWho="1" sc="307,96,253,-86,170,0,260,0" /><INIT seed="2,0,0,4,4,62" ten="403,167,170,260" oya="2" hai0="17,79,98,56,43,16,99,80,40,65,7,21,35" hai1="38,97,131,120,13,20,1,2,117,11,74,123,33" hai2="125,10,14,132,3,69,116,54,57,113,100,75,126" hai3="9,70,67,134,84,30,60,73,102,51,45,89,55"/><V108/><F113/><W86/><G73/><T34/><D7/><U78/><E38/><V24/><F116/><W4/><G134/><T91/><D35/><U12/><E74/><V101/><F132/><W109/><G109/><T19/><D34/><U36/><E36/><V48/><F69/><W96/><G30/><T41/><D21/><U83/><E33/><V50/><F3/><W103/><G89/><T64/><D91/><U63/><E117/><V95/><F75/><W87/><REACH who="3" step="1"/><G96/><REACH who="3" ten="403,167,170,250" step="2"/><N who="0" m="36907" /><D56/><U133/><E133/><V124/><F108/><W110/><G110/><T82/><D79/><U52/><E78/><V92/><F57/><W81/><G81/><AGARI ba="0,1" hai="16,17,19,40,41,43,64,65,80,81,82" m="36907" machi="81" ten="40,12000,2" yaku="28,2,8,1,52,2,54,1" doraHai="62" who="0" fromWho="3" sc="403,130,167,0,170,0,250,-120" /><INIT seed="3,0,0,3,4,31" ten="533,167,170,130" oya="3" hai0="127,11,91,44,117,122,107,88,78,89,22,41,94" hai1="15,102,2,37,61,81,34,75,38,18,1,24,64" hai2="83,63,46,53,133,20,30,110,43,36,40,8,96" hai3="77,66,95,17,134,52,109,111,132,27,26,50,7"/><W71/><G7/><T87/><D117/><U99/><E75/><V48/><F110/><N who="3" m="41995" /><G77/><T118/><D107/><U9/><E81/><V90/><F133/><N who="3" m="51307" /><G17/><T13/><D22/><U25/><E1/><V42/><F8/><W92/><G66/><T19/><D19/><U130/><E130/><V56/><F36/><W116/><G71/><T32/><D11/><U4/><E25/><N who="3" m="9226" /><G116/><T73/><D78/><U103/><E2/><V57/><F30/><W33/><G33/><T112/><D32/><U28/><E4/><V101/><F20/><W126/><G126/><T124/><D124/><U59/><REACH who="1" step="1"/><E103/><REACH who="1" ten="533,157,170,130" step="2"/><V58/><F101/><W121/><G121/><T68/><D122/><U70/><E70/><V105/><F83/><W135/><G135/><T84/><D127/><U35/><E35/><V60/><F105/><AGARI ba="0,1" hai="9,15,18,24,28,34,37,38,59,61,64,99,102,105" machi="105" ten="30,3900,0" yaku="1,1,7,1,52,1,53,0" doraHai="31" doraHaiUra="120" who="1" fromWho="2" sc="533,0,157,49,170,-39,130,0" /><INIT seed="4,0,0,5,0,84" ten="533,206,131,130" oya="0" hai0="54,90,29,16,57,44,105,45,5,131,119,59,65" hai1="43,48,14,17,75,40,55,68,62,110,66,99,20" hai2="101,46,8,81,130,125,111,116,23,89,100,85,67" hai3="1,21,50,35,104,4,71,135,15,88,112,19,61"/><T47/><D105/><U69/><E110/><V126/><F111/><W91/><G104/><T93/><D131/><U28/><E75/><V121/><F121/><W32/><G112/><T70/><D70/><U74/><E74/><V25/><F130/><W9/><G135/><T83/><D83/><U51/><E68/><V7/><F116/><W86/><G50/><T106/><D106/><U11/><E51/><V33/><F33/><W103/><G103/><T36/><D36/><U79/><E79/><V118/><F118/><W87/><G71/><T0/><D29/><U94/><E11/><V73/><F67/><W107/><G107/><T96/><D5/><U34/><E34/><V64/><F64/><W76/><G76/><T123/><D0/><U60/><E60/><V63/><F63/><W26/><G61/><N who="0" m="38079" /><D119/><U53/><E28/><N who="2" m="17471" /><F46/><W109/><G109/><T117/><D117/><U108/><E108/><V58/><F73/><W22/><G22/><T2/><D2/><U39/><E39/><V98/><F58/><W115/><G115/><T13/><D123/><U18/><E18/><V38/><F38/><W133/><G133/><T6/><D6/><U24/><E48/><V3/><F98/><W56/><G56/><T97/><D57/><U77/><E66/><V78/><F78/><W12/><G35/><T95/><D54/><N who="1" m="20491" /><E77/><V52/><F52/><W122/><G122/><T42/><D47/><U128/><E128/><V132/><F132/><W72/><G72/><T124/><D45/><U127/><E69/><V10/><F10/><W120/><G120/><T37/><D44/><RYUUKYOKU ba="0,0" sc="533,-10,206,-10,131,30,130,-10" hai2="3,7,8,81,85,89,100,101,125,126" /><INIT seed="5,1,0,2,1,85" ten="523,196,161,120" oya="1" hai0="60,24,45,108,125,132,58,100,117,38,29,9,43" hai1="76,97,19,13,49,1,3,118,129,17,25,99,115" hai2="21,63,7,32,10,73,96,27,104,110,111,52,34" hai3="0,65,23,55,77,106,37,72,103,122,66,51,5"/><U39/><E118/><V112/><F73/><W131/><G122/><T107/><D117/><U93/><E39/><V4/><F112/><W133/><G37/><T70/><D70/><U64/><E115/><V79/><F79/><W98/><G131/><T62/><D58/><U127/><E129/><V46/><F104/><W124/><G124/><T16/><D108/><U35/><E127/><V15/><F96/><W2/><G133/><T36/><D36/><U128/><E128/><V123/><F123/><W26/><G77/><T30/><D30/><U101/><E64/><V121/><F121/><W78/><G78/><T94/><D107/><U53/><E76/><V119/><F119/><W56/><G72/><T81/><D81/><U50/><E97/><V59/><F46/><W88/><G5/><T82/><D82/><U42/><E42/><V48/><F4/><W120/><G120/><T61/><D132/><U28/><E49/><V90/><F90/><W14/><G14/><T67/><D67/><U105/><E105/><V47/><F32/><W102/><G65/><T6/><D125/><U11/><REACH who="1" step="1"/><E17/><REACH who="1" ten="523,186,161,120" step="2"/><V18/><F18/><N who="3" m="12663" /><G66/><T91/><D16/><U12/><E12/><V31/><REACH who="2" step="1"/><F34/><REACH who="2" ten="523,186,151,120" step="2"/><W87/><G106/><T109/><D38/><U84/><E84/><V68/><F68/><W113/><G98/><T130/><D43/><AGARI ba="1,2" hai="7,10,15,21,27,31,43,47,48,52,59,63,110,111" machi="43" ten="30,3900,0" yaku="1,1,7,1,54,1,53,0" doraHai="85" doraHaiUra="134" who="2" fromWho="0" sc="523,-42,186,0,151,62,120,0" /><INIT seed="6,0,0,5,3,27" ten="481,186,213,120" oya="2" hai0="135,52,108,98,15,131,11,121,129,95,103,84,77" hai1="116,6,38,112,100,88,133,124,42,53,30,23,0" hai2="9,51,28,18,49,25,81,90,62,93,68,120,41" hai3="39,12,70,45,13,117,111,113,14,110,101,127,55"/><V16/><F120/><W37/><G101/><T34/><D34/><U119/><E100/><V22/><F81/><W3/><G45/><T109/><D121/><U32/><E32/><V85/><F41/><W71/><G3/><T56/><D135/><U75/><E75/><V125/><F125/><W104/><G117/><T7/><D84/><U86/><E6/><V76/><F76/><W91/><G104/><T48/><REACH who="0" step="1"/><D77/><REACH who="0" ten="471,186,213,120" step="2"/><U47/><E133/><V50/><REACH who="2" step="1"/><F9/><REACH who="2" ten="471,186,203,120" step="2"/><W73/><G127/><T21/><D21/><U44/><E124/><V60/><F60/><W33/><G33/><T4/><D4/><U2/><E119/><V128/><F128/><AGARI ba="0,2" hai="7,11,15,48,52,56,95,98,103,108,109,128,129,131" machi="128" ten="40,5200,0" yaku="1,1,19,1,54,1,53,0" doraHai="27" doraHaiUra="102" who="0" fromWho="2" sc="471,72,186,0,203,-52,120,0" /><INIT seed="7,0,0,2,4,57" ten="543,186,151,120" oya="3" hai0="22,27,122,108,48,39,11,112,55,51,121,23,10" hai1="40,117,88,96,47,69,126,58,52,6,135,37,132" hai2="128,78,76,91,41,9,0,86,85,12,68,130,94" hai3="44,77,33,80,26,99,63,82,35,64,36,102,114"/><W45/><G114/><T18/><D39/><U24/><E126/><V119/><F68/><W74/><G80/><T49/><D55/><U16/><E69/><V109/><F0/><W131/><G131/><N who="2" m="50217" /><F109/><W17/><G17/><T115/><D108/><U7/><E117/><V72/><F41/><W124/><G124/><T127/><D127/><U71/><E71/><V20/><F119/><W103/><G103/><T56/><D56/><U116/><E116/><V90/><F20/><W105/><G26/><T67/><D67/><U92/><E6/><N who="2" m="3127" /><F72/><W79/><G79/><T95/><D95/><AGARI ba="0,0" hai="76,78,85,86,90,91,94,95" m="3127,50217" machi="95" ten="30,1000,0" yaku="19,1" doraHai="57" who="2" fromWho="0" sc="543,-10,186,0,151,10,120,0" owari="533,63.0,186,-1.0,161,-24.0,120,-38.0" /></mjloggm>