<mjloggm ver="2.3"><GO type="41" lobby="0"/><UN n0="%E5%B0%B1%E6%B4%BB%E7%94%9F%40%E5%B7%9D%E6%9D%91%E8%BB%8D%E5%9B%A3" n1="%E3%81%98%E3%82%87%E3%83%BC%E3%81%98%E3%81%82" n2="%E3%82%BD%E3%83%AB%E3%83%86%E3%82%A3" n3="%E3%82%AE%E3%83%A3%E3%83%B3%E3%83%96%E3%83%A9%E3%83%BC%E3%83%8A%E3%83%8A" dan="17,14,13,15" rate="2186.40,2040.40,1813.58,1972.03" sx="M,M,F,F"/><TAIKYOKU oya="0"/><INIT seed="0,0,0,1,0,79" ten="250,250,250,250" oya="0" hai0="44,110,115,40,103,100,0,28,95,17,99,1,71" hai1="68,97,25,123,85,80,119,34,58,106,133,29,46" hai2="135,96,120,53,14,67,30,86,37,35,102,131,64" hai3="76,2,57,41,88,128,16,98,62,54,82,32,6"/><T90/><D115/><U83/><E123/><V122/><F37/><W31/><G128/><T23/><D71/><U61/><E119/><V48/><F131/><W132/><G132/><T66/><D66/><N who="1" m="41039" /><E133/><V70/><F135/><W15/><G41/><T87/><D28/><U84/><E46/><V72/><F72/><W112/><G112/><T93/><D103/><N who="1" m="62831" /><E58/><V52/><F14/><W89/><G6/><T74/><D74/><U124/><E124/><V73/><F73/><W10/><G2/><T91/><D110/><U38/><E38/><V9/><F9/><W121/><G98/><T65/><D65/><U47/><E47/><V116/><F116/><W12/><G12/><T104/><D104/><U55/><E55/><V126/><F126/><W118/><G118/><T81/><D91/><U36/><E36/><V43/><F67/><W11/><G11/><T129/><D129/><U113/><E113/><V94/><F43/><W13/><G13/><T114/><D114/><U59/><E59/><V26/><F53/><W78/><G121/><T18/><D95/><U130/><E130/><V42/><F42/><W111/><G111/><T5/><D5/><U4/><E4/><V109/><F109/><W19/><G19/><N who="0" m="7179" /><D23/><U51/><E51/><V45/><F86/><AGARI ba="0,0" hai="25,29,34,80,83,84,85,86" m="62831,41039" machi="86" ten="30,3900,0" yaku="25,1,52,2" doraHai="79" who="1" fromWho="2" sc="250,0,250,39,250,-39,250,0" /><INIT seed="1,0,0,4,1,7" ten="250,289,211,250" oya="1" hai0="76,45,8,133,130,23,124,5,69,56,132,90,50" hai1="38,0,80,71,135,118,117,128,27,57,60,39,64" hai2="126,86,87,11,102,129,103,36,65,17,83,91,32" hai3="2,53,61,116,113,127,98,58,31,112,115,19,85"/><U35/><E128/><V123/><F36/><W9/><G127/><T79/><D69/><U54/><E0/><V21/><F123/><W74/><G74/><T78/><D124/><U26/><E135/><N who="0" m="51785" /><D130/><U48/><E80/><V30/><F129/><W72/><G72/><T105/><D105/><U95/><E95/><V42/><F65/><W44/><G116/><T119/><D119/><U97/><E97/><V15/><F42/><W70/><G70/><T93/><D23/><U92/><E92/><V51/><F126/><W59/><G31/><T73/><D56/><U77/><E77/><N who="2" m="46447" /><F51/><W14/><G2/><N who="0" m="55" /><D73/><U40/><E38/><V110/><F110/><W62/><G98/><N who="0" m="57655" /><D79/><U22/><E35/><V34/><F32/><W81/><G44/><T99/><D99/><U18/><E27/><N who="2" m="16751" /><F34/><W88/><G115/><T108/><D108/><U52/><E54/><AGARI ba="0,0" hai="9,14,19,53,54,58,59,61,62,81,85,88,112,113" machi="54" ten="30,7700,0" yaku="7,1,9,1,52,1,54,1" doraHai="7" who="3" fromWho="1" sc="250,0,289,-77,211,0,250,77" /><AGARI ba="0,0" hai="45,50,54,76,78" m="57655,55,51785" machi="54" ten="30,2000,0" yaku="20,1,52,1" doraHai="7" who="0" fromWho="1" sc="250,20,212,-20,211,0,327,0" /><INIT seed="2,0,0,5,2,82" ten="270,192,211,327" oya="2" hai0="94,44,64,53,75,77,45,65,61,70,29,103,4" hai1="84,91,133,122,88,110,93,104,78,37,48,90,69" hai2="66,119,32,99,21,60,14,31,24,57,54,120,26" hai3="30,36,8,109,105,46,96,67,114,76,23,18,92"/><V34/><F119/><W111/><G105/><T81/><D64/><U112/><E69/><V58/><F120/><W71/><G114/><T74/><D74/><U52/><E37/><V126/><F32/><W63/><G30/><T17/><D4/><U22/><E110/><N who="3" m="41994" /><G8/><T80/><D80/><U7/><E112/><V128/><F128/><W79/><G46/><T56/><D29/><U124/><E124/><V118/><F118/><W2/><G36/><T121/><D121/><U113/><E113/><V59/><F126/><W20/><G2/><T125/><D125/><U38/><E38/><V3/><F3/><W55/><G55/><T97/><D17/><U129/><E129/><V19/><F26/><N who="3" m="14615" /><G23/><T116/><D116/><U86/><E104/><V100/><REACH who="2" step="1"/><F66/><REACH who="2" ten="270,192,201,327" step="2"/><W42/><G42/><T5/><D5/><U89/><E122/><V15/><F15/><W25/><G25/><T35/><D35/><U62/><E7/><V95/><AGARI ba="0,1" hai="14,19,21,24,31,34,54,57,58,59,60,95,99,100" machi="95" ten="20,7800,0" yaku="1,1,0,1,7,1,53,1" doraHai="82" doraHaiUra="13" who="2" fromWho="2" sc="270,-26,192,-26,201,88,327,-26" /><INIT seed="2,1,0,2,5,6" ten="244,166,289,301" oya="2" hai0="37,75,70,42,0,71,35,2,82,1,7,65,87" hai1="125,100,78,118,95,15,130,132,29,13,47,39,76" hai2="115,12,103,48,112,44,63,96,62,80,33,89,79" hai3="56,34,16,97,126,58,81,18,94,51,123,124,92"/><V11/><F33/><W117/><G34/><T67/><D35/><U128/><E118/><V49/><F112/><W90/><G123/><T38/><D7/><U52/><E125/><N who="3" m="48234" /><G117/><T61/><D42/><U110/><E132/><V107/><F115/><W36/><G36/><T45/><D45/><U5/><E110/><V129/><F129/><N who="1" m="49769" /><E29/><V28/><F28/><W134/><G134/><T69/><D75/><U73/><E73/><V26/><F26/><W83/><G94/><T20/><D20/><U10/><E15/><V22/><F22/><W31/><G31/><T74/><D74/><U64/><E64/><V114/><F114/><W104/><G104/><T121/><D121/><U54/><E39/><V77/><F77/><N who="1" m="29801" /><E47/><V43/><F49/><W108/><G108/><T17/><D17/><N who="3" m="6761" /><G51/><T105/><D105/><U111/><E111/><V88/><F62/><W127/><G127/><T68/><REACH who="0" step="1"/><D67/><REACH who="0" ten="234,166,289,301" step="2"/><U93/><E100/><V119/><F119/><W24/><G24/><T19/><D19/><U122/><E122/><V55/><F43/><W40/><G40/><T116/><D116/><U21/><E21/><V91/><F89/><AGARI ba="1,1" hai="0,1,2,37,38,61,65,68,69,70,71,82,87,89" machi="89" ten="50,3200,0" yaku="1,1,53,1" doraHai="6" doraHaiUra="84" who="0" fromWho="2" sc="234,45,166,0,289,-35,301,0" /><INIT seed="3,0,0,4,5,129" ten="279,166,254,301" oya="3" hai0="42,45,121,111,48,118,133,26,12,123,73,21,0" hai1="61,132,82,5,60,97,8,107,14,112,31,131,9" hai2="51,100,4,74,71,65,135,13,99,56,96,34,94" hai3="110,98,117,128,124,122,84,92,40,79,70,72,81"/><W35/><G70/><T106/><D0/><U76/><E131/><V36/><F36/><W68/><G68/><T22/><D106/><U50/><E112/><V6/><F74/><W53/><G35/><T89/><D73/><U77/><E31/><V125/><F34/><W86/><G53/><T83/><D118/><U80/><E50/><V32/><F32/><W90/><G40/><T109/><D12/><U20/><E20/><V116/><F116/><W23/><G23/><T91/><D22/><U17/><E107/><V2/><F125/><W28/><G28/><N who="0" m="17487" /><D133/><U49/><E132/><V130/><F130/><W19/><G19/><T10/><D10/><U44/><E97/><V27/><F71/><W105/><G128/><T134/><D134/><U47/><E49/><V57/><F27/><W119/><G124/><T78/><D78/><U15/><REACH who="1" step="1"/><E17/><REACH who="1" ten="279,156,254,301" step="2"/><V52/><F135/><W75/><G122/><T101/><D123/><U43/><E43/><V120/><F99/><W41/><G41/><T33/><D33/><U54/><E54/><V25/><F120/><W18/><G18/><T85/><D121/><U126/><E126/><V93/><F25/><W3/><G110/><T113/><D113/><U1/><E1/><V95/><F2/><W67/><G67/><T103/><D111/><U114/><E114/><V30/><F30/><W59/><G3/><T37/><D109/><U88/><E88/><V55/><F65/><W16/><G16/><T7/><D91/><U115/><E115/><V102/><F96/><N who="3" m="57367" /><G119/><T39/><D7/><AGARI ba="0,1" hai="5,7,8,9,14,15,44,47,60,61,76,77,80,82" machi="7" ten="25,6400,0" yaku="1,1,22,2,8,1,53,0" doraHai="129" doraHaiUra="62" who="1" fromWho="0" sc="279,-64,156,74,254,0,301,0" /><INIT seed="4,0,0,5,4,52" ten="215,230,254,301" oya="0" hai0="99,46,91,98,33,100,114,92,44,104,40,122,107" hai1="128,103,133,34,66,79,13,39,68,28,22,131,41" hai2="113,87,24,26,89,48,82,61,55,60,84,126,102" hai3="65,120,97,77,90,18,6,63,50,4,110,12,1"/><T76/><D122/><U132/><E103/><V101/><F126/><W117/><G110/><T54/><D33/><U125/><E79/><V80/><F113/><W15/><G117/><T105/><D114/><U109/><E109/><V93/><F48/><W0/><G120/><T17/><D76/><U58/><E68/><V32/><F32/><W57/><G77/><T35/><D35/><U135/><E34/><V71/><F71/><W73/><G73/><T111/><D111/><U38/><E41/><V2/><F93/><N who="3" m="56503" /><G1/><T134/><D134/><U3/><E3/><V42/><F2/><W11/><G0/><T95/><D40/><U20/><E13/><V96/><F55/><N who="3" m="31991" /><G12/><T121/><D121/><U67/><E28/><V86/><F42/><W25/><G25/><N who="2" m="9833" /><F96/><W88/><G88/><T75/><D75/><U130/><E125/><V116/><F116/><W59/><AGARI ba="0,0" hai="4,6,11,15,18,59,63,65" m="31991,56503" machi="59" ten="30,4000,0" yaku="8,1,52,2" doraHai="52" who="3" fromWho="3" sc="215,-20,230,-10,254,-10,301,40" /><INIT seed="5,0,0,3,1,33" ten="195,220,244,341" oya="1" hai0="92,1,0,2,110,125,14,66,95,46,50,114,71" hai1="8,81,79,25,5,45,49,16,36,68,97,70,61" hai2="99,93,123,107,128,58,84,23,98,88,60,11,76" hai3="28,65,117,7,52,100,27,77,108,102,43,74,82"/><U113/><E36/><V83/><F123/><W12/><G108/><T15/><D110/><U90/><E113/><V122/><F122/><W34/><G117/><T112/><D125/><U44/><E61/><V109/><F109/><W64/><G43/><T127/><D127/><U40/><E45/><V20/><F11/><W9/><REACH who="3" step="1"/><G52/><REACH who="3" ten="195,220,244,331" step="2"/><N who="0" m="29783" /><D66/><AGARI ba="0,1" hai="7,9,12,27,28,34,64,65,66,74,77,82,100,102" machi="66" ten="40,1300,0" yaku="1,1,53,0" doraHai="33" doraHaiUra="59" who="3" fromWho="0" sc="195,-13,220,0,244,0,331,23" /><INIT seed="6,0,0,2,4,45" ten="182,220,244,354" oya="2" hai0="82,111,91,101,115,63,105,29,39,24,26,99,69" hai1="75,36,118,123,98,62,3,40,80,58,97,125,121" hai2="135,114,93,68,89,100,5,84,108,59,8,32,38" hai3="49,85,2,0,126,21,90,12,78,113,19,83,20"/><V37/><F32/><W28/><G126/><T18/><D111/><U11/><E125/><V13/><F68/><W60/><G113/><T17/><D115/><U96/><E118/><V112/><F114/><W86/><G60/><T122/><D39/><U14/><E3/><V6/><F112/><W107/><G107/><T95/><D122/><N who="1" m="46603" /><E36/><V47/><F108/><W73/><G73/><T128/><D128/><U71/><E40/><V25/><F135/><W52/><G21/><T81/><D26/><U106/><E71/><V46/><F100/><W7/><G7/><T48/><D48/><U88/><E106/><V109/><F109/><W110/><G28/><T67/><D82/><U56/><E62/><V64/><F37/><W103/><G103/><T119/><D81/><U54/><E54/><V16/><F38/><W131/><G131/><T53/><D53/><U74/><E74/><V65/><F6/><W130/><G130/><T94/><D94/><U31/><E31/><V15/><F25/><W9/><G9/><T27/><D27/><U72/><E72/><V41/><F59/><N who="3" m="33167" /><G110/><T129/><D129/><U117/><E117/><V34/><F34/><W77/><G77/><T33/><D119/><U23/><E23/><N who="2" m="11663" /><F41/><W1/><G1/><T50/><REACH who="0" step="1"/><D50/><REACH who="0" ten="172,220,244,354" step="2"/><U42/><E75/><V4/><F4/><W55/><G55/><T133/><D133/><U116/><E116/><V35/><F35/><W10/><G0/><T51/><D51/><U57/><E42/><V44/><AGARI ba="0,1" hai="5,8,15,44,46,47,64,65,84,89,93" m="11663" machi="44" ten="30,3000,0" yaku="8,1,54,1" doraHai="45" who="2" fromWho="2" sc="172,-10,220,-10,244,40,354,-10" /><INIT seed="6,1,0,0,1,9" ten="162,210,284,344" oya="2" hai0="107,104,75,67,30,1,69,85,76,61,129,20,80" hai1="120,99,108,53,56,109,60,72,39,31,23,58,77" hai2="128,65,78,17,121,112,62,18,36,4,123,48,22" hai3="122,41,51,134,35,125,42,79,70,7,6,21,84"/><V133/><F112/><W92/><G70/><T28/><D129/><U24/><E39/><V116/><F116/><W71/><G71/><T100/><D1/><U11/><E120/><V113/><F36/><W95/><G35/><T3/><D3/><U88/><E58/><V64/><F113/><W59/><G134/><T50/><D75/><U66/><E66/><V106/><F106/><W45/><G125/><T33/><D33/><U114/><E114/><V2/><F133/><W29/><G42/><T54/><D100/><U63/><E63/><V131/><F78/><W110/><G110/><T25/><REACH who="0" step="1"/><D30/><REACH who="0" ten="152,210,284,344" step="2"/><U96/><E72/><V130/><F123/><W117/><G122/><T97/><D97/><U101/><E99/><V40/><F121/><W118/><G118/><T90/><D90/><U0/><E88/><V16/><F2/><W10/><G117/><T15/><D15/><U52/><E77/><V68/><F131/><W73/><G73/><T127/><D127/><U124/><E124/><V37/><F130/><W49/><G79/><T38/><D38/><U19/><E0/><V111/><F37/><W47/><G84/><T81/><D81/><U43/><E96/><V103/><F103/><W5/><G29/><T98/><D98/><U87/><E101/><V132/><F132/><W126/><G126/><T119/><D119/><U46/><E87/><V86/><F128/><W55/><G95/><T93/><D93/><U34/><E34/><V82/><F86/><W57/><G92/><T8/><D8/><U12/><E11/><V13/><F82/><W135/><G10/><RYUUKYOKU ba="1,1" sc="152,30,210,-10,284,-10,344,-10" hai0="20,25,28,50,54,61,67,69,76,80,85,104,107" /><INIT seed="7,2,1,0,4,85" ten="182,200,274,334" oya="3" hai0="19,100,51,16,131,70,105,25,6,41,112,73,9" hai1="115,135,110,77,91,113,8,56,47,39,48,88,63" hai2="125,107,18,28,21,37,59,61,27,49,78,106,132" hai3="101,104,117,103,67,45,76,128,71,0,93,84,52"/><W7/><G128/><T42/><D73/><U134/><E110/><V127/><F37/><W24/><G117/><T30/><D70/><U122/><E77/><V92/><F132/><N who="1" m="50729" /><E39/><V35/><F78/><W20/><G104/><T12/><D131/><U53/><E8/><V75/><F75/><W55/><G67/><T22/><D112/><N who="1" m="43083" /><E122/><V68/><F68/><W54/><G71/><T120/><D120/><U29/><E29/><V34/><F49/><W81/><G7/><T33/><D51/><U98/><E98/><V65/><F92/><W123/><G0/><N who="0" m="199" /><D19/><U64/><AGARI ba="2,1" hai="47,48,53,56,63,64,88,91" m="43083,50729" machi="64" ten="30,8000,1" yaku="20,1,15,1,52,2,54,1" doraHai="85" who="1" fromWho="1" sc="182,-22,200,96,274,-22,334,-42" /><INIT seed="8,0,0,3,4,61" ten="160,296,252,292" oya="0" hai0="1,20,118,133,111,63,135,62,18,110,53,27,48" hai1="66,82,77,55,10,33,76,37,127,2,129,102,78" hai2="12,68,70,15,115,8,85,103,75,87,128,7,112" hai3="38,130,52,11,100,30,6,40,64,43,90,41,56"/><T96/><D1/><U105/><E33/><V19/><F75/><W80/><G38/><T36/><D36/><U14/><E2/><V24/><F128/><W17/><G130/><T123/><D123/><U39/><E66/><V46/><F103/><W107/><G107/><T109/><D96/><U32/><E32/><V91/><F46/><W79/><G100/><T93/><D93/><U5/><E127/><V89/><F24/><W16/><G90/><T51/><D118/><U60/><E82/><V49/><F49/><W22/><G64/><T0/><D0/><U71/><E129/><V25/><F25/><N who="3" m="16695" /><G11/><T4/><D4/><U13/><E13/><V122/><F8/><W113/><G6/><T23/><D23/><U29/><E29/><V67/><F67/><W58/><G113/><T81/><D81/><U50/><E60/><N who="0" m="23081" /><D51/><U21/><E71/><V132/><F7/><W116/><G116/><T84/><D84/><U114/><E114/><V31/><F31/><W121/><G121/><T86/><D86/><U44/><E21/><V26/><F122/><W126/><G126/><T120/><D120/><U42/><E42/><V73/><F26/><W65/><G65/><T35/><D35/><U47/><E47/><AGARI ba="0,0" hai="18,20,27,47,48,53,109,110,111,133,135" m="23081" machi="47" ten="40,2000,0" yaku="10,1" doraHai="61" who="0" fromWho="1" sc="160,20,296,-20,252,0,292,0" /><INIT seed="8,1,0,0,0,39" ten="180,276,252,292" oya="0" hai0="27,47,55,32,66,20,86,46,69,41,133,0,112" hai1="119,54,62,93,71,57,99,104,78,25,85,72,23" hai2="18,45,15,26,52,40,33,43,9,111,65,116,95" hai3="90,60,53,129,1,100,12,131,68,42,34,82,73"/><T63/><D32/><U17/><E119/><V125/><F111/><W123/><G1/><T103/><D112/><U84/><E71/><V29/><F125/><W35/><G100/><T127/><D127/><U11/><E104/><V30/><F116/><W113/><G113/><T130/><D0/><U4/><E78/><V135/><F135/><W79/><G123/><T87/><D133/><U117/><E72/><V8/><F65/><W121/><G121/><T5/><D5/><U94/><E94/><V118/><F118/><W6/><G42/><N who="2" m="15913" /><F33/><W88/><G35/><T76/><D130/><N who="3" m="49673" /><G34/><T44/><D103/><U67/><E67/><V81/><F81/><W108/><G108/><T124/><D124/><U38/><E38/><V16/><F26/><W115/><G115/><T101/><D101/><U128/><E128/><V31/><F95/><W14/><G68/><T120/><D120/><U37/><E37/><V64/><F64/><W83/><G82/><T105/><D105/><U80/><E80/><V28/><F9/><N who="3" m="4151" /><G14/><T49/><D76/><U7/><E7/><N who="2" m="3487" /><F28/><W13/><G13/><T3/><D3/><U48/><E117/><V91/><F91/><W50/><G60/><T98/><D98/><U58/><E4/><V59/><F45/><AGARI ba="1,0" hai="45,50,53,73,79,83,88,90" m="4151,49673" machi="45" ten="30,2000,0" yaku="19,1,54,1" doraHai="39" who="3" fromWho="2" sc="180,0,276,0,252,-23,292,23" owari="180,-32.0,276,8.0,229,-17.0,315,41.0" /></mjloggm>