<mjloggm ver="2.3"><GO type="169" lobby="0"/><UN n0="%E5%B0%B1%E6%B4%BB%E7%94%9F%40%E5%B7%9D%E6%9D%91%E8%BB%8D%E5%9B%A3" n1="%4D%4A%E3%81%AE%E6%9C%80%E9%AB%98%E5%B3%B0" n2="%E6%A4%8D%E9%87%8E" n3="%54%43%54" dan="17,17,18,16" rate="2186.51,2148.75,2228.05,2085.56" sx="M,M,M,M"/><TAIKYOKU oya="0"/><INIT seed="0,0,0,0,2,78" ten="250,250,250,250" oya="0" hai0="42,43,121,34,14,102,104,83,21,37,40,94,33" hai1="20,19,57,74,123,51,85,111,115,87,126,28,95" hai2="106,99,3,58,127,113,91,118,47,122,30,93,35" hai3="96,56,130,98,50,80,82,67,77,133,15,16,18"/><T38/><D104/><U60/><E74/><V88/><F113/><W9/><G133/><T103/><D121/><U73/><E73/><V5/><F122/><W66/><G130/><T119/><D119/><U59/><E126/><V84/><F127/><W109/><G109/><T69/><D69/><U110/><E28/><V79/><F118/><W92/><G77/><T63/><D63/><U23/><E51/><V55/><F79/><W46/><G18/><T101/><D94/><U17/><E95/><V22/><F47/><W105/><G105/><T97/><D97/><N who="3" m="37481" /><G92/><T125/><D125/><U11/><E11/><V68/><F35/><W135/><G135/><T131/><D131/><U29/><E29/><V76/><F76/><W13/><G13/><T45/><D83/><N who="3" m="31785" /><G56/><T1/><D1/><U4/><E123/><V52/><F58/><W129/><G129/><T90/><D90/><U7/><E60/><V120/><F91/><W53/><AGARI ba="0,0" hai="9,15,16,46,50,53,66,67" m="31785,37481" machi="53" ten="30,8000,1" yaku="8,1,52,3,54,1" doraHai="78" who="3" fromWho="3" sc="250,-40,250,-20,250,-20,250,80" /><INIT seed="1,0,0,0,2,0" ten="210,230,230,330" oya="1" hai0="52,8,11,2,115,20,101,28,41,65,51,5,114" hai1="38,84,13,17,69,47,55,33,56,53,45,91,23" hai2="48,104,76,78,129,71,37,116,66,113,49,27,77" hai3="87,73,57,62,96,31,75,32,133,6,35,112,12"/><U50/><E69/><V10/><F116/><W29/><G112/><T34/><D34/><U135/><E33/><V98/><F37/><W95/><G133/><T126/><D126/><U30/><E135/><V74/><F74/><W131/><G131/><T81/><D41/><U39/><E30/><V16/><F129/><W43/><G43/><T132/><D132/><U122/><E122/><V93/><F104/><W1/><G1/><T18/><D65/><U42/><E55/><V24/><F113/><W25/><G87/><T4/><D101/><U119/><E119/><V123/><F123/><W70/><G70/><T118/><D28/><U124/><E124/><V103/><F66/><W63/><G63/><T90/><D118/><U44/><REACH who="1" step="1"/><E39/><REACH who="1" ten="210,220,230,330" step="2"/><V36/><F36/><W89/><G31/><T9/><D115/><U121/><E121/><V67/><F71/><W111/><G32/><T40/><D114/><U14/><E14/><N who="2" m="7255" /><F67/><W64/><G111/><T15/><D40/><U59/><E59/><V80/><F80/><AGARI ba="0,1" hai="13,17,23,38,42,44,45,47,50,53,56,80,84,91" machi="80" ten="30,2900,0" yaku="1,1,7,1,53,0" doraHai="0" doraHaiUra="105" who="1" fromWho="2" sc="210,0,220,39,230,-29,330,0" /><INIT seed="1,1,0,3,1,96" ten="210,259,201,330" oya="1" hai0="11,45,76,114,29,55,87,47,120,3,75,28,123" hai1="119,8,73,126,10,21,66,41,46,48,89,56,105" hai2="83,135,38,13,17,26,31,128,20,116,104,60,103" hai3="72,14,25,30,68,70,79,106,102,36,37,110,4"/><U50/><E73/><V95/><F38/><N who="3" m="14955" /><G14/><T12/><D75/><U22/><E119/><V23/><F116/><W78/><G78/><T1/><D114/><U92/><E105/><V130/><F135/><W35/><G4/><T91/><D76/><U98/><E126/><V49/><F104/><W118/><G118/><T121/><D29/><U124/><E124/><V19/><F83/><N who="3" m="45543" /><G110/><T108/><D28/><U43/><E66/><V33/><F49/><W97/><AGARI ba="1,0" hai="25,30,35,68,70,97,102,106" m="45543,14955" machi="97" ten="30,4000,0" yaku="33,2,52,1" doraHai="96" who="3" fromWho="3" sc="210,-11,259,-21,201,-11,330,43" /><INIT seed="2,0,0,3,0,78" ten="199,238,190,373" oya="2" hai0="125,102,120,37,44,122,112,29,71,99,62,10,28" hai1="6,58,24,33,133,80,48,126,83,124,87,89,75" hai2="77,67,85,61,32,50,42,20,117,45,52,5,76" hai3="34,40,1,9,121,13,88,108,118,100,36,132,127"/><V25/><F32/><W4/><G118/><T55/><D112/><U17/><E6/><V86/><F5/><W106/><G121/><T74/><D74/><U18/><E133/><V130/><F130/><W65/><G132/><T70/><D125/><N who="1" m="48235" /><E33/><V49/><F117/><W96/><G127/><T56/><D28/><U46/><E58/><N who="2" m="37303" /><F76/><W47/><G108/><T94/><D29/><U19/><E24/><V66/><F66/><W135/><G135/><T110/><D110/><U26/><E26/><V123/><F123/><W82/><G34/><T103/><D103/><U3/><E3/><V41/><F50/><W84/><REACH who="3" step="1"/><G65/><REACH who="3" ten="199,238,190,363" step="2"/><T53/><D120/><U111/><E111/><V39/><F39/><W2/><AGARI ba="0,1" hai="1,2,4,9,13,36,40,47,82,84,88,96,100,106" machi="2" ten="30,12000,2" yaku="1,1,2,1,0,1,52,1,54,1,53,2" doraHai="78" doraHaiUra="35" who="3" fromWho="3" sc="199,-30,238,-30,190,-60,363,130" /><INIT seed="3,0,0,3,0,120" ten="169,208,130,493" oya="3" hai0="28,5,17,55,87,31,106,108,123,15,7,122,131" hai1="91,33,13,79,124,96,22,82,98,115,21,19,101" hai2="90,12,93,85,127,95,54,78,63,77,14,47,80" hai3="58,109,32,24,92,111,49,102,81,125,3,36,69"/><W39/><G69/><T75/><D106/><U67/><E33/><V103/><F127/><W112/><G3/><T51/><D75/><U0/><E0/><V60/><F103/><W43/><G112/><T86/><D131/><U48/><E115/><V133/><F133/><W65/><G125/><T84/><D108/><N who="3" m="41545" /><G81/><T9/><D122/><U88/><E67/><V97/><F80/><W99/><G65/><T29/><REACH who="0" step="1"/><D123/><REACH who="0" ten="159,208,130,493" step="2"/><U1/><E124/><V89/><F95/><W25/><G32/><T74/><D74/><U62/><E82/><V104/><F104/><W134/><G134/><T83/><D83/><U56/><E79/><V57/><F78/><W30/><G43/><T64/><D64/><U41/><E41/><V4/><F77/><W76/><G76/><T72/><D72/><U66/><E66/><V130/><F130/><W27/><G30/><T105/><D105/><U16/><E101/><V45/><F93/><W94/><G92/><T52/><D52/><AGARI ba="0,1" hai="24,25,27,36,39,49,52,58,94,99,102" m="41545" machi="52" ten="30,18000,2" yaku="14,1,10,1,52,3,54,1" doraHai="120" who="3" fromWho="0" sc="159,-180,208,0,130,0,493,190" owari="-21,-52.0,208,1.0,130,-27.0,683,78.0" /></mjloggm>