<mjloggm ver="2.3"><GO type="169" lobby="0"/><UN n0="%E5%B0%B1%E6%B4%BB%E7%94%9F%40%E5%B7%9D%E6%9D%91%E8%BB%8D%E5%9B%A3" n1="%45%74%65%72%6E%61%6C%44" n2="%E3%82%82%E3%82%84%E3%81%97%E3%82%82%E3%82%93" n3="%E6%8E%A8%E7%A9%BA%EF%BC%B0" dan="17,16,16,16" rate="2226.82,2027.43,2141.40,2101.81" sx="M,M,F,F"/><TAIKYOKU oya="0"/><INIT seed="0,0,0,2,2,72" ten="250,250,250,250" oya="0" hai0="105,71,120,38,112,49,47,131,90,57,109,84,68" hai1="121,14,113,28,48,39,108,24,25,133,111,107,65" hai2="42,83,76,132,45,1,64,51,103,35,54,126,87" hai3="4,66,128,97,75,122,70,27,82,80,124,69,114"/><T26/><D105/><U36/><E121/><V127/><F132/><W135/><G114/><T41/><D120/><U46/><E133/><V129/><F129/><W60/><G135/><T31/><D112/><U16/><E107/><V50/><F35/><W101/><G128/><T88/><D131/><U99/><E99/><V85/><F1/><W44/><G124/><N who="2" m="47657" /><F103/><W20/><G122/><T21/><D109/><N who="1" m="42059" /><E65/><V79/><F64/><W98/><G70/><T37/><D90/><U2/><E2/><V78/><F83/><W117/><G117/><T77/><D77/><N who="2" m="19714" /><V53/><DORA hai="55" /><F53/><W62/><G80/><T134/><D134/><U74/><E74/><V93/><F93/><W100/><G75/><T7/><D7/><U118/><E118/><V63/><F63/><W8/><G62/><T73/><D73/><U9/><E113/><V91/><F91/><W94/><G82/><T6/><D6/><U19/><E19/><V119/><F119/><W17/><G100/><T10/><D71/><U125/><E125/><V110/><F110/><W58/><G69/><T3/><D68/><U89/><E89/><V59/><AGARI ba="0,0" hai="42,45,50,51,54,59,85,87" m="19714,47657" machi="59" ten="40,12000,2" yaku="18,1,52,5" doraHai="72,55" who="2" fromWho="2" sc="250,-60,250,-30,250,120,250,-30" /><INIT seed="1,0,0,5,4,131" ten="190,220,370,220" oya="1" hai0="93,36,80,41,28,11,85,87,82,91,37,73,42" hai1="109,128,38,95,53,113,62,88,63,64,79,121,124" hai2="39,29,96,26,17,59,71,105,78,46,75,31,101" hai3="50,72,23,61,52,104,6,30,47,98,127,25,54"/><U32/><E121/><V65/><F59/><W115/><G72/><T8/><D28/><U35/><E113/><V125/><F17/><W81/><G115/><T129/><D73/><U19/><E38/><V108/><F108/><W133/><G127/><T126/><D126/><U43/><E124/><V60/><F125/><W44/><G81/><T90/><REACH who="0" step="1"/><D93/><REACH who="0" ten="180,220,370,220" step="2"/><U12/><E109/><V77/><F31/><W106/><G30/><T2/><D2/><U97/><E128/><AGARI ba="0,1" hai="8,11,36,37,41,42,80,82,85,87,90,91,128,129" machi="128" ten="25,3200,0" yaku="1,1,22,2,53,0" doraHai="131" doraHaiUra="51" who="0" fromWho="1" sc="180,42,220,-32,370,0,220,0" /><INIT seed="2,0,0,5,0,69" ten="222,188,370,220" oya="2" hai0="40,76,18,130,104,103,118,96,24,85,134,19,1" hai1="8,67,31,84,99,62,78,120,117,52,10,83,87" hai2="89,13,38,108,53,4,25,100,55,105,41,11,35" hai3="94,29,44,80,36,126,90,98,81,3,56,34,122"/><V77/><F77/><W48/><G122/><T22/><D1/><U58/><E117/><V27/><F105/><W26/><G3/><T73/><D118/><U110/><E110/><V15/><F100/><W82/><G126/><T102/><D130/><U30/><E120/><V112/><F112/><W23/><G34/><T97/><D134/><U114/><E114/><V7/><F89/><W86/><G56/><T57/><D73/><U51/><E99/><V115/><F115/><W135/><G135/><T119/><D119/><U95/><E31/><V43/><F11/><W6/><G36/><T49/><D76/><U93/><E30/><V131/><F35/><W92/><G6/><T125/><D125/><U124/><E124/><V14/><F15/><W133/><G133/><T59/><D85/><U33/><E33/><V54/><F53/><W21/><G21/><T66/><D66/><U9/><REACH who="1" step="1"/><E84/><REACH who="1" ten="222,178,370,220" step="2"/><V16/><F108/><W116/><G116/><T127/><D127/><U74/><E74/><V17/><REACH who="2" step="1"/><F131/><REACH who="2" ten="222,178,360,220" step="2"/><W107/><G107/><T5/><D104/><U64/><E64/><V70/><F70/><AGARI ba="0,2" hai="8,9,10,51,52,58,62,67,70,78,83,87,93,95" machi="70" ten="40,2600,0" yaku="1,1,54,1,53,0" doraHai="69" doraHaiUra="2" who="1" fromWho="2" sc="222,0,178,46,360,-26,220,0" /><INIT seed="3,0,0,2,3,102" ten="222,224,334,220" oya="3" hai0="127,125,132,62,6,104,129,74,112,133,118,85,44" hai1="26,101,11,134,106,72,61,30,77,0,86,41,9" hai2="64,27,65,68,49,119,10,2,56,124,94,75,78" hai3="24,92,90,113,84,111,4,79,33,98,35,109,12"/><W128/><G113/><T25/><D74/><U34/><E72/><V55/><F119/><W116/><G116/><T39/><D118/><U29/><E134/><N who="0" m="51817" /><D6/><U28/><E41/><V76/><F124/><N who="0" m="47690" /><D112/><U96/><E30/><V31/><F94/><W63/><G63/><T14/><D14/><U80/><E0/><V73/><F10/><N who="3" m="4167" /><G24/><T91/><D25/><U54/><E29/><V8/><F8/><W19/><G19/><T50/><D62/><U45/><E45/><V48/><F27/><W15/><G15/><T21/><D21/><U13/><E13/><V82/><F2/><W99/><G33/><T47/><D39/><U5/><E5/><V58/><F31/><W22/><G35/><T87/><D87/><U83/><E83/><V69/><F82/><N who="3" m="47199" /><G22/><T17/><D47/><U131/><E11/><V37/><F37/><W3/><G3/><T100/><D17/><U52/><E9/><V43/><F73/><W120/><G99/><N who="0" m="61471" /><D50/><U110/><E61/><V1/><F75/><W114/><G114/><T38/><D44/><U66/><E26/><V88/><F1/><W115/><G115/><T122/><D38/><U59/><E34/><V16/><F16/><W121/><G90/><T7/><D7/><U103/><E28/><V105/><F88/><W46/><G46/><T57/><D57/><U123/><E59/><V70/><F58/><W130/><G92/><N who="0" m="54383" /><D122/><N who="3" m="47209" /><G98/><T93/><D93/><U53/><E123/><V108/><F49/><W51/><G51/><T117/><D117/><U107/><E86/><V42/><F48/><W20/><G20/><T67/><D67/><RYUUKYOKU ba="0,0" sc="222,15,224,-15,334,-15,220,15" hai0="129" hai3="109,111,128,130" /><INIT seed="3,1,0,1,2,34" ten="237,209,319,235" oya="3" hai0="52,43,76,70,41,68,97,121,23,103,11,63,109" hai1="27,14,0,71,127,62,86,99,10,102,32,88,93" hai2="74,26,35,105,122,104,110,5,84,6,59,13,24" hai3="116,36,54,113,128,9,135,75,40,46,25,87,8"/><W132/><G75/><T72/><D121/><U77/><E127/><V115/><F110/><W123/><G123/><T111/><D23/><U67/><E77/><V57/><F122/><W90/><G116/><T131/><D76/><U82/><E0/><V106/><F74/><W133/><G113/><T20/><D20/><U21/><E32/><V51/><F115/><W33/><G54/><T98/><D72/><U117/><E117/><V61/><F35/><W130/><G25/><N who="2" m="9833" /><F84/><W4/><G33/><T79/><D79/><U112/><E112/><V60/><F13/><N who="3" m="5255" /><G9/><T1/><D131/><U78/><E78/><V38/><F51/><W73/><G73/><T94/><D98/><U19/><E10/><V92/><F38/><W37/><G37/><T66/><D70/><U22/><E22/><V95/><F5/><W108/><G108/><N who="0" m="41547" /><D52/><U47/><E47/><V15/><F6/><AGARI ba="1,0" hai="1,6,11,41,43,63,66,68,94,97,103" m="41547" machi="6" ten="30,2000,0" yaku="14,1,52,1" doraHai="34" who="0" fromWho="2" sc="237,23,209,0,319,-23,235,0" /><INIT seed="4,0,0,1,3,88" ten="260,209,296,235" oya="0" hai0="119,37,8,43,81,53,40,87,103,25,68,12,4" hai1="100,77,51,76,49,20,65,95,61,82,38,9,69" hai2="110,26,121,33,105,101,63,117,118,62,19,83,70" hai3="64,58,55,23,133,29,126,13,120,97,34,60,73"/><T131/><D119/><N who="2" m="45578" /><F110/><W86/><G73/><T18/><D131/><U44/><E38/><V122/><F83/><W14/><G34/><T90/><D68/><U46/><E9/><V41/><F41/><W59/><G133/><T27/><D37/><U22/><E77/><V127/><F127/><W99/><G126/><T42/><D103/><U71/><E71/><V124/><F124/><W15/><G120/><N who="2" m="46185" /><F70/><W84/><G29/><T47/><REACH who="0" step="1"/><D4/><REACH who="0" ten="250,209,296,235" step="2"/><U104/><E69/><V94/><F101/><W67/><G23/><T107/><D107/><U78/><E20/><V17/><F105/><W24/><G24/><T72/><D72/><U112/><E104/><V45/><F26/><W1/><G1/><T134/><D134/><U114/><E22/><V93/><F33/><W116/><G116/><T10/><D10/><U98/><E100/><V123/><F123/><W57/><G60/><N who="2" m="23081" /><F45/><W113/><G14/><T7/><D7/><U30/><E61/><V129/><F129/><W106/><G13/><T0/><D0/><U75/><E46/><V111/><F111/><W35/><G15/><T48/><AGARI ba="0,1" hai="8,12,18,25,27,40,42,43,47,48,53,81,87,90" machi="48" ten="30,12000,1" yaku="1,1,0,1,25,2,8,1,53,0" doraHai="88" doraHaiUra="135" who="0" fromWho="0" sc="250,130,209,-40,296,-40,235,-40" /><INIT seed="4,1,0,1,1,58" ten="380,169,256,195" oya="0" hai0="76,77,10,135,131,57,132,0,82,27,89,31,69" hai1="32,35,71,74,88,75,122,33,84,83,110,70,5" hai2="55,39,90,44,19,121,45,97,72,86,41,28,95" hai3="3,7,78,127,21,26,53,66,128,18,6,92,111"/><T11/><D69/><U81/><E110/><V102/><F121/><W67/><G111/><T115/><D115/><U116/><E116/><V98/><F72/><W99/><G128/><T106/><D106/><U62/><E122/><V61/><F28/><W20/><G127/><T30/><D131/><U8/><E71/><V52/><F19/><W34/><G34/><T50/><D89/><U56/><E81/><V47/><F97/><W133/><G133/><T87/><D76/><U124/><E70/><V134/><F134/><W103/><G78/><T37/><D37/><U63/><E124/><V91/><F90/><W14/><G3/><T2/><D2/><U23/><E23/><V108/><F108/><W42/><G42/><T94/><D94/><U40/><E40/><V54/><REACH who="2" step="1"/><F61/><REACH who="2" ten="380,169,246,195" step="2"/><W117/><G117/><T48/><D48/><U118/><E63/><V100/><F100/><W80/><G6/><T22/><D31/><U107/><E118/><V1/><F1/><W12/><G7/><T38/><D38/><U68/><E107/><AGARI ba="1,1" hai="39,41,44,45,47,52,54,55,86,91,95,98,102,107" machi="107" ten="40,2600,0" yaku="1,1,54,1,53,0" doraHai="58" doraHaiUra="65" who="2" fromWho="1" sc="380,0,169,-29,246,39,195,0" /><INIT seed="5,0,0,5,3,58" ten="380,140,285,195" oya="1" hai0="107,37,25,45,24,133,105,56,87,91,94,41,125" hai1="109,8,95,17,115,65,77,100,50,10,78,123,130" hai2="90,44,89,122,112,46,64,98,74,66,2,9,32" hai3="97,19,110,61,39,124,30,27,48,72,101,120,28"/><U57/><E123/><V75/><F32/><W63/><G39/><T88/><D125/><U23/><E115/><V106/><F9/><N who="1" m="3689" /><E130/><V15/><F15/><W35/><G110/><T114/><D114/><U20/><E109/><V34/><F112/><W40/><G120/><T0/><D0/><U68/><E68/><V81/><F122/><W60/><G72/><T116/><D116/><U26/><E23/><V62/><F81/><W31/><G124/><T33/><D133/><U135/><E135/><V47/><F34/><W111/><G111/><T5/><D5/><U85/><E85/><V92/><F106/><W67/><G19/><T134/><D134/><U22/><E22/><V131/><F2/><W11/><G11/><T118/><D118/><U13/><E13/><V18/><F18/><W103/><G67/><T80/><D56/><U119/><E119/><V117/><F117/><W1/><G1/><T42/><D42/><U4/><E4/><V52/><F131/><W108/><G108/><T6/><D6/><U102/><E50/><V53/><F74/><W121/><G121/><T14/><D14/><U70/><E70/><V3/><F75/><W7/><G7/><T69/><D69/><U29/><E17/><V132/><F3/><W16/><G16/><T51/><D37/><U54/><E65/><N who="2" m="25195" /><F132/><W43/><G48/><T83/><D83/><U76/><E95/><N who="2" m="56687" /><F62/><W38/><G38/><T96/><D33/><U127/><E127/><V59/><F59/><W71/><G71/><T84/><D84/><AGARI ba="0,0" hai="44,46,47,52,53,84,90,92" m="56687,25195" machi="84" ten="30,2000,0" yaku="8,1,54,1" doraHai="58" who="2" fromWho="0" sc="380,-20,140,0,285,20,195,0" /><INIT seed="6,0,0,1,0,40" ten="360,140,305,195" oya="2" hai0="89,36,48,101,3,9,98,129,91,2,54,24,110" hai1="66,92,30,83,28,128,131,57,115,67,122,79,87" hai2="49,88,13,5,124,38,20,31,126,135,56,46,85" hai3="125,108,102,117,19,26,55,93,100,1,94,51,99"/><V32/><F135/><W35/><G117/><T78/><D36/><U86/><E115/><V65/><F38/><W7/><G108/><T25/><D110/><U37/><E37/><V44/><F32/><W18/><G125/><N who="2" m="48233" /><F31/><N who="1" m="11817" /><E122/><V58/><F65/><W21/><G35/><T62/><D78/><U111/><E111/><V68/><F68/><W77/><G77/><T42/><D42/><U45/><E57/><N who="2" m="22123" /><F49/><W22/><G1/><T82/><D62/><U116/><E116/><V10/><F20/><W119/><G119/><T70/><D70/><U63/><E63/><V112/><F112/><W80/><G7/><T41/><D41/><U60/><E60/><V61/><F61/><W76/><G51/><T8/><D48/><U43/><E43/><V14/><F14/><W106/><G55/><T103/><D54/><U16/><E45/><V109/><F109/><W130/><G130/><T53/><D129/><U95/><E131/><V11/><F11/><W104/><G76/><T71/><D53/><U29/><E128/><V133/><F133/><W73/><G73/><T52/><D52/><U113/><N who="1" m="11825" /><U23/><DORA hai="105" /><E113/><V34/><F34/><W75/><G75/><T17/><D71/><U120/><E120/><V118/><F118/><W114/><G114/><T96/><D17/><U4/><E4/><V72/><F72/><W134/><G134/><T64/><D64/><N who="1" m="24619" /><E87/><V90/><F85/><W33/><G33/><T27/><D27/><AGARI ba="0,0" hai="16,23,27,79,83,86,92,95" m="24619,11825" machi="27" ten="30,2000,0" yaku="8,1,54,1" doraHai="40,105" who="1" fromWho="0" sc="360,-20,140,20,305,0,195,0" /><INIT seed="7,0,0,2,3,64" ten="340,160,305,195" oya="3" hai0="14,108,76,4,86,49,36,56,90,96,61,74,79" hai1="87,119,134,12,132,45,40,57,58,38,98,115,16" hai2="60,34,103,109,78,97,69,28,82,44,18,50,112" hai3="122,9,27,30,95,24,55,91,46,59,102,75,133"/><W83/><G122/><T113/><D36/><U93/><E115/><V53/><F112/><W120/><G120/><T101/><D108/><U2/><E2/><V0/><F109/><W29/><G133/><N who="1" m="51306" /><E87/><V72/><F0/><W111/><G111/><T52/><D113/><U48/><E38/><V128/><F128/><W67/><G75/><T32/><D32/><U70/><E119/><V5/><F5/><W19/><G102/><T107/><D74/><U110/><E110/><V51/><F50/><N who="3" m="29143" /><G83/><T106/><D106/><U21/><E70/><V116/><F116/><W23/><G9/><T6/><D61/><U73/><E73/><V22/><F34/><W123/><G123/><T54/><D54/><U17/><E17/><V68/><F60/><N who="3" m="38303" /><G27/><T43/><D43/><U20/><E20/><V88/><F28/><W117/><G117/><T118/><D118/><U77/><E77/><V135/><F135/><W7/><G7/><T41/><D41/><U126/><E126/><V114/><F114/><W10/><G10/><T15/><D6/><U13/><E13/><V66/><F66/><W39/><G39/><T131/><D131/><U26/><E12/><N who="2" m="9543" /><F103/><W80/><G80/><T130/><D130/><U63/><E63/><V89/><F89/><W31/><G19/><T84/><D15/><U65/><E65/><V105/><F88/><AGARI ba="0,0" hai="16,21,26,40,45,48,57,58,88,93,98" m="51306" machi="88" ten="30,3900,0" yaku="20,1,54,2" doraHai="64" who="1" fromWho="2" sc="340,0,160,39,305,-39,195,0" owari="340,43.0,199,-20.0,266,7.0,195,-30.0" /></mjloggm>