<mjloggm ver="2.3"><GO type="169" lobby="0"/><UN n0="%E8%A1%80%E7%85%99" n1="%E3%80%93%E3%81%84%E3%81%A1%E3%81%AF%E3%82%89%E3%80%93" n2="%E5%A4%A9%E6%9C%88%E7%B4%97%E7%9F%A2%E9%A6%99" n3="%E3%82%A6%E3%83%AB%E3%83%88%E3%83%A9%E7%AB%8B%E7%9B%B4" dan="16,17,16,17" rate="2080.13,2194.97,2113.53,2217.48" sx="M,M,M,M"/><TAIKYOKU oya="0"/><INIT seed="0,0,0,5,0,43" ten="250,250,250,250" oya="0" hai0="96,29,70,112,66,19,85,20,82,113,92,10,114" hai1="102,109,87,79,54,33,78,41,101,24,6,110,76" hai2="134,90,55,131,27,116,36,71,105,62,81,100,0" hai3="67,115,57,65,135,34,127,99,23,2,77,40,52"/><T104/><D104/><U17/><E6/><V94/><F0/><W63/><G34/><T120/><D120/><U56/><E41/><V126/><F116/><W37/><G2/><T128/><D128/><U95/><E33/><V118/><F118/><W58/><G77/><T88/><D10/><U89/><E109/><V68/><F131/><W72/><G72/><T3/><D3/><U45/><E110/><V11/><F36/><W91/><G115/><T4/><D4/><U107/><E107/><V84/><F126/><W25/><G127/><T130/><D130/><U73/><E73/><V12/><F134/><W59/><G135/><T5/><D5/><U35/><E45/><V64/><F105/><W124/><G124/><T13/><D29/><U15/><E24/><V26/><F68/><W50/><G37/><T51/><D51/><U122/><E35/><V47/><F100/><W93/><G40/><T60/><REACH who="0" step="1"/><D113/><REACH who="0" ten="240,250,250,250" step="2"/><U132/><E122/><V111/><F111/><W9/><G9/><T83/><D83/><U97/><E132/><V80/><F80/><W18/><REACH who="3" step="1"/><G67/><REACH who="3" ten="240,250,250,240" step="2"/><T74/><D74/><U14/><E17/><N who="2" m="8351" /><F94/><W86/><G86/><T98/><D98/><U121/><E121/><V28/><F28/><W22/><G22/><T133/><D133/><U31/><E31/><V8/><F8/><W125/><G125/><T108/><D108/><U117/><E117/><V75/><F75/><W61/><G61/><T44/><D44/><AGARI ba="0,2" hai="18,23,25,44,50,52,57,58,59,63,65,91,93,99" machi="44" ten="30,12000,2" yaku="1,1,7,1,8,1,52,1,54,1,53,1" doraHai="43" doraHaiUra="42" who="3" fromWho="0" sc="240,-120,250,0,250,0,240,140" /><INIT seed="1,0,0,1,0,101" ten="120,250,250,380" oya="1" hai0="23,118,77,6,85,63,32,19,125,80,68,1,36" hai1="33,21,8,88,127,69,38,79,132,89,78,7,100" hai2="109,131,123,106,116,82,134,102,62,73,124,64,46" hai3="25,59,9,58,93,41,17,111,128,49,117,110,96"/><U104/><E33/><V71/><RYUUKYOKU type="yao9" ba="0,0" sc="120,0,250,0,250,0,380,0" hai2="46,62,64,71,73,82,102,106,109,116,123,124,131,134" /><INIT seed="1,1,0,4,1,52" ten="120,250,250,380" oya="1" hai0="43,134,119,135,59,46,93,89,55,106,17,61,127" hai1="35,131,123,4,31,75,28,27,62,96,19,95,67" hai2="86,48,60,70,83,40,88,53,25,103,72,105,64" hai3="42,110,82,44,21,115,84,29,9,66,121,87,118"/><U30/><E123/><V71/><F72/><W24/><G115/><T104/><D119/><U117/><E75/><V78/><F40/><W114/><G114/><T11/><D127/><U74/><E74/><V47/><F25/><W56/><G121/><T10/><D11/><U128/><E117/><V20/><F20/><W98/><G110/><T77/><D77/><U2/><E19/><V37/><F37/><W112/><G112/><T12/><D134/><U32/><E4/><V101/><F71/><W113/><G113/><T3/><D3/><U107/><E2/><V63/><F63/><W33/><G33/><T102/><D102/><U124/><E124/><V38/><F38/><W8/><G98/><T97/><REACH who="0" step="1"/><D135/><REACH who="0" ten="110,250,250,380" step="2"/><U41/><E35/><V73/><REACH who="2" step="1"/><F105/><REACH who="2" ten="110,250,240,380" step="2"/><W16/><G118/><T50/><AGARI ba="1,2" hai="10,12,17,43,46,50,55,59,61,89,93,97,104,106" machi="50" ten="20,12000,2" yaku="1,1,2,1,0,1,7,1,52,1,53,1" doraHai="52" doraHaiUra="85" who="0" fromWho="0" sc="110,143,250,-61,240,-31,380,-31" /><INIT seed="2,0,0,0,3,111" ten="253,189,209,349" oya="2" hai0="59,22,39,133,110,132,107,51,108,65,31,127,5" hai1="55,56,85,36,14,117,21,123,76,81,131,45,120" hai2="26,18,11,24,6,70,112,91,19,77,34,50,9" hai3="17,69,114,13,44,116,87,109,125,3,38,58,37"/><V8/><F70/><W47/><G3/><T128/><D107/><U121/><E117/><V71/><F71/><W118/><G69/><T28/><D39/><U63/><E131/><V40/><F77/><W73/><G73/><T15/><D128/><U129/><E129/><V122/><F122/><W12/><G87/><T126/><D65/><U99/><E99/><V90/><F112/><W52/><G17/><N who="2" m="6153" /><F34/><W100/><G100/><T93/><D93/><U72/><E21/><V103/><F103/><W33/><G33/><T30/><D22/><U94/><E14/><V96/><F6/><W102/><G102/><T113/><D59/><U115/><E115/><V41/><F96/><W106/><G106/><T80/><D80/><U46/><E36/><V7/><F7/><W64/><G114/><T74/><D51/><U75/><E75/><V23/><F50/><W66/><G13/><T27/><D27/><N who="2" m="10282" /><F23/><W48/><G12/><T95/><D95/><U54/><E54/><V130/><F130/><W25/><G25/><T88/><D88/><AGARI ba="0,0" hai="45,46,55,56,63,72,76,81,85,88,94,120,121,123" machi="88" ten="40,2600,0" yaku="13,1,54,1" doraHai="111" who="1" fromWho="0" sc="253,-26,189,26,209,0,349,0" /><AGARI ba="0,0" hai="8,9,11,40,41,88,90,91" m="10282,6153" machi="88" ten="30,11600,0" yaku="28,2,8,1,54,1" doraHai="111" who="2" fromWho="0" sc="227,-116,215,0,209,116,349,0" /><INIT seed="2,1,0,0,0,105" ten="111,215,325,349" oya="2" hai0="113,114,101,48,117,93,46,92,79,75,33,31,94" hai1="7,6,76,5,95,47,21,134,30,25,98,106,91" hai2="81,108,132,43,82,0,1,19,103,130,58,32,38" hai3="56,55,27,100,73,63,45,60,18,20,8,74,41"/><V35/><F132/><W118/><G118/><T89/><D33/><U17/><E134/><V39/><F103/><W99/><G63/><T131/><D31/><U15/><E106/><V78/><F130/><W61/><G61/><T80/><D48/><U9/><E76/><V83/><F78/><W64/><G64/><T116/><D46/><U87/><E47/><V121/><F121/><W14/><G99/><N who="0" m="59639" /><D131/><U66/><E98/><V10/><F58/><W11/><G100/><T109/><D109/><U123/><E123/><V4/><F108/><W127/><G127/><T3/><D3/><N who="2" m="1098" /><F19/><W112/><G112/><N who="0" m="43115" /><D89/><U52/><E66/><V90/><F90/><W84/><G11/><T85/><D85/><U37/><E37/><N who="2" m="13835" /><F43/><W65/><G84/><T22/><D22/><U126/><E126/><V107/><F107/><W133/><G133/><T119/><AGARI ba="1,0" hai="75,79,80,92,93,116,117,119" m="43115,59639" machi="119" ten="40,8000,1" yaku="12,1,34,2,52,1" doraHai="105" who="0" fromWho="0" sc="111,83,215,-21,325,-41,349,-21" /><INIT seed="3,0,0,1,0,34" ten="194,194,284,328" oya="3" hai0="48,116,76,39,16,26,37,128,96,95,109,45,108" hai1="126,7,58,97,84,21,13,36,49,107,65,25,134" hai2="68,72,66,24,106,47,52,1,44,18,35,11,61" hai3="12,120,112,105,38,23,87,82,2,88,90,102,121"/><W20/><G38/><T93/><D116/><U129/><E36/><V94/><F72/><W70/><G70/><T115/><D76/><U4/><E134/><V124/><F124/><W101/><G12/><T111/><D115/><U43/><E126/><V9/><F106/><W71/><G71/><T100/><D95/><U67/><E129/><V123/><F123/><W63/><G63/><T33/><D128/><U8/><E7/><V27/><F27/><W89/><G2/><T104/><D104/><U98/><E84/><V132/><F132/><W41/><G41/><T103/><D100/><N who="3" m="38505" /><G23/><N who="0" m="13671" /><D33/><U31/><E107/><V110/><F110/><W77/><G20/><T80/><D80/><U51/><E67/><V81/><F81/><W50/><G50/><T130/><D130/><U55/><REACH who="1" step="1"/><E65/><REACH who="1" ten="194,184,284,328" step="2"/><V42/><F66/><W5/><G5/><T46/><D46/><AGARI ba="0,1" hai="4,8,13,21,25,31,43,46,49,51,55,58,97,98" machi="46" ten="40,5200,0" yaku="1,1,2,1,8,1,53,0" doraHai="34" doraHaiUra="99" who="1" fromWho="0" sc="194,-52,184,62,284,0,328,0" /><INIT seed="4,0,0,3,5,32" ten="142,246,284,328" oya="0" hai0="83,123,45,88,54,126,50,1,2,82,87,133,113" hai1="66,20,21,52,70,11,29,12,101,114,73,91,27" hai2="33,65,80,35,122,19,109,67,116,121,58,120,106" hai3="128,38,85,43,127,72,81,102,131,62,7,13,95"/><T125/><D133/><U112/><E73/><V25/><F109/><W97/><G72/><T135/><D135/><U119/><E101/><V110/><F110/><W51/><G38/><T74/><D123/><U71/><E119/><V14/><F106/><W17/><G62/><T60/><D113/><N who="1" m="43627" /><E66/><V55/><F116/><W41/><G7/><T96/><D96/><U86/><E21/><V42/><F42/><W24/><G24/><T5/><D5/><N who="1" m="3183" /><E52/><V6/><F6/><W78/><G127/><N who="0" m="48651" /><D60/><U103/><E103/><V105/><F105/><W0/><G51/><T132/><D132/><U48/><E48/><V23/><F80/><AGARI ba="0,0" hai="20,27,29,70,71,80,86,91" m="3183,43627" machi="80" ten="30,2000,0" yaku="15,1,11,1" doraHai="32" who="1" fromWho="2" sc="142,0,246,20,284,-20,328,0" /><INIT seed="5,0,0,4,0,49" ten="142,266,264,328" oya="1" hai0="116,6,109,41,14,16,103,44,4,125,34,85,112" hai1="37,63,5,59,23,97,47,86,130,76,18,107,12" hai2="46,39,53,7,30,90,135,80,27,111,121,71,89" hai3="134,91,105,52,129,74,21,123,124,58,132,62,127"/><U84/><E130/><V96/><F71/><W11/><G123/><T42/><D109/><U120/><E120/><V128/><F121/><W8/><G129/><T17/><D34/><U31/><E76/><V119/><F111/><W64/><G105/><T24/><D116/><U36/><E31/><V122/><F122/><W9/><G74/><T131/><D131/><U26/><E37/><V48/><F119/><W79/><G79/><T69/><D69/><U20/><E36/><V28/><F128/><W67/><G21/><T113/><D125/><N who="3" m="48201" /><G91/><T51/><D103/><U45/><E97/><V117/><F117/><W75/><G75/><T10/><D42/><U95/><E107/><V114/><F114/><N who="0" m="44138" /><D85/><U126/><E126/><V118/><F135/><AGARI ba="0,0" hai="8,9,11,52,58,62,64,67,132,134,135" m="48201" machi="135" ten="40,8000,1" yaku="20,1,18,1,52,1,54,1" doraHai="49" who="3" fromWho="2" sc="142,0,266,0,264,-80,328,80" /><INIT seed="6,0,0,5,1,35" ten="142,266,184,408" oya="2" hai0="89,48,40,45,133,50,59,90,16,99,125,79,83" hai1="26,95,15,60,3,75,32,39,53,27,134,61,116" hai2="64,114,72,121,29,0,91,74,56,17,84,87,6" hai3="7,76,25,18,44,106,113,12,77,10,49,20,126"/><V81/><F121/><W93/><G106/><T73/><D125/><U24/><E75/><V67/><F114/><W101/><G126/><T98/><D133/><U120/><E39/><V107/><F107/><W21/><G113/><T94/><D59/><U51/><E32/><V4/><F29/><W109/><G109/><T124/><D124/><U30/><E3/><V119/><F119/><W8/><G8/><T46/><D16/><U122/><E30/><V36/><F36/><W69/><G69/><T80/><D83/><U110/><E110/><V78/><F17/><W92/><G21/><T135/><D135/><U62/><E116/><V130/><F130/><W22/><G22/><T100/><REACH who="0" step="1"/><D99/><REACH who="0" ten="132,266,184,408" step="2"/><U112/><E134/><V55/><F56/><W131/><G131/><T123/><D123/><U19/><E112/><V86/><F81/><W108/><G108/><T103/><D103/><U115/><E115/><V129/><F129/><W37/><G101/><T58/><D58/><N who="1" m="33087" /><E122/><V127/><F127/><W47/><G18/><T70/><D70/><U41/><E120/><V9/><F6/><W102/><G7/><T1/><D1/><U128/><E128/><V104/><F0/><W68/><G102/><T132/><D132/><U14/><E19/><V85/><F4/><W54/><G68/><T23/><D23/><U33/><E33/><V34/><F34/><W66/><G20/><T38/><D38/><U111/><E111/><V2/><F2/><W31/><G37/><T52/><AGARI ba="0,1" hai="40,45,46,48,50,52,73,79,80,89,90,94,98,100" machi="52" ten="20,5200,0" yaku="1,1,0,1,7,1,54,1,53,0" doraHai="35" doraHaiUra="5" who="0" fromWho="0" sc="132,62,266,-13,184,-26,408,-13" /><INIT seed="7,0,0,0,3,32" ten="194,253,158,395" oya="3" hai0="1,117,52,130,80,39,34,57,87,53,46,50,132" hai1="95,74,98,97,2,43,10,21,0,109,89,126,131" hai2="127,102,64,70,25,115,123,63,79,76,99,134,36" hai3="55,31,41,92,88,26,110,20,96,37,73,101,51"/><W86/><G73/><T24/><D117/><U111/><E74/><V78/><F115/><W45/><G110/><T105/><D105/><U49/><E131/><V58/><F134/><W129/><G129/><T104/><D104/><U100/><E126/><V8/><F127/><W91/><G86/><T28/><D130/><U90/><E21/><V27/><F123/><W48/><G37/><T77/><D132/><U30/><E30/><V114/><F114/><W84/><G84/><T113/><D113/><U128/><E128/><V121/><F121/><W62/><G62/><T119/><D1/><U35/><E35/><V72/><F36/><W125/><G125/><T7/><D7/><U107/><E10/><V14/><F72/><W54/><G41/><T22/><D39/><U65/><E65/><V44/><F70/><W56/><AGARI ba="0,0" hai="20,26,31,45,48,51,54,55,56,88,91,92,96,101" machi="56" ten="20,7800,0" yaku="0,1,7,1,8,1,54,1" doraHai="32" who="3" fromWho="3" sc="194,-26,253,-26,158,-26,395,78" owari="168,-23.0,227,3.0,132,-37.0,473,57.0" /></mjloggm>