<mjloggm ver="2.3"><GO type="169" lobby="0"/><UN n0="%4E%6E%31%33%34" n1="%E3%83%88%E3%83%88%E3%83%AA%E5%85%88%E7%94%9F%31%39%E6%AD%B3" n2="%6E%65%6F%40%75%6E%69" n3="%67%61%72%75%63%69%61" dan="16,19,19,17" rate="2136.66,2227.66,2217.14,2251.83" sx="M,F,M,M"/><TAIKYOKU oya="0"/><INIT seed="0,0,0,4,4,115" ten="250,250,250,250" oya="0" hai0="16,58,67,80,104,47,1,118,105,54,122,75,9" hai1="70,117,23,111,69,8,25,6,20,112,106,130,61" hai2="31,110,98,124,39,60,7,51,37,86,134,49,40" hai3="126,91,53,44,63,133,94,82,12,114,76,102,18"/><T78/><D122/><U65/><E112/><V127/><F31/><W57/><G114/><T11/><D118/><U0/><E111/><V79/><F98/><W30/><G126/><N who="2" m="48169" /><F7/><W113/><G113/><T125/><D67/><U72/><E130/><V46/><F86/><W95/><G30/><T99/><D125/><U32/><E72/><V83/><F83/><W24/><G133/><T119/><D99/><U85/><E70/><V74/><F79/><W89/><G24/><T121/><D121/><U87/><E117/><V71/><F74/><W97/><G44/><T103/><D103/><U15/><E106/><V2/><F2/><W52/><G53/><T88/><D47/><U50/><E23/><V81/><F81/><W135/><G135/><T93/><D119/><U10/><E50/><N who="2" m="26951" /><F134/><W108/><G95/><T128/><D9/><U96/><E96/><V26/><F26/><W100/><G108/><T35/><D35/><U19/><REACH who="1" step="1"/><E32/><REACH who="1" ten="250,240,250,250" step="2"/><V73/><F73/><W21/><G102/><T92/><D105/><U56/><E56/><V101/><F101/><W48/><REACH who="3" step="1"/><G48/><REACH who="3" ten="250,240,250,240" step="2"/><N who="2" m="18505" /><F110/><W28/><G28/><AGARI ba="0,2" hai="0,6,8,10,15,19,20,25,28,61,65,69,85,87" machi="28" ten="30,2000,0" yaku="1,1,7,1,53,0" doraHai="115" doraHaiUra="41" who="1" fromWho="3" sc="250,0,240,40,250,0,240,-20" /><INIT seed="1,0,0,0,2,99" ten="250,280,250,220" oya="1" hai0="25,9,133,11,46,108,38,87,52,112,109,132,2" hai1="47,7,70,30,55,80,61,90,84,18,77,89,73" hai2="6,92,128,4,105,66,8,65,33,121,76,5,134" hai3="13,53,3,22,100,50,126,15,63,122,58,44,31"/><U117/><E117/><V67/><F105/><W32/><G122/><T78/><D112/><U17/><E30/><V83/><F121/><W20/><G3/><T96/><D25/><U24/><E7/><V23/><F33/><W130/><G32/><T135/><D2/><U0/><E0/><V118/><F118/><W124/><G130/><T27/><D27/><U59/><E70/><V43/><F128/><W62/><G62/><T98/><D9/><U107/><E107/><V28/><F134/><W106/><G22/><T94/><D11/><U97/><E24/><V49/><F92/><W74/><G74/><T129/><D129/><U85/><E97/><V91/><F91/><W26/><G106/><T72/><D72/><U51/><E73/><V39/><F39/><W36/><G36/><T120/><D120/><U54/><REACH who="1" step="1"/><E77/><REACH who="1" ten="250,270,250,220" step="2"/><V14/><F28/><W115/><G115/><T104/><D104/><U1/><E1/><V119/><F119/><W102/><G13/><T34/><D96/><U110/><E110/><V101/><F4/><W93/><G15/><T64/><D34/><U103/><E103/><V12/><F101/><W56/><G102/><N who="0" m="60759" /><D109/><U123/><E123/><V68/><F68/><W71/><G71/><T75/><D108/><U82/><AGARI ba="0,1" hai="17,18,47,51,54,55,59,61,80,82,84,85,89,90" machi="82" ten="20,18000,2" yaku="1,1,0,1,7,1,9,1,8,1,53,1" doraHai="99" doraHaiUra="45" who="1" fromWho="1" sc="250,-60,270,190,250,-60,220,-60" /><INIT seed="1,1,0,3,1,31" ten="190,460,190,160" oya="1" hai0="113,1,91,125,133,35,79,24,120,134,122,25,51" hai1="30,112,62,118,5,97,54,23,66,36,101,94,43" hai2="70,60,85,0,107,41,95,83,21,102,67,40,87" hai3="57,123,98,48,52,61,20,29,4,65,110,6,71"/><U81/><E112/><V45/><F0/><W104/><G123/><N who="0" m="47147" /><D79/><U28/><E118/><V55/><F107/><W131/><G110/><T103/><D103/><U86/><E54/><V99/><F85/><W33/><G20/><T76/><D76/><U53/><E53/><V78/><REACH who="2" step="1"/><F21/><REACH who="2" ten="190,460,180,160" step="2"/><W50/><G131/><T64/><D1/><U47/><E23/><V74/><F74/><W124/><G124/><T75/><D75/><U82/><E86/><V8/><F8/><W3/><G3/><T39/><D125/><U38/><E97/><V11/><F11/><W73/><G73/><T80/><D113/><U49/><E36/><V106/><F106/><W19/><G19/><T46/><D39/><U114/><E38/><V7/><F7/><W56/><G98/><T2/><D2/><U128/><E5/><V42/><F42/><W126/><G104/><T69/><D134/><U15/><E114/><V68/><F68/><W127/><G126/><T59/><D69/><U90/><E43/><V37/><F37/><W12/><G127/><T84/><D133/><U109/><E128/><V14/><F14/><W63/><G71/><T93/><D84/><U27/><E15/><V10/><F10/><N who="3" m="4167" /><G6/><T58/><D24/><U77/><E27/><V130/><F130/><W119/><G119/><T135/><D25/><U111/><E111/><V108/><F108/><W44/><G44/><T72/><D46/><U115/><E109/><V92/><F92/><W26/><G26/><T117/><D117/><U100/><E115/><V105/><F105/><W121/><G121/><T116/><D116/><RYUUKYOKU ba="1,1" sc="190,-15,460,-15,180,15,160,15" hai2="40,41,45,55,60,67,70,78,83,87,95,99,102" hai3="29,33,48,50,52,56,57,61,63,65" /><INIT seed="2,2,1,0,2,96" ten="175,445,195,175" oya="2" hai0="69,66,123,22,35,14,18,118,11,43,85,100,119" hai1="25,126,51,54,135,5,9,53,91,110,4,82,79" hai2="29,71,27,21,2,130,45,40,24,115,65,129,131" hai3="19,52,97,15,34,104,44,75,74,13,56,117,132"/><V32/><F2/><W106/><G117/><N who="0" m="44555" /><D123/><U112/><E112/><V127/><F115/><W80/><G34/><T6/><D35/><U10/><E110/><V3/><F3/><W101/><G106/><T20/><D43/><U114/><E114/><V89/><F127/><W93/><G132/><T46/><D46/><U72/><E126/><V31/><F89/><W128/><G13/><T84/><D100/><U103/><E135/><V125/><F125/><W39/><G128/><T133/><D22/><U33/><E103/><V8/><F8/><W73/><G104/><T111/><D111/><U76/><E76/><V28/><F28/><W36/><G44/><T49/><D49/><U38/><E38/><V62/><REACH who="2" step="1"/><F129/><REACH who="2" ten="175,445,185,175" step="2"/><W98/><G98/><T42/><D11/><U60/><E91/><V120/><F120/><W16/><G80/><T68/><D133/><U134/><E134/><V23/><F23/><W7/><G7/><T17/><D20/><U41/><E10/><V12/><F12/><W47/><G15/><T70/><D14/><U87/><E5/><V50/><AGARI ba="2,2" hai="21,24,27,29,31,32,40,45,50,62,65,71,130,131" machi="50" ten="30,3000,0" yaku="1,1,0,1,53,0" doraHai="96" doraHaiUra="83" who="2" fromWho="2" sc="175,-12,445,-12,185,56,175,-12" /><INIT seed="2,3,0,4,3,110" ten="163,433,241,163" oya="2" hai0="89,103,127,44,27,83,134,0,107,55,52,22,132" hai1="5,71,102,90,125,54,58,108,100,68,61,109,34" hai2="66,88,105,118,16,60,111,116,77,72,37,32,8" hai3="21,78,133,92,85,112,24,101,15,49,36,131,91"/><V45/><F32/><W97/><G36/><T123/><D123/><U7/><E34/><V119/><F105/><W14/><G131/><T115/><D0/><U104/><E125/><V13/><F111/><N who="1" m="42569" /><E90/><V4/><F77/><W65/><G133/><N who="0" m="51307" /><D127/><U67/><E71/><V64/><F72/><W86/><G65/><T81/><D44/><U38/><E38/><V10/><F88/><W2/><G2/><T73/><D115/><U62/><E104/><V41/><REACH who="2" step="1"/><F60/><REACH who="2" ten="163,433,231,163" step="2"/><W46/><G112/><T106/><D89/><U20/><E102/><V69/><F69/><W39/><G78/><T11/><D73/><U122/><E100/><V25/><F25/><W47/><G85/><T28/><D103/><U23/><E122/><V50/><F50/><W120/><G120/><T70/><D70/><U129/><E129/><V63/><F63/><W17/><G39/><T3/><D107/><U82/><E82/><V56/><F56/><W113/><G113/><T35/><D106/><U130/><E130/><V93/><F93/><N who="3" m="58543" /><G49/><T57/><D83/><U42/><E62/><V87/><F87/><W84/><G84/><T79/><D81/><U33/><E33/><V9/><F9/><W75/><G75/><T94/><D94/><U96/><E68/><V114/><F114/><W135/><G135/><T53/><D79/><U98/><E67/><V26/><F26/><W43/><G43/><T18/><D35/><U126/><E42/><V29/><F29/><W76/><G76/><T121/><D121/><U12/><E126/><V74/><F74/><W40/><G40/><T48/><D28/><RYUUKYOKU ba="3,1" sc="163,10,433,-30,231,10,163,10" hai0="3,11,18,22,27,48,52,53,55,57" hai2="4,8,10,13,16,37,41,45,64,66,116,118,119" hai3="14,15,17,21,24,46,47,86,91,92" /><INIT seed="2,4,1,2,3,72" ten="173,403,241,173" oya="2" hai0="66,76,74,11,12,41,103,121,13,79,134,2,107" hai1="93,15,4,131,112,8,125,1,70,7,106,61,48" hai2="9,123,128,117,38,111,83,88,87,53,51,37,27" hai3="63,75,19,42,59,77,96,39,84,89,36,24,109"/><V133/><F123/><W43/><G36/><T0/><D121/><U58/><E106/><V50/><F117/><W116/><G116/><T28/><D74/><U47/><E112/><V68/><F68/><W81/><G39/><T78/><D41/><U64/><E131/><V69/><F69/><W31/><G109/><T40/><D40/><U55/><E125/><V21/><F128/><W25/><G25/><T95/><D107/><U99/><E1/><V90/><F51/><W71/><G71/><T44/><D44/><U127/><E127/><V46/><F111/><W54/><G19/><T73/><D73/><U22/><E22/><V57/><F57/><W124/><G124/><T80/><D66/><U17/><E70/><V65/><F65/><W49/><G63/><T56/><D56/><U23/><E8/><V119/><F119/><W97/><G97/><N who="0" m="59839" /><D2/><U45/><E45/><V34/><F34/><W5/><G5/><N who="0" m="3183" /><D0/><U115/><E115/><V67/><F67/><W16/><G75/><T10/><D28/><U18/><E18/><V102/><F102/><AGARI ba="4,1" hai="4,7,15,17,23,47,48,55,58,61,64,93,99,102" machi="102" ten="30,2000,0" yaku="7,1,8,1" doraHai="72" who="1" fromWho="2" sc="173,0,403,42,241,-32,173,0" /><INIT seed="3,0,0,2,2,3" ten="173,445,209,173" oya="3" hai0="1,130,37,91,135,116,61,98,126,118,73,12,70" hai1="4,6,78,124,2,28,10,66,46,117,33,32,93" hai2="120,18,84,115,58,17,94,54,112,47,43,109,56" hai3="95,79,74,65,62,129,59,0,127,101,96,11,99"/><W134/><G127/><T82/><D1/><U128/><E124/><V38/><F109/><W55/><G129/><T49/><D37/><U19/><E128/><V110/><F110/><W44/><G134/><T39/><D39/><U105/><E105/><V133/><F133/><W26/><G74/><T119/><D135/><U71/><E78/><V36/><F36/><W60/><G79/><T50/><D130/><U113/><E113/><V9/><F56/><W122/><G122/><T69/><D126/><U53/><E28/><V97/><F84/><W106/><G26/><T5/><D73/><U29/><E29/><V64/><F64/><W123/><G123/><T72/><D72/><U86/><E19/><V132/><F132/><W13/><G0/><T63/><D70/><U14/><E2/><V104/><F104/><W80/><G80/><T89/><D69/><U35/><E117/><V25/><F18/><W48/><G62/><T81/><D119/><U75/><E75/><V125/><F120/><W90/><G11/><T15/><REACH who="0" step="1"/><D98/><REACH who="0" ten="163,445,209,173" step="2"/><U51/><E71/><V8/><F125/><W67/><REACH who="3" step="1"/><G13/><REACH who="3" ten="163,445,209,163" step="2"/><T111/><D111/><U76/><E14/><V131/><F131/><W103/><G103/><T83/><D83/><U87/><E10/><V20/><F8/><W92/><G92/><T88/><D88/><U52/><E93/><V34/><F9/><W108/><G108/><T21/><D21/><U23/><E23/><V16/><F34/><W31/><G31/><T102/><D102/><U40/><E33/><V121/><F121/><W27/><G27/><T41/><D41/><AGARI ba="0,2" hai="41,44,48,55,59,60,65,67,90,95,96,99,101,106" machi="41" ten="30,5800,0" yaku="1,1,6,1,7,1,53,0" doraHai="3" doraHaiUra="22" who="3" fromWho="0" sc="163,-58,445,0,209,0,163,78" /><INIT seed="3,1,0,2,1,79" ten="105,445,209,241" oya="3" hai0="26,104,4,51,76,135,113,89,52,21,22,53,123" hai1="9,108,8,84,67,114,33,6,130,115,2,80,62" hai2="17,86,117,78,0,103,36,81,32,100,55,102,11" hai3="110,50,54,105,122,1,107,118,69,41,57,31,34"/><W132/><G118/><T95/><D104/><U20/><E33/><V58/><F32/><W96/><G122/><T87/><D123/><U99/><E108/><V127/><F117/><W124/><G1/><T12/><D135/><U97/><E130/><V128/><F36/><W46/><G132/><T133/><D133/><U27/><E9/><V83/><F127/><W94/><G69/><T126/><D126/><U14/><E2/><V56/><F128/><W18/><G124/><T60/><D113/><U44/><E44/><V29/><F29/><W72/><G72/><T129/><D129/><U39/><E39/><V47/><F0/><W7/><G7/><T49/><D76/><U88/><E115/><V37/><F83/><W13/><G31/><T125/><D125/><U106/><E106/><V93/><F93/><W24/><G24/><T98/><D87/><U5/><E5/><V35/><F35/><W63/><G34/><T119/><D119/><U90/><E90/><V91/><F78/><W40/><G40/><T111/><D111/><U131/><E114/><V23/><F11/><W121/><G121/><T65/><D12/><U45/><E45/><V42/><REACH who="2" step="1"/><F55/><REACH who="2" ten="105,445,199,241" step="2"/><W61/><G110/><T25/><D52/><U19/><E131/><V64/><F64/><W101/><REACH who="3" step="1"/><G63/><REACH who="3" ten="105,445,199,231" step="2"/><T112/><D112/><U48/><E48/><V85/><F85/><W116/><G116/><T120/><D51/><U92/><E62/><V68/><F68/><W70/><G70/><T66/><D60/><U59/><E84/><V82/><F82/><W16/><G16/><T134/><D120/><RYUUKYOKU ba="1,2" sc="105,-15,445,-15,199,15,231,15" hai2="17,23,37,42,47,56,58,81,86,91,100,102,103" hai3="13,18,41,46,50,54,57,61,94,96,101,105,107" /><INIT seed="3,2,2,4,2,125" ten="90,430,214,246" oya="3" hai0="25,2,55,75,105,134,7,42,19,28,132,101,131" hai1="57,86,135,5,85,89,10,1,72,67,129,0,121" hai2="65,97,35,88,60,54,15,59,98,106,38,32,22" hai3="74,99,115,110,66,87,4,104,46,107,112,83,14"/><W71/><G74/><T48/><D75/><U111/><E121/><V82/><F38/><W6/><G110/><T93/><D105/><U92/><E72/><V3/><F3/><W84/><G46/><T79/><D79/><U43/><E111/><V62/><F106/><W39/><G39/><T103/><D42/><U64/><E135/><N who="0" m="51753" /><D19/><U40/><E1/><V24/><F15/><W30/><G30/><T49/><D49/><U120/><E120/><V11/><F11/><W29/><G29/><T58/><D93/><U133/><E133/><V26/><F26/><W114/><G87/><T118/><D118/><U95/><E57/><N who="2" m="34871" /><F32/><W23/><G99/><T68/><D68/><U91/><E0/><V47/><F47/><W117/><G117/><T56/><D56/><U63/><E10/><V94/><F82/><W124/><G124/><T126/><D126/><U77/><E77/><V21/><F35/><W16/><G107/><T76/><D76/><U20/><E63/><V41/><F41/><W119/><G119/><T27/><D27/><U128/><E20/><N who="2" m="7787" /><F24/><W109/><G104/><T51/><D25/><U34/><E34/><V130/><F130/><W36/><G36/><T78/><D78/><U127/><E127/><V44/><F44/><W31/><G109/><T45/><D28/><U96/><E5/><V116/><F116/><W8/><G71/><T102/><D7/><N who="3" m="2601" /><G66/><T18/><D2/><U90/><E40/><V17/><F17/><W123/><G123/><T61/><D18/><U37/><E43/><V122/><F122/><W33/><G33/><T12/><D12/><RYUUKYOKU ba="2,2" sc="90,-10,430,-10,214,30,246,-10" hai2="59,62,65,88,94,97,98" /><INIT seed="4,3,2,1,0,80" ten="80,420,244,236" oya="0" hai0="32,64,128,36,69,129,77,2,12,10,114,88,106" hai1="22,130,30,33,54,85,35,16,42,27,43,0,28" hai2="38,74,93,103,6,24,51,127,107,95,70,113,63" hai3="124,90,78,59,13,14,44,110,101,50,56,135,48"/><T117/><D117/><U5/><E130/><N who="0" m="50281" /><D114/><U79/><E54/><V62/><F38/><W118/><G118/><T60/><D2/><U98/><E98/><V112/><F74/><W126/><G101/><T76/><D106/><U26/><E85/><V120/><F120/><W45/><G110/><T53/><D32/><N who="1" m="12363" /><E79/><N who="0" m="30281" /><D36/><U104/><E43/><V67/><F24/><N who="1" m="9257" /><E42/><V133/><F6/><W121/><G78/><T81/><D53/><U99/><E99/><V3/><F3/><W108/><G108/><T82/><D88/><U1/><E104/><V57/><F107/><W92/><G121/><T29/><D29/><N who="1" m="11371" /><E5/><AGARI ba="3,2" hai="5,10,12,60,64,69,81,82" m="30281,50281" machi="5" ten="30,1500,0" yaku="19,1" doraHai="80" who="0" fromWho="1" sc="80,44,420,-24,244,0,236,0" /><INIT seed="4,4,0,3,0,29" ten="124,396,244,236" oya="0" hai0="88,60,14,28,63,23,71,107,124,39,61,52,43" hai1="134,84,65,56,67,54,100,15,110,44,95,26,97" hai2="4,47,120,20,82,79,58,59,24,112,9,98,72" hai3="130,101,83,25,45,64,2,62,126,87,13,68,123"/><T104/><D71/><U113/><E110/><V66/><F120/><W76/><G2/><T96/><D124/><U27/><E134/><V122/><F122/><W90/><G123/><T74/><D74/><U7/><E113/><V127/><F112/><W33/><G126/><T119/><D119/><U50/><E84/><V89/><F66/><N who="1" m="25097" /><E44/><V131/><F131/><W5/><G130/><T42/><D52/><U38/><E38/><V102/><F89/><W3/><G3/><T34/><D34/><U108/><E108/><V16/><F47/><W18/><G101/><T35/><D35/><U10/><AGARI ba="4,0" hai="7,10,15,26,27,50,54,56,95,97,100" m="25097" machi="10" ten="30,1100,0" yaku="8,1" doraHai="29" who="1" fromWho="1" sc="124,-9,396,23,244,-7,236,-7" /><INIT seed="5,0,0,2,4,108" ten="115,419,237,229" oya="1" hai0="13,44,42,1,106,127,126,11,38,91,46,111,121" hai1="2,0,125,25,84,7,88,34,22,39,99,15,101" hai2="58,23,130,135,9,87,64,128,117,96,93,63,6" hai3="75,67,36,76,103,82,69,40,73,24,26,79,112"/><U28/><E39/><V85/><F135/><W3/><G103/><T50/><D111/><U119/><E119/><V31/><F117/><W59/><G59/><T68/><D121/><U48/><E125/><V104/><F104/><W114/><G3/><T10/><D68/><U97/><E48/><V72/><F72/><W129/><G129/><N who="2" m="49769" /><F23/><W54/><G54/><T20/><D106/><U5/><E5/><V102/><F31/><W19/><G19/><T21/><D127/><U83/><E97/><V49/><F49/><W43/><G36/><T92/><D126/><U45/><E45/><V132/><F132/><W16/><G16/><T41/><D1/><AGARI ba="0,0" hai="1,6,9,58,63,64,85,87,93,96,102" m="49769" machi="1" ten="30,1000,0" yaku="19,1" doraHai="108" who="2" fromWho="0" sc="115,-10,419,0,237,10,229,0" /><INIT seed="6,0,0,2,2,27" ten="105,419,247,229" oya="2" hai0="112,135,35,79,125,126,15,83,13,68,134,7,122" hai1="48,6,113,43,71,116,66,82,50,115,16,94,49" hai2="30,88,24,77,57,109,87,60,100,121,103,19,89" hai3="108,124,25,18,34,117,1,29,92,36,2,0,78"/><V74/><F121/><W62/><G117/><T10/><D68/><U45/><E116/><V67/><F109/><W81/><G108/><T118/><D83/><U31/><E6/><V22/><F19/><W5/><G36/><T33/><D118/><U28/><E66/><V107/><F107/><W4/><G124/><N who="0" m="47723" /><D79/><U99/><E71/><V130/><F130/><W61/><G92/><T69/><D69/><U14/><E82/><N who="2" m="47567" /><F74/><W98/><G98/><T12/><D122/><U21/><E113/><V44/><F44/><W76/><G76/><T133/><D112/><U9/><E115/><V123/><F123/><W37/><G37/><T56/><D56/><U38/><REACH who="1" step="1"/><E9/><REACH who="1" ten="105,409,247,229" step="2"/><V93/><F89/><AGARI ba="0,1" hai="14,16,21,28,31,38,43,45,48,49,50,89,94,99" machi="89" ten="40,12000,2" yaku="1,1,2,1,52,2,54,1,53,1" doraHai="27" doraHaiUra="91" who="1" fromWho="2" sc="105,0,409,130,247,-120,229,0" /><INIT seed="7,0,0,1,3,81" ten="105,539,127,229" oya="3" hai0="35,95,104,21,48,121,79,134,51,85,7,49,71" hai1="129,62,50,33,114,53,0,26,83,24,124,89,25" hai2="72,60,52,12,16,28,96,118,105,82,4,39,127" hai3="84,115,130,45,98,93,92,101,57,27,106,88,68"/><W117/><G68/><T86/><D121/><U20/><E0/><V91/><F118/><W19/><G117/><T3/><D35/><U15/><E33/><V116/><F39/><W73/><G73/><T108/><D108/><U10/><E114/><V133/><F116/><W58/><G115/><T69/><D104/><U47/><E129/><V61/><F28/><W64/><G130/><T31/><D3/><U30/><E124/><V13/><F127/><W67/><G106/><T18/><D7/><U109/><E109/><V76/><F133/><W90/><G45/><T43/><D134/><U74/><E62/><V40/><F40/><W107/><G58/><T54/><D31/><U80/><E80/><V32/><F32/><W36/><G36/><T66/><D43/><U29/><E29/><V75/><F75/><W102/><G57/><N who="0" m="32967" /><D66/><N who="3" m="25129" /><G107/><T63/><D63/><U132/><E132/><V123/><F123/><W135/><G135/><T6/><D6/><N who="1" m="3543" /><E74/><V119/><F119/><W55/><G55/><T112/><D112/><U77/><E53/><V9/><F52/><W103/><G103/><T65/><D65/><U122/><E47/><V1/><F1/><W113/><G113/><T131/><D131/><U41/><E122/><V120/><F120/><W78/><G78/><T38/><D38/><U44/><E77/><V34/><F34/><W100/><G100/><T56/><D71/><U97/><E41/><V94/><F105/><W5/><G5/><T42/><D69/><U2/><E2/><V111/><F111/><W37/><G37/><T70/><D70/><U14/><E14/><RYUUKYOKU ba="0,0" sc="105,-15,539,-15,127,15,229,15" hai2="4,9,12,13,16,60,61,72,76,82,91,94,96" hai3="19,27,84,88,90,92,93,98,101,102" /><BYE who="1" /><INIT seed="7,1,0,4,3,61" ten="90,524,142,244" oya="3" hai0="130,17,71,43,28,33,10,105,69,3,44,132,123" hai1="0,60,12,108,25,112,18,111,22,59,62,73,77" hai2="58,54,99,27,38,14,118,126,63,21,82,113,124" hai3="26,78,48,8,6,55,100,120,83,106,86,109,76"/><W68/><G120/><T35/><D123/><U1/><E1/><V95/><F118/><UN n1="%E3%83%88%E3%83%88%E3%83%AA%E5%85%88%E7%94%9F%31%39%E6%AD%B3" /><W66/><G109/><T40/><D105/><U116/><E0/><V107/><F113/><W41/><G41/><T9/><D132/><U88/><E112/><V115/><F115/><W90/><G106/><T7/><D130/><U20/><E116/><V127/><F107/><W72/><G100/><T81/><D43/><U101/><E101/><N who="2" m="60671" /><F82/><W89/><G72/><T39/><D35/><U46/><E62/><V85/><F85/><W103/><G103/><T67/><D67/><U42/><E88/><N who="3" m="33898" /><G68/><T75/><D17/><U114/><E114/><V98/><F98/><W51/><G76/><T53/><D53/><U102/><E102/><V93/><F93/><W121/><G121/><T34/><D10/><U16/><E77/><V49/><F38/><W79/><G79/><T47/><D47/><U37/><E73/><V119/><F119/><W80/><G80/><T131/><D131/><U133/><E133/><V31/><F14/><N who="3" m="5399" /><G26/><N who="0" m="18583" /><D34/><U56/><E111/><V29/><F29/><W15/><G15/><T94/><D94/><U52/><E108/><V125/><F125/><W64/><G48/><AGARI ba="1,0" hai="21,27,31,48,49,54,58,63,124,126,127" m="60671" machi="48" ten="30,1000,0" yaku="18,1" doraHai="61" who="2" fromWho="3" sc="90,0,524,0,142,13,244,-13" owari="90,-41.0,524,62.0,155,-24.0,231,3.0" /></mjloggm>