<mjloggm ver="2.3"><GO type="169" lobby="0"/><UN n0="%E3%81%86%E3%82%8B%E3%81%8D%E3%81%BE%E3%82%8B" n1="%E3%82%A6%E3%83%AB%E3%83%88%E3%83%A9%E7%AB%8B%E7%9B%B4" n2="%E3%83%8D%E3%82%AA%E3%81%91%E3%82%8D%E3%81%A3%E3%81%A1%E3%82%87" n3="%4A%6F%75%72%6E%65%79" dan="16,17,16,16" rate="2101.01,2191.98,2105.74,2106.31" sx="F,M,M,M"/><TAIKYOKU oya="0"/><INIT seed="0,0,0,2,4,71" ten="250,250,250,250" oya="0" hai0="55,101,120,27,88,16,113,1,119,93,14,4,35" hai1="66,106,53,34,3,47,125,52,11,94,43,50,84" hai2="91,24,102,48,83,57,2,51,59,44,5,32,97" hai3="123,131,75,103,22,69,38,54,95,127,85,18,124"/><T128/><D113/><U8/><E106/><V25/><F32/><W30/><G75/><T65/><D119/><U117/><E117/><V89/><F51/><W79/><G131/><T77/><D120/><U133/><E34/><V129/><F129/><W115/><G115/><T108/><D128/><U20/><E133/><V130/><F130/><W37/><G69/><T132/><D132/><U76/><E125/><N who="3" m="48202" /><G30/><T135/><D77/><U61/><E20/><V114/><F114/><W122/><G103/><T60/><D55/><U10/><E3/><V92/><F5/><W49/><G95/><T100/><D135/><U121/><E121/><N who="3" m="46090" /><G85/><T26/><D1/><U15/><E15/><V7/><F7/><W45/><G79/><T13/><D4/><U6/><E6/><V73/><F73/><W104/><G104/><T99/><D108/><U39/><E50/><V56/><F2/><W118/><G118/><T58/><D14/><AGARI ba="0,0" hai="14,18,22,37,38,45,49,54" m="46090,48202" machi="14" ten="30,7700,0" yaku="18,1,13,1,52,2" doraHai="71" who="3" fromWho="0" sc="250,-77,250,0,250,0,250,77" /><INIT seed="1,0,0,2,1,126" ten="173,250,250,327" oya="1" hai0="41,4,1,75,97,96,8,33,11,78,60,29,66" hai1="28,121,107,43,45,129,123,23,109,48,6,111,44" hai2="79,116,104,86,119,3,87,2,102,88,36,117,7" hai3="37,15,82,110,70,127,95,32,108,39,69,74,89"/><U77/><E107/><V67/><F67/><W56/><G32/><T53/><D41/><U47/><E6/><V125/><F36/><W40/><G127/><T81/><D53/><U80/><E28/><V120/><F7/><W73/><G56/><T61/><D61/><U21/><E48/><V90/><F125/><W98/><G15/><T42/><D42/><U9/><E9/><V35/><F35/><W113/><G113/><T49/><D49/><U115/><E43/><V101/><F3/><W133/><G133/><T12/><D29/><U24/><E115/><V72/><F2/><W106/><G106/><T135/><D33/><U124/><E124/><V59/><F59/><W112/><G112/><T130/><D135/><U51/><E51/><V114/><F114/><W34/><G34/><T84/><D75/><N who="3" m="28681" /><G82/><T128/><D96/><U132/><E132/><V85/><F120/><W91/><G91/><N who="2" m="34857" /><F104/><W134/><G134/><T5/><REACH who="0" step="1"/><D97/><REACH who="0" ten="163,250,250,327" step="2"/><U54/><E123/><V18/><F72/><W20/><G39/><T46/><D46/><U10/><E45/><V64/><F64/><W131/><G37/><T118/><D118/><U50/><E47/><V93/><F79/><W14/><G98/><T38/><D38/><U19/><E121/><V122/><F122/><W17/><G40/><T58/><AGARI ba="0,1" hai="1,4,5,8,11,12,58,60,66,78,81,84,128,130" machi="58" ten="30,7900,0" yaku="1,1,0,1,52,2,53,0" doraHai="126" doraHaiUra="22" who="0" fromWho="0" sc="163,89,250,-39,250,-20,327,-20" /><INIT seed="2,0,0,5,1,71" ten="252,211,230,307" oya="2" hai0="33,63,116,42,57,74,94,132,56,102,73,101,70" hai1="112,117,7,55,48,95,61,54,108,122,75,11,59" hai2="135,2,84,6,80,85,29,105,39,111,124,19,49" hai3="46,58,47,115,31,121,32,53,0,134,131,97,104"/><V125/><F105/><W3/><G121/><T37/><D33/><U67/><E117/><V28/><F135/><W62/><G134/><T36/><D70/><U14/><E112/><V99/><F99/><W4/><G115/><T83/><D132/><U118/><E118/><V43/><F19/><W10/><G3/><T13/><D13/><U96/><E75/><V109/><F49/><W119/><G119/><T1/><D1/><U30/><E108/><N who="2" m="41547" /><F85/><W92/><G104/><T22/><D22/><U52/><E122/><V93/><F93/><W60/><G60/><T35/><D35/><U66/><E30/><N who="2" m="11883" /><F6/><W12/><G31/><T40/><D94/><U41/><E41/><V24/><F24/><W127/><G32/><T15/><D63/><U110/><E110/><V123/><F123/><W9/><G92/><T17/><D17/><U45/><REACH who="1" step="1"/><E55/><REACH who="1" ten="252,201,230,307" step="2"/><V114/><F114/><W133/><G53/><T130/><D116/><U106/><E106/><V77/><F2/><W81/><G0/><T76/><D74/><U26/><E26/><V50/><F43/><W103/><G133/><T72/><D42/><U16/><E16/><V82/><F124/><W69/><G127/><T5/><D40/><U129/><E129/><V44/><F125/><W68/><G131/><T126/><D130/><U100/><AGARI ba="0,1" hai="7,11,14,45,48,52,54,59,61,66,67,95,96,100" machi="100" ten="20,12000,2" yaku="1,1,0,1,7,1,8,1,54,1,53,1" doraHai="71" doraHaiUra="88" who="1" fromWho="1" sc="252,-30,201,130,230,-60,307,-30" /><INIT seed="3,0,0,1,3,133" ten="222,331,170,277" oya="3" hai0="102,60,32,129,27,111,108,39,21,65,15,99,20" hai1="44,107,135,92,17,54,24,126,3,11,51,14,38" hai2="118,103,131,57,104,87,49,16,5,123,4,2,9" hai3="82,73,91,96,130,43,76,106,68,113,95,1,48"/><W58/><G68/><T85/><D39/><U110/><E107/><V62/><F118/><W33/><G33/><T132/><D132/><U75/><E75/><V66/><F131/><W40/><G130/><T127/><D129/><U86/><E3/><V116/><F116/><W69/><G69/><T120/><D85/><U81/><E135/><V97/><F123/><W121/><G121/><T47/><D47/><U80/><E110/><V70/><F87/><W19/><G1/><T12/><D32/><U31/><E38/><V74/><F74/><W89/><G113/><T88/><D88/><N who="1" m="53271" /><E126/><V67/><F67/><W79/><G106/><T94/><D127/><U55/><E55/><V125/><F125/><W53/><G79/><T83/><D83/><U46/><E46/><V134/><F134/><W34/><G34/><T23/><D27/><U13/><E13/><V6/><F70/><W52/><G89/><T61/><D61/><U30/><E30/><V77/><F77/><W124/><G124/><T42/><D42/><U128/><E128/><V101/><F101/><W50/><REACH who="3" step="1"/><G19/><REACH who="3" ten="222,331,170,267" step="2"/><T72/><D120/><U59/><E17/><V78/><F78/><W90/><G90/><T112/><D112/><U64/><E31/><V37/><F16/><W84/><G84/><T122/><D122/><U10/><E81/><V109/><F104/><W100/><G100/><T25/><D72/><U71/><E80/><V28/><F103/><W41/><G41/><T26/><D108/><U36/><E71/><V0/><F109/><W56/><AGARI ba="0,1" hai="40,43,48,50,52,53,56,58,73,76,82,91,95,96" machi="56" ten="20,12000,1" yaku="1,1,0,1,7,1,9,1,54,1,53,0" doraHai="133" doraHaiUra="29" who="3" fromWho="3" sc="222,-40,331,-40,170,-40,267,130" /><INIT seed="3,1,0,5,1,36" ten="182,291,130,397" oya="3" hai0="94,72,101,98,48,81,70,89,91,37,96,113,17" hai1="30,111,134,127,14,118,122,131,82,133,69,58,4" hai2="73,93,0,11,68,23,5,117,19,10,63,130,15" hai3="16,132,56,109,67,77,61,125,62,99,27,34,119"/><W114/><G114/><T57/><D37/><U115/><E82/><V65/><F73/><W100/><G119/><T87/><D70/><U97/><E97/><V32/><F117/><W64/><G125/><T54/><D113/><U25/><E58/><V80/><F80/><W50/><G132/><T20/><D72/><U66/><E66/><V3/><F93/><W6/><G109/><T102/><REACH who="0" step="1"/><D96/><REACH who="0" ten="172,291,130,397" step="2"/><U49/><E69/><V90/><F130/><W38/><G38/><T104/><D104/><U31/><E115/><V53/><F68/><W22/><G34/><T46/><D46/><U126/><E131/><V29/><F65/><W28/><G67/><T103/><D103/><U106/><E106/><V107/><F107/><W112/><G112/><T85/><D85/><U83/><E118/><V78/><F78/><W84/><G84/><T42/><D42/><U79/><E79/><V2/><F90/><W39/><G39/><T124/><D124/><U86/><E86/><V52/><F53/><W120/><G77/><T135/><D135/><U47/><E134/><V92/><F92/><W1/><G64/><T21/><D21/><U43/><E133/><V40/><F40/><W95/><G95/><T116/><D116/><U13/><E127/><V33/><F52/><W59/><G99/><T9/><D9/><N who="1" m="4263" /><E126/><V41/><F41/><W51/><G100/><T44/><D44/><U108/><E47/><V121/><F63/><W74/><G74/><T88/><D88/><U45/><E45/><V18/><F23/><W71/><G22/><T35/><D35/><N who="2" m="13386" /><F11/><W129/><G129/><RYUUKYOKU ba="1,1" sc="172,30,291,-10,130,-10,397,-10" hai0="17,20,48,54,57,81,87,89,91,94,98,101,102" /><INIT seed="4,2,1,0,4,50" ten="202,281,120,387" oya="0" hai0="128,107,135,66,91,6,62,0,127,16,30,79,53" hai1="21,24,82,25,103,35,42,60,133,14,48,43,102" hai2="123,76,112,110,81,72,34,67,54,74,129,78,38" hai3="52,100,121,94,11,39,27,18,109,3,56,92,93"/><T104/><D79/><U4/><E35/><V124/><F38/><W69/><G69/><T114/><D30/><U97/><E133/><V99/><F67/><W122/><G39/><T32/><D32/><U96/><E60/><V2/><F34/><W23/><G109/><T132/><D114/><U116/><E116/><V8/><F110/><W126/><G126/><T5/><D127/><U111/><E82/><V130/><F124/><W131/><G131/><T77/><D77/><U105/><E111/><V59/><F123/><N who="3" m="47115" /><G11/><T89/><D66/><U95/><E4/><N who="0" m="1641" /><D0/><U88/><E103/><V57/><F8/><W15/><G3/><T98/><D128/><N who="2" m="49258" /><F2/><W7/><G7/><T40/><D40/><U37/><E37/><V80/><F112/><W65/><G65/><T51/><D62/><U36/><E36/><V71/><F71/><W20/><G100/><N who="0" m="62487" /><D16/><N who="1" m="10391" /><E105/><V10/><F10/><N who="3" m="6519" /><G27/><T83/><D83/><U115/><E115/><V29/><F29/><W68/><G68/><T118/><D107/><U12/><E24/><V26/><F26/><W41/><G41/><T120/><D120/><U87/><E25/><V1/><F1/><W28/><G28/><T108/><D108/><U17/><E102/><V44/><F99/><W117/><G117/><T86/><D118/><U9/><E43/><V47/><F47/><AGARI ba="2,1" hai="9,12,17,42,47,48,87,88,95,96,97" m="10391" machi="47" ten="30,3900,0" yaku="8,1,54,2" doraHai="50" who="1" fromWho="2" sc="202,0,281,55,120,-45,387,0" /><INIT seed="5,0,0,5,3,58" ten="202,336,75,387" oya="1" hai0="82,123,63,131,7,16,50,15,57,25,78,90,98" hai1="20,116,93,19,118,0,73,108,87,24,127,119,107" hai2="41,61,11,133,105,39,56,101,92,100,124,23,3" hai3="110,95,129,26,88,45,22,64,12,103,46,55,6"/><U75/><E107/><V125/><F23/><W67/><G110/><T62/><D131/><U10/><E108/><V126/><F133/><W13/><G103/><T35/><D123/><U1/><E127/><V79/><F105/><W83/><G83/><T18/><D7/><U8/><E87/><V60/><F56/><W104/><G104/><T69/><D69/><U34/><E93/><V130/><F79/><W132/><G132/><T40/><D35/><U96/><E96/><N who="2" m="59399" /><F101/><W47/><G55/><T42/><D25/><U89/><E89/><V109/><F109/><W76/><G76/><T128/><D128/><U51/><E51/><V5/><F130/><W48/><G48/><T112/><D112/><U36/><E36/><V114/><F114/><W9/><G13/><T97/><D18/><U74/><REACH who="1" step="1"/><E34/><REACH who="1" ten="202,326,75,387" step="2"/><V27/><F27/><W134/><G129/><T106/><D106/><U91/><E91/><V111/><F111/><W68/><G134/><T21/><D90/><U33/><E33/><V65/><F65/><W14/><G67/><T44/><D97/><U43/><E43/><V30/><F39/><W2/><G64/><T85/><D98/><U102/><E102/><V71/><F41/><W80/><G88/><T29/><D42/><U17/><E17/><V31/><F71/><W117/><G68/><T49/><D29/><AGARI ba="0,1" hai="3,5,11,29,30,31,60,61,124,125,126" m="59399" machi="29" ten="30,3900,0" yaku="18,1,52,2" doraHai="58" who="2" fromWho="0" sc="202,-39,326,0,75,49,387,0" /><INIT seed="6,0,0,3,2,103" ten="163,326,124,387" oya="2" hai0="5,81,85,34,102,55,2,87,71,49,29,100,59" hai1="21,121,17,74,111,47,62,115,124,35,20,82,51" hai2="93,80,92,44,25,58,33,22,127,89,91,13,105" hai3="24,68,30,77,130,6,99,11,97,122,132,123,3"/><V135/><F127/><W0/><G68/><T64/><D2/><U40/><E35/><V98/><F33/><W69/><G69/><T10/><D34/><U52/><E111/><V54/><F44/><W73/><G3/><T119/><D29/><U133/><E124/><V28/><F135/><W84/><G84/><T16/><D119/><U118/><E118/><V94/><F105/><W108/><G99/><T57/><D71/><U23/><E133/><V12/><F80/><W26/><G26/><T76/><D87/><U88/><E115/><V39/><F39/><W63/><G63/><N who="0" m="38015" /><D5/><U114/><E114/><V75/><F75/><W86/><G11/><T95/><D95/><N who="2" m="24322" /><V109/><DORA hai="120" /><F109/><W129/><G77/><T131/><D131/><U8/><E74/><V66/><F98/><W7/><G97/><T112/><D112/><U36/><E36/><V15/><F66/><W37/><G108/><T31/><D31/><U48/><E82/><V53/><F53/><W42/><G73/><T27/><D27/><U18/><E52/><V38/><F38/><W60/><G86/><T45/><D45/><U96/><E47/><V61/><AGARI ba="0,0" hai="12,13,15,22,25,28,54,58,61,89,91" m="24322" machi="61" ten="40,2100,0" yaku="8,1" doraHai="103,120" who="2" fromWho="2" sc="163,-7,326,-7,124,21,387,-7" /><INIT seed="6,1,0,2,2,22" ten="156,319,145,380" oya="2" hai0="72,55,114,116,49,130,115,96,102,74,117,52,60" hai1="76,91,9,27,35,128,46,92,59,105,11,2,125" hai2="31,127,37,8,42,110,94,14,47,99,98,124,23" hai3="109,41,45,100,78,66,53,34,121,36,129,16,132"/><V19/><F110/><W54/><G34/><T12/><D12/><U108/><E105/><V79/><F79/><W7/><G7/><T40/><D130/><U32/><E108/><V87/><F87/><W119/><G100/><T88/><D40/><U131/><E76/><V39/><F39/><W58/><G78/><T90/><D60/><U51/><E59/><V134/><F134/><W68/><G16/><T120/><D120/><U1/><E125/><N who="2" m="48203" /><F94/><W93/><G93/><T126/><D126/><U38/><E38/><V10/><F10/><W70/><G109/><T118/><D102/><U43/><E11/><V6/><F31/><W75/><G75/><N who="0" m="28715" /><D55/><N who="3" m="21001" /><G119/><T80/><D96/><U73/><E73/><V82/><F82/><W25/><G132/><T18/><D18/><U57/><E9/><V20/><F20/><W50/><G121/><T28/><D28/><U21/><E21/><V77/><F77/><W62/><G129/><T71/><D71/><U4/><E131/><V83/><F83/><W107/><G107/><T106/><D106/><U97/><E128/><V113/><F113/><N who="0" m="43018" /><D80/><U103/><E35/><V24/><AGARI ba="1,0" hai="6,8,14,19,23,24,37,42,47,98,99" m="48203" machi="24" ten="30,3000,0" yaku="18,1,52,1" doraHai="22" who="2" fromWho="2" sc="156,-11,319,-11,145,33,380,-11" /><INIT seed="6,2,0,4,0,34" ten="145,308,178,369" oya="2" hai0="132,33,88,109,41,1,22,77,65,4,86,57,7" hai1="71,95,17,108,35,75,118,133,13,8,36,126,15" hai2="23,40,114,134,47,131,25,74,89,82,97,37,51" hai3="3,66,110,107,112,26,20,85,81,129,44,61,122"/><V31/><F114/><W72/><G72/><T32/><D109/><U93/><E108/><V67/><F134/><W127/><G3/><T52/><D132/><U0/><E118/><V43/><F131/><W98/><G110/><T39/><D65/><U56/><E71/><V58/><F37/><W60/><G60/><T55/><D77/><U113/><E35/><V2/><F2/><W14/><G122/><T99/><D99/><U90/><E75/><V100/><F74/><W27/><G129/><T123/><D123/><U117/><E117/><V12/><F12/><W49/><G127/><T45/><D55/><U102/><E0/><V46/><F82/><W6/><G6/><T94/><D7/><U73/><E73/><V68/><F68/><W59/><G112/><T111/><D111/><U106/><E106/><V24/><F24/><W124/><G124/><T30/><D30/><U120/><E36/><V42/><F89/><N who="3" m="51375" /><G98/><T5/><D5/><U125/><E113/><V78/><F78/><W128/><G107/><T116/><D116/><U19/><E133/><V28/><F28/><W83/><G83/><T69/><D69/><U91/><E120/><V9/><F9/><W16/><G128/><T21/><D21/><U29/><E126/><V62/><REACH who="2" step="1"/><F46/><REACH who="2" ten="145,308,168,369" step="2"/><W80/><G80/><T48/><REACH who="0" step="1"/><D22/><REACH who="0" ten="135,308,168,369" step="2"/><U50/><E125/><V11/><F11/><AGARI ba="2,2" hai="1,4,11,32,33,39,41,45,48,52,57,86,88,94" machi="11" ten="40,8000,1" yaku="1,1,2,1,52,1,54,2,53,0" doraHai="34" doraHaiUra="64" who="0" fromWho="2" sc="135,106,308,0,168,-86,369,0" /><INIT seed="7,0,0,4,2,46" ten="241,308,82,369" oya="3" hai0="108,91,90,132,57,11,17,30,26,40,16,70,23" hai1="29,76,85,114,39,66,37,63,68,67,48,36,71" hai2="5,95,107,20,21,86,75,81,117,45,28,112,69" hai3="103,111,31,3,10,8,125,93,80,65,41,82,135"/><W60/><G125/><T87/><D70/><U51/><E29/><V49/><F69/><W130/><G130/><T89/><D108/><U78/><E114/><V38/><F38/><W9/><G3/><T4/><D132/><U100/><E100/><V52/><F112/><W0/><G0/><T7/><D87/><U99/><E99/><V104/><F117/><W1/><G1/><T24/><D40/><U56/><E56/><V54/><F75/><W119/><G119/><T74/><D74/><U19/><E19/><V15/><F95/><W13/><G135/><T22/><D57/><U61/><E78/><V126/><F126/><W44/><G31/><T12/><AGARI ba="0,0" hai="4,7,11,12,16,17,22,23,24,26,30,89,90,91" machi="12" ten="30,4000,0" yaku="0,1,8,1,54,1" doraHai="46" who="0" fromWho="0" sc="241,40,308,-10,82,-10,369,-20" owari="281,-12.0,298,10.0,72,-43.0,349,45.0" /></mjloggm>