<mjloggm ver="2.3"><GO type="169" lobby="0"/><UN n0="%68%65%74" n1="%E3%81%AF%E3%81%92%E3%81%A1%E3%82%87%E3%81%8F" n2="%E3%83%A6%E3%83%AA%E3%82%A2" n3="%E5%B0%B1%E6%B4%BB%E7%94%9F%40%E5%B7%9D%E6%9D%91%E8%BB%8D%E5%9B%A3" dan="16,17,16,17" rate="2061.29,2149.42,2120.42,2264.00" sx="M,M,F,M"/><TAIKYOKU oya="0"/><INIT seed="0,0,0,3,0,64" ten="250,250,250,250" oya="0" hai0="117,91,50,15,99,71,1,134,3,125,130,2,126" hai1="86,109,23,76,10,79,75,29,16,48,69,135,68" hai2="58,87,107,32,120,80,131,121,129,34,62,57,61" hai3="102,96,90,42,89,115,24,95,21,14,6,46,133"/><T111/><D117/><U88/><E75/><V40/><F107/><W113/><G133/><T11/><D134/><U70/><E135/><V67/><F40/><W66/><G66/><T92/><D130/><U119/><E119/><V43/><F43/><W72/><G72/><T56/><D111/><U112/><E109/><V31/><F67/><W33/><G33/><T28/><D28/><U128/><E128/><V45/><F45/><W8/><G113/><T5/><REACH who="0" step="1"/><D71/><REACH who="0" ten="240,250,250,250" step="2"/><U9/><E112/><V84/><F31/><W13/><G115/><T49/><D49/><U73/><E29/><V63/><F62/><W97/><G14/><T101/><D101/><U85/><E48/><V39/><REACH who="2" step="1"/><F80/><REACH who="2" ten="240,250,240,250" step="2"/><W47/><G42/><T27/><D27/><U105/><E70/><V106/><F106/><W20/><G24/><T116/><D116/><U103/><E69/><V35/><F35/><W41/><G41/><T54/><AGARI ba="0,2" hai="1,2,3,5,11,15,50,54,56,91,92,99,125,126" machi="54" ten="40,3900,0" yaku="1,1,0,1,53,0" doraHai="64" doraHaiUra="74" who="0" fromWho="0" sc="240,59,250,-13,240,-13,250,-13" /><INIT seed="0,1,0,2,3,111" ten="299,237,227,237" oya="0" hai0="10,13,27,12,127,28,34,133,67,37,71,131,35" hai1="79,30,8,59,84,26,114,120,117,115,2,36,52" hai2="24,33,129,103,125,11,41,77,48,99,7,6,101" hai3="108,87,31,122,75,90,76,61,104,55,58,45,39"/><T17/><D37/><U25/><E117/><V3/><F129/><W5/><G108/><T74/><D74/><U93/><E36/><V112/><F125/><W57/><G104/><T4/><D71/><U22/><E120/><V32/><F7/><W95/><G122/><T119/><D67/><U110/><E110/><V73/><F103/><W109/><G109/><T100/><D100/><U123/><E123/><V78/><F78/><W68/><G68/><T105/><D105/><U116/><E116/><V121/><F121/><W97/><G75/><T21/><D119/><U63/><E26/><V80/><F48/><W82/><G5/><T60/><D60/><U135/><E135/><V118/><F118/><W0/><G0/><N who="0" m="263" /><D127/><U85/><E79/><V16/><F41/><W107/><G107/><T102/><D102/><U94/><E8/><V42/><F42/><W56/><G31/><N who="0" m="19839" /><D131/><U106/><E2/><V44/><F44/><W1/><G1/><T91/><D91/><U29/><E29/><V72/><F72/><W49/><REACH who="3" step="1"/><G39/><REACH who="3" ten="299,237,227,227" step="2"/><T38/><D38/><U20/><E106/><V51/><F73/><W130/><G130/><T23/><D133/><U126/><E126/><V70/><F70/><W96/><G96/><T53/><D53/><AGARI ba="1,1" hai="45,49,53,55,56,57,58,61,76,82,87,90,95,97" machi="53" ten="30,3900,0" yaku="1,1,7,1,8,1,53,0" doraHai="111" doraHaiUra="69" who="3" fromWho="0" sc="299,-42,237,0,227,0,227,52" /><INIT seed="1,0,0,1,4,72" ten="257,237,227,279" oya="1" hai0="52,74,24,88,18,75,79,78,122,123,127,118,2" hai1="45,13,34,113,133,73,11,81,60,25,47,119,135" hai2="36,37,43,70,9,27,87,134,94,125,16,132,51" hai3="5,46,120,22,61,56,63,62,0,121,86,1,12"/><U117/><E113/><V23/><F70/><W108/><G108/><T54/><D118/><U57/><E25/><V109/><F109/><W40/><G56/><T21/><D2/><U128/><E34/><V77/><F125/><W26/><G12/><T90/><D127/><U131/><E81/><V53/><F43/><W101/><G101/><T14/><D14/><U110/><E73/><N who="0" m="27657" /><D54/><N who="1" m="33847" /><E110/><V8/><F8/><W82/><G5/><T97/><D52/><U6/><E117/><V35/><F35/><W104/><G104/><T107/><D107/><U103/><E103/><V66/><F9/><W44/><G0/><T89/><D97/><U30/><E30/><V80/><F66/><W3/><G3/><T96/><D96/><U116/><E116/><V95/><F37/><W4/><G4/><T58/><D58/><U31/><E31/><V92/><REACH who="2" step="1"/><F36/><REACH who="2" ten="257,237,217,279" step="2"/><W111/><G111/><T91/><N who="0" m="23040" /><DORA hai="124" /><T17/><D17/><U99/><E119/><V19/><F19/><W102/><G40/><T33/><D33/><U65/><E65/><V114/><F114/><W7/><G120/><AGARI ba="0,1" hai="18,21,24,78,79,120,122,123" m="23040,27657" machi="120" ten="50,8000,1" yaku="13,1,52,2,54,1" doraHai="72,124" who="0" fromWho="3" sc="257,90,237,0,217,0,279,-80" /><INIT seed="2,0,0,0,2,126" ten="347,237,217,199" oya="2" hai0="123,60,34,31,27,105,38,102,2,98,32,99,96" hai1="120,3,20,112,124,28,62,69,6,100,40,16,93" hai2="115,127,129,65,17,87,35,5,86,25,15,75,66" hai3="80,22,72,107,76,103,52,101,30,1,95,108,13"/><V47/><F75/><W43/><G1/><T130/><D123/><U85/><E112/><V18/><F115/><W41/><G107/><T132/><D132/><U133/><E133/><V29/><F127/><W83/><G108/><T12/><D34/><U117/><E117/><V74/><F74/><W67/><G67/><T135/><D135/><U81/><E28/><V21/><F47/><W26/><G83/><T116/><D116/><U36/><E120/><V56/><F66/><W73/><G73/><T125/><D125/><U88/><E124/><V51/><F129/><W71/><G71/><T131/><D2/><U46/><E62/><V119/><F119/><W106/><G106/><T49/><D38/><U61/><E61/><V118/><F118/><W23/><G95/><T128/><D60/><U10/><E69/><V111/><F65/><W48/><G101/><T68/><D68/><U14/><REACH who="1" step="1"/><E100/><REACH who="1" ten="347,227,217,199" step="2"/><V9/><F111/><W82/><G103/><T58/><D12/><U64/><E64/><V54/><REACH who="2" step="1"/><F18/><REACH who="2" ten="347,227,207,199" step="2"/><W114/><G114/><T57/><D57/><U0/><E0/><AGARI ba="0,2" hai="0,5,9,15,17,21,25,29,35,51,54,56,86,87" machi="0" ten="30,18000,2" yaku="1,1,2,1,7,1,24,2,53,1" doraHai="126" doraHaiUra="4" who="2" fromWho="1" sc="347,0,227,-180,207,200,199,0" /><INIT seed="2,1,0,4,2,34" ten="347,47,407,199" oya="2" hai0="91,46,86,125,48,126,100,128,56,130,25,59,97" hai1="14,105,76,111,36,123,109,129,30,124,13,115,24" hai2="118,8,21,99,1,19,0,12,71,42,98,3,78" hai3="132,53,43,28,64,103,41,85,74,108,89,37,70"/><V113/><F71/><W65/><G74/><T80/><D25/><U122/><E105/><V66/><F66/><W18/><G103/><T32/><D32/><N who="1" m="20551" /><E76/><V9/><F78/><W17/><G28/><T38/><D38/><U31/><E36/><V77/><F77/><W23/><G37/><T84/><D59/><U50/><E50/><V104/><F42/><W75/><G75/><T22/><D22/><U73/><E73/><V58/><F58/><W92/><G70/><T106/><D56/><U93/><E93/><V87/><F87/><W79/><G79/><N who="0" m="46111" /><D48/><U90/><E90/><V26/><F118/><W33/><G33/><T27/><D27/><U67/><E67/><V112/><F104/><W121/><G43/><T16/><D16/><U133/><E115/><N who="2" m="44107" /><F98/><W44/><G53/><T114/><D46/><U102/><E102/><V39/><F99/><W68/><G68/><T20/><D20/><U11/><E31/><N who="2" m="17871" /><F39/><W101/><G101/><T63/><D63/><U6/><E124/><N who="0" m="47721" /><D114/><U4/><E129/><V88/><F88/><W134/><G89/><T52/><D52/><U116/><E116/><V61/><F61/><W49/><G64/><T94/><AGARI ba="1,0" hai="86,91,94,97,100,106,128,130" m="47721,46111" machi="94" ten="30,4000,0" yaku="18,1,34,2" doraHai="34" who="0" fromWho="0" sc="347,43,47,-11,407,-21,199,-11" /><INIT seed="3,0,0,1,2,69" ten="390,36,386,188" oya="3" hai0="24,110,86,129,46,84,3,30,125,117,94,135,66" hai1="112,17,61,55,64,114,88,99,60,5,134,87,6" hai2="82,116,104,20,25,97,106,73,56,98,38,47,96" hai3="108,128,75,31,2,50,15,45,79,54,67,92,105"/><W93/><G105/><T10/><D117/><U124/><E124/><V76/><F116/><W35/><G2/><T131/><D110/><U118/><E118/><V7/><F7/><W22/><G128/><N who="0" m="49227" /><D125/><U127/><E127/><V32/><F56/><W80/><G108/><T33/><D135/><U103/><E134/><V102/><F106/><W14/><G67/><T91/><D66/><U29/><E29/><V49/><F32/><W16/><REACH who="3" step="1"/><G14/><REACH who="3" ten="390,36,386,178" step="2"/><T39/><D3/><U126/><E126/><V40/><REACH who="2" step="1"/><F49/><REACH who="2" ten="390,36,376,178" step="2"/><W65/><G65/><T68/><D39/><U18/><E64/><V44/><F44/><W85/><G85/><T71/><D46/><U100/><E87/><V34/><F34/><W74/><G74/><T21/><D33/><U62/><E62/><V113/><F113/><W42/><G42/><T12/><D86/><U13/><E112/><V36/><F36/><W133/><G133/><T78/><D78/><U72/><E72/><V95/><F95/><W123/><G123/><T28/><D84/><U122/><E114/><V26/><F26/><AGARI ba="0,2" hai="15,16,22,26,31,35,45,50,54,75,79,80,92,93" machi="26" ten="40,7700,0" yaku="1,1,54,1,53,1" doraHai="69" doraHaiUra="9" who="3" fromWho="2" sc="390,0,36,0,376,-77,178,97" /><INIT seed="3,1,0,3,5,78" ten="390,36,299,275" oya="3" hai0="20,79,118,105,28,115,65,84,40,73,109,0,103" hai1="41,88,44,31,30,34,27,23,1,69,50,66,116" hai2="33,25,125,62,111,86,67,42,87,21,75,114,130" hai3="76,56,113,93,2,101,80,26,53,57,95,60,22"/><W64/><G113/><T72/><D0/><U124/><E124/><V106/><F75/><W5/><G2/><T85/><D65/><U48/><E116/><V102/><F106/><W36/><G5/><T97/><D40/><U70/><E1/><V46/><F114/><W112/><G36/><T74/><D28/><U77/><E77/><V15/><F130/><W43/><G43/><T58/><D58/><U119/><E119/><V6/><F125/><W81/><G76/><T17/><D118/><U133/><E133/><V55/><F111/><W16/><G112/><T59/><D59/><U61/><E69/><V94/><F33/><W98/><G93/><T120/><D109/><U82/><E34/><V9/><F55/><W108/><G108/><T13/><D115/><U37/><REACH who="1" step="1"/><E31/><REACH who="1" ten="390,26,299,275" step="2"/><V8/><F102/><W24/><G24/><T132/><D79/><U19/><E19/><V35/><F35/><W127/><G127/><T38/><D132/><U10/><E10/><V126/><F9/><W4/><G4/><T11/><D11/><U3/><E3/><V129/><F126/><W47/><G47/><T52/><D74/><U134/><E134/><V51/><F129/><W71/><G71/><T90/><D73/><U12/><E12/><V49/><F25/><W100/><G100/><T54/><D72/><U121/><E121/><V7/><F21/><W128/><G128/><T14/><D120/><U18/><E18/><V99/><F6/><W83/><G57/><T32/><D32/><U96/><E96/><V117/><F117/><W29/><G29/><T131/><D13/><RYUUKYOKU ba="1,1" sc="390,-15,26,15,299,-15,275,15" hai1="23,27,30,37,41,44,48,50,61,66,70,82,88" hai3="16,22,26,53,56,60,64,80,81,83,95,98,101" /><INIT seed="3,2,1,2,0,27" ten="375,41,284,290" oya="3" hai0="73,38,69,103,33,83,128,109,24,75,1,58,100" hai1="40,52,45,95,9,0,25,48,108,66,87,72,60" hai2="5,112,32,71,110,36,39,78,4,98,21,94,80" hai3="93,56,3,37,17,96,34,67,26,12,79,31,84"/><W35/><G3/><T111/><D69/><U29/><E72/><V115/><F112/><W114/><G37/><T99/><D38/><U116/><E108/><V122/><F115/><W42/><G42/><T20/><D33/><U97/><E116/><V91/><F110/><W130/><G130/><T18/><D1/><U41/><E87/><V135/><F71/><W92/><G114/><T47/><D128/><U16/><E0/><V113/><F32/><W118/><G35/><T120/><D120/><U88/><E29/><V129/><F113/><W89/><G118/><T82/><D47/><U7/><E7/><V46/><F129/><W106/><G106/><T30/><D30/><U105/><E105/><V133/><F122/><W53/><G67/><T43/><D43/><U65/><E65/><V77/><F46/><W123/><G123/><T86/><D58/><N who="1" m="37143" /><E9/><V74/><F77/><W68/><G68/><T134/><D134/><N who="2" m="51210" /><F21/><AGARI ba="2,1" hai="16,21,25,40,41,45,48,52,88,95,97" m="37143" machi="21" ten="30,7700,0" yaku="8,1,54,3" doraHai="27" who="1" fromWho="2" sc="375,0,41,93,284,-83,290,0" /><INIT seed="4,0,0,4,0,101" ten="375,134,201,290" oya="0" hai0="78,124,68,35,8,33,89,12,11,60,87,81,47" hai1="41,119,45,59,40,77,3,53,54,17,102,50,109" hai2="96,120,133,25,48,49,86,116,93,39,30,6,67" hai3="70,103,128,51,127,131,121,52,42,104,13,76,113"/><T83/><D124/><U108/><E3/><V94/><F39/><W80/><G70/><T122/><D122/><U100/><E77/><V14/><F120/><W88/><G113/><T85/><D8/><U5/><E5/><V105/><F116/><W99/><G127/><T27/><D27/><U0/><E0/><V1/><F105/><W82/><G42/><N who="1" m="16490" /><E17/><V34/><F1/><W73/><G13/><T18/><REACH who="0" step="1"/><D47/><REACH who="0" ten="365,134,201,290" step="2"/><U111/><E45/><V74/><F25/><W58/><G121/><T117/><D117/><U46/><E119/><V64/><F133/><W129/><G129/><T95/><D95/><U126/><E126/><V32/><F94/><W112/><G112/><T72/><D72/><U110/><E110/><V69/><F93/><W22/><G22/><T61/><D61/><U9/><E9/><V10/><F74/><W71/><G128/><T123/><D123/><U37/><E108/><V38/><F10/><W135/><G131/><T7/><D7/><U36/><E109/><V75/><F6/><W20/><G135/><T130/><D130/><U43/><E111/><V23/><F75/><W29/><G73/><T79/><D79/><U114/><E114/><V134/><F23/><W92/><G92/><T56/><D56/><N who="1" m="32823" /><E36/><V90/><F38/><W91/><G76/><T15/><D15/><U26/><E26/><V19/><F14/><W66/><G20/><T97/><D97/><U65/><E37/><V31/><F96/><W84/><G99/><T28/><D28/><U98/><E98/><V132/><F31/><W115/><G29/><T4/><D4/><RYUUKYOKU ba="0,1" sc="365,30,134,-10,201,-10,290,-10" hai0="11,12,18,33,35,60,68,78,81,83,85,87,89" /><INIT seed="4,1,1,5,4,20" ten="395,124,191,280" oya="0" hai0="126,100,8,109,80,124,114,119,21,123,34,51,15" hai1="24,132,102,30,60,36,69,44,41,18,33,16,115" hai2="113,135,71,43,66,58,122,49,77,87,97,45,40" hai3="112,117,46,116,19,130,42,83,91,125,37,103,64"/><T14/><D123/><U9/><E132/><V70/><F122/><W26/><G112/><T127/><D119/><U89/><E115/><V57/><F97/><W86/><G130/><T65/><D114/><U29/><E29/><V39/><F113/><W50/><G125/><T133/><D133/><U99/><E89/><V106/><F77/><W81/><G103/><T104/><D34/><U28/><E28/><V101/><F101/><W92/><G64/><T61/><D109/><U82/><E82/><V11/><F87/><W118/><G37/><T94/><D104/><N who="1" m="63583" /><E9/><V59/><F11/><W88/><G91/><T2/><D80/><U95/><E95/><V62/><F106/><W47/><G47/><T98/><D51/><U32/><E32/><V93/><F93/><W3/><G3/><T6/><REACH who="0" step="1"/><D21/><REACH who="0" ten="385,124,191,280" step="2"/><U12/><E12/><V25/><F135/><W63/><G63/><T85/><D85/><U129/><E129/><V7/><F7/><W96/><G86/><T38/><D38/><U13/><E13/><V56/><F25/><W53/><G26/><T84/><D84/><U90/><E90/><V68/><F40/><W4/><G83/><T48/><D48/><AGARI ba="1,2" hai="39,43,45,48,49,56,57,58,59,62,66,68,70,71" machi="48" ten="50,12000,2" yaku="35,6" doraHai="20" who="2" fromWho="0" sc="385,-123,124,0,191,143,280,0" /><INIT seed="5,0,0,5,4,60" ten="262,124,334,280" oya="1" hai0="101,121,95,127,66,71,13,21,27,12,97,86,117" hai1="64,58,15,20,82,63,93,51,32,112,105,123,49" hai2="56,122,57,46,24,89,116,118,90,83,5,125,31" hai3="44,69,38,40,52,16,50,77,135,87,9,10,73"/><U17/><E105/><V41/><F122/><W126/><G73/><T133/><D121/><U33/><E123/><V72/><F125/><W48/><G69/><T94/><D117/><U6/><E112/><V11/><F116/><W109/><G109/><T114/><D114/><U81/><E6/><V134/><F134/><W98/><G126/><T103/><D127/><U45/><E51/><V1/><F118/><W55/><G38/><T42/><D133/><U59/><E59/><V23/><F90/><W74/><G74/><T124/><D124/><U100/><E33/><V75/><F89/><W29/><G29/><T26/><D42/><U37/><E32/><V8/><F8/><W0/><G0/><T35/><D35/><U78/><E37/><N who="2" m="21807" /><F75/><W39/><G39/><T34/><D34/><U129/><E129/><V119/><F119/><W65/><G65/><T104/><D104/><U88/><E100/><V36/><F36/><W120/><G120/><T130/><D130/><U113/><E78/><AGARI ba="0,0" hai="1,5,11,23,24,31,56,57,72,78,83" m="21807" machi="78" ten="30,1000,0" yaku="25,1" doraHai="60" who="2" fromWho="1" sc="262,0,124,-10,334,10,280,0" /><INIT seed="6,0,0,3,2,50" ten="262,114,344,280" oya="2" hai0="83,36,76,103,28,34,12,130,71,10,23,108,105" hai1="55,29,79,125,112,99,49,84,52,62,58,68,86" hai2="65,90,129,44,4,94,20,133,16,13,56,106,91" hai3="43,69,126,109,87,77,88,60,2,72,51,66,18"/><V57/><F106/><W75/><G2/><T93/><D105/><U89/><E112/><V114/><F114/><W104/><G104/><T110/><D34/><U122/><E122/><V117/><F117/><W116/><G116/><T134/><D71/><U123/><E123/><V115/><F115/><W70/><G70/><T121/><D36/><U81/><E125/><V128/><F133/><W82/><G109/><T25/><D121/><U14/><E68/><V124/><F124/><W53/><G43/><T21/><D21/><U95/><E29/><V8/><F44/><W85/><G18/><T11/><D11/><U73/><REACH who="1" step="1"/><E14/><REACH who="1" ten="262,104,344,280" step="2"/><V46/><F129/><W47/><G126/><T15/><D130/><U120/><E120/><V61/><F128/><W135/><G135/><T98/><D15/><U42/><E42/><V27/><F46/><AGARI ba="0,1" hai="46,49,52,55,58,62,73,79,81,84,86,89,95,99" machi="46" ten="30,8000,1" yaku="1,1,7,1,52,2,54,1,53,0" doraHai="50" doraHaiUra="24" who="1" fromWho="2" sc="262,0,104,90,344,-80,280,0" /><INIT seed="7,0,0,4,5,34" ten="262,194,264,280" oya="3" hai0="12,68,3,63,17,31,54,55,106,43,134,15,133" hai1="101,36,45,81,104,23,72,22,71,14,88,51,60" hai2="49,93,90,105,73,89,44,76,80,11,124,65,94" hai3="5,111,24,10,84,123,50,100,35,2,46,56,18"/><W25/><G123/><T41/><D106/><U32/><E32/><V59/><F124/><W29/><G111/><T113/><D113/><U132/><E36/><V109/><F109/><W69/><G69/><T57/><D31/><U13/><E132/><N who="0" m="50793" /><D68/><U67/><E101/><V30/><F30/><W97/><G56/><N who="0" m="35223" /><D3/><U99/><E104/><V40/><F11/><W27/><G84/><T87/><D87/><U20/><E72/><V42/><F105/><W4/><G18/><T26/><D26/><U120/><E120/><V39/><F40/><N who="0" m="15434" /><D17/><U128/><E128/><V85/><F59/><W125/><G5/><T70/><D70/><U66/><E66/><V86/><REACH who="2" step="1"/><F65/><REACH who="2" ten="262,194,254,280" step="2"/><W91/><G125/><T96/><D96/><U112/><E112/><V108/><F108/><W38/><G29/><T127/><D127/><U119/><E119/><V37/><AGARI ba="0,1" hai="37,39,42,44,49,73,76,80,85,86,89,90,93,94" machi="37" ten="30,4000,0" yaku="1,1,0,1,9,1,53,0" doraHai="34" doraHaiUra="102" who="2" fromWho="2" sc="262,-10,194,-10,254,50,280,-20" owari="252,-15.0,184,-32.0,304,41.0,260,6.0" /></mjloggm>