<mjloggm ver="2.3"><GO type="225" lobby="0"/><UN n0="%E3%82%B7%E3%83%AD%E3%82%AF%E3%83%AD" n1="%E5%B0%B1%E6%B4%BB%E7%94%9F%40%E5%B7%9D%E6%9D%91%E8%BB%8D%E5%9B%A3" n2="%E5%91%B3%E5%B9%B3" n3="%E3%81%9D%E3%83%BC%E3%81%B7%E5%BB%B6%E9%95%B7" dan="16,17,16,16" rate="2107.17,2185.17,2138.09,2194.65" sx="M,M,M,M"/><TAIKYOKU oya="0"/><INIT seed="0,0,0,5,1,32" ten="250,250,250,250" oya="0" hai0="43,125,115,109,135,122,88,34,67,128,5,50,87" hai1="68,98,118,120,81,23,113,71,10,132,133,77,89" hai2="59,75,57,84,38,20,7,73,83,47,30,123,28" hai3="45,63,116,8,22,90,65,18,39,99,126,0,44"/><T25/><D122/><U36/><E120/><V121/><F121/><W102/><G126/><T35/><D115/><U17/><E118/><V16/><F123/><W64/><G116/><T129/><D125/><U79/><E36/><V100/><F100/><W60/><G90/><T62/><D135/><N who="1" m="51787" /><E10/><V11/><F73/><W108/><G108/><T14/><D109/><U127/><E127/><V33/><F75/><W9/><G39/><T104/><D104/><U103/><E89/><V19/><F33/><W74/><G74/><T131/><D5/><U119/><E119/><V3/><F38/><W4/><G99/><T53/><D14/><N who="1" m="9655" /><E113/><V40/><F40/><W55/><G102/><T96/><D96/><U110/><E110/><V2/><F47/><W13/><G9/><T92/><D25/><U26/><E26/><V130/><F84/><W61/><REACH who="3" step="1"/><G55/><REACH who="3" ten="250,250,250,240" step="2"/><T1/><D43/><U78/><E81/><V21/><F11/><W6/><G6/><T69/><REACH who="0" step="1"/><D1/><REACH who="0" ten="240,250,250,240" step="2"/><U117/><E117/><V86/><F7/><W134/><G134/><T42/><D42/><U112/><E112/><V29/><F2/><W58/><G58/><AGARI ba="0,2" hai="34,35,50,53,58,62,67,69,87,88,92,128,129,131" machi="58" ten="40,7700,0" yaku="1,1,19,1,54,1,53,0" doraHai="32" doraHaiUra="27" who="0" fromWho="3" sc="240,97,250,0,250,0,240,-77" /><INIT seed="0,1,0,1,4,26" ten="337,250,250,163" oya="0" hai0="13,94,86,55,25,103,3,45,59,11,89,84,114" hai1="2,20,29,57,90,56,5,40,72,87,32,80,36" hai2="128,85,6,131,105,106,108,124,30,37,52,64,125" hai3="119,1,46,102,133,47,81,82,78,100,107,129,113"/><T95/><D114/><U62/><E32/><V50/><F64/><W51/><G113/><T16/><D3/><U104/><E104/><V49/><F37/><W120/><G119/><T67/><D67/><U101/><E101/><V96/><F6/><W73/><G1/><T31/><D45/><U98/><E98/><V10/><F10/><W48/><G129/><N who="2" m="49737" /><F50/><W69/><G69/><T135/><D135/><U116/><E116/><V14/><F85/><W61/><G133/><T53/><D103/><U75/><E40/><V28/><F14/><W97/><G102/><T19/><D19/><U134/><E36/><V44/><F108/><W18/><G120/><T43/><D43/><U33/><E33/><V99/><F99/><W35/><G35/><T66/><D66/><U9/><E134/><V71/><F71/><W8/><G61/><T130/><D130/><U27/><E57/><V17/><F17/><W117/><G117/><T38/><D38/><U70/><E70/><V68/><F68/><W0/><G82/><T41/><D41/><U112/><E112/><V65/><F65/><AGARI ba="1,0" hai="2,5,9,20,27,29,56,62,65,72,75,80,87,90" machi="65" ten="30,2000,0" yaku="7,1,52,1" doraHai="26" who="1" fromWho="2" sc="337,0,250,23,250,-23,163,0" /><INIT seed="1,0,0,5,4,101" ten="337,273,227,163" oya="1" hai0="73,29,125,26,34,57,30,32,12,56,127,43,95" hai1="115,23,3,25,66,9,72,24,65,81,100,17,85" hai2="119,106,6,19,58,52,27,22,92,20,89,96,83" hai3="44,116,60,103,47,121,0,49,104,111,122,37,112"/><U10/><E72/><V93/><F119/><W134/><G0/><T99/><D73/><U126/><E115/><V59/><F6/><W132/><G112/><T120/><D120/><N who="3" m="46185" /><G116/><T68/><D68/><U38/><E126/><N who="0" m="48137" /><D43/><U128/><E38/><V86/><F106/><W91/><G91/><N who="0" m="55807" /><D12/><U5/><E128/><V114/><F114/><W69/><G37/><T94/><D94/><U39/><E39/><V33/><F33/><W40/><G103/><T61/><D61/><U13/><E100/><V64/><F64/><N who="3" m="41095" /><G104/><T129/><D129/><U84/><E84/><V71/><F71/><W108/><G47/><T15/><D15/><U74/><E74/><V98/><F59/><W63/><G63/><T87/><D87/><U135/><E135/><AGARI ba="0,0" hai="40,44,49,108,111,132,134,135" m="41095,46185" machi="135" ten="30,3900,0" yaku="20,1,34,2" doraHai="101" who="3" fromWho="1" sc="337,0,273,-39,227,0,163,39" /><INIT seed="2,0,0,1,4,65" ten="337,234,227,202" oya="2" hai0="86,123,70,135,81,76,72,14,91,3,100,36,21" hai1="108,99,34,66,20,78,62,10,13,127,116,18,82" hai2="12,15,93,25,49,121,115,69,27,111,9,89,75" hai3="2,133,56,97,46,23,35,43,17,106,130,118,33"/><V84/><F121/><W60/><G2/><T120/><D3/><U40/><E34/><V77/><F115/><W37/><G130/><T54/><D135/><U119/><E108/><V105/><F105/><W134/><G118/><T57/><D36/><U112/><E112/><V128/><F111/><W41/><G41/><T11/><D70/><U126/><E40/><V24/><F128/><W64/><G133/><T61/><D100/><U107/><E99/><V104/><F104/><W114/><G114/><T96/><D21/><U19/><E107/><V124/><F69/><W125/><G125/><N who="1" m="47626" /><E19/><V88/><F124/><W22/><G22/><T7/><D96/><U117/><E10/><V80/><F49/><W53/><G134/><T101/><D101/><U92/><E92/><AGARI ba="0,0" hai="7,11,14,54,57,61,72,76,81,86,91,92,120,123" machi="92" ten="30,1000,0" yaku="7,1" doraHai="65" who="0" fromWho="1" sc="337,10,234,-10,227,0,202,0" /><INIT seed="3,0,0,1,5,49" ten="347,224,227,202" oya="3" hai0="57,79,37,83,35,107,31,124,86,64,7,93,115" hai1="15,81,66,126,34,82,71,84,2,73,63,77,46" hai2="131,0,40,109,48,19,25,53,3,128,20,89,21" hai3="135,24,118,96,17,10,130,114,59,55,61,22,97"/><W127/><G114/><T122/><D107/><U41/><E2/><V28/><F109/><W102/><G118/><T132/><D37/><U117/><E117/><V44/><F89/><W29/><G127/><T103/><D124/><U62/><E126/><V60/><F60/><W56/><G130/><N who="2" m="49705" /><F40/><W113/><G135/><T129/><D122/><U50/><E34/><V69/><F69/><W105/><G113/><T42/><D42/><U119/><E119/><V67/><F67/><W85/><G97/><T14/><D31/><U45/><E45/><V120/><F120/><W12/><G85/><T1/><D35/><U30/><E30/><V78/><F78/><W58/><AGARI ba="0,0" hai="10,12,17,22,24,29,55,56,58,59,61,96,102,105" machi="58" ten="30,3000,0" yaku="0,1,52,1" doraHai="49" who="3" fromWho="3" sc="347,-10,224,-10,227,-10,202,30" /><INIT seed="3,1,0,5,1,20" ten="337,214,217,232" oya="3" hai0="70,118,1,28,127,26,107,38,132,54,58,66,52" hai1="120,49,104,111,102,51,67,121,23,8,135,55,5" hai2="3,93,9,64,27,89,72,69,42,91,31,99,123" hai3="105,115,83,34,33,14,47,129,90,59,124,76,0"/><W112/><G0/><T36/><D118/><U32/><E32/><V44/><F72/><W100/><G124/><T13/><D107/><U4/><E111/><V84/><F123/><W68/><G68/><T119/><D1/><U50/><E135/><V43/><F69/><W134/><G134/><T80/><D80/><U18/><E67/><V101/><F64/><W79/><G79/><T96/><D13/><U46/><E102/><V21/><F44/><W16/><G129/><T114/><D96/><U122/><E104/><V40/><F84/><W131/><G131/><T10/><D54/><U77/><E77/><V133/><F133/><W81/><G90/><N who="2" m="34313" /><F3/><W15/><G47/><T65/><D58/><U63/><E8/><AGARI ba="1,0" hai="8,9,21,27,31,40,42,43,93,99,101" m="34313" machi="8" ten="30,2000,0" yaku="8,1,52,1" doraHai="20" who="2" fromWho="1" sc="337,0,214,-23,217,23,232,0" owari="337,44.0,191,-31.0,240,4.0,232,-17.0" /></mjloggm>