<mjloggm ver="2.3"><GO type="169" lobby="0"/><UN n0="%E2%91%A3%E3%82%BB%E3%83%B3%E3%83%81" n1="%E5%B0%B1%E6%B4%BB%E7%94%9F%40%E5%B7%9D%E6%9D%91%E8%BB%8D%E5%9B%A3" n2="%41%79%6F%75%46" n3="%E3%81%AF%E3%81%92%E3%81%A1%E3%82%87%E3%81%8F" dan="18,18,17,17" rate="2197.42,2211.41,2106.38,2205.24" sx="M,M,M,M"/><TAIKYOKU oya="0"/><INIT seed="0,0,0,3,3,115" ten="250,250,250,250" oya="0" hai0="1,19,83,74,31,69,128,120,5,56,76,111,30" hai1="103,75,63,88,3,91,68,92,78,50,113,80,34" hai2="48,18,33,109,73,86,32,99,4,97,104,49,94" hai3="45,6,100,66,101,123,11,130,8,35,20,22,13"/><T89/><D69/><U131/><E113/><V82/><F4/><W122/><G35/><T65/><D120/><N who="3" m="46121" /><G66/><T42/><D128/><U37/><E131/><V84/><F73/><W106/><G130/><T132/><D132/><U28/><E37/><V23/><F109/><W108/><G108/><T25/><D111/><U117/><E3/><V105/><F23/><N who="3" m="8747" /><G106/><T114/><D19/><U61/><E117/><V9/><F94/><W26/><G26/><T16/><D42/><U85/><E68/><V46/><F82/><W54/><G11/><T0/><D114/><U125/><E125/><V27/><F18/><W47/><G54/><T96/><D16/><U29/><E34/><V58/><F58/><W87/><G87/><T24/><D24/><U57/><E29/><V107/><F27/><W134/><G134/><T60/><D5/><U135/><E28/><V55/><F107/><W116/><G116/><T126/><D126/><U14/><E14/><V118/><F55/><W79/><G79/><T52/><D65/><U12/><E12/><V44/><REACH who="2" step="1"/><F118/><REACH who="2" ten="250,250,240,250" step="2"/><W43/><G47/><T17/><D17/><U129/><E129/><V98/><F98/><W51/><AGARI ba="0,1" hai="6,8,13,43,45,51,100,101" m="8747,46121" machi="51" ten="30,1100,0" yaku="13,1" doraHai="115" who="3" fromWho="3" sc="250,-5,250,-3,240,-3,250,21" /><INIT seed="1,0,0,1,4,113" ten="245,247,237,271" oya="1" hai0="91,52,128,26,10,93,95,58,40,101,61,107,126" hai1="0,69,44,20,77,55,110,100,9,1,30,115,38" hai2="32,49,75,122,24,89,65,41,87,63,116,134,85" hai3="16,108,4,48,3,7,117,72,71,8,121,96,45"/><U57/><E115/><V36/><F75/><W129/><G121/><T92/><D126/><U27/><E69/><V51/><F122/><W2/><G72/><T135/><D135/><U23/><E110/><V74/><F74/><W111/><G71/><T99/><D128/><U133/><E133/><V90/><F134/><W15/><G129/><T31/><D40/><U78/><E100/><V18/><F36/><W19/><G96/><T132/><D10/><U114/><E114/><V80/><F41/><W56/><G56/><T125/><D125/><U21/><E44/><V6/><F6/><N who="3" m="2091" /><G48/><T25/><D25/><U84/><E38/><V54/><F116/><W124/><G45/><T34/><REACH who="0" step="1"/><D132/><REACH who="0" ten="235,247,237,271" step="2"/><U68/><E9/><V28/><F18/><W123/><G124/><T82/><D82/><U112/><E112/><V66/><F54/><W17/><G123/><T22/><D22/><U62/><E1/><N who="3" m="10" /><G117/><T43/><D43/><U67/><E0/><V86/><F66/><W53/><G53/><T35/><D35/><U106/><E106/><V102/><F80/><W130/><G130/><T33/><D33/><U42/><E42/><V64/><F64/><W120/><G120/><T73/><D73/><U13/><E55/><V70/><F32/><W47/><G47/><T131/><D131/><U59/><E67/><V11/><F11/><W119/><G119/><T127/><D127/><U105/><E105/><V79/><F65/><W60/><G60/><T5/><D5/><AGARI ba="0,1" hai="5,8,15,16,17,19,108,111" m="10,2091" machi="5" ten="40,5200,0" yaku="34,2,54,1" doraHai="113" who="3" fromWho="0" sc="235,-52,247,0,237,0,271,62" /><INIT seed="2,0,0,0,5,111" ten="183,247,237,333" oya="2" hai0="93,127,94,70,91,92,99,71,63,50,107,87,39" hai1="8,82,15,102,118,103,12,54,129,4,101,31,34" hai2="112,46,130,78,122,61,125,43,68,132,86,74,32" hai3="81,41,24,98,16,84,65,113,56,14,75,85,29"/><V40/><F122/><W117/><G117/><T6/><D39/><U62/><E118/><V23/><F32/><W135/><G135/><T114/><D127/><U5/><E129/><V2/><F74/><W77/><G41/><T67/><D6/><U133/><E133/><V49/><F2/><W128/><G128/><T7/><D7/><U66/><E82/><V100/><F132/><W10/><G113/><T36/><D36/><U97/><E54/><V131/><F100/><W110/><G110/><T88/><D114/><U80/><E80/><V18/><F112/><W51/><G98/><T0/><D0/><U58/><E31/><V20/><F125/><W13/><G13/><T35/><D71/><U52/><E34/><V105/><F105/><W9/><G9/><T89/><D35/><U38/><E38/><V33/><F33/><W30/><G75/><T119/><D119/><U69/><E12/><V28/><F43/><W44/><G24/><T59/><D107/><U120/><E5/><V64/><F28/><W83/><G44/><T121/><D121/><U45/><E45/><V48/><F20/><W55/><G65/><T95/><D50/><U21/><E21/><V37/><F131/><W3/><G3/><T79/><D70/><U11/><E11/><V109/><F109/><W42/><G42/><T134/><D134/><U76/><E120/><V22/><F130/><W73/><G73/><T115/><D115/><U108/><E108/><V25/><F23/><W1/><G1/><T53/><D67/><U104/><E76/><AGARI ba="0,0" hai="10,14,16,29,30,51,55,56,76,77,81,83,84,85" machi="76" ten="30,7700,0" yaku="7,1,9,1,8,1,54,1" doraHai="111" who="3" fromWho="1" sc="183,0,247,-77,237,0,333,77" /><INIT seed="3,0,0,1,0,23" ten="183,170,237,410" oya="3" hai0="32,33,122,0,22,124,41,18,90,87,95,45,110" hai1="76,132,37,58,91,3,121,6,117,67,128,74,89" hai2="77,80,61,5,65,13,26,106,73,123,19,83,129" hai3="47,31,105,96,9,29,43,10,108,68,48,75,49"/><W79/><G68/><T131/><D122/><U119/><E121/><V4/><F123/><W7/><G108/><T16/><D0/><U2/><E37/><V97/><F129/><W46/><G105/><T57/><D131/><U70/><E70/><V85/><F106/><W40/><G96/><T86/><D110/><U114/><E114/><V63/><F97/><W81/><REACH who="3" step="1"/><G10/><REACH who="3" ten="183,170,237,400" step="2"/><T78/><D124/><U51/><E128/><V98/><F98/><W36/><G36/><T71/><D71/><U1/><E119/><V24/><F73/><W126/><G126/><T54/><D33/><U111/><E74/><V127/><F127/><W94/><G94/><T44/><D32/><U56/><E111/><V69/><F83/><W84/><G84/><T82/><D22/><U102/><E117/><V59/><F4/><W104/><G104/><T134/><D134/><U50/><E6/><V113/><F5/><W120/><G120/><T103/><D103/><U12/><E102/><V39/><F39/><W14/><AGARI ba="0,1" hai="7,9,14,29,31,40,43,46,47,48,49,75,79,81" machi="14" ten="20,7800,0" yaku="1,1,0,1,7,1,9,1,53,0" doraHai="23" doraHaiUra="17" who="3" fromWho="3" sc="183,-26,170,-26,237,-26,400,88" /><INIT seed="3,1,0,3,5,55" ten="157,144,211,488" oya="3" hai0="123,100,5,126,37,129,8,89,113,81,35,103,72" hai1="39,94,121,58,68,26,38,46,114,122,59,101,31" hai2="33,57,0,32,116,21,4,27,109,120,15,74,34" hai3="69,47,90,6,44,117,106,1,87,56,43,53,66"/><W118/><G106/><T97/><D35/><U42/><E114/><V107/><F74/><W98/><G98/><T102/><D37/><U30/><E68/><V125/><F107/><W13/><G1/><T71/><D71/><U49/><E38/><V128/><F109/><W7/><G66/><T22/><D22/><U131/><E131/><V2/><F116/><W45/><G69/><T105/><D8/><U25/><E39/><V92/><F92/><W70/><G43/><T67/><D5/><U80/><E80/><V110/><F110/><W10/><G70/><T54/><D54/><U85/><E121/><V88/><F88/><W75/><G75/><T20/><D67/><U18/><E18/><V14/><F57/><N who="1" m="21513" /><E122/><V124/><F120/><W28/><G28/><N who="1" m="10794" /><E85/><V17/><F128/><W73/><G73/><T64/><D113/><U93/><E94/><V19/><F27/><W115/><G115/><T112/><D112/><U108/><E108/><V12/><F4/><N who="3" m="3271" /><G117/><T76/><D123/><U111/><E111/><V36/><F36/><W9/><G118/><T60/><D129/><U51/><E49/><V99/><F99/><AGARI ba="1,0" hai="25,26,42,46,51,93,99,101" m="10794,21513" machi="99" ten="30,7700,0" yaku="8,1,52,3" doraHai="55" who="1" fromWho="2" sc="157,0,144,80,211,-80,488,0" /><INIT seed="4,0,0,3,4,41" ten="157,224,131,488" oya="0" hai0="118,96,39,5,89,17,92,90,80,111,68,112,95" hai1="56,47,8,79,51,62,50,13,35,121,34,107,2" hai2="110,0,102,91,36,86,65,117,6,18,14,32,73" hai3="38,25,134,85,88,20,109,40,45,104,66,101,133"/><T12/><D118/><U11/><E107/><V16/><F73/><W82/><G66/><T29/><D68/><U123/><E79/><V57/><F110/><W33/><G33/><T119/><D119/><U116/><E116/><V105/><F32/><W106/><G109/><T10/><D111/><U135/><E135/><N who="3" m="51722" /><G101/><T120/><D120/><U71/><E71/><V42/><F0/><W83/><G83/><T129/><D129/><U9/><E2/><V72/><F72/><W81/><G81/><T49/><D39/><U55/><E34/><V30/><F30/><AGARI ba="0,0" hai="20,25,30,38,40,45,82,85,88,104,106" m="51722" machi="30" ten="30,3900,0" yaku="20,1,52,1,54,1" doraHai="41" who="3" fromWho="2" sc="157,0,224,0,131,-39,488,39" /><INIT seed="5,0,0,3,2,73" ten="157,224,92,527" oya="1" hai0="114,104,60,110,79,45,51,134,18,93,85,49,52" hai1="135,133,84,37,55,67,47,116,17,88,7,41,9" hai2="40,25,103,19,111,76,75,63,90,26,71,91,100" hai3="113,4,57,29,128,87,80,77,48,42,1,97,13"/><U99/><E116/><V59/><F71/><W62/><G1/><T72/><D104/><U106/><E67/><V34/><F40/><W120/><G120/><T65/><D110/><U54/><E17/><V130/><F111/><W92/><G113/><T105/><D105/><U123/><E99/><V53/><F130/><W30/><G128/><T50/><D72/><U66/><E66/><V22/><F34/><W69/><G69/><T21/><D114/><U121/><E106/><V95/><F26/><W83/><G83/><N who="0" m="47359" /><D134/><N who="1" m="51211" /><E54/><V82/><REACH who="2" step="1"/><F90/><REACH who="2" ten="157,224,82,527" step="2"/><N who="3" m="55447" /><G42/><T43/><D43/><U108/><E108/><V12/><F12/><W24/><G24/><N who="0" m="14391" /><D93/><N who="1" m="54407" /><E55/><V74/><F74/><W38/><G38/><T3/><D3/><AGARI ba="0,1" hai="3,7,9,37,41,47,121,123" m="54407,51211" machi="3" ten="30,2900,0" yaku="20,1,54,1" doraHai="73" who="1" fromWho="0" sc="157,-29,224,39,82,0,527,0" /><INIT seed="5,1,0,4,5,46" ten="128,263,82,527" oya="1" hai0="128,40,100,59,75,81,117,8,131,95,17,32,80" hai1="61,123,42,16,101,22,69,70,111,113,122,94,89" hai2="73,133,134,25,104,47,93,11,45,91,50,56,1" hai3="55,79,12,58,41,34,63,44,37,24,7,15,106"/><U126/><E113/><V114/><F104/><W78/><G106/><T98/><D32/><U36/><E101/><V31/><F73/><W54/><G34/><T39/><D117/><U82/><E82/><V51/><F114/><W38/><G38/><T132/><D132/><N who="2" m="50794" /><F56/><W83/><G24/><T109/><D109/><U28/><E28/><V124/><F124/><W92/><G92/><T19/><D39/><U76/><E76/><V33/><F47/><W2/><G55/><T85/><D40/><U72/><E72/><V52/><F51/><W90/><G90/><T64/><D75/><U43/><E111/><V21/><F33/><W103/><G103/><T71/><D71/><U66/><E70/><V121/><F121/><W86/><G78/><T112/><D112/><U5/><E5/><N who="2" m="1455" /><F91/><W6/><G2/><T116/><D116/><U87/><E126/><V30/><F93/><W105/><G105/><T60/><D81/><U129/><E43/><V13/><F13/><W88/><G79/><N who="0" m="46239" /><D8/><U110/><E42/><V120/><F120/><W107/><G107/><T67/><D64/><U135/><E36/><V48/><F48/><W119/><G119/><T99/><D98/><U65/><E135/><V49/><F49/><W125/><G125/><T118/><D118/><U62/><E110/><V102/><F102/><W4/><AGARI ba="1,0" hai="4,6,7,12,15,37,41,44,54,58,63,83,86,88" machi="4" ten="30,2000,0" yaku="0,1,54,1" doraHai="46" who="3" fromWho="3" sc="128,-6,263,-11,82,-6,527,23" /><INIT seed="6,0,0,3,5,39" ten="122,252,76,550" oya="2" hai0="13,75,83,68,92,122,93,61,9,99,44,47,126" hai1="48,59,22,23,46,62,98,8,19,32,118,29,103" hai2="111,115,114,60,120,74,64,110,119,26,125,73,15" hai3="123,12,35,84,18,63,80,87,7,16,102,128,3"/><V24/><F119/><W10/><G123/><T54/><D122/><U31/><E118/><V37/><F120/><W51/><G35/><T85/><D75/><N who="2" m="28682" /><F15/><W116/><G116/><T58/><D68/><U14/><E32/><V77/><F77/><W49/><G102/><N who="0" m="60775" /><D93/><N who="1" m="58831" /><E29/><V97/><F97/><W67/><G84/><T130/><D130/><U95/><E95/><V135/><F37/><W104/><G104/><T86/><D126/><U81/><E81/><V53/><F53/><W82/><G128/><T89/><D86/><U56/><E31/><V2/><F2/><W11/><G18/><AGARI ba="0,0" hai="9,13,18,44,47,54,58,61,83,85,89" m="60775" machi="18" ten="30,1000,0" yaku="8,1" doraHai="39" who="0" fromWho="3" sc="122,10,252,0,76,0,550,-10" /><INIT seed="7,0,0,1,0,72" ten="132,252,76,540" oya="3" hai0="25,47,49,37,23,100,60,130,4,108,58,92,46" hai1="103,111,20,62,19,24,8,51,89,33,29,32,117" hai2="45,7,16,116,0,134,91,50,22,21,67,112,55" hai3="75,80,96,38,135,69,66,70,59,17,1,82,35"/><W124/><G35/><T110/><D37/><U128/><E111/><V78/><F116/><W28/><G28/><T97/><D130/><U104/><E117/><V85/><F112/><W99/><G17/><T127/><D127/><U123/><E123/><V133/><F22/><W71/><G1/><T15/><D110/><U10/><E104/><V81/><F67/><W63/><G38/><T61/><D108/><U106/><E103/><V9/><REACH who="2" step="1"/><F91/><REACH who="2" ten="132,252,66,540" step="2"/><W31/><G66/><N who="0" m="39191" /><D61/><U54/><E20/><V109/><F109/><W43/><G63/><T6/><D15/><AGARI ba="0,1" hai="0,7,9,15,16,21,45,50,55,78,81,85,133,134" machi="15" ten="40,5200,0" yaku="1,1,52,1,54,1,53,0" doraHai="72" doraHaiUra="27" who="2" fromWho="0" sc="132,-52,252,0,66,62,540,0" owari="80,-42.0,252,5.0,128,-27.0,540,64.0" /></mjloggm>