<mjloggm ver="2.3"><GO type="169" lobby="0"/><UN n0="%E2%98%86%E3%82%BF%E3%82%B9%E3%83%9E%E3%83%8B%E3%82%A2" n1="%E3%81%9C%E3%82%8D%E3%82%81%E3%81%90" n2="%4B%E3%80%82" n3="%E5%B0%B1%E6%B4%BB%E7%94%9F%40%E5%B7%9D%E6%9D%91%E8%BB%8D%E5%9B%A3" dan="17,16,17,18" rate="2114.92,2022.73,2194.45,2213.26" sx="M,F,M,M"/><TAIKYOKU oya="0"/><INIT seed="0,0,0,5,3,62" ten="250,250,250,250" oya="0" hai0="2,41,102,37,51,49,70,118,90,75,125,43,109" hai1="0,54,77,59,21,44,131,129,15,89,74,31,123" hai2="67,112,99,55,47,86,78,35,121,38,84,58,22" hai3="76,113,95,66,46,83,27,1,52,101,40,7,23"/><T133/><D2/><U26/><E0/><V100/><F35/><W106/><G113/><T4/><D4/><U32/><E123/><V110/><F112/><W53/><G106/><T104/><D75/><U3/><E3/><V14/><F110/><W119/><G119/><T124/><D104/><U33/><E44/><V96/><F78/><W87/><G1/><T18/><D18/><U105/><E105/><V57/><F38/><W17/><G7/><T60/><D90/><U134/><E134/><V10/><F47/><W80/><G80/><T28/><D28/><U114/><E114/><V61/><F22/><W68/><G101/><T36/><D102/><U12/><E89/><V94/><F99/><W91/><G66/><N who="0" m="41287" /><D133/><U50/><E77/><V69/><F69/><W19/><G19/><T48/><D118/><U81/><E81/><V9/><F121/><W108/><G68/><T45/><D109/><U34/><REACH who="1" step="1"/><E74/><REACH who="1" ten="250,240,250,250" step="2"/><V65/><F100/><W29/><G108/><T6/><D6/><U56/><E56/><V64/><F58/><W11/><G76/><T107/><D107/><U39/><E39/><N who="0" m="14921" /><D45/><U16/><E16/><V132/><F132/><W8/><G83/><T73/><D73/><U88/><E88/><N who="2" m="55367" /><F9/><N who="3" m="3659" /><G17/><AGARI ba="0,1" hai="10,14,17,55,57,61,64,65,67,84,86" m="55367" machi="17" ten="30,8000,1" yaku="8,1,52,3,54,1" doraHai="62" who="2" fromWho="3" sc="250,0,240,0,250,90,250,-80" /><INIT seed="1,0,0,3,2,16" ten="250,240,340,170" oya="1" hai0="91,89,77,100,133,50,64,84,24,71,31,28,45" hai1="124,119,111,18,22,122,27,0,34,37,131,49,61" hai2="60,74,19,104,43,32,95,109,1,44,99,76,86" hai3="47,129,35,132,94,98,96,83,20,6,15,58,7"/><U23/><E37/><V114/><F32/><W39/><G35/><T14/><D133/><U72/><E119/><V103/><F1/><W70/><G70/><T48/><D100/><U128/><E122/><V9/><F60/><W52/><G129/><N who="1" m="49738" /><E72/><V110/><F114/><W65/><G132/><T127/><D127/><U115/><E115/><V102/><F102/><W107/><G107/><T33/><D31/><N who="1" m="19839" /><E124/><V125/><F125/><W21/><G83/><T12/><D77/><U81/><E111/><V4/><F4/><N who="3" m="1579" /><G15/><T73/><D73/><U63/><E0/><V106/><F19/><W53/><G39/><T105/><D105/><U123/><E123/><V10/><F106/><W2/><G2/><T118/><D118/><U59/><E81/><N who="2" m="45207" /><F109/><W51/><G65/><T93/><D48/><U135/><E135/><V112/><F110/><W54/><G96/><T11/><D11/><U78/><E78/><V85/><F85/><W116/><G116/><T55/><REACH who="0" step="1"/><D91/><REACH who="0" ten="240,240,340,170" step="2"/><U8/><E8/><V26/><F112/><W13/><G47/><T66/><D66/><U38/><E38/><N who="2" m="21623" /><F10/><W29/><G51/><T80/><D80/><U56/><E49/><V69/><F9/><W79/><G79/><T88/><D88/><U36/><E36/><V57/><F104/><W5/><G94/><T97/><D97/><U117/><E117/><V25/><F99/><W17/><G98/><T3/><D3/><U68/><E18/><V130/><F103/><W121/><G121/><T108/><D108/><U101/><E101/><V62/><F130/><W92/><N who="3" m="1587" /><W41/><DORA hai="113" /><G92/><RYUUKYOKU ba="0,1" sc="240,30,240,-10,340,-10,170,-10" hai0="12,14,24,28,33,45,50,55,64,71,84,89,93" /><INIT seed="2,1,1,3,4,59" ten="270,230,330,160" oya="2" hai0="40,115,43,41,29,38,117,119,21,135,113,101,31" hai1="52,7,100,99,128,32,82,58,106,110,17,9,73" hai2="118,77,116,123,96,44,61,76,109,62,24,30,70" hai3="26,75,78,42,122,88,3,34,64,69,108,92,105"/><V47/><F123/><W134/><G105/><T16/><D38/><U68/><E68/><V37/><F70/><W33/><G122/><T14/><D101/><U71/><E71/><V49/><F37/><W132/><G3/><T98/><D98/><U130/><E110/><V63/><F109/><W131/><G108/><T28/><REACH who="0" step="1"/><D135/><REACH who="0" ten="260,230,330,160" step="2"/><U79/><E130/><V1/><F116/><AGARI ba="1,2" hai="14,16,21,28,29,31,40,41,43,113,115,116,117,119" machi="116" ten="50,8000,1" yaku="1,1,2,1,12,1,54,1,53,0" doraHai="59" doraHaiUra="2" who="0" fromWho="2" sc="260,103,230,0,330,-83,160,0" /><INIT seed="3,0,0,2,1,131" ten="363,230,247,160" oya="3" hai0="108,74,15,70,83,82,76,103,32,10,9,12,53" hai1="95,134,135,40,130,107,71,31,132,55,120,121,111" hai2="5,68,124,35,102,30,59,44,93,127,94,92,104" hai3="80,69,65,52,21,129,51,26,63,42,8,39,47"/><W13/><G129/><T122/><D122/><U48/><E130/><V16/><F5/><W98/><G98/><T4/><D32/><U117/><E107/><V89/><F68/><W57/><G80/><T1/><D70/><U54/><E111/><V100/><F35/><W97/><G97/><T29/><D29/><U125/><E125/><N who="2" m="48203" /><F30/><W6/><G26/><T49/><D103/><N who="2" m="39466" /><F59/><W43/><G43/><T38/><D38/><U50/><E117/><V99/><F44/><W17/><REACH who="3" step="1"/><G21/><REACH who="3" ten="363,230,247,150" step="2"/><T85/><D108/><U116/><E116/><V28/><F104/><W84/><G84/><T41/><D41/><U78/><E40/><V126/><F126/><W33/><G33/><T73/><D82/><U60/><E121/><V2/><F99/><W64/><G64/><T79/><D79/><U45/><E78/><V66/><F66/><W23/><G23/><T67/><D67/><N who="1" m="41447" /><E120/><V115/><F94/><W106/><G106/><T77/><D77/><U109/><E109/><V14/><F92/><W118/><G118/><T46/><D74/><U128/><E128/><V58/><F93/><W34/><G34/><T18/><D73/><U75/><E75/><V96/><F96/><W113/><G113/><T62/><D85/><U22/><E95/><V3/><F115/><W114/><G114/><T119/><D83/><U90/><E22/><V27/><F27/><W86/><G86/><T20/><D76/><U19/><E55/><V0/><F89/><W88/><G88/><T101/><D119/><U133/><E90/><V112/><F112/><W123/><G123/><T105/><D105/><RYUUKYOKU ba="0,1" sc="363,-10,230,-10,247,-10,150,30" hai3="6,8,13,17,39,42,47,51,52,57,63,65,69" /><INIT seed="3,1,1,5,0,10" ten="353,220,237,180" oya="3" hai0="26,28,90,48,3,125,89,8,57,40,74,66,126" hai1="42,82,129,79,135,59,96,91,107,95,41,6,86" hai2="12,123,38,118,16,110,19,122,24,112,84,29,44" hai3="45,53,99,5,75,115,88,7,80,30,73,128,13"/><W14/><G115/><T17/><D74/><U113/><E113/><V63/><F112/><W9/><G128/><T85/><D85/><U87/><E129/><V108/><F118/><W43/><G30/><T22/><D66/><U25/><E135/><V20/><F63/><W54/><G75/><T61/><D61/><U121/><E121/><N who="2" m="46091" /><F84/><N who="3" m="50183" /><G73/><T83/><D83/><U94/><E107/><V70/><F70/><W132/><G132/><T4/><D28/><U130/><E130/><V111/><F38/><W11/><G99/><T92/><D92/><U105/><E105/><V101/><F44/><W46/><G46/><N who="0" m="25671" /><D57/><U134/><E134/><V2/><F2/><W119/><G119/><T1/><D1/><U49/><E6/><V23/><F101/><W117/><G117/><T103/><D103/><N who="1" m="60823" /><E25/><V52/><F52/><AGARI ba="1,1" hai="41,42,49,52,59,79,82,86,87,91,95" m="60823" machi="52" ten="30,2000,0" yaku="8,1,54,1" doraHai="10" who="1" fromWho="2" sc="353,0,220,33,237,-23,180,0" /><INIT seed="4,0,0,4,3,113" ten="353,253,214,180" oya="0" hai0="77,78,125,1,127,85,90,38,23,120,57,4,114" hai1="99,69,39,94,106,83,121,16,86,52,53,47,58" hai2="118,8,44,43,29,7,88,60,91,5,79,111,76" hai3="72,133,40,104,130,50,41,122,101,68,131,96,107"/><T93/><D114/><U103/><E69/><V17/><F111/><W87/><G72/><T12/><D38/><U108/><E108/><V124/><F29/><W51/><G68/><T54/><D1/><U13/><E121/><V26/><F124/><N who="0" m="47690" /><D120/><U31/><E31/><V24/><F60/><W32/><G32/><T10/><D23/><U75/><E75/><V105/><F105/><W19/><G19/><T84/><D84/><U128/><E128/><N who="3" m="49194" /><G133/><T119/><D119/><U134/><E134/><V48/><F118/><W95/><G122/><T63/><AGARI ba="0,0" hai="4,10,12,54,57,63,77,78,85,90,93" m="47690" machi="63" ten="30,1500,0" yaku="18,1" doraHai="113" who="0" fromWho="0" sc="353,15,253,-5,214,-5,180,-5" /><INIT seed="4,1,0,2,4,121" ten="368,248,209,175" oya="0" hai0="14,79,56,95,89,51,31,32,83,13,55,68,108" hai1="105,46,41,67,49,37,135,33,84,113,15,106,57" hai2="85,36,91,119,100,7,50,81,40,131,72,19,8" hai3="60,132,48,103,64,38,116,17,97,125,104,92,16"/><T134/><D68/><U126/><E126/><V1/><F119/><W54/><G38/><T112/><D112/><U62/><E135/><V34/><F131/><W12/><G116/><T47/><D134/><U129/><E129/><V77/><F34/><W99/><G132/><T71/><D71/><U98/><E113/><V65/><F65/><W122/><G125/><T130/><D130/><U53/><E33/><V61/><F61/><W10/><G122/><T110/><D31/><U94/><E84/><V66/><F66/><W109/><G109/><N who="0" m="42091" /><D47/><U107/><E15/><V39/><F100/><W5/><G60/><T117/><D32/><U52/><E37/><V29/><F29/><W114/><G64/><T76/><D117/><U35/><E35/><V2/><F2/><W127/><G127/><T30/><D30/><U23/><E23/><V22/><F50/><W82/><G82/><T59/><D59/><U133/><E133/><V73/><F40/><W86/><G114/><T24/><D24/><U115/><E115/><V69/><F69/><W118/><G118/><T45/><D45/><U80/><E41/><V28/><F28/><W18/><G48/><T123/><D123/><U3/><E46/><V26/><F39/><W63/><G63/><T120/><D120/><U75/><E49/><V20/><F36/><W74/><G54/><T102/><D102/><U78/><E53/><V111/><F111/><W11/><G103/><T43/><D43/><U25/><E67/><V0/><F26/><W128/><G128/><T96/><D76/><U44/><E25/><V70/><F77/><RYUUKYOKU ba="1,0" sc="368,30,248,-10,209,-10,175,-10" hai0="13,14,51,55,56,79,83,89,95,96" /><INIT seed="4,2,0,3,0,54" ten="398,238,199,165" oya="0" hai0="130,101,64,26,21,11,15,77,76,94,132,10,127" hai1="61,79,29,97,85,91,22,129,63,39,107,118,86" hai2="126,67,81,1,122,49,133,114,4,104,46,124,43" hai3="41,112,58,119,37,53,2,62,56,80,31,23,33"/><T121/><D121/><U65/><E118/><V25/><F122/><W90/><G119/><T116/><D116/><U13/><E39/><V110/><F110/><W117/><G33/><T6/><D132/><U123/><E123/><V68/><F133/><W12/><G2/><T69/><D130/><U24/><E129/><V35/><F104/><W52/><G117/><T51/><D127/><N who="2" m="48682" /><F81/><W60/><G112/><T28/><D11/><U96/><E107/><V66/><F68/><W98/><G37/><T135/><D135/><U73/><E73/><V36/><F36/><W103/><G41/><T108/><D108/><U70/><E63/><V34/><F114/><W95/><G80/><T72/><D72/><U131/><E131/><V30/><F34/><W87/><G87/><T120/><D120/><U8/><E79/><V47/><F47/><W100/><G12/><T48/><D64/><U99/><E91/><V111/><F111/><W93/><G95/><T17/><D69/><U14/><E14/><V42/><F42/><W0/><G0/><T55/><D6/><N who="1" m="3223" /><E70/><V9/><AGARI ba="2,0" hai="1,4,9,25,30,35,43,46,49,66,67" m="48682" machi="9" ten="30,1100,0" yaku="18,1" doraHai="54" who="2" fromWho="2" sc="398,-7,238,-5,199,17,165,-5" /><INIT seed="5,0,0,3,1,61" ten="391,233,216,160" oya="1" hai0="14,62,91,36,0,113,132,6,123,107,127,82,128" hai1="65,13,130,11,39,1,58,116,86,94,110,23,73" hai2="21,18,34,117,106,67,83,98,134,29,10,95,12" hai3="56,15,43,25,30,119,53,88,120,4,100,41,60"/><U129/><E73/><V52/><F117/><W49/><G120/><T78/><D36/><U74/><E74/><V57/><F134/><W84/><G119/><T28/><D0/><U125/><E116/><V33/><F106/><W46/><G100/><T101/><D123/><U103/><E125/><V26/><F83/><W68/><G68/><T27/><D132/><U16/><E110/><V112/><F112/><W63/><G4/><T19/><D6/><U76/><E39/><V115/><F115/><W44/><G15/><T102/><D91/><U118/><E118/><V37/><F67/><W5/><G5/><T45/><D45/><U2/><E76/><V97/><F37/><W17/><G17/><T64/><D107/><U109/><E109/><V104/><F104/><W89/><G84/><T77/><D128/><N who="1" m="49259" /><E11/><V55/><F55/><W90/><G63/><T135/><D135/><U92/><E92/><V9/><F9/><W69/><G69/><T51/><D51/><U131/><E131/><V32/><REACH who="2" step="1"/><F95/><REACH who="2" ten="391,233,206,160" step="2"/><W108/><G108/><T47/><D113/><U96/><E65/><V20/><F20/><N who="3" m="15655" /><G44/><T99/><D47/><U114/><E114/><V71/><F71/><W24/><G24/><T42/><D27/><U111/><E111/><V75/><F75/><W72/><G72/><T105/><D105/><U66/><E23/><V126/><F126/><W121/><G121/><T87/><D127/><U8/><E8/><V81/><F81/><W85/><G85/><T79/><D87/><U59/><E86/><V22/><F22/><W124/><G124/><T133/><D82/><RYUUKYOKU ba="0,1" sc="391,-15,233,-15,206,15,160,15" hai2="10,12,18,21,26,29,32,33,34,52,57,97,98" hai3="41,43,46,49,53,56,60,88,89,90" /><INIT seed="6,1,1,3,0,86" ten="376,218,221,175" oya="2" hai0="41,19,27,42,16,65,5,66,93,124,132,44,94" hai1="98,119,69,85,31,91,133,62,82,89,10,99,1" hai2="29,131,107,48,134,25,81,90,72,130,117,75,55" hai3="38,36,8,116,13,3,79,49,95,123,20,45,52"/><V64/><F117/><W92/><G123/><T30/><D132/><U112/><E119/><V21/><F107/><W28/><G116/><T88/><D5/><U73/><E133/><V83/><F64/><N who="0" m="24682" /><D93/><U15/><E1/><V2/><F2/><W24/><G3/><T101/><D101/><U120/><E120/><V127/><F134/><W71/><G71/><T37/><D37/><U126/><E73/><N who="2" m="28235" /><F90/><W128/><G128/><N who="2" m="49193" /><F127/><W129/><G129/><T76/><D76/><U23/><E126/><V46/><AGARI ba="1,1" hai="21,25,29,46,48,55,81,83" m="49193,28235" machi="46" ten="30,1500,0" yaku="19,1" doraHai="86" who="2" fromWho="2" sc="376,-6,218,-6,221,28,175,-6" /><INIT seed="6,2,0,2,2,78" ten="370,212,249,169" oya="2" hai0="37,1,8,81,38,126,49,41,73,113,79,3,77" hai1="27,29,91,118,64,31,96,59,52,128,125,102,70" hai2="66,99,25,83,54,0,130,89,119,18,55,107,82" hai3="33,120,23,39,72,40,109,95,101,124,75,86,74"/><V30/><F0/><W56/><G33/><T132/><D113/><U92/><E118/><V11/><F66/><W42/><G109/><T61/><D132/><U108/><E108/><V43/><F43/><W14/><G120/><T51/><D126/><U117/><E125/><V47/><F107/><W53/><G124/><T12/><D79/><U111/><E111/><V35/><F119/><W104/><G104/><T50/><D38/><U22/><E117/><V69/><F69/><W94/><G39/><T60/><D60/><U121/><E121/><V63/><F99/><W115/><G115/><T114/><D114/><U76/><E128/><V34/><F34/><W13/><G94/><T88/><D88/><U135/><E135/><V57/><F89/><W80/><G95/><T93/><D93/><U97/><E76/><V45/><F130/><W5/><G101/><T71/><D41/><U17/><E64/><V26/><F35/><W84/><G84/><T6/><D37/><U133/><E70/><V106/><F30/><W36/><G36/><T15/><D3/><U127/><E133/><V65/><F65/><W87/><G87/><T24/><D71/><U46/><E46/><N who="2" m="17419" /><F55/><W48/><G5/><T32/><D61/><N who="1" m="36071" /><E127/><V110/><F106/><AGARI ba="2,0" hai="17,22,27,29,31,91,92,96,97,102,106" m="36071" machi="106" ten="30,2000,0" yaku="25,1,54,1" doraHai="78" who="1" fromWho="2" sc="370,0,212,26,249,-26,169,0" /><INIT seed="7,0,0,0,5,74" ten="370,238,223,169" oya="3" hai0="132,101,51,110,122,93,84,104,62,61,36,10,15" hai1="76,100,33,8,57,58,11,28,26,120,18,80,40" hai2="2,94,19,48,16,83,29,87,66,123,20,13,14" hai3="67,125,64,113,97,89,32,50,73,54,21,112,117"/><W6/><G32/><T118/><D36/><U1/><E120/><V86/><F2/><W53/><G117/><T17/><D122/><U82/><E100/><V109/><F109/><W25/><G73/><T95/><D110/><U79/><E40/><V49/><F66/><N who="3" m="25131" /><G6/><T4/><D118/><U131/><E131/><V103/><F29/><N who="3" m="17583" /><G125/><T43/><D132/><U134/><E134/><V42/><F123/><W108/><G108/><T41/><D104/><U38/><E38/><V98/><F42/><N who="0" m="15882" /><D51/><N who="2" m="19530" /><F83/><W70/><G70/><T7/><D7/><U92/><E80/><V128/><F128/><W77/><G77/><T47/><D47/><U81/><E82/><V78/><F78/><W72/><G72/><T44/><D44/><U106/><E79/><V129/><F129/><W124/><G124/><T68/><D4/><U12/><E106/><V23/><AGARI ba="0,0" hai="13,14,16,19,20,23,86,87,94,98,103" m="19530" machi="23" ten="30,2000,0" yaku="8,1,54,1" doraHai="74" who="2" fromWho="2" sc="370,-5,238,-5,223,20,169,-10" owari="365,47.0,233,-17.0,243,4.0,159,-34.0" /></mjloggm>