<mjloggm ver="2.3"><GO type="225" lobby="0"/><UN n0="%E3%82%AA%E3%83%A9%E3%82%B4%E3%83%B3%E3%82%AF%E3%82%A8%E3%82%B9%EF%BD%94" n1="%E5%90%91%E4%BA%95%E7%90%86" n2="%E3%82%B4%E3%83%BC%E3%83%AB%E3%83%87%E3%83%B3%E3%81%B2%E3%82%88%E3%81%93" n3="%E5%B0%B1%E6%B4%BB%E7%94%9F%40%E5%B7%9D%E6%9D%91%E8%BB%8D%E5%9B%A3" dan="17,16,16,17" rate="2202.36,2165.18,2135.93,2206.18" sx="M,M,M,M"/><TAIKYOKU oya="0"/><INIT seed="0,0,0,4,2,67" ten="250,250,250,250" oya="0" hai0="76,83,7,112,57,111,69,110,92,113,42,8,20" hai1="44,96,16,2,124,72,35,45,97,116,24,10,56" hai2="6,106,93,61,133,60,105,22,129,65,94,53,88" hai3="19,40,0,107,84,91,78,70,43,14,104,114,125"/><T109/><D57/><U27/><E72/><V59/><F129/><W73/><G0/><N who="0" m="103" /><D92/><U47/><E124/><V122/><F122/><W31/><G114/><N who="0" m="44139" /><D20/><U34/><E116/><V71/><F133/><W98/><G125/><T30/><D30/><U99/><E56/><V28/><F6/><W33/><G70/><T121/><D42/><U79/><E79/><V17/><F28/><W63/><G63/><T13/><D13/><N who="1" m="7223" /><E2/><V11/><F11/><W5/><G5/><T9/><D9/><U74/><E74/><V50/><F94/><W1/><G1/><T46/><D46/><U90/><E34/><V62/><F62/><W120/><G31/><T127/><D127/><U80/><E35/><V108/><F108/><W100/><G107/><T25/><D25/><N who="1" m="9803" /><E80/><V75/><F75/><W123/><G33/><T86/><D121/><U64/><E64/><V32/><F32/><W117/><G117/><T102/><D102/><U41/><E41/><V95/><F95/><AGARI ba="0,0" hai="44,45,47,90,95,96,97,99" m="9803,7223" machi="95" ten="30,2000,0" yaku="8,1,54,1" doraHai="67" who="1" fromWho="2" sc="250,0,250,20,250,-20,250,0" /><INIT seed="1,0,0,5,4,25" ten="250,270,230,250" oya="1" hai0="122,21,13,55,70,86,135,34,12,102,124,81,30" hai1="103,107,108,73,120,113,98,134,8,68,27,39,123" hai2="56,33,116,35,85,126,29,44,71,14,96,24,75" hai3="72,64,92,58,16,50,53,40,36,32,6,23,15"/><U130/><RYUUKYOKU type="yao9" ba="0,0" sc="250,0,270,0,230,0,250,0" hai1="8,27,39,68,73,98,103,107,108,113,120,123,130,134" /><INIT seed="1,1,0,3,2,15" ten="250,270,230,250" oya="1" hai0="62,108,63,41,25,9,64,119,99,130,135,97,4" hai1="82,40,36,23,42,10,18,72,37,98,112,7,128" hai2="27,14,125,55,68,6,79,50,100,91,46,19,113" hai3="3,11,76,95,44,88,117,29,94,38,39,116,16"/><U43/><E112/><V75/><F68/><W12/><G3/><T126/><D119/><N who="3" m="45641" /><G76/><T5/><D108/><U107/><E128/><V0/><F113/><W127/><G127/><T104/><D126/><U89/><E107/><V84/><F125/><W59/><G29/><T65/><D130/><U51/><E51/><V56/><F100/><W30/><G30/><T102/><D135/><U49/><E49/><V115/><F115/><W92/><G59/><T1/><D41/><U133/><E133/><V118/><F118/><W24/><G24/><T58/><D99/><U47/><E37/><N who="3" m="13834" /><G44/><T90/><D4/><U33/><E33/><V85/><F75/><W8/><G8/><T134/><D134/><U13/><E98/><AGARI ba="1,0" hai="11,12,16,88,92,94,95,98" m="13834,45641" machi="98" ten="30,7700,0" yaku="12,1,52,1,54,2" doraHai="15" who="3" fromWho="1" sc="250,0,270,-80,230,0,250,80" /><INIT seed="2,0,0,5,0,34" ten="250,190,230,330" oya="2" hai0="11,135,134,53,41,126,115,72,7,31,68,120,80" hai1="12,90,52,110,39,111,4,67,42,33,83,24,127" hai2="50,98,93,9,58,30,94,55,73,123,129,117,88" hai3="35,44,121,89,78,56,128,125,17,60,27,26,79"/><V87/><F117/><W46/><G121/><T64/><D120/><U105/><E105/><V131/><F123/><W116/><G116/><T96/><D115/><U109/><E127/><V95/><F73/><W29/><G125/><T16/><D126/><U1/><E67/><V40/><F30/><W113/><G113/><T104/><D31/><N who="1" m="19687" /><E12/><V66/><F66/><W81/><G128/><N who="2" m="49225" /><F40/><W114/><G114/><T21/><D53/><U69/><E69/><V91/><F9/><W65/><G89/><T132/><D41/><U92/><E83/><AGARI ba="0,0" hai="50,55,58,83,87,88,91,93,94,95,98" m="49225" machi="83" ten="30,2900,0" yaku="19,1,54,1" doraHai="34" who="2" fromWho="1" sc="250,0,190,-29,230,29,330,0" /><INIT seed="2,1,0,2,2,45" ten="250,161,259,330" oya="2" hai0="43,11,81,94,44,61,4,77,64,132,82,13,67" hai1="101,68,92,0,9,134,111,96,23,12,119,86,41" hai2="95,87,57,25,75,5,106,1,99,22,73,116,72" hai3="2,17,84,115,10,58,126,85,130,53,122,112,27"/><V100/><F116/><W24/><G122/><T103/><D132/><U16/><E119/><V31/><F1/><W51/><G130/><T56/><D67/><U129/><E134/><V65/><F5/><W32/><G126/><T71/><D71/><U91/><E129/><V19/><F87/><W105/><G105/><T38/><D103/><U8/><E68/><V49/><F19/><W97/><G97/><T15/><D94/><U59/><E111/><V63/><REACH who="2" step="1"/><F49/><REACH who="2" ten="250,161,249,330" step="2"/><W14/><G2/><T21/><D4/><U124/><E0/><V118/><F118/><W3/><G3/><T70/><D38/><U79/><E86/><V33/><F33/><W114/><G27/><T48/><D48/><U74/><E16/><V52/><F52/><W6/><G17/><T62/><D43/><U34/><E41/><V113/><F113/><W128/><G128/><T123/><D123/><U121/><E34/><V88/><F88/><W18/><G18/><T20/><D15/><U104/><E12/><V117/><F117/><W80/><G80/><N who="0" m="30827" /><D77/><U131/><E79/><V30/><F30/><AGARI ba="1,1" hai="6,10,14,24,30,32,51,53,58,84,85,112,114,115" machi="30" ten="40,2600,0" yaku="11,1,52,1" doraHai="45" who="3" fromWho="2" sc="250,0,161,0,249,-29,330,39" /><INIT seed="3,0,0,4,2,28" ten="250,161,220,369" oya="3" hai0="5,125,101,29,87,36,80,62,32,83,103,21,68" hai1="93,39,52,58,10,12,13,134,118,46,107,116,115" hai2="106,90,84,38,2,73,1,133,131,43,102,92,121" hai3="31,3,14,7,59,130,114,17,41,61,20,18,26"/><W112/><G41/><T56/><D68/><U27/><E107/><V124/><F121/><W55/><G130/><T19/><D36/><U35/><E115/><V78/><F131/><W110/><G110/><T42/><D32/><U117/><E134/><V105/><F133/><W34/><G18/><T24/><D5/><U128/><E128/><V25/><F124/><W100/><G100/><N who="0" m="38475" /><D125/><U71/><E71/><V64/><F64/><W6/><G6/><T23/><D42/><N who="1" m="22879" /><E93/><V120/><F120/><W135/><G135/><T4/><D4/><U81/><E81/><N who="0" m="31305" /><D87/><U76/><E76/><V108/><F78/><W8/><AGARI ba="0,0" hai="3,7,8,14,17,20,26,31,34,55,59,61,112,114" machi="8" ten="30,11700,0" yaku="0,1,24,2,52,1" doraHai="28" who="3" fromWho="3" sc="250,-39,161,-39,220,-39,369,117" owari="211,1.0,122,-38.0,181,-22.0,486,59.0" /></mjloggm>