<mjloggm ver="2.3"><GO type="169" lobby="0"/><UN n0="%6B%62%37%37%37" n1="%E5%B0%B1%E6%B4%BB%E7%94%9F%40%E5%B7%9D%E6%9D%91%E8%BB%8D%E5%9B%A3" n2="%6F%6E%65%73%74%61%72" n3="%E9%87%8E%E3%80%85%E5%AE%AE%E8%97%8D" dan="16,16,17,16" rate="2057.03,2101.51,2159.32,2118.34" sx="M,M,M,F"/><TAIKYOKU oya="0"/><INIT seed="0,0,0,1,2,56" ten="250,250,250,250" oya="0" hai0="17,95,28,8,88,48,132,115,20,66,14,18,6" hai1="16,21,55,9,114,75,29,32,92,54,135,120,131" hai2="96,13,2,36,125,11,118,42,7,3,60,31,27" hai3="10,106,99,102,74,12,0,129,127,40,123,84,101"/><T112/><D132/><U116/><E75/><V86/><F125/><W15/><G74/><T45/><D115/><U91/><E116/><V5/><F118/><W65/><G127/><T83/><D112/><U30/><E120/><V26/><F86/><W39/><G123/><T113/><D83/><U103/><E131/><V22/><F96/><W34/><G34/><T61/><D20/><U97/><E114/><V94/><F94/><W25/><G102/><T44/><D28/><U100/><E135/><V104/><F104/><W70/><G25/><T35/><D35/><U67/><E67/><V43/><F36/><W134/><G84/><T133/><D133/><U79/><E79/><V93/><F93/><W53/><G53/><N who="1" m="19978" /><E9/><N who="2" m="2239" /><F60/><W57/><G70/><T109/><D109/><U4/><E4/><V111/><F43/><W130/><G134/><T85/><D113/><U122/><E32/><N who="2" m="20599" /><F42/><W80/><G40/><T128/><D128/><U23/><E122/><V71/><F71/><W1/><G39/><T59/><D45/><U126/><E126/><V76/><F76/><W81/><G130/><T107/><D107/><U68/><E68/><V24/><F111/><W50/><G129/><T77/><D77/><U52/><N who="1" m="19986" /><AGARI ba="0,0" hai="6,8,14,17,18,44,48,52,59,61,66,85,88,95" machi="52" ten="30,18000,2" yaku="3,1,7,1,8,1,52,1,54,2" doraHai="56" who="0" fromWho="1" sc="250,180,250,-180,250,0,250,0" /><INIT seed="0,1,0,4,0,31" ten="430,70,250,250" oya="0" hai0="84,89,44,66,25,20,51,37,83,123,95,110,64" hai1="32,47,2,113,77,63,129,119,104,0,39,14,130" hai2="115,121,112,96,71,82,114,70,52,134,93,41,4" hai3="26,46,125,69,48,97,103,78,85,120,57,54,43"/><T49/><D37/><U101/><E119/><V80/><F121/><W12/><G120/><T55/><D123/><U118/><E118/><V38/><F4/><W22/><G125/><T75/><D110/><U9/><E77/><V18/><F134/><W68/><G12/><T42/><D75/><U6/><E63/><V13/><F41/><W98/><G85/><T91/><D51/><U102/><E113/><V124/><F38/><W15/><G15/><T24/><D42/><N who="1" m="23007" /><E102/><V7/><F7/><W34/><G78/><T61/><D61/><U72/><E72/><V90/><F124/><W106/><G97/><T107/><D107/><U21/><E21/><V94/><F94/><W117/><G117/><T132/><D132/><U128/><E32/><V3/><F3/><N who="1" m="1065" /><E101/><V127/><F127/><W33/><G69/><T16/><REACH who="0" step="1"/><D25/><REACH who="0" ten="420,70,250,250" step="2"/><U105/><AGARI ba="1,1" hai="6,9,14,104,105,128,129,130" m="1065,23007" machi="105" ten="40,1500,0" yaku="19,1" doraHai="31" who="1" fromWho="1" sc="420,-8,70,28,250,-5,250,-5" /><INIT seed="1,0,0,5,1,28" ten="412,98,245,245" oya="1" hai0="58,56,46,25,11,128,116,122,109,64,48,41,126" hai1="55,15,86,119,54,30,17,135,133,33,5,124,79" hai2="36,65,23,59,123,47,51,127,98,61,117,106,81" hai3="115,88,118,44,131,101,129,102,125,22,35,18,89"/><U90/><E119/><V49/><F123/><W43/><G115/><T29/><D109/><U80/><E5/><V63/><F117/><W57/><G118/><T70/><D116/><U112/><E112/><V53/><F81/><W76/><G76/><T19/><D126/><U2/><E2/><V87/><F87/><W3/><G3/><T31/><D128/><N who="3" m="49225" /><G57/><T82/><D122/><U16/><E124/><V77/><F77/><W78/><G78/><T9/><D31/><U37/><E37/><V74/><F74/><W99/><G125/><T72/><D11/><N who="1" m="6271" /><E17/><V130/><F23/><W132/><G132/><N who="1" m="50762" /><E79/><V27/><F36/><N who="3" m="21607" /><G35/><T120/><D82/><U38/><E38/><V13/><F127/><W42/><G42/><T40/><D72/><U0/><E0/><V7/><F7/><W24/><G102/><T100/><D100/><U121/><E121/><V60/><F130/><W66/><G66/><T39/><D41/><U8/><E8/><V111/><F111/><W75/><G75/><T93/><D120/><U71/><E71/><V94/><F27/><AGARI ba="0,0" hai="27,30,33,54,55,80,86,90" m="50762,6271" machi="27" ten="30,5800,0" yaku="20,1,52,1,54,1" doraHai="28" who="1" fromWho="2" sc="412,0,98,58,245,-58,245,0" /><INIT seed="1,1,0,4,2,70" ten="412,156,187,245" oya="1" hai0="95,9,3,96,75,19,103,0,107,63,126,104,121" hai1="27,23,93,68,22,25,85,134,52,113,7,41,69" hai2="130,21,37,58,99,62,108,59,55,112,49,125,83" hai3="132,102,84,29,79,43,60,64,94,65,46,57,20"/><U129/><E113/><V11/><F112/><W42/><G132/><T61/><D126/><U14/><E134/><V92/><F125/><W4/><G4/><T34/><D34/><U131/><E41/><V18/><F108/><W91/><G79/><T81/><D121/><U115/><E115/><V110/><F110/><W5/><G5/><T78/><D107/><U82/><E93/><V88/><F130/><N who="1" m="49673" /><E7/><V36/><F11/><W127/><G127/><T114/><D3/><U86/><E14/><V119/><F83/><W128/><G128/><T100/><D114/><U16/><E52/><V67/><F119/><W48/><G102/><T135/><D135/><U15/><E15/><AGARI ba="1,0" hai="15,18,21,36,37,49,55,58,59,62,67,88,92,99" machi="15" ten="30,7700,0" yaku="7,1,52,2,54,1" doraHai="70" who="2" fromWho="1" sc="412,0,156,-80,187,80,245,0" /><INIT seed="2,0,0,5,4,63" ten="412,76,267,245" oya="2" hai0="10,84,104,30,129,108,75,23,56,110,109,58,132" hai1="24,50,106,99,65,102,60,51,3,95,33,126,88" hai2="62,114,131,94,93,69,4,1,8,53,5,127,47" hai3="22,37,86,21,17,45,44,18,117,81,100,83,73"/><V103/><F114/><W119/><G86/><T133/><D75/><U29/><E3/><V96/><F127/><W28/><G73/><T40/><D104/><U70/><REACH who="1" step="1"/><E126/><REACH who="1" ten="412,66,267,245" step="2"/><V48/><F131/><W97/><G119/><T39/><D129/><U123/><E123/><V105/><REACH who="2" step="1"/><F5/><REACH who="2" ten="412,66,257,245" step="2"/><W11/><G117/><T89/><D132/><U77/><E77/><V135/><F135/><W74/><G74/><T52/><D133/><U113/><E113/><V19/><F19/><W78/><G78/><T0/><D0/><U2/><E2/><V38/><F38/><W20/><G37/><T82/><D10/><U121/><E121/><V116/><F116/><W134/><G134/><T91/><D39/><U79/><E79/><V67/><AGARI ba="0,2" hai="1,4,8,47,48,53,62,67,69,93,94,96,103,105" machi="67" ten="30,6000,0" yaku="1,1,0,1,52,1,53,0" doraHai="63" doraHaiUra="120" who="2" fromWho="2" sc="412,-20,66,-20,257,80,245,-20" /><INIT seed="2,1,0,1,0,101" ten="392,46,337,225" oya="2" hai0="124,23,76,135,58,128,9,37,33,108,62,105,106" hai1="18,74,88,97,93,84,26,111,4,116,81,118,120" hai2="79,117,129,127,2,66,82,100,7,42,15,17,20" hai3="130,60,121,131,21,46,91,132,43,51,110,80,36"/><V115/><F117/><W22/><G121/><T113/><D33/><U107/><E120/><V69/><F127/><W75/><G110/><T68/><D113/><U5/><E111/><V55/><F129/><N who="3" m="49163" /><G132/><T56/><D128/><U49/><E49/><V38/><F115/><W114/><G114/><T48/><D37/><U12/><E26/><V41/><F100/><W90/><G60/><T10/><D68/><U92/><E116/><V63/><F38/><W14/><G36/><T99/><D108/><U47/><E47/><V119/><F119/><W29/><G14/><T122/><D122/><U59/><E59/><V89/><F89/><N who="3" m="33803" /><G29/><T103/><D106/><U65/><E65/><V85/><F2/><W86/><G75/><T83/><D135/><U19/><E118/><V71/><F71/><W52/><G43/><T8/><D124/><U40/><E40/><V125/><F125/><W24/><G24/><T53/><D23/><U98/><E12/><V28/><F28/><W30/><G30/><T11/><N who="0" m="2048" /><DORA hai="34" /><T126/><D126/><U72/><E107/><V104/><F104/><W44/><G46/><T78/><REACH who="0" step="1"/><D83/><REACH who="0" ten="382,46,337,225" step="2"/><U64/><E81/><V123/><F123/><W0/><G0/><T94/><D94/><U32/><E32/><V67/><F82/><W45/><G21/><T57/><D57/><U133/><E133/><V31/><F20/><W35/><G22/><T25/><D25/><U1/><E1/><V6/><F69/><W13/><G35/><T73/><D73/><U102/><E74/><V134/><F134/><W3/><G3/><T50/><D50/><RYUUKYOKU ba="1,1" sc="382,30,46,-10,337,-10,225,-10" hai0="48,53,56,58,62,76,78,99,103,105" /><INIT seed="3,2,1,2,0,37" ten="412,36,327,215" oya="3" hai0="91,131,73,97,108,71,122,126,26,87,21,129,81" hai1="12,93,95,113,31,89,66,9,8,134,44,5,57" hai2="127,46,92,135,70,115,117,76,11,112,106,99,24" hai3="90,83,49,10,118,43,13,82,103,20,7,98,100"/><W119/><G103/><T19/><D122/><U111/><E113/><V1/><F70/><W116/><G90/><T88/><D71/><U22/><E111/><V61/><F117/><W102/><G20/><T56/><D108/><U124/><E134/><V69/><F92/><W55/><G102/><T74/><D126/><U78/><E124/><V123/><F123/><W79/><G79/><T62/><D91/><U6/><E78/><V130/><F24/><W41/><G82/><T23/><D23/><U16/><E44/><V63/><F99/><W47/><REACH who="3" step="1"/><G83/><REACH who="3" ten="412,36,327,205" step="2"/><T3/><D97/><U128/><E128/><N who="0" m="49225" /><D3/><U4/><E31/><V34/><F1/><W109/><G109/><T132/><D132/><U32/><E32/><V58/><F135/><W17/><G17/><T51/><D51/><U96/><REACH who="1" step="1"/><E93/><AGARI ba="2,2" hai="7,10,13,41,43,47,49,55,93,98,100,116,118,119" machi="93" ten="40,7700,0" yaku="1,1,52,2,53,0" doraHai="37" doraHaiUra="35" who="3" fromWho="1" sc="412,0,36,-83,327,0,205,103" owari="412,51.0,-47,-55.0,327,13.0,308,-9.0" /></mjloggm>