<mjloggm ver="2.3"><GO type="169" lobby="0"/><UN n0="%65%67%69%73%68%6F%32" n1="%43%50%30%33" n2="%E3%82%A6%E3%83%AB%E3%83%88%E3%83%A9%E7%AB%8B%E7%9B%B4" n3="%4B%E3%80%82" dan="17,17,17,18" rate="2210.73,2164.40,2148.11,2253.73" sx="M,M,M,M"/><TAIKYOKU oya="0"/><INIT seed="0,0,0,1,0,2" ten="250,250,250,250" oya="0" hai0="95,61,33,96,8,106,90,29,70,109,14,44,47" hai1="18,121,62,84,101,6,16,110,46,74,60,126,55" hai2="49,27,81,43,104,86,20,116,30,15,36,111,78" hai3="26,21,91,83,35,100,127,79,135,42,17,122,64"/><T34/><D106/><U56/><E74/><V45/><F104/><W85/><G127/><T23/><D33/><U13/><E121/><V108/><F116/><W65/><G135/><T31/><D34/><U97/><E126/><V113/><F113/><W72/><G122/><T94/><D109/><U52/><E110/><V75/><F36/><W4/><G42/><T39/><D39/><U93/><E84/><V129/><F129/><W12/><G100/><T59/><D70/><U119/><E119/><V89/><REACH who="2" step="1"/><F15/><REACH who="2" ten="250,250,240,250" step="2"/><W28/><REACH who="3" step="1"/><G4/><REACH who="3" ten="250,250,240,240" step="2"/><N who="0" m="3335" /><D94/><AGARI ba="0,2" hai="20,27,30,43,45,49,75,78,81,86,89,94,108,111" machi="94" ten="40,1300,0" yaku="1,1,53,0" doraHai="2" doraHaiUra="99" who="2" fromWho="0" sc="250,-13,250,0,240,33,240,0" /><AGARI ba="0,0" hai="12,17,21,26,28,35,64,65,72,79,83,85,91,94" machi="94" ten="30,2000,0" yaku="1,1,7,1,53,0" doraHai="2" doraHaiUra="99" who="3" fromWho="0" sc="237,-20,250,0,273,0,240,20" /><INIT seed="1,0,0,4,2,118" ten="217,250,273,260" oya="1" hai0="62,11,85,17,48,12,42,10,112,55,1,125,100" hai1="133,7,14,65,95,69,117,41,27,45,4,122,78" hai2="91,87,30,64,80,126,26,116,130,56,71,8,113" hai3="36,76,23,0,77,128,58,93,25,74,134,33,106"/><U104/><E104/><V21/><F116/><W32/><G106/><T105/><D112/><U124/><E122/><V59/><F113/><W29/><G36/><T34/><D34/><U101/><E117/><V114/><F114/><W88/><G134/><T20/><D125/><U22/><E133/><V28/><F126/><W98/><G128/><T121/><D121/><U47/><E78/><V54/><F130/><W15/><G0/><T72/><D72/><U119/><E119/><V43/><F43/><W6/><G74/><T51/><D105/><U60/><E124/><V50/><F71/><W131/><G131/><T19/><D100/><U103/><E47/><V61/><REACH who="2" step="1"/><F8/><REACH who="2" ten="217,250,263,260" step="2"/><W127/><G127/><T63/><D11/><U13/><E7/><V82/><F82/><W79/><G6/><T38/><D38/><U39/><E4/><V73/><F73/><W120/><G120/><T84/><D1/><U5/><E5/><V92/><F92/><W35/><REACH who="3" step="1"/><G58/><REACH who="3" ten="217,250,263,250" step="2"/><T46/><D85/><U129/><E129/><V102/><F102/><W2/><G2/><T49/><D84/><U109/><E103/><V70/><F70/><W75/><G75/><T53/><D42/><U108/><E101/><V99/><F99/><W18/><AGARI ba="0,2" hai="15,18,23,25,29,32,33,35,76,77,79,88,93,98" machi="18" ten="30,7900,0" yaku="1,1,0,1,54,1,53,1" doraHai="118" doraHaiUra="89" who="3" fromWho="3" sc="217,-20,250,-39,263,-20,250,99" /><INIT seed="2,0,0,2,1,42" ten="197,211,243,349" oya="2" hai0="13,96,104,49,118,48,52,50,97,134,27,28,125" hai1="87,4,1,72,18,67,80,115,25,44,132,74,101" hai2="113,32,119,68,17,128,88,16,133,10,71,56,91" hai3="83,20,57,110,8,126,122,102,22,58,53,85,69"/><V39/><F32/><W121/><G69/><N who="2" m="26697" /><F39/><W90/><G126/><T81/><D125/><U114/><E101/><V41/><F41/><W38/><G38/><T61/><D134/><U92/><E132/><V34/><F133/><W30/><G102/><T95/><D118/><U105/><E105/><V65/><F34/><W29/><G8/><T82/><D104/><U99/><E67/><V116/><F65/><W36/><G36/><T14/><D82/><U130/><E115/><V51/><F51/><W123/><G53/><T100/><D97/><U62/><E99/><V2/><F56/><W64/><G64/><T5/><D81/><U21/><E62/><V120/><F113/><W59/><REACH who="3" step="1"/><G110/><REACH who="3" ten="197,211,243,339" step="2"/><T26/><D5/><U106/><E4/><V117/><F10/><W46/><G46/><T94/><D100/><U11/><E44/><V84/><F120/><W108/><G108/><T89/><D52/><U19/><E11/><V31/><F117/><W9/><G9/><T109/><D109/><U75/><E114/><V78/><F119/><W35/><G35/><T45/><D45/><U7/><E7/><V135/><F116/><W24/><G24/><T111/><D27/><U131/><E25/><V86/><F135/><W40/><G40/><T98/><D111/><U37/><E37/><V127/><F127/><W73/><G73/><T0/><D0/><U107/><E74/><V23/><F2/><W103/><G103/><N who="0" m="60823" /><D61/><U112/><E75/><V3/><F3/><W47/><G47/><T54/><D54/><U12/><E1/><V93/><F23/><AGARI ba="0,1" hai="20,22,23,29,30,57,58,59,83,85,90,121,122,123" machi="23" ten="50,1600,0" yaku="1,1,53,0" doraHai="42" doraHaiUra="15" who="3" fromWho="2" sc="197,0,211,0,243,-16,339,26" /><AGARI ba="0,0" hai="13,14,23,26,28,48,49,50,89,95,98" m="60823" machi="23" ten="30,1000,0" yaku="8,1" doraHai="42" who="0" fromWho="2" sc="197,10,211,0,227,-10,365,0" /><INIT seed="3,0,0,4,5,91" ten="207,211,217,365" oya="3" hai0="102,62,122,12,97,135,41,38,4,68,14,99,112" hai1="113,66,6,16,95,108,40,23,106,125,129,115,7" hai2="114,53,52,5,82,17,92,43,36,72,79,103,30" hai3="37,96,128,105,93,104,78,46,21,69,84,56,116"/><W126/><G116/><T24/><D122/><U109/><E106/><V107/><F114/><N who="1" m="43529" /><E66/><V124/><F124/><W117/><G69/><T1/><D135/><U63/><E63/><V87/><F30/><W64/><G117/><T74/><D74/><U55/><E55/><V127/><F127/><W51/><G128/><T80/><D112/><U111/><E40/><V27/><F5/><N who="1" m="1545" /><E125/><V28/><F17/><W131/><G131/><T2/><D99/><U25/><E95/><V70/><F70/><W11/><G11/><T120/><D120/><U130/><AGARI ba="0,0" hai="16,23,25,108,109,111,129,130" m="1545,43529" machi="130" ten="40,8000,1" yaku="14,1,34,2,54,1" doraHai="91" who="1" fromWho="1" sc="207,-20,211,80,217,-20,365,-40" /><INIT seed="4,0,0,5,1,68" ten="187,291,197,325" oya="0" hai0="59,36,50,79,63,4,126,47,37,71,58,83,82" hai1="135,33,103,97,110,15,7,99,102,108,18,67,3" hai2="75,34,12,80,66,86,10,20,134,105,115,88,48" hai3="131,107,27,30,118,129,94,6,78,92,5,120,116"/><T22/><D126/><U89/><E33/><V41/><F34/><W57/><G107/><T96/><D71/><U109/><E67/><V31/><F105/><W8/><G78/><T49/><D4/><U111/><E135/><V40/><F134/><W112/><G112/><T100/><D22/><U29/><E29/><V55/><F66/><W64/><G120/><T114/><D114/><U0/><E7/><V56/><F75/><W46/><G46/><T44/><D96/><U19/><E15/><V13/><F115/><W128/><G64/><T85/><D79/><U70/><E70/><V125/><F125/><W28/><G57/><T106/><D106/><U51/><E51/><V17/><REACH who="2" step="1"/><F31/><REACH who="2" ten="187,291,187,325" step="2"/><W52/><G30/><T43/><D43/><U24/><E111/><V95/><F95/><W124/><G92/><T2/><D100/><U117/><E110/><V38/><F38/><W35/><G124/><T42/><D42/><U87/><E103/><V61/><F61/><W90/><G35/><T91/><D63/><U123/><E102/><V121/><F121/><W132/><G132/><T81/><D81/><U119/><E123/><V72/><F72/><W73/><G73/><T130/><D91/><U101/><E101/><V32/><F32/><W53/><G90/><T62/><D62/><U65/><E65/><V60/><F60/><W93/><G94/><T16/><D85/><U127/><E127/><V45/><F45/><W14/><G93/><T69/><D69/><U122/><E122/><V23/><F23/><W1/><G28/><T11/><D37/><U113/><E89/><RYUUKYOKU ba="0,1" sc="187,-10,291,-10,187,30,325,-10" hai2="10,12,13,17,20,40,41,48,55,56,80,86,88" /><INIT seed="5,1,1,3,0,27" ten="177,281,217,315" oya="1" hai0="108,12,94,125,44,95,73,100,26,75,29,71,4" hai1="83,36,20,22,85,48,16,3,132,87,126,43,11" hai2="58,129,53,97,1,110,76,35,88,127,91,10,89" hai3="112,116,32,30,33,130,133,69,80,54,31,115,93"/><U105/><E105/><V74/><F110/><W131/><G69/><T47/><D71/><U6/><E36/><V98/><F35/><N who="3" m="13387" /><G133/><T51/><D108/><U117/><E132/><V59/><F127/><W128/><G116/><T19/><D125/><U81/><E126/><V9/><F129/><W135/><G135/><T64/><D64/><U66/><E66/><V114/><F114/><N who="3" m="43563" /><G93/><T82/><D4/><U0/><E22/><V56/><F1/><W122/><G122/><T68/><D68/><U92/><E3/><V77/><F53/><W102/><G102/><T84/><D44/><U24/><E117/><V34/><F34/><W37/><G37/><T101/><D75/><U25/><E92/><N who="0" m="35369" /><D73/><U28/><E85/><V107/><F107/><W60/><G80/><T23/><D101/><U5/><E87/><V72/><F72/><W109/><G109/><T40/><D100/><U103/><E103/><V41/><F74/><W2/><G2/><T39/><D39/><U121/><E121/><V62/><F62/><W118/><G118/><T67/><D67/><U13/><E83/><V113/><F113/><W65/><G65/><T134/><D134/><U119/><E81/><V49/><F98/><W57/><AGARI ba="1,1" hai="30,31,54,57,60,128,130,131" m="43563,13387" machi="57" ten="40,8000,1" yaku="19,1,15,1,52,2" doraHai="27" who="3" fromWho="3" sc="177,-21,281,-41,217,-21,315,93" /><INIT seed="6,0,0,3,0,61" ten="156,240,196,408" oya="2" hai0="98,110,7,20,42,133,93,38,27,121,4,30,54" hai1="16,40,99,80,2,18,47,28,9,50,17,91,76" hai2="75,44,97,35,103,33,14,63,124,1,134,19,24" hai3="78,26,102,118,101,51,31,56,107,5,106,92,111"/><V125/><F75/><W87/><G5/><T129/><D129/><U86/><E28/><V94/><F1/><W95/><G111/><T59/><D133/><U117/><E117/><V64/><F134/><W3/><G3/><T36/><D121/><U127/><E127/><N who="2" m="48715" /><F44/><W65/><G106/><T23/><D110/><U67/><E67/><V84/><F24/><W126/><G107/><T88/><D23/><U81/><E2/><V6/><F6/><W116/><G126/><T62/><D38/><U52/><E40/><V46/><F46/><W72/><G72/><T53/><D36/><U49/><E49/><V119/><F84/><W66/><G116/><T73/><D42/><U105/><E105/><V74/><F74/><W96/><G118/><T115/><D73/><U113/><E113/><V130/><F130/><W68/><G26/><T90/><D115/><U131/><E131/><V114/><F114/><W123/><G123/><T11/><D54/><U60/><E60/><V43/><F43/><W122/><G122/><T82/><D11/><U37/><E37/><V109/><F109/><W69/><G51/><T12/><D12/><N who="1" m="7183" /><E99/><V55/><F55/><W70/><G96/><T0/><REACH who="0" step="1"/><D0/><REACH who="0" ten="146,240,196,408" step="2"/><U128/><E128/><V25/><F119/><W45/><G66/><T100/><D100/><U41/><E41/><V48/><F25/><W120/><G65/><T57/><D57/><U15/><E15/><V22/><F48/><W39/><G39/><T10/><D10/><U71/><E71/><AGARI ba="0,1" hai="14,19,22,33,35,63,64,71,94,97,103" m="48715" machi="71" ten="30,2900,0" yaku="18,1,52,1" doraHai="61" who="2" fromWho="1" sc="146,0,240,-29,196,39,408,0" /><INIT seed="6,1,0,4,1,134" ten="146,211,235,408" oya="2" hai0="23,64,33,18,28,65,84,68,91,89,97,46,9" hai1="124,93,70,51,90,86,52,10,22,50,123,3,30" hai2="80,16,14,118,41,55,109,112,40,103,92,37,100" hai3="110,58,72,119,43,88,39,76,78,38,73,42,129"/><V87/><F118/><W85/><G119/><T99/><D33/><U11/><E123/><V101/><F112/><W67/><G110/><T4/><D28/><U21/><E70/><V44/><F109/><W5/><G5/><T66/><D68/><U2/><E2/><V8/><F92/><W115/><G129/><T15/><D46/><N who="1" m="27735" /><E124/><V77/><F41/><W126/><G126/><T121/><D121/><U29/><E51/><V25/><F25/><W117/><G73/><T63/><D63/><U96/><E3/><V62/><F62/><W36/><G72/><T26/><REACH who="0" step="1"/><D91/><REACH who="0" ten="136,211,235,408" step="2"/><N who="1" m="55359" /><E30/><V48/><F37/><W6/><G39/><T31/><D31/><U111/><E111/><V12/><F40/><W19/><G42/><T20/><D20/><N who="1" m="7787" /><E29/><V106/><F44/><W125/><G36/><T59/><D59/><U75/><E75/><V135/><F48/><W47/><G38/><T35/><D35/><U107/><E107/><V32/><F106/><W69/><G47/><T95/><AGARI ba="1,1" hai="4,9,15,18,23,26,64,65,66,84,89,95,97,99" machi="95" ten="30,4000,0" yaku="1,1,0,1,8,1,53,0" doraHai="134" doraHaiUra="24" who="0" fromWho="0" sc="136,53,211,-11,235,-21,408,-11" /><INIT seed="7,0,0,2,5,16" ten="189,200,214,397" oya="3" hai0="97,75,45,59,36,21,117,56,28,94,109,26,78" hai1="80,121,88,66,46,2,92,3,14,118,13,107,31" hai2="48,33,124,52,8,32,24,130,74,133,23,29,58" hai3="93,54,65,82,62,99,40,83,19,104,114,34,63"/><W57/><G104/><T115/><D109/><U116/><E107/><V39/><F74/><W125/><G34/><T95/><D117/><N who="1" m="45163" /><E31/><V102/><F39/><W70/><G114/><T76/><D115/><U17/><E66/><V84/><F102/><W6/><G6/><T11/><D75/><U67/><E67/><V1/><F124/><W79/><G40/><T71/><D71/><U72/><E46/><V18/><F130/><W87/><G125/><T9/><D36/><U127/><E121/><V113/><F113/><W37/><G37/><T69/><D45/><U100/><E100/><V7/><F133/><W49/><G19/><T43/><D43/><U68/><E68/><V0/><F0/><N who="1" m="41" /><E17/><V73/><F73/><W135/><G135/><T134/><D69/><U20/><E20/><V85/><F33/><W111/><G111/><T35/><D35/><U103/><E103/><V129/><F129/><W42/><G42/><T89/><D95/><U105/><E105/><V30/><F30/><W126/><G126/><T96/><D96/><N who="1" m="57351" /><E127/><V122/><F122/><W108/><G108/><T60/><D134/><U22/><E22/><V128/><F128/><W90/><G65/><N who="0" m="39047" /><D59/><U131/><E131/><V106/><F106/><W4/><G70/><T132/><D132/><U119/><E119/><V91/><F91/><W41/><G90/><T15/><D9/><U51/><E51/><V120/><F120/><W47/><G49/><T55/><D55/><U112/><E112/><V81/><F81/><W12/><G82/><T61/><D61/><U27/><E27/><AGARI ba="0,0" hai="1,7,8,18,23,24,27,29,32,48,52,58,84,85" machi="27" ten="30,3900,0" yaku="7,1,52,1,54,1" doraHai="16" who="2" fromWho="1" sc="189,0,200,-39,214,39,397,0" owari="189,-21.0,161,-34.0,253,5.0,397,50.0" /></mjloggm>