<mjloggm ver="2.3"><GO type="169" lobby="0"/><UN n0="%E3%82%AE%E3%82%BF%E3%83%AB%E3%83%9E" n1="%E3%83%88%E3%83%88%E3%83%AA%E5%85%88%E7%94%9F%31%39%E6%AD%B3" n2="%79%75%67%75%61%6E" n3="%4C%44" dan="16,18,16,16" rate="2083.30,2196.04,2081.36,2119.41" sx="M,F,M,M"/><TAIKYOKU oya="0"/><INIT seed="0,0,0,2,5,2" ten="250,250,250,250" oya="0" hai0="87,57,95,104,54,13,122,38,134,131,106,96,9" hai1="27,73,14,80,25,64,103,18,29,70,42,110,92" hai2="99,30,89,124,43,130,53,52,98,66,115,56,7" hai3="24,60,93,6,121,126,1,8,23,34,108,55,59"/><T62/><D122/><U100/><E110/><V65/><F115/><W82/><G108/><T5/><D134/><U114/><E114/><V105/><F124/><W76/><G126/><T112/><D112/><U3/><E3/><V90/><F43/><W20/><G121/><T74/><D74/><U119/><E119/><V63/><F130/><W94/><G34/><T35/><D131/><U41/><E70/><V109/><F109/><W132/><G132/><T32/><D38/><U17/><E64/><V36/><F36/><W75/><REACH who="3" step="1"/><G20/><REACH who="3" ten="250,250,250,240" step="2"/><T117/><D117/><U78/><E73/><V51/><F30/><AGARI ba="0,1" hai="1,6,8,23,24,30,55,59,60,75,76,82,93,94" machi="30" ten="30,7700,0" yaku="1,1,2,1,7,1,52,1,53,0" doraHai="2" doraHaiUra="101" who="3" fromWho="2" sc="250,0,250,0,250,-77,240,87" /><INIT seed="1,0,0,4,5,39" ten="250,250,173,327" oya="1" hai0="75,69,56,17,76,82,84,61,123,88,64,36,23" hai1="8,16,60,65,124,73,119,116,18,100,32,11,128" hai2="51,127,12,110,122,132,117,47,49,29,22,120,48" hai3="42,107,112,92,114,25,70,50,43,0,101,135,44"/><U31/><E73/><V26/><F117/><W14/><G0/><T83/><D36/><U111/><E100/><V34/><F127/><W81/><G70/><T90/><D123/><U58/><E124/><V13/><F110/><W21/><G107/><T125/><D125/><U2/><E128/><V9/><F34/><W6/><G135/><T87/><D69/><U38/><E111/><V89/><F132/><W129/><G129/><T67/><D75/><U30/><E38/><V72/><F72/><W85/><G112/><T97/><D97/><U53/><E53/><V103/><F103/><W98/><G114/><T131/><D131/><U93/><E93/><V40/><F89/><N who="3" m="51375" /><G14/><T59/><D76/><U130/><E130/><V20/><F20/><W104/><G6/><T3/><D3/><U41/><E32/><V57/><F13/><W94/><G94/><T37/><D37/><U5/><E11/><V10/><F9/><W109/><G104/><T62/><D23/><U91/><E91/><V121/><REACH who="2" step="1"/><F57/><REACH who="2" ten="250,250,163,327" step="2"/><W46/><G109/><T80/><D17/><AGARI ba="0,1" hai="10,12,17,22,26,29,40,47,48,49,51,120,121,122" machi="17" ten="40,8000,1" yaku="1,1,2,1,52,1,53,1" doraHai="39" doraHaiUra="15" who="2" fromWho="0" sc="250,-80,250,0,163,90,327,0" /><INIT seed="2,0,0,2,2,93" ten="170,250,253,327" oya="2" hai0="124,12,65,18,3,96,86,108,87,98,26,62,48" hai1="23,126,30,15,106,88,2,122,129,94,6,123,61" hai2="83,134,71,63,21,50,5,45,135,118,54,72,76" hai3="111,25,95,66,102,73,31,34,16,117,19,80,77"/><V58/><F118/><W103/><G117/><T91/><D3/><U28/><E106/><V55/><F71/><W37/><G37/><T112/><D112/><U104/><E104/><V42/><F5/><W4/><G111/><T82/><D108/><U85/><E2/><V120/><F120/><N who="1" m="46121" /><E129/><V27/><REACH who="2" step="1"/><F42/><REACH who="2" ten="170,250,243,327" step="2"/><W64/><G4/><T67/><D124/><U7/><E7/><V43/><F43/><W125/><G125/><T99/><D26/><U132/><E126/><V97/><F97/><W29/><G25/><T60/><D48/><U133/><E6/><V81/><F81/><W53/><G80/><N who="0" m="49607" /><D67/><U116/><E116/><V84/><F84/><W89/><G64/><T22/><D65/><U79/><E15/><V114/><F114/><W39/><G66/><T14/><D14/><U109/><E109/><V38/><F38/><W92/><G39/><T24/><D12/><U131/><E131/><V130/><F130/><W32/><G53/><T49/><D49/><U107/><E61/><V119/><F119/><W105/><G73/><T51/><D51/><U57/><E85/><V33/><F33/><W113/><G113/><T17/><D17/><AGARI ba="0,1" hai="17,21,27,45,50,54,55,58,63,72,76,83,134,135" machi="17" ten="40,7700,0" yaku="1,1,53,2" doraHai="93" doraHaiUra="128" who="2" fromWho="0" sc="170,-77,250,0,243,87,327,0" /><INIT seed="2,1,0,1,1,31" ten="93,250,330,327" oya="2" hai0="131,126,38,95,105,122,59,94,130,129,102,119,1" hai1="52,86,8,9,50,18,116,11,43,115,25,87,45" hai2="134,125,117,64,5,89,91,77,128,61,135,124,113" hai3="85,27,19,48,62,101,34,14,84,37,21,71,88"/><V66/><F113/><W121/><G37/><T127/><D1/><U83/><E115/><V114/><F114/><W108/><G121/><T24/><D38/><U78/><E116/><V22/><F117/><W81/><G101/><T103/><D24/><U99/><E99/><V6/><F61/><W0/><G0/><T100/><D119/><U29/><E87/><V54/><F54/><W90/><G108/><T67/><D122/><U74/><E74/><V32/><F22/><W104/><G104/><T68/><D59/><U65/><E65/><V123/><F123/><W40/><G71/><T109/><D109/><U97/><E97/><V55/><F55/><W16/><G62/><T118/><D118/><U41/><REACH who="1" step="1"/><E18/><REACH who="1" ten="93,240,330,327" step="2"/><V63/><F66/><W107/><G19/><T33/><D67/><U60/><E60/><V132/><F63/><W72/><G72/><T57/><D130/><U10/><N who="1" m="2048" /><DORA hai="58" /><U13/><E13/><V80/><F64/><W12/><G14/><T53/><D131/><U49/><E49/><V76/><F128/><W4/><G12/><T15/><D15/><U75/><E75/><V39/><F39/><W51/><G48/><T111/><D129/><U3/><E3/><V56/><F5/><W73/><G4/><T26/><D68/><U17/><E17/><V93/><F6/><W20/><G16/><T82/><D105/><U30/><E30/><V47/><F134/><W92/><G73/><T110/><D110/><U44/><E44/><V35/><F47/><N who="3" m="26087" /><G107/><T120/><D111/><U42/><E42/><V23/><F132/><W106/><G106/><RYUUKYOKU ba="1,1" sc="93,-15,240,15,330,-15,327,15" hai1="25,29,41,43,45,50,52,78,83,86" hai3="20,21,27,34,81,84,85,88,90,92" /><INIT seed="3,2,1,5,2,71" ten="78,255,315,342" oya="3" hai0="90,98,29,79,43,135,114,108,127,97,87,130,4" hai1="78,101,70,13,96,10,55,83,38,132,42,134,111" hai2="23,37,120,85,99,110,133,59,35,84,72,105,103" hai3="68,0,31,33,80,82,113,39,123,74,93,34,88"/><W73/><G113/><T49/><D108/><U115/><E115/><V65/><F35/><W46/><G68/><T27/><D114/><U129/><E70/><V20/><F72/><W47/><G123/><T5/><D127/><U117/><E111/><V24/><F110/><W8/><G31/><T52/><D135/><N who="1" m="51755" /><E129/><V60/><F133/><W121/><G121/><T77/><D130/><U102/><E55/><V14/><F120/><W21/><G21/><T44/><D79/><U6/><E117/><V66/><F37/><W124/><G124/><T89/><D77/><U116/><E116/><V94/><F105/><W45/><G45/><T100/><D97/><U109/><E109/><V9/><F66/><W36/><G93/><T50/><D5/><U81/><E81/><V51/><F51/><W69/><G69/><T112/><D4/><U1/><E13/><V26/><F26/><W25/><G25/><T86/><D112/><U63/><E63/><V64/><F64/><W18/><G8/><T22/><D87/><N who="1" m="48631" /><E96/><V16/><REACH who="2" step="1"/><F20/><REACH who="2" ten="78,255,305,342" step="2"/><W76/><G74/><T19/><D29/><AGARI ba="2,2" hai="9,14,16,23,24,29,59,60,65,84,85,94,99,103" machi="29" ten="30,12000,2" yaku="1,1,2,1,7,1,25,2,8,1,54,1,53,0" doraHai="71" doraHaiUra="125" who="2" fromWho="0" sc="78,-126,255,0,305,146,342,0" owari="-48,-55.0,255,-14.0,451,55.0,342,14.0" /></mjloggm>