<mjloggm ver="2.3"><GO type="169" lobby="0"/><UN n0="%E3%83%9E%E3%82%A6%E3%83%AD%E3%83%BB%E3%82%B7%E3%82%A6%E3%83%90" n1="%E3%81%91%E3%82%93%31%39%37%30" n2="%E3%82%A6%E3%83%AB%E3%83%88%E3%83%A9%E7%AB%8B%E7%9B%B4" n3="%E3%83%94%E3%82%AB%E6%A7%98" dan="17,16,17,16" rate="2179.86,2112.41,2216.66,2059.44" sx="M,M,M,M"/><TAIKYOKU oya="0"/><INIT seed="0,0,0,3,1,36" ten="250,250,250,250" oya="0" hai0="1,43,58,104,15,56,128,53,61,81,21,0,100" hai1="75,13,45,101,9,52,89,20,92,3,44,7,14" hai2="12,62,41,60,39,28,118,59,72,97,69,82,40" hai3="16,10,17,95,127,90,103,23,114,33,47,106,96"/><T29/><D128/><U76/><E101/><V107/><F39/><W18/><G114/><T85/><D104/><U50/><E75/><V4/><F107/><W25/><G127/><T131/><D100/><U73/><E73/><V30/><F69/><W122/><G122/><T48/><D131/><U57/><E76/><V63/><F72/><W133/><G133/><T26/><D15/><U37/><E37/><V108/><F108/><W86/><G33/><T116/><D116/><U27/><E13/><V84/><F97/><W110/><G110/><T119/><D119/><U6/><E6/><V49/><F118/><W123/><G123/><T31/><D31/><N who="2" m="11818" /><F49/><W80/><G47/><T11/><D11/><U68/><E68/><V8/><F59/><W34/><G34/><T111/><D111/><U93/><E93/><V19/><F4/><W94/><G106/><T67/><REACH who="0" step="1"/><D43/><REACH who="0" ten="240,250,250,250" step="2"/><N who="2" m="16458" /><F63/><W64/><G10/><T5/><D5/><U51/><E3/><V38/><F38/><W71/><G103/><T124/><D124/><U35/><E35/><V91/><AGARI ba="0,1" hai="8,12,19,60,62,82,84,91" m="16458,11818" machi="91" ten="30,7900,0" yaku="8,1,52,3" doraHai="36" who="2" fromWho="2" sc="240,-39,250,-20,250,89,250,-20" /><INIT seed="1,0,0,5,1,127" ten="201,230,339,230" oya="1" hai0="70,87,36,86,130,102,33,50,100,54,101,37,77" hai1="23,3,29,135,63,61,28,52,34,104,81,108,125" hai2="14,131,98,82,48,27,85,21,80,99,109,106,115" hai3="45,62,46,88,67,1,71,26,114,51,128,117,30"/><U94/><E104/><V122/><F122/><W120/><G114/><T96/><D70/><U16/><E3/><V66/><F115/><W92/><G120/><T7/><D33/><U35/><E35/><V5/><F109/><W64/><G1/><T25/><D7/><U4/><E4/><V112/><F112/><W107/><G107/><T103/><D25/><U24/><E125/><V118/><F106/><W75/><G75/><T65/><D65/><U84/><E135/><V74/><F66/><W11/><G117/><T57/><D130/><U41/><E41/><V58/><F131/><W121/><G121/><T0/><D0/><U49/><E94/><V79/><F118/><W10/><G128/><T73/><D73/><U15/><E29/><V6/><F82/><W95/><G64/><T20/><D20/><U44/><REACH who="1" step="1"/><E108/><REACH who="1" ten="201,220,339,230" step="2"/><V13/><F6/><W31/><G92/><T19/><D19/><U55/><E55/><N who="2" m="32103" /><F5/><W91/><G95/><T134/><D134/><U90/><AGARI ba="0,1" hai="15,16,23,24,28,34,44,49,52,61,63,81,84,90" machi="90" ten="20,12000,1" yaku="1,1,0,1,7,1,54,2,53,0" doraHai="127" doraHaiUra="119" who="1" fromWho="1" sc="201,-40,220,130,339,-40,230,-40" /><INIT seed="1,1,0,4,2,48" ten="161,350,299,190" oya="1" hai0="41,104,108,21,47,114,68,59,102,82,77,63,71" hai1="6,78,121,28,33,67,86,109,24,113,75,85,65" hai2="94,50,12,10,30,56,5,122,42,13,81,99,134" hai3="34,7,135,18,23,53,130,52,20,74,98,97,37"/><U128/><E113/><V103/><F122/><W57/><G34/><T16/><D108/><U123/><E128/><V43/><F134/><W60/><G37/><T116/><D116/><U125/><E125/><V101/><F30/><W27/><G74/><T40/><D114/><U129/><E129/><V70/><F70/><W4/><G130/><T62/><D62/><U76/><E6/><N who="3" m="2090" /><G135/><T106/><D40/><U119/><E119/><V91/><F13/><N who="3" m="9295" /><G53/><T100/><D106/><U49/><E75/><V84/><F103/><W73/><G73/><T0/><D0/><U55/><E109/><V80/><F80/><W1/><G1/><T22/><D22/><N who="1" m="15383" /><E123/><V105/><F105/><W88/><G88/><T36/><D104/><U92/><E33/><V95/><F81/><W64/><G64/><N who="1" m="24650" /><E121/><V66/><F66/><W87/><G87/><N who="1" m="33290" /><E92/><V83/><F95/><W3/><G3/><T133/><D133/><U110/><E110/><V31/><F31/><AGARI ba="1,0" hai="23,27,31,52,57,60,97,98" m="9295,2090" machi="31" ten="30,3900,0" yaku="8,1,52,1,54,1" doraHai="48" who="3" fromWho="2" sc="161,0,350,0,299,-42,190,42" /><INIT seed="2,0,0,1,3,93" ten="161,350,257,232" oya="2" hai0="15,131,33,86,76,99,14,66,3,22,125,23,108" hai1="1,21,51,106,102,13,8,4,31,116,46,59,60" hai2="95,118,44,101,126,25,65,61,103,124,20,77,69" hai3="57,135,24,88,79,83,133,109,119,72,19,7,26"/><V49/><F77/><W10/><G119/><T52/><D33/><U2/><E116/><V92/><F118/><W134/><G109/><T11/><D108/><U37/><E37/><V45/><F95/><W94/><G19/><T120/><D120/><U34/><E34/><V117/><F117/><W42/><G57/><T100/><D131/><U40/><E31/><V113/><F113/><W87/><REACH who="3" step="1"/><G42/><REACH who="3" ten="161,350,257,222" step="2"/><T74/><D125/><U62/><E59/><V29/><F126/><W32/><G32/><T105/><D66/><U112/><E112/><V5/><F124/><W71/><G71/><T12/><D52/><U43/><E40/><V70/><F70/><W129/><G129/><T90/><D11/><U81/><E8/><V110/><F110/><W132/><N who="3" m="34304" /><DORA hai="91" /><W121/><G121/><T36/><D22/><U123/><E21/><V16/><F29/><W80/><G80/><T41/><D23/><U53/><E81/><V96/><F5/><W9/><G9/><T111/><D111/><U128/><E4/><V97/><F49/><W63/><G63/><T84/><D36/><U68/><E51/><V89/><F45/><W73/><G73/><T75/><D74/><U35/><E46/><V58/><F44/><W67/><G67/><T127/><D75/><U56/><E68/><V130/><F69/><W28/><G28/><T115/><D127/><U64/><E123/><V98/><F130/><W38/><G38/><T17/><D115/><U47/><E128/><V78/><F78/><W55/><G55/><T114/><D114/><U85/><E47/><V27/><F27/><RYUUKYOKU ba="0,1" sc="161,-15,350,-15,257,15,222,15" hai2="16,20,25,58,61,65,89,92,96,97,98,101,103" hai3="7,10,24,26,72,79,83,87,88,94" /><INIT seed="2,1,1,2,5,83" ten="146,335,272,237" oya="2" hai0="25,67,91,34,7,5,59,26,118,31,21,117,36" hai1="12,29,0,128,107,63,105,84,54,48,6,65,98" hai2="114,44,68,38,76,52,30,119,100,62,86,17,108" hai3="135,46,32,27,92,58,9,82,81,70,50,60,80"/><V37/><F119/><N who="0" m="45578" /><D36/><U103/><E0/><V93/><F114/><W113/><G70/><T69/><D69/><U20/><E128/><V89/><F30/><W129/><G129/><T87/><D59/><U109/><E109/><V53/><F108/><W74/><G113/><T14/><D67/><U78/><E107/><V45/><F100/><W35/><G135/><T42/><D14/><U43/><E43/><V39/><F76/><W124/><G124/><T104/><D42/><U41/><E41/><V22/><F68/><W71/><G71/><T49/><D49/><U127/><E127/><V56/><REACH who="2" step="1"/><F53/><REACH who="2" ten="146,335,262,237" step="2"/><W40/><G40/><T123/><D123/><U15/><E29/><V66/><F66/><W130/><G130/><T102/><D102/><U106/><E65/><V33/><F33/><W112/><G35/><T132/><D132/><U19/><E78/><V28/><F28/><W10/><G32/><T51/><D34/><U24/><E54/><V131/><F131/><W120/><G112/><T61/><D31/><U97/><E103/><V122/><F122/><W8/><G120/><T1/><D104/><U18/><E106/><V72/><F72/><W2/><G74/><T133/><D133/><U4/><E105/><V23/><F23/><W16/><G10/><T90/><D21/><U79/><E79/><V111/><F111/><W13/><G8/><T57/><D91/><U126/><E20/><V77/><F77/><W47/><G9/><T94/><D90/><U88/><E88/><V73/><F73/><W95/><G95/><T75/><D94/><U64/><E64/><RYUUKYOKU ba="1,2" sc="146,-10,335,-10,262,30,237,-10" hai2="17,22,37,38,39,44,45,52,56,62,86,89,93" /><INIT seed="2,2,2,5,5,6" ten="136,325,292,227" oya="2" hai0="129,126,15,134,115,10,88,133,122,75,24,32,83" hai1="95,0,111,79,53,60,38,90,89,34,9,30,128" hai2="124,65,135,40,48,132,46,106,20,100,102,52,7" hai3="84,81,27,2,58,109,66,117,54,62,116,72,78"/><V123/><F123/><W25/><G2/><T113/><D122/><U21/><E38/><V51/><F65/><W12/><G109/><T5/><D126/><U86/><E111/><V131/><F124/><W13/><G117/><T125/><D125/><U99/><E34/><V71/><F71/><W14/><G116/><T93/><D129/><U42/><E42/><V11/><F20/><W49/><REACH who="3" step="1"/><G72/><REACH who="3" ten="136,325,292,217" step="2"/><T59/><D75/><U120/><E120/><V85/><F131/><W4/><G4/><T74/><D74/><U3/><E128/><V35/><F35/><W107/><G107/><T18/><D32/><U77/><E3/><N who="2" m="511" /><F106/><W76/><G76/><T47/><D5/><U112/><E0/><V68/><F68/><AGARI ba="2,3" hai="12,13,14,25,27,49,54,58,62,66,68,78,81,84" machi="68" ten="40,2600,0" yaku="1,1,53,1" doraHai="6" doraHaiUra="73" who="3" fromWho="2" sc="136,0,325,0,292,-32,217,62" /><INIT seed="3,0,0,5,4,62" ten="136,325,260,279" oya="3" hai0="8,103,2,117,97,85,20,109,64,73,131,95,56" hai1="80,29,94,30,41,69,50,63,14,83,43,33,114" hai2="132,55,84,87,59,10,110,54,0,126,89,86,78" hai3="42,119,61,40,34,100,98,7,11,115,19,101,77"/><W135/><G115/><T21/><D109/><U13/><E114/><V37/><F37/><W108/><G119/><T71/><D131/><U28/><E33/><V96/><F110/><W3/><G108/><T128/><D128/><U76/><E94/><V120/><F132/><W116/><G116/><T111/><D73/><U57/><E69/><V127/><F120/><W125/><G34/><T1/><D117/><U82/><E76/><V53/><F59/><W4/><G125/><N who="2" m="47625" /><F78/><W99/><G135/><T91/><D71/><U105/><E105/><V68/><F68/><W92/><G77/><T9/><D1/><U130/><E130/><V65/><F96/><W18/><G61/><N who="0" m="37927" /><D2/><U124/><E124/><V35/><F35/><W67/><G3/><T52/><D111/><U26/><E26/><V48/><F48/><W12/><G92/><N who="0" m="54383" /><D21/><U32/><E32/><V93/><F65/><W107/><G107/><T70/><D20/><U31/><N who="1" m="7168" /><DORA hai="113" /><U16/><E50/><V24/><F24/><W75/><G75/><T58/><D70/><U106/><E106/><V79/><F79/><W49/><G49/><AGARI ba="0,0" hai="8,9,49,52,58,95,97,103" m="54383,37927" machi="49" ten="30,3900,0" yaku="8,1,52,1,54,1" doraHai="62,113" who="0" fromWho="3" sc="136,39,325,0,260,0,279,-39" /><INIT seed="4,0,0,5,5,119" ten="175,325,260,240" oya="0" hai0="56,1,98,19,48,51,122,8,34,108,121,90,116" hai1="29,124,85,4,52,18,57,102,95,63,112,118,110" hai2="100,13,49,28,62,43,39,22,111,79,131,109,50" hai3="93,107,53,74,44,68,38,64,83,54,94,73,115"/><T46/><D116/><U11/><E110/><V16/><F39/><W89/><G107/><T40/><D34/><U58/><E118/><V26/><F100/><W125/><G115/><T35/><D35/><U135/><E29/><V134/><F79/><W104/><G104/><T25/><D108/><U91/><E124/><V3/><F3/><W130/><G125/><T72/><D72/><U12/><E135/><V128/><F62/><W9/><G130/><N who="2" m="49705" /><F134/><W103/><G103/><T45/><D56/><U97/><E112/><V69/><F69/><W65/><G68/><T42/><D25/><U92/><E58/><V120/><F120/><W132/><G132/><T114/><D114/><U76/><REACH who="1" step="1"/><E76/><REACH who="1" ten="175,315,260,240" step="2"/><V20/><F111/><W106/><G74/><T15/><D1/><U82/><E82/><V84/><F109/><W99/><G73/><T123/><D123/><U60/><E60/><V80/><F80/><W30/><G83/><T10/><D10/><U75/><E75/><V133/><F133/><W32/><G9/><T47/><D47/><U77/><E77/><V105/><F28/><W36/><G30/><T78/><D78/><U70/><E70/><V87/><F22/><W66/><G44/><T113/><D113/><U117/><E117/><V17/><F20/><W61/><G32/><T7/><D7/><AGARI ba="0,1" hai="4,7,11,12,18,52,57,63,85,91,92,95,97,102" machi="7" ten="40,5200,0" yaku="1,1,8,1,54,1,53,0" doraHai="119" doraHaiUra="37" who="1" fromWho="0" sc="175,-52,315,62,260,0,240,0" /><INIT seed="5,0,0,2,5,19" ten="123,377,260,240" oya="1" hai0="117,40,3,45,65,5,123,8,32,54,29,106,20" hai1="18,114,130,34,115,84,56,4,39,110,132,58,69" hai2="127,88,95,47,24,97,44,101,111,98,15,55,51" hai3="104,96,21,99,112,108,122,134,85,105,14,103,90"/><U124/><E69/><V118/><F111/><W119/><G108/><T52/><D117/><U79/><E110/><V7/><F118/><W71/><G119/><T77/><D123/><U37/><E34/><V60/><F127/><W42/><G71/><T93/><D106/><U62/><E4/><V0/><F0/><W28/><G122/><T87/><D65/><U75/><E75/><V50/><F60/><W33/><G33/><T131/><D131/><U61/><E18/><V70/><F70/><W107/><G112/><T38/><D32/><U92/><E92/><V100/><F24/><W73/><G73/><T135/><D135/><U64/><E84/><V49/><F49/><W89/><G134/><T59/><D93/><U30/><E30/><V11/><REACH who="2" step="1"/><F98/><REACH who="2" ten="123,377,250,240" step="2"/><W74/><G99/><T43/><D38/><U68/><E68/><V91/><F91/><W25/><G90/><T116/><D116/><U67/><E79/><V10/><F10/><W6/><G89/><T31/><D8/><U26/><E26/><V120/><F120/><W81/><G25/><T66/><D3/><U17/><E132/><V27/><F27/><W36/><G36/><T109/><D77/><U46/><E124/><V125/><F125/><W121/><G121/><T82/><D109/><U133/><E133/><V129/><F129/><W72/><G96/><T83/><D31/><U9/><E130/><V86/><F86/><W1/><G85/><T128/><D29/><U57/><E9/><V63/><F63/><W12/><G72/><T113/><D128/><U94/><E39/><V80/><F80/><RYUUKYOKU ba="0,1" sc="123,-10,377,-10,250,30,240,-10" hai2="7,11,15,44,47,50,51,55,88,95,97,100,101" /><INIT seed="6,1,1,5,3,59" ten="113,367,280,230" oya="2" hai0="17,41,31,76,18,16,2,66,10,127,60,129,43" hai1="116,119,46,128,34,64,80,72,133,125,117,47,3" hai2="120,101,124,23,126,6,26,11,97,7,22,49,90" hai3="73,8,48,33,92,5,111,74,103,68,130,24,106"/><V83/><F120/><W56/><G111/><T52/><D129/><U93/><E34/><V113/><F49/><W77/><G92/><T71/><D127/><N who="2" m="48682" /><F113/><W69/><G56/><T89/><D31/><U82/><E125/><V9/><F90/><W0/><G48/><T123/><D123/><U14/><E128/><V115/><F83/><N who="3" m="45487" /><G130/><T63/><D76/><U102/><E82/><V12/><F115/><W121/><G74/><T55/><D89/><U87/><E80/><V30/><F97/><N who="3" m="61807" /><G121/><T99/><D99/><U104/><E116/><V131/><F101/><W62/><G62/><T88/><D88/><U25/><E102/><V96/><F96/><W36/><G36/><T108/><D108/><U42/><E117/><V50/><F50/><W21/><G21/><T53/><REACH who="0" step="1"/><D60/><REACH who="0" ten="103,367,280,230" step="2"/><U27/><E119/><V54/><F131/><W110/><G110/><T98/><D98/><U32/><E104/><V20/><F54/><W107/><G107/><T78/><D78/><U70/><E42/><V79/><F79/><W37/><G37/><T57/><D57/><U51/><E72/><V19/><F30/><AGARI ba="1,2" hai="0,5,8,24,30,33,68,69" m="61807,45487" machi="30" ten="30,2000,0" yaku="33,2" doraHai="59" who="3" fromWho="2" sc="103,0,367,0,280,-23,230,43" /><INIT seed="7,0,0,2,1,59" ten="103,367,257,273" oya="3" hai0="38,43,57,60,93,69,104,135,86,75,16,47,29" hai1="32,2,42,0,1,128,7,84,17,132,70,66,131" hai2="85,74,87,25,51,35,119,78,14,46,21,95,107" hai3="65,28,5,106,117,9,40,97,121,36,108,112,89"/><W102/><G117/><T20/><D104/><U39/><E32/><V127/><F107/><W77/><G121/><T88/><D135/><U124/><E132/><V15/><F119/><W99/><G112/><T58/><D75/><U55/><E124/><V83/><F35/><W50/><G36/><T31/><D58/><U118/><E17/><V64/><F64/><W30/><G108/><T130/><D130/><N who="1" m="49707" /><E55/><V79/><F127/><W52/><G65/><T8/><D8/><N who="1" m="2151" /><E84/><V126/><F126/><W100/><G40/><T94/><D69/><U101/><E101/><V4/><F4/><W113/><G113/><T6/><D6/><U53/><E53/><V45/><F74/><W120/><G120/><T110/><D110/><U63/><E118/><V41/><F46/><AGARI ba="0,0" hai="1,2,39,42,46,63,66,70" m="2151,49707" machi="46" ten="30,3900,0" yaku="19,1,23,1,52,1" doraHai="59" who="1" fromWho="2" sc="103,0,367,39,257,-39,273,0" owari="103,-40.0,406,51.0,218,-18.0,273,7.0" /></mjloggm>