<mjloggm ver="2.3"><GO type="233" lobby="0"/><UN n0="%E3%83%8A%E3%82%BA%E6%98%9F%40%E6%9D%8F%E6%9D%8F%E8%BB%8D%E5%9C%98" n1="%E3%81%8A%E3%81%98%E3%81%95%E3%82%93" n2="%E3%82%A6%E3%83%AB%E3%83%88%E3%83%A9%E7%AB%8B%E7%9B%B4" n3="%E9%8C%AF%E4%B9%B1%E3%82%AB%E3%83%AB%E3%83%94%E3%82%B9" dan="16,16,18,18" rate="2068.93,2086.36,2195.42,2174.54" sx="F,M,M,F"/><TAIKYOKU oya="0"/><INIT seed="0,0,0,3,3,40" ten="250,250,250,250" oya="0" hai0="100,23,83,87,56,54,12,75,132,101,125,59,88" hai1="31,47,79,36,11,95,113,33,116,84,15,134,80" hai2="86,20,70,62,19,49,91,129,28,118,90,65,110" hai3="1,68,45,18,38,55,32,63,77,73,69,58,35"/><T64/><D75/><U14/><E116/><V89/><F110/><W51/><G1/><T126/><D132/><U43/><E134/><V0/><F0/><W94/><G73/><T26/><D12/><U37/><E113/><V6/><F6/><W48/><G77/><T105/><D105/><U72/><E72/><V96/><F28/><W102/><G69/><T120/><D120/><U10/><E95/><V121/><F121/><W128/><G128/><T131/><D131/><U5/><E33/><V82/><F129/><W109/><G109/><T98/><D64/><U46/><E31/><V4/><F4/><W108/><G18/><T135/><D135/><U93/><E93/><V85/><F118/><W44/><G108/><T9/><D9/><U25/><E25/><V92/><F49/><W52/><G68/><T53/><D23/><U7/><REACH who="1" step="1"/><E47/><REACH who="1" ten="250,240,250,250" step="2"/><V3/><F92/><W97/><REACH who="3" step="1"/><G38/><AGARI ba="0,1" hai="5,7,10,11,14,15,36,37,38,43,46,79,80,84" machi="38" ten="30,8000,1" yaku="1,1,2,1,7,1,9,1,52,1,53,0" doraHai="40" doraHaiUra="104" who="1" fromWho="3" sc="250,0,240,90,250,0,250,-80" /><INIT seed="1,0,0,3,4,74" ten="250,330,250,170" oya="1" hai0="22,48,135,88,55,126,73,132,76,131,111,72,52" hai1="5,103,100,65,82,16,108,122,44,101,50,17,128" hai2="58,49,4,71,119,15,92,117,68,47,56,89,66" hai3="112,134,124,120,33,37,109,133,102,0,59,107,40"/><U9/><E122/><V31/><F31/><W79/><RYUUKYOKU type="yao9" ba="0,0" sc="250,0,330,0,250,0,170,0" hai3="0,33,37,40,59,79,102,107,109,112,120,124,133,134" /><INIT seed="1,1,0,5,5,90" ten="250,330,250,170" oya="1" hai0="73,2,64,16,21,102,92,30,15,98,133,111,25" hai1="29,70,35,24,58,39,124,80,27,86,71,0,117" hai2="129,43,14,52,130,22,10,45,67,134,56,74,50" hai3="110,132,26,114,47,3,54,63,36,17,49,112,8"/><U6/><E117/><V93/><F74/><W9/><G110/><T57/><D73/><U61/><E39/><V38/><F134/><W126/><G132/><T119/><D133/><U107/><E107/><V101/><F22/><W77/><G126/><T81/><D119/><U13/><E124/><V65/><F101/><W68/><G77/><T7/><D111/><U87/><E0/><V46/><F93/><W37/><G8/><T113/><D113/><U62/><E27/><V97/><F97/><W55/><G26/><T118/><D118/><U125/><E125/><V105/><F105/><W99/><G99/><T60/><D81/><U78/><E87/><V28/><F28/><W88/><G88/><T51/><D51/><U96/><E96/><V108/><F108/><W18/><G18/><T32/><D2/><U4/><E62/><N who="2" m="36103" /><F10/><W120/><G3/><T33/><D7/><U83/><E83/><V103/><F103/><W40/><G9/><AGARI ba="1,0" hai="9,15,16,21,25,30,32,33,57,60,64,92,98,102" machi="9" ten="30,8000,1" yaku="7,1,25,2,52,1,54,1" doraHai="90" who="0" fromWho="3" sc="250,83,330,0,250,0,170,-83" /><INIT seed="2,0,0,3,4,42" ten="333,330,250,87" oya="2" hai0="87,95,55,117,70,12,97,88,40,54,79,20,108" hai1="51,53,101,111,22,58,2,60,35,130,38,86,116" hai2="67,81,65,85,4,37,24,133,15,62,72,103,90" hai3="126,109,132,78,28,98,9,76,21,50,25,112,5"/><V46/><F133/><W44/><G112/><T34/><D34/><U96/><E35/><V89/><F72/><W110/><G132/><T73/><D70/><U26/><E116/><V119/><F119/><W91/><G126/><T104/><D117/><U52/><E111/><V8/><F103/><W30/><G30/><T39/><D108/><U134/><E134/><V45/><F37/><W7/><G110/><T100/><D39/><U77/><E38/><V56/><F67/><W27/><G27/><T36/><D36/><U118/><E2/><V125/><F125/><W129/><G129/><T115/><D40/><U135/><E135/><V127/><F127/><W84/><G98/><T11/><D20/><U63/><E118/><V47/><F24/><W0/><G7/><T107/><D107/><U83/><E53/><V16/><F4/><W17/><G28/><T68/><D68/><U13/><E13/><V48/><F90/><W57/><G57/><T74/><D115/><U113/><E130/><V33/><F33/><W93/><REACH who="3" step="1"/><G109/><REACH who="3" ten="333,330,250,77" step="2"/><T41/><D97/><U82/><E113/><V14/><F14/><W1/><G1/><T23/><D12/><U10/><E26/><V71/><F71/><W66/><G66/><T6/><D6/><U80/><E96/><V102/><F102/><W3/><G3/><T94/><D100/><U131/><E101/><V120/><F120/><W122/><G122/><T18/><D104/><U29/><E131/><V61/><F65/><W114/><G114/><T43/><D18/><U121/><E121/><V99/><F99/><W32/><G32/><RYUUKYOKU ba="0,1" sc="333,-15,330,-15,250,15,77,15" hai2="8,15,16,45,46,47,48,56,61,62,81,85,89" hai3="0,5,9,17,21,25,44,50,76,78,84,91,93" /><INIT seed="2,1,1,3,1,120" ten="318,315,265,92" oya="2" hai0="24,39,124,64,94,83,86,118,78,109,19,54,51" hai1="58,31,93,45,35,102,85,1,104,113,89,119,131" hai2="75,18,44,10,25,33,70,114,34,128,107,88,98" hai3="121,81,108,21,42,87,15,74,65,125,43,23,7"/><V6/><F114/><W28/><G74/><T106/><D39/><U60/><E113/><V112/><F112/><W0/><G0/><T62/><D106/><U72/><E1/><V13/><F75/><W36/><G36/><T16/><D124/><U103/><E119/><V8/><F70/><W76/><G121/><T59/><D109/><U99/><E103/><V132/><F128/><W117/><G117/><T22/><D118/><U63/><E131/><V4/><F132/><W116/><G116/><T90/><D22/><N who="3" m="8201" /><G125/><T55/><D24/><U49/><E72/><V56/><F44/><W126/><G28/><T11/><D11/><U80/><E104/><V26/><F56/><W105/><G105/><T20/><D20/><U17/><E17/><V79/><F79/><W53/><G65/><T134/><D134/><U101/><E35/><N who="2" m="13323" /><F107/><W69/><G69/><T2/><D2/><U133/><E133/><V46/><F46/><W122/><G122/><T111/><D111/><U91/><E31/><V38/><F38/><W14/><G126/><T9/><D9/><N who="2" m="3690" /><F88/><N who="3" m="51311" /><G108/><T3/><D3/><U71/><E71/><V27/><F98/><W50/><G76/><T48/><D64/><N who="1" m="38935" /><E63/><V52/><F6/><W5/><G5/><T30/><D62/><U40/><AGARI ba="1,1" hai="40,45,49,80,85,89,91,93,99,101,102" m="38935" machi="40" ten="30,1100,0" yaku="8,1" doraHai="120" who="1" fromWho="1" sc="318,-4,315,24,265,-6,92,-4" /><INIT seed="3,0,0,0,2,117" ten="314,339,259,88" oya="3" hai0="26,25,130,3,30,45,122,102,123,81,13,65,75" hai1="101,108,5,94,48,116,0,97,131,57,99,38,134" hai2="1,71,22,19,109,2,120,133,11,54,61,126,105" hai3="20,115,88,92,55,114,98,41,24,73,28,17,77"/><W84/><G73/><T49/><D3/><U53/><E108/><V104/><F109/><W8/><G41/><T95/><D26/><U96/><E131/><V59/><F71/><W36/><G36/><T12/><D130/><U60/><E134/><V112/><F112/><W31/><G115/><T42/><D75/><U32/><E32/><V128/><F128/><W79/><G114/><T21/><D81/><U78/><E38/><V6/><F1/><W107/><G107/><T90/><D102/><U66/><E78/><N who="3" m="29706" /><G98/><T16/><D65/><U23/><E116/><V51/><F133/><W37/><G37/><T56/><D56/><U7/><E23/><V127/><F120/><W15/><G55/><T44/><D44/><N who="1" m="27783" /><E0/><V47/><F105/><W118/><G118/><T39/><D39/><U70/><E70/><V27/><REACH who="2" step="1"/><F104/><REACH who="2" ten="314,339,249,88" step="2"/><W33/><G33/><T35/><REACH who="0" step="1"/><D12/><REACH who="0" ten="304,339,249,88" step="2"/><U69/><E69/><V68/><F68/><W82/><G82/><T46/><D46/><U110/><E110/><V52/><AGARI ba="0,2" hai="2,6,11,19,22,27,47,51,52,54,59,61,126,127" machi="52" ten="30,8000,1" yaku="1,1,0,1,54,1,53,2" doraHai="117" doraHaiUra="135" who="2" fromWho="2" sc="304,-20,339,-20,249,100,88,-40" /><INIT seed="4,0,0,1,3,113" ten="284,319,349,48" oya="0" hai0="79,9,30,98,21,132,11,129,90,96,112,114,107" hai1="61,50,115,123,17,39,45,87,81,46,97,22,28" hai2="105,54,40,76,110,36,84,34,88,127,55,16,134" hai3="102,48,5,4,1,69,91,111,116,37,92,8,7"/><T117/><D79/><U68/><E115/><N who="0" m="44073" /><D132/><U75/><E123/><V128/><F34/><W51/><G37/><T95/><D129/><U62/><E75/><V124/><F105/><W71/><G111/><T19/><D30/><U109/><E109/><V85/><F110/><W53/><G102/><N who="0" m="62935" /><D117/><U58/><E68/><V133/><F76/><W106/><G106/><T13/><AGARI ba="0,0" hai="9,11,13,19,21,90,95,96" m="62935,44073" machi="13" ten="30,1500,0" yaku="15,1" doraHai="113" who="0" fromWho="0" sc="284,15,319,-5,349,-5,48,-5" /><INIT seed="4,1,0,1,4,19" ten="299,314,344,43" oya="0" hai0="118,131,112,110,87,31,0,63,58,24,69,27,80" hai1="126,36,11,76,12,79,75,1,68,129,91,38,130" hai2="5,70,107,72,66,71,16,117,133,95,45,33,15" hai3="54,35,26,60,2,119,83,65,120,14,9,113,7"/><T134/><D118/><U98/><E68/><V34/><F107/><W84/><G119/><T85/><D0/><U92/><E1/><V111/><F111/><W97/><G113/><T32/><D69/><U22/><E22/><V73/><F117/><W20/><G120/><T6/><D6/><U82/><E79/><V59/><F5/><W64/><G97/><T125/><D112/><U39/><REACH who="1" step="1"/><E126/><REACH who="1" ten="299,304,344,43" step="2"/><V50/><F71/><W103/><G35/><T121/><D125/><U102/><E102/><V56/><F34/><W42/><G103/><T88/><D121/><U29/><E29/><V47/><F33/><W86/><G2/><T46/><D110/><U94/><E94/><V13/><F95/><W48/><G83/><N who="0" m="49215" /><D32/><U93/><E93/><V17/><F70/><W101/><G101/><T114/><D114/><U30/><E30/><V40/><F72/><W116/><G116/><T4/><D31/><U49/><E49/><V127/><F50/><W135/><G135/><T124/><D124/><U44/><E44/><V81/><F47/><N who="3" m="25719" /><G86/><T128/><D134/><U43/><E43/><V96/><F40/><W23/><G84/><T67/><D46/><U55/><E55/><V52/><F45/><W100/><G100/><T3/><D87/><U104/><E104/><V74/><F127/><W10/><G10/><N who="0" m="2335" /><D80/><U122/><E122/><V53/><F81/><W8/><G8/><T78/><D78/><U105/><E105/><V108/><F133/><W77/><G77/><T51/><D51/><U89/><E89/><V109/><F66/><N who="3" m="25707" /><G26/><N who="0" m="9771" /><D67/><U61/><E61/><V18/><F109/><RYUUKYOKU ba="1,1" sc="299,10,304,10,344,-30,43,10" hai0="58,63,128,131" hai1="11,12,36,38,39,75,76,82,91,92,98,129,130" hai3="7,9,14,20,23,54,60" /><INIT seed="4,2,1,3,5,28" ten="309,314,314,53" oya="0" hai0="24,127,64,67,96,84,36,61,0,131,29,86,63" hai1="119,8,37,25,71,16,124,129,30,21,19,46,80" hai2="115,66,40,47,3,55,104,90,135,82,122,60,120" hai3="45,14,10,114,118,85,43,91,34,15,62,103,105"/><T69/><D0/><U93/><E119/><V134/><F104/><W42/><G118/><T107/><D36/><U76/><E71/><N who="2" m="42439" /><F3/><W111/><G111/><T130/><D127/><U81/><E129/><N who="0" m="49161" /><D96/><U23/><E124/><V94/><F82/><W109/><G34/><N who="0" m="20775" /><D107/><U101/><E46/><V52/><F90/><W11/><G62/><T38/><D38/><U125/><E37/><N who="2" m="21903" /><F94/><W17/><G91/><T132/><D132/><N who="2" m="50730" /><F115/><W48/><G114/><T74/><D74/><U110/><E125/><V5/><F5/><W121/><G121/><AGARI ba="2,1" hai="52,55,120,121,122" m="50730,21903,42439" machi="121" ten="30,7700,0" yaku="20,1,34,2,54,1" doraHai="28" who="2" fromWho="3" sc="309,0,314,0,314,93,53,-83" owari="309,-9.0,314,11.0,407,51.0,-30,-53.0" /></mjloggm>