<mjloggm ver="2.3"><GO type="169" lobby="0"/><UN n0="%E3%82%A6%E3%83%AB%E3%83%88%E3%83%A9%E7%AB%8B%E7%9B%B4" n1="%E5%AE%AE%E6%9C%AC%E4%BE%86%E5%A4%8F" n2="%E3%82%AE%E3%82%AC%E3%83%9E%E3%82%A4%E3%83%B3" n3="%E2%80%A0%E3%81%BE%E3%83%BC%E5%9D%8A%E2%80%A0" dan="17,16,16,17" rate="2214.29,2017.96,2136.94,2178.30" sx="M,F,M,M"/><TAIKYOKU oya="0"/><INIT seed="0,0,0,3,4,28" ten="250,250,250,250" oya="0" hai0="58,30,87,45,52,59,44,26,109,61,16,62,42" hai1="64,102,75,65,83,17,20,46,90,13,108,66,127" hai2="116,135,9,114,67,120,15,1,112,125,134,81,34" hai3="72,49,104,48,70,82,10,29,129,14,79,25,92"/><T22/><D109/><U94/><E108/><V24/><F120/><W84/><G104/><T97/><D87/><U69/><E127/><V31/><F125/><W73/><G70/><T23/><D97/><U8/><E102/><V95/><F67/><W105/><G105/><T12/><REACH who="0" step="1"/><D42/><REACH who="0" ten="240,250,250,250" step="2"/><U115/><E75/><V124/><F124/><W68/><G73/><T131/><D131/><U96/><E115/><V78/><F114/><W117/><G129/><T39/><D39/><U80/><E69/><V106/><F112/><W89/><G117/><T5/><D5/><U37/><E37/><V76/><F116/><W88/><G89/><T19/><D19/><U86/><E96/><V60/><F78/><W119/><G119/><T2/><D2/><U55/><E83/><V56/><F1/><W38/><G38/><T130/><D130/><U126/><E126/><V123/><F123/><W77/><G79/><T121/><D121/><U51/><REACH who="1" step="1"/><E94/><REACH who="1" ten="240,240,250,250" step="2"/><V85/><F95/><W18/><REACH who="3" step="1"/><G68/><REACH who="3" ten="240,240,250,240" step="2"/><T122/><D122/><U132/><E132/><V103/><F106/><W54/><G54/><AGARI ba="0,3" hai="12,16,22,23,26,30,44,45,52,54,58,59,61,62" machi="54" ten="30,18000,2" yaku="1,1,7,1,9,1,8,1,54,2,53,1" doraHai="28" doraHaiUra="11" who="0" fromWho="3" sc="240,210,240,0,250,0,240,-180" /><INIT seed="0,1,0,2,3,53" ten="450,240,250,60" oya="0" hai0="79,111,30,135,94,67,122,51,38,61,116,134,24" hai1="123,59,12,87,121,1,101,106,105,40,22,99,130" hai2="75,65,113,8,97,6,104,85,39,48,89,3,133" hai3="91,70,0,2,49,114,47,63,52,60,72,14,37"/><T132/><D38/><U80/><E1/><V26/><F113/><W76/><G114/><T42/><D122/><U69/><E69/><V120/><F120/><W35/><G35/><T84/><D116/><U25/><E40/><V19/><F39/><W117/><G117/><T46/><D111/><U54/><E106/><V50/><F75/><W86/><G70/><T7/><D7/><U90/><E12/><V82/><F133/><W78/><G37/><T131/><D131/><U109/><E130/><V66/><F104/><W108/><G108/><T15/><D15/><U28/><REACH who="1" step="1"/><E109/><REACH who="1" ten="450,230,250,60" step="2"/><V74/><F3/><W93/><G0/><T20/><D134/><U95/><E95/><V4/><F4/><W36/><G2/><T10/><D94/><U55/><E55/><V88/><F6/><W34/><G14/><T107/><D107/><U68/><E68/><V57/><F65/><W32/><G36/><T83/><D10/><U103/><E103/><V43/><F8/><W92/><G93/><T124/><D124/><U23/><E23/><V5/><F5/><W58/><G32/><T100/><D100/><U62/><AGARI ba="1,1" hai="22,25,28,54,59,62,80,87,90,99,101,105,121,123" machi="62" ten="20,8000,1" yaku="1,1,0,1,7,1,52,1,53,1" doraHai="53" doraHaiUra="96" who="1" fromWho="1" sc="450,-41,230,93,250,-21,60,-21" /><INIT seed="1,0,0,1,4,57" ten="409,323,229,39" oya="1" hai0="73,29,2,126,108,116,14,64,117,83,16,95,79" hai1="47,92,118,102,121,45,119,32,55,54,135,90,78" hai2="28,26,9,25,101,3,104,100,114,56,129,20,133" hai3="98,6,107,38,87,70,33,22,128,46,71,127,109"/><U60/><E121/><V85/><F129/><W67/><G128/><T27/><D2/><U72/><E32/><V66/><F133/><W103/><G109/><T132/><D108/><U112/><E112/><V34/><F114/><W59/><G33/><T88/><D64/><U53/><E102/><V89/><F104/><W96/><G127/><T74/><D74/><U93/><E135/><V43/><F43/><W123/><G123/><T12/><D12/><U7/><E7/><V24/><F9/><W122/><G122/><T120/><D120/><U44/><E90/><V23/><F3/><W134/><G134/><T31/><D126/><U68/><E78/><V49/><F34/><W86/><G6/><T1/><D1/><U99/><E72/><V42/><F26/><W36/><G59/><T110/><D27/><U19/><E19/><V125/><F125/><W35/><G35/><T105/><D105/><U65/><REACH who="1" step="1"/><E99/><REACH who="1" ten="409,313,229,39" step="2"/><V75/><F75/><W5/><G5/><T8/><D132/><U131/><E131/><V41/><F101/><W37/><G96/><T80/><D110/><U69/><E69/><V18/><F100/><W21/><G71/><T106/><D79/><U15/><E15/><V30/><F18/><W63/><REACH who="3" step="1"/><G46/><REACH who="3" ten="409,313,229,29" step="2"/><T58/><D116/><AGARI ba="0,2" hai="44,45,47,53,54,55,60,65,68,92,93,116,118,119" machi="116" ten="50,12000,1" yaku="1,1,52,1,53,3" doraHai="57" doraHaiUra="50" who="1" fromWho="0" sc="409,-120,313,140,229,0,29,0" /><INIT seed="1,1,0,5,1,83" ten="289,453,229,29" oya="1" hai0="79,87,18,107,34,56,126,44,4,25,88,117,47" hai1="124,130,30,45,43,68,135,69,23,57,82,96,65" hai2="16,98,35,58,115,76,46,67,39,41,108,89,86" hai3="101,1,55,127,114,122,6,73,2,85,63,74,109"/><U48/><E135/><V120/><F35/><W14/><G114/><T28/><D107/><U102/><E82/><V94/><F120/><W62/><G122/><T12/><D117/><U93/><E124/><V71/><F71/><W42/><G42/><T0/><D79/><U27/><REACH who="1" step="1"/><E130/><REACH who="1" ten="289,443,229,29" step="2"/><V97/><F115/><W111/><G127/><T52/><D126/><U70/><E70/><V99/><F108/><N who="3" m="41547" /><G73/><T3/><D3/><U60/><AGARI ba="1,1" hai="23,27,30,43,45,48,57,60,65,68,69,93,96,102" machi="60" ten="30,11700,0" yaku="1,1,0,1,25,2,53,0" doraHai="83" doraHaiUra="113" who="1" fromWho="1" sc="289,-40,443,130,229,-40,29,-40" owari="249,5.0,573,67.0,189,-21.0,-11,-51.0" /></mjloggm>