<mjloggm ver="2.3"><GO type="41" lobby="0"/><UN n0="%43%41%4E%59%43%4F" n1="%74%69%6B%61%74%74%69" n2="%E5%B0%B1%E6%B4%BB%E7%94%9F%40%E5%B7%9D%E6%9D%91%E8%BB%8D%E5%9B%A3" n3="%78%6A%6C%5F%2E%5F%6C%6A" dan="14,15,17,14" rate="1882.25,1969.93,2245.48,1915.22" sx="M,M,M,F"/><TAIKYOKU oya="0"/><INIT seed="0,0,0,2,2,27" ten="250,250,250,250" oya="0" hai0="46,19,128,62,134,76,73,5,36,35,51,21,8" hai1="11,132,50,95,69,70,71,93,60,94,15,124,89" hai2="16,43,34,130,79,90,122,56,12,98,53,87,37" hai3="20,68,127,47,9,48,30,85,0,29,52,110,112"/><T92/><D36/><U84/><E124/><V108/><F122/><W40/><G127/><T91/><D35/><U14/><E132/><V121/><F121/><W42/><G110/><T114/><D114/><U10/><E50/><V72/><F108/><W104/><G112/><T103/><D128/><U3/><E3/><V13/><F130/><W125/><G125/><T1/><D76/><U17/><REACH who="1" step="1"/><E60/><REACH who="1" ten="250,240,250,250" step="2"/><V131/><F131/><W25/><G68/><T26/><D62/><U57/><E57/><V109/><F37/><W107/><G42/><T78/><D134/><U67/><E67/><V83/><F43/><W28/><G40/><T66/><D66/><U117/><E117/><V102/><F109/><W32/><G32/><T81/><D51/><U63/><E63/><V133/><F34/><W6/><REACH who="3" step="1"/><G85/><REACH who="3" ten="250,240,250,240" step="2"/><T129/><D129/><U120/><E120/><V55/><F133/><W58/><G58/><T111/><D111/><U4/><AGARI ba="0,2" hai="4,10,11,14,15,17,69,70,71,84,89,93,94,95" machi="4" ten="30,2000,0" yaku="1,1,0,1,53,0" doraHai="27" doraHaiUra="77" who="1" fromWho="1" sc="250,-10,240,40,250,-5,240,-5" /><INIT seed="1,0,0,5,0,67" ten="240,280,245,235" oya="1" hai0="44,124,112,49,26,33,133,70,117,126,51,88,102" hai1="27,53,97,110,23,21,98,17,2,85,34,40,96" hai2="59,12,77,19,95,7,106,87,60,10,57,61,75" hai3="114,18,14,42,128,135,1,71,119,134,31,107,20"/><U13/><E2/><V72/><F106/><W3/><G114/><T8/><D117/><U83/><E34/><V94/><F75/><W47/><G107/><T37/><D112/><U125/><E125/><V73/><F73/><W121/><G121/><T50/><D133/><N who="3" m="50697" /><G128/><T127/><D102/><U111/><E40/><V105/><F105/><W24/><G119/><T120/><D120/><U54/><E111/><V76/><F72/><W48/><G71/><T78/><D78/><U25/><E110/><V82/><F76/><W69/><G69/><T16/><D33/><AGARI ba="0,0" hai="1,3,14,18,20,24,31,33,42,47,48" m="50697" machi="33" ten="30,1000,0" yaku="20,1" doraHai="67" who="3" fromWho="0" sc="240,-10,280,0,245,0,235,10" /><INIT seed="2,0,0,0,2,128" ten="230,280,245,245" oya="2" hai0="108,125,41,23,17,122,2,6,67,135,42,76,87" hai1="35,12,66,80,119,49,38,102,16,73,89,78,28" hai2="59,62,134,4,97,84,11,118,95,94,52,103,111" hai3="115,55,83,39,113,64,58,25,105,65,47,127,69"/><V21/><F118/><W46/><G127/><T7/><D125/><U29/><E38/><V126/><F126/><W22/><G105/><T104/><D104/><U15/><E15/><V13/><F111/><W82/><G69/><T93/><D108/><U114/><E35/><V18/><F134/><W63/><G82/><T50/><D135/><U32/><E32/><V121/><F121/><W71/><G83/><N who="0" m="47591" /><D2/><U40/><E66/><V96/><F84/><W70/><G25/><T106/><D93/><U79/><E114/><N who="3" m="43530" /><G22/><T99/><D67/><U117/><E73/><V5/><REACH who="2" step="1"/><F21/><REACH who="2" ten="230,280,235,245" step="2"/><W14/><G70/><T20/><D20/><U24/><E117/><V130/><F130/><W3/><G71/><T91/><D122/><U60/><E119/><V31/><F31/><W124/><G124/><T36/><D23/><U101/><E29/><V57/><F57/><W92/><G58/><T109/><D109/><U53/><E28/><V54/><F54/><W90/><G55/><T98/><D98/><U110/><E53/><V30/><F30/><W61/><G65/><T8/><D99/><U51/><E110/><V9/><F9/><W45/><G64/><T131/><D131/><U1/><E40/><V81/><F81/><W75/><G75/><T44/><D42/><U132/><E80/><V112/><F112/><W129/><G129/><T48/><D8/><U34/><E132/><V116/><F116/><W26/><G47/><T19/><D41/><U27/><E34/><V33/><F33/><W77/><G46/><T88/><D44/><U120/><E120/><V68/><F68/><RYUUKYOKU ba="0,1" sc="230,-10,280,-10,235,30,245,-10" hai2="4,5,11,13,18,52,59,62,94,95,96,97,103" /><INIT seed="2,1,1,3,0,129" ten="220,270,265,235" oya="2" hai0="24,52,123,106,2,87,130,70,43,39,72,44,81" hai1="113,98,95,18,79,40,60,90,14,36,93,127,94" hai2="128,12,86,48,34,57,4,120,125,20,135,134,19" hai3="105,45,78,114,10,117,108,75,32,132,41,74,112"/><V3/><F128/><W33/><G105/><T100/><D130/><U8/><E113/><V62/><F120/><W0/><G108/><T115/><D115/><N who="3" m="44073" /><G132/><N who="2" m="50729" /><F125/><W58/><G58/><T133/><D123/><U16/><E79/><V46/><F34/><W119/><G10/><T99/><D72/><N who="3" m="27689" /><G78/><T50/><D70/><U26/><E36/><V124/><F124/><W6/><G6/><T96/><D96/><U103/><E103/><V7/><F3/><W89/><G89/><T85/><D2/><U55/><E40/><N who="2" m="24647" /><F86/><W84/><G0/><T88/><D87/><U109/><E127/><V68/><F68/><W9/><G84/><T80/><D133/><U29/><E109/><V77/><F77/><W97/><G33/><T76/><D76/><U42/><E42/><V49/><F49/><W121/><G32/><T66/><D81/><U30/><E60/><V63/><F63/><W28/><G121/><T64/><D24/><U118/><E26/><V38/><F38/><W15/><G41/><T47/><AGARI ba="1,1" hai="39,43,44,47,50,52,64,66,80,85,88,99,100,106" machi="47" ten="20,5200,0" yaku="0,1,7,1,54,2" doraHai="129" who="0" fromWho="0" sc="220,65,270,-14,265,-27,235,-14" /><INIT seed="3,0,0,3,3,124" ten="285,256,238,221" oya="3" hai0="62,32,111,46,74,64,79,4,109,54,39,43,110" hai1="82,119,29,41,91,6,8,36,5,102,123,33,19" hai2="16,93,97,60,122,116,31,107,25,0,17,51,106" hai3="56,112,77,45,129,57,80,127,10,125,66,92,115"/><W131/><G92/><T114/><D4/><U13/><E102/><V48/><F116/><W49/><G10/><T14/><D14/><U22/><E119/><V75/><F0/><W130/><G112/><T72/><D32/><U101/><E101/><V71/><F75/><N who="0" m="28714" /><D54/><U47/><E123/><V98/><F122/><W113/><G80/><T50/><D50/><U35/><E6/><V81/><F81/><W86/><G86/><T126/><D126/><N who="3" m="48137" /><G77/><T27/><D27/><U7/><E7/><V83/><F83/><W2/><G2/><T12/><D12/><U30/><E33/><V99/><F93/><W118/><G118/><T120/><D120/><U96/><E35/><V15/><F60/><N who="3" m="38151" /><G57/><N who="0" m="36943" /><D114/><U85/><E96/><V117/><F71/><W53/><AGARI ba="0,0" hai="45,49,53,113,115,129,130,131" m="38151,48137" machi="53" ten="40,18000,2" yaku="19,1,18,1,34,2,52,3" doraHai="124" who="3" fromWho="3" sc="285,-60,256,-60,238,-60,221,180" /><INIT seed="3,1,0,3,4,79" ten="225,196,178,401" oya="3" hai0="26,4,62,61,96,52,63,44,98,91,56,105,108" hai1="81,100,113,58,125,134,121,102,122,103,33,93,31" hai2="135,1,74,35,119,54,2,86,111,110,10,68,73" hai3="82,57,106,92,59,84,95,64,48,45,16,72,114"/><W41/><G114/><T117/><D117/><U39/><E39/><V127/><F119/><W6/><G106/><T128/><D128/><U130/><E113/><V65/><F35/><W88/><G72/><N who="2" m="27753" /><F127/><W69/><G69/><T120/><D120/><U90/><E33/><V12/><F65/><W0/><G0/><N who="2" m="105" /><F54/><W37/><G6/><T17/><D108/><N who="2" m="41514" /><F68/><W40/><G64/><T13/><D105/><U101/><E125/><V80/><F135/><W124/><G124/><T67/><D4/><U23/><E134/><V53/><F53/><N who="3" m="29839" /><G37/><T70/><D62/><U43/><E121/><V8/><F12/><W89/><G95/><T87/><D26/><U42/><E93/><V76/><AGARI ba="1,0" hai="8,10,76,80,86" m="41514,105,27753" machi="76" ten="40,2700,0" yaku="14,1,52,1" doraHai="79" who="2" fromWho="2" sc="225,-8,196,-8,178,30,401,-14" /><INIT seed="4,0,0,4,1,62" ten="217,188,208,387" oya="0" hai0="26,103,1,44,110,48,21,63,55,3,119,34,54" hai1="70,68,10,113,123,75,83,112,121,42,61,52,49" hai2="12,31,67,98,36,56,82,78,91,134,29,72,23" hai3="106,14,133,109,131,132,129,80,81,38,76,32,69"/><T120/><D120/><U127/><E10/><V126/><F36/><W101/><G32/><T96/><D119/><U94/><E94/><V117/><F117/><W47/><G109/><T99/><D34/><U115/><E83/><N who="3" m="31818" /><G76/><T25/><D110/><U2/><E2/><V17/><F126/><W85/><G85/><T108/><D108/><U39/><E75/><V125/><F125/><W37/><G69/><T16/><D96/><U11/><E11/><V89/><F134/><W5/><G101/><T0/><D63/><U102/><E102/><V13/><F13/><W9/><G106/><T104/><REACH who="0" step="1"/><D54/><REACH who="0" ten="207,188,208,387" step="2"/><U95/><E127/><V60/><REACH who="2" step="1"/><F98/><REACH who="2" ten="207,188,198,387" step="2"/><W24/><G133/><T116/><D116/><U19/><E121/><V46/><F46/><W8/><G47/><T27/><AGARI ba="0,2" hai="0,1,3,16,21,25,26,27,44,48,55,99,103,104" machi="27" ten="40,7800,0" yaku="1,1,0,1,54,1,53,0" doraHai="62" doraHaiUra="7" who="0" fromWho="0" sc="207,98,188,-26,198,-26,387,-26" /><INIT seed="4,1,0,3,3,9" ten="305,162,172,361" oya="0" hai0="30,39,117,100,74,82,79,51,80,43,91,57,14" hai1="56,85,19,125,123,132,99,54,94,124,4,89,135" hai2="12,65,6,5,120,16,28,58,97,114,133,86,83" hai3="59,23,31,32,115,47,76,29,53,48,15,78,130"/><T44/><D117/><U45/><E45/><V62/><F120/><W96/><G115/><T128/><D128/><U63/><E4/><V73/><F73/><W84/><G130/><T101/><D39/><U66/><E123/><V42/><F114/><W116/><G116/><T75/><D74/><U61/><E85/><V113/><F113/><W72/><G72/><T35/><D57/><U111/><E111/><V27/><F42/><W88/><G96/><T40/><D43/><U121/><E121/><V122/><F97/><W119/><G119/><T3/><D3/><U38/><E38/><V134/><F122/><W17/><G47/><T77/><D91/><U0/><E0/><V102/><F102/><N who="0" m="39530" /><D30/><N who="3" m="11273" /><G32/><T52/><D35/><U1/><E1/><V126/><F126/><N who="1" m="48745" /><E19/><V7/><F28/><W10/><G10/><T127/><D75/><U93/><E93/><AGARI ba="1,0" hai="15,17,23,48,53,59,76,78,84,88,93" m="11273" machi="93" ten="30,7700,0" yaku="25,1,8,1,52,1,54,1" doraHai="9" who="3" fromWho="1" sc="305,0,162,-80,172,0,361,80" /><INIT seed="5,0,0,1,3,31" ten="305,82,172,441" oya="1" hai0="126,96,103,15,74,127,114,79,46,92,25,9,52" hai1="116,28,37,104,76,108,30,134,113,77,128,91,41" hai2="112,62,7,111,35,47,121,120,125,95,55,66,0" hai3="133,124,71,73,6,68,33,26,83,123,87,94,63"/><U117/><E104/><V38/><F111/><W40/><G124/><T19/><D74/><U88/><E37/><V72/><F125/><W101/><G133/><T81/><D114/><U51/><E51/><V49/><F72/><W78/><G40/><T60/><D81/><U105/><E41/><V107/><F107/><W10/><G123/><T70/><D79/><U44/><E44/><V12/><F0/><W43/><G43/><T39/><D39/><U36/><E36/><V11/><F35/><W50/><G50/><T98/><D46/><U82/><E105/><V129/><F129/><W54/><G54/><T115/><D115/><U32/><E82/><V58/><F112/><W8/><G8/><T17/><D98/><U21/><E21/><V93/><REACH who="2" step="1"/><F38/><REACH who="2" ten="305,82,162,441" step="2"/><W5/><G33/><T56/><D126/><U61/><E113/><V22/><F22/><W85/><G73/><T48/><D127/><U80/><E128/><V75/><F75/><W69/><G10/><T64/><REACH who="0" step="1"/><D25/><REACH who="0" ten="295,82,162,441" step="2"/><U89/><E108/><V65/><F65/><W100/><G26/><T4/><AGARI ba="0,2" hai="4,9,15,17,19,48,52,56,60,64,70,92,96,103" machi="4" ten="20,12000,2" yaku="1,1,2,1,0,1,7,1,54,1,53,2" doraHai="31" doraHaiUra="13" who="0" fromWho="0" sc="295,140,82,-60,162,-30,441,-30" /><INIT seed="6,0,0,2,1,29" ten="435,22,132,411" oya="2" hai0="123,116,81,31,92,119,13,103,57,48,63,2,59" hai1="68,84,5,39,36,79,54,113,44,61,97,135,94" hai2="105,107,65,23,87,71,38,80,77,52,19,53,7" hai3="69,49,117,129,37,33,26,75,55,82,83,90,15"/><V0/><F38/><W95/><G117/><N who="0" m="45131" /><D123/><U70/><E135/><V121/><F121/><W66/><G129/><T115/><D115/><U91/><E113/><V111/><F111/><W86/><G37/><T130/><D130/><U106/><E5/><V8/><F105/><W110/><G110/><T40/><D31/><U9/><E39/><V64/><F107/><W45/><G75/><T58/><D81/><U17/><E36/><V85/><F85/><W131/><G131/><T89/><D103/><U42/><E42/><V3/><F3/><W126/><G33/><T20/><D2/><U46/><E70/><V30/><F30/><W1/><G26/><T41/><D48/><U62/><E68/><V112/><F112/><W18/><G126/><T56/><D20/><U50/><E46/><V114/><F114/><W122/><G1/><T47/><D47/><U99/><E106/><V32/><F32/><W25/><G25/><T125/><D13/><U128/><E128/><V127/><F127/><W28/><G28/><T88/><D89/><U10/><E10/><V78/><F78/><W24/><G24/><T11/><D11/><U51/><E51/><V104/><F104/><W133/><G133/><T16/><D16/><U4/><E79/><V134/><F134/><W102/><G102/><T93/><D93/><U132/><E17/><V72/><F72/><W120/><G120/><T96/><D125/><U108/><E108/><V12/><F71/><W35/><G35/><T74/><D74/><U21/><E132/><V100/><F100/><W6/><G122/><T124/><D124/><RYUUKYOKU ba="0,0" sc="435,15,22,-15,132,15,411,-15" hai0="40,41,56,57,58,59,63,88,92,96" hai2="0,7,8,12,19,23,52,53,64,65,77,80,87" /><INIT seed="6,1,0,0,1,95" ten="450,7,147,396" oya="2" hai0="122,99,125,26,39,101,56,74,13,88,47,83,92" hai1="131,94,121,38,123,14,20,1,133,89,2,46,55" hai2="27,124,85,60,15,59,67,42,62,52,19,28,57" hai3="68,58,132,126,37,18,87,79,108,127,5,70,11"/><V96/><F124/><N who="3" m="47659" /><G108/><T48/><D122/><N who="1" m="46603" /><E131/><V97/><F42/><W77/><G37/><T71/><D125/><U29/><E133/><V93/><F93/><W135/><G18/><T65/><D71/><N who="3" m="27177" /><G58/><T36/><D26/><N who="1" m="16583" /><E14/><V32/><REACH who="2" step="1"/><F85/><REACH who="2" ten="450,7,137,396" step="2"/><W64/><G87/><T8/><D74/><U17/><E17/><V105/><F105/><W21/><G64/><T118/><D118/><U51/><E38/><V22/><AGARI ba="1,1" hai="15,19,22,27,28,32,52,57,59,60,62,67,96,97" machi="22" ten="20,18000,2" yaku="1,1,0,1,7,1,52,2,54,1,53,0" doraHai="95" doraHaiUra="115" who="2" fromWho="2" sc="450,-61,7,-61,137,193,396,-61" owari="389,48.0,-54,-55.0,330,-7.0,335,14.0" /></mjloggm>