<mjloggm ver="2.3"><GO type="169" lobby="0"/><UN n0="%E5%B0%B1%E6%B4%BB%E7%94%9F%40%E5%B7%9D%E6%9D%91%E8%BB%8D%E5%9B%A3" n1="%6E%65%70%65%72%6F" n2="%7A%65%52%6F" n3="%49%53%53%4F%4E%34" dan="17,16,17,16" rate="2195.19,2124.77,2205.70,2176.75" sx="M,M,M,M"/><TAIKYOKU oya="0"/><INIT seed="0,0,0,4,0,94" ten="250,250,250,250" oya="0" hai0="114,39,113,17,13,60,116,102,108,100,12,15,30" hai1="0,1,18,20,42,121,112,52,7,36,119,109,71" hai2="122,67,38,54,23,73,103,47,93,84,133,49,3" hai3="90,8,99,126,89,72,44,101,59,68,85,118,14"/><T51/><D39/><U62/><E119/><V9/><F73/><W106/><G118/><T105/><D116/><U123/><E112/><V127/><F122/><W111/><G72/><T80/><D30/><U128/><E109/><V10/><F127/><W29/><G68/><T125/><D125/><U120/><E128/><V75/><F75/><W61/><G111/><T88/><D108/><U66/><E7/><V70/><F3/><W40/><G29/><T19/><D60/><U22/><E22/><V107/><F107/><W115/><G115/><T34/><D34/><U124/><E124/><V53/><F133/><W110/><G110/><T135/><D135/><U131/><E131/><V129/><F129/><W91/><G126/><T11/><D51/><U55/><E1/><V28/><F38/><W56/><G85/><T26/><D26/><U46/><REACH who="1" step="1"/><E0/><REACH who="1" ten="250,240,250,250" step="2"/><V25/><F23/><W130/><G130/><T31/><D113/><U92/><E92/><V134/><F93/><W16/><REACH who="3" step="1"/><G61/><REACH who="3" ten="250,240,250,240" step="2"/><T65/><D114/><U5/><E5/><V45/><F134/><W83/><G83/><T64/><D80/><U24/><AGARI ba="0,2" hai="18,20,24,36,42,46,52,55,62,66,71,120,121,123" machi="24" ten="30,8000,1" yaku="1,1,0,1,54,1,53,2" doraHai="94" doraHaiUra="48" who="1" fromWho="1" sc="250,-40,240,100,250,-20,240,-20" /><INIT seed="1,0,0,4,4,77" ten="210,340,230,220" oya="1" hai0="79,133,62,47,30,54,101,112,114,95,20,96,105" hai1="9,10,53,75,16,107,50,131,90,27,70,100,93" hai2="41,80,121,68,35,24,106,83,63,46,67,97,135" hai3="120,111,55,92,14,21,29,33,60,38,57,128,110"/><U125/><E70/><V64/><F64/><W15/><G120/><T39/><D133/><U37/><E37/><V40/><F121/><W1/><G1/><T2/><D2/><U134/><E75/><V28/><F135/><W91/><G38/><T58/><D105/><U127/><E134/><V113/><F113/><W42/><G42/><N who="2" m="16489" /><F46/><W43/><G43/><T5/><D5/><U85/><E131/><V49/><F49/><W59/><G128/><T102/><D102/><AGARI ba="0,0" hai="24,28,35,63,67,68,80,83,97,102,106" m="16489" machi="102" ten="30,3900,0" yaku="25,1,52,2" doraHai="77" who="2" fromWho="0" sc="210,-39,340,0,230,39,220,0" /><INIT seed="2,0,0,1,0,72" ten="171,340,269,220" oya="2" hai0="120,0,87,131,99,22,68,135,19,2,40,111,10" hai1="52,7,49,64,110,63,53,96,32,48,92,97,113" hai2="67,133,71,65,105,132,24,100,28,95,21,90,30" hai3="16,79,77,31,34,115,91,123,62,126,88,101,82"/><V118/><F118/><W11/><G123/><T104/><D120/><U56/><E113/><V50/><F105/><W23/><G34/><T26/><D68/><U25/><E110/><V81/><F100/><W128/><G101/><T12/><D111/><U59/><E7/><V130/><F130/><W8/><G128/><T60/><D131/><U83/><E83/><V54/><F81/><W73/><G31/><T44/><D135/><N who="2" m="51786" /><F28/><W27/><G115/><T45/><D45/><U1/><E1/><V102/><F102/><W36/><G36/><T69/><D99/><U4/><E4/><V121/><F121/><W93/><G79/><T29/><D104/><U119/><E119/><V51/><F71/><W20/><G91/><T86/><D0/><U6/><E6/><V5/><F5/><W61/><G126/><T112/><D2/><U89/><E32/><V37/><F37/><W33/><G33/><T42/><D112/><U80/><E25/><V106/><F106/><W107/><G107/><T35/><D35/><U75/><E75/><V125/><F125/><W116/><G116/><T124/><D124/><U109/><E109/><V43/><F43/><W134/><G134/><T46/><D42/><U74/><E74/><V103/><F103/><W108/><G108/><T17/><D40/><U41/><E41/><V47/><F51/><W94/><G94/><T129/><D129/><U14/><E92/><V13/><F13/><N who="3" m="9231" /><G93/><T117/><D117/><U3/><E3/><V78/><F78/><W85/><G77/><T58/><D69/><N who="1" m="42143" /><E14/><V76/><F76/><W9/><G73/><RYUUKYOKU ba="0,0" sc="171,-30,340,10,269,10,220,10" hai1="48,49,52,53,56,59,80,89,96,97" hai2="21,24,30,47,50,54,65,67,90,95" hai3="8,9,11,23,27,61,62,82,85,88" /><INIT seed="2,1,0,0,0,74" ten="141,350,279,230" oya="2" hai0="25,120,127,54,92,129,56,63,9,94,110,68,102" hai1="70,118,116,122,50,99,18,53,96,100,105,104,31" hai2="27,85,89,103,2,12,124,40,67,112,42,61,130" hai3="3,16,35,77,108,76,73,36,133,78,83,52,126"/><V28/><F2/><W33/><G36/><T59/><D120/><U21/><E70/><V134/><F112/><W8/><G73/><T81/><D68/><U86/><E122/><V14/><F103/><W75/><G75/><T135/><D135/><U107/><E31/><V71/><F124/><W41/><G41/><T111/><D127/><U60/><E60/><V125/><F125/><W106/><G126/><T114/><D114/><U90/><E99/><V44/><F134/><W26/><G106/><T4/><D129/><U80/><E105/><V29/><F42/><W101/><G101/><T97/><D25/><U87/><E87/><V30/><F27/><W6/><G133/><T46/><D46/><U69/><E69/><V55/><F55/><W15/><G108/><T98/><D81/><U39/><E39/><V121/><F121/><W115/><G115/><T19/><D19/><U58/><E104/><V84/><F130/><W62/><G83/><T47/><D47/><U43/><E43/><V13/><REACH who="2" step="1"/><F89/><REACH who="2" ten="141,350,269,230" step="2"/><W32/><G26/><AGARI ba="1,1" hai="18,21,26,50,53,58,80,86,90,96,100,107,116,118" machi="26" ten="30,1000,0" yaku="7,1" doraHai="74" who="1" fromWho="3" sc="141,0,350,23,269,0,230,-13" /><INIT seed="3,0,0,0,3,50" ten="141,373,269,217" oya="3" hai0="133,37,122,16,12,56,128,69,41,71,83,77,40" hai1="2,135,19,121,23,134,99,79,124,92,9,100,98" hai2="107,94,47,81,52,113,42,72,125,85,28,51,61" hai3="116,111,76,27,25,62,8,11,112,39,44,91,90"/><W26/><G116/><T123/><D128/><U74/><E121/><V4/><F107/><W21/><G112/><T114/><D133/><U130/><E79/><V75/><F113/><W60/><G39/><T93/><D114/><U126/><E74/><V20/><F125/><N who="1" m="48233" /><E99/><V129/><F129/><W102/><G76/><T117/><D117/><U127/><E127/><V1/><F1/><W66/><G102/><T29/><D29/><U3/><E130/><V33/><F33/><W7/><G44/><T38/><D93/><U59/><E59/><V103/><F4/><W131/><G131/><T30/><D30/><U45/><E45/><V104/><F104/><W118/><G118/><T110/><D110/><U78/><E78/><V132/><F132/><N who="1" m="50729" /><E9/><N who="3" m="3658" /><G7/><T10/><D38/><U22/><E22/><V120/><F120/><W97/><G111/><T6/><D6/><U49/><E49/><V48/><F75/><W46/><G46/><T35/><D35/><U70/><E70/><V115/><F72/><W18/><G97/><T13/><D37/><U53/><E2/><V88/><F115/><W84/><G91/><T106/><D106/><U87/><E3/><V86/><F103/><W89/><G90/><T101/><D101/><U36/><E36/><V43/><F51/><W0/><G0/><T54/><D71/><U32/><E32/><V34/><F34/><W82/><G62/><N who="0" m="36119" /><D69/><U14/><E87/><V55/><F86/><W67/><G60/><T73/><D12/><AGARI ba="0,0" hai="12,18,21,25,26,27,66,67,82,84,89" m="3658" machi="12" ten="30,1500,0" yaku="8,1" doraHai="50" who="3" fromWho="0" sc="141,-15,373,0,269,0,217,15" /><INIT seed="3,1,0,2,1,27" ten="126,373,269,232" oya="3" hai0="68,113,75,95,59,26,3,119,45,8,71,126,74" hai1="29,121,31,0,55,34,6,24,69,32,117,11,7" hai2="80,1,58,25,110,105,33,37,112,114,123,97,39" hai3="66,125,128,131,122,41,101,12,111,60,100,88,4"/><W132/><G122/><T73/><D119/><U134/><E121/><V93/><F123/><W51/><G4/><T22/><D113/><U124/><E69/><V107/><F1/><W108/><G12/><T133/><D126/><U13/><E55/><V44/><F110/><N who="3" m="42027" /><G125/><T23/><D133/><U85/><E124/><V14/><F114/><W109/><N who="3" m="42035" /><W42/><DORA hai="61" /><G132/><T19/><D45/><U10/><E134/><V20/><F112/><W18/><G18/><T53/><D23/><U92/><E92/><V9/><F33/><W135/><G88/><T36/><D36/><U76/><E85/><V28/><F80/><W99/><G135/><T129/><D129/><N who="3" m="49737" /><G51/><T106/><D106/><U130/><E76/><V48/><F107/><N who="3" m="63903" /><G101/><T91/><D8/><U78/><E78/><V87/><F105/><W63/><G63/><T115/><D3/><U40/><E130/><V89/><F97/><W5/><G5/><T67/><D115/><U2/><E117/><V120/><F120/><W118/><G118/><T116/><D116/><U90/><E90/><V84/><F37/><W43/><G43/><T16/><D19/><U103/><E40/><V79/><F39/><W35/><G35/><T65/><D91/><U15/><E103/><V102/><F102/><W21/><G21/><T77/><D77/><U54/><E54/><N who="2" m="29959" /><F79/><W56/><AGARI ba="1,0" hai="41,42,56,60,66" m="63903,49737,42035" machi="56" ten="50,12000,1" yaku="14,1,10,1,19,1,52,1" doraHai="27,61" who="3" fromWho="3" sc="126,-41,373,-41,269,-41,232,123" /><INIT seed="3,2,0,0,2,66" ten="85,332,228,355" oya="3" hai0="83,59,60,108,61,76,53,4,40,30,104,25,126" hai1="51,133,99,72,13,67,62,122,46,77,89,112,36" hai2="8,45,101,11,78,128,116,65,27,80,79,105,12" hai3="125,129,58,98,118,96,95,1,41,49,114,111,56"/><W0/><G114/><T31/><D108/><U117/><E122/><V124/><F116/><W7/><G118/><T97/><D126/><U132/><E117/><V3/><F124/><W100/><G125/><T74/><D4/><U32/><E32/><V69/><F3/><W52/><G41/><T23/><D40/><U113/><E36/><V85/><F128/><W17/><G111/><T19/><D104/><U130/><E130/><V42/><F27/><W119/><G129/><T38/><D38/><U50/><E77/><V9/><F79/><W110/><G110/><T71/><D61/><U91/><E72/><V55/><F55/><W43/><G43/><T5/><D5/><U2/><E2/><V103/><F105/><W86/><G86/><T84/><D74/><U92/><E13/><V44/><F44/><W68/><G68/><T123/><D123/><U127/><E127/><V48/><F65/><W75/><G75/><T87/><D71/><N who="1" m="42487" /><E91/><V14/><F69/><W121/><G121/><T47/><D47/><U90/><E90/><V34/><F34/><W106/><G119/><T134/><D134/><N who="1" m="51819" /><E46/><V64/><F64/><W109/><G109/><T88/><D84/><U81/><E81/><V102/><AGARI ba="2,0" hai="8,9,11,12,14,42,45,48,78,80,85,101,102,103" machi="102" ten="30,2000,0" yaku="0,1,8,1" doraHai="66" who="2" fromWho="2" sc="85,-7,332,-7,228,26,355,-12" /><INIT seed="4,0,0,3,1,124" ten="78,325,254,343" oya="0" hai0="7,107,122,33,31,115,113,11,40,61,81,38,80" hai1="100,128,10,83,43,84,101,3,4,58,0,62,37" hai2="90,117,14,69,119,103,85,18,60,92,72,13,76" hai3="102,63,77,56,57,1,78,94,106,47,110,30,29"/><T108/><D122/><U23/><E3/><V93/><F76/><N who="3" m="29291" /><G106/><T111/><D107/><U96/><E43/><V132/><F72/><W26/><G1/><N who="0" m="495" /><D61/><U73/><E73/><V70/><F132/><W79/><G110/><N who="0" m="42027" /><D40/><U55/><E37/><V54/><F54/><W25/><G79/><T126/><D38/><U71/><E71/><V64/><F70/><W88/><G102/><T99/><D99/><U67/><E55/><V89/><F103/><W27/><G47/><T82/><D126/><U34/><E34/><V123/><F123/><W15/><G15/><T24/><AGARI ba="0,0" hai="24,31,33,80,81,82,113,115" m="42027,495" machi="24" ten="40,2100,0" yaku="10,1" doraHai="124" who="0" fromWho="0" sc="78,21,325,-7,254,-7,343,-7" /><INIT seed="4,1,0,1,0,108" ten="99,318,247,336" oya="0" hai0="40,89,53,18,29,64,104,39,14,13,11,109,98" hai1="20,125,69,82,87,118,77,74,59,41,113,56,133" hai2="96,35,106,71,52,90,81,103,58,93,100,22,73" hai3="126,107,115,25,23,88,129,2,76,36,7,27,110"/><T68/><D109/><U121/><E121/><V95/><F35/><W75/><G88/><T135/><D135/><U134/><E118/><V111/><F71/><W62/><G23/><T45/><D29/><U16/><E69/><V49/><F111/><W42/><G62/><T9/><D53/><U12/><E41/><V5/><F106/><W117/><G27/><T84/><D68/><U0/><E0/><V86/><F5/><W43/><G43/><T57/><D64/><U91/><E125/><V120/><F120/><W19/><G19/><T46/><D57/><U34/><E34/><V78/><F22/><W114/><G25/><T105/><D98/><U24/><E24/><V60/><REACH who="2" step="1"/><F103/><REACH who="2" ten="99,318,237,336" step="2"/><W66/><G110/><T10/><D46/><U15/><E134/><V37/><F37/><W79/><G36/><T63/><D63/><AGARI ba="1,1" hai="49,52,58,60,63,73,78,81,86,90,93,95,96,100" machi="63" ten="40,2600,0" yaku="1,1,54,1,53,0" doraHai="108" doraHaiUra="33" who="2" fromWho="0" sc="99,-29,318,0,237,39,336,0" /><INIT seed="5,0,0,5,2,28" ten="70,318,276,336" oya="1" hai0="46,68,18,13,52,85,14,4,21,79,42,22,129" hai1="49,76,30,23,75,26,132,93,103,55,74,125,59" hai2="25,89,62,88,82,63,105,27,35,107,115,114,39" hai3="31,111,7,87,106,130,133,48,15,104,102,2,44"/><U73/><E132/><V98/><F39/><W77/><G111/><T65/><D129/><U135/><E135/><V70/><F70/><W83/><G2/><T38/><D68/><U69/><E69/><V117/><F117/><W34/><G130/><T16/><D65/><U43/><E125/><V95/><F35/><W60/><G60/><N who="2" m="23081" /><F82/><W127/><G127/><T8/><D85/><U90/><E103/><V81/><F81/><W91/><G91/><N who="2" m="34889" /><F95/><W47/><G47/><T118/><D118/><U24/><E43/><V57/><F57/><W20/><G102/><T116/><D116/><U61/><E76/><V5/><F5/><W53/><G133/><T126/><D126/><U33/><E61/><V12/><F12/><W109/><G109/><T50/><D79/><U134/><E134/><V101/><F98/><W113/><G113/><N who="2" m="43017" /><F101/><W41/><G34/><T29/><D29/><U10/><E10/><V3/><F3/><W128/><G53/><T99/><D99/><U131/><E131/><V80/><F80/><W66/><G128/><T119/><D119/><U120/><E120/><V108/><F108/><W40/><G40/><T58/><D4/><U121/><E121/><V72/><F72/><W36/><G36/><T112/><D112/><U9/><E9/><AGARI ba="0,0" hai="8,9,13,14,16,18,21,22,38,42,46,50,52,58" machi="9" ten="30,7700,0" yaku="7,1,9,1,54,2" doraHai="28" who="0" fromWho="1" sc="70,77,318,-77,276,0,336,0" /><INIT seed="6,0,0,1,5,46" ten="147,241,276,336" oya="2" hai0="110,79,119,57,5,13,27,63,49,7,84,2,109" hai1="102,71,96,89,129,82,60,14,11,22,47,6,43" hai2="100,10,134,33,131,112,80,104,76,132,115,128,58" hai3="53,0,52,38,56,23,124,39,74,111,126,101,107"/><V9/><F58/><W125/><G74/><T106/><D106/><U123/><E129/><N who="2" m="49739" /><F9/><W91/><G111/><T64/><D2/><U48/><E123/><V70/><F10/><W15/><G0/><T37/><D37/><N who="3" m="13833" /><G101/><T98/><D119/><U78/><E89/><V1/><F70/><W81/><G107/><T25/><D109/><U75/><E22/><V72/><F33/><W18/><G91/><T95/><D110/><U94/><E71/><V92/><F104/><W42/><G81/><T99/><D13/><U135/><E60/><V61/><F61/><N who="3" m="35975" /><G53/><T105/><D105/><U86/><REACH who="1" step="1"/><E135/><REACH who="1" ten="147,231,276,336" step="2"/><N who="2" m="51755" /><F1/><W73/><G73/><AGARI ba="0,1" hai="6,11,14,43,47,48,73,75,78,82,86,94,96,102" machi="73" ten="40,8000,1" yaku="1,1,25,2,52,1,53,0" doraHai="46" doraHaiUra="51" who="1" fromWho="3" sc="147,0,231,90,276,0,336,-80" /><INIT seed="7,0,0,4,2,61" ten="147,321,276,256" oya="3" hai0="65,121,78,129,71,6,16,20,118,38,70,47,43" hai1="8,28,101,87,15,13,24,74,106,9,100,63,123" hai2="49,84,30,125,48,85,60,132,114,80,76,72,59" hai3="115,89,135,44,57,102,4,69,7,113,126,97,41"/><W32/><G69/><T92/><D118/><U112/><E74/><V29/><F125/><W5/><G126/><T35/><D121/><U75/><E75/><V99/><F132/><W66/><G135/><T98/><D35/><U23/><E106/><V82/><F114/><N who="3" m="43531" /><G32/><T108/><D108/><U105/><E105/><V131/><F131/><W55/><G89/><T124/><D129/><U3/><E3/><V26/><F99/><W128/><G128/><T127/><D78/><U122/><E112/><V25/><F72/><W42/><G44/><T52/><D6/><N who="3" m="1537" /><W10/><DORA hai="22" /><G10/><N who="1" m="4202" /><E122/><V90/><F30/><W11/><G11/><T18/><D71/><U21/><E63/><V104/><F104/><N who="3" m="63567" /><G66/><T130/><D130/><U40/><E40/><V79/><F90/><W37/><G37/><T88/><D52/><U31/><E87/><V117/><F117/><W56/><G56/><T33/><D33/><U53/><E53/><N who="2" m="33903" /><F29/><W81/><G81/><T58/><D70/><U14/><E123/><V19/><F19/><W83/><G83/><T103/><D103/><U1/><E1/><V133/><F133/><W107/><G107/><T67/><D18/><U110/><E110/><V2/><F2/><W34/><G34/><T134/><D134/><U120/><E120/><V54/><F54/><W46/><G46/><T94/><D94/><U45/><E45/><V64/><F64/><N who="0" m="24650" /><D58/><U91/><E91/><V77/><F77/><W50/><AGARI ba="0,0" hai="41,42,50,55,57" m="63567,1537,43531" machi="50" ten="40,2100,0" yaku="15,1" doraHai="61,22" who="3" fromWho="3" sc="147,-7,321,-7,276,-7,256,21" /><INIT seed="7,1,0,1,3,123" ten="140,314,269,277" oya="3" hai0="130,11,133,39,57,22,108,45,99,62,52,20,94" hai1="70,24,121,41,116,79,117,6,3,1,96,83,111" hai2="18,48,81,109,27,101,40,21,66,71,2,85,126" hai3="77,115,64,91,75,29,34,105,76,78,110,65,73"/><W59/><G34/><T122/><D122/><U74/><E121/><V90/><F2/><W33/><G33/><T86/><D130/><U47/><E70/><V4/><F126/><W26/><G105/><T107/><D133/><U43/><E111/><V38/><F38/><W127/><G26/><T114/><D107/><U30/><E96/><V31/><F4/><W113/><G29/><T36/><D108/><U98/><E98/><V17/><F109/><W119/><G110/><T125/><D125/><U67/><E67/><N who="3" m="25674" /><G127/><T51/><D114/><N who="3" m="43529" /><G59/><T46/><D86/><U69/><E69/><V118/><F118/><N who="1" m="45673" /><E6/><V72/><F72/><N who="3" m="27723" /><G119/><T95/><D95/><U9/><E9/><V49/><F101/><W87/><G91/><T56/><D11/><U88/><E88/><V14/><F66/><W15/><G15/><T132/><D132/><U35/><E43/><V7/><F71/><W5/><G5/><T8/><D8/><U50/><AGARI ba="1,0" hai="1,3,24,30,35,41,47,50,74,79,83" m="45673" machi="50" ten="30,1100,0" yaku="12,1" doraHai="123" who="1" fromWho="1" sc="140,-4,314,14,269,-4,277,-6" owari="136,-36.0,328,42.0,265,-13.0,271,7.0" /></mjloggm>