<mjloggm ver="2.3"><GO type="169" lobby="0"/><UN n0="%61%64%70%31%30" n1="%E8%82%89%E2%98%86%E6%A3%92%E5%A4%AA%E9%83%8E" n2="%E5%B0%B1%E6%B4%BB%E7%94%9F%40%E5%B7%9D%E6%9D%91%E8%BB%8D%E5%9B%A3" n3="%54%65%72%65%73%61%33%39" dan="16,16,17,16" rate="2047.87,2112.77,2142.89,2119.96" sx="M,M,M,M"/><TAIKYOKU oya="0"/><INIT seed="0,0,0,5,1,22" ten="250,250,250,250" oya="0" hai0="113,60,123,61,30,125,18,72,24,124,11,47,90" hai1="100,25,79,116,32,110,106,45,69,21,6,78,28" hai2="111,65,97,44,23,29,92,56,91,43,16,94,95" hai3="64,40,120,107,96,117,99,1,93,74,55,36,54"/><T101/><D72/><U20/><E110/><V14/><F111/><W52/><G117/><T112/><D123/><U0/><E116/><V121/><F121/><W130/><G74/><T67/><D101/><U37/><E69/><V50/><REACH who="2" step="1"/><F29/><REACH who="2" ten="250,250,240,250" step="2"/><W75/><G120/><T127/><D112/><U88/><E106/><V118/><F118/><W2/><G107/><T128/><D113/><U82/><E100/><V51/><F51/><W62/><G36/><T58/><D128/><U48/><E37/><V122/><F122/><W41/><G62/><AGARI ba="0,1" hai="14,16,23,43,44,50,56,62,65,91,92,94,95,97" machi="62" ten="40,8000,1" yaku="1,1,8,1,54,1,53,1" doraHai="22" doraHaiUra="84" who="2" fromWho="3" sc="250,0,250,0,240,90,250,-80" /><INIT seed="1,0,0,1,5,41" ten="250,250,330,170" oya="1" hai0="61,14,58,114,77,15,79,39,32,73,91,60,117" hai1="113,98,18,68,8,46,36,99,50,128,101,27,70" hai2="108,112,48,47,1,16,33,12,89,93,97,129,40" hai3="127,9,67,83,13,31,20,75,90,118,11,100,22"/><U107/><E113/><V116/><F1/><W80/><G118/><T92/><D32/><U88/><E128/><V44/><F116/><W0/><G127/><T123/><D117/><U104/><E36/><V17/><F33/><W119/><G0/><T78/><D114/><U76/><E76/><V85/><F112/><W115/><G115/><T122/><D73/><U109/><E109/><V24/><F108/><W34/><G34/><T102/><D102/><U43/><E8/><V69/><F69/><W23/><G23/><T53/><D39/><U72/><E72/><V94/><F129/><W4/><G4/><T21/><D61/><U30/><E18/><V111/><F111/><W6/><G6/><T131/><D131/><U65/><E65/><V135/><F135/><W63/><G63/><T42/><D42/><U105/><E107/><V130/><F130/><W2/><G2/><T64/><D64/><U3/><E3/><V82/><F97/><W120/><G120/><N who="0" m="46123" /><D21/><U56/><E56/><V45/><F24/><W26/><G67/><T110/><D110/><U95/><E105/><V132/><F132/><W103/><G20/><AGARI ba="0,0" hai="20,27,30,43,46,50,68,70,88,95,98,99,101,104" machi="20" ten="30,5800,0" yaku="7,1,52,1,54,1" doraHai="41" who="1" fromWho="3" sc="250,0,250,58,330,0,170,-58" /><BYE who="3" /><INIT seed="1,1,0,5,1,61" ten="250,308,330,112" oya="1" hai0="128,41,89,16,3,91,70,6,110,29,68,31,119" hai1="52,73,55,96,127,74,60,125,18,43,49,54,120" hai2="45,87,78,65,82,8,27,75,86,53,42,58,116" hai3="44,81,46,117,7,15,80,107,36,132,34,17,113"/><U48/><E120/><V63/><F116/><W13/><G13/><T108/><D119/><UN n3="%54%65%72%65%73%61%33%39" /><U64/><E96/><V39/><F27/><W101/><G80/><T2/><D41/><U50/><E18/><V51/><REACH who="2" step="1"/><F8/><REACH who="2" ten="250,308,320,112" step="2"/><W124/><G124/><N who="1" m="47690" /><E43/><V69/><AGARI ba="1,1" hai="39,42,45,51,53,58,63,65,69,75,78,82,86,87" machi="69" ten="20,12000,2" yaku="1,1,0,1,7,1,24,2,52,1,53,1" doraHai="61" doraHaiUra="72" who="2" fromWho="2" sc="250,-31,308,-61,320,133,112,-31" /><INIT seed="2,0,0,5,4,111" ten="219,247,453,81" oya="2" hai0="62,11,86,40,70,90,6,110,124,35,52,113,34" hai1="39,114,135,9,37,43,120,49,102,28,44,38,61" hai2="106,117,60,89,36,76,54,128,84,104,67,88,27" hai3="22,66,105,94,133,15,125,23,103,33,97,56,7"/><V81/><F117/><W134/><G134/><T3/><D110/><U82/><E114/><V2/><F2/><W78/><G78/><T10/><D113/><U16/><E135/><V68/><F36/><W0/><G0/><T119/><D119/><U55/><E120/><V87/><F128/><W14/><G14/><T95/><D124/><U17/><E102/><V45/><F76/><W58/><G58/><T13/><D40/><U20/><E82/><V131/><F131/><W109/><G109/><T48/><D62/><U12/><E28/><V29/><F54/><W122/><G122/><T99/><D99/><U77/><E61/><V93/><REACH who="2" step="1"/><F45/><REACH who="2" ten="219,247,443,81" step="2"/><W59/><G59/><T65/><D65/><U42/><REACH who="1" step="1"/><E77/><REACH who="1" ten="219,237,443,81" step="2"/><V41/><F41/><W64/><G133/><T98/><D70/><U132/><E132/><V100/><F100/><W80/><G125/><T96/><D35/><AGARI ba="0,2" hai="27,29,35,60,67,68,81,84,87,88,89,93,104,106" machi="35" ten="30,5800,0" yaku="1,1,7,1,54,1,53,0" doraHai="111" doraHaiUra="1" who="2" fromWho="0" sc="219,-58,237,0,443,78,81,0" /><INIT seed="2,1,0,5,0,47" ten="161,237,521,81" oya="2" hai0="31,36,35,30,107,52,73,25,48,5,50,55,97" hai1="74,101,111,3,104,67,78,49,61,135,128,125,24" hai2="10,109,127,59,123,9,126,60,12,66,77,28,132" hai3="20,81,65,11,2,32,26,8,21,39,70,95,86"/><V46/><F123/><W102/><G39/><T69/><D36/><U118/><E49/><V17/><F132/><W54/><G32/><T75/><D69/><U87/><E24/><V110/><F77/><W37/><G37/><T115/><D115/><U96/><E61/><V44/><F28/><W85/><G54/><T38/><D38/><U106/><E67/><V92/><F92/><W124/><G2/><T23/><D5/><U1/><E3/><V71/><F71/><W34/><G124/><N who="2" m="47657" /><F9/><W103/><G34/><T62/><D62/><U6/><E125/><V131/><F131/><W113/><G70/><T129/><D129/><U64/><E64/><V18/><F18/><W45/><G113/><T43/><D43/><U42/><E42/><V122/><F122/><W56/><G11/><T15/><D107/><N who="1" m="63911" /><E6/><V4/><F4/><W41/><G8/><T7/><D7/><U89/><E1/><V82/><F82/><W94/><G65/><T108/><D97/><U130/><E135/><V27/><F27/><W120/><G81/><T84/><D35/><U133/><E133/><V88/><F88/><W33/><G26/><T14/><D25/><U117/><E78/><V83/><F83/><W98/><G120/><T76/><D76/><U57/><E74/><V100/><F100/><W114/><G114/><T105/><D105/><U80/><E128/><V116/><F116/><N who="1" m="44649" /><E130/><V16/><F17/><W121/><G103/><T13/><D13/><U51/><E106/><V0/><F0/><W40/><G121/><T79/><D79/><U72/><E104/><V29/><F29/><RYUUKYOKU ba="1,0" sc="161,-10,237,-10,521,30,81,-10" hai2="10,12,16,44,46,59,60,66,109,110" /><INIT seed="2,2,0,1,4,120" ten="151,227,551,71" oya="2" hai0="132,48,81,96,133,44,11,76,26,87,79,42,3" hai1="7,39,77,59,130,60,62,129,110,103,105,131,61" hai2="91,93,29,126,74,30,63,102,25,47,121,134,119" hai3="64,1,83,31,0,86,123,37,41,73,15,107,50"/><V23/><F119/><W94/><G94/><T71/><D71/><U49/><E77/><V82/><F121/><W69/><G69/><T43/><D26/><U8/><E39/><V17/><F126/><W67/><G67/><T98/><D43/><U6/><E105/><V88/><F134/><N who="0" m="51818" /><D79/><U135/><E135/><V112/><F112/><W122/><G122/><T34/><D34/><U57/><E103/><V12/><F63/><W116/><G116/><T38/><D38/><U113/><E113/><V5/><F5/><AGARI ba="2,0" hai="3,5,11,42,44,48,76,81,87,96,98" m="51818" machi="5" ten="30,1000,0" yaku="20,1" doraHai="120" who="0" fromWho="2" sc="151,16,227,0,551,-16,71,0" /><INIT seed="3,0,0,1,1,83" ten="167,227,535,71" oya="3" hai0="60,44,67,4,113,70,111,57,98,120,93,112,114" hai1="61,96,28,54,90,130,21,87,16,69,106,85,34" hai2="37,49,32,55,105,127,65,84,6,101,132,81,50" hai3="23,64,45,48,94,89,100,8,18,62,3,118,68"/><W39/><G118/><T27/><D120/><U75/><E75/><V134/><F37/><W30/><G39/><T15/><D111/><U59/><E69/><V2/><F32/><W95/><G100/><T7/><D44/><U131/><E34/><V104/><F127/><W72/><G72/><T79/><D79/><U108/><E28/><V20/><F65/><W29/><G3/><T42/><D42/><U47/><E47/><V91/><F20/><W107/><G107/><T109/><D109/><U76/><E76/><V35/><F35/><W126/><G8/><T82/><D82/><U125/><E125/><V129/><F129/><N who="1" m="49161" /><E108/><V74/><F74/><W123/><G123/><T63/><D27/><N who="1" m="14759" /><E90/><V56/><F50/><W117/><G117/><T53/><D15/><U25/><E25/><V115/><F115/><W41/><G126/><T10/><D10/><U58/><E59/><V19/><F19/><W31/><REACH who="3" step="1"/><G89/><AGARI ba="0,0" hai="4,7,53,57,60,63,67,70,89,93,98,112,113,114" machi="89" ten="40,1300,0" yaku="11,1" doraHai="83" who="0" fromWho="3" sc="167,13,227,0,535,0,71,-13" /><INIT seed="4,0,0,3,0,6" ten="180,227,535,58" oya="0" hai0="85,95,117,78,131,37,83,103,26,28,88,49,59" hai1="47,99,91,113,77,35,24,13,19,21,107,27,45" hai2="17,33,82,65,25,73,62,9,43,40,12,50,133" hai3="52,48,30,104,39,20,55,34,84,94,119,80,1"/><T0/><D37/><U102/><E113/><V123/><F123/><W64/><G104/><T58/><D117/><U81/><E91/><V112/><F112/><W129/><G119/><T56/><D0/><U106/><E106/><V38/><F38/><W130/><G34/><T44/><D103/><U10/><E35/><V11/><F133/><W97/><G39/><T4/><D4/><U108/><E27/><V114/><F114/><W18/><G1/><T118/><D118/><U76/><E108/><V7/><F50/><W2/><G2/><T54/><D131/><N who="3" m="50185" /><G30/><T87/><REACH who="0" step="1"/><D44/><REACH who="0" ten="170,227,535,58" step="2"/><U126/><E126/><V86/><F73/><W36/><G64/><T32/><AGARI ba="0,1" hai="26,28,32,49,54,56,58,59,78,83,85,87,88,95" machi="32" ten="20,12000,1" yaku="1,1,2,1,0,1,7,1,54,1,53,0" doraHai="6" doraHaiUra="93" who="0" fromWho="0" sc="170,130,227,-40,535,-40,58,-40" /><BYE who="3" /><INIT seed="4,1,0,5,1,39" ten="300,187,495,18" oya="0" hai0="19,48,77,52,105,134,75,46,110,42,62,97,103" hai1="56,111,106,17,43,85,135,49,27,15,104,64,133" hai2="132,41,10,30,63,53,107,94,126,51,37,101,109" hai3="84,82,50,119,108,124,60,47,59,32,95,98,18"/><T7/><D134/><N who="1" m="51211" /><E111/><V57/><F107/><W118/><G118/><T58/><D110/><U20/><E85/><V70/><F109/><W21/><G21/><T25/><D7/><U23/><E64/><N who="2" m="41247" /><F30/><W68/><G68/><T40/><D75/><U117/><E117/><V130/><F132/><W89/><G89/><T99/><D77/><U66/><E66/><V112/><F112/><W120/><G120/><T127/><D127/><U129/><E129/><V1/><F126/><W44/><G44/><T115/><D115/><U6/><E6/><V113/><F113/><W76/><G76/><T125/><D125/><U2/><E2/><V61/><F61/><W13/><G13/><T91/><D91/><U54/><E43/><V88/><F101/><W4/><G4/><T9/><D99/><U16/><AGARI ba="1,0" hai="15,16,17,20,23,27,49,54,56,104,106" m="51211" machi="16" ten="30,2000,0" yaku="20,1,54,1" doraHai="39" who="1" fromWho="1" sc="300,-11,187,23,495,-6,18,-6" /><INIT seed="5,0,0,2,2,53" ten="289,210,489,12" oya="1" hai0="3,58,75,24,22,52,98,95,17,102,91,121,47" hai1="71,97,70,18,26,56,40,83,119,101,92,85,128" hai2="109,63,131,29,80,0,94,108,114,42,105,74,55" hai3="37,115,23,33,123,76,64,44,48,25,5,21,51"/><U35/><E119/><V122/><F105/><W66/><G66/><T57/><D3/><U45/><E128/><V27/><F0/><W68/><G68/><T10/><D75/><U62/><E35/><V81/><F122/><W11/><G11/><T125/><D125/><U36/><E26/><V103/><F131/><W129/><G129/><T49/><D121/><U16/><E70/><V87/><F74/><W133/><G133/><T13/><D102/><U15/><E15/><V135/><F135/><W31/><G31/><T38/><D38/><U1/><E1/><V39/><F114/><W130/><G130/><T65/><D65/><U78/><REACH who="1" step="1"/><E71/><REACH who="1" ten="289,200,489,12" step="2"/><V93/><F27/><W117/><G117/><T99/><D99/><U134/><E134/><V28/><F28/><AGARI ba="0,1" hai="10,13,17,22,24,28,47,49,52,57,58,91,95,98" machi="28" ten="30,8000,1" yaku="7,1,8,1,52,2,54,1" doraHai="53" who="0" fromWho="2" sc="289,90,200,0,489,-80,12,0" /><INIT seed="6,0,0,3,4,7" ten="379,200,409,12" oya="2" hai0="48,110,62,29,67,119,57,4,11,135,87,66,82" hai1="121,130,69,33,40,50,118,86,80,91,44,104,122" hai2="6,52,73,114,15,133,26,27,56,46,84,3,112" hai3="124,36,43,41,103,8,107,30,106,49,127,12,111"/><V88/><F73/><W60/><G60/><T83/><D110/><U76/><E69/><V131/><F3/><W32/><G32/><T109/><D109/><U105/><E33/><V64/><F131/><W18/><G18/><T47/><D135/><U53/><E118/><V113/><F133/><W90/><G90/><T37/><D37/><U9/><E130/><V102/><F102/><W79/><G79/><T22/><D119/><U63/><E76/><V123/><F123/><N who="1" m="47113" /><E63/><N who="2" m="36231" /><F46/><W25/><G25/><T126/><D126/><U128/><E40/><V108/><F64/><W81/><G81/><T45/><D66/><U23/><E23/><V89/><F108/><W85/><G85/><T17/><D29/><U71/><E71/><V68/><F68/><UN n3="%54%65%72%65%73%61%33%39" /><W34/><G34/><T20/><BYE who="3" /><D20/><U39/><E39/><V78/><F78/><W134/><G134/><T0/><D87/><U58/><E58/><V42/><F42/><W97/><G97/><T24/><REACH who="0" step="1"/><D45/><REACH who="0" ten="369,200,409,12" step="2"/><U101/><E128/><V96/><F96/><W117/><G117/><T55/><AGARI ba="0,1" hai="0,4,11,17,22,24,47,48,55,57,62,67,82,83" machi="55" ten="20,12000,2" yaku="1,1,2,1,0,1,7,1,52,1,53,1" doraHai="7" doraHaiUra="61" who="0" fromWho="0" sc="369,130,200,-30,409,-60,12,-30" owari="499,60.0,170,-23.0,349,15.0,-18,-52.0" /></mjloggm>