<mjloggm ver="2.3"><GO type="169" lobby="0"/><UN n0="%6B%61%67%65%73%68%69%6E" n1="%E3%81%82%E3%81%B2%E3%82%8B%E3%81%95%E3%82%93" n2="%E5%B0%B1%E6%B4%BB%E7%94%9F%40%E5%B7%9D%E6%9D%91%E8%BB%8D%E5%9B%A3" n3="%E8%A6%AA%E6%8C%87%EF%BC%88%E5%A4%A7%EF%BC%89" dan="16,17,17,17" rate="2085.19,2228.33,2234.97,2141.37" sx="M,M,M,M"/><TAIKYOKU oya="0"/><INIT seed="0,0,0,4,0,107" ten="250,250,250,250" oya="0" hai0="89,132,12,53,69,86,87,44,32,79,133,76,1" hai1="4,84,119,37,123,122,57,83,117,82,68,51,17" hai2="60,14,52,31,22,114,91,96,63,74,135,64,97" hai3="129,111,77,39,127,61,47,0,25,3,95,24,33"/><T71/><D1/><U78/><E68/><V27/><F114/><W81/><G111/><T50/><D32/><U93/><E37/><V106/><F135/><N who="0" m="51786" /><D12/><U8/><E17/><V85/><F74/><W28/><G129/><T29/><D29/><U118/><E93/><V49/><F106/><W75/><G127/><T98/><D98/><U66/><E83/><V54/><F54/><W109/><G109/><T36/><D36/><U130/><E130/><V58/><F14/><W19/><G95/><N who="0" m="54711" /><D87/><U65/><E123/><V115/><F63/><W101/><G101/><T131/><D131/><U11/><E122/><V104/><F104/><W80/><G80/><T5/><D5/><U56/><E4/><V99/><F115/><W30/><G19/><T35/><D35/><U6/><E6/><V23/><F23/><W126/><G126/><T46/><D46/><U121/><E121/><V73/><F73/><W20/><REACH who="3" step="1"/><G61/><REACH who="3" ten="250,250,250,240" step="2"/><T21/><D21/><U67/><E82/><V10/><F10/><W41/><AGARI ba="0,1" hai="0,3,20,24,25,28,30,33,39,41,47,75,77,81" machi="41" ten="30,7900,0" yaku="1,1,2,1,0,1,52,1,53,0" doraHai="107" doraHaiUra="113" who="3" fromWho="3" sc="250,-39,250,-20,250,-20,240,89" /><INIT seed="1,0,0,3,3,57" ten="211,230,230,329" oya="1" hai0="13,4,34,111,27,81,66,109,64,108,94,50,88" hai1="43,37,31,125,0,46,60,6,49,45,12,84,29" hai2="44,87,129,56,36,20,77,73,35,102,47,19,15" hai3="59,53,72,95,2,128,126,127,119,33,124,23,122"/><U25/><E0/><V91/><F129/><W110/><G122/><T96/><D81/><U99/><E125/><V100/><F35/><W42/><G33/><T7/><D50/><U112/><E112/><V40/><F47/><W51/><G72/><T121/><D121/><U103/><E84/><V131/><F131/><W55/><G2/><T41/><D41/><U114/><E114/><V62/><F77/><W22/><G128/><T18/><D4/><U90/><E90/><V30/><F30/><W26/><G110/><T48/><D48/><U10/><E25/><V28/><F28/><W113/><G113/><T106/><D106/><U74/><E74/><V116/><F116/><W38/><G119/><T85/><D7/><U3/><E3/><V9/><F20/><W115/><G115/><T133/><D133/><U82/><E82/><V107/><F107/><W92/><G53/><T58/><D96/><U17/><E6/><V70/><F70/><W24/><G22/><N who="0" m="11599" /><D58/><U1/><E1/><V105/><F105/><W63/><G38/><T11/><D11/><U76/><E76/><V134/><F134/><W71/><G26/><T89/><D89/><U117/><E117/><V86/><F86/><W78/><G78/><T80/><D80/><U101/><E101/><V120/><F120/><W69/><G42/><T65/><D27/><U32/><E32/><AGARI ba="0,0" hai="32,34,64,65,66,85,88,94,108,109,111" m="11599" machi="32" ten="40,2600,0" yaku="14,1,54,1" doraHai="57" who="0" fromWho="1" sc="211,26,230,-26,230,0,329,0" /><INIT seed="2,0,0,2,0,43" ten="237,204,230,329" oya="2" hai0="37,65,34,15,41,80,22,62,9,129,67,110,42" hai1="28,49,27,54,116,35,25,59,93,121,115,69,106" hai2="39,90,113,2,23,82,29,100,21,38,125,45,98" hai3="108,79,72,127,112,31,56,63,83,118,4,85,20"/><V73/><F113/><W102/><G118/><T131/><D34/><U6/><E106/><V97/><F2/><W64/><G112/><T66/><D110/><U7/><E115/><V109/><F125/><W1/><G108/><T30/><D62/><U71/><E116/><V124/><F124/><W86/><G127/><T0/><D0/><U26/><E121/><V60/><F109/><W134/><G134/><T11/><D80/><U87/><E27/><V91/><F60/><W32/><G32/><T40/><D37/><U114/><E114/><V17/><F82/><W123/><G123/><T117/><D117/><U88/><REACH who="1" step="1"/><E26/><REACH who="1" ten="237,194,230,329" step="2"/><V104/><F104/><W133/><G133/><T132/><D132/><U3/><E3/><V107/><F107/><W33/><G1/><T47/><D15/><U103/><E103/><V95/><F100/><W77/><G102/><T52/><D129/><U8/><E8/><V48/><F23/><W119/><G20/><T122/><D131/><U12/><E12/><V14/><F21/><W135/><G135/><T74/><D122/><U55/><E55/><V105/><F105/><W96/><G119/><T126/><D126/><U94/><E94/><V92/><F14/><W120/><G120/><T89/><D9/><U19/><E19/><V36/><F17/><W51/><G33/><T24/><D11/><U68/><AGARI ba="0,1" hai="6,7,25,28,35,49,54,59,68,69,71,87,88,93" machi="68" ten="30,4000,0" yaku="1,1,0,1,54,1,53,0" doraHai="43" doraHaiUra="99" who="1" fromWho="1" sc="237,-10,194,50,230,-20,329,-10" /><INIT seed="3,0,0,4,5,133" ten="227,244,210,319" oya="3" hai0="134,85,20,97,61,11,75,130,47,88,54,32,14" hai1="7,51,17,121,90,114,71,27,82,106,62,92,5" hai2="39,29,111,57,115,8,66,117,53,112,23,46,58" hai3="52,45,4,10,120,89,129,34,135,119,87,55,127"/><W101/><G119/><T28/><D32/><U35/><E121/><V126/><F117/><W25/><G120/><T98/><D75/><U18/><E106/><V99/><F99/><W113/><G113/><T64/><D134/><U118/><E114/><V9/><F23/><W3/><G135/><T81/><D130/><U15/><E82/><V103/><F103/><W31/><G129/><T50/><D20/><U22/><E118/><V131/><F29/><W37/><G101/><T76/><D28/><U56/><E71/><V6/><F6/><W13/><G127/><T110/><D76/><U12/><E51/><V128/><F46/><W24/><G24/><T36/><D36/><U59/><E35/><V30/><F30/><W132/><G132/><T1/><D1/><U84/><E59/><V77/><F77/><W102/><G102/><T38/><D38/><U109/><E109/><V26/><F26/><W43/><REACH who="3" step="1"/><G3/><REACH who="3" ten="227,244,210,309" step="2"/><T70/><REACH who="0" step="1"/><D110/><REACH who="0" ten="217,244,210,309" step="2"/><U65/><REACH who="1" step="1"/><E27/><REACH who="1" ten="217,234,210,309" step="2"/><V86/><F111/><W83/><AGARI ba="0,3" hai="4,10,13,25,31,34,37,43,45,52,55,83,87,89" machi="83" ten="20,18000,2" yaku="1,1,2,1,0,1,7,1,54,1,53,1" doraHai="133" doraHaiUra="42" who="3" fromWho="3" sc="217,-60,234,-60,210,-60,309,210" /><INIT seed="3,1,0,0,2,38" ten="157,174,150,519" oya="3" hai0="14,128,89,8,117,35,40,22,0,42,62,113,94" hai1="68,86,72,85,109,21,10,58,57,31,124,67,39" hai2="6,134,122,17,16,120,53,96,46,41,26,125,107" hai3="55,37,77,105,93,112,65,88,24,79,33,73,115"/><W90/><G37/><T3/><D117/><U130/><E72/><V114/><F114/><W98/><G65/><T100/><D35/><U20/><E68/><V44/><F125/><W61/><G105/><T81/><D0/><U84/><E109/><V59/><F134/><W75/><G61/><T74/><D3/><U4/><E130/><V9/><F96/><W78/><G55/><T15/><D113/><N who="3" m="43593" /><G24/><T126/><D126/><U29/><E39/><N who="2" m="21567" /><F26/><W28/><G28/><T50/><D128/><U76/><E124/><V80/><F46/><W101/><G33/><T119/><D119/><U133/><E76/><V91/><F107/><W123/><G123/><N who="2" m="47145" /><F91/><AGARI ba="1,0" hai="73,75,77,78,79,88,90,91,93,98,101" m="43593" machi="91" ten="30,5800,0" yaku="34,2,54,1" doraHai="38" who="3" fromWho="2" sc="157,0,174,0,150,-61,519,61" /><INIT seed="3,2,0,1,0,125" ten="157,174,89,580" oya="3" hai0="40,14,47,12,0,104,20,57,122,129,79,114,32" hai1="62,22,26,96,111,103,3,80,53,117,74,67,8" hai2="52,11,128,81,135,49,19,68,100,127,106,85,65" hai3="59,99,18,15,76,1,42,95,89,16,113,118,88"/><W102/><G113/><T54/><D32/><U93/><E111/><V82/><F127/><W13/><G118/><T2/><D122/><U58/><E117/><V92/><F135/><W17/><G1/><T28/><D114/><U72/><E80/><V97/><F128/><W5/><G76/><T55/><D104/><U86/><E86/><V43/><F43/><W34/><G34/><T41/><D129/><U27/><E27/><V71/><F65/><W90/><G42/><T21/><D79/><U130/><E130/><V29/><F29/><W78/><G78/><T61/><D28/><N who="1" m="17495" /><E53/><V87/><F106/><W9/><REACH who="3" step="1"/><G59/><REACH who="3" ten="157,174,89,570" step="2"/><N who="0" m="35063" /><D0/><U30/><E3/><V132/><F132/><W94/><G94/><T70/><D2/><U83/><E93/><V126/><F126/><W63/><G63/><N who="0" m="36287" /><D70/><U131/><E131/><V25/><F71/><W119/><G119/><T116/><D116/><U50/><E83/><V133/><F68/><W77/><G77/><T120/><D120/><U64/><E72/><V48/><F133/><W109/><G109/><T35/><D35/><U123/><E74/><V38/><F82/><W33/><G33/><T73/><D73/><U37/><E123/><V60/><F81/><W7/><G7/><T115/><D115/><U24/><E62/><V98/><F60/><W69/><G69/><T6/><D6/><U36/><E67/><V121/><F121/><W51/><G51/><N who="0" m="27111" /><D41/><U45/><E64/><V39/><F49/><W46/><G46/><T4/><D4/><U84/><E50/><V75/><F75/><W10/><AGARI ba="2,1" hai="5,9,10,13,15,16,17,18,88,89,90,95,99,102" machi="10" ten="30,18000,2" yaku="1,1,0,1,8,1,54,2,53,1" doraHai="125" doraHaiUra="91" who="3" fromWho="3" sc="157,-62,174,-62,89,-62,570,196" /><INIT seed="3,3,0,0,4,25" ten="95,112,27,766" oya="3" hai0="8,63,85,103,95,120,94,110,58,105,118,56,13" hai1="30,2,60,29,79,33,12,129,116,88,127,35,40" hai2="24,1,112,45,101,80,130,125,59,113,42,89,17" hai3="65,22,19,27,53,48,69,61,135,119,115,37,106"/><W114/><G119/><T96/><D118/><U124/><E2/><V108/><F1/><W100/><G135/><T7/><D120/><U18/><E79/><V34/><F125/><N who="1" m="48201" /><E116/><V92/><F130/><W26/><G37/><T5/><D110/><U102/><E102/><V91/><F108/><W132/><G132/><T109/><D109/><U16/><E40/><V44/><F59/><W133/><G133/><T15/><D85/><U122/><E122/><V78/><F101/><W131/><G131/><T76/><D76/><U6/><E129/><V20/><F34/><N who="1" m="12809" /><E60/><V123/><F123/><W32/><G100/><T134/><D134/><U99/><E6/><V46/><F42/><W67/><G106/><T117/><D117/><U128/><E128/><V93/><F93/><W36/><G36/><T55/><D56/><U87/><E99/><V3/><F3/><W49/><G67/><T74/><D74/><U86/><E87/><V31/><F17/><N who="1" m="6761" /><E12/><V66/><F66/><W82/><G49/><T57/><D57/><U126/><E126/><V111/><F111/><W28/><REACH who="3" step="1"/><G82/><AGARI ba="3,0" hai="29,30,82,86,88" m="6761,12809,48201" machi="82" ten="30,8000,1" yaku="18,1,52,2,54,2" doraHai="25" who="1" fromWho="3" sc="95,0,112,89,27,0,766,-89" /><INIT seed="4,0,0,0,1,135" ten="95,201,27,677" oya="0" hai0="110,119,82,6,114,83,85,102,133,10,66,74,2" hai1="0,52,21,68,127,120,80,67,11,62,51,45,121" hai2="84,112,81,88,99,50,107,43,100,1,17,12,91" hai3="9,111,124,15,22,122,118,116,20,129,5,38,32"/><T79/><D119/><N who="3" m="45609" /><G38/><T59/><D133/><U33/><E33/><V95/><F112/><W4/><G111/><T42/><D114/><U26/><E127/><V61/><F1/><W30/><G124/><T25/><D110/><U40/><E80/><V128/><F128/><W123/><G129/><T18/><D102/><U35/><E35/><V70/><F70/><W64/><G64/><T90/><D42/><U49/><E11/><V28/><F28/><W117/><G117/><T24/><REACH who="0" step="1"/><D18/><REACH who="0" ten="85,201,27,677" step="2"/><U72/><E40/><V60/><F107/><W104/><G104/><T106/><D106/><U36/><E121/><V93/><F43/><W115/><G115/><T130/><D130/><U16/><E120/><V89/><F50/><W13/><G123/><T58/><D58/><U63/><E51/><V34/><F34/><W47/><G122/><T76/><D76/><U69/><E69/><V134/><F134/><W125/><G32/><T109/><D109/><U56/><E56/><V41/><F41/><W23/><G47/><T37/><D37/><U73/><E45/><V132/><F132/><W131/><G131/><T78/><D78/><U57/><E36/><V96/><REACH who="2" step="1"/><F100/><REACH who="2" ten="85,201,17,677" step="2"/><W71/><G71/><T46/><D46/><U65/><E68/><V103/><F103/><W98/><G30/><T53/><D53/><U75/><E52/><V19/><F19/><W44/><G44/><T126/><D126/><U97/><E49/><V31/><F31/><W39/><G125/><T48/><D48/><U94/><E16/><V87/><F87/><W77/><G39/><T29/><D29/><RYUUKYOKU ba="0,2" sc="85,15,201,-15,17,15,677,-15" hai0="2,6,10,24,25,59,66,74,79,82,83,85,90" hai2="12,17,60,61,81,84,88,89,91,93,95,96,99" /><INIT seed="4,1,2,0,4,19" ten="100,186,32,662" oya="0" hai0="7,38,6,14,124,4,112,97,108,51,71,126,106" hai1="62,127,18,55,118,56,24,34,39,27,113,25,65" hai2="87,95,72,33,125,89,3,123,21,16,67,80,1" hai3="128,12,49,47,46,32,64,61,85,60,82,91,20"/><T84/><D38/><U104/><E118/><V43/><F33/><W94/><G32/><T88/><D71/><U77/><E104/><V57/><F123/><W102/><G128/><T50/><D112/><U44/><E34/><V17/><F125/><N who="0" m="48234" /><D108/><U36/><E127/><V58/><F17/><N who="3" m="10279" /><G64/><T131/><D131/><U40/><E113/><V116/><F116/><W52/><G47/><T73/><D73/><U83/><E39/><V54/><F43/><W74/><G74/><T135/><D135/><U100/><E100/><V22/><F22/><W48/><G48/><N who="0" m="18475" /><D14/><U13/><E65/><V31/><F31/><W35/><G35/><T103/><D4/><U15/><E15/><V9/><F9/><W120/><G120/><T78/><D78/><U134/><E134/><V109/><F109/><W10/><G10/><T66/><D66/><U86/><E25/><V59/><F67/><W122/><G122/><T110/><D110/><U45/><E44/><V133/><F133/><W29/><G29/><T69/><D69/><U11/><AGARI ba="1,2" hai="11,13,18,24,27,36,40,45,55,56,62,77,83,86" machi="11" ten="20,1500,0" yaku="0,1,7,1" doraHai="19" who="1" fromWho="1" sc="100,-8,186,38,32,-5,662,-5" /><INIT seed="5,0,0,5,4,5" ten="92,224,27,657" oya="1" hai0="80,40,117,97,69,124,24,127,66,41,90,81,18" hai1="92,14,88,49,115,13,130,118,132,78,123,12,43" hai2="67,72,82,38,79,61,85,26,30,23,1,36,44" hai3="89,31,86,134,29,65,95,27,98,34,60,37,74"/><U114/><E118/><V84/><F1/><W64/><G74/><T17/><D117/><U28/><E123/><V4/><F4/><W110/><G110/><T113/><D113/><N who="1" m="43019" /><E78/><V73/><F73/><W46/><G134/><T51/><D66/><U53/><E28/><V93/><F44/><W108/><G108/><T25/><D69/><U103/><E130/><V128/><F128/><W121/><G121/><T133/><D51/><U116/><E116/><V71/><REACH who="2" step="1"/><F72/><REACH who="2" ten="92,224,17,657" step="2"/><W131/><G131/><T77/><D133/><U83/><E132/><V75/><F75/><W59/><G46/><T57/><D124/><U0/><E0/><V129/><F129/><W19/><G37/><T52/><D127/><U119/><E119/><V125/><F125/><W112/><G112/><T48/><D40/><U107/><E43/><V42/><F42/><W99/><G31/><T11/><D41/><U101/><E107/><V39/><F39/><W100/><G19/><T91/><D17/><U105/><E105/><V76/><F76/><W55/><G98/><T21/><D77/><U96/><E83/><AGARI ba="0,1" hai="27,29,34,55,59,60,64,65,83,86,89,95,99,100" machi="83" ten="30,1000,0" yaku="7,1" doraHai="5" who="3" fromWho="1" sc="92,0,224,-10,17,0,657,20" /><INIT seed="6,0,0,4,1,113" ten="92,214,17,677" oya="2" hai0="6,38,92,70,43,79,47,37,74,26,3,82,23" hai1="15,85,11,111,28,63,12,110,68,99,5,75,29" hai2="103,66,102,108,80,67,31,32,81,78,118,21,39" hai3="73,53,17,125,36,40,1,45,93,42,20,60,2"/><V65/><F32/><W107/><G107/><T129/><D70/><U44/><E75/><V46/><F108/><W126/><G73/><T24/><D129/><U59/><E68/><V50/><F39/><W98/><G42/><T16/><D37/><U48/><E99/><V127/><F127/><N who="3" m="48651" /><G53/><T27/><D92/><U8/><E110/><V88/><F118/><W90/><G60/><T87/><D87/><U14/><E85/><N who="2" m="50215" /><F81/><W49/><G36/><T135/><D135/><U55/><E111/><V106/><F106/><W76/><G76/><T97/><D97/><U120/><E120/><V134/><F134/><W61/><G61/><T116/><D116/><U119/><E119/><V7/><F7/><W86/><G86/><T51/><D51/><U72/><E72/><V123/><F123/><W69/><G69/><T30/><D30/><N who="1" m="11883" /><E5/><V33/><F33/><W13/><AGARI ba="0,0" hai="1,2,13,17,20,40,45,49,90,93,98" m="48651" machi="13" ten="30,1100,0" yaku="18,1" doraHai="113" who="3" fromWho="3" sc="92,-3,214,-3,17,-5,677,11" /><INIT seed="7,0,0,0,0,4" ten="89,211,12,688" oya="3" hai0="132,59,70,42,82,61,135,9,40,81,127,129,130" hai1="95,110,27,85,79,115,54,109,17,39,66,128,45" hai2="36,77,10,123,55,108,111,120,49,105,37,0,86" hai3="72,96,53,34,125,25,12,62,84,76,71,73,67"/><W99/><G125/><T41/><D70/><U2/><E17/><V100/><F105/><W3/><G3/><T44/><D44/><U18/><E18/><V23/><F100/><W80/><G12/><T20/><D20/><U93/><E54/><V13/><F0/><W48/><G99/><T16/><D16/><U30/><E93/><V98/><F98/><W58/><G96/><T118/><D9/><U31/><E85/><V121/><F23/><W83/><G83/><N who="0" m="31755" /><D118/><U101/><E95/><V29/><F86/><W46/><G46/><T26/><D26/><U24/><E24/><V102/><F102/><W117/><G117/><T38/><D38/><U15/><E101/><V28/><F77/><W8/><G8/><T64/><D127/><U94/><E27/><V107/><F107/><W21/><G34/><T116/><D116/><U33/><E15/><V106/><F106/><W78/><G78/><T14/><D14/><U103/><E45/><V69/><F69/><W65/><G65/><T11/><D11/><U134/><E79/><V88/><F88/><W122/><G122/><N who="2" m="31233" /><V124/><DORA hai="112" /><F124/><W92/><G92/><T97/><D97/><U113/><E94/><V35/><F37/><W47/><G47/><T119/><D119/><U74/><E39/><V114/><F36/><W104/><G104/><T7/><D7/><U91/><E33/><V43/><F114/><W57/><G57/><T5/><D5/><U56/><E115/><V19/><F43/><W63/><G63/><T60/><D60/><U89/><E113/><V90/><F90/><W32/><G32/><RYUUKYOKU ba="0,0" sc="89,15,211,-15,12,-15,688,15" hai0="40,41,42,59,61,64,129,130,132,135" hai3="21,25,48,53,58,62,67,71,72,73,76,80,84" owari="104,-30.0,196,0.0,-3,-50.0,703,80.0" /></mjloggm>