<mjloggm ver="2.3"><GO type="169" lobby="0"/><UN n0="%E3%81%99%E3%81%BF%E3%82%84%E3%81%AB" n1="%E3%82%A2%E3%82%B9%E3%82%BF%E3%83%8A" n2="%E3%82%AB%E3%83%84%E3%82%AA%E6%AD%A6%E5%A3%AB" n3="%E3%82%A6%E3%83%AB%E3%83%88%E3%83%A9%E7%AB%8B%E7%9B%B4" dan="18,17,16,17" rate="2236.29,2151.77,2135.24,2213.29" sx="M,M,M,M"/><TAIKYOKU oya="0"/><INIT seed="0,0,0,3,5,36" ten="250,250,250,250" oya="0" hai0="79,73,17,76,20,111,71,27,61,50,57,46,88" hai1="15,114,67,124,6,11,85,109,77,24,134,8,82" hai2="127,102,0,60,126,131,93,4,128,30,92,26,52" hai3="89,1,110,115,45,99,116,103,41,12,78,132,64"/><T65/><D111/><U32/><E109/><V51/><F60/><W74/><G110/><T18/><D73/><U69/><E124/><N who="2" m="47659" /><F4/><W113/><G1/><T19/><D71/><U56/><E134/><V48/><F48/><W49/><G116/><T63/><D63/><U83/><E114/><V91/><F102/><W62/><G132/><T135/><D135/><U90/><E69/><V53/><F0/><W117/><G117/><T35/><D35/><U72/><E32/><N who="2" m="20567" /><F53/><W105/><G12/><T42/><REACH who="0" step="1"/><D88/><REACH who="0" ten="240,250,250,250" step="2"/><U37/><E90/><V40/><F91/><W98/><G89/><T2/><D2/><U101/><E72/><V97/><F97/><W25/><G74/><T39/><D39/><U86/><E37/><V28/><F131/><W68/><G78/><AGARI ba="0,1" hai="17,18,19,20,27,42,46,50,57,61,65,76,78,79" machi="78" ten="40,7700,0" yaku="1,1,8,1,52,1,53,0" doraHai="36" doraHaiUra="9" who="0" fromWho="3" sc="240,87,250,0,250,0,250,-77" /><INIT seed="0,1,0,4,5,35" ten="327,250,250,173" oya="0" hai0="65,100,111,105,101,39,51,76,81,88,8,23,70" hai1="106,60,133,90,127,59,25,46,95,1,85,125,120" hai2="114,3,20,61,37,83,126,34,47,57,117,58,24" hai3="50,21,135,29,43,54,71,75,118,11,18,109,14"/><T66/><D39/><U32/><E120/><V110/><F117/><W87/><G75/><T124/><D124/><N who="1" m="47691" /><E106/><V52/><F114/><W16/><G71/><T107/><D70/><U116/><E116/><V0/><F34/><W77/><G118/><T22/><D8/><U13/><E133/><V99/><F110/><W27/><G109/><T6/><D6/><U134/><E134/><V79/><F126/><W119/><G135/><T102/><D111/><U108/><E108/><V93/><F58/><W64/><G64/><T84/><D107/><U2/><E13/><V113/><F113/><W31/><G119/><T56/><D105/><U38/><E46/><V98/><F98/><W80/><REACH who="3" step="1"/><G43/><REACH who="3" ten="327,250,250,163" step="2"/><T69/><D69/><U42/><E42/><V63/><F37/><W41/><G41/><T73/><D66/><N who="1" m="39199" /><E38/><V48/><F63/><W5/><G5/><T26/><D65/><U62/><E62/><V72/><F47/><AGARI ba="1,1" hai="11,14,16,18,21,27,29,31,47,50,54,77,80,87" machi="47" ten="30,7700,0" yaku="1,1,7,1,8,1,54,1,53,0" doraHai="35" doraHaiUra="89" who="3" fromWho="2" sc="327,0,250,0,250,-80,163,90" /><INIT seed="1,0,0,4,5,59" ten="327,250,170,253" oya="1" hai0="130,120,42,85,112,62,135,10,30,96,70,121,23" hai1="50,118,58,12,49,101,20,13,24,46,22,25,32" hai2="75,99,44,65,56,119,127,54,102,52,117,66,77" hai3="114,61,53,37,80,122,109,74,129,126,29,81,55"/><U105/><E118/><V89/><F127/><W63/><G74/><T6/><D112/><U39/><E39/><V0/><F0/><W132/><G37/><T87/><D42/><U94/><E105/><V88/><F77/><W76/><G114/><T15/><D130/><U108/><E32/><V79/><F79/><W26/><G122/><N who="0" m="47211" /><D96/><N who="1" m="59543" /><E108/><V107/><F75/><W104/><G104/><T27/><D135/><U3/><E3/><V93/><F89/><W35/><G109/><T2/><D2/><U43/><E50/><V116/><F44/><W21/><G35/><T125/><D125/><U71/><E71/><V98/><REACH who="2" step="1"/><F54/><REACH who="2" ten="327,250,160,253" step="2"/><W5/><G126/><T124/><D124/><U31/><E58/><V103/><F103/><W28/><G76/><T57/><D70/><U91/><E91/><V111/><F111/><W131/><G55/><AGARI ba="0,1" hai="6,10,15,23,27,30,55,57,62,85,87" m="47211" machi="55" ten="30,2000,0" yaku="13,1,52,1" doraHai="59" who="0" fromWho="3" sc="327,30,250,0,160,0,253,-20" /><INIT seed="2,0,0,0,4,16" ten="357,250,160,233" oya="2" hai0="110,93,67,6,8,45,107,88,99,130,3,18,29" hai1="61,114,37,31,40,103,59,41,44,15,122,53,109" hai2="85,38,87,77,69,96,10,51,11,135,46,83,39" hai3="9,55,73,65,57,76,34,108,21,20,115,132,112"/><V42/><F69/><W66/><G34/><T30/><D110/><U22/><E114/><N who="3" m="43562" /><G108/><T13/><D130/><U79/><E109/><V71/><F71/><W74/><G9/><T28/><D107/><U1/><E1/><V2/><F135/><W63/><G132/><T60/><D45/><U36/><E122/><V35/><F35/><W91/><G91/><T68/><REACH who="0" step="1"/><D30/><REACH who="0" ten="347,250,160,233" step="2"/><U4/><E44/><V100/><F38/><W23/><G76/><T95/><D95/><U131/><E79/><V27/><F39/><W117/><G117/><T104/><D104/><U47/><E47/><V121/><F121/><W7/><G7/><T129/><D129/><U120/><E4/><V124/><F124/><W92/><G92/><T24/><D24/><U101/><E131/><V125/><F125/><W106/><G106/><T75/><D75/><AGARI ba="0,1" hai="20,21,23,55,57,63,65,66,73,74,75" m="43562" machi="75" ten="40,8000,1" yaku="11,1,52,3" doraHai="16" who="3" fromWho="0" sc="347,-80,250,0,160,0,233,90" /><INIT seed="3,0,0,0,1,47" ten="267,250,160,323" oya="3" hai0="22,45,8,126,27,7,76,119,38,97,104,115,107" hai1="54,112,37,110,34,134,51,67,99,62,120,21,87" hai2="80,118,91,5,39,127,68,78,79,61,135,44,13" hai3="109,108,55,113,103,1,81,130,48,35,10,19,94"/><W58/><G35/><T31/><D119/><U6/><E34/><V63/><F118/><W101/><G113/><T3/><D115/><U72/><E112/><V66/><F135/><W85/><G130/><T71/><D71/><U116/><E72/><V89/><F127/><W4/><G19/><T124/><D76/><U114/><E114/><V132/><F132/><W69/><G69/><T123/><D123/><U95/><E37/><V26/><F78/><W133/><G133/><T86/><D86/><U92/><E116/><V83/><F83/><W82/><G94/><T128/><D128/><U53/><E134/><V70/><F26/><W29/><G29/><T11/><D11/><U129/><E129/><V14/><F14/><W90/><REACH who="3" step="1"/><G82/><REACH who="3" ten="267,250,160,313" step="2"/><T46/><D126/><U23/><E95/><V15/><F80/><W60/><G60/><T28/><D28/><U64/><E92/><V49/><F63/><W42/><G42/><T36/><D124/><U93/><E93/><V73/><F70/><W75/><G75/><T98/><D107/><U43/><E62/><V102/><F73/><W125/><G125/><T25/><D104/><U52/><E43/><V24/><F61/><W131/><G131/><T56/><D31/><U18/><E18/><V2/><F68/><W122/><G122/><T50/><D7/><U32/><E6/><V84/><F5/><W0/><G0/><T57/><D3/><U9/><E120/><V16/><F2/><W111/><AGARI ba="0,1" hai="1,4,10,48,55,58,81,85,90,101,103,108,109,111" machi="111" ten="30,12000,1" yaku="1,1,0,1,14,1,10,1,52,1,53,0" doraHai="47" doraHaiUra="88" who="3" fromWho="3" sc="267,-40,250,-40,160,-40,313,130" /><INIT seed="3,1,0,4,4,129" ten="227,210,120,443" oya="3" hai0="51,90,8,91,27,118,38,84,11,53,131,101,128" hai1="103,133,111,106,9,87,0,13,17,54,30,22,24" hai2="82,56,132,57,123,121,96,72,89,42,52,73,59" hai3="6,44,71,108,64,88,125,37,68,28,34,3,109"/><W70/><G125/><T60/><D38/><U58/><E111/><N who="3" m="42570" /><G88/><T4/><D91/><U25/><E87/><V43/><F96/><W18/><G18/><T105/><D90/><U122/><E122/><N who="2" m="46603" /><F89/><W86/><G86/><T31/><D84/><U114/><E114/><V15/><F15/><W41/><G64/><T20/><D128/><U16/><E106/><V46/><F82/><W33/><G28/><T107/><D131/><U94/><E94/><V61/><F46/><W98/><G98/><T75/><D107/><U32/><E103/><V112/><F112/><W104/><G104/><T19/><D105/><U67/><E67/><V29/><F29/><W115/><G115/><T81/><D101/><U116/><E116/><V127/><F127/><W76/><G76/><T1/><D118/><U85/><E85/><V97/><F97/><W74/><G74/><N who="2" m="28777" /><F52/><W36/><G36/><T66/><D75/><U102/><E102/><V79/><F61/><W40/><G40/><N who="2" m="15401" /><F79/><W12/><G12/><N who="0" m="7583" /><D81/><U113/><E113/><V39/><F39/><W7/><G7/><T65/><D60/><U134/><REACH who="1" step="1"/><E0/><REACH who="1" ten="227,200,120,443" step="2"/><V69/><F69/><W50/><G37/><T2/><D2/><U80/><E80/><V130/><F130/><W83/><G83/><T124/><D124/><U119/><E119/><V10/><F10/><AGARI ba="1,1" hai="3,6,10,33,34,41,44,50,68,70,71" m="42570" machi="10" ten="40,3900,0" yaku="14,1,10,1" doraHai="129" who="3" fromWho="2" sc="227,0,200,0,120,-42,443,52" /><INIT seed="3,2,0,0,5,65" ten="227,200,78,495" oya="3" hai0="102,13,90,49,48,103,85,4,27,107,43,104,5" hai1="113,31,47,80,3,129,61,66,7,76,68,127,134" hai2="79,24,120,69,87,70,96,125,58,20,86,54,23" hai3="99,35,52,62,63,64,119,8,60,34,130,98,89"/><W22/><G119/><T75/><D75/><U10/><E113/><V114/><F114/><W55/><G130/><T40/><D27/><U12/><E129/><V131/><F120/><W93/><G22/><T105/><D13/><U77/><E127/><V91/><F131/><W84/><G8/><T45/><D90/><U33/><E134/><V108/><F108/><W78/><G64/><T41/><D85/><U14/><E47/><V135/><F135/><W124/><G124/><T118/><D45/><U29/><E77/><V95/><F125/><W30/><G30/><T21/><D21/><U53/><E53/><V83/><F20/><W32/><G78/><T51/><D118/><U100/><E100/><AGARI ba="2,0" hai="4,5,40,41,43,48,49,51,100,102,103,104,105,107" machi="100" ten="50,8000,1" yaku="29,2,28,2" doraHai="65" who="0" fromWho="1" sc="227,86,200,-86,78,0,495,0" /><INIT seed="4,0,0,4,4,57" ten="313,114,78,495" oya="0" hai0="87,89,34,59,115,106,129,28,31,99,105,29,43" hai1="120,20,10,122,24,15,86,74,135,81,5,27,75" hai2="37,107,128,62,42,14,61,131,60,40,3,121,92" hai3="30,22,6,130,82,11,109,90,118,49,17,65,73"/><T56/><D34/><U94/><E135/><V47/><F107/><W8/><G109/><T96/><D115/><U35/><E94/><V95/><F3/><W23/><G118/><T108/><D108/><U71/><E71/><V113/><F113/><W88/><G130/><N who="2" m="49705" /><F121/><W117/><G117/><T134/><D129/><U100/><E100/><V104/><F104/><W19/><G30/><T26/><D134/><U70/><E70/><V39/><F14/><W127/><G127/><T13/><D43/><N who="2" m="16426" /><F47/><W124/><G11/><T2/><D2/><U46/><E46/><V18/><F18/><W67/><G17/><T68/><D68/><U69/><E69/><V85/><F85/><W45/><G19/><T98/><D106/><U116/><E116/><V110/><F110/><W72/><G8/><T102/><D13/><U76/><E75/><V54/><F54/><W38/><G73/><T41/><D41/><U66/><E74/><V78/><F78/><W111/><G72/><T50/><D105/><U44/><E44/><V9/><F9/><W12/><G12/><T0/><D0/><U83/><E15/><V48/><F48/><W36/><G45/><T52/><D26/><U51/><E27/><V80/><F80/><W53/><G82/><N who="0" m="49399" /><D59/><U25/><E25/><V126/><F126/><W133/><G124/><T16/><D16/><U119/><E24/><V101/><F101/><W55/><G111/><T103/><AGARI ba="0,0" hai="28,29,31,50,52,56,96,98,99,102,103" m="49399" machi="103" ten="40,3900,0" yaku="8,1,54,1" doraHai="57" who="0" fromWho="0" sc="313,39,114,-13,78,-13,495,-13" /><INIT seed="4,1,0,0,5,25" ten="352,101,65,482" oya="0" hai0="101,93,57,78,125,97,44,70,60,33,123,39,52" hai1="108,28,29,45,85,4,77,1,120,34,105,6,90" hai2="7,61,41,84,10,46,58,118,30,87,73,32,113" hai3="69,74,64,96,107,103,24,130,95,68,126,14,26"/><T127/><D123/><U106/><E108/><V119/><F73/><W43/><G74/><T2/><D2/><U48/><E120/><V62/><F113/><W92/><G43/><T12/><D33/><U86/><E77/><V67/><F62/><W89/><G107/><T51/><D78/><U75/><E75/><V0/><F32/><W20/><G69/><T8/><D39/><U13/><E1/><V65/><F30/><W128/><G126/><T109/><D70/><U124/><E34/><V15/><F67/><W11/><G64/><T88/><D109/><U82/><E124/><N who="0" m="47689" /><D101/><U133/><E133/><V81/><F0/><W116/><G68/><T3/><D3/><U40/><E86/><V9/><F9/><W27/><G116/><N who="2" m="44585" /><F81/><W76/><G76/><T19/><D44/><U55/><E105/><V94/><F94/><W47/><G47/><T63/><AGARI ba="1,0" hai="8,12,19,51,52,57,60,63,88,93,97" m="47689" machi="63" ten="30,6000,0" yaku="18,1,54,2" doraHai="25" who="0" fromWho="0" sc="352,63,101,-21,65,-21,482,-21" /><INIT seed="4,2,0,2,5,11" ten="415,80,44,461" oya="0" hai0="92,10,126,24,94,79,117,65,116,85,3,53,40" hai1="14,105,102,67,111,66,8,30,17,25,119,106,12" hai2="77,101,23,57,76,47,48,38,21,55,84,73,114" hai3="50,90,22,4,107,127,39,112,108,7,97,86,81"/><T123/><D123/><U122/><E122/><V34/><F34/><W70/><G39/><T41/><D126/><U1/><E1/><V131/><F131/><W16/><G108/><T83/><D65/><U71/><E111/><V132/><F132/><W32/><G32/><T2/><D2/><U68/><E119/><V72/><F101/><W9/><G70/><T113/><D113/><U35/><E14/><V0/><F0/><W26/><G112/><T98/><D117/><U45/><E45/><V115/><F84/><W42/><G127/><T58/><D116/><U46/><E46/><V37/><F47/><N who="3" m="25975" /><G107/><T134/><D134/><U74/><E74/><V15/><F48/><W6/><G97/><T129/><D129/><U82/><E82/><V104/><F57/><W88/><G9/><T54/><D54/><U51/><E51/><V95/><F95/><W43/><G43/><T91/><D94/><U80/><E80/><V124/><F124/><W36/><G36/><T61/><D24/><U69/><REACH who="1" step="1"/><E105/><REACH who="1" ten="415,70,44,461" step="2"/><V19/><F104/><W56/><G56/><T120/><D120/><U133/><E133/><V109/><F109/><W44/><G44/><T130/><D130/><U60/><E60/><V33/><F38/><W52/><G81/><T135/><D135/><U87/><E87/><V28/><F37/><W5/><G86/><T100/><D79/><U99/><AGARI ba="2,1" hai="8,12,17,25,30,35,66,67,68,69,71,99,102,106" machi="99" ten="40,5200,0" yaku="1,1,0,1,52,1,53,0" doraHai="11" doraHaiUra="121" who="1" fromWho="1" sc="415,-28,70,68,44,-15,461,-15" /><INIT seed="5,0,0,2,3,25" ten="387,138,29,446" oya="1" hai0="112,47,3,43,59,120,52,99,70,105,42,95,96" hai1="103,104,37,41,8,7,5,24,26,115,60,13,57" hai2="29,4,78,82,50,56,110,127,39,32,12,119,122" hai3="116,30,81,106,6,109,45,0,77,51,36,87,2"/><U75/><E75/><V113/><F122/><W83/><G109/><T16/><D3/><U58/><E115/><V72/><F39/><W48/><G106/><T53/><D70/><U61/><E37/><V1/><F119/><W18/><G116/><T92/><D105/><U118/><E118/><V71/><F71/><W63/><G36/><T79/><D79/><U38/><E38/><V89/><F127/><W80/><G80/><T22/><D120/><U88/><E41/><V133/><F133/><W124/><G124/><T132/><D132/><U125/><E125/><V117/><F1/><W21/><G30/><T121/><D112/><U11/><E104/><V20/><F110/><W67/><G83/><T85/><D85/><U40/><E40/><V9/><F32/><W73/><G73/><T131/><D131/><U19/><E103/><V62/><F117/><W111/><G6/><T86/><D86/><U90/><E13/><V98/><F50/><W100/><G51/><N who="0" m="28799" /><D99/><U76/><E19/><V101/><F89/><W108/><G100/><N who="0" m="60423" /><D95/><U68/><E68/><V34/><F34/><W102/><G102/><T35/><D35/><U91/><E91/><V69/><F69/><W130/><G130/><T93/><D93/><U114/><E114/><V10/><F113/><W33/><G33/><T23/><D121/><U94/><E94/><V128/><F128/><W135/><G135/><T123/><D123/><U126/><E126/><V134/><F134/><W14/><G0/><T64/><D43/><U84/><E84/><V97/><F72/><W129/><G2/><T74/><D74/><RYUUKYOKU ba="0,0" sc="387,-10,138,30,29,-10,446,-10" hai1="5,7,8,11,24,26,57,58,60,61,76,88,90" /><INIT seed="5,1,0,3,3,105" ten="377,168,19,436" oya="1" hai0="24,12,122,21,89,60,36,99,47,40,80,35,82" hai1="10,32,127,9,18,59,71,107,83,132,119,56,97" hai2="42,52,111,30,55,131,130,3,54,103,44,102,62" hai3="73,63,118,110,109,13,68,104,81,39,53,61,95"/><U70/><E119/><V66/><F3/><W78/><G53/><T58/><D35/><U77/><E32/><V76/><F30/><W51/><G51/><T26/><D122/><U93/><E107/><V106/><F76/><W65/><G95/><T126/><D126/><U22/><E127/><V1/><F1/><W129/><G13/><T8/><D99/><U108/><E108/><V41/><F106/><W84/><G84/><T125/><D125/><U0/><E132/><V27/><F27/><W86/><G86/><T98/><D98/><U15/><E71/><V33/><F33/><W90/><G90/><T72/><D89/><U23/><E70/><N who="2" m="42327" /><F102/><W74/><G81/><T91/><D91/><U2/><E2/><V121/><F103/><W116/><G78/><T133/><D133/><U5/><E23/><V64/><F64/><W115/><G65/><T79/><D82/><U135/><E135/><V31/><F31/><W112/><G104/><T88/><D88/><U7/><E22/><V57/><F121/><W20/><G20/><T38/><D21/><U14/><E18/><V100/><F100/><W85/><G85/><T19/><D36/><U96/><E0/><V4/><F4/><W123/><G39/><T25/><D25/><U69/><E69/><V101/><F101/><W134/><G68/><T50/><D38/><U37/><E37/><N who="2" m="21551" /><F111/><W48/><G123/><T120/><D120/><U113/><E93/><V117/><F117/><W43/><G118/><T34/><D34/><U75/><E5/><V92/><F92/><W94/><G94/><T46/><D26/><RYUUKYOKU ba="1,0" sc="377,0,168,0,19,0,436,0" /><INIT seed="6,2,0,4,4,72" ten="377,168,19,436" oya="2" hai0="17,13,34,60,126,40,35,124,90,102,88,55,23" hai1="21,105,135,31,101,86,58,9,38,113,121,94,52" hai2="62,63,110,125,45,123,75,37,120,57,70,99,50" hai3="7,68,116,14,78,87,11,100,65,0,2,3,4"/><V29/><F75/><W54/><G116/><T134/><D134/><U122/><E38/><V56/><F29/><W5/><G100/><T8/><D40/><U91/><E135/><V69/><F99/><W64/><G54/><T115/><D102/><U41/><E113/><V16/><F37/><W82/><G68/><N who="2" m="26217" /><F16/><W107/><REACH who="3" step="1"/><G107/><REACH who="3" ten="377,168,19,426" step="2"/><T28/><D115/><U119/><E101/><V47/><F110/><W48/><G48/><T98/><D55/><U44/><E52/><N who="2" m="34055" /><F125/><N who="0" m="48234" /><D60/><U73/><E105/><V96/><F96/><W26/><G26/><N who="0" m="16479" /><D98/><U127/><E127/><V74/><F74/><W93/><G93/><T132/><D132/><U108/><E94/><V33/><F33/><W80/><G80/><T131/><D35/><U103/><E73/><V79/><F79/><W133/><G133/><T27/><D34/><U104/><E104/><V19/><F19/><AGARI ba="2,1" hai="0,2,3,4,5,7,11,14,19,64,65,78,82,87" machi="19" ten="50,3200,0" yaku="1,1,52,1,53,0" doraHai="72" doraHaiUra="95" who="3" fromWho="2" sc="377,0,168,0,19,-38,426,48" owari="377,18.0,168,-23.0,-19,-52.0,474,57.0" /></mjloggm>