<mjloggm ver="2.3"><GO type="169" lobby="0"/><UN n0="%E3%82%A6%E3%83%AB%E3%83%88%E3%83%A9%E7%AB%8B%E7%9B%B4" n1="%68%72%6B%69%6E%67" n2="%EF%BC%BC%28%EF%BC%BE%6F%EF%BC%BE%29%EF%BC%8F%E2%98%85" n3="%6D%69%74%73%75%36%31%31" dan="17,16,17,16" rate="2234.51,2124.19,2157.60,2146.12" sx="M,M,M,M"/><TAIKYOKU oya="0"/><INIT seed="0,0,0,2,2,89" ten="250,250,250,250" oya="0" hai0="35,130,14,41,44,29,48,30,31,93,117,122,17" hai1="63,133,76,113,15,99,24,128,67,20,47,83,26" hai2="110,53,52,116,100,97,58,2,95,123,90,13,0" hai3="107,102,9,56,10,80,73,126,18,125,7,79,96"/><T74/><D74/><U19/><E133/><V50/><F123/><W36/><G18/><T5/><D122/><U68/><E128/><V132/><F110/><W21/><G21/><T111/><D111/><U43/><E113/><V12/><F132/><W69/><G69/><T22/><D130/><U34/><E34/><V61/><F116/><W103/><G56/><T51/><D117/><U131/><E131/><V109/><F109/><W25/><G25/><T37/><D35/><U4/><E4/><V105/><F2/><W62/><G62/><T59/><D5/><U114/><E114/><V8/><F0/><W81/><G36/><T134/><D134/><U71/><E71/><V32/><F32/><W54/><G54/><T39/><D39/><U86/><E99/><V94/><F8/><W98/><G9/><T91/><REACH who="0" step="1"/><D59/><REACH who="0" ten="240,250,250,250" step="2"/><U75/><E75/><V101/><F105/><W16/><G7/><T55/><D55/><U127/><E127/><V121/><F121/><W129/><G129/><T115/><D115/><U33/><E33/><V72/><F72/><W70/><G70/><T106/><D106/><U57/><E68/><V104/><F104/><W88/><G107/><T3/><D3/><U28/><E43/><V78/><F53/><W27/><G126/><T45/><D45/><U92/><E47/><V49/><F52/><W84/><G125/><T120/><D120/><U40/><E40/><V119/><F58/><W60/><G73/><T42/><D42/><U87/><E28/><V85/><F119/><W82/><G60/><T46/><D46/><U124/><E124/><RYUUKYOKU ba="0,1" sc="240,15,250,15,250,-15,250,-15" hai0="14,17,22,29,30,31,37,41,44,48,51,91,93" hai1="15,19,20,24,26,57,63,67,76,83,86,87,92" /><INIT seed="0,1,1,3,3,95" ten="255,265,235,235" oya="0" hai0="58,124,69,119,53,13,80,39,72,51,84,108,85" hai1="83,0,113,24,135,91,106,63,110,59,116,100,44" hai2="29,87,73,32,40,15,7,55,4,20,12,50,107" hai3="115,14,62,88,36,28,48,104,1,41,127,31,23"/><T105/><D119/><U33/><E116/><V5/><F73/><W10/><G104/><T68/><D72/><U18/><E0/><V27/><F107/><W42/><G115/><T129/><D105/><U132/><E113/><V98/><F40/><W111/><G36/><T101/><D39/><U117/><E117/><V64/><F64/><W67/><G1/><T16/><D124/><U66/><E44/><V6/><F87/><W30/><G127/><T57/><D129/><U43/><E43/><V86/><F86/><W133/><G133/><T94/><D108/><U60/><E110/><V35/><F98/><W2/><G2/><T112/><D112/><U46/><E46/><V21/><F55/><W96/><G111/><T97/><D58/><U128/><E128/><V56/><F50/><W45/><G41/><T92/><D92/><U49/><E49/><V122/><F56/><W103/><G103/><T74/><D74/><U102/><E63/><V19/><F122/><W131/><G131/><T120/><D85/><U75/><E106/><V38/><F38/><W81/><G81/><T114/><D114/><U9/><E91/><V130/><F130/><W26/><G62/><T61/><D61/><U77/><E132/><V121/><F121/><W90/><G67/><T54/><D54/><U82/><E82/><V76/><F76/><W93/><G90/><N who="0" m="51463" /><D120/><U79/><E79/><V89/><F89/><W78/><G78/><T126/><D126/><U65/><E65/><V134/><F134/><W118/><G118/><T125/><D125/><U99/><E135/><V109/><F109/><RYUUKYOKU ba="1,1" sc="255,10,265,-30,235,10,235,10" hai0="13,16,51,53,57,68,69,94,97,101" hai2="4,5,6,7,12,15,19,20,21,27,29,32,35" hai3="10,14,23,26,28,30,31,42,45,48,88,93,96" /><INIT seed="0,2,1,1,2,103" ten="265,235,245,245" oya="0" hai0="51,65,0,105,135,111,59,11,63,106,87,37,64" hai1="35,6,50,134,2,62,79,101,113,47,40,93,109" hai2="43,73,91,71,48,127,25,61,92,26,1,56,133" hai3="17,81,99,32,4,33,16,15,9,70,120,34,130"/><T12/><D37/><U44/><E35/><V14/><F1/><W128/><G70/><T27/><D0/><U118/><E118/><V82/><F71/><W3/><G81/><T102/><D135/><U23/><E134/><V31/><F133/><W98/><G98/><T69/><D111/><U125/><E109/><V7/><F127/><W107/><G120/><T77/><D102/><U126/><E79/><V95/><F73/><W76/><G76/><T78/><D78/><U80/><E80/><V21/><F25/><W18/><G99/><T38/><D38/><U117/><E117/><V41/><F82/><W122/><G122/><T22/><D87/><U52/><E113/><V24/><F24/><W104/><G3/><T55/><D65/><U115/><E115/><V58/><F48/><W119/><G119/><T90/><D90/><U36/><E62/><V85/><F95/><W132/><G132/><T114/><D77/><U110/><E110/><V72/><F72/><W45/><G45/><T131/><D131/><AGARI ba="2,1" hai="4,9,15,16,17,18,32,33,34,104,107,128,130,131" machi="131" ten="50,8000,1" yaku="19,1,52,2,54,1" doraHai="103" who="3" fromWho="0" sc="265,-86,235,0,245,0,245,96" /><INIT seed="1,0,0,0,2,34" ten="179,235,245,341" oya="1" hai0="116,0,32,26,92,43,129,110,61,15,13,123,11" hai1="87,65,78,8,30,16,23,36,50,49,38,19,66" hai2="77,74,10,7,93,14,53,28,67,48,62,42,88" hai3="70,121,114,113,79,41,120,104,12,76,135,118,33"/><U2/><E30/><V60/><F42/><W128/><G33/><T102/><D43/><U6/><E49/><V84/><F28/><W81/><G70/><T59/><D116/><U3/><E50/><V22/><F22/><W45/><G118/><T85/><D110/><U127/><E127/><V86/><F74/><W55/><G55/><T58/><D129/><U108/><E108/><V91/><F77/><W51/><G104/><T27/><D123/><U57/><E19/><V56/><REACH who="2" step="1"/><F67/><REACH who="2" ten="179,235,235,341" step="2"/><W111/><G111/><T31/><D31/><U94/><E66/><V100/><F100/><W52/><G41/><T132/><D102/><U75/><E75/><V122/><F122/><W39/><G79/><T44/><D32/><U25/><E78/><V20/><F20/><W112/><G121/><T96/><D27/><U83/><E83/><AGARI ba="0,1" hai="7,10,14,48,53,56,60,62,83,84,86,88,91,93" machi="83" ten="30,7700,0" yaku="1,1,7,1,8,1,54,1,53,0" doraHai="34" doraHaiUra="21" who="2" fromWho="1" sc="179,0,235,-77,235,87,341,0" /><INIT seed="2,0,0,4,2,88" ten="179,158,322,341" oya="2" hai0="126,10,129,94,41,98,33,132,44,34,74,106,31" hai1="25,134,120,51,122,39,107,92,86,66,82,12,87" hai2="4,111,69,83,58,53,68,125,24,65,11,56,119" hai3="103,117,130,70,36,95,20,63,84,3,62,128,15"/><V6/><F119/><W80/><G36/><T133/><D74/><U64/><E39/><V123/><F123/><W76/><G3/><T14/><D106/><U113/><E107/><V75/><F125/><W101/><G117/><T13/><D31/><U110/><E113/><V49/><F111/><W42/><G42/><T54/><D54/><U116/><E116/><V30/><F6/><W26/><G15/><T108/><D13/><U93/><E25/><V19/><F19/><W67/><G62/><T52/><D41/><U112/><E112/><V46/><F83/><W91/><G130/><T2/><D2/><U35/><E35/><V18/><F18/><W22/><G128/><T37/><D37/><U60/><E12/><V79/><F79/><W43/><G43/><T29/><D29/><U23/><E23/><V81/><F81/><W100/><REACH who="3" step="1"/><G26/><REACH who="3" ten="179,158,322,331" step="2"/><T1/><D1/><U102/><E110/><V50/><F24/><W40/><G40/><T96/><D129/><U38/><E38/><V9/><F50/><W27/><G27/><T61/><D108/><U57/><E122/><V78/><F49/><W135/><G135/><T59/><D133/><U89/><E120/><V72/><F4/><W85/><AGARI ba="0,1" hai="20,22,63,67,70,76,80,84,85,91,95,100,101,103" machi="85" ten="30,4000,0" yaku="1,1,0,1,52,1,53,0" doraHai="88" doraHaiUra="47" who="3" fromWho="3" sc="179,-10,158,-10,322,-20,331,50" /><INIT seed="3,0,0,2,4,44" ten="169,148,302,381" oya="3" hai0="20,15,40,95,46,132,81,117,103,94,9,96,6" hai1="56,45,51,13,106,70,8,16,67,80,31,72,82" hai2="76,73,121,2,10,23,35,89,41,109,47,123,85" hai3="32,130,0,116,110,135,125,59,14,7,27,108,36"/><W120/><G59/><T91/><D117/><U43/><E106/><V93/><F35/><W42/><G42/><T86/><D132/><U100/><E100/><V60/><F109/><W77/><G77/><T119/><D119/><U30/><E70/><V63/><F23/><W54/><G54/><T71/><D71/><U19/><E19/><V29/><F29/><N who="1" m="10761" /><E72/><V26/><F26/><W78/><G78/><T61/><D20/><U122/><E122/><N who="2" m="46603" /><F76/><W52/><G52/><T1/><D61/><AGARI ba="0,0" hai="8,13,16,43,45,51,56,61,67,80,82" m="10761" machi="61" ten="30,3900,0" yaku="8,1,52,1,54,1" doraHai="44" who="1" fromWho="0" sc="169,-39,148,39,302,0,381,0" /><INIT seed="4,0,0,3,0,2" ten="130,187,302,381" oya="0" hai0="51,115,26,94,36,31,133,114,75,108,71,21,27" hai1="81,113,107,111,16,15,0,13,44,112,106,41,98" hai2="97,79,7,96,55,3,58,25,134,103,89,67,126" hai3="50,22,119,92,122,12,62,85,32,91,54,135,69"/><T4/><D75/><U65/><E0/><V52/><F134/><W39/><G32/><T68/><D36/><U74/><E65/><V102/><F79/><W130/><G119/><T123/><D123/><U86/><E74/><V45/><F126/><W117/><G117/><T49/><D133/><U40/><E111/><V124/><F124/><W11/><G39/><T14/><D94/><U9/><E98/><V93/><F25/><W60/><G135/><T109/><D14/><U64/><E64/><V77/><F77/><W18/><G122/><T118/><D118/><U46/><E86/><V24/><F24/><N who="0" m="9258" /><D21/><U78/><E78/><V35/><F35/><W84/><G69/><N who="0" m="26699" /><D4/><N who="1" m="3239" /><E81/><V80/><F80/><W47/><G22/><T82/><D82/><U90/><E90/><V132/><F89/><W42/><G85/><T100/><D100/><U34/><E34/><V131/><F97/><W129/><G42/><N who="1" m="16490" /><E107/><V73/><F73/><W6/><G18/><T23/><D23/><N who="1" m="11679" /><E106/><V19/><F102/><W5/><G5/><T8/><D8/><U83/><E83/><V29/><F7/><W101/><G101/><T10/><D10/><U43/><N who="1" m="16498" /><U127/><DORA hai="110" /><E127/><V17/><F103/><W59/><G11/><T20/><D109/><U53/><E53/><V88/><F96/><W116/><G116/><T105/><D105/><U28/><E28/><V63/><F29/><W70/><G70/><T104/><D104/><U48/><E48/><N who="0" m="18505" /><D108/><U95/><E95/><V30/><F132/><W1/><G92/><T66/><D66/><U128/><E128/><V121/><F121/><RYUUKYOKU ba="0,0" sc="130,15,187,15,302,-15,381,-15" hai0="20,31,114,115" hai1="44,46,112,113" /><INIT seed="4,1,0,4,2,14" ten="145,202,287,366" oya="0" hai0="41,128,133,104,115,77,93,43,98,99,62,113,108" hai1="59,38,89,20,31,15,102,35,66,36,39,92,5" hai2="61,114,55,71,42,110,13,103,101,135,18,111,34" hai3="122,64,125,58,129,53,74,48,132,73,97,67,72"/><T25/><D128/><U126/><E126/><V1/><F1/><W37/><G122/><T84/><D133/><U78/><E78/><V107/><F34/><W118/><G118/><T50/><D104/><U81/><E81/><V123/><F123/><W44/><G132/><T52/><D108/><U2/><E102/><V116/><F135/><W131/><G125/><T33/><D62/><U130/><E130/><N who="3" m="49674" /><G97/><T45/><D84/><U8/><E59/><V100/><F107/><W49/><G37/><T57/><D77/><U9/><E66/><V60/><F116/><W51/><G51/><T16/><D98/><U22/><E35/><V121/><F121/><W106/><G106/><T32/><D32/><U68/><E31/><V94/><F42/><AGARI ba="1,0" hai="42,44,48,49,53,58,64,67,72,73,74" m="49674" machi="42" ten="40,1300,0" yaku="19,1" doraHai="14" who="3" fromWho="2" sc="145,0,202,0,287,-16,366,16" /><INIT seed="5,0,0,5,4,36" ten="145,202,271,382" oya="1" hai0="127,59,43,126,129,10,45,72,99,46,12,52,31" hai1="42,25,14,8,135,48,90,130,65,44,23,125,73" hai2="4,104,108,11,57,98,41,0,51,66,83,21,120" hai3="114,78,69,103,70,118,80,54,75,27,56,71,49"/><U17/><E125/><N who="0" m="47625" /><D72/><U40/><E135/><V68/><F120/><W133/><G133/><T119/><D31/><U63/><E130/><V62/><F108/><W53/><G103/><T30/><D30/><U94/><E73/><V86/><F21/><W33/><G33/><T116/><D99/><U58/><E90/><V74/><F74/><W32/><G32/><T113/><D113/><U5/><REACH who="1" step="1"/><E94/><REACH who="1" ten="145,192,271,382" step="2"/><V3/><F104/><W28/><G114/><T26/><D129/><U19/><E19/><V117/><F83/><W47/><G28/><T39/><D26/><U109/><E109/><V128/><F128/><W89/><G27/><T13/><D46/><U16/><E16/><V2/><F4/><W106/><G89/><T77/><D77/><U81/><E81/><V38/><F117/><N who="0" m="45130" /><D10/><U76/><E76/><V20/><F11/><W85/><G118/><T9/><D9/><U35/><E35/><V96/><F20/><W123/><G75/><T115/><D115/><U55/><AGARI ba="0,1" hai="5,8,14,17,23,25,40,42,44,48,55,58,63,65" machi="55" ten="20,18000,2" yaku="1,1,0,1,7,1,8,1,52,2,53,0" doraHai="36" doraHaiUra="87" who="1" fromWho="1" sc="145,-60,192,190,271,-60,382,-60" /><INIT seed="5,1,0,5,1,70" ten="85,382,211,322" oya="1" hai0="37,96,51,115,129,33,24,28,97,60,10,132,80" hai1="93,41,4,2,18,113,15,52,88,71,83,9,106" hai2="59,35,61,105,133,56,7,62,6,135,50,112,66" hai3="14,89,32,76,91,120,55,21,119,39,102,12,117"/><U49/><E106/><V69/><F35/><W44/><G32/><T107/><D115/><U27/><E113/><V46/><F112/><W30/><G120/><T99/><D129/><U122/><E122/><V43/><F105/><W104/><G76/><T73/><D132/><N who="2" m="50762" /><F7/><W19/><G30/><T8/><D107/><U95/><E71/><N who="2" m="42447" /><F6/><W85/><G55/><T48/><D60/><U109/><E41/><V67/><AGARI ba="1,0" hai="43,46,50,56,59,62,67,69" m="42447,50762" machi="67" ten="30,4000,0" yaku="20,1,34,2" doraHai="70" who="2" fromWho="2" sc="85,-11,382,-21,211,43,322,-11" /><INIT seed="6,0,0,0,2,83" ten="74,361,254,311" oya="2" hai0="118,68,53,55,107,73,26,89,39,37,15,30,54" hai1="21,51,13,75,60,23,84,88,58,110,43,22,133" hai2="131,28,5,9,40,61,81,24,10,129,57,36,67" hai3="69,76,90,44,109,124,35,56,45,31,64,4,121"/><V11/><F40/><W101/><G121/><T94/><D107/><U12/><E110/><V16/><F36/><W113/><G109/><T135/><D68/><U3/><E3/><V132/><F132/><W47/><G4/><T86/><D73/><U63/><E75/><V122/><F122/><W116/><G116/><T48/><D135/><U125/><E133/><V65/><F65/><W66/><G76/><T119/><D48/><U74/><E74/><V100/><F100/><W87/><G101/><T19/><D39/><U112/><E112/><V85/><F5/><W41/><G69/><T82/><D37/><U46/><E125/><V97/><F97/><W20/><G35/><T120/><D120/><U93/><E63/><V62/><F62/><W117/><G117/><T6/><D6/><U52/><AGARI ba="0,0" hai="12,13,21,22,23,43,46,51,52,58,60,84,88,93" machi="52" ten="30,8000,1" yaku="0,1,8,1,52,1,54,2" doraHai="83" who="1" fromWho="1" sc="74,-20,361,80,254,-40,311,-20" /><INIT seed="7,0,0,0,1,62" ten="54,441,214,291" oya="3" hai0="124,42,111,83,79,120,93,132,114,7,105,92,39" hai1="53,57,121,54,12,116,28,55,75,46,40,69,85" hai2="73,18,94,102,135,118,0,10,11,112,21,8,133" hai3="64,52,78,131,26,98,1,56,35,101,104,29,2"/><W130/><G78/><T38/><D7/><U126/><E75/><V25/><F73/><W59/><G59/><T84/><D42/><U49/><E121/><V6/><F94/><W88/><G2/><T37/><D120/><U32/><E69/><V34/><F102/><W19/><G19/><T61/><D111/><U47/><E116/><V89/><F89/><W15/><G15/><T23/><D132/><N who="2" m="50762" /><F118/><W44/><G1/><T70/><D124/><U67/><E126/><V16/><F112/><W90/><G44/><T77/><D114/><U20/><E32/><V30/><F18/><W27/><G27/><AGARI ba="0,0" hai="0,6,8,10,11,16,21,25,27,30,34" m="50762" machi="27" ten="30,7700,0" yaku="20,1,34,2,54,1" doraHai="62" who="2" fromWho="3" sc="54,0,441,0,214,77,291,-77" owari="54,-45.0,441,55.0,291,9.0,214,-19.0" /></mjloggm>