<mjloggm ver="2.3"><GO type="169" lobby="0"/><UN n0="%E5%B0%B1%E6%B4%BB%E7%94%9F%40%E5%B7%9D%E6%9D%91%E8%BB%8D%E5%9B%A3" n1="%4D%4A%E3%81%AE%E6%9C%80%E9%AB%98%E5%B3%B0" n2="%64%6F%75%6D%6F%6B%75%6E" n3="%E5%8F%8A%E5%B7%9D%E5%86%B0%E9%BA%97" dan="18,17,17,16" rate="2253.24,2185.56,2203.64,2124.38" sx="M,M,M,F"/><TAIKYOKU oya="0"/><INIT seed="0,0,0,1,5,133" ten="250,250,250,250" oya="0" hai0="73,53,36,126,17,7,112,61,2,63,11,87,105" hai1="37,67,108,125,120,25,117,1,93,83,114,94,8" hai2="69,55,119,75,26,72,22,76,102,44,128,91,56" hai3="19,79,132,127,115,43,74,113,81,41,70,14,88"/><T104/><D112/><U123/><E67/><V89/><F69/><W39/><G132/><T10/><D73/><U111/><E25/><V124/><F102/><W30/><G70/><T118/><D36/><U48/><E48/><V100/><F100/><W57/><G30/><T34/><D118/><U29/><E8/><V0/><F0/><W33/><G33/><T16/><D34/><U130/><E29/><V35/><F35/><W90/><G127/><T21/><D87/><U122/><E1/><V85/><F89/><W99/><G57/><T95/><D95/><U9/><E9/><V51/><F76/><W24/><G24/><T28/><D126/><U49/><E49/><V109/><F124/><W45/><G41/><T103/><D28/><U121/><E37/><V77/><F77/><W107/><G115/><T86/><D86/><U31/><E31/><V38/><F119/><W58/><G58/><T60/><D103/><U131/><E123/><V47/><F128/><N who="1" m="49193" /><E117/><V64/><F38/><W32/><G32/><T116/><D116/><U40/><E40/><V135/><F135/><W52/><G113/><T46/><D11/><U62/><E125/><V65/><F65/><W110/><G110/><N who="1" m="42026" /><E114/><V80/><F109/><W18/><G43/><T13/><D17/><U15/><E15/><V54/><F64/><W106/><G14/><T6/><D6/><U50/><E50/><N who="2" m="29151" /><F56/><W66/><G39/><T20/><D20/><U97/><E62/><V129/><F129/><W12/><G12/><N who="0" m="9351" /><D2/><U71/><E122/><V101/><F101/><W134/><G134/><T23/><D23/><RYUUKYOKU ba="0,0" sc="250,15,250,-15,250,15,250,-15" hai0="7,10,13,46,53,60,61,63,104,105" hai2="22,26,44,51,54,72,75,80,85,91" /><INIT seed="0,1,0,4,5,46" ten="265,235,265,235" oya="0" hai0="31,62,76,75,28,61,86,125,3,5,68,58,67" hai1="50,127,15,6,102,29,2,105,90,99,63,121,41" hai2="64,56,103,114,84,132,34,119,25,77,117,83,109" hai3="80,108,93,70,4,82,65,9,20,122,118,107,22"/><T131/><D125/><U10/><E121/><V91/><F114/><W18/><G118/><N who="2" m="45065" /><F103/><W66/><G122/><T27/><D131/><U8/><E127/><V128/><F128/><W87/><G107/><T55/><D75/><U0/><E29/><N who="2" m="19759" /><F132/><W89/><G108/><T40/><D40/><U88/><E63/><N who="2" m="37991" /><F109/><W16/><G70/><T35/><D31/><U52/><E41/><V12/><F12/><N who="3" m="5159" /><G66/><T14/><D3/><U23/><E23/><N who="3" m="8746" /><G65/><T106/><D106/><U135/><E135/><V73/><F73/><W134/><G134/><T74/><D74/><U129/><E129/><V111/><F111/><W120/><G120/><T72/><D72/><U7/><REACH who="1" step="1"/><E2/><REACH who="1" ten="265,225,265,235" step="2"/><V38/><F38/><W94/><G94/><T26/><D28/><U69/><E69/><V54/><F54/><W33/><G33/><T113/><D35/><U133/><E133/><V49/><F77/><W32/><G32/><T21/><D76/><U1/><E1/><V130/><F130/><W59/><G93/><T57/><D55/><U115/><E115/><V44/><F83/><W47/><G82/><T116/><D113/><U124/><E124/><V81/><F81/><W112/><G80/><T110/><D116/><U71/><E71/><V42/><F91/><W13/><G89/><T11/><D68/><U19/><E19/><V97/><F84/><W37/><G87/><T45/><D110/><U48/><E48/><V96/><AGARI ba="1,1" hai="42,44,49,96,97" m="37991,19759,45065" machi="96" ten="30,2000,0" yaku="12,1,52,1" doraHai="46" who="2" fromWho="2" sc="265,-11,225,-6,265,33,235,-6" /><INIT seed="1,0,0,2,0,104" ten="254,219,298,229" oya="1" hai0="126,130,49,122,97,53,89,8,18,116,25,119,43" hai1="83,1,100,74,54,112,76,11,73,5,93,135,40" hai2="96,35,103,7,69,65,67,63,28,36,105,92,21" hai3="72,117,4,108,13,120,62,24,59,109,10,94,115"/><U14/><E112/><V99/><F65/><W37/><G115/><T23/><D126/><U107/><E107/><V58/><F7/><W46/><G120/><T129/><D122/><U51/><E135/><V133/><F36/><W131/><G131/><N who="0" m="50187" /><D43/><U61/><E61/><V2/><F2/><W114/><G114/><T110/><D110/><U124/><E124/><V27/><F133/><W70/><G117/><T31/><D97/><U82/><E40/><V121/><F121/><W102/><G109/><T98/><D98/><U19/><E93/><V50/><F50/><W41/><G108/><T9/><D89/><U90/><E100/><V78/><F78/><W45/><G102/><T34/><D53/><U16/><E1/><V30/><F30/><W85/><G41/><T32/><D49/><U38/><E38/><V64/><F21/><W26/><G37/><T113/><D113/><U15/><E15/><V95/><F96/><W55/><G13/><N who="0" m="9679" /><D32/><U77/><E90/><V118/><F118/><AGARI ba="0,0" hai="8,9,25,31,34,116,118,119" m="9679,50187" machi="118" ten="30,3900,0" yaku="19,1,34,2" doraHai="104" who="0" fromWho="2" sc="254,39,219,0,298,-39,229,0" /><INIT seed="2,0,0,3,2,19" ten="293,219,259,229" oya="2" hai0="120,132,79,13,130,92,77,94,22,25,125,84,123" hai1="36,73,11,31,109,6,98,76,1,18,4,134,34" hai2="7,114,3,58,93,49,85,104,70,97,99,89,27" hai3="86,106,116,37,66,82,112,42,55,57,39,41,9"/><V43/><F70/><W59/><G106/><T28/><D130/><U102/><E109/><V40/><F114/><W68/><G9/><T129/><D129/><U119/><E4/><V128/><F7/><W87/><G87/><T47/><D132/><U127/><E119/><V64/><F3/><W67/><G82/><T5/><D125/><U50/><E50/><V15/><F15/><W80/><G86/><T14/><D123/><U33/><E127/><V101/><F128/><W117/><G80/><T8/><D120/><U113/><E113/><V78/><F78/><W62/><G112/><T135/><D135/><U122/><E134/><V95/><F27/><W115/><G115/><T72/><D14/><U105/><E18/><V63/><REACH who="2" step="1"/><F49/><REACH who="2" ten="293,219,249,229" step="2"/><N who="3" m="30959" /><G117/><T126/><D126/><U83/><E122/><V35/><F35/><W45/><G116/><T131/><D131/><U90/><E36/><N who="3" m="13898" /><G45/><T20/><D47/><U111/><E34/><V29/><F29/><W61/><AGARI ba="0,1" hai="41,42,59,61,62,66,67,68" m="13898,30959" machi="61" ten="30,8000,1" yaku="35,5" doraHai="19" who="3" fromWho="3" sc="293,-20,219,-20,249,-40,229,90" /><INIT seed="3,0,0,1,1,132" ten="273,199,209,319" oya="3" hai0="32,103,83,130,91,47,88,76,128,117,114,55,15" hai1="9,69,56,14,131,98,75,104,110,22,113,68,102" hai2="33,118,16,105,133,74,99,108,81,72,90,52,86" hai3="134,36,120,73,28,93,29,92,8,123,60,95,124"/><W115/><G134/><T127/><D32/><U125/><E113/><V48/><F33/><W30/><G115/><T126/><D117/><U79/><E110/><V112/><F118/><W59/><G73/><N who="0" m="43407" /><D15/><U89/><E131/><N who="0" m="50217" /><D114/><U71/><E22/><V58/><F108/><W26/><G36/><T111/><D111/><U31/><E31/><V53/><F133/><W82/><G82/><T0/><D0/><U63/><E89/><N who="0" m="34377" /><D103/><U67/><E75/><V109/><F109/><W3/><G26/><T43/><D55/><U94/><E79/><V1/><F1/><W7/><G120/><T107/><D107/><U39/><E104/><V17/><F112/><W70/><G123/><T46/><D46/><U13/><E14/><V35/><F35/><W4/><G4/><T62/><D62/><U37/><E13/><V116/><F116/><W97/><G7/><T49/><AGARI ba="0,0" hai="43,47,49,126,127" m="34377,50217,43407" machi="49" ten="30,7900,0" yaku="19,1,52,2,54,1" doraHai="132" who="0" fromWho="0" sc="273,79,199,-20,209,-20,319,-39" /><INIT seed="4,0,0,5,3,16" ten="352,179,189,280" oya="0" hai0="41,99,86,25,19,66,7,37,88,112,69,36,95" hai1="119,15,71,106,56,54,110,73,58,50,115,4,70" hai2="57,0,60,75,127,128,120,52,92,21,55,74,11" hai3="83,116,32,44,117,134,76,90,46,102,20,35,77"/><T132/><D132/><U107/><E73/><V124/><F120/><W111/><G134/><T49/><D7/><U68/><E119/><V97/><F0/><W122/><G122/><T100/><D112/><U22/><E110/><V108/><F11/><W93/><G111/><T87/><D87/><U131/><E131/><V96/><F108/><W114/><G114/><T23/><D69/><U9/><E115/><V27/><F128/><W63/><G102/><T53/><D41/><U28/><REACH who="1" step="1"/><E58/><REACH who="1" ten="352,169,189,280" step="2"/><V47/><F47/><W121/><G117/><T45/><REACH who="0" step="1"/><D66/><REACH who="0" ten="342,169,189,280" step="2"/><U98/><E98/><V94/><F75/><N who="3" m="43423" /><G116/><T84/><D84/><U126/><E126/><N who="2" m="48171" /><F74/><W51/><G121/><T91/><D91/><U43/><E43/><V123/><F123/><W24/><G90/><T59/><D59/><U39/><E39/><V67/><F97/><W81/><G77/><T26/><D26/><AGARI ba="0,2" hai="4,9,15,22,26,28,50,54,56,68,70,71,106,107" machi="26" ten="40,2600,0" yaku="1,1,52,1,53,0" doraHai="16" doraHaiUra="29" who="1" fromWho="0" sc="342,-26,169,46,189,0,280,0" /><INIT seed="5,0,0,4,4,110" ten="316,215,189,280" oya="1" hai0="120,54,1,68,75,58,91,106,100,124,117,83,78" hai1="45,69,11,60,30,133,44,29,89,128,87,92,46" hai2="52,56,37,19,108,135,65,107,98,28,76,34,62" hai3="57,38,4,105,64,95,59,16,53,32,51,43,130"/><U5/><E128/><V90/><F108/><W118/><G130/><T129/><D68/><U102/><E133/><V132/><F37/><W14/><G105/><T27/><D117/><U47/><N who="1" m="11264" /><DORA hai="50" /><U55/><E102/><N who="2" m="62935" /><F76/><W13/><G118/><T66/><D124/><U40/><E40/><V35/><F90/><W23/><G32/><T104/><D66/><U85/><E85/><V10/><F19/><W131/><G131/><T72/><D72/><U49/><E49/><V42/><F42/><W116/><G116/><T22/><D1/><U99/><E87/><V86/><F86/><W67/><G38/><T33/><D33/><U97/><E99/><V20/><F10/><N who="3" m="4295" /><G95/><T73/><D73/><U61/><E69/><N who="2" m="42167" /><F20/><W79/><G43/><T82/><D100/><U114/><E114/><V9/><F9/><W80/><G57/><T109/><D109/><U3/><REACH who="1" step="1"/><E61/><REACH who="1" ten="316,205,189,280" step="2"/><N who="2" m="35975" /><F35/><W134/><G134/><T25/><D129/><U71/><E71/><V122/><F122/><W12/><G51/><T112/><D112/><U39/><E39/><V84/><F84/><W103/><G103/><T0/><D120/><U17/><E17/><V2/><F2/><W7/><G79/><T125/><D0/><U113/><E113/><V48/><F48/><N who="3" m="31143" /><G80/><T36/><D36/><U18/><E18/><V126/><F126/><W101/><G101/><T63/><D83/><U77/><E77/><V15/><F132/><W31/><G31/><T6/><D125/><U111/><E111/><V127/><F127/><W123/><G123/><T88/><D78/><U94/><E94/><V119/><F135/><RYUUKYOKU ba="0,1" sc="316,-15,205,15,189,-15,280,15" hai1="3,5,11,29,30,55,60,89,92,97" hai3="7,12,14,16,23,64,67" /><INIT seed="5,1,1,4,0,2" ten="301,220,174,295" oya="1" hai0="87,128,45,102,122,73,40,107,33,123,7,11,64" hai1="59,71,94,84,34,57,96,72,114,97,41,76,49" hai2="18,81,15,78,133,46,6,85,77,92,134,67,124" hai3="62,91,82,63,69,23,30,25,120,56,31,135,21"/><U113/><E71/><V58/><F124/><W38/><G38/><T93/><D73/><U26/><E72/><V12/><F92/><W118/><G120/><N who="0" m="46123" /><D33/><U66/><E76/><V99/><F99/><W13/><G118/><T22/><D64/><U75/><E75/><V127/><F127/><W131/><G131/><T89/><D128/><U43/><E84/><V8/><F77/><W28/><G135/><T20/><D102/><U68/><E68/><V125/><F125/><W36/><G36/><N who="0" m="21639" /><D107/><U88/><E97/><V108/><F108/><W65/><G69/><T29/><D29/><N who="1" m="19767" /><E66/><V4/><F46/><W42/><G42/><N who="1" m="15882" /><E49/><V74/><F74/><W115/><G63/><T37/><D37/><U39/><E39/><V119/><F119/><W50/><G50/><T0/><AGARI ba="1,1" hai="0,7,11,20,22,87,89,93" m="21639,46123" machi="0" ten="30,2000,0" yaku="13,1,52,1" doraHai="2" who="0" fromWho="0" sc="301,33,220,-11,174,-6,295,-6" /><INIT seed="6,0,0,4,0,73" ten="334,209,168,289" oya="2" hai0="97,117,116,41,34,62,7,67,91,31,46,32,48" hai1="38,9,109,118,58,27,100,107,6,108,40,87,61" hai2="52,59,49,26,79,14,76,131,22,70,10,113,128" hai3="104,110,68,83,102,103,36,35,130,16,1,114,115"/><V78/><F70/><W72/><RYUUKYOKU type="yao9" ba="0,0" sc="334,0,209,0,168,0,289,0" hai3="1,16,35,36,68,72,83,102,103,104,110,114,115,130" /><INIT seed="6,1,0,0,1,34" ten="334,209,168,289" oya="2" hai0="121,91,58,45,60,44,113,84,120,49,13,29,100" hai1="69,39,24,88,21,77,62,123,5,65,135,134,48" hai2="102,92,53,78,107,19,122,130,27,131,106,112,82" hai3="115,38,63,4,94,33,132,28,98,111,16,12,118"/><V54/><F122/><W90/><G111/><T116/><D113/><U96/><E39/><V87/><F112/><W99/><G118/><T110/><D110/><U17/><E5/><V126/><F126/><W73/><G73/><T43/><D116/><U129/><E77/><V89/><F27/><W56/><G115/><T86/><D100/><U31/><E129/><N who="2" m="49163" /><F19/><W103/><G132/><N who="1" m="50730" /><E123/><V76/><F53/><W22/><G38/><T9/><D29/><U67/><E67/><V101/><F54/><N who="3" m="34199" /><G33/><T18/><D45/><U55/><E31/><V6/><F6/><W61/><G28/><T133/><D133/><U57/><E96/><N who="2" m="57359" /><F78/><W7/><G61/><T37/><D37/><U23/><E23/><V51/><F51/><W0/><G0/><T42/><D42/><U47/><E47/><V46/><F46/><W124/><G124/><T74/><D121/><U32/><E32/><V68/><F68/><W71/><G71/><T119/><D120/><U75/><E69/><V72/><F72/><W79/><G79/><T117/><D74/><U104/><E75/><V66/><F66/><W83/><G98/><T52/><D117/><U109/><E65/><V14/><F14/><W105/><G4/><T125/><D119/><U59/><E48/><V81/><F81/><W30/><G7/><T2/><D125/><U1/><E62/><V128/><N who="2" m="49171" /><V41/><DORA hai="97" /><F41/><W64/><G64/><T80/><D2/><U26/><E26/><V25/><F25/><W93/><G30/><T40/><D40/><U35/><E1/><V20/><F20/><W36/><G36/><RYUUKYOKU ba="1,0" sc="334,10,209,-30,168,10,289,10" hai0="9,13,18,43,44,49,52,58,60,80,84,86,91" hai2="76,82,87,101,102,106,107" hai3="12,16,22,83,90,93,94,99,103,105" /><INIT seed="6,2,0,2,2,75" ten="344,179,178,299" oya="2" hai0="18,132,40,102,111,93,117,121,122,76,6,24,124" hai1="2,94,15,86,42,100,70,133,97,84,25,16,46" hai2="119,73,69,23,14,4,5,125,66,95,27,21,36" hai3="104,78,56,7,54,62,41,28,37,105,103,129,13"/><V77/><F36/><W110/><G110/><T9/><D111/><U0/><E70/><V52/><F119/><W98/><G129/><T61/><D124/><U83/><E25/><V17/><F125/><W55/><G28/><T130/><D132/><U127/><E133/><V43/><F43/><W11/><G105/><T74/><D130/><U113/><E113/><V90/><F69/><W108/><G108/><T87/><D40/><U109/><E109/><V19/><F66/><W134/><G134/><T20/><D61/><U30/><E30/><V31/><F73/><W58/><G78/><T64/><D64/><U39/><E127/><V29/><F77/><W67/><G58/><T81/><D117/><U106/><E106/><V131/><F131/><W116/><G116/><T101/><D101/><U118/><E118/><V63/><F31/><W38/><G38/><T68/><D68/><U128/><E128/><V48/><F29/><W92/><G104/><T1/><REACH who="0" step="1"/><D87/><REACH who="0" ten="334,179,178,299" step="2"/><U91/><E86/><N who="2" m="52695" /><F63/><W96/><G41/><T26/><D26/><U53/><E53/><N who="3" m="19978" /><G37/><T71/><D71/><U135/><E135/><V50/><F50/><W8/><G98/><AGARI ba="2,1" hai="1,6,9,18,20,24,74,76,81,93,98,102,121,122" machi="98" ten="40,5200,0" yaku="1,1,52,1,53,1" doraHai="75" doraHaiUra="32" who="0" fromWho="3" sc="334,68,179,0,178,0,299,-58" /><INIT seed="7,0,0,1,0,6" ten="402,179,178,241" oya="3" hai0="66,5,61,37,43,60,83,88,38,73,2,63,0" hai1="133,89,64,85,112,62,9,24,54,36,108,93,67" hai2="116,100,96,111,75,50,56,58,117,52,4,90,18" hai3="65,57,110,45,46,87,107,68,25,21,3,95,33"/><W10/><G107/><T119/><D88/><U97/><E108/><V124/><F75/><W79/><G33/><T28/><D28/><U132/><E36/><V104/><F111/><W51/><G68/><T130/><D130/><U129/><E129/><V26/><F124/><W19/><G110/><T84/><D84/><U98/><E112/><V20/><F4/><W22/><G22/><T91/><D91/><U80/><E9/><V70/><F70/><W123/><G123/><T59/><D2/><U15/><E15/><V122/><F122/><W35/><G35/><T120/><D38/><U48/><E98/><V105/><F105/><W77/><G3/><T12/><D12/><U13/><E13/><V126/><F126/><W131/><G10/><N who="0" m="2343" /><D120/><U40/><E24/><V16/><F18/><W74/><G19/><T106/><D106/><U23/><E23/><V128/><F128/><W29/><G21/><T86/><D86/><U109/><E109/><V11/><F11/><W72/><G87/><T127/><D127/><U17/><E17/><V102/><F102/><W113/><G74/><T47/><D119/><U39/><E39/><V114/><F114/><W82/><G72/><T101/><D101/><N who="1" m="60591" /><E40/><V78/><F78/><AGARI ba="0,0" hai="37,43,47,59,60,61,63,66,73,78,83" m="2343" machi="78" ten="30,2000,0" yaku="25,1,52,1" doraHai="6" who="0" fromWho="2" sc="402,20,179,0,178,-20,241,0" owari="422,52.0,179,-22.0,158,-34.0,241,4.0" /></mjloggm>