<mjloggm ver="2.3"><GO type="97" lobby="0"/><UN n0="%31%33%36%30" n1="%E5%B0%B1%E6%B4%BB%E7%94%9F%40%E5%B7%9D%E6%9D%91%E8%BB%8D%E5%9B%A3" n2="%E3%81%8B%E3%81%8C%E3%82%86%E3%81%8D" n3="%E3%83%97%E3%82%B8%E3%83%A7%E3%83%AB" dan="14,17,15,15" rate="1931.35,2217.93,1986.32,1913.67" sx="M,M,M,M"/><TAIKYOKU oya="0"/><INIT seed="0,0,0,0,2,6" ten="250,250,250,250" oya="0" hai0="61,40,21,37,111,123,84,122,116,30,120,3,135" hai1="106,93,101,125,53,113,65,82,7,22,107,60,133" hai2="67,42,66,70,94,103,51,36,128,24,102,117,130" hai3="45,46,75,20,78,63,16,124,54,80,34,64,96"/><T43/><D116/><U76/><E125/><V47/><F94/><W108/><G124/><T12/><D3/><U73/><E133/><V126/><F24/><W32/><G108/><T25/><D135/><U109/><E109/><V11/><F11/><W99/><G99/><T1/><D1/><U5/><E113/><V129/><F126/><W48/><G96/><T0/><D0/><U131/><E131/><V74/><F74/><W81/><G45/><T127/><D127/><U17/><E53/><V134/><F117/><W77/><G81/><T15/><D111/><U114/><E93/><V57/><F134/><W87/><G78/><T132/><D132/><U29/><E29/><V49/><F102/><W98/><G98/><T13/><D37/><U112/><E101/><V56/><F103/><W118/><G75/><T89/><REACH who="0" step="1"/><D61/><REACH who="0" ten="240,250,250,250" step="2"/><U95/><E112/><V121/><F36/><W85/><G118/><T2/><D2/><U41/><E114/><V110/><F110/><W79/><G79/><T88/><D88/><U97/><E76/><V39/><F39/><W58/><REACH who="3" step="1"/><G87/><REACH who="3" ten="240,250,250,240" step="2"/><T104/><D104/><U69/><E106/><V62/><F129/><W38/><G38/><T83/><AGARI ba="0,2" hai="12,13,15,21,25,30,40,43,83,84,89,120,122,123" machi="83" ten="40,3900,0" yaku="1,1,0,1,53,0" doraHai="6" doraHaiUra="92" who="0" fromWho="0" sc="240,59,250,-13,250,-13,240,-13" /><INIT seed="0,1,0,0,1,22" ten="299,237,237,227" oya="0" hai0="37,107,23,54,70,53,75,15,96,101,30,2,4" hai1="78,106,95,113,69,84,41,132,5,14,17,74,45" hai2="83,73,110,43,46,76,55,129,34,44,28,117,1" hai3="50,89,35,12,127,134,126,3,122,8,58,123,57"/><T133/><D75/><U24/><E106/><V111/><F129/><W93/><G35/><T60/><D37/><U119/><E69/><V114/><F114/><W31/><G3/><T63/><D133/><U29/><E119/><V59/><F1/><W104/><G104/><T131/><D131/><U25/><E113/><V120/><F120/><N who="3" m="46123" /><G31/><T87/><D2/><U99/><E74/><V33/><F43/><W116/><G116/><T94/><D107/><U21/><E132/><V102/><F102/><W77/><G77/><T112/><D112/><U20/><E5/><V92/><F92/><W39/><G39/><T115/><D115/><U64/><E64/><V27/><F34/><W81/><G81/><T49/><D70/><U42/><E45/><V56/><F56/><N who="3" m="21611" /><G50/><T62/><D87/><U66/><E66/><V91/><F117/><W32/><G32/><T6/><D49/><U51/><E51/><N who="2" m="31231" /><F91/><W61/><G61/><T10/><REACH who="0" step="1"/><D6/><REACH who="0" ten="289,237,237,227" step="2"/><U47/><E84/><V11/><F73/><W121/><G134/><T68/><D68/><U86/><E86/><V13/><F46/><W48/><G48/><T36/><D36/><U38/><E78/><V97/><F44/><W108/><G121/><T88/><D88/><N who="1" m="55783" /><E38/><V72/><F72/><W130/><G130/><T105/><D105/><U18/><E47/><V65/><F65/><W79/><G89/><T71/><D71/><U118/><E118/><V135/><F135/><W85/><G85/><T128/><D128/><U67/><E67/><V19/><F97/><W52/><G93/><T80/><D80/><U82/><E82/><RYUUKYOKU ba="1,1" sc="289,10,237,10,237,10,227,-30" hai0="4,10,15,23,30,53,54,60,62,63,94,96,101" hai1="14,17,18,20,21,24,25,29,41,42" hai2="11,13,19,27,28,33,76,83,110,111" /><INIT seed="0,2,1,1,0,62" ten="299,247,247,197" oya="0" hai0="1,47,84,105,71,2,28,83,30,64,14,133,26" hai1="19,102,38,42,103,96,131,86,53,20,109,60,73" hai2="113,127,31,12,110,18,85,75,74,87,98,49,88" hai3="4,45,56,129,97,37,118,25,106,79,5,44,10"/><T132/><D105/><U58/><E73/><V99/><F113/><W93/><G118/><T108/><D14/><U101/><E131/><V41/><F31/><W33/><G129/><T9/><D47/><U35/><E35/><V3/><F3/><W117/><G117/><T70/><D70/><U122/><E122/><V89/><F110/><W0/><G106/><T77/><D108/><U66/><E109/><V22/><F127/><W61/><G37/><T67/><D71/><U123/><E123/><V69/><F69/><W57/><G57/><T104/><D104/><U65/><E96/><N who="2" m="36907" /><F75/><W50/><G79/><T82/><D9/><U17/><E17/><V100/><F100/><W21/><G50/><T111/><D111/><U130/><E130/><V59/><F74/><W91/><G5/><T11/><D11/><U125/><E125/><V112/><F112/><W114/><G33/><T78/><REACH who="0" step="1"/><D84/><REACH who="0" ten="289,247,247,197" step="2"/><N who="2" m="32330" /><F59/><W107/><G107/><T80/><D80/><U68/><E68/><V32/><F32/><W124/><G124/><T134/><D134/><U128/><E128/><V43/><F43/><W23/><G114/><T72/><D72/><U16/><E42/><V54/><F41/><W27/><G23/><T135/><D135/><U8/><E86/><V116/><F116/><W119/><G119/><T34/><D34/><U46/><E46/><N who="3" m="18026" /><G21/><T76/><D76/><U95/><E38/><V90/><F49/><W126/><G126/><T52/><D52/><AGARI ba="2,2" hai="12,18,22,52,54,88,89,90" m="32330,36907" machi="52" ten="30,3900,0" yaku="8,1,54,2" doraHai="62" who="2" fromWho="0" sc="289,-45,247,0,247,65,197,0" /><INIT seed="1,0,0,2,2,67" ten="244,247,312,197" oya="1" hai0="121,127,92,15,77,83,122,65,88,49,50,11,52" hai1="131,45,91,27,119,61,82,128,116,28,5,111,94" hai2="97,132,115,125,123,31,18,81,64,29,13,60,95" hai3="70,26,105,75,39,98,12,19,4,42,90,112,73"/><U2/><E2/><V117/><F123/><N who="0" m="47114" /><D65/><U104/><E104/><V63/><F132/><W33/><G112/><T129/><D50/><U38/><E5/><V57/><F125/><W103/><G4/><N who="0" m="3559" /><D127/><U21/><E82/><V3/><F3/><W86/><G39/><T101/><D101/><U17/><E28/><V35/><F35/><W69/><G42/><T84/><D129/><N who="1" m="49739" /><E111/><V30/><F115/><W54/><G54/><T96/><D49/><U6/><E6/><V14/><F81/><W22/><G73/><T124/><D124/><U135/><E135/><V118/><F63/><W66/><G66/><T114/><D114/><U99/><E61/><V10/><REACH who="2" step="1"/><F14/><REACH who="2" ten="244,247,302,197" step="2"/><W130/><G130/><T126/><D126/><U59/><E116/><V23/><F23/><W58/><G75/><T74/><D74/><U34/><E119/><V43/><F43/><W62/><G33/><T48/><D48/><U25/><E38/><V120/><F120/><W87/><G12/><T47/><D47/><U41/><E41/><V44/><F44/><W40/><G40/><T55/><AGARI ba="0,1" hai="52,55,77,83,84,88,92,96" m="3559,47114" machi="55" ten="30,4000,0" yaku="13,1,54,2" doraHai="67" who="0" fromWho="0" sc="244,50,247,-20,302,-10,197,-10" /><INIT seed="2,0,0,3,5,1" ten="294,227,292,187" oya="2" hai0="35,110,55,120,90,123,11,94,67,44,52,96,128" hai1="133,39,38,100,82,89,80,42,7,124,6,104,34" hai2="20,45,132,122,131,95,60,13,88,28,101,48,31" hai3="107,63,93,51,27,18,70,97,126,135,58,36,68"/><V92/><F122/><W4/><G36/><T87/><D35/><U3/><E34/><V26/><F131/><W8/><G107/><T21/><D128/><U47/><E38/><V117/><F132/><W73/><G73/><T103/><D110/><U22/><E3/><V91/><F101/><W130/><G130/><T40/><D67/><U66/><E66/><V12/><F60/><W29/><G18/><T15/><D21/><U2/><E2/><V24/><F48/><W32/><G51/><N who="0" m="27015" /><D123/><U115/><E115/><V61/><F61/><W121/><G135/><T46/><D46/><U0/><E0/><V118/><F45/><W119/><G121/><T105/><D105/><U84/><E133/><V114/><REACH who="2" step="1"/><F20/><REACH who="2" ten="294,227,282,187" step="2"/><W14/><G119/><T85/><D120/><U59/><E22/><V98/><F98/><W57/><G57/><T65/><D65/><U75/><E59/><V54/><F54/><N who="0" m="20522" /><D103/><U109/><E109/><V23/><F23/><W106/><G106/><T72/><D72/><U81/><E75/><V16/><F16/><AGARI ba="0,1" hai="11,15,16,85,87,90,94,96" m="20522,27015" machi="16" ten="30,3900,0" yaku="8,1,54,2" doraHai="1" who="0" fromWho="2" sc="294,49,227,0,282,-39,187,0" /><INIT seed="3,0,0,2,1,116" ten="343,227,243,187" oya="3" hai0="60,44,56,24,83,27,122,115,50,58,1,88,45" hai1="43,124,84,123,96,40,41,77,120,66,125,95,57" hai2="46,63,20,12,7,126,104,105,94,110,22,102,75" hai3="87,106,52,54,51,53,37,73,34,74,62,21,91"/><W93/><G34/><T78/><D1/><U103/><E66/><V38/><F75/><W23/><G106/><T15/><D122/><U128/><E128/><V18/><F126/><N who="1" m="48745" /><E57/><V82/><F7/><W132/><G37/><T113/><D15/><U36/><E36/><V5/><F5/><W8/><G132/><T129/><D129/><U29/><E29/><V97/><F82/><AGARI ba="0,0" hai="40,41,43,77,82,84,95,96,103,120,123" m="48745" machi="82" ten="30,3900,0" yaku="18,1,52,2" doraHai="116" who="1" fromWho="2" sc="343,0,227,39,243,-39,187,0" owari="343,44.0,266,7.0,204,-20.0,187,-31.0" /></mjloggm>