<mjloggm ver="2.3"><GO type="169" lobby="0"/><UN n0="%E3%82%A6%E3%83%AB%E3%83%88%E3%83%A9%E7%AB%8B%E7%9B%B4" n1="%E7%A8%B2%E4%BD%9C%E3%83%B4%E3%82%A9%E3%83%AB%E3%82%B1%E3%82%A4%E3%83%8E" n2="%63%68%75%75%79%61%61%61" n3="%E3%81%BF%E3%81%A3%E3%81%A4%E3%81%83%EF%BD%9E" dan="17,19,16,16" rate="2215.79,2217.10,2148.14,2076.31" sx="M,M,M,F"/><TAIKYOKU oya="0"/><INIT seed="0,0,0,1,3,76" ten="250,250,250,250" oya="0" hai0="49,37,130,44,131,91,129,113,5,32,33,12,39" hai1="1,66,114,4,27,62,36,119,68,110,43,30,60" hai2="89,116,57,50,61,127,98,135,38,75,14,69,122" hai3="64,105,99,101,71,31,80,79,73,120,93,6,63"/><T109/><D113/><U100/><E119/><V72/><F116/><W108/><G108/><T7/><D91/><U107/><E110/><V103/><F122/><W95/><G120/><T10/><D5/><U15/><E15/><V51/><F38/><N who="0" m="14346" /><D109/><U133/><E62/><V28/><F127/><W124/><G124/><T94/><D94/><U84/><E133/><V117/><F117/><W67/><G67/><T90/><D90/><U106/><E84/><V85/><F135/><W77/><G6/><T126/><D126/><U97/><E114/><V52/><F28/><W23/><REACH who="3" step="1"/><G79/><REACH who="3" ten="250,250,250,240" step="2"/><T121/><D121/><U46/><E4/><V111/><F111/><W13/><G13/><T29/><D29/><U8/><E1/><V74/><F69/><W41/><G41/><AGARI ba="0,1" hai="7,10,12,32,33,41,44,49,129,130,131" m="14346" machi="41" ten="40,2000,0" yaku="19,1" doraHai="76" who="0" fromWho="3" sc="250,30,250,0,250,0,240,-20" /><INIT seed="0,1,0,2,0,87" ten="280,250,250,220" oya="0" hai0="65,56,42,84,118,24,27,111,38,50,2,10,68" hai1="73,8,31,0,11,127,67,109,103,122,117,124,9" hai2="91,29,14,32,76,85,106,33,96,97,19,48,130" hai3="43,66,52,115,63,79,125,81,18,82,132,74,26"/><T34/><D118/><U20/><E73/><V64/><F130/><W77/><G115/><T119/><D119/><U72/><E117/><V135/><F135/><W7/><G132/><T58/><D34/><U13/><E72/><V86/><F64/><W128/><G128/><T15/><D2/><U30/><E103/><V110/><F106/><W41/><G125/><N who="1" m="48202" /><E67/><V44/><F110/><W70/><G7/><T23/><D111/><U53/><E109/><V55/><F29/><N who="1" m="10761" /><E53/><V98/><F76/><W37/><G52/><N who="0" m="31767" /><D68/><U47/><E47/><V57/><F86/><W40/><G37/><T69/><D38/><U80/><E80/><V49/><F49/><W134/><G134/><T5/><D69/><U54/><E54/><V4/><F4/><W83/><G74/><T121/><D121/><U123/><E0/><V113/><F113/><W75/><G75/><T101/><D101/><U12/><E20/><V108/><F108/><W78/><G70/><T6/><D42/><U62/><E62/><V17/><F17/><W21/><G66/><T71/><D71/><U105/><E105/><V102/><F102/><W39/><G39/><T45/><D45/><U120/><AGARI ba="1,0" hai="8,9,11,12,13,120,122,123" m="10761,48202" machi="120" ten="40,8000,1" yaku="28,2,18,1,34,2" doraHai="87" who="1" fromWho="1" sc="280,-41,250,83,250,-21,220,-21" /><INIT seed="1,0,0,2,4,73" ten="239,333,229,199" oya="1" hai0="43,15,50,83,65,132,20,128,37,13,133,24,86" hai1="108,99,56,90,104,101,62,52,81,93,31,35,107" hai2="89,91,105,135,102,30,71,79,27,5,84,134,125" hai3="21,23,16,18,120,2,129,124,3,57,100,77,40"/><U46/><E108/><V33/><F71/><W32/><G32/><T85/><D37/><U75/><E46/><V122/><F122/><W45/><G120/><T127/><D65/><U126/><E126/><V110/><F125/><W87/><G124/><T103/><D127/><U109/><E109/><V10/><F110/><W48/><G100/><T34/><D34/><U22/><E35/><V98/><F79/><W29/><G29/><T64/><D64/><U14/><E14/><V19/><F19/><W72/><G72/><T39/><D103/><U114/><E114/><V51/><F51/><W94/><G129/><T36/><D128/><U80/><E75/><V97/><F97/><W44/><G44/><T1/><D1/><U106/><REACH who="1" step="1"/><E101/><REACH who="1" ten="239,323,229,199" step="2"/><V17/><F102/><W66/><G3/><T8/><D13/><U12/><E12/><V61/><F33/><W9/><G2/><T69/><D15/><U68/><E68/><V67/><F105/><W59/><G9/><T28/><D69/><U112/><E112/><V4/><F10/><W78/><G23/><T60/><D8/><U63/><E63/><V96/><F61/><N who="3" m="38191" /><G21/><T74/><D60/><U26/><AGARI ba="0,1" hai="22,26,31,52,56,62,80,81,90,93,99,104,106,107" machi="26" ten="40,7800,0" yaku="1,1,0,1,54,1,53,0" doraHai="73" doraHaiUra="0" who="1" fromWho="1" sc="239,-26,323,88,229,-26,199,-26" /><INIT seed="1,1,0,4,3,104" ten="213,411,203,173" oya="1" hai0="7,72,44,2,88,123,110,58,8,125,117,47,29" hai1="1,130,13,93,114,127,12,25,131,66,26,97,122" hai2="17,95,103,69,37,119,55,4,39,133,27,116,5" hai3="30,50,52,32,18,109,63,129,62,46,3,124,68"/><U43/><E1/><V0/><F69/><W98/><G3/><T48/><D117/><U10/><E114/><V128/><F133/><W120/><G120/><T134/><D134/><U53/><E122/><V83/><F128/><N who="1" m="49193" /><E127/><V67/><F67/><W121/><G121/><T80/><D123/><U76/><E43/><V113/><F113/><W31/><G129/><T96/><D125/><U85/><E66/><V100/><F83/><W73/><G109/><T111/><D29/><U64/><E64/><V107/><F95/><W41/><G124/><T35/><D35/><U24/><E53/><V65/><F65/><W92/><G68/><T135/><D135/><U33/><E33/><V70/><F70/><W36/><G31/><T71/><D71/><U28/><E28/><V45/><F0/><W56/><G18/><T89/><D111/><U87/><E76/><V75/><F17/><W49/><G36/><T16/><D16/><N who="1" m="8215" /><E13/><V99/><F55/><W60/><G30/><T38/><D110/><U20/><E20/><V90/><F119/><W51/><G32/><T126/><D126/><U91/><AGARI ba="1,0" hai="24,25,26,85,87,91,93,97" m="8215,49193" machi="91" ten="30,3000,0" yaku="19,1,54,1" doraHai="104" who="1" fromWho="1" sc="213,-11,411,33,203,-11,173,-11" /><INIT seed="1,2,0,0,5,29" ten="202,444,192,162" oya="1" hai0="95,81,133,37,8,47,0,132,124,71,41,120,68" hai1="98,36,40,62,2,56,30,74,82,11,106,60,117" hai2="64,104,116,91,6,18,57,108,12,103,49,65,43" hai3="83,131,75,10,45,111,107,99,127,123,15,51,89"/><U5/><E117/><V67/><F116/><W101/><G123/><T20/><D120/><U42/><E30/><V78/><F108/><W113/><G111/><T79/><D95/><U80/><E80/><V115/><F115/><W44/><G113/><T109/><D20/><U128/><E128/><V27/><F78/><W63/><G131/><T86/><D109/><U70/><E56/><V35/><F6/><W77/><G127/><T17/><D124/><U100/><E40/><V48/><F91/><W84/><G63/><T13/><REACH who="0" step="1"/><D0/><REACH who="0" ten="192,444,192,162" step="2"/><U59/><E2/><V39/><F104/><W32/><G32/><T122/><D122/><U119/><E106/><V14/><F35/><W102/><G102/><T46/><D46/><U16/><E100/><V33/><F103/><W130/><G130/><T121/><D121/><U129/><E129/><V112/><F33/><W7/><REACH who="3" step="1"/><G51/><REACH who="3" ten="192,444,192,152" step="2"/><T21/><D21/><U22/><E22/><V135/><F49/><W3/><G3/><T61/><D61/><U97/><E60/><V25/><F48/><W92/><AGARI ba="2,2" hai="7,10,15,44,45,75,77,83,84,89,92,99,101,107" machi="92" ten="20,8000,1" yaku="1,1,0,1,7,1,24,2,53,0" doraHai="29" doraHaiUra="126" who="3" fromWho="3" sc="192,-22,444,-42,192,-22,152,106" /><INIT seed="2,0,0,3,0,19" ten="170,402,170,258" oya="2" hai0="114,42,24,21,15,8,2,135,68,38,59,40,133" hai1="56,51,125,57,1,122,3,92,72,49,81,50,77" hai2="70,75,116,52,14,78,97,27,118,126,7,16,119" hai3="0,6,26,105,63,61,55,84,134,109,37,23,91"/><V67/><F126/><W88/><G105/><T112/><D68/><U127/><E122/><V96/><F7/><W17/><G37/><T31/><D59/><N who="1" m="22603" /><E92/><V20/><F70/><W35/><G109/><T48/><D48/><U99/><E99/><V71/><F71/><W90/><G134/><N who="0" m="51211" /><D38/><U101/><E101/><V115/><F115/><N who="0" m="44074" /><D2/><U73/><E73/><V121/><F121/><W62/><G35/><T130/><D130/><U110/><E110/><V131/><F131/><W60/><G55/><T69/><D69/><U53/><E53/><V80/><F67/><W5/><N who="3" m="15360" /><DORA hai="74" /><W58/><G58/><T83/><D83/><U30/><E1/><V107/><F52/><W29/><G0/><T108/><D108/><U45/><E3/><V103/><REACH who="2" step="1"/><F96/><REACH who="2" ten="170,402,160,258" step="2"/><W41/><G6/><AGARI ba="0,1" hai="6,8,15,21,24,31,40,42" m="44074,51211" machi="6" ten="30,2000,0" yaku="20,1,52,1" doraHai="19,74" who="0" fromWho="3" sc="170,30,402,0,160,0,258,-20" /><INIT seed="3,0,0,5,0,78" ten="200,402,160,238" oya="3" hai0="119,112,11,57,42,30,126,88,109,131,114,125,48" hai1="128,107,132,31,94,0,44,25,56,68,46,51,73" hai2="104,80,64,50,117,90,24,55,134,121,39,43,28" hai3="133,35,71,120,129,98,52,111,26,58,8,66,115"/><W23/><G115/><N who="0" m="44075" /><D30/><U45/><E107/><V59/><F121/><W96/><G120/><T62/><D11/><U105/><E105/><V5/><F104/><W34/><G71/><T87/><D119/><U18/><E68/><V3/><F117/><W91/><G66/><T7/><D7/><U106/><E106/><V6/><F134/><W122/><G122/><T108/><D131/><U116/><E0/><V74/><F3/><W102/><G129/><T67/><D42/><U21/><E132/><V127/><F127/><N who="0" m="48650" /><D48/><U1/><E1/><V85/><F74/><W97/><G133/><T20/><D20/><U40/><E73/><V89/><F64/><W53/><G35/><T14/><D14/><U12/><E128/><V32/><REACH who="2" step="1"/><F90/><REACH who="2" ten="200,402,150,238" step="2"/><W27/><G91/><T33/><D33/><U79/><E116/><V75/><F75/><W130/><G130/><T135/><D135/><U99/><E79/><V15/><F15/><W82/><G34/><T29/><D29/><U16/><E31/><V124/><F124/><W70/><G26/><T37/><D37/><U2/><E2/><V76/><F76/><W19/><G27/><T13/><D13/><U110/><E12/><V61/><F61/><W81/><G8/><T47/><D47/><AGARI ba="0,1" hai="5,6,24,28,32,39,43,47,50,55,59,80,85,89" machi="47" ten="40,2600,0" yaku="1,1,52,1,53,0" doraHai="78" doraHaiUra="113" who="2" fromWho="0" sc="200,-26,402,0,150,36,238,0" /><INIT seed="4,0,0,2,0,99" ten="174,402,186,238" oya="0" hai0="12,5,84,130,68,39,44,120,124,35,74,94,111" hai1="15,37,112,109,47,121,51,75,23,36,40,132,85" hai2="125,46,13,106,71,76,22,30,3,83,34,24,60" hai3="70,50,118,10,21,126,69,114,107,72,79,123,59"/><T100/><D74/><U115/><E109/><V127/><F106/><W57/><G114/><N who="1" m="43562" /><E75/><V134/><F134/><W93/><G107/><T89/><D68/><U102/><E121/><V78/><F3/><W73/><G118/><T41/><D120/><U103/><E132/><V98/><F98/><W97/><G126/><N who="2" m="48137" /><F46/><W65/><G10/><T55/><D124/><U128/><E128/><V122/><F122/><W67/><G50/><T45/><D35/><U29/><E85/><V49/><F49/><W95/><G97/><T80/><D130/><U53/><E29/><V9/><F22/><W119/><G123/><T8/><D111/><U131/><E131/><V11/><F11/><W61/><G21/><T52/><D45/><N who="1" m="27887" /><E37/><V56/><F83/><W82/><G119/><T18/><D5/><U16/><AGARI ba="0,0" hai="15,16,23,36,40,47,102,103" m="27887,43562" machi="16" ten="30,8000,1" yaku="15,1,11,1,52,2,54,1" doraHai="99" who="1" fromWho="1" sc="174,-40,402,80,186,-20,238,-20" /><INIT seed="5,0,0,5,4,122" ten="134,482,166,218" oya="1" hai0="100,78,131,54,63,74,13,112,84,87,40,116,75" hai1="69,123,103,25,48,17,104,67,110,64,94,0,50" hai2="128,38,45,108,11,79,126,47,26,125,31,99,8" hai3="29,132,58,60,37,72,88,77,82,12,61,24,51"/><U32/><E0/><V20/><F128/><W59/><G37/><T113/><D40/><U33/><E104/><V107/><F79/><W73/><G132/><T18/><D116/><U66/><E69/><V121/><F121/><W133/><G133/><T36/><D36/><U118/><E110/><V43/><F47/><W53/><G73/><T9/><D131/><U4/><E4/><V120/><F120/><W15/><G51/><T71/><D100/><U95/><E103/><N who="2" m="62975" /><F108/><W34/><REACH who="3" step="1"/><G88/><REACH who="3" ten="134,482,166,208" step="2"/><T10/><D75/><U22/><E48/><V3/><F38/><W28/><G28/><T111/><D74/><U105/><E50/><V6/><F31/><W97/><G97/><T62/><D111/><U56/><E123/><V42/><F43/><W35/><G35/><T52/><D78/><U57/><E32/><V16/><F42/><W39/><G39/><T129/><D129/><U109/><E33/><V117/><F117/><W134/><G134/><T85/><D63/><U5/><E109/><V27/><F45/><W21/><G21/><T80/><D80/><U55/><E118/><V86/><F20/><W76/><G76/><T19/><D62/><U119/><E119/><V65/><F11/><W46/><G46/><T90/><D90/><U7/><E22/><V127/><F8/><W98/><G98/><T91/><D91/><U96/><E96/><V115/><F127/><W124/><G124/><T70/><D87/><U1/><E5/><V14/><F6/><W23/><G23/><T135/><D135/><U81/><E7/><V102/><F126/><W68/><G68/><RYUUKYOKU ba="0,1" sc="134,15,482,-15,166,-15,208,15" hai0="9,10,13,18,19,52,54,70,71,84,85,112,113" hai3="12,15,24,29,34,53,58,59,60,61,72,77,82" /><INIT seed="6,1,1,3,5,40" ten="149,467,151,223" oya="2" hai0="16,85,19,9,15,69,90,41,114,127,86,135,121" hai1="103,48,102,132,17,113,99,47,43,76,52,71,63" hai2="36,33,50,14,51,58,107,53,125,93,7,6,72" hai3="129,133,49,91,117,28,37,21,59,83,118,105,68"/><V124/><F72/><W92/><G105/><T98/><D69/><U89/><E113/><V80/><F107/><W54/><G37/><T34/><D34/><U87/><E132/><V84/><F36/><W2/><G68/><T11/><D121/><U70/><E76/><V79/><F33/><W128/><G2/><T22/><D135/><U61/><E70/><V55/><F93/><W104/><G104/><T62/><D114/><U131/><E131/><N who="3" m="50250" /><G83/><T100/><D127/><N who="2" m="48714" /><F14/><W123/><G123/><T44/><D62/><U4/><E71/><V56/><AGARI ba="1,1" hai="6,7,50,51,53,55,56,58,79,80,84" m="48714" machi="56" ten="30,1500,0" yaku="18,1" doraHai="40" who="2" fromWho="2" sc="149,-6,467,-6,151,28,223,-6" /><INIT seed="6,2,0,2,5,38" ten="143,461,179,217" oya="2" hai0="110,89,50,44,119,111,130,103,131,6,64,40,55" hai1="135,94,17,77,56,21,32,63,8,53,43,11,67" hai2="59,1,47,121,79,98,93,90,132,16,127,120,75" hai3="15,33,10,81,19,99,85,97,48,104,69,61,123"/><V26/><F1/><W42/><G123/><T0/><D103/><U83/><E32/><V7/><F7/><W106/><G33/><T22/><D22/><U31/><E135/><V101/><F132/><W20/><G106/><T62/><D89/><U12/><E43/><V46/><F127/><W129/><G104/><T57/><D6/><U71/><E94/><V95/><F59/><W118/><G118/><T128/><D0/><U76/><E31/><V92/><F75/><W49/><G129/><T117/><D64/><U114/><E114/><V108/><F79/><W14/><G61/><T80/><D80/><U23/><E8/><V41/><F47/><N who="3" m="25719" /><G49/><T125/><D125/><U84/><E77/><V18/><F108/><AGARI ba="2,0" hai="40,44,50,55,57,62,108,110,111,117,119,128,130,131" machi="108" ten="50,8000,1" yaku="19,1,34,3,52,1" doraHai="38" who="0" fromWho="2" sc="143,86,461,0,179,-86,217,0" /><INIT seed="7,0,0,4,1,36" ten="229,461,93,217" oya="3" hai0="89,83,87,118,72,29,30,111,8,28,70,100,73" hai1="3,4,102,59,43,134,126,98,130,75,125,33,119" hai2="41,53,15,37,82,86,35,63,51,55,108,69,120" hai3="76,91,123,94,40,129,95,19,1,68,56,122,135"/><W81/><G68/><T112/><D111/><U23/><E33/><V12/><F35/><W14/><G1/><T50/><D70/><U27/><E75/><V57/><F108/><W34/><G34/><T115/><D118/><U96/><E119/><V133/><F133/><W128/><G56/><T49/><D100/><U39/><E134/><V121/><F69/><W58/><G135/><T78/><D8/><N who="1" m="2079" /><E59/><V17/><F12/><W74/><G58/><T107/><D107/><U62/><E62/><V71/><F71/><W0/><G0/><T132/><D132/><U117/><E130/><N who="3" m="50282" /><G40/><T109/><D109/><U11/><E11/><V54/><F37/><W84/><G95/><N who="0" m="54719" /><D73/><U44/><E117/><V90/><F121/><N who="3" m="46091" /><G19/><T80/><D80/><U20/><E39/><V38/><F120/><W77/><G14/><T106/><D106/><U103/><E43/><V67/><F38/><W13/><G13/><T88/><D29/><U10/><E44/><V116/><F116/><W18/><G18/><T7/><D30/><U21/><E10/><V127/><F127/><W48/><G48/><T22/><D28/><U105/><E126/><V99/><F99/><N who="1" m="37929" /><E125/><V25/><F25/><W42/><G42/><T64/><D115/><U131/><E105/><V61/><F61/><W9/><G9/><T31/><D112/><U16/><E131/><V79/><F41/><W52/><G52/><T5/><D50/><U85/><E16/><V110/><F110/><W32/><G32/><T65/><D49/><U24/><E27/><V101/><F51/><W26/><G26/><T114/><D114/><RYUUKYOKU ba="0,0" sc="229,-10,461,-10,93,-10,217,30" hai3="74,76,77,81,84,91,94" /><INIT seed="7,1,0,4,0,93" ten="219,451,83,247" oya="3" hai0="9,118,122,99,0,61,133,113,45,50,8,71,44" hai1="120,74,132,135,20,103,35,47,22,100,33,83,65" hai2="63,95,23,96,25,129,40,48,81,123,128,134,15" hai3="59,111,28,10,73,26,6,62,57,64,108,51,19"/><W112/><G73/><T30/><D122/><U82/><E65/><V69/><F123/><W90/><G19/><T41/><D118/><U42/><E120/><V56/><F134/><W52/><G90/><T121/><D121/><U116/><E116/><V84/><F69/><W21/><REACH who="3" step="1"/><G112/><REACH who="3" ten="219,451,83,237" step="2"/><T109/><D113/><U115/><E115/><V55/><F15/><AGARI ba="1,1" hai="6,10,15,21,26,28,51,52,57,59,62,64,108,111" machi="15" ten="40,12000,1" yaku="1,1,2,1,54,1,53,1" doraHai="93" doraHaiUra="3" who="3" fromWho="2" sc="219,0,451,0,83,-123,237,133" owari="219,-18.0,451,55.0,-40,-54.0,370,17.0" /></mjloggm>