<mjloggm ver="2.3"><GO type="169" lobby="0"/><UN n0="%3D%4A%61%6D" n1="%E3%82%82%E3%83%BC%E3%82%8A%E3%83%BC" n2="%64%72%61%67%6F" n3="%E5%B0%B1%E6%B4%BB%E7%94%9F%40%E5%B7%9D%E6%9D%91%E8%BB%8D%E5%9B%A3" dan="17,16,16,18" rate="2190.95,2157.58,2026.95,2271.65" sx="M,M,M,M"/><TAIKYOKU oya="0"/><INIT seed="0,0,0,2,2,89" ten="250,250,250,250" oya="0" hai0="66,83,67,114,24,72,116,134,36,99,92,69,97" hai1="122,107,93,35,27,7,87,33,131,77,65,125,16" hai2="120,31,95,129,3,127,46,71,40,22,111,113,14" hai3="9,74,112,56,81,79,80,109,19,30,118,115,105"/><T20/><D116/><U1/><E122/><V119/><F71/><W50/><G105/><T110/><D114/><U26/><E107/><V6/><F111/><W2/><G109/><T68/><D36/><U98/><E131/><V58/><F113/><W101/><G101/><T44/><D110/><U124/><E65/><V12/><F119/><W106/><G106/><T17/><D134/><U128/><E128/><V75/><F120/><W52/><G30/><T73/><D44/><U91/><E7/><V84/><F75/><W86/><G118/><T41/><D41/><U23/><E1/><V108/><F108/><W117/><G117/><T59/><D59/><U11/><E11/><V60/><F127/><N who="1" m="48713" /><E27/><V39/><F3/><W53/><G53/><T104/><D104/><U47/><E47/><V64/><F129/><W102/><G102/><T8/><D8/><U82/><AGARI ba="0,0" hai="16,23,26,33,35,77,82,87,91,93,98" m="48713" machi="82" ten="30,4000,0" yaku="18,1,52,1,54,1" doraHai="89" who="1" fromWho="1" sc="250,-20,250,40,250,-10,250,-10" /><INIT seed="1,0,0,4,0,86" ten="230,290,240,240" oya="1" hai0="121,9,60,128,15,48,120,11,103,17,88,118,130" hai1="112,122,32,113,49,1,123,21,90,91,29,131,115" hai2="33,27,109,22,35,23,40,64,124,94,41,59,55" hai3="106,127,114,132,4,28,111,34,6,45,117,46,74"/><U37/><E37/><V12/><F109/><W104/><G111/><T2/><D103/><U77/><E131/><N who="0" m="50217" /><D118/><U8/><E32/><V52/><F124/><W110/><G74/><T96/><D60/><U10/><E77/><V108/><F108/><W85/><G110/><T83/><D48/><U126/><E126/><V63/><F35/><W72/><G72/><T19/><D2/><U105/><E105/><V14/><F33/><W116/><G127/><T135/><D135/><U71/><E71/><V47/><F94/><W99/><G132/><T75/><D75/><U73/><E73/><V84/><F84/><W78/><G34/><T102/><D102/><U125/><E125/><V79/><F79/><W39/><G39/><T80/><D11/><N who="1" m="4139" /><E49/><N who="2" m="26855" /><F41/><W89/><G114/><T30/><D30/><U0/><E21/><N who="2" m="7691" /><F27/><W43/><G28/><T76/><D76/><U58/><E29/><V38/><F38/><W101/><G78/><T16/><D15/><AGARI ba="0,0" hai="12,14,15,52,55,59,63,64" m="7691,26855" machi="15" ten="30,2000,0" yaku="8,1,54,1" doraHai="86" who="2" fromWho="0" sc="230,-20,290,0,240,20,240,0" /><INIT seed="2,0,0,3,3,61" ten="210,290,260,240" oya="2" hai0="24,34,6,3,129,8,92,16,104,55,2,114,91" hai1="37,95,76,88,112,108,74,5,33,57,90,94,39" hai2="125,116,84,89,86,70,118,19,78,132,105,85,120" hai3="66,103,44,113,13,47,83,49,25,29,79,48,115"/><V87/><F120/><W117/><G117/><T69/><D104/><U50/><E112/><N who="3" m="43082" /><G103/><T128/><D69/><U111/><E33/><V93/><F70/><W68/><G13/><T42/><D114/><U23/><E5/><V21/><F132/><W126/><G126/><T4/><D42/><U52/><E23/><V98/><F125/><W130/><G130/><N who="0" m="50283" /><D55/><U71/><E71/><V0/><F0/><N who="0" m="42" /><D92/><N who="1" m="35371" /><E76/><V122/><F122/><W65/><G68/><T77/><D77/><U72/><E39/><V96/><F21/><N who="3" m="15535" /><G44/><T51/><D91/><N who="1" m="34859" /><E37/><V54/><F19/><W53/><G49/><T102/><D102/><U123/><E123/><V11/><F116/><W73/><AGARI ba="0,0" hai="47,48,53,65,66,73,79,83" m="15535,43082" machi="73" ten="30,4000,0" yaku="11,1,52,2" doraHai="61" who="3" fromWho="3" sc="210,-10,290,-10,260,-20,240,40" /><INIT seed="3,0,0,5,1,9" ten="200,280,240,280" oya="3" hai0="22,125,44,43,112,94,107,45,129,59,27,25,75" hai1="84,23,19,78,95,102,24,126,62,64,91,123,42" hai2="60,127,0,15,32,99,52,41,113,40,128,85,37" hai3="82,90,10,117,103,72,135,7,20,70,66,5,87"/><W33/><G33/><T101/><D107/><U106/><E126/><V34/><F113/><W48/><G117/><T71/><D129/><U74/><E123/><V18/><F0/><W38/><G38/><T124/><D71/><U133/><E133/><V104/><F128/><W80/><G103/><T69/><D69/><U114/><E114/><V17/><F127/><W29/><G72/><T108/><D75/><U86/><E42/><V4/><F4/><W120/><G120/><T68/><D68/><U26/><E86/><V93/><F104/><W8/><G135/><T100/><D112/><U65/><E26/><V79/><F37/><W6/><G80/><T121/><D121/><U76/><E62/><V77/><F85/><W39/><G39/><T58/><D94/><U28/><E28/><V1/><F1/><W116/><G116/><T16/><D22/><U57/><E76/><V11/><F18/><W51/><G66/><T31/><D31/><U110/><E65/><V122/><F34/><W36/><G36/><T89/><D89/><U109/><E64/><V54/><F32/><W98/><G98/><T73/><D73/><U55/><E102/><N who="2" m="60783" /><F122/><W105/><G105/><T119/><D119/><U88/><E106/><V63/><F63/><W97/><G97/><T83/><D83/><N who="1" m="45527" /><E91/><V111/><F111/><W49/><G70/><T118/><D118/><U50/><E110/><V47/><F60/><W2/><G2/><T92/><D108/><U81/><E109/><V67/><F67/><W115/><G115/><T3/><D124/><U130/><E130/><V134/><F134/><RYUUKYOKU ba="0,0" sc="200,-15,280,15,240,-15,280,15" hai1="19,23,24,50,55,57,81,84,88,95" hai3="5,6,7,8,10,20,29,48,49,51,82,87,90" /><INIT seed="3,1,0,3,5,115" ten="185,295,225,295" oya="3" hai0="54,107,80,94,11,74,29,0,116,101,100,106,96" hai1="76,7,135,122,14,20,55,111,46,123,126,32,109" hai2="19,128,58,17,83,70,84,93,33,110,12,21,2" hai3="30,97,18,3,37,88,44,112,64,22,23,133,127"/><W25/><G112/><T10/><D0/><U52/><E32/><V102/><F70/><W41/><G127/><T35/><D35/><U85/><E126/><V66/><F110/><N who="1" m="41993" /><E135/><V86/><F128/><W62/><G133/><T39/><D39/><U129/><E129/><V40/><F33/><W4/><G4/><T104/><D29/><U13/><E13/><V65/><F40/><W38/><G3/><T92/><D54/><N who="1" m="20523" /><E46/><V91/><F2/><W98/><G38/><T36/><D36/><U82/><E20/><N who="2" m="11303" /><F58/><W71/><G88/><N who="0" m="55303" /><D10/><AGARI ba="1,0" hai="7,10,14,76,82,85,122,123" m="20523,41993" machi="10" ten="30,2000,0" yaku="14,1,54,1" doraHai="115" who="1" fromWho="0" sc="185,-23,295,23,225,0,295,0" /><INIT seed="4,0,0,1,4,44" ten="162,318,225,295" oya="0" hai0="131,50,53,125,83,34,57,104,88,129,127,27,60" hai1="119,62,132,20,32,118,48,98,29,117,68,79,121" hai2="102,66,87,54,107,124,111,59,64,114,30,103,24" hai3="128,2,6,76,47,89,15,99,80,41,69,113,105"/><T5/><D104/><U134/><E121/><V123/><F111/><W39/><G113/><T58/><D5/><U74/><E20/><V122/><F124/><N who="0" m="47690" /><D34/><U95/><E79/><V46/><F114/><W71/><G128/><N who="0" m="49227" /><D27/><N who="1" m="18495" /><E74/><V72/><F72/><N who="3" m="43015" /><G15/><T17/><D17/><U108/><E108/><V109/><F109/><W10/><G89/><T56/><D60/><U21/><E62/><V85/><F107/><W12/><G12/><T73/><D73/><U86/><E86/><AGARI ba="0,0" hai="50,53,56,57,58,83,86,88" m="49227,47690" machi="86" ten="30,11600,0" yaku="18,1,19,1,52,1,54,1" doraHai="44" who="0" fromWho="1" sc="162,116,318,-116,225,0,295,0" /><INIT seed="4,1,0,1,2,42" ten="278,202,225,295" oya="0" hai0="7,57,1,101,20,93,91,105,116,131,103,4,99" hai1="11,134,54,68,129,104,23,35,66,115,96,45,8" hai2="132,112,56,123,86,92,126,55,6,26,60,61,114" hai3="63,75,125,70,58,13,12,80,22,33,43,102,67"/><T111/><D116/><U121/><E121/><V117/><F123/><W128/><G33/><T84/><D111/><U52/><E35/><V82/><F132/><W21/><G128/><T65/><D131/><U29/><E134/><V87/><F126/><W2/><G2/><T18/><D1/><U79/><E129/><V30/><F6/><N who="0" m="2090" /><D105/><U90/><E79/><V109/><F109/><W31/><G102/><T73/><D73/><U41/><E115/><V24/><F117/><W51/><G125/><T106/><D106/><U69/><E11/><V32/><F61/><W16/><G31/><T85/><D65/><U0/><E8/><V74/><F26/><W47/><G70/><T36/><D36/><U122/><E0/><V88/><REACH who="2" step="1"/><F74/><REACH who="2" ten="278,202,215,295" step="2"/><W59/><G75/><T19/><D19/><U3/><E122/><V77/><AGARI ba="1,1" hai="24,30,32,55,56,60,77,82,86,87,88,92,112,114" machi="77" ten="30,8000,1" yaku="1,1,2,1,0,1,54,1,53,1" doraHai="42" doraHaiUra="48" who="2" fromWho="2" sc="278,-41,202,-21,215,93,295,-21" /><INIT seed="5,0,0,0,2,18" ten="237,181,308,274" oya="1" hai0="126,101,129,107,94,116,63,114,60,0,11,39,78" hai1="34,43,5,76,118,61,32,2,55,88,14,97,71" hai2="12,8,45,68,111,125,106,24,124,70,33,27,103" hai3="57,99,113,19,41,30,3,123,40,132,62,46,44"/><U127/><E118/><V16/><F111/><W64/><G3/><T131/><D39/><U108/><E108/><V52/><F106/><W95/><G123/><T1/><D107/><U69/><E2/><N who="0" m="1129" /><D116/><U42/><E76/><V22/><F103/><W115/><G30/><T35/><D35/><U98/><E127/><N who="2" m="48715" /><F33/><W66/><G132/><T109/><D11/><U6/><E61/><V13/><F13/><W26/><G26/><N who="2" m="9769" /><F8/><W48/><G19/><T79/><D126/><U15/><REACH who="1" step="1"/><E55/><REACH who="1" ten="237,171,308,274" step="2"/><V102/><F52/><W128/><G66/><T121/><D63/><U81/><E81/><V130/><F70/><W49/><G128/><T75/><D131/><U53/><E53/><V122/><F68/><W59/><G59/><T47/><D129/><U36/><E36/><V134/><F130/><W73/><G73/><T37/><D75/><U92/><E92/><V50/><F45/><W20/><G113/><T56/><D114/><U17/><E17/><V119/><F119/><W51/><G115/><T133/><D109/><U84/><E84/><V117/><F117/><W91/><G49/><T90/><D47/><U80/><E80/><V58/><F50/><W86/><G86/><T29/><D37/><U120/><E120/><V28/><F58/><W65/><G65/><T104/><D121/><U31/><E31/><V100/><F122/><W87/><G87/><N who="0" m="52575" /><D29/><U135/><E135/><V77/><F134/><W10/><G48/><T83/><D133/><U96/><E96/><V110/><F110/><W25/><G46/><T105/><D56/><U74/><E74/><V67/><F28/><RYUUKYOKU ba="0,1" sc="237,-10,171,30,308,-10,274,-10" hai1="5,6,14,15,32,34,42,43,69,71,88,97,98" /><INIT seed="5,1,1,0,1,123" ten="227,201,298,264" oya="1" hai0="17,60,65,14,28,83,76,78,48,82,9,126,102" hai1="30,66,8,84,97,90,121,94,92,18,51,44,88" hai2="19,106,69,73,131,70,110,99,119,21,74,80,103" hai3="130,42,105,35,16,46,6,79,128,129,10,26,5"/><U93/><E121/><V0/><F110/><W96/><G79/><T49/><D126/><U85/><E66/><V101/><F119/><W40/><G35/><T63/><D102/><U134/><E134/><V127/><F0/><W61/><G61/><T125/><D125/><U31/><E8/><V11/><F11/><W27/><G40/><T37/><D37/><U58/><E58/><V111/><F111/><W53/><G53/><T68/><D28/><U113/><E18/><V56/><F131/><W87/><G87/><T133/><D133/><U71/><E71/><V1/><F1/><W50/><G16/><T132/><D132/><U12/><E12/><V115/><F115/><W109/><G109/><T33/><D33/><U98/><E113/><V95/><F56/><W4/><G10/><T117/><D63/><U41/><E98/><V52/><F70/><W104/><G96/><T25/><D25/><AGARI ba="1,1" hai="4,5,6,25,26,27,42,46,50,104,105,128,129,130" machi="25" ten="50,1600,0" yaku="19,1" doraHai="123" who="3" fromWho="0" sc="227,-19,201,0,298,0,264,29" /><INIT seed="6,0,0,3,2,90" ten="208,201,298,293" oya="2" hai0="14,23,122,116,11,95,24,25,67,4,61,73,39" hai1="70,28,87,114,60,6,124,128,119,54,50,130,32" hai2="98,36,18,129,30,131,58,17,93,115,111,47,53" hai3="34,102,134,1,57,118,20,19,82,86,43,52,64"/><V62/><F115/><W109/><G34/><T8/><D39/><U41/><E119/><V68/><F68/><W84/><G109/><T72/><D122/><U76/><E124/><V55/><F30/><W2/><G64/><T80/><D116/><U113/><E6/><V63/><F111/><W83/><G102/><T45/><D45/><N who="1" m="25903" /><E28/><V112/><F112/><N who="1" m="43113" /><E32/><V91/><F36/><W59/><G43/><T9/><D4/><U7/><E7/><V37/><F37/><W105/><G105/><T21/><D14/><U101/><E101/><V121/><F121/><W103/><G103/><T15/><D15/><U26/><E26/><V35/><F35/><W81/><G59/><N who="0" m="37311" /><D73/><U0/><E0/><V133/><F133/><W22/><G134/><T51/><D72/><U99/><E99/><V56/><REACH who="2" step="1"/><F47/><REACH who="2" ten="208,201,288,293" step="2"/><W13/><G118/><T48/><D80/><N who="1" m="47495" /><E70/><V108/><F108/><W135/><G135/><T117/><D117/><U110/><E110/><V96/><F96/><W49/><G84/><T89/><D25/><U31/><E31/><V3/><F3/><W107/><G86/><N who="0" m="52663" /><D24/><U46/><E46/><V38/><F38/><W78/><G2/><T88/><D88/><U5/><E5/><V33/><F33/><W71/><G1/><T66/><D66/><U74/><E74/><V92/><F92/><W42/><G71/><T120/><D120/><U27/><E27/><V44/><F44/><N who="3" m="25751" /><G107/><T65/><D65/><U85/><E85/><V125/><F125/><W123/><G123/><T106/><D106/><U12/><E12/><V132/><F132/><W126/><G126/><RYUUKYOKU ba="0,1" sc="208,10,201,10,288,10,293,-30" hai0="8,9,11,21,23,48,51" hai1="54,60,128,130" hai2="17,18,53,55,56,58,62,63,91,93,98,129,131" /><INIT seed="6,1,1,5,4,91" ten="218,211,298,263" oya="2" hai0="65,56,90,55,79,113,99,92,1,112,127,118,38" hai1="18,26,87,80,133,109,94,100,12,130,44,11,22" hai2="68,51,28,77,104,76,88,115,97,58,128,105,10" hai3="16,120,89,134,41,72,48,114,116,13,5,132,110"/><V121/><F121/><W29/><G110/><T106/><D118/><U71/><E130/><V15/><F68/><W59/><G72/><T70/><D127/><U69/><E133/><N who="3" m="51306" /><G116/><T8/><D38/><U61/><E109/><V125/><F115/><N who="0" m="44106" /><D106/><U123/><E123/><V54/><F128/><W52/><G114/><T62/><D79/><U86/><E44/><V64/><F105/><W37/><G29/><T25/><D25/><U93/><E100/><V122/><F122/><W33/><G33/><T49/><D8/><U14/><E71/><V34/><F125/><W102/><G102/><T108/><D108/><U2/><E2/><AGARI ba="1,1" hai="1,2,49,55,56,62,65,70,90,92,99" m="44106" machi="2" ten="30,2000,0" yaku="15,1,52,1" doraHai="91" who="0" fromWho="1" sc="218,33,211,-23,298,0,263,0" /><INIT seed="7,0,0,1,1,110" ten="251,188,298,263" oya="3" hai0="114,99,135,61,27,93,37,98,66,58,85,129,123" hai1="48,1,100,113,6,84,17,87,109,7,104,94,69" hai2="96,78,25,71,46,41,10,76,18,29,131,97,105" hai3="125,50,42,51,81,20,4,80,59,127,16,19,33"/><W82/><G33/><T119/><D119/><U68/><E109/><V60/><F131/><W14/><G4/><N who="1" m="1578" /><E1/><V5/><F71/><W44/><G59/><T74/><D74/><U3/><E3/><V86/><F5/><W120/><G120/><T38/><D129/><U130/><E104/><V34/><F105/><W83/><N who="3" m="20992" /><DORA hai="118" /><W121/><G121/><T72/><D72/><U62/><E69/><V103/><F86/><N who="1" m="32809" /><E68/><V11/><F60/><W45/><REACH who="3" step="1"/><G19/><REACH who="3" ten="251,188,298,253" step="2"/><T63/><D123/><U70/><E70/><V126/><F18/><W122/><G122/><T23/><D58/><U43/><E130/><V111/><F34/><W77/><G77/><T107/><D66/><U108/><E108/><V13/><F111/><W52/><AGARI ba="0,1" hai="14,16,20,42,44,45,50,51,52,125,127" m="20992" machi="52" ten="40,12000,1" yaku="1,1,0,1,54,2,53,0" doraHai="110,118" doraHaiUra="67,2" who="3" fromWho="3" sc="251,-40,188,-40,298,-40,253,130" owari="211,-19.0,148,-35.0,258,6.0,383,48.0" /></mjloggm>