<mjloggm ver="2.3"><GO type="169" lobby="0"/><UN n0="%E5%86%A5%E5%9C%9F%E3%81%AE%E3%83%AF%E3%83%8B%E8%94%B5" n1="%E3%81%86%E3%81%AA%E3%81%8E" n2="%58%E7%8C%AB" n3="%E3%82%A6%E3%83%AB%E3%83%88%E3%83%A9%E7%AB%8B%E7%9B%B4" dan="18,16,16,18" rate="2139.01,2062.12,2104.39,2181.47" sx="M,F,M,M"/><TAIKYOKU oya="0"/><INIT seed="0,0,0,1,4,111" ten="250,250,250,250" oya="0" hai0="117,6,20,134,34,49,44,91,76,118,14,19,128" hai1="75,4,103,108,13,53,31,74,82,110,3,21,96" hai2="81,115,124,46,29,37,89,133,79,106,122,102,58" hai3="15,80,67,129,10,56,123,27,113,23,125,97,30"/><T88/><D34/><U32/><E82/><V61/><F122/><W9/><G125/><T87/><D128/><U131/><E131/><V104/><F102/><W64/><G129/><T101/><D134/><U95/><E32/><V1/><F133/><W99/><G123/><T77/><D101/><U132/><E132/><V69/><F124/><W48/><G113/><T36/><D36/><U100/><E100/><V135/><F89/><W0/><G0/><T40/><D91/><U2/><E53/><V57/><F135/><W84/><G10/><T72/><D72/><U11/><E74/><V33/><F1/><W71/><G71/><T51/><D6/><U98/><E98/><V68/><F58/><W41/><G67/><T22/><D22/><U43/><E43/><V92/><F92/><W39/><G39/><T59/><D117/><U50/><E50/><V86/><F106/><W107/><G107/><T114/><D114/><U12/><E75/><V73/><F86/><W63/><G48/><T45/><D59/><U24/><REACH who="1" step="1"/><E3/><REACH who="1" ten="250,240,250,250" step="2"/><V25/><F115/><W90/><REACH who="3" step="1"/><G41/><REACH who="3" ten="250,240,250,240" step="2"/><N who="0" m="24719" /><D118/><U8/><E8/><V35/><F104/><W55/><G55/><T130/><D130/><U127/><E127/><V121/><F121/><W28/><G28/><T93/><AGARI ba="0,2" hai="14,19,20,40,45,51,76,77,87,88,93" m="24719" machi="93" ten="30,3000,0" yaku="8,1,54,1" doraHai="111" who="0" fromWho="0" sc="250,50,240,-10,250,-10,240,-10" /><INIT seed="0,1,0,2,1,67" ten="300,230,240,230" oya="0" hai0="63,0,46,36,25,88,108,4,39,131,29,31,15" hai1="120,111,55,52,41,16,76,22,20,130,95,1,133" hai2="100,30,119,116,109,9,28,89,27,2,45,102,78" hai3="50,98,68,121,12,101,99,125,53,107,26,32,7"/><T75/><D75/><U90/><E120/><V34/><F78/><W24/><G125/><T37/><D131/><U94/><E130/><V114/><F114/><W132/><G132/><T81/><D108/><U123/><E123/><V110/><F45/><W83/><G121/><T118/><D118/><N who="2" m="45098" /><F89/><W135/><G135/><T60/><D0/><U54/><E1/><V3/><F30/><W115/><G115/><T84/><D31/><U62/><E41/><V14/><F100/><W105/><G83/><T42/><D15/><N who="1" m="9247" /><E111/><N who="2" m="42507" /><F102/><W56/><G32/><T17/><D17/><AGARI ba="1,0" hai="2,3,9,14,17,27,28,34" m="42507,45098" machi="17" ten="30,7700,0" yaku="12,1,14,1,34,2" doraHai="67" who="2" fromWho="0" sc="300,-80,230,0,240,80,230,0" /><INIT seed="1,0,0,3,3,21" ten="220,230,320,230" oya="1" hai0="23,95,35,115,93,16,89,118,25,6,4,12,87" hai1="48,5,32,27,117,131,101,94,116,123,11,71,20" hai2="125,45,128,30,86,107,53,112,103,18,104,67,38" hai3="127,1,130,64,29,9,41,65,59,37,34,57,119"/><U90/><E123/><V58/><F67/><W2/><G29/><T42/><D118/><U81/><E71/><V77/><F125/><W133/><G9/><T83/><D115/><U69/><E69/><V114/><F128/><W106/><G41/><T40/><D35/><U102/><E32/><V19/><F30/><W49/><G49/><T36/><D36/><U0/><E131/><V61/><F45/><W51/><G51/><T85/><D93/><U70/><E70/><V3/><F3/><W72/><G72/><T113/><D113/><N who="2" m="43626" /><F38/><W50/><G34/><T97/><D85/><U121/><E81/><N who="2" m="47407" /><F103/><W44/><G37/><T100/><REACH who="0" step="1"/><D12/><REACH who="0" ten="210,230,320,230" step="2"/><U80/><E117/><V56/><F107/><W124/><G106/><T17/><D17/><U33/><E116/><V60/><F104/><W108/><G119/><T92/><D92/><U68/><E33/><V84/><F84/><W15/><G15/><T134/><D134/><U99/><E121/><V14/><F14/><W88/><G133/><T126/><D126/><U82/><E82/><V13/><F13/><W52/><G130/><T73/><D73/><U129/><E80/><V91/><F91/><W76/><G88/><T122/><D122/><U110/><E129/><V109/><F109/><W75/><G108/><T46/><D46/><U47/><E110/><V111/><F111/><W43/><G127/><T79/><D79/><U62/><E90/><V10/><F10/><W39/><G124/><T31/><D31/><N who="1" m="17895" /><E94/><V54/><AGARI ba="0,1" hai="18,19,53,54,56,58,60,61" m="47407,43626" machi="54" ten="30,1100,0" yaku="11,1" doraHai="21" who="2" fromWho="2" sc="210,-3,230,-5,320,21,230,-3" /><INIT seed="2,0,0,2,4,129" ten="207,225,341,227" oya="2" hai0="49,52,51,85,22,124,24,21,122,39,88,9,12" hai1="47,72,92,95,0,100,54,116,80,123,6,1,105" hai2="108,130,87,60,33,50,120,104,5,86,133,93,107" hai3="26,53,67,114,48,64,38,118,41,34,68,98,61"/><V14/><F120/><W56/><G118/><T18/><D122/><U58/><E116/><V63/><F33/><W37/><G98/><T131/><D131/><U75/><E123/><V113/><F130/><W119/><G119/><T13/><D39/><N who="3" m="14857" /><G26/><T32/><D124/><U126/><E126/><V40/><F113/><W3/><G3/><T57/><D32/><U125/><E47/><V117/><F117/><W103/><G103/><T8/><D49/><U99/><E125/><V127/><F127/><W111/><G34/><T36/><D36/><U17/><E17/><V30/><F93/><W42/><G111/><T2/><D2/><U69/><E69/><V73/><F73/><W81/><G81/><T70/><D70/><U43/><E43/><N who="3" m="16394" /><G114/><T112/><D112/><U55/><E80/><V28/><F14/><N who="0" m="5738" /><D22/><U82/><E82/><AGARI ba="0,0" hai="8,9,18,21,24,51,52,57,82,85,88" m="5738" machi="82" ten="30,3900,0" yaku="8,1,54,2" doraHai="129" who="0" fromWho="1" sc="207,39,225,-39,341,0,227,0" /><INIT seed="3,0,0,5,5,102" ten="246,186,341,227" oya="3" hai0="72,71,128,125,107,98,60,16,7,69,135,124,88" hai1="105,81,51,55,94,10,57,26,101,70,103,34,117" hai2="114,68,33,49,85,12,62,20,54,109,30,0,44" hai3="108,83,79,96,18,76,93,42,46,106,4,27,67"/><W89/><G108/><T11/><D72/><U91/><E70/><V118/><F114/><W110/><G110/><T23/><D128/><U29/><E117/><V17/><F109/><W64/><G4/><T19/><D135/><U25/><E25/><V36/><F118/><W58/><G106/><T130/><D130/><U24/><E24/><V8/><F36/><W61/><G67/><T87/><D98/><U123/><E123/><V86/><F62/><W134/><G134/><T6/><D107/><U28/><E28/><V52/><F68/><N who="0" m="26186" /><D60/><U50/><E10/><V9/><F9/><W74/><G27/><N who="0" m="14823" /><D19/><U121/><E121/><V48/><F33/><W65/><G18/><T113/><D11/><U122/><E122/><V77/><F77/><W90/><G65/><T41/><D41/><U78/><E105/><V59/><F0/><W100/><REACH who="3" step="1"/><G79/><REACH who="3" ten="246,186,341,217" step="2"/><T47/><D113/><U80/><E78/><V92/><F30/><W2/><G2/><T116/><D116/><U21/><E29/><V104/><F104/><W3/><G3/><T133/><D133/><U53/><E34/><V31/><F31/><W39/><AGARI ba="0,1" hai="39,42,46,58,61,64,74,76,83,89,90,93,96,100" machi="39" ten="20,7800,0" yaku="1,1,0,1,7,1,53,1" doraHai="102" doraHaiUra="37" who="3" fromWho="3" sc="246,-26,186,-26,341,-26,217,88" /><INIT seed="3,1,0,0,5,62" ten="220,160,315,305" oya="3" hai0="25,9,0,23,22,96,36,75,81,41,59,89,120" hai1="63,3,18,28,126,99,13,85,1,90,79,74,91" hai2="88,112,103,97,17,87,127,118,133,37,113,4,104" hai3="33,114,29,64,70,16,69,34,100,83,95,53,129"/><W110/><G114/><T106/><D120/><U67/><E126/><V5/><F118/><W24/><G129/><T30/><D59/><U48/><E28/><V117/><F117/><W44/><G110/><T8/><D23/><U39/><E39/><V26/><F37/><W92/><G34/><T77/><D9/><U73/><E48/><V32/><F127/><W43/><G53/><T94/><D106/><U134/><E134/><V7/><F133/><W82/><G95/><T123/><D123/><U14/><E79/><V121/><F121/><W78/><G83/><T76/><D76/><U49/><E49/><V61/><F61/><W80/><G80/><T2/><REACH who="0" step="1"/><D8/><REACH who="0" ten="210,160,315,305" step="2"/><U58/><E73/><V68/><F68/><W102/><G70/><T6/><D6/><U52/><E74/><V115/><F4/><W42/><G69/><T20/><D20/><U45/><E3/><V109/><F7/><W131/><G78/><T50/><D50/><N who="1" m="28751" /><E1/><V124/><F5/><W19/><G33/><T130/><D130/><U122/><E122/><V47/><F32/><W56/><G131/><T51/><D51/><U31/><E18/><V71/><F71/><W35/><G16/><T98/><D98/><U116/><E116/><V10/><F10/><W135/><G19/><T107/><D107/><U108/><E108/><V15/><F109/><W54/><G135/><T93/><D93/><N who="1" m="56759" /><E31/><V46/><F115/><W11/><G29/><T57/><D57/><U101/><E58/><V66/><F113/><W128/><G56/><T40/><D40/><U105/><E105/><V38/><F112/><RYUUKYOKU ba="1,1" sc="210,30,160,-10,315,-10,305,-10" hai0="0,2,22,25,30,36,41,75,77,81,89,94,96" /><INIT seed="4,2,1,2,2,96" ten="240,150,305,295" oya="0" hai0="60,5,3,132,84,22,122,49,114,10,26,17,68" hai1="115,130,45,41,12,99,11,52,40,39,30,28,13" hai2="0,106,70,92,123,16,79,100,83,20,33,2,82" hai3="85,119,91,4,126,18,57,80,127,31,61,118,76"/><T64/><D122/><U72/><E72/><V81/><F123/><W102/><G31/><T62/><D132/><U67/><E130/><V77/><F70/><W116/><G4/><T6/><D114/><U78/><E115/><V93/><F33/><W94/><G18/><T54/><D62/><U125/><E78/><V32/><F32/><W103/><G57/><T87/><REACH who="0" step="1"/><D6/><REACH who="0" ten="230,150,305,295" step="2"/><U112/><E112/><V47/><F77/><W42/><G61/><T21/><D21/><U101/><E125/><N who="3" m="47626" /><G42/><T43/><D43/><U23/><E40/><V9/><F79/><W105/><G105/><T36/><D36/><U19/><E39/><V46/><F20/><W55/><G55/><T51/><D51/><N who="1" m="28783" /><E41/><V1/><F106/><W104/><G104/><T90/><D90/><U65/><E65/><V37/><F37/><W35/><G35/><T109/><D109/><U108/><E108/><V120/><F120/><W14/><G14/><T117/><D117/><U110/><E110/><V53/><F53/><W124/><G124/><T71/><D71/><U134/><E67/><V48/><F48/><W129/><G129/><T97/><D97/><AGARI ba="2,2" hai="76,80,85,91,94,97,102,103,116,118,119" m="47626" machi="97" ten="40,8000,1" yaku="18,1,34,2,52,2" doraHai="96" who="3" fromWho="0" sc="230,-86,150,0,305,0,295,106" /><INIT seed="5,0,0,2,3,127" ten="144,150,305,401" oya="1" hai0="109,113,39,123,77,120,91,105,75,33,26,115,12" hai1="28,5,32,121,76,23,18,85,31,86,30,27,42" hai2="54,99,116,20,132,73,78,88,87,24,53,17,36" hai3="110,2,6,129,92,45,90,13,38,19,9,55,47"/><U83/><E121/><N who="0" m="46665" /><D109/><U1/><E42/><V104/><F116/><W111/><G47/><T61/><D39/><U84/><REACH who="1" step="1"/><E32/><REACH who="1" ten="144,140,305,401" step="2"/><V66/><F36/><W107/><G38/><T130/><D113/><U118/><E118/><V125/><F125/><W0/><G111/><T48/><D115/><U41/><E41/><V43/><F43/><W52/><G110/><T96/><D130/><U3/><E3/><V101/><F132/><W57/><G0/><T112/><D112/><U94/><E94/><V8/><F66/><W71/><G92/><T50/><D105/><U46/><E46/><V80/><F8/><AGARI ba="0,1" hai="1,5,8,18,23,27,28,30,31,76,83,84,85,86" machi="8" ten="40,2000,0" yaku="1,1,53,0" doraHai="127" doraHaiUra="102" who="1" fromWho="2" sc="144,0,140,30,305,-20,401,0" /><INIT seed="5,1,0,3,0,55" ten="144,170,285,401" oya="1" hai0="60,67,117,71,122,86,28,33,56,95,23,90,5" hai1="3,53,118,62,36,91,51,105,89,26,9,135,40" hai2="45,44,84,54,15,129,123,7,43,88,68,133,114" hai3="98,72,120,14,10,134,65,85,96,30,24,97,106"/><U81/><E118/><V48/><F123/><W2/><G72/><T66/><D117/><U116/><E116/><V31/><F133/><W128/><G2/><T41/><D122/><U63/><E105/><V77/><F129/><W92/><G120/><T130/><D130/><U110/><E135/><V27/><F68/><W38/><G38/><T74/><D74/><U100/><E100/><V21/><F114/><W102/><G128/><T115/><D115/><U80/><E26/><V32/><F77/><W11/><G11/><T42/><D5/><U47/><E110/><V25/><F7/><W13/><G13/><T87/><D33/><U101/><E101/><V126/><F126/><W83/><G65/><T104/><D104/><U70/><E9/><V82/><F15/><W22/><G106/><T39/><D39/><U49/><E3/><V73/><F73/><W79/><G134/><T1/><D1/><U121/><E121/><V58/><REACH who="2" step="1"/><F43/><REACH who="2" ten="144,170,275,401" step="2"/><W20/><G14/><T64/><D71/><U34/><E70/><V59/><F59/><W57/><G57/><T4/><D4/><U127/><E127/><V12/><F12/><W112/><G112/><T0/><D0/><U29/><E40/><V94/><F94/><W131/><G131/><T6/><D6/><U132/><E132/><V52/><F52/><W19/><G10/><T18/><D42/><U93/><E93/><V46/><F46/><W17/><G92/><N who="0" m="54359" /><D41/><U35/><E36/><V76/><F76/><W125/><G125/><T111/><D56/><U78/><E47/><V103/><F103/><W119/><G102/><RYUUKYOKU ba="1,1" sc="144,-10,170,-10,275,30,401,-10" hai2="21,25,27,31,32,44,45,48,54,58,82,84,88" /><INIT seed="6,2,1,3,4,107" ten="134,160,305,391" oya="2" hai0="135,79,41,52,80,24,36,130,39,68,14,56,60" hai1="55,111,5,122,132,69,3,131,28,26,61,93,128" hai2="17,112,119,117,11,124,15,51,4,1,49,34,48" hai3="20,70,53,90,88,92,10,126,105,62,94,102,9"/><V27/><F124/><W30/><G105/><T86/><D130/><N who="1" m="49707" /><E111/><V64/><F64/><W33/><G33/><T121/><D121/><U123/><E132/><V16/><F112/><W108/><G70/><T127/><D127/><U104/><E104/><V89/><F89/><W95/><G102/><T74/><D135/><U91/><E5/><V45/><F45/><W58/><G108/><T25/><D68/><U84/><E3/><V31/><REACH who="2" step="1"/><F17/><REACH who="2" ten="134,160,295,391" step="2"/><W110/><G126/><T37/><D41/><U73/><E122/><V59/><F59/><W0/><G110/><T50/><D60/><U113/><E113/><V83/><F83/><W77/><G90/><T72/><REACH who="0" step="1"/><D14/><REACH who="0" ten="124,160,295,391" step="2"/><U13/><E13/><V129/><F129/><W114/><G62/><T134/><D134/><U67/><E123/><V2/><F2/><W22/><G0/><T81/><D81/><U100/><E69/><V42/><F42/><W76/><G114/><T8/><D8/><AGARI ba="2,3" hai="1,4,8,11,15,16,27,31,34,48,49,51,117,119" machi="8" ten="40,3900,0" yaku="1,1,54,1,53,0" doraHai="107" doraHaiUra="75" who="2" fromWho="0" sc="124,-45,160,0,295,75,391,0" /><INIT seed="6,3,0,5,1,15" ten="79,160,370,391" oya="2" hai0="124,38,66,122,14,108,21,33,53,68,103,133,39" hai1="50,81,70,65,37,19,29,90,111,114,46,35,0" hai2="42,11,87,86,74,91,126,129,56,26,51,47,109" hai3="1,27,78,59,118,121,30,67,2,107,92,119,28"/><V32/><F74/><W40/><G107/><T110/><D122/><U71/><E111/><V25/><F109/><W41/><G78/><T135/><D33/><U105/><E0/><V79/><F129/><W48/><G92/><T9/><D103/><U76/><E105/><V101/><F101/><W8/><G48/><T73/><D73/><U89/><E37/><N who="0" m="13833" /><D21/><U43/><E114/><V6/><F126/><W62/><G59/><T49/><D14/><U100/><E100/><V18/><F56/><W3/><G67/><T44/><D9/><U102/><E102/><V115/><F115/><W22/><G62/><N who="0" m="40023" /><D124/><U34/><E65/><V99/><F32/><W82/><G2/><T112/><D112/><U36/><E36/><V60/><F60/><W77/><G1/><T134/><AGARI ba="3,0" hai="44,49,53,108,110,133,134,135" m="40023,13833" machi="134" ten="40,5200,0" yaku="20,1,34,2" doraHai="15" who="0" fromWho="0" sc="79,61,160,-16,370,-29,391,-16" /><INIT seed="7,0,0,0,2,49" ten="140,144,341,375" oya="3" hai0="127,36,41,51,18,57,130,133,92,82,42,100,30" hai1="12,110,94,75,87,105,113,70,14,37,109,76,0" hai2="27,88,66,97,93,107,67,108,26,7,54,123,118" hai3="106,15,89,24,121,6,39,32,102,1,112,56,101"/><W20/><G39/><T40/><D36/><U128/><E113/><V78/><F118/><W111/><G106/><T125/><D130/><U64/><E94/><V122/><F108/><W23/><G23/><T8/><D133/><U90/><E14/><V43/><F43/><W48/><G112/><T74/><D30/><U116/><E87/><V132/><F132/><W96/><G121/><N who="2" m="46089" /><F7/><W129/><G129/><T44/><D57/><U69/><E64/><N who="2" m="24619" /><F78/><W46/><G56/><T60/><D60/><U33/><E76/><V34/><F34/><W38/><G38/><T10/><D82/><U80/><E33/><V4/><F4/><W16/><G1/><T72/><D72/><U21/><E80/><V120/><N who="2" m="46097" /><V86/><DORA hai="79" /><F107/><W3/><G3/><T91/><D74/><U131/><E0/><V59/><F97/><W95/><G111/><T31/><D31/><U119/><E105/><V114/><F114/><W103/><G32/><T19/><D19/><U104/><E104/><V71/><F71/><W68/><G68/><T52/><D100/><U22/><E75/><V50/><AGARI ba="0,0" hai="26,27,50,54,59,86,88,93" m="24619,46097" machi="50" ten="40,5200,0" yaku="13,1,52,1,54,1" doraHai="49,79" who="2" fromWho="2" sc="140,-13,144,-13,341,52,375,-26" owari="127,-37.0,131,-27.0,393,49.0,349,15.0" /></mjloggm>