<mjloggm ver="2.3"><GO type="169" lobby="0"/><UN n0="%43%2E%43%2E%E3%82%B5%E3%83%90%E3%82%B7%E3%82%A2" n1="%E3%81%84%E3%81%9F%E3%83%92%E3%83%AD" n2="%E5%B0%B1%E6%B4%BB%E7%94%9F%40%E5%B7%9D%E6%9D%91%E8%BB%8D%E5%9B%A3" n3="%63%68%63%6D%61%62%6F" dan="16,17,17,16" rate="2056.01,2155.19,2137.96,2057.95" sx="F,M,M,M"/><TAIKYOKU oya="0"/><INIT seed="0,0,0,4,2,124" ten="250,250,250,250" oya="0" hai0="46,74,81,110,113,35,123,73,72,15,37,86,89" hai1="82,59,47,105,97,128,101,9,41,12,27,65,29" hai2="114,134,55,26,111,16,78,32,135,108,80,115,119" hai3="20,116,2,52,34,5,71,131,85,95,94,10,53"/><T21/><D35/><U11/><E11/><V69/><F69/><W25/><G34/><T1/><D1/><U104/><E104/><V60/><F60/><W98/><G71/><T129/><D113/><N who="2" m="43018" /><F55/><W77/><G116/><T28/><D123/><U126/><E126/><V61/><F61/><W130/><G94/><T76/><D110/><N who="2" m="42026" /><F80/><N who="3" m="47247" /><G20/><T79/><D129/><N who="3" m="49161" /><G25/><T23/><D23/><U133/><E133/><N who="2" m="50699" /><F78/><W33/><G33/><T22/><D22/><U48/><E128/><V96/><F96/><W122/><G122/><T92/><D76/><U67/><E97/><V14/><F119/><W93/><G93/><T132/><D132/><U38/><E105/><V83/><F83/><W106/><G106/><T30/><D30/><U31/><E31/><V40/><F32/><W121/><G121/><T112/><D81/><U58/><E82/><V43/><F26/><W54/><G54/><T44/><D92/><U13/><E27/><V56/><F56/><W91/><AGARI ba="0,0" hai="2,5,10,52,53,91,95,98" m="49161,47247" machi="91" ten="30,8000,1" yaku="19,1,52,3,54,1" doraHai="124" who="3" fromWho="3" sc="250,-40,250,-20,250,-20,250,80" /><INIT seed="1,0,0,5,4,89" ten="210,230,230,330" oya="1" hai0="40,106,51,88,95,32,134,15,117,99,110,67,26" hai1="75,25,34,100,17,29,59,2,18,108,70,56,41" hai2="104,121,120,54,24,60,11,91,81,90,39,21,27" hai3="64,10,28,80,16,52,58,35,94,109,83,72,112"/><U128/><E70/><V123/><F104/><W65/><G35/><T53/><D117/><U19/><E75/><V76/><F39/><W46/><G28/><T62/><D110/><U30/><E30/><V37/><F37/><W111/><G46/><T7/><D134/><U132/><E132/><V49/><F11/><W113/><G72/><T125/><D125/><U69/><E69/><V20/><F60/><W50/><G83/><T31/><D40/><U103/><E2/><V97/><F21/><W6/><G80/><T84/><D15/><U63/><E108/><N who="3" m="41546" /><G94/><T105/><D7/><U23/><E128/><V102/><F76/><W127/><G127/><T131/><D131/><U22/><E41/><V43/><F43/><W130/><G16/><T93/><D93/><U126/><E126/><V33/><F33/><W133/><G133/><T86/><D105/><U55/><E34/><V107/><F81/><W79/><G79/><T12/><D106/><U44/><E44/><V5/><F5/><W45/><G130/><T78/><D78/><U115/><E115/><V9/><F9/><W66/><G45/><T98/><D98/><U4/><E4/><V38/><F38/><W8/><G8/><T1/><D1/><AGARI ba="0,0" hai="1,6,10,50,52,58,64,65,66,112,113" m="41546" machi="1" ten="30,2000,0" yaku="14,1,54,1" doraHai="89" who="3" fromWho="0" sc="210,-20,230,0,230,0,330,20" /><INIT seed="2,0,0,1,2,92" ten="190,230,230,350" oya="2" hai0="129,18,118,121,104,131,85,57,5,109,106,132,94" hai1="120,26,8,83,122,58,61,89,44,25,103,32,99" hai2="88,51,22,46,29,128,12,33,64,24,101,130,105" hai3="10,90,107,65,55,37,124,75,113,34,60,96,117"/><V13/><F64/><W82/><G55/><T127/><D121/><U78/><E89/><V49/><F105/><W30/><G90/><N who="0" m="53583" /><D5/><U35/><E44/><V4/><F101/><W67/><G67/><T102/><D109/><U48/><E48/><V66/><F66/><W27/><G10/><T112/><D112/><U80/><E8/><N who="2" m="4103" /><F46/><W97/><G117/><T3/><D3/><U79/><E103/><V43/><F43/><W1/><G1/><T31/><D31/><U38/><E58/><V76/><F76/><W72/><G37/><T69/><D69/><U74/><E74/><V9/><F88/><W17/><G75/><T0/><D0/><U135/><E61/><V14/><F51/><W71/><G107/><T95/><D57/><U28/><E28/><V87/><F87/><W134/><G113/><T73/><D18/><U53/><E53/><V77/><F49/><W15/><G124/><T68/><D127/><U16/><E16/><N who="2" m="10511" /><F77/><W41/><G41/><T98/><D68/><U70/><E70/><V123/><F123/><W11/><G72/><T2/><D73/><U40/><E40/><V54/><F54/><W45/><G82/><T110/><D106/><U91/><E91/><V108/><F108/><W116/><G45/><T63/><D110/><U23/><E38/><V93/><F93/><W39/><G39/><T19/><D104/><U115/><E115/><V119/><F119/><W86/><G116/><T36/><D118/><U50/><E122/><V6/><AGARI ba="0,0" hai="6,9,14,24,29,33,128,130" m="10511,4103" machi="6" ten="30,6000,0" yaku="34,2,54,1" doraHai="92" who="2" fromWho="2" sc="190,-20,230,-20,230,60,350,-20" /><INIT seed="2,1,0,4,5,13" ten="170,210,290,330" oya="2" hai0="81,45,5,128,56,72,47,113,122,71,118,121,0" hai1="11,6,69,83,1,82,133,37,25,17,134,111,49" hai2="100,53,67,28,57,14,26,4,66,63,19,101,74" hai3="52,98,27,2,20,60,125,34,95,46,85,79,130"/><V78/><F4/><W73/><G2/><T132/><D71/><U15/><E37/><V108/><F108/><W106/><G34/><T70/><D113/><U65/><E111/><V99/><F78/><W31/><G106/><T42/><D70/><U88/><E25/><V117/><F74/><W127/><G73/><T87/><D128/><U115/><E115/><V112/><F112/><W16/><G31/><T8/><D132/><N who="1" m="50795" /><E49/><V7/><F7/><W10/><G10/><T103/><D118/><U22/><E65/><V104/><F101/><W59/><G46/><T29/><D45/><U43/><E43/><V51/><F117/><W124/><G130/><T93/><D56/><U114/><E69/><V54/><F54/><W80/><G127/><T109/><D29/><U123/><E114/><V91/><F91/><AGARI ba="1,0" hai="16,20,27,52,59,60,79,80,85,91,95,98,124,125" machi="91" ten="40,8000,1" yaku="25,2,52,1,54,2" doraHai="13" who="3" fromWho="2" sc="170,0,210,0,290,-83,330,83" /><INIT seed="3,0,0,5,3,104" ten="170,210,207,413" oya="3" hai0="111,40,92,74,32,8,59,119,103,126,85,124,43" hai1="15,61,96,37,88,35,77,134,120,99,44,82,27" hai2="36,84,130,66,68,41,106,58,135,70,33,28,62" hai3="115,71,47,80,79,76,5,123,60,22,83,105,89"/><W90/><G105/><T45/><D119/><U14/><E120/><V65/><F106/><W1/><G47/><T113/><D32/><U86/><E134/><V4/><F4/><W24/><G123/><T112/><D111/><U100/><E100/><V108/><F33/><W73/><G1/><T0/><D74/><U49/><E37/><V125/><F28/><W30/><G5/><N who="0" m="1063" /><D59/><U39/><E39/><V118/><F84/><W131/><G131/><T69/><D69/><U93/><E99/><V67/><F118/><W132/><G132/><T97/><D85/><U78/><E78/><V52/><F135/><W3/><G3/><T46/><D46/><U64/><E27/><V23/><F23/><W128/><G128/><T114/><D45/><U56/><REACH who="1" step="1"/><E35/><REACH who="1" ten="170,200,207,413" step="2"/><V18/><F36/><W20/><G24/><T29/><D29/><U109/><E109/><V75/><F108/><W17/><G30/><T31/><D31/><U63/><E63/><V13/><F62/><W127/><G60/><T117/><D117/><U50/><E50/><V38/><F38/><W98/><G98/><T16/><D124/><U95/><E95/><V72/><F125/><W7/><G127/><T94/><D126/><U12/><E12/><V87/><F130/><W57/><G79/><T102/><D102/><U55/><AGARI ba="0,1" hai="14,15,44,49,55,56,61,64,77,82,86,88,93,96" machi="55" ten="20,12000,2" yaku="1,1,0,1,7,1,8,1,54,1,53,2" doraHai="104" doraHaiUra="9" who="1" fromWho="1" sc="170,-30,200,130,207,-30,413,-60" /><INIT seed="4,0,0,4,3,117" ten="140,330,177,353" oya="0" hai0="100,99,42,118,29,124,5,23,2,12,85,43,51" hai1="14,130,71,15,52,7,62,86,83,114,97,69,36" hai2="105,135,54,80,129,22,4,88,13,45,73,20,101" hai3="34,39,58,102,128,95,26,3,56,126,109,8,41"/><T79/><D118/><U76/><E36/><V9/><F129/><W81/><G39/><T0/><D124/><U134/><E130/><V32/><F32/><W6/><G3/><T89/><D79/><U31/><E31/><V107/><F135/><W132/><G34/><T28/><D2/><U104/><E134/><V37/><F101/><W90/><G109/><T111/><D0/><U122/><E122/><V93/><F80/><W113/><G41/><T121/><D111/><U25/><E25/><V125/><F73/><W115/><G26/><T119/><D119/><U94/><E104/><V21/><F125/><W48/><G8/><T46/><D43/><U47/><E114/><V63/><F37/><W61/><G6/><T98/><D121/><U87/><E87/><V44/><F63/><W127/><G102/><T66/><D66/><U10/><E15/><V53/><F105/><W84/><G81/><T108/><D108/><U92/><E92/><V1/><F1/><W65/><G128/><T72/><D72/><U70/><E47/><N who="2" m="17995" /><F107/><W57/><G48/><T77/><D77/><U40/><E40/><V110/><F110/><W96/><G84/><AGARI ba="0,0" hai="4,9,13,20,21,22,53,54,84,88,93" m="17995" machi="84" ten="30,2000,0" yaku="8,1,54,1" doraHai="117" who="2" fromWho="3" sc="140,0,330,0,177,20,353,-20" /><INIT seed="5,0,0,1,3,119" ten="140,330,197,333" oya="1" hai0="129,16,21,116,13,97,9,111,61,105,109,37,24" hai1="104,54,82,72,102,64,125,27,120,107,19,45,1" hai2="44,101,127,76,14,60,73,17,12,53,135,75,118" hai3="41,131,78,34,113,74,52,57,83,124,39,122,90"/><U123/><E1/><V86/><F118/><W3/><G34/><T28/><D129/><U79/><E64/><V93/><F135/><W126/><G90/><T94/><D116/><U38/><E125/><V55/><F127/><N who="3" m="48683" /><G131/><T50/><D37/><U4/><E4/><V25/><F75/><W36/><G3/><T132/><D105/><U58/><E107/><V56/><F73/><W128/><G128/><T77/><D77/><U30/><E19/><V59/><F44/><N who="3" m="23591" /><G39/><T80/><D80/><U48/><E104/><V70/><F70/><W108/><G113/><T71/><D132/><U40/><REACH who="1" step="1"/><E102/><REACH who="1" ten="140,320,197,333" step="2"/><V130/><F17/><W91/><G108/><T115/><D109/><U89/><E89/><V18/><F18/><W26/><G91/><T69/><D111/><U15/><E15/><V96/><F25/><W110/><G26/><T92/><D13/><U23/><AGARI ba="0,1" hai="23,27,30,38,40,45,48,54,58,72,79,82,120,123" machi="23" ten="20,18000,2" yaku="1,1,0,1,7,1,52,2,53,1" doraHai="119" doraHaiUra="20" who="1" fromWho="1" sc="140,-60,320,190,197,-60,333,-60" /><INIT seed="5,1,0,4,2,53" ten="80,510,137,273" oya="1" hai0="60,118,1,36,56,100,78,87,123,43,58,67,126" hai1="102,47,28,3,85,30,121,5,68,76,50,135,128" hai2="7,111,62,97,29,38,31,6,103,77,108,35,69" hai3="26,105,96,120,11,107,33,74,15,73,44,70,4"/><U80/><E68/><V114/><F38/><W89/><G70/><T124/><D118/><U95/><E121/><V32/><F77/><W34/><G34/><T66/><D1/><U40/><E128/><V12/><F62/><W81/><G44/><T25/><D123/><U49/><E135/><V88/><F103/><W115/><G115/><T54/><D100/><U45/><E3/><V42/><F42/><W109/><G109/><T99/><D99/><U133/><E133/><V130/><F97/><W61/><G61/><N who="0" m="35991" /><D25/><U129/><E129/><V125/><F69/><W24/><G26/><T117/><D117/><U134/><E134/><V16/><F88/><W82/><G81/><N who="0" m="47543" /><D43/><N who="1" m="24767" /><E5/><N who="2" m="1547" /><F130/><W17/><G33/><N who="2" m="12873" /><F114/><W83/><G83/><T132/><D132/><U13/><E13/><V19/><F125/><N who="0" m="48234" /><D36/><U94/><E102/><V20/><F19/><W122/><G17/><T113/><D113/><U9/><E95/><V98/><F98/><W127/><G107/><T101/><D101/><U104/><E94/><V119/><F119/><W116/><G105/><T41/><D41/><U51/><E104/><V48/><F48/><W22/><G96/><T55/><AGARI ba="1,0" hai="55,58,60,66,67" m="48234,47543,35991" machi="55" ten="30,4000,0" yaku="18,1,52,2" doraHai="53" who="0" fromWho="0" sc="80,43,510,-21,137,-11,273,-11" /><INIT seed="6,0,0,5,2,20" ten="123,489,126,262" oya="2" hai0="29,45,115,21,41,70,107,49,1,102,96,55,33" hai1="34,58,37,59,60,46,39,23,97,30,89,116,111" hai2="99,73,7,57,86,4,40,44,83,36,12,71,134" hai3="100,79,11,98,74,25,65,9,132,43,6,108,22"/><V67/><F134/><W15/><G108/><T88/><D1/><U75/><E75/><V114/><F73/><W32/><G32/><T91/><D70/><U119/><E34/><V38/><F38/><W127/><G127/><T80/><D115/><U110/><E30/><V51/><F114/><W117/><G117/><T92/><D33/><U78/><E78/><V16/><F99/><W77/><G74/><T56/><D80/><U133/><E23/><V105/><F105/><W64/><G43/><T50/><D107/><U68/><E97/><V84/><F71/><W26/><G22/><T112/><D112/><U129/><E89/><V27/><F36/><W122/><G11/><T19/><D29/><U35/><E35/><V63/><F84/><W53/><G53/><T69/><D69/><U47/><E68/><V48/><F51/><W3/><G3/><T120/><D120/><U109/><E109/><V87/><F87/><W128/><G128/><T104/><D104/><U81/><E81/><V121/><F121/><W42/><G42/><T113/><D113/><U124/><E60/><V0/><F0/><W76/><G132/><T101/><D101/><U5/><E5/><V103/><F103/><W61/><G61/><T54/><D41/><U90/><E90/><N who="2" m="51551" /><F27/><AGARI ba="0,0" hai="19,21,27,45,49,50,54,55,56,88,91,92,96,102" machi="27" ten="30,7700,0" yaku="7,1,8,1,52,1,54,1" doraHai="20" who="0" fromWho="2" sc="123,77,489,0,126,-77,262,0" /><INIT seed="7,0,0,1,2,73" ten="200,489,49,262" oya="3" hai0="65,110,95,24,55,51,126,68,21,106,56,130,54" hai1="96,57,134,50,121,36,3,116,1,34,118,40,62" hai2="119,135,84,77,18,94,128,81,5,32,14,15,58" hai3="107,42,33,60,49,124,111,83,12,129,30,28,38"/><W82/><G107/><T74/><D106/><U43/><E34/><V79/><F119/><N who="1" m="45609" /><E36/><V61/><F32/><W67/><G38/><T13/><D74/><U125/><E125/><V31/><F135/><W59/><G33/><T92/><D13/><U133/><E96/><V90/><F128/><W11/><G111/><T112/><D92/><U29/><E29/><N who="3" m="11370" /><G129/><T117/><D55/><U120/><E1/><V113/><F113/><W105/><G105/><T41/><D68/><U108/><E3/><V78/><F31/><W6/><G124/><T102/><D102/><U27/><E27/><V132/><F132/><N who="1" m="50793" /><E108/><V2/><F2/><W80/><G49/><T63/><D51/><U93/><E93/><V71/><F71/><W88/><G42/><N who="1" m="15914" /><E50/><V66/><F5/><W122/><G122/><T103/><D110/><U70/><E70/><V91/><F18/><W86/><AGARI ba="0,0" hai="6,11,12,59,60,67,80,82,83,86,88" m="11370" machi="86" ten="30,3000,0" yaku="8,1,54,1" doraHai="73" who="3" fromWho="3" sc="200,-10,489,-10,49,-10,262,30" /><INIT seed="7,1,0,5,4,132" ten="190,479,39,292" oya="3" hai0="7,19,21,39,84,64,32,66,4,78,67,125,30" hai1="45,114,76,55,100,106,115,108,60,8,71,68,14" hai2="62,34,73,74,1,40,23,44,128,119,18,92,80" hai3="130,107,104,47,102,13,22,15,16,51,70,77,33"/><W20/><G33/><T5/><D39/><U105/><E76/><V81/><F34/><W42/><G70/><T111/><D111/><U91/><E108/><V56/><F119/><W36/><G130/><T127/><D30/><U41/><E91/><V110/><F110/><W72/><G102/><T87/><D32/><U29/><E29/><V109/><F109/><W88/><G77/><T63/><D63/><U9/><E9/><V129/><F1/><W103/><G72/><T28/><D28/><U31/><E31/><V98/><F73/><W54/><G103/><T37/><D37/><U86/><E86/><V126/><F126/><N who="0" m="48138" /><D78/><U0/><E0/><V133/><F74/><W83/><G104/><T58/><D58/><U122/><E122/><V118/><F118/><W46/><G107/><T43/><D43/><U61/><E61/><V82/><F133/><W134/><G134/><T57/><D57/><U53/><E53/><V123/><F123/><W85/><G13/><AGARI ba="1,0" hai="4,5,7,13,19,21,64,66,67,84,87" m="48138" machi="13" ten="40,8000,1" yaku="18,1,52,3" doraHai="132" who="0" fromWho="3" sc="190,83,479,0,39,0,292,-83" owari="273,7.0,479,58.0,39,-46.0,209,-19.0" /></mjloggm>