<mjloggm ver="2.3"><GO type="169" lobby="0"/><UN n0="%6D%61%74%69%6F%73%61%6E" n1="%E3%83%AA%E3%83%88%E3%83%AB%E3%82%A4%E3%83%B3%E3%83%91%E3%82%AF%E3%83%88" n2="%E3%81%98%E3%81%BE%E3%81%AE%E3%82%8A" n3="%E3%82%A6%E3%83%AB%E3%83%88%E3%83%A9%E7%AB%8B%E7%9B%B4" dan="18,16,16,17" rate="2232.37,2014.43,2120.02,2166.87" sx="M,M,M,M"/><TAIKYOKU oya="0"/><INIT seed="0,0,0,5,0,47" ten="250,250,250,250" oya="0" hai0="61,100,74,12,124,123,89,64,19,134,30,78,84" hai1="27,72,109,95,118,21,34,26,55,37,43,3,81" hai2="120,106,6,63,20,0,65,119,75,53,76,92,44" hai3="32,68,2,99,48,85,49,110,133,126,51,29,10"/><T113/><D123/><U82/><E3/><V79/><F106/><W94/><G68/><T9/><D113/><U128/><E37/><V97/><F119/><W107/><G107/><T90/><D134/><U101/><E43/><V105/><F105/><W98/><G32/><T54/><D100/><U86/><E34/><V104/><F104/><W57/><G2/><T4/><D124/><U67/><E67/><V60/><F75/><W77/><G126/><T103/><D103/><U132/><E128/><V58/><F20/><W121/><G133/><T127/><D127/><U1/><E109/><V5/><F120/><W17/><G29/><T62/><D30/><U130/><E1/><V16/><F16/><W18/><G121/><T56/><D74/><U36/><E72/><V111/><F111/><W15/><G110/><T80/><REACH who="0" step="1"/><D4/><REACH who="0" ten="240,250,250,250" step="2"/><U8/><E130/><V38/><F5/><W70/><G70/><AGARI ba="0,1" hai="9,12,19,54,56,61,62,64,70,78,80,84,89,90" machi="70" ten="30,12000,1" yaku="1,1,2,1,7,1,53,2" doraHai="47" doraHaiUra="87" who="0" fromWho="3" sc="240,130,250,0,250,0,250,-120" /><INIT seed="0,1,0,1,3,106" ten="370,250,250,130" oya="0" hai0="47,21,50,34,113,78,40,8,65,22,10,86,26" hai1="53,111,110,105,84,42,23,32,118,98,51,38,30" hai2="2,56,93,66,124,102,13,76,49,5,80,29,73" hai3="127,58,90,100,3,99,104,128,54,18,15,89,88"/><T57/><D113/><U72/><E32/><V39/><F124/><W75/><G3/><T126/><D34/><U103/><E84/><V52/><F2/><W97/><G127/><T1/><D126/><U71/><E42/><V129/><F129/><W115/><G115/><T85/><D1/><U123/><E38/><V35/><F39/><W7/><G128/><T125/><D125/><U69/><E118/><V134/><F66/><W48/><G7/><T17/><D22/><U92/><E105/><V37/><F37/><W108/><G108/><N who="1" m="41514" /><E123/><V14/><F5/><W4/><G4/><T116/><D116/><U59/><E72/><V68/><F68/><W28/><G28/><T87/><REACH who="0" step="1"/><D78/><REACH who="0" ten="360,250,250,130" step="2"/><U101/><E101/><V120/><F120/><W96/><REACH who="3" step="1"/><G75/><REACH who="3" ten="360,250,250,120" step="2"/><T20/><D20/><AGARI ba="1,2" hai="15,18,20,48,54,58,88,89,90,96,97,99,100,104" machi="20" ten="40,8000,1" yaku="1,1,2,1,54,1,53,1" doraHai="106" doraHaiUra="9" who="3" fromWho="0" sc="360,-83,250,0,250,0,120,103" /><INIT seed="1,0,0,1,2,33" ten="277,250,250,223" oya="1" hai0="82,45,92,6,9,67,75,62,41,69,129,99,25" hai1="51,54,42,81,95,60,72,130,23,112,124,84,89" hai2="93,61,103,0,20,21,105,34,116,88,78,50,65" hai3="22,8,115,26,91,44,113,5,128,73,134,122,35"/><U53/><E72/><V56/><F116/><W27/><G73/><T108/><D108/><U58/><E124/><V126/><F34/><W46/><G91/><T59/><D129/><U63/><E130/><V30/><F126/><W37/><G46/><T94/><D25/><U131/><E112/><N who="3" m="43082" /><G44/><T107/><D69/><U135/><E135/><V29/><F105/><W121/><G37/><T13/><D107/><U3/><E3/><V97/><F78/><W2/><G134/><T47/><D47/><U76/><E131/><V4/><F103/><W17/><G128/><T49/><D99/><U11/><E42/><V100/><F50/><W10/><G10/><T31/><D31/><AGARI ba="0,0" hai="2,5,8,17,22,26,27,31,35,121,122" m="43082" machi="31" ten="30,3900,0" yaku="34,2,52,1" doraHai="33" who="3" fromWho="0" sc="277,-39,250,0,250,0,223,39" /><INIT seed="2,0,0,5,4,23" ten="238,250,250,262" oya="2" hai0="10,85,39,47,45,82,64,15,53,27,135,58,73" hai1="120,114,96,67,81,19,49,131,42,99,1,57,113" hai2="74,91,11,61,119,33,13,0,46,75,48,68,35" hai3="36,31,98,88,130,60,134,55,93,30,129,103,12"/><V37/><F119/><W100/><G36/><T108/><D73/><U24/><E1/><V90/><F90/><W97/><G134/><T123/><D108/><U116/><E131/><N who="3" m="50186" /><G12/><T21/><D64/><U17/><E116/><V110/><F91/><W29/><G98/><T8/><D135/><U104/><E120/><V4/><F13/><W26/><G55/><T109/><D109/><U94/><E104/><V40/><F48/><W70/><G60/><T66/><D66/><U132/><E81/><V92/><F92/><W80/><G70/><T9/><D15/><U32/><E99/><V56/><F56/><W44/><G44/><T87/><D39/><U106/><E106/><V125/><F125/><W41/><G41/><T34/><D34/><N who="2" m="12810" /><F110/><W65/><G65/><AGARI ba="0,0" hai="0,4,11,37,40,46,61,65,68,74,75" m="12810" machi="65" ten="30,2900,0" yaku="33,2" doraHai="23" who="2" fromWho="3" sc="238,0,250,0,250,29,262,-29" /><INIT seed="2,1,0,0,4,95" ten="238,250,279,233" oya="2" hai0="46,55,34,51,36,54,2,120,63,5,114,89,13" hai1="69,12,127,135,42,94,98,71,86,118,126,122,15" hai2="102,128,96,48,65,3,73,125,19,50,0,14,97" hai3="57,112,17,61,130,99,75,25,39,37,28,41,52"/><V134/><F73/><W77/><G130/><T88/><D120/><U104/><E118/><V129/><F125/><N who="1" m="47625" /><E42/><V132/><F65/><W87/><G112/><T11/><D36/><U49/><E135/><N who="2" m="51755" /><F102/><W20/><G75/><T7/><D34/><U30/><E30/><V38/><F38/><W124/><G124/><T133/><D114/><U103/><E49/><N who="2" m="19051" /><F3/><W109/><G109/><T119/><D119/><U26/><E26/><V90/><F90/><N who="0" m="34922" /><D2/><U29/><E29/><V70/><F70/><N who="1" m="26633" /><E122/><V1/><F1/><W8/><G41/><T47/><D133/><U60/><E60/><V93/><F93/><W18/><G39/><T10/><D63/><U68/><E68/><V110/><F110/><W33/><G37/><T45/><D51/><U64/><E64/><V105/><F105/><W101/><G61/><T123/><D123/><U83/><E104/><V6/><F6/><N who="0" m="2058" /><D13/><U111/><E111/><V85/><F85/><W81/><G87/><T84/><D84/><U113/><E113/><V24/><F24/><W62/><G62/><T59/><D59/><U4/><E103/><V76/><F0/><W78/><G57/><T74/><D74/><U92/><E4/><V58/><F58/><W66/><G66/><T79/><D79/><U32/><E32/><V27/><F76/><W117/><G78/><T107/><D107/><U44/><E86/><V131/><F27/><N who="3" m="14743" /><G117/><T9/><AGARI ba="1,0" hai="9,10,11,45,46,47,54,55" m="2058,34922" machi="9" ten="40,8000,1" yaku="28,2,8,1,54,1" doraHai="95" who="0" fromWho="0" sc="238,83,250,-21,279,-41,233,-21" /><INIT seed="3,0,0,4,1,24" ten="321,229,238,212" oya="3" hai0="65,58,106,118,85,88,49,67,130,78,76,120,39" hai1="35,37,100,117,68,23,73,113,9,108,92,119,25" hai2="10,128,53,51,95,103,102,32,22,64,125,17,3" hai3="84,86,87,74,99,12,54,96,0,69,8,80,110"/><W57/><G69/><T116/><D106/><U29/><E37/><V48/><F125/><W30/><G0/><T90/><D39/><U16/><E73/><V66/><F128/><W124/><G124/><T52/><D120/><U135/><E68/><V14/><F32/><W50/><G110/><T109/><D109/><U34/><E92/><V43/><F3/><W31/><G80/><T129/><D90/><U132/><E100/><V98/><F10/><W44/><G74/><T18/><D18/><U82/><E82/><V77/><F103/><W101/><G44/><T19/><D19/><U4/><E113/><V13/><F13/><W47/><G47/><T41/><D41/><U36/><E36/><V2/><F2/><W104/><REACH who="3" step="1"/><G99/><REACH who="3" ten="321,229,238,202" step="2"/><T59/><D116/><N who="1" m="44619" /><E108/><V134/><F98/><W91/><G91/><T21/><D118/><U15/><E35/><V83/><F102/><W122/><G122/><T72/><D72/><U60/><E60/><V33/><F33/><W63/><G63/><T115/><D129/><U55/><E55/><V75/><F83/><W6/><AGARI ba="0,1" hai="6,8,12,30,31,50,54,57,84,86,87,96,101,104" machi="6" ten="30,11700,0" yaku="1,1,0,1,52,2,53,0" doraHai="24" doraHaiUra="111" who="3" fromWho="3" sc="321,-39,229,-39,238,-39,202,127" /><INIT seed="3,1,0,0,3,87" ten="282,190,199,329" oya="3" hai0="91,64,101,3,90,110,114,79,11,73,17,58,23" hai1="109,1,120,8,69,48,98,78,28,66,26,52,62" hai2="12,63,42,124,76,121,86,117,10,131,51,47,112" hai3="83,41,45,54,43,37,107,25,97,55,20,36,111"/><W68/><G68/><T2/><D110/><U16/><E109/><V74/><F112/><W9/><G111/><T126/><D101/><U39/><E78/><V108/><F117/><W132/><G132/><T100/><D100/><U75/><E39/><V29/><F108/><W14/><G107/><T46/><D114/><U135/><E75/><V32/><F131/><W5/><G97/><T127/><D46/><U24/><E135/><V71/><F74/><W49/><G83/><N who="0" m="45551" /><D58/><U133/><E120/><V119/><F119/><W67/><G67/><T70/><D64/><U80/><E80/><V30/><F32/><W96/><G96/><T88/><D70/><U22/><E98/><V38/><F38/><W125/><G125/><N who="0" m="47627" /><D11/><U35/><E133/><V57/><F71/><W93/><G37/><T53/><D53/><U99/><E99/><V56/><F124/><W13/><G36/><T92/><D92/><U84/><E84/><V6/><F57/><W18/><G93/><T128/><D128/><U113/><E113/><V81/><F121/><W129/><G129/><T94/><D94/><U77/><E77/><V21/><F21/><N who="3" m="11479" /><G54/><AGARI ba="1,0" hai="6,10,12,29,30,42,47,51,54,56,63,76,81,86" machi="54" ten="30,7700,0" yaku="7,1,25,2,8,1" doraHai="87" who="2" fromWho="3" sc="282,0,190,0,199,80,329,-80" /><INIT seed="4,0,0,2,3,42" ten="282,190,279,249" oya="0" hai0="29,99,32,108,18,12,126,56,96,55,111,36,61" hai1="69,19,6,116,112,67,74,48,33,47,46,30,11" hai2="60,130,52,50,103,85,72,97,119,105,101,15,37" hai3="40,14,43,110,44,49,39,122,21,114,106,41,91"/><T133/><D36/><U54/><E74/><V57/><F37/><W100/><G110/><N who="0" m="42027" /><D133/><U51/><E33/><V26/><F72/><W93/><G114/><T63/><D126/><U8/><E30/><V129/><F119/><W62/><G122/><T22/><D63/><U73/><E73/><V88/><F103/><W68/><G106/><T118/><D118/><U128/><E116/><V80/><F15/><W2/><G2/><T94/><D94/><U45/><E128/><V87/><F87/><W75/><G100/><T90/><D90/><U135/><E67/><V131/><F26/><AGARI ba="0,0" hai="12,18,22,26,29,32,55,56,61,96,99" m="42027" machi="26" ten="30,1500,0" yaku="10,1" doraHai="42" who="0" fromWho="2" sc="282,15,190,0,279,-15,249,0" /><INIT seed="4,1,0,2,3,81" ten="297,190,264,249" oya="0" hai0="16,117,115,0,95,88,42,32,90,33,113,79,3" hai1="114,20,107,96,40,17,66,87,65,67,118,55,28" hai2="130,44,122,19,30,93,106,11,2,78,77,27,60" hai3="94,128,125,50,26,75,80,103,100,99,84,51,21"/><T36/><D117/><U89/><E118/><V124/><F122/><W53/><G75/><T120/><D120/><U57/><E40/><V92/><F106/><W73/><G73/><T45/><D79/><U61/><E28/><V70/><F124/><W101/><G125/><T83/><D83/><U62/><E114/><N who="0" m="43529" /><D90/><U133/><E133/><V108/><F108/><W41/><G128/><T43/><D43/><U71/><E96/><V64/><F44/><W35/><G35/><N who="0" m="13387" /><D16/><U132/><E132/><V13/><F130/><W4/><G4/><T56/><D56/><U104/><E107/><V111/><F78/><N who="3" m="46103" /><G41/><T119/><D119/><U105/><E104/><V69/><F77/><W82/><G82/><T31/><D31/><U112/><E105/><V74/><F74/><W49/><G53/><T18/><D18/><AGARI ba="1,0" hai="18,21,26,49,50,51,94,99,100,101,103" m="46103" machi="18" ten="30,2000,0" yaku="8,1,52,1" doraHai="81" who="3" fromWho="0" sc="297,-23,190,0,264,0,249,23" /><INIT seed="5,0,0,1,5,49" ten="274,190,264,272" oya="1" hai0="85,25,27,42,33,100,31,53,96,44,9,55,0" hai1="108,18,57,64,94,65,95,124,14,112,92,48,1" hai2="110,34,67,118,133,75,121,30,125,109,83,46,127" hai3="119,10,107,129,123,43,19,45,8,35,78,89,41"/><U122/><E1/><V70/><F46/><W115/><G107/><T21/><D85/><U6/><E122/><V69/><F121/><W32/><G78/><T99/><D0/><U131/><E124/><V80/><F118/><W50/><G123/><T111/><D9/><U28/><E28/><V117/><F117/><W56/><G10/><T86/><D86/><U79/><E79/><V93/><F93/><W103/><G103/><T39/><D111/><U88/><E6/><V36/><F36/><W97/><G43/><T116/><D116/><U120/><E131/><V16/><F67/><N who="1" m="25673" /><E112/><V73/><F34/><W62/><G115/><T76/><D76/><U63/><E48/><V11/><F11/><W126/><G126/><T54/><REACH who="0" step="1"/><D100/><REACH who="0" ten="264,190,264,272" step="2"/><U87/><E108/><V23/><F125/><W90/><G8/><T29/><AGARI ba="0,1" hai="21,25,27,29,31,33,39,42,44,53,54,55,96,99" machi="29" ten="30,12000,2" yaku="1,1,2,1,0,1,52,3,53,1" doraHai="49" doraHaiUra="71" who="0" fromWho="0" sc="264,130,190,-60,264,-30,272,-30" /><INIT seed="6,0,0,0,2,15" ten="394,130,234,242" oya="2" hai0="0,120,108,51,54,88,107,83,23,96,85,50,7" hai1="106,123,99,74,9,116,55,81,92,58,135,77,134" hai2="103,86,8,111,98,89,75,45,53,100,27,60,76" hai3="25,115,41,18,22,91,104,24,72,29,61,1,47"/><V12/><F111/><W68/><G72/><T34/><D120/><U42/><E9/><V4/><F75/><W28/><G1/><T62/><D34/><U56/><E42/><V70/><F70/><W93/><G104/><T79/><D108/><U112/><E58/><V126/><F126/><W129/><G129/><T133/><D0/><U26/><E106/><V52/><F76/><W87/><G115/><T84/><D7/><U40/><E40/><V90/><F27/><W14/><G61/><T73/><D133/><U13/><E13/><V33/><F33/><W118/><G68/><T71/><D85/><U102/><E112/><V11/><F89/><W16/><G118/><T64/><D23/><U109/><E109/><V3/><F60/><W113/><G113/><T35/><D54/><U57/><E55/><V2/><F2/><W80/><G80/><T95/><D35/><U21/><E116/><V32/><F32/><W124/><G124/><T38/><D38/><U6/><E123/><V36/><F98/><W67/><G67/><T17/><D17/><U69/><E69/><V119/><F36/><W105/><G105/><T117/><D117/><U48/><E135/><V97/><F97/><W78/><G78/><T37/><D37/><U128/><E128/><V66/><F66/><W122/><G122/><T65/><D65/><U31/><E134/><V20/><F20/><N who="3" m="11287" /><G25/><T121/><D121/><U132/><E132/><V110/><F110/><W82/><G82/><T19/><D64/><U114/><E114/><V44/><F119/><W5/><G5/><T49/><D71/><RYUUKYOKU ba="0,0" sc="394,-10,130,-10,234,-10,242,30" hai3="18,22,24,28,29,41,47,87,91,93" /><INIT seed="7,1,0,4,4,15" ten="384,120,224,272" oya="3" hai0="134,65,125,130,108,33,27,13,112,46,4,6,25" hai1="110,36,115,49,63,39,9,95,111,96,41,17,29" hai2="52,89,98,50,44,105,97,74,8,0,86,60,123" hai3="128,121,23,71,30,38,64,59,101,57,85,10,58"/><W76/><G38/><T135/><D108/><U79/><E79/><V100/><F74/><W18/><G121/><T12/><D65/><U7/><E29/><V28/><F98/><W68/><G128/><T19/><D112/><U54/><E115/><V5/><F123/><W103/><G68/><T75/><D75/><U53/><E95/><V94/><F28/><W93/><G71/><T26/><D130/><U84/><E84/><V81/><REACH who="2" step="1"/><F60/><REACH who="2" ten="384,120,214,272" step="2"/><W88/><G30/><T70/><D134/><U20/><E96/><V51/><F51/><W126/><G126/><T99/><D135/><U69/><E111/><V90/><F90/><W42/><G76/><T66/><D125/><U2/><E110/><V124/><F124/><W129/><G129/><T133/><D133/><U118/><E118/><V104/><AGARI ba="1,1" hai="0,5,8,44,50,52,81,86,89,94,97,100,104,105" machi="104" ten="30,4000,0" yaku="1,1,0,1,54,1,53,0" doraHai="15" doraHaiUra="16" who="2" fromWho="2" sc="384,-11,120,-11,214,53,272,-21" owari="373,47.0,109,-39.0,267,7.0,251,-15.0" /></mjloggm>