<mjloggm ver="2.3"><GO type="169" lobby="0"/><UN n0="%E3%82%A6%E3%83%AB%E3%83%88%E3%83%A9%E7%AB%8B%E7%9B%B4" n1="%68%69%6E%61%6A%69%6E%6E" n2="%E3%83%A8%E3%82%B3%E3%83%A8%E3%82%B3" n3="%EF%BC%9D%E4%BC%8A%E8%97%A4%E3%81%8B%E3%81%AA%E6%81%B5%EF%BC%9D" dan="17,16,16,16" rate="2158.82,2112.30,2086.76,2117.40" sx="M,M,M,F"/><TAIKYOKU oya="0"/><INIT seed="0,0,0,5,0,59" ten="250,250,250,250" oya="0" hai0="48,13,112,75,82,121,66,104,61,19,77,117,116" hai1="127,20,118,105,62,111,107,7,4,109,131,3,0" hai2="83,58,14,63,52,78,72,53,68,50,60,24,10" hai3="70,12,102,93,132,26,34,120,25,57,87,76,114"/><T80/><D112/><U98/><E20/><V2/><F2/><W115/><G70/><T90/><D104/><U85/><E85/><V97/><F68/><W17/><G132/><T81/><D121/><U126/><E98/><V39/><F39/><W40/><G40/><T27/><D27/><U29/><E29/><V74/><F74/><W56/><G120/><T45/><D90/><U42/><E42/><V84/><F72/><W86/><G34/><T44/><D116/><U15/><E15/><V30/><F97/><W6/><G6/><T5/><D5/><U67/><E67/><V113/><F113/><W35/><G35/><T23/><D117/><U125/><E118/><V32/><F53/><W92/><G12/><T91/><D91/><U38/><E127/><V133/><F133/><W96/><G96/><T21/><D21/><U99/><E99/><V101/><F101/><W46/><G46/><T22/><D22/><U128/><REACH who="1" step="1"/><E62/><REACH who="1" ten="250,240,250,250" step="2"/><V106/><F106/><W123/><G115/><T110/><D45/><U54/><E54/><V69/><F69/><W37/><G114/><T100/><D100/><U119/><E119/><V1/><REACH who="2" step="1"/><F1/><REACH who="2" ten="250,240,240,250" step="2"/><W79/><G102/><T135/><D135/><U134/><E134/><V94/><F94/><W124/><G92/><T33/><D75/><U47/><E47/><V130/><F130/><W95/><G95/><T49/><D44/><U71/><E71/><V122/><F122/><W88/><G93/><T18/><D66/><U103/><E103/><V65/><F65/><W31/><G123/><T16/><D80/><U41/><E41/><RYUUKYOKU ba="0,2" sc="250,-15,240,15,240,15,250,-15" hai1="0,3,4,7,38,105,107,109,111,125,126,128,131" hai2="10,14,24,30,32,50,52,58,60,63,78,83,84" /><INIT seed="1,1,2,0,4,40" ten="235,255,255,235" oya="1" hai0="107,113,79,50,12,28,42,61,3,36,59,41,68" hai1="98,115,1,49,32,122,8,77,92,116,66,5,81" hai2="0,91,119,111,30,52,80,63,47,65,87,128,96" hai3="4,94,46,121,48,44,57,112,114,132,70,82,76"/><U72/><E122/><V26/><F119/><W7/><G121/><T105/><D3/><U99/><E116/><V86/><F0/><W85/><G70/><T90/><D113/><U69/><E115/><V83/><F111/><W75/><G132/><T89/><D79/><U134/><E134/><V135/><F135/><W127/><G127/><T34/><D28/><U67/><E32/><V117/><F117/><W64/><G114/><T21/><D34/><U109/><E109/><V37/><F128/><W73/><G112/><T60/><D68/><U58/><E99/><V29/><F96/><W20/><G73/><T74/><D12/><U126/><E126/><V120/><F120/><W102/><G20/><T88/><D21/><U38/><E38/><V14/><F14/><W84/><G75/><T27/><D27/><U93/><E93/><V106/><F106/><W23/><G23/><T35/><D74/><U25/><E25/><V2/><F2/><W54/><G64/><T62/><D35/><U78/><E78/><N who="2" m="46359" /><F26/><W129/><G129/><T101/><D101/><U118/><E118/><V124/><F124/><W131/><G131/><T9/><D36/><U39/><E39/><V108/><F108/><W45/><G102/><T31/><D107/><U71/><E71/><N who="2" m="42431" /><F37/><W13/><G13/><T6/><D105/><U55/><E69/><V130/><F130/><W97/><G97/><T53/><D31/><U43/><E43/><V17/><F17/><W110/><G110/><T33/><D33/><U18/><E18/><V100/><F100/><AGARI ba="1,2" hai="1,5,8,49,55,58,66,67,72,77,81,92,98,100" machi="100" ten="30,1500,0" yaku="7,1" doraHai="40" who="1" fromWho="2" sc="235,0,255,38,255,-18,235,0" /><INIT seed="1,2,0,0,4,110" ten="235,293,237,235" oya="1" hai0="87,58,16,113,4,95,81,132,83,30,86,72,104" hai1="18,12,97,17,31,124,116,76,27,71,57,117,60" hai2="115,61,68,50,8,133,66,62,56,84,77,78,125" hai3="108,122,7,32,89,20,130,131,0,123,54,94,98"/><U19/><E71/><V33/><F125/><W23/><G108/><T105/><D30/><U25/><E124/><V36/><F36/><W22/><G32/><T48/><D4/><U134/><E76/><V107/><F107/><W70/><G70/><T42/><D72/><U65/><E134/><V35/><F133/><W51/><G0/><T37/><D132/><U38/><E38/><V102/><F102/><W101/><G7/><T63/><D37/><U90/><E116/><V74/><F74/><W114/><G101/><T121/><D121/><U47/><E47/><V1/><F1/><W34/><G34/><T3/><D3/><U109/><E109/><V135/><F135/><W10/><G10/><T24/><D113/><U106/><E106/><V112/><F68/><W11/><G11/><T103/><D104/><U53/><E65/><V26/><F8/><W46/><REACH who="3" step="1"/><G114/><REACH who="3" ten="235,293,237,225" step="2"/><T39/><D103/><U120/><E120/><AGARI ba="2,1" hai="20,22,23,46,51,54,89,94,98,120,122,123,130,131" machi="120" ten="40,2600,0" yaku="1,1,2,1,53,0" doraHai="110" doraHaiUra="82" who="3" fromWho="1" sc="235,0,293,-32,237,0,225,42" /><INIT seed="2,0,0,5,1,23" ten="235,261,237,267" oya="2" hai0="125,88,78,37,28,119,117,96,73,13,77,124,110" hai1="15,69,38,59,100,43,115,130,51,40,89,81,111" hai2="93,132,87,16,2,41,76,60,66,118,56,62,84" hai3="126,75,80,30,17,52,58,55,99,131,128,27,26"/><V9/><F118/><N who="0" m="45066" /><D37/><U10/><E69/><V70/><F132/><W7/><G126/><N who="0" m="48747" /><D110/><U98/><E111/><V25/><F76/><N who="0" m="29290" /><D13/><U31/><E38/><V79/><F79/><N who="3" m="44159" /><G7/><T24/><D73/><U5/><E115/><V42/><F2/><W106/><G17/><T47/><D47/><U3/><E3/><V22/><F9/><W114/><G114/><T92/><D28/><U57/><E31/><V109/><F109/><W113/><G30/><T63/><D63/><U67/><E43/><V129/><F129/><N who="3" m="49739" /><G113/><T103/><D24/><N who="3" m="9257" /><G58/><T116/><N who="0" m="45074" /><T19/><DORA hai="121" /><D19/><U107/><E130/><V133/><F70/><W135/><G135/><T127/><N who="0" m="48755" /><T68/><DORA hai="6" /><D68/><U49/><E59/><N who="2" m="37151" /><F133/><W120/><G120/><T122/><D122/><U44/><E44/><V112/><F112/><W12/><G12/><T97/><D97/><U46/><E46/><V86/><F93/><W20/><G20/><T33/><D33/><U61/><E40/><V34/><F34/><W123/><G123/><T45/><D45/><U39/><E39/><V64/><AGARI ba="0,0" hai="16,22,25,41,42,56,62,64,84,86,87" m="37151" machi="64" ten="30,6000,0" yaku="8,1,52,1,54,1" doraHai="23,121,6" who="2" fromWho="2" sc="235,-20,261,-20,237,60,267,-20" /><INIT seed="2,1,0,1,2,25" ten="215,241,297,247" oya="2" hai0="54,91,47,104,88,31,93,60,89,32,83,5,56" hai1="71,48,110,22,124,65,73,114,2,99,58,103,107" hai2="101,115,0,111,50,109,112,98,24,102,72,120,113" hai3="74,87,18,45,134,61,92,44,28,13,16,79,39"/><V15/><F0/><W37/><G74/><T125/><D104/><U64/><E73/><V127/><F72/><W19/><G134/><T38/><D125/><U67/><E124/><V17/><F127/><W46/><G13/><T6/><D83/><U3/><E114/><V132/><F132/><W86/><G61/><T130/><D130/><U70/><E110/><N who="2" m="41995" /><F120/><W21/><G79/><T52/><D93/><U40/><E22/><N who="2" m="11583" /><F98/><W135/><G135/><T84/><D84/><U106/><E106/><V11/><F11/><W57/><G57/><T85/><D85/><U95/><E107/><V8/><F8/><W131/><G131/><T118/><D118/><U94/><E94/><V116/><F116/><W69/><G69/><T66/><D5/><U80/><E80/><V12/><F12/><W9/><G9/><T14/><D14/><U100/><E100/><N who="2" m="38507" /><F50/><W36/><G92/><T29/><D6/><U42/><E2/><V108/><N who="2" m="42003" /><V121/><DORA hai="133" /><F121/><W68/><G68/><T41/><REACH who="0" step="1"/><D32/><REACH who="0" ten="205,241,297,247" step="2"/><U105/><E105/><V43/><F24/><AGARI ba="1,1" hai="16,18,19,21,24,28,36,37,39,44,45,46,86,87" machi="24" ten="50,8000,1" yaku="29,2,52,1,54,1" doraHai="25,133" who="3" fromWho="2" sc="205,0,241,0,297,-83,247,93" /><INIT seed="3,0,0,0,3,72" ten="205,241,214,340" oya="3" hai0="114,10,105,71,96,70,20,43,13,118,106,33,98" hai1="4,99,12,104,39,6,82,42,117,9,38,69,130" hai2="23,56,28,129,16,26,91,40,27,29,32,107,109" hai3="0,101,25,37,116,55,132,66,90,59,108,120,134"/><W94/><G116/><T41/><D20/><U102/><E69/><V61/><F107/><W17/><G120/><T125/><D13/><U131/><E117/><V81/><F109/><W34/><G108/><T51/><D118/><U63/><E63/><V53/><F129/><N who="1" m="49161" /><E6/><V110/><F110/><W67/><G37/><T46/><D51/><U65/><E65/><V79/><F40/><W36/><G101/><T2/><D10/><U54/><E54/><V84/><REACH who="2" step="1"/><F29/><REACH who="2" ten="205,241,204,340" step="2"/><N who="3" m="19759" /><G134/><T62/><D106/><U24/><E42/><V58/><F58/><W77/><G59/><T31/><D105/><U126/><E126/><V121/><F121/><W22/><G132/><T127/><D43/><U133/><E133/><V50/><F50/><W44/><G36/><T48/><D48/><U30/><E82/><V19/><F19/><W111/><G17/><T47/><D41/><U18/><E18/><V7/><F7/><W93/><G111/><T115/><D31/><U8/><E9/><V60/><F60/><W119/><G119/><T113/><D62/><U88/><E38/><V76/><AGARI ba="0,1" hai="16,23,26,27,28,32,53,56,61,76,79,81,84,91" machi="76" ten="30,8000,1" yaku="1,1,0,1,52,2,54,1,53,0" doraHai="72" doraHaiUra="64" who="2" fromWho="2" sc="205,-20,241,-20,204,90,340,-40" /><INIT seed="4,0,0,5,0,95" ten="185,221,294,300" oya="0" hai0="43,89,118,34,37,68,106,17,126,83,9,90,92" hai1="82,69,87,120,1,20,62,11,45,38,74,41,94" hai2="48,0,103,99,56,8,52,101,40,36,29,125,71" hai3="65,85,84,119,26,86,78,124,102,105,121,135,55"/><T117/><D106/><U3/><E120/><V131/><F71/><W53/><G119/><T97/><D68/><U35/><E20/><V107/><F131/><W133/><G121/><T66/><D34/><U19/><E19/><V6/><F125/><W63/><G124/><T57/><D126/><U115/><E115/><V28/><REACH who="2" step="1"/><F103/><REACH who="2" ten="185,221,284,300" step="2"/><W100/><G100/><T123/><D123/><U113/><E113/><V130/><F130/><W116/><G102/><T13/><D118/><U75/><E69/><V31/><F31/><W33/><G116/><T109/><D117/><U110/><E110/><V4/><F4/><W12/><G133/><T59/><D109/><U47/><E35/><V49/><F49/><W104/><G135/><T132/><D132/><U112/><E112/><V73/><F73/><W25/><G33/><T127/><D127/><U22/><E62/><V54/><F54/><W24/><G55/><T122/><D122/><U30/><E38/><V44/><AGARI ba="0,1" hai="0,6,8,28,29,36,40,44,48,52,56,99,101,107" machi="44" ten="30,7900,0" yaku="1,1,0,1,52,1,54,1,53,0" doraHai="95" doraHaiUra="108" who="2" fromWho="2" sc="185,-39,221,-20,284,89,300,-20" /><INIT seed="5,0,0,5,4,95" ten="146,201,373,280" oya="1" hai0="4,86,30,91,8,98,87,45,38,49,135,125,107" hai1="7,89,106,16,79,33,26,78,110,112,85,9,36" hai2="11,108,118,29,56,57,58,68,13,69,109,15,40" hai3="17,20,116,105,32,113,99,46,55,27,3,81,31"/><U37/><E106/><V10/><F29/><W21/><G113/><T121/><D125/><U94/><E112/><V77/><F77/><W47/><G116/><T92/><D135/><U52/><E110/><N who="2" m="42603" /><F40/><W71/><G3/><T114/><D114/><U100/><E100/><V53/><F53/><W132/><G132/><T6/><D121/><U127/><E127/><V42/><F42/><W111/><G111/><T48/><D38/><U122/><E122/><V66/><F66/><W120/><G71/><N who="2" m="27209" /><F118/><W64/><G64/><T50/><D107/><U14/><E37/><V23/><F23/><W130/><G21/><T70/><D70/><U133/><E36/><V119/><F119/><W63/><G55/><T128/><D128/><U54/><E133/><V90/><F90/><W44/><G31/><T62/><D30/><U129/><E129/><V102/><F102/><W80/><G20/><T75/><D45/><U117/><E117/><V5/><F5/><W43/><G44/><T93/><D6/><U82/><E79/><V101/><F101/><W76/><G76/><T35/><D62/><U22/><REACH who="1" step="1"/><E33/><REACH who="1" ten="146,191,373,280" step="2"/><V25/><F25/><W83/><G27/><T2/><D35/><U39/><E39/><V41/><F41/><W134/><G43/><T74/><REACH who="0" step="1"/><D87/><AGARI ba="0,1" hai="7,9,14,16,22,26,52,54,78,82,85,87,89,94" machi="87" ten="30,12000,1" yaku="1,1,7,1,8,1,54,2,53,0" doraHai="95" doraHaiUra="59" who="1" fromWho="0" sc="146,-120,191,130,373,0,280,0" /><INIT seed="5,1,0,2,4,74" ten="26,321,373,280" oya="1" hai0="7,91,98,42,79,100,130,101,75,8,65,45,38" hai1="29,135,48,20,54,122,124,132,26,24,68,18,33" hai2="131,70,72,110,62,89,105,111,46,28,84,77,41" hai3="115,9,4,104,97,90,27,55,0,49,21,36,127"/><U58/><E68/><V103/><F131/><W11/><G115/><T57/><D130/><U108/><E122/><V30/><F77/><W121/><G121/><T76/><D91/><U23/><E108/><V134/><F72/><W52/><G36/><T10/><D10/><U2/><E2/><V60/><F134/><W69/><G127/><T32/><D32/><U6/><E6/><V39/><F103/><W87/><G69/><T123/><D123/><U19/><REACH who="1" step="1"/><E124/><REACH who="1" ten="26,311,373,280" step="2"/><V86/><F110/><W120/><G120/><T82/><D79/><U63/><E63/><V17/><F111/><W93/><G11/><T113/><D113/><U51/><E51/><V83/><F62/><W53/><G49/><T59/><D65/><U25/><AGARI ba="1,1" hai="18,19,20,23,24,25,26,29,33,48,54,58,132,135" machi="25" ten="30,12000,1" yaku="1,1,0,1,9,1,53,2" doraHai="74" doraHaiUra="128" who="1" fromWho="1" sc="26,-41,311,133,373,-41,280,-41" owari="-15,-52.0,444,55.0,332,13.0,239,-16.0" /></mjloggm>