<mjloggm ver="2.3"><GO type="169" lobby="0"/><UN n0="%79%75%2D%2D%2D%2D%2D%75" n1="%E3%81%A4%E3%81%8D%E3%81%AE%E3%81%AD%E3%81%93" n2="%E3%81%84%E3%81%AC%E3%81%98%E3%82%83%E3%82%89%EF%BC%94" n3="%E3%83%88%E3%83%88%E3%83%AA%E5%85%88%E7%94%9F%31%39%E6%AD%B3" dan="16,16,19,18" rate="2139.17,2078.31,2270.57,2247.43" sx="M,M,M,F"/><TAIKYOKU oya="0"/><INIT seed="0,0,0,1,5,127" ten="250,250,250,250" oya="0" hai0="14,119,63,102,23,117,48,28,37,36,10,105,76" hai1="0,68,21,99,80,43,124,12,49,15,109,6,55" hai2="46,72,40,24,34,84,62,16,121,39,126,1,32" hai3="120,108,3,135,59,54,2,115,60,61,27,106,30"/><T44/><D76/><U132/><E68/><V134/><F72/><W9/><G115/><T89/><D63/><U20/><E124/><V122/><F1/><W13/><G106/><T125/><D125/><U83/><E0/><V116/><F126/><W11/><G108/><T91/><D117/><U103/><E132/><V38/><F38/><W58/><G135/><T64/><D64/><U17/><E43/><V41/><F41/><W114/><G120/><T29/><D119/><U100/><E109/><V130/><F116/><W110/><G114/><T85/><D37/><U53/><E53/><V96/><F134/><W78/><G78/><T133/><D36/><U123/><E123/><V56/><F96/><W65/><G9/><T131/><D89/><U104/><E103/><V93/><F34/><W73/><G73/><T95/><D133/><U51/><E51/><V66/><F32/><W88/><G110/><T8/><D8/><U98/><E6/><V67/><F67/><W22/><REACH who="3" step="1"/><G88/><REACH who="3" ten="250,250,250,240" step="2"/><T4/><D105/><U69/><E99/><V52/><F122/><W71/><G71/><T81/><D102/><U94/><E69/><V45/><F121/><W75/><G75/><T87/><D23/><U31/><E104/><V86/><F86/><W35/><G35/><T107/><D107/><U82/><E21/><V111/><F84/><W25/><G25/><T33/><D33/><U113/><E113/><V129/><F24/><W47/><G47/><T92/><D92/><U18/><E100/><V42/><F93/><W26/><G26/><T77/><D95/><U90/><E94/><RYUUKYOKU ba="0,1" sc="250,-10,250,-10,250,-10,240,30" hai3="2,3,11,13,22,27,30,54,58,59,60,61,65" /><INIT seed="1,1,1,2,5,4" ten="240,240,240,270" oya="1" hai0="98,15,124,111,49,118,36,23,134,130,88,86,115" hai1="67,117,85,7,68,109,37,20,35,76,128,8,108" hai2="38,2,13,60,113,104,102,42,80,129,126,73,48" hai3="79,121,55,71,83,89,29,32,125,101,135,28,27"/><U69/><E37/><V57/><F2/><W133/><G121/><T72/><D36/><U123/><E35/><V21/><F38/><W10/><G125/><T61/><D72/><U18/><E123/><V81/><F73/><W39/><G71/><T52/><D124/><U64/><E128/><V41/><F126/><W47/><G29/><T122/><D130/><U75/><E75/><V54/><F129/><W74/><G101/><T9/><D122/><U132/><E69/><V31/><F113/><W14/><G89/><T100/><D118/><U24/><E132/><V26/><F104/><W12/><G12/><T120/><D111/><N who="1" m="42571" /><E68/><V5/><F102/><W116/><G116/><T34/><D34/><U51/><E51/><V97/><F97/><W45/><G55/><T1/><D115/><U112/><E117/><V114/><F114/><W110/><G110/><T66/><D134/><N who="3" m="51209" /><G39/><T16/><D120/><U11/><E7/><AGARI ba="1,1" hai="7,10,14,27,28,32,45,47,74,79,83" m="51209" machi="7" ten="30,2000,0" yaku="20,1,52,1" doraHai="4" who="3" fromWho="1" sc="240,0,240,-23,240,0,270,33" /><INIT seed="2,0,0,1,5,11" ten="240,217,240,303" oya="2" hai0="66,71,123,96,41,128,89,72,120,101,8,54,131" hai1="97,79,56,90,19,111,116,110,134,13,16,3,100" hai2="75,50,61,37,121,86,6,133,58,51,17,49,30" hai3="124,26,122,64,108,42,28,80,15,57,106,25,40"/><V34/><F75/><W55/><G122/><T59/><D72/><U73/><E134/><V65/><F121/><W81/><G106/><T115/><D115/><U82/><E3/><V93/><F37/><W92/><G64/><T33/><D33/><U10/><E116/><V36/><F36/><W132/><G108/><N who="1" m="41514" /><E90/><V102/><F133/><W78/><G124/><T35/><D35/><U109/><E56/><V24/><F6/><W46/><G92/><T31/><D31/><U112/><E112/><V18/><REACH who="2" step="1"/><F86/><REACH who="2" ten="240,217,230,303" step="2"/><W14/><G132/><T44/><D123/><U127/><E109/><V77/><F77/><W53/><G78/><T4/><D120/><U118/><E127/><V129/><F129/><W39/><G39/><T67/><D128/><U52/><E118/><V5/><F5/><W47/><G28/><T62/><D131/><U21/><E19/><V68/><F68/><W88/><G57/><T9/><D71/><U83/><E83/><V29/><F29/><W22/><G80/><T117/><D59/><U114/><E114/><V113/><F113/><W135/><G81/><T85/><D117/><U0/><E0/><V1/><F1/><W125/><G125/><T107/><D4/><U20/><E52/><V60/><F60/><W84/><G135/><T32/><D62/><U76/><E79/><V104/><F104/><AGARI ba="0,1" hai="10,13,16,20,21,73,76,82,97,100,104" m="41514" machi="104" ten="30,3900,0" yaku="14,1,52,1,54,1" doraHai="11" who="1" fromWho="2" sc="240,0,217,49,230,-39,303,0" /><INIT seed="3,0,0,0,5,84" ten="240,266,191,303" oya="3" hai0="80,114,54,88,90,37,103,69,94,66,89,101,112" hai1="50,96,61,38,99,85,132,76,77,10,26,105,47" hai2="45,115,128,9,116,55,102,110,64,41,121,15,44" hai3="5,59,27,119,81,118,17,104,32,97,12,1,129"/><W6/><G129/><T79/><D37/><U93/><E132/><V23/><F115/><N who="0" m="44074" /><D54/><U109/><E38/><V130/><F116/><W25/><G59/><T0/><D0/><U125/><E109/><V106/><F110/><W19/><G81/><T74/><D94/><U78/><E105/><V63/><F121/><W124/><G97/><T53/><D53/><U92/><E61/><AGARI ba="0,0" hai="61,66,69,74,79,80,88,89,90,101,103" m="44074" machi="61" ten="30,8000,1" yaku="11,1,52,3,54,1" doraHai="84" who="0" fromWho="1" sc="240,80,266,-80,191,0,303,0" /><INIT seed="4,0,0,4,0,106" ten="320,186,191,303" oya="0" hai0="44,103,112,135,91,88,14,66,90,124,109,87,9" hai1="75,95,120,65,122,83,64,105,133,47,129,93,31" hai2="114,117,115,1,102,2,41,21,131,70,50,45,26" hai3="101,125,99,68,81,108,92,8,12,96,43,42,34"/><T56/><D112/><N who="2" m="43050" /><F131/><W134/><G34/><T59/><D124/><U7/><E129/><V107/><F70/><W30/><G108/><T10/><D135/><U29/><E133/><V84/><F117/><W27/><G134/><T18/><D103/><U23/><E105/><V55/><F84/><W127/><G68/><T51/><D109/><U13/><E95/><V6/><F6/><W5/><G96/><T126/><D126/><N who="3" m="48137" /><G81/><T37/><D37/><U104/><E93/><V94/><F107/><W24/><G30/><T130/><D130/><U71/><E104/><V38/><F94/><W78/><G78/><T53/><D87/><U39/><E7/><V73/><F73/><W110/><G110/><T48/><D66/><U85/><E75/><V61/><F61/><W60/><G60/><T97/><D10/><U69/><E65/><V79/><F79/><W15/><G15/><T63/><D97/><U113/><E64/><V19/><F102/><W40/><AGARI ba="0,0" hai="5,8,12,24,27,40,42,43,92,99,101" m="48137" machi="40" ten="30,1100,0" yaku="18,1" doraHai="106" who="3" fromWho="3" sc="320,-5,186,-3,191,-3,303,11" /><INIT seed="5,0,0,3,5,134" ten="315,183,188,314" oya="1" hai0="32,93,27,39,49,109,54,87,18,135,10,60,92" hai1="30,121,88,113,15,40,120,43,80,47,34,25,124" hai2="8,20,95,104,59,0,33,26,125,68,16,21,73" hai3="98,62,130,56,37,55,35,103,64,13,110,116,70"/><U74/><E124/><V132/><F104/><W122/><G122/><T6/><D39/><U101/><E113/><V24/><F68/><W3/><G110/><T78/><D135/><U133/><E133/><V75/><F132/><W63/><G3/><T99/><D60/><U94/><E40/><V108/><F108/><W117/><G37/><T81/><D109/><U57/><E57/><V71/><F71/><W82/><G35/><T14/><D32/><U127/><E127/><V96/><F125/><W77/><G13/><T11/><D99/><U105/><E105/><V66/><F33/><W85/><G130/><T7/><D7/><U123/><E15/><V91/><F8/><W31/><G31/><T72/><D72/><U102/><E80/><V22/><F22/><W29/><G29/><T129/><D129/><U83/><E83/><V65/><F0/><W2/><G2/><T97/><D97/><U126/><E74/><V48/><F75/><W4/><G4/><T9/><D6/><U46/><E126/><V61/><F48/><W90/><G77/><T128/><D27/><U42/><E102/><V69/><F73/><W38/><G38/><T86/><D128/><U23/><E101/><V41/><F41/><N who="1" m="15369" /><E34/><V52/><F69/><W111/><REACH who="3" step="1"/><G111/><REACH who="3" ten="315,183,188,304" step="2"/><T107/><D14/><U51/><E123/><V115/><F115/><W5/><G5/><T17/><D78/><U58/><E121/><V50/><F50/><W84/><G84/><T118/><D49/><U36/><E36/><V1/><F1/><W89/><G89/><T119/><D86/><N who="1" m="52503" /><E120/><V112/><F112/><RYUUKYOKU ba="0,1" sc="315,-30,183,10,188,10,304,10" hai1="23,25,30,46,47,51,58" hai2="16,20,21,24,26,52,59,61,65,66,91,95,96" hai3="55,56,62,63,64,70,82,85,90,98,103,116,117" /><INIT seed="5,1,1,4,1,33" ten="285,193,198,314" oya="1" hai0="120,82,50,99,10,128,2,75,113,46,14,62,130" hai1="57,123,135,133,102,84,54,124,29,64,16,76,92" hai2="21,132,59,22,80,77,114,129,108,55,79,73,39" hai3="90,96,1,3,15,100,44,27,17,66,103,58,95"/><U67/><E29/><V78/><F108/><W112/><G112/><T26/><D113/><U0/><E0/><V18/><F114/><W118/><G118/><T47/><D120/><U20/><E124/><V37/><F129/><N who="0" m="49770" /><D99/><N who="1" m="59751" /><E123/><V51/><F132/><N who="1" m="50761" /><E84/><V87/><F22/><W9/><G44/><T83/><D46/><U30/><E30/><V19/><F19/><W104/><G103/><T11/><D75/><U34/><E76/><V117/><F117/><W63/><G27/><T38/><D26/><N who="1" m="14599" /><E34/><V98/><F98/><AGARI ba="1,1" hai="1,3,9,15,17,58,63,66,90,95,96,98,100,104" machi="98" ten="30,3900,0" yaku="7,1,52,2" doraHai="33" who="3" fromWho="2" sc="285,0,193,0,198,-42,314,52" /><INIT seed="6,0,0,2,3,104" ten="285,193,156,366" oya="2" hai0="53,132,93,134,67,6,63,96,75,5,11,57,23" hai1="120,90,109,102,69,20,100,32,52,45,129,40,61" hai2="37,0,114,118,2,79,92,105,8,7,18,99,76" hai3="103,3,133,86,80,112,135,91,66,41,13,101,74"/><V77/><F118/><W38/><G3/><T123/><D123/><U65/><E32/><V83/><F114/><W117/><G117/><T31/><D75/><U60/><E129/><V12/><F105/><W97/><G112/><T1/><D5/><U85/><E109/><V4/><F37/><W108/><G108/><T39/><D39/><U25/><E52/><V73/><F7/><W98/><G66/><T49/><D31/><U119/><E61/><V107/><F107/><N who="3" m="63919" /><G13/><T44/><REACH who="0" step="1"/><D23/><REACH who="0" ten="275,193,156,366" step="2"/><U121/><E121/><V128/><F128/><W54/><G74/><T113/><D113/><U87/><E120/><V62/><F62/><W16/><G38/><T110/><D110/><U47/><E119/><V106/><F106/><W59/><G16/><T15/><D15/><U64/><E20/><V84/><F0/><W94/><G135/><T35/><D35/><U24/><E24/><V88/><REACH who="2" step="1"/><F99/><REACH who="2" ten="275,193,146,366" step="2"/><N who="3" m="57823" /><G133/><T26/><D26/><U131/><E25/><V124/><F124/><W51/><G98/><T22/><D22/><AGARI ba="0,2" hai="2,4,8,12,18,22,73,76,77,79,83,84,88,92" machi="22" ten="30,11600,0" yaku="1,1,7,1,52,1,54,1,53,0" doraHai="104" doraHaiUra="56" who="2" fromWho="0" sc="275,-116,193,0,146,136,366,0" /><INIT seed="6,1,0,1,3,113" ten="159,193,282,366" oya="2" hai0="105,48,28,37,90,84,118,67,134,29,9,122,60" hai1="123,18,120,89,40,12,129,88,86,0,110,126,47" hai2="128,68,111,36,83,121,99,25,75,125,82,49,26" hai3="8,20,7,107,54,39,17,74,93,14,106,5,79"/><V24/><F121/><W63/><G39/><T102/><D37/><U61/><E0/><V57/><F36/><W73/><G7/><T30/><D122/><N who="1" m="46635" /><E110/><V66/><F125/><W98/><G54/><T4/><D134/><U1/><E1/><V32/><F32/><W119/><G119/><T72/><D72/><U112/><E112/><V95/><F75/><W135/><G135/><T127/><D127/><U96/><E61/><V132/><F128/><W53/><G53/><T31/><D118/><U55/><E40/><V78/><F78/><W38/><G38/><T44/><D102/><U10/><E129/><V100/><F111/><W124/><G124/><T69/><D105/><U6/><E96/><V76/><F76/><W11/><G11/><T85/><N who="0" m="7168" /><DORA hai="94" /><T33/><D33/><U52/><E126/><V19/><F19/><W50/><G50/><T91/><D85/><U117/><E117/><V77/><F77/><W3/><G63/><T101/><D101/><U23/><E47/><V34/><F34/><W22/><G73/><T51/><D44/><U70/><E89/><V21/><F68/><W45/><G45/><T108/><D108/><U15/><E70/><V46/><F46/><W92/><G79/><T35/><D35/><U130/><E130/><V59/><F100/><W27/><G74/><T58/><D69/><U104/><E104/><V87/><F132/><W131/><G107/><T114/><D114/><U64/><E64/><V133/><F66/><W115/><G115/><T80/><D91/><U2/><E2/><V56/><F133/><W81/><G131/><RYUUKYOKU ba="1,0" sc="159,15,193,15,282,-15,366,-15" hai0="4,9,48,51,58,60,67,80,84,90" hai1="6,10,12,15,18,23,52,55,86,88" /><INIT seed="7,2,0,1,1,109" ten="174,208,267,351" oya="3" hai0="50,124,37,0,89,40,8,96,57,66,130,121,75" hai1="59,132,129,7,65,14,98,92,10,111,67,38,61" hai2="88,73,27,53,123,68,104,51,125,126,46,80,81" hai3="101,93,131,36,39,117,11,77,48,17,78,102,42"/><W23/><G117/><T18/><D121/><U2/><E38/><V54/><F123/><W113/><G11/><T4/><D75/><U34/><E111/><V26/><F104/><W44/><G23/><T108/><D108/><U116/><E34/><V115/><F68/><W19/><G48/><T99/><D124/><U64/><E116/><V105/><F105/><W74/><G93/><T63/><D130/><U85/><E129/><V95/><F95/><W3/><G44/><T100/><D37/><U6/><E132/><V71/><F71/><W83/><G83/><T28/><D28/><U62/><E85/><V47/><F51/><W30/><G30/><T35/><D35/><U43/><E43/><V12/><F12/><W1/><G42/><T21/><D100/><N who="1" m="60487" /><E2/><V25/><F25/><W13/><G13/><T15/><REACH who="0" step="1"/><D89/><REACH who="0" ten="164,208,267,351" step="2"/><U49/><E6/><V122/><F122/><W84/><G131/><T20/><D20/><U114/><E114/><V9/><F73/><W16/><G74/><T55/><D55/><AGARI ba="2,1" hai="7,10,14,49,55,59,61,62,64,65,67" m="60487" machi="55" ten="30,1000,0" yaku="8,1" doraHai="109" who="1" fromWho="0" sc="164,-16,208,26,267,0,351,0" owari="148,-35.0,234,-17.0,267,7.0,351,45.0" /></mjloggm>