<mjloggm ver="2.3"><GO type="169" lobby="0"/><UN n0="%E3%82%A6%E3%83%AB%E3%83%88%E3%83%A9%E7%AB%8B%E7%9B%B4" n1="%E3%81%8F%E3%82%8D%E3%81%AF%E3%81%A1" n2="%E3%81%BE%E3%82%8B%E3%81%9F%E3%82%8D%E3%81%86" n3="%E4%BD%95%E3%81%A7%EF%BC%9F" dan="18,17,16,16" rate="2230.60,2237.13,2071.90,2117.45" sx="M,M,M,M"/><TAIKYOKU oya="0"/><INIT seed="0,0,0,4,1,133" ten="250,250,250,250" oya="0" hai0="17,72,57,117,130,59,22,8,35,6,134,14,41" hai1="40,39,88,58,42,121,75,111,97,21,100,104,77" hai2="49,78,44,60,114,126,76,34,5,63,28,101,119" hai3="135,27,36,38,86,113,51,80,109,83,1,9,106"/><T71/><D117/><U45/><E121/><V13/><F114/><W129/><G113/><T24/><D134/><U30/><E111/><V67/><F119/><W116/><G109/><T23/><D71/><U25/><E40/><V65/><F101/><W53/><G106/><T87/><D72/><U82/><E58/><V15/><F28/><W84/><G135/><T10/><D130/><U32/><REACH who="1" step="1"/><E88/><REACH who="1" ten="250,240,250,250" step="2"/><V85/><F76/><W102/><G129/><T2/><D41/><U62/><E62/><V48/><F78/><W52/><G116/><T96/><D96/><U26/><E26/><V91/><F91/><W4/><G27/><T66/><D59/><U107/><E107/><V61/><F61/><W118/><G118/><T98/><D98/><U47/><E47/><V79/><F79/><W108/><G108/><T70/><D57/><U0/><E0/><V128/><F44/><W122/><G122/><T131/><D131/><U120/><E120/><V18/><F128/><W11/><G1/><T110/><D110/><U43/><E43/><V92/><F63/><W29/><G51/><T105/><D105/><U3/><E3/><V68/><F60/><W127/><G102/><T16/><D70/><U64/><E64/><V123/><F68/><W69/><G69/><T55/><D66/><U93/><E93/><V103/><F103/><W90/><G90/><T94/><D55/><U95/><E95/><V74/><F123/><W20/><G53/><T12/><D94/><U125/><E125/><V33/><F67/><W112/><G52/><T19/><D87/><U99/><E99/><RYUUKYOKU ba="0,1" sc="250,15,240,15,250,-15,250,-15" hai0="2,6,8,10,12,14,16,17,19,22,23,24,35" hai1="21,25,30,32,39,42,45,75,77,82,97,100,104" /><INIT seed="0,1,1,5,5,56" ten="265,255,235,235" oya="0" hai0="5,53,20,3,69,51,49,102,17,4,18,82,87" hai1="115,66,19,32,123,28,70,50,11,45,29,99,10" hai2="26,52,78,109,126,104,97,105,114,133,98,73,30" hai3="41,95,34,54,47,57,7,14,2,90,67,27,63"/><T43/><D69/><U110/><E123/><V108/><F114/><W37/><G2/><T127/><D127/><U124/><E115/><V24/><F126/><W88/><G34/><T107/><D3/><U72/><E124/><V25/><F133/><W21/><G95/><T75/><D75/><U96/><E72/><V134/><F134/><W16/><G7/><N who="0" m="2635" /><D107/><U101/><E110/><N who="2" m="42603" /><F30/><N who="1" m="11881" /><E70/><V62/><F78/><W77/><G77/><N who="0" m="46543" /><D102/><U76/><E32/><V79/><F79/><W65/><REACH who="3" step="1"/><G27/><REACH who="3" ten="265,255,235,225" step="2"/><T13/><D13/><U80/><E76/><V121/><F121/><W36/><G36/><T58/><D20/><U9/><E80/><V100/><F104/><W61/><G61/><T92/><D92/><U106/><E106/><V112/><F105/><W31/><G31/><T6/><D6/><U42/><E19/><V64/><F62/><W15/><G15/><T129/><D129/><U12/><E12/><V131/><F131/><W55/><G55/><N who="0" m="32111" /><D43/><U132/><E132/><V44/><F25/><W116/><G116/><T71/><D71/><U117/><E117/><V8/><F24/><W118/><G118/><T0/><D0/><U48/><E42/><V89/><F26/><W130/><G130/><T119/><D119/><U125/><E125/><V59/><F52/><W111/><G111/><T33/><D33/><U113/><E113/><V46/><F112/><W38/><G38/><T39/><D39/><U94/><E94/><V22/><F64/><AGARI ba="1,2" hai="14,16,21,37,41,47,54,57,63,64,65,67,88,90" machi="64" ten="40,8000,1" yaku="1,1,52,1,54,2,53,0" doraHai="56" doraHaiUra="81" who="3" fromWho="2" sc="265,0,255,0,235,-83,225,103" /><INIT seed="1,0,0,1,3,104" ten="265,255,152,328" oya="1" hai0="117,19,108,110,84,122,37,30,111,98,11,119,36" hai1="65,27,87,76,92,42,52,58,126,57,99,34,112" hai2="90,45,128,43,86,32,105,103,127,95,5,55,1" hai3="113,81,38,26,134,48,66,91,54,82,130,16,3"/><U29/><E112/><V35/><F127/><W28/><G113/><T132/><D30/><U106/><E126/><V62/><F128/><W6/><G38/><T63/><D132/><U9/><E42/><V49/><F1/><W10/><G134/><T0/><D122/><U60/><E106/><V8/><F5/><W109/><G66/><T100/><D84/><U7/><E87/><V2/><F2/><W101/><G101/><T70/><D63/><U17/><E76/><V41/><F8/><W77/><G130/><T121/><D70/><U102/><E17/><V124/><F124/><W93/><G109/><T85/><D85/><U131/><E131/><V75/><F43/><W115/><G77/><T116/><D121/><U53/><REACH who="1" step="1"/><E58/><REACH who="1" ten="265,245,152,328" step="2"/><V129/><F129/><W40/><G40/><T69/><D19/><U31/><E31/><V21/><F41/><W50/><G115/><T12/><D69/><U96/><E96/><V89/><F105/><W133/><G16/><N who="0" m="8223" /><D37/><U13/><AGARI ba="0,1" hai="7,9,13,27,29,34,52,53,57,60,65,92,99,102" machi="13" ten="20,7800,0" yaku="1,1,0,1,7,1,54,1,53,0" doraHai="104" doraHaiUra="47" who="1" fromWho="1" sc="265,-26,245,88,152,-26,328,-26" /><INIT seed="1,1,0,3,0,98" ten="239,333,126,302" oya="1" hai0="133,128,22,120,77,116,55,90,6,110,36,54,57" hai1="100,46,97,47,84,75,24,26,103,18,105,72,70" hai2="113,127,56,96,5,101,61,48,79,8,19,89,129" hai3="37,17,10,115,11,69,29,107,40,45,16,44,39"/><U109/><E70/><V81/><F127/><W62/><G29/><T3/><D36/><U111/><E84/><V58/><F129/><W119/><G107/><T64/><D116/><U122/><E122/><V106/><F19/><W130/><G119/><T13/><D120/><U51/><E100/><V94/><F48/><W93/><G115/><T12/><D3/><U132/><E132/><V23/><F23/><W38/><G130/><T76/><D110/><N who="1" m="41995" /><E46/><V83/><F113/><W32/><G39/><T59/><D90/><U117/><E117/><V80/><F79/><W2/><G69/><T74/><D77/><U71/><E71/><V66/><F58/><W114/><G114/><T91/><D59/><U52/><E18/><V99/><REACH who="2" step="1"/><F81/><REACH who="2" ten="239,333,116,302" step="2"/><W43/><G32/><T42/><D57/><U121/><E121/><V33/><F33/><W31/><G31/><T4/><D76/><U118/><E118/><V123/><F123/><W131/><G131/><T78/><D78/><U63/><E63/><V21/><F21/><W65/><G62/><T134/><D22/><U124/><E124/><V34/><F34/><W102/><G38/><T85/><D128/><U125/><E125/><V49/><F49/><W30/><G37/><T1/><D134/><U60/><E60/><V50/><F50/><W135/><G17/><T88/><D133/><U67/><E67/><V53/><F53/><W7/><G65/><T25/><D55/><U28/><E28/><V35/><F35/><W112/><G30/><T15/><D64/><U82/><E82/><V20/><F20/><W9/><G135/><RYUUKYOKU ba="1,1" sc="239,-15,333,15,116,15,302,-15" hai1="24,26,47,51,52,72,75,97,103,105" hai2="5,8,56,61,66,80,83,89,94,96,99,101,106" /><INIT seed="1,2,1,4,4,125" ten="224,348,131,287" oya="1" hai0="95,47,43,39,33,110,37,19,103,79,41,82,6" hai1="11,36,99,126,49,98,42,23,104,27,102,121,20" hai2="44,106,88,119,5,122,91,15,109,76,45,50,31" hai3="53,13,116,1,70,108,128,48,87,75,90,111,123"/><U25/><E121/><V132/><F122/><W65/><G1/><T35/><D110/><N who="3" m="42025" /><G75/><T28/><D19/><U40/><E126/><V107/><F109/><W101/><G123/><T77/><D6/><U85/><E36/><V62/><F119/><W12/><G101/><T134/><D134/><U52/><E11/><V34/><F132/><W100/><G100/><T72/><D28/><N who="1" m="17447" /><E104/><V22/><F106/><W131/><G116/><T84/><D79/><U14/><E14/><N who="3" m="5738" /><G65/><T135/><D135/><U129/><E85/><V81/><F107/><W57/><G70/><T124/><D124/><U60/><E60/><V73/><F62/><W127/><G127/><T0/><D0/><U29/><E129/><V86/><F5/><W38/><G38/><T24/><D24/><U21/><E21/><V7/><F34/><W55/><G55/><T64/><D64/><U105/><E105/><V10/><F73/><W93/><AGARI ba="2,1" hai="48,53,57,87,90,93,128,131" m="5738,42025" machi="93" ten="30,4000,0" yaku="14,1,52,2" doraHai="125" who="3" fromWho="3" sc="224,-12,348,-22,131,-12,287,56" /><INIT seed="2,0,0,0,4,87" ten="212,326,119,343" oya="2" hai0="56,41,109,52,95,113,105,61,49,121,31,24,6" hai1="38,2,25,50,4,94,10,36,100,74,122,9,96" hai2="116,106,19,44,28,133,73,20,102,7,82,3,26" hai3="59,33,115,77,67,126,13,104,15,37,72,48,1"/><V89/><F116/><W32/><G37/><T69/><D105/><U92/><E74/><V85/><F133/><W128/><G104/><T81/><D121/><U127/><E122/><V76/><F44/><W68/><G68/><T64/><D113/><U63/><E127/><V123/><F123/><W39/><G39/><T12/><D109/><U79/><E79/><V34/><F102/><W86/><G1/><T16/><D81/><U30/><E9/><V111/><F106/><W23/><G115/><T47/><D95/><U45/><E63/><V119/><F119/><W54/><G23/><T21/><D6/><U80/><E80/><V99/><F99/><W135/><G72/><T46/><REACH who="0" step="1"/><D41/><REACH who="0" ten="202,326,119,343" step="2"/><U60/><E94/><V8/><F111/><W14/><G126/><T53/><D53/><U90/><E100/><V97/><F97/><W58/><G54/><T27/><D27/><U103/><E103/><V0/><F73/><W78/><G135/><T57/><D57/><U93/><E93/><V42/><F42/><W120/><G59/><T131/><D131/><U83/><E83/><V129/><F129/><W70/><G58/><T51/><D51/><U5/><E5/><V40/><F40/><W112/><G48/><T65/><D65/><U17/><E36/><V66/><F66/><W108/><G67/><T29/><D29/><U114/><E38/><V125/><F125/><W88/><G128/><T124/><D124/><U84/><E114/><V107/><F107/><W75/><G112/><T71/><D71/><U134/><E134/><V55/><F55/><W91/><G120/><RYUUKYOKU ba="0,1" sc="202,30,326,-10,119,-10,343,-10" hai0="12,16,21,24,31,46,47,49,52,56,61,64,69" /><INIT seed="3,1,1,4,1,133" ten="232,316,109,333" oya="3" hai0="30,71,24,100,84,76,122,115,39,129,10,60,132" hai1="0,53,59,17,68,121,95,66,70,4,91,116,80" hai2="23,1,51,14,78,102,109,55,111,117,85,74,63" hai3="46,123,33,131,104,32,103,134,94,87,35,125,105"/><W73/><G123/><T124/><D122/><U8/><E116/><V79/><F117/><W72/><G134/><T58/><D39/><U22/><E66/><V135/><F1/><W49/><G131/><T113/><D132/><U45/><E45/><V37/><F37/><W25/><G25/><T36/><D36/><U82/><E68/><V3/><F3/><W7/><G7/><T42/><D42/><U93/><E70/><V47/><F74/><W62/><G62/><T114/><D100/><U64/><E64/><V19/><F135/><W29/><G29/><T21/><D71/><U56/><E95/><V130/><F130/><W13/><G13/><T81/><D10/><U50/><E56/><N who="2" m="35231" /><F102/><W2/><G94/><T83/><D83/><U43/><E43/><N who="2" m="25087" /><F85/><W34/><G87/><T98/><D98/><U120/><E120/><V31/><F31/><W126/><G49/><T12/><D129/><U67/><E67/><V89/><F89/><W44/><N who="3" m="8192" /><DORA hai="5" /><W96/><G2/><T28/><D28/><U11/><E121/><V38/><F38/><W26/><G26/><T112/><D12/><N who="1" m="9511" /><E0/><V75/><F75/><N who="3" m="28747" /><G105/><T9/><D112/><U90/><E90/><V48/><F48/><W54/><G54/><N who="0" m="33879" /><D9/><N who="1" m="3659" /><E4/><V88/><F88/><W107/><G107/><T86/><D86/><AGARI ba="1,1" hai="50,53,59,80,82,86,91,93" m="3659,9511" machi="86" ten="30,8000,1" yaku="25,1,8,1,52,3" doraHai="133,5" who="1" fromWho="0" sc="232,-83,316,93,109,0,333,0" /><INIT seed="4,0,0,2,4,106" ten="149,409,109,333" oya="0" hai0="87,24,119,59,94,1,39,71,31,6,80,30,110" hai1="96,56,58,135,25,105,103,3,108,104,44,79,82" hai2="61,51,49,74,101,62,99,29,21,65,52,36,50" hai3="129,60,26,73,77,78,91,64,47,112,131,115,37"/><T55/><D71/><U133/><E108/><V85/><F36/><W23/><G91/><T2/><D39/><U46/><E3/><V16/><F29/><W11/><G11/><T75/><D119/><U123/><E123/><V43/><F43/><N who="3" m="23023" /><G23/><T48/><D110/><U109/><E104/><V134/><F134/><N who="1" m="51209" /><E109/><V125/><F125/><W5/><G5/><T54/><D54/><U132/><E132/><V100/><F100/><W41/><G26/><T35/><D6/><U68/><E68/><V72/><F85/><W81/><G78/><T128/><D128/><N who="3" m="49225" /><G41/><T8/><D8/><U42/><E25/><V97/><F97/><W83/><G83/><T53/><D31/><U27/><E27/><V14/><F99/><W95/><G95/><T69/><D69/><AGARI ba="0,0" hai="60,64,69,73,77,81,112,115" m="49225,23023" machi="69" ten="30,3900,0" yaku="19,1,23,1,52,1" doraHai="106" who="3" fromWho="0" sc="149,-39,409,0,109,0,333,39" /><INIT seed="5,0,0,2,3,49" ten="110,409,109,372" oya="1" hai0="67,21,47,110,97,71,106,14,15,48,120,73,23" hai1="99,124,105,123,118,26,54,103,35,8,125,36,81" hai2="127,95,38,91,116,92,112,102,117,29,82,133,85" hai3="101,40,57,44,42,33,50,96,126,76,65,69,63"/><U9/><E118/><V64/><F38/><W12/><G33/><T28/><D73/><U13/><E123/><V24/><F64/><W25/><G25/><T68/><D110/><U84/><E36/><V78/><F127/><N who="1" m="48713" /><E35/><V62/><F62/><W79/><G126/><T0/><D0/><U135/><E135/><V88/><F133/><W87/><G42/><T1/><D1/><U3/><E3/><V128/><F128/><W30/><G30/><T4/><D48/><U90/><E26/><V66/><F66/><W77/><G12/><T59/><D15/><U80/><E80/><V83/><F112/><W113/><G113/><T2/><D67/><U122/><E122/><V94/><F24/><W17/><G17/><T55/><D14/><U72/><E72/><N who="2" m="43335" /><F29/><W19/><G19/><T56/><D28/><U93/><E81/><N who="2" m="49199" /><F102/><W100/><G100/><T39/><D21/><U10/><E13/><V5/><F5/><W134/><G134/><T16/><D4/><U114/><E114/><V111/><F111/><W89/><G69/><T41/><D120/><U60/><E60/><V130/><F130/><W32/><G32/><T31/><D31/><U131/><E131/><V43/><F43/><W37/><G37/><T27/><D2/><U70/><E70/><N who="0" m="26665" /><D55/><AGARI ba="0,0" hai="8,9,10,54,55,84,90,93,99,103,105" m="48713" machi="55" ten="30,5800,0" yaku="18,1,52,2" doraHai="49" who="1" fromWho="0" sc="110,-58,409,58,109,0,372,0" /><INIT seed="5,1,0,1,0,25" ten="52,467,109,372" oya="1" hai0="75,18,63,96,57,134,92,23,102,67,71,15,1" hai1="101,69,73,111,42,125,12,56,38,131,115,31,2" hai2="47,76,133,85,87,6,9,19,118,51,35,60,72" hai3="114,26,99,55,28,91,10,62,48,37,7,82,58"/><U94/><E69/><V29/><F118/><W5/><G37/><T78/><D134/><U119/><E2/><V43/><F133/><W17/><G114/><T132/><D132/><U98/><E119/><V124/><F124/><W0/><G7/><T107/><D1/><U36/><E73/><V45/><F19/><W54/><G17/><T112/><D112/><U59/><E115/><V41/><F60/><W50/><G55/><T105/><D75/><U93/><E12/><V88/><F72/><W123/><G123/><T30/><D78/><U103/><E42/><V126/><F126/><W77/><G91/><T81/><D81/><U20/><E125/><V40/><F76/><W104/><G99/><T135/><D135/><U120/><E98/><V113/><F113/><W52/><G104/><T128/><D71/><U64/><E20/><V130/><F130/><W116/><G116/><T16/><D128/><U74/><E74/><V46/><F51/><W121/><G121/><T89/><D89/><U3/><E3/><V95/><F85/><W117/><G117/><T4/><D4/><U44/><E36/><V129/><F129/><W39/><G39/><T84/><D84/><U8/><E38/><V21/><F35/><W49/><G82/><T79/><D79/><U80/><E80/><V32/><F32/><W127/><G77/><T14/><REACH who="0" step="1"/><D30/><REACH who="0" ten="42,467,109,372" step="2"/><U24/><E31/><V65/><F6/><W53/><G127/><T109/><D109/><U83/><E111/><V122/><F29/><W86/><G86/><T33/><D33/><U70/><E131/><V27/><F87/><RYUUKYOKU ba="1,1" sc="42,15,467,-15,109,-15,372,15" hai0="14,15,16,18,23,57,63,67,92,96,102,105,107" hai3="0,5,10,26,28,48,49,50,52,53,54,58,62" /><INIT seed="6,2,1,5,3,13" ten="57,452,94,387" oya="2" hai0="135,74,80,119,45,15,73,7,31,89,116,70,118" hai1="65,66,18,128,100,67,14,21,121,95,41,34,75" hai2="10,115,61,48,94,23,60,5,27,88,33,17,22" hai3="46,105,83,134,3,79,112,96,130,106,87,78,50"/><V124/><F124/><W52/><G3/><T30/><D70/><U6/><E75/><N who="0" m="28681" /><D45/><U68/><E34/><V55/><F33/><W69/><G69/><T113/><D113/><U16/><E68/><V44/><F115/><W120/><G120/><T82/><D135/><U37/><E128/><V0/><REACH who="2" step="1"/><F23/><REACH who="2" ten="57,452,84,387" step="2"/><W125/><G125/><T36/><D36/><U84/><E37/><V126/><F126/><W28/><G134/><T127/><D127/><U109/><E121/><V122/><F122/><W103/><G112/><T111/><D111/><U38/><E109/><V91/><F91/><W40/><G130/><T129/><D129/><U63/><E38/><V54/><F54/><W64/><G79/><T25/><D89/><N who="1" m="53671" /><E41/><V90/><F90/><W132/><G132/><T39/><D39/><U29/><E100/><V107/><F107/><W53/><G105/><T43/><D43/><U133/><E133/><V1/><F1/><W32/><G64/><T49/><D49/><U98/><E63/><V99/><AGARI ba="2,2" hai="0,5,10,17,22,27,44,48,55,60,61,88,94,99" machi="99" ten="20,12000,1" yaku="1,1,0,1,7,1,52,1,54,1,53,0" doraHai="13" doraHaiUra="104" who="2" fromWho="2" sc="57,-42,452,-42,84,146,387,-42" /><INIT seed="6,3,0,4,3,5" ten="15,410,230,345" oya="2" hai0="51,63,92,69,80,125,19,105,14,38,114,44,10" hai1="70,13,60,89,66,119,117,40,103,126,94,93,72" hai2="129,123,78,17,45,106,30,24,97,11,104,116,121" hai3="23,64,112,35,62,65,55,130,128,61,48,68,87"/><V37/><F116/><W26/><G35/><T134/><D105/><U12/><E72/><V67/><F129/><N who="3" m="49771" /><G87/><T22/><D38/><U59/><E126/><V25/><F78/><W109/><G109/><T18/><D125/><U76/><E76/><V32/><F104/><W29/><G112/><T82/><D114/><U100/><E40/><V71/><F37/><W36/><G36/><T127/><D127/><U101/><E70/><V99/><F99/><W16/><G29/><T41/><D134/><U1/><E1/><V73/><F73/><W27/><G27/><T56/><D92/><U120/><E120/><V42/><F42/><W133/><G133/><T47/><D47/><U53/><E66/><N who="3" m="25706" /><G68/><T58/><D69/><U86/><E119/><V107/><F107/><W98/><G98/><T95/><D95/><N who="1" m="36363" /><E117/><V7/><F45/><AGARI ba="3,0" hai="16,23,26,45,48,55,61,62" m="25706,49771" machi="45" ten="30,2000,0" yaku="19,1,54,1" doraHai="5" who="3" fromWho="2" sc="15,0,410,0,230,-29,345,29" /><INIT seed="7,0,0,0,1,81" ten="15,410,201,374" oya="3" hai0="45,103,114,44,6,127,35,77,43,100,32,59,33" hai1="37,60,72,102,5,55,13,42,61,95,52,128,73" hai2="31,83,15,8,121,107,113,85,129,116,112,3,86" hai3="109,78,111,110,88,30,23,22,126,132,46,98,4"/><W99/><G126/><T63/><D127/><U50/><E37/><V27/><F3/><W131/><G132/><T80/><D43/><U82/><E128/><V87/><F107/><W20/><G131/><T75/><D6/><U133/><E133/><V94/><F129/><W7/><G78/><T76/><D80/><U64/><E72/><V53/><F116/><W74/><G74/><T92/><D75/><U101/><E73/><V29/><F83/><W12/><G30/><T19/><D19/><U117/><E117/><V24/><F94/><N who="3" m="56647" /><G99/><T0/><D92/><U56/><E82/><V49/><F121/><W93/><G93/><T62/><D59/><N who="1" m="36927" /><E42/><V68/><F68/><W17/><G46/><T26/><D26/><U96/><E101/><V115/><F29/><W21/><AGARI ba="0,0" hai="4,7,12,17,20,21,22,23,109,110,111" m="56647" machi="21" ten="40,3900,0" yaku="10,1,54,1" doraHai="81" who="3" fromWho="3" sc="15,-13,410,-13,201,-13,374,39" owari="2,-50.0,397,20.0,188,-21.0,413,51.0" /></mjloggm>