<mjloggm ver="2.3"><GO type="41" lobby="0"/><UN n0="%68%69%6B%61" n1="%64%61%69%6F" n2="%E5%B0%B1%E6%B4%BB%E7%94%9F%40%E5%B7%9D%E6%9D%91%E8%BB%8D%E5%9B%A3" n3="%6B%68%74" dan="14,15,18,13" rate="1924.61,2023.33,2215.82,1959.71" sx="M,M,M,M"/><TAIKYOKU oya="0"/><INIT seed="0,0,0,1,5,28" ten="250,250,250,250" oya="0" hai0="105,131,79,42,70,44,11,106,118,78,97,59,54" hai1="14,85,73,6,108,90,61,2,74,83,15,71,113" hai2="81,119,66,22,50,110,132,21,130,10,53,43,25" hai3="100,17,80,34,18,27,94,75,134,86,121,0,125"/><T69/><D118/><U102/><E2/><V122/><F122/><W8/><G0/><T39/><D131/><U30/><E113/><V87/><F130/><W127/><G75/><T38/><D106/><U12/><E6/><V40/><F110/><W72/><G72/><T67/><D105/><U116/><E116/><V62/><F10/><W46/><G46/><T16/><D97/><U95/><E30/><V41/><F132/><W57/><G57/><T96/><D96/><U93/><E95/><V3/><F3/><W29/><G8/><T23/><D11/><U92/><E93/><V5/><F5/><W31/><G31/><T84/><D84/><U133/><E108/><V104/><F104/><W123/><G134/><T98/><D98/><U63/><E74/><V112/><F112/><W129/><G129/><T49/><D39/><U13/><E71/><V52/><F25/><W36/><G36/><T58/><D58/><U60/><E102/><V19/><F19/><N who="3" m="7179" /><G94/><T126/><D126/><N who="3" m="48137" /><G100/><T32/><D32/><U88/><E133/><V124/><F124/><W107/><G107/><T114/><D114/><U47/><E47/><V9/><F9/><W45/><G45/><T26/><D70/><U33/><E33/><V1/><F1/><W65/><G86/><T7/><D7/><U48/><E73/><V103/><F103/><W56/><G80/><T135/><D135/><U24/><E24/><V77/><F119/><W117/><G117/><T64/><D64/><U37/><E37/><V55/><F50/><W99/><G99/><T111/><D111/><U4/><E4/><RYUUKYOKU ba="0,0" sc="250,10,250,-30,250,10,250,10" hai0="16,23,26,38,42,44,49,54,59,67,69,78,79" hai2="21,22,40,41,43,52,53,55,62,66,77,81,87" hai3="27,29,34,56,65,121,123" /><INIT seed="0,1,0,4,4,96" ten="260,220,260,260" oya="0" hai0="58,77,81,104,42,27,116,51,54,59,10,76,97" hai1="83,100,119,14,25,102,45,113,85,124,69,17,84" hai2="109,74,37,44,47,72,118,79,29,89,103,7,38" hai3="73,16,131,128,28,114,129,133,12,67,11,3,105"/><T15/><D116/><U60/><E119/><V127/><F118/><W135/><G73/><T55/><D27/><U130/><E25/><V57/><F7/><N who="3" m="1535" /><G67/><T110/><D110/><U111/><E111/><V75/><F79/><W78/><G78/><T62/><D42/><U43/><E84/><V1/><F1/><W71/><G71/><T121/><D81/><U26/><E26/><V123/><F123/><W98/><G98/><T64/><D64/><U35/><E35/><V33/><F109/><W95/><G95/><T49/><D62/><U9/><E60/><V19/><F19/><W122/><G105/><T70/><D70/><U61/><E61/><V87/><F57/><W52/><G52/><T50/><D121/><U68/><E69/><V99/><F127/><W112/><G122/><T30/><D30/><U0/><E124/><V24/><F38/><W36/><G36/><T125/><D49/><U40/><E0/><V31/><F31/><W88/><G88/><T115/><D115/><N who="3" m="44073" /><G28/><T82/><D82/><U126/><E68/><V117/><F117/><W91/><G91/><T66/><D66/><U48/><E126/><V41/><F47/><W56/><G56/><T134/><D134/><U92/><E113/><V94/><REACH who="2" step="1"/><F72/><REACH who="2" ten="260,220,250,260" step="2"/><W20/><AGARI ba="1,1" hai="12,16,20,128,129,131,133,135" m="44073,1535" machi="20" ten="40,8000,1" yaku="19,1,34,2,54,1" doraHai="96" who="3" fromWho="3" sc="260,-41,220,-21,250,-21,260,93" /><INIT seed="1,0,0,1,4,64" ten="219,199,229,353" oya="1" hai0="130,6,35,53,129,107,19,89,60,86,14,105,49" hai1="46,112,98,33,8,125,4,20,7,2,96,28,11" hai2="93,30,61,44,54,59,132,80,25,124,68,122,73" hai3="40,110,67,100,57,131,71,95,75,43,79,66,62"/><U81/><E112/><V39/><F122/><W113/><G79/><T65/><D35/><U16/><E125/><V135/><F124/><W23/><G75/><T52/><D6/><U63/><E28/><V45/><F93/><W50/><G113/><T121/><D121/><U22/><E20/><V9/><F9/><W26/><G110/><T10/><D53/><U106/><E33/><V21/><F39/><W3/><G3/><T117/><D117/><U115/><E115/><V87/><F73/><W83/><G83/><T108/><D108/><U111/><E111/><V133/><REACH who="2" step="1"/><F68/><REACH who="2" ten="219,199,219,353" step="2"/><W109/><G71/><N who="0" m="42407" /><D86/><U78/><E106/><V120/><F120/><W91/><G109/><T13/><D107/><U47/><E96/><V92/><F92/><W85/><G100/><T29/><D105/><U74/><E98/><V72/><F72/><W27/><G131/><N who="0" m="50187" /><D89/><AGARI ba="0,1" hai="21,25,30,44,45,54,59,61,80,87,89,132,133,135" machi="89" ten="40,2600,0" yaku="1,1,20,1,53,0" doraHai="64" doraHaiUra="123" who="2" fromWho="0" sc="219,-26,199,0,219,36,353,0" /><INIT seed="2,0,0,3,2,85" ten="193,199,255,353" oya="2" hai0="79,60,101,96,20,123,87,99,1,6,98,11,108" hai1="21,2,37,38,56,118,91,95,68,27,130,32,16" hai2="133,67,4,65,76,57,46,127,116,94,110,59,14" hai3="26,23,36,111,30,84,51,121,106,124,117,82,134"/><V114/><F116/><W10/><G117/><T64/><D123/><U55/><E68/><V52/><F114/><W7/><G121/><T13/><D108/><U45/><E2/><V9/><F127/><W34/><G124/><T40/><D40/><U126/><E126/><V107/><F107/><W58/><G36/><T83/><D20/><U66/><E66/><V25/><F133/><W69/><G69/><T97/><D1/><U63/><E118/><V113/><F113/><W120/><G120/><T92/><D64/><N who="2" m="24650" /><F76/><W31/><G106/><T18/><D60/><U112/><E112/><V17/><F110/><W72/><G72/><T19/><AGARI ba="0,0" hai="6,11,13,18,19,79,83,87,92,96,97,98,99,101" machi="19" ten="30,2000,0" yaku="0,1,8,1" doraHai="85" who="0" fromWho="0" sc="193,20,199,-5,255,-10,353,-5" /><INIT seed="3,0,0,4,1,114" ten="213,194,245,348" oya="3" hai0="120,30,42,54,28,64,112,99,22,53,83,122,5" hai1="16,131,40,103,45,14,72,36,60,8,62,85,82" hai2="96,119,94,61,84,90,76,102,89,19,10,124,109" hai3="73,6,4,49,32,33,95,29,1,74,81,34,25"/><W67/><G67/><T123/><D112/><U87/><E131/><V79/><F61/><W48/><G95/><T20/><D5/><N who="3" m="2153" /><G81/><T21/><D99/><U11/><E11/><V47/><F119/><W69/><G25/><T100/><D100/><U135/><E135/><V23/><F109/><W63/><G63/><T15/><D83/><U75/><E103/><V17/><F124/><W118/><G29/><T104/><D104/><U66/><E62/><V108/><F108/><W31/><G31/><N who="0" m="11819" /><D15/><U111/><E111/><V65/><F65/><W93/><G93/><T113/><D64/><U43/><E40/><V35/><F35/><W97/><G97/><T59/><D113/><U0/><E0/><V70/><F70/><W51/><G69/><T2/><D42/><U68/><REACH who="1" step="1"/><E87/><REACH who="1" ten="213,184,245,348" step="2"/><V117/><F102/><W13/><G1/><T58/><D2/><U130/><E130/><V56/><F84/><W116/><G13/><T80/><D80/><U105/><E105/><V39/><F10/><W121/><G121/><T132/><D132/><U77/><AGARI ba="0,1" hai="8,14,16,36,43,45,60,66,68,72,75,77,82,85" machi="77" ten="20,5200,0" yaku="1,1,0,1,7,1,54,1,53,0" doraHai="114" doraHaiUra="24" who="1" fromWho="1" sc="213,-13,184,62,245,-13,348,-26" /><INIT seed="4,0,0,4,4,130" ten="200,246,232,322" oya="0" hai0="50,18,28,103,99,96,49,121,133,128,24,122,109" hai1="80,134,111,100,65,31,47,124,62,116,104,73,35" hai2="91,63,112,83,58,2,25,76,102,55,78,27,67" hai3="79,106,125,85,15,127,81,131,126,33,19,1,30"/><T94/><D109/><U92/><E92/><V97/><F2/><W46/><G106/><T132/><D128/><U66/><E66/><V64/><F112/><W77/><G1/><T6/><D18/><U54/><E54/><V57/><F91/><W39/><G131/><T84/><D6/><U69/><E47/><V38/><F38/><W59/><G59/><T36/><D36/><U56/><E56/><V53/><F83/><W42/><G30/><T105/><D84/><U10/><E10/><V20/><F97/><W7/><G7/><T14/><D14/><U12/><E12/><V48/><F102/><W71/><G71/><T70/><D70/><U8/><E8/><V95/><F95/><W16/><G33/><T9/><D9/><U115/><E116/><V113/><F113/><W4/><G79/><N who="2" m="30249" /><F25/><W22/><G4/><T60/><D60/><U120/><E80/><V21/><F20/><W45/><G45/><T43/><D43/><U29/><E35/><V23/><F23/><W93/><G93/><T72/><D72/><U114/><E73/><V117/><F117/><W89/><G19/><AGARI ba="0,0" hai="19,21,27,48,53,55,57,58,63,64,67" m="30249" machi="19" ten="30,1000,0" yaku="8,1" doraHai="130" who="2" fromWho="3" sc="200,0,246,0,232,10,322,-10" /><INIT seed="5,0,0,4,5,94" ten="200,246,242,312" oya="1" hai0="53,124,119,22,70,4,57,3,83,5,17,110,41" hai1="27,72,129,134,115,130,102,52,101,91,93,15,84" hai2="68,40,123,117,131,10,98,81,128,60,103,62,55" hai3="54,58,73,96,59,32,79,116,63,109,21,61,76"/><U89/><E72/><V56/><F123/><W38/><G32/><T13/><D70/><U64/><E64/><V111/><F111/><W106/><G38/><T2/><D110/><U47/><E134/><V25/><F117/><W77/><G109/><T87/><D119/><U135/><E135/><V118/><F118/><W34/><G34/><T86/><D124/><U97/><E27/><V112/><F40/><W67/><G116/><T36/><D41/><U100/><E15/><V74/><F10/><W35/><G35/><T50/><D36/><U44/><E115/><V92/><F25/><W23/><G106/><T104/><D104/><U19/><E19/><V29/><F29/><W133/><G133/><T14/><D2/><U99/><E44/><V26/><F26/><W82/><G96/><T75/><D3/><U71/><E71/><V113/><F81/><W49/><G49/><T11/><D75/><U12/><E12/><V18/><F18/><W95/><G95/><T37/><D37/><U80/><E99/><V125/><F74/><W48/><G48/><T42/><D42/><U31/><E31/><V8/><F8/><W33/><G33/><T7/><REACH who="0" step="1"/><D87/><REACH who="0" ten="190,246,242,312" step="2"/><U121/><E121/><V69/><F125/><W108/><G108/><T28/><D28/><U45/><E47/><V51/><F68/><W46/><G46/><T107/><D107/><U66/><E45/><V20/><F69/><W9/><G73/><T0/><D0/><U16/><E84/><V65/><F112/><W114/><G114/><T24/><D24/><U1/><E1/><V88/><F113/><RYUUKYOKU ba="0,1" sc="190,30,246,-10,242,-10,312,-10" hai0="4,5,7,11,13,14,17,22,50,53,57,83,86" /><INIT seed="6,1,1,1,0,33" ten="220,236,232,302" oya="2" hai0="122,0,97,50,129,116,115,17,47,11,69,85,7" hai1="14,20,119,21,81,40,37,86,38,36,105,22,118" hai2="127,54,71,84,107,93,44,19,5,55,96,59,104" hai3="112,9,18,32,124,16,106,23,58,66,75,72,8"/><V99/><F71/><W15/><G32/><T3/><D69/><U46/><E105/><V63/><F127/><W94/><G106/><T30/><D122/><U89/><REACH who="1" step="1"/><E14/><REACH who="1" ten="220,226,232,302" step="2"/><V90/><F107/><W87/><G124/><T101/><D116/><AGARI ba="1,2" hai="20,21,22,36,37,38,40,46,81,86,89,116,118,119" machi="116" ten="40,2600,0" yaku="1,1,2,1,53,0" doraHai="33" doraHaiUra="65" who="1" fromWho="0" sc="220,-29,226,49,232,0,302,0" /><INIT seed="7,0,0,2,0,29" ten="191,275,232,302" oya="3" hai0="131,126,85,58,107,86,89,117,82,41,49,95,100" hai1="47,122,66,28,71,30,103,9,59,119,53,57,14" hai2="20,26,72,76,83,1,52,118,96,87,42,60,128" hai3="121,99,114,35,55,70,101,23,124,39,54,11,64"/><W133/><G121/><T77/><D41/><U6/><E71/><V108/><F108/><W56/><G39/><T81/><D49/><U102/><E47/><V51/><F118/><W92/><G70/><T7/><D58/><U104/><E104/><V113/><F113/><W84/><G35/><T25/><D25/><U3/><E3/><V31/><F128/><W91/><G133/><T125/><D7/><U65/><E119/><V50/><F1/><W106/><G124/><T37/><D37/><U61/><E122/><V15/><F72/><W109/><G109/><T48/><D48/><U44/><E44/><V4/><F96/><W62/><G114/><T80/><D117/><U78/><E78/><V74/><F74/><W132/><G132/><T46/><D46/><U36/><E36/><V97/><F97/><W40/><G40/><T73/><D131/><U130/><E130/><V5/><F15/><W90/><G11/><T79/><REACH who="0" step="1"/><D82/><REACH who="0" ten="181,275,232,302" step="2"/><U19/><E6/><N who="2" m="2667" /><F42/><W32/><G32/><T2/><D2/><U16/><E59/><AGARI ba="0,1" hai="20,26,31,50,51,52,59,60,76,83,87" m="2667" machi="59" ten="30,2000,0" yaku="8,1,54,1" doraHai="29" who="2" fromWho="1" sc="181,0,275,-20,232,30,302,0" owari="181,-32.0,255,-14.0,262,6.0,302,40.0" /></mjloggm>