<mjloggm ver="2.3"><GO type="225" lobby="0"/><UN n0="%E5%A4%A2%E5%96%B0%E3%81%84" n1="%E3%81%82%E3%81%A5%E3%81%BE%E5%A4%9C" n2="%63%6F%61" n3="%E5%B0%B1%E6%B4%BB%E7%94%9F%40%E5%B7%9D%E6%9D%91%E8%BB%8D%E5%9B%A3" dan="16,16,17,16" rate="2107.67,2056.27,2220.96,2106.11" sx="M,F,M,M"/><TAIKYOKU oya="0"/><INIT seed="0,0,0,0,1,42" ten="250,250,250,250" oya="0" hai0="29,66,74,2,25,75,126,9,60,55,13,88,108" hai1="37,63,135,133,61,62,5,22,101,67,56,3,96" hai2="27,111,36,8,30,64,7,89,38,121,49,47,1" hai3="35,33,48,59,51,85,125,54,105,103,26,32,84"/><T128/><D2/><U40/><E3/><V131/><F121/><W102/><G125/><T46/><D126/><U43/><E5/><V109/><F131/><W120/><G120/><T53/><D128/><U114/><E22/><V87/><F64/><W81/><G105/><T99/><D108/><N who="2" m="41546" /><F87/><W124/><G124/><T118/><D118/><U6/><E6/><V44/><F89/><W41/><G26/><T107/><D74/><U127/><E127/><V122/><F49/><W90/><REACH who="3" step="1"/><G84/><REACH who="3" ten="250,250,250,240" step="2"/><T4/><D75/><U83/><E114/><V93/><F122/><W115/><G115/><T119/><D119/><U71/><E133/><V58/><F93/><W21/><G21/><T12/><D107/><U129/><E135/><V86/><F86/><W112/><G112/><T117/><D117/><U19/><E129/><V97/><F97/><W79/><G79/><T24/><D99/><U77/><E77/><V92/><F92/><W18/><G18/><T98/><D98/><U52/><E19/><V31/><F31/><W116/><G116/><T113/><D29/><U134/><E134/><V132/><F132/><W82/><G82/><T11/><D113/><U91/><E83/><V106/><F106/><W45/><AGARI ba="0,1" hai="32,33,35,41,45,48,51,54,59,81,85,90,102,103" machi="45" ten="40,5200,0" yaku="1,1,0,1,52,1,53,0" doraHai="42" doraHaiUra="10" who="3" fromWho="3" sc="250,-26,250,-13,250,-13,240,62" /><INIT seed="1,0,0,2,0,120" ten="224,237,237,302" oya="1" hai0="126,5,14,128,88,101,6,37,49,100,41,63,76" hai1="79,86,39,85,102,34,12,77,4,13,109,67,117" hai2="112,119,22,132,73,83,134,125,33,124,61,118,32" hai3="26,84,53,74,98,70,82,123,114,94,80,129,127"/><U89/><E117/><N who="2" m="44555" /><F61/><W93/><G70/><T20/><D37/><U7/><E34/><N who="2" m="13419" /><F22/><W116/><G123/><T30/><D128/><U78/><E39/><V16/><F16/><W1/><G1/><T133/><D126/><N who="2" m="48746" /><F112/><W113/><G26/><T47/><D76/><AGARI ba="0,0" hai="73,76,83,132,134" m="48746,13419,44555" machi="76" ten="40,2600,0" yaku="18,1,23,1" doraHai="120" who="2" fromWho="0" sc="224,-26,237,0,237,26,302,0" /><INIT seed="2,0,0,4,4,47" ten="198,237,263,302" oya="2" hai0="56,105,29,106,129,118,110,60,58,11,98,45,119" hai1="130,14,103,71,6,50,68,89,59,27,78,42,39" hai2="8,102,112,96,38,30,99,87,65,79,16,100,123" hai3="117,26,95,5,3,66,48,116,37,10,52,7,91"/><V32/><F38/><W104/><G104/><T85/><D29/><U83/><E39/><V77/><F112/><W86/><G37/><T33/><D33/><U111/><E111/><V21/><F123/><W62/><G7/><T109/><D11/><U36/><E36/><V41/><F41/><W34/><G26/><T55/><D85/><U18/><E103/><V44/><F44/><W131/><G34/><T13/><D13/><U76/><E68/><V22/><F32/><W107/><G107/><N who="0" m="40971" /><D98/><U63/><E71/><V43/><F43/><W125/><G131/><T115/><D115/><U9/><E130/><V2/><F2/><W51/><G125/><T134/><D129/><U31/><E31/><V46/><F46/><W57/><G48/><N who="0" m="29071" /><D134/><U23/><E50/><V0/><F0/><W93/><G95/><T80/><D80/><U108/><E42/><V72/><F72/><W121/><G121/><T35/><D35/><U4/><E4/><V90/><F65/><W69/><AGARI ba="0,0" hai="3,5,10,51,52,57,62,66,69,86,91,93,116,117" machi="69" ten="20,5200,0" yaku="0,1,7,1,52,1,54,1" doraHai="47" who="3" fromWho="3" sc="198,-13,237,-13,263,-26,302,52" /><INIT seed="3,0,0,0,4,60" ten="185,224,237,354" oya="3" hai0="94,5,122,92,80,74,58,75,130,14,77,65,103" hai1="73,64,128,41,36,121,90,127,53,101,113,27,79" hai2="44,24,11,42,110,86,81,23,135,78,67,50,93" hai3="66,69,129,13,33,3,49,118,21,17,40,43,25"/><W98/><G66/><T52/><D122/><U6/><E113/><V106/><F106/><W59/><G69/><T70/><D130/><U18/><E121/><V31/><F110/><W35/><G35/><T29/><D74/><U28/><E128/><V12/><F135/><W9/><G98/><T54/><D29/><U125/><E6/><N who="2" m="3191" /><F93/><W100/><G100/><T71/><D71/><U22/><E101/><V91/><F67/><W30/><G129/><T117/><D117/><U124/><E64/><V61/><F61/><W99/><G99/><T134/><D134/><U133/><E90/><AGARI ba="0,0" hai="23,24,31,42,44,50,78,81,86,90,91" m="3191" machi="90" ten="30,2000,0" yaku="25,1,8,1" doraHai="60" who="2" fromWho="1" sc="185,0,224,-20,237,20,354,0" owari="185,-31.0,204,-20.0,257,6.0,354,45.0" /></mjloggm>