<mjloggm ver="2.3"><GO type="169" lobby="0"/><UN n0="%E3%81%B5%E3%81%8B%E3%81%A4%E3%81%81%E3%83%BC" n1="%E5%B0%B1%E6%B4%BB%E7%94%9F%40%E5%B7%9D%E6%9D%91%E8%BB%8D%E5%9B%A3" n2="%73%69%6E%73%69%73%74" n3="%E7%A0%B2%E3%81%AE%E4%B8%8A%E3%81%AE%E3%81%82%E3%81%AE%E5%A8%98" dan="16,17,17,16" rate="2144.64,2140.98,2133.69,2135.10" sx="M,M,M,F"/><TAIKYOKU oya="0"/><INIT seed="0,0,0,5,0,68" ten="250,250,250,250" oya="0" hai0="0,42,102,27,16,105,131,14,79,65,62,4,47" hai1="111,107,18,89,63,48,29,78,23,12,123,103,128" hai2="91,101,67,74,20,64,52,45,84,113,49,24,41" hai3="109,112,83,69,108,133,2,10,13,17,66,15,46"/><T110/><D131/><U50/><E123/><V9/><F74/><W87/><G112/><T85/><D110/><N who="3" m="42601" /><G133/><T22/><D0/><U43/><E111/><V72/><F72/><W40/><G13/><T38/><D105/><U126/><E126/><V33/><F33/><W44/><G2/><T36/><D102/><U55/><E128/><V104/><F113/><W59/><G69/><T58/><D4/><U114/><E78/><V6/><F101/><W95/><G95/><T60/><D60/><U11/><E114/><V122/><F104/><W57/><G66/><T61/><D61/><U39/><E89/><V93/><F41/><W28/><G28/><T1/><D1/><U73/><E73/><V8/><F122/><W100/><G100/><T88/><D79/><U116/><E116/><V134/><F134/><W34/><G34/><T96/><D96/><U125/><E125/><V21/><F21/><W71/><G71/><T76/><D76/><U106/><E103/><V7/><F7/><W82/><G83/><T80/><REACH who="0" step="1"/><D14/><REACH who="0" ten="240,250,250,250" step="2"/><U35/><E106/><V77/><F77/><N who="3" m="46543" /><G44/><T31/><D31/><U94/><E107/><V70/><F6/><W118/><G118/><T98/><D98/><U127/><E29/><N who="2" m="17543" /><F70/><W132/><G132/><T54/><D54/><U124/><E55/><V53/><F53/><W119/><G119/><T129/><D129/><U5/><E124/><V51/><F52/><W81/><G46/><T97/><D97/><U37/><E127/><V92/><F45/><W26/><G15/><T32/><D32/><U117/><E35/><V30/><F30/><RYUUKYOKU ba="0,1" sc="240,30,250,-10,250,-10,250,-10" hai0="16,22,27,36,38,42,47,58,62,65,80,85,88" /><INIT seed="0,1,1,2,1,12" ten="270,240,240,240" oya="0" hai0="23,95,41,87,100,15,73,2,59,75,52,135,74" hai1="44,62,106,21,63,119,94,47,118,53,32,72,90" hai2="55,1,116,51,107,20,103,105,39,98,45,109,42" hai3="112,104,68,22,110,102,46,101,65,69,124,58,133"/><T80/><D2/><U67/><E106/><V82/><F109/><W96/><G112/><T120/><D120/><U18/><E32/><V66/><F116/><W97/><G110/><T89/><D135/><U114/><E72/><V19/><F1/><W92/><G133/><T6/><D41/><U14/><E114/><V93/><F66/><W43/><G124/><T48/><D100/><U50/><E44/><V60/><F60/><W128/><G128/><T35/><D35/><U86/><REACH who="1" step="1"/><E63/><REACH who="1" ten="270,230,240,240" step="2"/><V130/><F130/><W123/><G104/><T9/><REACH who="0" step="1"/><D23/><REACH who="0" ten="260,230,240,240" step="2"/><U99/><E99/><V83/><F105/><W27/><G22/><T85/><D85/><U3/><E3/><V29/><F107/><W79/><G123/><T121/><D121/><U5/><E5/><V11/><F20/><W132/><G132/><T134/><D134/><U26/><E26/><V4/><F98/><W36/><G27/><T54/><D54/><U126/><E126/><V127/><F55/><W0/><G0/><T125/><D125/><U40/><E40/><V25/><F42/><W56/><G96/><T13/><D13/><U7/><E7/><V31/><F4/><W77/><G97/><T117/><D117/><U17/><E17/><V91/><F19/><W70/><G43/><T131/><D131/><U78/><E78/><AGARI ba="1,3" hai="6,9,15,48,52,59,73,74,75,78,80,87,89,95" machi="78" ten="40,7700,0" yaku="1,1,54,1,53,1" doraHai="12" doraHaiUra="10" who="0" fromWho="1" sc="260,110,230,-80,240,0,240,0" /><INIT seed="0,2,0,4,1,21" ten="370,150,240,240" oya="0" hai0="59,93,115,127,18,111,91,82,90,135,106,46,2" hai1="125,3,101,80,32,11,26,98,33,74,44,112,56" hai2="16,35,12,128,97,123,121,77,42,86,48,27,95" hai3="64,126,75,105,94,37,47,73,29,113,131,114,39"/><T85/><D2/><U8/><E125/><V52/><F128/><W124/><G105/><T30/><D115/><U19/><E112/><N who="3" m="43114" /><G29/><T110/><D127/><N who="3" m="48681" /><G64/><T120/><D120/><U79/><E32/><V116/><F42/><N who="3" m="22991" /><G39/><T70/><D106/><U122/><E122/><V6/><F116/><W134/><G134/><T96/><D135/><U71/><E71/><V104/><F104/><W14/><G131/><T25/><D70/><U60/><E3/><V117/><F117/><W53/><G53/><T103/><D18/><U118/><E118/><V88/><F6/><W45/><G45/><T7/><D46/><U17/><E44/><N who="2" m="27655" /><F35/><W49/><G49/><T41/><D30/><U84/><E19/><V129/><F129/><W61/><G61/><T36/><D7/><U92/><E74/><V63/><F63/><W31/><G14/><T99/><D36/><U130/><E130/><V50/><F50/><W107/><G107/><N who="0" m="63975" /><D41/><U10/><E33/><V0/><F0/><W1/><G1/><T57/><D59/><U67/><REACH who="1" step="1"/><E11/><REACH who="1" ten="370,140,240,240" step="2"/><V54/><F121/><W58/><G31/><T24/><D57/><U55/><E55/><V76/><F54/><W5/><G58/><T87/><D110/><U20/><AGARI ba="2,1" hai="8,10,17,20,26,56,60,67,79,80,84,92,98,101" machi="20" ten="30,7900,0" yaku="1,1,0,1,8,1,52,1,53,0" doraHai="21" doraHaiUra="9" who="1" fromWho="1" sc="370,-41,140,95,240,-22,240,-22" /><INIT seed="1,0,0,3,2,127" ten="329,235,218,218" oya="1" hai0="66,44,123,17,132,75,101,37,43,71,118,42,29" hai1="95,25,53,30,32,21,57,93,14,23,83,60,120" hai2="133,8,38,52,22,13,108,34,67,5,46,2,19" hai3="28,45,99,113,86,48,128,39,0,74,82,33,107"/><U63/><E120/><V112/><F108/><W68/><G113/><T117/><D75/><U98/><E83/><V72/><F112/><W78/><G68/><T64/><D101/><U65/><E14/><V130/><F133/><W20/><G33/><T121/><D29/><U47/><E93/><V84/><F67/><N who="0" m="25642" /><D17/><U90/><REACH who="1" step="1"/><E47/><REACH who="1" ten="329,225,218,218" step="2"/><V49/><F46/><W77/><G45/><T104/><D44/><U79/><E79/><V110/><F13/><W85/><G82/><T102/><D121/><U114/><E114/><V4/><F72/><W55/><G77/><T62/><D123/><U70/><AGARI ba="0,1" hai="21,23,25,30,32,53,57,60,63,65,70,90,95,98" machi="70" ten="20,3900,0" yaku="1,1,0,1,7,1,53,0" doraHai="127" doraHaiUra="12" who="1" fromWho="1" sc="329,-13,225,49,218,-13,218,-13" /><INIT seed="1,1,0,4,1,57" ten="316,274,205,205" oya="1" hai0="110,121,5,0,22,10,83,4,60,73,84,52,64" hai1="75,69,97,41,54,58,30,49,100,3,47,19,42" hai2="62,31,68,112,126,122,59,50,33,65,48,94,70" hai3="34,134,11,109,102,79,13,23,128,80,72,26,91"/><U36/><E3/><V96/><F122/><W63/><G109/><T106/><D110/><U116/><E116/><V39/><F126/><W108/><G108/><T135/><D73/><U38/><E75/><V99/><F99/><W124/><G124/><T8/><D106/><U32/><E69/><V18/><F39/><W105/><G34/><T98/><D98/><U101/><E101/><V20/><F33/><W107/><G134/><T25/><D135/><U14/><E30/><V15/><F31/><W53/><G128/><T55/><D121/><U130/><E32/><V76/><F76/><W133/><G133/><T104/><D104/><U119/><E119/><V71/><REACH who="2" step="1"/><F112/><REACH who="2" ten="316,274,195,205" step="2"/><W43/><G79/><T85/><D0/><U2/><E130/><V16/><F16/><W89/><G107/><T111/><D111/><U1/><E1/><V66/><F66/><W44/><G105/><T24/><D64/><U78/><E2/><V77/><F77/><W90/><G72/><T7/><D4/><U131/><E78/><V93/><F93/><W117/><G117/><T12/><D7/><U125/><E131/><V56/><F56/><W27/><G102/><AGARI ba="1,1" hai="15,18,20,48,50,59,62,65,68,70,71,94,96,102" machi="102" ten="40,8000,1" yaku="1,1,52,1,53,3" doraHai="57" doraHaiUra="67" who="2" fromWho="3" sc="316,0,274,0,195,93,205,-83" /><INIT seed="2,0,0,2,5,10" ten="316,274,288,122" oya="2" hai0="128,94,124,5,53,135,126,8,97,91,79,6,109" hai1="0,71,73,14,56,118,40,43,78,23,62,93,77" hai2="49,99,2,64,82,131,51,86,21,22,44,123,69" hai3="121,41,84,125,50,24,87,92,20,28,70,132,106"/><V95/><F123/><W113/><G121/><T110/><D128/><U19/><E0/><V59/><F2/><W129/><G129/><T42/><D135/><U83/><E71/><V116/><F69/><W114/><G132/><T111/><D42/><U76/><E118/><V33/><F33/><W75/><G75/><T127/><D79/><U3/><E3/><V13/><F116/><W60/><G106/><T67/><D67/><U130/><E130/><V119/><F119/><W81/><G125/><T16/><D53/><U4/><E4/><V134/><F134/><W80/><G92/><T15/><AGARI ba="0,0" hai="5,6,8,15,16,91,94,97,109,110,111,124,126,127" machi="15" ten="40,8000,1" yaku="0,1,14,1,18,1,52,1,54,1" doraHai="10" who="0" fromWho="0" sc="316,80,274,-20,288,-40,122,-20" /><INIT seed="3,0,0,2,0,104" ten="396,254,248,102" oya="3" hai0="23,61,36,48,124,11,2,31,47,85,59,56,9" hai1="32,71,58,17,54,14,12,113,50,69,77,88,70" hai2="78,95,24,16,51,19,105,115,134,127,116,22,0" hai3="13,93,96,72,111,37,38,100,126,87,39,89,20"/><W63/><G126/><T92/><D36/><U53/><E32/><V64/><F116/><W1/><G1/><T6/><D124/><U75/><E113/><V25/><F105/><W35/><G35/><T7/><D31/><U26/><E26/><V82/><F115/><W57/><G111/><T3/><D23/><U79/><E75/><V83/><F134/><W118/><G118/><T4/><D4/><U41/><E41/><V90/><F0/><W40/><G72/><T103/><D61/><U101/><E101/><V120/><F120/><W114/><G114/><T132/><D132/><U98/><E53/><V94/><F64/><W108/><G108/><T86/><D86/><U130/><E130/><V109/><F109/><W29/><G40/><T133/><D133/><U55/><E55/><V46/><F127/><W80/><G13/><T99/><D85/><U84/><E98/><N who="2" m="57687" /><F95/><W121/><G121/><T62/><D62/><U49/><E49/><V42/><F78/><W73/><G73/><T45/><D45/><U66/><E66/><V52/><F42/><AGARI ba="0,0" hai="2,3,6,7,9,11,42,47,48,56,59,92,99,103" machi="42" ten="30,2000,0" yaku="7,1,9,1" doraHai="104" who="0" fromWho="2" sc="396,20,254,0,248,-20,102,0" /><INIT seed="4,0,0,3,3,128" ten="416,254,228,102" oya="0" hai0="70,89,46,80,112,43,44,5,7,81,121,11,92" hai1="13,29,48,115,6,36,12,83,73,55,78,49,22" hai2="94,33,53,134,27,39,77,84,62,25,45,41,9" hai3="85,30,3,90,109,68,79,32,20,110,114,101,66"/><T88/><D70/><U24/><E36/><V10/><F33/><W56/><G3/><T107/><D107/><U72/><E115/><V54/><F62/><W98/><G79/><T96/><D112/><U91/><E6/><V31/><F77/><W102/><G114/><T116/><D116/><U0/><E0/><V111/><F39/><W117/><G117/><T60/><D121/><U126/><E126/><V35/><F35/><W74/><G74/><T87/><D60/><U69/><E69/><V14/><F14/><W8/><G8/><T118/><D118/><U52/><E91/><V15/><F15/><W63/><G101/><T97/><D43/><U132/><E72/><V125/><F84/><W28/><G28/><T2/><D7/><U104/><E104/><V129/><F31/><W64/><G64/><T103/><D97/><U42/><E42/><V65/><F41/><W23/><G23/><T16/><D16/><U37/><E37/><V59/><F65/><W82/><G32/><T106/><D106/><U71/><E71/><V108/><F125/><W47/><G47/><T105/><D105/><U122/><E122/><V119/><F45/><W50/><G50/><T123/><D123/><U57/><E132/><V133/><F119/><W113/><G113/><T19/><D19/><U34/><E34/><V127/><F127/><W100/><G68/><T21/><D21/><U40/><E40/><V76/><F133/><W61/><G61/><T51/><D51/><U18/><E18/><V135/><F135/><W99/><G99/><T93/><D96/><U38/><E38/><RYUUKYOKU ba="0,0" sc="416,-10,254,30,228,-10,102,-10" hai1="12,13,22,24,29,48,49,52,55,57,73,78,83" /><INIT seed="5,1,0,4,0,6" ten="406,284,218,92" oya="1" hai0="122,55,83,50,52,11,100,94,129,54,40,23,53" hai1="132,14,111,92,22,76,47,35,2,75,103,91,73" hai2="99,48,41,33,98,25,17,12,84,46,77,69,70" hai3="90,0,105,32,15,57,5,31,114,72,39,134,34"/><U43/><E35/><V27/><F70/><W28/><G39/><T120/><D129/><U81/><E2/><V7/><F69/><W19/><G57/><T20/><D83/><U61/><E132/><V42/><F42/><W127/><G72/><T82/><D82/><U110/><E103/><V135/><F135/><W30/><G105/><T8/><D40/><U116/><E75/><V88/><F77/><W36/><G36/><T108/><D108/><U3/><E3/><V80/><F7/><W60/><G60/><T38/><D38/><U13/><E61/><V102/><F33/><N who="3" m="12907" /><G90/><T133/><D133/><U16/><E116/><V68/><F68/><W96/><G96/><N who="2" m="36905" /><F102/><W59/><G59/><N who="0" m="33175" /><D94/><U1/><E1/><V121/><F121/><N who="0" m="46698" /><D100/><U126/><E126/><V106/><F106/><W86/><G86/><T65/><D65/><U62/><E62/><V9/><AGARI ba="1,0" hai="9,12,17,25,27,41,46,48,80,84,88" m="36905" machi="9" ten="30,4000,0" yaku="8,1,52,1,54,1" doraHai="6" who="2" fromWho="2" sc="406,-11,284,-21,218,43,92,-11" /><INIT seed="6,0,0,5,2,115" ten="395,263,261,81" oya="2" hai0="11,126,68,71,129,104,131,97,60,9,4,18,92" hai1="84,81,41,119,74,55,28,130,14,62,113,3,51" hai2="29,122,45,116,56,75,82,77,33,107,2,32,94" hai3="128,106,38,40,95,0,7,69,8,67,49,25,17"/><V133/><F122/><W103/><G128/><N who="0" m="49227" /><D126/><U27/><E3/><V34/><F107/><W63/><G38/><T24/><D104/><U89/><E74/><V64/><F133/><W6/><G6/><T52/><D52/><U42/><E119/><V70/><F56/><W90/><G40/><T117/><D117/><U120/><E113/><V123/><F123/><W118/><G118/><T65/><D24/><U47/><E130/><V48/><F116/><W57/><G49/><T93/><D18/><U12/><E120/><V105/><F105/><W72/><G72/><T83/><D83/><U16/><E12/><V108/><F2/><W59/><G17/><T125/><D125/><U43/><E62/><V13/><F13/><W98/><REACH who="3" step="1"/><G25/><REACH who="3" ten="395,263,261,71" step="2"/><T102/><D4/><U85/><E27/><V26/><F26/><W36/><G36/><T19/><D19/><U76/><E28/><V111/><F29/><W127/><G127/><T23/><D60/><U30/><E30/><V134/><F48/><W53/><G53/><T79/><D65/><U61/><E43/><V87/><F32/><W110/><G110/><T35/><D35/><U1/><E1/><V124/><F33/><W80/><G80/><T78/><D9/><N who="1" m="6223" /><E61/><V37/><F34/><W86/><AGARI ba="0,1" hai="0,7,8,57,59,63,67,69,86,90,95,98,103,106" machi="86" ten="20,5200,0" yaku="1,1,0,1,7,1,53,1" doraHai="115" doraHaiUra="100" who="3" fromWho="3" sc="395,-13,263,-13,261,-26,71,62" /><INIT seed="7,0,0,3,4,58" ten="382,250,235,133" oya="3" hai0="52,101,111,113,30,135,31,32,131,16,28,48,13" hai1="61,62,123,44,77,24,108,85,93,54,50,47,98" hai2="60,79,70,127,27,84,118,3,75,22,65,99,73" hai3="91,130,96,53,4,33,122,25,132,88,45,95,7"/><W12/><G122/><T121/><D121/><U117/><E108/><V39/><F118/><W11/><G132/><T71/><D111/><U105/><E105/><V36/><F3/><W109/><G130/><T23/><D135/><U112/><E112/><V110/><F127/><W38/><G109/><T76/><D131/><U126/><E126/><V114/><F114/><W68/><G68/><T87/><D71/><U34/><E123/><V46/><F99/><W63/><G38/><T128/><D128/><U107/><E107/><V18/><F110/><W1/><G1/><T20/><D113/><U92/><E34/><V59/><F70/><W8/><G33/><T17/><D32/><U37/><E24/><V120/><F120/><W55/><G25/><N who="0" m="14471" /><D101/><U115/><E115/><V9/><F9/><W106/><G106/><T29/><D29/><U97/><E37/><V82/><REACH who="2" step="1"/><F36/><REACH who="2" ten="382,250,225,133" step="2"/><W67/><G45/><N who="0" m="27663" /><D87/><U26/><E47/><V0/><F0/><W124/><G124/><T129/><D129/><U41/><E117/><V100/><F100/><W86/><G96/><T133/><D133/><U80/><E41/><AGARI ba="0,1" hai="18,22,27,39,41,46,59,60,65,73,75,79,82,84" machi="41" ten="40,5200,0" yaku="1,1,52,1,53,1" doraHai="58" doraHaiUra="15" who="2" fromWho="1" sc="382,0,250,-52,225,62,133,0" owari="382,48.0,198,-20.0,287,9.0,133,-37.0" /></mjloggm>