<mjloggm ver="2.3"><GO type="169" lobby="0"/><UN n0="%E3%81%AE%E3%81%B3%E3%81%97%E3%82%8D%E2%99%82" n1="%70%63%67%65%6E%6A%69%6E" n2="%E3%81%86%E3%81%83%E3%83%BC%E3%81%A1%E3%82%83%E3%82%93" n3="%E5%B0%B1%E6%B4%BB%E7%94%9F%40%E5%B7%9D%E6%9D%91%E8%BB%8D%E5%9B%A3" dan="16,16,18,17" rate="2100.44,2175.50,2205.21,2232.32" sx="M,M,M,M"/><TAIKYOKU oya="0"/><INIT seed="0,0,0,4,2,69" ten="250,250,250,250" oya="0" hai0="36,115,24,56,105,57,131,35,123,27,110,126,4" hai1="17,127,133,12,71,41,48,103,97,85,70,90,61" hai2="43,58,121,89,5,122,55,128,117,100,37,62,116" hai3="64,88,106,15,11,118,96,25,74,32,9,67,72"/><T78/><D115/><U60/><E133/><V30/><F30/><W91/><G118/><N who="2" m="45673" /><F5/><W2/><G2/><T129/><D123/><N who="2" m="47114" /><F100/><W80/><G25/><T68/><D68/><U52/><E127/><V77/><F77/><W130/><G130/><N who="0" m="49675" /><D105/><U73/><E73/><V34/><F34/><W92/><G32/><T84/><D4/><U10/><E70/><V75/><F89/><W0/><G106/><T3/><D3/><U120/><E41/><V66/><F75/><W135/><G135/><T76/><D110/><U65/><E61/><V1/><F1/><W44/><G0/><T54/><D126/><U102/><E97/><V8/><F8/><W101/><G74/><T22/><D35/><U113/><E113/><V79/><F79/><W98/><G72/><T26/><D22/><U134/><E134/><V82/><F82/><W93/><G80/><N who="0" m="47111" /><D78/><U38/><E120/><V39/><F128/><W40/><G101/><T14/><D14/><U112/><E112/><V109/><F109/><W29/><G29/><T125/><D125/><U13/><E13/><V49/><F43/><W59/><G11/><T47/><D27/><U19/><E19/><V28/><F28/><W7/><G59/><AGARI ba="0,0" hai="37,39,49,55,58,59,62,66" m="47114,45673" machi="59" ten="30,8000,1" yaku="12,1,34,2,52,2" doraHai="69" who="2" fromWho="3" sc="250,0,250,0,250,80,250,-80" /><INIT seed="1,0,0,0,3,98" ten="250,250,330,170" oya="1" hai0="124,97,65,86,85,132,70,50,93,102,26,90,108" hai1="40,56,44,17,134,36,10,79,126,8,42,25,61" hai2="52,130,71,82,38,12,99,35,75,89,111,21,53" hai3="6,11,47,110,30,39,113,68,131,100,72,1,43"/><U120/><E120/><V125/><F71/><W95/><G113/><T18/><D108/><U87/><E134/><V135/><F35/><W109/><G72/><T104/><D132/><U77/><E126/><V46/><F111/><N who="3" m="42507" /><G68/><T123/><D123/><U33/><E33/><V34/><F34/><W122/><G122/><T32/><D124/><U107/><E42/><V91/><F130/><W103/><G131/><T9/><D50/><U22/><E107/><V67/><F67/><W69/><G69/><T58/><D58/><U27/><E27/><V23/><F46/><W81/><G30/><T20/><D32/><U24/><E24/><V31/><F31/><W45/><G45/><T117/><D117/><U59/><E59/><V4/><F135/><W63/><G63/><T2/><D2/><U74/><E74/><V116/><F116/><W118/><G118/><T28/><D9/><U48/><E36/><V62/><F62/><W119/><G119/><T55/><D55/><U14/><E87/><V115/><F75/><W49/><G39/><T15/><D86/><U133/><E133/><V29/><F29/><W7/><G7/><T51/><D51/><U5/><REACH who="1" step="1"/><E8/><REACH who="1" ten="250,240,330,170" step="2"/><V78/><F38/><W76/><G95/><T112/><D93/><U96/><E96/><V127/><F99/><W114/><G114/><T3/><D97/><U92/><E92/><V0/><F127/><W57/><G57/><T54/><D112/><U13/><E13/><V80/><F12/><W37/><G37/><T128/><D128/><U66/><AGARI ba="0,1" hai="5,10,14,17,22,25,40,44,48,56,61,66,77,79" machi="66" ten="20,7800,0" yaku="1,1,0,1,7,1,8,1,53,0" doraHai="98" doraHaiUra="101" who="1" fromWho="1" sc="250,-26,240,88,330,-26,170,-26" /><INIT seed="1,1,0,0,3,41" ten="224,328,304,144" oya="1" hai0="64,109,17,65,83,89,15,16,70,124,26,126,113" hai1="127,90,24,88,77,112,1,104,117,29,134,28,74" hai2="98,21,32,132,94,18,59,75,52,122,73,9,125" hai3="67,108,99,128,36,44,130,55,38,47,13,79,102"/><U5/><E117/><V30/><F122/><W49/><G79/><T133/><D113/><U43/><E112/><V95/><F125/><W110/><G13/><T25/><D109/><N who="3" m="42089" /><G102/><T6/><D6/><U107/><E127/><V53/><F32/><W84/><G84/><T40/><D40/><U54/><E43/><V115/><F132/><W105/><G105/><T86/><D133/><U87/><E134/><V33/><F33/><W91/><G91/><T121/><D121/><U19/><E19/><V2/><F30/><W10/><G10/><T116/><D116/><U103/><E90/><V85/><F73/><W37/><G99/><T92/><D70/><U0/><E29/><V96/><F75/><W106/><G106/><T58/><D58/><U76/><E76/><V51/><F85/><W111/><N who="3" m="42097" /><W119/><DORA hai="60" /><G119/><T63/><D63/><U12/><E12/><V97/><F115/><W34/><G34/><T50/><D50/><U57/><E77/><V23/><F2/><W35/><G35/><T129/><D129/><N who="3" m="49769" /><G67/><N who="0" m="25675" /><D124/><U71/><E74/><V3/><F3/><W14/><G14/><T72/><D126/><U101/><E104/><V69/><F69/><W8/><G8/><N who="0" m="6247" /><D72/><U4/><E71/><V56/><F9/><W68/><G68/><T46/><D17/><U78/><E1/><V80/><F18/><W20/><G20/><T7/><D7/><N who="1" m="2635" /><E0/><V114/><F23/><W27/><G27/><N who="0" m="10251" /><D83/><N who="1" m="49279" /><E107/><V118/><F118/><W131/><N who="3" m="49777" /><W39/><N who="3" m="9216" /><DORA hai="123" /><DORA hai="135" /><W45/><AGARI ba="1,0" hai="44,45,47,49,55" m="9216,49777,42097" machi="45" ten="90,32000,5" yaku="4,1,27,2,14,1,19,1,34,2,52,7" doraHai="41,60,123,135" who="3" fromWho="3" sc="224,-81,328,-161,304,-81,144,323" /><INIT seed="2,0,0,4,0,47" ten="143,167,223,467" oya="2" hai0="16,36,128,120,80,107,50,110,132,54,23,81,27" hai1="21,39,86,89,32,58,112,4,96,53,85,3,12" hai2="123,10,71,8,70,122,108,46,19,0,63,28,29" hai3="131,87,18,59,74,97,64,73,49,1,119,129,60"/><V55/><F108/><W84/><G1/><T101/><D110/><U14/><E32/><V82/><F82/><W121/><G121/><T77/><D132/><U76/><E39/><V22/><F46/><W61/><G119/><T35/><D128/><N who="3" m="49225" /><G97/><T57/><D36/><U62/><E112/><V31/><F55/><N who="3" m="32239" /><G18/><T43/><D43/><U33/><E33/><V90/><F63/><N who="3" m="24139" /><G64/><T6/><D120/><U95/><E3/><V69/><F0/><W118/><G118/><T130/><D130/><U111/><E111/><V48/><F123/><W126/><G126/><T78/><D6/><U133/><E133/><V2/><F2/><W51/><G51/><T45/><D35/><U66/><E4/><V88/><F48/><W103/><G103/><T98/><REACH who="0" step="1"/><D45/><REACH who="0" ten="133,167,223,467" step="2"/><U93/><E76/><AGARI ba="0,1" hai="16,23,27,50,54,57,76,77,78,80,81,98,101,107" machi="76" ten="40,8000,1" yaku="1,1,2,1,52,1,54,1,53,1" doraHai="47" doraHaiUra="44" who="0" fromWho="1" sc="133,90,167,-80,223,0,467,0" /><INIT seed="3,0,0,1,5,42" ten="223,87,223,467" oya="3" hai0="105,50,88,60,72,34,10,132,84,19,26,38,28" hai1="85,109,76,16,55,46,113,126,8,49,2,29,101" hai2="33,71,31,110,17,86,9,18,120,87,6,43,102" hai3="69,122,73,57,81,95,103,67,68,116,79,48,0"/><W27/><G116/><T89/><D38/><U45/><E109/><V130/><F71/><W108/><G122/><T97/><D72/><U37/><E113/><V114/><F114/><W127/><G0/><T4/><D132/><U5/><E126/><V121/><F102/><W12/><G127/><T112/><D112/><U64/><E64/><V104/><F104/><W41/><G108/><T118/><D118/><U111/><E111/><V75/><F75/><W32/><G12/><T135/><D135/><U54/><E29/><V129/><F43/><W131/><G131/><N who="2" m="50185" /><F87/><W23/><G32/><T63/><D19/><N who="2" m="7178" /><F86/><W51/><G51/><T134/><D134/><U117/><E117/><V65/><F65/><W3/><G41/><T30/><D30/><U78/><E101/><V107/><F107/><W58/><G68/><T106/><D50/><U20/><E85/><V115/><F115/><W94/><G103/><T82/><D106/><U44/><E37/><V25/><F110/><W53/><G69/><T100/><REACH who="0" step="1"/><D89/><REACH who="0" ten="213,87,223,467" step="2"/><U14/><REACH who="1" step="1"/><E55/><REACH who="1" ten="213,77,223,467" step="2"/><V92/><F121/><W21/><G53/><T24/><D24/><U70/><E70/><V39/><F120/><W77/><G27/><T52/><D52/><U56/><AGARI ba="0,2" hai="2,5,8,14,16,20,44,45,46,49,54,56,76,78" machi="56" ten="30,12000,2" yaku="1,1,0,1,52,3,54,1,53,1" doraHai="42" doraHaiUra="13" who="1" fromWho="1" sc="213,-30,77,140,223,-30,467,-60" /><INIT seed="4,0,0,5,3,44" ten="183,217,193,407" oya="0" hai0="69,13,20,39,48,76,65,2,46,27,63,87,62" hai1="1,6,59,66,10,115,77,125,91,106,31,37,85" hai2="126,50,47,95,5,72,45,40,103,98,52,121,0" hai3="17,16,99,100,7,82,114,96,127,21,102,53,28"/><T71/><D2/><U32/><E106/><V43/><F121/><W135/><G127/><T26/><D39/><U25/><E37/><V80/><F126/><W117/><G117/><T75/><D75/><U123/><E125/><V8/><REACH who="2" step="1"/><F47/><REACH who="2" ten="183,217,183,407" step="2"/><W35/><G135/><T30/><D71/><U9/><E123/><V92/><F92/><W3/><G114/><T70/><D70/><U38/><E115/><V22/><F22/><W124/><G35/><T24/><D63/><U104/><E10/><V73/><F73/><W108/><G124/><T51/><D46/><U113/><E104/><V116/><F116/><W36/><G21/><T107/><D107/><U60/><E113/><V120/><F120/><W89/><G108/><T55/><D55/><U93/><E38/><V101/><F101/><W90/><G53/><T33/><D33/><U131/><E131/><V111/><F111/><W94/><G94/><T42/><D42/><U86/><E77/><AGARI ba="0,1" hai="0,5,8,40,43,45,50,52,72,77,80,95,98,103" machi="77" ten="40,5200,0" yaku="1,1,52,1,54,1,53,0" doraHai="44" doraHaiUra="57" who="2" fromWho="1" sc="183,0,217,-52,183,62,407,0" /><INIT seed="5,0,0,1,1,84" ten="183,165,245,407" oya="1" hai0="45,124,115,65,56,130,31,120,30,90,14,37,108" hai1="69,4,91,71,68,28,47,78,82,135,83,20,3" hai2="134,29,89,19,106,92,80,95,26,100,127,24,116" hai3="63,57,9,75,103,66,118,21,40,36,131,98,128"/><U119/><E119/><V25/><F116/><W88/><G75/><T97/><D108/><U22/><E135/><V10/><F106/><W107/><G118/><T12/><D115/><U96/><E47/><V126/><F134/><W93/><G21/><T67/><D130/><N who="3" m="49705" /><G9/><T112/><D112/><U34/><E34/><V70/><F70/><W85/><G40/><T2/><D2/><U13/><E3/><V117/><F117/><W64/><G36/><T133/><D133/><U15/><E28/><V32/><F100/><W11/><G11/><T121/><D124/><N who="2" m="47658" /><F80/><W81/><G66/><N who="0" m="25099" /><D56/><U53/><E53/><V62/><F95/><AGARI ba="0,0" hai="57,63,64,81,85,88,93,95,98,103,107" m="49705" machi="95" ten="30,3900,0" yaku="19,1,52,1,54,1" doraHai="84" who="3" fromWho="2" sc="183,0,165,0,245,-39,407,39" /><INIT seed="6,0,0,2,5,37" ten="183,165,206,446" oya="2" hai0="118,5,107,101,102,123,124,11,95,57,105,116,74" hai1="75,14,51,131,13,67,58,15,50,56,134,96,19" hai2="27,112,62,130,91,31,89,64,71,114,108,47,99" hai3="4,135,68,81,38,87,106,61,129,127,43,49,125"/><V41/><F108/><W9/><G129/><T122/><D57/><U88/><E75/><V20/><F130/><W30/><G135/><T121/><D74/><U126/><E134/><V128/><F128/><W44/><G30/><T69/><D69/><U104/><E126/><N who="3" m="48138" /><G106/><N who="0" m="40459" /><D124/><U2/><E2/><V1/><F1/><N who="3" m="143" /><G68/><T59/><D59/><N who="1" m="22571" /><E104/><V66/><F66/><W110/><G110/><T133/><D133/><U84/><E96/><V16/><F31/><W63/><G38/><T10/><D5/><U92/><E67/><V34/><F34/><W83/><G83/><T73/><D73/><U17/><E131/><V8/><F8/><N who="0" m="3114" /><D95/><U86/><E86/><V115/><F99/><W76/><AGARI ba="0,0" hai="43,44,49,61,63,76,81,87" m="143,48138" machi="76" ten="30,2000,0" yaku="18,1,52,1" doraHai="37" who="3" fromWho="3" sc="183,-5,165,-5,206,-10,446,20" /><INIT seed="7,0,0,5,1,76" ten="178,160,196,466" oya="3" hai0="116,36,110,45,24,41,129,89,56,18,17,29,15" hai1="5,100,33,105,111,86,114,13,126,97,113,55,44" hai2="38,134,92,57,39,51,132,54,109,98,7,61,20" hai3="23,22,52,96,0,84,14,43,88,103,11,68,83"/><W78/><G68/><T30/><D129/><U66/><E33/><V133/><F109/><W115/><G0/><T130/><D130/><U131/><E131/><V118/><F118/><W93/><G115/><N who="1" m="44042" /><E111/><V21/><F7/><N who="3" m="3455" /><G43/><T46/><D116/><U120/><E120/><V87/><F87/><N who="3" m="48631" /><G52/><T95/><D110/><U34/><E34/><V32/><F32/><W42/><G42/><T77/><D77/><U104/><E126/><V73/><F73/><W8/><G8/><T128/><D128/><U94/><E66/><V27/><F133/><W1/><G1/><T99/><D45/><U25/><E25/><V90/><F27/><W48/><G48/><N who="0" m="26703" /><D56/><U79/><E55/><V3/><F51/><W12/><G12/><T64/><D64/><U123/><E123/><V2/><F2/><W28/><G28/><N who="0" m="10859" /><D36/><U135/><E135/><N who="2" m="51755" /><F3/><W70/><G70/><T16/><D24/><U119/><E119/><V35/><F35/><W6/><G6/><T124/><D124/><U107/><E44/><V60/><F38/><W26/><G26/><T58/><D58/><U85/><E79/><V71/><F39/><W108/><G108/><T91/><D15/><U81/><E81/><AGARI ba="0,0" hai="22,23,81,84,88,93,96,103" m="48631,3455" machi="81" ten="30,11600,0" yaku="8,1,52,2,54,1" doraHai="76" who="3" fromWho="1" sc="178,0,160,-116,196,0,466,116" owari="178,-22.0,44,-46.0,196,0.0,582,68.0" /></mjloggm>