<mjloggm ver="2.3"><GO type="169" lobby="0"/><UN n0="%E9%BA%BB%E9%9B%80%E3%81%A8%E7%A7%81" n1="%74%61%63%6F%73" n2="%E5%B0%B1%E6%B4%BB%E7%94%9F%40%E5%B7%9D%E6%9D%91%E8%BB%8D%E5%9B%A3" n3="%67%61%72%75%63%69%61" dan="16,16,17,16" rate="2104.26,2082.75,2145.95,2170.23" sx="M,M,M,M"/><TAIKYOKU oya="0"/><INIT seed="0,0,0,5,0,29" ten="250,250,250,250" oya="0" hai0="134,69,32,109,38,63,44,7,133,16,96,100,115" hai1="30,58,55,98,5,123,79,13,97,76,48,117,131" hai2="132,91,114,108,118,121,18,41,25,68,73,11,14" hai3="78,93,33,40,86,120,129,1,71,111,128,2,85"/><T39/><D115/><U0/><E117/><V113/><F68/><W45/><G71/><T112/><D112/><U74/><E0/><V31/><F73/><W10/><G111/><T87/><D7/><U75/><E123/><V104/><F104/><W101/><G120/><T37/><D109/><U50/><E131/><N who="3" m="50250" /><G33/><T15/><D87/><N who="3" m="33289" /><G78/><T90/><D90/><U20/><E74/><V43/><F91/><W35/><G35/><T125/><D32/><U67/><E67/><V106/><F106/><W105/><G105/><T8/><D44/><U49/><E75/><V64/><F64/><W3/><G101/><T22/><D125/><U119/><E119/><V27/><F121/><W19/><G93/><N who="0" m="58383" /><D69/><U92/><E76/><V60/><F108/><W122/><G122/><T88/><D88/><N who="1" m="55431" /><E79/><V77/><F77/><W59/><G59/><T51/><D63/><N who="1" m="36319" /><E98/><V56/><F118/><W99/><G99/><T46/><D8/><N who="1" m="4239" /><E30/><V53/><F31/><W23/><G10/><T17/><D39/><U21/><AGARI ba="0,0" hai="20,21,48,49,50" m="4239,36319,55431" machi="21" ten="30,2000,0" yaku="8,1,54,1" doraHai="29" who="1" fromWho="1" sc="250,-10,250,20,250,-5,250,-5" /><INIT seed="1,0,0,0,1,10" ten="240,270,245,245" oya="1" hai0="17,91,104,79,23,13,47,15,98,109,86,63,7" hai1="67,54,85,122,0,102,61,70,49,121,36,68,33" hai2="110,25,40,74,5,64,120,93,59,3,29,116,50" hai3="24,92,8,132,105,131,22,16,114,115,45,62,21"/><U39/><E33/><V11/><F116/><W113/><G105/><T34/><D34/><U97/><E0/><V124/><F120/><N who="1" m="46185" /><E85/><V9/><F74/><W52/><G131/><T119/><D119/><U69/><E97/><V87/><F124/><W135/><G8/><N who="0" m="4255" /><D104/><U90/><E90/><V37/><F110/><W111/><G111/><T73/><D109/><U99/><E99/><V58/><F37/><N who="1" m="14409" /><E102/><V112/><F112/><W1/><G1/><T96/><D79/><U103/><E103/><V134/><F11/><W106/><G106/><T41/><D63/><U107/><E107/><V128/><F128/><W75/><G75/><T18/><D17/><U27/><E27/><V44/><F134/><W14/><G92/><N who="0" m="54391" /><D73/><U78/><E78/><V94/><F87/><W66/><G66/><T77/><D77/><U26/><E26/><V35/><F64/><W82/><G82/><T31/><D31/><U84/><E84/><V12/><F3/><W76/><G76/><T2/><D2/><U42/><E42/><V89/><F89/><W20/><G24/><T30/><D30/><U51/><E51/><AGARI ba="0,0" hai="15,18,23,41,47,51,96,98" m="54391,4255" machi="51" ten="30,3900,0" yaku="8,1,52,2" doraHai="10" who="0" fromWho="1" sc="240,39,270,-39,245,0,245,0" /><INIT seed="2,0,0,4,3,22" ten="279,231,245,245" oya="2" hai0="109,85,38,57,128,18,99,2,5,56,108,119,113" hai1="114,104,66,83,75,60,33,42,16,40,103,27,12" hai2="76,59,130,88,39,67,4,25,23,7,73,98,112" hai3="8,116,81,135,118,48,72,132,123,100,6,122,1"/><V20/><F112/><W126/><G48/><T92/><D113/><U51/><E114/><V121/><F121/><N who="3" m="46091" /><G100/><T87/><D38/><U11/><E75/><V41/><F130/><W106/><G106/><T131/><D5/><U107/><E83/><V35/><F73/><W21/><G126/><T34/><D2/><U115/><E115/><V43/><F76/><N who="3" m="44167" /><G21/><T127/><D34/><U80/><E80/><V37/><F35/><W91/><G91/><N who="0" m="55711" /><D18/><U105/><E51/><V134/><F134/><AGARI ba="0,0" hai="1,6,8,116,118,132,134,135" m="44167,46091" machi="134" ten="30,2000,0" yaku="20,1,23,1" doraHai="22" who="3" fromWho="2" sc="279,0,231,0,245,-20,245,20" /><INIT seed="3,0,0,0,2,14" ten="279,231,225,265" oya="3" hai0="118,25,37,120,123,121,111,112,108,101,6,66,130" hai1="80,42,74,50,107,67,85,20,89,119,28,65,117" hai2="95,23,93,115,12,2,53,106,34,55,124,131,133" hai3="19,43,1,90,122,75,70,71,13,81,61,38,10"/><W97/><G122/><T92/><D37/><U88/><E107/><V105/><F34/><W26/><G61/><T18/><D66/><U7/><E74/><V99/><F115/><W126/><G126/><T36/><D36/><U17/><E7/><V32/><F32/><W64/><G64/><T83/><D130/><U98/><E28/><V31/><F2/><W128/><G128/><T87/><D6/><U35/><E35/><V15/><F131/><W69/><G1/><T62/><D62/><U91/><E50/><V84/><F124/><W45/><G75/><T86/><D18/><U135/><E42/><V78/><F133/><W58/><G58/><T3/><D25/><N who="1" m="14479" /><E135/><V47/><F47/><W39/><G26/><T100/><D3/><U76/><E98/><V125/><F125/><W73/><G73/><T82/><D112/><U9/><E9/><V54/><F105/><W79/><G79/><T102/><D92/><U4/><E4/><V21/><F106/><W114/><G114/><T129/><D129/><U51/><E51/><V56/><F56/><W16/><G38/><T60/><D60/><U29/><E29/><V5/><F5/><W110/><G110/><N who="0" m="42027" /><D118/><AGARI ba="0,0" hai="65,67,76,80,85,88,89,91,117,118,119" m="14479" machi="118" ten="30,3900,0" yaku="12,1,52,1,54,1" doraHai="14" who="1" fromWho="0" sc="279,-39,231,39,225,0,265,0" /><INIT seed="4,0,0,0,0,70" ten="240,270,225,265" oya="0" hai0="83,30,17,85,67,131,31,9,43,122,0,95,65" hai1="42,112,101,41,2,53,73,98,11,19,16,110,61" hai2="24,77,48,14,68,102,32,76,60,80,120,127,114" hai3="59,90,117,78,118,113,91,35,37,87,103,64,82"/><T58/><D122/><U27/><E73/><V97/><F114/><W119/><G35/><T135/><D131/><U25/><E110/><V132/><F132/><W81/><G113/><T123/><D123/><U71/><E112/><V126/><F120/><W111/><G111/><T93/><D43/><U5/><E27/><V88/><F14/><W45/><G103/><T7/><D17/><U134/><E134/><V89/><F48/><W128/><G128/><T84/><D135/><U10/><E10/><V100/><F24/><W50/><G82/><T40/><D40/><U12/><E25/><V86/><F32/><W96/><G96/><T47/><D47/><U46/><E71/><V21/><F21/><W44/><G44/><T57/><D83/><U4/><E19/><V3/><F3/><W75/><G75/><T8/><REACH who="0" step="1"/><D0/><REACH who="0" ten="230,270,225,265" step="2"/><U13/><E2/><V129/><F129/><W94/><G117/><T54/><D54/><U62/><E53/><V74/><F126/><W125/><G125/><T34/><D34/><U29/><E42/><V6/><F127/><W33/><G33/><T130/><D130/><U92/><E16/><V121/><F121/><W66/><G119/><T105/><D105/><U22/><E22/><V1/><F1/><W109/><G118/><T63/><D63/><U51/><E29/><V15/><F80/><W23/><G109/><T116/><D116/><U20/><E20/><V133/><F133/><W55/><G23/><T124/><D124/><U52/><E41/><V18/><F18/><W28/><G28/><T107/><D107/><U104/><E104/><RYUUKYOKU ba="0,1" sc="230,15,270,15,225,-15,265,-15" hai0="7,8,9,30,31,57,58,65,67,84,85,93,95" hai1="4,5,11,12,13,46,51,52,61,62,92,98,101" /><INIT seed="4,1,1,5,0,119" ten="245,285,210,250" oya="0" hai0="38,6,128,45,10,69,120,98,19,11,67,3,18" hai1="97,109,66,83,31,37,36,132,104,81,20,14,4" hai2="134,1,46,89,28,125,12,90,47,30,84,113,71" hai3="127,93,8,114,55,64,63,23,88,22,61,117,54"/><T34/><D120/><U27/><E109/><V86/><F1/><W115/><G117/><T130/><D67/><U79/><E66/><V51/><F113/><N who="3" m="43019" /><G127/><T118/><D69/><U92/><E104/><V75/><F75/><W49/><G8/><N who="0" m="2143" /><D98/><U41/><E132/><V135/><F71/><N who="3" m="42383" /><G63/><T95/><D95/><U65/><E65/><V48/><REACH who="2" step="1"/><F12/><REACH who="2" ten="245,285,200,250" step="2"/><W121/><G121/><T57/><D118/><U68/><E68/><V52/><F52/><N who="3" m="20011" /><G49/><T96/><D128/><U2/><E2/><V108/><F108/><W103/><G103/><T35/><D130/><U17/><E36/><V44/><F44/><W106/><G106/><T100/><D45/><U70/><E37/><V126/><AGARI ba="1,2" hai="28,30,46,47,48,51,84,86,89,90,125,126,134,135" machi="126" ten="25,6400,0" yaku="1,1,0,1,22,2,53,0" doraHai="119" doraHaiUra="122" who="2" fromWho="2" sc="245,-33,285,-17,200,87,250,-17" /><INIT seed="5,0,0,4,3,93" ten="212,268,287,233" oya="1" hai0="75,2,14,112,69,95,83,65,94,28,50,24,64" hai1="126,39,82,133,63,116,89,120,124,134,18,71,31" hai2="135,42,67,85,21,130,122,38,131,88,76,11,16" hai3="128,55,43,57,49,17,73,0,96,114,109,123,3"/><U8/><E39/><V61/><F122/><W40/><G73/><T30/><D2/><U12/><E120/><V115/><F135/><N who="1" m="51721" /><E116/><V117/><F117/><W80/><G123/><T99/><D14/><U111/><E111/><V81/><F115/><W119/><G119/><T44/><D95/><U103/><E103/><V1/><F42/><W87/><G109/><T72/><D69/><U125/><E31/><V62/><F38/><W129/><G114/><T59/><D28/><U121/><E121/><V98/><F11/><W26/><G40/><T66/><D83/><U100/><E100/><V32/><F32/><W91/><G43/><T20/><D112/><U107/><E107/><V48/><F1/><W92/><G26/><T13/><D13/><U15/><E15/><V77/><F48/><W90/><REACH who="3" step="1"/><G17/><REACH who="3" ten="212,268,287,223" step="2"/><T86/><D72/><U101/><E125/><V132/><F16/><W58/><G58/><T118/><D75/><U29/><E124/><V6/><F6/><W105/><G105/><T35/><D118/><U33/><E126/><V47/><F47/><W79/><G79/><T36/><D59/><U23/><E18/><V7/><F7/><W70/><G70/><T41/><D36/><U52/><E71/><V53/><F77/><W25/><G25/><T110/><D110/><U97/><E8/><V51/><F132/><W4/><G4/><T9/><D35/><U78/><E33/><V5/><F5/><W56/><G56/><T60/><D9/><U106/><E106/><V104/><F104/><W54/><G54/><T108/><D108/><U46/><E52/><RYUUKYOKU ba="0,1" sc="212,-10,268,-10,287,-10,223,30" hai3="0,3,49,55,57,80,87,90,91,92,96,128,129" /><INIT seed="6,1,1,1,5,73" ten="202,258,277,253" oya="2" hai0="15,35,112,37,10,42,95,67,30,102,44,82,129" hai1="53,3,111,6,110,91,125,68,48,70,22,27,88" hai2="61,74,58,130,127,135,50,19,49,20,57,107,105" hai3="40,114,94,52,7,18,97,41,78,101,60,118,108"/><V21/><F127/><W109/><G118/><T128/><D67/><U8/><E125/><V87/><F74/><W2/><G2/><T83/><D112/><U76/><E76/><V13/><F130/><N who="0" m="50282" /><D30/><U65/><E65/><V11/><F135/><W119/><G119/><T77/><D35/><U134/><E134/><V122/><F122/><W17/><G7/><T89/><D102/><U126/><E126/><V121/><F121/><W120/><G120/><T32/><D32/><U46/><E68/><V33/><F33/><W36/><G108/><T59/><D59/><U4/><E4/><V63/><F87/><W55/><G109/><T64/><D64/><U81/><E70/><V14/><REACH who="2" step="1"/><F11/><REACH who="2" ten="202,258,267,253" step="2"/><W23/><G114/><T80/><D10/><U9/><E110/><V133/><F133/><W31/><G36/><T28/><D28/><U54/><E111/><V100/><F100/><W24/><G31/><T47/><D37/><U93/><E8/><V124/><F124/><W131/><G131/><T5/><D5/><U62/><E9/><V99/><F99/><W92/><G17/><AGARI ba="1,2" hai="13,14,17,19,20,21,49,50,57,58,61,63,105,107" machi="17" ten="25,4800,0" yaku="1,1,22,2,53,0" doraHai="73" doraHaiUra="39" who="2" fromWho="3" sc="202,0,258,0,267,71,253,-51" /><INIT seed="6,2,0,4,4,12" ten="202,258,338,202" oya="2" hai0="61,82,4,36,27,127,118,41,115,77,76,21,108" hai1="29,30,7,23,63,107,114,93,124,135,119,71,16" hai2="57,83,46,106,96,122,102,131,68,38,116,22,78" hai3="20,105,28,117,40,128,2,120,133,43,80,110,85"/><V134/><F116/><W123/><G105/><T132/><D118/><U54/><E107/><V8/><F122/><W99/><G117/><T129/><D108/><U39/><E39/><V17/><F131/><W15/><G2/><T64/><D129/><U11/><E119/><V34/><F134/><W95/><G128/><T75/><D132/><U79/><E135/><V103/><F34/><W44/><G133/><T74/><D115/><U52/><E79/><V9/><F68/><W0/><G0/><T33/><D33/><U5/><E114/><V6/><F102/><W62/><G110/><T59/><D4/><N who="1" m="1611" /><E71/><V42/><F57/><W19/><G40/><T97/><D97/><U113/><E124/><V51/><F38/><W126/><G28/><T48/><D36/><U73/><E73/><V53/><F6/><W14/><G126/><T100/><D100/><U121/><E113/><V45/><F45/><W55/><G43/><T109/><D109/><U18/><E63/><V91/><F91/><N who="3" m="55807" /><G123/><T31/><D127/><U3/><E3/><V24/><REACH who="2" step="1"/><F53/><REACH who="2" ten="202,258,328,202" step="2"/><W67/><G120/><T49/><D41/><U89/><E54/><V65/><F65/><W98/><G67/><T47/><D47/><U50/><E52/><V56/><F56/><N who="3" m="35103" /><G44/><T70/><D70/><U104/><E121/><V125/><F125/><W60/><G60/><T26/><D64/><U111/><E111/><V87/><AGARI ba="2,1" hai="8,9,17,22,24,42,46,51,78,83,87,96,103,106" machi="87" ten="20,7800,0" yaku="1,1,0,1,7,1,52,1,53,0" doraHai="12" doraHaiUra="35" who="2" fromWho="2" sc="202,-28,258,-28,328,94,202,-28" /><INIT seed="6,3,0,2,0,21" ten="174,230,422,174" oya="2" hai0="34,42,122,56,101,83,41,104,103,27,10,96,97" hai1="38,63,44,98,92,77,135,37,120,16,53,54,131" hai2="115,99,105,64,4,32,9,0,66,46,52,93,17" hai3="24,91,18,129,2,39,121,65,40,19,8,89,117"/><V119/><F119/><W31/><G121/><T60/><D122/><U35/><E120/><V3/><F115/><W82/><G117/><T45/><D83/><U76/><E35/><V11/><F105/><W48/><G39/><T114/><D114/><U127/><E127/><V20/><F32/><W75/><G129/><T125/><D10/><U1/><E1/><V28/><F28/><W102/><G102/><T7/><D7/><U72/><E72/><V12/><F3/><W113/><G65/><T36/><D42/><U49/><E135/><V100/><F9/><W123/><G123/><T112/><D125/><U59/><E131/><V95/><F95/><W90/><G113/><T81/><D81/><U116/><E38/><V57/><F46/><W5/><G48/><AGARI ba="3,0" hai="0,4,11,12,17,20,48,52,57,64,66,93,99,100" machi="48" ten="30,2900,0" yaku="7,1,54,1" doraHai="21" who="2" fromWho="3" sc="174,0,230,0,422,38,174,-38" /><INIT seed="6,4,0,5,3,86" ten="174,230,460,136" oya="2" hai0="74,84,63,36,82,58,132,14,113,6,92,67,114" hai1="129,101,32,26,15,54,29,119,91,70,102,100,80" hai2="134,75,81,53,2,78,65,133,50,69,105,35,87" hai3="8,121,45,23,51,110,99,48,66,117,103,106,11"/><V42/><F35/><W107/><G117/><T72/><D36/><U55/><E70/><V10/><F105/><W95/><G121/><T83/><D132/><U47/><E119/><V108/><F108/><W64/><G110/><T13/><D83/><U1/><E1/><V49/><F49/><W73/><G73/><T96/><D6/><U41/><E129/><V109/><F42/><W46/><G23/><T52/><D72/><U4/><E4/><V21/><F109/><W59/><G59/><N who="0" m="37375" /><D74/><U98/><E15/><V3/><F21/><W128/><G95/><T43/><D43/><U127/><E127/><V97/><F75/><W17/><G17/><T120/><D120/><U115/><E115/><N who="0" m="44041" /><D92/><U7/><E7/><V71/><F3/><W130/><G103/><T94/><D94/><N who="1" m="56671" /><E80/><V126/><F126/><W61/><G61/><N who="0" m="36039" /><D96/><AGARI ba="4,0" hai="8,11,45,46,48,51,64,66,96,99,106,107,128,130" machi="96" ten="25,1600,0" yaku="22,2" doraHai="86" who="3" fromWho="0" sc="174,-28,230,0,460,0,136,28" /><INIT seed="7,0,0,4,1,21" ten="146,230,460,164" oya="3" hai0="16,108,45,47,7,96,63,111,39,8,89,52,55" hai1="69,133,65,128,107,42,17,122,14,5,20,74,30" hai2="132,125,109,121,40,113,126,82,79,116,123,73,11" hai3="31,135,35,115,88,6,95,134,38,75,72,66,37"/><W97/><G6/><T78/><D39/><N who="3" m="14857" /><G115/><T1/><D108/><U64/><E74/><N who="3" m="28202" /><G31/><T41/><D111/><U46/><E107/><V33/><F109/><W9/><G9/><T32/><D32/><U94/><E69/><V98/><F116/><W0/><G66/><T27/><D78/><U54/><E122/><V10/><F113/><W86/><G35/><T105/><D105/><U99/><E64/><V34/><F40/><W22/><G22/><N who="0" m="13767" /><D41/><U100/><E20/><V124/><F132/><N who="3" m="50731" /><G0/><T24/><D24/><U127/><E133/><V120/><F11/><W2/><G2/><T29/><D29/><U19/><E5/><V49/><F10/><W26/><G26/><T92/><D55/><U131/><E54/><V23/><F23/><W90/><G86/><T91/><D89/><AGARI ba="0,0" hai="88,89,90,95,97" m="50731,28202,14857" machi="89" ten="40,3900,0" yaku="20,1,54,1" doraHai="21" who="3" fromWho="0" sc="146,-39,230,0,460,0,164,39" /><INIT seed="7,1,0,1,0,38" ten="107,230,460,203" oya="3" hai0="3,37,61,15,16,40,0,93,48,124,90,39,112" hai1="28,54,56,110,78,35,47,58,118,113,6,7,115" hai2="17,94,125,62,59,42,65,27,76,13,25,130,71" hai3="99,91,114,132,10,31,46,8,126,134,32,121,88"/><W55/><G121/><T87/><D124/><U29/><E110/><V20/><F125/><W80/><G126/><T81/><D39/><U19/><E118/><V30/><F130/><W79/><G114/><N who="1" m="43530" /><E78/><V26/><F71/><W75/><G31/><N who="1" m="11850" /><E35/><V104/><F104/><W67/><G32/><T111/><D111/><U86/><E19/><V83/><F42/><W95/><G67/><T85/><D112/><U53/><E86/><N who="2" m="48487" /><F94/><W69/><G69/><T77/><D37/><U101/><E101/><V105/><F105/><W100/><G91/><T117/><D117/><U33/><E33/><V5/><F5/><N who="1" m="1545" /><E47/><V49/><F49/><N who="3" m="29111" /><G100/><T22/><REACH who="0" step="1"/><D61/><REACH who="0" ten="97,230,460,203" step="2"/><U128/><E128/><V45/><F45/><W68/><G68/><T92/><D92/><U97/><E97/><V127/><F127/><W84/><G75/><T129/><D129/><U73/><E73/><V109/><F109/><W120/><G120/><T72/><D72/><U2/><E2/><V108/><F108/><W57/><G57/><AGARI ba="1,1" hai="53,54,56,57,58" m="1545,11850,43530" machi="57" ten="30,3900,0" yaku="28,2,15,1" doraHai="38" who="1" fromWho="3" sc="97,0,230,52,460,0,203,-42" owari="97,-40.0,282,8.0,460,56.0,161,-24.0" /></mjloggm>