<mjloggm ver="2.3"><GO type="169" lobby="0"/><UN n0="%E3%82%A6%E3%83%AB%E3%83%88%E3%83%A9%E7%AB%8B%E7%9B%B4" n1="%E8%A5%BF%E5%9C%92%E5%AF%BA%E9%9D%96%E5%AD%90" n2="%E3%83%81%E3%83%A5%E3%83%AB%E3%82%B9" n3="%73%61%69%72%61%73%75" dan="18,16,16,17" rate="2157.96,2169.16,2113.34,2137.60" sx="M,F,M,M"/><TAIKYOKU oya="0"/><INIT seed="0,0,0,2,1,97" ten="250,250,250,250" oya="0" hai0="0,74,129,125,42,61,37,5,100,47,33,83,11" hai1="101,92,18,40,20,26,60,15,14,89,57,88,67" hai2="102,24,123,113,41,107,10,31,131,106,52,91,32" hai3="121,68,46,114,53,30,120,7,117,34,44,115,86"/><T16/><D33/><U21/><E40/><V87/><F113/><W132/><G7/><T133/><D125/><U71/><E71/><V9/><F123/><N who="3" m="47179" /><G132/><T110/><D133/><U51/><E51/><V127/><F127/><W55/><G34/><T84/><D129/><U126/><E126/><V99/><F131/><W3/><G3/><T75/><D110/><U58/><E58/><V112/><F112/><N who="3" m="43051" /><G30/><T78/><D61/><U23/><E14/><V62/><F107/><W109/><G86/><T135/><D135/><U128/><E128/><V13/><F41/><W8/><G8/><T85/><D75/><U122/><E122/><V111/><F111/><W118/><G68/><T54/><D54/><N who="3" m="20489" /><G109/><T134/><D134/><U22/><E15/><V56/><REACH who="2" step="1"/><F13/><REACH who="2" ten="250,250,240,250" step="2"/><W49/><G49/><T43/><D43/><U45/><E45/><AGARI ba="0,1" hai="44,45,46,117,118" m="20489,43051,47179" machi="45" ten="40,8000,1" yaku="28,2,13,1,34,2" doraHai="97" who="3" fromWho="1" sc="250,0,250,-80,240,0,250,90" /><INIT seed="1,0,0,2,5,119" ten="250,170,240,340" oya="1" hai0="17,115,124,68,120,104,60,69,31,62,52,125,54" hai1="46,58,105,3,67,85,43,134,93,27,116,12,45" hai2="109,22,47,9,24,78,39,121,6,38,30,40,49" hai3="99,42,135,20,51,76,11,36,90,10,28,8,89"/><U75/><E3/><V127/><F127/><N who="0" m="48714" /><D104/><U111/><E75/><V2/><F109/><W118/><G89/><T102/><D102/><U80/><E105/><V128/><F128/><W61/><G36/><T0/><D0/><U15/><E116/><V103/><F103/><W56/><G135/><T50/><D31/><U129/><E134/><V123/><REACH who="2" step="1"/><F78/><REACH who="2" ten="250,170,230,340" step="2"/><W23/><G76/><T100/><D100/><U86/><E129/><V25/><F25/><W87/><G118/><T13/><D115/><U83/><E111/><V70/><F70/><N who="0" m="27242" /><D120/><AGARI ba="0,1" hai="2,6,9,22,24,30,38,39,40,47,49,120,121,123" machi="120" ten="40,8000,1" yaku="1,1,52,3,53,0" doraHai="119" doraHaiUra="107" who="2" fromWho="0" sc="250,-80,170,0,230,90,340,0" /><INIT seed="2,0,0,0,5,5" ten="170,170,320,340" oya="2" hai0="28,79,118,61,102,47,72,51,42,91,4,36,124" hai1="0,126,19,75,69,134,62,116,113,48,100,95,125" hai2="87,31,24,45,18,74,130,13,29,23,25,122,27" hai3="7,121,99,71,107,108,43,14,88,133,105,73,117"/><V63/><F74/><W84/><G71/><T92/><D124/><U132/><E19/><V50/><F122/><W30/><G121/><T1/><D118/><U98/><E0/><V119/><F119/><W20/><G117/><T22/><D102/><U67/><E116/><V77/><F63/><W34/><G73/><T60/><D51/><U55/><E75/><V56/><F56/><W80/><G108/><T57/><D22/><U37/><E37/><V16/><F130/><W21/><G133/><N who="1" m="51306" /><E113/><V83/><REACH who="2" step="1"/><F18/><REACH who="2" ten="170,170,310,340" step="2"/><W129/><G129/><T106/><D57/><AGARI ba="0,1" hai="48,55,57,62,67,69,95,98,100,125,126" m="51306" machi="57" ten="30,1000,0" yaku="20,1" doraHai="5" who="1" fromWho="0" sc="170,-10,170,20,310,0,340,0" /><INIT seed="3,0,0,4,4,85" ten="160,190,310,340" oya="3" hai0="29,120,106,103,2,88,95,22,64,126,107,93,65" hai1="60,44,115,119,132,10,83,87,59,13,56,51,82" hai2="21,7,104,112,69,50,128,99,101,97,61,92,38" hai3="17,81,122,12,75,121,28,94,23,4,129,124,116"/><W36/><G36/><T15/><D2/><U8/><E115/><V41/><F112/><W68/><G68/><T80/><D120/><U111/><E111/><V66/><F128/><W19/><G116/><T131/><D131/><U123/><E123/><V6/><F21/><W39/><G39/><T52/><D126/><U73/><E119/><V100/><F38/><W86/><G129/><T130/><D130/><U37/><E37/><V102/><REACH who="2" step="1"/><F101/><REACH who="2" ten="160,190,300,340" step="2"/><W42/><G23/><T105/><D103/><U53/><E132/><V27/><F27/><W3/><G122/><T98/><D107/><U134/><E134/><V30/><F30/><W133/><G28/><T47/><D106/><U35/><E35/><V63/><F63/><W20/><G20/><T72/><D105/><U74/><E8/><V67/><F67/><W84/><G121/><T70/><D65/><U11/><E10/><V9/><F9/><W77/><G133/><T76/><D64/><U18/><E60/><V79/><F79/><W0/><G124/><T43/><D70/><U54/><E11/><V48/><F48/><W89/><G3/><T113/><D113/><U71/><E51/><V110/><F110/><W96/><G0/><T46/><D29/><U135/><E71/><V118/><F118/><W16/><G12/><T125/><D125/><U45/><E13/><V5/><F5/><W91/><G4/><T34/><D15/><U24/><E135/><V127/><F127/><W62/><G62/><T90/><D34/><U78/><E24/><V25/><F25/><W26/><G26/><T32/><D32/><RYUUKYOKU ba="0,1" sc="160,-10,190,-10,300,30,340,-10" hai2="6,7,41,50,61,66,69,92,97,99,100,102,104" /><INIT seed="4,1,1,0,2,15" ten="150,180,330,330" oya="0" hai0="45,56,120,21,20,118,57,132,135,125,6,83,104" hai1="85,31,87,55,19,81,63,103,9,111,39,84,10" hai2="100,3,64,2,115,89,27,93,106,92,75,29,112" hai3="51,72,90,4,35,98,49,131,134,26,66,30,52"/><T123/><D104/><U32/><E39/><V46/><F75/><W74/><G66/><T133/><D118/><U107/><E111/><V78/><F78/><W14/><G134/><T62/><D125/><U8/><E32/><V58/><F46/><W130/><G51/><T129/><D129/><N who="3" m="49161" /><G98/><T73/><D6/><U16/><E31/><V36/><F36/><W17/><G90/><T59/><D62/><U124/><E124/><V113/><F106/><W110/><G4/><T67/><D67/><U33/><E33/><N who="2" m="20671" /><F100/><W95/><G95/><N who="2" m="36425" /><F89/><W126/><G110/><T47/><D83/><U22/><E103/><V54/><F64/><W71/><G71/><T105/><D73/><U23/><E107/><V12/><F12/><W65/><G65/><T121/><REACH who="0" step="1"/><D105/><REACH who="0" ten="140,180,330,330" step="2"/><U80/><E80/><V50/><AGARI ba="1,2" hai="2,3,50,54,58,112,113,115" m="36425,20671" machi="50" ten="40,1500,0" yaku="15,1" doraHai="15" who="2" fromWho="2" sc="140,-8,180,-5,330,38,330,-5" /><INIT seed="5,0,0,4,4,112" ten="132,175,368,325" oya="1" hai0="88,118,122,61,38,91,82,89,77,15,45,41,126" hai1="74,87,31,24,72,125,131,132,127,98,105,46,23" hai2="59,19,119,54,17,9,36,85,2,83,93,60,90" hai3="12,120,48,52,78,68,35,100,21,62,44,103,58"/><U107/><E132/><V7/><F119/><W134/><G120/><T108/><D108/><U101/><E107/><V6/><F36/><W26/><G134/><T65/><D122/><U86/><E131/><V4/><F4/><W3/><G3/><T25/><D126/><N who="1" m="48139" /><E46/><V13/><F7/><W79/><G68/><T116/><D15/><U84/><AGARI ba="0,0" hai="23,24,31,72,74,84,86,87,98,101,105" m="48139" machi="84" ten="30,1500,0" yaku="18,1" doraHai="112" who="1" fromWho="1" sc="132,-5,175,15,368,-5,325,-5" /><INIT seed="5,1,0,3,0,42" ten="127,190,363,320" oya="1" hai0="26,83,33,93,11,2,14,134,81,8,75,86,5" hai1="19,56,114,6,72,82,99,47,110,53,116,15,13" hai2="57,34,36,51,39,28,123,10,100,48,64,92,127" hai3="79,27,98,0,49,24,87,78,85,111,30,135,17"/><U66/><E116/><V3/><F123/><W76/><G111/><T122/><D122/><U128/><E110/><V74/><F74/><W71/><G0/><T105/><D105/><U35/><E35/><V73/><F73/><W104/><G71/><T68/><D68/><U21/><E114/><V22/><F34/><W108/><G108/><T29/><D134/><U44/><E128/><V90/><F39/><W130/><G104/><T106/><D106/><U77/><E66/><V89/><F36/><W50/><G135/><T118/><D118/><U52/><E99/><V20/><F3/><W12/><G98/><T107/><D107/><U125/><E125/><V31/><F10/><W97/><G97/><T70/><D70/><U69/><E69/><V23/><F127/><W41/><G49/><T120/><D120/><U94/><E94/><V84/><F100/><W4/><G4/><T59/><D75/><U115/><E115/><V133/><F133/><W1/><G1/><T25/><D25/><N who="3" m="9801" /><G30/><N who="2" m="11305" /><F90/><W18/><G18/><T88/><REACH who="0" step="1"/><D59/><REACH who="0" ten="117,190,363,320" step="2"/><U67/><E56/><V121/><F121/><W61/><G130/><T55/><D55/><U62/><E53/><V113/><F113/><W58/><G58/><T119/><D119/><U37/><E52/><V102/><F57/><W95/><G61/><T32/><D32/><U7/><E62/><V60/><F60/><W54/><G54/><T46/><D46/><U126/><E47/><V40/><F64/><W117/><G117/><T109/><D109/><U129/><E67/><V96/><F102/><W65/><G65/><T38/><D38/><RYUUKYOKU ba="1,1" sc="117,30,190,-10,363,-10,320,-10" hai0="2,5,8,11,14,26,29,33,81,83,86,88,93" /><INIT seed="6,2,1,0,1,107" ten="147,180,353,310" oya="2" hai0="29,45,120,75,48,0,13,11,117,50,41,31,106" hai1="33,52,59,84,62,65,37,130,74,79,133,7,40" hai2="101,116,14,76,82,83,94,9,12,78,4,127,28" hai3="88,66,105,23,20,108,63,17,96,80,26,104,71"/><V77/><F116/><W2/><G108/><T49/><D120/><U112/><E33/><V118/><F118/><W126/><G2/><T98/><D117/><U123/><E123/><V128/><F128/><W113/><G126/><T103/><D0/><U97/><E130/><V43/><F28/><W6/><G6/><T18/><REACH who="0" step="1"/><D75/><REACH who="0" ten="137,180,353,310" step="2"/><U58/><E74/><V132/><F127/><W16/><G113/><T56/><D56/><U24/><E112/><V39/><F132/><W90/><G80/><T32/><D32/><U122/><E133/><V30/><F83/><W35/><G35/><T69/><D69/><U3/><E122/><V86/><F82/><W60/><G60/><T5/><D5/><U22/><E7/><V42/><F4/><W27/><G90/><T44/><D44/><U73/><E73/><V135/><F135/><W8/><G88/><T47/><D47/><U89/><E3/><V64/><F78/><W131/><G131/><T70/><D70/><U81/><E79/><V129/><F77/><W68/><G68/><T54/><D54/><U121/><E121/><V46/><F129/><W109/><G109/><T93/><D93/><U92/><E59/><V67/><F76/><W61/><G61/><T53/><D53/><U87/><E52/><V19/><F46/><W115/><G115/><T21/><D21/><U38/><E81/><V25/><F94/><W124/><G124/><T119/><D119/><U99/><E92/><V102/><F67/><W36/><G105/><T85/><D85/><U91/><E65/><V55/><F64/><W72/><G104/><RYUUKYOKU ba="2,2" sc="137,30,180,-10,353,-10,310,-10" hai0="11,13,18,29,31,41,45,48,49,50,98,103,106" /><INIT seed="7,3,2,2,0,63" ten="167,170,343,300" oya="3" hai0="4,111,134,21,88,128,14,43,124,94,102,131,95" hai1="109,27,37,5,59,12,77,85,69,135,61,132,76" hai2="103,33,93,125,64,129,35,87,19,28,23,22,74" hai3="81,133,113,96,127,34,16,97,90,6,110,101,106"/><W46/><G34/><T2/><D111/><U18/><E109/><V117/><F74/><W73/><G110/><T57/><D2/><U67/><E37/><V82/><F117/><W91/><G6/><T40/><D124/><U121/><E121/><V105/><F105/><W10/><G127/><T49/><D134/><N who="1" m="51243" /><E85/><V26/><F125/><W50/><G133/><T70/><D70/><U89/><E89/><V118/><F118/><W98/><G113/><T13/><D102/><U100/><E100/><V15/><F129/><N who="0" m="49738" /><D95/><U53/><E27/><V42/><F42/><N who="0" m="15914" /><D4/><U84/><E5/><V78/><F35/><W38/><G38/><T65/><D21/><N who="1" m="11463" /><E84/><V86/><F33/><W72/><G90/><T107/><D107/><U68/><E68/><V104/><F104/><W126/><G126/><T122/><D122/><U75/><E75/><V9/><F87/><N who="3" m="50671" /><G72/><T71/><D71/><U17/><E17/><V31/><F31/><W54/><G73/><T130/><N who="0" m="49746" /><T47/><DORA hai="29" /><D88/><U45/><E45/><V36/><F36/><W48/><G48/><AGARI ba="3,2" hai="48,53,59,61,67,69,76,77" m="11463,51243" machi="48" ten="30,2000,0" yaku="20,1,52,1" doraHai="63,29" who="1" fromWho="3" sc="167,0,170,49,343,0,300,-29" owari="167,-33.0,219,-18.0,343,44.0,271,7.0" /></mjloggm>