<mjloggm ver="2.3"><GO type="169" lobby="0"/><UN n0="%7A%65%61%6C%E2%88%AC" n1="%E3%83%88%E3%83%88%E3%83%AA%E5%85%88%E7%94%9F%31%39%E6%AD%B3" n2="%3D%4A%61%6D" n3="%67%6F%75%73%69" dan="16,18,17,17" rate="2084.22,2184.56,2203.09,2104.99" sx="M,F,M,M"/><TAIKYOKU oya="0"/><INIT seed="0,0,0,1,1,121" ten="250,250,250,250" oya="0" hai0="40,17,14,79,72,114,123,2,85,81,88,46,57" hai1="120,89,94,132,126,8,51,109,125,59,24,68,28" hai2="117,71,102,31,4,87,84,50,95,80,19,69,6" hai3="86,3,119,127,116,11,15,110,106,13,1,56,21"/><T130/><D123/><U36/><E120/><V16/><F31/><W39/><G86/><T82/><D130/><U32/><E36/><V7/><F117/><W105/><G56/><T65/><D2/><U30/><E68/><V44/><F102/><W53/><G53/><T78/><D114/><U41/><E132/><V111/><F95/><W129/><G39/><T113/><D113/><U35/><E8/><V67/><F67/><W122/><G122/><T91/><D57/><U9/><E9/><V134/><F134/><W29/><G11/><T75/><D85/><U37/><E37/><V93/><F93/><W128/><G21/><T5/><D5/><U26/><E109/><V58/><F58/><W77/><G29/><T60/><D60/><U118/><E118/><V10/><F10/><W45/><G45/><T101/><D101/><U99/><REACH who="1" step="1"/><E41/><REACH who="1" ten="250,240,250,250" step="2"/><V64/><F111/><W74/><G110/><T83/><D40/><U98/><E98/><V133/><F133/><W20/><G116/><T38/><D38/><U54/><AGARI ba="0,1" hai="24,26,28,30,32,35,51,54,59,89,94,99,125,126" machi="54" ten="30,7900,0" yaku="1,1,0,1,9,1,53,1" doraHai="121" doraHaiUra="49" who="1" fromWho="1" sc="250,-39,240,89,250,-20,250,-20" /><INIT seed="1,0,0,4,4,125" ten="211,329,230,230" oya="1" hai0="87,29,1,90,52,108,121,72,100,24,23,58,48" hai1="33,14,0,129,69,30,7,17,62,95,20,122,66" hai2="132,57,78,98,91,47,89,128,101,45,38,27,111" hai3="99,15,102,53,68,94,119,70,59,16,46,84,44"/><U56/><E122/><V64/><F78/><W32/><G32/><T5/><D72/><U97/><E129/><V117/><F117/><W86/><G119/><T51/><D108/><U42/><E42/><V116/><F57/><W18/><G70/><T123/><D100/><U28/><E33/><V124/><F27/><W4/><G4/><T93/><REACH who="0" step="1"/><D48/><REACH who="0" ten="201,329,230,230" step="2"/><U8/><E69/><V77/><F111/><W92/><G68/><T9/><AGARI ba="0,1" hai="1,5,9,23,24,29,51,52,58,87,90,93,121,123" machi="9" ten="30,8000,1" yaku="1,1,2,1,0,1,54,1,53,1" doraHai="125" doraHaiUra="50" who="0" fromWho="0" sc="201,90,329,-40,230,-20,230,-20" /><INIT seed="2,0,0,1,3,23" ten="291,289,210,210" oya="2" hai0="98,52,111,90,67,100,83,117,102,132,26,106,114" hai1="42,53,46,0,45,9,40,66,15,107,125,85,44" hai2="48,36,41,65,16,10,96,54,129,49,133,19,119" hai3="61,97,81,71,134,131,99,59,116,39,43,104,68"/><V34/><F119/><W101/><G116/><T127/><D114/><U3/><E107/><V135/><F129/><W37/><G131/><T126/><D117/><U130/><E130/><V13/><F65/><W113/><G134/><N who="2" m="51209" /><F34/><W1/><G1/><T70/><D132/><U110/><E110/><V87/><F96/><W24/><G81/><T120/><D120/><U31/><E125/><N who="0" m="47625" /><D111/><U27/><E66/><V78/><F19/><W14/><G14/><T95/><D83/><U29/><E29/><V108/><F108/><W128/><G113/><T21/><D106/><U55/><E0/><V69/><F69/><W35/><G97/><T20/><D20/><N who="1" m="15847" /><E3/><V89/><F78/><W62/><G128/><T18/><D52/><N who="1" m="20043" /><E85/><V92/><F54/><N who="3" m="34039" /><G68/><T38/><D38/><U74/><E74/><V86/><F86/><W60/><G60/><AGARI ba="0,0" hai="18,21,26,60,67,70,90,95,98,100,102" m="47625" machi="60" ten="30,2000,0" yaku="18,1,52,1" doraHai="23" who="0" fromWho="3" sc="291,20,289,0,210,0,210,-20" /><INIT seed="3,0,0,1,3,130" ten="311,289,210,190" oya="3" hai0="39,50,63,84,62,78,44,129,34,128,49,69,57" hai1="3,119,8,64,105,123,5,135,17,111,79,86,2" hai2="92,22,114,28,65,46,102,23,36,38,93,55,10" hai3="103,42,85,29,76,89,83,58,90,15,87,41,7"/><W98/><G29/><T133/><D34/><U37/><E123/><V94/><F102/><W80/><G76/><T6/><D6/><U24/><E37/><V134/><F65/><W26/><G26/><T48/><D78/><U74/><E105/><V51/><F114/><W53/><G15/><T56/><D84/><U54/><E74/><V12/><F28/><W117/><G7/><T14/><D14/><U132/><E111/><V82/><F82/><W40/><G117/><T101/><D101/><U11/><E119/><V0/><F0/><W115/><G115/><T1/><D1/><U121/><E121/><V124/><F124/><W59/><REACH who="3" step="1"/><G53/><REACH who="3" ten="311,289,210,180" step="2"/><T91/><D129/><U33/><E54/><V75/><F12/><W67/><G67/><T45/><D128/><U52/><E64/><V21/><F75/><W35/><G35/><T122/><D122/><U9/><E3/><V68/><F10/><W88/><G88/><T66/><D91/><U81/><E52/><V113/><F113/><W108/><G108/><T96/><D66/><U118/><E118/><V104/><F55/><W77/><G77/><T131/><D131/><U99/><E33/><V100/><F23/><W116/><G116/><T18/><D18/><U95/><E17/><V47/><F22/><W70/><G70/><T125/><D69/><U31/><E24/><V97/><F21/><W71/><G71/><T109/><D109/><U112/><E31/><V27/><F27/><W25/><G25/><T20/><D20/><U72/><E112/><V30/><F68/><W61/><G61/><T127/><D63/><RYUUKYOKU ba="0,1" sc="311,-10,289,-10,210,-10,180,30" hai3="40,41,42,58,59,80,83,85,87,89,90,98,103" /><INIT seed="3,1,1,1,0,70" ten="301,279,200,210" oya="3" hai0="113,109,102,20,65,131,31,123,92,32,19,29,80" hai1="106,26,1,33,89,25,117,15,37,74,66,118,75" hai2="68,45,94,129,5,56,115,61,44,48,79,103,134" hai3="114,53,36,124,125,47,49,90,46,10,105,58,67"/><W88/><G105/><T93/><D123/><U127/><E1/><V51/><F115/><W18/><G114/><T128/><D113/><U59/><E106/><V116/><F68/><W95/><G67/><T112/><D112/><U73/><E127/><N who="3" m="48714" /><G90/><T135/><D109/><U72/><E37/><V30/><F116/><N who="1" m="44649" /><E72/><V35/><F35/><W13/><G36/><T77/><D135/><U133/><E33/><V110/><F110/><W2/><G2/><T50/><D50/><U99/><E133/><V63/><F134/><W108/><G108/><T91/><D102/><U78/><E78/><V38/><F38/><W104/><G104/><T101/><D101/><U42/><E42/><V41/><F129/><N who="0" m="49738" /><D65/><U21/><E89/><V120/><F120/><W119/><G119/><T6/><D6/><U34/><E99/><AGARI ba="1,1" hai="10,13,18,46,47,49,53,58,88,95,99" m="48714" machi="99" ten="30,2900,0" yaku="18,1,54,1" doraHai="70" who="3" fromWho="1" sc="301,0,279,-32,200,0,210,42" /><INIT seed="3,2,0,4,5,126" ten="301,247,200,252" oya="3" hai0="43,6,101,2,127,35,14,37,44,49,59,92,96" hai1="135,56,0,125,33,131,116,28,78,75,11,26,121" hai2="27,106,104,115,1,132,12,73,72,4,52,39,55" hai3="50,63,93,123,84,79,81,130,31,111,58,53,32"/><W24/><G123/><T80/><D127/><U114/><RYUUKYOKU type="yao9" ba="2,0" sc="301,0,247,0,200,0,252,0" hai1="0,11,26,28,33,56,75,78,114,116,121,125,131,135" /><INIT seed="3,3,0,3,0,10" ten="301,247,200,252" oya="3" hai0="0,117,58,4,40,69,116,87,93,130,96,33,91" hai1="72,23,29,104,103,133,27,42,74,7,115,59,98" hai2="126,16,15,81,108,109,128,84,135,43,111,120,19" hai3="65,30,80,124,17,61,79,78,20,134,131,6,123"/><W8/><G123/><T101/><D69/><U127/><E115/><V54/><F120/><W90/><G30/><T22/><D33/><U119/><E133/><V44/><F135/><W51/><G131/><T100/><D130/><U112/><E112/><V107/><F107/><W63/><G124/><T105/><D40/><U49/><E127/><V70/><F128/><W113/><G113/><T52/><D100/><U41/><E119/><V92/><F126/><W32/><G32/><T121/><D121/><U83/><E42/><V18/><F92/><W94/><G51/><T38/><D38/><U95/><E104/><V11/><F70/><W71/><G63/><T86/><D86/><U56/><E7/><V55/><F55/><W45/><G45/><T68/><D68/><U102/><E102/><V129/><F129/><W85/><G134/><T3/><D22/><U89/><E74/><V39/><F54/><W66/><G66/><T24/><D24/><U34/><E34/><V75/><F75/><W5/><G8/><T46/><D46/><N who="1" m="25807" /><E72/><V28/><F28/><W9/><G9/><T122/><D4/><U53/><E53/><V132/><F132/><W57/><G71/><T67/><D67/><U48/><E48/><V26/><F26/><W36/><G36/><T13/><D122/><U2/><E2/><N who="0" m="553" /><D117/><U76/><E103/><V106/><F106/><W125/><G125/><T60/><D116/><U88/><E76/><AGARI ba="3,0" hai="11,15,16,18,19,39,43,44,76,81,84,108,109,111" machi="76" ten="40,5200,0" yaku="14,1,52,1,54,1" doraHai="10" who="2" fromWho="1" sc="301,0,247,-61,200,61,252,0" /><INIT seed="4,0,0,0,4,122" ten="301,186,261,252" oya="0" hai0="38,34,94,15,16,109,32,134,121,7,61,35,59" hai1="119,62,1,10,74,30,37,8,58,72,55,127,9" hai2="131,70,98,79,87,19,24,50,108,41,112,113,77" hai3="11,125,14,2,105,33,52,95,49,25,86,111,57"/><T78/><D121/><U67/><E119/><V0/><F70/><W91/><G125/><T43/><D134/><U44/><E127/><V130/><F0/><W27/><G105/><T21/><D78/><N who="2" m="29706" /><F87/><W23/><G111/><T135/><D135/><U64/><E1/><V39/><F39/><W63/><G33/><T128/><D128/><N who="2" m="49194" /><F98/><W69/><G2/><T118/><D118/><U100/><E30/><V129/><F129/><W92/><G92/><T106/><D106/><U90/><E100/><V71/><F71/><W132/><G132/><T65/><D94/><U53/><E90/><V48/><F41/><W17/><G11/><T126/><D126/><U60/><E37/><V81/><F81/><W42/><G42/><T68/><D68/><U13/><E13/><V29/><F19/><W20/><G20/><T102/><D102/><U73/><REACH who="1" step="1"/><E44/><REACH who="1" ten="301,176,261,252" step="2"/><V83/><F29/><W116/><G116/><T114/><D38/><U84/><E84/><V5/><F24/><W36/><G36/><T12/><D12/><U75/><N who="1" m="18432" /><DORA hai="76" /><U46/><E46/><V85/><F85/><W45/><G45/><T117/><D15/><U89/><E89/><V93/><F113/><W82/><G25/><T97/><D114/><U4/><E4/><V115/><F5/><W99/><G14/><T80/><D7/><U31/><E31/><V6/><F6/><W107/><G86/><T66/><D117/><U88/><E88/><V3/><F3/><W54/><G27/><T26/><D26/><U40/><E40/><V104/><F115/><W96/><G91/><T103/><D43/><RYUUKYOKU ba="0,1" sc="301,-10,176,30,261,-10,252,-10" hai1="8,9,10,53,55,58,60,62,64,67" /><INIT seed="5,1,1,3,1,14" ten="291,206,251,242" oya="1" hai0="72,10,129,27,51,100,64,130,127,106,12,82,42" hai1="107,113,71,18,121,116,84,126,77,58,35,102,87" hai2="90,21,28,98,67,122,125,56,88,16,50,112,8" hai3="24,118,97,73,36,33,34,13,103,60,110,114,68"/><U26/><E116/><V55/><F122/><W54/><G36/><T115/><D115/><U53/><E121/><V123/><F123/><W85/><G73/><T45/><D127/><U70/><E126/><V22/><F125/><W132/><G110/><T75/><D64/><U134/><E113/><V46/><F112/><W66/><G114/><T101/><D27/><U39/><E39/><V5/><F28/><W104/><G132/><T23/><D23/><U25/><E134/><V62/><F22/><W133/><G133/><T44/><D44/><U94/><E107/><V96/><F8/><W76/><G118/><T86/><D106/><U124/><E124/><V80/><F5/><W63/><G13/><T1/><D1/><U57/><E35/><V89/><F80/><W69/><G54/><T2/><D2/><U95/><E53/><V108/><F108/><W17/><G85/><T99/><D99/><U91/><E91/><V11/><F11/><W6/><G76/><N who="0" m="46407" /><D100/><U7/><E102/><V0/><F0/><W4/><G33/><T43/><D43/><U131/><E7/><V119/><F119/><W105/><G105/><T111/><D101/><U32/><E32/><V109/><F109/><W47/><G34/><T83/><D83/><U29/><E29/><V120/><F120/><W128/><G4/><N who="0" m="3143" /><D111/><U92/><E92/><V38/><F38/><W20/><G6/><T117/><D117/><U78/><REACH who="1" step="1"/><E18/><REACH who="1" ten="291,196,251,242" step="2"/><V41/><F41/><W9/><G17/><T52/><D52/><U48/><E48/><V93/><F93/><W61/><G104/><T15/><D42/><RYUUKYOKU ba="1,2" sc="291,-15,196,15,251,15,242,-15" hai1="25,26,57,58,70,71,77,78,84,87,94,95,131" hai2="16,21,46,50,55,56,62,67,88,89,90,96,98" /><INIT seed="5,2,2,4,5,95" ten="276,211,266,227" oya="1" hai0="130,63,34,107,46,42,112,106,92,47,105,54,67" hai1="32,12,124,65,70,27,83,129,2,10,109,58,6" hai2="66,53,50,76,22,110,118,26,14,131,62,55,99" hai3="24,0,3,82,111,7,40,133,45,96,13,36,97"/><U37/><E70/><V134/><F110/><W87/><G111/><T56/><D34/><U68/><E109/><V30/><F118/><W123/><G123/><T41/><D112/><U23/><E68/><V60/><F134/><W61/><G133/><T90/><D130/><U120/><E120/><V71/><F131/><W125/><G125/><T127/><D127/><U4/><E129/><V19/><F62/><W9/><G61/><T38/><D67/><U8/><E124/><V1/><F1/><W79/><G3/><T51/><REACH who="0" step="1"/><D107/><REACH who="0" ten="266,211,266,227" step="2"/><U35/><E65/><V116/><F116/><W59/><G59/><T43/><D43/><U39/><E58/><V132/><F132/><W93/><G0/><T128/><D128/><U117/><E117/><V122/><F122/><W113/><G113/><T48/><D48/><U73/><E32/><V5/><F50/><W119/><G119/><T11/><D11/><U75/><E35/><V86/><F55/><W20/><REACH who="3" step="1"/><G93/><REACH who="3" ten="266,211,266,217" step="2"/><T17/><D17/><AGARI ba="2,4" hai="7,9,13,17,20,24,36,40,45,79,82,87,96,97" machi="17" ten="30,8000,1" yaku="1,1,2,1,7,1,52,2,53,0" doraHai="95" doraHaiUra="31" who="3" fromWho="0" sc="266,-86,211,0,266,0,217,126" /><INIT seed="6,0,0,4,5,78" ten="180,211,266,343" oya="2" hai0="120,18,32,93,72,39,67,49,75,40,88,68,83" hai1="23,3,31,126,21,51,84,11,85,135,69,106,79" hai2="91,52,80,0,8,6,29,131,124,123,128,17,36" hai3="55,64,22,44,127,99,76,62,134,116,57,37,19"/><V95/><F123/><W10/><G116/><T66/><D120/><U70/><E106/><V24/><F36/><W38/><G10/><T7/><D32/><U107/><E107/><V13/><F124/><W58/><G134/><T14/><D39/><U12/><E3/><V16/><F0/><W45/><G127/><T133/><D133/><U103/><E103/><V35/><F52/><W104/><G76/><T30/><D30/><U65/><E126/><V43/><F43/><W56/><G45/><N who="0" m="25767" /><D68/><U100/><E100/><V98/><REACH who="2" step="1"/><F80/><REACH who="2" ten="180,211,256,343" step="2"/><W54/><G37/><T109/><D83/><U119/><E135/><V94/><F94/><W59/><G38/><T50/><D93/><U114/><E51/><V48/><F48/><W86/><G44/><T89/><D50/><U1/><E1/><V26/><F26/><W101/><G55/><T110/><D67/><U121/><E65/><V63/><F63/><W118/><G54/><T71/><D66/><U130/><E121/><V41/><F41/><W97/><G64/><T81/><D81/><U28/><E69/><V111/><F111/><W102/><G62/><T47/><D71/><U77/><E70/><V5/><F5/><W115/><G58/><T82/><D47/><U108/><E108/><N who="0" m="41577" /><D7/><U132/><E132/><V33/><F33/><W34/><G34/><T117/><D117/><U46/><E119/><V90/><F90/><N who="0" m="34922" /><D82/><N who="1" m="47183" /><E46/><V92/><F92/><N who="3" m="58599" /><G118/><T27/><D27/><U129/><E79/><V4/><F4/><W122/><G122/><T105/><D105/><U42/><E42/><V15/><F15/><W74/><G104/><RYUUKYOKU ba="0,1" sc="180,15,211,-15,256,15,343,-15" hai0="14,18,72,75" hai2="6,8,13,16,17,24,29,35,91,95,98,128,131" /><INIT seed="6,1,1,5,3,86" ten="195,196,271,328" oya="2" hai0="61,126,8,57,129,15,37,131,35,105,98,114,67" hai1="54,40,83,63,19,75,17,39,27,88,1,31,47" hai2="33,22,104,42,44,23,84,108,12,46,125,72,36" hai3="96,94,45,64,122,28,41,20,119,11,59,21,69"/><V92/><F72/><W91/><G119/><T101/><D114/><U120/><E1/><V128/><F104/><W76/><G69/><T97/><D126/><U118/><E118/><V6/><F33/><W60/><G122/><T99/><D37/><U34/><E120/><V51/><F125/><W53/><G76/><T124/><D35/><U24/><E24/><V82/><F108/><W14/><G28/><T103/><D124/><U43/><E43/><V81/><F128/><N who="0" m="49226" /><D105/><U134/><E134/><V73/><F73/><W80/><G80/><T117/><D117/><U95/><E54/><V26/><F26/><W70/><G70/><T85/><D85/><U38/><E38/><V55/><F92/><W135/><G53/><T87/><D87/><U107/><E107/><V32/><F82/><W71/><G71/><T130/><N who="0" m="49234" /><T3/><DORA hai="5" /><D3/><U106/><E63/><V16/><F6/><AGARI ba="1,1" hai="6,8,15,57,61,67,97,98,99,101,103" m="49234" machi="6" ten="40,2600,0" yaku="19,1,52,1" doraHai="86,5" who="0" fromWho="2" sc="195,39,196,0,271,-29,328,0" /><INIT seed="7,0,0,5,3,10" ten="234,196,242,328" oya="3" hai0="53,86,54,104,1,40,44,102,122,45,124,130,49" hai1="42,46,110,99,103,71,8,125,59,112,108,63,47" hai2="92,50,2,134,73,79,107,56,52,28,58,88,55" hai3="32,3,131,37,27,35,121,25,98,75,109,26,81"/><W20/><G37/><T38/><D122/><U69/><E112/><V51/><F2/><W82/><G3/><T33/><D33/><U129/><E47/><V34/><F107/><W29/><G121/><T70/><D1/><U89/><E89/><V87/><F134/><W17/><G75/><T120/><D120/><U113/><E113/><V57/><F57/><W101/><G131/><T11/><D130/><U39/><E129/><V16/><F16/><W132/><G132/><T66/><D124/><U24/><E125/><V106/><F106/><W84/><G109/><T36/><D86/><U126/><E126/><V91/><F91/><W12/><G82/><T123/><D123/><U114/><E114/><V85/><F73/><W48/><G48/><T105/><D11/><U118/><E118/><V127/><F127/><W31/><G35/><T13/><D105/><U68/><E24/><V76/><F85/><W14/><G27/><AGARI ba="0,0" hai="27,28,34,50,51,52,55,56,58,76,79,87,88,92" machi="27" ten="40,5200,0" yaku="9,1,54,2" doraHai="10" who="2" fromWho="3" sc="234,0,196,0,242,52,328,-52" /><INIT seed="8,0,0,0,1,40" ten="234,196,294,276" oya="0" hai0="86,9,78,11,63,14,66,52,59,15,17,28,12" hai1="117,46,32,57,64,50,22,62,44,67,95,7,24" hai2="77,81,69,76,93,26,74,111,112,45,121,31,89" hai3="85,10,103,23,101,109,98,41,84,91,126,33,47"/><T21/><D28/><U115/><E32/><V29/><F69/><W51/><G33/><T25/><REACH who="0" step="1"/><D66/><REACH who="0" ten="224,196,294,276" step="2"/><N who="1" m="39247" /><E117/><V68/><F31/><W58/><G109/><T48/><D48/><U82/><E115/><V90/><F111/><W18/><G126/><T131/><D131/><U122/><E122/><V39/><F121/><W55/><G51/><T49/><D49/><U125/><E125/><V110/><F110/><W80/><G55/><T34/><D34/><U119/><E119/><V99/><F29/><W92/><G41/><T107/><D107/><U130/><E130/><V43/><F112/><W113/><G113/><T70/><D70/><U5/><E64/><V94/><F68/><W37/><G37/><T1/><D1/><U38/><E67/><V73/><F39/><W54/><G54/><T104/><D104/><U19/><E38/><V120/><F120/><W116/><G116/><T2/><D2/><U87/><E95/><V75/><F43/><W83/><G92/><T4/><D4/><N who="1" m="1611" /><E50/><V13/><F94/><W60/><G60/><T96/><D96/><U106/><E106/><V105/><F99/><W114/><G98/><T88/><D88/><AGARI ba="0,1" hai="19,22,24,44,46,82,87,88" m="1611,39247" machi="88" ten="30,7700,0" yaku="8,1,52,2,54,1" doraHai="40" who="1" fromWho="0" sc="224,-77,196,87,294,0,276,0" /><INIT seed="9,0,0,0,5,37" ten="147,283,294,276" oya="1" hai0="107,10,29,48,111,84,88,96,47,123,108,55,125" hai1="65,68,52,86,93,80,117,38,102,118,40,23,83" hai2="33,35,124,41,77,63,5,57,114,129,61,72,128" hai3="45,121,94,116,66,14,18,43,104,17,51,26,112"/><U78/><E52/><N who="2" m="33959" /><F114/><W70/><G104/><T31/><D125/><U87/><E23/><V42/><F124/><W19/><G121/><T113/><D113/><U110/><E110/><V133/><F133/><W8/><G112/><T106/><D123/><U69/><E93/><V109/><F109/><W75/><G75/><T122/><D122/><U27/><E27/><V36/><F5/><N who="3" m="3343" /><G70/><T126/><D126/><U89/><E102/><V115/><F36/><W3/><G3/><T0/><D111/><U67/><E68/><V120/><F120/><W2/><G2/><T11/><D108/><U28/><E28/><V49/><F49/><W90/><G66/><T62/><D62/><U32/><E32/><N who="2" m="12363" /><F63/><W103/><G116/><N who="1" m="44650" /><E69/><V24/><F24/><W131/><G103/><N who="0" m="62823" /><D107/><U13/><E13/><V74/><F115/><W30/><G131/><N who="2" m="50249" /><F74/><W79/><G30/><N who="0" m="11275" /><D0/><U60/><E60/><V56/><F56/><W39/><G39/><T134/><D134/><U20/><E67/><V100/><F100/><W46/><G26/><T1/><D1/><U101/><E101/><V132/><F132/><W44/><G44/><T82/><D47/><N who="1" m="23959" /><E65/><V16/><F16/><N who="3" m="6251" /><G46/><T9/><D9/><U6/><E20/><V99/><F99/><N who="3" m="57815" /><G19/><T76/><D11/><U130/><E130/><V119/><F119/><W85/><G85/><T12/><D10/><U34/><E34/><V4/><F4/><AGARI ba="0,0" hai="4,6,78,80,83,86,87,89" m="23959,44650" machi="4" ten="30,2900,0" yaku="16,1,52,1" doraHai="37" who="1" fromWho="2" sc="147,0,283,29,294,-29,276,0" owari="147,-35.0,312,40.0,265,-13.0,276,8.0" /></mjloggm>