<mjloggm ver="2.3"><GO type="169" lobby="0"/><UN n0="%E5%B0%B1%E6%B4%BB%E7%94%9F%40%E5%B7%9D%E6%9D%91%E8%BB%8D%E5%9B%A3" n1="%E3%82%AA%E3%82%A6%E3%83%99%E3%82%A4" n2="%E5%A4%A7%E8%83%86%E3%81%AB%E3%83%80%E3%82%A4%E3%82%BF" n3="%E7%A8%B2%E4%BD%9C%E3%83%B4%E3%82%A9%E3%83%AB%E3%82%B1%E3%82%A4%E3%83%8E" dan="16,16,16,17" rate="2123.11,2181.32,2042.37,2098.54" sx="M,M,M,M"/><TAIKYOKU oya="0"/><INIT seed="0,0,0,0,0,59" ten="250,250,250,250" oya="0" hai0="78,123,92,57,16,12,110,37,133,66,25,75,122" hai1="72,26,17,52,121,41,8,90,21,3,55,68,49" hai2="56,31,113,40,44,114,58,84,46,4,33,64,85" hai3="115,97,118,135,9,95,81,69,38,126,86,29,96"/><T105/><D105/><U112/><E72/><V45/><F4/><W1/><G115/><T98/><D37/><U111/><E121/><V131/><F40/><W125/><G118/><T128/><D133/><U119/><E119/><V15/><F15/><W35/><G38/><T39/><D39/><U120/><E120/><V50/><F31/><W87/><G69/><T30/><D128/><U36/><E36/><V18/><F33/><W88/><G135/><T132/><D132/><U22/><E68/><V116/><F116/><W43/><G43/><T99/><D110/><U54/><E111/><V48/><F18/><W127/><G29/><T79/><D75/><U83/><E112/><V103/><F103/><W80/><G35/><T51/><D51/><U109/><E109/><V74/><F44/><W104/><G104/><T24/><D122/><U19/><E3/><V11/><F11/><W100/><G96/><N who="0" m="36907" /><D92/><U63/><E8/><V82/><F74/><W107/><REACH who="3" step="1"/><G87/><REACH who="3" ten="250,250,250,240" step="2"/><T6/><D30/><U42/><E41/><V129/><REACH who="2" step="1"/><F82/><REACH who="2" ten="250,250,240,240" step="2"/><W71/><G71/><T34/><D123/><U93/><E83/><V73/><F73/><W32/><G32/><T61/><D34/><U117/><E117/><V65/><AGARI ba="0,2" hai="45,46,48,50,56,58,64,65,84,85,113,114,129,131" machi="65" ten="25,6400,0" yaku="1,1,0,1,22,2,53,0" doraHai="59" doraHaiUra="106" who="2" fromWho="2" sc="250,-32,250,-16,240,84,240,-16" /><INIT seed="1,0,0,2,0,96" ten="218,234,324,224" oya="1" hai0="6,86,36,92,47,125,37,129,109,62,74,101,32" hai1="123,68,8,35,52,98,77,106,19,1,21,102,11" hai2="30,15,121,94,59,45,79,100,72,111,64,61,22" hai3="107,46,39,69,80,49,132,122,127,67,17,104,128"/><U95/><E68/><V126/><F111/><W105/><G122/><T2/><D32/><U23/><E35/><V33/><F126/><W120/><G120/><T93/><D109/><U57/><E123/><V28/><F121/><W4/><G127/><T14/><D125/><U29/><E1/><V26/><F45/><W5/><G132/><T88/><D74/><U54/><E77/><V31/><F72/><W119/><G128/><T38/><D129/><U10/><E106/><V66/><F79/><W83/><G39/><T131/><D131/><U97/><E98/><N who="2" m="59479" /><F33/><W40/><G119/><T9/><D62/><U118/><E118/><V90/><F15/><W55/><G40/><T42/><REACH who="0" step="1"/><D2/><REACH who="0" ten="208,234,324,224" step="2"/><U89/><E57/><V99/><F59/><W63/><G63/><T130/><D130/><U56/><E56/><V117/><F117/><W16/><G69/><T124/><D124/><U84/><E29/><N who="2" m="17623" /><F61/><W34/><G34/><T24/><D24/><U48/><E48/><V53/><F30/><W91/><G49/><T20/><D20/><U73/><E73/><V103/><F28/><W27/><G27/><T18/><D18/><U81/><E23/><V44/><F31/><W87/><G17/><T133/><D133/><U0/><E0/><V43/><F64/><W3/><G16/><T25/><D25/><AGARI ba="0,1" hai="8,10,11,19,21,25,52,54,81,84,89,95,97,102" machi="25" ten="40,7700,0" yaku="8,1,52,1,54,1" doraHai="96" who="1" fromWho="0" sc="208,-77,234,87,324,0,224,0" /><INIT seed="1,1,0,1,5,106" ten="131,321,324,224" oya="1" hai0="54,63,92,44,80,76,111,23,18,24,5,114,60" hai1="57,64,95,97,2,124,91,102,10,37,25,22,109" hai2="85,38,13,128,31,113,77,127,40,70,59,107,55" hai3="19,65,27,73,131,120,90,72,62,15,123,96,50"/><U126/><E37/><V4/><F107/><W61/><G131/><T42/><D114/><U35/><E35/><V32/><F128/><W56/><G27/><T98/><D111/><U129/><E129/><V30/><F113/><W34/><G34/><T81/><D5/><U132/><E132/><V53/><F70/><W117/><G117/><T116/><D116/><U108/><E91/><V86/><F127/><W83/><G50/><T75/><D80/><U121/><E10/><V100/><F100/><W88/><G61/><T3/><D3/><U104/><E104/><V133/><F133/><W125/><G125/><N who="1" m="48234" /><E2/><V52/><F38/><W51/><G51/><T6/><D6/><U16/><E121/><V112/><F40/><W58/><G58/><T21/><D21/><U20/><E22/><V115/><F115/><W89/><G96/><T66/><D66/><U14/><E25/><V26/><F112/><W47/><G47/><T49/><REACH who="0" step="1"/><D42/><REACH who="0" ten="121,321,324,224" step="2"/><U68/><E68/><V0/><F0/><W45/><G83/><T39/><D39/><U28/><E28/><V12/><F31/><W122/><REACH who="3" step="1"/><G45/><REACH who="3" ten="121,321,324,214" step="2"/><T103/><AGARI ba="1,2" hai="18,23,24,44,49,54,60,63,75,76,81,92,98,103" machi="103" ten="20,5200,0" yaku="1,1,0,1,7,1,52,1,53,0" doraHai="106" doraHaiUra="36" who="0" fromWho="0" sc="121,75,321,-27,324,-14,214,-14" /><INIT seed="2,0,0,0,3,121" ten="196,294,310,200" oya="2" hai0="65,19,1,70,80,119,83,84,103,76,109,34,78" hai1="15,62,53,57,99,58,88,3,117,30,90,35,52" hai2="40,38,133,74,79,95,11,55,61,51,20,21,92" hai3="130,16,7,69,85,87,102,23,63,17,131,120,125"/><V32/><F32/><W29/><G120/><T100/><D34/><U105/><E3/><V6/><F133/><W123/><G123/><T60/><D1/><U114/><E114/><V118/><F118/><W56/><G69/><T89/><D119/><U4/><E117/><V110/><F61/><W2/><G125/><T24/><D109/><U112/><E112/><V66/><F66/><W5/><G102/><T115/><D115/><U64/><E35/><V50/><F92/><W18/><G29/><T36/><D36/><U9/><E30/><V49/><F95/><W45/><G23/><T104/><D104/><U37/><E37/><V67/><F67/><W41/><G87/><T96/><D96/><U122/><E122/><V31/><F55/><W94/><G2/><T28/><D89/><U124/><E124/><V25/><F110/><W86/><G86/><T0/><D0/><U10/><E9/><V44/><F20/><W54/><G85/><T47/><D47/><U77/><E77/><V108/><F108/><W42/><G94/><T116/><D116/><U126/><E126/><V127/><F127/><W81/><G81/><T72/><D28/><U107/><E64/><V135/><F135/><W14/><G42/><T101/><D24/><U111/><E111/><V22/><F22/><W8/><REACH who="3" step="1"/><G5/><REACH who="3" ten="196,294,310,190" step="2"/><T73/><D84/><U97/><E107/><V98/><F6/><W93/><G93/><T75/><D75/><U39/><E105/><V46/><F74/><W91/><G91/><N who="1" m="34858" /><E39/><AGARI ba="0,1" hai="7,8,14,16,17,18,39,41,45,54,56,63,130,131" machi="39" ten="40,5200,0" yaku="1,1,54,1,53,1" doraHai="121" doraHaiUra="43" who="3" fromWho="1" sc="196,0,294,-52,310,0,190,62" /><INIT seed="3,0,0,1,5,11" ten="196,242,310,252" oya="3" hai0="42,127,90,112,85,25,15,60,49,52,88,31,105" hai1="39,118,44,41,70,128,19,12,17,51,65,50,83" hai2="69,13,33,63,99,91,132,24,40,97,78,7,117" hai3="102,73,96,94,124,95,87,106,111,53,81,110,18"/><W1/><G1/><T9/><D105/><U8/><E128/><V107/><F117/><W130/><G130/><T93/><D127/><U34/><E34/><V100/><F132/><W5/><G5/><N who="0" m="3503" /><D112/><U36/><E118/><V129/><F129/><W10/><G124/><T67/><D42/><U21/><E65/><N who="2" m="41151" /><F78/><N who="3" m="44239" /><G53/><T80/><D25/><U45/><E70/><V66/><F66/><W101/><G10/><T23/><D23/><U27/><REACH who="1" step="1"/><E83/><REACH who="1" ten="196,232,310,252" step="2"/><V47/><F33/><W76/><G110/><T22/><D22/><U26/><E26/><V108/><F108/><W115/><G111/><T98/><D31/><U120/><E120/><V61/><F24/><W134/><G115/><T123/><D123/><U86/><E86/><V56/><F97/><N who="3" m="61775" /><G134/><T57/><D67/><U135/><E135/><V68/><F68/><W2/><G87/><T6/><D6/><U116/><E116/><V32/><F32/><W28/><G28/><T20/><D20/><U84/><E84/><V59/><F7/><W38/><G96/><T74/><D74/><U43/><AGARI ba="0,1" hai="8,12,17,19,21,27,36,39,41,43,44,45,50,51" machi="43" ten="20,8000,1" yaku="1,1,0,1,7,1,9,1,52,1,53,0" doraHai="11" doraHaiUra="72" who="1" fromWho="1" sc="196,-20,232,90,310,-20,252,-40" /><INIT seed="4,0,0,4,2,32" ten="176,322,290,212" oya="0" hai0="2,66,82,38,9,25,80,83,68,67,70,114,134" hai1="101,18,120,3,97,49,52,22,108,124,72,110,77" hai2="26,23,103,33,105,10,98,31,55,53,20,19,86" hai3="113,0,100,99,127,45,130,6,62,91,76,60,117"/><T7/><D38/><U29/><E120/><V63/><F86/><W36/><G117/><T51/><D114/><U109/><E29/><V54/><F63/><W94/><G113/><T106/><D106/><U118/><E118/><V46/><F46/><W121/><G121/><T90/><D134/><U133/><E133/><V87/><F87/><W61/><G130/><T102/><D102/><U89/><E89/><V34/><REACH who="2" step="1"/><F10/><REACH who="2" ten="176,322,280,212" step="2"/><W93/><G45/><T12/><D90/><U92/><E77/><V50/><F50/><W8/><G76/><T43/><D12/><AGARI ba="0,1" hai="12,19,20,23,26,31,33,34,53,54,55,98,103,105" machi="12" ten="40,2600,0" yaku="1,1,53,1" doraHai="32" doraHaiUra="13" who="2" fromWho="0" sc="176,-26,322,0,280,36,212,0" /><INIT seed="5,0,0,5,1,30" ten="150,322,316,212" oya="1" hai0="4,14,76,65,47,10,23,112,53,107,98,74,134" hai1="50,93,62,131,117,69,123,80,94,97,63,77,126" hai2="21,64,85,22,12,51,24,8,5,129,37,19,75" hai3="113,66,15,35,83,48,130,45,44,3,87,124,32"/><U31/><E123/><V54/><F75/><W39/><G3/><T119/><D119/><U25/><E117/><V46/><F129/><W86/><G130/><T43/><D112/><U17/><E131/><V106/><F106/><W36/><G113/><T95/><D134/><U33/><E126/><V81/><F37/><W6/><G124/><T18/><D107/><U38/><E38/><V89/><F22/><W41/><G66/><AGARI ba="0,0" hai="5,8,12,19,21,24,46,51,54,64,66,81,85,89" machi="66" ten="40,1300,0" yaku="8,1" doraHai="30" who="2" fromWho="3" sc="150,0,322,0,316,13,212,-13" /><INIT seed="6,0,0,4,4,73" ten="150,322,329,199" oya="2" hai0="93,94,61,59,3,75,41,121,2,44,101,108,117" hai1="57,128,68,26,39,62,80,125,82,124,107,19,87" hai2="89,8,27,33,49,79,72,53,77,71,100,56,64" hai3="22,106,120,123,51,16,38,20,118,54,17,4,47"/><V0/><F72/><W86/><G118/><T9/><D108/><U109/><E109/><V30/><F89/><W43/><G106/><T103/><D121/><U127/><E107/><V116/><F116/><W90/><G4/><T40/><D117/><U34/><E39/><V110/><F110/><W42/><G123/><T65/><D75/><U6/><E6/><V84/><F84/><W83/><G120/><T48/><D40/><N who="3" m="15401" /><G38/><T132/><D132/><U7/><E7/><V37/><F8/><W52/><G54/><T134/><D134/><U81/><E68/><V70/><F0/><W14/><G17/><T130/><D130/><U96/><E96/><V115/><F37/><W126/><G126/><T92/><REACH who="0" step="1"/><D9/><AGARI ba="0,0" hai="9,14,16,20,22,47,51,52,83,86,90" m="15401" machi="9" ten="30,7700,0" yaku="25,1,8,1,54,2" doraHai="73" who="3" fromWho="0" sc="150,-77,322,0,329,0,199,77" /><INIT seed="7,0,0,2,4,3" ten="73,322,329,276" oya="3" hai0="53,11,77,23,52,2,108,20,58,124,118,60,90" hai1="126,75,130,127,116,43,117,14,133,22,9,76,18" hai2="29,94,69,66,16,46,110,98,30,78,33,38,119" hai3="120,8,129,121,37,132,106,42,13,5,96,70,47"/><W97/><G132/><T10/><D118/><N who="1" m="45675" /><E43/><V104/><F119/><W80/><G129/><T24/><D108/><U84/><E75/><V135/><F110/><W68/><G80/><T122/><D122/><U19/><E133/><V4/><F135/><W73/><G73/><T26/><D124/><N who="1" m="47659" /><E76/><V115/><F115/><W56/><G56/><T109/><D109/><U95/><E95/><V123/><F123/><W105/><G121/><T45/><D2/><U21/><E84/><V113/><F113/><W40/><G120/><T15/><D77/><U81/><E81/><V128/><F128/><W79/><G79/><T50/><D90/><U49/><E130/><V83/><F16/><N who="1" m="6185" /><E49/><V72/><F33/><W62/><G42/><T100/><D100/><U93/><E93/><V63/><F104/><W27/><G27/><T12/><D26/><U112/><E112/><V59/><F69/><W65/><REACH who="3" step="1"/><G70/><REACH who="3" ten="73,322,329,266" step="2"/><T36/><D24/><U86/><E86/><V31/><F38/><W28/><G28/><T85/><D85/><U102/><E102/><V61/><F31/><W34/><G34/><T17/><REACH who="0" step="1"/><D36/><REACH who="0" ten="63,322,329,266" step="2"/><U114/><E114/><V1/><F72/><W99/><AGARI ba="0,2" hai="5,8,13,37,40,47,62,65,68,96,97,99,105,106" machi="99" ten="30,6000,0" yaku="1,1,0,1,52,1,53,0" doraHai="3" doraHaiUra="131" who="3" fromWho="3" sc="63,-20,322,-20,329,-20,266,80" owari="43,-46.0,302,-10.0,309,11.0,346,45.0" /></mjloggm>