<mjloggm ver="2.3"><GO type="169" lobby="0"/><UN n0="%57%6F%6D%62%61%74" n1="%E3%83%88%E3%83%88%E3%83%AA%E5%85%88%E7%94%9F%31%39%E6%AD%B3" n2="%E9%98%BF%E4%BF%AE%E7%BE%85%E4%BD%B3%E5%A5%88" n3="%E3%80%9D%E3%83%A9%E3%83%A0%E3%83%80%E3%83%87%E3%83%AB%E3%82%BF%E3%80%9F" dan="16,19,16,16" rate="2050.93,2288.81,2122.15,2110.42" sx="M,F,F,F"/><TAIKYOKU oya="0"/><INIT seed="0,0,0,4,0,86" ten="250,250,250,250" oya="0" hai0="113,9,75,51,41,118,108,91,101,55,88,114,24" hai1="53,20,7,56,85,25,5,123,79,94,49,104,68" hai2="46,133,67,11,82,64,107,103,111,50,120,132,72" hai3="14,45,89,95,21,26,38,78,110,124,102,83,8"/><T40/><D118/><U30/><E123/><V10/><F120/><W128/><G124/><T87/><D75/><U12/><E104/><V59/><F111/><W119/><G119/><T28/><D101/><U97/><E68/><V43/><F103/><W129/><G110/><T54/><D108/><U17/><E79/><V52/><F107/><W2/><G102/><T122/><D122/><U106/><E106/><V61/><F82/><W35/><G2/><T57/><D9/><U130/><E97/><V19/><F72/><W48/><G38/><T100/><D100/><U63/><E130/><V74/><F74/><W4/><G35/><T116/><D116/><U90/><REACH who="1" step="1"/><E63/><REACH who="1" ten="250,240,250,250" step="2"/><V1/><F61/><W71/><G71/><T109/><D109/><U126/><E126/><V13/><F132/><W115/><G129/><T127/><D127/><U6/><E6/><V92/><F133/><W58/><G128/><T77/><D77/><U44/><E44/><V15/><F46/><W93/><G58/><N who="0" m="33119" /><D114/><U84/><E84/><V121/><F121/><W16/><G115/><T73/><D87/><U134/><E134/><V0/><F59/><W135/><G135/><T117/><D73/><U125/><E125/><V39/><F92/><W29/><G78/><T37/><D113/><U112/><E112/><V31/><F50/><W76/><G76/><T131/><D117/><U80/><E80/><V36/><F36/><W69/><G83/><T27/><D37/><U60/><E60/><V47/><F39/><W65/><G95/><T66/><D131/><U62/><E62/><V23/><F47/><RYUUKYOKU ba="0,1" sc="250,-10,240,30,250,-10,250,-10" hai1="5,7,12,17,20,25,30,49,53,56,85,90,94" /><INIT seed="1,1,1,2,1,57" ten="240,270,240,240" oya="1" hai0="111,3,47,31,124,64,39,29,14,18,88,96,36" hai1="68,70,91,65,24,51,84,118,4,75,87,106,127" hai2="76,40,129,33,34,32,89,49,135,97,100,121,28" hai3="66,113,133,109,130,119,9,35,74,0,15,59,94"/><U80/><E118/><V105/><F121/><W122/><RYUUKYOKU type="yao9" ba="1,1" sc="240,0,270,0,240,0,240,0" hai3="0,9,15,35,59,66,74,94,109,113,119,122,130,133" /><INIT seed="1,2,1,4,2,118" ten="240,270,240,240" oya="1" hai0="48,112,13,83,49,124,82,12,123,75,2,135,95" hai1="60,76,37,103,10,67,7,120,1,72,115,4,26" hai2="114,35,101,0,128,96,74,66,52,39,9,50,99" hai3="86,111,65,5,22,104,117,78,16,43,107,14,122"/><U97/><E115/><V41/><F35/><W45/><G111/><T125/><D2/><U25/><E37/><V79/><F114/><W71/><G117/><T91/><D112/><U119/><E119/><V32/><F32/><W100/><G100/><T113/><D113/><U77/><E120/><V110/><F110/><W63/><G5/><T6/><D6/><U33/><E7/><N who="2" m="1255" /><F101/><W80/><REACH who="3" step="1"/><G122/><REACH who="3" ten="240,270,240,230" step="2"/><T51/><D123/><U58/><E72/><V15/><F74/><W68/><G68/><T81/><D75/><U98/><E103/><V92/><F128/><W102/><G102/><T126/><D135/><U85/><E4/><V89/><F89/><W64/><G64/><T129/><D129/><U93/><E1/><V133/><F66/><W47/><G47/><T8/><D8/><U54/><E10/><V28/><F133/><W30/><G30/><T27/><D27/><U88/><E25/><V18/><F28/><W17/><G17/><T131/><D131/><U44/><E26/><V130/><F18/><W53/><G53/><T109/><D109/><U20/><E33/><V73/><F130/><W84/><G84/><AGARI ba="2,2" hai="12,13,48,49,51,81,82,83,84,91,95,124,125,126" machi="84" ten="50,6400,0" yaku="29,2,18,1" doraHai="118" who="0" fromWho="3" sc="240,90,270,0,240,0,230,-70" /><INIT seed="2,0,0,4,2,107" ten="330,270,240,160" oya="2" hai0="97,133,80,89,47,52,101,33,102,28,18,115,48" hai1="82,95,75,17,77,93,135,119,84,106,55,90,37" hai2="53,5,78,116,73,50,7,12,121,66,58,36,40" hai3="43,42,31,132,88,8,103,46,86,51,39,63,76"/><V1/><F116/><W34/><G132/><T99/><D133/><U70/><E119/><V130/><F121/><W67/><G76/><T49/><D33/><U32/><E135/><V6/><F130/><W44/><G103/><N who="0" m="39435" /><D28/><U38/><E106/><V126/><F126/><W57/><G8/><T20/><D115/><U129/><E129/><V9/><F66/><W45/><G31/><T81/><D49/><U56/><E70/><V72/><F78/><W113/><G34/><T62/><D62/><U71/><E71/><V64/><F64/><W87/><G113/><T122/><D122/><U69/><E69/><V108/><F108/><W11/><G11/><T127/><D127/><U60/><E32/><V109/><F109/><W120/><G120/><T68/><D68/><U92/><REACH who="1" step="1"/><E17/><REACH who="1" ten="330,260,240,160" step="2"/><V3/><F1/><W114/><G114/><T25/><D99/><U104/><E104/><V94/><F3/><W24/><G45/><T124/><D124/><U27/><E27/><V110/><F110/><W83/><G24/><T26/><D25/><U105/><E105/><V131/><F131/><W117/><G117/><T128/><D128/><U74/><E74/><V0/><F0/><W125/><G125/><T98/><D98/><U96/><E96/><V29/><F29/><W65/><G65/><T10/><D97/><U134/><E134/><V16/><REACH who="2" step="1"/><F94/><AGARI ba="0,1" hai="37,38,55,56,60,75,77,82,84,90,92,93,94,95" machi="94" ten="40,2600,0" yaku="1,1,52,1,53,0" doraHai="107" doraHaiUra="100" who="1" fromWho="2" sc="330,0,260,36,240,-26,160,0" /><INIT seed="3,0,0,4,5,65" ten="330,296,214,160" oya="3" hai0="21,78,41,34,115,82,122,55,60,68,77,30,102" hai1="83,18,25,129,54,88,99,5,91,74,75,116,84" hai2="45,40,50,108,133,10,22,73,63,79,107,43,98" hai3="106,71,1,7,109,59,47,35,19,42,121,49,101"/><W72/><G121/><T64/><D34/><U66/><E129/><V24/><F108/><W118/><G118/><T117/><D117/><U23/><E116/><V70/><F133/><W81/><G71/><T92/><D122/><U0/><E0/><V36/><F10/><W111/><G35/><T11/><D41/><U80/><E5/><V113/><F113/><W9/><G59/><T132/><D132/><U130/><E130/><V87/><F73/><W114/><G19/><T57/><D11/><U58/><E66/><V44/><F107/><W27/><G27/><N who="0" m="16751" /><D115/><U95/><REACH who="1" step="1"/><E80/><REACH who="1" ten="330,286,214,160" step="2"/><V93/><F36/><W17/><G114/><T104/><D82/><U52/><E52/><V31/><F40/><W39/><G111/><T124/><D55/><U6/><E6/><V110/><F43/><W126/><G109/><T100/><D64/><U94/><E94/><V12/><F93/><W86/><G106/><T56/><D92/><U46/><E46/><V134/><F45/><W62/><G81/><T20/><D104/><U97/><E97/><V119/><F98/><W3/><G47/><T32/><D124/><U29/><E29/><V85/><F119/><W4/><G7/><T61/><D102/><U135/><E135/><V69/><F134/><W28/><G4/><T8/><D100/><U2/><E2/><V105/><F110/><W103/><G28/><T131/><D131/><U16/><E16/><N who="2" m="10503" /><F105/><W14/><G3/><T89/><D32/><U120/><E120/><V127/><F127/><W123/><G1/><T76/><D68/><N who="2" m="26218" /><F44/><W33/><G123/><T13/><D8/><RYUUKYOKU ba="0,1" sc="330,-10,286,30,214,-10,160,-10" hai1="18,23,25,54,58,74,75,83,84,88,91,95,99" /><INIT seed="4,1,1,3,3,47" ten="320,316,204,150" oya="0" hai0="38,104,78,41,109,57,62,101,1,100,98,86,2" hai1="105,75,121,82,134,90,85,132,116,118,60,76,32" hai2="126,68,102,96,91,93,125,133,42,77,36,92,117" hai3="14,89,67,23,4,28,103,15,8,129,97,120,22"/><T123/><D123/><U43/><E32/><V64/><F36/><W49/><G120/><T3/><D109/><U128/><E121/><V34/><F34/><W53/><G67/><T63/><D101/><U65/><E105/><V111/><F68/><W88/><G129/><T72/><D72/><U80/><E43/><V9/><F64/><W122/><G122/><T113/><D113/><U124/><E128/><V106/><F42/><W29/><G22/><T16/><D78/><U131/><E131/><V107/><F9/><W61/><G61/><T10/><D86/><U52/><E124/><N who="2" m="47723" /><F111/><W69/><G69/><T26/><D57/><N who="1" m="34855" /><E65/><V115/><F115/><W39/><G39/><T6/><D41/><U7/><E7/><V66/><F66/><W19/><G29/><T35/><D38/><U127/><E127/><V20/><F133/><AGARI ba="1,1" hai="75,76,80,82,85,90,116,118,132,133,134" m="34855" machi="133" ten="30,2000,0" yaku="20,1,54,1" doraHai="47" who="1" fromWho="2" sc="320,0,316,33,204,-23,150,0" /><INIT seed="5,0,0,4,5,18" ten="320,349,181,150" oya="1" hai0="70,113,111,50,102,27,129,67,62,46,120,38,135" hai1="56,88,64,33,82,35,25,68,45,69,47,127,65" hai2="36,128,130,116,104,76,53,52,2,6,22,98,78" hai3="95,112,13,110,16,42,17,73,19,21,51,93,58"/><U87/><E127/><V66/><F36/><W118/><G73/><T7/><D111/><U107/><E107/><V40/><F40/><W26/><G110/><T34/><D113/><U11/><E11/><V32/><F32/><W55/><G118/><T12/><D120/><U8/><E8/><V3/><F116/><W71/><G71/><T43/><D129/><N who="2" m="49770" /><F66/><W54/><G42/><T125/><D135/><U101/><E101/><V23/><F6/><W94/><G112/><T132/><D132/><U48/><E56/><V74/><F98/><W106/><G106/><T20/><D102/><U14/><E14/><V134/><F104/><W85/><G85/><T115/><D125/><U89/><E87/><V15/><F15/><W0/><G0/><N who="2" m="41" /><F134/><W81/><G81/><T9/><D34/><U72/><E82/><N who="2" m="45335" /><F78/><W86/><G86/><T4/><D115/><U99/><E99/><V1/><F1/><W117/><G117/><T79/><D4/><U10/><E10/><V29/><F29/><N who="3" m="17615" /><G55/><AGARI ba="0,0" hai="22,23,52,53,55" m="45335,41,49770" machi="55" ten="30,7700,0" yaku="19,1,52,2,54,1" doraHai="18" who="2" fromWho="3" sc="320,0,349,0,181,77,150,-77" /><INIT seed="6,0,0,4,0,53" ten="320,349,258,73" oya="2" hai0="67,104,109,71,127,2,39,37,30,87,76,107,130" hai1="26,15,19,110,105,74,0,119,51,73,68,7,1" hai2="134,22,23,120,89,29,36,9,33,122,8,126,75" hai3="65,63,44,64,14,99,6,58,13,113,55,17,128"/><V25/><F36/><N who="0" m="13898" /><D87/><U98/><E110/><V80/><F75/><W135/><G135/><T114/><D109/><U27/><E119/><V66/><F66/><W45/><G128/><T38/><D130/><U133/><E68/><V83/><F89/><W94/><G113/><T3/><D30/><U50/><E133/><V108/><F108/><W47/><G6/><T102/><D76/><U48/><E7/><V35/><F134/><W77/><G77/><T100/><D127/><U31/><E105/><N who="0" m="40521" /><D114/><U117/><E98/><V78/><F78/><W4/><G4/><T72/><D38/><U123/><E123/><V129/><F129/><W11/><REACH who="3" step="1"/><G13/><REACH who="3" ten="320,349,258,63" step="2"/><T40/><D72/><U125/><E73/><V41/><F126/><W70/><G70/><T21/><D71/><U118/><E74/><V18/><F122/><W131/><G131/><T16/><D2/><U42/><E1/><V59/><F120/><W106/><G106/><T62/><D3/><U96/><E0/><V93/><F25/><W79/><G79/><T103/><D100/><AGARI ba="0,1" hai="11,14,17,44,45,47,55,58,63,64,65,94,99,100" machi="100" ten="40,5200,0" yaku="1,1,8,1,52,1,53,0" doraHai="53" doraHaiUra="81" who="3" fromWho="0" sc="320,-52,349,0,258,0,63,62" /><INIT seed="7,0,0,5,1,79" ten="268,349,258,125" oya="3" hai0="100,121,56,92,96,89,91,75,41,66,24,23,74" hai1="70,115,118,116,97,22,99,85,14,38,3,37,8" hai2="90,113,17,65,94,83,67,130,87,58,127,11,93" hai3="73,134,123,36,55,46,126,62,109,132,107,5,47"/><W104/><G123/><T112/><D121/><U51/><E70/><V103/><F113/><W31/><G73/><T110/><D110/><U26/><E115/><V124/><F130/><W33/><G109/><T35/><D35/><U120/><E3/><V7/><F17/><W16/><G5/><T42/><D112/><U39/><E85/><V72/><F58/><N who="3" m="35167" /><G126/><N who="2" m="48169" /><F103/><W108/><G108/><T80/><D74/><U64/><E51/><V29/><F29/><W44/><G36/><T18/><D75/><U54/><E54/><V57/><F57/><W119/><G119/><N who="1" m="45610" /><E64/><N who="2" m="24651" /><F72/><W21/><G31/><T98/><D66/><U1/><E1/><AGARI ba="0,0" hai="1,7,11,83,87,90,93,94" m="24651,48169" machi="1" ten="30,2000,0" yaku="18,1,52,1" doraHai="79" who="2" fromWho="1" sc="268,0,349,-20,258,20,125,0" owari="268,-13.0,329,42.0,278,8.0,125,-37.0" /></mjloggm>