<mjloggm ver="2.3"><GO type="169" lobby="0"/><UN n0="%E8%AA%B2%E9%95%B7%E8%A6%96%E9%87%8E%E7%8B%AD%E7%AA%84" n1="%E3%83%9F%E3%82%AF%E3%83%AD" n2="%E9%B3%B4%E3%81%8D%E3%81%AB%E8%87%AA%E4%BF%A1%E3%83%8B%E3%82%AD" n3="%E3%82%A6%E3%83%AB%E3%83%88%E3%83%A9%E7%AB%8B%E7%9B%B4" dan="17,16,16,16" rate="2184.91,2078.45,2048.56,2099.18" sx="M,M,F,M"/><TAIKYOKU oya="0"/><INIT seed="0,0,0,3,5,31" ten="250,250,250,250" oya="0" hai0="115,60,61,41,59,83,132,13,66,108,79,135,34" hai1="131,100,113,103,73,122,123,105,102,114,75,64,29" hai2="3,101,17,26,118,72,62,7,56,106,6,134,89" hai3="48,38,33,40,37,76,68,0,52,8,27,126,71"/><T10/><D41/><U24/><E64/><V111/><F3/><W50/><G76/><T116/><D115/><N who="1" m="44043" /><E105/><V85/><F72/><N who="1" m="27721" /><E131/><V107/><F101/><N who="1" m="25857" /><U32/><AGARI ba="0,0" hai="24,29,32,122,123" m="25857,27721,44043" machi="32" ten="40,5200,0" yaku="4,1,11,1,52,1" doraHai="31" who="1" fromWho="1" sc="250,-26,250,52,250,-13,250,-13" /><INIT seed="1,0,0,2,0,126" ten="224,302,237,237" oya="1" hai0="16,87,100,132,28,39,4,112,58,106,99,124,17" hai1="130,85,19,47,55,46,84,109,79,90,131,97,116" hai2="8,1,71,59,22,41,56,65,50,30,129,3,102" hai3="128,67,18,120,38,11,82,6,42,7,121,119,23"/><U74/><E116/><V26/><F102/><W54/><G67/><T70/><D112/><U64/><E74/><V133/><F133/><W114/><G42/><T78/><D39/><U81/><E97/><V45/><F129/><N who="1" m="49161" /><E109/><V115/><F115/><W95/><G38/><T24/><D124/><U111/><E111/><V125/><F125/><W62/><G114/><T113/><D132/><U15/><E64/><V57/><REACH who="2" step="1"/><F8/><REACH who="2" ten="224,302,227,237" step="2"/><W105/><G11/><T5/><D113/><U73/><E73/><V31/><F31/><W88/><G128/><T75/><D28/><U93/><E55/><V60/><AGARI ba="0,1" hai="1,3,22,26,30,41,45,50,56,57,59,60,65,71" machi="60" ten="30,2000,0" yaku="1,1,0,1,53,0" doraHai="126" doraHaiUra="118" who="2" fromWho="2" sc="224,-5,302,-10,227,30,237,-5" /><INIT seed="2,0,0,4,4,94" ten="219,292,257,232" oya="2" hai0="92,37,106,8,0,84,19,73,134,11,26,71,60" hai1="54,112,81,96,103,38,119,21,90,126,7,128,86" hai2="40,98,74,95,129,51,108,120,132,32,9,58,123" hai3="39,117,135,118,57,1,47,85,114,25,89,64,59"/><V101/><F32/><W125/><G1/><T75/><D106/><U56/><E119/><V107/><F74/><W102/><G102/><T28/><D37/><U93/><E126/><V91/><F129/><W133/><G25/><T36/><D36/><U87/><E38/><V105/><F132/><N who="3" m="50763" /><G125/><T65/><D134/><U3/><E112/><V88/><F108/><W42/><G114/><T23/><D11/><U2/><E128/><V27/><F107/><W70/><G85/><T22/><D8/><U31/><E7/><V97/><F27/><W111/><G89/><T127/><D0/><U79/><E21/><V104/><F104/><W46/><G46/><T100/><D127/><U49/><E31/><V17/><F91/><W115/><G115/><T61/><D84/><U29/><E29/><V110/><F110/><W53/><G111/><T16/><D28/><U78/><E78/><V62/><F9/><W113/><G113/><T80/><D73/><U6/><REACH who="1" step="1"/><E6/><REACH who="1" ten="219,282,257,232" step="2"/><V76/><F76/><W130/><G130/><T13/><D23/><U72/><E72/><V24/><F17/><W48/><G70/><T122/><D75/><U109/><E109/><V55/><REACH who="2" step="1"/><F24/><REACH who="2" ten="219,282,247,232" step="2"/><W44/><G118/><T99/><D19/><U34/><E34/><V77/><F77/><W82/><G117/><T30/><D26/><U41/><E41/><V68/><F68/><W10/><G42/><T116/><D116/><U18/><E18/><V14/><F14/><W131/><G131/><T83/><D30/><U52/><E52/><V50/><F50/><N who="3" m="28895" /><G10/><T121/><D61/><U63/><E63/><RYUUKYOKU ba="0,2" sc="219,10,282,10,247,10,232,-30" hai0="13,16,22,60,65,71,80,83,92,99,100,121,122" hai1="2,3,49,54,56,79,81,86,87,90,93,96,103" hai2="40,51,55,58,62,88,95,97,98,101,105,120,123" /><INIT seed="2,1,2,3,1,12" ten="229,292,257,202" oya="2" hai0="108,2,109,3,0,66,100,18,129,23,72,41,85" hai1="104,4,14,111,45,124,84,106,61,116,80,65,91" hai2="36,6,102,19,20,60,120,113,68,92,46,37,93" hai3="135,50,86,114,5,115,105,25,79,71,103,24,28"/><V128/><F113/><N who="3" m="43019" /><G71/><T54/><D72/><U63/><E116/><V51/><F120/><W40/><G135/><T73/><D73/><U21/><E111/><N who="0" m="42569" /><D66/><U42/><E124/><V59/><F128/><W30/><G5/><T77/><D41/><U131/><E131/><V8/><F68/><W110/><G110/><T16/><D129/><U132/><E132/><V82/><F82/><N who="3" m="47455" /><G103/><T39/><D39/><U121/><E121/><V97/><F92/><W15/><G105/><T74/><D74/><U127/><E127/><V69/><F69/><W34/><G15/><T94/><D23/><U10/><E21/><V32/><F32/><N who="3" m="20487" /><G50/><T17/><D54/><U31/><E31/><V1/><F51/><W70/><G70/><T87/><D77/><U89/><E61/><V62/><F62/><W83/><G83/><T99/><AGARI ba="1,2" hai="0,2,3,16,17,18,85,87,94,99,100" m="42569" machi="99" ten="40,8000,1" yaku="14,1,52,3,54,1" doraHai="12" who="0" fromWho="0" sc="229,103,292,-21,257,-41,202,-21" /><INIT seed="3,0,0,4,0,28" ten="332,271,216,181" oya="3" hai0="75,89,37,12,135,11,111,42,128,76,21,30,108" hai1="62,133,26,81,43,101,55,0,82,114,41,120,32" hai2="97,78,54,103,63,36,46,115,91,88,102,73,83" hai3="49,125,5,127,20,4,98,13,123,96,23,122,33"/><W66/><G49/><T34/><D21/><N who="3" m="8265" /><G66/><T1/><D1/><U109/><E120/><N who="3" m="46122" /><G13/><T87/><D76/><U118/><E114/><V50/><F115/><W117/><G117/><T44/><D75/><U7/><E118/><V31/><F31/><W64/><G64/><T39/><D39/><U14/><E55/><V92/><F36/><W84/><G84/><T2/><D2/><U38/><E0/><V86/><REACH who="2" step="1"/><F63/><REACH who="2" ten="332,271,206,181" step="2"/><W3/><G3/><T53/><D37/><U74/><E38/><V116/><F116/><W106/><G106/><T113/><D113/><U112/><E112/><V58/><F58/><W69/><G69/><T131/><D30/><U94/><E62/><V16/><F16/><W72/><G72/><T134/><D128/><U17/><E17/><V25/><F25/><W104/><G104/><T22/><D131/><U105/><E26/><V8/><F8/><W56/><G56/><T95/><D11/><U6/><E105/><V100/><F100/><W93/><G33/><T77/><D34/><U40/><E101/><V121/><F121/><W10/><G10/><T80/><D22/><U126/><E32/><V57/><F57/><W9/><G9/><T61/><D61/><U35/><E35/><V48/><F48/><W85/><G5/><T47/><D134/><U71/><E71/><V132/><F132/><W119/><G4/><T67/><D135/><U68/><E133/><V90/><F90/><N who="3" m="53455" /><G119/><T110/><D89/><U59/><E7/><V27/><F27/><W129/><G129/><T19/><D19/><U52/><E6/><V124/><F124/><AGARI ba="0,1" hai="96,98,124,125,127" m="53455,46122,8265" machi="124" ten="30,2900,0" yaku="6,1,18,1" doraHai="28" who="3" fromWho="2" sc="332,0,271,0,206,-29,181,39" /><INIT seed="3,1,0,2,4,41" ten="332,271,177,220" oya="3" hai0="120,90,96,97,70,28,99,122,34,132,102,62,30" hai1="64,78,51,61,85,37,22,13,19,89,58,125,38" hai2="93,98,91,5,103,17,95,12,18,109,107,134,21" hai3="43,135,73,108,119,117,87,75,113,39,104,0,2"/><W77/><G87/><T56/><D70/><U9/><E125/><V121/><F109/><W50/><G50/><T25/><D132/><U71/><E78/><V82/><F134/><W6/><G77/><T100/><D30/><U3/><E3/><N who="3" m="1066" /><G6/><T66/><REACH who="0" step="1"/><D90/><REACH who="0" ten="322,271,177,220" step="2"/><U7/><E71/><V86/><F121/><AGARI ba="1,1" hai="25,28,34,56,62,66,96,97,99,100,102,120,121,122" machi="121" ten="40,2600,0" yaku="1,1,2,1,53,0" doraHai="41" doraHaiUra="84" who="0" fromWho="2" sc="322,39,271,0,177,-29,220,0" /><INIT seed="4,0,0,4,4,131" ten="361,271,148,220" oya="0" hai0="52,74,77,59,71,28,133,105,44,54,11,18,65" hai1="124,42,8,70,9,123,17,134,67,55,5,114,127" hai2="22,125,73,37,119,57,24,46,130,129,117,0,4" hai3="64,96,90,68,47,121,49,66,58,94,53,63,120"/><T7/><D105/><U128/><E123/><V83/><F125/><N who="1" m="48201" /><E128/><N who="2" m="49259" /><F37/><W60/><REACH who="3" step="1"/><G47/><REACH who="3" ten="361,271,148,210" step="2"/><T116/><D44/><U51/><E114/><V29/><F46/><W75/><G75/><T126/><D74/><U21/><E42/><V23/><F57/><W76/><G76/><T30/><D77/><U81/><E70/><V2/><F73/><W98/><G98/><T33/><D71/><U110/><E110/><V89/><F83/><W39/><G39/><T61/><D59/><U27/><E81/><V85/><F85/><W115/><G115/><T101/><D126/><U99/><E99/><V50/><F50/><W3/><G3/><N who="2" m="1065" /><F89/><W118/><G118/><N who="2" m="45065" /><F4/><W45/><AGARI ba="0,1" hai="45,49,53,58,60,63,64,66,68,90,94,96,120,121" machi="45" ten="30,4000,0" yaku="1,1,0,1,53,1" doraHai="131" doraHaiUra="43" who="3" fromWho="3" sc="361,-20,271,-10,148,-10,210,50" /><INIT seed="5,0,0,3,5,16" ten="341,261,138,260" oya="1" hai0="51,58,114,37,38,91,50,106,133,118,93,134,89" hai1="127,119,86,104,123,84,12,35,78,54,70,81,28" hai2="26,79,60,83,76,33,121,97,132,125,20,111,116" hai3="25,41,103,135,69,18,7,100,32,4,15,110,131"/><U62/><E123/><V43/><F121/><W47/><G69/><T73/><D106/><U74/><E119/><V42/><F116/><W112/><G112/><T71/><D118/><U40/><E104/><V87/><F111/><W96/><G110/><T65/><D73/><U120/><E120/><V5/><F132/><N who="0" m="50794" /><D114/><U45/><E127/><V2/><F125/><W113/><G113/><T98/><D71/><U53/><E12/><V122/><F122/><W46/><G135/><T1/><D1/><U30/><E54/><V124/><F124/><W117/><G117/><T94/><D65/><U105/><E105/><V8/><F33/><W21/><G131/><T19/><D19/><U44/><E44/><V115/><F115/><W24/><G47/><T3/><D3/><U102/><E102/><N who="3" m="38954" /><G32/><T72/><D72/><U126/><E126/><V95/><F79/><W14/><G96/><N who="0" m="57391" /><D58/><U61/><E70/><V0/><F60/><W59/><G59/><T80/><D80/><U36/><E45/><V85/><F0/><W34/><G34/><T6/><D6/><N who="3" m="2089" /><G25/><T17/><D17/><U39/><E35/><V13/><F2/><W23/><G24/><T11/><D11/><U99/><E30/><N who="2" m="17735" /><F97/><W101/><G15/><T82/><D98/><U128/><E99/><V130/><F130/><W75/><G75/><T109/><D109/><U108/><E128/><V67/><F67/><W57/><G101/><T9/><D9/><U63/><E108/><V56/><F56/><W68/><G57/><T52/><D38/><U107/><E107/><V77/><F77/><W88/><G68/><RYUUKYOKU ba="0,0" sc="341,-10,261,-10,138,30,260,-10" hai2="5,8,13,42,43,76,83,85,87,95" /><INIT seed="6,1,0,4,5,39" ten="331,251,168,250" oya="2" hai0="100,63,20,96,86,124,43,62,93,122,129,105,9" hai1="114,113,91,89,54,12,15,95,94,110,24,35,73" hai2="119,26,10,75,28,53,71,19,21,59,70,49,55" hai3="57,98,27,3,37,1,82,42,4,130,102,132,101"/><V16/><F119/><W121/><G121/><T8/><D122/><U117/><E117/><V97/><F75/><W29/><G130/><T44/><D129/><U135/><E110/><V81/><F81/><W92/><G132/><T106/><D124/><U17/><E73/><V79/><F79/><W33/><G4/><T61/><D20/><U78/><E78/><V88/><F10/><W22/><G102/><T45/><D45/><U68/><E68/><V84/><F97/><W67/><G33/><T72/><D72/><U109/><E109/><V41/><F70/><W87/><G42/><T18/><D86/><U118/><E118/><V48/><F71/><W69/><G37/><T2/><D9/><U77/><E77/><V30/><F19/><W111/><G69/><T64/><D64/><U11/><E135/><V134/><F134/><W99/><G99/><T38/><REACH who="0" step="1"/><D18/><REACH who="0" ten="321,251,168,250" step="2"/><U126/><E17/><V131/><F131/><W120/><G120/><T47/><D47/><U56/><E126/><V128/><F128/><W60/><G111/><T51/><D51/><U6/><E11/><V107/><F107/><W125/><G125/><T36/><D36/><U40/><E113/><V0/><F0/><W108/><G108/><T50/><D50/><U23/><E23/><V65/><F65/><W5/><G5/><AGARI ba="1,1" hai="2,5,8,38,43,44,61,62,63,93,96,100,105,106" machi="5" ten="40,2600,0" yaku="1,1,52,1,53,0" doraHai="39" doraHaiUra="123" who="0" fromWho="3" sc="321,39,251,0,168,0,250,-29" /><INIT seed="7,0,0,2,4,112" ten="360,251,168,221" oya="3" hai0="134,15,128,62,96,70,105,79,71,95,87,5,124" hai1="118,86,40,33,57,127,49,119,54,67,32,34,78" hai2="76,104,44,81,126,116,52,64,35,88,72,89,28" hai3="48,29,21,100,90,75,8,24,38,98,1,85,109"/><W65/><G38/><T30/><D105/><U4/><E127/><V25/><F126/><W36/><G36/><T3/><D3/><U135/><E135/><V83/><F116/><N who="1" m="44585" /><E4/><V131/><F131/><W19/><G75/><T31/><D5/><U123/><E123/><V20/><F104/><W59/><G109/><T121/><D128/><U14/><E14/><V129/><F129/><W117/><G117/><T73/><D15/><U6/><E6/><V80/><F64/><W69/><G69/><T63/><D71/><U18/><E18/><V16/><F72/><W91/><G19/><T133/><D73/><U11/><E11/><V101/><F101/><W39/><G8/><T74/><D74/><U55/><E40/><V92/><F76/><W82/><G1/><T102/><D121/><U130/><E130/><V107/><F107/><W50/><G29/><T7/><D7/><U53/><E67/><V122/><F122/><W23/><G65/><T132/><D124/><U27/><E27/><V10/><F92/><W93/><G93/><T56/><D30/><U113/><E113/><V12/><F35/><W99/><G23/><T42/><D31/><U115/><E115/><V61/><F44/><W97/><G24/><T17/><D17/><U9/><E9/><V51/><F51/><W111/><G50/><T110/><D133/><U45/><E45/><V68/><F68/><W84/><G48/><T120/><D70/><U41/><E41/><V22/><F10/><W108/><G39/><T94/><D132/><U46/><E46/><V2/><F2/><W13/><G111/><RYUUKYOKU ba="0,0" sc="360,-15,251,15,168,15,221,-15" hai1="32,33,34,49,53,54,55,57,78,86" hai2="12,16,20,22,25,28,52,61,80,81,83,88,89" owari="345,44.0,266,7.0,183,-32.0,206,-19.0" /></mjloggm>