<mjloggm ver="2.3"><GO type="169" lobby="0"/><UN n0="%3E%5F%30%40%E6%9D%8F%E6%9D%8F%E8%BB%8D%E5%9C%98" n1="%E3%82%A6%E3%83%AB%E3%83%88%E3%83%A9%E7%AB%8B%E7%9B%B4" n2="%E5%85%83%E7%8F%8D" n3="%E3%82%A4%E3%82%BA%E3%83%9F%E3%83%B3" dan="16,18,16,17" rate="2083.95,2214.21,2124.21,2169.57" sx="F,M,M,M"/><TAIKYOKU oya="0"/><INIT seed="0,0,0,5,4,67" ten="250,250,250,250" oya="0" hai0="95,84,35,12,110,18,124,91,13,45,60,102,4" hai1="42,62,29,10,97,108,31,24,105,5,66,73,25" hai2="17,74,78,87,89,22,129,118,98,23,79,37,11" hai3="77,109,41,117,27,86,113,46,33,130,30,125,21"/><T26/><D124/><U71/><E42/><V101/><F37/><W7/><G117/><T112/><D112/><U9/><E108/><V119/><F129/><W81/><G113/><T54/><D110/><U80/><E80/><V72/><F11/><W59/><G109/><T64/><D4/><U68/><E73/><N who="2" m="28267" /><F17/><W76/><G130/><T28/><D102/><N who="1" m="62671" /><E5/><V57/><F57/><W99/><G7/><T8/><D13/><U2/><E2/><V85/><F23/><W16/><G59/><T49/><D64/><U19/><E19/><V133/><F22/><W88/><G99/><T70/><D60/><U94/><E94/><N who="2" m="58583" /><F133/><W55/><G125/><T47/><REACH who="0" step="1"/><D45/><REACH who="0" ten="240,250,250,250" step="2"/><U48/><E62/><V50/><F119/><W127/><G127/><T121/><D121/><U122/><E66/><V116/><F116/><W14/><REACH who="3" step="1"/><G55/><REACH who="3" ten="240,250,250,240" step="2"/><T43/><D43/><U83/><E122/><V32/><F118/><W65/><G65/><T6/><D6/><U39/><E71/><AGARI ba="0,2" hai="8,12,18,26,28,35,47,49,54,70,71,84,91,95" machi="71" ten="40,7700,0" yaku="1,1,52,2,53,0" doraHai="67" doraHaiUra="106" who="0" fromWho="1" sc="240,97,250,-77,250,0,240,0" /><INIT seed="0,1,0,2,2,31" ten="337,173,250,240" oya="0" hai0="122,25,118,85,14,11,57,78,97,21,92,18,46" hai1="107,119,64,24,28,68,95,134,73,42,121,37,84" hai2="77,53,3,55,126,117,123,67,34,23,81,17,127" hai3="44,20,72,61,63,111,69,62,113,99,106,4,114"/><T39/><D118/><U70/><E84/><V87/><F123/><W124/><G72/><T30/><D122/><U32/><E95/><V89/><F3/><W7/><G69/><N who="1" m="26730" /><E64/><V15/><F117/><W120/><G120/><T33/><D57/><U19/><E19/><V50/><F67/><W26/><G111/><T16/><D39/><U48/><E48/><V45/><F34/><W130/><G130/><T125/><D125/><U94/><E94/><V101/><F101/><W91/><G124/><T36/><D36/><U51/><E51/><V49/><REACH who="2" step="1"/><F77/><REACH who="2" ten="337,173,240,240" step="2"/><W109/><G109/><T58/><D78/><U110/><E32/><V100/><F100/><W129/><G129/><T29/><D33/><U22/><E121/><V12/><F12/><W1/><G1/><T54/><D14/><U9/><E110/><V60/><F60/><W2/><G2/><T80/><D25/><U96/><E24/><V132/><F132/><W104/><G63/><T98/><D30/><U75/><E28/><V27/><F27/><W74/><G62/><T40/><D29/><U59/><E134/><V13/><F13/><W108/><G61/><T5/><D5/><U102/><E102/><V79/><F79/><W82/><G108/><T86/><D18/><U128/><E119/><V112/><F112/><W116/><G113/><T6/><D16/><U65/><E65/><V35/><F35/><W135/><G114/><T131/><D6/><U52/><E128/><V10/><F10/><W83/><G135/><T115/><D11/><U8/><E9/><V90/><F90/><W76/><G116/><RYUUKYOKU ba="1,1" sc="337,-10,173,-10,240,30,240,-10" hai2="15,17,23,45,49,50,53,55,81,87,89,126,127" /><INIT seed="1,2,1,3,0,115" ten="327,163,270,230" oya="1" hai0="37,49,13,95,123,110,103,100,33,23,55,17,111" hai1="108,73,120,47,107,131,91,65,134,46,64,75,4" hai2="130,127,114,98,62,60,44,66,41,32,35,38,22" hai3="71,76,96,109,135,122,105,124,29,16,74,80,126"/><U81/><E4/><V20/><F114/><W82/><G71/><T25/><D37/><U18/><E81/><V88/><F130/><W61/><G29/><T36/><D36/><U14/><E91/><V99/><F127/><N who="3" m="48683" /><G61/><T83/><D123/><U117/><E107/><V116/><F116/><W104/><G122/><T48/><D83/><U8/><E120/><V106/><F106/><N who="3" m="41067" /><G16/><T52/><D95/><U6/><E18/><V86/><F35/><W10/><G10/><T77/><D77/><U79/><E79/><V53/><F32/><W19/><G19/><T72/><D72/><U5/><E8/><V84/><F53/><W56/><G56/><T90/><D90/><U9/><E9/><V28/><F62/><W30/><G30/><T50/><D33/><U70/><E70/><V102/><F28/><W67/><G96/><T31/><D31/><U7/><E7/><V93/><F99/><W63/><G82/><T101/><D25/><U51/><E14/><V34/><F34/><W58/><G135/><T26/><D26/><U54/><E134/><V59/><F22/><W12/><G109/><AGARI ba="2,1" hai="13,17,23,48,49,50,52,55,100,101,103,109,110,111" machi="109" ten="50,3200,0" yaku="14,1,54,1" doraHai="115" who="0" fromWho="3" sc="327,48,163,0,270,0,230,-38" /><INIT seed="2,0,0,2,3,7" ten="375,163,270,192" oya="2" hai0="6,88,52,101,94,110,21,10,129,16,73,105,69" hai1="20,117,34,125,106,46,39,14,90,35,38,40,132" hai2="131,9,68,108,13,8,4,96,134,50,18,2,63" hai3="111,51,77,92,12,45,31,11,100,59,71,120,84"/><V116/><F116/><W75/><G71/><T17/><D69/><U87/><E117/><V115/><F115/><W113/><G120/><T130/><D73/><U78/><E106/><V123/><F123/><W42/><G113/><T29/><D110/><U99/><E125/><V124/><F124/><W57/><G31/><T91/><D105/><U36/><E132/><V114/><F114/><W121/><G111/><T54/><D101/><U33/><E99/><V28/><F108/><W30/><G30/><T74/><D74/><U81/><E20/><V23/><F134/><W95/><G121/><T135/><D29/><U72/><REACH who="1" step="1"/><E14/><REACH who="1" ten="375,153,270,192" step="2"/><V102/><F131/><W22/><G22/><T60/><D135/><U82/><AGARI ba="0,1" hai="33,34,35,36,38,39,40,46,72,78,81,82,87,90" machi="82" ten="40,5200,0" yaku="1,1,2,1,0,1,53,0" doraHai="7" doraHaiUra="32" who="1" fromWho="1" sc="375,-13,153,62,270,-26,192,-13" /><INIT seed="3,0,0,5,4,40" ten="362,215,244,179" oya="3" hai0="9,106,104,83,16,42,77,112,78,57,84,56,103" hai1="19,17,43,135,114,52,46,132,101,0,58,45,98" hai2="18,118,5,123,25,37,128,73,89,126,65,6,22" hai3="124,32,27,13,72,47,79,11,55,29,66,64,113"/><W70/><G113/><T130/><D112/><U91/><E91/><V33/><F118/><W23/><G124/><T69/><D69/><U120/><E0/><V10/><F73/><W93/><G70/><T105/><D130/><U134/><E120/><V48/><F37/><W59/><G72/><T39/><D103/><U129/><E129/><V8/><F128/><W94/><G79/><T131/><D77/><U75/><E75/><V125/><F65/><W41/><G32/><T71/><D71/><U133/><E114/><V99/><F99/><W12/><G66/><T60/><D131/><U38/><E46/><V4/><F89/><W90/><G64/><T1/><D1/><U34/><E34/><V115/><F48/><W20/><G20/><T82/><D82/><U26/><E26/><V121/><F33/><W2/><G2/><T86/><D86/><U88/><E88/><V102/><F102/><W61/><G11/><N who="2" m="4137" /><F115/><W36/><REACH who="3" step="1"/><G94/><REACH who="3" ten="362,215,244,169" step="2"/><T109/><D78/><U31/><E135/><V68/><F68/><W117/><G117/><T49/><D105/><N who="1" m="63671" /><E31/><V97/><F97/><AGARI ba="0,1" hai="12,13,23,27,29,36,41,47,55,59,61,90,93,97" machi="97" ten="30,5800,0" yaku="1,1,7,1,52,1,53,0" doraHai="40" doraHaiUra="111" who="3" fromWho="2" sc="362,0,215,0,244,-58,169,68" /><INIT seed="3,1,0,3,4,117" ten="362,215,186,237" oya="3" hai0="119,61,30,129,10,55,33,95,21,7,100,43,125" hai1="72,9,131,29,79,92,28,77,108,49,106,60,19" hai2="64,41,94,69,16,87,127,105,118,130,83,132,46" hai3="15,63,70,6,96,24,0,38,35,62,65,42,126"/><W27/><G126/><T44/><D33/><U107/><E92/><V90/><F105/><W89/><G0/><T110/><D125/><U48/><E60/><V114/><F127/><W120/><G120/><T25/><D119/><U88/><E9/><V68/><F118/><W17/><G6/><T52/><D110/><U134/><E19/><V116/><F116/><W78/><G78/><T56/><D129/><U40/><E40/><V5/><F114/><W85/><G96/><N who="0" m="59423" /><D43/><U122/><E88/><V115/><F115/><W102/><G102/><T54/><D44/><U37/><E37/><V1/><F130/><W124/><G124/><T71/><D71/><U121/><E131/><V101/><F132/><W67/><G38/><T128/><D128/><U113/><E113/><V82/><F5/><W14/><G42/><T36/><D36/><U103/><E103/><V84/><F1/><W8/><G14/><T73/><D73/><U97/><E97/><V80/><F64/><W135/><G35/><T109/><D109/><U13/><E13/><AGARI ba="1,0" hai="7,10,13,21,25,30,52,54,55,56,61" m="59423" machi="13" ten="30,2000,0" yaku="8,1,54,1" doraHai="117" who="0" fromWho="1" sc="362,23,215,-23,186,0,237,0" /><INIT seed="4,0,0,0,0,26" ten="385,192,186,237" oya="0" hai0="129,8,120,58,101,6,125,42,71,122,35,70,91" hai1="17,59,54,130,133,78,34,90,111,112,31,81,41" hai2="95,96,93,56,74,76,16,109,135,86,107,57,75" hai3="102,119,38,103,113,13,4,48,50,27,25,89,126"/><T55/><D125/><U12/><E111/><V105/><F109/><W19/><G38/><T3/><D129/><U121/><E121/><V127/><F127/><W7/><G119/><T98/><D35/><U11/><E130/><V2/><F2/><W115/><G89/><T9/><D42/><U39/><E90/><V61/><F135/><W21/><G126/><T97/><D91/><U69/><E69/><V43/><F43/><W108/><G108/><T117/><D117/><U132/><E112/><V65/><F75/><W40/><G40/><T1/><D55/><U134/><E39/><V106/><F74/><W62/><G62/><T36/><D36/><U118/><E118/><V88/><F57/><W0/><G0/><T77/><D58/><U32/><E31/><V60/><F60/><W22/><G13/><T28/><D101/><U72/><REACH who="1" step="1"/><E41/><REACH who="1" ten="385,182,186,237" step="2"/><V23/><F76/><W116/><G116/><T30/><D77/><U131/><E131/><V63/><F63/><AGARI ba="0,1" hai="11,12,17,32,34,54,59,63,72,78,81,132,133,134" machi="63" ten="40,2600,0" yaku="1,1,20,1,53,0" doraHai="26" doraHaiUra="46" who="1" fromWho="2" sc="385,0,182,36,186,-26,237,0" /><INIT seed="5,0,0,2,0,18" ten="385,218,160,237" oya="1" hai0="55,21,117,122,92,134,76,30,58,20,33,77,40" hai1="116,106,8,115,127,41,114,81,22,47,78,108,1" hai2="132,34,14,0,46,96,7,63,2,123,39,105,80" hai3="17,6,82,88,42,31,5,84,90,11,15,54,44"/><U48/><E106/><V24/><F123/><W104/><G104/><T83/><D117/><U102/><E102/><V126/><F132/><W118/><G118/><T50/><D122/><U129/><E116/><V133/><F133/><W99/><G31/><T53/><D134/><U61/><E61/><V69/><F126/><W121/><G121/><T107/><D107/><U91/><E91/><V19/><F80/><W9/><G54/><T70/><D70/><U66/><E66/><V95/><F105/><W35/><G35/><T16/><D33/><U13/><E129/><V12/><F12/><W23/><G99/><T87/><D40/><U27/><E1/><V86/><F86/><W28/><G90/><N who="0" m="53343" /><D83/><U72/><E108/><V68/><F7/><W101/><G101/><T60/><D30/><U3/><E3/><V85/><F85/><W130/><G130/><T112/><D112/><U10/><E127/><V65/><F69/><W100/><G100/><T131/><D131/><U62/><E62/><V113/><F113/><N who="1" m="43017" /><E13/><V25/><F39/><W51/><G28/><AGARI ba="0,0" hai="8,10,22,27,28,41,47,48,72,78,81" m="43017" machi="28" ten="30,2900,0" yaku="15,1,52,1" doraHai="18" who="1" fromWho="3" sc="385,0,218,29,160,0,237,-29" /><INIT seed="5,1,0,4,5,92" ten="385,247,160,208" oya="1" hai0="88,56,107,113,103,83,72,102,129,48,3,42,85" hai1="5,95,20,41,47,68,35,57,49,127,78,46,11" hai2="82,58,100,21,1,89,116,67,52,27,7,26,80" hai3="32,90,94,6,54,132,10,125,63,75,59,93,36"/><U119/><E35/><V65/><F116/><W51/><G36/><T0/><D113/><U122/><E68/><V73/><F100/><W17/><G75/><T62/><D129/><U31/><E122/><V64/><F1/><W4/><G32/><T23/><D102/><U99/><E78/><V14/><F73/><W13/><G132/><T106/><D23/><U134/><E127/><V126/><F126/><W91/><G125/><T19/><D19/><U87/><E87/><V69/><F69/><W8/><G63/><T110/><D110/><U109/><E134/><V25/><F89/><W114/><G114/><T130/><D130/><U117/><E57/><V111/><F111/><W55/><G55/><T128/><D72/><U16/><E46/><V70/><F70/><W84/><REACH who="3" step="1"/><G10/><REACH who="3" ten="385,247,160,198" step="2"/><T37/><D37/><U22/><E109/><V45/><F45/><W24/><G24/><T112/><D62/><U40/><E119/><V50/><REACH who="2" step="1"/><F21/><REACH who="2" ten="385,247,150,198" step="2"/><W15/><G15/><T77/><D0/><U97/><E22/><V81/><F81/><W2/><G2/><T133/><D3/><U105/><E20/><V44/><F44/><W118/><G118/><T115/><D115/><U79/><E47/><V66/><N who="2" m="16384" /><DORA hai="33" /><V98/><F98/><AGARI ba="1,2" hai="4,6,8,13,17,51,54,59,84,90,91,93,94,98" machi="98" ten="30,7700,0" yaku="1,1,7,1,8,1,52,1,53,0" doraHai="92,33" doraHaiUra="120,39" who="3" fromWho="2" sc="385,0,247,0,150,-80,198,100" /><INIT seed="6,0,0,5,5,16" ten="385,247,70,298" oya="2" hai0="59,103,66,72,98,127,2,19,85,50,17,41,67" hai1="69,130,79,44,6,36,110,61,52,1,37,76,47" hai2="57,86,131,58,107,75,73,122,22,38,55,21,124" hai3="81,56,15,18,49,99,46,128,121,126,25,33,28"/><V31/><F107/><W8/><G121/><T23/><D72/><U45/><E6/><V119/><F122/><W12/><G126/><T115/><D2/><U78/><E1/><V116/><F38/><W113/><G128/><T133/><D127/><U94/><E110/><V10/><F124/><W91/><G56/><T35/><D35/><U111/><E111/><V129/><F10/><W48/><G113/><T14/><D85/><U62/><E94/><V68/><F86/><W63/><G63/><T125/><D133/><U54/><E69/><V53/><REACH who="2" step="1"/><F31/><REACH who="2" ten="385,247,60,298" step="2"/><W101/><G28/><T102/><D125/><U84/><E84/><V7/><F7/><W13/><G8/><T120/><D120/><U11/><E11/><V83/><F83/><W92/><G18/><T64/><D19/><U123/><E123/><V93/><F93/><W65/><G81/><T117/><D115/><U3/><E130/><V112/><F112/><W42/><G92/><T71/><D98/><U20/><E37/><V32/><F32/><W118/><G33/><T70/><D17/><U60/><E36/><V135/><F135/><W95/><G95/><T0/><D71/><AGARI ba="0,1" hai="21,22,53,55,57,58,68,71,73,75,116,119,129,131" machi="71" ten="25,12000,1" yaku="1,1,22,2,52,2,53,0" doraHai="16" doraHaiUra="82" who="2" fromWho="0" sc="385,-120,247,0,60,130,298,0" /><INIT seed="6,1,0,4,2,90" ten="265,247,190,298" oya="2" hai0="118,60,5,117,16,89,25,13,75,104,131,29,108" hai1="34,101,20,124,58,45,114,119,111,49,15,94,71" hai2="36,69,132,18,122,4,54,113,10,88,116,77,38" hai3="115,63,125,105,61,66,52,22,73,26,99,46,33"/><V129/><F116/><N who="0" m="44650" /><D108/><U21/><E34/><V30/><F122/><W17/><G73/><T120/><D120/><U6/><E71/><V83/><F69/><W14/><G125/><T85/><D131/><U70/><E70/><V19/><F129/><W96/><G115/><T41/><D75/><U8/><E114/><V27/><F132/><W35/><G35/><N who="0" m="20911" /><D104/><U57/><E124/><V87/><F113/><W1/><G1/><T109/><D109/><U11/><E11/><V65/><F65/><W44/><G66/><T55/><D41/><U80/><E80/><V81/><F54/><W78/><G78/><T59/><D5/><U126/><E126/><V107/><F107/><W28/><G105/><T43/><D43/><U86/><E111/><V128/><F128/><W121/><G121/><T31/><D31/><U134/><E134/><V123/><F123/><W98/><G46/><T42/><D42/><U9/><E9/><V68/><F68/><W50/><AGARI ba="1,0" hai="14,17,22,26,28,33,44,50,52,61,63,96,98,99" machi="50" ten="30,2000,0" yaku="0,1,54,1" doraHai="90" who="3" fromWho="3" sc="265,-6,247,-6,190,-11,298,23" /><INIT seed="7,0,0,4,5,103" ten="259,241,179,321" oya="3" hai0="57,135,126,121,69,15,82,0,97,114,83,105,124" hai1="117,70,26,102,31,125,18,73,116,110,62,41,77" hai2="47,56,23,5,63,32,74,127,36,53,42,89,108" hai3="85,98,13,37,94,39,115,106,8,71,129,34,131"/><W122/><G34/><T91/><D0/><U45/><E18/><V107/><F32/><W24/><G71/><T104/><D69/><U132/><E110/><V6/><F108/><W67/><G67/><T59/><D121/><U133/><E102/><V134/><F74/><W33/><G33/><T27/><D135/><N who="1" m="51787" /><E125/><N who="0" m="48233" /><D27/><U64/><E26/><V25/><F134/><W109/><G24/><T3/><D3/><U95/><E95/><V130/><F127/><W100/><G122/><T52/><D15/><U66/><E31/><V55/><F130/><W40/><G109/><T92/><D59/><N who="1" m="36959" /><E77/><V79/><F79/><W72/><G129/><T50/><D114/><U35/><E73/><V28/><F55/><W44/><G115/><T2/><D2/><U80/><E80/><AGARI ba="0,0" hai="50,52,57,80,82,83,91,92,97,104,105" m="48233" machi="80" ten="30,7700,0" yaku="18,1,52,2,54,1" doraHai="103" who="0" fromWho="1" sc="259,77,241,-77,179,0,321,0" owari="336,44.0,164,-34.0,179,-22.0,321,12.0" /></mjloggm>