<mjloggm ver="2.3"><GO type="169" lobby="0"/><UN n0="%52%69%2D%4D%6F%2D" n1="%E5%B0%B1%E6%B4%BB%E7%94%9F%40%E5%B7%9D%E6%9D%91%E8%BB%8D%E5%9B%A3" n2="%EF%BD%9E%E5%8E%9F%E6%9D%91%E5%92%8C%EF%BD%9E" n3="%E3%81%8B%E3%82%8B%E3%81%8B%E3%82%8B%E3%81%8B%E3%82%8B%E3%81%BF%E3%82%93" dan="17,17,16,16" rate="2139.10,2202.24,2154.03,2068.39" sx="M,M,F,M"/><TAIKYOKU oya="0"/><INIT seed="0,0,0,1,2,70" ten="250,250,250,250" oya="0" hai0="123,62,61,38,126,69,92,95,30,89,76,3,122" hai1="100,115,0,57,108,112,36,15,16,19,39,130,4" hai2="44,27,22,46,118,2,40,42,28,11,132,63,120" hai3="85,26,121,52,128,71,48,84,104,32,25,111,10"/><T54/><D3/><U91/><E108/><V124/><F132/><W53/><G104/><T9/><D76/><U58/><E130/><V116/><F124/><W78/><G111/><T33/><D126/><U65/><E100/><V20/><F120/><W13/><G128/><T37/><D9/><N who="1" m="2183" /><E91/><V6/><F63/><W14/><G71/><T99/><D69/><U127/><E127/><V7/><F7/><W110/><G110/><T1/><D1/><U45/><E45/><V81/><F22/><W117/><G117/><T59/><D62/><N who="1" m="38095" /><E58/><V49/><REACH who="2" step="1"/><F81/><REACH who="2" ten="250,250,240,250" step="2"/><W119/><G121/><T43/><D122/><U93/><E19/><V109/><F109/><W64/><G32/><T90/><D123/><U86/><E93/><V107/><F107/><W75/><G10/><T74/><D33/><U129/><E129/><V97/><F97/><W17/><G17/><T8/><D8/><N who="1" m="6247" /><E86/><V102/><F102/><W41/><G85/><T131/><D131/><U51/><E115/><V56/><F56/><W29/><G84/><N who="0" m="52263" /><D74/><U50/><E112/><V73/><F73/><W24/><G75/><T72/><D72/><U135/><E135/><V133/><F133/><W5/><G5/><T12/><D30/><U66/><E66/><V88/><F88/><W83/><G29/><T60/><D61/><U106/><E106/><V47/><F47/><W55/><G64/><T98/><D99/><U96/><E96/><V134/><F134/><W23/><G83/><T114/><D114/><U67/><E67/><V79/><F79/><W103/><G78/><T31/><D98/><U21/><E21/><RYUUKYOKU ba="0,1" sc="250,-15,250,15,240,15,250,-15" hai1="36,39,50,51" hai2="2,6,11,20,27,28,40,42,44,46,49,116,118" /><INIT seed="1,1,1,3,0,18" ten="235,265,255,235" oya="1" hai0="92,34,7,68,96,95,63,14,25,90,64,79,56" hai1="49,89,114,53,38,110,128,81,131,94,21,73,1" hai2="3,54,99,58,72,133,85,30,51,116,17,88,2" hai3="87,76,65,15,103,111,8,71,50,26,102,39,135"/><U104/><E104/><V11/><F133/><W132/><G39/><T134/><D134/><N who="3" m="51241" /><G111/><T55/><D79/><U101/><E1/><V122/><F116/><W106/><G106/><T43/><D43/><U98/><E38/><V117/><F117/><W48/><G26/><T46/><D46/><U67/><E114/><V130/><F130/><N who="1" m="49705" /><E67/><V70/><F70/><W33/><G33/><T118/><D118/><U47/><E110/><V78/><F122/><W77/><G65/><T74/><D74/><U120/><E120/><V52/><F30/><W20/><G71/><T19/><D7/><U12/><E73/><V44/><F99/><W40/><G20/><T112/><D112/><U82/><E101/><N who="3" m="38410" /><G40/><T62/><D92/><U23/><E12/><N who="2" m="7327" /><F78/><N who="3" m="30315" /><G87/><T80/><D34/><U84/><E84/><V108/><F72/><W126/><G126/><T113/><D113/><U13/><E13/><V6/><F108/><W66/><G66/><T42/><D42/><U57/><E47/><V125/><F125/><W123/><G123/><T27/><REACH who="0" step="1"/><D80/><AGARI ba="1,1" hai="21,23,49,53,57,80,81,82,89,94,98" m="49705" machi="80" ten="30,5800,0" yaku="19,1,52,2" doraHai="18" who="1" fromWho="0" sc="235,-61,265,71,255,0,235,0" /><INIT seed="1,2,0,5,0,72" ten="174,336,255,235" oya="1" hai0="95,36,40,103,80,0,45,63,14,22,81,123,28" hai1="24,88,82,52,10,60,74,34,69,94,89,26,6" hai2="12,25,100,93,113,20,122,84,121,134,106,57,73" hai3="5,43,39,98,115,107,56,11,102,50,16,1,55"/><U132/><E132/><V18/><F73/><W120/><G120/><T104/><D0/><U90/><E34/><V67/><F134/><W86/><G115/><T68/><D104/><U130/><E130/><V117/><F117/><W41/><G39/><T135/><D135/><U8/><E69/><V27/><F113/><W133/><G133/><T92/><D123/><U83/><E74/><V7/><F106/><W13/><REACH who="3" step="1"/><G86/><REACH who="3" ten="174,336,255,225" step="2"/><T44/><D36/><U79/><E94/><V42/><F84/><W61/><G61/><T129/><D63/><U46/><E60/><V49/><F93/><W2/><G2/><T77/><D129/><U101/><E101/><V76/><F100/><W33/><G33/><T128/><D128/><U30/><E30/><V125/><F121/><W119/><G119/><T64/><D92/><U126/><E126/><V124/><F122/><W37/><G37/><T91/><D103/><U131/><E131/><V75/><F124/><W110/><G110/><T23/><D28/><U87/><E82/><V111/><F111/><W4/><G4/><T21/><D81/><U109/><E109/><V62/><F7/><W51/><G51/><T70/><D95/><U116/><E116/><V127/><F127/><W17/><G17/><T29/><D29/><U35/><E35/><V97/><F125/><W78/><G78/><T112/><D77/><U99/><E99/><V114/><F97/><W108/><G108/><T3/><D112/><U15/><E10/><AGARI ba="2,1" hai="1,5,10,11,13,16,41,43,50,55,56,98,102,107" machi="10" ten="30,7700,0" yaku="1,1,7,1,54,1,53,1" doraHai="72" doraHaiUra="54" who="3" fromWho="1" sc="174,0,336,-83,255,0,225,93" /><INIT seed="2,0,0,0,0,129" ten="174,253,255,318" oya="2" hai0="6,133,130,29,3,93,72,73,28,17,8,131,16" hai1="63,4,97,40,42,62,79,23,5,114,91,105,124" hai2="75,19,92,14,135,50,125,13,127,33,48,76,90" hai3="108,122,46,61,53,115,85,41,102,98,52,57,43"/><V74/><F33/><W121/><G108/><T24/><D93/><U103/><E114/><V15/><F19/><N who="0" m="7242" /><D72/><N who="2" m="27690" /><F76/><W69/><G85/><T66/><D66/><U117/><E117/><V89/><F92/><W51/><G98/><T27/><D73/><U64/><E79/><V68/><F68/><W21/><G21/><N who="0" m="15375" /><D133/><U7/><E91/><N who="2" m="34827" /><F135/><W47/><G102/><T95/><D95/><U100/><E100/><V25/><F25/><W60/><G115/><T96/><D96/><U104/><E104/><V99/><F99/><W67/><REACH who="3" step="1"/><G53/><REACH who="3" ten="174,253,255,308" step="2"/><T77/><D77/><U56/><E103/><V116/><F116/><W11/><G11/><T65/><D65/><U88/><E97/><V87/><F87/><W126/><G126/><AGARI ba="0,1" hai="13,14,15,48,50,125,126,127" m="34827,27690" machi="126" ten="40,7700,0" yaku="28,2,18,1" doraHai="129" who="2" fromWho="3" sc="174,0,253,0,255,87,308,-77" /><INIT seed="2,1,0,5,1,130" ten="174,253,342,231" oya="2" hai0="63,82,94,2,48,64,126,78,128,3,70,119,4" hai1="112,55,9,77,5,41,54,114,103,32,124,21,65" hai2="66,49,93,99,13,30,27,90,59,115,56,102,37" hai3="86,100,135,110,87,81,122,62,69,29,8,74,12"/><V129/><F37/><W35/><G122/><T45/><D128/><U134/><E32/><V96/><F115/><W105/><G110/><T34/><D126/><U7/><E124/><V16/><F49/><W43/><G43/><T120/><D120/><U58/><E103/><V84/><F66/><W40/><G40/><T61/><D34/><U11/><E77/><V0/><F0/><W132/><G74/><T23/><D63/><U60/><E41/><V113/><F113/><W116/><G116/><T42/><D119/><U127/><E127/><V17/><F99/><N who="3" m="61599" /><G86/><T46/><D46/><U44/><E21/><V1/><F1/><W101/><G101/><T92/><D3/><U71/><E44/><V51/><F129/><W25/><G87/><T91/><D91/><U98/><E98/><V39/><F39/><W52/><G52/><T83/><D83/><U76/><E76/><V33/><F51/><W67/><G81/><T131/><D131/><U26/><E26/><V20/><REACH who="2" step="1"/><F17/><AGARI ba="1,0" hai="8,12,17,25,29,35,62,67,69,132,135" m="61599" machi="17" ten="30,3900,0" yaku="25,1,52,2" doraHai="130" who="3" fromWho="2" sc="174,0,253,0,342,-42,231,42" /><INIT seed="3,0,0,2,0,31" ten="174,253,300,273" oya="3" hai0="104,58,96,57,118,76,47,114,26,1,40,15,33" hai1="110,84,7,91,90,27,54,99,126,14,2,77,64" hai2="116,59,51,10,17,8,108,66,72,135,45,68,42" hai3="105,111,124,37,16,75,86,122,89,4,85,32,21"/><W25/><G122/><T125/><D118/><U115/><E2/><V43/><F108/><W102/><G75/><T5/><D1/><U22/><E115/><V48/><F135/><W123/><G123/><T39/><D76/><U60/><E126/><V93/><F72/><W132/><G124/><T88/><D125/><U30/><E110/><V6/><F68/><W19/><G111/><T44/><D114/><U56/><E99/><V52/><F116/><W95/><G37/><T0/><D0/><U53/><E77/><V133/><F133/><W69/><G69/><T24/><D44/><U134/><E134/><V107/><F107/><W41/><G41/><T117/><D117/><U80/><E91/><V129/><F129/><W127/><G132/><T67/><D67/><U55/><E14/><V94/><F66/><W38/><G38/><T29/><D26/><U101/><E7/><V73/><F73/><W23/><G127/><T20/><D104/><U9/><E9/><N who="2" m="3691" /><F6/><W120/><G120/><T70/><D70/><U97/><REACH who="1" step="1"/><E54/><REACH who="1" ten="174,243,300,273" step="2"/><N who="2" m="29967" /><F17/><W98/><G4/><T92/><REACH who="0" step="1"/><D5/><REACH who="0" ten="164,243,300,273" step="2"/><U103/><E103/><V79/><F79/><W71/><G102/><T109/><D109/><U87/><E87/><V34/><F43/><W78/><G86/><T100/><D100/><U46/><E46/><V74/><F74/><W11/><G78/><T50/><D50/><U12/><E12/><V82/><F42/><W81/><G85/><T106/><D106/><AGARI ba="0,2" hai="22,27,30,53,55,56,60,64,80,84,90,97,101,106" machi="106" ten="30,2000,0" yaku="1,1,7,1,53,0" doraHai="31" doraHaiUra="35" who="1" fromWho="0" sc="164,-20,243,40,300,0,273,0" /><INIT seed="4,0,0,3,1,29" ten="144,283,300,273" oya="0" hai0="132,78,59,135,110,49,124,24,12,112,73,90,48" hai1="39,67,21,41,63,51,20,83,47,120,89,111,125" hai2="50,79,92,40,113,114,61,77,134,97,116,133,76" hai3="131,42,95,86,31,108,100,84,7,53,45,3,43"/><T54/><D112/><N who="2" m="43114" /><F61/><W30/><G108/><T109/><D12/><U99/><E120/><V106/><F40/><W81/><G131/><T68/><D73/><U18/><E111/><N who="0" m="42505" /><D78/><U101/><E125/><V71/><F71/><W26/><G3/><T102/><D102/><U96/><E39/><V129/><F50/><N who="0" m="19562" /><D90/><U85/><E18/><V10/><F106/><W115/><G100/><T87/><D87/><U91/><E91/><N who="2" m="55455" /><F10/><W25/><G115/><T94/><D94/><N who="1" m="58519" /><E99/><V52/><F52/><W65/><G95/><T119/><D68/><U60/><E20/><V80/><F129/><W0/><G86/><T72/><D72/><U103/><E21/><V8/><F8/><W22/><G84/><T66/><D124/><U70/><E103/><V105/><F105/><W126/><G126/><T32/><D66/><U56/><E70/><V33/><F33/><W4/><G65/><T130/><D130/><U13/><E13/><V5/><F5/><W9/><G7/><T11/><D11/><U17/><E17/><V98/><F98/><W44/><G4/><T16/><D119/><U88/><E89/><V14/><F14/><W64/><G64/><T23/><D32/><U62/><AGARI ba="0,0" hai="41,47,51,56,60,62,63,67,83,85,88" m="58519" machi="62" ten="30,2000,0" yaku="8,1,54,1" doraHai="29" who="1" fromWho="1" sc="144,-10,283,20,300,-5,273,-5" /><INIT seed="5,0,0,4,3,0" ten="134,303,295,268" oya="1" hai0="46,53,24,101,62,112,126,25,26,63,102,6,103" hai1="128,82,57,37,43,49,36,8,61,124,115,31,11" hai2="1,35,120,135,48,34,59,99,109,7,40,30,119" hai3="29,19,50,105,72,107,21,95,56,85,133,132,4"/><U5/><E115/><V65/><F109/><W3/><G72/><T16/><D112/><U90/><E124/><V23/><F119/><W33/><G33/><T131/><D126/><U100/><E100/><V96/><F120/><W15/><G29/><T123/><D123/><U77/><E128/><V118/><F135/><W54/><G132/><T127/><D127/><U17/><E31/><V60/><F34/><W2/><G2/><T117/><D117/><U66/><E90/><V39/><F35/><W10/><G133/><T47/><D131/><U69/><E17/><V80/><F80/><W51/><G50/><T64/><D64/><U55/><E11/><V68/><F30/><W44/><G44/><T92/><D92/><U58/><E43/><V45/><F23/><W76/><G76/><T108/><D108/><U97/><E97/><V87/><F87/><W79/><G79/><T110/><D110/><U67/><E66/><V89/><F89/><AGARI ba="0,0" hai="3,4,10,15,19,21,51,54,56,85,89,95,105,107" machi="89" ten="40,5200,0" yaku="25,2,52,1" doraHai="0" who="3" fromWho="2" sc="134,0,303,0,295,-52,268,52" /><INIT seed="6,0,0,5,5,45" ten="134,303,243,320" oya="2" hai0="63,42,118,51,38,99,101,78,100,115,116,125,47" hai1="61,14,96,135,84,80,5,85,103,48,127,124,119" hai2="88,74,28,22,17,40,59,77,83,89,123,19,16" hai3="92,130,133,65,15,129,70,98,13,1,75,108,111"/><V6/><F123/><W62/><G1/><T12/><D115/><U37/><E37/><V21/><F6/><W49/><G75/><T50/><D78/><U25/><E119/><N who="0" m="45609" /><D125/><N who="1" m="48203" /><E61/><V57/><F40/><W11/><G133/><T73/><D73/><U126/><E25/><V33/><F33/><W121/><G121/><T3/><D3/><U29/><E29/><V41/><F41/><W79/><G79/><T23/><D63/><U94/><E135/><V46/><F46/><W44/><G108/><T66/><D66/><U8/><E126/><V134/><F134/><W113/><G113/><T0/><D0/><U20/><E20/><V95/><F89/><N who="3" m="55567" /><G11/><T76/><D76/><N who="1" m="46087" /><E85/><V93/><F93/><W72/><G111/><T34/><D34/><U64/><E64/><V112/><F22/><W131/><G72/><T68/><D68/><U31/><E31/><V53/><F112/><W117/><G117/><T91/><D91/><U71/><E71/><V56/><F21/><W55/><AGARI ba="0,0" hai="13,15,44,49,55,62,65,70,129,130,131" m="55567" machi="55" ten="30,2000,0" yaku="19,1,52,1" doraHai="45" who="3" fromWho="3" sc="134,-5,303,-5,243,-10,320,20" /><INIT seed="7,0,0,2,0,94" ten="129,298,233,340" oya="3" hai0="33,130,5,110,73,61,0,10,127,42,52,17,126" hai1="83,101,31,37,129,29,47,66,99,9,46,113,97" hai2="67,131,2,89,21,49,75,70,85,84,77,6,38" hai3="125,8,11,114,30,65,81,58,76,60,68,90,123"/><W128/><G123/><T82/><D82/><U13/><E113/><V78/><F38/><W59/><G114/><T28/><D73/><U124/><E124/><V25/><F131/><W92/><G125/><T106/><D42/><U87/><E129/><V39/><F39/><W15/><G128/><T103/><D130/><U3/><E3/><V32/><F32/><W16/><G30/><N who="1" m="11274" /><E66/><V121/><F75/><W62/><G11/><T48/><D110/><U51/><E101/><V107/><F107/><W18/><G18/><T135/><D48/><U23/><E23/><V19/><F70/><W26/><G26/><T27/><D135/><U7/><E37/><V116/><F67/><W36/><G36/><T88/><D88/><N who="1" m="51327" /><E47/><V4/><F2/><W102/><G102/><T91/><D91/><U120/><E120/><V109/><F116/><W50/><G50/><T1/><D1/><U40/><AGARI ba="0,0" hai="7,9,13,40,46,51,97,99" m="51327,11274" machi="40" ten="30,7900,0" yaku="8,1,52,2,54,1" doraHai="94" who="1" fromWho="1" sc="129,-20,298,79,233,-20,340,-39" owari="109,-39.0,377,48.0,213,-19.0,301,10.0" /></mjloggm>