<mjloggm ver="2.3"><GO type="169" lobby="0"/><UN n0="%E6%99%82%E3%81%AE%E6%BC%82%E6%B3%8A" n1="%E3%83%88%E3%83%88%E3%83%AA%E5%85%88%E7%94%9F%31%39%E6%AD%B3" n2="%4D%72%2E%6E%69%6B%75%39" n3="%E3%81%B5%E3%81%8B%E3%81%98" dan="17,18,17,16" rate="2154.10,2228.21,2141.35,2106.04" sx="F,F,M,M"/><TAIKYOKU oya="0"/><INIT seed="0,0,0,2,5,110" ten="250,250,250,250" oya="0" hai0="68,81,126,92,105,90,109,7,106,89,2,50,20" hai1="51,114,35,101,127,26,131,88,130,31,70,107,43" hai2="103,33,34,125,5,129,132,23,10,61,60,67,79" hai3="100,112,24,87,18,99,133,55,27,44,32,121,49"/><T54/><D68/><U15/><E70/><V120/><F120/><W77/><G121/><T135/><D135/><U93/><E127/><V116/><F125/><W84/><G133/><T12/><D126/><U119/><E119/><V72/><F132/><W8/><G112/><T0/><D109/><U39/><E39/><V41/><F41/><W95/><G32/><T59/><D105/><U6/><E114/><V83/><F129/><W108/><G108/><T21/><D106/><U94/><E107/><V4/><F116/><W73/><G73/><T98/><D2/><U75/><E75/><V124/><F124/><W85/><G77/><T37/><D0/><U102/><E94/><V53/><F103/><W19/><G8/><N who="0" m="4127" /><D37/><U45/><E15/><V13/><F4/><W1/><G1/><T47/><D47/><U80/><E80/><V96/><F96/><W36/><G36/><T91/><D81/><U66/><E66/><V56/><REACH who="2" step="1"/><F23/><AGARI ba="0,0" hai="20,21,23,50,54,59,89,90,91,92,98" m="4127" machi="23" ten="30,1500,0" yaku="8,1" doraHai="110" who="0" fromWho="2" sc="250,15,250,0,250,-15,250,0" /><INIT seed="0,1,0,0,3,84" ten="265,250,235,250" oya="0" hai0="133,28,105,103,1,108,97,111,91,33,82,127,67" hai1="114,58,34,64,125,66,113,129,45,122,39,46,119" hai2="52,65,32,26,102,8,94,43,4,126,71,61,68" hai3="14,72,95,109,40,63,101,24,89,121,54,76,50"/><T57/><D1/><U2/><E2/><V70/><F126/><W6/><G109/><N who="0" m="42059" /><D127/><U31/><E125/><V27/><F43/><W3/><G3/><T49/><D133/><U90/><E119/><V21/><F32/><W110/><G72/><T87/><D33/><U112/><E122/><V25/><F21/><W106/><G106/><T93/><D28/><U23/><E34/><V86/><F52/><W96/><G76/><T0/><D0/><U77/><E129/><V48/><F48/><W104/><G40/><T20/><D20/><U79/><E39/><V55/><F55/><W22/><G63/><N who="0" m="38383" /><D49/><U13/><E77/><V83/><F8/><W29/><G121/><T56/><D56/><U17/><E79/><V92/><F71/><W130/><G130/><T62/><D62/><N who="1" m="37975" /><E31/><V41/><F70/><W37/><G37/><T100/><D100/><U80/><E66/><V98/><F102/><W124/><G124/><T131/><D131/><U75/><E75/><V11/><F68/><W30/><G110/><T12/><D12/><U134/><E134/><V51/><F65/><W69/><G69/><T107/><AGARI ba="1,0" hai="82,87,91,93,97,103,105,107" m="38383,42059" machi="107" ten="30,6000,0" yaku="14,1,10,1,52,1" doraHai="84" who="0" fromWho="0" sc="265,63,250,-21,235,-21,250,-21" /><INIT seed="0,2,0,5,2,117" ten="328,229,214,229" oya="0" hai0="32,124,31,46,99,93,6,24,19,11,45,85,54" hai1="106,23,104,47,52,22,92,135,60,20,127,79,38" hai2="5,44,105,33,17,120,48,2,18,94,70,76,119" hai3="132,34,73,43,101,30,57,81,95,87,129,125,108"/><T98/><D124/><U51/><E127/><V118/><F105/><W26/><G125/><T14/><D85/><U83/><E135/><V64/><F33/><W0/><G0/><T116/><D116/><N who="2" m="44586" /><F76/><W107/><G132/><T65/><D65/><U58/><E92/><V82/><F82/><W111/><G129/><T78/><D78/><U35/><E38/><V103/><F5/><W15/><G43/><T37/><D37/><U90/><E90/><V113/><F2/><W12/><G107/><T84/><D84/><U67/><REACH who="1" step="1"/><E35/><REACH who="1" ten="328,219,214,229" step="2"/><V9/><F94/><W110/><G95/><T3/><D93/><U123/><E123/><V42/><F120/><W100/><G34/><T75/><D99/><U97/><E97/><V102/><F113/><W39/><G39/><T77/><D98/><U130/><E130/><V133/><F133/><W131/><G131/><T55/><D77/><U50/><E50/><V96/><F96/><W62/><G108/><T69/><D32/><U53/><E53/><V122/><F122/><W10/><G110/><T61/><D55/><U72/><AGARI ba="2,1" hai="20,22,23,47,51,52,58,60,67,72,79,83,104,106" machi="72" ten="30,4000,0" yaku="1,1,0,1,54,1,53,0" doraHai="117" doraHaiUra="71" who="1" fromWho="1" sc="328,-22,219,56,214,-12,229,-12" /><INIT seed="1,0,0,5,3,105" ten="306,275,202,217" oya="1" hai0="13,15,5,97,83,72,52,98,110,23,82,121,9" hai1="40,46,35,12,34,10,42,81,127,30,102,49,106" hai2="86,28,24,16,55,36,133,90,115,118,112,19,21" hai3="104,33,47,64,17,125,132,2,116,0,117,69,123"/><U26/><E127/><V76/><F118/><W94/><G94/><T22/><D110/><U65/><E35/><V99/><F36/><W88/><G88/><T95/><D121/><U93/><E106/><V85/><F133/><W14/><G47/><T66/><D66/><U111/><E111/><V68/><F68/><W11/><G64/><T7/><D95/><U79/><E65/><V89/><F99/><W57/><G57/><T122/><D122/><U75/><E93/><N who="2" m="54455" /><F55/><W92/><G92/><T25/><D25/><U119/><E119/><N who="3" m="45642" /><G69/><T80/><D72/><U134/><E134/><V71/><F71/><W32/><G104/><T6/><D52/><U45/><E102/><V31/><F76/><W67/><G67/><T20/><D9/><U50/><E45/><V109/><F109/><W78/><G78/><T53/><D53/><U48/><REACH who="1" step="1"/><E42/><REACH who="1" ten="306,265,202,217" step="2"/><V27/><F112/><W73/><G132/><T131/><D131/><U113/><E113/><V3/><F115/><W96/><G123/><T84/><D84/><U120/><E120/><V91/><F85/><W58/><G125/><T129/><D129/><U124/><E124/><V63/><F91/><W128/><G128/><T18/><D97/><U108/><E108/><V8/><F90/><W74/><G96/><T103/><D98/><U56/><E56/><V41/><F41/><W100/><G58/><T44/><D103/><U1/><E1/><N who="3" m="618" /><G100/><T59/><D59/><U62/><E62/><V114/><F63/><W126/><G126/><T29/><D44/><U38/><E38/><V51/><F114/><W60/><G60/><RYUUKYOKU ba="0,1" sc="306,-15,265,15,202,-15,217,15" hai1="10,12,26,30,34,40,46,48,49,50,75,79,81" hai3="11,14,17,32,33,73,74" /><INIT seed="1,1,1,0,2,63" ten="291,280,187,232" oya="1" hai0="92,17,23,128,22,70,66,32,36,42,78,99,84" hai1="67,0,80,75,127,43,46,116,8,18,107,118,65" hai2="96,2,62,55,54,53,130,49,95,58,3,83,10" hai3="39,90,71,48,56,93,50,134,4,45,57,20,114"/><U124/><E107/><V120/><F120/><W37/><G114/><T64/><D32/><U38/><E116/><V91/><F130/><W82/><G71/><T104/><D70/><U16/><E118/><V117/><F117/><W14/><G39/><T129/><D42/><U109/><E109/><V88/><F10/><N who="3" m="4423" /><G37/><T34/><D34/><U105/><E105/><V9/><F9/><W59/><G134/><T112/><D36/><U21/><E75/><V51/><F3/><W113/><G113/><T29/><D112/><U7/><E80/><V119/><F2/><W19/><G82/><N who="0" m="47191" /><D104/><U73/><E18/><V101/><F119/><W26/><G45/><T25/><D128/><U11/><E11/><V68/><F68/><W135/><G135/><T72/><D72/><U100/><E100/><V13/><F13/><W122/><G122/><T106/><D106/><U97/><E97/><AGARI ba="1,1" hai="19,20,26,48,50,56,57,59,90,93,97" m="4423" machi="97" ten="30,1000,0" yaku="8,1" doraHai="63" who="3" fromWho="1" sc="291,0,280,-13,187,0,232,23" /><INIT seed="2,0,0,3,1,58" ten="291,267,187,255" oya="2" hai0="131,14,113,75,91,42,32,134,125,106,40,69,90" hai1="120,87,101,79,77,60,102,63,135,21,86,53,123" hai2="109,67,43,49,62,55,132,38,18,66,34,33,98" hai3="72,36,84,80,15,81,68,31,54,30,35,74,46"/><V45/><F132/><W128/><G68/><T8/><D113/><U61/><E53/><V5/><F109/><W13/><G54/><T117/><D106/><U39/><E135/><V116/><F116/><W73/><G128/><T41/><D134/><U94/><E39/><V6/><F67/><W115/><G115/><T4/><D75/><U20/><E61/><V17/><F98/><W59/><G59/><T3/><D32/><U95/><AGARI ba="0,0" hai="20,21,60,63,77,79,86,87,94,95,101,102,120,123" machi="95" ten="25,8000,1" yaku="0,1,22,2,52,2" doraHai="58" who="1" fromWho="1" sc="291,-20,267,80,187,-40,255,-20" /><INIT seed="3,0,0,1,2,36" ten="271,347,147,235" oya="3" hai0="15,119,92,7,106,56,16,2,24,26,11,105,6" hai1="116,108,18,79,40,73,68,33,78,1,20,104,19" hai2="130,59,88,44,29,5,90,55,10,21,9,111,46" hai3="85,53,43,135,83,71,87,23,98,38,58,93,42"/><W134/><G71/><T84/><D119/><U72/><E104/><V77/><F111/><W52/><G38/><T28/><D7/><U41/><E68/><V126/><F77/><W99/><G23/><T123/><D123/><U110/><E20/><V60/><F130/><W102/><G58/><T128/><D128/><U3/><REACH who="1" step="1"/><E116/><REACH who="1" ten="271,337,147,235" step="2"/><V75/><F126/><W48/><G134/><T107/><D107/><U4/><E4/><V57/><F5/><W54/><G135/><T50/><D105/><U76/><E76/><V51/><F21/><W62/><G62/><T13/><D106/><U37/><E37/><V131/><F131/><W129/><G129/><T133/><D133/><U127/><E127/><V25/><F60/><W86/><G48/><T125/><D125/><U12/><E12/><V39/><F39/><W64/><G64/><T95/><D15/><U81/><E81/><V121/><F51/><W22/><G83/><T96/><D6/><U101/><E101/><V132/><F132/><W67/><G67/><T100/><D2/><U8/><E8/><V49/><F49/><W82/><G82/><T74/><D50/><U27/><E27/><V35/><F10/><W14/><G14/><T112/><D26/><U103/><E103/><V80/><F9/><W91/><G22/><T66/><D24/><U122/><E122/><V120/><F120/><W118/><G118/><T17/><D11/><U124/><E124/><V114/><F121/><W45/><G45/><T115/><D13/><U70/><E70/><V61/><F46/><W47/><G47/><T0/><D0/><RYUUKYOKU ba="0,1" sc="271,-15,337,15,147,-15,235,15" hai1="1,3,18,19,33,40,41,72,73,78,79,108,110" hai3="42,43,52,53,54,85,86,87,91,93,98,99,102" /><INIT seed="3,1,1,5,5,67" ten="256,352,132,250" oya="3" hai0="55,96,42,72,122,46,131,83,10,78,9,13,99" hai1="45,1,104,111,95,15,103,88,17,39,112,5,3" hai2="94,22,100,66,37,132,51,109,98,75,32,89,49" hai3="113,53,70,28,50,4,25,90,126,79,105,57,21"/><W48/><G113/><T33/><D122/><U117/><E112/><V62/><F32/><W2/><G105/><T121/><D121/><U84/><E111/><V125/><F109/><W107/><G107/><T71/><D131/><U7/><E117/><V135/><F37/><W60/><G126/><T14/><D33/><U101/><E3/><V18/><F75/><W116/><G116/><T63/><D13/><U35/><E35/><V64/><F100/><W86/><G79/><T41/><D10/><U19/><E19/><V40/><F125/><W27/><G70/><T124/><D124/><U97/><E1/><V16/><F18/><W69/><G69/><T119/><D119/><U120/><E120/><V93/><F94/><W81/><REACH who="3" step="1"/><G27/><REACH who="3" ten="256,352,132,240" step="2"/><T0/><D71/><U61/><E104/><V23/><F135/><W118/><G118/><T29/><D78/><U91/><E103/><V85/><F132/><W74/><G74/><T12/><D72/><U82/><E101/><V102/><F102/><W6/><G6/><T65/><D9/><AGARI ba="1,2" hai="2,4,9,21,25,28,48,50,53,57,60,81,86,90" machi="9" ten="40,2000,0" yaku="1,1,53,0" doraHai="67" doraHaiUra="130" who="3" fromWho="0" sc="256,-23,352,0,132,0,240,43" /><INIT seed="3,2,0,5,3,72" ten="233,352,132,283" oya="3" hai0="70,111,98,31,30,101,104,115,34,45,17,84,20" hai1="127,42,77,50,73,94,122,41,60,120,21,102,38" hai2="5,85,74,19,87,28,75,78,49,36,40,105,53" hai3="33,39,2,92,126,89,1,29,107,62,91,23,99"/><W43/><G33/><T82/><D111/><U90/><E38/><V6/><F105/><W118/><G118/><T18/><D115/><U110/><E110/><V119/><F119/><W131/><G131/><T63/><D34/><U68/><E127/><V66/><F36/><W129/><G129/><T25/><D45/><U12/><E102/><V35/><F40/><W16/><G29/><T132/><D132/><U69/><E42/><V112/><F112/><W95/><G107/><T47/><D47/><U57/><E50/><V76/><F66/><W9/><G9/><T13/><D63/><U88/><E41/><V56/><F35/><W54/><G126/><T134/><D70/><U79/><E69/><V71/><F71/><W4/><G4/><N who="2" m="1641" /><F74/><W59/><G43/><T61/><D61/><U65/><E68/><V108/><F28/><W11/><G11/><T83/><D83/><U80/><E90/><V117/><F75/><W97/><G39/><T26/><D134/><U52/><E65/><V109/><F117/><W67/><G67/><T48/><D48/><N who="1" m="30855" /><E77/><N who="2" m="29803" /><F109/><W51/><REACH who="3" step="1"/><G51/><REACH who="3" ten="233,352,132,273" step="2"/><T113/><D104/><U37/><E37/><V81/><F108/><W3/><G3/><T22/><D113/><U0/><E60/><V124/><F124/><W8/><G8/><T116/><D116/><U96/><E0/><V93/><F19/><W15/><AGARI ba="2,1" hai="1,2,15,16,23,54,59,62,89,91,92,95,97,99" machi="15" ten="20,12000,1" yaku="1,1,0,1,7,1,9,1,54,1,53,0" doraHai="72" doraHaiUra="106" who="3" fromWho="3" sc="233,-42,352,-42,132,-42,273,136" /><INIT seed="3,3,0,5,1,4" ten="191,310,90,409" oya="3" hai0="133,78,120,96,122,47,51,61,66,94,1,85,107" hai1="7,15,3,19,36,16,135,64,17,110,125,44,134" hai2="88,127,117,123,23,98,99,105,33,56,69,24,0" hai3="9,82,130,75,49,29,20,40,129,35,18,30,108"/><W93/><G108/><T87/><D133/><N who="1" m="50699" /><E110/><V59/><F117/><W43/><G93/><T31/><D107/><U97/><E125/><V92/><F33/><W63/><G63/><T101/><D1/><U119/><E119/><V52/><F127/><W116/><G35/><T81/><D31/><N who="3" m="11785" /><G49/><T68/><D87/><U112/><E112/><V55/><F69/><W11/><G116/><T83/><D83/><U41/><E64/><V60/><F0/><W89/><G75/><T13/><D13/><U22/><E97/><N who="2" m="57479" /><F105/><W91/><G129/><T21/><D21/><U37/><E37/><V67/><F123/><W46/><G130/><T38/><D38/><U90/><E90/><N who="3" m="34314" /><G82/><T12/><D120/><U109/><E109/><V128/><F128/><W65/><G65/><T72/><D72/><U58/><E58/><V113/><F113/><W70/><G70/><T80/><D80/><U50/><E36/><V95/><F95/><W86/><G86/><T111/><D111/><U121/><E121/><V34/><F34/><W39/><G43/><T131/><D131/><U73/><E73/><V5/><F67/><W126/><G126/><T42/><D122/><U62/><E62/><N who="2" m="36103" /><F5/><W45/><G45/><T103/><D66/><U28/><E7/><V84/><F84/><W102/><G46/><T77/><D68/><U2/><E3/><V48/><F48/><W76/><G39/><T14/><D61/><U27/><E2/><V8/><F99/><W74/><G74/><T115/><D115/><U25/><E25/><V79/><F98/><W10/><G40/><T54/><D42/><RYUUKYOKU ba="3,0" sc="191,-10,310,30,90,-10,409,-10" hai1="15,16,17,19,22,27,28,41,44,50" /><INIT seed="4,4,0,5,2,66" ten="181,340,80,399" oya="0" hai0="115,99,52,6,84,36,79,19,69,96,108,8,59" hai1="116,60,5,15,130,29,93,117,57,109,101,50,64" hai2="94,118,98,120,106,12,107,23,20,131,88,63,3" hai3="1,74,32,76,61,10,11,133,39,68,42,16,100"/><T0/><D36/><U119/><E109/><V34/><F120/><W85/><G32/><T18/><D108/><U46/><E130/><V55/><F3/><W54/><G133/><T62/><D115/><U38/><E38/><V33/><F131/><W81/><G100/><T127/><D127/><U71/><E29/><V105/><F118/><W67/><G54/><T27/><D69/><U92/><E57/><V37/><F37/><W124/><G124/><T35/><D19/><U129/><E129/><V73/><F73/><W135/><G135/><T25/><D25/><U83/><E101/><V24/><F12/><W30/><G30/><T90/><D79/><U110/><E110/><V102/><F102/><W45/><G85/><T134/><D134/><U89/><E83/><V75/><F75/><W41/><G41/><T77/><D77/><U91/><E15/><V114/><F114/><W56/><G56/><T113/><D113/><U132/><E5/><V123/><F123/><W2/><G2/><T22/><REACH who="0" step="1"/><D35/><REACH who="0" ten="171,340,80,399" step="2"/><U86/><E132/><V26/><F26/><W43/><G16/><T31/><D31/><U7/><E7/><V121/><F121/><W44/><G39/><T72/><D72/><U21/><E117/><V48/><F34/><W13/><G74/><T87/><D87/><N who="1" m="52287" /><E21/><N who="2" m="8267" /><F33/><W4/><G68/><T95/><AGARI ba="4,1" hai="0,6,8,18,22,27,52,59,62,84,90,95,96,99" machi="95" ten="20,7800,0" yaku="1,1,0,1,7,1,54,1,53,0" doraHai="66" doraHaiUra="111" who="0" fromWho="0" sc="171,100,340,-30,80,-30,399,-30" /><INIT seed="4,5,0,0,1,122" ten="271,310,50,369" oya="0" hai0="130,60,74,67,127,41,107,65,86,32,117,129,34" hai1="51,133,80,0,72,52,54,13,124,37,39,94,95" hai2="4,43,113,25,7,110,28,70,75,58,10,73,61" hai3="98,16,111,85,31,33,11,104,9,128,21,88,24"/><T105/><D86/><U17/><E0/><V118/><F118/><W22/><G128/><N who="0" m="49259" /><D117/><U93/><E133/><V83/><F113/><W18/><G111/><T90/><D90/><U47/><E124/><V59/><F70/><W99/><G104/><N who="0" m="40011" /><D41/><U45/><E72/><V92/><F43/><W89/><G33/><N who="0" m="12907" /><D60/><U87/><E45/><V55/><F61/><W126/><G126/><T66/><D127/><U19/><E54/><V100/><F55/><W123/><G123/><T38/><D38/><U26/><E26/><V77/><F25/><N who="3" m="16823" /><G18/><T120/><D74/><U78/><REACH who="1" step="1"/><E19/><REACH who="1" ten="271,300,50,369" step="2"/><V106/><F75/><W14/><G24/><T81/><D120/><U84/><E84/><V91/><F73/><W121/><G121/><T27/><D27/><U49/><E49/><V71/><F28/><W48/><G48/><T116/><D116/><U23/><AGARI ba="5,1" hai="13,17,23,37,39,47,51,52,78,80,87,93,94,95" machi="23" ten="30,4000,0" yaku="1,1,0,1,54,1,53,0" doraHai="122" doraHaiUra="62" who="1" fromWho="1" sc="271,-25,300,65,50,-15,369,-15" /><INIT seed="5,0,0,2,5,23" ten="246,365,35,354" oya="1" hai0="27,95,115,67,128,120,64,85,38,61,71,51,108" hai1="114,35,89,7,24,99,62,63,15,41,119,0,14" hai2="97,116,98,11,22,56,111,66,132,18,57,60,72" hai3="78,135,105,21,76,102,117,126,2,73,33,68,12"/><U92/><E119/><V70/><F111/><W55/><G55/><T30/><D108/><U44/><E114/><V19/><F116/><W40/><G21/><T25/><D115/><U118/><E118/><V86/><F72/><W43/><G12/><T91/><D38/><U54/><E0/><V6/><F132/><W34/><G102/><T124/><D124/><U47/><E7/><V53/><F86/><W133/><G117/><T46/><D128/><U26/><E35/><V45/><F45/><N who="1" m="17481" /><E41/><V32/><F32/><W131/><G2/><T49/><D120/><U10/><E15/><V77/><F77/><W104/><G73/><T31/><D67/><U82/><E82/><V113/><F113/><W79/><G79/><T101/><D101/><U130/><E130/><V112/><F70/><W9/><G131/><T81/><D81/><U103/><E103/><V87/><F112/><W20/><G68/><T28/><REACH who="0" step="1"/><D51/><REACH who="0" ten="236,365,35,354" step="2"/><U50/><E62/><N who="2" m="36111" /><F87/><W84/><G84/><T59/><D59/><N who="1" m="33239" /><E63/><V129/><F129/><W42/><G126/><T75/><D75/><U4/><AGARI ba="0,1" hai="4,10,14,24,26,89,92,99" m="33239,17481" machi="4" ten="30,6000,0" yaku="8,1,52,2" doraHai="23" who="1" fromWho="1" sc="236,-20,365,70,35,-20,354,-20" /><INIT seed="5,1,0,5,0,58" ten="216,435,15,334" oya="1" hai0="61,82,13,63,27,108,98,67,92,86,100,1,9" hai1="78,72,107,73,128,121,120,15,87,22,89,88,5" hai2="39,19,71,3,37,70,43,28,97,14,101,75,26" hai3="49,103,24,85,130,117,68,4,7,129,102,20,29"/><U25/><E107/><V94/><F75/><W48/><G68/><T18/><D108/><U109/><E109/><V90/><F3/><W31/><G117/><T21/><D67/><U17/><E128/><N who="3" m="49258" /><G29/><T16/><REACH who="0" step="1"/><D1/><REACH who="0" ten="206,435,15,334" step="2"/><U54/><E121/><V95/><F39/><W112/><G112/><T114/><D114/><U80/><E120/><V113/><F113/><W2/><G2/><T84/><D84/><U12/><E72/><V77/><F77/><AGARI ba="1,1" hai="9,13,16,18,21,27,61,63,77,82,86,92,98,100" machi="77" ten="30,12000,2" yaku="1,1,7,1,8,1,52,2,54,1,53,0" doraHai="58" doraHaiUra="41" who="0" fromWho="2" sc="206,133,435,0,15,-123,334,0" owari="339,14.0,435,54.0,-108,-61.0,334,-7.0" /></mjloggm>