<mjloggm ver="2.3"><GO type="169" lobby="0"/><UN n0="%67%61%6D%6F%33" n1="%E3%81%B2%E3%81%90%E3%82%89%E3%81%97%E7%B5%86" n2="%4B%61%42%45" n3="%E3%82%A6%E3%83%AB%E3%83%88%E3%83%A9%E7%AB%8B%E7%9B%B4" dan="17,17,16,18" rate="2207.01,2135.31,2125.55,2202.92" sx="M,M,F,M"/><TAIKYOKU oya="0"/><INIT seed="0,0,0,2,4,74" ten="250,250,250,250" oya="0" hai0="67,126,103,11,32,82,121,44,15,13,6,9,45" hai1="118,114,60,110,38,99,22,2,72,113,73,105,26" hai2="134,66,130,14,18,5,62,39,97,135,57,79,19" hai3="109,76,132,106,10,42,51,86,63,41,129,50,33"/><T68/><D121/><U122/><E122/><V46/><F130/><W1/><G106/><T119/><D119/><U16/><E118/><V52/><F97/><W61/><G33/><T12/><D32/><U127/><E38/><V64/><F5/><W77/><G1/><T128/><D128/><U29/><E2/><V31/><F31/><W69/><G69/><T133/><D133/><N who="2" m="50698" /><F79/><N who="3" m="30283" /><G129/><T47/><D82/><U17/><E110/><V83/><F83/><W40/><G109/><T108/><D108/><U37/><E37/><V25/><F25/><W124/><G124/><T112/><D126/><U49/><E127/><V102/><F102/><W101/><G132/><T120/><D120/><U27/><E26/><V91/><F91/><W75/><G75/><T70/><D103/><U53/><E73/><V56/><F57/><W3/><G3/><T98/><D98/><U93/><E72/><V107/><F107/><W115/><G115/><T55/><D112/><U95/><E105/><V0/><F0/><W20/><G101/><T4/><D70/><U8/><E114/><V28/><F28/><W36/><G10/><T125/><D125/><U88/><E8/><N who="2" m="6471" /><F19/><W7/><G7/><T54/><D15/><U87/><E113/><V48/><F39/><W111/><G111/><T123/><D123/><U96/><E96/><V90/><F90/><W131/><G36/><T65/><D68/><U94/><E99/><V85/><F85/><W24/><G86/><T92/><D92/><N who="1" m="54303" /><E60/><N who="3" m="23114" /><G131/><T104/><D104/><U100/><E100/><V89/><F89/><W34/><G34/><T59/><D67/><AGARI ba="0,0" hai="46,48,52,56,62,64,66,67" m="6471,50698" machi="67" ten="30,3900,0" yaku="6,1,20,1,54,1" doraHai="74" who="2" fromWho="0" sc="250,-39,250,0,250,39,250,0" /><INIT seed="1,0,0,0,3,87" ten="211,250,289,250" oya="1" hai0="43,50,107,72,89,116,88,14,27,4,36,2,106" hai1="94,23,97,49,130,95,70,16,35,101,112,111,114" hai2="126,82,24,85,133,1,61,119,90,131,121,57,63" hai3="55,12,54,67,37,33,118,21,125,105,99,86,32"/><U80/><E35/><V39/><F119/><W40/><G67/><T41/><D36/><U79/><E70/><V10/><F121/><W122/><G122/><T71/><D116/><U75/><E130/><V110/><F131/><W52/><G125/><T3/><D72/><U38/><E38/><V76/><F110/><W117/><G33/><T115/><D115/><U58/><E111/><V53/><F126/><W5/><G32/><T51/><D71/><U62/><E49/><V29/><F133/><W34/><G34/><T25/><D14/><U108/><E95/><V19/><F39/><W59/><G59/><T109/><D109/><U17/><E108/><V83/><F61/><W132/><G132/><T45/><D45/><U98/><E98/><V134/><F134/><W92/><G40/><T104/><D104/><U48/><E48/><V30/><F1/><W74/><G74/><T69/><D69/><U44/><E44/><V28/><F10/><W96/><G37/><T120/><D120/><U103/><E103/><V56/><F56/><W78/><G105/><T60/><D4/><U26/><REACH who="1" step="1"/><E17/><REACH who="1" ten="211,240,289,250" step="2"/><V18/><F18/><N who="3" m="10439" /><G118/><T20/><D60/><U22/><E22/><AGARI ba="0,1" hai="2,3,20,22,25,27,41,43,50,51,88,89,106,107" machi="22" ten="25,8000,1" yaku="22,2,52,2,54,1" doraHai="87" who="0" fromWho="1" sc="211,90,240,-80,289,0,250,0" /><INIT seed="2,0,0,0,3,41" ten="301,160,289,250" oya="2" hai0="15,95,69,107,46,40,67,89,87,96,115,34,8" hai1="20,50,116,51,122,35,97,49,119,1,59,19,126" hai2="48,58,25,55,101,102,26,71,133,88,7,103,94" hai3="5,10,47,9,11,132,124,92,125,32,24,85,86"/><V117/><F117/><W99/><G5/><T54/><D34/><U108/><E35/><V30/><F133/><W127/><G132/><T62/><D54/><U37/><E1/><V42/><F71/><W21/><G32/><T61/><D115/><U121/><E97/><V17/><F7/><W2/><G2/><T6/><D62/><U109/><E37/><V130/><F130/><W134/><G47/><T65/><D65/><U3/><E3/><V44/><F17/><W13/><G13/><T82/><D107/><U76/><E76/><V113/><F30/><W45/><G45/><T72/><D72/><U114/><E20/><V84/><REACH who="2" step="1"/><F113/><REACH who="2" ten="301,160,279,250" step="2"/><W27/><G134/><T75/><D69/><U118/><E19/><V123/><F123/><N who="1" m="47113" /><E126/><V63/><AGARI ba="0,1" hai="25,26,42,44,48,55,58,63,84,88,94,101,102,103" machi="63" ten="30,12000,1" yaku="1,1,0,1,8,1,52,1,54,1,53,0" doraHai="41" doraHaiUra="70" who="2" fromWho="2" sc="301,-40,160,-40,279,130,250,-40" /><INIT seed="2,1,0,0,2,128" ten="261,120,409,210" oya="2" hai0="88,70,60,108,18,109,11,22,24,13,96,44,30" hai1="120,83,114,76,80,91,87,17,26,73,32,9,124" hai2="65,94,126,52,66,71,69,59,67,103,79,19,118" hai3="51,123,53,102,77,48,75,74,58,132,20,27,37"/><V99/><F118/><W101/><G37/><T46/><D70/><U45/><E114/><V21/><F126/><W31/><G123/><T47/><D60/><U61/><E124/><V105/><F105/><W5/><G5/><T63/><D63/><U35/><E120/><V90/><F79/><W78/><G75/><T29/><D29/><U2/><E45/><V41/><F41/><W57/><G74/><T95/><AGARI ba="1,0" hai="11,13,18,22,24,30,44,46,47,88,95,96,108,109" machi="95" ten="30,2000,0" yaku="0,1,54,1" doraHai="128" who="0" fromWho="0" sc="261,23,120,-6,409,-11,210,-6" /><INIT seed="3,0,0,2,0,83" ten="284,114,398,204" oya="3" hai0="20,133,60,73,122,61,78,8,99,82,33,55,19" hai1="53,45,109,37,13,124,110,123,125,11,80,39,21" hai2="106,119,17,43,35,105,96,74,79,52,134,6,95" hai3="121,2,92,132,9,12,31,107,135,44,101,111,58"/><W0/><G107/><T62/><D122/><U29/><E80/><V16/><F119/><W90/><G101/><T38/><D33/><U24/><E53/><V120/><F35/><W32/><G121/><T93/><D38/><U71/><E71/><V75/><F43/><W57/><G44/><T25/><D8/><U88/><E123/><V87/><F74/><W131/><G131/><T27/><D133/><N who="3" m="51273" /><G111/><N who="1" m="42506" /><E88/><N who="2" m="55399" /><F75/><W48/><G32/><T126/><D126/><N who="1" m="48747" /><E45/><V22/><F105/><W36/><G31/><T94/><D94/><U64/><E64/><V23/><F6/><AGARI ba="0,0" hai="6,11,13,21,24,29,37,39" m="48747,42506" machi="6" ten="30,2000,0" yaku="14,1,18,1" doraHai="83" who="1" fromWho="2" sc="284,0,114,20,398,-20,204,0" /><INIT seed="4,0,0,4,1,21" ten="284,134,378,204" oya="0" hai0="6,102,131,97,19,31,47,28,40,1,108,104,93" hai1="41,66,69,15,100,50,11,127,49,71,98,89,80" hai2="55,88,24,67,53,23,10,30,114,25,129,101,35" hai3="27,22,14,60,90,44,135,91,0,110,78,17,2"/><T74/><D74/><U82/><E127/><V94/><F114/><W99/><G110/><T29/><D108/><U106/><E66/><V95/><F129/><W26/><G135/><T13/><D131/><U75/><E75/><V16/><F67/><W126/><G126/><T36/><D1/><U87/><E82/><V120/><F120/><W20/><G78/><T70/><D70/><U34/><E34/><V65/><F65/><W103/><G60/><T72/><D72/><U73/><E73/><V123/><F123/><W3/><G44/><T54/><D54/><U79/><E89/><V48/><F10/><W43/><G43/><T130/><D130/><U42/><E42/><V63/><F63/><W4/><G4/><T51/><D6/><U83/><E83/><V77/><F77/><W76/><G76/><T5/><D5/><U116/><E116/><V61/><F61/><W133/><G14/><T33/><D33/><U38/><E38/><V112/><F112/><W45/><G45/><T124/><D124/><U18/><REACH who="1" step="1"/><E41/><REACH who="1" ten="284,124,378,204" step="2"/><V52/><F101/><W115/><G115/><T111/><D36/><U32/><E32/><V9/><F35/><W119/><G119/><T46/><D111/><U125/><E125/><V118/><F118/><W57/><G133/><T92/><D40/><U105/><E105/><V85/><F88/><W86/><G86/><T134/><D134/><U64/><E64/><V117/><F85/><W81/><G81/><T58/><D104/><U37/><E37/><V7/><F117/><W132/><G132/><T56/><D97/><U59/><E59/><RYUUKYOKU ba="0,1" sc="284,-10,124,30,378,-10,204,-10" hai1="11,15,18,49,50,69,71,79,80,87,98,100,106" /><INIT seed="5,1,1,2,1,91" ten="274,154,368,194" oya="1" hai0="84,110,24,31,119,74,124,98,0,132,27,38,127" hai1="94,50,47,77,131,57,53,80,56,72,95,36,30" hai2="34,129,42,99,29,105,51,130,41,125,75,6,5" hai3="58,19,18,71,20,52,7,44,1,23,14,112,10"/><U17/><E131/><N who="2" m="50187" /><F75/><W97/><G71/><T54/><D74/><U81/><E30/><V49/><F125/><W79/><G79/><T101/><D110/><U96/><E36/><V63/><F63/><W107/><G44/><T45/><D119/><U33/><E33/><V120/><F120/><W66/><G66/><T87/><D0/><U117/><E117/><V108/><F108/><W111/><G112/><T126/><D132/><U46/><E96/><V135/><F49/><W134/><G134/><T73/><D73/><U35/><E35/><V133/><F133/><W78/><G78/><T109/><D109/><U128/><E128/><V12/><F12/><W69/><G69/><T89/><D89/><U28/><E28/><V65/><F65/><W102/><G111/><T26/><D31/><U104/><E104/><V11/><F11/><W123/><G123/><T85/><D38/><U86/><E17/><V76/><F76/><W13/><G58/><N who="1" m="22634" /><E72/><V16/><F16/><W59/><REACH who="3" step="1"/><G59/><REACH who="3" ten="274,154,368,184" step="2"/><T40/><D45/><N who="1" m="27855" /><E81/><V9/><F135/><W82/><G82/><T48/><D124/><U67/><E67/><V113/><F113/><W114/><G114/><T88/><D126/><U4/><E4/><V15/><F5/><W22/><G22/><T93/><D127/><U122/><E122/><V90/><F34/><W39/><G39/><T83/><D48/><U32/><E32/><V8/><F51/><W92/><G92/><AGARI ba="1,2" hai="46,47,77,80,86,92,94,95" m="27855,22634" machi="92" ten="30,11600,0" yaku="8,1,52,3" doraHai="91" who="1" fromWho="3" sc="274,0,154,139,368,0,184,-119" /><INIT seed="5,2,0,1,4,82" ten="274,293,368,65" oya="1" hai0="21,49,132,112,43,87,45,0,48,65,78,81,41" hai1="6,131,129,62,1,55,58,60,63,80,107,33,34" hai2="85,28,69,10,106,16,51,72,123,25,32,23,20" hai3="22,71,89,118,47,134,90,68,102,103,116,76,12"/><U105/><E6/><V26/><F72/><W99/><G47/><T124/><D124/><U108/><E1/><V133/><F69/><W128/><G12/><T110/><D110/><U104/><E108/><V94/><F106/><W8/><G22/><T27/><D0/><U135/><E135/><V15/><F123/><W93/><G8/><T4/><D132/><U122/><E122/><V96/><F133/><W113/><G134/><T77/><D112/><U127/><E127/><V29/><F51/><W130/><G76/><T30/><D65/><U91/><E91/><V66/><F66/><W75/><G75/><T98/><D98/><U53/><E80/><V18/><F85/><W67/><G67/><T11/><D11/><U38/><E38/><V46/><F46/><W97/><REACH who="3" step="1"/><G93/><REACH who="3" ten="274,293,368,55" step="2"/><T111/><D45/><U73/><E73/><V7/><F32/><N who="1" m="12393" /><E58/><V39/><F39/><W115/><AGARI ba="2,1" hai="68,71,89,90,97,99,102,103,113,115,116,118,128,130" machi="115" ten="25,6400,0" yaku="1,1,0,1,22,2,53,0" doraHai="82" doraHaiUra="57" who="3" fromWho="3" sc="274,-18,293,-34,368,-18,55,80" /><INIT seed="6,0,0,2,5,93" ten="256,259,350,135" oya="2" hai0="65,32,127,16,19,29,78,129,24,87,111,54,7" hai1="37,46,128,23,84,56,132,45,14,20,106,115,63" hai2="42,49,55,76,104,86,36,91,13,113,110,116,22" hai3="130,52,11,88,119,61,105,75,112,18,95,125,21"/><V38/><F116/><W107/><G75/><T82/><D111/><U2/><E2/><V109/><F76/><W100/><G119/><T35/><D35/><U71/><E71/><V47/><F113/><W68/><G112/><T124/><D129/><U83/><E106/><V0/><F0/><W92/><G130/><T117/><D117/><U98/><E115/><V114/><F104/><W43/><G125/><N who="0" m="48203" /><D7/><U3/><E3/><V12/><F36/><W27/><G43/><T48/><D65/><U89/><E132/><V121/><F121/><W28/><G68/><T64/><D64/><N who="1" m="39015" /><E37/><V31/><F31/><W40/><G40/><T131/><D131/><U81/><E98/><V74/><F74/><W66/><G66/><T70/><D70/><U39/><E39/><V9/><F114/><W103/><G107/><T1/><D1/><U133/><E133/><V41/><F38/><W72/><G105/><T25/><D25/><U99/><E99/><V135/><F135/><W8/><G72/><T34/><D34/><U122/><E122/><V94/><F109/><W6/><G6/><T51/><D51/><U118/><E118/><V123/><F123/><W120/><G120/><T101/><D101/><N who="3" m="38985" /><G28/><T126/><N who="0" m="48211" /><T10/><DORA hai="15" /><D10/><N who="3" m="3625" /><G88/><T60/><D60/><U77/><E128/><V97/><F110/><W59/><AGARI ba="0,0" hai="18,21,27,52,59,61,92,95" m="3625,38985" machi="59" ten="30,4000,0" yaku="8,1,52,1,54,1" doraHai="93,15" who="3" fromWho="3" sc="256,-10,259,-10,350,-20,135,40" /><INIT seed="7,0,0,3,3,54" ten="246,249,330,175" oya="3" hai0="113,82,131,1,93,68,135,52,78,122,19,58,133" hai1="16,91,60,121,103,94,74,102,18,66,38,134,41" hai2="32,43,39,112,30,12,63,27,13,11,115,20,96" hai3="14,100,127,86,105,7,117,69,80,107,104,67,79"/><W90/><G117/><T99/><D122/><U42/><E74/><V84/><F96/><N who="3" m="61447" /><G67/><T128/><D68/><U76/><E76/><V53/><F20/><W5/><G69/><T88/><D1/><U31/><E121/><V4/><F84/><N who="3" m="48159" /><G7/><T114/><D19/><U95/><E31/><V77/><F43/><W45/><G14/><T65/><D65/><U59/><E134/><N who="0" m="51209" /><D82/><U15/><E95/><V22/><F39/><W51/><G5/><T21/><D21/><N who="1" m="11423" /><E38/><V48/><F22/><W116/><G116/><T44/><D44/><U40/><E18/><V8/><F13/><W26/><G26/><T75/><D75/><U9/><E9/><V57/><F11/><W3/><G3/><T126/><D78/><U28/><E28/><V64/><REACH who="2" step="1"/><F77/><REACH who="2" ten="246,249,320,175" step="2"/><W89/><G127/><T101/><D126/><U109/><E109/><V35/><F35/><W110/><G110/><T130/><D101/><U55/><E102/><V37/><F37/><W97/><G97/><T83/><D83/><U24/><E103/><V129/><F129/><W49/><G90/><T118/><D118/><U17/><E24/><V23/><F23/><W124/><G124/><T36/><D36/><U119/><E119/><V108/><F108/><W50/><G45/><AGARI ba="0,1" hai="4,8,12,27,30,32,45,48,53,57,63,64,112,115" machi="45" ten="40,5200,0" yaku="1,1,52,1,53,1" doraHai="54" doraHaiUra="46" who="2" fromWho="3" sc="246,0,249,0,320,62,175,-52" owari="246,-15.0,249,5.0,382,48.0,123,-38.0" /></mjloggm>