<mjloggm ver="2.3"><GO type="169" lobby="0"/><UN n0="%E7%99%BD%E9%B9%BF%E6%84%9B%E8%8E%89" n1="%E5%B0%B1%E6%B4%BB%E7%94%9F%40%E5%B7%9D%E6%9D%91%E8%BB%8D%E5%9B%A3" n2="%47%4F%4B%49%47%45%4E" n3="%67%6F%69%73%75%62%61%69" dan="18,16,16,16" rate="2261.64,2123.06,2114.78,2157.35" sx="F,M,M,M"/><TAIKYOKU oya="0"/><INIT seed="0,0,0,2,3,13" ten="250,250,250,250" oya="0" hai0="75,65,72,6,84,15,118,122,55,37,14,97,82" hai1="31,101,83,36,33,105,109,117,113,90,100,35,16" hai2="76,78,46,32,47,89,94,110,61,28,17,133,21" hai3="99,114,126,34,93,18,96,129,67,0,104,25,69"/><T102/><D118/><U74/><E117/><V50/><F110/><W70/><G114/><T135/><D122/><U71/><E36/><V121/><F121/><W44/><G0/><T68/><D37/><U7/><E7/><V119/><F119/><W125/><G129/><T85/><D135/><U86/><E71/><V66/><F28/><W116/><G116/><T19/><D6/><U5/><E5/><V73/><F32/><W130/><G130/><T9/><D14/><U38/><E38/><V53/><F47/><W10/><G104/><T80/><D55/><U127/><E109/><V103/><F103/><W27/><G44/><T112/><D112/><U57/><E74/><V134/><F73/><W124/><G67/><T58/><D68/><N who="3" m="26217" /><G34/><T23/><D9/><U24/><E127/><V107/><F107/><W45/><G45/><T4/><D4/><U95/><E35/><V11/><F11/><W40/><G40/><T59/><D75/><U48/><E105/><V22/><F61/><W51/><G51/><T87/><D72/><U98/><E113/><V91/><F66/><W63/><G63/><N who="0" m="38135" /><D59/><U39/><E39/><V20/><F134/><W92/><G10/><T81/><D102/><U52/><E101/><V8/><F8/><W123/><G123/><T2/><D2/><U77/><E100/><V62/><F133/><W108/><G108/><T111/><D111/><U42/><E42/><V56/><F56/><W29/><G126/><T30/><D30/><U115/><E115/><V12/><F62/><W79/><G29/><T120/><D120/><U43/><E43/><RYUUKYOKU ba="0,0" sc="250,15,250,15,250,-15,250,-15" hai0="15,19,23,80,81,82,84,85,87,97" hai1="16,24,31,33,48,52,57,77,83,86,90,95,98" /><INIT seed="0,1,0,4,1,12" ten="265,265,235,235" oya="0" hai0="43,24,115,84,47,75,76,131,25,129,54,104,127" hai1="52,108,16,66,6,110,130,37,90,119,0,81,4" hai2="28,32,103,133,71,41,135,125,128,102,79,35,124" hai3="99,69,72,11,92,27,23,105,1,107,116,120,83"/><T118/><D115/><U42/><E119/><V19/><F71/><W101/><G116/><T21/><D118/><U40/><E66/><V56/><F79/><W132/><G69/><T10/><D104/><U64/><E64/><V38/><F38/><W14/><G1/><T46/><D75/><U77/><E90/><V50/><F28/><W15/><G132/><N who="2" m="50761" /><F56/><W5/><G15/><T2/><D127/><N who="2" m="48714" /><F50/><W93/><G120/><T39/><D47/><U53/><E37/><V91/><F41/><W34/><G34/><N who="2" m="12841" /><F91/><W55/><G72/><T51/><D43/><U117/><E77/><V126/><N who="2" m="48722" /><V20/><DORA hai="63" /><F128/><W48/><G48/><T61/><D39/><U97/><E117/><V78/><F78/><W29/><G29/><T73/><D76/><U109/><E130/><V68/><F68/><W17/><G107/><T114/><D51/><U58/><E58/><V123/><F123/><W33/><G33/><T85/><D46/><U134/><E134/><V59/><F59/><W30/><G30/><T26/><D129/><U65/><E108/><V44/><F44/><W31/><G31/><T112/><D131/><U45/><E45/><V82/><F82/><W18/><G83/><T98/><D73/><U111/><E81/><V96/><F96/><W88/><G88/><T89/><D98/><U100/><E110/><V106/><F106/><W94/><REACH who="3" step="1"/><G55/><REACH who="3" ten="265,265,235,225" step="2"/><T62/><D54/><U86/><E109/><V57/><F57/><W80/><G80/><T7/><D89/><U13/><E53/><V95/><F95/><W87/><G87/><T60/><D85/><RYUUKYOKU ba="1,1" sc="265,-15,265,-15,235,15,225,15" hai2="19,20,102,103" hai3="5,11,14,17,18,23,27,92,93,94,99,101,105" /><INIT seed="1,2,1,3,2,11" ten="250,250,250,240" oya="1" hai0="34,46,92,29,2,27,129,135,81,89,64,110,118" hai1="30,59,10,21,70,42,23,82,106,71,108,127,31" hai2="63,1,105,3,43,128,25,134,88,125,19,44,32" hai3="12,79,38,41,119,72,120,90,102,61,58,124,7"/><U16/><E106/><V76/><F105/><W33/><G120/><T66/><D118/><U103/><E103/><V77/><F1/><W18/><G33/><T101/><D2/><U115/><E115/><V68/><F3/><W5/><G119/><T107/><D107/><U9/><E42/><V8/><F134/><W117/><G117/><T35/><D135/><U100/><E100/><V37/><F128/><W104/><G124/><T45/><D129/><U73/><E127/><V126/><F125/><W50/><G38/><T13/><D110/><U133/><E133/><V96/><F8/><W54/><G79/><T95/><D81/><U98/><E98/><V116/><F116/><W109/><G72/><T112/><D101/><U28/><E59/><V48/><F37/><W53/><G41/><T69/><D69/><U113/><E113/><V51/><F48/><W14/><G109/><T132/><D27/><U49/><E49/><V4/><F4/><W111/><G111/><T99/><D29/><U87/><E73/><V24/><F24/><W39/><G39/><T123/><D99/><U62/><E108/><V130/><F130/><W60/><G60/><T17/><D132/><U6/><E62/><V55/><F126/><W0/><G0/><T122/><D112/><U20/><E6/><N who="3" m="2058" /><G104/><T94/><D123/><U65/><E65/><N who="0" m="25193" /><D122/><U84/><E82/><V85/><F68/><N who="1" m="26153" /><E16/><V97/><F19/><W114/><G114/><T93/><D34/><U56/><E56/><N who="2" m="35231" /><F32/><W75/><G75/><T57/><D35/><U83/><E83/><N who="2" m="49215" /><F25/><W15/><G18/><T67/><D17/><RYUUKYOKU ba="2,1" sc="250,-15,250,15,250,15,240,-15" hai1="9,10,20,21,23,28,30,31,84,87" hai2="43,44,51,76,77,96,97" /><INIT seed="1,3,1,5,3,90" ten="235,265,265,225" oya="1" hai0="35,2,107,16,105,78,0,27,86,12,32,42,59" hai1="72,36,92,33,40,87,22,17,10,131,77,120,3" hai2="84,133,127,38,7,34,18,45,54,68,93,121,66" hai3="50,11,21,130,30,46,129,57,118,1,96,5,24"/><U15/><E120/><V113/><F121/><W61/><G118/><T102/><D42/><U126/><E33/><V99/><F34/><W112/><G112/><T31/><D35/><U116/><E116/><V128/><F7/><W39/><G39/><T123/><D123/><U104/><E104/><V94/><F113/><W109/><G109/><T115/><D115/><U48/><E126/><V69/><F127/><W95/><G50/><T85/><D107/><U114/><E114/><V13/><F66/><W47/><G130/><T62/><D102/><U60/><E131/><V28/><F28/><W103/><REACH who="3" step="1"/><G129/><REACH who="3" ten="235,265,265,215" step="2"/><T55/><D105/><U8/><E36/><V63/><F128/><W23/><G23/><T101/><D101/><U41/><E48/><V37/><F38/><W52/><AGARI ba="3,2" hai="1,5,11,21,24,30,46,47,52,57,61,95,96,103" machi="52" ten="20,12000,2" yaku="1,1,0,1,7,1,52,1,54,1,53,1" doraHai="90" doraHaiUra="97" who="3" fromWho="3" sc="235,-33,265,-63,265,-33,215,149" /><INIT seed="2,0,0,4,5,111" ten="202,202,232,364" oya="2" hai0="80,19,70,129,126,113,61,4,110,1,5,81,38" hai1="66,77,96,90,6,68,46,55,10,14,94,122,35" hai2="30,107,41,49,54,89,21,7,123,65,2,3,135" hai3="57,88,9,63,62,0,121,47,102,106,34,8,74"/><V91/><F107/><W128/><G121/><T12/><D19/><U93/><E35/><V31/><F123/><W118/><G118/><T84/><D38/><U87/><E122/><V44/><F65/><W124/><G34/><T60/><D110/><U28/><E28/><V98/><F2/><W40/><G124/><T83/><D1/><U132/><E132/><V134/><F7/><W71/><G71/><T116/><D116/><U72/><E72/><V51/><F3/><W43/><G128/><T26/><D26/><U85/><E77/><V25/><F31/><W69/><G69/><T109/><D109/><U82/><E82/><V131/><F131/><W23/><G74/><T29/><D29/><U114/><E114/><V79/><F79/><W125/><G125/><T119/><D119/><U108/><E108/><V50/><F98/><W39/><G106/><T115/><D70/><U32/><E32/><V120/><F120/><W37/><G102/><T45/><D126/><U13/><E13/><V33/><F33/><W53/><G23/><T64/><D12/><U11/><E11/><V58/><REACH who="2" step="1"/><F51/><REACH who="2" ten="202,202,222,364" step="2"/><W52/><G0/><T97/><D4/><U133/><E66/><V73/><F73/><W27/><G39/><T18/><D5/><U75/><E75/><V101/><F101/><W104/><G37/><T76/><D64/><U130/><E130/><V127/><F127/><W15/><G104/><T78/><D129/><U22/><E96/><V86/><F86/><W56/><G62/><T36/><D97/><U99/><E99/><V24/><F24/><W42/><G63/><RYUUKYOKU ba="0,1" sc="202,-10,202,-10,222,30,364,-10" hai2="21,25,30,41,44,49,50,54,58,89,91,134,135" /><INIT seed="2,1,1,4,2,127" ten="192,192,252,354" oya="2" hai0="68,24,50,77,17,10,81,109,12,5,16,73,37" hai1="31,82,105,25,121,134,123,33,79,62,102,74,98" hai2="91,125,75,54,128,131,110,132,65,15,27,89,112" hai3="113,97,41,34,70,101,90,21,78,99,115,104,118"/><V55/><F112/><N who="3" m="43083" /><G34/><T116/><D37/><U57/><REACH who="1" step="1"/><E134/><REACH who="1" ten="192,182,252,354" step="2"/><V72/><F132/><W67/><G118/><T8/><D109/><U117/><E117/><V87/><F125/><W85/><G70/><T129/><D116/><U66/><AGARI ba="1,2" hai="25,31,33,57,62,66,74,79,82,98,102,105,121,123" machi="66" ten="30,2000,0" yaku="1,1,0,1,53,0" doraHai="127" doraHaiUra="36" who="1" fromWho="1" sc="192,-6,182,43,252,-11,354,-6" /><INIT seed="3,0,0,2,1,71" ten="186,225,241,348" oya="3" hai0="132,28,121,98,126,127,45,78,25,44,37,16,38" hai1="29,6,88,109,117,113,84,4,7,106,102,93,69" hai2="96,20,27,2,66,112,21,100,131,10,90,135,67" hai3="56,65,58,8,11,61,101,54,46,60,116,87,123"/><W40/><G116/><T35/><D121/><U124/><E113/><V125/><F112/><W12/><G123/><T13/><D78/><U79/><E69/><V72/><F72/><W114/><G114/><T133/><D98/><U39/><E109/><V62/><F135/><N who="0" m="51786" /><D45/><U47/><E124/><N who="0" m="47657" /><D44/><U77/><E29/><V120/><F125/><W107/><G107/><T22/><AGARI ba="0,0" hai="13,16,22,25,28,35,37,38" m="47657,51786" machi="22" ten="30,8000,1" yaku="20,1,18,1,52,2,54,1" doraHai="71" who="0" fromWho="0" sc="186,80,225,-20,241,-20,348,-40" /><INIT seed="4,0,0,0,3,43" ten="266,205,221,308" oya="0" hai0="42,41,19,129,133,1,66,105,33,27,77,80,35" hai1="98,16,120,13,53,58,115,109,107,18,99,126,83" hai2="38,8,85,113,114,17,127,52,67,54,70,134,130" hai3="14,55,75,91,74,92,101,34,24,10,81,20,72"/><T28/><D1/><U76/><E109/><V110/><F110/><W90/><G34/><T102/><D35/><U104/><E120/><V5/><F38/><W59/><G81/><T45/><D133/><U56/><E126/><V26/><F134/><W82/><G82/><T97/><D129/><U65/><E115/><N who="2" m="44043" /><F127/><W68/><G68/><T124/><D124/><U118/><E118/><V62/><F130/><W31/><G101/><T122/><D122/><U4/><E4/><V2/><F85/><W96/><G91/><T95/><D66/><U12/><E83/><V94/><F94/><W44/><G44/><T36/><D41/><U7/><E7/><V108/><F108/><W30/><G30/><T57/><D57/><U9/><E65/><V40/><F40/><W6/><REACH who="3" step="1"/><G74/><REACH who="3" ten="266,205,221,298" step="2"/><T32/><D32/><U135/><E135/><V47/><F47/><W112/><G112/><T132/><D132/><U37/><E37/><V15/><F26/><W117/><G117/><T29/><D33/><U11/><REACH who="1" step="1"/><E53/><REACH who="1" ten="266,195,221,298" step="2"/><V63/><F54/><W46/><G46/><T116/><D80/><U88/><E88/><V87/><F52/><W131/><G131/><T89/><D116/><U86/><E86/><V23/><F87/><W60/><AGARI ba="0,2" hai="6,10,14,20,24,31,55,59,60,72,75,90,92,96" machi="60" ten="20,2700,0" yaku="1,1,0,1,7,1,53,0" doraHai="43" doraHaiUra="79" who="3" fromWho="3" sc="266,-13,195,-7,221,-7,298,47" /><INIT seed="5,0,0,2,1,49" ten="253,188,214,345" oya="1" hai0="9,126,89,18,100,122,128,129,111,73,87,31,130" hai1="96,77,47,3,61,58,51,7,62,6,13,78,99" hai2="88,45,24,105,116,131,109,74,79,107,56,46,65" hai3="113,93,28,43,118,32,52,23,117,106,134,98,103"/><U10/><E3/><V72/><F109/><W36/><G113/><T121/><D31/><U94/><E6/><V41/><F116/><N who="3" m="44651" /><G32/><T102/><D111/><U34/><E34/><V101/><F79/><W21/><G134/><T70/><D70/><U110/><E110/><V12/><F101/><N who="0" m="39018" /><D126/><U57/><E57/><V80/><F74/><W95/><G36/><T115/><D115/><U0/><E0/><V11/><F72/><W108/><G43/><T15/><D73/><U97/><E94/><AGARI ba="0,0" hai="9,15,18,87,89,94,121,122,128,129,130" m="39018" machi="94" ten="40,1300,0" yaku="19,1" doraHai="49" who="0" fromWho="1" sc="253,13,188,-13,214,0,345,0" /><INIT seed="6,0,0,2,2,46" ten="266,175,214,345" oya="2" hai0="56,37,51,7,107,5,32,134,69,34,23,119,90" hai1="12,92,58,11,13,129,20,111,0,9,1,108,79" hai2="93,73,18,42,59,85,57,27,106,72,103,104,45" hai3="54,77,22,97,125,112,39,116,64,29,135,80,48"/><V28/><F104/><W70/><G39/><T95/><D107/><U71/><E71/><V83/><F72/><W41/><G116/><T65/><D37/><U31/><E79/><V98/><F18/><W130/><G41/><T17/><D119/><U30/><E58/><V26/><F73/><W120/><G120/><T89/><D69/><U35/><E92/><V105/><F106/><W82/><G130/><T67/><D134/><U61/><E61/><V21/><F26/><W75/><G135/><T94/><D23/><U24/><E129/><V86/><F86/><W121/><G121/><T55/><D17/><U122/><E122/><V40/><F40/><W115/><G125/><T91/><D32/><U131/><E131/><V33/><F33/><W43/><G43/><T74/><D34/><U124/><E124/><V47/><F47/><N who="3" m="27935" /><G80/><T101/><D74/><U113/><E113/><N who="3" m="43594" /><G97/><N who="0" m="59583" /><D94/><U2/><E111/><V127/><F105/><W3/><G3/><T49/><D49/><U66/><E66/><AGARI ba="0,0" hai="5,7,51,55,56,65,66,67,89,90,91" m="59583" machi="66" ten="30,2000,0" yaku="8,1,52,1" doraHai="46" who="0" fromWho="1" sc="266,20,175,-20,214,0,345,0" /><INIT seed="7,0,0,4,4,6" ten="286,155,214,345" oya="3" hai0="32,74,124,10,106,100,133,94,87,110,17,3,103" hai1="91,75,125,71,117,79,59,18,112,33,54,77,12" hai2="128,109,30,35,4,51,115,37,29,7,42,25,39" hai3="80,2,135,21,60,121,53,9,65,92,82,44,40"/><W27/><G121/><T97/><D32/><U116/><E71/><V101/><F109/><W89/><G135/><T126/><D3/><U84/><E112/><V90/><F101/><W11/><G2/><T129/><D17/><U43/><E33/><V68/><F68/><W48/><G40/><T38/><D38/><U34/><E34/><V5/><F30/><N who="3" m="17775" /><G60/><T95/><D10/><N who="3" m="3593" /><G65/><T107/><D110/><U96/><E43/><V93/><F115/><W31/><G31/><T134/><D74/><U16/><E125/><N who="0" m="48233" /><D129/><U127/><E127/><V83/><F128/><W19/><G19/><T130/><D130/><U14/><E96/><AGARI ba="0,0" hai="44,48,53,80,82,89,92,96" m="3593,17775" machi="96" ten="30,11600,0" yaku="8,1,52,3" doraHai="6" who="3" fromWho="1" sc="286,0,155,-116,214,0,345,116" owari="286,9.0,39,-46.0,214,-19.0,461,56.0" /></mjloggm>