<mjloggm ver="2.3"><GO type="169" lobby="0"/><UN n0="%E5%B0%B1%E6%B4%BB%E7%94%9F%40%E5%B7%9D%E6%9D%91%E8%BB%8D%E5%9B%A3" n1="%E6%AE%8B%E5%B0%BF%E6%84%9F%E3%81%AA%E3%81%84%EF%BC%9F" n2="%44%6F%72%61%6B%6F" n3="%63%68%6F%6E%6A%69" dan="17,17,17,16" rate="2224.63,2171.45,2212.16,2115.25" sx="M,F,F,M"/><TAIKYOKU oya="0"/><INIT seed="0,0,0,3,4,15" ten="250,250,250,250" oya="0" hai0="120,23,106,24,71,72,93,76,104,34,123,82,83" hai1="111,126,117,114,18,62,74,108,109,56,11,105,110" hai2="9,67,26,96,131,88,78,44,77,25,130,14,60" hai3="40,57,38,47,84,65,97,6,75,87,129,95,64"/><T27/><D71/><U35/><E117/><V29/><F44/><W30/><G75/><T0/><D0/><U112/><E74/><V4/><F130/><W50/><G129/><T41/><D41/><U119/><E119/><V81/><F131/><W53/><G6/><T118/><D118/><U13/><E35/><V101/><F26/><W125/><G125/><T21/><D34/><U59/><E126/><V5/><F5/><W54/><G54/><T52/><D93/><U63/><N who="1" m="27648" /><DORA hai="20" /><U33/><E105/><V102/><F102/><W16/><G30/><T28/><D52/><N who="1" m="34055" /><E33/><V73/><F73/><W7/><G7/><T17/><REACH who="0" step="1"/><D82/><REACH who="0" ten="240,250,250,250" step="2"/><U103/><E103/><V42/><F101/><W122/><G65/><AGARI ba="0,1" hai="11,13,18,59,63,65,112,114" m="34055,27648" machi="65" ten="60,7700,0" yaku="14,1,52,1,54,1" doraHai="15,20" who="1" fromWho="3" sc="240,0,250,87,250,0,250,-77" /><INIT seed="1,0,0,1,0,30" ten="240,337,250,173" oya="1" hai0="126,130,60,113,94,132,4,107,39,1,76,17,111" hai1="63,75,40,47,3,18,29,133,10,72,109,91,32" hai2="86,15,48,41,114,9,103,65,56,12,110,13,105" hai3="5,7,69,52,122,131,117,106,128,19,74,46,123"/><U64/><E133/><V80/><F110/><W78/><G106/><T93/><D17/><U116/><E91/><V53/><F114/><W55/><G69/><T79/><D60/><U115/><E115/><V85/><F105/><W87/><G19/><T92/><D4/><N who="3" m="1609" /><G87/><T16/><D16/><U97/><E97/><V42/><F103/><W112/><G112/><T59/><D59/><U100/><E100/><V118/><F118/><W125/><G117/><T25/><D25/><N who="1" m="18479" /><E18/><V129/><F129/><N who="3" m="49739" /><G125/><T58/><D1/><U28/><E28/><V44/><F9/><W2/><G2/><T23/><D130/><U43/><E116/><V77/><F86/><W57/><G78/><T134/><D39/><N who="1" m="21919" /><E43/><V51/><F65/><W35/><G35/><T68/><D107/><U71/><E109/><V54/><AGARI ba="0,0" hai="12,13,15,41,42,44,48,51,53,54,56,77,80,85" machi="54" ten="30,2000,0" yaku="0,1,8,1" doraHai="30" who="2" fromWho="2" sc="240,-5,337,-10,250,20,173,-5" /><INIT seed="2,0,0,0,2,38" ten="235,327,270,168" oya="2" hai0="96,1,52,79,67,34,115,4,40,93,59,82,48" hai1="88,135,60,28,128,41,126,22,18,99,102,9,130" hai2="91,24,23,46,74,7,92,98,112,37,62,113,13" hai3="54,129,36,122,32,95,103,124,49,80,71,19,33"/><V132/><F74/><W56/><G122/><T104/><D115/><U15/><E126/><V107/><F107/><W5/><G124/><T21/><D34/><U2/><E135/><V17/><F132/><W47/><G129/><N who="1" m="49770" /><E60/><V70/><F70/><W63/><G5/><T26/><D104/><U118/><E118/><V3/><F3/><W42/><G80/><T89/><D67/><U76/><E76/><V100/><F100/><W127/><G19/><T83/><D40/><U72/><E72/><V20/><F62/><W50/><G50/><T12/><D1/><U87/><E41/><V58/><F58/><W35/><G127/><T116/><D116/><U45/><E45/><V131/><F131/><W11/><G11/><T119/><D119/><U25/><E2/><V0/><F0/><W90/><G103/><T111/><D111/><U51/><E51/><V73/><F73/><W125/><G125/><T57/><D57/><U61/><E61/><V31/><REACH who="2" step="1"/><F7/><REACH who="2" ten="235,327,260,168" step="2"/><W65/><REACH who="3" step="1"/><G32/><REACH who="3" ten="235,327,260,158" step="2"/><T64/><D4/><U69/><E102/><V108/><F108/><W110/><G110/><T94/><D79/><U84/><E69/><V14/><F14/><W86/><AGARI ba="0,2" hai="33,35,36,42,47,49,54,56,63,65,71,86,90,95" machi="86" ten="20,12000,2" yaku="1,1,0,1,7,1,24,2,52,1,53,0" doraHai="38" doraHaiUra="133" who="3" fromWho="3" sc="235,-30,327,-30,260,-60,158,140" /><INIT seed="3,0,0,1,0,121" ten="205,297,200,298" oya="3" hai0="59,19,54,116,102,0,61,115,130,7,22,28,124" hai1="16,14,79,49,81,3,84,101,29,123,91,4,44" hai2="21,63,1,18,37,113,96,89,24,56,118,127,105" hai3="41,2,27,114,40,133,42,60,35,69,110,108,126"/><W34/><G114/><T77/><D116/><U80/><E123/><V36/><F118/><W132/><G126/><T95/><D115/><U131/><E131/><V47/><F127/><W23/><G2/><T93/><D124/><U38/><E29/><V72/><F113/><W11/><G11/><T71/><D130/><U135/><E101/><V68/><F68/><W30/><G60/><T13/><D71/><U33/><E33/><V57/><F72/><W85/><G69/><T17/><D77/><U76/><E38/><V52/><F1/><W6/><G6/><T5/><D28/><U10/><E135/><N who="3" m="51786" /><G85/><T125/><D125/><U78/><E3/><V100/><F47/><W64/><G64/><T55/><D55/><N who="1" m="30119" /><E4/><V12/><F12/><W111/><AGARI ba="0,0" hai="23,27,30,34,35,40,41,42,108,110,111" m="51786" machi="111" ten="40,18000,2" yaku="14,1,10,1,20,1,52,3" doraHai="121" who="3" fromWho="3" sc="205,-60,297,-60,200,-60,298,180" /><INIT seed="3,1,0,0,5,86" ten="145,237,140,478" oya="3" hai0="72,49,54,114,53,31,12,105,29,11,43,81,127" hai1="25,15,7,37,2,64,119,18,41,10,121,23,58" hai2="79,94,115,52,6,101,120,27,125,32,3,42,131" hai3="59,73,126,68,87,96,14,134,60,113,13,48,9"/><W83/><G73/><T44/><D127/><U77/><E77/><V128/><F115/><W22/><G113/><T55/><D105/><U28/><E121/><V61/><F120/><W76/><G134/><T109/><D109/><U84/><E119/><V116/><F116/><W90/><G126/><T51/><D114/><U39/><E41/><V112/><F112/><W21/><G68/><T123/><D123/><U98/><E98/><V103/><F79/><W107/><G48/><T132/><D132/><U122/><E122/><V117/><F42/><W74/><G74/><T8/><D8/><U106/><E106/><V104/><F104/><W67/><G107/><T108/><D108/><U24/><E24/><V34/><F27/><W82/><G14/><T33/><D33/><U93/><E58/><N who="2" m="35015" /><F117/><W65/><G67/><T124/><D124/><U92/><E64/><V71/><F71/><W118/><G118/><T57/><D72/><U63/><E63/><V20/><F20/><W99/><G83/><T75/><D75/><U135/><E135/><V62/><F62/><W80/><G80/><T102/><D102/><N who="2" m="38922" /><F94/><W4/><G76/><T66/><D81/><U91/><REACH who="1" step="1"/><E93/><REACH who="1" ten="145,227,140,478" step="2"/><V133/><F133/><W110/><G110/><T89/><D66/><U56/><E56/><V0/><F125/><W40/><G40/><T130/><D51/><U111/><E111/><V47/><F128/><W129/><G129/><T26/><D130/><U16/><E16/><V19/><F131/><W78/><G78/><T46/><D43/><U97/><E97/><AGARI ba="1,1" hai="4,9,13,21,22,59,60,65,82,87,90,96,97,99" machi="97" ten="40,3900,0" yaku="8,1,52,1" doraHai="86" who="3" fromWho="1" sc="145,0,227,-42,140,0,478,52" /><INIT seed="3,2,0,0,2,65" ten="145,185,140,530" oya="3" hai0="72,18,129,111,83,85,43,23,34,68,126,124,33" hai1="70,88,45,89,8,133,40,7,24,134,105,122,39" hai2="50,95,10,59,19,67,98,101,100,21,128,2,51" hai3="125,32,56,115,99,28,84,112,113,5,110,107,63"/><W29/><G125/><T71/><D72/><U121/><E105/><V104/><F128/><W114/><G5/><T64/><D111/><U82/><E24/><V52/><F67/><W22/><G32/><N who="0" m="12395" /><D64/><U93/><E82/><V127/><F127/><N who="0" m="48682" /><D43/><U79/><E70/><N who="0" m="26665" /><D129/><U94/><E122/><V13/><F104/><W6/><G110/><T66/><D66/><U73/><E121/><V17/><F2/><W15/><G112/><T0/><D0/><U12/><E73/><V14/><REACH who="2" step="1"/><F50/><REACH who="2" ten="145,185,130,530" step="2"/><W132/><G114/><T78/><D23/><U108/><E108/><V86/><F86/><W61/><G84/><T47/><D47/><U53/><E45/><V35/><F35/><W92/><G22/><T16/><AGARI ba="2,1" hai="16,18,78,83,85" m="26665,48682,12395" machi="16" ten="40,8000,1" yaku="18,1,52,3,54,1" doraHai="65" who="0" fromWho="0" sc="145,96,185,-22,130,-22,530,-42" /><INIT seed="4,0,0,2,2,99" ten="241,163,108,488" oya="0" hai0="8,77,115,11,92,80,22,6,82,9,35,27,96" hai1="120,88,36,84,61,38,124,133,24,47,56,25,69" hai2="106,119,129,19,102,89,68,40,71,123,100,58,46" hai3="109,17,132,3,32,85,2,81,49,113,125,13,78"/><T93/><D115/><U51/><E120/><V118/><F106/><W29/><G109/><T116/><D35/><U21/><E124/><V4/><F123/><W97/><G113/><T65/><D116/><N who="2" m="44586" /><F4/><W75/><G132/><T48/><D65/><U127/><E133/><V121/><F121/><W70/><G70/><N who="2" m="26665" /><F129/><W59/><G125/><T67/><D67/><U23/><E69/><V110/><F110/><W41/><G75/><T18/><D6/><U14/><E127/><V54/><F89/><W107/><G29/><T126/><D126/><U15/><E38/><N who="2" m="21783" /><F19/><W131/><G131/><T114/><D114/><U112/><E36/><V134/><F134/><W1/><G1/><T52/><D77/><U10/><E112/><V117/><N who="2" m="44594" /><V64/><DORA hai="103" /><F64/><W55/><G2/><T74/><D74/><U111/><E111/><V62/><AGARI ba="0,0" hai="54,58,62,100,102" m="21783,26665,44594" machi="62" ten="50,6400,0" yaku="12,1,52,2" doraHai="99,103" who="2" fromWho="2" sc="241,-32,163,-16,108,64,488,-16" /><INIT seed="5,0,0,5,2,85" ten="209,147,172,472" oya="1" hai0="106,35,87,101,77,33,62,66,71,80,19,42,73" hai1="98,99,129,91,134,27,72,2,50,4,122,22,97" hai2="18,10,125,113,64,78,58,74,111,76,124,112,103" hai3="95,13,84,102,69,52,61,93,130,16,14,53,100"/><U1/><E122/><V121/><F111/><W110/><G110/><T56/><D42/><U115/><E72/><V17/><F121/><W105/><G105/><T0/><D19/><N who="2" m="7178" /><F103/><W92/><G14/><T116/><D116/><U120/><E120/><V79/><F10/><N who="3" m="6199" /><G69/><T24/><D56/><U88/><E4/><V94/><F94/><N who="3" m="36459" /><G130/><T67/><D67/><U28/><E129/><V30/><F30/><W55/><G61/><T119/><D119/><U123/><E123/><V11/><F11/><W51/><G51/><T26/><D0/><U118/><E118/><V135/><F74/><W40/><G40/><T83/><D35/><U90/><E134/><V117/><F117/><W75/><G75/><T114/><D114/><N who="2" m="44138" /><F135/><W133/><G133/><T45/><D33/><U21/><E115/><V5/><F5/><W108/><G108/><T49/><D101/><U96/><N who="1" m="24576" /><DORA hai="37" /><U128/><E128/><V63/><AGARI ba="0,0" hai="58,63,64,76,78,79,124,125" m="44138,7178" machi="63" ten="40,2700,0" yaku="15,1,11,1" doraHai="85,37" who="2" fromWho="2" sc="209,-7,147,-13,172,27,472,-7" /><INIT seed="6,0,0,4,5,94" ten="202,134,199,465" oya="2" hai0="105,32,3,35,126,114,100,1,133,33,40,43,96" hai1="81,131,82,29,18,45,103,44,52,80,61,28,99" hai2="122,51,66,118,49,20,70,12,65,75,88,46,119" hai3="104,59,57,109,50,90,62,123,130,85,101,87,63"/><V132/><F75/><W71/><G109/><T4/><D114/><U48/><E131/><V86/><F122/><W98/><G130/><T121/><D121/><U112/><E112/><V8/><F132/><W129/><G129/><T0/><D133/><U64/><E44/><V134/><F134/><W76/><G71/><T102/><D126/><U68/><REACH who="1" step="1"/><E18/><REACH who="1" ten="202,124,199,465" step="2"/><N who="2" m="8455" /><F118/><W115/><G115/><T79/><D4/><U60/><E60/><V89/><F119/><W107/><G63/><T91/><D79/><U26/><E26/><V78/><F46/><W69/><G123/><T110/><D110/><U53/><E53/><V16/><F78/><W30/><G76/><T106/><D91/><U74/><E74/><V23/><F89/><W93/><G62/><T127/><D127/><U24/><E24/><V135/><F135/><W2/><G2/><T124/><D124/><U7/><E7/><V128/><F128/><W42/><G69/><T73/><D73/><U72/><E72/><V47/><F47/><W56/><G42/><T19/><D19/><U116/><E116/><V95/><F70/><W5/><G5/><T38/><D38/><U13/><E13/><V6/><F6/><W55/><G107/><AGARI ba="0,1" hai="28,29,45,48,52,61,64,68,80,81,82,99,103,107" machi="107" ten="40,5200,0" yaku="1,1,52,1,54,1,53,0" doraHai="94" doraHaiUra="113" who="1" fromWho="3" sc="202,0,124,62,199,0,465,-52" /><INIT seed="7,0,0,3,0,14" ten="202,186,199,413" oya="3" hai0="59,45,135,55,101,85,35,123,93,41,16,8,105" hai1="91,36,66,90,25,20,23,109,131,110,28,37,57" hai2="46,21,9,106,24,77,74,112,44,73,62,40,127" hai3="5,111,17,95,129,103,38,69,71,79,43,7,108"/><W26/><G129/><T65/><D123/><U52/><E66/><V130/><F106/><W6/><G79/><T0/><D35/><U80/><E36/><V83/><F130/><W117/><G117/><T67/><D105/><U34/><E37/><V113/><F127/><W68/><G38/><T72/><D72/><U75/><E131/><V32/><F32/><W13/><G26/><T54/><D0/><U94/><E110/><V88/><F73/><W2/><G43/><T60/><D135/><U51/><E109/><N who="3" m="42058" /><G2/><T102/><D41/><U114/><E114/><N who="2" m="44139" /><F9/><N who="3" m="6319" /><G95/><T97/><D8/><U84/><E75/><V89/><F62/><W70/><G70/><T116/><D116/><U126/><E126/><V64/><F64/><W82/><G103/><T56/><D102/><U115/><E115/><V87/><F74/><W48/><G48/><T63/><D101/><U3/><E3/><V1/><F1/><W39/><G39/><T18/><D67/><U19/><E19/><N who="2" m="12351" /><F40/><W121/><G82/><T29/><D29/><U61/><E61/><V96/><F77/><W50/><G50/><T133/><D133/><U12/><E12/><V120/><F120/><AGARI ba="0,0" hai="5,6,7,68,69,71,120,121" m="6319,42058" machi="120" ten="40,3900,0" yaku="10,1,52,1" doraHai="14" who="3" fromWho="2" sc="202,0,186,0,199,-39,413,39" owari="202,0.0,186,-21.0,160,-34.0,452,55.0" /></mjloggm>