<mjloggm ver="2.3"><GO type="169" lobby="0"/><UN n0="%3D%4A%61%6D" n1="%E9%A6%99%E7%B9%94%E5%A8%A9" n2="%E5%B0%B1%E6%B4%BB%E7%94%9F%40%E5%B7%9D%E6%9D%91%E8%BB%8D%E5%9B%A3" n3="%4A%57%35%35" dan="17,16,18,18" rate="2195.83,2046.47,2254.46,2249.09" sx="M,M,M,M"/><TAIKYOKU oya="0"/><INIT seed="0,0,0,5,0,10" ten="250,250,250,250" oya="0" hai0="112,134,38,53,78,130,19,17,125,54,133,58,46" hai1="50,74,129,42,106,88,118,90,98,131,101,32,37" hai2="27,8,93,24,41,71,29,109,36,63,11,14,2" hai3="121,44,80,86,73,43,114,111,95,110,4,55,89"/><T67/><D112/><U115/><E37/><V33/><F36/><W56/><G114/><T103/><D103/><U83/><E32/><V70/><F41/><W48/><G121/><T5/><D78/><N who="1" m="44503" /><E42/><V26/><F70/><W104/><G104/><T0/><D125/><U81/><E50/><V108/><F93/><W94/><G4/><T34/><D34/><U123/><E115/><V128/><F128/><N who="1" m="49225" /><E123/><V85/><F85/><W31/><G73/><T12/><D0/><U60/><E60/><V23/><F63/><N who="3" m="36255" /><G31/><T119/><D119/><U45/><E45/><V22/><F71/><W124/><G124/><T68/><D130/><U15/><E15/><V77/><F77/><W20/><G20/><N who="2" m="7721" /><F109/><AGARI ba="0,0" hai="43,44,48,80,86,89,94,95,109,110,111" m="36255" machi="109" ten="30,1000,0" yaku="14,1" doraHai="10" who="3" fromWho="2" sc="250,0,250,0,250,-10,250,10" /><INIT seed="1,0,0,5,3,130" ten="250,250,240,260" oya="1" hai0="4,66,110,115,86,11,2,106,123,14,34,18,132" hai1="74,7,23,116,37,53,54,43,75,0,107,19,97" hai2="67,99,64,117,124,22,57,36,41,73,76,111,94" hai3="118,44,125,6,122,79,24,77,8,42,55,131,33"/><U31/><E31/><V72/><F117/><W1/><G122/><T5/><D106/><U89/><E0/><V61/><F111/><W47/><G118/><T101/><D101/><U68/><E7/><V51/><F124/><W103/><G125/><T133/><D66/><U120/><E116/><V49/><F76/><W98/><G131/><T88/><D115/><U46/><E68/><V40/><F72/><W87/><G87/><T81/><D110/><U50/><E54/><V69/><F73/><W128/><G128/><T104/><D104/><U70/><E70/><V13/><F13/><W90/><G90/><T27/><D123/><U62/><E62/><N who="2" m="40087" /><F94/><W108/><G108/><T26/><D5/><U12/><E120/><V102/><F102/><W71/><G71/><T109/><D109/><U29/><E107/><V39/><F99/><W32/><G79/><T20/><D27/><U96/><E96/><V58/><F22/><W38/><G77/><T48/><D48/><N who="2" m="18506" /><F57/><W80/><G80/><T17/><D34/><U105/><E29/><V112/><F112/><W15/><G15/><T93/><REACH who="0" step="1"/><D81/><REACH who="0" ten="240,250,240,260" step="2"/><U121/><E121/><V25/><F25/><W129/><G129/><T114/><D114/><U16/><E19/><V56/><F56/><W134/><G24/><T28/><D28/><U63/><E105/><V82/><F82/><W60/><G33/><T100/><D100/><U52/><E63/><V83/><F83/><W84/><G32/><T10/><AGARI ba="0,1" hai="2,4,10,11,14,17,18,20,26,86,88,93,132,133" machi="10" ten="30,8000,1" yaku="1,1,0,1,52,2,54,1,53,0" doraHai="130" doraHaiUra="45" who="0" fromWho="0" sc="240,90,250,-40,240,-20,260,-20" /><INIT seed="2,0,0,4,4,128" ten="330,210,220,240" oya="2" hai0="67,89,32,127,16,29,48,88,55,121,102,46,44" hai1="47,132,11,73,106,113,115,20,98,107,126,31,120" hai2="58,104,64,112,95,37,54,103,30,28,63,5,75" hai3="94,76,36,111,42,21,19,70,134,26,86,3,68"/><V79/><F104/><N who="1" m="39977" /><E20/><V24/><F112/><N who="1" m="43081" /><E31/><V69/><F37/><W83/><G111/><T1/><D1/><U2/><E11/><V13/><F75/><W108/><G108/><T133/><D67/><U131/><E2/><V87/><F79/><W84/><G3/><T40/><D29/><U91/><E47/><V119/><F119/><W82/><G134/><T85/><D32/><U8/><E8/><V39/><F39/><W72/><G72/><T114/><D114/><U80/><E131/><V96/><F87/><W117/><G117/><T7/><D133/><U62/><E62/><V38/><F38/><W45/><G94/><T22/><D7/><U17/><E17/><V12/><F5/><W4/><G4/><T59/><D102/><U0/><E0/><V10/><F10/><W110/><G110/><T35/><D35/><U99/><E132/><V25/><F30/><W78/><AGARI ba="0,0" hai="19,21,26,36,42,45,68,70,76,78,82,83,84,86" machi="78" ten="20,2700,0" yaku="0,1,7,1,9,1" doraHai="128" who="3" fromWho="3" sc="330,-7,210,-7,220,-13,240,27" /><INIT seed="3,0,0,4,2,36" ten="323,203,207,267" oya="3" hai0="99,3,60,27,116,46,49,40,75,2,91,61,53" hai1="102,115,135,88,66,106,70,4,39,38,50,20,68" hai2="127,55,123,126,43,23,57,90,52,98,51,101,7" hai3="129,56,48,24,18,14,76,121,65,92,113,8,86"/><W0/><G121/><T110/><D75/><U15/><E106/><V45/><F7/><W69/><G113/><T122/><D122/><U81/><E102/><V10/><F10/><W35/><G0/><T78/><D78/><U47/><E115/><V87/><F23/><W59/><G129/><T132/><D116/><U93/><E81/><V97/><F123/><W83/><G69/><T73/><D73/><U84/><E135/><V131/><F131/><W100/><G65/><T21/><D110/><U34/><E34/><V22/><F22/><N who="3" m="13399" /><G35/><T28/><D132/><U134/><E134/><V74/><F74/><W125/><G125/><N who="2" m="47625" /><F101/><W95/><G100/><T114/><D114/><U5/><E68/><V124/><N who="2" m="47633" /><V32/><DORA hai="130" /><F32/><W44/><G92/><N who="0" m="56735" /><D2/><U103/><E103/><V25/><BYE who="1" /><F25/><W108/><G95/><T19/><D3/><U94/><E94/><N who="2" m="54623" /><F55/><N who="3" m="30087" /><G108/><T42/><D28/><U1/><E1/><V120/><F120/><W119/><G119/><T112/><D112/><U80/><E80/><V111/><F111/><W17/><AGARI ba="0,0" hai="8,14,17,56,59,76,83,86" m="30087,13399" machi="17" ten="30,1500,0" yaku="8,1" doraHai="36,130" who="3" fromWho="3" sc="323,-5,203,-5,207,-5,267,15" /><INIT seed="3,1,0,1,2,16" ten="318,198,202,282" oya="3" hai0="31,103,97,66,19,48,124,78,35,37,119,5,101" hai1="47,6,63,106,72,87,56,102,14,60,61,93,24" hai2="135,131,100,120,54,86,12,76,40,43,36,22,116" hai3="8,134,112,95,107,21,129,81,11,33,110,99,92"/><W32/><G112/><T126/><D37/><U84/><E84/><V25/><F116/><W89/><G107/><T49/><D119/><U96/><E96/><V10/><F131/><W39/><G129/><T50/><D5/><U121/><E121/><V55/><F135/><W20/><G39/><T132/><D132/><U59/><E59/><V77/><F100/><W3/><G134/><T118/><D118/><U83/><E83/><N who="2" m="47463" /><F77/><W105/><G105/><T125/><D66/><U130/><E130/><V52/><F36/><W9/><G110/><T79/><D19/><U75/><E75/><V127/><F127/><W82/><G3/><T53/><D53/><N who="2" m="13570" /><V4/><DORA hai="57" /><F120/><W91/><G11/><T88/><D103/><U94/><E94/><V29/><AGARI ba="1,0" hai="4,10,12,22,25,29,40,43" m="13570,47463" machi="29" ten="30,4000,0" yaku="8,1,52,1,54,1" doraHai="16,57" who="2" fromWho="2" sc="318,-11,198,-11,202,43,282,-21" /><INIT seed="4,0,0,2,5,122" ten="307,187,245,261" oya="0" hai0="37,40,57,7,63,101,130,15,73,53,0,119,65" hai1="99,110,89,93,48,108,69,127,97,98,27,25,112" hai2="111,18,6,45,24,125,51,75,62,100,78,16,126" hai3="106,29,61,107,34,77,113,85,3,67,11,82,104"/><T54/><D119/><U43/><E43/><V30/><F6/><W135/><G113/><T9/><D130/><U55/><E55/><V87/><F75/><W10/><G135/><T32/><D32/><U22/><E22/><V114/><F100/><W80/><G3/><T46/><D101/><U49/><E49/><V59/><F111/><W109/><G109/><T52/><REACH who="0" step="1"/><D73/><REACH who="0" ten="297,187,245,261" step="2"/><U71/><E71/><V128/><F128/><W133/><G133/><UN n1="%E9%A6%99%E7%B9%94%E5%A8%A9" /><T14/><AGARI ba="0,1" hai="0,7,9,14,15,37,40,46,52,53,54,57,63,65" machi="14" ten="30,11700,0" yaku="1,1,2,1,0,1,54,1,53,0" doraHai="122" doraHaiUra="64" who="0" fromWho="0" sc="297,127,187,-39,245,-39,261,-39" /><INIT seed="4,1,0,4,4,133" ten="424,148,206,222" oya="0" hai0="97,36,68,110,134,16,102,91,25,118,93,6,109" hai1="37,96,63,14,54,26,81,98,44,75,70,131,48" hai2="11,95,86,101,61,42,135,111,94,114,76,51,8" hai3="39,19,132,126,88,117,122,66,78,104,82,40,46"/><T116/><D68/><U92/><E37/><V72/><F111/><N who="0" m="42506" /><D36/><U120/><E120/><V53/><F114/><W85/><G117/><T13/><D134/><U71/><E98/><V56/><F72/><W28/><G132/><T10/><D91/><U84/><E75/><V32/><F32/><W7/><G104/><T100/><D100/><U87/><E87/><V45/><F135/><W129/><G129/><T64/><D64/><U80/><E80/><N who="2" m="47367" /><F101/><W41/><G28/><T4/><D25/><U123/><E26/><V119/><F119/><AGARI ba="1,0" hai="4,6,10,13,16,93,97,102,116,118,119" m="42506" machi="119" ten="30,2900,0" yaku="10,1,54,1" doraHai="133" who="0" fromWho="2" sc="424,32,148,0,206,-32,222,0" /><INIT seed="4,2,0,2,1,1" ten="456,148,174,222" oya="0" hai0="4,20,31,92,116,65,70,2,113,16,46,133,74" hai1="129,110,68,59,29,24,120,3,48,52,109,81,95" hai2="89,44,125,26,17,45,37,47,91,75,115,122,99" hai3="128,112,72,127,117,64,102,60,54,69,25,105,78"/><T103/><D74/><U27/><E68/><V56/><F122/><W121/><G117/><T36/><D116/><U88/><E120/><V34/><F75/><W61/><G121/><T23/><D70/><U82/><E3/><V107/><F37/><W77/><G112/><T84/><D65/><U11/><E110/><V98/><F115/><W132/><G72/><T58/><D58/><U66/><E66/><V41/><F41/><W76/><G128/><T12/><D113/><U94/><E109/><V7/><F107/><W38/><G38/><T32/><D133/><U39/><E95/><V85/><F7/><W97/><G132/><T22/><D46/><U124/><E39/><V40/><F40/><W73/><G73/><T123/><D36/><U55/><E129/><V30/><F91/><W106/><G106/><T21/><D21/><N who="1" m="15503" /><E27/><V57/><F17/><W131/><G131/><T42/><D42/><U10/><E124/><V14/><F14/><W35/><G127/><T9/><D123/><U19/><E55/><V63/><F125/><W0/><G0/><T43/><D43/><U126/><E126/><V50/><F50/><W62/><REACH who="3" step="1"/><G54/><REACH who="3" ten="456,148,174,212" step="2"/><T33/><D2/><U86/><E19/><V18/><F18/><W114/><G114/><T96/><D4/><U101/><E81/><N who="2" m="49327" /><F63/><W79/><N who="3" m="19456" /><DORA hai="104" /><W5/><G5/><T53/><D53/><U80/><E80/><V13/><F13/><W8/><G8/><T118/><D118/><U119/><E119/><V100/><F30/><AGARI ba="2,1" hai="25,30,35,60,61,62,64,69,97,102,105" m="19456" machi="30" ten="50,6400,0" yaku="1,1,25,2,53,0" doraHai="1,104" doraHaiUra="51,134" who="3" fromWho="2" sc="456,0,148,0,174,-70,212,80" /><INIT seed="5,0,0,0,4,123" ten="456,148,104,292" oya="1" hai0="85,5,106,122,46,133,35,1,94,14,71,54,12" hai1="11,117,44,10,77,0,17,127,40,73,98,3,39" hai2="25,24,75,114,111,28,56,95,33,113,60,19,109" hai3="91,87,42,82,115,119,6,64,84,96,21,58,36"/><U18/><E117/><V100/><F75/><W103/><G115/><N who="2" m="44041" /><F25/><W38/><G42/><T34/><D71/><U32/><E32/><V79/><F79/><W29/><G6/><T105/><D1/><U112/><E112/><V121/><F121/><W59/><G59/><T92/><D122/><U43/><E43/><V30/><F30/><W49/><G49/><T61/><D46/><U37/><E37/><V27/><F27/><N who="3" m="16623" /><G87/><T41/><D41/><U102/><E127/><V45/><F45/><W13/><G13/><T9/><D61/><U4/><E10/><V52/><F19/><W108/><G119/><T48/><D48/><U23/><E23/><V90/><F100/><W120/><G120/><T135/><D54/><U20/><E20/><V51/><F51/><W57/><G57/><T31/><D31/><U116/><E0/><V2/><F2/><W70/><G70/><T101/><D101/><U16/><E116/><V132/><F132/><W93/><G38/><T22/><D22/><U124/><E124/><V72/><F72/><W125/><G36/><T88/><D5/><U99/><E102/><V78/><F78/><W104/><G125/><T53/><D9/><U74/><E74/><V97/><AGARI ba="0,0" hai="24,28,33,52,56,60,90,95,97,109,111" m="44041" machi="97" ten="30,8000,1" yaku="15,1,11,1,52,2,54,1" doraHai="123" who="2" fromWho="2" sc="456,-20,148,-40,104,80,292,-20" /><INIT seed="6,0,0,0,2,130" ten="436,108,184,272" oya="2" hai0="15,23,104,30,27,51,111,43,47,4,93,59,87" hai1="134,86,90,35,122,80,106,11,92,24,98,117,100" hai2="61,65,62,94,53,96,34,101,42,75,76,84,16" hai3="120,68,127,58,113,69,60,79,131,56,103,128,52"/><V95/><F34/><W39/><G103/><T22/><D104/><U114/><E35/><V67/><F75/><W7/><G79/><T123/><D111/><U116/><E24/><V54/><F42/><W21/><G7/><T20/><D123/><U105/><E11/><V129/><F129/><N who="3" m="49739" /><G120/><T48/><D48/><U83/><E122/><V125/><F125/><W81/><G81/><N who="1" m="31306" /><E114/><V102/><F76/><W49/><G127/><T126/><D126/><U36/><E36/><V2/><F2/><W45/><G21/><T29/><D59/><U99/><E117/><V28/><F28/><W3/><G3/><T32/><D30/><U40/><E40/><V118/><F118/><W88/><G88/><N who="0" m="53407" /><D32/><U5/><E5/><V6/><F6/><W1/><G1/><T8/><AGARI ba="0,0" hai="4,8,15,20,22,23,27,29,43,47,51" m="53407" machi="8" ten="30,2000,0" yaku="8,1,54,1" doraHai="130" who="0" fromWho="0" sc="436,20,108,-5,184,-10,272,-5" /><INIT seed="7,0,0,4,3,127" ten="456,103,174,267" oya="3" hai0="110,98,7,77,97,62,1,82,122,45,121,52,118" hai1="3,79,90,63,44,22,9,88,105,16,38,37,43" hai2="54,39,48,75,28,55,60,92,132,19,36,96,125" hai3="69,83,123,128,104,42,80,106,116,17,57,99,50"/><W71/><G123/><T102/><D118/><U46/><E105/><V94/><F75/><W85/><G116/><T40/><D110/><U20/><E79/><V29/><F125/><W15/><G83/><T84/><D98/><U18/><E63/><V135/><F19/><W67/><G67/><T32/><D32/><U119/><E119/><V89/><F60/><W134/><G134/><N who="2" m="51241" /><F92/><W27/><G27/><T91/><D91/><U113/><E113/><V76/><F76/><W6/><G6/><T0/><D0/><U47/><E3/><V68/><F68/><W8/><G71/><T114/><D114/><U5/><E5/><V103/><F103/><W115/><G69/><T129/><D7/><U59/><E59/><N who="2" m="33223" /><F55/><W49/><G104/><T112/><D1/><U130/><E9/><V87/><F96/><W73/><G99/><T93/><D112/><U35/><E35/><V24/><F29/><W31/><G31/><T66/><D66/><U70/><E70/><V126/><F126/><W64/><G73/><T11/><D11/><U58/><E58/><V109/><F109/><W56/><G56/><N who="0" m="35079" /><D122/><U21/><E43/><V33/><AGARI ba="0,0" hai="24,28,33,36,39,87,89,94" m="33223,51241" machi="33" ten="30,1100,0" yaku="20,1" doraHai="127" who="2" fromWho="2" sc="456,-3,103,-3,174,11,267,-5" owari="453,55.0,100,-40.0,185,-21.0,262,6.0" /></mjloggm>