<mjloggm ver="2.3"><GO type="41" lobby="0"/><UN n0="%E3%83%9D%E3%83%BC%E3%82%AB%E3%83%BC%E3%83%95%E3%82%A7%E3%82%A4%E3%82%B9" n1="%E5%B0%B1%E6%B4%BB%E7%94%9F%40%E5%B7%9D%E6%9D%91%E8%BB%8D%E5%9B%A3" n2="%E9%8A%AD%E5%BD%A2" n3="%E8%91%B5%EF%BC%A0%E8%92%BC%E5%A4%A9" dan="14,17,15,14" rate="1970.65,2152.54,2039.07,1918.98" sx="M,M,M,F"/><TAIKYOKU oya="0"/><INIT seed="0,0,0,4,3,53" ten="250,250,250,250" oya="0" hai0="51,103,55,25,42,85,128,10,78,86,134,8,99" hai1="124,123,106,77,56,131,71,121,74,75,116,107,60" hai2="80,57,95,118,45,17,87,79,24,94,52,135,120" hai3="96,16,129,21,102,125,23,62,110,83,84,12,37"/><T0/><D42/><U100/><E71/><V72/><F120/><W65/><G110/><T14/><D0/><U36/><E36/><V117/><F135/><W73/><G125/><T58/><D134/><U41/><E41/><V28/><F45/><W39/><G129/><T127/><D128/><U44/><E44/><V113/><F17/><W130/><G130/><T50/><D127/><U32/><E32/><V11/><F11/><W133/><G133/><T89/><D78/><U5/><E5/><V64/><F64/><W40/><G73/><T18/><D25/><U112/><E112/><V4/><F4/><W31/><G40/><T13/><D50/><U68/><E68/><V66/><F66/><W104/><G23/><T93/><D103/><U7/><E7/><AGARI ba="0,0" hai="7,8,10,13,14,18,51,55,58,85,86,89,93,99" machi="7" ten="30,5800,0" yaku="7,1,8,1,52,1" doraHai="53" who="0" fromWho="1" sc="250,58,250,-58,250,0,250,0" /><INIT seed="0,1,0,3,3,121" ten="308,192,250,250" oya="0" hai0="47,36,68,111,98,133,132,49,26,53,11,131,38" hai1="45,15,95,48,115,35,54,82,129,105,107,55,87" hai2="39,3,108,83,13,29,4,112,124,60,40,9,46" hai3="73,89,130,17,114,2,10,59,12,42,118,96,69"/><T70/><D98/><U16/><E35/><V71/><F112/><W101/><G114/><T128/><D26/><U80/><E115/><V23/><F124/><W33/><G118/><T50/><D11/><U109/><E129/><N who="0" m="49737" /><D50/><U52/><E109/><V123/><F123/><W21/><G130/><T43/><D111/><U97/><E107/><V117/><F117/><W58/><G69/><N who="0" m="26731" /><D53/><N who="1" m="29839" /><E105/><V78/><F108/><W119/><G119/><T37/><AGARI ba="1,0" hai="36,37,38,43,47,49,132,133" m="26731,49737" machi="37" ten="40,7800,0" yaku="19,1,34,2" doraHai="121" who="0" fromWho="0" sc="308,81,192,-27,250,-27,250,-27" /><INIT seed="0,2,0,1,5,34" ten="389,165,223,223" oya="0" hai0="25,52,51,33,73,28,72,2,45,123,98,1,135" hai1="128,14,42,39,101,29,47,21,97,68,88,121,113" hai2="122,8,102,66,27,37,40,94,41,30,84,31,24" hai3="26,125,83,67,10,13,59,108,100,133,105,5,116"/><T76/><D123/><U103/><E68/><V6/><F122/><W106/><G116/><T54/><D135/><U23/><E121/><V126/><F126/><W58/><G125/><T48/><D98/><U18/><E128/><V50/><F66/><W115/><G115/><T75/><REACH who="0" step="1"/><D76/><REACH who="0" ten="379,165,223,223" step="2"/><U16/><E113/><V117/><F117/><W56/><G133/><T38/><D38/><U110/><E110/><V3/><F37/><W64/><G108/><T60/><D60/><U19/><E101/><V57/><F102/><W79/><G100/><T15/><D15/><U81/><E14/><V107/><F27/><W114/><G26/><T65/><D65/><U96/><E96/><V131/><F24/><W104/><G114/><T80/><D80/><U43/><E97/><V71/><F50/><W132/><G132/><T61/><D61/><U20/><E103/><V7/><F131/><W129/><G129/><T134/><D134/><U89/><E81/><V63/><F63/><W11/><G83/><T86/><D86/><U93/><E93/><V77/><F84/><W87/><G87/><T78/><D78/><U36/><E29/><V62/><F94/><W127/><G79/><T109/><D109/><U35/><E35/><V74/><F77/><W85/><G85/><T130/><D130/><U92/><E92/><V0/><F31/><W120/><G127/><T55/><D55/><U17/><N who="1" m="4608" /><DORA hai="69" /><U112/><E112/><V53/><F30/><W99/><G120/><T22/><D22/><U4/><E4/><V44/><F6/><N who="3" m="3287" /><G99/><T32/><D32/><U70/><E70/><RYUUKYOKU ba="2,1" sc="379,10,165,10,223,-30,223,10" hai0="1,2,25,28,33,45,48,51,52,54,72,73,75" hai1="20,21,23,36,39,42,43,47,88,89" hai3="5,11,56,58,59,64,67,104,105,106" /><INIT seed="0,3,1,0,4,34" ten="389,175,193,233" oya="0" hai0="84,86,73,36,75,22,88,47,80,87,93,60,119" hai1="120,127,2,7,72,106,55,123,82,14,58,67,77" hai2="43,98,76,95,1,112,53,0,66,65,83,11,41" hai3="45,94,44,15,74,54,116,107,5,90,132,108,131"/><T61/><D119/><U10/><E106/><V23/><F112/><W39/><G116/><T102/><D102/><U115/><E127/><V40/><F53/><W128/><G107/><T8/><D22/><U42/><E115/><V25/><F11/><N who="3" m="4591" /><G108/><T64/><D8/><U3/><E67/><V111/><F111/><W135/><G74/><T71/><D60/><U125/><E42/><V19/><F66/><W26/><G26/><T96/><REACH who="0" step="1"/><D80/><REACH who="0" ten="379,175,193,233" step="2"/><U110/><E110/><V62/><F83/><W105/><G135/><T63/><D63/><U68/><E125/><V70/><REACH who="2" step="1"/><F76/><REACH who="2" ten="379,175,183,233" step="2"/><W16/><G132/><T114/><D114/><U101/><E82/><V18/><F18/><W13/><G16/><T104/><D104/><U50/><E77/><V124/><F124/><W38/><G105/><T69/><D69/><U56/><E68/><V89/><AGARI ba="3,3" hai="0,1,19,23,25,40,41,43,62,65,70,89,95,98" machi="89" ten="30,8000,1" yaku="1,1,0,1,52,2,53,1" doraHai="34" doraHaiUra="17" who="2" fromWho="2" sc="379,-43,175,-23,183,119,233,-23" /><INIT seed="1,0,0,2,0,83" ten="336,152,302,210" oya="1" hai0="75,102,119,31,107,17,76,108,14,57,51,86,135" hai1="112,114,99,4,71,60,78,53,8,101,5,110,59" hai2="32,88,129,72,44,0,103,66,16,115,30,65,64" hai3="25,34,24,111,13,12,95,35,100,48,85,40,27"/><U69/><E78/><V133/><F72/><W63/><G111/><T23/><D108/><U58/><E110/><V54/><F0/><W127/><G127/><T87/><D75/><U45/><E45/><V106/><F129/><W105/><G105/><T93/><D107/><U73/><E73/><V22/><F133/><W56/><G40/><T134/><D119/><U55/><E69/><V28/><F32/><W113/><G48/><T128/><D76/><U19/><E71/><V10/><F10/><W124/><G113/><T126/><D31/><N who="2" m="11818" /><F103/><W89/><G100/><T9/><D126/><U130/><E130/><V70/><F106/><W67/><REACH who="3" step="1"/><G124/><REACH who="3" ten="336,152,302,200" step="2"/><T52/><D128/><U26/><E112/><V79/><F115/><W1/><G1/><T33/><D33/><AGARI ba="0,1" hai="12,13,24,25,27,33,34,35,56,63,67,85,89,95" machi="33" ten="40,2600,0" yaku="1,1,52,1,53,0" doraHai="83" doraHaiUra="3" who="3" fromWho="0" sc="336,-26,152,0,302,0,200,36" /><INIT seed="2,0,0,4,1,47" ten="310,152,302,236" oya="2" hai0="111,39,124,50,40,78,71,57,60,4,77,43,115" hai1="38,1,51,109,15,45,31,52,16,13,118,79,25" hai2="17,0,67,133,92,113,120,55,72,59,66,86,33" hai3="131,108,65,84,98,121,130,101,19,30,49,110,6"/><V85/><F120/><W27/><G121/><T46/><D4/><U103/><E118/><V74/><F113/><W82/><G6/><T22/><D115/><U58/><E1/><V64/><F0/><W24/><G65/><N who="0" m="41383" /><D22/><N who="1" m="15799" /><E38/><V81/><F33/><W93/><G19/><T21/><D21/><N who="1" m="11407" /><E109/><N who="3" m="42090" /><G49/><T42/><D78/><U96/><E79/><V73/><F133/><W26/><G30/><T23/><D23/><U63/><E15/><V128/><F128/><N who="3" m="49195" /><G27/><T112/><D77/><AGARI ba="0,0" hai="24,26,77,82,84,93,98,101" m="49195,42090" machi="77" ten="30,2000,0" yaku="14,1,19,1" doraHai="47" who="3" fromWho="0" sc="310,-20,152,0,302,0,236,20" /><INIT seed="3,0,0,1,4,99" ten="290,152,302,256" oya="3" hai0="131,132,45,85,21,126,91,64,3,62,48,61,77" hai1="6,87,65,94,106,70,112,43,10,39,63,7,105" hai2="4,30,46,73,72,8,86,96,84,19,75,40,80" hai3="29,9,32,53,38,120,22,47,25,93,60,100,78"/><W74/><G120/><T83/><D3/><U102/><E112/><V127/><F127/><W103/><G38/><T124/><D132/><U95/><E6/><V51/><F30/><W2/><G32/><T57/><D131/><U56/><E70/><V71/><F71/><W97/><G74/><T55/><D21/><U133/><E133/><V113/><F113/><W68/><G68/><T122/><D122/><U67/><E67/><V11/><F19/><W0/><G78/><T128/><D128/><U92/><E87/><V117/><F117/><W118/><G118/><T13/><D62/><U115/><E115/><V90/><F86/><W79/><G79/><T104/><D104/><U5/><E5/><V134/><F134/><W108/><G108/><T81/><REACH who="0" step="1"/><D13/><REACH who="0" ten="280,152,302,256" step="2"/><U18/><E105/><V20/><F20/><W76/><G2/><T12/><D12/><U130/><E106/><V42/><F8/><W135/><G0/><T111/><D111/><U59/><E130/><V114/><F114/><W17/><G135/><T28/><D28/><U123/><E123/><V101/><F11/><W34/><G29/><T89/><D89/><U33/><E33/><V107/><REACH who="2" step="1"/><F4/><REACH who="2" ten="280,152,292,256" step="2"/><W116/><G9/><T49/><D49/><U15/><E7/><V125/><F125/><W119/><G116/><T66/><D66/><U26/><E65/><V129/><F129/><W35/><G119/><T88/><D88/><U36/><E10/><V52/><AGARI ba="0,2" hai="40,42,46,51,52,72,73,75,80,84,90,96,101,107" machi="52" ten="30,8000,1" yaku="1,1,0,1,52,1,54,1,53,1" doraHai="99" doraHaiUra="98" who="2" fromWho="2" sc="280,-20,152,-20,292,100,256,-40" /><INIT seed="4,0,0,0,5,10" ten="260,132,392,216" oya="0" hai0="87,39,82,21,45,131,37,134,127,19,67,11,46" hai1="12,68,22,1,36,53,59,9,77,73,116,5,90" hai2="55,114,31,4,128,99,94,61,57,70,130,96,17" hai3="33,30,110,60,71,97,91,98,13,121,106,118,38"/><T23/><D134/><U122/><E116/><V24/><F4/><W108/><G118/><T129/><D127/><U18/><E122/><V89/><F114/><W92/><G121/><T85/><D67/><U79/><E68/><V41/><F41/><W123/><G123/><T102/><D102/><U15/><E73/><V43/><F43/><W104/><G38/><T49/><D11/><U42/><E1/><V2/><F2/><W27/><G106/><T78/><D21/><U50/><REACH who="1" step="1"/><E90/><REACH who="1" ten="260,122,392,216" step="2"/><V126/><F70/><W28/><G71/><T105/><D39/><U35/><E35/><V132/><F132/><W125/><G33/><T54/><D37/><U56/><E56/><V112/><F126/><W124/><G125/><T117/><D117/><U25/><E25/><V8/><F24/><W3/><G3/><T76/><D46/><AGARI ba="0,1" hai="5,9,12,15,18,22,36,42,46,50,53,59,77,79" machi="46" ten="40,8000,1" yaku="1,1,52,2,53,1" doraHai="10" doraHaiUra="44" who="1" fromWho="0" sc="260,-80,122,90,392,0,216,0" /><INIT seed="5,0,0,5,1,125" ten="180,212,392,216" oya="1" hai0="61,10,126,2,21,66,34,12,93,30,121,28,94" hai1="58,20,71,80,17,60,101,84,124,83,8,7,52" hai2="119,128,75,100,95,81,0,97,26,37,40,129,31" hai3="51,89,72,117,18,43,96,33,6,73,116,23,11"/><U78/><E124/><V102/><F119/><N who="3" m="45643" /><G33/><T45/><D126/><U32/><E32/><N who="2" m="20599" /><F100/><W13/><G96/><T114/><D121/><U110/><E110/><V36/><F0/><N who="3" m="455" /><G89/><T29/><D45/><AGARI ba="0,0" hai="13,18,23,43,45,51,72,73" m="455,45643" machi="45" ten="30,1000,0" yaku="12,1" doraHai="125" who="3" fromWho="0" sc="180,-10,212,0,392,0,216,10" /><INIT seed="6,0,0,2,5,67" ten="170,212,392,226" oya="2" hai0="127,22,106,12,117,133,29,70,91,102,111,128,65" hai1="30,104,125,113,135,45,6,126,0,98,86,36,48" hai2="88,28,32,33,14,3,49,9,63,13,122,118,51" hai3="93,24,69,10,17,97,72,108,115,31,85,114,16"/><V82/><F122/><W1/><G108/><T61/><D111/><U123/><E36/><V87/><F118/><W37/><G37/><T38/><D38/><U20/><E123/><V52/><F3/><W35/><G72/><T101/><D117/><U131/><E131/><V21/><F33/><W124/><G124/><T50/><D128/><U76/><E135/><V46/><F32/><W78/><G78/><T105/><D133/><U81/><E113/><N who="3" m="43018" /><G85/><T73/><D73/><U11/><E20/><V44/><F63/><W41/><G41/><T95/><D50/><U4/><E4/><V100/><F100/><N who="3" m="60463" /><G69/><T57/><D106/><U129/><E30/><V27/><F9/><W89/><G89/><T116/><D105/><U121/><E121/><V103/><F103/><W62/><G62/><T19/><D127/><U53/><E129/><V75/><F75/><W5/><AGARI ba="0,0" hai="1,5,10,16,17,24,31,35" m="60463,43018" machi="5" ten="30,4000,0" yaku="15,1,11,1,54,1" doraHai="67" who="3" fromWho="3" sc="170,-10,212,-10,392,-20,226,40" /><INIT seed="7,0,0,2,3,76" ten="160,202,372,266" oya="3" hai0="0,119,124,116,15,67,106,19,89,90,37,22,122" hai1="80,131,30,47,34,48,46,1,134,78,129,20,32" hai2="132,117,120,63,43,81,113,61,79,39,130,58,66" hai3="125,64,95,59,133,18,68,71,65,6,109,97,77"/><W2/><G133/><T127/><D106/><U105/><E1/><V35/><F117/><W70/><G125/><T45/><D67/><U25/><E105/><V28/><F132/><W38/><G38/><T82/><D0/><U100/><E100/><V91/><F113/><W9/><G109/><T98/><D37/><U128/><E134/><V56/><F130/><W5/><G5/><T135/><D135/><U104/><E104/><V3/><F3/><W84/><G18/><T14/><D45/><N who="1" m="16907" /><E48/><V94/><F43/><W93/><G59/><T115/><D122/><U121/><E121/><V41/><F41/><W57/><G57/><T55/><D115/><U69/><E69/><V24/><F39/><W110/><G110/><T126/><D55/><U4/><E4/><V23/><F120/><W75/><G75/><AGARI ba="0,0" hai="20,25,30,32,34,75,78,80,128,129,131" m="16907" machi="75" ten="30,2000,0" yaku="19,1,52,1" doraHai="76" who="1" fromWho="3" sc="160,0,202,20,372,0,266,-20" owari="160,-34.0,222,-18.0,372,47.0,246,5.0" /></mjloggm>