<mjloggm ver="2.3"><GO type="225" lobby="0"/><UN n0="%E3%82%A6%E3%83%AB%E3%83%88%E3%83%A9%E7%AB%8B%E7%9B%B4" n1="%E5%A4%A9%E7%A9%BA%73%61%79%61" n2="%E3%82%AB%E3%83%A9%E3%82%B9%E3%81%AE%E5%AD%90" n3="%E3%83%AA%E3%83%81%E3%83%A3%21%21" dan="17,16,16,17" rate="2156.51,2105.35,2082.42,2139.95" sx="M,M,M,M"/><TAIKYOKU oya="0"/><INIT seed="0,0,0,2,4,65" ten="250,250,250,250" oya="0" hai0="6,53,63,21,24,97,0,64,84,123,25,50,80" hai1="120,66,69,91,72,37,52,70,109,35,32,17,75" hai2="106,113,116,107,2,83,77,31,88,108,62,36,129" hai3="98,128,8,78,126,82,55,48,101,74,5,118,79"/><T95/><D123/><U9/><E120/><V41/><F113/><W23/><G128/><T73/><D73/><U104/><E37/><V114/><F114/><W122/><G126/><T27/><D0/><U20/><E104/><V51/><F129/><W96/><G79/><T15/><D6/><U132/><E9/><V54/><F108/><W3/><G122/><T46/><D15/><U16/><E109/><V14/><F116/><W4/><G118/><T43/><D43/><U105/><E105/><V10/><F2/><W86/><G5/><T40/><D40/><U81/><E66/><V127/><F127/><W38/><G38/><T7/><D7/><U89/><E81/><V133/><F133/><W44/><G23/><T76/><D21/><U67/><E20/><V85/><F36/><W47/><G47/><T30/><D30/><U11/><E67/><V45/><F31/><W90/><REACH who="3" step="1"/><G101/><REACH who="3" ten="250,250,250,240" step="2"/><T87/><D76/><U13/><E11/><V49/><F77/><W18/><G18/><T121/><D121/><U94/><E132/><V60/><F107/><W119/><G119/><T134/><D134/><U29/><E29/><V58/><F106/><W135/><G135/><T42/><D42/><U103/><E103/><V57/><F57/><W110/><G110/><T125/><D125/><U34/><E34/><V28/><F28/><W68/><G68/><N who="0" m="42015" /><D80/><AGARI ba="0,1" hai="3,4,8,44,48,55,74,78,80,82,86,90,96,98" machi="80" ten="30,2000,0" yaku="1,1,7,1,53,0" doraHai="65" doraHaiUra="100" who="3" fromWho="0" sc="250,-20,250,0,250,0,240,30" /><INIT seed="1,0,0,5,1,21" ten="230,250,250,270" oya="1" hai0="0,109,101,97,14,40,29,131,55,33,112,52,65" hai1="35,15,22,49,54,120,38,124,13,44,117,9,67" hai2="72,73,85,82,18,94,32,34,57,17,110,42,66" hai3="51,116,6,74,71,56,20,106,86,19,58,45,78"/><U126/><E120/><V100/><F110/><W46/><G106/><T2/><D112/><U93/><E35/><V59/><F42/><W133/><G71/><T24/><D109/><U107/><E107/><V80/><F85/><W69/><G74/><T75/><D75/><U103/><E117/><V119/><F94/><W39/><G69/><T79/><D79/><U92/><E38/><V130/><F66/><W125/><G125/><N who="1" m="48234" /><E103/><V96/><F100/><W25/><G133/><T123/><D123/><U91/><E67/><V122/><F122/><W105/><G105/><T28/><D65/><U88/><E22/><V70/><F70/><W8/><G39/><T7/><D40/><U61/><E61/><V63/><F63/><W99/><G99/><T64/><D64/><U76/><E76/><V48/><F48/><W68/><G68/><T3/><D131/><U23/><E23/><V95/><F95/><N who="1" m="36425" /><E15/><V111/><F111/><W12/><G116/><T114/><D114/><U50/><E49/><V134/><F119/><W113/><G113/><T102/><D102/><U83/><E83/><V118/><F118/><W4/><G4/><AGARI ba="0,0" hai="4,9,13,44,50,54,88,91" m="36425,48234" machi="4" ten="30,2900,0" yaku="18,1,54,1" doraHai="21" who="1" fromWho="3" sc="230,0,250,29,250,0,270,-29" /><INIT seed="1,1,0,2,0,75" ten="230,279,250,241" oya="1" hai0="111,102,48,8,20,115,119,52,37,105,54,108,95" hai1="126,107,4,116,110,94,55,124,57,16,45,53,134" hai2="67,133,62,98,61,6,3,63,19,114,72,103,46" hai3="41,79,35,65,31,130,27,87,135,78,70,90,12"/><U17/><E116/><V122/><F122/><W68/><G41/><T36/><D105/><U28/><E107/><V42/><F133/><W0/><G0/><T21/><D119/><U96/><E134/><V18/><F114/><W26/><G135/><T127/><D115/><U125/><E110/><N who="0" m="42025" /><D8/><U85/><E4/><V58/><F72/><W97/><G130/><T99/><D127/><U7/><E7/><V93/><F3/><W1/><G97/><T66/><D66/><U71/><E71/><V43/><F6/><W101/><G1/><T60/><D60/><N who="2" m="23146" /><F43/><W51/><G101/><T120/><D120/><U121/><E121/><V47/><F42/><W74/><G74/><T128/><D128/><U73/><E73/><V32/><F32/><W38/><G38/><N who="0" m="14955" /><D54/><U76/><E55/><V132/><F132/><W80/><G65/><T106/><D106/><U49/><E28/><V23/><F19/><W15/><G68/><T10/><D10/><U104/><E104/><V117/><F117/><W25/><G70/><T82/><D82/><N who="1" m="47303" /><E57/><AGARI ba="1,0" hai="20,21,48,52,57,95,99,102" m="14955,42025" machi="57" ten="30,2000,0" yaku="14,1,54,1" doraHai="75" who="0" fromWho="1" sc="230,23,279,-23,250,0,241,0" /><INIT seed="2,0,0,0,4,63" ten="253,256,250,241" oya="2" hai0="16,77,61,115,71,87,29,43,19,96,126,10,101" hai1="68,81,60,40,4,92,0,9,34,128,31,72,57" hai2="122,53,39,64,80,105,25,91,130,93,110,124,55" hai3="89,13,33,97,103,56,1,32,70,75,74,123,114"/><V66/><F122/><W28/><G123/><T73/><D73/><N who="3" m="27657" /><G13/><T121/><D121/><U108/><E108/><V95/><F39/><W107/><G56/><T132/><D115/><U18/><E128/><V118/><F105/><W2/><G114/><T50/><D87/><U82/><E68/><V42/><F118/><W36/><G89/><T20/><D77/><U76/><E40/><V7/><F110/><W100/><G100/><T102/><D102/><U106/><E106/><V26/><F130/><W125/><G125/><T59/><D71/><U117/><E117/><V58/><F124/><W127/><G127/><T83/><D83/><U6/><E6/><V8/><F42/><W38/><G70/><T88/><D88/><U134/><E82/><V54/><F80/><W131/><G131/><T3/><D126/><U84/><E18/><V52/><F7/><W21/><G21/><T49/><D43/><U120/><E120/><V112/><F112/><W109/><G109/><T86/><D19/><U90/><E31/><V11/><F95/><W17/><G17/><T116/><D29/><U48/><E34/><N who="3" m="13418" /><G28/><T135/><D116/><U62/><E62/><N who="2" m="36191" /><F11/><W69/><G69/><T44/><D10/><U85/><E72/><V14/><F8/><W22/><G22/><T45/><D20/><U111/><E111/><V27/><F14/><W65/><G65/><T47/><D61/><U30/><E30/><V119/><F119/><W35/><N who="3" m="13426" /><W133/><DORA hai="51" /><G133/><T78/><D135/><U46/><E134/><V41/><F41/><W129/><G129/><T23/><D132/><RYUUKYOKU ba="0,0" sc="253,-15,256,-15,250,15,241,15" hai2="25,26,27,52,53,54,64,66,91,93" hai3="1,2,36,38,97,103,107" /><INIT seed="2,1,0,3,5,32" ten="238,241,265,256" oya="2" hai0="42,68,50,52,121,85,88,71,8,35,58,119,48" hai1="100,97,23,53,67,102,112,110,1,105,94,98,37" hai2="61,118,66,56,38,78,40,111,17,24,39,93,54" hai3="131,84,6,135,76,82,79,15,14,120,86,46,44"/><V117/><F78/><N who="3" m="29739" /><G120/><T122/><D35/><U125/><E112/><V9/><F93/><W127/><G131/><T41/><D8/><U80/><E110/><V12/><F111/><W92/><G135/><T26/><D26/><U55/><E37/><V107/><F107/><W81/><G92/><T113/><D88/><U116/><E116/><V87/><F87/><N who="3" m="33323" /><G127/><T45/><D85/><U109/><E109/><V2/><F39/><W0/><G0/><T89/><D89/><U34/><E34/><V70/><F24/><W106/><G106/><T104/><D104/><U20/><E125/><V60/><REACH who="2" step="1"/><F2/><REACH who="2" ten="238,241,255,256" step="2"/><W10/><G15/><T4/><D119/><U108/><E108/><V31/><F31/><W51/><G82/><T73/><D73/><U126/><E1/><V134/><F134/><W16/><G81/><T114/><D122/><U21/><E126/><V69/><F69/><W101/><G101/><T130/><D121/><U18/><E80/><V74/><F74/><W95/><G95/><T7/><D130/><U90/><E102/><V72/><F72/><W83/><G83/><T133/><D133/><U47/><E100/><V28/><F28/><W129/><G129/><T57/><D45/><AGARI ba="1,1" hai="9,12,17,38,40,45,54,56,60,61,66,70,117,118" machi="45" ten="40,2000,0" yaku="1,1,53,0" doraHai="32" doraHaiUra="27" who="2" fromWho="0" sc="238,-23,241,0,255,33,256,0" /><INIT seed="2,2,0,1,1,102" ten="215,241,288,256" oya="2" hai0="12,78,94,106,90,113,95,36,91,92,60,26,0" hai1="112,27,89,69,64,37,40,103,59,21,18,20,133" hai2="83,11,100,120,77,35,50,4,19,24,110,31,1" hai3="48,57,81,116,62,5,132,15,58,32,98,88,68"/><V51/><F120/><W111/><G32/><T108/><D0/><U17/><E112/><V34/><F34/><W56/><G116/><T84/><D36/><U8/><E69/><V9/><F110/><W119/><G119/><T125/><D113/><U117/><E117/><V87/><F11/><N who="3" m="4591" /><G111/><T127/><D108/><U105/><E133/><V79/><F79/><W124/><G124/><N who="0" m="47691" /><D12/><U52/><E64/><V22/><REACH who="2" step="1"/><F100/><REACH who="2" ten="215,241,278,256" step="2"/><W131/><G132/><T39/><D39/><U123/><E8/><V63/><F63/><W128/><G62/><T86/><D60/><U25/><E123/><V129/><F129/><W43/><G128/><T75/><D26/><AGARI ba="2,1" hai="1,4,9,19,22,24,26,31,35,50,51,77,83,87" machi="26" ten="30,5800,0" yaku="1,1,7,1,53,1" doraHai="102" doraHaiUra="3" who="2" fromWho="0" sc="215,-64,241,0,278,74,256,0" /><INIT seed="2,3,0,3,4,72" ten="151,241,352,256" oya="2" hai0="20,61,101,133,75,106,125,90,4,34,121,93,82" hai1="49,1,81,11,16,80,32,26,57,119,35,64,27" hai2="127,113,92,124,100,120,96,47,73,53,33,87,25" hai3="105,132,134,39,68,108,6,9,42,37,36,31,10"/><V76/><F120/><W77/><G108/><T112/><D34/><U83/><E119/><V14/><F113/><W50/><G68/><T70/><D121/><U88/><E32/><V66/><F73/><W84/><G105/><T110/><D112/><U69/><E69/><V28/><F66/><W86/><G31/><T115/><D115/><U117/><E117/><V97/><F97/><W8/><G6/><T13/><D110/><U111/><E111/><V15/><F47/><N who="3" m="25975" /><G77/><T7/><D125/><N who="2" m="48202" /><F53/><W51/><G51/><T129/><D129/><U21/><E1/><V63/><F63/><W45/><G45/><T0/><D0/><U59/><E11/><V95/><F95/><W43/><G43/><T109/><D109/><U91/><E57/><V114/><F114/><W74/><G74/><T24/><D61/><N who="1" m="37951" /><E35/><V62/><F62/><W22/><G22/><T89/><D70/><U67/><E67/><V23/><F33/><W38/><G37/><T40/><D75/><U12/><E49/><V123/><F123/><W102/><G102/><T79/><D101/><U18/><E18/><V19/><F28/><W29/><G29/><T56/><D106/><U30/><E30/><V60/><F60/><W98/><G98/><T116/><D56/><U126/><E126/><V46/><F46/><W107/><G107/><T65/><D65/><U122/><E122/><V2/><F2/><W104/><G104/><T41/><D116/><U118/><E118/><V94/><F94/><W130/><G130/><T78/><D93/><U135/><E135/><AGARI ba="3,0" hai="8,9,10,36,38,39,84,86,132,134,135" m="25975" machi="135" ten="40,1300,0" yaku="20,1" doraHai="72" who="3" fromWho="1" sc="151,0,241,-22,352,0,256,22" /><INIT seed="3,0,0,1,4,118" ten="151,219,352,278" oya="3" hai0="38,120,14,121,47,117,110,25,61,85,105,113,58" hai1="52,100,23,86,134,135,46,1,67,32,82,59,34" hai2="84,40,48,115,107,30,114,22,104,126,39,125,79" hai3="5,65,124,50,109,132,88,77,101,130,75,19,33"/><W36/><G36/><T10/><D105/><N who="2" m="40522" /><F39/><W112/><G130/><T63/><D117/><U7/><E100/><V76/><F40/><W95/><G124/><N who="2" m="47721" /><F48/><W31/><G132/><N who="1" m="50730" /><E67/><V83/><F79/><W94/><G112/><N who="2" m="43049" /><F22/><W28/><G50/><T128/><D113/><U103/><E23/><V0/><F30/><W102/><G31/><T54/><D128/><U66/><E103/><V72/><F0/><W69/><G28/><T35/><D110/><U116/><E116/><V123/><F123/><W70/><G101/><T122/><D63/><N who="1" m="38271" /><E7/><V127/><F127/><W51/><G5/><T90/><D35/><U15/><E15/><V13/><F13/><W29/><G102/><T21/><D25/><U74/><E1/><V92/><F92/><W62/><G94/><T37/><D21/><U93/><E93/><V98/><F98/><W2/><G95/><T78/><D78/><U80/><E46/><V16/><F16/><W91/><G19/><T56/><D47/><U6/><E6/><V87/><AGARI ba="0,0" hai="72,76,83,84,87" m="43049,47721,40522" machi="87" ten="40,5200,0" yaku="18,1,34,2" doraHai="118" who="2" fromWho="2" sc="151,-13,219,-13,352,52,278,-26" owari="138,-36.0,206,-19.0,404,50.0,252,5.0" /></mjloggm>