<mjloggm ver="2.3"><GO type="225" lobby="0"/><UN n0="%E6%A9%8B%E6%9C%AC%E5%8D%83%E5%85%89%E5%B9%B4" n1="%4D%49%40%34%32%38" n2="%E3%82%B4%E3%83%BC%E3%83%AB%E3%83%87%E3%83%B3%E3%81%B2%E3%82%88%E3%81%93" n3="%E5%B0%B1%E6%B4%BB%E7%94%9F%40%E5%B7%9D%E6%9D%91%E8%BB%8D%E5%9B%A3" dan="16,17,16,17" rate="2200.62,2250.86,2151.43,2183.65" sx="M,M,M,M"/><TAIKYOKU oya="0"/><INIT seed="0,0,0,1,2,29" ten="250,250,250,250" oya="0" hai0="94,77,74,123,81,53,51,46,1,35,56,4,130" hai1="70,55,110,127,128,24,22,89,8,103,58,45,108" hai2="135,86,50,78,117,10,32,102,47,84,65,23,131" hai3="57,30,38,67,71,90,118,87,64,76,113,80,120"/><T41/><D123/><U7/><E70/><V104/><F131/><W82/><G118/><T37/><D130/><U12/><E128/><V88/><F117/><W98/><G113/><T17/><D94/><U60/><E127/><V44/><F135/><W79/><G120/><T19/><REACH who="0" step="1"/><D35/><REACH who="0" ten="240,250,250,250" step="2"/><U69/><E108/><V0/><F32/><W101/><G71/><T66/><D66/><U97/><E110/><V6/><F65/><W20/><G67/><T33/><D33/><U9/><E69/><V93/><F104/><W122/><G122/><T73/><D73/><U134/><E134/><V3/><F102/><W36/><G36/><T15/><D15/><U115/><E115/><V106/><F106/><W28/><G38/><T72/><D72/><U59/><E103/><V11/><F0/><W42/><G64/><T21/><D21/><U126/><E12/><V18/><F11/><AGARI ba="0,1" hai="1,4,11,17,19,37,41,46,51,53,56,74,77,81" machi="11" ten="40,7700,0" yaku="1,1,25,2,53,0" doraHai="29" doraHaiUra="109" who="0" fromWho="2" sc="240,87,250,0,250,-77,250,0" /><INIT seed="0,1,0,4,0,58" ten="327,250,173,250" oya="0" hai0="1,101,4,56,66,22,49,2,121,102,105,124,14" hai1="57,17,27,134,111,31,118,125,90,16,15,135,63" hai2="0,113,26,43,75,61,29,94,46,5,64,132,69" hai3="107,87,128,123,106,97,116,62,109,20,45,100,67"/><T37/><D121/><U95/><E118/><V60/><F75/><W117/><G116/><T23/><D37/><U54/><E111/><V86/><F113/><W65/><G117/><T76/><D124/><U83/><E83/><V53/><F132/><N who="1" m="50729" /><E125/><V12/><F0/><W71/><G109/><T40/><D2/><U59/><E15/><V10/><F69/><W78/><G128/><T3/><D3/><U50/><E50/><N who="2" m="26975" /><F64/><W35/><G67/><T74/><D1/><U82/><E82/><V68/><F68/><W80/><G35/><T108/><D74/><U129/><E59/><V9/><F9/><W122/><G106/><T96/><D76/><U41/><E41/><V18/><F29/><W98/><G98/><T81/><D81/><U89/><E129/><V131/><F131/><W115/><G115/><T92/><D105/><U19/><E95/><V70/><F70/><W44/><REACH who="3" step="1"/><G20/><AGARI ba="1,0" hai="16,17,19,20,27,31,54,57,63,89,90" m="50729" machi="20" ten="30,3900,0" yaku="20,1,52,1,54,1" doraHai="58" who="1" fromWho="3" sc="327,0,250,42,173,0,250,-42" /><INIT seed="1,0,0,0,5,134" ten="327,292,173,208" oya="1" hai0="40,113,39,13,91,108,70,59,74,129,29,16,38" hai1="53,43,83,62,131,11,104,17,114,130,18,124,46" hai2="33,126,34,47,8,2,49,93,67,107,1,119,52" hai3="0,75,64,125,82,128,73,92,26,118,61,69,55"/><U84/><E114/><V27/><F119/><W121/><G121/><T109/><D113/><U44/><E104/><V12/><F107/><W60/><G0/><T94/><D70/><U48/><E124/><V51/><F67/><W116/><G128/><N who="1" m="49194" /><E11/><V30/><F34/><W15/><G15/><T50/><D74/><U77/><E62/><V63/><F63/><W24/><G92/><T103/><D29/><U58/><E58/><V23/><F33/><W81/><G55/><N who="0" m="32247" /><D103/><U41/><E41/><V95/><F126/><W115/><G115/><T36/><D40/><U110/><E110/><N who="0" m="42601" /><D129/><U3/><E3/><V135/><F135/><W80/><G125/><T56/><D56/><U88/><E77/><V31/><F31/><W14/><G14/><T105/><D105/><U21/><E21/><V127/><F127/><W66/><REACH who="3" step="1"/><G81/><REACH who="3" ten="327,292,173,198" step="2"/><T9/><D39/><AGARI ba="0,1" hai="17,18,39,43,44,46,48,53,83,84,88" m="49194" machi="39" ten="30,2900,0" yaku="19,1,54,1" doraHai="134" who="1" fromWho="0" sc="327,-29,292,39,173,0,198,0" /><INIT seed="1,1,0,2,0,102" ten="298,331,173,198" oya="1" hai0="114,85,9,26,128,127,134,109,135,45,83,15,105" hai1="98,32,60,89,62,74,103,21,31,108,14,100,115" hai2="122,107,22,71,4,43,39,97,7,19,82,40,131" hai3="8,81,51,90,67,111,16,24,99,56,73,117,116"/><U69/><E115/><V126/><F122/><W63/><G111/><T130/><D114/><U1/><E1/><V23/><F71/><W93/><G51/><T59/><D109/><U38/><E108/><V30/><F30/><W92/><G92/><T33/><D45/><U70/><E38/><V10/><F131/><N who="0" m="50218" /><D59/><U3/><E3/><V121/><F121/><W106/><G106/><T76/><D105/><U129/><E129/><V6/><F126/><W61/><G61/><T112/><D112/><U104/><E74/><V46/><F40/><W123/><G123/><T79/><D79/><U2/><E2/><V34/><F34/><W35/><G35/><T84/><D84/><U119/><E104/><V28/><F28/><W64/><G64/><T65/><D65/><U20/><E32/><V91/><F82/><W17/><G8/><T54/><D54/><U53/><E53/><V47/><F47/><W0/><G0/><T49/><D49/><U110/><E31/><V80/><F80/><W66/><G66/><T36/><D36/><U12/><E110/><V52/><F39/><W75/><G24/><T101/><D101/><U27/><E27/><V72/><F72/><N who="3" m="27723" /><G81/><T86/><D86/><U48/><E48/><N who="2" m="28695" /><F43/><W41/><G41/><T125/><D26/><U5/><E70/><V37/><F37/><W88/><G90/><T118/><D33/><U132/><E89/><V29/><F29/><W96/><G96/><T68/><D68/><U44/><E69/><V87/><F97/><W13/><G13/><T18/><D118/><AGARI ba="1,0" hai="16,17,56,63,67,88,93,99,116,117,118" m="27723" machi="118" ten="30,3900,0" yaku="12,1,54,2" doraHai="102" who="3" fromWho="0" sc="298,-42,331,0,173,0,198,42" /><INIT seed="2,0,0,1,0,50" ten="256,331,173,240" oya="2" hai0="115,103,0,127,111,9,38,51,86,106,32,126,67" hai1="74,24,36,42,113,109,46,70,100,130,26,35,8" hai2="60,85,48,18,112,19,41,83,135,93,79,133,116" hai3="92,29,56,80,39,1,47,30,71,107,61,77,15"/><V104/><F104/><W16/><G1/><T3/><D38/><U78/><E113/><V43/><F116/><W75/><G107/><T22/><D32/><U129/><E70/><V65/><F112/><W125/><G125/><N who="0" m="47627" /><D111/><U20/><E109/><V91/><F133/><W89/><G71/><T117/><D67/><U118/><E118/><V13/><F135/><W5/><G5/><T121/><D121/><U55/><E100/><V105/><F105/><W99/><G47/><T108/><D108/><U81/><E8/><V6/><F6/><W98/><G39/><T120/><D120/><U88/><E88/><N who="2" m="53391" /><F79/><W84/><G99/><T23/><D3/><U59/><E35/><V45/><F43/><W72/><G72/><T73/><D9/><U11/><E11/><V2/><F2/><W66/><G75/><T132/><D73/><U102/><E102/><V62/><F65/><W124/><G124/><T131/><D0/><U68/><E68/><V128/><F128/><N who="1" m="49257" /><E20/><AGARI ba="0,0" hai="15,16,20,29,30,56,61,66,77,80,84,89,92,98" machi="20" ten="30,3900,0" yaku="7,1,8,1,54,1" doraHai="50" who="3" fromWho="1" sc="256,0,331,-39,173,0,240,39" /><INIT seed="3,0,0,1,1,83" ten="256,292,173,279" oya="3" hai0="133,102,5,10,69,132,105,122,117,19,73,38,89" hai1="76,111,128,82,40,2,43,114,32,81,134,20,6" hai2="85,9,42,126,116,91,50,31,18,64,96,135,108" hai3="92,115,94,12,36,58,65,25,68,131,22,67,14"/><W30/><G115/><T70/><D117/><U104/><E114/><V17/><F116/><W80/><G68/><T60/><D122/><U121/><E121/><V16/><F108/><W66/><G36/><T107/><D73/><U101/><E32/><V56/><F126/><W110/><G131/><T41/><D19/><U79/><E111/><V55/><F135/><N who="0" m="51786" /><D89/><U44/><E134/><V84/><F31/><W13/><G110/><T29/><D29/><U97/><E128/><V71/><F42/><W88/><G58/><T119/><D119/><U112/><E112/><V129/><F129/><W86/><AGARI ba="0,0" hai="12,13,14,22,25,30,65,66,67,80,86,88,92,94" machi="86" ten="40,12000,1" yaku="0,1,8,1,52,1,54,1" doraHai="83" who="3" fromWho="3" sc="256,-40,292,-40,173,-40,279,120" owari="216,-18.0,252,5.0,133,-37.0,399,50.0" /></mjloggm>