<mjloggm ver="2.3"><GO type="169" lobby="0"/><UN n0="%E3%83%88%E3%83%88%E3%83%AA%E5%85%88%E7%94%9F%31%39%E6%AD%B3" n1="%E6%AE%8B%E5%B0%BF%E6%84%9F%E3%81%AA%E3%81%84%EF%BC%9F" n2="%E8%A5%BF%E5%9E%A3%E8%AA%A0%E4%B8%80" n3="%E3%83%8D%E3%83%BC%E3%83%A0%E3%83%AC%E3%82%B9%EF%BC%97" dan="19,16,16,16" rate="2270.37,2163.53,2154.10,2089.57" sx="F,F,M,M"/><TAIKYOKU oya="0"/><INIT seed="0,0,0,5,2,22" ten="250,250,250,250" oya="0" hai0="18,81,97,123,82,122,53,91,121,90,109,116,126" hai1="50,110,45,37,106,43,67,131,49,77,42,34,48" hai2="7,24,29,85,134,107,88,66,13,83,62,87,104" hai3="84,51,2,52,65,55,86,15,60,105,74,89,101"/><T73/><D18/><U115/><E110/><V127/><F134/><W26/><G74/><T129/><D53/><U119/><E106/><V47/><F127/><W113/><G2/><T120/><D116/><U46/><E77/><V16/><F7/><W36/><G36/><T124/><N who="0" m="30720" /><DORA hai="31" /><T41/><D41/><U59/><E34/><V17/><F47/><W61/><G113/><T56/><D56/><U117/><E115/><V125/><F87/><W19/><G105/><T28/><D28/><U128/><E67/><V99/><F99/><W3/><G3/><T100/><D129/><N who="1" m="49739" /><E59/><V39/><F39/><AGARI ba="0,0" hai="37,39,42,43,45,46,48,49,50,117,119" m="49739" machi="39" ten="30,3900,0" yaku="19,1,34,2" doraHai="22,31" who="1" fromWho="2" sc="250,0,250,39,250,-39,250,0" /><INIT seed="1,0,0,2,4,124" ten="250,289,211,250" oya="1" hai0="52,56,14,62,80,40,119,49,78,27,21,22,92" hai1="42,69,48,126,123,61,23,102,84,85,107,31,2" hai2="71,46,34,43,100,103,75,29,13,35,59,131,109" hai3="133,112,79,91,135,83,120,106,36,11,88,30,60"/><U125/><E123/><V28/><F109/><W77/><G36/><T99/><D119/><U20/><E2/><V41/><F71/><W3/><G30/><T50/><D14/><U74/><E74/><V24/><F75/><N who="3" m="43455" /><G60/><T17/><D22/><N who="1" m="8235" /><E102/><V65/><F29/><W122/><G11/><T95/><D40/><U81/><E107/><V72/><F72/><W127/><G3/><T1/><D1/><U101/><E101/><V12/><F34/><W87/><G112/><T97/><D80/><U8/><E31/><V45/><F100/><W18/><G18/><T94/><REACH who="0" step="1"/><D78/><REACH who="0" ten="240,289,211,250" step="2"/><U47/><E81/><V39/><F13/><W121/><G127/><N who="1" m="48650" /><E8/><V68/><F12/><W70/><G79/><T10/><D10/><U54/><E69/><V110/><F68/><W53/><G70/><T118/><D118/><U111/><E111/><V132/><F110/><W6/><G121/><T90/><D90/><U128/><E128/><V44/><F131/><W98/><G120/><T55/><D55/><U5/><E5/><V57/><F103/><N who="3" m="62839" /><G122/><T82/><D82/><U33/><E33/><V114/><F35/><W105/><G6/><T37/><D37/><U89/><E89/><N who="3" m="34378" /><G53/><T66/><D66/><U116/><E116/><V25/><F65/><W9/><G9/><T32/><D32/><U26/><E26/><N who="2" m="10347" /><F39/><W129/><G129/><T73/><D73/><U130/><E130/><V64/><F64/><W134/><G87/><T76/><D76/><U19/><E19/><V115/><F28/><W51/><G105/><T63/><D63/><U0/><E0/><V67/><F67/><RYUUKYOKU ba="0,1" sc="240,10,289,10,211,-30,250,10" hai0="17,21,27,49,50,52,56,62,92,94,95,97,99" hai1="42,47,48,54,61,84,85" hai3="51,133,134,135" /><INIT seed="1,1,1,3,5,104" ten="250,299,181,260" oya="1" hai0="44,110,35,3,112,27,113,94,116,22,21,129,65" hai1="14,52,131,120,99,97,46,51,88,39,17,75,55" hai2="40,101,49,93,25,4,6,96,106,135,18,70,117" hai3="7,5,109,119,100,105,89,60,42,130,80,123,122"/><U127/><E120/><V9/><F117/><W28/><G28/><T72/><D3/><U92/><E39/><V33/><F135/><W16/><G42/><T134/><D116/><U64/><E75/><V69/><F6/><W86/><G119/><T24/><D134/><U84/><E127/><V47/><F106/><W133/><G133/><T91/><D35/><U32/><E32/><V38/><F38/><W98/><G109/><T118/><D118/><U78/><E131/><V15/><REACH who="2" step="1"/><F18/><REACH who="2" ten="250,299,171,260" step="2"/><W67/><G130/><T76/><D129/><U19/><E19/><V45/><F45/><W73/><G7/><T77/><D44/><U50/><E64/><V102/><F102/><W68/><G5/><T59/><D65/><U37/><E37/><V57/><F57/><W71/><G71/><T114/><D59/><N who="1" m="33175" /><E78/><V20/><F20/><AGARI ba="1,2" hai="14,17,20,46,51,55,84,88,92,97,99" m="33175" machi="20" ten="30,11600,0" yaku="25,1,8,1,54,2" doraHai="104" who="1" fromWho="2" sc="250,0,299,139,171,-119,260,0" /><INIT seed="1,2,0,3,0,33" ten="250,438,52,260" oya="1" hai0="42,58,4,94,43,80,15,86,9,109,82,69,10" hai1="0,116,95,81,27,130,44,45,122,2,100,57,119" hai2="28,19,38,65,8,97,125,75,61,37,20,3,105" hai3="71,34,123,120,14,16,117,98,132,41,126,103,50"/><U107/><E122/><V54/><F125/><W24/><G71/><T22/><D69/><U108/><E107/><V88/><F28/><N who="3" m="19719" /><G50/><T62/><D109/><U63/><E27/><V64/><F75/><W49/><G49/><T110/><D110/><U13/><E108/><V124/><F124/><W83/><G41/><N who="0" m="15371" /><D10/><U87/><E13/><V135/><F135/><W96/><G83/><T53/><D22/><U99/><E130/><V12/><F54/><W60/><G60/><T72/><D72/><U77/><E45/><V89/><F105/><W32/><G98/><T31/><D31/><U66/><REACH who="1" step="1"/><E44/><REACH who="1" ten="250,428,52,260" step="2"/><V131/><F131/><W52/><G126/><T70/><D70/><U133/><E133/><V21/><F12/><W55/><G132/><T106/><D106/><U114/><E114/><V35/><F35/><W84/><G32/><T129/><D129/><U118/><AGARI ba="2,1" hai="0,2,57,63,66,77,81,87,95,99,100,116,118,119" machi="118" ten="30,11700,0" yaku="1,1,0,1,52,2,53,0" doraHai="33" doraHaiUra="67" who="1" fromWho="1" sc="250,-41,428,133,52,-41,260,-41" /><INIT seed="1,3,0,3,4,63" ten="209,561,11,219" oya="1" hai0="82,58,107,120,118,90,40,5,99,69,77,109,111" hai1="100,124,75,74,106,88,125,28,22,4,129,10,135" hai2="126,25,83,50,54,49,8,47,103,52,80,123,130" hai3="84,104,128,36,102,101,31,121,81,89,79,43,7"/><U44/><E129/><V18/><F123/><W127/><G121/><T87/><D120/><U134/><E44/><V70/><F126/><N who="1" m="48745" /><E100/><V51/><F130/><W34/><G127/><T65/><D69/><U3/><E106/><V113/><F70/><W2/><G128/><T59/><D118/><U57/><E57/><N who="0" m="21513" /><D40/><U67/><E67/><V110/><F110/><N who="0" m="41994" /><D65/><U64/><E64/><V37/><F113/><W53/><G43/><T98/><D5/><U14/><E88/><V66/><F66/><W94/><G53/><N who="2" m="20585" /><F37/><W15/><G36/><T1/><D1/><U133/><E3/><V115/><F115/><W68/><G68/><T72/><D107/><U35/><E35/><V55/><F103/><W0/><G0/><T95/><AGARI ba="3,0" hai="72,77,82,87,90,95,98,99" m="41994,21513" machi="95" ten="30,1100,0" yaku="14,1" doraHai="63" who="0" fromWho="0" sc="209,20,561,-8,11,-6,219,-6" /><INIT seed="2,0,0,2,3,102" ten="229,553,5,213" oya="2" hai0="19,38,114,127,47,130,126,0,76,69,78,92,132" hai1="124,55,65,31,63,117,15,20,34,57,68,112,35" hai2="4,21,123,52,10,64,91,133,58,80,84,96,105" hai3="86,72,109,9,45,115,101,74,40,18,108,39,111"/><V12/><F123/><W83/><G115/><T75/><D114/><U61/><E117/><V41/><F133/><W54/><G101/><T106/><D106/><U22/><E112/><V59/><F41/><W27/><G54/><T32/><D0/><U118/><E118/><V79/><F64/><W17/><G27/><T73/><D69/><U125/><E15/><V48/><F105/><W77/><REACH who="3" step="1"/><G9/><REACH who="3" ten="229,553,5,203" step="2"/><T1/><D32/><U71/><E35/><V6/><F21/><W90/><G90/><T93/><D1/><U98/><E34/><V81/><F96/><W119/><G119/><T25/><D130/><U23/><E98/><V2/><F2/><W116/><G116/><T110/><D132/><U113/><E113/><V49/><F49/><W135/><G135/><T62/><D110/><U8/><E8/><V7/><F59/><W33/><G33/><T53/><D38/><U66/><E31/><V44/><F58/><W88/><G88/><T13/><D25/><U37/><E37/><V95/><F95/><N who="0" m="36426" /><D62/><AGARI ba="0,1" hai="20,22,23,55,57,61,62,63,65,66,68,71,124,125" machi="62" ten="40,1300,0" yaku="9,1" doraHai="102" who="1" fromWho="0" sc="229,-13,553,23,5,0,203,0" /><INIT seed="3,0,0,5,5,66" ten="216,576,5,203" oya="3" hai0="88,122,63,46,17,57,62,109,79,8,15,75,123" hai1="90,3,97,128,72,116,77,47,41,74,107,126,133" hai2="34,114,89,12,131,73,132,108,28,78,65,56,61" hai3="82,0,127,48,64,19,18,134,93,87,104,5,129"/><W10/><G104/><T117/><D117/><U67/><E67/><V37/><F108/><W45/><G134/><T80/><D109/><U103/><E3/><V50/><F114/><W21/><G129/><T124/><D124/><U43/><E43/><V83/><F37/><W31/><G127/><T51/><D63/><U81/><E126/><V54/><F132/><W16/><G64/><T98/><D57/><U100/><E100/><V130/><F12/><W55/><G93/><T29/><D29/><U94/><E133/><V92/><F28/><W115/><G115/><T4/><D62/><U53/><E53/><V33/><F33/><W125/><G125/><T120/><D98/><U96/><E128/><N who="2" m="49195" /><F34/><W7/><G7/><T60/><D60/><U22/><E22/><V13/><F13/><W95/><G95/><T11/><D88/><U101/><E116/><V32/><F32/><W1/><G1/><T112/><D112/><U44/><E90/><V27/><F27/><W99/><G99/><T85/><D75/><U76/><E41/><V118/><F118/><W71/><G71/><T14/><REACH who="0" step="1"/><D120/><REACH who="0" ten="206,576,5,203" step="2"/><U119/><E119/><V135/><F135/><W30/><REACH who="3" step="1"/><G21/><REACH who="3" ten="206,576,5,193" step="2"/><T121/><D121/><U2/><E103/><V26/><F92/><W69/><G69/><T42/><AGARI ba="0,2" hai="4,8,11,14,15,17,42,46,51,79,80,85,122,123" machi="42" ten="20,8000,1" yaku="1,1,0,1,7,1,25,2,53,0" doraHai="66" doraHaiUra="23" who="0" fromWho="0" sc="206,100,576,-20,5,-20,193,-40" owari="306,11.0,556,66.0,-15,-52.0,153,-25.0" /></mjloggm>