<mjloggm ver="2.3"><GO type="169" lobby="0"/><UN n0="%E3%83%A6%E3%83%AA%E3%82%A2" n1="%E5%B0%B1%E6%B4%BB%E7%94%9F%40%E5%B7%9D%E6%9D%91%E8%BB%8D%E5%9B%A3" n2="%E3%81%86%E3%81%A0%E3%81%A3%E3%81%B7" n3="%E6%88%91%E6%B5%81%58" dan="16,17,17,16" rate="2126.57,2265.43,2207.53,2128.21" sx="F,M,M,M"/><TAIKYOKU oya="0"/><INIT seed="0,0,0,5,5,72" ten="250,250,250,250" oya="0" hai0="73,0,81,108,58,14,9,96,131,18,83,101,133" hai1="13,113,51,41,60,53,64,71,99,125,109,52,4" hai2="24,44,124,107,67,25,82,86,117,103,102,19,80" hai3="77,62,1,84,29,135,93,61,129,118,112,50,40"/><T46/><D131/><U128/><E128/><V97/><F124/><W88/><G129/><T115/><D115/><U11/><E125/><V69/><F117/><W32/><G118/><T121/><D121/><U119/><E119/><V21/><F102/><W31/><G1/><T6/><D133/><U132/><E132/><V36/><F82/><N who="3" m="47183" /><G32/><T110/><D73/><U27/><E109/><N who="0" m="42089" /><D58/><U38/><E113/><V59/><F69/><W17/><G112/><T66/><D66/><U75/><E75/><V104/><F59/><W47/><G17/><T130/><D46/><U8/><E27/><V95/><F25/><W12/><G12/><T92/><D130/><U3/><E99/><V134/><F67/><W87/><G135/><T90/><D101/><U126/><E126/><V37/><F134/><W49/><G49/><T20/><AGARI ba="0,0" hai="0,6,9,14,18,20,81,83,90,92,96" m="42089" machi="20" ten="30,3000,0" yaku="14,1,10,1" doraHai="72" who="0" fromWho="0" sc="250,30,250,-10,250,-10,250,-10" /><INIT seed="0,1,0,0,0,30" ten="280,240,240,240" oya="0" hai0="91,85,70,128,34,108,83,47,62,76,99,41,8" hai1="98,60,132,71,26,44,125,33,119,134,3,51,84" hai2="63,118,16,22,121,36,73,31,9,92,68,29,87" hai3="103,130,129,53,7,39,48,104,64,15,17,89,43"/><T27/><D128/><U126/><E3/><V24/><F121/><W69/><G43/><T107/><D8/><U65/><E84/><V100/><F73/><W20/><G39/><T124/><D124/><N who="1" m="47723" /><E98/><V135/><F135/><N who="1" m="51753" /><E26/><V81/><F36/><W28/><G64/><T50/><D108/><U42/><E33/><V112/><F118/><AGARI ba="1,0" hai="42,44,51,60,65,71,118,119" m="51753,47723" machi="118" ten="30,7700,0" yaku="18,1,20,1,34,2" doraHai="30" who="1" fromWho="2" sc="280,0,240,80,240,-80,240,0" /><INIT seed="1,0,0,3,5,87" ten="280,320,160,240" oya="1" hai0="64,25,75,26,110,95,67,19,131,86,81,130,76" hai1="10,2,1,132,66,98,12,118,3,80,121,68,117" hai2="27,40,17,28,99,5,119,51,46,129,0,112,8" hai3="56,127,9,22,54,101,72,88,53,4,55,108,78"/><U63/><E121/><V83/><F119/><W103/><G108/><T49/><D110/><U126/><E132/><V14/><F129/><N who="0" m="49162" /><D49/><U70/><E70/><V120/><F120/><W47/><G127/><T84/><D75/><U100/><E126/><V34/><F112/><W94/><G78/><T60/><D19/><U114/><E80/><V21/><F83/><W13/><G72/><T18/><D18/><U39/><E39/><V133/><REACH who="2" step="1"/><F99/><REACH who="2" ten="280,320,150,240" step="2"/><N who="3" m="57799" /><G47/><T50/><D64/><U135/><E114/><V62/><F62/><W128/><G128/><T115/><D115/><U7/><REACH who="1" step="1"/><E135/><AGARI ba="0,1" hai="0,5,8,14,17,21,27,28,34,40,46,51,133,135" machi="135" ten="40,8000,1" yaku="1,1,24,2,53,1" doraHai="87" doraHaiUra="15" who="2" fromWho="1" sc="280,0,320,-80,150,90,240,0" /><INIT seed="2,0,0,5,0,0" ten="280,240,240,240" oya="2" hai0="106,84,91,107,135,18,39,56,7,28,8,6,124" hai1="70,5,64,14,49,123,121,75,67,97,77,10,116" hai2="3,99,24,113,57,26,122,92,74,95,112,133,130" hai3="53,90,1,134,96,50,120,125,114,89,62,132,83"/><V104/><F122/><N who="1" m="46601" /><E116/><V127/><F74/><W103/><G1/><T17/><D39/><U108/><E108/><V68/><F68/><W109/><G120/><T102/><D28/><U117/><E117/><V128/><F3/><W34/><G34/><T60/><D135/><U11/><E70/><V38/><F38/><W35/><G35/><T81/><D124/><U25/><E25/><V22/><F133/><W80/><G62/><T69/><D69/><U37/><E37/><V73/><F73/><W30/><G30/><T12/><D107/><U47/><E97/><V82/><F127/><W54/><G96/><T40/><D40/><N who="1" m="24807" /><E11/><V119/><F99/><W110/><G103/><T66/><D106/><U19/><E19/><V4/><F104/><W88/><G125/><T9/><D102/><U72/><E72/><V43/><F119/><W71/><G71/><T51/><REACH who="0" step="1"/><D51/><REACH who="0" ten="270,240,240,240" step="2"/><U111/><E111/><V131/><F131/><W76/><G50/><T115/><D115/><U42/><E42/><V85/><F43/><W20/><G114/><T52/><D52/><U44/><E44/><V93/><F113/><W45/><G54/><T61/><D61/><U29/><E29/><V105/><F112/><W2/><G134/><T129/><D129/><U27/><E67/><V101/><F130/><W79/><G132/><T65/><D65/><U31/><E64/><V15/><F128/><W36/><G110/><T126/><D126/><U23/><E75/><V41/><F41/><W98/><G109/><T21/><D21/><U100/><E100/><V32/><F101/><W78/><G36/><RYUUKYOKU ba="0,1" sc="270,15,240,15,240,-15,240,-15" hai0="6,7,8,9,12,17,18,56,60,66,81,84,91" hai1="5,10,14,23,27,31,77" /><INIT seed="3,1,1,5,4,95" ten="285,255,225,225" oya="3" hai0="126,131,90,44,41,114,31,117,29,123,17,76,55" hai1="33,48,4,113,24,7,112,68,103,127,64,121,32" hai2="101,102,79,1,67,60,115,89,27,104,132,80,9" hai3="21,97,124,37,88,20,34,130,28,110,14,56,108"/><W23/><G37/><T98/><D123/><U122/><E68/><V66/><F115/><N who="1" m="44105" /><E64/><V125/><F132/><W49/><G130/><T85/><D117/><U133/><E48/><V30/><F125/><W26/><G124/><T100/><D131/><U50/><E50/><V86/><F66/><W2/><G2/><T135/><D126/><U25/><E103/><V74/><F9/><W70/><G14/><T106/><D135/><U77/><E77/><V111/><F111/><N who="3" m="42539" /><G70/><T78/><D55/><U51/><E51/><V8/><F1/><W99/><G88/><T96/><D114/><U40/><E40/><V3/><F89/><W42/><G56/><T52/><D17/><U105/><E105/><V92/><F104/><W61/><G61/><T5/><D5/><N who="1" m="2123" /><E133/><V128/><F60/><W15/><G15/><T59/><D78/><U47/><E47/><AGARI ba="1,1" hai="20,21,23,26,28,34,42,47,49,97,99" m="42539" machi="47" ten="30,11600,0" yaku="14,1,10,1,52,2" doraHai="95" who="3" fromWho="1" sc="285,0,255,-119,225,0,225,129" /><INIT seed="3,2,0,0,2,66" ten="285,136,225,354" oya="3" hai0="25,98,18,49,30,13,76,14,64,31,100,131,86" hai1="118,114,124,10,35,43,51,48,80,108,116,74,7" hai2="24,46,120,107,2,45,130,126,29,4,113,42,70" hai3="110,67,5,1,71,85,3,111,123,121,19,11,79"/><W26/><G79/><T119/><D119/><N who="1" m="45611" /><E35/><V69/><F113/><W53/><G53/><T88/><D131/><U34/><E34/><N who="2" m="20775" /><F46/><W6/><G85/><T20/><D76/><N who="1" m="44055" /><E114/><V62/><F62/><W8/><G67/><T38/><D38/><U16/><E108/><N who="3" m="41514" /><G71/><T105/><D64/><U21/><E43/><V54/><F54/><W97/><G97/><T122/><D122/><U90/><E90/><V91/><F91/><W17/><G26/><T103/><D103/><U59/><E59/><V23/><F120/><AGARI ba="2,0" hai="1,3,5,6,8,11,17,19,120,121,123" m="41514" machi="120" ten="30,11600,0" yaku="14,1,10,1,34,2" doraHai="66" who="3" fromWho="2" sc="285,0,136,0,225,-122,354,122" /><INIT seed="3,3,0,5,5,66" ten="285,136,103,476" oya="3" hai0="74,11,27,122,96,10,5,0,45,18,115,51,114" hai1="86,34,125,56,79,81,23,103,100,6,87,25,42" hai2="124,20,9,54,37,65,133,135,91,58,15,110,99" hai3="84,94,41,132,31,1,73,78,89,108,38,28,69"/><W95/><G1/><T97/><D122/><U40/><E34/><V24/><F37/><W21/><G132/><N who="2" m="50761" /><F65/><W43/><G69/><T76/><D76/><U70/><E70/><V13/><F110/><W17/><G108/><T63/><D74/><U104/><E125/><V71/><F124/><W67/><G67/><T8/><D63/><U101/><E104/><V85/><F99/><W30/><G38/><T59/><D59/><U83/><E6/><V130/><F9/><W117/><G117/><T16/><D27/><U121/><E56/><V19/><F130/><W2/><G2/><T102/><D5/><U116/><E116/><V36/><F36/><W77/><G95/><T128/><D128/><U118/><E118/><V61/><F71/><W112/><G112/><N who="0" m="43051" /><D0/><U106/><E106/><V33/><F33/><W98/><G73/><T29/><D29/><N who="1" m="17599" /><E121/><V46/><F46/><W88/><G77/><AGARI ba="3,0" hai="40,42,77,79,81,83,86,87,100,101,103" m="17599" machi="77" ten="30,1000,0" yaku="8,1" doraHai="66" who="1" fromWho="3" sc="285,0,136,19,103,0,476,-19" /><INIT seed="4,0,0,1,4,52" ten="285,155,103,457" oya="0" hai0="107,94,28,135,116,76,46,22,14,95,59,9,119" hai1="117,43,10,3,103,66,82,104,56,120,130,27,129" hai2="41,32,106,84,19,109,13,72,77,26,124,29,6" hai3="63,100,114,25,44,86,93,55,78,83,80,113,96"/><T90/><D107/><U21/><E120/><V110/><F106/><W51/><G25/><T99/><D135/><U23/><E117/><V128/><F72/><W8/><G8/><T34/><D34/><U111/><E43/><V102/><F102/><W36/><G36/><T115/><D76/><U57/><E66/><V53/><F41/><W0/><G0/><T88/><D115/><U87/><E111/><V101/><F101/><W81/><REACH who="3" step="1"/><G63/><REACH who="3" ten="285,155,103,447" step="2"/><T67/><D119/><U118/><E10/><V15/><F110/><W69/><G69/><T2/><D116/><U85/><E3/><V70/><F109/><W4/><G4/><T62/><D2/><U17/><E118/><V37/><F6/><W30/><G30/><T91/><D28/><U112/><E112/><AGARI ba="0,1" hai="44,51,55,78,80,81,83,86,93,96,100,112,113,114" machi="112" ten="40,2600,0" yaku="1,1,15,1,53,0" doraHai="52" doraHaiUra="54" who="3" fromWho="1" sc="285,0,155,-26,103,0,447,36" /><INIT seed="5,0,0,2,4,7" ten="285,129,103,483" oya="1" hai0="15,6,49,25,59,54,119,34,26,118,51,12,87" hai1="33,8,47,43,133,30,100,85,68,27,93,97,10" hai2="31,95,70,102,56,134,42,83,58,2,132,117,63" hai3="135,107,55,105,120,108,103,125,19,40,80,89,23"/><U69/><E133/><V38/><F2/><W88/><G120/><T99/><D99/><U35/><E35/><V41/><F31/><W131/><G108/><T17/><D34/><U116/><E116/><V104/><F104/><W111/><G111/><T50/><D6/><U75/><E75/><V28/><F28/><W39/><G39/><T84/><D51/><U0/><E85/><V129/><F83/><W4/><G4/><T77/><D77/><U22/><E33/><V5/><F5/><W121/><G40/><N who="2" m="15465" /><F95/><W114/><G121/><T79/><D79/><U66/><E0/><V130/><F102/><W92/><G135/><N who="2" m="51753" /><F38/><W127/><G103/><T13/><D118/><U109/><E109/><V48/><F117/><W72/><G92/><T101/><D101/><U65/><E69/><V24/><F24/><W96/><G23/><T37/><D37/><U115/><E115/><V73/><F73/><W98/><G114/><T11/><D119/><U71/><E71/><V36/><F36/><W18/><G72/><T53/><D13/><U62/><REACH who="1" step="1"/><E65/><REACH who="1" ten="285,119,103,483" step="2"/><N who="2" m="41279" /><F48/><AGARI ba="0,1" hai="8,10,22,27,30,43,47,48,62,66,68,93,97,100" machi="48" ten="30,12000,1" yaku="1,1,7,1,52,2,53,1" doraHai="7" doraHaiUra="94" who="1" fromWho="2" sc="285,0,119,130,103,-120,483,0" owari="285,9.0,249,-15.0,-17,-52.0,483,58.0" /></mjloggm>