<mjloggm ver="2.3"><GO type="97" lobby="0"/><UN n0="%E3%82%AA%E3%83%AA%E5%A7%AB%E5%A5%B3%E5%AD%90" n1="%E7%B5%B6%E4%BD%93%E7%B5%B6%E5%91%BD%E5%B0%91%E5%A5%B3" n2="%6D%6F%62%6F%32%36" n3="%E5%B0%B1%E6%B4%BB%E7%94%9F%40%E5%B7%9D%E6%9D%91%E8%BB%8D%E5%9B%A3" dan="13,14,15,17" rate="1840.39,1931.09,2011.68,2165.93" sx="F,M,M,M"/><TAIKYOKU oya="0"/><INIT seed="0,0,0,5,4,111" ten="250,250,250,250" oya="0" hai0="36,114,113,80,128,132,97,29,66,90,133,0,127" hai1="45,40,55,120,122,50,21,93,56,130,54,68,108" hai2="104,106,83,16,32,75,118,65,131,35,126,39,61" hai3="63,81,11,20,77,107,79,41,58,12,23,103,116"/><T96/><D36/><U125/><E93/><V24/><F39/><W102/><G116/><T123/><D123/><N who="1" m="47147" /><E21/><N who="3" m="8266" /><G41/><T25/><D0/><U3/><E3/><V67/><F131/><W105/><G105/><T87/><D128/><U110/><E68/><V91/><F126/><W26/><G26/><T134/><D66/><U8/><E8/><V13/><F118/><W15/><G107/><T92/><D127/><U117/><E125/><V10/><F106/><W88/><G88/><N who="0" m="51303" /><D97/><U98/><E98/><V94/><F104/><W27/><G27/><T38/><D38/><N who="1" m="21655" /><E130/><V72/><F65/><N who="3" m="39159" /><G15/><T119/><D119/><U22/><E22/><AGARI ba="0,0" hai="22,25,29,90,92,96,113,114,132,133,134" m="51303" machi="22" ten="30,11600,0" yaku="20,1,52,2,54,1" doraHai="111" who="0" fromWho="1" sc="250,116,250,-116,250,0,250,0" /><INIT seed="0,1,0,4,2,127" ten="366,134,250,250" oya="0" hai0="11,15,52,59,6,55,35,30,112,91,62,70,21" hai1="22,126,116,135,71,31,65,94,10,74,7,102,114" hai2="16,78,119,97,108,23,99,93,120,77,64,90,92" hai3="100,95,109,132,51,89,5,110,67,131,63,48,68"/><T19/><D112/><U43/><E74/><V84/><F108/><N who="3" m="41579" /><G131/><T123/><D123/><U88/><E116/><V134/><F134/><W98/><G132/><T47/><D70/><U80/><E135/><V124/><F124/><W130/><G130/><T33/><D91/><U79/><E126/><V69/><F120/><W85/><G5/><T27/><REACH who="0" step="1"/><D30/><REACH who="0" ten="356,134,250,250" step="2"/><U46/><E31/><V76/><F119/><W82/><AGARI ba="1,1" hai="48,51,63,67,68,82,85,89,95,98,100" m="41579" machi="82" ten="30,1100,0" yaku="14,1" doraHai="127" who="3" fromWho="3" sc="356,-6,134,-4,250,-4,250,24" /><INIT seed="1,0,0,4,5,20" ten="350,130,246,274" oya="1" hai0="73,125,26,35,70,25,113,13,4,90,58,102,104" hai1="39,118,38,92,16,23,37,59,21,120,56,61,47" hai2="83,54,131,132,31,22,123,129,32,63,106,81,28" hai3="42,43,55,77,78,82,115,130,2,105,75,135,93"/><U30/><E118/><V44/><F123/><W46/><G105/><T9/><D70/><U84/><E120/><V97/><F132/><W48/><G115/><T103/><D113/><U108/><E108/><V41/><F32/><W112/><G112/><T10/><D35/><U72/><E72/><V0/><F0/><W18/><G2/><T76/><D125/><U15/><E47/><V117/><F117/><W69/><G69/><T1/><D76/><U74/><E74/><V96/><F63/><W57/><G77/><T50/><D73/><U94/><E59/><V122/><F122/><W40/><G130/><N who="2" m="49673" /><F54/><W85/><G135/><T66/><D90/><U91/><E92/><V7/><F7/><W95/><G75/><T71/><D71/><U124/><E124/><V51/><F97/><W99/><G18/><T86/><D86/><U62/><REACH who="1" step="1"/><E56/><REACH who="1" ten="350,120,246,274" step="2"/><V8/><F83/><W80/><G82/><T87/><D58/><U114/><E114/><V33/><F81/><W67/><G95/><T64/><D104/><U53/><E53/><V45/><F45/><W133/><G133/><T128/><D128/><U109/><E109/><V121/><F121/><W126/><G126/><T101/><D66/><U24/><AGARI ba="0,1" hai="15,16,21,23,24,30,37,38,39,61,62,84,91,94" machi="24" ten="40,12000,1" yaku="1,1,0,1,52,1,54,1,53,1" doraHai="20" doraHaiUra="89" who="1" fromWho="1" sc="350,-40,120,130,246,-40,274,-40" /><INIT seed="1,1,0,3,2,19" ten="310,250,206,234" oya="1" hai0="5,118,50,110,65,55,49,37,23,25,13,128,32" hai1="28,108,109,96,79,21,0,67,2,33,125,54,4" hai2="8,76,42,58,121,101,45,134,48,83,111,114,46" hai3="119,107,115,7,27,53,77,44,131,104,113,122,17"/><U97/><E79/><V87/><F111/><N who="1" m="42569" /><E33/><V31/><F134/><W102/><G122/><T66/><D37/><U62/><E54/><V36/><F121/><W89/><G7/><T120/><D110/><U106/><E125/><V59/><F114/><W29/><G102/><T43/><D120/><U129/><E129/><V132/><F132/><W41/><G53/><T16/><D5/><U11/><E2/><V85/><F101/><W15/><G77/><T78/><D78/><U9/><E9/><V3/><F31/><W135/><G89/><T70/><D128/><U51/><E51/><V35/><F35/><W90/><G90/><T100/><D100/><U116/><E116/><V24/><F24/><W40/><G40/><T71/><D43/><U73/><E73/><V69/><F69/><W82/><G131/><T68/><D49/><U14/><E106/><V34/><F34/><W56/><G135/><T47/><REACH who="0" step="1"/><D118/><REACH who="0" ten="300,250,206,234" step="2"/><U81/><E81/><V22/><F76/><W61/><G82/><T91/><D91/><U60/><E60/><V30/><F83/><W80/><G80/><T86/><D86/><U64/><E64/><V75/><F87/><W103/><G119/><T127/><D127/><U52/><E67/><V63/><F85/><W133/><G133/><T105/><D105/><U1/><E96/><V126/><F126/><W10/><G107/><T95/><D95/><U130/><E97/><V112/><F63/><W123/><G104/><T38/><D38/><U92/><E130/><V94/><F94/><W26/><G61/><T99/><D99/><U39/><E92/><RYUUKYOKU ba="1,1" sc="300,30,250,-10,206,-10,234,-10" hai0="13,16,23,25,32,47,50,55,65,66,68,70,71" /><INIT seed="2,2,1,3,1,96" ten="330,240,196,224" oya="2" hai0="52,41,85,98,69,11,37,45,44,12,90,10,58" hai1="111,51,72,126,88,127,78,5,135,84,36,122,75" hai2="49,9,129,31,56,115,86,38,130,68,40,4,21" hai3="83,66,35,61,18,113,104,39,63,73,67,109,132"/><V42/><F115/><W77/><G39/><T106/><D69/><U7/><E122/><V131/><F68/><W94/><G104/><T32/><D32/><U87/><E36/><V125/><F38/><W112/><G35/><T121/><D121/><U99/><E135/><V74/><F74/><N who="1" m="28201" /><E51/><V25/><F125/><N who="1" m="47625" /><E5/><V95/><F56/><W29/><G29/><T80/><D11/><U50/><E50/><V92/><F49/><W128/><G109/><T81/><D81/><N who="1" m="47159" /><E7/><V14/><REACH who="2" step="1"/><F86/><REACH who="2" ten="330,240,186,224" step="2"/><W100/><G132/><T17/><D37/><U43/><E99/><V16/><F16/><W62/><G18/><T15/><D98/><U70/><E70/><V26/><F26/><W59/><G59/><T82/><D58/><U79/><E111/><V46/><F46/><W22/><G112/><T93/><D44/><U6/><E6/><V33/><F33/><W118/><G113/><T134/><D45/><U119/><E119/><V48/><F48/><W57/><G118/><T133/><D133/><U124/><E124/><V3/><F3/><W8/><G57/><T28/><D17/><U103/><E87/><V116/><F116/><W55/><G63/><T20/><D85/><U47/><E47/><V64/><F64/><W34/><G66/><T0/><D0/><U13/><E43/><AGARI ba="2,2" hai="4,9,14,21,25,31,40,42,43,92,95,129,130,131" machi="43" ten="40,3900,0" yaku="1,1,19,1,53,0" doraHai="96" doraHaiUra="108" who="2" fromWho="1" sc="330,0,240,-45,186,65,224,0" /><INIT seed="2,3,0,0,2,29" ten="330,195,251,224" oya="2" hai0="23,133,14,20,134,11,18,64,116,94,83,112,24" hai1="115,77,127,103,40,130,52,89,15,102,26,108,119" hai2="42,33,72,39,51,91,100,121,114,27,128,5,10" hai3="1,76,48,54,28,104,36,90,118,106,47,19,49"/><V98/><F114/><W99/><G1/><T129/><D112/><U124/><E119/><V107/><F121/><W16/><G36/><T25/><D116/><U9/><E115/><V43/><F39/><W74/><G118/><T120/><D120/><U3/><E3/><V135/><F135/><N who="0" m="51722" /><D129/><U88/><E40/><V4/><F128/><W110/><G110/><T85/><D94/><U61/><E130/><V2/><F5/><W22/><G106/><T66/><D20/><U80/><E26/><N who="0" m="10345" /><D11/><U73/><E108/><V71/><F72/><W8/><G8/><T35/><D35/><U75/><E9/><V30/><F51/><W122/><G49/><T82/><D82/><N who="1" m="45359" /><E15/><V125/><F125/><N who="1" m="48201" /><E52/><V12/><F91/><AGARI ba="3,0" hai="14,18,23,64,66,83,85,91" m="10345,51722" machi="91" ten="30,1000,0" yaku="20,1" doraHai="29" who="0" fromWho="2" sc="330,19,195,0,251,-19,224,0" /><INIT seed="3,0,0,1,5,67" ten="349,195,232,224" oya="3" hai0="120,116,77,123,53,64,110,114,65,41,3,68,108" hai1="118,75,2,99,61,124,69,106,101,1,8,127,73" hai2="96,12,59,44,72,34,82,113,97,21,31,22,80" hai3="33,90,109,55,93,6,107,46,19,45,133,13,115"/><W98/><G115/><T52/><D3/><N who="1" m="1035" /><E8/><V10/><F34/><W32/><G133/><T84/><D114/><U54/><E54/><N who="0" m="21097" /><D116/><U132/><E132/><V58/><F44/><W88/><G109/><N who="0" m="42091" /><D41/><U104/><E106/><V89/><F72/><W92/><G107/><T36/><D36/><U56/><E56/><V86/><F82/><W70/><G70/><T20/><D20/><N who="2" m="7786" /><F31/><W105/><G6/><T4/><D4/><U47/><E47/><V40/><F40/><W50/><G105/><T14/><D14/><U117/><E75/><V62/><F58/><N who="3" m="33143" /><G33/><T11/><D11/><U38/><E73/><V60/><F113/><W28/><G28/><T135/><D135/><U63/><E61/><N who="2" m="23659" /><F59/><W30/><G30/><T35/><D35/><U43/><E38/><V7/><AGARI ba="0,0" hai="7,10,12,80,86,89,96,97" m="23659,7786" machi="7" ten="30,1100,0" yaku="8,1" doraHai="67" who="2" fromWho="2" sc="349,-3,195,-3,232,11,224,-5" owari="346,45.0,192,-31.0,243,4.0,219,-18.0" /></mjloggm>