<mjloggm ver="2.3"><GO type="225" lobby="0"/><UN n0="%74%61%74%73%75%37%30%32" n1="%E3%83%88%E3%83%88%E3%83%AA%E5%85%88%E7%94%9F%31%39%E6%AD%B3" n2="%E3%81%84%E3%81%9F%E3%83%92%E3%83%AD" n3="%64%61%61%61%61%61%61%61" dan="17,17,16,17" rate="2255.22,2202.11,2126.54,2201.47" sx="M,F,M,F"/><TAIKYOKU oya="0"/><INIT seed="0,0,0,2,5,101" ten="250,250,250,250" oya="0" hai0="119,97,52,24,13,54,7,86,92,75,106,67,114" hai1="132,22,69,1,14,98,123,70,100,81,83,3,59" hai2="82,18,133,72,0,20,115,31,40,79,102,105,99" hai3="131,51,124,80,47,38,28,129,130,93,9,10,34"/><T55/><D114/><U122/><E132/><V35/><F0/><W126/><G38/><T23/><D75/><U11/><E22/><V84/><F133/><W49/><G80/><T17/><D119/><U32/><E32/><V125/><F125/><N who="3" m="48235" /><G93/><T71/><D71/><U94/><E70/><V76/><F115/><W107/><G107/><T110/><D67/><U8/><E69/><V66/><F66/><W118/><G118/><T113/><D110/><U121/><E59/><V37/><F37/><W6/><G51/><T39/><D39/><U26/><E26/><V108/><F40/><N who="3" m="24807" /><G6/><T46/><D113/><U29/><E29/><V61/><F61/><W27/><AGARI ba="0,0" hai="9,10,27,28,34,129,130,131" m="24807,48235" machi="27" ten="40,2700,0" yaku="19,1,18,1" doraHai="101" who="3" fromWho="3" sc="250,-13,250,-7,250,-7,250,27" /><INIT seed="1,0,0,0,2,11" ten="237,243,243,277" oya="1" hai0="90,39,8,92,114,25,28,29,85,99,10,115,54" hai1="52,97,51,120,78,75,18,42,44,59,65,124,4" hai2="125,132,64,62,58,95,88,82,70,110,19,94,127" hai3="31,55,68,71,32,57,22,0,83,106,66,50,118"/><U134/><E120/><V130/><F110/><W131/><G32/><T101/><D39/><U135/><E124/><N who="2" m="47691" /><F130/><W6/><G106/><T117/><D29/><U76/><E65/><V9/><F132/><N who="1" m="50729" /><E75/><V129/><F129/><W1/><G83/><T107/><D117/><U128/><E128/><V61/><F82/><W80/><G22/><T126/><D126/><U12/><E4/><V48/><F48/><W86/><G31/><T109/><D109/><U30/><E97/><N who="2" m="57543" /><F95/><W37/><G80/><T103/><D101/><U40/><E30/><V116/><F116/><W14/><G50/><T67/><D67/><U121/><E121/><V7/><F19/><W49/><G49/><T72/><D54/><U56/><E40/><V87/><F87/><W93/><G86/><T15/><D72/><U53/><E53/><V13/><F62/><W96/><G131/><T41/><D41/><U113/><E113/><V133/><F133/><W105/><G118/><T74/><D74/><U84/><E84/><V98/><F98/><W20/><G96/><T3/><D3/><U43/><E43/><V102/><F102/><W123/><G0/><T23/><REACH who="0" step="1"/><D10/><REACH who="0" ten="227,243,243,277" step="2"/><N who="1" m="6423" /><E42/><V38/><F38/><W5/><G37/><T108/><D108/><U111/><E111/><V112/><F112/><W34/><G55/><T119/><D119/><U27/><E52/><V33/><F33/><W69/><G34/><T77/><D77/><U36/><E36/><V60/><F60/><W91/><G66/><T26/><D26/><U73/><E27/><V104/><F58/><N who="1" m="22057" /><E73/><V122/><F122/><W35/><G123/><RYUUKYOKU ba="0,1" sc="227,10,243,10,243,10,277,-30" hai0="8,15,23,25,28,85,90,92,99,103,107,114,115" hai1="44,51,76,78" hai2="7,9,13,61,64,70,104" /><INIT seed="1,1,1,4,0,59" ten="237,253,253,247" oya="1" hai0="41,21,95,54,99,35,107,27,47,121,38,105,50" hai1="37,34,52,14,119,112,75,36,9,79,10,108,4" hai2="58,43,113,115,81,111,72,70,1,11,124,15,84" hai3="101,2,49,130,29,13,127,91,96,17,135,51,68"/><U89/><E112/><N who="2" m="43083" /><F70/><W64/><G2/><T18/><D35/><U92/><E119/><V67/><F111/><W133/><G130/><T129/><D129/><U88/><E34/><V40/><F72/><W90/><G29/><T55/><D55/><U46/><E108/><V94/><F94/><W120/><G120/><T98/><D98/><N who="1" m="57607" /><E37/><V26/><F26/><W87/><G127/><T83/><D83/><U103/><E36/><V117/><F1/><W85/><G90/><T12/><D12/><N who="1" m="5159" /><E75/><V16/><F117/><W6/><G6/><T28/><D28/><U57/><E89/><N who="2" m="51343" /><F124/><W123/><G91/><T69/><D69/><U66/><E79/><V48/><F48/><W25/><G51/><T77/><D77/><U53/><E103/><V109/><F109/><W122/><G101/><T3/><D3/><U134/><E134/><V102/><F102/><W44/><G68/><T22/><D121/><U61/><E46/><V31/><F31/><W116/><G116/><T63/><D38/><U114/><E114/><V30/><F30/><W7/><G133/><T110/><D110/><U126/><E126/><V74/><F74/><W56/><G135/><T80/><D80/><U82/><E82/><V100/><F100/><W45/><G123/><T39/><D39/><U5/><AGARI ba="1,1" hai="5,10,14,52,53,57,61,66" m="5159,57607" machi="5" ten="30,11700,0" yaku="8,1,52,1,54,2" doraHai="59" who="1" fromWho="1" sc="237,-40,253,130,253,-40,247,-40" /><INIT seed="1,2,0,1,5,38" ten="197,383,213,207" oya="1" hai0="18,12,52,132,58,108,51,53,42,66,109,14,105" hai1="87,49,3,135,28,11,76,110,95,101,13,82,47" hai2="26,89,84,45,33,63,19,40,59,62,5,107,31" hai3="106,55,77,86,96,124,21,112,102,17,88,10,7"/><U44/><E3/><V48/><F107/><W122/><G122/><T74/><D105/><U23/><E135/><V20/><F5/><W94/><G124/><T32/><D132/><U128/><E128/><V25/><REACH who="2" step="1"/><F59/><REACH who="2" ten="197,383,203,207" step="2"/><W111/><G111/><N who="0" m="42571" /><D74/><U116/><E110/><V100/><F100/><W69/><G69/><T120/><D120/><U91/><E101/><V70/><F70/><W78/><G112/><T65/><D32/><U114/><E114/><V16/><F16/><W129/><G129/><T4/><D4/><U113/><E113/><V15/><F15/><N who="0" m="5674" /><D18/><U61/><E13/><V9/><F9/><W36/><G10/><T64/><D58/><U104/><E104/><V119/><F119/><W85/><G7/><T68/><D68/><U99/><E116/><V133/><F133/><W57/><G17/><T92/><D92/><AGARI ba="2,1" hai="19,20,25,26,31,33,40,45,48,62,63,84,89,92" machi="92" ten="30,3900,0" yaku="1,1,7,1,52,1,53,0" doraHai="38" doraHaiUra="130" who="2" fromWho="0" sc="197,-45,383,0,203,55,207,0" /><INIT seed="2,0,0,1,0,49" ten="152,383,258,207" oya="2" hai0="29,129,115,51,85,55,109,75,56,113,21,45,116" hai1="90,128,79,108,107,118,102,110,17,54,34,103,40" hai2="130,15,127,135,23,18,60,39,53,14,98,100,83" hai3="31,120,37,52,111,25,69,96,19,99,114,63,84"/><V4/><F39/><W43/><G120/><T27/><D75/><U76/><E118/><V105/><F135/><W70/><G37/><T89/><D116/><U36/><E34/><V87/><F130/><W91/><G43/><T80/><D109/><U66/><E128/><V10/><F127/><W6/><G111/><T33/><D129/><U124/><E36/><V0/><F60/><W81/><G114/><T9/><D33/><U64/><E17/><V61/><F61/><W82/><G6/><T119/><D119/><U46/><E90/><V2/><REACH who="2" step="1"/><F53/><REACH who="2" ten="152,383,248,207" step="2"/><W59/><G69/><T62/><D9/><U112/><E54/><AGARI ba="0,1" hai="21,27,29,45,51,54,55,56,62,80,85,89,113,115" machi="54" ten="30,3900,0" yaku="7,1,52,2" doraHai="49" who="0" fromWho="1" sc="152,49,383,-39,248,0,207,0" /><INIT seed="3,0,0,0,2,78" ten="201,344,248,207" oya="3" hai0="108,13,28,82,51,58,92,86,71,89,118,72,41" hai1="91,55,117,122,63,100,9,36,83,50,109,101,120" hai2="128,35,64,18,56,135,45,33,3,68,104,26,32" hai3="79,94,95,116,21,133,77,85,121,6,107,37,2"/><W31/><G116/><T103/><D118/><U127/><E117/><V54/><F3/><W132/><G121/><T93/><D108/><U47/><E109/><V119/><F104/><W88/><G107/><T20/><D71/><U134/><E36/><V39/><F119/><W11/><G37/><T76/><D93/><U73/><E134/><N who="3" m="51818" /><G95/><T65/><D103/><U16/><E127/><V84/><F128/><W44/><G44/><T38/><D38/><U102/><E63/><V131/><F131/><W15/><G15/><T112/><D112/><U46/><E73/><V43/><F135/><W30/><G30/><T114/><D114/><U111/><E111/><V42/><F42/><W130/><G130/><T53/><D65/><U115/><E46/><V10/><F84/><W29/><G29/><T61/><D41/><U19/><E19/><V7/><F7/><W87/><G85/><T60/><D28/><U12/><E115/><V0/><F0/><W90/><G90/><T105/><D105/><U57/><E120/><V124/><F124/><W52/><G52/><T96/><D96/><U27/><E122/><V74/><F74/><W4/><G4/><T129/><D129/><U22/><E47/><V25/><F64/><W59/><G59/><T97/><D97/><U99/><E99/><V40/><F40/><W1/><G1/><T24/><D24/><AGARI ba="0,0" hai="2,6,11,21,24,31,77,79,87,88,94" m="51818" machi="24" ten="30,2900,0" yaku="20,1,54,1" doraHai="78" who="3" fromWho="0" sc="201,-29,344,0,248,0,207,29" /><INIT seed="3,1,0,4,3,35" ten="172,344,248,236" oya="3" hai0="37,59,32,73,106,95,38,67,71,16,53,18,23" hai1="79,121,17,57,105,130,48,120,8,6,4,118,1" hai2="133,68,112,31,60,74,117,101,0,128,9,126,56" hai3="94,65,122,47,41,62,42,131,51,80,93,134,91"/><W86/><G131/><T72/><D106/><U25/><E105/><V3/><F68/><W46/><G134/><T45/><D32/><U76/><E130/><V78/><F128/><W111/><G122/><T90/><D18/><U63/><E118/><V125/><F112/><W100/><G100/><T123/><D123/><U132/><E132/><V12/><F31/><W49/><REACH who="3" step="1"/><G111/><REACH who="3" ten="172,344,248,226" step="2"/><T104/><D104/><U28/><E121/><V22/><F133/><W127/><G127/><T97/><D71/><AGARI ba="1,1" hai="41,42,46,47,49,51,62,65,71,80,86,91,93,94" machi="71" ten="30,11600,0" yaku="1,1,7,1,9,1,53,1" doraHai="35" doraHaiUra="61" who="3" fromWho="0" sc="172,-119,344,0,248,0,226,129" owari="53,-45.0,344,14.0,248,-15.0,355,46.0" /></mjloggm>