<mjloggm ver="2.3"><GO type="169" lobby="0"/><UN n0="%E3%83%88%E3%83%88%E3%83%AA%E5%85%88%E7%94%9F%31%39%E6%AD%B3" n1="%6D%61%65%2D%30%31%32%37" n2="%E2%80%A0%58%54%45%4E%44%E2%80%A0" n3="%6D%69%74%73%75%36%31%31" dan="18,16,17,16" rate="2238.78,2091.73,2165.13,2108.89" sx="F,M,F,M"/><TAIKYOKU oya="0"/><INIT seed="0,0,0,2,4,128" ten="250,250,250,250" oya="0" hai0="64,48,84,94,9,14,117,49,70,65,45,133,102" hai1="3,85,71,41,118,35,89,78,38,30,43,113,68" hai2="74,10,8,99,7,26,56,110,98,61,109,27,13" hai3="5,81,123,47,129,135,19,107,96,111,32,115,52"/><T127/><D117/><U131/><E3/><V25/><F74/><W76/><G32/><T11/><D127/><U34/><E78/><V21/><F21/><W29/><G29/><T75/><D75/><U28/><E131/><V33/><F33/><W124/><G115/><T42/><D133/><U112/><E85/><V54/><REACH who="2" step="1"/><F10/><REACH who="2" ten="250,250,240,250" step="2"/><W92/><G129/><T53/><D11/><U62/><E118/><V16/><F16/><W100/><G124/><T101/><D70/><U130/><E130/><V82/><F82/><W106/><G19/><N who="0" m="8655" /><D84/><U2/><E35/><V37/><F37/><W66/><G5/><T116/><D116/><U88/><E34/><V103/><F103/><N who="0" m="39434" /><D94/><U15/><E38/><V51/><F51/><W126/><G126/><T95/><D95/><U57/><E62/><V12/><F12/><W80/><G92/><T31/><D31/><U134/><E15/><V46/><F46/><AGARI ba="0,1" hai="42,45,46,48,49,53,64,65" m="39434,8655" machi="46" ten="30,1500,0" yaku="8,1" doraHai="128" who="0" fromWho="2" sc="250,25,250,0,240,-15,250,0" /><INIT seed="0,1,0,2,4,103" ten="275,250,225,250" oya="0" hai0="135,68,34,118,62,56,95,63,50,55,112,91,82" hai1="107,100,60,19,132,84,126,104,14,96,58,134,12" hai2="21,69,123,131,38,53,42,18,66,26,39,16,11" hai3="119,87,61,76,40,130,43,59,45,116,120,78,15"/><T31/><D112/><U85/><E126/><V115/><F123/><W51/><G120/><T93/><D118/><U108/><E108/><V24/><F115/><W114/><G114/><T88/><D135/><N who="1" m="51755" /><E14/><V25/><F131/><W8/><G130/><T79/><D34/><U129/><E129/><V36/><F42/><W75/><G75/><T7/><D31/><U70/><E70/><V22/><F11/><W83/><G76/><T20/><D20/><N who="1" m="11367" /><E107/><V44/><F24/><W81/><G81/><T46/><D7/><U110/><E110/><V48/><REACH who="2" step="1"/><F36/><REACH who="2" ten="275,250,215,250" step="2"/><W27/><G27/><T98/><D68/><U47/><E47/><V64/><F64/><AGARI ba="1,1" hai="58,60,64,84,85,96,100,104" m="11367,51755" machi="64" ten="30,2000,0" yaku="20,1,52,1" doraHai="103" who="1" fromWho="2" sc="275,0,250,33,215,-23,250,0" /><INIT seed="1,0,0,3,1,44" ten="275,283,192,250" oya="1" hai0="36,135,109,26,23,126,39,101,132,6,85,104,2" hai1="77,93,108,11,123,99,117,94,102,83,21,127,31" hai2="121,50,51,56,40,107,19,71,114,66,122,90,4" hai3="8,84,54,28,110,76,65,60,0,82,43,74,125"/><U79/><E123/><N who="2" m="47115" /><F90/><W68/><G125/><T13/><D2/><U15/><E117/><V88/><F107/><W95/><G28/><T18/><D126/><U45/><E127/><V81/><F88/><W27/><G27/><T49/><D85/><U120/><E108/><V47/><F81/><W113/><G110/><T42/><D109/><U75/><E120/><V38/><F4/><W73/><G43/><T57/><D101/><U128/><E128/><V22/><F22/><W3/><G95/><T16/><D6/><U10/><E79/><V96/><F96/><W134/><G3/><T119/><D104/><U87/><E75/><V97/><F97/><W80/><G0/><T58/><D58/><U35/><E94/><V106/><F106/><W25/><G25/><T53/><D42/><U62/><E35/><V72/><F72/><W129/><G8/><T131/><D131/><U61/><E45/><N who="2" m="23703" /><F19/><W67/><G129/><T105/><D105/><U46/><E46/><V70/><F114/><W115/><G115/><T7/><D7/><N who="1" m="3551" /><E11/><V41/><F66/><W98/><G113/><T91/><D91/><U33/><E33/><V37/><F37/><W34/><G34/><T9/><D119/><U24/><AGARI ba="0,0" hai="21,24,31,61,62,77,83,87,93,99,102" m="3551" machi="24" ten="30,1500,0" yaku="8,1" doraHai="44" who="1" fromWho="1" sc="275,-5,283,15,192,-5,250,-5" /><INIT seed="1,1,0,4,3,133" ten="270,298,187,245" oya="1" hai0="3,126,82,90,85,44,25,66,56,128,72,15,43" hai1="134,21,46,109,89,47,87,16,114,4,36,123,48" hai2="107,117,54,53,97,8,1,31,22,20,118,83,101" hai3="34,50,135,14,92,67,52,62,19,112,78,116,120"/><U57/><E114/><V77/><F118/><W7/><G120/><T106/><D3/><U23/><E134/><V65/><F117/><W58/><G34/><T33/><D106/><U0/><E123/><V11/><F65/><W100/><G135/><T130/><D72/><U131/><E131/><N who="0" m="50217" /><D15/><U80/><E109/><V98/><F98/><W105/><G105/><T127/><D66/><U132/><E132/><V75/><F20/><W49/><G112/><T41/><D56/><U94/><E23/><V38/><F38/><W45/><G78/><T70/><D70/><U10/><E36/><V91/><F22/><W73/><G73/><T37/><D41/><U95/><E57/><V108/><F31/><AGARI ba="1,0" hai="25,31,33,37,43,44,82,85,90,126,127" m="50217" machi="31" ten="30,3900,0" yaku="19,1,52,2" doraHai="133" who="0" fromWho="2" sc="270,42,298,0,187,-42,245,0" /><INIT seed="2,0,0,3,2,41" ten="312,298,145,245" oya="2" hai0="29,34,16,82,94,21,51,85,83,81,44,123,119" hai1="4,46,117,121,6,99,101,52,111,48,47,20,68" hai2="110,89,80,65,112,56,135,91,90,38,69,36,25" hai3="86,59,61,84,75,45,64,98,33,92,131,104,35"/><V102/><F112/><W109/><G75/><T100/><D123/><U70/><E117/><V115/><F115/><W113/><G113/><T87/><D119/><U124/><E124/><V13/><F69/><W37/><G131/><T32/><D29/><U12/><E111/><V66/><F110/><W49/><G109/><T78/><D34/><U126/><E126/><V130/><F130/><W53/><G104/><T15/><D32/><U31/><E70/><V67/><F135/><W96/><G96/><N who="0" m="59415" /><D87/><U73/><E68/><V30/><F80/><W106/><G106/><T93/><D93/><N who="1" m="58607" /><E73/><V76/><F76/><W60/><G37/><T17/><D17/><N who="1" m="10279" /><E121/><V57/><F102/><W1/><G1/><T63/><D63/><U134/><E31/><V27/><F13/><W103/><G35/><T127/><D127/><U55/><E134/><V3/><F3/><W23/><G33/><T71/><D71/><U132/><E132/><V54/><F30/><W58/><REACH who="3" step="1"/><G23/><REACH who="3" ten="312,298,145,235" step="2"/><T43/><AGARI ba="0,1" hai="15,16,21,43,44,51,78,81,82,83,85" m="59415" machi="43" ten="30,4000,0" yaku="8,1,52,1,54,1" doraHai="41" who="0" fromWho="0" sc="312,50,298,-10,145,-20,235,-10" /><INIT seed="3,0,0,4,0,64" ten="362,288,125,225" oya="3" hai0="22,20,94,127,74,83,122,104,36,43,69,45,106" hai1="118,31,79,108,121,30,80,90,113,119,38,1,32" hai2="117,9,7,50,27,26,37,123,39,46,78,133,6" hai3="128,131,14,95,75,135,28,55,0,17,25,114,93"/><W12/><G75/><T62/><D122/><U49/><E1/><V85/><F117/><W33/><G114/><T59/><D127/><U21/><E38/><V44/><F123/><W15/><G55/><T72/><D69/><U87/><E32/><V101/><F133/><W57/><G57/><T41/><D41/><U4/><E108/><V67/><F67/><W60/><G93/><T68/><D68/><U8/><E113/><V53/><F101/><W97/><G60/><T96/><D104/><U100/><E100/><V110/><F110/><W86/><G86/><T91/><D106/><U35/><E35/><V112/><F112/><W88/><G0/><T3/><D3/><N who="1" m="31" /><E21/><V89/><F78/><W82/><G82/><T84/><D74/><N who="1" m="43127" /><E49/><V61/><F61/><W105/><G105/><T92/><D72/><U16/><E16/><V63/><F63/><W29/><G29/><T109/><D92/><N who="1" m="54367" /><E121/><V51/><F39/><W102/><G102/><T111/><D111/><U73/><E73/><V24/><F37/><W134/><REACH who="3" step="1"/><G17/><REACH who="3" ten="362,288,125,215" step="2"/><T71/><D109/><U56/><E56/><V10/><F6/><W42/><G42/><T116/><D59/><U76/><E76/><V81/><F7/><W99/><G99/><T124/><D62/><U52/><E52/><AGARI ba="0,1" hai="9,10,24,26,27,44,46,50,51,52,53,81,85,89" machi="52" ten="40,5200,0" yaku="9,1,8,1,54,1" doraHai="64" who="2" fromWho="1" sc="362,0,288,-52,125,62,215,0" /><INIT seed="4,0,0,5,1,28" ten="362,236,187,215" oya="0" hai0="34,135,22,53,128,66,71,3,83,17,45,95,121" hai1="23,101,124,106,55,24,26,0,98,116,8,113,109" hai2="88,18,92,125,11,130,10,2,102,72,99,65,126" hai3="132,107,50,82,15,120,21,91,112,127,114,104,64"/><T96/><D121/><U129/><E109/><V111/><F111/><W115/><G64/><T44/><D3/><U70/><E70/><V29/><F72/><W93/><G50/><T43/><D128/><U75/><E75/><V86/><F130/><W48/><G48/><T6/><D6/><U27/><E129/><V131/><F131/><W62/><G62/><T74/><D135/><U39/><E39/><V31/><F65/><W57/><G57/><T110/><D110/><U14/><E116/><V56/><F56/><W49/><G49/><T122/><D122/><U81/><E0/><V25/><F2/><W46/><G46/><T47/><D34/><U37/><E37/><V30/><F25/><W63/><G63/><T61/><D53/><U69/><E69/><V20/><F20/><W100/><G120/><T117/><D117/><U94/><E124/><N who="2" m="47723" /><F18/><W105/><G127/><T68/><D68/><U13/><E113/><V67/><F67/><W134/><G21/><T36/><D83/><AGARI ba="0,0" hai="10,11,29,30,31,83,86,88,92,99,102" m="47723" machi="83" ten="30,2000,0" yaku="18,1,54,1" doraHai="28" who="2" fromWho="0" sc="362,-20,236,0,187,20,215,0" /><INIT seed="5,0,0,1,3,113" ten="342,236,207,215" oya="1" hai0="34,51,120,4,5,121,35,72,68,6,105,103,30" hai1="90,102,9,99,12,88,39,41,73,96,26,63,24" hai2="114,18,3,57,13,0,8,66,87,43,77,29,94" hai3="10,7,52,135,55,23,31,27,20,48,126,46,134"/><U119/><E73/><V97/><F114/><W101/><G101/><T75/><D68/><U108/><E119/><V14/><F29/><W92/><G92/><T86/><D86/><U107/><E108/><V65/><F43/><W106/><G106/><T44/><D103/><U25/><E63/><V124/><F124/><W132/><G126/><T32/><D30/><U70/><E70/><V60/><F66/><W110/><G110/><T53/><D105/><U82/><E82/><V91/><F77/><W85/><G85/><T116/><D116/><U130/><E130/><V19/><REACH who="2" step="1"/><F87/><REACH who="2" ten="342,236,197,215" step="2"/><W112/><G112/><T109/><D109/><U81/><E99/><V59/><F59/><W22/><REACH who="3" step="1"/><G55/><REACH who="3" ten="342,236,197,205" step="2"/><T61/><D75/><U129/><E129/><V21/><AGARI ba="0,2" hai="0,3,8,13,14,18,19,21,57,60,65,91,94,97" machi="21" ten="20,2700,0" yaku="1,1,0,1,7,1,53,0" doraHai="113" doraHaiUra="117" who="2" fromWho="2" sc="342,-7,236,-13,197,47,205,-7" /><INIT seed="6,0,0,0,3,87" ten="335,223,244,198" oya="2" hai0="66,111,63,82,131,100,122,43,22,25,46,80,79" hai1="23,26,30,129,4,51,18,135,27,36,15,67,61" hai2="116,19,48,105,13,84,103,47,8,134,72,75,53" hai3="81,123,88,32,3,113,41,55,132,98,14,69,64"/><V86/><F116/><W114/><G123/><T93/><D122/><U102/><E36/><V17/><F134/><W56/><G32/><T127/><D111/><U109/><E109/><V95/><F105/><W42/><G3/><T40/><D131/><U96/><E135/><V54/><F19/><W91/><G132/><T31/><D127/><U124/><E124/><V50/><F75/><W130/><G130/><T28/><D28/><U59/><E129/><V83/><F72/><W38/><G98/><N who="0" m="59471" /><D79/><U29/><E4/><V76/><F86/><W1/><G81/><N who="0" m="31339" /><D46/><U118/><E118/><V73/><F73/><W2/><G14/><T34/><D34/><U119/><E119/><V16/><F103/><W21/><G21/><T37/><D37/><U78/><E78/><V45/><F95/><W58/><G38/><T39/><D39/><U133/><E133/><V70/><F70/><W71/><REACH who="3" step="1"/><G55/><REACH who="3" ten="335,223,244,188" step="2"/><T60/><D22/><U12/><E12/><V117/><F117/><W120/><G120/><T126/><D43/><U90/><E15/><V65/><F65/><AGARI ba="0,1" hai="1,2,41,42,56,58,64,65,69,71,88,91,113,114" machi="65" ten="25,12000,2" yaku="1,1,22,2,52,2,54,1,53,0" doraHai="87" doraHaiUra="20" who="3" fromWho="2" sc="335,0,223,0,244,-120,188,130" /><INIT seed="7,0,0,0,3,4" ten="335,223,124,318" oya="3" hai0="12,82,90,127,106,62,102,0,58,27,118,49,68" hai1="110,31,13,92,119,41,18,51,17,98,78,86,36" hai2="5,122,113,120,63,95,60,81,85,109,135,50,2" hai3="55,91,93,111,108,30,83,89,87,72,74,64,14"/><W52/><G64/><T54/><D118/><U42/><E36/><V107/><F109/><N who="3" m="42059" /><G30/><T100/><D0/><U84/><E110/><V22/><F113/><W34/><G34/><T25/><D127/><U88/><E31/><V9/><F107/><W71/><G71/><T99/><D68/><U123/><E123/><V70/><F135/><W24/><G24/><N who="0" m="9291" /><D106/><U133/><E133/><V23/><F95/><W80/><G14/><T117/><D117/><U57/><E18/><V53/><F23/><W129/><G129/><T77/><D77/><U125/><E125/><V104/><F104/><W66/><G66/><N who="0" m="39255" /><D12/><U128/><E128/><V103/><F103/><W97/><G83/><T46/><D99/><U61/><E51/><V35/><F35/><W26/><G26/><T115/><D115/><U131/><E131/><V20/><F20/><W132/><G132/><T76/><D76/><U8/><E119/><V65/><F22/><W1/><G1/><T134/><D134/><U3/><E3/><V39/><F39/><W56/><G55/><T73/><D73/><U112/><E112/><V10/><F2/><W96/><G97/><T21/><D21/><U59/><E59/><N who="2" m="33207" /><F122/><W94/><G80/><T126/><D126/><U16/><E17/><V40/><F120/><W69/><G69/><T43/><D54/><N who="1" m="33975" /><E78/><N who="2" m="46263" /><F40/><AGARI ba="0,0" hai="8,13,16,40,41,42,84,86,88,92,98" m="33975" machi="40" ten="30,7700,0" yaku="8,1,52,1,54,2" doraHai="4" who="1" fromWho="2" sc="335,0,223,77,124,-77,318,0" owari="335,43.0,300,-10.0,47,-45.0,318,12.0" /></mjloggm>