<mjloggm ver="2.3"><GO type="169" lobby="0"/><UN n0="%E7%A8%B2%E4%BD%9C%E3%83%B4%E3%82%A9%E3%83%AB%E3%82%B1%E3%82%A4%E3%83%8E" n1="%E3%83%88%E3%83%88%E3%83%AA%E5%85%88%E7%94%9F%31%39%E6%AD%B3" n2="%E3%81%99%E3%81%9A%E3%82%81%E3%82%AF%E3%83%AC%E3%82%A4%E3%82%B8%E3%83%BC" n3="%67%69%6A%79%75%74%75" dan="18,19,19,17" rate="2186.35,2288.45,2304.60,2146.70" sx="M,F,M,M"/><TAIKYOKU oya="0"/><INIT seed="0,0,0,4,0,49" ten="250,250,250,250" oya="0" hai0="73,40,129,122,0,46,105,126,51,4,132,50,102" hai1="14,38,44,63,47,77,26,24,64,128,62,114,130" hai2="74,9,29,115,112,133,65,68,70,21,75,107,91" hai3="60,13,23,106,48,89,27,69,72,42,94,39,104"/><T123/><D132/><U53/><E77/><V124/><F107/><W57/><G72/><T1/><D129/><N who="1" m="49771" /><E114/><V54/><F133/><W119/><G119/><T5/><D126/><U17/><E63/><V117/><F9/><W120/><G39/><T87/><D73/><U67/><E67/><V7/><F7/><W3/><G3/><T78/><D0/><U2/><E2/><V118/><F21/><W55/><G120/><T135/><D135/><U116/><E116/><V30/><F65/><W131/><G131/><T127/><D127/><U19/><E19/><V28/><F28/><W43/><G43/><T80/><D51/><N who="1" m="28927" /><E44/><V125/><F91/><W52/><G42/><T81/><D81/><U34/><E34/><V66/><F66/><W95/><G69/><T86/><D4/><U103/><E103/><V84/><F54/><W56/><G13/><T59/><D5/><U15/><E38/><V113/><REACH who="2" step="1"/><F115/><REACH who="2" ten="250,250,240,250" step="2"/><W85/><G95/><T83/><D105/><U37/><E64/><V20/><F20/><W10/><G10/><T90/><D1/><U121/><E17/><AGARI ba="0,1" hai="17,23,27,48,52,55,56,57,60,85,89,94,104,106" machi="17" ten="30,7700,0" yaku="7,1,52,2,54,1" doraHai="49" who="3" fromWho="1" sc="250,0,250,-77,240,0,250,87" /><INIT seed="1,0,0,0,1,118" ten="250,173,240,337" oya="1" hai0="58,98,12,96,1,83,48,124,87,23,110,5,32" hai1="8,50,54,93,43,121,101,28,122,102,10,16,84" hai2="115,7,97,55,14,52,59,71,94,62,34,134,72" hai3="85,74,15,63,0,20,22,82,25,36,131,33,38"/><U135/><E135/><V67/><F72/><W27/><G74/><T3/><D32/><U113/><E113/><V123/><F34/><W99/><G0/><T39/><D39/><U56/><E28/><V132/><F115/><W70/><G33/><T4/><D110/><U26/><E43/><V111/><F111/><W120/><G15/><T47/><D1/><U80/><E10/><N who="2" m="4447" /><F71/><W21/><G99/><T9/><D124/><U19/><E8/><V76/><F76/><W61/><G131/><T69/><D69/><U105/><E105/><V37/><F123/><W114/><G114/><T60/><D5/><U57/><E57/><V86/><F86/><W117/><G117/><T77/><D23/><U103/><E93/><V95/><F37/><W35/><G35/><T125/><D125/><U75/><E75/><V44/><F95/><W68/><G21/><T2/><D2/><U129/><E129/><V46/><F46/><W81/><G85/><T65/><REACH who="0" step="1"/><D3/><REACH who="0" ten="240,173,240,337" step="2"/><U18/><REACH who="1" step="1"/><E26/><REACH who="1" ten="240,163,240,337" step="2"/><V104/><F134/><W88/><G25/><T106/><D106/><U11/><E11/><V100/><F104/><W91/><G27/><T51/><D51/><U89/><AGARI ba="0,2" hai="16,18,19,50,54,56,80,84,89,101,102,103,121,122" machi="89" ten="30,18000,2" yaku="1,1,0,1,52,2,54,1,53,1" doraHai="118" doraHaiUra="53" who="1" fromWho="1" sc="240,-60,163,200,240,-60,337,-60" /><INIT seed="1,1,0,3,5,35" ten="180,363,180,277" oya="1" hai0="88,47,32,74,87,130,22,20,125,11,62,46,24" hai1="120,112,123,54,7,1,56,42,18,28,96,39,86" hai2="111,93,134,65,105,12,101,126,89,124,58,127,17" hai3="48,51,91,44,77,109,30,116,121,9,131,37,133"/><U107/><E112/><V84/><F111/><W90/><G121/><T81/><D130/><U108/><E108/><V80/><F134/><W57/><G109/><T117/><D117/><U83/><E28/><V79/><F65/><W132/><G37/><T72/><D125/><U104/><E18/><V64/><F64/><W5/><G131/><T6/><D32/><U55/><E42/><V100/><F58/><W14/><G116/><T69/><D69/><U70/><E39/><V61/><F61/><W71/><G71/><T26/><D62/><U36/><E36/><V135/><F135/><N who="3" m="51787" /><G77/><T119/><D119/><U27/><E27/><V33/><F33/><W41/><G30/><T129/><D129/><U76/><E70/><V49/><F49/><W97/><G97/><T94/><D20/><U68/><E68/><V114/><F105/><W21/><G21/><T3/><D24/><U0/><E7/><V19/><F114/><W103/><G103/><N who="2" m="39497" /><F12/><W45/><G57/><T16/><REACH who="0" step="1"/><D94/><REACH who="0" ten="170,363,180,277" step="2"/><U25/><E25/><V122/><F122/><W60/><G60/><T2/><D2/><N who="1" m="1131" /><E107/><V92/><F92/><W115/><G115/><T99/><D99/><AGARI ba="1,1" hai="17,19,79,80,84,89,93,99,124,126,127" m="39497" machi="99" ten="30,1000,0" yaku="18,1" doraHai="35" who="2" fromWho="0" sc="170,-13,363,0,180,23,277,0" /><INIT seed="2,0,0,0,1,132" ten="157,363,203,277" oya="2" hai0="29,125,22,85,0,124,6,70,23,42,39,37,127" hai1="71,104,112,24,1,7,133,122,13,43,55,111,88" hai2="33,102,5,96,25,28,82,100,16,119,81,11,60" hai3="90,48,87,123,59,61,107,94,27,99,110,18,108"/><V126/><F102/><W8/><G123/><T130/><D130/><U44/><E112/><V134/><F119/><W58/><G107/><T56/><D70/><U50/><E122/><V68/><F134/><W95/><G110/><T72/><D72/><U73/><E111/><V101/><F101/><W2/><G2/><T10/><D42/><U92/><E104/><V98/><F98/><W47/><G108/><T34/><D56/><U131/><E73/><V105/><F126/><W65/><G58/><T86/><D34/><U103/><E1/><V109/><F109/><W114/><G114/><T38/><D29/><U4/><E71/><V79/><F79/><W115/><G115/><T120/><D120/><U21/><E103/><V15/><F5/><W62/><G62/><T91/><REACH who="0" step="1"/><D86/><REACH who="0" ten="147,363,203,277" step="2"/><U128/><E133/><V69/><F69/><W31/><G31/><T106/><D106/><U84/><E43/><V76/><F76/><W89/><G87/><T74/><D74/><U41/><E41/><V49/><F49/><W45/><G48/><T14/><D14/><U40/><E40/><V54/><F54/><W36/><G59/><T20/><D20/><U118/><E13/><V121/><F121/><W66/><G36/><T12/><D12/><U67/><E67/><AGARI ba="0,1" hai="11,15,16,25,28,33,60,67,68,81,82,96,100,105" machi="67" ten="40,7700,0" yaku="25,2,54,1" doraHai="132" who="2" fromWho="1" sc="147,0,363,-77,203,87,277,0" /><INIT seed="2,1,0,3,3,27" ten="147,286,290,277" oya="2" hai0="114,104,123,68,47,77,124,65,82,75,50,2,57" hai1="130,87,133,81,11,55,98,115,100,8,23,83,85" hai2="46,69,7,134,84,120,63,34,116,74,18,96,72" hai3="66,117,89,6,118,24,67,45,135,78,16,58,31"/><V80/><F120/><W39/><G6/><T93/><D123/><U1/><E115/><V109/><F116/><W12/><G78/><T128/><D114/><U17/><E130/><V132/><F7/><W86/><G135/><T127/><D2/><U56/><E133/><V122/><F122/><W51/><G39/><T59/><D104/><U97/><E1/><V30/><F46/><W42/><G118/><T35/><D128/><U53/><E100/><V119/><F18/><W107/><G107/><T79/><D79/><U14/><E85/><V33/><F33/><W49/><G117/><T60/><D35/><U110/><E110/><V54/><F54/><W106/><G106/><T95/><D95/><U29/><E53/><V70/><F109/><W91/><G51/><T125/><REACH who="0" step="1"/><D93/><REACH who="0" ten="137,286,290,277" step="2"/><U19/><E83/><V62/><F119/><W92/><G91/><T36/><D36/><U20/><E81/><V94/><F80/><W99/><G99/><T9/><D9/><U131/><E97/><V129/><F94/><W21/><G58/><T102/><D102/><U44/><E98/><V40/><F96/><W108/><G108/><T3/><D3/><U41/><E131/><V112/><F129/><W48/><G48/><T101/><D101/><U111/><E111/><V73/><F112/><W5/><G5/><T88/><D88/><U0/><E0/><V64/><F132/><W71/><G71/><T61/><D61/><U38/><E38/><V28/><F70/><W10/><AGARI ba="1,1" hai="10,12,16,21,24,31,42,45,49,66,67,86,89,92" machi="10" ten="20,8000,1" yaku="0,1,7,1,8,1,52,1,54,1" doraHai="27" who="3" fromWho="3" sc="137,-21,286,-21,290,-41,277,93" /><INIT seed="3,0,0,2,1,128" ten="116,265,249,370" oya="3" hai0="88,46,121,55,65,7,119,125,67,130,132,60,52" hai1="35,98,131,104,56,69,39,26,108,64,51,0,41" hai2="113,105,74,49,135,97,110,61,123,62,124,100,10" hai3="59,75,133,37,86,73,28,15,42,106,1,72,9"/><W95/><G106/><T14/><D119/><U102/><E0/><V118/><F74/><W44/><G1/><T129/><D121/><U33/><E108/><V111/><F113/><W81/><G28/><T114/><D114/><U126/><E131/><N who="0" m="50185" /><D125/><U122/><E122/><V34/><F34/><W94/><G59/><N who="0" m="37023" /><D67/><U70/><E126/><V36/><F36/><W77/><REACH who="3" step="1"/><G133/><REACH who="3" ten="116,265,249,360" step="2"/><T25/><D132/><U96/><E56/><V4/><F135/><W99/><G99/><T112/><D112/><U16/><E98/><V84/><F124/><W109/><G109/><T91/><D25/><U6/><E26/><V32/><F123/><W76/><G76/><T29/><D29/><U53/><E96/><V18/><F111/><W78/><G78/><T115/><D115/><U58/><E58/><V21/><F110/><W57/><G57/><T90/><D46/><U47/><E47/><V103/><F105/><W3/><G3/><T66/><D66/><U63/><E104/><V117/><F117/><W19/><AGARI ba="0,1" hai="9,15,19,37,42,44,72,73,75,77,81,86,94,95" machi="19" ten="30,3000,0" yaku="1,1,0,1,53,0" doraHai="128" doraHaiUra="93" who="3" fromWho="3" sc="116,-10,265,-10,249,-10,360,40" /><INIT seed="3,1,0,3,0,86" ten="106,255,239,400" oya="3" hai0="41,92,65,74,124,130,30,110,12,62,69,24,57" hai1="42,31,22,34,106,23,133,107,44,98,17,8,3" hai2="109,95,77,117,58,15,7,45,11,134,61,4,27" hai3="33,114,120,90,97,104,82,32,40,121,83,63,29"/><W122/><G114/><T37/><D74/><U119/><E133/><V46/><F109/><W39/><G63/><T93/><D110/><U43/><E119/><V100/><F134/><W59/><G59/><T75/><D75/><U72/><E72/><V123/><F77/><W102/><G29/><T131/><D124/><U73/><E73/><V55/><F123/><W52/><G52/><T20/><D12/><U0/><E42/><V18/><F117/><W35/><REACH who="3" step="1"/><G90/><REACH who="3" ten="106,255,239,390" step="2"/><T135/><D135/><U112/><E31/><V70/><F61/><W113/><G113/><T105/><D57/><U1/><E112/><V28/><F55/><W94/><G94/><T88/><D105/><U68/><E107/><V91/><F91/><W81/><G81/><T14/><D92/><U50/><E106/><V26/><F58/><W10/><G10/><T21/><D41/><U101/><E8/><V84/><F11/><W115/><G115/><T2/><D2/><U127/><E1/><V54/><F54/><W128/><G128/><T132/><D132/><U53/><E53/><V16/><F95/><W9/><G9/><T19/><REACH who="0" step="1"/><D37/><REACH who="0" ten="96,255,239,390" step="2"/><U87/><E3/><V25/><F4/><W66/><G66/><T67/><D67/><U51/><E0/><V47/><F7/><W108/><G108/><T125/><D125/><U80/><E127/><V103/><F46/><AGARI ba="1,2" hai="32,33,35,39,40,46,82,83,97,102,104,120,121,122" machi="46" ten="50,2400,0" yaku="1,1,53,0" doraHai="86" doraHaiUra="6" who="3" fromWho="2" sc="96,0,255,0,239,-27,390,47" /><INIT seed="3,2,0,4,1,89" ten="96,255,212,437" oya="3" hai0="54,45,98,125,53,122,132,79,24,134,60,133,29" hai1="135,59,4,5,15,114,47,25,126,34,32,90,117" hai2="67,20,68,57,21,48,43,61,103,108,87,56,116" hai3="13,0,130,31,129,92,18,123,3,112,40,65,105"/><W120/><G105/><T11/><D122/><N who="3" m="46633" /><G92/><T46/><D125/><U52/><E135/><V75/><F116/><W86/><G86/><T72/><D11/><U111/><E111/><V22/><F108/><W100/><G100/><T37/><D98/><U131/><E131/><N who="3" m="50186" /><G65/><T1/><D1/><N who="3" m="585" /><G40/><T82/><D37/><U83/><E126/><V106/><F75/><W2/><G2/><T7/><D7/><U16/><E117/><V17/><F87/><W71/><G71/><T127/><D127/><U74/><E90/><V85/><F85/><W63/><G63/><T94/><D94/><U39/><E83/><V81/><F81/><W93/><G93/><T10/><D10/><U119/><E74/><V8/><F8/><W77/><G77/><T118/><D118/><U35/><E119/><V27/><F103/><W6/><G31/><T84/><D72/><U95/><E95/><V70/><F70/><W115/><G6/><T121/><D121/><U51/><E4/><V14/><F68/><W107/><G107/><T9/><D60/><U128/><E128/><V58/><F106/><W30/><G30/><T55/><REACH who="0" step="1"/><D9/><AGARI ba="2,0" hai="9,13,18,112,115" m="585,50186,46633" machi="9" ten="40,7700,0" yaku="19,1,34,2" doraHai="89" who="3" fromWho="0" sc="96,-83,255,0,212,0,437,83" /><INIT seed="3,3,0,0,2,32" ten="13,255,212,520" oya="3" hai0="110,55,50,90,71,59,52,116,49,11,98,125,118" hai1="69,76,121,105,85,19,27,18,42,46,16,128,66" hai2="114,75,4,5,131,65,123,117,34,74,119,129,84" hai3="112,62,2,25,88,89,96,61,106,77,21,122,17"/><W127/><G122/><T58/><D71/><U30/><E121/><V51/><F123/><W29/><G112/><T104/><D110/><U99/><E128/><N who="2" m="49227" /><F34/><W107/><G77/><T64/><D125/><U130/><E130/><V101/><F101/><W54/><G127/><T120/><D120/><U43/><E43/><V26/><F26/><W97/><G29/><T7/><D64/><U87/><E76/><V94/><F51/><W111/><G25/><T13/><REACH who="0" step="1"/><D90/><REACH who="0" ten="3,255,212,520" step="2"/><U108/><E108/><V126/><F65/><W86/><G89/><T23/><D23/><U67/><E67/><V39/><F126/><W9/><G21/><T8/><D8/><U103/><E66/><V68/><F68/><W14/><G9/><T79/><D79/><U40/><E69/><V132/><F114/><W124/><G88/><T47/><D47/><U113/><E113/><V102/><F119/><W60/><G111/><T45/><D45/><U3/><E46/><V82/><F117/><W134/><G124/><T56/><D56/><U48/><E40/><V6/><F132/><W109/><G134/><T95/><D95/><U78/><E42/><V24/><F94/><W135/><G135/><T63/><D63/><U10/><E78/><V72/><F72/><W15/><G62/><T133/><D133/><U1/><E10/><V80/><F75/><W73/><G73/><T41/><D41/><U70/><E70/><V0/><F74/><W12/><G109/><T100/><AGARI ba="3,1" hai="7,11,13,49,50,52,55,58,59,98,100,104,116,118" machi="100" ten="30,7900,0" yaku="1,1,0,1,9,1,54,1,53,0" doraHai="32" doraHaiUra="31" who="0" fromWho="0" sc="3,98,255,-23,212,-23,520,-42" /><INIT seed="4,0,0,2,0,58" ten="101,232,189,478" oya="0" hai0="18,65,57,79,49,98,45,33,22,107,125,7,112" hai1="43,128,19,38,72,16,80,122,111,31,132,44,64" hai2="75,59,129,3,34,124,116,97,2,35,133,50,9" hai3="12,0,66,1,62,11,123,102,39,130,84,81,8"/><T88/><D112/><U90/><E111/><V117/><F75/><W118/><G118/><T5/><D33/><U28/><E122/><V74/><F74/><W131/><G39/><T40/><D125/><U93/><E128/><N who="3" m="49194" /><G102/><T48/><D79/><U20/><E132/><V99/><F59/><N who="3" m="37215" /><G123/><T61/><D49/><U4/><E4/><V27/><F50/><W53/><G53/><T13/><REACH who="0" step="1"/><D107/><REACH who="0" ten="91,232,189,478" step="2"/><U46/><E38/><V104/><F104/><W85/><G11/><T100/><D100/><U108/><E108/><V67/><F9/><W101/><G101/><T30/><D30/><U120/><E28/><V10/><F10/><W105/><G105/><T76/><D76/><U26/><E120/><V56/><F129/><W78/><G85/><T24/><D24/><U113/><E26/><V37/><F34/><W121/><G121/><T42/><D42/><U126/><E43/><V134/><F35/><W115/><G115/><T94/><AGARI ba="0,1" hai="5,7,13,18,22,40,45,48,57,61,65,88,94,98" machi="94" ten="30,18000,2" yaku="1,1,0,1,8,1,52,1,54,1,53,1" doraHai="58" doraHaiUra="89" who="0" fromWho="0" sc="91,190,232,-60,189,-60,478,-60" /><INIT seed="4,1,0,4,5,12" ten="281,172,129,418" oya="0" hai0="114,3,60,121,83,36,104,111,91,30,129,96,62" hai1="82,80,10,50,90,7,48,98,133,49,69,34,119" hai2="101,5,130,109,126,43,65,113,131,103,86,120,123" hai3="21,8,54,115,124,11,52,68,108,29,38,75,118"/><T97/><D121/><N who="2" m="46666" /><F5/><W58/><G118/><T66/><D3/><U6/><E119/><V105/><F43/><W67/><G115/><T28/><D36/><U117/><E117/><V79/><F65/><W45/><G124/><T99/><D104/><U55/><E133/><V15/><F126/><W88/><G75/><T110/><D114/><U95/><E69/><V85/><F15/><W71/><G108/><N who="0" m="41515" /><D129/><N who="2" m="49162" /><F109/><W122/><G122/><T112/><D112/><U41/><E34/><V81/><F113/><W46/><G38/><T33/><D33/><U134/><E134/><V102/><F105/><W13/><G67/><T23/><D23/><U37/><E37/><V19/><F19/><W2/><G2/><T92/><D28/><U39/><E39/><V17/><F17/><N who="3" m="10415" /><G68/><T94/><D30/><U128/><E128/><V57/><F57/><W56/><G71/><T135/><D62/><U27/><E27/><V87/><AGARI ba="1,0" hai="79,81,85,86,87,101,102,103" m="49162,46666" machi="87" ten="40,5200,0" yaku="19,1,34,2" doraHai="12" who="2" fromWho="2" sc="281,-27,172,-14,129,55,418,-14" /><INIT seed="5,0,0,0,4,103" ten="254,158,184,404" oya="1" hai0="132,38,69,36,24,121,11,89,88,51,25,41,49" hai1="102,68,15,32,95,45,4,124,105,92,75,73,57" hai2="70,97,0,90,37,126,123,128,79,58,99,65,94" hai3="33,119,134,42,61,18,130,55,43,12,71,13,30"/><U27/><E68/><V107/><F37/><W113/><G119/><T52/><D69/><U28/><E124/><V35/><F0/><W110/><G55/><T19/><D132/><U116/><E116/><V10/><F123/><W133/><G61/><T117/><D117/><U115/><E115/><V81/><F35/><W50/><G50/><T20/><D121/><U21/><E57/><V39/><F10/><W85/><G85/><T14/><D38/><U101/><E101/><V9/><F9/><W80/><G80/><T108/><D36/><U87/><E45/><V77/><F39/><W46/><G18/><N who="0" m="8543" /><D108/><U40/><E40/><V129/><F58/><W53/><G46/><N who="0" m="25807" /><D24/><U109/><E109/><V84/><F65/><W66/><G66/><T63/><D63/><U96/><E4/><V34/><F34/><W23/><G33/><T86/><D86/><U120/><E120/><V114/><F114/><W48/><G113/><T26/><D26/><U44/><E44/><AGARI ba="0,0" hai="19,20,25,44,51,52,88,89" m="25807,8543" machi="44" ten="30,3900,0" yaku="8,1,54,2" doraHai="103" who="0" fromWho="1" sc="254,39,158,-39,184,0,404,0" /><INIT seed="6,0,0,3,5,49" ten="293,119,184,404" oya="2" hai0="7,20,37,45,13,102,61,34,35,39,97,130,8" hai1="23,64,59,24,89,48,68,78,55,76,63,53,18" hai2="62,123,29,72,109,4,77,82,85,93,25,2,80" hai3="65,50,101,69,22,16,57,120,125,54,84,58,105"/><V90/><F123/><W27/><G69/><T92/><D130/><U96/><E89/><V98/><F109/><W15/><G120/><T70/><D20/><U33/><E33/><V91/><F4/><W108/><G108/><T86/><D86/><U66/><E96/><V42/><F42/><W99/><G125/><T67/><D39/><U127/><E127/><V119/><F119/><W10/><G84/><T75/><D75/><U1/><E1/><V9/><F9/><W44/><G65/><T47/><D45/><U132/><E132/><V12/><F12/><W118/><G118/><T94/><D92/><U71/><E71/><V5/><F5/><AGARI ba="0,0" hai="5,10,15,16,22,27,44,50,54,57,58,99,101,105" machi="5" ten="30,3900,0" yaku="7,1,52,1,54,1" doraHai="49" who="3" fromWho="2" sc="293,0,119,0,184,-39,404,39" /><INIT seed="7,0,0,5,5,116" ten="293,119,145,443" oya="3" hai0="109,0,32,93,22,9,130,119,29,59,115,24,135" hai1="112,27,95,104,91,49,123,114,41,89,65,134,72" hai2="106,57,105,58,68,64,34,25,78,71,126,33,76" hai3="43,81,35,83,20,67,128,16,73,56,19,8,120"/><W15/><G35/><N who="2" m="13321" /><F64/><W117/><G117/><T118/><D59/><N who="2" m="22538" /><F25/><W77/><G67/><T133/><D93/><U61/><E104/><N who="2" m="40043" /><F126/><W86/><G56/><T46/><D46/><N who="1" m="25807" /><E72/><V97/><F97/><W102/><G73/><T98/><D98/><N who="1" m="57711" /><E91/><V28/><F28/><W38/><G19/><T127/><D127/><U45/><E27/><V30/><F30/><W4/><G16/><T44/><D44/><U17/><E17/><V110/><F110/><W3/><G83/><T42/><D42/><U23/><E23/><V62/><F62/><W1/><G20/><T69/><D109/><U31/><E31/><V125/><F125/><W121/><G81/><T80/><D80/><U2/><E45/><V11/><F11/><W47/><G8/><T75/><D75/><U51/><E51/><V90/><F90/><W53/><G47/><T39/><D22/><U74/><E74/><V103/><F103/><W100/><G102/><T54/><D9/><U87/><E87/><V70/><AGARI ba="0,0" hai="68,70,71,76,78" m="40043,22538,13321" machi="70" ten="40,8000,1" yaku="28,2,26,2" doraHai="116" who="2" fromWho="2" sc="293,-20,119,-20,145,80,443,-40" owari="273,7.0,99,-40.0,225,-17.0,403,50.0" /></mjloggm>