<mjloggm ver="2.3"><GO type="225" lobby="0"/><UN n0="%74%61%6B%75%61%6B%61" n1="%E3%82%A6%E3%83%AB%E3%83%88%E3%83%A9%E7%AB%8B%E7%9B%B4" n2="%E6%A9%8B%E6%9C%AC%E5%8D%83%E5%85%89%E5%B9%B4" n3="%E3%82%AB%E3%83%A9%E3%82%B9%E3%81%AE%E5%AD%90" dan="16,17,17,17" rate="2185.84,2178.84,2124.46,2158.94" sx="M,M,M,M"/><TAIKYOKU oya="0"/><INIT seed="0,0,0,3,1,101" ten="250,250,250,250" oya="0" hai0="82,93,80,8,109,27,30,95,67,105,11,102,79" hai1="20,64,42,120,53,36,22,63,122,29,2,106,92" hai2="134,117,5,115,98,26,65,52,16,28,49,34,128" hai3="57,6,81,125,7,127,18,103,129,59,50,113,55"/><T90/><D109/><U0/><E92/><V131/><F115/><W4/><G113/><T126/><D67/><U45/><E20/><N who="2" m="13575" /><F134/><W72/><G129/><N who="2" m="49737" /><F117/><W66/><G103/><T15/><D95/><U124/><E22/><V35/><F28/><W112/><G112/><T110/><D126/><N who="3" m="48137" /><G18/><T76/><D110/><U33/><E53/><V13/><F65/><W41/><G41/><T38/><D38/><U111/><E111/><V14/><F98/><W121/><G121/><T23/><D79/><U75/><E75/><V46/><F5/><W17/><G17/><T135/><D76/><U116/><E116/><V10/><F10/><W39/><G39/><T3/><D8/><U19/><E19/><V132/><F132/><W61/><G81/><T130/><D80/><U71/><E124/><V88/><F88/><W44/><G72/><T73/><D82/><U107/><E122/><V99/><F99/><W91/><G91/><T97/><D73/><U9/><E120/><V56/><F46/><AGARI ba="0,0" hai="4,6,7,44,46,50,55,57,59,61,66" m="48137" machi="46" ten="30,1000,0" yaku="18,1" doraHai="101" who="3" fromWho="2" sc="250,0,250,0,250,-10,250,10" /><INIT seed="1,0,0,0,2,33" ten="250,250,240,260" oya="1" hai0="85,121,20,129,62,97,54,44,107,43,101,61,76" hai1="133,111,37,15,24,102,18,114,32,88,99,48,1" hai2="78,86,92,82,112,13,7,63,5,51,52,56,16" hai3="109,38,98,90,95,41,4,115,96,106,58,93,108"/><U26/><E37/><V29/><F112/><W131/><G38/><T132/><D129/><U6/><E114/><V0/><F0/><W10/><G41/><T122/><D132/><U71/><E71/><V9/><F29/><W75/><G115/><T64/><D54/><U113/><E113/><V100/><REACH who="2" step="1"/><F51/><REACH who="2" ten="250,250,230,260" step="2"/><W81/><G131/><T53/><D122/><U73/><E1/><V110/><F110/><W28/><G28/><T3/><D3/><U31/><E31/><V22/><F22/><W124/><G109/><T72/><D20/><U65/><E111/><V118/><F118/><W42/><G108/><T46/><D121/><U8/><E32/><V66/><F66/><W17/><G10/><T77/><D64/><U79/><E65/><V117/><F117/><W103/><G124/><T50/><D62/><U11/><E48/><V74/><F74/><W119/><G75/><T49/><D72/><U104/><E133/><V47/><F47/><W68/><G119/><T35/><D35/><U89/><E11/><V135/><F135/><W59/><G68/><T87/><D61/><U12/><E73/><V125/><F125/><W21/><G21/><T67/><D67/><U69/><E69/><V91/><F91/><W25/><G90/><N who="1" m="34922" /><E79/><V80/><F80/><W127/><G81/><N who="0" m="47271" /><D77/><U105/><E105/><V134/><F134/><W126/><G106/><T19/><D87/><U55/><E104/><V57/><F57/><W130/><G59/><T60/><D60/><U23/><E102/><V120/><F120/><W14/><G127/><T39/><D39/><U128/><E23/><RYUUKYOKU ba="0,1" sc="250,15,250,-15,230,15,260,-15" hai0="19,43,44,46,49,50,53,97,101,107" hai2="5,7,9,13,16,52,56,63,78,82,86,92,100" /><INIT seed="2,1,1,2,2,16" ten="265,235,245,245" oya="2" hai0="50,117,35,49,75,17,13,28,19,125,133,39,63" hai1="134,42,78,105,23,11,100,110,73,6,52,93,127" hai2="84,66,87,101,15,65,22,88,57,108,124,12,5" hai3="129,95,98,60,54,4,72,59,44,51,3,1,83"/><V92/><F124/><W34/><G34/><T10/><D39/><U41/><E105/><V135/><F135/><W70/><G129/><T96/><D75/><U115/><E115/><V2/><F2/><W90/><G4/><T45/><D125/><U71/><E71/><V38/><F38/><W40/><G72/><T9/><D35/><U46/><E127/><V37/><F37/><N who="3" m="21519" /><G83/><T119/><D28/><U102/><E110/><V58/><F108/><W29/><G29/><T76/><D76/><U20/><E78/><V67/><F101/><N who="1" m="39017" /><E93/><V112/><F112/><W89/><G90/><T33/><D96/><U109/><E73/><V27/><F87/><W103/><G89/><T14/><D33/><U56/><E134/><V104/><F104/><W7/><G7/><T69/><D133/><U26/><E109/><V21/><F5/><W122/><G122/><T131/><D131/><U81/><E81/><V116/><F116/><N who="0" m="44618" /><D45/><U79/><E79/><V99/><F99/><W106/><G106/><T80/><D80/><U114/><E46/><V61/><F61/><W113/><G113/><T30/><D30/><N who="1" m="17735" /><E114/><V126/><F126/><W97/><G97/><T32/><D32/><U24/><E6/><V123/><F123/><W48/><G48/><T82/><D82/><U94/><E94/><V36/><F36/><W118/><G118/><T25/><D25/><U107/><E107/><V62/><F27/><W47/><G47/><T43/><D50/><N who="1" m="30743" /><E11/><V64/><F58/><W128/><G128/><T31/><D10/><U74/><E74/><V8/><F8/><W18/><G18/><AGARI ba="1,1" hai="18,23,24,41,42" m="30743,17735,39017" machi="18" ten="30,8000,1" yaku="6,1,8,1,52,2,54,1" doraHai="16" who="1" fromWho="3" sc="265,0,235,93,245,0,245,-83" /><INIT seed="3,0,0,1,2,113" ten="265,328,245,162" oya="3" hai0="92,60,93,121,104,123,86,40,25,58,135,13,39" hai1="134,17,124,14,23,5,36,80,72,48,8,105,90" hai2="51,99,85,96,81,114,11,119,53,41,84,28,63" hai3="38,57,109,65,42,117,75,18,98,29,9,31,45"/><W102/><G75/><T50/><D104/><U43/><E105/><V132/><F119/><W116/><G109/><T15/><D39/><U130/><E130/><V70/><F114/><W89/><G89/><T10/><D135/><U133/><E48/><V125/><F132/><W91/><G91/><N who="0" m="53367" /><D123/><U108/><E90/><V46/><F125/><W71/><G71/><T20/><D93/><U52/><E52/><V87/><F28/><W56/><G31/><N who="0" m="17831" /><D121/><U2/><E124/><V100/><F11/><W115/><G29/><T4/><D13/><U78/><E108/><V55/><F81/><W101/><G115/><T7/><D40/><U103/><E103/><V122/><F122/><W0/><G102/><T95/><D95/><U1/><E1/><V64/><F100/><W34/><G34/><T127/><D127/><U83/><E83/><V76/><F76/><W74/><G74/><T6/><D50/><U118/><E118/><V21/><F21/><W69/><G69/><T66/><AGARI ba="0,0" hai="4,6,7,10,15,58,60,66" m="17831,53367" machi="66" ten="30,1100,0" yaku="8,1" doraHai="113" who="0" fromWho="0" sc="265,11,328,-3,245,-3,162,-5" owari="276,8.0,325,42.0,242,-16.0,157,-34.0" /></mjloggm>