<mjloggm ver="2.3"><GO type="169" lobby="0"/><UN n0="%E3%81%8D%E3%81%8F%E3%81%A6%E3%81%83%E3%81%99%E2%98%86" n1="%E3%81%AA%E3%82%93%E3%81%A7%E3%82%82%E3%83%8A%E3%83%BC%E3%83%9F%E3%83%B3" n2="%67%6F%73%68%69%6B%6B%75" n3="%E3%83%88%E3%83%88%E3%83%AA%E5%85%88%E7%94%9F%31%39%E6%AD%B3" dan="16,17,17,18" rate="2103.71,2188.37,2193.39,2202.80" sx="M,M,F,F"/><TAIKYOKU oya="0"/><INIT seed="0,0,0,3,3,114" ten="250,250,250,250" oya="0" hai0="37,9,75,96,26,21,124,43,58,63,42,33,104" hai1="113,64,41,15,88,78,89,45,120,73,30,95,49" hai2="90,31,60,67,36,134,106,102,108,68,112,125,133" hai3="103,46,6,17,109,16,101,11,98,126,80,51,128"/><T127/><D75/><U53/><E120/><V22/><F108/><W123/><G109/><T56/><D33/><U135/><E113/><V50/><F112/><W105/><G123/><T25/><D37/><U94/><E135/><N who="2" m="51723" /><F36/><W12/><G128/><T81/><D81/><U117/><E117/><V87/><F50/><W5/><G126/><N who="0" m="48171" /><D26/><U82/><E64/><V99/><F125/><W44/><G44/><T14/><D104/><U119/><E119/><V2/><F2/><W23/><G101/><T70/><D70/><U110/><E110/><V97/><F99/><W107/><G80/><T129/><D96/><U122/><E122/><V71/><F71/><W77/><G77/><T4/><D129/><U32/><E32/><V40/><F40/><N who="0" m="15402" /><D63/><U100/><E30/><AGARI ba="0,0" hai="4,9,14,21,25,30,56,58" m="15402,48171" machi="30" ten="30,1500,0" yaku="18,1" doraHai="114" who="0" fromWho="1" sc="250,15,250,-15,250,0,250,0" /><INIT seed="0,1,0,0,5,132" ten="265,235,250,250" oya="0" hai0="19,74,20,106,47,91,125,61,30,95,21,8,120" hai1="83,0,77,107,124,44,76,63,112,12,109,89,53" hai2="9,32,56,60,29,11,18,23,97,117,128,28,7" hai3="68,121,48,127,36,2,133,25,115,93,88,34,104"/><T50/><D120/><U98/><E0/><V39/><F39/><W87/><RYUUKYOKU type="yao9" ba="1,0" sc="265,0,235,0,250,0,250,0" hai3="2,25,34,36,48,68,87,88,93,104,115,121,127,133" /><INIT seed="0,2,0,0,0,42" ten="265,235,250,250" oya="0" hai0="87,43,112,73,128,1,100,46,89,4,32,84,14" hai1="50,37,5,108,122,35,105,98,68,101,30,16,125" hai2="91,123,129,127,121,120,31,79,110,3,33,66,11" hai3="60,99,69,67,102,135,54,61,63,59,45,86,131"/><T58/><D112/><U130/><E37/><V56/><F110/><W133/><G86/><T24/><D73/><U36/><E36/><V75/><F127/><W74/><G74/><T124/><D1/><U113/><E108/><V65/><F129/><W6/><G6/><T93/><D124/><U118/><E130/><V25/><F91/><W81/><G81/><T52/><D128/><U29/><E125/><V64/><F79/><W10/><G10/><T44/><D43/><U47/><E113/><V132/><F132/><N who="3" m="50763" /><G131/><T15/><D32/><U20/><E122/><V117/><F117/><W7/><G7/><T80/><D100/><U85/><E68/><V77/><F77/><W71/><G99/><T2/><D24/><U34/><E5/><V28/><F28/><W82/><G82/><T116/><D116/><U21/><E21/><V53/><F75/><W17/><G17/><T27/><D27/><U114/><E114/><V134/><F134/><W8/><G8/><N who="0" m="4359" /><D15/><U126/><E126/><V48/><F11/><W83/><G83/><T19/><D19/><U111/><E111/><V106/><F106/><W41/><G102/><T62/><D2/><U13/><E118/><V70/><REACH who="2" step="1"/><F3/><REACH who="2" ten="265,235,240,250" step="2"/><W0/><G0/><T78/><AGARI ba="2,1" hai="44,46,52,58,62,78,80,84,87,89,93" m="4359" machi="78" ten="30,11700,0" yaku="8,1,52,2,54,1" doraHai="42" who="0" fromWho="0" sc="265,133,235,-41,240,-41,250,-41" /><INIT seed="0,3,0,3,2,93" ten="398,194,199,209" oya="0" hai0="132,20,104,126,82,111,75,67,69,63,11,2,128" hai1="32,135,45,95,56,37,21,91,85,70,109,115,90" hai2="16,103,18,8,88,73,65,77,107,99,64,48,36" hai3="24,74,130,120,76,26,60,58,12,97,98,0,27"/><T41/><D126/><U62/><E109/><V94/><F36/><W3/><G130/><T9/><D128/><U72/><E135/><V35/><F35/><W14/><G120/><T79/><D132/><U38/><E32/><V133/><F133/><W29/><G29/><T110/><D104/><U112/><E70/><V114/><F114/><N who="1" m="43561" /><E72/><V43/><F43/><W124/><G124/><T125/><D125/><U80/><E21/><V53/><F77/><W127/><G127/><T42/><D20/><U96/><E45/><V22/><F73/><W87/><G74/><T92/><D92/><U101/><E91/><V50/><F50/><W122/><G122/><T44/><D42/><U78/><E78/><V123/><F123/><W54/><G0/><T51/><REACH who="0" step="1"/><D2/><REACH who="0" ten="388,194,199,209" step="2"/><U131/><E131/><V33/><F33/><W105/><G3/><T121/><D121/><U108/><E108/><AGARI ba="3,1" hai="9,11,41,44,51,63,67,69,75,79,82,108,110,111" machi="108" ten="40,7700,0" yaku="1,1,14,1,10,1,53,0" doraHai="93" doraHaiUra="17" who="0" fromWho="1" sc="388,96,194,-86,199,0,209,0" /><INIT seed="0,4,0,2,5,78" ten="484,108,199,209" oya="0" hai0="74,129,86,24,132,27,52,95,66,39,107,12,19" hai1="26,17,50,36,87,79,102,121,29,80,44,38,1" hai2="45,37,99,23,133,131,84,83,96,109,40,11,60" hai3="101,123,135,65,42,2,70,122,127,9,81,94,61"/><T71/><D107/><U33/><E121/><N who="3" m="46090" /><G135/><T76/><D132/><U21/><E102/><V111/><F131/><W88/><G127/><T75/><D129/><U69/><E69/><V93/><F23/><W22/><G42/><T13/><D39/><U108/><E1/><V113/><F113/><W134/><G134/><T92/><D71/><U51/><E108/><N who="2" m="41547" /><F133/><W105/><G105/><T73/><D66/><U62/><E62/><V112/><F112/><W30/><G30/><T130/><D130/><U106/><E106/><V103/><F96/><N who="3" m="59543" /><G22/><T31/><D31/><U82/><E82/><V119/><F60/><W15/><G2/><T34/><D34/><U115/><E51/><V90/><F11/><W49/><G49/><T89/><D19/><U91/><E79/><V48/><F119/><W110/><G110/><T8/><D76/><U126/><E126/><V56/><F56/><W43/><G43/><T128/><D128/><U14/><REACH who="1" step="1"/><E115/><REACH who="1" ten="484,98,199,209" step="2"/><V63/><F63/><W125/><G125/><T57/><D95/><U97/><E97/><V53/><F37/><W117/><G61/><T4/><D92/><U77/><E77/><V54/><AGARI ba="4,1" hai="40,45,48,53,54,83,84,90,93,99,103" m="41547" machi="54" ten="30,2000,0" yaku="14,1,52,1" doraHai="78" who="2" fromWho="2" sc="484,-14,98,-9,199,42,209,-9" /><INIT seed="1,0,0,3,0,16" ten="470,89,241,200" oya="1" hai0="49,34,95,33,91,117,118,122,43,87,0,77,66" hai1="61,106,69,44,42,11,134,72,107,68,97,85,129" hai2="124,57,52,93,110,2,51,56,84,65,59,30,89" hai3="81,7,103,70,26,17,113,25,46,9,101,109,32"/><U58/><E72/><V98/><F110/><W104/><G113/><T28/><D0/><U63/><E134/><V75/><F124/><W130/><G70/><T40/><D122/><U47/><E129/><V62/><F2/><W20/><G109/><T111/><D111/><U37/><E85/><V126/><F126/><W78/><G130/><T13/><D66/><U121/><E121/><V22/><F75/><W125/><G125/><T94/><D77/><U131/><E131/><V127/><F127/><W36/><G104/><T120/><D120/><U132/><E132/><V102/><F59/><W19/><G46/><T90/><D13/><U10/><E97/><V29/><REACH who="2" step="1"/><F22/><REACH who="2" ten="470,89,231,200" step="2"/><W119/><G20/><T73/><D73/><U27/><E58/><V14/><F14/><W23/><G23/><T8/><D33/><U76/><E27/><V15/><F15/><W50/><G32/><T1/><D34/><U128/><E128/><V80/><AGARI ba="0,1" hai="29,30,51,52,56,57,62,65,80,84,89,93,98,102" machi="80" ten="20,8000,1" yaku="1,1,0,1,7,1,8,1,54,1,53,0" doraHai="16" doraHaiUra="39" who="2" fromWho="2" sc="470,-20,89,-40,231,90,200,-20" /><INIT seed="2,0,0,1,0,12" ten="450,49,321,180" oya="2" hai0="106,60,53,119,93,71,120,8,74,3,6,44,28" hai1="90,35,133,47,19,66,20,89,59,46,92,84,25" hai2="70,14,103,99,26,113,72,114,134,48,121,18,127" hai3="82,135,50,56,55,112,65,49,9,86,105,32,62"/><V124/><F70/><W83/><G32/><T97/><D120/><U107/><E107/><V125/><F72/><W91/><G105/><T116/><D74/><U69/><E69/><V118/><F121/><W34/><G34/><T61/><D106/><U13/><E133/><V2/><F2/><W129/><G135/><T22/><D71/><U29/><E66/><V126/><F134/><W87/><G129/><T27/><D44/><U36/><E36/><V42/><F26/><W128/><G128/><T17/><D28/><U67/><E67/><V122/><F118/><N who="0" m="45098" /><D53/><U63/><REACH who="1" step="1"/><E90/><AGARI ba="0,0" hai="3,6,8,17,22,27,60,61,90,93,97" m="45098" machi="90" ten="30,2000,0" yaku="12,1,52,1" doraHai="12" who="0" fromWho="1" sc="450,20,49,-20,321,0,180,0" /><INIT seed="3,0,0,1,4,87" ten="470,29,321,180" oya="3" hai0="115,128,36,102,21,23,35,16,27,108,40,70,78" hai1="94,100,54,93,72,127,26,32,47,24,65,112,58" hai2="99,107,68,82,118,60,134,51,29,71,57,13,33" hai3="61,105,18,81,19,90,125,2,14,75,9,12,129"/><W121/><G121/><T44/><D70/><U31/><E72/><V62/><F118/><W7/><G105/><T135/><D35/><U109/><E109/><V39/><F39/><W42/><G129/><T132/><D108/><U113/><E127/><V1/><F1/><W98/><G125/><T120/><D120/><U106/><E106/><V52/><F134/><N who="0" m="51242" /><D128/><U3/><E3/><V88/><F71/><W5/><G2/><T66/><D66/><U123/><E123/><V96/><F29/><W11/><G42/><T15/><D115/><N who="1" m="44107" /><E100/><V4/><F33/><W79/><REACH who="3" step="1"/><G61/><REACH who="3" ten="470,29,321,170" step="2"/><T124/><D124/><U53/><E26/><V97/><F107/><W101/><G101/><T86/><D102/><U22/><E32/><V28/><F62/><W103/><G103/><T67/><D27/><U63/><E53/><V76/><F60/><W37/><G37/><T34/><D36/><U48/><E65/><V74/><F52/><W130/><G130/><T20/><D67/><U91/><E63/><V122/><F122/><W38/><G38/><T111/><D111/><U17/><E24/><V95/><F51/><W6/><G6/><T0/><D0/><U85/><E48/><V8/><F4/><W69/><G69/><T117/><D40/><U73/><E54/><V43/><F68/><W50/><G50/><T64/><D64/><U92/><E58/><V84/><F43/><W83/><G83/><T49/><D49/><U89/><E47/><V25/><F57/><W116/><G116/><T80/><D117/><U41/><E41/><V119/><F119/><W46/><G46/><RYUUKYOKU ba="0,1" sc="470,-10,29,-10,321,-10,170,30" hai3="5,7,9,11,12,14,18,19,75,79,81,90,98" /><INIT seed="3,1,1,4,3,78" ten="460,19,311,200" oya="3" hai0="80,7,121,48,77,66,56,86,52,89,122,40,38" hai1="31,111,63,104,21,44,109,20,34,1,17,42,95" hai2="23,108,57,96,120,123,28,99,93,130,72,19,67" hai3="27,113,37,90,127,83,45,115,11,116,71,91,110"/><W10/><G116/><T81/><D7/><U3/><E104/><V5/><F108/><W59/><G71/><T133/><D133/><U102/><E34/><V68/><F68/><W119/><G119/><T125/><D125/><U53/><E111/><V26/><F130/><W62/><G110/><T18/><D66/><U94/><E31/><V14/><F72/><W0/><G127/><T73/><REACH who="0" step="1"/><D18/><REACH who="0" ten="450,19,311,200" step="2"/><U129/><E109/><V8/><F5/><W32/><G0/><T114/><D114/><U6/><E6/><V74/><F19/><W128/><G113/><T4/><D4/><U51/><E1/><V49/><F123/><W2/><G115/><T100/><D100/><U43/><E3/><V46/><F120/><W69/><G2/><T25/><D25/><U118/><E118/><V22/><F26/><W24/><G24/><T75/><D75/><U131/><E131/><V55/><F74/><W106/><G128/><T70/><D70/><U92/><E129/><V101/><F67/><W58/><G27/><T132/><D132/><U54/><E102/><V107/><F101/><W105/><G69/><T60/><D60/><U117/><E117/><V35/><F28/><W13/><G62/><T15/><D15/><N who="1" m="9279" /><E21/><V82/><F23/><W12/><G32/><T9/><D9/><U97/><E97/><V29/><F22/><W126/><G126/><T30/><D30/><U84/><E84/><V87/><F29/><W88/><G10/><T135/><D135/><U134/><E134/><V33/><F35/><W39/><G11/><T85/><D85/><U79/><E63/><RYUUKYOKU ba="1,2" sc="450,30,19,-10,311,-10,200,-10" hai0="38,40,48,52,56,73,77,80,81,86,89,121,122" /><INIT seed="4,2,2,4,2,68" ten="480,9,301,190" oya="0" hai0="134,106,76,28,124,16,94,111,6,129,24,55,110" hai1="112,73,43,10,71,118,14,38,81,102,119,101,47" hai2="128,3,86,21,34,53,133,13,107,9,115,93,20" hai3="121,54,72,80,82,15,79,1,90,85,18,96,42"/><T74/><D106/><U22/><E71/><V125/><F34/><W87/><G1/><T117/><D117/><U31/><E119/><V58/><F115/><W23/><G121/><T103/><D129/><U116/><E118/><V78/><F125/><W50/><G72/><T98/><D124/><U52/><E116/><V7/><F133/><W61/><G96/><T88/><D134/><U44/><E112/><V84/><F107/><W4/><G4/><T49/><D6/><U56/><E47/><V26/><F3/><W45/><REACH who="3" step="1"/><G61/><REACH who="3" ten="480,9,301,180" step="2"/><T77/><D74/><U65/><E65/><V25/><F7/><W105/><G105/><T19/><D111/><U99/><E99/><V91/><F128/><W120/><G120/><T75/><D110/><U66/><E66/><V5/><F5/><W113/><G113/><T64/><D75/><U2/><E2/><V59/><F86/><W97/><G97/><T41/><D64/><U131/><E131/><V35/><F84/><W51/><G51/><T92/><D49/><N who="1" m="30735" /><E73/><V70/><F70/><W69/><G69/><T48/><D98/><U108/><E108/><V122/><F122/><W104/><G104/><T89/><D103/><N who="1" m="39435" /><E81/><V39/><F59/><W127/><G127/><T67/><D67/><U12/><E10/><V95/><F58/><W32/><G32/><T37/><D48/><U40/><E40/><AGARI ba="2,3" hai="15,18,23,40,42,45,50,54,79,80,82,85,87,90" machi="40" ten="40,5200,0" yaku="1,1,8,1,53,1" doraHai="68" doraHaiUra="8" who="3" fromWho="1" sc="480,0,9,-58,301,0,180,88" owari="480,58.0,-49,-55.0,301,10.0,268,-13.0" /></mjloggm>