<mjloggm ver="2.3"><GO type="169" lobby="0"/><UN n0="%E3%83%95%E3%82%A7%E3%83%AB%E3%83%8A%E3%83%B3%E3%83%89" n1="%E5%B0%B1%E6%B4%BB%E7%94%9F%40%E5%B7%9D%E6%9D%91%E8%BB%8D%E5%9B%A3" n2="%E6%96%87%E5%9B%9B%E9%83%8E" n3="%4E%49%73%73" dan="16,17,16,16" rate="2151.93,2208.73,2111.95,2086.30" sx="M,M,M,M"/><TAIKYOKU oya="0"/><INIT seed="0,0,0,1,2,100" ten="250,250,250,250" oya="0" hai0="45,117,109,68,55,2,98,125,82,102,106,13,9" hai1="30,42,128,20,115,107,114,57,19,56,50,46,48" hai2="119,86,116,24,40,78,93,59,67,54,108,10,53" hai3="120,66,62,130,27,91,63,99,113,38,3,31,7"/><T112/><D112/><N who="1" m="43051" /><E30/><V5/><F40/><W18/><G113/><T14/><D117/><N who="2" m="45130" /><F108/><W129/><G38/><T34/><D2/><U17/><E128/><V23/><F67/><W49/><G120/><T12/><D68/><U127/><E127/><V73/><F73/><W84/><G49/><N who="1" m="19050" /><E19/><N who="2" m="12415" /><F59/><W97/><G18/><T6/><D125/><U36/><E107/><V22/><F22/><W79/><G7/><T95/><D109/><U43/><E42/><V4/><F4/><W16/><G3/><T32/><D106/><U65/><E65/><V81/><F93/><W26/><G79/><T25/><D95/><U110/><E110/><V47/><F47/><W39/><G39/><T74/><D45/><U134/><E134/><V52/><F54/><W131/><G66/><T126/><D55/><U121/><E121/><V60/><F60/><W1/><G1/><AGARI ba="0,0" hai="1,5,10,52,53,78,81,86" m="12415,45130" machi="1" ten="30,2000,0" yaku="12,1,54,1" doraHai="100" who="2" fromWho="3" sc="250,0,250,0,250,20,250,-20" /><INIT seed="1,0,0,1,1,2" ten="250,250,270,230" oya="1" hai0="99,121,50,133,69,97,31,96,19,72,102,15,52" hai1="127,130,116,26,33,93,65,77,22,10,135,13,59" hai2="67,101,131,82,66,84,21,11,80,105,100,48,112" hai3="16,24,14,94,78,1,6,58,132,25,122,39,126"/><U68/><E68/><V12/><F131/><W85/><G122/><T29/><D121/><U75/><E33/><V61/><F112/><W41/><G126/><T73/><D69/><U95/><E127/><V111/><F111/><W107/><G107/><T56/><D133/><U36/><E36/><V92/><F105/><W44/><G132/><T53/><D102/><N who="2" m="39530" /><F21/><W49/><G1/><T23/><REACH who="0" step="1"/><D53/><REACH who="0" ten="240,250,270,230" step="2"/><U57/><E135/><V32/><F67/><W118/><G118/><T42/><D42/><U134/><E116/><V109/><F109/><W128/><G128/><T74/><AGARI ba="0,1" hai="15,19,23,29,31,50,52,56,72,73,74,96,97,99" machi="74" ten="40,8000,1" yaku="1,1,0,1,54,1,53,1" doraHai="2" doraHaiUra="46" who="0" fromWho="0" sc="240,90,250,-40,270,-20,230,-20" /><INIT seed="2,0,0,2,0,101" ten="330,210,250,210" oya="2" hai0="80,44,109,135,76,87,92,53,120,6,36,59,123" hai1="81,66,79,124,132,119,10,84,15,2,126,117,103" hai2="9,116,22,20,29,34,125,14,40,55,4,134,24" hai3="114,37,73,130,51,61,100,25,99,107,11,12,26"/><V23/><F40/><W118/><G118/><N who="1" m="45066" /><E2/><V52/><F116/><W65/><G37/><T102/><D109/><U88/><E66/><V110/><F134/><W50/><G130/><T90/><D135/><U1/><E1/><V121/><F121/><W131/><G131/><T70/><D70/><U122/><E132/><V128/><F128/><W104/><G73/><T83/><D6/><U32/><E32/><V38/><F38/><W67/><G114/><T49/><D102/><U91/><E15/><V0/><F110/><W39/><G39/><T56/><D83/><U31/><E31/><V98/><F98/><W45/><G104/><T71/><D71/><U64/><E10/><V96/><F96/><W129/><G129/><T13/><D13/><U7/><E7/><V21/><F125/><N who="1" m="48233" /><E64/><V16/><AGARI ba="0,0" hai="0,4,9,14,16,20,21,22,23,24,29,34,52,55" machi="16" ten="30,12000,1" yaku="0,1,24,2,54,2" doraHai="101" who="2" fromWho="2" sc="330,-40,210,-40,250,120,210,-40" /><INIT seed="2,1,0,4,1,33" ten="290,170,370,170" oya="2" hai0="85,82,98,108,11,129,32,97,92,111,35,51,80" hai1="131,64,114,48,107,27,26,3,76,117,86,49,15" hai2="31,0,119,125,113,73,50,47,12,81,68,25,9" hai3="36,77,102,105,44,122,115,100,94,37,13,116,121"/><V40/><F113/><W66/><G116/><T67/><D129/><U109/><E107/><V123/><F119/><W1/><G115/><T69/><D69/><U46/><E3/><V79/><F123/><W130/><G130/><T93/><D51/><U45/><E109/><V18/><F68/><W59/><G77/><T110/><D11/><U16/><E64/><V55/><F125/><W132/><G132/><T62/><D67/><U112/><E131/><V133/><F133/><W91/><G105/><T30/><D62/><U4/><E4/><V43/><REACH who="2" step="1"/><F0/><REACH who="2" ten="290,170,360,170" step="2"/><W5/><G121/><T128/><D128/><U127/><E117/><V99/><F99/><W87/><G122/><T75/><D111/><U88/><E127/><V22/><AGARI ba="1,1" hai="9,12,18,22,25,31,40,43,47,50,55,73,79,81" machi="22" ten="20,3900,0" yaku="1,1,0,1,7,1,53,0" doraHai="33" doraHaiUra="101" who="2" fromWho="2" sc="290,-14,170,-14,360,52,170,-14" /><INIT seed="2,2,0,0,0,51" ten="276,156,412,156" oya="2" hai0="2,37,59,71,95,26,70,0,14,89,18,118,39" hai1="78,128,13,73,76,58,133,82,112,17,52,41,94" hai2="33,44,92,105,61,104,32,45,87,97,72,126,75" hai3="65,12,77,55,42,69,62,102,98,96,109,86,28"/><V88/><F126/><W60/><G109/><T6/><D118/><U117/><E112/><V123/><F123/><W9/><G28/><T67/><D71/><U35/><E117/><V103/><F105/><W80/><G42/><T68/><D68/><U34/><E133/><V4/><F4/><W107/><G98/><T21/><D70/><U131/><E41/><V54/><F45/><W124/><G124/><T22/><D2/><U90/><E78/><V23/><F23/><W79/><G60/><T30/><D0/><U121/><E121/><V3/><F3/><W36/><G36/><T115/><D6/><U29/><E29/><V43/><F32/><W40/><G40/><T110/><D110/><U20/><E35/><V83/><F33/><W56/><G69/><T31/><D31/><U93/><E34/><V25/><F25/><W85/><G77/><T57/><D115/><U116/><E116/><V108/><F108/><W120/><G120/><T16/><D30/><U49/><REACH who="1" step="1"/><E94/><REACH who="1" ten="276,146,412,156" step="2"/><V135/><F135/><W125/><G125/><T84/><REACH who="0" step="1"/><D67/><REACH who="0" ten="266,146,412,156" step="2"/><U81/><E81/><V63/><F83/><W114/><G114/><T46/><D46/><U127/><E127/><V130/><F44/><W7/><REACH who="3" step="1"/><G65/><REACH who="3" ten="266,146,412,146" step="2"/><T1/><D1/><U111/><E111/><V27/><F43/><W8/><G8/><T99/><D99/><AGARI ba="2,3" hai="13,17,20,49,52,58,73,76,82,90,93,99,128,131" machi="99" ten="40,8000,1" yaku="1,1,52,1,54,1,53,1" doraHai="51" doraHaiUra="47" who="1" fromWho="0" sc="266,-86,146,116,412,0,146,0" /><INIT seed="3,0,0,3,0,104" ten="180,262,412,146" oya="3" hai0="11,124,4,125,85,116,31,17,130,63,9,28,38" hai1="48,97,107,89,72,49,73,42,33,114,27,121,61" hai2="76,105,35,12,44,98,65,50,64,62,59,83,77" hai3="128,109,69,18,78,26,52,56,122,46,126,16,106"/><W84/><G122/><T92/><D38/><U93/><E121/><V101/><F35/><W23/><G69/><T135/><D63/><U34/><E114/><V81/><F65/><W79/><G106/><T113/><D85/><U71/><E42/><V8/><F77/><W39/><G128/><T133/><D92/><U110/><E110/><V117/><F117/><W55/><G126/><N who="0" m="48747" /><D116/><U129/><E129/><V13/><F8/><W66/><G109/><T132/><D113/><U43/><E43/><V57/><F59/><W10/><G39/><T74/><D74/><U91/><E91/><V100/><F101/><W2/><G2/><N who="0" m="151" /><D130/><U131/><E34/><V86/><F81/><N who="3" m="47159" /><G46/><T119/><D119/><U24/><E24/><V96/><F98/><W102/><G102/><T95/><D95/><U118/><E118/><V82/><F83/><W3/><G3/><T21/><D11/><U111/><E111/><V58/><F57/><W88/><G79/><T115/><D115/><U19/><E131/><V20/><F44/><W40/><G40/><T45/><D45/><U108/><E108/><V67/><F76/><W134/><G134/><T120/><D120/><U54/><E107/><V80/><F105/><W47/><G47/><T6/><D6/><U29/><E19/><V5/><F100/><W15/><G88/><T53/><D53/><U123/><E123/><V70/><F70/><W112/><G112/><T127/><N who="0" m="48755" /><T25/><AGARI ba="0,0" hai="17,21,25,28,31,132,133,135" m="151,48755" machi="25" ten="50,8000,1" yaku="4,1,20,1,18,1,34,2" doraHai="104" who="0" fromWho="0" sc="180,80,262,-20,412,-20,146,-40" /><INIT seed="4,0,0,0,5,37" ten="260,242,392,106" oya="0" hai0="86,78,26,108,71,66,2,44,99,100,61,10,135" hai1="20,133,94,125,112,107,111,70,55,38,15,69,129" hai2="22,83,110,80,21,123,131,53,25,88,93,7,122" hai3="60,124,106,68,42,41,75,40,98,117,130,17,33"/><T14/><D2/><U87/><E107/><V120/><F110/><W121/><G117/><T36/><D108/><U58/><E38/><V92/><F7/><W63/><G75/><T77/><D135/><U6/><E111/><V64/><F64/><W105/><G130/><T72/><D72/><U101/><E125/><V0/><F0/><W19/><G124/><T23/><D86/><U126/><E126/><V109/><F109/><W62/><G33/><T81/><D81/><U91/><E129/><V16/><F131/><W116/><G116/><T31/><D44/><U114/><E101/><V113/><F113/><N who="1" m="43625" /><E133/><V82/><F53/><W4/><G4/><T43/><D36/><U28/><E28/><V104/><F104/><N who="3" m="40043" /><G98/><T3/><D3/><U35/><E35/><V34/><F34/><W73/><G73/><T39/><D39/><U49/><E6/><V103/><F103/><W65/><G65/><T13/><D13/><U5/><E5/><V128/><F128/><W74/><G74/><T30/><D100/><U97/><E97/><V76/><F76/><W59/><G59/><T79/><D99/><U1/><E1/><V47/><F47/><W132/><G132/><T95/><D31/><U24/><E24/><V48/><F88/><W46/><G46/><T84/><D79/><U8/><E8/><V52/><F22/><W119/><G119/><T32/><D23/><U89/><E89/><V127/><F127/><W18/><G68/><T27/><D32/><U50/><E50/><V90/><F90/><W56/><G56/><T67/><D71/><N who="1" m="27147" /><E20/><V29/><F29/><RYUUKYOKU ba="0,0" sc="260,-30,242,10,392,10,106,10" hai1="15,49,55,58,87,91,94" hai2="16,21,25,48,52,80,82,83,92,93,120,122,123" hai3="17,18,19,40,41,42,60,62,63,121" /><INIT seed="5,1,0,0,2,73" ten="230,252,402,116" oya="1" hai0="91,1,81,119,4,90,128,28,124,37,12,77,69" hai1="41,60,51,55,66,42,121,120,31,36,129,33,35" hai2="52,130,58,53,110,116,87,127,10,106,118,49,29" hai3="56,123,15,83,102,11,23,133,21,13,45,115,20"/><U97/><E129/><V131/><F110/><W7/><G123/><T63/><D119/><U95/><E36/><V76/><F106/><W92/><G115/><T30/><D1/><U38/><E31/><V93/><F29/><W68/><G68/><T103/><D128/><N who="2" m="49194" /><F127/><W96/><G133/><T74/><D124/><U75/><E75/><V109/><F109/><W70/><G70/><T16/><D37/><U67/><E35/><V107/><F107/><W18/><G45/><T39/><D39/><U88/><E33/><V78/><F10/><W54/><REACH who="3" step="1"/><G83/><REACH who="3" ten="230,252,402,106" step="2"/><T112/><D112/><U61/><E120/><V46/><F118/><W64/><G64/><N who="1" m="24618" /><E38/><V113/><F113/><W8/><G8/><T17/><D69/><U117/><E117/><V82/><F116/><W132/><G132/><T48/><D81/><U108/><E108/><V114/><F114/><W5/><G5/><T43/><D4/><U104/><E121/><V47/><F47/><W94/><G94/><T126/><D126/><U80/><E104/><V105/><F93/><W40/><G40/><N who="1" m="15466" /><E80/><V65/><F105/><W32/><G32/><T22/><D43/><U135/><E135/><V122/><F65/><W0/><G0/><T24/><D22/><U62/><E55/><V27/><F122/><W98/><G98/><T101/><D30/><U3/><E3/><V6/><F6/><W125/><G125/><T100/><D28/><U79/><E95/><V71/><F71/><W72/><G72/><T86/><D74/><U9/><E97/><V14/><F82/><W25/><G25/><T19/><D24/><RYUUKYOKU ba="1,1" sc="230,-10,252,-10,402,-10,106,30" hai3="7,11,13,15,18,20,21,23,54,56,92,96,102" /><INIT seed="6,2,1,3,1,35" ten="220,242,392,136" oya="2" hai0="12,3,104,78,126,81,134,108,8,125,23,73,106" hai1="45,36,110,133,109,58,56,86,49,64,82,107,123" hai2="87,2,10,130,61,46,105,38,77,17,90,101,22" hai3="27,119,88,131,89,18,93,16,28,32,103,55,97"/><V114/><F77/><W20/><G119/><T37/><D108/><U118/><E107/><N who="0" m="41001" /><D37/><U102/><E118/><V127/><F114/><W40/><G131/><T21/><D134/><U116/><E116/><V39/><F130/><W62/><G40/><T31/><D31/><U95/><E36/><V120/><F120/><W91/><G32/><T70/><D70/><U7/><E133/><V135/><F135/><W57/><AGARI ba="2,1" hai="16,18,20,27,28,55,57,62,88,89,91,93,97,103" machi="57" ten="30,7900,0" yaku="0,1,8,1,54,2" doraHai="35" who="3" fromWho="3" sc="220,-22,242,-22,392,-41,136,95" /><INIT seed="7,0,0,4,1,17" ten="198,220,351,231" oya="3" hai0="46,64,134,22,106,91,70,72,129,56,45,54,63" hai1="132,99,23,77,50,127,1,25,9,21,78,117,13" hai2="112,126,125,39,88,110,43,115,92,104,103,28,84" hai3="31,90,62,6,40,55,32,5,85,8,131,33,82"/><W15/><G131/><T65/><D129/><U30/><E1/><V16/><F110/><W109/><G109/><T81/><D106/><U96/><E127/><N who="2" m="48651" /><F28/><W135/><G135/><T100/><D134/><U89/><E132/><V122/><F122/><W42/><G6/><T24/><D100/><U102/><E23/><V48/><F39/><W94/><G32/><T0/><D0/><U75/><E75/><V29/><F29/><W76/><G31/><N who="0" m="17815" /><D70/><U34/><E34/><V68/><F68/><W11/><G11/><T123/><D123/><U61/><E61/><V53/><F43/><W111/><G33/><T41/><D72/><U133/><E133/><V120/><F120/><W67/><G55/><T51/><D46/><U57/><E89/><V37/><F37/><W69/><G111/><T52/><D41/><U59/><E117/><V98/><F16/><W121/><G121/><T114/><D114/><U130/><E130/><V3/><F3/><W97/><AGARI ba="0,0" hai="5,8,15,40,42,62,67,69,76,82,85,90,94,97" machi="97" ten="20,2100,0" yaku="0,1,7,1" doraHai="17" who="3" fromWho="3" sc="198,-7,220,-7,351,-7,231,21" /><INIT seed="7,1,0,5,1,1" ten="191,213,344,252" oya="3" hai0="16,52,131,86,59,61,113,17,53,24,7,14,134" hai1="122,124,115,55,65,116,117,130,11,9,73,10,63" hai2="12,123,67,90,3,69,129,88,35,95,44,31,101" hai3="20,70,93,32,43,29,48,110,94,102,133,96,0"/><W51/><G70/><T121/><D121/><U54/><E122/><V126/><F3/><W2/><G32/><T30/><D134/><U125/><E73/><V77/><F123/><W5/><G110/><T89/><D131/><U21/><E21/><V108/><F108/><W4/><G133/><T50/><D113/><U76/><E76/><V37/><F77/><W41/><G2/><T107/><D107/><U100/><E100/><V60/><F129/><W13/><G0/><T33/><D14/><U105/><E105/><V64/><F67/><W74/><G74/><T87/><D7/><N who="3" m="2633" /><G94/><T118/><D118/><N who="1" m="45675" /><E115/><V99/><F69/><W36/><G36/><T8/><D8/><U85/><E85/><V119/><F95/><W19/><G29/><T132/><D132/><U39/><E39/><V40/><F31/><W97/><G97/><T84/><REACH who="0" step="1"/><D89/><REACH who="0" ten="181,213,344,252" step="2"/><U75/><E130/><V103/><F119/><W120/><G120/><T91/><D91/><U128/><E128/><V92/><F90/><W78/><G78/><T46/><AGARI ba="1,1" hai="16,17,24,30,33,46,50,52,53,59,61,84,86,87" machi="46" ten="30,8000,1" yaku="1,1,0,1,54,2,53,1" doraHai="1" doraHaiUra="26" who="0" fromWho="0" sc="181,93,213,-21,344,-21,252,-41" owari="274,7.0,192,-31.0,323,43.0,211,-19.0" /></mjloggm>