<mjloggm ver="2.3"><GO type="169" lobby="0"/><UN n0="%E5%B0%B1%E6%B4%BB%E7%94%9F%40%E5%B7%9D%E6%9D%91%E8%BB%8D%E5%9B%A3" n1="%E3%83%92%E3%81%A8%E3%82%B7" n2="%E3%82%A2%E3%82%B9%E3%82%BF%E3%83%8A" n3="%70%70%61%61%6F%6F" dan="17,17,17,17" rate="2222.07,2187.99,2133.15,2121.43" sx="M,M,M,M"/><TAIKYOKU oya="0"/><INIT seed="0,0,0,3,1,60" ten="250,250,250,250" oya="0" hai0="43,35,28,74,0,80,110,21,77,25,47,91,113" hai1="10,5,20,125,22,120,99,3,78,105,56,116,85" hai2="131,118,87,52,13,48,88,66,61,33,75,30,6" hai3="128,133,45,134,129,63,83,108,39,109,112,42,82"/><T111/><D113/><U121/><E116/><V79/><F118/><W86/><G112/><T2/><D91/><U58/><E125/><V62/><F131/><N who="3" m="50251" /><G63/><T70/><D21/><U103/><E120/><V59/><F75/><W11/><G11/><T101/><D101/><U26/><E121/><V37/><F37/><W92/><G92/><T122/><D70/><U57/><E26/><V8/><F79/><N who="3" m="46431" /><G83/><T23/><D23/><U51/><E78/><V65/><F33/><W29/><G29/><T24/><D24/><U34/><E85/><V16/><F30/><W18/><G18/><T15/><D15/><U17/><E34/><V46/><F6/><W72/><G72/><T107/><D107/><U90/><E90/><V127/><F127/><W95/><G95/><T19/><D19/><U7/><E7/><V68/><F87/><W117/><G117/><T102/><D102/><U54/><REACH who="1" step="1"/><E17/><REACH who="1" ten="250,240,250,250" step="2"/><V84/><F68/><W71/><G71/><T14/><D122/><U126/><E126/><V40/><F62/><W1/><G1/><N who="0" m="619" /><D14/><U106/><E106/><V89/><F89/><W31/><G31/><T44/><D28/><U41/><E41/><V50/><F61/><W104/><G104/><T123/><D43/><U130/><E130/><V124/><F124/><W135/><AGARI ba="0,1" hai="39,42,45,108,109,133,134,135" m="46431,50251" machi="135" ten="40,2700,0" yaku="20,1,19,1" doraHai="60" who="3" fromWho="3" sc="250,-13,240,-7,250,-7,250,37" /><INIT seed="1,0,0,3,0,42" ten="237,233,243,287" oya="1" hai0="60,118,28,54,45,70,67,77,133,110,17,10,22" hai1="129,115,107,23,34,63,32,120,112,30,122,58,88" hai2="128,131,92,2,0,27,132,20,114,59,37,130,50" hai3="55,51,123,74,121,3,87,43,36,125,46,71,101"/><U105/><E23/><V52/><F37/><W135/><G74/><T72/><D118/><U80/><E30/><V47/><F114/><N who="1" m="43561" /><E58/><V126/><F126/><W65/><G3/><N who="2" m="1065" /><F92/><W14/><G101/><T8/><D133/><U84/><E63/><V49/><F132/><W1/><G1/><T124/><D110/><U5/><E5/><V4/><F4/><W13/><G125/><T31/><D124/><U100/><E32/><V68/><F68/><W18/><G135/><T38/><D31/><U104/><E34/><V86/><F86/><W113/><G87/><T73/><D28/><U116/><E129/><V95/><F95/><W66/><G14/><T15/><D10/><U69/><E69/><V75/><F75/><W96/><G71/><T7/><D77/><U93/><E116/><V9/><F9/><W64/><G36/><T35/><D35/><U91/><E100/><V102/><F102/><W61/><G113/><T11/><D11/><U82/><E80/><V81/><F81/><W62/><G121/><N who="1" m="46698" /><E93/><V24/><F20/><N who="3" m="11343" /><G123/><T85/><D8/><U39/><E39/><V19/><F19/><W108/><G43/><AGARI ba="0,0" hai="24,27,43,47,49,50,52,59,128,130,131" m="1065" machi="43" ten="40,5200,0" yaku="19,1,52,1,54,1" doraHai="42" who="2" fromWho="3" sc="237,0,233,0,243,52,287,-52" /><INIT seed="2,0,0,5,5,125" ten="237,233,295,235" oya="2" hai0="82,98,97,95,93,124,111,122,87,57,10,55,45" hai1="90,84,30,105,74,85,40,132,22,134,1,126,50" hai2="127,34,92,59,56,7,113,112,19,131,109,47,120" hai3="119,6,65,44,21,66,114,91,28,49,130,121,99"/><V18/><F120/><W89/><G121/><T41/><D124/><U68/><E74/><V72/><F127/><W11/><G119/><T32/><D111/><U104/><E126/><V24/><F72/><W76/><G76/><T71/><D71/><U106/><E68/><V108/><F47/><W29/><G114/><T88/><D32/><U133/><E1/><V20/><F7/><W26/><G28/><T70/><D70/><U123/><E123/><V61/><F34/><W12/><G130/><T13/><D122/><U37/><E37/><V102/><F19/><W73/><G73/><T80/><D41/><U4/><E4/><V94/><F131/><W135/><G135/><T43/><D43/><U103/><E103/><V15/><F15/><W64/><REACH who="3" step="1"/><G99/><REACH who="3" ten="237,233,295,225" step="2"/><T117/><D117/><U35/><E30/><V75/><F75/><W96/><G96/><T81/><D45/><U83/><E85/><V110/><F112/><W116/><G116/><T2/><D97/><U25/><E134/><V101/><F113/><W100/><G100/><N who="2" m="38505" /><F59/><W27/><G27/><T39/><D98/><U69/><E133/><V0/><F0/><W54/><AGARI ba="0,1" hai="6,11,12,21,26,29,44,49,54,64,65,66,89,91" machi="54" ten="30,7900,0" yaku="1,1,0,1,8,1,53,1" doraHai="125" doraHaiUra="42" who="3" fromWho="3" sc="237,-20,233,-20,295,-39,225,89" /><INIT seed="3,0,0,2,2,68" ten="217,213,256,314" oya="3" hai0="46,37,6,4,17,25,59,99,105,79,87,16,122" hai1="109,9,49,5,120,113,111,20,102,130,82,24,32" hai2="81,132,12,108,88,78,89,13,35,124,123,61,65" hai3="3,98,10,106,43,0,83,53,29,104,62,107,15"/><W117/><G117/><T125/><D122/><U112/><E102/><V70/><F123/><W92/><G43/><T57/><D125/><U94/><E94/><V121/><F121/><W114/><G114/><N who="1" m="44138" /><E120/><V134/><F124/><W21/><G83/><T40/><D105/><U127/><E82/><V115/><F115/><W84/><G84/><T14/><D99/><U80/><E80/><V48/><F35/><W63/><G29/><T30/><D79/><U51/><E51/><V135/><F48/><W41/><G21/><T47/><D87/><U44/><E49/><V55/><F55/><W90/><G41/><T71/><D71/><U34/><E44/><V128/><F128/><W52/><G63/><T77/><D47/><U133/><E130/><V95/><F108/><N who="1" m="41545" /><E133/><V129/><F129/><W56/><REACH who="3" step="1"/><G53/><REACH who="3" ten="217,213,256,304" step="2"/><T50/><D77/><U8/><E127/><V42/><F42/><W66/><G66/><T28/><D40/><U86/><E86/><N who="2" m="50255" /><F78/><W11/><G11/><N who="1" m="4170" /><E5/><AGARI ba="0,1" hai="0,3,5,10,15,52,56,62,90,92,98,104,106,107" machi="5" ten="40,3900,0" yaku="1,1,54,1,53,0" doraHai="68" doraHaiUra="69" who="3" fromWho="1" sc="217,0,213,-39,256,0,304,49" /><INIT seed="3,1,0,0,2,83" ten="217,174,256,353" oya="3" hai0="24,68,79,4,101,46,104,107,15,131,53,65,122" hai1="125,23,82,117,123,100,134,58,116,32,102,43,120" hai2="110,72,89,45,10,16,109,121,14,64,54,12,94" hai3="113,20,7,52,118,78,21,99,3,124,97,133,91"/><W80/><G113/><T67/><D122/><N who="1" m="46635" /><E32/><V115/><F121/><W49/><G118/><N who="1" m="45674" /><E58/><V90/><F115/><W59/><G133/><T36/><D131/><U60/><E60/><V55/><F72/><W44/><G124/><T74/><D68/><U92/><E43/><V132/><F132/><W98/><G91/><T26/><D26/><U106/><E23/><V34/><F34/><W41/><G7/><T56/><D24/><U73/><E134/><V18/><F64/><W66/><G3/><T108/><D108/><N who="2" m="41578" /><F45/><W8/><G8/><T103/><D15/><U27/><E27/><V75/><F75/><W77/><G66/><T50/><D4/><U35/><E35/><V0/><F0/><W9/><G9/><T25/><D25/><U30/><E30/><V51/><F51/><W47/><G47/><T129/><D129/><U84/><E125/><V63/><F63/><W31/><G80/><T88/><D46/><U62/><E62/><V37/><F37/><W17/><G31/><T81/><D36/><U85/><E106/><V126/><F126/><W95/><G20/><T69/><D69/><U135/><E135/><V28/><F28/><W127/><G127/><T70/><D70/><U93/><E73/><V1/><F1/><W22/><G21/><T42/><D42/><U57/><E57/><V29/><F29/><W111/><G22/><T11/><D67/><U105/><E105/><N who="0" m="40521" /><D65/><U6/><E6/><V86/><F90/><N who="3" m="55543" /><G111/><T40/><D11/><AGARI ba="1,0" hai="10,11,12,14,16,18,54,55,86,89,94" m="41578" machi="11" ten="30,3900,0" yaku="14,1,52,1,54,1" doraHai="83" who="2" fromWho="0" sc="217,-42,174,0,256,42,353,0" /><INIT seed="4,0,0,3,5,32" ten="175,174,298,353" oya="0" hai0="111,83,76,20,107,47,128,22,21,113,75,78,119" hai1="101,82,80,49,88,6,61,79,99,35,68,56,26" hai2="7,8,81,25,125,123,102,118,28,97,100,0,19" hai3="5,23,96,34,95,85,106,16,124,17,41,116,58"/><T43/><D119/><U74/><E68/><V71/><F123/><W121/><G116/><T103/><D128/><U46/><E6/><V27/><F118/><W12/><G121/><T127/><D127/><U40/><E80/><V115/><F115/><W31/><G124/><T38/><D113/><U54/><E35/><V66/><F125/><W130/><G130/><T39/><D111/><U42/><E26/><V3/><F100/><W77/><G106/><T60/><D78/><U11/><E11/><V109/><F19/><W48/><G5/><T57/><D103/><U126/><E126/><V133/><F133/><W33/><G31/><T29/><D107/><U70/><E70/><V13/><F109/><W55/><G41/><T108/><D108/><U45/><E88/><V132/><F132/><W62/><G48/><T4/><D4/><U15/><E15/><V18/><F18/><W89/><G77/><T90/><D90/><U73/><E73/><V30/><F81/><W1/><G1/><T36/><REACH who="0" step="1"/><D29/><REACH who="0" ten="165,174,298,353" step="2"/><U2/><E101/><V52/><F30/><W44/><G89/><T53/><AGARI ba="0,1" hai="20,21,22,36,38,39,43,47,53,57,60,75,76,83" machi="53" ten="30,6000,0" yaku="1,1,2,1,0,1,53,0" doraHai="32" doraHaiUra="117" who="0" fromWho="0" sc="165,70,174,-20,298,-20,353,-20" /><INIT seed="4,1,0,0,3,32" ten="235,154,278,333" oya="0" hai0="121,128,109,106,62,114,49,91,2,58,123,134,73" hai1="45,126,43,88,30,118,61,39,117,27,70,23,1" hai2="71,78,41,50,119,56,120,131,36,66,111,47,14" hai3="105,101,102,83,127,34,64,85,25,104,53,81,42"/><T6/><D106/><U12/><E126/><V89/><F78/><W16/><G127/><T31/><D73/><U57/><E70/><V116/><F89/><W97/><G64/><T75/><D75/><U65/><E1/><V132/><F14/><W9/><G42/><T26/><D128/><U72/><E72/><V0/><F0/><W59/><G34/><T24/><D134/><U40/><E40/><V133/><F111/><W93/><G83/><T130/><D130/><U82/><REACH who="1" step="1"/><E12/><REACH who="1" ten="235,144,278,333" step="2"/><V63/><F131/><W10/><G104/><T74/><D74/><U20/><E20/><V33/><F33/><W51/><G105/><T96/><D109/><U13/><E13/><V122/><F71/><W17/><G102/><T15/><D121/><N who="2" m="46698" /><F36/><W90/><REACH who="3" step="1"/><G25/><REACH who="3" ten="235,144,278,323" step="2"/><T18/><D24/><U8/><E8/><AGARI ba="1,2" hai="8,9,10,16,17,51,53,59,81,85,90,93,97,101" machi="8" ten="40,8000,1" yaku="1,1,2,1,8,1,54,1,53,1" doraHai="32" doraHaiUra="55" who="3" fromWho="1" sc="235,0,144,-83,278,0,323,103" /><INIT seed="5,0,0,0,0,81" ten="235,61,278,426" oya="1" hai0="72,32,117,59,125,53,120,107,114,58,67,133,122" hai1="62,116,52,88,102,25,39,124,48,101,64,29,68" hai2="55,0,46,54,110,49,2,112,6,77,118,26,69" hai3="45,111,83,71,34,21,75,50,30,16,121,96,28"/><U63/><E39/><V82/><F110/><W79/><G111/><T97/><D32/><U85/><E116/><V15/><F118/><W20/><G34/><T109/><D72/><U38/><E38/><V84/><F69/><W1/><G1/><T103/><D109/><U12/><E124/><V78/><F78/><W130/><G71/><T115/><D117/><U17/><E25/><V95/><F112/><N who="0" m="43050" /><D125/><U86/><E29/><V90/><F26/><W80/><G121/><N who="0" m="46699" /><D133/><U47/><E86/><V43/><F2/><W94/><G83/><T44/><D67/><U108/><E108/><V18/><F0/><W126/><G21/><T127/><D127/><U132/><E132/><V42/><F42/><W7/><G7/><T66/><D66/><U73/><E73/><V10/><F18/><W35/><G130/><T89/><D89/><U27/><E27/><V87/><AGARI ba="0,0" hai="6,10,15,43,46,49,54,55,77,82,84,87,90,95" machi="87" ten="20,12000,2" yaku="0,1,7,1,25,2,8,1,52,2" doraHai="81" who="2" fromWho="2" sc="235,-30,61,-60,278,120,426,-30" /><INIT seed="6,0,0,4,0,55" ten="205,1,398,396" oya="2" hai0="134,87,32,105,67,98,116,18,42,114,130,72,4" hai1="79,29,102,41,117,36,123,76,71,69,101,3,63" hai2="35,118,133,121,58,129,9,126,103,31,52,48,46" hai3="73,26,90,66,37,12,17,8,23,28,74,62,59"/><V47/><F121/><W10/><G37/><T2/><D72/><U70/><E29/><V93/><F118/><W120/><G120/><T34/><D114/><U94/><E123/><V85/><F9/><W95/><REACH who="3" step="1"/><G8/><REACH who="3" ten="205,1,398,386" step="2"/><T88/><D116/><U107/><E117/><V38/><F38/><W81/><G81/><T128/><D128/><U39/><E3/><V6/><F129/><W113/><G113/><T80/><D130/><U82/><E107/><V119/><F119/><W54/><G54/><T0/><D134/><U110/><E110/><V57/><F133/><W27/><G27/><T84/><D42/><U44/><E39/><V132/><F132/><W64/><G64/><T60/><D105/><U11/><E11/><V30/><F126/><W43/><G43/><T16/><D98/><AGARI ba="0,1" hai="10,12,17,23,26,28,59,62,66,73,74,90,95,98" machi="98" ten="30,3900,0" yaku="1,1,7,1,52,1,53,0" doraHai="55" doraHaiUra="108" who="3" fromWho="0" sc="205,-39,1,0,398,0,386,49" /><INIT seed="7,0,0,3,0,122" ten="166,1,398,435" oya="3" hai0="7,32,121,48,6,103,100,20,105,78,16,131,37" hai1="2,85,115,70,24,94,123,120,45,51,12,8,61" hai2="107,28,5,99,43,67,130,33,79,92,128,14,104" hai3="53,29,21,134,88,76,86,23,124,62,11,116,95"/><W31/><G116/><T38/><D32/><U102/><E61/><V72/><F43/><W56/><G124/><T47/><D121/><U15/><E102/><V22/><F67/><W117/><G134/><T39/><D131/><N who="2" m="50218" /><F33/><W10/><G117/><T46/><D78/><U68/><E94/><V127/><F28/><N who="3" m="10827" /><G76/><T34/><D34/><U84/><E8/><AGARI ba="0,0" hai="8,10,11,21,23,53,56,62,86,88,95" m="10827" machi="8" ten="30,2900,0" yaku="8,1,54,1" doraHai="122" who="3" fromWho="1" sc="166,0,1,-29,398,0,435,29" owari="166,-23.0,-28,-53.0,398,20.0,464,56.0" /></mjloggm>