<mjloggm ver="2.3"><GO type="169" lobby="0"/><UN n0="%73%74%61%79%62" n1="%28%E3%81%A3%27%E3%83%AE%27%63%29" n2="%E3%83%88%E3%83%88%E3%83%AA%E5%85%88%E7%94%9F%31%39%E6%AD%B3" n3="%4A%57%49%4C%4C" dan="16,16,19,16" rate="2053.95,2153.35,2286.53,2154.45" sx="M,F,F,M"/><TAIKYOKU oya="0"/><INIT seed="0,0,0,3,3,50" ten="250,250,250,250" oya="0" hai0="86,0,20,73,70,69,22,2,38,17,117,31,112" hai1="135,36,41,42,26,48,111,110,55,25,13,116,103" hai2="33,65,23,123,102,125,49,88,39,64,40,67,10" hai3="12,128,131,134,83,79,29,16,106,85,76,133,96"/><T105/><D73/><U19/><E116/><V130/><F123/><W84/><G29/><T95/><D105/><U107/><E135/><N who="3" m="51722" /><G12/><T121/><D38/><U5/><E5/><V122/><F122/><W101/><G16/><T43/><D43/><N who="1" m="16395" /><E103/><V58/><F33/><W7/><G7/><T72/><D72/><U78/><E78/><N who="3" m="29738" /><G83/><T57/><D31/><U127/><E107/><V27/><F130/><AGARI ba="0,0" hai="84,85,96,101,106,128,130,131" m="29738,51722" machi="130" ten="30,7700,0" yaku="19,1,20,1,34,2" doraHai="50" who="3" fromWho="2" sc="250,0,250,0,250,-77,250,77" /><INIT seed="1,0,0,4,0,45" ten="250,250,173,327" oya="1" hai0="99,64,86,14,110,106,90,84,34,52,119,96,37" hai1="48,109,9,122,100,68,126,78,92,5,132,88,56" hai2="97,83,113,134,76,129,114,27,12,82,124,35,31" hai3="125,60,3,2,57,55,28,107,26,43,24,7,67"/><U89/><E122/><V29/><F129/><W61/><G125/><T91/><D37/><U23/><E68/><V128/><F128/><W123/><G123/><T70/><D119/><U135/><E126/><V49/><F124/><W46/><G107/><T33/><D110/><U120/><E120/><V104/><F134/><N who="1" m="51241" /><E78/><V79/><F12/><W40/><G7/><T13/><D106/><U105/><E105/><V66/><F66/><W63/><G26/><T20/><D64/><U77/><E77/><V47/><F31/><W117/><G117/><T111/><D111/><U87/><E109/><V101/><F82/><W1/><G46/><T115/><D20/><U80/><E23/><V30/><F30/><W50/><REACH who="3" step="1"/><G67/><REACH who="3" ten="250,250,173,317" step="2"/><T131/><D131/><U85/><E5/><V98/><F104/><W15/><G15/><T6/><D6/><U130/><E130/><V32/><F27/><W10/><G10/><T127/><D127/><U41/><E9/><V81/><F47/><W11/><G11/><T133/><D133/><U112/><E112/><V121/><F121/><W25/><G25/><T44/><D115/><U118/><E118/><V65/><F65/><W18/><G18/><T93/><D44/><N who="1" m="25615" /><E100/><V42/><F101/><W72/><G72/><T74/><D74/><U19/><E19/><V21/><F21/><AGARI ba="0,1" hai="1,2,3,21,24,28,40,43,50,55,57,60,61,63" machi="21" ten="50,3200,0" yaku="1,1,52,1,53,0" doraHai="45" doraHaiUra="102" who="3" fromWho="2" sc="250,0,250,0,173,-32,317,42" /><INIT seed="2,0,0,3,5,19" ten="250,250,141,359" oya="2" hai0="32,112,2,135,48,9,44,127,103,35,11,15,60" hai1="27,86,74,65,105,116,51,30,59,133,82,3,26" hai2="47,79,72,57,107,34,25,71,4,20,85,91,17" hai3="122,120,33,66,55,64,29,89,101,99,75,130,134"/><V73/><F71/><W97/><G75/><T41/><D112/><U23/><E116/><V40/><F107/><W88/><G130/><T62/><D135/><U67/><E3/><V118/><F118/><W68/><G55/><T93/><D127/><U10/><E74/><V18/><F34/><W58/><G58/><T42/><D2/><U128/><E105/><V132/><F132/><W104/><G134/><T102/><D32/><U5/><E133/><V96/><F96/><W90/><G99/><N who="0" m="59759" /><D35/><U45/><E59/><V111/><F79/><W100/><G100/><T121/><D103/><U53/><E128/><V28/><F111/><W21/><G33/><T114/><D114/><U49/><E27/><V117/><F117/><W70/><G70/><T6/><D11/><U98/><E98/><V13/><F57/><W83/><G83/><T50/><D121/><U36/><E51/><V0/><F0/><W84/><G84/><T129/><D129/><U106/><E36/><V113/><F113/><W39/><G39/><T131/><D131/><U81/><E106/><V52/><F40/><W109/><G109/><T77/><D77/><U54/><E54/><V115/><F115/><W8/><G8/><T92/><D92/><U124/><E124/><V123/><F123/><W63/><REACH who="3" step="1"/><G66/><REACH who="3" ten="250,250,141,349" step="2"/><N who="1" m="25098" /><E86/><V31/><F72/><W22/><G22/><T94/><D94/><U38/><E38/><V108/><F73/><W14/><G14/><T12/><D12/><N who="1" m="5199" /><E82/><N who="2" m="49591" /><F108/><W126/><G126/><T87/><D87/><U78/><E81/><V56/><F13/><W110/><G110/><T43/><D42/><RYUUKYOKU ba="0,1" sc="250,10,250,10,141,-30,349,10" hai0="6,9,15,41,43,44,48,50,60,62" hai1="23,26,30,45,49,53,78" hai3="21,29,63,64,68,88,89,90,97,101,104,120,122" /><INIT seed="3,1,1,4,3,60" ten="260,260,111,359" oya="3" hai0="41,123,32,101,70,86,0,84,94,85,99,45,15" hai1="68,129,51,26,65,20,76,115,40,33,116,91,21" hai2="39,24,27,128,57,36,44,126,130,79,30,48,89" hai3="47,118,8,113,71,127,53,55,5,38,111,46,7"/><W97/><G118/><T64/><D0/><U88/><E115/><V18/><F126/><W58/><G113/><T31/><D123/><U93/><E76/><V9/><F79/><W2/><G127/><T1/><D1/><U120/><E120/><V134/><F134/><W124/><G124/><T125/><D125/><U4/><E4/><V102/><F102/><W17/><G71/><T37/><D15/><U3/><E3/><V22/><F57/><W119/><G119/><T66/><REACH who="0" step="1"/><D70/><REACH who="0" ten="250,260,111,359" step="2"/><U106/><E68/><V112/><F112/><W121/><G2/><T90/><D90/><U104/><E88/><V50/><F89/><W61/><G121/><T29/><D29/><U63/><E91/><V109/><F30/><W96/><G96/><T42/><D42/><U95/><E40/><V122/><F122/><W23/><G97/><T98/><D98/><U108/><E116/><V72/><F128/><W43/><G111/><T105/><D105/><U78/><E108/><V49/><F130/><W92/><G92/><T28/><D28/><N who="1" m="19607" /><E129/><V69/><F109/><W117/><G117/><T73/><D73/><U14/><E104/><V25/><F72/><W52/><G43/><T12/><D12/><U107/><E107/><V67/><F9/><W19/><G8/><T87/><N who="0" m="21504" /><DORA hai="82" /><T74/><D74/><U77/><E106/><V62/><REACH who="2" step="1"/><F44/><REACH who="2" ten="250,260,101,359" step="2"/><W34/><G47/><T135/><D135/><U56/><E77/><V11/><F11/><W35/><G46/><T83/><D83/><U100/><E78/><V133/><F133/><W80/><G80/><T10/><D10/><RYUUKYOKU ba="1,3" sc="250,15,260,-15,101,15,359,-15" hai0="31,32,37,41,45,64,66,94,99,101" hai2="18,22,24,25,27,36,39,48,49,50,62,67,69" /><INIT seed="4,2,3,5,5,51" ten="265,245,116,344" oya="0" hai0="43,53,66,25,0,7,103,124,118,97,96,50,94" hai1="79,24,134,131,32,91,56,31,44,62,111,29,87" hai2="8,75,81,60,132,69,9,76,82,84,71,121,105" hai3="130,119,89,21,100,106,74,16,52,2,67,22,54"/><T47/><D118/><U95/><E111/><V104/><F121/><W72/><G119/><T39/><D124/><U14/><E134/><V83/><F132/><W5/><G67/><T73/><D73/><U45/><E131/><V10/><F60/><W59/><G130/><T37/><D66/><U19/><E31/><V113/><F75/><W6/><G106/><N who="2" m="41065" /><F84/><W129/><G100/><T116/><D116/><U11/><REACH who="1" step="1"/><E79/><REACH who="1" ten="265,235,116,344" step="2"/><V15/><F76/><W26/><G129/><T112/><D112/><U114/><E114/><V93/><F113/><W120/><G120/><T30/><D0/><U135/><E135/><V92/><F15/><W36/><G2/><T123/><D123/><U127/><E127/><V133/><F133/><W128/><G128/><T63/><D7/><U68/><E68/><AGARI ba="2,4" hai="8,9,10,68,69,71,81,82,83,92,93" m="41065" machi="68" ten="40,2600,0" yaku="28,2" doraHai="51" who="2" fromWho="1" sc="265,0,235,-32,116,72,344,0" /><INIT seed="5,0,0,0,3,37" ten="265,203,188,344" oya="1" hai0="112,50,19,122,86,52,38,133,7,101,22,46,87" hai1="25,67,21,44,9,23,39,100,35,76,114,54,31" hai2="68,92,48,89,106,80,84,77,71,72,97,58,30" hai3="123,11,57,14,113,126,43,40,127,105,82,60,13"/><U109/><E114/><V73/><F73/><W5/><G123/><T116/><D116/><U91/><E100/><N who="2" m="62735" /><F30/><W59/><G105/><T65/><D122/><U102/><E102/><V125/><F125/><N who="3" m="47627" /><G113/><T135/><D112/><U78/><E67/><V56/><F48/><W131/><G131/><T3/><D101/><U124/><E124/><V20/><F20/><W49/><G82/><T51/><D65/><U117/><E117/><V134/><F134/><N who="0" m="51210" /><D38/><U61/><E109/><V66/><F66/><N who="3" m="39183" /><G14/><N who="0" m="9591" /><D51/><U33/><E39/><V64/><F64/><W12/><G12/><T36/><D36/><U96/><E35/><V83/><F83/><W28/><G28/><T129/><D129/><U75/><E33/><V45/><F71/><W93/><G93/><T107/><D107/><U121/><E121/><V27/><F68/><W111/><G111/><T17/><D17/><U74/><E31/><V10/><F92/><W18/><G18/><T29/><D29/><U110/><E110/><V1/><F80/><W108/><G108/><T119/><D119/><U15/><E15/><V88/><F72/><W42/><G59/><T2/><D7/><U94/><E94/><V81/><F58/><W95/><G95/><T115/><D115/><U63/><E96/><V62/><F56/><W6/><G6/><T8/><D8/><U70/><E70/><V0/><F62/><W47/><AGARI ba="0,0" hai="5,11,13,40,42,43,47,49" m="39183,47627" machi="47" ten="30,7900,0" yaku="18,1,52,3" doraHai="37" who="3" fromWho="3" sc="265,-20,203,-39,188,-20,344,79" /><INIT seed="6,0,0,4,1,65" ten="245,164,168,423" oya="2" hai0="106,64,56,21,133,43,112,49,5,70,61,75,121" hai1="104,39,3,71,129,77,6,67,110,18,109,24,2" hai2="57,73,16,0,128,68,15,115,86,80,32,66,134" hai3="127,96,89,11,30,72,12,36,88,114,28,51,103"/><V95/><F32/><W44/><G36/><T120/><D106/><U46/><E18/><V20/><F0/><N who="1" m="41" /><E6/><V17/><F115/><W63/><G72/><T10/><D75/><U118/><E118/><V27/><F128/><W94/><G127/><T76/><D112/><U132/><E129/><V122/><F73/><W38/><G38/><T131/><D133/><U85/><E85/><V25/><F134/><W107/><G63/><T126/><D76/><U33/><E77/><N who="2" m="46351" /><F68/><W50/><G114/><T47/><D126/><U91/><E91/><N who="3" m="34890" /><G107/><T135/><D135/><U83/><E83/><V9/><F95/><W62/><G62/><T52/><D131/><U53/><E53/><V60/><F122/><W113/><G113/><T13/><D21/><U14/><E14/><AGARI ba="0,0" hai="9,14,15,16,17,20,25,27,57,60,66" m="46351" machi="14" ten="30,2900,0" yaku="8,1,54,1" doraHai="65" who="2" fromWho="1" sc="245,0,164,-29,168,29,423,0" /><INIT seed="6,1,0,0,4,52" ten="245,135,197,423" oya="2" hai0="59,70,21,106,60,39,98,20,68,17,24,8,97" hai1="131,69,9,81,91,10,82,132,0,61,95,71,40" hai2="74,14,37,115,99,85,27,49,86,114,2,125,112" hai3="88,122,133,80,90,100,47,121,13,64,129,55,26"/><V94/><F2/><W15/><G129/><T16/><D39/><U77/><E132/><V31/><F37/><W119/><G119/><T54/><D8/><U96/><E131/><V83/><F125/><W34/><G133/><T51/><D106/><U101/><E40/><V44/><F14/><W103/><G64/><T25/><D51/><U57/><E71/><AGARI ba="1,0" hai="16,17,20,21,24,25,54,59,60,68,70,71,97,98" machi="71" ten="40,5200,0" yaku="9,1,52,1,54,1" doraHai="52" who="0" fromWho="1" sc="245,55,135,-55,197,0,423,0" /><INIT seed="7,0,0,5,4,103" ten="300,80,197,423" oya="3" hai0="31,104,4,67,74,68,2,122,1,19,82,113,3" hai1="69,15,128,107,39,131,55,20,112,10,83,47,35" hai2="127,50,84,126,26,41,100,33,29,95,135,133,109" hai3="44,102,108,49,106,96,116,37,48,18,132,32,119"/><W86/><G32/><T70/><D19/><U80/><E20/><V38/><F109/><W7/><G108/><T0/><D31/><U52/><E15/><V51/><F38/><W121/><G121/><T93/><D93/><U57/><E10/><V6/><F6/><W111/><G111/><T101/><D122/><U130/><E35/><V56/><F51/><W73/><G73/><T72/><D113/><U12/><E12/><V77/><F77/><W91/><G132/><T99/><D4/><U124/><E112/><V21/><F33/><W34/><G34/><T71/><D82/><U36/><E128/><V63/><F50/><W123/><G123/><T59/><D59/><U61/><E57/><V9/><F41/><W42/><G7/><T105/><D3/><U75/><E61/><V85/><F9/><W60/><G60/><T46/><D46/><U28/><E47/><V62/><F62/><W54/><G18/><T94/><D67/><U40/><E28/><V110/><F29/><W22/><G22/><T88/><D101/><U45/><E45/><V134/><F110/><W120/><G120/><T17/><D17/><U87/><E87/><V98/><F85/><W89/><G89/><T11/><D11/><U118/><E40/><V24/><F84/><W78/><G78/><T58/><D58/><U97/><E97/><V16/><F26/><W65/><G65/><AGARI ba="0,0" hai="16,21,24,56,63,65,95,98,100,126,127,133,134,135" machi="65" ten="40,2600,0" yaku="20,1,54,1" doraHai="103" who="2" fromWho="3" sc="300,0,80,0,197,26,423,-26" owari="300,10.0,80,-42.0,223,-18.0,397,50.0" /></mjloggm>