<mjloggm ver="2.3"><GO type="169" lobby="0"/><UN n0="%54%4C%49%43%30%33" n1="%E3%83%88%E3%83%88%E3%83%AA%E5%85%88%E7%94%9F%31%39%E6%AD%B3" n2="%E3%81%B2%79%6B%6F%6B%6F%72%6F" n3="%72%79%6F%E2%80%A6%31%35" dan="17,18,16,16" rate="2154.33,2231.70,2011.97,2058.82" sx="M,F,F,M"/><TAIKYOKU oya="0"/><INIT seed="0,0,0,5,4,106" ten="250,250,250,250" oya="0" hai0="59,131,88,130,42,123,124,0,102,104,25,66,122" hai1="69,11,8,35,81,23,94,117,119,107,126,62,99" hai2="10,13,112,54,128,16,49,55,118,47,67,9,78" hai3="4,70,14,57,36,87,135,74,95,79,26,133,50"/><T63/><D0/><U114/><E35/><V48/><F112/><W96/><G36/><T21/><D104/><U7/><E114/><V41/><F128/><N who="0" m="49194" /><D102/><U34/><E34/><V12/><F67/><W64/><G70/><T39/><D124/><U43/><E107/><V71/><F71/><W100/><G26/><T75/><D75/><U27/><E126/><V120/><F120/><W52/><G64/><T111/><D111/><U127/><E127/><V93/><F118/><W3/><G3/><T45/><D88/><U40/><E62/><V32/><F32/><W132/><G87/><T97/><D97/><U73/><E69/><V129/><F129/><W65/><G65/><T1/><D1/><U68/><E68/><V46/><F78/><W125/><G125/><T83/><D83/><U121/><E121/><V17/><REACH who="2" step="1"/><F93/><REACH who="2" ten="250,250,240,250" step="2"/><W113/><G113/><T20/><D20/><U19/><E117/><V101/><F101/><W60/><G79/><T115/><D115/><U105/><E105/><V53/><AGARI ba="0,1" hai="9,10,12,13,16,17,41,46,47,48,49,53,54,55" machi="53" ten="20,12000,2" yaku="1,1,0,1,7,1,9,1,8,1,54,1,53,0" doraHai="106" doraHaiUra="33" who="2" fromWho="2" sc="250,-60,250,-30,240,130,250,-30" /><INIT seed="1,0,0,3,0,55" ten="190,220,370,220" oya="1" hai0="49,29,87,122,105,78,132,12,93,124,51,7,13" hai1="30,118,57,47,74,120,130,8,31,26,22,17,96" hai2="97,85,102,134,133,86,67,90,53,18,4,46,9" hai3="19,65,15,14,59,45,111,25,75,0,73,39,36"/><U71/><E118/><V33/><F33/><W16/><G0/><T3/><D105/><U107/><E120/><V5/><F18/><W109/><G25/><T110/><D3/><U121/><E121/><V68/><F67/><W50/><G65/><T119/><D122/><U70/><E74/><V42/><F68/><W63/><G63/><T84/><D119/><U92/><E107/><V115/><F115/><W6/><G6/><T127/><D110/><U54/><E47/><V89/><F86/><W41/><G45/><T60/><D132/><N who="2" m="50794" /><F53/><W58/><G50/><T106/><D106/><U113/><E130/><V48/><F9/><W76/><G76/><T69/><D93/><U108/><E108/><V77/><F77/><W80/><G80/><T117/><D78/><U64/><E64/><V79/><F79/><W116/><G116/><T103/><D29/><U99/><E113/><V128/><F128/><W135/><G135/><T37/><D7/><U24/><E8/><V98/><F4/><W81/><G81/><T20/><D117/><U125/><E70/><V35/><F35/><W112/><G41/><T38/><D69/><U129/><E71/><V61/><F5/><W23/><G23/><T91/><D20/><N who="1" m="15623" /><E129/><V126/><F46/><W27/><REACH who="3" step="1"/><G27/><REACH who="3" ten="190,220,370,210" step="2"/><T101/><D60/><N who="1" m="35895" /><E31/><V94/><F42/><W88/><G88/><AGARI ba="0,1" hai="12,13,37,38,49,51,84,87,88,91,101,103,124,127" machi="88" ten="25,3200,0" yaku="22,2,54,1" doraHai="55" who="0" fromWho="3" sc="190,42,220,0,370,0,210,-32" /><INIT seed="2,0,0,2,4,2" ten="232,220,370,178" oya="2" hai0="93,77,26,62,71,49,124,38,13,14,86,92,108" hai1="133,0,28,41,1,42,35,44,95,55,29,132,56" hai2="115,85,8,40,32,3,12,6,46,39,135,101,5" hai3="64,72,50,10,100,99,126,7,119,16,23,82,116"/><V134/><F115/><W36/><G36/><T128/><D38/><N who="1" m="21559" /><E42/><V51/><F32/><W79/><G126/><T65/><D108/><U21/><E95/><V4/><F101/><W76/><G76/><T57/><D128/><U117/><E21/><V106/><F106/><W80/><G50/><T74/><D74/><U127/><E117/><V130/><F130/><W97/><G64/><T17/><D124/><U61/><E127/><V84/><F3/><N who="1" m="1097" /><E35/><V125/><F125/><W107/><G97/><T58/><D71/><U112/><E112/><V63/><F39/><W48/><G48/><T113/><D113/><U47/><E47/><V122/><F122/><W18/><G82/><N who="0" m="47439" /><D26/><U98/><E98/><V83/><F84/><W43/><G43/><T60/><D49/><U91/><E91/><N who="2" m="51647" /><F63/><W59/><G119/><T102/><D14/><U120/><E120/><V78/><F78/><W27/><G116/><T109/><D109/><U52/><E61/><V121/><F121/><W69/><G69/><T70/><D70/><U22/><E132/><AGARI ba="0,0" hai="4,5,6,8,12,40,46,51,132,134,135" m="51647" machi="132" ten="30,11600,0" yaku="20,1,52,3" doraHai="2" who="2" fromWho="1" sc="232,0,220,-116,370,116,178,0" /><INIT seed="2,1,0,5,4,2" ten="232,104,486,178" oya="2" hai0="55,18,105,117,128,90,31,87,39,34,63,83,95" hai1="47,35,6,70,81,32,17,12,131,20,110,44,112" hai2="42,119,77,129,46,53,58,91,76,66,74,51,13" hai3="26,10,80,67,40,54,41,62,69,88,113,1,27"/><V114/><F114/><W96/><G113/><T64/><D105/><U59/><E70/><V11/><F119/><W75/><G54/><T118/><D39/><U134/><E112/><V36/><F74/><W0/><G0/><T125/><D125/><U93/><E110/><V68/><F91/><W104/><G75/><T56/><D128/><U100/><E131/><V52/><F53/><W108/><G108/><T65/><D31/><U9/><E134/><V127/><F127/><W43/><G104/><T106/><D106/><U49/><E81/><V45/><F45/><W8/><G8/><T135/><D34/><U15/><E59/><V21/><F21/><W19/><G19/><T16/><D135/><U48/><E47/><V109/><F109/><W14/><G14/><T115/><D115/><U89/><E100/><V130/><F130/><W84/><REACH who="3" step="1"/><G96/><REACH who="3" ten="232,104,486,168" step="2"/><N who="0" m="57463" /><D117/><U37/><E37/><V61/><F129/><W60/><G60/><T121/><D118/><U97/><REACH who="1" step="1"/><E48/><REACH who="1" ten="232,94,486,168" step="2"/><V82/><F82/><W50/><G50/><T99/><D83/><U102/><E102/><V23/><F36/><W123/><G123/><T4/><D121/><U86/><E86/><V72/><F72/><W71/><G71/><T107/><D87/><U92/><E92/><V133/><F133/><W126/><G126/><T116/><D107/><U79/><E79/><N who="2" m="30283" /><F68/><W101/><G101/><T22/><D116/><U24/><E24/><V29/><F61/><W124/><G124/><T120/><D120/><U73/><E73/><V122/><F122/><W103/><G103/><T111/><D63/><U85/><E85/><RYUUKYOKU ba="1,2" sc="232,-15,94,15,486,-15,168,15" hai1="6,9,12,15,17,20,32,35,44,49,89,93,97" hai3="1,10,26,27,40,41,43,62,67,69,80,84,88" /><INIT seed="3,2,2,2,5,102" ten="217,109,471,183" oya="3" hai0="16,91,39,89,59,18,87,8,20,79,119,88,121" hai1="13,85,1,92,84,110,120,78,9,94,34,112,54" hai2="28,134,49,123,46,81,41,126,77,74,26,75,106" hai3="80,69,99,113,133,97,83,58,109,68,30,36,35"/><W57/><G36/><T24/><D39/><U60/><E120/><V27/><F106/><W43/><G43/><T21/><D121/><U61/><E112/><V11/><F123/><W31/><G35/><T76/><D119/><U108/><E34/><V3/><F134/><W114/><REACH who="3" step="1"/><G109/><REACH who="3" ten="217,109,471,173" step="2"/><T93/><D8/><U7/><E108/><V135/><F11/><W10/><G10/><T37/><D37/><U55/><E110/><V90/><F41/><W98/><G98/><T33/><D33/><U52/><E1/><V5/><F3/><W104/><G104/><T72/><D72/><U103/><E84/><V128/><F75/><W29/><G29/><T66/><D93/><N who="1" m="35947" /><E103/><V14/><F74/><W56/><G56/><T82/><D79/><U23/><E23/><N who="0" m="8777" /><D24/><U63/><E85/><V17/><F28/><W32/><G32/><T44/><D44/><U15/><E13/><V42/><F77/><AGARI ba="2,3" hai="7,9,15,52,54,55,60,61,63,77,78" m="35947" machi="77" ten="40,2600,0" yaku="8,1,54,1" doraHai="102" who="1" fromWho="2" sc="217,0,109,62,471,-32,173,0" /><INIT seed="4,0,0,1,3,17" ten="217,171,439,173" oya="0" hai0="9,12,90,10,118,2,78,124,117,44,106,119,65" hai1="120,28,30,5,52,99,60,127,63,7,135,108,48" hai2="55,72,58,87,116,11,100,73,31,130,68,57,129" hai3="53,128,14,54,123,88,24,126,39,66,29,46,103"/><T114/><D106/><U134/><E108/><V50/><F68/><W43/><G128/><N who="2" m="49257" /><F100/><W74/><G74/><N who="2" m="28777" /><F31/><N who="1" m="11817" /><E120/><V69/><F69/><W71/><G123/><T94/><D78/><U122/><E122/><V112/><F112/><W26/><G26/><T98/><D65/><U18/><E18/><V125/><F125/><W16/><G103/><T81/><D114/><U121/><E99/><V0/><F87/><W92/><G66/><T59/><D124/><U42/><E42/><V36/><F36/><W6/><G6/><N who="1" m="2058" /><E127/><V62/><F0/><W97/><G71/><T111/><D2/><U56/><E121/><V27/><F27/><W131/><G126/><T115/><D115/><U82/><E82/><V51/><F11/><W21/><REACH who="3" step="1"/><G131/><REACH who="3" ten="217,171,439,163" step="2"/><T83/><D117/><U76/><E135/><V67/><F116/><W37/><G37/><T23/><D119/><U19/><E134/><V15/><F15/><W107/><G107/><T40/><D118/><U89/><E76/><V96/><F67/><W38/><G38/><T102/><D102/><U75/><E75/><V104/><F104/><W35/><AGARI ba="0,1" hai="14,16,21,24,29,35,39,43,46,53,54,88,92,97" machi="35" ten="20,12000,2" yaku="1,1,0,1,7,1,52,1,54,2,53,1" doraHai="17" doraHaiUra="70" who="3" fromWho="3" sc="217,-60,171,-30,439,-30,163,130" /><INIT seed="5,0,0,2,4,34" ten="157,141,409,293" oya="1" hai0="40,64,126,22,70,124,24,133,39,62,119,112,67" hai1="79,61,85,97,110,29,105,36,33,18,27,11,52" hai2="94,6,48,72,78,37,118,0,100,115,3,71,135" hai3="98,113,106,16,80,10,132,26,23,111,20,13,56"/><U38/><E110/><V32/><F118/><W21/><G111/><T77/><D119/><U1/><E79/><V60/><F37/><W42/><G132/><T99/><D133/><U120/><E120/><V87/><F32/><W5/><G42/><T128/><D112/><U83/><E105/><V89/><F135/><W73/><G113/><T69/><D77/><U91/><E97/><V45/><F6/><W76/><G56/><T127/><D99/><U107/><E107/><V116/><F116/><W84/><G73/><T57/><D24/><U92/><E83/><V28/><F28/><W14/><G106/><T55/><D22/><N who="3" m="8809" /><G98/><T19/><D19/><U88/><E91/><V51/><F115/><W12/><AGARI ba="0,0" hai="5,10,12,13,14,16,23,26,76,80,84" m="8809" machi="12" ten="30,2000,0" yaku="8,1,54,1" doraHai="34" who="3" fromWho="3" sc="157,-5,141,-10,409,-5,293,20" /><INIT seed="6,0,0,0,2,88" ten="152,131,404,313" oya="2" hai0="60,91,15,132,103,108,118,9,1,48,14,37,64" hai1="42,57,94,55,54,49,20,97,67,114,24,81,44" hai2="85,111,84,128,78,13,66,117,26,45,124,123,56" hai3="87,8,38,12,2,21,116,80,25,58,95,133,122"/><V29/><F117/><W34/><G2/><T53/><D37/><U77/><E114/><V98/><F123/><W61/><G34/><T90/><D108/><U59/><E67/><V18/><F111/><W134/><G38/><T51/><D1/><U135/><E135/><V41/><F128/><W50/><G122/><T119/><D103/><U127/><E127/><V31/><F78/><W32/><G32/><T130/><D130/><U75/><E57/><V72/><F72/><W62/><G116/><N who="0" m="44587" /><D132/><U43/><E55/><V120/><F120/><W125/><G125/><T35/><D35/><U115/><E115/><V47/><F47/><W131/><G131/><T100/><D100/><U121/><E121/><V4/><F45/><W19/><G50/><N who="0" m="18987" /><D53/><U105/><E105/><V10/><F41/><W101/><G134/><T113/><D113/><U23/><E44/><V17/><F66/><W63/><G133/><T46/><D46/><U110/><E110/><V33/><F33/><W82/><G58/><N who="0" m="36887" /><D14/><U16/><E23/><V7/><F13/><W86/><G101/><AGARI ba="0,0" hai="16,20,24,42,43,49,54,59,75,77,81,94,97,101" machi="101" ten="30,3900,0" yaku="7,1,52,1,54,1" doraHai="88" who="1" fromWho="3" sc="152,0,131,39,404,0,313,-39" /><INIT seed="7,0,0,0,4,102" ten="152,170,404,274" oya="3" hai0="91,65,93,41,59,28,22,60,4,132,20,3,27" hai1="34,37,76,44,45,109,1,67,51,121,15,113,7" hai2="125,46,122,40,66,19,85,123,117,79,39,9,64" hai3="78,94,106,101,97,70,71,56,89,21,75,73,99"/><W10/><G10/><T118/><D118/><U112/><E109/><V95/><F125/><W90/><G56/><T124/><D124/><U58/><E121/><N who="2" m="46091" /><F117/><W55/><G55/><T57/><D132/><U84/><E34/><V111/><F111/><W88/><G21/><T126/><D126/><U114/><E1/><V120/><F120/><W53/><G53/><T33/><D3/><U54/><E37/><V96/><F85/><W100/><REACH who="3" step="1"/><G78/><REACH who="3" ten="152,170,404,264" step="2"/><T23/><D4/><U128/><E7/><V82/><F79/><W5/><G5/><T110/><D110/><U63/><E54/><V31/><F66/><W69/><AGARI ba="0,1" hai="69,70,71,73,75,88,89,90,94,97,99,100,101,106" machi="69" ten="40,12000,1" yaku="1,1,0,1,52,1,54,1,53,0" doraHai="102" doraHaiUra="42" who="3" fromWho="3" sc="152,-40,170,-40,404,-40,264,130" owari="112,-39.0,130,-27.0,364,16.0,394,50.0" /></mjloggm>