<mjloggm ver="2.3"><GO type="169" lobby="0"/><UN n0="%E5%A1%A9%E9%85%B8%E3%81%94%E3%81%8F%E3%81%94%E3%81%8F" n1="%E5%B0%B1%E6%B4%BB%E7%94%9F%40%E5%B7%9D%E6%9D%91%E8%BB%8D%E5%9B%A3" n2="%E3%81%AA%E3%81%AA%E3%81%BF%E3%82%93%E3%81%94" n3="%E3%83%8B%E3%83%A3%E3%83%83%E3%83%94%E3%83%BC%E5%A4%8F%E7%9B%AE" dan="16,18,16,16" rate="2128.30,2264.44,2040.42,2101.35" sx="M,M,M,M"/><TAIKYOKU oya="0"/><INIT seed="0,0,0,2,3,27" ten="250,250,250,250" oya="0" hai0="114,42,10,126,70,110,67,19,33,44,12,63,58" hai1="48,23,99,128,85,111,118,15,84,135,7,71,55" hai2="98,91,49,125,45,38,88,68,72,133,21,96,130" hai3="32,1,124,16,20,28,62,18,14,29,31,61,40"/><T73/><D114/><U121/><E118/><V129/><F38/><W117/><G117/><T86/><D73/><U53/><E71/><V75/><F68/><W76/><G32/><T101/><D126/><U54/><E121/><V39/><F39/><W102/><G1/><T119/><D119/><U131/><E135/><V25/><F133/><W109/><G124/><T95/><D110/><U3/><E3/><V35/><F35/><W37/><G109/><T90/><D101/><U26/><E99/><V50/><F125/><W17/><G102/><T2/><D33/><U106/><E106/><V11/><F11/><W9/><G76/><T103/><D103/><U87/><E111/><V100/><F100/><W79/><G79/><T104/><D104/><U81/><E81/><V59/><F59/><W24/><REACH who="3" step="1"/><G18/><REACH who="3" ten="250,250,250,240" step="2"/><T0/><REACH who="0" step="1"/><D70/><REACH who="0" ten="240,250,250,240" step="2"/><U134/><E134/><V8/><F72/><W69/><G69/><T34/><D34/><U120/><E120/><V108/><F75/><W115/><G115/><T89/><D89/><U47/><E128/><V36/><F108/><W52/><G52/><T30/><D30/><N who="1" m="17759" /><E131/><V46/><F129/><W60/><G60/><T80/><D80/><U97/><E55/><V82/><F130/><W43/><G43/><T78/><D78/><U93/><E54/><V66/><F82/><W56/><G56/><T57/><D57/><U92/><E53/><V4/><F91/><W65/><G65/><T123/><D123/><U105/><E105/><V6/><F66/><W5/><G5/><T112/><D112/><U74/><E7/><V64/><F4/><RYUUKYOKU ba="0,2" sc="240,15,250,-15,250,-15,240,15" hai0="0,2,10,12,19,42,44,58,63,67,86,90,95" hai3="9,14,16,17,20,24,28,29,31,37,40,61,62" /><INIT seed="0,1,2,2,5,26" ten="255,235,235,255" oya="0" hai0="115,34,129,2,40,9,23,105,63,51,43,33,87" hai1="69,80,66,100,38,111,30,108,82,101,4,11,102" hai2="13,54,19,91,109,74,47,17,117,114,110,14,76" hai3="18,135,92,64,119,10,25,73,93,27,84,15,50"/><T126/><D105/><U12/><E38/><V29/><F114/><W42/><G73/><T103/><D115/><U20/><E69/><V97/><F74/><W131/><G119/><T52/><D103/><U55/><E66/><V39/><F76/><W106/><G106/><T134/><D63/><U46/><E46/><V21/><F117/><W90/><G131/><T127/><D129/><U77/><E55/><V7/><F7/><W98/><G135/><T81/><D23/><U94/><E94/><N who="2" m="56543" /><F39/><W59/><G64/><T122/><D9/><U22/><E80/><V35/><F35/><N who="0" m="13322" /><D2/><U67/><E67/><V3/><F3/><W41/><G41/><T130/><D122/><U32/><E32/><V70/><F70/><W123/><G123/><T62/><D62/><U133/><E133/><V107/><F107/><W83/><G92/><T58/><D134/><U71/><E71/><V1/><F1/><W132/><G132/><T118/><D118/><U96/><E96/><V68/><F68/><W49/><G49/><T65/><D65/><U99/><E99/><V125/><F47/><N who="3" m="25975" /><G59/><T61/><D51/><U89/><E22/><N who="2" m="11567" /><F54/><W37/><G37/><T16/><D130/><U45/><E45/><V5/><F5/><W48/><G48/><T75/><D75/><U79/><E20/><N who="2" m="11383" /><F125/><N who="0" m="47626" /><D43/><U57/><E57/><V28/><F21/><W36/><G36/><T60/><D60/><U31/><E4/><V0/><F0/><W56/><G56/><T72/><D72/><U6/><E6/><V85/><F85/><W124/><G124/><T120/><D120/><U53/><E11/><RYUUKYOKU ba="1,2" sc="255,-15,235,-15,235,15,255,15" hai2="28,29,109,110" hai3="10,15,18,25,27,83,84,90,93,98" /><INIT seed="1,2,2,3,3,72" ten="240,220,250,270" oya="1" hai0="13,27,8,85,78,33,25,39,21,82,54,60,43" hai1="51,11,81,4,88,65,52,106,111,48,80,119,94" hai2="104,132,58,101,34,124,67,24,1,103,55,105,45" hai3="18,97,71,92,20,28,89,109,116,41,2,9,120"/><U59/><E106/><V134/><F1/><W37/><G120/><T86/><D33/><U32/><E119/><V76/><F67/><W29/><G71/><T130/><D130/><U128/><E32/><V35/><F45/><W74/><G74/><T102/><D102/><N who="2" m="38922" /><F124/><W49/><G37/><T68/><D39/><U114/><E128/><V10/><F10/><W17/><G116/><T121/><D121/><U44/><E114/><V110/><F110/><W118/><G109/><T100/><D100/><U112/><E112/><V56/><F76/><W93/><G118/><T99/><D43/><N who="1" m="24607" /><E65/><V0/><F0/><W66/><G66/><T123/><D123/><U90/><E111/><V38/><F38/><W3/><G3/><T46/><D68/><U53/><E53/><V12/><F12/><N who="3" m="7311" /><G92/><T77/><D99/><N who="1" m="57799" /><E90/><V129/><F129/><W96/><G96/><T98/><D98/><U70/><E70/><V75/><F75/><W6/><G2/><T19/><D54/><U47/><E47/><V63/><F58/><W84/><G97/><T95/><D46/><U7/><E7/><V69/><F69/><W113/><G6/><N who="0" m="3223" /><D60/><U36/><E36/><V26/><F34/><W23/><G113/><T62/><D62/><U131/><E131/><V135/><F35/><W31/><G41/><T125/><D125/><U64/><E64/><V61/><F61/><W87/><G49/><T22/><D95/><U15/><AGARI ba="2,2" hai="4,11,15,51,52,59,80,81" m="57799,24607" machi="15" ten="30,6000,0" yaku="8,1,54,2" doraHai="72" who="1" fromWho="1" sc="240,-22,220,86,250,-22,270,-22" /><INIT seed="1,3,0,3,2,33" ten="218,306,228,248" oya="1" hai0="125,109,120,80,14,108,29,35,77,21,37,17,46" hai1="12,6,68,19,111,32,67,66,128,64,70,122,52" hai2="44,112,92,15,31,62,75,90,58,123,57,134,39" hai3="102,99,88,1,53,27,43,40,105,116,91,78,115"/><U81/><E122/><V3/><F75/><W11/><G115/><T13/><D125/><U60/><E32/><V48/><F123/><W107/><G107/><T110/><D120/><U103/><E128/><V117/><F39/><W26/><G78/><T121/><D121/><U135/><E103/><V79/><F79/><W73/><G73/><T54/><D37/><U34/><E34/><V63/><F117/><W129/><G129/><T132/><D132/><U50/><E135/><V85/><F134/><W74/><G74/><N who="0" m="43063" /><D46/><U22/><E81/><V82/><F3/><W49/><G116/><T30/><D54/><U94/><E111/><V119/><F119/><W98/><G43/><T100/><D100/><U25/><E94/><V4/><F31/><N who="0" m="11786" /><D35/><U133/><E133/><V114/><F62/><W84/><G40/><T28/><N who="0" m="11794" /><T56/><DORA hai="86" /><D56/><U36/><E36/><V101/><F63/><W127/><G98/><T38/><D38/><U24/><E70/><V131/><F131/><W7/><G127/><T97/><D97/><U20/><E6/><V41/><F101/><W126/><G126/><T76/><D76/><U42/><E42/><V71/><F71/><W47/><G91/><T69/><D69/><U113/><E113/><N who="2" m="43627" /><F92/><AGARI ba="3,0" hai="1,7,11,26,27,47,49,53,84,88,92,99,102,105" machi="92" ten="30,7700,0" yaku="7,1,52,2,54,1" doraHai="33,86" who="3" fromWho="2" sc="218,0,306,0,228,-86,248,86" /><INIT seed="2,0,0,2,5,56" ten="218,306,142,334" oya="2" hai0="47,43,0,14,98,76,75,28,7,44,62,61,128" hai1="48,4,100,68,116,67,125,27,111,50,18,123,12" hai2="23,45,52,79,129,81,37,34,85,24,32,35,121" hai3="26,122,54,70,74,66,10,39,113,135,106,31,9"/><V104/><F104/><W110/><G74/><T118/><D44/><U89/><E100/><V33/><F129/><W59/><G39/><T63/><D128/><U91/><E4/><V84/><F121/><W99/><G135/><T25/><D118/><U53/><E48/><V105/><F105/><W16/><G16/><T120/><D120/><U83/><E27/><V117/><F117/><W15/><G15/><T134/><D134/><U21/><E123/><V29/><N who="2" m="8704" /><DORA hai="131" /><V22/><F22/><W114/><G66/><T57/><D98/><U78/><E125/><V73/><REACH who="2" step="1"/><F37/><REACH who="2" ten="218,306,132,334" step="2"/><W127/><G106/><T77/><D75/><U38/><E38/><V86/><F86/><W80/><G122/><T94/><D77/><U1/><E21/><V69/><F69/><W102/><G70/><T30/><D76/><U88/><E68/><V90/><F90/><W97/><G114/><T36/><D36/><U107/><E78/><V20/><F20/><W82/><G113/><T11/><D30/><U55/><E91/><V17/><F17/><W103/><G31/><T13/><D28/><U41/><E18/><V64/><F64/><W112/><G112/><T133/><D133/><U5/><E67/><V92/><F92/><W60/><G103/><T96/><D94/><U46/><E107/><V19/><F19/><W93/><G93/><T115/><D115/><U71/><E71/><V58/><F58/><W65/><G59/><T132/><D57/><U130/><E130/><V126/><F126/><W2/><G127/><T72/><D132/><U40/><E116/><V109/><F109/><RYUUKYOKU ba="0,1" sc="218,-10,306,-10,132,30,334,-10" hai2="23,24,29,45,52,73,79,81,84,85" /><INIT seed="2,1,1,1,5,59" ten="208,296,162,324" oya="2" hai0="76,109,15,101,105,25,80,83,30,45,6,17,1" hai1="46,120,66,37,77,86,127,94,115,102,100,110,116" hai2="74,49,119,41,64,128,79,20,9,63,8,135,129" hai3="131,132,24,23,19,113,123,3,114,5,125,126,60"/><V65/><F119/><W18/><G123/><T134/><D109/><U48/><E37/><V62/><F135/><W103/><G103/><T11/><D134/><U69/><E115/><N who="3" m="44042" /><G132/><T89/><D76/><U73/><E73/><V124/><F124/><N who="3" m="47723" /><G60/><N who="2" m="23081" /><F79/><W38/><G38/><T81/><D45/><U33/><E77/><V90/><F74/><W39/><G39/><T88/><D101/><U121/><E102/><V57/><F90/><W71/><G71/><T28/><D28/><U95/><E100/><V32/><F32/><W118/><G118/><T75/><D75/><U53/><E33/><V40/><F128/><W104/><G104/><T12/><D12/><U7/><E69/><V72/><F72/><W84/><G84/><T58/><D58/><U68/><E68/><V111/><F111/><W82/><G82/><T50/><D50/><U78/><E110/><V61/><F129/><W21/><G131/><T70/><D70/><U67/><E116/><V44/><F65/><W117/><G117/><T10/><REACH who="0" step="1"/><D105/><REACH who="0" ten="198,296,162,324" step="2"/><U91/><E78/><V47/><F20/><AGARI ba="1,2" hai="1,6,10,11,15,17,20,25,30,80,81,83,88,89" machi="20" ten="40,5200,0" yaku="1,1,2,1,54,1,53,0" doraHai="59" doraHaiUra="107" who="0" fromWho="2" sc="198,75,296,0,162,-55,324,0" /><INIT seed="3,0,0,0,5,70" ten="273,296,107,324" oya="3" hai0="82,28,43,53,126,63,108,120,7,20,134,1,34" hai1="60,88,5,100,107,56,81,106,71,64,62,93,123" hai2="40,2,0,48,57,77,9,128,76,12,94,118,46" hai3="117,45,125,33,78,110,69,72,42,59,8,19,22"/><W73/><G69/><T133/><D34/><U131/><E123/><V36/><F128/><W4/><G33/><T130/><D120/><U113/><E113/><V29/><F118/><W132/><G117/><T90/><D108/><U6/><E131/><V27/><F94/><W18/><G132/><T124/><D43/><U24/><E100/><V109/><F109/><W112/><G112/><T3/><D53/><U55/><E81/><V17/><F0/><N who="0" m="74" /><D63/><U68/><E71/><V98/><F98/><W84/><G59/><T87/><D7/><U11/><E24/><V75/><F75/><W61/><G61/><T89/><D89/><U116/><E116/><V31/><F2/><W32/><G32/><T13/><D130/><U37/><E37/><V83/><F83/><W74/><G110/><T39/><D39/><U127/><E127/><N who="0" m="48681" /><D13/><U119/><E119/><V14/><F14/><W104/><G125/><T97/><D97/><U80/><E80/><V49/><F31/><W10/><G84/><T21/><D21/><U129/><E129/><V95/><F95/><W50/><G104/><T135/><D20/><U86/><E6/><V111/><F111/><W79/><G4/><T85/><D85/><U92/><E92/><V102/><F102/><W105/><G105/><T41/><D41/><U65/><E65/><V47/><F57/><W38/><G38/><T54/><D28/><U115/><E115/><V26/><F26/><N who="3" m="14679" /><G8/><T52/><AGARI ba="0,0" hai="52,54,82,87,90,133,134,135" m="48681,74" machi="52" ten="40,5200,0" yaku="20,1,18,1,54,1" doraHai="70" who="0" fromWho="0" sc="273,52,296,-13,107,-13,324,-26" /><INIT seed="4,0,0,3,0,110" ten="325,283,94,298" oya="0" hai0="103,63,122,133,135,2,8,55,3,50,58,54,6" hai1="10,115,132,66,45,111,125,72,46,83,12,60,41" hai2="24,26,97,130,13,77,14,39,56,81,121,1,134" hai3="22,107,88,11,67,37,119,102,75,87,71,7,106"/><T99/><D122/><U33/><E111/><V31/><F1/><W116/><G37/><T52/><D2/><U51/><E33/><V43/><F121/><W5/><G75/><T109/><D109/><U118/><E118/><V90/><F130/><W64/><G22/><T34/><D34/><U94/><E125/><V104/><F134/><N who="0" m="51210" /><D50/><U35/><E35/><V82/><F56/><W53/><G53/><T86/><D86/><U4/><E94/><AGARI ba="0,0" hai="3,6,8,52,54,55,58,63,94,99,103" m="51210" machi="94" ten="30,2900,0" yaku="20,1,54,1" doraHai="110" who="0" fromWho="1" sc="325,29,283,-29,94,0,298,0" /><INIT seed="4,1,0,0,2,4" ten="354,254,94,298" oya="0" hai0="104,41,15,42,3,23,36,116,53,60,59,56,40" hai1="68,99,12,31,103,91,24,79,94,129,38,55,82" hai2="127,52,90,125,120,39,74,124,17,54,72,108,110" hai3="13,95,88,66,96,0,115,102,109,98,117,87,21"/><T77/><D104/><U132/><E129/><V28/><F28/><W122/><G109/><N who="2" m="42089" /><F90/><W106/><G117/><T123/><D3/><U48/><E132/><V101/><F101/><W97/><G115/><T2/><D2/><U76/><E38/><V135/><F17/><N who="3" m="10415" /><G0/><T49/><D116/><U33/><E68/><V35/><F35/><W85/><G106/><T19/><D123/><U57/><E12/><V73/><F135/><W61/><G122/><T75/><D36/><U67/><E67/><V81/><F39/><W83/><G87/><T45/><D75/><U92/><E82/><V1/><F1/><W107/><G107/><T29/><D77/><U32/><E32/><V100/><F100/><W80/><G102/><T69/><D29/><U46/><E57/><AGARI ba="1,0" hai="57,61,66,80,83,85,88,95,96,97,98" m="10415" machi="57" ten="30,2000,0" yaku="8,1,54,1" doraHai="4" who="3" fromWho="1" sc="354,0,254,-23,94,0,298,23" /><INIT seed="5,0,0,5,1,46" ten="354,231,94,321" oya="1" hai0="5,95,118,96,52,47,37,28,85,102,6,97,59" hai1="108,120,2,77,126,93,71,57,29,89,61,33,110" hai2="66,63,78,81,44,43,87,119,123,55,86,10,49" hai3="48,83,64,107,1,79,133,127,11,94,22,135,90"/><U104/><E104/><V53/><F119/><W111/><G111/><T41/><D118/><U73/><E2/><V70/><F123/><W12/><G107/><T36/><D36/><U132/><E120/><V51/><F10/><W116/><G116/><T17/><D85/><U38/><E38/><V58/><REACH who="2" step="1"/><F43/><REACH who="2" ten="354,231,84,321" step="2"/><W24/><G11/><T7/><D41/><U76/><E110/><V88/><F88/><W121/><G90/><T92/><D5/><U82/><E108/><V30/><F30/><W3/><G121/><T40/><D7/><U65/><E77/><V75/><AGARI ba="0,1" hai="44,49,51,53,55,58,63,66,70,75,78,81,86,87" machi="75" ten="20,8000,1" yaku="1,1,0,1,7,1,52,2,53,0" doraHai="46" doraHaiUra="32" who="2" fromWho="2" sc="354,-20,231,-40,84,90,321,-20" /><INIT seed="6,0,0,1,4,120" ten="334,191,174,301" oya="2" hai0="28,52,111,77,132,26,131,123,115,127,79,18,46" hai1="102,58,1,85,3,86,12,112,107,121,9,15,20" hai2="0,14,74,125,44,47,80,64,31,100,63,35,94" hai3="109,118,134,34,30,113,108,45,32,130,27,101,65"/><V69/><F0/><W17/><G45/><T83/><D18/><U135/><E121/><V51/><F125/><W66/><G118/><T87/><D111/><N who="3" m="42569" /><G101/><T119/><D119/><U78/><E135/><V133/><F133/><W11/><G66/><T96/><D127/><U5/><E112/><V117/><F117/><W23/><G65/><T25/><D115/><U98/><E3/><V128/><F128/><W56/><G56/><T106/><D131/><U53/><E78/><V13/><F80/><W50/><G50/><T68/><D68/><U49/><E20/><V82/><F82/><W122/><G122/><T7/><D87/><U24/><E24/><V93/><F74/><W99/><G99/><T38/><D26/><U126/><E126/><V103/><F44/><W61/><G61/><T105/><D25/><U22/><E22/><V33/><F100/><W73/><G73/><T40/><D96/><U59/><E59/><V10/><F14/><N who="3" m="7391" /><G113/><T41/><D46/><U62/><E62/><V124/><F124/><W76/><G76/><T36/><D79/><U72/><E72/><V19/><F103/><W39/><G39/><T84/><D38/><U67/><E67/><V71/><F71/><W89/><G134/><T110/><D36/><U116/><E116/><V97/><F97/><W4/><G130/><T75/><D77/><U114/><E114/><V90/><F90/><W29/><G89/><T70/><D75/><U54/><E54/><N who="2" m="30079" /><F35/><N who="3" m="13355" /><G4/><T91/><D110/><U81/><E81/><V21/><F33/><W2/><G2/><T42/><D132/><U104/><E104/><RYUUKYOKU ba="0,0" sc="334,-30,191,10,174,10,301,10" hai1="1,5,9,12,15,49,53,58,85,86,98,102,107" hai2="10,13,19,21,31,63,64,69,93,94" hai3="23,27,29,30" /><INIT seed="6,1,0,0,2,133" ten="304,201,184,311" oya="2" hai0="47,69,56,54,2,112,41,100,101,97,123,49,55" hai1="120,128,115,37,5,76,80,35,52,33,36,18,78" hai2="32,30,131,3,11,93,12,51,0,43,67,24,28" hai3="73,99,59,38,96,60,66,75,70,21,108,64,63"/><V92/><F131/><W39/><G108/><T81/><D123/><U22/><E120/><V19/><F67/><W84/><G84/><T111/><D111/><U134/><E134/><V17/><F30/><W102/><G21/><T110/><D69/><U29/><E5/><V113/><F113/><W105/><REACH who="3" step="1"/><G99/><REACH who="3" ten="304,201,184,301" step="2"/><T90/><D97/><U127/><E128/><V132/><F132/><W65/><G65/><T71/><D110/><U126/><E115/><V16/><F0/><W53/><G53/><T135/><D55/><U58/><E35/><V85/><F3/><W114/><G114/><T107/><D54/><U6/><E33/><V98/><F85/><W62/><G62/><T130/><D2/><U68/><E22/><V1/><F1/><W9/><G9/><T20/><D20/><U116/><E52/><V106/><F106/><W45/><G45/><T88/><D47/><U89/><E116/><V48/><F98/><W94/><G94/><T57/><D107/><U82/><E80/><V23/><F32/><W42/><G42/><T14/><D81/><U8/><E82/><V15/><F43/><W50/><G50/><N who="2" m="18985" /><F11/><W44/><G44/><T26/><D41/><U103/><E8/><V125/><F125/><W119/><G119/><T61/><D112/><U129/><E129/><V27/><F27/><W121/><G121/><T31/><D26/><U13/><E126/><V7/><F7/><W87/><G87/><T34/><D130/><U79/><E127/><V109/><F109/><W40/><G40/><T83/><D135/><U95/><E6/><V124/><F124/><RYUUKYOKU ba="1,1" sc="304,-15,201,-15,184,15,301,15" hai2="12,15,16,17,19,23,24,28,92,93" hai3="38,39,59,60,63,64,66,70,73,75,96,102,105" /><INIT seed="6,2,1,3,5,24" ten="289,186,199,316" oya="2" hai0="56,54,17,44,42,19,101,69,8,13,62,105,93" hai1="90,106,0,55,84,64,58,70,85,6,12,76,82" hai2="108,83,116,91,28,86,73,67,72,49,81,111,15" hai3="21,35,51,4,63,47,3,45,41,78,127,2,135"/><V25/><F116/><W27/><G35/><T1/><D1/><U60/><E106/><V109/><F67/><W71/><G135/><T128/><D128/><U34/><E34/><V10/><F49/><W131/><G131/><T36/><D69/><U23/><E0/><V92/><F81/><W134/><G134/><T16/><D105/><U9/><E23/><V117/><F117/><W115/><G127/><T87/><D101/><U104/><E104/><V40/><F40/><W79/><G47/><T95/><D87/><U43/><E43/><V114/><F114/><W66/><G115/><T133/><D133/><U7/><E70/><V113/><F113/><W77/><REACH who="3" step="1"/><G4/><REACH who="3" ten="289,186,199,306" step="2"/><T125/><D125/><U65/><REACH who="1" step="1"/><E7/><REACH who="1" ten="289,176,199,306" step="2"/><N who="2" m="3551" /><F83/><AGARI ba="2,3" hai="6,9,12,55,58,60,64,65,76,82,83,84,85,90" machi="83" ten="30,3900,0" yaku="1,1,7,1,8,1,53,0" doraHai="24" doraHaiUra="68" who="1" fromWho="2" sc="289,0,176,75,199,-45,306,0" /><INIT seed="7,0,0,4,4,24" ten="289,251,154,306" oya="3" hai0="95,35,61,0,135,120,109,96,110,105,114,56,60" hai1="88,42,29,19,78,47,39,84,112,41,79,129,127" hai2="89,121,104,49,119,97,118,67,122,48,50,43,11" hai3="2,76,92,59,133,57,1,64,40,116,117,46,51"/><W73/><G76/><T5/><D120/><N who="2" m="46186" /><F89/><W65/><G73/><T108/><D135/><U38/><E127/><V91/><F91/><W4/><G92/><T128/><D128/><U25/><E129/><V33/><F97/><W107/><G107/><T54/><D114/><U106/><E112/><V113/><F104/><W82/><G82/><T28/><D105/><U80/><E106/><V62/><F11/><W10/><G1/><T70/><D70/><U44/><E19/><V69/><F33/><AGARI ba="0,0" hai="25,29,33,38,39,41,42,44,47,78,79,80,84,88" machi="33" ten="30,7700,0" yaku="7,1,9,1,52,1,54,1" doraHai="24" who="1" fromWho="2" sc="289,0,251,77,154,-77,306,0" owari="289,-11.0,328,42.0,77,-42.0,306,11.0" /></mjloggm>