<mjloggm ver="2.3"><GO type="225" lobby="0"/><UN n0="%E6%9D%8E%E8%B3%80" n1="%4B%52%65%72%65%65%65%4E" n2="%E3%82%A6%E3%83%AB%E3%83%88%E3%83%A9%E7%AB%8B%E7%9B%B4" n3="%6C%65%74%69%74%62%65" dan="16,16,17,17" rate="2065.67,2180.44,2132.71,2205.23" sx="M,M,M,F"/><TAIKYOKU oya="0"/><INIT seed="0,0,0,5,3,131" ten="250,250,250,250" oya="0" hai0="100,86,101,21,51,75,57,117,112,0,82,27,66" hai1="96,55,76,39,115,8,119,105,71,72,23,69,128" hai2="20,56,11,12,3,99,9,53,16,122,64,127,113" hai3="22,125,83,14,124,50,26,29,13,94,60,111,95"/><T44/><D112/><U25/><E119/><V52/><F122/><W54/><G111/><T65/><D0/><U109/><E39/><V10/><F113/><W114/><G114/><T28/><D75/><U106/><E115/><V15/><F127/><N who="3" m="48715" /><G60/><T63/><D66/><U62/><E128/><V79/><F3/><W7/><G83/><T81/><D117/><U110/><E8/><N who="2" m="3179" /><F79/><W92/><G7/><T17/><D17/><U48/><E62/><N who="2" m="37959" /><F99/><W134/><G134/><T24/><D24/><U93/><E71/><V77/><F77/><W104/><G104/><T46/><D82/><U31/><E69/><V84/><F84/><W107/><G107/><T90/><REACH who="0" step="1"/><D46/><AGARI ba="0,0" hai="13,14,22,26,29,46,50,54,92,94,95" m="48715" machi="46" ten="30,1000,0" yaku="18,1" doraHai="131" who="3" fromWho="0" sc="250,-10,250,0,250,0,250,10" /><INIT seed="1,0,0,4,2,99" ten="240,250,250,260" oya="1" hai0="108,10,17,129,105,70,28,76,49,5,91,104,118" hai1="4,133,13,96,16,25,111,11,94,61,63,27,106" hai2="58,8,109,124,102,95,101,26,9,110,40,62,87" hai3="29,24,116,56,103,77,31,107,117,67,55,33,15"/><U50/><E106/><V46/><F26/><N who="1" m="9737" /><E133/><V21/><F21/><W51/><G31/><T60/><D118/><N who="3" m="45673" /><G77/><T132/><D28/><U7/><E111/><N who="2" m="42507" /><F124/><W120/><G120/><T121/><D129/><U45/><E7/><V72/><F72/><W83/><G83/><T130/><D91/><U44/><E4/><V35/><F35/><W78/><G78/><T88/><D76/><U42/><E45/><V86/><F9/><W68/><G15/><T90/><D10/><U37/><E37/><N who="2" m="21775" /><F8/><W64/><G68/><T125/><D5/><U48/><E50/><V30/><F30/><W122/><G122/><T134/><D70/><U82/><E82/><V126/><F126/><W59/><G59/><T65/><D49/><U114/><E114/><V38/><F38/><W6/><G6/><T131/><D125/><U85/><E85/><N who="2" m="32267" /><F95/><W41/><G41/><T14/><D108/><U66/><E66/><AGARI ba="0,0" hai="58,62,66,101,102" m="32267,21775,42507" machi="66" ten="30,3900,0" yaku="14,1,52,2" doraHai="99" who="2" fromWho="1" sc="240,0,250,-39,250,39,260,0" /><INIT seed="2,0,0,0,1,1" ten="240,211,289,260" oya="2" hai0="110,71,96,62,125,8,85,104,61,82,0,25,21" hai1="31,27,37,121,44,14,93,58,65,24,88,35,66" hai2="79,49,101,70,7,52,68,103,87,30,57,42,46" hai3="29,60,55,108,120,34,28,128,11,84,109,75,130"/><V100/><F30/><N who="3" m="11883" /><G75/><T5/><D71/><U69/><E27/><V91/><F79/><W122/><G34/><T47/><D110/><N who="3" m="42601" /><G84/><T17/><D125/><U118/><E118/><V64/><F64/><W4/><G55/><T39/><D104/><U102/><E102/><V124/><F124/><W116/><G60/><T114/><D96/><U26/><E121/><N who="3" m="46698" /><G116/><T134/><D114/><U113/><E113/><V92/><REACH who="2" step="1"/><F7/><REACH who="2" ten="240,211,279,260" step="2"/><W19/><G19/><T89/><D17/><U9/><E66/><V43/><F43/><W106/><G106/><T111/><D5/><U133/><E65/><V20/><F20/><W56/><G56/><T77/><D21/><U48/><E58/><V54/><F54/><W50/><G50/><AGARI ba="0,1" hai="42,46,49,50,52,57,68,70,87,91,92,100,101,103" machi="50" ten="40,3900,0" yaku="1,1,54,1,53,0" doraHai="1" doraHaiUra="72" who="2" fromWho="3" sc="240,0,211,0,279,49,260,-39" /><INIT seed="2,1,0,1,0,68" ten="240,211,328,221" oya="2" hai0="79,76,82,118,84,17,100,119,42,69,88,45,30" hai1="72,109,81,124,92,101,9,103,49,40,97,132,62" hai2="135,115,41,52,16,57,3,105,122,10,55,71,28" hai3="87,95,75,53,64,96,11,4,0,66,54,86,77"/><V7/><F71/><W78/><G75/><T111/><D69/><U70/><E109/><V134/><F122/><W128/><G128/><T107/><D111/><U91/><E124/><V56/><F105/><W102/><G86/><T32/><D17/><U83/><E132/><V59/><F28/><W14/><G0/><T1/><D1/><U43/><E70/><V18/><F41/><N who="1" m="15945" /><E62/><V51/><F115/><W63/><G66/><T93/><D107/><U61/><E61/><N who="2" m="35975" /><F57/><N who="3" m="36975" /><G87/><T46/><D46/><U21/><E9/><V26/><F26/><W44/><G54/><T120/><D120/><U29/><E49/><AGARI ba="1,0" hai="4,11,14,44,49,53,77,78,95,96,102" m="36975" machi="49" ten="30,1000,0" yaku="8,1" doraHai="68" who="3" fromWho="1" sc="240,0,211,-13,328,0,221,13" /><INIT seed="3,0,0,0,5,83" ten="240,198,328,234" oya="3" hai0="46,84,80,8,95,16,132,114,86,121,43,113,59" hai1="134,6,101,129,29,24,3,11,47,53,124,71,44" hai2="88,26,27,74,57,94,41,7,93,61,79,14,64" hai3="1,109,89,13,19,21,62,9,63,28,32,0,100"/><W115/><G115/><T119/><D121/><U15/><E124/><V108/><F108/><W36/><G36/><N who="0" m="21863" /><D80/><U56/><E129/><V42/><F79/><W90/><G100/><T22/><D8/><U35/><E134/><V135/><F74/><W125/><G125/><T105/><D105/><U120/><E120/><V12/><F94/><W37/><G37/><T52/><D95/><U18/><E71/><V102/><F102/><W39/><G39/><T40/><D40/><U65/><E65/><V122/><F14/><W45/><G45/><T73/><D73/><U106/><E101/><V131/><F131/><W111/><G32/><T87/><D119/><U72/><E72/><V50/><F42/><W70/><G1/><T17/><D22/><U112/><E112/><N who="0" m="43113" /><D132/><U58/><E106/><V117/><F135/><W54/><G0/><T126/><D126/><U98/><E98/><V128/><F128/><W127/><G127/><T123/><D123/><U55/><E58/><V103/><F117/><W20/><G20/><T130/><D130/><U82/><E82/><V48/><F122/><W81/><G81/><T2/><D2/><U5/><E5/><V25/><F7/><W31/><G21/><T23/><D23/><N who="1" m="11743" /><E56/><V104/><F57/><N who="3" m="35127" /><G111/><T92/><D92/><U30/><E30/><N who="3" m="11306" /><G109/><T10/><D10/><U85/><E85/><N who="2" m="52367" /><F104/><W38/><G38/><T133/><D133/><U33/><E33/><V67/><F103/><W91/><G70/><T60/><AGARI ba="0,0" hai="16,17,52,59,60,84,86,87" m="43113,21863" machi="60" ten="30,12000,2" yaku="11,1,52,3,54,2" doraHai="83" who="0" fromWho="0" sc="240,120,198,-30,328,-30,234,-60" owari="360,46.0,168,-33.0,298,10.0,174,-23.0" /></mjloggm>