<mjloggm ver="2.3"><GO type="169" lobby="0"/><UN n0="%E3%81%93%E3%82%93%E3%81%BA%E3%81%84%E3%81%A8%E3%81%86%E3%81%B5" n1="%70%6C%75%6D%34%31%33%39" n2="%E5%B0%B1%E6%B4%BB%E7%94%9F%40%E5%B7%9D%E6%9D%91%E8%BB%8D%E5%9B%A3" n3="%E7%88%86%E5%BC%BE%E4%BA%94%E9%83%8E%EF%BC%92" dan="17,16,17,17" rate="2121.58,2013.71,2201.52,2140.26" sx="F,M,M,M"/><TAIKYOKU oya="0"/><INIT seed="0,0,0,2,2,8" ten="250,250,250,250" oya="0" hai0="2,116,68,18,60,104,21,128,117,43,77,27,7" hai1="122,23,101,49,88,63,3,97,25,35,33,79,31" hai2="126,121,51,70,69,29,41,132,74,15,120,14,125" hai3="72,83,127,91,61,78,5,82,24,9,96,108,86"/><T112/><D112/><U32/><E122/><N who="2" m="47211" /><F74/><W53/><G127/><N who="2" m="48649" /><F29/><W135/><G135/><T105/><D128/><U81/><E3/><V123/><F132/><W90/><G108/><T102/><D43/><U6/><E6/><V42/><N who="2" m="47219" /><V92/><DORA hai="94" /><F51/><W28/><G53/><T34/><D77/><U11/><E11/><V75/><F92/><W38/><G61/><T89/><D89/><U73/><E63/><V16/><F75/><W0/><G38/><T66/><D34/><U26/><E49/><V114/><F114/><W55/><G55/><T44/><D44/><U93/><REACH who="1" step="1"/><E26/><REACH who="1" ten="250,240,250,250" step="2"/><V37/><F37/><W47/><G24/><T65/><D27/><U30/><E30/><V98/><F70/><W45/><G28/><T100/><D68/><U22/><E22/><N who="2" m="11543" /><F69/><W111/><G111/><T56/><D60/><U62/><E62/><V124/><F124/><W39/><G39/><T129/><D66/><U13/><E13/><V48/><F48/><W4/><G4/><T76/><D7/><U71/><E71/><V115/><F115/><W99/><G5/><T131/><D65/><U67/><E67/><V50/><F50/><W87/><G9/><T95/><D131/><U106/><E106/><V12/><F41/><W119/><G0/><T64/><D2/><U103/><AGARI ba="0,1" hai="23,25,31,32,33,35,73,79,81,88,93,97,101,103" machi="103" ten="40,8000,1" yaku="1,1,0,1,52,1,54,1,53,1" doraHai="8,94" doraHaiUra="84,109" who="1" fromWho="1" sc="250,-40,240,90,250,-20,250,-20" /><INIT seed="1,0,0,0,4,27" ten="210,330,230,230" oya="1" hai0="131,66,103,85,132,56,17,73,33,81,30,126,23" hai1="36,62,61,134,48,105,89,6,88,41,53,72,64" hai2="29,96,91,37,57,54,42,11,20,100,58,122,102" hai3="35,94,121,90,4,98,70,65,92,34,49,44,8"/><U19/><E105/><V16/><F122/><W25/><G121/><T3/><D73/><U124/><E72/><V46/><F11/><W2/><G70/><T84/><D3/><U93/><E6/><V135/><F135/><W117/><G65/><T69/><D69/><U10/><E62/><V125/><F125/><W71/><G71/><T67/><D132/><U1/><E134/><V114/><F114/><W101/><G117/><T40/><D126/><U79/><E79/><V104/><F100/><W112/><G112/><T43/><D131/><U127/><E19/><V95/><F54/><W119/><G119/><T32/><D103/><U51/><E36/><V75/><F75/><W133/><G133/><T59/><D23/><U63/><E89/><V120/><F120/><W15/><G2/><T7/><D17/><U76/><E76/><V106/><F29/><W128/><G25/><T45/><D45/><U22/><E22/><V50/><F37/><W113/><G128/><T47/><D47/><N who="1" m="25711" /><E64/><V110/><F110/><W74/><G113/><T38/><D38/><U68/><E68/><V21/><F21/><W129/><G129/><T115/><D115/><U39/><E39/><V130/><F130/><W55/><G74/><T97/><D7/><N who="1" m="1391" /><E124/><V116/><F116/><W77/><REACH who="3" step="1"/><G77/><REACH who="3" ten="210,330,230,220" step="2"/><T78/><D78/><U107/><E127/><V109/><F109/><W111/><G111/><T80/><D97/><AGARI ba="0,1" hai="4,8,15,34,35,44,49,55,90,92,94,97,98,101" machi="97" ten="30,2000,0" yaku="1,1,7,1,53,0" doraHai="27" doraHaiUra="52" who="3" fromWho="0" sc="210,-20,330,0,230,0,220,30" /><INIT seed="2,0,0,5,0,51" ten="190,330,230,250" oya="2" hai0="43,55,84,10,7,123,65,60,34,96,41,85,45" hai1="119,80,64,0,108,86,125,61,117,9,20,62,25" hai2="82,91,44,11,1,118,87,93,101,48,89,21,98" hai3="103,75,13,3,132,110,8,99,63,31,97,105,2"/><V128/><F118/><W50/><G75/><T104/><D123/><U54/><E125/><V116/><F116/><W47/><G132/><T28/><D43/><U67/><E108/><V92/><F128/><W42/><G110/><T39/><D28/><U112/><E112/><V4/><F21/><W52/><G31/><T53/><D34/><U37/><E37/><V14/><F1/><W24/><G24/><T26/><D26/><U23/><E25/><V56/><F56/><W49/><G63/><T38/><D38/><U22/><E54/><V120/><F120/><W77/><G99/><T30/><D30/><U32/><E32/><V46/><REACH who="2" step="1"/><F48/><REACH who="2" ten="190,330,220,250" step="2"/><W94/><G105/><T90/><D104/><U129/><E129/><V133/><F133/><W35/><G35/><T29/><D29/><U79/><E117/><V27/><F27/><W12/><G12/><T81/><D96/><AGARI ba="0,1" hai="4,11,14,44,46,82,87,89,91,92,93,96,98,101" machi="96" ten="30,11600,0" yaku="1,1,7,1,8,1,53,1" doraHai="51" doraHaiUra="83" who="2" fromWho="0" sc="190,-116,330,0,220,126,250,0" /><INIT seed="2,1,0,1,1,4" ten="74,330,346,250" oya="2" hai0="74,19,27,0,15,100,116,93,129,5,59,135,72" hai1="49,14,86,101,85,70,50,98,73,6,78,8,88" hai2="122,121,124,117,17,22,63,47,41,7,58,119,109" hai3="99,61,108,52,89,125,12,18,130,45,44,29,105"/><V75/><F75/><W21/><G125/><T28/><D135/><U9/><E70/><V71/><F7/><W111/><G130/><T67/><D129/><U126/><E126/><V16/><F124/><W11/><G105/><T132/><D132/><U69/><E69/><V65/><F109/><N who="3" m="42059" /><G29/><T123/><D123/><U76/><E86/><V51/><F17/><N who="3" m="8351" /><G99/><T104/><D104/><U91/><E91/><V35/><F35/><W32/><G32/><T96/><D116/><U77/><E9/><V103/><F103/><W20/><G89/><T128/><D128/><U53/><E53/><V118/><REACH who="2" step="1"/><F71/><REACH who="2" ten="74,330,336,250" step="2"/><W84/><G18/><T94/><D74/><U87/><E73/><V131/><F131/><W68/><G68/><T26/><D72/><U97/><E101/><V43/><F43/><W55/><G45/><T134/><D134/><U38/><E87/><V42/><F42/><W82/><G44/><T46/><D46/><U95/><E38/><V120/><F120/><W81/><G81/><T90/><D5/><U115/><E115/><V133/><F133/><W64/><G82/><T60/><D0/><U92/><E92/><V34/><F34/><W37/><G37/><T36/><D36/><U102/><E102/><V40/><F40/><W48/><G84/><N who="0" m="52423" /><D28/><U30/><E30/><V25/><AGARI ba="1,1" hai="16,22,25,41,47,51,58,63,65,117,118,119,121,122" machi="25" ten="30,18000,2" yaku="1,1,0,1,54,1,53,3" doraHai="4" doraHaiUra="114" who="2" fromWho="2" sc="74,-61,330,-61,336,193,250,-61" /><INIT seed="2,2,0,4,1,61" ten="13,269,529,189" oya="2" hai0="36,51,70,87,56,97,114,7,57,93,27,71,0" hai1="109,44,126,128,94,32,98,5,85,116,2,74,35" hai2="115,58,112,96,101,125,52,105,69,28,54,104,134" hai3="48,30,46,34,103,122,26,50,10,107,41,18,83"/><V129/><F69/><W68/><G122/><T63/><D36/><U135/><E85/><V79/><F105/><W120/><G120/><T49/><D114/><U131/><E74/><V55/><F129/><W78/><G68/><T88/><D70/><U60/><E60/><V123/><F123/><W47/><G107/><T108/><D108/><U40/><E126/><V91/><F125/><W1/><G103/><T99/><D71/><U86/><E86/><V3/><F3/><W16/><G1/><T39/><D39/><U124/><E124/><V73/><F134/><W132/><G132/><T53/><D0/><U89/><E116/><V8/><F28/><W77/><G10/><T117/><D117/><U110/><E135/><V67/><F91/><W65/><G65/><N who="0" m="39143" /><D7/><U82/><E82/><V118/><F118/><W13/><G13/><T111/><D111/><U62/><E62/><V127/><F127/><W76/><REACH who="3" step="1"/><G83/><REACH who="3" ten="13,269,529,179" step="2"/><T38/><D38/><N who="1" m="21527" /><E110/><V100/><F104/><W33/><G33/><T37/><D37/><U113/><E109/><V81/><F8/><W133/><G133/><T92/><D27/><U12/><E2/><V66/><F100/><W59/><G59/><N who="0" m="33199" /><D93/><U19/><E128/><V121/><F58/><W6/><G6/><T29/><D29/><U17/><E5/><V43/><F121/><W4/><G4/><T24/><D24/><U75/><E131/><V45/><F112/><W23/><G23/><T90/><D90/><U42/><E89/><V84/><F115/><W80/><G80/><T14/><D14/><U102/><E12/><V72/><F81/><RYUUKYOKU ba="2,1" sc="13,15,269,-15,529,-15,179,15" hai0="51,57,87,88,92,97,99" hai3="16,18,26,30,34,41,46,47,48,50,76,77,78" /><INIT seed="3,3,1,2,1,110" ten="28,254,514,194" oya="3" hai0="38,17,131,88,40,1,111,97,30,31,52,126,73" hai1="42,133,13,76,134,84,35,83,128,19,63,28,116" hai2="85,53,78,74,59,3,118,127,45,81,102,75,65" hai3="62,101,26,120,2,68,23,80,14,79,112,93,124"/><W77/><G2/><T12/><D1/><U11/><E128/><V108/><F118/><W32/><G32/><T105/><D111/><U115/><E116/><V9/><F108/><W47/><G120/><T107/><D131/><U8/><E8/><V130/><F127/><W41/><G124/><T27/><D126/><U39/><E63/><V0/><F130/><W21/><G14/><T57/><D73/><U61/><E61/><V18/><F102/><W103/><G23/><T86/><D38/><U25/><E42/><V113/><F113/><W96/><G112/><T43/><D107/><U72/><E39/><V94/><F65/><W117/><G103/><T44/><D97/><U100/><E100/><V135/><F135/><N who="1" m="51721" /><E84/><V37/><F37/><W119/><G79/><T82/><D105/><U60/><E60/><V10/><F45/><W129/><G129/><T106/><D106/><U92/><E92/><V58/><F94/><W55/><G41/><N who="0" m="15947" /><D44/><U29/><E29/><V33/><F85/><W20/><G20/><N who="0" m="11303" /><D27/><U98/><E98/><V54/><F33/><W91/><G101/><T109/><D109/><U36/><E36/><V5/><F75/><W24/><G24/><T104/><D104/><U87/><E72/><V34/><F34/><W4/><G47/><T7/><D7/><U15/><E13/><N who="2" m="7471" /><F0/><W90/><G4/><T49/><AGARI ba="3,1" hai="30,31,49,52,57,82,86,88" m="11303,15947" machi="49" ten="30,4000,0" yaku="8,1,54,2" doraHai="110" who="0" fromWho="0" sc="28,59,254,-13,514,-13,194,-23" /><INIT seed="4,0,0,2,4,52" ten="87,241,501,171" oya="0" hai0="59,6,25,86,28,128,9,96,46,37,129,90,74" hai1="77,79,91,56,61,67,92,126,87,41,98,48,69" hai2="2,108,119,20,71,7,1,105,38,17,10,0,95" hai3="42,83,118,16,47,76,50,5,29,123,99,24,121"/><T130/><D74/><U84/><E126/><V39/><F105/><W19/><G118/><T13/><D96/><U12/><E69/><V113/><F71/><W62/><G5/><T21/><D37/><U117/><E117/><V134/><F108/><W122/><G99/><T31/><D46/><N who="1" m="25679" /><E12/><V110/><F110/><W8/><G62/><T104/><D104/><U73/><E73/><V125/><F125/><W4/><G24/><T22/><D59/><U60/><E60/><V45/><F113/><W100/><G29/><N who="0" m="17591" /><D86/><AGARI ba="0,0" hai="56,61,67,77,79,84,86,87,91,92,98" m="25679" machi="86" ten="30,2000,0" yaku="8,1,52,1" doraHai="52" who="1" fromWho="0" sc="87,-20,241,20,501,0,171,0" /><INIT seed="5,0,0,0,1,94" ten="67,261,501,171" oya="1" hai0="81,92,12,20,10,60,46,93,6,74,1,48,71" hai1="27,3,67,80,45,36,14,21,105,120,65,72,106" hai2="52,33,104,31,132,99,43,133,86,55,116,57,84" hai3="24,118,123,114,29,102,98,82,113,28,47,68,56"/><U26/><E120/><V135/><F116/><W4/><G68/><T85/><D74/><U134/><E3/><V35/><F43/><W2/><G118/><T64/><D20/><U44/><E14/><V100/><F55/><W109/><G109/><T107/><D107/><U15/><E15/><V101/><F101/><W96/><G102/><T22/><D22/><U13/><E13/><V89/><F31/><W126/><G123/><T19/><D1/><U23/><E80/><N who="2" m="49287" /><F86/><W110/><G110/><T25/><D25/><U76/><E76/><V124/><F124/><W0/><G82/><T58/><D71/><U11/><E36/><V5/><F5/><W111/><G111/><T61/><D61/><AGARI ba="0,0" hai="33,35,52,57,61,99,100,104,132,133,135" m="49287" machi="61" ten="30,3900,0" yaku="20,1,52,1,54,1" doraHai="94" who="2" fromWho="0" sc="67,-39,261,0,501,39,171,0" /><INIT seed="6,0,0,4,1,33" ten="28,261,540,171" oya="2" hai0="68,80,81,34,28,23,96,9,97,108,107,26,86" hai1="63,94,114,85,120,65,40,11,83,73,41,64,49" hai2="17,77,128,110,123,45,5,112,35,48,84,3,47" hai3="14,18,90,44,98,30,56,13,87,99,130,21,82"/><V103/><F17/><W20/><G130/><T117/><D108/><U106/><E106/><V62/><F84/><W125/><G125/><T70/><D117/><U55/><E114/><V127/><F103/><W0/><G0/><T24/><D81/><U57/><E73/><V79/><F5/><W50/><G56/><T36/><D36/><U122/><E94/><V54/><F79/><W132/><G132/><T16/><D97/><U4/><E64/><V61/><F77/><W32/><G32/><T69/><D9/><U78/><E120/><V129/><F35/><W111/><G111/><T38/><D38/><U7/><E122/><V115/><F3/><W31/><G31/><T76/><D96/><U25/><E25/><V119/><F119/><W88/><G90/><T91/><REACH who="0" step="1"/><D107/><REACH who="0" ten="18,261,540,171" step="2"/><U39/><E39/><V118/><F110/><W10/><G99/><T113/><D113/><N who="2" m="43594" /><F118/><W131/><G98/><T124/><D124/><U43/><E11/><V104/><F104/><W52/><G131/><N who="2" m="50249" /><F127/><W133/><G133/><T53/><D53/><U109/><E109/><V6/><F6/><N who="3" m="3287" /><G30/><T8/><D8/><AGARI ba="0,1" hai="8,14,18,20,21,44,50,52,82,87,88" m="3287" machi="8" ten="30,7700,0" yaku="25,1,8,1,54,2" doraHai="33" who="3" fromWho="0" sc="18,-77,261,0,540,0,171,87" owari="-59,-56.0,261,6.0,540,64.0,258,-14.0" /></mjloggm>