<mjloggm ver="2.3"><GO type="169" lobby="0"/><UN n0="%E5%B0%B1%E6%B4%BB%E7%94%9F%40%E5%B7%9D%E6%9D%91%E8%BB%8D%E5%9B%A3" n1="%E3%82%AB%E3%83%9D%E3%83%8D%E5%9B%A3%E3%81%AE%E5%85%84%E8%B2%B4" n2="%E7%8E%A9%E8%84%B1%E4%BA%86" n3="%E3%82%AE%E3%82%AC%E3%83%9E%E3%82%A4%E3%83%B3" dan="18,16,16,17" rate="2276.57,2183.79,2001.10,2179.24" sx="M,M,M,M"/><TAIKYOKU oya="0"/><INIT seed="0,0,0,5,3,63" ten="250,250,250,250" oya="0" hai0="75,45,51,85,30,119,111,70,32,117,57,86,107" hai1="102,110,132,97,131,31,15,88,94,1,130,122,62" hai2="106,84,92,108,26,39,90,24,35,77,22,104,18" hai3="46,54,76,114,50,12,115,0,55,135,128,7,23"/><T99/><D70/><U66/><E1/><V56/><F39/><W37/><G135/><T81/><D75/><U21/><E122/><V124/><F108/><W4/><G128/><N who="1" m="49194" /><E110/><V60/><F124/><W47/><G0/><T80/><D111/><U109/><E109/><V48/><F48/><W13/><G76/><T89/><D32/><U79/><E79/><V71/><F71/><W103/><G103/><T101/><D30/><U9/><E132/><V116/><F116/><W73/><G50/><T127/><D127/><U123/><E123/><V91/><F77/><W61/><G61/><T96/><D57/><N who="1" m="37199" /><E102/><V58/><F91/><W125/><G23/><T16/><D99/><U93/><E93/><V29/><REACH who="2" step="1"/><F58/><REACH who="2" ten="250,250,240,250" step="2"/><W112/><G125/><T134/><D134/><U67/><E67/><AGARI ba="0,1" hai="18,22,24,26,29,35,56,60,67,84,90,92,104,106" machi="67" ten="30,8000,1" yaku="1,1,2,1,7,1,52,1,53,1" doraHai="63" doraHaiUra="27" who="2" fromWho="1" sc="250,0,250,-80,240,90,250,0" /><INIT seed="1,0,0,3,2,43" ten="250,170,330,250" oya="1" hai0="116,135,17,81,84,132,33,15,63,125,53,30,22" hai1="44,49,99,36,24,94,50,130,57,3,85,1,102" hai2="56,126,124,129,89,113,122,118,69,111,55,121,110" hai3="34,2,101,4,87,25,77,108,59,90,115,14,86"/><U100/><E130/><V26/><F26/><W39/><G115/><T78/><D116/><U54/><E36/><V109/><F118/><W106/><G2/><T66/><D125/><N who="2" m="48234" /><F89/><W38/><G108/><T21/><D33/><U52/><E24/><V79/><F79/><W58/><G77/><T95/><D53/><U117/><E117/><V20/><F20/><W60/><G59/><T0/><D0/><U5/><E5/><V107/><F107/><W133/><G133/><N who="0" m="51275" /><D95/><U134/><E134/><V37/><F113/><W67/><G87/><T12/><D30/><U18/><E18/><V68/><F37/><W62/><G106/><T82/><D82/><U61/><E100/><V80/><F80/><W19/><G101/><T31/><D31/><U47/><REACH who="1" step="1"/><E85/><REACH who="1" ten="250,160,330,250" step="2"/><V27/><F27/><W35/><G25/><N who="0" m="14511" /><D22/><U13/><E13/><V83/><F129/><W40/><G35/><T131/><D131/><U74/><E74/><V128/><F128/><W104/><G34/><T10/><D10/><U45/><E45/><V48/><F111/><W75/><G75/><T93/><D93/><U91/><E91/><V65/><F110/><W127/><G90/><T76/><D76/><U23/><E23/><V42/><F109/><W32/><G127/><T16/><D16/><U112/><E112/><V92/><F92/><W97/><G19/><T8/><D8/><U70/><E70/><AGARI ba="0,1" hai="12,15,63,66,70,78,81,84" m="14511,51275" machi="70" ten="30,1000,0" yaku="20,1" doraHai="43" who="0" fromWho="1" sc="250,20,160,-10,330,0,250,0" /><INIT seed="2,0,0,3,0,96" ten="270,150,330,250" oya="2" hai0="120,62,17,27,50,126,83,39,47,56,90,31,12" hai1="132,40,105,1,86,16,99,135,127,25,57,70,26" hai2="106,91,131,104,88,121,84,13,73,36,85,35,75" hai3="32,24,54,30,65,81,78,97,71,107,45,130,67"/><V41/><F121/><W102/><G130/><T52/><D126/><U21/><E70/><V92/><F131/><W59/><G45/><T76/><D120/><U55/><E127/><V108/><F35/><W38/><G38/><T69/><D69/><U82/><E40/><V133/><F133/><W98/><G98/><T9/><D39/><U14/><E1/><V6/><F108/><W19/><G19/><T110/><D110/><U123/><E123/><V53/><F53/><W68/><G67/><T3/><D3/><U46/><E46/><V93/><F41/><W8/><G65/><T116/><D116/><U48/><E105/><V10/><F36/><W23/><G8/><T29/><D27/><U66/><E66/><V63/><F63/><W4/><G4/><T61/><D61/><U60/><E60/><V37/><F37/><W103/><G103/><T51/><D51/><U112/><E112/><V72/><AGARI ba="0,0" hai="6,10,13,72,73,75,84,85,88,91,92,93,104,106" machi="72" ten="30,6000,0" yaku="0,1,9,1,54,1" doraHai="96" who="2" fromWho="2" sc="270,-20,150,-20,330,60,250,-20" /><INIT seed="2,1,0,2,2,14" ten="250,130,390,230" oya="2" hai0="34,71,46,44,36,96,21,119,2,110,73,45,105" hai1="123,116,57,83,51,87,128,9,112,40,84,29,0" hai2="135,114,76,32,115,93,90,6,104,64,111,33,22" hai3="54,17,125,74,11,41,78,10,106,4,92,58,72"/><V79/><F104/><W26/><G106/><T70/><D34/><U61/><E116/><V24/><F135/><W37/><G125/><T86/><D73/><U67/><E112/><V113/><F6/><W117/><G117/><T49/><D2/><U100/><E128/><V81/><F64/><W130/><G130/><T31/><D36/><U38/><E123/><V42/><F42/><W102/><G41/><T103/><D110/><U98/><E38/><V97/><F111/><W69/><G37/><T39/><D39/><U23/><E9/><V68/><F68/><W60/><G69/><T20/><D119/><U55/><E40/><V80/><F33/><W50/><G50/><T7/><D49/><U131/><E0/><V65/><F65/><W108/><G108/><T63/><D63/><U13/><E83/><V47/><F32/><W88/><G102/><T28/><D7/><U53/><E53/><V25/><F47/><W82/><G74/><T134/><D134/><U127/><E127/><V35/><F35/><W99/><G4/><T77/><D70/><U126/><E126/><V85/><F22/><AGARI ba="1,0" hai="10,11,17,22,26,54,58,60,72,78,82,88,92,99" machi="22" ten="40,8000,1" yaku="25,2,52,1,54,1" doraHai="14" who="3" fromWho="2" sc="250,0,130,0,390,-83,230,83" /><INIT seed="3,0,0,2,1,118" ten="250,130,307,313" oya="3" hai0="111,94,21,35,25,115,2,54,134,99,27,13,50" hai1="114,53,19,127,93,82,26,7,121,34,60,79,37" hai2="92,5,135,80,62,11,1,123,78,109,120,67,85" hai3="24,124,119,129,10,31,66,91,42,77,97,46,72"/><W103/><G119/><T56/><D2/><U122/><E114/><V101/><F135/><W17/><G129/><T95/><D115/><U105/><E105/><V16/><F109/><W29/><G124/><T41/><D111/><U108/><E108/><V96/><REACH who="2" step="1"/><F16/><REACH who="2" ten="250,130,297,313" step="2"/><W81/><G17/><N who="0" m="10415" /><D134/><U106/><E127/><V18/><F18/><W107/><G31/><T47/><D35/><U40/><E19/><V30/><F30/><W133/><G10/><T102/><D95/><U74/><E93/><V88/><F88/><W43/><G133/><T58/><D58/><AGARI ba="0,1" hai="1,5,11,58,62,67,78,80,85,92,96,101,120,123" machi="58" ten="40,8000,1" yaku="1,1,52,2,53,1" doraHai="118" doraHaiUra="3" who="2" fromWho="0" sc="250,-80,130,0,297,90,313,0" /><INIT seed="4,0,0,1,0,18" ten="170,130,387,313" oya="0" hai0="121,102,12,124,39,116,64,83,96,130,11,38,3" hai1="109,78,56,30,68,72,45,127,2,31,89,66,8" hai2="114,97,61,23,19,21,0,34,81,103,63,44,90" hai3="65,93,50,26,120,52,59,107,48,131,37,51,73"/><T4/><D121/><U129/><E109/><V135/><F34/><W94/><G131/><T125/><D116/><U110/><E110/><V22/><F0/><W67/><G107/><T7/><D130/><U42/><E68/><V79/><F90/><W58/><G73/><T115/><D115/><U113/><E129/><V132/><F44/><W133/><G37/><T15/><D64/><N who="3" m="24649" /><G133/><N who="2" m="51273" /><F19/><W16/><G120/><T40/><D83/><N who="1" m="45511" /><E89/><V104/><F114/><W108/><G108/><T100/><D40/><U95/><E95/><N who="3" m="36362" /><G59/><T85/><D85/><AGARI ba="0,0" hai="21,22,23,61,63,79,81,85,97,103,104" m="51273" machi="85" ten="30,7700,0" yaku="20,1,52,3" doraHai="18" who="2" fromWho="0" sc="170,-77,130,0,387,77,313,0" /><INIT seed="5,0,0,2,3,110" ten="93,130,464,313" oya="1" hai0="125,68,117,27,39,66,107,22,83,128,101,81,32" hai1="1,55,18,91,95,73,87,108,106,99,90,100,41" hai2="53,94,4,0,34,124,118,40,133,109,13,26,33" hai3="63,37,59,74,21,52,17,12,31,28,7,15,5"/><U46/><E108/><V50/><F40/><W96/><G74/><T10/><D117/><U93/><E1/><V80/><F109/><W6/><G37/><T122/><D39/><U104/><E55/><V84/><F118/><W134/><G134/><T88/><D122/><U19/><E73/><V9/><F124/><W60/><G96/><N who="0" m="61863" /><D125/><U114/><E114/><V20/><F94/><W112/><G112/><T127/><D127/><U45/><E106/><V36/><F0/><W132/><G132/><T135/><D135/><U98/><REACH who="1" step="1"/><E45/><REACH who="1" ten="93,120,464,313" step="2"/><V11/><F133/><W69/><G63/><N who="0" m="40031" /><D128/><U79/><E79/><V67/><F53/><W102/><G52/><T131/><D131/><U23/><E23/><V24/><F20/><W58/><G21/><T130/><D130/><U129/><E129/><V2/><F33/><W14/><G60/><T78/><D22/><U121/><E121/><V89/><F34/><W47/><G47/><T123/><D123/><U126/><E126/><V120/><F2/><W25/><G31/><N who="0" m="19583" /><D10/><U75/><E75/><V105/><F11/><W62/><G28/><T48/><D78/><U16/><E16/><V85/><F9/><W70/><G17/><T30/><D30/><U57/><E57/><N who="3" m="21514" /><G62/><T92/><D48/><AGARI ba="0,1" hai="18,19,41,46,48,87,90,91,93,95,98,99,100,104" machi="48" ten="30,2900,0" yaku="1,1,7,1,53,0" doraHai="110" doraHaiUra="61" who="1" fromWho="0" sc="93,-29,120,39,464,0,313,0" /><INIT seed="5,1,0,2,3,80" ten="64,159,464,313" oya="1" hai0="122,66,9,89,125,48,46,10,108,12,117,55,90" hai1="54,14,83,131,27,72,85,45,39,40,112,60,59" hai2="47,3,133,95,36,105,121,98,57,124,135,8,110" hai3="79,106,96,63,64,13,51,87,88,82,28,104,50"/><U120/><E120/><V44/><F105/><W67/><G28/><T119/><D108/><U94/><E112/><V92/><F121/><W128/><G128/><T76/><D122/><U93/><E131/><V109/><F57/><N who="3" m="36975" /><G67/><T123/><D123/><U73/><E27/><V18/><F124/><W32/><G32/><T91/><D125/><U6/><E6/><V107/><F107/><W11/><G106/><T113/><D113/><U35/><E35/><V26/><F3/><W81/><G104/><T16/><D66/><U23/><E23/><N who="2" m="13687" /><F8/><W101/><G101/><T42/><D10/><U5/><E14/><V38/><F109/><W15/><G15/><T33/><D33/><U53/><E5/><V102/><F110/><W114/><G114/><T99/><D99/><U0/><E54/><V43/><F102/><W20/><G20/><T41/><REACH who="0" step="1"/><D76/><REACH who="0" ten="54,159,464,313" step="2"/><U116/><E0/><V58/><F98/><W77/><G96/><T19/><D19/><U65/><E65/><V34/><F34/><W22/><G79/><T56/><D56/><U97/><E97/><V71/><F58/><W127/><G127/><T7/><D7/><U52/><E59/><V86/><F71/><W69/><G69/><T84/><D84/><U61/><E61/><V70/><F86/><N who="3" m="48431" /><G22/><T115/><D115/><U62/><E62/><V31/><F70/><W100/><G100/><T78/><D78/><U134/><E60/><V1/><F1/><W118/><G118/><AGARI ba="1,1" hai="9,12,16,41,42,46,48,55,89,90,91,117,118,119" machi="118" ten="40,2600,0" yaku="1,1,54,1,53,0" doraHai="80" doraHaiUra="126" who="0" fromWho="3" sc="54,39,159,0,464,0,313,-29" /><INIT seed="6,0,0,2,5,121" ten="93,159,464,284" oya="2" hai0="37,29,125,43,41,17,61,128,99,84,0,103,64" hai1="35,115,34,45,55,24,130,66,10,101,32,70,78" hai2="62,53,13,12,65,107,39,48,86,52,31,67,105" hai3="7,104,122,97,81,71,133,83,42,112,23,116,110"/><V54/><F39/><W135/><G71/><T95/><D0/><U5/><E78/><V21/><F48/><W33/><G122/><T18/><D128/><U59/><E130/><V19/><F31/><W56/><G33/><T30/><D125/><U89/><E115/><V4/><F105/><W119/><G42/><T100/><D37/><U76/><E76/><V134/><F107/><W127/><G7/><T108/><D84/><U132/><E101/><V20/><F62/><W118/><G23/><T72/><D72/><U44/><E132/><N who="3" m="50762" /><G56/><T60/><D95/><U98/><E70/><V9/><F134/><W111/><G127/><T14/><D14/><U38/><E24/><V47/><F47/><W94/><G104/><T50/><D50/><U80/><E45/><V87/><F20/><W117/><N who="3" m="29696" /><DORA hai="68" /><W120/><G112/><T11/><D11/><U102/><E10/><V114/><F114/><W123/><G123/><T36/><D36/><U6/><E38/><V8/><F21/><W58/><G58/><T3/><D3/><U124/><E44/><V88/><F9/><W77/><G120/><T57/><D57/><U69/><E69/><V129/><F4/><W92/><G92/><T26/><D26/><U82/><E6/><V113/><F8/><W106/><G106/><T75/><D75/><U85/><E5/><V22/><F22/><W27/><G27/><T79/><D64/><U16/><E66/><V49/><F67/><W93/><G93/><T15/><D15/><U63/><E59/><V126/><F113/><W73/><G83/><N who="1" m="31786" /><E124/><V74/><F126/><RYUUKYOKU ba="0,0" sc="93,-10,159,-10,464,-10,284,30" hai3="73,77,81,94,97,110,111" /><INIT seed="7,1,0,1,0,71" ten="83,149,454,314" oya="3" hai0="63,128,53,116,115,93,68,9,25,111,94,89,44" hai1="45,118,17,120,42,66,108,132,87,102,1,109,32" hai2="20,49,130,72,73,58,54,79,3,70,0,43,96" hai3="46,22,11,16,103,57,24,81,133,18,59,67,99"/><W126/><G133/><T119/><D111/><U41/><E120/><V107/><F70/><W82/><G126/><T62/><D128/><U47/><E32/><V56/><F130/><W83/><G67/><T29/><D115/><U39/><E1/><V14/><F43/><W77/><G77/><T106/><D106/><U33/><E33/><V113/><F113/><W48/><G11/><T28/><D68/><U12/><E66/><V21/><F96/><W95/><REACH who="3" step="1"/><G18/><REACH who="3" ten="83,149,454,304" step="2"/><T40/><D9/><U91/><E132/><V50/><F79/><W98/><G98/><T55/><D116/><U92/><E118/><V131/><F131/><W104/><G104/><T26/><D119/><U123/><E123/><V30/><F107/><W5/><G5/><T122/><D122/><U31/><E17/><V125/><F125/><W6/><G6/><T101/><D101/><U121/><E102/><V65/><F65/><W88/><G88/><T15/><D89/><U135/><E121/><V129/><F129/><W110/><G110/><T60/><D15/><U117/><E117/><V51/><F14/><W52/><AGARI ba="1,1" hai="16,22,24,46,48,52,57,59,81,82,83,95,99,103" machi="52" ten="30,24000,3" yaku="1,1,0,1,8,1,54,2,53,3" doraHai="71" doraHaiUra="78" who="3" fromWho="3" sc="83,-81,149,-81,454,-81,304,253" owari="2,-50.0,68,-33.0,373,17.0,557,66.0" /></mjloggm>