<mjloggm ver="2.3"><GO type="169" lobby="0"/><UN n0="%52%69%2D%4D%6F%2D" n1="%E6%AF%94%E5%98%89%E7%A7%80%E4%BB%81" n2="%E5%B0%B1%E6%B4%BB%E7%94%9F%40%E5%B7%9D%E6%9D%91%E8%BB%8D%E5%9B%A3" n3="%E3%83%87%E3%83%87%E3%82%AD%E3%83%B3%E3%83%88" dan="17,16,18,17" rate="2198.39,2091.70,2188.67,2159.33" sx="M,M,M,M"/><TAIKYOKU oya="0"/><INIT seed="0,0,0,0,0,50" ten="250,250,250,250" oya="0" hai0="70,58,10,32,117,101,90,111,116,52,71,47,15" hai1="109,7,103,110,81,132,16,106,122,105,31,62,79" hai2="91,68,80,56,49,88,64,39,69,21,65,133,123" hai3="95,41,83,45,24,121,119,12,44,3,131,72,22"/><T29/><D101/><U59/><E122/><V118/><F39/><W55/><G3/><T89/><D47/><U93/><E31/><V125/><F123/><W1/><G1/><T74/><D74/><U26/><E7/><V76/><F125/><W85/><G119/><T134/><D32/><U128/><E128/><V115/><F115/><W11/><G72/><T53/><D29/><U30/><E93/><V94/><F133/><W25/><G131/><T2/><D2/><U4/><E4/><V46/><F118/><N who="0" m="45674" /><D58/><U5/><E5/><V9/><F9/><W97/><G121/><T14/><D10/><U48/><E48/><V19/><F68/><N who="0" m="26154" /><D134/><U38/><E38/><V17/><F69/><W102/><G41/><T112/><D112/><U73/><E132/><V8/><F8/><W100/><G100/><T63/><D63/><U99/><E106/><V77/><F56/><W114/><G114/><T27/><D27/><U54/><REACH who="1" step="1"/><E16/><REACH who="1" ten="250,240,250,250" step="2"/><V126/><F19/><W61/><G95/><T42/><D111/><U75/><E75/><V37/><F37/><W6/><G6/><T13/><D42/><U78/><E78/><V120/><F120/><W20/><G11/><T124/><D124/><U40/><E40/><N who="2" m="24775" /><F126/><W35/><G24/><T36/><D36/><U87/><E87/><N who="2" m="50279" /><F77/><W82/><G25/><T107/><D107/><U34/><AGARI ba="0,1" hai="26,30,34,54,59,62,73,79,81,99,103,105,109,110" machi="34" ten="30,4000,0" yaku="1,1,0,1,52,1,53,0" doraHai="50" doraHaiUra="127" who="1" fromWho="1" sc="250,-20,240,50,250,-10,250,-10" /><INIT seed="1,0,0,2,1,25" ten="230,290,240,240" oya="1" hai0="80,54,133,73,13,67,119,101,58,15,60,6,14" hai1="79,32,48,62,78,51,81,129,31,37,0,16,11" hai2="44,35,30,74,91,135,128,114,110,104,103,126,20" hai3="111,18,59,123,98,9,100,3,72,124,118,55,86"/><U23/><E129/><V64/><F20/><W1/><G72/><T52/><D119/><U38/><E38/><V102/><F44/><W34/><G123/><T122/><D122/><U131/><E37/><V95/><F64/><W77/><G111/><T65/><D133/><U93/><E131/><V49/><F49/><W97/><G34/><T132/><D132/><U108/><E108/><V42/><F42/><W45/><G45/><T76/><D6/><N who="1" m="1479" /><E62/><V68/><F68/><W61/><G118/><T99/><REACH who="0" step="1"/><D65/><REACH who="0" ten="220,290,240,240" step="2"/><U19/><E51/><V57/><F135/><W82/><G61/><T21/><D21/><U121/><E48/><V33/><F33/><W41/><G9/><T106/><AGARI ba="0,1" hai="13,14,15,52,54,58,60,67,73,76,80,99,101,106" machi="106" ten="30,12000,2" yaku="1,1,0,1,54,1,53,3" doraHai="25" doraHaiUra="10" who="0" fromWho="0" sc="220,130,290,-60,240,-30,240,-30" /><INIT seed="2,0,0,5,3,92" ten="350,230,210,210" oya="2" hai0="83,73,82,102,133,116,74,64,123,30,78,26,22" hai1="134,81,88,50,29,122,15,49,11,48,113,65,8" hai2="76,40,59,126,101,32,86,96,128,24,70,103,23" hai3="9,75,63,5,53,100,1,95,17,6,61,114,21"/><V14/><F70/><W121/><G121/><T105/><D123/><U68/><E122/><V35/><F126/><W41/><G75/><T52/><D133/><U54/><E134/><V87/><F128/><W13/><G114/><T98/><D116/><U33/><E113/><V112/><F112/><W115/><G115/><T89/><D64/><U18/><E11/><V34/><F40/><W124/><G124/><T42/><D42/><U10/><E10/><V125/><F125/><W44/><G5/><T46/><D89/><U57/><E68/><V90/><F59/><W80/><G80/><T43/><D52/><U120/><E120/><V31/><F14/><W111/><G53/><T104/><D104/><U109/><E109/><V127/><F127/><W85/><G111/><T39/><D83/><U135/><E135/><V94/><F76/><W132/><G132/><T60/><D60/><N who="1" m="38031" /><E33/><V117/><F117/><W36/><REACH who="3" step="1"/><G85/><AGARI ba="0,0" hai="22,26,30,39,43,46,73,74,78,82,85,98,102,105" machi="85" ten="30,2000,0" yaku="7,1,52,1" doraHai="92" who="0" fromWho="3" sc="350,20,230,0,210,0,210,-20" /><INIT seed="3,0,0,3,5,130" ten="370,230,210,190" oya="3" hai0="106,6,67,0,86,30,64,80,53,45,84,128,36" hai1="73,109,46,74,5,24,81,61,125,120,19,34,35" hai2="89,92,55,25,66,13,99,103,12,2,132,118,122" hai3="28,48,8,26,111,63,32,58,112,82,54,127,15"/><W38/><G112/><T134/><D106/><U20/><E120/><V108/><F2/><W9/><G38/><T97/><D128/><U78/><E125/><V71/><F118/><W110/><G127/><T96/><D30/><U104/><E109/><N who="3" m="41482" /><G15/><T18/><D6/><U41/><E104/><V83/><F108/><W52/><G82/><T90/><D0/><U56/><E5/><V116/><F116/><W4/><G4/><T100/><D80/><U21/><E21/><V70/><F25/><W117/><G117/><T88/><D53/><U51/><REACH who="1" step="1"/><E74/><REACH who="1" ten="370,220,210,190" step="2"/><V85/><F122/><W135/><G135/><T72/><D134/><U7/><E7/><V113/><F132/><W1/><G1/><T95/><D72/><U27/><E27/><V16/><F12/><W60/><G60/><T102/><D18/><U115/><E115/><V23/><F113/><W114/><G114/><T124/><D124/><U69/><E69/><V121/><F121/><W47/><AGARI ba="0,1" hai="8,9,26,28,32,47,48,52,54,58,63" m="41482" machi="47" ten="30,6000,0" yaku="14,1,10,1,54,1" doraHai="130" who="3" fromWho="3" sc="370,-20,220,-20,210,-20,190,70" /><INIT seed="3,1,0,5,2,48" ten="350,200,190,260" oya="3" hai0="14,102,54,126,125,90,114,109,130,87,93,46,11" hai1="129,116,23,33,121,104,57,37,42,115,70,3,38" hai2="63,89,26,44,72,22,28,77,20,40,92,45,17" hai3="133,123,30,66,21,105,47,81,95,75,132,29,61"/><W5/><G105/><T4/><D109/><U36/><RYUUKYOKU type="yao9" ba="1,0" sc="350,0,200,0,190,0,260,0" hai1="3,23,33,36,37,38,42,57,70,104,115,116,121,129" /><INIT seed="3,2,0,1,5,66" ten="350,200,190,260" oya="3" hai0="41,59,2,31,110,73,20,87,78,19,112,83,10" hai1="117,12,118,133,48,18,3,63,123,60,16,50,132" hai2="64,101,45,82,97,90,49,85,42,100,5,67,61" hai3="119,39,33,95,25,9,58,40,124,107,6,127,43"/><W54/><G107/><T53/><D110/><U84/><E3/><V55/><F5/><W34/><G95/><T38/><D31/><U69/><E123/><V96/><F42/><W72/><G72/><T92/><D112/><U11/><E84/><V75/><F75/><W8/><G119/><N who="1" m="45578" /><E18/><V1/><F1/><W23/><G39/><T29/><D20/><U7/><E7/><V126/><F126/><N who="3" m="48171" /><G43/><T46/><D53/><U14/><E14/><V113/><F113/><W125/><G40/><T114/><D59/><U24/><E24/><V37/><F37/><W134/><G134/><N who="1" m="51818" /><E63/><V102/><REACH who="2" step="1"/><F67/><AGARI ba="2,0" hai="11,12,16,48,50,60,67,69" m="51818,45578" machi="67" ten="30,7700,0" yaku="12,1,20,1,52,1,54,1" doraHai="66" who="1" fromWho="2" sc="350,0,200,83,190,-83,260,0" /><INIT seed="4,0,0,5,1,123" ten="350,283,107,260" oya="0" hai0="7,56,30,95,124,1,4,71,93,18,125,8,103" hai1="127,89,13,19,39,81,6,28,32,77,29,44,84" hai2="9,102,14,120,74,134,131,24,20,116,45,85,86" hai3="100,105,128,66,16,87,111,72,97,68,61,94,40"/><T37/><D71/><U67/><E127/><N who="0" m="48713" /><D37/><U69/><E32/><V42/><F120/><W73/><G111/><T80/><D30/><U129/><E129/><V50/><F74/><W114/><G114/><T36/><D36/><U10/><E69/><V23/><F116/><W17/><G128/><T130/><D130/><U121/><E121/><V33/><F131/><W104/><G40/><T70/><D70/><U117/><E117/><V91/><F134/><W113/><G113/><T46/><D46/><U5/><E67/><V62/><F102/><W76/><G73/><T55/><D7/><N who="1" m="2571" /><E39/><V99/><F99/><W60/><G60/><N who="0" m="35871" /><D103/><U78/><E44/><V38/><F38/><W108/><G108/><T82/><D18/><U21/><E10/><V126/><F126/><W115/><G115/><T22/><D22/><U98/><E98/><V79/><F62/><W31/><G31/><AGARI ba="0,0" hai="13,19,21,28,29,31,77,78,81,84,89" m="2571" machi="31" ten="30,1000,0" yaku="8,1" doraHai="123" who="1" fromWho="3" sc="350,0,283,10,107,0,260,-10" /><INIT seed="5,0,0,0,0,54" ten="350,293,107,250" oya="1" hai0="127,100,14,95,110,116,99,111,69,42,82,106,41" hai1="97,46,119,85,60,48,7,77,50,75,129,81,115" hai2="56,32,62,112,12,128,102,103,96,91,70,120,105" hai3="121,51,87,64,0,38,28,31,132,88,135,11,66"/><U74/><E119/><V125/><F120/><W67/><G38/><T25/><D116/><U3/><E115/><V113/><F70/><W80/><G121/><T4/><D69/><U57/><E129/><V44/><F32/><W40/><G40/><T39/><D127/><U22/><E22/><V65/><F128/><W53/><G11/><T78/><D25/><U79/><E97/><V72/><F72/><W26/><G0/><T94/><D94/><U131/><E131/><V133/><F133/><N who="3" m="51275" /><G26/><T55/><D39/><U98/><E98/><V8/><F125/><W107/><G107/><T29/><D29/><U123/><E123/><V130/><F130/><W18/><G18/><T15/><D106/><U71/><E71/><V134/><F134/><W86/><G86/><N who="0" m="48471" /><D4/><U90/><E74/><V101/><F44/><AGARI ba="0,0" hai="28,31,44,51,53,64,66,67,80,87,88" m="51275" machi="44" ten="30,2000,0" yaku="20,1,54,1" doraHai="54" who="3" fromWho="2" sc="350,0,293,0,107,-20,250,20" /><INIT seed="6,0,0,1,3,99" ten="350,293,87,270" oya="2" hai0="129,92,3,130,56,80,120,57,93,47,18,4,52" hai1="77,64,128,37,9,121,41,69,133,34,62,97,94" hai2="21,23,10,53,65,110,134,75,2,102,103,36,66" hai3="29,20,13,84,108,106,30,50,104,76,88,55,111"/><V91/><F75/><W132/><G76/><T45/><D120/><U54/><E121/><V0/><F36/><W101/><G132/><T16/><D80/><U39/><E133/><V82/><F134/><W11/><G106/><T15/><D4/><U60/><E34/><V67/><F110/><W17/><G104/><T126/><D3/><N who="2" m="1066" /><F10/><W32/><G32/><T117/><D52/><U7/><E77/><V26/><F53/><W125/><G125/><T109/><D15/><U19/><E41/><V28/><F26/><W118/><G118/><T119/><D126/><U74/><E74/><V5/><F5/><W31/><G101/><N who="2" m="38409" /><F28/><W105/><G105/><T27/><D27/><U95/><E39/><V90/><F82/><N who="3" m="49175" /><G108/><AGARI ba="0,0" hai="16,18,45,47,56,57,92,93,108,109,117,119,129,130" machi="108" ten="25,3200,0" yaku="22,2,54,1" doraHai="99" who="0" fromWho="3" sc="350,32,293,0,87,0,270,-32" /><INIT seed="7,0,0,5,0,49" ten="382,293,87,238" oya="3" hai0="66,102,67,47,85,86,9,63,26,74,100,57,34" hai1="115,38,91,107,71,16,132,134,52,62,124,118,40" hai2="8,46,90,41,50,53,95,5,105,68,21,42,31" hai3="114,113,24,12,22,93,58,83,104,6,108,106,75"/><W76/><G108/><T126/><D74/><U4/><E107/><V14/><F105/><W23/><G93/><T101/><D126/><U78/><E124/><V33/><F33/><W109/><G109/><T117/><D117/><U20/><E4/><V0/><F68/><W112/><G58/><T116/><D116/><U55/><E115/><V81/><F81/><W135/><G135/><N who="1" m="51754" /><E78/><V44/><F44/><W80/><G80/><T103/><D103/><U64/><E118/><V61/><F61/><W35/><G35/><T110/><D110/><U79/><E79/><V59/><F46/><W28/><REACH who="3" step="1"/><G22/><REACH who="3" ten="382,293,87,228" step="2"/><T89/><D57/><U122/><E122/><V19/><REACH who="2" step="1"/><F31/><REACH who="2" ten="382,293,77,228" step="2"/><W51/><G51/><T121/><D34/><U99/><E38/><V60/><F60/><W10/><AGARI ba="0,2" hai="6,10,12,23,24,28,75,76,83,104,106,112,113,114" machi="10" ten="40,7800,0" yaku="1,1,0,1,15,1,53,0" doraHai="49" doraHaiUra="84" who="3" fromWho="3" sc="382,-26,293,-26,77,-26,228,98" /><INIT seed="7,1,0,1,4,125" ten="356,267,51,326" oya="3" hai0="71,42,126,128,89,49,127,107,73,67,53,3,38" hai1="85,66,95,111,15,19,61,124,24,37,20,17,81" hai2="33,7,41,86,93,121,5,83,131,59,62,28,29" hai3="21,35,72,135,133,11,13,99,47,104,52,109,118"/><W4/><G35/><T60/><D128/><U63/><E111/><V108/><F93/><W115/><G115/><T101/><D3/><U129/><E124/><N who="0" m="47657" /><D73/><U130/><E37/><V64/><F41/><W114/><G114/><T27/><D27/><U92/><E92/><V23/><F33/><W32/><G32/><T0/><D0/><U132/><E95/><V122/><F108/><W123/><G72/><T58/><D89/><N who="1" m="51375" /><E132/><N who="3" m="50762" /><G109/><T31/><D31/><U39/><E39/><V103/><F103/><N who="3" m="62591" /><G21/><T68/><D38/><U8/><E66/><V102/><F102/><W76/><G76/><T36/><D36/><U14/><E24/><V78/><F122/><W69/><G69/><N who="0" m="42215" /><D42/><U12/><E12/><V119/><F121/><W46/><G123/><T34/><D34/><U51/><E51/><V100/><F119/><W44/><G118/><T80/><D80/><U43/><E43/><V116/><F100/><W6/><G6/><T110/><D110/><U10/><E20/><V106/><F116/><W87/><G87/><T94/><D107/><U18/><E18/><V97/><F106/><W57/><G46/><T90/><D101/><U82/><E82/><V91/><F97/><AGARI ba="1,0" hai="49,53,58,68,71,90,94,97" m="42215,47657" machi="97" ten="30,1000,0" yaku="18,1" doraHai="125" who="0" fromWho="2" sc="356,13,267,0,51,-13,326,0" owari="369,46.0,267,-13.0,38,-46.0,326,13.0" /></mjloggm>