<mjloggm ver="2.3"><GO type="169" lobby="0"/><UN n0="%E3%83%88%E3%83%88%E3%83%AA%E5%85%88%E7%94%9F%31%39%E6%AD%B3" n1="%E3%83%9F%E3%83%A9%E3%82%AF%E3%83%AB%E3%81%8A%E3%81%98%E3%81%95%E3%82%93" n2="%28%2A%C2%B4%33%EF%BD%80%2A%29" n3="%E4%BB%A3%E6%89%93%E3%81%A1%E3%81%AE%E7%A5%9E%E6%A7%98" dan="19,16,17,17" rate="2273.68,2102.25,2184.52,2211.51" sx="F,M,F,M"/><TAIKYOKU oya="0"/><INIT seed="0,0,0,5,5,113" ten="250,250,250,250" oya="0" hai0="108,94,36,23,29,130,72,38,109,40,115,112,87" hai1="46,97,93,51,58,101,83,8,134,88,90,74,42" hai2="33,14,4,25,35,84,65,135,24,60,18,128,52" hai3="71,118,85,82,125,59,43,6,28,107,39,106,92"/><T32/><D72/><U48/><E134/><V117/><F135/><W86/><G71/><T111/><D32/><U31/><E31/><V22/><F128/><W123/><G125/><T104/><D104/><U75/><E8/><V55/><F84/><W30/><G123/><T133/><D133/><U2/><E2/><V80/><F80/><W62/><G6/><T1/><D1/><U120/><E120/><V64/><F4/><W99/><G43/><T129/><D29/><U7/><E7/><V124/><F124/><W114/><G39/><N who="0" m="14891" /><D23/><U69/><E69/><V95/><F95/><W119/><G114/><N who="0" m="43563" /><D40/><U103/><E75/><V45/><F45/><W70/><G28/><T12/><D12/><U21/><E21/><V57/><F64/><W76/><G30/><T41/><D41/><U79/><REACH who="1" step="1"/><E103/><REACH who="1" ten="250,240,250,250" step="2"/><V102/><F102/><W37/><G37/><T100/><D100/><U49/><E49/><V50/><F35/><W63/><G107/><T61/><D61/><U34/><E34/><V98/><F33/><W10/><G106/><T11/><D11/><U44/><E44/><V15/><F50/><W96/><G10/><T54/><D54/><AGARI ba="0,1" hai="42,46,48,51,54,58,74,79,83,88,90,93,97,101" machi="54" ten="40,2600,0" yaku="1,1,54,1,53,0" doraHai="113" doraHaiUra="56" who="1" fromWho="0" sc="250,-26,240,36,250,0,250,0" /><INIT seed="1,0,0,2,0,9" ten="224,276,250,250" oya="1" hai0="133,84,49,91,60,122,125,107,36,114,17,72,112" hai1="33,73,59,46,78,54,93,4,32,35,128,38,18" hai2="115,129,66,127,86,85,45,94,117,12,5,99,34" hai3="7,2,37,95,110,103,108,67,29,1,126,50,116"/><U44/><E128/><V81/><F117/><W109/><G37/><T58/><D36/><U135/><E135/><V48/><F34/><W43/><G116/><T102/><D72/><U14/><E4/><V68/><F129/><W82/><G126/><T104/><D125/><U77/><E93/><V55/><F127/><W11/><G67/><T41/><D133/><U10/><E73/><V106/><F106/><W121/><G121/><T74/><D74/><U27/><E27/><V97/><F115/><W61/><G61/><T51/><D122/><U28/><E28/><V132/><F132/><W62/><G62/><T89/><D60/><U24/><E24/><V42/><F55/><W30/><G2/><T70/><D84/><U101/><E101/><V118/><F118/><W20/><G82/><T64/><D64/><U47/><REACH who="1" step="1"/><E38/><REACH who="1" ten="224,266,250,250" step="2"/><V92/><F92/><W8/><G103/><T3/><D102/><U111/><E111/><V0/><F0/><W130/><G95/><T76/><D3/><U19/><E19/><V65/><F97/><W22/><G130/><T71/><D17/><U90/><E90/><N who="2" m="53591" /><F99/><W124/><G124/><T113/><D113/><U53/><E53/><V123/><F123/><W105/><G1/><T15/><D112/><U23/><E23/><V119/><F119/><W131/><G131/><T75/><D114/><U120/><E120/><V63/><F66/><W40/><G109/><T6/><D107/><U26/><E26/><V16/><F5/><W80/><G105/><T52/><D104/><U134/><E134/><V83/><F85/><W57/><G110/><RYUUKYOKU ba="0,1" sc="224,-15,266,15,250,15,250,-15" hai1="10,14,18,32,33,35,44,46,47,54,59,77,78" hai2="12,16,42,45,48,63,65,68,81,83" /><INIT seed="1,1,1,2,2,31" ten="209,281,265,235" oya="1" hai0="71,132,106,3,48,5,13,51,56,60,121,52,99" hai1="38,57,12,97,34,55,105,66,131,118,33,119,87" hai2="24,125,107,40,94,127,10,112,111,68,79,9,53" hai3="15,27,70,0,86,90,4,43,46,63,8,61,108"/><U126/><E38/><V44/><F107/><W123/><G123/><T82/><D3/><U26/><E131/><V47/><F68/><W135/><G108/><T45/><D121/><U41/><E41/><V101/><F111/><W72/><G72/><T69/><D132/><U20/><E126/><N who="2" m="48139" /><F79/><W130/><G135/><T11/><D48/><U85/><E66/><V78/><F78/><W88/><G130/><T89/><D106/><U109/><E109/><V35/><F112/><W14/><G90/><T92/><REACH who="0" step="1"/><D82/><REACH who="0" ten="199,281,265,235" step="2"/><U80/><E119/><V50/><F94/><W62/><G70/><T7/><D7/><U37/><E118/><V96/><F50/><W64/><G64/><AGARI ba="1,2" hai="5,11,13,45,51,52,56,60,64,69,71,89,92,99" machi="64" ten="30,7700,0" yaku="1,1,7,1,54,1,53,1" doraHai="31" doraHaiUra="93" who="0" fromWho="3" sc="199,100,281,0,265,0,235,-80" /><INIT seed="2,0,0,1,2,27" ten="299,281,265,155" oya="2" hai0="91,122,87,25,113,83,1,21,131,63,17,0,26" hai1="22,8,36,99,97,71,18,117,15,68,55,90,98" hai2="86,57,33,85,107,81,116,88,123,54,124,42,70" hai3="66,119,102,74,92,10,9,108,51,46,64,62,80"/><V77/><F123/><W43/><G119/><T73/><D113/><U56/><E117/><V111/><F116/><W115/><G115/><T75/><D122/><U20/><E36/><V118/><F118/><W132/><G108/><T40/><D131/><U96/><N who="1" m="25088" /><DORA hai="14" /><U24/><E90/><V129/><F129/><W65/><G102/><T60/><D40/><U29/><REACH who="1" step="1"/><E8/><REACH who="1" ten="299,271,265,155" step="2"/><V89/><F89/><W52/><G132/><T109/><D109/><U50/><AGARI ba="0,1" hai="15,18,20,22,24,29,50,55,56,68,71" m="25088" machi="50" ten="40,8000,1" yaku="1,1,2,1,0,1,52,2,53,0" doraHai="27,14" doraHaiUra="103,30" who="1" fromWho="1" sc="299,-20,271,90,265,-40,155,-20" /><INIT seed="3,0,0,4,5,37" ten="279,361,225,135" oya="3" hai0="26,51,84,55,3,85,21,81,89,108,93,44,130" hai1="123,28,90,87,14,133,11,86,116,94,67,105,111" hai2="96,56,69,114,60,118,125,57,12,15,40,53,74" hai3="8,38,135,18,7,109,50,24,132,126,23,30,75"/><W17/><G38/><T10/><D108/><U71/><E123/><V31/><F118/><W101/><G75/><T16/><D130/><U45/><E105/><V2/><F2/><W27/><G101/><T33/><D33/><U41/><E111/><V128/><F114/><W91/><G109/><T59/><D3/><U32/><E116/><V25/><F74/><W66/><G66/><T4/><D10/><U0/><E0/><V48/><F69/><W49/><G91/><T107/><D107/><U42/><E133/><N who="3" m="51274" /><G126/><T35/><D35/><U112/><E112/><V100/><F128/><W63/><G63/><T39/><D4/><U106/><E106/><V129/><F129/><W92/><G92/><T119/><D119/><U99/><E67/><V65/><F125/><W43/><G43/><T78/><REACH who="0" step="1"/><D39/><REACH who="0" ten="269,361,225,135" step="2"/><U122/><E122/><V131/><F131/><W121/><G121/><T80/><D80/><U1/><E1/><V110/><F110/><W46/><G8/><T117/><D117/><U5/><E71/><V103/><F103/><W82/><G7/><T58/><AGARI ba="0,1" hai="16,21,26,44,51,55,58,59,78,81,84,85,89,93" machi="58" ten="30,12000,2" yaku="1,1,0,1,8,1,54,1,53,2" doraHai="37" doraHaiUra="54" who="0" fromWho="0" sc="269,130,361,-30,225,-30,135,-60" /><INIT seed="4,0,0,1,0,43" ten="399,331,195,75" oya="0" hai0="13,66,89,5,21,45,129,39,91,4,19,30,71" hai1="56,99,81,100,38,68,69,88,53,90,92,84,75" hai2="25,79,63,114,125,23,27,116,102,120,31,83,111" hai3="134,93,50,98,64,67,110,112,87,18,118,52,36"/><T29/><D129/><U107/><E38/><V35/><F120/><W131/><G118/><T7/><D71/><U106/><E106/><V32/><F111/><W108/><G36/><T78/><D66/><U105/><E105/><V123/><F123/><W73/><G73/><T44/><D78/><N who="1" m="44255" /><E90/><N who="0" m="34313" /><D39/><U82/><E82/><V70/><F114/><W54/><G112/><T48/><D48/><AGARI ba="0,0" hai="48,53,56,68,69,84,88,92,99,100,107" m="44255" machi="48" ten="30,2000,0" yaku="24,1,54,1" doraHai="43" who="1" fromWho="0" sc="399,-20,331,20,195,0,75,0" /><INIT seed="5,0,0,0,3,109" ten="379,351,195,75" oya="1" hai0="28,24,112,118,96,80,92,90,36,133,53,49,54" hai1="39,33,65,34,100,97,56,41,101,52,132,91,63" hai2="19,94,38,5,31,60,74,40,23,51,71,129,18" hai3="66,121,72,44,62,1,70,95,81,2,35,68,135"/><U104/><E132/><V13/><F74/><W4/><G121/><T15/><D118/><U29/><E101/><V8/><F129/><W27/><G135/><T47/><D133/><U123/><E123/><V30/><F38/><W105/><G70/><T46/><D112/><U12/><E29/><V59/><F71/><W131/><G131/><T130/><D130/><U3/><E3/><V26/><F94/><W127/><G127/><T69/><D69/><U7/><E91/><V108/><F108/><W43/><G95/><T9/><D80/><U116/><E116/><V113/><F113/><W32/><G105/><T21/><D36/><U22/><E65/><V134/><F134/><W120/><G120/><T48/><D15/><U58/><E58/><V124/><F124/><W106/><G106/><T126/><D9/><U82/><E82/><V117/><F117/><W77/><G27/><T107/><D107/><U98/><E98/><V14/><F51/><W45/><G45/><T103/><D126/><U87/><E87/><V17/><F40/><W64/><G64/><T88/><AGARI ba="0,0" hai="21,24,28,46,47,48,49,53,54,88,90,92,96,103" machi="88" ten="30,7900,0" yaku="0,1,9,1,8,1,54,1" doraHai="109" who="0" fromWho="0" sc="379,79,351,-39,195,-20,75,-20" /><INIT seed="6,0,0,5,1,31" ten="458,312,175,55" oya="2" hai0="130,34,61,135,109,125,32,103,83,43,132,66,71" hai1="96,97,79,55,84,87,11,27,10,44,111,116,67" hai2="74,105,28,0,12,21,118,69,124,60,102,91,38" hai3="58,121,133,112,108,48,19,6,29,75,122,88,36"/><V126/><F118/><W80/><G36/><T100/><D109/><U101/><E111/><V47/><F0/><W117/><G108/><T73/><D130/><U51/><E116/><V41/><F74/><W26/><G117/><T22/><D125/><N who="2" m="48234" /><F91/><W24/><G133/><N who="0" m="51275" /><D43/><U15/><E67/><N who="2" m="41191" /><F102/><N who="0" m="38954" /><D22/><U49/><E27/><N who="2" m="16495" /><F12/><W127/><G127/><T128/><D128/><U50/><E11/><V18/><F18/><W81/><G19/><T114/><D114/><U40/><E79/><AGARI ba="0,0" hai="32,34,61,66,71,73,79,83" m="38954,51275" machi="79" ten="30,3900,0" yaku="20,1,52,2" doraHai="31" who="0" fromWho="1" sc="458,39,312,-39,175,0,55,0" /><INIT seed="7,0,0,0,5,15" ten="497,273,175,55" oya="3" hai0="73,100,66,28,13,22,112,59,46,81,21,127,34" hai1="70,102,25,8,84,54,104,57,131,41,49,72,40" hai2="114,52,80,36,115,69,53,130,32,39,85,14,134" hai3="3,117,133,45,24,87,107,110,18,19,23,42,95"/><W99/><G117/><T10/><D127/><U31/><E72/><V121/><F69/><W44/><G3/><T101/><D112/><N who="2" m="43050" /><F32/><W64/><G110/><T74/><D34/><U9/><E70/><V17/><F121/><W77/><G133/><T38/><D66/><U0/><E131/><V48/><F130/><W125/><G125/><T68/><D59/><U92/><E104/><V71/><F71/><W126/><G126/><T37/><D13/><U98/><E84/><V16/><F134/><W90/><G64/><T93/><D68/><U61/><E0/><V65/><F65/><W96/><G107/><T123/><D93/><U122/><E122/><V51/><F14/><W132/><G132/><T86/><D86/><U26/><E26/><V89/><F51/><N who="3" m="27031" /><G45/><T109/><D46/><N who="1" m="25799" /><E41/><V33/><F33/><W94/><G77/><T119/><D109/><U6/><E6/><V120/><F120/><W12/><G95/><T76/><D123/><U108/><E108/><V62/><F62/><W78/><G78/><T27/><D76/><U105/><E105/><V35/><F35/><W43/><G43/><T7/><D119/><U63/><E63/><V88/><F89/><W47/><G47/><T5/><D38/><N who="2" m="14378" /><F53/><W29/><G29/><T135/><D73/><U128/><E128/><V20/><F20/><AGARI ba="0,0" hai="12,18,19,20,23,24,87,90,94,96,99" m="27031" machi="20" ten="30,5800,0" yaku="8,1,52,2" doraHai="15" who="3" fromWho="2" sc="497,0,273,0,175,-58,55,58" /><AGARI ba="0,0" hai="8,9,20,25,31,54,57,61,92,98,102" m="25799" machi="20" ten="30,1000,0" yaku="8,1" doraHai="15" who="1" fromWho="2" sc="497,0,273,10,117,-10,113,0" /><INIT seed="7,1,0,3,1,79" ten="497,283,107,113" oya="3" hai0="125,85,50,39,29,109,10,133,32,114,59,112,129" hai1="36,105,17,53,49,41,132,115,98,99,51,123,84" hai2="23,21,35,38,54,42,117,134,81,20,13,27,120" hai3="67,60,135,46,44,128,34,101,37,121,11,108,45"/><W63/><G121/><T111/><D39/><U94/><E123/><V127/><F120/><W91/><G34/><T57/><D129/><U22/><E115/><N who="0" m="44073" /><D133/><U56/><E132/><V12/><F134/><W103/><G128/><T96/><D125/><U72/><E72/><V118/><F127/><W31/><G31/><T131/><D131/><U93/><E36/><V15/><F54/><W48/><G37/><T70/><D70/><U122/><E122/><V113/><F113/><W130/><G130/><T28/><D96/><N who="1" m="36907" /><E105/><V87/><F42/><W8/><G108/><T64/><D10/><N who="3" m="3625" /><G135/><T110/><D64/><U77/><E77/><V6/><F38/><W58/><G63/><T80/><D50/><N who="1" m="30775" /><E84/><V92/><F92/><N who="1" m="35433" /><E41/><V66/><F66/><W89/><G48/><T106/><D106/><U74/><E74/><V75/><F75/><W0/><G0/><T119/><D119/><U97/><E97/><V43/><F43/><W55/><G67/><T86/><D86/><U71/><E71/><V90/><REACH who="2" step="1"/><F6/><REACH who="2" ten="497,283,97,113" step="2"/><W69/><G69/><T102/><D102/><AGARI ba="1,1" hai="44,45,46,55,58,60,89,91,101,102,103" m="3625" machi="102" ten="30,1500,0" yaku="8,1" doraHai="79" who="3" fromWho="0" sc="497,-18,283,0,97,0,113,28" /><INIT seed="7,2,0,1,2,48" ten="479,283,97,141" oya="3" hai0="25,7,32,3,87,47,27,110,114,103,72,105,65" hai1="22,4,15,2,74,67,63,115,94,118,55,19,57" hai2="11,38,29,106,128,31,53,81,82,17,97,13,134" hai3="20,102,83,117,77,73,9,123,99,129,8,91,35"/><W39/><G35/><T76/><D110/><U80/><E115/><V93/><F38/><W14/><G39/><T0/><D72/><U131/><E131/><V125/><F106/><W92/><G123/><T24/><D32/><U96/><E118/><V100/><F128/><W130/><G117/><T68/><D114/><U34/><E34/><V78/><F125/><W70/><G70/><T16/><D47/><U12/><E2/><V26/><F134/><W75/><G75/><T62/><D7/><U98/><E74/><V85/><F26/><W88/><G8/><T120/><D120/><U119/><E119/><V50/><F82/><W23/><G91/><T133/><D133/><U69/><E80/><V54/><F54/><W59/><G129/><T104/><D87/><U126/><E126/><V18/><F18/><W112/><G112/><T64/><D76/><U122/><E122/><V90/><F78/><W79/><G79/><T84/><D84/><U21/><E94/><V60/><F60/><W30/><G30/><T40/><D40/><U42/><E42/><V111/><F111/><W41/><G41/><T71/><D103/><U132/><E132/><V89/><F100/><W66/><G102/><T36/><D36/><U6/><E22/><V33/><F33/><W101/><G23/><T44/><D104/><U116/><E116/><V86/><F86/><W135/><G20/><T127/><D105/><U61/><REACH who="1" step="1"/><E15/><REACH who="1" ten="479,273,97,141" step="2"/><V95/><F95/><W51/><G92/><T46/><D127/><U52/><E52/><V49/><F49/><W28/><G135/><T121/><D121/><RYUUKYOKU ba="2,1" sc="479,-15,273,15,97,15,141,-15" hai1="4,6,12,19,21,55,57,61,63,67,69,96,98" hai2="11,13,17,29,31,50,53,81,85,89,90,93,97" owari="474,57.0,288,9.0,112,-39.0,126,-27.0" /></mjloggm>