<mjloggm ver="2.3"><GO type="169" lobby="0"/><UN n0="%E5%8C%97%E4%B9%9D%E5%B7%9E%E5%B8%82" n1="%E5%B0%B1%E6%B4%BB%E7%94%9F%40%E5%B7%9D%E6%9D%91%E8%BB%8D%E5%9B%A3" n2="%E3%82%B8%E3%83%A3%E3%82%B9%E3%82%BF%E3%82%A6%E3%82%A7%E3%82%A4" n3="%67%6F%75%73%69" dan="17,17,16,17" rate="2125.60,2135.03,2099.54,2138.02" sx="M,M,M,M"/><TAIKYOKU oya="0"/><INIT seed="0,0,0,1,1,21" ten="250,250,250,250" oya="0" hai0="24,95,22,111,2,130,53,97,119,135,65,79,45" hai1="12,99,118,71,112,88,32,91,92,34,49,17,14" hai2="1,16,128,72,110,131,78,6,68,125,28,64,98" hai3="70,73,40,11,108,15,77,81,76,75,67,37,58"/><T132/><D119/><U121/><E121/><V103/><F110/><W115/><G108/><T13/><D2/><U29/><E118/><V101/><F125/><W50/><G115/><T42/><D111/><U52/><E71/><V7/><F78/><W3/><G70/><T51/><D65/><U18/><E112/><V93/><F72/><W86/><G3/><T56/><D79/><U82/><E29/><V129/><F28/><W60/><G37/><T117/><D117/><U8/><E82/><V19/><F103/><W102/><G102/><T122/><D122/><U63/><E63/><N who="2" m="39967" /><F1/><W66/><G66/><T116/><D116/><U84/><E84/><V127/><F127/><W43/><G43/><T35/><D130/><U80/><E80/><V87/><F87/><W48/><G48/><T69/><D69/><U126/><E126/><V27/><F19/><W83/><G83/><T20/><D35/><U107/><E107/><V25/><F16/><W133/><G76/><T96/><D13/><U44/><REACH who="1" step="1"/><E91/><REACH who="1" ten="250,240,250,250" step="2"/><V90/><F90/><W36/><G86/><T74/><D74/><U61/><E61/><V109/><F109/><W123/><G73/><T57/><D95/><U106/><E106/><V120/><F120/><W41/><G123/><T89/><D89/><U9/><AGARI ba="0,1" hai="8,9,12,14,17,18,32,34,44,49,52,88,92,99" machi="9" ten="20,12000,2" yaku="1,1,0,1,7,1,9,1,54,2,53,0" doraHai="21" doraHaiUra="38" who="1" fromWho="1" sc="250,-60,240,130,250,-30,250,-30" /><INIT seed="1,0,0,4,4,19" ten="190,370,220,220" oya="1" hai0="131,8,74,60,93,12,45,42,23,48,50,18,30" hai1="32,25,122,3,105,21,120,91,92,47,1,20,128" hai2="118,53,111,97,112,73,132,114,78,110,75,94,86" hai3="123,129,95,52,102,84,41,55,79,33,63,104,98"/><U106/><E128/><V108/><F53/><W133/><G33/><T10/><D74/><N who="2" m="28170" /><F118/><W51/><G123/><T40/><D131/><U34/><E47/><V127/><F132/><W66/><G129/><T125/><D125/><U117/><E25/><V77/><F127/><W70/><G133/><T113/><D113/><N who="2" m="43626" /><F86/><W65/><G65/><T28/><D60/><U68/><E68/><V135/><F135/><W56/><G41/><T9/><D93/><U103/><E103/><AGARI ba="0,0" hai="77,78,94,97,103,108,110,111" m="43626,28170" machi="103" ten="40,8000,1" yaku="14,1,11,1,34,2" doraHai="19" who="2" fromWho="1" sc="190,0,370,-80,220,80,220,0" /><INIT seed="2,0,0,1,4,65" ten="190,290,300,220" oya="2" hai0="101,57,110,74,130,89,108,20,85,52,73,18,3" hai1="41,10,51,121,83,72,103,135,88,46,37,12,55" hai2="129,38,56,23,25,118,8,1,124,76,115,61,60" hai3="31,98,107,122,58,27,80,42,79,22,50,45,117"/><V95/><F115/><W91/><G117/><T11/><D101/><U120/><E135/><V112/><F112/><W35/><G122/><N who="1" m="47210" /><E103/><V97/><F38/><W127/><G127/><T59/><D130/><U26/><E26/><V28/><F118/><W40/><G107/><T102/><D102/><U105/><E105/><V7/><F129/><W125/><G125/><T19/><D3/><U78/><E88/><V30/><F124/><W128/><G128/><T96/><D96/><U29/><E29/><V44/><F44/><W100/><G100/><T69/><D11/><U9/><E12/><V90/><F76/><W66/><G35/><T106/><D106/><U39/><E39/><V2/><F61/><W4/><G4/><T36/><D36/><U33/><E33/><V116/><F116/><W14/><G14/><T92/><D19/><U111/><E111/><N who="0" m="42537" /><D57/><AGARI ba="0,0" hai="9,10,37,41,46,51,55,57,72,78,83" m="47210" machi="57" ten="30,1000,0" yaku="13,1" doraHai="65" who="1" fromWho="0" sc="190,-10,290,10,300,0,220,0" /><INIT seed="3,0,0,5,4,16" ten="180,300,300,220" oya="3" hai0="127,59,132,108,63,83,90,109,119,1,135,50,55" hai1="2,71,60,95,91,78,125,93,65,37,8,89,107" hai2="86,43,9,19,129,51,112,113,54,5,115,11,30" hai3="18,102,20,82,123,3,67,81,121,72,41,47,75"/><W25/><G3/><T14/><D1/><U133/><E107/><V114/><F43/><W62/><G102/><T45/><D14/><U99/><E37/><V58/><F129/><W117/><G117/><T23/><D83/><U49/><E125/><V105/><F105/><W57/><G81/><T17/><D90/><U103/><E133/><N who="0" m="51273" /><D17/><U74/><E74/><V70/><F70/><W111/><G111/><N who="0" m="42571" /><D23/><U100/><E78/><V34/><F19/><W13/><G13/><T130/><D119/><U80/><E80/><V31/><N who="2" m="28672" /><DORA hai="87" /><V21/><F34/><W15/><G15/><T22/><D22/><U35/><E35/><V84/><F11/><W24/><G24/><T52/><D130/><U96/><REACH who="1" step="1"/><E49/><REACH who="1" ten="180,290,300,220" step="2"/><V66/><F31/><W0/><G75/><T110/><D110/><U38/><E38/><V26/><REACH who="2" step="1"/><F66/><REACH who="2" ten="180,290,290,220" step="2"/><W56/><G72/><T128/><D128/><U6/><AGARI ba="0,2" hai="2,6,8,60,65,71,89,91,93,95,96,99,100,103" machi="6" ten="30,12000,2" yaku="1,1,0,1,9,1,52,2,53,1" doraHai="16,87" doraHaiUra="40,7" who="1" fromWho="1" sc="180,-30,290,140,290,-30,220,-60" /><INIT seed="4,0,0,1,1,119" ten="150,430,260,160" oya="0" hai0="9,110,104,50,69,49,103,133,42,46,129,70,128" hai1="121,15,17,14,67,33,105,74,1,65,18,90,36" hai2="16,84,100,40,82,29,113,21,12,66,107,3,68" hai3="101,22,25,80,45,81,92,111,89,87,96,35,31"/><T108/><D9/><U8/><E74/><V28/><F3/><W51/><G111/><N who="0" m="42539" /><D103/><U83/><E36/><V39/><F113/><W118/><G118/><T114/><D104/><U93/><E105/><V23/><F66/><W26/><G26/><T19/><D19/><U132/><E1/><V2/><F2/><W97/><G97/><T134/><D114/><U34/><E83/><V125/><F68/><N who="0" m="26218" /><D49/><U86/><E121/><V7/><F7/><W11/><G11/><T117/><D117/><U24/><E24/><V124/><F100/><W78/><G35/><T37/><D50/><U122/><E122/><V79/><F107/><W32/><G32/><T41/><D41/><U123/><E123/><V77/><F77/><W48/><G45/><T27/><D27/><U102/><E132/><AGARI ba="0,0" hai="37,42,46,128,129,132,133,134" m="26218,42539" machi="132" ten="40,12000,1" yaku="20,1,10,1,23,1,34,2" doraHai="119" who="0" fromWho="1" sc="150,120,430,-120,260,0,160,0" /><INIT seed="4,1,0,2,2,92" ten="270,310,260,160" oya="0" hai0="35,73,82,6,50,94,24,37,41,55,114,123,16" hai1="121,20,47,2,100,66,75,30,7,26,105,22,36" hai2="122,79,89,21,32,1,42,39,107,101,56,74,98" hai3="117,59,64,58,109,3,81,45,60,61,0,43,9"/><T51/><D123/><U69/><E75/><V63/><F32/><W93/><G117/><T31/><D37/><U38/><E121/><V5/><F89/><W62/><G109/><T23/><D114/><U80/><E80/><N who="2" m="45175" /><F21/><W112/><G112/><T13/><D41/><U52/><E38/><V54/><F56/><W78/><G59/><T11/><D94/><U4/><E2/><V125/><F63/><W57/><G61/><T10/><D10/><U90/><E90/><V119/><F54/><W128/><G9/><T116/><D116/><U34/><E22/><V99/><F119/><W120/><G120/><T40/><D40/><N who="1" m="22919" /><E52/><V49/><F49/><W19/><G19/><T96/><D96/><N who="1" m="61575" /><E20/><V72/><F72/><W14/><G93/><T118/><D118/><U126/><E126/><V17/><F17/><W70/><G58/><T87/><D73/><U67/><E67/><V29/><F29/><W97/><G57/><T113/><D113/><U115/><E115/><V65/><F65/><W46/><G64/><T132/><D132/><U95/><E95/><V15/><F125/><W131/><G14/><T28/><D55/><U77/><E77/><V84/><F15/><W108/><G78/><T27/><REACH who="0" step="1"/><D6/><REACH who="0" ten="260,310,260,160" step="2"/><U135/><E135/><V110/><F122/><W76/><G97/><T85/><D85/><U33/><E33/><V134/><F99/><W124/><G124/><T18/><D18/><U12/><E12/><V106/><F134/><W68/><G0/><T104/><D104/><U88/><E7/><V48/><F5/><W71/><G3/><T25/><D25/><RYUUKYOKU ba="1,1" sc="260,30,310,-10,260,-10,160,-10" hai0="11,13,16,23,24,27,28,31,35,50,51,82,87" /><INIT seed="4,2,1,4,3,73" ten="290,300,250,150" oya="0" hai0="32,14,86,133,23,113,79,104,108,13,97,34,2" hai1="22,131,101,76,5,98,27,43,63,109,7,16,84" hai2="59,70,37,52,72,10,42,28,20,80,81,39,129" hai3="30,132,89,69,47,126,120,103,40,111,66,93,83"/><T130/><D2/><U1/><E109/><V33/><F70/><W49/><G111/><T58/><D108/><U51/><E131/><V102/><F33/><W8/><G120/><T90/><D130/><U26/><E1/><V122/><F122/><W82/><G126/><T123/><D123/><U135/><E135/><V134/><F129/><W117/><G132/><T91/><D133/><U99/><E63/><V25/><F102/><W19/><G117/><T64/><D113/><U67/><E27/><V106/><F106/><W17/><G103/><T45/><D45/><N who="1" m="26047" /><E67/><V57/><F134/><W53/><G66/><T18/><D13/><U87/><E87/><V9/><F59/><W74/><G69/><T95/><D104/><U110/><E110/><V55/><F55/><W12/><G30/><T3/><D3/><U88/><E76/><V60/><F80/><W54/><G19/><T105/><D79/><U29/><E29/><V121/><F121/><W85/><G74/><T44/><D44/><U100/><E100/><V15/><F42/><W115/><G115/><T68/><D68/><U61/><E61/><V96/><F96/><N who="1" m="36905" /><E101/><V107/><F107/><W114/><G114/><T62/><REACH who="0" step="1"/><D105/><REACH who="0" ten="280,300,250,150" step="2"/><U21/><E21/><V124/><F20/><W116/><G116/><T94/><AGARI ba="2,2" hai="14,18,23,32,34,58,62,64,86,90,91,94,95,97" machi="94" ten="20,7800,0" yaku="1,1,2,1,0,1,7,1,53,0" doraHai="73" doraHaiUra="128" who="0" fromWho="0" sc="280,104,300,-28,250,-28,150,-28" /><INIT seed="4,3,0,0,3,106" ten="384,272,222,122" oya="0" hai0="34,80,57,49,3,126,101,81,67,60,113,45,27" hai1="97,70,120,69,33,56,86,93,75,41,95,39,129" hai2="100,25,10,51,132,128,109,134,12,62,15,83,79" hai3="7,90,32,122,8,55,42,73,123,21,96,18,54"/><T61/><D3/><U28/><E75/><V116/><F109/><W119/><G32/><T125/><D113/><U29/><E120/><V22/><F128/><W121/><G119/><T130/><D130/><U2/><E2/><V84/><F116/><W40/><G73/><T85/><D101/><U108/><E108/><V135/><F100/><W118/><G118/><T117/><D117/><U59/><E129/><V14/><F62/><W11/><G96/><T38/><D38/><U35/><E86/><V127/><F127/><N who="0" m="48650" /><D61/><U114/><E114/><V23/><F51/><W78/><G78/><T107/><D107/><U6/><E6/><V105/><F105/><W72/><G72/><T77/><D80/><U43/><REACH who="1" step="1"/><E39/><REACH who="1" ten="384,262,222,122" step="2"/><V4/><REACH who="2" step="1"/><F23/><REACH who="2" ten="384,262,212,122" step="2"/><W50/><G21/><T98/><D34/><U103/><E103/><V36/><F36/><W9/><G122/><T53/><D98/><AGARI ba="3,2" hai="28,29,33,35,41,43,56,59,69,70,93,95,97,98" machi="98" ten="25,8000,1" yaku="1,1,22,2,53,2" doraHai="106" doraHaiUra="37" who="1" fromWho="0" sc="384,-89,262,109,212,0,122,0" /><INIT seed="5,0,0,5,0,41" ten="295,371,212,122" oya="1" hai0="52,43,120,123,119,134,55,31,83,14,70,50,54" hai1="57,126,89,105,82,64,62,68,11,76,42,26,75" hai2="124,19,3,100,29,45,135,79,32,80,13,51,88" hai3="133,121,59,81,92,109,58,91,130,36,22,112,108"/><U15/><E126/><V6/><F100/><W12/><G121/><N who="0" m="46667" /><D31/><U115/><E115/><V34/><F124/><W23/><G36/><T72/><D14/><U128/><E128/><V104/><F104/><W84/><G112/><T16/><D72/><U40/><E105/><V18/><F135/><W65/><G133/><T110/><D83/><U77/><E77/><V78/><F3/><W125/><G125/><T5/><D5/><U132/><E132/><V25/><F32/><W0/><G0/><T60/><D16/><U131/><E131/><V101/><F101/><W48/><G130/><T67/><D134/><U44/><E26/><V20/><F6/><W71/><G71/><T129/><D129/><U21/><E21/><V106/><F106/><W73/><G73/><T1/><D1/><U127/><E127/><V33/><F33/><W103/><G108/><T56/><D110/><U116/><E116/><V30/><F19/><W9/><G109/><T49/><D119/><U94/><E68/><V69/><F69/><W85/><G103/><T38/><D50/><U95/><E89/><V122/><F29/><W7/><G85/><T111/><D111/><U10/><E10/><V63/><F63/><N who="3" m="38143" /><G81/><T39/><D39/><U66/><E66/><V99/><F122/><W4/><G4/><T117/><D117/><U93/><E15/><V2/><F2/><W87/><G87/><T107/><D107/><U47/><E11/><V114/><F114/><W74/><G74/><T98/><D98/><U46/><AGARI ba="0,0" hai="40,42,44,46,47,57,62,64,75,76,82,93,94,95" machi="46" ten="30,11700,0" yaku="0,1,52,3" doraHai="41" who="1" fromWho="1" sc="295,-39,371,117,212,-39,122,-39" /><INIT seed="5,1,0,0,5,128" ten="256,488,173,83" oya="1" hai0="62,23,107,99,14,111,3,88,13,64,125,106,80" hai1="46,122,34,87,32,41,112,71,47,18,65,70,25" hai2="77,58,96,114,134,9,135,31,89,98,119,45,132" hai3="54,102,120,53,84,94,126,74,110,22,19,52,108"/><U109/><E122/><V0/><F119/><W5/><G120/><T97/><D3/><U103/><E112/><V121/><F121/><W36/><G74/><T73/><D111/><U131/><E109/><V44/><F114/><W50/><G36/><T57/><D125/><U117/><E117/><V92/><F77/><W8/><G126/><T16/><D14/><U63/><E131/><V17/><F31/><W129/><G129/><T115/><D115/><U61/><E103/><V104/><F58/><W91/><G102/><T42/><D42/><U101/><E101/><N who="2" m="62519" /><F17/><W2/><REACH who="3" step="1"/><G50/><REACH who="3" ten="256,488,173,73" step="2"/><T75/><D75/><U118/><E118/><V93/><F93/><W6/><G6/><AGARI ba="1,1" hai="0,6,9,44,45,89,92,96,132,134,135" m="62519" machi="6" ten="30,7700,0" yaku="20,1,52,3" doraHai="128" who="2" fromWho="3" sc="256,0,488,0,173,90,73,-80" owari="256,-14.0,488,59.0,263,6.0,-7,-51.0" /></mjloggm>