<mjloggm ver="2.3"><GO type="225" lobby="0"/><UN n0="%E3%82%A6%E3%83%AB%E3%83%88%E3%83%A9%E7%AB%8B%E7%9B%B4" n1="%E5%A4%A7%E5%AE%AE%E5%BF%8D%76" n2="%E3%81%9D%E3%83%BC%E3%81%B7%E5%BB%B6%E9%95%B7" n3="%47%E3%83%A8%E9%BE%8D%E9%96%80" dan="17,16,16,16" rate="2164.46,2178.26,2178.21,2068.54" sx="M,M,M,M"/><TAIKYOKU oya="0"/><INIT seed="0,0,0,2,0,97" ten="250,250,250,250" oya="0" hai0="18,23,39,104,116,42,17,84,26,75,128,25,15" hai1="37,22,52,33,95,117,99,36,47,130,102,72,61" hai2="77,64,124,107,111,113,103,69,125,21,129,12,28" hai3="92,43,27,10,123,4,94,66,5,32,2,30,71"/><T70/><D75/><U105/><E117/><V1/><F1/><W38/><G123/><T73/><D73/><U80/><E33/><V135/><F113/><W127/><G4/><T20/><D116/><U96/><E130/><V106/><F111/><W29/><G29/><T119/><D119/><U91/><E22/><V131/><F77/><W14/><G127/><N who="2" m="48713" /><F103/><W63/><REACH who="3" step="1"/><G2/><REACH who="3" ten="250,250,250,240" step="2"/><T108/><D108/><U114/><E114/><V11/><F28/><W65/><G65/><T13/><D128/><U85/><E72/><V54/><F64/><W93/><G93/><T115/><D115/><U100/><REACH who="1" step="1"/><E61/><REACH who="1" ten="250,240,250,240" step="2"/><V90/><F131/><W62/><G62/><T56/><D26/><U82/><E82/><V79/><F129/><W6/><G6/><T109/><D25/><U81/><E81/><V121/><F121/><W45/><AGARI ba="0,2" hai="5,10,14,27,30,32,38,43,45,63,66,71,92,94" machi="45" ten="30,2000,0" yaku="1,1,0,1,53,0" doraHai="97" doraHaiUra="112" who="3" fromWho="3" sc="250,-10,240,-5,250,-5,240,40" /><INIT seed="1,0,0,0,2,53" ten="240,235,245,280" oya="1" hai0="18,133,124,63,28,82,92,1,20,120,66,97,4" hai1="86,69,68,10,103,47,108,8,135,106,58,128,35" hai2="79,44,60,99,74,101,49,84,105,45,9,107,119" hai3="67,109,42,7,80,122,12,59,33,43,2,93,96"/><U41/><E35/><V26/><F119/><W56/><G109/><T95/><D120/><U34/><E34/><V104/><F74/><W22/><G2/><T70/><D124/><U126/><E126/><V32/><F45/><W50/><G33/><T27/><D133/><U38/><E135/><V13/><F60/><N who="3" m="38279" /><G80/><T51/><D4/><U64/><E69/><V62/><F62/><W88/><G122/><T24/><D1/><U100/><E68/><V54/><F26/><W131/><G131/><T25/><D82/><U132/><E132/><V40/><F32/><W3/><G3/><T114/><D114/><U5/><E106/><V6/><REACH who="2" step="1"/><F54/><REACH who="2" ten="240,235,235,280" step="2"/><N who="3" m="32215" /><G22/><T61/><D61/><U129/><E128/><V94/><F94/><W52/><G52/><T127/><D95/><U98/><E129/><V125/><F125/><W17/><G17/><T72/><D127/><U30/><E47/><V112/><F112/><W76/><G76/><T65/><D18/><U110/><E108/><V21/><F21/><W39/><G39/><T23/><D23/><U83/><E110/><V87/><F87/><W73/><G73/><T89/><D72/><U37/><E86/><V78/><F78/><W134/><G134/><T113/><D113/><U48/><E38/><V123/><F123/><W15/><G7/><T16/><D65/><U85/><E64/><V11/><F11/><W77/><G77/><T71/><D27/><U75/><E37/><V102/><F102/><W121/><G121/><T46/><D25/><U115/><E75/><V116/><F116/><W55/><G55/><N who="0" m="30199" /><D28/><U31/><E30/><RYUUKYOKU ba="0,1" sc="240,10,235,-30,235,10,280,10" hai0="16,20,24,63,66,70,71,89,92,97" hai2="6,9,13,40,44,49,79,84,99,101,104,105,107" hai3="12,15,42,43,88,93,96" /><INIT seed="2,1,1,1,3,30" ten="250,205,245,290" oya="2" hai0="112,38,50,22,110,117,28,27,31,60,17,98,12" hai1="14,125,134,44,102,95,114,35,135,45,127,10,24" hai2="59,86,49,69,18,91,80,34,19,47,79,3,99" hai3="52,29,105,94,40,8,113,111,32,5,55,20,72"/><V9/><F69/><W21/><G105/><T104/><D38/><U132/><E114/><V46/><F34/><W89/><G113/><T88/><D112/><U53/><E102/><V58/><F47/><N who="1" m="17993" /><E95/><N who="2" m="56831" /><F3/><W25/><G72/><T7/><D104/><U63/><E53/><N who="2" m="29879" /><F9/><W84/><G111/><T129/><D110/><U107/><E63/><V23/><F19/><W68/><G68/><T62/><D117/><U76/><E76/><V130/><F130/><W2/><G40/><T100/><D100/><U103/><E103/><V92/><F92/><W75/><G75/><T78/><D78/><U13/><E107/><V108/><F108/><W109/><G109/><T39/><D39/><U6/><E13/><AGARI ba="1,1" hai="13,18,23,58,59,79,80,86" m="29879,56831" machi="13" ten="30,1500,0" yaku="8,1" doraHai="30" who="2" fromWho="1" sc="250,0,205,-18,245,28,290,0" /><INIT seed="2,2,0,4,5,56" ten="250,187,273,290" oya="2" hai0="8,48,84,28,22,31,98,105,102,5,10,116,6" hai1="67,46,41,82,37,72,93,47,101,61,11,68,66" hai2="7,85,81,126,38,78,119,15,87,124,121,49,125" hai3="79,25,43,129,55,24,59,29,80,110,69,65,115"/><V36/><F119/><W63/><G115/><T54/><D116/><U60/><E11/><N who="2" m="4607" /><F121/><W70/><G110/><T103/><D84/><N who="2" m="32330" /><F49/><W112/><G129/><T95/><D103/><U104/><E93/><V74/><AGARI ba="2,0" hai="36,38,74,78,81,124,125,126" m="32330,4607" machi="74" ten="40,2100,0" yaku="18,1" doraHai="56" who="2" fromWho="2" sc="250,-9,187,-9,273,27,290,-9" /><INIT seed="2,3,0,4,2,86" ten="241,178,300,281" oya="2" hai0="64,89,67,82,52,80,47,119,6,11,102,32,133" hai1="107,126,38,124,73,46,70,9,88,101,58,123,117" hai2="104,94,15,53,31,113,83,74,134,115,81,33,85" hai3="50,13,112,65,7,79,19,103,97,0,43,90,116"/><V135/><F104/><W130/><G50/><N who="0" m="28767" /><D32/><U30/><E117/><V39/><F39/><W26/><G13/><N who="0" m="5367" /><D119/><U120/><E70/><V110/><F110/><W98/><G90/><T55/><D133/><N who="2" m="50698" /><F74/><W36/><G36/><T1/><D1/><U93/><E73/><V25/><F53/><W75/><G0/><T17/><D102/><U78/><E78/><N who="2" m="46263" /><F83/><N who="0" m="31786" /><D89/><U131/><E131/><V68/><F68/><W125/><G130/><T66/><D17/><U4/><E30/><V24/><F24/><W91/><G26/><T108/><D108/><U18/><E18/><V63/><F63/><W62/><G19/><T99/><D99/><N who="1" m="57767" /><E101/><V132/><F132/><W118/><G103/><T34/><D34/><U23/><E107/><V128/><F128/><W87/><G116/><T76/><D76/><U95/><E95/><V28/><F28/><W60/><G79/><T44/><D67/><U45/><E23/><V40/><F94/><W61/><G118/><T106/><D106/><U122/><E38/><V5/><F40/><W20/><G43/><T22/><D22/><U42/><E42/><V16/><F5/><W29/><G7/><T12/><D66/><U35/><E35/><V92/><F92/><N who="3" m="54399" /><G65/><T69/><D64/><U77/><E77/><V84/><F84/><W41/><G41/><T121/><D69/><U3/><E58/><V10/><AGARI ba="3,0" hai="10,15,16,25,31,33,113,115" m="46263,50698" machi="10" ten="30,3000,0" yaku="20,1,54,1" doraHai="86" who="2" fromWho="2" sc="241,-13,178,-13,300,39,281,-13" /><INIT seed="2,4,0,5,0,96" ten="228,165,339,268" oya="2" hai0="64,41,7,105,53,62,104,43,120,36,25,1,76" hai1="28,106,18,88,135,117,77,103,46,119,4,17,95" hai2="81,45,85,16,129,20,56,13,60,58,31,121,44" hai3="133,86,0,40,26,123,72,99,47,37,127,5,6"/><V66/><F129/><W54/><G123/><T33/><D53/><U67/><E28/><V82/><F121/><W57/><G72/><T80/><D43/><U125/><E67/><V83/><F31/><W63/><G127/><T65/><D65/><U24/><E125/><V2/><F2/><W74/><G74/><T14/><D14/><U30/><E135/><V55/><REACH who="2" step="1"/><F85/><REACH who="2" ten="228,165,329,268" step="2"/><W39/><G86/><T111/><D120/><U51/><E30/><V126/><F126/><W101/><G0/><T87/><D87/><U110/><E119/><V49/><AGARI ba="4,1" hai="13,16,20,44,45,49,55,56,58,60,66,81,82,83" machi="49" ten="30,11700,0" yaku="1,1,0,1,8,1,54,1,53,0" doraHai="96" doraHaiUra="35" who="2" fromWho="2" sc="228,-43,165,-43,329,139,268,-43" /><INIT seed="2,5,0,0,0,95" ten="185,122,468,225" oya="2" hai0="109,64,21,63,25,44,89,47,129,15,36,62,23" hai1="131,9,133,116,3,112,50,108,71,130,106,92,20" hai2="91,30,83,113,37,56,79,27,77,105,19,24,111" hai3="29,12,31,10,39,58,82,110,53,74,34,104,49"/><V59/><F37/><W35/><G110/><T14/><D109/><U86/><E108/><V121/><F105/><W101/><G39/><T75/><D75/><U52/><E106/><V117/><F19/><W65/><G65/><T80/><D129/><N who="1" m="49163" /><E112/><V28/><F91/><W124/><G124/><T122/><D122/><U69/><E116/><V90/><F90/><W17/><G35/><T107/><D107/><U88/><E133/><V66/><F83/><W2/><G2/><T68/><D36/><U119/><E119/><V94/><F94/><W60/><G34/><T11/><D68/><U97/><E97/><V1/><F66/><W76/><G60/><T33/><D64/><U40/><E40/><V125/><F1/><W51/><G51/><T42/><D42/><U61/><E61/><V99/><F111/><W26/><G104/><T72/><D63/><U54/><E54/><V85/><F117/><W16/><G101/><T134/><D62/><U38/><E38/><V13/><F125/><W135/><G135/><T73/><D134/><U127/><E127/><V43/><F43/><W55/><G55/><T93/><D72/><U123/><E123/><V8/><F85/><W87/><G74/><T7/><D73/><U100/><E100/><V103/><F103/><W115/><G115/><T96/><D80/><U84/><E84/><V78/><F113/><W32/><G32/><T57/><D33/><U128/><N who="1" m="49171" /><U98/><DORA hai="102" /><E86/><V41/><F41/><W67/><G67/><T18/><D57/><N who="1" m="32919" /><E20/><AGARI ba="5,0" hai="10,12,16,17,20,26,29,31,49,53,58,76,82,87" machi="20" ten="40,2600,0" yaku="8,1,54,1" doraHai="95,102" who="3" fromWho="1" sc="185,0,122,-41,468,0,225,41" /><INIT seed="3,0,0,3,1,34" ten="185,81,468,266" oya="3" hai0="19,18,91,103,64,26,50,74,5,69,59,119,2" hai1="101,102,45,25,114,8,62,75,61,11,41,99,90" hai2="124,100,1,123,3,98,96,127,13,21,6,72,46" hai3="130,70,65,56,51,132,53,128,12,38,22,89,116"/><W121/><G121/><T55/><D103/><U52/><E75/><V32/><F32/><W44/><G89/><T17/><D119/><U108/><E108/><V86/><F72/><W115/><G22/><T113/><D113/><U68/><E114/><V58/><F98/><W83/><G83/><T111/><D91/><U23/><E68/><V66/><F46/><W36/><G12/><T30/><D74/><U40/><E62/><V133/><F86/><W76/><G76/><T80/><D80/><U79/><E79/><V125/><F123/><W122/><G115/><T9/><D111/><U84/><E102/><V97/><F133/><W106/><G106/><T20/><D64/><U94/><E101/><V27/><F97/><W85/><G85/><T117/><D69/><U120/><E120/><V42/><F42/><N who="3" m="22615" /><G122/><T47/><D117/><U131/><E41/><V126/><F126/><W16/><G116/><T71/><D71/><U14/><E131/><N who="3" m="50218" /><G36/><T95/><D95/><U105/><E105/><N who="2" m="63623" /><F13/><W4/><G132/><T104/><D104/><U118/><E14/><V48/><F6/><W87/><G4/><T24/><D24/><U60/><E118/><V78/><F78/><W28/><G87/><T81/><D81/><U15/><E84/><V10/><F27/><W110/><G110/><T63/><D30/><U37/><E15/><V35/><F125/><W54/><G28/><T92/><D92/><U82/><E82/><V43/><F127/><W7/><G7/><T129/><D129/><U88/><E90/><V112/><F124/><W93/><G70/><T109/><D26/><RYUUKYOKU ba="0,0" sc="185,0,81,0,468,0,266,0" owari="185,-21.0,81,-42.0,468,56.0,266,7.0" /></mjloggm>