<mjloggm ver="2.3"><GO type="169" lobby="0"/><UN n0="%6D%61%74%69%6F%73%61%6E" n1="%E3%82%A6%E3%83%AB%E3%83%88%E3%83%A9%E7%AB%8B%E7%9B%B4" n2="%E3%83%9F%E3%82%AF%E3%83%AD" n3="%E3%81%9B%E3%81%95%E3%81%BF%E3%82%93%E2%99%AA" dan="18,18,16,16" rate="2164.15,2191.34,2136.06,2121.31" sx="M,M,M,F"/><TAIKYOKU oya="0"/><INIT seed="0,0,0,5,4,62" ten="250,250,250,250" oya="0" hai0="81,87,125,118,47,80,102,91,79,117,132,16,106" hai1="50,127,61,26,107,120,77,0,134,123,65,35,64" hai2="40,129,51,3,121,37,85,43,18,33,41,57,1" hai3="56,113,49,10,114,34,78,128,101,19,7,5,17"/><T59/><D132/><U108/><E0/><V2/><F121/><W28/><G78/><T83/><D125/><U131/><E77/><V20/><F33/><W45/><G101/><T116/><D47/><U99/><E134/><V9/><F37/><W88/><G128/><T29/><D29/><N who="1" m="19895" /><E131/><V31/><F31/><W126/><G126/><T15/><D59/><U111/><E50/><V75/><F75/><W115/><G34/><T42/><D42/><U30/><E30/><V25/><F129/><W11/><G28/><T89/><D15/><U32/><E32/><V4/><REACH who="2" step="1"/><F85/><REACH who="2" ten="250,250,240,250" step="2"/><W100/><G115/><T82/><D16/><U14/><E127/><V23/><F23/><W84/><G19/><T63/><D63/><U53/><E123/><V68/><F68/><W55/><G17/><T73/><D73/><U109/><E120/><V94/><F94/><N who="3" m="54535" /><G113/><T122/><D122/><U112/><E112/><V86/><F86/><W13/><G114/><T21/><D21/><U44/><E61/><V97/><F97/><AGARI ba="0,1" hai="79,80,81,82,83,87,89,91,97,102,106,116,117,118" machi="97" ten="50,9600,0" yaku="34,3" doraHai="62" who="0" fromWho="2" sc="250,106,250,0,240,-96,250,0" /><INIT seed="0,1,0,0,2,93" ten="356,250,144,250" oya="0" hai0="7,99,70,50,107,122,14,102,38,30,91,12,0" hai1="9,52,123,66,61,94,88,16,76,1,101,56,41" hai2="67,90,45,53,135,31,59,60,46,130,69,87,57" hai3="54,117,28,81,65,84,108,68,21,86,36,118,3"/><T120/><D38/><U71/><E123/><V109/><F109/><W92/><G108/><T104/><D70/><U112/><E112/><V100/><F135/><W22/><G36/><T17/><D30/><U58/><E41/><V98/><F130/><W125/><G3/><T34/><D34/><U63/><E76/><V5/><F69/><W40/><G40/><T35/><D35/><U64/><E101/><V95/><F5/><W23/><G65/><T39/><D39/><U33/><E33/><V20/><F20/><W111/><G111/><T43/><D107/><U126/><E126/><V103/><F31/><W129/><G68/><T25/><D25/><U73/><E73/><V6/><F6/><W83/><G125/><T119/><D119/><U27/><E1/><V10/><F10/><W82/><G129/><T128/><D128/><U116/><E116/><V79/><F79/><W13/><G28/><T32/><D32/><U49/><E9/><V80/><REACH who="2" step="1"/><F103/><REACH who="2" ten="356,250,134,250" step="2"/><W89/><G118/><T85/><D102/><U55/><E71/><V78/><F78/><N who="3" m="46135" /><G117/><T124/><D124/><U51/><E27/><V75/><F75/><W29/><G29/><T115/><D122/><U105/><E16/><V110/><F110/><W44/><G13/><T127/><D120/><U47/><E105/><V19/><F19/><W18/><G18/><T113/><D127/><U48/><REACH who="1" step="1"/><E47/><REACH who="1" ten="356,240,134,250" step="2"/><V132/><F132/><W96/><G21/><N who="0" m="11431" /><D104/><U114/><E114/><V121/><F121/><W131/><G22/><T37/><D115/><U26/><E26/><V2/><F2/><W77/><G23/><RYUUKYOKU ba="1,2" sc="356,-15,240,15,134,15,250,-15" hai1="48,49,51,52,55,56,58,61,63,64,66,88,94" hai2="45,46,53,57,59,60,67,80,87,90,95,98,100" /><INIT seed="1,2,2,2,0,16" ten="341,255,149,235" oya="1" hai0="46,51,34,76,131,53,24,13,14,80,54,132,58" hai1="108,41,63,111,121,39,122,116,55,87,71,94,60" hai2="22,124,29,25,35,28,117,56,81,107,47,26,118" hai3="72,62,68,95,89,84,8,90,38,106,112,75,125"/><U130/><E94/><V23/><F124/><W20/><G125/><T3/><D3/><U67/><E87/><V120/><F120/><W115/><G106/><T83/><D83/><U98/><E98/><V48/><F107/><W69/><G38/><T104/><D104/><U114/><E116/><V64/><F35/><W37/><G37/><T11/><D11/><U17/><E17/><V18/><F18/><W82/><G8/><T27/><D132/><U65/><E55/><V19/><F19/><W77/><G75/><T36/><D131/><U59/><E114/><V43/><F81/><W66/><G69/><T10/><D34/><U44/><REACH who="1" step="1"/><E130/><REACH who="1" ten="341,245,149,235" step="2"/><V100/><F100/><W96/><G115/><T93/><D93/><U30/><E30/><V32/><F32/><W49/><G112/><T119/><D119/><U105/><E105/><V99/><F99/><W78/><G72/><T97/><D97/><U33/><E33/><V85/><F85/><W42/><G42/><T0/><D54/><U21/><E21/><V57/><REACH who="2" step="1"/><F64/><REACH who="2" ten="341,245,139,235" step="2"/><W2/><G66/><T109/><D80/><U134/><E134/><V133/><F133/><W12/><G82/><T110/><D110/><AGARI ba="2,4" hai="39,41,44,59,60,63,65,67,71,108,110,111,121,122" machi="110" ten="40,18000,2" yaku="1,1,14,1,10,1,34,3,53,0" doraHai="16" doraHaiUra="4" who="1" fromWho="0" sc="341,-186,245,226,139,0,235,0" /><INIT seed="1,3,0,3,1,42" ten="155,471,139,235" oya="1" hai0="119,37,117,52,78,92,94,48,64,75,29,110,93" hai1="6,98,38,8,113,126,53,35,61,127,101,25,69" hai2="31,44,45,0,89,1,104,26,32,79,81,91,20" hai3="21,56,57,83,70,135,82,39,3,134,66,59,122"/><U97/><E38/><V51/><F104/><W15/><G3/><T116/><D37/><U67/><E53/><V108/><F108/><W22/><G122/><T30/><D64/><U18/><E113/><V74/><F32/><W80/><G39/><T129/><D110/><U109/><E109/><V106/><F106/><W100/><G100/><T124/><D124/><U13/><E18/><V77/><F77/><W65/><G70/><T17/><D129/><U34/><E34/><V102/><F102/><W14/><G21/><T28/><D17/><U121/><E121/><V7/><F45/><W63/><G22/><T85/><D75/><U111/><E111/><V107/><F107/><W27/><G27/><T68/><D68/><U103/><E103/><V36/><F36/><W90/><G90/><T131/><D131/><U95/><REACH who="1" step="1"/><E98/><REACH who="1" ten="155,461,139,235" step="2"/><V19/><F19/><W128/><G128/><T50/><D52/><U11/><E11/><V10/><REACH who="2" step="1"/><F0/><REACH who="2" ten="155,461,129,235" step="2"/><W58/><REACH who="3" step="1"/><G66/><REACH who="3" ten="155,461,129,225" step="2"/><T84/><REACH who="0" step="1"/><D78/><REACH who="0" ten="145,461,129,225" step="2"/><RYUUKYOKU type="reach4" ba="3,4" sc="145,0,461,0,129,0,225,0" hai0="28,29,30,48,50,84,85,92,93,94,116,117,119" hai1="6,8,13,25,35,61,67,69,95,97,101,126,127" hai2="1,7,10,20,26,31,44,51,74,79,81,89,91" hai3="14,15,56,57,58,59,63,65,80,82,83,134,135" /><INIT seed="1,4,4,4,1,132" ten="145,461,129,225" oya="1" hai0="60,65,29,99,25,94,12,77,87,128,104,62,63" hai1="47,15,76,107,56,45,79,50,55,64,124,42,24" hai2="27,46,43,18,134,83,9,110,86,39,3,89,44" hai3="81,69,80,4,66,90,135,93,10,8,21,133,85"/><U82/><E107/><V52/><F134/><N who="3" m="51211" /><G21/><N who="0" m="15535" /><D104/><U37/><E24/><V16/><F110/><W67/><G10/><T78/><D128/><U71/><E15/><V75/><F75/><W92/><G69/><T84/><D65/><N who="3" m="24585" /><G93/><T119/><D119/><U122/><E47/><V106/><F106/><W35/><G35/><T5/><D5/><U102/><E102/><V61/><F27/><W117/><G117/><T28/><D28/><U129/><E122/><V1/><F18/><W36/><G36/><T127/><D12/><AGARI ba="4,4" hai="4,8,12,80,81,85,90,92" m="24585,51211" machi="12" ten="30,1000,0" yaku="20,1" doraHai="132" who="3" fromWho="0" sc="145,-22,461,0,129,0,225,62" /><INIT seed="2,0,0,2,2,15" ten="123,461,129,287" oya="2" hai0="9,0,6,119,49,122,85,41,95,44,45,63,53" hai1="128,99,19,101,11,46,112,48,84,135,100,58,98" hai2="132,78,60,1,35,28,30,117,59,115,72,123,83" hai3="13,51,120,56,55,104,70,64,71,105,106,4,16"/><V91/><F123/><W10/><G120/><T39/><D122/><U57/><E112/><V27/><F115/><W8/><REACH who="3" step="1"/><G64/><REACH who="3" ten="123,461,129,277" step="2"/><T54/><D119/><U67/><E67/><V75/><F117/><W103/><G103/><T38/><D63/><U36/><E101/><V96/><F132/><W113/><G113/><T109/><D109/><U90/><E100/><V52/><F30/><W47/><G47/><T121/><D121/><U92/><E46/><V31/><F31/><W110/><G110/><T74/><D38/><U62/><E36/><V17/><F1/><AGARI ba="0,1" hai="1,4,8,10,13,16,51,55,56,70,71,104,105,106" machi="1" ten="40,5200,0" yaku="1,1,52,1,54,1,53,0" doraHai="15" doraHaiUra="125" who="3" fromWho="2" sc="123,0,461,0,129,-52,277,62" /><INIT seed="3,0,0,0,4,55" ten="123,461,77,339" oya="3" hai0="84,68,102,12,108,0,131,26,70,20,99,95,80" hai1="46,127,130,106,58,32,76,9,65,41,63,134,52" hai2="82,44,107,28,3,10,122,24,33,51,90,116,42" hai3="75,60,66,1,135,22,79,129,14,110,37,53,126"/><W39/><G1/><T73/><D0/><U94/><E106/><V81/><F116/><W105/><G105/><T57/><D73/><U124/><E32/><V40/><F107/><W35/><G35/><T100/><D100/><U34/><E34/><V125/><F125/><N who="1" m="48201" /><E130/><V47/><F122/><W49/><G126/><T128/><D12/><U96/><E76/><V48/><REACH who="2" step="1"/><F90/><REACH who="2" ten="123,461,67,339" step="2"/><W62/><G129/><T123/><D123/><U11/><E134/><V29/><F29/><W15/><G135/><T4/><D128/><U38/><E65/><V13/><F13/><W117/><G14/><T27/><D131/><U85/><E85/><V112/><F112/><W87/><G117/><T115/><D115/><U8/><E8/><V132/><F132/><W6/><G15/><T2/><D84/><U93/><E93/><V43/><F43/><W30/><G87/><T118/><D95/><U97/><E97/><V61/><F61/><W67/><G62/><T78/><D99/><U64/><E64/><V114/><F114/><W120/><G120/><T54/><D118/><U71/><E71/><V111/><F111/><W101/><G110/><T5/><D108/><U36/><E94/><V18/><F18/><W7/><G67/><T83/><D68/><U56/><E96/><V103/><F103/><W23/><G101/><T17/><D102/><U113/><E9/><V89/><F89/><W25/><G60/><T86/><D70/><U69/><E11/><V19/><F19/><W59/><G66/><T98/><D17/><U45/><E113/><V92/><F92/><W72/><G30/><RYUUKYOKU ba="0,1" sc="123,-10,461,-10,67,30,339,-10" hai2="3,10,24,28,33,40,42,44,47,48,51,81,82" /><INIT seed="4,1,1,0,2,48" ten="113,451,97,329" oya="0" hai0="8,99,38,121,22,123,128,1,27,84,124,103,93" hai1="7,28,34,55,26,98,133,122,102,59,71,30,40" hai2="127,62,92,115,77,5,97,2,3,86,4,79,64" hai3="87,61,76,17,44,41,114,134,95,29,12,89,68"/><T131/><D38/><U132/><E71/><V74/><F74/><W117/><G114/><T107/><D124/><U75/><E75/><V73/><F73/><W39/><G117/><T37/><D37/><U54/><E122/><V16/><F115/><W52/><G134/><N who="1" m="51818" /><E40/><V50/><F127/><W69/><G29/><T42/><D42/><U105/><E7/><N who="2" m="2635" /><F3/><W88/><G76/><N who="2" m="29257" /><F2/><W78/><G78/><T80/><D8/><U119/><E119/><V58/><F86/><W101/><G101/><T9/><D9/><U13/><E13/><V126/><F126/><W36/><G36/><T56/><D107/><U85/><E30/><V10/><F50/><W35/><G35/><T31/><D1/><U65/><E85/><V112/><F112/><W49/><G89/><T24/><D24/><U94/><E105/><V67/><F10/><W21/><G61/><AGARI ba="1,1" hai="26,28,34,54,55,59,61,65,94,98,102" m="51818" machi="61" ten="30,3900,0" yaku="20,1,52,2" doraHai="48" who="1" fromWho="3" sc="113,0,451,52,97,0,329,-42" /><INIT seed="5,0,0,0,2,12" ten="113,503,97,287" oya="1" hai0="11,130,73,53,68,36,96,15,8,106,44,131,17" hai1="0,66,129,71,95,59,121,77,100,114,63,88,16" hai2="86,75,34,3,133,25,19,39,58,29,9,32,70" hai3="78,99,132,98,110,94,18,92,123,30,5,76,33"/><U7/><E121/><V119/><F119/><W24/><G123/><T10/><D68/><U42/><E114/><V122/><F70/><W6/><G110/><T23/><D73/><U108/><E129/><N who="0" m="49161" /><D53/><U116/><E116/><V81/><F39/><W118/><G132/><T50/><D50/><U107/><E77/><V125/><F133/><W85/><G118/><T109/><D109/><U82/><E42/><V51/><F125/><W45/><G45/><T117/><D117/><U79/><E7/><N who="2" m="1279" /><F122/><W115/><G115/><T102/><D44/><U127/><E0/><V124/><F124/><W101/><G33/><T72/><D72/><U90/><E107/><V126/><F75/><W13/><G30/><T31/><D36/><U74/><E71/><V91/><F126/><W65/><G24/><AGARI ba="0,0" hai="8,10,11,15,17,23,24,31,96,102,106" m="49161" machi="24" ten="30,2000,0" yaku="19,1,52,1" doraHai="12" who="0" fromWho="3" sc="113,20,503,0,97,0,287,-20" /><INIT seed="6,0,0,3,0,73" ten="133,503,97,267" oya="2" hai0="33,112,129,79,13,45,25,51,9,90,131,12,27" hai1="120,37,101,96,59,93,133,1,14,10,23,88,15" hai2="123,43,5,36,66,21,106,83,39,4,100,126,65" hai3="2,103,0,77,74,46,53,98,76,52,115,132,38"/><V104/><F123/><W62/><G74/><T30/><D27/><U99/><E37/><V41/><F21/><W54/><G132/><T55/><D112/><U89/><E120/><V127/><REACH who="2" step="1"/><F83/><REACH who="2" ten="133,503,87,267" step="2"/><W109/><G115/><T35/><D35/><U20/><E20/><V117/><F117/><W130/><G130/><N who="0" m="49675" /><D9/><U72/><E10/><V47/><F47/><W28/><G46/><T16/><D16/><U7/><E23/><V56/><F56/><W111/><G111/><T18/><D18/><U135/><E59/><V58/><F58/><W114/><G109/><T134/><D134/><U3/><E135/><V60/><F60/><W122/><G62/><T24/><D24/><U8/><E133/><V86/><F86/><W118/><G122/><T116/><D116/><U19/><E72/><V63/><F63/><W49/><G118/><T78/><D13/><U105/><E15/><V92/><F92/><W11/><G11/><T121/><D12/><U26/><E26/><V34/><F34/><W57/><G57/><T61/><D121/><U75/><E75/><V102/><AGARI ba="0,1" hai="4,5,36,39,41,43,65,66,100,102,104,106,126,127" machi="102" ten="25,9600,0" yaku="1,1,0,1,22,2,53,0" doraHai="73" doraHaiUra="32" who="2" fromWho="2" sc="133,-32,503,-32,87,106,267,-32" /><INIT seed="6,1,0,5,1,114" ten="101,471,193,235" oya="2" hai0="15,31,29,40,108,43,101,26,57,58,37,111,112" hai1="10,96,121,109,45,135,19,105,102,85,107,68,117" hai2="32,103,133,95,50,5,6,14,47,78,66,44,18" hai3="116,7,4,120,21,104,131,13,115,27,52,81,83"/><V88/><F32/><W39/><G39/><T51/><D37/><U130/><E68/><V54/><F66/><W91/><G104/><T87/><D112/><U55/><E109/><V33/><F103/><W82/><G120/><T63/><D101/><U34/><E34/><V80/><F33/><W118/><G131/><T86/><D51/><U25/><E117/><V60/><F60/><W69/><G69/><T12/><REACH who="0" step="1"/><D26/><REACH who="0" ten="91,471,193,235" step="2"/><U79/><E25/><V16/><F133/><W124/><G115/><T110/><D110/><U65/><E102/><V70/><F70/><W99/><G27/><T128/><D128/><U59/><E130/><V123/><F123/><W90/><G118/><T98/><D98/><U84/><E96/><N who="2" m="57447" /><F44/><W74/><G116/><T38/><D38/><U23/><E45/><V100/><F100/><W53/><G99/><T9/><D9/><U132/><E121/><V134/><F134/><W89/><G124/><T56/><D56/><U125/><E10/><V30/><F47/><W48/><G48/><T64/><D64/><U94/><E65/><V49/><F50/><W77/><G74/><T8/><D8/><U71/><E71/><V93/><F49/><W76/><G53/><T106/><D106/><U122/><E125/><V28/><F54/><W41/><G52/><T3/><D3/><U61/><E122/><V2/><F2/><W73/><G73/><T129/><D129/><U20/><E135/><V113/><F113/><W72/><G72/><T119/><D119/><U35/><E132/><V24/><F24/><W67/><G67/><T97/><D97/><RYUUKYOKU ba="1,1" sc="91,30,471,-10,193,-10,235,-10" hai0="12,15,29,31,40,43,57,58,63,86,87,108,111" /><INIT seed="7,2,1,0,2,70" ten="121,461,183,225" oya="3" hai0="50,102,104,9,113,69,95,85,59,47,10,103,51" hai1="34,121,123,91,92,54,25,32,120,17,93,76,90" hai2="117,58,42,81,13,124,100,36,11,63,87,129,41" hai3="38,23,6,84,98,78,111,31,1,97,19,130,88"/><W33/><G78/><T21/><D69/><U20/><E76/><V37/><F117/><W35/><G98/><T12/><D113/><U116/><E54/><V49/><F100/><W94/><G84/><T43/><D104/><U99/><REACH who="1" step="1"/><E116/><REACH who="1" ten="121,451,183,225" step="2"/><V67/><F129/><W4/><G130/><T96/><D103/><U29/><E29/><V22/><F42/><W3/><G31/><T0/><D0/><U44/><E44/><V131/><F131/><W14/><G1/><T71/><D71/><U115/><E115/><V30/><F41/><W60/><G3/><T28/><D85/><AGARI ba="2,2" hai="17,20,25,32,34,85,90,91,92,93,99,120,121,123" machi="85" ten="40,1300,0" yaku="1,1,53,0" doraHai="70" doraHaiUra="68" who="1" fromWho="0" sc="121,-19,451,39,183,0,225,0" owari="102,-40.0,490,59.0,183,-22.0,225,3.0" /></mjloggm>