<mjloggm ver="2.3"><GO type="169" lobby="0"/><UN n0="%E3%83%88%E3%83%88%E3%83%AA%E5%85%88%E7%94%9F%31%39%E6%AD%B3" n1="%57%49%4E%E7%A5%9E" n2="%6B%69%6E%6F%30%31" n3="%6A%75%6E%6F%6E" dan="18,16,16,16" rate="2187.81,2081.06,2057.32,2121.38" sx="F,M,M,M"/><TAIKYOKU oya="0"/><INIT seed="0,0,0,1,4,5" ten="250,250,250,250" oya="0" hai0="85,112,28,15,8,41,109,40,104,117,123,108,125" hai1="86,37,7,84,78,132,69,93,116,134,10,135,103" hai2="121,33,17,70,6,113,58,60,18,23,81,21,72" hai3="95,62,30,79,74,0,25,48,57,44,92,14,75"/><T83/><D112/><U87/><E116/><V126/><F121/><W76/><G0/><T99/><D117/><U129/><E129/><V102/><F33/><W59/><G14/><T107/><D123/><U96/><E69/><V91/><F113/><W105/><G105/><T32/><D125/><U9/><E37/><V77/><F70/><W29/><G48/><T115/><D115/><U111/><E111/><N who="0" m="42569" /><D28/><U51/><E7/><V80/><F102/><W55/><G44/><T65/><D65/><U53/><REACH who="1" step="1"/><E78/><REACH who="1" ten="250,240,250,250" step="2"/><V19/><F6/><W98/><G76/><N who="0" m="46311" /><D32/><U11/><E11/><V67/><F126/><W110/><G79/><T68/><D68/><U100/><E100/><V122/><F122/><W31/><G110/><T47/><D99/><U56/><AGARI ba="0,1" hai="9,10,51,53,56,84,86,87,93,96,103,132,134,135" machi="56" ten="40,8000,1" yaku="1,1,0,1,20,1,52,2,53,0" doraHai="5" doraHaiUra="73" who="1" fromWho="1" sc="250,-40,240,90,250,-20,250,-20" /><INIT seed="1,0,0,0,5,49" ten="210,330,230,230" oya="1" hai0="4,26,104,70,63,131,93,47,17,2,127,69,76" hai1="92,1,57,94,87,91,38,68,58,36,3,31,109" hai2="23,51,7,33,77,117,55,60,72,66,115,18,132" hai3="48,13,134,74,44,98,116,0,39,124,133,5,8"/><U56/><E68/><V135/><F117/><W86/><G74/><T101/><D104/><U119/><E119/><V96/><F33/><W102/><G116/><T22/><D131/><U46/><E31/><V24/><F115/><W67/><G39/><N who="1" m="14890" /><E87/><V90/><F7/><W65/><G124/><T53/><D127/><U82/><E82/><V120/><F120/><W10/><G86/><T14/><D2/><N who="1" m="523" /><E91/><V27/><F96/><W83/><G83/><T108/><D76/><U123/><E123/><V85/><F72/><W6/><G65/><T11/><D69/><U88/><E88/><V78/><F27/><W89/><G67/><T37/><D70/><U41/><E46/><V105/><F105/><W99/><G89/><T121/><D121/><U28/><E28/><V84/><F78/><W114/><G114/><T100/><D37/><U52/><E41/><V59/><F77/><W40/><G99/><N who="0" m="59503" /><D101/><U122/><E122/><V81/><REACH who="2" step="1"/><F85/><REACH who="2" ten="210,330,220,230" step="2"/><W79/><G79/><T107/><D107/><U45/><E109/><V43/><F43/><W73/><G73/><T71/><D108/><U12/><E12/><V50/><F50/><W20/><G98/><T110/><D110/><U95/><E45/><AGARI ba="0,1" hai="18,23,24,45,51,55,59,60,66,81,84,90,132,135" machi="45" ten="40,8000,1" yaku="1,1,52,1,53,2" doraHai="49" doraHaiUra="129" who="2" fromWho="1" sc="210,0,330,-80,220,90,230,0" /><INIT seed="2,0,0,5,5,16" ten="210,250,310,230" oya="2" hai0="70,69,113,91,32,58,28,77,19,78,21,63,120" hai1="85,56,126,87,2,90,59,119,73,99,94,5,12" hai2="130,104,123,114,89,97,76,108,30,80,13,57,27" hai3="132,68,36,72,103,102,48,86,43,39,29,95,110"/><V82/><F114/><W134/><G72/><T20/><D113/><U124/><E119/><V47/><F123/><W0/><G110/><T9/><D120/><U4/><E2/><V53/><BYE who="3" /><F108/><W54/><G54/><T109/><D109/><U74/><E12/><V66/><F130/><W131/><G131/><T38/><D38/><UN n3="%6A%75%6E%6F%6E" /><U60/><E60/><V8/><F66/><W101/><G68/><T49/><D9/><U11/><E99/><V98/><F47/><N who="3" m="25727" /><G0/><T22/><D49/><U106/><E94/><V96/><F104/><W24/><G86/><T45/><D45/><U1/><E11/><V129/><F89/><W6/><G6/><T42/><D19/><U44/><E1/><V3/><F3/><W83/><G83/><T118/><D42/><U40/><E44/><V107/><F107/><W37/><G95/><T14/><D14/><U33/><E40/><V23/><F76/><N who="0" m="29290" /><D32/><U61/><E106/><V92/><F92/><W7/><G7/><T26/><D70/><U71/><E71/><V67/><F67/><W115/><G115/><T117/><D69/><U50/><E33/><V100/><F100/><W122/><G122/><T111/><D111/><U75/><E50/><N who="2" m="30903" /><F129/><W79/><G79/><T65/><D91/><U116/><E90/><V88/><F88/><W10/><G10/><T35/><D35/><U93/><E75/><V17/><AGARI ba="0,0" hai="8,13,17,23,27,30,80,82,96,97,98" m="30903" machi="17" ten="30,3000,0" yaku="8,1,52,1" doraHai="16" who="2" fromWho="2" sc="210,-10,250,-10,310,30,230,-10" /><INIT seed="2,1,0,0,1,3" ten="200,240,340,220" oya="2" hai0="113,89,7,29,119,108,118,111,110,66,96,67,101" hai1="129,21,125,84,126,17,79,71,42,127,22,83,123" hai2="78,56,31,69,114,120,59,2,62,134,5,10,28" hai3="128,40,80,46,64,105,12,82,58,14,41,65,44"/><V117/><F114/><W39/><G105/><T54/><D113/><U16/><E129/><V37/><F117/><N who="0" m="44554" /><D29/><U73/><E123/><V35/><F37/><W49/><G128/><T0/><D89/><U97/><E71/><V23/><F120/><W27/><G27/><T6/><D54/><U131/><E131/><V86/><F35/><W88/><G88/><T48/><D48/><U91/><E97/><V99/><F134/><W1/><G1/><T107/><D0/><U74/><E42/><V106/><F86/><W32/><G32/><T81/><D81/><U50/><E50/><V43/><F43/><W77/><G82/><T13/><D13/><N who="1" m="9359" /><E91/><V8/><F78/><W45/><G45/><T51/><D51/><U15/><AGARI ba="1,0" hai="15,17,22,73,74,79,83,84,125,126,127" m="9359" machi="15" ten="30,2000,0" yaku="18,1,54,1" doraHai="3" who="1" fromWho="1" sc="200,-6,240,23,340,-11,220,-6" /><INIT seed="3,0,0,1,2,117" ten="194,263,329,214" oya="3" hai0="45,120,21,63,98,34,40,95,42,3,23,121,14" hai1="22,113,122,116,38,58,75,11,70,62,60,112,79" hai2="68,73,33,127,84,135,123,107,102,17,19,118,36" hai3="54,119,74,132,66,93,30,15,46,52,78,48,110"/><W56/><G119/><T1/><D34/><U26/><E116/><V80/><RYUUKYOKU type="yao9" ba="0,0" sc="194,0,263,0,329,0,214,0" hai2="17,19,33,36,68,73,80,84,102,107,118,123,127,135" /><INIT seed="3,1,0,5,0,90" ten="194,263,329,214" oya="3" hai0="69,27,8,4,22,19,122,79,9,12,61,67,21" hai1="82,52,71,46,56,106,93,121,29,116,99,18,40" hai2="104,81,66,77,135,133,26,13,108,127,36,34,97" hai3="111,94,23,103,14,63,57,85,43,33,37,35,2"/><W102/><G2/><T0/><D122/><U96/><E121/><V105/><F36/><W125/><G125/><T80/><REACH who="0" step="1"/><D27/><REACH who="0" ten="184,263,329,214" step="2"/><U55/><E116/><V17/><F26/><W16/><G33/><T107/><D107/><U72/><E106/><V130/><F34/><W88/><G35/><T74/><AGARI ba="1,1" hai="0,4,8,9,12,19,21,22,61,67,69,74,79,80" machi="74" ten="20,2700,0" yaku="1,1,0,1,7,1,53,0" doraHai="90" doraHaiUra="24" who="0" fromWho="0" sc="184,40,263,-8,329,-8,214,-14" /><INIT seed="4,0,0,2,1,77" ten="224,255,321,200" oya="0" hai0="45,88,31,112,9,115,134,79,58,122,30,67,91" hai1="75,118,119,106,33,42,130,7,126,89,19,93,11" hai2="60,85,1,6,104,8,62,12,27,108,76,114,127" hai3="102,68,51,99,83,15,125,44,13,47,36,116,52"/><T71/><D122/><U34/><E106/><V14/><F104/><W92/><G116/><T24/><D71/><U57/><E130/><V105/><F105/><W82/><G68/><T65/><D134/><U43/><E126/><V37/><F37/><W49/><G36/><T109/><D109/><U120/><E120/><V81/><F108/><W21/><G125/><T74/><D45/><U61/><E75/><V48/><F127/><W50/><G50/><T124/><D124/><U5/><E19/><V128/><F128/><W46/><G47/><T111/><D111/><U53/><E119/><V22/><F114/><N who="0" m="43562" /><D9/><U73/><E73/><V103/><F103/><W107/><G107/><T59/><D79/><U64/><E118/><V72/><F72/><W35/><G35/><N who="0" m="20935" /><D31/><U54/><E34/><V131/><F131/><W23/><G23/><T29/><D29/><U80/><E33/><V121/><F121/><W110/><G110/><T129/><D74/><U94/><E11/><N who="2" m="4215" /><F48/><W66/><G66/><N who="0" m="25099" /><D129/><U113/><E113/><V28/><F1/><W20/><G20/><T63/><D63/><U40/><E7/><AGARI ba="0,0" hai="7,8,14,22,27,28,60,62,76,81,85" m="4215" machi="7" ten="30,2000,0" yaku="8,1,52,1" doraHai="77" who="2" fromWho="1" sc="224,0,255,-20,321,20,200,0" /><INIT seed="5,0,0,0,5,121" ten="224,235,341,200" oya="1" hai0="78,130,112,62,107,85,48,21,126,105,108,124,13" hai1="2,56,111,93,81,106,100,55,35,20,22,28,46" hai2="119,127,66,39,89,83,77,104,68,117,34,91,44" hai3="53,92,74,24,110,69,30,64,123,109,1,71,5"/><U11/><E106/><V15/><F104/><W7/><G123/><T122/><D122/><U25/><E46/><V38/><F34/><N who="3" m="20807" /><G53/><T31/><D108/><N who="3" m="41577" /><G64/><T8/><D112/><U65/><E65/><V19/><F89/><W47/><G92/><T125/><D130/><U50/><E81/><V42/><F91/><W80/><G47/><T86/><D21/><U75/><E75/><V17/><F39/><W16/><G5/><N who="0" m="3215" /><D31/><U128/><E111/><V99/><F66/><W70/><G16/><T102/><D62/><U41/><E93/><V84/><F19/><W60/><G60/><T6/><D6/><U94/><E94/><V63/><F63/><W40/><G40/><T135/><D105/><U52/><E41/><V0/><F44/><W79/><G71/><T32/><D32/><U118/><E55/><V29/><F17/><W59/><G59/><T12/><D12/><U82/><E35/><V27/><F15/><W10/><AGARI ba="0,0" hai="1,7,10,69,70,74,79,80" m="41577,20807" machi="10" ten="30,7900,0" yaku="23,1,52,3" doraHai="121" who="3" fromWho="3" sc="224,-20,235,-39,341,-20,200,79" /><INIT seed="6,0,0,2,2,127" ten="204,196,321,279" oya="2" hai0="35,45,28,130,47,21,121,41,116,50,62,51,43" hai1="46,126,48,79,3,8,26,111,9,90,59,10,0" hai2="112,5,83,15,39,64,85,124,76,73,69,104,44" hai3="106,132,11,91,133,60,37,19,100,25,61,94,66"/><V70/><F112/><W117/><G37/><T71/><D121/><U118/><E111/><V75/><F124/><W40/><G40/><T2/><D2/><U101/><E126/><V134/><F104/><W110/><G106/><T119/><D35/><U80/><E118/><N who="0" m="45097" /><D28/><U1/><E101/><V7/><F134/><W102/><G61/><T36/><D21/><U33/><E90/><V86/><F86/><W23/><G11/><T55/><D130/><U87/><E59/><V67/><F70/><N who="3" m="42311" /><G110/><T34/><D34/><U109/><E109/><V29/><F29/><W123/><G123/><T129/><D129/><U13/><E26/><V77/><F69/><W88/><G91/><T131/><D131/><U97/><E97/><V122/><F122/><W120/><G120/><T84/><D84/><U17/><REACH who="1" step="1"/><E33/><REACH who="1" ten="204,186,321,279" step="2"/><V53/><F76/><W27/><G117/><T114/><D114/><U92/><E92/><V4/><F77/><W128/><G25/><T24/><D24/><U107/><E107/><V31/><F44/><W74/><G128/><T103/><D103/><U96/><E96/><V89/><F89/><W16/><G102/><T115/><D115/><U81/><E81/><V57/><F83/><W54/><G100/><T78/><D78/><U38/><E38/><V95/><F95/><W98/><G94/><T113/><D113/><U18/><E18/><V72/><F57/><W6/><G98/><T68/><D36/><U30/><E30/><V42/><F39/><W56/><G88/><T108/><D108/><U135/><E135/><V99/><F99/><W63/><G133/><RYUUKYOKU ba="0,1" sc="204,15,186,15,321,-15,279,-15" hai0="41,43,45,47,50,51,55,62,68,71" hai1="0,1,3,8,9,10,13,17,46,48,79,80,87" /><INIT seed="7,1,1,3,0,105" ten="219,201,306,264" oya="3" hai0="111,57,23,9,128,64,89,67,76,21,65,7,4" hai1="135,132,134,116,63,117,93,53,58,25,79,48,68" hai2="81,6,24,52,70,41,22,88,87,62,92,102,94" hai3="99,61,8,18,78,59,119,47,71,82,127,83,122"/><W31/><G119/><N who="1" m="45642" /><E79/><V75/><F75/><W97/><G71/><T106/><D111/><U36/><E36/><V15/><F41/><W37/><G122/><T101/><D128/><U50/><E68/><V110/><F110/><W46/><G31/><T44/><D76/><U118/><N who="1" m="45650" /><U74/><DORA hai="19" /><E74/><V113/><F113/><W80/><G78/><T115/><D115/><U125/><E125/><V84/><F102/><W35/><G35/><T2/><D7/><U108/><E108/><V103/><F103/><W123/><G123/><T85/><D57/><U98/><E25/><V114/><F114/><W112/><G112/><T10/><D10/><U51/><E63/><V3/><F3/><W17/><G37/><T90/><D44/><N who="3" m="16937" /><G8/><T56/><D56/><U60/><E60/><V38/><F38/><W34/><G34/><T42/><D42/><U121/><E121/><V131/><F70/><W11/><G11/><T91/><REACH who="0" step="1"/><D85/><REACH who="0" ten="209,201,306,264" step="2"/><U96/><E96/><AGARI ba="1,2" hai="2,4,9,21,23,64,65,67,89,90,91,96,101,106" machi="96" ten="40,8000,1" yaku="1,1,2,1,52,2,53,0" doraHai="105,19" doraHaiUra="39,73" who="0" fromWho="1" sc="209,103,201,-83,306,0,264,0" owari="312,41.0,118,-38.0,306,11.0,264,-14.0" /></mjloggm>