<mjloggm ver="2.3"><GO type="169" lobby="0"/><UN n0="%74%61%6B%61%79%79%79%79" n1="%E3%83%AB%E3%82%BF%E3%82%B9%E3%82%B1" n2="%E5%B0%B1%E6%B4%BB%E7%94%9F%40%E5%B7%9D%E6%9D%91%E8%BB%8D%E5%9B%A3" n3="%E3%81%9F%E3%82%93%E3%82%86%E3%81%86" dan="16,16,17,16" rate="2093.49,2076.91,2161.24,2085.52" sx="M,M,M,F"/><TAIKYOKU oya="0"/><INIT seed="0,0,0,2,3,105" ten="250,250,250,250" oya="0" hai0="13,41,97,114,128,26,74,110,47,34,96,90,39" hai1="66,86,45,21,103,100,11,36,20,52,89,107,51" hai2="17,131,57,75,84,0,30,48,60,118,62,113,43" hai3="4,16,24,59,67,122,117,82,29,81,134,129,120"/><T46/><D114/><U40/><E66/><V38/><F0/><W126/><G117/><T68/><D128/><U92/><E11/><V127/><F30/><W111/><G4/><T54/><D110/><U123/><E123/><N who="3" m="47146" /><G111/><T12/><D68/><U87/><E87/><V70/><F84/><W31/><G129/><T88/><D74/><U6/><E6/><V124/><F75/><W85/><G134/><T28/><D54/><U50/><E36/><V2/><F17/><W65/><G82/><T95/><REACH who="0" step="1"/><D46/><REACH who="0" ten="240,250,250,250" step="2"/><U23/><REACH who="1" step="1"/><E107/><REACH who="1" ten="240,240,250,250" step="2"/><V49/><F131/><W78/><G67/><T33/><D33/><U22/><N who="1" m="5120" /><DORA hai="27" /><U132/><E132/><V8/><F70/><W115/><G65/><T53/><D53/><U93/><E93/><AGARI ba="0,2" hai="12,13,26,28,34,39,41,47,88,90,93,95,96,97" machi="93" ten="40,12000,1" yaku="1,1,9,1,52,1,54,1,53,0" doraHai="105,27" doraHaiUra="102,72" who="0" fromWho="1" sc="240,140,240,-120,250,0,250,0" /><INIT seed="0,1,0,2,3,74" ten="380,120,250,250" oya="0" hai0="53,99,68,106,32,88,128,33,24,84,60,134,126" hai1="49,25,41,6,101,7,58,51,135,30,113,37,0" hai2="44,123,34,127,27,61,80,18,36,131,47,77,45" hai3="56,43,65,11,121,48,1,50,10,133,70,92,13"/><T15/><D126/><U124/><E124/><V63/><F127/><W109/><G121/><T12/><D128/><U17/><E113/><V90/><F123/><W64/><G70/><T76/><D134/><U120/><E120/><V86/><F131/><W31/><G133/><T38/><D38/><U2/><E135/><V119/><F119/><W8/><G31/><N who="0" m="19559" /><D33/><U72/><E72/><V102/><F36/><W107/><G107/><T16/><D53/><U130/><E130/><V95/><F102/><W9/><G1/><T4/><D4/><U103/><E17/><V116/><F116/><W85/><G50/><T83/><D16/><U132/><E132/><V29/><REACH who="2" step="1"/><F18/><REACH who="2" ten="380,120,240,250" step="2"/><W59/><G109/><T129/><D129/><U20/><E37/><V5/><F5/><N who="3" m="3215" /><G65/><N who="0" m="40999" /><D12/><U81/><E0/><V67/><F67/><W40/><G64/><T22/><D15/><U23/><E2/><V71/><F71/><W57/><G48/><T42/><D106/><U104/><E104/><V89/><F89/><AGARI ba="1,1" hai="9,10,11,40,43,56,57,59,85,89,92" m="3215" machi="89" ten="30,1000,0" yaku="8,1" doraHai="74" who="3" fromWho="2" sc="380,0,120,0,240,-13,250,23" /><INIT seed="1,0,0,5,5,66" ten="380,120,227,273" oya="1" hai0="77,13,43,37,2,33,83,123,127,130,42,22,54" hai1="10,21,55,70,65,56,48,52,100,75,5,132,14" hai2="62,58,1,117,99,119,124,30,11,78,50,105,108" hai3="89,107,112,125,129,135,111,76,121,0,85,104,23"/><U45/><E75/><V20/><F108/><W96/><G0/><T88/><D33/><U120/><E120/><V126/><F78/><W28/><G121/><T106/><D2/><U38/><E132/><V116/><F30/><W59/><G112/><T39/><D123/><U47/><E100/><V49/><F20/><W44/><G135/><T25/><D106/><U97/><E97/><V98/><F11/><W95/><G111/><T8/><D130/><U60/><E21/><V9/><F9/><W61/><G44/><T74/><D127/><N who="2" m="48682" /><F1/><W53/><G129/><T19/><D54/><U134/><E134/><V36/><F36/><W103/><G125/><T51/><D51/><N who="2" m="19466" /><F105/><W63/><G76/><T131/><D131/><U27/><E27/><V69/><F69/><W35/><G35/><T90/><D39/><U80/><E80/><V24/><F24/><W16/><G28/><T64/><D64/><AGARI ba="0,0" hai="58,62,64,98,99,116,117,119" m="19466,48682" machi="64" ten="40,1300,0" yaku="18,1" doraHai="66" who="2" fromWho="0" sc="380,-13,120,0,227,13,273,0" /><INIT seed="2,0,0,4,0,92" ten="367,120,240,273" oya="2" hai0="87,109,129,72,3,120,65,36,107,5,39,38,98" hai1="51,105,32,35,26,17,122,106,69,123,16,134,8" hai2="133,46,49,118,21,34,78,84,103,102,68,4,14" hai3="29,63,41,66,121,15,88,91,104,75,7,73,119"/><V113/><F34/><N who="1" m="12841" /><E51/><V50/><F118/><W77/><G119/><T96/><D120/><N who="1" m="46123" /><E26/><V80/><F113/><W85/><G29/><T6/><D109/><U115/><E115/><V94/><F133/><W90/><G104/><N who="1" m="40042" /><E8/><N who="2" m="4359" /><F68/><W59/><G121/><T11/><D107/><U52/><E52/><N who="2" m="29751" /><F21/><W97/><G41/><T45/><D6/><U100/><E100/><V112/><F112/><W132/><G132/><T127/><D127/><U20/><E20/><V43/><F94/><N who="3" m="56543" /><G73/><T42/><D72/><U114/><E114/><V13/><F13/><W116/><G75/><T37/><D65/><U60/><E134/><V81/><F81/><N who="3" m="47279" /><G116/><T125/><D125/><U10/><E10/><AGARI ba="0,0" hai="7,10,15,59,63,66,88,90" m="47279,56543" machi="10" ten="30,3900,0" yaku="8,1,52,1,54,1" doraHai="92" who="3" fromWho="1" sc="367,0,120,-39,240,0,273,39" /><INIT seed="3,0,0,3,1,41" ten="367,81,240,312" oya="3" hai0="86,97,8,1,106,79,7,65,89,40,88,24,58" hai1="78,59,124,114,36,42,19,45,102,31,28,129,39" hai2="60,132,51,43,26,103,34,77,74,17,27,68,76" hai3="111,48,62,122,95,99,22,23,6,3,92,100,29"/><W94/><G122/><T101/><D40/><U66/><E114/><V96/><F132/><W13/><G111/><T0/><D0/><U107/><E129/><V123/><F123/><W33/><G33/><T81/><REACH who="0" step="1"/><D24/><REACH who="0" ten="357,81,240,312" step="2"/><U115/><E124/><V70/><F27/><W117/><G3/><T125/><D125/><U44/><E115/><V84/><F43/><W134/><G134/><T104/><D104/><U82/><E36/><V83/><F26/><W64/><G117/><T38/><D38/><U37/><E37/><V119/><F119/><W15/><G29/><T127/><D127/><U75/><E42/><V67/><F34/><W108/><G108/><T46/><D46/><U98/><E39/><V130/><F130/><W32/><G32/><T87/><D87/><U4/><E4/><V54/><F84/><W72/><G6/><T118/><D118/><U47/><REACH who="1" step="1"/><E19/><REACH who="1" ten="357,71,240,312" step="2"/><V128/><F17/><W35/><G35/><T16/><D16/><U55/><E55/><V53/><F128/><W112/><G112/><T120/><D120/><U85/><E85/><V121/><F121/><W57/><G72/><T12/><D12/><U30/><E30/><V25/><F54/><W49/><G15/><T21/><D21/><U56/><E56/><V10/><F25/><W2/><G2/><T131/><D131/><U133/><E133/><V109/><F109/><W126/><G126/><T9/><D9/><U20/><E20/><N who="3" m="7722" /><G13/><T18/><D18/><U14/><E14/><V61/><F10/><W5/><G5/><T80/><D80/><U116/><E116/><V52/><F74/><RYUUKYOKU ba="0,2" sc="357,10,71,10,240,-30,312,10" hai0="1,7,8,58,65,79,81,86,88,89,97,101,106" hai1="28,31,44,45,47,59,66,75,78,82,98,102,107" hai3="48,49,57,62,64,92,94,95,99,100" /><INIT seed="3,1,2,1,3,56" ten="367,81,210,322" oya="3" hai0="101,113,131,102,33,79,81,74,5,41,127,83,17" hai1="43,65,129,38,130,15,135,109,46,69,99,27,26" hai2="117,3,40,34,90,119,44,91,52,20,30,111,84" hai3="59,85,32,70,80,120,1,110,8,98,118,132,96"/><W49/><G70/><T95/><D131/><U35/><E135/><V39/><F34/><W105/><G118/><T55/><D127/><U64/><E109/><V94/><F3/><W68/><G68/><T72/><D113/><U13/><E99/><V22/><F111/><W92/><G32/><T104/><D33/><U126/><E126/><V57/><F91/><W100/><G110/><T133/><D41/><U87/><E87/><V77/><F77/><W14/><G1/><T88/><D5/><U4/><E4/><V124/><F124/><W42/><G132/><T7/><D7/><U47/><E35/><V6/><F6/><N who="3" m="3351" /><G98/><N who="0" m="61495" /><D17/><U25/><E69/><V50/><REACH who="2" step="1"/><F30/><REACH who="2" ten="367,81,200,322" step="2"/><W12/><G105/><T76/><D133/><U116/><E116/><AGARI ba="1,3" hai="20,22,39,40,44,50,52,57,84,90,94,116,117,119" machi="116" ten="40,8000,1" yaku="1,1,2,1,54,1,53,1" doraHai="56" doraHaiUra="53" who="2" fromWho="1" sc="367,0,81,-83,200,113,322,0" owari="367,47.0,-2,-50.0,313,-9.0,322,12.0" /></mjloggm>