<mjloggm ver="2.3"><GO type="169" lobby="0"/><UN n0="%E3%82%A6%E3%83%AB%E3%83%88%E3%83%A9%E7%AB%8B%E7%9B%B4" n1="%6B%69%6D%38" n2="%74%61%6B%61%79%79%79%79" n3="%E2%98%86%EF%BC%B2%EF%BC%8E%EF%BC%A4%EF%BC%8E%E2%98%85" dan="18,16,16,17" rate="2196.47,2029.55,2067.21,2164.84" sx="M,M,M,M"/><TAIKYOKU oya="0"/><INIT seed="0,0,0,0,0,73" ten="250,250,250,250" oya="0" hai0="39,100,80,106,5,2,15,120,81,35,126,96,29" hai1="91,14,54,33,28,121,127,50,62,19,36,88,79" hai2="24,30,59,41,133,112,21,95,8,111,40,131,32" hai3="105,60,57,67,34,128,77,72,9,102,110,4,23"/><T71/><D120/><U43/><E121/><V61/><F111/><W101/><G110/><T55/><D126/><U38/><E127/><V117/><F112/><W0/><G34/><T13/><D39/><U11/><E62/><V78/><F133/><W116/><G116/><T92/><D71/><U89/><E43/><V122/><F122/><W123/><G123/><T12/><D35/><U58/><REACH who="1" step="1"/><E79/><REACH who="1" ten="250,240,250,250" step="2"/><V25/><F41/><W45/><G77/><T83/><D29/><U103/><E103/><V10/><F40/><W85/><G101/><T51/><D106/><U18/><E18/><V130/><F117/><W27/><G102/><T7/><REACH who="0" step="1"/><D2/><REACH who="0" ten="240,240,250,250" step="2"/><U74/><E74/><V82/><F131/><W113/><G72/><T63/><D63/><U42/><E42/><V93/><F130/><W132/><G105/><T124/><D124/><U115/><E115/><V107/><F107/><W84/><G113/><T22/><D22/><U118/><E118/><V53/><F21/><W47/><G128/><T134/><D134/><U70/><E70/><V97/><F61/><W86/><REACH who="3" step="1"/><G132/><REACH who="3" ten="240,240,250,240" step="2"/><T52/><D52/><U75/><E75/><V17/><F53/><W3/><G3/><T66/><D66/><U135/><E135/><V119/><F119/><W98/><G98/><T31/><D31/><AGARI ba="0,3" hai="0,4,9,23,27,31,45,47,57,60,67,84,85,86" machi="31" ten="40,1300,0" yaku="1,1,53,0" doraHai="73" doraHaiUra="37" who="3" fromWho="0" sc="240,-13,240,0,250,0,240,43" /><INIT seed="1,0,0,0,2,121" ten="227,240,250,283" oya="1" hai0="59,78,101,70,131,98,43,83,74,102,1,126,45" hai1="39,75,46,11,105,12,2,4,32,64,36,107,108" hai2="7,89,57,60,133,79,31,100,81,129,25,112,117" hai3="28,8,38,127,65,26,80,15,67,94,0,69,17"/><U6/><E32/><V24/><F117/><W62/><G127/><T20/><D70/><U132/><E64/><V5/><F133/><W116/><G116/><T87/><D131/><U40/><E132/><V44/><F129/><W93/><G38/><T103/><D1/><U41/><E12/><V106/><F112/><W96/><G0/><T34/><D34/><U86/><E86/><N who="2" m="48447" /><F106/><W19/><G65/><T119/><D119/><U35/><E6/><N who="2" m="2059" /><F100/><W77/><G17/><T111/><D126/><U61/><E61/><V124/><F124/><W110/><G110/><T37/><D111/><U42/><E108/><V50/><F89/><W76/><G96/><T16/><D59/><U22/><E22/><V88/><F88/><W63/><G63/><T3/><D3/><U113/><E113/><V49/><F31/><W118/><G118/><T114/><D114/><U84/><E84/><V18/><F18/><W48/><G48/><N who="2" m="18537" /><F44/><W95/><REACH who="3" step="1"/><G80/><REACH who="3" ten="227,240,250,273" step="2"/><T51/><D37/><U135/><E39/><V120/><F120/><W58/><G58/><T52/><D43/><N who="1" m="16459" /><E135/><V53/><AGARI ba="0,1" hai="24,25,53,57,60" m="18537,2059,48447" machi="53" ten="30,1100,0" yaku="8,1" doraHai="121" who="2" fromWho="2" sc="227,-3,240,-5,250,21,273,-3" /><INIT seed="2,0,0,5,2,78" ten="224,235,271,270" oya="2" hai0="43,2,7,50,54,90,19,60,56,39,73,79,107" hai1="67,44,34,20,98,92,61,105,82,0,93,70,35" hai2="129,41,83,109,59,103,16,37,108,45,124,24,62" hai3="36,65,91,101,135,106,9,11,87,52,80,64,110"/><V22/><F129/><W3/><G36/><T18/><D107/><U29/><E0/><V134/><F134/><W5/><G110/><N who="2" m="42601" /><F124/><W58/><G135/><T123/><D123/><U128/><E128/><V71/><F103/><W33/><G33/><T114/><D114/><U97/><E44/><V116/><F116/><W28/><G28/><T31/><D31/><U102/><E20/><V125/><F125/><W113/><G113/><T15/><D39/><U63/><E63/><V6/><F6/><W75/><G75/><T72/><D2/><U132/><E132/><V86/><F71/><W48/><REACH who="3" step="1"/><G11/><REACH who="3" ten="224,235,271,260" step="2"/><T127/><D127/><U111/><E29/><V69/><F69/><W4/><G4/><T51/><D7/><U10/><E10/><V47/><F37/><W13/><G13/><T99/><D15/><U74/><E111/><V55/><F41/><W81/><G81/><T68/><D43/><U32/><E74/><V30/><F30/><W119/><G119/><T115/><D73/><U118/><E118/><V12/><F12/><W42/><G42/><T100/><D72/><U96/><E82/><V8/><F8/><W131/><G131/><T112/><D68/><U14/><E14/><V85/><F85/><W21/><G21/><T94/><D115/><U49/><E35/><V38/><F38/><W26/><G26/><T76/><D112/><U27/><E34/><V95/><F95/><N who="1" m="36425" /><E27/><V57/><F57/><W84/><G84/><T133/><D133/><U40/><E32/><V130/><F130/><W1/><G1/><T120/><D94/><U122/><E122/><RYUUKYOKU ba="0,1" sc="224,-30,235,10,271,10,260,10" hai1="40,49,61,67,70,96,97,98,102,105" hai2="16,22,24,45,47,55,59,62,83,86" hai3="3,5,9,48,52,58,64,65,80,87,91,101,106" /><INIT seed="2,1,1,0,2,21" ten="194,245,281,270" oya="2" hai0="38,105,36,128,37,85,73,110,96,134,86,65,4" hai1="123,49,124,22,132,40,62,83,25,12,84,67,35" hai2="54,122,103,77,48,27,98,64,20,13,16,92,135" hai3="18,17,51,47,79,126,9,24,120,31,45,90,68"/><V82/><F122/><W42/><G120/><T8/><D73/><U89/><E123/><V50/><F135/><W129/><G126/><T70/><D134/><U112/><E132/><V23/><F64/><W106/><G129/><T58/><D70/><U115/><E124/><V59/><F50/><W74/><G68/><T1/><D128/><U41/><E35/><V6/><F6/><W55/><G106/><T26/><D110/><U43/><E12/><V87/><F23/><W75/><G90/><T76/><D76/><U53/><E62/><V117/><F117/><W78/><G75/><T121/><D121/><U125/><E67/><V66/><F66/><W30/><G74/><T95/><D105/><U52/><E53/><V14/><AGARI ba="1,1" hai="13,14,16,20,27,48,54,59,77,82,87,92,98,103" machi="14" ten="30,11700,0" yaku="0,1,8,1,52,1,54,1" doraHai="21" who="2" fromWho="2" sc="194,-40,245,-40,281,130,270,-40" /><INIT seed="2,2,0,0,1,64" ten="154,205,411,230" oya="2" hai0="127,100,52,77,125,7,75,11,27,14,33,44,102" hai1="71,56,21,134,10,36,42,124,5,99,110,86,16" hai2="104,129,59,109,135,92,43,88,122,39,82,105,1" hai3="50,29,79,8,61,107,22,28,48,74,41,81,130"/><V40/><F59/><W12/><G130/><T63/><D77/><U121/><E71/><V23/><F23/><W69/><G107/><N who="2" m="41033" /><F40/><W68/><G61/><T9/><D75/><U78/><E121/><V13/><F13/><W132/><G132/><T80/><D80/><U95/><E134/><V70/><F43/><W123/><G123/><T17/><D33/><U30/><E124/><N who="0" m="47689" /><D27/><U35/><E42/><V108/><F39/><W15/><G41/><T96/><D96/><U60/><E36/><V6/><F122/><W65/><G65/><T90/><D90/><U66/><E30/><V51/><F51/><W31/><G22/><T37/><D37/><U103/><E35/><V85/><F70/><W120/><G120/><T117/><D117/><U26/><E110/><N who="2" m="42603" /><F135/><W111/><G111/><T128/><D128/><U25/><E25/><V97/><F129/><W62/><G12/><N who="0" m="7327" /><D63/><U58/><E10/><N who="2" m="2383" /><F82/><W18/><G62/><T126/><N who="0" m="47697" /><T133/><DORA hai="45" /><D133/><U112/><E60/><V53/><F85/><W114/><G48/><AGARI ba="2,0" hai="7,9,14,44,48,52,100,102" m="7327,47697" machi="48" ten="40,5200,0" yaku="18,1,52,1,54,1" doraHai="64,45" who="0" fromWho="3" sc="154,58,205,0,411,0,230,-58" /><INIT seed="3,0,0,3,2,6" ten="212,205,411,172" oya="3" hai0="2,58,117,91,87,113,79,4,62,126,33,24,61" hai1="129,17,73,86,35,97,63,108,104,60,128,132,46" hai2="131,90,119,110,29,54,72,22,9,64,95,112,19" hai3="13,23,125,59,40,127,39,65,80,20,76,44,10"/><W69/><G69/><T18/><D117/><U85/><E35/><V26/><F110/><W53/><G65/><T34/><D79/><U48/><E108/><V68/><F72/><W38/><G38/><T41/><D126/><N who="3" m="48137" /><G53/><T70/><D41/><U52/><E73/><V115/><F119/><W101/><G101/><T130/><D130/><N who="1" m="50283" /><E132/><V16/><F131/><W102/><G102/><T47/><D47/><U30/><E30/><V5/><F54/><W66/><G59/><T81/><D62/><N who="1" m="23595" /><E17/><N who="2" m="6731" /><F68/><W74/><G66/><T8/><D70/><U36/><E36/><V105/><F105/><W56/><G56/><T107/><D107/><U98/><E104/><V78/><F64/><W50/><G39/><T42/><D58/><U111/><E111/><V49/><F115/><W25/><G25/><T116/><D24/><U106/><E106/><V27/><F112/><W11/><G13/><T134/><D113/><U12/><E12/><N who="2" m="5167" /><F26/><W118/><G118/><T32/><D116/><U84/><AGARI ba="0,0" hai="46,48,52,84,85,86,97,98" m="23595,50283" machi="84" ten="40,2700,0" yaku="19,1,54,1" doraHai="6" who="1" fromWho="1" sc="212,-7,205,27,411,-7,172,-13" /><INIT seed="4,0,0,3,1,98" ten="205,232,404,159" oya="0" hai0="43,120,33,24,82,87,78,99,30,75,23,77,85" hai1="35,80,0,44,73,48,10,130,56,63,81,110,71" hai2="40,49,84,96,13,109,102,19,28,47,64,16,11" hai3="22,17,25,128,117,103,134,67,58,116,92,131,12"/><T61/><D120/><U5/><E35/><V65/><F109/><W53/><G67/><T32/><D43/><U52/><E110/><V27/><F19/><W119/><G134/><T114/><D114/><U88/><E73/><V51/><F84/><W105/><G105/><T39/><D39/><U21/><E130/><V79/><F79/><W125/><G125/><T54/><D75/><U121/><E121/><V8/><F51/><W46/><G46/><T15/><D15/><U135/><E135/><V38/><F38/><W31/><G92/><T104/><D54/><U62/><E21/><N who="2" m="15471" /><F11/><N who="3" m="6303" /><G103/><T91/><D61/><U132/><E132/><V60/><F60/><W108/><G108/><T97/><D97/><U113/><E113/><V83/><F83/><W29/><G53/><T126/><D126/><U115/><E115/><V55/><F55/><W6/><G58/><T68/><D68/><U9/><E71/><V42/><F42/><W94/><G94/><AGARI ba="0,0" hai="8,13,16,40,47,49,64,65,94,96,102" m="15471" machi="94" ten="30,3900,0" yaku="8,1,52,1,54,1" doraHai="98" who="2" fromWho="3" sc="205,0,232,0,404,39,159,-39" /><INIT seed="5,0,0,0,5,88" ten="205,232,443,120" oya="1" hai0="115,87,100,16,105,97,121,75,60,106,57,37,74" hai1="11,63,45,20,102,98,28,116,112,59,19,32,40" hai2="108,54,96,26,24,34,39,135,119,7,134,0,47" hai3="35,118,27,81,9,52,48,1,95,130,117,92,129"/><U4/><E116/><N who="3" m="44650" /><G81/><T44/><D115/><U25/><E112/><V110/><F119/><W113/><G113/><T53/><D121/><U133/><E133/><N who="2" m="50699" /><F96/><W80/><G80/><T65/><D106/><U49/><E4/><V5/><F54/><W30/><G9/><T93/><D87/><U76/><E76/><V31/><F26/><W62/><G62/><T89/><D89/><U56/><E63/><V18/><F18/><W127/><G1/><T6/><D6/><N who="2" m="2058" /><F0/><W90/><G127/><T123/><D123/><U124/><E124/><V68/><F68/><W23/><G35/><T131/><D105/><U36/><E36/><V107/><F107/><W114/><G114/><T33/><D33/><U21/><E11/><V126/><F126/><W2/><G2/><T66/><D37/><U22/><REACH who="1" step="1"/><E19/><REACH who="1" ten="205,222,443,120" step="2"/><V15/><F39/><W73/><G73/><T78/><D75/><U14/><E14/><V38/><F15/><W99/><G92/><AGARI ba="0,1" hai="20,21,22,25,28,32,40,45,49,56,59,92,98,102" machi="92" ten="40,3900,0" yaku="1,1,52,1,53,0" doraHai="88" doraHaiUra="71" who="1" fromWho="3" sc="205,0,222,49,443,0,120,-39" /><INIT seed="5,1,0,0,2,91" ten="205,271,443,81" oya="1" hai0="127,0,102,11,129,45,55,22,110,1,50,131,9" hai1="8,101,29,27,19,81,60,65,120,90,64,111,41" hai2="82,70,52,92,33,122,7,68,47,121,48,67,14" hai3="24,4,77,59,104,135,38,58,134,69,31,119,99"/><U56/><E120/><V71/><F67/><W34/><G119/><T17/><D102/><U42/><E111/><V87/><F92/><W98/><G98/><T107/><D107/><U93/><E65/><V3/><F3/><W114/><G114/><T125/><D110/><U16/><E81/><V23/><F33/><W118/><G118/><T18/><D50/><U88/><E101/><V84/><F84/><W25/><G38/><T75/><D55/><U46/><E8/><N who="0" m="3145" /><D45/><U2/><E2/><N who="0" m="1129" /><D75/><U44/><E90/><V36/><F36/><W105/><G69/><T26/><D18/><N who="1" m="6699" /><E44/><V85/><F85/><W62/><G104/><T97/><D97/><N who="1" m="57511" /><E46/><V112/><F47/><W115/><G105/><T83/><D83/><U95/><E95/><V113/><F82/><W57/><G59/><T66/><D66/><U72/><E72/><V100/><F70/><W54/><G58/><T51/><D51/><U117/><E117/><V30/><F68/><W73/><G73/><T94/><D94/><U15/><E15/><V89/><F14/><W43/><G57/><T74/><D74/><U13/><E13/><V78/><F71/><W35/><G62/><T12/><D12/><U20/><AGARI ba="1,0" hai="20,27,29,41,42,56,60,64" m="57511,6699" machi="20" ten="30,11700,0" yaku="8,1,52,1,54,2" doraHai="91" who="1" fromWho="1" sc="205,-40,271,120,443,-40,81,-40" /><INIT seed="5,2,0,3,5,30" ten="165,391,403,41" oya="1" hai0="41,109,106,127,111,29,28,12,50,80,56,38,97" hai1="46,95,4,115,15,36,57,54,70,133,43,88,104" hai2="51,16,69,49,48,27,1,14,85,2,122,134,63" hai3="82,5,101,64,96,126,89,91,61,11,45,72,121"/><U135/><E104/><V93/><F122/><W21/><G121/><T31/><D127/><U67/><E115/><V60/><F27/><W114/><G114/><T79/><D12/><U99/><E4/><V71/><F134/><N who="1" m="51209" /><E15/><V130/><F130/><W55/><G126/><T17/><D17/><U66/><E70/><V118/><F118/><W131/><G131/><T73/><D38/><U98/><E98/><V110/><F110/><W90/><G21/><T52/><REACH who="0" step="1"/><D41/><REACH who="0" ten="155,391,403,41" step="2"/><U40/><E43/><V65/><F14/><W18/><G18/><T42/><D42/><U0/><E0/><V123/><F16/><W9/><G5/><T39/><D39/><U47/><E47/><V68/><F2/><W81/><G45/><T116/><D116/><U22/><E22/><V10/><F1/><W77/><G9/><T103/><AGARI ba="2,1" hai="28,29,31,50,52,56,73,79,80,97,103,106,109,111" machi="103" ten="30,4000,0" yaku="1,1,0,1,54,1,53,0" doraHai="30" doraHaiUra="6" who="0" fromWho="0" sc="155,56,391,-22,403,-12,41,-12" /><INIT seed="6,0,0,1,5,64" ten="211,369,391,29" oya="2" hai0="30,88,90,91,96,52,44,39,97,94,98,129,46" hai1="41,17,54,84,36,43,55,62,4,92,2,14,113" hai2="117,68,79,28,48,103,81,105,125,60,135,69,87" hai3="101,122,99,134,47,34,89,23,130,118,73,128,72"/><V56/><F117/><W6/><G34/><T80/><D129/><N who="3" m="49769" /><G6/><T19/><D30/><U67/><E113/><V24/><F135/><W61/><G118/><T121/><D121/><U12/><E36/><V58/><F125/><W10/><G10/><T66/><D66/><U75/><E75/><N who="3" m="28746" /><G61/><T123/><D123/><U29/><E2/><V13/><F13/><W110/><G23/><T127/><D127/><U109/><E4/><V112/><F112/><W9/><G47/><T116/><D116/><U78/><E29/><V77/><F77/><W45/><G45/><T59/><D19/><U102/><E109/><V33/><F48/><W22/><G22/><T71/><D46/><U126/><E126/><V53/><F58/><W100/><G9/><T106/><D44/><U25/><E14/><V131/><F131/><W32/><G32/><T107/><D59/><N who="1" m="37343" /><E12/><V120/><F120/><W124/><G124/><T38/><D52/><N who="1" m="20011" /><E78/><V7/><F7/><W16/><G122/><T18/><D18/><U3/><E3/><V83/><F83/><W104/><G110/><T20/><D20/><N who="1" m="13455" /><E102/><N who="3" m="39530" /><G134/><T65/><D38/><U85/><E85/><V95/><F87/><W70/><G70/><T8/><D39/><U86/><E86/><N who="2" m="48447" /><F68/><W108/><G108/><T111/><D111/><U57/><E57/><V5/><F69/><W0/><G0/><T1/><D71/><U15/><E15/><V35/><F5/><W115/><G115/><T26/><D1/><U21/><E21/><V76/><F35/><W40/><G16/><T82/><D8/><U31/><E31/><V11/><F28/><RYUUKYOKU ba="0,0" sc="211,-10,369,30,391,-10,29,-10" hai1="41,43,84,92" /><INIT seed="7,1,0,0,1,97" ten="201,399,381,19" oya="3" hai0="27,119,40,31,70,45,96,126,41,93,24,29,99" hai1="21,38,39,114,113,81,26,19,118,68,111,64,20" hai2="25,62,106,52,123,5,2,78,129,43,109,82,100" hai3="8,117,3,17,87,131,102,44,108,112,90,53,16"/><W13/><G117/><T65/><D126/><U36/><E111/><V132/><F109/><W128/><G108/><T73/><D73/><U63/><E118/><V34/><F43/><W51/><G112/><N who="1" m="43114" /><E81/><V56/><F132/><W30/><G3/><T91/><D65/><U28/><E19/><V9/><F129/><N who="3" m="49739" /><G30/><T12/><D70/><U121/><E121/><V35/><F123/><W94/><G17/><T37/><D119/><U133/><E133/><V33/><F106/><W15/><G15/><T124/><D12/><U67/><E67/><V4/><F4/><W23/><G8/><T1/><D124/><U47/><E47/><V95/><F100/><AGARI ba="1,0" hai="13,16,23,44,51,53,87,90,94,100,102" m="49739" machi="100" ten="30,11600,0" yaku="19,1,52,2,54,1" doraHai="97" who="3" fromWho="2" sc="201,0,399,0,381,-119,19,119" /><INIT seed="7,2,0,0,3,127" ten="201,399,262,138" oya="3" hai0="63,120,4,128,116,32,25,132,13,122,10,35,74" hai1="65,31,90,75,108,79,51,9,57,69,104,37,34" hai2="30,129,62,135,23,56,114,103,92,33,102,83,60" hai3="112,76,49,39,89,81,47,7,121,43,80,125,111"/><W96/><G121/><T12/><D74/><U42/><E104/><V124/><F129/><W82/><G125/><T133/><D63/><N who="1" m="40127" /><E108/><V91/><F33/><N who="0" m="12874" /><D116/><U130/><E130/><V84/><F114/><W20/><G112/><T68/><D68/><U6/><E90/><N who="2" m="51487" /><F135/><N who="0" m="51786" /><D128/><U107/><E31/><V54/><F124/><W46/><G111/><T118/><D118/><U126/><E34/><V72/><F72/><W67/><G7/><N who="0" m="3167" /><D25/><U48/><E9/><AGARI ba="2,0" hai="4,9,13,120,122" m="3167,51786,12874" machi="9" ten="30,3900,0" yaku="20,1,34,2" doraHai="127" who="0" fromWho="1" sc="201,45,399,-45,262,0,138,0" owari="246,-15.0,354,45.0,262,6.0,138,-36.0" /></mjloggm>