<mjloggm ver="2.3"><GO type="169" lobby="0"/><UN n0="%68%69%6E%61%6A%69%6E%6E" n1="%E5%B0%B1%E6%B4%BB%E7%94%9F%40%E5%B7%9D%E6%9D%91%E8%BB%8D%E5%9B%A3" n2="%E4%BC%8A%E8%A3%8F%E9%87%8E%E5%8A%A0%E5%A5%88" n3="%46%75%72%75%79%61" dan="16,17,16,17" rate="2085.63,2167.15,2144.11,2152.22" sx="M,M,M,M"/><TAIKYOKU oya="0"/><INIT seed="0,0,0,4,2,51" ten="250,250,250,250" oya="0" hai0="130,126,48,2,63,97,112,114,57,128,39,37,60" hai1="64,15,109,16,0,66,27,120,55,111,52,30,44" hai2="50,88,62,61,31,68,113,28,38,81,3,125,42" hai3="90,95,135,75,127,79,21,49,24,32,6,23,116"/><T20/><D2/><U8/><E0/><V53/><F113/><N who="0" m="43626" /><D97/><U46/><E120/><V103/><F3/><W102/><G116/><T80/><D20/><N who="1" m="15719" /><E109/><V12/><F125/><W40/><G102/><T108/><D80/><U96/><E111/><V54/><F103/><W129/><G32/><T45/><D108/><U115/><E115/><V7/><F38/><N who="0" m="14346" /><D126/><U110/><E110/><V89/><F68/><W26/><G6/><T33/><D33/><U73/><E73/><V19/><F7/><W29/><G75/><T36/><N who="0" m="14354" /><T131/><DORA hai="34" /><D57/><U70/><E70/><V94/><F81/><W17/><G79/><T11/><D11/><U59/><E96/><N who="2" m="57415" /><F89/><W99/><G127/><T4/><D4/><U67/><E59/><N who="2" m="35055" /><F19/><W84/><G17/><T106/><D106/><U104/><E104/><V13/><F12/><W92/><G90/><T5/><D5/><U122/><E122/><V107/><F13/><W56/><G92/><T85/><D85/><U124/><E124/><V76/><F76/><W25/><G84/><T119/><D119/><U43/><E43/><AGARI ba="0,0" hai="43,45,48,60,63,128,130,131" m="14354,43626" machi="43" ten="50,9600,0" yaku="19,1,34,2" doraHai="51,34" who="0" fromWho="1" sc="250,96,250,-96,250,0,250,0" /><INIT seed="0,1,0,5,1,75" ten="346,154,250,250" oya="0" hai0="117,16,90,116,128,8,119,70,31,56,26,21,121" hai1="11,29,64,28,96,48,52,68,97,59,73,126,93" hai2="42,36,0,14,113,30,85,127,6,91,23,67,102" hai3="27,112,76,66,24,103,19,77,109,107,101,10,122"/><T53/><D70/><U39/><E39/><V118/><F113/><W15/><G112/><T65/><D65/><U98/><E73/><V120/><F120/><W99/><G109/><T35/><D128/><U115/><E115/><V12/><F127/><W20/><G122/><T133/><D133/><U37/><E37/><V3/><F118/><W129/><G129/><T72/><D72/><U134/><E134/><V104/><F67/><W44/><G66/><T32/><D121/><U114/><E114/><V132/><F132/><W61/><G61/><T60/><D8/><U81/><E126/><V105/><F36/><W2/><G103/><T110/><D110/><U50/><E50/><V43/><F91/><W94/><G107/><T95/><REACH who="0" step="1"/><D31/><REACH who="0" ten="336,154,250,250" step="2"/><U63/><E11/><V135/><F135/><W74/><G74/><T130/><D130/><U54/><E29/><V78/><F30/><W25/><REACH who="3" step="1"/><G44/><REACH who="3" ten="336,154,250,240" step="2"/><T131/><D131/><U69/><E69/><V71/><F71/><W57/><G57/><T47/><D47/><U124/><E124/><V5/><F105/><W84/><G84/><AGARI ba="1,2" hai="16,21,26,32,35,53,56,60,84,90,95,116,117,119" machi="84" ten="40,3900,0" yaku="1,1,54,1,53,0" doraHai="75" doraHaiUra="34" who="0" fromWho="3" sc="336,62,154,0,250,0,240,-42" /><INIT seed="0,2,0,3,3,30" ten="398,154,250,198" oya="0" hai0="135,70,113,89,50,112,3,85,15,37,126,61,28" hai1="41,56,97,76,64,13,123,18,32,95,87,20,116" hai2="26,118,57,114,19,34,24,14,125,92,105,69,93" hai3="40,82,27,99,103,17,111,127,134,60,59,73,107"/><T44/><D3/><U81/><E116/><V7/><F114/><W35/><G111/><T119/><D119/><U117/><E117/><V79/><F69/><W67/><G127/><T101/><D101/><U62/><E123/><V49/><F105/><W90/><G134/><T63/><D135/><U33/><REACH who="1" step="1"/><E41/><REACH who="1" ten="398,144,250,198" step="2"/><V43/><F43/><W65/><G40/><T88/><D126/><U10/><E10/><V94/><F125/><W1/><G1/><T84/><D113/><U22/><E22/><V66/><F118/><W54/><G35/><T23/><D112/><U68/><E68/><V2/><F34/><W16/><G73/><T120/><D70/><U83/><E83/><V31/><F92/><W91/><G82/><T115/><D120/><U29/><E29/><V52/><F93/><W0/><G0/><T25/><D115/><U121/><E121/><V46/><F94/><W96/><G96/><T108/><D28/><U98/><E98/><V11/><F31/><W12/><G99/><T48/><D23/><U53/><E53/><V6/><F2/><W129/><G54/><T21/><D21/><U110/><E110/><V42/><F42/><W58/><G65/><T131/><D108/><U124/><E124/><V86/><F66/><W38/><G67/><T109/><D109/><U55/><E55/><V39/><F57/><W4/><G59/><T47/><D85/><U9/><E9/><V133/><F133/><W75/><G58/><T130/><D84/><U45/><E45/><N who="2" m="27695" /><F86/><W104/><G107/><T102/><D47/><U51/><E51/><V72/><F46/><RYUUKYOKU ba="2,1" sc="398,-10,144,30,250,-10,198,-10" hai1="13,18,20,32,33,56,62,64,76,81,87,95,97" /><INIT seed="1,3,1,5,4,4" ten="388,174,240,188" oya="1" hai0="62,13,127,81,11,60,46,18,128,32,83,71,49" hai1="117,5,38,93,133,21,74,132,44,25,7,20,37" hai2="111,90,17,63,94,134,34,10,120,79,43,84,2" hai3="41,53,116,99,48,14,72,107,54,45,15,1,77"/><U76/><E117/><V16/><F34/><W119/><G1/><T123/><D32/><U87/><E74/><V28/><F120/><W70/><G70/><T59/><D123/><U57/><E57/><V42/><F28/><W33/><G33/><T23/><D128/><U3/><E21/><V80/><F134/><N who="1" m="51817" /><E44/><V39/><F111/><W114/><G114/><T106/><D71/><U103/><E103/><V55/><F2/><W40/><G107/><T22/><D106/><U75/><E75/><V105/><F105/><W98/><G72/><T31/><D23/><U9/><E7/><V61/><F39/><W29/><G29/><T68/><D68/><U112/><E112/><V130/><F130/><W102/><G102/><T64/><D62/><N who="2" m="23562" /><F17/><W89/><G45/><T86/><D22/><U129/><E129/><V58/><F58/><W27/><G77/><T115/><D115/><U88/><E76/><V96/><F55/><W126/><G48/><T24/><D31/><AGARI ba="3,1" hai="3,5,9,20,25,31,37,38,87,88,93" m="51817" machi="31" ten="30,5800,0" yaku="20,1,52,1,54,1" doraHai="4" who="1" fromWho="0" sc="388,-67,174,77,240,0,188,0" /><INIT seed="1,4,0,4,5,83" ten="321,251,240,188" oya="1" hai0="118,38,108,88,55,109,59,99,60,3,50,127,89" hai1="48,36,117,46,27,25,86,77,101,18,0,90,29" hai2="44,74,91,5,9,6,8,132,13,103,19,67,122" hai3="130,78,47,121,115,71,75,85,126,10,66,116,131"/><U135/><E36/><V72/><F122/><W100/><G121/><T106/><D38/><U51/><E0/><V31/><F132/><W54/><G115/><T96/><D3/><U98/><E117/><V34/><F103/><W114/><G114/><T41/><D127/><U80/><E135/><V17/><F67/><W33/><G126/><T53/><D41/><U84/><E18/><N who="2" m="6667" /><F44/><W61/><G116/><T123/><D123/><U16/><E29/><V35/><F91/><N who="0" m="34890" /><D106/><U119/><E119/><V39/><F39/><W113/><G113/><T64/><D64/><U93/><E16/><N who="2" m="8231" /><F72/><W11/><G75/><T95/><D118/><U14/><E14/><N who="2" m="5423" /><F74/><W22/><G100/><T20/><D95/><N who="1" m="58591" /><E51/><V125/><F125/><W4/><G47/><T45/><D20/><U56/><E56/><V2/><F31/><W134/><G134/><T21/><D99/><U62/><E62/><V102/><F102/><W105/><G61/><T87/><D96/><U37/><E37/><V94/><F94/><W32/><G71/><T73/><D73/><U133/><E133/><V30/><F30/><W24/><G66/><T12/><D60/><U69/><E69/><V7/><F2/><W28/><G105/><T43/><D59/><U76/><E77/><V15/><F15/><W79/><G78/><T42/><D12/><U63/><E63/><V112/><F112/><W120/><G79/><T65/><D65/><U68/><E68/><V111/><F111/><W81/><G120/><T23/><D109/><U129/><E129/><V58/><F58/><W128/><G130/><T26/><D108/><RYUUKYOKU ba="4,0" sc="321,-15,251,15,240,15,188,-15" hai1="25,27,46,48,76,80,84,86,90,93" hai2="6,7,34,35" /><INIT seed="1,5,0,3,4,27" ten="306,266,255,173" oya="1" hai0="52,32,0,59,120,36,9,99,115,133,127,82,80" hai1="35,86,108,81,84,22,68,126,66,34,11,135,42" hai2="23,31,43,101,87,16,94,6,18,53,97,3,51" hai3="41,72,19,62,73,83,26,14,91,123,49,1,50"/><U54/><E42/><V20/><F43/><W12/><G1/><T121/><D36/><U13/><E126/><V40/><F40/><W37/><G123/><T111/><D127/><U46/><E135/><V118/><F118/><W21/><G37/><T55/><D133/><U64/><E34/><V75/><F75/><W38/><G38/><T134/><D32/><U114/><E35/><V79/><F6/><W110/><G110/><T90/><D134/><U112/><E108/><V103/><F103/><W56/><G72/><T125/><D115/><U2/><E2/><V77/><F3/><W96/><G73/><T45/><D125/><U105/><E105/><V89/><F20/><W124/><G124/><T95/><D111/><U48/><E84/><V24/><F77/><W74/><G74/><T71/><D71/><U100/><E100/><V131/><F131/><W93/><G83/><T17/><D0/><U47/><E47/><N who="2" m="27903" /><F79/><W130/><G130/><T69/><D69/><U58/><E68/><V107/><F107/><W25/><G25/><T30/><D121/><U98/><E98/><V8/><F8/><W10/><G41/><T60/><D120/><U65/><E22/><V15/><F15/><N who="3" m="5675" /><G10/><T132/><D132/><U117/><E117/><V88/><F101/><W4/><G4/><T7/><D7/><N who="1" m="3327" /><E114/><V63/><F63/><W70/><G70/><T78/><D9/><U44/><E112/><V5/><F5/><W128/><G128/><T57/><D78/><AGARI ba="5,0" hai="44,46,48,54,58,64,65,66,78,81,86" m="3327" machi="78" ten="30,1500,0" yaku="8,1" doraHai="27" who="1" fromWho="0" sc="306,-30,266,30,255,0,173,0" /><INIT seed="1,6,0,3,4,7" ten="276,296,255,173" oya="1" hai0="132,74,91,66,2,90,127,78,94,124,73,25,9" hai1="47,6,125,92,75,82,119,113,106,120,39,42,56" hai2="55,99,43,98,52,107,1,31,59,51,12,21,97" hai3="54,80,69,0,83,45,111,86,108,87,53,72,109"/><U112/><E106/><V71/><F1/><W133/><G133/><T84/><D66/><U14/><E119/><V57/><F71/><W23/><G69/><T100/><D25/><U41/><E41/><V95/><F107/><W122/><G122/><T26/><D26/><U5/><E120/><V96/><F43/><W64/><G0/><T44/><D44/><U3/><E125/><V77/><F77/><W36/><G72/><T32/><D32/><U103/><E6/><V60/><F99/><W10/><G64/><T118/><D118/><U24/><E56/><V15/><REACH who="2" step="1"/><F95/><REACH who="2" ten="276,296,245,173" step="2"/><W38/><G108/><T58/><D78/><U101/><E92/><V62/><F62/><W117/><G117/><T8/><D94/><U121/><E121/><V29/><F29/><W61/><G61/><T105/><D105/><U68/><E68/><V18/><F18/><W11/><G45/><T134/><D2/><U67/><E3/><V81/><F81/><W37/><G37/><T85/><D100/><U130/><E103/><V79/><F79/><W131/><REACH who="3" step="1"/><G23/><REACH who="3" ten="276,296,245,163" step="2"/><T4/><D58/><U123/><E47/><V126/><F126/><W114/><G114/><T104/><D104/><U50/><E39/><V135/><F135/><W17/><G17/><T93/><D4/><U116/><E5/><V128/><F128/><AGARI ba="6,2" hai="10,11,36,38,53,54,80,83,86,87,109,111,128,131" machi="128" ten="25,8000,1" yaku="1,1,22,2,52,2,53,0" doraHai="7" doraHaiUra="30" who="3" fromWho="2" sc="276,0,296,0,245,-98,163,118" /><INIT seed="2,0,0,1,5,84" ten="276,296,147,281" oya="2" hai0="91,106,3,98,110,43,15,83,22,25,109,96,55" hai1="114,128,53,118,120,119,133,112,87,50,65,44,16" hai2="49,135,4,129,71,125,134,40,85,5,131,38,41" hai3="105,27,123,127,56,23,17,33,47,63,64,80,30"/><V9/><F71/><W18/><G123/><T94/><D3/><U117/><E120/><V95/><F38/><W42/><G105/><T6/><D43/><N who="2" m="16458" /><F49/><W11/><G127/><T62/><D83/><U29/><E29/><V19/><F19/><W48/><G33/><T77/><D77/><U122/><E122/><V13/><F5/><W75/><G11/><T90/><D106/><U2/><E2/><V78/><F78/><W52/><G75/><T82/><D82/><U59/><E128/><N who="2" m="49227" /><F125/><W79/><G79/><T121/><D121/><U37/><E133/><N who="2" m="50699" /><F85/><W93/><G80/><T14/><D6/><U45/><E37/><V108/><F95/><W46/><REACH who="3" step="1"/><G93/><REACH who="3" ten="276,296,147,271" step="2"/><T89/><D94/><U70/><E118/><V72/><F72/><W132/><G132/><T36/><D36/><AGARI ba="0,1" hai="17,18,23,27,30,36,42,46,47,48,52,56,63,64" machi="36" ten="30,3900,0" yaku="1,1,7,1,54,1,53,0" doraHai="84" doraHaiUra="67" who="3" fromWho="0" sc="276,-39,296,0,147,0,271,49" /><INIT seed="3,0,0,4,3,106" ten="237,296,147,320" oya="3" hai0="80,121,108,104,107,85,102,64,76,63,109,20,51" hai1="77,56,29,87,30,55,115,9,40,15,69,112,131" hai2="70,105,22,86,96,34,47,132,88,0,101,110,10" hai3="93,66,36,72,111,52,123,99,83,45,4,119,129"/><W100/><G123/><T27/><D121/><U43/><E69/><V61/><F34/><W44/><G119/><T127/><D127/><U19/><E77/><V21/><F110/><N who="0" m="42602" /><D51/><N who="1" m="30847" /><E87/><V128/><F128/><W33/><G33/><T48/><D48/><U23/><E131/><V133/><F47/><W16/><G111/><T38/><D38/><U125/><E125/><V46/><F46/><W17/><G4/><T90/><D102/><U35/><E35/><V3/><F61/><W62/><G129/><T84/><D84/><U53/><E115/><V1/><F10/><W91/><G36/><T120/><D90/><U59/><E112/><V68/><F70/><W6/><G6/><T14/><D14/><U74/><E74/><V26/><F68/><W57/><G72/><N who="0" m="43015" /><D120/><U8/><E8/><V114/><F114/><W118/><G118/><T13/><D13/><U82/><E82/><V25/><F26/><W49/><G45/><T89/><D85/><AGARI ba="0,0" hai="16,17,44,49,52,57,62,66,83,85,91,93,99,100" machi="85" ten="40,7700,0" yaku="8,1,54,2" doraHai="106" who="3" fromWho="0" sc="237,-77,296,0,147,0,320,77" /><INIT seed="3,1,0,0,5,90" ten="160,296,147,397" oya="3" hai0="61,129,91,72,97,29,6,82,27,2,31,30,87" hai1="116,67,68,84,45,86,110,70,21,93,10,127,62" hai2="133,69,101,125,35,95,11,38,134,55,59,88,14" hai3="78,114,100,13,49,77,47,3,25,115,80,18,66"/><W19/><G3/><T54/><D72/><U37/><E70/><V33/><F69/><W120/><G120/><T58/><D129/><U17/><E110/><V107/><F38/><W57/><G100/><T24/><D2/><U128/><E127/><V20/><F20/><N who="3" m="13463" /><G57/><T85/><D6/><U81/><E128/><V118/><F101/><W126/><G66/><T108/><D108/><U79/><E10/><V53/><F107/><W23/><G126/><T43/><D43/><U12/><E116/><V46/><F118/><W56/><G115/><T76/><REACH who="0" step="1"/><D97/><REACH who="0" ten="150,296,147,397" step="2"/><U83/><E37/><V103/><F125/><W39/><G114/><T34/><D34/><U65/><E65/><V131/><F131/><W135/><G135/><T132/><D132/><U123/><E123/><V63/><F133/><W15/><G39/><T119/><D119/><U124/><E124/><V8/><F134/><W73/><G73/><T9/><D9/><U50/><E67/><V122/><F122/><W28/><G23/><T48/><D48/><U113/><E113/><V51/><F33/><W4/><G49/><T109/><D109/><U99/><E68/><V0/><F0/><W74/><G74/><T106/><D106/><U44/><E50/><V94/><F35/><W71/><G71/><T22/><D22/><U26/><E62/><V105/><F105/><W89/><G4/><T5/><D5/><U36/><E36/><V42/><F42/><W75/><G75/><T1/><D1/><U112/><E112/><V40/><F40/><W111/><G111/><T41/><D41/><U16/><E21/><RYUUKYOKU ba="1,1" sc="150,30,296,-10,147,-10,397,-10" hai0="24,27,29,30,31,54,58,61,76,82,85,87,91" /><INIT seed="4,2,1,3,0,2" ten="180,286,137,387" oya="0" hai0="50,96,37,25,115,78,17,64,76,52,32,40,85" hai1="88,51,68,69,34,104,10,124,90,67,110,12,47" hai2="126,27,56,73,8,131,103,129,19,112,31,122,42" hai3="60,48,107,39,134,92,121,70,61,120,83,98,97"/><T65/><D115/><U93/><E104/><V132/><F122/><N who="3" m="47211" /><G39/><T24/><D96/><U79/><E110/><V111/><F111/><W101/><G134/><T57/><D32/><U22/><E34/><V16/><F73/><W38/><G38/><T23/><D25/><U86/><E124/><V36/><F132/><W119/><G119/><T94/><D37/><U21/><E67/><N who="0" m="25673" /><D40/><N who="1" m="25063" /><E69/><V41/><F126/><W30/><G70/><T135/><D135/><U123/><E68/><V133/><F133/><W3/><G3/><T100/><D100/><U15/><E15/><N who="2" m="7271" /><F112/><W74/><G30/><T105/><D105/><U43/><E43/><V59/><F103/><N who="3" m="60839" /><G48/><T87/><D87/><N who="1" m="52383" /><E123/><V95/><F95/><W7/><G7/><T62/><D62/><U4/><E79/><AGARI ba="2,1" hai="60,61,74,79,83,98,101,107" m="60839,47211" machi="79" ten="30,1000,0" yaku="13,1" doraHai="2" who="3" fromWho="1" sc="180,0,286,-16,137,0,387,26" /><INIT seed="5,0,0,1,2,68" ten="180,270,137,413" oya="1" hai0="22,10,75,6,81,93,69,135,130,84,39,50,35" hai1="15,77,23,31,113,43,9,119,112,87,18,33,114" hai2="110,16,66,131,106,60,107,126,34,82,91,14,48" hai3="132,78,40,30,104,115,64,2,65,109,108,5,55"/><U73/><E73/><V37/><F110/><W79/><G104/><T61/><D35/><U24/><E43/><V53/><F34/><W71/><G30/><T13/><D130/><U38/><E119/><V116/><F116/><W63/><G115/><T20/><D135/><U1/><E87/><N who="2" m="50679" /><F126/><W90/><G132/><T59/><D69/><U96/><E96/><V44/><F131/><W56/><G40/><T62/><D39/><U133/><E77/><V21/><F21/><W42/><G42/><T97/><D75/><U134/><E38/><V76/><F76/><W8/><G65/><N who="0" m="39103" /><D50/><U95/><E95/><V52/><F53/><W32/><G32/><T19/><D6/><AGARI ba="0,0" hai="1,6,9,15,18,23,24,31,33,112,113,114,133,134" machi="6" ten="50,18000,2" yaku="24,2,15,1,34,3" doraHai="68" who="1" fromWho="0" sc="180,-180,270,180,137,0,413,0" /><INIT seed="5,1,0,0,4,122" ten="0,450,137,413" oya="1" hai0="63,70,80,87,40,45,39,86,54,123,125,29,32" hai1="42,37,41,60,38,134,48,5,112,108,20,71,74" hai2="84,44,17,131,53,58,119,75,94,116,126,68,59" hai3="9,117,28,14,133,1,31,104,65,16,97,2,26"/><U98/><E74/><V107/><F107/><W130/><G65/><T89/><D123/><U115/><E5/><V12/><F68/><W15/><G104/><T6/><D6/><U19/><E134/><V99/><F75/><W79/><G79/><T88/><D125/><U82/><E82/><V7/><F126/><W124/><G124/><T91/><D29/><N who="3" m="11337" /><G97/><T92/><D32/><U121/><E121/><V111/><F131/><W109/><G133/><T128/><D128/><U85/><E85/><V23/><F111/><W76/><G130/><T46/><D46/><N who="1" m="25687" /><E98/><V100/><F7/><N who="3" m="3391" /><G76/><T69/><D91/><U93/><E93/><V55/><F116/><W81/><G81/><T73/><D73/><U101/><E101/><V25/><F119/><W66/><G66/><T52/><D69/><U96/><E96/><V8/><F84/><W22/><G117/><T4/><D4/><U51/><E108/><V105/><F105/><W30/><G109/><T72/><D72/><U56/><E19/><N who="2" m="12543" /><F44/><W13/><G13/><T129/><D129/><U113/><E20/><AGARI ba="1,0" hai="1,2,15,16,20,22,26,30" m="3391,11337" machi="20" ten="30,12000,2" yaku="35,5,54,1" doraHai="122" who="3" fromWho="1" sc="0,0,450,-123,137,0,413,123" /><INIT seed="6,0,0,5,0,77" ten="0,327,137,536" oya="2" hai0="122,60,75,37,127,79,83,120,110,98,89,57,53" hai1="69,51,36,123,39,9,13,65,125,74,73,54,56" hai2="55,29,7,19,86,31,17,96,107,3,92,81,48" hai3="76,35,100,115,16,44,26,8,129,101,20,112,130"/><V1/><F107/><W45/><G76/><T72/><D37/><U30/><E30/><N who="2" m="11275" /><F3/><W87/><G87/><T135/><D110/><U38/><E125/><V14/><F1/><W11/><G35/><T67/><D127/><U88/><E123/><V5/><F17/><W32/><G32/><T24/><D135/><U131/><E131/><N who="3" m="50186" /><G44/><T66/><D75/><U117/><E117/><V114/><F114/><N who="3" m="43563" /><G45/><T94/><D122/><U133/><E133/><V109/><F109/><W68/><G68/><T97/><D120/><U50/><E50/><V49/><F48/><W63/><G63/><T33/><D98/><U46/><E69/><V42/><F49/><W0/><G0/><T21/><D33/><U22/><E46/><V103/><F42/><W28/><G28/><T99/><D99/><U85/><E65/><V93/><F86/><W84/><G84/><T102/><D102/><AGARI ba="0,0" hai="8,11,16,20,26,100,101,102" m="43563,50186" machi="102" ten="30,7700,0" yaku="19,1,15,1,11,1,54,1" doraHai="77" who="3" fromWho="0" sc="0,-77,327,0,137,0,536,77" owari="-77,-58.0,327,13.0,137,-26.0,613,71.0" /></mjloggm>