<mjloggm ver="2.3"><GO type="169" lobby="0"/><UN n0="%E3%82%B3%E3%83%AA%E3%83%A9%E3%83%83%E3%82%AF%E3%83%9E" n1="%E3%83%88%E3%83%88%E3%83%AA%E5%85%88%E7%94%9F%31%39%E6%AD%B3" n2="%65%72%61%6E%76%69%74%61" n3="%4A%55%4E%4B%45%52%53" dan="16,19,16,18" rate="2013.77,2287.76,2114.20,2233.46" sx="M,F,M,M"/><TAIKYOKU oya="0"/><INIT seed="0,0,0,2,4,126" ten="250,250,250,250" oya="0" hai0="88,79,134,127,47,15,9,25,103,101,33,104,59" hai1="69,96,27,39,74,63,86,80,121,116,26,34,106" hai2="64,77,42,57,84,16,43,65,120,111,73,131,92" hai3="10,81,48,78,132,12,114,68,52,51,72,24,71"/><T119/><D119/><U110/><E116/><V20/><F120/><W117/><G117/><T60/><D127/><U18/><E121/><V133/><F111/><W2/><G114/><T6/><D104/><U130/><E74/><V93/><F73/><W82/><G132/><T19/><D79/><U41/><E110/><V8/><F8/><W56/><G2/><T17/><D134/><U62/><E18/><V46/><F57/><W36/><G36/><T3/><D47/><U115/><E41/><N who="2" m="15371" /><F46/><W35/><G81/><T76/><D76/><U1/><E80/><N who="2" m="47119" /><F131/><W22/><G51/><T61/><D61/><U85/><E34/><V49/><F49/><W129/><G129/><T58/><D58/><U109/><E69/><V0/><F0/><W128/><G35/><T112/><D112/><U21/><E106/><V66/><F133/><W135/><G128/><T75/><D75/><U11/><E1/><V118/><F118/><W105/><G105/><T113/><D113/><U125/><E130/><V67/><N who="2" m="16384" /><DORA hai="28" /><V83/><F83/><W29/><REACH who="3" step="1"/><G135/><REACH who="3" ten="250,250,250,240" step="2"/><T13/><D3/><U14/><E39/><V107/><F107/><W38/><G38/><T102/><D33/><U95/><E115/><V94/><F94/><W4/><AGARI ba="0,1" hai="4,10,12,22,24,29,48,52,56,68,71,72,78,82" machi="4" ten="20,8000,1" yaku="1,1,0,1,7,1,54,1,53,1" doraHai="126,28" doraHaiUra="53,100" who="3" fromWho="3" sc="250,-40,250,-20,250,-20,240,90" /><INIT seed="1,0,0,4,4,48" ten="210,230,230,330" oya="1" hai0="118,77,45,59,98,92,88,31,22,61,57,128,60" hai1="123,117,125,26,63,124,120,116,32,4,112,64,90" hai2="133,14,18,73,27,121,99,16,93,30,47,83,3" hai3="96,69,11,111,28,95,65,84,104,38,94,13,100"/><U67/><E4/><V43/><F3/><W82/><G38/><T5/><D118/><N who="1" m="45675" /><E32/><V68/><F68/><W54/><G111/><T105/><D105/><U53/><E26/><V113/><F121/><N who="1" m="46665" /><E112/><V21/><F113/><W97/><G28/><T109/><D109/><U42/><E42/><V29/><F29/><W122/><G122/><T62/><D128/><U2/><E2/><V134/><F83/><W101/><G104/><T37/><D77/><U19/><E19/><V78/><F78/><W1/><G1/><T20/><D5/><U41/><E41/><V15/><F15/><W56/><G65/><N who="1" m="25162" /><E90/><V102/><F73/><W132/><G13/><T103/><D103/><U7/><E7/><V49/><REACH who="2" step="1"/><F18/><REACH who="2" ten="210,230,220,330" step="2"/><W39/><G101/><T87/><D31/><U66/><E53/><V106/><F106/><W135/><G54/><T0/><D0/><U9/><E9/><AGARI ba="0,1" hai="9,14,16,21,27,30,43,47,49,93,99,102,133,134" machi="9" ten="40,2600,0" yaku="1,1,54,1,53,0" doraHai="48" doraHaiUra="70" who="2" fromWho="1" sc="210,0,230,-26,220,36,330,0" /><INIT seed="2,0,0,5,1,132" ten="210,204,256,330" oya="2" hai0="63,21,30,99,70,77,33,96,104,11,88,46,108" hai1="118,32,73,98,110,7,117,134,9,125,106,71,51" hai2="79,3,13,48,133,16,38,35,122,53,23,121,6" hai3="28,34,112,113,84,61,129,15,80,126,40,2,27"/><V55/><F38/><W50/><G2/><T82/><D108/><U24/><E73/><V54/><F133/><W10/><G129/><T44/><D33/><U94/><E134/><V124/><F79/><W130/><G130/><T60/><D99/><U111/><E71/><V56/><F35/><W81/><G61/><T5/><D63/><U101/><E51/><V1/><F124/><W41/><G126/><T64/><D30/><N who="1" m="19527" /><E94/><V97/><F97/><W127/><G127/><T12/><D21/><U93/><E93/><V22/><F6/><W25/><G25/><T103/><REACH who="0" step="1"/><D88/><REACH who="0" ten="200,204,256,330" step="2"/><U65/><E125/><V120/><F23/><W36/><G34/><T85/><AGARI ba="0,1" hai="5,11,12,44,46,60,64,70,77,82,85,96,103,104" machi="85" ten="20,8000,1" yaku="1,1,2,1,0,1,7,1,53,1" doraHai="132" doraHaiUra="66" who="0" fromWho="0" sc="200,90,204,-20,256,-40,330,-20" /><INIT seed="3,0,0,3,2,90" ten="290,184,216,310" oya="3" hai0="60,86,37,0,3,9,48,128,129,6,25,96,11" hai1="115,51,92,57,98,59,8,17,119,76,126,24,112" hai2="88,67,46,53,5,135,71,36,39,87,113,21,111" hai3="117,100,20,30,123,43,134,110,40,55,101,35,23"/><W19/><G123/><T84/><D37/><U2/><E126/><V82/><F113/><W75/><G117/><T15/><D60/><U70/><E70/><V91/><F111/><W83/><G35/><T73/><D73/><U93/><E119/><V31/><F135/><W13/><G134/><T105/><D25/><U104/><E76/><V95/><F5/><W79/><G110/><T32/><D32/><U38/><E38/><V1/><F1/><W34/><G34/><T74/><D74/><U56/><E51/><V16/><F31/><W65/><G65/><T118/><D118/><U122/><E122/><V62/><F53/><W99/><G55/><T130/><D48/><U12/><E2/><N who="0" m="553" /><D11/><U125/><E125/><V116/><F46/><W61/><G61/><T14/><D15/><U120/><E120/><V132/><F132/><W50/><G101/><AGARI ba="0,0" hai="6,9,14,84,86,96,101,105,128,129,130" m="553" machi="101" ten="40,1300,0" yaku="19,1" doraHai="90" who="0" fromWho="3" sc="290,13,184,0,216,0,310,-13" /><INIT seed="4,0,0,2,5,87" ten="303,184,216,297" oya="0" hai0="103,5,31,43,86,77,76,54,120,7,56,108,40" hai1="18,64,3,132,135,15,94,109,117,101,24,26,121" hai2="115,81,83,9,44,107,91,98,38,102,112,125,36" hai3="113,28,33,82,126,47,11,27,6,80,20,21,2"/><T110/><D120/><U60/><E109/><N who="0" m="42089" /><D103/><U29/><E117/><V104/><F44/><W4/><G47/><T78/><D31/><U39/><E121/><V59/><F59/><W118/><G118/><T131/><D131/><U69/><E3/><V89/><F9/><N who="3" m="2199" /><G82/><N who="2" m="31241" /><F98/><W123/><G80/><T35/><D35/><U53/><E39/><N who="2" m="14891" /><F102/><W0/><G123/><T129/><D86/><U61/><E29/><V10/><F10/><N who="3" m="2375" /><G113/><N who="2" m="43593" /><F125/><W71/><G71/><T119/><D129/><U34/><E101/><V49/><F49/><W48/><G48/><N who="0" m="30791" /><D119/><U45/><E45/><V1/><F1/><W32/><G126/><T50/><D50/><U19/><E69/><V46/><F46/><W74/><G74/><T133/><D7/><U42/><E42/><V99/><F99/><W95/><G95/><T25/><D5/><U55/><E94/><V100/><F100/><W130/><G130/><T127/><D127/><U122/><E122/><V58/><F58/><W12/><G32/><T62/><D43/><U13/><E34/><V128/><F128/><W114/><G114/><T67/><D40/><U57/><E57/><V92/><F92/><W8/><G8/><T17/><D77/><U68/><E68/><V134/><F134/><W84/><G84/><T97/><D133/><U65/><AGARI ba="0,0" hai="13,15,18,19,24,26,53,55,60,61,64,65,132,135" machi="65" ten="25,3200,0" yaku="0,1,22,2" doraHai="87" who="1" fromWho="1" sc="303,-16,184,32,216,-8,297,-8" /><INIT seed="5,0,0,4,5,103" ten="287,216,208,289" oya="1" hai0="133,85,39,15,71,8,130,55,118,70,124,61,69" hai1="19,126,107,110,49,9,64,48,66,63,59,7,82" hai2="16,43,57,122,84,62,5,89,53,60,135,67,13" hai3="12,6,54,117,38,58,42,119,87,131,34,94,3"/><U17/><E126/><V93/><F122/><W83/><G34/><T65/><D39/><U41/><E110/><V22/><F135/><W50/><G3/><T127/><D118/><N who="3" m="45065" /><G131/><T78/><D133/><U113/><E113/><V76/><F76/><N who="3" m="46567" /><G94/><T92/><D130/><U111/><E107/><V97/><F5/><W134/><G134/><T10/><D55/><U116/><E116/><V24/><F43/><W45/><G12/><T79/><D10/><U30/><E111/><V106/><F106/><W114/><G6/><T68/><D92/><U29/><E66/><V40/><F40/><W14/><G14/><T90/><D85/><U80/><E41/><V128/><F128/><W28/><G28/><T120/><D90/><U52/><E30/><V2/><F2/><W125/><G125/><N who="0" m="48203" /><D120/><U72/><E29/><V123/><F123/><W88/><G88/><T20/><D20/><U102/><E80/><V104/><F104/><W86/><G86/><T81/><D81/><U109/><E109/><V105/><F105/><W74/><G74/><T73/><D73/><U31/><E31/><V77/><F77/><W37/><G114/><T36/><D36/><AGARI ba="0,0" hai="36,37,38,42,45,50,54,58" m="46567,45065" machi="36" ten="30,1000,0" yaku="12,1" doraHai="103" who="3" fromWho="0" sc="287,-10,216,0,208,0,289,10" /><INIT seed="6,0,0,5,0,35" ten="277,216,208,299" oya="2" hai0="115,85,49,14,59,12,109,32,127,40,75,58,41" hai1="33,121,125,46,38,123,96,50,28,55,106,124,130" hai2="63,31,70,17,43,105,18,132,7,114,110,65,119" hai3="54,2,120,107,87,89,79,34,22,112,64,108,122"/><V47/><F105/><W90/><G107/><T74/><D32/><U48/><E33/><V25/><F119/><W42/><G34/><T135/><D49/><U21/><E28/><V26/><F7/><W1/><G108/><T36/><D109/><U84/><E21/><V44/><F31/><W95/><G79/><T69/><D115/><U19/><E19/><V6/><F6/><W13/><G64/><T128/><D85/><U99/><E38/><V52/><F110/><W67/><G67/><T86/><D86/><U102/><E99/><V103/><F103/><W101/><G101/><T76/><D76/><U104/><E104/><V117/><F117/><W23/><G42/><T66/><D66/><U39/><E39/><V93/><F93/><W16/><G23/><T51/><D51/><U60/><E60/><V91/><F91/><W116/><G116/><T57/><D36/><U133/><E133/><V15/><F132/><W10/><G112/><T100/><D135/><U118/><E118/><V134/><F114/><W88/><G54/><T53/><D53/><N who="1" m="29847" /><E84/><V29/><F29/><W82/><G22/><T27/><D74/><U3/><E3/><V45/><F52/><W37/><G37/><T129/><D75/><U131/><E123/><V20/><F43/><W62/><G62/><T11/><D40/><U71/><E121/><N who="3" m="46698" /><G95/><T126/><D41/><U8/><E71/><V111/><F111/><W68/><G68/><T94/><D69/><U98/><E106/><V5/><F134/><W78/><G87/><T0/><D11/><U4/><E55/><V24/><F5/><RYUUKYOKU ba="0,0" sc="277,-15,216,-15,208,15,299,15" hai2="15,17,18,20,24,25,26,44,45,47,63,65,70" hai3="1,2,10,13,16,78,82,88,89,90" /><INIT seed="6,1,0,2,5,93" ten="262,201,223,314" oya="2" hai0="0,46,19,39,32,88,125,132,96,13,54,106,105" hai1="108,43,73,44,90,119,26,123,68,53,71,52,81" hai2="58,38,112,67,61,126,114,79,63,97,118,76,60" hai3="45,56,27,69,124,101,8,5,36,4,48,64,28"/><V75/><F118/><W80/><G69/><T103/><D32/><U24/><E119/><V83/><F38/><W20/><G124/><T111/><D0/><U37/><E108/><V22/><F126/><W9/><G36/><T135/><D111/><U33/><E123/><V116/><F79/><W107/><G107/><T10/><D125/><U100/><E100/><V94/><F22/><W120/><G101/><T85/><D106/><U113/><E113/><N who="2" m="43627" /><F116/><W29/><G29/><T62/><D62/><U23/><E33/><V70/><F70/><W130/><G130/><T110/><D110/><U57/><E53/><V121/><F121/><W59/><G80/><N who="0" m="49191" /><D39/><U12/><E12/><V104/><F104/><W55/><G120/><T6/><D6/><N who="3" m="2665" /><G64/><T21/><D21/><U102/><E26/><V84/><F75/><W91/><G91/><AGARI ba="1,0" hai="58,60,61,63,67,76,83,84,91,94,97" m="43627" machi="91" ten="30,2900,0" yaku="15,1,52,1" doraHai="93" who="2" fromWho="3" sc="262,0,201,0,223,32,314,-32" /><INIT seed="6,2,0,2,4,85" ten="262,201,255,282" oya="2" hai0="92,57,97,47,112,70,52,13,11,75,54,79,35" hai1="30,34,124,71,73,1,93,68,131,16,6,121,21" hai2="9,108,53,31,28,44,78,33,58,40,15,27,109" hai3="38,86,87,84,24,4,90,130,135,14,102,101,29"/><V114/><F31/><W82/><G38/><T133/><D35/><U51/><E73/><V74/><F114/><W50/><G130/><T17/><D70/><U5/><E131/><V22/><F78/><W80/><G135/><T37/><D133/><U60/><E124/><V55/><F74/><W105/><G105/><T125/><D112/><U115/><E115/><V43/><F33/><W123/><G123/><T67/><D125/><U76/><E76/><V99/><F99/><W77/><G86/><T110/><D110/><N who="2" m="42602" /><F58/><W111/><G111/><T81/><D67/><U96/><E121/><V120/><F120/><W104/><G104/><T69/><D69/><U106/><E106/><V56/><F56/><W41/><G24/><T7/><D17/><U20/><E34/><V18/><F43/><W62/><G62/><T98/><D98/><U32/><E32/><V113/><F113/><W119/><G29/><T49/><D37/><AGARI ba="2,0" hai="9,15,18,22,27,28,37,40,44,53,55" m="42602" machi="37" ten="30,1500,0" yaku="10,1" doraHai="85" who="2" fromWho="0" sc="262,-21,201,0,255,21,282,0" /><INIT seed="6,3,0,4,3,102" ten="241,201,276,282" oya="2" hai0="32,8,47,80,130,7,49,45,87,76,100,132,98" hai1="123,92,71,101,120,126,97,50,125,22,109,52,118" hai2="129,75,86,39,53,31,54,55,46,36,83,3,94" hai3="104,121,43,119,27,116,57,61,111,85,77,58,30"/><V9/><F129/><W79/><G111/><T69/><D130/><U2/><E109/><V56/><F31/><W18/><G121/><N who="1" m="46666" /><E2/><V16/><F75/><W28/><G43/><T114/><D132/><U68/><E22/><V70/><F70/><W17/><G85/><T106/><D114/><U74/><E74/><V135/><F135/><W115/><G27/><T35/><D69/><U134/><E118/><V23/><F94/><W105/><G61/><T108/><D108/><U26/><E26/><V107/><F107/><W48/><G48/><T93/><D93/><U59/><E134/><V66/><F46/><W60/><G60/><T40/><REACH who="0" step="1"/><D47/><REACH who="0" ten="231,201,276,282" step="2"/><U13/><E13/><AGARI ba="3,1" hai="7,8,13,32,35,40,45,49,76,80,87,98,100,106" machi="13" ten="30,12000,2" yaku="1,1,2,1,7,1,25,2,52,1,53,0" doraHai="102" doraHaiUra="14" who="0" fromWho="1" sc="231,139,201,-129,276,0,282,0" /><INIT seed="7,0,0,5,5,77" ten="370,72,276,282" oya="3" hai0="75,99,82,83,11,80,8,85,29,20,116,74,25" hai1="9,106,133,72,129,24,128,23,79,120,65,122,32" hai2="4,103,112,21,84,57,52,114,59,134,37,28,96" hai3="126,42,121,64,56,124,44,41,68,67,81,47,53"/><W35/><G35/><T22/><D116/><U91/><E23/><V62/><F37/><N who="3" m="21551" /><G121/><T18/><D99/><U71/><E91/><V38/><F38/><N who="3" m="21975" /><G81/><N who="0" m="31339" /><D75/><U50/><E50/><V1/><F134/><W61/><G67/><T95/><D95/><U108/><E9/><V34/><F34/><W7/><G7/><T14/><D74/><U58/><E58/><V3/><F84/><W119/><G119/><T51/><D51/><AGARI ba="0,0" hai="51,53,56,61,64,68,124,126" m="21975,21551" machi="51" ten="30,5800,0" yaku="24,1,34,2" doraHai="77" who="3" fromWho="0" sc="370,-58,72,0,276,0,282,58" owari="312,11.0,72,-43.0,276,-12.0,340,44.0" /></mjloggm>