<mjloggm ver="2.3"><GO type="169" lobby="0"/><UN n0="%6A%75%6E%6F%6E" n1="%E3%82%A6%E3%83%AB%E3%83%88%E3%83%A9%E7%AB%8B%E7%9B%B4" n2="%E6%93%8D" n3="%E3%81%88%E3%81%B3%E3%81%99%39%2F%39" dan="16,17,16,18" rate="2116.92,2168.79,2130.23,2270.50" sx="M,M,M,M"/><TAIKYOKU oya="0"/><INIT seed="0,0,0,1,0,3" ten="250,250,250,250" oya="0" hai0="54,14,50,123,85,78,35,31,63,76,47,75,37" hai1="6,29,89,96,26,0,79,5,61,25,49,19,90" hai2="60,132,62,126,117,8,114,34,59,18,133,87,131" hai3="108,122,16,83,20,11,56,1,84,36,44,128,4"/><T53/><D123/><U119/><E0/><V38/><F38/><W125/><G122/><T100/><D75/><U91/><E119/><V134/><F34/><W57/><G108/><T92/><D37/><U28/><E79/><V110/><F114/><W2/><G2/><T88/><D100/><U22/><E61/><V73/><F73/><W97/><G97/><T55/><D14/><U32/><E96/><V23/><F117/><W65/><G128/><T41/><REACH who="0" step="1"/><D63/><REACH who="0" ten="240,250,250,250" step="2"/><U104/><E104/><V80/><F62/><W21/><G1/><T10/><D10/><U12/><REACH who="1" step="1"/><E49/><REACH who="1" ten="240,240,250,250" step="2"/><V101/><F60/><W30/><G36/><T82/><D82/><U45/><E45/><V72/><F80/><W81/><G44/><T130/><D130/><U64/><E64/><V58/><F131/><W42/><G65/><T111/><D111/><U74/><E74/><V27/><F72/><W67/><G67/><T103/><D103/><U99/><E99/><V33/><F101/><W121/><G83/><T127/><D127/><U94/><E94/><V17/><F126/><W7/><G81/><T129/><D129/><U135/><E135/><V107/><F110/><W93/><G125/><T46/><D46/><U105/><E105/><V15/><F107/><W113/><G121/><T86/><D86/><U52/><E52/><V70/><F87/><W98/><G84/><T106/><D106/><U9/><AGARI ba="0,2" hai="5,6,9,12,19,22,25,26,28,29,32,89,90,91" machi="9" ten="30,7900,0" yaku="1,1,0,1,52,2,53,0" doraHai="3" doraHaiUra="39" who="1" fromWho="1" sc="240,-39,240,99,250,-20,250,-20" /><INIT seed="1,0,0,5,5,64" ten="201,339,230,230" oya="1" hai0="122,39,2,95,84,17,90,5,70,44,46,66,83" hai1="99,10,4,42,14,76,125,118,38,62,72,8,61" hai2="111,21,59,16,93,94,124,98,13,121,31,69,55" hai3="103,52,68,41,91,7,120,105,115,18,51,30,47"/><U113/><E113/><V0/><F0/><W74/><G115/><T100/><D122/><U110/><E118/><V60/><F121/><W86/><G120/><T107/><D107/><U108/><E125/><V33/><F124/><W26/><G74/><T116/><D116/><U112/><E112/><V1/><F1/><W96/><G7/><T58/><D39/><U32/><E32/><V75/><F75/><W34/><G18/><T97/><D58/><U129/><E129/><V104/><F111/><N who="1" m="42537" /><E42/><V88/><F94/><W81/><REACH who="3" step="1"/><G68/><REACH who="3" ten="201,339,230,220" step="2"/><T73/><D17/><U29/><E72/><V92/><F69/><W114/><G114/><T20/><D73/><U87/><E29/><V25/><F93/><W123/><G123/><T11/><D70/><U102/><E38/><V24/><REACH who="2" step="1"/><F104/><REACH who="2" ten="201,339,220,220" step="2"/><W126/><G126/><T36/><D95/><N who="1" m="58751" /><E10/><V45/><F45/><W101/><G101/><T80/><D44/><U27/><E27/><AGARI ba="0,2" hai="13,16,21,24,25,27,31,33,55,59,60,88,92,98" machi="27" ten="40,8000,1" yaku="1,1,54,2,53,1" doraHai="64" doraHaiUra="19" who="2" fromWho="1" sc="201,0,339,-80,220,100,220,0" /><INIT seed="2,0,0,1,4,56" ten="201,259,320,220" oya="2" hai0="37,88,112,132,130,13,64,50,100,55,15,67,82" hai1="131,107,91,27,69,77,95,101,79,115,116,84,90" hai2="14,51,105,25,44,58,120,103,80,118,114,113,119" hai3="29,21,40,135,87,41,65,38,102,89,54,43,49"/><V122/><F103/><W68/><G135/><T83/><D132/><U121/><E69/><V24/><F80/><W126/><G126/><T6/><D130/><U117/><E27/><V75/><F75/><W18/><G29/><T96/><D112/><N who="2" m="43114" /><F105/><W133/><G133/><T71/><D37/><U60/><E60/><V26/><F58/><W110/><G102/><T86/><D83/><U62/><E62/><V45/><F51/><W16/><G38/><T134/><D134/><U7/><E115/><V28/><F14/><W129/><G129/><T72/><D72/><U22/><E95/><V19/><F19/><W9/><G68/><T92/><D71/><U23/><E101/><V78/><F78/><W2/><G65/><T70/><D70/><U34/><E131/><V104/><F104/><W106/><G106/><T85/><D85/><U42/><E84/><V127/><F28/><W61/><G61/><T123/><D123/><U57/><E107/><V36/><F36/><W0/><G49/><T52/><D55/><U108/><E121/><N who="2" m="46699" /><F127/><W97/><G18/><T4/><D15/><U74/><E74/><V1/><F1/><W76/><G16/><T10/><D6/><U8/><E7/><V48/><F48/><W63/><G0/><T53/><D53/><U93/><E79/><V20/><F20/><W111/><G54/><T98/><D98/><U47/><E23/><V109/><F109/><W5/><G110/><T73/><D73/><U124/><E22/><V46/><AGARI ba="0,0" hai="24,25,26,44,45,46,118,119" m="46699,43114" machi="46" ten="40,3900,0" yaku="28,2" doraHai="56" who="2" fromWho="2" sc="201,-13,259,-13,320,39,220,-13" /><INIT seed="2,1,0,3,2,7" ten="188,246,359,207" oya="2" hai0="60,47,112,1,79,96,103,13,128,5,121,12,126" hai1="28,41,130,124,21,23,57,113,72,61,123,83,35" hai2="68,44,4,45,38,106,104,27,109,33,77,0,122" hai3="88,120,30,2,62,55,8,95,91,73,51,25,129"/><V78/><F27/><W99/><G129/><T108/><D128/><U24/><E113/><V16/><F4/><W101/><G120/><T100/><D121/><U43/><E130/><V92/><F122/><W39/><G39/><T81/><D112/><U26/><E124/><V65/><F92/><W132/><G73/><T32/><D126/><U93/><E123/><V75/><F33/><W19/><G62/><T6/><D32/><U119/><E119/><V37/><F65/><W110/><G132/><T20/><D1/><U97/><E83/><V22/><F22/><N who="3" m="15671" /><G2/><T114/><D108/><U10/><E72/><V84/><F84/><W3/><G3/><T69/><D47/><U40/><E10/><V58/><F0/><W49/><G49/><T134/><D100/><U135/><E135/><V118/><F75/><W67/><G67/><N who="0" m="41191" /><D134/><U42/><N who="1" m="10240" /><DORA hai="127" /><U116/><E116/><V64/><F64/><W63/><G63/><T15/><D20/><U133/><E133/><V98/><F118/><W85/><G85/><T86/><D114/><U131/><E131/><V117/><F117/><W29/><G29/><T53/><D53/><U59/><E61/><V94/><F68/><W71/><G71/><T70/><D70/><U80/><E35/><V46/><F38/><W14/><G110/><T48/><D48/><U17/><REACH who="1" step="1"/><E80/><REACH who="1" ten="188,236,359,207" step="2"/><V18/><F37/><W115/><G115/><T66/><D66/><U76/><E76/><V90/><F78/><W82/><G82/><T50/><D50/><U9/><E9/><V36/><F77/><W102/><G51/><T125/><D125/><RYUUKYOKU ba="1,1" sc="188,15,236,15,359,-15,207,-15" hai0="5,6,12,13,15,79,81,86,96,103" hai1="17,21,23,24,26,28,57,59,93,97" /><INIT seed="3,2,1,0,3,20" ten="203,251,344,192" oya="3" hai0="9,100,134,83,30,116,50,53,23,11,118,91,124" hai1="84,63,128,22,88,25,80,76,119,49,16,78,112" hai2="26,28,73,3,115,68,44,105,130,64,81,13,12" hai3="59,104,62,95,52,99,110,66,8,69,58,114,85"/><W41/><G114/><T4/><D134/><U103/><E112/><V101/><F3/><W42/><G110/><T121/><D121/><U6/><E128/><V48/><F130/><W127/><G127/><T33/><D124/><U35/><E119/><V56/><F56/><W109/><G109/><T94/><D33/><U102/><E35/><V135/><F135/><W129/><G129/><T92/><D83/><U19/><E6/><V60/><F81/><W125/><G125/><T24/><D100/><N who="1" m="38443" /><E63/><V71/><F71/><W113/><G104/><T21/><D21/><N who="1" m="13479" /><E49/><V47/><F73/><W27/><G69/><T0/><D118/><U2/><E2/><V51/><F51/><W77/><G113/><T46/><D0/><U107/><E107/><V72/><F48/><W43/><G8/><T67/><D116/><U45/><E45/><V97/><F72/><W122/><G122/><T89/><D4/><U131/><E131/><V17/><F115/><W31/><G99/><N who="0" m="57743" /><D67/><U1/><E1/><V40/><F40/><W65/><G59/><T126/><D126/><U34/><E34/><N who="2" m="20759" /><F13/><AGARI ba="2,1" hai="13,19,22,76,78,80,84,88" m="13479,38443" machi="13" ten="30,7700,0" yaku="8,1,52,1,54,2" doraHai="20" who="1" fromWho="2" sc="203,0,251,93,344,-83,192,0" /><INIT seed="4,0,0,4,1,92" ten="203,344,261,192" oya="0" hai0="54,15,112,35,82,113,28,60,127,121,105,91,93" hai1="95,30,76,123,87,9,90,71,29,126,17,23,38" hai2="88,0,125,119,124,61,7,32,134,34,100,108,104" hai3="132,3,56,47,65,10,69,24,118,11,21,78,117"/><T86/><D121/><U74/><E71/><V75/><F75/><W43/><G69/><T14/><D127/><U1/><E123/><V16/><F108/><W37/><G132/><T49/><D105/><U94/><E126/><V19/><F134/><W79/><G118/><T8/><D60/><U72/><E38/><V6/><F61/><W31/><G117/><T33/><D14/><U109/><E109/><V57/><F57/><W62/><REACH who="3" step="1"/><G3/><REACH who="3" ten="203,344,261,182" step="2"/><T106/><D113/><U89/><E1/><V128/><F0/><W77/><AGARI ba="0,1" hai="10,11,21,24,31,37,43,47,56,62,65,77,78,79" machi="77" ten="30,4000,0" yaku="1,1,2,1,0,1,53,0" doraHai="92" doraHaiUra="122" who="3" fromWho="3" sc="203,-20,344,-10,261,-10,182,50" /><INIT seed="5,0,0,3,4,34" ten="183,334,251,232" oya="1" hai0="9,117,126,53,69,71,57,72,135,125,68,82,23" hai1="110,115,2,132,93,109,74,64,54,3,33,113,40" hai2="104,78,21,79,50,4,92,20,124,46,35,106,87" hai3="112,58,88,96,101,89,51,42,67,27,38,97,118"/><U127/><E33/><V48/><F35/><W77/><G112/><N who="1" m="43082" /><E132/><V63/><F63/><W30/><G118/><T32/><D32/><U131/><E131/><V5/><F92/><W49/><G77/><T99/><D117/><U122/><E122/><V61/><F61/><N who="3" m="38327" /><G38/><T15/><D135/><U29/><E64/><V111/><F87/><W7/><G7/><T134/><D23/><U94/><E29/><V1/><F46/><N who="3" m="25815" /><G51/><T133/><D99/><N who="3" m="37961" /><G101/><T59/><D82/><U85/><E74/><V65/><F65/><W123/><G123/><T41/><D72/><U83/><E40/><V52/><F52/><W121/><G121/><T70/><D41/><U107/><E107/><V37/><F37/><W25/><G30/><T114/><D114/><U28/><E28/><V98/><F98/><W24/><AGARI ba="0,0" hai="24,25,27,88,89" m="37961,25815,38327" machi="24" ten="30,2000,0" yaku="8,1,54,1" doraHai="34" who="3" fromWho="3" sc="183,-5,334,-10,251,-5,232,20" /><INIT seed="6,0,0,5,3,80" ten="178,324,246,252" oya="2" hai0="121,41,52,31,110,44,95,116,35,49,130,71,18" hai1="39,124,36,85,11,113,68,106,60,127,22,64,48" hai2="50,42,87,62,19,100,81,90,115,133,126,16,77" hai3="59,123,103,96,114,0,84,111,53,47,61,76,28"/><V24/><F133/><W26/><G111/><T8/><D130/><U65/><E106/><V46/><F126/><W82/><G0/><T34/><D121/><U73/><E73/><V74/><F115/><W21/><G123/><T83/><D110/><U63/><E113/><V105/><F62/><W78/><G114/><T91/><D116/><U56/><E22/><V1/><F1/><W3/><G3/><T32/><D71/><U17/><E17/><V128/><F128/><W2/><G2/><T20/><D8/><U30/><E30/><V66/><F66/><W89/><REACH who="3" step="1"/><G47/><REACH who="3" ten="178,324,246,242" step="2"/><T120/><D120/><U132/><E127/><V92/><F24/><W86/><G86/><T79/><D31/><U107/><E85/><V117/><F117/><W99/><G99/><AGARI ba="0,1" hai="16,19,42,46,50,74,77,81,87,90,92,99,100,105" machi="99" ten="40,12000,1" yaku="24,2,52,1,54,1" doraHai="80" who="2" fromWho="3" sc="178,0,324,0,246,130,242,-120" /><INIT seed="6,1,0,3,4,67" ten="178,324,376,122" oya="2" hai0="35,0,33,90,46,4,78,14,128,64,117,100,70" hai1="74,42,10,109,83,77,127,86,48,119,24,25,134" hai2="93,63,65,1,17,51,60,118,135,22,80,43,102" hai3="125,120,79,75,31,107,87,29,121,37,26,126,105"/><V131/><F118/><W123/><G37/><T38/><D90/><U13/><E109/><V81/><F1/><W58/><G58/><T85/><D14/><U106/><E106/><N who="3" m="40458" /><G26/><T56/><D56/><U84/><E119/><V88/><F102/><W96/><G29/><T108/><D85/><U71/><E134/><V62/><F135/><W101/><G31/><T44/><D100/><U47/><E127/><N who="3" m="48650" /><G75/><T50/><D33/><U11/><E71/><V89/><F51/><W15/><G15/><T18/><D50/><U52/><E74/><V49/><F49/><W54/><G54/><T110/><D35/><U41/><E11/><V21/><F43/><N who="1" m="16393" /><E86/><V8/><F8/><W16/><G16/><AGARI ba="1,0" hai="10,13,16,24,25,47,48,52,77,83,84" m="16393" machi="16" ten="30,3900,0" yaku="8,1,54,2" doraHai="67" who="1" fromWho="3" sc="178,0,324,42,376,0,122,-42" /><INIT seed="7,0,0,3,3,19" ten="178,366,376,80" oya="3" hai0="100,123,31,79,87,49,62,131,30,67,42,59,28" hai1="50,9,102,11,119,115,121,113,74,101,68,129,82" hai2="96,105,57,116,34,2,5,16,8,4,111,132,12" hai3="66,77,120,14,48,130,126,93,70,53,47,10,92"/><W98/><G120/><T76/><D123/><U15/><E68/><V61/><F116/><W78/><G130/><T99/><D131/><U54/><E129/><V124/><F111/><W40/><G126/><T0/><D0/><U45/><E121/><V81/><F124/><W73/><G73/><T46/><D87/><U17/><E11/><V86/><F34/><W52/><G70/><T80/><D80/><U22/><E22/><V55/><F132/><W21/><G66/><T7/><D7/><U127/><E127/><V63/><F63/><W3/><G3/><T51/><D51/><U133/><E133/><V20/><F96/><W112/><G112/><N who="1" m="43082" /><E119/><V36/><F105/><W95/><G98/><T24/><D24/><U97/><E97/><V89/><F36/><W75/><G21/><T128/><D128/><U43/><E43/><V69/><F69/><W134/><G134/><T6/><D6/><N who="2" m="2666" /><F2/><W44/><G75/><T71/><D71/><U85/><E74/><V58/><F58/><W25/><G25/><T88/><D88/><AGARI ba="0,0" hai="9,15,17,45,50,54,82,85,88,101,102" m="43082" machi="88" ten="30,3900,0" yaku="25,1,15,1,54,1" doraHai="19" who="1" fromWho="0" sc="178,-39,366,39,376,0,80,0" owari="139,-26.0,405,50.0,376,18.0,80,-42.0" /></mjloggm>