<mjloggm ver="2.3"><GO type="169" lobby="0"/><UN n0="%E6%B0%B7%E6%9F%B1" n1="%E3%81%8F%E3%82%89%E3%81%BE%E3%82%82%E3%82%93" n2="%E6%9A%97%E3%81%84%E7%AC%A6" n3="%E5%B0%B1%E6%B4%BB%E7%94%9F%40%E5%B7%9D%E6%9D%91%E8%BB%8D%E5%9B%A3" dan="16,16,19,17" rate="2108.73,2072.28,2297.31,2153.43" sx="M,M,M,M"/><TAIKYOKU oya="0"/><INIT seed="0,0,0,5,4,120" ten="250,250,250,250" oya="0" hai0="104,18,84,10,94,106,124,130,3,79,26,48,61" hai1="39,107,28,50,9,54,55,51,126,82,49,134,62" hai2="122,23,112,11,114,87,68,36,69,110,41,16,0" hai3="119,100,1,135,30,7,65,101,75,25,99,31,6"/><T89/><D130/><U60/><E107/><V57/><F41/><W17/><G75/><T24/><D124/><U73/><E39/><V108/><F36/><W78/><G78/><T74/><D48/><U113/><E134/><V92/><F69/><W85/><G119/><T83/><D61/><U77/><E126/><V56/><F68/><W70/><G85/><T13/><REACH who="0" step="1"/><D3/><REACH who="0" ten="240,250,250,250" step="2"/><U44/><E51/><V63/><F122/><W80/><G1/><T115/><D115/><U40/><E60/><V35/><F114/><W8/><G70/><T5/><D5/><U53/><E62/><V4/><F112/><W128/><G7/><T116/><D116/><U131/><E50/><V86/><F57/><W125/><G6/><T97/><D97/><U72/><E49/><V2/><F2/><W81/><G99/><T15/><D15/><U14/><E14/><N who="2" m="9623" /><F35/><W123/><G125/><T52/><D52/><U129/><E54/><N who="2" m="34199" /><F92/><W12/><G128/><T27/><AGARI ba="0,1" hai="10,13,18,24,26,27,74,79,83,84,89,94,104,106" machi="27" ten="30,3000,0" yaku="1,1,0,1,53,0" doraHai="120" doraHaiUra="67" who="0" fromWho="0" sc="240,40,250,-10,250,-10,250,-10" /><INIT seed="0,1,0,4,4,131" ten="280,240,240,240" oya="0" hai0="78,35,34,28,69,123,7,11,15,98,25,112,115" hai1="126,41,61,24,52,14,110,84,70,30,86,124,74" hai2="111,113,54,40,67,13,133,68,132,22,85,107,76" hai3="117,44,118,82,8,10,105,81,125,55,130,23,100"/><T60/><D78/><U62/><E74/><V42/><F107/><W75/><G130/><T120/><D98/><U94/><E41/><V101/><F101/><W53/><G125/><N who="1" m="48234" /><E14/><V33/><F33/><W97/><G23/><N who="0" m="15423" /><D60/><U114/><E62/><N who="2" m="40055" /><F22/><W47/><G75/><T36/><D36/><U18/><E18/><V12/><F12/><W129/><G129/><T109/><D69/><U9/><E9/><V29/><F29/><W71/><G71/><T116/><D116/><U50/><E110/><V56/><F13/><W1/><G97/><T5/><D5/><U27/><E114/><N who="0" m="43561" /><D109/><U63/><E63/><N who="2" m="36247" /><F113/><W77/><G77/><T16/><D7/><U21/><E94/><V32/><F111/><W3/><G105/><T4/><D4/><U106/><E106/><V87/><F87/><W51/><G100/><T31/><D31/><U80/><E80/><N who="2" m="47239" /><F32/><AGARI ba="1,0" hai="11,15,16,32,34,35,120,123" m="43561,15423" machi="32" ten="30,5800,0" yaku="34,2,54,1" doraHai="131" who="0" fromWho="2" sc="280,61,240,0,240,-61,240,0" /><INIT seed="0,2,0,2,5,78" ten="341,240,179,240" oya="0" hai0="92,9,84,63,29,117,30,4,56,135,42,46,62" hai1="28,45,60,67,51,18,86,75,7,83,65,128,17" hai2="57,70,125,101,87,121,20,68,111,58,116,79,88" hai3="26,100,93,40,1,108,123,52,44,98,31,96,94"/><T114/><D117/><U130/><E75/><V126/><F101/><W10/><G108/><T80/><D114/><U13/><E28/><V122/><F79/><W15/><G1/><T76/><D92/><U113/><E7/><V22/><F111/><W85/><G123/><N who="2" m="47113" /><F87/><W132/><G132/><T6/><D6/><U110/><E110/><V38/><F38/><W49/><G85/><T59/><D59/><N who="2" m="22538" /><F88/><W72/><G72/><T103/><D103/><U107/><E107/><V118/><F20/><W82/><G82/><T61/><D56/><U5/><E5/><V3/><F22/><W73/><G73/><T105/><D135/><U115/><E86/><V112/><F3/><W47/><G26/><T64/><D105/><U50/><E13/><V102/><F102/><W19/><G31/><T32/><D32/><U127/><E83/><V2/><F2/><W8/><G96/><T131/><D64/><U24/><E24/><V35/><F35/><W36/><REACH who="3" step="1"/><G10/><REACH who="3" ten="341,240,179,230" step="2"/><T90/><D30/><U120/><E120/><V39/><F112/><W91/><G91/><T0/><D29/><U97/><E97/><V33/><F33/><W119/><G119/><N who="2" m="45609" /><F39/><W11/><G11/><T55/><D90/><U14/><E113/><V106/><F106/><AGARI ba="2,1" hai="8,15,19,36,40,44,47,49,52,93,94,98,100,106" machi="106" ten="30,7700,0" yaku="1,1,7,1,54,1,53,1" doraHai="78" doraHaiUra="95" who="3" fromWho="2" sc="341,0,240,0,179,-83,230,93" /><INIT seed="1,0,0,5,2,16" ten="341,240,96,323" oya="1" hai0="7,128,135,26,84,75,106,130,103,105,96,101,119" hai1="113,43,64,111,15,77,34,58,67,13,86,125,44" hai2="78,104,85,41,37,70,39,79,8,91,54,124,46" hai3="109,71,9,87,45,121,28,82,100,76,22,38,36"/><U80/><E34/><V68/><F104/><W61/><G121/><T126/><D119/><U56/><E113/><V107/><F107/><W81/><G100/><T116/><D116/><U23/><E125/><V51/><F37/><W72/><G109/><T40/><D126/><U19/><E111/><V90/><F90/><W55/><G71/><T69/><D75/><U12/><E56/><V49/><F49/><W33/><G33/><T27/><D69/><U97/><E97/><V6/><F124/><W92/><G92/><T2/><D40/><U21/><E58/><V66/><F70/><W35/><G35/><T120/><D120/><U11/><E15/><V50/><F50/><W74/><G74/><T65/><D65/><U20/><REACH who="1" step="1"/><E13/><REACH who="1" ten="341,230,96,323" step="2"/><V18/><F68/><W25/><G45/><T115/><D96/><U127/><E127/><V114/><F46/><W60/><G60/><T88/><D115/><U5/><E5/><V32/><F6/><W131/><G61/><T52/><D7/><U0/><E0/><V47/><F47/><W134/><G134/><T112/><D2/><U89/><E89/><V17/><F91/><W98/><G98/><T123/><D123/><U53/><E53/><V24/><F54/><W110/><G55/><T30/><D52/><U59/><E59/><V122/><F32/><W3/><G110/><T99/><D99/><U94/><E94/><V93/><F93/><W42/><G3/><T14/><D112/><U108/><E108/><V57/><F114/><W1/><G1/><T132/><D135/><U29/><E29/><V83/><F122/><RYUUKYOKU ba="0,1" sc="341,-10,230,30,96,-10,323,-10" hai1="11,12,19,20,21,23,43,44,64,67,77,80,86" /><INIT seed="1,1,1,2,1,105" ten="331,260,86,313" oya="1" hai0="51,53,9,45,6,5,101,28,12,29,0,103,80" hai1="88,93,112,41,42,22,77,120,65,10,128,90,81" hai2="3,67,15,64,69,70,21,100,8,25,59,36,76" hai3="61,44,131,111,117,49,91,123,95,85,1,66,7"/><U109/><E120/><V75/><F100/><W47/><G123/><T62/><D5/><U46/><E112/><V84/><F84/><W106/><G106/><T16/><D80/><U35/><E35/><V96/><F96/><W18/><G117/><T52/><D0/><U104/><E104/><V124/><F36/><W31/><G31/><N who="0" m="11851" /><D6/><U108/><E128/><V115/><F21/><W119/><G119/><T56/><AGARI ba="1,1" hai="9,12,16,45,51,52,53,56,62,101,103" m="11851" machi="56" ten="30,4000,0" yaku="8,1,54,2" doraHai="105" who="0" fromWho="0" sc="331,53,260,-21,86,-11,313,-11" /><INIT seed="2,0,0,5,5,134" ten="384,239,75,302" oya="2" hai0="54,46,68,27,52,104,0,41,31,58,96,17,13" hai1="1,98,99,92,130,115,8,82,36,107,67,87,56" hai2="132,97,93,83,14,40,20,80,23,19,25,7,74" hai3="125,61,28,100,44,85,116,18,110,71,59,102,105"/><V2/><F74/><W81/><G116/><T38/><D0/><U91/><E36/><V9/><F132/><W118/><G71/><T72/><D72/><U128/><E115/><V5/><F40/><W24/><G118/><T47/><D68/><U109/><E109/><V113/><F113/><W22/><G110/><T63/><D46/><U39/><E39/><V57/><F5/><W64/><G105/><T62/><D104/><U33/><E33/><V112/><F112/><W135/><G135/><T55/><D96/><U66/><E99/><V12/><F2/><W75/><G75/><T76/><D76/><U15/><E107/><V78/><F78/><W6/><G6/><T60/><D31/><U4/><E1/><V43/><F43/><W30/><G44/><T114/><D27/><U120/><E120/><V69/><F69/><W101/><REACH who="3" step="1"/><G125/><REACH who="3" ten="384,239,75,292" step="2"/><T45/><D47/><U108/><E108/><V51/><F57/><W90/><AGARI ba="0,1" hai="18,22,24,28,30,59,61,64,81,85,90,100,101,102" machi="90" ten="30,7900,0" yaku="1,1,2,1,0,1,8,1,53,0" doraHai="134" doraHaiUra="126" who="3" fromWho="3" sc="384,-20,239,-20,75,-39,292,89" /><INIT seed="3,0,0,3,3,28" ten="364,219,36,381" oya="3" hai0="135,16,115,37,29,36,32,100,72,14,73,131,113" hai1="41,1,48,86,123,85,107,54,13,57,24,26,93" hai2="75,68,122,63,12,62,84,74,7,128,10,132,49" hai3="117,21,90,52,11,47,51,96,59,83,126,129,124"/><W22/><G117/><T56/><D135/><U4/><E107/><V15/><F68/><W18/><G129/><T112/><D131/><U61/><E1/><V120/><F128/><W87/><G96/><T42/><D56/><U76/><E123/><N who="2" m="47147" /><F49/><W0/><G0/><T69/><D69/><U114/><E114/><V45/><F45/><W3/><G3/><T58/><D100/><U60/><E85/><V5/><F84/><W118/><G118/><T44/><D58/><U46/><E61/><N who="2" m="23051" /><F132/><W94/><G59/><T43/><D43/><U127/><E127/><N who="3" m="48682" /><G94/><T103/><D103/><U91/><REACH who="1" step="1"/><E76/><REACH who="1" ten="364,209,36,381" step="2"/><V40/><F40/><W50/><G50/><T111/><D37/><U55/><E55/><V67/><F67/><W53/><G53/><T133/><D133/><U17/><E17/><V77/><F77/><W125/><G125/><T106/><D106/><U78/><E78/><V27/><F27/><W65/><G65/><T104/><D104/><U8/><AGARI ba="0,1" hai="4,8,13,24,26,41,46,48,54,57,60,86,91,93" machi="8" ten="30,4000,0" yaku="1,1,0,1,8,1,53,0" doraHai="28" doraHaiUra="79" who="1" fromWho="1" sc="364,-10,209,50,36,-10,381,-20" /><INIT seed="4,0,0,3,5,27" ten="354,259,26,361" oya="0" hai0="113,97,64,38,35,7,6,36,100,14,34,118,65" hai1="37,122,130,8,41,101,54,56,48,78,1,60,63" hai2="32,90,120,57,55,43,49,68,102,126,108,44,110" hai3="111,125,133,105,95,116,75,16,66,61,45,4,131"/><T103/><D113/><U119/><E122/><V114/><F102/><W0/><G111/><T17/><D97/><U93/><E119/><V24/><F120/><W58/><G105/><T96/><D96/><U91/><E101/><V20/><F32/><W12/><G75/><T77/><D77/><U86/><E130/><V23/><F114/><W5/><G116/><T22/><D22/><U70/><E78/><V62/><F126/><W107/><G107/><T59/><D118/><U19/><E1/><V127/><F127/><W79/><G0/><T42/><D42/><U51/><E37/><V69/><F20/><W74/><G133/><T84/><D59/><U47/><E70/><V72/><F72/><W87/><G131/><T123/><D14/><AGARI ba="0,0" hai="8,14,19,41,47,48,51,54,56,60,63,86,91,93" machi="14" ten="40,1300,0" yaku="8,1" doraHai="27" who="1" fromWho="0" sc="354,-13,259,13,26,0,361,0" /><INIT seed="5,0,0,2,0,10" ten="341,272,26,361" oya="1" hai0="14,37,59,8,53,71,127,27,58,91,60,115,128" hai1="89,98,88,129,39,86,76,113,13,38,135,68,131" hai2="102,24,6,108,72,125,85,46,78,32,49,116,119" hai3="107,95,22,130,63,110,42,51,124,19,106,80,55"/><U47/><E68/><V34/><F72/><W66/><G110/><T111/><D111/><U96/><E113/><V75/><F75/><W69/><G130/><N who="1" m="49674" /><E135/><V112/><F102/><W62/><G124/><T57/><D128/><U15/><E76/><V9/><F108/><W35/><G35/><T99/><D127/><U33/><E33/><V11/><F125/><W3/><G3/><T17/><D115/><U1/><E1/><V121/><F112/><W36/><G63/><T18/><D37/><N who="1" m="13835" /><E47/><V28/><F34/><W54/><G54/><T103/><D71/><U52/><E52/><V25/><F121/><W31/><G42/><T114/><D114/><U81/><E96/><V30/><F30/><W134/><G36/><T29/><D29/><U45/><E45/><V4/><F78/><W133/><G133/><T122/><D122/><U104/><E89/><V21/><F85/><W87/><G55/><T90/><D90/><U132/><E132/><V48/><F46/><W73/><G51/><T94/><D103/><AGARI ba="0,0" hai="13,15,81,86,88,98,103,104" m="13835,49674" machi="103" ten="30,11600,0" yaku="19,1,52,2,54,1" doraHai="10" who="1" fromWho="0" sc="341,-116,272,116,26,0,361,0" /><INIT seed="5,1,0,5,3,29" ten="225,388,26,361" oya="1" hai0="106,78,83,122,70,64,11,71,47,79,60,85,37" hai1="77,40,21,102,19,125,73,112,118,119,22,90,66" hai2="0,116,88,86,20,36,15,95,38,93,7,16,117" hai3="25,62,121,127,45,124,55,89,96,130,61,128,39"/><U129/><E112/><V98/><F0/><W132/><G121/><T82/><D122/><U76/><E129/><N who="3" m="49770" /><G96/><T91/><D106/><U51/><E125/><N who="3" m="48202" /><G89/><T69/><D11/><U28/><E102/><V75/><F75/><W101/><G101/><T53/><D91/><U74/><E66/><V14/><F38/><W87/><G87/><T9/><D9/><U41/><E90/><N who="2" m="53463" /><F36/><W131/><G131/><T123/><D123/><U107/><E28/><V135/><F117/><W27/><G132/><T42/><REACH who="0" step="1"/><D53/><REACH who="0" ten="215,388,26,361" step="2"/><U126/><E107/><V109/><F116/><W23/><G55/><T92/><D92/><U81/><E126/><V30/><F135/><W63/><G23/><T5/><D5/><U67/><E22/><V99/><F109/><W133/><G133/><T52/><D52/><U108/><E21/><V18/><F7/><W103/><G103/><T120/><D120/><U111/><E108/><V56/><F30/><W94/><G94/><T54/><D54/><U57/><E111/><V6/><F6/><W32/><G32/><T110/><D110/><U115/><E118/><V2/><F2/><W43/><AGARI ba="1,1" hai="25,27,39,43,45,61,62,63" m="48202,49770" machi="43" ten="40,2700,0" yaku="19,1,18,1" doraHai="29" who="3" fromWho="3" sc="215,-8,388,-14,26,-8,361,40" /><INIT seed="6,0,0,4,4,92" ten="207,374,18,401" oya="2" hai0="25,2,59,33,100,122,18,49,43,126,108,84,98" hai1="69,115,1,50,95,48,65,123,45,23,22,32,75" hai2="99,42,41,90,81,62,129,125,55,60,124,116,79" hai3="0,12,5,96,4,7,39,26,44,8,13,70,97"/><V94/><F116/><W117/><G70/><T107/><D108/><U27/><E75/><V66/><F129/><W28/><G117/><T120/><D2/><U67/><E1/><V20/><F62/><W35/><G0/><T76/><D126/><N who="2" m="48746" /><F55/><W37/><G12/><T77/><D77/><U47/><E69/><N who="2" m="42183" /><F20/><W36/><REACH who="3" step="1"/><G44/><REACH who="3" ten="207,374,18,391" step="2"/><T80/><D120/><U34/><E123/><V11/><F11/><W15/><G15/><T132/><D122/><U119/><E119/><V135/><F135/><W109/><G109/><T133/><D132/><U9/><E47/><V89/><F89/><W38/><N who="3" m="9728" /><DORA hai="88" /><W56/><G56/><T3/><D3/><U73/><E45/><V46/><F46/><W102/><G102/><T40/><D133/><U24/><E24/><V31/><F31/><W83/><G83/><T58/><D80/><U110/><E27/><V118/><F118/><W16/><AGARI ba="0,1" hai="4,5,7,8,13,16,26,28,35,96,97" m="9728" machi="16" ten="60,8000,1" yaku="1,1,0,1,52,2,54,1,53,0" doraHai="92,88" doraHaiUra="78,72" who="3" fromWho="3" sc="207,-20,374,-20,18,-40,391,90" owari="187,-21.0,354,15.0,-22,-52.0,481,58.0" /></mjloggm>