<mjloggm ver="2.3"><GO type="169" lobby="0"/><UN n0="%46%75%6E%54%69%6D%65" n1="%6E%62%34%39" n2="%72%30%33%31%30" n3="%E3%83%88%E3%83%88%E3%83%AA%E5%85%88%E7%94%9F%31%39%E6%AD%B3" dan="16,16,16,18" rate="2115.59,2114.22,2085.87,2203.00" sx="M,M,M,F"/><TAIKYOKU oya="0"/><INIT seed="0,0,0,2,3,92" ten="250,250,250,250" oya="0" hai0="90,36,89,123,121,27,118,6,125,13,115,54,15" hai1="95,78,105,0,50,129,74,55,64,93,5,24,2" hai2="107,26,85,8,66,71,31,100,56,77,87,7,17" hai3="60,16,1,11,10,86,104,65,4,75,46,34,84"/><T51/><D36/><U88/><E105/><V58/><F17/><W39/><G34/><T103/><D115/><U23/><E129/><V49/><F71/><W32/><G32/><T41/><D41/><U30/><E93/><V79/><F79/><W132/><G75/><T135/><D103/><U81/><E64/><V38/><F38/><W120/><G132/><T40/><D40/><U53/><E5/><V47/><F107/><W19/><G120/><T14/><D118/><U91/><E91/><V69/><F100/><W45/><G104/><T111/><D6/><U62/><E62/><V119/><F69/><W67/><G39/><T44/><D135/><U126/><E126/><V113/><F113/><W94/><G94/><T112/><D112/><U12/><E12/><V131/><F131/><W52/><G4/><T83/><D27/><U43/><E43/><V122/><F119/><W116/><G60/><T97/><D125/><U73/><E74/><V127/><F122/><W63/><G63/><T21/><D123/><U108/><E108/><V22/><F66/><W68/><G52/><N who="0" m="29799" /><D111/><U96/><REACH who="1" step="1"/><E55/><REACH who="1" ten="250,240,250,250" step="2"/><N who="2" m="30143" /><F127/><W28/><G116/><T18/><D121/><U117/><E117/><V72/><F72/><W101/><G68/><T35/><D54/><U98/><E98/><V82/><F85/><W33/><G101/><T59/><D97/><U37/><E37/><V128/><F128/><W25/><G67/><T3/><D90/><U42/><E42/><V20/><F7/><W29/><G65/><T110/><D110/><U57/><AGARI ba="0,1" hai="0,2,23,24,30,50,53,57,73,78,81,88,95,96" machi="57" ten="20,8000,1" yaku="1,1,0,1,7,1,52,1,54,1,53,0" doraHai="92" doraHaiUra="130" who="1" fromWho="1" sc="250,-40,240,90,250,-20,250,-20" /><INIT seed="1,0,0,2,3,135" ten="210,330,230,230" oya="1" hai0="27,85,131,103,116,69,33,109,54,88,110,58,59" hai1="34,99,12,71,132,107,20,133,121,14,114,16,31" hai2="56,52,17,1,74,113,47,42,105,51,93,55,30" hai3="64,73,5,106,72,70,21,87,81,82,57,26,28"/><U48/><E71/><V40/><F1/><W115/><G115/><T13/><D116/><U6/><E114/><V37/><F74/><W18/><G70/><T86/><D69/><U32/><E48/><V3/><F105/><W129/><G106/><T123/><D103/><U112/><E112/><V46/><F3/><W66/><G129/><T43/><D43/><U19/><E107/><V79/><F30/><W119/><G119/><T68/><D86/><U38/><E38/><V15/><F79/><W124/><G5/><T41/><D41/><N who="2" m="15978" /><F37/><W75/><G82/><N who="0" m="49207" /><D68/><U60/><E99/><V117/><F117/><W111/><G111/><T10/><D131/><U122/><E60/><N who="2" m="35847" /><F93/><W78/><G28/><N who="0" m="19615" /><D54/><U2/><E2/><V101/><F101/><W92/><G92/><T108/><D123/><U67/><E31/><V125/><F17/><AGARI ba="0,0" hai="10,13,17,58,59,108,109,110" m="19615,49207" machi="17" ten="30,2000,0" yaku="14,1,54,1" doraHai="135" who="0" fromWho="2" sc="210,20,330,0,230,-20,230,0" /><INIT seed="2,0,0,5,0,19" ten="230,330,210,230" oya="2" hai0="57,113,109,120,94,48,67,54,68,20,130,80,132" hai1="135,72,56,71,131,32,9,6,63,29,13,2,126" hai2="95,40,70,1,23,124,76,125,123,74,21,37,77" hai3="53,35,17,115,7,128,41,5,14,49,38,119,104"/><V118/><F70/><W103/><G119/><T46/><D120/><U93/><E71/><V22/><F118/><W18/><G35/><T89/><D109/><U31/><E131/><V82/><F123/><W105/><G128/><T59/><D113/><U42/><E135/><V108/><F108/><W10/><G115/><T85/><D132/><U116/><E116/><V129/><F129/><W15/><G41/><T51/><D68/><U84/><E72/><V117/><F117/><W58/><G38/><T36/><D36/><U127/><E42/><V122/><F122/><W27/><G27/><T30/><D67/><U33/><E2/><V3/><F77/><W65/><G65/><T12/><D130/><U96/><E84/><V101/><F101/><W73/><G73/><T121/><D121/><U60/><E60/><V111/><F111/><W98/><REACH who="3" step="1"/><G105/><REACH who="3" ten="230,330,210,220" step="2"/><T88/><D51/><U8/><E33/><V62/><F62/><W25/><G25/><N who="0" m="16679" /><D12/><U45/><E32/><V44/><REACH who="2" step="1"/><F95/><REACH who="2" ten="230,330,200,220" step="2"/><W28/><G28/><T133/><D133/><U39/><E93/><V69/><F69/><W66/><G66/><T34/><D34/><U110/><E31/><V11/><F11/><AGARI ba="0,2" hai="5,7,10,11,14,15,17,18,49,53,58,98,103,104" machi="11" ten="30,8000,1" yaku="1,1,7,1,9,1,53,2" doraHai="19" doraHaiUra="0" who="3" fromWho="2" sc="230,0,330,0,200,-80,220,100" /><INIT seed="3,0,0,1,0,76" ten="230,330,120,320" oya="3" hai0="109,52,68,55,29,33,128,44,22,23,87,84,74" hai1="19,27,72,61,54,32,41,10,127,58,135,7,102" hai2="35,96,2,117,123,92,25,11,0,115,6,126,18" hai3="120,107,111,124,125,133,65,4,116,31,48,114,34"/><W37/><RYUUKYOKU type="yao9" ba="0,0" sc="230,0,330,0,120,0,320,0" hai3="4,31,34,37,48,65,107,111,114,116,120,124,125,133" /><INIT seed="3,1,0,5,5,79" ten="230,330,120,320" oya="3" hai0="80,0,94,84,68,100,10,5,113,12,42,39,20" hai1="130,86,107,71,133,61,134,47,15,30,108,55,132" hai2="48,93,57,91,23,11,83,7,116,72,70,34,52" hai3="128,49,54,22,77,63,104,50,95,46,89,45,1"/><W69/><G1/><T36/><D68/><U117/><E108/><V111/><F34/><W115/><G115/><T87/><D113/><U85/><E130/><V98/><F116/><W127/><G104/><T2/><D39/><U110/><E110/><V114/><F70/><W74/><G128/><T41/><D36/><U90/><E117/><V21/><F114/><W99/><G127/><T25/><D2/><U135/><E107/><V73/><F111/><W103/><G69/><T4/><D4/><U124/><E124/><V19/><F21/><W102/><G63/><T120/><D120/><U27/><E15/><V67/><F67/><W44/><G22/><T112/><D0/><U118/><E118/><V101/><F11/><W43/><REACH who="3" step="1"/><G45/><REACH who="3" ten="230,330,120,310" step="2"/><T92/><D20/><N who="1" m="15719" /><E132/><V24/><REACH who="2" step="1"/><F7/><REACH who="2" ten="230,330,110,310" step="2"/><W58/><G58/><T122/><D5/><U18/><E71/><V29/><F29/><W97/><G97/><T40/><D112/><U51/><E133/><V121/><F121/><W59/><G59/><T81/><D122/><U129/><E134/><V33/><F33/><W28/><G28/><T9/><D9/><U37/><E135/><V35/><F35/><W96/><G96/><T126/><D126/><U53/><E129/><V131/><F131/><W64/><G64/><T26/><D10/><U6/><E6/><V13/><F13/><W88/><G88/><N who="0" m="51215" /><D12/><U65/><E90/><V78/><F78/><W109/><G109/><T123/><D123/><U76/><E65/><V60/><F60/><W3/><G3/><T16/><D26/><U38/><E61/><V125/><F125/><RYUUKYOKU ba="1,2" sc="230,-15,330,-15,110,15,310,15" hai2="19,23,24,48,52,57,72,73,83,91,93,98,101" hai3="43,44,46,49,50,54,74,77,89,95,99,102,103" /><INIT seed="3,2,2,2,3,100" ten="215,315,125,325" oya="3" hai0="32,62,47,52,55,122,105,97,22,118,38,34,30" hai1="2,28,94,66,121,104,43,41,134,13,116,59,96" hai2="115,4,18,7,9,15,26,89,128,65,79,110,50" hai3="120,106,117,102,21,75,85,39,111,17,69,127,86"/><W49/><G117/><T70/><D118/><U135/><E2/><V36/><F36/><W14/><G120/><T63/><D122/><U81/><E121/><V45/><F110/><W91/><G39/><T125/><D22/><U101/><E116/><V68/><F128/><W74/><G74/><T92/><D125/><U37/><E81/><V67/><F115/><W20/><G75/><T24/><D34/><U112/><E112/><V99/><F79/><W83/><G69/><T25/><D25/><U72/><E72/><V5/><F68/><W40/><G127/><T53/><D105/><U107/><E28/><V42/><REACH who="2" step="1"/><F26/><REACH who="2" ten="215,315,115,325" step="2"/><W114/><G114/><T60/><D38/><U64/><E37/><V84/><F84/><W31/><G111/><T73/><D73/><U103/><E96/><V12/><F12/><W76/><G86/><T80/><D80/><U78/><E13/><V71/><F71/><W0/><G76/><T57/><D70/><U48/><E78/><V1/><F1/><W29/><G0/><T130/><D130/><U90/><E134/><V93/><AGARI ba="2,3" hai="4,5,7,9,15,18,42,45,50,65,67,89,93,99" machi="93" ten="30,4000,0" yaku="1,1,0,1,8,1,53,0" doraHai="100" doraHaiUra="33" who="2" fromWho="2" sc="215,-12,315,-12,115,76,325,-22" /><INIT seed="4,0,0,3,0,133" ten="203,303,191,303" oya="0" hai0="91,51,43,75,93,72,125,85,63,82,106,19,71" hai1="66,64,50,17,116,55,103,13,15,0,45,73,41" hai2="68,99,127,88,49,123,20,126,105,80,104,101,37" hai3="2,100,54,110,130,12,115,35,24,44,14,135,95"/><T94/><D106/><U42/><E0/><V77/><F68/><W30/><G110/><T70/><D19/><U7/><E73/><N who="2" m="43055" /><F37/><W108/><G108/><T36/><D36/><U111/><E111/><V34/><F34/><W38/><G2/><T1/><D1/><U10/><E116/><V16/><F49/><W32/><G32/><T22/><D22/><U23/><REACH who="1" step="1"/><E103/><REACH who="1" ten="203,293,191,303" step="2"/><V96/><F123/><W65/><G100/><T5/><D75/><U129/><E129/><V48/><F101/><W84/><G130/><T87/><D72/><U3/><E3/><V6/><F105/><W59/><G135/><T26/><D71/><U76/><E76/><V78/><F78/><W27/><G115/><T53/><D70/><U107/><E107/><V25/><F104/><W97/><G97/><T11/><D94/><U112/><E112/><V117/><F117/><W52/><G95/><T92/><D92/><U134/><E134/><V121/><F121/><W61/><G84/><T69/><D69/><U90/><E90/><V120/><F120/><W28/><G12/><T132/><D132/><U4/><E4/><V33/><F6/><W60/><G14/><T83/><D93/><U81/><E81/><V98/><F88/><W113/><G113/><T58/><D83/><U79/><E79/><V39/><F98/><W62/><G24/><T89/><D26/><U124/><E124/><N who="2" m="47659" /><F96/><W29/><G27/><T102/><D102/><U67/><AGARI ba="0,1" hai="7,10,13,15,17,23,41,42,45,50,55,64,66,67" machi="67" ten="30,4000,0" yaku="1,1,0,1,8,1,53,0" doraHai="133" doraHaiUra="131" who="1" fromWho="1" sc="203,-20,293,50,191,-10,303,-10" /><INIT seed="5,0,0,0,1,2" ten="183,343,181,293" oya="1" hai0="106,113,51,133,13,19,107,31,104,92,125,34,129" hai1="74,44,5,41,35,101,135,90,43,11,48,28,128" hai2="25,105,96,117,54,91,63,8,40,9,75,71,21" hai3="33,42,85,103,122,50,123,10,27,38,60,82,89"/><U15/><E128/><V84/><F75/><W118/><G38/><T16/><D129/><U62/><E135/><V49/><F117/><W70/><G103/><T18/><D133/><U121/><E121/><V26/><F40/><W116/><G70/><T109/><D109/><U81/><E101/><V37/><F37/><W47/><G60/><T86/><D113/><U20/><E35/><V57/><F26/><W4/><G27/><T98/><D125/><U126/><E126/><V120/><F120/><W130/><G33/><T83/><D31/><U93/><E62/><V111/><F111/><W32/><G32/><T112/><D112/><U53/><E81/><V100/><F71/><W110/><G110/><T61/><D61/><U79/><E79/><V3/><F3/><N who="3" m="287" /><G130/><T30/><D30/><U127/><E74/><V73/><F73/><W66/><G66/><T56/><D34/><U67/><E67/><V59/><F59/><W119/><AGARI ba="0,0" hai="42,47,50,82,85,89,116,118,119,122,123" m="287" machi="119" ten="30,2000,0" yaku="12,1,52,1" doraHai="2" who="3" fromWho="3" sc="183,-5,343,-10,181,-5,293,20" /><INIT seed="6,0,0,0,4,1" ten="178,333,176,313" oya="2" hai0="17,62,109,133,68,111,14,10,82,95,65,78,6" hai1="112,8,113,22,85,63,2,48,123,41,104,56,127" hai2="114,7,57,66,23,31,25,61,5,105,134,15,116" hai3="72,102,44,50,130,32,97,124,13,99,12,70,106"/><V33/><F114/><N who="1" m="44137" /><E104/><V51/><F116/><W121/><G121/><T4/><D133/><U0/><E127/><V24/><F134/><W27/><G70/><T43/><D43/><U49/><E123/><V107/><F15/><W120/><G120/><T20/><D95/><U131/><E131/><V60/><F51/><N who="1" m="19529" /><E41/><V122/><F122/><W38/><G72/><T77/><D77/><U53/><E22/><V36/><F36/><W132/><G38/><T69/><D69/><U11/><E85/><V75/><F75/><W100/><G132/><T88/><D88/><U16/><E16/><V110/><F110/><W28/><G130/><T18/><D111/><U129/><E129/><V101/><F60/><W128/><G124/><T135/><D109/><U117/><E117/><V67/><F67/><W84/><G84/><T87/><REACH who="0" step="1"/><D135/><REACH who="0" ten="168,333,176,313" step="2"/><U9/><AGARI ba="0,1" hai="0,2,8,9,11,53,56,63" m="19529,44137" machi="9" ten="40,1500,0" yaku="15,1" doraHai="1" who="1" fromWho="1" sc="168,-4,333,25,176,-7,313,-4" /><INIT seed="7,0,0,5,1,104" ten="164,358,169,309" oya="3" hai0="58,122,41,128,70,101,5,55,53,29,124,61,27" hai1="83,81,9,40,39,21,62,35,92,46,87,6,24" hai2="26,66,54,47,18,36,73,23,115,32,1,119,43" hai3="125,0,102,48,116,2,77,45,135,90,67,108,12"/><W107/><G116/><T99/><D122/><U22/><E62/><V49/><F1/><W68/><G135/><T31/><D70/><U86/><E92/><V4/><F73/><W85/><G125/><T30/><D124/><U120/><E35/><V113/><F4/><W38/><G38/><T91/><D128/><U65/><E65/><V98/><F119/><W93/><G108/><T117/><D117/><U44/><E44/><N who="2" m="27943" /><F32/><W59/><G68/><T88/><D41/><U130/><E24/><V17/><F98/><W57/><G77/><T123/><D123/><U84/><E130/><V82/><F82/><W105/><G12/><T109/><D109/><U110/><E110/><V10/><F66/><W118/><G118/><T95/><D5/><U78/><E87/><V80/><F80/><W37/><G37/><T89/><REACH who="0" step="1"/><D55/><REACH who="0" ten="154,358,169,309" step="2"/><U121/><E120/><V100/><F100/><W114/><G102/><T97/><D97/><U106/><E121/><V13/><F113/><W51/><G114/><T75/><D75/><U103/><E103/><V94/><F115/><W42/><G67/><T132/><D132/><U33/><E6/><V34/><F94/><W79/><G107/><T56/><D56/><U131/><E106/><V72/><F72/><W111/><G105/><T3/><D3/><N who="3" m="1065" /><G111/><T96/><D96/><U129/><E131/><V69/><F69/><W134/><G134/><T25/><AGARI ba="0,1" hai="25,27,29,30,31,53,58,61,88,89,91,95,99,101" machi="25" ten="40,8000,1" yaku="1,1,0,1,8,1,54,1,53,0" doraHai="104" doraHaiUra="60" who="0" fromWho="0" sc="154,90,358,-20,169,-20,309,-40" owari="244,-16.0,338,44.0,149,-35.0,269,7.0" /></mjloggm>