<mjloggm ver="2.3"><GO type="41" lobby="0"/><UN n0="%E5%85%A8%E9%80%9F%E3%82%86%E3%83%BC%E3%81%B8%E3%81%84" n1="%E3%81%BF%E3%82%84%E3%81%AA%E3%81%8C%E3%81%95%E3%81%8D%E3%80%82" n2="%30%30%71%75%61%6E%74%61" n3="%E5%B0%B1%E6%B4%BB%E7%94%9F%40%E5%B7%9D%E6%9D%91%E8%BB%8D%E5%9B%A3" dan="15,15,13,17" rate="1959.76,1959.16,1898.13,2182.55" sx="M,F,M,M"/><TAIKYOKU oya="0"/><INIT seed="0,0,0,1,4,22" ten="250,250,250,250" oya="0" hai0="2,135,118,54,100,33,17,45,95,5,30,107,79" hai1="101,80,83,49,116,91,133,109,67,130,120,26,75" hai2="115,128,103,102,55,15,27,6,64,77,3,97,51" hai3="60,46,123,0,36,65,61,56,93,104,99,41,9"/><T63/><D118/><U14/><E116/><V29/><F115/><W113/><G113/><T19/><D107/><U127/><E120/><V121/><F128/><W66/><G123/><T96/><D135/><U92/><E133/><V94/><F3/><W81/><G104/><T69/><D79/><U8/><E101/><V112/><F112/><W18/><G81/><T125/><D125/><U84/><E127/><V114/><F114/><W82/><G82/><T39/><D2/><U1/><E67/><V40/><F121/><W42/><G42/><T32/><D5/><U25/><E75/><V70/><F77/><W50/><G0/><T89/><D33/><U47/><E1/><V108/><F108/><W71/><G9/><T122/><D122/><U98/><E109/><V110/><F110/><W134/><G134/><T44/><D69/><U129/><E129/><V88/><F40/><W16/><REACH who="3" step="1"/><G36/><REACH who="3" ten="250,250,250,240" step="2"/><T43/><D39/><U85/><E130/><V68/><F68/><W73/><G73/><T53/><D43/><N who="1" m="24831" /><E80/><V31/><F70/><W74/><G74/><T12/><D95/><U21/><E83/><V10/><F64/><W58/><G58/><T23/><D45/><U105/><E105/><V117/><F117/><W57/><G57/><T4/><D44/><U86/><E21/><N who="2" m="15599" /><F102/><AGARI ba="0,1" hai="16,18,41,46,50,56,60,61,65,66,71,93,99,102" machi="102" ten="30,3900,0" yaku="1,1,7,1,54,1,53,0" doraHai="22" doraHaiUra="111" who="3" fromWho="2" sc="250,0,250,0,250,-39,240,49" /><INIT seed="1,0,0,1,1,130" ten="250,250,211,289" oya="1" hai0="82,73,112,108,17,64,72,3,87,103,113,9,91" hai1="128,88,74,80,118,114,83,90,107,129,92,46,22" hai2="43,21,115,95,102,51,71,84,79,104,135,14,109" hai3="55,37,42,6,27,66,60,34,93,39,101,44,61"/><U85/><E118/><V25/><F71/><W62/><G6/><T134/><D64/><U5/><E114/><V10/><F115/><N who="0" m="44106" /><D17/><U133/><E133/><V106/><F135/><W86/><G34/><T122/><D9/><U33/><E33/><V28/><F109/><W50/><G27/><T48/><D48/><U58/><E107/><V38/><F38/><N who="3" m="14347" /><G101/><T40/><D40/><U32/><E32/><V26/><F26/><W75/><G93/><T132/><D3/><U19/><E5/><V2/><F2/><W111/><G86/><T131/><D108/><U0/><E0/><V23/><F106/><W70/><G75/><N who="0" m="28747" /><D131/><N who="1" m="50251" /><E74/><V110/><F104/><W81/><G81/><N who="0" m="49647" /><D122/><U57/><E19/><N who="2" m="8663" /><F21/><W54/><G111/><T63/><D63/><AGARI ba="0,0" hai="42,44,50,54,55,60,61,62,63,66,70" m="14347" machi="63" ten="30,8000,1" yaku="35,5" doraHai="130" who="3" fromWho="0" sc="250,-80,250,0,211,0,289,80" /><INIT seed="2,0,0,4,2,132" ten="170,250,211,369" oya="2" hai0="26,100,84,107,66,104,53,70,21,33,110,123,42" hai1="129,108,51,114,67,112,120,134,121,95,96,1,9" hai2="58,86,81,45,92,17,11,73,76,30,6,27,75" hai3="8,0,101,127,12,133,18,82,113,71,54,5,115"/><V52/><F45/><W93/><G71/><T32/><D123/><N who="1" m="47179" /><E134/><V80/><F17/><W25/><G133/><T47/><D110/><U90/><E129/><V111/><F111/><W34/><G82/><T4/><D4/><U38/><E38/><V62/><F92/><W19/><G54/><T63/><D84/><U128/><E128/><V43/><F43/><W85/><G85/><T102/><D53/><U64/><E108/><V98/><F98/><W119/><G101/><T29/><D102/><U88/><E90/><V105/><F81/><W87/><G87/><T126/><D126/><U135/><E135/><V16/><F105/><W117/><G93/><T124/><D124/><U65/><E51/><V103/><F103/><W91/><G127/><T20/><D33/><U109/><E109/><V116/><F116/><N who="3" m="44619" /><G91/><T35/><D35/><U15/><E1/><V78/><F78/><W37/><G37/><T83/><D83/><U31/><E31/><V74/><F74/><W79/><G79/><T72/><D72/><U122/><N who="1" m="47187" /><U46/><DORA hai="59" /><E46/><V97/><F97/><W3/><G3/><T14/><D14/><U69/><E69/><V7/><F75/><W48/><G48/><N who="0" m="26743" /><D107/><U61/><E61/><V24/><F73/><W99/><G99/><AGARI ba="0,0" hai="20,21,26,29,32,63,66,70,99,100,104" m="26743" machi="99" ten="30,2000,0" yaku="25,1,52,1" doraHai="132,59" who="0" fromWho="3" sc="170,20,250,0,211,0,369,-20" /><INIT seed="3,0,0,2,3,86" ten="190,250,211,349" oya="3" hai0="67,85,66,105,44,110,14,52,57,31,72,20,41" hai1="49,27,104,22,50,128,81,88,40,115,46,39,29" hai2="111,30,100,77,64,119,17,35,94,48,113,70,60" hai3="114,83,79,78,135,123,42,63,122,43,124,36,18"/><W4/><G114/><T133/><D72/><U0/><E115/><V131/><F119/><W26/><G124/><T125/><D105/><U33/><E104/><V109/><F113/><W97/><G135/><T132/><D110/><N who="2" m="41994" /><F77/><W58/><G4/><T74/><D74/><U120/><E120/><V75/><F75/><W117/><G117/><T8/><D125/><U106/><E106/><V55/><F131/><W69/><G69/><T56/><D56/><U103/><E103/><V92/><F100/><W129/><G129/><T87/><D20/><U9/><E22/><V7/><F7/><W61/><G18/><T47/><D31/><U80/><E128/><V59/><F17/><W34/><G26/><AGARI ba="0,0" hai="26,30,35,48,55,59,60,64,70,92,94" m="41994" machi="26" ten="30,1000,0" yaku="14,1" doraHai="86" who="2" fromWho="3" sc="190,0,250,0,211,10,349,-10" /><INIT seed="4,0,0,4,3,73" ten="190,250,221,339" oya="0" hai0="37,20,35,79,4,30,46,45,102,34,118,9,128" hai1="10,114,81,99,19,64,125,33,84,15,22,70,66" hai2="96,113,29,110,121,59,13,12,36,90,57,122,27" hai3="28,109,94,44,58,16,76,65,129,47,63,117,41"/><T100/><D118/><U130/><E33/><V104/><F36/><W51/><G117/><T23/><D9/><U49/><E130/><V74/><F74/><W68/><G109/><T2/><D2/><U62/><E125/><V0/><F0/><W88/><G28/><T1/><D1/><U60/><E114/><V14/><F110/><W6/><G6/><T75/><D75/><U107/><E107/><V71/><F71/><W135/><G135/><T111/><D111/><U5/><E99/><V120/><F113/><W127/><G129/><T55/><D55/><U119/><E49/><V21/><REACH who="2" step="1"/><F90/><REACH who="2" ten="190,250,211,339" step="2"/><W69/><G69/><T115/><D128/><U32/><E119/><V103/><AGARI ba="0,1" hai="12,13,14,21,27,29,57,59,96,103,104,120,121,122" machi="103" ten="40,8000,1" yaku="1,1,2,1,0,1,53,1" doraHai="73" doraHaiUra="95" who="2" fromWho="2" sc="190,-40,250,-20,211,90,339,-20" /><INIT seed="5,0,0,3,2,91" ten="150,230,301,319" oya="1" hai0="66,60,94,24,6,75,134,56,30,78,26,67,57" hai1="12,73,126,103,93,9,21,85,97,11,128,83,18" hai2="47,104,34,27,89,43,39,46,37,123,50,72,132" hai3="135,53,124,125,77,130,61,29,33,48,42,38,121"/><U69/><E73/><V101/><F123/><W23/><G33/><T108/><D108/><U86/><E126/><N who="3" m="48746" /><G121/><T54/><D134/><U41/><E128/><V74/><F132/><W129/><G77/><T117/><D117/><U35/><E35/><V8/><F8/><W92/><G135/><T71/><D6/><U55/><E69/><V22/><F89/><W82/><G82/><T107/><D107/><U16/><E41/><N who="2" m="22831" /><F50/><W87/><G61/><T111/><D111/><U102/><E102/><V105/><F22/><W113/><G113/><T58/><D67/><U40/><E40/><V1/><F1/><W64/><G64/><T133/><D133/><U44/><E9/><V17/><F17/><W90/><G38/><T14/><D14/><N who="1" m="9367" /><E83/><V32/><F32/><W36/><G42/><T120/><D120/><U119/><E119/><V109/><F109/><W79/><G79/><T19/><D78/><U98/><E98/><N who="2" m="61495" /><F105/><W95/><G36/><T110/><D75/><U99/><E99/><V80/><F80/><N who="3" m="49511" /><G23/><T68/><D110/><U2/><E2/><V5/><F5/><W25/><G25/><T96/><D71/><U114/><E114/><V100/><F100/><W81/><G81/><T7/><D7/><U115/><E115/><V45/><F45/><N who="3" m="27791" /><G29/><AGARI ba="0,0" hai="27,29,34,39,43,47,72,74" m="61495,22831" machi="29" ten="30,2000,0" yaku="33,2" doraHai="91" who="2" fromWho="3" sc="150,0,230,0,301,20,319,-20" /><INIT seed="6,0,0,2,2,51" ten="150,230,321,299" oya="2" hai0="77,101,1,93,28,122,86,82,5,11,94,84,83" hai1="29,79,87,76,78,129,99,67,123,75,97,56,96" hai2="120,112,118,16,125,57,71,47,135,134,34,22,9" hai3="114,58,12,21,7,127,0,15,115,133,121,23,37"/><V73/><F73/><W50/><G37/><T13/><D122/><U132/><E29/><V18/><F71/><W69/><G69/><T108/><D108/><U107/><E67/><V68/><F68/><W113/><G121/><T41/><D1/><U52/><E123/><V19/><F120/><W64/><G133/><N who="2" m="50697" /><F34/><W74/><G74/><T35/><D101/><U111/><E132/><V45/><F118/><W88/><G127/><T104/><D104/><U65/><E65/><V109/><F109/><W27/><G88/><T130/><D130/><U38/><E38/><V66/><F125/><W95/><G95/><T92/><D35/><U39/><E39/><V46/><F112/><W40/><G40/><T119/><D119/><U91/><E75/><V54/><F66/><W43/><G43/><T44/><D28/><U102/><E129/><V30/><F30/><W36/><G36/><T72/><D72/><U117/><E117/><V128/><F128/><W110/><G110/><T131/><D131/><U63/><REACH who="1" step="1"/><E111/><REACH who="1" ten="150,220,321,299" step="2"/><V124/><F124/><W6/><G113/><T62/><D62/><U100/><E100/><V26/><F9/><W59/><G64/><T25/><D25/><U90/><E90/><V33/><F33/><W24/><G114/><T4/><D4/><U53/><E53/><V32/><F32/><W55/><G115/><T49/><D94/><AGARI ba="0,1" hai="52,56,63,76,78,79,87,91,94,96,97,99,102,107" machi="94" ten="40,8000,1" yaku="1,1,52,1,54,1,53,1" doraHai="51" doraHaiUra="85" who="1" fromWho="0" sc="150,-80,220,90,321,0,299,0" /><INIT seed="7,0,0,4,4,82" ten="70,310,321,299" oya="3" hai0="2,59,83,81,64,14,34,16,99,102,60,31,36" hai1="101,114,7,53,15,28,97,98,63,19,40,79,58" hai2="45,9,54,44,92,127,93,52,11,23,50,85,47" hai3="113,121,66,20,72,96,120,129,108,67,95,65,125"/><W32/><G32/><T89/><D36/><U0/><E28/><V123/><F123/><W26/><G72/><T41/><D2/><U74/><E114/><V5/><F127/><W4/><G113/><T103/><D34/><U37/><E7/><V29/><F5/><W70/><G70/><T133/><D133/><U33/><E33/><V61/><F29/><W109/><G125/><T88/><D31/><U90/><E0/><V78/><F23/><W24/><G4/><T57/><D41/><U13/><E79/><V55/><F61/><W51/><G51/><T111/><D111/><N who="3" m="42569" /><G129/><T39/><D39/><U62/><E74/><V1/><F1/><W119/><G119/><T91/><D59/><U117/><E117/><V68/><F68/><W3/><G3/><T38/><D38/><U84/><E101/><V86/><F50/><W22/><G22/><T105/><REACH who="0" step="1"/><D102/><REACH who="0" ten="60,310,321,299" step="2"/><U6/><E37/><V107/><F78/><W8/><G8/><AGARI ba="0,1" hai="8,14,16,57,60,64,81,83,88,89,91,99,103,105" machi="8" ten="40,8000,1" yaku="1,1,2,1,54,2,53,0" doraHai="82" doraHaiUra="126" who="0" fromWho="3" sc="60,90,310,0,321,0,299,-80" owari="150,-35.0,310,11.0,321,42.0,219,-18.0" /></mjloggm>