<mjloggm ver="2.3"><GO type="225" lobby="0"/><UN n0="%E3%83%AD%E3%83%9C%E3%82%B3%E3%83%97" n1="%E5%B0%B1%E6%B4%BB%E7%94%9F%40%E5%B7%9D%E6%9D%91%E8%BB%8D%E5%9B%A3" n2="%E7%A2%BA%E5%A4%89%E3%81%AF%E6%AD%A3%E7%BE%A9%EF%BC%81" n3="%74%61%6B%75%61%6B%61" dan="16,17,16,17" rate="2129.89,2171.32,2095.55,2199.07" sx="M,M,M,M"/><TAIKYOKU oya="0"/><INIT seed="0,0,0,0,4,42" ten="250,250,250,250" oya="0" hai0="25,100,129,23,82,133,77,108,27,99,118,88,80" hai1="10,66,106,14,70,21,62,105,48,19,73,81,120" hai2="85,122,4,114,69,0,37,31,1,98,64,112,32" hai3="96,52,84,76,103,68,55,67,50,41,26,57,20"/><T44/><D118/><U109/><E120/><V115/><F122/><W9/><G68/><T34/><D129/><U113/><E113/><V22/><F22/><W8/><G67/><T39/><D133/><U91/><E109/><V47/><F85/><W33/><G33/><T18/><D108/><U36/><E36/><V93/><F4/><W123/><G123/><T30/><D77/><U56/><E70/><V12/><F12/><W111/><G111/><T86/><D82/><U15/><E48/><V102/><F64/><W97/><G41/><T74/><D74/><U29/><E29/><V132/><F69/><W110/><G110/><T3/><D3/><U46/><E46/><V128/><F128/><W127/><G55/><T51/><D39/><U28/><E28/><V65/><F65/><W125/><G84/><T83/><D83/><U45/><E45/><V116/><F116/><W124/><G76/><T94/><D44/><U104/><E73/><V40/><REACH who="2" step="1"/><F132/><REACH who="2" ten="250,250,240,250" step="2"/><W135/><G135/><T59/><REACH who="0" step="1"/><D51/><REACH who="0" ten="240,250,240,250" step="2"/><U60/><E81/><V58/><F58/><AGARI ba="0,2" hai="18,23,25,27,30,34,58,59,80,86,88,94,99,100" machi="58" ten="40,7700,0" yaku="1,1,2,1,54,1,53,0" doraHai="42" doraHaiUra="11" who="0" fromWho="2" sc="240,97,250,0,240,-77,250,0" /><INIT seed="0,1,0,2,1,84" ten="337,250,163,250" oya="0" hai0="46,81,55,9,10,21,6,103,68,112,22,97,126" hai1="91,100,57,38,52,5,102,101,30,36,60,117,12" hai2="79,115,8,26,18,73,23,96,51,61,118,131,114" hai3="17,37,89,35,34,42,63,88,122,99,93,111,110"/><T129/><D112/><U67/><E117/><V43/><F118/><W20/><G122/><T2/><D68/><U78/><E78/><V75/><F131/><W128/><G128/><T54/><D129/><U71/><E30/><V64/><F96/><W135/><G135/><T59/><D126/><U124/><E124/><V47/><F8/><W44/><G63/><T69/><D69/><U31/><E31/><V65/><F65/><W49/><G37/><T77/><D10/><U119/><E119/><V132/><F132/><W1/><G1/><T48/><D55/><U33/><E33/><V121/><F121/><W11/><G11/><T106/><REACH who="0" step="1"/><D46/><REACH who="0" ten="327,250,163,250" step="2"/><U95/><E5/><V45/><F45/><W92/><G35/><T58/><D58/><U98/><REACH who="1" step="1"/><E12/><REACH who="1" ten="327,240,163,250" step="2"/><V82/><REACH who="2" step="1"/><F75/><AGARI ba="1,2" hai="2,6,9,21,22,48,54,59,75,77,81,97,103,106" machi="75" ten="30,11600,0" yaku="1,1,7,1,53,2" doraHai="84" doraHaiUra="19" who="0" fromWho="2" sc="327,139,240,0,163,-119,250,0" /><INIT seed="0,2,0,0,4,37" ten="466,240,44,250" oya="0" hai0="104,112,49,70,93,39,24,16,19,60,0,63,100" hai1="125,121,109,15,135,6,129,81,8,126,9,74,21" hai2="99,111,133,102,71,57,128,29,119,84,110,132,96" hai3="20,45,83,12,86,134,116,38,123,27,30,31,58"/><T51/><D39/><U18/><E74/><V67/><F71/><W72/><G116/><T52/><D104/><U13/><E81/><V32/><F32/><W107/><G107/><T11/><D112/><U64/><E64/><V95/><F29/><W68/><G68/><T28/><D70/><U88/><E88/><N who="2" m="53639" /><F57/><W92/><G72/><T34/><D51/><U114/><E121/><V130/><F67/><W117/><G92/><T75/><D75/><U53/><E53/><V73/><F73/><W14/><G117/><T55/><D55/><U50/><E50/><V4/><F4/><W108/><G108/><N who="2" m="41513" /><F99/><W42/><G134/><N who="2" m="51817" /><F119/><W36/><G31/><T66/><D34/><U33/><E109/><V44/><F44/><W2/><G45/><T46/><D28/><U105/><E135/><V54/><F54/><W7/><G58/><T17/><D52/><U77/><E33/><V65/><F65/><W82/><G7/><T10/><D66/><U106/><E114/><V25/><F25/><W1/><G27/><T122/><D24/><U118/><E118/><V131/><F131/><W22/><G30/><T56/><D56/><U91/><E129/><V62/><F62/><W35/><G35/><T120/><D60/><U26/><E26/><V103/><F103/><W101/><G101/><T23/><D100/><U5/><E6/><V47/><F47/><W78/><G1/><T97/><D46/><U3/><E5/><V85/><F85/><W115/><G2/><T98/><D0/><U113/><E113/><V59/><F59/><W89/><G115/><T43/><D63/><RYUUKYOKU ba="2,0" sc="466,-10,240,-10,44,30,250,-10" hai2="96,102,128,130" /><INIT seed="1,3,0,2,0,65" ten="456,230,74,240" oya="1" hai0="67,73,41,10,71,106,121,111,4,101,48,83,81" hai1="8,53,66,88,110,9,39,16,29,132,47,27,25" hai2="108,68,50,92,56,119,103,28,131,18,37,21,40" hai3="89,109,79,116,1,113,124,74,2,17,127,85,64"/><U130/><E130/><V135/><F119/><W33/><G109/><T12/><D73/><U38/><E132/><V87/><F131/><W31/><G113/><T11/><D111/><U24/><E110/><V78/><F108/><W69/><G79/><T32/><D32/><U35/><E39/><V52/><F135/><W51/><G74/><T86/><D121/><U107/><E107/><V55/><F28/><W84/><G51/><T70/><D67/><U123/><E123/><V75/><F75/><W14/><G84/><T102/><D83/><U60/><E88/><N who="2" m="53279" /><F68/><N who="0" m="26154" /><D11/><U34/><E34/><V26/><F37/><W7/><G33/><T122/><D106/><U49/><E38/><V63/><F78/><W77/><G31/><T98/><D98/><U117/><E117/><V0/><F0/><W59/><G77/><N who="0" m="46383" /><D122/><U58/><REACH who="1" step="1"/><E24/><REACH who="1" ten="456,220,74,240" step="2"/><V6/><F103/><W42/><G89/><T80/><D80/><U13/><E13/><V46/><F6/><W62/><G7/><T5/><D5/><U95/><E95/><V3/><F3/><W72/><G1/><T36/><D36/><U15/><E15/><V45/><F45/><AGARI ba="3,1" hai="4,10,12,41,45,48,101,102" m="46383,26154" machi="45" ten="30,7700,0" yaku="25,1,52,3" doraHai="65" who="0" fromWho="2" sc="456,96,220,0,74,-86,240,0" owari="552,65.0,220,-18.0,-12,-51.0,240,4.0" /></mjloggm>