<mjloggm ver="2.3"><GO type="169" lobby="0"/><UN n0="%E3%83%8B%E3%83%A3%E3%83%83%E3%83%94%E3%83%BC%E5%A4%8F%E7%9B%AE" n1="%E5%B0%B1%E6%B4%BB%E7%94%9F%40%E5%B7%9D%E6%9D%91%E8%BB%8D%E5%9B%A3" n2="%E9%9B%80%E8%8D%98%E4%B8%AD%E5%B7%9D" n3="%E3%82%B3%E3%83%BC%E3%83%A9%E4%B8%8B%E3%81%95%E3%81%84" dan="17,17,16,17" rate="2169.35,2182.61,2055.09,2179.59" sx="M,M,F,M"/><TAIKYOKU oya="0"/><INIT seed="0,0,0,5,0,52" ten="250,250,250,250" oya="0" hai0="119,34,103,30,94,25,24,46,88,38,112,63,133" hai1="74,55,90,3,71,77,2,45,111,39,85,12,19" hai2="65,66,72,114,57,68,78,109,64,104,125,8,54" hai3="76,128,89,29,82,75,37,13,108,100,116,42,135"/><T126/><D112/><U0/><E71/><V58/><F104/><W31/><G108/><T86/><D119/><U91/><E111/><V36/><F78/><W1/><G1/><T131/><D131/><U118/><E118/><V120/><F72/><W41/><G116/><T122/><D122/><U83/><E39/><V44/><F8/><W56/><G135/><T98/><D133/><U129/><E129/><V60/><F109/><W40/><G37/><T17/><D126/><U102/><E102/><V49/><F114/><W97/><G89/><T127/><D127/><U32/><E32/><V4/><F4/><W51/><G13/><T117/><D117/><U99/><E99/><V35/><F35/><W105/><REACH who="3" step="1"/><G128/><REACH who="3" ten="250,250,250,240" step="2"/><T15/><D38/><U101/><E90/><V26/><F125/><W70/><G70/><T79/><D79/><U43/><E101/><V132/><F132/><W121/><G121/><T73/><D15/><U93/><E3/><V124/><F124/><W27/><G27/><T96/><D103/><U115/><E115/><V67/><F26/><W53/><AGARI ba="0,1" hai="29,31,40,41,42,51,53,56,75,76,82,97,100,105" machi="53" ten="30,7900,0" yaku="1,1,0,1,52,1,53,1" doraHai="52" doraHaiUra="95" who="3" fromWho="3" sc="250,-39,250,-20,250,-20,240,89" /><INIT seed="1,0,0,4,4,79" ten="211,230,230,329" oya="1" hai0="122,123,27,4,54,77,100,110,35,13,51,16,121" hai1="67,70,11,75,109,60,115,62,3,133,96,18,12" hai2="34,47,42,107,99,22,65,28,8,129,90,76,37" hai3="126,57,95,26,71,7,106,39,119,120,78,66,135"/><U63/><E115/><V17/><F129/><W74/><G7/><T73/><D100/><U108/><E75/><V117/><F117/><W131/><G57/><T128/><D110/><N who="1" m="42603" /><E133/><V124/><F124/><W112/><G26/><T14/><D4/><N who="1" m="1439" /><E96/><V0/><F65/><W91/><G66/><T87/><D73/><U82/><E82/><V38/><F99/><W98/><G91/><T94/><D128/><U9/><AGARI ba="0,0" hai="9,12,18,60,62,63,67,70" m="1439,42603" machi="9" ten="30,3000,0" yaku="14,1,10,1" doraHai="79" who="1" fromWho="1" sc="211,-10,230,30,230,-10,329,-10" /><INIT seed="1,1,0,1,1,51" ten="201,260,220,319" oya="1" hai0="3,111,119,34,70,0,42,14,54,43,60,74,31" hai1="87,89,120,115,129,92,44,103,113,125,69,19,94" hai2="16,93,68,23,64,104,88,133,90,21,58,122,102" hai3="107,84,22,4,28,126,105,79,6,61,24,83,100"/><U41/><E120/><V108/><F122/><W39/><G39/><T78/><D119/><U1/><E1/><V12/><F68/><W106/><G126/><T11/><D111/><U33/><E33/><V131/><F108/><W96/><REACH who="3" step="1"/><G61/><REACH who="3" ten="201,260,220,309" step="2"/><T48/><D60/><U55/><E125/><V130/><F133/><W73/><G73/><T124/><D124/><U123/><E123/><V65/><F131/><W20/><G20/><T49/><D34/><U71/><E129/><V36/><F130/><W46/><G46/><T2/><D74/><U35/><E35/><V53/><F36/><W128/><G128/><T32/><D32/><U95/><E115/><V5/><F23/><W76/><G76/><T15/><D78/><U18/><E113/><V80/><F21/><W112/><G112/><T110/><D110/><U45/><E103/><V25/><F102/><W114/><G114/><T29/><D49/><N who="1" m="26767" /><E71/><V52/><F65/><W127/><G127/><T86/><D70/><U67/><E69/><V77/><F64/><W99/><G99/><T85/><D48/><N who="1" m="29071" /><E67/><V72/><F72/><W82/><G82/><AGARI ba="1,1" hai="18,19,82,87,89,92,94,95" m="29071,26767" machi="82" ten="30,2900,0" yaku="8,1,52,1" doraHai="51" who="1" fromWho="3" sc="201,0,260,42,220,0,309,-32" /><INIT seed="1,2,0,2,5,49" ten="201,302,220,277" oya="1" hai0="25,41,51,124,132,69,127,105,54,53,134,23,130" hai1="22,67,108,87,37,117,88,102,45,11,109,112,100" hai2="8,14,55,114,15,72,9,79,119,59,6,47,125" hai3="74,1,71,104,89,30,83,7,2,38,34,17,133"/><U73/><E73/><V3/><F119/><W96/><G89/><T107/><D69/><U33/><E33/><V40/><F125/><N who="0" m="48202" /><D130/><U122/><E122/><V63/><F114/><W135/><G71/><T19/><D41/><N who="1" m="22703" /><E112/><V31/><F31/><W70/><G70/><T75/><D75/><U16/><E11/><V57/><F8/><W129/><G38/><T76/><D76/><U24/><E67/><V78/><F59/><W60/><G60/><T12/><D12/><U86/><E86/><V106/><F106/><N who="0" m="40458" /><D51/><U81/><E117/><V50/><F72/><W18/><G129/><T52/><AGARI ba="2,0" hai="19,23,25,52,53,54,132,134" m="40458,48202" machi="52" ten="40,8000,1" yaku="18,1,52,3,54,1" doraHai="49" who="0" fromWho="0" sc="201,86,302,-42,220,-22,277,-22" /><INIT seed="2,0,0,0,2,36" ten="287,260,198,255" oya="2" hai0="110,6,0,64,34,117,130,111,67,77,98,75,92" hai1="89,9,125,65,122,100,63,43,102,3,61,2,15" hai2="127,59,12,8,78,41,55,103,54,45,68,113,72" hai3="66,93,112,10,48,85,39,123,133,118,90,135,18"/><V74/><F113/><W96/><G39/><T42/><D34/><U69/><E122/><V107/><F127/><W70/><G118/><T109/><D130/><U19/><E125/><V56/><F68/><W131/><G123/><T22/><D117/><U37/><E63/><V119/><F119/><W40/><G131/><T83/><D22/><U58/><E58/><V121/><F121/><W20/><G10/><N who="0" m="2375" /><D42/><U21/><E89/><AGARI ba="0,0" hai="64,67,75,77,83,89,92,98,109,110,111" m="2375" machi="89" ten="30,1000,0" yaku="14,1" doraHai="36" who="0" fromWho="1" sc="287,10,260,-10,198,0,255,0" /><INIT seed="3,0,0,4,0,63" ten="297,250,198,255" oya="3" hai0="3,20,51,126,1,9,8,23,78,88,44,120,80" hai1="79,85,73,93,4,133,82,36,67,123,32,77,135" hai2="95,106,56,28,39,124,70,134,112,64,87,19,129" hai3="72,113,104,60,14,27,17,89,0,30,62,35,128"/><W21/><G113/><T127/><D120/><U76/><E32/><V58/><F112/><W45/><G128/><T37/><D37/><U52/><E36/><V29/><F106/><W2/><G72/><T54/><D1/><U34/><E34/><V46/><F129/><W15/><G104/><T114/><D114/><U102/><E4/><V12/><F124/><N who="0" m="47658" /><D88/><N who="1" m="53391" /><E67/><V86/><F134/><N who="1" m="51209" /><E52/><V99/><F46/><W22/><G89/><T101/><D101/><U40/><E40/><V110/><F39/><W33/><G45/><T125/><D125/><U108/><E108/><V71/><F110/><W66/><G60/><T69/><D69/><U55/><E55/><V131/><F71/><W81/><G81/><T25/><D3/><N who="3" m="1065" /><G62/><T91/><D91/><U107/><E123/><V122/><F122/><W92/><G66/><T121/><D121/><U53/><E53/><V94/><F70/><W49/><G49/><T98/><D51/><U111/><E111/><V16/><F131/><W105/><G105/><T100/><D54/><U75/><E75/><V18/><F64/><W83/><G92/><N who="2" m="35369" /><F12/><N who="3" m="4651" /><G83/><T90/><D44/><U119/><E119/><V11/><F99/><AGARI ba="0,0" hai="73,76,77,79,82,99,102,107" m="51209,53391" machi="99" ten="30,8000,1" yaku="24,1,20,1,34,2,54,1" doraHai="63" who="1" fromWho="2" sc="297,0,250,80,198,-80,255,0" /><INIT seed="4,0,0,3,1,118" ten="297,330,118,255" oya="0" hai0="65,55,19,127,39,28,119,86,25,29,32,68,110" hai1="37,52,8,40,44,109,70,9,30,83,46,130,99" hai2="91,47,13,111,5,49,88,20,58,114,135,126,89" hai3="115,106,90,48,81,64,45,42,26,54,116,76,66"/><T105/><D119/><U123/><E70/><V4/><F111/><W51/><G106/><T77/><D39/><U11/><E109/><V122/><F114/><W31/><G115/><T100/><D110/><U59/><E130/><V129/><F129/><W84/><G116/><T36/><D36/><U112/><E112/><V74/><F74/><W17/><G76/><T107/><D29/><U120/><E30/><V6/><F135/><W12/><G26/><T3/><D3/><U93/><E83/><V57/><F122/><W43/><G31/><T73/><D86/><U103/><REACH who="1" step="1"/><E46/><REACH who="1" ten="297,320,118,255" step="2"/><V69/><F69/><W67/><G51/><AGARI ba="0,1" hai="8,9,11,37,40,44,51,52,59,93,99,103,120,123" machi="51" ten="40,8000,1" yaku="1,1,2,1,52,2,54,1,53,0" doraHai="118" doraHaiUra="10" who="1" fromWho="3" sc="297,0,320,90,118,0,255,-80" /><INIT seed="5,0,0,1,0,7" ten="297,410,118,175" oya="1" hai0="107,11,20,5,38,6,52,121,13,68,71,21,78" hai1="108,28,127,3,131,77,23,40,31,27,64,17,84" hai2="130,74,4,114,86,97,45,66,111,8,57,56,35" hai3="39,61,24,133,22,129,73,58,105,109,120,44,60"/><U81/><E108/><V112/><F74/><W92/><G105/><T102/><D38/><U100/><E131/><V89/><F111/><W1/><G1/><T95/><D107/><U47/><E127/><V113/><F130/><W30/><G120/><T16/><D121/><U54/><E3/><V118/><F118/><W25/><G73/><T122/><D122/><U119/><E119/><V65/><F35/><W2/><G2/><T75/><D75/><U12/><E100/><V62/><F97/><W132/><G109/><T104/><D104/><U85/><E64/><V117/><F117/><W63/><G129/><T50/><D78/><U72/><E54/><N who="2" m="34103" /><F56/><W128/><G128/><T10/><D71/><U88/><E27/><V134/><F45/><W19/><G92/><T0/><D68/><U98/><E98/><V29/><F29/><W101/><G101/><T59/><D6/><U14/><E14/><N who="2" m="5383" /><F134/><N who="3" m="51819" /><G44/><T51/><D51/><N who="1" m="27111" /><E72/><V76/><F76/><W91/><G39/><T26/><D26/><U94/><AGARI ba="0,0" hai="12,17,23,28,31,77,81,84,85,88,94" m="27111" machi="94" ten="30,3000,0" yaku="8,1,54,1" doraHai="7" who="1" fromWho="1" sc="297,-10,410,30,118,-10,175,-10" /><INIT seed="5,1,0,5,4,73" ten="287,440,108,165" oya="1" hai0="7,91,64,4,57,10,44,26,36,11,87,97,105" hai1="81,49,82,0,30,51,131,35,94,43,123,122,50" hai2="28,45,100,108,127,80,77,17,69,71,117,41,121" hai3="25,53,107,29,115,48,21,96,5,76,114,79,98"/><U67/><E131/><V24/><F108/><W18/><G5/><T132/><D132/><U37/><E0/><V84/><F117/><W104/><G29/><T42/><D26/><U20/><E35/><V88/><F127/><W99/><G104/><T47/><D47/><U103/><E67/><V120/><F100/><W133/><G107/><T2/><D105/><U31/><E37/><V118/><F118/><W16/><G18/><T102/><D102/><U85/><E43/><V15/><F71/><W78/><REACH who="3" step="1"/><G133/><REACH who="3" ten="287,440,108,155" step="2"/><T55/><D7/><U126/><E31/><V130/><F130/><W34/><G34/><T1/><D4/><U124/><E30/><V46/><F121/><W22/><G22/><T106/><D106/><U32/><E32/><V6/><F120/><W86/><G86/><T101/><D87/><U90/><E123/><V60/><F6/><W75/><G75/><T135/><D135/><U93/><E122/><V72/><F28/><W14/><G14/><T66/><D1/><U109/><E20/><V56/><F24/><W12/><G12/><T58/><D2/><U92/><E109/><V129/><F129/><W59/><AGARI ba="1,1" hai="16,21,25,48,53,59,76,78,79,96,98,99,114,115" machi="59" ten="40,12000,2" yaku="1,1,0,1,52,3,54,1,53,1" doraHai="73" doraHaiUra="54" who="3" fromWho="3" sc="287,-31,440,-61,108,-31,155,133" /><INIT seed="6,0,0,2,1,126" ten="256,379,77,288" oya="2" hai0="130,97,34,76,129,28,6,101,20,55,12,85,92" hai1="61,29,113,14,59,4,102,127,124,117,57,67,62" hai2="65,128,43,112,54,75,93,109,32,36,78,66,33" hai3="19,74,79,69,98,13,60,25,135,71,122,77,3"/><V107/><F107/><W134/><G3/><T11/><D34/><U50/><E113/><V58/><F112/><W73/><G122/><T72/><D72/><U83/><E117/><V90/><F109/><W68/><G25/><T18/><D28/><U35/><E102/><V2/><F2/><W125/><G60/><T95/><D55/><U0/><E0/><V47/><F128/><N who="0" m="49258" /><D76/><N who="3" m="29257" /><G98/><T132/><D132/><N who="3" m="50729" /><G125/><N who="1" m="48202" /><E83/><V115/><F115/><W23/><AGARI ba="0,0" hai="13,19,23,68,69,71,73,74" m="50729,29257" machi="23" ten="40,1500,0" yaku="20,1" doraHai="126" who="3" fromWho="3" sc="256,-4,379,-4,77,-7,288,15" /><INIT seed="7,0,0,4,4,86" ten="252,375,70,303" oya="3" hai0="4,68,63,116,10,108,59,131,3,87,133,112,128" hai1="7,48,124,125,130,94,8,82,75,99,5,49,62" hai2="72,24,53,28,98,117,15,31,54,33,106,74,103" hai3="92,46,2,0,61,52,65,44,81,23,25,114,84"/><W20/><G114/><T18/><D68/><U14/><E130/><V118/><F15/><W32/><G32/><T102/><D102/><N who="1" m="60791" /><E7/><V85/><F85/><W100/><G0/><T29/><D108/><U36/><E36/><V126/><F126/><N who="1" m="48745" /><E62/><V120/><F54/><W58/><G2/><T77/><D116/><U109/><E109/><V76/><F53/><W132/><G132/><T67/><D133/><U95/><E95/><V40/><F120/><W90/><G65/><T43/><D43/><U70/><E70/><V96/><F40/><W41/><G23/><T119/><D119/><U55/><E55/><V35/><F98/><N who="3" m="59463" /><G41/><T104/><D104/><U88/><E88/><V80/><REACH who="2" step="1"/><F74/><REACH who="2" ten="252,375,60,303" step="2"/><W73/><G73/><T50/><D87/><U97/><E97/><V30/><F30/><AGARI ba="0,1" hai="20,25,30,44,46,52,58,61,81,84,90" m="59463" machi="30" ten="30,5800,0" yaku="8,1,52,1,54,1" doraHai="86" who="3" fromWho="2" sc="252,0,375,0,60,-58,303,68" /><INIT seed="7,1,0,3,2,122" ten="252,375,2,371" oya="3" hai0="103,83,12,120,56,124,96,37,109,95,62,98,42" hai1="69,84,81,50,46,88,112,32,71,40,43,99,74" hai2="70,104,63,133,9,86,118,16,55,19,100,45,1" hai3="130,35,60,79,44,68,123,78,18,0,23,54,7"/><W58/><G123/><T36/><D120/><U128/><E32/><V125/><F70/><W94/><G35/><T114/><D124/><U119/><E74/><V102/><F104/><W13/><G130/><T41/><D114/><U14/><E128/><V116/><F125/><W10/><G68/><T3/><D3/><U66/><E112/><V65/><F133/><W2/><G2/><T57/><D83/><U85/><E43/><V106/><F106/><W64/><G94/><T47/><D12/><U105/><E66/><V132/><F132/><W28/><G28/><T61/><D95/><U129/><E129/><V31/><F31/><W20/><G20/><T87/><D87/><U91/><E119/><N who="2" m="45611" /><F86/><W11/><G11/><T126/><D126/><U113/><E113/><V107/><F107/><W22/><G22/><T93/><D93/><U97/><E14/><N who="2" m="7247" /><F1/><W111/><G111/><T135/><D135/><U53/><E40/><V27/><F27/><N who="3" m="14839" /><G0/><T24/><D24/><U30/><E30/><V25/><F25/><W21/><G21/><T39/><D39/><U127/><E127/><V108/><F108/><W8/><G8/><T72/><D47/><U4/><E4/><V51/><F19/><W90/><G90/><T49/><D49/><AGARI ba="1,0" hai="7,10,13,44,49,54,58,60,64,78,79" m="14839" machi="49" ten="30,1500,0" yaku="8,1" doraHai="122" who="3" fromWho="0" sc="252,-18,375,0,2,0,371,18" owari="234,-17.0,375,18.0,2,-50.0,389,49.0" /></mjloggm>