<mjloggm ver="2.3"><GO type="169" lobby="0"/><UN n0="%E5%B0%B1%E6%B4%BB%E7%94%9F%40%E5%B7%9D%E6%9D%91%E8%BB%8D%E5%9B%A3" n1="%4A%6F%75%72%6E%65%79" n2="%E5%B9%B3%E4%BA%95%E9%8A%80%E4%BA%8C" n3="%E8%99%8E%E7%9A%AE%E7%8C%AB" dan="17,16,17,16" rate="2208.06,2095.18,2168.61,2105.60" sx="M,M,M,F"/><TAIKYOKU oya="0"/><INIT seed="0,0,0,0,5,15" ten="250,250,250,250" oya="0" hai0="67,130,6,116,1,113,40,30,90,103,61,66,80" hai1="97,112,21,77,92,96,68,12,44,133,135,11,25" hai2="87,123,109,9,8,36,10,31,60,35,78,41,81" hai3="46,14,49,59,131,101,52,58,98,34,33,86,117"/><T45/><D116/><U104/><E68/><V70/><F123/><W132/><G117/><T72/><D113/><U28/><E112/><V57/><F70/><W75/><G75/><T43/><D130/><U69/><E69/><V13/><F109/><W3/><G3/><T37/><D43/><U120/><E120/><V94/><F31/><W2/><G2/><T107/><D30/><U124/><E124/><V83/><F35/><W65/><G131/><T0/><D90/><U24/><E77/><V63/><F63/><W76/><G132/><N who="1" m="50762" /><E104/><V134/><F134/><W55/><G65/><T51/><D51/><U32/><E44/><V7/><F94/><W26/><G46/><T106/><D61/><U110/><E92/><V108/><F108/><W99/><G99/><N who="1" m="37962" /><E110/><V38/><F38/><W125/><G76/><N who="0" m="44039" /><D1/><U20/><E25/><V53/><F36/><W88/><G26/><T111/><D111/><U105/><E105/><BYE who="2" /><V128/><F128/><W129/><BYE who="0" /><G129/><UN n0="%E5%B0%B1%E6%B4%BB%E7%94%9F%40%E5%B7%9D%E6%9D%91%E8%BB%8D%E5%9B%A3" /><T119/><D119/><U122/><E122/><V102/><F102/><W64/><G101/><T79/><D79/><U18/><AGARI ba="0,0" hai="11,12,18,20,21,24,28,32" m="37962,50762" machi="18" ten="30,2000,0" yaku="20,1,52,1" doraHai="15" who="1" fromWho="1" sc="250,-10,250,20,250,-5,250,-5" /><UN n2="%E5%B9%B3%E4%BA%95%E9%8A%80%E4%BA%8C" /><INIT seed="1,0,0,4,1,53" ten="240,270,245,245" oya="1" hai0="55,1,77,97,115,127,6,109,130,7,85,57,42" hai1="100,40,68,14,67,102,103,81,61,120,134,10,13" hai2="99,58,31,62,17,66,44,98,38,27,121,79,116" hai3="24,122,30,131,76,108,11,111,80,26,23,52,91"/><U89/><E120/><V82/><F121/><W75/><G131/><T69/><D69/><U128/><E128/><V74/><F116/><W25/><G122/><T3/><D115/><U110/><E134/><V43/><REACH who="2" step="1"/><F17/><REACH who="2" ten="240,270,235,245" step="2"/><W48/><G108/><T92/><D109/><U70/><E110/><V126/><F126/><W28/><G111/><T49/><D127/><U51/><E70/><V132/><F132/><W34/><G11/><T33/><D130/><U56/><E10/><V8/><F8/><W118/><G118/><T16/><D16/><U94/><E81/><V36/><F36/><W87/><G34/><AGARI ba="0,1" hai="27,31,34,38,43,44,58,62,66,74,79,82,98,99" machi="34" ten="30,3900,0" yaku="1,1,7,1,52,1,53,0" doraHai="53" doraHaiUra="129" who="2" fromWho="3" sc="240,0,270,0,235,49,245,-39" /><INIT seed="2,0,0,2,4,64" ten="240,270,284,206" oya="2" hai0="60,126,97,55,56,78,128,38,118,4,41,102,61" hai1="89,47,12,72,100,34,58,59,6,71,131,66,109" hai2="107,123,70,52,50,69,28,42,74,43,124,23,73" hai3="29,96,81,44,10,92,93,88,39,132,99,57,111"/><V49/><F107/><W86/><G111/><T85/><D118/><U104/><E72/><V98/><F98/><W11/><G132/><T134/><D134/><U68/><E109/><V125/><F23/><W103/><G29/><T90/><D126/><N who="2" m="48746" /><F28/><W127/><G127/><T40/><D128/><U110/><E110/><V1/><F1/><W95/><G57/><T133/><D78/><U30/><E131/><V51/><F123/><W120/><G120/><T62/><D4/><U53/><E104/><V45/><F73/><W113/><G113/><T87/><D87/><U26/><E100/><V119/><F74/><W3/><G3/><T25/><D25/><U9/><E89/><V79/><F79/><W24/><G24/><T14/><D14/><U65/><E65/><V54/><F119/><W67/><G96/><T27/><D27/><U21/><E34/><V116/><F116/><W37/><G99/><T13/><D13/><U112/><E112/><V8/><F8/><W7/><G10/><T5/><D5/><U18/><E18/><V82/><F82/><W106/><G11/><T36/><D97/><U32/><E32/><V84/><F84/><W46/><G7/><T75/><D102/><U129/><E129/><V117/><F117/><W83/><G103/><T2/><D75/><U76/><E76/><V20/><F20/><W135/><G106/><T105/><D105/><U63/><REACH who="1" step="1"/><E47/><REACH who="1" ten="240,260,284,206" step="2"/><N who="3" m="17962" /><G135/><T91/><D133/><U31/><E31/><V19/><F19/><W115/><G115/><T101/><D101/><U130/><E130/><V122/><F45/><W15/><G37/><RYUUKYOKU ba="0,1" sc="240,-10,260,30,284,-10,206,-10" hai1="6,9,12,21,26,30,53,58,59,63,66,68,71" /><INIT seed="3,1,1,3,3,24" ten="230,290,274,196" oya="3" hai0="10,112,45,11,79,80,84,66,60,78,48,19,113" hai1="65,17,49,33,1,39,123,103,54,0,53,12,102" hai2="100,88,126,118,131,36,99,61,62,91,81,73,85" hai3="111,83,105,8,13,87,3,69,76,25,106,127,90"/><W26/><G3/><T108/><D108/><U38/><E33/><V47/><F118/><W67/><G111/><T29/><D29/><U43/><E65/><V55/><F73/><W35/><G127/><T32/><D32/><U18/><E12/><V71/><F126/><W129/><G129/><T86/><D86/><U115/><E49/><V93/><F131/><W63/><G76/><T101/><D101/><U128/><E128/><V82/><F71/><W72/><G72/><T41/><D79/><U98/><E43/><V7/><F7/><W40/><G40/><T50/><D50/><U15/><E15/><V74/><F36/><W116/><G116/><T2/><D19/><U133/><E98/><V14/><F74/><W44/><G44/><T114/><REACH who="0" step="1"/><D2/><REACH who="0" ten="220,290,274,196" step="2"/><U6/><E103/><N who="2" m="60911" /><F85/><W28/><REACH who="3" step="1"/><G26/><REACH who="3" ten="220,290,274,186" step="2"/><T110/><D110/><U20/><E0/><V64/><F47/><W21/><G21/><T68/><AGARI ba="1,3" hai="10,11,41,45,48,60,66,68,78,80,84,112,113,114" machi="68" ten="30,4000,0" yaku="1,1,0,1,11,1,53,0" doraHai="24" doraHaiUra="16" who="0" fromWho="0" sc="220,73,290,-11,274,-11,186,-21" /><INIT seed="4,0,0,0,1,88" ten="293,279,263,165" oya="0" hai0="108,43,68,49,129,78,6,21,82,125,35,14,79" hai1="1,20,95,42,104,40,38,111,45,15,113,98,47" hai2="132,44,2,30,85,17,70,73,31,0,16,130,22" hai3="51,99,109,37,28,34,92,67,110,74,27,3,64"/><T54/><D35/><U7/><E111/><V124/><F73/><W120/><G37/><T32/><D32/><U75/><E75/><V101/><F70/><W126/><G74/><T94/><D68/><U26/><E104/><V115/><F115/><W135/><G3/><T48/><D108/><U18/><E113/><V133/><F101/><W69/><G126/><T121/><D121/><U106/><E106/><V59/><F44/><W117/><G117/><T84/><D129/><U107/><E107/><V80/><F59/><W65/><G135/><N who="2" m="51785" /><F85/><W36/><G36/><T24/><D125/><U52/><E1/><N who="2" m="619" /><F80/><W23/><G120/><T50/><D43/><U60/><E45/><V41/><F41/><W53/><G34/><T118/><D118/><U71/><E42/><V112/><F112/><W9/><G9/><N who="0" m="4407" /><D78/><U12/><E7/><V122/><F124/><W76/><G76/><T33/><D33/><U114/><E114/><V61/><F122/><W77/><G77/><T5/><D5/><U57/><REACH who="1" step="1"/><E71/><REACH who="1" ten="293,269,263,165" step="2"/><V81/><F130/><W25/><G69/><T93/><D54/><U29/><E29/><AGARI ba="0,1" hai="21,24,29,48,49,50,79,82,84,93,94" m="4407" machi="29" ten="30,5800,0" yaku="8,1,52,2" doraHai="88" who="0" fromWho="1" sc="293,68,269,-58,263,0,165,0" /><INIT seed="4,1,0,4,5,135" ten="361,211,263,165" oya="0" hai0="96,66,71,65,37,99,108,18,81,29,36,106,39" hai1="113,4,32,1,130,70,41,67,125,28,112,44,3" hai2="48,87,124,78,47,55,11,120,103,114,52,10,77" hai3="21,45,58,16,53,42,128,5,2,92,72,22,75"/><T6/><D108/><U94/><E130/><V90/><F120/><W88/><G128/><T30/><D6/><U115/><E4/><V86/><F114/><W126/><G126/><T25/><D81/><U68/><E94/><V93/><F103/><W9/><G22/><T17/><D71/><N who="1" m="27179" /><E67/><N who="0" m="25609" /><D25/><N who="1" m="18447" /><E125/><V127/><F93/><W51/><G45/><T109/><D106/><U61/><E61/><V64/><F64/><W76/><G42/><T13/><D13/><U12/><E12/><V26/><F47/><W98/><REACH who="3" step="1"/><G76/><REACH who="3" ten="361,211,263,155" step="2"/><T121/><D109/><U20/><E20/><V14/><F124/><W101/><G101/><T116/><D116/><U69/><E69/><V82/><F127/><W84/><G84/><T118/><D118/><U43/><E43/><V63/><F86/><W74/><G74/><T56/><D121/><U133/><E133/><V132/><F87/><W54/><G54/><T15/><D39/><AGARI ba="1,1" hai="1,3,39,41,44,112,113,115" m="18447,27179" machi="39" ten="40,5200,0" yaku="15,1,11,1,23,1" doraHai="135" who="1" fromWho="0" sc="361,-55,211,65,263,0,155,0" /><INIT seed="5,0,0,4,4,60" ten="306,276,263,155" oya="1" hai0="119,19,131,49,30,26,37,86,51,96,29,14,101" hai1="25,11,117,82,35,39,71,38,91,73,100,41,127" hai2="61,104,10,132,17,128,56,74,120,62,123,2,134" hai3="52,46,80,103,23,88,109,34,15,68,55,114,18"/><U93/><E117/><V63/><F104/><W102/><G109/><T67/><D119/><U89/><E100/><V75/><F2/><W31/><G114/><T70/><D37/><U45/><E127/><V4/><F4/><W0/><G0/><T54/><D131/><U57/><E71/><V16/><F62/><W32/><G68/><T126/><D126/><U3/><E39/><V5/><F5/><W76/><G34/><T81/><D70/><U85/><E57/><V122/><F122/><W79/><G31/><T95/><D67/><U43/><E43/><V47/><F56/><W129/><G32/><T65/><D65/><U83/><E83/><V99/><F99/><W125/><G129/><T27/><D30/><U124/><E124/><V50/><F128/><W59/><G46/><N who="0" m="27959" /><D51/><U113/><E113/><V21/><F50/><N who="3" m="31127" /><G55/><T115/><D29/><N who="1" m="19887" /><E73/><V36/><F36/><W6/><G6/><T66/><D66/><U116/><E116/><V112/><F112/><W107/><G107/><T135/><D135/><U84/><E3/><V78/><F47/><W42/><G42/><T28/><D28/><U105/><E105/><V121/><F121/><W97/><G125/><T7/><D7/><U72/><E72/><V12/><F120/><W24/><G24/><T98/><D115/><U20/><E38/><V13/><F123/><W64/><G64/><T106/><D106/><U8/><E45/><V48/><F74/><N who="3" m="43031" /><G79/><N who="0" m="46399" /><D96/><U87/><E41/><V1/><F1/><W9/><G97/><T22/><AGARI ba="0,0" hai="14,19,22,26,27,95,98,101" m="46399,27959" machi="22" ten="30,1100,0" yaku="8,1" doraHai="60" who="0" fromWho="0" sc="306,11,276,-5,263,-3,155,-3" /><INIT seed="6,0,0,4,2,134" ten="317,271,260,152" oya="2" hai0="122,89,8,93,53,35,111,48,1,45,71,54,75" hai1="27,57,128,9,43,12,39,5,80,0,14,66,60" hai2="22,32,94,40,84,68,85,101,26,73,110,77,76" hai3="87,100,62,46,90,116,92,99,81,104,133,64,34"/><V7/><F32/><W41/><G116/><T2/><D111/><U59/><E128/><V107/><F107/><W127/><G133/><T88/><D35/><U25/><E25/><V96/><F68/><W109/><G109/><T97/><D75/><U47/><E27/><V126/><F110/><W11/><G34/><T18/><D71/><U6/><E6/><V118/><F118/><W83/><G11/><T24/><D122/><U21/><E21/><V33/><F33/><W114/><G114/><T115/><D115/><U124/><E124/><V38/><F126/><W123/><G123/><T4/><D1/><U131/><E131/><V105/><F7/><W129/><G129/><T130/><D130/><U120/><E120/><V95/><F40/><W125/><G81/><T78/><D78/><N who="2" m="30314" /><F38/><W19/><G19/><T10/><D8/><U72/><E59/><V31/><F73/><W108/><G108/><T56/><D24/><U61/><E61/><V44/><F44/><W63/><G104/><T3/><D18/><U36/><E36/><V91/><F105/><W119/><G119/><T112/><D112/><U102/><E102/><V42/><F42/><W69/><REACH who="3" step="1"/><G63/><REACH who="3" ten="317,271,260,142" step="2"/><T70/><D10/><U17/><E17/><V28/><F28/><W29/><G29/><T55/><D4/><U58/><E80/><V121/><F121/><W51/><AGARI ba="0,1" hai="41,46,51,62,64,69,83,87,90,92,99,100,125,127" machi="51" ten="30,12000,2" yaku="1,1,0,1,52,2,53,2" doraHai="134" doraHaiUra="135" who="3" fromWho="3" sc="317,-30,271,-30,260,-60,142,130" /><INIT seed="7,0,0,0,1,72" ten="287,241,200,272" oya="3" hai0="53,77,115,41,91,43,1,129,45,32,126,88,23" hai1="36,96,35,81,61,95,42,73,48,40,65,4,113" hai2="135,102,94,122,66,14,55,5,38,59,13,33,6" hai3="44,37,124,49,25,30,92,111,90,87,82,128,58"/><W104/><G104/><T108/><D32/><U20/><E35/><V121/><F33/><W21/><G128/><T114/><D108/><U110/><E110/><V109/><F109/><W16/><G111/><T69/><D1/><U79/><E36/><V106/><F106/><W46/><G124/><T63/><D77/><U52/><E113/><N who="0" m="43017" /><D129/><U27/><E4/><V29/><F29/><W116/><G116/><T99/><D99/><U75/><E75/><V118/><F118/><W84/><G37/><N who="0" m="21679" /><D43/><U2/><E2/><V76/><F38/><W50/><G30/><T117/><D117/><U34/><E34/><V51/><F135/><W70/><G70/><T8/><D8/><U134/><E134/><V103/><F66/><W89/><G49/><T97/><D97/><U47/><E65/><V15/><F76/><W101/><G101/><N who="2" m="38409" /><F94/><W71/><G71/><T68/><D126/><U56/><E95/><V133/><F133/><W130/><G130/><T125/><D125/><U10/><E96/><V85/><F85/><W28/><G28/><T119/><D119/><U107/><E107/><V18/><F18/><W127/><G127/><T100/><D100/><U22/><E22/><V132/><F132/><W11/><G11/><T57/><D23/><U105/><E105/><V62/><F51/><W67/><G50/><N who="0" m="30903" /><D68/><U26/><E10/><V98/><F98/><W17/><G17/><T7/><D7/><U93/><E93/><V60/><F60/><AGARI ba="0,0" hai="16,21,25,44,46,58,60,67,82,84,87,89,90,92" machi="60" ten="40,3900,0" yaku="8,1,54,1" doraHai="72" who="3" fromWho="2" sc="287,0,241,0,200,-39,272,39" owari="287,9.0,241,-16.0,161,-34.0,311,41.0" /></mjloggm>