<mjloggm ver="2.3"><GO type="169" lobby="0"/><UN n0="%68%6F%73%69%67%61%6D%69" n1="%E3%83%8B%E3%83%A3%E3%83%83%E3%83%94%E3%83%BC%E5%A4%8F%E7%9B%AE" n2="%41%79%6F%75%46" n3="%E5%B0%B1%E6%B4%BB%E7%94%9F%40%E5%B7%9D%E6%9D%91%E8%BB%8D%E5%9B%A3" dan="16,16,18,17" rate="2142.02,2173.54,2181.32,2196.87" sx="M,M,M,M"/><TAIKYOKU oya="0"/><INIT seed="0,0,0,3,3,102" ten="250,250,250,250" oya="0" hai0="100,56,118,21,17,41,72,12,83,57,69,40,114" hai1="50,28,25,3,58,81,86,52,116,76,54,84,121" hai2="119,129,8,19,109,122,48,130,34,23,10,112,13" hai3="32,115,90,42,60,111,59,46,135,97,45,123,22"/><T47/><D114/><U35/><E116/><V120/><F48/><W27/><G115/><T127/><D118/><U5/><E121/><N who="2" m="46699" /><F112/><W133/><G123/><T6/><D69/><U38/><E38/><V77/><F77/><W104/><G111/><T7/><D127/><U24/><E24/><V117/><F34/><W71/><G32/><T67/><D41/><U30/><E30/><V9/><F109/><W11/><G11/><T88/><D100/><U65/><E65/><V51/><F51/><W124/><G71/><T14/><D72/><U78/><E54/><V91/><F91/><W55/><G124/><T18/><D57/><U105/><E105/><V49/><F49/><W44/><G90/><T0/><D0/><U74/><E76/><V62/><F62/><W33/><G33/><T37/><D56/><U26/><E26/><V1/><F1/><W106/><G97/><T98/><D67/><U82/><E82/><V92/><F92/><W108/><G42/><T94/><REACH who="0" step="1"/><D83/><REACH who="0" ten="240,250,250,250" step="2"/><U68/><E68/><V36/><F36/><W80/><G80/><T75/><D75/><U126/><E126/><V99/><F117/><W29/><REACH who="3" step="1"/><G108/><REACH who="3" ten="240,250,250,240" step="2"/><T4/><D4/><U85/><E5/><V43/><F119/><W93/><G93/><T134/><D134/><AGARI ba="0,2" hai="22,27,29,44,45,46,55,59,60,104,106,133,134,135" machi="134" ten="40,8000,1" yaku="1,1,20,1,52,2,53,0" doraHai="102" doraHaiUra="61" who="3" fromWho="0" sc="240,-80,250,0,250,0,240,100" /><INIT seed="1,0,0,2,5,130" ten="160,250,250,340" oya="1" hai0="94,115,70,124,26,7,120,67,108,131,58,57,60" hai1="116,31,63,77,18,92,15,81,75,17,85,125,14" hai2="123,8,66,39,65,11,104,88,102,76,68,134,132" hai3="84,24,37,47,100,69,73,44,113,91,48,38,45"/><U106/><E116/><V61/><F123/><W99/><G73/><T87/><D115/><U114/><E114/><V86/><F76/><W49/><G113/><T122/><D131/><U118/><E118/><V23/><F39/><W133/><G69/><T54/><D108/><U29/><E106/><V96/><F66/><W129/><G129/><T33/><D7/><U3/><E3/><V5/><F23/><W109/><G109/><T43/><D43/><U46/><E125/><V90/><F11/><W28/><G133/><N who="2" m="51305" /><F86/><W9/><G9/><T16/><D87/><U13/><E46/><V30/><F30/><W71/><G71/><T95/><D124/><U78/><E75/><V21/><F21/><W83/><G38/><T64/><D70/><U50/><E78/><V82/><F82/><W32/><G37/><T107/><D33/><U62/><E92/><V2/><AGARI ba="0,0" hai="2,5,8,61,65,68,88,90,96,102,104" m="51305" machi="2" ten="30,8000,1" yaku="20,1,52,3,54,1" doraHai="130" who="2" fromWho="2" sc="160,-20,250,-40,250,80,340,-20" /><INIT seed="2,0,0,0,4,98" ten="140,210,330,320" oya="2" hai0="12,87,70,99,34,124,8,64,83,67,49,89,128" hai1="101,58,77,54,6,76,15,88,84,56,9,33,92" hai2="18,26,123,96,4,27,117,10,95,103,17,115,134" hai3="130,122,7,23,47,44,78,111,50,66,86,2,106"/><V121/><F115/><W105/><G122/><T132/><D34/><U55/><E33/><V42/><F117/><W65/><G111/><T5/><D132/><U69/><E69/><V1/><F42/><W30/><G130/><T79/><D128/><U97/><E58/><V114/><F114/><W48/><G2/><T11/><D124/><U118/><E118/><V71/><F71/><W82/><G7/><T113/><D113/><U41/><E41/><V107/><F134/><W120/><G120/><T28/><D28/><U0/><E0/><V75/><F75/><W38/><G38/><T131/><D131/><U80/><E55/><V22/><F107/><W43/><G105/><T112/><D112/><U60/><AGARI ba="0,0" hai="6,9,15,54,56,60,76,77,80,84,88,92,97,101" machi="60" ten="20,8000,1" yaku="0,1,7,1,8,1,52,1,54,1" doraHai="98" who="1" fromWho="1" sc="140,-20,210,80,330,-40,320,-20" /><INIT seed="3,0,0,5,4,91" ten="120,290,290,300" oya="3" hai0="116,109,108,128,21,48,69,89,68,15,26,101,61" hai1="35,112,23,125,99,8,52,17,41,33,82,10,90" hai2="0,135,4,62,98,76,79,78,13,106,111,105,65" hai3="53,54,129,84,14,32,120,66,25,115,110,71,86"/><W123/><G115/><T34/><D116/><U49/><E112/><V121/><F0/><W92/><G32/><T83/><D128/><U103/><E125/><V57/><F111/><W27/><G129/><T97/><D34/><U131/><E131/><V133/><F121/><W58/><G71/><T124/><D124/><U19/><E41/><V122/><F122/><W67/><G14/><T132/><D132/><N who="2" m="50762" /><F98/><W24/><G58/><T93/><D15/><U5/><E35/><V80/><F80/><W74/><G27/><T20/><D20/><U51/><E51/><V81/><F81/><W47/><G47/><T2/><D2/><U16/><E23/><V38/><F38/><W28/><G110/><N who="0" m="42603" /><D48/><U64/><E64/><V73/><F73/><W119/><G119/><T88/><D83/><U56/><E33/><V44/><F44/><W104/><G104/><T29/><D61/><U22/><E22/><V127/><F127/><W37/><G37/><T12/><D12/><U126/><E126/><V130/><F130/><W60/><G60/><T95/><D89/><U59/><E59/><V87/><F13/><W45/><G45/><T113/><D113/><U11/><E5/><V30/><F4/><W85/><G74/><T40/><D40/><U42/><E42/><V77/><F30/><W55/><G28/><T63/><D63/><U50/><E50/><V7/><F7/><W39/><G39/><T46/><D46/><U9/><N who="1" m="2048" /><DORA hai="94" /><U96/><E103/><V134/><F134/><W70/><G25/><T100/><D100/><U117/><E117/><V31/><F31/><RYUUKYOKU ba="0,0" sc="120,10,290,10,290,10,300,-30" hai0="21,26,29,68,69,88,93,95,97,101" hai1="16,17,19,49,52,56,82,90,96,99" hai2="57,62,65,76,77,78,79,87,105,106" /><INIT seed="4,1,0,5,5,40" ten="130,300,300,270" oya="0" hai0="21,19,70,61,130,31,26,71,83,110,123,7,23" hai1="45,58,111,12,3,69,88,30,76,114,99,22,18" hai2="43,2,32,86,100,63,77,16,127,42,41,79,97" hai3="65,27,82,64,9,29,67,112,107,35,135,102,56"/><T98/><D123/><U25/><E69/><V117/><F2/><W115/><G135/><T113/><D113/><N who="3" m="43593" /><G9/><T106/><D130/><U87/><E111/><V131/><F32/><W47/><G82/><T52/><D110/><U38/><E3/><V78/><F131/><W39/><G102/><T20/><D7/><U133/><E114/><V0/><F0/><W80/><G80/><T108/><D108/><U36/><E133/><V60/><F127/><W73/><G73/><T51/><D83/><U74/><E74/><V1/><F1/><W75/><G75/><T124/><D124/><U53/><E76/><V57/><F86/><W44/><G107/><T33/><D19/><U50/><E99/><V89/><F89/><W128/><G128/><T68/><D98/><U55/><E55/><V34/><F34/><W93/><G93/><T134/><D106/><U101/><E101/><V94/><F117/><W46/><G56/><T109/><D109/><U15/><E15/><V132/><F132/><W59/><G59/><T14/><D14/><U8/><E58/><V24/><F57/><W10/><G10/><T5/><D5/><U72/><E72/><V37/><F37/><AGARI ba="1,0" hai="27,29,35,37,39,44,46,47,64,65,67" m="43593" machi="37" ten="40,8000,1" yaku="15,1,52,3" doraHai="40" who="3" fromWho="2" sc="130,0,300,0,300,-83,270,83" /><INIT seed="5,0,0,4,4,42" ten="130,300,217,353" oya="1" hai0="61,69,38,27,91,103,124,87,17,76,71,19,110" hai1="41,72,45,57,65,88,14,82,128,56,90,30,25" hai2="131,85,4,40,98,116,44,54,135,23,134,100,92" hai3="129,20,9,114,11,32,10,46,47,107,50,126,108"/><U127/><E128/><V66/><F116/><W70/><G108/><T5/><D110/><U105/><E105/><V33/><F33/><W133/><G32/><T34/><D124/><U102/><E102/><V123/><F123/><W35/><G35/><T67/><D5/><U118/><E118/><V2/><F66/><W63/><G107/><T113/><D113/><U84/><E127/><V52/><F131/><W125/><G129/><T109/><D109/><U68/><E72/><V62/><F23/><W43/><G133/><N who="2" m="50697" /><F62/><W59/><G70/><T0/><D0/><U89/><E68/><V86/><F86/><W7/><G7/><T78/><D71/><U53/><E65/><V37/><F85/><W121/><G121/><T21/><D34/><U111/><E111/><V36/><F36/><W6/><G20/><T8/><D38/><U122/><E122/><V22/><F22/><W104/><G104/><T16/><D103/><U79/><E25/><V117/><F117/><W115/><G6/><T28/><REACH who="0" step="1"/><D8/><AGARI ba="0,0" hai="2,4,8,37,40,44,52,54,92,98,100" m="50697" machi="8" ten="30,3900,0" yaku="20,1,52,1,54,1" doraHai="42" who="2" fromWho="0" sc="130,-39,300,0,217,39,353,0" /><INIT seed="6,0,0,5,4,42" ten="91,300,256,353" oya="2" hai0="34,69,66,37,106,117,32,49,59,57,47,11,72" hai1="96,24,97,30,65,23,127,80,62,73,128,115,28" hai2="18,14,8,13,119,64,55,92,48,50,125,120,130" hai3="94,52,110,51,122,26,67,123,85,129,63,107,84"/><V46/><F120/><W56/><G107/><T36/><D106/><U112/><E128/><V105/><F105/><W20/><G110/><T4/><D72/><U12/><E127/><V1/><F1/><W135/><G135/><T25/><D117/><U19/><E80/><V82/><F119/><W0/><G0/><T74/><D74/><U109/><E73/><V93/><F130/><W102/><G129/><T108/><D108/><U104/><E109/><V29/><F125/><W70/><G102/><T99/><D99/><U6/><E6/><V58/><F29/><W10/><G10/><T43/><D11/><U7/><E7/><V131/><F131/><W100/><G100/><T54/><D4/><U81/><E81/><V88/><F14/><W17/><REACH who="3" step="1"/><G94/><REACH who="3" ten="91,300,256,343" step="2"/><T76/><D34/><U40/><E104/><V79/><F79/><W118/><G118/><T39/><D76/><U86/><E115/><V45/><F82/><W132/><G132/><T60/><D32/><U75/><E112/><V95/><F64/><W68/><G68/><T111/><D111/><U5/><E75/><V90/><F58/><N who="0" m="22026" /><D25/><U83/><E65/><V38/><F38/><W31/><G31/><T78/><D78/><U89/><E30/><V53/><AGARI ba="0,1" hai="8,13,18,45,46,48,50,53,55,88,90,92,93,95" machi="53" ten="30,18000,2" yaku="0,1,9,1,8,1,52,2,54,1" doraHai="42" who="2" fromWho="2" sc="91,-60,300,-60,256,190,343,-60" /><INIT seed="6,1,0,2,4,123" ten="31,240,446,283" oya="2" hai0="112,11,4,69,84,76,32,29,54,52,109,83,65" hai1="46,40,13,51,131,38,1,15,7,79,105,82,10" hai2="21,0,107,78,111,33,49,14,26,75,60,127,28" hai3="58,122,100,68,96,17,130,53,128,5,22,93,24"/><V23/><F107/><W94/><G122/><T108/><D112/><U101/><E131/><N who="3" m="50218" /><G68/><T36/><D36/><U64/><E64/><V63/><F0/><W88/><G5/><T133/><D133/><U110/><E110/><V86/><F75/><W31/><G31/><T57/><D65/><U56/><E101/><V92/><F111/><W91/><G94/><T41/><D69/><U34/><E34/><V99/><F127/><W124/><G124/><T113/><D113/><U72/><E105/><V95/><F33/><W87/><G87/><T125/><D125/><U119/><E119/><V27/><F14/><W47/><G47/><T114/><D41/><U6/><E6/><V118/><F118/><W81/><G81/><T50/><D114/><U73/><E73/><V43/><F43/><W39/><G39/><T44/><D29/><U16/><E16/><N who="2" m="12583" /><F49/><AGARI ba="1,0" hai="17,22,24,49,53,58,88,91,93,96,100" m="50218" machi="49" ten="30,2000,0" yaku="19,1,54,1" doraHai="123" who="3" fromWho="2" sc="31,0,240,0,446,-23,283,23" /><INIT seed="7,0,0,4,1,90" ten="31,240,423,306" oya="3" hai0="92,118,129,76,55,111,45,17,116,6,122,52,68" hai1="34,61,130,48,107,32,25,42,84,117,105,101,109" hai2="51,96,11,67,62,59,29,3,38,91,10,53,77" hai3="79,72,108,35,12,103,0,83,5,75,135,15,23"/><W81/><G35/><T39/><D111/><U114/><E109/><V41/><F77/><W106/><G108/><T44/><D122/><U127/><E114/><V33/><F3/><W97/><G135/><T36/><D6/><U89/><E130/><V110/><F110/><W128/><G128/><T60/><D129/><U16/><E127/><V65/><F65/><W126/><G126/><T131/><D131/><U74/><E74/><V14/><F29/><W133/><G133/><T19/><D76/><U2/><E2/><V1/><F33/><W113/><G113/><T28/><D28/><U71/><E117/><V80/><F1/><W47/><G75/><T7/><D7/><U13/><E71/><V104/><F104/><W57/><G83/><T40/><D68/><U64/><E107/><V37/><F41/><W93/><G106/><T27/><D40/><U73/><E73/><V50/><F50/><W58/><G47/><T66/><D66/><U94/><E34/><V20/><F38/><W123/><G123/><T100/><D60/><U85/><E32/><V56/><F37/><W22/><G0/><T70/><D70/><U95/><E105/><V121/><F121/><W112/><G112/><T30/><D30/><U99/><E25/><V87/><F96/><W132/><G132/><T9/><D27/><U102/><E61/><V46/><F46/><W43/><G43/><T24/><D24/><U49/><E64/><V4/><F4/><W124/><G124/><T69/><D69/><U18/><E42/><V134/><F134/><W82/><G72/><T115/><D115/><RYUUKYOKU ba="0,0" sc="31,-10,240,-10,423,30,306,-10" hai2="10,11,14,20,51,53,56,59,62,67,80,87,91" owari="21,-48.0,230,-17.0,453,55.0,296,10.0" /></mjloggm>