<mjloggm ver="2.3"><GO type="169" lobby="0"/><UN n0="%E3%81%84%E3%81%AC%E3%81%98%E3%82%83%E3%82%89%EF%BC%94" n1="%61%31%33%31%38%34%38" n2="%E3%82%A6%E3%83%AB%E3%83%88%E3%83%A9%E7%AB%8B%E7%9B%B4" n3="%67%72%61%64%6C%69%6E%65" dan="19,16,18,16" rate="2264.75,2082.66,2230.16,2139.23" sx="M,M,M,M"/><TAIKYOKU oya="0"/><INIT seed="0,0,0,1,4,42" ten="250,250,250,250" oya="0" hai0="49,94,9,34,65,113,104,100,43,35,64,75,102" hai1="90,61,120,31,2,8,134,135,15,53,73,126,36" hai2="47,45,54,12,77,72,28,133,108,3,33,109,96" hai3="17,32,67,84,37,115,29,98,30,24,103,121,68"/><T46/><D113/><U14/><E120/><V80/><F3/><W48/><G115/><T44/><D75/><U26/><E126/><V10/><F54/><W1/><G30/><T132/><D104/><U7/><E73/><V58/><F58/><W82/><G37/><T123/><D123/><U110/><E110/><N who="2" m="42603" /><F133/><N who="1" m="50697" /><E36/><V56/><F56/><W25/><G1/><T66/><D132/><U87/><E53/><V88/><F28/><W52/><G24/><T55/><D9/><U40/><E40/><V95/><F33/><W86/><G17/><AGARI ba="0,0" hai="10,12,17,45,47,72,77,80,88,95,96" m="42603" machi="17" ten="30,7700,0" yaku="14,1,52,2,54,1" doraHai="42" who="2" fromWho="3" sc="250,0,250,0,250,77,250,-77" /><INIT seed="1,0,0,3,3,61" ten="250,250,327,173" oya="1" hai0="54,21,99,59,98,122,64,47,38,41,26,57,32" hai1="17,102,75,130,126,105,97,121,49,25,85,5,1" hai2="132,89,70,30,87,94,62,83,88,90,106,125,27" hai3="68,76,116,124,86,43,81,19,35,33,67,63,4"/><U11/><E121/><V79/><F106/><W131/><G131/><T135/><D122/><U117/><E117/><V3/><F3/><W133/><G116/><T37/><D37/><U95/><E130/><V55/><F125/><W36/><G133/><T72/><D72/><U84/><E126/><V28/><F132/><W56/><G124/><T60/><D32/><U111/><E111/><V123/><F123/><W109/><G109/><T7/><D7/><U42/><E75/><V29/><F27/><W80/><G4/><T22/><D135/><U40/><E49/><V82/><F82/><W110/><G110/><T115/><D115/><U44/><E44/><V0/><F0/><W16/><G68/><T92/><D92/><U118/><E118/><V112/><F112/><W45/><G81/><T24/><D24/><U77/><E77/><V18/><F18/><W46/><G35/><T2/><D2/><U108/><E108/><V113/><F113/><W120/><G33/><T129/><D129/><U58/><E105/><V53/><F94/><W114/><G114/><T91/><D91/><U93/><E93/><V66/><AGARI ba="0,0" hai="28,29,30,53,55,62,66,70,79,83,87,88,89,90" machi="66" ten="40,5200,0" yaku="0,1,52,1,54,1" doraHai="61" who="2" fromWho="2" sc="250,-13,250,-26,327,52,173,-13" /><INIT seed="2,0,0,1,4,20" ten="237,224,379,160" oya="2" hai0="57,110,25,43,99,81,33,113,61,10,80,114,131" hai1="31,37,29,51,79,117,88,59,74,135,24,130,126" hai2="128,124,36,35,86,16,111,119,1,123,50,76,133" hai3="58,96,60,5,91,107,68,70,106,109,121,38,17"/><V49/><RYUUKYOKU type="yao9" ba="0,0" sc="237,0,224,0,379,0,160,0" hai2="1,16,35,36,49,50,76,86,111,119,123,124,128,133" /><INIT seed="2,1,0,3,0,46" ten="237,224,379,160" oya="2" hai0="71,63,21,24,44,23,106,99,13,35,73,110,12" hai1="65,36,6,4,51,10,7,29,93,52,49,119,92" hai2="18,58,126,103,113,74,31,90,55,100,78,60,121" hai3="84,2,81,94,33,67,26,27,127,40,20,15,19"/><V5/><F121/><W34/><G2/><T97/><D73/><U28/><E119/><V79/><F113/><W130/><G127/><T59/><D110/><U47/><E36/><V80/><F79/><W64/><G130/><T54/><D35/><U42/><E65/><V66/><F126/><W101/><G34/><T56/><D71/><U124/><E10/><V77/><F77/><W105/><G105/><T86/><D44/><N who="1" m="25751" /><E124/><V39/><F31/><AGARI ba="1,0" hai="4,6,7,28,29,31,47,51,52,92,93" m="25751" machi="31" ten="30,7700,0" yaku="8,1,52,2,54,1" doraHai="46" who="1" fromWho="2" sc="237,0,224,80,379,-80,160,0" /><INIT seed="3,0,0,4,2,93" ten="237,304,299,160" oya="3" hai0="27,21,73,72,37,35,96,116,11,80,47,110,12" hai1="127,105,14,104,69,98,3,108,76,122,94,42,36" hai2="67,106,81,54,66,52,22,16,131,79,102,90,8" hai3="15,70,99,58,75,71,20,65,111,113,86,92,55"/><W112/><G75/><T107/><D35/><U64/><E122/><V62/><F131/><W78/><G65/><T51/><D37/><U56/><E3/><V10/><F90/><W1/><G1/><T43/><D116/><U31/><E69/><V46/><F106/><W5/><G113/><T95/><D107/><U103/><E76/><V7/><F102/><W129/><G112/><T74/><D110/><U115/><E115/><V118/><F118/><W63/><G129/><T120/><D120/><U29/><E108/><V109/><F109/><W114/><G111/><T49/><D49/><U33/><E127/><V97/><F97/><W57/><G57/><T100/><D80/><U130/><E130/><V18/><F7/><W60/><G60/><T82/><D82/><U117/><E117/><V17/><F22/><W101/><G114/><T44/><D44/><U88/><E33/><V4/><F46/><W41/><G41/><T53/><D43/><U38/><E105/><V59/><F54/><W30/><G5/><T83/><D83/><U68/><E42/><V48/><F62/><W50/><G63/><T34/><D34/><U132/><E104/><V9/><REACH who="2" step="1"/><F4/><REACH who="2" ten="237,304,289,160" step="2"/><W26/><REACH who="3" step="1"/><G15/><REACH who="3" ten="237,304,289,150" step="2"/><T125/><D12/><U13/><E14/><V24/><F24/><W134/><G134/><T124/><REACH who="0" step="1"/><D11/><REACH who="0" ten="227,304,289,150" step="2"/><U39/><E13/><V84/><AGARI ba="0,3" hai="8,9,10,16,17,18,48,52,59,66,67,79,81,84" machi="84" ten="30,8000,1" yaku="1,1,0,1,8,1,54,2,53,0" doraHai="93" doraHaiUra="19" who="2" fromWho="2" sc="227,-20,304,-20,289,110,150,-40" /><INIT seed="4,0,0,3,5,85" ten="207,284,399,110" oya="0" hai0="118,99,8,88,56,123,121,12,45,112,29,26,84" hai1="93,90,58,124,96,86,92,128,34,131,48,95,42" hai2="53,101,113,109,35,6,64,20,10,19,122,16,55" hai3="70,111,71,31,39,129,80,100,126,135,43,11,94"/><T97/><D118/><U98/><E124/><V37/><F35/><W114/><G126/><T134/><D112/><U7/><E34/><V63/><F37/><W61/><G114/><T3/><D3/><U14/><E7/><V127/><F109/><W105/><G105/><T21/><D134/><U49/><E14/><V41/><F19/><W73/><G135/><T38/><D56/><U67/><E131/><V130/><F41/><W28/><G129/><T104/><D38/><U46/><E128/><V23/><F23/><W103/><G111/><T68/><D68/><U52/><E67/><V91/><F101/><W24/><G11/><T32/><D45/><U2/><E2/><V60/><F60/><W74/><G61/><T75/><D75/><U57/><E58/><V54/><F113/><W89/><G43/><T81/><D32/><U132/><E132/><V76/><F76/><W18/><G39/><T22/><D22/><U79/><E79/><V30/><F30/><W120/><G120/><T107/><D107/><U115/><E115/><V78/><F78/><W44/><G44/><T5/><REACH who="0" step="1"/><D104/><REACH who="0" ten="197,284,399,110" step="2"/><U66/><REACH who="1" step="1"/><E66/><REACH who="1" ten="197,274,399,110" step="2"/><V51/><F64/><W116/><G71/><T117/><D117/><U17/><E17/><V4/><F16/><W15/><G70/><T25/><D25/><U133/><E133/><V108/><F130/><W106/><G116/><T50/><D50/><U9/><E9/><V0/><F51/><W110/><G24/><T1/><D1/><U119/><E119/><V27/><F10/><W77/><G18/><T102/><D102/><N who="3" m="38953" /><G74/><T72/><D72/><RYUUKYOKU ba="0,2" sc="197,15,274,15,399,-15,110,-15" hai0="5,8,12,21,26,29,81,84,88,97,99,121,123" hai1="42,46,48,49,52,57,86,90,92,93,95,96,98" /><INIT seed="4,1,2,2,5,96" ten="212,289,384,95" oya="0" hai0="80,113,107,131,61,44,37,86,75,127,110,132,26" hai1="77,130,116,11,70,15,18,117,108,87,111,84,135" hai2="38,78,13,92,104,30,76,72,53,79,14,56,9" hai3="93,49,62,34,4,16,126,47,28,6,66,58,33"/><T57/><D75/><U119/><E130/><V134/><F104/><W83/><G126/><T41/><D127/><U65/><E135/><V68/><F68/><W120/><G120/><T121/><D121/><U43/><E43/><V102/><F38/><W122/><G122/><T48/><D131/><U2/><E2/><V46/><F46/><W42/><G83/><T12/><D132/><U27/><E27/><V52/><F30/><W128/><G128/><T106/><D113/><U103/><E103/><V109/><F109/><W63/><G63/><T69/><D110/><U3/><E3/><V112/><F112/><W129/><G129/><T54/><D26/><U118/><E119/><V51/><F134/><W124/><G124/><T10/><D37/><U40/><E40/><V71/><F71/><W85/><G16/><T22/><D22/><U64/><E70/><V74/><F53/><W45/><G45/><T24/><D24/><U125/><E125/><V89/><F14/><W20/><G20/><T133/><D69/><U115/><E115/><V97/><REACH who="2" step="1"/><F89/><REACH who="2" ten="212,289,374,95" step="2"/><N who="3" m="53423" /><G28/><T8/><D133/><U59/><E108/><V100/><F100/><W105/><G105/><T95/><D107/><U60/><E111/><V73/><F73/><W0/><G0/><T114/><D106/><U5/><E117/><V19/><AGARI ba="1,3" hai="9,13,19,51,52,56,72,74,76,78,79,92,97,102" machi="19" ten="30,7900,0" yaku="1,1,0,1,52,1,54,1,53,0" doraHai="96" doraHaiUra="101" who="2" fromWho="2" sc="212,-40,289,-21,374,112,95,-21" /><INIT seed="5,0,0,0,4,52" ten="172,268,486,74" oya="1" hai0="61,123,92,37,42,70,83,53,2,14,107,31,94" hai1="34,73,12,77,40,39,114,122,116,63,128,95,24" hai2="41,120,72,88,104,49,101,131,102,99,54,66,69" hai3="51,15,19,84,108,22,105,9,118,55,64,7,89"/><U124/><E116/><V62/><F72/><W86/><G118/><T38/><D107/><U112/><E122/><V90/><F120/><W59/><G105/><T65/><D2/><U132/><E124/><V91/><F102/><W6/><G108/><T135/><D123/><U16/><E128/><V60/><F131/><W8/><G64/><T10/><D135/><U46/><E132/><V100/><F100/><W36/><G36/><T44/><D38/><U18/><E95/><V134/><F134/><W11/><REACH who="3" step="1"/><G86/><REACH who="3" ten="172,268,486,64" step="2"/><T33/><D65/><U23/><E39/><V113/><F66/><W96/><G96/><T106/><D37/><U126/><E114/><V115/><F69/><W74/><G74/><T133/><D70/><U28/><E73/><V57/><F41/><W110/><G110/><T129/><D42/><U35/><E112/><AGARI ba="0,1" hai="49,54,57,60,62,88,90,91,99,101,104,112,113,115" machi="112" ten="40,8000,1" yaku="15,1,11,1,52,1,54,1" doraHai="52" who="2" fromWho="1" sc="172,0,268,-80,486,90,64,0" /><INIT seed="6,0,0,2,4,112" ten="172,188,576,64" oya="2" hai0="132,60,70,135,33,40,48,87,100,102,34,74,75" hai1="35,86,122,39,103,53,49,107,84,128,89,2,69" hai2="96,36,117,9,64,59,3,76,119,131,110,104,14" hai3="62,120,81,46,31,5,77,92,52,124,98,56,24"/><V121/><F36/><W126/><G120/><T0/><D0/><U20/><E35/><N who="0" m="13321" /><D87/><U28/><E39/><V63/><F121/><W38/><G5/><T65/><D48/><U125/><E2/><V78/><F3/><W8/><G8/><T58/><D58/><U129/><E122/><V43/><F43/><W55/><G24/><T113/><D40/><U15/><E69/><V23/><F23/><W130/><G31/><T134/><D113/><U116/><E107/><V68/><F68/><W106/><G106/><T108/><D108/><U82/><E103/><AGARI ba="0,0" hai="60,65,70,74,75,100,102,103,132,134,135" m="13321" machi="103" ten="40,1300,0" yaku="20,1" doraHai="112" who="0" fromWho="1" sc="172,13,188,-13,576,0,64,0" /><INIT seed="7,0,0,3,5,130" ten="185,175,576,64" oya="3" hai0="98,93,87,60,122,52,37,74,86,117,63,14,8" hai1="10,15,66,35,1,91,54,135,21,100,29,47,23" hai2="13,56,24,123,76,101,133,67,18,22,78,11,82" hai3="115,27,65,129,43,40,105,3,99,107,73,53,88"/><W71/><G3/><T77/><D117/><U96/><E135/><V131/><F133/><W68/><G73/><T64/><D122/><U31/><E1/><V50/><F131/><W119/><G129/><T62/><D37/><U69/><E69/><V92/><F82/><W113/><G119/><T32/><D32/><U124/><E66/><V114/><F114/><N who="3" m="43531" /><G53/><T46/><D74/><U19/><E124/><V57/><F123/><W16/><G68/><T75/><D75/><U34/><E35/><V0/><F0/><W39/><G65/><T94/><D64/><U80/><E34/><V26/><F57/><W12/><G27/><T61/><D77/><U89/><E31/><N who="2" m="17815" /><F26/><W102/><G71/><T17/><D94/><N who="1" m="58391" /><E29/><V7/><F7/><W6/><G6/><T25/><D25/><U108/><E80/><V116/><F116/><W125/><G125/><T28/><D28/><U59/><E47/><V111/><F67/><W97/><G39/><T104/><D104/><N who="3" m="40009" /><G102/><N who="0" m="60751" /><D46/><U95/><E108/><V110/><F111/><W33/><G33/><T58/><AGARI ba="0,0" hai="8,14,17,52,58,60,61,62,63,86,87" m="60751" machi="58" ten="30,2000,0" yaku="8,1,54,1" doraHai="130" who="0" fromWho="0" sc="185,20,175,-5,576,-5,64,-10" owari="205,1.0,170,-23.0,571,67.0,54,-45.0" /></mjloggm>