<mjloggm ver="2.3"><GO type="169" lobby="0"/><UN n0="%66%75%6A%69%32%32%39" n1="%E5%B0%B1%E6%B4%BB%E7%94%9F%40%E5%B7%9D%E6%9D%91%E8%BB%8D%E5%9B%A3" n2="%E4%BD%95%E3%81%A7%EF%BC%9F" n3="%E3%82%82%E3%81%A3%E3%81%A1%E3%82%87" dan="16,17,16,16" rate="2118.21,2202.40,2107.00,2043.28" sx="M,M,M,M"/><TAIKYOKU oya="0"/><INIT seed="0,0,0,0,5,127" ten="250,250,250,250" oya="0" hai0="104,129,108,135,91,14,44,97,48,46,103,106,40" hai1="25,6,134,24,47,33,79,66,117,67,113,75,10" hai2="2,72,92,11,1,120,15,52,71,102,82,21,5" hai3="128,35,70,86,88,114,112,68,18,122,61,62,98"/><T16/><D135/><U130/><E117/><V54/><F71/><W22/><G35/><T110/><D129/><U65/><E134/><V131/><F120/><W13/><G122/><T63/><D63/><U37/><E113/><V95/><F2/><W126/><G126/><T121/><D121/><U29/><E24/><V107/><F131/><W64/><G98/><T116/><D116/><U132/><E132/><V99/><F1/><W41/><G41/><T109/><D91/><U28/><E28/><V76/><F21/><W42/><G42/><T78/><D78/><U51/><E130/><V4/><F4/><W77/><G77/><T12/><D12/><U39/><E79/><V74/><F74/><W60/><G128/><T36/><D106/><U50/><E75/><V3/><F3/><W96/><G96/><T58/><D58/><U34/><E34/><V87/><REACH who="2" step="1"/><F92/><REACH who="2" ten="250,250,240,250" step="2"/><W23/><G23/><N who="0" m="11671" /><D46/><U49/><E47/><V125/><F125/><W45/><G70/><T55/><D36/><U94/><E94/><V38/><F38/><W118/><G45/><T90/><D90/><AGARI ba="0,1" hai="5,11,15,52,54,72,76,82,87,90,95,99,102,107" machi="90" ten="40,8000,1" yaku="1,1,24,2,54,1,53,0" doraHai="127" doraHaiUra="123" who="2" fromWho="0" sc="250,-80,250,0,240,90,250,0" /><INIT seed="1,0,0,4,3,96" ten="170,250,330,250" oya="1" hai0="45,78,34,73,30,119,14,111,131,40,47,17,113" hai1="64,25,74,65,46,54,60,85,3,87,80,95,32" hai2="77,135,97,24,125,83,71,0,28,43,49,63,91" hai3="33,102,101,36,31,123,26,93,94,118,109,86,11"/><U115/><E115/><V51/><F0/><W82/><G123/><T6/><D113/><U13/><E3/><V122/><F122/><W1/><G36/><T72/><D119/><U59/><E74/><V129/><F43/><W107/><G109/><T55/><D111/><U100/><E32/><V61/><F71/><W18/><G118/><T58/><D6/><U104/><E104/><V79/><F91/><W132/><G132/><T67/><D67/><U66/><E25/><V75/><F135/><W29/><G29/><T90/><D78/><U44/><E13/><V126/><F28/><W27/><G107/><T19/><D19/><U50/><E80/><V130/><F24/><W5/><G94/><T124/><D124/><U16/><E16/><V81/><F97/><W70/><G70/><T134/><D131/><U88/><E100/><V133/><REACH who="2" step="1"/><F133/><REACH who="2" ten="170,250,320,250" step="2"/><W2/><G2/><T120/><D120/><U89/><REACH who="1" step="1"/><E50/><REACH who="1" ten="170,240,320,250" step="2"/><V4/><F4/><W15/><G1/><T10/><D134/><U128/><E128/><V23/><F23/><W21/><REACH who="3" step="1"/><G93/><REACH who="3" ten="170,240,320,240" step="2"/><T35/><D35/><U103/><E103/><V20/><F20/><W127/><G127/><T69/><D34/><U112/><E112/><V84/><F84/><W37/><G37/><T116/><D30/><U105/><E105/><V38/><F38/><W53/><G53/><T56/><D55/><U12/><E12/><V68/><F68/><W48/><G48/><T99/><D69/><U106/><E106/><V9/><F9/><W41/><G41/><T76/><D10/><U108/><E108/><V39/><F39/><RYUUKYOKU ba="0,3" sc="170,-30,240,10,320,10,240,10" hai1="44,46,54,59,60,64,65,66,85,87,88,89,95" hai2="49,51,61,63,75,77,79,81,83,125,126,129,130" hai3="5,11,15,18,21,26,27,31,33,82,86,101,102" /><INIT seed="1,1,3,1,1,46" ten="140,250,330,250" oya="1" hai0="1,124,83,70,92,88,99,56,133,63,54,84,11" hai1="106,125,98,74,132,68,90,129,26,86,60,24,135" hai2="107,34,67,6,122,105,79,13,18,97,77,131,115" hai3="40,44,36,85,127,128,93,75,59,28,100,21,52"/><U94/><E74/><V5/><F34/><W111/><G75/><T66/><D124/><U73/><E73/><V55/><F122/><W23/><G111/><T43/><D133/><N who="1" m="51275" /><E129/><V45/><F67/><W120/><G120/><T113/><D113/><U126/><E68/><V69/><F69/><W0/><G0/><T102/><D43/><U19/><E60/><V71/><F71/><W57/><G127/><N who="1" m="48650" /><E19/><V15/><F131/><W14/><G128/><T104/><D1/><U114/><E114/><V32/><F115/><W62/><G28/><T31/><D31/><U130/><E130/><V110/><F110/><W30/><G30/><T47/><D11/><U123/><E123/><V134/><F134/><W81/><G59/><T4/><D4/><U20/><E20/><V118/><F32/><W89/><REACH who="3" step="1"/><G14/><REACH who="3" ten="140,250,330,240" step="2"/><T12/><D12/><U53/><E53/><V9/><F55/><W2/><G2/><T91/><D47/><U25/><E106/><V95/><F107/><W8/><G8/><T116/><D116/><U41/><E41/><V22/><F105/><W49/><G49/><T103/><D104/><U78/><E78/><V35/><F79/><W65/><G65/><T58/><D70/><U80/><E26/><V72/><F77/><W17/><G17/><T16/><D16/><U27/><E25/><V51/><F18/><W38/><G38/><T10/><D10/><U29/><E29/><V64/><F9/><W82/><G82/><T119/><D119/><U109/><E109/><V48/><F118/><W50/><G50/><AGARI ba="1,4" hai="50,54,56,58,63,66,83,84,88,91,92,99,102,103" machi="50" ten="30,7700,0" yaku="7,1,8,1,52,1,54,1" doraHai="46" who="0" fromWho="3" sc="140,120,250,0,330,0,240,-80" /><INIT seed="2,0,0,1,4,124" ten="260,250,330,160" oya="2" hai0="53,6,80,59,32,64,45,121,93,21,33,132,130" hai1="11,76,7,36,71,126,96,52,16,19,113,4,95" hai2="123,119,110,63,56,117,83,26,101,86,51,112,131" hai3="116,48,65,70,10,129,31,43,99,62,46,125,88"/><V118/><F123/><W29/><G116/><T27/><D121/><U104/><E126/><V20/><F112/><W128/><G125/><T84/><D132/><U81/><E113/><V133/><F133/><W100/><G10/><T82/><D64/><U79/><E104/><V114/><F114/><W106/><REACH who="3" step="1"/><G88/><REACH who="3" ten="260,250,330,150" step="2"/><N who="0" m="53383" /><D33/><U94/><E11/><V77/><F117/><W111/><G111/><T37/><D32/><U66/><E81/><V72/><F110/><W109/><G109/><T44/><D82/><U25/><E96/><V49/><F118/><W61/><G61/><T23/><D80/><U120/><E120/><V98/><F119/><W115/><G115/><T8/><D8/><U30/><E79/><V28/><F72/><W18/><G18/><T102/><D102/><U107/><E76/><V17/><F17/><W90/><G90/><T39/><D6/><U40/><E7/><V58/><F63/><W5/><G5/><T78/><D78/><U134/><E4/><V75/><F75/><W42/><G42/><T2/><D2/><U22/><E19/><V105/><F77/><W89/><G89/><T97/><D97/><U15/><E16/><V103/><F83/><W135/><G135/><T54/><D27/><U60/><E25/><V24/><F86/><W85/><G85/><T127/><D127/><U35/><E60/><V69/><F98/><W47/><G47/><T122/><D45/><U73/><E73/><V9/><F9/><W108/><G108/><T41/><D122/><U92/><E134/><V68/><F26/><W67/><G67/><T1/><D44/><RYUUKYOKU ba="0,1" sc="260,-10,250,-10,330,-10,150,30" hai3="29,31,43,46,48,62,65,70,99,100,106,128,129" /><INIT seed="3,1,1,2,2,126" ten="250,240,320,180" oya="3" hai0="63,118,81,128,92,91,104,83,116,87,72,89,100" hai1="62,51,68,10,90,4,123,28,17,102,82,0,24" hai2="59,19,73,66,99,88,54,21,109,23,34,27,3" hai3="121,110,20,113,58,13,97,134,131,129,8,18,75"/><W41/><G113/><T7/><D7/><U45/><E123/><V125/><F73/><W46/><G121/><T114/><D63/><U2/><E2/><V26/><F3/><W43/><G75/><T33/><D33/><U55/><E102/><V32/><F66/><W117/><G117/><T71/><D71/><U56/><E68/><V135/><F125/><W98/><G134/><T130/><D114/><U127/><E127/><V6/><F6/><W74/><G74/><T95/><D104/><U67/><E17/><V42/><F42/><N who="3" m="15883" /><G46/><T76/><D100/><U37/><E37/><V84/><F135/><W103/><G58/><T60/><D60/><U48/><E48/><V112/><F112/><W35/><G35/><T14/><D14/><U39/><E39/><V53/><F99/><N who="3" m="37899" /><G110/><T61/><D61/><U124/><E124/><V107/><F109/><W93/><G8/><T120/><D120/><U57/><E57/><V111/><F107/><W12/><G12/><T29/><D29/><U64/><E82/><V5/><F5/><W22/><G22/><T101/><D101/><U79/><E79/><V15/><F111/><W70/><G70/><T47/><D47/><U108/><E90/><V105/><F105/><W49/><G49/><T9/><D9/><U31/><E108/><V115/><F115/><W77/><G77/><T40/><D40/><U96/><E96/><V65/><F34/><W86/><G103/><T38/><D38/><U122/><E122/><V78/><F32/><W44/><G44/><T69/><D69/><N who="1" m="42135" /><E24/><N who="2" m="9259" /><F78/><W25/><G25/><T50/><D76/><RYUUKYOKU ba="1,1" sc="250,-15,240,15,320,-15,180,15" hai1="0,4,10,28,31,45,51,55,56,67" hai3="13,18,20,86,93,129,131" /><INIT seed="3,2,1,1,2,119" ten="235,255,305,195" oya="3" hai0="57,86,50,127,84,9,93,65,115,21,2,60,110" hai1="26,108,32,56,128,83,66,85,134,123,62,112,133" hai2="131,8,15,111,7,69,95,90,51,43,13,126,46" hai3="63,28,70,91,68,77,76,78,64,52,48,41,92"/><W87/><G28/><T22/><D110/><U132/><E112/><V35/><F69/><W75/><G41/><T54/><D127/><U113/><E113/><V4/><F35/><W45/><REACH who="3" step="1"/><G70/><REACH who="3" ten="235,255,305,185" step="2"/><T0/><D115/><U73/><E108/><V33/><F111/><W53/><G53/><T103/><D0/><U11/><E128/><V12/><F131/><W81/><AGARI ba="2,2" hai="45,48,52,63,64,68,75,76,77,78,81,87,91,92" machi="81" ten="30,6000,0" yaku="1,1,0,1,54,1,53,0" doraHai="119" doraHaiUra="117" who="3" fromWho="3" sc="235,-22,255,-22,305,-22,185,86" /><INIT seed="3,3,0,3,4,106" ten="213,233,283,271" oya="3" hai0="1,9,0,132,105,73,75,66,23,107,47,74,29" hai1="21,119,65,20,129,63,120,116,34,61,60,89,118" hai2="53,49,39,81,24,48,113,135,102,4,40,101,5" hai3="121,111,123,37,19,10,55,31,57,112,91,6,103"/><W86/><G112/><T82/><D66/><U7/><E120/><V69/><F113/><W79/><G37/><T44/><D132/><U54/><E129/><V41/><F69/><W45/><G45/><N who="0" m="17483" /><D82/><U130/><E130/><V27/><F135/><W70/><G70/><T17/><D29/><U99/><E34/><V35/><F81/><W42/><G42/><T76/><D76/><U46/><E7/><V52/><REACH who="2" step="1"/><F35/><REACH who="2" ten="213,233,273,271" step="2"/><W87/><G123/><T92/><D92/><N who="1" m="56719" /><E65/><V93/><F93/><W72/><G121/><T68/><D68/><U84/><E84/><V67/><F67/><W85/><G87/><T51/><D107/><U62/><N who="1" m="15872" /><DORA hai="32" /><U3/><E3/><V104/><F104/><W97/><G86/><T126/><D105/><U38/><E38/><AGARI ba="3,1" hai="4,5,24,27,38,39,40,41,48,49,52,53,101,102" machi="38" ten="25,12000,2" yaku="1,1,22,2,54,1,53,2" doraHai="106,32" doraHaiUra="125,22" who="2" fromWho="1" sc="213,0,233,-129,273,139,271,0" /><INIT seed="4,0,0,0,4,24" ten="213,104,412,271" oya="0" hai0="103,15,121,1,41,113,127,62,71,132,46,32,79" hai1="38,66,28,9,33,88,74,11,5,58,108,64,107" hai2="119,72,13,102,73,91,29,30,37,18,55,134,3" hai3="97,42,52,125,57,2,23,112,69,124,63,22,8"/><T4/><D121/><U53/><E108/><V31/><F37/><W0/><G112/><T36/><D113/><U115/><E115/><V67/><F3/><W45/><G69/><T39/><D127/><N who="3" m="48713" /><G97/><T48/><D1/><N who="3" m="617" /><G8/><T49/><D32/><U94/><E107/><V34/><F34/><W98/><G98/><T111/><D132/><U77/><E53/><V68/><F134/><W44/><G44/><T35/><D35/><U12/><E38/><AGARI ba="0,0" hai="22,23,38,42,45,52,57,63" m="617,48713" machi="38" ten="30,2000,0" yaku="18,1,54,1" doraHai="24" who="3" fromWho="1" sc="213,0,104,-20,412,0,271,20" /><INIT seed="5,0,0,3,0,48" ten="213,84,412,291" oya="1" hai0="99,23,49,113,87,68,53,61,52,110,83,93,129" hai1="56,20,132,109,62,84,11,134,73,27,89,26,112" hai2="58,37,3,81,111,64,114,100,59,85,51,92,126" hai3="28,70,79,42,86,10,31,108,103,74,118,133,0"/><U119/><E73/><V44/><F3/><W60/><G86/><T101/><D110/><U72/><E72/><V77/><F111/><W24/><G31/><T82/><D113/><U65/><E109/><V13/><F114/><W94/><G94/><T35/><D35/><U63/><E119/><V121/><F126/><W125/><G133/><T50/><D129/><U18/><E112/><V47/><F37/><W43/><G125/><T25/><D68/><U124/><E124/><V9/><F47/><W19/><G19/><N who="0" m="12543" /><D61/><U39/><E39/><V29/><F64/><W117/><G43/><T130/><D130/><U95/><E11/><V46/><F46/><W32/><G42/><T90/><D82/><U105/><E105/><V15/><F15/><W96/><G108/><T12/><D12/><U36/><E36/><V14/><F14/><W40/><G40/><T34/><D34/><U104/><E104/><V88/><F29/><W107/><G10/><T115/><D115/><U21/><REACH who="1" step="1"/><E62/><REACH who="1" ten="213,74,412,291" step="2"/><V135/><F9/><W41/><G118/><T71/><D71/><U55/><E55/><AGARI ba="0,1" hai="49,50,52,53,55,83,87,90,93,99,101" m="12543" machi="55" ten="30,8000,1" yaku="8,1,52,3,54,1" doraHai="48" who="0" fromWho="1" sc="213,90,74,-80,412,0,291,0" owari="303,10.0,-6,-51.0,412,52.0,291,-11.0" /></mjloggm>