<mjloggm ver="2.3"><GO type="169" lobby="0"/><UN n0="%E5%B0%B1%E6%B4%BB%E7%94%9F%40%E5%B7%9D%E6%9D%91%E8%BB%8D%E5%9B%A3" n1="%E5%AE%88%E6%9D%91%E6%A1%9C%E5%BC%A5" n2="%E4%BF%A1%E6%BF%83%E3%81%AE%E8%8D%92%E6%B3%95%E5%B8%AB" n3="%E3%82%AA%E3%82%A6%E3%83%99%E3%82%A4" dan="17,16,16,16" rate="2238.12,2133.08,2107.11,2093.59" sx="M,M,M,M"/><TAIKYOKU oya="0"/><INIT seed="0,0,0,4,1,60" ten="250,250,250,250" oya="0" hai0="33,55,69,122,98,23,15,67,74,118,59,91,21" hai1="7,14,18,113,102,110,70,53,0,87,80,85,42" hai2="17,44,32,111,34,71,114,125,37,123,89,116,13" hai3="76,43,52,130,101,107,5,112,16,2,128,103,46"/><T11/><D74/><U132/><E42/><V73/><RYUUKYOKU type="yao9" ba="0,0" sc="250,0,250,0,250,0,250,0" hai2="13,17,32,34,37,44,71,73,89,111,114,116,123,125" /><INIT seed="0,1,0,3,4,114" ten="250,250,250,250" oya="0" hai0="119,11,73,38,131,133,102,71,70,19,65,44,116" hai1="90,85,95,15,94,69,37,0,124,31,17,84,20" hai2="48,9,57,93,33,60,50,24,109,66,104,80,16" hai3="72,3,42,14,91,77,112,25,53,18,115,64,51"/><T58/><D73/><U54/><E124/><V78/><F104/><W130/><G3/><T26/><D102/><U30/><E69/><N who="0" m="26121" /><D26/><U36/><E0/><V120/><F120/><W103/><G64/><T5/><D19/><U39/><E54/><V29/><F109/><W108/><G108/><T68/><D131/><U35/><E35/><V86/><REACH who="2" step="1"/><F93/><REACH who="2" ten="250,250,240,250" step="2"/><W49/><G115/><T134/><D68/><U34/><E34/><V81/><F81/><W47/><G112/><T105/><D105/><U129/><E129/><V27/><F27/><W100/><G25/><T96/><D96/><U22/><E30/><V45/><F45/><W117/><G130/><T46/><D46/><U43/><E31/><V40/><F40/><W61/><G47/><T97/><D97/><U135/><E43/><V92/><F92/><W125/><G42/><N who="0" m="22615" /><D58/><U106/><E106/><V113/><F113/><W62/><G125/><T98/><D98/><U63/><E39/><V41/><F41/><W13/><G103/><T12/><D65/><U2/><E37/><V55/><F55/><W10/><G53/><T1/><D12/><AGARI ba="1,1" hai="9,12,16,24,29,33,48,50,57,60,66,78,80,86" machi="12" ten="40,2600,0" yaku="1,1,54,1,53,0" doraHai="114" doraHaiUra="99" who="2" fromWho="0" sc="250,-29,250,0,240,39,250,0" /><INIT seed="1,0,0,0,1,36" ten="221,250,279,250" oya="1" hai0="26,102,3,109,18,73,97,108,55,17,117,112,79" hai1="75,7,6,85,53,30,50,60,128,65,64,5,133" hai2="59,11,96,89,118,90,20,84,105,123,14,4,37" hai3="101,9,71,76,63,129,43,29,115,42,122,81,56"/><U121/><E121/><V66/><F118/><W57/><G115/><T35/><D3/><U111/><E75/><V92/><F123/><W114/><G114/><T113/><D73/><U86/><E128/><V77/><F37/><W52/><G71/><T15/><D79/><U125/><E125/><V95/><F105/><W74/><G129/><T61/><D61/><U28/><E133/><V33/><F33/><W116/><G122/><T12/><D55/><U41/><E111/><N who="0" m="42569" /><D97/><U39/><E39/><V82/><F20/><W16/><G116/><T78/><D78/><U67/><E60/><N who="2" m="38175" /><F92/><W47/><G47/><T106/><D102/><AGARI ba="0,0" hai="4,11,14,77,82,84,89,90,95,96,102" m="38175" machi="102" ten="30,1000,0" yaku="8,1" doraHai="36" who="2" fromWho="0" sc="221,-10,250,0,279,10,250,0" /><INIT seed="2,0,0,2,3,53" ten="211,250,289,250" oya="2" hai0="89,27,119,135,29,101,47,58,81,113,111,60,21" hai1="13,61,106,132,67,26,17,112,28,117,93,20,0" hai2="2,45,62,59,55,40,118,72,79,120,115,33,123" hai3="8,34,6,77,71,32,54,102,121,131,64,110,31"/><V3/><F33/><W35/><G121/><T48/><D113/><U49/><E117/><V133/><F118/><W126/><G110/><T124/><D119/><U114/><E106/><V46/><F115/><W69/><G64/><T83/><D111/><U80/><E0/><V65/><F133/><W73/><G31/><T91/><D135/><U103/><E132/><V134/><F134/><W107/><G54/><T56/><D101/><U9/><E80/><N who="0" m="30793" /><D60/><U97/><REACH who="1" step="1"/><E49/><REACH who="1" ten="211,240,289,250" step="2"/><V82/><F2/><N who="3" m="87" /><G126/><T12/><D124/><U30/><E30/><V116/><F116/><W19/><G131/><T109/><D109/><U41/><E41/><V68/><F3/><W78/><G78/><T98/><D12/><U22/><E22/><V127/><F127/><W75/><G77/><T94/><D91/><U96/><E96/><V51/><REACH who="2" step="1"/><F46/><REACH who="2" ten="211,240,279,250" step="2"/><W108/><G108/><T38/><D38/><AGARI ba="0,2" hai="38,40,45,51,55,59,62,65,68,72,79,82,120,123" machi="38" ten="30,18000,2" yaku="1,1,2,1,7,1,24,2,52,1,53,1" doraHai="53" doraHaiUra="42" who="2" fromWho="0" sc="211,-180,240,0,279,200,250,0" /><INIT seed="2,1,0,5,0,11" ten="31,240,479,250" oya="2" hai0="60,36,85,84,135,129,134,41,24,130,115,63,23" hai1="9,109,45,31,97,28,3,17,99,102,79,105,112" hai2="20,25,106,82,123,39,89,29,64,61,92,133,94" hai3="111,8,51,32,62,59,54,19,48,81,80,100,71"/><V42/><F106/><W0/><G32/><T57/><D36/><U44/><E112/><V113/><F123/><W14/><G111/><T76/><D41/><U1/><E79/><V87/><F113/><W83/><G0/><T16/><D115/><U46/><E109/><V38/><F133/><N who="0" m="50698" /><D63/><U69/><E69/><V127/><F127/><W75/><G75/><T122/><D122/><U73/><E73/><V12/><F42/><W15/><G71/><T116/><D116/><U98/><E1/><V124/><F124/><W132/><G100/><T108/><D108/><U56/><E56/><V33/><F39/><W120/><G120/><T96/><D96/><U66/><E66/><V55/><F55/><W22/><G132/><T107/><D107/><U10/><E105/><V21/><F33/><W35/><G35/><T65/><D76/><U2/><E102/><V125/><F38/><W50/><G62/><T114/><D114/><U95/><E95/><V7/><F125/><W72/><G72/><T128/><AGARI ba="1,0" hai="16,23,24,57,60,65,84,85,128,129,130" m="50698" machi="128" ten="40,5200,0" yaku="19,1,20,1,54,1" doraHai="11" who="0" fromWho="0" sc="31,55,240,-14,479,-27,250,-14" /><INIT seed="3,0,0,4,2,127" ten="86,226,452,236" oya="3" hai0="16,41,96,64,46,118,10,44,7,12,87,49,74" hai1="33,55,31,92,51,75,18,19,21,134,15,67,66" hai2="32,47,101,57,25,111,65,91,129,30,54,58,128" hai3="6,79,20,103,70,114,76,59,78,73,27,93,135"/><W112/><G70/><T113/><D74/><U0/><E134/><V110/><F101/><W90/><G6/><T133/><D118/><U105/><E105/><V50/><F91/><W84/><G135/><T83/><D133/><U122/><E75/><V37/><F58/><W125/><G125/><T99/><D113/><U56/><E122/><V11/><F11/><W63/><G73/><T3/><D64/><U88/><E0/><V102/><F102/><W53/><REACH who="3" step="1"/><G103/><REACH who="3" ten="86,226,452,226" step="2"/><T97/><D44/><U132/><E132/><V9/><F47/><W124/><G124/><T52/><D3/><U95/><E33/><V77/><F32/><W119/><G119/><T23/><D7/><U14/><E31/><AGARI ba="0,1" hai="20,27,31,53,59,63,76,78,79,84,90,93,112,114" machi="31" ten="40,2000,0" yaku="1,1,53,0" doraHai="127" doraHaiUra="62" who="3" fromWho="1" sc="86,0,226,-20,452,0,226,30" /><INIT seed="3,1,0,3,0,28" ten="86,206,452,256" oya="3" hai0="125,86,66,11,21,121,105,110,30,128,9,90,118" hai1="37,64,14,20,51,84,41,50,102,56,93,116,129" hai2="95,72,112,100,63,8,135,44,71,74,4,53,15" hai3="69,25,124,119,107,98,67,92,26,29,46,58,60"/><W17/><G119/><T132/><D105/><U96/><E116/><V47/><F112/><W7/><G7/><T117/><D110/><U83/><E129/><V87/><F74/><W57/><G124/><T10/><D121/><U134/><E134/><V123/><F72/><W76/><G76/><T114/><D114/><U27/><E37/><V19/><F71/><W2/><G2/><T81/><D132/><U34/><E14/><V0/><F135/><W39/><G25/><T113/><D128/><U80/><E34/><V16/><F19/><W106/><G17/><T43/><D113/><U33/><E33/><V115/><F123/><W45/><G107/><T130/><D130/><U75/><E75/><V61/><F115/><W109/><G109/><T23/><D125/><U48/><E84/><V79/><F100/><W111/><G111/><T24/><D43/><U122/><E41/><V108/><F108/><W52/><G39/><T55/><D66/><U126/><E126/><V42/><F95/><W62/><G69/><T13/><REACH who="0" step="1"/><D55/><REACH who="0" ten="76,206,452,256" step="2"/><U94/><E122/><V77/><F53/><W103/><G106/><T6/><D6/><U35/><E64/><V49/><F42/><W32/><AGARI ba="1,1" hai="26,29,32,45,46,52,57,58,60,62,67,92,98,103" machi="32" ten="20,7800,0" yaku="0,1,7,1,52,1,54,1" doraHai="28" who="3" fromWho="3" sc="76,-27,206,-27,452,-27,256,91" /><INIT seed="3,2,0,2,4,88" ten="49,179,425,347" oya="3" hai0="17,105,52,101,74,112,91,78,20,116,67,47,119" hai1="65,40,55,135,87,63,89,26,127,57,36,131,68" hai2="16,132,15,96,58,27,24,117,59,41,10,113,104" hai3="121,22,123,62,32,122,106,30,93,64,4,61,51"/><W34/><G106/><T70/><D112/><U66/><E135/><V84/><F117/><W98/><G4/><T38/><D105/><U37/><E131/><V69/><F69/><W81/><G81/><T42/><D101/><U128/><E128/><V54/><F113/><W6/><G6/><T126/><D126/><U130/><E130/><V77/><F41/><W21/><G51/><T109/><D109/><U94/><E127/><V50/><F132/><W0/><G0/><T33/><D33/><U3/><E3/><V23/><F96/><W133/><G133/><T83/><D91/><U111/><E111/><V60/><F104/><W79/><G79/><T46/><D67/><U39/><E26/><V124/><F124/><W48/><G48/><T108/><D70/><U35/><E35/><V95/><F10/><W85/><G85/><T76/><D76/><U73/><E73/><V1/><F1/><W2/><G2/><T12/><REACH who="0" step="1"/><D108/><REACH who="0" ten="39,179,425,347" step="2"/><U115/><E115/><V45/><F77/><W8/><G123/><T125/><D125/><U82/><E68/><V49/><F58/><W53/><G64/><T13/><D13/><U56/><E65/><V92/><F15/><W103/><G122/><T107/><D107/><U99/><E66/><V75/><F59/><W43/><G34/><T28/><D28/><U25/><E56/><V80/><F54/><W29/><G32/><T102/><D102/><U9/><E55/><V97/><F27/><W86/><G53/><T90/><D90/><N who="1" m="55767" /><E25/><V134/><F134/><W71/><G121/><T14/><D14/><U100/><E100/><RYUUKYOKU ba="2,1" sc="39,30,179,-10,425,-10,347,-10" hai0="12,17,20,38,42,46,47,52,74,78,83,116,119" /><INIT seed="4,3,1,5,4,109" ten="69,169,415,337" oya="0" hai0="6,57,90,48,91,23,36,29,88,4,83,81,67" hai1="5,9,55,128,14,49,105,64,33,117,54,95,22" hai2="60,16,12,52,35,125,18,118,21,65,102,124,77" hai3="97,24,41,63,31,122,126,92,69,75,68,34,108"/><T58/><D36/><U106/><E117/><V130/><F35/><W114/><G108/><T115/><D115/><U98/><E33/><V116/><F130/><W94/><G75/><T1/><D1/><U25/><E64/><V82/><F102/><W71/><G41/><T66/><D29/><U72/><E72/><N who="2" m="43303" /><F18/><W100/><G122/><T61/><D23/><U7/><E7/><N who="0" m="2601" /><D48/><U80/><E80/><N who="0" m="30793" /><D61/><U26/><E128/><V38/><F38/><W84/><G126/><N who="2" m="48745" /><F52/><W46/><G46/><T133/><D133/><U135/><E135/><V45/><F45/><W19/><G19/><T20/><D20/><U73/><E73/><V104/><F104/><W43/><G43/><T101/><D101/><U70/><E55/><V99/><F99/><W103/><G63/><T131/><D131/><U17/><E26/><V134/><F134/><W11/><G11/><T37/><D37/><U93/><E106/><V56/><AGARI ba="3,1" hai="12,16,21,56,60,65,116,118" m="48745,43303" machi="56" ten="30,2000,0" yaku="18,1,54,1" doraHai="109" who="2" fromWho="2" sc="69,-13,169,-8,415,39,337,-8" /><INIT seed="5,0,0,2,5,114" ten="56,161,454,329" oya="1" hai0="24,18,68,48,38,61,45,83,30,107,59,56,128" hai1="123,10,36,78,47,82,64,33,52,95,117,25,84" hai2="75,94,0,2,35,109,55,135,27,97,6,51,65" hai3="134,118,20,93,81,37,57,113,92,40,42,88,19"/><U41/><E123/><V3/><F75/><W62/><G37/><T80/><D107/><U22/><E33/><V49/><F109/><W72/><G72/><T9/><D128/><U89/><E117/><V115/><F65/><W96/><G113/><T54/><D38/><U60/><E10/><V11/><F51/><W8/><G8/><T86/><D68/><U15/><E15/><V120/><F120/><W46/><G46/><T31/><D80/><U112/><E112/><V103/><F135/><W102/><G81/><T4/><D4/><U104/><E104/><V16/><F115/><W91/><G118/><T119/><D119/><U39/><E39/><V58/><F16/><W124/><G124/><T108/><D108/><U74/><E64/><V131/><F131/><W106/><G106/><T132/><D132/><U122/><E122/><V76/><F76/><W71/><G71/><T127/><D127/><U99/><E74/><V85/><F85/><W63/><G134/><T105/><D105/><U126/><E126/><V73/><F73/><W14/><G63/><T133/><D133/><U125/><E125/><V110/><F110/><W101/><G101/><T26/><D26/><U129/><E129/><V43/><F43/><W23/><G20/><N who="0" m="13335" /><D9/><U130/><E130/><V121/><F121/><W5/><G5/><T67/><D45/><U90/><E78/><AGARI ba="0,0" hai="30,31,48,54,56,59,61,67,78,83,86" m="13335" machi="78" ten="30,1000,0" yaku="8,1" doraHai="114" who="0" fromWho="1" sc="56,10,161,-10,454,0,329,0" /><INIT seed="6,0,0,5,1,47" ten="66,151,454,329" oya="2" hai0="18,105,123,113,91,31,72,54,22,76,89,60,74" hai1="82,103,33,108,69,71,32,7,51,75,88,90,64" hai2="43,29,73,131,26,92,0,102,21,35,96,16,56" hai3="117,39,68,126,38,77,2,15,119,42,52,65,44"/><V57/><F73/><W78/><G2/><T85/><D105/><U122/><E108/><V50/><F0/><W34/><G34/><T58/><D123/><U20/><E103/><V107/><F131/><W100/><G100/><T121/><D121/><U110/><E110/><V118/><F118/><W14/><G14/><T37/><D37/><U83/><E122/><V10/><F107/><W28/><G28/><T9/><D113/><U127/><E7/><V48/><F43/><W94/><G94/><T109/><D109/><U124/><E20/><V49/><F35/><W5/><G78/><T106/><D106/><U8/><E8/><V70/><F70/><W87/><G87/><T93/><D76/><U80/><E64/><V116/><F116/><N who="3" m="44619" /><G15/><AGARI ba="0,0" hai="10,15,16,21,26,29,48,49,50,56,57,92,96,102" machi="15" ten="40,12000,1" yaku="8,1,52,3,54,1" doraHai="47" who="2" fromWho="3" sc="66,0,151,0,454,120,329,-120" /><INIT seed="6,1,0,4,0,101" ten="66,151,574,209" oya="2" hai0="135,53,23,131,30,80,91,93,37,105,126,132,128" hai1="14,125,54,83,70,120,22,2,97,71,124,31,3" hai2="67,104,18,13,59,95,58,73,111,86,122,68,99" hai3="113,112,74,51,38,36,78,96,65,6,41,34,72"/><V98/><F73/><W57/><G34/><T60/><D37/><U110/><E110/><V4/><F122/><W63/><G6/><T8/><D8/><U40/><E40/><V115/><F111/><W127/><G96/><T55/><D30/><U21/><E83/><V61/><F86/><W0/><G0/><T25/><D80/><U130/><E54/><N who="0" m="20489" /><D60/><U49/><E49/><V94/><F94/><W89/><G89/><T19/><D93/><U121/><E97/><V103/><F4/><W33/><G33/><T26/><D91/><U123/><E14/><V50/><F50/><W85/><G85/><T88/><D88/><U56/><E56/><V20/><REACH who="2" step="1"/><F115/><REACH who="2" ten="66,151,564,209" step="2"/><N who="3" m="44107" /><G74/><T28/><D126/><U69/><E123/><V107/><F107/><W134/><G127/><T77/><D77/><U10/><E124/><V116/><F116/><W48/><G78/><T11/><D105/><U102/><E125/><V45/><F45/><N who="3" m="25647" /><G72/><T9/><D131/><U43/><E121/><V79/><F79/><W32/><G134/><N who="0" m="51243" /><D128/><U106/><E106/><V92/><F92/><W114/><G114/><T17/><D17/><U24/><E130/><V119/><F119/><W64/><G51/><T129/><D129/><U5/><E120/><V52/><F52/><N who="3" m="34215" /><G32/><AGARI ba="1,1" hai="9,11,19,23,25,26,28,32" m="51243,20489" machi="32" ten="30,1000,0" yaku="20,1" doraHai="101" who="0" fromWho="3" sc="66,23,151,0,564,0,209,-13" /><INIT seed="7,0,0,4,0,8" ten="89,151,564,196" oya="3" hai0="134,102,98,115,55,76,1,120,23,67,129,81,75" hai1="109,92,108,63,4,28,60,12,104,121,86,22,72" hai2="56,132,31,15,5,64,113,37,128,53,70,66,39" hai3="85,124,21,94,82,95,78,3,52,9,20,106,33"/><W48/><G33/><T126/><D1/><U68/><E121/><V116/><F116/><W29/><G106/><T114/><D67/><U103/><E72/><V58/><F70/><W130/><G130/><T90/><D55/><U44/><E104/><V6/><F53/><W119/><G124/><T0/><D0/><U45/><E108/><V18/><F18/><W111/><G119/><T51/><D51/><U96/><E109/><V77/><F77/><W93/><G29/><T118/><D23/><U42/><E68/><V73/><F73/><W97/><G111/><T62/><D62/><N who="1" m="23595" /><E86/><V84/><F84/><W99/><G3/><T79/><D118/><U131/><E131/><V88/><F66/><W2/><G2/><T27/><D27/><N who="1" m="16503" /><E42/><V100/><F64/><W17/><G9/><AGARI ba="0,0" hai="4,9,12,44,45,92,96,103" m="16503,23595" machi="9" ten="30,2000,0" yaku="8,1,52,1" doraHai="8" who="1" fromWho="3" sc="89,0,151,20,564,0,196,-20" owari="89,-41.0,171,-23.0,564,66.0,176,-2.0" /></mjloggm>