<mjloggm ver="2.3"><GO type="169" lobby="0"/><UN n0="%E9%A7%84%E5%A6%B9" n1="%E7%A7%81%E3%81%AF%E3%81%8C%E3%81%A1%E3%81%BB%E3%82%82" n2="%E5%B0%B1%E6%B4%BB%E7%94%9F%40%E5%B7%9D%E6%9D%91%E8%BB%8D%E5%9B%A3" n3="%76%65%74%6F%6F" dan="16,16,17,16" rate="2038.09,2065.55,2247.64,2085.58" sx="F,M,M,M"/><TAIKYOKU oya="0"/><INIT seed="0,0,0,4,1,44" ten="250,250,250,250" oya="0" hai0="134,101,96,71,23,81,26,103,94,34,52,4,54" hai1="120,97,6,108,11,113,95,133,2,78,86,8,46" hai2="107,62,131,58,53,125,32,45,117,128,19,37,3" hai3="60,35,130,33,10,7,98,111,88,16,24,116,106"/><T76/><D34/><U110/><E120/><V38/><F32/><W74/><G116/><T127/><D127/><U83/><E133/><V36/><F3/><W39/><G74/><T42/><D134/><U64/><E64/><V12/><F107/><W114/><G39/><T121/><D121/><U123/><E123/><V89/><F125/><W93/><G114/><T13/><D71/><U119/><E119/><V68/><F117/><W47/><G106/><T50/><D103/><U17/><E113/><V49/><F89/><W90/><G90/><T135/><D135/><U115/><E115/><V59/><F19/><W61/><G130/><N who="2" m="49705" /><F12/><W80/><G80/><T87/><D13/><U85/><E85/><V109/><F109/><W124/><G111/><T66/><D66/><AGARI ba="0,0" hai="36,37,38,45,49,53,58,59,62,66,68" m="49705" machi="66" ten="40,8000,1" yaku="19,1,34,2,52,1" doraHai="44" who="2" fromWho="0" sc="250,-80,250,0,250,80,250,0" /><INIT seed="1,0,0,2,5,14" ten="170,250,330,250" oya="1" hai0="67,27,103,20,5,124,17,63,19,69,74,44,116" hai1="101,29,87,122,109,84,62,111,22,125,81,33,4" hai2="85,86,18,10,30,38,56,50,34,26,121,76,31" hai3="114,127,61,110,51,95,15,77,47,6,134,97,131"/><U2/><E101/><V92/><F38/><W78/><G110/><N who="1" m="41994" /><E122/><V123/><F31/><W99/><G114/><T16/><D116/><U13/><E125/><V113/><F113/><W96/><G127/><T58/><D124/><U21/><E2/><V75/><F75/><W66/><G131/><T68/><D74/><U83/><E62/><V41/><F86/><N who="1" m="32809" /><E33/><V46/><F56/><W73/><G73/><T118/><D118/><U43/><E43/><V42/><F42/><W89/><G134/><T132/><D132/><U49/><E49/><V107/><F107/><W106/><G106/><T55/><D103/><U9/><E29/><V91/><F76/><W45/><G45/><T79/><D79/><U90/><E90/><V35/><F35/><W3/><G3/><T40/><D5/><U65/><E65/><V115/><F115/><W1/><G1/><T64/><D64/><U52/><E52/><V82/><F82/><AGARI ba="0,0" hai="4,9,13,21,22,81,82,83" m="32809,41994" machi="82" ten="30,2900,0" yaku="14,1,10,1" doraHai="14" who="1" fromWho="2" sc="170,0,250,29,330,-29,250,0" /><INIT seed="1,1,0,0,5,62" ten="170,279,301,250" oya="1" hai0="11,9,71,83,108,28,107,57,18,30,110,90,2" hai1="85,42,13,82,12,56,25,45,79,100,99,37,68" hai2="44,26,3,117,97,4,63,114,135,78,105,77,81" hai3="69,127,126,86,133,49,134,55,7,131,67,94,15"/><U33/><E68/><V111/><F117/><W125/><G7/><N who="0" m="1271" /><D107/><U50/><E33/><V102/><F114/><W74/><G15/><N who="0" m="7551" /><D71/><U64/><E25/><V16/><F111/><N who="0" m="42538" /><D57/><U73/><E73/><V80/><F135/><N who="3" m="51723" /><G74/><T5/><D90/><U52/><REACH who="1" step="1"/><E64/><REACH who="1" ten="170,269,301,250" step="2"/><V58/><F26/><W120/><G67/><T132/><D132/><U39/><E39/><V106/><F77/><W36/><G69/><T29/><D83/><U103/><E103/><V31/><F78/><W20/><G36/><T70/><D70/><U121/><E121/><V76/><F81/><W27/><G120/><T14/><D30/><U35/><E35/><V89/><F31/><N who="3" m="17895" /><G94/><AGARI ba="1,1" hai="12,13,37,42,45,50,52,56,79,82,85,94,99,100" machi="94" ten="30,5800,0" yaku="1,1,7,1,54,1,53,0" doraHai="62" doraHaiUra="122" who="1" fromWho="3" sc="170,0,269,71,301,0,250,-61" /><INIT seed="1,2,0,2,0,77" ten="170,340,301,189" oya="1" hai0="57,116,109,4,42,86,96,97,27,45,46,127,87" hai1="89,79,24,47,6,26,71,34,21,100,17,130,85" hai2="114,128,5,117,110,115,126,84,76,3,129,73,32" hai3="51,101,18,81,60,119,36,106,111,75,91,68,99"/><U69/><E79/><V12/><F3/><W118/><G36/><T20/><D116/><N who="3" m="44585" /><G51/><N who="0" m="27063" /><D109/><U124/><E100/><V15/><F32/><W64/><G18/><N who="0" m="12695" /><D127/><U70/><E6/><V2/><F117/><W72/><G111/><T120/><D120/><U0/><E0/><V102/><F2/><W135/><G135/><T9/><D46/><U113/><E113/><V90/><F5/><W103/><G101/><T105/><D105/><U61/><E130/><N who="2" m="50283" /><F15/><W37/><G37/><T80/><D57/><U29/><E47/><V98/><F12/><W10/><G10/><T41/><D41/><U35/><E124/><V7/><F7/><W38/><G38/><T94/><D4/><U121/><E121/><V131/><F126/><W39/><G39/><T74/><D9/><U23/><REACH who="1" step="1"/><E61/><REACH who="1" ten="170,330,301,189" step="2"/><V133/><F131/><W88/><G72/><T95/><D74/><U123/><E123/><V11/><F76/><AGARI ba="2,1" hai="60,64,68,75,76,81,88,91,99,103,106" m="44585" machi="76" ten="30,3900,0" yaku="12,1,52,1,54,1" doraHai="77" who="3" fromWho="2" sc="170,0,330,0,301,-45,189,55" /><INIT seed="2,0,0,1,4,74" ten="170,330,256,244" oya="2" hai0="4,15,52,97,29,125,73,7,121,90,21,23,48" hai1="102,59,19,35,79,20,39,34,84,37,56,16,108" hai2="57,120,58,65,27,38,11,26,71,0,1,64,83" hai3="127,114,43,87,5,76,95,36,106,25,32,123,119"/><V42/><F120/><W10/><G123/><T61/><D121/><U82/><E102/><V132/><F132/><W49/><G106/><T93/><D125/><U118/><E108/><V88/><F38/><W135/><G119/><T105/><D73/><U12/><E118/><V131/><F131/><W31/><G36/><T86/><D61/><U70/><E70/><V98/><F71/><W99/><G114/><T50/><D50/><U41/><E41/><V134/><F0/><W77/><G87/><T89/><D29/><U130/><E130/><V2/><F2/><W66/><G66/><N who="2" m="25705" /><F1/><W3/><G127/><T14/><D105/><U33/><E39/><V112/><F112/><W117/><G117/><T101/><D101/><U60/><E37/><V17/><F42/><W129/><G129/><T44/><D14/><U116/><E60/><V53/><F58/><W72/><G72/><T109/><D109/><U18/><E116/><V104/><F104/><W78/><G135/><T122/><D122/><U94/><E94/><N who="2" m="56647" /><F83/><W69/><G69/><T62/><D62/><U81/><E81/><V96/><F96/><W92/><REACH who="3" step="1"/><G99/><REACH who="3" ten="170,330,256,234" step="2"/><T9/><REACH who="0" step="1"/><D7/><REACH who="0" ten="160,330,256,234" step="2"/><U40/><E12/><N who="2" m="7327" /><F134/><W128/><G128/><T51/><D51/><AGARI ba="0,2" hai="26,27,51,53,57" m="7327,56647,25705" machi="51" ten="30,2900,0" yaku="8,1,54,1" doraHai="74" who="2" fromWho="0" sc="160,-29,330,0,256,49,234,0" /><INIT seed="2,1,0,3,5,128" ten="131,330,305,234" oya="2" hai0="81,87,13,31,66,93,89,10,19,91,80,83,103" hai1="85,117,43,62,132,37,134,108,38,115,21,98,113" hai2="68,15,122,26,33,52,27,28,79,67,130,63,61" hai3="46,74,135,44,7,110,45,64,48,5,118,69,36"/><V40/><F130/><W60/><G74/><T41/><D103/><U32/><E32/><V56/><F122/><W9/><G5/><T124/><D124/><U86/><E117/><V2/><F2/><W4/><G4/><T34/><D41/><U17/><E98/><V0/><F0/><W72/><G118/><T23/><D34/><U127/><E62/><V114/><F114/><N who="1" m="43529" /><E127/><V104/><F104/><W129/><G72/><T55/><D66/><U53/><E53/><V8/><F27/><W59/><G129/><T12/><D55/><U90/><E43/><V22/><F40/><N who="3" m="22535" /><G9/><T119/><D119/><U58/><E58/><V99/><F99/><W11/><G11/><T82/><D31/><U57/><E57/><V35/><REACH who="2" step="1"/><F79/><REACH who="2" ten="131,330,295,234" step="2"/><W73/><G7/><AGARI ba="1,1" hai="7,8,15,22,26,28,33,35,52,56,61,63,67,68" machi="7" ten="30,12000,1" yaku="1,1,2,1,7,1,54,1,53,1" doraHai="128" doraHaiUra="65" who="2" fromWho="3" sc="131,0,330,0,295,133,234,-123" /><INIT seed="2,2,0,5,5,16" ten="131,330,428,111" oya="2" hai0="18,77,66,58,81,84,3,86,103,74,129,118,51" hai1="0,63,50,45,10,112,88,98,113,57,48,82,54" hai2="65,80,97,75,114,121,85,87,44,70,96,83,102" hai3="56,61,11,7,78,101,71,12,19,133,108,40,22"/><V120/><F70/><W52/><G108/><T24/><D3/><U31/><E31/><V68/><F68/><W47/><G133/><T5/><D5/><U62/><E0/><V8/><F65/><W41/><G101/><T35/><D118/><U132/><E132/><V109/><F8/><W106/><G106/><T130/><D103/><U46/><E10/><V64/><F64/><W1/><G71/><T73/><D84/><U115/><E82/><V17/><F17/><W33/><G78/><T94/><D35/><U105/><E105/><V9/><F9/><W21/><G33/><T23/><D94/><U119/><E119/><V128/><F44/><W124/><G124/><T53/><REACH who="0" step="1"/><D66/><REACH who="0" ten="121,330,428,111" step="2"/><U117/><E117/><V134/><F102/><W42/><REACH who="3" step="1"/><G22/><REACH who="3" ten="121,330,428,101" step="2"/><T38/><D38/><AGARI ba="2,2" hai="1,7,11,12,19,21,38,40,41,42,47,52,56,61" machi="38" ten="30,8000,1" yaku="1,1,2,1,7,1,52,1,54,1,53,0" doraHai="16" doraHaiUra="99" who="3" fromWho="0" sc="121,-86,330,0,428,0,101,106" /><INIT seed="3,0,0,4,1,131" ten="35,330,428,207" oya="3" hai0="90,61,122,42,3,40,22,125,46,49,77,2,44" hai1="9,133,108,65,126,83,110,106,80,43,52,26,71" hai2="113,7,76,17,63,66,4,20,111,24,112,48,99" hai3="50,33,117,6,107,118,41,86,57,30,0,84,116"/><W1/><G107/><T97/><D122/><U74/><E106/><V14/><F111/><N who="1" m="42537" /><E43/><V45/><F76/><W102/><G102/><T18/><D125/><U36/><E74/><V100/><F7/><W75/><G75/><T8/><D77/><U58/><E36/><V35/><F4/><W85/><G33/><T132/><D132/><U115/><E115/><V94/><F35/><W124/><G30/><T123/><D123/><U134/><E9/><V95/><F95/><W11/><G124/><T68/><D8/><U119/><E119/><V62/><F62/><W38/><G38/><T32/><D32/><U54/><E26/><V121/><F14/><W98/><G98/><T51/><D97/><U101/><E101/><V21/><F21/><W92/><G92/><T34/><D34/><U114/><E114/><V93/><F93/><W128/><G128/><T25/><REACH who="0" step="1"/><D90/><REACH who="0" ten="25,330,428,207" step="2"/><U39/><E126/><V130/><F121/><W89/><G89/><T135/><D135/><N who="1" m="51723" /><E39/><V69/><F130/><W29/><G118/><T120/><D120/><U103/><E103/><V55/><AGARI ba="0,1" hai="17,20,24,45,48,55,63,66,69,94,99,100,112,113" machi="55" ten="20,1500,0" yaku="0,1,7,1" doraHai="131" who="2" fromWho="2" sc="25,-4,330,-4,428,25,207,-7" /><INIT seed="4,0,0,5,1,100" ten="21,326,453,200" oya="0" hai0="91,48,53,16,21,4,72,116,51,110,32,96,126" hai1="57,63,108,79,125,7,49,25,81,14,41,128,45" hai2="122,120,88,9,18,112,82,92,117,132,33,78,123" hai3="30,36,86,8,80,54,64,44,105,24,134,127,60"/><T74/><D116/><U17/><E128/><V47/><F33/><W115/><G134/><T93/><D32/><U20/><E125/><V37/><F132/><W39/><G127/><T70/><D126/><U71/><E71/><V83/><F37/><W77/><G8/><T52/><D110/><U87/><E108/><V66/><F66/><W95/><G95/><T94/><D70/><U40/><E40/><V99/><F47/><W69/><G115/><T114/><D114/><U19/><E7/><V104/><F18/><W121/><G121/><T119/><D4/><U97/><E97/><V89/><F9/><W98/><G54/><T76/><D119/><U130/><E130/><V3/><F3/><W106/><G44/><T0/><D0/><U85/><E85/><N who="2" m="50231" /><F112/><W113/><G113/><T42/><D42/><U90/><E79/><V56/><F56/><W58/><G58/><T75/><D76/><U62/><E57/><V12/><F12/><W50/><G50/><T11/><D11/><AGARI ba="0,0" hai="11,14,17,19,20,25,41,45,49,62,63,81,87,90" machi="11" ten="30,2000,0" yaku="7,1,8,1" doraHai="100" who="1" fromWho="0" sc="21,-20,326,20,453,0,200,0" /><INIT seed="5,0,0,4,2,115" ten="1,346,453,200" oya="1" hai0="61,27,133,33,134,45,94,81,53,47,127,51,25" hai1="23,69,116,106,131,54,90,126,52,104,101,44,87" hai2="76,135,16,92,100,120,112,86,37,78,42,35,28" hai3="13,74,17,91,46,71,111,12,123,77,70,3,4"/><U15/><E69/><V95/><F120/><W129/><G123/><T0/><D0/><U110/><E101/><V113/><F135/><N who="0" m="51722" /><D127/><U9/><E126/><V83/><F35/><W117/><G129/><T48/><D94/><U2/><E131/><V29/><F76/><W62/><G111/><T121/><D121/><U20/><E116/><V60/><F60/><W57/><G46/><T102/><D102/><U36/><E110/><V30/><F100/><W6/><G91/><T32/><D61/><U38/><E2/><V75/><F75/><W8/><G117/><T98/><D98/><U108/><E108/><V99/><F99/><W31/><G31/><T132/><N who="0" m="51730" /><T84/><DORA hai="14" /><D32/><U118/><E118/><V114/><F16/><W34/><G34/><T93/><D93/><U130/><E130/><V109/><F109/><W18/><G77/><N who="0" m="46127" /><D33/><U5/><E106/><V82/><F82/><W58/><G3/><T1/><D1/><U43/><E104/><V64/><F64/><W80/><G80/><T26/><D26/><U103/><E103/><V72/><F72/><W22/><G74/><T68/><D68/><U55/><REACH who="1" step="1"/><E36/><REACH who="1" ten="1,336,453,200" step="2"/><V10/><F37/><W105/><G105/><T59/><D59/><U40/><E40/><AGARI ba="0,1" hai="25,27,40,45,47,48,51,53" m="46127,51730" machi="40" ten="40,1300,0" yaku="20,1" doraHai="115,14" who="0" fromWho="1" sc="1,23,336,-13,453,0,200,0" /><INIT seed="6,0,0,1,4,41" ten="24,323,453,200" oya="2" hai0="28,1,81,30,32,45,68,80,72,101,123,58,65" hai1="27,76,38,127,105,107,62,78,128,95,3,26,10" hai2="134,11,99,17,59,85,36,4,79,13,88,119,91" hai3="34,14,46,35,0,89,96,100,87,64,63,82,103"/><V110/><F119/><W61/><G0/><T104/><D123/><U69/><E95/><N who="2" m="56807" /><F36/><W48/><G63/><T51/><D1/><U109/><E62/><V57/><F110/><W84/><G84/><T98/><D58/><N who="2" m="22026" /><F134/><W115/><G115/><T120/><D120/><U53/><E53/><V114/><F114/><W16/><G61/><T75/><D81/><U6/><E69/><V135/><F135/><W25/><G64/><T31/><D32/><U33/><E38/><V131/><F131/><W56/><G56/><T24/><D24/><U40/><E40/><V7/><F79/><W90/><G25/><T8/><D65/><U117/><E117/><V77/><F77/><W2/><G2/><T129/><D68/><U9/><E3/><V42/><F42/><W112/><G112/><T47/><D129/><U44/><E128/><V39/><F39/><W108/><G108/><T106/><D106/><U125/><E109/><V43/><F43/><W121/><G121/><T71/><D71/><U66/><E66/><V94/><AGARI ba="0,0" hai="4,7,11,13,17,85,91,94" m="22026,56807" machi="94" ten="30,3000,0" yaku="8,1,54,1" doraHai="41" who="2" fromWho="2" sc="24,-10,323,-10,453,30,200,-10" /><INIT seed="6,1,0,2,5,91" ten="14,313,483,190" oya="2" hai0="50,72,16,44,129,24,23,27,106,100,69,118,32" hai1="22,75,112,49,117,74,92,108,95,67,88,45,12" hai2="54,116,124,35,98,77,135,43,62,130,5,111,59" hai3="40,86,25,68,38,133,39,134,46,65,73,52,128"/><V56/><F35/><W99/><G73/><T89/><D69/><U2/><E2/><V8/><F116/><W113/><G25/><T109/><D118/><U64/><E108/><V76/><F124/><W81/><G128/><T17/><D109/><U120/><E117/><V90/><F135/><N who="3" m="51723" /><G113/><T19/><D129/><U79/><E112/><V110/><F43/><W21/><G21/><T83/><D106/><U53/><E75/><V14/><F130/><W114/><G114/><T82/><D100/><U102/><E79/><V37/><F37/><N who="3" m="21775" /><G99/><T127/><D127/><U103/><E103/><V28/><F28/><W4/><G4/><T94/><D32/><U96/><E74/><V66/><F110/><W63/><G86/><T121/><D121/><U34/><E34/><V10/><F10/><W0/><G81/><T36/><D36/><U9/><E22/><V84/><F98/><W123/><G0/><T41/><D72/><U70/><E70/><V115/><F115/><W31/><G31/><T58/><D27/><U13/><E120/><V26/><F26/><W3/><G3/><T6/><D6/><N who="1" m="3127" /><E13/><V15/><F15/><W55/><G123/><T61/><D82/><U131/><E131/><V42/><F111/><W60/><G55/><N who="0" m="34015" /><D83/><U97/><AGARI ba="1,0" hai="45,49,53,64,67,88,92,95,96,97,102" m="3127" machi="97" ten="30,7900,0" yaku="8,1,52,2,54,1" doraHai="91" who="1" fromWho="1" sc="14,-21,313,82,483,-40,190,-21" owari="-7,-51.0,395,20.0,443,54.0,169,-23.0" /></mjloggm>