<mjloggm ver="2.3"><GO type="169" lobby="0"/><UN n0="%64%6F%6F%6F%6F%77%79" n1="%E5%B0%B1%E6%B4%BB%E7%94%9F%40%E5%B7%9D%E6%9D%91%E8%BB%8D%E5%9B%A3" n2="%E3%81%BF%E3%81%83%E3%81%A1%E3%82%83%E3%82%93%E6%8E%A8%E3%81%97" n3="%E5%8F%8A%E5%B7%9D%E5%86%B0%E9%BA%97" dan="17,18,16,16" rate="2224.60,2278.88,2108.33,2067.81" sx="M,M,M,F"/><TAIKYOKU oya="0"/><INIT seed="0,0,0,5,5,30" ten="250,250,250,250" oya="0" hai0="103,55,95,40,125,130,80,116,41,107,72,42,5" hai1="56,115,97,1,14,121,68,57,13,26,60,9,2" hai2="94,18,126,134,93,123,50,75,54,82,24,38,77" hai3="89,48,51,87,132,110,0,128,11,46,79,124,47"/><T19/><D107/><U129/><E121/><V53/><F126/><W105/><G124/><T90/><D5/><U6/><E68/><V85/><F38/><W36/><G105/><T111/><D103/><U127/><E127/><V91/><F134/><W119/><G132/><T62/><D125/><U69/><E69/><V81/><F123/><W31/><G79/><T8/><D72/><U15/><E129/><V35/><F54/><W52/><G119/><T108/><D80/><U86/><E2/><V28/><REACH who="2" step="1"/><F18/><REACH who="2" ten="250,250,240,250" step="2"/><W39/><G39/><T70/><D19/><U109/><E115/><V67/><F67/><W101/><G36/><T84/><D116/><U114/><E114/><V16/><F16/><W120/><G52/><T33/><D130/><U78/><E109/><V10/><F10/><W29/><G11/><T74/><D55/><U20/><E9/><V106/><F106/><W88/><G110/><T117/><D8/><U92/><E6/><V99/><F99/><W34/><G128/><T44/><D111/><U4/><E4/><V17/><F17/><W45/><G0/><T102/><D108/><U25/><E1/><V83/><F83/><W131/><G131/><T100/><D117/><U63/><E97/><V135/><F135/><W7/><G7/><T65/><D65/><N who="1" m="39047" /><E92/><V133/><F133/><W12/><G120/><T22/><D95/><U43/><E43/><V27/><F27/><W112/><G112/><T113/><D41/><U32/><E26/><V59/><AGARI ba="0,1" hai="24,28,35,50,53,59,75,77,81,82,85,91,93,94" machi="59" ten="20,5200,0" yaku="1,1,0,1,7,1,52,1,53,0" doraHai="30" doraHaiUra="58" who="2" fromWho="2" sc="250,-26,250,-13,240,62,250,-13" /><INIT seed="1,0,0,4,1,41" ten="224,237,302,237" oya="1" hai0="117,102,60,18,95,25,116,115,76,49,85,43,110" hai1="103,131,51,88,125,29,97,128,84,118,79,135,59" hai2="113,124,46,92,130,4,75,38,12,67,134,37,78" hai3="54,61,80,83,16,105,22,68,82,56,1,11,23"/><U74/><E29/><V99/><F134/><W112/><G105/><T28/><D115/><U17/><E118/><V3/><F3/><W52/><G112/><T6/><D6/><U66/><E135/><V121/><F113/><W111/><G111/><T87/><D18/><U34/><E34/><V73/><F121/><W98/><G68/><T72/><D72/><U90/><E17/><V30/><F130/><N who="1" m="49705" /><E66/><V63/><F124/><W39/><G39/><T101/><D60/><U114/><E114/><V50/><F30/><W89/><G54/><T5/><D5/><U15/><E15/><V44/><F38/><W86/><G98/><T36/><D36/><U7/><E7/><V2/><F2/><W24/><G1/><T10/><D10/><U106/><E59/><V133/><F133/><W93/><G23/><T94/><D28/><U64/><E64/><V19/><F4/><W96/><REACH who="3" step="1"/><G11/><REACH who="3" ten="224,237,302,227" step="2"/><T48/><D110/><U77/><E125/><V27/><F37/><W9/><G9/><T126/><D126/><U33/><E33/><V57/><F75/><W13/><G13/><T58/><D43/><U45/><E74/><V129/><F129/><W70/><G70/><T26/><REACH who="0" step="1"/><D58/><REACH who="0" ten="214,237,302,227" step="2"/><U100/><E51/><V47/><F50/><W119/><G119/><T127/><D127/><U69/><E69/><V53/><F73/><W109/><G109/><T91/><D91/><U104/><E90/><N who="2" m="55703" /><F27/><W31/><G31/><T108/><D108/><U120/><E120/><V8/><F78/><AGARI ba="0,2" hai="25,26,48,49,76,78,85,87,94,95,101,102,116,117" machi="78" ten="25,8000,1" yaku="1,1,22,2,53,2" doraHai="41" doraHaiUra="20" who="0" fromWho="2" sc="214,100,237,0,302,-80,227,0" /><INIT seed="2,0,0,4,2,122" ten="314,237,222,227" oya="2" hai0="31,100,50,15,58,89,80,93,71,130,16,129,4" hai1="109,121,53,123,60,85,69,57,99,13,27,19,134" hai2="66,103,45,113,87,106,74,6,48,117,18,127,8" hai3="7,115,25,12,29,3,68,5,41,67,46,21,24"/><V33/><F117/><W1/><G68/><T11/><D71/><U94/><E69/><V52/><F113/><W51/><G67/><T0/><D100/><U49/><E134/><V78/><F33/><N who="3" m="20647" /><G51/><T77/><D31/><U20/><E109/><V35/><F35/><W39/><G39/><T84/><D58/><U116/><E116/><V83/><F127/><W44/><G44/><T132/><D50/><U102/><E85/><V10/><F66/><W90/><G90/><T79/><D132/><U17/><E123/><V110/><F110/><W2/><G46/><T47/><D47/><U23/><E121/><V55/><F74/><W124/><G41/><T43/><D43/><U73/><E73/><V128/><F128/><N who="0" m="49258" /><D93/><U95/><E95/><V56/><F106/><W22/><G115/><T131/><N who="0" m="49266" /><T118/><DORA hai="120" /><D118/><U37/><E37/><V111/><F111/><W64/><G124/><T112/><D112/><U125/><E125/><V9/><F103/><W32/><G64/><T104/><D104/><U61/><AGARI ba="0,0" hai="13,17,19,20,23,27,49,53,57,60,61,94,99,102" machi="61" ten="30,2000,0" yaku="0,1,8,1" doraHai="122,120" who="1" fromWho="1" sc="314,-5,237,20,222,-10,227,-5" /><INIT seed="3,0,0,4,5,22" ten="309,257,212,222" oya="3" hai0="27,35,126,93,97,131,57,64,123,82,62,52,88" hai1="89,91,46,40,98,39,3,1,76,120,84,94,95" hai2="124,58,45,74,83,107,55,101,105,5,92,36,43" hai3="41,99,8,106,0,129,87,75,17,103,114,44,78"/><W26/><G114/><T132/><D123/><U70/><E120/><V104/><F124/><W42/><G129/><T33/><D126/><U90/><E70/><V66/><F5/><W51/><G75/><T110/><D131/><U29/><E76/><V11/><F11/><W7/><G42/><T59/><D110/><U28/><E3/><V128/><F128/><W10/><G10/><T18/><D132/><U72/><E72/><V112/><F112/><W125/><G125/><T9/><D82/><U25/><E1/><V47/><F66/><W122/><G122/><T71/><D71/><U30/><REACH who="1" step="1"/><E91/><REACH who="1" ten="309,247,212,222" step="2"/><V119/><F74/><W130/><G130/><T80/><D80/><U31/><E31/><V102/><F83/><W133/><G133/><T32/><D9/><U134/><E134/><V4/><F119/><W19/><G78/><T86/><D86/><U37/><E37/><V67/><F36/><W115/><G87/><T21/><REACH who="0" step="1"/><D33/><AGARI ba="0,1" hai="25,28,29,30,33,39,40,46,84,89,90,94,95,98" machi="33" ten="30,3900,0" yaku="1,1,7,1,52,1,53,0" doraHai="22" doraHaiUra="79" who="1" fromWho="0" sc="309,-39,247,49,212,0,222,0" /><INIT seed="4,0,0,2,4,120" ten="270,296,212,222" oya="0" hai0="121,43,129,125,84,77,34,51,85,12,82,111,33" hai1="59,119,104,81,28,116,105,97,78,87,106,128,63" hai2="133,131,126,2,36,134,96,9,75,46,40,135,44" hai3="18,86,62,99,58,109,45,68,24,16,25,8,49"/><T42/><D121/><U73/><E28/><V122/><F122/><W71/><G99/><T54/><D129/><U48/><E48/><V22/><F131/><W15/><G109/><T6/><D111/><U123/><E123/><V19/><F46/><W65/><G86/><T72/><D125/><U32/><E32/><V4/><F96/><W102/><G102/><T98/><D98/><U35/><E35/><V110/><F126/><W94/><G94/><T57/><D34/><U95/><E128/><V29/><F29/><W7/><G71/><T55/><D33/><U127/><E127/><V69/><F69/><W114/><G68/><T13/><D72/><U74/><E63/><V20/><F75/><N who="1" m="28681" /><E59/><V39/><F39/><W92/><G92/><T1/><D1/><U23/><E23/><N who="2" m="8747" /><F19/><N who="3" m="7211" /><G114/><T90/><D55/><AGARI ba="0,0" hai="7,8,15,24,25,45,49,55,58,62,65" m="7211" machi="55" ten="30,2000,0" yaku="8,1,54,1" doraHai="120" who="3" fromWho="0" sc="270,-20,296,0,212,0,222,20" /><INIT seed="5,0,0,0,2,11" ten="250,296,212,242" oya="1" hai0="131,4,111,58,37,116,89,71,7,112,52,46,67" hai1="49,121,22,14,31,30,16,21,122,3,123,59,66" hai2="102,2,74,6,26,25,24,125,47,38,95,84,43" hai3="132,97,81,88,115,54,119,79,129,130,80,124,94"/><U63/><E3/><V87/><F125/><W0/><G0/><T56/><D89/><U8/><E22/><V90/><F74/><W18/><G124/><T9/><D4/><U100/><E100/><V10/><REACH who="2" step="1"/><F102/><REACH who="2" ten="250,296,202,242" step="2"/><W101/><G101/><T53/><D111/><U23/><E31/><V55/><F55/><W106/><G54/><T27/><D53/><U36/><E30/><V20/><F20/><W92/><G129/><T110/><D52/><U41/><E36/><V45/><F45/><W108/><G130/><T17/><D46/><U35/><E35/><V109/><F109/><W76/><G108/><T50/><D37/><U15/><E23/><V61/><F61/><W86/><G119/><T48/><D110/><U32/><E32/><V57/><F57/><W96/><G132/><T82/><D58/><U78/><E41/><V72/><F72/><N who="3" m="43015" /><G115/><T39/><D56/><U133/><E133/><V93/><F93/><W64/><G94/><T113/><D131/><U51/><REACH who="1" step="1"/><E78/><REACH who="1" ten="250,286,202,242" step="2"/><V98/><AGARI ba="0,2" hai="2,6,10,24,25,26,38,43,47,84,87,90,95,98" machi="98" ten="30,2000,0" yaku="1,1,0,1,53,0" doraHai="11" doraHaiUra="77" who="2" fromWho="2" sc="250,-5,286,-10,202,40,242,-5" /><INIT seed="6,0,0,4,0,122" ten="245,276,242,237" oya="2" hai0="92,91,86,62,34,37,10,23,104,40,111,70,85" hai1="9,22,118,2,48,56,30,25,76,80,57,32,43" hai2="19,26,95,108,52,65,6,69,107,123,83,3,79" hai3="134,16,17,74,125,35,93,128,58,55,33,98,39"/><V101/><F123/><W21/><G39/><T121/><D34/><U36/><E118/><V102/><F107/><W44/><G74/><T105/><D121/><U13/><E36/><V135/><F135/><W64/><G134/><T124/><D124/><U54/><E43/><V24/><F3/><W77/><G125/><T132/><D132/><U60/><E2/><V42/><F42/><W126/><G126/><T66/><D111/><U89/><E32/><V1/><F6/><W61/><G128/><T81/><D10/><U14/><E89/><V114/><F1/><W0/><G77/><T41/><D41/><U127/><E127/><V88/><F114/><W53/><G0/><T100/><D23/><U133/><E9/><V20/><F108/><W49/><G64/><T63/><D63/><U51/><E51/><V50/><F65/><W27/><REACH who="3" step="1"/><G17/><REACH who="3" ten="245,276,242,227" step="2"/><T117/><D117/><U73/><E133/><V120/><F120/><W106/><G106/><T109/><D109/><U4/><E4/><V129/><F129/><W87/><G87/><T130/><D130/><U28/><E28/><V72/><F69/><W82/><G82/><T131/><D131/><U31/><E30/><V116/><F116/><W15/><G15/><T103/><D105/><U78/><E76/><V119/><F26/><W84/><G84/><T46/><D104/><U5/><E5/><V113/><F119/><W45/><G45/><T75/><D75/><U71/><E71/><V67/><F67/><AGARI ba="0,1" hai="13,14,22,25,31,48,54,56,57,60,67,73,78,80" machi="67" ten="30,1000,0" yaku="7,1" doraHai="122" who="1" fromWho="2" sc="245,0,276,20,242,-10,227,0" /><INIT seed="7,0,0,4,0,82" ten="245,296,232,227" oya="3" hai0="50,9,15,84,38,83,88,124,125,91,101,68,45" hai1="62,49,109,106,95,23,14,134,18,100,56,116,0" hai2="93,63,54,17,10,133,7,129,81,51,85,74,70" hai3="42,112,78,40,96,130,12,117,58,60,120,118,35"/><W31/><G120/><T13/><D68/><U53/><E109/><V126/><F74/><W111/><G112/><T73/><D38/><U87/><E0/><V6/><F133/><W20/><G111/><T122/><D122/><U33/><E33/><V115/><F115/><W94/><G130/><T79/><D101/><U76/><E134/><V34/><F34/><W65/><G78/><T92/><D91/><N who="1" m="53759" /><E116/><V119/><F119/><W55/><G35/><T1/><D1/><U47/><E106/><V90/><F126/><N who="0" m="48746" /><D9/><U43/><E100/><V98/><F129/><W77/><G77/><AGARI ba="0,0" hai="14,18,23,43,47,49,53,56,62,76,77" m="53759" machi="77" ten="30,2000,0" yaku="8,1,52,1" doraHai="82" who="1" fromWho="3" sc="245,0,296,20,232,0,227,-20" owari="245,5.0,316,41.0,232,-17.0,207,-29.0" /></mjloggm>