<mjloggm ver="2.3"><GO type="169" lobby="0"/><UN n0="%CE%BC%E3%81%97%E3%82%82%E3%81%A7" n1="%E6%B0%B4%E5%B8%8C%E2%99%AA" n2="%E3%82%A2%E3%82%AB%E3%82%AE%EF%BC%A0%E5%B7%9D%E6%9D%91%E8%BB%8D%E5%9B%A3" n3="%E3%82%A6%E3%83%AB%E3%83%88%E3%83%A9%E7%AB%8B%E7%9B%B4" dan="17,18,18,17" rate="2151.80,2221.84,2228.94,2215.32" sx="M,M,M,M"/><TAIKYOKU oya="0"/><INIT seed="0,0,0,3,2,2" ten="250,250,250,250" oya="0" hai0="22,54,81,133,94,9,43,106,49,117,57,68,86" hai1="36,103,13,107,135,77,95,66,118,24,92,46,79" hai2="121,58,113,32,35,20,91,78,75,39,126,27,71" hai3="74,26,131,125,119,45,53,98,21,120,59,90,29"/><T110/><D106/><U51/><E36/><V10/><F71/><W7/><G74/><T69/><D117/><U76/><E118/><V41/><F121/><W19/><G119/><T85/><D133/><U15/><E107/><V3/><F91/><W80/><G120/><T127/><D127/><U97/><E135/><V65/><F58/><W30/><G125/><T37/><D110/><U123/><E123/><V40/><F65/><W42/><G131/><T61/><D37/><U112/><E112/><V109/><F41/><W16/><G19/><T23/><D68/><U6/><E66/><V115/><F109/><W96/><G7/><T0/><D69/><U11/><E24/><V5/><F126/><W44/><G98/><T28/><D94/><N who="1" m="58807" /><E15/><V25/><F25/><W114/><G114/><N who="2" m="43529" /><F20/><W34/><G34/><T128/><D86/><U73/><E73/><V62/><F62/><N who="3" m="36207" /><G42/><AGARI ba="0,0" hai="6,11,13,42,46,51,76,77,79,92,95" m="58807" machi="42" ten="30,2000,0" yaku="8,1,52,1" doraHai="2" who="1" fromWho="3" sc="250,0,250,20,250,0,250,-20" /><INIT seed="1,0,0,3,5,17" ten="250,270,250,230" oya="1" hai0="68,61,4,24,87,98,78,92,116,40,123,21,82" hai1="46,117,113,94,48,121,59,39,103,132,106,77,1" hai2="19,120,0,55,50,45,52,42,126,104,37,36,99" hai3="26,43,73,41,58,12,115,7,102,110,31,114,93"/><U83/><E113/><V108/><F0/><W81/><G110/><T28/><D116/><U18/><E117/><V30/><F120/><W14/><G73/><T57/><D123/><U79/><E121/><V122/><F122/><W129/><G81/><T124/><D68/><U9/><E106/><V56/><F108/><W70/><G70/><T16/><D124/><U135/><E59/><V134/><F126/><W119/><G119/><T47/><D4/><N who="1" m="1167" /><E39/><V54/><F134/><N who="1" m="51241" /><E18/><V23/><F30/><W35/><G129/><T62/><D28/><U15/><E15/><V88/><F37/><W107/><G107/><T60/><D57/><U118/><E83/><V20/><F104/><W97/><G14/><T67/><D67/><U10/><E10/><V133/><F133/><W75/><G12/><T25/><D25/><U86/><E118/><V33/><F33/><W125/><G7/><T72/><D72/><U89/><E103/><V5/><F5/><W29/><G75/><T3/><D3/><U105/><E105/><V76/><F76/><W34/><G125/><T66/><D66/><U63/><E63/><V8/><F8/><W22/><G58/><T91/><REACH who="0" step="1"/><D61/><REACH who="0" ten="240,270,250,230" step="2"/><U80/><E80/><V69/><F69/><W44/><G114/><T95/><D95/><U51/><E51/><AGARI ba="0,1" hai="16,21,24,40,47,51,60,62,78,82,87,91,92,98" machi="51" ten="30,12000,2" yaku="1,1,7,1,8,1,52,1,54,1,53,1" doraHai="17" doraHaiUra="38" who="0" fromWho="1" sc="240,130,270,-120,250,0,230,0" /><INIT seed="2,0,0,5,2,77" ten="370,150,250,230" oya="2" hai0="16,115,129,10,106,80,44,103,109,123,82,100,88" hai1="104,52,53,23,25,55,87,112,45,99,132,6,36" hai2="127,31,108,32,34,70,135,17,20,130,68,33,29" hai3="133,124,97,15,94,91,122,51,24,49,93,11,74"/><V5/><F127/><W47/><G122/><T71/><D71/><U42/><E112/><V48/><F135/><W56/><G74/><T1/><D123/><U22/><E132/><V90/><F130/><W64/><G133/><T110/><D115/><U60/><E6/><V83/><F5/><W73/><G73/><T111/><D129/><U7/><E7/><V92/><F108/><W79/><G79/><T14/><D1/><U50/><E60/><V72/><F48/><W27/><G124/><T8/><D8/><U65/><E65/><V96/><F70/><W58/><G64/><T105/><D44/><U26/><E36/><V30/><F68/><W28/><G94/><T57/><D57/><U4/><E4/><V134/><F134/><W120/><G120/><T81/><D88/><U61/><E61/><V63/><F63/><W75/><G75/><T128/><D128/><U59/><E59/><V95/><F72/><W114/><G27/><T117/><D117/><U86/><E104/><AGARI ba="0,0" hai="10,14,16,80,81,82,100,103,104,105,106,109,110,111" machi="104" ten="50,8000,1" yaku="14,1,52,3,54,1" doraHai="77" who="0" fromWho="1" sc="370,80,150,-80,250,0,230,0" /><INIT seed="3,0,0,3,1,66" ten="450,70,250,230" oya="3" hai0="28,15,99,115,125,61,40,111,124,35,92,131,114" hai1="27,67,24,72,71,77,25,51,74,22,10,12,118" hai2="55,33,65,43,85,108,49,2,129,48,38,42,100" hai3="84,37,62,20,73,135,31,133,64,53,130,105,69"/><W9/><G73/><T119/><D119/><U107/><E107/><V112/><F2/><W81/><G37/><T3/><D3/><U6/><E118/><V26/><F112/><N who="0" m="43050" /><D131/><U11/><E22/><V63/><F38/><W110/><G105/><T44/><D15/><U50/><E77/><V122/><F100/><W113/><G113/><T127/><D111/><U96/><E96/><V1/><F1/><W89/><G130/><T79/><D79/><U0/><E50/><V128/><F108/><W117/><G117/><T97/><D61/><U17/><REACH who="1" step="1"/><E51/><REACH who="1" ten="450,60,250,230" step="2"/><V23/><F48/><W116/><G116/><T14/><D97/><U91/><E91/><V52/><F129/><W82/><G20/><T90/><D35/><U58/><E58/><N who="2" m="37111" /><F33/><W75/><G89/><T134/><D90/><U16/><E16/><N who="2" m="12647" /><F128/><W104/><G104/><T87/><D125/><U101/><E101/><V95/><F122/><W76/><G76/><T34/><D124/><U8/><E8/><V32/><F32/><W57/><G9/><T30/><D127/><U13/><E13/><V88/><F49/><W5/><G57/><T4/><D34/><U70/><E70/><V123/><F123/><W132/><G69/><T120/><D120/><U106/><E106/><V59/><F59/><W83/><G110/><T7/><D14/><U21/><E21/><V18/><F18/><W19/><G19/><T78/><D30/><U68/><E68/><V126/><F126/><W94/><G31/><T36/><D28/><U60/><AGARI ba="0,1" hai="0,6,10,11,12,17,24,25,27,60,67,71,72,74" machi="60" ten="30,4000,0" yaku="1,1,0,1,52,1,53,0" doraHai="66" doraHaiUra="86" who="1" fromWho="1" sc="450,-10,60,50,250,-10,230,-20" /><INIT seed="4,0,0,4,4,10" ten="440,110,240,210" oya="0" hai0="62,83,113,93,63,131,20,40,50,120,47,79,61" hai1="46,118,88,56,73,48,16,105,111,66,0,115,59" hai2="38,26,127,36,78,124,103,122,86,72,65,123,114" hai3="25,11,121,67,112,28,52,5,51,90,42,87,92"/><T77/><D120/><N who="2" m="46122" /><F86/><W126/><G126/><N who="2" m="48169" /><F103/><W68/><G112/><T104/><D113/><U101/><E111/><V30/><F114/><W128/><G128/><T125/><D131/><U130/><E73/><V3/><F65/><W37/><G121/><T57/><D125/><U69/><E115/><V74/><F3/><W81/><G37/><N who="2" m="14441" /><F78/><W22/><G42/><T33/><D104/><U39/><E0/><V41/><F41/><W129/><G129/><T94/><D33/><AGARI ba="0,0" hai="26,30,33,72,74" m="14441,48169,46122" machi="33" ten="40,2600,0" yaku="18,1,23,1" doraHai="10" who="2" fromWho="0" sc="440,-26,110,0,240,26,210,0" /><INIT seed="5,0,0,2,4,36" ten="414,110,266,210" oya="1" hai0="76,45,3,38,106,126,23,113,134,56,42,12,8" hai1="116,117,115,131,18,99,80,33,63,120,72,75,107" hai2="108,64,43,100,104,77,79,55,53,26,11,21,35" hai3="40,127,85,62,22,9,94,119,24,68,70,28,30"/><U10/><E18/><V98/><F108/><W83/><G127/><T58/><D113/><U25/><E120/><V31/><F11/><W1/><G119/><N who="1" m="45642" /><E80/><V13/><F43/><W84/><G30/><T132/><D106/><U102/><E115/><V87/><F87/><W105/><G105/><T2/><D126/><U112/><E112/><V124/><F124/><W110/><G110/><T5/><D76/><N who="2" m="29258" /><F13/><W86/><G83/><T34/><D34/><U49/><E49/><V97/><F97/><W32/><G32/><T59/><REACH who="0" step="1"/><D23/><REACH who="0" ten="404,110,266,210" step="2"/><U27/><E131/><V6/><F21/><W122/><G22/><T57/><N who="0" m="14848" /><DORA hai="41" /><T125/><D125/><U81/><E33/><V60/><F35/><W73/><G122/><T82/><D82/><U133/><E81/><V103/><F104/><W101/><G70/><T92/><D92/><U90/><E107/><V71/><F71/><W29/><G68/><T130/><D130/><U88/><E63/><V67/><F60/><W109/><G62/><T4/><D4/><U69/><E69/><V52/><F6/><W50/><G94/><T95/><D95/><U93/><E75/><V0/><F67/><W47/><G73/><T39/><D39/><U51/><E72/><V37/><F64/><W44/><G109/><T14/><D14/><U123/><E123/><V74/><F37/><W19/><G1/><AGARI ba="0,1" hai="1,2,3,5,8,12,38,42,45,132,134" m="14848" machi="1" ten="60,7700,0" yaku="1,1,52,2,53,0" doraHai="36,41" doraHaiUra="121,16" who="0" fromWho="3" sc="404,87,110,0,266,0,210,-77" /><INIT seed="6,0,0,5,1,113" ten="491,110,266,133" oya="2" hai0="61,82,118,72,53,71,14,112,4,22,52,26,59" hai1="3,119,134,60,44,107,73,108,91,5,20,35,63" hai2="62,24,92,133,102,19,51,115,27,42,121,30,125" hai3="47,127,106,1,39,9,120,17,66,40,56,84,126"/><V104/><F104/><W10/><G106/><T85/><D112/><U11/><E108/><V130/><F121/><W8/><G120/><T132/><D72/><U46/><E107/><V21/><F125/><N who="3" m="47627" /><G84/><T57/><D71/><U78/><E35/><V123/><F133/><W25/><G25/><T32/><D132/><U99/><E134/><V69/><F130/><W109/><G109/><T15/><D32/><U45/><E20/><V70/><F70/><W55/><G66/><T83/><D4/><U131/><E131/><V67/><F27/><W68/><G68/><T100/><D100/><U103/><E91/><V81/><F24/><W38/><G38/><T90/><D83/><U124/><E124/><V74/><F81/><W33/><G33/><T0/><D0/><U50/><E50/><V12/><F51/><N who="3" m="30847" /><G17/><N who="0" m="12623" /><D118/><U2/><E119/><V48/><F67/><W110/><G110/><T76/><D76/><U135/><E135/><V34/><F19/><W58/><G58/><T36/><D36/><U65/><E78/><V49/><F69/><W13/><G13/><T86/><D86/><U54/><E73/><V129/><F12/><W89/><G89/><T97/><D97/><U7/><E99/><V29/><F74/><W79/><G79/><T31/><D31/><U128/><E128/><V37/><F34/><W6/><AGARI ba="0,0" hai="1,6,8,9,10,39,40,47" m="30847,47627" machi="6" ten="30,1100,0" yaku="18,1" doraHai="113" who="3" fromWho="3" sc="491,-3,110,-3,266,-5,133,11" /><INIT seed="7,0,0,5,3,0" ten="488,107,261,144" oya="3" hai0="97,116,17,77,46,73,6,60,67,89,70,93,88" hai1="34,62,49,47,12,129,85,42,7,65,35,14,121" hai2="90,135,9,72,51,95,68,63,104,126,54,94,52" hai3="40,131,76,4,82,38,8,45,133,125,56,81,10"/><W100/><G125/><T27/><D116/><U132/><E129/><V107/><F72/><W71/><G71/><T66/><D66/><U123/><E132/><V21/><F95/><W108/><G133/><T30/><D17/><U74/><E74/><V101/><F101/><W105/><G131/><T113/><D46/><U20/><E14/><V13/><F21/><W128/><G128/><T25/><D113/><U96/><E96/><V130/><F126/><W53/><G108/><T37/><D37/><U111/><E111/><V110/><F110/><W118/><G118/><T134/><D134/><U50/><E50/><V84/><F135/><W99/><G10/><T32/><D27/><U26/><E85/><V114/><F114/><W15/><REACH who="3" step="1"/><G76/><REACH who="3" ten="488,107,261,134" step="2"/><T80/><D70/><U115/><E115/><V92/><F68/><W11/><G11/><T23/><D77/><U61/><E123/><V91/><F130/><W58/><G58/><T39/><D39/><U16/><E121/><V117/><F117/><W22/><G22/><T31/><D23/><U124/><E124/><V86/><F9/><W127/><G127/><T36/><D36/><U2/><E35/><V98/><F13/><W5/><G5/><T33/><D6/><U87/><E34/><V28/><F28/><W59/><G59/><N who="0" m="37279" /><D31/><U57/><E2/><V122/><F122/><W103/><G103/><N who="0" m="60847" /><D33/><U109/><E109/><V79/><F79/><W120/><G120/><T55/><D32/><U106/><E7/><V112/><F112/><W29/><G29/><T19/><D30/><U48/><E57/><N who="2" m="35239" /><F98/><W102/><G102/><RYUUKYOKU ba="0,1" sc="488,-15,107,-15,261,15,134,15" hai2="51,54,84,86,90,91,92,94,104,107" hai3="4,8,15,38,40,45,53,56,81,82,99,100,105" /><INIT seed="7,1,1,1,2,91" ten="473,92,276,149" oya="3" hai0="69,45,9,72,74,65,86,24,83,32,113,73,23" hai1="66,16,21,122,17,109,85,54,35,123,81,18,31" hai2="95,103,101,88,63,52,132,71,98,93,102,61,115" hai3="70,120,129,3,82,2,28,126,48,1,89,25,27"/><W34/><G70/><T94/><D113/><U134/><E134/><V114/><F132/><W121/><G82/><T12/><D32/><U68/><E109/><V47/><F71/><W51/><G89/><T43/><D69/><U118/><E35/><V46/><F115/><W39/><G51/><T117/><D65/><U50/><E118/><V119/><F119/><W131/><G48/><T110/><D110/><U33/><E33/><V64/><F64/><W14/><G39/><T11/><D117/><U60/><E31/><V128/><F128/><N who="3" m="49227" /><G27/><T20/><D83/><U5/><E5/><V92/><F114/><W108/><G108/><T96/><D86/><U107/><E21/><V4/><F63/><W15/><G126/><T78/><D78/><U62/><E107/><V79/><F79/><W87/><G87/><T0/><D24/><U104/><E104/><V116/><F116/><W80/><G80/><T6/><D45/><U38/><E38/><V40/><F40/><W56/><G56/><T124/><D43/><U7/><E62/><V125/><F125/><W55/><G55/><T30/><D124/><U99/><E99/><V127/><F127/><W22/><G34/><T77/><D77/><U58/><REACH who="1" step="1"/><E7/><REACH who="1" ten="473,82,276,149" step="2"/><V59/><F4/><W37/><G37/><T67/><D73/><U57/><E57/><V26/><F26/><W130/><G130/><T105/><D72/><U8/><E8/><V10/><F10/><W75/><G75/><T36/><D74/><U29/><E29/><V44/><AGARI ba="1,2" hai="44,46,47,52,59,61,88,92,93,95,98,101,102,103" machi="44" ten="30,12000,2" yaku="0,1,8,1,52,3,54,2" doraHai="91" who="2" fromWho="2" sc="473,-31,82,-31,276,143,149,-61" owari="442,54.0,51,-45.0,419,22.0,88,-31.0" /></mjloggm>