<mjloggm ver="2.3"><GO type="169" lobby="0"/><UN n0="%E5%B0%B1%E6%B4%BB%E7%94%9F%40%E5%B7%9D%E6%9D%91%E8%BB%8D%E5%9B%A3" n1="%E5%88%87%E3%82%8A%E6%9C%AD" n2="%78%73%78%63%35%37" n3="%E7%A0%B2%E3%81%AE%E4%B8%8A%E3%81%AE%E3%81%82%E3%81%AE%E5%A8%98" dan="18,17,16,16" rate="2242.91,2096.88,2038.37,2088.32" sx="M,M,F,F"/><TAIKYOKU oya="0"/><INIT seed="0,0,0,0,2,109" ten="250,250,250,250" oya="0" hai0="104,29,114,0,13,24,85,31,113,98,55,58,12" hai1="119,117,63,81,27,26,18,79,39,30,125,1,110" hai2="107,83,46,14,25,93,96,127,100,123,22,44,94" hai3="75,90,99,135,134,64,56,111,49,97,92,10,106"/><T101/><D0/><U88/><E39/><V52/><F123/><W118/><G118/><T68/><D68/><U19/><E1/><V51/><F127/><W74/><G111/><T71/><D71/><U108/><E63/><V15/><F46/><W132/><G10/><T77/><D29/><U32/><E81/><V53/><F83/><W48/><G64/><T4/><D77/><U72/><E79/><V89/><F53/><N who="3" m="31791" /><G48/><T105/><D85/><U124/><E30/><V16/><F107/><W73/><G106/><T69/><D69/><U47/><E47/><V20/><F20/><W33/><G33/><T80/><D80/><U43/><E88/><V3/><F3/><W37/><G37/><T86/><D86/><AGARI ba="0,0" hai="14,15,16,22,25,44,51,52,86,89,93,94,96,100" machi="86" ten="30,7700,0" yaku="7,1,8,1,54,2" doraHai="109" who="2" fromWho="0" sc="250,-77,250,0,250,77,250,0" /><AGARI ba="0,0" hai="73,74,75,86,90,92,97,99,132,134,135" m="31791" machi="86" ten="40,1300,0" yaku="20,1" doraHai="109" who="3" fromWho="0" sc="173,-13,250,0,327,0,250,13" /><INIT seed="1,0,0,5,4,113" ten="160,250,327,263" oya="1" hai0="35,92,22,40,103,126,8,29,34,121,80,123,33" hai1="114,61,128,57,39,70,58,51,6,97,28,117,105" hai2="99,17,87,46,42,11,127,71,74,124,91,47,115" hai3="94,26,90,62,100,89,59,27,50,118,20,7,75"/><U2/><E6/><V134/><F115/><W120/><G120/><N who="0" m="46155" /><D40/><U78/><E2/><V37/><F134/><W64/><G75/><T36/><D36/><U19/><E114/><V77/><F71/><W133/><G133/><T32/><D80/><U82/><E39/><V68/><F68/><W54/><G7/><T18/><D103/><U125/><E125/><N who="2" m="48203" /><F47/><W14/><G118/><T60/><D60/><U108/><E117/><V95/><F74/><W63/><G63/><T79/><D79/><U53/><E28/><V81/><F17/><N who="3" m="10295" /><G100/><T102/><D102/><U31/><E31/><V10/><AGARI ba="0,0" hai="10,11,37,42,46,77,81,87,91,95,99" m="48203" machi="10" ten="30,1100,0" yaku="18,1" doraHai="113" who="2" fromWho="2" sc="160,-3,250,-5,327,11,263,-3" /><INIT seed="2,0,0,3,1,7" ten="157,245,338,260" oya="2" hai0="81,72,12,74,109,61,58,42,0,126,52,122,66" hai1="20,134,18,57,44,95,69,128,55,63,117,65,6" hai2="84,31,11,102,76,54,59,70,34,108,13,112,67" hai3="23,96,1,82,64,90,60,51,38,91,121,77,27"/><V47/><F112/><W133/><G121/><T104/><D122/><U88/><E128/><V68/><F102/><W30/><G38/><T85/><D0/><U116/><E6/><V120/><F120/><W2/><G133/><T40/><D104/><U127/><E44/><V16/><F47/><W45/><G1/><T22/><D109/><U9/><E127/><V107/><F107/><W124/><G2/><T111/><D111/><U46/><E46/><V99/><F99/><W37/><G37/><T79/><D126/><U41/><E41/><V53/><F67/><W130/><G130/><T32/><D32/><U14/><E20/><V56/><F108/><W5/><G124/><T71/><D74/><U15/><E15/><V33/><F34/><W83/><G5/><T39/><D39/><U125/><E134/><V110/><F110/><W98/><G98/><T8/><D72/><U131/><E131/><V113/><F113/><W73/><G82/><T135/><D135/><U29/><E29/><V100/><F100/><W132/><G96/><T97/><D97/><U10/><E10/><V26/><F84/><W48/><G132/><T93/><D93/><U115/><E115/><V21/><F76/><W118/><G118/><T75/><D22/><U92/><E92/><V24/><F24/><W106/><G106/><T103/><D103/><U86/><REACH who="1" step="1"/><E125/><REACH who="1" ten="157,235,338,260" step="2"/><V43/><F43/><W17/><G30/><T105/><D105/><U35/><E35/><V94/><F94/><W78/><G45/><T25/><D42/><U19/><E19/><V129/><F129/><W87/><G17/><RYUUKYOKU ba="0,1" sc="157,-10,235,30,338,-10,260,-10" hai1="9,14,18,55,57,63,65,69,86,88,95,116,117" /><INIT seed="3,1,1,1,0,42" ten="147,265,328,250" oya="3" hai0="125,66,16,11,77,45,84,112,71,73,109,67,46" hai1="81,100,88,13,33,7,55,41,26,40,131,35,12" hai2="18,107,95,82,94,117,54,65,37,58,15,60,93" hai3="103,98,133,134,75,120,99,8,132,104,17,115,25"/><W22/><G115/><T49/><D73/><U129/><E100/><V105/><F117/><W9/><G120/><T47/><D112/><U38/><E55/><V14/><F37/><W86/><G75/><T48/><D109/><U83/><E26/><V10/><F82/><W64/><G64/><N who="0" m="24619" /><D71/><U114/><E7/><V119/><F119/><W32/><G32/><T97/><D125/><U31/><E114/><V123/><F123/><W126/><G126/><T85/><D97/><U29/><REACH who="1" step="1"/><E88/><REACH who="1" ten="147,255,328,250" step="2"/><V52/><F107/><N who="3" m="63991" /><G86/><N who="0" m="33387" /><D77/><U80/><E80/><V92/><F105/><W70/><G70/><T79/><D79/><U53/><E53/><V23/><N who="2" m="23552" /><DORA hai="101" /><V24/><REACH who="2" step="1"/><F15/><AGARI ba="1,2" hai="11,15,16,45,46,47,48,49" m="33387,24619" machi="15" ten="30,8000,1" yaku="8,1,52,3,54,1" doraHai="42,101" who="0" fromWho="2" sc="147,103,255,0,328,-83,250,0" /><INIT seed="4,0,0,3,0,39" ten="250,255,245,250" oya="0" hai0="51,4,79,17,126,24,28,122,93,73,80,83,117" hai1="59,0,133,116,103,75,41,15,27,90,26,112,109" hai2="74,47,84,20,13,124,105,10,87,36,129,111,127" hai3="23,8,94,99,5,18,72,12,9,66,114,118,61"/><T135/><D117/><U21/><E109/><V65/><F111/><W62/><G118/><T33/><D122/><U110/><E0/><V92/><F74/><W115/><G72/><T16/><D135/><U102/><E75/><V67/><F105/><W54/><G54/><T69/><D69/><U43/><E116/><V22/><F129/><W125/><G125/><N who="2" m="48201" /><F92/><W85/><G85/><N who="2" m="32841" /><F36/><W11/><G5/><T131/><D80/><U86/><E133/><V57/><F47/><W91/><REACH who="3" step="1"/><G61/><REACH who="3" ten="250,255,245,240" step="2"/><T55/><D126/><U3/><E86/><V113/><F113/><W7/><G7/><T45/><D131/><U134/><E112/><V50/><F50/><W70/><AGARI ba="0,1" hai="8,9,11,12,18,23,62,66,70,91,94,99,114,115" machi="70" ten="30,2000,0" yaku="1,1,0,1,53,0" doraHai="39" doraHaiUra="29" who="3" fromWho="3" sc="250,-10,255,-5,245,-5,240,30" /><INIT seed="5,0,0,2,3,81" ten="240,250,240,270" oya="1" hai0="114,91,15,37,73,58,131,49,50,56,61,39,93" hai1="119,64,9,24,128,29,16,86,88,106,22,121,127" hai2="11,68,0,66,57,92,47,53,124,12,134,102,74" hai3="33,23,90,126,3,44,30,129,48,104,80,72,41"/><U45/><E119/><V99/><F74/><W85/><G129/><T35/><D73/><U38/><E121/><V8/><F134/><W60/><G126/><T20/><D35/><U135/><E106/><V110/><F124/><W4/><G33/><T130/><D114/><U94/><E127/><V89/><F110/><W116/><G116/><T43/><D20/><U25/><E135/><V63/><F0/><W17/><G30/><T117/><D15/><U75/><E75/><V123/><F123/><W100/><G72/><T107/><D107/><U40/><E64/><V10/><F47/><W18/><G60/><T108/><D108/><U13/><REACH who="1" step="1"/><E25/><REACH who="1" ten="240,240,240,270" step="2"/><V26/><F26/><W133/><G133/><T79/><D117/><U78/><E78/><V59/><F68/><W6/><G104/><T19/><D79/><U115/><E115/><V77/><F77/><W65/><G65/><T2/><D130/><AGARI ba="0,1" hai="9,13,16,22,24,29,38,40,45,86,88,94,128,130" machi="130" ten="40,12000,1" yaku="1,1,52,1,54,2,53,0" doraHai="81" doraHaiUra="112" who="1" fromWho="0" sc="240,-120,240,130,240,0,270,0" /><INIT seed="5,1,0,2,3,116" ten="120,370,240,270" oya="1" hai0="129,30,59,8,92,127,77,89,28,15,134,67,29" hai1="87,44,109,97,96,26,104,61,70,36,124,22,106" hai2="13,115,14,98,131,27,18,37,63,21,80,86,123" hai3="0,23,128,46,5,114,52,112,43,56,78,66,60"/><U35/><E35/><V75/><F37/><W71/><G128/><T81/><D129/><U118/><E118/><V34/><F131/><W1/><G78/><T51/><D134/><U41/><E87/><V83/><F75/><W93/><G93/><T16/><D127/><U91/><E124/><V94/><F123/><W7/><G23/><T39/><D39/><U110/><E70/><V19/><F34/><W65/><G65/><T49/><D67/><U85/><E61/><V38/><F38/><N who="3" m="21879" /><G5/><T3/><D3/><N who="3" m="1097" /><G7/><T82/><D59/><U122/><E91/><V79/><F115/><W48/><AGARI ba="1,0" hai="48,52,56,60,66,71,112,114" m="1097,21879" machi="48" ten="30,2000,0" yaku="24,1,54,1" doraHai="116" who="3" fromWho="3" sc="120,-6,370,-11,240,-6,270,23" /><INIT seed="6,0,0,0,2,29" ten="114,359,234,293" oya="2" hai0="47,116,76,105,35,9,127,124,6,14,4,52,10" hai1="131,78,49,125,3,93,129,8,37,94,104,67,106" hai2="50,99,12,69,119,28,66,73,27,115,68,1,46" hai3="90,95,80,21,32,91,107,24,19,81,5,60,54"/><V42/><F119/><W109/><G109/><T43/><D105/><U133/><E37/><V15/><F1/><W51/><G107/><T84/><D116/><U74/><E67/><V61/><F73/><W101/><G32/><T87/><D35/><U102/><E133/><V135/><F135/><W38/><G38/><T79/><D43/><U22/><E125/><V118/><F118/><W103/><G60/><T16/><D47/><U82/><E22/><V55/><F115/><W77/><G5/><T75/><D75/><U122/><E122/><V57/><F99/><W20/><G20/><T89/><D14/><U120/><E120/><V85/><F85/><N who="3" m="48271" /><G81/><T39/><D39/><U25/><E25/><V26/><F26/><W41/><G41/><T114/><D89/><N who="3" m="33801" /><G95/><N who="1" m="36362" /><E49/><V56/><F56/><AGARI ba="0,0" hai="19,21,24,51,54,56,101,103" m="33801,48271" machi="56" ten="30,1000,0" yaku="8,1" doraHai="29" who="3" fromWho="2" sc="114,0,359,0,234,-10,293,10" /><INIT seed="7,0,0,3,4,118" ten="114,359,224,303" oya="3" hai0="29,129,100,69,80,16,120,63,93,19,6,70,88" hai1="21,48,10,74,30,36,2,77,59,122,103,134,104" hai2="132,12,76,39,64,62,91,47,46,133,85,121,96" hai3="106,123,127,9,105,17,130,32,23,26,113,13,95"/><W14/><G95/><T68/><D129/><U49/><E122/><V18/><F39/><W111/><G106/><T114/><D29/><U33/><E33/><V35/><F35/><W102/><G102/><T92/><D6/><U1/><E30/><V40/><F76/><W3/><G105/><T98/><D80/><U73/><E21/><V15/><F96/><W11/><G113/><T115/><D63/><U28/><E28/><V89/><F91/><W37/><G37/><T75/><D75/><U34/><E34/><V66/><F64/><W24/><G130/><T126/><D126/><U41/><E2/><V56/><F15/><N who="3" m="9663" /><G127/><T61/><D61/><U50/><E59/><V131/><F131/><W84/><G111/><T58/><D58/><U109/><E109/><V57/><F57/><W67/><G67/><T43/><D43/><U55/><E55/><V108/><F108/><W117/><G84/><N who="0" m="52231" /><D120/><U60/><E73/><V83/><F121/><W119/><G123/><T52/><D52/><U22/><E1/><V51/><REACH who="2" step="1"/><F47/><REACH who="2" ten="114,359,214,303" step="2"/><W116/><G32/><T79/><D79/><U86/><E77/><V110/><F110/><W107/><G3/><T90/><D90/><U0/><E0/><V94/><F94/><W44/><G44/><T124/><D124/><U5/><E36/><V27/><F27/><N who="3" m="10283" /><G107/><T31/><D31/><U8/><E104/><V20/><AGARI ba="0,1" hai="12,18,20,40,46,51,56,62,66,83,85,89,132,133" machi="20" ten="30,4000,0" yaku="1,1,0,1,53,1" doraHai="118" doraHaiUra="78" who="2" fromWho="2" sc="114,-10,359,-10,214,50,303,-20" owari="104,-40.0,349,46.0,264,-14.0,283,8.0" /></mjloggm>