<mjloggm ver="2.3"><GO type="169" lobby="0"/><UN n0="%E3%83%92%E3%83%AB%E3%83%99%E3%83%AB%E3%83%88" n1="%E5%B0%B1%E6%B4%BB%E7%94%9F%40%E5%B7%9D%E6%9D%91%E8%BB%8D%E5%9B%A3" n2="%E4%BB%B2%E5%B7%9D%E7%BF%94" n3="%E3%81%AA%E3%81%AA%E3%81%BF%E3%82%93%E3%81%94" dan="16,18,16,16" rate="2084.08,2316.17,2122.65,2086.19" sx="M,M,M,M"/><TAIKYOKU oya="0"/><INIT seed="0,0,0,2,0,82" ten="250,250,250,250" oya="0" hai0="22,71,27,120,133,114,84,6,119,96,35,87,18" hai1="89,88,21,56,11,90,79,103,46,3,33,57,134" hai2="48,125,50,59,124,51,93,102,43,4,123,9,5" hai3="97,69,38,95,115,70,60,122,54,128,92,129,130"/><T52/><D114/><U39/><E33/><V86/><F123/><W45/><G115/><T24/><D119/><U91/><E134/><V14/><F4/><W126/><G126/><N who="2" m="48745" /><F43/><N who="3" m="22775" /><G122/><T49/><D120/><U53/><E103/><V109/><F109/><W107/><G107/><T63/><D133/><U74/><E21/><V108/><F108/><W44/><G95/><T10/><D96/><U12/><E3/><V61/><F102/><N who="3" m="60711" /><G44/><T23/><D35/><U110/><E110/><V94/><F86/><W101/><G101/><T127/><D127/><U13/><E13/><V99/><F99/><W104/><G104/><T32/><D32/><U121/><E121/><V20/><F20/><W29/><G29/><T117/><D117/><U80/><N who="1" m="23040" /><DORA hai="42" /><U75/><E75/><V118/><F118/><W135/><G135/><T36/><D36/><U83/><E83/><V106/><F106/><W81/><G81/><T62/><D71/><N who="3" m="27145" /><G60/><N who="0" m="23083" /><D6/><U78/><E78/><V40/><F40/><W132/><G132/><T28/><D10/><U0/><E0/><V68/><F68/><W66/><G66/><AGARI ba="0,0" hai="5,9,14,48,50,51,59,61,66,93,94" m="48745" machi="66" ten="30,1000,0" yaku="18,1" doraHai="82,42" who="2" fromWho="3" sc="250,0,250,0,250,10,250,-10" /><INIT seed="1,0,0,4,1,19" ten="250,250,260,240" oya="1" hai0="100,107,120,99,50,62,128,104,26,85,92,93,59" hai1="83,41,35,95,121,10,88,14,49,43,124,79,58" hai2="84,74,21,114,73,24,90,32,117,13,12,122,48" hai3="45,67,25,82,81,126,111,46,89,9,42,44,1"/><U127/><E121/><V29/><F117/><W17/><G111/><T94/><D128/><U101/><E35/><V133/><F122/><W31/><G126/><N who="1" m="48170" /><E101/><V36/><F36/><W18/><G42/><T105/><D120/><U28/><E28/><V65/><F65/><W53/><G67/><T16/><D50/><U27/><E27/><V75/><F114/><W106/><G106/><T86/><D99/><N who="1" m="57831" /><E58/><V91/><F91/><W108/><G108/><T125/><D100/><U87/><E49/><V103/><F103/><W37/><G37/><T60/><D125/><U70/><E70/><V78/><F78/><W109/><G109/><T97/><D97/><U115/><E115/><V0/><F0/><W40/><G40/><T7/><D7/><AGARI ba="0,0" hai="7,10,14,41,43,79,83,87" m="57831,48170" machi="7" ten="30,2900,0" yaku="18,1,54,1" doraHai="19" who="1" fromWho="0" sc="250,-29,250,29,260,0,240,0" /><INIT seed="1,1,0,5,4,112" ten="221,279,260,240" oya="1" hai0="123,36,2,108,19,46,135,8,34,116,69,126,42" hai1="38,98,120,14,78,29,44,102,35,55,127,33,115" hai2="84,54,59,104,92,85,93,122,105,21,25,72,114" hai3="63,106,65,70,32,18,67,80,119,91,41,15,96"/><U90/><E120/><V47/><F122/><W134/><G134/><T0/><RYUUKYOKU type="yao9" ba="1,0" sc="221,0,279,0,260,0,240,0" hai0="0,2,8,19,34,36,42,46,69,108,116,123,126,135" /><INIT seed="1,2,0,3,0,39" ten="221,279,260,240" oya="1" hai0="33,100,114,113,98,34,53,58,1,104,60,54,55" hai1="44,116,14,9,64,23,56,101,71,132,48,21,59" hai2="62,111,127,35,107,38,46,84,90,126,24,27,94" hai3="76,51,5,125,121,4,134,118,89,78,67,122,69"/><U123/><E116/><V22/><F107/><W103/><G103/><T66/><REACH who="0" step="1"/><D1/><REACH who="0" ten="211,279,260,240" step="2"/><U97/><E123/><V52/><F127/><W72/><G125/><T2/><D2/><U13/><E132/><V15/><F126/><W102/><G134/><T63/><D63/><U47/><E71/><V130/><F62/><W37/><G69/><T93/><D93/><N who="1" m="58543" /><E47/><V32/><F94/><W36/><G121/><T6/><D6/><N who="1" m="3255" /><E64/><V10/><F46/><W75/><G67/><T110/><D110/><U112/><E112/><AGARI ba="2,1" hai="33,34,53,54,55,58,60,66,98,100,104,112,113,114" machi="112" ten="40,2600,0" yaku="21,2,53,0" doraHai="39" doraHaiUra="20" who="0" fromWho="1" sc="211,42,279,-32,260,0,240,0" /><INIT seed="2,0,0,2,4,122" ten="253,247,260,240" oya="2" hai0="30,28,114,43,96,99,45,64,26,73,63,66,81" hai1="70,115,50,91,62,56,84,68,98,65,79,106,93" hai2="32,9,29,3,134,125,17,24,69,82,42,15,83" hai3="22,132,89,49,128,76,4,118,14,31,53,126,135"/><V80/><F69/><W105/><G118/><T33/><D114/><U2/><E2/><V119/><F119/><W86/><G105/><T71/><D66/><U133/><E115/><V0/><F125/><W44/><G128/><T54/><D54/><U16/><E133/><V101/><F134/><N who="3" m="51243" /><G126/><T123/><D30/><U113/><E113/><V20/><F101/><W127/><G127/><T11/><D11/><U90/><E79/><V6/><F0/><W111/><G76/><T58/><D58/><U104/><E50/><V1/><F1/><W97/><G97/><T88/><D123/><U129/><E129/><V116/><F116/><W39/><G39/><T110/><D110/><U78/><E78/><V18/><F18/><N who="3" m="10583" /><G4/><T57/><D71/><U46/><E46/><V34/><REACH who="2" step="1"/><F42/><REACH who="2" ten="253,247,250,240" step="2"/><W117/><G117/><T109/><D73/><U121/><E121/><V85/><F85/><W8/><G31/><T94/><D99/><U75/><E75/><V124/><F124/><W23/><G8/><AGARI ba="0,1" hai="3,6,8,9,15,17,20,24,29,32,34,80,82,83" machi="8" ten="40,2000,0" yaku="1,1,53,0" doraHai="122" doraHaiUra="60" who="2" fromWho="3" sc="253,0,247,0,250,30,240,-20" /><INIT seed="2,1,0,3,1,21" ten="253,247,280,220" oya="2" hai0="75,36,125,133,92,134,113,62,41,130,10,11,98" hai1="96,23,132,35,74,27,1,14,105,29,71,22,89" hai2="123,114,48,117,65,112,17,99,18,32,118,55,122" hai3="87,73,121,103,63,57,135,13,91,106,64,129,127"/><V25/><F65/><W80/><G121/><N who="2" m="46089" /><F99/><W124/><G129/><T77/><D130/><U81/><E132/><N who="0" m="50793" /><D113/><N who="2" m="43626" /><F55/><W104/><G135/><T6/><D125/><N who="3" m="48201" /><G103/><T78/><D75/><U43/><E43/><V111/><F48/><W24/><G13/><N who="0" m="5335" /><D11/><U20/><E71/><V38/><F38/><W101/><G101/><N who="0" m="60615" /><D62/><U115/><E115/><V51/><F51/><W42/><G73/><T40/><D40/><U67/><E67/><V68/><F68/><W54/><G42/><T61/><D61/><U86/><E74/><V46/><F46/><AGARI ba="1,0" hai="36,41,46,77,78" m="60615,5335,50793" machi="46" ten="30,1000,0" yaku="20,1" doraHai="21" who="0" fromWho="2" sc="253,13,247,0,280,-13,220,0" /><INIT seed="3,0,0,4,5,99" ten="266,247,267,220" oya="3" hai0="15,61,101,12,73,97,1,31,92,90,54,65,13" hai1="32,80,20,100,72,122,46,96,109,45,59,106,58" hai2="8,91,33,53,35,9,127,95,38,108,117,28,69" hai3="77,88,121,107,60,81,126,131,50,71,128,85,67"/><W21/><G121/><T51/><D1/><U76/><E32/><V103/><F117/><W111/><G126/><T79/><D31/><U70/><E70/><V7/><F38/><W87/><G111/><T40/><D40/><U44/><E122/><V25/><F69/><W36/><G36/><T26/><D26/><U5/><E109/><V86/><F127/><W115/><G115/><T23/><D73/><U37/><E37/><V98/><F108/><W94/><G107/><T84/><D79/><U104/><E5/><V82/><F35/><W52/><REACH who="3" step="1"/><G21/><REACH who="3" ten="266,247,267,210" step="2"/><T119/><D23/><U78/><E106/><V93/><F7/><W4/><G4/><T22/><D22/><U39/><E39/><V105/><F105/><W113/><G113/><T6/><D6/><U102/><E20/><V63/><F8/><W114/><G114/><T14/><D119/><U123/><E123/><V66/><F9/><W48/><G48/><T57/><D14/><U116/><E116/><V130/><F130/><W110/><G110/><T3/><D3/><U30/><E30/><V41/><F33/><W56/><AGARI ba="0,1" hai="50,52,56,60,67,71,77,81,85,87,88,94,128,131" machi="56" ten="30,12000,1" yaku="1,1,0,1,54,2,53,1" doraHai="99" doraHaiUra="74" who="3" fromWho="3" sc="266,-40,247,-40,267,-40,210,130" /><INIT seed="3,1,0,2,3,58" ten="226,207,227,340" oya="3" hai0="43,134,46,131,15,38,71,62,113,9,4,11,95" hai1="19,66,73,115,10,102,100,47,128,42,8,133,123" hai2="54,24,36,90,22,69,74,14,0,82,81,52,55" hai3="57,121,64,125,109,79,101,35,1,34,117,56,45"/><W59/><G121/><T105/><D105/><U31/><E123/><V75/><F0/><W65/><G117/><T26/><D131/><U18/><E73/><V48/><F36/><W80/><G1/><T16/><D134/><U108/><E115/><V3/><F3/><W111/><G125/><T28/><D113/><U7/><E128/><V110/><F69/><W49/><G101/><T98/><D71/><U53/><E31/><V70/><F70/><W44/><G44/><T129/><D129/><U92/><E66/><V124/><F110/><N who="3" m="41995" /><G34/><T27/><D28/><U86/><E108/><V61/><F75/><N who="3" m="43135" /><G35/><T76/><D76/><U30/><E47/><V106/><F74/><W33/><G33/><T29/><D29/><U85/><E42/><AGARI ba="1,0" hai="42,45,49,56,57,59,64,65" m="43135,41995" machi="42" ten="30,2900,0" yaku="14,1,10,1" doraHai="58" who="3" fromWho="1" sc="226,0,207,-32,227,0,340,32" /><INIT seed="3,2,0,0,5,113" ten="226,175,227,372" oya="3" hai0="58,110,64,73,108,65,41,68,57,24,92,88,74" hai1="98,4,115,125,25,52,107,81,44,80,70,93,75" hai2="106,127,46,8,59,99,105,112,120,17,85,12,27" hai3="60,77,33,49,36,14,91,62,55,51,132,61,19"/><W123/><G36/><T39/><D39/><U42/><E115/><V118/><F112/><W119/><G123/><T67/><D41/><U129/><E70/><V18/><F127/><W122/><G122/><T78/><D68/><U26/><E107/><V48/><F106/><W130/><G33/><T23/><D78/><U101/><E125/><V116/><F59/><W7/><G7/><T66/><D58/><U37/><E129/><V6/><F120/><W96/><G132/><T9/><D9/><U97/><E4/><V3/><F85/><W117/><G77/><T87/><N who="0" m="16384" /><DORA hai="56" /><T89/><D57/><U53/><E97/><V133/><F133/><W31/><G31/><T103/><D103/><U2/><E2/><V128/><F128/><W100/><G91/><T40/><D40/><U32/><E75/><V35/><F18/><W114/><G114/><T22/><D22/><U20/><E32/><V45/><F45/><W0/><G0/><T34/><D34/><U38/><E38/><V109/><F109/><N who="0" m="42090" /><D89/><U47/><E26/><V10/><F27/><W13/><G130/><T43/><D43/><U126/><E126/><V102/><F35/><W90/><G90/><T30/><AGARI ba="2,0" hai="23,24,30,73,74,87,88,92" m="42090,16384" machi="30" ten="50,3200,0" yaku="14,1,54,1" doraHai="113,56" who="0" fromWho="0" sc="226,38,175,-10,227,-10,372,-18" /><INIT seed="4,0,0,0,5,37" ten="264,165,217,354" oya="0" hai0="54,17,70,80,11,94,41,66,96,56,77,73,103" hai1="35,135,108,5,131,38,9,63,92,2,6,105,33" hai2="60,19,127,126,62,20,44,129,22,84,53,61,91" hai3="123,43,98,47,124,52,59,76,111,100,26,4,71"/><T109/><D109/><U89/><E105/><V46/><F129/><W133/><G71/><T122/><D122/><U18/><E131/><V112/><F112/><W101/><G111/><T3/><D70/><U32/><E6/><V106/><F106/><W36/><G133/><T81/><D81/><U110/><E135/><V120/><F120/><W82/><G124/><N who="2" m="47657" /><F53/><W14/><G26/><T31/><D31/><U93/><E93/><N who="2" m="54503" /><F22/><W72/><G123/><T90/><D66/><U79/><E79/><V102/><F102/><W132/><G132/><T30/><D30/><U51/><E38/><V88/><F88/><W48/><REACH who="3" step="1"/><G98/><REACH who="3" ten="264,165,217,344" step="2"/><T55/><D96/><U13/><E108/><V117/><F117/><W130/><G130/><T10/><D3/><U128/><E110/><V21/><F21/><W58/><G58/><T34/><D56/><U87/><E128/><V86/><F86/><W45/><G45/><T114/><D34/><U16/><E2/><V69/><F69/><W39/><G39/><T75/><D114/><U104/><E104/><V83/><F46/><W0/><G0/><T67/><D10/><AGARI ba="0,1" hai="4,10,14,36,43,47,48,52,59,72,76,82,100,101" machi="10" ten="40,5200,0" yaku="1,1,52,1,54,1,53,0" doraHai="37" doraHaiUra="95" who="3" fromWho="0" sc="264,-52,165,0,217,0,344,62" /><INIT seed="5,0,0,2,3,57" ten="212,165,217,406" oya="1" hai0="104,48,28,6,74,107,68,14,12,127,72,67,94" hai1="10,133,33,96,80,90,115,78,122,77,21,9,123" hai2="125,126,73,32,41,59,119,99,55,111,46,81,47" hai3="19,85,71,58,11,66,8,27,25,103,113,4,93"/><U83/><E33/><V132/><F32/><W91/><G71/><T76/><D48/><U124/><E21/><V109/><F73/><W64/><G113/><T36/><D28/><U105/><E115/><V5/><F99/><N who="3" m="59887" /><G4/><T16/><D36/><U135/><E10/><N who="3" m="3626" /><G19/><T82/><D16/><U87/><E9/><V79/><F81/><N who="3" m="49583" /><G58/><T44/><D68/><U18/><E18/><V42/><F79/><N who="1" m="30217" /><E124/><N who="2" m="47723" /><F132/><N who="1" m="50761" /><E83/><V22/><F22/><W3/><G3/><T38/><D82/><U101/><AGARI ba="0,0" hai="80,87,90,96,101,105,122,123" m="50761,30217" machi="101" ten="30,6000,0" yaku="20,1,34,2" doraHai="57" who="1" fromWho="1" sc="212,-20,165,60,217,-20,406,-20" /><INIT seed="5,1,0,4,4,45" ten="192,225,197,386" oya="1" hai0="29,66,70,52,110,75,59,92,97,107,128,37,15" hai1="77,54,34,21,9,50,127,108,17,104,42,30,105" hai2="56,111,135,7,72,93,79,94,10,83,28,99,117" hai3="18,132,8,116,27,73,55,26,103,3,38,41,122"/><U100/><E42/><V101/><F117/><W91/><G122/><T43/><D110/><U74/><E127/><V69/><F69/><W87/><G73/><T1/><D75/><U88/><E108/><V14/><F135/><W90/><G132/><T23/><D1/><U48/><E34/><V113/><F113/><W58/><G103/><T68/><D107/><U62/><E74/><V11/><F28/><W25/><G116/><T130/><D66/><U13/><E77/><V40/><F40/><W89/><G41/><T129/><D37/><U124/><E104/><V12/><F56/><W82/><G38/><T60/><D43/><U112/><E112/><V51/><F51/><N who="1" m="19497" /><E105/><V133/><F133/><W123/><G123/><T115/><D115/><U102/><E124/><V63/><F63/><N who="3" m="36319" /><G3/><T84/><D84/><U57/><E88/><N who="3" m="33898" /><G8/><T95/><D97/><U44/><E44/><V39/><F39/><W47/><G47/><T119/><D119/><U98/><E98/><V49/><F49/><W31/><G31/><T33/><D70/><U53/><E53/><V121/><F121/><W32/><G32/><T96/><D96/><U4/><E30/><V67/><F111/><W78/><G78/><T125/><D68/><U126/><E126/><V131/><F67/><W61/><G61/><T0/><D0/><U114/><E114/><V134/><F134/><W36/><G36/><T19/><D125/><U86/><E86/><V76/><F76/><W80/><G91/><T2/><D2/><U5/><E9/><V6/><F94/><W65/><G87/><T71/><D71/><RYUUKYOKU ba="1,0" sc="192,10,225,10,197,10,386,-30" hai0="15,19,23,29,33,52,59,60,92,95,128,129,130" hai1="4,5,13,17,21,54,57,62,100,102" hai2="6,7,10,11,12,14,72,79,83,93,99,101,131" /><INIT seed="5,2,0,5,2,111" ten="202,235,207,356" oya="1" hai0="6,44,78,13,30,134,53,45,114,4,11,14,50" hai1="118,63,107,12,84,15,39,59,33,110,34,42,89" hai2="71,61,36,64,40,119,54,102,67,121,55,62,72" hai3="18,7,131,31,85,68,115,104,28,0,19,47,128"/><U8/><E107/><V83/><F102/><W80/><G68/><T17/><D134/><U125/><E110/><V77/><F121/><W92/><G104/><T65/><D78/><U108/><E108/><V129/><F119/><W3/><G92/><T26/><D65/><U109/><E109/><V97/><F129/><N who="3" m="49739" /><G47/><T66/><D66/><U120/><E120/><V10/><F97/><W43/><G43/><T127/><D127/><U23/><E125/><V116/><F116/><W122/><G122/><T69/><D69/><U32/><E118/><V123/><F123/><W79/><G115/><T95/><D114/><U133/><E133/><V25/><F40/><W105/><G105/><T16/><D95/><U117/><E117/><V73/><F36/><W124/><G124/><T96/><D96/><U106/><E106/><V132/><F132/><W86/><G86/><T57/><D6/><U101/><E101/><V87/><F87/><W74/><G74/><T93/><D93/><U82/><E42/><V48/><F73/><W35/><G35/><T94/><D94/><U37/><E23/><V5/><F48/><W113/><G113/><T126/><D126/><U51/><E51/><V70/><REACH who="2" step="1"/><F25/><REACH who="2" ten="202,235,197,356" step="2"/><W98/><G98/><T90/><D50/><U1/><E39/><V130/><F130/><W60/><G85/><T29/><D90/><U24/><E24/><V22/><F22/><W76/><G76/><T100/><D26/><U81/><E37/><V46/><F46/><W49/><G49/><N who="0" m="30895" /><D100/><U56/><E82/><V9/><F9/><W20/><G79/><T88/><D45/><RYUUKYOKU ba="2,1" sc="202,-10,235,-10,197,30,356,-10" hai2="5,10,54,55,61,62,64,67,70,71,72,77,83" /><INIT seed="6,3,1,0,5,102" ten="192,225,227,346" oya="2" hai0="44,123,69,26,116,30,128,99,20,18,50,117,11" hai1="61,59,48,33,89,37,92,88,8,86,122,32,115" hai2="107,6,23,5,113,1,127,85,104,114,31,19,49" hai3="135,101,17,96,16,100,108,118,76,7,62,34,42"/><V2/><F31/><W27/><G108/><T97/><D69/><U47/><E37/><V130/><F85/><W4/><G118/><N who="0" m="45675" /><D123/><U67/><E122/><V29/><F29/><W3/><G135/><T73/><D73/><U103/><E115/><N who="2" m="44043" /><F49/><W105/><G101/><T74/><D74/><U132/><E132/><V12/><F127/><W126/><G126/><T53/><D128/><U41/><E103/><V112/><F130/><W51/><G76/><T58/><D44/><U65/><E65/><V70/><F70/><W56/><G51/><T98/><D11/><U24/><E24/><V121/><F121/><W134/><G42/><T38/><D38/><U28/><E28/><AGARI ba="3,1" hai="18,20,26,28,30,50,53,58,97,98,99" m="45675" machi="28" ten="30,1000,0" yaku="12,1" doraHai="102" who="0" fromWho="1" sc="192,29,225,-19,227,0,346,0" /><INIT seed="7,0,0,2,1,109" ten="221,206,227,346" oya="3" hai0="134,10,39,38,36,47,58,66,95,45,106,91,5" hai1="102,118,113,89,130,46,60,125,40,25,93,32,51" hai2="7,15,121,70,64,80,114,86,1,0,133,77,28" hai3="105,88,6,98,82,92,75,54,59,67,131,97,99"/><W83/><G131/><T34/><D106/><U55/><E130/><V111/><F111/><W22/><G67/><T24/><D134/><U84/><E125/><V90/><F28/><W103/><G98/><T44/><D66/><U49/><E118/><V107/><F107/><W23/><G6/><T74/><D74/><U50/><E113/><V101/><F101/><W57/><G57/><T29/><D58/><U108/><E108/><V132/><F114/><W76/><G82/><T65/><D65/><U129/><E129/><V128/><F121/><W30/><G30/><T63/><D63/><AGARI ba="0,0" hai="22,23,54,59,63,75,76,83,88,92,97,99,103,105" machi="63" ten="30,2900,0" yaku="7,1,54,1" doraHai="109" who="3" fromWho="0" sc="221,-29,206,0,227,0,346,29" owari="192,-31.0,206,-19.0,227,3.0,375,47.0" /></mjloggm>