<mjloggm ver="2.3"><GO type="169" lobby="0"/><UN n0="%E7%89%8C%E7%8E%8B%E4%BD%8D" n1="%E3%81%B5%E3%81%98%E3%81%8A" n2="%EF%BD%9E%E5%8E%9F%E6%9D%91%E5%92%8C%EF%BD%9E" n3="%E5%B0%B1%E6%B4%BB%E7%94%9F%40%E5%B7%9D%E6%9D%91%E8%BB%8D%E5%9B%A3" dan="16,16,16,17" rate="2044.03,2122.65,2164.68,2174.54" sx="M,M,F,M"/><TAIKYOKU oya="0"/><INIT seed="0,0,0,4,5,66" ten="250,250,250,250" oya="0" hai0="127,68,75,80,46,23,100,57,132,130,36,25,107" hai1="8,117,21,51,65,129,24,60,73,103,120,119,37" hai2="7,49,59,17,77,41,108,61,0,40,22,18,14" hai3="135,104,13,101,76,106,16,20,109,15,91,63,11"/><T72/><D57/><U97/><E120/><V122/><F122/><W39/><G109/><T128/><D23/><U134/><E37/><V38/><F38/><W44/><G135/><T19/><D19/><U90/><E73/><N who="0" m="28233" /><D25/><U116/><E134/><V93/><F108/><W83/><G101/><T53/><D53/><U45/><E129/><N who="0" m="49769" /><D132/><U86/><E8/><V105/><F105/><W131/><G131/><T70/><D80/><U92/><E51/><V33/><F33/><W79/><G63/><T29/><D29/><U99/><E45/><V56/><F7/><W1/><G1/><T112/><D112/><U102/><E21/><V35/><F0/><W113/><G113/><T5/><D5/><U27/><E27/><V42/><F35/><W110/><G44/><T98/><D127/><U54/><E54/><V82/><F17/><W96/><G39/><T94/><D94/><N who="1" m="58743" /><E24/><V89/><F49/><W3/><G3/><T10/><D10/><U87/><E60/><V69/><F69/><W30/><G30/><T88/><D88/><N who="1" m="53279" /><E65/><V47/><F47/><W67/><G67/><T111/><D111/><U85/><E90/><V28/><F28/><W118/><G110/><T9/><D9/><U12/><E12/><V126/><F126/><W26/><G15/><T48/><D48/><U81/><E81/><V50/><F50/><W84/><G13/><T71/><D71/><U114/><E114/><V74/><F61/><W34/><G11/><T115/><D115/><U121/><E121/><V78/><F56/><W95/><G34/><T62/><D62/><U2/><E2/><RYUUKYOKU ba="0,0" sc="250,15,250,15,250,-15,250,-15" hai0="36,46,68,70,98,100,107" hai1="85,86,97,103,116,117,119" /><INIT seed="0,1,0,5,2,51" ten="265,265,235,235" oya="0" hai0="101,81,100,78,26,47,80,12,70,124,105,60,48" hai1="96,110,126,123,125,10,27,14,84,77,112,45,74" hai2="131,17,1,83,53,29,65,21,68,20,3,117,39" hai3="52,87,106,62,88,89,129,32,135,40,90,9,15"/><T56/><D70/><U127/><E123/><V75/><F131/><W116/><G116/><T115/><D115/><U54/><E74/><V66/><F117/><W2/><G32/><T120/><D120/><U97/><E112/><V102/><F39/><W58/><G129/><T33/><D81/><N who="1" m="47151" /><E27/><V119/><F119/><W61/><G2/><T98/><D101/><U130/><E110/><V91/><F29/><W5/><G135/><T134/><D134/><U22/><E22/><V118/><F118/><W24/><G106/><T93/><D105/><U114/><E114/><V92/><F102/><W63/><G40/><T107/><D107/><U95/><E95/><V13/><F92/><W109/><G109/><T8/><D26/><U6/><E130/><V59/><F68/><W34/><G34/><T64/><D33/><U73/><E73/><V42/><F42/><W46/><G46/><T55/><D124/><U49/><AGARI ba="1,0" hai="6,10,14,45,49,54,96,97,125,126,127" m="47151" machi="49" ten="40,2700,0" yaku="18,1,52,1" doraHai="51" who="1" fromWho="1" sc="265,-14,265,30,235,-8,235,-8" /><INIT seed="1,0,0,4,0,131" ten="251,295,227,227" oya="1" hai0="17,127,57,47,24,11,59,124,117,116,77,85,26" hai1="61,78,72,34,6,73,1,30,113,110,10,55,52" hai2="81,32,76,71,64,109,33,36,66,108,70,102,79" hai3="28,51,132,9,135,49,62,7,90,2,93,119,56"/><U41/><E113/><V12/><F12/><W111/><G28/><T92/><D57/><U115/><E115/><V95/><F95/><W86/><G111/><N who="2" m="42569" /><F81/><W39/><G39/><T123/><D59/><U130/><E110/><V53/><F102/><W107/><G107/><T22/><D47/><U134/><E130/><V69/><F36/><W37/><G37/><T88/><D123/><U3/><E3/><V75/><F75/><W42/><G119/><T38/><D38/><U89/><E41/><V48/><F48/><W21/><G21/><T19/><D77/><N who="2" m="29770" /><F53/><N who="3" m="34063" /><G42/><T25/><D11/><U126/><E73/><V58/><F58/><W129/><G129/><T16/><REACH who="0" step="1"/><D22/><REACH who="0" ten="241,295,227,227" step="2"/><U80/><E10/><V82/><F82/><W67/><G67/><AGARI ba="0,1" hai="32,33,64,66,67,69,70,71" m="29770,42569" machi="67" ten="40,5200,0" yaku="28,2,14,1" doraHai="131" who="2" fromWho="3" sc="241,0,295,0,227,62,227,-52" /><INIT seed="2,0,0,4,0,71" ten="241,295,289,175" oya="2" hai0="9,102,118,96,38,55,65,81,7,62,109,68,25" hai1="8,2,46,57,73,128,82,19,113,76,91,114,0" hai2="44,85,63,58,37,51,78,103,12,53,117,110,42" hai3="6,1,131,21,115,23,33,4,104,66,120,116,47"/><V3/><F117/><W79/><G104/><T22/><D118/><U75/><E128/><V107/><F3/><W132/><G116/><T74/><D55/><U11/><E57/><V64/><F107/><W122/><G79/><T26/><D74/><U41/><E91/><V39/><F103/><W93/><G66/><T130/><D81/><U31/><E31/><V32/><F32/><W28/><G93/><T124/><D25/><U72/><E19/><V14/><F110/><W105/><G47/><T34/><D22/><U129/><E129/><V69/><F39/><W134/><G105/><N who="0" m="63687" /><D124/><U87/><E11/><V70/><F70/><W67/><G67/><T133/><D133/><N who="3" m="51305" /><G131/><T13/><D109/><U100/><E100/><V15/><F85/><W60/><G60/><T29/><D130/><U101/><E101/><V88/><F78/><W83/><G83/><T52/><D52/><U127/><E127/><V54/><F88/><W61/><G61/><T35/><D35/><U16/><E2/><V108/><F108/><W121/><G115/><T119/><D119/><U36/><REACH who="1" step="1"/><E0/><REACH who="1" ten="241,285,289,175" step="2"/><V126/><F126/><W98/><G98/><T95/><D95/><U50/><E50/><V90/><F90/><W27/><G4/><T40/><D38/><U111/><E111/><V123/><F123/><W94/><G94/><T86/><D68/><U97/><E97/><V49/><F53/><W125/><G125/><T20/><D65/><U48/><E48/><V5/><F51/><W135/><G135/><T89/><D89/><U80/><E80/><V56/><F58/><W10/><AGARI ba="0,1" hai="1,6,10,21,23,27,28,33,120,121,122" m="51305" machi="10" ten="40,8000,1" yaku="5,1,20,1,34,2" doraHai="71" who="3" fromWho="3" sc="241,-20,285,-20,289,-40,175,90" /><INIT seed="3,0,0,3,1,9" ten="221,265,249,265" oya="3" hai0="19,21,24,56,111,14,122,87,41,28,46,125,92" hai1="110,66,44,38,91,99,2,69,67,3,116,98,120" hai2="83,55,90,64,54,131,113,33,31,79,10,96,108" hai3="97,71,59,26,126,20,104,77,72,106,88,0,52"/><W129/><G71/><T93/><D122/><U48/><E120/><V53/><F113/><W84/><G0/><T112/><D112/><U105/><E38/><V81/><F108/><W12/><G129/><T58/><D111/><U89/><E110/><V61/><F33/><W102/><G126/><T70/><D70/><U101/><E116/><V134/><F31/><W42/><G42/><T4/><D4/><U7/><E2/><V114/><F134/><W119/><G119/><T57/><D125/><U40/><E69/><V17/><F114/><W18/><G72/><T123/><D87/><U75/><E75/><V25/><F131/><W115/><G115/><T15/><D123/><U8/><REACH who="1" step="1"/><E98/><REACH who="1" ten="221,255,249,265" step="2"/><V32/><F96/><W16/><G77/><T49/><REACH who="0" step="1"/><D14/><REACH who="0" ten="211,255,249,265" step="2"/><U86/><E86/><V95/><F79/><W133/><G133/><T35/><AGARI ba="0,2" hai="15,19,21,24,28,35,41,46,49,56,57,58,92,93" machi="35" ten="30,8000,1" yaku="1,1,2,1,0,1,52,1,53,1" doraHai="9" doraHaiUra="27" who="0" fromWho="0" sc="211,100,255,-20,249,-20,265,-40" /><INIT seed="4,0,0,0,2,127" ten="311,235,229,225" oya="0" hai0="57,106,76,114,71,88,51,26,34,38,19,120,109" hai1="125,5,21,98,67,97,64,33,50,93,68,13,41" hai2="84,91,8,121,54,28,124,94,104,86,105,113,135" hai3="15,75,122,46,52,130,12,90,2,129,32,134,133"/><T87/><D71/><U62/><E33/><V18/><F28/><W39/><G2/><T108/><D38/><U74/><E74/><V14/><F113/><W27/><G75/><T82/><D114/><U119/><E119/><V48/><F124/><W37/><G122/><T43/><D106/><U36/><E36/><N who="3" m="13898" /><G90/><T111/><D120/><U10/><E125/><V95/><F135/><N who="3" m="51723" /><G32/><T45/><D57/><U79/><E79/><V73/><F73/><W63/><G27/><T4/><D4/><U131/><E67/><V55/><F55/><W107/><G107/><T115/><D115/><U16/><E93/><V96/><F121/><W1/><G1/><T103/><D103/><U42/><E42/><V85/><REACH who="2" step="1"/><F95/><REACH who="2" ten="311,235,219,225" step="2"/><W83/><G83/><T77/><D19/><U56/><E41/><V30/><F30/><AGARI ba="0,1" hai="26,30,34,43,45,51,76,77,82,87,88,108,109,111" machi="30" ten="40,3900,0" yaku="10,1,54,1" doraHai="127" who="0" fromWho="2" sc="311,49,235,0,219,-39,225,0" /><INIT seed="4,1,0,1,1,103" ten="360,235,180,225" oya="0" hai0="2,91,5,33,32,86,14,60,56,59,65,77,38" hai1="21,90,89,92,104,55,47,67,57,133,93,132,49" hai2="20,22,27,40,30,78,73,0,43,122,96,85,64" hai3="83,48,51,11,24,105,101,100,69,99,3,116,79"/><T63/><D38/><U128/><E128/><V109/><F109/><W10/><G116/><T106/><D2/><U7/><E7/><V76/><F73/><W44/><G69/><T75/><D106/><U17/><E104/><V72/><F72/><W28/><G100/><T95/><D77/><U25/><E67/><V127/><F0/><W80/><G3/><T66/><D75/><U129/><E129/><V62/><F127/><W31/><G48/><T54/><D54/><U126/><E126/><V35/><F122/><W1/><G1/><T123/><D123/><U97/><REACH who="1" step="1"/><E47/><REACH who="1" ten="360,225,180,225" step="2"/><V12/><F64/><W84/><G80/><T117/><D117/><U94/><E94/><V130/><F130/><W111/><G111/><T23/><D5/><U98/><AGARI ba="1,1" hai="17,21,25,49,55,57,89,90,92,93,97,98,132,133" machi="98" ten="30,4000,0" yaku="1,1,0,1,9,1,53,0" doraHai="103" doraHaiUra="58" who="1" fromWho="1" sc="360,-21,225,53,180,-11,225,-11" /><INIT seed="5,0,0,4,0,133" ten="339,278,169,214" oya="1" hai0="16,108,3,109,87,55,19,47,46,23,126,99,86" hai1="22,93,57,58,45,62,53,110,72,38,35,54,44" hai2="80,13,89,0,102,9,83,75,69,124,65,40,134" hai3="33,98,43,20,4,101,24,11,130,74,119,32,42"/><U64/><E35/><V63/><F134/><W96/><G74/><T76/><D3/><U61/><E72/><V8/><F102/><W113/><G113/><T104/><D104/><U94/><E22/><V66/><F66/><W82/><G119/><T37/><D99/><U31/><E31/><V132/><F132/><W122/><G122/><T30/><D76/><U26/><E26/><V39/><F89/><W77/><G130/><T114/><D87/><U73/><E73/><V51/><F51/><W85/><G33/><T34/><D86/><U97/><E97/><V127/><F13/><N who="3" m="5351" /><G32/><T36/><D19/><U128/><E128/><V68/><F68/><W52/><G52/><N who="1" m="20074" /><E93/><V120/><F9/><W25/><G25/><T79/><D23/><U81/><E94/><V10/><F10/><W2/><G2/><T111/><D16/><U90/><E90/><V29/><F29/><N who="3" m="17543" /><G96/><T12/><D109/><U121/><E81/><V7/><F83/><W84/><G85/><T103/><D111/><U91/><E91/><V106/><F106/><W116/><G116/><T112/><D108/><U48/><E110/><V15/><F15/><W118/><G118/><T59/><D12/><U117/><E117/><V107/><F107/><W17/><G17/><T27/><D27/><U1/><E1/><V135/><F135/><W49/><G101/><T50/><D103/><U115/><E121/><V21/><F120/><W92/><G49/><T14/><D30/><U71/><E115/><V18/><F39/><W56/><G56/><T28/><D112/><U5/><E58/><V6/><F69/><RYUUKYOKU ba="0,0" sc="339,-10,278,-10,169,-10,214,30" hai3="42,43,77,82,84,92,98" /><INIT seed="6,1,0,0,3,131" ten="329,268,159,244" oya="2" hai0="100,48,109,91,115,13,130,39,98,22,116,62,30" hai1="0,27,90,72,103,77,106,88,40,11,50,101,17" hai2="14,60,85,10,97,89,42,51,73,59,132,110,55" hai3="71,47,54,61,87,75,81,35,2,28,20,43,23"/><V70/><F73/><W1/><G75/><T96/><D39/><U53/><E40/><V134/><F110/><W7/><G35/><T129/><D98/><U79/><E72/><V84/><F97/><W107/><G107/><T124/><D91/><N who="1" m="34859" /><E106/><V34/><F34/><W83/><G83/><T18/><D30/><U15/><E27/><V133/><F89/><W99/><G99/><T92/><D62/><U123/><E0/><V46/><F70/><W26/><G20/><T104/><D116/><U19/><E19/><AGARI ba="1,0" hai="10,14,19,42,46,51,55,59,60,84,85,132,133,134" machi="19" ten="40,12000,1" yaku="20,1,52,3" doraHai="131" who="2" fromWho="1" sc="329,0,268,-123,159,123,244,0" /><INIT seed="6,2,0,1,3,71" ten="329,145,282,244" oya="2" hai0="135,108,4,117,67,123,124,126,13,65,129,105,85" hai1="28,84,88,49,26,30,133,20,70,27,114,125,72" hai2="53,44,6,41,68,74,110,16,12,58,17,130,42" hai3="33,73,48,10,134,127,99,111,43,79,83,54,81"/><V19/><F74/><W118/><G33/><T31/><D105/><U106/><E72/><V38/><F68/><W96/><G111/><T23/><D67/><U102/><E114/><V51/><F130/><W55/><G118/><T116/><D65/><U32/><E133/><V76/><F76/><W100/><G127/><N who="0" m="48683" /><D85/><U119/><E125/><V3/><F3/><W60/><G134/><T21/><D108/><U132/><E119/><N who="0" m="45641" /><D135/><U87/><E132/><V24/><F41/><W93/><G81/><T69/><D69/><U29/><E70/><V15/><F110/><W77/><G77/><T113/><D123/><U0/><E0/><V22/><REACH who="2" step="1"/><F6/><REACH who="2" ten="329,145,272,244" step="2"/><W2/><G2/><T59/><D4/><U121/><E121/><V57/><F57/><W39/><G43/><T128/><D59/><U45/><E30/><AGARI ba="2,1" hai="12,15,16,17,19,22,24,30,38,42,44,51,53,58" machi="30" ten="40,7700,0" yaku="1,1,52,1,54,1,53,0" doraHai="71" doraHaiUra="7" who="2" fromWho="1" sc="329,0,145,-83,272,93,244,0" /><INIT seed="6,3,0,4,1,106" ten="329,62,365,244" oya="2" hai0="32,57,114,30,101,133,92,102,39,14,97,132,74" hai1="53,94,33,84,78,65,71,6,5,28,63,3,18" hai2="111,130,17,41,100,48,122,115,126,72,43,54,42" hai3="127,59,91,19,85,98,31,80,34,20,108,112,27"/><V120/><F72/><W50/><G108/><T70/><D70/><U11/><E6/><V131/><F100/><W51/><G127/><T113/><D39/><U56/><E18/><V82/><F82/><W38/><G38/><T123/><D123/><U62/><E62/><V96/><F96/><W87/><G98/><N who="0" m="59591" /><D32/><U16/><E16/><V23/><F115/><N who="0" m="44042" /><D14/><U7/><E7/><V12/><F126/><W25/><G112/><T105/><D57/><U15/><E15/><V73/><F73/><W109/><G109/><T95/><D74/><U117/><E117/><V125/><F125/><W107/><G107/><T22/><D22/><U104/><E104/><V88/><F111/><W44/><G44/><T121/><D121/><U47/><E47/><V128/><REACH who="2" step="1"/><F88/><REACH who="2" ten="329,62,355,244" step="2"/><W67/><G85/><T36/><D97/><U129/><E129/><V55/><F55/><W76/><G91/><T46/><D102/><U99/><E99/><V134/><F134/><W89/><G89/><T90/><D133/><U135/><E135/><V60/><F60/><W119/><G119/><T86/><D90/><U26/><E26/><V10/><F10/><W1/><G87/><T81/><D86/><U118/><E118/><V24/><F24/><W64/><G25/><T49/><D132/><U0/><E0/><V61/><F61/><W69/><G1/><T124/><D124/><U40/><E40/><V93/><F93/><W29/><G27/><T77/><D95/><U52/><E52/><V4/><F4/><W9/><G9/><T21/><D105/><U68/><E68/><V37/><F37/><RYUUKYOKU ba="3,1" sc="329,-10,62,-10,355,30,244,-10" hai2="12,17,23,41,42,43,48,54,120,122,128,130,131" /><INIT seed="6,4,1,1,1,53" ten="319,52,385,234" oya="2" hai0="71,7,46,36,70,100,14,126,102,69,91,124,127" hai1="90,25,44,37,85,34,72,75,92,78,19,1,12" hai2="32,87,99,20,43,79,33,8,18,83,74,109,66" hai3="122,40,121,5,3,88,39,57,55,4,59,22,63"/><V30/><F109/><W0/><G39/><T98/><D7/><U128/><E1/><V84/><F43/><W119/><G40/><T6/><D6/><U110/><E110/><V125/><F125/><W76/><G76/><T105/><D100/><U93/><E93/><V112/><F112/><W123/><G119/><T35/><D14/><U114/><E114/><V108/><F108/><W47/><G47/><T107/><D91/><U45/><E45/><V42/><F42/><W120/><G120/><T13/><D13/><U21/><E21/><V132/><F132/><W65/><G22/><T31/><D46/><U101/><E101/><V11/><F33/><W118/><G118/><T27/><REACH who="0" step="1"/><D36/><REACH who="0" ten="309,52,385,234" step="2"/><U26/><E26/><V61/><F11/><W104/><G104/><AGARI ba="4,2" hai="27,31,35,69,70,71,98,102,104,105,107,124,126,127" machi="104" ten="50,8000,1" yaku="1,1,2,1,18,1,23,2,53,0" doraHai="53" doraHaiUra="106" who="0" fromWho="3" sc="309,112,52,0,385,0,234,-92" /><INIT seed="7,0,0,0,1,42" ten="421,52,385,142" oya="3" hai0="1,4,30,84,51,25,63,67,99,59,5,43,32" hai1="2,39,71,109,92,57,76,7,77,85,115,64,86" hai2="123,66,106,61,16,70,121,29,46,3,127,26,124" hai3="12,125,54,37,33,0,120,129,21,18,113,24,133"/><W104/><RYUUKYOKU type="yao9" ba="0,0" sc="421,0,52,0,385,0,142,0" hai3="0,12,18,21,24,33,37,54,104,113,120,125,129,133" /><INIT seed="7,1,0,4,0,34" ten="421,52,385,142" oya="3" hai0="38,114,67,102,64,97,118,24,107,94,7,17,54" hai1="58,116,62,22,50,108,117,121,90,101,103,37,127" hai2="19,73,77,27,71,21,11,123,31,55,80,20,105" hai3="29,128,95,78,110,53,3,9,132,8,57,52,14"/><W69/><G69/><T113/><D38/><U45/><E45/><V129/><F129/><W42/><G42/><T92/><D7/><U65/><E65/><N who="0" m="25161" /><D54/><U74/><E74/><V126/><F126/><W10/><G78/><T119/><D17/><U12/><E12/><V60/><F71/><W46/><G95/><N who="0" m="36395" /><D24/><U1/><E1/><V49/><F105/><W112/><G29/><T36/><D36/><U100/><E100/><V135/><F135/><W122/><G10/><T25/><D25/><U28/><E28/><V89/><F60/><W32/><G46/><T104/><D104/><U93/><E93/><V16/><F123/><W130/><G112/><AGARI ba="1,0" hai="97,102,107,112,113,114,118,119" m="36395,25161" machi="112" ten="30,2000,0" yaku="15,1,11,1" doraHai="34" who="0" fromWho="3" sc="421,23,52,0,385,0,142,-23" owari="444,54.0,52,-45.0,385,19.0,119,-28.0" /></mjloggm>