<mjloggm ver="2.3"><GO type="169" lobby="0"/><UN n0="%E7%9F%B3%E4%BA%95%E3%82%AF%E3%83%B3%E3%83%84%E6%98%8C%E5%AD%90" n1="%6A%75%6D%70%2D%75%70" n2="%E8%99%8E%E7%9A%AE%E7%8C%AB" n3="%E5%B0%B1%E6%B4%BB%E7%94%9F%40%E5%B7%9D%E6%9D%91%E8%BB%8D%E5%9B%A3" dan="16,16,17,16" rate="2098.74,2141.32,2194.94,2083.32" sx="M,M,F,M"/><TAIKYOKU oya="0"/><INIT seed="0,0,0,2,4,97" ten="250,250,250,250" oya="0" hai0="68,113,101,114,69,94,92,40,36,24,37,86,79" hai1="52,76,124,54,35,16,108,34,29,74,135,21,33" hai2="88,117,95,43,55,111,59,6,72,96,131,11,107" hai3="99,39,103,45,127,89,78,28,49,22,3,115,71"/><T63/><D24/><U84/><E74/><V44/><F72/><W41/><G115/><T77/><D63/><U70/><E70/><N who="0" m="27241" /><D86/><U23/><E108/><V42/><F111/><W112/><G112/><N who="0" m="43115" /><D40/><U80/><E124/><V118/><F131/><W12/><G127/><T98/><D98/><U105/><E135/><V2/><F107/><W9/><G71/><T51/><D51/><U126/><E105/><V58/><F42/><W121/><G121/><T73/><D73/><U65/><E65/><V109/><F109/><W4/><G78/><N who="0" m="29707" /><D101/><U30/><E126/><V90/><F90/><W8/><G89/><T130/><D130/><U47/><E47/><V100/><F100/><W17/><G28/><T102/><D102/><U62/><E62/><V125/><F125/><W75/><G75/><T83/><D83/><U81/><E81/><V38/><REACH who="2" step="1"/><F59/><REACH who="2" ten="250,250,240,250" step="2"/><W56/><G56/><T53/><D53/><U19/><E29/><V104/><F104/><W134/><G134/><T106/><D106/><U14/><REACH who="1" step="1"/><E30/><REACH who="1" ten="250,240,240,250" step="2"/><V20/><F20/><W61/><G22/><T48/><D94/><U64/><E64/><V50/><AGARI ba="0,2" hai="2,6,11,38,43,44,50,55,58,88,95,96,117,118" machi="50" ten="30,7900,0" yaku="1,1,0,1,54,1,53,1" doraHai="97" doraHaiUra="0" who="2" fromWho="2" sc="250,-39,240,-20,240,99,250,-20" /><INIT seed="1,0,0,0,2,51" ten="211,220,339,230" oya="1" hai0="21,7,132,112,54,133,129,58,41,10,108,37,95" hai1="114,128,100,77,86,80,105,60,83,46,92,65,97" hai2="72,39,62,101,16,71,20,91,1,43,6,113,17" hai3="33,61,0,126,52,68,116,9,44,55,66,24,111"/><U98/><E128/><V81/><F101/><W94/><G111/><T42/><D112/><U99/><E114/><V31/><F113/><W69/><G69/><T34/><D108/><U74/><E46/><V32/><F32/><W35/><G126/><T40/><D34/><U13/><E13/><V84/><F72/><W103/><G116/><T38/><D95/><U109/><E109/><V3/><F31/><W121/><G121/><T14/><D21/><U134/><E134/><N who="0" m="51817" /><D129/><U87/><E60/><AGARI ba="0,0" hai="7,10,14,37,38,40,41,42,54,58,60" m="51817" machi="60" ten="30,2000,0" yaku="20,1,52,1" doraHai="51" who="0" fromWho="1" sc="211,20,220,-20,339,0,230,0" /><INIT seed="2,0,0,5,4,10" ten="231,200,339,230" oya="2" hai0="107,31,22,53,132,108,71,94,89,57,90,20,35" hai1="86,14,24,52,104,70,18,77,5,59,26,38,33" hai2="119,76,58,131,124,17,130,134,91,87,67,74,85" hai3="117,12,29,73,64,127,122,114,106,78,3,128,39"/><V72/><F119/><W98/><RYUUKYOKU type="yao9" ba="0,0" sc="231,0,200,0,339,0,230,0" hai3="3,12,29,39,64,73,78,98,106,114,117,122,127,128" /><INIT seed="2,1,0,1,0,12" ten="231,200,339,230" oya="2" hai0="20,48,10,120,80,63,135,85,81,72,57,49,98" hai1="130,17,68,13,37,104,93,126,47,115,129,41,112" hai2="6,34,132,107,29,78,118,122,131,3,73,64,105" hai3="30,94,19,79,42,77,69,117,108,27,36,75,33"/><V56/><F118/><W96/><G69/><T66/><D135/><U74/><E68/><V91/><F122/><W86/><G75/><T124/><D124/><U18/><E104/><V1/><F132/><W83/><G117/><T15/><D20/><U40/><E74/><V7/><F131/><N who="1" m="50185" /><E13/><V58/><F73/><W24/><G108/><T51/><D72/><U76/><E76/><V50/><F78/><W100/><G77/><T89/><D120/><U14/><E14/><V101/><F50/><W21/><G42/><T110/><D98/><U65/><E65/><V32/><F91/><W11/><G11/><T45/><D110/><U59/><E126/><V88/><F88/><W4/><G4/><T97/><D97/><U103/><E59/><V35/><F35/><W67/><G67/><T82/><REACH who="0" step="1"/><D45/><REACH who="0" ten="221,200,339,230" step="2"/><N who="1" m="23695" /><E93/><V5/><F105/><W9/><G9/><T87/><D87/><U16/><E103/><V92/><F92/><W134/><G134/><T102/><D102/><U133/><E133/><V113/><F101/><W60/><G94/><T71/><D71/><U28/><E28/><V109/><F107/><W55/><G100/><T62/><D62/><U99/><E99/><V116/><F29/><W61/><G96/><T0/><D0/><U43/><E43/><V23/><F1/><W111/><G111/><T114/><D114/><U121/><E121/><V26/><F113/><W44/><G55/><T128/><D128/><U90/><E90/><V25/><F3/><W95/><G95/><T2/><D2/><U123/><E123/><V53/><F116/><W70/><G70/><RYUUKYOKU ba="1,1" sc="221,10,200,10,339,-30,230,10" hai0="10,15,48,49,51,57,63,66,80,81,82,85,89" hai1="16,17,18,41,47,112,115" hai3="19,21,24,27,30,33,36,44,60,61,79,83,86" /><INIT seed="3,2,1,3,0,51" ten="231,210,309,240" oya="3" hai0="96,85,125,47,112,83,46,90,41,30,77,66,99" hai1="117,27,1,109,8,18,76,59,98,60,79,32,80" hai2="57,5,28,20,97,21,120,128,53,102,94,104,86" hai3="132,68,108,16,115,134,61,35,70,44,105,54,133"/><W25/><G105/><T74/><D125/><U55/><E109/><V4/><F128/><W103/><G103/><T0/><D112/><U22/><E117/><V101/><F120/><W64/><G115/><T118/><D66/><U91/><E32/><V88/><F102/><W23/><G108/><T72/><D72/><U13/><E1/><V81/><F104/><W34/><G70/><T75/><D75/><U63/><E63/><V43/><F43/><W67/><G64/><T124/><D124/><U135/><E135/><V71/><F71/><W62/><G62/><T6/><D30/><U119/><E119/><V36/><F36/><W58/><G68/><T45/><D118/><U106/><E106/><V15/><F28/><W29/><G29/><T107/><D107/><U111/><E111/><V50/><F15/><W93/><G93/><T48/><D99/><U33/><E33/><V56/><F57/><W84/><G84/><T126/><D96/><U19/><E80/><V114/><F114/><W12/><G25/><T40/><D40/><U92/><AGARI ba="2,1" hai="8,13,18,19,22,27,55,59,60,76,79,91,92,98" machi="92" ten="30,8000,1" yaku="0,1,25,2,8,1,52,1" doraHai="51" who="1" fromWho="1" sc="231,-22,210,96,309,-22,240,-42" /><INIT seed="4,0,0,5,4,107" ten="209,306,287,198" oya="0" hai0="16,92,57,60,72,134,126,81,42,58,122,124,0" hai1="37,45,135,11,83,6,24,121,74,28,1,33,65" hai2="86,56,10,64,48,91,88,109,18,77,70,2,132" hai3="39,101,22,120,103,102,131,128,73,34,82,108,125"/><T9/><D122/><U14/><E65/><V84/><F109/><W15/><G34/><T95/><D42/><N who="1" m="22735" /><E14/><V111/><F111/><W89/><G39/><T20/><D9/><U117/><E135/><V87/><F70/><W4/><G108/><T32/><D32/><U44/><E44/><V3/><F132/><W54/><G120/><T13/><D0/><U61/><E61/><V66/><F77/><W106/><G106/><T99/><D134/><U7/><E7/><V59/><F18/><W98/><G125/><N who="0" m="48235" /><D99/><U52/><E52/><V51/><F86/><W75/><G54/><N who="0" m="33847" /><D58/><U40/><E40/><V35/><F35/><W31/><G4/><T49/><D49/><U47/><E47/><V78/><F78/><AGARI ba="0,0" hai="13,16,20,72,78,81,92,95" m="33847,48235" machi="78" ten="30,5800,0" yaku="18,1,52,1,54,1" doraHai="107" who="0" fromWho="2" sc="209,58,306,0,287,-58,198,0" /><INIT seed="4,1,0,3,3,51" ten="267,306,229,198" oya="0" hai0="7,0,50,101,113,36,74,127,21,17,126,20,46" hai1="77,118,70,8,108,12,33,54,11,119,31,133,26" hai2="25,106,128,52,19,63,60,5,75,55,120,134,53" hai3="14,90,48,29,91,116,99,62,107,100,68,95,41"/><T81/><D113/><U15/><E70/><V61/><F120/><W56/><G116/><T44/><D101/><U123/><E77/><V65/><F106/><W3/><G3/><T2/><D20/><U135/><E54/><V94/><F75/><W83/><G68/><T79/><D36/><U110/><E12/><V34/><F134/><N who="1" m="51209" /><E11/><V58/><F128/><W47/><G83/><T80/><D80/><U78/><E78/><V45/><F5/><W102/><G29/><T69/><D69/><U131/><E131/><V76/><F76/><W92/><G14/><N who="0" m="9399" /><D7/><N who="1" m="3487" /><E123/><V121/><F121/><W4/><G4/><T66/><D66/><U132/><N who="1" m="51217" /><U13/><DORA hai="22" /><E13/><V59/><F94/><W39/><G39/><T89/><D2/><U37/><E37/><V115/><F115/><W84/><REACH who="3" step="1"/><G107/><REACH who="3" ten="267,306,229,188" step="2"/><T1/><D0/><U125/><E125/><V97/><F34/><W42/><G42/><T73/><D1/><U129/><E129/><V88/><F25/><W112/><G112/><T28/><D126/><U23/><E33/><V64/><F19/><W6/><G6/><T18/><D18/><U111/><AGARI ba="1,1" hai="23,26,31,108,110,111,118,119" m="3487,51217" machi="111" ten="50,8000,1" yaku="20,1,34,2,52,1" doraHai="51,22" who="1" fromWho="1" sc="267,-41,306,93,229,-21,188,-21" /><INIT seed="5,0,0,3,4,23" ten="226,399,208,167" oya="1" hai0="46,91,72,86,28,84,113,77,62,6,90,39,87" hai1="29,83,55,132,1,108,30,79,109,11,81,122,74" hai2="66,44,69,118,3,57,49,123,80,43,105,35,129" hai3="71,10,14,127,60,73,89,8,119,24,19,116,4"/><U51/><E122/><V58/><F118/><N who="3" m="45099" /><G73/><T97/><D6/><N who="1" m="1487" /><E83/><V82/><F123/><W111/><G71/><T100/><D28/><U45/><E132/><V70/><F105/><W26/><G111/><AGARI ba="0,0" hai="29,30,45,51,55,74,79,81,108,109,111" m="1487" machi="111" ten="30,1500,0" yaku="10,1" doraHai="23" who="1" fromWho="3" sc="226,0,399,15,208,0,167,-15" /><INIT seed="5,1,0,2,3,20" ten="226,414,208,152" oya="1" hai0="1,14,31,117,93,52,96,97,71,113,109,23,27" hai1="30,18,94,101,8,135,82,128,32,79,55,92,57" hai2="25,131,107,59,108,21,81,33,7,69,119,24,68" hai3="95,26,39,84,72,80,61,38,67,78,56,50,9"/><U88/><E128/><V130/><F119/><W66/><G66/><T77/><D1/><U43/><E135/><V129/><F108/><W126/><G126/><T89/><D109/><U98/><E43/><V73/><F107/><W17/><G50/><T114/><D71/><U65/><E65/><V111/><F111/><W3/><G3/><T36/><D36/><U104/><E30/><N who="2" m="19663" /><F7/><W102/><G9/><T47/><D77/><U132/><E32/><V110/><F110/><W35/><G35/><T83/><D83/><U12/><E132/><V41/><F41/><W5/><G5/><T87/><D14/><U42/><E42/><V134/><F134/><W85/><G72/><T16/><D31/><U51/><E88/><V48/><F59/><W49/><G49/><N who="0" m="28735" /><D117/><U100/><E100/><V54/><F48/><W46/><G46/><T15/><D15/><U124/><E124/><V133/><F54/><W86/><G86/><AGARI ba="1,0" hai="8,12,18,51,55,57,79,82,86,92,94,98,101,104" machi="86" ten="30,1500,0" yaku="7,1" doraHai="20" who="1" fromWho="3" sc="226,0,414,18,208,0,152,-18" /><INIT seed="5,2,0,1,1,108" ten="226,432,208,134" oya="1" hai0="74,47,7,117,64,95,36,128,5,34,125,10,27" hai1="99,30,103,57,118,135,119,18,58,78,73,80,134" hai2="4,56,81,85,6,112,9,122,25,100,91,126,89" hai3="41,22,93,44,116,69,83,79,65,127,105,17,32"/><U26/><E18/><V82/><F122/><W14/><G105/><T132/><D7/><U87/><E58/><V61/><F126/><W19/><G32/><T84/><D74/><U76/><E57/><V71/><F71/><W50/><G116/><N who="1" m="44586" /><E26/><V8/><F100/><W51/><G127/><T16/><D117/><U114/><E30/><V131/><F131/><W121/><G121/><T59/><D132/><N who="1" m="50731" /><E114/><V97/><F112/><W68/><G93/><T109/><D128/><U13/><E13/><V123/><F123/><W86/><G65/><T20/><D34/><U33/><E33/><V48/><F48/><W3/><G3/><T133/><D133/><U38/><E38/><V0/><F25/><W106/><G106/><T42/><D109/><U110/><E110/><V124/><F0/><W46/><REACH who="3" step="1"/><G17/><REACH who="3" ten="226,432,208,124" step="2"/><T52/><D125/><U2/><E2/><V120/><F124/><W102/><G102/><T111/><D64/><U43/><E99/><V113/><F97/><W115/><G115/><T70/><D111/><U23/><E103/><V37/><F113/><W98/><G98/><T96/><D96/><U45/><E80/><V94/><F120/><W129/><G129/><T15/><D95/><U24/><E73/><V60/><F94/><W31/><G31/><T55/><D84/><U67/><E87/><V35/><F85/><W130/><G130/><T49/><D70/><U62/><E67/><V66/><F66/><W54/><AGARI ba="2,1" hai="14,19,22,41,44,46,50,51,54,68,69,79,83,86" machi="54" ten="20,8000,1" yaku="1,1,0,1,7,1,53,2" doraHai="108" doraHaiUra="40" who="3" fromWho="3" sc="226,-22,432,-42,208,-22,124,96" /><INIT seed="6,0,0,0,4,130" ten="204,390,186,220" oya="2" hai0="121,98,52,7,75,5,135,25,33,19,11,77,54" hai1="12,125,118,61,2,79,117,104,3,60,40,84,90" hai2="8,108,100,105,59,62,85,70,86,57,29,82,0" hai3="96,15,50,16,42,92,131,43,69,28,9,13,66"/><V122/><F122/><W10/><G131/><T101/><D5/><U30/><E104/><V133/><F108/><W58/><G28/><T119/><D121/><U99/><E3/><V18/><F29/><W44/><G69/><T94/><D77/><U107/><E2/><V67/><F133/><W45/><G66/><T22/><D75/><U21/><E61/><V23/><F0/><W89/><G58/><T129/><D129/><U111/><E60/><V34/><F8/><W56/><G56/><T110/><D110/><U26/><E111/><V48/><F34/><W72/><G72/><T126/><D126/><U95/><E125/><V32/><F32/><W134/><G134/><T31/><D135/><U6/><E40/><V123/><F123/><W4/><G45/><T109/><D119/><U128/><E128/><V41/><F41/><AGARI ba="0,0" hai="4,9,10,13,15,16,41,42,43,44,50,89,92,96" machi="41" ten="30,3900,0" yaku="7,1,8,1,54,1" doraHai="130" who="3" fromWho="2" sc="204,0,390,0,186,-39,220,39" /><INIT seed="7,0,0,2,0,100" ten="204,390,147,259" oya="3" hai0="122,46,112,37,50,7,51,10,81,126,12,109,76" hai1="5,93,119,75,43,78,15,58,31,118,47,56,111" hai2="130,33,106,85,96,11,13,32,82,84,116,30,72" hai3="94,39,0,97,36,135,28,6,63,74,29,129,131"/><W20/><G74/><T71/><D122/><U70/><E70/><V53/><F116/><N who="1" m="44585" /><E111/><V3/><F3/><W38/><G135/><T77/><D77/><U44/><E44/><V60/><F130/><W91/><G0/><T54/><D37/><U19/><E31/><V110/><F110/><W124/><G124/><T68/><D126/><U35/><E35/><V9/><F72/><W14/><G63/><T48/><D48/><U73/><E93/><V128/><F128/><N who="3" m="49227" /><G20/><T125/><D125/><U98/><E5/><V65/><F53/><W27/><G27/><T66/><D66/><U103/><E78/><V17/><F9/><AGARI ba="0,0" hai="6,9,14,28,29,36,38,39,91,94,97" m="49227" machi="9" ten="40,2000,0" yaku="19,1" doraHai="100" who="3" fromWho="2" sc="204,0,390,0,147,-20,259,20" /><INIT seed="7,1,0,0,4,124" ten="204,390,127,279" oya="3" hai0="7,74,110,93,129,126,51,11,49,75,52,81,86" hai1="134,69,97,41,15,101,19,130,60,70,116,73,16" hai2="127,89,48,64,62,43,96,57,113,27,114,21,14" hai3="122,3,9,99,90,39,98,102,61,92,8,76,22"/><W85/><G39/><T120/><D110/><U115/><E130/><V94/><F127/><W30/><G122/><T135/><D126/><U79/><E115/><V12/><F113/><W117/><G3/><T56/><D135/><U100/><E134/><V38/><F38/><W54/><G76/><T58/><D93/><U91/><E41/><V84/><F114/><W33/><G33/><T133/><D129/><U77/><E73/><V104/><F104/><W68/><G68/><T131/><D131/><U44/><E44/><V46/><REACH who="2" step="1"/><F84/><REACH who="2" ten="204,390,117,279" step="2"/><W80/><G117/><T26/><D120/><U118/><E116/><V107/><F107/><W111/><G111/><T23/><D133/><U128/><E70/><V71/><F71/><W1/><G98/><T55/><D86/><U35/><E128/><V32/><F32/><W42/><G85/><T108/><D108/><U83/><E19/><AGARI ba="1,1" hai="12,14,19,21,27,43,46,48,57,62,64,89,94,96" machi="19" ten="30,3900,0" yaku="1,1,7,1,8,1,53,0" doraHai="124" doraHaiUra="0" who="2" fromWho="1" sc="204,0,390,-42,117,52,279,0" owari="204,-20.0,348,45.0,169,-33.0,279,8.0" /></mjloggm>