<mjloggm ver="2.3"><GO type="169" lobby="0"/><UN n0="%E2%80%90%E8%B5%A4%E7%8A%AC%E2%80%90" n1="%74%61%74%73%75%37%30%32" n2="%E8%A3%95%E7%BE%8E%E5%AD%90" n3="%E5%B0%B1%E6%B4%BB%E7%94%9F%40%E5%B7%9D%E6%9D%91%E8%BB%8D%E5%9B%A3" dan="16,16,17,17" rate="2067.27,2158.66,2211.43,2177.75" sx="F,M,F,M"/><TAIKYOKU oya="0"/><INIT seed="0,0,0,2,3,126" ten="250,250,250,250" oya="0" hai0="129,28,96,10,77,43,80,70,135,27,3,65,92" hai1="19,118,48,40,124,127,22,0,101,52,14,9,17" hai2="74,8,123,109,57,78,106,95,87,121,34,99,79" hai3="62,7,55,100,25,4,33,42,97,60,73,39,31"/><T50/><D129/><U115/><E118/><V47/><F34/><W93/><G73/><T110/><D135/><U32/><E32/><V29/><F29/><W102/><G102/><T113/><D113/><U45/><E115/><V107/><F47/><W24/><G60/><T30/><D110/><U69/><E69/><V41/><F41/><W114/><G114/><T51/><D30/><U1/><E101/><V2/><F109/><W56/><G39/><T68/><D65/><U6/><E1/><V103/><F57/><W82/><G42/><T132/><D132/><U20/><REACH who="1" step="1"/><E40/><REACH who="1" ten="250,240,250,250" step="2"/><V117/><F117/><W37/><G37/><T72/><D70/><U23/><E23/><V131/><F2/><W38/><G38/><T88/><D68/><U91/><E91/><V98/><F8/><W134/><G134/><T64/><D43/><U84/><E84/><V86/><F103/><W44/><G33/><T35/><REACH who="0" step="1"/><D64/><REACH who="0" ten="240,240,250,250" step="2"/><U105/><E105/><V12/><F106/><W21/><G55/><T46/><D46/><U116/><E116/><V49/><F107/><W128/><G44/><T13/><D13/><AGARI ba="0,2" hai="0,6,9,13,14,17,19,20,22,45,48,52,124,127" machi="13" ten="40,5200,0" yaku="1,1,9,1,54,1,53,0" doraHai="126" doraHaiUra="59" who="1" fromWho="0" sc="240,-52,240,72,250,0,250,0" /><INIT seed="1,0,0,4,2,71" ten="188,312,250,250" oya="1" hai0="128,98,25,72,88,65,61,60,89,82,129,103,131" hai1="119,59,21,123,86,110,49,1,22,132,19,68,5" hai2="15,33,38,121,67,20,104,50,99,2,41,56,70" hai3="44,87,64,3,52,16,135,46,80,43,75,127,45"/><U42/><E119/><V28/><F121/><W9/><G75/><T29/><D72/><U106/><E68/><V95/><F2/><W93/><G135/><T96/><D82/><U4/><E132/><V78/><F104/><W90/><G127/><T35/><D98/><U133/><E106/><V14/><F78/><W6/><G64/><T66/><D61/><U30/><E133/><V125/><F33/><W48/><G80/><T57/><REACH who="0" step="1"/><D65/><REACH who="0" ten="178,312,250,250" step="2"/><U130/><E123/><V97/><F125/><W124/><G124/><T134/><D134/><U37/><E86/><V122/><F97/><W76/><G76/><T84/><D84/><U13/><E130/><V107/><F67/><W55/><G55/><T79/><D79/><U74/><E74/><V91/><F99/><W0/><G0/><T100/><D100/><U116/><E1/><V120/><F122/><W83/><G93/><AGARI ba="0,1" hai="25,29,35,57,60,66,88,89,93,96,103,128,129,131" machi="93" ten="40,5200,0" yaku="1,1,19,1,54,1,53,0" doraHai="71" doraHaiUra="10" who="0" fromWho="3" sc="178,62,312,0,250,0,250,-52" /><INIT seed="2,0,0,2,2,29" ten="240,312,250,198" oya="2" hai0="121,116,103,55,77,92,48,42,93,134,118,79,23" hai1="85,108,54,124,72,31,26,114,9,102,96,99,28" hai2="109,2,94,83,127,36,12,8,130,65,111,52,45" hai3="41,39,67,58,125,87,62,105,15,74,24,81,112"/><V43/><F130/><W70/><G105/><T49/><D134/><U68/><E114/><V19/><F127/><W61/><G112/><T47/><D121/><U76/><E124/><V122/><F122/><W25/><G125/><T89/><D103/><U35/><E72/><V128/><F128/><W69/><G74/><T44/><D93/><U46/><E68/><V82/><F65/><W66/><G58/><T6/><D6/><U100/><E108/><N who="2" m="41547" /><F94/><W97/><G97/><T119/><REACH who="0" step="1"/><D23/><REACH who="0" ten="230,312,250,198" step="2"/><U13/><E102/><V131/><F131/><W80/><G80/><N who="2" m="30761" /><F2/><W33/><G33/><T123/><D123/><U120/><E35/><V37/><F37/><W133/><G133/><T115/><D115/><U64/><E100/><V106/><F106/><W90/><G39/><T57/><D57/><U73/><E120/><V56/><F56/><W51/><G15/><T34/><D34/><U132/><E13/><V59/><F59/><W84/><G84/><AGARI ba="0,1" hai="42,44,47,48,49,55,77,79,84,89,92,116,118,119" machi="84" ten="40,2600,0" yaku="1,1,12,1,53,0" doraHai="29" doraHaiUra="21" who="0" fromWho="3" sc="230,36,312,0,250,0,198,-26" /><INIT seed="3,0,0,1,4,54" ten="266,312,250,172" oya="3" hai0="83,82,53,23,10,44,113,18,22,93,131,108,56" hai1="91,30,49,47,61,50,3,43,104,39,2,128,81" hai2="17,71,20,85,21,27,133,15,121,99,95,125,96" hai3="90,110,102,28,124,78,129,19,92,117,57,80,103"/><W112/><G117/><T100/><D113/><U51/><E104/><V9/><F125/><W0/><G0/><T14/><D131/><U126/><E126/><V86/><F71/><W5/><G124/><T120/><D108/><U48/><E128/><V118/><F118/><W67/><G112/><T135/><D135/><U89/><E30/><V12/><F133/><W7/><G129/><T11/><D44/><U32/><E32/><V79/><F99/><W42/><G42/><T73/><D73/><U40/><E43/><V38/><F38/><W34/><G110/><T55/><D55/><U97/><E39/><V123/><F79/><W116/><G116/><T69/><D69/><U35/><E35/><V1/><F1/><W74/><G28/><T16/><D120/><U4/><E4/><V88/><F20/><W65/><G34/><T114/><D114/><U111/><E111/><V68/><F68/><W41/><G41/><T72/><D72/><U33/><E33/><V25/><F27/><W36/><G36/><T77/><D77/><U122/><E122/><N who="2" m="46603" /><F15/><W58/><G19/><AGARI ba="0,0" hai="9,12,17,19,21,25,85,86,88,95,96" m="46603" machi="19" ten="30,2000,0" yaku="13,1,54,1" doraHai="54" who="2" fromWho="3" sc="266,0,312,0,250,20,172,-20" /><INIT seed="4,0,0,1,2,90" ten="266,312,270,152" oya="0" hai0="48,63,17,42,92,13,105,87,38,30,116,57,6" hai1="86,98,62,77,108,1,102,107,66,88,22,115,72" hai2="89,109,59,110,101,135,84,103,41,15,80,93,47" hai3="49,21,46,14,131,18,128,104,9,26,34,79,61"/><T123/><D105/><U60/><E108/><V10/><F135/><W81/><G104/><T76/><D38/><U65/><E1/><V67/><F103/><W27/><G34/><T32/><D116/><U56/><E115/><V78/><F101/><W55/><G61/><T44/><D123/><U69/><E22/><V85/><F59/><W99/><G99/><T29/><D32/><U11/><E11/><V4/><REACH who="2" step="1"/><F67/><REACH who="2" ten="266,312,260,152" step="2"/><W64/><G64/><N who="0" m="39023" /><D6/><U33/><E66/><V121/><F121/><W20/><G128/><T19/><D17/><U36/><E65/><V5/><F5/><W31/><G131/><T124/><D124/><U113/><E56/><V133/><F133/><W37/><G37/><AGARI ba="0,1" hai="4,10,15,37,41,47,78,80,84,85,89,93,109,110" machi="37" ten="30,3900,0" yaku="1,1,7,1,52,1,53,0" doraHai="90" doraHaiUra="125" who="2" fromWho="3" sc="266,0,312,0,260,49,152,-39" /><INIT seed="5,0,0,4,5,122" ten="266,312,309,113" oya="1" hai0="19,71,10,86,9,89,17,84,74,77,60,108,69" hai1="91,18,33,115,117,39,95,5,114,25,20,7,103" hai2="38,113,56,52,75,130,109,129,13,99,94,61,2" hai3="79,126,49,107,45,70,26,23,36,96,128,27,81"/><U76/><E39/><V104/><F109/><W64/><G126/><T98/><D60/><U44/><E117/><V46/><F2/><W6/><G128/><T93/><D74/><U116/><E116/><V14/><F75/><W100/><G36/><T105/><D105/><U135/><E135/><V131/><F104/><W90/><G90/><T63/><D63/><U111/><E111/><V101/><F113/><N who="1" m="43017" /><E44/><V21/><F21/><W32/><G32/><T110/><D89/><U80/><E103/><V87/><F87/><W121/><G121/><T48/><D93/><U83/><E33/><V67/><F67/><W28/><G6/><N who="1" m="2058" /><E76/><V51/><REACH who="2" step="1"/><F38/><REACH who="2" ten="266,312,299,113" step="2"/><W134/><G134/><T16/><D77/><U0/><E0/><V15/><F15/><W123/><G123/><T133/><D133/><U102/><E102/><V127/><F127/><W12/><G64/><T37/><D37/><U29/><E29/><V31/><F31/><W85/><G70/><T125/><D125/><U24/><E25/><V4/><F4/><W62/><G27/><T3/><D3/><U40/><E83/><V120/><F120/><W88/><G12/><T54/><D19/><U58/><E80/><V55/><AGARI ba="0,1" hai="13,14,46,51,52,55,56,61,94,99,101,129,130,131" machi="55" ten="30,7900,0" yaku="1,1,0,1,19,1,54,1,53,0" doraHai="122" doraHaiUra="66" who="2" fromWho="2" sc="266,-20,312,-39,299,89,113,-20" /><INIT seed="6,0,0,5,0,68" ten="246,273,388,93" oya="2" hai0="39,58,128,24,54,114,113,102,66,23,125,60,51" hai1="88,43,127,78,28,59,86,116,107,15,97,117,76" hai2="4,57,103,19,92,75,17,85,34,69,38,70,36" hai3="62,53,94,98,48,71,2,3,121,41,49,18,61"/><V29/><F75/><W55/><G121/><T122/><D122/><U20/><E127/><V87/><F4/><W82/><G18/><T90/><D125/><U95/><E43/><V73/><F73/><W115/><G82/><T44/><D102/><U118/><E59/><V91/><F103/><W12/><G115/><N who="0" m="44043" /><D90/><U40/><E40/><V11/><F57/><W120/><G120/><T42/><D128/><U124/><E124/><V50/><F50/><W25/><G41/><T112/><N who="0" m="44051" /><T108/><DORA hai="134" /><D108/><U133/><E133/><V10/><F91/><W33/><G33/><T35/><D35/><U72/><E15/><V64/><F34/><W106/><G106/><T130/><D130/><U52/><E52/><V9/><F92/><W111/><G111/><T5/><D5/><U14/><E14/><V6/><F6/><W56/><G71/><N who="0" m="42439" /><D23/><U104/><E20/><V74/><F11/><W135/><G135/><T67/><D24/><U13/><E13/><V26/><F26/><W8/><G12/><T83/><D83/><N who="1" m="45447" /><E28/><V65/><REACH who="2" step="1"/><F74/><REACH who="2" ten="246,273,378,93" step="2"/><W119/><G25/><T81/><D81/><AGARI ba="0,1" hai="78,81,86,88,95,97,104,107,116,117,118" m="45447" machi="81" ten="30,3900,0" yaku="34,2,54,1" doraHai="68,134" who="1" fromWho="0" sc="246,-39,273,49,378,0,93,0" /><INIT seed="7,0,0,5,3,52" ten="207,322,378,93" oya="3" hai0="33,118,27,6,67,18,88,20,124,97,73,16,87" hai1="56,61,47,92,42,108,35,45,131,103,13,68,106" hai2="1,134,112,60,89,62,28,135,46,34,7,64,12" hai3="21,49,3,69,5,76,104,85,94,117,111,26,130"/><W128/><G117/><T107/><D118/><U22/><E131/><N who="3" m="50218" /><G104/><T110/><D110/><U51/><E108/><V113/><F1/><W11/><G69/><T24/><D124/><U31/><E106/><V82/><F34/><W75/><G111/><T93/><D6/><U66/><E35/><V54/><F28/><N who="3" m="17487" /><G49/><T10/><D67/><U127/><E127/><V100/><F113/><W84/><G94/><T99/><D73/><U36/><E47/><V40/><F112/><W121/><G121/><T74/><D74/><U95/><E103/><V81/><F100/><W102/><G102/><T70/><D70/><U17/><E31/><V109/><F46/><W105/><G105/><T50/><D107/><U101/><E101/><V119/><F119/><W98/><G98/><T78/><D50/><U96/><E96/><V80/><F134/><W30/><G30/><T29/><D97/><U91/><E91/><V132/><F109/><W9/><G9/><T83/><D10/><U32/><E32/><V58/><F89/><W0/><G0/><T125/><D125/><U65/><E65/><V77/><F135/><W120/><G120/><T37/><D37/><U25/><E25/><V71/><F132/><W79/><G79/><T59/><D18/><U53/><AGARI ba="0,0" hai="13,17,22,36,42,45,51,53,56,61,66,68,92,95" machi="53" ten="30,7900,0" yaku="0,1,24,2,52,1" doraHai="52" who="1" fromWho="1" sc="207,-20,322,79,378,-20,93,-39" owari="187,-21.0,401,50.0,358,16.0,54,-45.0" /></mjloggm>