<mjloggm ver="2.3"><GO type="169" lobby="0"/><UN n0="%E3%83%8A%E3%82%A4%E3%83%AB%E3%83%91%E3%83%BC%E3%83%81" n1="%E5%8F%8A%E5%B7%9D%E5%86%B0%E9%BA%97" n2="%63%68%61%72%6C%69%65%37" n3="%E3%82%A6%E3%83%AB%E3%83%88%E3%83%A9%E7%AB%8B%E7%9B%B4" dan="16,16,17,17" rate="2046.32,2067.10,2121.48,2217.24" sx="M,F,M,M"/><TAIKYOKU oya="0"/><INIT seed="0,0,0,4,5,103" ten="250,250,250,250" oya="0" hai0="39,72,124,2,105,94,109,16,134,122,123,8,83" hai1="73,80,34,110,96,11,52,33,88,97,17,10,31" hai2="45,28,133,114,128,35,4,93,75,25,77,0,70" hai3="67,13,74,82,49,12,85,76,99,113,54,62,71"/><T23/><BYE who="2" /><D39/><U117/><E73/><V26/><F26/><W42/><G113/><T126/><D134/><U3/><E117/><V61/><F61/><W22/><G22/><T55/><D109/><U59/><E3/><V130/><F130/><W81/><G99/><N who="1" m="37962" /><E33/><V9/><F9/><W104/><G42/><T135/><D135/><U21/><E34/><V30/><F30/><W41/><G41/><T1/><D105/><U29/><E110/><V100/><F100/><W89/><REACH who="3" step="1"/><G104/><REACH who="3" ten="250,250,250,240" step="2"/><T46/><D122/><U27/><E10/><V125/><F125/><W6/><G6/><T108/><D123/><U40/><E11/><V44/><F44/><AGARI ba="0,1" hai="12,13,44,49,54,62,67,71,74,76,81,82,85,89" machi="44" ten="30,7700,0" yaku="1,1,7,1,53,2" doraHai="103" doraHaiUra="79" who="3" fromWho="2" sc="250,0,250,0,250,-77,240,87" /><INIT seed="1,0,0,0,0,2" ten="250,250,173,327" oya="1" hai0="108,45,94,57,17,24,47,98,128,135,84,53,15" hai1="65,105,134,130,23,4,69,62,113,49,54,20,63" hai2="83,3,67,10,32,31,91,59,126,90,120,86,80" hai3="88,115,124,119,56,29,89,93,87,27,96,110,73"/><U112/><E130/><V8/><F8/><W82/><G115/><T61/><D108/><U50/><E134/><V79/><F79/><W75/><G110/><T111/><D111/><U92/><E105/><V125/><F125/><W21/><G124/><T40/><D135/><U22/><E92/><UN n2="%63%68%61%72%6C%69%65%37" /><V77/><F120/><W51/><REACH who="3" step="1"/><G119/><REACH who="3" ten="250,250,173,317" step="2"/><T42/><D128/><U104/><E113/><V14/><F126/><W132/><G132/><T38/><D38/><U114/><E112/><V48/><F32/><W106/><G106/><T101/><D40/><U99/><E114/><V129/><F129/><W64/><G64/><T102/><D42/><U71/><E104/><V121/><F67/><W66/><G66/><T7/><D53/><AGARI ba="0,1" hai="21,27,29,51,53,56,73,75,82,87,88,89,93,96" machi="53" ten="40,5200,0" yaku="1,1,54,1,53,1" doraHai="2" doraHaiUra="18" who="3" fromWho="0" sc="250,-52,250,0,173,0,317,62" /><INIT seed="2,0,0,2,2,119" ten="198,250,173,379" oya="2" hai0="91,75,77,25,67,29,101,85,53,41,5,36,126" hai1="19,82,57,114,117,32,122,14,7,125,83,71,93" hai2="62,12,96,56,120,118,128,60,102,135,16,132,65" hai3="95,103,106,72,21,1,124,10,89,43,80,61,6"/><V11/><F120/><W100/><G124/><T127/><D101/><U13/><E117/><V81/><F128/><W59/><G106/><T108/><D108/><U134/><E32/><V35/><F118/><W104/><G104/><T110/><D110/><U76/><E71/><V38/><F38/><W2/><G2/><T42/><D5/><U30/><E114/><V64/><F81/><W15/><G43/><T90/><D67/><U39/><E39/><V33/><F132/><W70/><G70/><T18/><D18/><U69/><E69/><V3/><F3/><W49/><G49/><T74/><D77/><U92/><E76/><V78/><F78/><W27/><G80/><T133/><D133/><U22/><E134/><V31/><F31/><N who="3" m="17903" /><G1/><T105/><D105/><U24/><E125/><N who="0" m="47625" /><D53/><U99/><E30/><V4/><F4/><W79/><G79/><T73/><D36/><U116/><E116/><V34/><F135/><W109/><G72/><T97/><D97/><U55/><E99/><V131/><F131/><W66/><G109/><T44/><D44/><U54/><E7/><V87/><F87/><AGARI ba="0,0" hai="6,10,15,59,61,66,87,89,95,100,103" m="17903" machi="87" ten="30,1000,0" yaku="8,1" doraHai="119" who="3" fromWho="2" sc="198,0,250,0,173,-10,379,10" /><INIT seed="3,0,0,1,5,90" ten="198,250,163,389" oya="3" hai0="1,26,29,23,89,107,71,126,62,31,53,113,82" hai1="67,73,74,118,83,115,35,65,69,114,85,102,33" hai2="75,37,38,54,50,10,88,92,52,56,103,105,13" hai3="17,123,8,41,101,86,48,51,108,47,6,127,18"/><W24/><G123/><T117/><D117/><U58/><E58/><V22/><F75/><W129/><G129/><T98/><D1/><U99/><E118/><V2/><F54/><W3/><G127/><T57/><D126/><U119/><E119/><V11/><F105/><W95/><G108/><T27/><D113/><U14/><E69/><V130/><F103/><W81/><G24/><T45/><D71/><U125/><E125/><V131/><F2/><W122/><G122/><T128/><D128/><N who="2" m="49194" /><F22/><W49/><G18/><T55/><D107/><U68/><E33/><V87/><F10/><W36/><G17/><AGARI ba="0,0" hai="11,13,17,37,38,50,52,56,87,88,92" m="49194" machi="17" ten="30,7700,0" yaku="19,1,52,1,54,2" doraHai="90" who="2" fromWho="3" sc="198,0,250,0,163,77,389,-77" /><INIT seed="4,0,0,3,2,38" ten="198,250,240,312" oya="0" hai0="124,6,134,56,82,30,49,93,76,48,135,61,59" hai1="16,65,13,100,4,116,12,62,26,77,114,118,3" hai2="95,92,110,66,127,37,89,126,7,78,68,53,119" hai3="87,111,36,45,108,104,43,11,24,35,112,27,63"/><T123/><D123/><U72/><E100/><V71/><F119/><W132/><G104/><T85/><D124/><N who="2" m="47658" /><F37/><W129/><G87/><T33/><D6/><U18/><E72/><V10/><F110/><W131/><G112/><T57/><D61/><U39/><E39/><V96/><F78/><W22/><G132/><N who="0" m="50731" /><D93/><U120/><E77/><V29/><F29/><N who="3" m="19903" /><G63/><T133/><N who="0" m="50739" /><T67/><DORA hai="23" /><D67/><U94/><E62/><V84/><F53/><W109/><G11/><T86/><D86/><U79/><E65/><V21/><F21/><W83/><G83/><T97/><D97/><U32/><E79/><V8/><F66/><W107/><G107/><T115/><D115/><U0/><E94/><V5/><F10/><W9/><G9/><T34/><D34/><U54/><E120/><V106/><F106/><W88/><G109/><T60/><D60/><U14/><E54/><V130/><F8/><W70/><G70/><T55/><D55/><U64/><E64/><V75/><F71/><W81/><G81/><T25/><AGARI ba="0,0" hai="25,30,33,48,49,56,57,59,76,82,85" m="50739" machi="25" ten="50,4800,0" yaku="20,1,52,1" doraHai="38,23" who="0" fromWho="0" sc="198,48,250,-16,240,-16,312,-16" /><INIT seed="4,1,0,0,2,108" ten="246,234,224,296" oya="0" hai0="116,25,84,86,12,17,119,70,98,106,29,77,56" hai1="99,11,23,109,38,24,76,80,42,19,59,9,72" hai2="6,61,54,100,58,131,16,60,87,97,51,40,2" hai3="104,114,47,115,3,101,65,52,71,125,79,21,113"/><T121/><D121/><U133/><E109/><V44/><F131/><W132/><G3/><T33/><D70/><U110/><E110/><V128/><F128/><W64/><G132/><T13/><D56/><U14/><E133/><V4/><F87/><W124/><G79/><T28/><D77/><U63/><E99/><V123/><F123/><W75/><G75/><T1/><D1/><U20/><E42/><V5/><F61/><N who="3" m="40335" /><G65/><T95/><D106/><U53/><REACH who="1" step="1"/><E38/><REACH who="1" ten="246,224,224,296" step="2"/><V69/><F2/><W82/><G104/><T15/><D119/><U0/><E0/><V92/><F69/><W7/><G101/><N who="0" m="60639" /><D116/><U35/><E35/><V126/><F126/><W73/><G125/><T31/><D33/><U94/><E94/><V32/><F32/><W37/><G124/><T10/><D10/><U103/><E103/><V129/><F129/><W34/><G34/><T81/><D81/><U22/><E22/><AGARI ba="1,1" hai="12,13,15,17,22,25,28,29,31,84,86" m="60639" machi="22" ten="30,1500,0" yaku="8,1" doraHai="108" who="0" fromWho="1" sc="246,28,224,-18,224,0,296,0" /><INIT seed="4,2,0,1,2,77" ten="274,206,224,296" oya="0" hai0="26,93,46,9,78,2,66,22,116,128,15,5,39" hai1="134,124,76,7,59,114,86,106,64,57,38,3,65" hai2="44,8,62,94,75,55,18,11,127,79,35,10,45" hai3="87,49,69,126,105,51,112,31,25,70,118,13,42"/><T109/><D116/><U1/><E106/><V19/><F35/><W74/><G74/><T123/><D123/><U16/><E124/><V73/><F127/><W21/><G118/><T115/><D115/><U102/><E38/><V56/><F94/><W83/><G126/><T41/><D128/><U63/><E114/><V135/><F135/><W72/><G72/><T132/><D132/><U48/><E134/><V90/><F90/><W60/><G105/><T99/><D78/><U6/><E102/><V95/><F95/><W43/><G112/><T113/><D113/><U53/><E65/><V37/><F75/><W80/><G60/><T52/><D66/><U92/><E92/><V20/><F37/><W29/><G87/><T24/><D109/><U108/><E108/><V27/><F19/><W33/><G13/><T71/><D52/><U104/><E104/><V50/><REACH who="2" step="1"/><F62/><REACH who="2" ten="274,206,214,296" step="2"/><W36/><G36/><T34/><D34/><U133/><E133/><V119/><F119/><W131/><G33/><T23/><D93/><U129/><E129/><V47/><F47/><W12/><G131/><T100/><D100/><U17/><E17/><V30/><F30/><W0/><G31/><T98/><D46/><U14/><E6/><V111/><F111/><W125/><G29/><T97/><D39/><U81/><REACH who="1" step="1"/><E7/><REACH who="1" ten="274,196,214,296" step="2"/><V91/><F91/><W4/><G4/><T40/><D5/><U68/><E68/><V96/><F96/><W121/><G70/><T107/><D71/><U28/><E28/><V120/><F120/><W89/><G121/><T122/><D97/><U82/><E82/><AGARI ba="2,2" hai="8,10,11,18,20,27,44,45,50,55,56,73,79,82" machi="82" ten="40,5200,0" yaku="1,1,6,1,52,1,53,0" doraHai="77" doraHaiUra="67" who="2" fromWho="1" sc="274,0,196,-58,214,78,296,0" /><INIT seed="5,0,0,4,2,31" ten="274,138,292,296" oya="1" hai0="12,50,91,128,134,49,44,15,77,39,74,127,32" hai1="33,6,56,35,100,68,65,10,113,98,114,123,47" hai2="1,90,122,67,106,59,118,52,22,20,124,60,71" hai3="86,9,132,79,16,58,23,110,42,108,14,135,78"/><U81/><E123/><V4/><F122/><W53/><G42/><T112/><D32/><N who="1" m="12363" /><E56/><V21/><F118/><W54/><G23/><T62/><D62/><N who="1" m="39991" /><E81/><V95/><F106/><W73/><G73/><T55/><D50/><U11/><E47/><V92/><F124/><W82/><G79/><T83/><D91/><U46/><E46/><V57/><F71/><W89/><G89/><T76/><D77/><U37/><E37/><V131/><F131/><W130/><G130/><T45/><D128/><U126/><E126/><V29/><F1/><W97/><G97/><T93/><D127/><U103/><E103/><V119/><F4/><W120/><G120/><T26/><D93/><N who="2" m="35914" /><F90/><W80/><G80/><T30/><D45/><U13/><E13/><V5/><F5/><W96/><G96/><T133/><D12/><U129/><E129/><V18/><F119/><W117/><G117/><T28/><D15/><U63/><E63/><N who="2" m="36263" /><F18/><W66/><G54/><T19/><D39/><U8/><E6/><V34/><F34/><W36/><G36/><T116/><D116/><U109/><E109/><V88/><F88/><W75/><G86/><T2/><D2/><U99/><E100/><V84/><F84/><W40/><G40/><T125/><D125/><U101/><E101/><V85/><F85/><W102/><G102/><T104/><D19/><U38/><E38/><V107/><F29/><W69/><G110/><T41/><D41/><U111/><E111/><V115/><F107/><W105/><G105/><T7/><D104/><U51/><E51/><V27/><F27/><W3/><G108/><RYUUKYOKU ba="0,0" sc="274,-15,138,15,292,15,296,-15" hai1="8,10,11,98,99,113,114" hai2="20,21,22,59,60,67,115" /><INIT seed="5,1,0,4,1,55" ten="259,153,307,281" oya="1" hai0="13,19,1,68,116,102,14,128,109,53,36,62,105" hai1="94,39,16,127,8,45,3,21,123,82,84,111,99" hai2="17,26,78,76,93,133,5,74,38,49,107,34,130" hai3="80,121,24,134,27,100,7,104,29,52,110,50,131"/><U88/><E123/><V32/><F107/><W73/><G110/><T112/><D109/><U40/><E111/><V2/><F38/><W60/><G121/><T132/><D116/><U83/><E127/><V129/><F93/><W120/><G120/><T22/><D1/><U6/><REACH who="1" step="1"/><E99/><REACH who="1" ten="259,143,307,281" step="2"/><V119/><F119/><W44/><G131/><T54/><D128/><U65/><E65/><V108/><F130/><W4/><G134/><T85/><D132/><U56/><E56/><V113/><F133/><W59/><G104/><T118/><D105/><U67/><E67/><V98/><F129/><W103/><G103/><T35/><D102/><U18/><E18/><V57/><F108/><W79/><G100/><T23/><D19/><U12/><AGARI ba="1,1" hai="3,6,8,12,16,21,39,40,45,82,83,84,88,94" machi="12" ten="20,18000,2" yaku="1,1,0,1,7,1,54,2,53,1" doraHai="55" doraHaiUra="9" who="1" fromWho="1" sc="259,-61,143,193,307,-61,281,-61" /><INIT seed="5,2,0,5,0,45" ten="198,336,246,220" oya="1" hai0="39,92,57,75,107,20,41,108,97,111,58,40,22" hai1="104,8,3,122,5,93,60,78,13,62,23,129,71" hai2="47,76,19,118,66,73,67,124,134,109,7,89,128" hai3="105,14,88,25,28,83,102,123,59,117,65,34,69"/><U96/><E122/><V44/><F118/><W50/><G123/><T52/><D107/><U17/><E129/><V130/><F109/><W26/><G117/><T10/><D75/><U98/><E78/><V38/><F7/><W115/><G14/><T35/><D35/><U79/><E71/><V2/><F2/><W110/><G25/><T30/><D39/><U15/><E79/><V116/><F76/><W112/><G110/><T133/><D133/><U91/><REACH who="1" step="1"/><E3/><REACH who="1" ten="198,326,246,220" step="2"/><V74/><F89/><W54/><BYE who="2" /><G69/><T95/><D111/><U84/><E84/><V32/><F32/><W135/><G34/><T119/><D108/><U4/><E4/><V16/><F16/><W63/><G135/><T100/><D119/><U21/><E21/><V106/><F106/><W1/><G105/><T94/><D22/><U27/><E27/><V56/><F56/><W77/><G1/><T101/><D58/><U87/><E87/><V85/><F85/><W131/><G77/><T43/><D10/><U82/><E82/><V113/><F113/><W36/><G131/><T125/><D97/><U51/><E51/><V68/><F68/><W49/><G49/><N who="0" m="30863" /><D125/><U42/><E42/><V120/><F120/><W61/><G115/><T126/><D126/><U6/><E6/><V46/><F46/><W114/><G112/><T80/><D80/><U132/><E132/><V24/><F24/><AGARI ba="2,1" hai="20,24,30,40,41,43,92,94,95,100,101" m="30863" machi="24" ten="30,3900,0" yaku="8,1,52,1,54,1" doraHai="45" who="0" fromWho="2" sc="198,55,326,0,246,-45,220,0" /><INIT seed="6,0,0,3,4,59" ten="253,326,201,220" oya="2" hai0="25,48,20,109,129,14,98,105,73,97,64,0,111" hai1="70,60,56,92,74,47,95,41,40,127,26,85,108" hai2="96,116,126,84,7,118,17,11,21,134,57,37,8" hai3="52,46,89,67,18,78,2,22,132,94,35,128,63"/><V123/><F123/><W39/><G35/><T16/><D0/><U62/><E108/><V72/><F72/><W27/><G2/><T1/><D1/><U119/><E74/><V102/><F102/><W77/><G128/><T10/><D129/><U54/><E119/><V81/><F81/><W113/><G113/><T101/><D73/><U100/><E127/><V112/><F112/><W50/><G132/><T125/><D125/><U93/><E70/><V133/><F133/><W79/><G39/><T106/><D64/><U82/><E100/><V87/><F87/><W66/><REACH who="3" step="1"/><G63/><REACH who="3" ten="253,326,201,210" step="2"/><T117/><D117/><U115/><E115/><V104/><F104/><W28/><G28/><T91/><D106/><U6/><E62/><V9/><F9/><W69/><G69/><T86/><D111/><U75/><E60/><V31/><F31/><W58/><G58/><T12/><D10/><U23/><E56/><V36/><F36/><W121/><G121/><T19/><D109/><U83/><E47/><V76/><F76/><W38/><G38/><T45/><D45/><U130/><E130/><V135/><F135/><W80/><G80/><T90/><D105/><U122/><E82/><V110/><F110/><W131/><G131/><T103/><D98/><AGARI ba="0,1" hai="18,22,27,46,50,52,66,67,77,78,79,89,94,98" machi="98" ten="40,5200,0" yaku="1,1,8,1,54,1,53,0" doraHai="59" doraHaiUra="71" who="3" fromWho="0" sc="253,-52,326,0,201,0,210,62" /><UN n2="%63%68%61%72%6C%69%65%37" /><INIT seed="7,0,0,2,1,46" ten="201,326,201,272" oya="3" hai0="56,57,87,98,55,111,86,94,115,95,41,97,64" hai1="60,27,23,131,124,74,106,88,63,123,101,70,96" hai2="48,42,103,129,84,82,125,116,7,104,85,31,73" hai3="5,79,8,29,51,128,13,120,112,122,15,132,107"/><W66/><G107/><T76/><D111/><U109/><E123/><V34/><F116/><W12/><G122/><T54/><D115/><U22/><E109/><V89/><F129/><W71/><G120/><T18/><D64/><U68/><E124/><V91/><F125/><W81/><G112/><T92/><D41/><U69/><E131/><V99/><F7/><W9/><G128/><T105/><D18/><U37/><E37/><V53/><F42/><W44/><G132/><T113/><D113/><U24/><E74/><V119/><F119/><W117/><G117/><T43/><D43/><U38/><E38/><V65/><F65/><W40/><G29/><T93/><D105/><U130/><E130/><V16/><F73/><W49/><G49/><N who="0" m="30799" /><D76/><U80/><E80/><V127/><F127/><W134/><G134/><T3/><D3/><U10/><E10/><V102/><F102/><W58/><G71/><T4/><D4/><U90/><E69/><V6/><F6/><W61/><G9/><T21/><D21/><U30/><E70/><V1/><F1/><W52/><G66/><T62/><D98/><U14/><E68/><V33/><F16/><W133/><G133/><T78/><D78/><U2/><E2/><V45/><F31/><W110/><G110/><T67/><D67/><U47/><E30/><V100/><F100/><AGARI ba="0,0" hai="55,57,62,86,87,92,93,94,95,97,100" m="30799" machi="100" ten="30,2000,0" yaku="8,1,52,1" doraHai="46" who="0" fromWho="2" sc="201,20,326,0,201,-20,272,0" owari="221,-18.0,326,43.0,181,-32.0,272,7.0" /></mjloggm>