<mjloggm ver="2.3"><GO type="169" lobby="0"/><UN n0="%6B%6F%6A%69%6D%6F%6E%39" n1="%E3%83%88%E3%83%88%E3%83%AA%E5%85%88%E7%94%9F%31%39%E6%AD%B3" n2="%6B%69%79%6F%6E%61%72%69" n3="%E7%A7%81%E3%81%AF%E3%81%8C%E3%81%A1%E3%81%BB%E3%82%82" dan="17,18,16,18" rate="2166.81,2182.39,2141.98,2228.67" sx="M,F,M,M"/><TAIKYOKU oya="0"/><INIT seed="0,0,0,0,5,64" ten="250,250,250,250" oya="0" hai0="9,120,73,14,75,4,48,88,133,99,43,130,32" hai1="33,34,27,30,98,125,26,41,38,92,25,112,77" hai2="76,126,116,55,3,63,69,5,7,129,91,131,113" hai3="104,70,24,81,122,39,79,40,103,84,53,89,13"/><T128/><D120/><U1/><E1/><V65/><F113/><W23/><G122/><T16/><D32/><U44/><E125/><V105/><F126/><W106/><G103/><T59/><D4/><U47/><E112/><V110/><F110/><W82/><G13/><T18/><D18/><U31/><E77/><V50/><F116/><W132/><G132/><T58/><D133/><U12/><E26/><V51/><F105/><W119/><G119/><T49/><D75/><U61/><E12/><V42/><F76/><W71/><G53/><T54/><D73/><U10/><E10/><V83/><F42/><W37/><G106/><T8/><D8/><U115/><E115/><V68/><F50/><W45/><G39/><T2/><D2/><U111/><E44/><V22/><F3/><W72/><REACH who="3" step="1"/><G104/><REACH who="3" ten="250,250,250,240" step="2"/><T56/><D43/><U101/><E111/><V107/><F107/><W123/><G123/><T66/><D66/><U36/><E61/><V94/><F63/><W46/><G46/><T11/><D11/><U93/><REACH who="1" step="1"/><E93/><REACH who="1" ten="250,240,250,240" step="2"/><V57/><F94/><W108/><G108/><T118/><D118/><U121/><E121/><V17/><F65/><W20/><G20/><T117/><D117/><U78/><E78/><V74/><F22/><W67/><G67/><T15/><D14/><U60/><E60/><V102/><F131/><N who="0" m="50218" /><D54/><U85/><E85/><V29/><F129/><W114/><G114/><T95/><AGARI ba="0,2" hai="9,15,16,48,49,56,58,59,88,95,99" m="50218" machi="95" ten="40,7800,0" yaku="19,1,54,2" doraHai="64" who="0" fromWho="0" sc="250,98,240,-26,250,-26,240,-26" /><INIT seed="0,1,0,1,1,98" ten="348,214,224,214" oya="0" hai0="120,21,29,48,62,118,27,104,75,42,52,73,64" hai1="11,106,12,116,101,107,84,43,123,71,1,56,55" hai2="65,5,109,124,4,58,19,132,128,25,108,83,60" hai3="45,49,125,39,54,76,96,80,47,99,135,90,50"/><T72/><D104/><U78/><E116/><V89/><F128/><W63/><G135/><T82/><D118/><U92/><E123/><V110/><F132/><W88/><G125/><T126/><D120/><U53/><E71/><V122/><F122/><W70/><G39/><T81/><D42/><U95/><E1/><V127/><F5/><W9/><G9/><T113/><D113/><U117/><E117/><V35/><F4/><W105/><G63/><T40/><D40/><U13/><E43/><V69/><F69/><W28/><G28/><T102/><D102/><U32/><E32/><V20/><REACH who="2" step="1"/><F35/><REACH who="2" ten="348,214,214,214" step="2"/><W68/><G70/><T51/><D126/><U79/><E107/><V23/><F23/><W17/><G68/><T10/><D10/><U111/><E106/><V33/><F33/><W131/><G131/><T22/><D21/><U115/><E11/><V129/><F129/><W36/><G105/><T14/><D22/><U15/><E115/><V97/><F97/><W24/><G99/><T121/><D121/><U86/><E111/><V44/><F44/><W93/><G36/><T130/><D130/><U8/><E8/><V0/><F0/><W7/><G7/><T134/><D134/><U74/><E56/><V61/><F61/><W119/><G119/><T87/><D62/><U133/><E133/><V38/><F38/><W100/><G47/><T94/><D51/><U37/><E37/><V18/><F18/><W91/><G50/><T57/><D48/><U3/><E3/><V85/><AGARI ba="1,1" hai="19,20,25,58,60,65,83,85,89,108,109,110,124,127" machi="85" ten="40,5200,0" yaku="1,1,0,1,14,1,53,0" doraHai="98" doraHaiUra="46" who="2" fromWho="2" sc="348,-27,214,-14,214,65,214,-14" /><INIT seed="1,0,0,5,5,25" ten="321,200,279,200" oya="1" hai0="0,21,88,50,67,41,39,109,54,36,48,90,18" hai1="23,66,58,1,107,26,19,99,9,10,47,61,63" hai2="46,29,14,76,120,85,106,33,20,52,113,31,56" hai3="28,68,93,131,57,105,71,17,8,2,59,125,4"/><U126/><E126/><V64/><F120/><W114/><G105/><T60/><D0/><U129/><E129/><V74/><F33/><W100/><G114/><T65/><D109/><U127/><E127/><V117/><F117/><W86/><G131/><T78/><D78/><U82/><E1/><V116/><F116/><W51/><G17/><T49/><D54/><U16/><E107/><V27/><F74/><W22/><G125/><T122/><D122/><U11/><E99/><V44/><F106/><W84/><G84/><T94/><D41/><U132/><E132/><V75/><F75/><W55/><G59/><T77/><D77/><U83/><E47/><N who="2" m="17963" /><F64/><W92/><G92/><T38/><D60/><U81/><REACH who="1" step="1"/><E63/><REACH who="1" ten="321,190,279,200" step="2"/><V115/><F115/><W103/><G103/><T118/><D118/><U40/><E40/><V72/><F113/><W12/><G2/><T79/><D39/><U128/><E128/><V135/><F135/><W95/><G100/><T104/><D38/><U112/><E112/><V37/><F37/><W80/><G51/><T30/><D36/><U91/><E91/><V130/><F130/><W35/><G68/><T70/><D104/><U96/><E96/><V15/><F76/><W133/><G133/><T53/><D79/><U62/><E62/><V102/><F102/><W45/><G45/><T98/><D90/><U6/><E6/><V101/><F101/><W42/><G42/><T3/><D3/><U73/><E73/><V124/><F124/><W108/><G71/><T13/><D70/><U32/><E32/><V110/><F110/><W97/><G35/><RYUUKYOKU ba="0,1" sc="321,-10,190,30,279,-10,200,-10" hai1="9,10,11,16,19,23,26,58,61,66,81,82,83" /><INIT seed="1,1,1,1,0,84" ten="311,220,269,190" oya="1" hai0="106,55,4,9,102,11,112,121,99,3,96,76,117" hai1="97,108,20,113,15,47,94,30,85,131,52,60,17" hai2="44,2,18,31,114,93,75,109,62,63,79,8,16" hai3="100,21,1,33,41,64,68,87,37,110,81,115,38"/><U35/><E113/><V98/><F114/><W103/><G115/><T13/><D117/><U10/><E131/><V39/><F109/><W43/><G33/><T88/><D121/><U24/><E108/><V73/><F31/><W45/><G1/><T23/><D76/><U129/><E129/><V72/><F79/><W123/><G123/><T50/><D112/><U22/><E85/><V134/><F134/><W49/><G110/><T78/><D78/><U90/><REACH who="1" step="1"/><E47/><REACH who="1" ten="311,210,269,190" step="2"/><V125/><F44/><W107/><G87/><T51/><D99/><U116/><E116/><V40/><F98/><W120/><G45/><T91/><D23/><U119/><E119/><V80/><F75/><W54/><G21/><T7/><D51/><U65/><E65/><V83/><F73/><W92/><G64/><T5/><D7/><U61/><E61/><V27/><F63/><W105/><G49/><T59/><AGARI ba="1,2" hai="3,4,5,9,11,13,50,55,59,88,91,96,102,106" machi="59" ten="20,8000,1" yaku="0,1,7,1,52,2,54,1" doraHai="84" who="0" fromWho="0" sc="311,103,210,-41,269,-21,190,-21" /><INIT seed="2,0,0,1,5,90" ten="414,169,248,169" oya="2" hai0="129,120,2,29,74,85,133,109,20,13,30,88,135" hai1="127,27,69,119,126,25,10,33,38,26,18,49,108" hai2="41,36,0,7,93,83,115,92,111,44,16,34,9" hai3="107,32,132,56,106,130,131,71,64,122,68,42,5"/><V89/><F115/><W116/><G5/><T80/><D120/><U97/><E38/><V1/><F1/><W76/><G76/><T12/><D2/><U14/><E69/><V47/><F34/><W37/><G32/><T121/><D121/><U110/><E49/><V4/><F4/><W22/><G22/><T84/><D74/><U82/><E82/><V45/><F111/><N who="1" m="42537" /><E97/><V114/><F114/><W102/><G122/><T48/><D129/><U81/><E81/><V61/><F61/><W50/><G102/><T51/><D109/><U28/><E119/><V112/><F112/><W124/><G106/><T23/><D80/><U62/><E62/><V125/><F125/><AGARI ba="0,0" hai="10,14,18,25,26,27,28,33,125,126,127" m="42537" machi="125" ten="30,7700,0" yaku="18,1,14,1,34,2" doraHai="90" who="1" fromWho="2" sc="414,0,169,77,248,-77,169,0" /><INIT seed="3,0,0,3,3,4" ten="414,246,171,169" oya="3" hai0="41,121,87,50,108,21,46,39,22,10,47,42,127" hai1="80,52,62,96,75,124,8,122,102,110,18,68,16" hai2="23,35,111,9,2,116,84,6,98,5,133,59,58" hai3="33,81,112,103,36,115,95,13,71,77,28,105,123"/><W78/><G36/><T27/><D108/><U131/><E122/><V45/><F111/><W130/><G71/><T64/><D121/><U66/><E110/><V31/><F35/><W99/><G123/><T119/><D119/><U20/><E131/><V51/><F116/><W25/><G130/><T97/><D127/><U55/><E124/><V88/><F133/><W3/><G3/><T118/><D118/><U126/><E126/><V65/><F65/><W32/><G32/><T17/><D64/><U92/><E18/><V26/><F98/><W54/><G77/><T128/><D128/><U7/><E80/><V56/><F6/><W19/><G54/><T100/><D87/><U129/><E75/><V101/><F101/><W91/><G105/><T63/><D63/><U12/><REACH who="1" step="1"/><E129/><REACH who="1" ten="414,236,171,169" step="2"/><V67/><F67/><W44/><G115/><T85/><D17/><U106/><E106/><V69/><F69/><W89/><G112/><T74/><D74/><U43/><E43/><V107/><F107/><W72/><REACH who="3" step="1"/><G44/><REACH who="3" ten="414,236,171,159" step="2"/><T132/><D46/><U113/><E113/><V135/><F135/><W53/><G53/><T70/><D47/><U61/><E61/><V48/><REACH who="2" step="1"/><F45/><REACH who="2" ten="414,236,161,159" step="2"/><W83/><G83/><AGARI ba="0,3" hai="2,5,9,23,26,31,48,51,56,58,59,83,84,88" machi="83" ten="40,8000,1" yaku="1,1,2,1,52,1,54,1,53,0" doraHai="4" doraHaiUra="40" who="2" fromWho="3" sc="414,0,236,0,161,110,159,-80" /><INIT seed="4,0,0,5,1,90" ten="414,236,271,79" oya="0" hai0="104,4,64,3,103,57,26,9,0,132,98,55,88" hai1="10,109,20,46,96,108,31,12,131,48,94,110,15" hai2="133,82,100,32,134,89,60,59,117,58,63,50,61" hai3="34,23,66,52,72,120,35,28,97,86,56,70,92"/><T18/><D64/><U116/><E116/><V91/><F32/><W11/><G72/><T40/><D40/><U37/><E37/><V71/><F71/><W79/><G120/><T69/><D69/><U25/><E131/><V44/><F100/><W115/><G115/><T112/><D112/><U135/><E135/><N who="2" m="51723" /><F117/><W78/><G70/><T47/><D47/><U24/><E24/><V65/><F82/><W119/><G66/><T87/><D132/><U22/><E22/><V33/><F33/><W127/><G127/><T43/><D43/><U93/><E96/><V27/><F27/><W76/><G86/><T125/><D125/><U17/><REACH who="1" step="1"/><E12/><REACH who="1" ten="414,226,271,79" step="2"/><V49/><F65/><W107/><G119/><T73/><D3/><U130/><E130/><V102/><F50/><W113/><G113/><T123/><D26/><U41/><AGARI ba="0,1" hai="10,15,17,20,25,31,41,46,48,93,94,108,109,110" machi="41" ten="30,7900,0" yaku="1,1,0,1,52,2,53,0" doraHai="90" doraHaiUra="54" who="1" fromWho="1" sc="414,-39,226,89,271,-20,79,-20" /><INIT seed="5,0,0,2,5,33" ten="375,315,251,59" oya="1" hai0="102,109,48,89,127,125,61,46,57,67,77,117,72" hai1="120,129,25,74,19,34,134,121,62,32,51,84,66" hai2="17,65,58,56,111,63,110,130,5,122,59,22,80" hai3="78,68,87,43,40,83,88,38,52,12,50,116,128"/><U107/><E74/><V106/><F106/><W14/><G68/><T132/><D117/><U21/><E107/><V55/><F122/><W135/><G116/><T97/><D109/><U81/><E129/><V108/><F130/><W4/><G128/><T42/><D89/><U30/><E134/><V39/><F39/><W113/><G113/><T85/><D72/><U9/><E51/><V112/><F112/><W15/><G135/><T31/><D31/><U93/><E93/><V20/><F20/><W91/><G4/><T73/><D73/><U44/><E44/><V45/><F5/><W71/><G71/><T47/><D47/><U1/><E32/><V24/><F80/><W16/><G38/><T3/><D3/><U7/><E62/><V69/><REACH who="2" step="1"/><F45/><REACH who="2" ten="375,315,241,59" step="2"/><N who="3" m="27727" /><G16/><T79/><D132/><U36/><E36/><V53/><AGARI ba="0,1" hai="17,22,24,53,55,56,58,59,63,65,69,108,110,111" machi="53" ten="40,2700,0" yaku="1,1,0,1,53,0" doraHai="33" doraHaiUra="103" who="2" fromWho="2" sc="375,-7,315,-13,241,37,59,-7" /><INIT seed="6,0,0,5,5,76" ten="368,302,278,52" oya="2" hai0="103,39,31,7,105,42,92,47,16,32,77,38,10" hai1="44,29,83,89,26,43,113,91,87,131,135,53,116" hai2="88,74,107,2,123,111,6,13,125,66,84,121,48" hai3="27,115,52,101,117,132,1,60,51,78,100,75,102"/><V11/><F74/><W65/><G1/><T85/><D105/><U90/><E116/><V49/><F107/><W98/><G117/><T3/><D31/><U106/><E106/><V114/><F66/><W57/><G132/><T17/><D32/><U36/><E135/><V46/><F114/><W28/><G115/><T122/><D39/><U94/><E131/><V59/><F125/><W30/><G98/><T58/><D58/><U15/><E113/><V79/><F79/><W124/><G124/><T33/><D33/><U21/><E53/><V120/><F111/><W25/><G28/><T81/><D122/><U68/><E68/><V63/><F2/><W130/><G130/><T119/><D119/><U80/><E15/><V118/><F118/><W22/><G27/><T128/><D128/><U67/><E67/><V45/><F63/><W20/><G22/><T37/><D37/><U96/><REACH who="1" step="1"/><E87/><REACH who="1" ten="368,292,278,52" step="2"/><V55/><REACH who="2" step="1"/><F48/><REACH who="2" ten="368,292,268,52" step="2"/><W72/><REACH who="3" step="1"/><G78/><REACH who="3" ten="368,292,268,42" step="2"/><T19/><D77/><U35/><E35/><V69/><F69/><AGARI ba="0,3" hai="20,25,30,51,52,57,60,65,69,72,75,100,101,102" machi="69" ten="40,8000,1" yaku="1,1,2,1,54,1,53,1" doraHai="76" doraHaiUra="23" who="3" fromWho="2" sc="368,0,292,0,268,-80,42,110" /><INIT seed="7,0,0,5,0,5" ten="368,292,188,152" oya="3" hai0="117,110,53,60,10,72,95,81,84,21,49,17,4" hai1="47,23,134,57,26,94,77,39,127,109,114,3,71" hai2="89,9,24,16,59,12,38,119,46,2,101,122,111" hai3="107,112,63,31,68,27,62,69,125,22,88,0,37"/><W52/><G107/><T45/><D110/><U102/><E71/><V28/><F111/><W19/><G37/><T66/><D72/><U1/><E109/><V14/><F119/><W13/><G0/><T43/><D117/><U115/><E77/><V90/><F2/><W42/><G42/><T96/><D10/><U51/><E39/><V61/><F101/><W108/><G108/><T83/><D4/><U120/><E120/><V106/><F106/><W8/><G112/><N who="1" m="43050" /><E134/><V82/><F82/><W6/><G125/><T40/><D60/><U32/><E32/><V41/><F14/><W74/><G74/><T50/><D66/><U33/><E57/><V67/><F122/><W44/><G6/><T64/><D64/><U20/><E20/><AGARI ba="0,0" hai="9,12,16,20,24,28,38,41,46,59,61,67,89,90" machi="20" ten="30,3900,0" yaku="7,1,52,1,54,1" doraHai="5" who="2" fromWho="1" sc="368,0,292,-39,188,39,152,0" owari="368,47.0,253,5.0,227,-17.0,152,-35.0" /></mjloggm>