<mjloggm ver="2.3"><GO type="169" lobby="0"/><UN n0="%43%48%49%52%4F%52%55" n1="%E3%82%A6%E3%83%AB%E3%83%88%E3%83%A9%E7%AB%8B%E7%9B%B4" n2="%61%71%75%61%72%69%75%73" n3="%E6%9A%97%E3%81%84%E7%AC%A6" dan="18,17,16,17" rate="2194.98,2159.25,2027.61,2166.66" sx="M,M,M,M"/><TAIKYOKU oya="0"/><INIT seed="0,0,0,2,1,95" ten="250,250,250,250" oya="0" hai0="69,96,109,48,97,27,17,19,60,134,52,87,62" hai1="67,32,84,89,100,40,111,26,74,58,18,15,83" hai2="30,50,35,24,53,43,54,51,38,79,33,80,9" hai3="110,135,129,29,31,45,20,1,91,130,64,86,118"/><T12/><D134/><U106/><E111/><V108/><F108/><W68/><G1/><T85/><D109/><U123/><E123/><V88/><F33/><W2/><G2/><T61/><D69/><U44/><E74/><V46/><F9/><W23/><G110/><T3/><D3/><U98/><E32/><V120/><F120/><W127/><G64/><T104/><D27/><U13/><E26/><V107/><F107/><W21/><G68/><T99/><D104/><U122/><E122/><V55/><REACH who="2" step="1"/><F88/><REACH who="2" ten="250,250,240,250" step="2"/><W103/><G135/><T131/><D131/><U76/><E89/><V126/><F126/><W8/><G127/><T39/><D39/><U117/><E117/><V82/><F82/><W4/><G118/><T63/><N who="0" m="15360" /><DORA hai="10" /><T78/><D78/><U36/><E67/><V41/><F41/><W65/><G65/><T66/><D66/><U56/><REACH who="1" step="1"/><E18/><REACH who="1" ten="250,240,240,250" step="2"/><V128/><F128/><W125/><G125/><T73/><D19/><U6/><E6/><V16/><F16/><W102/><G130/><T14/><D17/><U47/><E47/><V42/><F42/><W105/><G45/><N who="0" m="27663" /><D73/><AGARI ba="0,2" hai="24,30,35,38,43,46,50,51,53,54,55,73,79,80" machi="73" ten="40,1300,0" yaku="1,1,53,0" doraHai="95,10" doraHaiUra="121,81" who="2" fromWho="0" sc="250,-13,240,0,240,33,250,0" /><INIT seed="1,0,0,2,5,130" ten="237,240,273,250" oya="1" hai0="14,86,121,129,112,54,37,80,20,68,82,29,114" hai1="56,96,92,34,5,91,50,110,30,62,28,74,1" hai2="118,19,24,133,90,109,71,66,25,108,51,27,84" hai3="47,73,46,97,87,131,43,58,53,93,113,0,4"/><U72/><E110/><N who="2" m="42603" /><F118/><W95/><G73/><T98/><D129/><U7/><E74/><V117/><F117/><W3/><G113/><T125/><D121/><U75/><E75/><V40/><F66/><W13/><G131/><T77/><D68/><U12/><E72/><V39/><F71/><W123/><G0/><T76/><D37/><U119/><E119/><V63/><F63/><W38/><G3/><T115/><D125/><U52/><E34/><V89/><F39/><W85/><G47/><T48/><D98/><U78/><E78/><V60/><F60/><W135/><G95/><T94/><D94/><U9/><E5/><V120/><F120/><W59/><G59/><T35/><D35/><U36/><E36/><V69/><F69/><W101/><G123/><T104/><D104/><U81/><E81/><V11/><F84/><W61/><G4/><T83/><D86/><U44/><REACH who="1" step="1"/><E1/><REACH who="1" ten="237,230,273,250" step="2"/><V41/><F89/><W2/><G2/><T42/><D77/><U67/><AGARI ba="0,1" hai="7,9,12,28,30,44,50,52,56,62,67,91,92,96" machi="67" ten="20,18000,2" yaku="1,1,2,1,0,1,7,1,8,1,54,1,53,1" doraHai="130" doraHaiUra="8" who="1" fromWho="1" sc="237,-60,230,190,273,-60,250,-60" /><INIT seed="1,1,0,0,0,104" ten="177,420,213,190" oya="1" hai0="86,134,78,69,24,49,120,6,95,96,50,113,71" hai1="67,33,18,1,53,133,65,103,125,58,92,106,118" hai2="46,111,85,59,90,93,19,0,121,94,74,34,82" hai3="81,45,27,66,56,91,127,87,132,42,5,70,117"/><U129/><E106/><V17/><F34/><W84/><G70/><T114/><D134/><U12/><E1/><V112/><F0/><W11/><G132/><T43/><D120/><U36/><E33/><V107/><F107/><W41/><G127/><T57/><D24/><U35/><E35/><V39/><F121/><W126/><G126/><T83/><D6/><U116/><E36/><V31/><F31/><W60/><G27/><T63/><D71/><U73/><E73/><V135/><F135/><W44/><G117/><T102/><D69/><U123/><E123/><V105/><F105/><W79/><G42/><T29/><D29/><U25/><E25/><V7/><F7/><W38/><G45/><T40/><D114/><U88/><E103/><V119/><F119/><W128/><G128/><T52/><D113/><U99/><E129/><V3/><F3/><W23/><G23/><T30/><D30/><U76/><E125/><V72/><F112/><W16/><G5/><T13/><D13/><U124/><E124/><V80/><F39/><W98/><G98/><T68/><D68/><U8/><E133/><V2/><F2/><W100/><G100/><T22/><D22/><U10/><E10/><V26/><F26/><W21/><G21/><T54/><REACH who="0" step="1"/><D63/><REACH who="0" ten="167,420,213,190" step="2"/><N who="1" m="36303" /><E118/><V101/><F19/><W37/><G16/><T28/><D28/><U115/><E116/><V15/><F17/><W130/><G130/><T131/><D131/><U47/><E115/><V64/><F15/><W110/><G60/><T4/><D4/><U77/><E12/><V48/><F64/><W9/><G66/><RYUUKYOKU ba="1,1" sc="167,30,420,-10,213,-10,190,-10" hai0="40,43,49,50,52,54,57,78,83,86,95,96,102" /><INIT seed="2,2,1,1,4,135" ten="197,410,203,180" oya="2" hai0="28,76,61,62,73,64,45,10,118,130,113,79,3" hai1="121,17,48,120,68,5,72,103,89,112,128,37,67" hai2="53,16,27,104,95,2,44,131,126,13,58,107,114" hai3="69,90,119,117,86,52,96,19,55,129,47,4,15"/><V80/><F114/><W134/><G69/><T22/><D113/><U60/><E37/><V14/><F2/><W91/><G134/><T87/><D73/><U83/><E128/><V46/><F131/><W75/><G75/><T34/><D130/><U82/><E112/><V32/><F80/><W12/><G129/><T21/><D62/><U100/><E5/><V54/><F95/><W115/><G115/><T8/><D34/><U35/><E35/><V78/><F78/><W36/><G96/><T0/><D45/><U102/><E17/><V74/><F74/><W93/><G91/><T49/><D49/><U25/><E25/><V71/><F71/><W59/><G12/><T116/><D61/><U125/><E48/><V7/><F32/><W39/><G4/><T88/><D87/><N who="1" m="50431" /><E82/><V33/><F33/><W56/><G39/><T63/><D63/><U92/><E92/><V31/><F7/><W18/><G18/><T24/><D24/><U123/><E72/><V124/><F16/><W65/><G36/><T122/><D28/><U108/><E108/><V84/><F27/><W23/><G47/><T85/><D118/><U98/><E98/><V109/><F31/><W40/><G40/><T38/><D38/><U70/><E70/><V111/><REACH who="2" step="1"/><F84/><REACH who="2" ten="197,410,193,180" step="2"/><W6/><G6/><N who="0" m="1095" /><D85/><U41/><E41/><V51/><F51/><N who="3" m="30751" /><G119/><T43/><D43/><U106/><E106/><V101/><F101/><W66/><G117/><T81/><D3/><U110/><E110/><V99/><F99/><W9/><G9/><T127/><D10/><U97/><E97/><V26/><F26/><RYUUKYOKU ba="2,2" sc="197,-30,410,10,193,10,180,10" hai1="60,67,68,100,102,103,120,121,123,125" hai2="13,14,44,46,53,54,58,104,107,109,111,124,126" hai3="15,19,23,55,59,65,66,86,90,93" /><INIT seed="2,3,2,0,2,102" ten="167,420,203,190" oya="2" hai0="122,134,84,19,52,111,21,123,69,48,55,56,133" hai1="47,38,68,73,6,44,25,89,99,27,29,126,101" hai2="58,50,43,115,40,120,124,33,3,9,64,118,45" hai3="74,66,95,11,85,35,22,10,107,117,112,54,75"/><V90/><F33/><W18/><G35/><T94/><D94/><U132/><E68/><V41/><F118/><W4/><G66/><T96/><D96/><U24/><E73/><V87/><F120/><N who="0" m="46122" /><D84/><U93/><E29/><V46/><F115/><W82/><G117/><T91/><D91/><U61/><E38/><V20/><F124/><W53/><G75/><T76/><D76/><U7/><E126/><V28/><F3/><W42/><G74/><T15/><D69/><U8/><E132/><N who="0" m="50793" /><D55/><U16/><E61/><N who="2" m="37943" /><F9/><W113/><G42/><T100/><D100/><U130/><E101/><V36/><F36/><W71/><G71/><T57/><D111/><U23/><E130/><V103/><F103/><W65/><G65/><T62/><D57/><U119/><E119/><V60/><F60/><AGARI ba="3,2" hai="15,19,21,48,52,56,60,62" m="50793,46122" machi="60" ten="30,2000,0" yaku="20,1,54,1" doraHai="102" who="0" fromWho="2" sc="167,49,420,0,203,-29,190,0" /><INIT seed="3,0,0,1,5,52" ten="216,420,174,190" oya="3" hai0="29,4,118,22,131,135,133,72,99,30,21,5,134" hai1="70,126,103,42,64,55,132,50,24,14,124,28,10" hai2="87,102,117,82,97,116,34,86,19,125,45,113,1" hai3="17,121,40,128,108,47,105,129,20,11,93,62,27"/><W15/><G105/><T78/><D78/><U112/><E103/><V120/><F1/><W75/><G75/><T101/><D72/><U65/><E42/><V53/><F34/><W94/><G121/><T31/><D118/><U9/><E132/><V6/><F120/><W12/><G12/><T18/><D99/><U25/><E112/><V3/><F113/><W122/><G122/><T92/><D92/><U69/><E55/><V123/><F123/><W46/><G46/><T100/><D131/><N who="3" m="50249" /><G62/><T77/><D77/><U44/><E44/><V49/><F125/><W59/><G108/><T90/><D90/><U33/><E50/><V79/><F86/><W54/><G54/><T130/><D130/><U68/><E24/><V26/><F3/><W56/><G94/><T61/><D61/><U85/><E85/><V95/><F6/><N who="0" m="2666" /><D18/><N who="1" m="8527" /><E10/><V66/><F66/><W13/><G93/><T39/><D39/><U73/><E73/><V41/><F41/><W89/><G89/><T58/><D58/><N who="3" m="22057" /><G11/><T37/><D37/><AGARI ba="0,0" hai="13,15,17,20,27,37,40,47" m="22057,50249" machi="37" ten="30,11600,0" yaku="19,1,52,3" doraHai="52" who="3" fromWho="0" sc="216,-116,420,0,174,0,190,116" /><INIT seed="3,1,0,4,1,41" ten="100,420,174,306" oya="3" hai0="38,134,39,5,17,110,6,11,52,68,103,21,83" hai1="18,76,53,49,59,31,109,80,106,64,3,4,81" hai2="67,88,113,120,84,69,25,86,132,93,114,131,70" hai3="33,42,43,62,57,92,98,95,102,73,125,111,72"/><W61/><G33/><T32/><D32/><U29/><E106/><V48/><F120/><W78/><G125/><T118/><D118/><U34/><E109/><V58/><F132/><W15/><G62/><T66/><D110/><U7/><E3/><V63/><F131/><W27/><G27/><T126/><D134/><U13/><E64/><V24/><F84/><W87/><G73/><T10/><D126/><U101/><E101/><V20/><F24/><W124/><G72/><T37/><D103/><U97/><E97/><V30/><REACH who="2" step="1"/><F48/><REACH who="2" ten="100,420,164,306" step="2"/><W47/><G124/><T2/><D38/><U89/><E49/><V75/><F75/><W46/><G111/><T1/><D37/><U116/><E116/><V50/><F50/><W96/><G87/><T104/><D39/><U82/><E82/><V65/><F65/><N who="3" m="39087" /><G78/><T105/><D83/><U16/><E80/><V71/><AGARI ba="1,1" hai="20,25,30,58,63,67,69,70,71,86,88,93,113,114" machi="71" ten="30,7900,0" yaku="1,1,0,1,54,1,53,1" doraHai="41" doraHaiUra="56" who="2" fromWho="2" sc="100,-21,420,-21,164,92,306,-40" /><INIT seed="4,0,0,3,0,90" ten="79,399,256,266" oya="0" hai0="86,55,115,113,121,108,84,31,118,105,77,112,59" hai1="60,16,4,125,100,18,126,53,89,67,71,30,28" hai2="45,78,17,27,11,104,117,39,29,69,129,52,76" hai3="19,82,57,0,132,15,91,42,111,80,123,34,127"/><T25/><D118/><U12/><E100/><V2/><F69/><W65/><G0/><T61/><D121/><U7/><E53/><V98/><F129/><W133/><G34/><T120/><D120/><U36/><E36/><V106/><F106/><W40/><G111/><T109/><D105/><U21/><E89/><V5/><F17/><W26/><G26/><T46/><D46/><U3/><E18/><V92/><F104/><W50/><G127/><N who="1" m="48650" /><E3/><V47/><F47/><W88/><G123/><T43/><D43/><N who="3" m="16425" /><G65/><T135/><D135/><N who="3" m="51785" /><G57/><T54/><D54/><U24/><E30/><V1/><F1/><W20/><G50/><T116/><D116/><U44/><E44/><V87/><F87/><N who="0" m="33322" /><D77/><U9/><AGARI ba="0,0" hai="4,7,9,12,16,21,24,28,60,67,71" m="48650" machi="9" ten="30,2000,0" yaku="18,1,54,1" doraHai="90" who="1" fromWho="1" sc="79,-10,399,20,256,-5,266,-5" /><INIT seed="5,0,0,4,0,120" ten="69,419,251,261" oya="1" hai0="111,0,79,32,92,56,127,43,2,81,14,66,87" hai1="11,3,68,78,22,27,72,76,9,18,65,48,6" hai2="98,134,94,38,91,63,60,51,7,53,29,10,28" hai3="8,77,89,110,107,33,74,26,133,52,90,58,83"/><U34/><E72/><V131/><F38/><W46/><G107/><T1/><D32/><U57/><E68/><V23/><F131/><W109/><G46/><T80/><D127/><U47/><E34/><V61/><F23/><W128/><G128/><T39/><D39/><U24/><E24/><V17/><F17/><W124/><G124/><T113/><D43/><U31/><E57/><V112/><F112/><W117/><G8/><T36/><D36/><U73/><E65/><V114/><F134/><W123/><G123/><T4/><D113/><U130/><E73/><V71/><F71/><W122/><G122/><T70/><D70/><U121/><E121/><V69/><F69/><W104/><G104/><T126/><D126/><U84/><E84/><V15/><REACH who="2" step="1"/><F114/><REACH who="2" ten="69,419,241,261" step="2"/><W55/><G133/><T106/><D4/><U25/><E130/><V20/><F20/><W93/><G117/><T59/><D0/><U50/><E22/><V45/><AGARI ba="0,1" hai="7,10,15,28,29,45,51,53,60,61,63,91,94,98" machi="45" ten="30,7900,0" yaku="1,1,0,1,8,1,53,1" doraHai="120" doraHaiUra="44" who="2" fromWho="2" sc="69,-20,419,-39,241,89,261,-20" /><INIT seed="6,0,0,0,3,62" ten="49,380,330,241" oya="2" hai0="110,81,40,127,2,133,20,39,58,66,25,42,19" hai1="83,30,32,111,1,34,56,113,82,123,85,24,112" hai2="21,16,35,76,135,67,121,114,22,7,129,72,69" hai3="51,132,9,53,124,88,107,44,126,71,10,99,63"/><V59/><F35/><W78/><G78/><T84/><D110/><U131/><E1/><V4/><F121/><W8/><G107/><T5/><D133/><U80/><E111/><V97/><F69/><W37/><G132/><T26/><D127/><N who="3" m="48681" /><G37/><T130/><D130/><U61/><E123/><V6/><F135/><W117/><G117/><T18/><D2/><U68/><E68/><V29/><F129/><W116/><G116/><T101/><D5/><U43/><E43/><V28/><F72/><W17/><G17/><T115/><D115/><N who="1" m="44107" /><E131/><V12/><F76/><W96/><G88/><T33/><D101/><U77/><E34/><V75/><F75/><W89/><G89/><T3/><D3/><U95/><E95/><V128/><F128/><W47/><G44/><T60/><D39/><U86/><E86/><V27/><F114/><W38/><G38/><T36/><D36/><U45/><E45/><V46/><F46/><W65/><AGARI ba="0,0" hai="8,9,10,47,51,53,63,65,71,96,99" m="48681" machi="65" ten="40,2700,0" yaku="18,1,52,1" doraHai="62" who="3" fromWho="3" sc="49,-7,380,-7,330,-13,241,27" /><INIT seed="7,0,0,4,4,31" ten="42,373,317,268" oya="3" hai0="35,28,116,4,119,39,37,16,8,21,43,105,88" hai1="0,19,29,62,92,84,7,110,32,127,93,130,1" hai2="30,48,54,129,59,135,17,104,44,128,65,60,98" hai3="42,109,3,70,99,97,117,22,89,25,120,131,106"/><W78/><G3/><T107/><D43/><U113/><E32/><V13/><F30/><W12/><G70/><T96/><D28/><U14/><E110/><V15/><F135/><W125/><G106/><T94/><D21/><U2/><E7/><V86/><F86/><W108/><G78/><T68/><D94/><U52/><E29/><V85/><F85/><W76/><G76/><T34/><D96/><U101/><E113/><V38/><F38/><W40/><G120/><T123/><D68/><U82/><E101/><N who="2" m="62519" /><F17/><N who="3" m="12495" /><G117/><T41/><D41/><N who="3" m="15977" /><G125/><T100/><D100/><U95/><E130/><AGARI ba="0,0" hai="13,15,44,48,54,59,60,65,128,129,130" m="62519" machi="130" ten="30,1000,0" yaku="19,1" doraHai="31" who="2" fromWho="1" sc="42,0,373,-10,317,10,268,0" owari="42,-46.0,363,46.0,327,13.0,268,-13.0" /></mjloggm>