<mjloggm ver="2.3"><GO type="225" lobby="0"/><UN n0="%E3%83%AD%E3%83%9C%E3%82%B3%E3%83%97" n1="%E3%82%A6%E3%83%AB%E3%83%88%E3%83%A9%E7%AB%8B%E7%9B%B4" n2="%6C%65%74%69%74%62%65" n3="%E6%9C%80%E5%BC%B7%E6%9C%80%E5%BE%8C" dan="17,17,17,16" rate="2139.71,2111.15,2172.95,2079.21" sx="M,M,F,M"/><TAIKYOKU oya="0"/><INIT seed="0,0,0,1,1,19" ten="250,250,250,250" oya="0" hai0="12,23,29,105,106,102,76,45,75,113,33,3,90" hai1="84,49,94,97,128,71,107,74,114,103,93,118,80" hai2="121,99,4,34,35,56,119,115,17,96,108,100,125" hai3="36,5,24,83,31,13,116,50,91,86,135,95,27"/><T124/><D113/><U8/><E71/><V16/><F115/><W129/><G36/><T123/><D3/><U38/><E38/><V30/><F121/><W88/><G116/><T112/><D123/><U46/><E114/><V9/><F119/><W18/><G129/><T58/><D112/><U81/><E128/><V60/><F108/><W28/><G5/><T79/><D33/><U63/><E118/><V73/><F73/><W131/><G50/><T52/><D45/><U15/><E63/><V127/><F99/><N who="3" m="57831" /><G135/><T53/><D53/><U20/><E74/><V82/><F82/><W98/><G131/><T132/><D132/><U57/><E57/><V69/><F69/><W14/><G98/><T40/><D40/><U92/><E84/><V126/><F30/><N who="3" m="11307" /><G14/><T66/><D12/><U11/><E81/><V42/><F42/><W72/><G72/><T6/><D75/><U122/><E80/><V47/><F47/><W44/><G44/><T120/><D120/><U67/><E122/><V85/><F85/><W61/><G61/><T62/><D6/><U104/><E104/><N who="2" m="63495" /><F35/><W101/><G101/><T134/><D102/><U64/><E46/><V32/><F34/><W48/><G48/><T89/><D106/><U65/><E49/><V39/><F32/><W7/><G7/><T109/><D105/><U117/><E117/><V130/><F39/><W41/><G41/><T70/><D70/><U68/><E68/><V54/><F130/><W21/><AGARI ba="0,0" hai="13,18,21,24,27,83,86,91" m="11307,57831" machi="21" ten="30,4000,0" yaku="8,1,52,1,54,1" doraHai="19" who="3" fromWho="3" sc="250,-20,250,-10,250,-10,250,40" /><INIT seed="1,0,0,1,0,95" ten="230,240,240,290" oya="1" hai0="13,79,84,129,23,1,40,135,44,66,57,81,92" hai1="53,14,49,77,17,34,83,54,58,127,123,119,85" hai2="4,88,63,96,7,68,61,6,72,130,86,37,59" hai3="124,16,67,93,106,98,109,100,15,134,87,108,115"/><U22/><E119/><V125/><F72/><W30/><G67/><T128/><D1/><U80/><E123/><V110/><F37/><W3/><G30/><T45/><D135/><U74/><E34/><V2/><F2/><W38/><G3/><T47/><D40/><U24/><E127/><V48/><F130/><N who="0" m="50282" /><D92/><U41/><E41/><V29/><F29/><W121/><G38/><T33/><D33/><U76/><REACH who="1" step="1"/><E54/><REACH who="1" ten="230,230,240,290" step="2"/><N who="2" m="32199" /><F125/><W104/><G124/><T118/><D118/><U25/><AGARI ba="0,1" hai="14,17,22,24,25,49,53,58,74,76,77,80,83,85" machi="25" ten="30,3000,0" yaku="1,1,0,1,53,0" doraHai="95" doraHaiUra="122" who="1" fromWho="1" sc="230,-10,230,40,240,-10,290,-10" /><INIT seed="1,1,0,4,4,106" ten="220,270,230,280" oya="1" hai0="21,22,103,80,112,115,15,58,30,53,60,37,45" hai1="75,55,84,25,125,7,57,79,89,130,13,64,70" hai2="109,46,6,116,23,54,102,19,105,90,28,91,34" hai3="104,51,29,72,83,27,97,18,52,8,129,81,48"/><U85/><E130/><V2/><F116/><W47/><G129/><T127/><D103/><U118/><E118/><V44/><F109/><W17/><G97/><T117/><D117/><U26/><E75/><V92/><F105/><W32/><G104/><T128/><D128/><U122/><E70/><V14/><F102/><W40/><G72/><T35/><D35/><U56/><E125/><V96/><F91/><W133/><G133/><T36/><D127/><U65/><E79/><V95/><F95/><W63/><G63/><T73/><D30/><U31/><E122/><V101/><F101/><W33/><G18/><T16/><D22/><N who="1" m="15799" /><E26/><N who="2" m="18711" /><F54/><W111/><G33/><T59/><D59/><N who="1" m="22603" /><E55/><V74/><F74/><W108/><G8/><AGARI ba="1,0" hai="2,6,8,14,19,23,44,46,90,92,96" m="18711" machi="8" ten="30,1000,0" yaku="24,1" doraHai="106" who="2" fromWho="3" sc="220,0,270,0,230,13,280,-13" /><INIT seed="2,0,0,1,4,71" ten="220,270,243,267" oya="2" hai0="24,43,135,57,49,129,69,134,89,17,128,59,31" hai1="80,83,79,2,103,33,74,118,120,97,0,68,46" hai2="55,70,76,81,56,65,123,11,99,114,96,20,51" hai3="50,78,15,26,133,85,45,100,91,35,107,41,87"/><V7/><F123/><W48/><G133/><N who="0" m="50699" /><D69/><U73/><E118/><V23/><F114/><W125/><G125/><T34/><D89/><U32/><E68/><V3/><F70/><W47/><G78/><T40/><D17/><U14/><E14/><V21/><REACH who="2" step="1"/><F65/><REACH who="2" ten="220,270,233,267" step="2"/><W62/><G107/><T63/><D129/><U13/><E120/><V105/><F105/><W122/><G122/><T108/><D128/><U30/><E74/><AGARI ba="0,1" hai="3,7,11,20,21,23,51,55,56,74,76,81,96,99" machi="74" ten="40,2000,0" yaku="1,1,53,0" doraHai="71" doraHaiUra="42" who="2" fromWho="1" sc="220,0,270,-20,233,30,267,0" /><INIT seed="2,1,0,4,1,42" ten="220,250,263,267" oya="2" hai0="94,8,21,19,109,20,52,107,58,84,35,126,2" hai1="133,10,48,119,77,41,116,59,16,98,86,55,93" hai2="70,124,80,127,36,111,131,101,87,66,60,31,5" hai3="69,4,63,71,39,73,64,81,57,43,104,120,15"/><V97/><F5/><W18/><G120/><T22/><D107/><U88/><E133/><V29/><F131/><W134/><G104/><T68/><D35/><U25/><E41/><V6/><F6/><W85/><G4/><T74/><D68/><U100/><E77/><V79/><F36/><W53/><G73/><T90/><D74/><U33/><E33/><V46/><F46/><W96/><G96/><T9/><D2/><U114/><E114/><V122/><F122/><W132/><G43/><T129/><D129/><U23/><REACH who="1" step="1"/><E10/><REACH who="1" ten="220,240,263,267" step="2"/><N who="0" m="4201" /><D109/><U37/><E37/><V56/><F111/><W121/><G39/><T99/><D126/><N who="2" m="48170" /><F70/><W91/><G121/><T83/><D19/><U54/><E54/><V47/><F29/><W113/><G113/><T50/><D21/><U75/><E75/><V110/><F31/><W26/><G69/><T51/><D51/><U61/><E61/><V0/><F110/><W28/><G71/><T106/><D106/><AGARI ba="1,1" hai="16,23,25,48,55,59,86,88,93,98,100,106,116,119" machi="106" ten="30,8000,1" yaku="1,1,7,1,54,2,53,1" doraHai="42" doraHaiUra="82" who="1" fromWho="0" sc="220,-83,240,93,263,0,267,0" /><INIT seed="3,0,0,2,5,29" ten="137,333,263,267" oya="3" hai0="23,48,45,50,70,24,47,3,77,93,88,82,120" hai1="1,127,81,53,117,106,68,103,98,12,40,11,49" hai2="16,30,46,57,66,44,14,113,28,18,124,135,83" hai3="65,110,76,59,31,2,112,10,104,67,26,85,35"/><W128/><G104/><T36/><D120/><U121/><E121/><V115/><F135/><W4/><G112/><T34/><D70/><U130/><E68/><V32/><F32/><W78/><G128/><T87/><D3/><U133/><E1/><V43/><F124/><W58/><G110/><T55/><D36/><U97/><E40/><V69/><F69/><W109/><G109/><T126/><D126/><U118/><E127/><V71/><F71/><W86/><G59/><T56/><D50/><U131/><E97/><V116/><F116/><N who="1" m="44649" /><E81/><V75/><F75/><W125/><G125/><T51/><D51/><U54/><E133/><V92/><F83/><W72/><G72/><T63/><D48/><U9/><E9/><V111/><F111/><W60/><REACH who="3" step="1"/><G67/><REACH who="3" ten="137,333,263,257" step="2"/><T107/><D107/><U99/><E106/><V80/><F66/><W62/><G62/><T73/><REACH who="0" step="1"/><D34/><REACH who="0" ten="127,333,263,257" step="2"/><U5/><E131/><V79/><F115/><W7/><G7/><T0/><D0/><U38/><E5/><V95/><F113/><W52/><G52/><T84/><D84/><AGARI ba="0,2" hai="2,4,10,26,31,35,58,60,65,76,78,84,85,86" machi="84" ten="40,7700,0" yaku="1,1,52,1,53,1" doraHai="29" doraHaiUra="33" who="3" fromWho="0" sc="127,-77,333,0,263,0,257,97" owari="50,-45.0,333,13.0,263,-14.0,354,46.0" /></mjloggm>