<mjloggm ver="2.3"><GO type="169" lobby="0"/><UN n0="%E3%82%AB%E3%83%84%E3%82%AA%E6%AD%A6%E5%A3%AB" n1="%E5%B0%B1%E6%B4%BB%E7%94%9F%40%E5%B7%9D%E6%9D%91%E8%BB%8D%E5%9B%A3" n2="%E7%A7%81%E3%81%AF%E3%81%8C%E3%81%A1%E3%81%BB%E3%82%82" n3="%63%6C%6F%6F%77%64%6F" dan="16,17,17,16" rate="2063.29,2177.68,2241.68,2065.50" sx="M,M,M,F"/><TAIKYOKU oya="0"/><INIT seed="0,0,0,3,4,84" ten="250,250,250,250" oya="0" hai0="17,99,113,127,69,5,47,22,33,111,48,94,27" hai1="53,91,120,135,6,0,103,121,124,58,39,82,114" hai2="45,125,38,105,107,59,51,86,72,57,46,42,23" hai3="74,129,10,134,60,35,31,28,70,109,1,64,75"/><T36/><D113/><U133/><E39/><V92/><F72/><W67/><G109/><T89/><D69/><U106/><E0/><V26/><F125/><W98/><G129/><T25/><D36/><U100/><E6/><V14/><F14/><W115/><G134/><N who="1" m="51210" /><E124/><V119/><F105/><W90/><G115/><T87/><D127/><U41/><E41/><V49/><F107/><W54/><G67/><T44/><D44/><U24/><E24/><V56/><F119/><W32/><G32/><T50/><D50/><U15/><E15/><V13/><F13/><W123/><G123/><N who="1" m="47178" /><E106/><V76/><F38/><W122/><G122/><T3/><D111/><U18/><E18/><V20/><F20/><W77/><G1/><T130/><D130/><U30/><E30/><V96/><F23/><W108/><G31/><T63/><D63/><U55/><E114/><V112/><F26/><W80/><G60/><T117/><D117/><U8/><E8/><V102/><F112/><W131/><G108/><T118/><D118/><U71/><E71/><V37/><F45/><W93/><G70/><T128/><D128/><U66/><E66/><V73/><F49/><W116/><G131/><T126/><D126/><U78/><E78/><V104/><F104/><W4/><G116/><T97/><D5/><U12/><E12/><V62/><F62/><W19/><G4/><T88/><D3/><U101/><E58/><V83/><F37/><W43/><G77/><T2/><D2/><U52/><E55/><V81/><F57/><W85/><G54/><N who="0" m="29983" /><D27/><U40/><E40/><V9/><F9/><RYUUKYOKU ba="0,0" sc="250,-15,250,15,250,15,250,-15" hai1="52,53,82,91,100,101,103" hai2="42,46,51,56,59,73,76,81,83,86,92,96,102" /><INIT seed="1,1,0,2,1,106" ten="235,265,265,235" oya="1" hai0="119,132,72,63,13,54,3,83,26,35,61,30,98" hai1="53,31,78,50,21,42,34,126,80,131,111,33,95" hai2="117,8,41,96,14,10,51,46,5,36,62,17,37" hai3="18,20,73,56,75,125,11,85,44,123,100,52,64"/><U112/><E112/><V69/><F117/><W58/><G123/><T7/><D3/><U0/><E0/><V86/><F96/><W104/><G11/><T68/><D119/><U66/><E42/><V87/><F69/><W113/><G113/><T22/><D132/><U91/><E126/><V109/><F109/><W48/><G125/><T134/><D134/><U6/><E6/><V89/><F62/><W97/><G85/><T4/><D98/><U116/><E66/><V27/><F86/><W49/><G64/><T67/><D13/><U77/><E77/><V110/><F110/><W57/><REACH who="3" step="1"/><G49/><REACH who="3" ten="235,265,265,225" step="2"/><T40/><D7/><U82/><E50/><V122/><F122/><W43/><G43/><T102/><D4/><U32/><E111/><V99/><F99/><W19/><G19/><T90/><D40/><U24/><E116/><V107/><F10/><W101/><G101/><T105/><D61/><U114/><E114/><V2/><F2/><W133/><G133/><T39/><D54/><U1/><E1/><V55/><F41/><W29/><G29/><T16/><D39/><U59/><E131/><V135/><F135/><W84/><G84/><T129/><D129/><U93/><E78/><V115/><F115/><W74/><G74/><T70/><D70/><U94/><E91/><V12/><F37/><W28/><G28/><T81/><D90/><U23/><E53/><V47/><F36/><W121/><G121/><T71/><D71/><U60/><E23/><V88/><F89/><W76/><G76/><T128/><D128/><U38/><E38/><V15/><F88/><RYUUKYOKU ba="1,1" sc="235,-15,265,15,265,-15,225,15" hai1="21,24,31,32,33,34,59,60,80,82,93,94,95" hai3="18,20,44,48,52,56,57,58,73,75,97,100,104" /><INIT seed="1,2,1,3,1,76" ten="220,280,250,240" oya="1" hai0="17,108,51,62,0,102,11,48,130,25,132,57,59" hai1="49,83,85,60,6,15,82,56,19,28,12,45,26" hai2="3,66,115,27,46,65,39,133,24,69,116,95,53" hai3="42,37,52,84,41,71,38,20,29,47,112,126,33"/><U67/><E6/><V105/><F105/><W5/><G33/><T31/><D130/><U89/><E19/><V36/><F3/><W120/><G5/><T123/><D123/><U18/><E18/><V14/><F14/><W81/><G120/><T113/><D113/><U74/><E74/><V87/><F116/><W103/><G112/><T55/><D132/><U107/><E107/><V106/><F106/><W101/><G126/><T91/><D102/><U100/><E100/><V70/><F95/><W50/><G71/><T119/><D108/><U129/><E129/><V22/><F87/><W34/><G34/><T13/><D0/><U73/><E73/><V72/><F72/><W40/><G38/><T68/><D68/><U128/><E128/><V88/><F22/><W21/><G37/><T124/><D124/><U7/><E7/><V135/><F46/><W8/><G20/><N who="0" m="15783" /><D119/><U96/><E96/><V121/><F115/><W111/><G8/><T79/><D79/><U9/><E9/><V61/><F121/><W75/><G75/><T99/><D59/><U32/><REACH who="1" step="1"/><E82/><REACH who="1" ten="220,270,250,240" step="2"/><V1/><F1/><W43/><G111/><T23/><D11/><U94/><E94/><AGARI ba="2,2" hai="13,17,23,48,51,55,57,62,91,94,99" m="15783" machi="94" ten="30,1000,0" yaku="8,1" doraHai="76" who="0" fromWho="1" sc="220,36,270,-16,250,0,240,0" /><INIT seed="2,0,0,2,3,41" ten="256,254,250,240" oya="2" hai0="43,134,79,52,135,87,19,125,4,130,89,76,47" hai1="65,55,64,100,56,40,16,70,3,99,105,51,83" hai2="69,26,123,24,93,131,34,126,46,96,117,109,57" hai3="66,118,72,5,12,104,36,85,58,88,114,33,115"/><V2/><F2/><W97/><G118/><T20/><D4/><U113/><E3/><V49/><F69/><W78/><G36/><T1/><D1/><U29/><E113/><V25/><F123/><W38/><G38/><T18/><D125/><U121/><E121/><V6/><F117/><W82/><G33/><T86/><D130/><U35/><E35/><V63/><F6/><W127/><G127/><T133/><D86/><U7/><E29/><V80/><F131/><W75/><G66/><T10/><D10/><U84/><E7/><V60/><F126/><W22/><G58/><T110/><D110/><U54/><E40/><V112/><F112/><N who="3" m="43051" /><G22/><T28/><D28/><U11/><E55/><V45/><F80/><W42/><G42/><T106/><D106/><U44/><E56/><V92/><F109/><W21/><G21/><T74/><D74/><U39/><E39/><V111/><F111/><W13/><G13/><N who="0" m="9295" /><D19/><U37/><E37/><V71/><F71/><W132/><G132/><T108/><D43/><U128/><E128/><V17/><F17/><W68/><G68/><T81/><D108/><U15/><REACH who="1" step="1"/><E70/><REACH who="1" ten="256,244,250,240" step="2"/><V120/><F120/><W101/><G5/><T9/><D9/><U50/><E50/><AGARI ba="0,1" hai="47,50,52,76,79,81,87,89,133,134,135" m="9295" machi="50" ten="30,3900,0" yaku="20,1,52,1,54,1" doraHai="41" who="0" fromWho="1" sc="256,49,244,-39,250,0,240,0" /><INIT seed="3,0,0,1,5,130" ten="305,205,250,240" oya="3" hai0="102,55,2,135,24,6,90,112,79,8,68,52,75" hai1="22,17,89,132,0,5,124,25,108,67,119,37,13" hai2="118,47,29,40,57,81,84,27,44,131,115,80,95" hai3="46,38,35,116,97,20,120,87,39,31,98,76,110"/><W49/><G35/><T88/><D68/><U3/><E37/><V50/><F131/><W72/><G72/><T71/><D71/><U58/><E119/><V83/><F118/><W105/><G116/><T106/><D112/><U127/><E89/><V1/><F1/><N who="1" m="585" /><E67/><V128/><F128/><W126/><G120/><T133/><D102/><U122/><E58/><V69/><F69/><W125/><G110/><T123/><D106/><U78/><E78/><V134/><F57/><W30/><G76/><T85/><D123/><U21/><E108/><V53/><F95/><W43/><G87/><T23/><D75/><U107/><E107/><V34/><F115/><W18/><G39/><T51/><D79/><U15/><E122/><V36/><F134/><N who="0" m="51210" /><D90/><AGARI ba="0,0" hai="27,29,34,36,40,44,47,50,53,80,81,83,84,90" machi="90" ten="30,1000,0" yaku="7,1" doraHai="130" who="2" fromWho="0" sc="305,-10,205,0,250,10,240,0" /><INIT seed="4,0,0,5,3,105" ten="295,205,260,240" oya="0" hai0="130,47,21,79,74,25,83,11,9,116,77,17,133" hai1="34,50,86,38,45,46,15,97,121,30,127,93,87" hai2="6,42,104,27,1,10,72,94,0,62,59,37,114" hai3="26,49,106,101,73,35,39,60,68,102,61,109,128"/><T65/><D116/><U22/><E121/><V7/><F104/><W131/><G49/><T55/><D133/><U32/><E127/><V28/><F94/><W4/><G60/><T76/><D65/><U70/><E70/><V123/><F123/><W3/><G101/><T51/><D130/><U29/><E38/><V18/><F114/><W40/><G109/><T66/><D66/><U63/><E34/><V23/><F72/><W57/><G57/><T119/><D119/><U69/><E32/><V107/><F107/><W120/><G120/><T88/><D11/><U48/><E69/><V53/><F42/><W41/><G41/><T54/><D54/><U95/><E63/><V129/><F37/><W132/><G61/><T124/><D124/><U99/><E15/><V108/><F108/><W64/><G64/><T84/><REACH who="0" step="1"/><D9/><REACH who="0" ten="285,205,260,240" step="2"/><U56/><E56/><V81/><F129/><W33/><G132/><T103/><D103/><U96/><E96/><V19/><F7/><W75/><G4/><T122/><D122/><U31/><E31/><V112/><F10/><W134/><G131/><T52/><D52/><U58/><E58/><V82/><F6/><W115/><G128/><T113/><D113/><U126/><E126/><V20/><F112/><W110/><G115/><T117/><D117/><U118/><E118/><V67/><F67/><W24/><G68/><T111/><D111/><U90/><E22/><V80/><F28/><W135/><G110/><T44/><D44/><U125/><E125/><V5/><F5/><W98/><G135/><T16/><D16/><U12/><E12/><AGARI ba="0,1" hai="0,1,12,18,19,20,23,27,53,59,62,80,81,82" machi="12" ten="40,1300,0" yaku="6,1" doraHai="105" who="2" fromWho="1" sc="285,0,205,-13,260,23,240,0" /><INIT seed="5,0,0,1,4,17" ten="285,192,283,240" oya="1" hai0="108,4,64,51,50,70,84,30,129,135,117,33,101" hai1="58,32,89,132,131,94,59,119,86,123,42,52,122" hai2="103,92,0,128,3,106,53,5,126,16,114,120,20" hai3="99,65,97,61,49,91,54,62,105,13,22,82,48"/><U9/><E119/><V71/><F71/><W37/><G37/><T31/><D117/><U38/><E32/><V81/><F106/><W36/><G36/><T15/><D108/><U23/><E131/><V43/><F43/><W134/><G134/><T111/><D129/><U1/><E132/><V35/><F35/><W87/><G105/><T83/><D101/><U55/><E42/><V102/><F120/><W133/><G133/><T75/><D75/><U63/><E38/><V14/><F128/><W57/><G49/><T11/><D135/><U21/><E1/><V25/><F81/><W60/><G65/><T12/><D12/><U107/><E107/><V18/><F53/><W72/><G72/><T127/><D127/><U100/><E100/><V39/><F39/><W74/><G74/><T45/><D33/><U93/><E9/><V28/><F92/><N who="1" m="35433" /><E123/><V130/><F103/><W85/><G85/><T112/><D51/><U24/><E24/><V124/><F102/><W121/><G121/><T67/><D112/><U125/><E125/><N who="2" m="48235" /><F114/><W118/><G118/><T44/><D44/><U8/><E8/><N who="2" m="4367" /><F130/><W96/><G96/><T7/><D7/><U2/><E2/><AGARI ba="0,0" hai="0,2,3,16,18,20,25,28" m="4367,48235" machi="2" ten="30,8000,1" yaku="18,1,34,2,52,1,54,1" doraHai="17" who="2" fromWho="1" sc="285,0,192,-80,283,80,240,0" /><INIT seed="6,0,0,3,1,110" ten="285,112,363,240" oya="2" hai0="44,2,108,113,115,23,123,15,105,107,28,89,34" hai1="11,25,14,78,93,119,31,69,81,91,53,52,66" hai2="99,130,117,37,135,18,48,49,39,27,20,43,86" hai3="74,125,100,73,36,62,114,88,57,103,50,38,112"/><V72/><F72/><W75/><G125/><T58/><D2/><U96/><E119/><V47/><F117/><W22/><G50/><T126/><D123/><U77/><E69/><V6/><F6/><W30/><G88/><T1/><D1/><U76/><E66/><V120/><F120/><W40/><G103/><T26/><D108/><U95/><E95/><V9/><F9/><W127/><G100/><T98/><D126/><U104/><E104/><V67/><F67/><W3/><G3/><T101/><D44/><U54/><E81/><V116/><F99/><W5/><G5/><T64/><D89/><U71/><E71/><V29/><F86/><W32/><G32/><T60/><D15/><U55/><N who="1" m="13824" /><DORA hai="13" /><U33/><REACH who="1" step="1"/><E77/><REACH who="1" ten="285,102,363,240" step="2"/><V94/><F94/><W45/><G127/><T70/><D107/><U131/><E131/><V21/><F130/><W17/><G38/><T10/><D70/><U92/><E92/><V0/><F37/><W109/><G36/><T102/><D102/><U132/><E132/><V4/><F135/><W118/><G109/><T7/><D34/><U61/><E61/><V87/><F116/><W8/><G62/><T35/><D35/><U12/><E12/><V59/><F39/><W128/><G118/><T122/><D122/><U65/><E65/><V24/><F48/><W129/><G129/><T63/><D60/><U124/><E124/><V46/><F0/><W80/><G128/><T133/><D133/><U83/><E83/><V134/><F134/><W106/><G106/><T16/><D7/><AGARI ba="0,1" hai="7,11,14,25,31,33,76,78,91,93,96" m="13824" machi="7" ten="50,3200,0" yaku="1,1,54,1,53,0" doraHai="110,13" doraHaiUra="97,111" who="1" fromWho="0" sc="285,-32,102,42,363,0,240,0" /><INIT seed="7,0,0,2,1,21" ten="253,144,363,240" oya="3" hai0="77,115,61,85,99,113,23,19,31,79,22,5,71" hai1="28,86,3,49,107,117,80,32,91,132,122,94,134" hai2="29,37,54,70,133,45,40,98,15,14,39,121,125" hai3="84,73,42,35,2,46,75,48,58,59,114,110,104"/><W127/><G114/><N who="0" m="43531" /><D5/><U53/><E122/><V20/><F70/><W52/><G127/><T90/><D99/><U119/><E3/><V97/><F54/><W118/><G118/><N who="1" m="45066" /><E32/><V95/><F20/><W33/><G110/><T89/><D89/><N who="1" m="51399" /><E28/><V44/><F29/><W130/><G130/><T68/><D31/><U92/><E53/><V102/><F125/><W27/><G2/><T7/><D7/><U88/><E49/><V111/><F111/><W17/><G52/><T135/><D135/><N who="1" m="51755" /><E107/><V26/><F133/><W112/><G48/><T78/><D23/><U82/><E91/><V103/><F26/><W1/><G27/><N who="0" m="14815" /><D61/><U76/><E88/><V62/><F62/><W60/><G60/><T108/><D108/><U65/><E65/><V24/><F24/><W101/><G35/><T30/><D30/><U43/><E43/><V83/><F121/><W129/><G42/><T126/><D126/><U56/><E56/><V50/><F40/><W38/><G59/><T57/><D57/><U55/><E55/><V72/><F44/><W116/><G46/><T63/><D63/><U67/><E67/><V74/><F45/><W123/><G58/><T87/><D90/><U96/><E96/><V18/><F18/><W124/><G104/><T6/><D6/><U105/><E105/><V13/><F50/><W100/><G17/><T51/><D51/><U11/><E11/><V16/><F16/><W8/><G8/><T81/><D71/><U128/><E128/><V41/><F41/><W12/><G129/><T66/><D68/><U25/><E25/><V0/><F0/><RYUUKYOKU ba="0,0" sc="253,-10,144,30,363,-10,240,-10" hai1="76,82,92,94" owari="243,4.0,174,-33.0,353,46.0,230,-17.0" /></mjloggm>