<mjloggm ver="2.3"><GO type="41" lobby="0"/><UN n0="%E8%A6%8B%E9%80%83%E3%81%97%E3%81%A6%E3%81%8F%E3%82%8C%E3%82%88" n1="%42%61%72%64%61%6E%74" n2="%E5%B0%B1%E6%B4%BB%E7%94%9F%40%E5%B7%9D%E6%9D%91%E8%BB%8D%E5%9B%A3" n3="%4A%61%6E%63" dan="14,15,17,14" rate="1967.49,2006.18,2175.40,1920.00" sx="M,M,M,F"/><TAIKYOKU oya="0"/><INIT seed="0,0,0,4,5,99" ten="250,250,250,250" oya="0" hai0="12,36,15,67,101,40,84,79,62,26,98,33,73" hai1="104,108,21,17,47,100,28,38,29,63,42,41,81" hai2="7,82,132,96,120,35,131,34,0,92,93,105,94" hai3="8,89,133,66,135,128,25,124,23,51,9,129,134"/><T45/><D73/><U65/><E108/><V125/><F120/><W87/><G66/><T37/><D37/><U119/><E42/><V6/><F131/><N who="3" m="50251" /><G51/><T24/><D79/><U16/><E81/><V95/><F132/><W64/><G64/><T77/><D77/><U49/><E38/><V58/><F125/><W123/><G123/><T4/><D84/><U68/><E119/><V10/><F7/><W44/><G44/><T80/><D80/><U48/><E48/><V117/><F117/><W127/><G87/><T97/><D97/><U30/><REACH who="1" step="1"/><E21/><REACH who="1" ten="250,240,250,250" step="2"/><V27/><F34/><W107/><G107/><T52/><D33/><U75/><E75/><V85/><F105/><W46/><G46/><T118/><D118/><U130/><E130/><V14/><F35/><W111/><G111/><T113/><D36/><U57/><E57/><V13/><F58/><W19/><G89/><T114/><D40/><U126/><E126/><AGARI ba="0,1" hai="8,9,19,23,25,124,126,127,133,134,135" m="50251" machi="126" ten="40,32000,5" yakuman="39" doraHai="99" who="3" fromWho="1" sc="250,0,240,-320,250,0,250,330" owari="250,5.0,-80,-58.0,250,-15.0,580,68.0" /></mjloggm>