<mjloggm ver="2.3"><GO type="169" lobby="0"/><UN n0="%E5%A4%A2%E8%89%B2%6D%65%6D%6F%72%79" n1="%E5%B0%B1%E6%B4%BB%E7%94%9F%40%E5%B7%9D%E6%9D%91%E8%BB%8D%E5%9B%A3" n2="%76%65%74%6F%6F" n3="%E2%80%A0%41%71%75%61%E2%80%A0" dan="17,17,16,18" rate="2256.57,2228.78,2091.85,2177.08" sx="F,M,M,M"/><TAIKYOKU oya="0"/><INIT seed="0,0,0,0,1,102" ten="250,250,250,250" oya="0" hai0="25,122,5,51,123,106,27,24,42,12,124,103,84" hai1="67,112,134,55,21,80,97,104,132,94,44,127,76" hai2="23,108,4,98,66,96,58,0,7,87,35,113,38" hai3="59,120,33,126,78,88,90,70,135,81,101,32,105"/><T43/><D124/><U20/><E67/><V6/><F35/><W89/><G70/><T92/><D92/><U107/><E127/><V14/><F108/><W30/><G126/><T8/><D84/><N who="1" m="48135" /><E44/><V61/><F113/><W110/><G110/><T83/><D83/><U41/><E41/><V82/><F38/><W3/><G3/><T49/><D43/><U60/><E60/><V26/><F14/><W62/><G135/><N who="1" m="51754" /><E55/><V133/><F133/><W115/><G115/><T10/><D10/><U36/><E36/><V16/><REACH who="2" step="1"/><F0/><REACH who="2" ten="250,250,240,250" step="2"/><W37/><G37/><T45/><REACH who="0" step="1"/><D49/><REACH who="0" ten="240,250,240,250" step="2"/><U63/><E112/><V131/><F131/><W15/><G120/><T117/><D117/><U99/><E21/><V28/><F28/><W2/><G30/><T128/><D128/><U18/><E20/><V57/><F57/><W40/><G59/><T47/><D47/><U48/><E48/><V31/><F31/><W69/><G33/><T116/><D116/><U52/><E18/><V29/><F29/><W39/><G32/><T121/><D121/><U13/><E13/><V93/><F93/><W129/><G15/><T22/><D22/><U53/><E94/><V64/><F64/><W54/><G39/><T85/><D85/><U125/><E125/><V91/><AGARI ba="0,2" hai="4,6,7,16,23,26,58,61,66,82,87,91,96,98" machi="91" ten="30,12000,2" yaku="1,1,0,1,8,1,54,1,53,3" doraHai="102" doraHaiUra="1" who="2" fromWho="2" sc="240,-60,250,-30,240,140,250,-30" /><INIT seed="1,0,0,4,0,14" ten="180,220,380,220" oya="1" hai0="71,128,39,74,127,115,58,43,47,81,59,126,99" hai1="110,31,102,94,119,38,103,123,29,66,57,132,91" hai2="54,117,42,50,95,56,89,61,30,51,116,3,130" hai3="124,18,60,35,7,2,113,15,53,105,76,52,86"/><U5/><E119/><V70/><F3/><W121/><G121/><T40/><D115/><U131/><E123/><V88/><F130/><W79/><G113/><T44/><D99/><U109/><E38/><V24/><F89/><W101/><G35/><T1/><D1/><U64/><E5/><V55/><F42/><W104/><G124/><N who="0" m="47659" /><D81/><U129/><E57/><N who="0" m="21513" /><D74/><U67/><E132/><V45/><F61/><W98/><G105/><T27/><D27/><U73/><E73/><V90/><F70/><W4/><G60/><T135/><D135/><U16/><E16/><V17/><F90/><W84/><G2/><T83/><D83/><U133/><E133/><V80/><F80/><W34/><G34/><T62/><D128/><N who="1" m="49227" /><E91/><V32/><REACH who="2" step="1"/><F17/><REACH who="2" ten="180,220,370,220" step="2"/><W19/><G19/><T63/><D71/><U85/><E85/><AGARI ba="0,1" hai="24,30,32,45,50,51,54,55,56,85,88,95,116,117" machi="85" ten="30,8000,1" yaku="1,1,2,1,7,1,54,1,53,1" doraHai="14" doraHaiUra="21" who="2" fromWho="1" sc="180,0,220,-80,370,90,220,0" /><INIT seed="2,0,0,4,0,37" ten="180,140,460,220" oya="2" hai0="74,134,76,29,86,26,81,45,8,50,93,53,24" hai1="1,18,80,116,40,38,135,28,78,79,108,92,70" hai2="9,98,123,68,100,65,34,27,109,52,124,88,122" hai3="54,105,47,114,64,69,89,113,72,58,43,63,33"/><V31/><F124/><W10/><G72/><T44/><D134/><U97/><E116/><V95/><F9/><W87/><G105/><T110/><D110/><U23/><E70/><V56/><F109/><W103/><G103/><T133/><D133/><U19/><E1/><V71/><F100/><W39/><G33/><T132/><D132/><U46/><E135/><V119/><F119/><W117/><G10/><T104/><D104/><U115/><E115/><V126/><F126/><W66/><G117/><T111/><D111/><U91/><E108/><V73/><F73/><W106/><G106/><T25/><D8/><U21/><E28/><V83/><F83/><W90/><G66/><T99/><D74/><U82/><E82/><V49/><REACH who="2" step="1"/><F65/><REACH who="2" ten="180,140,450,220" step="2"/><W94/><REACH who="3" step="1"/><G90/><REACH who="3" ten="180,140,450,210" step="2"/><N who="0" m="55735" /><D29/><U61/><E79/><V107/><F107/><W75/><G75/><T32/><D32/><U6/><E78/><V0/><F0/><W102/><G102/><T13/><D76/><U22/><E80/><V118/><F118/><W3/><G3/><T11/><D81/><U59/><REACH who="1" step="1"/><E6/><REACH who="1" ten="180,130,450,210" step="2"/><V2/><F2/><W4/><G4/><N who="0" m="3303" /><D86/><U42/><E42/><V7/><F7/><W51/><AGARI ba="0,3" hai="39,43,47,51,54,58,63,64,69,87,89,94,113,114" machi="51" ten="30,8000,1" yaku="1,1,0,1,24,2,52,1,53,0" doraHai="37" doraHaiUra="125" who="3" fromWho="3" sc="180,-20,130,-20,450,-40,210,110" /><INIT seed="3,0,0,1,3,98" ten="160,110,410,320" oya="3" hai0="8,47,53,13,36,44,39,83,10,68,90,50,18" hai1="62,28,65,37,49,24,131,92,45,25,76,84,70" hai2="119,23,41,129,34,118,115,14,86,93,4,122,89" hai3="12,94,121,80,30,57,114,43,29,108,116,99,54"/><W31/><G121/><T60/><D60/><U20/><E131/><V81/><F34/><W103/><G116/><T17/><D68/><U125/><E125/><V101/><F115/><W109/><G114/><T40/><D36/><U74/><E37/><V56/><F129/><W102/><G43/><T107/><D107/><U19/><E74/><V97/><F122/><W134/><G134/><T72/><D72/><U3/><E3/><V77/><F41/><W96/><G80/><T5/><D10/><U82/><E92/><V61/><F77/><W67/><G67/><T132/><D132/><U87/><E87/><V7/><F119/><W73/><G12/><T69/><D69/><U33/><E33/><V35/><F35/><W48/><REACH who="3" step="1"/><G73/><REACH who="3" ten="160,110,410,310" step="2"/><T78/><D83/><U9/><E65/><N who="2" m="39079" /><F118/><W112/><G112/><T1/><D13/><U135/><E135/><V110/><F110/><W105/><AGARI ba="0,1" hai="29,30,31,48,54,57,94,96,99,102,103,105,108,109" machi="105" ten="30,11700,0" yaku="1,1,0,1,52,2,53,0" doraHai="98" doraHaiUra="75" who="3" fromWho="3" sc="160,-39,110,-39,410,-39,310,127" /><INIT seed="3,1,0,4,1,0" ten="121,71,371,437" oya="3" hai0="119,43,96,4,28,38,52,100,9,109,29,45,22" hai1="70,118,116,129,37,92,85,25,31,135,125,114,128" hai2="47,21,95,63,108,58,34,2,66,133,51,26,127" hai3="30,80,54,49,67,107,5,117,12,82,18,36,101"/><W124/><G36/><T73/><D109/><U46/><E70/><V24/><F108/><W131/><G117/><N who="1" m="45162" /><E37/><V55/><F133/><W35/><G67/><T94/><D119/><U84/><E114/><V121/><F127/><W91/><G124/><T10/><D10/><U113/><E113/><V123/><F2/><W97/><G131/><N who="1" m="50250" /><E125/><V53/><F95/><W106/><G106/><T81/><D22/><N who="1" m="15799" /><E135/><V3/><F3/><W126/><G126/><T86/><D52/><U79/><E79/><V110/><F110/><W77/><G77/><T71/><D71/><U15/><E46/><V8/><F55/><W27/><G91/><T64/><D64/><U6/><E92/><V44/><F44/><W1/><G54/><T33/><D33/><U102/><E102/><V40/><F34/><W7/><G49/><T39/><D39/><U19/><E19/><V74/><F74/><W104/><G104/><T105/><D105/><U56/><E56/><V16/><F40/><W83/><REACH who="3" step="1"/><G1/><REACH who="3" ten="121,71,371,427" step="2"/><T75/><D38/><U72/><E72/><V115/><F115/><W48/><G48/><T32/><D75/><U90/><E90/><V132/><F51/><W62/><G62/><T13/><D73/><U134/><E134/><V130/><F132/><W61/><G61/><T57/><D100/><U93/><E93/><V103/><F63/><W111/><G111/><T17/><D94/><U50/><E50/><V99/><F66/><W65/><G65/><T60/><D60/><U78/><E78/><V68/><F53/><W14/><G14/><T112/><D13/><U59/><E59/><RYUUKYOKU ba="1,1" sc="121,-15,71,15,371,-15,427,15" hai1="6,15,84,85" hai3="5,7,12,18,27,30,35,80,82,83,97,101,107" /><INIT seed="3,2,1,1,2,29" ten="106,86,356,442" oya="3" hai0="26,17,48,131,90,52,82,126,80,85,75,134,1" hai1="100,132,6,3,69,76,19,84,31,56,61,95,13" hai2="129,124,27,117,46,55,97,57,74,10,77,105,41" hai3="7,32,102,73,120,0,36,63,45,122,78,34,37"/><W112/><G63/><T86/><D126/><U119/><E69/><V133/><F117/><W67/><G67/><T68/><D131/><U107/><E107/><V42/><F129/><W115/><G102/><T20/><D134/><U111/><E111/><V113/><F133/><W40/><G36/><T54/><D1/><U24/><E132/><V114/><F124/><W2/><G78/><T92/><D68/><U118/><E76/><V104/><F42/><W47/><G47/><T89/><D75/><U127/><E127/><V58/><F58/><W109/><G73/><T49/><D92/><U71/><E71/><V121/><F121/><N who="3" m="46699" /><G109/><T62/><D62/><U5/><E3/><N who="3" m="1066" /><G7/><T106/><D106/><U25/><E118/><V101/><F77/><W50/><G50/><AGARI ba="2,1" hai="17,20,26,48,49,50,52,54,80,82,85,86,89,90" machi="50" ten="40,5200,0" yaku="9,1,8,1,54,1" doraHai="29" who="0" fromWho="3" sc="106,68,86,0,356,0,442,-58" /><INIT seed="4,0,0,0,0,112" ten="174,86,356,384" oya="0" hai0="71,35,92,56,133,4,61,88,32,106,93,0,85" hai1="111,110,134,104,5,101,63,1,12,38,45,51,102" hai2="28,64,8,50,31,37,75,3,57,124,58,131,21" hai3="48,9,30,18,87,62,80,39,95,76,68,84,19"/><T47/><D106/><U27/><E1/><V100/><F37/><W115/><G39/><T72/><D72/><U53/><E134/><V40/><F75/><W91/><G115/><T11/><D133/><U7/><E38/><V125/><F100/><W120/><G120/><T20/><D47/><U69/><E104/><V74/><F74/><W49/><G30/><T26/><D71/><U126/><E126/><V89/><F131/><W55/><G68/><T116/><D93/><U94/><E110/><V79/><F79/><W41/><G9/><T66/><REACH who="0" step="1"/><D116/><REACH who="0" ten="164,86,356,384" step="2"/><U73/><E111/><V67/><F125/><W132/><G132/><T14/><D14/><U117/><E73/><V107/><F107/><W44/><G62/><T52/><D52/><U78/><E94/><V6/><F124/><W25/><G25/><T123/><D123/><U96/><E117/><V17/><F67/><W130/><G130/><T23/><D23/><U46/><E12/><V108/><F64/><W65/><G65/><T82/><D82/><U2/><E2/><V114/><F114/><W15/><G15/><T22/><D22/><U129/><E46/><AGARI ba="0,1" hai="18,19,41,44,46,48,49,55,76,80,84,87,91,95" machi="46" ten="30,2000,0" yaku="7,1,8,1" doraHai="112" who="3" fromWho="1" sc="164,0,86,-20,356,0,384,30" /><INIT seed="5,0,0,0,3,24" ten="164,66,356,414" oya="1" hai0="43,116,53,57,95,41,3,64,118,51,120,11,27" hai1="97,58,34,73,78,130,62,61,8,46,44,125,92" hai2="68,90,37,29,83,70,117,135,15,19,128,32,54" hai3="93,115,107,131,89,60,67,87,69,105,112,42,71"/><U81/><E125/><V134/><F117/><W85/><G131/><T4/><D120/><U45/><E130/><V35/><F37/><W121/><G121/><T14/><D118/><U39/><E39/><V26/><F128/><W25/><G42/><T111/><D111/><U20/><E34/><V77/><F90/><N who="3" m="53455" /><G25/><T100/><D116/><U55/><E8/><V104/><F35/><W66/><G66/><T59/><D3/><U47/><N who="1" m="11776" /><DORA hai="13" /><U129/><E129/><V17/><F104/><W114/><G71/><N who="2" m="27177" /><F54/><W110/><G110/><T94/><D27/><U127/><E127/><V119/><F15/><W12/><G12/><T123/><D123/><U80/><E80/><AGARI ba="0,0" hai="60,67,69,80,87,89,105,107,112,114,115" m="53455" machi="80" ten="30,1000,0" yaku="15,1" doraHai="24,13" who="3" fromWho="1" sc="164,0,66,-10,356,0,414,10" /><INIT seed="6,0,0,1,1,8" ten="164,56,356,424" oya="2" hai0="34,64,128,15,81,87,41,131,68,57,117,82,132" hai1="51,103,129,113,125,80,54,6,62,134,13,24,21" hai2="46,126,40,99,122,66,106,45,23,121,73,116,75" hai3="76,39,112,37,55,100,101,5,50,49,14,91,35"/><V127/><F116/><W60/><G35/><T22/><D117/><U78/><E113/><V109/><F66/><W114/><G76/><T18/><D34/><U67/><E129/><N who="0" m="49737" /><D132/><U88/><E125/><N who="2" m="47627" /><F109/><W84/><G50/><T19/><D41/><U123/><E134/><V86/><F23/><W92/><G60/><N who="0" m="37903" /><D68/><U25/><E123/><N who="2" m="47115" /><F46/><N who="3" m="28087" /><G37/><T90/><D18/><U3/><E3/><V16/><F16/><W135/><G39/><T63/><D63/><U133/><E133/><V97/><F86/><W26/><G26/><T53/><D53/><U44/><E103/><N who="2" m="62831" /><F99/><W33/><G33/><T36/><D36/><AGARI ba="0,0" hai="36,40,45,73,75" m="62831,47115,47627" machi="36" ten="30,2900,0" yaku="18,1,23,1" doraHai="8" who="2" fromWho="0" sc="164,-29,56,0,356,29,424,0" /><INIT seed="6,1,0,3,2,129" ten="135,56,385,424" oya="2" hai0="54,9,51,4,37,38,119,125,86,34,6,20,111" hai1="49,130,41,89,123,87,85,75,17,56,15,0,79" hai2="42,39,24,5,101,78,70,36,48,52,127,66,135" hai3="107,117,112,22,21,27,65,10,95,67,115,97,92"/><V57/><F101/><W126/><G117/><T76/><D34/><U104/><E0/><V63/><F78/><W28/><G126/><T77/><D119/><U91/><E130/><V61/><F5/><W46/><G107/><T109/><D111/><U110/><E110/><V45/><F24/><N who="3" m="16399" /><G10/><T14/><D109/><U102/><E123/><V72/><F72/><W83/><G46/><T23/><D125/><U53/><E41/><V93/><F93/><N who="3" m="35915" /><G83/><N who="0" m="47471" /><D37/><N who="2" m="14410" /><F127/><W124/><G97/><T94/><D38/><U106/><E102/><V18/><F18/><N who="3" m="12759" /><G124/><T40/><D40/><U99/><E75/><V133/><AGARI ba="1,0" hai="42,45,48,52,57,61,63,66,70,133,135" m="14410" machi="133" ten="30,12000,1" yaku="34,2,52,2,54,1" doraHai="129" who="2" fromWho="2" sc="135,-41,56,-41,385,123,424,-41" /><INIT seed="6,2,0,4,2,43" ten="94,15,508,383" oya="2" hai0="71,35,82,23,10,29,125,84,96,5,116,11,113" hai1="46,74,97,95,17,25,18,50,2,128,56,81,16" hai2="87,119,52,107,47,79,9,8,61,102,133,110,48" hai3="22,4,121,99,63,36,115,53,72,26,98,64,58"/><V20/><F119/><W70/><G121/><T114/><D71/><U55/><E2/><V108/><F133/><W83/><G115/><T104/><D116/><U68/><E68/><V127/><F127/><W89/><G4/><T21/><D35/><U62/><E128/><V60/><F20/><N who="0" m="7754" /><D29/><U45/><E25/><V13/><F107/><W59/><G36/><T44/><D44/><N who="1" m="17003" /><E74/><V73/><F102/><W7/><G7/><T94/><D125/><U93/><E81/><N who="2" m="47551" /><F8/><W78/><G89/><N who="0" m="55375" /><D104/><U41/><E97/><V66/><F66/><W92/><G92/><N who="1" m="35402" /><E41/><V51/><F73/><W80/><G80/><T28/><D28/><U27/><E27/><V118/><F118/><W38/><G38/><T122/><D122/><U129/><E129/><V30/><F30/><W91/><G70/><T54/><D114/><U130/><E130/><V42/><F110/><W1/><G1/><T69/><D113/><U112/><E112/><V40/><F40/><W12/><G26/><T126/><D69/><U131/><E131/><V117/><F117/><W124/><G124/><T85/><D126/><U49/><AGARI ba="2,0" hai="16,17,18,49,50,55,56,62" m="35402,17003" machi="49" ten="40,8000,1" yaku="8,1,52,3,54,1" doraHai="43" who="1" fromWho="1" sc="94,-22,15,86,508,-42,383,-22" /><INIT seed="7,0,0,4,3,88" ten="72,101,466,361" oya="3" hai0="122,60,118,130,29,53,83,74,68,61,117,64,9" hai1="70,107,71,59,0,58,40,128,125,103,75,48,123" hai2="52,135,57,39,25,65,86,37,28,121,13,10,4" hai3="63,119,55,36,108,19,114,124,35,47,34,112,93"/><W72/><G119/><T16/><D122/><U45/><E75/><V111/><F111/><W76/><G108/><T24/><D130/><U31/><E0/><V120/><F65/><W3/><G3/><T129/><D129/><U85/><E128/><V113/><F113/><N who="3" m="43627" /><G124/><T8/><D60/><U20/><E107/><V102/><F135/><W127/><G127/><T133/><D133/><U97/><E123/><N who="2" m="47179" /><F102/><W90/><G72/><T89/><D53/><U41/><E59/><V67/><F86/><N who="3" m="52439" /><G76/><T77/><D89/><U80/><E41/><V78/><F67/><W44/><G19/><T92/><D92/><U115/><E115/><V18/><F18/><W14/><G14/><T101/><D101/><U2/><E125/><V21/><F78/><W38/><G63/><AGARI ba="0,0" hai="4,10,13,21,25,28,37,39,52,57,63" m="47179" machi="63" ten="30,2000,0" yaku="13,1,54,1" doraHai="88" who="2" fromWho="3" sc="72,0,101,0,466,20,361,-20" owari="72,-43.0,101,-30.0,486,59.0,341,14.0" /></mjloggm>