<mjloggm ver="2.3"><GO type="169" lobby="0"/><UN n0="%66%69%67%68%74%65%72%73" n1="%79%61%67%69%30%32%32%30" n2="%E3%81%82%E3%81%B2%E3%82%8B%E3%81%95%E3%82%93" n3="%E5%B0%B1%E6%B4%BB%E7%94%9F%40%E5%B7%9D%E6%9D%91%E8%BB%8D%E5%9B%A3" dan="16,17,17,17" rate="2049.32,2191.64,2190.22,2216.66" sx="M,M,M,M"/><TAIKYOKU oya="0"/><INIT seed="0,0,0,4,2,112" ten="250,250,250,250" oya="0" hai0="103,15,9,26,135,40,6,122,111,37,76,115,5" hai1="127,56,3,85,72,109,124,84,61,93,87,131,30" hai2="0,65,99,1,66,89,64,10,12,94,120,4,33" hai3="78,35,16,18,55,49,51,57,54,83,58,98,79"/><T133/><D115/><U20/><E3/><V29/><REACH who="2" step="1"/><F120/><REACH who="2" ten="250,250,240,250" step="2"/><W28/><G98/><T22/><D122/><U104/><E109/><V34/><F34/><W81/><G35/><T62/><D111/><U106/><E72/><V134/><F134/><N who="0" m="51210" /><D76/><U39/><E39/><V114/><F114/><W13/><G13/><N who="0" m="5295" /><D37/><U101/><E131/><V67/><N who="2" m="16384" /><DORA hai="75" /><V74/><F74/><W126/><REACH who="3" step="1"/><G28/><REACH who="3" ten="250,250,240,240" step="2"/><N who="0" m="17495" /><D15/><U80/><E30/><V63/><F63/><W86/><G86/><T82/><D62/><U121/><E121/><V41/><F41/><W14/><G14/><T24/><D40/><U47/><E87/><V130/><F130/><W97/><G97/><T59/><D6/><U36/><E61/><V108/><F108/><W19/><G19/><T38/><D38/><U73/><E36/><V50/><F50/><W117/><G117/><T102/><D24/><AGARI ba="0,2" hai="0,1,4,10,12,24,29,33,89,94,99" m="16384" machi="24" ten="50,3200,0" yaku="21,2,53,0" doraHai="112,75" doraHaiUra="44,129" who="2" fromWho="0" sc="250,-32,250,0,240,52,240,0" /><INIT seed="1,0,0,0,5,62" ten="218,250,292,240" oya="1" hai0="10,22,44,79,83,46,68,35,122,123,97,48,91" hai1="27,116,131,93,13,109,29,2,36,135,47,41,129" hai2="30,127,77,80,9,124,120,42,7,78,25,28,92" hai3="63,87,112,108,59,50,70,132,16,38,52,60,118"/><U95/><E2/><V5/><F42/><W82/><G112/><T34/><D68/><U90/><E116/><V14/><F120/><N who="0" m="46122" /><D22/><U26/><E135/><V15/><F92/><W126/><G38/><T107/><D91/><U40/><E109/><V65/><F80/><W18/><G108/><T111/><D10/><U39/><E13/><V96/><F96/><W115/><G115/><T86/><D111/><U114/><E114/><V88/><F25/><W103/><G132/><T85/><D86/><U8/><E8/><V74/><F9/><W49/><G126/><T45/><D48/><U76/><E76/><V31/><F74/><W11/><G118/><T3/><D3/><U43/><E90/><V55/><F88/><N who="3" m="51319" /><G70/><T125/><D125/><U75/><E47/><N who="0" m="12033" /><T20/><DORA hai="19" /><D20/><U113/><E113/><V4/><F30/><W128/><G128/><T104/><D97/><U24/><E75/><V61/><F5/><W58/><G11/><T21/><D21/><U73/><E73/><V17/><F17/><N who="3" m="6763" /><G103/><T98/><D98/><U99/><E29/><V101/><F101/><W23/><G23/><T84/><D84/><U6/><E6/><V57/><F4/><W67/><AGARI ba="0,0" hai="49,50,52,58,59,60,63,67" m="6763,51319" machi="67" ten="30,8000,1" yaku="8,1,52,1,54,3" doraHai="62,19" who="3" fromWho="3" sc="218,-20,250,-40,292,-20,240,80" /><INIT seed="2,0,0,1,4,75" ten="198,210,272,320" oya="2" hai0="120,22,121,52,103,2,127,89,49,15,79,135,44" hai1="111,130,71,31,45,19,85,11,42,88,98,105,99" hai2="36,106,6,16,84,18,46,107,93,118,60,66,43" hai3="108,122,97,55,23,114,21,132,39,129,59,134,4"/><V28/><F118/><W30/><G39/><T70/><D2/><U133/><E71/><V68/><F28/><W63/><G122/><T13/><D70/><U117/><E117/><V53/><F6/><W40/><G114/><T90/><D103/><U74/><E74/><V14/><F18/><W20/><G129/><T29/><D127/><U0/><E31/><V34/><F34/><W101/><G108/><T54/><D135/><N who="3" m="51753" /><G40/><N who="0" m="24711" /><D120/><U102/><E133/><V119/><F119/><W113/><G113/><T131/><D131/><U25/><E130/><V91/><REACH who="2" step="1"/><F53/><REACH who="2" ten="198,210,262,320" step="2"/><W56/><G4/><T10/><D29/><U123/><E123/><V24/><F24/><W32/><G32/><T94/><D121/><U67/><E25/><V104/><F104/><N who="3" m="63535" /><G30/><T5/><D89/><U27/><E27/><V100/><F100/><W109/><G109/><T65/><D65/><U9/><E67/><V12/><F12/><W116/><G116/><T95/><D90/><U17/><E111/><V128/><F128/><W81/><G20/><AGARI ba="0,1" hai="14,16,20,36,43,46,60,66,68,84,91,93,106,107" machi="20" ten="30,11600,0" yaku="1,1,7,1,54,1,53,1" doraHai="75" doraHaiUra="41" who="2" fromWho="3" sc="198,0,210,0,262,126,320,-116" /><INIT seed="2,1,0,1,4,74" ten="198,210,388,204" oya="2" hai0="70,99,33,43,13,32,135,40,51,78,95,77,130" hai1="83,57,109,52,84,56,61,65,76,19,123,22,20" hai2="28,48,124,63,45,121,112,30,92,44,69,96,29" hai3="114,102,117,75,111,17,119,12,107,116,129,3,58"/><V87/><F112/><W26/><G3/><T97/><D70/><U55/><E109/><V23/><F121/><W50/><G111/><T5/><D130/><U80/><E123/><V113/><F113/><W64/><G129/><T125/><D125/><U47/><E19/><V110/><F110/><W60/><G114/><T91/><D135/><U42/><E83/><V127/><F45/><W101/><G75/><T104/><D104/><U79/><E79/><N who="0" m="30217" /><D32/><U93/><E93/><V34/><F87/><W27/><G50/><T132/><D132/><U15/><E15/><V1/><F1/><W11/><REACH who="3" step="1"/><G107/><REACH who="3" ten="198,210,388,194" step="2"/><T72/><D72/><U85/><E85/><V49/><F48/><W81/><G81/><T98/><D33/><U18/><E84/><V105/><F34/><W31/><G31/><T0/><D0/><U9/><E80/><V126/><F105/><W106/><G106/><T2/><D2/><U21/><E76/><V46/><F49/><W66/><G66/><T16/><D5/><U36/><E65/><N who="2" m="41151" /><F29/><W68/><G68/><T118/><D118/><U90/><E36/><V38/><F30/><W35/><G35/><T7/><D7/><U134/><E134/><V4/><F38/><W59/><G59/><T39/><D39/><U67/><E57/><V14/><F4/><W131/><G131/><T37/><D37/><U8/><E67/><V54/><F28/><W10/><G10/><N who="0" m="6199" /><D51/><N who="1" m="28799" /><E42/><AGARI ba="1,1" hai="40,42,43,91,95,97,98,99" m="6199,30217" machi="42" ten="30,8000,1" yaku="8,1,52,3,54,1" doraHai="74" who="0" fromWho="1" sc="198,93,210,-83,388,0,194,0" /><INIT seed="3,0,0,1,4,34" ten="291,127,388,194" oya="3" hai0="90,40,98,41,86,16,74,7,31,10,64,122,22" hai1="133,8,32,25,18,36,51,53,70,76,100,75,20" hai2="112,85,42,9,99,134,106,77,55,88,126,43,132" hai3="2,45,108,38,97,0,35,26,114,84,124,62,79"/><W3/><G114/><T101/><D74/><U23/><E36/><V107/><F112/><W4/><G124/><T87/><D122/><U29/><E70/><V46/><F77/><W19/><G108/><T1/><D64/><U27/><E133/><V69/><F69/><W89/><G4/><T66/><D66/><U120/><E120/><V30/><F30/><W130/><G130/><T119/><D119/><U116/><E116/><V104/><F126/><W15/><G62/><T39/><D31/><U78/><E100/><V61/><F99/><W54/><G79/><T127/><D127/><U117/><E117/><V60/><F9/><N who="3" m="6639" /><G97/><T13/><D39/><U94/><E75/><V21/><F21/><W12/><G12/><T95/><REACH who="0" step="1"/><D86/><REACH who="0" ten="281,127,388,194" step="2"/><U105/><E32/><V11/><F85/><W109/><G38/><T67/><D67/><U6/><E105/><AGARI ba="0,1" hai="1,7,10,13,16,22,40,41,87,90,95,98,101,105" machi="105" ten="30,7700,0" yaku="1,1,7,1,52,1,54,1,53,0" doraHai="34" doraHaiUra="131" who="0" fromWho="1" sc="281,87,127,-77,388,0,194,0" /><INIT seed="4,0,0,2,2,115" ten="368,50,388,194" oya="0" hai0="58,118,60,101,78,107,14,8,11,86,62,42,46" hai1="24,25,31,52,68,116,129,104,38,90,18,67,64" hai2="124,69,33,21,99,20,74,79,109,49,128,112,111" hai3="97,125,26,9,50,41,122,30,66,93,114,76,45"/><T85/><D118/><U94/><E104/><V110/><F112/><W28/><G114/><T53/><D107/><U91/><E38/><V77/><F33/><W48/><G122/><T37/><D101/><U108/><E108/><V71/><F74/><W34/><G125/><T57/><D78/><U1/><E1/><V43/><F49/><W127/><G127/><T27/><D27/><U82/><E68/><V10/><F124/><W17/><G76/><T54/><REACH who="0" step="1"/><D8/><REACH who="0" ten="358,50,388,194" step="2"/><U13/><E116/><V47/><F110/><W133/><G26/><T126/><D126/><U96/><E129/><V131/><F10/><W39/><G9/><T56/><D56/><U7/><E25/><V75/><F75/><W36/><G30/><T121/><D121/><U40/><E31/><V84/><F111/><W120/><G28/><T88/><D88/><U119/><E119/><V100/><F109/><W29/><G29/><T65/><D65/><U23/><E40/><V19/><F43/><W72/><G66/><T89/><D89/><U134/><E134/><V113/><F100/><W51/><G120/><T0/><D0/><U105/><E105/><V61/><F113/><W103/><G133/><T59/><D59/><U22/><E52/><V6/><F131/><W117/><G117/><T12/><D12/><U123/><E123/><V92/><F128/><W55/><G55/><T135/><D135/><U87/><E23/><V35/><F21/><W130/><G34/><T15/><D15/><U3/><E3/><V4/><F35/><W44/><G103/><T106/><D106/><U2/><E2/><RYUUKYOKU ba="0,1" sc="358,15,50,15,388,-15,194,-15" hai0="11,14,37,42,46,53,54,57,58,60,62,85,86" hai1="7,13,18,22,24,64,67,82,87,90,91,94,96" /><INIT seed="4,1,1,5,1,76" ten="373,65,373,179" oya="0" hai0="134,83,106,82,42,130,3,103,23,125,135,50,118" hai1="122,97,17,35,46,4,89,112,96,64,15,67,81" hai2="12,115,84,39,87,36,61,56,108,129,38,18,52" hai3="20,47,62,116,14,109,105,123,26,128,9,53,48"/><T59/><D3/><U80/><E35/><V41/><F108/><W29/><G109/><T32/><D118/><U94/><E122/><V98/><F115/><W132/><G116/><T24/><D32/><U5/><E112/><V66/><F129/><W79/><G128/><T55/><D130/><U58/><E46/><V119/><F119/><W71/><G123/><T121/><D121/><U60/><E67/><V16/><F41/><W65/><G105/><T43/><D125/><U102/><E4/><V21/><F98/><W28/><G79/><T113/><D106/><U85/><E5/><V92/><F92/><W25/><G132/><N who="0" m="50731" /><D103/><U34/><E34/><V8/><REACH who="2" step="1"/><F66/><REACH who="2" ten="373,65,363,179" step="2"/><W104/><G104/><T124/><D113/><U91/><E96/><V51/><F51/><W68/><G65/><T70/><D124/><U78/><REACH who="1" step="1"/><E81/><REACH who="1" ten="373,55,363,179" step="2"/><N who="0" m="30729" /><D70/><U95/><E95/><V114/><F114/><W0/><G68/><T19/><AGARI ba="1,3" hai="19,23,24,42,43,50,55,59" m="30729,50731" machi="19" ten="30,11700,0" yaku="20,1,52,3" doraHai="76" who="0" fromWho="0" sc="373,150,55,-40,363,-40,179,-40" /><INIT seed="4,2,0,0,3,16" ten="523,15,323,139" oya="0" hai0="34,102,29,86,72,115,127,8,129,6,36,2,53" hai1="123,10,130,39,9,135,124,99,20,132,27,41,120" hai2="82,68,118,56,81,45,121,69,59,97,75,3,105" hai3="101,93,17,70,48,49,125,31,38,19,65,7,90"/><T106/><D115/><U35/><E99/><V51/><F121/><N who="1" m="46665" /><E41/><V94/><F3/><W62/><G38/><T43/><D72/><U42/><E42/><V30/><F105/><W98/><G125/><T1/><D53/><U134/><E39/><V66/><F118/><W95/><G31/><T5/><D127/><U89/><E124/><V71/><F30/><W77/><G77/><T22/><D86/><U76/><E89/><V63/><F59/><W12/><G7/><T33/><D102/><U0/><E76/><V60/><F60/><W21/><REACH who="3" step="1"/><G17/><REACH who="3" ten="523,15,323,129" step="2"/><T73/><D5/><N who="1" m="1191" /><E130/><V100/><REACH who="2" step="1"/><F75/><REACH who="2" ten="523,15,313,129" step="2"/><W37/><G37/><T11/><D73/><U119/><E119/><V80/><F80/><W24/><G24/><N who="0" m="16535" /><D36/><U85/><E135/><V13/><F13/><W55/><G55/><AGARI ba="2,2" hai="45,51,55,56,63,66,68,69,71,81,82,94,97,100" machi="55" ten="40,1300,0" yaku="1,1,53,0" doraHai="16" doraHaiUra="23" who="2" fromWho="3" sc="523,0,15,0,313,39,129,-19" /><INIT seed="5,0,0,0,1,4" ten="523,15,352,110" oya="1" hai0="77,18,125,66,42,86,69,100,119,59,126,123,48" hai1="64,5,9,90,97,34,17,89,57,1,7,88,120" hai2="51,110,104,6,78,65,58,99,46,50,71,38,41" hai3="60,109,128,15,87,76,36,121,124,131,24,113,26"/><U105/><E120/><V106/><F110/><W39/><G109/><T91/><D119/><U103/><E34/><V55/><F78/><W35/><G121/><T84/><D100/><U93/><E105/><V25/><F51/><W63/><G124/><N who="0" m="47723" /><D69/><U122/><E122/><V8/><F25/><N who="3" m="9835" /><G35/><T32/><D18/><U20/><E7/><V98/><F106/><W132/><G113/><T47/><D32/><U54/><E64/><V82/><F82/><N who="3" m="47559" /><G15/><T107/><D107/><U116/><E116/><V101/><F99/><W33/><G33/><T29/><D29/><U67/><E67/><V135/><F135/><W53/><G132/><T52/><D66/><U62/><REACH who="1" step="1"/><E103/><REACH who="1" ten="523,5,352,110" step="2"/><V27/><F65/><W75/><G131/><T68/><D123/><U0/><E0/><V11/><F6/><W81/><G128/><T92/><D68/><U16/><E16/><V2/><F71/><W83/><G75/><T96/><D77/><U21/><E21/><V79/><F2/><W30/><G30/><T73/><D73/><U28/><E28/><V23/><F79/><W129/><G129/><T13/><D13/><AGARI ba="0,1" hai="1,5,9,13,17,20,54,57,62,88,89,90,93,97" machi="13" ten="30,12000,1" yaku="1,1,7,1,52,1,54,1,53,1" doraHai="4" doraHaiUra="3" who="1" fromWho="0" sc="523,-120,5,130,352,0,110,0" /><INIT seed="5,1,0,3,5,59" ten="403,135,352,110" oya="1" hai0="52,63,123,41,26,112,0,83,110,32,77,16,56" hai1="18,78,113,27,128,54,45,99,21,12,120,82,8" hai2="17,76,125,13,121,85,4,86,61,103,87,88,43" hai3="93,31,101,62,48,131,134,70,102,132,39,92,42"/><U65/><E120/><V34/><F34/><W75/><G75/><T58/><D110/><U36/><E113/><V40/><F121/><W126/><G39/><T90/><D0/><U130/><E65/><V133/><F133/><N who="3" m="51307" /><G131/><T22/><D32/><U109/><E109/><V24/><F125/><W114/><G114/><T60/><D112/><U124/><E124/><V2/><F24/><W28/><G126/><T74/><D90/><U49/><E36/><V68/><F4/><W33/><G48/><T96/><D96/><U81/><E99/><V64/><F2/><W67/><G42/><T51/><D41/><U20/><E20/><V47/><F103/><N who="3" m="39435" /><G33/><T116/><D116/><U9/><E9/><V30/><F30/><AGARI ba="1,0" hai="28,30,31,62,67,70,92,93" m="39435,51307" machi="30" ten="30,2000,0" yaku="20,1,52,1" doraHai="59" who="3" fromWho="2" sc="403,0,135,0,352,-23,110,23" /><INIT seed="6,0,0,5,5,102" ten="403,135,329,133" oya="2" hai0="93,85,38,120,62,73,40,75,134,69,92,104,44" hai1="50,114,113,128,65,67,103,90,0,105,29,94,107" hai2="55,126,25,123,119,109,1,49,95,66,78,84,17" hai3="8,79,37,47,41,5,121,39,12,71,125,135,46"/><V19/><F119/><W48/><G121/><T82/><D120/><U98/><E0/><V2/><F123/><W101/><G71/><T10/><D134/><U70/><E128/><V88/><F126/><W34/><G34/><T72/><D104/><N who="1" m="63607" /><E29/><V28/><F109/><W117/><G117/><T74/><D10/><U11/><E11/><V118/><F118/><W27/><G125/><T76/><N who="0" m="18944" /><DORA hai="42" /><T68/><REACH who="0" step="1"/><D62/><REACH who="0" ten="393,135,329,133" step="2"/><U26/><E105/><V108/><F108/><W32/><G135/><T20/><D20/><U24/><E107/><V81/><F66/><W124/><G124/><T99/><D99/><N who="1" m="57815" /><E67/><V127/><F127/><W89/><G101/><T106/><D106/><U15/><E65/><V111/><F111/><W86/><G79/><T35/><D35/><U87/><E87/><N who="2" m="52639" /><F1/><W122/><G122/><T129/><D129/><U57/><E70/><AGARI ba="0,1" hai="38,40,44,68,69,70,76,82,85,92,93" m="18944" machi="70" ten="70,4500,0" yaku="1,1,52,1,53,0" doraHai="102,42" doraHaiUra="3,23" who="0" fromWho="1" sc="393,55,135,-45,329,0,133,0" /><INIT seed="7,0,0,2,0,34" ten="448,90,329,133" oya="3" hai0="127,53,54,125,111,119,19,42,76,96,7,61,1" hai1="126,55,67,72,104,78,98,92,90,35,4,6,0" hai2="117,99,87,9,28,62,115,114,110,39,106,44,132" hai3="71,82,69,12,86,38,10,131,40,49,31,64,120"/><W94/><G38/><T83/><D111/><U29/><E126/><N who="0" m="48137" /><D19/><U41/><E67/><V52/><F110/><W18/><G94/><T75/><D119/><U59/><E41/><V5/><F117/><W23/><G64/><T122/><D122/><U15/><E104/><V2/><F28/><W128/><G120/><T129/><D129/><U109/><E109/><V33/><F33/><W124/><G124/><T56/><D96/><U43/><E43/><V24/><F24/><W37/><G37/><T91/><D91/><U88/><E0/><V22/><F22/><W47/><G31/><T48/><D42/><U13/><E35/><V70/><F39/><W77/><G69/><T51/><D53/><U107/><E29/><V45/><F70/><W112/><G71/><T26/><D26/><U113/><E113/><V73/><F73/><W14/><G112/><T135/><D135/><U79/><E107/><V11/><F106/><W80/><G80/><T65/><D54/><U81/><E79/><V95/><F52/><W116/><G116/><T102/><D102/><U3/><E90/><V100/><F100/><W16/><G128/><T97/><D97/><U21/><E21/><V8/><F99/><W101/><G101/><T123/><D123/><U30/><E30/><V130/><F130/><W20/><G131/><T68/><D68/><U36/><E36/><V89/><F132/><W32/><G32/><T134/><D134/><U118/><E118/><V17/><F115/><W58/><G77/><T46/><D46/><N who="2" m="18026" /><F114/><W66/><G20/><T50/><D50/><N who="1" m="31223" /><E3/><V63/><F11/><AGARI ba="0,0" hai="1,7,11,48,51,56,61,65,75,76,83" m="48137" machi="11" ten="30,3900,0" yaku="6,1,18,1,52,1" doraHai="34" who="0" fromWho="2" sc="448,39,90,0,329,-39,133,0" owari="487,59.0,90,-41.0,290,9.0,133,-27.0" /></mjloggm>