<mjloggm ver="2.3"><GO type="169" lobby="0"/><UN n0="%E8%87%AA%E7%A7%B0%E6%9C%80%E5%BC%B7%E9%9B%80%E5%A3%AB%EF%BC%93" n1="%7A%65%52%6F" n2="%E3%81%B5%E3%81%8B%E3%81%98" n3="%E3%82%A6%E3%83%AB%E3%83%88%E3%83%A9%E7%AB%8B%E7%9B%B4" dan="16,17,16,17" rate="2139.28,2232.10,2143.67,2192.64" sx="M,M,M,M"/><TAIKYOKU oya="0"/><INIT seed="0,0,0,0,2,110" ten="250,250,250,250" oya="0" hai0="117,54,99,78,75,34,74,121,81,47,76,65,38" hai1="49,129,88,35,69,112,12,17,18,24,87,63,130" hai2="101,100,60,52,28,131,103,135,51,3,85,32,55" hai3="61,21,96,13,127,86,108,98,57,125,68,4,94"/><T2/><D2/><U104/><E104/><V0/><F131/><W111/><G68/><T77/><D121/><U56/><E49/><V45/><F135/><W126/><G86/><T11/><D117/><U10/><E69/><V53/><F85/><W72/><G72/><T50/><D34/><U95/><E112/><V59/><REACH who="2" step="1"/><F53/><REACH who="2" ten="250,250,240,250" step="2"/><W123/><G123/><T93/><D75/><U118/><E118/><V79/><F79/><W48/><G111/><T109/><D109/><U15/><E130/><V115/><F115/><W128/><G108/><T62/><D38/><U66/><E129/><V9/><F9/><W19/><G128/><T8/><D76/><U46/><E46/><V36/><F36/><W73/><G73/><T113/><D78/><U92/><E92/><V25/><AGARI ba="0,1" hai="0,3,25,28,32,45,51,52,55,59,60,100,101,103" machi="25" ten="30,4000,0" yaku="1,1,0,1,54,1,53,0" doraHai="110" doraHaiUra="39" who="2" fromWho="2" sc="250,-20,250,-10,240,50,250,-10" /><INIT seed="1,0,0,0,2,104" ten="230,240,290,240" oya="1" hai0="114,78,73,59,3,56,6,106,134,31,112,96,88" hai1="49,108,74,115,21,20,5,109,54,23,44,47,18" hai2="1,48,69,107,91,42,14,116,30,36,79,7,101" hai3="35,80,62,39,121,123,60,28,71,25,63,82,32"/><U127/><E115/><V0/><F116/><W27/><G71/><T19/><D134/><U83/><E5/><V70/><F36/><W97/><G97/><T34/><D19/><U75/><E127/><V55/><F42/><W65/><G65/><T117/><D117/><U90/><E47/><V41/><F41/><W50/><G50/><T125/><D125/><U124/><E124/><V11/><F30/><W81/><G39/><T111/><D111/><N who="1" m="42571" /><E18/><V87/><F79/><W102/><G102/><T130/><D130/><U22/><E22/><V77/><F77/><W118/><G118/><T100/><D59/><U122/><E122/><V2/><F101/><W33/><REACH who="3" step="1"/><G28/><REACH who="3" ten="230,240,290,230" step="2"/><T13/><D114/><U72/><E90/><V16/><F70/><W24/><AGARI ba="0,1" hai="24,25,27,32,33,35,60,62,63,80,81,82,121,123" machi="24" ten="50,32000,5" yakuman="40" doraHai="104" doraHaiUra="38" who="3" fromWho="3" sc="230,-80,240,-160,290,-80,230,330" /><INIT seed="2,0,0,5,5,135" ten="150,80,210,560" oya="2" hai0="54,84,71,96,35,47,0,114,69,44,57,133,98" hai1="127,103,91,97,34,122,85,131,14,38,5,55,76" hai2="21,52,18,64,118,90,93,117,89,108,81,116,49" hai3="7,120,92,88,24,67,107,32,17,16,25,72,12"/><V41/><F41/><W40/><G107/><T101/><D35/><U75/><E34/><V86/><F64/><W39/><G72/><T125/><D114/><U19/><E38/><V30/><F30/><W111/><G120/><T62/><D0/><U48/><E122/><V63/><F63/><W31/><G111/><T9/><D133/><U36/><E36/><V1/><F1/><W43/><G67/><T95/><D9/><U8/><E75/><V10/><F10/><W61/><G61/><T106/><D84/><U70/><E76/><V68/><F68/><W2/><G17/><T104/><D104/><U11/><E70/><V46/><F108/><W109/><G24/><T15/><D15/><U105/><E131/><V112/><F112/><W51/><G51/><T56/><D69/><U13/><E85/><V58/><F46/><W4/><G109/><T66/><D71/><U27/><E91/><V50/><F50/><W79/><G79/><T83/><D83/><U119/><E27/><V26/><REACH who="2" step="1"/><F89/><REACH who="2" ten="150,80,200,560" step="2"/><W121/><G40/><T87/><D44/><U74/><E48/><V6/><F6/><W29/><G29/><T134/><D47/><U33/><E8/><V110/><F110/><W128/><G2/><T60/><D134/><U73/><E11/><V59/><F59/><W123/><G123/><T23/><D57/><U20/><E5/><V99/><F99/><W22/><G121/><T37/><D98/><U65/><E97/><V78/><F78/><W126/><G4/><T77/><D37/><U102/><E65/><V113/><F113/><W100/><G7/><RYUUKYOKU ba="0,1" sc="150,-10,80,-10,200,30,560,-10" hai2="18,21,26,49,52,58,81,86,90,93,116,117,118" /><INIT seed="2,1,1,3,4,16" ten="140,70,230,550" oya="2" hai0="123,61,103,51,21,104,2,4,72,130,14,85,125" hai1="65,10,118,58,84,97,132,18,6,109,69,83,135" hai2="115,87,129,60,22,117,79,100,43,114,111,102,92" hai3="67,39,17,88,29,93,99,3,8,80,75,9,57"/><V15/><F117/><W95/><G39/><T45/><D123/><U7/><E69/><V74/><F74/><W37/><G37/><T32/><D32/><U127/><E118/><V63/><F129/><W120/><G120/><T38/><D38/><U26/><E97/><V56/><F43/><W66/><G29/><T11/><D72/><U77/><E127/><V36/><F36/><W46/><G46/><T28/><D130/><U73/><E73/><V122/><F122/><W47/><G47/><T78/><D125/><U33/><E109/><V94/><F111/><W105/><G105/><T108/><D108/><U12/><E33/><V128/><F128/><W71/><G71/><T86/><D104/><U31/><E31/><V48/><F48/><W119/><G119/><T49/><D103/><N who="2" m="39466" /><F114/><W44/><G44/><T107/><D107/><U42/><E42/><V27/><F15/><W134/><G3/><T113/><D113/><U70/><E70/><V76/><F63/><W89/><G75/><T25/><D61/><N who="1" m="38071" /><E26/><V1/><F1/><W23/><G134/><AGARI ba="1,1" hai="6,7,10,12,18,77,83,84,132,134,135" m="38071" machi="134" ten="30,1000,0" yaku="20,1" doraHai="16" who="1" fromWho="3" sc="140,0,70,23,230,0,550,-13" /><INIT seed="3,0,0,0,2,78" ten="140,93,230,537" oya="3" hai0="61,66,64,88,59,47,98,81,31,50,36,126,7" hai1="102,12,99,35,120,75,91,124,16,106,34,20,108" hai2="79,19,42,2,32,48,38,109,13,134,55,127,118" hai3="114,45,53,128,123,133,90,121,29,96,70,46,71"/><W100/><G29/><T37/><D7/><U18/><E120/><V24/><F118/><W10/><G10/><T69/><D126/><U80/><E124/><V122/><F127/><W103/><G96/><T56/><D69/><U22/><E108/><V9/><F109/><W27/><G27/><T39/><D31/><U116/><E116/><V14/><F38/><W107/><G90/><T28/><D28/><U135/><E135/><V130/><F42/><W30/><G30/><T1/><D1/><U86/><REACH who="1" step="1"/><E75/><REACH who="1" ten="140,83,230,537" step="2"/><V117/><F122/><W119/><G119/><T58/><D61/><U62/><E62/><V67/><F134/><W15/><G133/><T23/><D23/><U52/><E52/><V94/><F55/><W93/><G53/><T5/><D5/><U11/><E11/><V87/><F9/><W112/><G123/><T76/><D64/><U21/><E21/><V4/><F67/><W132/><G121/><T3/><D66/><U43/><E43/><V17/><F4/><W0/><G132/><T111/><D111/><U83/><E83/><V110/><F110/><W95/><G114/><T131/><D131/><U84/><E84/><V101/><F87/><W125/><G128/><T129/><D129/><U105/><E105/><V8/><F8/><W33/><G107/><T85/><D3/><U92/><E92/><V51/><F94/><W89/><G0/><T115/><D115/><U77/><E77/><V65/><F79/><W97/><G112/><T26/><D76/><U49/><E49/><V74/><F130/><W40/><G125/><T104/><D104/><RYUUKYOKU ba="0,1" sc="140,-10,83,30,230,-10,537,-10" hai1="12,16,18,20,22,34,35,80,86,91,99,102,106" /><INIT seed="4,1,1,2,2,86" ten="130,113,220,527" oya="0" hai0="10,128,57,43,22,89,85,55,99,115,60,26,38" hai1="110,50,21,18,59,34,112,37,83,14,52,101,46" hai2="23,123,41,19,27,116,8,106,97,66,48,111,28" hai3="44,29,105,81,127,67,94,71,135,32,5,7,133"/><T2/><D115/><U95/><E110/><V87/><F111/><W6/><G105/><T12/><D2/><U47/><E34/><V119/><F123/><W16/><G32/><T30/><D128/><U70/><E70/><V98/><F66/><W113/><G29/><T93/><D38/><U25/><E112/><V9/><F41/><W73/><G113/><T118/><D118/><N who="2" m="45098" /><F48/><W51/><G127/><T40/><REACH who="0" step="1"/><D85/><REACH who="0" ten="120,113,220,527" step="2"/><U117/><E117/><V62/><F87/><W39/><G39/><T56/><D56/><U121/><E37/><V42/><F98/><W75/><G73/><T77/><D77/><U49/><E121/><V11/><F97/><W79/><G75/><T125/><D125/><U65/><E59/><V80/><F106/><W31/><G79/><T130/><D130/><U134/><E134/><V100/><F100/><W33/><G135/><T109/><D109/><U103/><E103/><V53/><F80/><W114/><G81/><T63/><D63/><U91/><E83/><V36/><F36/><W1/><G133/><T54/><D54/><N who="1" m="30007" /><E101/><V74/><F74/><W124/><G124/><T78/><D78/><U72/><E72/><V108/><F108/><W90/><G114/><T4/><AGARI ba="1,2" hai="4,10,12,22,26,30,40,43,55,57,60,89,93,99" machi="4" ten="20,18000,2" yaku="1,1,0,1,7,1,8,1,52,1,53,1" doraHai="86" doraHaiUra="92" who="0" fromWho="0" sc="120,203,113,-61,220,-61,527,-61" /><INIT seed="4,2,0,2,0,80" ten="323,52,159,466" oya="0" hai0="90,71,2,25,111,17,61,7,32,88,1,33,31" hai1="133,131,102,46,27,51,62,24,45,87,54,21,91" hai2="104,134,113,123,59,98,129,19,125,107,124,10,40" hai3="37,18,49,12,109,52,36,55,67,130,72,105,63"/><T85/><D33/><U83/><E133/><V103/><F123/><W42/><G105/><T28/><D28/><U14/><E131/><V60/><F129/><W38/><G72/><T48/><D111/><U97/><E62/><V82/><F134/><W106/><G106/><T73/><D73/><U66/><E66/><V70/><F70/><W94/><G130/><T41/><D7/><U117/><E117/><V39/><F113/><W64/><G94/><T89/><D85/><U29/><E27/><V15/><F104/><W43/><G12/><T75/><D75/><U3/><E3/><V58/><F58/><N who="3" m="35271" /><G18/><T100/><D100/><U79/><E14/><V26/><F26/><W110/><G110/><T74/><D74/><U92/><REACH who="1" step="1"/><E46/><REACH who="1" ten="323,42,159,466" step="2"/><V108/><F108/><W22/><G109/><T78/><D61/><U120/><E120/><V9/><F60/><W11/><G11/><T56/><D2/><U47/><E47/><V86/><F10/><W101/><G67/><T57/><D1/><U95/><E95/><V121/><F9/><W20/><G64/><T93/><D93/><U122/><E122/><V5/><F121/><W35/><G35/><T69/><D69/><U118/><E118/><V4/><F15/><W0/><G0/><T53/><D71/><U50/><E50/><V6/><F107/><W132/><G132/><T34/><D34/><U126/><E126/><V114/><F124/><W127/><G127/><T30/><D32/><U68/><E68/><V77/><F125/><W115/><G49/><T44/><D48/><U128/><E128/><V112/><F114/><RYUUKYOKU ba="2,1" sc="323,-10,42,30,159,-10,466,-10" hai1="21,24,29,45,51,54,79,83,87,91,92,97,102" /><INIT seed="5,3,1,3,5,33" ten="313,72,149,456" oya="1" hai0="2,92,59,45,116,5,132,127,104,126,103,85,113" hai1="79,129,24,39,27,35,130,74,75,49,58,69,71" hai2="29,34,61,117,51,107,60,64,84,87,36,102,0" hai3="67,105,99,44,43,83,3,12,21,112,90,73,93"/><U38/><E58/><V89/><F36/><N who="1" m="13865" /><E49/><V98/><F117/><W57/><G12/><T95/><D116/><U13/><E13/><V47/><F29/><W14/><G21/><T124/><D132/><U94/><E94/><V52/><F34/><W111/><G14/><T118/><D118/><U53/><E53/><V37/><F37/><W106/><G67/><T86/><D45/><U11/><E11/><V110/><F89/><W114/><G90/><T22/><D22/><U62/><E79/><V131/><F61/><W122/><G93/><N who="0" m="35915" /><D59/><U23/><E62/><V31/><F31/><W70/><G57/><T108/><D108/><U97/><E97/><V100/><F110/><W66/><G99/><N who="0" m="61567" /><D113/><U32/><E23/><V41/><F51/><W120/><G44/><T56/><D56/><U50/><E50/><V20/><F47/><W18/><G114/><T48/><D48/><U26/><E32/><V80/><F20/><W134/><G112/><T135/><D135/><U19/><E19/><V125/><F60/><W55/><G134/><T8/><AGARI ba="3,1" hai="2,5,8,85,86,124,126,127" m="61567,35915" machi="8" ten="40,2700,0" yaku="18,1,52,1" doraHai="33" who="0" fromWho="0" sc="313,46,72,-16,149,-10,456,-10" /><INIT seed="6,0,0,3,0,117" ten="359,56,139,446" oya="2" hai0="19,60,113,81,123,118,23,67,39,112,43,22,132" hai1="70,61,99,14,50,33,37,135,114,100,77,120,128" hai2="8,16,18,119,29,7,30,115,17,96,126,80,53" hai3="74,32,111,0,28,41,11,66,56,31,26,4,73"/><V52/><F119/><W72/><G31/><T110/><D118/><U84/><E37/><V21/><F115/><N who="0" m="44106" /><D110/><U27/><E114/><V9/><F126/><W2/><G111/><T94/><D81/><U40/><E14/><N who="2" m="5407" /><F96/><W85/><G85/><T130/><D130/><U102/><E128/><V1/><F1/><N who="3" m="399" /><G56/><T68/><D132/><U122/><E135/><V10/><F80/><W51/><G51/><T97/><D39/><U75/><E75/><V127/><F127/><W109/><G109/><T63/><D63/><U3/><E3/><N who="3" m="1066" /><G66/><T133/><D133/><U44/><E84/><V69/><F69/><W125/><G41/><T13/><D43/><U89/><E77/><V34/><F34/><W15/><G15/><T47/><D47/><U82/><E82/><V86/><F86/><W104/><G125/><T88/><D22/><U24/><E33/><V124/><F124/><W78/><G78/><T105/><D105/><AGARI ba="0,0" hai="26,28,32,72,73,74,104,105" m="1066,399" machi="105" ten="40,2600,0" yaku="33,2" doraHai="117" who="3" fromWho="0" sc="359,-26,56,0,139,0,446,26" /><INIT seed="7,0,0,4,4,34" ten="333,56,139,472" oya="3" hai0="134,51,63,103,96,5,110,68,37,109,127,94,55" hai1="66,98,92,65,130,81,45,107,95,90,6,108,49" hai2="124,83,24,8,123,4,47,119,69,53,7,58,39" hai3="46,60,44,80,42,76,99,129,89,112,104,135,67"/><W35/><G46/><T15/><D37/><U32/><E107/><V21/><F119/><W122/><G89/><T100/><D134/><U33/><E108/><V0/><F69/><W25/><G112/><T121/><D121/><U97/><E130/><V117/><F117/><W71/><G129/><T28/><D127/><U48/><E81/><V73/><F124/><W56/><G56/><T77/><D28/><U17/><E6/><V70/><F70/><W9/><G9/><T74/><D74/><U30/><E30/><V12/><F123/><W11/><G11/><T115/><D115/><U16/><E45/><V84/><F73/><W41/><G41/><T102/><D77/><U64/><E64/><V54/><F0/><W19/><G67/><T72/><D72/><U26/><REACH who="1" step="1"/><E90/><REACH who="1" ten="333,46,139,472" step="2"/><N who="2" m="51487" /><F7/><W43/><G99/><T61/><D110/><U62/><E62/><V50/><F39/><W31/><G31/><T111/><D109/><U79/><E79/><V36/><F36/><W114/><G122/><T125/><D111/><U20/><E20/><V133/><F58/><W93/><G71/><T120/><D125/><U1/><E1/><V101/><F47/><W78/><G44/><T27/><D120/><U10/><E10/><V22/><F22/><W13/><G78/><T128/><D68/><U14/><E14/><V52/><F21/><W126/><G76/><T106/><D128/><U2/><E2/><V105/><F12/><W82/><G13/><T132/><D106/><U86/><E86/><V38/><F105/><W3/><G104/><N who="0" m="63495" /><D132/><U18/><E18/><V57/><F133/><RYUUKYOKU ba="0,1" sc="333,-10,46,30,139,-10,472,-10" hai1="16,17,26,32,33,48,49,65,66,92,95,97,98" owari="323,12.0,76,-42.0,129,-27.0,472,57.0" /></mjloggm>