<mjloggm ver="2.3"><GO type="169" lobby="0"/><UN n0="%E3%83%A1%E3%83%AB%E3%82%AF" n1="%E3%82%A6%E3%83%AB%E3%83%88%E3%83%A9%E7%AB%8B%E7%9B%B4" n2="%E6%9C%88%E3%83%9F%E7%85%A7%E2%98%86" n3="%69%63%65%6D%61%6E%32" dan="16,18,18,16" rate="2043.08,2166.46,2247.05,2057.20" sx="M,M,M,M"/><TAIKYOKU oya="0"/><INIT seed="0,0,0,2,1,133" ten="250,250,250,250" oya="0" hai0="36,108,56,55,128,92,29,132,10,60,35,98,87" hai1="34,61,96,6,95,47,24,1,64,53,43,111,51" hai2="79,4,74,33,69,45,59,124,21,126,70,104,57" hai3="49,19,46,121,120,31,113,68,9,63,11,106,89"/><T22/><D132/><U93/><E111/><V13/><F33/><W30/><G106/><T135/><D135/><U86/><E1/><V41/><F104/><W8/><G113/><T123/><D123/><N who="3" m="47177" /><G89/><T101/><D36/><U42/><E6/><V109/><F109/><W84/><G84/><T76/><D128/><U117/><E117/><V26/><F13/><W85/><G85/><T38/><D38/><U28/><E86/><V72/><F4/><W65/><G19/><T12/><D108/><U116/><E116/><V110/><F110/><W81/><G81/><N who="0" m="47527" /><D35/><U130/><E130/><V99/><F99/><W131/><G131/><T122/><D122/><U91/><REACH who="1" step="1"/><E93/><REACH who="1" ten="250,240,250,250" step="2"/><V48/><F74/><W90/><G90/><T27/><D92/><U67/><E67/><V127/><F72/><W134/><G134/><T39/><D98/><U75/><E75/><V78/><F78/><W80/><G80/><T114/><D114/><U37/><E37/><V102/><F79/><W103/><G103/><T97/><D39/><U7/><E7/><V52/><F102/><W2/><G2/><T0/><D0/><U119/><E119/><V50/><REACH who="2" step="1"/><F59/><AGARI ba="0,1" hai="24,28,34,42,43,47,51,53,59,61,64,91,95,96" machi="59" ten="30,2000,0" yaku="1,1,7,1,53,0" doraHai="133" doraHaiUra="15" who="1" fromWho="2" sc="250,0,240,30,250,-20,250,0" /><INIT seed="1,0,0,3,0,118" ten="250,270,230,250" oya="1" hai0="15,102,47,113,17,31,68,40,53,56,66,12,64" hai1="120,78,43,81,20,82,22,131,114,35,108,73,26" hai2="93,86,123,9,74,44,8,55,115,63,112,23,48" hai3="116,69,101,34,110,100,27,4,95,119,21,13,72"/><U129/><E114/><N who="2" m="43563" /><F74/><W7/><G69/><T28/><D113/><U133/><E35/><V24/><F123/><W16/><G72/><T97/><D12/><U130/><E133/><V50/><F63/><W79/><G79/><T18/><D18/><U51/><E82/><V62/><F50/><W88/><G110/><T132/><D132/><U29/><E108/><V2/><F2/><W92/><G34/><T61/><D66/><U5/><E5/><N who="3" m="2122" /><G92/><T104/><D68/><U85/><E73/><V49/><F62/><W38/><G38/><T103/><D64/><U109/><E109/><V52/><F86/><N who="3" m="52631" /><G27/><T125/><D102/><N who="3" m="39529" /><G119/><T46/><D46/><N who="1" m="26079" /><E20/><V42/><F93/><W87/><G116/><T121/><D121/><AGARI ba="0,0" hai="22,26,29,78,81,85,120,121,129,130,131" m="26079" machi="121" ten="30,5800,0" yaku="19,1,52,2" doraHai="118" who="1" fromWho="0" sc="250,-58,270,58,230,0,250,0" /><INIT seed="1,1,0,5,5,32" ten="192,328,230,250" oya="1" hai0="129,62,18,84,78,90,109,59,103,35,98,112,21" hai1="114,9,133,121,30,3,47,45,36,5,58,10,88" hai2="87,119,23,65,66,0,123,86,107,85,73,71,6" hai3="99,15,81,126,1,97,127,60,125,93,14,74,110"/><U28/><E121/><V2/><F123/><W106/><G60/><T104/><D109/><U69/><E69/><V50/><F119/><W117/><G117/><T101/><D112/><U64/><E114/><V94/><F107/><W115/><G115/><T92/><D129/><U12/><E133/><V80/><F6/><W68/><G68/><T22/><D35/><U89/><E58/><V13/><F71/><W130/><G110/><T118/><D118/><U111/><E64/><V100/><F50/><W108/><G108/><T48/><D103/><U128/><E128/><V42/><F42/><W53/><G130/><T29/><D29/><U76/><E76/><V124/><F124/><W20/><G20/><T8/><D48/><U70/><E70/><V16/><F73/><W75/><G53/><T44/><D44/><U96/><E111/><V17/><F80/><W51/><G51/><T63/><D63/><U39/><E96/><V34/><F34/><W33/><G33/><T135/><D135/><U67/><E67/><V40/><F40/><W31/><G31/><T43/><D43/><U91/><E47/><V26/><F100/><N who="3" m="62735" /><G1/><T83/><D8/><U82/><E82/><V19/><F94/><W116/><G116/><T105/><D18/><N who="1" m="8463" /><E45/><V57/><F66/><W4/><G4/><T46/><D46/><U79/><E79/><V49/><F17/><W55/><G55/><N who="0" m="34175" /><D105/><U24/><E30/><V56/><F56/><W134/><G134/><T102/><D104/><U52/><E52/><N who="2" m="31887" /><F65/><W54/><G54/><T37/><D37/><N who="1" m="14411" /><E28/><V131/><F131/><W25/><G126/><RYUUKYOKU ba="1,0" sc="192,10,328,10,230,10,250,-30" hai0="21,22,78,83,84,90,92,98,101,102" hai1="3,5,10,24,88,89,91" hai2="0,2,13,16,19,23,26,85,86,87" /><INIT seed="1,2,0,2,3,117" ten="202,338,240,220" oya="1" hai0="29,84,75,47,56,89,32,133,1,99,18,28,48" hai1="94,26,79,88,8,19,127,58,36,115,77,53,85" hai2="27,90,119,135,114,107,45,43,59,60,11,22,37" hai3="63,10,98,76,9,125,95,78,15,120,5,13,92"/><U123/><E36/><V105/><F119/><W101/><G125/><T104/><D75/><U126/><E115/><V80/><F135/><W25/><G25/><T112/><D1/><U121/><E79/><V7/><F114/><W2/><G2/><T106/><D112/><U130/><E77/><V71/><F71/><W134/><G134/><T132/><D56/><U23/><E8/><V87/><F11/><W67/><G95/><N who="0" m="54695" /><D18/><U128/><E53/><V113/><F7/><W68/><REACH who="3" step="1"/><G120/><REACH who="3" ten="202,338,240,210" step="2"/><N who="1" m="46154" /><E58/><V54/><REACH who="2" step="1"/><F113/><REACH who="2" ten="202,338,230,210" step="2"/><W34/><G34/><T50/><D32/><U4/><E4/><AGARI ba="2,2" hai="4,5,9,10,13,15,63,67,68,76,78,92,98,101" machi="4" ten="30,8000,1" yaku="1,1,7,1,9,1,53,2" doraHai="117" doraHaiUra="74" who="3" fromWho="1" sc="202,0,338,-86,230,0,210,106" /><INIT seed="2,0,0,3,0,40" ten="202,252,230,316" oya="2" hai0="27,98,76,63,68,71,114,120,7,29,18,91,92" hai1="42,11,97,65,73,38,118,39,128,49,116,79,45" hai2="93,59,101,115,86,31,75,81,15,8,0,36,37" hai3="90,44,10,4,17,105,26,53,113,22,23,61,60"/><V47/><F115/><W62/><G105/><T123/><D114/><U32/><E32/><V88/><F0/><W64/><G113/><T21/><D7/><U99/><E73/><V69/><F69/><W134/><G134/><T2/><D2/><U83/><E65/><V1/><F1/><W50/><G23/><T57/><D76/><U126/><E126/><V125/><F125/><W89/><REACH who="3" step="1"/><G64/><REACH who="3" ten="202,252,230,306" step="2"/><T96/><D120/><U110/><E118/><V13/><F8/><W104/><G104/><T55/><D123/><U41/><E116/><V72/><F72/><W51/><G51/><T66/><D66/><U135/><E49/><V14/><F75/><W33/><G33/><T46/><D46/><U111/><E11/><V85/><F37/><W112/><G112/><T48/><D48/><U34/><E34/><V24/><F36/><W122/><G122/><T70/><REACH who="0" step="1"/><D96/><REACH who="0" ten="192,252,230,306" step="2"/><U16/><E99/><V28/><F47/><W127/><G127/><T35/><D35/><U94/><E45/><V12/><F85/><W80/><G80/><T130/><D130/><U6/><E83/><V109/><F81/><W54/><G54/><T100/><D100/><U67/><E38/><V58/><F101/><W82/><G82/><T119/><D119/><U87/><E67/><V9/><F86/><W30/><G30/><AGARI ba="0,2" hai="18,21,27,29,30,55,57,63,68,70,71,91,92,98" machi="30" ten="40,8000,1" yaku="1,1,25,2,53,1" doraHai="40" doraHaiUra="19" who="0" fromWho="3" sc="192,100,252,0,230,0,306,-80" /><INIT seed="3,0,0,3,0,11" ten="292,252,230,226" oya="3" hai0="55,26,19,29,88,92,4,60,5,87,73,62,77" hai1="68,127,49,105,134,114,80,44,36,58,59,104,9" hai2="128,108,129,43,102,101,45,38,116,15,52,39,84" hai3="130,115,100,118,47,56,107,23,10,132,37,63,22"/><W74/><G74/><T125/><D125/><U78/><E68/><V1/><F1/><W89/><G118/><T133/><D133/><U79/><E114/><V126/><F116/><W98/><G115/><T85/><D73/><U120/><E120/><V18/><F126/><W31/><G132/><T72/><D72/><U66/><E127/><V8/><F108/><W81/><G130/><N who="2" m="50281" /><F39/><W122/><G122/><T94/><D19/><U13/><E36/><V6/><F84/><W51/><G37/><T70/><D70/><U0/><E0/><N who="2" m="71" /><F52/><N who="3" m="34183" /><G107/><T33/><D55/><U21/><E134/><V93/><F93/><N who="3" m="58447" /><G31/><T40/><D40/><U124/><E105/><V75/><F75/><W32/><G32/><T96/><D60/><U30/><E104/><V28/><F28/><W99/><G10/><AGARI ba="0,0" hai="10,15,18,38,43,45,101,102" m="71,50281" machi="10" ten="30,2000,0" yaku="19,1,52,1" doraHai="11" who="2" fromWho="3" sc="292,0,252,0,230,20,226,-20" /><INIT seed="4,0,0,4,4,90" ten="292,252,250,206" oya="0" hai0="88,63,11,33,43,95,21,115,22,112,84,6,12" hai1="99,94,51,59,3,125,123,28,92,83,97,120,68" hai2="131,53,16,98,87,47,127,118,124,111,10,9,52" hai3="129,0,104,101,57,7,109,81,106,50,70,2,39"/><T40/><D33/><U15/><E3/><V58/><F111/><W126/><G109/><T27/><D63/><U86/><E68/><V108/><F108/><W44/><G129/><T20/><REACH who="0" step="1"/><D27/><REACH who="0" ten="282,252,250,206" step="2"/><U114/><E123/><V24/><F24/><W26/><G26/><T93/><D93/><U75/><E120/><V29/><F131/><W48/><G106/><T38/><D38/><U31/><E94/><V132/><F127/><W30/><G39/><T96/><D96/><U135/><E92/><V32/><F124/><W77/><G104/><T130/><D130/><U73/><E99/><V102/><F98/><W100/><G126/><T55/><D55/><U66/><E97/><V79/><F53/><W107/><G107/><T116/><D116/><U36/><E36/><V91/><F118/><W5/><G100/><T54/><D54/><U69/><E125/><V14/><F102/><W110/><G101/><T76/><D76/><U34/><E34/><V65/><F79/><W8/><G110/><T85/><D85/><U82/><E86/><V46/><F32/><W42/><G77/><T121/><D121/><U113/><E75/><V62/><F52/><W23/><G81/><T56/><D56/><U49/><E83/><V19/><F87/><W37/><G57/><T133/><D133/><U134/><E59/><V80/><F132/><W60/><G60/><T72/><D72/><U117/><E73/><V119/><F119/><W78/><G78/><T4/><D4/><U17/><E135/><V13/><F80/><W67/><G7/><T1/><D1/><U71/><E134/><RYUUKYOKU ba="0,1" sc="282,30,252,-10,250,-10,206,-10" hai0="6,11,12,20,21,22,40,43,84,88,95,112,115" /><INIT seed="4,1,1,4,4,104" ten="312,242,240,196" oya="0" hai0="7,34,9,116,71,88,93,78,61,86,50,106,28" hai1="23,111,124,110,101,1,37,76,49,113,44,127,60" hai2="85,6,42,135,5,24,95,66,126,108,18,117,10" hai3="21,36,80,96,43,73,92,55,38,51,48,82,65"/><T112/><D106/><U129/><E1/><V119/><F108/><W8/><G73/><T72/><D116/><U99/><E37/><V30/><F42/><W47/><G65/><T128/><D112/><U98/><E113/><V123/><F123/><W11/><G21/><T133/><D133/><U56/><E23/><V131/><F135/><W29/><G29/><T102/><D102/><U103/><E76/><V57/><F126/><N who="1" m="48169" /><E129/><V31/><F131/><W13/><G38/><T35/><D50/><U45/><E99/><V68/><F68/><W25/><G25/><T12/><D128/><U83/><E83/><N who="3" m="31786" /><G36/><T114/><D114/><U97/><E97/><V2/><F2/><W62/><G62/><T27/><D72/><U109/><E49/><V70/><F70/><W16/><G11/><T121/><D78/><U130/><E130/><V115/><F10/><W22/><G8/><T81/><D121/><U132/><E132/><V75/><F115/><W118/><G118/><T125/><D125/><U53/><E103/><V134/><F134/><W90/><G51/><T94/><REACH who="0" step="1"/><D35/><REACH who="0" ten="302,242,240,196" step="2"/><U58/><E111/><V32/><F32/><W59/><G43/><T39/><D39/><U69/><E110/><V105/><F119/><W107/><G107/><T67/><AGARI ba="1,2" hai="7,9,12,27,28,34,61,67,71,81,86,88,93,94" machi="67" ten="30,6000,0" yaku="1,1,0,1,54,1,53,0" doraHai="104" doraHaiUra="122" who="0" fromWho="0" sc="302,83,242,-21,240,-21,196,-21" /><INIT seed="4,2,0,0,3,90" ten="385,221,219,175" oya="0" hai0="95,68,40,82,8,114,101,132,18,112,61,50,33" hai1="11,107,129,62,23,73,14,98,30,34,111,12,45" hai2="22,83,19,24,0,88,113,26,29,130,7,43,91" hai3="94,15,108,52,13,123,49,31,28,126,78,118,54"/><T71/><D33/><U63/><E73/><V5/><F113/><N who="0" m="43626" /><D132/><U36/><E111/><V55/><F130/><W100/><G118/><T59/><D82/><U105/><E34/><V69/><F69/><W20/><G108/><T47/><D8/><U76/><E76/><V81/><F43/><W4/><G123/><T53/><D18/><U135/><E45/><V77/><F55/><N who="3" m="21035" /><G126/><T72/><D72/><U103/><E23/><V122/><F122/><W120/><G78/><T35/><D35/><U17/><E11/><V134/><F134/><W21/><G120/><T102/><D102/><U104/><E103/><V121/><F121/><W125/><G125/><T16/><D16/><U92/><E17/><V38/><F83/><W57/><G4/><T124/><D124/><U46/><E129/><V116/><F7/><W65/><G49/><T99/><AGARI ba="2,0" hai="40,47,50,53,59,61,68,71,95,99,101" m="43626" machi="99" ten="30,3000,0" yaku="15,1,52,1" doraHai="90" who="0" fromWho="0" sc="385,36,221,-12,219,-12,175,-12" /><INIT seed="4,3,0,0,2,109" ten="421,209,207,163" oya="0" hai0="122,90,86,42,56,46,34,39,108,72,55,25,123" hai1="29,18,54,119,126,129,97,91,118,121,1,99,22" hai2="51,47,74,12,31,14,41,133,2,104,78,5,27" hai3="35,107,40,128,21,60,38,102,132,71,50,69,111"/><T64/><D72/><U28/><E91/><V124/><F104/><W16/><G35/><T36/><D108/><U134/><E54/><V114/><F124/><W83/><G111/><T135/><D135/><U63/><E63/><V115/><F2/><W43/><G132/><T116/><D116/><U105/><E22/><V8/><F133/><W23/><G107/><T19/><D64/><U62/><E62/><V106/><F106/><W0/><G0/><T73/><D73/><U30/><E105/><V67/><F14/><W68/><G102/><T13/><D36/><U7/><E30/><V112/><F67/><W65/><G128/><T89/><D89/><U57/><E1/><V103/><F103/><W3/><G3/><T15/><D15/><U80/><E134/><V6/><F6/><W59/><G23/><T44/><D25/><U61/><E7/><V20/><F74/><W98/><G98/><T101/><D101/><U26/><E99/><V75/><F75/><W96/><G96/><T49/><D34/><U10/><E97/><V33/><F78/><W113/><G83/><N who="0" m="49503" /><D56/><U131/><E57/><V87/><F87/><W77/><G77/><T110/><D110/><U58/><E58/><V94/><F94/><W93/><G93/><T17/><D17/><U125/><E18/><V11/><F11/><AGARI ba="3,0" hai="11,13,19,39,42,44,46,49,55,122,123" m="49503" machi="11" ten="30,1500,0" yaku="25,1" doraHai="109" who="0" fromWho="2" sc="421,24,209,0,207,-24,163,0" /><INIT seed="4,4,0,4,0,111" ten="445,209,183,163" oya="0" hai0="25,23,101,125,63,30,79,6,96,36,69,1,7" hai1="8,117,66,65,82,121,108,16,135,89,5,52,133" hai2="114,4,48,10,64,39,97,2,56,53,104,32,27" hai3="46,131,19,34,120,11,95,103,3,112,35,80,33"/><T73/><D36/><U58/><E117/><V18/><F39/><W42/><G120/><T62/><D125/><U93/><E82/><V98/><F104/><W38/><G131/><T50/><D50/><U44/><E44/><V116/><F116/><W81/><G103/><T12/><D1/><U113/><E108/><V72/><F72/><W109/><G109/><T74/><D74/><U43/><E43/><V9/><F64/><W126/><G126/><T60/><D69/><U37/><E37/><V61/><F114/><W14/><G3/><T24/><D12/><N who="1" m="7175" /><E5/><V134/><F134/><N who="1" m="51209" /><E113/><V57/><F57/><W49/><G112/><T77/><D25/><U75/><E75/><V45/><F27/><W59/><G95/><N who="0" m="58527" /><D73/><U17/><E17/><V51/><F18/><W91/><G91/><T132/><D132/><U130/><E130/><V13/><F2/><W122/><G122/><T102/><D102/><U31/><E31/><V128/><F128/><W29/><G29/><T41/><D41/><U129/><E129/><V99/><F45/><W87/><G87/><T88/><D88/><U83/><E83/><V107/><F107/><W86/><G86/><T55/><D55/><U71/><E71/><V21/><F53/><W123/><G123/><T92/><D92/><U20/><E121/><V84/><F84/><W118/><G118/><T68/><D68/><U90/><E90/><V54/><F54/><N who="3" m="32207" /><G81/><T94/><D94/><U124/><E124/><V26/><F99/><W47/><G80/><T85/><D85/><N who="1" m="52399" /><E20/><V100/><F100/><W127/><G127/><T115/><D115/><RYUUKYOKU ba="4,0" sc="445,10,209,10,183,-30,163,10" hai0="6,7,23,24,30,60,62,63,77,79" hai1="52,58,65,66" hai3="11,14,19,33,34,35,38,42,46,47" /><INIT seed="4,5,0,2,5,22" ten="455,219,153,173" oya="0" hai0="133,77,99,74,9,17,44,124,82,2,65,114,38" hai1="70,4,3,45,72,93,111,126,55,15,122,127,75" hai2="19,24,27,117,67,101,36,86,60,120,119,29,31" hai3="52,10,85,92,51,121,59,69,62,49,33,12,134"/><T16/><D114/><U18/><E70/><V100/><F120/><W112/><G33/><T11/><D133/><U66/><E66/><V105/><F36/><W90/><G121/><T130/><D130/><U35/><E35/><V48/><F48/><W125/><G112/><T61/><D124/><U115/><E122/><V107/><F86/><W21/><G125/><N who="1" m="47626" /><E111/><V57/><F19/><N who="3" m="8599" /><G69/><T34/><D99/><U135/><E135/><V108/><F108/><W25/><G134/><T88/><D34/><U87/><E4/><V68/><F68/><W71/><G71/><T109/><D109/><U1/><E55/><V98/><F98/><W53/><G53/><T39/><D39/><U79/><E45/><V58/><F67/><W78/><G78/><T91/><D65/><U89/><E115/><V103/><F101/><W95/><G95/><T30/><D61/><AGARI ba="5,0" hai="24,27,29,31,57,58,60,61,100,103,105,107,117,119" machi="61" ten="25,6400,0" yaku="22,2,52,2" doraHai="22" who="2" fromWho="0" sc="455,-79,219,0,153,79,173,0" /><INIT seed="5,0,0,2,5,5" ten="376,219,232,173" oya="1" hai0="77,135,17,34,39,58,80,87,120,26,9,90,116" hai1="21,129,47,32,93,1,78,134,45,69,111,10,52" hai2="12,94,64,29,22,16,79,125,105,100,60,68,89" hai3="3,46,55,42,88,115,14,104,11,131,8,44,38"/><U0/><E32/><V53/><F125/><W28/><G104/><T95/><D39/><U19/><E69/><V130/><F130/><W62/><G131/><T99/><D116/><U86/><E129/><V84/><F79/><W51/><G28/><T108/><D108/><U122/><E122/><V110/><F110/><W133/><G133/><T97/><D135/><U2/><E134/><V33/><F53/><W107/><G107/><T124/><D124/><U71/><E71/><V65/><F65/><W57/><G115/><T112/><D112/><U73/><E73/><V67/><F67/><W102/><G102/><T15/><D120/><U36/><E36/><V72/><F72/><W61/><G3/><T18/><D58/><U98/><E52/><V24/><F105/><W121/><G121/><T41/><D41/><U63/><E63/><V49/><F49/><W13/><G88/><T74/><REACH who="0" step="1"/><D18/><REACH who="0" ten="366,219,232,173" step="2"/><U132/><E132/><V30/><F30/><AGARI ba="0,1" hai="9,15,17,26,30,34,74,77,80,87,90,95,97,99" machi="30" ten="40,8000,1" yaku="1,1,2,1,52,1,53,1" doraHai="5" doraHaiUra="7" who="0" fromWho="2" sc="366,90,219,0,232,-80,173,0" /><INIT seed="6,0,0,0,1,30" ten="456,219,152,173" oya="2" hai0="76,92,132,35,88,131,68,0,83,111,58,134,37" hai1="110,60,82,11,53,87,114,121,123,99,133,24,102" hai2="61,101,44,91,120,39,135,126,6,16,51,63,107" hai3="130,127,34,29,41,7,64,122,109,104,54,26,85"/><V118/><F118/><W124/><G104/><T9/><D68/><U40/><E40/><V42/><F120/><N who="1" m="46153" /><E114/><V21/><F126/><N who="3" m="48171" /><G122/><T59/><D58/><N who="1" m="34895" /><E133/><V125/><F125/><W49/><G109/><T94/><D94/><N who="1" m="58743" /><E24/><V75/><F135/><W103/><G103/><T46/><D132/><U48/><E48/><V98/><F75/><W117/><G117/><T81/><D37/><U8/><E110/><V18/><F6/><W93/><G130/><T113/><D131/><U84/><E87/><V13/><F91/><AGARI ba="0,0" hai="8,11,82,84,91" m="58743,34895,46153" machi="91" ten="30,1000,0" yaku="13,1" doraHai="30" who="1" fromWho="2" sc="456,0,219,10,152,-10,173,0" /><INIT seed="7,0,0,1,2,6" ten="456,229,142,173" oya="3" hai0="108,47,114,65,120,13,21,124,90,22,45,10,46" hai1="134,115,112,7,87,40,9,0,81,89,71,31,60" hai2="4,123,78,74,84,111,29,3,73,19,88,43,80" hai3="110,92,133,56,131,102,103,54,1,117,135,116,76"/><W75/><G1/><T106/><D106/><U70/><E40/><V128/><F111/><W126/><G110/><T59/><D114/><N who="1" m="43563" /><E134/><N who="3" m="51210" /><G76/><T61/><D22/><U96/><E31/><V20/><F128/><W18/><G75/><T119/><D59/><U30/><E30/><V53/><F123/><W132/><N who="3" m="51218" /><W121/><DORA hai="5" /><G121/><T15/><D61/><U93/><E60/><V77/><F43/><W14/><G131/><T17/><D90/><AGARI ba="0,0" hai="0,7,9,70,71,81,87,89,90,93,96" m="43563" machi="90" ten="30,3900,0" yaku="15,1,52,2" doraHai="6,5" who="1" fromWho="0" sc="456,-39,229,39,142,0,173,0" owari="417,52.0,268,7.0,142,-36.0,173,-23.0" /></mjloggm>