<mjloggm ver="2.3"><GO type="169" lobby="0"/><UN n0="%E9%87%8E%E3%80%85%E5%AE%AE%E8%97%8D" n1="%E8%B1%86%E7%89%B9%EF%BC%A0%E6%B2%B3%E6%9D%91%E8%BB%8D%E5%9B%A3" n2="%E3%83%88%E3%83%88%E3%83%AA%E5%85%88%E7%94%9F%31%39%E6%AD%B3" n3="%E5%80%89%E6%A9%8B%EF%BC%A0%E4%BA%8B%E5%8B%99" dan="17,16,18,17" rate="2187.52,2091.13,2196.22,2172.73" sx="F,M,F,M"/><TAIKYOKU oya="0"/><INIT seed="0,0,0,1,0,93" ten="250,250,250,250" oya="0" hai0="88,78,56,62,124,12,29,44,46,13,15,109,28" hai1="0,35,38,24,114,21,79,112,94,116,130,34,60" hai2="77,68,43,128,30,11,133,118,57,84,26,58,1" hai3="122,103,100,39,106,82,59,117,89,63,33,64,123"/><T14/><D124/><U127/><E116/><V18/><F68/><W74/><G117/><T119/><D119/><U110/><E38/><V92/><F118/><W76/><G33/><T132/><D132/><U45/><E0/><V73/><F128/><W71/><G39/><T87/><D78/><U27/><E130/><V49/><F73/><W42/><G42/><T51/><N who="0" m="3072" /><DORA hai="7" /><T90/><D109/><U10/><E10/><V36/><F18/><W134/><G134/><T111/><D111/><U23/><E79/><V113/><F36/><W52/><G89/><N who="0" m="34411" /><D87/><U25/><E94/><V129/><F92/><W37/><G37/><T40/><D46/><U53/><E127/><V66/><F129/><W2/><G2/><T97/><D97/><U20/><E110/><V41/><F113/><W19/><G106/><T135/><D135/><U85/><E85/><V80/><F133/><W81/><G81/><T32/><D32/><U8/><E8/><V55/><F11/><W101/><REACH who="3" step="1"/><G19/><REACH who="3" ten="250,250,250,240" step="2"/><T102/><D102/><U108/><E108/><V125/><F1/><W69/><G69/><T83/><D83/><U65/><E35/><V16/><F125/><W47/><G47/><T86/><D86/><U95/><E34/><V5/><F16/><W98/><G98/><T3/><D3/><U9/><E9/><V126/><F126/><W4/><G4/><T50/><D28/><U6/><E6/><V22/><F5/><W48/><AGARI ba="0,1" hai="48,52,59,63,64,71,74,76,82,100,101,103,122,123" machi="48" ten="30,12000,2" yaku="1,1,0,1,54,1,53,3" doraHai="93,7" doraHaiUra="99,115" who="3" fromWho="3" sc="250,-60,250,-30,250,-30,240,130" /><INIT seed="1,0,0,2,1,26" ten="190,220,220,370" oya="1" hai0="99,134,36,25,53,108,83,4,59,126,69,116,93" hai1="109,18,118,88,110,62,117,131,31,66,14,67,61" hai2="34,24,129,107,128,23,119,7,80,11,15,30,104" hai3="78,22,0,112,121,68,70,115,17,1,120,2,42"/><U127/><E127/><V95/><F80/><W10/><G78/><T123/><D116/><U94/><E131/><N who="2" m="50251" /><F95/><W27/><G42/><T50/><D126/><U81/><E81/><V102/><F102/><W5/><G68/><T58/><D69/><U113/><E113/><N who="3" m="43594" /><G70/><T105/><D105/><N who="2" m="40522" /><F119/><W52/><G52/><T16/><D123/><AGARI ba="0,0" hai="0,1,2,5,10,17,22,27,120,121,123" m="43594" machi="123" ten="30,2000,0" yaku="34,2" doraHai="26" who="3" fromWho="0" sc="190,-20,220,0,220,0,370,20" /><INIT seed="2,0,0,2,0,27" ten="170,220,220,390" oya="2" hai0="133,38,94,49,30,113,18,2,129,130,58,97,8" hai1="132,44,76,108,121,19,70,52,100,45,63,80,112" hai2="14,75,127,66,65,114,57,125,24,36,59,40,118" hai3="81,31,11,35,115,89,109,0,82,5,23,99,71"/><V93/><F75/><W22/><G109/><T7/><D38/><U55/><E108/><V77/><F77/><W131/><G131/><T123/><D123/><U47/><E112/><V1/><F1/><W98/><G71/><T33/><D113/><U96/><E132/><V17/><F114/><W42/><G115/><T92/><D133/><U25/><E121/><V53/><F118/><W105/><G42/><T9/><D92/><U13/><E25/><V32/><F93/><W61/><G99/><T54/><D33/><U95/><E63/><V60/><F40/><W110/><G110/><T21/><D9/><U128/><E70/><V120/><F36/><W28/><G35/><T16/><D30/><N who="3" m="11305" /><G105/><T26/><REACH who="0" step="1"/><D18/><REACH who="0" ten="160,220,220,390" step="2"/><U34/><E34/><V10/><F32/><W117/><G82/><T4/><D4/><U101/><E128/><V90/><F120/><W104/><G104/><T15/><D15/><U67/><E13/><V102/><F24/><W124/><G0/><T135/><D135/><U85/><E19/><V68/><F17/><W79/><G81/><T56/><D56/><U29/><E29/><V106/><F68/><W111/><G11/><T122/><D122/><U74/><E67/><V50/><F65/><W88/><G5/><T3/><D3/><U46/><N who="1" m="11264" /><DORA hai="69" /><U20/><E20/><V12/><F10/><W43/><G22/><T126/><D126/><N who="2" m="48138" /><F12/><W48/><G124/><T83/><D83/><U87/><E101/><AGARI ba="0,1" hai="2,7,8,16,21,26,49,54,58,94,97,101,129,130" machi="101" ten="40,2600,0" yaku="1,1,54,1,53,0" doraHai="27,69" doraHaiUra="41,134" who="0" fromWho="1" sc="160,36,220,-26,220,0,390,0" /><INIT seed="3,0,0,4,3,37" ten="196,194,220,390" oya="3" hai0="52,75,134,128,94,7,116,13,9,58,44,18,77" hai1="71,19,107,57,23,35,120,110,131,27,73,126,80" hai2="97,105,101,48,24,51,32,61,74,100,69,130,33" hai3="106,65,8,42,14,41,6,135,95,2,39,36,133"/><W129/><G106/><T113/><D116/><U34/><E120/><V31/><F101/><W53/><G129/><T90/><D128/><U22/><E131/><V123/><F130/><W43/><G65/><T63/><D134/><N who="3" m="51209" /><G53/><T21/><D113/><U62/><E71/><V117/><F117/><W38/><G95/><T83/><D44/><U66/><E107/><V5/><F123/><W68/><G68/><T124/><D124/><U112/><E126/><V88/><F33/><W122/><G122/><T96/><REACH who="0" step="1"/><D21/><REACH who="0" ten="186,194,220,390" step="2"/><U25/><E112/><V118/><F118/><W119/><G119/><T3/><D3/><AGARI ba="0,1" hai="2,3,6,8,14,36,38,39,41,42,43" m="51209" machi="3" ten="40,12000,1" yaku="20,1,52,3" doraHai="37" who="3" fromWho="0" sc="186,-120,194,0,220,0,390,130" /><INIT seed="3,1,0,1,3,18" ten="66,194,220,520" oya="3" hai0="22,82,19,16,36,45,113,81,29,98,109,128,55" hai1="101,39,74,47,12,27,133,91,85,80,10,115,37" hai2="48,90,6,122,44,127,116,0,30,26,106,51,131" hai3="46,8,84,13,126,132,53,60,87,70,71,79,17"/><W77/><G132/><T41/><D109/><U124/><E115/><V1/><F116/><W120/><G120/><T72/><D113/><U94/><E124/><V35/><F106/><W111/><G126/><T3/><D3/><U129/><E129/><V54/><F127/><W40/><G111/><T105/><D128/><U92/><E133/><V42/><F131/><W75/><G70/><T130/><D130/><U50/><E74/><V125/><F125/><W62/><G62/><T68/><D68/><U43/><E39/><V78/><F122/><W32/><G32/><T38/><D38/><U15/><E37/><V59/><F6/><W86/><G75/><T123/><D123/><U61/><E61/><V21/><F78/><W5/><G5/><T121/><D121/><U89/><E101/><V49/><F35/><W20/><G8/><T67/><D67/><U114/><E114/><V4/><F4/><W110/><G110/><T107/><D55/><U34/><E10/><V7/><F7/><W135/><G135/><T58/><D58/><U76/><E27/><V63/><REACH who="2" step="1"/><F90/><REACH who="2" ten="66,194,210,520" step="2"/><N who="1" m="34313" /><E34/><V25/><F25/><W56/><G77/><T14/><D107/><U83/><E83/><V96/><F96/><W57/><G79/><N who="0" m="44263" /><D82/><U95/><AGARI ba="1,1" hai="12,15,43,47,50,76,80,85,92,94,95" m="34313" machi="95" ten="30,1100,0" yaku="8,1" doraHai="18" who="1" fromWho="1" sc="66,-4,194,24,210,-4,520,-6" /><INIT seed="4,0,0,2,1,119" ten="62,218,206,514" oya="0" hai0="80,60,50,70,52,3,44,0,11,30,33,22,43" hai1="24,1,112,49,7,35,100,28,93,90,84,81,10" hai2="27,130,121,45,132,133,87,109,15,66,61,125,14" hai3="41,98,42,26,107,134,94,29,57,20,99,91,110"/><T31/><D33/><U72/><E112/><V18/><F109/><W46/><G110/><T53/><D0/><U135/><E135/><N who="2" m="51787" /><F130/><W54/><G134/><T13/><D3/><U56/><E100/><V37/><F125/><W127/><G127/><T58/><D70/><U120/><E120/><V74/><F74/><W62/><G107/><T25/><D80/><U108/><E108/><V86/><F27/><W17/><G99/><T102/><D102/><U38/><E38/><V95/><F14/><W12/><REACH who="3" step="1"/><G46/><REACH who="3" ten="62,218,206,504" step="2"/><T40/><REACH who="0" step="1"/><D31/><REACH who="0" ten="52,218,206,504" step="2"/><U34/><E28/><V96/><F121/><W85/><G85/><T92/><D92/><U97/><E84/><V55/><F95/><W114/><G114/><T116/><D116/><U8/><E93/><V71/><F96/><W68/><G68/><T128/><D128/><U118/><E97/><V65/><F87/><W111/><G111/><T19/><AGARI ba="0,2" hai="11,13,19,22,25,30,40,43,44,50,52,53,58,60" machi="19" ten="20,12000,1" yaku="1,1,0,1,7,1,8,1,54,1,53,0" doraHai="119" doraHaiUra="32" who="0" fromWho="0" sc="52,140,218,-40,206,-40,504,-40" /><INIT seed="4,1,0,4,1,50" ten="192,178,166,464" oya="0" hai0="117,45,53,121,56,108,94,84,36,126,129,71,42" hai1="99,23,51,135,60,39,2,6,18,7,93,97,91" hai2="80,134,78,46,124,30,74,10,110,52,12,131,21" hai3="22,111,5,15,69,27,1,32,43,57,106,20,120"/><T33/><D117/><U8/><E39/><V68/><F110/><W77/><G69/><T35/><D121/><U90/><E135/><V107/><F68/><W125/><G106/><T40/><D108/><U67/><E7/><V87/><F107/><W83/><G111/><T76/><D126/><U49/><E97/><V123/><F123/><W55/><G125/><T66/><D40/><U31/><E31/><V113/><F124/><W100/><G120/><T79/><D129/><U28/><E28/><V114/><F131/><W85/><G100/><T95/><D66/><U132/><E90/><V118/><F134/><W98/><G98/><T37/><D37/><U65/><E65/><V72/><F118/><W64/><G64/><T122/><D71/><U133/><E133/><V101/><F101/><W48/><G43/><T75/><D75/><U29/><E29/><V47/><F47/><W41/><G41/><T92/><D122/><U25/><E132/><V34/><F34/><W9/><G32/><T26/><D26/><U86/><REACH who="1" step="1"/><E99/><REACH who="1" ten="192,168,166,464" step="2"/><V54/><F30/><W61/><G5/><T24/><D35/><U73/><E73/><V58/><F74/><W38/><G38/><T88/><D33/><U11/><E11/><V105/><F72/><W0/><G9/><T14/><D14/><U13/><E13/><V109/><F109/><W115/><G15/><T4/><D24/><U62/><E62/><N who="2" m="36167" /><F105/><W119/><G27/><T17/><D4/><U89/><E89/><V59/><F10/><W130/><G130/><T19/><D19/><U44/><E44/><V16/><F46/><RYUUKYOKU ba="1,1" sc="192,-15,168,15,166,15,464,-15" hai1="2,6,8,18,23,25,49,51,60,67,86,91,93" hai2="12,16,21,54,59,78,80,87,113,114" /><INIT seed="5,2,1,2,5,65" ten="177,183,181,449" oya="1" hai0="63,118,122,66,35,44,7,36,33,54,83,78,57" hai1="95,109,53,12,0,107,102,101,59,81,30,130,10" hai2="29,103,119,9,49,124,88,76,104,74,126,75,131" hai3="55,41,99,28,1,11,112,132,19,13,94,113,110"/><U82/><E107/><V34/><F119/><W3/><G110/><T6/><D118/><U105/><E105/><V86/><F131/><W31/><G132/><T27/><D122/><U21/><E0/><N who="3" m="74" /><G55/><T58/><D36/><U25/><E130/><V18/><F49/><W67/><G67/><T14/><D44/><U32/><E32/><V52/><F52/><W125/><G41/><T79/><D79/><U73/><E73/><V4/><F18/><W120/><G120/><T70/><D57/><U38/><E38/><V46/><F46/><W133/><G133/><T80/><D80/><N who="1" m="30827" /><E95/><N who="2" m="54679" /><F76/><W116/><G116/><T97/><D35/><U127/><E127/><N who="2" m="48683" /><F103/><N who="3" m="60919" /><G125/><T51/><D14/><U48/><E109/><V87/><F87/><W50/><G50/><T42/><D42/><U56/><E56/><V84/><F84/><W8/><G8/><T135/><D135/><U111/><E111/><V23/><F104/><W43/><G43/><T39/><D39/><U68/><E68/><V108/><F108/><W117/><G117/><T69/><D69/><U60/><E48/><V115/><F34/><W106/><G106/><T40/><D40/><U16/><AGARI ba="2,1" hai="10,12,16,21,25,30,53,59,60,101,102" m="30827" machi="16" ten="30,3000,0" yaku="8,1,54,1" doraHai="65" who="1" fromWho="1" sc="177,-12,183,46,181,-12,449,-12" /><INIT seed="5,3,0,1,2,64" ten="165,229,169,437" oya="1" hai0="93,27,78,91,106,122,134,30,41,105,58,69,127" hai1="14,79,135,86,40,97,121,108,98,42,26,32,59" hai2="22,72,73,44,95,18,113,10,60,45,7,3,80" hai3="119,132,81,126,94,49,5,87,133,116,23,48,2"/><U46/><E121/><V120/><F120/><W111/><G111/><T11/><D122/><U100/><E135/><N who="3" m="51786" /><G126/><T17/><D134/><U89/><E79/><V123/><F123/><W21/><G94/><T103/><D127/><U114/><E114/><V124/><F124/><W110/><G110/><T29/><D69/><U107/><E98/><V15/><F113/><W131/><G131/><T74/><D41/><U56/><E108/><V19/><F95/><W20/><G5/><T43/><D43/><U62/><E14/><V66/><F19/><W12/><G12/><T25/><D103/><U9/><E9/><V84/><F73/><W117/><G2/><T71/><D71/><U83/><E62/><V53/><F53/><W130/><G130/><T85/><D78/><AGARI ba="3,0" hai="20,21,23,48,49,78,81,87,116,117,119" m="51786" machi="78" ten="40,2600,0" yaku="12,1,20,1" doraHai="64" who="3" fromWho="0" sc="165,-35,229,0,169,0,437,35" /><INIT seed="6,0,0,0,2,28" ten="130,229,169,472" oya="2" hai0="67,22,125,45,0,79,58,91,65,109,132,118,25" hai1="23,5,41,95,14,101,107,88,9,34,49,89,135" hai2="100,8,61,121,13,44,37,57,33,39,68,77,84" hai3="92,36,97,72,98,94,86,112,21,53,15,31,71"/><V64/><F121/><W56/><G72/><T115/><D109/><U32/><E107/><V3/><F3/><W60/><G36/><T78/><D0/><U127/><E127/><V18/><F33/><W105/><G105/><T103/><D125/><U24/><E135/><V102/><F68/><W1/><G1/><T16/><D132/><U73/><E73/><V108/><F108/><W85/><G71/><T128/><D128/><U52/><E41/><V83/><REACH who="2" step="1"/><F44/><REACH who="2" ten="130,229,159,472" step="2"/><W123/><G123/><T116/><D115/><U130/><E130/><V27/><F27/><W104/><G112/><T70/><D45/><N who="1" m="27695" /><E32/><V110/><F110/><W30/><G15/><T55/><D70/><U35/><E34/><V59/><F59/><W80/><G56/><T2/><D2/><U131/><E35/><V17/><F17/><W11/><G31/><T48/><D103/><AGARI ba="0,1" hai="8,13,18,37,39,57,61,64,77,83,84,100,102,103" machi="103" ten="40,3900,0" yaku="1,1,53,1" doraHai="28" doraHaiUra="74" who="2" fromWho="0" sc="130,-39,229,0,159,49,472,0" /><INIT seed="6,1,0,5,2,112" ten="91,229,208,472" oya="2" hai0="80,19,16,37,98,109,84,113,134,83,27,45,49" hai1="69,116,14,115,104,88,29,87,43,90,61,105,110" hai2="132,100,52,101,89,12,94,58,59,47,102,55,26" hai3="81,60,13,1,130,6,125,121,99,120,10,3,39"/><V103/><F132/><W111/><G111/><T79/><D37/><U11/><E110/><V4/><N who="2" m="25600" /><DORA hai="57" /><V42/><F26/><W28/><G99/><T131/><D134/><U66/><E116/><V9/><F58/><W5/><G39/><T23/><D109/><U41/><E115/><V129/><F129/><W128/><G125/><T54/><D131/><N who="3" m="50217" /><G28/><T122/><D122/><U75/><E75/><V25/><F25/><W133/><G133/><T50/><D113/><U15/><E90/><V34/><F34/><W123/><G5/><T119/><D119/><U30/><E30/><V67/><F67/><W65/><G81/><T8/><D98/><U92/><E29/><V118/><F118/><W126/><G126/><T85/><D49/><U64/><E15/><V22/><F22/><W108/><G108/><T24/><D8/><U7/><REACH who="1" step="1"/><E66/><REACH who="1" ten="91,219,208,472" step="2"/><V17/><F4/><W70/><AGARI ba="1,1" hai="1,3,6,10,13,60,65,70,120,121,123" m="50217" machi="70" ten="40,2700,0" yaku="19,1,52,1" doraHai="112,57" who="3" fromWho="3" sc="91,-8,219,-8,208,-14,472,40" /><INIT seed="7,0,0,0,1,71" ten="83,211,194,512" oya="3" hai0="60,117,27,42,2,28,98,16,36,55,52,8,113" hai1="118,1,54,108,12,92,73,96,134,20,68,66,5" hai2="44,51,132,105,21,122,23,135,126,48,130,39,119" hai3="3,13,94,77,6,45,91,74,50,32,127,64,114"/><W67/><G94/><T106/><D117/><U33/><E73/><V131/><F119/><W41/><G91/><T80/><D60/><U26/><E108/><V125/><F105/><W109/><G50/><N who="2" m="18985" /><F122/><W61/><G13/><T30/><D113/><U14/><E118/><V129/><F44/><W57/><G57/><T81/><D30/><U79/><E79/><V82/><F39/><W15/><G61/><T22/><D81/><U124/><E33/><V89/><F89/><W18/><G18/><T10/><D80/><U70/><E70/><V104/><F104/><W76/><G15/><T75/><D75/><U93/><E68/><V123/><F123/><W99/><G6/><T62/><D62/><U78/><E78/><V58/><F58/><W120/><G77/><T53/><D2/><U43/><E5/><V34/><F34/><W56/><G76/><T85/><D85/><U65/><E1/><V116/><F82/><W29/><G3/><T19/><D19/><U103/><E93/><V101/><F101/><W112/><G32/><T25/><D106/><U47/><E92/><V38/><F38/><W95/><G95/><T100/><D100/><U88/><E103/><V7/><F7/><W83/><G74/><T49/><D98/><U72/><E72/><V84/><F84/><W37/><G99/><T97/><D97/><U69/><E96/><V17/><F116/><W31/><G120/><T35/><REACH who="0" step="1"/><D49/><REACH who="0" ten="73,211,194,512" step="2"/><N who="1" m="26879" /><E69/><V40/><F17/><W59/><G83/><T46/><AGARI ba="0,1" hai="8,10,16,22,25,27,28,35,36,42,46,52,53,55" machi="46" ten="30,12000,2" yaku="1,1,0,1,52,1,54,2,53,1" doraHai="71" doraHaiUra="24" who="0" fromWho="0" sc="73,130,211,-30,194,-30,512,-60" owari="203,0.0,181,-22.0,164,-34.0,452,56.0" /></mjloggm>