<mjloggm ver="2.3"><GO type="169" lobby="0"/><UN n0="%7A%65%72%6F%52%58" n1="%73%61%6E%64%69%72%69%73" n2="%63%75%72%65%74%61%70%65" n3="%E3%82%A6%E3%83%AB%E3%83%88%E3%83%A9%E7%AB%8B%E7%9B%B4" dan="17,16,16,17" rate="2197.31,2117.46,2096.84,2167.90" sx="M,M,M,M"/><TAIKYOKU oya="0"/><INIT seed="0,0,0,1,1,114" ten="250,250,250,250" oya="0" hai0="67,52,123,127,85,100,133,94,53,91,66,54,116" hai1="26,62,75,129,9,109,51,117,15,27,0,5,108" hai2="115,42,48,30,47,78,92,46,86,74,39,55,28" hai3="135,14,88,96,1,106,21,118,49,124,125,63,84"/><T38/><D38/><U22/><E75/><V50/><F115/><W37/><G1/><T36/><D36/><U68/><E51/><V56/><F74/><W58/><G37/><T24/><D123/><U134/><E62/><V31/><F92/><W128/><G49/><T122/><D122/><U110/><E68/><V98/><F98/><W8/><G21/><T11/><D133/><U65/><E65/><V126/><F126/><N who="3" m="48747" /><G128/><T33/><D127/><U17/><E134/><V40/><REACH who="2" step="1"/><F31/><REACH who="2" ten="250,250,240,250" step="2"/><W69/><G96/><T73/><D116/><U81/><E81/><AGARI ba="0,1" hai="28,30,39,40,42,46,47,48,50,55,56,78,81,86" machi="81" ten="40,2600,0" yaku="1,1,2,1,53,0" doraHai="114" doraHaiUra="130" who="2" fromWho="1" sc="250,0,250,-26,240,36,250,0" /><INIT seed="1,0,0,0,3,3" ten="250,224,276,250" oya="1" hai0="84,90,43,52,51,129,58,113,36,68,61,118,117" hai1="73,86,96,83,69,45,104,15,94,92,99,85,65" hai2="60,59,12,57,66,4,18,72,128,103,62,39,134" hai3="54,48,53,122,30,80,16,105,93,125,24,27,26"/><U42/><E69/><V127/><F39/><W115/><G105/><T107/><D107/><U10/><E65/><V126/><F72/><W55/><G122/><T133/><D113/><U9/><E9/><N who="2" m="4135" /><F134/><W37/><G37/><T47/><D133/><U20/><E20/><V0/><F0/><W131/><G115/><T132/><D132/><U56/><E56/><N who="2" m="37191" /><F128/><W35/><G131/><T67/><REACH who="0" step="1"/><D129/><REACH who="0" ten="240,224,276,250" step="2"/><U112/><E112/><V135/><F135/><W6/><G125/><T81/><AGARI ba="0,1" hai="36,43,47,51,52,58,61,67,68,81,84,90,117,118" machi="81" ten="20,16000,3" yaku="1,1,2,1,0,1,7,1,24,2,54,1,53,2" doraHai="3" doraHaiUra="114" who="0" fromWho="0" sc="240,170,224,-80,276,-40,250,-40" /><INIT seed="2,0,0,1,1,120" ten="410,144,236,210" oya="2" hai0="39,33,114,38,85,107,98,9,32,70,72,90,126" hai1="125,25,73,95,51,104,131,14,79,93,60,31,16" hai2="26,44,4,119,52,59,118,110,71,135,30,89,91" hai3="2,105,57,23,18,17,22,83,115,134,103,121,53"/><V27/><F71/><W24/><G2/><T88/><D70/><U82/><E104/><V36/><F135/><W41/><G121/><T8/><D114/><U11/><E131/><V50/><F4/><W61/><G115/><T112/><D72/><U129/><E129/><V130/><F130/><W49/><G134/><T111/><D112/><U86/><E125/><V66/><F27/><W12/><G105/><T65/><D65/><U80/><E60/><N who="2" m="38175" /><F36/><W46/><REACH who="3" step="1"/><G83/><REACH who="3" ten="410,144,236,200" step="2"/><T62/><D107/><U68/><E68/><V87/><F119/><W123/><G123/><T10/><D126/><U116/><E116/><V133/><F133/><W122/><G122/><T40/><D38/><U74/><E51/><V45/><F118/><W47/><G47/><T3/><D3/><U100/><E100/><AGARI ba="0,1" hai="12,17,18,22,23,24,41,46,49,53,57,61,100,103" machi="100" ten="40,8000,1" yaku="1,1,8,1,53,2" doraHai="120" doraHaiUra="13" who="3" fromWho="1" sc="410,0,144,-80,236,0,200,90" /><INIT seed="3,0,0,4,2,82" ten="410,64,236,290" oya="3" hai0="0,14,95,77,84,34,39,78,135,16,57,63,55" hai1="10,98,108,125,106,20,26,13,53,1,4,104,8" hai2="102,44,62,94,28,61,9,25,128,47,2,86,74" hai3="88,7,100,115,85,49,107,116,45,87,31,72,111"/><W92/><G72/><T119/><D39/><U59/><E108/><V134/><F74/><W23/><G115/><T69/><D34/><U36/><E36/><V120/><F134/><W50/><G116/><T126/><D0/><U41/><E41/><V21/><F128/><W123/><G123/><T65/><D119/><U66/><E66/><V19/><F120/><W70/><G70/><T80/><D135/><U97/><E125/><V127/><F127/><W79/><G111/><T109/><D109/><U18/><E106/><V48/><F47/><W114/><G114/><T131/><D131/><U40/><E40/><V89/><F102/><W105/><G105/><T83/><D95/><U67/><E67/><V101/><F101/><W22/><G107/><T112/><D112/><U64/><E64/><V27/><F2/><W81/><G100/><T60/><D126/><U24/><E104/><V76/><F76/><W73/><G73/><T38/><D38/><U30/><REACH who="1" step="1"/><E26/><REACH who="1" ten="410,54,236,290" step="2"/><V110/><F110/><W96/><G31/><T17/><D14/><U37/><E37/><V58/><F27/><W46/><G96/><T56/><D69/><U133/><E133/><V121/><F121/><W68/><G68/><T29/><D29/><U91/><E91/><V99/><F99/><W33/><G88/><T118/><D118/><U117/><E117/><V124/><F124/><W122/><G122/><T54/><D65/><U130/><E130/><V129/><F129/><W132/><G132/><T51/><D51/><AGARI ba="0,1" hai="1,4,8,10,13,18,20,24,30,51,53,59,97,98" machi="51" ten="30,2000,0" yaku="1,1,7,1,53,0" doraHai="82" doraHaiUra="42" who="1" fromWho="0" sc="410,-20,54,30,236,0,290,0" /><INIT seed="4,0,0,1,1,67" ten="390,84,236,290" oya="0" hai0="64,44,24,125,56,2,73,97,50,102,34,42,66" hai1="40,33,68,122,77,82,47,29,11,30,17,129,32" hai2="6,100,98,8,12,22,54,7,76,107,61,113,60" hai3="70,51,15,108,57,19,10,4,5,71,95,69,90"/><T49/><D2/><U128/><E68/><V103/><F113/><W13/><G108/><T92/><D73/><U72/><E122/><V23/><F76/><W41/><G57/><T43/><D125/><U89/><E89/><V119/><F119/><W31/><G31/><T9/><D9/><U132/><E132/><V65/><F54/><W133/><G133/><T123/><D123/><U112/><E112/><V58/><F61/><W21/><G4/><T85/><D34/><U16/><E30/><V130/><F130/><N who="1" m="50281" /><E29/><V126/><F126/><W86/><G51/><T75/><D75/><U109/><E109/><V38/><F38/><W115/><G115/><T111/><D111/><U79/><E79/><V104/><F7/><W80/><REACH who="3" step="1"/><G41/><REACH who="3" ten="390,84,236,280" step="2"/><T74/><D56/><U88/><E33/><V106/><REACH who="2" step="1"/><F103/><REACH who="2" ten="390,84,226,280" step="2"/><W110/><G110/><T78/><D102/><U45/><E40/><V26/><F26/><W84/><G84/><T94/><D24/><U14/><E32/><V39/><F39/><W91/><G91/><T135/><D85/><N who="1" m="50231" /><E17/><V120/><F120/><W37/><G37/><T59/><D135/><U93/><E93/><AGARI ba="0,2" hai="6,8,12,22,23,58,60,65,93,98,100,104,106,107" machi="93" ten="40,1300,0" yaku="1,1,53,0" doraHai="67" doraHaiUra="124" who="2" fromWho="1" sc="390,0,84,-13,226,33,280,0" /><AGARI ba="0,0" hai="5,10,13,15,19,21,69,70,71,80,86,90,93,95" machi="93" ten="40,8000,1" yaku="1,1,52,3,53,0" doraHai="67" doraHaiUra="124" who="3" fromWho="1" sc="390,0,71,-80,259,0,280,80" owari="390,49.0,-9,-51.0,259,-14.0,360,16.0" /></mjloggm>