<mjloggm ver="2.3"><GO type="169" lobby="0"/><UN n0="%E3%82%A6%E3%83%AB%E3%83%88%E3%83%A9%E7%AB%8B%E7%9B%B4" n1="%E6%99%82%E3%81%AE%E6%BC%82%E6%B3%8A" n2="%52%69%2D%4D%6F%2D" n3="%E3%83%92%E3%81%A8%E3%82%B7" dan="17,17,17,17" rate="2207.23,2191.98,2193.24,2122.08" sx="M,F,M,M"/><TAIKYOKU oya="0"/><INIT seed="0,0,0,0,4,91" ten="250,250,250,250" oya="0" hai0="23,120,89,122,14,40,81,70,41,108,78,115,71" hai1="20,18,19,7,104,121,84,94,47,134,130,110,109" hai2="65,51,28,74,3,68,35,123,43,61,67,50,100" hai3="22,86,124,12,57,95,101,75,102,21,107,17,26"/><T118/><D118/><U96/><E121/><V60/><F74/><W0/><G75/><T85/><D115/><U6/><E134/><V79/><F79/><W64/><G0/><T34/><D34/><U13/><E130/><V32/><F3/><W128/><G124/><T88/><D108/><N who="1" m="41579" /><E47/><V112/><F112/><W27/><G128/><T44/><D122/><U38/><E38/><V5/><F5/><W133/><G107/><T59/><D120/><U76/><E104/><V53/><F123/><W117/><G133/><T90/><D59/><U45/><E45/><V25/><F35/><W31/><G26/><T131/><D131/><U42/><E42/><V106/><F43/><W10/><G22/><T39/><REACH who="0" step="1"/><D41/><REACH who="0" ten="240,250,250,250" step="2"/><U30/><E30/><V116/><F116/><W36/><G117/><T114/><D114/><U126/><E126/><V1/><F28/><W49/><G31/><T125/><D125/><U58/><E58/><V11/><F32/><W132/><G57/><T113/><D113/><U37/><E37/><V119/><F119/><W54/><G36/><T63/><D63/><U73/><E73/><V97/><F61/><W66/><G132/><T52/><D52/><U83/><E19/><AGARI ba="0,1" hai="14,19,23,39,40,44,70,71,78,81,85,88,89,90" machi="19" ten="40,3900,0" yaku="1,1,54,1,53,0" doraHai="91" doraHaiUra="135" who="0" fromWho="1" sc="240,49,250,-39,250,0,250,0" /><INIT seed="0,1,0,0,1,0" ten="289,211,250,250" oya="0" hai0="110,37,89,105,59,14,4,23,108,32,70,80,42" hai1="109,79,31,112,13,82,77,46,101,119,92,91,47" hai2="20,96,130,6,41,66,49,34,10,50,124,111,17" hai3="115,94,18,90,29,48,62,36,24,63,107,30,72"/><T69/><D32/><U21/><E119/><V2/><F111/><N who="0" m="42538" /><D105/><U33/><E109/><V44/><F124/><W122/><G36/><T118/><D118/><U56/><E112/><V11/><F130/><W135/><G72/><T28/><D59/><U27/><E101/><V1/><F34/><W133/><G107/><T127/><D127/><U106/><E106/><V88/><F66/><W67/><G115/><T38/><D28/><U134/><E134/><V55/><F11/><W40/><G122/><T87/><D42/><U73/><E77/><V128/><F2/><W114/><G114/><T3/><D3/><U60/><E13/><V19/><F128/><W9/><G63/><T54/><D54/><U5/><E33/><V65/><F65/><W126/><G126/><T52/><D52/><U15/><E60/><V132/><F132/><W61/><G61/><T81/><D80/><U125/><E56/><V129/><F129/><W97/><G133/><T83/><D83/><U98/><REACH who="1" step="1"/><E125/><REACH who="1" ten="289,201,250,250" step="2"/><V8/><F1/><W64/><G62/><T86/><D70/><U25/><E25/><V85/><F44/><N who="3" m="25607" /><G135/><T39/><D69/><U102/><E102/><V78/><F78/><W51/><G67/><T123/><D123/><U113/><E113/><V12/><F12/><N who="3" m="7439" /><G24/><T57/><D57/><U45/><E45/><V74/><F74/><W116/><G64/><T16/><D4/><U84/><E84/><AGARI ba="1,1" hai="14,16,23,37,38,39,81,84,86,87,89" m="42538" machi="84" ten="40,7700,0" yaku="14,1,10,1,54,1" doraHai="0" who="0" fromWho="1" sc="289,90,201,-80,250,0,250,0" /><INIT seed="0,2,0,3,4,118" ten="379,121,250,250" oya="0" hai0="100,44,79,17,132,134,95,126,54,133,106,90,15" hai1="127,110,99,88,6,63,33,64,71,39,135,113,35" hai2="13,94,34,109,91,67,60,74,20,19,70,92,3" hai3="48,87,123,129,108,26,36,32,101,27,4,16,61"/><T10/><D126/><U125/><E39/><V40/><F109/><W51/><G36/><T21/><D79/><U128/><E6/><V9/><F34/><W93/><G108/><T65/><D65/><U30/><E110/><V38/><F74/><W29/><G4/><T84/><D106/><U56/><E113/><V131/><F131/><W2/><G2/><T72/><D72/><U82/><E128/><V77/><F77/><W22/><G129/><T42/><D100/><U53/><E135/><V98/><F3/><W52/><G123/><T86/><D54/><U55/><E55/><V83/><F83/><W45/><G51/><T120/><D21/><U31/><E35/><V130/><F130/><W50/><G50/><N who="0" m="26903" /><D86/><N who="1" m="50263" /><E99/><V103/><F38/><W49/><G49/><T62/><D62/><N who="1" m="36111" /><E33/><V102/><F40/><W7/><G61/><T47/><D47/><U37/><E37/><V104/><F104/><W73/><G73/><T75/><D75/><U25/><E25/><V23/><REACH who="2" step="1"/><F102/><REACH who="2" ten="379,121,240,250" step="2"/><W76/><G101/><T14/><D134/><U58/><E71/><V89/><F89/><W5/><REACH who="3" step="1"/><G93/><REACH who="3" ten="379,121,240,240" step="2"/><N who="0" m="54471" /><D133/><U43/><E43/><V28/><F28/><W11/><G11/><T111/><D132/><U69/><E31/><V18/><F18/><W116/><G116/><T80/><D95/><U97/><E30/><V112/><F112/><W0/><G0/><T121/><D111/><U68/><E127/><V1/><F1/><W124/><G124/><T66/><D80/><AGARI ba="2,2" hai="5,7,16,22,26,27,29,32,45,48,52,76,80,87" machi="80" ten="40,5200,0" yaku="1,1,54,2,53,0" doraHai="118" doraHaiUra="122" who="3" fromWho="0" sc="379,-58,121,0,240,0,240,78" /><INIT seed="1,0,0,1,3,135" ten="321,121,240,318" oya="1" hai0="114,50,12,7,37,66,124,119,49,48,85,65,43" hai1="53,80,54,118,111,120,6,102,28,4,94,96,92" hai2="32,75,113,69,110,71,52,134,11,39,17,5,131" hai3="77,57,84,16,133,79,15,61,130,90,117,38,25"/><U36/><E118/><V126/><RYUUKYOKU type="yao9" ba="0,0" sc="321,0,121,0,240,0,318,0" hai2="5,11,17,32,39,52,69,71,75,110,113,126,131,134" /><INIT seed="1,1,0,5,2,21" ten="321,121,240,318" oya="1" hai0="114,25,43,35,36,38,117,58,39,60,133,80,100" hai1="27,12,61,45,19,17,128,82,5,88,0,66,84" hai2="107,124,18,97,63,3,96,4,68,69,26,112,104" hai3="29,34,85,130,31,71,14,110,16,89,135,105,49"/><U125/><E0/><V9/><F124/><W94/><G110/><T41/><D114/><U119/><E119/><V95/><F112/><W122/><G122/><T91/><D117/><U131/><E125/><V6/><F6/><W123/><G123/><T57/><D100/><U73/><E73/><V115/><F115/><W99/><G130/><N who="1" m="49706" /><E45/><V90/><F63/><W20/><G135/><T51/><D133/><U42/><E42/><N who="0" m="15881" /><D91/><U1/><E1/><V56/><F56/><W15/><G71/><T78/><D80/><U28/><E12/><V116/><F116/><W102/><G34/><T126/><D78/><U47/><E47/><V93/><F69/><W33/><G33/><T2/><D2/><U92/><E5/><V132/><F68/><W37/><G37/><T120/><D25/><U65/><E82/><V54/><F54/><W52/><G14/><T24/><D24/><U113/><E113/><V75/><F75/><W30/><G30/><T77/><D77/><U64/><E61/><V67/><F132/><W23/><G23/><AGARI ba="1,0" hai="17,19,23,27,28,64,65,66,84,88,92" m="49706" machi="23" ten="30,5800,0" yaku="19,1,52,1,54,1" doraHai="21" who="1" fromWho="3" sc="321,0,121,61,240,0,318,-61" /><INIT seed="1,2,0,5,2,98" ten="321,182,240,257" oya="1" hai0="3,69,40,36,89,0,109,62,129,58,19,31,120" hai1="91,65,8,76,29,61,6,50,112,48,121,2,77" hai2="35,86,116,22,132,117,118,25,92,85,34,1,13" hai3="11,12,81,32,88,53,128,101,52,39,80,82,123"/><U27/><E112/><V97/><F1/><W95/><G39/><T7/><D31/><U108/><E121/><V105/><F105/><W125/><G32/><T10/><D109/><U63/><E108/><V68/><F68/><W59/><G123/><T114/><D114/><U133/><E133/><V51/><F132/><W20/><G20/><T119/><D119/><U107/><E107/><V75/><F75/><W56/><G125/><T126/><D126/><U38/><E38/><V41/><F13/><W111/><G111/><T127/><D127/><U49/><E91/><V4/><F4/><W96/><G128/><T46/><D69/><U135/><E135/><V14/><F14/><W110/><G110/><T60/><D3/><U66/><E63/><V74/><F74/><W42/><G42/><T16/><D129/><U99/><E99/><V47/><F35/><W103/><G59/><T54/><D120/><U37/><E37/><V26/><F34/><W104/><G104/><T84/><REACH who="0" step="1"/><D62/><REACH who="0" ten="311,182,240,257" step="2"/><U44/><E61/><V134/><F134/><W21/><G21/><T90/><D90/><U72/><E76/><V71/><F71/><W94/><G94/><AGARI ba="2,1" hai="0,7,10,16,19,36,40,46,54,58,60,84,89,94" machi="94" ten="30,3900,0" yaku="1,1,7,1,54,1,53,0" doraHai="98" doraHaiUra="79" who="0" fromWho="3" sc="311,55,182,0,240,0,257,-45" /><INIT seed="2,0,0,3,4,83" ten="366,182,240,212" oya="2" hai0="120,96,7,14,52,2,9,84,20,72,17,40,78" hai1="70,101,66,103,21,1,57,64,118,55,50,121,89" hai2="130,133,13,88,10,42,74,82,54,131,85,76,94" hai3="31,46,80,38,45,75,106,0,62,102,34,108,27"/><V58/><F42/><W16/><G108/><T92/><D120/><U122/><E1/><V53/><F133/><W90/><G0/><T93/><D40/><U105/><E118/><V43/><F43/><W22/><G38/><T11/><D72/><U91/><E21/><V119/><F119/><W109/><G109/><T33/><D33/><U30/><E30/><V99/><F74/><W111/><G111/><T56/><D2/><U4/><E4/><V8/><F8/><W69/><G102/><N who="1" m="38922" /><E105/><V87/><F99/><W112/><G106/><T63/><D96/><U73/><E73/><V28/><F28/><W6/><G6/><T49/><D63/><N who="1" m="40223" /><E66/><V98/><F98/><W60/><G112/><T100/><D100/><U113/><E113/><V41/><F41/><W134/><G134/><T95/><D7/><U47/><E47/><V123/><F123/><AGARI ba="0,0" hai="50,55,57,89,91,121,122,123" m="40223,38922" machi="123" ten="30,1000,0" yaku="13,1" doraHai="83" who="1" fromWho="2" sc="366,0,182,10,240,-10,212,0" /><INIT seed="3,0,0,0,1,81" ten="366,192,230,212" oya="3" hai0="78,17,68,49,55,4,27,20,123,57,21,65,47" hai1="8,31,43,116,71,104,132,54,92,121,56,9,100" hai2="96,80,72,111,2,88,1,134,60,28,35,122,95" hai3="97,83,18,15,69,107,110,34,84,115,36,64,133"/><W82/><G115/><T40/><D123/><U30/><E71/><V135/><F122/><W85/><G36/><T101/><D101/><U108/><E121/><V52/><F111/><W26/><G69/><T112/><D112/><U33/><E104/><V3/><F28/><W14/><G64/><T75/><D4/><U109/><E43/><V16/><F35/><W99/><G107/><T79/><D75/><U117/><E132/><N who="2" m="50731" /><F16/><W6/><G133/><T120/><D120/><U50/><E33/><V0/><F0/><W44/><G34/><T103/><D103/><U32/><E32/><V131/><F131/><W25/><G110/><N who="1" m="42602" /><E31/><V70/><F70/><W46/><REACH who="3" step="1"/><G18/><REACH who="3" ten="366,192,230,202" step="2"/><N who="0" m="12727" /><D65/><U38/><E38/><V129/><F129/><W45/><G45/><T61/><D68/><U59/><E30/><V23/><F23/><W37/><G37/><T124/><D124/><U7/><E59/><N who="2" m="34919" /><F3/><W87/><G87/><T67/><D67/><U125/><E125/><V119/><F119/><N who="1" m="45641" /><E7/><AGARI ba="0,1" hai="6,7,14,15,25,26,44,46,82,83,84,85,97,99" machi="7" ten="25,18000,2" yaku="1,1,22,2,8,1,52,2,53,0" doraHai="81" doraHaiUra="62" who="3" fromWho="1" sc="366,0,192,-180,230,0,202,190" /><INIT seed="3,1,0,3,2,25" ten="366,12,230,392" oya="3" hai0="84,75,35,115,123,114,8,50,47,90,20,57,9" hai1="76,82,113,24,65,134,106,119,107,125,89,77,4" hai2="109,39,15,97,6,33,61,42,14,133,81,3,44" hai3="96,91,67,99,72,93,101,19,43,30,28,21,51"/><W56/><G72/><T5/><D35/><U59/><E4/><V86/><F33/><W120/><G120/><T132/><D75/><U58/><E24/><V116/><F116/><W129/><G129/><T127/><D123/><U37/><E37/><V135/><F109/><W117/><G117/><T54/><D132/><N who="2" m="50762" /><F97/><W36/><G36/><T7/><D127/><U52/><E134/><V0/><F61/><N who="3" m="38311" /><G99/><T100/><D100/><U74/><E119/><V94/><F94/><W69/><G69/><T13/><D20/><U108/><E113/><V131/><F131/><W66/><G66/><T68/><D68/><U34/><E34/><V2/><F6/><W102/><G102/><T78/><D78/><AGARI ba="1,0" hai="0,2,3,14,15,39,42,44,78,81,86" m="50762" machi="78" ten="40,1300,0" yaku="20,1" doraHai="25" who="2" fromWho="0" sc="366,-16,12,0,230,16,392,0" /><INIT seed="4,0,0,2,0,1" ten="350,12,246,392" oya="0" hai0="17,95,11,26,31,106,132,29,19,18,66,34,84" hai1="65,67,2,60,75,81,125,110,130,94,108,76,109" hai2="91,129,124,47,41,9,46,56,52,118,24,77,79" hai3="104,57,88,45,111,7,116,14,40,74,85,54,62"/><T103/><D132/><U131/><E2/><V82/><F124/><W102/><G74/><T16/><D106/><U96/><E60/><V80/><F129/><N who="1" m="49161" /><E67/><V55/><F118/><W93/><G111/><N who="1" m="28418" /><U133/><DORA hai="39" /><E65/><V120/><F120/><W123/><G116/><T58/><D31/><U134/><E125/><V3/><F91/><AGARI ba="0,0" hai="75,76,81,91,94,96,133,134" m="28418,49161" machi="91" ten="50,6400,0" yaku="19,1,34,2" doraHai="1,39" who="1" fromWho="2" sc="350,0,12,64,246,-64,392,0" /><INIT seed="5,0,0,2,4,0" ten="350,76,182,392" oya="1" hai0="106,46,87,109,6,100,23,40,93,98,16,27,116" hai1="132,133,42,84,34,126,135,30,53,131,71,26,118" hai2="48,13,31,63,41,77,64,22,62,112,51,44,81" hai3="38,105,10,17,75,121,86,11,111,2,101,124,52"/><U45/><E118/><V32/><F112/><W82/><G38/><T58/><D109/><U9/><E71/><V5/><F32/><W56/><G124/><T91/><D58/><U99/><E53/><V114/><F114/><W80/><G111/><T102/><D102/><U15/><E99/><V60/><F64/><W50/><G105/><T8/><D116/><U128/><E84/><N who="2" m="48175" /><F48/><W19/><G101/><T20/><D20/><U90/><E90/><V115/><F115/><W119/><G121/><T39/><D8/><U57/><E57/><V29/><F22/><W94/><G94/><T61/><D61/><U36/><REACH who="1" step="1"/><E126/><REACH who="1" ten="350,66,182,392" step="2"/><V78/><F78/><N who="3" m="44127" /><G52/><T49/><D106/><U72/><E72/><V103/><F103/><W67/><G56/><T74/><D74/><U18/><AGARI ba="0,1" hai="9,15,18,26,30,34,36,42,45,128,131,132,133,135" machi="18" ten="40,7800,0" yaku="1,1,0,1,20,1,53,0" doraHai="0" doraHaiUra="134" who="1" fromWho="1" sc="350,-26,66,88,182,-26,392,-26" /><INIT seed="5,1,0,0,3,88" ten="324,154,156,366" oya="1" hai0="104,59,85,30,22,135,15,83,66,100,92,131,118" hai1="36,27,122,8,11,47,128,94,77,121,71,61,65" hai2="102,63,110,129,28,84,119,31,93,107,72,32,54" hai3="53,23,46,91,42,38,95,124,132,87,114,130,127"/><U70/><E70/><V111/><F119/><W45/><G114/><T64/><D104/><U33/><E77/><V74/><F107/><W67/><G130/><T16/><D118/><U50/><E36/><V73/><F129/><W43/><G132/><T10/><D131/><U19/><E128/><V29/><F32/><W112/><G112/><T126/><D135/><U13/><E11/><V78/><F78/><W69/><G53/><T99/><D59/><U37/><E37/><V7/><F7/><W108/><G108/><T79/><D126/><N who="3" m="48169" /><G23/><T21/><D21/><U89/><E27/><AGARI ba="1,0" hai="10,15,16,22,27,30,64,66,79,83,85,92,99,100" machi="27" ten="40,5200,0" yaku="8,1,52,1,54,1" doraHai="88" who="0" fromWho="1" sc="324,55,154,-55,156,0,366,0" /><INIT seed="6,0,0,1,0,60" ten="379,99,156,366" oya="2" hai0="62,125,47,97,65,83,131,9,24,5,74,80,57" hai1="56,10,103,13,4,118,70,102,132,8,87,45,66" hai2="115,43,114,63,123,107,126,88,85,106,119,58,21" hai3="35,71,50,110,44,133,55,18,90,26,7,12,116"/><V112/><F123/><W78/><G110/><T46/><D131/><U34/><E118/><V20/><F119/><W15/><G116/><T109/><D109/><U19/><E132/><V30/><F43/><W96/><G78/><T134/><D134/><U89/><E34/><V101/><F126/><W81/><G71/><T86/><D74/><U17/><E70/><V42/><F42/><W72/><G72/><T73/><D73/><U23/><E45/><V22/><F30/><W130/><G130/><T41/><D125/><U14/><E56/><V94/><REACH who="2" step="1"/><F101/><REACH who="2" ten="379,99,146,366" step="2"/><W124/><G124/><T40/><D41/><U99/><E99/><V121/><F121/><W111/><G133/><T129/><D40/><U108/><E108/><V27/><F27/><W11/><G26/><T64/><D24/><N who="1" m="14447" /><E66/><AGARI ba="0,1" hai="20,21,22,58,63,66,85,88,94,106,107,112,114,115" machi="66" ten="50,12000,1" yaku="1,1,15,1,52,1,54,1,53,1" doraHai="60" doraHaiUra="53" who="2" fromWho="1" sc="379,0,99,-120,146,130,366,0" owari="379,47.0,-21,-52.0,276,-12.0,366,17.0" /></mjloggm>