<mjloggm ver="2.3"><GO type="169" lobby="0"/><UN n0="%E3%83%A1%E3%82%AB%E3%82%BC%E3%83%83%E3%83%88%E3%83%B3" n1="%79%75%2D%2D%2D%2D%2D%75" n2="%73%65%69%6C" n3="%E3%82%A6%E3%83%AB%E3%83%88%E3%83%A9%E7%AB%8B%E7%9B%B4" dan="18,17,16,18" rate="2285.47,2171.50,2149.03,2208.18" sx="M,M,M,M"/><TAIKYOKU oya="0"/><INIT seed="0,0,0,3,0,49" ten="250,250,250,250" oya="0" hai0="95,70,7,123,78,69,92,9,10,81,113,110,28" hai1="31,124,101,120,98,59,106,51,47,126,40,131,99" hai2="97,33,6,61,50,94,68,12,2,5,11,76,88" hai3="85,93,18,8,43,27,55,34,65,20,58,54,80"/><T103/><D123/><U91/><E120/><V37/><F37/><W122/><G34/><T134/><D113/><U46/><E31/><V84/><F33/><W133/><G133/><T77/><D134/><U53/><E131/><V121/><F121/><W109/><G109/><T73/><D110/><U116/><E116/><V32/><F32/><W86/><G43/><T111/><D111/><U96/><E47/><V67/><F50/><W41/><G41/><T75/><D28/><U82/><E82/><V63/><F63/><N who="3" m="38135" /><G122/><T64/><D64/><U129/><E129/><V35/><F35/><W24/><G24/><T125/><D81/><U36/><REACH who="1" step="1"/><E91/><REACH who="1" ten="250,240,250,250" step="2"/><V79/><F76/><N who="3" m="46215" /><G8/><T114/><D114/><U72/><E72/><V89/><F79/><W38/><G38/><T29/><D29/><U45/><E45/><V4/><REACH who="2" step="1"/><F2/><REACH who="2" ten="250,240,240,250" step="2"/><W135/><G135/><T44/><D75/><U19/><E19/><V57/><F57/><W56/><G56/><T62/><D73/><U15/><E15/><V25/><F25/><W42/><G42/><T23/><D77/><U128/><E128/><V108/><F108/><W30/><G18/><T119/><D78/><U127/><AGARI ba="0,2" hai="36,40,46,51,53,59,96,98,99,101,106,124,126,127" machi="127" ten="30,7900,0" yaku="1,1,0,1,18,1,52,1,53,0" doraHai="49" doraHaiUra="1" who="1" fromWho="1" sc="250,-39,240,99,240,-20,250,-20" /><INIT seed="1,0,0,5,0,39" ten="211,339,220,230" oya="1" hai0="42,56,44,116,78,128,9,129,24,109,118,98,48" hai1="15,25,114,37,3,111,68,107,43,102,105,6,1" hai2="134,131,4,97,38,20,18,70,75,103,100,130,112" hai3="31,26,117,72,12,34,108,13,28,74,101,53,96"/><U119/><E114/><V0/><F112/><W33/><G53/><T50/><D78/><U83/><E119/><N who="0" m="45609" /><D98/><U46/><E68/><V92/><F134/><W40/><G117/><T69/><D24/><U99/><E105/><V67/><F75/><W30/><G96/><T82/><D82/><U123/><E123/><V2/><F38/><W36/><G101/><T49/><D9/><U61/><E61/><N who="2" m="40303" /><F4/><W133/><G133/><T62/><D69/><U51/><E111/><V126/><F103/><W57/><G31/><T91/><D91/><U29/><E37/><V135/><F135/><W84/><G36/><N who="0" m="21575" /><D109/><U21/><REACH who="1" step="1"/><E83/><REACH who="1" ten="211,329,220,230" step="2"/><V14/><F92/><W58/><G108/><T17/><D17/><U127/><E127/><V73/><F126/><W86/><G30/><T120/><D120/><U65/><E65/><AGARI ba="0,1" hai="48,49,50,56,62,65,128,129" m="21575,45609" machi="65" ten="30,3900,0" yaku="34,2,52,1" doraHai="39" who="0" fromWho="1" sc="211,49,329,-39,220,0,230,0" /><INIT seed="2,0,0,4,2,60" ten="260,290,220,230" oya="2" hai0="89,3,68,76,135,70,11,75,59,115,101,40,56" hai1="125,118,25,26,64,123,18,13,88,66,35,63,65" hai2="47,16,7,86,80,114,85,124,14,93,119,126,100" hai3="121,27,2,50,24,95,0,99,52,120,37,92,77"/><V71/><F119/><W5/><G77/><T28/><D115/><U127/><E118/><V91/><F114/><W117/><G37/><T122/><D122/><U61/><E123/><V54/><F71/><W105/><G117/><T116/><D40/><U67/><E88/><N who="2" m="51239" /><F100/><W130/><G50/><T104/><D28/><U38/><E38/><V39/><F7/><W32/><G5/><T62/><D101/><U42/><E42/><V8/><F39/><W22/><G22/><T12/><D104/><U48/><E48/><AGARI ba="0,0" hai="8,14,16,47,48,54,86,91,93,124,126" m="51239" machi="48" ten="30,5800,0" yaku="25,1,54,2" doraHai="60" who="2" fromWho="1" sc="260,0,290,-58,220,58,230,0" /><INIT seed="2,1,0,3,2,8" ten="260,232,278,230" oya="2" hai0="18,71,98,125,65,114,95,130,127,56,97,111,62" hai1="49,33,6,35,32,115,72,36,53,31,67,105,19" hai2="92,61,129,118,40,34,2,131,128,15,85,42,88" hai3="10,26,99,17,135,22,89,44,27,30,96,113,24"/><V55/><F2/><W29/><G135/><T3/><D111/><U77/><E36/><V38/><F118/><W126/><G126/><N who="0" m="48139" /><D3/><U91/><E115/><V28/><F38/><W83/><G113/><T74/><D74/><U102/><E6/><V112/><F112/><W86/><G44/><T63/><D114/><U81/><E67/><V93/><F28/><W121/><G121/><T134/><D134/><U25/><E91/><N who="2" m="53359" /><F34/><W1/><G1/><T120/><D120/><U46/><E105/><V5/><F55/><W50/><G50/><T9/><D130/><U4/><E102/><V107/><F61/><W82/><G82/><T7/><D7/><U70/><E70/><V133/><F107/><W84/><G84/><T124/><D124/><U59/><E4/><V117/><F117/><W11/><G11/><T39/><D39/><U87/><E72/><V54/><F54/><W52/><G52/><N who="0" m="34055" /><D95/><U51/><REACH who="1" step="1"/><E19/><REACH who="1" ten="260,222,278,230" step="2"/><V20/><F133/><W79/><G22/><T68/><D68/><U104/><E104/><V116/><F116/><W75/><G75/><T90/><D71/><U60/><E60/><V64/><F64/><W69/><G69/><T106/><D63/><U110/><E110/><V23/><F23/><W57/><G30/><T103/><D65/><U101/><E101/><V94/><F20/><W58/><G29/><T37/><D37/><U47/><E47/><V119/><F119/><W66/><G66/><T122/><D106/><U108/><E108/><V123/><F128/><W13/><G89/><T12/><D90/><U16/><E16/><V100/><F129/><RYUUKYOKU ba="1,1" sc="260,-15,222,15,278,-15,230,15" hai1="25,31,32,33,35,46,49,51,53,59,77,81,87" hai3="10,13,17,24,26,27,57,58,79,83,86,96,99" /><INIT seed="3,2,1,1,2,29" ten="245,237,263,245" oya="3" hai0="34,133,75,117,8,121,97,70,46,127,76,58,48" hai1="56,49,27,101,74,1,107,12,17,123,118,18,129" hai2="32,11,120,0,6,135,108,122,104,78,42,53,36" hai3="90,7,80,73,30,116,39,88,84,85,126,77,66"/><W82/><G39/><T5/><D117/><U28/><E123/><N who="2" m="47147" /><F108/><W52/><G116/><T114/><D114/><U62/><E118/><V94/><F104/><W47/><G126/><T128/><D70/><U61/><E74/><V21/><F135/><W59/><G7/><T67/><D133/><U72/><E72/><V24/><F78/><N who="3" m="46167" /><G73/><T68/><D75/><U31/><E1/><V115/><F115/><W13/><G30/><T130/><D127/><U95/><E107/><V23/><F53/><W51/><G13/><T86/><D121/><U89/><E101/><V9/><F9/><W41/><G41/><T102/><D8/><U63/><E129/><V134/><F134/><W71/><G71/><T110/><D102/><U26/><E28/><N who="2" m="19463" /><F94/><W33/><G33/><T103/><D34/><U64/><E31/><V99/><F99/><W54/><G66/><T55/><D67/><U40/><E64/><V109/><F109/><W83/><G83/><T79/><D110/><U25/><E40/><V98/><F98/><W106/><G106/><T38/><D97/><U93/><E12/><V111/><F111/><W119/><G119/><T91/><D130/><U4/><E4/><V37/><F37/><W50/><AGARI ba="2,1" hai="47,50,51,52,54,59,77,80,85,88,90" m="46167" machi="50" ten="30,6000,0" yaku="8,1,54,2" doraHai="29" who="3" fromWho="3" sc="245,-22,237,-22,263,-22,245,76" /><INIT seed="3,3,0,5,0,31" ten="223,215,241,321" oya="3" hai0="65,89,63,73,29,37,126,79,18,101,24,72,28" hai1="17,129,97,57,27,98,43,5,86,68,93,69,81" hai2="121,125,107,104,120,39,106,130,92,95,23,87,12" hai3="75,40,25,59,74,50,88,49,4,96,123,54,35"/><W115/><G123/><N who="2" m="47177" /><F39/><W46/><G115/><T105/><D37/><U109/><E109/><V127/><F23/><W45/><G4/><T76/><D126/><N who="2" m="48138" /><F12/><W48/><G35/><T6/><D6/><U99/><E43/><V132/><F130/><W66/><G25/><T15/><D89/><U134/><E5/><V36/><F36/><W64/><G75/><T77/><D101/><U32/><E17/><V34/><F34/><W128/><G74/><T91/><D105/><U100/><E129/><V116/><F132/><W124/><G124/><T80/><D91/><U1/><E1/><V71/><F71/><W102/><G128/><T55/><D73/><U122/><E134/><V52/><F52/><N who="3" m="32151" /><G102/><T10/><D55/><U2/><E2/><V58/><F58/><W0/><G0/><T3/><D3/><U26/><E68/><V117/><F87/><W114/><G114/><T113/><D113/><U11/><E69/><V94/><AGARI ba="3,0" hai="92,94,95,104,106,107,116,117" m="48138,47177" machi="94" ten="50,12000,2" yaku="28,2,13,1,18,1,34,2" doraHai="31" who="2" fromWho="2" sc="223,-33,215,-33,241,129,321,-63" /><INIT seed="4,0,0,5,4,30" ten="190,182,370,258" oya="0" hai0="109,89,27,42,117,88,37,132,97,39,5,134,54" hai1="91,82,70,58,38,111,125,86,8,110,15,131,133" hai2="12,22,62,57,87,0,119,84,63,79,99,35,55" hai3="93,7,59,72,95,90,76,4,36,64,52,56,77"/><T3/><D117/><U47/><E70/><V75/><F0/><W135/><G72/><T50/><D42/><U130/><E125/><V41/><F35/><W23/><G36/><N who="0" m="13899" /><D97/><U65/><E133/><N who="0" m="51305" /><D109/><U74/><E74/><V40/><F75/><W68/><G68/><T53/><D27/><U124/><E124/><V92/><F119/><W1/><G1/><T24/><D24/><U13/><E47/><V116/><F116/><W118/><G118/><T44/><D54/><U128/><E38/><V126/><F126/><W85/><G135/><T45/><D45/><U81/><E58/><V51/><F41/><W61/><G59/><T10/><AGARI ba="0,0" hai="3,5,10,44,50,53,88,89" m="51305,13899" machi="10" ten="40,3900,0" yaku="20,1,54,1" doraHai="30" who="0" fromWho="0" sc="190,39,182,-13,370,-13,258,-13" /><INIT seed="4,1,0,4,1,83" ten="229,169,357,245" oya="0" hai0="53,58,19,87,38,85,100,90,119,10,81,26,66" hai1="35,5,74,55,22,60,49,133,121,128,123,34,69" hai2="64,84,94,4,25,7,27,2,72,61,70,105,98" hai3="108,67,45,30,77,42,47,115,71,13,6,118,21"/><T57/><D38/><U104/><E74/><V73/><F105/><W106/><G106/><T43/><D119/><U135/><E104/><V114/><F114/><W11/><G108/><T32/><D43/><U12/><E128/><V68/><F2/><W120/><G120/><N who="1" m="46154" /><E60/><V122/><F122/><W109/><G47/><T102/><D32/><N who="1" m="12331" /><E69/><V46/><F46/><W3/><G45/><T116/><D116/><U107/><E107/><V52/><F61/><W1/><G71/><T20/><D10/><N who="1" m="4175" /><E55/><V113/><F52/><W37/><G67/><T54/><D66/><U80/><E80/><V31/><F64/><W17/><G42/><T96/><D96/><U44/><E44/><V28/><F94/><W9/><G37/><T82/><D54/><U91/><E91/><V124/><F98/><W62/><G77/><N who="0" m="46255" /><D57/><U92/><E92/><V48/><F68/><W78/><G78/><T18/><D19/><U15/><E49/><AGARI ba="1,0" hai="18,20,26,49,53,58,82,87,90,100,102" m="46255" machi="49" ten="30,5800,0" yaku="8,1,52,2" doraHai="83" who="0" fromWho="1" sc="229,61,169,-61,357,0,245,0" /><INIT seed="4,2,0,2,0,42" ten="290,108,357,245" oya="0" hai0="26,98,77,73,96,114,17,10,90,84,4,133,87" hai1="37,65,40,131,113,27,101,112,41,67,32,135,89" hai2="13,82,103,20,30,130,22,126,5,95,91,115,44" hai3="129,15,132,128,1,14,8,60,104,118,21,33,71"/><T125/><D114/><N who="1" m="44139" /><E135/><V92/><F115/><W100/><G33/><T88/><D133/><U68/><E131/><V75/><F130/><W134/><G60/><T46/><D125/><U43/><E101/><V39/><F126/><W93/><G93/><T105/><D105/><U127/><E127/><V120/><F120/><W97/><G97/><N who="0" m="37483" /><D73/><U52/><E89/><N who="0" m="34409" /><D4/><U99/><E99/><V78/><F5/><W2/><G71/><T69/><D69/><U80/><E80/><V25/><F95/><W24/><G104/><T6/><D6/><U48/><E27/><V70/><F70/><W51/><G100/><T122/><D122/><U49/><E32/><V119/><F103/><W61/><G24/><T106/><D77/><U58/><E37/><V79/><F78/><W64/><G129/><T34/><D34/><U29/><E29/><V54/><F79/><W36/><G36/><T16/><D106/><U86/><E86/><N who="0" m="32809" /><D26/><U31/><E31/><V19/><F75/><W123/><G128/><T74/><D74/><U35/><E35/><V23/><F25/><W108/><G132/><T62/><D10/><U109/><E109/><V50/><F39/><W47/><G8/><T55/><D62/><N who="1" m="36167" /><E68/><V0/><F30/><W57/><G108/><T94/><D94/><U53/><E48/><AGARI ba="2,0" hai="16,17,46,48,55" m="32809,34409,37483" machi="48" ten="30,11600,0" yaku="8,1,52,1,54,2" doraHai="42" who="0" fromWho="1" sc="290,122,108,-122,357,0,245,0" owari="412,50.0,-14,-51.0,357,16.0,245,-15.0" /></mjloggm>