<mjloggm ver="2.3"><GO type="169" lobby="0"/><UN n0="%E3%82%A6%E3%83%AB%E3%83%88%E3%83%A9%E7%AB%8B%E7%9B%B4" n1="%E4%BF%BA%E3%81%AE%E5%AB%81" n2="%E3%82%82%E3%81%98%E3%82%89" n3="%E9%9D%A2%E6%B8%85%E3%81%AE%E3%83%90%E3%83%93%E3%82%A3" dan="16,16,16,16" rate="2107.42,2091.93,2137.52,2101.02" sx="M,F,F,M"/><TAIKYOKU oya="0"/><INIT seed="0,0,0,5,2,111" ten="250,250,250,250" oya="0" hai0="33,54,17,115,72,130,1,12,129,101,13,112,19" hai1="48,94,8,107,124,119,64,134,47,126,132,96,67" hai2="29,109,60,35,16,131,30,75,39,20,36,117,21" hai3="106,10,105,63,58,3,102,22,28,32,76,18,40"/><T37/><D37/><U128/><E107/><V74/><F35/><W123/><G123/><T86/><D72/><U69/><E69/><V38/><F109/><W2/><G40/><T108/><D108/><U14/><E96/><V82/><F131/><N who="0" m="50186" /><D1/><U49/><E128/><V56/><F21/><W104/><G76/><T68/><D68/><U118/><E94/><V71/><F71/><W77/><G77/><T93/><D33/><U97/><E97/><V4/><F117/><N who="1" m="44553" /><E14/><N who="0" m="5737" /><D54/><N who="1" m="29983" /><E49/><V44/><F4/><W88/><G10/><T100/><D86/><U113/><E113/><N who="0" m="43593" /><D93/><U23/><E23/><V73/><F73/><W85/><G3/><T6/><D6/><U55/><E55/><V62/><F75/><W57/><G2/><T59/><D59/><U51/><E8/><V120/><F38/><W114/><G32/><T24/><D24/><U41/><E41/><N who="2" m="22567" /><F39/><W66/><G57/><T90/><D90/><U127/><E51/><V78/><F56/><W45/><G102/><AGARI ba="0,0" hai="17,19,100,101,102" m="43593,5737,50186" machi="102" ten="40,18000,2" yaku="28,2,19,1,52,3" doraHai="111" who="0" fromWho="3" sc="250,180,250,0,250,0,250,-180" /><INIT seed="0,1,0,0,1,94" ten="430,250,250,70" oya="0" hai0="61,105,16,30,122,45,54,114,117,31,26,59,82" hai1="72,73,99,126,78,85,76,108,20,58,55,64,25" hai2="100,21,67,111,90,48,104,75,98,52,66,87,115" hai3="69,37,41,28,6,13,63,79,80,32,133,84,18"/><T62/><D122/><U60/><E126/><V2/><F75/><W65/><G133/><T125/><D117/><U53/><E108/><V23/><F2/><W8/><G41/><T50/><D114/><U35/><E35/><V12/><F115/><W128/><G128/><T70/><D125/><U96/><E73/><V74/><F74/><W124/><G124/><T103/><D70/><U93/><E72/><V81/><F111/><W51/><G51/><T113/><D113/><U77/><E85/><V89/><F89/><W123/><G123/><T97/><D82/><U110/><E110/><V86/><F86/><W116/><G37/><T68/><D68/><U14/><E14/><V95/><F104/><W11/><G116/><T130/><D130/><U47/><E47/><N who="2" m="27679" /><F12/><W44/><G44/><T57/><D57/><U71/><E93/><V15/><F15/><W5/><G11/><T38/><D38/><U40/><E40/><V132/><F132/><W29/><REACH who="3" step="1"/><G32/><REACH who="3" ten="430,250,250,60" step="2"/><T33/><D33/><U22/><E71/><V118/><F118/><W17/><G17/><T119/><D119/><U92/><E60/><V4/><F4/><AGARI ba="1,1" hai="4,5,6,8,13,18,28,29,63,65,69,79,80,84" machi="4" ten="40,8000,1" yaku="1,1,53,3" doraHai="94" doraHaiUra="1" who="3" fromWho="2" sc="430,0,250,0,250,-83,60,93" /><INIT seed="1,0,0,1,2,126" ten="430,250,167,153" oya="1" hai0="120,107,135,94,68,79,114,40,41,106,75,108,125" hai1="84,122,49,102,111,89,69,20,31,103,61,66,55" hai2="19,74,70,123,51,11,7,23,71,56,29,48,9" hai3="130,109,8,21,92,24,42,131,119,12,25,6,87"/><U65/><E122/><V44/><F74/><W2/><G42/><T53/><D53/><U115/><E115/><V104/><F104/><W77/><G77/><T57/><D57/><U63/><E111/><V90/><F29/><W105/><G105/><T15/><D94/><U76/><E76/><V16/><F123/><W127/><G127/><T81/><D15/><U4/><E4/><V110/><F110/><W58/><G58/><T39/><D41/><U5/><E5/><V118/><F118/><W88/><G119/><T82/><D82/><U38/><E38/><V54/><F19/><N who="3" m="10471" /><G109/><T0/><D81/><U85/><E85/><V27/><F90/><W60/><G60/><T113/><D79/><U28/><E20/><V91/><F91/><W17/><G17/><T112/><D113/><U45/><E103/><V30/><F30/><W26/><G26/><T1/><D112/><U80/><REACH who="1" step="1"/><E102/><REACH who="1" ten="430,240,167,153" step="2"/><V73/><F73/><W134/><G134/><T52/><D75/><U78/><E78/><V59/><F11/><W133/><G133/><T47/><D135/><U96/><E96/><V46/><F9/><W132/><G132/><T50/><D114/><U83/><E83/><V10/><F10/><W124/><G124/><T100/><D125/><U117/><E117/><V34/><F7/><W121/><G121/><T101/><D120/><U64/><E64/><V37/><F34/><W13/><G2/><T129/><D1/><U67/><E67/><V95/><F37/><W14/><G14/><T36/><D0/><U93/><E93/><V33/><F33/><W43/><G6/><RYUUKYOKU ba="0,1" sc="430,-10,240,30,167,-10,153,-10" hai1="28,31,45,49,55,61,63,65,66,69,80,84,89" /><INIT seed="1,1,1,1,3,3" ten="420,270,157,143" oya="1" hai0="25,40,27,87,131,49,100,98,21,42,2,77,45" hai1="39,66,17,16,78,117,80,33,43,26,4,93,24" hai2="123,110,134,81,133,108,30,50,5,89,73,29,128" hai3="53,62,129,37,95,124,60,14,58,127,107,85,54"/><U61/><E117/><V20/><F123/><W56/><G107/><T112/><D2/><U7/><E39/><V69/><F69/><W64/><G14/><T63/><D112/><U8/><E43/><V88/><F128/><W125/><G95/><T104/><D131/><U105/><E105/><V52/><F73/><W19/><G19/><T6/><D42/><U67/><E33/><V113/><F113/><W13/><G13/><T18/><D63/><U114/><E114/><V35/><F5/><N who="1" m="2121" /><E93/><V101/><F101/><W31/><G31/><N who="2" m="11785" /><F20/><W120/><G85/><T15/><D6/><U47/><E47/><N who="2" m="27743" /><F35/><W132/><G129/><T119/><D119/><U109/><E109/><N who="2" m="42091" /><F81/><W72/><G72/><T99/><D104/><U55/><E55/><V76/><F76/><W115/><G115/><T121/><D121/><U83/><E8/><V70/><F70/><W11/><G120/><T51/><D77/><U0/><E0/><V102/><F102/><W57/><G11/><T36/><D100/><U116/><E116/><V79/><F79/><W103/><G103/><T10/><D10/><U71/><E71/><V130/><F130/><W96/><G37/><T59/><D36/><U48/><E78/><V1/><F1/><W34/><G34/><T106/><D106/><U44/><E80/><V75/><F75/><W28/><G28/><T46/><D40/><N who="1" m="24583" /><E83/><V74/><F74/><W68/><G68/><T92/><D92/><U86/><E26/><V22/><F22/><W126/><G126/><T82/><D82/><U41/><E41/><V97/><F89/><W23/><G127/><RYUUKYOKU ba="1,1" sc="420,-10,270,-10,157,30,143,-10" hai2="88,97,133,134" /><INIT seed="2,2,1,2,0,116" ten="410,260,187,133" oya="2" hai0="8,42,72,134,85,7,108,29,37,1,48,105,17" hai1="40,68,6,77,69,98,122,81,129,84,54,93,125" hai2="24,19,88,76,97,128,26,121,10,104,4,135,47" hai3="109,99,126,31,18,117,89,53,38,133,113,61,60"/><V67/><F135/><W63/><G38/><T27/><D105/><U78/><E129/><V112/><F128/><W103/><G117/><T118/><D118/><U75/><E125/><V59/><F76/><W82/><G126/><T83/><D134/><U30/><E40/><V21/><F112/><W50/><G31/><T34/><D108/><U86/><E75/><V114/><F114/><W28/><G28/><T70/><D70/><U44/><E30/><V132/><F132/><W111/><G113/><T11/><D48/><N who="1" m="28935" /><E68/><V23/><F47/><W87/><G18/><T2/><D72/><U123/><E6/><V71/><F71/><W95/><REACH who="3" step="1"/><G133/><REACH who="3" ten="410,260,187,123" step="2"/><T101/><D17/><U33/><E33/><V100/><F19/><W43/><G43/><T102/><D42/><U106/><E69/><V12/><F23/><W91/><G91/><T64/><D37/><U62/><E77/><V52/><F21/><W120/><G120/><N who="1" m="46122" /><E106/><V124/><F121/><W119/><G119/><T74/><D29/><U80/><E78/><V66/><F124/><W25/><G25/><T79/><D27/><U32/><E32/><V15/><F26/><W9/><G9/><T107/><D11/><U65/><E81/><V49/><F24/><W14/><G14/><T115/><D115/><U57/><E80/><V96/><REACH who="2" step="1"/><F12/><REACH who="2" ten="410,260,177,123" step="2"/><W13/><G13/><N who="0" m="5279" /><D79/><U92/><E92/><AGARI ba="2,3" hai="4,10,15,49,52,59,66,67,88,92,96,97,100,104" machi="92" ten="40,7700,0" yaku="1,1,54,2,53,0" doraHai="116" doraHaiUra="56" who="2" fromWho="1" sc="410,0,260,-83,177,113,123,0" /><INIT seed="2,3,0,1,1,63" ten="410,177,290,123" oya="2" hai0="26,107,105,21,102,47,7,32,127,89,65,109,13" hai1="78,90,60,108,77,44,59,9,99,39,41,62,123" hai2="119,84,73,118,20,68,16,116,83,46,49,6,24" hai3="0,72,101,103,67,36,79,37,42,48,64,28,131"/><V117/><N who="2" m="29696" /><DORA hai="120" /><V132/><F73/><W1/><G28/><T4/><D32/><U113/><E113/><V122/><F68/><W135/><G48/><T134/><D102/><N who="3" m="38921" /><G42/><T5/><D13/><U3/><E123/><V125/><F6/><W133/><G79/><T114/><D114/><U23/><E62/><V40/><F122/><W82/><G82/><T126/><D134/><N who="3" m="51209" /><G131/><T94/><D47/><U95/><E3/><N who="3" m="1098" /><G72/><T86/><D7/><U69/><E69/><V50/><F132/><W29/><G29/><T53/><D4/><U92/><E92/><V12/><F50/><W128/><G128/><T106/><D5/><U81/><E81/><V76/><REACH who="2" step="1"/><F12/><REACH who="2" ten="410,177,280,123" step="2"/><W97/><G97/><T33/><D127/><AGARI ba="3,1" hai="16,20,24,40,46,49,76,83,84,125,127" m="29696" machi="127" ten="70,12000,1" yaku="1,1,2,1,54,1,53,0" doraHai="63,120" doraHaiUra="98,100" who="2" fromWho="0" sc="410,-129,177,0,280,139,123,0" /><INIT seed="2,4,0,5,0,59" ten="281,177,419,123" oya="2" hai0="46,135,110,21,81,14,58,94,75,72,91,113,79" hai1="33,89,1,121,39,8,83,117,92,116,127,125,15" hai2="130,122,65,80,133,5,13,85,11,17,108,41,52" hai3="40,119,73,102,35,111,6,51,60,123,114,107,0"/><V97/><F122/><W19/><G19/><T53/><D110/><U71/><E39/><V43/><F133/><W99/><G51/><T42/><D113/><U67/><E33/><V18/><F65/><W64/><G40/><T118/><D135/><U101/><E101/><V37/><F130/><W12/><G12/><T115/><D115/><U103/><E103/><V77/><F108/><W86/><G86/><T90/><D118/><U26/><E1/><V56/><F97/><W16/><G119/><T95/><D72/><U78/><E121/><V88/><F77/><W106/><G106/><T3/><D3/><U7/><E26/><V25/><F37/><W70/><G73/><T30/><D46/><U4/><E4/><V82/><F82/><W87/><G87/><T112/><D42/><N who="2" m="15882" /><F25/><W29/><G111/><T34/><D34/><U66/><E66/><V129/><F129/><W22/><G123/><T57/><D81/><U120/><E120/><V45/><F45/><W55/><G114/><T69/><D112/><U31/><E67/><V27/><F27/><W50/><G29/><T38/><D30/><U93/><E71/><V54/><F54/><W76/><G76/><T100/><D79/><U61/><E31/><V104/><F104/><W20/><G35/><T96/><D53/><U74/><E117/><V36/><F36/><W62/><G55/><T98/><D38/><U9/><E116/><V49/><AGARI ba="4,0" hai="5,11,13,17,18,49,52,56,80,85,88" m="15882" machi="49" ten="30,6000,0" yaku="8,1,54,2" doraHai="59" who="2" fromWho="2" sc="281,-24,177,-24,419,72,123,-24" /><INIT seed="2,5,0,3,4,51" ten="257,153,491,99" oya="2" hai0="127,79,53,98,22,54,45,64,6,20,97,121,81" hai1="52,58,131,114,42,23,124,34,15,37,19,29,26" hai2="27,72,130,14,73,33,74,88,106,28,115,87,132" hai3="101,128,56,38,39,102,25,100,78,35,107,47,122"/><V9/><F115/><W4/><G128/><T50/><D121/><U120/><E114/><V126/><F130/><W113/><G4/><T44/><D127/><U99/><E131/><V2/><F126/><W16/><G78/><T59/><D6/><U82/><E124/><V7/><F106/><W65/><G122/><T110/><D110/><U48/><E120/><V104/><F104/><W112/><G107/><T77/><D64/><U129/><E129/><V62/><F62/><W95/><G95/><T63/><D45/><U10/><E82/><V105/><F105/><W1/><G1/><T134/><D134/><U21/><REACH who="1" step="1"/><E99/><REACH who="1" ten="257,143,491,99" step="2"/><V61/><F132/><W67/><G113/><T80/><D98/><U0/><E0/><V57/><F2/><W91/><G112/><T118/><D97/><U92/><E92/><V43/><F73/><W119/><G119/><T60/><D118/><U36/><E36/><V84/><F84/><W3/><G39/><T116/><D116/><U96/><E96/><V94/><REACH who="2" step="1"/><F43/><REACH who="2" ten="257,143,481,99" step="2"/><W31/><G3/><T93/><D93/><U133/><E133/><V70/><F70/><W89/><G102/><T109/><D81/><U117/><E117/><V30/><F30/><W69/><G31/><T41/><D80/><U123/><E123/><V18/><F18/><W75/><G16/><T8/><D41/><U12/><E12/><V111/><F111/><W17/><G75/><T125/><D109/><U24/><E24/><V66/><AGARI ba="5,2" hai="7,9,14,27,28,33,57,61,66,72,74,87,88,94" machi="66" ten="20,7800,0" yaku="1,1,0,1,7,1,54,1,53,0" doraHai="51" doraHaiUra="68" who="2" fromWho="2" sc="257,-31,143,-31,481,113,99,-31" /><INIT seed="2,6,0,3,1,58" ten="226,112,594,68" oya="2" hai0="33,11,98,60,72,121,80,95,83,35,123,131,92" hai1="107,16,7,56,134,45,20,14,5,47,19,102,32" hai2="26,15,4,101,62,89,2,116,70,126,42,85,120" hai3="34,81,108,84,76,78,6,48,106,129,73,105,29"/><V0/><F116/><W8/><G108/><T25/><D11/><U112/><E32/><V113/><F113/><W130/><G48/><T118/><D98/><U97/><E112/><V66/><F120/><W68/><G68/><T88/><D25/><U49/><E134/><V128/><F128/><N who="3" m="49259" /><G29/><T43/><D131/><U37/><E37/><V31/><F42/><W3/><G34/><T100/><D100/><U36/><E36/><V94/><F126/><W67/><G67/><T71/><D43/><U63/><E19/><V64/><F64/><W44/><G44/><T46/><D46/><U99/><E99/><V18/><F4/><W61/><G61/><T40/><D40/><U41/><REACH who="1" step="1"/><E45/><REACH who="1" ten="226,102,594,68" step="2"/><V24/><F31/><W96/><G96/><T91/><D33/><U77/><E77/><V55/><F0/><W51/><G78/><T111/><D35/><U9/><E9/><V1/><F2/><W21/><G3/><T12/><D123/><U135/><E135/><V30/><F1/><W75/><G8/><T38/><D121/><U22/><E22/><V10/><F30/><W103/><G21/><T119/><D38/><U132/><E132/><V74/><F18/><W57/><G76/><T110/><D110/><U17/><E17/><V54/><F10/><W53/><G6/><T86/><D111/><U13/><E13/><V90/><F15/><W39/><G39/><T127/><D12/><U115/><E115/><V65/><F24/><W117/><G117/><T79/><D119/><U59/><E59/><V104/><F26/><W87/><G57/><T93/><D118/><RYUUKYOKU ba="6,1" sc="226,-10,102,30,594,-10,68,-10" hai1="5,7,14,16,20,41,47,49,56,63,97,102,107" /><INIT seed="3,7,1,0,5,90" ten="216,132,584,58" oya="3" hai0="66,4,26,40,67,118,62,109,60,104,56,131,59" hai1="82,13,49,10,5,2,69,123,28,18,91,29,53" hai2="70,98,122,44,11,37,115,126,48,87,22,34,116" hai3="45,23,19,89,21,106,133,41,128,78,46,127,94"/><W7/><G106/><T105/><D118/><U47/><E123/><V1/><F34/><W52/><G133/><T83/><D40/><U15/><E69/><V32/><F32/><W55/><G128/><T35/><D131/><U107/><E2/><V31/><F37/><W9/><G127/><T0/><D109/><U134/><E107/><V8/><F70/><W112/><G78/><T36/><D36/><U38/><E38/><V79/><F122/><W80/><G80/><T20/><D35/><U121/><E134/><V92/><F116/><W57/><G112/><T114/><D114/><U86/><E121/><V65/><F65/><W25/><G23/><AGARI ba="7,1" hai="5,10,13,15,18,23,28,29,47,49,53,82,86,91" machi="23" ten="30,2000,0" yaku="7,1,8,1" doraHai="90" who="1" fromWho="3" sc="216,0,132,51,584,0,58,-41" /><INIT seed="4,0,0,0,5,75" ten="216,183,584,17" oya="0" hai0="17,9,34,49,99,111,116,92,57,73,131,35,39" hai1="13,8,70,100,7,81,102,44,93,51,122,88,0" hai2="38,114,113,48,25,120,12,95,71,135,41,30,110" hai3="46,28,16,22,26,87,36,5,123,11,18,69,24"/><T105/><D116/><U109/><E109/><V50/><F71/><W56/><G69/><T53/><D111/><U80/><E70/><V77/><F77/><W107/><G107/><T72/><D105/><U134/><E0/><V97/><F110/><W15/><G56/><T40/><D131/><U78/><E134/><V19/><F120/><W2/><G46/><T68/><D68/><U90/><E122/><V60/><F60/><W126/><G87/><T112/><D112/><U45/><E45/><V86/><F86/><W29/><G36/><T82/><D35/><U96/><E90/><V130/><F135/><W66/><G66/><T58/><D34/><U32/><E32/><V33/><F38/><W31/><G126/><T59/><D40/><N who="1" m="24967" /><E78/><V125/><F125/><W101/><G101/><AGARI ba="0,0" hai="7,8,13,80,81,88,93,96,100,101,102" m="24967" machi="101" ten="30,2000,0" yaku="8,1,54,1" doraHai="75" who="1" fromWho="3" sc="216,0,183,20,584,0,17,-20" owari="216,2.0,203,-20.0,584,68.0,-3,-50.0" /></mjloggm>