<mjloggm ver="2.3"><GO type="169" lobby="0"/><UN n0="%74%61%6B%65%2D%79%6F%75" n1="%7A%6B%75%72%74" n2="%E6%9D%8E%E7%A9%8E%E8%97%8D" n3="%E5%B0%B1%E6%B4%BB%E7%94%9F%40%E5%B7%9D%E6%9D%91%E8%BB%8D%E5%9B%A3" dan="16,17,19,18" rate="2081.62,2159.30,2305.95,2230.85" sx="F,M,M,M"/><TAIKYOKU oya="0"/><INIT seed="0,0,0,4,5,90" ten="250,250,250,250" oya="0" hai0="56,7,133,50,27,36,64,77,5,65,104,85,45" hai1="53,128,8,9,110,63,58,75,54,60,68,112,73" hai2="76,80,13,116,15,70,106,42,119,95,14,91,67" hai3="79,123,30,17,21,98,114,16,32,40,26,0,22"/><T109/><D104/><U51/><E110/><V82/><F106/><W121/><G40/><N who="0" m="24871" /><D36/><U19/><E128/><V69/><F42/><W103/><G79/><T33/><D33/><U105/><E105/><V23/><F23/><N who="3" m="8715" /><G114/><T125/><D125/><U102/><E102/><V83/><F76/><W108/><G108/><T62/><D133/><U97/><E97/><N who="2" m="57599" /><F67/><N who="0" m="25674" /><D27/><U35/><E35/><V6/><F6/><N who="0" m="2058" /><D109/><U96/><E112/><V127/><F127/><W120/><G0/><T47/><D47/><U135/><E135/><V48/><F48/><W87/><G87/><T59/><D62/><U61/><E68/><V28/><F28/><W118/><G118/><AGARI ba="0,0" hai="13,14,15,69,70,80,82,83,116,118,119" m="57599" machi="118" ten="40,2600,0" yaku="12,1,52,1" doraHai="90" who="2" fromWho="3" sc="250,0,250,0,250,26,250,-26" /><INIT seed="1,0,0,2,4,42" ten="250,250,276,224" oya="1" hai0="9,32,54,8,31,127,113,23,94,30,35,55,106" hai1="7,21,4,33,102,73,100,48,80,69,46,37,115" hai2="75,129,117,58,109,107,38,99,68,29,108,81,120" hai3="112,85,119,14,118,53,12,110,83,125,89,41,98"/><U5/><E33/><V27/><F120/><W77/><G112/><T124/><D106/><U133/><E37/><V40/><F117/><N who="3" m="44555" /><G125/><N who="0" m="48203" /><D94/><U79/><E69/><V111/><F58/><W93/><G110/><T114/><D55/><U67/><E67/><V70/><F129/><W103/><G41/><T90/><D90/><U28/><E115/><N who="0" m="44041" /><D54/><U78/><E78/><N who="2" m="44255" /><F40/><W10/><G53/><T88/><D88/><U13/><E133/><V26/><F38/><W96/><G10/><N who="0" m="4203" /><D23/><U84/><E73/><V24/><F68/><W64/><G64/><T126/><N who="0" m="48211" /><T65/><DORA hai="25" /><D65/><U36/><E36/><V97/><F70/><W105/><AGARI ba="0,0" hai="12,14,77,83,85,89,93,96,98,103,105" m="44555" machi="105" ten="30,1100,0" yaku="12,1" doraHai="42,25" who="3" fromWho="3" sc="250,-3,250,-5,276,-3,224,11" /><INIT seed="2,0,0,1,2,49" ten="247,245,273,235" oya="2" hai0="108,47,79,62,46,66,16,35,1,41,103,80,118" hai1="129,23,60,127,33,97,37,14,69,7,28,18,121" hai2="58,102,119,3,130,42,93,5,53,15,34,64,85" hai3="112,120,57,125,38,96,100,67,122,13,111,45,77"/><V11/><F119/><W50/><G38/><T71/><D35/><U48/><E37/><V65/><F34/><W91/><G77/><T2/><D108/><U40/><E129/><V131/><F42/><W88/><G111/><T101/><D118/><U10/><E127/><V31/><F31/><W29/><G125/><T9/><D1/><U76/><E121/><V55/><F3/><W84/><G112/><T92/><D92/><U63/><E76/><V39/><F39/><W73/><G73/><T20/><D47/><U52/><E40/><V36/><F36/><W12/><G29/><T116/><D116/><U32/><E97/><N who="2" m="59695" /><F85/><W72/><G72/><T61/><D61/><U44/><E69/><V90/><F90/><W81/><G91/><T51/><D2/><N who="1" m="375" /><E33/><V124/><F124/><W0/><G0/><T54/><D41/><U132/><E132/><V75/><F75/><W104/><G120/><T133/><D133/><U109/><E109/><V95/><F95/><N who="3" m="58399" /><G122/><T115/><D115/><U4/><E4/><V114/><F114/><W56/><G104/><T19/><D79/><U82/><E82/><V43/><F43/><N who="3" m="24895" /><G67/><N who="2" m="25673" /><F58/><AGARI ba="0,0" hai="12,13,56,57,58,81,84,88" m="24895,58399" machi="58" ten="30,2000,0" yaku="8,1,54,1" doraHai="49" who="3" fromWho="2" sc="247,0,245,0,273,-20,235,20" /><INIT seed="3,0,0,1,0,123" ten="247,245,253,255" oya="3" hai0="129,94,58,63,54,31,80,43,116,5,90,13,120" hai1="35,41,22,73,132,93,115,76,103,110,104,37,30" hai2="34,24,53,50,21,130,52,28,102,124,19,118,15" hai3="51,32,20,2,96,117,68,72,33,42,87,135,127"/><W121/><G72/><T11/><D120/><U74/><E115/><V29/><F118/><W16/><G2/><T106/><D116/><U25/><E132/><V82/><F130/><W83/><G68/><T81/><D106/><U3/><E93/><V86/><F124/><W98/><G117/><T101/><D101/><U18/><E3/><V1/><F1/><W134/><G127/><T12/><D129/><U23/><E23/><V89/><F102/><W6/><G6/><T49/><D31/><U119/><E119/><V111/><F111/><W66/><G66/><T4/><D43/><U38/><E110/><V44/><REACH who="2" step="1"/><F28/><REACH who="2" ten="247,245,243,255" step="2"/><W131/><G131/><T10/><REACH who="0" step="1"/><D63/><REACH who="0" ten="237,245,243,255" step="2"/><U85/><E103/><V7/><F7/><W8/><G134/><T97/><AGARI ba="0,2" hai="4,5,10,11,12,13,49,54,58,80,81,90,94,97" machi="97" ten="20,12000,2" yaku="1,1,2,1,0,1,7,1,9,1,8,1,53,1" doraHai="123" doraHaiUra="91" who="0" fromWho="0" sc="237,140,245,-30,243,-30,255,-60" /><INIT seed="4,0,0,0,2,11" ten="377,215,213,195" oya="0" hai0="32,66,1,37,65,100,14,63,5,122,79,61,90" hai1="106,113,123,117,75,87,3,96,41,88,133,124,102" hai2="28,93,110,7,132,68,44,130,16,33,126,10,67" hai3="116,86,82,2,62,135,127,101,77,12,25,115,15"/><T109/><D122/><U120/><E41/><V24/><F110/><W89/><G2/><T131/><D32/><U54/><E3/><V64/><F126/><W22/><G116/><T134/><D37/><U27/><E117/><V40/><F130/><W92/><G127/><T84/><D1/><U83/><E124/><V43/><F132/><W78/><G115/><T105/><D79/><N who="3" m="30217" /><G135/><T0/><D0/><U45/><E133/><V112/><F7/><W46/><G46/><T56/><D131/><U129/><E129/><V69/><F112/><W39/><G39/><T107/><D100/><U103/><E103/><V114/><F114/><W48/><G48/><T70/><D109/><U19/><E75/><V121/><F121/><W108/><G108/><T42/><D42/><U81/><E81/><V36/><F43/><W74/><G74/><T98/><D98/><U97/><E97/><V80/><F80/><W95/><G62/><T76/><D76/><U57/><E45/><V20/><F93/><N who="3" m="35915" /><G101/><T128/><D128/><U26/><E113/><V94/><F94/><W104/><G104/><T73/><D73/><U119/><E119/><V125/><F125/><W29/><AGARI ba="0,0" hai="12,15,22,25,29,82,86,89" m="35915,30217" machi="29" ten="30,4000,0" yaku="8,1,52,2" doraHai="11" who="3" fromWho="3" sc="377,-20,215,-10,213,-10,195,40" /><INIT seed="5,0,0,4,3,114" ten="357,205,203,235" oya="1" hai0="110,101,68,89,29,130,37,42,69,26,60,31,112" hai1="91,132,111,17,88,40,66,81,71,27,49,5,84" hai2="28,47,93,124,45,121,125,70,108,48,22,59,57" hai3="126,131,38,1,15,77,103,25,58,55,98,119,62"/><U129/><E132/><V16/><F108/><W50/><G1/><T11/><D110/><U34/><E111/><V115/><F121/><W80/><G38/><T99/><D31/><U10/><E129/><V9/><F70/><W35/><G126/><N who="2" m="48745" /><F115/><W54/><G15/><T107/><D89/><U95/><E71/><V134/><F134/><W133/><G133/><T109/><D109/><U67/><E34/><V21/><F47/><W56/><G131/><T8/><D68/><U116/><E116/><V82/><F93/><W24/><G119/><T128/><D112/><U46/><E27/><N who="2" m="16503" /><F82/><W61/><G35/><N who="0" m="20919" /><D128/><U75/><E17/><V51/><F9/><W73/><REACH who="3" step="1"/><G50/><REACH who="3" ten="357,205,203,225" step="2"/><N who="2" m="18985" /><F45/><W105/><AGARI ba="0,1" hai="24,25,54,55,56,58,61,62,73,77,80,98,103,105" machi="105" ten="20,8000,1" yaku="1,1,0,1,7,1,9,1,53,1" doraHai="114" doraHaiUra="104" who="3" fromWho="3" sc="357,-20,205,-40,203,-20,225,90" /><INIT seed="6,0,0,5,3,6" ten="337,165,183,315" oya="2" hai0="21,120,10,9,66,76,106,121,79,55,43,73,12" hai1="118,11,97,48,23,50,0,126,60,17,61,54,92" hai2="44,46,80,75,33,58,28,38,39,15,56,77,64" hai3="104,4,129,3,52,53,113,81,83,95,87,22,102"/><V24/><F15/><W130/><G104/><T103/><D73/><U114/><E118/><V26/><F24/><W71/><G71/><T123/><D43/><U133/><E133/><V51/><F46/><W42/><G42/><T18/><D66/><U98/><E114/><V96/><F96/><W14/><G113/><T82/><D106/><U31/><E126/><V100/><F100/><W85/><G3/><T7/><D103/><U112/><E112/><V78/><F77/><W101/><G95/><T111/><D111/><U109/><E109/><V131/><F131/><W132/><G132/><T35/><D35/><U122/><E122/><V125/><F125/><W99/><G99/><T65/><D65/><U91/><E97/><V19/><F19/><W13/><G22/><T67/><D67/><U88/><E91/><V84/><F75/><W2/><G2/><T47/><D82/><U20/><E20/><V116/><F116/><W124/><G124/><T8/><REACH who="0" step="1"/><D7/><AGARI ba="0,0" hai="4,7,13,14,52,53,81,83,85,87,101,102,129,130" machi="7" ten="25,3200,0" yaku="22,2,54,1" doraHai="6" who="3" fromWho="0" sc="337,-32,165,0,183,0,315,32" /><INIT seed="7,0,0,5,0,87" ten="305,165,183,347" oya="3" hai0="42,65,98,39,30,123,101,50,99,86,18,115,108" hai1="27,48,66,19,36,61,9,31,119,60,109,1,106" hai2="68,112,82,125,84,25,131,12,121,54,95,73,24" hai3="32,91,15,6,133,97,56,49,37,35,107,89,118"/><W69/><G37/><T4/><D108/><U78/><E109/><V3/><F3/><W96/><G69/><T76/><D39/><U45/><E36/><V88/><F68/><W5/><G118/><T90/><D123/><U0/><E106/><V14/><F121/><W51/><G133/><T117/><D117/><U94/><E119/><V100/><F112/><W122/><G122/><T113/><D76/><U41/><E78/><V103/><F125/><W114/><G114/><N who="0" m="43531" /><D30/><U43/><E43/><V59/><F131/><W62/><G107/><N who="0" m="63927" /><D4/><N who="3" m="1641" /><G32/><T13/><D99/><N who="3" m="37961" /><G15/><N who="2" m="5673" /><F73/><W53/><G35/><T16/><D65/><U55/><E0/><V7/><F7/><W80/><G80/><N who="0" m="49479" /><D13/><U127/><E127/><V21/><F82/><W10/><G10/><T134/><D134/><U17/><E1/><V29/><F24/><W128/><G128/><T26/><D26/><U77/><E9/><V104/><F104/><W33/><G33/><T124/><D124/><U72/><E27/><V67/><F67/><W85/><G85/><T75/><D75/><U132/><E132/><V81/><F81/><W22/><G22/><T28/><D28/><U63/><E31/><V116/><F116/><W2/><G2/><T92/><D92/><U20/><E94/><V34/><F34/><W130/><G130/><T83/><D83/><N who="1" m="45479" /><E66/><V105/><F105/><W47/><G51/><AGARI ba="0,0" hai="21,25,29,51,54,59,84,88,95,100,103" m="5673" machi="51" ten="30,3900,0" yaku="8,1,52,1,54,1" doraHai="87" who="2" fromWho="3" sc="305,0,165,0,183,39,347,-39" owari="305,11.0,165,-33.0,222,-18.0,308,40.0" /></mjloggm>