<mjloggm ver="2.3"><GO type="169" lobby="0"/><UN n0="%E3%83%88%E3%83%88%E3%83%AA%E5%85%88%E7%94%9F%31%39%E6%AD%B3" n1="%E3%83%A1%E3%82%AB%E3%82%BC%E3%83%83%E3%83%88%E3%83%B3" n2="%E7%A5%9E%E5%A8%81%E9%BA%97%E7%92%83" n3="%53%48%49%53%55%4B%45" dan="19,17,16,16" rate="2271.52,2253.71,2113.97,2130.79" sx="F,M,M,M"/><TAIKYOKU oya="0"/><INIT seed="0,0,0,5,0,64" ten="250,250,250,250" oya="0" hai0="111,19,33,4,124,117,126,22,3,60,6,57,52" hai1="8,34,131,113,127,70,132,102,69,61,45,115,66" hai2="63,108,77,83,116,32,38,73,54,92,112,56,84" hai3="0,97,96,7,50,21,130,10,48,27,35,134,55"/><T129/><D117/><U103/><E34/><V104/><F112/><N who="1" m="43081" /><E131/><V12/><F108/><W36/><G36/><T11/><D129/><U122/><E122/><V107/><F116/><W99/><G130/><T109/><D6/><U53/><E132/><V105/><F32/><W125/><G134/><T87/><D87/><U15/><E127/><V128/><F128/><W23/><G125/><N who="0" m="48235" /><D33/><U41/><E53/><V121/><F121/><W51/><G35/><T16/><D19/><N who="1" m="8679" /><E70/><V14/><REACH who="2" step="1"/><F38/><AGARI ba="0,0" hai="38,41,45,61,66,69,102,103" m="8679,43081" machi="38" ten="30,2000,0" yaku="11,1,52,1" doraHai="64" who="1" fromWho="2" sc="250,0,250,20,250,-20,250,0" /><INIT seed="1,0,0,2,1,135" ten="250,270,230,250" oya="1" hai0="92,18,62,119,118,96,32,0,59,122,9,46,66" hai1="107,22,11,133,102,23,106,74,71,109,90,36,124" hai2="30,79,7,41,99,70,112,39,80,127,35,45,61" hai3="54,5,19,105,73,31,63,37,38,15,81,1,49"/><U132/><E71/><V68/><F112/><W56/><G105/><T42/><D32/><U86/><E36/><V84/><F127/><W47/><G31/><T64/><D122/><U123/><E74/><V50/><F39/><W72/><G37/><T89/><D64/><U2/><E123/><V52/><F7/><W131/><G131/><T40/><D40/><U14/><E2/><V58/><REACH who="2" step="1"/><F99/><REACH who="2" ten="250,270,220,250" step="2"/><W100/><G38/><T48/><D96/><N who="1" m="61767" /><E124/><V85/><F85/><W104/><G5/><T20/><D118/><U125/><E125/><V10/><F10/><W103/><G73/><T6/><D119/><U75/><E75/><V27/><AGARI ba="0,1" hai="27,30,35,41,45,50,52,58,61,68,70,79,80,84" machi="27" ten="30,4000,0" yaku="1,1,0,1,54,1,53,0" doraHai="135" doraHaiUra="93" who="2" fromWho="2" sc="250,-10,270,-20,220,50,250,-10" /><INIT seed="2,0,0,0,0,116" ten="240,250,270,240" oya="2" hai0="24,36,130,58,60,53,5,86,83,95,103,114,90" hai1="70,109,31,78,127,20,120,18,63,106,128,6,123" hai2="33,11,15,101,41,54,118,92,59,77,38,108,16" hai3="1,74,71,30,12,97,8,119,62,94,85,26,2"/><V27/><F118/><W65/><G119/><T56/><D114/><U44/><E106/><V121/><F108/><W19/><G85/><T126/><D36/><U17/><E6/><V102/><F121/><N who="1" m="46665" /><E109/><V131/><F131/><W113/><G74/><T88/><D130/><U100/><E100/><V0/><F77/><W34/><G113/><T40/><D126/><U7/><E7/><V99/><F102/><AGARI ba="0,0" hai="1,2,8,12,19,26,30,34,62,65,71,94,97,102" machi="102" ten="30,1000,0" yaku="7,1" doraHai="116" who="3" fromWho="2" sc="240,0,250,0,270,-10,240,10" /><INIT seed="3,0,0,4,0,105" ten="240,250,260,250" oya="3" hai0="115,111,6,127,73,53,31,41,42,48,134,18,67" hai1="98,23,125,20,9,64,10,77,55,56,71,40,63" hai2="79,133,135,44,33,118,35,74,32,68,128,46,121" hai3="59,8,26,61,78,15,113,2,92,75,84,87,97"/><W80/><G113/><T37/><D111/><U5/><E125/><V50/><F118/><W120/><G26/><T95/><D127/><U54/><E77/><V70/><F128/><W12/><G2/><T88/><D37/><U38/><E98/><V24/><F24/><W132/><G120/><T69/><D134/><N who="2" m="51210" /><F50/><W107/><G132/><T60/><D73/><U119/><E119/><V52/><F52/><W58/><G107/><T85/><D115/><U14/><E55/><V100/><F100/><W7/><G12/><T43/><D6/><U99/><E99/><V82/><F121/><W101/><REACH who="3" step="1"/><G59/><REACH who="3" ten="240,250,260,240" step="2"/><T103/><D31/><U62/><E14/><V91/><F91/><W122/><G122/><T4/><D103/><U72/><E56/><V124/><F124/><W34/><G34/><T110/><D88/><U109/><E71/><AGARI ba="0,1" hai="32,33,35,44,46,68,70,71,74,79,82" m="51210" machi="71" ten="40,2600,0" yaku="20,1,52,1" doraHai="105" who="2" fromWho="1" sc="240,0,250,-26,260,36,240,0" /><INIT seed="4,0,0,5,5,132" ten="240,224,296,240" oya="0" hai0="134,56,45,80,67,95,85,82,63,29,48,89,83" hai1="78,135,94,72,35,109,57,9,70,38,64,32,87" hai2="66,126,14,88,52,105,31,104,54,25,68,123,119" hai3="117,125,11,37,46,34,99,55,19,42,21,103,100"/><T13/><D134/><U10/><E38/><V15/><F123/><W122/><G117/><T47/><D29/><U53/><E72/><V131/><F119/><W120/><G34/><T128/><D128/><U116/><E135/><V50/><F131/><W108/><G108/><T86/><D47/><U76/><E116/><V106/><F126/><W98/><G11/><T90/><REACH who="0" step="1"/><D13/><REACH who="0" ten="230,224,296,240" step="2"/><U18/><E109/><V65/><F15/><W0/><G46/><T20/><D20/><U59/><E35/><V33/><F14/><W110/><G110/><T102/><D102/><U17/><E32/><V30/><F31/><W92/><G21/><T84/><D84/><U3/><E87/><V23/><F33/><W129/><G129/><T114/><D114/><U5/><E9/><V133/><F133/><W2/><G100/><T60/><D60/><U111/><E10/><V24/><F30/><W101/><G101/><T62/><D62/><U61/><E61/><V71/><F23/><W49/><G103/><T27/><D27/><U40/><E111/><V43/><F105/><W97/><G2/><T41/><AGARI ba="0,1" hai="41,45,48,56,63,67,80,82,83,85,86,89,90,95" machi="41" ten="20,7800,0" yaku="1,1,0,1,7,1,8,1,53,0" doraHai="132" doraHaiUra="28" who="0" fromWho="0" sc="230,88,224,-26,296,-26,240,-26" /><INIT seed="4,1,0,4,2,7" ten="318,198,270,214" oya="0" hai0="70,34,29,57,113,103,20,85,109,9,41,114,84" hai1="71,75,97,61,81,110,90,51,38,66,76,68,35" hai2="65,86,55,69,129,39,36,128,104,102,32,12,59" hai3="33,18,101,23,16,89,19,116,31,46,28,14,135"/><T60/><D70/><U37/><E110/><V2/><F2/><W15/><G101/><T27/><D109/><U48/><E71/><V121/><F121/><W6/><G46/><T62/><D41/><U45/><E35/><V93/><F32/><W98/><G116/><T42/><D42/><U82/><E48/><V106/><F69/><W123/><G98/><T107/><D103/><U125/><E125/><V26/><F65/><W22/><G89/><T77/><D107/><U5/><E5/><V132/><F132/><W94/><G94/><T24/><D60/><U91/><E91/><V105/><F26/><N who="3" m="18679" /><G135/><T134/><D134/><U112/><E112/><V118/><F118/><W25/><G123/><T67/><D77/><U47/><E47/><V58/><F58/><W0/><G23/><T73/><D73/><U126/><E126/><V30/><F86/><W4/><G0/><T64/><D64/><U124/><E124/><V54/><F93/><W44/><G44/><T117/><D117/><U13/><E13/><AGARI ba="1,0" hai="4,6,13,14,15,16,18,19,22,25,28" m="18679" machi="13" ten="30,12000,2" yaku="35,5,54,1" doraHai="7" who="3" fromWho="1" sc="318,0,198,-123,270,0,214,123" /><INIT seed="5,0,0,1,2,21" ten="318,75,270,337" oya="1" hai0="72,24,67,128,75,77,74,0,132,87,25,78,116" hai1="10,12,65,103,57,129,32,83,88,61,33,134,100" hai2="135,105,119,97,104,13,14,49,93,99,63,42,62" hai3="106,54,91,114,80,5,30,108,122,110,85,89,31"/><U123/><E123/><V43/><F119/><W51/><G122/><T118/><D87/><U55/><E129/><V29/><F135/><W98/><G5/><T82/><D82/><U59/><E134/><V84/><F84/><W17/><G114/><T121/><D132/><U76/><E33/><V46/><F29/><W11/><G110/><T133/><D133/><U81/><E32/><V23/><F23/><W16/><G108/><T101/><D121/><U73/><E81/><V18/><F18/><N who="3" m="7275" /><G106/><T125/><D67/><U2/><E2/><V131/><F131/><W39/><G39/><T127/><D101/><U45/><E45/><V56/><F43/><W120/><G11/><T1/><D74/><U28/><E28/><N who="3" m="10794" /><G120/><T60/><D60/><U115/><E115/><V96/><F63/><W22/><G22/><T71/><D128/><U6/><REACH who="1" step="1"/><E88/><REACH who="1" ten="318,65,270,337" step="2"/><N who="2" m="55335" /><F105/><W126/><G91/><T19/><D1/><U86/><E86/><V113/><F104/><W35/><G35/><T66/><D0/><U107/><E107/><V9/><F113/><W36/><G85/><T40/><D72/><U70/><E70/><V68/><F68/><W20/><G80/><T50/><D75/><U38/><E38/><V34/><F34/><W52/><G36/><T130/><D130/><U92/><E92/><V48/><F46/><W44/><G44/><T69/><D71/><U26/><E26/><V8/><F56/><W15/><G89/><T112/><D69/><U124/><E124/><V58/><F58/><W53/><G126/><T3/><D125/><U64/><E64/><V4/><F14/><RYUUKYOKU ba="0,1" sc="318,-10,65,30,270,-10,337,-10" hai1="6,10,12,55,57,59,61,65,73,76,83,100,103" /><INIT seed="5,1,1,2,5,1" ten="308,95,260,327" oya="1" hai0="28,131,22,52,78,68,84,122,93,132,17,129,13" hai1="66,12,118,103,21,20,106,82,5,86,11,59,35" hai2="114,53,126,63,75,108,0,27,88,123,125,110,90" hai3="15,101,95,92,73,85,24,83,102,77,10,113,30"/><U128/><E35/><V54/><F123/><W107/><G113/><T70/><D122/><U127/><E118/><V94/><F75/><W29/><G107/><T8/><D132/><U71/><E127/><N who="2" m="48651" /><F114/><W48/><G73/><T69/><D52/><N who="2" m="20074" /><F0/><W124/><G124/><T58/><D58/><U133/><E133/><V46/><F63/><W50/><G92/><T23/><D28/><N who="3" m="10857" /><G24/><T34/><D34/><U120/><E120/><V91/><F27/><W2/><G2/><T72/><D72/><U135/><E135/><V67/><F67/><W80/><G80/><N who="0" m="47127" /><D93/><U62/><E128/><AGARI ba="1,1" hai="8,13,17,22,23,68,69,70,128,129,131" m="47127" machi="128" ten="40,1300,0" yaku="19,1" doraHai="1" who="0" fromWho="1" sc="308,26,95,-16,260,0,327,0" /><INIT seed="6,0,0,1,2,68" ten="334,79,260,327" oya="2" hai0="14,47,64,4,88,63,60,103,13,73,96,8,111" hai1="85,48,100,94,37,128,15,125,87,66,57,62,45" hai2="129,17,59,133,42,83,46,12,40,65,29,134,1" hai3="30,56,28,77,44,55,39,52,113,61,22,71,78"/><V32/><F1/><W120/><G120/><T26/><D111/><U74/><E128/><V122/><F122/><W91/><G71/><T104/><D73/><U54/><E125/><V131/><F83/><W10/><G113/><T98/><D64/><U102/><E74/><V117/><F117/><W76/><G10/><T6/><D26/><U89/><E37/><V69/><F69/><W50/><G39/><T123/><D123/><U97/><E85/><V18/><F29/><W3/><G3/><T80/><D47/><U19/><REACH who="1" step="1"/><E97/><REACH who="1" ten="334,69,260,327" step="2"/><V126/><F126/><W5/><G5/><T79/><D98/><U95/><E95/><V109/><F131/><W38/><G38/><T2/><D96/><U130/><E130/><V110/><F129/><W99/><G99/><T16/><D103/><U24/><E24/><V51/><F110/><W115/><G115/><T31/><D80/><U43/><E43/><V27/><F42/><W75/><G75/><T21/><D79/><U49/><E49/><V67/><F109/><W23/><G91/><T9/><D88/><U107/><E107/><V72/><F72/><W25/><G25/><T70/><D104/><U124/><E124/><V121/><F121/><W118/><G118/><T58/><D63/><U114/><E114/><V116/><F116/><W105/><G105/><T84/><D84/><U90/><E90/><V106/><F106/><W81/><G81/><T11/><D2/><U112/><E112/><V35/><F40/><W0/><G0/><T127/><D127/><U20/><AGARI ba="0,1" hai="15,19,20,45,48,54,57,62,66,87,89,94,100,102" machi="20" ten="20,5200,0" yaku="1,1,0,1,7,1,8,1,53,0" doraHai="68" doraHaiUra="34" who="1" fromWho="1" sc="334,-13,69,62,260,-26,327,-13" /><INIT seed="7,0,0,0,3,92" ten="321,131,234,314" oya="3" hai0="30,82,42,10,99,4,95,68,34,28,26,22,36" hai1="78,15,88,64,52,124,93,108,49,73,100,40,20" hai2="45,97,119,66,104,72,6,32,57,128,129,115,0" hai3="89,132,112,120,39,58,85,109,96,134,86,23,133"/><W24/><G112/><T7/><D68/><U19/><E108/><V67/><F119/><W13/><G109/><T17/><D82/><U107/><E124/><V131/><F72/><W135/><G120/><T110/><D110/><U121/><E121/><V76/><F76/><W117/><G117/><T25/><D36/><U55/><E64/><V29/><F115/><W130/><G134/><T69/><D69/><U1/><E1/><V114/><F114/><W127/><G127/><T27/><D42/><U81/><E40/><V87/><F45/><W70/><G70/><T103/><D10/><U12/><E12/><V122/><F122/><W77/><G130/><T8/><D8/><U62/><E62/><V61/><F67/><W18/><G39/><T46/><D46/><U83/><E83/><V80/><F6/><W106/><G58/><T44/><D44/><U11/><E11/><V48/><F0/><W60/><G60/><T33/><AGARI ba="0,0" hai="4,7,17,22,25,26,27,28,30,33,34,95,99,103" machi="33" ten="20,5200,0" yaku="0,1,7,1,9,1,52,1" doraHai="92" who="0" fromWho="0" sc="321,52,131,-13,234,-13,314,-26" owari="373,47.0,118,-38.0,221,-18.0,288,9.0" /></mjloggm>