<mjloggm ver="2.3"><GO type="169" lobby="0"/><UN n0="%E3%81%91%E3%82%93%31%39%37%30" n1="%E5%B0%B1%E6%B4%BB%E7%94%9F%40%E5%B7%9D%E6%9D%91%E8%BB%8D%E5%9B%A3" n2="%E2%98%86%E3%82%BF%E3%82%B9%E3%83%9E%E3%83%8B%E3%82%A2" n3="%E5%8D%97%E6%A5%B5%E3%83%80%E3%83%B3%E3%82%B5%E3%83%BC" dan="16,17,17,16" rate="2131.73,2210.96,2160.06,2096.78" sx="M,M,M,M"/><TAIKYOKU oya="0"/><INIT seed="0,0,0,5,5,43" ten="250,250,250,250" oya="0" hai0="123,35,25,23,104,36,0,122,50,105,125,89,15" hai1="45,8,96,18,117,12,57,132,58,63,29,112,120" hai2="100,85,13,71,30,82,14,64,110,4,115,88,114" hai3="135,20,80,10,130,62,11,107,108,78,128,75,134"/><T34/><D36/><U111/><E120/><V65/><F110/><W44/><G107/><T52/><D0/><U47/><E117/><V99/><F14/><W86/><G62/><T39/><D39/><U84/><E112/><V40/><F65/><W91/><G20/><T2/><D2/><U28/><E132/><N who="3" m="50730" /><G108/><T55/><D15/><U93/><E84/><V126/><F126/><W79/><G44/><N who="1" m="16970" /><E111/><V27/><F40/><W77/><G11/><T41/><D125/><U133/><E133/><V22/><F64/><W97/><G10/><T59/><D122/><U33/><E33/><V9/><REACH who="2" step="1"/><F71/><REACH who="2" ten="250,250,240,250" step="2"/><W46/><G75/><T127/><D123/><U90/><E58/><V124/><F124/><W102/><G46/><T48/><D59/><U38/><E38/><V67/><F67/><AGARI ba="0,1" hai="8,12,18,28,29,57,63,67,90,93,96" m="16970" machi="67" ten="30,7700,0" yaku="8,1,52,3" doraHai="43" who="1" fromWho="2" sc="250,0,250,87,240,-77,250,0" /><INIT seed="1,0,0,2,3,38" ten="250,337,163,250" oya="1" hai0="128,51,116,9,48,123,13,81,103,100,109,34,117" hai1="124,39,6,108,86,122,27,60,80,110,61,68,47" hai2="12,95,30,133,98,29,120,94,102,23,55,36,79" hai3="28,46,119,45,49,32,66,25,64,87,93,70,118"/><U73/><E122/><V76/><F120/><W5/><G5/><T26/><D123/><U11/><E124/><V65/><F133/><W43/><G70/><T82/><D26/><U33/><E33/><V78/><F36/><W88/><G46/><T24/><D24/><U104/><E104/><V16/><F65/><W56/><G56/><T106/><D34/><U85/><E27/><V71/><F71/><W52/><REACH who="3" step="1"/><G52/><REACH who="3" ten="250,337,163,240" step="2"/><T57/><D57/><U7/><E68/><V131/><F131/><W135/><G135/><T92/><D128/><U113/><E61/><V134/><F134/><W3/><G3/><T0/><D0/><U50/><E60/><V96/><REACH who="2" step="1"/><F55/><REACH who="2" ten="250,337,153,240" step="2"/><W89/><G89/><AGARI ba="0,2" hai="12,16,23,29,30,76,78,79,89,94,95,96,98,102" machi="89" ten="40,8000,1" yaku="1,1,2,1,8,1,54,1,53,0" doraHai="38" doraHaiUra="107" who="2" fromWho="3" sc="250,0,337,0,153,100,240,-80" /><INIT seed="2,0,0,3,3,82" ten="250,337,253,160" oya="2" hai0="130,39,61,66,28,116,16,60,18,83,100,94,7" hai1="134,27,73,33,46,10,115,86,47,125,56,81,87" hai2="114,32,76,44,96,97,49,95,129,78,64,17,29" hai3="62,70,113,0,51,132,117,37,38,3,107,72,84"/><V121/><F121/><W30/><G117/><T48/><D39/><U43/><E115/><V71/><F114/><W103/><G113/><T77/><D130/><U111/><E73/><V98/><F129/><W21/><G72/><T1/><D116/><U26/><E125/><V14/><F95/><W102/><G132/><T110/><D110/><U122/><E122/><V52/><F32/><W104/><G51/><T25/><D61/><U45/><E111/><V11/><F29/><W67/><G21/><T6/><D48/><U40/><E33/><V128/><F128/><W5/><G5/><T42/><D42/><N who="1" m="15915" /><E134/><V105/><F105/><W99/><G30/><T101/><D101/><U54/><E10/><V57/><F71/><W4/><G84/><N who="1" m="32298" /><E81/><V69/><REACH who="2" step="1"/><F57/><REACH who="2" ten="250,337,243,160" step="2"/><W131/><G131/><T12/><D1/><U109/><E109/><V91/><F91/><W15/><G3/><T41/><D94/><U108/><E108/><V74/><F74/><W63/><G0/><T8/><D83/><U19/><E19/><V35/><F35/><W75/><G75/><T20/><D18/><U80/><E80/><V90/><F90/><W127/><G127/><T106/><D77/><U135/><E135/><V36/><F36/><W112/><G112/><T85/><D106/><U93/><E93/><V79/><F79/><W118/><G118/><T126/><D126/><U133/><E133/><V124/><F124/><W23/><G104/><T50/><D16/><U13/><E13/><V58/><F58/><N who="3" m="37335" /><G15/><T92/><D12/><U89/><E89/><V88/><F88/><W120/><G107/><RYUUKYOKU ba="0,1" sc="250,-15,337,15,243,15,160,-15" hai1="26,27,45,46,47,54,56" hai2="11,14,17,44,49,52,64,69,76,78,96,97,98" /><INIT seed="2,1,1,4,4,62" ten="235,352,258,145" oya="2" hai0="17,16,47,92,39,84,61,94,71,54,132,42,13" hai1="74,57,113,95,70,55,53,31,107,100,129,73,56" hai2="112,44,130,75,11,111,81,1,110,58,0,121,51" hai3="79,67,8,114,115,128,76,63,116,119,23,134,52"/><V83/><F121/><W99/><G8/><T125/><D125/><U88/><E70/><V19/><F112/><N who="3" m="43051" /><G23/><T135/><D17/><U37/><E37/><V108/><F130/><W104/><G128/><T38/><D38/><U64/><E113/><V7/><F1/><W96/><G134/><N who="0" m="51243" /><D84/><U2/><E2/><V90/><F75/><W30/><G30/><T9/><D54/><U46/><E129/><V26/><F90/><W50/><G104/><T32/><D32/><U10/><E31/><V36/><F19/><W101/><G101/><T27/><D27/><U68/><E107/><V28/><F58/><N who="3" m="37367" /><G79/><T29/><D29/><U33/><E33/><N who="2" m="20631" /><F36/><W117/><G76/><T78/><D78/><U49/><E100/><V43/><AGARI ba="1,1" hai="0,7,11,43,44,51,81,83,108,110,111" m="20631" machi="43" ten="30,3000,0" yaku="14,1,10,1" doraHai="62" who="2" fromWho="2" sc="235,-11,352,-11,258,43,145,-11" /><INIT seed="2,2,0,4,5,105" ten="224,341,301,134" oya="2" hai0="103,93,56,3,84,57,39,54,63,28,72,16,47" hai1="13,9,30,82,81,87,41,50,40,38,98,123,80" hai2="102,59,19,10,48,77,0,42,94,131,43,12,130" hai3="115,18,79,55,35,69,90,66,17,60,44,68,4"/><V120/><F120/><W85/><G35/><T95/><D3/><U32/><E38/><V119/><F119/><W128/><G4/><T83/><D28/><U53/><E123/><V114/><F0/><W96/><G128/><N who="2" m="49193" /><F114/><W21/><G18/><T1/><D1/><U74/><E74/><V24/><F77/><W134/><G134/><T33/><D33/><U75/><E75/><V121/><F121/><W110/><G110/><T101/><D72/><U27/><E98/><N who="2" m="59735" /><F24/><W64/><G115/><T67/><D39/><U62/><E62/><V6/><F6/><W11/><G11/><T49/><D57/><U52/><E53/><AGARI ba="2,0" hai="10,12,19,42,43,48,53,59" m="59735,49193" machi="53" ten="30,1500,0" yaku="19,1" doraHai="105" who="2" fromWho="1" sc="224,0,341,-21,301,21,134,0" /><INIT seed="2,3,0,1,0,99" ten="224,320,322,134" oya="2" hai0="34,65,52,46,109,61,47,111,100,36,24,76,3" hai1="134,116,19,73,60,54,120,79,33,126,43,11,82" hai2="6,85,88,112,32,128,135,127,57,87,25,107,80" hai3="62,9,94,114,27,55,122,42,38,105,91,44,13"/><V50/><F112/><W14/><G122/><T132/><D3/><U84/><E33/><V56/><F107/><W10/><G105/><T1/><D1/><U90/><E116/><V28/><F135/><W98/><G114/><T66/><D76/><U133/><E43/><V20/><F128/><W86/><G27/><T93/><D34/><U131/><E131/><V130/><F130/><W69/><G13/><T75/><D75/><U2/><E126/><V96/><F96/><W104/><G104/><T95/><D24/><U21/><E120/><V17/><F6/><W40/><G40/><T59/><D132/><N who="1" m="50795" /><E11/><V5/><F5/><W81/><G14/><T0/><D0/><U72/><E2/><V41/><F127/><W49/><G62/><T37/><D61/><U102/><E102/><V103/><F103/><W15/><G15/><T29/><D100/><U23/><E23/><V64/><F64/><W71/><G10/><T117/><D59/><N who="1" m="34935" /><E79/><V118/><F118/><W83/><G9/><T22/><D22/><U77/><E77/><V67/><F67/><W89/><REACH who="3" step="1"/><G81/><REACH who="3" ten="224,320,322,124" step="2"/><T58/><D117/><U63/><E63/><V48/><F41/><W70/><G70/><T125/><D125/><U108/><E108/><V113/><F113/><W30/><G30/><T4/><D29/><U123/><E123/><V129/><F28/><W121/><G121/><T78/><D109/><U16/><E19/><V68/><F68/><W31/><G31/><T106/><D111/><U18/><E18/><V97/><F129/><W8/><G8/><T12/><D12/><AGARI ba="3,1" hai="12,16,21,72,73,82,84,90" m="34935,50795" machi="12" ten="30,2000,0" yaku="20,1,54,1" doraHai="99" who="1" fromWho="0" sc="224,-29,320,39,322,0,124,0" /><INIT seed="3,0,0,1,5,129" ten="195,359,322,124" oya="3" hai0="108,130,46,34,14,72,54,132,105,53,104,75,87" hai1="121,9,94,58,26,8,41,5,81,29,59,19,24" hai2="89,30,28,98,84,88,82,67,126,2,79,116,35" hai3="63,27,56,106,66,85,47,128,112,4,57,32,99"/><W114/><G128/><T68/><D130/><U10/><E121/><V135/><F116/><W74/><G74/><T12/><D34/><U60/><E41/><V91/><F2/><W61/><G4/><T44/><D87/><U42/><E42/><V39/><F39/><W127/><G47/><T71/><D108/><U110/><E110/><V103/><F126/><W77/><G127/><T80/><D80/><U93/><E81/><V111/><F111/><W17/><G85/><T107/><D107/><U16/><E5/><V78/><F78/><W134/><G77/><T51/><D51/><U6/><E6/><V22/><F35/><W3/><G3/><T113/><D113/><U64/><E58/><V40/><F40/><W49/><G49/><T38/><D38/><U133/><E133/><AGARI ba="0,0" hai="12,14,44,46,53,54,68,71,72,75,104,105,132,133" machi="133" ten="25,6400,0" yaku="22,2,52,2" doraHai="129" who="0" fromWho="1" sc="195,64,359,-64,322,0,124,0" /><INIT seed="4,0,0,3,0,50" ten="259,295,322,124" oya="0" hai0="64,65,103,20,29,2,8,25,45,83,115,9,48" hai1="63,47,105,73,3,15,61,17,108,19,93,33,94" hai2="62,34,90,78,96,132,7,121,116,30,32,72,57" hai3="22,98,54,111,87,5,118,26,125,44,128,135,134"/><T92/><D115/><U123/><E105/><V71/><F71/><W28/><G118/><T53/><D2/><U110/><E3/><V67/><F116/><W77/><G111/><T126/><D126/><U85/><E73/><V55/><F121/><W14/><G125/><T95/><D83/><U82/><E33/><V91/><F132/><W107/><G128/><T117/><D117/><U66/><E123/><V24/><F32/><W109/><G109/><T122/><D122/><U16/><E15/><V100/><F7/><W88/><G77/><T58/><D95/><N who="1" m="36363" /><E110/><V41/><F78/><W68/><G68/><T46/><D46/><U124/><E124/><V52/><F72/><W12/><G5/><T51/><D65/><U18/><E108/><V27/><F27/><W0/><G0/><T129/><D129/><U119/><E66/><V56/><F41/><W120/><G120/><T59/><D59/><U104/><E104/><V10/><F10/><W80/><G98/><N who="0" m="59847" /><D51/><U70/><E70/><N who="2" m="42359" /><F90/><W37/><G107/><T42/><D42/><U6/><E6/><V31/><F91/><W97/><G97/><T127/><D127/><U113/><E113/><V40/><F40/><W49/><G37/><T112/><D112/><U39/><E119/><V36/><F31/><W101/><G101/><T60/><AGARI ba="0,0" hai="8,9,20,25,29,45,48,53,58,60,64" m="59847" machi="60" ten="30,6000,0" yaku="25,1,8,1,52,1" doraHai="50" who="0" fromWho="0" sc="259,60,295,-20,322,-20,124,-20" /><INIT seed="4,1,0,5,0,25" ten="319,275,302,104" oya="0" hai0="78,74,5,55,4,72,67,9,109,20,17,94,81" hai1="65,3,105,50,69,33,131,112,96,26,38,56,85" hai2="101,79,89,40,73,90,27,34,82,59,108,63,35" hai3="60,57,0,68,106,70,61,75,76,128,8,133,37"/><T115/><D115/><U44/><E3/><V66/><F108/><W134/><G128/><T125/><D125/><U121/><E121/><V18/><F35/><W36/><G106/><T29/><D29/><U130/><E112/><V117/><F117/><W23/><G23/><T107/><D107/><U49/><E85/><V1/><F1/><W53/><G0/><T2/><D5/><U52/><E96/><V122/><F122/><W95/><G95/><T14/><D109/><U132/><E105/><V71/><F101/><W39/><G8/><T88/><D67/><U86/><E86/><V102/><F102/><W80/><REACH who="3" step="1"/><G61/><REACH who="3" ten="319,275,302,94" step="2"/><T62/><D62/><N who="1" m="40119" /><E33/><V10/><F63/><W48/><G48/><T113/><D113/><U99/><E49/><V92/><F10/><W41/><G41/><T31/><D55/><U7/><E131/><V45/><F40/><W98/><G98/><T6/><D2/><U13/><E99/><V21/><F34/><W43/><G43/><T103/><D9/><U111/><E130/><V119/><F21/><W32/><G32/><T47/><D20/><U77/><E52/><V110/><F119/><W97/><G97/><T129/><D94/><U64/><E50/><V28/><F92/><W124/><G124/><T116/><D116/><U93/><E93/><V58/><F110/><W30/><G30/><T15/><D31/><U42/><E111/><V87/><F28/><W100/><G100/><T11/><D103/><U120/><E42/><V114/><F114/><W104/><G104/><T22/><D129/><U16/><E64/><V123/><F123/><RYUUKYOKU ba="1,1" sc="319,-10,275,-10,302,-10,94,30" hai3="36,37,39,53,57,60,68,70,75,76,80,133,134" /><INIT seed="5,2,1,1,4,18" ten="309,265,292,124" oya="1" hai0="135,86,111,6,76,127,30,125,3,64,19,116,31" hai1="52,48,114,38,60,103,62,66,99,46,126,98,95" hai2="41,14,15,94,75,34,107,134,42,108,88,117,130" hai3="45,5,106,85,84,56,20,39,8,61,96,22,119"/><U120/><E120/><V90/><F107/><W53/><G119/><T69/><D69/><U132/><E114/><V72/><F34/><W35/><G35/><T121/><D64/><U36/><E132/><V40/><F108/><W102/><G39/><T131/><D86/><U65/><E126/><V129/><F117/><W47/><G85/><T50/><D50/><U70/><REACH who="1" step="1"/><E98/><REACH who="1" ten="309,255,292,124" step="2"/><V44/><F134/><W57/><G84/><T104/><D135/><U100/><E100/><V113/><F113/><W28/><G28/><T21/><D121/><U16/><E16/><V67/><F130/><W82/><G82/><T24/><D131/><U25/><E25/><V101/><F129/><W128/><G128/><T23/><D116/><U92/><E92/><V133/><F94/><W115/><G115/><T7/><D104/><U109/><E109/><V105/><F105/><W77/><G77/><T123/><D123/><U58/><AGARI ba="2,2" hai="36,38,46,48,52,58,60,62,65,66,70,95,99,103" machi="58" ten="20,7800,0" yaku="1,1,0,1,7,1,54,1,53,0" doraHai="18" doraHaiUra="10" who="1" fromWho="1" sc="309,-28,255,104,292,-28,124,-28" /><INIT seed="5,3,0,5,4,22" ten="281,359,264,96" oya="1" hai0="64,92,35,110,90,85,10,135,67,26,31,40,81" hai1="91,88,122,47,49,70,61,77,42,107,56,34,37" hai2="66,46,36,103,87,19,57,74,71,125,94,115,1" hai3="50,12,18,14,60,106,128,99,41,100,20,65,48"/><U15/><E122/><V93/><F74/><W30/><G128/><T109/><D135/><U89/><E107/><V24/><F1/><W104/><G104/><T44/><D67/><U119/><E119/><V25/><F71/><W113/><G113/><T133/><D133/><U79/><E34/><V76/><F19/><W80/><G80/><T96/><D10/><U111/><E111/><V123/><F123/><W9/><G41/><T86/><D64/><U117/><E117/><V39/><F115/><W116/><G116/><T33/><D33/><U121/><E121/><V97/><F36/><W72/><G72/><T0/><D0/><U54/><E15/><V132/><F132/><W4/><REACH who="3" step="1"/><G30/><REACH who="3" ten="281,359,264,86" step="2"/><T127/><D110/><U105/><E105/><V38/><F94/><W62/><G62/><T102/><D109/><U2/><E2/><V130/><F93/><W114/><G114/><T98/><D81/><U112/><E112/><V78/><F130/><W82/><G82/><T17/><D92/><U55/><E54/><V73/><F73/><W101/><G101/><T29/><D102/><U124/><E124/><V52/><F103/><W69/><AGARI ba="3,1" hai="4,9,12,14,18,20,48,50,60,65,69,99,100,106" machi="69" ten="20,2700,0" yaku="1,1,0,1,7,1,53,0" doraHai="22" doraHaiUra="28" who="3" fromWho="3" sc="281,-10,359,-16,264,-10,86,46" /><INIT seed="6,0,0,5,1,8" ten="271,343,254,132" oya="2" hai0="2,80,51,97,103,33,90,13,53,84,113,75,70" hai1="69,21,88,73,86,119,40,30,34,63,59,49,91" hai2="128,125,123,9,102,135,121,134,11,100,17,15,106" hai3="1,112,85,16,94,108,55,99,14,127,29,25,52"/><V83/><F106/><W45/><G1/><T92/><D2/><U116/><E34/><V3/><F83/><W24/><G108/><T89/><D113/><U58/><E73/><V12/><F3/><W95/><G112/><T77/><D33/><U0/><E0/><V50/><F50/><N who="3" m="28751" /><G127/><T42/><D70/><U38/><E38/><V64/><F64/><W93/><G55/><T87/><D42/><U27/><E69/><V48/><F48/><W23/><G29/><T5/><D75/><U20/><E40/><V133/><F125/><W57/><G57/><T32/><D32/><U35/><E49/><V124/><F124/><W68/><G68/><T60/><D60/><U132/><E132/><V117/><F128/><W74/><G74/><T122/><D122/><N who="2" m="46602" /><F117/><W115/><G115/><T28/><D28/><U101/><E63/><V78/><F78/><W114/><G114/><T36/><D36/><U126/><E126/><V44/><F44/><W72/><G72/><T39/><D39/><U66/><E66/><V98/><F98/><W31/><G31/><T47/><D87/><U118/><E101/><V129/><F129/><W56/><G56/><T62/><D62/><U4/><E59/><V120/><N who="2" m="46610" /><V96/><DORA hai="105" /><F96/><W104/><G104/><T107/><D107/><U37/><E58/><V19/><AGARI ba="0,0" hai="9,11,12,15,17,19,100,102,133,134,135" m="46610" machi="19" ten="50,9600,0" yaku="20,1,52,2" doraHai="8,105" who="2" fromWho="2" sc="271,-32,343,-32,254,96,132,-32" /><INIT seed="6,1,0,3,5,123" ten="239,311,350,100" oya="2" hai0="14,11,4,101,19,107,97,122,87,113,82,45,61" hai1="73,64,1,89,119,116,132,22,65,70,115,117,108" hai2="84,96,104,114,15,48,6,72,3,118,93,2,75" hai3="126,79,53,32,109,112,46,25,98,31,88,80,128"/><V38/><F38/><W54/><G126/><T24/><D113/><U7/><E73/><V127/><F114/><W130/><G112/><T94/><D122/><U100/><E100/><V133/><F127/><W42/><G79/><T28/><D45/><U47/><E115/><V120/><F120/><W71/><G71/><T30/><D107/><U77/><E77/><V43/><F118/><W85/><G98/><T21/><REACH who="0" step="1"/><D61/><REACH who="0" ten="229,311,350,100" step="2"/><U36/><E47/><N who="2" m="25727" /><F104/><W69/><G69/><T8/><D8/><U135/><E70/><V49/><F133/><W131/><REACH who="3" step="1"/><G109/><REACH who="3" ten="229,311,350,90" step="2"/><T81/><D81/><U37/><E108/><V35/><F75/><W78/><G78/><AGARI ba="1,2" hai="4,11,14,19,21,24,28,30,78,82,87,94,97,101" machi="78" ten="30,7700,0" yaku="1,1,7,1,8,1,53,1" doraHai="123" doraHaiUra="99" who="0" fromWho="3" sc="229,100,311,0,350,0,90,-80" /><INIT seed="7,0,0,4,5,100" ten="329,311,350,10" oya="3" hai0="81,78,12,74,97,128,30,51,87,82,63,46,135" hai1="29,9,75,127,118,34,119,96,39,132,59,107,23" hai2="41,120,116,13,88,105,92,62,66,32,99,6,44" hai3="26,24,17,125,64,3,49,124,18,50,134,67,15"/><W123/><G123/><T94/><D135/><U121/><E121/><V106/><F120/><W36/><G36/><T103/><D128/><U112/><E39/><V47/><F32/><W16/><G3/><T122/><D122/><U57/><E75/><V55/><F116/><N who="1" m="44585" /><E112/><V54/><F106/><W22/><G134/><T84/><D30/><U93/><E132/><V109/><F105/><W48/><G22/><T85/><D63/><U45/><E34/><V113/><F109/><W38/><G15/><T110/><D110/><U115/><E115/><V71/><F113/><W111/><G38/><T68/><D68/><U117/><E127/><N who="3" m="48714" /><G111/><T73/><D12/><U80/><E80/><N who="0" m="30825" /><D51/><U70/><E70/><V10/><F44/><W7/><G7/><T89/><D46/><U102/><E9/><V28/><F28/><W14/><G14/><T19/><D19/><U2/><E2/><V33/><REACH who="2" step="1"/><F33/><REACH who="2" ten="329,311,340,10" step="2"/><W27/><AGARI ba="0,1" hai="16,17,18,24,26,27,48,49,50,64,67" m="48714" machi="27" ten="40,18000,2" yaku="29,2,28,2,18,1,54,1" doraHai="100" who="3" fromWho="3" sc="329,-60,311,-60,340,-60,10,190" /><INIT seed="7,1,0,4,2,84" ten="269,251,280,200" oya="3" hai0="72,10,28,32,119,96,124,15,110,93,68,87,35" hai1="33,41,82,65,23,129,2,103,101,55,89,4,20" hai2="127,78,42,52,46,45,114,120,106,26,86,131,39" hai3="94,64,30,51,128,11,135,21,75,98,50,113,36"/><W7/><G36/><T9/><D72/><U70/><E33/><V109/><F109/><W0/><G75/><T102/><D110/><U66/><E129/><V17/><F106/><W116/><G116/><T1/><D119/><U3/><E70/><V77/><F131/><W22/><G128/><T53/><D68/><U69/><E69/><V58/><F45/><W37/><G37/><T8/><D124/><U13/><E41/><V115/><F127/><W99/><G64/><N who="1" m="24682" /><E3/><V47/><F47/><W34/><G113/><N who="2" m="43017" /><F86/><W56/><G135/><T38/><D38/><U122/><E2/><V18/><F120/><W48/><G98/><T59/><D1/><U12/><E55/><V108/><F108/><W43/><G43/><T83/><D28/><U57/><E57/><V125/><F125/><W133/><G133/><T130/><D130/><U31/><E31/><V49/><F26/><W132/><G132/><T85/><D85/><N who="1" m="50359" /><E122/><V92/><F92/><W5/><G5/><T25/><D25/><U61/><E61/><V16/><AGARI ba="1,0" hai="16,17,18,39,42,46,49,52,58,77,78" m="43017" machi="16" ten="30,4000,0" yaku="15,1,54,2" doraHai="84" who="2" fromWho="2" sc="269,-11,251,-11,280,43,200,-21" owari="258,6.0,240,-16.0,323,42.0,179,-32.0" /></mjloggm>