<mjloggm ver="2.3"><GO type="225" lobby="0"/><UN n0="%E8%87%AA%E7%A7%B0%E6%9C%80%E5%BC%B7%E9%9B%80%E5%A3%AB%EF%BC%93" n1="%E4%BA%8C%E4%BB%A3%E7%9B%AE%E3%82%A2%E3%83%A1%E3%83%96%E3%83%A9" n2="%65%69%6B%31" n3="%E5%B0%B1%E6%B4%BB%E7%94%9F%40%E5%B7%9D%E6%9D%91%E8%BB%8D%E5%9B%A3" dan="16,17,17,16" rate="2135.95,2235.58,2238.48,2110.54" sx="M,M,M,M"/><TAIKYOKU oya="0"/><INIT seed="0,0,0,5,4,123" ten="250,250,250,250" oya="0" hai0="18,60,58,24,96,93,4,14,90,43,81,25,62" hai1="111,1,133,30,72,59,91,42,78,131,26,35,56" hai2="122,119,51,105,97,71,15,80,20,46,45,98,84" hai3="113,12,87,129,74,66,108,63,70,7,92,128,77"/><T2/><D43/><U5/><E131/><N who="3" m="50250" /><G113/><T19/><D2/><U85/><E133/><V103/><F122/><W44/><G74/><T8/><D62/><U117/><E117/><V118/><F71/><W40/><G92/><T120/><D120/><U121/><E121/><V124/><F124/><W67/><G87/><T6/><D81/><U48/><E111/><V13/><F98/><W75/><G67/><T64/><REACH who="0" step="1"/><D19/><REACH who="0" ten="240,250,250,250" step="2"/><U41/><E1/><V130/><F130/><W50/><G75/><T114/><D114/><U112/><E112/><V76/><F119/><W135/><G135/><T17/><D17/><U29/><E5/><AGARI ba="0,1" hai="4,5,6,8,14,18,24,25,58,60,64,90,93,96" machi="5" ten="40,3900,0" yaku="1,1,8,1,53,0" doraHai="123" doraHaiUra="100" who="0" fromWho="1" sc="240,49,250,-39,250,0,250,0" /><INIT seed="0,1,0,0,5,101" ten="289,211,250,250" oya="0" hai0="97,67,45,39,77,21,35,100,82,12,110,64,99" hai1="74,86,27,46,92,59,119,89,15,130,1,90,0" hai2="93,134,17,94,34,3,50,71,132,70,79,23,133" hai3="115,117,13,32,95,80,33,75,30,127,135,14,62"/><T114/><D114/><U2/><E119/><V10/><F34/><N who="3" m="13419" /><G75/><T18/><D35/><U125/><E74/><V5/><F79/><W63/><G95/><N who="2" m="36361" /><F50/><W103/><G80/><T26/><D110/><U88/><E125/><V122/><F122/><W61/><G103/><T129/><D129/><U36/><E130/><V111/><F111/><W98/><G98/><T37/><D37/><U19/><E27/><AGARI ba="1,0" hai="3,5,10,17,23,27,70,71,132,133,134" m="36361" machi="27" ten="30,1000,0" yaku="20,1" doraHai="101" who="2" fromWho="1" sc="289,0,211,-13,250,13,250,0" /><INIT seed="1,0,0,1,4,116" ten="289,198,263,250" oya="1" hai0="38,49,61,108,65,81,18,16,8,101,94,67,60" hai1="3,31,57,37,46,102,83,41,19,55,100,12,86" hai2="104,29,128,25,51,47,66,82,4,11,110,113,43" hai3="32,42,126,56,7,1,9,33,105,79,44,13,84"/><U35/><E3/><V59/><F104/><W76/><G105/><T111/><D38/><U80/><E31/><V117/><F117/><W114/><G114/><T107/><D107/><U109/><E35/><V125/><F113/><W123/><G126/><T87/><D49/><U48/><E109/><N who="0" m="42057" /><D94/><U6/><E6/><V71/><F110/><W119/><G1/><T106/><D106/><U118/><E118/><V112/><F112/><W10/><G10/><T30/><D30/><U28/><E28/><V20/><F125/><W15/><G15/><N who="0" m="7271" /><D101/><U92/><E92/><V96/><F96/><W85/><G119/><T73/><D73/><U54/><E54/><V127/><F127/><W95/><G95/><T91/><D18/><U133/><E133/><V131/><F82/><W98/><G98/><T75/><D75/><U40/><E40/><V27/><F27/><W53/><G84/><T2/><D2/><U122/><E122/><V69/><F131/><W21/><G123/><T135/><D135/><U36/><E36/><V93/><F128/><W124/><G124/><T70/><D70/><U115/><E115/><V120/><F120/><W90/><G32/><T26/><D26/><U17/><E17/><V134/><F134/><W77/><G33/><T68/><D68/><U97/><E97/><V74/><F74/><W39/><G21/><T5/><D5/><U52/><E55/><V103/><F93/><N who="3" m="54479" /><G53/><T14/><D14/><U62/><E37/><V63/><F103/><N who="1" m="39465" /><E86/><V99/><F99/><W34/><G34/><T132/><D132/><U89/><E19/><V23/><F23/><RYUUKYOKU ba="0,0" sc="289,10,198,-30,263,10,250,10" hai0="60,61,65,67,81,87,91" hai2="4,11,20,25,29,43,47,51,59,63,66,69,71" hai3="7,9,13,39,42,44,56,76,77,79" /><INIT seed="2,1,0,4,0,49" ten="299,168,273,260" oya="2" hai0="62,99,38,81,80,126,39,21,26,66,52,16,47" hai1="59,100,134,95,125,118,8,112,113,46,14,103,133" hai2="60,28,32,75,37,104,82,64,35,68,119,48,45" hai3="55,13,76,124,129,0,115,109,135,50,107,30,2"/><V123/><F123/><W92/><G107/><T18/><D126/><U5/><E118/><V83/><F119/><W36/><G36/><T127/><D127/><U70/><E125/><V69/><F69/><W58/><G124/><T40/><D39/><U73/><E70/><V87/><F104/><W7/><G76/><T57/><D99/><U130/><E73/><V114/><F114/><W27/><G115/><T96/><D96/><N who="1" m="59423" /><E103/><V53/><F28/><W1/><G129/><T65/><D18/><U20/><E130/><V56/><F75/><W25/><G135/><N who="1" m="51722" /><E46/><V6/><F6/><W98/><G109/><T54/><D65/><U79/><E79/><V3/><F3/><W84/><G84/><T101/><D101/><U9/><E20/><V17/><F17/><W116/><G116/><T61/><D66/><U11/><E11/><V22/><F22/><W120/><G120/><T10/><D10/><U29/><E29/><V122/><F122/><W86/><G86/><T31/><D31/><U71/><E71/><V105/><F105/><W85/><G85/><T88/><D88/><U89/><E89/><N who="2" m="51447" /><F83/><W42/><G30/><T4/><D4/><N who="1" m="3335" /><E59/><AGARI ba="1,0" hai="16,21,26,38,40,47,52,54,57,59,61,62,80,81" machi="59" ten="40,8000,1" yaku="9,1,52,2,54,2" doraHai="49" who="0" fromWho="1" sc="299,83,168,-83,273,0,260,0" /><INIT seed="3,0,0,2,2,18" ten="382,85,273,260" oya="3" hai0="103,72,106,104,110,73,34,23,19,10,90,14,47" hai1="37,63,78,17,82,114,39,8,89,100,95,76,61" hai2="107,30,53,64,54,81,101,50,26,58,56,62,74" hai3="7,25,65,120,2,29,127,105,108,132,75,0,38"/><W16/><G120/><T96/><D34/><U31/><E114/><V123/><F123/><W115/><G105/><T84/><D106/><U44/><E100/><V87/><F74/><W98/><G38/><T126/><D110/><U117/><E117/><V135/><F135/><W22/><G75/><T55/><D126/><U85/><E31/><V111/><F111/><W80/><G108/><T86/><D86/><U52/><E37/><V122/><F122/><W134/><G65/><T97/><D97/><U112/><E39/><V49/><F101/><W109/><G109/><T130/><D130/><U92/><E112/><V36/><F36/><W5/><G98/><T60/><D10/><U1/><E1/><N who="3" m="618" /><G80/><T124/><D124/><U70/><E70/><V128/><F128/><W27/><G127/><T51/><D60/><U99/><E92/><AGARI ba="0,0" hai="14,19,23,47,51,55,72,73,84,90,92,96,103,104" machi="92" ten="30,2000,0" yaku="7,1,52,1" doraHai="18" who="0" fromWho="1" sc="382,20,85,-20,273,0,260,0" owari="402,50.0,65,-43.0,273,7.0,260,-14.0" /></mjloggm>