<mjloggm ver="2.3"><GO type="169" lobby="0"/><UN n0="%E3%82%A6%E3%83%AB%E3%83%88%E3%83%A9%E7%AB%8B%E7%9B%B4" n1="%66%65%65%73" n2="%E3%82%B7%E3%83%A3%E3%82%AD%E3%82%AA%E3%83%8B" n3="%45%47%41%4B%55" dan="17,16,16,16" rate="2216.82,2040.36,2095.81,2063.99" sx="M,M,M,M"/><TAIKYOKU oya="0"/><INIT seed="0,0,0,2,3,24" ten="250,250,250,250" oya="0" hai0="115,6,127,134,73,10,29,64,108,70,126,109,91" hai1="71,77,129,125,22,75,118,48,119,35,102,9,135" hai2="7,100,56,28,130,5,52,97,4,87,19,50,67" hai3="41,94,116,21,60,74,12,25,105,68,57,93,90"/><T1/><D73/><U69/><E102/><V85/><F130/><W27/><G74/><T111/><D115/><U79/><E35/><V31/><F67/><W53/><G105/><T26/><D91/><U76/><E75/><V133/><F133/><W117/><G41/><T20/><D134/><U0/><E135/><V40/><F40/><W132/><G132/><T37/><D37/><U98/><E98/><V30/><REACH who="2" step="1"/><F19/><REACH who="2" ten="250,250,240,250" step="2"/><W44/><G117/><T34/><D34/><U2/><E129/><V81/><F81/><W113/><G116/><T83/><D83/><U95/><E119/><V72/><F72/><W47/><G68/><T80/><D80/><U106/><E71/><V86/><F86/><W23/><G94/><AGARI ba="0,1" hai="4,5,7,28,30,31,50,52,56,85,87,94,97,100" machi="94" ten="40,12000,2" yaku="1,1,8,1,52,3,54,1,53,0" doraHai="24" doraHaiUra="63" who="2" fromWho="3" sc="250,0,250,0,240,130,250,-120" /><INIT seed="1,0,0,3,2,5" ten="250,250,370,130" oya="1" hai0="38,33,55,80,81,14,83,78,100,31,61,56,116" hai1="48,37,93,123,42,118,112,87,64,63,125,91,66" hai2="52,131,82,75,99,12,65,27,127,107,49,25,106" hai3="3,103,0,21,121,6,62,43,1,90,47,92,122"/><U32/><E123/><V108/><F108/><W40/><G103/><T16/><D116/><U15/><E112/><V114/><F114/><W85/><G43/><T72/><D38/><U104/><E104/><V26/><F131/><W84/><G62/><T133/><D133/><U68/><E32/><V97/><F127/><W124/><G124/><T18/><D100/><U117/><E125/><V29/><F29/><W113/><G113/><T70/><D70/><U73/><E73/><V119/><F65/><W50/><G6/><T96/><D96/><U28/><E28/><V134/><F134/><W130/><G130/><T94/><D94/><U95/><E66/><V41/><F41/><W22/><REACH who="3" step="1"/><G85/><REACH who="3" ten="250,250,370,120" step="2"/><T34/><D61/><U120/><E120/><AGARI ba="0,1" hai="0,1,3,21,22,40,47,50,84,90,92,120,121,122" machi="120" ten="50,3200,0" yaku="1,1,2,1,53,0" doraHai="5" doraHaiUra="132" who="3" fromWho="1" sc="250,0,250,-32,370,0,120,42" /><INIT seed="2,0,0,2,5,121" ten="250,218,370,162" oya="2" hai0="99,106,9,114,93,8,135,133,105,103,78,56,108" hai1="95,116,109,94,83,35,13,23,47,45,84,117,131" hai2="28,11,130,89,118,71,125,132,97,127,54,18,65" hai3="17,122,134,68,76,123,113,87,24,6,64,69,3"/><V5/><F118/><W61/><G113/><T67/><D114/><U49/><E35/><V53/><F71/><W90/><G76/><T124/><D78/><U85/><E131/><V57/><F132/><N who="0" m="50762" /><D124/><N who="2" m="47690" /><F28/><W86/><G134/><T92/><D92/><U14/><E23/><V128/><F18/><W20/><G69/><T10/><D108/><U51/><E83/><V60/><F89/><W38/><G38/><T107/><D56/><U102/><E102/><V2/><F97/><W55/><G87/><T119/><D67/><U48/><E51/><V41/><F41/><W36/><G36/><T40/><D40/><U0/><E0/><V43/><F43/><W44/><G44/><T19/><D19/><U4/><E4/><V66/><F54/><W101/><G55/><T29/><D29/><U112/><E112/><V82/><F82/><W27/><G101/><T50/><D50/><U81/><E81/><V126/><N who="2" m="47698" /><V91/><DORA hai="98" /><F91/><W72/><G123/><T88/><D119/><U63/><E63/><V129/><AGARI ba="0,0" hai="2,5,11,53,57,60,65,66,128,129,130" m="47698" machi="129" ten="50,4800,0" yaku="19,1,18,1" doraHai="121,98" who="2" fromWho="2" sc="250,-16,218,-16,370,48,162,-16" /><INIT seed="2,1,0,0,4,79" ten="234,202,418,146" oya="2" hai0="98,99,57,46,47,116,42,124,92,21,105,22,30" hai1="97,54,66,100,125,24,12,60,77,123,59,96,23" hai2="71,51,82,50,53,108,134,32,68,11,126,40,95" hai3="28,5,86,127,67,45,64,74,38,17,39,29,31"/><V70/><F32/><W103/><G74/><T65/><D124/><U3/><E3/><V88/><F126/><W90/><G127/><T35/><D116/><U72/><E125/><V94/><F134/><W133/><G133/><T43/><D35/><U6/><E123/><V128/><F128/><W106/><G5/><T48/><D105/><U18/><E100/><V49/><F40/><W14/><G103/><T76/><D76/><U81/><E6/><V122/><F122/><W111/><G106/><T78/><D78/><U36/><E36/><V84/><F53/><W73/><G73/><T34/><D34/><U131/><E131/><V4/><REACH who="2" step="1"/><F108/><REACH who="2" ten="234,202,408,146" step="2"/><W1/><G111/><T109/><D43/><U61/><REACH who="1" step="1"/><E24/><REACH who="1" ten="234,192,408,146" step="2"/><V10/><F10/><W107/><G39/><T75/><D109/><U91/><E91/><V16/><F16/><W83/><G38/><T80/><D30/><U104/><E104/><V55/><F55/><W135/><G31/><T52/><D52/><U87/><E87/><V129/><F129/><W69/><G29/><T62/><D42/><U33/><E33/><V113/><F113/><W132/><G86/><T119/><D75/><U93/><E93/><V27/><F27/><W26/><G28/><T118/><D92/><U101/><E101/><V114/><F114/><W112/><G112/><T25/><D25/><U9/><E9/><V63/><F63/><W102/><G26/><T117/><D117/><U0/><E0/><AGARI ba="1,2" hai="0,4,11,49,50,51,68,70,71,82,84,88,94,95" machi="0" ten="50,9600,0" yaku="1,1,52,1,54,1,53,0" doraHai="79" doraHaiUra="15" who="2" fromWho="1" sc="234,0,192,-99,408,119,146,0" /><INIT seed="2,2,0,2,0,112" ten="234,93,527,146" oya="2" hai0="73,96,108,127,132,91,51,98,16,87,44,65,82" hai1="105,20,43,39,124,93,31,7,94,5,3,111,62" hai2="14,24,27,122,26,107,92,97,69,100,1,109,41" hai3="48,21,58,63,29,114,40,83,2,86,23,72,38"/><V121/><F69/><W33/><G72/><T77/><D65/><U50/><E39/><V103/><F1/><W70/><G2/><T128/><D108/><U46/><E105/><V126/><F126/><W28/><G33/><T53/><D127/><U89/><E124/><V120/><F41/><W76/><G114/><T99/><D128/><U15/><E111/><V133/><F133/><W129/><G38/><T59/><D132/><U75/><E75/><V110/><F103/><W95/><G70/><T84/><D59/><U17/><E31/><V104/><F104/><W13/><G23/><T68/><D68/><U47/><E3/><V8/><REACH who="2" step="1"/><F107/><REACH who="2" ten="234,93,517,146" step="2"/><W4/><G40/><T11/><D91/><U101/><E101/><V135/><F135/><W67/><G129/><T45/><D77/><U57/><E89/><V34/><F34/><W54/><G76/><T66/><D98/><U71/><E71/><V9/><F9/><W119/><G21/><T60/><D99/><U19/><E20/><V74/><F74/><W6/><G6/><AGARI ba="2,1" hai="6,8,14,24,26,27,92,97,100,109,110,120,121,122" machi="6" ten="50,2400,0" yaku="1,1,53,0" doraHai="112" doraHaiUra="49" who="2" fromWho="3" sc="234,0,93,0,517,40,146,-30" /><INIT seed="2,3,0,1,2,43" ten="234,93,557,116" oya="2" hai0="61,25,32,10,73,78,85,0,111,22,7,53,115" hai1="59,46,70,92,121,132,112,117,50,27,119,17,36" hai2="28,56,5,93,23,100,39,77,114,8,126,97,49" hai3="14,19,11,124,104,125,18,67,120,103,29,34,108"/><V105/><F39/><W83/><G120/><T4/><D115/><U58/><E112/><V60/><F126/><N who="3" m="48747" /><G67/><T131/><D73/><U122/><E70/><V102/><F77/><W38/><G38/><T51/><D7/><U6/><E36/><V42/><F105/><W94/><G104/><T9/><D9/><U2/><E92/><V31/><F102/><W21/><G83/><T135/><D32/><U110/><E6/><V35/><F35/><W106/><G106/><T134/><D61/><U98/><E2/><V54/><F23/><W40/><G40/><T13/><D0/><U129/><E98/><V57/><F42/><W90/><G103/><T109/><D78/><U123/><E17/><V82/><F82/><W72/><G72/><T45/><D85/><U107/><E27/><V41/><F41/><W76/><G76/><T118/><D118/><N who="1" m="45067" /><E107/><V99/><F99/><W69/><G69/><T30/><REACH who="0" step="1"/><D131/><REACH who="0" ten="224,93,557,116" step="2"/><U80/><E129/><V3/><F114/><W88/><G34/><T79/><D79/><U113/><E113/><V96/><F96/><W33/><G33/><T55/><D55/><AGARI ba="3,1" hai="3,5,8,28,31,49,54,55,56,57,60,93,97,100" machi="55" ten="30,1500,0" yaku="7,1" doraHai="43" who="2" fromWho="0" sc="224,-24,93,0,557,34,116,0" /><INIT seed="2,4,0,0,2,92" ten="200,93,591,116" oya="2" hai0="29,51,69,81,134,113,84,120,10,47,59,82,24" hai1="5,64,27,129,16,95,85,114,34,33,0,108,131" hai2="70,4,19,21,22,14,3,63,100,102,90,91,46" hai3="50,44,68,20,9,35,111,101,80,31,40,71,13"/><V119/><F119/><W45/><G111/><T48/><D69/><U121/><E64/><V126/><F126/><W104/><G35/><T89/><D113/><U23/><E114/><V127/><F127/><W122/><G122/><T32/><D120/><U1/><E121/><V25/><F3/><N who="1" m="1097" /><E5/><V28/><F4/><W2/><G2/><T12/><D134/><U72/><E72/><V65/><F46/><W37/><G80/><T52/><D81/><U118/><E85/><V78/><F78/><W30/><G30/><T67/><D67/><U96/><E118/><V73/><F73/><W8/><G8/><T124/><D124/><U49/><E49/><V56/><F70/><W6/><G20/><T7/><D47/><U54/><E54/><V60/><F60/><AGARI ba="4,0" hai="7,10,12,24,29,32,48,51,52,59,60,82,84,89" machi="60" ten="30,2000,0" yaku="7,1,54,1" doraHai="92" who="0" fromWho="2" sc="200,32,93,0,591,-32,116,0" /><INIT seed="3,0,0,5,0,131" ten="232,93,559,116" oya="3" hai0="135,72,29,44,26,83,17,99,42,128,98,108,106" hai1="7,25,67,101,12,73,6,94,93,77,51,19,82" hai2="63,88,129,110,35,47,109,127,32,85,61,122,50" hai3="81,3,107,119,53,0,100,38,124,90,115,91,31"/><W27/><G115/><T18/><D128/><U130/><E130/><V55/><F127/><W105/><G119/><T36/><D17/><U104/><E67/><V121/><F61/><W70/><G70/><T96/><D18/><U33/><E51/><V133/><F133/><W79/><G38/><T54/><D54/><U34/><E104/><V132/><F132/><W15/><G124/><T64/><D64/><U74/><E74/><V52/><F55/><W56/><G105/><T69/><D69/><U123/><E123/><N who="2" m="47115" /><F63/><W41/><G41/><T66/><D66/><U87/><E94/><N who="2" m="54543" /><F129/><W120/><G120/><T75/><D135/><U125/><E125/><V5/><F5/><W71/><G71/><T86/><D106/><U62/><E62/><V40/><F40/><W60/><G60/><T39/><D39/><U13/><E7/><V49/><F49/><W30/><G53/><T111/><D36/><U78/><E6/><V116/><F116/><W134/><G107/><T59/><D59/><U8/><E12/><V14/><F14/><W84/><G15/><T89/><D44/><U37/><E37/><V43/><F43/><W58/><G134/><T24/><D42/><U9/><E9/><V80/><F80/><W2/><G2/><T46/><D46/><U21/><E13/><V4/><F4/><W10/><G3/><T16/><D83/><U76/><E8/><V97/><F97/><W114/><G10/><T28/><D98/><N who="1" m="59599" /><E73/><V48/><F48/><W95/><G0/><T113/><D75/><U57/><E57/><V118/><F118/><W102/><G56/><RYUUKYOKU ba="0,0" sc="232,-15,93,15,559,15,116,-15" hai1="19,21,25,33,34,76,77,78,82,87" hai2="32,35,47,50,52,109,110" /><INIT seed="4,1,0,0,2,3" ten="217,108,574,101" oya="0" hai0="115,103,86,90,55,118,79,21,22,108,78,10,7" hai1="16,98,66,33,113,47,63,74,31,15,41,36,85" hai2="84,46,6,43,88,19,17,18,126,57,102,20,69" hai3="2,80,1,56,131,35,53,116,99,125,123,76,68"/><T89/><D118/><U9/><E74/><V106/><F69/><W42/><G116/><T64/><D115/><U60/><E113/><V120/><F120/><W58/><G68/><T132/><D132/><U121/><E121/><V34/><F34/><W133/><G123/><T83/><D103/><U72/><E72/><V30/><F6/><W111/><G111/><T62/><D55/><U52/><E98/><V73/><F73/><W61/><G35/><T127/><D108/><U92/><E66/><V28/><F20/><W0/><G133/><T25/><D127/><U130/><E130/><V96/><F57/><W38/><G131/><T101/><D101/><U51/><E92/><V39/><F126/><W54/><G99/><T94/><D89/><U117/><E85/><V40/><F40/><W48/><G125/><T107/><D107/><U13/><E117/><V100/><F102/><W8/><G42/><T26/><D26/><U77/><E77/><V93/><AGARI ba="1,0" hai="17,18,19,28,30,39,43,46,84,88,93,96,100,106" machi="93" ten="30,2000,0" yaku="0,1,54,1" doraHai="3" who="2" fromWho="2" sc="217,-11,108,-6,574,23,101,-6" /><INIT seed="5,0,0,4,4,35" ten="206,102,597,95" oya="1" hai0="37,116,82,132,30,55,114,84,23,110,76,51,83" hai1="81,129,124,77,85,121,8,74,131,0,16,92,134" hai2="60,26,24,49,17,104,88,135,90,75,105,47,21" hai3="91,53,62,68,98,120,107,87,96,42,27,95,64"/><U2/><E121/><V133/><F60/><W4/><G120/><T34/><D37/><U45/><E134/><N who="2" m="51211" /><F75/><W103/><G42/><T10/><D34/><U38/><E124/><V14/><F14/><W117/><G117/><T94/><D114/><U46/><E74/><V12/><F12/><W118/><G118/><T102/><D10/><U41/><E45/><V19/><F19/><W111/><G111/><T29/><D29/><U33/><E33/><V127/><F26/><W80/><G4/><T15/><D30/><U58/><E58/><V18/><F18/><W130/><G130/><N who="1" m="49674" /><E92/><V9/><F9/><W65/><G27/><T31/><D94/><U115/><E115/><V6/><F6/><W28/><G28/><T86/><D31/><U32/><E32/><V44/><F44/><W100/><G65/><T66/><D66/><U108/><E108/><V72/><F72/><W57/><REACH who="3" step="1"/><G53/><REACH who="3" ten="206,102,597,85" step="2"/><T63/><D55/><U73/><E73/><V5/><F5/><W71/><AGARI ba="0,1" hai="57,62,64,68,71,80,87,91,95,96,98,100,103,107" machi="71" ten="30,7900,0" yaku="1,1,2,1,0,1,53,1" doraHai="35" doraHaiUra="79" who="3" fromWho="3" sc="206,-20,102,-39,597,-20,85,89" /><INIT seed="6,0,0,0,3,131" ten="186,63,577,174" oya="2" hai0="33,122,1,38,14,67,75,105,88,115,82,103,28" hai1="22,89,121,104,68,110,42,52,24,80,84,44,59" hai2="25,39,36,13,100,113,73,55,124,120,81,130,32" hai3="31,69,41,107,17,83,117,94,49,51,119,85,79"/><V90/><F100/><W108/><G69/><T106/><D1/><U91/><E121/><V134/><F13/><W7/><G107/><T2/><D2/><U72/><E110/><V65/><F65/><W53/><G7/><T11/><D38/><U114/><E114/><V16/><F16/><W86/><G41/><T129/><D122/><U27/><E68/><V61/><F61/><W54/><G31/><T26/><D103/><U56/><E104/><V70/><F55/><W58/><G108/><T4/><D129/><U30/><E72/><V133/><F90/><W43/><G43/><T21/><D115/><U34/><E91/><V37/><F70/><W98/><G86/><T19/><D67/><U57/><E27/><V78/><F113/><W0/><G0/><N who="0" m="391" /><D75/><U127/><E127/><V12/><F12/><W101/><REACH who="3" step="1"/><G17/><REACH who="3" ten="186,63,577,164" step="2"/><T128/><D128/><U118/><E118/><V77/><F130/><W71/><G71/><T109/><D109/><U66/><E34/><V123/><F123/><W132/><G132/><N who="2" m="50793" /><F120/><W126/><G126/><T111/><D111/><U87/><E66/><V50/><F124/><W45/><AGARI ba="0,1" hai="45,49,51,53,54,58,79,83,85,94,98,101,117,119" machi="45" ten="20,5200,0" yaku="1,1,0,1,7,1,53,1" doraHai="131" doraHaiUra="40" who="3" fromWho="3" sc="186,-13,63,-13,577,-26,164,62" /><INIT seed="7,0,0,0,0,48" ten="173,50,551,226" oya="3" hai0="118,66,39,110,73,125,59,95,102,124,134,60,113" hai1="114,43,111,108,97,55,105,128,84,130,120,30,96" hai2="2,56,61,34,75,116,64,15,71,50,90,14,31" hai3="8,72,21,54,104,80,37,101,7,121,57,74,115"/><W67/><G37/><T119/><D73/><U77/><E43/><V88/><F2/><W24/><G121/><T16/><D39/><U13/><E13/><V3/><F3/><W91/><G101/><T17/><D110/><U107/><E30/><V82/><F116/><W44/><G44/><T106/><D106/><U0/><E0/><V109/><F109/><W92/><G104/><T135/><D102/><U89/><E77/><V45/><F34/><W94/><G67/><T10/><D95/><U112/><E55/><V51/><F31/><W126/><G92/><T1/><D1/><U98/><E98/><V86/><F75/><W53/><G80/><T27/><D113/><U28/><E28/><V9/><F14/><W47/><G8/><T36/><D36/><U58/><E58/><V99/><F71/><W85/><G91/><T68/><D68/><U129/><E129/><V103/><F45/><W20/><G47/><T63/><D10/><U41/><E41/><V65/><F65/><W127/><G94/><T22/><D17/><U5/><E5/><N who="2" m="3503" /><F103/><W42/><G7/><T123/><D123/><U83/><E120/><V79/><F99/><W117/><G74/><T93/><D66/><U122/><E122/><V76/><F88/><W69/><G117/><T32/><D119/><U35/><E35/><V131/><F131/><W87/><G72/><T25/><D118/><U70/><E70/><V19/><F19/><W23/><G69/><T26/><D32/><U33/><E33/><V40/><F40/><W133/><G42/><T52/><D59/><U18/><E83/><RYUUKYOKU ba="0,0" sc="173,-10,50,-10,551,30,226,-10" hai2="50,51,56,61,64,76,79,82,86,90" owari="163,-24.0,40,-46.0,581,68.0,216,2.0" /></mjloggm>