<mjloggm ver="2.3"><GO type="169" lobby="0"/><UN n0="%E5%B0%B1%E6%B4%BB%E7%94%9F%40%E5%B7%9D%E6%9D%91%E8%BB%8D%E5%9B%A3" n1="%6D%75%6B%69%74%74%69" n2="%E3%81%84%E3%81%97%E3%82%82%E3%82%8A" n3="%E7%88%BD%E6%B5%B7" dan="17,17,16,16" rate="2184.99,2142.92,2108.44,2090.83" sx="M,M,M,F"/><TAIKYOKU oya="0"/><INIT seed="0,0,0,5,2,98" ten="250,250,250,250" oya="0" hai0="119,92,2,76,15,43,67,48,96,32,69,65,22" hai1="24,63,118,23,126,60,83,73,50,131,3,39,38" hai2="116,54,91,30,58,85,111,89,52,109,34,108,104" hai3="17,46,71,100,132,133,56,51,90,0,112,29,101"/><T40/><D32/><U26/><E118/><V113/><F113/><W16/><G71/><T21/><D2/><U5/><E126/><V82/><F116/><W47/><G112/><T4/><D69/><U78/><E131/><V105/><F91/><W14/><G29/><T74/><D74/><U11/><E26/><N who="2" m="18775" /><F54/><N who="3" m="31839" /><G90/><T31/><D76/><U99/><E50/><AGARI ba="0,0" hai="50,52,58,82,85,89,104,105,108,109,111" m="18775" machi="50" ten="30,2000,0" yaku="14,1,54,1" doraHai="98" who="2" fromWho="1" sc="250,0,250,-20,250,20,250,0" /><INIT seed="1,0,0,0,2,117" ten="250,230,270,250" oya="1" hai0="94,59,123,110,64,25,75,55,29,11,79,103,17" hai1="32,56,91,92,82,111,100,31,26,107,15,12,5" hai2="52,89,66,132,20,8,131,87,30,128,70,14,46" hai3="7,62,68,80,71,78,44,37,133,57,73,40,10"/><U112/><E112/><V119/><F119/><W77/><G77/><T90/><D110/><U4/><E111/><V115/><F132/><W76/><G76/><T2/><D64/><U118/><E118/><V88/><F115/><W53/><REACH who="3" step="1"/><G133/><REACH who="3" ten="250,230,270,240" step="2"/><T122/><D79/><U34/><E34/><V83/><F128/><W85/><G85/><T13/><D75/><U51/><E32/><V1/><F131/><W65/><G65/><T104/><D2/><AGARI ba="0,1" hai="2,7,10,37,40,44,53,57,62,68,71,73,78,80" machi="2" ten="30,7700,0" yaku="1,1,7,1,25,2,53,0" doraHai="117" doraHaiUra="116" who="3" fromWho="0" sc="250,-77,230,0,270,0,240,87" /><INIT seed="2,0,0,2,3,7" ten="173,230,270,327" oya="2" hai0="23,12,30,49,76,56,64,116,106,21,66,38,53" hai1="28,134,51,95,63,10,92,88,27,57,4,105,68" hai2="91,87,100,18,9,55,31,99,82,96,59,20,119" hai3="16,22,69,0,19,131,117,67,47,73,44,35,3"/><V98/><F119/><W102/><G35/><T90/><D38/><U50/><E105/><V15/><F100/><W24/><G117/><T6/><D116/><U89/><E68/><V71/><F71/><W79/><G131/><T124/><D106/><U80/><E134/><V129/><F129/><W127/><G102/><T135/><D135/><U61/><E80/><V37/><F37/><W8/><G127/><T2/><D2/><U39/><E39/><V114/><F114/><W45/><G79/><T104/><D104/><U25/><E28/><V122/><F122/><W132/><G73/><T48/><D76/><U11/><E4/><V85/><F85/><W78/><G78/><T113/><D113/><U110/><REACH who="1" step="1"/><E57/><REACH who="1" ten="173,220,270,327" step="2"/><V81/><F81/><W14/><REACH who="3" step="1"/><G132/><REACH who="3" ten="173,220,270,317" step="2"/><T52/><D124/><U26/><E26/><N who="2" m="16839" /><F96/><W58/><G58/><T130/><D130/><U93/><E93/><V97/><F97/><W126/><G126/><T72/><D72/><U5/><E5/><V121/><F121/><W133/><G133/><T123/><D123/><U86/><E86/><V32/><F32/><W74/><G74/><T46/><D6/><U60/><E60/><AGARI ba="0,2" hai="9,15,18,55,59,60,82,87,91,98,99" m="16839" machi="60" ten="30,2900,0" yaku="8,1,52,1" doraHai="7" who="2" fromWho="1" sc="173,0,220,-29,270,49,317,0" /><AGARI ba="0,0" hai="0,3,8,14,16,19,22,24,44,45,47,60,67,69" machi="60" ten="40,8000,1" yaku="1,1,52,1,54,1,53,1" doraHai="7" doraHaiUra="17" who="3" fromWho="1" sc="173,0,191,-80,319,0,317,80" /><INIT seed="2,1,0,3,2,64" ten="173,111,319,397" oya="2" hai0="111,128,28,68,104,61,44,16,131,9,133,73,19" hai1="129,86,30,66,85,11,49,109,89,115,75,90,2" hai2="43,119,8,127,34,79,83,72,41,92,63,42,126" hai3="27,87,132,103,53,13,52,26,54,112,7,4,40"/><V77/><F119/><W98/><G132/><T99/><D73/><U95/><E115/><V113/><F113/><W100/><G112/><T70/><D133/><U29/><E75/><V121/><F121/><W38/><G87/><T76/><D76/><U65/><E109/><V24/><F77/><W118/><G118/><T59/><D28/><U108/><E108/><V45/><F8/><W84/><G84/><T25/><D44/><U97/><E129/><N who="0" m="49737" /><D111/><U110/><E110/><V21/><F34/><W5/><G13/><N who="0" m="7215" /><D19/><U105/><E105/><V88/><F45/><W12/><G12/><T3/><D25/><U69/><E49/><V48/><F48/><W35/><G35/><T62/><D3/><U120/><E120/><V94/><F63/><N who="0" m="24074" /><D59/><U47/><E47/><V116/><F116/><W20/><G40/><T55/><D55/><U32/><E32/><V36/><F36/><W135/><G38/><T57/><D57/><U31/><E2/><V96/><REACH who="2" step="1"/><F94/><REACH who="2" ten="173,111,309,397" step="2"/><W33/><G33/><T14/><D14/><U71/><E11/><V10/><F10/><W67/><G135/><T46/><D46/><U56/><E56/><V1/><F1/><W91/><G20/><T125/><D125/><U58/><E58/><V18/><AGARI ba="1,1" hai="18,21,24,41,42,43,72,79,83,88,92,96,126,127" machi="18" ten="30,6000,0" yaku="1,1,0,1,54,1,53,0" doraHai="64" doraHaiUra="0" who="2" fromWho="2" sc="173,-21,111,-21,309,73,397,-21" /><INIT seed="2,2,0,5,1,76" ten="152,90,382,376" oya="2" hai0="103,61,35,27,6,52,63,108,71,104,0,78,134" hai1="25,72,118,112,111,3,119,91,51,44,60,99,128" hai2="66,42,40,85,109,59,126,5,74,19,55,113,9" hai3="100,117,1,130,22,127,58,98,31,86,81,49,125"/><V94/><F74/><W20/><G1/><T14/><D108/><U135/><E3/><V32/><F113/><W77/><G117/><T114/><D114/><U56/><E112/><V26/><F66/><W57/><G130/><T7/><D134/><U65/><E111/><V123/><F123/><W101/><G101/><T92/><D104/><U47/><E128/><V79/><F126/><N who="3" m="48139" /><G49/><T12/><D27/><U70/><E135/><V120/><F120/><W116/><G116/><T132/><D35/><U37/><E72/><V8/><F109/><W39/><G39/><T53/><D78/><U29/><E70/><V15/><F32/><W83/><G83/><T84/><D103/><U124/><E124/><V93/><F26/><N who="3" m="16839" /><G22/><T18/><D0/><U48/><E37/><V89/><F79/><W45/><G45/><N who="1" m="17482" /><E119/><V82/><F42/><W68/><G68/><T64/><D71/><U95/><E118/><V122/><F40/><W38/><G38/><T16/><D132/><U115/><E115/><V107/><F107/><AGARI ba="2,0" hai="57,58,77,81,86,98,100,107" m="16839,48139" machi="107" ten="30,2000,0" yaku="18,1,52,1" doraHai="76" who="3" fromWho="2" sc="152,0,90,0,382,-26,376,26" /><INIT seed="3,0,0,0,0,22" ten="152,90,356,402" oya="3" hai0="12,108,32,87,123,102,48,8,6,19,133,132,88" hai1="31,112,118,38,121,91,68,21,119,126,90,57,70" hai2="17,129,44,81,27,3,40,5,4,14,39,110,61" hai3="113,99,73,79,130,111,76,59,49,47,134,69,1"/><W97/><G69/><N who="1" m="26730" /><E38/><V16/><F110/><W45/><G113/><T71/><D123/><U26/><E112/><V107/><F129/><W74/><G1/><T58/><D108/><U125/><E121/><V23/><F107/><W28/><G111/><T35/><D71/><U114/><E57/><V66/><F3/><W34/><G59/><T85/><D102/><U82/><E114/><V131/><F131/><W2/><G2/><T51/><D85/><N who="1" m="50487" /><E91/><V105/><F105/><W24/><G130/><T94/><D6/><U117/><AGARI ba="0,0" hai="21,26,31,117,118,119,125,126" m="50487,26730" machi="117" ten="40,2700,0" yaku="12,1,52,1" doraHai="22" who="1" fromWho="1" sc="152,-7,90,27,356,-7,402,-13" /><INIT seed="4,0,0,3,2,49" ten="145,117,349,389" oya="0" hai0="42,98,68,35,124,131,50,17,71,3,82,97,8" hai1="64,11,121,93,120,46,27,23,48,10,14,4,135" hai2="12,114,31,22,24,26,6,103,19,60,100,15,116" hai3="117,53,52,65,40,80,133,44,58,9,134,33,83"/><T85/><D35/><U2/><E135/><N who="3" m="51722" /><G117/><T78/><D131/><U18/><E93/><V79/><F114/><W132/><G132/><T86/><D124/><U106/><E64/><V30/><F116/><W122/><G122/><T5/><D17/><U37/><E37/><V62/><F79/><W29/><G9/><T36/><D86/><U123/><E106/><V34/><F100/><W119/><G119/><T128/><D128/><U111/><E111/><V92/><F103/><W107/><G107/><T0/><D0/><U1/><REACH who="1" step="1"/><E11/><REACH who="1" ten="145,107,349,389" step="2"/><N who="2" m="4215" /><F92/><W91/><G65/><T126/><D126/><U112/><E112/><V21/><F60/><W87/><G80/><T61/><D36/><U96/><E96/><V101/><F62/><W77/><G83/><T73/><D61/><U43/><AGARI ba="0,1" hai="1,2,4,10,14,18,23,27,43,46,48,120,121,123" machi="43" ten="30,4000,0" yaku="1,1,0,1,53,1" doraHai="49" doraHaiUra="7" who="1" fromWho="1" sc="145,-20,107,50,349,-10,389,-10" /><INIT seed="5,0,0,3,3,48" ten="125,157,339,379" oya="1" hai0="66,29,116,30,25,85,96,134,121,40,100,42,23" hai1="5,35,0,87,106,4,102,44,61,82,68,26,41" hai2="12,19,124,95,108,69,59,92,56,39,113,84,55" hai3="18,34,49,123,36,73,21,8,33,120,53,11,81"/><U115/><E115/><V90/><F108/><W46/><G36/><T104/><D116/><U118/><E118/><V133/><F69/><W83/><G73/><T3/><D3/><U131/><E131/><V132/><F124/><W38/><G38/><T86/><D121/><U65/><E0/><V119/><F119/><W110/><G110/><T58/><D134/><N who="2" m="51818" /><F39/><W101/><G101/><T105/><D30/><N who="1" m="19927" /><E44/><V51/><F113/><W128/><G128/><T2/><D2/><U31/><E31/><V129/><F129/><W117/><G117/><T14/><D104/><U10/><E10/><N who="2" m="6551" /><F59/><W78/><G78/><T57/><D57/><U64/><E41/><V89/><F89/><W13/><G120/><T32/><D32/><U62/><E62/><V52/><F55/><W7/><G8/><T112/><D14/><U45/><E45/><V37/><F37/><W111/><G111/><T9/><D9/><U74/><E65/><V109/><F109/><W80/><REACH who="3" step="1"/><G123/><REACH who="3" ten="125,157,339,369" step="2"/><T15/><D112/><U126/><E74/><V88/><F90/><W17/><G17/><T77/><D77/><N who="1" m="46543" /><E126/><V98/><F98/><AGARI ba="0,1" hai="4,5,61,64,68,98,102,106" m="46543,19927" machi="98" ten="30,1500,0" yaku="25,1" doraHai="48" who="1" fromWho="2" sc="125,0,157,25,339,-15,369,0" /><INIT seed="5,1,0,0,4,131" ten="125,182,324,369" oya="1" hai0="1,50,9,84,21,104,34,55,56,92,74,30,97" hai1="29,0,98,91,122,103,66,116,61,83,52,15,14" hai2="89,31,112,54,129,49,35,32,47,65,88,24,62" hai3="100,44,115,118,58,135,130,77,45,125,46,105,127"/><U11/><E122/><V40/><F129/><W69/><G130/><T81/><D34/><U7/><E116/><V23/><F112/><W26/><G69/><T6/><D104/><U114/><E114/><V48/><F35/><W96/><G115/><T71/><D71/><U72/><E29/><V43/><F32/><W123/><G123/><T63/><D74/><U106/><E52/><V124/><F124/><N who="3" m="47691" /><G118/><T19/><D30/><U17/><E17/><V25/><F25/><W75/><G58/><T28/><D28/><U4/><E4/><V110/><F110/><W73/><G26/><T113/><D113/><U36/><E36/><V22/><F22/><W119/><G119/><T64/><D64/><U70/><REACH who="1" step="1"/><E91/><REACH who="1" ten="125,172,324,369" step="2"/><V132/><F88/><W128/><G128/><T5/><D5/><U79/><AGARI ba="1,1" hai="0,7,11,14,15,61,66,70,72,79,83,98,103,106" machi="79" ten="30,11700,0" yaku="1,1,2,1,0,1,53,1" doraHai="131" doraHaiUra="94" who="1" fromWho="1" sc="125,-40,172,130,324,-40,369,-40" /><INIT seed="5,2,0,1,0,120" ten="85,302,284,329" oya="1" hai0="46,12,17,101,5,92,109,135,78,107,23,44,49" hai1="53,125,39,72,110,63,108,131,123,113,84,79,97" hai2="80,117,94,29,134,115,20,18,55,58,83,122,51" hai3="36,76,99,132,86,114,3,14,11,32,129,127,22"/><U33/><E33/><V42/><F117/><W0/><G32/><T37/><D107/><U24/><E39/><V85/><F122/><W105/><G36/><T95/><D135/><U73/><E24/><V28/><F134/><W60/><G132/><T69/><D69/><U34/><E34/><V93/><F115/><W119/><G22/><T9/><D37/><U27/><E27/><N who="2" m="14743" /><F42/><W15/><G15/><T2/><D78/><U13/><E13/><V67/><F67/><W8/><G8/><T25/><D101/><U102/><E63/><V90/><F94/><W87/><G76/><T104/><D104/><N who="1" m="63567" /><E53/><V126/><F126/><W121/><G121/><T45/><D109/><N who="1" m="42091" /><E123/><V21/><F21/><W1/><G127/><T71/><D71/><U91/><E125/><V19/><F19/><N who="3" m="8671" /><G0/><T6/><D6/><U10/><E10/><V112/><F112/><W98/><G114/><T47/><REACH who="0" step="1"/><D2/><REACH who="0" ten="75,302,284,329" step="2"/><U35/><E113/><V128/><F128/><W4/><G129/><T100/><D100/><U66/><E131/><V68/><F68/><W50/><G1/><T124/><D124/><U52/><E79/><V57/><F57/><W130/><G3/><T48/><D48/><U56/><E35/><V7/><F7/><W116/><G130/><T118/><D118/><U64/><E73/><V31/><AGARI ba="2,1" hai="28,29,31,51,55,58,80,83,85,90,93" m="14743" machi="31" ten="30,1100,0" yaku="8,1" doraHai="120" who="2" fromWho="2" sc="75,-5,302,-7,284,27,329,-5" /><INIT seed="6,0,0,4,4,110" ten="70,295,311,324" oya="2" hai0="86,49,50,43,61,89,115,119,134,125,14,102,79" hai1="97,62,40,46,129,63,53,51,22,54,25,77,24" hai2="23,1,118,71,107,17,44,33,132,26,19,34,105" hai3="126,90,82,128,57,4,91,45,35,37,55,93,38"/><V30/><F71/><W18/><G35/><N who="2" m="13321" /><F44/><W84/><G4/><T13/><D119/><U8/><E129/><V20/><F105/><W7/><G7/><T48/><D125/><U103/><E77/><V0/><F107/><W114/><G128/><T58/><D43/><U78/><E78/><V68/><F68/><W133/><G45/><T60/><D134/><U127/><E127/><V130/><F130/><W111/><G111/><T42/><D42/><U2/><E54/><V11/><F118/><W100/><G100/><T85/><D102/><U3/><E53/><V108/><F108/><W92/><G82/><T6/><D6/><U32/><E32/><N who="2" m="20567" /><F132/><W41/><G133/><T101/><D101/><U80/><E80/><V116/><F116/><W64/><G41/><T131/><D131/><U99/><E63/><N who="0" m="24137" /><D89/><U15/><E62/><V9/><F9/><W88/><G64/><T124/><D58/><U70/><E70/><V98/><F98/><N who="3" m="57631" /><G90/><T87/><D79/><U112/><E103/><V73/><F73/><W36/><G126/><T135/><D124/><U120/><E40/><V109/><F109/><W121/><G37/><T56/><D56/><U104/><E104/><V123/><F123/><W16/><G121/><T94/><D94/><U122/><E120/><V52/><F52/><W117/><G117/><T75/><D75/><U113/><E122/><V83/><F83/><W28/><G36/><T74/><D74/><U81/><E46/><V21/><F11/><W39/><G38/><T96/><D135/><U95/><E8/><V67/><F67/><W76/><G39/><RYUUKYOKU ba="0,0" sc="70,-10,295,-10,311,30,324,-10" hai2="0,1,17,19,20,21,23" /><INIT seed="6,1,0,1,0,38" ten="60,285,341,314" oya="2" hai0="121,104,34,100,129,70,44,19,118,12,31,88,66" hai1="97,106,95,49,120,92,69,72,39,128,1,93,107" hai2="53,40,108,6,119,41,46,74,105,29,30,35,115" hai3="21,14,116,23,16,7,82,83,112,117,132,126,9"/><V99/><F119/><N who="3" m="45643" /><G82/><T11/><D118/><U134/><E39/><V101/><F108/><W2/><G83/><T63/><D121/><U131/><E1/><V54/><F74/><W4/><G126/><T17/><D129/><N who="1" m="49739" /><E69/><V3/><F115/><W18/><G112/><T122/><D122/><U58/><E120/><V79/><F79/><W0/><G132/><T96/><D44/><U52/><E72/><V91/><F91/><W43/><G43/><T56/><D56/><U60/><E134/><V22/><F35/><W47/><G47/><T55/><D55/><N who="1" m="33887" /><E97/><V68/><F68/><W98/><G98/><T80/><D80/><U15/><E15/><V8/><F41/><W10/><G18/><T110/><D110/><U86/><E86/><V33/><F33/><W135/><G135/><T111/><D111/><U113/><E113/><V78/><F78/><W90/><G90/><T13/><D88/><U65/><E65/><V28/><REACH who="2" step="1"/><F22/><AGARI ba="1,0" hai="0,2,4,7,9,10,14,16,21,22,23" m="45643" machi="22" ten="30,3900,0" yaku="34,2,54,1" doraHai="38" who="3" fromWho="2" sc="60,0,285,0,341,-42,314,42" /><INIT seed="7,0,0,5,2,48" ten="60,285,299,356" oya="3" hai0="93,122,52,19,24,123,73,57,130,2,70,61,39" hai1="17,107,34,29,55,96,115,80,22,11,1,62,53" hai2="49,26,120,102,132,121,82,56,81,41,88,75,78" hai3="60,85,13,37,126,129,42,25,54,109,87,84,14"/><W106/><G106/><T105/><D105/><U133/><E34/><V74/><F102/><W30/><G109/><T59/><D73/><U135/><E29/><V9/><F132/><N who="1" m="50761" /><E115/><V67/><F26/><W23/><G126/><T31/><D2/><U63/><E80/><V20/><F20/><W10/><G129/><T7/><D130/><U45/><E45/><N who="2" m="25775" /><F9/><W68/><G68/><T8/><D39/><U35/><E35/><V134/><F134/><W65/><G65/><T110/><D110/><U113/><E113/><V86/><F75/><W125/><G125/><T92/><D70/><U76/><E76/><V124/><F124/><W5/><G37/><T50/><D122/><N who="2" m="47210" /><F56/><N who="3" m="34839" /><G13/><T127/><D127/><U69/><E69/><V95/><F67/><W0/><G0/><T114/><D114/><U91/><E11/><V15/><F15/><W108/><G108/><T112/><D112/><U12/><E1/><V131/><F131/><W111/><G111/><T99/><D123/><U6/><E6/><V90/><F90/><W44/><G85/><T40/><D7/><U16/><E17/><V28/><F28/><W98/><G98/><T100/><D40/><U4/><E4/><V58/><F58/><W47/><G42/><T71/><D71/><U118/><E118/><V89/><F89/><W72/><G72/><T32/><D92/><AGARI ba="0,0" hai="74,78,81,82,86,88,92,95" m="47210,25775" machi="92" ten="30,2000,0" yaku="13,1,54,1" doraHai="48" who="2" fromWho="0" sc="60,-20,285,0,299,20,356,0" owari="40,-46.0,285,-11.0,319,12.0,356,45.0" /></mjloggm>