<mjloggm ver="2.3"><GO type="41" lobby="0"/><UN n0="%E3%81%AA%E3%81%8F%E3%81%AB%E3%82%83%E3%82%93" n1="%73%65%62%61%6E%6E%33%32" n2="%E5%B0%B1%E6%B4%BB%E7%94%9F%40%E5%B7%9D%E6%9D%91%E8%BB%8D%E5%9B%A3" n3="%72%61%64%65%72" dan="14,14,17,15" rate="1933.39,1896.91,2174.93,1953.53" sx="M,M,M,M"/><TAIKYOKU oya="0"/><INIT seed="0,0,0,2,1,56" ten="250,250,250,250" oya="0" hai0="52,83,62,113,8,49,10,11,46,85,28,5,97" hai1="106,50,127,86,99,60,19,65,103,121,79,70,43" hai2="40,123,72,1,41,104,115,47,105,20,24,122,66" hai3="81,93,133,130,31,32,58,55,33,108,73,132,36"/><T67/><D113/><U53/><E121/><V39/><F1/><W25/><G36/><T16/><D28/><U124/><E43/><V27/><F115/><W42/><G42/><T112/><D112/><U34/><E34/><V18/><F72/><W128/><G93/><T17/><D5/><U96/><E96/><V119/><F119/><W3/><G3/><T29/><D29/><U114/><E114/><V63/><F41/><W74/><G33/><T98/><D98/><U38/><E38/><V51/><F39/><W82/><G74/><T6/><D6/><U91/><E79/><V134/><F134/><N who="3" m="51819" /><G108/><T23/><D97/><U107/><E19/><V45/><F45/><W101/><G101/><T71/><REACH who="0" step="1"/><D23/><REACH who="0" ten="240,250,250,250" step="2"/><U89/><E99/><V100/><F122/><W80/><G73/><T95/><D95/><U69/><E107/><V30/><F123/><W84/><G84/><T110/><D110/><U7/><E7/><V12/><F104/><W87/><G87/><T111/><D111/><U2/><E106/><V54/><F105/><W75/><G75/><T135/><D135/><U14/><E86/><V68/><F100/><W102/><G102/><T48/><D48/><AGARI ba="0,1" hai="25,31,32,48,55,58,80,81,82,128,130" m="51819" machi="48" ten="30,1000,0" yaku="20,1" doraHai="56" who="3" fromWho="0" sc="240,-10,250,0,250,0,250,20" /><INIT seed="1,0,0,5,5,47" ten="230,250,250,270" oya="1" hai0="118,58,37,96,104,88,112,52,105,111,119,101,16" hai1="64,34,8,72,69,19,110,134,31,41,121,59,36" hai2="6,11,2,63,92,81,89,98,49,32,26,84,127" hai3="62,53,66,106,4,56,68,80,85,61,100,76,3"/><U29/><E121/><V12/><F127/><W95/><G106/><T132/><D119/><U25/><E69/><V109/><F109/><W28/><G28/><T55/><D37/><U57/><E134/><V9/><F63/><W91/><G100/><T83/><D132/><U13/><E72/><V70/><F70/><W42/><G3/><T71/><D71/><U97/><E31/><V122/><F122/><W17/><G4/><T35/><D111/><U39/><E110/><V130/><F130/><W30/><G30/><T99/><D35/><U54/><E41/><V86/><F32/><W94/><G42/><T125/><D55/><U48/><REACH who="1" step="1"/><E97/><REACH who="1" ten="230,240,250,270" step="2"/><V51/><F26/><W87/><G17/><T128/><D128/><U10/><E10/><V73/><F73/><W65/><G65/><T77/><D99/><U1/><E1/><V114/><F114/><W117/><G117/><T60/><D118/><U123/><E123/><V124/><F124/><W78/><G76/><T21/><D125/><U126/><E126/><V67/><F86/><W102/><G102/><T79/><D101/><U131/><E131/><V5/><REACH who="2" step="1"/><F67/><REACH who="2" ten="230,240,240,270" step="2"/><W108/><G108/><T0/><D112/><U18/><E18/><V14/><F14/><W40/><G40/><T23/><D0/><U133/><E133/><V46/><F46/><W24/><G24/><T15/><D16/><U93/><E93/><AGARI ba="0,2" hai="53,56,61,62,66,68,78,80,85,87,91,93,94,95" machi="93" ten="30,1000,0" yaku="7,1" doraHai="47" who="3" fromWho="1" sc="230,0,240,-10,240,0,270,30" /><INIT seed="2,0,0,2,1,91" ten="230,230,240,300" oya="2" hai0="118,108,89,44,62,17,127,126,42,12,63,98,43" hai1="39,47,112,9,83,18,104,31,34,109,82,4,115" hai2="114,22,111,58,38,45,79,121,92,128,5,19,69" hai3="52,113,131,110,134,2,6,16,60,71,105,56,40"/><V36/><F69/><W15/><G105/><T24/><D108/><U65/><E109/><V68/><F68/><W100/><G100/><T66/><D24/><U21/><E104/><V99/><F121/><W54/><G110/><T41/><D89/><U14/><E65/><V55/><F114/><W64/><G113/><T70/><D17/><U29/><E29/><V32/><F32/><W78/><G78/><T53/><D98/><U50/><E39/><V51/><F111/><W46/><G134/><T25/><D25/><U77/><E31/><V116/><F116/><W59/><G6/><T48/><D12/><U90/><E34/><V7/><F128/><W106/><G106/><T94/><D94/><U73/><E90/><V132/><F79/><W28/><G2/><T10/><D10/><U85/><E83/><V130/><F130/><W117/><G28/><T57/><D118/><U103/><E103/><V81/><F81/><W96/><G117/><T135/><D135/><U72/><E72/><V122/><F122/><W84/><G71/><T86/><D86/><U49/><E49/><V30/><F30/><W26/><G84/><T107/><D107/><U11/><E11/><V125/><F125/><AGARI ba="0,0" hai="41,42,43,44,48,53,57,62,63,66,70,125,126,127" machi="125" ten="40,8000,1" yaku="18,1,34,3" doraHai="91" who="0" fromWho="2" sc="230,80,230,0,240,-80,300,0" /><INIT seed="3,0,0,1,2,83" ten="310,230,160,300" oya="3" hai0="97,17,72,40,114,76,39,20,91,47,89,101,77" hai1="11,93,22,116,54,8,106,81,14,4,61,122,117" hai2="86,42,66,85,52,46,3,15,90,32,105,113,127" hai3="0,92,7,27,13,6,62,9,121,64,49,108,25"/><W123/><G108/><T45/><D114/><U69/><E106/><V1/><F105/><W31/><G49/><T129/><D129/><U26/><E122/><V84/><F113/><W24/><G92/><T95/><D72/><U88/><E81/><N who="2" m="49423" /><F32/><W10/><REACH who="3" step="1"/><G31/><REACH who="3" ten="310,230,160,290" step="2"/><T55/><D76/><U75/><E93/><V82/><F127/><W5/><G5/><T87/><D77/><U50/><E50/><N who="2" m="26967" /><F3/><W73/><G73/><T70/><D39/><U63/><E75/><V23/><F1/><W51/><G51/><T79/><D95/><U74/><E74/><V132/><F132/><W12/><G12/><T65/><D79/><U68/><E14/><V19/><F82/><W133/><G133/><T67/><D17/><U43/><E4/><V119/><F119/><W118/><G118/><T104/><D104/><U111/><E111/><V94/><F94/><W59/><AGARI ba="0,1" hai="0,6,7,9,10,13,24,25,27,59,62,64,121,123" machi="59" ten="30,6000,0" yaku="1,1,0,1,53,1" doraHai="83" doraHaiUra="57" who="3" fromWho="3" sc="310,-20,230,-20,160,-20,290,70" /><INIT seed="3,1,0,2,0,104" ten="290,210,140,360" oya="3" hai0="126,25,92,22,93,62,84,125,76,77,20,133,37" hai1="42,132,49,39,103,80,66,59,11,123,100,17,131" hai2="2,130,115,85,94,121,0,18,4,86,90,71,120" hai3="10,27,67,33,108,105,53,56,82,51,72,21,83"/><W28/><G105/><T119/><D37/><U14/><E123/><V8/><F115/><W78/><G108/><T112/><D119/><U128/><E132/><V89/><F71/><W97/><G97/><T96/><D133/><U12/><E39/><V29/><F130/><W99/><G67/><T61/><D84/><U134/><E134/><V68/><F68/><W122/><G122/><T87/><D87/><U40/><E80/><V58/><F29/><W9/><G33/><T110/><D96/><U26/><E26/><V98/><F98/><W57/><G57/><T32/><D32/><U95/><E14/><V52/><F18/><W79/><REACH who="3" step="1"/><G99/><REACH who="3" ten="290,210,140,350" step="2"/><T124/><D110/><U107/><E107/><V69/><F69/><W34/><G34/><T46/><D112/><U16/><E59/><V30/><F30/><W55/><G55/><T7/><D125/><U19/><E66/><V116/><F116/><W31/><G31/><T106/><D106/><U74/><E131/><V24/><F121/><W114/><G114/><T117/><D117/><U1/><E128/><V43/><F120/><W118/><G118/><T127/><D127/><U47/><E103/><V109/><F109/><W135/><G135/><T64/><D64/><U81/><E100/><V45/><F58/><W75/><AGARI ba="1,1" hai="9,10,21,27,28,51,53,56,72,75,78,79,82,83" machi="75" ten="20,18000,2" yaku="1,1,0,1,7,1,9,1,52,2,53,0" doraHai="104" doraHaiUra="65" who="3" fromWho="3" sc="290,-61,210,-61,140,-61,350,193" /><INIT seed="3,2,0,0,0,20" ten="229,149,79,543" oya="3" hai0="108,27,90,61,7,56,50,62,48,32,46,135,23" hai1="28,96,115,79,40,117,3,39,42,80,91,51,67" hai2="25,126,66,49,94,19,33,6,119,24,34,109,71" hai3="53,105,74,120,104,70,68,87,76,10,107,4,133"/><W64/><G120/><T58/><D108/><U30/><E3/><V44/><F119/><W0/><G133/><T118/><D118/><U43/><E117/><V134/><F109/><W31/><G64/><T111/><D111/><U122/><E122/><V21/><F134/><W88/><G53/><T99/><D7/><U106/><E115/><V113/><F113/><W129/><G129/><T69/><D69/><U52/><E67/><V57/><F126/><W38/><G38/><T132/><D32/><U36/><E36/><V60/><F6/><W130/><G130/><T1/><D1/><U93/><E106/><V14/><F71/><W97/><G97/><T128/><D128/><U124/><E39/><V75/><F75/><W12/><G0/><T5/><D5/><U22/><E124/><V17/><F94/><W100/><G100/><T110/><D110/><U86/><REACH who="1" step="1"/><E22/><REACH who="1" ten="229,139,79,543" step="2"/><N who="2" m="13391" /><F34/><W47/><G107/><T82/><D132/><U85/><E85/><V29/><F33/><W65/><G105/><T9/><D135/><U78/><E78/><V83/><F83/><N who="3" m="49279" /><G104/><T127/><D127/><U37/><E37/><V114/><F114/><W101/><G76/><T35/><D35/><U45/><AGARI ba="2,1" hai="28,30,40,42,43,45,51,52,79,80,86,91,93,96" machi="45" ten="30,8000,1" yaku="1,1,0,1,8,1,54,1,53,1" doraHai="20" doraHaiUra="92" who="1" fromWho="1" sc="229,-22,139,96,79,-22,543,-42" /><INIT seed="4,0,0,2,5,23" ten="207,235,57,501" oya="0" hai0="68,125,102,99,45,108,117,25,66,24,89,30,93" hai1="29,9,121,103,91,48,118,64,105,115,36,3,37" hai2="79,97,44,33,14,123,71,112,111,70,120,11,119" hai3="75,15,53,62,128,42,96,74,80,22,85,35,127"/><T26/><D117/><U27/><E121/><V109/><F79/><W50/><G127/><T34/><D125/><U31/><E118/><V58/><F97/><W78/><G35/><T21/><D45/><U17/><E64/><V4/><F33/><W126/><G128/><T87/><D108/><U84/><E105/><V131/><F131/><W114/><G114/><T94/><D68/><U90/><E103/><V129/><F129/><W60/><G75/><T106/><D66/><U20/><E91/><V113/><F44/><W7/><G74/><T43/><D43/><U83/><E31/><V51/><F51/><W77/><G77/><T135/><D135/><U10/><E115/><N who="2" m="44107" /><F58/><W61/><G126/><T92/><REACH who="0" step="1"/><D34/><REACH who="0" ten="197,235,57,501" step="2"/><U76/><E37/><V0/><F71/><W107/><G42/><T133/><D133/><U54/><E36/><V5/><F70/><W100/><G53/><T46/><D46/><U59/><E54/><V65/><F65/><W101/><G61/><T57/><D57/><U18/><E59/><V63/><F63/><W134/><G60/><T13/><D13/><U12/><E12/><V110/><F119/><W104/><G62/><T88/><D88/><U72/><E90/><V1/><F1/><W6/><G134/><T67/><D67/><U98/><E3/><V16/><F0/><W82/><G50/><T49/><D49/><U73/><E48/><V47/><F47/><W40/><G40/><T81/><AGARI ba="0,1" hai="21,24,25,26,30,81,87,89,92,93,94,99,102,106" machi="81" ten="30,12000,1" yaku="1,1,0,1,52,3,53,0" doraHai="23" doraHaiUra="56" who="0" fromWho="0" sc="197,130,235,-40,57,-40,501,-40" /><INIT seed="4,1,0,0,1,52" ten="327,195,17,461" oya="0" hai0="60,87,1,29,127,100,113,13,85,44,42,45,54" hai1="132,107,135,109,23,72,129,93,74,68,114,108,11" hai2="79,28,63,110,14,120,32,88,106,99,131,39,4" hai3="38,123,59,95,19,101,24,37,102,27,6,50,49"/><T41/><D113/><U76/><E68/><V121/><F110/><W77/><G123/><T115/><D115/><U31/><E31/><V65/><F39/><W48/><G6/><T82/><D1/><U56/><E23/><V111/><F111/><W36/><G59/><N who="0" m="34935" /><D127/><U97/><E11/><V46/><F131/><W25/><G77/><T20/><D100/><U80/><E56/><V22/><F79/><W133/><G133/><N who="1" m="51274" /><E114/><V17/><F46/><N who="0" m="18026" /><D85/><N who="1" m="48263" /><E107/><V3/><F63/><W67/><G67/><T61/><D61/><U116/><E116/><V16/><F65/><W10/><G95/><T7/><D29/><U9/><E129/><V40/><F40/><W83/><G83/><T112/><D112/><U71/><E71/><V35/><F106/><W73/><G73/><N who="1" m="28266" /><E9/><N who="2" m="2207" /><F99/><W126/><G126/><T117/><D117/><U90/><AGARI ba="1,0" hai="90,93,97,108,109" m="28266,48263,51274" machi="90" ten="30,4000,0" yaku="20,1,34,2" doraHai="52" who="1" fromWho="1" sc="327,-21,195,43,17,-11,461,-11" /><INIT seed="5,0,0,5,5,66" ten="306,238,6,450" oya="1" hai0="67,1,32,13,106,68,60,81,102,57,51,113,25" hai1="86,100,115,4,38,91,132,15,16,10,50,75,101" hai2="90,122,103,110,82,134,45,6,83,65,118,56,125" hai3="39,104,34,23,131,74,94,20,53,84,40,63,29"/><U105/><E38/><V80/><F122/><W30/><G74/><T7/><D113/><U93/><E75/><V64/><F118/><W114/><G104/><T92/><D57/><U43/><E115/><V85/><F110/><W18/><G131/><T22/><D51/><U95/><E132/><V71/><F125/><W24/><G114/><T128/><D92/><U8/><E105/><V47/><F134/><W108/><G108/><T49/><D49/><U27/><E95/><V111/><F111/><W130/><G130/><T11/><D81/><N who="2" m="31338" /><F71/><W54/><G34/><T87/><D87/><U36/><E36/><V31/><F31/><W3/><G3/><T46/><D46/><N who="2" m="17418" /><F6/><W55/><G30/><N who="0" m="19535" /><D128/><U5/><E27/><V69/><F69/><W12/><G39/><T9/><D22/><U78/><E78/><V62/><F103/><W97/><G84/><T35/><D35/><U33/><E33/><V21/><F21/><W127/><G127/><T133/><D133/><U17/><E43/><V116/><F116/><W98/><G40/><T2/><D102/><U42/><E42/><V121/><F121/><W37/><G37/><T58/><D106/><U48/><E101/><V72/><F72/><W120/><G120/><T119/><D58/><U70/><E100/><V124/><F124/><W107/><G107/><T19/><D119/><U117/><E117/><V14/><F14/><W28/><G12/><T73/><D73/><U76/><E76/><V126/><F126/><W26/><G28/><T89/><D89/><U0/><E70/><V123/><F123/><W59/><G98/><RYUUKYOKU ba="0,0" sc="306,0,238,0,6,0,450,0" hai0="1,2,7,9,11,13,19,60,67,68" hai1="0,4,5,8,10,15,16,17,48,50,86,91,93" hai2="56,62,64,65,83,85,90" hai3="18,20,23,24,26,29,53,54,55,59,63,94,97" /><INIT seed="5,1,0,2,4,80" ten="306,238,6,450" oya="1" hai0="65,53,97,90,20,114,62,57,12,93,1,63,102" hai1="46,13,91,49,126,128,73,113,35,42,96,95,107" hai2="32,34,131,66,37,124,4,76,127,74,87,103,16" hai3="40,22,9,21,23,110,25,0,81,84,86,135,85"/><U89/><E113/><V54/><F37/><W105/><G105/><T43/><D1/><U5/><E35/><V44/><F131/><W125/><G125/><N who="2" m="48201" /><F74/><W120/><G120/><T79/><D79/><U75/><E126/><V133/><F133/><W98/><G135/><T115/><D43/><U64/><E128/><V83/><F4/><W8/><G110/><T52/><D114/><U99/><E64/><V14/><F103/><W109/><G109/><T58/><D115/><U45/><E45/><V41/><F66/><W70/><G70/><T88/><D65/><U29/><E29/><V48/><F41/><W101/><G40/><T129/><D129/><U7/><E7/><V27/><F27/><W122/><G122/><T51/><D51/><U112/><E112/><V118/><F118/><W17/><G81/><T111/><D111/><U15/><E15/><V123/><F123/><W55/><G55/><T38/><D38/><U71/><E71/><V121/><F121/><W10/><REACH who="3" step="1"/><G0/><REACH who="3" ten="306,238,6,440" step="2"/><T50/><D50/><U28/><E107/><V68/><F68/><W56/><G56/><T47/><D47/><U77/><E42/><V92/><F92/><W104/><AGARI ba="1,1" hai="8,9,10,17,21,22,23,25,84,85,86,98,101,104" machi="104" ten="30,12000,2" yaku="1,1,0,1,52,3,53,1" doraHai="80" doraHaiUra="94" who="3" fromWho="3" sc="306,-31,238,-61,6,-31,440,133" owari="275,8.0,177,-22.0,-25,-53.0,573,67.0" /></mjloggm>