<mjloggm ver="2.3"><GO type="169" lobby="0"/><UN n0="%E6%98%9F%E9%99%8D%E3%82%8B%E8%A1%97" n1="%E9%9A%A0%E5%9C%B0%E5%89%8D" n2="%E3%82%A6%E3%83%AB%E3%83%88%E3%83%A9%E7%AB%8B%E7%9B%B4" n3="%6B%69%79%6F%6E%61%72%69" dan="18,16,18,16" rate="2200.84,2152.17,2221.83,2096.71" sx="F,M,M,M"/><TAIKYOKU oya="0"/><INIT seed="0,0,0,4,2,17" ten="250,250,250,250" oya="0" hai0="107,66,122,87,38,10,46,25,91,49,89,14,61" hai1="116,108,53,60,30,124,8,24,79,57,6,86,55" hai2="56,73,27,130,68,26,63,94,111,71,78,21,16" hai3="40,119,118,98,31,37,4,81,112,42,127,85,84"/><T113/><D38/><U70/><E116/><V32/><F111/><W47/><G112/><T128/><D107/><U19/><E124/><V22/><F32/><W72/><G127/><T51/><D122/><U3/><E108/><V96/><F130/><W39/><G72/><T50/><D113/><U121/><E70/><V102/><F78/><W99/><G31/><T18/><D128/><U76/><E121/><V100/><F73/><W88/><G4/><T117/><D117/><U54/><E19/><N who="2" m="12607" /><F71/><W105/><G105/><T35/><D46/><U97/><E97/><V80/><F68/><W58/><G58/><N who="0" m="37175" /><D35/><U115/><E115/><V62/><F80/><W65/><G65/><T95/><D89/><U2/><E2/><V74/><F74/><W13/><G47/><T82/><D25/><U75/><E75/><V129/><F129/><W29/><G88/><N who="0" m="51319" /><D50/><U90/><E79/><V114/><F114/><W52/><G81/><T15/><D15/><U126/><E76/><V23/><F56/><W36/><G36/><T123/><D123/><U106/><E106/><V34/><F34/><W135/><G13/><T7/><D7/><U5/><E5/><V41/><F41/><W43/><G43/><T92/><D92/><U64/><E126/><V11/><F102/><W120/><G120/><T110/><D110/><U131/><E131/><V48/><F48/><W12/><G12/><T109/><D109/><U103/><E103/><V44/><F44/><W132/><G29/><T77/><D77/><U134/><E30/><N who="2" m="17783" /><F11/><W20/><G20/><T83/><D83/><N who="1" m="49503" /><E24/><AGARI ba="0,0" hai="16,23,24,62,63,94,96,100" m="17783,12607" machi="24" ten="30,8000,1" yaku="8,1,52,3,54,1" doraHai="17" who="2" fromWho="1" sc="250,0,250,-80,250,80,250,0" /><INIT seed="1,0,0,2,3,42" ten="250,170,330,250" oya="1" hai0="96,50,8,13,25,31,130,77,19,72,68,52,51" hai1="41,98,12,58,108,127,113,79,4,38,125,11,57" hai2="75,53,55,61,129,102,73,44,54,109,67,84,14" hai3="48,134,104,97,24,126,101,105,35,76,111,5,94"/><U81/><E113/><V89/><F109/><W46/><G111/><T120/><D68/><U65/><E108/><V1/><F1/><W23/><G134/><T83/><D130/><U115/><E115/><V27/><F129/><W122/><G122/><T69/><D69/><U117/><E117/><V121/><F102/><W18/><G126/><N who="1" m="48138" /><E98/><V20/><F14/><W62/><G76/><T88/><D120/><U103/><E103/><V59/><F75/><W17/><G5/><T71/><D71/><U82/><E65/><V91/><F73/><W28/><G62/><T37/><D37/><U74/><E82/><V0/><F0/><W95/><G95/><T87/><D96/><U63/><E63/><V66/><F66/><W135/><G135/><T2/><D2/><U78/><E79/><V6/><F91/><W107/><REACH who="3" step="1"/><G35/><REACH who="3" ten="250,170,330,240" step="2"/><T128/><D128/><U132/><E132/><V21/><F61/><W64/><G64/><T70/><D70/><U36/><E36/><V32/><F67/><W124/><G124/><T106/><D106/><U85/><E74/><V86/><F32/><W43/><AGARI ba="0,1" hai="17,18,23,24,28,43,46,48,94,97,101,104,105,107" machi="43" ten="30,4000,0" yaku="1,1,0,1,52,1,53,0" doraHai="42" doraHaiUra="34" who="3" fromWho="3" sc="250,-10,170,-20,330,-10,240,50" /><INIT seed="2,0,0,3,4,76" ten="240,150,320,290" oya="2" hai0="7,85,55,112,56,14,96,116,120,12,117,40,130" hai1="43,33,133,22,129,124,131,44,127,110,5,2,1" hai2="71,90,6,122,46,4,81,77,27,52,24,135,18" hai3="67,97,51,88,28,109,104,29,19,21,102,69,37"/><V73/><F71/><W11/><G109/><T98/><D120/><U95/><E110/><V49/><F122/><W41/><G37/><T123/><D123/><U10/><E95/><V39/><F135/><W65/><G11/><T15/><D112/><U83/><E2/><V113/><F113/><W32/><G88/><T72/><D72/><U121/><E121/><V79/><F39/><W125/><G125/><N who="1" m="48202" /><E22/><N who="2" m="13399" /><F73/><W25/><G69/><T115/><D115/><U23/><E23/><V106/><F27/><W20/><G20/><T42/><D130/><N who="1" m="49675" /><E33/><V8/><F106/><W108/><G32/><T13/><D7/><N who="2" m="2602" /><F8/><W58/><G29/><T50/><N who="0" m="3072" /><DORA hai="3" /><T35/><D35/><U0/><E0/><V87/><AGARI ba="0,0" hai="46,49,52,77,79,81,87,90" m="2602,13399" machi="87" ten="30,18000,2" yaku="8,1,52,4,54,1" doraHai="76,3" who="2" fromWho="2" sc="240,-60,150,-60,320,180,290,-60" /><INIT seed="2,1,0,0,1,68" ten="180,90,500,230" oya="2" hai0="81,121,13,30,73,38,46,51,122,86,104,19,96" hai1="49,41,71,102,58,24,61,76,130,123,54,0,15" hai2="94,27,120,100,67,115,59,11,40,22,91,101,106" hai3="44,135,1,7,134,78,72,90,47,79,77,125,5"/><V31/><F120/><W113/><G72/><T99/><D73/><U42/><E123/><V75/><F75/><W89/><G125/><T62/><D30/><U95/><E130/><V36/><F106/><W56/><G56/><T18/><D38/><U55/><E0/><V132/><F132/><N who="3" m="50731" /><G1/><T133/><D133/><U87/><E71/><V74/><F74/><W12/><G113/><T131/><D131/><U4/><E24/><V117/><F117/><W37/><G12/><T10/><D62/><U17/><E4/><N who="3" m="1610" /><G37/><T20/><D122/><U126/><E126/><V127/><F11/><W43/><G43/><N who="0" m="25055" /><D104/><U92/><E92/><V39/><F127/><W33/><G33/><T6/><D121/><U114/><E114/><V32/><F32/><W69/><G69/><T118/><D118/><U63/><E63/><V21/><F115/><W25/><G25/><N who="0" m="14487" /><D6/><U9/><E102/><V45/><F36/><W93/><G93/><T105/><D105/><U85/><E95/><V119/><F119/><W84/><G84/><N who="1" m="32330" /><E76/><AGARI ba="1,0" hai="10,13,19,76,81,86,96,99" m="14487,25055" machi="76" ten="30,1000,0" yaku="8,1" doraHai="68" who="0" fromWho="1" sc="180,13,90,-13,500,0,230,0" /><INIT seed="3,0,0,2,4,45" ten="193,77,500,230" oya="3" hai0="132,19,111,133,91,46,104,47,117,106,52,118,113" hai1="70,73,115,65,64,103,22,32,122,35,60,81,101" hai2="7,57,62,127,13,84,92,58,99,90,21,76,49" hai3="54,83,94,26,6,0,78,124,123,2,11,33,40"/><W55/><G123/><T135/><D111/><U86/><E122/><V36/><F36/><W61/><G124/><T88/><D113/><U1/><E115/><V56/><F127/><W129/><G129/><T125/><D19/><U98/><E1/><V85/><F62/><W79/><G40/><T12/><D12/><U25/><E73/><V87/><F76/><W59/><G2/><T66/><D125/><U14/><E65/><V96/><F96/><W105/><G105/><N who="0" m="40555" /><D66/><U27/><E14/><V5/><F49/><W75/><G79/><T74/><D74/><U4/><E4/><V67/><F67/><W68/><G68/><T71/><D71/><U15/><E15/><V82/><F82/><W41/><G41/><T51/><D47/><U28/><E35/><V119/><F119/><AGARI ba="0,0" hai="46,51,52,88,91,117,118,119,132,133,135" m="40555" machi="119" ten="40,8000,1" yaku="20,1,52,1,54,2" doraHai="45" who="0" fromWho="2" sc="193,80,77,0,500,-80,230,0" /><INIT seed="4,0,0,3,2,68" ten="273,77,420,230" oya="0" hai0="84,29,83,15,58,111,57,99,16,32,81,121,101" hai1="102,11,42,20,33,2,51,95,134,24,39,9,36" hai2="38,113,65,70,87,66,98,74,78,23,117,71,34" hai3="18,27,86,55,22,12,88,100,46,49,131,30,112"/><T72/><D72/><U60/><E33/><V61/><F87/><W105/><G112/><T128/><D121/><U1/><E134/><V13/><F13/><W109/><G109/><T94/><D128/><U14/><E60/><N who="2" m="40231" /><F23/><W75/><G131/><T122/><D122/><U127/><E127/><V43/><F98/><W103/><G105/><T73/><D111/><U62/><E62/><V126/><F34/><W59/><G75/><T80/><D73/><U97/><E11/><V96/><F96/><W10/><REACH who="3" step="1"/><G59/><REACH who="3" ten="273,77,420,220" step="2"/><N who="0" m="22539" /><D32/><U77/><E77/><V130/><F113/><W132/><G132/><T17/><D29/><U50/><E42/><V120/><F130/><W89/><G89/><N who="0" m="51335" /><D17/><U4/><E51/><V52/><F78/><W5/><G5/><T107/><D107/><U67/><E50/><V93/><F74/><W53/><G53/><T76/><D76/><U116/><E67/><V7/><F52/><W47/><G47/><T40/><D40/><U45/><E116/><V79/><F79/><W8/><G8/><AGARI ba="0,1" hai="8,15,16,81,83,94,99,101" m="51335,22539" machi="8" ten="30,2900,0" yaku="8,1,54,1" doraHai="68" who="0" fromWho="3" sc="273,39,77,0,420,0,220,-29" /><INIT seed="4,1,0,1,3,47" ten="312,77,420,191" oya="0" hai0="103,7,40,89,22,74,130,95,70,114,106,90,19" hai1="125,12,110,65,1,124,96,16,118,21,91,31,126" hai2="0,111,101,93,78,53,75,97,73,44,45,9,128" hai3="129,86,117,49,82,133,76,63,120,30,85,68,127"/><T83/><D70/><U52/><E118/><V100/><F111/><W88/><G117/><T10/><D130/><U80/><E110/><V58/><F128/><W26/><G129/><T5/><D114/><U62/><E1/><V48/><F101/><W113/><G113/><T3/><D5/><U59/><E31/><V17/><F78/><W134/><G127/><T11/><D11/><U60/><E80/><V99/><F99/><W66/><G120/><T43/><D106/><U122/><E122/><V18/><F18/><W35/><REACH who="3" step="1"/><G49/><REACH who="3" ten="312,77,420,181" step="2"/><T39/><D74/><U32/><E32/><V15/><F75/><W56/><G56/><T14/><D39/><U28/><E28/><V6/><F73/><W42/><G42/><T102/><D40/><U107/><E107/><V71/><F71/><W131/><G131/><T57/><D43/><U8/><E65/><V51/><F51/><W79/><G79/><T33/><D57/><U46/><E46/><V38/><F38/><W29/><G29/><T105/><D105/><U104/><E62/><V84/><F45/><W77/><G77/><T20/><D33/><U81/><E104/><V54/><F58/><W123/><G123/><T64/><D64/><U115/><E115/><V92/><F48/><W119/><G119/><T24/><D83/><AGARI ba="1,1" hai="26,30,35,63,66,68,76,82,83,85,86,88,133,134" machi="83" ten="40,5200,0" yaku="1,1,54,1,53,1" doraHai="47" doraHaiUra="23" who="3" fromWho="0" sc="312,-55,77,0,420,0,181,65" /><INIT seed="5,0,0,2,2,66" ten="257,77,420,246" oya="1" hai0="24,130,83,15,105,101,58,28,62,122,116,107,30" hai1="55,69,54,19,117,48,71,35,44,127,42,113,47" hai2="128,60,38,64,23,13,93,34,4,120,95,73,87" hai3="112,94,125,133,68,50,6,17,57,92,31,53,89"/><U97/><E35/><V126/><F73/><W3/><G112/><T65/><D116/><U18/><E113/><V2/><F38/><W131/><G31/><T43/><D130/><U33/><E33/><V27/><F87/><W12/><G131/><T5/><D122/><U77/><E117/><V100/><F100/><W40/><G68/><T124/><D124/><U10/><E127/><V7/><F7/><W56/><G125/><T67/><D43/><U103/><E77/><V81/><F81/><W109/><G109/><T106/><D101/><U118/><E118/><V90/><F90/><W14/><G3/><T9/><D83/><U98/><E10/><V74/><F74/><W134/><G40/><T115/><D115/><U76/><E76/><V88/><F88/><W25/><G57/><T1/><D1/><U36/><E55/><V70/><F128/><W102/><G6/><T78/><D78/><U16/><REACH who="1" step="1"/><E98/><REACH who="1" ten="257,67,420,246" step="2"/><V21/><F34/><W91/><G53/><T63/><REACH who="0" step="1"/><D24/><REACH who="0" ten="247,67,420,246" step="2"/><U37/><E37/><V61/><F27/><W49/><G25/><T84/><D84/><U8/><E8/><V132/><F126/><W104/><G14/><T82/><D82/><U20/><E20/><V0/><F23/><W22/><G12/><T46/><D46/><U51/><E51/><V26/><F21/><W86/><G50/><T119/><D119/><U41/><E41/><V29/><F13/><N who="3" m="9519" /><G49/><T39/><D39/><U129/><E129/><V121/><F0/><W80/><G80/><T96/><D96/><U110/><E110/><V135/><F2/><W79/><G86/><RYUUKYOKU ba="0,2" sc="247,15,67,15,420,-15,246,-15" hai0="5,9,15,28,30,58,62,63,65,67,105,106,107" hai1="16,18,19,36,42,44,47,48,54,69,71,97,103" /><INIT seed="5,1,2,1,0,64" ten="262,82,405,231" oya="1" hai0="101,104,38,78,91,76,43,30,103,46,8,47,82" hai1="21,0,121,127,110,120,2,22,81,79,34,86,125" hai2="69,93,114,124,106,13,54,32,56,27,29,36,108" hai3="123,128,62,16,57,92,11,24,51,10,133,58,65"/><U39/><E39/><V25/><F106/><W17/><G123/><N who="1" m="47178" /><E34/><V45/><F25/><W1/><G1/><N who="1" m="618" /><E110/><V74/><F13/><W115/><G92/><T107/><D8/><U130/><E130/><V20/><F27/><W119/><G128/><T23/><D23/><U95/><E95/><V28/><F32/><W66/><G24/><T85/><D30/><U116/><E116/><V132/><F29/><W33/><G33/><T18/><D18/><U111/><E111/><V105/><F93/><W31/><G119/><T83/><D91/><U44/><E44/><V100/><F45/><W49/><G31/><T77/><D77/><U14/><E14/><V134/><F36/><W9/><G9/><T40/><D38/><U88/><E79/><V67/><F105/><W63/><G115/><T68/><D85/><U3/><N who="1" m="626" /><U7/><DORA hai="71" /><E7/><V59/><F114/><W98/><G98/><T72/><REACH who="0" step="1"/><D68/><REACH who="0" ten="252,82,405,231" step="2"/><U135/><E135/><AGARI ba="1,3" hai="10,11,16,17,49,51,57,58,62,63,65,66,133,135" machi="135" ten="25,3200,0" yaku="22,2,54,1" doraHai="64,71" who="3" fromWho="1" sc="252,0,82,-35,405,0,231,65" /><INIT seed="6,0,0,3,2,69" ten="252,47,405,296" oya="2" hai0="1,120,36,57,107,10,100,109,110,9,19,41,2" hai1="16,7,111,65,64,76,129,99,106,82,132,31,45" hai2="87,71,62,90,60,63,0,108,92,20,27,117,48" hai3="30,49,124,17,29,3,118,47,50,13,113,23,52"/><V42/><F0/><W12/><G118/><T114/><D120/><U55/><E111/><V104/><F104/><W58/><G124/><T135/><D135/><U84/><E129/><V119/><F108/><W39/><G113/><T95/><D95/><U98/><E132/><V130/><F130/><W5/><G3/><T115/><D57/><U24/><E7/><V102/><F102/><W4/><G39/><T32/><D100/><U134/><E134/><V34/><F34/><W59/><G59/><T133/><D133/><U46/><E106/><V112/><F112/><N who="0" m="43050" /><D107/><U128/><E128/><V74/><F74/><W72/><G72/><T25/><D41/><U94/><E99/><V121/><F71/><W43/><REACH who="3" step="1"/><G4/><REACH who="3" ten="252,47,405,286" step="2"/><N who="0" m="1167" /><D36/><U28/><E64/><V67/><F67/><W11/><AGARI ba="0,1" hai="5,11,12,13,17,23,29,30,43,47,49,50,52,58" machi="11" ten="30,7900,0" yaku="1,1,0,1,8,1,54,1,53,0" doraHai="69" doraHaiUra="79" who="3" fromWho="3" sc="252,-20,47,-20,405,-39,286,89" /><INIT seed="7,0,0,5,2,95" ten="232,27,366,375" oya="3" hai0="26,66,126,135,99,130,60,11,78,133,65,5,131" hai1="41,48,132,77,74,10,61,49,121,79,107,120,108" hai2="104,4,18,118,123,58,109,85,34,56,111,125,117" hai3="59,100,134,21,102,33,24,75,47,36,38,45,52"/><W124/><G33/><T2/><D78/><U23/><E107/><V43/><F4/><W28/><G134/><N who="0" m="51211" /><D99/><U7/><E132/><V101/><F18/><W8/><G124/><T88/><D88/><U96/><E108/><V1/><F85/><W13/><G75/><T80/><D80/><U42/><E74/><V81/><F81/><W40/><G38/><T110/><D65/><U114/><E23/><V82/><F82/><W87/><G87/><T97/><D60/><U83/><E83/><V19/><F34/><W115/><G115/><T103/><D66/><U53/><E114/><V46/><F101/><N who="3" m="39019" /><G40/><T113/><D110/><U25/><E25/><V89/><F43/><W71/><G71/><T90/><D90/><U55/><E10/><V16/><F89/><W20/><G20/><T106/><D26/><U98/><E7/><V3/><F46/><W93/><G93/><T0/><D113/><U119/><REACH who="1" step="1"/><E61/><REACH who="1" ten="232,17,366,375" step="2"/><V12/><F104/><W128/><G36/><T29/><D29/><U92/><E92/><V63/><F63/><N who="3" m="36327" /><G128/><N who="0" m="49195" /><D0/><U129/><E129/><V51/><F1/><W72/><G72/><T39/><D39/><U15/><E15/><V122/><F12/><W69/><G69/><T57/><D57/><U17/><E17/><AGARI ba="0,1" hai="8,13,17,21,24,28,45,47" m="36327,39019" machi="17" ten="30,2900,0" yaku="8,1,54,1" doraHai="95" who="3" fromWho="1" sc="232,0,17,-29,366,0,375,39" owari="232,-17.0,-12,-51.0,366,17.0,414,51.0" /></mjloggm>