<mjloggm ver="2.3"><GO type="169" lobby="0"/><UN n0="%6A%75%6E%6F%6E" n1="%E3%82%A4%E3%83%8B%E3%82%A8%E3%82%B9%E3%82%BF" n2="%EF%BC%B7%EF%BD%81%EF%BD%8C%EF%BD%8C%EF%BD%99" n3="%E5%B0%B1%E6%B4%BB%E7%94%9F%40%E5%B7%9D%E6%9D%91%E8%BB%8D%E5%9B%A3" dan="16,18,17,17" rate="2094.54,2241.47,2170.73,2164.23" sx="M,M,M,M"/><TAIKYOKU oya="0"/><INIT seed="0,0,0,3,5,33" ten="250,250,250,250" oya="0" hai0="26,92,31,30,38,121,23,113,95,119,59,79,14" hai1="74,110,7,18,12,87,122,131,67,29,71,19,126" hai2="73,88,100,124,116,49,57,20,54,65,55,83,101" hai3="102,91,108,133,68,42,78,41,112,15,70,47,130"/><T60/><D38/><U53/><E74/><V75/><F65/><W81/><G112/><T37/><D113/><U134/><E122/><V90/><F20/><W21/><G130/><T76/><D121/><U43/><E43/><V109/><F109/><W13/><G133/><T94/><D119/><U6/><E53/><V11/><F124/><W48/><G108/><T135/><D135/><U77/><E87/><V80/><F11/><W10/><G42/><T28/><D37/><U25/><E77/><V96/><F96/><W35/><G35/><T17/><REACH who="0" step="1"/><D26/><REACH who="0" ten="240,250,250,250" step="2"/><U106/><E25/><V89/><F116/><W51/><G70/><T27/><D27/><U63/><E71/><V123/><F123/><W46/><G68/><T56/><D56/><U107/><E134/><V84/><F73/><W64/><G46/><T132/><D132/><U34/><E110/><V5/><F75/><W9/><G47/><T39/><D39/><U16/><E126/><V120/><F120/><W82/><G15/><T0/><D0/><U97/><E12/><V50/><F5/><W66/><G13/><T44/><D44/><U114/><E7/><V125/><F125/><W22/><G41/><T104/><D104/><U85/><E107/><V62/><F57/><W32/><G32/><T111/><D111/><U8/><E34/><V115/><F115/><W3/><G3/><T72/><D72/><U118/><E114/><V99/><F99/><W61/><G10/><T40/><D40/><U1/><E118/><V69/><F69/><W98/><G9/><T24/><D24/><U45/><E8/><RYUUKYOKU ba="0,1" sc="240,30,250,-10,250,-10,250,-10" hai0="14,17,23,28,30,31,59,60,76,79,92,94,95" /><INIT seed="0,1,1,4,4,104" ten="270,240,240,240" oya="0" hai0="85,18,102,55,17,91,22,132,60,39,6,95,20" hai1="59,21,123,2,103,69,94,66,127,115,49,64,41" hai2="44,120,107,51,71,129,53,128,135,54,87,34,116" hai3="77,109,56,62,125,133,23,81,131,19,25,108,114"/><T12/><D39/><U70/><E2/><V43/><F107/><W52/><G114/><T90/><D132/><U15/><E123/><V112/><F34/><W105/><G105/><T124/><D124/><U14/><E127/><V122/><F87/><W28/><G133/><T50/><D6/><U83/><E115/><V78/><F78/><W74/><G125/><T3/><D3/><U40/><E83/><V111/><F135/><W99/><G131/><N who="2" m="50249" /><F112/><W36/><G36/><T110/><D110/><N who="3" m="42601" /><G99/><N who="0" m="59775" /><D60/><U61/><E61/><V58/><F111/><W100/><G100/><T30/><D30/><AGARI ba="1,1" hai="19,23,25,28,30,52,56,62,74,77,81" m="42601" machi="30" ten="30,3900,0" yaku="14,1,52,1,54,1" doraHai="104" who="3" fromWho="0" sc="270,-42,240,0,240,0,240,52" /><INIT seed="1,0,0,3,1,106" ten="228,240,240,292" oya="1" hai0="52,83,35,71,96,27,113,36,54,68,4,57,31" hai1="128,99,76,92,90,51,39,28,40,102,15,114,105" hai2="111,134,10,41,47,118,69,97,45,80,59,70,26" hai3="117,16,131,43,17,94,37,78,13,62,53,55,46"/><U32/><E114/><V21/><F118/><W73/><G117/><T12/><D113/><U65/><E39/><V63/><F134/><W110/><G110/><T34/><D34/><U107/><E128/><V25/><F111/><W104/><G104/><T77/><D36/><U115/><E115/><V50/><F45/><W127/><G131/><T125/><D125/><U81/><E65/><V24/><F10/><W87/><G127/><T135/><D135/><U116/><E116/><V66/><F70/><W38/><G38/><T119/><D119/><U23/><E32/><V2/><F2/><W0/><G0/><T124/><D124/><U82/><E82/><V84/><F69/><W79/><G62/><T133/><D54/><U3/><E3/><V112/><F97/><W122/><G122/><T108/><D108/><U129/><E129/><V42/><F112/><W22/><G17/><T18/><D4/><U58/><E102/><V126/><F126/><W6/><G6/><T49/><D96/><U89/><E89/><V5/><F5/><W30/><G30/><T19/><D19/><N who="1" m="10751" /><E28/><V98/><F98/><W101/><G78/><T33/><D33/><U95/><E95/><V48/><F21/><W130/><G130/><T8/><REACH who="0" step="1"/><D133/><REACH who="0" ten="218,240,240,292" step="2"/><U14/><E105/><V123/><F123/><W91/><G101/><T44/><D44/><N who="1" m="25991" /><E107/><V64/><F64/><W100/><G100/><T75/><AGARI ba="0,1" hai="8,12,18,27,31,35,49,52,57,68,71,75,77,83" machi="75" ten="20,8000,1" yaku="1,1,0,1,7,1,52,1,54,1,53,0" doraHai="106" doraHaiUra="85" who="0" fromWho="0" sc="218,90,240,-40,240,-20,292,-20" /><INIT seed="2,0,0,1,2,122" ten="308,200,220,272" oya="2" hai0="56,35,87,121,75,97,117,53,85,40,77,130,69" hai1="60,124,15,118,110,13,63,4,25,126,135,133,28" hai2="98,48,33,20,93,70,39,44,7,64,79,96,5" hai3="51,66,132,10,22,109,0,42,91,47,54,129,55"/><V104/><F33/><W46/><G129/><T57/><D69/><U86/><E86/><V106/><F39/><W58/><G132/><N who="1" m="50762" /><E63/><V23/><F79/><W8/><G0/><T114/><D35/><N who="1" m="20879" /><E60/><V9/><F70/><W99/><G66/><T49/><D121/><U14/><E118/><V29/><F64/><W3/><G3/><T82/><D130/><U52/><E52/><N who="2" m="29703" /><F106/><W134/><G134/><T31/><D31/><U92/><E92/><V72/><F104/><W131/><G131/><T74/><D114/><U45/><E45/><V125/><F29/><W12/><G47/><T88/><D97/><N who="2" m="37482" /><F72/><W116/><G116/><T41/><D117/><U21/><E110/><V11/><F125/><N who="1" m="48233" /><E21/><N who="2" m="8267" /><F93/><N who="3" m="56767" /><G109/><T38/><D38/><U105/><E105/><V1/><F1/><W67/><G67/><T59/><D74/><U34/><E34/><V123/><F123/><W120/><G120/><T80/><D75/><U19/><E19/><V30/><F30/><W27/><G42/><AGARI ba="0,0" hai="40,41,42,49,53,56,57,59,77,80,82,85,87,88" machi="42" ten="40,2600,0" yaku="8,1,54,1" doraHai="122" who="0" fromWho="3" sc="308,26,200,0,220,0,272,-26" /><INIT seed="3,0,0,2,2,106" ten="334,200,220,246" oya="3" hai0="120,52,53,71,117,7,64,75,111,16,27,41,21" hai1="25,38,48,22,12,126,118,81,24,9,89,39,6" hai2="8,85,60,30,133,51,123,74,130,11,132,44,3" hai3="55,46,80,28,102,20,50,114,86,1,57,95,70"/><W124/><G114/><T121/><D117/><U47/><E126/><V97/><F30/><W108/><G70/><T116/><D116/><U112/><E112/><V88/><F97/><W84/><G1/><T45/><D75/><U4/><E118/><V54/><F123/><W105/><G105/><T2/><D111/><U125/><E125/><V104/><F104/><W103/><G124/><T23/><D2/><U67/><E67/><V115/><F115/><W62/><G108/><T129/><D7/><U96/><E6/><V56/><F74/><W107/><G107/><T79/><D79/><U122/><E24/><V109/><F109/><W19/><G28/><T128/><D71/><U49/><E49/><V35/><F35/><W31/><G31/><N who="0" m="17919" /><D64/><U91/><E122/><N who="0" m="47209" /><D45/><U10/><E10/><V119/><F119/><W26/><G95/><T127/><D41/><U73/><E39/><V101/><F130/><N who="0" m="50282" /><D127/><U17/><E38/><V131/><F131/><W43/><REACH who="3" step="1"/><G86/><REACH who="3" ten="334,200,220,236" step="2"/><T42/><D42/><U90/><E96/><V65/><F3/><W37/><G37/><T29/><D29/><U66/><E73/><V32/><F85/><W72/><G72/><T0/><D0/><U94/><E94/><V99/><F99/><W69/><G69/><T87/><D87/><U76/><E81/><V100/><F32/><W59/><G59/><T36/><D36/><U135/><E47/><V92/><F44/><W61/><G61/><T83/><D83/><U5/><E48/><V63/><F63/><W33/><G33/><T77/><D77/><AGARI ba="0,1" hai="19,20,26,43,46,50,55,57,62,77,80,84,102,103" machi="77" ten="30,5800,0" yaku="1,1,7,1,8,1,53,0" doraHai="106" doraHaiUra="113" who="3" fromWho="0" sc="334,-58,200,0,220,0,236,68" /><INIT seed="3,1,0,0,1,98" ten="276,200,220,304" oya="3" hai0="122,47,132,40,73,41,33,35,87,29,112,107,32" hai1="52,2,115,1,128,124,0,45,7,96,75,43,102" hai2="116,130,56,10,127,55,95,93,60,71,46,25,125" hai3="97,66,4,62,105,94,6,59,84,21,80,118,69"/><W113/><G118/><T58/><D73/><U92/><E115/><V129/><F116/><W28/><G113/><T106/><D112/><U119/><E119/><V120/><F120/><W78/><G105/><T86/><D29/><U22/><E75/><V34/><F10/><W17/><G69/><T49/><D122/><U50/><E128/><N who="2" m="49259" /><F71/><W11/><G11/><T72/><D72/><U123/><E123/><V103/><F46/><W100/><REACH who="3" step="1"/><G28/><REACH who="3" ten="276,200,220,294" step="2"/><T13/><D107/><U109/><E124/><V79/><F127/><W12/><AGARI ba="1,1" hai="4,6,12,17,21,59,62,66,78,80,84,94,97,100" machi="12" ten="20,18000,2" yaku="1,1,2,1,0,1,7,1,8,1,52,1,53,0" doraHai="98" doraHaiUra="51" who="3" fromWho="3" sc="276,-61,200,-61,220,-61,294,193" /><INIT seed="3,2,0,5,3,20" ten="215,139,159,487" oya="3" hai0="86,22,64,66,75,10,89,15,76,58,16,93,79" hai1="60,110,99,43,57,123,6,30,94,51,63,36,92" hai2="18,87,9,82,113,101,62,105,124,129,65,55,88" hai3="41,127,68,77,116,21,98,74,122,19,83,48,112"/><W39/><G122/><T35/><D35/><U90/><E123/><V111/><F113/><W97/><G116/><T27/><D75/><U40/><E36/><V7/><F124/><W107/><G112/><T70/><D70/><U44/><E110/><V69/><F111/><W81/><G68/><T32/><D32/><U108/><E108/><V73/><F129/><W8/><G127/><T106/><D106/><U31/><E43/><V29/><F73/><W4/><G83/><T120/><D120/><U54/><E6/><V117/><F117/><W42/><G42/><T103/><D103/><U56/><REACH who="1" step="1"/><E94/><REACH who="1" ten="215,129,159,487" step="2"/><V104/><F104/><W132/><G107/><T119/><D119/><U37/><E37/><V0/><F105/><W26/><G132/><T78/><D58/><U61/><E61/><V72/><F62/><W109/><G109/><T38/><D38/><U28/><E28/><AGARI ba="2,1" hai="10,15,16,22,27,28,64,66,76,78,79,86,89,93" machi="28" ten="40,5200,0" yaku="8,1,52,1,54,1" doraHai="20" who="0" fromWho="1" sc="215,68,129,-58,159,0,487,0" /><INIT seed="4,0,0,4,1,82" ten="283,71,159,487" oya="0" hai0="9,128,99,91,118,69,124,80,55,17,90,56,66" hai1="37,27,6,1,129,101,12,5,18,123,100,54,92" hai2="85,119,16,7,26,14,113,107,104,10,63,110,116" hai3="97,72,70,23,93,13,76,42,2,22,36,83,125"/><T111/><D118/><N who="2" m="45098" /><F110/><W20/><G2/><T87/><D69/><U32/><E37/><V127/><F127/><W74/><G125/><T19/><D124/><U31/><E123/><V48/><F113/><W34/><G34/><T122/><D66/><U43/><E43/><V68/><F48/><W133/><G133/><T132/><D132/><U57/><E129/><V45/><F45/><W130/><G130/><T114/><D128/><U126/><E126/><V117/><F117/><W67/><G72/><T86/><D122/><U88/><E100/><V96/><F85/><W60/><G42/><T121/><D121/><U65/><E101/><N who="2" m="62503" /><F107/><W28/><G36/><T102/><D114/><U62/><E65/><N who="2" m="41023" /><F26/><W75/><G75/><T25/><D25/><U3/><E6/><AGARI ba="0,0" hai="6,7,10,14,16" m="41023,62503,45098" machi="6" ten="30,2000,0" yaku="12,1,54,1" doraHai="82" who="2" fromWho="1" sc="283,0,71,-20,159,20,487,0" /><INIT seed="5,0,0,0,0,108" ten="283,51,179,487" oya="1" hai0="60,110,90,35,103,135,39,71,109,59,32,53,79" hai1="11,18,88,48,130,13,21,91,86,80,46,70,85" hai2="25,104,31,24,114,121,76,47,120,17,102,4,72" hai3="27,8,94,132,62,41,26,52,10,34,54,117,19"/><U49/><E70/><V92/><F72/><W42/><G132/><T74/><D135/><U106/><E106/><V36/><F76/><W129/><G34/><T14/><D39/><U5/><E130/><V75/><F75/><W0/><G0/><T33/><D103/><U100/><E100/><V23/><F4/><W107/><G107/><T69/><D90/><U16/><E46/><V78/><F92/><W115/><G129/><T127/><D69/><U64/><E64/><V45/><F78/><W99/><G62/><T2/><D2/><U97/><E97/><V116/><F116/><W73/><G73/><T87/><D74/><U131/><E131/><V6/><F6/><W56/><G56/><T51/><D14/><N who="1" m="9367" /><E18/><V3/><F3/><W38/><G19/><T83/><D127/><U1/><E1/><V112/><F36/><W68/><G68/><T63/><D71/><U95/><AGARI ba="0,0" hai="5,11,13,48,49,80,85,86,88,91,95" m="9367" machi="95" ten="30,6000,0" yaku="8,1,54,2" doraHai="108" who="1" fromWho="1" sc="283,-20,51,60,179,-20,487,-20" /><INIT seed="5,1,0,5,2,36" ten="263,111,159,467" oya="1" hai0="66,71,74,53,21,46,32,18,79,63,131,87,82" hai1="45,124,57,84,14,115,78,81,56,73,22,128,93" hai2="97,75,28,105,91,135,12,95,72,10,94,67,43" hai3="2,1,4,23,30,134,65,33,5,103,50,16,60"/><U55/><E115/><V112/><F105/><W99/><G134/><T62/><D32/><U39/><E128/><V132/><F28/><W6/><G50/><T34/><D34/><U120/><E120/><V52/><F67/><W100/><G100/><T76/><D131/><U8/><E124/><V117/><F117/><W26/><G33/><T129/><D129/><U104/><E104/><V107/><F107/><W58/><REACH who="3" step="1"/><G16/><REACH who="3" ten="263,111,159,457" step="2"/><T126/><D18/><N who="1" m="8519" /><E39/><V29/><F132/><W31/><G31/><T3/><D62/><U88/><E73/><V92/><F29/><W69/><G69/><T40/><D63/><U102/><E102/><V9/><F72/><W85/><G85/><T96/><D71/><U90/><E22/><V48/><F75/><W41/><G41/><T125/><D21/><U11/><E11/><V64/><F43/><W51/><G51/><T121/><D74/><U118/><E118/><V0/><F10/><W59/><G59/><T98/><D126/><U101/><E101/><V130/><F135/><W54/><G54/><T86/><D125/><U108/><E108/><V114/><F130/><W25/><G25/><T47/><D121/><U123/><E123/><V20/><F20/><W122/><G122/><T19/><D19/><U37/><E37/><V89/><F64/><W15/><G15/><T110/><D3/><U119/><E119/><V44/><F0/><W70/><G70/><T109/><D109/><U83/><E55/><V17/><F97/><W106/><AGARI ba="1,1" hai="1,2,4,5,6,23,26,30,58,60,65,99,103,106" machi="106" ten="30,4000,0" yaku="1,1,0,1,53,1" doraHai="36" doraHaiUra="27" who="3" fromWho="3" sc="263,-11,111,-21,159,-11,457,53" /><INIT seed="6,0,0,3,2,102" ten="252,90,148,510" oya="2" hai0="88,22,82,43,1,47,125,44,111,121,55,14,83" hai1="122,119,94,19,42,100,6,117,128,54,79,112,18" hai2="87,105,130,20,133,106,49,92,99,4,24,15,80" hai3="57,76,101,70,39,73,50,29,59,69,28,123,95"/><V71/><F71/><W129/><G39/><T58/><D1/><U37/><E112/><V72/><F72/><W135/><G123/><T60/><D111/><U23/><E122/><V25/><F130/><W8/><G129/><T91/><D121/><U89/><E128/><V63/><F63/><W38/><G38/><T127/><D82/><U131/><E131/><V77/><F133/><W68/><G135/><T27/><D14/><U51/><E6/><V107/><F49/><W52/><G57/><T86/><D91/><U56/><E79/><V17/><REACH who="2" step="1"/><F4/><REACH who="2" ten="252,90,138,510" step="2"/><W36/><G36/><T9/><D127/><U75/><E75/><V90/><AGARI ba="0,1" hai="15,17,20,24,25,77,80,87,90,92,99,105,106,107" machi="90" ten="30,24000,3" yaku="1,1,2,1,0,1,52,3,53,2" doraHai="102" doraHaiUra="21" who="2" fromWho="2" sc="252,-80,90,-80,138,250,510,-80" /><INIT seed="6,1,0,0,1,132" ten="172,10,388,430" oya="2" hai0="71,39,102,10,16,74,25,24,2,96,133,112,61" hai1="114,111,58,54,56,64,45,83,87,51,1,50,106" hai2="47,13,128,48,77,99,32,52,69,92,29,135,91" hai3="7,36,81,14,38,67,105,90,109,121,130,107,42"/><V55/><F135/><W46/><G109/><T31/><D39/><U94/><E1/><V127/><F69/><W82/><G121/><T34/><D74/><U115/><E106/><V126/><F128/><W65/><G130/><T18/><D24/><U84/><E111/><V101/><F77/><W37/><G7/><T73/><D73/><U59/><E94/><V6/><F55/><W93/><G14/><T15/><D2/><U12/><E64/><V123/><F123/><W75/><G105/><T95/><D112/><U122/><E122/><V35/><F101/><W76/><G82/><T97/><D97/><U17/><E51/><V113/><F113/><W103/><G103/><T108/><D108/><U19/><E87/><V110/><F110/><W30/><G30/><T8/><D133/><U62/><E17/><V53/><F53/><W117/><G107/><T63/><D71/><U88/><REACH who="1" step="1"/><E62/><REACH who="1" ten="172,0,388,430" step="2"/><V120/><F120/><W4/><G37/><T66/><D66/><U80/><E80/><V100/><F100/><W44/><G36/><T104/><D104/><U86/><E86/><V118/><F118/><W5/><G38/><T11/><D18/><U33/><E33/><V79/><F79/><W72/><G76/><T0/><D0/><U57/><N who="1" m="14336" /><DORA hai="22" /><U78/><E78/><V116/><F116/><W129/><G129/><T49/><D49/><U26/><E26/><N who="2" m="18487" /><F35/><W40/><G90/><T98/><D98/><U41/><E41/><V27/><F27/><W43/><G43/><T60/><AGARI ba="1,1" hai="8,10,11,15,16,25,31,34,60,61,63,95,96,102" machi="60" ten="30,4000,0" yaku="0,1,52,1,54,1" doraHai="132,22" who="0" fromWho="0" sc="172,53,0,-11,388,-21,430,-11" owari="225,-17.0,-11,-51.0,367,17.0,419,51.0" /></mjloggm>