<mjloggm ver="2.3"><GO type="169" lobby="0"/><UN n0="%E3%83%94%E3%82%AB%E5%90%BE%E9%83%8E" n1="%E3%81%86%E3%82%8B%E3%81%95%E3%81%84%E3%81%AF%E8%A4%92%E3%82%81%E8%A9%9E" n2="%E5%80%89%E6%A9%8B%EF%BC%A0%E4%BA%8B%E5%8B%99" n3="%E5%B0%B1%E6%B4%BB%E7%94%9F%40%E5%B7%9D%E6%9D%91%E8%BB%8D%E5%9B%A3" dan="17,16,17,16" rate="2101.72,2096.63,2166.43,2140.53" sx="M,M,M,M"/><TAIKYOKU oya="0"/><INIT seed="0,0,0,2,5,36" ten="250,250,250,250" oya="0" hai0="127,20,35,134,94,97,44,121,87,69,95,67,54" hai1="16,49,122,25,9,37,29,48,92,45,75,109,123" hai2="76,58,89,96,128,81,50,117,55,118,101,65,74" hai3="23,86,30,52,99,1,11,70,107,57,24,31,61"/><T102/><D35/><U110/><E75/><V114/><F114/><W21/><G70/><T63/><D121/><U71/><E71/><V51/><F128/><W10/><G1/><T130/><D130/><U73/><E49/><V27/><F65/><W43/><G86/><T88/><D134/><U15/><E37/><V6/><F6/><W85/><G85/><T72/><D72/><U60/><E60/><V112/><F112/><W39/><G99/><T66/><D127/><U79/><E92/><V126/><F126/><W26/><G107/><T0/><D0/><U38/><E38/><V120/><F120/><W41/><G39/><T82/><D67/><U68/><E68/><V133/><F133/><W83/><G83/><T62/><D20/><U22/><E79/><V3/><F3/><W77/><G77/><T90/><D66/><U53/><E73/><V47/><F89/><W103/><G103/><T28/><D28/><U106/><E106/><V104/><REACH who="2" step="1"/><F27/><REACH who="2" ten="250,250,240,250" step="2"/><W34/><G34/><T12/><D69/><U7/><E123/><V111/><F111/><N who="1" m="42505" /><E122/><V119/><F119/><W14/><G11/><T132/><D132/><U2/><E2/><V98/><F98/><W129/><G129/><T42/><D90/><U116/><E116/><V46/><F46/><W131/><G131/><T40/><D82/><U125/><E125/><V135/><F135/><W19/><AGARI ba="0,1" hai="10,14,19,21,23,24,26,30,31,41,43,52,57,61" machi="19" ten="20,12000,2" yaku="0,1,7,1,9,1,8,1,52,2,54,1" doraHai="36" who="3" fromWho="3" sc="250,-60,250,-30,240,-30,250,130" /><INIT seed="1,0,0,5,1,124" ten="190,220,210,380" oya="1" hai0="72,126,13,73,16,4,115,3,42,87,65,128,33" hai1="61,40,80,81,119,43,18,106,58,39,95,83,107" hai2="100,69,7,36,31,91,53,90,8,23,125,67,30" hai3="103,56,101,6,77,11,86,76,118,120,41,102,14"/><U110/><E119/><V19/><F125/><W94/><G120/><T112/><D126/><U50/><E110/><V66/><F36/><W130/><G118/><T97/><D33/><U75/><E75/><V74/><F74/><W17/><G41/><T70/><D42/><U37/><E106/><V71/><F100/><W99/><G130/><T20/><D128/><U44/><E107/><V28/><F69/><W132/><G132/><T12/><D3/><U25/><E95/><V122/><F122/><W121/><G121/><T127/><D127/><U32/><E43/><V29/><N who="2" m="7168" /><DORA hai="78" /><V96/><F53/><W114/><G114/><T98/><D112/><U9/><E32/><V48/><F48/><W21/><G56/><T27/><D115/><U64/><REACH who="1" step="1"/><E9/><REACH who="1" ten="190,210,210,380" step="2"/><V47/><F71/><W84/><G102/><T35/><D35/><U49/><E49/><V5/><F8/><W51/><G51/><T129/><D73/><U89/><E89/><V133/><F91/><W85/><REACH who="3" step="1"/><G101/><REACH who="3" ten="190,210,210,370" step="2"/><T111/><D129/><U52/><E52/><V59/><F67/><W60/><G60/><T62/><D62/><U68/><E68/><V82/><F66/><W104/><G104/><T135/><D65/><U46/><E46/><V1/><F47/><W54/><G54/><T10/><D70/><U123/><E123/><V105/><F105/><W24/><AGARI ba="0,2" hai="6,11,14,17,21,24,76,77,84,85,86,94,99,103" machi="24" ten="30,4000,0" yaku="1,1,0,1,8,1,53,0" doraHai="124,78" doraHaiUra="26,45" who="3" fromWho="3" sc="190,-10,210,-20,210,-10,370,60" /><INIT seed="2,0,0,2,1,83" ten="180,190,200,430" oya="2" hai0="58,63,80,113,71,132,128,54,134,33,88,98,87" hai1="111,43,35,93,110,59,39,8,67,84,131,130,27" hai2="81,97,124,85,19,49,60,102,117,108,125,107,100" hai3="32,126,9,31,109,44,104,3,103,76,13,65,4"/><V122/><F117/><W135/><G109/><N who="1" m="41482" /><E8/><V50/><F122/><W17/><G126/><T21/><D33/><U42/><E39/><V94/><F108/><W48/><G135/><T101/><D113/><U92/><E67/><V40/><F60/><W73/><G65/><T123/><D123/><U68/><E68/><V116/><F116/><W74/><G103/><T57/><D71/><U36/><E59/><V66/><F66/><W47/><G47/><T72/><D72/><U37/><E37/><V112/><F112/><W89/><G104/><T119/><D119/><U2/><E2/><V129/><F129/><N who="1" m="49161" /><E93/><V22/><F124/><W127/><G127/><T91/><D128/><U95/><E95/><V90/><F125/><W120/><G120/><T14/><D58/><U64/><E64/><V69/><F69/><W12/><G9/><T5/><D5/><U25/><E36/><V53/><F49/><W121/><G4/><T46/><D46/><U16/><E35/><V55/><F102/><W82/><G32/><T133/><D101/><U24/><E16/><V26/><REACH who="2" step="1"/><F107/><REACH who="2" ten="180,190,190,430" step="2"/><W114/><G48/><T115/><D115/><U105/><E105/><V29/><F29/><W18/><G31/><T56/><D63/><U38/><E38/><V99/><F99/><W0/><G114/><T41/><D98/><U96/><E96/><V34/><F34/><W79/><G121/><T106/><D106/><U10/><E10/><V11/><F11/><W75/><G44/><AGARI ba="0,1" hai="19,22,26,40,44,50,53,55,81,85,90,94,97,100" machi="44" ten="40,7700,0" yaku="1,1,8,1,52,1,53,0" doraHai="83" doraHaiUra="70" who="2" fromWho="3" sc="180,0,190,0,190,87,430,-77" /><INIT seed="2,1,0,4,0,57" ten="180,190,277,353" oya="2" hai0="70,24,132,105,74,110,135,63,5,33,101,127,16" hai1="48,9,92,97,55,65,32,66,0,72,134,126,86" hai2="45,78,54,104,49,18,29,30,20,61,56,90,47" hai3="85,102,120,68,21,81,128,84,93,119,91,124,53"/><V42/><F104/><W60/><G120/><T22/><D74/><U7/><E72/><V67/><F78/><W36/><G36/><T39/><D39/><U71/><E32/><V10/><F10/><W129/><G119/><T19/><D5/><U118/><E118/><V11/><F11/><W79/><G124/><T115/><D115/><U125/><E86/><V43/><F43/><W64/><G102/><T75/><D75/><U34/><E34/><V109/><F109/><W50/><REACH who="3" step="1"/><G21/><REACH who="3" ten="180,190,277,343" step="2"/><T123/><D123/><U14/><E126/><V131/><F131/><W130/><G130/><T31/><D127/><U1/><E125/><V35/><F35/><W15/><G15/><T88/><D110/><U28/><E14/><V114/><F114/><W99/><G99/><T37/><D37/><U107/><E0/><V77/><F20/><W108/><G108/><T83/><D101/><U27/><E1/><V89/><F29/><W96/><G96/><T103/><D103/><U116/><E28/><V51/><F30/><W100/><G100/><T76/><D105/><U44/><E97/><V111/><F111/><W26/><G26/><T121/><D121/><U112/><E27/><V106/><F106/><W62/><G62/><T25/><D25/><U133/><E107/><V58/><F61/><W38/><G38/><T80/><D33/><U94/><E116/><V113/><F113/><W73/><G73/><N who="0" m="43023" /><D63/><U13/><E112/><V87/><F49/><W82/><G82/><T69/><D132/><U41/><E133/><V23/><F51/><W17/><G17/><N who="0" m="6731" /><D135/><U122/><E134/><RYUUKYOKU ba="1,1" sc="180,15,190,-15,277,-15,343,15" hai0="22,24,31,69,70,83,88" hai3="50,53,60,64,68,79,81,84,85,91,93,128,129" /><INIT seed="3,2,1,4,2,86" ten="195,175,262,358" oya="3" hai0="57,5,90,18,43,59,2,88,82,31,4,45,62" hai1="77,15,80,105,135,42,28,84,125,83,73,26,47" hai2="68,127,7,128,56,54,11,10,71,111,17,131,113" hai3="117,60,102,34,115,118,134,1,24,116,103,36,130"/><W99/><G36/><T53/><D31/><U58/><E105/><V33/><F113/><W87/><G1/><T104/><D104/><U126/><E58/><V29/><F111/><W121/><G121/><T19/><D82/><U97/><E97/><V75/><F127/><W67/><G115/><T51/><D59/><U70/><E70/><V78/><F17/><N who="0" m="6154" /><D2/><U110/><E15/><V98/><F98/><W25/><G130/><T120/><D120/><U37/><E110/><V129/><F78/><W61/><G134/><T101/><D101/><U6/><E6/><AGARI ba="2,1" hai="4,5,6,43,45,51,53,57,62,88,90" m="6154" machi="6" ten="30,7700,0" yaku="8,1,52,2,54,1" doraHai="86" who="0" fromWho="1" sc="195,93,175,-83,262,0,358,0" /><INIT seed="4,0,0,5,0,65" ten="288,92,262,358" oya="0" hai0="102,54,79,84,94,66,34,119,74,127,4,118,48" hai1="93,73,112,43,103,120,32,123,37,28,109,101,124" hai2="16,6,15,108,35,21,33,20,44,70,53,86,110" hai3="8,99,50,25,9,107,135,115,90,58,17,56,81"/><T52/><D74/><U45/><E101/><V63/><F6/><W113/><G135/><T1/><D34/><U116/><E93/><V39/><F86/><N who="3" m="50511" /><G107/><T89/><D79/><U114/><E103/><V42/><F21/><N who="3" m="13487" /><G99/><T51/><D102/><U18/><E18/><V60/><F60/><W55/><G58/><T133/><D133/><U41/><E41/><V71/><F35/><W96/><G96/><T125/><D66/><U121/><E73/><V31/><F53/><N who="0" m="20586" /><D4/><U122/><N who="1" m="30720" /><DORA hai="126" /><U95/><E95/><V87/><F87/><W72/><G72/><T64/><D64/><U61/><E61/><V27/><REACH who="2" step="1"/><F63/><REACH who="2" ten="288,92,252,358" step="2"/><W26/><G115/><N who="1" m="44074" /><E109/><AGARI ba="0,1" hai="15,16,20,27,31,33,39,42,44,70,71,108,109,110" machi="109" ten="40,8000,1" yaku="1,1,52,2,54,1,53,0" doraHai="65,126" doraHaiUra="7,130" who="2" fromWho="1" sc="288,0,92,-80,252,90,358,0" /><INIT seed="5,0,0,4,1,107" ten="288,12,342,358" oya="1" hai0="4,127,133,117,64,109,99,83,46,12,16,95,24" hai1="116,30,22,112,118,28,44,35,130,102,110,39,88" hai2="56,60,58,61,97,76,36,80,119,100,69,26,131" hai3="31,87,54,75,68,19,122,11,48,18,93,129,73"/><U78/><E110/><V128/><F36/><W37/><G37/><T125/><D109/><U114/><E102/><V42/><F42/><W71/><G122/><T86/><D117/><U115/><E78/><V67/><F119/><N who="1" m="45609" /><E35/><V43/><F43/><W101/><G31/><N who="1" m="11818" /><E22/><V89/><F26/><W105/><G105/><T15/><D133/><U7/><E7/><V135/><F89/><W126/><G11/><T134/><D134/><U51/><E39/><V21/><F21/><W62/><G101/><T98/><D46/><U103/><E103/><V91/><F91/><W94/><G62/><T85/><D24/><U45/><E51/><V81/><F135/><W70/><G87/><T90/><D4/><U121/><E121/><V9/><F9/><W82/><G82/><T38/><D38/><U96/><E130/><N who="2" m="49707" /><F61/><W32/><G129/><T132/><D132/><U2/><E2/><V3/><F3/><W29/><G29/><T10/><D15/><U17/><E17/><V52/><F81/><W124/><G32/><T5/><D5/><U63/><E63/><N who="2" m="36231" /><F69/><W123/><G71/><T8/><D8/><U66/><E66/><V84/><F100/><W113/><G123/><T53/><D64/><U23/><E23/><V55/><F67/><W1/><G1/><T50/><D50/><U34/><E34/><V25/><F25/><W6/><G48/><T104/><D104/><U92/><AGARI ba="0,0" hai="44,45,88,92,96,112,114,115" m="11818,45609" machi="92" ten="40,3900,0" yaku="15,1,54,1" doraHai="107" who="1" fromWho="1" sc="288,-13,12,39,342,-13,358,-13" /><INIT seed="5,1,0,5,2,93" ten="275,51,329,345" oya="1" hai0="70,46,24,82,28,59,22,125,123,54,12,89,45" hai1="13,17,32,73,5,67,20,74,120,61,66,65,0" hai2="79,51,97,69,29,39,134,72,48,124,78,50,55" hai3="94,15,26,30,64,27,21,88,8,104,122,19,42"/><U2/><E120/><V121/><F121/><W117/><G104/><T111/><D70/><U44/><E32/><V131/><F39/><W112/><G112/><T87/><D111/><U25/><E61/><V128/><F69/><W85/><G122/><T31/><D123/><U71/><E71/><V86/><F72/><W110/><G110/><T118/><D118/><U40/><E25/><V1/><F1/><W76/><G117/><T101/><D125/><U18/><E17/><V52/><F124/><W63/><G42/><T77/><D31/><U100/><E100/><V14/><F134/><W34/><G76/><N who="2" m="29225" /><F29/><W106/><G106/><T99/><D12/><U49/><REACH who="1" step="1"/><E0/><REACH who="1" ten="275,41,329,345" step="2"/><V84/><F14/><W115/><G115/><T107/><D77/><U75/><E75/><V9/><F131/><W119/><G119/><T91/><D89/><U7/><E7/><V130/><F128/><W114/><G114/><T16/><D28/><U102/><E102/><V57/><F130/><W47/><G63/><AGARI ba="1,1" hai="16,22,24,45,46,54,59,63,82,87,91,99,101,107" machi="63" ten="30,3900,0" yaku="7,1,52,1,54,1" doraHai="93" who="0" fromWho="3" sc="275,52,41,0,329,0,345,-42" /><INIT seed="6,0,0,1,5,61" ten="327,41,329,303" oya="2" hai0="86,5,44,12,101,66,70,93,105,54,115,99,6" hai1="106,37,71,88,103,52,113,29,9,96,17,91,104" hai2="64,112,98,8,65,133,72,25,1,21,33,45,19" hai3="11,32,28,107,73,56,62,109,127,15,57,30,85"/><V2/><F112/><W38/><G73/><T87/><D115/><U31/><E113/><V27/><F133/><W92/><G107/><T26/><D26/><U49/><E37/><V58/><F72/><W128/><G38/><T63/><D12/><U16/><E71/><V34/><F58/><W14/><G109/><T135/><D135/><U67/><E104/><V48/><F98/><W41/><G41/><T35/><D35/><U84/><E91/><V111/><F111/><W20/><G32/><T23/><D23/><U60/><E29/><N who="3" m="11370" /><G128/><T51/><REACH who="0" step="1"/><D105/><REACH who="0" ten="317,41,329,303" step="2"/><U55/><E9/><V102/><F27/><W53/><G20/><T74/><D74/><U116/><E31/><V126/><F33/><W100/><G11/><T79/><D79/><U7/><E7/><AGARI ba="0,1" hai="5,6,7,44,51,54,63,66,70,86,87,93,99,101" machi="7" ten="40,2600,0" yaku="1,1,52,1,53,0" doraHai="61" doraHaiUra="76" who="0" fromWho="1" sc="317,36,41,-26,329,0,303,0" /><INIT seed="7,0,0,4,3,84" ten="353,15,329,303" oya="3" hai0="88,55,114,46,113,108,38,109,97,50,23,42,124" hai1="99,125,60,82,119,26,78,127,6,64,102,131,28" hai2="72,33,29,22,73,31,111,89,69,106,16,90,52" hai3="25,132,133,121,65,39,18,59,100,104,98,51,118"/><W81/><G121/><T110/><D23/><U128/><E6/><V14/><F111/><W115/><G118/><T49/><D124/><U54/><E54/><V85/><F106/><W107/><G39/><T36/><D88/><N who="2" m="33898" /><F69/><W35/><G115/><N who="0" m="44043" /><D97/><U76/><E60/><V103/><F33/><W13/><G81/><T57/><AGARI ba="0,0" hai="36,38,42,46,49,50,55,57,108,109,110" m="44043" machi="57" ten="40,8000,1" yaku="15,1,11,1,34,2" doraHai="84" who="0" fromWho="0" sc="353,80,15,-20,329,-20,303,-40" owari="433,54.0,-5,-51.0,309,11.0,263,-14.0" /></mjloggm>