<mjloggm ver="2.3"><GO type="171" lobby="0"/><UN n0="%E9%BA%BB%E9%9B%80%E4%B8%96%E7%95%8C" n1="%E3%83%88%E3%83%88%E3%83%AA%E5%85%88%E7%94%9F%31%39%E6%AD%B3" n2="%E3%81%BF%E3%81%A3%E3%81%A4%E3%81%83%EF%BD%9E" n3="%6B%75%72%6F%2A" dan="16,18,17,16" rate="2088.33,2264.47,2141.46,2066.02" sx="M,F,F,M"/><TAIKYOKU oya="0"/><INIT seed="0,0,0,4,0,8" ten="250,250,250,250" oya="0" hai0="112,47,12,71,34,63,83,101,18,81,33,52,30" hai1="5,127,110,67,84,50,46,97,73,95,21,135,13" hai2="89,9,44,55,122,65,117,98,88,6,40,66,121" hai3="96,26,99,35,82,133,80,100,7,43,2,134,3"/><T68/><D112/><U119/><E119/><V32/><F32/><W69/><G69/><T25/><D34/><U116/><E116/><V61/><F117/><W123/><G123/><T90/><D101/><U24/><E73/><V92/><F55/><W29/><G43/><T87/><D81/><N who="3" m="31337" /><G7/><T19/><D19/><U124/><E110/><V118/><F118/><W107/><G99/><T31/><D31/><U51/><E84/><V75/><F75/><W11/><G11/><T57/><REACH who="0" step="1"/><D47/><REACH who="0" ten="240,250,250,250" step="2"/><U42/><E46/><V48/><F122/><W103/><G100/><T56/><D56/><U53/><E5/><V20/><F121/><W94/><G107/><T41/><D41/><U106/><E42/><V17/><F89/><W54/><G35/><T72/><D72/><U36/><E106/><V109/><F109/><W15/><G29/><T102/><D102/><U4/><E4/><V1/><REACH who="2" step="1"/><F61/><REACH who="2" ten="240,250,240,250" step="2"/><W120/><G120/><T16/><D16/><U39/><E124/><V126/><F126/><W130/><G103/><T62/><D62/><U23/><E127/><V10/><F10/><AGARI ba="0,2" hai="10,12,18,25,30,33,52,57,63,68,71,83,87,90" machi="10" ten="30,5800,0" yaku="1,1,7,1,52,1,53,0" doraHai="8" doraHaiUra="111" who="0" fromWho="2" sc="240,78,250,0,240,-58,250,0" /><INIT seed="0,1,0,5,3,5" ten="318,250,182,250" oya="0" hai0="57,106,26,12,75,10,94,110,54,121,18,98,19" hai1="131,27,87,16,104,21,93,74,69,73,58,42,114" hai2="7,11,132,32,13,97,37,116,30,113,135,119,20" hai3="101,43,31,29,107,85,40,24,17,88,81,133,22"/><T44/><D121/><U125/><E104/><V49/><F37/><W118/><G118/><N who="2" m="45097" /><F49/><W0/><G0/><T28/><D75/><U127/><E69/><V66/><F66/><W38/><G133/><N who="2" m="51273" /><F97/><W108/><G108/><T25/><D106/><U65/><E131/><V109/><F109/><W95/><G107/><T45/><D19/><U34/><E34/><V71/><F71/><W53/><G38/><T63/><D110/><U72/><E114/><V61/><F61/><W84/><G53/><T82/><D82/><U55/><E65/><V1/><F113/><W79/><G101/><T51/><D28/><AGARI ba="1,0" hai="17,22,24,28,29,31,40,43,79,81,84,85,88,95" machi="28" ten="40,1300,0" yaku="8,1" doraHai="5" who="3" fromWho="0" sc="318,-16,250,0,182,0,250,16" /><INIT seed="1,0,0,5,4,52" ten="302,250,182,266" oya="1" hai0="73,62,81,11,13,12,67,21,130,5,119,38,92" hai1="30,49,122,8,60,93,71,58,17,123,117,107,72" hai2="28,39,34,56,16,41,69,111,2,55,90,45,110" hai3="135,118,91,53,75,42,121,79,35,22,116,51,105"/><U54/><E117/><N who="3" m="45162" /><G105/><T87/><D38/><U29/><E107/><V106/><F2/><W94/><G121/><T50/><D130/><U99/><E72/><V101/><F16/><W98/><G35/><T104/><D104/><U128/><E128/><V112/><F112/><W27/><G42/><T95/><D73/><U23/><E8/><V124/><F90/><W133/><G79/><T88/><D50/><U46/><E71/><V126/><F28/><N who="3" m="17527" /><G75/><T57/><D119/><U80/><E80/><V85/><F85/><W18/><G18/><AGARI ba="0,0" hai="5,11,12,13,18,21,57,62,67,81,87,88,92,95" machi="18" ten="40,2600,0" yaku="8,1,52,1" doraHai="52" who="0" fromWho="3" sc="302,26,250,0,182,0,266,-26" /><INIT seed="2,0,0,5,2,132" ten="328,250,182,240" oya="2" hai0="130,51,91,120,85,1,50,118,56,23,82,101,63" hai1="135,76,38,66,65,96,4,3,94,103,86,32,117" hai2="93,123,125,89,73,80,35,113,34,131,87,122,78" hai3="107,57,19,36,46,49,7,13,58,119,68,0,8"/><V83/><F35/><W22/><G107/><T109/><D1/><U116/><E32/><V25/><F34/><W110/><G68/><T121/><D130/><U21/><E38/><V99/><F25/><W67/><G36/><T60/><D118/><U115/><E115/><V53/><F53/><W105/><G105/><T111/><D101/><U84/><E135/><V71/><F71/><W52/><G119/><T9/><D9/><U129/><E129/><V55/><F55/><W10/><G110/><N who="0" m="41995" /><D23/><U43/><E43/><V26/><F26/><W100/><G100/><T39/><D39/><U108/><E108/><V40/><F40/><W88/><G67/><N who="0" m="39303" /><D63/><U16/><E65/><V104/><F131/><W30/><G30/><T31/><D31/><U59/><E3/><V2/><F2/><W102/><G102/><T24/><D24/><U5/><E116/><V15/><F15/><W90/><G8/><T29/><D29/><U92/><E117/><V79/><F113/><W70/><G70/><T61/><D61/><N who="1" m="38207" /><E21/><V72/><F104/><W17/><G17/><T81/><D82/><N who="1" m="47175" /><E16/><V37/><F37/><W47/><G0/><T97/><D97/><U69/><E69/><V134/><F99/><W128/><G128/><T6/><D6/><U126/><E5/><V48/><F48/><AGARI ba="0,0" hai="48,50,51,81,85,91,120,121" m="39303,41995" machi="48" ten="30,1000,0" yaku="14,1" doraHai="132" who="0" fromWho="2" sc="328,10,250,0,182,-10,240,0" /><INIT seed="3,0,0,3,2,11" ten="338,250,172,240" oya="3" hai0="73,41,74,124,39,72,87,127,10,77,63,120,21" hai1="30,98,132,86,128,118,65,125,44,68,24,15,48" hai2="67,85,89,5,22,52,134,27,57,122,82,83,35" hai3="121,101,32,20,131,116,33,9,56,75,58,93,135"/><W90/><G121/><T91/><D120/><U19/><E128/><V129/><F122/><W103/><G116/><T78/><D41/><U109/><E109/><V94/><F35/><W69/><G69/><T59/><D39/><U92/><E132/><V54/><F134/><W17/><G75/><T29/><D29/><U25/><E125/><N who="0" m="48201" /><D21/><U80/><E118/><V60/><F129/><W53/><G131/><T38/><D38/><U28/><E65/><V45/><F5/><W105/><G135/><T102/><D102/><U37/><E68/><V81/><REACH who="2" step="1"/><F45/><REACH who="2" ten="338,250,162,240" step="2"/><W95/><G32/><T42/><D42/><U50/><E44/><V96/><F96/><W23/><G33/><T112/><D112/><U49/><E98/><V108/><F108/><W26/><G105/><T18/><D18/><AGARI ba="0,1" hai="18,22,27,52,54,57,60,67,81,82,83,85,89,94" machi="18" ten="40,2600,0" yaku="1,1,8,1,53,0" doraHai="11" doraHaiUra="43" who="2" fromWho="0" sc="338,-26,250,0,162,36,240,0" /><INIT seed="4,0,0,3,3,105" ten="312,250,198,240" oya="0" hai0="25,110,76,89,26,96,130,115,79,58,32,40,23" hai1="59,49,92,95,82,90,80,84,13,10,104,55,120" hai2="122,87,116,16,133,114,81,12,37,19,135,134,85" hai3="60,1,77,118,124,86,0,109,67,72,129,117,100"/><T132/><D115/><U47/><E104/><V65/><F122/><W48/><G124/><T107/><D130/><U39/><E120/><V94/><F114/><W53/><G129/><T125/><D125/><U66/><E39/><V75/><F116/><W41/><G41/><T70/><D70/><U15/><E15/><V14/><F37/><W62/><G100/><T113/><D40/><U42/><E82/><V36/><F36/><W57/><G109/><T69/><D69/><U30/><E30/><V74/><F65/><W33/><G33/><T126/><D132/><U127/><E127/><V24/><F24/><W7/><G86/><N who="2" m="32777" /><F81/><W97/><G97/><T31/><D110/><U98/><E98/><V91/><F94/><W101/><G101/><T4/><D4/><U34/><E34/><V29/><F91/><W123/><G123/><T50/><D113/><U73/><E73/><N who="2" m="27659" /><F29/><W68/><G117/><T102/><D89/><U46/><E42/><V52/><F52/><W5/><G118/><T28/><D126/><U131/><E131/><V71/><F71/><W45/><G68/><T93/><D107/><U83/><E83/><V6/><F6/><W27/><G7/><T108/><D108/><U106/><E106/><V43/><F43/><N who="3" m="24639" /><G5/><T128/><D128/><U78/><E66/><V121/><F121/><W119/><G119/><T112/><D112/><U21/><E90/><V17/><AGARI ba="0,0" hai="12,14,16,17,19,133,134,135" m="27659,32777" machi="17" ten="40,12000,2" yaku="28,2,20,1,52,3" doraHai="105" who="2" fromWho="2" sc="312,-60,250,-30,198,120,240,-30" /><INIT seed="5,0,0,4,4,120" ten="252,220,318,210" oya="1" hai0="30,121,2,90,53,8,54,60,48,84,20,40,7" hai1="17,44,21,4,80,67,28,91,131,104,127,43,134" hai2="73,115,110,117,64,82,118,41,135,65,36,66,16" hai3="63,42,55,81,106,29,50,103,87,51,96,9,116"/><U26/><E104/><V35/><F16/><W98/><G116/><N who="2" m="44649" /><F82/><W10/><G29/><T75/><D75/><U58/><E131/><V108/><F73/><W114/><G114/><T45/><D121/><U62/><E134/><V31/><F31/><W74/><G74/><T128/><D128/><U70/><E127/><V34/><F135/><W76/><G96/><T47/><D60/><U11/><E80/><V61/><F35/><W129/><G129/><T22/><D30/><U0/><E91/><V112/><F61/><W130/><G130/><T69/><D69/><U125/><E125/><V119/><F34/><W19/><G19/><T93/><D54/><U23/><E70/><V92/><F92/><W37/><G37/><AGARI ba="0,0" hai="2,7,8,20,22,37,40,45,47,48,53,84,90,93" machi="37" ten="30,1000,0" yaku="7,1" doraHai="120" who="0" fromWho="3" sc="252,10,220,0,318,0,210,-10" /><INIT seed="6,0,0,0,1,62" ten="262,220,318,200" oya="2" hai0="88,118,110,121,71,54,34,134,13,112,41,99,59" hai1="96,64,0,92,60,46,12,108,135,14,77,26,70" hai2="132,78,87,31,119,93,18,82,6,125,58,65,55" hai3="117,3,42,131,104,48,75,29,8,97,68,98,74"/><V32/><F119/><W51/><G68/><T40/><D34/><U21/><E108/><V11/><F132/><W102/><G117/><T53/><D71/><U122/><E135/><V47/><F125/><W67/><G29/><T106/><D121/><U23/><E122/><V109/><F109/><W28/><G28/><T116/><D112/><U50/><E0/><V127/><F127/><W33/><G33/><T20/><D110/><U103/><E77/><V4/><F32/><W129/><G98/><T101/><D134/><U44/><E44/><V39/><F31/><W81/><G81/><T100/><D54/><U1/><E1/><V22/><F39/><W66/><G3/><T86/><D101/><U63/><E63/><N who="2" m="38135" /><F11/><W9/><G42/><T73/><D73/><U84/><E84/><V95/><F55/><W17/><G17/><T43/><D20/><U85/><E85/><V7/><F47/><W52/><G52/><T72/><D13/><AGARI ba="0,0" hai="4,6,7,13,18,22,78,82,87,93,95" m="38135" machi="13" ten="30,2900,0" yaku="8,1,52,1" doraHai="62" who="2" fromWho="0" sc="262,-29,220,0,318,29,200,0" /><INIT seed="6,1,0,0,5,29" ten="233,220,347,200" oya="2" hai0="75,86,1,70,108,3,69,134,49,95,25,18,13" hai1="66,123,111,133,17,94,71,21,7,65,9,10,96" hai2="42,103,83,92,116,98,80,67,112,78,110,20,61" hai3="27,4,37,104,2,130,58,114,16,121,87,115,47"/><V0/><F0/><W113/><G104/><T93/><D108/><U97/><E111/><V131/><F110/><W124/><G121/><T73/><D134/><U119/><E119/><V53/><F116/><W79/><G124/><T60/><D25/><U91/><E133/><V90/><F112/><W23/><G130/><T85/><D49/><U129/><E129/><V72/><F42/><N who="3" m="22991" /><G58/><T109/><D109/><U36/><E36/><V26/><F131/><W54/><G54/><T84/><D13/><U101/><E123/><V31/><F53/><W118/><G118/><T125/><D18/><U34/><E34/><V107/><F83/><N who="3" m="47615" /><G4/><T55/><D55/><U122/><E122/><V51/><F51/><W52/><G52/><T132/><D132/><U41/><E41/><V68/><F90/><W100/><G100/><T22/><D22/><U19/><E71/><V24/><F26/><W35/><G2/><N who="0" m="523" /><D60/><U6/><E6/><V120/><F120/><W76/><G76/><T106/><D106/><U48/><E48/><V30/><F107/><W39/><G39/><T127/><D95/><N who="1" m="56447" /><E7/><V128/><F128/><W89/><G89/><T44/><D44/><U14/><E9/><V5/><F5/><W33/><AGARI ba="1,0" hai="16,23,27,33,35,113,114,115" m="47615,22991" machi="33" ten="40,8000,1" yaku="15,1,11,1,52,2" doraHai="29" who="3" fromWho="3" sc="233,-21,220,-21,347,-41,200,83" /><INIT seed="7,0,0,1,4,52" ten="212,199,306,283" oya="3" hai0="25,96,57,31,98,70,67,92,53,84,121,4,32" hai1="54,125,33,133,41,86,28,20,126,42,88,127,90" hai2="68,61,36,15,56,60,109,131,24,97,105,123,122" hai3="49,22,65,80,85,23,117,50,94,118,45,2,39"/><W43/><G2/><T16/><D121/><N who="2" m="46090" /><F131/><W30/><G65/><T71/><D67/><U132/><E33/><V44/><F109/><W93/><G39/><T5/><D96/><U9/><E9/><V79/><F68/><W73/><G73/><T46/><D46/><U72/><E72/><V66/><F61/><W12/><G30/><T76/><D16/><U134/><E54/><V130/><F130/><W106/><G106/><T34/><D34/><U27/><REACH who="1" step="1"/><E90/><REACH who="1" ten="212,189,306,283" step="2"/><V26/><F79/><N who="3" m="46239" /><G118/><T13/><D4/><U37/><E37/><V135/><F36/><W11/><G117/><T7/><D7/><U75/><E75/><V17/><F135/><W10/><G11/><T55/><D55/><U82/><AGARI ba="0,1" hai="20,27,28,41,42,82,86,88,125,126,127,132,133,134" machi="82" ten="40,8000,1" yaku="1,1,0,1,18,1,20,1,53,0" doraHai="52" doraHaiUra="120" who="1" fromWho="1" sc="212,-20,189,90,306,-20,283,-40" /><INIT seed="8,0,0,3,4,110" ten="192,279,286,243" oya="0" hai0="82,41,64,81,30,70,74,66,47,37,54,42,79" hai1="2,63,78,5,72,117,133,38,53,85,107,29,122" hai2="126,9,73,109,39,21,106,129,25,77,115,17,94" hai3="120,44,76,22,55,51,87,3,123,0,97,49,68"/><T62/><D30/><U132/><E122/><N who="3" m="46634" /><G68/><T121/><D121/><U31/><E72/><V14/><F106/><W10/><G10/><T20/><D66/><U116/><E107/><V24/><F39/><W80/><G97/><T99/><D20/><U83/><E38/><V58/><F109/><W11/><G11/><T131/><D131/><U134/><E5/><V40/><F126/><W36/><G36/><T89/><D42/><U59/><E2/><V96/><F129/><W52/><G22/><T127/><D127/><U91/><E78/><V98/><F40/><W35/><G35/><T4/><D4/><U111/><E111/><V26/><F115/><W1/><G1/><T75/><D54/><U27/><E27/><V86/><F73/><W56/><AGARI ba="0,0" hai="0,3,44,49,51,52,55,56,76,80,87" m="46634" machi="56" ten="30,1100,0" yaku="13,1" doraHai="110" who="3" fromWho="3" sc="192,-5,279,-3,286,-3,243,11" /><INIT seed="9,0,0,3,2,19" ten="187,276,283,254" oya="1" hai0="119,133,86,57,71,107,31,70,93,91,135,44,73" hai1="59,61,36,2,7,98,120,95,26,29,104,41,55" hai2="54,4,81,5,14,92,11,103,78,84,83,117,46" hai3="132,17,35,125,13,114,8,23,32,49,74,106,25"/><U52/><E120/><V75/><F117/><W112/><G106/><T69/><D119/><U0/><E104/><V16/><F81/><W67/><G74/><T127/><D127/><U124/><E124/><V80/><F103/><W39/><G39/><T82/><D107/><U116/><E116/><V85/><F75/><W60/><G125/><T131/><D131/><U115/><E115/><V68/><F92/><W128/><G128/><T123/><D123/><U58/><E7/><V65/><F65/><W96/><G96/><T12/><D31/><U20/><E41/><V129/><F68/><W109/><G49/><T34/><D34/><U27/><E27/><V105/><F105/><W45/><G45/><T130/><D130/><U76/><E36/><V110/><F110/><W42/><G42/><T6/><D57/><U122/><E76/><V22/><F11/><W33/><G109/><T89/><D44/><U38/><E38/><V64/><F64/><W63/><G63/><T79/><D6/><U62/><E122/><V1/><F1/><W77/><G77/><T51/><D51/><U94/><E94/><V28/><F28/><W53/><G53/><T56/><D56/><U134/><E134/><V100/><F100/><AGARI ba="0,0" hai="0,2,20,26,29,52,55,58,59,61,62,95,98,100" machi="100" ten="30,5800,0" yaku="7,1,9,1,52,1" doraHai="19" who="1" fromWho="2" sc="187,0,276,58,283,-58,254,0" owari="187,-31.0,334,43.0,225,-17.0,254,5.0" /></mjloggm>