<mjloggm ver="2.3"><GO type="169" lobby="0"/><UN n0="%74%61%6B%61%2D%31%31%36" n1="%54%53%55%42%41%53%41" n2="%E3%82%A6%E3%83%AB%E3%83%88%E3%83%A9%E7%AB%8B%E7%9B%B4" n3="%E5%B9%BE%E4%BD%95%E5%AD%A6%E5%B0%82%E6%94%BB" dan="16,16,17,16" rate="2090.46,2096.56,2152.11,2139.36" sx="M,M,M,M"/><TAIKYOKU oya="0"/><INIT seed="0,0,0,3,5,25" ten="250,250,250,250" oya="0" hai0="23,66,127,110,55,30,133,64,3,87,86,72,121" hai1="118,39,9,95,111,132,42,58,131,83,124,101,1" hai2="114,4,6,98,130,129,13,0,113,52,34,88,93" hai3="36,29,81,102,68,84,31,28,94,89,97,57,115"/><T103/><D121/><U78/><E118/><V37/><F37/><W82/><G115/><T56/><D3/><U2/><E2/><V60/><F34/><W67/><G36/><T7/><D72/><U48/><E48/><V46/><F0/><W45/><G68/><T96/><D127/><U18/><E58/><N who="2" m="34887" /><F46/><W116/><G116/><T59/><D7/><N who="2" m="2602" /><F13/><W5/><G5/><T85/><D133/><U40/><E39/><V24/><F24/><W32/><G45/><T54/><D110/><U20/><E111/><V77/><F77/><W50/><G32/><T62/><D23/><U107/><E107/><V106/><F106/><W26/><G26/><T109/><D109/><U11/><E124/><V43/><F43/><W92/><G50/><T15/><D15/><U74/><E132/><V135/><F135/><W63/><AGARI ba="0,0" hai="28,29,31,57,63,67,81,82,84,89,92,94,97,102" machi="63" ten="30,8000,1" yaku="0,1,8,1,52,3" doraHai="25" who="3" fromWho="3" sc="250,-40,250,-20,250,-20,250,80" /><INIT seed="1,0,0,0,4,118" ten="210,230,230,330" oya="1" hai0="14,72,21,123,132,84,46,95,40,33,68,134,90" hai1="3,4,117,59,32,115,6,49,128,129,133,57,16" hai2="87,61,26,86,30,29,64,76,20,27,99,103,104" hai3="22,122,102,45,12,65,116,108,17,113,85,91,66"/><U73/><E117/><V54/><F76/><W38/><G113/><T25/><D72/><U13/><E32/><V62/><F54/><W31/><G108/><T41/><D68/><U1/><E73/><V124/><F124/><W5/><G122/><T125/><D125/><U55/><E115/><V15/><F15/><W101/><G38/><T36/><D41/><U56/><E133/><N who="0" m="51305" /><D33/><U96/><E96/><V53/><F53/><W50/><G31/><N who="0" m="17839" /><D14/><U77/><E77/><V80/><F80/><N who="3" m="49575" /><G5/><N who="1" m="2154" /><E1/><V119/><F119/><W37/><G37/><T120/><AGARI ba="0,0" hai="36,40,46,84,90,95,120,123" m="17839,51305" machi="120" ten="30,4000,0" yaku="20,1,52,2" doraHai="118" who="0" fromWho="0" sc="210,40,230,-20,230,-10,330,-10" /><INIT seed="2,0,0,2,2,17" ten="250,210,220,320" oya="2" hai0="129,4,103,6,81,25,39,55,99,16,49,94,5" hai1="67,91,62,106,38,73,95,53,78,77,127,27,122" hai2="19,89,59,3,69,131,46,87,86,88,114,44,111" hai3="35,92,23,101,24,125,30,15,37,50,128,72,118"/><V2/><F69/><W102/><G37/><T22/><D129/><U119/><E106/><V85/><F59/><W32/><G72/><T47/><D39/><U18/><E119/><V124/><F19/><W90/><G118/><T113/><REACH who="0" step="1"/><D81/><REACH who="0" ten="240,210,220,320" step="2"/><U75/><E38/><V10/><F131/><W100/><G128/><T76/><D76/><U115/><E75/><V34/><F114/><AGARI ba="0,1" hai="4,5,6,16,22,25,47,49,55,94,99,103,113,114" machi="114" ten="40,5200,0" yaku="1,1,52,1,54,1,53,0" doraHai="17" doraHaiUra="133" who="0" fromWho="2" sc="240,62,210,0,220,-52,320,0" /><INIT seed="3,0,0,3,4,33" ten="302,210,168,320" oya="3" hai0="35,50,123,71,125,111,51,58,54,130,79,74,101" hai1="65,28,77,21,63,17,116,32,1,18,81,78,43" hai2="48,42,12,96,38,88,9,132,108,11,89,5,129" hai3="84,110,128,7,53,30,55,127,124,6,69,60,135"/><W93/><G128/><T23/><D71/><U92/><E116/><V27/><F38/><W45/><G135/><T113/><D35/><U39/><E32/><V44/><F108/><W14/><G30/><T29/><D123/><U22/><E39/><V134/><F129/><W107/><G107/><T19/><D130/><U26/><E43/><V86/><F27/><W122/><G122/><T80/><D111/><U133/><E133/><V100/><F89/><N who="3" m="53415" /><G110/><T82/><D29/><U114/><E114/><V104/><REACH who="2" step="1"/><F11/><REACH who="2" ten="302,210,158,320" step="2"/><W62/><G127/><T72/><D125/><U8/><E28/><V24/><F24/><W105/><G124/><T47/><D113/><U90/><E22/><V119/><F119/><W40/><G69/><T46/><D101/><U95/><E21/><V73/><F73/><W59/><G105/><T61/><D74/><U56/><E26/><V70/><F70/><W31/><G31/><T49/><D72/><U10/><E90/><V102/><F102/><W87/><G7/><T98/><D79/><U15/><E78/><V109/><F109/><W112/><G6/><T94/><D23/><U64/><E77/><V83/><AGARI ba="0,1" hai="5,9,12,42,44,48,83,86,88,96,100,104,132,134" machi="83" ten="30,4000,0" yaku="1,1,0,1,54,1,53,0" doraHai="33" doraHaiUra="120" who="2" fromWho="2" sc="302,-10,210,-10,158,50,320,-20" /><INIT seed="4,0,0,3,3,80" ten="292,200,208,300" oya="0" hai0="30,84,39,31,127,118,56,96,116,54,53,49,99" hai1="94,25,131,58,117,33,27,130,95,128,15,119,37" hai2="125,21,98,82,13,78,0,70,133,26,50,90,3" hai3="42,132,41,35,81,74,124,9,40,87,105,22,2"/><T129/><D39/><U71/><E71/><V102/><F70/><W100/><G35/><T55/><D127/><U47/><E15/><V135/><F13/><W5/><G74/><T17/><D129/><U72/><E72/><V46/><F90/><W12/><G132/><T44/><D17/><U120/><E58/><V28/><F125/><W18/><G124/><T77/><D116/><U112/><E120/><V73/><F135/><W89/><G100/><T76/><D118/><N who="1" m="45067" /><E112/><V121/><F121/><W104/><AGARI ba="0,0" hai="2,5,9,12,18,22,40,41,42,81,87,89,104,105" machi="104" ten="30,2000,0" yaku="0,1,52,1" doraHai="80" who="3" fromWho="3" sc="292,-10,200,-5,208,-5,300,20" /><INIT seed="5,0,0,4,5,20" ten="282,195,203,320" oya="1" hai0="42,28,35,24,41,119,22,77,102,0,103,29,89" hai1="92,110,56,45,70,116,100,25,79,61,108,74,19" hai2="82,97,120,18,78,1,60,46,62,83,4,91,99" hai3="117,109,5,73,40,130,67,43,37,47,55,118,63"/><U134/><E116/><N who="3" m="44650" /><G73/><T59/><D119/><U104/><E70/><V68/><F120/><W8/><G109/><N who="1" m="42090" /><E104/><V49/><F4/><W23/><G130/><T53/><D0/><U128/><E45/><V13/><F1/><N who="3" m="47" /><G23/><T123/><D123/><U17/><E128/><V124/><F124/><W121/><G121/><T71/><D71/><U31/><E134/><V58/><F68/><N who="3" m="42111" /><G37/><T90/><D77/><U135/><E79/><V93/><F78/><W51/><AGARI ba="0,0" hai="40,43,47,51,55" m="42111,47,44650" machi="51" ten="30,1100,0" yaku="12,1" doraHai="20" who="3" fromWho="3" sc="282,-3,195,-5,203,-3,320,11" /><INIT seed="6,0,0,3,0,7" ten="279,190,200,331" oya="2" hai0="12,49,59,104,36,35,17,128,60,131,26,78,119" hai1="9,3,110,99,73,37,122,134,77,107,21,10,79" hai2="23,0,76,92,86,22,102,28,30,69,83,43,118" hai3="15,41,130,1,75,62,109,72,8,47,124,113,20"/><V85/><F69/><W94/><G109/><T97/><D36/><U51/><E37/><V108/><F0/><W48/><G113/><T66/><D119/><U11/><E3/><V2/><F2/><W105/><G105/><T56/><D78/><U58/><E110/><V135/><F118/><W96/><G124/><T39/><D39/><U88/><E122/><V74/><F74/><W117/><G117/><T55/><D35/><U91/><E134/><V40/><F135/><W95/><G130/><N who="0" m="49707" /><D26/><U100/><E21/><N who="2" m="7691" /><F108/><W27/><G62/><N who="0" m="38239" /><D104/><U44/><E58/><V42/><F86/><W31/><G1/><T64/><D97/><AGARI ba="0,0" hai="28,30,40,42,43,76,83,85,92,97,102" m="7691" machi="97" ten="30,1500,0" yaku="8,1" doraHai="7" who="2" fromWho="0" sc="279,-15,190,0,200,15,331,0" /><INIT seed="6,1,0,5,0,94" ten="264,190,215,331" oya="2" hai0="74,79,48,95,117,6,134,111,63,60,100,36,3" hai1="132,23,50,26,22,72,122,110,44,58,126,70,33" hai2="57,105,13,97,55,124,133,83,39,11,31,20,115" hai3="66,114,15,75,81,108,87,89,34,98,76,46,120"/><V91/><F39/><W119/><G108/><T71/><D111/><U113/><E70/><V84/><F115/><W32/><G119/><T25/><D63/><U10/><E110/><V59/><F124/><W7/><G120/><T128/><D48/><U27/><E72/><V49/><F133/><W123/><G123/><T56/><D71/><U41/><E122/><V14/><F105/><W103/><G66/><T92/><D36/><U77/><E77/><V88/><F59/><W0/><G0/><T17/><D134/><U47/><E132/><V35/><F35/><W96/><G46/><T12/><D117/><U135/><E33/><V53/><F53/><W82/><G114/><T102/><D25/><U52/><E135/><V54/><F54/><W42/><G42/><T43/><D43/><U121/><E121/><V5/><F31/><W80/><G34/><T4/><D128/><U19/><E113/><V21/><F14/><W69/><G32/><T16/><D79/><U38/><E126/><V127/><F127/><W64/><G64/><N who="0" m="38919" /><D74/><U62/><E10/><V112/><F112/><W129/><G69/><T45/><D45/><U2/><E2/><V1/><F1/><W131/><G131/><T93/><D17/><U99/><E99/><V106/><F106/><W29/><G129/><T86/><D86/><U67/><E23/><V37/><F37/><W125/><G125/><T90/><D3/><U61/><E61/><V116/><F116/><W8/><G75/><T65/><D102/><U18/><E27/><V101/><F101/><W24/><G103/><T118/><D100/><RYUUKYOKU ba="1,0" sc="264,-15,190,15,215,15,331,-15" hai1="18,19,22,26,38,41,44,47,50,52,58,62,67" hai2="5,11,13,20,21,49,55,57,83,84,88,91,97" /><INIT seed="6,2,0,0,2,95" ten="249,205,230,316" oya="2" hai0="67,65,12,75,77,45,51,127,40,64,57,79,101" hai1="112,83,100,93,68,20,53,76,128,94,23,105,114" hai2="96,5,74,38,86,84,70,123,124,107,16,43,24" hai3="49,54,60,58,133,25,73,78,71,97,126,110,63"/><V4/><F70/><W113/><G110/><T88/><D127/><U59/><E68/><V22/><F74/><W2/><G2/><T129/><D129/><U103/><E59/><V52/><F123/><W92/><G126/><T89/><D101/><U44/><E44/><V47/><F124/><W28/><G133/><T7/><D75/><U87/><E53/><V85/><F107/><W13/><G113/><N who="1" m="43626" /><E20/><V33/><F33/><W72/><G13/><T122/><D122/><U35/><E23/><V42/><F42/><W134/><G134/><T17/><D7/><U90/><E35/><V10/><F10/><W115/><G78/><N who="0" m="29707" /><D57/><U99/><E128/><V37/><F37/><W111/><G111/><T91/><D67/><U31/><E31/><V80/><F52/><W26/><G115/><T62/><D62/><U125/><E125/><V3/><F3/><W11/><G63/><T81/><D81/><N who="1" m="49519" /><E100/><V106/><F80/><W104/><G60/><T120/><D120/><U55/><E55/><V34/><F34/><W21/><G71/><T39/><D39/><U9/><E9/><AGARI ba="2,0" hai="9,12,17,40,45,51,64,65,88,89,91" m="29707" machi="9" ten="30,2000,0" yaku="8,1,54,1" doraHai="95" who="0" fromWho="1" sc="249,26,205,-26,230,0,316,0" /><INIT seed="7,0,0,5,0,18" ten="275,179,230,316" oya="3" hai0="79,91,80,102,108,15,120,84,86,12,111,101,33" hai1="73,25,67,88,62,103,112,99,54,114,78,48,117" hai2="66,11,13,58,29,125,39,5,132,1,10,70,77" hai3="104,23,53,43,87,116,98,105,76,59,56,4,109"/><W92/><G116/><T106/><D33/><U75/><E117/><V131/><F39/><W95/><G4/><T21/><D120/><U19/><E103/><V55/><F77/><W123/><G43/><T50/><D50/><U127/><E127/><V119/><F55/><W113/><G113/><T90/><D15/><U17/><E78/><V130/><F58/><W49/><G123/><T31/><D79/><U6/><E6/><V71/><F66/><W61/><G23/><T35/><D35/><U57/><E17/><V40/><F40/><W96/><G96/><T26/><D12/><U27/><E27/><V128/><F13/><W94/><G98/><T9/><D9/><U64/><E73/><V83/><F11/><W41/><G109/><T0/><D0/><U3/><E75/><V63/><F10/><W36/><G36/><T124/><D124/><U45/><E3/><V134/><F1/><W97/><G97/><T42/><D42/><U20/><E114/><V107/><F5/><W129/><G129/><T74/><D74/><U110/><E110/><N who="0" m="42025" /><D106/><U28/><E112/><V8/><F125/><W51/><G51/><T89/><D80/><U16/><E67/><V60/><F130/><W14/><G14/><T47/><D101/><U44/><E45/><V126/><F131/><W69/><G41/><T121/><D102/><U46/><E44/><V118/><F128/><W34/><G34/><T135/><D47/><U81/><E81/><V93/><F83/><N who="3" m="47591" /><G69/><T37/><D121/><U133/><E133/><V72/><F132/><W65/><G104/><T38/><D135/><RYUUKYOKU ba="0,0" sc="275,10,179,10,230,-30,316,10" hai0="21,26,31,37,38,84,86,89,90,91" hai1="16,19,20,25,28,46,48,54,57,62,64,88,99" hai3="49,53,56,59,61,65,92,94,95,105" owari="285,9.0,189,-31.0,200,-20.0,326,42.0" /></mjloggm>