<mjloggm ver="2.3"><GO type="169" lobby="0"/><UN n0="%E4%BB%A3%E6%89%93%E3%81%A1%E3%81%AE%E7%A5%9E%E6%A7%98" n1="%E5%B0%B1%E6%B4%BB%E7%94%9F%40%E5%B7%9D%E6%9D%91%E8%BB%8D%E5%9B%A3" n2="%4B%52%65%72%65%65%65%4E" n3="%E3%82%82%E3%82%84%E3%81%97%E3%82%82%E3%82%93" dan="18,16,16,16" rate="2165.91,2099.96,2137.93,2195.13" sx="M,M,M,F"/><TAIKYOKU oya="0"/><INIT seed="0,0,0,1,1,93" ten="250,250,250,250" oya="0" hai0="125,23,71,59,122,86,55,89,110,48,73,90,101" hai1="79,21,68,57,22,50,134,132,20,4,1,107,127" hai2="112,47,131,113,43,33,19,9,11,88,30,115,27" hai3="63,85,72,53,45,62,74,124,99,26,64,46,114"/><T34/><D73/><U36/><E68/><V35/><F131/><W40/><G114/><T77/><D34/><U6/><E107/><V75/><F75/><W133/><G133/><N who="1" m="51306" /><E36/><V128/><F128/><W78/><G124/><T106/><D122/><U95/><E127/><V54/><F54/><W130/><G130/><T42/><D125/><U44/><E1/><V18/><F35/><W66/><G26/><T83/><D71/><U37/><E79/><V52/><F52/><W65/><G40/><T108/><D42/><N who="1" m="22607" /><E95/><V7/><F9/><W38/><G38/><T123/><D123/><U117/><E117/><V118/><F118/><W70/><G66/><T39/><D39/><U14/><E14/><V0/><F43/><W109/><G109/><N who="0" m="42091" /><D23/><U8/><E8/><V69/><F47/><W121/><G121/><T84/><D84/><U17/><E17/><V24/><F69/><W81/><G45/><T3/><D3/><U2/><E2/><V120/><F120/><W104/><G46/><T76/><D76/><U116/><E116/><V61/><F27/><W56/><REACH who="3" step="1"/><G65/><REACH who="3" ten="250,250,250,240" step="2"/><T96/><AGARI ba="0,1" hai="48,55,59,77,83,86,89,90,96,101,106" m="42091" machi="96" ten="30,6000,0" yaku="14,1,10,1,52,1" doraHai="93" who="0" fromWho="0" sc="250,70,250,-20,250,-20,240,-20" /><INIT seed="0,1,0,0,0,66" ten="320,230,230,220" oya="0" hai0="109,5,33,51,59,24,105,104,92,44,119,112,75" hai1="62,97,30,77,120,122,57,73,65,18,82,64,56" hai2="113,96,103,94,26,37,46,29,86,45,132,49,134" hai3="123,95,98,60,106,69,111,80,15,130,72,40,20"/><T91/><D112/><U118/><E118/><V108/><F113/><W131/><G111/><T99/><D119/><U28/><E97/><V115/><F115/><W114/><G114/><T7/><D75/><U21/><E64/><V88/><F108/><W9/><G106/><T0/><D109/><U101/><E101/><V79/><F79/><W89/><G123/><T6/><D0/><U133/><E133/><V61/><F61/><W39/><G20/><T14/><D59/><U76/><E76/><V1/><F1/><W38/><G72/><T50/><D50/><U42/><E42/><V3/><F3/><W27/><G27/><T135/><D135/><N who="2" m="51754" /><F49/><W102/><G40/><T4/><D14/><U55/><E120/><V124/><F124/><W81/><G69/><T63/><D63/><U87/><E73/><V16/><F37/><N who="3" m="13835" /><G102/><T129/><D104/><U93/><E122/><V34/><F16/><N who="3" m="8303" /><G60/><T32/><D105/><AGARI ba="1,0" hai="26,29,34,45,46,86,88,94,96,103,105" m="51754" machi="105" ten="30,2000,0" yaku="20,1,54,1" doraHai="66" who="2" fromWho="0" sc="320,-23,230,0,230,23,220,0" /><INIT seed="1,0,0,2,5,120" ten="297,230,253,220" oya="1" hai0="86,34,63,110,89,124,13,45,114,109,96,36,76" hai1="75,29,20,55,80,57,54,21,15,94,87,42,12" hai2="49,98,105,129,68,44,92,83,119,43,121,106,95" hai3="25,46,60,101,103,77,128,126,90,53,135,35,61"/><U88/><E42/><V78/><F121/><W41/><G128/><T28/><D114/><U99/><E75/><V132/><F119/><W72/><G135/><T40/><D124/><U131/><E131/><V0/><F0/><W79/><G126/><T48/><D76/><U58/><E58/><V3/><F3/><W5/><G5/><T39/><D96/><U108/><E108/><N who="0" m="41577" /><D13/><N who="1" m="5195" /><E29/><V67/><F129/><W9/><G90/><T102/><D102/><N who="1" m="60791" /><E54/><V8/><F132/><W122/><G53/><T37/><D63/><AGARI ba="0,0" hai="20,21,55,57,63,80,87,88" m="60791,5195" machi="63" ten="30,2900,0" yaku="8,1,54,1" doraHai="120" who="1" fromWho="0" sc="297,-29,230,29,253,0,220,0" /><INIT seed="1,1,0,5,3,9" ten="268,259,253,220" oya="1" hai0="100,37,71,21,14,87,23,114,126,113,78,122,85" hai1="108,62,103,18,97,83,80,46,47,115,1,72,88" hai2="42,59,44,124,31,125,48,95,127,120,39,106,10" hai3="29,123,112,132,13,16,49,128,41,84,101,17,32"/><U35/><E1/><V55/><F106/><W5/><G123/><T116/><D116/><U130/><E35/><V67/><F31/><W133/><G112/><T36/><D122/><U91/><E115/><V57/><F95/><W102/><G128/><T3/><D3/><U119/><E72/><V93/><F93/><W65/><G5/><T12/><D71/><U51/><E119/><V2/><F120/><W22/><G65/><T38/><D38/><U0/><E0/><V43/><F2/><W76/><G29/><T25/><D25/><U107/><E130/><V94/><F94/><W68/><G68/><T27/><D27/><U104/><E62/><N who="2" m="38367" /><F10/><W117/><G32/><T11/><D11/><U89/><E107/><V45/><F43/><W50/><G117/><T34/><D34/><U28/><E28/><V53/><F53/><W86/><G41/><T33/><D33/><U81/><E108/><V54/><F54/><W105/><G105/><T77/><REACH who="0" step="1"/><D100/><REACH who="0" ten="258,259,253,220" step="2"/><U20/><REACH who="1" step="1"/><E51/><REACH who="1" ten="258,249,253,220" step="2"/><V73/><F127/><AGARI ba="1,2" hai="12,14,21,23,36,37,77,78,85,87,113,114,126,127" machi="127" ten="25,16000,3" yaku="1,1,2,1,22,2,52,2,53,2" doraHai="9" doraHaiUra="19" who="0" fromWho="2" sc="258,183,249,0,253,-163,220,0" /><INIT seed="2,0,0,2,3,127" ten="441,249,90,220" oya="2" hai0="58,12,122,33,38,73,16,50,95,82,89,105,44" hai1="119,126,2,76,72,132,112,22,92,32,36,64,80" hai2="30,9,116,107,121,28,14,129,42,0,117,45,66" hai3="29,43,25,113,67,48,18,11,31,35,7,96,78"/><V51/><F121/><W3/><G113/><T84/><D105/><U123/><RYUUKYOKU type="yao9" ba="0,0" sc="441,0,249,0,90,0,220,0" hai1="2,22,32,36,64,72,76,80,92,112,119,123,126,132" /><INIT seed="2,1,0,3,2,90" ten="441,249,90,220" oya="2" hai0="7,97,44,47,39,120,88,34,79,36,38,135,46" hai1="19,86,123,30,127,121,53,33,52,37,134,69,48" hai2="51,106,15,102,73,96,32,50,115,0,128,77,82" hai3="25,111,42,9,17,12,3,26,63,29,31,61,75"/><V87/><F128/><W20/><G111/><T28/><D120/><N who="1" m="46155" /><E37/><V94/><F0/><W130/><G75/><T58/><D79/><U57/><E69/><V5/><F32/><W62/><G130/><T98/><D7/><U113/><E113/><V11/><REACH who="2" step="1"/><F115/><REACH who="2" ten="441,249,80,220" step="2"/><W18/><G3/><T22/><D34/><U41/><E33/><V85/><F85/><W23/><G42/><T21/><D98/><U71/><E41/><V91/><AGARI ba="1,1" hai="5,11,15,50,51,73,77,82,87,91,94,96,102,106" machi="91" ten="30,12000,1" yaku="1,1,0,1,24,2,52,1,53,0" doraHai="90" doraHaiUra="70" who="2" fromWho="2" sc="441,-41,249,-41,80,133,220,-41" /><INIT seed="2,2,0,1,2,42" ten="400,208,213,179" oya="2" hai0="50,96,67,23,31,64,131,132,57,117,48,102,58" hai1="61,60,95,62,112,100,52,81,30,14,87,15,109" hai2="85,135,111,116,82,1,33,120,28,37,90,119,83" hai3="8,133,56,98,16,41,71,130,49,46,123,106,45"/><V69/><F69/><W13/><G123/><T104/><D131/><U21/><E112/><V92/><F1/><W54/><G130/><T114/><D114/><U10/><E109/><V26/><F120/><W84/><G133/><T103/><D132/><U134/><E134/><V36/><F135/><W66/><G84/><T128/><D128/><U126/><E126/><V94/><F111/><W122/><G122/><T107/><D23/><U124/><E124/><V53/><F94/><W0/><G0/><T24/><D24/><N who="1" m="16655" /><E10/><V9/><F9/><W27/><G27/><T97/><D31/><U74/><E74/><V39/><REACH who="2" step="1"/><F53/><REACH who="2" ten="400,208,203,179" step="2"/><W73/><G71/><T127/><D127/><U129/><E129/><V18/><F18/><W32/><G16/><T44/><D117/><AGARI ba="2,1" hai="26,28,33,36,37,39,82,83,85,90,92,116,117,119" machi="117" ten="50,2400,0" yaku="1,1,53,0" doraHai="42" doraHaiUra="47" who="2" fromWho="0" sc="400,-30,208,0,203,40,179,0" /><INIT seed="2,3,0,2,4,133" ten="370,208,243,179" oya="2" hai0="129,89,121,106,122,81,105,113,56,85,117,42,95" hai1="82,123,70,61,52,7,68,83,21,115,38,102,49" hai2="93,28,51,99,41,45,90,12,57,18,17,112,79" hai3="8,10,15,9,67,13,54,58,62,46,39,135,2"/><V1/><F1/><W4/><G135/><T66/><D42/><U80/><E38/><V119/><F119/><W134/><G134/><T16/><D113/><U86/><E115/><V109/><F112/><W75/><G75/><T50/><D117/><U73/><E73/><V116/><F116/><W65/><G2/><T101/><D129/><U23/><E123/><V104/><F79/><W125/><G125/><T40/><D106/><U132/><E132/><V36/><F28/><W20/><G39/><T128/><D105/><U6/><E102/><V26/><F104/><W3/><G3/><T64/><D128/><U55/><E86/><V32/><F32/><W88/><G20/><N who="1" m="7754" /><E61/><V94/><F26/><W74/><G74/><T114/><D114/><U77/><E49/><V98/><F109/><W69/><G69/><N who="1" m="26730" /><E77/><V35/><F35/><W27/><G27/><T126/><D50/><U31/><E31/><V92/><F92/><W97/><G46/><T24/><D95/><U22/><N who="1" m="7762" /><U37/><DORA hai="53" /><E37/><V0/><F0/><W33/><G33/><T72/><D121/><U63/><E63/><V111/><F111/><W131/><G131/><T87/><D122/><U59/><E59/><V110/><F110/><W71/><G71/><T47/><D56/><U25/><E25/><V127/><F57/><W19/><G10/><T11/><D11/><U100/><E100/><N who="2" m="60495" /><F36/><W48/><G62/><T43/><D24/><U44/><E44/><V124/><F17/><W60/><G60/><T108/><D108/><U84/><E84/><V103/><F103/><W96/><G96/><RYUUKYOKU ba="3,0" sc="370,-30,208,10,243,10,179,10" hai1="6,7,52,55,80,82,83" hai2="12,18,41,45,51,90,94,99,124,127" hai3="4,8,9,13,15,19,48,54,58,65,67,88,97" /><INIT seed="2,4,0,3,5,90" ten="340,218,253,189" oya="2" hai0="117,85,8,5,20,18,47,58,76,91,112,30,100" hai1="134,40,69,103,38,44,77,36,130,56,15,27,19" hai2="109,64,82,60,9,2,59,78,37,113,17,41,66" hai3="68,83,98,71,89,34,129,126,10,133,110,33,67"/><V50/><F113/><W31/><G110/><T29/><D112/><U25/><E69/><V104/><F104/><W92/><G129/><T105/><D76/><U39/><E130/><V80/><F66/><W107/><G133/><T86/><D117/><U7/><E7/><V131/><F131/><W118/><G118/><T13/><D86/><U24/><E134/><V23/><F109/><W123/><G123/><T43/><D58/><U74/><E56/><V70/><F78/><W111/><G111/><T97/><D43/><U120/><E120/><V1/><F1/><W46/><G126/><T72/><D72/><U45/><E40/><V94/><F94/><W61/><G68/><T84/><D84/><U12/><E103/><V11/><F11/><W16/><G31/><T35/><D47/><U65/><E65/><V116/><F116/><W108/><G108/><T62/><D62/><U21/><E15/><V95/><F9/><W51/><G83/><T57/><D57/><U127/><E127/><V55/><F2/><W121/><G107/><T96/><D96/><U102/><E102/><V128/><F95/><W119/><G121/><T73/><D73/><U101/><E101/><V63/><F63/><W132/><G132/><T114/><D35/><U14/><E14/><N who="2" m="9655" /><F128/><W48/><G119/><T87/><D114/><U75/><E75/><V124/><F124/><W32/><G46/><AGARI ba="4,0" hai="37,41,46,50,55,59,60,64,70,80,82" m="9655" machi="46" ten="30,1500,0" yaku="24,1" doraHai="90" who="2" fromWho="3" sc="340,0,218,0,253,27,189,-27" /><INIT seed="2,5,0,4,0,63" ten="340,218,280,162" oya="2" hai0="38,67,2,55,71,19,72,106,33,45,5,135,13" hai1="79,76,48,22,17,125,115,82,37,100,108,14,84" hai2="123,120,102,25,80,44,36,111,31,10,12,21,116" hai3="129,39,73,46,96,78,131,74,118,101,126,1,121"/><V69/><F69/><W11/><G118/><T92/><D106/><U16/><E37/><V112/><F102/><W52/><G121/><T103/><D33/><U75/><E115/><V113/><F80/><N who="3" m="45135" /><G74/><T59/><D135/><U128/><E125/><V40/><F116/><W47/><G126/><T94/><D72/><U9/><E128/><N who="3" m="49226" /><G39/><T122/><D5/><U56/><E108/><V88/><F111/><W32/><G32/><T114/><D2/><U18/><E100/><V132/><F132/><W7/><G52/><T49/><D114/><U57/><E75/><V104/><F104/><AGARI ba="5,0" hai="1,7,11,46,47,96,101,104" m="49226,45135" machi="104" ten="30,1000,0" yaku="19,1" doraHai="63" who="3" fromWho="2" sc="340,0,218,0,280,-25,162,25" /><INIT seed="3,0,0,3,1,109" ten="340,218,255,187" oya="3" hai0="60,86,64,129,27,111,123,124,44,80,31,94,24" hai1="106,53,112,6,13,93,36,29,76,28,8,90,45" hai2="125,47,69,100,35,75,7,40,121,91,108,50,114" hai3="120,3,14,59,41,95,107,122,92,49,4,89,101"/><W126/><G3/><T1/><D123/><U62/><E106/><V57/><F69/><W46/><G126/><T82/><D1/><U25/><E76/><V10/><F125/><W15/><G107/><T58/><D124/><U74/><E74/><V37/><F35/><W128/><G128/><T68/><D111/><U97/><E112/><V0/><F108/><W9/><G15/><T99/><D129/><U79/><E79/><V134/><F100/><W63/><G101/><T39/><D68/><U30/><E36/><V23/><F121/><W88/><G95/><T117/><D117/><U34/><REACH who="1" step="1"/><E62/><REACH who="1" ten="340,208,255,187" step="2"/><V54/><F114/><W71/><G120/><T67/><D39/><U22/><E22/><V18/><F75/><W38/><G122/><T70/><D60/><U5/><E5/><V133/><REACH who="2" step="1"/><F91/><REACH who="2" ten="340,208,245,187" step="2"/><W33/><G89/><T42/><D70/><U132/><E132/><V127/><F127/><W130/><G130/><T26/><D31/><U118/><E118/><V48/><F48/><AGARI ba="0,2" hai="6,8,13,25,28,29,30,34,45,48,53,90,93,97" machi="48" ten="40,1300,0" yaku="1,1,53,0" doraHai="109" doraHaiUra="16" who="1" fromWho="2" sc="340,0,208,33,245,-13,187,0" /><INIT seed="4,0,0,3,4,0" ten="340,241,232,187" oya="0" hai0="48,59,51,90,119,121,125,134,56,123,26,37,21" hai1="16,98,20,104,64,41,94,35,19,9,111,124,24" hai2="55,27,102,77,85,95,93,74,10,106,23,110,105" hai3="126,69,4,6,100,5,71,75,63,11,45,83,50"/><T91/><D37/><U109/><E104/><V101/><F110/><W108/><G108/><T116/><D21/><U81/><E35/><V46/><F74/><W86/><G75/><T13/><D13/><U14/><E124/><V120/><F120/><W79/><G126/><T127/><REACH who="0" step="1"/><D134/><REACH who="0" ten="330,241,232,187" step="2"/><U97/><E20/><V131/><F23/><W40/><G69/><T107/><D107/><U3/><E14/><V61/><F106/><W31/><G31/><T30/><D30/><U53/><E24/><AGARI ba="0,1" hai="24,26,48,51,56,59,90,91,116,119,121,123,125,127" machi="24" ten="25,4800,0" yaku="1,1,22,2,53,0" doraHai="0" doraHaiUra="128" who="0" fromWho="1" sc="330,58,241,-48,232,0,187,0" /><INIT seed="4,1,0,1,0,4" ten="388,193,232,187" oya="0" hai0="64,37,57,81,120,92,56,63,61,113,132,82,117" hai1="67,95,89,54,20,18,128,62,127,79,22,91,86" hai2="28,76,124,5,55,130,77,96,126,53,110,39,83" hai3="75,1,49,119,58,116,131,33,121,80,21,122,11"/><T30/><D117/><U25/><E127/><V71/><F110/><W98/><G33/><T93/><D120/><N who="3" m="46185" /><G131/><T47/><D113/><U106/><E106/><V70/><F130/><W107/><G21/><T24/><D132/><U36/><E36/><V66/><F39/><W19/><G58/><T41/><D93/><U44/><E128/><V60/><F96/><W31/><G49/><T2/><D2/><U90/><E79/><V118/><F28/><W51/><G51/><T103/><D103/><U9/><E9/><V40/><F40/><W13/><G31/><T101/><D101/><U32/><E32/><V8/><F71/><W42/><G42/><T129/><D92/><U72/><E72/><V14/><F118/><W88/><G1/><T78/><D78/><U52/><E22/><V3/><F77/><N who="3" m="44095" /><G107/><T46/><D46/><U27/><E27/><V73/><REACH who="2" step="1"/><F3/><REACH who="2" ten="388,193,222,187" step="2"/><W102/><G102/><T105/><D129/><U112/><E112/><V100/><F100/><W23/><G119/><T84/><D37/><U97/><E97/><V43/><F43/><W45/><G116/><T26/><D41/><U111/><E111/><V94/><F94/><W38/><G38/><T123/><D30/><U104/><E104/><V68/><F68/><W10/><G98/><T125/><D105/><U12/><E95/><V74/><F74/><W99/><G99/><T134/><D123/><U15/><E86/><V7/><F7/><W35/><G35/><T17/><D84/><U6/><E6/><V69/><F69/><W108/><G108/><T0/><D0/><U133/><E18/><RYUUKYOKU ba="1,1" sc="388,-10,193,-10,222,30,187,-10" hai2="5,8,14,53,55,60,66,70,73,76,83,124,126" /><INIT seed="5,2,1,5,4,132" ten="378,183,252,177" oya="1" hai0="70,22,37,3,84,27,96,97,4,99,35,26,30" hai1="58,103,102,0,118,6,130,107,34,98,65,60,82" hai2="133,109,128,50,21,2,71,122,53,104,25,42,39" hai3="12,89,5,33,51,108,48,115,78,55,101,56,49"/><U74/><E118/><V15/><F122/><W77/><G108/><T135/><D70/><U66/><E34/><V85/><F109/><W131/><G131/><T9/><D37/><U36/><E36/><V23/><F2/><W81/><G115/><T63/><D135/><U38/><E38/><V16/><F104/><W112/><G33/><T57/><D84/><U29/><E130/><V79/><F71/><W123/><G112/><T90/><D90/><U14/><E0/><V116/><F116/><W67/><G67/><T95/><D95/><U17/><E6/><V72/><F72/><W28/><G28/><T19/><D99/><U61/><E29/><V24/><F128/><W127/><G101/><T68/><D68/><U110/><E110/><V7/><F7/><W54/><G123/><T20/><D20/><U129/><E129/><V11/><F39/><W120/><G120/><T32/><D32/><U43/><E43/><V92/><F42/><W111/><G111/><T117/><D117/><U18/><E102/><V134/><F133/><W40/><G40/><T10/><D9/><U64/><E61/><V75/><F75/><W86/><G127/><T1/><D1/><U44/><E44/><V121/><F121/><W94/><G55/><AGARI ba="2,1" hai="3,4,10,19,22,26,27,30,35,55,57,63,96,97" machi="55" ten="30,1000,0" yaku="7,1" doraHai="132" who="0" fromWho="3" sc="378,26,183,0,252,0,177,-16" /><INIT seed="6,0,0,4,0,120" ten="404,183,252,161" oya="2" hai0="25,88,22,9,101,96,65,83,66,74,53,78,26" hai1="12,45,4,122,134,52,114,70,125,102,86,111,64" hai2="36,62,75,19,98,126,0,51,7,58,57,94,80" hai3="109,39,106,76,113,118,129,61,8,14,50,67,135"/><V11/><F36/><W105/><G118/><T44/><D26/><U108/><E102/><V132/><F132/><W103/><G135/><T82/><D9/><U68/><E134/><V124/><F19/><W49/><G39/><T79/><D88/><U128/><E64/><V34/><F34/><W48/><G109/><T71/><D44/><U121/><E114/><V131/><F131/><W31/><G129/><T59/><D71/><N who="1" m="27179" /><E125/><V43/><F62/><W27/><G113/><T84/><D96/><U97/><E97/><V60/><F60/><W123/><G76/><T37/><D101/><U30/><E30/><V46/><F80/><W72/><G72/><T2/><D2/><U127/><E86/><V69/><F75/><W35/><G103/><T91/><D78/><U47/><E127/><N who="2" m="48683" /><F69/><W117/><G117/><T130/><D37/><U16/><E4/><V81/><F81/><W93/><G93/><T87/><D74/><U32/><E32/><V41/><F41/><W95/><G95/><T18/><D130/><U116/><E116/><V54/><F43/><W107/><G61/><AGARI ba="0,0" hai="18,22,25,53,59,61,65,66,79,82,83,84,87,91" machi="61" ten="30,2000,0" yaku="7,1,8,1" doraHai="120" who="0" fromWho="3" sc="404,20,183,0,252,0,161,-20" /><INIT seed="7,0,0,2,4,28" ten="424,183,252,141" oya="3" hai0="17,14,25,118,20,122,86,43,46,135,68,16,48" hai1="5,99,114,23,72,128,105,44,4,34,2,112,3" hai2="76,97,52,106,80,39,40,1,84,132,12,38,61" hai3="37,54,53,108,77,133,123,75,69,55,92,19,78"/><W9/><G123/><T120/><D118/><U30/><E72/><V57/><F1/><N who="1" m="9" /><E44/><V51/><F132/><W8/><G133/><T109/><D109/><U32/><E105/><V131/><F131/><W66/><G108/><T90/><D68/><U89/><E89/><V82/><F12/><W117/><G117/><T15/><D15/><U116/><E99/><V45/><F82/><W0/><G37/><T134/><D134/><U125/><E125/><V21/><F21/><W103/><G75/><T56/><D56/><U64/><E64/><V93/><F106/><W29/><G29/><T104/><D104/><U18/><E30/><V63/><F39/><W115/><G115/><N who="1" m="44074" /><E128/><V79/><F79/><W27/><G0/><T7/><D7/><N who="1" m="2635" /><E116/><V65/><F65/><W124/><G124/><T74/><D74/><U113/><E113/><V62/><F38/><W73/><G73/><T107/><D107/><U24/><AGARI ba="0,0" hai="18,23,24,32,34" m="2635,44074,9" machi="24" ten="40,8000,1" yaku="15,1,34,2,52,2" doraHai="28" who="1" fromWho="1" sc="424,-20,183,80,252,-20,141,-40" owari="404,51.0,263,6.0,232,-17.0,101,-40.0" /></mjloggm>