<mjloggm ver="2.3"><GO type="233" lobby="0"/><UN n0="%E3%83%8B%E3%83%A3%E3%83%83%E3%83%94%E3%83%BC%E5%A4%8F%E7%9B%AE" n1="%72%79%6F%E2%80%A6%31%35" n2="%E3%81%BE%E3%82%8B%E3%81%9F%E3%82%8D%E3%81%86" n3="%E3%82%A6%E3%83%AB%E3%83%88%E3%83%A9%E7%AB%8B%E7%9B%B4" dan="18,16,17,18" rate="2185.13,2118.52,2120.06,2235.05" sx="M,M,F,M"/><TAIKYOKU oya="0"/><INIT seed="0,0,0,0,2,50" ten="250,250,250,250" oya="0" hai0="112,127,19,96,118,0,32,76,4,5,121,95,90" hai1="110,45,56,129,128,103,117,93,61,55,102,1,73" hai2="107,126,59,17,12,60,99,44,74,47,16,130,124" hai3="94,114,13,26,29,84,82,67,22,87,105,86,39"/><T53/><D112/><U33/><E33/><V111/><F74/><W70/><G105/><T24/><D118/><U91/><E1/><V101/><F111/><W43/><G114/><T41/><D121/><U25/><E110/><V71/><F71/><W40/><G70/><T11/><D127/><N who="2" m="48682" /><F130/><N who="1" m="50281" /><E73/><V3/><F3/><W58/><G39/><T18/><D5/><U37/><E117/><V81/><F81/><W31/><G31/><T21/><D76/><U116/><E116/><V48/><F48/><W35/><G35/><T125/><D125/><U8/><E8/><N who="2" m="6151" /><F17/><W69/><G69/><T135/><D135/><U132/><E132/><V119/><F119/><W80/><G13/><T64/><D41/><N who="1" m="22703" /><E25/><V49/><F49/><W72/><G72/><T92/><D32/><U122/><E122/><V42/><F42/><W100/><G43/><T38/><D38/><U78/><E78/><V68/><F68/><W51/><G40/><T54/><D64/><AGARI ba="0,0" hai="44,47,59,60,64,99,101,107" m="6151,48682" machi="64" ten="30,2000,0" yaku="18,1,54,1" doraHai="50" who="2" fromWho="0" sc="250,-20,250,0,250,20,250,0" /><INIT seed="1,0,0,2,5,6" ten="230,250,270,250" oya="1" hai0="1,19,94,128,66,32,59,127,41,73,75,20,13" hai1="102,107,56,27,80,105,96,74,54,17,47,16,79" hai2="129,119,85,23,130,3,10,93,60,8,51,103,7" hai3="122,82,113,53,108,124,114,58,43,44,135,131,11"/><U109/><E109/><V104/><F119/><W83/><G122/><T42/><D32/><U100/><E47/><V97/><F60/><W33/><G33/><T126/><D1/><U36/><E36/><V71/><F71/><W63/><G108/><T125/><D128/><N who="2" m="49258" /><F23/><W5/><G131/><T134/><D134/><U38/><E38/><V118/><F118/><W67/><G135/><T68/><D68/><U61/><REACH who="1" step="1"/><E27/><REACH who="1" ten="230,240,270,250" step="2"/><V106/><F106/><W29/><G114/><T28/><D42/><U40/><E40/><V21/><F104/><W110/><G113/><T120/><D41/><U112/><E112/><V116/><F116/><W12/><G110/><T88/><D120/><U70/><E70/><V52/><F85/><W57/><G124/><T62/><D28/><U77/><E77/><V89/><F103/><W101/><G101/><T22/><D75/><U48/><E48/><V46/><F89/><W65/><G29/><T50/><D73/><U24/><E24/><V95/><F97/><AGARI ba="0,1" hai="16,17,54,56,61,74,79,80,96,97,100,102,105,107" machi="97" ten="40,7700,0" yaku="1,1,9,1,54,1,53,0" doraHai="6" doraHaiUra="4" who="1" fromWho="2" sc="230,0,240,87,270,-77,250,0" /><INIT seed="1,1,0,4,3,43" ten="230,327,193,250" oya="1" hai0="114,77,19,86,125,49,66,31,4,94,91,0,28" hai1="55,120,50,36,37,40,42,54,128,102,34,92,115" hai2="116,73,3,118,29,12,123,88,23,111,61,9,33" hai3="119,41,82,84,47,20,83,96,67,121,8,107,99"/><U16/><E34/><V78/><F123/><W59/><G121/><T74/><D114/><U11/><E120/><V101/><F33/><W10/><G119/><T7/><D125/><U133/><E115/><V15/><F3/><W46/><G107/><T44/><D66/><U48/><E128/><V108/><F101/><W2/><G2/><T130/><D130/><U90/><E102/><V93/><F61/><N who="3" m="38335" /><G20/><T26/><D74/><U109/><E133/><V1/><F1/><W18/><G41/><T122/><D77/><U35/><E35/><V112/><F112/><W38/><G38/><T135/><D135/><U17/><E109/><N who="2" m="42059" /><F73/><W21/><G96/><T30/><D0/><U104/><E104/><V64/><F64/><W32/><G99/><T24/><D122/><U103/><E103/><V110/><F78/><N who="3" m="46167" /><G83/><T51/><D51/><U79/><E79/><V97/><F110/><W131/><G32/><T57/><D57/><U113/><E113/><V105/><F105/><W14/><G131/><T100/><D100/><U132/><E132/><V80/><F80/><W60/><G60/><T129/><D129/><U58/><E37/><V75/><F75/><W95/><G95/><T13/><D26/><U25/><E36/><V53/><F116/><W134/><G134/><T87/><D24/><U39/><E39/><V71/><F71/><W22/><G22/><N who="0" m="11631" /><D87/><N who="1" m="52319" /><E25/><N who="2" m="16575" /><F118/><W72/><G72/><T70/><D70/><U52/><E52/><AGARI ba="1,0" hai="4,7,28,30,31,44,49,52,86,91,94" m="11631" machi="52" ten="30,3900,0" yaku="8,1,52,1,54,1" doraHai="43" who="0" fromWho="1" sc="230,42,327,-42,193,0,250,0" /><INIT seed="2,0,0,1,1,11" ten="272,285,193,250" oya="2" hai0="103,59,74,66,31,43,30,109,7,85,50,34,121" hai1="38,132,111,70,57,8,28,135,0,76,1,5,97" hai2="2,67,117,23,4,80,96,47,126,72,129,54,65" hai3="118,33,107,32,123,44,114,102,75,60,112,78,40"/><V9/><F117/><W122/><G60/><N who="0" m="38175" /><D74/><U95/><E70/><V13/><F129/><W127/><G118/><T91/><D34/><N who="3" m="13417" /><G127/><T106/><D106/><U17/><E38/><V21/><F126/><W52/><G52/><T83/><D121/><U79/><E28/><V101/><F72/><W46/><G46/><N who="0" m="25951" /><D109/><U48/><E17/><V10/><F80/><N who="3" m="45151" /><G102/><T27/><D103/><U12/><E111/><V55/><F65/><W100/><G100/><T58/><D27/><U19/><E57/><V6/><F67/><W90/><G90/><T93/><D93/><U20/><E48/><V62/><F55/><W26/><G26/><T42/><D42/><U36/><E36/><V68/><F68/><W14/><G107/><T77/><D91/><N who="1" m="55551" /><E0/><V22/><F62/><W104/><G104/><T39/><D39/><U110/><E110/><V125/><F125/><W82/><G44/><T133/><D133/><AGARI ba="0,0" hai="1,5,8,12,19,20,76,79,132,133,135" m="55551" machi="133" ten="30,2000,0" yaku="20,1,52,1" doraHai="11" who="1" fromWho="0" sc="272,-20,285,20,193,0,250,0" /><INIT seed="3,0,0,5,4,84" ten="252,305,193,250" oya="3" hai0="30,117,19,82,48,4,67,113,20,77,114,47,111" hai1="17,131,6,99,40,68,46,120,93,95,85,88,134" hai2="16,90,32,22,119,37,13,86,78,94,33,107,122" hai3="12,7,24,49,25,103,3,0,83,70,80,121,58"/><W91/><G70/><T128/><D117/><U53/><E120/><V45/><F119/><W81/><G121/><T123/><D123/><U135/><E68/><V35/><F107/><W8/><G103/><T2/><D111/><U43/><E6/><V18/><F122/><W109/><G109/><T97/><D128/><U108/><E108/><V65/><F65/><W62/><G3/><T29/><D67/><U89/><E131/><V64/><F64/><N who="3" m="38999" /><G0/><T106/><D4/><U28/><E28/><V75/><F18/><W9/><G9/><T79/><D2/><U55/><E17/><V42/><F78/><W102/><G102/><T41/><D97/><U1/><E1/><V60/><F60/><W127/><G127/><T69/><D106/><U104/><E104/><V11/><REACH who="2" step="1"/><F75/><REACH who="2" ten="252,305,183,250" step="2"/><W74/><G74/><T5/><D79/><U72/><E72/><V76/><F76/><W21/><G25/><N who="0" m="14495" /><D69/><U23/><E135/><V61/><F61/><W98/><G49/><T14/><D114/><U31/><E134/><V34/><N who="2" m="8192" /><DORA hai="124" /><V71/><F71/><W52/><G24/><T118/><D113/><U15/><E31/><V51/><F51/><W73/><G73/><T56/><D118/><U27/><E27/><V54/><F54/><W92/><G52/><T63/><D29/><U101/><E53/><V115/><F115/><W87/><G21/><AGARI ba="0,1" hai="11,13,16,21,22,37,42,45,86,90,94" m="8192" machi="21" ten="70,8000,1" yaku="1,1,52,1,54,1,53,0" doraHai="84,124" doraHaiUra="129,110" who="2" fromWho="3" sc="252,0,305,0,183,90,250,-80" /><INIT seed="4,0,0,2,4,115" ten="252,305,273,170" oya="0" hai0="25,109,63,17,59,46,33,60,66,20,87,61,134" hai1="10,37,100,119,124,4,128,34,8,118,72,12,40" hai2="92,80,77,84,26,116,86,106,85,98,44,53,112" hai3="39,67,36,19,78,93,99,7,94,16,129,54,135"/><T127/><D134/><U102/><E72/><V41/><F112/><W120/><G135/><T49/><D127/><U0/><E124/><V50/><F106/><W96/><G67/><T27/><D109/><U29/><E40/><V55/><F26/><W68/><G68/><T82/><D27/><N who="1" m="18751" /><E100/><N who="2" m="60487" /><F116/><N who="1" m="44585" /><E102/><V111/><F111/><W58/><G120/><T73/><D33/><U123/><E37/><V21/><F21/><W76/><G7/><T79/><REACH who="0" step="1"/><D73/><REACH who="0" ten="242,305,273,170" step="2"/><U88/><E123/><V108/><F108/><W121/><G121/><T30/><D30/><U64/><E128/><V57/><F41/><AGARI ba="0,1" hai="17,20,25,41,46,49,59,60,61,63,66,79,82,87" machi="41" ten="30,5800,0" yaku="1,1,7,1,8,1,53,0" doraHai="115" doraHaiUra="51" who="0" fromWho="2" sc="242,68,305,0,273,-58,170,0" /><INIT seed="4,1,0,1,2,106" ten="310,305,215,170" oya="0" hai0="102,10,107,67,94,127,87,56,92,109,108,24,73" hai1="130,75,126,82,54,12,32,83,71,42,64,39,18" hai2="55,76,72,112,100,69,91,128,129,40,70,16,105" hai3="123,115,31,132,79,13,35,134,23,20,6,9,37"/><T49/><D127/><U90/><E32/><V43/><F112/><W5/><G37/><T3/><D24/><U122/><E126/><V58/><F105/><W53/><G79/><T113/><D113/><U17/><E122/><V62/><F100/><W124/><G53/><N who="0" m="31791" /><D67/><U121/><E121/><V22/><F91/><W81/><G81/><T103/><D3/><U41/><E64/><V104/><F104/><W98/><G98/><T118/><D118/><U33/><E33/><V26/><F43/><W116/><G123/><T63/><D63/><U51/><E71/><V125/><F40/><W97/><G97/><T1/><D1/><U68/><E68/><V80/><F125/><W47/><G47/><T135/><D10/><U84/><E130/><AGARI ba="1,0" hai="16,22,26,55,58,62,69,70,72,76,80,128,129,130" machi="130" ten="40,5200,0" yaku="19,1,52,1,54,1" doraHai="106" who="2" fromWho="1" sc="310,0,305,-55,215,55,170,0" /><INIT seed="5,0,0,1,3,43" ten="310,250,270,170" oya="1" hai0="35,108,84,45,33,118,119,69,91,8,113,88,42" hai1="34,46,30,68,116,36,21,5,13,77,18,90,74" hai2="29,100,49,78,62,25,6,104,60,52,79,22,70" hai3="109,97,101,53,82,99,61,55,44,128,132,71,114"/><U86/><E116/><V94/><F104/><W57/><G109/><T73/><D108/><U12/><E68/><V122/><F122/><W20/><G71/><T27/><D73/><U38/><E74/><V89/><F100/><W83/><G114/><T31/><D35/><U37/><E77/><N who="2" m="29195" /><F6/><W41/><G128/><T125/><D69/><U117/><E117/><V14/><F14/><W111/><G132/><T16/><D125/><U75/><E75/><V127/><F127/><W63/><G111/><T9/><D91/><U59/><E34/><V23/><F23/><W48/><G20/><T110/><D8/><U124/><E30/><V1/><F1/><W4/><G4/><T76/><D76/><U67/><E124/><V120/><F120/><W2/><G2/><T26/><D113/><U93/><E59/><N who="2" m="33167" /><F70/><W85/><G85/><AGARI ba="0,0" hai="22,25,29,60,62,85,89,94" m="33167,29195" machi="85" ten="30,2000,0" yaku="8,1,54,1" doraHai="43" who="2" fromWho="3" sc="310,0,250,0,270,20,170,-20" /><INIT seed="6,0,0,4,1,12" ten="310,250,290,150" oya="2" hai0="119,106,102,108,48,101,86,4,14,34,13,45,39" hai1="116,103,97,69,63,127,133,117,10,1,124,24,29" hai2="81,96,89,72,100,110,98,0,113,92,115,37,36" hai3="41,47,112,23,71,128,90,111,43,15,16,91,20"/><V32/><F32/><W99/><G71/><T87/><D39/><U84/><E84/><V123/><F0/><W8/><G111/><T52/><D108/><U59/><E133/><V76/><F110/><W77/><G128/><T85/><D34/><N who="1" m="20775" /><E10/><V33/><F33/><W68/><G68/><T67/><D119/><U35/><E1/><V5/><F5/><W54/><G112/><N who="2" m="43081" /><F123/><W38/><G77/><T55/><D106/><AGARI ba="0,0" hai="36,37,72,76,81,89,92,96,98,100,106" m="43081" machi="106" ten="30,1500,0" yaku="15,1" doraHai="12" who="2" fromWho="0" sc="310,-15,250,0,290,15,150,0" /><INIT seed="6,1,0,4,0,63" ten="295,250,305,150" oya="2" hai0="2,117,43,86,20,54,131,60,25,19,80,28,21" hai1="73,55,72,3,128,41,107,61,125,38,122,36,121" hai2="115,132,101,18,104,99,98,59,79,13,6,65,119" hai3="22,48,30,126,135,9,111,58,113,8,34,75,14"/><V129/><F119/><W50/><G75/><T62/><D2/><U31/><E3/><V33/><F33/><W27/><G111/><T47/><D131/><U95/><E107/><V82/><F129/><W108/><G108/><T46/><D117/><U35/><E128/><V42/><F115/><W94/><G113/><T96/><D96/><U68/><E55/><V90/><F6/><W102/><G126/><T0/><D0/><U4/><E95/><V112/><F112/><W51/><G135/><T127/><D127/><U44/><E38/><V103/><F42/><W85/><G34/><T40/><D40/><U7/><E7/><V133/><F90/><W89/><G102/><T88/><D43/><U23/><E23/><V134/><F82/><W76/><G76/><T97/><D97/><N who="2" m="36874" /><F79/><W116/><G116/><T32/><D32/><U10/><E4/><V70/><F70/><W84/><G84/><T120/><D120/><N who="1" m="46187" /><E10/><N who="2" m="6455" /><F104/><W87/><G87/><T26/><D47/><U15/><E125/><V39/><F39/><W100/><G100/><T92/><D80/><U11/><E11/><V78/><F78/><W67/><REACH who="3" step="1"/><G14/><REACH who="3" ten="295,250,305,140" step="2"/><T53/><D86/><U24/><E15/><V123/><F123/><W1/><G1/><T130/><D130/><U105/><E105/><V66/><F103/><W37/><G37/><T5/><D88/><U49/><E36/><V64/><F101/><W45/><G45/><T77/><D46/><U114/><E114/><V29/><F29/><W16/><G16/><T57/><D19/><U52/><E41/><V83/><F83/><W74/><G74/><RYUUKYOKU ba="1,1" sc="295,-30,250,10,305,10,140,10" hai1="24,31,35,44,49,52,61,68,72,73" hai2="59,64,65,66,132,133,134" hai3="8,9,22,27,30,48,50,51,58,67,85,89,94" /><INIT seed="6,2,1,1,0,86" ten="265,260,315,150" oya="2" hai0="115,19,110,12,81,52,4,11,129,97,37,134,41" hai1="33,72,127,24,133,13,55,57,126,87,73,22,47" hai2="58,40,38,132,98,78,6,2,125,1,77,50,102" hai3="92,7,26,79,30,76,71,14,63,28,75,66,89"/><V74/><F125/><N who="1" m="47625" /><E33/><V8/><F132/><W65/><G75/><T123/><D110/><U32/><E32/><V80/><F77/><W0/><G0/><T135/><D123/><U53/><E13/><V61/><F50/><W36/><G36/><T62/><D115/><U39/><E133/><N who="0" m="50697" /><D129/><U20/><E20/><V101/><F98/><W106/><G106/><T114/><D114/><U95/><E53/><N who="2" m="33999" /><F2/><W43/><G43/><T124/><D124/><U15/><E15/><V34/><F34/><W91/><G71/><T31/><D31/><N who="3" m="11817" /><G26/><T94/><D81/><U108/><E108/><V88/><F88/><N who="3" m="33867" /><G92/><T116/><D116/><U82/><E95/><V17/><F40/><W45/><G45/><T44/><D94/><U119/><E47/><V60/><F38/><W84/><G84/><T21/><D97/><U99/><E99/><V130/><F1/><W70/><G70/><T112/><D112/><U23/><E39/><V54/><F74/><W35/><G35/><T107/><D107/><U96/><E96/><V83/><F83/><W120/><G120/><T10/><D37/><U113/><E113/><V68/><F68/><W69/><G69/><T64/><D41/><U59/><E119/><V118/><F80/><W18/><G7/><T49/><D4/><U29/><E73/><V51/><F6/><W122/><G122/><T105/><D105/><U93/><E72/><V103/><F118/><W16/><G18/><T131/><D131/><U67/><E82/><V5/><F17/><W117/><G117/><T100/><D100/><U121/><E93/><V90/><F130/><RYUUKYOKU ba="2,1" sc="265,30,260,-10,315,-10,150,-10" hai0="10,11,12,19,21,44,49,52,62,64" /><INIT seed="7,3,1,1,0,91" ten="295,250,305,140" oya="3" hai0="98,48,75,92,104,94,105,0,70,44,64,79,99" hai1="45,50,10,41,17,34,49,22,21,16,90,106,8" hai2="60,26,127,124,51,57,108,40,54,43,97,56,18" hai3="126,59,131,85,5,14,73,13,7,81,84,107,63"/><W69/><G107/><T27/><D0/><U77/><E34/><V122/><F108/><W109/><G69/><T1/><D1/><U28/><E106/><V36/><F36/><W33/><G33/><T38/><D38/><U39/><E77/><V110/><F110/><W78/><G109/><T20/><D79/><U135/><E28/><V87/><F87/><W125/><G131/><T103/><D75/><U95/><E39/><V130/><F130/><W52/><G73/><T15/><D15/><N who="3" m="5641" /><G85/><T12/><D12/><N who="1" m="9351" /><E49/><V83/><F83/><W86/><G86/><T101/><D64/><U100/><E100/><V62/><F122/><W67/><G67/><T133/><D133/><U3/><E3/><V11/><F51/><W2/><G2/><T88/><D70/><U134/><E134/><V9/><F124/><AGARI ba="3,1" hai="5,7,52,59,63,78,81,84,124,125,126" m="5641" machi="124" ten="30,2900,0" yaku="18,1,54,1" doraHai="91" who="3" fromWho="2" sc="295,0,250,0,305,-38,140,48" /><INIT seed="7,4,0,3,2,81" ten="295,250,267,188" oya="3" hai0="60,117,74,119,131,42,122,51,24,118,125,20,106" hai1="99,130,27,12,75,77,83,59,120,88,67,104,133" hai2="46,124,68,126,102,101,17,110,41,87,91,31,10" hai3="66,15,22,71,105,11,113,95,90,63,8,50,54"/><W35/><G113/><T0/><D106/><U49/><E120/><V53/><F110/><W85/><G35/><T39/><D74/><U19/><E130/><V40/><F68/><W78/><G105/><T98/><D98/><U9/><E133/><V82/><F31/><W100/><G100/><T43/><D0/><U38/><E38/><V37/><F41/><W26/><G78/><T23/><D24/><U14/><E27/><V92/><F53/><W32/><G32/><T93/><D93/><U36/><E36/><V52/><F92/><W86/><G86/><T112/><D20/><U135/><E135/><V114/><F114/><W116/><G116/><T57/><D23/><U96/><E104/><V62/><F10/><W5/><G5/><T132/><D132/><U44/><E14/><V108/><F17/><W47/><REACH who="3" step="1"/><G15/><REACH who="3" ten="295,250,267,178" step="2"/><T16/><D112/><U97/><E77/><V1/><F1/><W29/><AGARI ba="4,1" hai="8,11,22,26,29,47,50,54,63,66,71,85,90,95" machi="29" ten="20,12000,1" yaku="1,1,2,1,0,1,7,1,52,1,53,0" doraHai="81" doraHaiUra="123" who="3" fromWho="3" sc="295,-44,250,-44,267,-44,178,142" owari="251,5.0,206,-29.0,223,-18.0,320,42.0" /></mjloggm>