<mjloggm ver="2.3"><GO type="41" lobby="0"/><UN n0="%E9%BE%8D%E7%88%AA" n1="%E3%82%B0%E3%82%A6%E3%82%A7%E3%83%B3" n2="%E9%9B%80%E3%82%B7%E3%83%AD%E5%AD%90" n3="%E5%B0%B1%E6%B4%BB%E7%94%9F%40%E5%B7%9D%E6%9D%91%E8%BB%8D%E5%9B%A3" dan="14,15,14,17" rate="1923.04,1986.93,1941.73,2196.31" sx="M,M,M,M"/><TAIKYOKU oya="0"/><INIT seed="0,0,0,1,5,1" ten="250,250,250,250" oya="0" hai0="122,2,35,40,78,13,77,95,9,73,11,94,12" hai1="126,30,93,24,47,17,89,121,117,98,15,107,67" hai2="106,88,32,36,27,18,26,105,134,113,110,57,92" hai3="0,97,80,39,74,104,54,46,25,87,109,61,16"/><T21/><D35/><U66/><E121/><V102/><F36/><W56/><G109/><T5/><D122/><U49/><E117/><V38/><F38/><W83/><G74/><T29/><D2/><U133/><E107/><V51/><F113/><W43/><G0/><T41/><D21/><U115/><E115/><V84/><F110/><W119/><G119/><T14/><D29/><U55/><E133/><V131/><F131/><W42/><G42/><T20/><D20/><U70/><E70/><V48/><F134/><W52/><G54/><T19/><D13/><U96/><E126/><V108/><F108/><W85/><G85/><T100/><D73/><U90/><E24/><V22/><F106/><W63/><G63/><T72/><D72/><U79/><E79/><N who="0" m="30217" /><D100/><U86/><E30/><V58/><F102/><W112/><G112/><T130/><D130/><U132/><E98/><V68/><F68/><W123/><G123/><T99/><D99/><U64/><E132/><V33/><F105/><W124/><G124/><T91/><D91/><U37/><E37/><V129/><F129/><W135/><G135/><T127/><D127/><U76/><E76/><V101/><F101/><N who="3" m="62511" /><G87/><T128/><D128/><U120/><E120/><V82/><F33/><W44/><G83/><T10/><D10/><N who="1" m="6391" /><E67/><V116/><F82/><AGARI ba="0,0" hai="47,49,55,64,66,82,86,89,90,93,96" m="6391" machi="82" ten="30,2000,0" yaku="25,1,8,1" doraHai="1" who="1" fromWho="2" sc="250,0,250,20,250,-20,250,0" /><INIT seed="1,0,0,4,4,25" ten="250,270,230,250" oya="1" hai0="120,93,16,95,41,67,65,80,107,2,26,11,103" hai1="90,79,135,73,118,58,28,4,114,123,98,119,77" hai2="94,46,97,63,99,96,115,43,106,87,91,50,54" hai3="76,18,39,66,121,104,47,57,53,38,89,134,55"/><U102/><E123/><V7/><F115/><W49/><G104/><T92/><D41/><U17/><E114/><V8/><F63/><N who="3" m="38255" /><G76/><T40/><D40/><U78/><E73/><V30/><F106/><W71/><G18/><T128/><D80/><U124/><E124/><V45/><F30/><W20/><G20/><N who="0" m="13575" /><D2/><U117/><E90/><V22/><F22/><W101/><G101/><T81/><D11/><U61/><E17/><V88/><F91/><W83/><G83/><T51/><D81/><U59/><E4/><V9/><REACH who="2" step="1"/><F7/><REACH who="2" ten="250,270,220,250" step="2"/><W111/><G89/><T74/><D107/><U84/><E135/><V0/><F0/><W42/><G121/><T68/><D103/><U70/><E28/><V130/><F130/><W19/><G19/><T72/><D128/><U33/><E33/><V37/><AGARI ba="0,1" hai="8,9,37,43,45,46,50,54,87,88,94,96,97,99" machi="37" ten="30,4000,0" yaku="1,1,0,1,54,1,53,0" doraHai="25" doraHaiUra="75" who="2" fromWho="2" sc="250,-10,270,-20,220,50,250,-10" /><INIT seed="2,0,0,1,5,5" ten="240,250,270,240" oya="2" hai0="65,23,75,125,45,78,47,94,33,105,22,111,15" hai1="56,110,124,104,91,51,82,134,117,35,99,34,25" hai2="107,93,0,21,44,83,92,53,85,60,108,80,101" hai3="48,16,24,103,121,67,120,8,6,106,119,123,88"/><V49/><F0/><W10/><G119/><T131/><D33/><U29/><E117/><V55/><F108/><W86/><G67/><T128/><D105/><U97/><E110/><V126/><F126/><W42/><G103/><T76/><D125/><U31/><E124/><V30/><F83/><W28/><G106/><T36/><D94/><U43/><E134/><V50/><F60/><W132/><G132/><T40/><D65/><U118/><E118/><V57/><F107/><W14/><G48/><T90/><D90/><U59/><E59/><V122/><F101/><W127/><G42/><T52/><D75/><U27/><E104/><V98/><F98/><W4/><G127/><T39/><D15/><U72/><E72/><V12/><F122/><W62/><G62/><T54/><D40/><U130/><E130/><V109/><F109/><AGARI ba="0,0" hai="22,23,36,39,45,47,52,54,76,78,109,111,128,131" machi="109" ten="25,3200,0" yaku="22,2,54,1" doraHai="5" who="0" fromWho="2" sc="240,32,250,0,270,-32,240,0" /><INIT seed="3,0,0,4,2,12" ten="272,250,238,240" oya="3" hai0="50,22,9,82,116,96,41,132,123,40,16,99,101" hai1="52,130,20,23,61,80,4,115,95,32,24,81,122" hai2="78,114,11,39,77,13,126,86,34,107,68,104,62" hai3="45,21,5,58,118,38,43,106,83,120,29,8,3"/><W98/><G118/><T124/><D123/><U46/><E122/><V33/><F39/><W129/><G120/><T100/><D116/><U35/><E115/><V128/><F114/><W55/><G129/><T53/><D9/><U10/><E130/><V87/><F128/><W133/><G133/><T103/><D82/><U119/><E119/><V70/><F126/><W64/><G64/><T134/><D124/><U7/><E95/><V125/><F125/><W105/><G98/><N who="0" m="37419" /><D134/><U56/><E35/><V112/><F112/><W88/><G29/><T54/><D132/><U79/><E32/><V48/><F48/><W6/><G6/><N who="1" m="2090" /><E10/><V30/><F30/><W1/><G1/><T47/><D41/><U92/><E23/><V84/><F34/><W109/><G109/><T26/><AGARI ba="0,0" hai="16,22,26,40,47,50,53,54,100,101,103" m="37419" machi="26" ten="30,4000,0" yaku="8,1,52,1,54,1" doraHai="12" who="0" fromWho="0" sc="272,40,250,-10,238,-10,240,-20" /><INIT seed="4,0,0,1,1,105" ten="312,240,228,220" oya="0" hai0="110,18,30,126,56,19,51,134,112,23,79,93,108" hai1="120,50,128,113,101,57,118,111,20,3,47,68,129" hai2="4,15,27,106,25,31,53,65,119,6,125,80,98" hai3="32,69,64,10,135,16,92,14,99,7,117,12,44"/><T109/><D126/><U124/><E120/><V73/><F119/><W133/><G117/><T22/><D79/><U1/><E118/><V45/><F27/><W0/><G32/><T35/><D93/><U84/><E111/><V122/><F65/><W90/><G0/><T67/><D51/><U63/><E68/><V75/><F80/><W97/><G97/><T37/><D37/><U132/><E124/><V9/><F6/><W28/><G28/><T60/><D134/><U5/><E113/><V104/><F122/><W95/><G95/><T54/><D112/><U26/><E101/><V78/><F78/><W13/><G13/><T8/><D8/><U55/><E84/><V72/><F98/><W121/><G121/><T36/><D36/><U29/><E132/><V76/><F76/><W48/><G64/><T43/><D43/><U58/><E58/><V17/><F4/><W74/><G69/><T86/><D86/><U91/><E91/><V102/><F102/><W11/><REACH who="3" step="1"/><G74/><REACH who="3" ten="312,240,228,210" step="2"/><T2/><D2/><U24/><E24/><V131/><F125/><W88/><G88/><T77/><D77/><U87/><E87/><V21/><REACH who="2" step="1"/><F131/><REACH who="2" ten="312,240,218,210" step="2"/><N who="1" m="50249" /><E5/><V81/><F81/><W71/><G71/><T46/><D108/><U62/><E62/><V61/><F61/><W70/><G70/><T39/><D109/><U66/><AGARI ba="0,2" hai="1,3,20,26,29,47,50,55,57,63,66" m="50249" machi="66" ten="30,1100,0" yaku="19,1" doraHai="105" who="1" fromWho="1" sc="312,-5,240,31,218,-3,210,-3" /><INIT seed="5,0,0,5,2,27" ten="307,271,215,207" oya="1" hai0="26,108,109,134,25,76,70,105,53,120,58,29,75" hai1="129,123,49,2,133,124,121,102,47,41,125,17,119" hai2="36,83,84,103,93,98,50,130,16,62,43,101,9" hai3="39,45,20,32,99,89,42,113,31,69,78,5,3"/><U52/><E119/><V1/><F130/><W59/><G69/><T112/><D25/><U106/><E2/><V132/><F132/><W92/><G113/><T34/><D53/><U91/><E91/><V111/><F111/><W57/><G32/><T127/><D58/><N who="1" m="33039" /><E102/><V95/><F36/><W30/><G20/><T86/><D86/><U24/><E24/><V122/><F122/><N who="1" m="46601" /><E17/><V77/><F62/><W61/><G59/><T40/><D40/><U117/><E106/><V88/><F95/><W126/><G126/><N who="1" m="48746" /><E117/><V4/><F1/><W21/><G21/><T56/><D76/><U94/><E94/><V79/><F79/><W73/><G78/><T110/><D120/><U7/><E7/><V55/><F43/><W22/><G22/><T74/><D127/><U37/><E129/><V96/><F96/><W38/><G73/><T114/><D105/><U87/><E87/><V128/><F128/><W11/><REACH who="3" step="1"/><G38/><REACH who="3" ten="307,271,215,197" step="2"/><T65/><D70/><U72/><E72/><V13/><REACH who="2" step="1"/><F4/><REACH who="2" ten="307,271,205,197" step="2"/><W71/><G71/><T67/><D75/><U48/><E133/><V81/><F81/><W18/><G18/><T131/><D134/><U28/><E28/><V104/><F104/><W97/><G97/><T63/><D74/><U64/><E37/><V80/><F80/><W85/><G85/><T0/><D131/><U19/><E19/><V8/><F8/><W44/><G44/><AGARI ba="0,2" hai="9,13,16,44,50,55,77,83,84,88,93,98,101,103" machi="44" ten="30,8000,1" yaku="1,1,7,1,8,1,54,2,53,0" doraHai="27" doraHaiUra="115" who="2" fromWho="3" sc="307,0,271,0,205,100,197,-80" /><INIT seed="6,0,0,4,5,132" ten="307,271,305,117" oya="2" hai0="99,85,84,122,49,121,0,16,79,126,106,65,45" hai1="9,83,30,135,75,43,13,8,51,127,24,41,2" hai2="40,61,72,93,74,96,28,71,63,12,5,11,76" hai3="105,129,25,80,108,37,101,10,36,55,60,54,44"/><V56/><F40/><W119/><G108/><T19/><D49/><U128/><E135/><V89/><F28/><W70/><G119/><T90/><D45/><U58/><E128/><V14/><F76/><W133/><G133/><T26/><D79/><U46/><E2/><V87/><F71/><W69/><G129/><T27/><D0/><U53/><E75/><V18/><F63/><W4/><G101/><T113/><D90/><U109/><E109/><V100/><F18/><W81/><G105/><T94/><D99/><U117/><E117/><V91/><F14/><W125/><G25/><T6/><D94/><U34/><E127/><V104/><REACH who="2" step="1"/><F91/><REACH who="2" ten="307,271,295,117" step="2"/><W82/><G60/><T21/><D6/><U86/><E13/><V77/><F77/><W29/><G29/><T15/><D15/><U23/><E43/><V48/><F48/><W31/><G31/><T1/><D1/><U66/><E34/><V98/><F98/><W33/><G33/><T107/><D21/><U114/><E114/><V57/><F57/><W67/><G67/><AGARI ba="0,1" hai="5,11,12,56,61,67,72,74,87,89,93,96,100,104" machi="67" ten="30,2900,0" yaku="1,1,7,1,53,0" doraHai="132" doraHaiUra="47" who="2" fromWho="3" sc="307,0,271,0,295,39,117,-29" /><INIT seed="6,1,0,2,1,35" ten="307,271,334,88" oya="2" hai0="33,109,17,121,47,108,135,98,90,100,8,83,6" hai1="28,46,43,75,41,133,94,122,23,93,125,1,114" hai2="63,107,113,10,116,130,71,59,20,76,72,18,64" hai3="120,132,110,79,60,97,45,74,81,105,37,54,7"/><V27/><F107/><W127/><G120/><T89/><D33/><U102/><E114/><V134/><F116/><W129/><G110/><T25/><D121/><U39/><E122/><V85/><F113/><W131/><G54/><T16/><D47/><U91/><E133/><V48/><F72/><W95/><G132/><T55/><D135/><U67/><E125/><V77/><F134/><W124/><G7/><T118/><D108/><U22/><E75/><V0/><F130/><W123/><G123/><T40/><D109/><U104/><E67/><V53/><F85/><W42/><G95/><N who="0" m="58463" /><D40/><U78/><E78/><V3/><REACH who="2" step="1"/><F10/><REACH who="2" ten="307,271,324,88" step="2"/><W128/><REACH who="3" step="1"/><G60/><REACH who="3" ten="307,271,324,78" step="2"/><T15/><D118/><U34/><E104/><V38/><F38/><W19/><G19/><T44/><D17/><U96/><E39/><V57/><F57/><W99/><G99/><T80/><D6/><U5/><E96/><V56/><F56/><W68/><G68/><T103/><D16/><U84/><E5/><V14/><F14/><W126/><G126/><T50/><D15/><U92/><E84/><V65/><F65/><W4/><G4/><T62/><D62/><U11/><E46/><V32/><F32/><W36/><G36/><T115/><D44/><U51/><E34/><V21/><F21/><W106/><G106/><T73/><D8/><U61/><E11/><V24/><F24/><W82/><G82/><T117/><D25/><U31/><E23/><V69/><F69/><W26/><G26/><T86/><D115/><U52/><E22/><V49/><F49/><W9/><G9/><T87/><D117/><RYUUKYOKU ba="1,2" sc="307,-15,271,-15,324,15,78,15" hai2="0,3,18,20,27,48,53,59,63,64,71,76,77" hai3="37,42,45,74,79,81,97,105,124,127,128,129,131" /><INIT seed="6,2,2,3,2,97" ten="292,256,339,93" oya="2" hai0="74,129,83,73,82,61,63,76,88,100,31,44,47" hai1="75,18,126,70,66,87,92,10,80,30,9,38,22" hai2="109,13,6,55,121,39,57,62,27,68,91,123,1" hai3="132,98,11,134,120,48,46,79,127,122,19,77,50"/><V5/><F39/><W20/><G11/><T93/><D31/><U110/><E110/><V4/><F109/><W108/><G108/><T56/><D129/><U130/><E38/><V78/><F1/><W107/><G127/><T101/><D56/><U119/><E119/><V60/><F78/><W3/><G3/><T37/><D37/><U35/><E75/><V71/><F13/><W131/><G131/><T52/><D74/><U14/><E130/><V25/><F91/><W124/><G124/><T67/><D67/><U111/><E111/><V125/><F125/><W117/><G117/><T103/><D82/><U45/><E92/><V32/><F32/><W85/><G85/><N who="0" m="48359" /><D47/><U0/><E66/><V118/><F118/><W81/><G81/><T104/><D104/><U106/><E70/><V54/><F5/><W59/><G59/><AGARI ba="2,2" hai="4,6,25,27,54,55,57,59,60,62,68,71,121,123" machi="59" ten="25,2400,0" yaku="22,2" doraHai="97" who="2" fromWho="3" sc="292,0,256,0,339,50,93,-30" /><INIT seed="6,3,0,3,2,26" ten="292,256,389,63" oya="2" hai0="106,14,29,115,87,99,127,30,124,90,0,9,134" hai1="74,50,59,57,11,102,31,88,75,116,6,66,77" hai2="47,94,65,53,27,68,123,126,76,100,131,122,20" hai3="61,135,132,121,133,83,63,103,60,120,114,109,62"/><V89/><F126/><N who="0" m="48170" /><D115/><U95/><E116/><V52/><F131/><W104/><N who="3" m="15872" /><DORA hai="119" /><W51/><G109/><T85/><D0/><U22/><E66/><V19/><F65/><W108/><G108/><T43/><D43/><U91/><E77/><V128/><F68/><W69/><G69/><T33/><D33/><U37/><E37/><V13/><F128/><W111/><G111/><T46/><D46/><U118/><E75/><V92/><F76/><W101/><G114/><T49/><D49/><U35/><E35/><V38/><F38/><W42/><G83/><T70/><D70/><U117/><E74/><V5/><F47/><N who="3" m="26103" /><G104/><T125/><D134/><N who="3" m="34305" /><W71/><DORA hai="21" /><G71/><T12/><N who="0" m="48178" /><T28/><DORA hai="8" /><D87/><U130/><E130/><V18/><F5/><W24/><G24/><T39/><D39/><U86/><E86/><V40/><F123/><AGARI ba="3,0" hai="101,103,120,121,123" m="34305,26103,15872" machi="123" ten="60,8000,1" yaku="20,1,52,3" doraHai="26,119,21,8" who="3" fromWho="2" sc="292,0,256,0,389,-89,63,89" /><INIT seed="7,0,0,5,4,104" ten="292,256,300,152" oya="3" hai0="28,119,101,77,13,57,121,21,53,19,98,65,9" hai1="127,39,24,60,113,29,64,20,87,58,43,130,6" hai2="97,36,99,31,63,30,95,10,91,132,125,55,5" hai3="40,110,69,107,2,118,94,44,72,88,79,46,22"/><W86/><G118/><T37/><D37/><U15/><E113/><V82/><F36/><W120/><G120/><T116/><D121/><U32/><E130/><V50/><F125/><W68/><G110/><T66/><D77/><U129/><E129/><V112/><F112/><W62/><G107/><T123/><D123/><U18/><E127/><V42/><F42/><W16/><G2/><T80/><D80/><U71/><E87/><N who="2" m="50679" /><F63/><W73/><G46/><T128/><D128/><U70/><E39/><V12/><F132/><W14/><G79/><T106/><D119/><U84/><E43/><V117/><F99/><W92/><G92/><N who="0" m="58567" /><D116/><U45/><E45/><N who="2" m="28111" /><F117/><W33/><G33/><T126/><D106/><U54/><E84/><V41/><F41/><W131/><G131/><T35/><D35/><U52/><REACH who="1" step="1"/><E6/><REACH who="1" ten="292,246,300,152" step="2"/><V34/><F34/><W8/><G8/><T17/><D126/><U25/><E25/><V75/><F75/><W26/><G26/><N who="0" m="16463" /><D19/><U85/><E85/><V38/><F38/><W1/><G1/><T59/><D59/><U122/><E122/><V67/><F67/><W7/><G7/><T96/><D96/><U93/><E93/><V49/><F95/><W133/><G133/><T76/><D76/><U51/><E51/><AGARI ba="0,1" hai="9,13,17,51,53,57,65,66" m="16463,58567" machi="51" ten="30,1000,0" yaku="8,1" doraHai="104" who="0" fromWho="1" sc="292,20,246,-10,300,0,152,0" owari="312,41.0,236,-16.0,300,10.0,152,-35.0" /></mjloggm>