<mjloggm ver="2.3"><GO type="169" lobby="0"/><UN n0="%E3%82%A6%E3%83%AB%E3%83%88%E3%83%A9%E7%AB%8B%E7%9B%B4" n1="%E3%82%A4%E3%82%AB%E5%A8%98" n2="%E3%82%AF%E3%83%9E%E3%81%84%E6%A3%92" n3="%64%65%61%69%75%70%2E%63" dan="17,16,16,17" rate="2235.16,2093.51,2144.65,2139.80" sx="M,F,F,M"/><TAIKYOKU oya="0"/><INIT seed="0,0,0,4,1,8" ten="250,250,250,250" oya="0" hai0="46,98,124,13,30,91,107,29,33,5,84,64,56" hai1="127,96,0,9,115,97,99,120,89,123,85,34,48" hai2="103,39,104,66,31,20,83,19,16,111,68,92,40" hai3="116,114,86,70,93,125,74,69,23,108,63,53,132"/><T88/><D33/><U26/><E127/><V36/><F104/><W100/><G74/><T131/><D124/><U22/><E34/><V41/><F31/><N who="0" m="11786" /><D107/><U50/><E115/><V15/><F39/><W6/><G114/><T45/><D131/><U121/><E0/><V32/><F32/><W78/><G116/><T79/><D79/><U73/><E73/><V61/><F111/><W11/><G108/><T10/><D98/><U17/><REACH who="1" step="1"/><E9/><REACH who="1" ten="250,240,250,250" step="2"/><V128/><F128/><W38/><G11/><T130/><D130/><U113/><E113/><V62/><F36/><W90/><G38/><T27/><D27/><U65/><E65/><V3/><F3/><W4/><G125/><T102/><D102/><U134/><E134/><V51/><F66/><W94/><G132/><T67/><D67/><U119/><E119/><V105/><F103/><W81/><G100/><T117/><D117/><U43/><E43/><V47/><F40/><W60/><G53/><T57/><D64/><U133/><E133/><V49/><F68/><W59/><G69/><T55/><D55/><U77/><E77/><V110/><F110/><W52/><G78/><T7/><D7/><U80/><AGARI ba="0,1" hai="17,22,26,48,50,80,85,89,96,97,99,120,121,123" machi="80" ten="40,5200,0" yaku="1,1,0,1,53,1" doraHai="8" doraHaiUra="18" who="1" fromWho="1" sc="250,-26,240,62,250,-13,250,-13" /><INIT seed="1,0,0,4,4,22" ten="224,302,237,237" oya="1" hai0="115,23,96,39,31,81,70,50,7,42,73,55,92" hai1="129,9,83,8,35,86,14,116,123,40,97,17,126" hai2="112,119,78,46,120,68,100,1,2,37,72,128,117" hai3="124,134,27,87,102,85,118,62,33,133,15,48,74"/><U88/><E116/><V51/><F120/><W105/><G118/><T44/><D115/><U107/><E123/><V67/><F112/><W18/><G74/><T16/><D70/><U111/><E129/><V60/><F128/><W69/><G124/><T130/><D130/><U121/><E121/><V13/><F100/><W38/><G38/><T71/><D71/><U109/><E126/><V82/><F13/><W20/><G48/><T94/><D7/><U24/><E40/><N who="2" m="22799" /><F51/><W53/><G102/><T36/><D31/><N who="1" m="19943" /><E107/><V6/><F6/><W113/><G105/><T11/><D94/><U32/><E32/><V80/><F82/><W127/><G127/><T41/><D41/><U89/><E97/><V98/><F98/><W77/><G113/><T114/><D114/><U66/><E66/><V91/><F91/><W63/><G77/><T104/><D104/><U131/><E131/><V59/><F59/><N who="3" m="35183" /><G69/><T61/><D42/><U4/><E86/><V90/><F90/><W0/><G0/><AGARI ba="0,0" hai="0,1,2,60,67,68,72,78,80,117,119" m="22799" machi="0" ten="30,1000,0" yaku="23,1" doraHai="22" who="2" fromWho="3" sc="224,0,302,0,237,10,237,-10" /><INIT seed="2,0,0,5,0,40" ten="224,302,247,227" oya="2" hai0="28,19,63,9,97,72,69,125,83,134,76,116,3" hai1="100,108,67,55,50,126,51,98,2,78,71,52,127" hai2="21,91,22,26,130,49,77,45,75,11,81,82,99" hai3="7,88,74,64,103,124,106,36,92,20,24,93,31"/><V104/><F130/><W68/><G74/><T129/><D129/><U123/><E108/><V70/><F70/><W131/><G7/><T120/><D120/><U43/><E2/><V86/><F11/><W33/><G131/><T89/><D28/><U18/><E78/><V132/><F132/><W54/><G124/><N who="1" m="47658" /><E123/><V112/><F112/><W56/><G36/><T44/><D125/><U113/><E113/><V53/><REACH who="2" step="1"/><F26/><REACH who="2" ten="224,302,237,227" step="2"/><W0/><G24/><T62/><D9/><U14/><E71/><V42/><F42/><W85/><G68/><T128/><D69/><U57/><E43/><V34/><F34/><W48/><G33/><T114/><D134/><U8/><E67/><V46/><F46/><W25/><G64/><T87/><D44/><U80/><E55/><V29/><F29/><W133/><G133/><T23/><D114/><U95/><E80/><V27/><F27/><W4/><G0/><T41/><D3/><U109/><E109/><V119/><F119/><W58/><G4/><T79/><D128/><U66/><E66/><V16/><F16/><W117/><G117/><T30/><D30/><U6/><E18/><V47/><F47/><W59/><G106/><T102/><D116/><U61/><AGARI ba="0,1" hai="6,8,14,50,51,52,57,61,95,98,100" m="47658" machi="61" ten="30,2000,0" yaku="18,1,54,1" doraHai="40" who="1" fromWho="1" sc="224,-5,302,30,237,-10,227,-5" /><INIT seed="3,0,0,3,1,119" ten="219,332,227,222" oya="3" hai0="105,82,81,45,80,26,36,125,34,102,101,129,54" hai1="110,59,3,88,93,121,79,117,44,103,57,123,75" hai2="41,127,122,12,70,104,39,56,96,61,97,49,106" hai3="51,64,22,21,83,29,77,23,55,134,118,58,14"/><W128/><G118/><T120/><D34/><U73/><E3/><V65/><F127/><W32/><G134/><T130/><D26/><U89/><E117/><V37/><F39/><W25/><G128/><N who="0" m="49259" /><D125/><U69/><E69/><V66/><F65/><W72/><REACH who="3" step="1"/><G64/><REACH who="3" ten="219,332,227,212" step="2"/><T5/><D105/><U94/><E110/><V18/><F106/><W115/><G115/><T42/><D120/><U85/><E121/><V108/><F104/><W48/><G48/><T114/><D114/><U17/><E123/><V31/><F122/><W20/><G20/><T98/><D36/><U46/><E94/><V107/><F108/><W124/><G124/><T6/><D81/><U135/><E93/><V2/><F107/><W40/><G40/><T67/><D42/><U91/><E135/><V19/><F41/><W24/><G24/><T76/><D82/><U9/><E9/><V131/><F37/><W68/><G68/><T60/><D80/><U90/><E75/><V113/><F49/><W8/><G8/><T1/><D67/><U10/><E73/><V86/><F70/><W38/><G38/><T126/><D126/><U13/><E10/><V53/><F66/><W100/><G100/><T95/><D102/><U109/><E103/><V63/><F131/><W133/><G133/><T15/><D60/><U0/><E109/><V74/><F63/><W7/><G7/><T84/><D6/><U87/><E85/><V99/><F86/><W33/><G33/><T78/><D84/><U132/><E87/><V47/><F74/><W71/><G71/><T30/><D5/><U11/><E132/><RYUUKYOKU ba="0,1" sc="219,-10,332,-10,227,-10,212,30" hai3="14,21,22,23,25,29,32,51,55,58,72,77,83" /><INIT seed="3,1,1,5,4,35" ten="209,322,217,242" oya="3" hai0="48,124,73,125,37,8,71,49,1,122,101,129,28" hai1="19,0,43,126,40,5,24,102,96,108,111,94,82" hai2="72,107,13,99,53,69,6,58,23,120,32,17,106" hai3="51,90,66,25,39,4,79,34,76,18,70,133,91"/><W74/><G39/><T84/><D73/><U11/><E126/><N who="0" m="48745" /><D122/><U7/><E7/><V105/><F69/><W87/><G133/><T63/><D37/><U21/><REACH who="1" step="1"/><E82/><REACH who="1" ten="209,312,217,242" step="2"/><V54/><F120/><W9/><G4/><T47/><D129/><U59/><E59/><V42/><F6/><W81/><G70/><T26/><D71/><U130/><E130/><V15/><F58/><W12/><G66/><T100/><D47/><U65/><E65/><V110/><F110/><AGARI ba="1,2" hai="0,5,11,19,21,24,40,43,94,96,102,108,110,111" machi="110" ten="40,5200,0" yaku="1,1,14,1,52,1,53,0" doraHai="35" doraHaiUra="109" who="1" fromWho="2" sc="209,0,312,75,217,-55,242,0" /><INIT seed="4,0,0,4,1,90" ten="209,387,162,242" oya="0" hai0="25,28,135,47,66,94,77,125,27,22,39,58,98" hai1="9,35,114,65,129,99,68,44,42,109,120,23,119" hai2="18,105,55,106,7,31,5,21,49,30,86,16,128" hai3="14,80,134,83,59,64,95,6,48,45,113,53,41"/><T37/><D135/><U92/><E35/><V107/><F128/><W73/><G134/><T81/><D125/><U2/><E119/><V36/><F36/><W101/><G73/><T118/><D118/><U61/><E120/><V19/><F86/><W0/><G0/><T131/><D131/><U112/><E109/><V43/><F43/><W57/><G113/><N who="1" m="43626" /><E129/><V4/><F21/><W69/><G69/><T117/><D117/><U85/><E85/><V96/><F96/><W17/><G6/><T40/><D27/><U116/><E116/><V76/><F76/><W133/><G64/><T67/><D39/><U10/><E23/><V63/><F63/><W38/><G59/><AGARI ba="0,0" hai="4,5,7,16,18,19,30,31,49,55,59,105,106,107" machi="59" ten="50,6400,0" yaku="29,2,54,1" doraHai="90" who="2" fromWho="3" sc="209,0,387,0,162,64,242,-64" /><INIT seed="5,0,0,1,5,67" ten="209,387,226,178" oya="1" hai0="94,128,112,83,72,26,96,105,97,66,123,19,86" hai1="133,117,114,51,0,63,89,135,90,50,130,5,1" hai2="20,81,132,95,47,60,29,44,129,134,24,65,87" hai3="118,127,100,104,40,4,48,30,101,76,121,80,17"/><U131/><E114/><V28/><F28/><W59/><G121/><T9/><D112/><U125/><E63/><V21/><F21/><W82/><G127/><T25/><D72/><U64/><E64/><V73/><F73/><W99/><G30/><T74/><D74/><U102/><E102/><V42/><F95/><W71/><G101/><T78/><D123/><U68/><E68/><N who="2" m="42023" /><F42/><W14/><G71/><T56/><D105/><U57/><E117/><V3/><F3/><W58/><G118/><T46/><D96/><U45/><E5/><V106/><F106/><W35/><G35/><T115/><D66/><U116/><E125/><V108/><F108/><W103/><G103/><T38/><D94/><U27/><E116/><V6/><F6/><W52/><G40/><T33/><D97/><U126/><E126/><V49/><F49/><W55/><G4/><T36/><D19/><U34/><E34/><V122/><F122/><W15/><G76/><T61/><D78/><U109/><E50/><V11/><F11/><W124/><G124/><T16/><D9/><U7/><E51/><V43/><F43/><W2/><G2/><T113/><D33/><U8/><E0/><V120/><F120/><W70/><G70/><T23/><D115/><U13/><E1/><V88/><F129/><W39/><G39/><T22/><D128/><U84/><E131/><V79/><F79/><W92/><G104/><T119/><D113/><U111/><E130/><V107/><F107/><W10/><G15/><T41/><D38/><U69/><E13/><V31/><F31/><W12/><G12/><RYUUKYOKU ba="0,0" sc="209,-15,387,-15,226,15,178,15" hai2="20,24,29,44,47,81,87,88,132,134" hai3="10,14,17,48,52,55,58,59,80,82,92,99,100" /><INIT seed="6,1,0,1,0,59" ten="194,372,241,193" oya="2" hai0="115,103,53,27,119,131,32,31,26,24,86,50,107" hai1="43,41,1,122,114,127,124,6,2,91,84,121,101" hai2="80,118,128,29,132,37,33,95,12,110,35,20,68" hai3="120,34,7,49,67,48,17,98,3,72,30,5,117"/><V94/><F37/><W28/><G117/><T40/><D119/><U112/><E101/><V104/><F104/><W79/><G120/><N who="1" m="46186" /><E41/><V58/><F68/><W123/><G123/><T65/><D40/><U47/><E6/><V77/><F95/><W73/><G67/><T105/><D26/><U116/><E116/><V125/><F110/><W18/><G79/><T88/><D65/><U126/><E2/><V109/><F94/><W61/><G98/><T76/><D76/><U100/><E100/><V70/><F70/><W69/><G69/><T75/><D75/><U113/><E1/><V64/><F77/><W21/><G3/><T23/><D103/><U16/><E16/><V8/><F29/><W36/><G21/><T134/><D115/><U83/><E43/><V55/><F109/><W45/><G45/><AGARI ba="1,0" hai="45,47,83,84,91,112,113,114,124,126,127" m="46186" machi="45" ten="50,6400,0" yaku="15,1,18,1,13,1" doraHai="59" who="1" fromWho="3" sc="194,0,372,67,241,0,193,-67" /><INIT seed="7,0,0,4,0,59" ten="194,439,241,126" oya="3" hai0="49,42,109,73,124,40,67,68,97,100,13,33,122" hai1="15,113,83,86,17,92,56,133,55,30,101,27,24" hai2="99,14,106,29,128,102,32,48,20,37,38,96,132" hai3="85,54,47,82,3,23,44,64,50,4,131,87,89"/><W28/><G131/><T120/><D73/><U112/><E133/><V74/><F74/><W18/><G28/><T46/><D109/><U19/><E101/><V123/><F32/><W135/><G135/><T22/><D42/><U21/><E92/><V61/><F132/><W62/><G44/><T58/><D68/><U34/><E15/><V121/><F128/><W103/><G103/><T91/><D91/><U104/><E104/><V93/><F48/><W69/><G87/><T8/><D22/><U75/><E17/><N who="2" m="10295" /><F29/><W63/><G69/><T105/><D33/><U117/><E83/><V126/><F126/><W16/><G64/><T72/><D72/><U111/><E56/><V81/><F81/><W41/><G41/><T98/><D98/><U79/><E112/><V116/><F116/><W31/><G31/><T70/><D124/><U107/><E55/><V60/><F38/><W125/><G125/><T118/><D118/><U6/><E86/><V39/><F37/><W76/><G76/><T10/><D70/><U9/><E79/><V35/><F39/><W130/><G130/><T71/><D71/><U66/><E75/><V51/><F35/><W5/><G18/><T129/><D129/><U12/><E107/><V11/><F123/><W7/><G3/><T90/><D90/><U114/><E66/><V1/><F121/><N who="0" m="46698" /><D13/><AGARI ba="0,0" hai="4,5,7,13,16,23,47,50,54,62,63,82,85,89" machi="13" ten="40,12000,1" yaku="8,1,52,2,54,1" doraHai="59" who="3" fromWho="0" sc="194,-120,439,0,241,0,126,120" /><INIT seed="7,1,0,2,3,117" ten="74,439,241,246" oya="3" hai0="60,62,111,16,40,52,33,82,42,118,125,87,12" hai1="19,1,104,63,70,106,83,94,116,85,107,68,113" hai2="120,119,101,112,43,73,89,47,14,36,58,84,57" hai3="100,37,98,24,110,108,122,129,64,65,29,41,11"/><W81/><G129/><T114/><D33/><U126/><E1/><V88/><F73/><W86/><G11/><T66/><D118/><U50/><E113/><V75/><F75/><W61/><G41/><T27/><D114/><U92/><E116/><V25/><F119/><W79/><G37/><T54/><D125/><U0/><E50/><V44/><F112/><W49/><G49/><T22/><D111/><N who="3" m="42537" /><G122/><T2/><D2/><U59/><E19/><V105/><F120/><W46/><G46/><T38/><D38/><U3/><E3/><V39/><F25/><W69/><G61/><T121/><D121/><U55/><E0/><V130/><F130/><W9/><G9/><T34/><D34/><U95/><REACH who="1" step="1"/><E126/><REACH who="1" ten="74,429,241,246" step="2"/><V56/><F39/><W72/><G69/><T30/><D42/><U109/><E109/><V10/><F43/><W18/><G18/><T4/><D40/><U71/><E71/><V26/><F36/><W17/><G17/><T134/><D134/><U127/><E127/><V45/><F45/><W91/><G29/><T76/><D62/><U6/><E6/><N who="2" m="3415" /><F26/><W35/><G24/><T23/><REACH who="0" step="1"/><D4/><REACH who="0" ten="64,429,241,246" step="2"/><U124/><E124/><V123/><F123/><W7/><G7/><T51/><D51/><U15/><E15/><V102/><F44/><W135/><G135/><T128/><D128/><U103/><E103/><V132/><F47/><W133/><G133/><T90/><D90/><AGARI ba="1,2" hai="55,59,63,68,70,83,85,90,92,94,95,104,106,107" machi="90" ten="50,3200,0" yaku="1,1,53,1" doraHai="117" doraHaiUra="77" who="1" fromWho="0" sc="64,-35,429,55,241,0,246,0" owari="29,-47.0,484,58.0,241,-16.0,246,5.0" /></mjloggm>