<mjloggm ver="2.3"><GO type="169" lobby="0"/><UN n0="%E5%B0%B1%E6%B4%BB%E7%94%9F%40%E5%B7%9D%E6%9D%91%E8%BB%8D%E5%9B%A3" n1="%E7%94%9F%E8%82%89%E3%81%A7%E3%81%99%E3%82%88" n2="%E3%82%B3%E3%83%BC%E3%83%A9%E3%81%8F%E3%81%A0%E3%81%95%E3%81%84" n3="%E3%81%BA%E3%83%BC" dan="17,16,17,17" rate="2200.36,2158.54,2202.94,2190.50" sx="M,M,M,M"/><TAIKYOKU oya="0"/><INIT seed="0,0,0,5,4,112" ten="250,250,250,250" oya="0" hai0="103,87,118,72,66,19,131,47,2,79,11,116,101" hai1="97,104,16,55,24,99,69,76,48,59,92,23,84" hai2="125,42,132,30,98,115,77,26,58,126,62,67,124" hai3="43,9,129,27,46,96,29,70,49,82,63,28,13"/><T120/><D72/><U134/><E69/><V94/><F115/><W34/><G129/><T71/><D120/><U33/><E134/><V40/><F77/><W35/><G96/><T6/><D131/><U31/><E104/><V18/><F18/><W32/><G29/><T93/><D19/><U54/><E54/><V111/><F111/><W105/><G105/><T127/><D127/><U85/><E76/><V21/><REACH who="2" step="1"/><F132/><REACH who="2" ten="250,250,240,250" step="2"/><W110/><G110/><T8/><D79/><U128/><E128/><V89/><AGARI ba="0,1" hai="21,26,30,40,42,58,62,67,89,94,98,124,125,126" machi="89" ten="30,7900,0" yaku="1,1,2,1,0,1,18,1,53,0" doraHai="112" doraHaiUra="74" who="2" fromWho="2" sc="250,-39,250,-20,240,89,250,-20" /><INIT seed="1,0,0,3,2,49" ten="211,230,329,230" oya="1" hai0="77,37,127,121,52,35,21,18,131,54,25,129,86" hai1="17,91,26,13,71,44,22,90,103,98,41,84,117" hai2="124,96,108,53,24,57,11,39,29,83,61,113,6" hai3="10,43,105,30,16,134,12,32,110,128,51,109,114"/><U87/><E71/><V85/><F108/><N who="3" m="41579" /><G105/><T111/><D111/><U65/><E65/><V130/><F39/><W60/><G114/><T81/><D37/><U36/><E117/><V107/><F124/><W75/><G75/><T132/><D127/><U34/><E87/><V116/><F116/><W42/><G128/><N who="0" m="49227" /><D132/><U23/><E34/><V119/><F119/><W63/><G134/><T19/><D121/><U104/><REACH who="1" step="1"/><E84/><REACH who="1" ten="211,220,329,230" step="2"/><V122/><F130/><W27/><G51/><T80/><D35/><U102/><E102/><V94/><F122/><W112/><G112/><T0/><D0/><U48/><E48/><V88/><F113/><W68/><G68/><T66/><D66/><U64/><E64/><V8/><F107/><W133/><G133/><T46/><D46/><U97/><E97/><V70/><F70/><W99/><G99/><T95/><D95/><U120/><E120/><V93/><F93/><W59/><G63/><T106/><D106/><U78/><E78/><V38/><F38/><W72/><G72/><N who="0" m="43047" /><D19/><AGARI ba="0,1" hai="13,17,19,22,23,26,36,41,44,90,91,98,103,104" machi="19" ten="30,2900,0" yaku="1,1,7,1,53,0" doraHai="49" doraHaiUra="125" who="1" fromWho="0" sc="211,-29,220,39,329,0,230,0" /><INIT seed="1,1,0,1,1,130" ten="182,259,329,230" oya="1" hai0="38,25,49,80,34,29,5,89,30,129,42,107,90" hai1="48,113,71,1,6,105,123,54,11,75,88,76,18" hai2="27,131,59,2,133,62,3,20,74,83,44,115,110" hai3="22,87,12,16,50,109,95,125,79,45,10,43,41"/><U134/><E123/><V111/><F131/><W98/><G109/><N who="2" m="41481" /><F115/><W97/><G125/><T94/><D129/><U86/><E105/><V47/><F133/><W39/><G39/><T102/><D29/><U36/><E36/><V121/><F121/><W106/><G106/><T17/><D38/><U63/><E113/><V19/><F83/><W101/><G97/><T37/><D37/><U15/><E76/><V70/><F70/><W14/><G79/><T100/><D5/><U9/><E75/><V85/><F85/><W78/><G78/><T64/><D64/><U122/><E122/><V112/><F74/><W51/><G87/><T69/><D69/><U60/><E71/><V28/><F28/><W32/><G32/><T127/><D127/><U117/><E117/><V72/><F72/><W135/><G135/><T118/><D118/><U4/><E134/><V91/><F91/><W120/><G120/><T53/><D42/><U81/><REACH who="1" step="1"/><E6/><REACH who="1" ten="182,249,329,230" step="2"/><V23/><F112/><W56/><G43/><T52/><D107/><U116/><E116/><V92/><F44/><AGARI ba="1,1" hai="1,4,9,11,15,18,44,48,54,60,63,81,86,88" machi="44" ten="30,12000,1" yaku="1,1,7,1,25,2,54,1,53,0" doraHai="130" doraHaiUra="108" who="1" fromWho="2" sc="182,0,249,133,329,-123,230,0" /><INIT seed="1,2,0,4,3,72" ten="182,382,206,230" oya="1" hai0="35,89,61,48,77,79,64,12,59,94,36,120,25" hai1="4,11,100,63,131,75,122,8,43,132,30,71,52" hai2="58,19,28,54,22,130,102,55,24,92,104,7,73" hai3="37,101,113,105,114,76,110,21,49,13,31,6,88"/><U0/><E122/><V108/><F108/><W96/><G37/><T109/><D36/><U107/><E75/><V103/><F73/><W56/><G110/><T32/><D109/><U42/><E131/><V129/><F7/><W81/><G31/><T91/><D120/><U97/><E132/><V33/><F104/><W62/><G49/><T119/><D119/><U17/><E30/><V34/><F55/><W84/><G76/><N who="0" m="29259" /><D35/><U57/><E71/><V78/><F78/><W10/><REACH who="3" step="1"/><G21/><REACH who="3" ten="182,382,206,220" step="2"/><T2/><D32/><U135/><E135/><V66/><F28/><W98/><G98/><N who="0" m="57679" /><D2/><U69/><E69/><V41/><F33/><W38/><G38/><T121/><D121/><U86/><E0/><V112/><F34/><W39/><G39/><T87/><D48/><U126/><E97/><V68/><F68/><W44/><G44/><T18/><D25/><U124/><E124/><V20/><F129/><W123/><G123/><T82/><D12/><U45/><E126/><V134/><F130/><W70/><G70/><T90/><D90/><U80/><E45/><V15/><F134/><W117/><G117/><T74/><D74/><U127/><E127/><V95/><F15/><W67/><AGARI ba="2,1" hai="6,10,13,56,62,67,81,84,88,96,101,105,113,114" machi="67" ten="20,5200,0" yaku="1,1,0,1,7,1,54,1,53,0" doraHai="72" doraHaiUra="14" who="3" fromWho="3" sc="182,-15,382,-28,206,-15,220,68" /><INIT seed="2,0,0,1,3,61" ten="167,354,191,288" oya="2" hai0="104,87,107,72,0,56,46,92,42,9,101,3,62" hai1="98,91,53,134,27,41,28,86,77,22,90,57,15" hai2="43,108,30,24,58,93,51,36,121,79,76,110,33" hai3="23,82,14,32,129,83,81,95,97,10,2,118,115"/><V18/><F121/><W55/><G32/><T59/><D72/><U88/><E134/><V40/><F36/><W35/><G118/><T25/><D104/><U128/><E128/><V135/><F135/><W17/><G35/><T117/><D107/><U96/><E41/><N who="2" m="15947" /><F18/><W12/><G129/><T45/><D45/><U5/><E5/><V60/><F51/><W48/><G2/><T21/><D9/><U116/><E116/><V63/><F93/><W84/><G115/><T29/><D59/><U11/><E11/><V39/><F60/><W114/><G114/><T20/><D20/><U38/><E38/><V127/><F39/><W130/><G130/><T34/><D34/><U6/><E6/><V44/><F44/><W125/><G125/><T13/><D13/><U26/><E26/><V70/><F70/><W123/><G123/><T131/><D131/><U8/><E8/><V103/><F103/><W75/><G75/><T100/><D117/><U4/><E4/><V16/><F16/><N who="3" m="10647" /><G84/><T102/><D87/><U66/><E15/><V112/><F112/><W126/><G126/><T94/><D3/><U89/><E77/><V105/><F105/><W74/><G74/><T31/><D31/><U50/><REACH who="1" step="1"/><E66/><REACH who="1" ten="167,344,191,288" step="2"/><N who="2" m="39287" /><F127/><W65/><G65/><N who="0" m="39111" /><D0/><U119/><E119/><V99/><F99/><W7/><G7/><T69/><D69/><U54/><E54/><V1/><F1/><W37/><G37/><T113/><D113/><U122/><E122/><V19/><F19/><W109/><G55/><T67/><D67/><U106/><E106/><V85/><F79/><W73/><G97/><RYUUKYOKU ba="0,1" sc="167,10,344,10,191,10,288,-30" hai0="21,25,29,42,46,92,94,100,101,102" hai1="22,27,28,50,53,57,86,88,89,90,91,96,98" hai2="24,30,33,76,85,108,110" /><INIT seed="2,1,1,3,0,124" ten="177,354,201,258" oya="2" hai0="65,5,107,133,75,119,23,27,29,1,50,92,112" hai1="108,71,35,81,129,48,101,91,115,15,78,18,58" hai2="72,130,69,51,76,87,14,6,2,42,88,55,105" hai3="85,17,122,31,49,99,38,39,104,40,54,16,28"/><V47/><F2/><W12/><G122/><T41/><D107/><U118/><E71/><V90/><F105/><W109/><G109/><T79/><D112/><U77/><E35/><V74/><F69/><W33/><G40/><T61/><D119/><U44/><E115/><V125/><F125/><W73/><G73/><T36/><D133/><U135/><E118/><V116/><F116/><W63/><G63/><T8/><D92/><U95/><E135/><V102/><F102/><W66/><G66/><T37/><D50/><U114/><E114/><V20/><F55/><W106/><G85/><T132/><D132/><U34/><E34/><V84/><F84/><W4/><G4/><T0/><D0/><U24/><E101/><V70/><F70/><W56/><G99/><T131/><D61/><U134/><E108/><V46/><F46/><W10/><G33/><T62/><D62/><U26/><E44/><V21/><F21/><W82/><G82/><N who="0" m="45439" /><D65/><U22/><E134/><V9/><F20/><W111/><G111/><T113/><D113/><U57/><E22/><V128/><F76/><W120/><G120/><T11/><D11/><U32/><E77/><V103/><F103/><W60/><G10/><T64/><D64/><U13/><E78/><V121/><F121/><W97/><G106/><T43/><D43/><U93/><E32/><V25/><F25/><W67/><G67/><T83/><D83/><U19/><E81/><N who="2" m="49263" /><F90/><W30/><G104/><T123/><D123/><U89/><E48/><V110/><F110/><W98/><G49/><T94/><D37/><N who="3" m="13833" /><G12/><T117/><D36/><RYUUKYOKU ba="1,1" sc="177,-30,354,10,201,10,258,10" hai1="13,15,18,19,24,26,57,58,89,91,93,95,129" hai2="6,9,14,42,47,51,72,74,128,130" hai3="16,17,28,30,31,54,56,60,97,98" /><INIT seed="2,2,1,4,2,60" ten="147,364,211,268" oya="2" hai0="39,65,6,80,126,89,49,34,103,119,82,97,20" hai1="16,4,70,109,32,29,108,128,98,118,130,114,13" hai2="124,123,17,84,55,11,41,72,45,88,90,5,18" hai3="53,75,85,61,58,87,115,47,40,14,52,91,0"/><V101/><F123/><W50/><G0/><T48/><D34/><U96/><E70/><V116/><F72/><W95/><G75/><T38/><D126/><U94/><E118/><V110/><F116/><W36/><G115/><T102/><D119/><U12/><E114/><V105/><F124/><W26/><G26/><T99/><D20/><U9/><E32/><V83/><F55/><W37/><G14/><T107/><D6/><U68/><E29/><V59/><F59/><W112/><G112/><T125/><D125/><U62/><E62/><V8/><F110/><N who="1" m="42601" /><E68/><V43/><F105/><W78/><G78/><T104/><REACH who="0" step="1"/><D89/><REACH who="0" ten="137,364,211,268" step="2"/><N who="1" m="55375" /><E98/><V44/><F5/><W33/><G33/><T117/><D117/><U21/><AGARI ba="2,2" hai="4,9,12,13,16,21,128,130" m="55375,42601" machi="21" ten="30,2000,0" yaku="14,1,54,1" doraHai="60" who="1" fromWho="1" sc="137,-7,364,46,211,-12,268,-7" /><INIT seed="3,0,0,0,2,76" ten="130,410,199,261" oya="3" hai0="17,109,135,59,16,128,12,40,86,61,65,37,111" hai1="130,105,23,43,50,26,48,110,62,84,101,38,104" hai2="8,13,82,80,95,78,63,55,56,98,102,113,25" hai3="9,75,29,14,52,32,79,21,131,3,106,123,44"/><W33/><G106/><T1/><D1/><U117/><E38/><V20/><F78/><W107/><G107/><T122/><D122/><U51/><E43/><V15/><F113/><W36/><G123/><T87/><D128/><U103/><E117/><V70/><F70/><W30/><G131/><T93/><D135/><U54/><E110/><N who="0" m="41993" /><D93/><U18/><E130/><V134/><F134/><W7/><G36/><T81/><D12/><U42/><E42/><V91/><F102/><W68/><G68/><T2/><D2/><U10/><E10/><V90/><F90/><W120/><G120/><T49/><D37/><U39/><E39/><V22/><F22/><W88/><G79/><N who="0" m="46399" /><D87/><U60/><E104/><V4/><F15/><W71/><G75/><T27/><D27/><U127/><E105/><V129/><F129/><W126/><G3/><T19/><D40/><U83/><E127/><V28/><AGARI ba="0,0" hai="4,8,13,20,25,28,55,56,63,80,82,91,95,98" machi="28" ten="20,8000,1" yaku="0,1,7,1,8,1,52,2" doraHai="76" who="2" fromWho="2" sc="130,-20,410,-20,199,80,261,-40" /><INIT seed="4,0,0,1,2,3" ten="110,390,279,221" oya="0" hai0="115,114,11,20,34,48,69,88,121,110,65,111,46" hai1="94,47,6,72,96,73,129,133,86,131,95,116,30" hai2="27,41,53,104,18,82,57,51,79,128,9,64,31" hai3="78,38,90,54,102,62,29,127,0,132,117,35,63"/><T8/><D34/><U124/><E116/><V84/><F104/><W89/><G38/><T2/><D121/><U12/><E124/><V109/><F109/><N who="0" m="41482" /><D20/><U56/><E133/><V81/><F128/><N who="1" m="49225" /><E30/><V5/><F18/><W21/><G21/><T43/><D2/><U100/><E47/><V16/><F64/><W36/><G29/><T118/><D118/><U60/><E86/><V87/><F41/><W70/><G0/><T130/><D130/><U10/><E95/><V97/><F97/><W93/><G35/><T22/><D22/><U4/><E4/><V37/><F16/><W101/><G36/><T125/><D125/><U67/><AGARI ba="0,0" hai="6,10,12,56,60,67,72,73,94,96,100" m="49225" machi="67" ten="30,2000,0" yaku="19,1,52,1" doraHai="3" who="1" fromWho="1" sc="110,-10,390,20,279,-5,221,-5" /><INIT seed="5,0,0,1,5,117" ten="100,410,274,216" oya="1" hai0="80,52,131,120,50,97,86,98,112,55,32,68,128" hai1="3,110,84,104,45,125,39,26,87,132,123,133,85" hai2="116,100,92,79,31,37,65,56,96,118,46,7,134" hai3="2,20,114,19,70,113,61,24,9,53,38,11,43"/><U15/><E104/><V23/><F134/><W59/><G70/><T107/><D32/><U57/><E3/><V130/><F130/><N who="0" m="49706" /><D68/><U8/><E110/><V17/><F7/><W111/><G111/><T64/><D64/><U82/><E125/><V47/><F79/><W135/><G135/><T22/><D22/><U42/><E82/><V69/><F69/><W51/><G2/><T72/><D72/><U124/><E124/><V94/><F94/><W73/><G38/><T28/><D28/><U30/><E57/><V121/><F17/><W16/><G73/><T93/><D107/><U66/><E66/><V76/><F76/><W60/><G19/><T129/><N who="0" m="49714" /><T25/><DORA hai="115" /><D25/><U95/><E95/><V13/><F13/><W102/><G102/><N who="0" m="60719" /><D98/><U89/><E89/><V54/><F65/><W106/><G106/><T122/><D112/><N who="3" m="43113" /><G43/><T119/><D119/><U21/><E132/><V101/><F116/><W4/><G4/><T71/><D71/><U91/><E133/><V5/><F5/><W81/><G81/><T40/><D40/><U1/><E1/><V41/><F118/><W83/><G83/><T62/><D62/><AGARI ba="0,0" hai="9,11,16,20,24,51,53,59,60,61,62" m="43113" machi="62" ten="30,2000,0" yaku="15,1,54,1" doraHai="117,115" who="3" fromWho="0" sc="100,-20,410,0,274,0,216,20" /><INIT seed="6,0,0,3,3,3" ten="80,410,274,236" oya="2" hai0="127,1,36,112,47,53,49,51,84,110,74,122,79" hai1="76,109,101,132,55,62,24,54,94,50,2,44,133" hai2="67,17,135,39,20,102,97,45,88,22,33,96,82" hai3="131,81,32,6,116,70,52,85,100,129,111,16,104"/><V8/><F33/><W123/><G116/><T18/><D110/><U72/><E2/><V37/><F135/><N who="1" m="51785" /><E109/><V86/><F67/><W58/><G70/><T15/><D122/><U5/><E5/><V41/><F39/><W29/><G123/><T21/><D1/><U103/><E94/><V10/><F96/><W35/><G111/><T0/><D0/><U80/><E24/><V28/><F28/><W83/><G29/><T115/><D74/><U40/><E55/><V108/><F108/><W93/><G104/><T99/><D127/><U91/><E91/><V13/><REACH who="2" step="1"/><F10/><REACH who="2" ten="80,410,264,236" step="2"/><W117/><G35/><T128/><D99/><U7/><E103/><V61/><F61/><W42/><G32/><T26/><D115/><U64/><E101/><V30/><F30/><W92/><G100/><T14/><D112/><U68/><E68/><V134/><F134/><W60/><G60/><T56/><D36/><U48/><E64/><V38/><F38/><W78/><G117/><T125/><D125/><U130/><E62/><V65/><F65/><W43/><G131/><T105/><D105/><AGARI ba="0,1" hai="8,13,17,20,22,37,41,45,82,86,88,97,102,105" machi="105" ten="30,5800,0" yaku="1,1,7,1,54,1,53,0" doraHai="3" doraHaiUra="107" who="2" fromWho="0" sc="80,-58,410,0,264,68,236,0" /><INIT seed="6,1,0,3,4,128" ten="22,410,332,236" oya="2" hai0="9,45,89,39,58,93,16,47,62,50,121,68,69" hai1="18,78,75,102,24,64,31,107,40,20,100,106,38" hai2="81,11,8,52,88,23,134,97,44,135,28,124,22" hai3="48,84,60,131,96,119,61,70,99,98,80,72,114"/><V95/><F124/><W34/><G119/><T123/><D93/><U125/><E64/><V66/><F66/><W13/><G72/><T103/><D103/><U86/><E125/><V42/><F52/><W126/><G34/><T37/><D89/><U56/><E75/><V25/><F23/><W5/><G70/><T85/><D85/><U63/><E107/><V105/><F105/><W127/><G131/><T79/><D79/><U67/><E106/><V83/><F8/><N who="3" m="4239" /><G114/><T27/><D9/><U19/><E40/><V21/><F21/><W77/><G127/><T41/><D27/><U91/><E78/><V104/><F104/><W90/><G126/><T3/><D16/><N who="1" m="6187" /><E38/><V57/><F57/><W15/><G15/><T94/><D94/><AGARI ba="1,0" hai="20,24,31,56,63,67,86,91,94,100,102" m="6187" machi="94" ten="30,2000,0" yaku="8,1,54,1" doraHai="128" who="1" fromWho="0" sc="22,-23,410,23,332,0,236,0" owari="-1,-50.0,433,53.0,332,13.0,236,-16.0" /></mjloggm>