<mjloggm ver="2.3"><GO type="225" lobby="0"/><UN n0="%E4%BB%A3%E6%89%93%E3%81%A1%E3%81%AE%E7%A5%9E%E6%A7%98" n1="%E3%83%88%E3%83%88%E3%83%AA%E5%85%88%E7%94%9F%31%39%E6%AD%B3" n2="%E3%83%AF%E3%82%A4%E3%83%AB%E3%83%89" n3="%4D%4F%44" dan="18,17,16,16" rate="2203.18,2164.39,2139.36,2104.71" sx="M,F,M,F"/><TAIKYOKU oya="0"/><INIT seed="0,0,0,2,2,68" ten="250,250,250,250" oya="0" hai0="106,87,80,58,28,11,114,108,14,126,18,1,120" hai1="20,12,131,65,79,118,128,56,94,19,85,67,36" hai2="21,0,50,5,78,7,86,92,2,39,84,107,53" hai3="33,31,112,91,47,110,38,29,117,127,81,102,77"/><T134/><D114/><U40/><E118/><V75/><F107/><W62/><G112/><T116/><D116/><U104/><E104/><V6/><F75/><W23/><G117/><T27/><D120/><U129/><E56/><V96/><F21/><W46/><G33/><T121/><D121/><U13/><E13/><V10/><F78/><W48/><G102/><T97/><D126/><U41/><E41/><V125/><F125/><W130/><G110/><T24/><D108/><U88/><REACH who="1" step="1"/><E79/><REACH who="1" ten="250,240,250,250" step="2"/><V57/><F0/><W44/><G77/><T43/><D1/><U122/><E122/><V123/><F123/><W70/><G127/><T103/><D43/><U72/><E72/><V64/><F6/><W89/><G70/><T105/><D105/><U34/><E34/><V66/><F7/><W4/><G4/><T69/><D69/><U82/><E82/><V95/><F95/><W83/><G81/><T37/><D58/><U61/><E61/><V35/><F35/><W25/><G83/><T115/><D115/><U98/><E98/><V42/><F66/><W99/><G62/><T17/><D80/><U49/><E49/><V45/><REACH who="2" step="1"/><F64/><REACH who="2" ten="250,240,240,250" step="2"/><W52/><G48/><T76/><D76/><U74/><E74/><V60/><F60/><W3/><G3/><T111/><D106/><U93/><E93/><V119/><F119/><W22/><G99/><T133/><D97/><U30/><E30/><V54/><F54/><W124/><G52/><T73/><D73/><U132/><E132/><V100/><AGARI ba="0,2" hai="2,5,10,39,42,45,50,53,57,84,86,92,96,100" machi="100" ten="20,5200,0" yaku="1,1,0,1,7,1,52,1,53,0" doraHai="68" doraHaiUra="63" who="2" fromWho="2" sc="250,-26,240,-13,240,72,250,-13" /><INIT seed="1,0,0,3,5,66" ten="224,227,312,237" oya="1" hai0="47,22,123,106,57,36,116,25,7,127,121,74,107" hai1="8,82,67,89,4,98,40,63,72,13,39,20,31" hai2="134,33,49,46,0,16,65,124,10,37,92,69,76" hai3="43,103,102,109,84,131,3,27,81,42,112,58,78"/><U68/><E39/><V71/><F65/><W11/><G112/><T32/><D116/><U1/><E40/><V17/><F33/><W88/><G109/><T38/><D32/><U132/><E132/><V120/><F120/><N who="0" m="46154" /><D74/><U55/><E55/><V2/><F37/><N who="0" m="14442" /><D47/><U6/><E6/><V93/><F134/><W64/><G131/><T101/><D127/><U54/><E54/><V105/><F105/><W61/><G27/><T86/><D7/><U59/><E72/><V44/><F124/><W48/><G43/><T75/><D75/><U28/><E59/><V18/><F76/><W56/><G78/><T97/><D86/><U50/><E50/><V80/><F80/><W26/><G26/><T118/><D57/><U115/><E115/><V111/><F111/><W60/><G42/><T79/><D79/><U95/><REACH who="1" step="1"/><E82/><REACH who="1" ten="224,217,312,237" step="2"/><V45/><F49/><W52/><G48/><T90/><D118/><U9/><E9/><V51/><F51/><N who="3" m="30751" /><G11/><T100/><D90/><U29/><E29/><V14/><F10/><W30/><G30/><N who="0" m="17719" /><D100/><U5/><E5/><V135/><F135/><W62/><G103/><T41/><D41/><U23/><E23/><V96/><F14/><W119/><G119/><T94/><AGARI ba="0,1" hai="94,97,101,106,107" m="17719,14442,46154" machi="94" ten="30,1100,0" yaku="13,1" doraHai="66" who="0" fromWho="0" sc="224,21,217,-5,312,-3,237,-3" /><INIT seed="2,0,0,1,5,72" ten="245,212,309,234" oya="2" hai0="51,16,33,111,42,26,47,63,13,37,17,1,116" hai1="36,77,128,7,62,15,104,122,8,121,44,75,80" hai2="22,40,117,110,107,129,53,87,101,95,30,100,124" hai3="32,84,60,130,19,82,52,45,94,86,96,65,68"/><V66/><F117/><W4/><G32/><T83/><D1/><N who="1" m="111" /><E104/><V131/><F107/><W57/><G130/><N who="2" m="49673" /><F110/><W9/><G19/><T11/><D111/><U29/><E128/><V78/><F124/><W20/><G20/><T74/><D116/><U127/><E29/><V105/><F105/><W108/><G45/><T92/><D63/><U134/><E15/><V24/><F40/><W2/><G108/><T125/><D125/><U93/><E127/><V41/><F41/><W88/><G82/><T71/><D71/><U119/><E119/><V73/><F66/><W21/><G21/><T59/><D92/><U6/><E6/><V35/><F53/><W64/><G64/><T79/><D33/><U70/><E134/><V10/><F10/><W18/><G18/><T98/><D98/><U39/><E93/><V58/><F58/><W43/><G43/><T103/><D103/><N who="2" m="39498" /><F73/><W133/><G133/><T132/><D132/><U12/><E12/><V23/><F95/><W123/><G123/><N who="1" m="47114" /><E44/><V46/><F46/><W38/><G38/><T126/><D126/><U55/><E55/><V54/><F54/><W97/><G97/><T49/><D59/><U114/><E114/><V106/><F106/><W48/><AGARI ba="0,0" hai="2,4,9,48,52,57,60,65,68,84,86,88,94,96" machi="48" ten="20,5200,0" yaku="0,1,7,1,54,2" doraHai="72" who="3" fromWho="3" sc="245,-13,212,-13,309,-26,234,52" /><INIT seed="3,0,0,2,4,50" ten="232,199,283,286" oya="3" hai0="132,4,59,23,41,87,99,80,16,85,66,20,129" hai1="118,18,92,47,106,107,134,124,27,135,35,45,52" hai2="121,95,100,25,69,8,127,57,29,116,46,9,130" hai3="48,83,21,76,64,120,90,108,74,6,86,61,1"/><W78/><G120/><T102/><D129/><U42/><E124/><V77/><F69/><W14/><G1/><T24/><D132/><N who="1" m="50731" /><E118/><V79/><F116/><W15/><G108/><T68/><D68/><U7/><E7/><V63/><F130/><W117/><G117/><T113/><D113/><U31/><E18/><V36/><F127/><W125/><G125/><T128/><D128/><U111/><E92/><V104/><F104/><N who="1" m="39977" /><E111/><V123/><F46/><W112/><G112/><T82/><D4/><U110/><E110/><V28/><F36/><W60/><G6/><T115/><D115/><U44/><E42/><V43/><F43/><W73/><G73/><T67/><D41/><U58/><E58/><V62/><F95/><W131/><G131/><T84/><D59/><U122/><E122/><V40/><F57/><W34/><G74/><T105/><REACH who="0" step="1"/><D23/><REACH who="0" ten="222,199,283,286" step="2"/><U89/><E89/><V109/><F40/><W94/><G21/><T12/><D12/><U101/><E101/><V126/><F109/><W32/><G15/><T38/><D38/><U26/><E26/><V103/><F126/><W3/><G14/><T13/><D13/><U72/><E72/><V54/><F25/><W91/><G90/><T55/><D55/><AGARI ba="0,1" hai="27,31,35,44,45,47,52,55" m="39977,50731" machi="55" ten="40,8000,1" yaku="20,1,52,2,54,1" doraHai="50" who="1" fromWho="0" sc="222,-80,199,90,283,0,286,0" /><AGARI ba="0,0" hai="8,9,28,29,54,55,62,63,77,79,100,103,121,123" machi="55" ten="25,6400,0" yaku="22,2,52,2" doraHai="50" who="2" fromWho="0" sc="142,-64,289,0,283,64,286,0" owari="78,-42.0,289,9.0,347,44.0,286,-11.0" /></mjloggm>