<mjloggm ver="2.3"><GO type="225" lobby="0"/><UN n0="%E3%82%8A%E3%82%87%E3%81%86%E3%81%BE%35%37%32%34" n1="%E3%82%A6%E3%83%AB%E3%83%88%E3%83%A9%E7%AB%8B%E7%9B%B4" n2="%E3%81%AA%E3%81%A3%E3%81%8D%E3%82%8A" n3="%E9%98%BF%E4%BF%AE%E7%BE%85%E4%BD%B3%E5%A5%88" dan="16,17,16,17" rate="2159.36,2165.20,2156.97,2169.40" sx="M,M,M,F"/><TAIKYOKU oya="0"/><INIT seed="0,0,0,2,3,22" ten="250,250,250,250" oya="0" hai0="96,106,63,20,42,50,18,23,16,122,102,47,24" hai1="9,21,116,118,58,62,82,109,87,100,70,88,6" hai2="99,108,74,105,128,60,48,33,14,28,90,98,5" hai3="8,132,112,64,41,36,69,94,66,79,0,71,40"/><T76/><D122/><U101/><E70/><V119/><F74/><W120/><G79/><T32/><D32/><U56/><E109/><V27/><F108/><W11/><G94/><T3/><D3/><U83/><E118/><V113/><F113/><W121/><G0/><T65/><D76/><U67/><E116/><V2/><F119/><W130/><G36/><T117/><D117/><U52/><E83/><V124/><F128/><W39/><G39/><T13/><D63/><N who="1" m="36231" /><E21/><V89/><F124/><W110/><G110/><T111/><D111/><U7/><E9/><V78/><F78/><W43/><G130/><T97/><REACH who="0" step="1"/><D96/><REACH who="0" ten="240,250,250,250" step="2"/><U133/><E133/><V59/><F2/><W129/><G132/><T85/><D85/><U92/><E101/><V91/><F98/><AGARI ba="0,1" hai="6,7,58,62,67,82,87,88,92,98,100" m="36231" machi="98" ten="30,3900,0" yaku="8,1,54,2" doraHai="22" who="1" fromWho="2" sc="240,0,250,49,250,-39,250,0" /><INIT seed="1,0,0,4,4,16" ten="240,299,211,250" oya="1" hai0="86,91,53,70,78,134,18,24,58,88,41,77,54" hai1="26,130,132,117,4,66,84,82,31,133,115,107,34" hai2="46,73,111,120,55,106,29,116,49,81,105,127,39" hai3="32,96,104,8,23,57,2,113,17,45,50,40,7"/><U76/><E117/><V108/><F116/><W129/><G113/><T64/><D70/><U80/><E115/><V122/><F39/><W119/><G129/><T37/><D134/><N who="1" m="51819" /><E107/><N who="2" m="40971" /><F29/><W44/><G119/><T98/><D37/><U3/><E66/><V33/><F33/><W71/><G71/><T65/><D41/><U12/><E130/><V10/><F10/><W79/><G32/><T126/><D126/><U74/><E3/><V13/><F13/><W6/><G6/><T67/><D98/><U36/><E36/><V92/><F92/><W63/><G79/><N who="0" m="30219" /><D86/><U9/><E82/><V114/><F81/><W89/><G44/><T101/><D101/><U43/><E43/><V83/><F83/><W85/><G104/><T20/><D54/><U30/><E30/><V93/><F93/><W110/><G96/><T35/><D35/><U28/><E28/><V5/><F114/><W72/><G72/><AGARI ba="0,0" hai="4,9,12,26,31,34,72,74,76,80,84" m="51819" machi="72" ten="30,1500,0" yaku="20,1" doraHai="16" who="1" fromWho="3" sc="240,0,299,15,211,0,250,-15" /><INIT seed="1,1,0,5,1,25" ten="240,314,211,235" oya="1" hai0="63,5,40,130,98,51,10,73,41,16,87,14,80" hai1="43,55,133,122,111,108,95,128,7,53,120,42,79" hai2="131,81,76,15,67,74,88,69,62,118,97,99,92" hai3="39,6,124,61,60,113,112,127,4,17,11,115,86"/><U110/><E79/><V49/><F131/><W71/><G39/><T23/><D73/><U21/><E7/><N who="3" m="2602" /><G71/><T117/><D117/><U106/><E106/><V101/><F118/><W77/><G77/><T134/><D134/><U102/><E128/><V91/><F15/><N who="3" m="7423" /><G86/><T0/><D130/><U109/><E109/><V1/><F1/><W129/><G129/><T26/><D63/><U30/><E133/><V12/><F12/><W70/><G70/><T107/><D51/><U65/><E65/><V85/><F91/><W9/><G9/><T123/><D123/><U114/><E114/><N who="3" m="29186" /><W20/><DORA hai="29" /><G60/><T38/><D38/><U93/><E122/><V57/><REACH who="2" step="1"/><F101/><REACH who="2" ten="240,314,201,235" step="2"/><W96/><G127/><T45/><D0/><U33/><E102/><V44/><F44/><W103/><G124/><T13/><D45/><U58/><E120/><V52/><AGARI ba="1,1" hai="49,52,57,62,67,69,74,76,81,85,88,92,97,99" machi="52" ten="30,12000,2" yaku="1,1,0,1,54,2,53,2" doraHai="25,29" doraHaiUra="90,89" who="2" fromWho="2" sc="240,-31,314,-61,201,133,235,-31" /><INIT seed="2,0,0,2,2,86" ten="209,253,334,204" oya="2" hai0="68,127,48,36,125,119,64,92,12,13,9,91,104" hai1="15,89,110,27,32,51,102,55,3,79,19,111,99" hai2="44,130,128,112,28,6,74,73,50,85,23,90,114" hai3="26,98,67,8,108,1,129,35,134,103,66,41,5"/><V87/><F6/><W11/><G108/><N who="1" m="41514" /><E79/><V65/><F65/><W126/><G134/><T43/><D36/><U133/><E3/><V81/><F23/><W25/><G129/><N who="2" m="49769" /><F28/><W116/><G126/><N who="0" m="48139" /><D104/><N who="1" m="63583" /><E133/><V59/><F59/><W107/><G116/><T84/><D119/><U42/><E42/><N who="2" m="24855" /><F87/><W22/><G11/><T10/><D43/><U80/><E27/><V122/><F122/><W115/><G115/><AGARI ba="0,0" hai="73,74,81,85,90,112,114,115" m="24855,49769" machi="115" ten="30,2900,0" yaku="19,1,52,1" doraHai="86" who="2" fromWho="3" sc="209,0,253,0,334,29,204,-29" /><INIT seed="2,1,0,0,2,18" ten="209,253,363,175" oya="2" hai0="0,124,40,32,97,102,59,129,120,25,112,123,68" hai1="31,54,70,65,28,104,46,19,15,125,53,91,20" hai2="106,131,52,110,85,127,30,48,1,56,119,89,84" hai3="7,88,66,105,47,133,41,109,13,78,79,101,75"/><V9/><F119/><W87/><G109/><T72/><D72/><U126/><E104/><V74/><F74/><W38/><G133/><T121/><D112/><U64/><E91/><V6/><F131/><W76/><G66/><N who="1" m="25706" /><E70/><V62/><F127/><N who="1" m="48649" /><E46/><V130/><F130/><W86/><G86/><T69/><D68/><U11/><E31/><V94/><F110/><W12/><G7/><T63/><D69/><U135/><E135/><V43/><F106/><W115/><G115/><T45/><D0/><U42/><E42/><V117/><F117/><W113/><G113/><T2/><D2/><U14/><E28/><V8/><F8/><W118/><G118/><T37/><D129/><U55/><E15/><V61/><F30/><W58/><G58/><T35/><D124/><U116/><E116/><V81/><F43/><W82/><REACH who="3" step="1"/><G75/><REACH who="3" ten="209,253,363,165" step="2"/><T22/><D59/><U50/><E50/><V134/><F134/><W49/><G49/><T26/><D63/><U73/><E73/><V5/><F6/><W90/><G90/><AGARI ba="1,1" hai="1,5,9,48,52,56,61,62,81,84,85,89,90,94" machi="90" ten="30,2900,0" yaku="7,1,54,1" doraHai="18" who="2" fromWho="3" sc="209,0,253,0,363,42,165,-32" /><INIT seed="2,2,0,5,5,87" ten="209,253,405,133" oya="2" hai0="1,3,103,110,11,96,44,124,46,94,9,108,43" hai1="45,63,22,127,65,47,128,6,33,70,88,56,91" hai2="12,84,40,7,19,118,25,72,85,121,57,32,83" hai3="74,135,35,134,81,130,126,68,16,15,36,10,132"/><V101/><F121/><W95/><G68/><T26/><D26/><U13/><E33/><V100/><F72/><W20/><G36/><T73/><D73/><U99/><E70/><V97/><F40/><W106/><G106/><T115/><D115/><U102/><E128/><V66/><F118/><W125/><G35/><T50/><D124/><N who="3" m="47721" /><G95/><T131/><D131/><U61/><E61/><V114/><F84/><W37/><G37/><T109/><REACH who="0" step="1"/><D46/><REACH who="0" ten="199,253,405,133" step="2"/><U77/><E47/><V79/><F25/><N who="3" m="14471" /><G74/><T117/><D117/><U49/><E127/><V105/><F114/><W76/><G81/><T2/><AGARI ba="2,1" hai="1,2,3,9,11,43,44,50,94,96,103,108,109,110" machi="2" ten="40,5200,0" yaku="1,1,0,1,14,1,53,0" doraHai="87" doraHaiUra="133" who="0" fromWho="0" sc="199,68,253,-15,405,-28,133,-15" /><INIT seed="3,0,0,4,5,87" ten="267,238,377,118" oya="3" hai0="44,51,102,117,129,120,92,34,82,31,71,6,94" hai1="1,111,2,36,54,75,119,22,70,47,15,62,88" hai2="0,33,132,39,72,27,128,29,105,95,58,91,66" hai3="61,4,46,64,21,112,123,9,76,134,74,5,97"/><W59/><G112/><T43/><D71/><U38/><E15/><V79/><F105/><W130/><G123/><T24/><D117/><U113/><E22/><V108/><F108/><W68/><G130/><T110/><D110/><U11/><E111/><V18/><F128/><W100/><G134/><T23/><D129/><U17/><E17/><V99/><F39/><W63/><G46/><T52/><D120/><U12/><E12/><V48/><F18/><W56/><G68/><T3/><D34/><U114/><E11/><V42/><F0/><N who="1" m="105" /><E54/><V96/><F42/><W125/><G21/><T8/><D102/><U45/><E62/><V84/><F72/><W81/><G9/><T109/><D109/><U89/><E75/><V121/><F121/><W32/><G32/><T19/><D19/><U26/><E26/><V131/><F131/><W73/><G73/><T115/><D115/><N who="1" m="44043" /><E70/><V80/><F33/><W7/><G125/><T83/><D43/><U103/><E103/><V13/><F13/><W69/><REACH who="3" step="1"/><G63/><REACH who="3" ten="267,238,377,108" step="2"/><T67/><D44/><N who="1" m="16971" /><E119/><V101/><F132/><W10/><G10/><T93/><D8/><U90/><AGARI ba="0,1" hai="36,38,88,89,90" m="16971,44043,105" machi="90" ten="40,12000,2" yaku="28,2,52,3,54,1" doraHai="87" who="1" fromWho="1" sc="267,-30,238,130,377,-30,108,-60" owari="237,-16.0,368,46.0,347,15.0,48,-45.0" /></mjloggm>