<mjloggm ver="2.3"><GO type="169" lobby="0"/><UN n0="%E3%81%8F%E3%82%8B%E3%82%8B" n1="%E5%B0%B1%E6%B4%BB%E7%94%9F%40%E5%B7%9D%E6%9D%91%E8%BB%8D%E5%9B%A3" n2="%68%61%7A%75%6B%69%38%39" n3="%E6%B2%88%E9%BB%99%E3%81%AE%E3%82%AA%E3%83%8A%E3%83%8B%E3%82%B9%E3%83%88" dan="17,17,16,16" rate="2126.18,2201.91,2040.59,2213.26" sx="M,M,F,M"/><TAIKYOKU oya="0"/><INIT seed="0,0,0,5,0,48" ten="250,250,250,250" oya="0" hai0="18,117,90,44,37,109,86,79,87,13,46,93,131" hai1="100,97,15,41,98,107,113,35,95,91,40,11,29" hai2="85,24,54,60,72,129,92,120,57,43,101,50,123" hai3="77,25,104,84,32,105,88,28,6,89,34,63,58"/><T2/><D117/><U66/><E113/><V94/><F72/><W16/><G6/><T4/><D4/><U102/><E66/><V51/><F129/><W9/><G34/><T0/><D131/><U80/><E29/><V23/><F120/><W26/><G77/><T10/><D109/><U39/><E35/><V124/><F124/><W81/><G89/><T126/><D126/><U65/><E65/><V127/><F127/><W70/><G70/><T59/><D37/><U111/><E39/><V115/><F115/><W106/><G9/><T108/><D108/><U3/><E3/><V8/><F8/><W14/><G14/><T7/><D59/><U52/><E80/><V27/><F27/><W128/><G128/><T114/><D114/><U119/><E111/><V116/><F123/><W68/><G68/><T121/><D121/><U61/><E91/><V21/><F21/><W33/><G33/><T12/><D0/><U20/><E20/><V130/><F130/><W5/><G5/><T134/><D134/><U132/><E132/><V118/><F116/><W42/><G42/><T83/><REACH who="0" step="1"/><D2/><REACH who="0" ten="240,250,250,250" step="2"/><U38/><E38/><V56/><F118/><W19/><REACH who="3" step="1"/><G26/><REACH who="3" ten="240,250,250,240" step="2"/><T36/><D36/><U73/><E119/><V53/><F24/><W82/><G82/><T75/><D75/><U103/><E73/><V30/><F57/><W55/><AGARI ba="0,2" hai="16,19,25,28,32,55,58,63,81,84,88,104,105,106" machi="55" ten="30,8000,1" yaku="1,1,0,1,52,1,54,2,53,0" doraHai="48" doraHaiUra="47" who="3" fromWho="3" sc="240,-40,250,-20,250,-20,240,100" /><INIT seed="1,0,0,4,0,100" ten="200,230,230,340" oya="1" hai0="101,15,73,11,45,59,46,90,87,47,71,36,67" hai1="82,20,103,86,29,50,42,108,132,26,55,116,102" hai2="3,128,133,8,14,48,88,70,19,114,115,117,84" hai3="72,34,56,39,17,10,5,37,53,44,134,112,0"/><U32/><E116/><V93/><F70/><W23/><G112/><N who="2" m="43049" /><F117/><W40/><G134/><T99/><D73/><U89/><E132/><V2/><F128/><W58/><G34/><T76/><D76/><U1/><E1/><N who="2" m="11" /><F48/><W16/><G72/><T110/><D110/><U61/><E108/><V66/><F66/><W113/><G113/><T119/><D71/><U13/><E42/><V129/><F129/><W24/><G39/><T33/><D33/><U4/><E61/><V27/><F27/><W91/><G91/><T131/><D131/><U38/><E38/><V9/><F133/><W6/><G6/><T123/><D36/><U7/><E32/><V60/><F60/><W111/><G111/><T105/><D123/><U41/><E41/><V97/><F97/><W109/><G109/><T64/><D59/><U92/><E13/><V12/><F12/><W43/><G43/><T94/><REACH who="0" step="1"/><D119/><REACH who="0" ten="190,230,230,340" step="2"/><U57/><E7/><AGARI ba="0,1" hai="7,11,15,45,46,47,64,67,87,90,94,99,101,105" machi="7" ten="40,5200,0" yaku="1,1,2,1,52,1,53,0" doraHai="100" doraHaiUra="74" who="0" fromWho="1" sc="190,62,230,-52,230,0,340,0" /><INIT seed="2,0,0,1,1,132" ten="252,178,230,340" oya="2" hai0="69,42,11,115,64,88,34,53,106,90,37,10,68" hai1="12,60,61,5,16,58,41,46,7,20,9,82,94" hai2="93,52,3,85,114,130,1,66,129,19,116,77,44" hai3="74,8,97,128,28,48,109,22,107,26,0,14,127"/><V55/><F116/><W118/><G74/><T108/><D115/><U25/><E94/><V86/><F114/><W70/><G70/><T117/><D34/><U63/><E82/><V87/><F66/><W56/><G118/><T123/><D106/><U38/><REACH who="1" step="1"/><E5/><REACH who="1" ten="252,168,230,340" step="2"/><V122/><F122/><W79/><G109/><T105/><D123/><U113/><E113/><V84/><F77/><W59/><G79/><T57/><D108/><U100/><E100/><V125/><F1/><W39/><G0/><T27/><D117/><U65/><AGARI ba="0,1" hai="7,9,12,16,20,25,38,41,46,58,60,61,63,65" machi="65" ten="20,8000,1" yaku="1,1,0,1,7,1,54,1,53,1" doraHai="132" doraHaiUra="23" who="1" fromWho="1" sc="252,-20,168,90,230,-40,340,-20" /><INIT seed="3,0,0,1,3,11" ten="232,258,190,320" oya="3" hai0="117,90,88,110,115,119,31,71,61,38,95,93,100" hai1="120,114,86,125,98,50,3,32,22,63,97,70,77" hai2="68,105,10,24,108,59,4,107,128,48,66,94,102" hai3="30,54,19,15,101,25,9,69,2,35,46,62,37"/><W57/><G69/><T112/><D38/><U80/><E32/><V123/><F108/><W124/><G124/><T51/><D31/><U126/><E3/><V81/><F128/><W18/><G2/><T111/><D51/><U72/><E120/><V132/><F132/><W7/><REACH who="3" step="1"/><G101/><REACH who="3" ten="232,258,190,310" step="2"/><T45/><D100/><U14/><E70/><V20/><F68/><W127/><G127/><T104/><D71/><U103/><E103/><V34/><F102/><W134/><G134/><T67/><D110/><U44/><E125/><V1/><F1/><W65/><G65/><T58/><D111/><U79/><E126/><V99/><F66/><W0/><G0/><T106/><D104/><U116/><E116/><V133/><F133/><W118/><G118/><T40/><D106/><U21/><E114/><N who="0" m="43561" /><D117/><U5/><E98/><V122/><F99/><W49/><G49/><N who="0" m="26791" /><D119/><U60/><E97/><V56/><F48/><W17/><G17/><T52/><D67/><U33/><E63/><V55/><F105/><W84/><G84/><T39/><D39/><U113/><E60/><V76/><F107/><W87/><G87/><T13/><D61/><U6/><E113/><V36/><F36/><W64/><G64/><T27/><D58/><U8/><E50/><V42/><F59/><W74/><G74/><T129/><D129/><U109/><E109/><V96/><F123/><W43/><AGARI ba="0,1" hai="7,9,15,18,19,25,30,35,37,43,46,54,57,62" machi="43" ten="30,11700,0" yaku="1,1,0,1,52,1,53,1" doraHai="11" doraHaiUra="41" who="3" fromWho="3" sc="232,-39,258,-39,190,-39,310,127" /><INIT seed="3,1,0,5,0,128" ten="193,219,151,437" oya="3" hai0="114,52,124,27,64,85,126,109,98,54,28,71,122" hai1="125,1,123,46,31,111,102,103,90,133,135,5,58" hai2="130,26,132,96,65,63,92,78,32,8,134,75,100" hai3="25,13,7,87,40,47,42,108,99,38,95,97,60"/><W116/><G116/><T101/><D122/><U62/><E123/><V127/><F130/><W74/><G74/><T9/><D109/><U3/><E111/><V117/><F117/><W131/><G131/><T70/><D85/><U129/><E129/><V17/><F127/><N who="0" m="48682" /><D9/><U86/><E46/><V79/><F75/><W106/><G42/><T0/><D0/><N who="1" m="75" /><E31/><N who="2" m="19575" /><F8/><W110/><G60/><N who="0" m="40199" /><D71/><U6/><E6/><V24/><F17/><W34/><G7/><T121/><D114/><U19/><E19/><V77/><F24/><W59/><G34/><N who="0" m="20767" /><D121/><U39/><E5/><V23/><F23/><W56/><G25/><T49/><D49/><U2/><E2/><V84/><F84/><W118/><G118/><T11/><D11/><U16/><E16/><V55/><F55/><W83/><G110/><T29/><D29/><U107/><E39/><V45/><F45/><W41/><G47/><T69/><D69/><U15/><E15/><V30/><F30/><W33/><G13/><T14/><D14/><U35/><E35/><V48/><F48/><W43/><G33/><T37/><D37/><U113/><E113/><V82/><F82/><W50/><G38/><T80/><D80/><N who="1" m="49479" /><E125/><V57/><F79/><N who="3" m="46591" /><G108/><T51/><D51/><U20/><E20/><V61/><F61/><W53/><G50/><T36/><D36/><U104/><E62/><V115/><F115/><W44/><G44/><T66/><D66/><U22/><E22/><V88/><F88/><N who="3" m="55527" /><G53/><T67/><D67/><U21/><E21/><V119/><F119/><W12/><G12/><T76/><D76/><N who="2" m="29290" /><F65/><W18/><G18/><RYUUKYOKU ba="1,0" sc="193,10,219,-30,151,10,437,10" hai0="52,54,98,101" hai2="57,63,92,96,100,132,134" hai3="40,41,43,56,59,99,106" /><INIT seed="3,2,0,4,5,41" ten="203,189,161,447" oya="3" hai0="6,67,42,116,98,71,70,31,59,33,86,16,54" hai1="107,51,114,13,48,38,35,94,17,10,105,22,125" hai2="128,44,124,32,45,55,127,104,52,39,57,129,72" hai3="28,4,53,134,1,118,77,117,15,82,60,111,47"/><W109/><G134/><T113/><D116/><U95/><E114/><V34/><F72/><W101/><G101/><T89/><D113/><U126/><E38/><V133/><F104/><N who="1" m="40009" /><E35/><N who="2" m="13355" /><F39/><W63/><G28/><T120/><D120/><U7/><E51/><V58/><F133/><W73/><G1/><T106/><D6/><U119/><E48/><V96/><F96/><W78/><G78/><T9/><D67/><U46/><E46/><N who="2" m="18027" /><F57/><N who="3" m="34863" /><G47/><T29/><D59/><U135/><E135/><V25/><F25/><W87/><G63/><T23/><D33/><U112/><E112/><V76/><F76/><W69/><G69/><T79/><D70/><U88/><E88/><V0/><F58/><W91/><G91/><T5/><D79/><U131/><E119/><V30/><F30/><W80/><G73/><T132/><D71/><U65/><E65/><V97/><F97/><W68/><G68/><T27/><D132/><U93/><E131/><N who="2" m="50251" /><F0/><W18/><G118/><T2/><D98/><U56/><E56/><V24/><F24/><W49/><G117/><T50/><D106/><U85/><E85/><V83/><F83/><W75/><G87/><T14/><D2/><U108/><E108/><V74/><F74/><W61/><G75/><T84/><D86/><U11/><E95/><V62/><F62/><W3/><G61/><T130/><D130/><U99/><E94/><V36/><F36/><W66/><G109/><T123/><D29/><U37/><E37/><V110/><F110/><W26/><G111/><T81/><D31/><U122/><E99/><V103/><F103/><W121/><G77/><RYUUKYOKU ba="2,0" sc="203,-10,189,-10,161,30,447,-10" hai2="52,55,124,127" /><INIT seed="4,3,0,4,1,94" ten="193,179,191,437" oya="0" hai0="98,2,40,22,39,92,103,109,42,75,68,122,119" hai1="79,45,84,90,0,16,57,27,108,100,124,49,114" hai2="30,43,135,116,9,5,64,101,105,56,20,63,127" hai3="117,82,59,65,95,111,102,130,6,37,46,25,32"/><T77/><D119/><U24/><E108/><V12/><F116/><W35/><G6/><T21/><D122/><U50/><E0/><V8/><F127/><W99/><G111/><T123/><D123/><U23/><E124/><V106/><F135/><W104/><G117/><T14/><D68/><U67/><E114/><V74/><F74/><W85/><G130/><T33/><D33/><U126/><E126/><V97/><F43/><W17/><G65/><T78/><D2/><U15/><E100/><V44/><F44/><W31/><G59/><T52/><D109/><U76/><E67/><V93/><REACH who="2" step="1"/><F8/><REACH who="2" ten="193,179,181,437" step="2"/><W53/><G46/><T58/><D40/><N who="1" m="24743" /><E50/><V10/><F10/><W96/><G37/><T34/><D42/><U128/><E128/><V19/><F19/><W7/><G17/><N who="0" m="10423" /><D39/><U129/><E129/><V55/><F55/><W18/><G18/><T125/><D125/><U73/><E73/><V13/><F13/><W132/><G53/><T115/><D75/><U81/><E57/><V47/><F47/><W3/><G132/><T61/><D115/><U131/><E131/><V1/><F1/><W62/><G3/><T121/><D121/><U54/><E54/><V110/><F110/><W28/><G7/><T86/><D34/><U134/><E134/><V41/><F41/><W113/><G113/><T29/><D86/><U72/><E72/><V88/><F88/><W60/><G35/><T70/><D70/><U66/><E66/><V11/><F11/><W36/><G36/><T83/><D58/><U107/><E107/><V80/><F80/><W38/><G38/><RYUUKYOKU ba="3,1" sc="193,-15,179,15,181,15,437,-15" hai1="15,16,23,24,27,76,79,81,84,90" hai2="5,9,12,20,30,56,63,64,93,97,101,105,106" /><INIT seed="5,4,1,3,0,135" ten="178,194,196,422" oya="1" hai0="36,49,38,112,97,62,95,65,72,83,108,121,88" hai1="42,0,27,118,127,86,101,106,20,105,32,15,17" hai2="73,128,26,64,6,123,5,70,1,14,22,50,125" hai3="119,103,57,76,23,21,129,109,37,126,79,43,44"/><U117/><E0/><V31/><F73/><W30/><G109/><T25/><D108/><U111/><E42/><V66/><F123/><W107/><G129/><T71/><D121/><U131/><E111/><V134/><F1/><W80/><G119/><T68/><D71/><U124/><E131/><V35/><F70/><W55/><G30/><T98/><D112/><U93/><E32/><V39/><F39/><W85/><G79/><T75/><D49/><U53/><E53/><V51/><F128/><W110/><G110/><T132/><D132/><U10/><E106/><V46/><F51/><W8/><G8/><T12/><D25/><U99/><E86/><V81/><F5/><W78/><G78/><T45/><D12/><U67/><E67/><V13/><F13/><W2/><G2/><T87/><D97/><U90/><E105/><V58/><F58/><W82/><G82/><T115/><D115/><U102/><E117/><V41/><F134/><W61/><G126/><N who="1" m="48170" /><E118/><V54/><F125/><W89/><G107/><T28/><D75/><U94/><E94/><V34/><F81/><W29/><G80/><T4/><D72/><U69/><E69/><V100/><F35/><W113/><G43/><N who="0" m="22759" /><D38/><U24/><E24/><V77/><F34/><W33/><G85/><T18/><D87/><U96/><E96/><V114/><F114/><W11/><G55/><T40/><D83/><U3/><E3/><V116/><F54/><W59/><G33/><T47/><D40/><U63/><E63/><V60/><F60/><W48/><G61/><T52/><D62/><U9/><E27/><RYUUKYOKU ba="4,1" sc="178,-10,194,30,196,-10,422,-10" hai1="9,10,15,17,20,90,93,99,101,102" /><INIT seed="5,5,1,5,3,50" ten="168,224,186,412" oya="1" hai0="9,60,47,81,48,127,73,133,11,121,72,85,35" hai1="46,129,86,34,77,6,120,33,87,62,109,123,116" hai2="119,94,102,108,113,36,3,53,25,21,31,7,90" hai3="68,16,13,22,82,117,95,65,101,122,112,88,64"/><U20/><E116/><V23/><F108/><W105/><G122/><T106/><D106/><U118/><E118/><V93/><F119/><W57/><G117/><T15/><D121/><U5/><E109/><V97/><F36/><W92/><G68/><T44/><D35/><U59/><E129/><V54/><F113/><W18/><G105/><T42/><D127/><U24/><E34/><V111/><F111/><W84/><G112/><T100/><D100/><U103/><E33/><V43/><F43/><W128/><G128/><T126/><D126/><U130/><E130/><V69/><F69/><W75/><G75/><T107/><D107/><U89/><E103/><V8/><F21/><N who="3" m="11407" /><G101/><T27/><D133/><U115/><E115/><V19/><F31/><W131/><G131/><T29/><D60/><U78/><E46/><V58/><F58/><W51/><G51/><T17/><D44/><U4/><E120/><V66/><F66/><N who="3" m="25707" /><G57/><T135/><D135/><U74/><E74/><V14/><F3/><W98/><G98/><AGARI ba="5,1" hai="7,8,14,19,23,25,53,54,90,93,94,97,98,102" machi="98" ten="30,7700,0" yaku="7,1,8,1,52,2" doraHai="50" who="2" fromWho="3" sc="168,0,224,0,186,102,412,-92" /><INIT seed="6,0,0,1,5,59" ten="168,224,288,320" oya="2" hai0="101,21,33,133,41,95,55,60,69,135,54,108,79" hai1="0,30,10,94,114,53,34,91,13,65,2,36,63" hai2="112,11,67,42,20,73,131,88,46,76,45,38,23" hai3="127,106,120,83,1,8,78,98,58,22,84,77,48"/><V40/><F112/><W96/><G120/><T68/><D33/><U86/><E36/><V26/><F131/><W9/><G127/><T89/><D101/><U7/><E114/><V27/><F67/><W18/><G77/><T31/><D79/><U125/><E125/><V132/><F132/><N who="0" m="50762" /><D108/><U74/><E74/><V107/><F107/><W4/><G9/><T56/><D31/><U29/><E53/><V39/><F11/><W111/><G111/><T117/><D21/><U43/><E43/><V115/><F115/><W126/><G126/><T128/><D128/><U80/><E80/><V16/><F88/><W49/><G58/><N who="0" m="34903" /><D41/><U75/><E75/><V64/><F64/><W129/><G129/><T81/><D81/><U113/><E113/><V93/><F93/><W122/><G122/><T51/><D117/><U105/><E105/><V25/><F23/><W5/><G5/><T47/><D89/><U121/><E121/><V134/><REACH who="2" step="1"/><F134/><REACH who="2" ten="168,224,278,320" step="2"/><W82/><G106/><T110/><D95/><U57/><E34/><V118/><F118/><W32/><G32/><T12/><D110/><U70/><E70/><N who="0" m="27241" /><D12/><U61/><E2/><V37/><F37/><W99/><G83/><AGARI ba="0,1" hai="16,20,25,26,27,38,39,40,42,45,46,73,76,83" machi="83" ten="40,7700,0" yaku="1,1,9,1,54,1,53,0" doraHai="59" doraHaiUra="66" who="2" fromWho="3" sc="168,0,224,0,278,87,320,-77" /><INIT seed="6,1,0,2,4,4" ten="168,224,365,243" oya="2" hai0="37,135,123,38,7,67,39,21,68,109,122,91,1" hai1="30,115,5,36,112,15,53,71,14,94,108,99,106" hai2="26,25,32,78,54,47,19,84,95,9,96,13,76" hai3="45,20,57,75,105,125,80,60,134,64,73,65,59"/><V27/><F32/><W50/><G105/><T119/><D109/><U129/><E108/><V74/><F74/><W52/><G134/><T120/><D21/><U100/><E129/><V28/><F28/><W85/><G125/><T46/><D91/><U35/><E71/><V31/><F31/><W97/><G97/><T114/><D114/><N who="1" m="43563" /><E36/><V3/><F3/><W6/><G6/><T93/><D93/><U130/><E130/><V72/><F72/><W118/><G118/><T92/><D92/><U66/><E66/><V128/><F128/><W0/><G0/><T34/><D34/><U24/><E5/><V113/><F84/><W58/><G20/><T77/><D77/><U23/><E35/><V17/><F17/><W62/><G59/><T33/><D33/><U55/><E106/><V90/><F113/><W63/><G63/><N who="0" m="40063" /><D135/><U127/><E127/><V42/><REACH who="2" step="1"/><F54/><AGARI ba="1,0" hai="14,15,23,24,30,53,54,55,94,99,100" m="43563" machi="54" ten="30,1000,0" yaku="15,1" doraHai="4" who="1" fromWho="2" sc="168,0,224,13,365,-13,243,0" /><INIT seed="7,0,0,1,4,14" ten="168,237,352,243" oya="3" hai0="114,5,91,88,42,37,107,46,128,28,47,81,63" hai1="54,38,96,99,67,19,82,124,106,12,71,6,41" hai2="33,40,86,122,121,70,97,15,0,93,66,32,109" hai3="76,27,105,51,16,2,24,3,52,21,29,9,36"/><W58/><G36/><T117/><D117/><U134/><E6/><V103/><F109/><W131/><G105/><T75/><D107/><U89/><E106/><V133/><F0/><W64/><G131/><T126/><D128/><U102/><E102/><V43/><F133/><W20/><G64/><T35/><D126/><U90/><E38/><V57/><F70/><W79/><REACH who="3" step="1"/><G2/><REACH who="3" ten="168,237,352,233" step="2"/><T123/><D123/><N who="2" m="47114" /><F33/><W1/><G1/><T127/><D127/><U78/><E67/><V13/><F32/><W65/><G65/><T30/><D35/><U60/><E124/><V84/><F40/><W87/><G87/><N who="2" m="33321" /><F43/><W73/><G73/><T50/><D75/><U100/><E41/><V10/><F10/><W95/><G95/><T53/><D42/><U69/><E134/><V111/><F111/><W120/><G120/><T118/><D37/><U62/><E71/><V83/><F83/><W98/><G98/><T125/><D81/><U101/><E82/><V85/><N who="2" m="33329" /><V110/><DORA hai="132" /><F110/><W45/><G45/><T59/><D47/><U4/><E69/><V94/><F94/><W116/><G116/><T61/><D118/><U135/><E96/><V39/><F39/><W113/><G113/><T72/><D114/><U108/><E99/><V56/><F56/><W31/><G31/><N who="0" m="11819" /><D125/><U49/><E135/><V22/><F22/><W68/><G68/><T80/><D72/><U26/><E108/><V23/><F23/><W129/><G129/><T8/><D80/><U112/><E112/><V74/><F74/><W55/><G55/><T18/><D59/><U92/><E92/><RYUUKYOKU ba="0,1" sc="168,-15,237,-15,352,15,233,15" hai2="13,15,57,66,93,97,103" hai3="3,9,16,20,21,24,27,29,51,52,58,76,79" /><INIT seed="7,1,1,5,5,88" ten="153,222,367,248" oya="3" hai0="70,75,38,47,0,91,33,5,115,37,84,28,102" hai1="16,93,66,43,127,103,40,97,15,24,76,100,20" hai2="86,90,64,89,85,73,3,25,105,62,106,53,122" hai3="65,35,80,49,130,74,68,121,96,107,101,92,110"/><W87/><G121/><T42/><D38/><U26/><E127/><V61/><F3/><W118/><G118/><T135/><D135/><U104/><E76/><V56/><F73/><W32/><G130/><T63/><D102/><N who="1" m="38955" /><E104/><V114/><F114/><W30/><G110/><T36/><D115/><U27/><E66/><V12/><F122/><W99/><G74/><T55/><D36/><U123/><E123/><V81/><F25/><W129/><G129/><T77/><D55/><U125/><E125/><V51/><F12/><W131/><G131/><T119/><D119/><U4/><E4/><V29/><F29/><W116/><G116/><T23/><D23/><U31/><E31/><V48/><F62/><W59/><G68/><T67/><D28/><U52/><E52/><V79/><F48/><W46/><G30/><T134/><D134/><U95/><E95/><V83/><F79/><W112/><G112/><T94/><D33/><U39/><E39/><V54/><F54/><W22/><G22/><T8/><D77/><U117/><E117/><V126/><F126/><W108/><G32/><T13/><REACH who="0" step="1"/><D75/><REACH who="0" ten="143,222,367,248" step="2"/><U109/><E109/><V41/><F41/><N who="3" m="24783" /><G35/><T60/><D60/><U57/><E57/><AGARI ba="1,2" hai="51,53,56,57,61,64,81,83,85,86,89,90,105,106" machi="57" ten="30,2000,0" yaku="7,1,9,1" doraHai="88" who="2" fromWho="1" sc="143,0,222,-23,367,43,248,0" owari="143,-36.0,199,-20.0,410,51.0,248,5.0" /></mjloggm>