<mjloggm ver="2.3"><GO type="169" lobby="0"/><UN n0="%68%65%61%6C%74%68%79%37" n1="%E3%81%8C%E3%82%8A%E3%81%8C%E3%82%8A%E2%98%86%E3%82%AC%E3%83%AA%E3%83%BC" n2="%4A%57%49%4C%4C" n3="%E3%82%A6%E3%83%AB%E3%83%88%E3%83%A9%E7%AB%8B%E7%9B%B4" dan="17,16,16,18" rate="2177.09,2045.19,2155.85,2170.19" sx="M,M,M,M"/><TAIKYOKU oya="0"/><INIT seed="0,0,0,0,5,85" ten="250,250,250,250" oya="0" hai0="17,44,45,4,64,69,8,16,20,70,60,118,113" hai1="115,121,126,110,47,117,57,87,66,98,73,111,80" hai2="33,29,52,77,104,128,114,43,18,79,99,59,83" hai3="37,86,84,125,55,9,67,133,54,19,7,102,93"/><T109/><D113/><U32/><E32/><V65/><F114/><W63/><G37/><T123/><D118/><U53/><E115/><V61/><F128/><W14/><G125/><T38/><D123/><U122/><E73/><V88/><F43/><W129/><G133/><T12/><D109/><N who="1" m="41483" /><E98/><V108/><F108/><W124/><G124/><T101/><D70/><U71/><E126/><V103/><F18/><W51/><G129/><T27/><D38/><U40/><E80/><V36/><F36/><W68/><G86/><T72/><D72/><U26/><E26/><V81/><F29/><W39/><G39/><T119/><D119/><U97/><E97/><V76/><F33/><W131/><G131/><T90/><D101/><U100/><E87/><V78/><N who="2" m="19456" /><DORA hai="2" /><V10/><F10/><W41/><G102/><T31/><REACH who="0" step="1"/><D90/><REACH who="0" ten="240,250,250,250" step="2"/><U49/><E100/><V74/><F74/><W48/><G68/><T95/><D95/><U120/><E117/><V35/><F35/><W6/><G93/><T34/><D34/><U56/><E71/><V82/><REACH who="2" step="1"/><F88/><REACH who="2" ten="240,250,240,250" step="2"/><W13/><G84/><T28/><D28/><U96/><E122/><V21/><F21/><W5/><G9/><T23/><D23/><U112/><E112/><V11/><F11/><W105/><G105/><T24/><D24/><U50/><E96/><V127/><F127/><W92/><G92/><T15/><D15/><U30/><E30/><V134/><F134/><W132/><G14/><T130/><D130/><U22/><E22/><V62/><F62/><AGARI ba="0,2" hai="40,47,49,50,53,56,57,62,66,120,121" m="41483" machi="62" ten="30,3900,0" yaku="14,1,34,2" doraHai="85,2" who="1" fromWho="2" sc="240,0,250,59,240,-39,250,0" /><INIT seed="1,0,0,2,4,30" ten="240,309,201,250" oya="1" hai0="56,32,23,131,101,21,77,79,65,15,37,108,109" hai1="88,17,95,1,127,94,0,115,62,111,66,44,61" hai2="76,89,2,85,24,19,98,40,47,29,134,60,129" hai3="124,135,63,114,102,120,55,107,132,128,49,80,91"/><U84/><E115/><V78/><F129/><W34/><G63/><T48/><D37/><U119/><E119/><V122/><F122/><W10/><G124/><T105/><D131/><U71/><E127/><V75/><F134/><W38/><G38/><T6/><D32/><U13/><E111/><V100/><F2/><W123/><G10/><N who="0" m="4567" /><D105/><U20/><E44/><V28/><F60/><W83/><G128/><T39/><D101/><U125/><E125/><V113/><F113/><W33/><G114/><T14/><D39/><U106/><E106/><V90/><F75/><W58/><G102/><T36/><D36/><U133/><E133/><N who="3" m="51274" /><G107/><T64/><D14/><U41/><E41/><V96/><F100/><W43/><G43/><T70/><D70/><U57/><REACH who="1" step="1"/><E95/><REACH who="1" ten="240,299,201,250" step="2"/><V42/><F47/><W104/><G104/><T121/><D108/><U86/><E86/><V9/><F85/><N who="3" m="50599" /><G83/><T12/><D109/><U3/><E3/><V126/><F126/><W118/><G118/><T51/><D121/><AGARI ba="0,1" hai="33,34,49,55,58,120,121,123" m="50599,51274" machi="121" ten="30,3900,0" yaku="20,1,52,2" doraHai="30" who="3" fromWho="0" sc="240,-39,299,0,201,0,250,49" /><INIT seed="2,0,0,4,4,125" ten="201,299,201,299" oya="2" hai0="37,104,69,49,87,39,97,74,96,27,116,108,56" hai1="12,135,117,111,86,81,90,46,101,68,7,47,99" hai2="44,63,5,91,64,71,85,84,75,76,35,109,20" hai3="115,19,8,124,118,65,45,0,36,16,2,127,17"/><V38/><F35/><W126/><G118/><T66/><D108/><U51/><E117/><V72/><F109/><W119/><G119/><T80/><D74/><U133/><E68/><V18/><F5/><W121/><G121/><T40/><D27/><U61/><E61/><V48/><F38/><W24/><G115/><T34/><D34/><U94/><E111/><V110/><F76/><W106/><G106/><T62/><D104/><U114/><E114/><V57/><F110/><W102/><G102/><T103/><D103/><U6/><E47/><V130/><F71/><W88/><G65/><T89/><D37/><U1/><E1/><V50/><F50/><W59/><G59/><T92/><D80/><U93/><E93/><V13/><F85/><W43/><G24/><T128/><D128/><U122/><E122/><V15/><F15/><W32/><G32/><T134/><D134/><N who="1" m="51211" /><E12/><V82/><REACH who="2" step="1"/><F130/><REACH who="2" ten="201,299,191,299" step="2"/><W70/><G70/><T41/><D39/><U123/><E123/><V26/><F26/><W28/><G2/><T31/><D69/><U67/><E6/><V22/><F22/><W107/><G0/><T53/><D116/><U83/><E7/><V9/><F9/><W113/><G8/><T129/><D129/><U112/><E112/><V42/><AGARI ba="0,1" hai="13,18,20,42,44,48,57,63,64,72,75,82,84,91" machi="42" ten="20,3900,0" yaku="1,1,0,1,7,1,53,0" doraHai="125" doraHaiUra="23" who="2" fromWho="2" sc="201,-13,299,-13,191,49,299,-13" /><INIT seed="2,1,0,3,2,70" ten="188,286,240,286" oya="2" hai0="109,35,5,86,69,88,75,54,29,89,36,4,43" hai1="123,59,21,101,67,44,117,56,64,127,33,100,58" hai2="121,129,113,14,135,99,115,38,55,74,50,6,22" hai3="118,110,40,10,94,9,76,37,126,46,51,102,26"/><V11/><F121/><W82/><G118/><T85/><D69/><U91/><E33/><V18/><F129/><W119/><G119/><T83/><D109/><U25/><E117/><V79/><F135/><W30/><G110/><T41/><D75/><U2/><E2/><V65/><F65/><N who="1" m="25161" /><E123/><V72/><F38/><W68/><G68/><T23/><D35/><U90/><E127/><V39/><F39/><W103/><G51/><T125/><D54/><U130/><E130/><V66/><F66/><W12/><G126/><T106/><D106/><U49/><E91/><V34/><F34/><W53/><G53/><T104/><D104/><U122/><E90/><V42/><F42/><N who="0" m="15882" /><D36/><U60/><E60/><V15/><F99/><W111/><G111/><T108/><D108/><U20/><E122/><V1/><F1/><W71/><G71/><T61/><D61/><U112/><E112/><V80/><REACH who="2" step="1"/><F74/><REACH who="2" ten="188,286,230,286" step="2"/><W96/><G96/><T3/><D3/><U77/><E101/><V107/><F107/><W92/><G103/><T31/><D125/><U52/><E100/><V8/><F8/><W0/><G102/><T120/><D120/><U114/><E114/><V133/><F133/><W27/><G10/><T95/><D23/><U84/><E21/><V93/><F93/><W16/><G0/><T78/><D95/><U81/><E20/><V47/><AGARI ba="1,1" hai="6,11,14,15,18,22,47,50,55,72,79,80,113,115" machi="47" ten="20,3900,0" yaku="1,1,0,1,7,1,53,0" doraHai="70" doraHaiUra="87" who="2" fromWho="2" sc="188,-14,286,-14,230,52,286,-14" /><INIT seed="2,2,0,3,4,111" ten="174,272,282,272" oya="2" hai0="102,114,83,60,68,110,3,76,118,11,122,5,113" hai1="82,47,119,64,70,134,23,59,19,41,42,16,36" hai2="32,51,73,15,130,4,57,33,31,84,30,49,133" hai3="66,65,34,106,26,2,8,22,6,121,88,124,67"/><V54/><F73/><W37/><G106/><T9/><D122/><U109/><E119/><V132/><F130/><W18/><G37/><T90/><D110/><U44/><E109/><V125/><F125/><W56/><G124/><T91/><D118/><U72/><E70/><V117/><F117/><W98/><G121/><T100/><D9/><U108/><E108/><V85/><F15/><W103/><G34/><T126/><D126/><U78/><E134/><V20/><F20/><W94/><REACH who="3" step="1"/><G56/><REACH who="3" ten="174,272,282,262" step="2"/><T53/><D68/><U63/><REACH who="1" step="1"/><E23/><REACH who="1" ten="174,262,282,262" step="2"/><V17/><F33/><W86/><G86/><N who="0" m="48487" /><D11/><U87/><E87/><V13/><F32/><W50/><G50/><AGARI ba="2,2" hai="16,19,36,41,42,44,47,50,59,63,64,72,78,82" machi="50" ten="30,7700,0" yaku="1,1,7,1,54,1,53,1" doraHai="111" doraHaiUra="55" who="1" fromWho="3" sc="174,0,262,103,282,0,262,-83" /><INIT seed="3,0,0,3,4,96" ten="174,365,282,179" oya="3" hai0="90,135,71,55,134,113,53,104,69,62,54,50,95" hai1="17,49,86,7,18,120,83,101,128,5,127,23,36" hai2="85,21,57,108,28,133,60,91,24,98,32,6,66" hai3="34,76,29,9,131,81,132,61,52,124,31,10,72"/><W12/><G124/><T87/><D113/><U73/><E36/><V70/><F108/><W88/><G131/><T97/><D50/><U99/><E73/><V35/><F133/><N who="0" m="50698" /><D62/><U13/><E120/><V19/><F6/><W107/><G107/><T75/><D75/><U74/><E74/><V48/><F98/><W112/><G112/><T79/><D79/><N who="1" m="46463" /><E127/><V4/><F4/><W119/><G119/><T89/><D104/><U1/><E1/><V14/><F48/><W8/><G132/><T16/><D16/><U77/><E77/><V63/><F35/><W38/><G38/><T41/><D41/><U64/><E64/><V25/><F25/><W11/><G88/><T130/><D130/><U65/><E65/><V30/><F30/><W116/><G116/><T2/><D2/><U58/><E18/><V123/><F123/><W92/><G92/><AGARI ba="0,0" hai="53,54,55,69,71,87,89,90,92,95,97" m="50698" machi="92" ten="30,1000,0" yaku="20,1" doraHai="96" who="0" fromWho="3" sc="174,10,365,0,282,0,179,-10" /><INIT seed="4,0,0,3,1,4" ten="184,365,282,169" oya="0" hai0="31,132,13,93,119,90,96,59,12,110,8,85,24" hai1="63,14,125,7,20,22,130,128,15,66,39,88,120" hai2="23,42,78,86,46,25,109,107,73,104,99,121,51" hai3="71,28,55,29,76,81,32,72,124,30,106,16,10"/><T103/><D119/><U91/><E39/><V44/><F109/><W95/><G106/><T52/><D132/><U123/><E63/><V135/><F121/><W33/><G124/><T5/><D110/><U79/><E79/><V133/><F73/><W18/><G71/><T74/><D74/><U64/><REACH who="1" step="1"/><E7/><REACH who="1" ten="184,355,282,169" step="2"/><V65/><F78/><W94/><G33/><T47/><D47/><U0/><E0/><V54/><F46/><W92/><G32/><T38/><D38/><U48/><E48/><V17/><F44/><W122/><G122/><T127/><D127/><AGARI ba="0,1" hai="14,15,20,22,64,66,88,91,120,123,125,127,128,130" machi="127" ten="25,6400,0" yaku="1,1,22,2,54,1,53,0" doraHai="4" doraHaiUra="114" who="1" fromWho="0" sc="184,-64,355,74,282,0,169,0" /><INIT seed="5,0,0,0,2,97" ten="120,429,282,169" oya="1" hai0="43,112,57,91,95,3,53,45,114,102,99,16,92" hai1="33,119,113,111,50,65,69,79,128,30,8,103,76" hai2="84,85,109,108,88,38,19,2,25,32,7,24,14" hai3="20,81,75,48,125,126,121,82,22,6,77,120,29"/><U98/><E119/><V31/><F38/><W86/><G6/><T26/><D3/><U80/><E113/><V51/><F25/><W123/><G48/><T49/><D26/><U78/><E30/><V54/><F85/><W17/><G29/><T40/><D16/><U11/><E33/><V41/><F41/><W93/><G93/><T127/><D127/><N who="3" m="48649" /><G17/><T124/><D124/><U10/><E50/><V28/><F28/><W96/><G96/><T13/><D13/><U115/><E115/><V60/><F60/><W129/><G129/><T18/><D18/><U105/><E128/><V131/><F131/><W132/><G132/><T46/><D43/><U64/><E98/><V66/><F66/><W21/><G21/><T47/><REACH who="0" step="1"/><D40/><REACH who="0" ten="110,429,282,169" step="2"/><U83/><E11/><V87/><F2/><W55/><G55/><T42/><D42/><U73/><E10/><V74/><F7/><W39/><G39/><T122/><D122/><U94/><E8/><V12/><F12/><W34/><G34/><T36/><D36/><U52/><E52/><V68/><F14/><W117/><G117/><T101/><D101/><U70/><E103/><V118/><F19/><W90/><AGARI ba="0,1" hai="20,22,75,77,81,82,86,90,120,121,123" m="48649" machi="90" ten="40,1500,0" yaku="18,1" doraHai="97" who="3" fromWho="3" sc="110,-4,429,-7,282,-4,169,25" /><INIT seed="6,0,0,2,2,119" ten="106,422,278,194" oya="2" hai0="2,74,4,98,135,50,88,61,78,22,93,131,18" hai1="16,27,19,109,108,6,60,37,125,67,14,29,8" hai2="20,35,38,65,12,48,51,112,11,127,13,132,7" hai3="36,120,69,53,59,128,100,39,121,34,91,72,66"/><V56/><F112/><W24/><G72/><T32/><D131/><U77/><E37/><V30/><F132/><W99/><G91/><T31/><D135/><U82/><E125/><V81/><F127/><W116/><G53/><T33/><D61/><U46/><E46/><V73/><F38/><W89/><G59/><T106/><D106/><U129/><E129/><V52/><F65/><W68/><G89/><T25/><D50/><U87/><E19/><V70/><F70/><W79/><G79/><T133/><D133/><U95/><E95/><V5/><F35/><W104/><G116/><T71/><D71/><N who="3" m="27209" /><G66/><T97/><D97/><U126/><E6/><V124/><F124/><W113/><G113/><T122/><D122/><N who="3" m="47209" /><G128/><T103/><D103/><U107/><E126/><V41/><F73/><W83/><G83/><T45/><D45/><U115/><E115/><V64/><F64/><W44/><G44/><T49/><D49/><U47/><E47/><V90/><F41/><W85/><G85/><T134/><D134/><U92/><E67/><V0/><F51/><W58/><G58/><T123/><D123/><U55/><E55/><V111/><F90/><W9/><G9/><T10/><REACH who="0" step="1"/><D31/><AGARI ba="0,0" hai="24,31,34,36,39,99,100,104" m="47209,27209" machi="31" ten="30,7700,0" yaku="23,1,52,3" doraHai="119" who="3" fromWho="0" sc="106,-77,422,0,278,0,194,77" /><INIT seed="7,0,0,2,1,111" ten="29,422,278,271" oya="3" hai0="38,81,33,16,105,11,92,15,65,80,75,112,135" hai1="102,130,129,60,109,53,30,82,10,114,104,1,68" hai2="116,45,101,5,88,103,76,3,119,123,79,31,26" hai3="83,17,120,24,7,85,62,9,4,89,27,21,34"/><W13/><G120/><T128/><D33/><U90/><E109/><V19/><F19/><W94/><G34/><T107/><D65/><U69/><E30/><V118/><F123/><W113/><G113/><T70/><D70/><U54/><E114/><V37/><F5/><W41/><G41/><T0/><D38/><U8/><E90/><V50/><F3/><W20/><G62/><T78/><D128/><U93/><E93/><V98/><F37/><W132/><G132/><T117/><D117/><U22/><E22/><V23/><F88/><W100/><G4/><T40/><D40/><U86/><E86/><V63/><F63/><W115/><G115/><T64/><D64/><U99/><E82/><V71/><F71/><N who="1" m="27209" /><E1/><V73/><F73/><W125/><G125/><T42/><D42/><U52/><E60/><V72/><F72/><W124/><G124/><T6/><D135/><U46/><E46/><V127/><F127/><W122/><G122/><T134/><D134/><U47/><E47/><V29/><F29/><W43/><G43/><T61/><D61/><U131/><AGARI ba="0,0" hai="8,10,52,53,54,99,102,104,129,130,131" m="27209" machi="131" ten="40,2700,0" yaku="19,1,54,1" doraHai="111" who="1" fromWho="1" sc="29,-7,422,27,278,-7,271,-13" owari="22,-48.0,449,55.0,271,7.0,258,-14.0" /></mjloggm>