<mjloggm ver="2.3"><GO type="169" lobby="0"/><UN n0="%E3%82%A6%E3%83%AB%E3%83%88%E3%83%A9%E7%AB%8B%E7%9B%B4" n1="%E3%81%9B%E3%81%95%E3%81%BF%E3%82%93%E2%99%AA" n2="%E6%96%91%E7%9B%AE%56" n3="%E2%80%A0%41%71%75%61%E2%80%A0" dan="18,17,16,16" rate="2212.13,2147.73,2131.95,2130.45" sx="M,F,M,M"/><TAIKYOKU oya="0"/><INIT seed="0,0,0,2,2,36" ten="250,250,250,250" oya="0" hai0="33,22,113,76,78,66,6,125,47,131,24,87,104" hai1="74,106,127,48,94,93,19,18,58,83,42,37,114" hai2="122,44,128,15,117,61,38,88,7,73,84,9,35" hai3="54,89,92,13,53,40,41,68,17,97,95,90,126"/><T26/><D104/><U4/><E106/><V56/><F73/><W100/><G68/><T65/><D33/><U12/><E127/><V5/><F35/><W8/><G126/><T0/><D0/><U134/><E134/><V119/><F5/><W132/><G132/><T3/><D3/><U115/><E37/><V109/><F128/><W27/><G27/><T72/><D72/><U23/><E4/><V55/><F109/><W59/><G100/><T46/><D6/><U102/><E83/><V133/><F122/><W71/><G71/><T45/><D125/><U60/><E74/><V111/><F133/><W82/><G82/><T63/><D131/><U130/><E130/><V51/><F38/><W28/><G28/><T123/><D123/><U75/><E75/><V16/><F7/><W112/><G112/><N who="1" m="43050" /><E19/><V2/><F2/><W70/><G70/><T81/><D113/><U105/><E105/><V110/><F119/><W57/><G57/><N who="0" m="37103" /><D66/><N who="1" m="39191" /><E102/><V20/><F117/><W86/><G54/><T118/><D118/><U64/><E64/><V32/><F32/><W52/><G53/><T77/><D24/><U14/><E14/><V124/><F20/><W69/><G69/><T120/><D120/><U121/><E121/><V34/><F34/><W21/><G8/><T107/><D107/><U50/><E94/><V129/><F124/><W85/><G97/><T29/><AGARI ba="0,0" hai="22,26,29,45,46,47,76,77,78,81,87" m="37103" machi="29" ten="30,1500,0" yaku="8,1" doraHai="36" who="0" fromWho="0" sc="250,15,250,-5,250,-5,250,-5" /><INIT seed="0,1,0,5,3,44" ten="265,245,245,245" oya="0" hai0="110,40,38,120,34,7,9,70,88,90,5,119,18" hai1="93,92,126,123,14,27,124,129,101,114,56,20,71" hai2="52,91,89,111,6,37,19,0,86,25,85,13,50" hai3="48,46,76,79,1,16,32,55,15,58,104,108,39"/><T10/><D70/><U30/><E123/><V29/><F37/><W127/><G1/><T4/><D120/><U116/><E116/><V51/><F0/><W60/><G108/><T109/><D119/><U75/><E71/><V54/><F6/><W122/><G122/><T103/><D34/><U62/><E129/><V8/><F111/><N who="0" m="42506" /><D103/><U82/><E114/><V35/><F85/><W28/><G39/><T66/><D66/><N who="1" m="39239" /><E14/><V68/><F86/><W2/><G2/><T26/><D40/><U65/><E65/><V45/><F68/><W41/><G104/><T98/><D38/><U112/><E112/><V133/><F133/><W130/><G127/><N who="1" m="48682" /><E101/><V11/><F8/><N who="0" m="3178" /><D98/><U23/><E23/><AGARI ba="1,0" hai="4,5,7,18,23,26,88,90" m="3178,42506" machi="23" ten="40,7700,0" yaku="14,1,10,1,54,1" doraHai="44" who="0" fromWho="1" sc="265,80,245,-80,245,0,245,0" /><INIT seed="0,2,0,1,5,95" ten="345,165,245,245" oya="0" hai0="93,131,2,109,75,99,62,98,72,87,53,122,45" hai1="116,9,20,92,103,40,73,91,58,48,41,96,54" hai2="56,114,123,121,33,49,23,84,102,3,19,80,70" hai3="115,29,55,118,111,117,32,4,78,133,36,127,97"/><T128/><D2/><U7/><E116/><V26/><F70/><W51/><G36/><T42/><D122/><U85/><E73/><V43/><F3/><W120/><G115/><T76/><D75/><U6/><E6/><V77/><F33/><W100/><G120/><T16/><D72/><U64/><E64/><V101/><F114/><W18/><G4/><T134/><D134/><U10/><E10/><V69/><F69/><W106/><G133/><T60/><D109/><U104/><REACH who="1" step="1"/><E20/><REACH who="1" ten="345,155,245,245" step="2"/><V132/><F132/><W61/><G118/><T59/><D131/><U38/><E38/><V31/><F23/><W25/><G117/><T24/><D128/><U57/><E57/><V39/><F39/><W22/><G111/><T52/><D59/><U135/><E135/><V67/><F67/><W71/><G71/><T8/><D8/><U28/><E28/><V21/><F31/><W112/><G112/><T129/><D129/><U0/><AGARI ba="2,1" hai="0,7,9,40,41,48,54,58,85,91,92,96,103,104" machi="0" ten="20,8000,1" yaku="1,1,0,1,7,1,52,1,53,1" doraHai="95" doraHaiUra="47" who="1" fromWho="1" sc="345,-42,155,96,245,-22,245,-22" /><INIT seed="1,0,0,3,4,64" ten="303,251,223,223" oya="1" hai0="40,68,67,112,0,24,81,122,20,26,79,93,74" hai1="38,75,47,78,128,76,108,134,91,100,3,102,114" hai2="23,97,85,69,49,27,28,124,19,117,35,103,1" hai3="29,87,105,53,66,70,133,7,44,60,88,90,18"/><U118/><E114/><V57/><F85/><W51/><G133/><T127/><D0/><U50/><E38/><V14/><F124/><W94/><G105/><T115/><D40/><U55/><E3/><V65/><F117/><W130/><G130/><T107/><D107/><U111/><E118/><V120/><F120/><W123/><G123/><T22/><D122/><U43/><E128/><V15/><F15/><W21/><G7/><T109/><D93/><U8/><E134/><V34/><F1/><W41/><G29/><T2/><D2/><U36/><E91/><V5/><F5/><W58/><G90/><T32/><D32/><U83/><E76/><V25/><F25/><W98/><G87/><T131/><D131/><U37/><E8/><V6/><F6/><W13/><REACH who="3" step="1"/><G41/><REACH who="3" ten="303,251,223,213" step="2"/><T125/><D125/><U89/><E89/><V129/><F129/><W71/><AGARI ba="0,1" hai="13,18,21,44,51,53,58,60,66,70,71,88,94,98" machi="71" ten="30,12000,2" yaku="1,1,2,1,0,1,52,2,54,1,53,1" doraHai="64" doraHaiUra="17" who="3" fromWho="3" sc="303,-30,251,-60,223,-30,213,130" /><INIT seed="2,0,0,1,4,126" ten="273,191,193,343" oya="2" hai0="10,104,116,95,30,94,53,71,98,79,7,118,5" hai1="130,125,128,63,62,12,135,41,54,82,23,14,117" hai2="25,4,32,67,22,20,56,112,34,33,59,123,51" hai3="133,13,124,78,16,1,132,131,43,110,49,44,107"/><V37/><F37/><W134/><G1/><T21/><D71/><U96/><E135/><V68/><F4/><W65/><G124/><T99/><D79/><U2/><E117/><V69/><F51/><W86/><G107/><T50/><D104/><U106/><E125/><V3/><F3/><W9/><G110/><T0/><D21/><U31/><E2/><V64/><F25/><W109/><G109/><T45/><D30/><U38/><E82/><V80/><F80/><N who="3" m="47383" /><G65/><N who="2" m="25161" /><F123/><W74/><G74/><T70/><D7/><U105/><E41/><V29/><F29/><W92/><G92/><N who="0" m="35371" /><D70/><N who="2" m="27242" /><F112/><W77/><G77/><T40/><D40/><U24/><E38/><V103/><F103/><W6/><G6/><T11/><D11/><U46/><E105/><V111/><F111/><W57/><G57/><AGARI ba="0,0" hai="20,22,32,33,34,56,57,59" m="27242,25161" machi="57" ten="40,3900,0" yaku="28,2" doraHai="126" who="2" fromWho="3" sc="273,0,191,0,193,39,343,-39" /><INIT seed="2,1,0,3,3,37" ten="273,191,232,304" oya="2" hai0="95,72,115,135,131,105,25,54,16,21,134,60,52" hai1="57,6,23,39,41,51,112,74,90,106,32,78,19" hai2="76,10,79,17,73,31,70,96,28,66,71,7,9" hai3="102,3,120,130,46,45,86,61,0,48,14,84,100"/><V58/><F73/><W63/><G14/><T107/><D72/><U87/><E106/><N who="0" m="40457" /><D115/><U22/><E32/><V126/><F17/><W68/><G48/><T109/><D60/><U101/><E112/><V4/><F58/><W65/><G65/><T42/><D95/><U111/><E111/><V47/><F47/><W123/><REACH who="3" step="1"/><G68/><REACH who="3" ten="273,191,232,294" step="2"/><T53/><D109/><U36/><E36/><V113/><F66/><W44/><G44/><T129/><D42/><U29/><E39/><V93/><F113/><W2/><G2/><T116/><D116/><U43/><E51/><V103/><F70/><W56/><G56/><T33/><D33/><U1/><E57/><V8/><F71/><W49/><G49/><T82/><D82/><U92/><E41/><V97/><F4/><W118/><G118/><T132/><AGARI ba="1,1" hai="16,21,25,52,53,54,129,131,132,134,135" m="40457" machi="132" ten="40,5200,0" yaku="20,1,54,2" doraHai="37" who="0" fromWho="0" sc="273,65,191,-14,232,-27,294,-14" /><INIT seed="3,0,0,4,1,47" ten="338,177,205,280" oya="3" hai0="45,123,46,52,68,127,51,35,37,100,48,15,99" hai1="6,132,11,116,54,110,8,118,59,80,108,65,78" hai2="91,79,102,60,133,27,86,16,93,3,105,124,38" hai3="98,36,111,103,20,40,66,61,18,106,85,5,26"/><W43/><G111/><N who="1" m="42538" /><E65/><V131/><F3/><W126/><G126/><T75/><D75/><N who="1" m="43103" /><E132/><V49/><F38/><W112/><G112/><T39/><D35/><U87/><E87/><V96/><F79/><W107/><G36/><T63/><D15/><U64/><E64/><V70/><F131/><W28/><G107/><T42/><D127/><U119/><E6/><V129/><F70/><W25/><G5/><T69/><D123/><U34/><E34/><V53/><F60/><AGARI ba="0,0" hai="8,11,54,59,60,116,118,119" m="43103,42538" machi="60" ten="40,2600,0" yaku="12,1,14,1" doraHai="47" who="1" fromWho="2" sc="338,0,177,26,205,-26,280,0" /><INIT seed="4,0,0,1,4,95" ten="338,203,179,280" oya="0" hai0="99,73,103,122,93,20,9,70,39,23,45,63,12" hai1="16,7,64,116,115,68,38,5,102,81,31,112,52" hai2="11,32,91,88,101,62,130,19,37,133,18,92,72" hai3="131,56,111,44,125,28,100,83,85,121,79,105,74"/><T3/><D73/><U76/><E116/><V129/><F32/><W67/><G111/><T78/><D3/><U22/><E31/><V35/><F35/><W113/><G113/><N who="1" m="43594" /><E38/><V29/><F29/><W51/><G125/><T17/><D78/><U43/><E43/><V96/><F72/><W86/><G131/><N who="2" m="50185" /><F37/><W65/><G28/><T135/><D135/><U123/><E123/><V127/><F133/><W82/><G121/><T132/><D132/><U134/><E134/><V80/><F127/><W53/><G74/><T10/><D70/><U50/><E64/><V60/><F80/><W128/><G128/><T61/><D39/><U34/><E102/><V46/><F46/><W104/><G44/><T107/><D45/><N who="1" m="27727" /><E34/><V14/><F18/><W84/><G84/><T69/><D122/><U36/><E36/><V49/><F49/><W30/><G30/><T75/><D75/><N who="1" m="43167" /><E68/><V66/><F60/><W119/><G119/><T8/><D69/><AGARI ba="0,0" hai="11,14,19,62,66,69,88,91,92,96,101" m="50185" machi="69" ten="30,3900,0" yaku="19,1,52,1,54,1" doraHai="95" who="2" fromWho="0" sc="338,-39,203,0,179,39,280,0" /><INIT seed="5,0,0,2,4,30" ten="299,203,218,280" oya="1" hai0="1,17,4,124,59,22,18,72,119,80,132,114,6" hai1="23,94,33,53,135,118,37,78,7,25,69,109,19" hai2="82,76,45,47,14,28,56,44,93,101,3,103,38" hai3="8,5,57,16,11,66,55,42,117,34,102,31,46"/><U106/><E118/><V58/><F38/><W131/><G66/><T61/><D119/><U51/><E109/><V88/><F3/><W123/><G123/><T35/><D35/><U89/><E135/><V36/><F36/><W99/><G117/><T104/><D104/><U79/><E106/><V65/><F14/><W64/><G64/><T122/><D1/><U9/><E37/><V112/><F112/><W2/><G131/><T125/><D18/><U95/><E69/><V107/><F28/><W32/><G31/><T40/><D40/><U108/><E95/><V120/><F120/><W26/><G11/><T71/><D71/><U105/><E105/><V83/><F83/><W15/><G2/><T97/><D97/><U13/><E108/><V39/><F39/><W75/><G75/><T54/><D114/><U21/><E33/><V121/><F121/><W87/><G87/><T92/><D92/><U128/><E23/><V134/><F134/><W113/><G113/><T100/><D100/><U0/><E0/><V52/><F58/><W129/><G46/><T49/><D61/><U86/><REACH who="1" step="1"/><E128/><REACH who="1" ten="299,193,218,280" step="2"/><V10/><F107/><N who="3" m="63967" /><G129/><T116/><D116/><U73/><E73/><V110/><F110/><W91/><G34/><T43/><D72/><U63/><E63/><V20/><F20/><N who="3" m="13575" /><G32/><T62/><D132/><U27/><E27/><V74/><F74/><W90/><G15/><T127/><D122/><U60/><E60/><V126/><F93/><W96/><G8/><T24/><D80/><U81/><E81/><V133/><F10/><W29/><G96/><T77/><D62/><RYUUKYOKU ba="0,1" sc="299,-10,193,30,218,-10,280,-10" hai1="7,9,13,19,21,25,51,53,78,79,86,89,94" /><INIT seed="5,1,1,4,3,123" ten="289,223,208,270" oya="1" hai0="39,79,58,30,116,1,88,21,106,33,18,96,101" hai1="91,35,44,72,8,38,46,54,74,6,12,85,62" hai2="9,48,65,52,94,128,86,135,29,68,122,103,27" hai3="43,25,73,104,41,17,56,55,129,92,113,110,108"/><U37/><E35/><V31/><F31/><W78/><G104/><T59/><D39/><U11/><E72/><V23/><F135/><W107/><G107/><T82/><D1/><U71/><E74/><V63/><F128/><W53/><G129/><T16/><D33/><U20/><E11/><V124/><F124/><W130/><G130/><T95/><D30/><U47/><E20/><V131/><F131/><W32/><G113/><T118/><D59/><U126/><E126/><V77/><F122/><W87/><G73/><N who="0" m="43375" /><D58/><U121/><E121/><V13/><F77/><W50/><G55/><T115/><D18/><U61/><E71/><V80/><F80/><W66/><G66/><T69/><D69/><U26/><E26/><V22/><F103/><W42/><G32/><T0/><D0/><U7/><E7/><V4/><F94/><W60/><G60/><N who="1" m="23146" /><E38/><V64/><F86/><W75/><G75/><T112/><D21/><U19/><E37/><V45/><REACH who="2" step="1"/><F65/><REACH who="2" ten="289,223,198,270" step="2"/><W93/><G78/><T99/><D16/><U49/><E19/><V114/><F114/><AGARI ba="1,2" hai="88,95,96,99,101,106,112,114,115,116,118" m="43375" machi="114" ten="30,7700,0" yaku="15,1,34,2,54,1" doraHai="123" who="0" fromWho="2" sc="289,100,223,0,198,-80,270,0" /><INIT seed="6,0,0,4,4,98" ten="389,223,118,270" oya="2" hai0="110,6,114,14,37,77,34,44,122,51,126,97,113" hai1="63,58,83,135,100,86,41,27,69,115,102,54,1" hai2="23,31,116,39,75,66,79,3,130,15,76,105,59" hai3="47,134,94,52,109,80,36,24,132,67,85,8,99"/><V26/><F3/><W128/><G109/><T11/><D34/><U28/><E115/><V13/><F39/><W29/><G67/><T65/><D37/><U96/><E135/><N who="3" m="51754" /><G8/><T101/><D65/><U121/><E1/><V127/><F75/><W112/><G128/><T20/><D20/><U123/><E41/><V50/><F105/><W32/><G112/><T46/><D46/><U82/><E69/><V45/><F127/><W92/><G99/><T55/><D122/><N who="1" m="46603" /><E96/><V53/><F116/><W19/><G19/><T73/><D110/><U56/><E56/><V89/><F89/><N who="3" m="51367" /><G52/><T84/><D55/><U30/><E83/><V12/><REACH who="2" step="1"/><F130/><REACH who="2" ten="389,223,108,270" step="2"/><W38/><G36/><T64/><D73/><U16/><E30/><V49/><F49/><W120/><G120/><T57/><D51/><U9/><E28/><V119/><F119/><W103/><G38/><T71/><D126/><U10/><E82/><V88/><F88/><W108/><G108/><T90/><D90/><U106/><E106/><V104/><F104/><W118/><G118/><T68/><D114/><U61/><E61/><AGARI ba="0,1" hai="12,13,15,23,26,31,45,50,53,59,61,66,76,79" machi="61" ten="40,3900,0" yaku="1,1,8,1,53,0" doraHai="98" doraHaiUra="0" who="2" fromWho="1" sc="389,0,223,-39,108,49,270,0" /><INIT seed="6,1,0,2,0,18" ten="389,184,157,270" oya="2" hai0="24,66,43,65,70,117,68,95,17,35,37,34,31" hai1="127,14,115,85,113,56,81,29,107,30,39,79,63" hai2="120,121,116,4,82,7,135,8,54,27,12,98,36" hai3="111,44,58,128,69,26,93,123,86,61,46,110,88"/><V94/><F36/><W133/><G123/><T109/><D17/><U21/><E127/><V119/><F4/><W72/><G69/><T80/><D95/><U126/><E107/><V122/><F135/><W103/><G133/><T62/><D80/><U23/><E39/><V78/><F54/><W51/><G72/><T53/><D53/><N who="1" m="34191" /><E126/><V9/><F8/><W124/><G124/><T130/><D130/><U131/><E131/><V47/><F47/><W38/><G38/><T91/><D91/><U13/><E115/><V60/><F60/><W104/><G128/><T132/><D24/><N who="1" m="16527" /><E113/><V10/><F10/><W92/><G104/><T125/><D62/><U100/><E100/><V112/><F112/><W102/><G102/><T19/><D43/><U89/><E89/><V2/><F2/><W99/><G26/><AGARI ba="1,0" hai="13,14,23,26,30,79,81,85" m="16527,34191" machi="26" ten="30,3900,0" yaku="8,1,52,2" doraHai="18" who="1" fromWho="3" sc="389,0,184,42,157,0,270,-42" /><INIT seed="7,0,0,3,2,106" ten="389,226,157,228" oya="3" hai0="47,109,91,110,22,77,99,30,121,126,16,83,24" hai1="113,123,112,116,19,6,135,64,93,59,130,57,1" hai2="5,117,94,7,44,92,42,52,0,76,29,125,114" hai3="131,69,10,127,89,97,66,17,3,70,111,8,48"/><W84/><G127/><T34/><D121/><U68/><E123/><V55/><F0/><W74/><G74/><T36/><D126/><U11/><E135/><V31/><F76/><W26/><G131/><T28/><D28/><U119/><E130/><V41/><F125/><W4/><G97/><T73/><D36/><U124/><E124/><V72/><F44/><W78/><G78/><T86/><D47/><U128/><E128/><V87/><F87/><W38/><G38/><T12/><D99/><U56/><E19/><V45/><F45/><W27/><G48/><T49/><D49/><U51/><E93/><AGARI ba="0,0" hai="12,16,22,24,30,34,73,77,83,86,91,93,109,110" machi="93" ten="30,3900,0" yaku="7,1,52,1,54,1" doraHai="106" who="0" fromWho="1" sc="389,39,226,-39,157,0,228,0" owari="428,52.0,187,-21.0,157,-34.0,228,3.0" /></mjloggm>