<mjloggm ver="2.3"><GO type="225" lobby="0"/><UN n0="%73%40%73%61%74%61%6B%65" n1="%E3%82%A6%E3%83%AB%E3%83%88%E3%83%A9%E7%AB%8B%E7%9B%B4" n2="%65%69%6B%31" n3="%E4%BC%8A%E8%A3%8F%E9%87%8E%E5%8A%A0%E5%A5%88" dan="17,17,18,16" rate="2191.35,2096.01,2126.60,2064.65" sx="M,M,M,F"/><TAIKYOKU oya="0"/><INIT seed="0,0,0,3,5,71" ten="250,250,250,250" oya="0" hai0="109,89,41,51,85,104,108,93,94,127,96,15,36" hai1="28,33,62,117,67,5,91,12,87,54,90,73,10" hai2="70,131,17,32,48,119,114,0,111,98,18,95,6" hai3="82,55,135,20,130,83,128,29,1,79,134,80,75"/><T102/><D127/><U30/><E73/><V38/><F114/><W34/><G34/><T49/><D15/><U40/><E117/><V74/><F74/><W101/><G1/><T64/><D64/><U126/><E126/><V46/><F70/><W77/><G55/><T81/><D49/><U59/><E33/><V123/><F123/><W25/><G101/><T2/><D2/><U122/><E122/><V120/><F120/><W116/><G116/><T50/><D51/><U92/><E40/><V125/><F125/><W24/><G24/><T57/><D57/><U68/><REACH who="1" step="1"/><E91/><REACH who="1" ten="250,240,250,250" step="2"/><V52/><F32/><W113/><G113/><T58/><D108/><U129/><E129/><N who="3" m="49770" /><G75/><T7/><D109/><U115/><E115/><V103/><F111/><W69/><G69/><T112/><D112/><U100/><E100/><V66/><F119/><W44/><G79/><T9/><D102/><U43/><E43/><V60/><F131/><W21/><G77/><T22/><D41/><U132/><E132/><V14/><F103/><W110/><G110/><T27/><D89/><U42/><E42/><V97/><F66/><W118/><G118/><T3/><D58/><U121/><E121/><V124/><F124/><W19/><G44/><T11/><D104/><U4/><E4/><V105/><F6/><W106/><G106/><T78/><D7/><U88/><E88/><V63/><F46/><W16/><G20/><T23/><D22/><U53/><E53/><V86/><F52/><W76/><G76/><T8/><D78/><U65/><E65/><V84/><F105/><W99/><G99/><RYUUKYOKU ba="0,1" sc="250,-15,240,15,250,-15,250,15" hai1="5,10,12,28,30,54,59,62,67,68,87,90,92" hai3="16,19,21,25,29,80,82,83,134,135" /><INIT seed="1,1,1,5,3,23" ten="235,255,235,265" oya="1" hai0="123,114,89,5,105,83,37,109,47,81,91,60,22" hai1="44,14,16,102,108,101,1,92,122,133,50,118,130" hai2="52,15,98,61,57,39,41,20,113,72,68,0,58" hai3="42,107,134,86,128,54,26,48,96,21,110,33,67"/><U82/><E1/><V78/><F68/><W104/><G33/><T40/><D114/><U77/><E118/><V94/><F0/><W7/><G110/><T38/><D105/><U100/><E122/><V125/><F113/><W62/><G128/><T97/><D123/><U112/><E112/><V103/><F125/><W45/><G134/><T95/><D109/><U35/><E35/><V135/><F135/><W27/><G7/><T13/><D38/><U129/><E133/><V36/><F41/><W117/><G117/><T70/><D91/><U11/><E108/><V74/><F78/><W51/><G86/><T66/><REACH who="0" step="1"/><D22/><REACH who="0" ten="225,255,235,265" step="2"/><U30/><E130/><V31/><F39/><W71/><G21/><T76/><D76/><U116/><E129/><V99/><F36/><W90/><G107/><T12/><D12/><U87/><E116/><V106/><F15/><W88/><G90/><T8/><AGARI ba="1,2" hai="5,8,13,37,40,47,60,66,70,81,83,89,95,97" machi="8" ten="30,4000,0" yaku="1,1,0,1,53,1" doraHai="23" doraHaiUra="6" who="0" fromWho="0" sc="225,63,255,-21,235,-11,265,-11" /><INIT seed="2,0,0,5,4,111" ten="288,234,224,254" oya="2" hai0="77,113,106,98,30,36,10,37,76,84,63,125,15" hai1="70,57,68,79,122,85,5,23,87,31,91,14,39" hai2="123,6,27,83,49,74,93,33,109,127,110,120,35" hai3="135,62,16,58,19,25,134,3,48,131,90,78,59"/><V50/><F6/><W4/><G131/><T71/><D125/><U81/><E39/><V42/><F127/><W102/><G102/><T114/><D30/><U66/><E122/><N who="2" m="46635" /><F93/><W126/><G126/><T97/><D106/><U105/><E105/><V41/><F83/><W1/><G78/><T64/><D84/><U8/><E31/><V28/><F74/><W47/><G90/><T103/><D103/><U52/><E23/><V96/><F96/><W34/><G59/><T22/><D22/><U11/><E11/><V115/><F115/><W29/><G4/><T95/><D95/><U117/><E117/><V116/><F116/><W46/><G46/><T54/><D54/><U26/><E26/><V101/><F101/><W18/><G1/><T118/><D118/><U80/><REACH who="1" step="1"/><E66/><REACH who="1" ten="288,224,224,254" step="2"/><V124/><F124/><W108/><G25/><T112/><D10/><U44/><E44/><V61/><F33/><W51/><G34/><T130/><D37/><U17/><E17/><V92/><F110/><W38/><G108/><T75/><D36/><U24/><E24/><V69/><F109/><W43/><G29/><T133/><D114/><U45/><E45/><V99/><F42/><W94/><G43/><T9/><D112/><U13/><E13/><V72/><F41/><N who="3" m="22967" /><G3/><T53/><D113/><U100/><E100/><N who="2" m="60519" /><F72/><W86/><G19/><T119/><D75/><U89/><E89/><V7/><F7/><W128/><G18/><T73/><D73/><U67/><E67/><N who="2" m="41199" /><F28/><W32/><G32/><T104/><D119/><U2/><E2/><V56/><F56/><W60/><G58/><RYUUKYOKU ba="0,1" sc="288,-15,224,15,224,15,254,-15" hai1="5,8,14,52,57,68,70,79,80,81,85,87,91" hai2="27,35,49,50" /><INIT seed="2,1,1,0,4,40" ten="273,239,239,239" oya="2" hai0="67,42,85,128,35,24,103,118,59,1,86,104,49" hai1="107,96,26,16,8,90,14,51,81,6,126,66,55" hai2="122,15,78,91,72,117,119,29,134,116,28,87,34" hai3="22,101,41,115,50,7,135,63,73,62,37,82,52"/><V109/><F122/><W58/><G135/><T61/><D1/><U23/><E126/><V9/><F134/><W2/><G101/><T13/><D128/><U100/><E66/><V80/><F109/><W84/><G115/><T111/><D111/><U56/><E81/><V69/><F69/><W120/><G120/><T45/><D118/><U133/><E133/><V114/><F114/><W98/><G98/><T92/><D104/><U30/><REACH who="1" step="1"/><E90/><REACH who="1" ten="273,229,239,239" step="2"/><V32/><F32/><W31/><G82/><T17/><D35/><U121/><E121/><V18/><REACH who="2" step="1"/><F34/><REACH who="2" ten="273,229,229,239" step="2"/><W88/><G88/><N who="0" m="53263" /><D103/><U19/><AGARI ba="1,3" hai="6,8,14,16,19,23,26,30,51,55,56,96,100,107" machi="19" ten="30,4000,0" yaku="1,1,0,1,54,1,53,0" doraHai="40" doraHaiUra="76" who="1" fromWho="1" sc="273,-11,229,73,229,-21,239,-11" /><INIT seed="3,0,0,4,4,98" ten="262,302,208,228" oya="3" hai0="68,114,125,48,94,64,0,10,31,83,55,34,78" hai1="109,135,60,81,129,1,49,12,54,88,5,66,61" hai2="84,111,104,21,119,8,42,117,4,33,26,92,14" hai3="97,106,47,108,80,18,69,107,39,6,45,91,41"/><W128/><G69/><T82/><D125/><U105/><E1/><N who="2" m="15" /><F104/><W124/><G124/><T57/><D114/><U63/><E105/><V50/><F50/><W89/><G6/><T72/><D94/><U127/><E109/><V51/><F51/><W96/><G18/><T74/><D0/><U3/><E3/><V13/><F42/><W28/><G108/><T134/><D10/><N who="1" m="4175" /><E129/><V86/><F86/><W35/><G41/><T75/><D134/><U77/><E135/><V115/><F84/><W71/><G71/><T9/><D9/><U44/><E127/><V40/><F92/><W118/><G80/><T87/><D68/><U19/><E19/><N who="2" m="10487" /><F40/><W29/><G39/><T46/><D64/><U27/><E66/><V112/><F13/><W133/><G133/><T101/><D46/><U130/><E63/><V122/><F122/><W79/><G79/><T90/><D75/><U52/><E77/><V65/><F65/><W2/><G2/><T93/><D74/><U103/><E61/><V38/><F38/><W25/><G107/><T7/><D72/><U62/><E54/><V23/><F33/><N who="3" m="20623" /><G106/><T123/><D123/><U58/><E52/><V99/><F99/><W102/><G97/><T67/><D67/><U30/><E81/><V100/><F100/><W37/><G37/><T36/><D36/><U85/><E103/><V95/><F95/><N who="3" m="58655" /><G47/><T11/><D82/><U110/><E44/><V17/><F111/><W22/><G45/><T76/><D83/><U59/><E110/><V132/><F132/><W73/><G73/><T32/><D101/><U24/><E59/><RYUUKYOKU ba="0,0" sc="262,-10,302,-10,208,30,228,-10" hai2="17,23,26,112,115,117,119" /><INIT seed="4,1,0,5,4,59" ten="252,292,238,218" oya="0" hai0="110,115,103,23,79,53,0,120,56,41,21,114,116" hai1="65,69,7,11,128,101,33,6,25,5,119,52,134" hai2="36,31,3,14,61,63,71,121,57,1,22,75,83" hai3="78,89,46,4,76,105,124,126,85,17,118,18,109"/><T47/><D116/><U44/><E119/><V77/><F121/><W45/><G118/><T135/><D0/><U50/><E128/><V86/><F36/><W24/><G105/><T20/><D120/><U107/><E134/><V133/><F133/><W102/><G102/><T60/><D135/><U123/><E123/><V93/><F71/><W70/><G70/><T125/><D125/><N who="3" m="48233" /><G4/><T19/><D103/><U66/><E11/><V48/><F1/><W2/><G2/><T82/><D110/><U98/><REACH who="1" step="1"/><E69/><REACH who="1" ten="252,282,238,218" step="2"/><V97/><F3/><W68/><G68/><T104/><D114/><U88/><E88/><V62/><F77/><N who="3" m="29803" /><G109/><T72/><D115/><U64/><E64/><V80/><F75/><W90/><G90/><T67/><D67/><U130/><E130/><V74/><F74/><W54/><G54/><T84/><D72/><U32/><E32/><V112/><F112/><W95/><G18/><T106/><D106/><U132/><E132/><V127/><F127/><W94/><G94/><T131/><D104/><U29/><AGARI ba="1,1" hai="5,6,7,25,29,33,44,50,52,65,66,98,101,107" machi="29" ten="30,7900,0" yaku="1,1,0,1,54,1,53,1" doraHai="59" doraHaiUra="40" who="1" fromWho="1" sc="252,-40,282,92,238,-21,218,-21" owari="212,-19.0,374,47.0,217,2.0,197,-30.0" /></mjloggm>