<mjloggm ver="2.3"><GO type="225" lobby="0"/><UN n0="%E4%BF%BA%E3%81%A8%E5%A6%96%E5%A4%A2" n1="%E6%9F%8A%E3%81%AE%E5%A6%B9" n2="%E5%87%BA%E6%B0%B4" n3="%E5%B0%B1%E6%B4%BB%E7%94%9F%40%E5%B7%9D%E6%9D%91%E8%BB%8D%E5%9B%A3" dan="16,16,16,17" rate="2085.18,2138.58,2057.60,2171.64" sx="F,F,M,M"/><TAIKYOKU oya="0"/><INIT seed="0,0,0,2,4,48" ten="250,250,250,250" oya="0" hai0="133,125,127,49,54,10,68,45,81,38,111,124,113" hai1="36,109,40,5,7,132,131,6,42,100,93,134,64" hai2="43,73,115,84,117,79,128,8,91,107,98,59,135" hai3="96,3,97,101,129,17,66,106,99,103,12,50,18"/><T22/><D113/><U90/><E109/><V62/><F115/><W65/><G3/><T14/><D111/><U80/><E64/><N who="3" m="24682" /><G129/><T89/><D68/><U83/><E100/><N who="3" m="38474" /><G106/><T11/><D133/><N who="1" m="51307" /><E131/><V121/><F128/><W116/><G116/><T105/><D105/><U35/><E35/><V4/><F117/><W118/><G118/><T32/><D32/><U86/><E36/><V95/><F135/><W69/><G69/><T123/><D123/><U23/><E23/><V119/><F119/><W104/><G104/><T108/><D108/><U88/><E80/><V16/><F107/><W126/><G126/><T26/><D38/><U19/><E19/><N who="3" m="7178" /><G50/><T92/><D81/><U13/><E13/><AGARI ba="0,0" hai="12,13,96,97,99" m="7178,38474,24682" machi="13" ten="40,5200,0" yaku="28,2,8,1" doraHai="48" who="3" fromWho="1" sc="250,0,250,-52,250,0,250,52" /><INIT seed="1,0,0,1,2,116" ten="250,198,250,302" oya="1" hai0="24,41,64,134,61,66,102,36,68,95,91,13,32" hai1="51,63,125,33,77,122,87,76,101,121,85,104,55" hai2="22,47,83,21,17,12,31,82,75,69,123,35,53" hai3="79,111,81,11,89,114,65,19,48,120,90,60,119"/><U40/><E33/><V6/><F69/><W118/><G120/><N who="1" m="46186" /><E63/><V78/><F6/><W26/><G111/><T94/><D134/><U96/><E40/><V73/><F123/><W18/><G114/><T57/><D102/><U128/><E51/><V130/><F130/><W25/><G48/><T105/><D105/><U97/><E55/><V103/><F103/><W34/><G34/><T106/><D106/><U29/><E29/><V71/><F71/><W108/><G108/><T1/><D1/><U107/><E125/><V42/><F53/><W43/><G43/><T0/><D0/><U70/><E70/><V129/><F129/><W62/><G65/><T84/><D41/><U44/><E44/><V14/><F35/><W86/><G11/><T23/><D36/><U5/><E5/><V8/><F31/><W3/><G3/><T127/><D127/><U38/><E38/><V126/><F126/><W9/><G9/><T10/><D32/><U72/><E128/><V74/><F14/><W112/><G112/><T50/><D68/><U49/><E49/><N who="2" m="26871" /><F78/><N who="1" m="30313" /><E72/><V99/><F99/><N who="1" m="37961" /><E101/><V98/><F98/><W131/><G131/><T58/><D50/><U93/><E85/><V52/><F52/><W133/><G60/><N who="0" m="37903" /><D10/><U115/><E115/><V100/><F100/><W4/><G62/><T113/><D113/><U67/><E67/><V80/><F73/><W124/><G124/><T27/><D13/><U135/><E135/><V92/><F74/><W28/><G4/><T132/><D132/><U39/><E39/><V7/><F75/><W54/><G133/><T46/><D66/><RYUUKYOKU ba="0,0" sc="250,-10,198,30,250,-10,302,-10" hai1="87,93,104,107" /><INIT seed="1,1,0,3,1,100" ten="240,228,240,292" oya="1" hai0="46,24,4,43,116,115,53,82,8,99,58,36,17" hai1="81,103,133,23,1,32,68,3,14,20,75,57,109" hai2="104,25,64,15,11,76,27,108,94,90,38,52,63" hai3="126,77,67,12,21,96,122,119,70,113,34,66,56"/><U59/><E68/><V29/><F104/><W0/><G0/><T79/><D115/><U40/><E40/><V120/><F120/><W22/><G34/><T97/><D116/><U65/><E32/><V45/><F108/><W105/><G70/><T42/><D42/><U33/><E33/><V13/><F76/><W48/><G113/><T129/><D129/><U49/><E103/><V26/><F64/><W91/><G122/><T61/><D17/><U95/><E95/><V106/><F106/><W107/><G77/><T60/><D24/><U16/><E23/><N who="2" m="15551" /><F38/><W93/><G126/><T89/><D89/><U135/><E109/><V9/><F63/><W130/><G130/><T10/><D61/><N who="1" m="38063" /><E81/><V18/><F45/><W62/><G119/><T19/><D19/><U41/><E75/><V54/><F27/><W101/><G67/><T124/><D124/><U69/><E69/><V125/><F26/><W86/><G107/><T132/><D132/><N who="1" m="50763" /><E59/><V47/><F47/><AGARI ba="1,0" hai="1,3,14,16,20,41,47,49" m="50763,38063" machi="47" ten="30,2900,0" yaku="20,1,54,1" doraHai="100" who="1" fromWho="2" sc="240,0,228,32,240,-32,292,0" /><INIT seed="1,2,0,0,0,102" ten="240,260,208,292" oya="1" hai0="104,130,103,57,7,89,120,11,110,80,47,125,45" hai1="78,9,94,105,2,124,112,122,53,25,61,107,0" hai2="6,95,114,51,74,30,132,46,97,76,4,55,34" hai3="135,126,56,21,14,65,109,123,64,73,63,41,87"/><U29/><E78/><V86/><F132/><W93/><G73/><T15/><D110/><U69/><E122/><V58/><F114/><W54/><G123/><T59/><D120/><U36/><E36/><V99/><F74/><W48/><G109/><T81/><D130/><U83/><E83/><N who="2" m="47463" /><F34/><W66/><G126/><T101/><D125/><U67/><E112/><V12/><F30/><W113/><G113/><T77/><D89/><U70/><E70/><V79/><F79/><W16/><G135/><T118/><D118/><U3/><E9/><N who="2" m="4135" /><F6/><W111/><G111/><T18/><D7/><U119/><E119/><V19/><F19/><W26/><G41/><T33/><D33/><U131/><E131/><V35/><F35/><W96/><G87/><T17/><D77/><U91/><E124/><V100/><F99/><W49/><G14/><T129/><D15/><U106/><E25/><V108/><F108/><W42/><G42/><T43/><D43/><U20/><E20/><V71/><F71/><W82/><G82/><T23/><D23/><U22/><E22/><V117/><F117/><W134/><G134/><T133/><D133/><U84/><E29/><V85/><F85/><W92/><G92/><T38/><D129/><U128/><E128/><V62/><F62/><W116/><G116/><T5/><D5/><U68/><E68/><V31/><F31/><W32/><G32/><T75/><D75/><U90/><E90/><AGARI ba="2,0" hai="16,21,26,48,49,54,56,63,64,65,66,90,93,96" machi="90" ten="40,8000,1" yaku="25,2,8,1,54,1" doraHai="102" who="3" fromWho="1" sc="240,0,260,-86,208,0,292,86" /><INIT seed="2,0,0,1,4,15" ten="240,174,208,378" oya="2" hai0="85,70,35,16,127,5,110,83,121,135,66,59,6" hai1="63,3,54,21,13,103,114,38,64,131,55,77,34" hai2="115,72,12,1,51,129,58,56,67,17,87,104,10" hai3="123,19,22,88,62,33,0,11,108,57,49,133,116"/><V124/><F104/><W93/><G33/><T71/><D121/><U65/><E38/><V50/><F115/><W102/><G123/><T86/><D35/><U106/><E34/><V46/><F72/><W126/><G116/><T95/><D135/><U94/><E3/><V81/><F129/><W69/><G69/><T130/><D130/><U23/><E114/><V31/><F124/><W4/><G133/><T7/><D127/><U90/><E131/><V37/><F37/><W39/><G39/><T40/><D110/><U73/><E106/><V45/><F31/><W20/><G126/><T27/><D40/><U96/><E103/><V28/><F28/><W109/><G102/><T132/><D132/><U107/><E107/><V44/><F1/><W36/><G49/><N who="2" m="18441" /><F67/><W60/><G36/><T101/><D71/><U26/><E73/><V14/><F12/><W18/><G62/><N who="0" m="38239" /><D70/><U80/><E63/><V119/><F119/><W25/><G60/><T53/><D53/><N who="1" m="19979" /><E77/><AGARI ba="0,0" hai="10,14,17,44,45,46,56,58,77,81,87" m="18441" machi="77" ten="30,2900,0" yaku="8,1,52,1" doraHai="15" who="2" fromWho="1" sc="240,0,174,-29,208,29,378,0" /><INIT seed="2,1,0,3,5,62" ten="240,145,237,378" oya="2" hai0="8,67,102,69,47,97,121,55,45,32,99,65,53" hai1="106,82,77,92,125,16,12,90,52,41,35,135,24" hai2="2,25,93,87,57,80,63,110,122,36,115,129,43" hai3="28,113,1,96,116,132,56,83,54,34,118,19,111"/><V64/><F122/><W71/><G71/><T5/><D121/><U78/><E106/><V33/><F115/><W15/><G1/><T128/><D32/><U114/><E114/><V127/><F127/><W100/><G113/><T72/><D72/><U66/><E125/><V86/><F2/><W23/><G132/><T89/><D128/><U73/><E41/><V105/><F105/><W38/><G38/><T120/><D120/><U123/><E123/><V126/><F126/><W9/><G111/><T109/><D69/><U50/><E135/><V44/><F129/><W22/><G34/><T84/><D109/><U68/><E77/><V112/><F112/><W85/><G116/><T75/><D75/><U133/><E133/><V119/><F110/><W95/><G28/><T124/><D45/><U39/><E39/><V49/><F119/><W0/><G0/><T117/><D117/><U60/><E35/><V30/><F80/><W37/><G37/><T29/><D29/><U3/><E3/><V27/><F27/><W94/><G94/><N who="0" m="58679" /><D99/><U4/><E4/><V61/><F93/><W101/><G101/><T6/><D124/><U134/><E134/><V76/><F76/><N who="3" m="46311" /><G118/><T20/><D20/><N who="1" m="11271" /><E92/><V74/><F74/><W70/><G70/><T26/><D26/><U7/><E7/><N who="0" m="2569" /><D8/><U59/><E90/><V48/><F36/><W58/><G95/><N who="0" m="54695" /><D47/><N who="1" m="27743" /><E24/><V42/><F63/><N who="3" m="36247" /><G100/><T51/><D53/><N who="1" m="33903" /><E68/><V18/><F18/><W88/><G96/><T79/><D79/><U107/><E107/><V40/><F44/><W103/><G103/><T130/><D130/><U104/><E104/><RYUUKYOKU ba="1,0" sc="240,10,145,10,237,10,378,-30" hai0="51,55,65,67" hai1="66,73,78,82" hai2="25,30,33,40,42,43,48,49,57,61,64,86,87" /><INIT seed="2,2,0,0,1,111" ten="250,155,247,348" oya="2" hai0="90,75,77,108,104,15,100,119,11,32,107,102,10" hai1="105,123,69,34,38,42,87,71,30,130,86,62,101" hai2="1,47,88,99,56,27,132,24,68,51,26,41,109" hai3="21,89,3,59,95,16,39,110,115,49,96,83,81"/><V40/><F132/><W9/><G110/><T5/><D108/><U57/><E123/><V121/><F109/><W23/><G39/><T54/><D32/><U126/><E130/><V58/><F121/><W61/><G115/><T28/><D119/><U25/><E126/><V72/><F1/><W31/><G3/><T8/><D28/><U103/><E103/><V117/><F72/><W94/><G31/><T125/><D125/><U46/><E57/><N who="2" m="22123" /><F68/><W80/><G49/><T60/><D60/><U85/><REACH who="1" step="1"/><E62/><REACH who="1" ten="250,145,247,348" step="2"/><V0/><F117/><W98/><G59/><T48/><D102/><U20/><E20/><V22/><F22/><W17/><G61/><T52/><D100/><U53/><E53/><N who="2" m="29951" /><F0/><W97/><G21/><T12/><D54/><U63/><E63/><V114/><F114/><W66/><G66/><T43/><D52/><U78/><E78/><V13/><F40/><W133/><G23/><T82/><D43/><U35/><E35/><V134/><F41/><W76/><G76/><T129/><D129/><U18/><E18/><V55/><F55/><W36/><G17/><T19/><D90/><U135/><E135/><V33/><F134/><W118/><G133/><T79/><D79/><U74/><E74/><V92/><F33/><W84/><G118/><T73/><D73/><U4/><E4/><V124/><F124/><W122/><G122/><T67/><D67/><U120/><E120/><V65/><F65/><W6/><G16/><T2/><D19/><U91/><E91/><V7/><F7/><W64/><G64/><T128/><D128/><U44/><E44/><RYUUKYOKU ba="2,1" sc="250,-15,145,15,247,15,348,-15" hai1="25,30,34,38,42,46,69,71,85,86,87,101,105" hai2="13,24,26,27,88,92,99" /><INIT seed="2,3,1,4,3,54" ten="235,160,262,333" oya="2" hai0="87,61,123,107,126,104,22,132,113,53,51,6,65" hai1="127,125,52,13,112,96,35,98,81,119,116,31,99" hai2="33,133,89,1,11,29,118,69,79,91,7,128,50" hai3="63,103,15,47,57,42,16,66,56,24,100,17,41"/><V48/><F118/><W135/><G135/><T131/><D123/><U80/><E112/><V120/><F120/><W82/><G82/><N who="1" m="31850" /><E13/><V23/><F128/><W71/><G71/><T129/><D113/><U121/><E121/><V108/><F79/><W18/><G24/><T72/><D72/><U97/><N who="1" m="24576" /><DORA hai="10" /><U73/><E73/><V88/><F69/><W58/><G15/><T85/><D6/><U55/><E31/><V77/><F133/><W115/><G115/><T109/><D132/><U74/><E35/><V111/><F77/><W130/><G130/><N who="0" m="49675" /><D85/><U14/><E14/><V105/><F105/><W12/><G12/><T67/><D87/><U21/><E21/><V84/><F84/><W9/><G9/><T86/><D86/><U25/><E25/><N who="2" m="16575" /><F33/><W110/><G110/><AGARI ba="3,1" hai="1,7,11,48,50,88,89,91,108,110,111" m="16575" machi="110" ten="30,5800,0" yaku="14,1,10,1,54,1" doraHai="54,10" who="2" fromWho="3" sc="235,0,160,0,262,77,333,-67" /><INIT seed="2,4,0,5,1,95" ten="235,160,339,266" oya="2" hai0="120,89,73,98,20,124,53,5,94,79,112,123,31" hai1="49,29,41,78,7,37,13,64,39,36,72,109,26" hai2="56,80,52,34,48,43,2,135,70,62,99,108,82" hai3="84,116,100,117,131,67,97,45,113,21,130,59,90"/><V0/><F135/><W85/><G45/><T103/><D112/><U69/><E109/><V87/><F34/><W101/><G21/><T47/><D124/><U129/><E129/><N who="3" m="49162" /><G113/><T65/><D65/><U61/><E49/><V42/><F108/><W8/><G8/><T30/><D5/><U10/><E41/><V4/><F4/><W12/><G12/><T23/><D73/><U33/><REACH who="1" step="1"/><E78/><REACH who="1" ten="235,150,339,266" step="2"/><V105/><F43/><W71/><G116/><T77/><D123/><U15/><E15/><V107/><F42/><W125/><G125/><T27/><D120/><U119/><E119/><V35/><F2/><W121/><G121/><T18/><D79/><U88/><E88/><V76/><F0/><W54/><G90/><T25/><D77/><U114/><E114/><V32/><F76/><W133/><G133/><T115/><D115/><U122/><E122/><V96/><F48/><N who="3" m="31175" /><G117/><T58/><D89/><U63/><E63/><V19/><F62/><N who="3" m="40439" /><G101/><T128/><D128/><U83/><E83/><V9/><F82/><W11/><G11/><T66/><D47/><U60/><E60/><V6/><F80/><W1/><G1/><T104/><D103/><U38/><N who="1" m="9216" /><DORA hai="75" /><U81/><E81/><V91/><F91/><W24/><G24/><T118/><D118/><U3/><E3/><V127/><F9/><W17/><G100/><T44/><D44/><U57/><E57/><V40/><F127/><W50/><G50/><T111/><D111/><U55/><E55/><V86/><F52/><W92/><G84/><T14/><D25/><U22/><E22/><V74/><F87/><RYUUKYOKU ba="4,1" sc="235,-10,150,30,339,-10,266,-10" hai1="7,10,13,26,29,33,61,64,69,72" /><INIT seed="3,5,1,4,1,60" ten="225,180,329,256" oya="3" hai0="95,107,92,130,52,93,27,5,48,63,51,53,116" hai1="102,32,13,44,100,24,36,67,96,101,69,25,123" hai2="99,113,57,64,97,111,37,18,112,17,35,98,50" hai3="29,72,33,65,58,47,79,15,103,31,129,114,117"/><W54/><G114/><T55/><D116/><U26/><E123/><V128/><F37/><W46/><G129/><T68/><D107/><U62/><E13/><V21/><F111/><W30/><G33/><T41/><D130/><U133/><E133/><V56/><F35/><W124/><G124/><T10/><D27/><U78/><E78/><V83/><F128/><W75/><G103/><T89/><D41/><U91/><E91/><V59/><F83/><W40/><G79/><T20/><D20/><U49/><E36/><V2/><F2/><W7/><G47/><T108/><D108/><U22/><E32/><V90/><F90/><W115/><G115/><T23/><D23/><U28/><REACH who="1" step="1"/><E96/><REACH who="1" ten="225,170,329,256" step="2"/><V0/><F113/><W39/><G15/><T42/><D89/><U87/><E87/><V121/><F112/><W3/><G75/><T12/><REACH who="0" step="1"/><D42/><AGARI ba="5,2" hai="22,24,25,26,28,42,44,49,62,67,69,100,101,102" machi="42" ten="40,2600,0" yaku="1,1,52,1,53,0" doraHai="60" doraHaiUra="119" who="1" fromWho="0" sc="225,-41,170,61,329,0,256,0" owari="184,-32.0,231,-17.0,329,43.0,256,6.0" /></mjloggm>