<mjloggm ver="2.3"><GO type="169" lobby="0"/><UN n0="%E3%82%BB%E3%82%A4%E3%83%90%E4%B8%80" n1="%68%61%7A%75%6B%69%38%39" n2="%E5%A0%B4%E4%BB%A3" n3="%E3%82%A6%E3%83%AB%E3%83%88%E3%83%A9%E7%AB%8B%E7%9B%B4" dan="16,16,16,17" rate="2035.42,2097.08,2089.18,2197.31" sx="M,F,M,M"/><TAIKYOKU oya="0"/><INIT seed="0,0,0,0,5,63" ten="250,250,250,250" oya="0" hai0="110,106,10,18,84,56,75,39,115,91,15,46,3" hai1="103,29,58,109,43,59,104,2,118,64,5,11,101" hai2="95,17,78,76,87,85,65,57,83,61,16,41,116" hai3="34,38,33,82,98,31,23,74,134,122,105,25,60"/><T71/><D75/><U93/><E118/><V124/><F116/><W52/><G38/><T32/><D71/><U77/><E109/><V117/><F117/><W24/><G134/><T62/><D106/><U119/><E119/><V35/><F35/><W90/><G122/><T127/><D32/><U102/><E104/><V45/><F124/><W19/><G34/><T113/><D3/><U69/><E29/><V129/><F129/><W54/><G105/><T99/><D99/><U36/><E77/><V68/><F68/><W133/><G133/><T73/><D73/><U20/><E20/><V28/><F28/><W108/><G108/><T114/><D127/><U131/><E131/><V120/><F120/><W44/><G44/><T66/><D110/><U79/><E79/><V0/><F0/><W30/><G30/><T86/><REACH who="0" step="1"/><D91/><REACH who="0" ten="240,250,250,250" step="2"/><U14/><E2/><V126/><F126/><W72/><G72/><T37/><D37/><U12/><E36/><V27/><F78/><W8/><G74/><T130/><D130/><U81/><E102/><V9/><F85/><W50/><G98/><T42/><AGARI ba="0,1" hai="10,15,18,39,42,46,56,62,66,84,86,113,114,115" machi="42" ten="40,12000,1" yaku="1,1,0,1,52,1,53,1" doraHai="63" doraHaiUra="4" who="0" fromWho="0" sc="240,130,250,-40,250,-40,250,-40" /><INIT seed="0,1,0,4,1,49" ten="370,210,210,210" oya="0" hai0="128,127,37,121,25,52,51,32,111,93,26,40,60" hai1="89,55,122,130,12,100,29,95,132,44,99,36,65" hai2="79,92,69,109,74,75,47,56,38,27,134,54,103" hai3="125,102,58,120,28,53,113,2,24,31,135,81,1"/><T43/><D121/><U23/><E122/><V13/><F109/><W83/><G113/><T11/><D111/><U70/><E130/><V82/><F69/><W107/><G120/><T94/><D128/><U106/><E132/><V114/><F114/><W110/><G110/><T64/><D127/><U17/><E70/><V71/><F71/><W10/><G135/><T87/><D11/><U131/><E131/><V76/><F134/><W57/><G10/><T59/><D32/><U91/><E65/><V78/><F13/><W63/><G102/><T119/><D119/><U41/><E29/><V6/><F6/><W118/><G107/><T116/><D116/><U22/><E22/><V66/><F66/><W117/><G63/><T16/><D37/><U72/><E72/><V90/><F103/><W77/><G77/><T34/><D34/><U15/><E15/><V35/><F27/><N who="0" m="10250" /><D16/><U5/><E5/><V68/><F68/><W20/><G24/><T101/><D101/><U112/><E112/><V105/><F105/><W42/><G20/><T45/><D87/><U50/><REACH who="1" step="1"/><E106/><REACH who="1" ten="370,200,210,210" step="2"/><V126/><F35/><W46/><G125/><T62/><D64/><U33/><E33/><V97/><F126/><W133/><G133/><T96/><D40/><U115/><E115/><V104/><F104/><W18/><G42/><T124/><D124/><U14/><E14/><V7/><F7/><W4/><G4/><T9/><D43/><U19/><E19/><V39/><F75/><W0/><G18/><T123/><D123/><U88/><E88/><V67/><F74/><W61/><G118/><RYUUKYOKU ba="1,1" sc="370,-10,200,30,210,-10,210,-10" hai1="12,17,23,36,41,44,50,55,89,91,95,99,100" /><INIT seed="1,2,1,5,5,15" ten="360,230,200,200" oya="1" hai0="133,28,77,2,129,44,132,32,70,82,9,24,135" hai1="73,60,65,108,92,17,87,51,123,63,105,134,130" hai2="12,62,124,23,14,43,42,16,78,126,40,3,11" hai3="7,47,36,101,6,106,75,98,122,66,100,38,125"/><U96/><E123/><V74/><F3/><W31/><G122/><T94/><D70/><U59/><E73/><V121/><F121/><W35/><G75/><T61/><D61/><U109/><E134/><V84/><F74/><W69/><G101/><T86/><D94/><U91/><E130/><V64/><F78/><W8/><G125/><N who="2" m="48233" /><F84/><W22/><G22/><T46/><D129/><U79/><E63/><V110/><F110/><N who="1" m="42601" /><E51/><V71/><F42/><W21/><G21/><T45/><D9/><U19/><E79/><V114/><F114/><W118/><G118/><T113/><D2/><U127/><E127/><V95/><F95/><W112/><G112/><AGARI ba="2,1" hai="24,28,32,44,45,46,77,82,86,112,113,132,133,135" machi="112" ten="50,1600,0" yaku="20,1" doraHai="15" who="0" fromWho="3" sc="360,32,230,0,200,0,200,-22" /><INIT seed="2,0,0,3,2,16" ten="392,230,200,178" oya="2" hai0="86,46,34,102,73,88,0,62,79,47,82,80,27" hai1="35,90,119,115,50,24,38,20,132,17,113,45,87" hai2="108,72,55,107,31,19,98,28,43,41,5,54,40" hai3="83,51,29,2,126,85,3,110,67,111,44,92,71"/><V128/><F72/><W33/><G92/><T6/><D102/><U91/><E119/><V99/><F107/><W25/><G126/><T69/><D0/><U100/><E38/><V36/><F36/><W12/><G12/><T48/><D6/><U60/><E132/><V59/><F5/><W18/><G18/><T66/><D48/><U106/><E35/><V95/><F128/><W58/><G58/><T32/><D32/><U112/><E60/><V13/><F108/><N who="3" m="41515" /><G67/><T122/><D122/><U68/><E68/><V23/><F99/><W57/><G57/><T70/><D70/><U49/><E49/><N who="2" m="31183" /><F55/><N who="3" m="30183" /><G71/><T96/><D96/><U130/><E130/><V76/><F76/><AGARI ba="0,0" hai="2,3,25,29,33,76,83,85" m="30183,41515" machi="76" ten="30,1000,0" yaku="14,1" doraHai="16" who="3" fromWho="2" sc="392,0,230,0,200,-10,178,10" /><INIT seed="3,0,0,4,3,110" ten="392,230,190,188" oya="3" hai0="106,54,40,126,78,13,36,48,24,67,10,77,42" hai1="39,50,91,27,85,97,127,69,8,101,125,35,121" hai2="3,17,96,72,81,120,134,18,12,102,37,74,7" hai3="5,43,123,15,71,93,30,107,94,62,130,103,49"/><W76/><G123/><T129/><D106/><U108/><E39/><V6/><F120/><W88/><G107/><T21/><D67/><U70/><E121/><V23/><F3/><W68/><G68/><T79/><D36/><U83/><E108/><V0/><F0/><W80/><G71/><T55/><D129/><U22/><E35/><V116/><F37/><W29/><G62/><T33/><D33/><U86/><E86/><V56/><F134/><W98/><G130/><T135/><D135/><U58/><E8/><V112/><F116/><W1/><G1/><T2/><D2/><U132/><E132/><V38/><F38/><W114/><G114/><T19/><D126/><N who="1" m="48139" /><E58/><V32/><F56/><W60/><G60/><T87/><D87/><U111/><E50/><V117/><F32/><W47/><G5/><N who="0" m="3279" /><D55/><U119/><E119/><V82/><F23/><W84/><REACH who="3" step="1"/><G15/><REACH who="3" ten="392,230,190,178" step="2"/><T122/><D122/><U14/><E14/><V115/><F12/><W89/><G89/><T51/><D79/><U53/><E111/><V65/><F117/><W90/><G90/><T31/><D78/><U16/><E69/><V128/><F128/><W41/><G41/><T73/><D77/><U92/><E70/><V133/><F133/><W28/><G28/><T105/><D31/><U26/><E26/><V118/><F118/><W9/><G9/><T57/><D105/><U99/><E97/><AGARI ba="0,1" hai="29,30,43,47,49,76,80,84,88,93,94,97,98,103" machi="97" ten="30,11600,0" yaku="1,1,7,1,8,1,54,1,53,0" doraHai="110" doraHaiUra="34" who="3" fromWho="1" sc="392,0,230,-116,190,0,178,126" /><INIT seed="3,1,0,0,1,120" ten="392,114,190,304" oya="3" hai0="18,113,53,111,3,94,16,39,134,68,107,41,26" hai1="117,82,98,10,99,43,9,42,130,45,72,4,110" hai2="131,77,25,50,127,57,85,133,54,89,64,29,52" hai3="0,58,73,13,30,60,97,19,93,36,15,69,118"/><W56/><G118/><T35/><D107/><U74/><E130/><V6/><F127/><W112/><G112/><T67/><D111/><U101/><E117/><V96/><F133/><W28/><G0/><T88/><D3/><U1/><E1/><V63/><F131/><W49/><G36/><T12/><D134/><U87/><E87/><V83/><F6/><W121/><G73/><T79/><D79/><U104/><E104/><V62/><F62/><W33/><G33/><T114/><D53/><U71/><E82/><V17/><F17/><W128/><G69/><T27/><D67/><U23/><E23/><V91/><F96/><W40/><G128/><T48/><D39/><U47/><E101/><V61/><F61/><W86/><G86/><N who="0" m="52503" /><D68/><U22/><E22/><V95/><F95/><W38/><G38/><T59/><D35/><U55/><E71/><V105/><F54/><N who="3" m="31823" /><G40/><T109/><D109/><U37/><E37/><V84/><F84/><W2/><G2/><T66/><D66/><U80/><E80/><V5/><F5/><W124/><G121/><T135/><D135/><U129/><E129/><V106/><F106/><W7/><G7/><T119/><D119/><U90/><E4/><V14/><F105/><W78/><G78/><T103/><D103/><U44/><E55/><V31/><F77/><W20/><G124/><T100/><D100/><U132/><E132/><V108/><F108/><W92/><G15/><T65/><D65/><U21/><E110/><V34/><F14/><W76/><G76/><T46/><D12/><U51/><E74/><V81/><F34/><RYUUKYOKU ba="1,0" sc="392,0,114,0,190,0,304,0" /><INIT seed="4,2,0,3,1,81" ten="392,114,190,304" oya="0" hai0="60,10,103,135,25,61,6,12,47,73,29,129,74" hai1="100,116,89,98,21,69,24,8,56,130,102,120,115" hai2="95,31,108,28,68,104,58,43,77,65,71,33,13" hai3="4,53,45,76,97,79,62,40,90,109,26,54,86"/><T112/><D112/><U121/><E69/><V64/><F108/><W128/><G109/><T84/><D103/><U11/><E116/><V38/><F104/><W114/><G114/><T37/><D129/><U49/><E130/><V111/><F111/><W16/><G4/><T5/><D135/><U119/><E119/><V18/><F77/><W41/><G97/><T122/><D122/><U107/><E115/><V42/><F58/><N who="3" m="35159" /><G128/><T23/><D6/><U67/><E120/><V34/><F18/><W0/><G53/><T30/><D30/><U134/><E134/><V106/><F106/><W52/><G0/><T72/><D37/><U124/><E124/><V39/><F95/><N who="3" m="54743" /><G52/><T123/><D123/><U46/><E121/><V99/><F99/><W126/><G126/><T27/><D47/><U87/><E100/><V82/><F82/><W2/><G2/><T63/><D27/><U15/><E67/><V32/><F32/><W92/><G92/><T3/><D3/><U19/><E56/><V78/><F78/><N who="3" m="29739" /><G45/><T125/><D125/><U117/><E117/><V113/><F113/><W110/><G110/><T70/><REACH who="0" step="1"/><D84/><REACH who="0" ten="382,114,190,304" step="2"/><U83/><REACH who="1" step="1"/><E24/><REACH who="1" ten="382,104,190,304" step="2"/><V96/><F71/><AGARI ba="2,2" hai="5,10,12,23,25,29,60,61,63,70,71,72,73,74" machi="71" ten="50,4800,0" yaku="1,1,2,1,53,0" doraHai="81" doraHaiUra="55" who="0" fromWho="2" sc="382,74,104,0,190,-54,304,0" /><INIT seed="4,3,0,4,0,50" ten="456,104,136,304" oya="0" hai0="26,23,99,28,65,94,124,73,126,38,102,88,79" hai1="61,60,49,58,103,127,34,9,91,128,66,135,87" hai2="105,107,69,5,86,31,40,115,70,63,129,116,47" hai3="80,117,17,122,12,98,114,57,42,43,18,32,92"/><T74/><D38/><U6/><E34/><V4/><F31/><W64/><G32/><T3/><D3/><U134/><E103/><V123/><F123/><W110/><G110/><T16/><D65/><U113/><E127/><N who="0" m="48681" /><D79/><U44/><E128/><V27/><F27/><W22/><G117/><T59/><D28/><U24/><E24/><V82/><F115/><W125/><G114/><T56/><D102/><U100/><E100/><V68/><F63/><N who="3" m="37999" /><G125/><T2/><D2/><U83/><E60/><V29/><F29/><W85/><G18/><T13/><D13/><U33/><E33/><V20/><F20/><W75/><G75/><AGARI ba="3,0" hai="16,23,26,56,59,73,74,75,88,94,99" m="48681" machi="75" ten="30,5800,0" yaku="18,1,54,2" doraHai="50" who="0" fromWho="3" sc="456,67,104,0,136,0,304,-67" /><INIT seed="4,4,0,0,5,33" ten="523,104,136,237" oya="0" hai0="73,127,80,60,131,13,82,114,14,61,36,2,63" hai1="68,12,23,78,11,37,25,90,97,3,53,49,41" hai2="39,20,64,26,55,126,88,76,133,48,110,8,24" hai3="4,54,119,45,57,117,58,89,118,103,40,116,51"/><T18/><D36/><U27/><E68/><V93/><F39/><W101/><N who="3" m="29696" /><DORA hai="83" /><W19/><G4/><T108/><D114/><U15/><E78/><V30/><F110/><W107/><G107/><T32/><D32/><U81/><E37/><V123/><F123/><W9/><G58/><T71/><D127/><U77/><E3/><V96/><F133/><W7/><G19/><T43/><D43/><U85/><E41/><V109/><F76/><W38/><REACH who="3" step="1"/><G89/><REACH who="3" ten="523,104,136,227" step="2"/><T46/><D108/><U66/><E66/><V134/><F64/><W65/><G65/><T99/><D71/><U92/><E11/><V52/><F109/><W79/><G79/><T44/><D44/><U86/><E27/><V1/><F126/><W21/><G21/><T17/><D46/><U128/><E128/><V34/><F134/><W22/><G22/><T115/><D131/><U84/><E12/><AGARI ba="4,1" hai="7,9,12,38,40,45,51,54,57,101,103" m="29696" machi="12" ten="70,4500,0" yaku="1,1,53,1" doraHai="33,83" doraHaiUra="94,70" who="3" fromWho="1" sc="523,0,104,-57,136,0,227,67" /><INIT seed="5,0,0,2,0,36" ten="523,47,136,294" oya="1" hai0="66,92,30,62,111,13,67,123,122,1,41,101,4" hai1="56,49,133,11,100,82,96,7,94,69,54,2,114" hai2="43,6,18,86,124,102,84,110,134,98,44,37,29" hai3="74,3,58,70,118,33,24,46,99,26,81,60,52"/><U48/><E69/><V23/><F110/><W72/><G3/><T108/><D1/><U85/><E114/><V130/><F6/><W9/><G118/><T112/><D30/><U38/><E38/><V129/><F29/><W119/><G119/><T125/><D13/><U61/><REACH who="1" step="1"/><E133/><REACH who="1" ten="523,37,136,294" step="2"/><V88/><F134/><W83/><G70/><N who="0" m="42327" /><D112/><U59/><E59/><V120/><F120/><W63/><G58/><T104/><D123/><U117/><E117/><V132/><F132/><W40/><G74/><T75/><D122/><U77/><AGARI ba="0,1" hai="2,7,11,48,49,54,56,61,77,82,85,94,96,100" machi="77" ten="20,7800,0" yaku="1,1,0,1,7,1,53,1" doraHai="36" doraHaiUra="73" who="1" fromWho="1" sc="523,-26,37,88,136,-26,294,-26" /><INIT seed="5,1,0,1,4,33" ten="497,125,110,268" oya="1" hai0="31,44,117,74,112,61,25,75,92,39,51,99,2" hai1="121,105,30,91,88,97,107,80,12,14,96,109,57" hai2="102,82,59,63,46,60,94,6,56,24,118,28,11" hai3="90,9,79,81,36,3,0,125,52,100,42,67,26"/><U95/><E30/><V8/><F118/><W4/><G67/><T16/><D39/><U124/><E121/><V84/><F46/><N who="3" m="23879" /><G90/><T113/><D2/><U37/><E37/><V43/><F43/><W62/><G26/><T98/><D61/><U29/><E29/><V21/><F102/><W127/><G100/><T129/><D129/><U17/><E124/><N who="3" m="47690" /><G52/><N who="0" m="29799" /><D117/><U49/><E109/><V132/><F94/><W123/><G62/><T15/><D75/><U54/><E12/><V69/><F69/><W128/><G128/><T71/><D74/><U104/><E80/><V55/><F132/><W131/><G131/><T93/><D71/><U115/><E115/><N who="0" m="44105" /><D93/><U18/><E18/><V66/><REACH who="2" step="1"/><F6/><REACH who="2" ten="497,125,100,268" step="2"/><W120/><G120/><T58/><D92/><U5/><E5/><V65/><F65/><W72/><G123/><T35/><D58/><U103/><REACH who="1" step="1"/><E97/><REACH who="1" ten="497,115,100,268" step="2"/><V114/><F114/><W45/><G4/><T64/><D98/><U111/><E111/><V101/><F101/><W85/><G81/><T48/><D99/><U106/><N who="1" m="26624" /><DORA hai="73" /><U68/><E68/><V130/><F130/><W87/><G72/><T53/><D31/><U20/><AGARI ba="1,2" hai="14,17,20,49,54,57,88,91,95,96,103" m="26624" machi="20" ten="60,11700,0" yaku="1,1,0,1,54,1,53,0" doraHai="33,73" doraHaiUra="135,133" who="1" fromWho="1" sc="497,-40,115,140,100,-40,268,-40" /><INIT seed="5,2,0,1,3,71" ten="457,255,60,228" oya="1" hai0="52,53,125,31,70,3,117,130,36,57,118,129,38" hai1="8,80,73,64,22,50,93,32,95,62,88,43,135" hai2="115,10,1,0,28,54,103,13,97,55,92,30,44" hai3="34,113,72,51,96,127,76,45,100,39,123,75,7"/><U82/><E32/><V109/><F109/><W128/><G123/><T61/><D3/><U9/><E135/><V58/><F115/><W69/><G51/><N who="0" m="30879" /><D31/><U133/><E133/><V86/><F1/><W90/><G90/><T18/><D18/><U20/><E73/><V65/><F0/><W21/><G21/><T63/><D125/><U126/><E126/><V19/><F65/><W46/><G46/><T106/><D106/><U84/><E93/><V91/><F44/><W112/><G7/><T116/><D61/><U5/><E22/><V105/><F54/><W41/><G127/><T122/><D122/><U59/><E20/><V83/><REACH who="2" step="1"/><F105/><REACH who="2" ten="457,255,50,228" step="2"/><N who="3" m="63623" /><G69/><T79/><D70/><U110/><E110/><V98/><F98/><W4/><G113/><T102/><D53/><U23/><E43/><V26/><F26/><W119/><G112/><T27/><D27/><U14/><E64/><V120/><F120/><W114/><G114/><T48/><D118/><U11/><E59/><V29/><F29/><W15/><G119/><T35/><D116/><U111/><E111/><V121/><F121/><W49/><G45/><T108/><D117/><U24/><E24/><V47/><F47/><W132/><G41/><T101/><D108/><U77/><E14/><V12/><F12/><W94/><G15/><T87/><D130/><U131/><E131/><V104/><F104/><W67/><G128/><T2/><D129/><U56/><E56/><V42/><F42/><W85/><G67/><T40/><D40/><U33/><E5/><V134/><F134/><W16/><G132/><T66/><D66/><RYUUKYOKU ba="2,1" sc="457,-10,255,-10,50,30,228,-10" hai2="10,13,19,28,30,55,58,83,86,91,92,97,103" /><INIT seed="6,3,1,2,1,103" ten="447,245,80,218" oya="2" hai0="57,106,96,133,45,30,126,72,71,114,52,55,98" hai1="54,119,37,4,9,62,59,34,56,22,58,124,109" hai2="32,92,99,36,91,111,13,87,33,120,75,79,0" hai3="39,110,73,135,115,94,100,7,70,85,125,121,97"/><V80/><F0/><W6/><G70/><T25/><D71/><U69/><E109/><V60/><F36/><W102/><G39/><T50/><D72/><U116/><E34/><V2/><F2/><W83/><G110/><T104/><D30/><U10/><E37/><V81/><F111/><W123/><G7/><T5/><D5/><U26/><E124/><V86/><F120/><W24/><G24/><T14/><D25/><U8/><E4/><V95/><F60/><W1/><G6/><T131/><D14/><U127/><E127/><V3/><F3/><W31/><G31/><T112/><D126/><U27/><E54/><V64/><F64/><W66/><G66/><T41/><D55/><U44/><E44/><V46/><F46/><W74/><G1/><T101/><D133/><U89/><E89/><V93/><F13/><W18/><G18/><T35/><D35/><U49/><E49/><V38/><F38/><W29/><G29/><T12/><D12/><U82/><E82/><V134/><F134/><W40/><G40/><T28/><D28/><U118/><E22/><V76/><REACH who="2" step="1"/><F93/><REACH who="2" ten="447,245,70,218" step="2"/><N who="3" m="58415" /><G125/><T108/><D108/><U122/><E122/><V68/><F68/><W43/><G135/><T117/><D117/><U78/><E69/><V113/><F113/><W53/><G115/><T19/><D112/><U129/><E62/><V65/><F65/><W107/><G94/><T23/><D114/><U17/><E119/><V11/><F11/><W47/><G123/><T15/><D131/><U84/><E129/><V48/><F48/><W61/><G121/><T132/><D132/><RYUUKYOKU ba="3,2" sc="447,-10,245,-10,70,30,218,-10" hai2="32,33,75,76,79,80,81,86,87,91,92,95,99" /><INIT seed="6,4,2,5,1,17" ten="437,235,100,208" oya="2" hai0="63,112,111,97,21,57,90,41,134,100,126,45,120" hai1="132,8,54,55,83,121,62,78,106,94,20,123,74" hai2="85,103,82,24,71,0,81,5,51,102,25,34,124" hai3="104,70,19,87,31,35,84,13,1,76,95,27,131"/><V133/><F71/><W18/><G104/><T37/><D120/><N who="1" m="46155" /><E106/><V26/><F34/><W122/><G122/><T12/><D134/><U22/><E132/><V23/><F133/><W117/><G117/><T114/><D126/><U101/><E8/><V118/><F118/><W53/><G70/><T30/><D111/><U60/><E60/><V48/><F124/><W69/><G69/><T79/><D90/><U14/><E14/><V135/><F135/><W43/><G43/><T109/><D79/><U88/><E101/><N who="2" m="38411" /><F5/><W92/><G131/><T86/><D86/><N who="1" m="52503" /><E62/><V9/><F9/><W75/><G1/><T72/><D72/><U127/><E127/><V119/><F119/><W93/><G75/><T66/><D109/><U16/><E16/><N who="2" m="12391" /><F82/><W128/><G35/><T11/><D11/><U65/><E65/><V4/><F4/><W107/><G107/><T7/><D7/><U38/><E38/><V56/><F0/><W115/><G128/><T39/><D39/><U40/><E40/><V59/><F48/><W91/><G95/><T108/><D108/><U129/><E129/><V80/><F80/><W61/><G93/><T64/><D37/><U29/><E29/><V99/><F99/><W125/><G92/><T58/><D30/><U89/><E89/><N who="2" m="51375" /><F51/><W77/><G125/><T10/><D97/><U3/><E3/><V47/><F47/><W6/><G6/><T67/><D45/><U68/><E68/><V44/><F44/><W52/><G77/><T98/><D98/><U113/><E113/><V96/><F96/><W116/><G115/><T33/><D114/><RYUUKYOKU ba="4,2" sc="437,-15,235,15,100,15,208,-15" hai1="20,22,54,55,74,78,83" hai2="25,26,56,59" /><INIT seed="6,5,2,1,0,24" ten="422,250,115,193" oya="2" hai0="17,110,70,42,12,45,21,68,1,71,5,113,61" hai1="90,100,125,131,48,132,39,76,128,103,44,0,46" hai2="32,101,18,114,19,22,33,80,118,13,99,37,66" hai3="69,11,109,14,124,23,79,52,2,127,107,75,73"/><V8/><F37/><W135/><G107/><T38/><D113/><U96/><E0/><V92/><F114/><W47/><G69/><T106/><D106/><U40/><E76/><V88/><F118/><W119/><G119/><T126/><D126/><N who="3" m="48169" /><G109/><T57/><D110/><U77/><E77/><V102/><F66/><W85/><G135/><T20/><D1/><U7/><E7/><V55/><F55/><W58/><G23/><T6/><REACH who="0" step="1"/><D20/><REACH who="0" ten="412,250,115,193" step="2"/><U51/><E125/><V129/><F129/><N who="1" m="49737" /><E132/><V84/><REACH who="2" step="1"/><F101/><REACH who="2" ten="412,250,105,193" step="2"/><W26/><G26/><AGARI ba="5,4" hai="8,13,18,19,22,26,32,33,80,84,88,92,99,102" machi="26" ten="30,11600,0" yaku="1,1,2,1,7,1,54,1,53,0" doraHai="24" doraHaiUra="56" who="2" fromWho="3" sc="412,0,250,0,105,171,193,-131" /><INIT seed="6,6,0,2,2,113" ten="412,250,276,62" oya="2" hai0="38,114,49,22,3,119,46,117,129,89,101,8,62" hai1="107,68,97,103,45,98,10,50,69,64,100,104,133" hai2="122,67,1,120,112,12,111,56,116,26,78,109,29" hai3="110,105,102,74,71,20,54,125,13,41,25,84,127"/><V115/><F1/><W66/><G74/><T37/><D101/><U108/><E108/><N who="2" m="41547" /><F67/><W51/><G110/><T17/><D114/><N who="2" m="43562" /><F78/><W106/><G41/><T44/><D129/><U53/><E133/><V18/><F56/><W132/><G132/><T19/><D62/><U126/><E126/><N who="3" m="48138" /><G102/><T83/><D89/><U121/><E121/><N who="2" m="46699" /><F12/><W130/><G130/><T99/><D99/><U73/><E73/><V57/><F18/><W33/><G13/><N who="0" m="7591" /><D3/><U80/><E80/><V96/><F96/><W72/><G72/><T59/><D83/><U2/><E64/><V86/><F86/><W60/><G84/><T128/><D128/><U27/><E27/><V5/><F5/><AGARI ba="6,0" hai="2,5,10,45,50,53,68,69,97,98,100,103,104,107" machi="5" ten="40,1300,0" yaku="9,1" doraHai="113" who="1" fromWho="2" sc="412,0,250,31,276,-31,62,0" /><INIT seed="7,0,0,3,3,12" ten="412,281,245,62" oya="3" hai0="39,70,93,123,50,8,74,2,69,99,116,32,112" hai1="103,51,7,52,131,73,102,105,0,25,121,54,26" hai2="90,44,20,23,75,127,130,120,110,14,48,85,34" hai3="117,61,68,53,134,60,135,107,63,76,86,81,109"/><W87/><G117/><T106/><D50/><U95/><E73/><V96/><F34/><W67/><G107/><T30/><D8/><U133/><E121/><V78/><F110/><W11/><G109/><T111/><D93/><U66/><E105/><V40/><F120/><W4/><G87/><T83/><D83/><U15/><E66/><V24/><F127/><W43/><G43/><T84/><D30/><U18/><E131/><V28/><F130/><W10/><G10/><T108/><D99/><U97/><E133/><V58/><F58/><W55/><G63/><T6/><D6/><U94/><E7/><V36/><F75/><W92/><G92/><T122/><D70/><U17/><E0/><V33/><F36/><W104/><G104/><T98/><D98/><N who="1" m="59735" /><E15/><V21/><F78/><W31/><G31/><T62/><D62/><U3/><E3/><V57/><F57/><W89/><G76/><T129/><D84/><U65/><E65/><V124/><F96/><W77/><G77/><T41/><D41/><U22/><E51/><V47/><F47/><W126/><G126/><T79/><D79/><U1/><E1/><V19/><REACH who="2" step="1"/><F124/><REACH who="2" ten="412,281,235,62" step="2"/><W113/><G113/><T29/><D29/><N who="1" m="17591" /><E26/><V38/><F38/><W72/><G72/><T114/><D122/><U9/><E9/><V35/><F35/><W49/><G61/><T46/><D46/><U56/><E56/><V42/><F42/><W27/><G27/><T37/><D37/><U132/><E132/><N who="3" m="50730" /><G49/><T91/><D114/><U101/><E101/><V125/><F125/><W59/><G59/><T13/><D111/><RYUUKYOKU ba="0,1" sc="412,-30,281,10,235,10,62,10" hai1="17,18,52,54,95,97,103" hai2="14,19,20,21,23,24,28,33,40,44,48,85,90" hai3="4,11,53,55,60,67,68,81,86,89" /><INIT seed="7,1,1,1,5,0" ten="382,291,245,72" oya="3" hai0="123,119,80,118,130,39,7,21,70,43,17,115,65" hai1="44,127,50,38,33,26,52,40,20,77,72,57,113" hai2="16,5,109,24,1,48,13,112,106,114,55,54,42" hai3="63,75,104,85,37,102,12,9,132,30,135,100,105"/><W84/><G37/><T117/><D80/><U19/><E127/><V67/><F106/><N who="3" m="41067" /><G30/><T15/><D43/><U3/><E113/><N who="2" m="43627" /><F109/><W94/><G63/><T61/><D21/><U107/><E107/><V8/><F24/><W93/><G75/><T18/><D15/><U62/><E3/><V90/><F67/><W34/><G34/><T25/><D25/><U111/><E111/><V95/><F42/><W51/><G51/><T53/><D65/><U47/><E33/><V81/><F48/><W78/><G9/><T2/><D2/><U87/><E72/><V129/><F81/><N who="3" m="47159" /><G12/><T11/><D11/><U82/><REACH who="1" step="1"/><E44/><REACH who="1" ten="382,281,245,72" step="2"/><V71/><F71/><W45/><G45/><T88/><D115/><U79/><E79/><V126/><F55/><W14/><G14/><T29/><D53/><U83/><E83/><V31/><F54/><W23/><G23/><T60/><D119/><U86/><E86/><V131/><F31/><W73/><G73/><T32/><D29/><U4/><E4/><V110/><F110/><W120/><G120/><T69/><D7/><U124/><E124/><V41/><F41/><W121/><G121/><T35/><D123/><U134/><E134/><N who="3" m="51242" /><G85/><T66/><D117/><U6/><E6/><V46/><F46/><W22/><G22/><T125/><D118/><U116/><E116/><V56/><F5/><W89/><G89/><T108/><D88/><U97/><E97/><V36/><F90/><W64/><G64/><T92/><D66/><U98/><E98/><V99/><F99/><W28/><G28/><T91/><D91/><U133/><E133/><RYUUKYOKU ba="1,2" sc="382,-15,281,15,245,-15,72,15" hai1="19,20,26,38,40,47,50,52,57,62,77,82,87" hai3="93,94,100,102" /><INIT seed="7,2,2,1,5,0" ten="367,296,230,87" oya="3" hai0="135,102,14,94,122,77,56,105,65,16,9,112,97" hai1="11,74,39,55,25,27,103,46,37,84,68,29,50" hai2="107,1,42,82,47,93,57,87,34,28,3,73,118" hai3="115,90,53,36,10,85,19,63,67,22,98,75,79"/><W4/><G115/><T109/><D122/><U15/><E74/><V20/><F107/><W117/><G117/><T133/><D112/><U58/><E68/><V30/><F34/><W24/><G36/><T45/><D109/><U38/><E103/><V32/><F32/><W62/><G98/><T33/><D33/><U91/><E58/><V35/><F35/><W54/><G79/><T101/><D45/><U70/><E70/><V44/><F73/><W8/><G75/><T64/><D77/><U72/><E72/><V59/><F93/><W89/><G10/><T92/><D101/><U108/><E29/><V120/><F120/><W100/><G100/><T80/><D80/><U126/><E126/><V125/><F125/><W31/><G31/><T21/><D9/><U71/><E71/><V69/><F69/><W114/><G114/><T2/><D2/><U60/><E60/><N who="3" m="23082" /><G67/><N who="0" m="25675" /><D56/><U51/><E51/><V49/><F118/><W128/><G128/><T95/><D105/><U48/><E48/><N who="2" m="26647" /><F30/><W127/><G127/><T110/><D110/><U113/><E108/><V18/><F28/><W134/><G134/><N who="0" m="51211" /><D102/><U76/><E76/><N who="2" m="46535" /><F3/><W104/><G104/><T121/><D121/><U43/><E113/><V26/><F1/><W61/><N who="3" m="23090" /><W7/><DORA hai="23" /><G8/><T111/><D111/><U13/><E11/><V96/><F96/><W130/><G130/><T52/><D97/><U83/><E38/><V88/><F88/><N who="3" m="33899" /><G85/><T17/><D17/><U132/><E132/><V129/><F129/><W99/><G99/><T124/><D124/><U131/><E131/><V86/><F86/><RYUUKYOKU ba="2,2" sc="367,10,296,-30,230,10,87,10" hai0="14,16,21,52,92,94,95" hai2="18,20,26,47,49,57,59" hai3="4,7,19,22,24,53,54" /><INIT seed="7,3,2,4,4,42" ten="377,266,240,97" oya="3" hai0="22,95,64,46,54,133,131,50,125,70,24,62,74" hai1="104,53,108,34,112,52,109,80,28,67,68,106,89" hai2="6,17,123,111,66,1,57,86,56,36,35,97,27" hai3="29,11,45,15,20,9,91,115,117,122,83,127,93"/><W102/><G122/><T124/><D74/><U107/><E34/><V37/><F111/><W110/><G117/><T126/><D95/><U129/><E28/><V40/><F123/><W99/><G110/><T10/><D10/><N who="3" m="3593" /><G115/><T75/><D75/><U33/><E33/><V81/><F6/><W25/><G127/><T31/><D131/><U92/><E129/><V21/><F35/><W101/><G15/><T12/><D12/><U49/><E80/><V72/><F1/><W7/><G7/><T103/><D103/><N who="3" m="39433" /><G83/><T59/><D133/><U132/><E112/><V30/><F72/><W18/><G29/><T65/><D65/><U135/><E67/><V119/><F119/><W105/><G105/><T3/><D3/><U48/><E68/><AGARI ba="3,2" hai="22,24,31,46,50,54,59,62,64,68,70,124,125,126" machi="68" ten="40,2600,0" yaku="18,1,52,1" doraHai="42" who="0" fromWho="1" sc="377,55,266,-35,240,0,97,0" owari="432,53.0,231,-17.0,240,4.0,97,-40.0" /></mjloggm>