<mjloggm ver="2.3"><GO type="169" lobby="0"/><UN n0="%7A%65%72%6F%52%58" n1="%4C%61%73%6B%26%59%75" n2="%E5%B0%B1%E6%B4%BB%E7%94%9F%40%E5%B7%9D%E6%9D%91%E8%BB%8D%E5%9B%A3" n3="%E3%81%84%E3%81%8F%E3%82%84%E3%81%BE%E2%98%86%E3%81%95%E3%82%80%E3%81%8A" dan="16,17,18,16" rate="2150.01,2160.40,2309.15,2097.96" sx="M,M,M,M"/><TAIKYOKU oya="0"/><INIT seed="0,0,0,3,2,49" ten="250,250,250,250" oya="0" hai0="35,81,80,64,46,110,86,133,51,58,97,5,2" hai1="11,26,59,88,27,87,20,60,108,63,103,107,96" hai2="30,72,16,48,68,128,22,18,43,120,84,28,114" hai3="38,0,106,44,55,45,23,65,53,19,21,54,129"/><T1/><D35/><U118/><E118/><V116/><F72/><W17/><G129/><T73/><D133/><U126/><E126/><V29/><F120/><W121/><G0/><T122/><D122/><U56/><E108/><V89/><F114/><W78/><G121/><T14/><D110/><U111/><E111/><V67/><F128/><W135/><G106/><T32/><D32/><U71/><E11/><V7/><F7/><W104/><G104/><T117/><D117/><U94/><E71/><V8/><F116/><W93/><G135/><T40/><D97/><U115/><E115/><V99/><F99/><W119/><G119/><T79/><D64/><U123/><E123/><V39/><F39/><W112/><G112/><T24/><D24/><U101/><E101/><V31/><F8/><W98/><G78/><N who="0" m="44111" /><D58/><U69/><E69/><V25/><F18/><N who="3" m="6667" /><G38/><T41/><D41/><U124/><E124/><V36/><F36/><W47/><G65/><T12/><D12/><U83/><E107/><V62/><N who="2" m="7680" /><DORA hai="100" /><V61/><F67/><W130/><G130/><T9/><AGARI ba="0,0" hai="1,2,5,9,14,40,46,51,79,81,86" m="44111" machi="9" ten="30,1500,0" yaku="25,1" doraHai="49,100" who="0" fromWho="0" sc="250,15,250,-5,250,-5,250,-5" /><INIT seed="0,1,0,0,0,108" ten="265,245,245,245" oya="0" hai0="104,43,106,128,115,16,90,22,15,103,133,29,121" hai1="10,118,111,52,132,21,120,72,46,37,11,117,53" hai2="135,34,54,75,83,61,129,76,105,56,51,81,49" hai3="99,109,130,35,38,39,44,97,123,65,60,122,62"/><T96/><D121/><N who="3" m="46089" /><G35/><T98/><D133/><U41/><E120/><V63/><F135/><W64/><G99/><T32/><D128/><U71/><E132/><V5/><F105/><W12/><G12/><T114/><D43/><U100/><E111/><V26/><F129/><W73/><G97/><T131/><D131/><U25/><E72/><V91/><F5/><W1/><G73/><T70/><D70/><U134/><E134/><V93/><F81/><W127/><G1/><T85/><D29/><U24/><E71/><V119/><F119/><W89/><G89/><T57/><D57/><U36/><E100/><V126/><F126/><W125/><G130/><T58/><D58/><U13/><E37/><N who="3" m="13834" /><G44/><T68/><D68/><U7/><E10/><V69/><F26/><W8/><G8/><T31/><D31/><U42/><E24/><V95/><F95/><W48/><G48/><T124/><D124/><N who="3" m="47689" /><G109/><T9/><D32/><U6/><E6/><V59/><F34/><W0/><G0/><T87/><D9/><U92/><E92/><V77/><F77/><W102/><G102/><T67/><D87/><U110/><E110/><V27/><F27/><W30/><G30/><T18/><D18/><U23/><E23/><V78/><F78/><W82/><G82/><N who="0" m="49463" /><D98/><U4/><E4/><V66/><F91/><W2/><G2/><T45/><D45/><U79/><E79/><V86/><F75/><W94/><G94/><T113/><D106/><U80/><E80/><V28/><F93/><W47/><G47/><T17/><D17/><N who="1" m="12463" /><E41/><V116/><F76/><W112/><G112/><RYUUKYOKU ba="1,0" sc="265,10,245,10,245,-30,245,10" hai0="15,16,22,67,96,103,104,113,114,115" hai1="7,11,13,36,42,46,52,53,117,118" hai3="60,62,64,65" /><INIT seed="0,2,0,4,1,78" ten="275,255,215,255" oya="0" hai0="52,124,73,11,3,66,16,129,114,67,74,81,107" hai1="126,18,5,40,93,117,24,80,47,25,28,38,69" hai2="134,82,125,120,113,20,37,102,29,94,88,36,8" hai3="133,108,4,32,41,19,48,27,68,33,118,2,72"/><T56/><D114/><U54/><E117/><V77/><F120/><W44/><G108/><T22/><D107/><U128/><E69/><V121/><F121/><W104/><G118/><T64/><D129/><U10/><E128/><V53/><F113/><W59/><G68/><T60/><D124/><U49/><E126/><V57/><F102/><W92/><G104/><T89/><D3/><U45/><E93/><V101/><F101/><W97/><G72/><T95/><D11/><U79/><E18/><V50/><F125/><W7/><G59/><T119/><D119/><U75/><E28/><V105/><F105/><W122/><G122/><T112/><D112/><U76/><E76/><V17/><F29/><W98/><G133/><T15/><REACH who="0" step="1"/><D81/><REACH who="0" ten="265,255,215,255" step="2"/><U106/><E106/><V90/><F8/><W70/><G2/><AGARI ba="2,1" hai="2,5,10,24,25,38,40,45,47,49,54,75,79,80" machi="2" ten="30,7700,0" yaku="7,1,25,2,52,1" doraHai="78" who="1" fromWho="3" sc="265,0,255,93,215,0,255,-83" /><INIT seed="1,0,0,3,0,44" ten="265,348,215,172" oya="1" hai0="80,87,123,33,125,118,102,50,23,43,20,63,69" hai1="131,122,2,53,109,75,18,84,110,6,127,27,59" hai2="4,115,31,95,77,14,46,64,42,116,99,38,70" hai3="105,10,24,74,72,89,8,114,68,101,120,117,47"/><U71/><E75/><V85/><F116/><W39/><G114/><T15/><D118/><U86/><E122/><V132/><F132/><W100/><G117/><T60/><D33/><U57/><E71/><V96/><F115/><W32/><G120/><T133/><D133/><U88/><E127/><V67/><F31/><W25/><G89/><T12/><D125/><U66/><E131/><V73/><F73/><W9/><G68/><T108/><D108/><N who="1" m="41579" /><E84/><V34/><F34/><W51/><G39/><T49/><D102/><U26/><E66/><V130/><F130/><W112/><G112/><T13/><D69/><U21/><E27/><V83/><F70/><W3/><G3/><T107/><D107/><U93/><E53/><V22/><F96/><W56/><G72/><T48/><D43/><U45/><E45/><V16/><REACH who="2" step="1"/><F4/><REACH who="2" ten="265,348,205,172" step="2"/><W92/><G74/><T28/><D123/><U58/><E6/><V30/><F30/><W98/><G32/><T65/><D28/><U37/><E37/><V0/><F0/><AGARI ba="0,1" hai="0,2,18,21,26,57,58,59,86,88,93" m="41579" machi="0" ten="30,5800,0" yaku="14,1,10,1,54,1" doraHai="44" who="1" fromWho="2" sc="265,0,348,68,205,-58,172,0" /><INIT seed="1,1,0,3,2,56" ten="265,416,147,172" oya="1" hai0="70,58,82,15,17,90,97,6,33,125,93,28,110" hai1="27,31,94,107,84,36,131,79,100,63,121,133,8" hai2="114,76,122,108,116,32,113,18,78,118,129,19,59" hai3="80,91,23,75,29,40,5,123,64,117,124,52,2"/><U50/><E121/><V20/><F32/><W61/><G123/><T69/><D110/><U115/><E36/><V48/><F122/><W106/><G106/><T109/><D109/><U99/><E115/><N who="2" m="44043" /><F108/><W111/><G111/><T127/><D6/><U102/><E131/><V66/><F129/><W87/><G40/><T72/><D28/><U10/><E133/><V83/><F19/><W101/><G101/><T1/><D1/><U9/><E50/><V25/><F76/><W98/><G98/><T11/><D33/><U105/><E100/><V120/><F120/><W34/><G34/><T65/><D58/><U130/><E130/><V57/><F57/><W12/><G2/><T41/><D41/><U68/><E84/><N who="2" m="48247" /><F48/><W112/><G112/><T92/><D92/><U77/><E94/><V67/><F67/><W135/><G75/><T89/><D65/><N who="1" m="41023" /><E107/><V47/><F47/><W126/><G64/><T35/><D72/><U43/><E43/><V44/><F44/><W21/><G135/><T51/><D51/><U16/><E16/><V88/><F88/><W30/><G30/><T86/><REACH who="0" step="1"/><D35/><AGARI ba="1,0" hai="8,9,10,27,31,35,77,79,99,102,105" m="41023" machi="35" ten="30,2900,0" yaku="25,1,52,1" doraHai="56" who="1" fromWho="0" sc="265,-32,416,32,147,0,172,0" /><INIT seed="1,2,0,5,2,27" ten="233,448,147,172" oya="1" hai0="36,41,87,68,112,60,89,5,16,49,129,13,90" hai1="71,83,58,116,17,43,37,82,109,85,121,61,30" hai2="134,20,70,35,113,64,106,69,52,131,115,74,124" hai3="78,128,65,100,125,7,67,38,46,59,93,127,126"/><U111/><E116/><V95/><F106/><W122/><G78/><T76/><D112/><N who="2" m="43082" /><F35/><W114/><G114/><T75/><D5/><U91/><E121/><V57/><F74/><W72/><G72/><T51/><D75/><U101/><E71/><V47/><F95/><W4/><G122/><T32/><D32/><U66/><E101/><V81/><F81/><W0/><G128/><T88/><D129/><U42/><E17/><V110/><F131/><W34/><G34/><T25/><D25/><U39/><E83/><V18/><F110/><N who="1" m="41993" /><E30/><V6/><F6/><N who="3" m="2091" /><G0/><T77/><D36/><AGARI ba="2,0" hai="36,37,39,42,43,58,61,66,82,85,91" m="41993" machi="36" ten="30,2900,0" yaku="14,1,10,1" doraHai="27" who="1" fromWho="0" sc="233,-35,448,35,147,0,172,0" /><INIT seed="1,3,0,2,1,104" ten="198,483,147,172" oya="1" hai0="43,117,81,72,132,39,73,60,95,1,6,25,75" hai1="125,101,35,49,31,103,26,61,10,7,80,33,109" hai2="27,118,86,87,74,92,4,13,44,38,54,77,85" hai3="130,96,23,57,116,69,115,135,100,102,122,131,94"/><U70/><E125/><V67/><F118/><W46/><G69/><T34/><D117/><U127/><E127/><V71/><F71/><W91/><G116/><T66/><D95/><U106/><E33/><V89/><F67/><W59/><G46/><N who="0" m="23935" /><D132/><U56/><E109/><V16/><F27/><W8/><G8/><N who="0" m="2127" /><D25/><U36/><E36/><V64/><F64/><W20/><G135/><T98/><D98/><N who="1" m="61751" /><E103/><N who="3" m="39466" /><G122/><T32/><D81/><U51/><E56/><N who="3" m="21578" /><G115/><T113/><D113/><U41/><E80/><V42/><F4/><W21/><G94/><T29/><D29/><U107/><E41/><V120/><F120/><W99/><G91/><T133/><D133/><U119/><E107/><V0/><F0/><W108/><G108/><T37/><D37/><U50/><E119/><V63/><F63/><W19/><G19/><T15/><D15/><N who="1" m="5599" /><E50/><V90/><F54/><W88/><G88/><T58/><D58/><U11/><E11/><V93/><F86/><W52/><G52/><T79/><D60/><U124/><E124/><V12/><F16/><W14/><G14/><T78/><D66/><AGARI ba="3,0" hai="26,31,35,49,51,61,66,70" m="5599,61751" machi="66" ten="30,1500,0" yaku="25,1" doraHai="104" who="1" fromWho="0" sc="198,-24,483,24,147,0,172,0" /><INIT seed="1,4,0,3,2,51" ten="174,507,147,172" oya="1" hai0="40,135,25,74,32,46,114,52,99,56,81,36,89" hai1="130,19,105,60,0,34,80,2,90,104,82,22,87" hai2="77,75,48,68,61,118,109,53,122,94,4,95,88" hai3="3,72,54,110,55,107,134,35,20,58,70,24,5"/><U7/><E34/><V91/><F118/><W131/><G70/><T63/><D114/><U117/><E117/><V83/><F122/><W71/><G71/><T18/><D135/><U44/><E130/><V14/><F109/><W65/><G110/><T6/><D6/><U85/><E60/><V37/><F37/><W128/><G134/><T100/><D74/><U28/><E28/><V132/><F132/><W93/><G107/><T129/><D129/><N who="3" m="49737" /><G72/><T98/><D100/><U13/><E44/><V62/><F68/><W86/><G35/><T116/><D116/><U103/><E7/><V16/><F4/><W112/><G112/><T45/><D45/><U97/><REACH who="1" step="1"/><E105/><REACH who="1" ten="174,497,147,172" step="2"/><V21/><F62/><N who="3" m="38103" /><G5/><T102/><D32/><U133/><E133/><V84/><F61/><W26/><G3/><T106/><D106/><U8/><E8/><V121/><F121/><W64/><G64/><T59/><D63/><U69/><E69/><V119/><F119/><W29/><G26/><T66/><D25/><U76/><AGARI ba="4,1" hai="0,2,13,19,22,76,80,82,85,87,90,97,103,104" machi="76" ten="20,3900,0" yaku="1,1,0,1,7,1,53,0" doraHai="51" doraHaiUra="113" who="1" fromWho="1" sc="174,-17,497,61,147,-17,172,-17" /><INIT seed="1,5,0,3,1,37" ten="157,558,130,155" oya="1" hai0="91,65,107,68,85,101,16,106,6,57,111,13,15" hai1="81,5,10,75,52,126,4,92,14,90,55,86,132" hai2="61,27,130,134,82,22,43,104,21,48,18,19,30" hai3="29,59,110,9,0,100,33,123,31,36,98,96,25"/><U116/><E116/><V80/><F104/><W66/><G110/><T35/><D35/><U133/><E126/><V102/><F130/><W44/><G123/><T53/><D111/><U93/><E4/><V112/><F134/><N who="1" m="51817" /><E93/><V128/><F128/><W3/><G31/><T7/><D68/><U135/><E135/><V50/><F102/><W51/><G36/><T109/><D65/><U54/><E92/><V79/><F112/><W8/><G8/><T118/><D109/><U34/><E34/><V122/><F122/><W70/><G59/><T64/><D64/><U117/><E117/><V47/><F61/><N who="3" m="40271" /><G9/><T74/><D74/><AGARI ba="5,0" hai="5,10,14,52,54,55,74,75,81,86,90" m="51817" machi="74" ten="30,2900,0" yaku="20,1,54,1" doraHai="37" who="1" fromWho="0" sc="157,-44,558,44,130,0,155,0" /><INIT seed="1,6,0,0,5,93" ten="113,602,130,155" oya="1" hai0="28,111,29,45,48,115,112,54,63,106,24,69,18" hai1="10,13,100,59,64,86,20,3,5,81,70,39,41" hai2="105,14,114,89,0,79,68,53,23,128,117,82,42" hai3="19,88,95,44,31,76,123,49,116,32,36,2,135"/><U58/><E100/><V47/><F0/><W60/><G123/><T97/><D111/><U26/><E3/><V62/><F117/><W129/><G116/><T113/><D18/><U109/><E109/><V92/><F105/><W55/><G135/><T21/><D29/><U72/><E72/><V22/><F114/><W125/><G125/><T9/><D9/><U126/><E126/><V27/><F128/><W11/><G129/><T84/><D84/><U118/><E118/><V127/><F127/><W51/><G76/><T83/><D83/><U52/><E70/><V87/><F14/><W74/><G74/><T75/><D75/><U50/><E39/><V16/><F23/><W119/><G119/><T17/><D17/><N who="1" m="12559" /><E41/><V57/><F68/><W132/><G36/><T12/><D12/><U99/><E99/><N who="2" m="57743" /><F47/><W7/><G32/><T120/><D120/><U124/><E124/><V6/><F42/><W34/><G34/><T110/><D110/><U91/><E64/><V40/><F40/><W1/><G1/><T122/><D122/><U134/><E134/><V107/><F107/><W65/><G132/><T43/><D43/><U15/><E15/><V30/><F6/><W96/><G31/><AGARI ba="6,0" hai="16,22,27,30,31,53,57,62,79,82,87" m="57743" machi="31" ten="30,7700,0" yaku="25,1,8,1,52,1,54,1" doraHai="93" who="2" fromWho="3" sc="113,0,602,0,130,95,155,-95" /><INIT seed="2,0,0,5,2,28" ten="113,602,225,60" oya="2" hai0="79,123,9,64,31,89,43,124,103,119,51,7,93" hai1="29,22,59,106,40,26,5,65,102,37,77,27,97" hai2="88,71,87,54,16,53,135,78,94,30,14,122,21" hai3="18,101,129,11,13,70,0,121,113,104,38,126,80"/><V52/><F122/><W2/><G121/><T111/><D123/><U24/><E5/><V108/><F71/><W6/><G129/><T68/><D111/><U107/><E107/><V105/><F105/><W8/><G126/><T110/><D110/><U12/><E77/><V99/><F108/><W4/><G113/><T19/><D124/><U116/><E12/><V74/><F135/><W114/><G114/><T3/><D103/><U72/><E72/><V84/><F74/><W130/><G130/><T98/><D79/><U57/><E116/><V75/><F75/><W82/><G70/><T45/><D31/><U39/><E40/><V85/><F30/><W86/><G38/><T44/><D19/><U32/><E22/><V15/><F78/><W128/><G128/><T90/><D90/><U117/><E117/><V50/><REACH who="2" step="1"/><F15/><REACH who="2" ten="113,602,215,60" step="2"/><W1/><G1/><T115/><D119/><U42/><E29/><V56/><AGARI ba="0,1" hai="14,16,21,50,52,53,54,56,84,85,87,88,94,99" machi="56" ten="30,24000,3" yaku="1,1,2,1,0,1,8,1,54,3,53,3" doraHai="28" doraHaiUra="48" who="2" fromWho="2" sc="113,-80,602,-80,215,250,60,-80" owari="33,-37.0,522,62.0,465,27.0,-20,-52.0" /></mjloggm>