<mjloggm ver="2.3"><GO type="169" lobby="0"/><UN n0="%E5%B0%8F%E9%98%AA%E3%81%A1%E3%81%B2%E3%82%8D" n1="%E3%82%A6%E3%83%AB%E3%83%88%E3%83%A9%E7%AB%8B%E7%9B%B4" n2="%E9%9A%A0%E5%9C%B0%E5%89%8D" n3="%E7%89%9B%E9%A6%AC" dan="17,18,16,16" rate="2169.10,2197.57,2121.80,2095.56" sx="F,M,M,M"/><TAIKYOKU oya="0"/><INIT seed="0,0,0,1,0,15" ten="250,250,250,250" oya="0" hai0="83,84,4,134,29,18,121,94,125,111,46,85,31" hai1="93,25,105,3,59,2,113,107,49,12,95,60,67" hai2="43,82,131,103,50,45,96,68,24,129,69,8,127" hai3="27,116,54,42,123,91,26,133,28,79,128,66,23"/><T6/><D121/><U124/><E124/><V122/><F122/><W7/><G116/><T58/><D134/><U74/><E74/><V44/><F127/><W48/><G128/><N who="2" m="49225" /><F82/><W62/><G42/><T65/><D125/><U32/><E95/><N who="2" m="58783" /><F24/><W71/><G133/><T37/><D111/><U40/><E93/><V78/><F78/><W86/><G79/><N who="0" m="46207" /><D37/><U119/><E119/><V120/><F120/><W118/><G118/><T13/><D46/><U73/><E73/><V57/><F57/><W61/><G7/><N who="0" m="2603" /><D85/><U117/><E107/><V10/><F44/><W51/><G123/><T112/><D112/><U41/><E105/><V17/><F17/><W47/><G26/><T87/><D87/><U77/><E113/><V56/><F56/><W115/><G115/><T63/><D94/><U70/><E117/><V88/><F88/><W39/><G39/><T1/><D1/><U20/><E77/><V5/><F10/><AGARI ba="0,0" hai="10,13,18,29,31,58,63,65" m="2603,46207" machi="10" ten="30,2900,0" yaku="8,1,52,1" doraHai="15" who="0" fromWho="2" sc="250,29,250,0,250,-29,250,0" /><INIT seed="0,1,0,3,0,16" ten="279,250,221,250" oya="0" hai0="37,24,52,53,98,78,103,124,41,109,93,35,59" hai1="21,111,14,44,133,4,71,65,108,11,74,81,85" hai2="12,29,110,28,117,105,76,13,10,42,84,61,77" hai3="38,43,73,83,94,132,50,92,30,47,27,9,51"/><T20/><D124/><U55/><E74/><V1/><F105/><W89/><G132/><T88/><D35/><U57/><E44/><V2/><F117/><W123/><G123/><T99/><D37/><U40/><E40/><V23/><F84/><W49/><G9/><T60/><D41/><U102/><E102/><V62/><F42/><W116/><G116/><T107/><D78/><U119/><E65/><V80/><F80/><W39/><G39/><T56/><D109/><U97/><E97/><V128/><F128/><W8/><G8/><T100/><D107/><U69/><E133/><V134/><F10/><W45/><G45/><T112/><D99/><U129/><E129/><V0/><F134/><W118/><G118/><T86/><D86/><U3/><E119/><V63/><F110/><W87/><REACH who="3" step="1"/><G73/><REACH who="3" ten="279,250,221,240" step="2"/><T33/><D112/><U106/><E111/><V114/><F114/><W82/><G82/><T22/><D33/><AGARI ba="1,1" hai="27,30,33,38,43,47,49,50,51,83,87,89,92,94" machi="33" ten="40,1300,0" yaku="1,1,53,0" doraHai="16" doraHaiUra="32" who="3" fromWho="0" sc="279,-16,250,0,221,0,240,26" /><INIT seed="1,0,0,0,5,21" ten="263,250,221,266" oya="1" hai0="57,96,92,38,60,105,68,61,49,52,11,109,114" hai1="111,8,44,95,43,120,23,12,41,36,62,35,135" hai2="27,86,124,132,116,122,48,42,121,71,117,66,115" hai3="37,16,82,80,13,125,81,108,0,24,75,130,118"/><U74/><E35/><V129/><F86/><W91/><G108/><T133/><D114/><U9/><E74/><V127/><F27/><W79/><G0/><T110/><D105/><U102/><E120/><N who="2" m="46187" /><F115/><W103/><G103/><T56/><D38/><U99/><E111/><N who="0" m="42505" /><D133/><U29/><E135/><V39/><F48/><W65/><G37/><T4/><D68/><U101/><E43/><V51/><F51/><W19/><G125/><N who="2" m="48201" /><F132/><W78/><G65/><T90/><D57/><U53/><E53/><V28/><F28/><W15/><G118/><T113/><D113/><U69/><E62/><N who="2" m="40407" /><F129/><W47/><G130/><T94/><D94/><U112/><E112/><V6/><F6/><W88/><G47/><AGARI ba="0,0" hai="39,42,47,116,117" m="40407,48201,46187" machi="47" ten="30,7700,0" yaku="18,1,23,1,34,2" doraHai="21" who="2" fromWho="3" sc="263,0,250,0,221,77,266,-77" /><INIT seed="2,0,0,4,3,129" ten="263,250,298,189" oya="2" hai0="99,4,85,79,50,43,124,53,66,28,134,31,55" hai1="80,36,40,65,48,16,75,38,89,23,47,81,57" hai2="130,45,106,1,116,111,2,11,100,33,71,113,91" hai3="110,87,112,32,84,70,68,42,46,86,67,64,41"/><V12/><F116/><W19/><G110/><T83/><D124/><U22/><E22/><V88/><F111/><W24/><G112/><T109/><D109/><U8/><E8/><V78/><F113/><W90/><G90/><T95/><D66/><U0/><E0/><V117/><F78/><W49/><G42/><T126/><D126/><U121/><E121/><V108/><F108/><W39/><G39/><T93/><D4/><U118/><E118/><V34/><F71/><W73/><G73/><T131/><D131/><U21/><E21/><V6/><F117/><W15/><G68/><T103/><D43/><U69/><E75/><V35/><F130/><W82/><G82/><T62/><D95/><U27/><E89/><V18/><F45/><W58/><G58/><N who="0" m="35167" /><D134/><U72/><E72/><V98/><REACH who="2" step="1"/><F1/><REACH who="2" ten="263,250,288,189" step="2"/><W132/><G70/><T107/><D107/><U52/><E36/><V44/><F44/><AGARI ba="0,1" hai="28,31,44,50,53,79,83,85,93,99,103" m="35167" machi="44" ten="30,1000,0" yaku="8,1" doraHai="129" who="0" fromWho="2" sc="263,20,250,0,288,-10,189,0" /><INIT seed="3,0,0,5,3,25" ten="283,250,278,189" oya="3" hai0="55,39,35,76,128,102,64,90,42,111,83,45,1" hai1="9,115,50,88,13,41,43,118,22,53,134,27,91" hai2="14,117,86,103,44,107,93,56,126,29,24,78,130" hai3="21,75,84,135,94,100,30,20,6,96,104,127,49"/><W36/><G36/><T12/><D1/><U68/><E68/><V106/><F117/><W105/><G127/><T129/><D111/><U60/><E134/><V125/><F130/><N who="0" m="50282" /><D35/><U47/><E115/><V46/><F14/><W74/><G135/><T33/><D33/><U66/><E66/><V77/><F56/><W4/><G74/><N who="0" m="43415" /><D64/><U131/><E118/><V5/><F5/><W87/><G75/><T52/><D102/><U40/><E60/><V80/><F78/><W31/><G100/><T132/><D132/><U89/><E131/><V11/><F126/><W10/><G49/><T133/><D133/><U15/><REACH who="1" step="1"/><E9/><REACH who="1" ten="283,240,278,189" step="2"/><V70/><F11/><W62/><G10/><T99/><D12/><U85/><E85/><V116/><F70/><W16/><G62/><T26/><D26/><U108/><E108/><V7/><F116/><W8/><G8/><T113/><D113/><U81/><E81/><V120/><F7/><W2/><G2/><T51/><D39/><U48/><E48/><V79/><F125/><W18/><G96/><T123/><D123/><U82/><E82/><V92/><F120/><W54/><G54/><T63/><D63/><U112/><E112/><V72/><F79/><W98/><G98/><T121/><D121/><U37/><E37/><V34/><F72/><W19/><G19/><AGARI ba="0,1" hai="13,15,19,22,27,40,41,43,47,50,53,88,89,91" machi="19" ten="40,5200,0" yaku="1,1,8,1,54,1,53,0" doraHai="25" doraHaiUra="114" who="1" fromWho="3" sc="283,0,240,62,278,0,189,-52" /><INIT seed="4,0,0,4,1,4" ten="283,302,278,137" oya="0" hai0="128,20,75,94,92,89,77,8,57,107,18,25,21" hai1="67,71,88,102,96,111,80,121,133,76,54,27,49" hai2="5,51,61,56,81,23,7,55,35,115,38,125,114" hai3="116,9,124,83,126,70,45,50,15,10,98,95,69"/><T130/><D107/><U86/><E121/><V39/><F35/><W58/><G116/><T26/><D77/><U43/><E111/><V129/><F125/><N who="3" m="48235" /><G58/><T106/><D106/><U110/><E110/><V131/><F23/><W2/><G83/><T99/><D75/><U132/><E43/><V40/><F81/><W87/><G87/><T44/><D44/><U13/><E27/><N who="0" m="10249" /><D128/><N who="2" m="49226" /><F7/><W12/><G2/><T33/><D33/><U73/><E67/><N who="2" m="39335" /><F5/><W62/><G62/><T37/><D37/><N who="2" m="13834" /><F40/><N who="3" m="24871" /><G12/><N who="0" m="7431" /><D130/><U0/><E0/><V64/><F64/><W3/><G3/><T72/><D72/><U113/><E73/><V135/><F135/><W100/><G15/><T36/><D36/><U63/><E13/><V93/><F93/><W14/><G14/><T97/><D94/><N who="1" m="58647" /><E133/><V34/><F34/><W60/><G60/><T1/><D1/><U65/><E132/><V103/><F103/><W78/><G78/><T117/><D99/><U118/><E76/><V108/><F108/><W79/><G79/><T84/><D97/><U29/><E63/><V46/><AGARI ba="0,0" hai="46,51,55,114,115" m="13834,39335,49226" machi="46" ten="40,5200,0" yaku="19,1,34,2" doraHai="4" who="2" fromWho="2" sc="283,-26,302,-13,278,52,137,-13" /><INIT seed="5,0,0,4,2,29" ten="257,289,330,124" oya="1" hai0="52,107,108,90,14,11,77,91,66,114,28,123,99" hai1="135,8,32,121,115,50,45,27,59,103,102,57,51" hai2="61,109,116,16,73,83,94,104,87,15,44,26,23" hai3="2,33,60,119,133,98,62,17,75,4,131,129,6"/><U71/><E71/><V34/><F104/><W69/><G75/><T88/><D108/><U40/><E121/><V64/><F116/><W22/><G119/><T105/><D114/><U41/><E115/><V68/><F109/><W46/><G133/><T18/><D123/><U21/><E32/><V58/><F73/><W48/><G98/><T12/><D66/><U42/><E8/><V82/><F94/><W120/><G120/><T106/><D77/><U127/><E127/><V0/><F0/><W100/><G100/><N who="1" m="38442" /><E135/><V80/><F44/><W1/><G33/><T97/><D28/><N who="1" m="17519" /><E51/><V89/><F34/><W31/><G31/><T70/><D70/><U128/><E128/><N who="3" m="49226" /><G2/><T125/><D125/><U122/><E122/><V24/><REACH who="2" step="1"/><F68/><REACH who="2" ten="257,289,320,124" step="2"/><W47/><G69/><T20/><D105/><U78/><E78/><V113/><F113/><W126/><G126/><T65/><D106/><U86/><E86/><V56/><F56/><AGARI ba="0,1" hai="40,41,42,45,50,56,57,59" m="17519,38442" machi="56" ten="30,1500,0" yaku="8,1" doraHai="29" who="1" fromWho="2" sc="257,0,289,25,320,-15,124,0" /><INIT seed="5,1,0,0,1,6" ten="257,314,305,124" oya="1" hai0="82,65,13,22,10,102,128,120,115,55,93,116,45" hai1="79,20,17,77,32,106,12,107,70,19,64,41,126" hai2="24,53,28,47,118,54,9,15,11,8,38,90,111" hai3="16,112,34,48,61,80,114,76,59,1,89,95,105"/><U130/><E32/><V91/><F118/><W100/><G34/><T131/><D116/><U83/><E126/><V2/><F2/><W49/><G1/><T62/><D115/><U4/><E4/><V35/><F111/><W101/><G49/><N who="0" m="29103" /><D22/><U27/><E41/><V104/><F104/><W97/><G48/><T31/><D31/><U67/><E130/><N who="0" m="49705" /><D82/><U84/><E77/><V132/><F15/><W5/><G5/><N who="0" m="3279" /><D120/><U122/><E122/><V3/><F3/><W7/><G7/><T42/><D42/><U135/><E135/><V103/><F132/><W56/><G56/><T73/><D73/><U86/><E70/><V98/><F38/><W46/><G46/><T92/><D102/><U85/><E107/><V125/><F125/><W21/><G112/><T123/><D123/><U0/><E106/><V96/><F103/><W71/><G105/><T51/><D51/><U72/><REACH who="1" step="1"/><E0/><REACH who="1" ten="257,304,305,124" step="2"/><V57/><F47/><W25/><G71/><AGARI ba="1,1" hai="62,65,71,92,93" m="3279,49705,29103" machi="71" ten="30,2000,0" yaku="19,1,52,1" doraHai="6" who="0" fromWho="3" sc="257,33,304,0,305,0,124,-23" /><INIT seed="6,0,0,1,0,27" ten="290,304,305,101" oya="2" hai0="37,123,46,109,73,129,69,15,58,122,106,53,113" hai1="31,66,47,40,128,98,82,9,48,132,42,62,6" hai2="131,77,115,108,92,78,24,133,22,61,43,84,85" hai3="20,44,99,130,87,13,32,0,34,111,127,95,107"/><V25/><F108/><W116/><G111/><T55/><D109/><U39/><E128/><V100/><F131/><W126/><G0/><T60/><D106/><U89/><E132/><V41/><F133/><W112/><G130/><T134/><D73/><U97/><E39/><V30/><F115/><W26/><G116/><T8/><D134/><U118/><E42/><N who="2" m="15883" /><F61/><W71/><G71/><T117/><D129/><U14/><E118/><V28/><F100/><W21/><G112/><T70/><D117/><U10/><E10/><V23/><F92/><W102/><G34/><T125/><D125/><U86/><REACH who="1" step="1"/><E31/><REACH who="1" ten="290,294,305,101" step="2"/><V96/><F96/><W12/><G126/><T104/><D37/><U75/><E75/><V88/><F88/><W135/><G127/><T110/><D110/><U80/><E80/><V114/><F114/><W52/><G135/><T59/><D113/><U119/><E119/><V33/><F33/><W54/><G32/><T1/><D122/><U38/><E38/><V17/><F17/><W72/><G72/><T2/><D123/><U45/><E45/><V50/><F50/><W16/><G21/><T79/><D46/><U64/><E64/><V7/><F7/><W49/><REACH who="3" step="1"/><G54/><REACH who="3" ten="290,294,305,91" step="2"/><T57/><D53/><U63/><E63/><V4/><F78/><W124/><G124/><T65/><D55/><U101/><E101/><V91/><F77/><W90/><AGARI ba="0,2" hai="12,13,16,20,26,44,49,52,87,90,95,99,102,107" machi="90" ten="30,7900,0" yaku="1,1,0,1,54,2,53,0" doraHai="27" doraHaiUra="68" who="3" fromWho="3" sc="290,-20,294,-20,305,-39,91,99" /><INIT seed="7,0,0,0,4,1" ten="270,274,266,190" oya="3" hai0="69,121,70,59,15,120,123,29,41,36,26,82,35" hai1="98,14,101,58,6,90,74,92,57,62,38,42,126" hai2="65,116,93,33,53,131,107,71,76,55,75,132,34" hai3="124,61,100,2,37,3,80,81,91,18,28,39,10"/><W45/><G28/><T73/><D41/><U21/><E74/><V111/><F116/><W109/><G100/><T20/><D36/><U4/><E126/><V122/><F107/><W32/><G32/><T24/><D15/><U16/><E42/><V104/><F104/><W79/><G124/><T46/><D46/><U102/><E38/><V49/><F111/><W88/><G109/><T103/><D103/><N who="1" m="39435" /><E58/><V133/><F122/><W54/><G3/><T44/><D44/><U72/><E72/><V115/><F131/><W17/><G17/><T110/><D110/><U83/><E83/><N who="2" m="45471" /><F93/><W130/><G130/><T12/><D12/><U87/><E87/><V52/><F49/><N who="3" m="28975" /><G61/><T66/><D59/><U118/><E118/><V22/><F22/><W68/><G68/><T60/><D70/><U96/><E96/><V9/><F9/><W128/><G128/><T64/><D64/><AGARI ba="0,0" hai="4,6,14,16,21,57,62,64,90,92,98" m="39435" machi="64" ten="30,7700,0" yaku="8,1,52,2,54,1" doraHai="1" who="1" fromWho="0" sc="270,-77,274,77,266,0,190,0" owari="193,-21.0,351,45.0,266,7.0,190,-31.0" /></mjloggm>