<mjloggm ver="2.3"><GO type="169" lobby="0"/><UN n0="%E5%B0%B1%E6%B4%BB%E7%94%9F%40%E5%B7%9D%E6%9D%91%E8%BB%8D%E5%9B%A3" n1="%E4%B8%AD%E5%A0%85%EF%BC%A0%E3%83%8F%E3%83%BC%E3%83%99%E3%82%B9%E3%83%88" n2="%E3%81%A1%E3%82%83%E3%81%93%E3%81%93" n3="%E5%A4%A2%E8%A6%8B%E3%81%8C%E3%81%A1" dan="18,16,17,16" rate="2323.08,2050.51,2186.79,2063.82" sx="M,F,F,M"/><TAIKYOKU oya="0"/><INIT seed="0,0,0,2,1,42" ten="250,250,250,250" oya="0" hai0="135,16,65,62,71,49,30,48,103,19,79,32,34" hai1="66,87,7,131,85,81,58,54,107,96,22,11,89" hai2="55,129,73,102,44,70,64,110,43,40,104,8,41" hai3="25,2,67,75,33,94,95,108,126,4,122,52,27"/><T120/><D120/><U86/><E131/><V132/><F73/><W9/><G75/><T116/><D116/><U14/><E66/><V106/><F129/><W37/><G37/><T21/><D135/><U18/><E107/><V57/><F102/><W28/><G122/><T112/><D112/><U3/><REACH who="1" step="1"/><E96/><REACH who="1" ten="250,240,250,250" step="2"/><V31/><F106/><W123/><G123/><T10/><D34/><U121/><E121/><V36/><F104/><W114/><G67/><T92/><D32/><U53/><E53/><V130/><F130/><W101/><G114/><T133/><D133/><U13/><E13/><V17/><F132/><W46/><G108/><T72/><D72/><U60/><AGARI ba="0,1" hai="3,7,11,14,18,22,54,58,60,81,85,86,87,89" machi="60" ten="20,5200,0" yaku="1,1,0,1,7,1,53,1" doraHai="42" doraHaiUra="5" who="1" fromWho="1" sc="250,-26,240,62,250,-13,250,-13" /><INIT seed="1,0,0,5,2,20" ten="224,302,237,237" oya="1" hai0="24,66,79,39,103,0,45,132,127,89,8,50,13" hai1="55,22,109,40,124,42,34,102,86,104,23,107,25" hai2="60,19,85,62,112,117,56,128,126,43,33,119,29" hai3="26,111,121,15,73,84,68,106,113,105,30,70,118"/><U1/><E1/><V61/><F128/><W120/><G73/><T134/><D39/><U96/><E124/><V32/><F126/><W35/><G113/><T77/><D127/><U122/><E122/><V18/><F56/><W47/><G15/><T95/><D0/><U76/><E107/><N who="3" m="40970" /><G47/><T130/><D103/><U44/><E55/><V14/><F43/><W110/><G84/><T3/><D66/><U87/><E42/><V38/><F38/><W81/><G81/><T115/><D3/><U2/><E2/><V4/><F112/><W49/><G49/><T94/><D115/><U75/><E109/><N who="3" m="41482" /><G118/><T71/><D71/><AGARI ba="0,0" hai="26,30,35,68,70,71,120,121" m="41482,40970" machi="71" ten="40,5200,0" yaku="14,1,23,1,52,1" doraHai="20" who="3" fromWho="0" sc="224,-52,302,0,237,0,237,52" /><INIT seed="2,0,0,1,5,41" ten="172,302,237,289" oya="2" hai0="38,60,34,85,106,127,13,83,62,109,68,121,118" hai1="78,65,115,54,107,103,111,18,82,15,43,50,76" hai2="33,86,81,42,49,70,120,72,113,87,24,94,110" hai3="96,17,16,91,59,61,45,14,7,130,30,98,37"/><V0/><F120/><W123/><G123/><T73/><RYUUKYOKU type="yao9" ba="0,0" sc="172,0,302,0,237,0,289,0" hai0="13,34,38,60,62,68,73,83,85,106,109,118,121,127" /><INIT seed="2,1,0,0,5,124" ten="172,302,237,289" oya="2" hai0="125,19,110,105,10,16,76,97,119,68,82,61,64" hai1="45,94,99,98,127,59,87,52,121,78,74,12,20" hai2="42,86,95,115,96,57,34,4,73,44,3,131,72" hai3="62,67,5,84,66,23,31,9,53,18,11,114,77"/><V14/><F115/><W107/><G107/><T90/><D125/><U85/><E127/><V49/><F34/><W111/><G111/><T109/><D119/><U116/><E116/><V103/><F3/><W28/><G114/><T93/><D105/><U60/><E121/><V27/><F131/><W81/><G9/><T123/><D123/><U51/><E74/><V118/><F118/><W89/><G53/><T129/><D129/><U63/><E63/><V25/><F57/><W40/><G40/><T108/><REACH who="0" step="1"/><D10/><REACH who="0" ten="162,302,237,289" step="2"/><U24/><E78/><V122/><F122/><W80/><G11/><T21/><D21/><U88/><E12/><V50/><F72/><AGARI ba="1,1" hai="16,19,61,64,68,72,76,82,90,93,97,108,109,110" machi="72" ten="40,5200,0" yaku="1,1,14,1,54,1,53,0" doraHai="124" doraHaiUra="117" who="0" fromWho="2" sc="162,65,302,0,237,-55,289,0" /><INIT seed="3,0,0,1,4,49" ten="227,302,182,289" oya="3" hai0="30,58,60,91,4,40,126,15,62,96,64,105,114" hai1="32,115,61,82,124,13,111,131,74,86,69,33,46" hai2="8,5,95,135,123,21,31,104,70,73,65,76,9" hai3="41,19,24,119,80,20,10,36,7,85,26,118,18"/><W2/><G36/><T72/><D72/><U89/><E115/><V100/><F104/><W16/><G41/><T113/><D40/><U128/><E111/><V101/><F135/><W53/><G53/><T44/><D44/><U59/><E69/><V107/><F95/><W109/><G109/><T63/><D30/><U78/><E46/><V56/><F9/><W90/><REACH who="3" step="1"/><G26/><REACH who="3" ten="227,302,182,279" step="2"/><T75/><D113/><U54/><E124/><V0/><F65/><W106/><G106/><T22/><D126/><U23/><E131/><V57/><F107/><W127/><G127/><T84/><D105/><U108/><E128/><V102/><F123/><W51/><G51/><T11/><D114/><U29/><E108/><V43/><F43/><W55/><G55/><T77/><D64/><U117/><E117/><AGARI ba="0,1" hai="2,7,10,16,18,19,20,24,80,85,90,117,118,119" machi="117" ten="40,3900,0" yaku="1,1,54,1,53,0" doraHai="49" doraHaiUra="38" who="3" fromWho="1" sc="227,0,302,-39,182,0,279,49" /><INIT seed="3,1,0,5,4,54" ten="227,263,182,328" oya="3" hai0="18,19,57,48,56,128,71,14,4,95,107,114,89" hai1="0,5,22,86,13,85,70,27,94,16,67,38,79" hai2="91,97,132,32,130,35,118,8,53,115,127,81,106" hai3="76,88,90,75,93,126,99,30,73,31,109,39,92"/><W47/><G126/><T42/><D107/><U17/><E38/><V34/><F118/><W9/><G9/><N who="0" m="4391" /><D71/><U129/><E129/><V51/><F115/><W124/><G124/><T120/><D120/><U78/><E0/><V26/><F132/><W37/><G109/><T24/><D128/><U46/><E5/><V6/><F130/><W116/><G116/><T117/><D117/><U36/><E70/><V41/><F41/><W135/><G135/><T108/><D108/><U87/><E67/><V3/><F127/><W77/><G47/><N who="0" m="25719" /><D114/><U50/><E36/><V119/><F119/><W52/><G99/><N who="0" m="57839" /><D24/><U111/><E111/><V59/><F26/><W69/><G69/><T29/><D29/><U72/><E72/><V11/><F11/><W49/><G73/><T105/><D105/><U58/><E94/><V100/><REACH who="2" step="1"/><F34/><REACH who="2" ten="227,263,172,328" step="2"/><W83/><G37/><T64/><D64/><U15/><E27/><V123/><F123/><W104/><G39/><T96/><D96/><U63/><E79/><V60/><F60/><W33/><G33/><T2/><D2/><U12/><E78/><V20/><F20/><W21/><G21/><T74/><D74/><U133/><E133/><V98/><F98/><W40/><G75/><T101/><D101/><U44/><E22/><V66/><F66/><W43/><G104/><T80/><D80/><U68/><E68/><V134/><F134/><W1/><G83/><T131/><D131/><U102/><E102/><V82/><F82/><W61/><G1/><T25/><D25/><U110/><E110/><V112/><F112/><W84/><G61/><RYUUKYOKU ba="1,1" sc="227,15,263,-15,172,15,328,-15" hai0="18,19,56,57" hai2="3,6,8,32,35,51,53,59,81,91,97,100,106" /><INIT seed="4,2,1,1,3,39" ten="242,248,187,313" oya="0" hai0="88,109,85,113,64,59,95,110,25,100,97,43,23" hai1="8,9,65,11,83,34,127,40,6,122,84,81,129" hai2="32,17,18,132,22,98,10,117,82,1,46,26,70" hai3="118,44,102,45,56,58,38,128,47,108,55,62,126"/><T36/><D113/><U27/><E122/><V107/><F70/><W49/><G118/><T130/><D130/><U68/><E129/><V24/><F82/><W133/><G128/><T29/><D64/><U78/><E127/><V114/><F107/><W7/><G7/><T104/><REACH who="0" step="1"/><D59/><REACH who="0" ten="232,248,187,313" step="2"/><U28/><E65/><V86/><F114/><W50/><G126/><T2/><D2/><U30/><E68/><V73/><F1/><W5/><G133/><T53/><D53/><U19/><E30/><V121/><F132/><W61/><G108/><T89/><D89/><U66/><E66/><V79/><F121/><W54/><G102/><T112/><D112/><U0/><E19/><V4/><F18/><W96/><G5/><T52/><D52/><U75/><E40/><V12/><F4/><W116/><G116/><T92/><D92/><U21/><E34/><V103/><F32/><W14/><G55/><T90/><D90/><AGARI ba="2,2" hai="0,6,8,9,11,21,27,28,75,78,81,83,84,90" machi="90" ten="30,1000,0" yaku="7,1" doraHai="39" who="1" fromWho="0" sc="232,-16,248,36,187,0,313,0" /><INIT seed="5,0,0,1,0,30" ten="216,284,187,313" oya="1" hai0="114,41,62,66,61,13,0,54,113,134,83,82,10" hai1="129,123,48,33,17,86,28,77,87,131,88,67,122" hai2="106,38,101,105,69,118,49,91,111,112,70,76,99" hai3="108,79,32,31,68,58,75,42,46,116,85,117,130"/><U71/><E17/><V133/><F111/><W89/><G68/><T52/><D0/><U94/><E48/><V7/><F118/><W22/><G130/><N who="1" m="49674" /><E67/><V44/><F38/><W90/><G108/><T18/><D134/><U72/><E71/><V9/><F106/><W121/><G121/><T65/><D41/><U24/><E72/><V8/><F133/><W27/><G75/><T19/><D13/><U47/><E47/><V50/><F76/><W36/><G58/><T39/><D10/><U126/><E126/><V1/><F49/><W64/><G64/><T25/><D25/><U35/><E35/><V128/><F128/><W40/><G40/><T92/><D92/><U55/><E55/><V135/><F135/><W56/><G56/><T115/><REACH who="0" step="1"/><D113/><REACH who="0" ten="206,284,187,313" step="2"/><U60/><E60/><V21/><F112/><W80/><G117/><T132/><D132/><U73/><E73/><V15/><F8/><W127/><G116/><T14/><D14/><U45/><E45/><V120/><F15/><W63/><G27/><T34/><D34/><U16/><E16/><V96/><F21/><W74/><G32/><T6/><D6/><U26/><E24/><V102/><F1/><W5/><G42/><T11/><D11/><U37/><E37/><AGARI ba="0,1" hai="18,19,37,39,52,54,61,62,65,66,82,83,114,115" machi="37" ten="25,6400,0" yaku="1,1,22,2,54,1,53,0" doraHai="30" doraHaiUra="119" who="0" fromWho="1" sc="206,74,284,-64,187,0,313,0" /><INIT seed="6,0,0,0,3,68" ten="280,220,187,313" oya="2" hai0="42,94,17,22,102,70,75,6,92,45,32,116,15" hai1="2,125,91,40,34,71,80,33,58,106,50,93,64" hai2="8,37,108,66,1,133,72,30,5,39,103,121,128" hai3="122,46,26,110,101,35,10,25,44,67,24,11,18"/><V7/><F121/><W113/><G122/><T84/><D75/><U90/><E106/><V13/><F133/><W48/><G110/><T123/><D70/><U43/><E2/><V120/><F120/><W38/><G101/><T99/><D123/><U78/><E125/><V82/><F108/><W52/><G67/><T126/><D116/><U28/><E28/><V21/><F128/><W57/><G113/><T77/><D126/><U62/><E43/><V49/><F5/><W76/><G76/><T14/><D32/><U89/><E93/><V0/><F66/><W134/><G134/><T60/><D60/><U131/><E131/><V79/><F103/><W129/><G129/><T118/><D118/><U105/><E105/><V69/><F69/><W98/><G98/><T117/><D117/><U114/><E114/><V65/><F65/><W115/><G115/><T85/><D77/><U135/><E135/><V56/><F1/><W109/><G109/><T23/><D92/><U96/><E96/><V81/><F81/><W88/><G35/><T47/><D47/><N who="3" m="17961" /><G38/><T111/><D111/><U27/><E27/><N who="2" m="16751" /><F0/><W12/><G10/><N who="0" m="4439" /><D22/><U16/><E40/><V83/><F83/><W55/><G55/><T130/><D130/><U100/><E100/><V127/><F127/><W19/><G25/><T61/><D61/><U54/><REACH who="1" step="1"/><E16/><REACH who="1" ten="280,210,187,313" step="2"/><V86/><F72/><AGARI ba="0,1" hai="33,34,50,54,58,62,64,71,72,78,80,89,90,91" machi="72" ten="40,2600,0" yaku="1,1,2,1,53,0" doraHai="68" doraHaiUra="4" who="1" fromWho="2" sc="280,0,210,36,187,-26,313,0" /><INIT seed="7,0,0,3,1,110" ten="280,246,161,313" oya="3" hai0="73,93,95,55,92,83,88,75,32,43,9,130,60" hai1="42,26,129,99,118,86,17,132,64,76,12,50,41" hai2="82,105,121,117,37,74,56,78,61,70,27,21,97" hai3="14,51,19,23,96,116,114,49,77,135,33,91,100"/><W48/><G33/><T87/><D32/><U53/><E118/><V1/><F1/><W85/><G77/><T10/><D43/><U47/><E129/><V45/><F70/><W120/><G120/><T94/><D130/><U57/><E132/><V126/><F117/><W15/><G116/><T119/><D119/><U39/><E99/><V13/><F13/><W109/><G135/><T84/><D75/><U11/><E64/><V0/><F0/><W65/><G65/><T18/><D73/><U67/><E67/><V28/><F121/><W29/><G29/><T123/><D123/><U106/><E106/><V20/><F126/><W89/><G15/><T58/><REACH who="0" step="1"/><D18/><REACH who="0" ten="270,246,161,313" step="2"/><U2/><E42/><V22/><F37/><W113/><G109/><T5/><D5/><U44/><E39/><V30/><F30/><W36/><G36/><T34/><D34/><U81/><E41/><V40/><F40/><W108/><G108/><T46/><D46/><U131/><E131/><V127/><F127/><W124/><G124/><T6/><D6/><U103/><E47/><V8/><F45/><W35/><G35/><T104/><D104/><U52/><E2/><V54/><REACH who="2" step="1"/><F8/><REACH who="2" ten="270,246,151,313" step="2"/><W71/><G71/><T7/><D7/><U79/><E11/><V68/><F68/><W122/><G122/><T66/><D66/><U3/><E3/><V134/><F134/><W24/><G14/><T115/><D115/><U112/><E112/><V69/><F69/><W63/><G114/><T31/><D31/><U101/><E12/><V38/><F38/><W72/><G113/><T16/><D16/><RYUUKYOKU ba="0,2" sc="270,15,246,-15,151,15,313,-15" hai0="9,10,55,58,60,83,84,87,88,92,93,94,95" hai2="20,21,22,27,28,54,56,61,74,78,82,97,105" /><INIT seed="8,1,2,5,1,132" ten="285,231,166,298" oya="0" hai0="113,31,1,48,30,83,62,99,29,124,108,97,92" hai1="93,73,59,28,21,123,9,103,24,133,82,0,90" hai2="72,111,77,122,37,78,47,69,109,106,71,115,49" hai3="96,20,56,121,39,60,65,43,33,67,44,112,42"/><T52/><D124/><U80/><E123/><V11/><F122/><W54/><G33/><T104/><D113/><U26/><E133/><V2/><F49/><W41/><G112/><T95/><D1/><U117/><E117/><V50/><F50/><N who="3" m="28999" /><G96/><N who="0" m="36939" /><D104/><U114/><E114/><V23/><F23/><W120/><G20/><T6/><D108/><N who="2" m="41546" /><F78/><W127/><G127/><T4/><D62/><U135/><E103/><V91/><F91/><W119/><G119/><T36/><D83/><U16/><E135/><V25/><F25/><W63/><G39/><T35/><D35/><U131/><E131/><V89/><F89/><W105/><G105/><T84/><D36/><U46/><E46/><V118/><F115/><W81/><G81/><T125/><D125/><U98/><E73/><V32/><F118/><W18/><G18/><T34/><D34/><U102/><E102/><V110/><N who="2" m="41554" /><V107/><DORA hai="116" /><F32/><W61/><G61/><T51/><D51/><U55/><E0/><V87/><F87/><W3/><G3/><T7/><D84/><U79/><E79/><V13/><F77/><W130/><G130/><T88/><D88/><U94/><E94/><V128/><F72/><W53/><G67/><T45/><AGARI ba="1,2" hai="4,6,7,29,30,31,45,48,52,92,95" m="36939" machi="45" ten="40,3900,0" yaku="8,1,54,1" doraHai="132,116" who="0" fromWho="0" sc="285,62,231,-14,166,-14,298,-14" owari="347,45.0,217,-18.0,152,-35.0,284,8.0" /></mjloggm>