<mjloggm ver="2.3"><GO type="169" lobby="0"/><UN n0="%E2%80%A0%73%74%72%61%77%E2%80%A0" n1="%E3%83%88%E3%83%88%E3%83%AA%E5%85%88%E7%94%9F%31%39%E6%AD%B3" n2="%E6%9D%B1%E9%A2%A8%E3%81%B1%E3%81%84%E3%82%93" n3="%53%48%49%53%55%4B%45" dan="17,18,16,16" rate="2181.87,2243.76,2119.03,2088.36" sx="M,F,M,M"/><TAIKYOKU oya="0"/><INIT seed="0,0,0,4,4,112" ten="250,250,250,250" oya="0" hai0="31,86,40,50,71,52,54,4,58,46,25,99,37" hai1="97,14,62,88,119,66,105,98,49,18,34,23,129" hai2="24,123,45,89,74,35,92,126,84,75,116,10,132" hai3="28,72,114,63,43,133,38,36,117,122,47,103,104"/><T125/><D125/><U131/><E34/><V78/><F123/><W67/><G72/><T91/><D71/><U41/><E105/><V48/><F126/><W130/><G122/><T106/><D4/><U87/><E119/><V77/><F132/><W110/><G114/><T124/><D124/><U134/><E134/><V108/><F108/><W107/><G133/><T100/><D54/><U135/><E135/><V61/><F116/><W111/><G36/><T102/><D102/><U53/><E41/><V121/><F121/><W55/><G55/><T3/><D3/><U26/><E26/><V83/><F10/><W95/><G28/><T39/><D86/><U30/><E30/><V101/><F61/><W22/><G22/><T44/><D91/><U70/><E129/><V13/><F13/><W127/><G127/><T81/><D81/><U115/><E131/><V120/><F120/><W76/><G76/><T113/><D113/><U11/><E23/><V12/><F12/><W21/><G21/><T0/><D0/><U94/><REACH who="1" step="1"/><E115/><REACH who="1" ten="250,240,250,250" step="2"/><V19/><F35/><W128/><G117/><T109/><D109/><N who="3" m="41481" /><G128/><T20/><REACH who="0" step="1"/><D46/><AGARI ba="0,1" hai="11,14,18,46,49,53,62,66,70,87,88,94,97,98" machi="46" ten="30,3900,0" yaku="1,1,7,1,54,1,53,0" doraHai="112" doraHaiUra="73" who="1" fromWho="0" sc="250,-39,240,49,250,0,250,0" /><INIT seed="1,0,0,1,0,107" ten="211,289,250,250" oya="1" hai0="32,65,104,6,110,4,7,118,126,87,84,103,120" hai1="99,100,111,35,52,13,122,89,124,116,106,91,22" hai2="114,113,33,112,60,96,5,55,12,45,57,101,123" hai3="67,11,3,8,27,64,20,134,9,37,34,125,117"/><U75/><E116/><V76/><F123/><W15/><G37/><T94/><D118/><U78/><E122/><V29/><F76/><W102/><G117/><T38/><D110/><U14/><E35/><V98/><F101/><W85/><G34/><T90/><D120/><U53/><E111/><V49/><F5/><W50/><G3/><T88/><D32/><U17/><E124/><V105/><F12/><W130/><G125/><T43/><D126/><U21/><E78/><V40/><REACH who="2" step="1"/><F105/><REACH who="2" ten="211,289,240,250" step="2"/><W95/><G102/><T58/><D103/><U131/><E100/><V44/><F44/><W42/><G15/><T72/><D104/><U26/><E106/><V16/><F16/><N who="3" m="12679" /><G130/><T109/><D109/><U23/><E131/><V71/><F71/><W39/><G134/><T2/><D7/><U59/><E14/><V63/><F63/><W132/><G132/><T19/><D6/><U48/><E13/><V30/><F30/><W83/><G95/><T73/><D19/><U68/><E68/><V62/><F62/><W28/><G28/><T56/><D4/><U25/><E17/><V129/><F129/><W82/><G82/><T10/><D2/><U97/><E89/><V66/><F66/><W128/><G128/><T70/><D70/><U127/><E127/><V86/><F86/><W54/><G85/><T119/><D119/><U31/><E31/><V135/><F135/><W69/><G83/><N who="0" m="49183" /><D10/><N who="3" m="2561" /><W115/><DORA hai="79" /><G69/><T51/><D65/><U133/><E133/><V46/><F46/><N who="3" m="27991" /><G115/><T81/><D81/><U108/><E108/><V24/><AGARI ba="0,1" hai="24,29,33,40,45,49,55,57,60,96,98,112,113,114" machi="24" ten="40,5200,0" yaku="1,1,0,1,11,1,53,0" doraHai="107,79" doraHaiUra="74,80" who="2" fromWho="2" sc="211,-13,289,-26,240,62,250,-13" /><INIT seed="2,0,0,2,3,95" ten="198,263,302,237" oya="2" hai0="4,128,109,47,117,28,122,60,48,110,114,1,37" hai1="104,90,119,9,45,115,26,94,15,17,80,131,64" hai2="36,62,111,130,14,31,53,35,67,56,43,78,42" hai3="6,84,2,126,18,73,106,102,8,99,23,127,58"/><V132/><F132/><W39/><G73/><T0/><D114/><U96/><E131/><V70/><F130/><W22/><G39/><T134/><D128/><U5/><E115/><V123/><F123/><W135/><G135/><T50/><D122/><U105/><E119/><V74/><F111/><N who="0" m="42506" /><D134/><U77/><E64/><V20/><F35/><W25/><G84/><T112/><D117/><U118/><E118/><V7/><F36/><W41/><G41/><N who="0" m="22959" /><D112/><U81/><E81/><V40/><F74/><W82/><G82/><T32/><D60/><U124/><E124/><V34/><F78/><W57/><REACH who="3" step="1"/><G23/><REACH who="3" ten="198,263,302,227" step="2"/><T24/><D24/><U92/><BYE who="0" /><E80/><V38/><F38/><W3/><G3/><T133/><D133/><U116/><E116/><V33/><F20/><W93/><G93/><T120/><D120/><U21/><E77/><V65/><F33/><W51/><G51/><T19/><D19/><U108/><E108/><V55/><F34/><W97/><G97/><T129/><D129/><U72/><E72/><V12/><F40/><W76/><G76/><T71/><D71/><U46/><E104/><V98/><F70/><W83/><G83/><UN n0="%E2%80%A0%73%74%72%61%77%E2%80%A0" /><T52/><D50/><U30/><E105/><V88/><F98/><W69/><G69/><T63/><D48/><U29/><E92/><V66/><F43/><W59/><AGARI ba="0,1" hai="2,6,8,18,22,25,57,58,59,99,102,106,126,127" machi="59" ten="30,4000,0" yaku="1,1,0,1,52,1,53,0" doraHai="95" doraHaiUra="89" who="3" fromWho="3" sc="198,-10,263,-10,302,-20,227,50" /><INIT seed="3,0,0,2,4,96" ten="188,253,282,277" oya="3" hai0="55,95,61,119,37,53,10,48,72,8,111,124,36" hai1="87,47,116,88,85,132,24,67,62,21,126,14,33" hai2="41,113,103,15,99,82,38,26,128,13,105,57,5" hai3="78,115,56,70,76,102,80,91,112,84,68,44,122"/><W1/><G1/><T19/><D119/><U18/><E116/><V42/><F113/><W109/><G122/><T17/><D111/><U2/><E2/><V9/><F128/><W108/><G56/><T46/><D72/><U12/><E132/><V69/><F69/><W75/><G68/><T29/><D124/><U49/><E126/><V25/><F38/><W101/><G70/><T31/><D95/><U104/><E104/><V114/><F114/><N who="3" m="43563" /><G44/><T74/><D74/><U107/><E107/><V100/><F100/><N who="3" m="38507" /><G78/><T121/><D48/><U86/><E33/><V73/><F57/><W90/><G90/><T125/><D125/><U65/><E88/><V4/><F42/><W59/><G59/><T127/><D127/><U64/><E62/><V40/><F41/><AGARI ba="0,0" hai="12,14,18,21,24,41,47,49,64,65,67,85,86,87" machi="41" ten="40,1300,0" yaku="8,1" doraHai="96" who="1" fromWho="2" sc="188,0,253,13,282,-13,277,0" /><INIT seed="4,0,0,3,2,96" ten="188,266,269,277" oya="0" hai0="6,95,103,25,64,71,53,62,29,5,132,63,13" hai1="50,32,104,119,10,74,93,86,19,125,66,118,92" hai2="9,47,14,2,49,31,112,111,115,113,67,84,28" hai3="61,17,40,87,134,12,44,99,126,76,48,46,78"/><T45/><D132/><U127/><E74/><V110/><F2/><W11/><G134/><T121/><D121/><U94/><E32/><V56/><F84/><W97/><G126/><N who="1" m="48138" /><E66/><V58/><F14/><W26/><G61/><T15/><D15/><N who="1" m="7671" /><E104/><V21/><F9/><W109/><G109/><N who="2" m="41481" /><F21/><N who="3" m="13615" /><G46/><T129/><D129/><U90/><E50/><V135/><F135/><W101/><G101/><T38/><D13/><U133/><E133/><V37/><F37/><W69/><G69/><T4/><D38/><U128/><E128/><V124/><F124/><W123/><G123/><T81/><D81/><AGARI ba="0,0" hai="81,86,90,92,93,94,118,119" m="7671,48138" machi="81" ten="30,1000,0" yaku="18,1" doraHai="96" who="1" fromWho="0" sc="188,-10,266,10,269,0,277,0" /><INIT seed="5,0,0,4,1,47" ten="178,276,269,277" oya="1" hai0="88,106,53,74,119,84,2,115,59,7,65,132,10" hai1="73,39,28,71,43,48,56,107,135,87,122,17,110" hai2="94,44,96,52,49,67,130,133,80,120,129,18,131" hai3="116,97,91,32,33,64,13,24,70,21,104,58,26"/><U0/><E122/><V69/><F120/><W108/><G108/><T126/><D115/><U36/><E73/><V76/><F133/><W111/><G111/><T134/><D126/><U29/><E71/><V55/><F18/><W15/><G58/><T123/><D119/><U54/><E110/><V14/><F14/><W40/><G40/><T95/><D123/><U11/><E107/><V1/><F1/><W4/><G4/><T92/><D106/><U99/><E135/><V61/><F55/><W85/><G116/><T103/><D74/><U51/><E99/><V109/><F109/><W102/><G33/><T35/><D35/><U113/><E113/><V34/><F34/><W121/><G121/><T77/><D77/><U66/><E66/><V63/><F63/><N who="3" m="40223" /><G21/><T60/><D134/><U90/><E39/><V57/><F69/><W118/><G24/><T50/><D132/><U89/><E36/><V72/><REACH who="2" step="1"/><F130/><REACH who="2" ten="178,276,259,277" step="2"/><W127/><G118/><T37/><D37/><U125/><E0/><V114/><F114/><W5/><G127/><T22/><D22/><U105/><E125/><V101/><AGARI ba="0,1" hai="44,49,52,57,61,67,72,76,80,94,96,101,129,131" machi="101" ten="30,7900,0" yaku="1,1,0,1,52,1,54,1,53,0" doraHai="47" doraHaiUra="6" who="2" fromWho="2" sc="178,-20,276,-39,259,89,277,-20" /><INIT seed="6,0,0,4,1,27" ten="158,237,348,257" oya="2" hai0="86,33,134,130,90,99,127,8,12,112,97,30,51" hai1="32,95,48,126,101,1,14,0,87,58,36,114,2" hai2="54,128,124,82,113,23,110,52,47,9,78,66,10" hai3="50,91,55,59,131,26,120,96,18,38,73,68,76"/><V24/><F113/><W21/><G120/><T35/><D112/><U53/><E114/><V5/><F128/><W129/><G38/><T105/><D127/><U74/><E36/><V80/><F124/><W13/><G68/><T81/><D130/><N who="3" m="49673" /><G76/><T88/><D134/><U67/><E126/><V118/><F118/><W62/><G73/><T49/><D35/><U107/><E74/><V20/><F66/><W39/><G39/><T7/><D105/><U63/><E32/><V125/><F125/><W4/><G4/><T41/><D41/><U70/><E107/><V69/><F69/><W42/><G42/><T92/><REACH who="0" step="1"/><D99/><REACH who="0" ten="148,237,348,257" step="2"/><U111/><E111/><V37/><F110/><W94/><G96/><T34/><D34/><U85/><E0/><V104/><F104/><W79/><G79/><T102/><D102/><U106/><E1/><V60/><F78/><W31/><G91/><T43/><D43/><U115/><E2/><V84/><F84/><W56/><G94/><T71/><D71/><U119/><E106/><V123/><F123/><W98/><G98/><T11/><D11/><U45/><E70/><V75/><F10/><W135/><G135/><T116/><D116/><U28/><E119/><V109/><F9/><W108/><G108/><T44/><D44/><U29/><E115/><V25/><F47/><W15/><G56/><T117/><D117/><U121/><E121/><V46/><F46/><W103/><G103/><T3/><D3/><U93/><E101/><V40/><F40/><W133/><G133/><T22/><D22/><U122/><E122/><V57/><F37/><RYUUKYOKU ba="0,1" sc="148,30,237,-10,348,-10,257,-10" hai0="7,8,12,30,33,49,51,81,86,88,90,92,97" /><INIT seed="7,1,1,5,2,5" ten="178,227,338,247" oya="3" hai0="62,117,91,113,132,112,29,12,74,63,22,44,14" hai1="45,122,53,46,130,89,57,26,99,82,133,50,48" hai2="77,134,42,41,33,120,128,34,2,68,103,9,96" hai3="131,78,71,125,38,51,106,100,104,59,20,19,64"/><W47/><G125/><T32/><D117/><U83/><E122/><V43/><F68/><W66/><G131/><T60/><D74/><U31/><E130/><V65/><F65/><W88/><G78/><T16/><D132/><U56/><E133/><V11/><F2/><W30/><G30/><T3/><D3/><U69/><E69/><V121/><F77/><W129/><G129/><T58/><D91/><U37/><E37/><V110/><F110/><W75/><G75/><T27/><D44/><U126/><E126/><V36/><F36/><W18/><G18/><T107/><D107/><U13/><E13/><V10/><F134/><W87/><G71/><T86/><D86/><U80/><E99/><V119/><F119/><W76/><G38/><T25/><D58/><U15/><E15/><V102/><F96/><W35/><G35/><N who="2" m="13321" /><F128/><W73/><G76/><T0/><D0/><U6/><E6/><V40/><N who="2" m="10240" /><DORA hai="81" /><V85/><F85/><W24/><G73/><T108/><D108/><U109/><E89/><V8/><N who="2" m="2048" /><DORA hai="118" /><V98/><F98/><W111/><G111/><T92/><D92/><U21/><E109/><V55/><F55/><AGARI ba="1,1" hai="21,26,31,45,46,48,50,53,55,56,57,80,82,83" machi="55" ten="40,2600,0" yaku="9,1,8,1" doraHai="5,81,118" who="1" fromWho="2" sc="178,0,227,39,338,-29,247,0" owari="178,-32.0,266,7.0,309,40.0,247,-15.0" /></mjloggm>