<mjloggm ver="2.3"><GO type="233" lobby="0"/><UN n0="%E6%99%AE%E8%B3%A2" n1="%64%61%61%61%61%61%61%61" n2="%E5%B0%8F%E9%98%AA%E3%81%A1%E3%81%B2%E3%82%8D" n3="%E3%82%A6%E3%83%AB%E3%83%88%E3%83%A9%E7%AB%8B%E7%9B%B4" dan="16,16,18,18" rate="2165.72,2124.27,2231.93,2238.47" sx="M,F,F,M"/><TAIKYOKU oya="0"/><INIT seed="0,0,0,0,2,116" ten="250,250,250,250" oya="0" hai0="49,24,135,99,27,96,11,108,32,43,63,25,121" hai1="9,36,14,67,54,57,34,66,110,91,3,129,28" hai2="74,69,20,131,13,73,45,111,85,82,51,92,15" hai3="119,64,52,90,133,10,78,106,118,4,60,0,124"/><T2/><D135/><U18/><E36/><V105/><F105/><W46/><G133/><T100/><D121/><U79/><E110/><V128/><F69/><W56/><G124/><T89/><D108/><U93/><E79/><V112/><F112/><W120/><G106/><T50/><D32/><U53/><E129/><V26/><F111/><W72/><G120/><T109/><D109/><U113/><E113/><V29/><F92/><W7/><G7/><T80/><D43/><U98/><E3/><V117/><F117/><W71/><G90/><T86/><D63/><U58/><E28/><V37/><F37/><W41/><G78/><T44/><D44/><U115/><E34/><V8/><F15/><W76/><G76/><T31/><D31/><U95/><E115/><V23/><F23/><W12/><G72/><T48/><REACH who="0" step="1"/><D100/><REACH who="0" ten="240,250,250,250" step="2"/><U47/><E47/><V68/><F45/><W1/><G119/><T87/><D87/><U130/><E130/><V75/><F85/><W17/><G118/><T104/><D104/><U107/><E107/><V61/><F128/><W125/><G125/><T62/><D62/><N who="1" m="36151" /><E95/><V102/><F131/><W122/><G122/><T134/><D134/><U65/><E53/><V35/><F35/><W94/><G46/><T30/><D30/><U21/><E58/><V38/><F73/><W84/><G41/><T127/><D127/><U83/><E83/><V6/><F74/><W55/><G56/><T97/><D97/><U33/><E33/><V103/><F82/><W114/><G114/><T39/><D39/><U19/><E66/><N who="2" m="41039" /><F75/><W81/><G81/><RYUUKYOKU ba="0,1" sc="240,15,250,15,250,-15,250,-15" hai0="2,11,24,25,27,48,49,50,80,86,89,96,99" hai1="9,14,18,19,21,65,67,91,93,98" /><INIT seed="0,1,1,3,3,90" ten="255,265,235,235" oya="0" hai0="123,73,52,91,17,39,86,57,58,20,110,16,95" hai1="66,94,23,41,89,5,12,122,104,108,76,55,50" hai2="8,15,10,87,63,7,53,35,24,19,32,75,27" hai3="4,126,121,133,129,72,40,34,26,18,107,125,49"/><T97/><D123/><U99/><E122/><V14/><F75/><W22/><G107/><T30/><D73/><U43/><E108/><V98/><F87/><W68/><G68/><T112/><D112/><U84/><E66/><V80/><F80/><W85/><G72/><T44/><D110/><U83/><E104/><V79/><F79/><W78/><G34/><N who="2" m="12841" /><F98/><W120/><G4/><T109/><D109/><U45/><REACH who="1" step="1"/><E23/><REACH who="1" ten="255,255,235,235" step="2"/><N who="2" m="11775" /><F53/><W106/><G106/><T51/><D97/><U36/><E36/><V46/><F46/><W21/><G121/><T42/><REACH who="0" step="1"/><D58/><REACH who="0" ten="245,255,235,235" step="2"/><U64/><E64/><V38/><F38/><W56/><G56/><T134/><D134/><U33/><E33/><V127/><F127/><W118/><G133/><T93/><D93/><U1/><E1/><N who="2" m="111" /><F63/><W29/><G126/><T9/><D9/><AGARI ba="1,3" hai="5,9,12,41,43,45,50,55,76,83,84,89,94,99" machi="9" ten="40,8000,1" yaku="1,1,8,1,52,1,53,1" doraHai="90" doraHaiUra="11" who="1" fromWho="0" sc="245,-83,255,113,235,0,235,0" /><INIT seed="1,0,0,4,1,91" ten="162,368,235,235" oya="1" hai0="98,55,25,94,96,31,40,66,75,78,10,54,97" hai1="7,1,81,130,121,118,14,19,63,95,16,44,125" hai2="23,62,83,56,33,122,49,84,15,52,104,82,53" hai3="85,65,34,103,58,51,50,28,13,86,30,99,124"/><U59/><E118/><V46/><F33/><W20/><G34/><T101/><D66/><U57/><E121/><V133/><F104/><W88/><G124/><T87/><D75/><U47/><E130/><V9/><F122/><W79/><G79/><T116/><D116/><U107/><E107/><V42/><F133/><W35/><G35/><T5/><D40/><U0/><E125/><V127/><F127/><W110/><G86/><T29/><D29/><U67/><E81/><V105/><F105/><W120/><G110/><T45/><D45/><N who="1" m="17483" /><E0/><V38/><F23/><W114/><G114/><T129/><D129/><U18/><E1/><V72/><F72/><W64/><G30/><T8/><D8/><N who="1" m="4383" /><E57/><V22/><F22/><W36/><G36/><T6/><D6/><U100/><E100/><V132/><F132/><W70/><G70/><T126/><D126/><U74/><E74/><V77/><F83/><W112/><G112/><T27/><D101/><U41/><E41/><V117/><F117/><W17/><G28/><T43/><D43/><U131/><E131/><V108/><F108/><W76/><G76/><T135/><D135/><U113/><E113/><V4/><F38/><W73/><G73/><T21/><D27/><U26/><E26/><V2/><F2/><W93/><G120/><T71/><D71/><U123/><E123/><V37/><F37/><W48/><G58/><T80/><D98/><U90/><E19/><V24/><F24/><W111/><G111/><T128/><D128/><U3/><E3/><V134/><F134/><W92/><AGARI ba="0,0" hai="13,17,20,48,50,51,64,65,85,88,92,93,99,103" machi="92" ten="30,8000,1" yaku="0,1,8,1,52,2,54,1" doraHai="91" who="3" fromWho="3" sc="162,-20,368,-40,235,-20,235,80" /><INIT seed="2,0,0,2,2,103" ten="142,328,215,315" oya="2" hai0="86,115,14,19,98,134,118,2,34,92,129,85,83" hai1="28,113,9,30,127,61,32,82,18,8,48,128,89" hai2="119,105,44,72,52,131,15,104,12,66,110,91,56" hai3="41,116,100,5,124,57,37,95,93,112,53,73,50"/><V7/><F119/><W69/><G73/><T77/><D118/><U3/><E113/><V55/><F72/><W64/><G116/><T31/><D115/><U70/><E128/><V11/><F131/><W111/><G112/><T60/><D129/><U99/><E127/><V135/><F135/><W96/><G124/><T80/><D134/><U65/><E48/><V39/><F110/><W120/><G5/><T121/><D121/><U51/><E32/><V122/><F66/><W0/><G0/><T62/><D2/><U6/><E51/><V117/><F117/><W75/><G75/><T33/><D33/><U107/><E82/><V26/><F122/><W108/><G95/><T59/><D34/><U133/><E133/><V79/><F79/><W87/><G87/><T101/><D31/><U126/><E126/><V109/><F109/><W23/><G23/><T10/><REACH who="0" step="1"/><D59/><REACH who="0" ten="132,328,215,315" step="2"/><U132/><E28/><V78/><F56/><W38/><G120/><T4/><D4/><U68/><E30/><V16/><F7/><W76/><G57/><T94/><D94/><U123/><E123/><V71/><F71/><W81/><G69/><T130/><D130/><U27/><E70/><V42/><F104/><W46/><G111/><T88/><AGARI ba="0,1" hai="10,14,19,60,62,77,80,83,85,86,88,92,98,101" machi="88" ten="20,8000,1" yaku="1,1,0,1,7,1,8,1,54,1,53,0" doraHai="103" doraHaiUra="20" who="0" fromWho="0" sc="132,90,328,-20,215,-40,315,-20" /><INIT seed="3,0,0,4,3,106" ten="222,308,175,295" oya="3" hai0="133,129,114,36,7,83,3,46,87,134,9,72,60" hai1="131,82,64,81,34,117,61,120,48,66,79,29,51" hai2="54,75,124,13,33,1,128,8,126,68,95,74,115" hai3="108,113,23,0,63,49,43,94,59,76,110,15,116"/><W26/><G0/><T80/><D129/><U47/><E120/><V52/><F33/><W28/><G116/><T73/><D114/><U84/><E131/><V127/><F68/><W118/><G118/><T101/><D101/><U97/><E117/><V27/><F128/><W12/><G113/><T130/><D130/><U14/><E34/><V11/><F115/><W53/><G76/><T96/><D96/><U93/><E29/><V19/><F27/><W38/><G38/><T71/><D71/><U104/><E104/><V30/><F30/><W55/><G43/><N who="0" m="22887" /><D60/><U16/><E81/><V119/><F95/><W105/><G105/><T5/><D5/><U4/><E4/><N who="2" m="1039" /><F119/><W78/><G78/><N who="0" m="44111" /><D72/><AGARI ba="0,0" hai="11,13,19,52,54,72,74,75,124,126,127" m="1039" machi="72" ten="40,8000,1" yaku="18,1,52,3,54,1" doraHai="106" who="2" fromWho="0" sc="222,-80,308,0,175,80,295,0" /><INIT seed="4,0,0,0,0,120" ten="142,308,255,295" oya="0" hai0="80,7,36,126,5,53,33,123,17,105,31,28,68" hai1="8,14,82,19,62,4,94,125,108,93,87,42,25" hai2="72,86,12,20,47,63,45,6,100,23,119,115,133" hai3="46,61,134,81,67,103,21,74,101,22,51,114,43"/><T121/><D105/><U106/><E108/><V59/><F72/><W48/><G114/><T117/><D68/><U73/><E106/><V10/><F115/><W3/><G3/><T112/><D36/><U2/><E73/><V128/><F133/><W89/><G134/><T52/><D112/><U32/><E125/><V58/><F128/><W9/><G9/><T97/><D97/><U1/><E42/><V34/><F34/><W41/><G74/><T56/><D117/><U84/><E1/><V102/><F119/><W15/><G89/><T71/><D71/><U104/><E104/><V122/><F86/><W129/><G81/><T96/><D96/><U124/><E62/><V38/><F38/><W118/><G129/><T109/><D126/><U113/><E124/><V79/><F79/><W77/><G77/><T60/><D109/><U88/><E113/><V24/><F122/><W0/><G0/><T11/><D17/><U135/><E135/><V132/><F132/><W44/><G118/><T37/><D37/><U49/><E49/><V116/><F116/><W54/><G54/><T98/><D98/><U90/><E32/><V26/><F45/><W18/><REACH who="3" step="1"/><G22/><REACH who="3" ten="142,308,255,285" step="2"/><T57/><D80/><N who="1" m="49159" /><E2/><V65/><F20/><AGARI ba="0,1" hai="4,8,14,19,20,25,82,87,90,93,94" m="49159" machi="20" ten="30,2000,0" yaku="8,1,54,1" doraHai="120" who="1" fromWho="2" sc="142,0,308,30,255,-20,285,0" /><INIT seed="5,0,0,2,4,135" ten="142,338,235,285" oya="1" hai0="86,78,77,91,79,128,114,72,35,32,123,48,65" hai1="33,93,22,34,99,75,62,100,105,69,43,56,28" hai2="73,110,5,84,74,63,47,66,44,119,31,3,126" hai3="42,116,125,29,4,92,13,39,2,94,60,80,134"/><U27/><E69/><V41/><F119/><W37/><G29/><T96/><D72/><U54/><E75/><V122/><F122/><W36/><G42/><T107/><D123/><U97/><REACH who="1" step="1"/><E43/><REACH who="1" ten="142,328,235,285" step="2"/><V111/><F73/><W49/><G116/><T10/><D114/><U71/><E71/><V18/><F74/><W55/><G39/><T45/><D128/><U89/><AGARI ba="0,1" hai="22,27,28,33,34,54,56,62,89,93,97,99,100,105" machi="89" ten="20,3900,0" yaku="1,1,0,1,7,1,53,0" doraHai="135" doraHaiUra="38" who="1" fromWho="1" sc="142,-13,328,49,235,-13,285,-13" /><INIT seed="5,1,0,5,0,1" ten="129,377,222,272" oya="1" hai0="52,22,128,7,10,57,103,122,28,75,63,45,11" hai1="56,94,14,86,101,62,102,19,49,81,66,119,37" hai2="65,47,36,69,32,44,68,30,116,41,74,78,90" hai3="8,43,33,93,24,113,126,46,91,40,53,77,64"/><U97/><E37/><V130/><F116/><W125/><G77/><T13/><D128/><U87/><E119/><V76/><F130/><W17/><G64/><T39/><D122/><U27/><E102/><V51/><F65/><W59/><G113/><T73/><D103/><U118/><E118/><V12/><F12/><W42/><G46/><T95/><D95/><U109/><E109/><V54/><F78/><W38/><G38/><T71/><D71/><U35/><E49/><V123/><F123/><W79/><G79/><T72/><D11/><U26/><E35/><V29/><F29/><W131/><G131/><T107/><D107/><U2/><E2/><V106/><F106/><W114/><G114/><T15/><D15/><U88/><REACH who="1" step="1"/><E86/><REACH who="1" ten="129,367,222,272" step="2"/><V61/><F51/><W84/><G33/><T21/><REACH who="0" step="1"/><D28/><REACH who="0" ten="119,367,222,272" step="2"/><U129/><E129/><V70/><F30/><W31/><G31/><T34/><D34/><U117/><E117/><V124/><F32/><W83/><G126/><T3/><D3/><U98/><E98/><V48/><F124/><W4/><G125/><T55/><D55/><U134/><E134/><V115/><F115/><W25/><G53/><T18/><D18/><U105/><E105/><V89/><F54/><W132/><G17/><T104/><D104/><U121/><E121/><V5/><F41/><AGARI ba="1,2" hai="7,10,13,21,22,39,41,45,52,57,63,72,73,75" machi="41" ten="40,8000,1" yaku="1,1,52,1,54,1,53,1" doraHai="1" doraHaiUra="6" who="0" fromWho="2" sc="119,103,367,0,222,-83,272,0" /><INIT seed="6,0,0,5,2,77" ten="222,367,139,272" oya="2" hai0="74,4,60,82,116,41,129,83,25,100,76,26,34" hai1="67,56,35,103,126,110,73,21,16,8,46,124,78" hai2="7,102,125,40,117,91,71,85,80,14,38,111,53" hai3="81,121,58,105,62,42,123,54,12,109,18,118,37"/><V97/><F117/><W79/><G105/><T64/><D116/><U22/><E35/><V128/><F71/><W43/><G118/><T115/><D115/><U112/><E110/><V28/><F128/><W86/><G109/><T23/><D129/><U108/><E108/><V120/><F120/><W2/><G2/><T51/><D4/><U88/><E103/><V15/><F125/><W17/><G37/><T6/><D6/><U70/><E56/><V93/><F28/><W44/><G121/><T32/><D100/><U61/><E78/><V106/><F111/><W1/><G1/><T24/><D23/><U0/><E73/><V39/><F40/><W133/><G133/><T122/><D122/><U29/><E46/><V10/><F53/><W92/><G44/><T89/><D51/><U66/><E66/><V107/><REACH who="2" step="1"/><F14/><REACH who="2" ten="222,367,129,272" step="2"/><W27/><G123/><T20/><D41/><U48/><E29/><V113/><F113/><W135/><G43/><T96/><D32/><U57/><E70/><V36/><AGARI ba="0,1" hai="7,10,15,36,38,39,80,85,91,93,97,102,106,107" machi="36" ten="30,6000,0" yaku="1,1,0,1,52,1,53,0" doraHai="77" doraHaiUra="130" who="2" fromWho="2" sc="222,-20,367,-20,129,70,272,-20" /><INIT seed="6,1,0,3,2,88" ten="202,347,199,252" oya="2" hai0="32,97,107,79,61,66,73,49,54,103,0,105,99" hai1="129,52,13,33,23,7,56,27,82,46,102,2,12" hai2="128,121,4,16,135,115,118,119,133,48,108,64,42" hai3="43,111,10,126,29,44,22,110,104,67,98,8,62"/><V131/><F64/><W81/><G22/><T25/><D0/><U70/><E70/><V14/><F4/><W78/><G29/><T53/><D49/><U28/><E129/><N who="2" m="49739" /><F42/><W17/><G17/><T80/><D99/><U89/><E46/><V84/><F48/><W39/><G10/><T91/><D91/><U31/><E31/><V74/><F74/><N who="3" m="43223" /><G8/><T123/><D107/><U35/><E2/><V18/><F84/><W75/><G75/><T125/><D125/><U68/><E7/><V72/><F72/><W6/><G126/><T76/><D76/><U85/><E68/><V112/><F121/><W124/><G124/><T47/><D47/><U63/><E33/><V41/><F41/><W113/><G6/><T36/><D36/><U109/><E35/><V55/><F55/><W3/><G3/><T69/><D123/><U120/><E120/><V40/><F40/><W95/><G67/><T11/><D11/><U130/><E130/><V58/><F58/><W114/><G62/><T60/><D60/><U50/><E63/><V1/><F1/><W134/><G43/><T45/><D45/><U38/><E38/><V26/><F26/><W94/><G44/><T20/><D20/><U19/><E27/><V96/><F96/><W37/><G98/><T127/><D127/><U59/><E56/><V21/><F18/><W92/><G37/><T15/><D15/><U83/><E12/><V100/><F100/><W34/><G39/><T30/><AGARI ba="1,0" hai="25,30,32,53,54,61,66,69,73,79,80,97,103,105" machi="30" ten="30,4000,0" yaku="0,1,25,2" doraHai="88" who="0" fromWho="0" sc="202,43,347,-11,199,-21,252,-11" /><INIT seed="7,0,0,3,0,94" ten="245,336,178,241" oya="3" hai0="12,49,54,82,38,17,63,3,41,84,85,93,21" hai1="99,23,95,22,30,8,100,20,45,111,104,74,129" hai2="118,31,97,15,112,1,122,13,26,60,130,114,44" hai3="116,64,123,7,125,25,135,40,53,56,121,88,108"/><W80/><G116/><T37/><D3/><U58/><E111/><V48/><F1/><W76/><G125/><T42/><D63/><U50/><E74/><V86/><F118/><W120/><G135/><T78/><D38/><U5/><E129/><V73/><F73/><W72/><G108/><T96/><D85/><U61/><E104/><V46/><F130/><W11/><G40/><T34/><D34/><U103/><E100/><V89/><F122/><W62/><G25/><T91/><D37/><U55/><E30/><V98/><F60/><W106/><G106/><T29/><D29/><U33/><E33/><V35/><F13/><W57/><G88/><T66/><D66/><U51/><E45/><AGARI ba="0,0" hai="12,17,21,41,42,45,49,54,78,82,84,91,93,96" machi="45" ten="30,3900,0" yaku="7,1,8,1,52,1" doraHai="94" who="0" fromWho="1" sc="245,39,336,-39,178,0,241,0" /><INIT seed="8,0,0,5,3,95" ten="284,297,178,241" oya="0" hai0="41,75,23,83,8,94,36,63,114,135,111,7,31" hai1="84,62,25,115,44,98,48,118,59,39,27,109,86" hai2="40,92,46,66,81,128,78,5,47,19,101,97,18" hai3="87,34,104,9,14,57,127,113,64,21,13,58,0"/><T33/><D114/><U45/><E109/><V99/><F128/><W61/><G34/><T103/><D111/><U30/><E39/><V133/><F133/><W15/><G104/><T50/><D135/><U134/><E134/><V131/><F131/><W82/><G127/><T121/><D121/><U32/><E118/><V123/><F123/><W76/><G113/><T126/><D126/><U52/><E115/><V79/><F66/><W88/><G0/><T77/><D63/><U120/><E120/><V108/><F108/><W68/><G21/><T11/><D33/><U112/><E112/><V130/><F5/><W28/><G28/><T73/><D73/><U43/><E25/><V129/><F129/><W116/><G116/><T22/><D31/><U102/><E44/><N who="2" m="16939" /><F40/><W35/><G35/><T74/><D74/><U69/><E69/><V26/><F130/><W110/><G110/><T17/><D36/><U93/><AGARI ba="0,0" hai="27,30,32,43,45,48,52,59,62,84,86,93,98,102" machi="93" ten="20,5200,0" yaku="0,1,7,1,52,1,54,1" doraHai="95" who="1" fromWho="1" sc="284,-26,297,52,178,-13,241,-13" owari="258,6.0,349,44.0,165,-33.0,228,-17.0" /></mjloggm>