<mjloggm ver="2.3"><GO type="169" lobby="0"/><UN n0="%E5%B0%B1%E6%B4%BB%E7%94%9F%40%E5%B7%9D%E6%9D%91%E8%BB%8D%E5%9B%A3" n1="%E8%A5%BF%E5%9C%92%E5%AF%BA%E9%9D%96%E5%AD%90" n2="%E3%81%8D%E3%81%97%E3%82%8A%E3%81%A3%E3%81%97%E3%82%85" n3="%E7%99%BD%E9%B9%BF%E6%84%9B%E8%8E%89" dan="17,16,17,16" rate="2221.17,2106.50,2139.66,2135.62" sx="M,F,M,F"/><TAIKYOKU oya="0"/><INIT seed="0,0,0,4,2,37" ten="250,250,250,250" oya="0" hai0="123,19,46,67,41,84,128,131,40,80,87,118,32" hai1="55,7,21,104,22,74,60,1,111,100,2,29,121" hai2="78,15,120,77,72,92,50,20,122,114,39,107,63" hai3="28,17,30,119,130,133,3,68,99,113,35,106,95"/><T42/><D123/><U0/><E121/><V59/><F107/><W58/><G58/><T86/><D118/><U115/><E74/><V82/><F39/><W79/><G95/><T127/><D127/><U6/><E111/><V38/><F38/><W64/><G17/><T93/><D32/><U102/><E115/><V83/><F114/><W129/><G79/><T24/><D67/><U89/><E89/><V9/><F20/><W33/><G99/><T11/><D93/><U12/><E104/><V34/><F34/><W97/><G97/><T69/><D69/><U51/><E60/><V47/><F92/><W25/><G64/><T134/><D134/><U73/><E73/><V124/><F124/><W4/><G106/><T52/><D80/><U126/><E126/><V49/><F49/><W16/><G68/><T36/><D36/><U75/><E75/><V103/><F103/><W10/><G119/><T23/><REACH who="0" step="1"/><D11/><REACH who="0" ten="240,250,250,250" step="2"/><U45/><E100/><V62/><F83/><W54/><G133/><T94/><D94/><U76/><E102/><V101/><F101/><W110/><G113/><T61/><D61/><U98/><E98/><V31/><F63/><W125/><G125/><T90/><D90/><U81/><E81/><V85/><F122/><W57/><G35/><T70/><D70/><U26/><E76/><V108/><F120/><W71/><G71/><T88/><D88/><U56/><E51/><AGARI ba="0,1" hai="19,23,24,40,41,42,46,51,52,84,86,87,128,131" machi="51" ten="50,12000,1" yaku="1,1,52,3,54,1,53,0" doraHai="37" doraHaiUra="132" who="0" fromWho="1" sc="240,130,250,-120,250,0,250,0" /><INIT seed="0,1,0,4,3,82" ten="370,130,250,250" oya="0" hai0="14,28,113,129,77,37,19,85,95,72,15,30,12" hai1="26,104,53,108,1,114,67,116,100,39,117,2,27" hai2="75,40,94,31,60,127,33,57,22,47,8,69,81" hai3="118,97,59,62,61,131,36,92,4,7,83,101,0"/><T89/><D37/><U120/><E67/><V103/><F33/><W126/><G118/><T11/><D113/><U10/><E53/><V45/><F69/><W87/><G131/><T44/><D129/><U122/><E100/><V9/><F75/><W46/><G126/><T105/><D105/><U112/><E104/><V55/><F127/><W18/><G0/><N who="1" m="106" /><E39/><V102/><F81/><W93/><G93/><T21/><D72/><U123/><E10/><V134/><F102/><W6/><G18/><T13/><D77/><U98/><E98/><V34/><F103/><W130/><G130/><T79/><D79/><U63/><E63/><V121/><F94/><W32/><G32/><T111/><D111/><U132/><E132/><V80/><F80/><W76/><REACH who="3" step="1"/><G59/><REACH who="3" ten="370,130,250,240" step="2"/><T25/><D44/><U41/><E41/><AGARI ba="1,1" hai="4,6,7,36,41,46,61,62,76,83,87,92,97,101" machi="41" ten="40,5200,0" yaku="1,1,2,1,52,1,53,0" doraHai="82" doraHaiUra="52" who="3" fromWho="1" sc="370,0,130,-55,250,0,240,65" /><INIT seed="1,0,0,2,3,24" ten="370,75,250,305" oya="1" hai0="15,134,80,117,14,17,53,128,101,122,132,48,133" hai1="126,50,63,85,20,103,19,83,96,112,89,130,6" hai2="28,11,51,27,34,70,75,127,3,49,12,87,25" hai3="52,61,106,95,78,67,79,98,21,102,109,125,92"/><U29/><E112/><V44/><F70/><W30/><G109/><T45/><D117/><U71/><E126/><V58/><F75/><W32/><G125/><T13/><D122/><U65/><E130/><V69/><F69/><N who="3" m="42223" /><G21/><T66/><D128/><U9/><E50/><V113/><F3/><W38/><G38/><T84/><D101/><U4/><E9/><V56/><F113/><W104/><G104/><T91/><REACH who="0" step="1"/><D66/><REACH who="0" ten="360,75,250,305" step="2"/><U105/><REACH who="1" step="1"/><E29/><REACH who="1" ten="360,65,250,305" step="2"/><V99/><F28/><W59/><G30/><T40/><D40/><U10/><E10/><AGARI ba="0,2" hai="10,13,14,15,17,45,48,53,80,84,91,132,133,134" machi="10" ten="40,8000,1" yaku="1,1,25,2,20,1,53,1" doraHai="24" doraHaiUra="5" who="0" fromWho="1" sc="360,100,65,-80,250,0,305,0" owari="460,56.0,-15,-52.0,250,-15.0,305,11.0" /></mjloggm>