<mjloggm ver="2.3"><GO type="169" lobby="0"/><UN n0="%E4%BF%A1%E6%BF%83%E3%81%AE%E8%8D%92%E6%B3%95%E5%B8%AB" n1="%E5%B0%B1%E6%B4%BB%E7%94%9F%40%E5%B7%9D%E6%9D%91%E8%BB%8D%E5%9B%A3" n2="%E3%82%B7%E3%83%B3%E3%83%87%E3%83%AB%E3%83%A9" n3="%6E%65%77%E3%81%9F%E3%81%91%E3%81%93%E3%81%9E%E3%81%86" dan="17,17,16,16" rate="2137.88,2184.53,2137.25,2015.44" sx="M,M,F,M"/><TAIKYOKU oya="0"/><INIT seed="0,0,0,1,2,59" ten="250,250,250,250" oya="0" hai0="40,70,53,14,67,37,1,39,130,135,81,80,2" hai1="110,98,128,103,108,15,61,116,83,44,23,36,5" hai2="38,60,112,50,10,24,46,25,63,57,54,32,72" hai3="114,86,99,18,0,124,51,85,105,94,96,45,26"/><T125/><D130/><U48/><E116/><V34/><F112/><W122/><G114/><T131/><D131/><U64/><E128/><V3/><F72/><W113/><G113/><T21/><D125/><U49/><E36/><V9/><F38/><W87/><G124/><T102/><D102/><U129/><E129/><V13/><F3/><W12/><G0/><T84/><D135/><U6/><E83/><V90/><F90/><W78/><G26/><T118/><D53/><U111/><E23/><V121/><F121/><W115/><G115/><T47/><D39/><U8/><E5/><V101/><F101/><W52/><G105/><T17/><D81/><U56/><REACH who="1" step="1"/><E44/><REACH who="1" ten="250,240,250,250" step="2"/><V97/><F34/><W132/><G132/><T107/><D118/><U55/><E55/><V35/><F35/><W27/><G122/><T16/><D17/><U89/><E89/><V93/><F32/><W29/><G78/><T28/><D28/><U22/><E22/><V117/><F117/><W42/><G42/><T31/><D31/><U82/><E82/><V69/><F46/><W88/><G29/><T134/><D134/><U126/><E126/><V79/><F79/><W76/><G76/><T7/><D7/><U91/><E91/><V33/><F33/><W127/><G127/><T20/><D21/><U66/><E66/><V95/><F54/><W71/><G52/><T133/><D133/><U119/><E119/><V123/><F123/><W62/><G45/><T30/><D30/><U4/><E4/><V120/><F120/><W77/><G77/><T104/><D37/><U109/><E109/><RYUUKYOKU ba="0,1" sc="250,-10,240,30,250,-10,250,-10" hai1="6,8,15,48,49,56,61,64,98,103,108,110,111" /><INIT seed="1,1,1,1,2,36" ten="240,270,240,240" oya="1" hai0="47,84,80,71,102,29,26,125,9,17,115,93,4" hai1="89,39,73,129,48,31,98,110,64,63,77,101,44" hai2="86,111,126,2,1,42,70,130,100,28,97,25,106" hai3="121,78,32,107,12,20,117,49,54,94,56,68,19"/><U96/><E39/><V124/><F111/><W0/><G121/><T92/><D115/><U118/><E118/><V5/><F130/><W58/><G68/><T15/><D125/><N who="2" m="48234" /><F70/><W109/><G109/><T52/><D71/><U81/><E129/><V66/><F66/><W16/><G107/><T67/><D67/><U119/><E119/><V22/><F5/><W50/><G0/><N who="2" m="105" /><F86/><W27/><G32/><T53/><D4/><U62/><E110/><V18/><F42/><W6/><G117/><T45/><D53/><U127/><E127/><V72/><F72/><W114/><G114/><T3/><D3/><U59/><E31/><AGARI ba="1,1" hai="18,22,25,28,31,97,100,106" m="105,48234" machi="31" ten="30,1000,0" yaku="18,1" doraHai="36" who="2" fromWho="1" sc="240,0,270,-13,240,23,240,0" /><INIT seed="2,0,0,2,5,58" ten="240,257,263,240" oya="2" hai0="19,66,83,127,101,80,45,10,79,70,20,92,30" hai1="125,21,17,43,35,61,129,7,63,90,12,0,131" hai2="1,96,39,81,47,135,106,107,114,105,85,68,2" hai3="32,118,120,122,109,87,28,41,102,78,119,88,116"/><V82/><F114/><W111/><G41/><T108/><D108/><N who="3" m="41545" /><G28/><T124/><D30/><U33/><E43/><V3/><F135/><W115/><G32/><N who="1" m="12362" /><E125/><V91/><F68/><W22/><G22/><T104/><D104/><U50/><E50/><V60/><F39/><W24/><G24/><T54/><D10/><N who="1" m="2407" /><E90/><V57/><F47/><W6/><G6/><T8/><D8/><U62/><E21/><V13/><F13/><W117/><G102/><T86/><D20/><U40/><E40/><V18/><F18/><W25/><G25/><T73/><D19/><U31/><E31/><V94/><REACH who="2" step="1"/><F96/><REACH who="2" ten="240,257,253,240" step="2"/><W5/><G117/><T93/><D45/><U126/><E126/><V121/><F121/><N who="3" m="46699" /><G5/><T100/><D124/><U9/><E17/><V46/><F46/><W97/><G97/><T23/><D127/><U133/><E12/><V75/><F75/><W14/><G14/><T74/><D74/><U15/><E15/><V26/><F26/><W132/><G132/><T72/><D72/><U67/><E133/><V56/><F56/><W98/><G98/><T128/><D70/><N who="1" m="42351" /><E9/><V84/><F84/><W44/><G44/><T76/><D86/><U69/><E69/><V52/><AGARI ba="0,1" hai="1,2,3,52,57,60,81,82,85,91,94,105,106,107" machi="52" ten="40,12000,1" yaku="1,1,0,1,52,1,54,1,53,1" doraHai="58" doraHaiUra="49" who="2" fromWho="2" sc="240,-40,257,-40,253,130,240,-40" /><INIT seed="2,1,0,0,3,132" ten="200,217,383,200" oya="2" hai0="42,128,124,122,72,31,131,54,11,118,46,95,69" hai1="96,71,93,49,39,21,23,106,3,114,81,94,51" hai2="90,59,97,4,73,0,67,19,134,86,65,117,29" hai3="126,129,18,48,16,78,119,13,125,107,62,27,34"/><V79/><F117/><W105/><G119/><T9/><D118/><U121/><E3/><V50/><F134/><W116/><G116/><T127/><D69/><U15/><E39/><V102/><F29/><N who="3" m="19775" /><G129/><N who="0" m="49739" /><D72/><U24/><E71/><V38/><F38/><W60/><G78/><T22/><D54/><U37/><E37/><V7/><F73/><W2/><G2/><T108/><D122/><U52/><E106/><N who="3" m="40458" /><G48/><N who="0" m="26711" /><D108/><U61/><E121/><V83/><F79/><W123/><G123/><T28/><D95/><U115/><E81/><V91/><F91/><W84/><G84/><T80/><D80/><U76/><E76/><V25/><F0/><W82/><G82/><T130/><N who="0" m="49747" /><T64/><DORA hai="55" /><D64/><N who="2" m="24650" /><F97/><W110/><G110/><T20/><D31/><U10/><E96/><V101/><F101/><W26/><G26/><N who="0" m="16455" /><D22/><U43/><E23/><N who="2" m="13567" /><F102/><W17/><G13/><T33/><D33/><U89/><E15/><V120/><F120/><W98/><G98/><T74/><D74/><U135/><E135/><V77/><F77/><W41/><G41/><T47/><D47/><U6/><E43/><V45/><F45/><W109/><G109/><T99/><D99/><U12/><E89/><V36/><F36/><W112/><G112/><T133/><D133/><U63/><E114/><V104/><F104/><W68/><G68/><T44/><D44/><N who="1" m="27687" /><E115/><V30/><F90/><W35/><G35/><T88/><D88/><U103/><E103/><V8/><F83/><W66/><G66/><T113/><D113/><U57/><E94/><V85/><F85/><W100/><G100/><T75/><D75/><RYUUKYOKU ba="1,0" sc="200,15,217,-15,383,-15,200,15" hai0="9,11,124,127" hai3="16,17,18,60,62,125,126" /><INIT seed="3,2,0,2,3,103" ten="215,202,368,215" oya="3" hai0="82,27,41,19,45,135,79,35,85,97,23,18,94" hai1="7,118,53,74,131,123,90,95,105,39,24,70,52" hai2="104,83,54,88,63,15,129,62,43,26,102,125,28" hai3="67,47,92,98,58,112,109,44,100,96,50,56,60"/><W71/><G112/><T2/><D135/><U72/><E123/><V37/><F129/><W25/><G109/><T89/><D2/><U130/><E70/><V51/><F125/><W99/><G71/><T65/><D35/><U5/><E39/><V57/><F37/><W119/><G119/><T76/><D65/><U9/><E24/><V84/><F43/><W34/><G44/><T55/><D55/><N who="1" m="21067" /><E105/><V59/><F15/><W114/><G114/><T116/><D116/><U75/><E9/><V113/><F113/><W128/><G128/><N who="1" m="49194" /><E118/><V117/><F117/><W17/><G58/><T12/><D79/><U31/><E31/><V22/><REACH who="2" step="1"/><F59/><REACH who="2" ten="215,202,358,215" step="2"/><W134/><G134/><T87/><D41/><U14/><E14/><V64/><F64/><W10/><G56/><T126/><D126/><U66/><E66/><V30/><F30/><W38/><G67/><T86/><REACH who="0" step="1"/><D45/><REACH who="0" ten="205,202,358,215" step="2"/><U133/><E133/><V93/><F93/><W11/><G92/><T127/><D127/><U68/><E68/><V21/><F21/><AGARI ba="2,2" hai="12,18,19,21,23,27,76,82,85,86,87,89,94,97" machi="21" ten="30,3900,0" yaku="1,1,7,1,8,1,53,0" doraHai="103" doraHaiUra="3" who="0" fromWho="2" sc="205,65,202,0,358,-45,215,0" /><INIT seed="4,0,0,2,0,1" ten="270,202,313,215" oya="0" hai0="8,74,130,69,25,31,49,6,18,56,106,131,93" hai1="135,48,40,21,81,112,10,68,36,13,83,76,28" hai2="89,117,65,33,133,47,0,107,22,108,50,110,64" hai3="27,70,34,104,26,78,58,57,120,43,91,88,52"/><T128/><D106/><U98/><E68/><V72/><F33/><W51/><G120/><T4/><D74/><U2/><E36/><V123/><F123/><W111/><G111/><T124/><D69/><U109/><E109/><V115/><F110/><W97/><G78/><T71/><D71/><U99/><E135/><V116/><F108/><W61/><G70/><T20/><D124/><U125/><E125/><V122/><F122/><W41/><G104/><T3/><D93/><U23/><E2/><V85/><F133/><W84/><G34/><T63/><D49/><U53/><E40/><N who="3" m="15434" /><G97/><N who="1" m="36874" /><E112/><V73/><F107/><W95/><G91/><T82/><D82/><N who="1" m="31243" /><E28/><V39/><F115/><W62/><G62/><T9/><D31/><U12/><E76/><V60/><F0/><W32/><G32/><T100/><D100/><U45/><E13/><V90/><F39/><W102/><G102/><T127/><D127/><U87/><E87/><V119/><F85/><W35/><G35/><T132/><D132/><U79/><E79/><V17/><F73/><W113/><G113/><T126/><D126/><U24/><E24/><N who="2" m="14415" /><F60/><W55/><AGARI ba="0,0" hai="26,27,51,52,55,57,58,61,84,88,95" m="15434" machi="55" ten="30,4000,0" yaku="8,1,54,2" doraHai="1" who="3" fromWho="3" sc="270,-20,202,-10,313,-10,215,40" /><INIT seed="5,0,0,4,5,121" ten="250,192,303,255" oya="1" hai0="107,17,62,20,5,49,117,90,37,124,108,123,10" hai1="0,86,35,80,6,60,73,91,94,87,4,102,45" hai2="105,65,115,85,12,104,66,83,79,76,88,130,127" hai3="61,18,38,7,42,44,14,111,110,2,120,57,23"/><U74/><E35/><V95/><F130/><W43/><G120/><T58/><D123/><U100/><E0/><V51/><F127/><W64/><REACH who="3" step="1"/><G43/><REACH who="3" ten="250,192,303,245" step="2"/><T47/><D124/><U128/><E128/><V133/><F133/><W114/><G114/><T25/><D117/><U119/><E119/><V82/><F115/><W71/><G71/><T27/><D108/><U118/><E118/><V48/><F105/><W126/><G126/><T26/><D107/><U81/><E45/><V106/><F104/><W22/><G22/><T97/><D47/><U9/><E9/><AGARI ba="0,1" hai="2,7,9,14,18,23,38,42,44,57,61,64,110,111" machi="9" ten="40,5200,0" yaku="1,1,52,2,53,0" doraHai="121" doraHaiUra="30" who="3" fromWho="1" sc="250,0,192,-52,303,0,245,62" /><INIT seed="6,0,0,3,3,102" ten="250,140,303,307" oya="2" hai0="29,110,26,9,55,132,68,35,133,91,57,41,123" hai1="89,77,28,83,73,65,76,32,1,127,44,14,97" hai2="3,42,62,50,24,90,45,82,96,0,99,40,67" hai3="59,61,118,33,108,120,56,109,38,126,117,72,93"/><V60/><F24/><W19/><G33/><T25/><D110/><U115/><E1/><V92/><F82/><W34/><G34/><T20/><D123/><U100/><E115/><V18/><F18/><W48/><G72/><T74/><D68/><U49/><E127/><V70/><F62/><W113/><G93/><T30/><D74/><U36/><E36/><V11/><F11/><W98/><G98/><T84/><D41/><U16/><E65/><V107/><F42/><W129/><G19/><T64/><D9/><U87/><E28/><V53/><F53/><W101/><G101/><T135/><D64/><U46/><E32/><V12/><F12/><W31/><G31/><T69/><D69/><U4/><E4/><V43/><F43/><W104/><G104/><T119/><D119/><N who="3" m="45577" /><G38/><T114/><D114/><U122/><E122/><V103/><AGARI ba="0,0" hai="0,3,40,45,50,60,67,70,90,92,96,99,103,107" machi="103" ten="30,3000,0" yaku="0,1,52,1" doraHai="102" who="2" fromWho="2" sc="250,-10,140,-10,303,30,307,-10" /><INIT seed="6,1,0,4,0,66" ten="240,130,333,297" oya="2" hai0="88,85,123,38,83,122,25,55,113,114,9,108,109" hai1="127,87,125,90,23,71,33,99,39,4,111,93,22" hai2="54,74,32,72,107,69,70,13,16,94,43,46,115" hai3="49,78,82,132,5,134,51,100,98,129,21,11,92"/><V57/><F107/><W50/><G129/><T64/><D38/><U67/><E33/><V89/><F32/><W105/><G105/><T110/><D55/><U34/><E34/><V79/><F115/><N who="0" m="44042" /><D9/><U102/><E39/><V15/><F15/><W63/><G63/><T112/><N who="0" m="44050" /><T58/><DORA hai="60" /><D25/><U97/><E4/><V101/><F101/><W17/><G17/><T73/><D58/><U96/><E102/><V117/><F117/><W3/><REACH who="3" step="1"/><G21/><REACH who="3" ten="240,130,333,287" step="2"/><T27/><D64/><U8/><E111/><V18/><F18/><W86/><AGARI ba="1,1" hai="3,5,11,49,50,51,78,82,86,92,98,100,132,134" machi="86" ten="30,8000,1" yaku="1,1,2,1,0,1,53,2" doraHai="66,60" doraHaiUra="128,65" who="3" fromWho="3" sc="240,-21,130,-21,333,-41,287,93" /><INIT seed="7,0,0,5,1,91" ten="219,109,292,380" oya="3" hai0="104,113,21,130,105,11,86,80,131,50,92,132,100" hai1="120,20,40,117,47,2,56,46,52,24,16,75,57" hai2="102,89,125,74,83,95,119,45,78,55,93,5,121" hai3="38,71,98,18,54,77,53,68,81,23,112,4,65"/><W118/><G118/><T107/><D11/><U31/><E117/><V76/><F119/><W7/><G38/><T106/><N who="0" m="26624" /><DORA hai="43" /><T26/><D50/><N who="1" m="26951" /><E2/><V58/><F125/><W61/><G68/><T73/><D21/><U12/><E75/><V63/><F121/><W97/><G53/><T1/><D26/><U126/><E126/><V122/><F122/><W19/><G19/><T22/><D22/><N who="1" m="15767" /><E120/><V114/><F114/><W29/><G29/><T82/><D1/><U10/><E10/><V94/><F5/><W124/><G124/><T3/><D3/><U84/><E84/><N who="2" m="50335" /><F74/><W90/><G112/><T27/><D27/><U35/><E35/><V41/><F102/><W17/><G17/><T111/><D113/><U30/><E30/><V60/><F60/><W64/><G61/><T134/><D111/><U48/><E57/><V108/><F108/><W67/><G71/><T39/><D39/><U135/><E135/><N who="0" m="51753" /><D73/><U96/><E56/><V109/><F109/><W51/><G4/><T123/><D123/><U6/><E6/><V85/><F85/><N who="3" m="50479" /><G7/><T103/><D131/><U133/><E133/><V88/><F88/><W66/><G66/><T115/><D130/><U70/><E70/><V79/><F41/><W25/><G77/><N who="0" m="46351" /><D115/><U33/><E33/><V116/><F116/><W44/><AGARI ba="0,0" hai="18,23,25,44,51,54,64,65,67,97,98" m="50479" machi="44" ten="30,3000,0" yaku="8,1,52,1" doraHai="91,43" who="3" fromWho="3" sc="219,-10,109,-10,292,-10,380,30" owari="209,-19.0,99,-40.0,282,8.0,410,51.0" /></mjloggm>