<mjloggm ver="2.3"><GO type="169" lobby="0"/><UN n0="%E5%8D%9A%E9%BA%97%E3%82%86%E3%81%8B%E3%82%8A" n1="%E9%BA%BB%E9%9B%80%E3%81%A8%E7%A7%81" n2="%6D%61%74%69%6F%73%61%6E" n3="%E3%82%A6%E3%83%AB%E3%83%88%E3%83%A9%E7%AB%8B%E7%9B%B4" dan="16,16,16,18" rate="2098.56,2090.04,2067.92,2185.31" sx="M,M,M,M"/><TAIKYOKU oya="0"/><INIT seed="0,0,0,2,2,40" ten="250,250,250,250" oya="0" hai0="32,7,39,125,133,44,60,8,93,49,20,42,30" hai1="77,13,31,0,53,92,55,105,109,95,78,3,100" hai2="27,24,18,23,34,29,98,66,106,85,50,89,26" hai3="1,69,56,10,132,111,36,59,72,108,117,15,9"/><T58/><D133/><U38/><E105/><V91/><F66/><W122/><G69/><T4/><D125/><U63/><E31/><V45/><F106/><W25/><G72/><T94/><D32/><U110/><E13/><V37/><F37/><W83/><G83/><T52/><D39/><U64/><E38/><V22/><F98/><W118/><G36/><T99/><D8/><U75/><E63/><V124/><F124/><W14/><G25/><N who="0" m="16679" /><D93/><N who="1" m="35915" /><E64/><V67/><F85/><W2/><REACH who="3" step="1"/><G132/><REACH who="3" ten="250,250,250,240" step="2"/><T46/><D46/><U57/><E75/><V82/><F82/><W71/><G71/><T128/><D128/><U41/><E109/><V112/><F112/><W28/><G28/><T126/><D126/><U19/><E110/><V96/><F34/><W51/><G51/><T61/><D61/><U120/><E77/><V86/><F29/><W5/><G5/><T113/><D113/><U130/><E78/><V121/><F45/><W70/><G70/><T6/><D6/><U107/><E130/><V134/><F134/><W76/><G76/><T129/><D129/><U87/><E57/><V74/><F74/><W115/><G115/><T97/><D97/><U114/><E114/><V68/><F96/><W54/><G54/><T135/><D135/><U88/><E55/><V43/><F68/><W12/><G12/><T102/><AGARI ba="0,1" hai="4,7,42,44,49,52,58,60,94,99,102" m="16679" machi="102" ten="30,6000,0" yaku="8,1,52,1,54,1" doraHai="40" who="0" fromWho="0" sc="250,70,250,-20,250,-20,240,-20" /><INIT seed="0,1,0,1,1,21" ten="320,230,230,220" oya="0" hai0="63,98,80,38,135,31,39,8,67,60,126,72,59" hai1="44,7,30,129,55,91,49,118,14,84,79,46,40" hai2="45,41,17,4,88,24,78,29,130,37,109,28,25" hai3="86,133,127,83,87,107,64,42,26,99,90,61,18"/><T128/><D135/><U52/><E129/><V11/><F109/><W89/><G133/><T13/><D128/><U96/><E79/><V116/><F130/><W111/><G42/><T23/><D126/><U122/><E122/><V132/><F132/><W70/><G127/><T124/><D63/><U119/><E96/><V93/><F78/><W51/><G51/><T100/><D80/><U73/><E73/><V50/><F37/><W77/><G111/><T57/><D57/><U0/><E0/><V74/><F74/><W10/><G10/><T134/><D72/><U9/><E30/><N who="2" m="11883" /><F4/><W54/><G54/><T48/><D48/><U97/><E97/><N who="2" m="57511" /><F116/><W68/><G68/><T75/><D75/><U81/><REACH who="1" step="1"/><E44/><REACH who="1" ten="320,220,230,220" step="2"/><V115/><F115/><W71/><G99/><T123/><D134/><U76/><E76/><V43/><F41/><W36/><G107/><T20/><D123/><U34/><E34/><V110/><F110/><W3/><G3/><T125/><D124/><U62/><E62/><V5/><F5/><W32/><G77/><T92/><D125/><U66/><E66/><V35/><F35/><W108/><G32/><T106/><D106/><U6/><E6/><V102/><F102/><W105/><G105/><T120/><D120/><U101/><E101/><V65/><F65/><W12/><G108/><T58/><D67/><U16/><E16/><V22/><F11/><N who="3" m="6431" /><G71/><T114/><D8/><U95/><E95/><V2/><F2/><W53/><G70/><T15/><D92/><U69/><E69/><V27/><AGARI ba="1,1" hai="17,22,24,25,27,43,45,50" m="57511,11883" machi="27" ten="30,8000,1" yaku="8,1,52,3,54,1" doraHai="21" who="2" fromWho="2" sc="320,-41,220,-21,230,93,220,-21" /><INIT seed="1,0,0,2,4,121" ten="279,199,323,199" oya="1" hai0="81,120,66,50,122,64,88,21,23,74,132,80,7" hai1="104,63,127,83,109,47,113,55,110,111,19,92,5" hai2="103,115,98,31,37,36,39,124,119,108,77,126,46" hai3="16,30,38,3,86,73,59,68,94,14,134,29,6"/><U18/><E113/><V56/><F119/><W20/><G68/><T93/><D132/><U4/><E104/><V75/><F115/><W53/><G73/><T105/><D105/><U101/><E127/><N who="2" m="48683" /><F108/><W60/><G38/><T102/><D102/><U130/><E130/><V97/><F31/><W10/><G134/><T61/><D7/><N who="1" m="2635" /><E83/><N who="0" m="31817" /><D50/><N who="1" m="29151" /><E63/><V32/><F32/><W129/><REACH who="3" step="1"/><G129/><REACH who="3" ten="279,199,323,189" step="2"/><T71/><D71/><U67/><E67/><V0/><F75/><W85/><G85/><N who="0" m="52367" /><D74/><U135/><E135/><V118/><F37/><W87/><G87/><T125/><D66/><U45/><E45/><V9/><F46/><W107/><G107/><T42/><D125/><U52/><E52/><V57/><F39/><W13/><G13/><T40/><D120/><U69/><E69/><V54/><F36/><W15/><G15/><T79/><D122/><U133/><E133/><V78/><F54/><W128/><G128/><T51/><D64/><U43/><E43/><V2/><F2/><W49/><G49/><T12/><D51/><U33/><E33/><V100/><F0/><W99/><G99/><AGARI ba="0,1" hai="18,19,92,99,101,109,110,111" m="29151,2635" machi="99" ten="40,12000,1" yaku="14,1,10,1,52,3" doraHai="121" who="1" fromWho="3" sc="279,0,199,130,323,0,189,-120" /><INIT seed="1,1,0,3,5,40" ten="279,329,323,69" oya="1" hai0="21,94,133,112,92,99,91,31,84,45,83,130,67" hai1="14,59,61,28,126,71,73,12,6,96,52,22,17" hai2="102,118,54,100,129,87,7,50,78,55,42,76,80" hai3="43,104,46,57,24,132,127,10,115,97,13,20,88"/><U25/><E126/><V64/><F118/><W109/><G115/><T93/><D112/><U81/><E71/><V119/><F119/><W108/><G127/><T86/><D130/><U95/><E73/><V4/><F129/><W121/><G121/><T32/><D32/><U36/><E36/><V107/><F64/><W85/><G132/><T122/><D133/><U105/><E105/><V33/><F33/><W16/><G57/><T82/><D67/><U15/><E81/><N who="2" m="47527" /><F107/><W60/><G60/><T68/><D68/><U44/><E44/><N who="2" m="25879" /><F78/><W110/><G97/><T90/><D45/><U48/><E48/><V106/><F106/><W72/><G72/><T74/><D122/><U120/><E120/><V77/><F77/><W47/><G104/><T0/><D0/><U65/><E65/><V3/><F80/><N who="3" m="49191" /><G43/><T123/><D123/><U89/><REACH who="1" step="1"/><E6/><AGARI ba="1,0" hai="6,10,13,16,20,24,46,47,108,109,110" m="49191" machi="6" ten="30,8000,1" yaku="14,1,52,2,54,2" doraHai="40" who="3" fromWho="1" sc="279,0,329,-83,323,0,69,83" /><INIT seed="2,0,0,3,4,116" ten="279,246,323,152" oya="2" hai0="70,42,83,9,15,5,106,59,74,45,40,78,30" hai1="44,25,29,69,121,105,110,7,14,31,102,22,54" hai2="101,87,34,2,95,48,11,112,72,109,68,108,60" hai3="66,47,85,36,58,94,57,100,51,17,103,96,115"/><V75/><F112/><W24/><G115/><T86/><D106/><U84/><E69/><V1/><F34/><W67/><G36/><T134/><D70/><U10/><E110/><N who="2" m="42603" /><F48/><W38/><G38/><T0/><D134/><U6/><E6/><N who="2" m="1487" /><F2/><W33/><G103/><T89/><D0/><U76/><E105/><V114/><F114/><W64/><G85/><T123/><D123/><U13/><E121/><V43/><F43/><W26/><G33/><T37/><D42/><U91/><E102/><V63/><F87/><W61/><G57/><T77/><D59/><U19/><E76/><V49/><F49/><W23/><REACH who="3" step="1"/><G24/><REACH who="3" ten="279,246,323,142" step="2"/><T4/><D86/><U41/><E25/><V120/><F101/><W28/><G28/><T90/><D30/><U12/><E31/><V56/><F68/><W3/><G3/><T128/><D78/><U113/><E29/><V132/><F56/><W71/><G71/><T65/><D77/><U32/><E113/><V20/><F72/><W73/><G73/><T16/><D74/><U93/><E32/><V27/><F75/><W107/><G107/><T52/><D90/><U35/><E35/><V50/><F27/><W62/><G62/><T98/><D89/><U104/><E104/><V130/><F60/><W88/><G88/><T111/><D111/><U53/><E13/><V81/><F63/><W80/><G80/><T135/><D83/><U119/><E119/><V46/><F81/><W8/><G8/><T124/><D9/><U39/><AGARI ba="0,1" hai="7,10,12,14,19,22,39,41,44,53,54,84,91,93" machi="39" ten="20,1500,0" yaku="0,1,7,1" doraHai="116" who="1" fromWho="1" sc="279,-4,246,25,323,-7,142,-4" /><INIT seed="3,0,0,4,2,93" ten="275,271,316,138" oya="3" hai0="22,46,130,6,91,64,43,101,120,36,53,29,57" hai1="108,87,100,114,48,18,10,128,2,12,104,80,17" hai2="41,47,19,127,89,8,21,58,96,117,71,7,33" hai3="35,76,86,131,38,126,13,54,1,105,123,15,39"/><W82/><G123/><T24/><D120/><U116/><E108/><V110/><F71/><W84/><G1/><T62/><D62/><U27/><BYE who="0" /><E114/><V3/><F33/><W56/><G35/><T28/><D28/><U134/><E128/><V59/><F117/><W63/><G131/><T94/><D94/><U61/><E2/><V99/><F110/><W115/><G115/><T30/><D30/><U135/><E116/><V0/><F0/><W133/><G133/><T88/><D88/><N who="1" m="51303" /><E48/><V69/><F69/><W20/><G126/><T37/><D37/><U31/><E61/><V11/><F127/><W51/><G105/><T32/><D32/><U90/><E90/><V132/><F89/><W44/><G86/><T14/><D14/><U74/><E74/><V60/><F132/><N who="1" m="50729" /><E100/><UN n0="%E5%8D%9A%E9%BA%97%E3%82%86%E3%81%8B%E3%82%8A" /><V66/><F58/><W122/><G122/><T73/><D91/><U34/><E104/><V49/><REACH who="2" step="1"/><F11/><REACH who="2" ten="275,271,306,138" step="2"/><W52/><REACH who="3" step="1"/><G13/><AGARI ba="0,1" hai="3,7,8,13,19,21,41,47,49,59,60,66,96,99" machi="13" ten="30,8000,1" yaku="1,1,2,1,7,1,52,2,53,0" doraHai="93" doraHaiUra="65" who="2" fromWho="3" sc="275,0,271,0,306,90,138,-80" /><INIT seed="4,0,0,2,4,25" ten="275,271,396,58" oya="0" hai0="41,27,134,132,71,87,20,90,117,88,54,108,105" hai1="127,61,32,92,104,33,110,21,124,94,96,95,50" hai2="85,46,47,109,128,37,14,72,57,131,68,98,48" hai3="111,79,51,81,53,19,120,77,4,122,91,30,43"/><T8/><D117/><U123/><E110/><V126/><F72/><W107/><G107/><T129/><D108/><U115/><E123/><V15/><F68/><W118/><G111/><T130/><D71/><U6/><E6/><V112/><F109/><W75/><G118/><T89/><D105/><U16/><E50/><V11/><F126/><N who="1" m="48169" /><E61/><V83/><F112/><W44/><G4/><T9/><D54/><U73/><E73/><V24/><F98/><W64/><G64/><T26/><D87/><U102/><E115/><V22/><F57/><W65/><G65/><T116/><D41/><U29/><E29/><N who="2" m="17559" /><F37/><W62/><G79/><T101/><D116/><U36/><E36/><V0/><F0/><W103/><G19/><T10/><D101/><U133/><E133/><N who="0" m="51305" /><D20/><U42/><E42/><N who="2" m="24663" /><F11/><W70/><G103/><T121/><D121/><U125/><E125/><V106/><F106/><W114/><G114/><T76/><D76/><U56/><E56/><V63/><F63/><W113/><G113/><T84/><D84/><U18/><E18/><V49/><F131/><AGARI ba="0,0" hai="8,9,10,26,27,88,89,90,129,130,131" m="51305" machi="131" ten="40,12000,1" yaku="28,2,19,1,20,1,54,1" doraHai="25" who="0" fromWho="2" sc="275,120,271,0,396,-120,58,0" /><INIT seed="4,1,0,3,3,20" ten="395,271,276,58" oya="0" hai0="124,89,59,66,36,12,122,37,92,80,110,125,3" hai1="82,18,49,40,34,27,53,60,90,83,131,52,7" hai2="81,56,106,25,103,128,10,38,135,94,84,5,113" hai3="107,65,45,116,97,104,46,111,105,61,13,14,31"/><T99/><D122/><U85/><E131/><V133/><F38/><W32/><G111/><T2/><D110/><U117/><E117/><V50/><F106/><W101/><G116/><T24/><D12/><U44/><E7/><V127/><F128/><W39/><G13/><T54/><D80/><U72/><E34/><V67/><F127/><N who="0" m="48714" /><D66/><U62/><E72/><V21/><F113/><W43/><G14/><T70/><D70/><U4/><E4/><V120/><F120/><W17/><G46/><T51/><D24/><U96/><E96/><V75/><F75/><W100/><G17/><T123/><D123/><U118/><E82/><V88/><F103/><W19/><G19/><T132/><D132/><N who="2" m="50762" /><F67/><W63/><G63/><N who="1" m="24106" /><E118/><V26/><F21/><AGARI ba="1,0" hai="18,21,27,40,44,49,52,53,83,85,90" m="24106" machi="21" ten="30,3900,0" yaku="8,1,52,1,54,1" doraHai="20" who="1" fromWho="2" sc="395,0,271,42,276,-42,58,0" /><INIT seed="5,0,0,2,1,2" ten="395,313,234,58" oya="1" hai0="95,65,20,135,37,131,117,10,57,102,9,16,31" hai1="15,44,3,67,100,103,17,82,8,33,98,79,28" hai2="110,39,119,23,121,133,75,80,122,41,106,130,68" hai3="89,113,109,81,13,105,74,128,77,1,52,123,62"/><U107/><E100/><V59/><RYUUKYOKU type="yao9" ba="0,0" sc="395,0,313,0,234,0,58,0" hai2="23,39,41,59,68,75,80,106,110,119,121,122,130,133" /><INIT seed="5,1,0,5,3,16" ten="395,313,234,58" oya="1" hai0="40,21,98,84,47,119,64,128,37,110,1,125,52" hai1="94,32,10,63,58,39,76,55,75,43,57,49,96" hai2="13,78,127,126,35,4,9,59,45,113,71,25,22" hai3="66,28,50,130,36,2,15,48,95,99,100,109,79"/><U41/><E32/><V131/><F71/><W135/><G36/><T82/><D119/><U132/><E75/><V14/><F45/><W108/><G2/><T65/><D110/><U81/><E39/><V18/><F59/><W97/><G130/><T7/><D128/><U90/><E132/><V101/><F131/><W24/><G135/><T34/><D34/><U46/><E10/><N who="2" m="4295" /><F78/><W44/><G79/><T33/><D33/><U92/><E92/><V56/><F56/><W72/><G72/><T68/><D68/><U74/><REACH who="1" step="1"/><E58/><REACH who="1" ten="395,303,234,58" step="2"/><V26/><F35/><W89/><G109/><T103/><D37/><U20/><E20/><N who="2" m="13591" /><F113/><W12/><G108/><T62/><D21/><U116/><E116/><V134/><F134/><W67/><G50/><T104/><D104/><U61/><E61/><V114/><F114/><W133/><G133/><T17/><D62/><U86/><E86/><V115/><F115/><W106/><G12/><T3/><D84/><U107/><E107/><V77/><F126/><W102/><G15/><T70/><D125/><U124/><E124/><V83/><F127/><W0/><G0/><T111/><D3/><U87/><E87/><N who="2" m="48623" /><F14/><W117/><G117/><T80/><D1/><U11/><E11/><V31/><F9/><W29/><G106/><N who="0" m="63863" /><D70/><U129/><E129/><V54/><F101/><W85/><G102/><T38/><D111/><U30/><E30/><V91/><F91/><W93/><G85/><T42/><D38/><U69/><E69/><V6/><F6/><W121/><G121/><T60/><D7/><U123/><E123/><V88/><F88/><RYUUKYOKU ba="1,1" sc="395,-15,303,15,234,15,58,-15" hai1="41,43,46,49,55,57,63,74,76,81,90,94,96" hai2="22,25,31,54" /><INIT seed="5,2,1,5,1,112" ten="380,318,249,43" oya="1" hai0="30,47,19,15,78,16,101,71,67,117,97,83,88" hai1="8,7,53,64,113,108,114,100,52,91,10,41,13" hai2="84,35,18,134,54,135,60,49,111,128,104,99,81" hai3="86,48,40,132,12,46,107,4,37,133,98,120,75"/><U68/><E100/><V76/><F35/><W116/><G75/><T29/><D117/><U124/><E41/><V125/><F111/><W22/><G120/><T82/><D67/><U90/><E108/><V31/><F31/><N who="0" m="11786" /><D71/><U115/><E124/><V28/><F28/><W36/><G86/><N who="0" m="48471" /><D47/><U63/><E10/><V80/><F125/><W62/><G62/><T56/><D56/><U72/><E72/><V123/><F123/><W110/><G110/><T122/><D122/><U119/><E119/><V17/><F60/><W77/><G77/><T24/><D24/><U57/><REACH who="1" step="1"/><E53/><REACH who="1" ten="380,308,249,43" step="2"/><V118/><F118/><W2/><G116/><T65/><D101/><U106/><E106/><V9/><F104/><W66/><G107/><T55/><D55/><U89/><E89/><V126/><F9/><W92/><G40/><T33/><D88/><U32/><E32/><V20/><F126/><W102/><G102/><T38/><D33/><U109/><E109/><V131/><F54/><W96/><G133/><T5/><D38/><U74/><E74/><V26/><F134/><W70/><G37/><T61/><D65/><U127/><E127/><V1/><F135/><W6/><G36/><T69/><D69/><U27/><E27/><V51/><F26/><W73/><G66/><T34/><D34/><U11/><E11/><V130/><F131/><W42/><G70/><T43/><D43/><U39/><E39/><V94/><F130/><W3/><G132/><T25/><D25/><U44/><E44/><V105/><F128/><W93/><G46/><T58/><D58/><U0/><E0/><RYUUKYOKU ba="2,2" sc="380,-10,308,30,249,-10,43,-10" hai1="7,8,13,52,57,63,64,68,90,91,113,114,115" /><INIT seed="5,3,2,1,2,15" ten="370,338,239,33" oya="1" hai0="60,61,64,133,97,90,125,83,49,86,109,59,82" hai1="6,74,101,106,7,113,12,26,111,42,18,131,10" hai2="94,54,92,16,98,76,0,11,27,105,52,8,103" hai3="17,119,72,32,127,135,71,121,87,118,25,53,112"/><U2/><E74/><V33/><F76/><W37/><G87/><T84/><D109/><U41/><E106/><V99/><F105/><W120/><G53/><N who="2" m="20585" /><F33/><W132/><G71/><T78/><D133/><N who="3" m="51273" /><G37/><T107/><D125/><U28/><E101/><N who="2" m="60615" /><F0/><W13/><G72/><T31/><D31/><U46/><E42/><V123/><F123/><N who="3" m="47179" /><G127/><T93/><D107/><U19/><E46/><V4/><F4/><W38/><G38/><T66/><D49/><U104/><E41/><V5/><F5/><N who="1" m="1545" /><E104/><V91/><F103/><W65/><G65/><N who="0" m="39071" /><D61/><U128/><E111/><V48/><F48/><W110/><G110/><T114/><D66/><U73/><E73/><V124/><F124/><W69/><G69/><T45/><D64/><U129/><E2/><V56/><F56/><W67/><G67/><T100/><D45/><U44/><E44/><V9/><F27/><W134/><N who="3" m="51281" /><W115/><DORA hai="3" /><G25/><T21/><D100/><U29/><E113/><N who="3" m="43594" /><G32/><T122/><D114/><U23/><AGARI ba="3,2" hai="10,12,18,19,23,26,28,29,128,129,131" m="1545" machi="23" ten="40,24000,3" yaku="19,1,34,2,52,5" doraHai="15,3" who="1" fromWho="1" sc="370,-83,338,269,239,-83,33,-83" owari="287,9.0,607,70.0,156,-24.0,-50,-55.0" /></mjloggm>