<mjloggm ver="2.3"><GO type="169" lobby="0"/><UN n0="%E3%82%A6%E3%83%AB%E3%83%88%E3%83%A9%E7%AB%8B%E7%9B%B4" n1="%E2%80%A0%41%71%75%61%E2%80%A0" n2="%67%61%72%75%63%69%61" n3="%73%68%6F%6F%74%33%39" dan="17,16,16,18" rate="2148.70,2070.63,2166.13,2140.27" sx="M,M,M,M"/><TAIKYOKU oya="0"/><INIT seed="0,0,0,4,4,118" ten="250,250,250,250" oya="0" hai0="49,41,71,50,95,125,57,131,44,74,92,122,3" hai1="114,82,128,23,5,48,15,108,36,83,42,1,93" hai2="43,115,77,19,106,79,99,40,8,109,112,80,62" hai3="31,121,39,0,102,67,60,107,96,7,10,33,120"/><T123/><D74/><U66/><E108/><V38/><F109/><W58/><G39/><T29/><D3/><U111/><E111/><V110/><F110/><W135/><G135/><T101/><D71/><U103/><E36/><V75/><F77/><W90/><G90/><T28/><D57/><U9/><E128/><V69/><F19/><W32/><G31/><T56/><D56/><U30/><E66/><N who="2" m="41175" /><F43/><W20/><REACH who="3" step="1"/><G20/><REACH who="3" ten="250,250,250,240" step="2"/><T22/><D22/><U55/><E30/><V94/><F8/><W68/><G68/><T13/><D28/><U24/><E23/><V16/><F38/><W61/><G61/><T59/><D29/><U47/><E9/><V87/><F112/><W98/><G98/><T25/><D131/><U129/><E114/><V105/><F115/><W133/><G133/><T18/><D101/><U2/><E103/><V17/><F106/><W72/><G72/><T12/><D50/><U113/><E129/><V119/><F119/><W104/><G104/><T6/><D49/><U97/><E113/><V54/><F105/><W81/><G81/><T78/><D95/><U85/><E83/><V64/><F99/><W26/><G26/><T65/><D25/><U84/><E24/><V124/><F94/><W70/><G70/><T27/><D92/><U126/><E82/><V63/><F63/><W53/><G53/><T91/><D27/><U37/><E97/><V134/><F134/><W11/><G11/><T52/><D91/><U88/><E85/><V46/><F87/><W34/><AGARI ba="0,1" hai="0,7,10,32,33,34,58,60,67,96,102,107,120,121" machi="34" ten="40,8000,1" yaku="1,1,0,1,52,2,53,1" doraHai="118" doraHaiUra="100" who="3" fromWho="3" sc="250,-40,250,-20,250,-20,240,90" /><INIT seed="1,0,0,1,5,68" ten="210,230,230,330" oya="1" hai0="9,33,99,48,31,110,15,85,97,119,39,78,21" hai1="81,5,124,61,4,28,47,80,105,82,43,58,86" hai2="112,57,30,64,65,126,32,72,10,66,53,13,26" hai3="122,41,94,27,37,67,62,89,11,20,25,40,38"/><U34/><E105/><V98/><F72/><W88/><G122/><T42/><D119/><U23/><E34/><V109/><F109/><W44/><G11/><T45/><D33/><U7/><E124/><V54/><F126/><W19/><G27/><T134/><D39/><U115/><E115/><V14/><F112/><W0/><G0/><T52/><D110/><U120/><E120/><V107/><F14/><W92/><G92/><T49/><D134/><U125/><E125/><V60/><F53/><W96/><G41/><T59/><D21/><U100/><E100/><V76/><F76/><W56/><G89/><T83/><REACH who="0" step="1"/><D31/><REACH who="0" ten="200,230,230,330" step="2"/><U130/><E130/><V29/><F29/><W12/><G25/><T103/><D103/><U113/><E113/><V1/><F1/><W35/><G35/><T79/><D79/><U123/><E123/><V127/><F127/><W74/><G74/><T77/><D77/><U129/><E129/><V75/><F75/><W16/><G19/><AGARI ba="0,1" hai="9,15,19,42,45,48,49,52,59,78,83,85,97,99" machi="19" ten="30,7700,0" yaku="1,1,7,1,8,1,54,1,53,0" doraHai="68" doraHaiUra="18" who="0" fromWho="3" sc="200,87,230,0,230,0,330,-77" /><INIT seed="2,0,0,2,4,93" ten="287,230,230,253" oya="2" hai0="5,24,114,127,33,91,45,58,1,36,98,81,125" hai1="90,102,95,50,8,49,71,86,68,80,63,39,128" hai2="59,126,15,19,83,25,135,87,41,51,31,133,10" hai3="108,78,6,130,27,75,82,123,0,120,35,121,61"/><V103/><F126/><N who="0" m="48138" /><D114/><U77/><E39/><V18/><F103/><W111/><G61/><T4/><D58/><U30/><E128/><V66/><F66/><W134/><G130/><T124/><D124/><U43/><E30/><V14/><F59/><W119/><G119/><T67/><D67/><U47/><E102/><V56/><F56/><W20/><G134/><N who="2" m="51209" /><F25/><W40/><G40/><N who="0" m="22663" /><D1/><U69/><E8/><N who="2" m="6471" /><F31/><W65/><G65/><T3/><D3/><U48/><REACH who="1" step="1"/><E63/><REACH who="1" ten="287,220,230,253" step="2"/><V9/><F9/><W132/><G132/><T12/><D33/><U88/><E88/><N who="2" m="51327" /><F41/><W11/><G20/><T70/><D5/><U74/><AGARI ba="0,1" hai="43,47,48,49,50,68,69,71,74,77,80,86,90,95" machi="74" ten="30,2000,0" yaku="1,1,0,1,53,0" doraHai="93" doraHaiUra="7" who="1" fromWho="1" sc="287,-5,220,30,230,-10,253,-5" /><INIT seed="3,0,0,4,0,37" ten="282,250,220,248" oya="3" hai0="101,115,106,38,3,83,80,56,59,77,34,13,113" hai1="67,54,119,66,16,43,42,28,64,69,81,97,58" hai2="122,73,85,31,19,51,7,120,121,112,26,4,39" hai3="30,118,63,72,25,53,21,2,107,131,87,36,79"/><W74/><G118/><T103/><D3/><U109/><E28/><V105/><F39/><W1/><G107/><T68/><D68/><U27/><E119/><V130/><F73/><W95/><G131/><T78/><D38/><U6/><E69/><V8/><F105/><W117/><G117/><T55/><D106/><U5/><E109/><V126/><F112/><W86/><G36/><T15/><REACH who="0" step="1"/><D55/><REACH who="0" ten="272,250,220,248" step="2"/><U46/><E54/><V17/><F130/><W129/><G129/><T12/><D12/><U65/><E65/><V44/><F126/><W135/><G1/><T92/><D92/><U11/><E67/><V94/><F94/><W60/><G2/><T35/><AGARI ba="0,1" hai="13,15,34,35,56,59,77,78,80,83,101,103,113,115" machi="35" ten="25,6400,0" yaku="1,1,0,1,22,2,53,0" doraHai="37" doraHaiUra="40" who="0" fromWho="0" sc="272,74,250,-16,220,-16,248,-32" /><INIT seed="4,0,0,4,3,20" ten="346,234,204,216" oya="0" hai0="87,38,135,117,35,126,50,25,29,91,85,64,2" hai1="113,71,16,12,114,76,18,112,103,73,133,22,65" hai2="49,77,116,60,36,121,95,41,80,46,86,81,26" hai3="124,74,45,84,82,23,27,104,59,6,90,63,134"/><T120/><D38/><U68/><E133/><V127/><F121/><W54/><G134/><T92/><D120/><U119/><E119/><V7/><F127/><W42/><G124/><T44/><D117/><U102/><E18/><V47/><F116/><W115/><G115/><T98/><D126/><U39/><E39/><V132/><F132/><W24/><G104/><T53/><D135/><U79/><E65/><V11/><F60/><W14/><G74/><T88/><D2/><U105/><E105/><V93/><F81/><W75/><G75/><T33/><D64/><U96/><E73/><V17/><F17/><N who="3" m="10679" /><G6/><T3/><D3/><U61/><E61/><V9/><F9/><W69/><G69/><N who="1" m="26698" /><E96/><V66/><F66/><W5/><G5/><T123/><D123/><U97/><E97/><V10/><F10/><W128/><G128/><T62/><D62/><U130/><E130/><V107/><F26/><N who="3" m="9771" /><G45/><T67/><D67/><U72/><E72/><V57/><F57/><N who="3" m="35255" /><G42/><T99/><D35/><U31/><E31/><V106/><F106/><W110/><G110/><T58/><D44/><U70/><E70/><V122/><F122/><W108/><G108/><T34/><D34/><U78/><AGARI ba="0,0" hai="12,16,22,76,78,79,102,103,112,113,114" m="26698" machi="78" ten="40,5200,0" yaku="15,1,11,1,54,1" doraHai="20" who="1" fromWho="1" sc="346,-26,234,52,204,-13,216,-13" /><INIT seed="5,0,0,2,2,38" ten="320,286,191,203" oya="1" hai0="123,14,133,19,0,106,5,100,102,16,60,131,103" hai1="121,15,101,63,56,89,109,110,72,47,48,21,80" hai2="74,88,78,127,27,36,30,115,134,91,130,9,66" hai3="1,55,43,41,17,59,83,98,2,40,26,57,35"/><U10/><E101/><V13/><F36/><W45/><G1/><T7/><D0/><U81/><E21/><V118/><F118/><W85/><G2/><T6/><D131/><U90/><E121/><V24/><F130/><W44/><G98/><T113/><D113/><U112/><E112/><V97/><F127/><W116/><G116/><T62/><D133/><U29/><E29/><V42/><F115/><W96/><G96/><T64/><D123/><U120/><E120/><V54/><F134/><W37/><G37/><T20/><D106/><U39/><E39/><V49/><F66/><W93/><G93/><T76/><D76/><U58/><E72/><V125/><F125/><W32/><G32/><T23/><REACH who="0" step="1"/><D64/><REACH who="0" ten="310,286,191,203" step="2"/><U46/><E109/><V12/><F78/><N who="3" m="46327" /><G35/><T92/><D92/><U79/><E110/><V82/><F74/><W86/><G86/><T126/><D126/><U25/><E79/><V122/><F122/><W124/><G124/><T129/><D129/><U51/><E80/><V28/><F97/><W69/><G69/><T107/><D107/><U111/><E81/><V104/><F104/><W18/><G59/><T68/><D68/><U94/><E56/><V3/><F3/><W53/><G57/><T99/><D99/><N who="1" m="57807" /><E111/><V33/><F82/><W117/><G117/><T67/><D67/><U73/><E73/><V114/><F114/><W135/><G135/><T11/><D11/><U31/><E10/><V77/><F77/><W22/><G18/><T132/><D132/><U34/><E34/><V87/><F33/><W75/><G75/><T4/><D4/><RYUUKYOKU ba="0,1" sc="310,15,286,-15,191,-15,203,15" hai0="5,6,7,14,16,19,20,23,60,62,100,102,103" hai3="17,22,26,40,41,43,44,45,53,55" /><INIT seed="6,1,1,3,2,122" ten="325,271,176,218" oya="2" hai0="72,89,2,53,39,87,132,92,30,21,19,77,83" hai1="8,27,120,22,107,121,25,125,118,31,26,100,47" hai2="105,3,134,71,128,0,90,116,66,78,88,12,32" hai3="16,56,42,6,9,109,13,74,58,111,103,93,54"/><V112/><F116/><W81/><G42/><T101/><D2/><U70/><E70/><V99/><F32/><W46/><G46/><T106/><D39/><U7/><E118/><V96/><F78/><W18/><G58/><T67/><D67/><U80/><E80/><V20/><F112/><W133/><G133/><T40/><D40/><U36/><E36/><V33/><F33/><W59/><G59/><T104/><D30/><U91/><E47/><V52/><F134/><W82/><G82/><T50/><D101/><U24/><E91/><V94/><F128/><W127/><G127/><T38/><D38/><U115/><E115/><V129/><F129/><W63/><G74/><T48/><D48/><U61/><E61/><V10/><F20/><W98/><G81/><T28/><D28/><U131/><E131/><V55/><F66/><W60/><G60/><T43/><D43/><U57/><E57/><V97/><F71/><W62/><G62/><T65/><D65/><U11/><E125/><V113/><F113/><W34/><G34/><T124/><D124/><U95/><E107/><V14/><F105/><W23/><G18/><T130/><D130/><U75/><E75/><V68/><F68/><W123/><G123/><N who="1" m="47178" /><E7/><N who="2" m="1383" /><F3/><AGARI ba="1,1" hai="3,6,9,13,16,23,54,56,63,93,98,103,109,111" machi="3" ten="30,7700,0" yaku="7,1,52,2,54,1" doraHai="122" who="3" fromWho="2" sc="325,0,271,0,176,-80,218,90" /><INIT seed="7,0,0,2,5,70" ten="325,271,96,308" oya="3" hai0="91,68,22,87,46,7,129,69,73,13,94,133,85" hai1="24,65,55,113,128,50,106,110,9,35,109,103,83" hai2="60,79,120,52,6,75,12,27,92,74,8,48,19" hai3="1,25,125,135,131,33,81,62,29,21,107,43,78"/><W108/><G107/><T5/><D73/><U31/><E113/><V30/><F120/><W63/><G135/><T4/><D133/><U114/><E114/><V26/><F75/><W56/><G131/><T34/><D34/><U10/><E128/><V51/><F74/><W100/><G100/><T104/><D104/><U99/><E110/><V28/><F79/><W82/><G108/><T77/><D129/><U117/><E109/><V61/><F92/><W57/><G1/><T95/><D46/><U124/><E124/><V72/><F72/><W102/><G125/><T105/><D105/><U86/><E65/><V66/><F48/><W3/><G3/><T41/><D41/><U54/><E117/><V15/><F66/><N who="3" m="39239" /><G33/><T80/><REACH who="0" step="1"/><D95/><REACH who="0" ten="315,271,96,308" step="2"/><U116/><E116/><V42/><F42/><W49/><G43/><T16/><AGARI ba="0,1" hai="4,5,7,13,16,22,68,69,77,80,85,87,91,94" machi="16" ten="30,7900,0" yaku="1,1,2,1,0,1,54,1,53,0" doraHai="70" doraHaiUra="59" who="0" fromWho="0" sc="315,89,271,-20,96,-20,308,-39" owari="404,50.0,251,-15.0,76,-42.0,269,7.0" /></mjloggm>