<mjloggm ver="2.3"><GO type="169" lobby="0"/><UN n0="%EF%BC%84%E3%83%8A%E3%83%8A%E3%82%B7%E3%83%BC%EF%BF%A5" n1="%E6%96%B0%E4%B8%96%E7%95%8C%E3%81%AE%E7%B4%99" n2="%E3%83%8F%E3%82%A4%E3%83%86%E3%83%B3%E3%83%9C%E3%83%BC" n3="%E3%83%88%E3%83%88%E3%83%AA%E5%85%88%E7%94%9F%31%39%E6%AD%B3" dan="17,16,16,19" rate="2136.24,2098.58,2155.63,2250.22" sx="M,F,M,F"/><TAIKYOKU oya="0"/><INIT seed="0,0,0,5,5,75" ten="250,250,250,250" oya="0" hai0="68,55,13,8,134,47,19,105,82,38,67,94,117" hai1="77,98,41,34,122,91,10,90,28,81,127,32,76" hai2="63,96,61,83,5,31,69,36,93,101,18,56,112" hai3="80,119,108,51,78,104,57,29,85,45,87,0,133"/><T37/><D105/><U35/><E122/><V95/><F36/><W74/><G119/><T33/><D117/><U126/><E41/><V97/><F69/><W54/><G104/><T25/><D134/><U60/><E28/><V132/><F132/><W22/><G133/><T30/><D94/><N who="1" m="56663" /><E10/><V124/><F112/><W71/><G71/><T121/><D121/><U66/><E91/><V23/><F124/><N who="1" m="47657" /><E81/><V50/><F31/><W131/><G108/><T89/><D67/><U79/><E35/><V39/><F39/><W106/><G131/><T92/><D68/><AGARI ba="0,0" hai="32,34,60,66,68,76,77,79" m="47657,56663" machi="68" ten="30,7700,0" yaku="18,1,52,3" doraHai="75" who="1" fromWho="0" sc="250,-77,250,77,250,0,250,0" /><INIT seed="1,0,0,4,5,24" ten="173,327,250,250" oya="1" hai0="49,53,86,123,47,132,133,67,54,89,77,14,32" hai1="41,63,72,130,1,22,30,46,18,58,85,101,37" hai2="43,83,36,100,124,62,99,66,39,61,113,6,90" hai3="4,98,17,127,20,80,74,55,48,116,108,76,34"/><U119/><E119/><V125/><F6/><W87/><G116/><T104/><D123/><U50/><E72/><V9/><F9/><W3/><G108/><T15/><D104/><U75/><E75/><V105/><F62/><W103/><G127/><N who="2" m="48713" /><F43/><W21/><G34/><T107/><D107/><U110/><E110/><V57/><F113/><W94/><G17/><T16/><D77/><U120/><E120/><V10/><F10/><W27/><G27/><T92/><D67/><U33/><E130/><V40/><F40/><W121/><G121/><T29/><D54/><U135/><E135/><N who="0" m="51785" /><D16/><U68/><E68/><V78/><F90/><W111/><G111/><T5/><D5/><U97/><E18/><V70/><F57/><W44/><G4/><T118/><D118/><U42/><E58/><V19/><F19/><W95/><G3/><T114/><D114/><U28/><E1/><V81/><F81/><W131/><G131/><T2/><D2/><U23/><E42/><V82/><F82/><W93/><REACH who="3" step="1"/><G74/><AGARI ba="0,0" hai="36,39,61,66,70,74,78,83,99,100,105" m="48713" machi="74" ten="30,2000,0" yaku="18,1,23,1" doraHai="24" who="2" fromWho="3" sc="173,0,327,0,250,20,250,-20" /><INIT seed="2,0,0,3,4,118" ten="173,327,270,230" oya="2" hai0="5,38,114,28,43,9,97,44,105,27,79,4,128" hai1="102,132,129,133,127,94,124,34,2,13,108,130,64" hai2="18,62,99,37,46,73,98,91,74,30,14,19,126" hai3="107,60,85,21,48,117,122,10,36,23,25,96,76"/><V3/><F3/><W131/><G117/><T135/><D114/><U39/><E108/><V70/><F30/><W111/><G36/><T121/><D135/><N who="1" m="51787" /><E39/><V89/><F126/><N who="1" m="48169" /><E2/><V69/><F37/><W56/><G111/><T115/><D115/><U58/><E34/><V103/><F46/><W11/><G122/><T45/><D45/><U93/><E102/><V68/><F103/><W119/><G48/><T26/><D26/><U87/><E87/><V24/><F24/><W49/><G85/><T29/><D29/><U42/><E42/><V40/><F40/><W51/><G25/><T6/><D79/><U90/><E13/><V83/><F14/><W104/><G76/><T134/><D134/><U55/><E64/><V116/><F116/><W125/><G125/><T8/><D38/><U50/><E90/><N who="2" m="34315" /><F83/><W7/><G119/><T33/><D43/><U1/><E1/><V41/><F41/><W82/><G82/><T101/><D101/><U0/><E0/><V63/><F74/><W77/><G77/><T31/><D33/><U52/><E55/><V78/><F78/><W106/><G106/><T65/><D105/><U86/><E86/><V100/><F100/><W110/><G110/><T57/><D27/><U17/><E17/><N who="2" m="6155" /><F73/><W67/><G104/><T95/><D4/><U123/><E123/><V47/><F47/><W35/><G7/><T120/><D44/><U16/><E16/><V113/><F113/><W72/><G107/><T112/><D112/><U109/><E109/><V92/><F92/><AGARI ba="0,0" hai="50,52,58,92,93,94,129,130" m="48169,51787" machi="92" ten="40,8000,1" yaku="30,2,20,1,18,1,54,1" doraHai="118" who="1" fromWho="2" sc="173,0,327,80,270,-80,230,0" /><INIT seed="3,0,0,1,0,75" ten="173,407,190,230" oya="3" hai0="114,59,85,105,44,14,42,78,116,97,113,22,132" hai1="5,10,90,50,95,79,91,110,60,26,70,39,33" hai2="108,120,84,87,0,3,61,38,11,129,18,51,30" hai3="55,73,13,115,72,25,74,24,89,36,134,16,128"/><W52/><G115/><N who="0" m="44043" /><D116/><U27/><E39/><V62/><F38/><W12/><G36/><N who="0" m="21575" /><D132/><U32/><E110/><V103/><F108/><W20/><G134/><T57/><D105/><U112/><E112/><V41/><F120/><W69/><G69/><T56/><D97/><U6/><E70/><V76/><F30/><W2/><G2/><T86/><D78/><U94/><E50/><V100/><F129/><W45/><G128/><T82/><D82/><U68/><E68/><V28/><F28/><W67/><G67/><T121/><D121/><U29/><E29/><V19/><F51/><W102/><G102/><T130/><D130/><U37/><E37/><V15/><F41/><W53/><G45/><T122/><D122/><U34/><E10/><V98/><F98/><W7/><REACH who="3" step="1"/><G89/><REACH who="3" ten="173,407,190,220" step="2"/><T77/><D77/><U8/><E79/><V81/><F3/><W49/><G49/><T47/><D47/><U35/><E90/><V83/><F0/><W48/><G48/><T80/><D59/><U93/><E91/><N who="2" m="51599" /><F103/><W65/><G65/><T17/><D57/><U21/><E60/><N who="2" m="23147" /><F100/><W118/><G118/><T109/><D109/><U117/><E117/><V126/><F126/><W92/><G92/><T71/><D71/><U43/><E93/><V31/><F31/><W123/><G123/><T40/><D40/><U58/><E35/><V88/><F76/><W63/><G63/><T133/><D133/><U127/><E34/><V107/><F107/><W64/><G64/><T4/><D56/><U46/><E33/><V99/><F99/><W124/><G124/><T104/><D104/><RYUUKYOKU ba="0,1" sc="173,-15,407,-15,190,15,220,15" hai2="11,15,18,19,83,87,88" hai3="7,12,13,16,20,24,25,52,53,55,72,73,74" /><INIT seed="3,1,1,4,3,100" ten="158,392,205,235" oya="3" hai0="53,112,65,63,43,90,3,26,85,39,22,133,80" hai1="86,62,23,38,50,64,25,79,102,73,36,134,58" hai2="31,121,104,128,88,14,47,126,57,2,6,74,54" hai3="8,35,124,37,91,87,24,20,60,95,92,132,129"/><W123/><G123/><T120/><D120/><U29/><E73/><V44/><F121/><W5/><G37/><T41/><D3/><U81/><E134/><V106/><F74/><W1/><G35/><T101/><D133/><U13/><E13/><V111/><F2/><W34/><G34/><T83/><D112/><U84/><E102/><V127/><F31/><W72/><G72/><T97/><D53/><U4/><E4/><V96/><F128/><W67/><G132/><T68/><D80/><U33/><E84/><V28/><F28/><W98/><G129/><T115/><D39/><U75/><E75/><V117/><F117/><W40/><G40/><T69/><D69/><U77/><E77/><V119/><F14/><W59/><G124/><N who="2" m="47657" /><F6/><W105/><G105/><N who="2" m="40553" /><F111/><W49/><G24/><T122/><D115/><U118/><E23/><V109/><F109/><W15/><G20/><T76/><D122/><U99/><E118/><V45/><F119/><W17/><G1/><T9/><D9/><U135/><E135/><V16/><F16/><W131/><G131/><T114/><D114/><U55/><E33/><V93/><F44/><W130/><G130/><T12/><D12/><U18/><E18/><V71/><F71/><W113/><G113/><T48/><D26/><U27/><E27/><V19/><F19/><W32/><G32/><T116/><D22/><U107/><E25/><V61/><AGARI ba="1,1" hai="45,47,54,57,61,88,93,96" m="40553,47657" machi="61" ten="30,8000,1" yaku="18,1,52,3,54,1" doraHai="100" who="2" fromWho="2" sc="158,-21,392,-21,205,93,235,-41" /><INIT seed="4,0,0,4,3,17" ten="137,371,298,194" oya="0" hai0="91,128,120,126,83,19,133,54,112,132,82,131,86" hai1="134,124,80,77,39,105,88,116,52,53,61,71,43" hai2="66,16,10,65,48,21,12,35,125,99,14,11,73" hai3="23,110,76,13,37,42,114,70,64,41,118,129,127"/><T94/><D120/><U50/><E116/><V24/><F73/><W31/><G118/><T2/><D2/><U93/><E105/><V55/><F125/><W34/><G127/><T44/><D112/><U15/><E124/><V78/><F35/><W90/><G110/><T49/><D126/><U67/><E134/><N who="0" m="51817" /><D19/><U95/><E15/><V7/><F99/><W98/><G13/><T9/><D9/><U69/><E69/><V108/><F78/><W60/><G76/><T25/><D25/><U111/><E111/><V3/><F3/><W29/><G114/><T1/><D1/><U57/><E53/><V102/><F102/><W103/><G129/><AGARI ba="0,0" hai="44,49,54,82,83,86,91,94,128,129,131" m="51817" machi="129" ten="30,2900,0" yaku="19,1,20,1" doraHai="17" who="0" fromWho="3" sc="137,29,371,0,298,0,194,-29" /><INIT seed="4,1,0,0,1,5" ten="166,371,298,165" oya="0" hai0="113,42,112,129,77,0,73,89,74,46,100,134,43" hai1="48,59,127,16,135,12,57,116,115,44,7,81,125" hai2="120,1,87,47,24,25,84,52,79,58,60,107,105" hai3="102,13,95,97,33,27,131,9,49,76,117,8,39"/><T96/><D0/><U32/><E116/><V38/><F120/><W132/><G117/><T53/><D134/><U50/><E135/><V63/><F1/><W130/><G39/><T110/><D89/><U111/><E111/><V90/><F79/><W51/><G132/><T31/><D110/><U6/><E32/><V3/><F3/><W133/><G133/><T2/><D2/><U91/><E81/><V19/><F87/><W11/><G76/><T56/><D31/><U65/><E91/><V88/><F90/><W92/><G13/><T80/><D74/><U15/><E115/><N who="0" m="44105" /><D46/><U14/><E16/><V61/><F107/><W62/><G92/><N who="0" m="58375" /><D129/><N who="3" m="49161" /><G62/><AGARI ba="1,0" hai="42,43,53,56,62,73,77,80" m="58375,44105" machi="62" ten="30,1500,0" yaku="15,1" doraHai="5" who="0" fromWho="3" sc="166,18,371,0,298,0,165,-18" /><INIT seed="4,2,0,1,4,47" ten="184,371,298,147" oya="0" hai0="73,87,56,21,72,70,31,6,114,12,63,104,66" hai1="96,60,79,127,35,77,9,93,54,103,4,98,76" hai2="51,74,10,59,17,7,108,27,99,94,102,37,88" hai3="125,64,50,45,14,46,100,120,92,57,40,106,116"/><T95/><D104/><U90/><E35/><V53/><F37/><W29/><G116/><T18/><D114/><U44/><E127/><V38/><F38/><W126/><G106/><T117/><D117/><U113/><E113/><V101/><F74/><W2/><G2/><T71/><D31/><U32/><E32/><V135/><F135/><W30/><G120/><T115/><D115/><U25/><E25/><V15/><F108/><W69/><G69/><T133/><D133/><U128/><E128/><V134/><F134/><W65/><G14/><T86/><D86/><U110/><E110/><V28/><REACH who="2" step="1"/><F7/><REACH who="2" ten="184,371,288,147" step="2"/><W75/><G75/><T123/><D73/><U107/><E79/><V82/><F82/><W85/><G126/><T39/><D72/><U3/><E77/><V24/><F24/><W8/><G125/><T55/><D39/><U132/><E76/><V89/><F89/><W36/><G36/><T112/><D112/><U19/><E132/><V131/><F131/><W84/><G100/><T26/><D123/><U33/><E4/><V52/><F52/><N who="3" m="31895" /><G40/><T118/><D118/><U81/><E103/><V49/><F49/><W83/><G83/><T129/><D129/><U124/><E81/><V68/><F68/><W91/><G65/><T80/><D80/><U119/><E124/><V130/><F130/><W34/><G64/><T109/><D109/><U97/><E54/><V48/><F48/><W43/><G91/><N who="0" m="53759" /><D66/><U105/><E119/><V1/><F1/><W58/><G43/><T11/><D71/><U62/><E3/><V122/><F122/><W78/><G78/><RYUUKYOKU ba="2,1" sc="184,15,371,-15,288,15,147,-15" hai0="6,11,12,18,21,26,55,56,63,70" hai2="10,15,17,27,28,51,53,59,88,94,99,101,102" /><INIT seed="4,3,1,0,1,95" ten="199,356,303,132" oya="0" hai0="45,73,30,96,58,57,113,19,16,49,124,2,13" hai1="87,54,121,109,123,20,129,74,100,23,80,77,127" hai2="25,10,84,55,5,46,42,126,67,131,6,85,56" hai3="43,66,94,40,48,82,41,101,53,17,105,132,108"/><T69/><D2/><U106/><E109/><V90/><F67/><W22/><G105/><T14/><D69/><U93/><E54/><V51/><F131/><W88/><G108/><T21/><D73/><U7/><E7/><V3/><F126/><W83/><G132/><T28/><D124/><U130/><E127/><V119/><F119/><W64/><G101/><T116/><D116/><U75/><E23/><V91/><F25/><W1/><G1/><T118/><D118/><U79/><E20/><V37/><F3/><W35/><G35/><T34/><D113/><U18/><E18/><V63/><F37/><W92/><G92/><T76/><D76/><U52/><E52/><V8/><F5/><W4/><G4/><T125/><D125/><U98/><E79/><V115/><F115/><W103/><G103/><T114/><D114/><U81/><E81/><N who="2" m="49423" /><F6/><W78/><G78/><T60/><D34/><U33/><E33/><V135/><F135/><W29/><G29/><T24/><D24/><U97/><E75/><V102/><F102/><W89/><G64/><T104/><D30/><U27/><E74/><V26/><F26/><N who="3" m="14671" /><G66/><T128/><D28/><U38/><E38/><V36/><F36/><W39/><G39/><T133/><D133/><U32/><E32/><V134/><F134/><W44/><G89/><T47/><D19/><U62/><E27/><V107/><F107/><W68/><G68/><T99/><D104/><U71/><E129/><V0/><F0/><W86/><AGARI ba="3,1" hai="40,41,43,44,48,53,82,83,86,88,94" m="14671" machi="86" ten="30,2000,0" yaku="8,1,54,1" doraHai="95" who="3" fromWho="3" sc="199,-13,356,-8,303,-8,132,39" /><INIT seed="5,0,0,5,1,123" ten="186,348,295,171" oya="1" hai0="21,113,53,0,64,96,62,82,92,75,73,59,120" hai1="109,43,61,52,9,76,47,42,100,130,48,36,49" hai2="30,103,8,114,101,118,93,131,129,15,46,125,54" hai3="71,63,128,104,84,65,50,33,10,133,57,29,102"/><U121/><E121/><V31/><F118/><W94/><G128/><N who="2" m="49225" /><F125/><W134/><G133/><T77/><D120/><U97/><E130/><V112/><F46/><W79/><G134/><T32/><D32/><U51/><E76/><V58/><F31/><W89/><G79/><T126/><D126/><U24/><E43/><V3/><F30/><W127/><G127/><T44/><D0/><U98/><E24/><V6/><F3/><W5/><G50/><T117/><D117/><U81/><E81/><V85/><F85/><W26/><G57/><T108/><D113/><N who="2" m="43626" /><F93/><W87/><G87/><T115/><D115/><U95/><E98/><V18/><F6/><W68/><G68/><T135/><D135/><U66/><E66/><V106/><F106/><W83/><G94/><T78/><D44/><U12/><E36/><V23/><F8/><W124/><G104/><T86/><D21/><U45/><E45/><V80/><F80/><W105/><G105/><T25/><BYE who="3" /><D86/><U70/><E42/><UN n3="%E3%83%88%E3%83%88%E3%83%AA%E5%85%88%E7%94%9F%31%39%E6%AD%B3" /><V111/><F111/><W72/><G124/><T41/><D41/><N who="1" m="24687" /><E109/><V116/><F116/><W91/><G84/><T132/><D108/><U38/><E38/><V35/><F35/><W37/><G37/><T67/><D132/><U14/><E9/><V88/><F88/><W19/><G5/><T13/><D78/><U17/><E95/><V110/><F110/><W2/><G2/><T7/><D92/><U16/><E97/><V122/><F122/><W4/><G4/><T69/><D96/><U22/><E22/><V27/><F27/><W28/><G33/><T11/><D25/><RYUUKYOKU ba="0,0" sc="186,-10,348,-10,295,30,171,-10" hai2="15,18,23,54,58,101,103" /><INIT seed="6,1,0,4,5,17" ten="176,338,325,161" oya="2" hai0="25,88,122,39,120,47,109,42,2,59,121,23,29" hai1="70,19,3,101,89,1,16,54,24,99,113,118,0" hai2="93,90,123,80,48,127,8,97,26,7,66,22,74" hai3="30,65,135,43,104,33,9,106,132,51,82,40,67"/><V38/><F38/><W45/><G40/><T21/><D109/><U56/><E118/><V107/><F123/><W27/><G9/><T103/><D2/><U134/><E70/><V78/><F127/><W35/><G35/><T131/><D131/><U108/><E108/><V13/><F66/><W105/><REACH who="3" step="1"/><G82/><REACH who="3" ten="176,338,325,151" step="2"/><T117/><D117/><U130/><E130/><V92/><F48/><W20/><G20/><T112/><D112/><U31/><E1/><V83/><F83/><W84/><G84/><T64/><D103/><U5/><E101/><V95/><REACH who="2" step="1"/><F107/><REACH who="2" ten="176,338,315,151" step="2"/><W49/><G49/><T53/><D122/><U110/><E110/><V12/><F12/><W75/><G75/><T128/><D121/><U69/><E3/><V91/><F91/><W85/><G85/><T32/><D120/><U71/><E0/><V98/><F98/><W61/><G61/><T77/><D88/><U46/><E99/><V73/><F73/><W100/><G100/><T86/><D128/><U28/><E89/><V60/><F60/><W115/><G115/><T18/><D86/><U87/><E113/><V62/><F62/><W14/><G14/><T119/><D39/><U58/><E87/><V55/><F55/><W79/><G79/><T124/><D77/><U96/><E54/><V116/><F116/><W15/><G15/><T94/><D119/><U102/><E69/><V76/><F76/><W114/><G114/><T34/><D53/><U4/><E71/><V68/><F68/><W126/><G126/><T72/><D124/><U111/><E46/><V129/><F129/><W10/><G10/><RYUUKYOKU ba="1,2" sc="176,-15,338,-15,315,15,151,15" hai2="7,8,13,22,26,74,78,80,90,92,93,95,97" hai3="27,30,33,43,45,51,65,67,104,105,106,132,135" /><INIT seed="6,2,2,0,4,53" ten="161,323,330,166" oya="2" hai0="67,126,33,73,96,60,108,80,77,35,82,88,65" hai1="50,122,111,70,27,114,18,13,119,0,123,59,64" hai2="24,61,54,26,21,29,98,99,86,14,22,81,66" hai3="23,87,15,58,133,55,75,118,110,128,116,4,112"/><V85/><F14/><W7/><G110/><T109/><D126/><U89/><E111/><V97/><F54/><W1/><G75/><T37/><D109/><U91/><E0/><V34/><F34/><W39/><G39/><T43/><D108/><U102/><E119/><V48/><F48/><W5/><G1/><T107/><D37/><U131/><E114/><V16/><REACH who="2" step="1"/><F81/><REACH who="2" ten="161,323,320,166" step="2"/><W90/><G118/><T3/><D82/><U105/><E13/><V106/><F106/><W32/><G32/><T76/><D35/><U30/><E105/><V130/><F130/><W72/><G116/><T56/><D33/><U93/><E50/><V10/><F10/><W40/><G128/><T129/><D129/><U68/><E131/><V44/><F44/><W127/><G15/><T51/><D3/><U74/><E123/><V49/><F49/><W95/><G23/><T19/><D107/><U92/><E122/><V125/><F125/><W31/><G127/><T117/><D117/><U38/><E38/><V69/><AGARI ba="2,3" hai="16,21,22,24,26,29,61,66,69,85,86,97,98,99" machi="69" ten="30,6000,0" yaku="1,1,0,1,54,1,53,0" doraHai="53" doraHaiUra="28" who="2" fromWho="2" sc="161,-22,323,-22,320,96,166,-22" /><INIT seed="6,3,0,0,5,95" ten="139,301,416,144" oya="2" hai0="49,43,76,119,20,42,21,120,127,131,18,91,109" hai1="101,28,79,73,111,97,125,24,14,96,27,50,12" hai2="6,40,106,85,89,83,37,68,75,17,84,5,129" hai3="121,1,67,99,128,31,61,29,15,4,134,92,63"/><V10/><F68/><W114/><G121/><T93/><D109/><U13/><E111/><V47/><F129/><W78/><G1/><T130/><D120/><U46/><E125/><V133/><F133/><W77/><G134/><T69/><D69/><U117/><E117/><V30/><F106/><W88/><G128/><N who="0" m="49195" /><D127/><U66/><E66/><V32/><F30/><N who="3" m="11275" /><G114/><T122/><D122/><U16/><E101/><V58/><F32/><W22/><G67/><T7/><D119/><U110/><E110/><V82/><F75/><W41/><G41/><N who="0" m="15371" /><D76/><N who="3" m="29289" /><G22/><T74/><D74/><U102/><E102/><V124/><F124/><W53/><G53/><T112/><D112/><U8/><E79/><V62/><F17/><W34/><G34/><T3/><D49/><U103/><E73/><V118/><F118/><W71/><G71/><T81/><D81/><U86/><E103/><V64/><F5/><W116/><G116/><T98/><D18/><U55/><E86/><V115/><F115/><W44/><G44/><T0/><D0/><U48/><E48/><V59/><F59/><W113/><G113/><T11/><AGARI ba="3,0" hai="3,7,11,20,21,91,93,98" m="15371,49195" machi="11" ten="30,2000,0" yaku="19,1,52,1" doraHai="95" who="0" fromWho="0" sc="139,29,301,-8,416,-13,144,-8" /><INIT seed="7,0,0,1,1,46" ten="168,293,403,136" oya="3" hai0="71,88,9,18,45,19,3,93,61,16,129,20,42" hai1="126,75,91,14,15,109,118,10,76,25,108,78,11" hai2="38,40,80,90,124,17,114,104,125,24,13,122,26" hai3="72,1,30,6,2,8,55,66,98,110,105,67,62"/><W82/><G110/><T63/><D129/><U130/><E130/><V69/><F104/><W116/><G116/><T31/><D3/><U12/><E118/><V34/><F69/><W53/><G1/><T100/><D9/><U117/><E117/><V133/><F122/><W35/><G66/><T134/><D134/><U23/><E126/><V70/><F70/><W123/><G123/><T54/><D100/><U41/><E41/><V60/><F60/><W52/><G72/><T74/><D74/><U57/><E75/><V121/><F121/><W128/><G128/><T51/><D71/><U81/><E57/><V107/><F107/><W47/><G82/><T28/><D42/><U79/><E108/><V83/><F114/><W113/><G113/><T92/><D92/><U119/><E109/><V56/><F56/><W22/><G35/><T111/><D111/><U103/><E103/><V50/><F38/><W112/><G112/><T36/><D36/><U39/><E39/><V86/><F83/><W33/><G33/><T77/><D77/><U43/><E43/><V37/><F37/><W21/><G30/><N who="0" m="11307" /><D20/><N who="3" m="7785" /><G47/><T58/><D45/><U5/><E119/><V127/><F34/><W44/><G44/><T95/><D95/><U7/><E81/><V132/><F132/><W131/><G131/><T48/><D63/><U27/><E27/><V99/><F40/><W65/><G62/><T68/><D68/><U101/><E101/><V85/><F133/><W115/><G115/><T49/><D61/><U4/><E25/><V89/><F124/><W0/><G0/><T87/><AGARI ba="0,0" hai="16,18,19,48,49,51,54,58,87,88,93" m="11307" machi="87" ten="30,12000,2" yaku="5,1,8,1,52,3,54,2" doraHai="46" who="0" fromWho="0" sc="168,120,293,-30,403,-30,136,-60" owari="288,9.0,263,-14.0,373,47.0,76,-42.0" /></mjloggm>