<mjloggm ver="2.3"><GO type="169" lobby="0"/><UN n0="%41%55%47%55%52%49" n1="%E3%82%B7%E3%83%A3%E3%83%BC%E3%83%AA%E3%83%97%E3%83%88%E3%83%A9" n2="%E3%82%A6%E3%83%AB%E3%83%88%E3%83%A9%E7%AB%8B%E7%9B%B4" n3="%69%6D%6F%69%6D%6F" dan="16,17,17,16" rate="2014.32,2245.18,2169.40,2085.81" sx="M,M,M,M"/><TAIKYOKU oya="0"/><INIT seed="0,0,0,5,1,11" ten="250,250,250,250" oya="0" hai0="119,51,109,71,66,64,7,0,133,20,40,43,62" hai1="10,37,96,29,121,48,9,101,122,61,127,28,74" hai2="8,23,104,33,27,63,12,65,32,125,97,16,107" hai3="83,103,68,126,49,24,132,78,35,92,55,130,38"/><T15/><D119/><U108/><E37/><V117/><F125/><W129/><G38/><T19/><D133/><U118/><E74/><V110/><F110/><W2/><G126/><T6/><D109/><U98/><E48/><V116/><F33/><W53/><G68/><T113/><D113/><U134/><E127/><V58/><F32/><W87/><G2/><T115/><D115/><U22/><E22/><V44/><F44/><W120/><G132/><T94/><D66/><U69/><E134/><V112/><F112/><W3/><G3/><T82/><D94/><U131/><E108/><V26/><F26/><W45/><G120/><T18/><D82/><U60/><E101/><V5/><REACH who="2" step="1"/><F97/><REACH who="2" ten="250,250,240,250" step="2"/><W54/><G24/><T41/><D0/><U100/><E121/><V114/><F114/><W70/><G35/><T57/><REACH who="0" step="1"/><D19/><REACH who="0" ten="240,250,240,250" step="2"/><U80/><E122/><V4/><F4/><W56/><G129/><T14/><D14/><U52/><E131/><V124/><F124/><W50/><G130/><T67/><D67/><U105/><E105/><AGARI ba="0,2" hai="5,8,12,16,23,27,58,63,65,104,105,107,116,117" machi="105" ten="40,8000,1" yaku="1,1,52,1,54,1,53,1" doraHai="11" doraHaiUra="59" who="2" fromWho="1" sc="240,0,250,-80,240,100,250,0" /><INIT seed="1,0,0,3,1,92" ten="240,170,340,250" oya="1" hai0="103,73,12,124,3,13,39,34,116,115,71,70,57" hai1="130,58,86,2,56,121,4,135,131,67,84,134,89" hai2="49,133,59,43,98,38,126,28,127,18,22,101,29" hai3="50,41,26,113,112,97,76,93,25,118,40,17,120"/><U106/><E106/><V16/><F38/><W0/><G120/><T46/><D115/><U119/><E121/><V37/><F37/><W79/><G0/><T117/><D3/><U82/><E119/><V87/><F87/><W107/><G107/><T53/><D73/><U123/><E123/><V91/><F91/><W94/><G50/><T105/><D34/><U21/><E21/><V5/><F5/><W100/><G100/><T68/><D124/><N who="2" m="47658" /><F18/><W52/><G17/><T81/><D81/><U19/><E19/><V32/><F32/><W122/><G52/><T104/><D105/><U90/><E4/><V99/><F101/><W62/><G62/><T74/><D74/><U9/><E9/><V125/><F133/><N who="1" m="50697" /><E2/><V51/><F125/><W20/><G122/><T35/><D35/><U33/><E33/><V102/><F102/><W42/><G113/><T64/><D104/><U1/><E1/><V10/><F10/><W109/><G112/><T111/><D103/><U31/><E31/><N who="2" m="11851" /><F51/><W66/><G25/><T95/><D39/><U15/><E15/><N who="2" m="9503" /><F59/><N who="1" m="22569" /><E67/><V129/><F129/><N who="1" m="49161" /><E86/><V23/><F23/><W65/><G66/><T7/><D64/><U48/><E48/><V47/><AGARI ba="0,0" hai="43,47,49,98,99" m="9503,11851,47658" machi="47" ten="30,7900,0" yaku="18,1,52,2,54,1" doraHai="92" who="2" fromWho="2" sc="240,-20,170,-39,340,79,250,-20" /><INIT seed="2,0,0,5,3,124" ten="220,131,419,230" oya="2" hai0="105,126,43,77,12,96,116,22,73,87,94,30,21" hai1="93,106,69,110,119,80,28,54,46,92,85,98,133" hai2="101,26,47,35,52,82,3,102,51,64,61,134,122" hai3="91,20,18,130,104,37,60,117,25,79,38,14,2"/><V16/><F3/><W57/><G117/><T89/><D116/><U72/><E69/><V42/><F122/><W33/><G79/><T36/><D126/><U56/><E46/><V29/><F134/><W71/><G71/><T109/><D109/><U62/><E119/><V45/><F82/><W8/><G104/><T111/><D111/><U103/><E110/><V128/><F128/><W10/><G130/><T66/><D66/><U40/><E40/><V50/><REACH who="2" step="1"/><F16/><REACH who="2" ten="220,131,409,230" step="2"/><W13/><G2/><T88/><D30/><U123/><E133/><V83/><F83/><W131/><G131/><T19/><D73/><U115/><E123/><V114/><F114/><W44/><G18/><T0/><D0/><U15/><E115/><V132/><F132/><W108/><G108/><T97/><D77/><U17/><E72/><V86/><F86/><W120/><G120/><T121/><D121/><U84/><E28/><V31/><F31/><W81/><G81/><T39/><D87/><U68/><E85/><V127/><F127/><W23/><G13/><T99/><D19/><U65/><E84/><V95/><F95/><W113/><G113/><T32/><D12/><U129/><E80/><V58/><AGARI ba="0,1" hai="26,29,35,42,45,47,50,51,52,58,61,64,101,102" machi="58" ten="20,12000,1" yaku="1,1,0,1,7,1,54,1,53,1" doraHai="124" doraHaiUra="27" who="2" fromWho="2" sc="220,-40,131,-40,409,130,230,-40" /><INIT seed="2,1,0,5,0,29" ten="180,91,539,190" oya="2" hai0="78,42,19,128,112,54,56,113,111,32,123,107,18" hai1="46,38,90,75,89,122,13,49,57,8,4,55,43" hai2="14,95,51,60,44,22,114,0,62,84,34,131,28" hai3="63,12,66,76,94,81,40,30,115,3,105,88,92"/><V77/><F0/><W117/><G3/><T126/><D123/><U118/><E118/><V31/><F114/><W104/><G115/><T68/><D68/><U116/><E116/><V86/><F131/><W23/><G117/><T73/><D128/><U96/><E122/><V35/><F14/><W11/><G40/><T20/><D18/><U97/><E75/><V110/><F22/><W80/><G94/><T130/><D107/><U71/><E96/><V15/><F15/><W129/><G129/><T61/><D32/><U100/><REACH who="1" step="1"/><E71/><REACH who="1" ten="180,81,539,190" step="2"/><V26/><F84/><W121/><G121/><T106/><D130/><U119/><E119/><V39/><F86/><W132/><G132/><T120/><D73/><U5/><E5/><V50/><F110/><W1/><G104/><AGARI ba="1,1" hai="4,8,13,38,43,46,49,55,57,89,90,97,100,104" machi="104" ten="30,3900,0" yaku="1,1,7,1,53,1" doraHai="29" doraHaiUra="10" who="1" fromWho="3" sc="180,0,81,52,539,0,190,-42" /><INIT seed="3,0,0,3,5,34" ten="180,133,539,148" oya="3" hai0="59,28,135,13,91,57,130,115,19,69,117,128,106" hai1="93,1,49,73,17,131,92,133,22,79,25,61,31" hai2="65,116,71,120,80,39,109,63,126,87,50,104,68" hai3="77,124,132,96,74,111,24,82,89,95,94,18,38"/><W44/><G38/><T3/><D117/><U119/><E73/><V41/><F104/><W20/><G132/><T55/><D69/><U15/><E79/><V62/><F116/><W29/><G124/><T103/><D135/><U8/><E119/><V10/><F39/><W14/><G111/><T123/><D115/><U90/><E133/><V30/><F30/><W101/><G44/><T6/><D28/><U4/><E131/><N who="0" m="50217" /><D123/><U26/><E26/><V134/><F109/><W122/><G122/><T9/><D91/><U16/><E17/><V5/><F126/><W99/><REACH who="3" step="1"/><G29/><REACH who="3" ten="180,133,539,138" step="2"/><T60/><D59/><U45/><E61/><V105/><F63/><W83/><G83/><T52/><D57/><U112/><E112/><V35/><F80/><W100/><G100/><T51/><D60/><U86/><E49/><V0/><F50/><W36/><G36/><T127/><D51/><U42/><E45/><V37/><F62/><W75/><G75/><T54/><D127/><U81/><REACH who="1" step="1"/><E42/><REACH who="1" ten="180,123,539,138" step="2"/><V121/><F41/><W2/><G2/><T70/><D3/><U78/><E78/><V72/><F0/><W67/><G67/><T11/><D55/><U108/><E108/><V23/><F65/><W66/><G66/><T110/><D54/><U114/><E114/><V129/><F134/><W107/><G107/><T7/><D52/><U76/><E76/><V21/><F105/><W43/><G43/><T56/><D106/><U84/><E84/><V102/><F87/><W48/><G48/><T47/><D47/><U64/><E64/><V32/><F37/><W46/><G46/><RYUUKYOKU ba="0,2" sc="180,-15,123,15,539,-15,138,15" hai1="1,4,8,15,16,22,25,31,81,86,90,92,93" hai3="14,18,20,24,74,77,82,89,94,95,96,99,101" /><INIT seed="3,1,2,2,5,112" ten="165,138,524,153" oya="3" hai0="82,79,0,39,113,58,68,54,72,118,70,126,59" hai1="75,3,38,61,116,69,55,36,89,57,91,125,111" hai2="43,132,123,35,105,129,73,21,20,49,64,108,76" hai3="92,119,56,85,128,6,90,81,133,86,74,135,19"/><W26/><G6/><T77/><D0/><U97/><E3/><V32/><F49/><W12/><G26/><T130/><D113/><U40/><E75/><V33/><F43/><W34/><G34/><T25/><D25/><U134/><E97/><V83/><F64/><W117/><G74/><T99/><D39/><N who="1" m="14891" /><E89/><V102/><F21/><N who="3" m="11495" /><G56/><T17/><D17/><U78/><E91/><V18/><F20/><W66/><G66/><T106/><D99/><U94/><E78/><V121/><F18/><W60/><G60/><T100/><D72/><U80/><E40/><V23/><F23/><W107/><G107/><T95/><D58/><N who="1" m="35039" /><E94/><V71/><F105/><W131/><G85/><T10/><D106/><U31/><E80/><V103/><F73/><W2/><G81/><T22/><D82/><U67/><E31/><V27/><F83/><W101/><G101/><T4/><D100/><U45/><E69/><V46/><F71/><W29/><G29/><T11/><D70/><U44/><E67/><V1/><F103/><W53/><G2/><T14/><D68/><U16/><E16/><V65/><F102/><W120/><G90/><T98/><D79/><U93/><E93/><V87/><F76/><W42/><G92/><T114/><D77/><U84/><E84/><V96/><F87/><W7/><G86/><T13/><D95/><U8/><E8/><V52/><F1/><W109/><G42/><T62/><D11/><U122/><E122/><V47/><F123/><W41/><G120/><T5/><D10/><U15/><E15/><V127/><F121/><W48/><G41/><RYUUKYOKU ba="1,2" sc="165,0,138,0,524,0,153,0" /><INIT seed="4,2,2,1,1,112" ten="165,138,524,153" oya="0" hai0="30,97,20,54,53,1,124,125,134,88,118,37,102" hai1="77,109,114,5,55,56,25,22,123,113,26,7,0" hai2="28,117,75,11,78,47,105,33,104,49,89,19,121" hai3="12,8,111,92,96,70,62,42,86,131,64,2,84"/><T9/><D37/><U35/><E109/><V103/><F121/><W41/><G111/><T87/><D134/><U10/><E77/><V45/><F28/><W50/><G2/><T79/><D79/><U15/><E56/><V27/><F33/><W17/><G131/><T120/><D120/><U71/><E71/><V46/><F104/><W72/><G72/><T43/><D43/><U108/><E108/><V32/><F32/><W39/><G39/><T128/><D128/><U65/><E65/><V40/><F19/><W98/><G98/><T82/><D118/><U100/><E100/><V110/><F27/><W132/><G132/><T36/><D36/><U81/><E81/><V116/><F11/><W58/><G70/><T66/><D66/><U85/><E85/><N who="3" m="32874" /><G50/><T76/><D76/><U31/><E55/><V101/><F89/><AGARI ba="2,2" hai="8,12,17,41,42,58,62,64,89,92,96" m="32874" machi="89" ten="30,1000,0" yaku="8,1" doraHai="112" who="3" fromWho="2" sc="165,0,138,0,524,-16,153,36" /><INIT seed="5,0,0,0,4,97" ten="165,138,508,189" oya="1" hai0="48,50,19,67,77,125,9,47,49,84,112,0,5" hai1="32,102,118,17,45,115,4,41,58,38,18,10,95" hai2="16,109,71,83,108,28,99,44,103,74,120,92,91" hai3="14,105,85,35,37,119,60,69,81,21,22,72,135"/><U96/><E115/><V131/><F71/><W62/><G35/><T98/><D112/><U27/><E118/><V39/><F28/><W100/><G72/><T57/><D125/><U113/><E113/><V12/><F120/><W94/><G105/><T64/><D47/><U30/><REACH who="1" step="1"/><E58/><REACH who="1" ten="165,128,508,189" step="2"/><V82/><F109/><W75/><G119/><T86/><D57/><U33/><E33/><V130/><F108/><W89/><G69/><T43/><D43/><U106/><E106/><V59/><F59/><W129/><G129/><T65/><D77/><U53/><E53/><V73/><F131/><W1/><G135/><T51/><N who="0" m="12800" /><DORA hai="52" /><T15/><REACH who="0" step="1"/><D98/><REACH who="0" ten="155,128,508,189" step="2"/><U34/><E34/><V26/><F99/><W36/><G62/><T93/><D93/><U61/><E61/><V78/><F92/><W42/><G60/><T121/><D121/><U116/><E116/><V7/><F78/><W101/><G94/><T133/><D133/><U2/><AGARI ba="0,2" hai="2,4,10,17,18,27,30,32,38,41,45,95,96,102" machi="2" ten="20,12000,1" yaku="1,1,0,1,7,1,52,1,53,1" doraHai="97,52" doraHaiUra="111,25" who="1" fromWho="1" sc="155,-40,128,140,508,-40,189,-40" /><INIT seed="5,1,0,1,1,43" ten="115,268,468,149" oya="1" hai0="112,21,63,10,15,98,133,35,54,13,80,77,121" hai1="40,65,66,42,130,92,79,33,20,105,73,39,125" hai2="50,37,46,30,119,116,16,95,134,84,101,22,12" hai3="19,9,49,126,56,110,53,24,100,11,76,51,52"/><U81/><E105/><V36/><F36/><W132/><G110/><T25/><D35/><U47/><E33/><V106/><F37/><W127/><G132/><T17/><D112/><U135/><E135/><V5/><F134/><W57/><G100/><T55/><D121/><U97/><E130/><V2/><F106/><W26/><G76/><T104/><D133/><U6/><E125/><V34/><F84/><W93/><G93/><T38/><D38/><U83/><E40/><V60/><F60/><W7/><G19/><T41/><D41/><U18/><E81/><V74/><F95/><W29/><REACH who="3" step="1"/><G7/><REACH who="3" ten="115,268,468,139" step="2"/><N who="0" m="3295" /><D104/><U14/><REACH who="1" step="1"/><E6/><REACH who="1" ten="115,258,468,139" step="2"/><V124/><F5/><W4/><G4/><T61/><D80/><U103/><AGARI ba="1,2" hai="14,18,20,39,42,47,65,66,73,79,83,92,97,103" machi="103" ten="20,18000,2" yaku="1,1,2,1,0,1,7,1,52,1,53,1" doraHai="43" doraHaiUra="75" who="1" fromWho="1" sc="115,-61,258,203,468,-61,139,-61" /><INIT seed="5,2,0,2,1,129" ten="54,461,407,78" oya="1" hai0="47,6,113,51,15,127,24,131,86,25,72,56,2" hai1="70,111,53,78,10,5,130,75,100,98,41,61,106" hai2="52,89,122,135,48,120,62,23,20,67,12,77,91" hai3="108,134,79,14,46,60,126,32,34,88,33,93,0"/><U74/><E130/><V44/><F77/><W82/><G108/><T96/><D131/><U49/><E78/><V7/><F135/><W71/><G0/><T39/><D72/><U17/><E17/><V94/><F91/><W11/><G134/><T69/><D69/><U19/><E19/><V18/><F23/><W118/><G46/><T104/><D2/><U21/><E21/><V123/><F7/><W105/><G105/><T9/><D113/><U65/><E41/><V3/><F3/><W43/><G43/><T103/><D127/><U68/><E68/><V55/><F55/><W90/><G126/><T1/><D1/><U59/><E111/><V16/><F18/><W28/><G28/><T110/><D110/><U133/><E133/><V109/><F109/><W38/><G38/><T124/><D124/><U35/><E35/><V101/><F101/><W128/><G128/><T22/><D39/><U64/><E64/><V54/><F54/><W63/><G71/><T31/><D25/><U76/><E76/><V95/><REACH who="2" step="1"/><F89/><REACH who="2" ten="54,461,397,78" step="2"/><W50/><G34/><T116/><D103/><U57/><E70/><AGARI ba="2,1" hai="12,16,20,44,48,52,62,67,70,94,95,120,122,123" machi="70" ten="40,8000,1" yaku="1,1,2,1,54,2,53,0" doraHai="129" doraHaiUra="83" who="2" fromWho="1" sc="54,0,461,-86,397,96,78,0" /><INIT seed="6,0,0,1,2,90" ten="54,375,493,78" oya="2" hai0="97,103,65,131,79,99,134,76,89,132,129,130,78" hai1="39,29,13,112,26,44,74,81,10,113,0,88,6" hai2="86,114,93,126,118,119,61,16,7,87,53,23,77" hai3="5,71,58,8,46,91,101,75,33,14,11,30,96"/><V59/><F114/><W22/><G71/><T125/><D65/><U106/><E13/><V40/><F126/><W31/><G75/><T63/><D63/><U116/><E116/><V102/><F7/><W109/><G109/><T55/><D55/><U124/><E124/><V133/><F133/><N who="0" m="51306" /><D89/><U68/><E106/><V110/><F110/><W85/><G33/><T105/><D99/><U38/><E68/><V104/><F104/><W35/><G35/><T45/><D45/><U34/><E88/><V50/><F77/><W47/><G58/><T92/><D125/><U108/><E108/><V95/><F118/><W37/><G37/><T62/><D62/><U122/><E122/><V135/><F119/><W56/><G56/><T20/><D20/><U2/><E2/><V9/><F9/><W111/><G111/><T17/><D17/><U80/><E80/><V67/><F40/><W52/><G22/><T64/><D64/><U57/><E57/><N who="2" m="32951" /><F135/><W1/><G46/><T120/><D120/><U107/><E107/><AGARI ba="0,0" hai="76,78,79,92,97,103,105,107,129,130,131" m="51306" machi="107" ten="40,8000,1" yaku="19,1,20,1,34,2,52,1" doraHai="90" who="0" fromWho="1" sc="54,80,375,-80,493,0,78,0" /><INIT seed="7,0,0,0,4,135" ten="134,295,493,78" oya="3" hai0="68,104,41,54,20,101,53,132,127,3,5,78,70" hai1="123,48,73,72,55,46,50,8,91,45,67,128,12" hai2="30,58,6,39,88,86,4,19,113,95,110,31,120" hai3="133,18,83,29,90,44,116,103,130,94,66,76,59"/><W93/><G116/><T81/><D132/><U99/><E128/><V65/><F39/><W87/><G133/><T63/><D127/><U57/><E123/><V51/><F110/><W112/><G130/><T80/><D81/><U38/><E38/><V28/><F113/><W79/><G112/><T102/><D102/><U37/><E37/><V125/><F125/><W61/><G29/><T26/><D41/><U21/><E21/><V1/><F1/><W89/><G44/><T10/><D101/><U56/><E67/><V27/><F120/><W109/><G109/><T92/><D92/><N who="1" m="56735" /><E73/><V33/><F33/><W96/><REACH who="3" step="1"/><G18/><REACH who="3" ten="134,295,493,68" step="2"/><T119/><D119/><U62/><E72/><V105/><F30/><W124/><G124/><T108/><D108/><U14/><E45/><V126/><F31/><W24/><G24/><T9/><D26/><U40/><E14/><V106/><F126/><W84/><AGARI ba="0,1" hai="59,61,66,76,79,83,84,87,89,90,93,94,96,103" machi="84" ten="20,12000,1" yaku="1,1,0,1,7,1,8,1,53,1" doraHai="135" doraHaiUra="98" who="3" fromWho="3" sc="134,-40,295,-40,493,-40,68,130" /><INIT seed="7,1,0,2,1,101" ten="94,255,453,198" oya="3" hai0="22,111,31,6,21,33,121,133,95,26,73,74,84" hai1="62,57,64,65,93,79,75,7,41,44,82,122,105" hai2="38,87,118,52,69,113,10,134,16,71,23,108,72" hai3="20,97,130,94,29,107,103,0,123,34,98,48,58"/><W116/><G116/><T17/><D121/><U67/><E122/><V43/><F72/><W81/><G123/><T4/><D133/><U61/><E105/><V99/><F43/><W40/><G34/><T32/><D111/><U132/><E132/><V30/><F38/><W131/><G0/><T115/><D115/><U19/><E7/><N who="0" m="2601" /><D95/><U28/><E28/><V119/><F30/><W55/><G40/><T110/><D110/><U92/><E19/><V24/><F71/><W135/><G135/><T27/><D84/><U86/><E75/><V109/><F69/><W56/><G56/><T85/><D85/><U129/><E129/><N who="3" m="49162" /><G81/><T45/><D45/><U63/><REACH who="1" step="1"/><E57/><REACH who="1" ten="94,245,453,198" step="2"/><V18/><F134/><W46/><G58/><T126/><D74/><U51/><AGARI ba="1,1" hai="41,44,51,61,62,63,64,65,67,79,82,86,92,93" machi="51" ten="30,7900,0" yaku="1,1,2,1,0,1,8,1,53,0" doraHai="101" doraHaiUra="68" who="1" fromWho="1" sc="94,-21,245,92,453,-21,198,-40" owari="73,-43.0,337,14.0,432,53.0,158,-24.0" /></mjloggm>