<mjloggm ver="2.3"><GO type="169" lobby="0"/><UN n0="%E3%80%93%E3%81%84%E3%81%A1%E3%81%AF%E3%82%89%E3%80%93" n1="%E3%83%8D%E3%83%BC%E3%83%A0%E3%83%AC%E3%82%B9%EF%BC%97" n2="%E3%82%A6%E3%83%AB%E3%83%88%E3%83%A9%E7%AB%8B%E7%9B%B4" n3="%E3%83%96%E3%83%AB%E3%83%96%E3%83%AB%E3%83%8F%E3%83%BC%E3%83%84" dan="18,16,17,18" rate="2187.76,2111.96,2119.11,2211.99" sx="M,F,M,M"/><TAIKYOKU oya="0"/><INIT seed="0,0,0,1,4,115" ten="250,250,250,250" oya="0" hai0="117,98,4,22,129,130,59,67,31,124,2,57,74" hai1="48,27,84,77,106,16,91,19,89,103,21,101,135" hai2="132,75,112,128,49,70,25,10,119,39,36,107,18" hai3="62,99,87,61,105,20,73,85,79,51,102,13,33"/><T56/><D74/><U108/><E108/><V131/><F18/><W81/><G33/><T63/><D4/><U100/><E135/><V133/><F25/><W37/><G37/><N who="2" m="14409" /><F10/><W64/><G13/><T50/><D2/><U26/><E106/><V96/><F75/><W118/><G20/><T113/><D113/><U78/><E48/><V127/><F112/><W55/><G61/><T6/><D6/><U53/><E53/><V58/><F107/><W65/><G64/><T120/><D120/><U83/><E78/><V5/><F5/><W72/><G85/><T43/><D98/><U90/><REACH who="1" step="1"/><E26/><REACH who="1" ten="250,240,250,250" step="2"/><V66/><F49/><W15/><G51/><T97/><D50/><U46/><E46/><V12/><F132/><W40/><G55/><T8/><D43/><U71/><E71/><V28/><F70/><W93/><G40/><T7/><D59/><U47/><E47/><V110/><F58/><W86/><G79/><T60/><D57/><U88/><N who="1" m="22528" /><DORA hai="95" /><U94/><E94/><V0/><F133/><W34/><G93/><T122/><D56/><U24/><E24/><V104/><F110/><W29/><G105/><T134/><D134/><U80/><E80/><V1/><F104/><W114/><G81/><T52/><D52/><U69/><E69/><V41/><F41/><W68/><G68/><T109/><D109/><U14/><E14/><V11/><F12/><W82/><G82/><T76/><D76/><U116/><E116/><V30/><F119/><W54/><G54/><T123/><D117/><U3/><E3/><V111/><F1/><W32/><G118/><RYUUKYOKU ba="0,1" sc="250,-10,240,30,250,-10,250,-10" hai1="16,19,21,27,77,83,84,100,101,103" /><INIT seed="1,1,1,5,4,40" ten="240,270,240,240" oya="1" hai0="65,13,23,58,38,83,89,77,11,118,103,25,99" hai1="51,102,49,121,57,24,45,111,63,94,64,106,52" hai2="26,81,0,107,92,28,60,80,134,32,90,42,69" hai3="120,98,44,43,61,105,21,112,93,53,115,59,48"/><U31/><E121/><V78/><F0/><W33/><G120/><T1/><D1/><U82/><E106/><V74/><F134/><W124/><G33/><T20/><D38/><U113/><E113/><V122/><F122/><W27/><G105/><T126/><D118/><U10/><E111/><V41/><F81/><W8/><G8/><T129/><D129/><U110/><E110/><V86/><F69/><W116/><G124/><T3/><D3/><U16/><E82/><V50/><F60/><W135/><G135/><T6/><D89/><U15/><E49/><V9/><F9/><W46/><G46/><T56/><D126/><U123/><E123/><V12/><F12/><W109/><G116/><T76/><D23/><N who="1" m="15775" /><E94/><V14/><F14/><W75/><G75/><T125/><D125/><U71/><E71/><V39/><F39/><W133/><G133/><T67/><D77/><U5/><E102/><V19/><F19/><AGARI ba="1,1" hai="5,10,15,16,19,45,51,52,57,63,64" m="15775" machi="19" ten="30,11600,0" yaku="8,1,52,1,54,2" doraHai="40" who="1" fromWho="2" sc="240,0,270,129,240,-119,240,0" /><INIT seed="1,2,0,4,5,116" ten="240,399,121,240" oya="1" hai0="93,83,114,58,111,11,62,37,22,32,23,26,2" hai1="64,42,98,38,71,104,20,0,13,15,31,9,4" hai2="117,27,128,63,94,45,3,79,97,127,105,21,17" hai3="87,96,75,103,130,54,107,73,78,77,82,132,28"/><U55/><E38/><V92/><F117/><W25/><G130/><T134/><D111/><U40/><E71/><V47/><F128/><W12/><G132/><T41/><D114/><U126/><E126/><V39/><F105/><W14/><G73/><T88/><D134/><U67/><E55/><V34/><F127/><W51/><G77/><T119/><D119/><U106/><E0/><V86/><F3/><W122/><G75/><T6/><D83/><U50/><E106/><V81/><F39/><W129/><G129/><T84/><D41/><U48/><E104/><V16/><F34/><W70/><G70/><T33/><D23/><U135/><E135/><V8/><F63/><W133/><G133/><T112/><D37/><U65/><E98/><V30/><F94/><W57/><G122/><T29/><REACH who="0" step="1"/><D112/><REACH who="0" ten="230,399,121,240" step="2"/><U53/><E48/><V5/><F8/><W44/><G44/><N who="2" m="16969" /><F5/><W113/><G113/><T19/><D19/><N who="1" m="10367" /><E31/><V131/><F131/><W74/><G74/><T68/><D68/><U115/><E115/><V56/><F56/><AGARI ba="2,1" hai="4,9,13,40,42,50,53,56,64,65,67" m="10367" machi="56" ten="30,1500,0" yaku="8,1" doraHai="116" who="1" fromWho="2" sc="230,0,399,31,121,-21,240,0" /><INIT seed="1,3,0,1,4,80" ten="230,430,100,240" oya="1" hai0="49,54,95,100,78,29,26,79,72,110,51,8,118" hai1="10,67,24,81,4,105,13,60,5,35,134,119,107" hai2="97,108,88,21,120,23,125,31,65,74,48,33,90" hai3="66,17,129,83,42,47,135,98,53,12,57,58,109"/><U62/><E119/><V25/><F120/><W124/><G109/><T132/><D110/><U99/><E134/><V123/><F123/><W71/><G58/><T76/><D118/><U103/><E107/><V9/><F108/><W131/><G98/><T121/><D121/><U69/><E4/><V75/><F65/><W102/><G102/><T32/><D132/><U6/><E6/><V112/><F9/><W101/><G101/><T45/><D8/><U28/><E60/><V15/><F125/><W84/><G135/><T87/><D72/><U92/><E92/><V2/><F2/><W111/><G124/><T117/><D117/><U133/><E81/><V114/><F48/><W1/><G1/><T18/><D18/><U7/><E7/><V64/><F64/><W94/><G94/><T130/><D130/><U38/><E133/><V77/><F77/><W3/><G3/><T116/><D116/><U40/><E40/><V73/><F97/><W14/><G66/><T126/><D126/><U37/><AGARI ba="3,0" hai="5,10,13,24,28,35,37,38,62,67,69,99,103,105" machi="37" ten="30,6000,0" yaku="0,1,25,2" doraHai="80" who="1" fromWho="1" sc="230,-23,430,69,100,-23,240,-23" /><INIT seed="1,4,0,5,2,0" ten="207,499,77,217" oya="1" hai0="125,110,40,22,95,100,63,37,109,50,24,106,30" hai1="118,60,4,33,97,19,59,129,126,11,6,28,62" hai2="39,105,31,87,96,99,17,83,70,16,115,76,57" hai3="67,51,98,25,58,26,65,93,41,86,84,53,55"/><U56/><E118/><V32/><F39/><W47/><G53/><T128/><D128/><U48/><E129/><V54/><F70/><W82/><G84/><T42/><D106/><U130/><E130/><V132/><F115/><W49/><G26/><T8/><D37/><U66/><E126/><V107/><F132/><W3/><G3/><T124/><D63/><U72/><E72/><V113/><F113/><W73/><G25/><T1/><D95/><U120/><E120/><V112/><F112/><W14/><G14/><T135/><D100/><U78/><E78/><V10/><F31/><W94/><G73/><T92/><D92/><N who="3" m="35433" /><G98/><T43/><D50/><U117/><E117/><V127/><F32/><W44/><G47/><T101/><D101/><U2/><E97/><V36/><F36/><W104/><G104/><T133/><D8/><U46/><E33/><V45/><F45/><W103/><G103/><T23/><D23/><U77/><E77/><AGARI ba="4,0" hai="41,44,49,51,55,58,65,67,77,82,86" m="35433" machi="77" ten="30,1000,0" yaku="8,1" doraHai="0" who="3" fromWho="1" sc="207,0,499,-22,77,0,217,22" /><INIT seed="2,0,0,2,4,65" ten="207,477,77,239" oya="2" hai0="100,30,1,123,103,96,17,45,130,54,47,97,51" hai1="41,5,95,34,55,14,82,106,42,111,125,119,75" hai2="135,124,113,46,37,66,126,115,129,8,28,128,80" hai3="77,2,122,83,7,71,10,32,105,36,109,31,35"/><V43/><F28/><W24/><G109/><T108/><D108/><U73/><E106/><V59/><F8/><W13/><G122/><T44/><D123/><U72/><E119/><V21/><F21/><W67/><G13/><T58/><D1/><U102/><E111/><V90/><F90/><W114/><G114/><N who="2" m="43529" /><F80/><W91/><G91/><T27/><D130/><N who="2" m="50282" /><F135/><W33/><G36/><T87/><D17/><U74/><E34/><V60/><AGARI ba="0,0" hai="37,43,46,59,60,66,124,126" m="50282,43529" machi="60" ten="40,7800,0" yaku="19,1,34,2" doraHai="65" who="2" fromWho="2" sc="207,-26,477,-26,77,78,239,-26" /><INIT seed="2,1,0,0,0,0" ten="181,451,155,213" oya="2" hai0="63,135,47,68,11,81,101,59,109,38,100,54,1" hai1="34,125,39,70,15,112,74,58,115,31,32,66,21" hai2="128,33,43,51,83,60,132,3,102,55,110,78,10" hai3="2,84,42,130,99,86,19,77,89,96,98,28,71"/><V85/><F33/><W53/><G71/><T93/><D109/><U72/><E39/><V134/><F110/><W114/><G2/><T108/><D108/><U103/><E70/><V79/><F128/><W118/><G118/><T27/><D135/><N who="2" m="51754" /><F102/><W73/><G73/><T126/><D126/><U4/><E125/><V35/><F35/><W76/><G42/><T82/><D68/><U127/><E127/><V91/><F60/><W20/><G28/><T87/><D27/><U5/><E103/><V52/><F43/><W14/><G114/><T61/><D61/><U88/><E34/><V121/><F121/><W105/><G105/><T119/><D119/><U22/><E32/><V41/><F41/><W17/><G53/><N who="2" m="20553" /><F51/><W13/><G130/><T111/><D111/><U122/><E122/><V117/><F117/><W45/><G45/><T46/><D38/><U40/><E40/><V37/><F37/><W124/><G124/><T7/><D101/><U24/><E72/><V25/><F25/><W30/><G30/><T97/><REACH who="0" step="1"/><D82/><REACH who="0" ten="171,451,155,213" step="2"/><U75/><E112/><V64/><F64/><W94/><G77/><AGARI ba="1,1" hai="1,7,11,46,47,54,59,63,77,81,87,93,97,100" machi="77" ten="30,7700,0" yaku="1,1,2,1,7,1,52,1,53,0" doraHai="0" doraHaiUra="65" who="0" fromWho="3" sc="171,90,451,0,155,0,213,-80" /><INIT seed="3,0,0,1,4,70" ten="261,451,155,133" oya="3" hai0="66,96,85,19,21,20,97,110,115,23,105,79,44" hai1="33,51,86,14,25,124,98,90,60,5,45,122,113" hai2="1,0,132,123,108,95,43,127,89,82,107,77,57" hai3="47,39,99,3,55,7,134,67,106,71,109,4,116"/><W16/><G116/><T104/><D110/><U100/><E122/><V49/><F108/><W32/><G109/><T13/><D115/><U22/><E113/><V37/><F123/><W65/><G32/><T11/><D66/><U103/><E33/><V35/><F35/><W88/><G3/><T26/><D105/><U135/><E135/><V94/><F107/><W24/><G106/><T128/><D128/><U78/><E124/><V50/><F127/><W74/><G74/><T114/><D114/><U75/><E75/><V38/><F132/><W93/><G71/><T27/><D104/><U46/><E78/><V18/><F18/><W129/><G39/><T87/><D44/><U72/><E72/><V76/><F57/><W29/><G29/><T112/><D112/><U121/><E121/><V9/><F43/><W91/><G91/><T68/><D68/><U42/><E60/><V28/><F28/><W73/><G73/><T133/><D133/><U40/><E5/><N who="3" m="2122" /><G134/><T102/><D79/><U63/><E14/><V17/><F89/><W111/><G129/><T15/><D102/><U30/><E63/><V125/><F125/><W119/><G119/><T83/><D15/><U61/><E61/><V118/><F118/><W62/><G111/><T117/><D117/><U58/><E58/><V126/><F126/><W8/><G62/><T54/><D26/><U34/><E34/><V36/><F0/><W64/><G8/><T52/><D27/><U48/><REACH who="1" step="1"/><E98/><REACH who="1" ten="261,441,155,133" step="2"/><N who="0" m="37993" /><D87/><U10/><E10/><V130/><F9/><W92/><G64/><T59/><D59/><U6/><E6/><RYUUKYOKU ba="0,1" sc="261,15,441,15,155,-15,133,-15" hai0="11,13,19,20,21,23,52,54,83,85" hai1="22,25,30,40,42,45,46,48,51,86,90,100,103" /><INIT seed="4,1,1,1,4,115" ten="276,456,140,118" oya="0" hai0="44,64,43,111,51,119,0,126,83,65,35,123,125" hai1="16,12,101,100,69,135,96,99,130,30,48,57,60" hai2="7,24,53,117,17,112,70,134,109,1,29,127,37" hai3="5,77,85,46,80,107,66,116,67,10,88,61,8"/><T132/><D35/><U91/><E135/><V129/><RYUUKYOKU type="yao9" ba="1,1" sc="276,0,456,0,140,0,118,0" hai2="1,7,17,24,29,37,53,70,109,112,117,127,129,134" /><INIT seed="4,2,1,4,1,17" ten="276,456,140,118" oya="0" hai0="1,5,47,123,31,118,22,46,101,55,61,94,133" hai1="76,80,42,114,110,113,13,134,97,8,129,58,64" hai2="120,56,3,85,68,57,96,24,65,16,44,126,33" hai3="63,89,109,40,100,34,106,38,104,23,51,32,119"/><T48/><D123/><U14/><E110/><V30/><F120/><W82/><G109/><T15/><D118/><U25/><E134/><V115/><F3/><W50/><G119/><T4/><D133/><U60/><E129/><V132/><F132/><W9/><G38/><T92/><D1/><U78/><E42/><V36/><F115/><N who="1" m="44041" /><E78/><V67/><F126/><W117/><G9/><T98/><D47/><U66/><E66/><V81/><F96/><W116/><G63/><T0/><D0/><U83/><E83/><V90/><F44/><W79/><G82/><T105/><D105/><U35/><E97/><V19/><F36/><W111/><G111/><T45/><D45/><U70/><E70/><V130/><F68/><W52/><G79/><T43/><D94/><U29/><E8/><V125/><F125/><W53/><G100/><T108/><D108/><U91/><E91/><V74/><F74/><AGARI ba="2,1" hai="13,14,25,29,35,58,60,64,74,76,80" m="44041" machi="74" ten="30,2000,0" yaku="15,1,11,1" doraHai="17" who="1" fromWho="2" sc="276,0,456,36,140,-26,118,0" /><INIT seed="5,0,0,5,0,26" ten="276,492,114,118" oya="1" hai0="45,13,67,106,89,33,79,58,125,6,43,130,7" hai1="44,27,17,16,77,60,29,34,76,86,64,11,30" hai2="5,135,23,14,88,40,133,134,85,32,59,68,132" hai3="57,18,100,124,123,80,104,52,70,12,129,37,84"/><U20/><E44/><V110/><N who="2" m="33792" /><DORA hai="116" /><V28/><F68/><W21/><G37/><T78/><D106/><U75/><E75/><V69/><F69/><W94/><G104/><T15/><D33/><U113/><E113/><V62/><F110/><W109/><G70/><T98/><D58/><N who="1" m="36887" /><E34/><V50/><F32/><W112/><G123/><T101/><D67/><U105/><E105/><V19/><F5/><W111/><G124/><T47/><D43/><U39/><E39/><V114/><F114/><W74/><G129/><T55/><D55/><U65/><E65/><N who="2" m="39135" /><F50/><W73/><G112/><T31/><D125/><U63/><E63/><V115/><F40/><W126/><G126/><T41/><D41/><U82/><E77/><V51/><F51/><W108/><G57/><T128/><D79/><U93/><E93/><N who="2" m="54415" /><F115/><W35/><G35/><T83/><D78/><U127/><E127/><V8/><F8/><W42/><G42/><T54/><D130/><U122/><E122/><V1/><F1/><W36/><G36/><T117/><D128/><U99/><E99/><V102/><F102/><W119/><G108/><T90/><D98/><U92/><E92/><V38/><F38/><W49/><G94/><T118/><D101/><U9/><E9/><V71/><F71/><W4/><G100/><T0/><D0/><U53/><E53/><V2/><F2/><W121/><G109/><T22/><D54/><U10/><E10/><V131/><F131/><W81/><G111/><T24/><D118/><U95/><E11/><V120/><F120/><W61/><G121/><T46/><D117/><RYUUKYOKU ba="0,0" sc="276,-10,492,-10,114,30,118,-10" hai2="14,19,23,28" /><INIT seed="6,1,0,2,5,37" ten="266,482,144,108" oya="2" hai0="71,100,2,22,3,45,35,51,25,32,57,21,135" hai1="56,31,119,104,107,122,132,80,7,50,113,46,99" hai2="75,74,14,124,27,89,0,121,81,134,93,115,120" hai3="77,70,44,48,12,112,106,94,23,125,47,108,123"/><V114/><F0/><W116/><G106/><T52/><D71/><U131/><E119/><V127/><F14/><W79/><G70/><T53/><D135/><U87/><E132/><V86/><F27/><W13/><G116/><T84/><D35/><U73/><E73/><N who="2" m="27659" /><F81/><W111/><G123/><N who="2" m="47177" /><F134/><W63/><G125/><AGARI ba="1,0" hai="86,89,93,114,115,124,125,127" m="47177,27659" machi="125" ten="40,7700,0" yaku="18,1,34,2" doraHai="37" who="2" fromWho="3" sc="266,0,482,0,144,80,108,-80" /><INIT seed="6,2,0,3,2,10" ten="266,482,224,28" oya="2" hai0="32,117,113,72,77,71,82,42,98,21,124,134,16" hai1="36,45,92,131,27,18,87,17,43,4,135,80,63" hai2="109,38,100,118,89,97,60,22,54,30,26,114,132" hai3="9,65,64,106,56,41,58,99,105,6,25,66,121"/><V15/><F118/><W23/><G121/><T8/><D32/><U123/><E135/><V130/><F38/><W119/><G119/><T94/><D113/><U57/><E123/><V0/><F0/><W24/><G41/><T20/><D134/><U34/><E131/><V69/><F132/><W33/><G33/><T125/><D71/><U115/><E115/><V11/><F114/><W70/><G70/><T50/><D117/><U127/><E127/><N who="0" m="48713" /><D50/><U40/><E4/><V102/><F130/><W101/><G106/><T68/><D68/><U14/><E40/><V129/><F129/><W133/><G133/><T110/><D42/><U79/><E92/><N who="2" m="56463" /><F69/><W75/><G75/><T1/><D110/><U103/><E103/><V93/><F93/><W83/><G83/><T46/><D46/><U91/><E79/><V37/><F37/><W7/><G7/><N who="0" m="1135" /><D16/><U62/><E18/><N who="2" m="8575" /><F109/><W48/><G48/><T122/><D122/><U90/><E36/><V88/><F88/><AGARI ba="2,0" hai="20,21,72,77,82,88,94,98" m="1135,48713" machi="88" ten="30,2000,0" yaku="18,1,54,1" doraHai="10" who="0" fromWho="2" sc="266,26,482,0,224,-26,28,0" /><INIT seed="7,0,0,0,3,15" ten="292,482,198,28" oya="3" hai0="127,60,73,92,14,106,110,46,2,33,36,62,100" hai1="66,42,30,134,83,128,23,11,58,48,76,114,78" hai2="94,18,0,72,82,49,112,103,132,16,35,90,28" hai3="19,97,124,74,27,52,86,95,129,69,71,6,20"/><W25/><G74/><T117/><D2/><U91/><E114/><V56/><F0/><W21/><G124/><T84/><D73/><U80/><E134/><V54/><F112/><W24/><G129/><T108/><D106/><U133/><E133/><V59/><F132/><W5/><G86/><T22/><D33/><U125/><E125/><V109/><F109/><W119/><G119/><T70/><D117/><U50/><E128/><V51/><F28/><W47/><G69/><T13/><D70/><U75/><E91/><V37/><F37/><W113/><G71/><T121/><D121/><U67/><E11/><V63/><F35/><W107/><G107/><T98/><D127/><U64/><E42/><V87/><F51/><N who="3" m="28799" /><G113/><T88/><D108/><U57/><E30/><V41/><F41/><W17/><G24/><T32/><D32/><U9/><E9/><V120/><F120/><W1/><G1/><T102/><D110/><U79/><E23/><V7/><F72/><W45/><G45/><T8/><D46/><U101/><E101/><N who="0" m="39017" /><D84/><U123/><E123/><V111/><F111/><W116/><G116/><T126/><D36/><U93/><E75/><V4/><F87/><W44/><G44/><T135/><D135/><U12/><E12/><V55/><F82/><N who="1" m="31273" /><E93/><V34/><F34/><W85/><G85/><T130/><D130/><U3/><E3/><V38/><F38/><W31/><G31/><T29/><D126/><U65/><N who="1" m="16384" /><DORA hai="26" /><U122/><E122/><V131/><F131/><W40/><G40/><T118/><D118/><U77/><E77/><V39/><F39/><RYUUKYOKU ba="0,0" sc="292,-15,482,15,198,-15,28,15" hai1="48,50,57,58,76,78,79" hai3="5,6,17,19,20,21,25,27,95,97" /><INIT seed="7,1,0,2,5,88" ten="277,497,183,43" oya="3" hai0="59,45,94,35,103,51,129,85,91,79,21,5,24" hai1="83,100,8,70,10,53,64,56,13,9,14,11,4" hai2="12,27,52,112,44,55,42,113,17,47,120,134,60" hai3="97,102,33,132,31,130,107,76,74,96,30,16,25"/><W110/><G130/><T62/><D35/><U124/><E124/><V77/><F134/><W48/><G132/><T2/><D129/><U118/><E118/><V93/><F27/><W23/><G110/><T106/><D5/><U82/><E100/><V38/><F77/><W6/><G6/><T116/><D2/><U3/><E70/><V0/><F0/><W71/><G71/><T28/><D116/><U37/><E37/><V19/><F120/><W122/><G122/><T50/><D79/><U111/><E111/><V40/><F93/><W63/><G63/><T32/><D32/><U135/><E135/><V26/><F26/><W1/><G1/><T18/><D103/><U36/><E36/><V81/><F81/><N who="1" m="30729" /><E3/><V65/><F12/><W121/><G121/><T78/><D106/><U131/><E131/><V99/><F99/><W119/><G119/><T80/><D28/><N who="3" m="10793" /><G33/><T90/><D45/><U39/><E39/><N who="2" m="21535" /><F17/><W87/><G74/><T75/><D91/><U101/><E101/><V125/><F19/><W127/><G127/><T58/><D58/><U73/><E73/><V123/><F123/><W72/><G72/><T29/><D29/><U68/><E68/><N who="2" m="42023" /><F125/><W43/><G97/><T115/><D115/><AGARI ba="1,0" hai="38,42,47,52,55,112,113,115" m="42023,21535" machi="115" ten="30,7700,0" yaku="15,1,34,2,54,1" doraHai="88" who="2" fromWho="0" sc="277,-80,497,0,183,80,43,0" owari="197,-20.0,497,60.0,263,6.0,43,-46.0" /></mjloggm>