<mjloggm ver="2.3"><GO type="169" lobby="0"/><UN n0="%E5%B0%B1%E6%B4%BB%E7%94%9F%40%E5%B7%9D%E6%9D%91%E8%BB%8D%E5%9B%A3" n1="%70%67%61%69%6E" n2="%E3%82%B3%E3%83%BC%E3%83%A9%E4%B8%8B%E3%81%95%E3%81%84" n3="%48%6F%6F%6F%6F%6F%6F%69" dan="18,16,17,16" rate="2282.93,2116.89,2237.01,2076.01" sx="M,M,M,M"/><TAIKYOKU oya="0"/><INIT seed="0,0,0,0,0,11" ten="250,250,250,250" oya="0" hai0="47,46,95,31,18,62,39,126,0,64,41,59,20" hai1="93,28,42,78,99,131,67,5,77,111,50,12,128" hai2="134,36,88,84,80,22,60,69,114,100,29,133,25" hai3="73,6,19,66,89,115,61,110,21,97,43,48,70"/><T129/><D0/><U90/><E111/><V75/><F36/><W109/><G115/><T121/><D121/><U91/><E28/><V55/><F114/><W24/><G6/><T130/><D126/><U105/><E105/><V37/><F37/><W9/><G9/><T14/><D31/><U132/><E67/><V44/><F100/><W103/><G89/><T16/><D47/><N who="1" m="25975" /><E132/><N who="2" m="50795" /><F75/><W56/><G73/><T135/><D135/><U112/><E91/><V120/><F120/><W106/><G43/><T96/><REACH who="0" step="1"/><D18/><REACH who="0" ten="240,250,250,250" step="2"/><U51/><E112/><V94/><F44/><W45/><G45/><T118/><D118/><U63/><E131/><V122/><F122/><W81/><G19/><T26/><D26/><U123/><E128/><V92/><F55/><W86/><G86/><T119/><D119/><U113/><E113/><V33/><F33/><W35/><G24/><T71/><D71/><U38/><E123/><V101/><F101/><AGARI ba="0,1" hai="14,16,20,39,41,46,59,62,64,95,96,101,129,130" machi="101" ten="40,12000,1" yaku="1,1,52,1,54,1,53,1" doraHai="11" doraHaiUra="17" who="0" fromWho="2" sc="240,130,250,0,250,-120,250,0" /><INIT seed="0,1,0,1,3,125" ten="370,250,130,250" oya="0" hai0="98,63,58,83,15,57,80,44,50,120,30,47,85" hai1="132,36,25,88,60,3,33,101,112,45,40,94,131" hai2="26,2,130,16,122,72,10,8,5,1,135,133,59" hai3="66,20,48,109,11,37,67,38,17,34,65,39,32"/><T89/><D120/><U107/><E131/><V75/><F122/><W121/><G121/><T46/><D30/><U97/><E132/><N who="2" m="50763" /><F59/><W93/><G109/><T99/><D80/><U52/><E3/><N who="2" m="63" /><F75/><W117/><G117/><T73/><D73/><U13/><E112/><V62/><F62/><W87/><G11/><T110/><D110/><U28/><E13/><N who="2" m="7223" /><F72/><W105/><G105/><T108/><D108/><U31/><E60/><V55/><F55/><W9/><G48/><T128/><D98/><U18/><E52/><V51/><F51/><W68/><G68/><T118/><D99/><U79/><E36/><V90/><F90/><W21/><G93/><T64/><D57/><U6/><E79/><V102/><F102/><W103/><G87/><T86/><D85/><U56/><E56/><V82/><F82/><W14/><G103/><T53/><D50/><U12/><E97/><V91/><F91/><W77/><G77/><T111/><D64/><U23/><E88/><V78/><F78/><W92/><G92/><T41/><D53/><U19/><E94/><V29/><F130/><W134/><G134/><T106/><D63/><U71/><E101/><V4/><F4/><W35/><AGARI ba="1,0" hai="9,14,17,20,21,32,34,35,37,38,39,65,66,67" machi="35" ten="50,6400,0" yaku="0,1,29,2" doraHai="125" who="3" fromWho="3" sc="370,-33,250,-17,130,-17,250,67" /><INIT seed="1,0,0,1,0,56" ten="337,233,113,317" oya="1" hai0="108,44,93,70,125,134,31,84,25,52,60,110,76" hai1="100,130,1,95,43,68,99,77,107,30,33,21,18" hai2="91,28,96,36,81,98,114,119,15,6,7,102,67" hai3="112,122,32,124,111,113,131,120,129,117,26,42,35"/><U75/><E130/><N who="3" m="49674" /><G42/><T85/><D125/><U135/><E135/><V34/><F119/><W90/><G90/><T126/><D134/><U82/><E1/><V57/><F36/><W89/><G89/><T62/><D126/><U132/><E132/><V127/><F127/><W14/><G124/><T11/><D11/><U8/><E33/><N who="3" m="12874" /><G26/><T38/><D38/><U2/><E43/><V123/><F123/><W88/><G88/><N who="0" m="53383" /><D70/><U40/><E40/><V118/><F118/><W86/><G86/><T106/><D106/><U69/><E69/><V116/><F116/><W29/><G29/><T13/><D25/><U109/><E68/><V37/><F37/><W12/><G117/><T27/><D27/><U73/><E30/><V53/><F67/><W5/><G111/><N who="0" m="42539" /><D31/><U47/><E109/><V83/><F28/><W20/><G20/><T58/><D44/><U17/><E47/><V64/><F34/><W10/><G14/><T41/><D13/><U3/><E21/><V9/><F7/><W92/><G92/><T59/><D41/><U0/><E0/><V39/><F39/><W50/><G50/><N who="0" m="30999" /><D59/><U87/><E3/><V79/><F15/><W101/><G101/><T103/><D103/><U105/><E100/><V45/><F102/><W66/><G66/><T72/><D72/><U97/><E75/><V4/><F9/><W65/><G65/><T51/><D51/><U16/><E8/><V49/><F64/><W121/><AGARI ba="0,0" hai="5,10,12,112,113,120,121,122" m="12874,49674" machi="121" ten="40,5200,0" yaku="19,1,34,2" doraHai="56" who="3" fromWho="3" sc="337,-13,233,-26,113,-13,317,52" /><INIT seed="2,0,0,0,1,92" ten="324,207,100,369" oya="2" hai0="23,43,95,127,18,48,65,67,129,56,74,117,40" hai1="29,49,71,82,77,42,25,98,135,83,106,39,38" hai2="105,123,22,109,116,113,11,17,66,108,28,57,91" hai3="2,103,133,75,60,7,68,30,84,32,44,70,94"/><V110/><F113/><W37/><G75/><T78/><D127/><U63/><E135/><V36/><F36/><W12/><G2/><T132/><D129/><U85/><E49/><V100/><F116/><W81/><G32/><T27/><D74/><U89/><E42/><V130/><F123/><W86/><G30/><T107/><D107/><U125/><E125/><V55/><F130/><W16/><G7/><T21/><D78/><U54/><E83/><V47/><F91/><W134/><G60/><T52/><D132/><N who="3" m="50793" /><G44/><T80/><D80/><U4/><E4/><V61/><F28/><W111/><G111/><N who="2" m="28417" /><V119/><DORA hai="41" /><F119/><W10/><G37/><T53/><D53/><U122/><E89/><V104/><F11/><W72/><G72/><T87/><D23/><U101/><E122/><V118/><F118/><W6/><G6/><T99/><D87/><U45/><E39/><V31/><F31/><W0/><G0/><T19/><D19/><U131/><E38/><V64/><F100/><W102/><G103/><N who="0" m="60927" /><D117/><U96/><E131/><V62/><F66/><AGARI ba="0,0" hai="18,21,27,40,43,48,52,56,65,66,67" m="60927" machi="66" ten="30,3900,0" yaku="8,1,52,1,54,1" doraHai="92,41" who="0" fromWho="2" sc="324,39,207,0,100,-39,369,0" /><INIT seed="3,0,0,1,4,113" ten="363,207,61,369" oya="3" hai0="61,43,130,79,103,19,108,12,76,86,15,23,7" hai1="49,112,42,18,129,74,96,44,56,13,77,123,32" hai2="46,52,2,85,135,115,11,80,97,102,133,48,10" hai3="40,114,66,83,62,27,101,22,91,124,21,111,119"/><W47/><G114/><T20/><D108/><U36/><E123/><V104/><F115/><W78/><G124/><T34/><D34/><U122/><E122/><V118/><F118/><W55/><G101/><T100/><D130/><U89/><E112/><V57/><F46/><W24/><G55/><T110/><D110/><U95/><E32/><V9/><REACH who="2" step="1"/><F2/><REACH who="2" ten="363,207,51,369" step="2"/><W87/><G119/><T65/><D43/><U82/><E129/><V37/><F37/><W99/><G111/><T127/><D127/><U81/><E36/><V125/><F125/><W26/><G47/><T3/><D3/><U117/><E117/><V128/><F128/><W0/><G0/><T84/><D7/><U16/><E44/><V69/><F69/><W45/><G45/><T126/><D126/><U35/><E42/><V131/><F131/><W25/><G40/><T64/><D19/><U132/><E16/><V93/><F93/><N who="3" m="56767" /><G27/><T107/><D107/><U38/><E38/><V94/><F94/><W30/><G30/><T70/><D70/><U121/><E95/><V17/><F17/><W54/><G24/><T39/><D39/><U60/><E18/><V98/><F98/><W90/><G26/><T5/><D5/><U63/><E96/><V28/><F28/><W6/><G6/><T73/><D73/><U1/><E74/><V58/><F58/><N who="3" m="37207" /><G25/><T106/><D106/><U134/><E1/><V59/><F59/><W75/><G75/><T14/><D14/><U67/><E56/><V92/><F92/><W105/><G105/><T51/><D51/><U71/><E49/><V68/><F68/><RYUUKYOKU ba="0,1" sc="363,15,207,-15,51,15,369,-15" hai0="12,15,20,23,61,64,65,76,79,84,86,100,103" hai2="9,10,11,48,52,57,80,85,97,102,104,133,135" /><INIT seed="4,1,1,0,2,41" ten="378,192,66,354" oya="0" hai0="22,114,3,65,101,75,98,76,102,10,94,58,131" hai1="77,0,129,73,35,84,89,103,13,109,70,16,39" hai2="128,69,34,14,93,54,88,80,57,28,104,26,46" hai3="97,135,90,36,132,51,117,118,121,50,122,17,21"/><T120/><D120/><N who="3" m="46185" /><G36/><T91/><D114/><U60/><E109/><V113/><F113/><W9/><G9/><T1/><D131/><U74/><E0/><V37/><F128/><W55/><G90/><T6/><D1/><U126/><E35/><V72/><F69/><W116/><G97/><T68/><D68/><U110/><E126/><V52/><F104/><W107/><G107/><T12/><D75/><U124/><E124/><V87/><F14/><N who="3" m="9399" /><G50/><T61/><D76/><U108/><E89/><V130/><F130/><W27/><G27/><T11/><D22/><U15/><E77/><V127/><F127/><W134/><G118/><T100/><D100/><U99/><E39/><V56/><F72/><W49/><G49/><T66/><D65/><U86/><E103/><V67/><F80/><W18/><G18/><AGARI ba="1,1" hai="3,6,10,11,12,18,58,61,66,91,94,98,101,102" machi="18" ten="30,1500,0" yaku="7,1" doraHai="41" who="0" fromWho="3" sc="378,28,192,0,66,0,354,-18" /><INIT seed="4,2,0,2,5,72" ten="406,192,66,336" oya="0" hai0="18,67,26,110,134,60,100,29,28,88,128,1,76" hai1="46,62,4,53,119,118,64,54,79,94,127,111,120" hai2="41,135,98,33,37,129,122,57,51,12,70,24,124" hai3="61,93,92,50,108,102,9,107,55,7,74,21,115"/><T71/><D1/><U104/><E111/><V114/><F12/><W47/><G108/><T91/><D110/><U63/><E104/><V116/><F98/><W106/><G74/><T27/><D128/><U10/><E120/><V43/><F24/><W84/><G115/><T73/><D134/><U113/><E113/><V39/><F33/><W109/><G109/><T23/><D100/><U3/><E94/><V44/><F114/><W99/><G21/><T112/><D112/><U69/><E127/><V89/><F89/><W96/><G61/><T32/><D18/><U97/><E97/><V130/><F122/><W133/><G84/><T11/><D11/><U117/><E4/><V81/><F81/><W38/><G38/><N who="2" m="14345" /><F70/><W42/><G133/><T49/><D49/><U20/><E69/><V36/><F135/><W15/><REACH who="3" step="1"/><G42/><REACH who="3" ten="406,192,66,326" step="2"/><T78/><D73/><U90/><E119/><V19/><F116/><W75/><G75/><T82/><D82/><U30/><E118/><V80/><F124/><W58/><G58/><T6/><D23/><U13/><E117/><V105/><F57/><W126/><G126/><T86/><D71/><U131/><E20/><V17/><F43/><W85/><G85/><T34/><D86/><U87/><E87/><V52/><F41/><W83/><G83/><T132/><D132/><U45/><E63/><V77/><F36/><W40/><G40/><T68/><D68/><U48/><E62/><V59/><F59/><W101/><AGARI ba="2,1" hai="7,9,15,47,50,55,92,93,96,99,101,102,106,107" machi="101" ten="20,8000,1" yaku="1,1,0,1,7,1,9,1,53,1" doraHai="72" doraHaiUra="5" who="3" fromWho="3" sc="406,-42,192,-22,66,-22,326,96" /><INIT seed="5,0,0,2,1,48" ten="364,170,44,422" oya="1" hai0="54,131,87,5,63,102,26,78,74,90,31,39,76" hai1="115,65,36,66,112,28,120,108,59,17,116,10,16" hai2="33,84,122,99,113,97,106,20,132,50,38,79,68" hai3="53,121,23,93,111,129,1,103,92,88,4,25,77"/><U40/><E116/><V72/><F20/><W47/><G121/><T118/><D39/><U91/><E120/><V64/><F64/><W51/><G77/><T46/><D118/><U7/><E28/><V35/><F50/><W135/><G1/><T9/><D102/><U43/><E108/><V11/><F11/><W127/><G4/><T96/><D96/><U110/><E110/><V0/><F84/><N who="3" m="52231" /><G127/><T109/><D74/><U13/><E91/><V100/><F97/><N who="3" m="59823" /><G135/><T56/><D46/><N who="1" m="23815" /><E43/><V12/><F12/><W22/><G129/><T41/><D41/><U19/><E59/><V15/><F15/><W95/><G25/><T27/><D131/><U6/><E6/><V37/><F79/><W83/><G83/><T45/><D45/><U98/><E98/><V34/><F35/><W125/><G125/><T8/><D109/><U75/><E75/><V32/><F34/><W107/><G107/><T62/><D27/><U114/><AGARI ba="0,0" hai="7,10,13,16,17,19,65,66,112,114,115" m="23815" machi="114" ten="40,3900,0" yaku="15,1,54,1" doraHai="48" who="1" fromWho="1" sc="364,-13,170,39,44,-13,422,-13" /><INIT seed="5,1,0,4,0,101" ten="351,209,31,409" oya="1" hai0="8,56,113,107,59,41,127,121,1,38,6,69,5" hai1="4,134,44,85,112,64,71,68,109,70,51,118,24" hai2="36,22,55,104,48,102,97,43,125,96,0,65,131" hai3="79,76,66,115,49,130,28,119,129,99,23,17,87"/><U114/><E4/><V80/><F131/><N who="3" m="50187" /><G28/><T15/><D69/><U20/><E118/><V10/><F125/><W84/><G66/><T91/><D127/><U124/><E124/><V133/><F133/><W9/><G9/><T31/><D31/><U12/><E12/><V117/><F117/><W29/><G29/><T62/><D59/><U42/><E85/><N who="3" m="32842" /><G115/><N who="1" m="44074" /><E109/><V37/><F80/><W92/><G49/><T18/><D41/><U86/><E86/><V61/><F22/><W123/><G123/><T60/><D38/><U40/><E134/><V77/><F77/><W33/><G33/><T111/><D111/><U11/><E11/><V16/><F43/><W110/><G110/><T78/><D121/><U81/><E81/><V46/><F96/><W126/><G126/><T2/><D78/><U106/><E64/><V34/><F34/><W105/><G105/><T58/><D15/><U94/><E106/><V27/><F0/><W47/><G47/><T50/><D107/><U67/><E67/><V14/><REACH who="2" step="1"/><F27/><REACH who="2" ten="351,209,21,409" step="2"/><N who="3" m="14831" /><G119/><T135/><D135/><U35/><E42/><V116/><F116/><W89/><AGARI ba="1,1" hai="76,79,89,92,99" m="14831,32842,50187" machi="89" ten="30,1100,0" yaku="19,1" doraHai="101" who="3" fromWho="3" sc="351,-4,209,-6,21,-4,409,24" /><INIT seed="6,0,0,4,4,75" ten="347,203,17,433" oya="2" hai0="98,115,86,104,44,119,120,67,53,99,70,59,58" hai1="131,71,57,69,132,56,74,80,100,28,29,15,30" hai2="10,42,27,52,38,47,105,102,94,17,51,109,116" hai3="14,20,63,85,32,125,129,34,135,18,88,111,133"/><V37/><F116/><W108/><G125/><T113/><D120/><U96/><E15/><V45/><F109/><W106/><G106/><T21/><D119/><U19/><E19/><V117/><F117/><W84/><G84/><T50/><D86/><U95/><E132/><N who="3" m="50762" /><G63/><N who="0" m="40319" /><D21/><U91/><E131/><V6/><F105/><W13/><G129/><T5/><D5/><U126/><E126/><V16/><F38/><W41/><G41/><T65/><D104/><U39/><E100/><V55/><F55/><W118/><G118/><T124/><D124/><U78/><E39/><V127/><F127/><W0/><G0/><T103/><D103/><U64/><E64/><V9/><F27/><W82/><G13/><T73/><D73/><U36/><E36/><V54/><F54/><W68/><G68/><T130/><D130/><U97/><E97/><N who="0" m="36873" /><D65/><U7/><E7/><V72/><F72/><W46/><G46/><T60/><D60/><U121/><E121/><V89/><F102/><W2/><G2/><T8/><D8/><U31/><E31/><V90/><F10/><W122/><G122/><T33/><D33/><AGARI ba="0,0" hai="14,18,20,32,33,34,82,85,88,108,111" m="50762" machi="33" ten="30,2000,0" yaku="20,1,54,1" doraHai="75" who="3" fromWho="0" sc="347,-20,203,0,17,0,433,20" /><INIT seed="7,0,0,2,2,56" ten="327,203,17,453" oya="3" hai0="44,118,88,122,70,37,120,130,109,15,0,115,63" hai1="46,105,54,71,91,94,82,47,87,132,131,10,126" hai2="96,78,128,79,80,106,2,123,111,97,72,18,21" hai3="23,66,62,48,114,6,35,33,83,32,67,29,16"/><W52/><G6/><T127/><D15/><U60/><E105/><V5/><F21/><W3/><G3/><T50/><D88/><N who="1" m="51319" /><E71/><V28/><F18/><W7/><G7/><T64/><D0/><U85/><E132/><V102/><F28/><W119/><G29/><T104/><D104/><U31/><E131/><V4/><F4/><W93/><G93/><T40/><D118/><U74/><E74/><V41/><F5/><W77/><G62/><T12/><D12/><U1/><E1/><V55/><F55/><W86/><G114/><T43/><D130/><U121/><E121/><V26/><F26/><W101/><G101/><T59/><D109/><U11/><E126/><V124/><F41/><W103/><G103/><T75/><D75/><U57/><E31/><V24/><F24/><W95/><G95/><T125/><D115/><U133/><E133/><V45/><F45/><AGARI ba="0,0" hai="10,11,45,46,47,54,57,60,85,91,94" m="51319" machi="45" ten="30,3900,0" yaku="8,1,52,1,54,1" doraHai="56" who="1" fromWho="2" sc="327,0,203,39,17,-39,453,0" owari="327,13.0,242,-16.0,-22,-52.0,453,55.0" /></mjloggm>