<mjloggm ver="2.3"><GO type="169" lobby="0"/><UN n0="%E3%81%B7%E3%81%84%E3%81%AB%E3%82%85" n1="%E3%82%A6%E3%83%AB%E3%83%88%E3%83%A9%E7%AB%8B%E7%9B%B4" n2="%E3%83%8E%E3%83%BC%E3%82%B3%E3%83%B3%E3%83%86%E3%82%B9%E3%83%88" n3="%E3%81%B9%E3%81%91%E3%82%93" dan="16,16,16,16" rate="2068.80,2131.90,2028.13,2079.35" sx="M,M,M,M"/><TAIKYOKU oya="0"/><INIT seed="0,0,0,0,5,104" ten="250,250,250,250" oya="0" hai0="27,69,79,16,34,121,61,98,130,2,129,100,5" hai1="91,122,38,97,82,119,36,73,8,11,134,76,80" hai2="81,110,35,39,22,86,90,13,24,64,41,25,127" hai3="132,49,12,128,135,131,6,19,28,133,118,89,111"/><T18/><D121/><U72/><E122/><V124/><F110/><W114/><G49/><T43/><D43/><U70/><E70/><V101/><F101/><W23/><G89/><T40/><D40/><U78/><E134/><V60/><F35/><W9/><G111/><T26/><D2/><U21/><E21/><V71/><F13/><W3/><G114/><T120/><D120/><U93/><REACH who="1" step="1"/><E119/><REACH who="1" ten="250,240,250,250" step="2"/><V32/><F32/><W67/><G118/><T83/><D34/><U62/><E62/><V63/><F63/><W92/><G67/><T102/><D61/><U107/><E107/><V94/><F22/><N who="3" m="11623" /><G92/><T33/><D69/><U74/><E74/><V108/><F108/><W112/><G112/><T85/><D33/><U77/><E77/><V75/><F75/><W53/><G53/><T50/><D79/><U20/><E20/><V113/><F113/><W31/><G23/><T123/><D123/><U1/><E1/><V51/><F94/><W96/><G96/><T54/><D98/><U103/><E103/><V10/><F60/><W4/><G4/><T29/><D102/><U65/><E65/><V46/><F64/><W99/><G99/><T42/><D100/><U47/><E47/><V52/><F71/><W66/><G66/><T68/><D68/><U87/><E87/><V106/><F106/><W59/><G59/><T115/><D85/><U117/><E117/><V88/><F86/><W14/><G3/><T126/><D115/><U44/><E44/><V15/><F46/><W45/><G45/><T17/><D54/><U95/><E95/><V116/><F116/><RYUUKYOKU ba="0,1" sc="250,-15,240,15,250,-15,250,15" hai1="8,11,36,38,72,73,76,78,80,82,91,93,97" hai3="6,9,14,28,31,128,131,132,133,135" /><INIT seed="1,1,1,0,3,39" ten="235,255,235,265" oya="1" hai0="79,76,106,70,65,24,119,107,37,129,123,118,133" hai1="53,78,103,121,96,48,34,20,68,95,97,18,73" hai2="38,77,87,83,8,116,0,32,42,12,29,61,15" hai3="99,130,100,67,93,71,64,120,23,90,92,28,2"/><U82/><E34/><V51/><F116/><W9/><G120/><T86/><D123/><U49/><E121/><V89/><F38/><W7/><G130/><T131/><D24/><U13/><E68/><V56/><F0/><W3/><G3/><T44/><D70/><U104/><REACH who="1" step="1"/><E53/><REACH who="1" ten="235,245,235,265" step="2"/><V30/><F32/><W4/><G71/><T60/><D119/><U54/><E54/><V46/><F77/><W66/><G66/><T58/><D118/><U91/><AGARI ba="1,2" hai="13,18,20,48,49,73,78,82,91,95,96,97,103,104" machi="91" ten="20,3900,0" yaku="1,1,0,1,7,1,53,0" doraHai="39" doraHaiUra="33" who="1" fromWho="1" sc="235,-14,245,62,235,-14,265,-14" /><INIT seed="1,2,0,0,3,135" ten="221,307,221,251" oya="1" hai0="36,69,73,130,17,35,39,105,58,82,125,123,90" hai1="44,21,33,94,43,98,41,85,103,83,7,13,8" hai2="91,97,128,122,34,84,106,5,127,15,62,86,79" hai3="26,55,47,0,134,120,74,57,72,50,3,77,60"/><U104/><E33/><V16/><F34/><W95/><G120/><T88/><D58/><U37/><E21/><V108/><F122/><W63/><G134/><T100/><D17/><U56/><E56/><V66/><F5/><W114/><G114/><T133/><D90/><U38/><E104/><V129/><F108/><W12/><G12/><T59/><D88/><U49/><REACH who="1" step="1"/><E43/><REACH who="1" ten="221,297,221,251" step="2"/><V20/><F106/><W10/><G57/><T19/><D59/><U29/><E29/><V9/><F20/><W22/><G22/><T27/><D35/><U113/><E113/><V6/><F62/><W87/><G63/><T18/><D105/><U80/><E80/><V124/><F66/><W24/><G60/><T14/><D82/><U111/><E111/><V75/><F97/><W46/><G46/><T40/><D123/><U32/><E32/><V71/><F71/><W1/><G47/><T76/><D69/><U132/><E132/><V51/><F129/><W42/><G42/><T64/><D40/><U117/><E117/><V4/><F128/><W93/><G93/><T68/><D68/><U67/><E67/><V52/><F52/><W102/><G95/><T70/><D70/><U112/><E112/><V118/><F118/><W110/><G55/><T45/><D133/><U126/><E126/><V107/><F127/><W119/><G110/><T25/><D125/><U54/><E54/><V30/><F107/><W99/><G119/><T121/><D130/><U101/><E101/><V23/><F30/><W61/><G102/><T11/><D100/><U96/><E96/><V31/><F124/><RYUUKYOKU ba="2,1" sc="221,-10,297,30,221,-10,251,-10" hai1="7,8,13,37,38,41,44,49,83,85,94,98,103" /><INIT seed="1,3,1,2,4,30" ten="211,327,211,241" oya="1" hai0="2,42,81,92,26,9,18,131,135,52,1,24,80" hai1="35,11,83,48,97,36,41,123,84,118,76,101,129" hai2="67,8,107,72,110,78,32,86,122,58,40,37,31" hai3="55,20,49,105,57,65,93,25,74,68,4,134,109"/><U10/><E123/><V127/><F107/><W13/><G105/><T39/><D39/><U115/><E118/><V14/><F122/><W114/><G114/><T77/><D42/><U120/><E120/><V88/><F32/><W17/><G74/><T113/><D113/><U51/><E115/><V117/><F72/><W16/><G109/><T34/><D92/><U62/><E35/><V66/><F110/><W103/><G134/><T0/><D81/><U7/><E129/><V70/><F37/><W73/><G73/><T132/><D131/><U43/><E62/><V61/><F31/><W28/><G68/><T124/><D124/><U50/><E36/><V85/><F127/><W29/><G65/><T33/><D52/><U111/><E111/><V98/><F40/><W19/><G4/><T128/><D128/><U87/><E87/><V95/><F117/><W79/><G79/><T100/><D100/><U60/><E60/><V82/><F85/><W108/><G108/><T89/><D89/><U112/><E112/><V130/><F130/><W22/><REACH who="3" step="1"/><G19/><REACH who="3" ten="211,327,211,231" step="2"/><T125/><D125/><U3/><REACH who="1" step="1"/><E11/><REACH who="1" ten="211,317,211,231" step="2"/><V121/><F121/><W63/><G63/><T59/><D9/><U126/><E126/><V6/><REACH who="2" step="1"/><F67/><REACH who="2" ten="211,317,201,231" step="2"/><W99/><AGARI ba="3,4" hai="13,16,17,20,22,25,28,29,49,55,57,93,99,103" machi="99" ten="30,7900,0" yaku="1,1,0,1,8,1,54,1,53,0" doraHai="30" doraHaiUra="133" who="3" fromWho="3" sc="211,-23,317,-42,201,-23,231,128" /><INIT seed="2,0,0,0,0,112" ten="188,275,178,359" oya="2" hai0="40,0,58,5,71,3,114,72,38,87,98,109,115" hai1="111,128,11,126,52,61,49,2,17,57,53,65,76" hai2="30,10,13,92,90,35,75,46,81,8,22,127,89" hai3="28,12,24,133,119,103,95,1,44,135,41,110,16"/><V91/><F35/><W68/><G1/><T113/><D72/><U131/><E76/><V18/><F127/><W77/><G68/><T97/><D71/><U36/><E36/><V86/><F75/><W73/><G110/><T48/><D38/><U63/><E17/><V96/><F30/><W106/><G106/><T62/><D109/><U123/><E11/><V6/><F6/><W100/><G77/><T105/><D87/><U60/><E2/><V82/><REACH who="2" step="1"/><F46/><REACH who="2" ten="188,275,168,359" step="2"/><W56/><G73/><T120/><D5/><U78/><E126/><V51/><F51/><W74/><G74/><T104/><D48/><U9/><E49/><V47/><F47/><W99/><G44/><T25/><D120/><U54/><E123/><V19/><F19/><W101/><G28/><T88/><D114/><U42/><E111/><V37/><F37/><W32/><G16/><T79/><D115/><U55/><E61/><V43/><F43/><W69/><G41/><T102/><D113/><U83/><E42/><V85/><AGARI ba="0,1" hai="8,10,13,18,22,81,82,85,86,89,90,91,92,96" machi="85" ten="30,18000,2" yaku="1,1,0,1,9,1,8,1,53,2" doraHai="112" doraHaiUra="80" who="2" fromWho="2" sc="188,-60,275,-60,168,190,359,-60" /><INIT seed="2,1,0,0,5,46" ten="128,215,358,299" oya="2" hai0="114,30,113,83,22,123,53,19,93,39,2,81,107" hai1="27,74,5,54,73,89,91,42,17,61,56,47,103" hai2="60,43,26,115,7,8,31,35,105,82,68,88,52" hai3="70,117,97,76,29,4,1,92,87,0,124,106,75"/><V116/><F105/><W109/><G117/><T13/><D107/><U34/><E5/><V84/><F116/><W57/><G70/><T10/><D39/><U11/><E103/><V6/><F115/><W95/><G109/><T135/><D123/><U40/><E40/><V12/><F43/><W28/><G124/><T80/><D135/><U59/><E89/><V23/><F35/><W38/><G38/><T64/><D64/><U131/><E131/><V111/><F111/><W36/><G36/><T85/><D93/><U104/><E104/><V101/><F68/><W125/><G125/><T9/><D30/><U122/><E122/><V132/><F132/><W98/><G75/><T126/><D126/><U120/><E120/><V3/><F3/><W72/><G72/><T16/><D85/><U99/><E99/><V100/><REACH who="2" step="1"/><F6/><REACH who="2" ten="128,215,348,299" step="2"/><W67/><G106/><T32/><D2/><U79/><E42/><V71/><F71/><W112/><G112/><T133/><D32/><U66/><E34/><V20/><F20/><W129/><G1/><T134/><D9/><U96/><E11/><V108/><F108/><W37/><G0/><T48/><D134/><U25/><E74/><V65/><F65/><W102/><G37/><T49/><D133/><U86/><E73/><V55/><F55/><W77/><G129/><T50/><REACH who="0" step="1"/><D53/><REACH who="0" ten="118,215,348,299" step="2"/><U44/><E54/><V90/><F90/><W69/><G69/><T62/><D62/><U21/><E61/><V33/><F33/><W58/><G67/><T128/><D128/><U94/><E66/><V15/><F15/><AGARI ba="1,2" hai="10,13,15,16,19,22,48,49,50,80,81,83,113,114" machi="15" ten="40,12000,2" yaku="1,1,52,3,54,1,53,1" doraHai="46" doraHaiUra="18" who="0" fromWho="2" sc="118,143,215,0,348,-123,299,0" /><INIT seed="3,0,0,1,1,86" ten="261,215,225,299" oya="3" hai0="39,131,78,125,35,49,32,112,110,53,37,115,84" hai1="127,128,6,46,82,122,109,116,31,132,70,66,16" hai2="72,56,2,105,121,134,104,71,74,23,42,41,10" hai3="9,22,14,67,7,107,94,124,65,24,114,126,133"/><W108/><G114/><T47/><D125/><N who="3" m="48233" /><G133/><T17/><D131/><U64/><E127/><V59/><F2/><W85/><G107/><T44/><D110/><U57/><E128/><V99/><F10/><W48/><G108/><T27/><D17/><U87/><E109/><V61/><F71/><W40/><G40/><T80/><D27/><U88/><E122/><V91/><F23/><W106/><G106/><T102/><D102/><U113/><E113/><N who="0" m="43593" /><D44/><U54/><E70/><V3/><F3/><W11/><G11/><T100/><D100/><U119/><E132/><V79/><F134/><W63/><G48/><T117/><D117/><N who="1" m="45131" /><E31/><V34/><F34/><AGARI ba="0,0" hai="32,34,35,37,39,47,49,53,78,80,84" m="43593" machi="34" ten="30,1000,0" yaku="11,1" doraHai="86" who="0" fromWho="2" sc="261,10,215,0,225,-10,299,0" /><INIT seed="4,0,0,5,3,36" ten="271,215,215,299" oya="0" hai0="54,135,19,121,22,114,48,12,21,130,94,69,134" hai1="63,3,14,74,57,110,93,31,90,122,50,52,24" hai2="42,65,1,17,37,125,26,88,56,78,98,107,89" hai3="104,67,10,101,29,131,15,55,53,7,100,30,84"/><T124/><D69/><U38/><E3/><V87/><F1/><W123/><G123/><T23/><D121/><U5/><E38/><V111/><F111/><W132/><G132/><T112/><D94/><U59/><E74/><V116/><F116/><W49/><G131/><T6/><D130/><U64/><E110/><V75/><F75/><W46/><G67/><T61/><D61/><U108/><E108/><V0/><F0/><W102/><G104/><T47/><D6/><U58/><E122/><V91/><F37/><W126/><G126/><T117/><D117/><U72/><E72/><V34/><F125/><W39/><G39/><T4/><D4/><U106/><E106/><V128/><F34/><W127/><G127/><T28/><D124/><U20/><E14/><V62/><F107/><W118/><G118/><T95/><D95/><U43/><E5/><V76/><F128/><W85/><G55/><T119/><D119/><U66/><E43/><V32/><F32/><W18/><G7/><T80/><D80/><U82/><E82/><N who="2" m="47575" /><F42/><W120/><G120/><T16/><D28/><AGARI ba="0,0" hai="10,15,18,28,29,30,46,49,53,84,85,100,101,102" machi="28" ten="40,1300,0" yaku="8,1" doraHai="36" who="3" fromWho="0" sc="271,-13,215,0,215,0,299,13" /><INIT seed="5,0,0,4,3,30" ten="258,215,215,312" oya="1" hai0="64,104,3,124,21,14,100,61,106,79,39,1,111" hai1="38,88,129,125,57,15,135,69,127,113,51,121,133" hai2="4,26,71,34,93,11,24,99,86,53,59,98,123" hai3="114,19,68,84,73,37,81,92,62,16,55,41,117"/><U48/><E121/><V33/><F71/><W89/><G114/><T47/><D79/><U83/><E69/><V82/><F123/><W130/><G130/><T120/><D120/><U94/><E38/><V77/><F26/><W91/><G117/><T8/><D111/><U72/><E113/><V50/><F24/><W66/><G41/><T25/><D39/><U45/><E129/><V31/><F31/><W43/><G43/><T75/><D75/><U95/><E57/><V17/><F17/><W131/><G37/><T7/><D47/><U46/><E15/><V54/><F54/><W118/><G118/><T112/><D112/><U5/><E5/><V103/><REACH who="2" step="1"/><F99/><REACH who="2" ten="258,215,205,312" step="2"/><W87/><G131/><T2/><D124/><N who="1" m="47691" /><E133/><V20/><F20/><W110/><G110/><T126/><D126/><U115/><E135/><V80/><F80/><W60/><G55/><T96/><D25/><U9/><E115/><V116/><F116/><W102/><G81/><T36/><D21/><U6/><E9/><V44/><F44/><W78/><G68/><T101/><D96/><N who="1" m="57415" /><E6/><V49/><F49/><W32/><G19/><T40/><D36/><U109/><E109/><V65/><F65/><W122/><G16/><T52/><D40/><U85/><E46/><V35/><F35/><W0/><G32/><T29/><D29/><U107/><E45/><V70/><F70/><W132/><G66/><T18/><D18/><U119/><E119/><V22/><F22/><W97/><G122/><T90/><D64/><U63/><E48/><V23/><F23/><W108/><G132/><T58/><D7/><RYUUKYOKU ba="0,1" sc="258,-10,215,-10,205,30,312,-10" hai2="4,11,33,34,50,53,59,77,82,86,93,98,103" /><INIT seed="6,1,1,3,2,19" ten="248,205,235,302" oya="2" hai0="119,98,45,18,43,96,87,38,49,44,66,105,1" hai1="133,108,4,93,73,95,77,53,131,114,102,10,21" hai2="69,121,112,97,46,29,55,60,42,74,23,129,0" hai3="17,122,128,40,15,124,7,6,8,65,85,94,125"/><V107/><F74/><W101/><G122/><T64/><D1/><U37/><E108/><V115/><F0/><W16/><G128/><T11/><D98/><U103/><E37/><V82/><F129/><W9/><G40/><T109/><D109/><U13/><E131/><V30/><F121/><W110/><G110/><T104/><D104/><U81/><E114/><V130/><F130/><W20/><G65/><T67/><D87/><U27/><E133/><V100/><F82/><W61/><G61/><T113/><D113/><N who="2" m="43594" /><F23/><N who="3" m="11679" /><G85/><T3/><D3/><U12/><E12/><V84/><F84/><W2/><G94/><T117/><D105/><U59/><E95/><V41/><F41/><W28/><G101/><T78/><D96/><U51/><REACH who="1" step="1"/><E93/><REACH who="1" ten="248,195,235,302" step="2"/><V123/><F123/><W58/><G2/><T48/><D38/><U90/><E90/><V47/><F107/><W34/><G125/><T62/><D78/><U68/><E68/><V63/><F69/><W24/><G124/><T25/><D119/><U5/><E5/><V57/><F100/><W132/><G132/><T56/><D117/><U75/><E75/><V91/><F91/><W32/><G7/><T89/><D89/><U120/><E120/><V135/><F135/><W118/><G118/><T26/><D26/><U111/><E111/><V99/><F99/><W80/><G6/><T71/><D71/><U134/><E134/><V88/><F88/><W39/><G39/><T33/><D25/><U86/><E86/><V92/><F92/><W50/><G24/><T52/><D33/><U70/><E70/><V35/><F97/><RYUUKYOKU ba="1,2" sc="248,15,195,15,235,-15,302,-15" hai0="11,18,43,44,45,48,49,52,56,62,64,66,67" hai1="4,10,13,21,27,51,53,59,73,77,81,102,103" /><INIT seed="7,2,2,0,2,112" ten="263,210,220,287" oya="3" hai0="92,71,113,96,46,88,94,86,47,68,99,80,22" hai1="53,12,108,65,127,6,122,93,82,87,18,0,59" hai2="56,123,119,41,29,3,116,118,109,36,132,97,73" hai3="4,52,135,44,131,81,9,74,62,77,89,61,70"/><W45/><G131/><T75/><D75/><U110/><E122/><V111/><F73/><W17/><G17/><T34/><D34/><U129/><E129/><V66/><F3/><W69/><G135/><T84/><D113/><U13/><E0/><V33/><F33/><W1/><G89/><T85/><D22/><N who="1" m="11591" /><E110/><V115/><F29/><W107/><G107/><T28/><D28/><U35/><E35/><V100/><F115/><W49/><REACH who="3" step="1"/><G45/><REACH who="3" ten="263,210,220,277" step="2"/><T104/><D104/><U106/><E106/><V134/><F123/><W19/><G19/><T26/><D47/><U101/><E108/><V42/><F111/><W72/><G72/><T105/><D46/><U103/><E127/><V90/><F90/><W24/><G24/><T133/><D105/><U48/><E93/><N who="2" m="58415" /><F109/><W120/><G120/><T20/><D133/><N who="2" m="51306" /><F36/><W38/><G38/><T130/><D130/><U117/><E117/><V63/><AGARI ba="2,3" hai="41,42,56,63,66,116,118,119" m="51306,58415" machi="63" ten="40,8000,1" yaku="20,1,52,3" doraHai="112" who="2" fromWho="2" sc="263,-22,210,-22,220,116,277,-42" owari="241,4.0,188,-31.0,336,43.0,235,-16.0" /></mjloggm>