<mjloggm ver="2.3"><GO type="169" lobby="0"/><UN n0="%E3%82%A6%E3%83%AB%E3%83%88%E3%83%A9%E7%AB%8B%E7%9B%B4" n1="%E3%82%A8%E3%83%83%E3%83%95%E3%82%A7%E3%83%AB%E5%A1%94" n2="%3E%5F%30%40%E6%9D%8F%E6%9D%8F%E8%BB%8D%E5%9C%98" n3="%E3%81%AE%E3%81%86%E3%81%AA%E3%82%81%E3%82%8D%E3%82%93" dan="17,16,18,16" rate="2152.52,2034.05,2175.10,2062.17" sx="M,M,F,M"/><TAIKYOKU oya="0"/><INIT seed="0,0,0,1,5,103" ten="250,250,250,250" oya="0" hai0="45,3,121,16,80,110,55,17,88,89,123,21,129" hai1="131,133,48,135,7,51,74,117,75,100,41,23,37" hai2="20,132,25,102,66,87,113,107,105,15,93,4,72" hai3="60,12,29,5,65,86,36,27,50,83,125,69,2"/><T22/><D3/><U124/><E117/><V61/><F113/><W128/><G128/><T71/><D71/><U67/><E67/><V0/><F72/><W85/><G125/><T13/><D129/><U52/><E131/><V56/><F132/><W26/><G36/><T116/><D116/><U95/><E7/><V68/><F0/><W14/><G2/><T101/><D101/><U53/><E23/><V96/><F87/><W30/><G5/><T10/><D110/><U9/><E9/><V118/><F118/><W6/><G6/><T32/><D32/><U49/><E124/><V81/><F81/><W35/><G50/><N who="0" m="29135" /><D123/><U44/><E95/><V40/><F68/><W73/><G73/><N who="1" m="27658" /><E100/><V126/><F126/><W8/><G8/><N who="0" m="6183" /><D121/><U82/><E82/><V33/><F33/><W98/><G98/><T31/><D31/><U115/><E115/><V114/><F114/><W134/><G85/><N who="0" m="50215" /><D89/><U24/><E24/><V59/><F40/><W94/><G35/><T92/><D92/><U54/><E37/><V39/><F39/><W46/><G94/><T130/><D130/><U109/><E135/><V97/><F97/><W38/><G134/><T1/><D1/><U18/><E133/><V47/><F4/><W28/><G38/><T112/><D112/><U108/><E18/><V64/><F96/><W19/><G19/><T91/><D91/><U90/><E90/><V34/><F93/><W76/><G69/><T11/><D22/><U78/><E78/><V70/><F34/><W62/><G30/><T79/><D79/><U111/><AGARI ba="0,0" hai="41,44,48,49,51,52,53,54,108,109,111" m="27658" machi="111" ten="40,2700,0" yaku="14,1,54,1" doraHai="103" who="1" fromWho="1" sc="250,-13,250,27,250,-7,250,-7" /><INIT seed="1,0,0,2,4,62" ten="237,277,243,243" oya="1" hai0="13,53,23,76,75,42,105,60,22,37,132,52,41" hai1="21,84,72,47,10,38,20,130,58,56,33,57,5" hai2="89,66,120,1,99,92,61,45,64,74,109,43,73" hai3="122,90,65,116,128,25,70,14,104,107,80,12,17"/><U31/><E72/><V113/><F120/><W91/><G122/><T123/><D123/><U118/><E118/><V87/><F1/><W9/><G116/><T11/><D105/><U0/><E130/><V96/><F109/><W126/><G128/><T4/><D132/><U28/><E84/><V133/><F133/><W134/><G134/><T101/><D101/><U125/><E125/><V110/><F110/><W115/><G115/><T78/><D37/><U82/><E82/><V39/><F113/><W114/><G114/><T55/><D60/><U7/><E7/><V131/><F131/><W67/><G70/><T63/><D63/><U119/><E119/><V117/><F117/><W102/><G126/><T34/><D34/><U40/><REACH who="1" step="1"/><E33/><REACH who="1" ten="237,267,243,243" step="2"/><V81/><F74/><W106/><G80/><T44/><D75/><U36/><E36/><V79/><REACH who="2" step="1"/><F61/><REACH who="2" ten="237,267,233,243" step="2"/><W97/><G67/><AGARI ba="0,2" hai="39,43,45,64,66,67,73,79,81,87,89,92,96,99" machi="67" ten="40,8000,1" yaku="1,1,2,1,52,3,53,0" doraHai="62" doraHaiUra="51" who="2" fromWho="3" sc="237,0,267,0,233,100,243,-80" /><INIT seed="2,0,0,0,2,101" ten="237,267,333,163" oya="2" hai0="133,45,79,55,80,41,61,25,3,65,58,64,130" hai1="29,98,39,52,15,18,20,110,122,66,100,94,48" hai2="95,14,1,119,114,75,2,24,126,13,36,12,30" hai3="134,123,46,127,21,96,78,109,135,132,106,31,42"/><V40/><F119/><W116/><G116/><T47/><D3/><U97/><E110/><V102/><F114/><W38/><G109/><T9/><D130/><U54/><E122/><V70/><F75/><W117/><G117/><T89/><D133/><U11/><E39/><V115/><F115/><W37/><G123/><T51/><D89/><U7/><E66/><V73/><F73/><W16/><G127/><T113/><D113/><U92/><E48/><V27/><F70/><W84/><G37/><T124/><D124/><U19/><E29/><V34/><F126/><W82/><G31/><T120/><D120/><U35/><E35/><V50/><F36/><W128/><G128/><T86/><D25/><U33/><E33/><V74/><F74/><W111/><G111/><T8/><D47/><U77/><E77/><V67/><F67/><AGARI ba="0,0" hai="8,9,41,45,51,55,58,61,64,65,67,79,80,86" machi="67" ten="40,1300,0" yaku="8,1" doraHai="101" who="0" fromWho="2" sc="237,13,267,0,333,-13,163,0" /><INIT seed="3,0,0,3,1,2" ten="250,267,320,163" oya="3" hai0="23,52,15,133,21,126,6,121,48,130,67,12,74" hai1="89,134,117,106,87,132,25,5,17,41,75,58,119" hai2="53,10,31,99,27,118,91,50,28,22,124,56,104" hai3="83,66,100,36,11,95,97,29,114,73,92,49,32"/><W85/><G36/><T72/><D121/><U4/><E75/><V38/><F118/><N who="1" m="45065" /><E106/><V51/><F38/><W35/><G114/><T59/><D126/><U81/><E41/><V26/><F124/><W18/><G73/><T3/><D130/><U57/><E17/><V19/><F104/><W45/><G66/><T62/><D133/><N who="1" m="51307" /><E25/><V69/><F69/><W127/><G127/><T112/><D112/><U54/><E58/><V120/><F120/><W13/><G29/><T77/><D77/><U80/><E81/><V125/><F125/><W129/><G129/><T82/><D82/><U90/><E89/><V24/><F50/><AGARI ba="0,0" hai="4,5,50,54,57,80,87,90" m="51307,45065" machi="50" ten="30,7700,0" yaku="12,1,20,1,52,2" doraHai="2" who="1" fromWho="2" sc="250,0,267,77,320,-77,163,0" /><INIT seed="4,0,0,0,4,111" ten="250,344,243,163" oya="0" hai0="32,37,70,90,0,109,49,117,133,30,101,24,132" hai1="66,62,51,131,18,28,129,100,26,82,11,92,130" hai2="83,44,10,95,60,134,112,20,69,97,55,8,79" hai3="107,35,85,46,6,58,71,96,76,54,22,65,127"/><T103/><D37/><U9/><E51/><V81/><F134/><N who="0" m="51818" /><D117/><U50/><E18/><V115/><F20/><W122/><G127/><T119/><D119/><U41/><E82/><N who="2" m="31243" /><F79/><W105/><G122/><T43/><D109/><U125/><E125/><V42/><F69/><W15/><G76/><T31/><D70/><U80/><E80/><V74/><F74/><W47/><G35/><T68/><D68/><N who="1" m="42071" /><E100/><N who="2" m="60479" /><F60/><W106/><G96/><T99/><D0/><U123/><E123/><V59/><F59/><W121/><G121/><T16/><D16/><U45/><E92/><V13/><F55/><W67/><G71/><T91/><D31/><U72/><E72/><V135/><F135/><W33/><G33/><AGARI ba="0,0" hai="9,11,26,28,33,41,45,50,129,130,131" m="42071" machi="33" ten="30,1000,0" yaku="19,1" doraHai="111" who="1" fromWho="3" sc="250,0,344,10,243,0,163,-10" /><INIT seed="5,0,0,4,2,96" ten="250,354,243,153" oya="1" hai0="116,126,91,3,73,130,69,108,123,21,39,76,81" hai1="97,1,133,52,11,13,53,87,7,90,5,28,75" hai2="122,132,48,44,111,16,54,24,121,134,82,60,127" hai3="45,131,104,46,103,33,2,67,113,40,27,65,20"/><U88/><E75/><V66/><F111/><W12/><G113/><T110/><RYUUKYOKU type="yao9" ba="0,0" sc="250,0,354,0,243,0,153,0" hai0="3,21,39,69,73,76,81,91,108,110,116,123,126,130" /><INIT seed="5,1,0,4,0,36" ten="250,354,243,153" oya="1" hai0="15,130,47,77,50,66,46,134,40,31,41,6,103" hai1="102,92,87,96,65,113,43,80,79,8,94,86,78" hai2="48,3,118,129,90,56,55,133,95,4,132,105,124" hai3="127,93,110,12,14,19,42,70,123,128,27,63,25"/><U122/><E65/><V115/><F118/><W121/><G110/><T76/><D130/><U22/><E122/><V1/><F105/><W109/><G109/><T7/><D134/><N who="2" m="51818" /><F129/><W30/><G128/><T23/><D66/><U33/><E33/><V112/><F124/><W85/><G127/><T67/><D67/><U13/><E113/><N who="2" m="43595" /><F4/><N who="0" m="1578" /><D103/><U106/><E22/><V125/><F125/><W75/><G75/><T83/><D83/><U69/><E69/><V34/><F34/><W68/><G121/><T29/><D15/><U71/><E71/><V84/><AGARI ba="1,0" hai="1,3,48,55,56,84,90,95" m="43595,51818" machi="84" ten="30,4000,0" yaku="20,1,15,1,11,1" doraHai="36" who="2" fromWho="2" sc="250,-11,354,-21,243,43,153,-11" /><INIT seed="6,0,0,4,1,25" ten="239,333,286,142" oya="2" hai0="51,99,20,65,118,36,66,42,78,54,120,8,40" hai1="68,33,126,93,121,13,4,127,52,130,55,102,90" hai2="7,50,133,84,96,77,60,106,5,85,100,81,61" hai3="110,67,105,128,131,87,1,21,97,95,71,135,45"/><V109/><F133/><W32/><G110/><T74/><D120/><U49/><E68/><V11/><F109/><W0/><G135/><T34/><D34/><U98/><E33/><V29/><F7/><W30/><G21/><T9/><D118/><U119/><E119/><V132/><F132/><W16/><G45/><T83/><D20/><U19/><E4/><V41/><F29/><W12/><G87/><T103/><D65/><U14/><E130/><V70/><F70/><W75/><G75/><T2/><D66/><U15/><E121/><V46/><REACH who="2" step="1"/><F85/><REACH who="2" ten="239,333,276,142" step="2"/><W124/><G30/><T134/><D134/><U76/><E127/><V38/><F38/><W123/><G123/><T129/><D36/><U73/><E126/><V48/><F48/><W28/><G124/><T115/><D51/><U47/><E73/><V101/><F101/><W43/><G28/><T62/><D103/><U56/><E102/><V113/><F113/><W64/><G71/><T23/><D115/><U63/><E76/><V26/><F26/><W31/><G31/><T53/><D78/><U107/><E107/><V6/><F6/><W116/><G105/><T112/><D112/><U104/><E104/><V57/><F57/><W89/><G116/><T94/><D74/><U39/><E39/><V88/><F88/><W3/><G32/><T79/><D79/><U108/><E108/><V72/><F72/><W80/><G89/><T122/><D122/><U18/><AGARI ba="0,1" hai="13,14,15,18,19,47,49,52,55,56,63,90,93,98" machi="18" ten="30,4000,0" yaku="0,1,8,1,54,1" doraHai="25" who="1" fromWho="1" sc="239,-10,333,50,276,-20,142,-10" /><INIT seed="7,0,0,0,4,63" ten="229,383,256,132" oya="3" hai0="1,114,55,107,25,80,42,18,14,120,35,105,68" hai1="28,53,24,34,26,47,134,101,131,133,51,90,77" hai2="85,127,58,122,66,132,7,8,95,39,19,121,61" hai3="119,124,92,27,4,84,46,128,17,106,70,82,113"/><W89/><G119/><T86/><D120/><N who="2" m="46186" /><F39/><W9/><G70/><T36/><D1/><U109/><E131/><V5/><F127/><W91/><G106/><T15/><D68/><U103/><E77/><V123/><F132/><N who="1" m="50793" /><E109/><V83/><F95/><W54/><G128/><T87/><D42/><U20/><E90/><N who="2" m="51519" /><F123/><W78/><G124/><T104/><D36/><U65/><E65/><V112/><F112/><W64/><G113/><T41/><D41/><U73/><E73/><V56/><F56/><W13/><G64/><T44/><D114/><U50/><E51/><V62/><F62/><W74/><G91/><T97/><D97/><U126/><E126/><V81/><F81/><W108/><G108/><T71/><D71/><U21/><E34/><V94/><F94/><W102/><G102/><T45/><D104/><U0/><E0/><V48/><F48/><W10/><G27/><T16/><D25/><U118/><E118/><V75/><F75/><W130/><G130/><T12/><D12/><AGARI ba="0,0" hai="5,7,8,12,19,58,61,66" m="51519,46186" machi="12" ten="30,2000,0" yaku="13,1,52,1" doraHai="63" who="2" fromWho="0" sc="229,-20,383,0,256,20,132,0" owari="209,-19.0,383,48.0,276,8.0,132,-37.0" /></mjloggm>