<mjloggm ver="2.3"><GO type="169" lobby="0"/><UN n0="%E7%BE%BD%E6%9C%88%E8%8E%89%E9%9F%B3" n1="%61%74%E6%9D%B1%E5%B1%B1%E5%A5%88%E5%A4%AE" n2="%E5%B0%B1%E6%B4%BB%E7%94%9F%40%E5%B7%9D%E6%9D%91%E8%BB%8D%E5%9B%A3" n3="%67%6F%69%73%75%62%61%69" dan="17,16,17,16" rate="2176.27,2057.19,2240.79,2106.55" sx="F,M,M,M"/><TAIKYOKU oya="0"/><INIT seed="0,0,0,2,5,33" ten="250,250,250,250" oya="0" hai0="132,134,84,107,64,62,10,68,69,60,131,113,130" hai1="76,24,67,8,109,125,104,65,4,48,31,119,34" hai2="12,102,103,94,93,39,105,74,23,96,50,87,123" hai3="21,9,36,5,92,7,28,118,46,63,45,27,30"/><T32/><D107/><U20/><E119/><V116/><F39/><W3/><G118/><T52/><D32/><U37/><E37/><V14/><F74/><W90/><G30/><T110/><D84/><U47/><E109/><V114/><F114/><W86/><G36/><T77/><D77/><U111/><E111/><V55/><F123/><W18/><G7/><T29/><D29/><U124/><E104/><V58/><F116/><W89/><G63/><T133/><D110/><U80/><E34/><V126/><F126/><N who="1" m="48745" /><E48/><V56/><F56/><W13/><REACH who="3" step="1"/><G90/><REACH who="3" ten="250,250,250,240" step="2"/><T78/><D113/><U73/><E47/><V95/><F102/><W88/><G88/><T26/><D62/><U49/><E49/><V117/><F117/><W1/><G1/><AGARI ba="0,1" hai="1,4,8,20,24,31,65,67,73,76,80" m="48745" machi="1" ten="30,2000,0" yaku="18,1,52,1" doraHai="33" who="1" fromWho="3" sc="250,0,250,30,250,0,240,-20" /><INIT seed="1,0,0,1,2,26" ten="250,280,250,220" oya="1" hai0="62,4,9,41,7,97,77,23,122,24,131,39,58" hai1="105,112,22,70,83,53,49,100,102,103,61,35,104" hai2="75,54,133,51,47,48,32,29,50,0,121,42,73" hai3="6,5,91,86,14,43,55,20,8,1,34,87,11"/><U78/><E112/><V111/><F121/><W44/><G34/><T64/><D131/><U45/><E35/><V37/><F0/><W94/><G55/><T101/><D122/><U88/><E22/><V120/><F120/><W118/><G118/><T123/><D123/><U127/><E127/><V19/><F111/><W30/><G87/><T68/><D77/><U128/><E128/><V96/><F133/><W114/><G114/><T134/><D134/><U113/><E113/><V66/><F66/><W135/><G135/><T40/><D68/><U84/><REACH who="1" step="1"/><E78/><REACH who="1" ten="250,270,250,220" step="2"/><V125/><F125/><W110/><G110/><T25/><D23/><U2/><E2/><V76/><F76/><W27/><G1/><T16/><D9/><U10/><E10/><V81/><F32/><W99/><G8/><T116/><D116/><U69/><E69/><V52/><F73/><W79/><G79/><T71/><D71/><U126/><E126/><V124/><F75/><W93/><G5/><T15/><D7/><U67/><AGARI ba="0,1" hai="45,49,53,61,67,70,83,84,88,100,102,103,104,105" machi="67" ten="30,6000,0" yaku="1,1,0,1,54,1,53,0" doraHai="26" doraHaiUra="18" who="1" fromWho="1" sc="250,-20,270,70,250,-20,220,-20" /><INIT seed="1,1,0,3,3,12" ten="230,340,230,200" oya="1" hai0="114,130,32,121,41,20,99,107,50,95,102,108,18" hai1="119,35,26,113,118,23,58,44,65,97,122,3,94" hai2="71,24,29,8,5,73,34,59,19,109,87,22,127" hai3="60,37,134,90,133,28,21,129,63,103,39,98,89"/><U82/><E113/><V48/><F73/><W86/><G129/><T123/><D114/><U10/><E122/><V105/><F71/><W38/><G28/><T132/><D32/><U75/><E35/><V67/><F105/><W80/><G21/><T78/><D130/><U124/><E124/><V7/><F127/><W117/><G117/><T43/><D108/><U79/><E44/><V72/><F72/><W135/><REACH who="3" step="1"/><G90/><REACH who="3" ten="230,340,230,190" step="2"/><T40/><D123/><U96/><E118/><V25/><F109/><W15/><G15/><T100/><D121/><U0/><E119/><V53/><F8/><W55/><G55/><T70/><D132/><U6/><E3/><V116/><F116/><W49/><G49/><T110/><D110/><U85/><E23/><V83/><F67/><W66/><G66/><T131/><D131/><U104/><E65/><V16/><REACH who="2" step="1"/><F19/><REACH who="2" ten="230,340,220,190" step="2"/><W128/><G128/><T9/><D18/><U31/><E10/><V62/><F62/><W27/><G27/><T92/><D9/><U54/><E26/><V88/><AGARI ba="1,2" hai="5,7,16,22,24,25,29,34,48,53,59,83,87,88" machi="88" ten="20,12000,2" yaku="1,1,0,1,7,1,52,1,54,2,53,0" doraHai="12" doraHaiUra="33" who="2" fromWho="2" sc="230,-31,340,-61,220,143,190,-31" /><INIT seed="2,0,0,1,4,24" ten="199,279,363,159" oya="2" hai0="4,12,23,135,67,86,111,30,91,131,113,119,130" hai1="100,125,2,0,47,90,44,53,122,134,92,17,18" hai2="7,117,28,128,37,13,75,114,21,54,56,48,126" hai3="87,109,118,65,52,89,112,110,25,71,133,76,82"/><V74/><F37/><W96/><G118/><T42/><D113/><U127/><E100/><V101/><F117/><W34/><G112/><T105/><D105/><U62/><E134/><V58/><F114/><W94/><G133/><T45/><D119/><U43/><E122/><V46/><F101/><W50/><G71/><T88/><D67/><U19/><E62/><V103/><F103/><W14/><G14/><T59/><D59/><U97/><E53/><V95/><F95/><W41/><G41/><T60/><D60/><U102/><E102/><V11/><F126/><N who="1" m="48137" /><E47/><V108/><F128/><W85/><G65/><T27/><D135/><U8/><E8/><V77/><F108/><W84/><G25/><T115/><D111/><N who="3" m="42505" /><G34/><T49/><D115/><U72/><E72/><V129/><F129/><N who="0" m="49162" /><D86/><U120/><E120/><V36/><F36/><AGARI ba="0,0" hai="0,2,17,18,19,36,43,44,90,92,97" m="48137" machi="36" ten="30,1000,0" yaku="18,1" doraHai="24" who="1" fromWho="2" sc="199,0,279,10,363,-10,159,0" /><INIT seed="3,0,0,4,2,81" ten="199,289,353,159" oya="3" hai0="64,76,105,103,89,57,41,114,87,45,96,17,77" hai1="9,48,62,28,109,47,131,12,85,66,18,95,120" hai2="112,23,36,110,83,132,69,49,60,52,102,71,90" hai3="104,135,37,7,8,97,0,1,56,65,84,4,31"/><W115/><G115/><T34/><D114/><U44/><E120/><V32/><F32/><W27/><G135/><T38/><D34/><U6/><E109/><V43/><F102/><W107/><G37/><T93/><REACH who="0" step="1"/><D17/><REACH who="0" ten="189,289,353,159" step="2"/><U125/><E18/><V50/><F112/><W106/><G97/><T118/><D118/><U113/><E113/><V14/><F132/><W70/><G70/><T129/><D129/><U124/><E131/><V108/><F69/><W86/><G7/><T54/><D54/><U61/><E6/><V130/><F71/><W53/><G0/><T51/><D51/><U101/><E48/><V22/><F130/><W100/><G65/><T128/><D128/><U5/><E66/><V72/><F49/><W55/><G55/><T67/><D67/><U25/><E5/><V3/><F50/><W92/><G53/><T35/><D35/><U133/><E133/><V21/><F52/><W117/><G117/><T24/><D24/><U2/><E25/><V121/><F121/><W78/><G27/><T46/><D46/><U39/><E47/><V127/><F3/><W19/><G19/><T134/><D134/><U99/><E44/><V73/><F110/><W13/><G1/><T11/><D11/><U88/><E2/><V42/><F108/><W119/><G119/><T116/><D116/><U30/><E9/><V79/><F42/><W94/><G8/><T126/><D126/><U33/><E125/><V82/><F127/><W16/><G4/><T26/><D26/><U59/><E124/><V29/><F43/><W68/><G68/><T10/><D10/><RYUUKYOKU ba="0,1" sc="189,30,289,-10,353,-10,159,-10" hai0="38,41,45,57,64,76,77,87,89,93,96,103,105" /><INIT seed="4,1,1,0,5,134" ten="219,279,343,149" oya="0" hai0="32,41,72,13,46,110,135,37,52,38,90,8,100" hai1="67,24,19,78,109,11,12,27,17,129,121,73,70" hai2="128,56,10,112,49,68,4,44,126,5,63,22,80" hai3="132,42,117,96,98,107,28,94,31,20,93,123,101"/><T91/><D135/><U18/><E109/><V84/><F126/><W62/><G132/><T14/><D110/><U43/><E121/><V40/><F68/><W64/><G117/><T45/><D32/><U76/><E43/><V81/><F112/><W34/><G123/><T9/><D72/><U47/><E47/><V131/><F22/><W122/><G122/><T92/><D100/><U3/><E129/><N who="2" m="49739" /><F84/><W118/><G118/><T115/><D115/><U0/><E67/><N who="2" m="39399" /><F4/><W119/><G42/><T108/><D108/><U88/><E70/><V86/><F86/><W25/><G119/><T57/><D46/><U113/><E113/><V15/><AGARI ba="1,1" hai="5,10,15,40,44,49,80,81" m="39399,49739" machi="15" ten="30,1100,0" yaku="19,1" doraHai="134" who="2" fromWho="2" sc="219,-6,279,-4,343,24,149,-4" /><INIT seed="5,0,0,0,4,105" ten="213,275,367,145" oya="1" hai0="75,129,73,80,104,77,119,64,87,28,35,52,130" hai1="49,2,127,98,108,18,85,32,74,114,72,13,57" hai2="133,91,94,41,92,54,81,15,39,122,78,8,69" hai3="134,126,62,89,125,38,60,22,63,24,53,76,100"/><U21/><E114/><V86/><F69/><W55/><G100/><T27/><D119/><U118/><E118/><V106/><F106/><W26/><G89/><T109/><D104/><U42/><E32/><V83/><F122/><W29/><G76/><T47/><D64/><U95/><E2/><V112/><F112/><W19/><G38/><T124/><D109/><U7/><E108/><V4/><F133/><W46/><G134/><T116/><D116/><U128/><E7/><V5/><F5/><W56/><G46/><T65/><D65/><U70/><E70/><V10/><F10/><W44/><G44/><T23/><D35/><U71/><E71/><V14/><F14/><W93/><G93/><T11/><D11/><U103/><E128/><N who="0" m="49257" /><D124/><U121/><E121/><V40/><F54/><W37/><G37/><T17/><D28/><U96/><E127/><N who="3" m="48650" /><G56/><T34/><D34/><AGARI ba="0,0" hai="19,22,24,26,29,34,53,55,60,62,63" m="48650" machi="34" ten="30,1000,0" yaku="18,1" doraHai="105" who="3" fromWho="0" sc="213,-10,275,0,367,0,145,10" /><INIT seed="6,0,0,2,1,83" ten="203,275,367,155" oya="2" hai0="39,110,18,52,16,51,25,1,0,65,63,115,119" hai1="70,32,58,80,125,38,91,99,111,36,62,94,105" hai2="15,43,47,7,132,74,11,10,135,14,93,60,81" hai3="6,68,50,21,73,82,53,44,42,92,76,9,48"/><V126/><F126/><W131/><G68/><T8/><D110/><U123/><E111/><V84/><F74/><W97/><G131/><T33/><D39/><U71/><E125/><V103/><F60/><W117/><G117/><T130/><D115/><U23/><E32/><V4/><F93/><W35/><G35/><T128/><D119/><U55/><E71/><V49/><REACH who="2" step="1"/><F103/><REACH who="2" ten="203,275,357,155" step="2"/><W3/><G21/><T90/><D130/><U78/><E62/><V46/><F46/><W24/><G24/><T102/><D102/><U108/><E94/><V106/><F106/><W12/><G12/><T57/><D128/><U129/><E105/><V114/><F114/><W95/><REACH who="3" step="1"/><G97/><REACH who="3" ten="203,275,357,145" step="2"/><T30/><D25/><U45/><E99/><V37/><F37/><W34/><G34/><T56/><D33/><U89/><E38/><V64/><F64/><W116/><G116/><T69/><D65/><U72/><E36/><V121/><F121/><W27/><G27/><T107/><D1/><U134/><E123/><V96/><F96/><W13/><G13/><T79/><D0/><U66/><E66/><V67/><F67/><W98/><G98/><T17/><D69/><U28/><E70/><V85/><F85/><W118/><G118/><T133/><D63/><U54/><E129/><V59/><F59/><AGARI ba="0,2" hai="3,6,9,42,44,48,50,53,59,73,76,82,92,95" machi="59" ten="30,2000,0" yaku="1,1,7,1,53,0" doraHai="83" doraHaiUra="122" who="3" fromWho="2" sc="203,0,275,0,357,-20,145,40" /><INIT seed="7,0,0,1,1,53" ten="203,275,337,185" oya="3" hai0="71,112,90,126,57,108,89,4,123,56,106,40,0" hai1="12,8,96,118,48,107,69,103,70,77,24,66,34" hai2="45,101,50,97,135,98,102,17,15,88,52,28,14" hai3="20,27,111,5,121,110,75,120,99,65,72,33,9"/><W3/><G65/><T16/><D108/><N who="3" m="41513" /><G99/><N who="2" m="37897" /><F135/><W29/><G75/><T131/><D123/><N who="3" m="47177" /><G72/><T2/><D106/><U93/><E48/><V60/><F28/><W86/><G86/><T119/><D71/><U44/><E44/><V19/><F60/><W109/><N who="3" m="41521" /><W82/><DORA hai="21" /><G82/><T36/><D119/><U74/><E8/><N who="2" m="6343" /><F88/><W73/><G73/><T78/><D90/><U122/><E74/><V32/><F32/><AGARI ba="0,0" hai="3,5,9,20,27,29,32,33" m="47177,41521" machi="32" ten="50,12000,1" yaku="10,1,34,2,52,1" doraHai="53,21" who="3" fromWho="2" sc="203,0,275,0,337,-120,185,120" owari="203,-30.0,275,8.0,217,-18.0,305,40.0" /></mjloggm>