<mjloggm ver="2.3"><GO type="169" lobby="0"/><UN n0="%E8%AA%B2%E9%95%B7%E8%A6%96%E9%87%8E%E7%8B%AD%E7%AA%84" n1="%28%E3%81%A3%27%E3%83%AE%27%63%29" n2="%30%30%73%61%69" n3="%E3%82%A6%E3%83%AB%E3%83%88%E3%83%A9%E7%AB%8B%E7%9B%B4" dan="17,17,17,18" rate="2150.56,2186.42,2182.86,2204.64" sx="M,M,M,M"/><TAIKYOKU oya="0"/><INIT seed="0,0,0,2,5,36" ten="250,250,250,250" oya="0" hai0="101,31,59,83,64,67,119,128,4,63,66,118,120" hai1="130,70,60,29,125,75,1,86,32,79,73,26,41" hai2="117,131,8,39,72,35,91,99,100,108,34,121,2" hai3="85,23,30,48,24,80,81,109,77,87,88,55,13"/><T105/><D120/><U132/><E132/><V9/><F121/><W47/><REACH who="3" step="1"/><G13/><REACH who="3" ten="250,250,250,240" step="2"/><T124/><D118/><U28/><E1/><V52/><F2/><W11/><G11/><T40/><D119/><U134/><E134/><V57/><F8/><W62/><G62/><T7/><D63/><U43/><E60/><V0/><F9/><W27/><G27/><T122/><D122/><U45/><E26/><V89/><F0/><W93/><G93/><T19/><D66/><U95/><E125/><V22/><F117/><W51/><G51/><T97/><D67/><U106/><E95/><V69/><F39/><W37/><G37/><T74/><D64/><U14/><E14/><V6/><F35/><W38/><G38/><T5/><D124/><U76/><E32/><V135/><F34/><W98/><G98/><T17/><D97/><U61/><E61/><V58/><F99/><W18/><G18/><T82/><D17/><U114/><E28/><V96/><F135/><W44/><G44/><T71/><D19/><U112/><E29/><V90/><F96/><W133/><G133/><T16/><D16/><U65/><E45/><V68/><F68/><W103/><G103/><T107/><D31/><U116/><E65/><V54/><F69/><W84/><G84/><T46/><D71/><U49/><E70/><V110/><F100/><W10/><G10/><T94/><D101/><U12/><E12/><V102/><F102/><W20/><G20/><T50/><D94/><U56/><E49/><V129/><F22/><W53/><G53/><T126/><D126/><U113/><E116/><RYUUKYOKU ba="0,1" sc="250,-10,250,-10,250,-10,240,30" hai3="23,24,30,47,48,55,77,80,81,85,87,88,109" /><INIT seed="1,1,1,1,5,43" ten="240,240,240,270" oya="1" hai0="98,12,77,92,87,0,21,133,106,79,64,49,122" hai1="81,109,93,94,33,17,20,28,31,18,104,97,5" hai2="102,61,113,15,46,58,108,114,117,129,19,36,55" hai3="82,68,73,34,7,27,72,121,75,60,67,124,96"/><U52/><E109/><V38/><F102/><W4/><G121/><T57/><D0/><U103/><E5/><V51/><F108/><W120/><G120/><T115/><D106/><U132/><E132/><V53/><F117/><W89/><G124/><T9/><D115/><N who="2" m="44042" /><F129/><W111/><G111/><T45/><D21/><AGARI ba="1,1" hai="15,19,21,36,38,46,51,53,55,58,61" m="44042" machi="21" ten="30,2000,0" yaku="11,1,52,1" doraHai="43" who="2" fromWho="0" sc="240,-23,240,0,240,33,270,0" /><INIT seed="2,0,0,3,3,132" ten="217,240,273,270" oya="2" hai0="79,108,43,98,6,123,35,69,19,53,30,114,102" hai1="27,91,1,93,49,63,41,38,127,84,51,117,74" hai2="120,33,10,24,96,54,42,18,107,99,86,133,40" hai3="129,20,77,100,13,39,9,78,8,66,0,48,58"/><V37/><F120/><W105/><G39/><T65/><D43/><U55/><E117/><V62/><F133/><W23/><G129/><T104/><D6/><U22/><E1/><V5/><F37/><W36/><G36/><T134/><D79/><U81/><E127/><V44/><F86/><W56/><G0/><T32/><D123/><U124/><E124/><V118/><F118/><W73/><G105/><T17/><D35/><U82/><E38/><V135/><F135/><W92/><G9/><T26/><D114/><U110/><E110/><V29/><F18/><W52/><G73/><T103/><D108/><U85/><E74/><V90/><F99/><N who="3" m="59495" /><G23/><T95/><D134/><U101/><E63/><V83/><F107/><W16/><G20/><T89/><D53/><U112/><E112/><V59/><F44/><W125/><G125/><T76/><D76/><N who="3" m="29289" /><G66/><T116/><D116/><U7/><E7/><V97/><F83/><W122/><G122/><T57/><D103/><U15/><E101/><V31/><F31/><W25/><G25/><T11/><D11/><U61/><E27/><V72/><F72/><W109/><G109/><T50/><D69/><U67/><E85/><V113/><F113/><W14/><G14/><T12/><D12/><U21/><E21/><N who="2" m="15503" /><F97/><W128/><G128/><T87/><D65/><U28/><E15/><N who="2" m="5583" /><F33/><W94/><G94/><AGARI ba="0,0" hai="40,42,54,59,62,90,94,96" m="5583,15503" machi="94" ten="30,1500,0" yaku="8,1" doraHai="132" who="2" fromWho="3" sc="217,0,240,0,273,15,270,-15" /><INIT seed="2,1,0,0,1,39" ten="217,240,288,255" oya="2" hai0="86,84,32,25,96,133,81,18,82,67,40,15,128" hai1="3,48,85,113,92,100,46,29,66,70,127,21,55" hai2="123,119,78,7,31,45,4,24,64,5,16,28,10" hai3="41,43,53,130,12,58,61,93,116,13,33,14,34"/><V60/><F119/><W121/><G121/><T107/><D133/><U75/><E75/><V47/><F123/><W132/><G116/><T30/><D128/><U112/><E3/><V125/><F125/><W71/><G130/><T77/><D67/><U79/><E127/><V20/><F78/><W102/><G71/><T103/><D40/><N who="3" m="15433" /><G34/><T106/><D106/><U2/><E2/><V9/><F9/><W108/><G33/><T104/><D104/><U63/><E79/><V50/><F10/><W89/><G108/><T54/><D54/><U72/><E72/><V38/><F38/><W44/><G132/><T35/><D35/><U99/><E85/><V90/><F90/><W8/><G44/><N who="2" m="16969" /><F50/><W80/><G80/><T57/><D57/><AGARI ba="1,0" hai="4,5,7,16,20,24,28,31,57,60,64" m="16969" machi="57" ten="30,2900,0" yaku="8,1,54,1" doraHai="39" who="2" fromWho="0" sc="217,-32,240,0,288,32,255,0" /><INIT seed="2,2,0,1,4,64" ten="185,240,320,255" oya="2" hai0="18,55,69,22,97,91,14,85,75,1,119,35,72" hai1="28,81,110,84,105,76,17,47,122,67,4,42,113" hai2="54,60,0,62,32,25,117,132,120,5,58,103,125" hai3="102,70,3,59,20,104,27,107,133,126,43,30,115"/><V65/><F103/><W123/><G123/><T44/><D1/><U66/><E113/><V26/><F117/><W134/><G3/><T73/><D35/><U24/><E110/><V109/><F120/><W13/><G115/><T106/><D119/><U112/><E112/><V116/><F116/><W36/><G126/><T7/><D7/><U46/><E122/><V6/><F125/><W101/><G59/><T10/><D22/><U89/><E105/><V121/><F121/><W51/><G51/><N who="0" m="29159" /><D97/><U71/><E4/><V61/><F132/><N who="3" m="50795" /><G13/><T33/><D33/><U68/><E17/><V12/><F0/><W16/><G30/><T56/><D56/><U135/><E135/><V111/><F32/><W50/><G36/><T45/><D45/><U86/><E66/><V98/><F98/><W11/><G11/><T77/><D77/><U79/><E79/><V127/><F127/><W128/><G128/><T34/><D34/><U37/><E67/><V95/><F65/><W41/><G70/><T129/><D106/><N who="3" m="40489" /><G43/><T39/><D39/><U15/><E15/><V23/><F12/><W108/><G108/><N who="2" m="41545" /><F5/><W83/><G102/><T87/><D129/><U53/><E53/><V131/><F131/><W78/><G101/><T118/><D118/><U9/><E9/><V80/><F6/><W90/><G41/><T49/><D10/><U88/><E47/><V93/><F26/><W21/><G27/><T130/><D14/><U38/><E38/><V82/><F62/><W29/><G21/><T2/><D130/><U74/><E37/><V99/><F61/><W31/><G20/><RYUUKYOKU ba="2,0" sc="185,0,240,0,320,0,255,0" /><INIT seed="3,3,0,1,0,112" ten="185,240,320,255" oya="3" hai0="82,105,108,74,67,9,22,15,44,111,109,1,14" hai1="71,35,18,29,28,60,11,91,88,27,118,76,92" hai2="73,39,95,99,86,85,46,128,34,120,133,45,16" hai3="33,65,58,42,56,121,102,23,75,7,54,6,101"/><W93/><G33/><T103/><D67/><U26/><E118/><V100/><F34/><W96/><G75/><T127/><D44/><U117/><E117/><V30/><F30/><W66/><G121/><T50/><D50/><U31/><E76/><V115/><F115/><W126/><G126/><T114/><D114/><U13/><E29/><V124/><F73/><W135/><G135/><T20/><D74/><U2/><E2/><V68/><F68/><W77/><G42/><T123/><D82/><U36/><E36/><V107/><F133/><W17/><G102/><T104/><D103/><U106/><E106/><N who="0" m="41065" /><D123/><U38/><E38/><V40/><F46/><W131/><G131/><T79/><D79/><U8/><E8/><V119/><F128/><W81/><G81/><T59/><D59/><N who="3" m="22569" /><G54/><T53/><D53/><U51/><E51/><V125/><F119/><W10/><G77/><T84/><D127/><N who="2" m="48714" /><F120/><W69/><G69/><T37/><D37/><U130/><E130/><V43/><F43/><W113/><G113/><T97/><D1/><U78/><E78/><V48/><F39/><W132/><G132/><T72/><D72/><U3/><E3/><V83/><F83/><W134/><G134/><T49/><D49/><U24/><E31/><V21/><F107/><W89/><G101/><T0/><D0/><U25/><REACH who="1" step="1"/><E92/><REACH who="1" ten="185,230,320,255" step="2"/><V57/><F48/><W4/><G10/><T41/><D9/><U90/><E90/><V63/><F95/><W94/><G94/><T110/><D109/><U98/><E98/><V5/><F99/><W87/><G96/><T32/><D97/><RYUUKYOKU ba="3,1" sc="185,-15,230,15,320,-15,255,15" hai1="11,13,18,24,25,26,27,28,35,60,71,88,91" hai3="4,6,7,17,23,65,66,87,89,93" /><INIT seed="3,4,1,0,2,107" ten="170,245,305,270" oya="3" hai0="58,55,128,103,121,97,43,13,93,81,102,66,96" hai1="5,45,26,11,18,126,84,83,78,6,82,68,48" hai2="123,51,19,57,29,119,63,71,85,40,124,73,95" hai3="0,4,9,90,130,92,70,114,89,65,61,87,105"/><W115/><G105/><T30/><D128/><U41/><E126/><V64/><F119/><W38/><G38/><T88/><D121/><U59/><E68/><V47/><F124/><W49/><G130/><T117/><D117/><U1/><E5/><V134/><F134/><W33/><G33/><T133/><D133/><U72/><E59/><V23/><F29/><W109/><G109/><T7/><D66/><U16/><REACH who="1" step="1"/><E26/><REACH who="1" ten="170,235,305,270" step="2"/><V32/><F71/><W60/><G60/><T12/><D7/><U110/><E110/><V22/><F57/><W91/><REACH who="3" step="1"/><G49/><REACH who="3" ten="170,235,305,260" step="2"/><T52/><D58/><U21/><E21/><V101/><F23/><W106/><G106/><T94/><D102/><U24/><E24/><V35/><F101/><W34/><G34/><T54/><D103/><U79/><AGARI ba="4,3" hai="1,6,11,16,18,41,45,48,72,78,79,82,83,84" machi="79" ten="20,8000,1" yaku="1,1,0,1,7,1,52,1,54,1,53,0" doraHai="107" doraHaiUra="127" who="1" fromWho="1" sc="170,-24,235,122,305,-24,260,-44" /><INIT seed="4,0,0,1,4,53" ten="146,357,281,216" oya="0" hai0="11,17,74,38,36,100,51,31,98,35,15,62,75" hai1="9,77,118,59,28,106,63,39,119,48,24,91,49" hai2="46,25,42,71,73,86,14,34,5,108,124,130,111" hai3="44,54,133,76,109,4,97,115,64,20,112,56,57"/><T22/><D35/><U45/><E106/><V6/><F71/><W101/><G109/><T13/><D51/><U128/><E77/><V69/><F69/><W27/><G76/><T93/><D62/><U84/><E9/><V82/><F73/><W12/><G133/><T121/><D121/><U125/><E125/><V61/><F130/><W58/><G64/><T135/><D135/><U127/><E127/><V68/><F124/><W21/><G44/><T40/><D31/><U8/><E8/><N who="2" m="4367" /><F6/><W55/><G12/><T103/><D103/><U87/><E39/><V134/><F134/><W117/><G4/><T90/><D100/><U0/><E0/><V37/><F25/><W78/><G78/><T7/><REACH who="0" step="1"/><D40/><REACH who="0" ten="136,357,281,216" step="2"/><N who="1" m="24615" /><E49/><N who="2" m="26839" /><F34/><W114/><G117/><T131/><D131/><U102/><E102/><V85/><F37/><AGARI ba="0,1" hai="7,11,13,15,17,22,36,37,38,74,75,90,93,98" machi="37" ten="40,3900,0" yaku="1,1,53,1" doraHai="53" doraHaiUra="89" who="0" fromWho="2" sc="136,49,357,0,281,-39,216,0" /><INIT seed="4,1,0,3,1,6" ten="185,357,242,216" oya="0" hai0="64,10,47,40,28,17,23,2,123,116,36,98,16" hai1="103,41,58,1,7,83,75,93,32,121,62,115,45" hai2="133,120,56,112,69,26,85,48,90,88,53,130,51" hai3="14,113,57,118,3,21,122,43,34,91,101,59,128"/><T24/><D116/><U92/><E32/><V79/><F120/><W46/><G3/><T111/><D123/><U31/><E31/><V89/><F69/><W66/><G34/><T60/><D111/><U11/><E115/><V55/><F130/><W110/><G110/><T100/><D2/><U126/><E126/><V124/><F133/><W125/><G118/><T105/><REACH who="0" step="1"/><D10/><REACH who="0" ten="175,357,242,216" step="2"/><U72/><E121/><V33/><F112/><W12/><G113/><T38/><D38/><U73/><E11/><V27/><F124/><W95/><G125/><T15/><D15/><U61/><E1/><V107/><F107/><W70/><G12/><T77/><D77/><U99/><E7/><V86/><F79/><W76/><G14/><T63/><D63/><U29/><E62/><V20/><F33/><W135/><G76/><T127/><D127/><U134/><E61/><V102/><F27/><W22/><G122/><T67/><D67/><U19/><E134/><V80/><F80/><W50/><G66/><T4/><D4/><U129/><E83/><V37/><F37/><W96/><G135/><T94/><D94/><U65/><E93/><V109/><F109/><W18/><G95/><T54/><D54/><U49/><E92/><V104/><F104/><W97/><G128/><T71/><AGARI ba="1,1" hai="16,17,23,24,28,36,40,47,60,64,71,98,100,105" machi="71" ten="20,7800,0" yaku="1,1,0,1,7,1,54,1,53,0" doraHai="6" doraHaiUra="9" who="0" fromWho="0" sc="175,91,357,-27,242,-27,216,-27" /><INIT seed="4,2,0,0,3,49" ten="266,330,215,189" oya="0" hai0="7,58,133,82,62,112,120,11,109,51,134,130,97" hai1="20,36,124,79,57,69,6,31,35,107,102,0,30" hai2="19,81,88,55,27,8,117,106,93,12,74,65,110" hai3="39,86,72,115,90,104,26,42,9,56,114,18,34"/><T116/><D120/><U63/><E36/><V92/><F110/><W103/><G72/><T91/><D116/><U75/><E20/><V98/><F117/><W96/><G42/><T1/><D109/><U68/><E124/><V46/><F106/><W29/><G39/><T43/><D112/><U54/><E0/><V10/><F65/><W24/><G56/><T44/><D130/><U94/><E6/><V132/><F132/><W127/><G127/><T70/><D70/><U77/><E94/><N who="2" m="56647" /><F74/><W122/><G122/><T59/><D97/><N who="1" m="61903" /><E30/><V100/><F81/><W41/><G41/><T129/><D129/><U119/><E75/><V135/><F135/><N who="0" m="51722" /><D62/><N who="1" m="36151" /><E69/><V83/><F83/><W47/><G96/><T121/><D121/><U22/><E22/><N who="2" m="13791" /><F100/><W60/><G103/><T15/><D1/><U125/><E125/><V3/><F3/><W37/><G115/><T78/><D91/><U87/><E87/><AGARI ba="2,0" hai="7,11,15,43,44,51,58,59,78,82,87" m="51722" machi="87" ten="30,2900,0" yaku="25,1,20,1" doraHai="49" who="0" fromWho="1" sc="266,35,330,-35,215,0,189,0" /><INIT seed="4,3,0,5,0,58" ten="301,295,215,189" oya="0" hai0="134,114,60,29,18,16,118,21,64,89,12,50,55" hai1="72,70,101,127,124,43,61,34,19,120,53,130,93" hai2="33,79,102,75,78,32,23,0,20,22,59,30,14" hai3="24,80,3,129,115,84,66,4,76,91,17,104,108"/><T63/><D118/><U7/><E120/><V13/><F102/><W126/><G108/><T41/><D114/><U26/><E72/><V1/><F59/><W73/><G4/><T49/><D134/><U28/><E43/><V105/><F105/><W87/><G3/><N who="2" m="1097" /><F75/><W42/><G115/><T67/><D29/><U103/><E7/><V36/><F36/><W40/><G104/><T112/><D112/><U6/><E6/><V47/><F47/><W96/><G126/><N who="1" m="48170" /><E130/><V95/><F95/><N who="3" m="56447" /><G73/><T99/><D41/><U27/><E93/><V88/><F88/><N who="3" m="51207" /><G129/><T132/><D132/><U11/><E53/><V51/><F51/><N who="0" m="19466" /><D18/><U135/><E135/><V52/><F52/><W107/><G107/><T8/><D55/><U62/><E70/><V111/><F111/><W85/><G66/><N who="0" m="25131" /><D8/><U86/><E11/><V45/><F45/><W31/><G17/><T82/><D99/><U39/><E39/><V81/><F30/><W38/><G38/><T9/><D9/><U65/><E65/><V98/><F98/><W48/><G48/><T97/><D97/><U100/><E86/><AGARI ba="3,0" hai="12,16,21,60,63,82,86,89" m="25131,19466" machi="86" ten="30,11600,0" yaku="8,1,52,2,54,1" doraHai="58" who="0" fromWho="1" sc="301,125,295,-125,215,0,189,0" /><INIT seed="4,4,0,4,1,30" ten="426,170,215,189" oya="0" hai0="16,122,130,91,120,79,54,108,123,12,107,78,76" hai1="89,70,90,0,72,28,2,94,44,114,48,29,19" hai2="117,134,99,71,4,121,10,73,23,87,65,31,35" hai3="61,18,41,32,42,63,39,55,104,15,56,34,116"/><T17/><D107/><U126/><E70/><V13/><F121/><W59/><G104/><T47/><D130/><U9/><E72/><V125/><F134/><W127/><G116/><T100/><D100/><U85/><E126/><V96/><F125/><W46/><G42/><T75/><D75/><U98/><E114/><V25/><F73/><W11/><REACH who="3" step="1"/><G127/><REACH who="3" ten="426,170,215,179" step="2"/><T40/><D122/><U49/><E0/><V50/><F117/><W88/><G88/><T101/><D91/><U21/><E2/><V111/><F111/><W86/><G86/><T119/><D40/><U93/><E9/><V22/><F87/><W3/><G3/><T97/><D108/><U124/><E124/><V115/><F115/><W6/><G6/><T27/><D119/><U95/><E95/><V45/><F96/><W52/><AGARI ba="4,1" hai="11,15,18,32,34,39,41,46,52,55,56,59,61,63" machi="52" ten="20,12000,2" yaku="1,1,0,1,7,1,9,1,52,2,54,1,53,0" doraHai="30" doraHaiUra="84" who="3" fromWho="3" sc="426,-64,170,-34,215,-34,179,142" /><INIT seed="5,0,0,0,3,24" ten="362,136,181,321" oya="1" hai0="7,98,124,59,18,93,42,86,123,122,25,30,47" hai1="74,68,60,28,19,52,80,108,95,100,23,9,3" hai2="35,44,48,51,73,82,69,43,15,40,96,2,39" hai3="49,64,84,36,58,101,26,16,127,71,6,56,97"/><U57/><E108/><V72/><F2/><W129/><G36/><T104/><D104/><U78/><E68/><V114/><F114/><W87/><G127/><T14/><D7/><U22/><E3/><V63/><F35/><W130/><G6/><T118/><D59/><N who="3" m="22569" /><G49/><N who="0" m="26871" /><D86/><U107/><E107/><V89/><F15/><W61/><G16/><T119/><D18/><U33/><E33/><V50/><F96/><W105/><G26/><T0/><D14/><U102/><E9/><V121/><F89/><W70/><G70/><T31/><D0/><U34/><E34/><V85/><F85/><W113/><G113/><T88/><D124/><U92/><E28/><N who="0" m="10793" /><D25/><U79/><E79/><V135/><F73/><W77/><G77/><T110/><D110/><U115/><E115/><V66/><F72/><W109/><G109/><T21/><D21/><U27/><REACH who="1" step="1"/><E23/><REACH who="1" ten="362,126,181,321" step="2"/><V11/><F11/><W120/><G71/><T1/><D1/><U65/><E65/><V90/><F66/><W53/><G64/><T132/><D132/><U134/><E134/><V37/><F135/><W4/><G105/><T131/><D131/><U32/><E32/><V10/><F10/><W45/><G130/><T83/><D119/><U54/><E54/><V117/><F117/><W133/><G53/><T17/><D118/><U41/><E41/><V38/><F43/><W76/><G129/><T20/><D20/><U94/><AGARI ba="0,1" hai="19,22,27,52,57,60,74,78,80,92,94,95,100,102" machi="94" ten="30,6000,0" yaku="1,1,0,1,54,1,53,0" doraHai="24" doraHaiUra="125" who="1" fromWho="1" sc="362,-20,126,70,181,-20,321,-20" /><INIT seed="5,1,0,3,4,83" ten="342,196,161,301" oya="1" hai0="34,5,80,68,110,107,18,118,43,19,94,82,135" hai1="126,52,97,108,9,0,117,75,67,29,1,84,27" hai2="13,66,92,4,79,105,8,56,88,24,77,98,129" hai3="134,115,59,55,3,44,73,81,2,47,89,130,35"/><U21/><E117/><V96/><F129/><W72/><G35/><T54/><D107/><U45/><E75/><V90/><F24/><W20/><G20/><T28/><D5/><U65/><E126/><V102/><REACH who="2" step="1"/><F90/><REACH who="2" ten="342,196,151,301" step="2"/><W25/><G89/><T12/><D118/><U123/><E123/><V86/><F86/><W10/><G25/><T58/><D110/><U133/><E108/><V53/><F53/><W60/><G55/><T14/><D54/><U22/><E133/><V119/><F119/><W15/><G130/><T120/><D135/><U16/><E97/><V23/><F23/><W132/><G132/><T69/><D120/><U109/><E109/><V61/><AGARI ba="1,1" hai="4,8,13,56,61,66,77,79,88,92,96,98,102,105" machi="61" ten="30,4000,0" yaku="1,1,0,1,54,1,53,0" doraHai="83" doraHaiUra="106" who="2" fromWho="2" sc="342,-11,196,-21,151,53,301,-11" /><INIT seed="6,0,0,0,3,108" ten="331,175,204,290" oya="2" hai0="6,82,48,27,109,78,17,96,77,68,63,52,21" hai1="24,100,47,70,98,83,103,67,15,111,12,105,16" hai2="122,90,44,86,9,130,55,119,37,26,14,13,69" hai3="40,45,116,31,93,117,62,30,92,114,106,25,133"/><V18/><F119/><W51/><G106/><T91/><D109/><U89/><E111/><V74/><F122/><W120/><G120/><T84/><D6/><U29/><E103/><V0/><F74/><W95/><G133/><T71/><D71/><U2/><E2/><V79/><F130/><W134/><G134/><T129/><D129/><U19/><E47/><V75/><F69/><W22/><G114/><T7/><D7/><U76/><E89/><V94/><F0/><W58/><REACH who="3" step="1"/><G30/><REACH who="3" ten="331,175,204,280" step="2"/><T42/><D42/><U59/><E29/><V110/><F110/><W66/><AGARI ba="0,1" hai="22,25,31,40,45,51,58,62,66,92,93,95,116,117" machi="66" ten="30,7900,0" yaku="1,1,2,1,0,1,53,1" doraHai="108" doraHaiUra="23" who="3" fromWho="3" sc="331,-20,175,-20,204,-39,280,89" /><INIT seed="7,0,0,5,0,111" ten="311,155,165,369" oya="3" hai0="123,76,98,55,106,28,39,8,132,83,48,103,113" hai1="71,112,26,101,4,70,45,41,30,127,35,9,97" hai2="5,61,110,63,105,109,77,46,59,14,130,126,15" hai3="50,34,38,75,133,0,17,23,108,49,40,37,27"/><W32/><G75/><T3/><D39/><N who="1" m="21695" /><E112/><V11/><F105/><W7/><G133/><T85/><D123/><U52/><E52/><N who="2" m="34023" /><F110/><W74/><G34/><T68/><D132/><U92/><E92/><V24/><F109/><W16/><G32/><T22/><D68/><U10/><E10/><N who="2" m="4431" /><F130/><W6/><G0/><T114/><D3/><N who="1" m="159" /><E127/><V31/><F77/><W21/><G74/><T135/><D135/><U60/><E60/><V33/><F33/><W134/><G134/><T53/><D8/><U107/><AGARI ba="0,0" hai="26,30,35,70,71,97,101,107" m="159,21695" machi="107" ten="30,2000,0" yaku="33,2" doraHai="111" who="1" fromWho="1" sc="311,-5,155,20,165,-5,369,-10" owari="306,11.0,175,-22.0,160,-34.0,359,45.0" /></mjloggm>