<mjloggm ver="2.3"><GO type="169" lobby="0"/><UN n0="%E3%83%96%E3%83%AB%E3%83%96%E3%83%AB%E3%83%8F%E3%83%BC%E3%83%84" n1="%E3%82%B7%E3%83%AD%E3%82%AF%E3%83%AD" n2="%74%6F%6E%6E%75%72%61" n3="%E3%83%88%E3%83%88%E3%83%AA%E5%85%88%E7%94%9F%31%39%E6%AD%B3" dan="18,16,17,18" rate="2237.66,2111.72,2149.81,2209.61" sx="M,M,M,F"/><TAIKYOKU oya="0"/><INIT seed="0,0,0,2,5,54" ten="250,250,250,250" oya="0" hai0="57,100,103,97,4,123,129,116,120,119,52,93,14" hai1="106,36,13,18,9,68,109,70,17,126,115,16,23" hai2="108,95,122,111,107,130,3,27,133,77,25,66,55" hai3="80,132,73,5,64,29,128,71,63,87,92,112,85"/><T113/><D113/><U19/><E109/><N who="2" m="42059" /><F107/><W135/><G112/><T102/><D129/><U28/><E115/><V88/><F122/><W48/><G128/><T22/><D120/><U105/><E36/><V110/><F3/><W41/><G29/><T72/><D72/><U7/><E126/><V42/><F130/><W101/><G5/><T96/><D123/><U61/><E28/><V83/><F133/><W43/><G73/><T33/><D33/><U131/><E131/><V94/><F66/><W127/><G127/><T8/><D22/><U65/><REACH who="1" step="1"/><E70/><REACH who="1" ten="250,240,250,250" step="2"/><V51/><F110/><W79/><G71/><T6/><D116/><U58/><E58/><N who="2" m="33151" /><F42/><W60/><G41/><T47/><D119/><U99/><E99/><N who="2" m="57799" /><F95/><W1/><G43/><T69/><D69/><U91/><E91/><V98/><F98/><W125/><G92/><N who="0" m="58375" /><D102/><U2/><AGARI ba="0,1" hai="2,7,9,13,16,17,18,19,23,61,65,68,105,106" machi="2" ten="30,4000,0" yaku="1,1,0,1,54,1,53,0" doraHai="54" doraHaiUra="82" who="1" fromWho="1" sc="250,-20,240,50,250,-10,250,-10" /><INIT seed="1,0,0,3,5,47" ten="230,290,240,240" oya="1" hai0="80,10,36,87,31,46,44,128,35,22,21,121,126" hai1="23,85,66,65,117,70,127,94,9,20,54,5,108" hai2="63,53,1,2,104,13,64,43,16,88,58,96,124" hai3="116,113,11,50,120,67,18,33,115,109,59,112,135"/><U40/><E117/><V86/><F124/><W49/><G33/><T77/><D35/><U75/><E75/><V55/><F43/><W57/><G18/><T123/><D126/><U106/><E106/><V12/><F12/><W3/><G11/><T76/><D128/><U17/><E127/><V51/><F55/><N who="3" m="31983" /><G3/><T19/><D31/><U8/><E70/><V61/><F61/><N who="3" m="38335" /><G120/><T26/><D10/><U91/><E40/><V29/><F29/><W15/><G15/><T71/><D71/><U56/><E108/><V125/><F125/><W28/><G28/><T122/><D36/><U37/><E37/><V41/><F41/><W105/><G105/><T95/><D22/><U107/><E107/><V97/><F2/><W0/><G0/><T38/><D38/><U93/><E93/><N who="2" m="54423" /><F1/><W92/><G92/><T25/><D25/><N who="1" m="14479" /><E23/><N who="2" m="11663" /><F104/><W48/><G109/><T118/><D121/><U79/><E79/><V42/><F42/><W111/><G111/><T83/><D122/><U101/><E5/><V4/><F4/><W60/><G116/><T134/><D118/><U102/><E8/><V103/><F103/><N who="1" m="39433" /><E9/><V81/><F81/><W119/><G119/><T62/><D123/><U45/><E45/><AGARI ba="0,0" hai="45,51,53,58,63,64,96,97" m="11663,54423" machi="45" ten="30,7700,0" yaku="8,1,52,1,54,2" doraHai="47" who="2" fromWho="1" sc="230,0,290,-77,240,77,240,0" /><INIT seed="2,0,0,4,3,55" ten="230,213,317,240" oya="2" hai0="0,8,86,111,49,38,11,36,51,2,56,69,66" hai1="39,128,10,48,7,46,15,61,77,3,42,21,100" hai2="122,97,94,20,29,63,120,89,14,23,13,27,117" hai3="4,73,79,43,40,58,62,74,110,134,47,121,129"/><V91/><F117/><W127/><G121/><T1/><D111/><U59/><E128/><V118/><F118/><W108/><G129/><T30/><D30/><U53/><E100/><V119/><F119/><W125/><G4/><T25/><D25/><U85/><E21/><V103/><F120/><W101/><G101/><T80/><D69/><U98/><E98/><V131/><F131/><W99/><G99/><T124/><D124/><N who="3" m="47689" /><G79/><T102/><D102/><U44/><E3/><V130/><F122/><W12/><G12/><N who="2" m="4713" /><F23/><W26/><G26/><T5/><D1/><U54/><E77/><V87/><F130/><W75/><G134/><T18/><D18/><U106/><REACH who="1" step="1"/><E85/><REACH who="1" ten="230,203,317,240" step="2"/><V83/><F103/><W57/><G110/><T64/><D86/><U82/><E82/><V24/><F24/><W84/><G84/><T34/><D80/><U45/><E45/><V71/><F83/><W81/><G108/><T96/><D96/><U68/><E68/><V16/><F71/><W65/><G81/><T133/><D0/><U17/><E17/><V90/><F87/><W116/><G116/><T37/><D2/><U9/><E9/><V72/><F29/><W115/><G47/><T123/><D11/><U52/><E52/><V113/><F16/><W104/><G104/><AGARI ba="0,1" hai="7,10,15,39,42,44,46,48,53,54,59,61,104,106" machi="104" ten="40,5200,0" yaku="1,1,52,1,53,1" doraHai="55" doraHaiUra="70" who="1" fromWho="3" sc="230,0,203,62,317,0,240,-52" /><INIT seed="3,0,0,1,0,37" ten="230,265,317,188" oya="3" hai0="33,103,45,43,4,36,1,75,95,112,29,34,105" hai1="135,126,82,10,50,25,70,110,16,125,3,96,69" hai2="83,84,116,22,74,9,35,20,107,44,67,109,114" hai3="66,8,46,2,76,78,56,13,23,31,104,30,58"/><W39/><G104/><T19/><D95/><U129/><E110/><V92/><F114/><W94/><G2/><T131/><D19/><U108/><E108/><V79/><F116/><W38/><G94/><T71/><D112/><U14/><E129/><V55/><F35/><W59/><G66/><T57/><D57/><U6/><E135/><V54/><F67/><W64/><G64/><T128/><D71/><U49/><E96/><V68/><F68/><W99/><G99/><N who="0" m="61695" /><D75/><U81/><E25/><V86/><F74/><W118/><G118/><T11/><D29/><U27/><E27/><V121/><F121/><W73/><G23/><T115/><D115/><U98/><E98/><V134/><F134/><W48/><G38/><T0/><D1/><U53/><E69/><V100/><F9/><W122/><G39/><T97/><D97/><U32/><E32/><AGARI ba="0,0" hai="0,4,11,32,33,34,36,43,45,128,131" m="61695" machi="32" ten="30,2000,0" yaku="23,1,52,1" doraHai="37" who="0" fromWho="1" sc="230,20,265,-20,317,0,188,0" /><INIT seed="4,0,0,3,5,10" ten="250,245,317,188" oya="0" hai0="53,122,60,95,90,62,57,28,103,34,116,111,3" hai1="4,118,56,73,89,117,50,1,106,35,52,120,104" hai2="67,74,100,83,48,17,124,64,44,20,87,22,76" hai3="27,18,6,59,49,55,31,119,68,123,15,47,43"/><T88/><D122/><U16/><E120/><V70/><F124/><W65/><G123/><T5/><D116/><U134/><E73/><V109/><F109/><W26/><G119/><T114/><D114/><U102/><E35/><V130/><F130/><W32/><G6/><T9/><D111/><U86/><E134/><V40/><F100/><W127/><G127/><T79/><D79/><U21/><E104/><V23/><F70/><W51/><G26/><T66/><D28/><U135/><E135/><V128/><F74/><W133/><G133/><T12/><D34/><U78/><E78/><V93/><F93/><W36/><G65/><N who="2" m="25161" /><F128/><W72/><G68/><T97/><REACH who="0" step="1"/><D3/><REACH who="0" ten="240,245,317,188" step="2"/><U37/><E117/><V29/><F29/><W63/><REACH who="3" step="1"/><G72/><REACH who="3" ten="240,245,317,178" step="2"/><T25/><D25/><AGARI ba="0,2" hai="17,20,22,23,25,40,44,48,76,83,87" m="25161" machi="25" ten="30,1000,0" yaku="8,1" doraHai="10" who="2" fromWho="0" sc="240,-10,245,0,317,30,178,0" /><INIT seed="5,0,0,4,2,32" ten="230,245,347,178" oya="1" hai0="28,68,125,16,17,3,101,64,8,23,26,15,114" hai1="87,110,85,18,7,76,105,131,109,31,1,123,88" hai2="42,4,112,79,111,55,74,71,118,9,94,98,92" hai3="44,6,50,126,62,82,36,122,34,11,48,20,10"/><U54/><E123/><V77/><F111/><N who="1" m="42505" /><E131/><V45/><F118/><W133/><G122/><T37/><D37/><U86/><E105/><V49/><F71/><W99/><G34/><T104/><D114/><U56/><E31/><V41/><F94/><W103/><G133/><T51/><D125/><U84/><E18/><V2/><F112/><W90/><G126/><T113/><D113/><U130/><E76/><V53/><F53/><W27/><G62/><T83/><D64/><U40/><E40/><V127/><F127/><W81/><G36/><T33/><D68/><U35/><E35/><V119/><F119/><W97/><G10/><T75/><D51/><N who="1" m="30815" /><E130/><V30/><F30/><W106/><G50/><T38/><D38/><U39/><E39/><V78/><REACH who="2" step="1"/><F74/><REACH who="2" ten="230,245,337,178" step="2"/><W121/><G121/><T116/><D116/><U128/><E128/><V61/><F61/><W66/><G66/><T95/><D104/><U134/><E134/><V67/><F67/><W132/><G132/><T70/><D75/><U69/><E69/><V73/><F73/><W63/><G63/><T14/><D70/><U117/><E117/><V89/><AGARI ba="0,1" hai="2,4,9,41,42,45,49,55,77,78,79,89,92,98" machi="89" ten="30,4000,0" yaku="1,1,0,1,52,1,53,0" doraHai="32" doraHaiUra="80" who="2" fromWho="2" sc="230,-10,245,-20,337,50,178,-10" /><INIT seed="6,0,0,2,1,84" ten="220,225,387,168" oya="2" hai0="107,77,46,123,11,58,134,125,34,110,0,96,22" hai1="100,68,128,31,111,112,16,40,13,117,133,30,43" hai2="119,6,101,108,69,122,95,73,131,97,65,3,103" hai3="80,26,74,47,79,86,130,38,37,132,25,94,70"/><V129/><F122/><W92/><G70/><T90/><D34/><U72/><E117/><V10/><F73/><W48/><G130/><N who="2" m="49673" /><F119/><W120/><G120/><T126/><D77/><U19/><E111/><V24/><F108/><W121/><G121/><T124/><D123/><U2/><E133/><V5/><F5/><W78/><G132/><T20/><D110/><U42/><E68/><V64/><F101/><W91/><G78/><T98/><D98/><U32/><E2/><V76/><F76/><W83/><G83/><T99/><D99/><U60/><E72/><V52/><F24/><W85/><G37/><T39/><D58/><U21/><E32/><V57/><F69/><W51/><G38/><T81/><D107/><U12/><E112/><V7/><F7/><W44/><G92/><N who="0" m="56343" /><D81/><U75/><E75/><V15/><F3/><W113/><G74/><T45/><D134/><U82/><E82/><V49/><AGARI ba="0,0" hai="6,10,15,49,52,57,64,65,95,97,103" m="49673" machi="49" ten="30,3000,0" yaku="19,1,54,1" doraHai="84" who="2" fromWho="2" sc="220,-10,225,-10,387,30,168,-10" /><INIT seed="6,1,0,1,1,96" ten="210,215,417,158" oya="2" hai0="17,11,126,131,83,25,37,101,120,29,125,8,116" hai1="103,72,19,74,80,112,13,114,73,50,6,122,111" hai2="32,128,92,99,51,69,7,48,106,60,134,107,36" hai3="117,63,61,22,47,89,77,18,129,75,0,14,118"/><V39/><F32/><W41/><G0/><T76/><D120/><U1/><E111/><V45/><F7/><W135/><G129/><T86/><D37/><U27/><E122/><V127/><F128/><W2/><G2/><T46/><D131/><U24/><E80/><V98/><F60/><W110/><G110/><T34/><D116/><U100/><E50/><V4/><F4/><W124/><G135/><T66/><D46/><U121/><E6/><V104/><F69/><W35/><G35/><T5/><D66/><U10/><E1/><V87/><F87/><W91/><G124/><N who="0" m="47723" /><D5/><U119/><E119/><V33/><F33/><W21/><G117/><T59/><D59/><U108/><E108/><V133/><F127/><W93/><G118/><T88/><D101/><N who="1" m="38987" /><E121/><V64/><F39/><W31/><G75/><N who="0" m="43423" /><D17/><U68/><E68/><V52/><F36/><W53/><G18/><T9/><D11/><U67/><E67/><V97/><F64/><W78/><G53/><T102/><D102/><U62/><E62/><V12/><F51/><N who="3" m="27119" /><G63/><T30/><D30/><U85/><E85/><V20/><F48/><W113/><G61/><T42/><D42/><U109/><E109/><V43/><F43/><W90/><G31/><T55/><D55/><U38/><E38/><V115/><F52/><W58/><G58/><T26/><D29/><U70/><E70/><V56/><F56/><W81/><G81/><N who="0" m="49231" /><D34/><U105/><E105/><V132/><F106/><W40/><G40/><T94/><D94/><U82/><E82/><V49/><F107/><W71/><G93/><T23/><D23/><RYUUKYOKU ba="1,0" sc="210,15,215,15,417,-15,158,-15" hai0="8,9,25,26" hai1="10,13,19,24,27,72,73,74,112,114" /><INIT seed="7,2,0,1,3,130" ten="225,230,402,143" oya="3" hai0="16,28,11,88,36,121,39,58,126,114,13,108,117" hai1="25,48,103,2,82,56,8,70,98,10,90,97,120" hai2="89,37,87,65,94,96,66,42,116,83,27,4,124" hai3="134,15,3,33,14,53,55,34,1,80,86,115,29"/><W30/><G86/><T61/><D108/><U51/><E70/><V43/><F116/><W22/><G80/><T46/><D117/><U85/><E120/><V19/><F4/><W35/><G115/><T105/><D121/><U92/><E98/><V102/><F124/><W26/><G53/><T75/><D105/><U49/><E2/><N who="3" m="522" /><G55/><T52/><D75/><U6/><E6/><V0/><F0/><W67/><G67/><N who="2" m="25609" /><F37/><W76/><G76/><T47/><D126/><U72/><E72/><V44/><F44/><N who="0" m="16938" /><D36/><U129/><E129/><V91/><F91/><W20/><G134/><T128/><D39/><U63/><E25/><AGARI ba="2,0" hai="14,15,20,22,25,26,29,30,33,34,35" m="522" machi="25" ten="40,12000,1" yaku="35,5" doraHai="130" who="3" fromWho="1" sc="225,0,230,-126,402,0,143,126" /><INIT seed="7,3,0,2,5,28" ten="225,104,402,269" oya="3" hai0="22,63,100,36,8,47,30,33,122,69,80,50,12" hai1="133,135,113,108,94,88,76,7,97,123,62,73,124" hai2="120,16,109,52,45,126,96,127,44,72,58,118,115" hai3="55,31,37,2,24,60,86,101,68,56,83,85,9"/><W13/><G37/><T11/><D122/><U84/><E7/><V15/><F109/><W119/><G119/><T107/><D36/><U91/><E62/><N who="2" m="36167" /><F72/><W111/><G111/><T95/><D107/><U6/><E6/><V46/><F118/><W26/><G2/><T87/><D33/><U103/><E108/><V104/><F115/><W98/><G68/><T43/><D69/><U54/><E54/><V77/><F77/><W112/><G112/><T82/><D63/><U18/><E18/><V74/><F74/><W92/><G31/><T23/><D80/><U20/><E20/><N who="2" m="11295" /><F104/><W128/><G128/><T99/><D30/><U65/><E65/><V32/><F32/><W105/><G105/><T3/><D3/><U1/><E113/><V34/><F34/><W61/><G61/><T35/><D35/><U75/><E1/><V10/><F10/><W0/><G0/><T129/><D8/><U117/><E123/><V110/><F110/><W78/><G9/><T42/><D42/><U66/><E66/><V25/><F120/><W48/><G60/><T5/><D129/><U134/><E117/><V17/><F96/><W116/><G98/><T125/><D125/><U51/><E124/><V39/><F39/><W70/><G70/><T79/><AGARI ba="3,0" hai="5,11,12,22,23,43,47,50,79,82,87,95,99,100" machi="79" ten="20,8000,1" yaku="0,1,7,1,25,2,8,1" doraHai="28" who="0" fromWho="0" sc="225,89,104,-23,402,-23,269,-43" owari="314,11.0,81,-42.0,379,48.0,226,-17.0" /></mjloggm>