<mjloggm ver="2.3"><GO type="169" lobby="0"/><UN n0="%E3%82%A6%E3%83%AB%E3%83%88%E3%83%A9%E7%AB%8B%E7%9B%B4" n1="%7A%68%6B%64%73%68%67%79" n2="%37%66%75%6B%75%6A%69%6E" n3="%68%72%6B%69%6E%67" dan="17,16,16,16" rate="2184.29,2141.13,2046.22,2162.54" sx="M,F,M,M"/><TAIKYOKU oya="0"/><INIT seed="0,0,0,0,4,115" ten="250,250,250,250" oya="0" hai0="118,79,91,64,120,116,68,28,13,6,104,12,24" hai1="20,102,94,23,111,30,2,59,5,56,77,76,72" hai2="31,54,93,11,60,89,97,66,71,112,92,67,130" hai3="18,132,44,40,82,127,100,17,55,95,42,9,32"/><T48/><D79/><U3/><E111/><V125/><F112/><W47/><G32/><T134/><D120/><U61/><E72/><V65/><F130/><W87/><G127/><T107/><D134/><U74/><E74/><V34/><F125/><W75/><G75/><T36/><D36/><U133/><E133/><V113/><F113/><W122/><G122/><T46/><D68/><U135/><E135/><V19/><F54/><W99/><G132/><T21/><D64/><U105/><E105/><V57/><F71/><W0/><G0/><T69/><D69/><U25/><E23/><V109/><F109/><W98/><G98/><T1/><D1/><U96/><E59/><V45/><F45/><W117/><G117/><T49/><D49/><U114/><E114/><V85/><F31/><W62/><G44/><T27/><D91/><U83/><E83/><V50/><F50/><W41/><G9/><T52/><D107/><U26/><E26/><V29/><F29/><W121/><G121/><T78/><D104/><U58/><E58/><V106/><F34/><W88/><G47/><T53/><D78/><U73/><E73/><V63/><F63/><W101/><G101/><T124/><D124/><U84/><E84/><V103/><F106/><W110/><G110/><T86/><D86/><U15/><E3/><V119/><F119/><N who="0" m="45610" /><D27/><U7/><E2/><V129/><F129/><W8/><G8/><N who="0" m="4119" /><D13/><AGARI ba="0,0" hai="11,13,19,57,60,65,66,67,85,89,92,93,97,103" machi="13" ten="40,1300,0" yaku="8,1" doraHai="115" who="2" fromWho="0" sc="250,-13,250,0,250,13,250,0" /><INIT seed="1,0,0,1,2,119" ten="237,250,263,250" oya="1" hai0="66,7,102,96,15,87,89,86,94,125,59,116,91" hai1="42,27,110,38,25,61,55,106,43,92,82,81,40" hai2="109,64,79,0,51,31,23,99,72,90,48,112,63" hai3="73,117,97,13,26,6,2,126,69,83,67,135,131"/><U70/><E106/><V53/><F109/><W18/><G117/><T36/><D36/><U75/><E38/><V47/><F0/><W44/><G126/><T107/><D125/><U120/><E120/><V57/><F112/><W9/><G135/><T50/><D116/><U8/><E110/><V76/><F72/><W133/><G133/><T85/><D107/><U127/><E127/><V58/><F99/><W104/><G131/><T98/><D98/><U128/><E128/><V114/><F90/><W84/><G73/><T24/><D24/><U68/><E92/><V113/><F113/><W62/><G44/><T21/><D21/><U122/><E122/><V101/><F101/><W88/><G26/><T108/><D108/><U105/><E105/><V10/><F10/><W5/><REACH who="3" step="1"/><G2/><REACH who="3" ten="237,250,263,240" step="2"/><T118/><D118/><U35/><E27/><N who="2" m="16895" /><F114/><W60/><G60/><N who="0" m="38175" /><D50/><U14/><E75/><V1/><F1/><W56/><G56/><T39/><D39/><U19/><E68/><V111/><F111/><W3/><G3/><T93/><D93/><U130/><E130/><V17/><F17/><W95/><G95/><T71/><D71/><U29/><E70/><V65/><F65/><W12/><G12/><T100/><D100/><AGARI ba="0,1" hai="5,6,9,13,18,62,67,69,83,84,88,97,100,104" machi="100" ten="40,2600,0" yaku="1,1,54,1,53,0" doraHai="119" doraHaiUra="30" who="3" fromWho="0" sc="237,-26,250,0,263,0,240,36" /><INIT seed="2,0,0,4,4,52" ten="211,250,263,276" oya="2" hai0="57,91,24,86,109,29,28,15,133,14,92,71,39" hai1="108,112,51,21,48,7,104,127,82,132,58,56,85" hai2="17,25,62,110,105,69,73,27,123,118,81,111,124" hai3="87,70,106,126,96,102,0,45,37,59,5,79,11"/><V116/><F123/><W64/><G126/><T26/><D71/><U33/><E112/><V119/><F124/><W117/><G117/><T101/><D39/><U12/><E127/><V32/><F17/><W115/><G115/><T95/><D109/><N who="2" m="41482" /><F105/><W93/><G70/><T8/><D133/><U53/><E108/><V18/><F18/><W54/><G64/><T47/><D47/><U22/><E104/><V100/><F100/><W99/><G87/><T98/><D57/><U107/><E107/><V74/><F32/><W120/><G79/><T129/><D129/><U84/><E33/><V9/><F9/><W122/><G45/><T41/><D41/><U31/><E132/><V114/><F114/><W16/><G37/><T121/><D121/><U30/><E7/><V103/><F103/><W50/><REACH who="3" step="1"/><G16/><REACH who="3" ten="211,250,263,266" step="2"/><T6/><REACH who="0" step="1"/><D15/><REACH who="0" ten="201,250,263,266" step="2"/><U55/><E12/><V60/><F69/><W68/><G68/><T83/><D83/><AGARI ba="0,2" hai="21,22,30,31,48,51,53,55,56,58,82,83,84,85" machi="83" ten="25,8000,1" yaku="22,2,8,1,52,2" doraHai="52" who="1" fromWho="0" sc="201,-80,250,100,263,0,266,0" /><INIT seed="3,0,0,3,0,127" ten="121,350,263,266" oya="3" hai0="45,102,59,46,18,70,94,104,126,55,79,122,34" hai1="41,26,43,61,109,37,28,84,29,71,115,58,105" hai2="114,108,53,16,60,12,124,93,4,130,65,5,3" hai3="100,123,81,33,120,121,74,90,44,11,116,6,27"/><W98/><G116/><T97/><D122/><U87/><E115/><V107/><F3/><W19/><G44/><T80/><D126/><U69/><E109/><V83/><F107/><W52/><G52/><T49/><D34/><U91/><E105/><V47/><F124/><W8/><G33/><T101/><D70/><U32/><E29/><V24/><F108/><W132/><G132/><T62/><D18/><U112/><E112/><V78/><F24/><W31/><G19/><T88/><D104/><U57/><E58/><V66/><F114/><W25/><G31/><T36/><D36/><U17/><E17/><V73/><F66/><W135/><G135/><T51/><D49/><U89/><E69/><V67/><F67/><W39/><G39/><T30/><D30/><U23/><E71/><V63/><F93/><W106/><G11/><T128/><D128/><U20/><E32/><V118/><F130/><W50/><G50/><T42/><REACH who="0" step="1"/><D46/><REACH who="0" ten="111,350,263,266" step="2"/><U21/><E37/><V76/><F47/><W56/><G56/><T14/><D14/><U113/><E113/><V134/><F134/><W7/><G27/><T111/><D111/><U54/><E26/><V22/><F118/><W96/><G25/><T117/><D117/><U13/><E13/><V64/><F12/><W119/><G119/><T68/><D68/><U129/><E129/><V86/><F16/><W40/><G8/><T133/><D133/><U92/><REACH who="1" step="1"/><E28/><REACH who="1" ten="111,340,263,266" step="2"/><V125/><F125/><W10/><G123/><T72/><AGARI ba="0,2" hai="42,45,51,55,59,62,72,79,80,88,94,97,101,102" machi="72" ten="20,5200,0" yaku="1,1,0,1,7,1,54,1,53,0" doraHai="127" doraHaiUra="2" who="0" fromWho="0" sc="111,72,340,-13,263,-13,266,-26" /><INIT seed="4,0,0,3,1,66" ten="183,327,250,240" oya="0" hai0="114,95,70,3,124,84,7,41,62,59,0,79,23" hai1="54,26,76,90,25,45,87,65,33,68,123,94,109" hai2="18,82,130,115,30,22,43,17,120,116,40,11,57" hai3="29,104,71,89,83,35,121,15,56,37,69,63,42"/><T52/><D114/><U133/><E123/><V12/><F120/><W80/><G104/><T85/><D124/><U55/><E109/><V46/><F116/><W28/><G121/><T112/><D112/><U67/><E133/><V93/><F130/><W8/><G42/><T74/><D7/><U5/><E5/><V64/><F30/><W19/><G37/><T122/><D122/><U78/><E33/><V34/><F34/><W119/><G119/><T110/><D110/><U61/><E67/><V88/><F82/><W131/><G131/><T81/><D41/><U108/><E108/><V86/><F46/><W9/><G9/><T98/><D70/><U92/><E92/><V96/><F86/><W105/><G105/><T77/><D23/><U50/><REACH who="1" step="1"/><E54/><REACH who="1" ten="183,317,250,240" step="2"/><V20/><F115/><W100/><G35/><T49/><D62/><U2/><E2/><V132/><F132/><W53/><G80/><T106/><D106/><U128/><E128/><V101/><F64/><W134/><G134/><T102/><REACH who="0" step="1"/><D77/><AGARI ba="0,1" hai="25,26,45,50,55,61,65,68,76,77,78,87,90,94" machi="77" ten="40,8000,1" yaku="1,1,52,1,53,2" doraHai="66" doraHaiUra="21" who="1" fromWho="0" sc="183,-80,317,90,250,0,240,0" /><INIT seed="5,0,0,3,3,43" ten="103,407,250,240" oya="1" hai0="87,42,106,52,111,90,134,22,99,68,23,81,9" hai1="108,40,19,104,123,131,26,41,17,62,98,101,15" hai2="13,51,0,36,127,38,79,102,6,95,92,128,37" hai3="76,5,27,115,21,114,69,122,14,119,135,35,125"/><U54/><E123/><V133/><F127/><W65/><G122/><T28/><D111/><U113/><E108/><V50/><F128/><W47/><G125/><T49/><D134/><U8/><E131/><V86/><F0/><W63/><G35/><T57/><D68/><U120/><E120/><V130/><F133/><W93/><G135/><T73/><D28/><U20/><E113/><V109/><F109/><W29/><G76/><T16/><D73/><U34/><E34/><V118/><F118/><W31/><G31/><T96/><D42/><U60/><E60/><V129/><F102/><W77/><G77/><T91/><D106/><U53/><E53/><V132/><F132/><W88/><G119/><T2/><D2/><U78/><E78/><V7/><F79/><W10/><REACH who="3" step="1"/><G47/><REACH who="3" ten="103,407,250,230" step="2"/><T116/><D116/><U97/><E104/><V85/><F130/><W55/><G55/><T103/><D90/><U67/><E54/><V126/><F126/><W71/><G71/><T94/><REACH who="0" step="1"/><D99/><AGARI ba="0,1" hai="5,10,14,21,27,29,63,65,69,88,93,99,114,115" machi="99" ten="40,5200,0" yaku="1,1,54,1,53,1" doraHai="43" doraHaiUra="18" who="3" fromWho="0" sc="103,-52,407,0,250,0,230,62" /><INIT seed="6,0,0,4,4,8" ten="51,407,250,292" oya="2" hai0="101,50,81,86,22,48,76,82,13,132,17,104,55" hai1="119,90,74,38,30,93,5,20,134,64,39,125,135" hai2="53,47,3,109,52,69,60,89,49,77,25,117,131" hai3="41,83,99,54,46,133,123,18,73,87,75,107,34"/><V96/><F117/><W57/><G34/><T129/><D129/><U16/><E119/><V105/><F3/><W91/><G123/><T19/><D132/><N who="1" m="50731" /><E125/><V92/><F109/><W84/><G133/><T121/><D121/><U6/><E74/><V4/><F4/><N who="1" m="1641" /><E64/><V100/><F131/><W88/><G99/><T31/><D31/><U45/><E30/><V115/><F115/><W58/><G107/><T9/><D104/><U126/><E45/><V62/><F77/><W111/><G111/><T120/><D120/><U122/><E126/><V85/><F69/><W124/><G124/><T14/><D101/><U27/><E122/><V79/><F25/><W127/><G127/><T68/><D68/><U113/><E113/><V7/><F7/><W28/><G28/><T114/><D114/><U78/><E78/><V24/><F24/><W98/><G98/><AGARI ba="0,0" hai="16,20,27,38,39,90,93,98" m="1641,50731" machi="98" ten="30,2000,0" yaku="20,1,54,1" doraHai="8" who="1" fromWho="3" sc="51,0,407,20,250,0,292,-20" /><INIT seed="7,0,0,3,2,13" ten="51,427,250,272" oya="3" hai0="8,131,48,9,42,14,109,103,122,74,104,65,43" hai1="38,113,7,112,66,60,44,128,118,91,51,115,95" hai2="1,80,135,18,53,99,24,52,23,89,106,117,32" hai3="84,29,126,58,134,81,26,4,119,37,22,100,129"/><W45/><G119/><T78/><D48/><U94/><E118/><V39/><F117/><W96/><G126/><T76/><D14/><U2/><E128/><V11/><F39/><W62/><G129/><T47/><D131/><U55/><E38/><V36/><F36/><W127/><G127/><T125/><D125/><U46/><E44/><V132/><F32/><W12/><G134/><N who="2" m="51241" /><F80/><W40/><G4/><T41/><D47/><U69/><E91/><V27/><F27/><W116/><G116/><T98/><D109/><U10/><AGARI ba="0,0" hai="2,7,10,46,51,55,60,66,69,94,95,112,113,115" machi="10" ten="40,2700,0" yaku="0,1,15,1" doraHai="13" who="1" fromWho="1" sc="51,-7,427,27,250,-7,272,-13" owari="44,-46.0,454,56.0,243,-16.0,259,6.0" /></mjloggm>