<mjloggm ver="2.3"><GO type="169" lobby="0"/><UN n0="%E8%82%89%E2%98%86%E6%A3%92%E5%A4%AA%E9%83%8E" n1="%E3%82%A6%E3%83%AB%E3%83%88%E3%83%A9%E7%AB%8B%E7%9B%B4" n2="%79%75%2D%2D%2D%2D%2D%75" n3="%E8%B3%A2%E8%80%85%E3%81%AC%E3%81%93" dan="16,17,17,16" rate="2090.94,2189.20,2196.97,2043.81" sx="M,M,M,F"/><TAIKYOKU oya="0"/><INIT seed="0,0,0,2,3,23" ten="250,250,250,250" oya="0" hai0="77,69,113,16,37,43,47,135,70,118,2,105,109" hai1="119,86,132,46,95,32,106,97,134,131,104,74,111" hai2="129,33,4,80,40,125,93,72,60,76,98,42,14" hai3="82,18,103,58,55,39,102,15,130,6,7,88,8"/><T117/><D105/><N who="1" m="40555" /><E46/><V51/><F33/><W11/><G39/><T24/><D2/><U36/><E36/><V64/><F125/><W5/><G11/><T123/><D123/><U50/><E50/><V26/><F129/><W85/><REACH who="3" step="1"/><G130/><REACH who="3" ten="250,250,250,240" step="2"/><T25/><D113/><U90/><E131/><V89/><F4/><W110/><G110/><T92/><D109/><U38/><E38/><V9/><F9/><W48/><AGARI ba="0,1" hai="5,6,7,8,15,18,48,55,58,82,85,88,102,103" machi="48" ten="30,7900,0" yaku="1,1,0,1,8,1,54,1,53,0" doraHai="23" doraHaiUra="68" who="3" fromWho="3" sc="250,-39,250,-20,250,-20,240,89" /><INIT seed="1,0,0,1,5,83" ten="211,230,230,329" oya="1" hai0="40,133,66,58,113,111,8,23,36,118,65,107,106" hai1="94,134,122,34,22,63,47,9,0,29,15,82,25" hai2="56,100,39,61,69,104,19,123,72,109,28,92,80" hai3="46,43,17,74,14,54,87,67,38,42,99,16,105"/><U62/><E134/><V71/><F39/><W117/><G74/><T91/><D118/><U53/><E122/><V128/><F104/><W97/><G117/><T48/><D113/><U31/><E31/><V115/><F28/><W26/><G67/><T5/><D133/><U103/><E82/><V78/><F109/><W18/><G105/><T68/><D111/><U21/><E21/><V6/><F6/><W102/><G102/><T110/><D110/><U24/><E24/><V2/><F2/><W98/><G26/><T120/><D120/><U121/><E121/><V89/><F100/><W129/><G129/><T88/><D23/><U12/><E12/><V119/><F119/><W13/><G43/><T90/><D68/><U95/><E0/><V96/><F128/><W108/><G54/><T131/><D131/><U11/><E11/><V124/><F124/><W50/><G38/><T7/><D36/><U37/><E34/><V76/><F76/><W116/><G116/><T60/><D66/><U84/><E95/><V35/><F35/><W73/><G73/><T85/><D107/><U52/><E37/><V132/><F115/><W33/><G33/><T79/><D106/><U130/><E130/><V93/><F93/><W101/><G101/><T57/><D8/><U45/><E53/><N who="2" m="33935" /><F132/><W64/><G64/><T10/><D10/><U44/><E52/><V55/><F55/><W126/><G126/><T3/><D3/><U32/><E32/><V1/><F123/><W27/><G108/><T49/><D7/><N who="1" m="3519" /><E103/><V30/><F1/><W59/><G42/><T114/><D114/><RYUUKYOKU ba="0,0" sc="211,-10,230,30,230,-10,329,-10" hai1="22,25,29,44,45,47,62,63,84,94" /><INIT seed="1,1,0,4,5,23" ten="201,260,220,319" oya="1" hai0="6,48,116,65,72,114,0,19,14,5,88,125,95" hai1="87,118,129,123,34,130,78,107,103,83,122,3,101" hai2="41,16,63,54,99,93,25,86,105,89,108,10,15" hai3="66,74,39,43,13,109,38,24,71,96,100,49,135"/><U120/><E3/><V132/><F108/><W92/><G109/><T18/><D72/><U69/><E69/><V33/><F132/><W30/><G74/><T124/><D116/><U12/><E34/><V2/><F41/><W113/><G113/><T127/><D114/><U27/><E12/><V36/><F36/><W117/><G117/><T97/><D65/><U60/><E60/><V80/><F105/><W75/><G75/><T131/><D131/><N who="1" m="50187" /><E27/><V112/><F112/><W22/><G135/><T94/><D0/><U111/><E118/><V110/><F110/><W102/><G102/><N who="1" m="38922" /><E111/><V82/><F2/><W59/><G71/><T79/><D48/><U85/><E85/><V28/><REACH who="2" step="1"/><F86/><REACH who="2" ten="201,260,210,319" step="2"/><W46/><G46/><T133/><BYE who="3" /><D133/><U90/><E107/><V45/><F45/><W4/><G4/><T84/><D6/><U8/><E8/><V128/><F128/><W115/><G115/><T26/><D5/><UN n3="%E8%B3%A2%E8%80%85%E3%81%AC%E3%81%93" /><U104/><E104/><V53/><F53/><W1/><G1/><T32/><D127/><U20/><E20/><V42/><F42/><W62/><G39/><T35/><D84/><U44/><E44/><V51/><F51/><W64/><G38/><T58/><D125/><U21/><E21/><V67/><F67/><W50/><G64/><T121/><D124/><U77/><AGARI ba="1,1" hai="77,78,83,87,90,120,122,123" m="38922,50187" machi="77" ten="40,7800,0" yaku="19,1,34,2" doraHai="23" who="1" fromWho="1" sc="201,-27,260,91,210,-27,319,-27" /><INIT seed="1,2,0,2,2,87" ten="174,351,183,292" oya="1" hai0="93,58,105,111,102,132,72,66,84,44,57,34,110" hai1="127,128,77,30,11,123,82,52,47,55,75,24,2" hai2="18,126,71,106,54,9,135,121,104,21,134,70,115" hai3="81,1,120,91,95,32,117,101,6,13,17,3,74"/><U112/><E112/><V124/><F121/><W69/><G120/><T89/><D34/><U7/><E123/><V78/><F78/><W51/><G69/><N who="2" m="26121" /><F9/><W125/><G125/><N who="2" m="48233" /><F115/><W133/><G32/><T20/><D44/><U80/><E127/><V35/><F54/><W68/><G74/><T10/><D132/><N who="2" m="50730" /><F35/><W100/><G133/><T90/><D10/><U12/><E2/><V38/><F38/><W130/><G1/><T59/><D72/><U40/><E55/><V99/><F99/><W108/><G3/><T27/><D105/><U49/><E52/><V50/><F50/><W26/><G51/><T15/><D15/><AGARI ba="2,0" hai="15,18,21,104,106" m="50730,48233,26121" machi="15" ten="40,2600,0" yaku="18,1,20,1" doraHai="87" who="2" fromWho="0" sc="174,-32,351,0,183,32,292,0" /><INIT seed="2,0,0,3,1,130" ten="142,351,215,292" oya="2" hai0="126,44,129,17,31,9,120,4,135,54,23,15,12" hai1="28,112,78,62,29,79,32,77,96,64,86,63,42" hai2="40,89,48,119,131,128,87,84,6,0,85,24,99" hai3="58,43,74,93,105,55,21,127,57,109,116,88,45"/><V102/><F119/><W52/><G116/><T46/><D120/><U80/><E112/><V19/><F0/><W18/><G105/><T7/><D129/><N who="2" m="49738" /><F6/><N who="0" m="2090" /><D54/><N who="3" m="20521" /><G74/><T72/><D72/><U70/><E42/><V22/><F40/><W25/><G109/><T94/><D94/><U123/><E123/><V81/><F48/><N who="3" m="26687" /><G127/><T60/><D60/><U20/><E63/><V95/><AGARI ba="0,0" hai="19,22,24,81,84,85,87,89,95,99,102" m="49738" machi="95" ten="30,1500,0" yaku="19,1" doraHai="130" who="2" fromWho="2" sc="142,-5,351,-5,215,15,292,-5" /><INIT seed="2,1,0,4,5,84" ten="137,346,230,287" oya="2" hai0="45,56,105,73,10,128,92,115,80,8,23,75,94" hai1="133,36,107,131,91,132,12,72,71,117,53,122,39" hai2="124,135,2,58,5,20,99,119,32,18,24,100,102" hai3="96,19,116,41,26,43,67,51,130,109,25,82,52"/><V68/><F119/><W129/><G116/><T42/><D105/><U78/><E12/><V101/><F68/><W111/><G67/><T65/><D115/><U35/><E53/><V27/><F124/><W127/><G127/><T31/><D128/><N who="3" m="49257" /><G96/><T57/><D80/><U61/><E61/><V22/><F135/><W28/><G19/><T98/><D94/><U34/><E78/><V69/><F32/><N who="3" m="20495" /><G82/><T79/><D75/><U0/><E35/><V33/><F33/><W47/><G26/><N who="0" m="16863" /><D79/><U11/><E91/><V134/><F69/><W38/><G41/><T97/><D73/><U93/><E93/><V6/><F134/><W30/><G30/><T63/><D98/><U120/><E120/><V123/><F123/><W81/><G81/><T118/><D57/><AGARI ba="1,0" hai="38,43,47,51,52,57,109,111" m="20495,49257" machi="57" ten="30,2000,0" yaku="19,1,54,1" doraHai="84" who="3" fromWho="0" sc="137,-23,346,0,230,0,287,23" /><INIT seed="3,0,0,1,0,83" ten="114,346,230,310" oya="3" hai0="35,91,26,84,132,41,107,15,44,70,74,40,16" hai1="75,67,42,111,61,72,134,87,96,115,118,48,85" hai2="54,71,92,94,14,66,36,55,13,18,82,29,127" hai3="21,99,117,81,109,51,120,68,121,113,12,25,131"/><W86/><G113/><T89/><D70/><U50/><E115/><V28/><F36/><W7/><G117/><T33/><D74/><U135/><E96/><V102/><F82/><W34/><G68/><T57/><D107/><U124/><E118/><V47/><F71/><W128/><G109/><T1/><D1/><U46/><E111/><V32/><F47/><W11/><G34/><T43/><D132/><N who="1" m="50731" /><E50/><V77/><F77/><N who="3" m="46383" /><G51/><T73/><D91/><U101/><E101/><V17/><F102/><W56/><G99/><T53/><D73/><N who="1" m="28235" /><E124/><V6/><F32/><W90/><G90/><T95/><D44/><U104/><E104/><V59/><F127/><W62/><G62/><T23/><REACH who="0" step="1"/><D26/><REACH who="0" ten="104,346,230,310" step="2"/><U93/><E93/><V27/><F27/><W122/><G122/><T110/><D110/><U49/><E46/><V112/><F112/><W76/><G76/><T116/><D116/><U98/><E42/><V19/><F92/><W106/><G106/><T78/><D78/><U10/><E98/><V119/><F94/><W24/><G24/><T9/><D9/><U3/><E10/><V38/><F119/><W108/><G108/><T63/><AGARI ba="0,1" hai="15,16,23,33,35,40,41,43,53,57,63,84,89,95" machi="63" ten="30,8000,1" yaku="1,1,0,1,52,1,54,1,53,1" doraHai="83" doraHaiUra="80" who="0" fromWho="0" sc="104,90,346,-20,230,-20,310,-40" /><INIT seed="4,0,0,1,4,21" ten="194,326,210,270" oya="0" hai0="96,97,67,81,131,11,71,90,26,36,83,129,101" hai1="49,99,1,74,122,108,133,134,42,22,7,130,125" hai2="86,75,56,115,61,48,105,103,112,92,31,19,123" hai3="106,20,8,2,55,17,73,6,44,24,88,117,40"/><T114/><D36/><U100/><E74/><V41/><F75/><W60/><G117/><T79/><D11/><U89/><E108/><V110/><F110/><W121/><G121/><T80/><D71/><U104/><E122/><V62/><F105/><W50/><G73/><N who="0" m="43119" /><D26/><U13/><E1/><V28/><F123/><W135/><G135/><N who="1" m="51722" /><E89/><N who="2" m="53303" /><F103/><W4/><G4/><T63/><D63/><N who="2" m="24074" /><F19/><W82/><G106/><N who="0" m="63783" /><D67/><U91/><E7/><V98/><F98/><W54/><G60/><T47/><D47/><U32/><E99/><V95/><F95/><W132/><G132/><T107/><D114/><N who="2" m="43562" /><F56/><W58/><G58/><T37/><D37/><U65/><E65/><V33/><F33/><W15/><G2/><T51/><D51/><U34/><E49/><V77/><F77/><W84/><AGARI ba="0,0" hai="6,8,15,17,20,24,40,44,50,54,55,82,84,88" machi="84" ten="30,7900,0" yaku="0,1,8,1,52,1,54,1" doraHai="21" who="3" fromWho="3" sc="194,-39,326,-20,210,-20,270,79" /><INIT seed="5,0,0,4,5,120" ten="155,306,190,349" oya="1" hai0="134,121,35,114,71,105,108,17,117,113,40,79,81" hai1="92,59,47,60,9,43,99,2,119,14,54,56,128" hai2="33,85,70,94,18,53,25,36,132,19,73,126,91" hai3="38,64,62,45,102,0,29,57,131,24,15,51,32"/><U135/><E119/><V4/><F70/><W67/><G0/><T30/><D40/><U112/><E112/><V21/><F36/><W95/><G38/><T129/><D17/><U69/><E128/><V63/><F132/><W104/><G104/><T84/><D30/><U130/><E130/><V13/><F73/><W96/><G15/><T75/><D84/><U49/><E135/><V83/><F126/><W115/><G115/><T22/><D22/><U6/><E69/><V44/><F4/><W118/><G118/><T97/><D97/><U26/><E26/><V80/><F33/><W48/><G131/><T101/><D101/><U76/><E76/><V65/><F65/><W66/><G51/><T37/><D79/><U55/><E2/><V109/><F109/><W90/><G90/><T11/><D81/><U111/><E111/><V20/><F63/><W107/><G107/><T72/><D11/><U46/><REACH who="1" step="1"/><E43/><AGARI ba="0,0" hai="24,29,32,43,45,48,57,62,64,66,67,95,96,102" machi="43" ten="30,1000,0" yaku="7,1" doraHai="120" who="3" fromWho="1" sc="155,0,306,-10,190,0,349,10" /><INIT seed="6,0,0,0,5,37" ten="155,296,190,359" oya="2" hai0="21,17,34,49,103,39,111,90,106,33,57,69,29" hai1="3,79,58,62,123,115,45,133,108,2,31,117,73" hai2="38,46,43,110,125,67,76,11,121,56,131,35,124" hai3="26,23,134,105,127,116,68,47,114,119,130,24,12"/><V8/><F121/><W102/><G68/><T87/><D39/><U94/><E108/><V25/><F110/><W61/><G130/><T129/><D111/><U96/><E117/><V100/><F76/><W135/><G127/><N who="2" m="48713" /><F100/><W77/><G114/><T92/><D129/><U6/><E79/><V32/><F131/><W98/><G77/><T1/><D69/><U30/><E73/><V118/><F118/><W41/><G61/><T63/><D1/><U51/><E115/><V64/><F25/><N who="3" m="9835" /><G12/><N who="0" m="9383" /><D29/><U19/><E30/><V9/><F56/><W132/><G23/><T70/><D63/><U128/><E62/><V16/><F16/><W104/><G104/><T126/><D70/><U88/><E31/><V91/><F91/><W122/><G122/><T71/><D71/><U120/><E88/><V101/><F101/><W36/><AGARI ba="0,0" hai="36,41,47,98,102,105,116,119,132,134,135" m="9835" machi="36" ten="40,2700,0" yaku="20,1,52,1" doraHai="37" who="3" fromWho="3" sc="155,-7,296,-7,190,-13,359,27" /><INIT seed="7,0,0,1,2,77" ten="148,289,177,386" oya="3" hai0="74,98,126,102,123,46,108,51,38,33,9,121,120" hai1="104,81,127,72,88,5,53,91,110,28,0,78,131" hai2="134,79,44,122,83,65,111,49,90,55,47,48,99" hai3="62,58,117,37,87,107,95,106,45,66,30,69,3"/><W35/><G3/><T14/><D108/><U113/><E28/><V20/><F111/><W11/><G11/><T4/><D33/><U34/><E53/><V133/><F65/><W54/><G95/><T29/><D29/><U94/><E5/><V132/><F122/><W92/><G92/><T7/><D38/><U112/><E0/><V124/><F124/><W135/><G87/><T59/><D126/><U42/><E42/><N who="2" m="24599" /><F99/><W17/><G17/><T24/><D74/><U63/><E63/><V86/><F79/><W43/><G135/><T50/><D24/><U130/><E34/><V41/><F20/><W64/><G64/><T119/><D119/><U25/><E25/><V27/><F27/><N who="3" m="18911" /><G117/><T109/><D109/><U71/><E127/><V19/><F19/><W13/><G13/><T103/><D7/><U10/><E10/><V129/><F129/><N who="1" m="49161" /><E110/><V56/><F41/><W100/><G54/><T84/><D84/><N who="1" m="52487" /><E71/><V82/><F82/><W73/><G43/><T61/><D98/><U6/><E6/><V26/><F26/><W31/><G31/><T115/><D115/><N who="1" m="44107" /><E91/><V16/><F16/><W18/><G18/><T1/><D1/><U39/><E39/><V40/><F40/><W125/><G69/><T57/><D57/><AGARI ba="0,0" hai="47,49,55,56,57,83,86,90,132,133,134" m="24599" machi="57" ten="30,2000,0" yaku="20,1,52,1" doraHai="77" who="2" fromWho="0" sc="148,-20,289,0,177,20,386,0" owari="128,-37.0,289,9.0,197,-20.0,386,48.0" /></mjloggm>