<mjloggm ver="2.3"><GO type="169" lobby="0"/><UN n0="%E5%B0%B1%E6%B4%BB%E7%94%9F%40%E5%B7%9D%E6%9D%91%E8%BB%8D%E5%9B%A3" n1="%73%69%6E%73%69%73%74" n2="%E3%82%B7%E3%83%A3%E3%83%BC%E3%83%AA%E3%83%97%E3%83%88%E3%83%A9" n3="%40%75" dan="16,17,17,16" rate="2151.81,2139.77,2220.45,2120.18" sx="M,M,M,F"/><TAIKYOKU oya="0"/><INIT seed="0,0,0,1,3,17" ten="250,250,250,250" oya="0" hai0="19,78,8,5,91,94,56,58,118,116,112,117,7" hai1="97,81,67,98,76,20,111,42,40,25,10,124,130" hai2="46,101,50,24,66,62,34,89,100,18,12,59,99" hai3="21,43,55,132,65,48,2,92,82,57,29,105,37"/><T64/><D112/><U128/><E111/><V77/><F77/><W120/><G132/><T41/><D78/><U27/><E67/><V44/><F44/><W125/><G125/><T70/><D41/><N who="1" m="15979" /><E10/><V16/><F50/><W26/><G105/><T133/><D133/><U73/><E27/><V32/><F46/><W115/><G2/><T51/><D70/><U36/><E36/><V30/><F18/><W90/><G120/><T75/><D75/><U86/><E73/><V39/><F34/><W121/><G121/><T106/><D106/><U108/><E108/><V126/><F126/><W84/><G115/><T45/><D64/><U93/><E93/><V74/><F74/><W85/><G65/><T119/><D19/><N who="1" m="12447" /><E124/><V134/><F39/><W71/><G37/><T72/><D72/><U131/><AGARI ba="0,0" hai="76,81,86,97,98,128,130,131" m="12447,15979" machi="131" ten="40,2700,0" yaku="19,1,52,1" doraHai="17" who="1" fromWho="1" sc="250,-13,250,27,250,-7,250,-7" /><INIT seed="1,0,0,1,0,71" ten="237,277,243,243" oya="1" hai0="107,127,54,8,125,117,102,126,37,3,75,5,33" hai1="29,94,105,79,109,16,108,20,92,97,134,84,52" hai2="31,38,67,21,118,76,100,62,26,124,17,87,129" hai3="72,42,7,27,101,1,78,81,66,56,74,115,73"/><U36/><E134/><V86/><F118/><W88/><G115/><T110/><D117/><U39/><E29/><V133/><F100/><W131/><G131/><T44/><D110/><N who="1" m="42603" /><E105/><V30/><F38/><N who="1" m="14377" /><E52/><V50/><F31/><W93/><G101/><T43/><D54/><U123/><E123/><V48/><F30/><W80/><G42/><T68/><D33/><U121/><E121/><V95/><F133/><W82/><G27/><T106/><D106/><U2/><E2/><V90/><F129/><W69/><G1/><T103/><D107/><U4/><E4/><V91/><F124/><W12/><G7/><T64/><D75/><U114/><E114/><V60/><F76/><W112/><G78/><T119/><D119/><U23/><E97/><V132/><F132/><W40/><G112/><T53/><D53/><U35/><E35/><V47/><F47/><W55/><G40/><T19/><D19/><U63/><E63/><AGARI ba="0,0" hai="3,5,8,37,43,44,63,64,68,102,103,125,126,127" machi="63" ten="40,2600,0" yaku="18,1,52,1" doraHai="71" who="0" fromWho="1" sc="237,26,277,-26,243,0,243,0" /><INIT seed="2,0,0,1,5,73" ten="263,251,243,243" oya="2" hai0="83,38,104,20,98,31,128,14,66,12,133,75,70" hai1="103,49,23,131,135,50,36,39,117,102,101,60,93" hai2="108,22,76,134,87,78,21,67,41,52,37,0,123" hai3="112,109,130,99,115,105,47,61,74,43,4,88,34"/><V8/><F123/><W7/><G34/><T51/><D38/><U106/><E117/><V118/><F118/><W15/><G61/><T121/><D121/><U65/><E106/><V5/><F67/><W57/><G57/><T11/><D128/><U44/><E131/><V24/><F41/><W110/><G130/><T19/><D133/><U64/><E135/><V1/><F1/><W28/><G28/><T63/><D51/><U96/><E50/><V124/><F37/><N who="3" m="21999" /><G15/><T94/><D104/><U59/><E64/><V122/><F122/><W100/><G74/><T3/><D3/><U17/><E39/><V29/><F134/><W46/><G46/><T27/><D75/><U81/><E81/><V71/><F71/><W79/><G88/><T18/><D83/><U86/><E86/><V116/><F116/><W42/><G42/><T54/><D54/><N who="1" m="29991" /><E36/><V113/><F87/><W30/><G30/><T40/><D40/><U13/><AGARI ba="0,0" hai="13,17,23,59,60,65,93,96,101,102,103" m="29991" machi="13" ten="30,1100,0" yaku="8,1" doraHai="73" who="1" fromWho="1" sc="263,-3,251,11,243,-5,243,-3" /><INIT seed="3,0,0,4,2,43" ten="260,262,238,240" oya="3" hai0="130,59,104,3,23,38,10,49,53,121,97,45,13" hai1="12,109,95,89,20,0,93,84,94,4,126,116,41" hai2="73,47,24,54,63,48,6,2,40,101,27,32,135" hai3="55,11,35,106,44,124,123,110,50,25,77,119,76"/><W129/><G119/><T15/><D121/><U31/><E116/><V88/><F135/><W65/><G123/><T103/><D130/><U122/><E122/><V36/><F101/><W57/><G129/><T105/><D105/><U118/><E118/><V64/><F32/><W14/><G124/><T52/><D38/><U26/><E126/><V102/><F102/><W120/><G106/><T100/><D100/><U7/><E109/><V128/><F128/><W79/><G110/><T86/><D86/><U51/><E0/><V112/><F73/><W39/><G120/><T82/><D82/><N who="1" m="49303" /><E12/><V90/><F112/><W134/><G134/><T70/><D70/><U56/><E56/><N who="2" m="32839" /><F6/><W85/><G39/><T29/><D3/><U107/><E107/><V132/><F2/><W125/><G125/><T131/><D131/><U71/><E71/><N who="2" m="42399" /><F132/><W92/><G35/><T42/><D59/><U127/><E127/><V61/><F61/><N who="3" m="38063" /><G25/><AGARI ba="0,0" hai="24,25,27,36,40,47,88,90" m="42399,32839" machi="25" ten="30,3900,0" yaku="24,1,52,1,54,1" doraHai="43" who="2" fromWho="3" sc="260,0,262,0,238,39,240,-39" /><INIT seed="4,0,0,4,3,66" ten="260,262,277,201" oya="0" hai0="9,106,15,89,44,3,104,72,125,33,119,81,35" hai1="103,108,87,32,64,14,58,48,90,102,78,96,45" hai2="46,122,24,49,40,77,109,42,128,67,115,83,54" hai3="18,69,105,85,100,101,114,31,26,80,10,30,13"/><T110/><D119/><U124/><E32/><V134/><F109/><W7/><G105/><T126/><D3/><U75/><E108/><V73/><F122/><W17/><G114/><T68/><D110/><U98/><E124/><N who="0" m="47721" /><D104/><U63/><E75/><V62/><F115/><W97/><G69/><T34/><D106/><U38/><E38/><V107/><F107/><W55/><G97/><N who="1" m="37482" /><E14/><V70/><F128/><W121/><G121/><T93/><D44/><U117/><E78/><V71/><F134/><W41/><G41/><T25/><D72/><U88/><E117/><V132/><F132/><W86/><G55/><T19/><D81/><N who="1" m="49263" /><E90/><V111/><F111/><W22/><G31/><N who="0" m="19695" /><D68/><U120/><E120/><V127/><F127/><W50/><G50/><T123/><D123/><U65/><E65/><V52/><F24/><W91/><G86/><AGARI ba="0,0" hai="9,15,19,34,35,86,89,93" m="19695,47721" machi="86" ten="30,1500,0" yaku="18,1" doraHai="66" who="0" fromWho="3" sc="260,15,262,0,277,0,201,-15" /><INIT seed="4,1,0,0,4,111" ten="275,262,277,186" oya="0" hai0="132,2,113,102,89,61,80,52,32,78,105,35,64" hai1="12,60,44,74,14,79,43,86,31,0,119,82,58" hai2="77,94,49,135,115,122,70,96,114,66,37,130,131" hai3="95,72,53,39,38,123,104,13,125,101,118,99,75"/><T10/><D132/><U59/><E119/><V19/><F37/><W40/><G123/><T63/><D89/><U107/><E107/><V112/><F122/><W84/><G118/><T71/><D102/><U15/><E0/><V126/><F126/><W7/><G125/><T6/><D105/><U67/><E31/><V23/><F135/><W30/><G30/><T17/><D113/><U45/><E74/><V21/><F77/><W108/><G75/><T36/><D17/><U22/><E22/><V56/><F70/><W8/><G72/><T62/><D36/><U100/><E100/><N who="2" m="60439" /><F23/><W33/><G33/><T46/><D62/><U128/><E128/><V83/><F83/><W24/><G24/><T51/><REACH who="0" step="1"/><D61/><REACH who="0" ten="265,262,277,186" step="2"/><N who="1" m="38327" /><E43/><V65/><F49/><W54/><G40/><T76/><D76/><U120/><E120/><V106/><F106/><W28/><G39/><T27/><D27/><U117/><E117/><V41/><F41/><W109/><G38/><T3/><D3/><U26/><E26/><N who="2" m="14655" /><F66/><AGARI ba="1,1" hai="12,14,15,44,45,59,60,66,79,82,86" m="38327" machi="66" ten="30,1000,0" yaku="8,1" doraHai="111" who="1" fromWho="2" sc="265,0,262,23,277,-13,186,0" /><INIT seed="5,0,0,5,2,20" ten="265,285,264,186" oya="1" hai0="74,87,94,117,15,36,46,100,55,116,67,7,72" hai1="48,115,16,42,91,49,93,57,65,83,75,60,70" hai2="33,96,53,133,121,25,128,0,82,68,81,23,76" hai3="45,73,111,123,13,130,63,124,69,107,88,89,110"/><U38/><E115/><V29/><F133/><W102/><G124/><T5/><D67/><U103/><E70/><V104/><F128/><W17/><G130/><T9/><D5/><U126/><E126/><V85/><F121/><W59/><G123/><T105/><D105/><U4/><E4/><V113/><F0/><W86/><G73/><T34/><D34/><U119/><E119/><V52/><F68/><W132/><G132/><T129/><D129/><U122/><E122/><V118/><F118/><W114/><G114/><T12/><D12/><U56/><E103/><V112/><F112/><W58/><G45/><T97/><D87/><U108/><E108/><V14/><F82/><W98/><G69/><T31/><D31/><U32/><E32/><V92/><F104/><W134/><G134/><T35/><D35/><U64/><E38/><V50/><F50/><W19/><G89/><T54/><D116/><U84/><E42/><V3/><F3/><W106/><G106/><T8/><D8/><U80/><E75/><V2/><F2/><W125/><G125/><T120/><D120/><U79/><E79/><V28/><F113/><W22/><G19/><T1/><D117/><U90/><E16/><N who="2" m="10647" /><F33/><W101/><G101/><T78/><D72/><U21/><E80/><V71/><F71/><W44/><G44/><T26/><D1/><U6/><E6/><V51/><F51/><N who="1" m="19529" /><E56/><N who="3" m="21546" /><G63/><T43/><D74/><U37/><E37/><V18/><F29/><W30/><G30/><T10/><D78/><U47/><E65/><V11/><F28/><W62/><G62/><T61/><D61/><RYUUKYOKU ba="0,0" sc="265,-10,285,-10,264,-10,186,30" hai3="13,17,22,86,88,98,102,107,110,111" /><INIT seed="6,1,0,1,5,94" ten="255,275,254,216" oya="2" hai0="10,131,21,0,82,105,84,45,28,59,108,132,34" hai1="97,5,125,68,72,76,30,63,115,124,92,37,123" hai2="60,81,49,116,113,64,121,98,56,57,119,16,15" hai3="117,24,83,53,27,13,44,3,35,126,129,79,65"/><V101/><F121/><W118/><G126/><N who="1" m="48746" /><E123/><V17/><F113/><W87/><G129/><T40/><D34/><U31/><E115/><V102/><F102/><W110/><G3/><T75/><D105/><U112/><E37/><V33/><F33/><W106/><G110/><T55/><D131/><U91/><E5/><V46/><F81/><W50/><G65/><T52/><D132/><U74/><E112/><V26/><F56/><W93/><G106/><T32/><D32/><U80/><E74/><V77/><F26/><W1/><G1/><T127/><D127/><U11/><E11/><V58/><F58/><W133/><G13/><T130/><D75/><U70/><E63/><V47/><F47/><W38/><G38/><T41/><D10/><U96/><E96/><V8/><F17/><W107/><G107/><T100/><D0/><U54/><E54/><V36/><F77/><W103/><G133/><T7/><D7/><U128/><E128/><V109/><F109/><W39/><G39/><T111/><D130/><U114/><E114/><V88/><F101/><W42/><G53/><T4/><D100/><U25/><E25/><N who="3" m="9802" /><G35/><T99/><D4/><U120/><E120/><V71/><F98/><N who="3" m="59855" /><G118/><T20/><D99/><U14/><E14/><V19/><F19/><W12/><G117/><T134/><D134/><U122/><E122/><V86/><F36/><W69/><G69/><AGARI ba="1,0" hai="30,31,68,69,70,72,76,80,91,92,97" m="48746" machi="69" ten="30,2000,0" yaku="18,1,52,1" doraHai="94" who="1" fromWho="3" sc="255,0,275,23,254,0,216,-23" /><INIT seed="7,0,0,2,3,135" ten="255,298,254,193" oya="3" hai0="94,77,2,34,105,126,1,101,113,15,87,85,19" hai1="43,7,88,60,75,3,27,64,134,8,116,81,47" hai2="82,131,18,102,123,121,30,33,11,50,39,90,23" hai3="91,95,128,24,129,37,31,61,56,115,12,110,70"/><W80/><G37/><T57/><D34/><U76/><E134/><V119/><F39/><W32/><G115/><T42/><D105/><U130/><E130/><V120/><F119/><W96/><G110/><T108/><D42/><U133/><E133/><V99/><F131/><W14/><G70/><T49/><D87/><U44/><E116/><V66/><F66/><W111/><G111/><T69/><D69/><U13/><E27/><V10/><F30/><W52/><G129/><T78/><D101/><U58/><E43/><V20/><F20/><W22/><G128/><T86/><D86/><U6/><E88/><V28/><F28/><W16/><REACH who="3" step="1"/><G80/><REACH who="3" ten="255,298,254,183" step="2"/><T122/><D108/><U93/><E81/><V84/><F33/><W4/><G4/><T9/><D113/><U109/><E6/><V125/><F125/><W41/><G41/><T83/><D126/><U65/><E7/><V74/><F74/><W89/><G89/><T45/><D78/><U104/><E76/><V54/><F102/><W62/><G62/><T46/><D122/><U25/><E60/><V71/><F71/><W53/><G53/><T124/><D124/><U112/><E112/><V59/><REACH who="2" step="1"/><F99/><REACH who="2" ten="255,298,244,183" step="2"/><W92/><G92/><T72/><D94/><U97/><E93/><V117/><F117/><W67/><G67/><T63/><D72/><U5/><E65/><V29/><F29/><W26/><AGARI ba="0,2" hai="12,14,16,22,24,26,31,32,52,56,61,91,95,96" machi="26" ten="20,18000,2" yaku="1,1,0,1,7,1,25,2,54,2,53,0" doraHai="135" doraHaiUra="38" who="3" fromWho="3" sc="255,-60,298,-60,244,-60,183,200" owari="195,-20.0,238,4.0,184,-32.0,383,48.0" /></mjloggm>