<mjloggm ver="2.3"><GO type="169" lobby="0"/><UN n0="%E5%8C%97%E3%81%AE%E5%AF%BE%E5%AD%90%E8%90%BD%E3%81%A8%E3%81%97" n1="%E3%82%A6%E3%83%AB%E3%83%88%E3%83%A9%E7%AB%8B%E7%9B%B4" n2="%E3%81%AA%E3%81%A3%E3%81%8D%E3%82%8A" n3="%E3%81%9B%E3%81%95%E3%81%BF%E3%82%93%E2%99%AA" dan="16,18,17,17" rate="2088.39,2202.96,2228.86,2145.40" sx="M,M,M,F"/><TAIKYOKU oya="0"/><INIT seed="0,0,0,5,1,56" ten="250,250,250,250" oya="0" hai0="80,94,31,58,54,15,60,37,83,32,14,133,8" hai1="108,116,18,70,11,117,132,74,85,125,57,42,121" hai2="77,97,48,107,30,10,39,64,45,129,19,78,53" hai3="123,114,33,36,12,106,35,82,3,130,34,5,41"/><T98/><D37/><U71/><E85/><V89/><F129/><W23/><G114/><T7/><D133/><U90/><E90/><V26/><F39/><W55/><G130/><T128/><D128/><U81/><E81/><V115/><F115/><W93/><G123/><T61/><D32/><U52/><E18/><V68/><F19/><W111/><G93/><T17/><D31/><U63/><E11/><V72/><F72/><W124/><G55/><T49/><D83/><U29/><E29/><V50/><F10/><W27/><G124/><T102/><D80/><U65/><E74/><V113/><F113/><W99/><G82/><T91/><D102/><U109/><E121/><V59/><F68/><N who="1" m="26153" /><E132/><V4/><F4/><W40/><G36/><T2/><D2/><U86/><E86/><V79/><F64/><W120/><G120/><T103/><D103/><U95/><E95/><N who="2" m="56559" /><F107/><W1/><G106/><T47/><D58/><N who="1" m="37111" /><E42/><N who="3" m="16490" /><G3/><T104/><D104/><U88/><E88/><V122/><F122/><W43/><G99/><T101/><D101/><U38/><E38/><V25/><F30/><N who="3" m="17791" /><G43/><AGARI ba="0,0" hai="25,26,43,45,48,50,53,59,77,78,79" m="56559" machi="43" ten="30,1000,0" yaku="8,1" doraHai="56" who="2" fromWho="3" sc="250,0,250,0,250,10,250,-10" /><INIT seed="1,0,0,5,5,38" ten="250,250,260,240" oya="1" hai0="1,35,73,55,78,58,72,99,56,31,108,33,70" hai1="95,17,44,93,62,128,124,65,131,6,9,49,103" hai2="94,116,80,84,39,48,67,91,10,76,27,29,41" hai3="47,90,42,12,123,14,127,109,85,26,112,46,21"/><U117/><E117/><V115/><F39/><W57/><G123/><T87/><D70/><U104/><E17/><V114/><F67/><W105/><G105/><T69/><D69/><U24/><E24/><V2/><F116/><W88/><G109/><T97/><D1/><U81/><E124/><V89/><F2/><W5/><G127/><T126/><D31/><U66/><E81/><V8/><F48/><N who="3" m="26711" /><G112/><N who="2" m="43049" /><F41/><W28/><G47/><T4/><D4/><U98/><E104/><V40/><F40/><W19/><G57/><T132/><D56/><U79/><E79/><V100/><F100/><W118/><G118/><T68/><D68/><U45/><E62/><V102/><F102/><W43/><G43/><T18/><D73/><U75/><E75/><N who="2" m="43039" /><F91/><N who="3" m="34859" /><G5/><T71/><D72/><U63/><E63/><V53/><F53/><W130/><G130/><N who="1" m="49706" /><E49/><V92/><F92/><W13/><G85/><T54/><D71/><U120/><E120/><V51/><F51/><W22/><AGARI ba="0,0" hai="12,13,14,19,21,22,26,28" m="34859,26711" machi="22" ten="30,4000,0" yaku="8,1,52,1,54,1" doraHai="38" who="3" fromWho="3" sc="250,-10,250,-20,260,-10,240,40" /><INIT seed="2,0,0,2,3,50" ten="240,230,250,280" oya="2" hai0="22,8,37,122,77,128,83,60,124,93,59,96,51" hai1="48,80,129,58,52,35,117,15,17,42,116,81,119" hai2="9,11,114,1,2,115,101,79,10,70,24,0,131" hai3="39,41,76,100,133,91,86,19,71,44,88,123,108"/><V75/><F70/><W62/><G123/><T106/><D37/><U127/><E35/><V98/><F131/><W57/><G108/><T36/><D36/><U21/><E129/><V84/><F84/><W29/><G133/><T74/><D106/><U34/><E127/><V63/><F63/><W90/><G29/><T89/><D124/><U26/><E42/><V82/><REACH who="2" step="1"/><F24/><REACH who="2" ten="240,230,240,280" step="2"/><W78/><G86/><T99/><D128/><U28/><AGARI ba="0,1" hai="15,17,21,26,28,34,48,52,58,80,81,116,117,119" machi="28" ten="40,5200,0" yaku="0,1,52,1,54,1" doraHai="50" who="1" fromWho="1" sc="240,-13,230,62,240,-26,280,-13" /><INIT seed="3,0,0,3,0,111" ten="227,292,214,267" oya="3" hai0="32,26,20,100,19,22,93,80,70,13,104,2,79" hai1="58,82,94,99,114,95,119,69,37,130,103,63,72" hai2="3,54,108,28,127,78,7,66,15,6,128,75,76" hai3="12,98,38,48,9,133,41,121,122,49,68,106,0"/><W17/><G133/><T85/><D2/><U132/><E69/><V34/><F108/><W88/><G68/><T97/><D70/><U90/><E37/><V55/><F66/><W56/><G0/><T52/><D32/><U24/><E24/><V125/><F3/><W124/><G124/><N who="2" m="47689" /><F128/><W105/><G38/><T73/><D52/><N who="2" m="20010" /><F75/><W40/><G106/><T8/><D26/><U96/><E63/><V84/><F84/><W57/><G105/><T126/><D126/><U89/><E58/><N who="3" m="22634" /><G121/><T25/><D25/><U62/><E62/><V86/><F86/><W16/><G122/><T64/><D64/><U44/><E132/><V118/><F118/><W107/><G107/><T43/><D43/><N who="3" m="16457" /><G17/><T42/><D42/><U18/><E18/><V23/><F34/><W30/><G30/><T61/><D61/><U81/><E119/><V4/><F28/><W50/><G50/><T102/><D73/><U134/><E134/><V59/><F59/><W47/><G47/><T11/><D104/><U14/><E44/><V1/><F1/><W39/><G39/><T92/><D19/><AGARI ba="0,0" hai="4,6,7,15,19,23,76,78" m="20010,47689" machi="19" ten="40,2600,0" yaku="18,1,54,1" doraHai="111" who="2" fromWho="0" sc="227,-26,292,0,214,26,267,0" /><INIT seed="4,0,0,4,1,74" ten="201,292,240,267" oya="0" hai0="81,38,43,112,103,87,76,54,0,8,111,48,109" hai1="128,127,20,16,57,78,64,67,122,68,106,37,114" hai2="124,125,94,50,80,1,84,83,14,99,73,75,35" hai3="46,53,88,49,126,132,55,9,104,51,21,131,96"/><T15/><D0/><U36/><E106/><V58/><F35/><W30/><G132/><T79/><D103/><U44/><E122/><V89/><F1/><W66/><G131/><T62/><D112/><U6/><E6/><V98/><F58/><W70/><G126/><N who="2" m="48745" /><F14/><W77/><G104/><T10/><D10/><U23/><E44/><V120/><F50/><W60/><G9/><T85/><D62/><U130/><E57/><V90/><F120/><W45/><G77/><N who="0" m="29771" /><D38/><U34/><E78/><N who="2" m="44127" /><F73/><W31/><REACH who="3" step="1"/><G21/><REACH who="3" ten="201,292,240,257" step="2"/><T129/><D129/><U11/><E23/><V13/><F13/><W95/><AGARI ba="0,1" hai="30,31,45,46,49,51,53,55,60,66,70,88,95,96" machi="95" ten="30,8000,1" yaku="1,1,2,1,0,1,9,1,54,1,53,0" doraHai="74" doraHaiUra="18" who="3" fromWho="3" sc="201,-40,292,-20,240,-20,257,90" /><INIT seed="5,0,0,0,3,55" ten="161,272,220,347" oya="1" hai0="118,109,35,41,88,92,30,95,0,83,11,90,12" hai1="100,111,45,10,130,110,114,105,18,48,19,97,5" hai2="39,33,64,47,38,58,65,96,22,106,17,3,77" hai3="84,131,37,51,34,117,4,107,79,132,9,89,126"/><U120/><E120/><V99/><F33/><W60/><G132/><T74/><D0/><U29/><E29/><V32/><F32/><W94/><G131/><T104/><D104/><U43/><E130/><V98/><F106/><W86/><G126/><T93/><D109/><U27/><E114/><V15/><F3/><W13/><G117/><T76/><D118/><U73/><E73/><V121/><F121/><W75/><G107/><T69/><D69/><U31/><E19/><V14/><F77/><W52/><G37/><T87/><D41/><U59/><E18/><N who="2" m="10591" /><F39/><W124/><G124/><T40/><D40/><U72/><E72/><V112/><F38/><W24/><G60/><T53/><D30/><U61/><E10/><N who="2" m="6359" /><F112/><W80/><G34/><T26/><D26/><U28/><E5/><V42/><F42/><W66/><G66/><N who="2" m="25705" /><F47/><W134/><G134/><T103/><D35/><U54/><REACH who="1" step="1"/><E31/><REACH who="1" ten="161,262,220,347" step="2"/><V21/><F21/><AGARI ba="0,1" hai="21,27,28,43,45,48,54,59,61,97,100,105,110,111" machi="21" ten="40,7700,0" yaku="1,1,2,1,52,1,53,0" doraHai="55" doraHaiUra="8" who="1" fromWho="2" sc="161,0,262,87,220,-77,347,0" /><INIT seed="5,1,0,3,5,92" ten="161,349,143,347" oya="1" hai0="73,3,55,46,81,54,128,70,103,126,62,52,72" hai1="76,56,119,49,30,39,91,60,122,65,86,16,22" hai2="115,44,69,36,97,131,1,64,107,41,127,26,120" hai3="116,105,17,94,90,88,28,83,123,9,48,118,96"/><U63/><E39/><V71/><F120/><W78/><G123/><T85/><D3/><U112/><E119/><N who="3" m="45610" /><G28/><T45/><D126/><U23/><E122/><V80/><F127/><W68/><G68/><T132/><D128/><U135/><E135/><V37/><F37/><W21/><G9/><T61/><D132/><U93/><E112/><V106/><F131/><W75/><G48/><T59/><D70/><U98/><E30/><V31/><F115/><W18/><G105/><T32/><D32/><U67/><E23/><V79/><F1/><W33/><G33/><T117/><D117/><U51/><E76/><V40/><F40/><W114/><G114/><T84/><D103/><U125/><E125/><V108/><F108/><W111/><G111/><T11/><D11/><U43/><E43/><V95/><F106/><W20/><G20/><T133/><D133/><U4/><E4/><V77/><F107/><W15/><G17/><T82/><REACH who="0" step="1"/><D55/><REACH who="0" ten="151,349,143,347" step="2"/><U38/><E22/><V99/><F64/><W29/><G29/><T13/><D13/><U34/><E34/><V57/><F71/><W24/><G15/><T0/><D0/><U42/><E67/><V14/><F69/><W89/><AGARI ba="1,1" hai="18,21,24,75,78,83,88,89,90,94,96" m="45610" machi="89" ten="30,4000,0" yaku="12,1,52,1,54,1" doraHai="92" who="3" fromWho="3" sc="151,-11,349,-21,143,-11,347,53" /><INIT seed="6,0,0,2,3,59" ten="140,328,132,400" oya="2" hai0="19,33,103,88,55,53,60,77,51,37,11,83,54" hai1="2,66,4,72,129,22,41,13,36,43,46,102,12" hai2="65,110,7,47,81,63,29,82,122,61,74,100,69" hai3="27,113,112,52,117,58,8,40,99,21,0,64,98"/><V114/><F122/><W25/><G64/><T97/><D37/><U84/><E43/><V44/><F114/><N who="3" m="44139" /><G40/><T14/><D33/><U23/><E102/><V123/><F123/><W134/><G134/><T10/><D10/><U135/><E135/><V111/><F100/><W48/><G117/><T75/><D88/><U91/><E72/><V18/><F7/><N who="3" m="1127" /><G25/><T80/><D80/><N who="2" m="30826" /><F74/><W101/><G101/><T107/><REACH who="0" step="1"/><D60/><REACH who="0" ten="130,328,132,400" step="2"/><N who="2" m="23114" /><F69/><W5/><G5/><T126/><D126/><U31/><E4/><V38/><F38/><W118/><G118/><T28/><D28/><AGARI ba="0,1" hai="21,27,28,48,52,58,98,99" m="1127,44139" machi="28" ten="30,3900,0" yaku="15,1,11,1,54,1" doraHai="59" who="3" fromWho="0" sc="130,-39,328,0,132,0,400,49" /><INIT seed="7,0,0,4,4,92" ten="91,328,132,449" oya="3" hai0="16,44,126,108,90,125,85,34,84,22,33,15,113" hai1="87,132,19,128,35,67,14,95,38,39,99,73,46" hai2="13,24,61,51,54,37,30,88,1,18,10,25,124" hai3="6,60,28,93,62,98,109,9,102,86,70,4,104"/><W7/><G9/><T26/><D108/><U43/><E73/><V91/><F37/><W107/><G28/><T71/><D71/><U68/><E35/><V52/><F124/><W31/><G31/><T100/><D84/><U134/><E128/><V133/><F133/><W105/><G86/><T8/><D44/><U117/><E117/><V130/><F130/><W50/><G50/><T122/><D100/><U127/><E127/><N who="0" m="48649" /><D90/><N who="2" m="34346" /><F1/><W103/><G109/><T42/><D85/><U29/><E29/><V66/><F30/><W74/><G74/><T114/><D42/><U56/><E87/><V118/><F118/><W96/><G70/><T82/><D82/><U27/><E27/><N who="2" m="10315" /><F51/><W65/><G65/><T75/><D122/><U55/><E39/><V21/><F21/><W81/><G81/><T78/><D78/><U94/><E94/><AGARI ba="0,0" hai="4,6,7,60,62,93,94,96,98,102,103,104,105,107" machi="94" ten="50,9600,0" yaku="9,1,52,2" doraHai="92" who="3" fromWho="1" sc="91,0,328,-96,132,0,449,96" owari="91,-41.0,232,3.0,132,-27.0,545,65.0" /></mjloggm>