<mjloggm ver="2.3"><GO type="169" lobby="0"/><UN n0="%E5%B0%B1%E6%B4%BB%E7%94%9F%40%E5%B7%9D%E6%9D%91%E8%BB%8D%E5%9B%A3" n1="%72%79%6F%E2%80%A6%31%35" n2="%E3%82%82%E3%82%81%E3%82%93%E3%81%AA%E3%81%A1%E3%82%83%E3%81%84" n3="%64%61%6E%6E%63%68%69" dan="17,17,17,17" rate="2225.39,2115.72,2122.51,2141.35" sx="M,M,M,M"/><TAIKYOKU oya="0"/><INIT seed="0,0,0,5,5,83" ten="250,250,250,250" oya="0" hai0="93,30,65,51,35,5,20,41,88,13,68,135,76" hai1="7,8,77,27,127,64,37,84,18,85,120,0,60" hai2="123,34,26,48,103,42,22,113,121,25,125,131,81" hai3="72,2,45,59,50,56,126,36,67,70,75,108,128"/><T106/><D106/><U12/><E120/><V132/><F113/><W29/><G2/><T98/><D135/><U90/><E37/><V43/><F132/><W117/><G117/><T78/><D35/><U58/><E127/><V53/><F125/><W54/><G126/><T91/><D68/><U31/><E77/><V1/><F1/><W82/><G108/><T3/><D3/><U79/><E79/><V40/><F131/><W17/><G29/><T130/><D130/><U99/><E99/><V124/><F124/><W39/><G128/><T63/><D5/><U33/><REACH who="1" step="1"/><E90/><REACH who="1" ten="250,240,250,250" step="2"/><V97/><F123/><W71/><G39/><T101/><D76/><U116/><E116/><V62/><F121/><W111/><G36/><T74/><D74/><U38/><E38/><V19/><F34/><W134/><G72/><T28/><D78/><U80/><E80/><V9/><F81/><W6/><G82/><T92/><D91/><U102/><E102/><V10/><F103/><W122/><G75/><T4/><D101/><U24/><E24/><V44/><F97/><W86/><G122/><T52/><D98/><U57/><E57/><N who="2" m="35119" /><F26/><W23/><G134/><T114/><D114/><U16/><E16/><V49/><F44/><W119/><G71/><N who="0" m="42431" /><D88/><U21/><AGARI ba="0,1" hai="0,7,8,12,18,21,27,31,33,58,60,64,84,85" machi="21" ten="20,12000,2" yaku="1,1,0,1,7,1,24,2,52,2,53,0" doraHai="83" doraHaiUra="96" who="1" fromWho="1" sc="250,-60,240,130,250,-30,250,-30" /><INIT seed="1,0,0,5,0,53" ten="190,370,220,220" oya="1" hai0="132,59,6,56,129,36,80,124,25,134,41,108,130" hai1="101,116,112,33,23,87,12,106,121,88,9,77,17" hai2="111,55,48,109,114,72,99,104,29,21,52,91,39" hai3="113,74,62,105,98,34,100,103,89,15,10,79,126"/><U75/><E33/><V0/><F72/><W107/><G113/><T123/><D124/><U65/><E121/><V96/><F0/><W92/><G126/><T84/><D108/><N who="2" m="41546" /><F39/><W95/><G34/><T20/><D6/><U135/><E112/><V85/><F114/><W67/><G74/><T68/><D68/><U54/><E116/><V73/><F73/><W40/><G40/><T78/><D41/><U86/><E65/><V51/><F104/><W11/><G79/><T32/><D32/><U118/><E118/><V128/><F128/><N who="0" m="49258" /><D36/><U71/><E71/><V97/><F29/><W42/><G42/><T28/><D123/><U66/><E66/><V83/><F21/><W27/><G105/><T50/><D50/><AGARI ba="0,0" hai="48,50,51,52,55,83,85,91,96,97,99" m="41546" machi="50" ten="30,2000,0" yaku="14,1,54,1" doraHai="53" who="2" fromWho="0" sc="190,-20,370,0,220,20,220,0" /><INIT seed="2,0,0,4,4,99" ten="170,370,240,220" oya="2" hai0="12,96,65,48,60,30,81,101,45,98,7,39,93" hai1="61,74,66,94,89,106,16,9,132,1,10,70,80" hai2="110,20,87,28,43,49,88,29,17,79,103,67,102" hai3="47,120,59,51,114,82,121,35,6,68,5,37,4"/><V40/><F110/><W122/><G35/><T23/><D39/><U73/><E106/><V84/><F79/><W34/><G68/><T123/><D123/><U124/><E124/><V72/><F72/><W18/><G34/><T2/><D81/><U119/><E119/><V26/><F67/><W83/><G114/><T111/><D111/><U91/><E132/><V108/><F84/><W44/><G18/><T14/><D2/><U46/><E80/><N who="2" m="49255" /><F108/><W71/><G71/><T64/><D98/><U32/><E32/><V19/><F19/><W33/><G33/><T97/><D97/><U104/><E104/><V125/><F125/><W22/><G82/><T105/><D105/><U8/><E1/><V36/><F36/><W78/><G37/><T13/><D7/><U69/><E69/><V38/><F38/><W107/><G107/><T134/><D134/><U129/><E74/><V92/><F92/><W77/><G77/><T41/><REACH who="0" step="1"/><D60/><REACH who="0" ten="160,370,240,220" step="2"/><U115/><E61/><V127/><F127/><W63/><G120/><T15/><N who="0" m="3584" /><DORA hai="27" /><T90/><D90/><U3/><E91/><V109/><F109/><W21/><G121/><T62/><D62/><U131/><E89/><V118/><F118/><W53/><G122/><T56/><D56/><U76/><E3/><V11/><F11/><W112/><G63/><T55/><D55/><U52/><E9/><V75/><F75/><W86/><G112/><T50/><D50/><U130/><E8/><V95/><F49/><W126/><G126/><T57/><D57/><U117/><E10/><V0/><F0/><W58/><G58/><RYUUKYOKU ba="0,1" sc="160,15,370,-15,240,-15,220,15" hai0="23,30,41,45,48,64,65,93,96,101" hai3="4,5,6,21,22,44,47,51,53,59,78,83,86" /><INIT seed="3,1,1,5,2,132" ten="175,355,225,235" oya="3" hai0="115,64,23,75,102,25,41,5,113,98,20,8,55" hai1="65,74,96,7,104,62,40,13,69,51,49,135,125" hai2="42,48,16,14,21,90,56,60,91,86,83,80,95" hai3="6,122,108,58,121,72,47,105,9,33,109,94,106"/><W88/><G33/><T18/><D75/><U81/><E135/><V66/><REACH who="2" step="1"/><F91/><REACH who="2" ten="175,355,215,235" step="2"/><W103/><G121/><T133/><D133/><U79/><E79/><V34/><F34/><W93/><G122/><T12/><D41/><U71/><E40/><V92/><F92/><W107/><G94/><T70/><D55/><U97/><E104/><V0/><F0/><W19/><G105/><T24/><D64/><U85/><E65/><V44/><AGARI ba="1,2" hai="14,16,21,42,44,48,56,60,66,80,83,86,90,95" machi="44" ten="30,8000,1" yaku="21,2,0,1,8,1,54,1,53,0" doraHai="132" doraHaiUra="119" who="2" fromWho="2" sc="175,-21,355,-21,215,103,235,-41" /><INIT seed="4,0,0,5,0,57" ten="154,334,318,194" oya="0" hai0="76,94,105,131,68,67,34,45,64,43,100,90,85" hai1="6,132,93,123,17,0,113,87,18,22,70,32,50" hai2="44,47,65,78,120,110,133,10,20,98,119,82,54" hai3="13,92,66,1,42,108,21,33,103,39,49,51,55"/><T58/><D34/><U107/><E107/><V28/><F120/><W26/><G1/><T72/><D131/><U117/><E32/><V73/><F110/><W80/><G108/><T71/><D71/><U88/><E70/><V2/><F133/><W106/><G106/><T115/><D68/><U5/><E123/><V31/><F65/><W89/><G66/><T8/><D115/><U25/><E113/><V9/><F9/><W59/><G39/><T36/><D58/><U11/><E5/><V3/><F3/><W48/><G33/><T79/><D8/><U102/><E102/><V95/><F119/><W101/><G13/><T91/><D91/><U111/><E111/><V122/><F122/><W83/><G101/><T38/><D36/><U56/><E132/><V109/><F20/><W12/><G12/><T52/><D52/><U7/><E117/><V37/><F47/><N who="3" m="25719" /><G103/><T27/><D27/><U86/><E7/><N who="2" m="1399" /><F54/><W4/><G4/><T104/><D104/><U74/><E74/><V135/><F109/><W63/><G51/><T129/><D76/><U125/><E50/><V40/><F135/><W35/><G49/><T23/><D23/><U124/><E56/><V19/><F19/><N who="3" m="12607" /><G35/><T134/><D129/><U24/><E18/><V84/><F84/><AGARI ba="0,0" hai="55,59,63,80,83,84,89,92" m="12607,25719" machi="84" ten="30,2000,0" yaku="8,1,52,1" doraHai="57" who="3" fromWho="2" sc="154,0,334,0,318,-20,194,20" /><INIT seed="5,0,0,4,4,60" ten="154,334,298,214" oya="1" hai0="112,31,20,84,66,86,116,32,50,103,61,65,3" hai1="88,52,126,95,59,117,35,75,10,110,118,96,30" hai2="24,80,43,51,68,6,70,122,87,27,98,47,93" hai3="37,16,121,49,19,123,69,128,12,73,58,81,114"/><U39/><E39/><V92/><F122/><W57/><G37/><T99/><D116/><U5/><E75/><V63/><F6/><W90/><G69/><T64/><D3/><U18/><E126/><V15/><F15/><W79/><G114/><T56/><D112/><U22/><E30/><V33/><F93/><W74/><G128/><T83/><D32/><U134/><E35/><V44/><F44/><W41/><G73/><T8/><D50/><U115/><E134/><V67/><F70/><W108/><G108/><T135/><D135/><U94/><E94/><V34/><F34/><W71/><G71/><T77/><D86/><U82/><E82/><V72/><F72/><W17/><G12/><T89/><D8/><U130/><E130/><V97/><F97/><W29/><G29/><T25/><D77/><U111/><E115/><V101/><F33/><W36/><G36/><T113/><D113/><U4/><E117/><V129/><F129/><W124/><G124/><T14/><D14/><U2/><E5/><V42/><F42/><W119/><G119/><T9/><D9/><U23/><E118/><V0/><F0/><W120/><G90/><AGARI ba="0,0" hai="24,27,43,47,51,63,67,68,80,87,90,92,98,101" machi="90" ten="30,2000,0" yaku="7,1,52,1" doraHai="60" who="2" fromWho="3" sc="154,0,334,0,298,20,214,-20" /><INIT seed="6,0,0,3,0,132" ten="154,334,318,194" oya="2" hai0="52,113,35,127,34,58,7,26,76,116,0,89,12" hai1="92,87,72,28,94,115,70,74,10,97,123,69,33" hai2="119,122,66,51,45,18,8,91,81,11,117,85,96" hai3="36,24,101,95,77,133,75,110,40,107,1,73,63"/><V125/><F125/><W120/><G1/><T16/><D76/><U60/><E28/><V93/><F122/><W98/><G40/><T42/><D116/><U50/><E33/><V78/><F66/><W31/><G36/><T15/><D113/><U62/><E115/><V135/><F135/><W103/><G133/><T23/><D127/><U43/><E87/><V71/><F71/><W56/><G110/><T38/><D38/><U83/><E10/><V112/><F112/><W25/><G120/><T32/><D42/><U64/><E123/><V126/><F126/><W37/><G37/><T118/><D118/><U53/><E43/><V109/><F109/><W65/><G77/><T4/><D89/><U99/><E83/><V47/><F47/><W49/><G25/><T55/><D55/><U61/><E61/><V21/><F119/><W102/><G49/><T48/><REACH who="0" step="1"/><D0/><REACH who="0" ten="144,334,318,194" step="2"/><U114/><E114/><V9/><F117/><W17/><G102/><T129/><D129/><U59/><E53/><V54/><REACH who="2" step="1"/><F18/><REACH who="2" ten="144,334,308,194" step="2"/><W44/><G17/><T6/><AGARI ba="0,2" hai="4,6,7,12,15,16,23,26,32,34,35,48,52,58" machi="6" ten="40,8000,1" yaku="1,1,0,1,54,2,53,0" doraHai="132" doraHaiUra="90" who="0" fromWho="0" sc="144,100,334,-20,308,-40,194,-20" /><INIT seed="7,0,0,3,3,87" ten="244,314,268,174" oya="3" hai0="78,34,55,129,42,79,27,131,53,63,133,112,94" hai1="52,103,99,28,97,20,18,102,98,74,132,38,82" hai2="109,33,135,3,88,31,30,56,105,36,46,110,26" hai3="81,66,14,72,93,76,7,47,96,106,39,126,83"/><W17/><G126/><T10/><D133/><U45/><E38/><V130/><F135/><W77/><G106/><T25/><D42/><U62/><E28/><V15/><F105/><W49/><G7/><T19/><D112/><U51/><E132/><V120/><F3/><W95/><G66/><T35/><D94/><U40/><E74/><V11/><F130/><N who="0" m="49674" /><D63/><U2/><E2/><V8/><F8/><W16/><G39/><T57/><D57/><N who="1" m="35111" /><E82/><N who="3" m="31242" /><G72/><T24/><D19/><N who="3" m="7241" /><G14/><AGARI ba="0,0" hai="14,18,20,40,45,51,97,98,99,102,103" m="35111" machi="14" ten="30,2000,0" yaku="8,1,54,1" doraHai="87" who="1" fromWho="3" sc="244,0,314,20,268,0,174,-20" owari="244,-16.0,334,44.0,268,7.0,154,-35.0" /></mjloggm>