<mjloggm ver="2.3"><GO type="169" lobby="0"/><UN n0="%E3%81%8D%E3%81%BF%E3%81%9F%E3%81%BE%E3%81%94" n1="%E4%BF%BA%E3%81%AE%E5%AB%81" n2="%E5%B0%B1%E6%B4%BB%E7%94%9F%40%E5%B7%9D%E6%9D%91%E8%BB%8D%E5%9B%A3" n3="%E3%81%BE%E3%81%AA%E3%81%84%E3%81%9F%E3%82%88%E3%81%86%E3%81%98%E3%82%87" dan="16,16,16,16" rate="2140.38,2087.94,2160.98,2088.37" sx="M,F,M,M"/><TAIKYOKU oya="0"/><INIT seed="0,0,0,0,2,11" ten="250,250,250,250" oya="0" hai0="87,103,2,83,33,102,58,85,56,117,86,135,25" hai1="55,126,26,110,35,92,114,76,10,118,59,88,9" hai2="4,38,97,82,105,30,131,111,48,90,31,112,54" hai3="121,74,49,107,40,79,51,64,36,81,104,89,1"/><T16/><D2/><U123/><E118/><V73/><F38/><W44/><G121/><T84/><D135/><U70/><E123/><V0/><F112/><W61/><G89/><T29/><D117/><U75/><E70/><V69/><F69/><W98/><G98/><T53/><D58/><U65/><E65/><V100/><F111/><W71/><G49/><T66/><D66/><U108/><E126/><V46/><F131/><W115/><G115/><T129/><D129/><U20/><E35/><V57/><F0/><W78/><G78/><T14/><N who="0" m="22016" /><DORA hai="91" /><T109/><D83/><U128/><E128/><V3/><F3/><W17/><G51/><T43/><D43/><U67/><E67/><V21/><F4/><W41/><G41/><T39/><D39/><U130/><E114/><V47/><F90/><W45/><G45/><T32/><D32/><U7/><E130/><V13/><F47/><W133/><G133/><T120/><D120/><U15/><E9/><V125/><F125/><W37/><G37/><T72/><D72/><U77/><E75/><V95/><F105/><W119/><G119/><T101/><D109/><N who="1" m="42091" /><E55/><V8/><F21/><W62/><G1/><T12/><REACH who="0" step="1"/><D16/><REACH who="0" ten="240,250,250,250" step="2"/><N who="1" m="12551" /><E59/><V116/><F57/><W113/><G113/><T94/><D94/><U5/><E5/><V122/><F122/><W63/><G17/><T23/><D23/><U127/><E127/><V42/><F116/><W18/><G18/><T124/><D124/><U80/><E80/><V50/><F82/><W34/><G34/><T106/><D106/><U24/><E24/><V19/><F73/><RYUUKYOKU ba="0,1" sc="240,0,250,0,250,0,250,0" hai0="12,14,25,29,33,53,56,101,102,103" hai1="7,10,15,76,77,88,92" hai2="8,13,19,30,31,42,46,48,50,54,95,97,100" hai3="36,40,44,61,62,63,64,71,74,79,81,104,107" /><INIT seed="0,1,1,4,0,5" ten="240,250,250,250" oya="0" hai0="75,87,132,71,43,54,119,49,24,109,53,118,50" hai1="37,7,88,129,72,78,126,1,33,11,135,115,111" hai2="70,93,106,81,44,94,131,112,91,66,90,83,110" hai3="9,125,67,21,121,97,45,85,63,117,77,32,100"/><T56/><D75/><U36/><RYUUKYOKU type="yao9" ba="1,1" sc="240,0,250,0,250,0,250,0" hai1="1,7,11,33,36,37,72,78,88,111,115,126,129,135" /><INIT seed="0,2,1,2,2,36" ten="240,250,250,250" oya="0" hai0="116,3,44,97,64,21,94,74,24,91,121,93,83" hai1="127,62,57,108,90,41,0,54,25,96,78,132,98" hai2="22,6,61,52,82,110,23,7,45,80,11,15,134" hai3="63,32,1,105,86,114,47,122,48,9,75,106,112"/><T125/><D3/><U92/><E0/><V30/><F110/><W42/><G75/><T65/><D125/><U39/><E108/><V89/><F134/><W69/><G32/><T56/><D116/><U77/><E132/><V129/><F129/><W49/><G122/><T29/><D121/><U19/><E127/><V12/><F30/><W34/><G34/><T40/><D56/><U28/><E19/><V135/><F135/><W109/><G109/><T103/><D83/><N who="2" m="31786" /><F89/><W104/><G86/><T101/><D74/><U113/><E113/><V55/><F61/><W50/><G63/><T88/><D101/><U31/><E31/><V81/><F81/><W58/><G69/><T10/><D10/><U17/><E17/><V13/><F45/><W35/><G35/><T95/><D103/><U72/><E72/><V70/><F70/><W20/><G20/><N who="2" m="7721" /><F11/><W60/><G9/><T51/><D95/><U14/><E98/><AGARI ba="2,1" hai="21,24,29,40,44,51,64,65,88,91,93,94,97,98" machi="98" ten="30,12000,1" yaku="7,1,9,1,8,1,52,1,54,1" doraHai="36" who="0" fromWho="1" sc="240,136,250,-126,250,0,250,0" /><INIT seed="0,3,0,3,5,63" ten="376,124,250,250" oya="0" hai0="14,125,17,22,99,4,59,64,119,26,103,37,7" hai1="130,126,117,40,19,111,32,61,79,13,20,43,107" hai2="105,12,129,53,15,97,106,110,16,29,68,23,6" hai3="25,86,31,94,42,50,72,51,83,85,36,60,121"/><T55/><D37/><U18/><E117/><V2/><F110/><W92/><G72/><T84/><D119/><U100/><E111/><V96/><F129/><W67/><G36/><T116/><D125/><U21/><E130/><V62/><F2/><W122/><G42/><T95/><D116/><U131/><E131/><V133/><F133/><W124/><G124/><T33/><D33/><U73/><E126/><V27/><F6/><W75/><G75/><T34/><D34/><U123/><E32/><V45/><F15/><W91/><G25/><T74/><D74/><U109/><E123/><N who="3" m="47114" /><G31/><T71/><D84/><U76/><E109/><V38/><F38/><W56/><G94/><T52/><D71/><U112/><E112/><V0/><F0/><W48/><G48/><T102/><D102/><U82/><E79/><AGARI ba="3,0" hai="50,51,56,60,67,79,83,85,86,91,92" m="47114" machi="79" ten="30,2000,0" yaku="13,1,52,1" doraHai="63" who="3" fromWho="1" sc="376,0,124,-29,250,0,250,29" /><INIT seed="1,0,0,2,0,13" ten="376,95,250,279" oya="1" hai0="5,89,115,117,38,25,32,80,39,28,44,126,23" hai1="31,88,20,0,49,68,85,82,83,6,63,4,8" hai2="101,22,86,104,26,121,10,30,130,65,72,21,108" hai3="95,48,91,79,116,34,129,112,125,70,43,52,75"/><U119/><E119/><V122/><F72/><W61/><G112/><T76/><D126/><U67/><E6/><V124/><F124/><W74/><G125/><T109/><D109/><U131/><E131/><V94/><F104/><W97/><G129/><T78/><D115/><U57/><E31/><V69/><F130/><W62/><G116/><T51/><D78/><U16/><E49/><V96/><F108/><W90/><G34/><T66/><D66/><U37/><E37/><V14/><F22/><W46/><G79/><T87/><D5/><U59/><REACH who="1" step="1"/><E83/><REACH who="1" ten="376,85,250,279" step="2"/><V118/><F118/><W93/><G48/><T110/><D110/><U19/><E19/><V98/><F121/><W103/><G61/><T45/><D117/><U17/><E17/><V12/><F122/><W134/><G62/><T41/><D41/><U127/><E127/><V58/><F30/><W35/><G43/><T113/><D39/><U40/><E40/><V77/><F14/><AGARI ba="0,1" hai="0,4,8,14,16,20,57,59,63,67,68,82,85,88" machi="14" ten="30,12000,1" yaku="1,1,7,1,52,1,54,2,53,0" doraHai="13" doraHaiUra="27" who="1" fromWho="2" sc="376,0,85,130,250,-120,279,0" /><INIT seed="1,1,0,1,1,106" ten="376,215,130,279" oya="1" hai0="18,48,56,81,69,29,21,123,11,120,33,87,110" hai1="79,41,8,132,44,7,101,77,30,25,4,99,54" hai2="55,133,129,10,68,37,2,105,100,118,78,9,43" hai3="121,108,13,6,84,85,46,65,26,109,61,70,31"/><U0/><E132/><V117/><F55/><W38/><G121/><T73/><D69/><U116/><E116/><V107/><F78/><W35/><G6/><T50/><D110/><N who="3" m="42601" /><G13/><T94/><D33/><U86/><E7/><V88/><F2/><W104/><G104/><T130/><D29/><U66/><E66/><V93/><F133/><W71/><G71/><T5/><D130/><U39/><E86/><V32/><F32/><W59/><G70/><T125/><D125/><U15/><E54/><V131/><F68/><W16/><G16/><T1/><D50/><U82/><E0/><V114/><F114/><W17/><G17/><T134/><D48/><U113/><E113/><V83/><F83/><W22/><G35/><T28/><D56/><U24/><E82/><V98/><F43/><AGARI ba="1,0" hai="22,26,31,38,43,46,59,61,65,84,85" m="42601" machi="43" ten="30,1000,0" yaku="14,1" doraHai="106" who="3" fromWho="2" sc="376,0,215,0,130,-13,279,13" /><INIT seed="2,0,0,1,3,79" ten="376,215,117,292" oya="2" hai0="115,9,28,123,119,3,81,69,91,38,67,41,32" hai1="105,118,49,53,64,103,85,128,44,35,22,100,25" hai2="8,12,58,130,101,133,45,17,21,92,2,23,20" hai3="4,110,125,84,90,121,46,120,6,107,7,97,27"/><V37/><F130/><W77/><G110/><T89/><D115/><U42/><E118/><V126/><F126/><W94/><G125/><T113/><D113/><U19/><E128/><V51/><F133/><W47/><G27/><T43/><D123/><U127/><E127/><V16/><F37/><W36/><G36/><T48/><D48/><N who="1" m="26647" /><E35/><V61/><F2/><W134/><G134/><T13/><D3/><U65/><E85/><V1/><F1/><W14/><G14/><T116/><D28/><U124/><E105/><V24/><F92/><W59/><G59/><T56/><D69/><U95/><E124/><V18/><F101/><N who="1" m="38985" /><E95/><V34/><F34/><W76/><G107/><T31/><D38/><U114/><E114/><V5/><F24/><W78/><G121/><T15/><D32/><U26/><E25/><V112/><F112/><W29/><G29/><T52/><D31/><U75/><E75/><V54/><REACH who="2" step="1"/><F23/><REACH who="2" ten="376,215,107,292" step="2"/><W82/><G120/><T132/><D132/><U131/><E131/><V40/><AGARI ba="0,1" hai="5,8,12,16,17,18,20,21,40,45,51,54,58,61" machi="40" ten="30,12000,1" yaku="1,1,2,1,0,1,8,1,54,1,53,0" doraHai="79" doraHaiUra="87" who="2" fromWho="2" sc="376,-40,215,-40,107,130,292,-40" /><INIT seed="2,1,0,0,5,86" ten="336,175,237,252" oya="2" hai0="101,121,102,22,5,84,131,24,21,18,41,20,54" hai1="56,36,75,31,51,29,87,15,117,98,68,133,28" hai2="129,32,130,100,134,111,48,92,135,112,93,57,47" hai3="19,107,14,1,42,17,77,2,50,25,99,64,53"/><V60/><F32/><W90/><G42/><T91/><D131/><N who="2" m="50186" /><F112/><W103/><G77/><T83/><D41/><U62/><E75/><V97/><F111/><W74/><G74/><T7/><D121/><U39/><E68/><V96/><F47/><W13/><G64/><T3/><D3/><U63/><E117/><V12/><F12/><W115/><G25/><N who="0" m="14487" /><D54/><U16/><E133/><N who="2" m="50699" /><F48/><W72/><G72/><T108/><D108/><U61/><E36/><V81/><F81/><W38/><G38/><T123/><D123/><U37/><E37/><V52/><F96/><W70/><G115/><T79/><D22/><N who="1" m="11551" /><E39/><V23/><F23/><W59/><G2/><T95/><D7/><U46/><E98/><V110/><F110/><W125/><G1/><T106/><D5/><U6/><E6/><V94/><AGARI ba="1,0" hai="52,57,60,92,93,94,97,100" m="50699,50186" machi="94" ten="40,7800,0" yaku="19,1,20,1,54,1" doraHai="86" who="2" fromWho="2" sc="336,-27,175,-27,237,81,252,-27" /><INIT seed="2,2,0,4,3,12" ten="309,148,318,225" oya="2" hai0="89,2,105,130,28,6,36,19,114,96,78,92,10" hai1="129,103,11,46,59,49,40,42,18,127,1,83,84" hai2="0,67,50,62,4,108,21,20,97,101,94,17,99" hai3="35,30,5,71,24,72,74,8,104,123,16,120,58"/><V60/><F108/><W128/><G71/><T68/><D36/><U131/><E127/><V13/><F0/><W47/><G104/><T75/><D68/><U22/><E103/><V52/><F4/><W48/><G128/><T106/><D28/><U85/><E42/><V86/><F86/><W93/><G58/><T121/><D121/><U29/><E29/><V73/><F73/><W66/><G66/><T107/><D114/><U7/><E59/><N who="2" m="37279" /><F97/><W134/><G134/><T118/><D130/><N who="1" m="49675" /><E83/><V115/><F115/><W51/><G51/><T45/><D118/><U41/><E41/><V132/><F62/><W135/><G135/><T98/><D78/><U37/><E37/><V116/><F132/><W119/><G119/><T65/><D75/><U95/><E95/><V117/><F117/><W39/><G39/><T109/><D109/><U113/><E113/><V32/><F32/><W14/><G74/><T3/><D3/><U76/><E76/><V15/><F116/><W61/><G72/><T55/><D65/><U90/><E90/><V25/><F21/><N who="3" m="11415" /><G61/><T56/><D105/><U38/><E38/><V34/><F34/><W81/><G93/><T69/><D107/><U126/><E126/><V44/><AGARI ba="2,0" hai="13,15,17,20,25,44,50,52,94,99,101" m="37279" machi="44" ten="30,6000,0" yaku="8,1,52,1,54,1" doraHai="12" who="2" fromWho="2" sc="309,-22,148,-22,318,66,225,-22" /><INIT seed="2,3,0,5,5,31" ten="287,126,384,203" oya="2" hai0="21,64,74,38,68,13,76,104,132,97,0,50,52" hai1="6,4,9,134,35,37,99,60,100,15,12,125,118" hai2="57,40,70,24,82,30,46,78,63,94,92,23,5" hai3="129,69,44,29,77,26,55,14,41,133,111,113,33"/><V110/><F70/><W84/><G111/><T85/><D0/><U3/><E37/><V71/><F71/><W87/><G129/><T131/><D38/><U89/><E118/><V53/><F5/><W122/><G122/><T75/><D132/><U8/><E134/><V116/><F116/><W83/><G133/><T103/><D68/><U90/><E125/><V93/><F110/><W108/><G108/><T7/><D64/><U96/><E3/><V81/><REACH who="2" step="1"/><F78/><REACH who="2" ten="287,126,374,203" step="2"/><W107/><G69/><T16/><D7/><U43/><E6/><V67/><F67/><W109/><G109/><T39/><D131/><U51/><E4/><V127/><F127/><W115/><G77/><T2/><D2/><U101/><E60/><V79/><F79/><W98/><G115/><T27/><D75/><U72/><E72/><V56/><F56/><W66/><G66/><T28/><D74/><U10/><E10/><V20/><F20/><W91/><G113/><T120/><D120/><U117/><E117/><V114/><F114/><W130/><G130/><T65/><D65/><U58/><E58/><V49/><AGARI ba="3,1" hai="23,24,30,40,46,49,53,57,63,81,82,92,93,94" machi="49" ten="30,6000,0" yaku="1,1,0,1,8,1,53,0" doraHai="31" doraHaiUra="106" who="2" fromWho="2" sc="287,-23,126,-23,374,79,203,-23" /><INIT seed="2,4,0,0,0,62" ten="264,103,453,180" oya="2" hai0="4,7,12,25,20,107,30,125,37,67,102,66,104" hai1="13,83,49,101,56,113,60,44,129,73,126,82,92" hai2="78,87,43,106,50,116,122,17,131,68,24,80,48" hai3="63,127,117,69,133,114,118,70,57,76,88,108,81"/><V32/><F116/><W103/><G108/><T91/><D37/><U39/><E129/><V42/><F122/><W111/><G111/><T11/><D125/><U96/><E126/><V28/><F68/><W23/><G127/><T58/><D58/><U109/><E109/><V0/><F0/><W31/><G103/><T94/><D7/><U121/><E121/><V55/><F106/><W35/><G35/><T18/><D102/><U27/><E113/><V51/><F131/><W59/><G59/><T120/><D120/><U40/><E73/><V119/><F119/><W36/><G36/><T71/><D71/><U34/><E39/><V61/><F17/><W6/><G69/><T52/><D52/><U98/><E13/><V77/><F77/><W14/><G70/><T123/><D123/><U33/><E33/><V9/><F9/><N who="3" m="4407" /><G133/><T75/><D75/><U85/><E85/><V16/><F16/><W64/><G114/><T130/><D130/><U79/><E79/><V46/><F42/><W135/><G135/><T86/><REACH who="0" step="1"/><D4/><REACH who="0" ten="254,103,453,180" step="2"/><U99/><E101/><V38/><REACH who="2" step="1"/><F61/><REACH who="2" ten="254,103,443,180" step="2"/><W95/><G63/><T5/><D5/><U15/><E60/><V26/><F26/><N who="3" m="16863" /><G117/><T124/><D124/><U105/><E27/><V41/><F41/><W97/><G118/><T29/><D29/><U53/><E40/><V3/><F3/><W89/><G76/><T54/><D54/><AGARI ba="4,2" hai="24,28,32,38,43,46,48,50,51,54,55,78,80,87" machi="54" ten="40,2000,0" yaku="1,1,53,0" doraHai="62" doraHaiUra="19" who="2" fromWho="0" sc="254,-32,103,0,443,52,180,0" /><INIT seed="2,5,0,5,0,60" ten="222,103,495,180" oya="2" hai0="123,133,22,33,11,52,114,92,50,10,111,8,122" hai1="69,84,34,14,21,117,51,101,82,59,75,100,2" hai2="1,73,105,19,16,23,120,44,13,7,109,57,110" hai3="26,77,6,12,5,28,87,124,49,112,3,80,125"/><V118/><F120/><W9/><G112/><T31/><D114/><U46/><E69/><V70/><F70/><W41/><G5/><T27/><D111/><N who="2" m="42506" /><F118/><W18/><G18/><T131/><D131/><U88/><E34/><V37/><F105/><W29/><G3/><T35/><D133/><U63/><E2/><V39/><F73/><W24/><G24/><T104/><D104/><U67/><E75/><V25/><F44/><N who="3" m="25743" /><G28/><T32/><REACH who="0" step="1"/><D92/><REACH who="0" ten="212,103,495,180" step="2"/><U121/><E121/><V74/><F74/><W72/><G72/><T71/><D71/><U64/><E117/><V30/><F57/><AGARI ba="5,1" hai="8,10,11,22,27,31,32,33,35,50,52,57,122,123" machi="57" ten="50,6400,0" yaku="1,1,54,1,53,1" doraHai="60" doraHaiUra="48" who="0" fromWho="2" sc="212,89,103,0,495,-79,180,0" /><INIT seed="3,0,0,1,1,85" ten="301,103,416,180" oya="3" hai0="71,68,75,134,38,43,121,103,58,31,27,16,123" hai1="54,96,65,69,55,37,79,97,57,53,30,114,47" hai2="21,93,126,73,91,1,117,41,10,36,51,5,23" hai3="135,25,70,13,66,113,95,116,56,35,130,42,133"/><W12/><G116/><T83/><D103/><U118/><E30/><V49/><F73/><W40/><G113/><T77/><D58/><U115/><E79/><V98/><F117/><W26/><G70/><N who="0" m="26667" /><D16/><U14/><E118/><V15/><F126/><W90/><G130/><T92/><D92/><U101/><E14/><N who="3" m="5738" /><G35/><N who="0" m="20991" /><D134/><N who="3" m="51209" /><G56/><T28/><D28/><U62/><E97/><V80/><F36/><W86/><G66/><T46/><AGARI ba="0,0" hai="38,43,46,75,77,83,121,123" m="20991,26667" machi="46" ten="30,1100,0" yaku="23,1" doraHai="85" who="0" fromWho="0" sc="301,11,103,-3,416,-3,180,-5" /><INIT seed="4,0,0,2,0,0" ten="312,100,413,175" oya="0" hai0="58,59,63,7,60,28,10,93,32,71,119,56,89" hai1="67,70,12,87,42,31,15,105,3,81,49,109,126" hai2="123,115,113,130,54,77,134,83,43,129,135,41,47" hai3="107,36,94,14,118,53,50,9,88,38,65,90,25"/><T86/><D119/><U102/><E3/><V122/><F83/><W62/><G107/><T85/><D32/><U104/><E126/><V120/><F77/><W80/><G118/><T17/><D28/><U112/><E109/><V37/><F54/><W69/><G25/><T121/><D17/><U73/><E73/><V74/><F43/><W6/><G80/><T66/><D121/><U1/><E1/><V64/><F64/><W132/><G132/><N who="2" m="50729" /><F74/><W128/><G128/><AGARI ba="0,0" hai="37,41,47,113,115,120,122,123,128,129,130" m="50729" machi="128" ten="40,8000,1" yaku="19,1,20,1,23,1,34,2" doraHai="0" who="2" fromWho="3" sc="312,0,100,0,413,80,175,-80" /><INIT seed="5,0,0,1,3,16" ten="312,100,493,95" oya="1" hai0="36,130,133,57,97,45,63,67,99,123,132,61,116" hai1="37,111,29,51,80,66,21,23,11,76,74,105,129" hai2="68,110,35,87,62,108,4,56,39,44,103,12,65" hai3="83,88,115,64,75,119,131,112,98,49,134,0,113"/><U15/><E37/><V18/><F35/><W72/><G0/><T10/><D10/><U26/><E105/><V118/><F118/><W40/><G64/><T107/><D99/><U28/><E129/><V96/><F4/><W24/><G131/><T7/><D7/><U33/><E111/><V48/><F39/><W14/><G119/><T54/><D97/><U120/><E120/><V38/><F38/><W128/><G128/><T78/><D78/><U114/><E114/><V32/><F32/><W92/><G134/><T79/><D79/><U19/><E66/><V117/><F117/><W41/><G14/><T13/><D13/><U69/><E69/><V25/><F25/><W89/><G24/><T55/><D107/><U121/><E121/><V42/><F68/><W52/><G89/><T30/><D30/><U101/><E29/><V90/><F96/><W59/><REACH who="3" step="1"/><G83/><REACH who="3" ten="312,100,493,85" step="2"/><T60/><D116/><U50/><REACH who="1" step="1"/><E101/><REACH who="1" ten="312,90,493,85" step="2"/><V94/><F103/><W31/><G31/><T124/><D130/><U81/><E81/><V84/><F108/><W86/><G86/><T34/><D123/><U20/><AGARI ba="0,2" hai="11,15,19,20,21,23,26,28,33,50,51,74,76,80" machi="20" ten="30,18000,2" yaku="1,1,0,1,52,3,53,1" doraHai="16" doraHaiUra="73" who="1" fromWho="1" sc="312,-60,90,200,493,-60,85,-60" /><INIT seed="5,1,0,1,3,131" ten="252,290,433,25" oya="1" hai0="66,13,117,23,9,87,79,12,45,102,38,71,84" hai1="77,28,99,63,60,39,75,41,6,72,81,127,55" hai2="100,57,133,48,64,53,50,124,0,58,110,89,22" hai3="116,46,92,69,1,108,40,19,82,36,96,33,109"/><U8/><E127/><V49/><F0/><W107/><G116/><T11/><D71/><U91/><E28/><V90/><F110/><W14/><G1/><T43/><D66/><U21/><E75/><V27/><F124/><W59/><G69/><T7/><D117/><U123/><E123/><V20/><F133/><W2/><G2/><T134/><D134/><U29/><E99/><V15/><F100/><W30/><G107/><T135/><D135/><U119/><E119/><V93/><F15/><W31/><G82/><T68/><D68/><U103/><E91/><V70/><F70/><W10/><G59/><T26/><D102/><U115/><E103/><V76/><F76/><W65/><G65/><T111/><D79/><U34/><E55/><V125/><F125/><W32/><G31/><T94/><D94/><U85/><E21/><V120/><F120/><W95/><G95/><T42/><D42/><U105/><E105/><V24/><F64/><W80/><G80/><T56/><D56/><N who="2" m="21610" /><F53/><W44/><G44/><T101/><D101/><U98/><E98/><N who="2" m="57647" /><F90/><W83/><G83/><T67/><D67/><U61/><E72/><V112/><F112/><W97/><G92/><T86/><D111/><N who="3" m="42569" /><G33/><T126/><D126/><U130/><E34/><V18/><F50/><W4/><G4/><T37/><D45/><N who="1" m="23743" /><E115/><V122/><F122/><W106/><G106/><T17/><REACH who="0" step="1"/><D43/><REACH who="0" ten="242,290,433,25" step="2"/><U47/><E47/><V35/><F35/><W78/><G78/><T132/><D132/><U73/><E73/><V51/><F51/><W88/><G88/><T104/><D104/><U52/><E77/><RYUUKYOKU ba="1,1" sc="242,10,290,-30,433,10,25,10" hai0="7,9,11,12,13,17,23,26,37,38,84,86,87" hai2="18,20,22,24,27,48,49" hai3="10,14,19,30,32,36,40,46,96,97" /><INIT seed="6,2,1,2,3,85" ten="252,260,443,35" oya="2" hai0="53,36,118,84,120,59,60,98,0,119,124,61,99" hai1="30,68,42,74,25,38,15,77,117,23,105,104,3" hai2="10,128,103,44,54,55,108,127,41,134,89,7,17" hai3="101,31,8,40,27,78,97,69,130,135,115,109,24"/><V21/><F108/><W83/><G109/><T70/><D36/><U28/><E117/><V45/><F103/><W26/><G130/><T39/><D39/><U112/><E28/><V76/><F76/><W71/><G135/><T16/><D0/><U9/><E68/><V1/><F128/><W34/><G115/><T35/><D35/><N who="1" m="20943" /><E15/><V82/><F134/><W22/><G40/><T94/><D120/><U113/><E23/><V121/><F121/><W102/><G8/><T110/><D124/><U131/><E131/><V65/><F65/><W114/><G102/><T13/><D110/><U123/><E123/><V90/><F127/><W100/><G100/><T49/><D70/><U4/><E77/><V46/><F41/><W73/><G27/><T18/><D18/><U63/><E63/><N who="0" m="24137" /><D118/><U33/><E33/><V67/><F67/><W66/><G114/><N who="1" m="44138" /><E74/><V5/><F82/><W19/><REACH who="3" step="1"/><G66/><REACH who="3" ten="252,260,443,25" step="2"/><T64/><D64/><U116/><E116/><V126/><F126/><W48/><G48/><T133/><D133/><U43/><E42/><V56/><F5/><W57/><G57/><T2/><D119/><U12/><E43/><V58/><F58/><W72/><G72/><T75/><D75/><U62/><E38/><V11/><F11/><W6/><G6/><T37/><D37/><U91/><E62/><V14/><F56/><W111/><G111/><T51/><D51/><U50/><E50/><V129/><F129/><W95/><AGARI ba="2,2" hai="19,22,24,26,31,34,69,71,73,78,83,95,97,101" machi="95" ten="20,2700,0" yaku="1,1,0,1,7,1,53,0" doraHai="85" doraHaiUra="47" who="3" fromWho="3" sc="252,-9,260,-9,443,-15,25,53" /><INIT seed="7,0,0,4,1,83" ten="243,251,428,78" oya="3" hai0="64,80,118,90,129,109,18,59,50,116,2,114,34" hai1="4,41,95,85,131,107,57,101,120,38,92,121,20" hai2="55,3,47,33,27,26,46,62,123,9,65,8,13" hai3="49,127,53,44,89,108,6,122,22,63,39,15,67"/><W119/><G119/><T37/><D37/><U128/><E107/><V29/><F123/><W91/><G122/><T134/><D34/><U28/><E4/><V104/><F104/><W19/><G127/><T98/><D2/><U11/><E11/><V117/><F117/><W105/><G108/><T12/><D109/><U81/><E57/><V54/><F26/><W0/><G105/><T100/><D100/><U111/><E111/><V126/><F126/><W96/><G96/><T14/><D14/><U31/><E41/><V102/><F102/><W73/><G73/><T7/><D7/><U72/><E38/><V110/><F3/><W93/><G39/><T76/><D134/><U35/><E35/><V10/><F13/><W51/><G51/><T68/><D68/><U36/><E36/><V42/><F110/><W61/><G61/><N who="0" m="37951" /><D50/><U75/><E20/><V25/><F25/><W135/><G135/><T125/><D129/><U16/><E16/><V86/><F42/><W82/><G82/><T24/><D24/><U23/><E81/><V40/><F40/><W17/><G17/><T130/><D130/><U132/><E23/><V71/><F47/><W133/><G133/><T113/><D125/><U21/><E21/><V115/><F115/><N who="0" m="44042" /><D90/><U77/><E132/><V112/><F112/><W94/><G6/><T1/><D98/><U70/><E101/><V79/><F46/><W32/><G32/><T30/><D30/><U88/><E31/><V43/><F43/><W106/><G106/><T84/><D1/><U48/><E28/><V52/><F33/><W69/><G0/><RYUUKYOKU ba="0,0" sc="243,15,251,-15,428,-15,78,15" hai0="12,18,76,80,84,116,118" hai3="15,19,22,44,49,53,63,67,69,89,91,93,94" /><INIT seed="7,1,0,3,2,47" ten="258,236,413,93" oya="3" hai0="115,107,15,124,114,89,92,22,118,6,23,56,14" hai1="109,10,25,104,75,45,77,132,133,93,65,122,129" hai2="54,87,134,4,62,80,5,55,17,120,60,84,88" hai3="18,97,79,98,86,34,111,39,128,108,119,41,69"/><W16/><G119/><T68/><D68/><U27/><E104/><V49/><F134/><N who="1" m="51817" /><E109/><N who="3" m="42058" /><G34/><T96/><D124/><U30/><E122/><V126/><F126/><W66/><G128/><T37/><D37/><U90/><E65/><V52/><F120/><W43/><G69/><T67/><D107/><U123/><E123/><V8/><F84/><W103/><G66/><T50/><D118/><U95/><E10/><V127/><F127/><W38/><G79/><T20/><D67/><U7/><E7/><N who="2" m="2635" /><F49/><W2/><G2/><T76/><D76/><U83/><E90/><V78/><F78/><W91/><G86/><T117/><D117/><U1/><E1/><V70/><F70/><W102/><G91/><T31/><D31/><U40/><E129/><V26/><F26/><N who="1" m="9737" /><E30/><V110/><F110/><W28/><G28/><T73/><D73/><U113/><E113/><N who="0" m="43017" /><D6/><U0/><E0/><V21/><F21/><W48/><G39/><AGARI ba="1,0" hai="39,40,45,75,77,83,93,95" m="9737,51817" machi="39" ten="30,1000,0" yaku="20,1" doraHai="47" who="1" fromWho="3" sc="258,0,236,13,413,0,93,-13" owari="258,6.0,249,-15.0,413,51.0,80,-42.0" /></mjloggm>