<mjloggm ver="2.3"><GO type="41" lobby="0"/><UN n0="%E3%81%AF%E3%83%BC%E5%9D%8A" n1="%E3%83%BB%E3%81%93%E3%81%9F%E3%81%A4%E3%83%BB" n2="%34%E6%9C%88%31%34%E6%97%A5%E2%99%AA" n3="%E5%B0%B1%E6%B4%BB%E7%94%9F%40%E5%B7%9D%E6%9D%91%E8%BB%8D%E5%9B%A3" dan="14,14,14,18" rate="1899.97,1898.95,1936.05,2225.65" sx="M,M,M,M"/><TAIKYOKU oya="0"/><INIT seed="0,0,0,4,2,107" ten="250,250,250,250" oya="0" hai0="120,42,115,134,99,127,23,8,100,113,84,53,132" hai1="47,62,79,34,61,76,12,59,18,103,36,124,90" hai2="119,11,16,35,14,109,135,87,72,83,44,29,64" hai3="89,131,129,80,32,133,88,121,37,82,33,101,69"/><T40/><D120/><U22/><E34/><N who="3" m="13418" /><G69/><T46/><D8/><U78/><E124/><V49/><F109/><W73/><G37/><T48/><D84/><U27/><E103/><V51/><F135/><N who="0" m="51754" /><D23/><U105/><E105/><V45/><F119/><W116/><G133/><T10/><D10/><U111/><E111/><V24/><F64/><W63/><G63/><T66/><D127/><U20/><E90/><N who="3" m="34922" /><G116/><T74/><D74/><U97/><E97/><V52/><F72/><W75/><G101/><T81/><D81/><N who="3" m="31337" /><G121/><T2/><D2/><U123/><E123/><V104/><F104/><W21/><G21/><T25/><D25/><U77/><N who="1" m="19968" /><DORA hai="108" /><U86/><E86/><V26/><F26/><W118/><G118/><T110/><D110/><U65/><E62/><V71/><F71/><W98/><G98/><T92/><D66/><U15/><REACH who="1" step="1"/><E20/><REACH who="1" ten="250,240,250,250" step="2"/><V122/><F122/><W114/><G114/><AGARI ba="0,1" hai="40,42,46,48,53,92,99,100,113,114,115" m="51754" machi="114" ten="30,11600,0" yaku="20,1,52,3" doraHai="107,108" who="0" fromWho="3" sc="250,126,240,0,250,0,250,-116" /><INIT seed="0,1,0,3,4,57" ten="376,240,250,134" oya="0" hai0="115,94,119,29,40,7,131,47,27,130,87,101,45" hai1="62,32,69,6,105,80,26,37,114,51,12,66,90" hai2="116,3,31,56,125,82,20,46,85,127,89,9,98" hai3="30,39,14,18,43,58,13,10,88,110,71,100,53"/><T121/><D119/><U52/><E37/><V42/><F116/><W0/><G0/><T99/><D121/><U135/><E135/><V63/><F98/><W48/><G71/><T128/><D115/><U91/><E105/><V92/><F92/><W76/><G110/><T44/><D7/><U11/><E114/><V73/><F73/><W133/><G133/><T21/><REACH who="0" step="1"/><D87/><REACH who="0" ten="366,240,250,134" step="2"/><U117/><E117/><V122/><F122/><W118/><G118/><T124/><D124/><U54/><E32/><V78/><F127/><W70/><G30/><T72/><D72/><U4/><E4/><V103/><F125/><W112/><G112/><T64/><D64/><U59/><E54/><V61/><F3/><W60/><G53/><T95/><D95/><U35/><REACH who="1" step="1"/><E80/><REACH who="1" ten="366,230,250,134" step="2"/><V5/><F5/><W107/><G107/><T77/><D77/><U41/><E41/><AGARI ba="1,2" hai="21,27,29,40,41,44,45,47,94,99,101,128,130,131" machi="41" ten="50,4800,0" yaku="1,1,19,1,53,0" doraHai="57" doraHaiUra="67" who="0" fromWho="1" sc="366,71,230,-51,250,0,134,0" /><INIT seed="0,2,0,3,3,132" ten="437,179,250,134" oya="0" hai0="99,70,57,133,97,54,76,107,11,56,17,82,22" hai1="123,81,77,109,105,19,36,62,115,69,122,72,6" hai2="46,25,89,78,110,134,94,33,24,4,128,49,16" hai3="29,38,20,116,13,131,119,60,113,1,74,63,8"/><T75/><D70/><U120/><E109/><V66/><F134/><W126/><G38/><T18/><D133/><U129/><E129/><V125/><F128/><W26/><G74/><T104/><D11/><U0/><E19/><V51/><F110/><W35/><G131/><T59/><D54/><U67/><E115/><V55/><F78/><W27/><G113/><T44/><D44/><U130/><E130/><V103/><F103/><W121/><G121/><T85/><D75/><U15/><E15/><V102/><F102/><W111/><G111/><T45/><D45/><U61/><E61/><V41/><F66/><W7/><G63/><T96/><REACH who="0" step="1"/><D22/><REACH who="0" ten="427,179,250,134" step="2"/><U127/><E36/><V71/><F71/><W68/><G68/><T86/><D86/><U84/><E84/><V50/><F33/><W9/><G60/><T92/><D92/><U31/><E105/><AGARI ba="2,1" hai="17,18,56,57,59,76,82,85,96,97,99,104,105,107" machi="105" ten="50,2400,0" yaku="1,1,53,0" doraHai="132" doraHaiUra="23" who="0" fromWho="1" sc="427,40,179,-30,250,0,134,0" /><INIT seed="0,3,0,2,5,40" ten="467,149,250,134" oya="0" hai0="103,133,27,82,117,58,64,47,15,126,61,1,121" hai1="80,102,94,44,69,56,28,5,129,125,23,74,18" hai2="70,31,52,4,48,25,81,112,111,99,20,3,115" hai3="8,127,42,90,135,55,114,97,9,19,93,7,67"/><T83/><D117/><U2/><E69/><V131/><F111/><W78/><G114/><T39/><D1/><U106/><E106/><V32/><F70/><W79/><G127/><T132/><D121/><U105/><E105/><V50/><F131/><W116/><G116/><T124/><D27/><U62/><E125/><N who="0" m="48233" /><D103/><U110/><E110/><V0/><F50/><W30/><G135/><N who="0" m="51787" /><D15/><U11/><E129/><V119/><F119/><W88/><G30/><T29/><D29/><U35/><E74/><V89/><F32/><W100/><G19/><T71/><D83/><U84/><E94/><V54/><F4/><W60/><G9/><T68/><D82/><U63/><E102/><V65/><F3/><W95/><G8/><T38/><D38/><U123/><E123/><V91/><F0/><W66/><G7/><T24/><D24/><N who="1" m="18823" /><E56/><V75/><F81/><W130/><G100/><T36/><D36/><U59/><E59/><V16/><F75/><W113/><G130/><T134/><N who="0" m="51795" /><T122/><DORA hai="96" /><D122/><U26/><E26/><V77/><F31/><W41/><G97/><T46/><D39/><U49/><E84/><V22/><F99/><W76/><G76/><T98/><D98/><U72/><E72/><V57/><F77/><W34/><G34/><T109/><D109/><U87/><E87/><V85/><F85/><W128/><G128/><T45/><AGARI ba="3,0" hai="45,46,47,58,61,64,68,71" m="51795,48233" machi="45" ten="50,18000,2" yaku="18,1,20,1,34,2,52,3" doraHai="40,96" who="0" fromWho="0" sc="467,189,149,-63,250,-63,134,-63" /><INIT seed="0,4,0,5,5,100" ten="656,86,187,71" oya="0" hai0="6,38,18,101,57,35,55,91,123,73,117,34,81" hai1="69,41,113,42,0,134,109,132,37,124,89,28,58" hai2="107,19,4,67,12,25,105,71,87,88,129,7,49" hai3="102,85,9,110,127,20,36,125,126,104,106,13,83"/><T15/><D117/><U121/><E0/><V95/><F129/><W133/><G36/><T10/><D123/><U111/><E28/><V61/><F49/><W84/><G110/><N who="1" m="41994" /><E89/><V96/><F25/><W29/><G133/><N who="1" m="51306" /><E121/><V112/><F112/><W31/><G102/><T27/><D38/><U120/><E120/><V59/><F71/><W79/><G85/><T52/><D101/><U23/><E23/><V122/><F122/><W68/><G68/><T21/><D73/><U60/><E124/><V119/><F119/><W82/><G82/><T40/><D40/><N who="1" m="15467" /><E113/><V70/><F70/><W99/><G99/><T118/><D118/><U16/><E16/><V131/><F131/><W53/><G20/><T98/><D35/><U54/><E69/><V74/><F74/><W116/><G116/><T24/><D34/><U114/><E114/><V93/><F7/><N who="3" m="3263" /><G53/><T135/><D55/><U39/><AGARI ba="4,0" hai="37,39,54,58,60" m="15467,51306,41994" machi="39" ten="40,8000,1" yaku="14,1,20,1,34,2" doraHai="100" who="1" fromWho="1" sc="656,-44,86,92,187,-24,71,-24" /><INIT seed="1,0,0,3,2,40" ten="612,178,163,47" oya="1" hai0="19,34,10,20,70,81,134,105,8,11,69,30,67" hai1="89,124,106,109,47,121,44,16,104,130,52,135,51" hai2="0,64,2,59,131,43,50,15,41,118,68,133,103" hai3="37,22,3,98,78,82,42,7,101,45,75,74,76"/><U73/><E121/><V113/><F118/><W96/><G22/><T92/><D105/><U55/><E73/><V53/><F2/><W83/><REACH who="3" step="1"/><G101/><REACH who="3" ten="612,178,163,37" step="2"/><T117/><D34/><U72/><E109/><V49/><F113/><W31/><G31/><T13/><D117/><U71/><E135/><V112/><F133/><W14/><G14/><T36/><D134/><U95/><E130/><V80/><F112/><W58/><G58/><T119/><D30/><U110/><E110/><V111/><F103/><W29/><G29/><T62/><D119/><U65/><E124/><V129/><F15/><W99/><G99/><T123/><D123/><U86/><E16/><V90/><F0/><W100/><G100/><T108/><D108/><U57/><E72/><V9/><F111/><W84/><G84/><T33/><D33/><U1/><E1/><V115/><F115/><W127/><G127/><T61/><D70/><U97/><E97/><V6/><F68/><W77/><G77/><T116/><D116/><U63/><E57/><V94/><F59/><W114/><G114/><T66/><D69/><U60/><E60/><V25/><F25/><W35/><G35/><T24/><D62/><U87/><E87/><V88/><F9/><AGARI ba="0,1" hai="3,7,9,37,42,45,74,75,76,78,82,83,96,98" machi="9" ten="40,8000,1" yaku="1,1,9,1,25,2,52,1,53,0" doraHai="40" doraHaiUra="102" who="3" fromWho="2" sc="612,0,178,0,163,-80,37,90" /><INIT seed="2,0,0,4,1,67" ten="612,178,83,127" oya="2" hai0="118,115,36,86,47,70,46,44,100,22,97,75,106" hai1="14,82,128,85,24,60,29,134,5,7,96,94,110" hai2="109,10,41,37,111,40,98,133,81,74,78,90,12" hai3="89,27,45,68,119,42,84,83,17,101,135,124,120"/><V62/><F133/><W57/><G120/><T4/><D115/><U126/><E110/><N who="2" m="41995" /><F62/><W21/><G68/><T3/><D118/><U52/><E134/><V66/><F66/><W59/><G119/><T87/><D75/><U123/><E123/><V76/><F76/><W99/><G135/><T39/><D70/><U117/><E117/><V80/><F37/><W103/><G124/><T23/><D4/><U122/><E122/><V73/><F73/><W61/><G61/><T113/><D3/><U48/><E60/><V53/><F53/><W50/><G103/><T0/><D0/><U108/><E14/><V65/><F65/><W25/><G25/><T129/><D113/><U54/><E128/><V15/><F12/><W131/><G131/><T28/><D129/><U112/><E126/><V13/><F13/><W93/><AGARI ba="0,0" hai="17,21,27,42,45,50,57,59,83,84,89,93,99,101" machi="93" ten="20,2700,0" yaku="0,1,7,1,8,1" doraHai="67" who="3" fromWho="3" sc="612,-7,178,-7,83,-13,127,27" /><INIT seed="3,0,0,4,4,26" ten="605,171,70,154" oya="3" hai0="70,102,32,53,88,59,72,19,27,126,89,115,74" hai1="57,4,12,48,37,36,44,67,51,14,64,97,76" hai2="84,18,13,90,133,58,56,111,21,47,81,30,66" hai3="11,77,33,45,40,120,43,123,34,130,129,122,118"/><W105/><G105/><T112/><D70/><U71/><E76/><V106/><F106/><W100/><G100/><T134/><D102/><U28/><E97/><V16/><F111/><W24/><G118/><T29/><D19/><U85/><E85/><V73/><F73/><W20/><G77/><T92/><D126/><U41/><E28/><V2/><F133/><W103/><G103/><T104/><D89/><U87/><E87/><V61/><F2/><W117/><G11/><T98/><D134/><U82/><E82/><V101/><F101/><W0/><G0/><T80/><D104/><U31/><E31/><V54/><F47/><W1/><G1/><T35/><D35/><U39/><E4/><V96/><F96/><W135/><G135/><T83/><D83/><U50/><E12/><V69/><F69/><W63/><G63/><T68/><D68/><U46/><E14/><V78/><F78/><W9/><G9/><T22/><D32/><U121/><E121/><V114/><F114/><N who="0" m="43562" /><D80/><U113/><E113/><V6/><F6/><W23/><G120/><T79/><D79/><U55/><E71/><V86/><F84/><W17/><G17/><T125/><D125/><U7/><E7/><V91/><F91/><W8/><G8/><T108/><D108/><U128/><E128/><V62/><F13/><W5/><G5/><T15/><D15/><U124/><E124/><V3/><F3/><W49/><G123/><T119/><D119/><U38/><N who="1" m="9728" /><DORA hai="65" /><U132/><E132/><V94/><F81/><W10/><G122/><T116/><D116/><U109/><E109/><RYUUKYOKU ba="0,0" sc="605,10,171,10,70,10,154,-30" hai0="22,27,29,53,59,72,74,88,92,98" hai1="41,44,46,48,50,51,55,57,64,67" hai2="16,18,21,30,54,56,58,61,62,66,86,90,94" /><INIT seed="4,1,0,0,5,51" ten="615,181,80,124" oya="0" hai0="23,77,38,22,114,37,56,135,99,109,133,10,84" hai1="108,106,66,85,87,41,121,71,75,101,3,78,132" hai2="115,42,25,44,21,90,32,92,80,0,59,43,81" hai3="52,117,27,48,26,100,82,28,94,55,102,129,76"/><T119/><D114/><U67/><E3/><V11/><F32/><W72/><G117/><T2/><D119/><U50/><E121/><V40/><F115/><W31/><G129/><T36/><D99/><U6/><E6/><V98/><F0/><W15/><G15/><T103/><D103/><U45/><E108/><V68/><F68/><W123/><G123/><T24/><D2/><U95/><E106/><V16/><F11/><W73/><G94/><T33/><D10/><U4/><E4/><V113/><F113/><W57/><G73/><T96/><D96/><U97/><E132/><N who="0" m="50761" /><D109/><U34/><E34/><V91/><F91/><W134/><G134/><T47/><D56/><U88/><E71/><V105/><F105/><W12/><G12/><T89/><D77/><U29/><E29/><V8/><F8/><W17/><G17/><N who="0" m="12367" /><D23/><U64/><REACH who="1" step="1"/><E101/><REACH who="1" ten="615,171,80,124" step="2"/><V118/><F118/><W86/><G100/><T74/><D33/><U1/><E1/><V127/><F127/><W131/><G102/><T61/><D74/><U69/><E69/><V70/><F70/><W93/><G72/><T116/><D116/><U54/><E54/><V111/><F111/><W126/><G55/><T107/><D107/><U46/><E46/><V58/><F44/><W124/><G124/><T53/><D47/><U7/><E7/><V63/><F59/><W125/><G126/><T110/><D110/><U35/><E35/><V104/><F104/><W83/><G125/><T49/><D53/><AGARI ba="1,1" hai="16,21,25,40,42,43,53,58,63,80,81,90,92,98" machi="53" ten="40,8000,1" yaku="25,2,8,1,52,1,54,1" doraHai="51" who="2" fromWho="0" sc="615,-83,171,0,80,93,124,0" /><INIT seed="5,0,0,1,1,35" ten="532,171,173,124" oya="1" hai0="85,22,55,74,65,4,33,78,86,57,42,5,116" hai1="107,7,129,21,81,68,30,61,66,37,117,106,73" hai2="69,87,29,90,132,18,47,119,3,130,70,123,27" hai3="111,128,36,51,43,54,25,12,17,41,63,59,50"/><U75/><E117/><V79/><F123/><W112/><G111/><T26/><D33/><U91/><E129/><V1/><F119/><W102/><G128/><T15/><D116/><U71/><E37/><V135/><F130/><W44/><G112/><T114/><D74/><U92/><E71/><V89/><F47/><W84/><G102/><T39/><D114/><U127/><E127/><V120/><F120/><W40/><G25/><T95/><D95/><U126/><E126/><V88/><F18/><W62/><G84/><T96/><D39/><U118/><E118/><V31/><F87/><W64/><G17/><T48/><D65/><U100/><E7/><V23/><F79/><W97/><G12/><T98/><D42/><N who="3" m="16489" /><G97/><N who="0" m="37483" /><D15/><U83/><E100/><V28/><F23/><W56/><AGARI ba="0,0" hai="36,43,44,50,51,54,56,59,62,63,64" m="16489" machi="56" ten="30,8000,1" yaku="35,5" doraHai="35" who="3" fromWho="3" sc="532,-20,171,-40,173,-20,124,80" /><INIT seed="6,0,0,3,0,42" ten="512,131,153,204" oya="2" hai0="122,91,36,0,60,52,123,133,126,124,98,44,7" hai1="79,2,17,118,107,119,38,9,132,67,11,117,90" hai2="97,131,86,109,78,104,19,105,20,115,22,56,72" hai3="103,99,26,24,68,34,106,129,121,69,113,82,76"/><V14/><F72/><W53/><G121/><T8/><D133/><U77/><E132/><V130/><F115/><W62/><G129/><N who="2" m="49161" /><F109/><W111/><G111/><T64/><D36/><U95/><E107/><V58/><F22/><W40/><G40/><T12/><D0/><U41/><E67/><V92/><F78/><W120/><G120/><T114/><D114/><U85/><E11/><V4/><F4/><W73/><G113/><T112/><D112/><U10/><E10/><V102/><F86/><W54/><G26/><T75/><D75/><U21/><E9/><V101/><F102/><W3/><G3/><T57/><D122/><U65/><E65/><V51/><F51/><W61/><G61/><T47/><D123/><U15/><REACH who="1" step="1"/><E2/><REACH who="1" ten="512,121,153,204" step="2"/><V27/><F105/><W45/><G106/><T134/><D64/><U88/><E88/><V39/><F104/><W35/><G103/><T87/><D134/><U80/><E80/><V116/><F116/><W94/><G82/><N who="0" m="49655" /><D98/><U18/><E18/><N who="2" m="12695" /><F39/><W16/><G99/><T50/><D60/><U93/><E93/><V46/><F101/><W135/><G62/><T74/><D74/><U71/><E71/><V127/><F97/><W108/><G69/><T43/><D43/><U6/><E6/><V37/><F92/><W5/><G94/><T49/><D49/><U13/><E13/><V125/><F125/><AGARI ba="0,1" hai="7,8,12,44,47,50,52,57,124,125,126" m="49655" machi="125" ten="30,7700,0" yaku="18,1,52,2,54,1" doraHai="42" who="0" fromWho="2" sc="512,87,121,0,153,-77,204,0" /><INIT seed="7,0,0,2,5,11" ten="599,121,76,204" oya="3" hai0="110,118,77,106,112,131,70,47,25,109,111,99,20" hai1="113,21,83,18,89,108,74,78,120,16,117,43,127" hai2="87,50,37,30,123,76,65,55,59,27,73,91,133" hai3="8,6,9,84,28,54,23,122,56,33,10,60,44"/><W32/><G32/><T132/><D118/><U104/><E108/><V4/><F37/><W98/><G33/><T124/><D70/><U134/><E120/><V7/><F123/><W114/><G114/><T128/><D77/><U121/><E121/><V64/><F133/><W19/><G28/><T36/><D106/><U35/><E35/><V53/><F73/><W2/><G84/><T24/><D99/><U38/><E134/><V116/><F76/><W3/><G3/><T12/><D36/><U52/><E104/><V31/><F116/><W86/><G86/><T15/><D47/><U79/><E113/><V45/><F7/><W51/><G98/><T57/><D57/><U22/><E117/><V68/><F68/><W94/><G94/><T102/><D102/><U100/><E100/><V48/><F4/><W92/><G92/><T96/><D96/><U26/><E127/><V62/><F62/><W67/><G122/><T97/><D97/><U125/><E125/><V41/><F41/><W63/><G63/><T17/><D124/><U69/><E69/><V130/><F130/><N who="0" m="49706" /><D112/><U119/><E119/><V40/><F40/><W61/><G61/><T95/><D95/><U88/><E79/><V81/><REACH who="2" step="1"/><F30/><REACH who="2" ten="599,121,66,204" step="2"/><W126/><G60/><T58/><D132/><U1/><E43/><V49/><F49/><W34/><G51/><T80/><D58/><U42/><E42/><V129/><F129/><W66/><G56/><T101/><D109/><U0/><E38/><V85/><F85/><W29/><G6/><T90/><D110/><U105/><E52/><V39/><F39/><RYUUKYOKU ba="0,1" sc="599,-10,121,-10,66,30,204,-10" hai2="27,31,45,48,50,53,55,59,64,65,81,87,91" owari="599,70.0,111,-29.0,96,-40.0,194,-1.0" /></mjloggm>