<mjloggm ver="2.3"><GO type="169" lobby="0"/><UN n0="%E5%B0%B1%E6%B4%BB%E7%94%9F%40%E5%B7%9D%E6%9D%91%E8%BB%8D%E5%9B%A3" n1="%E7%A0%B4%E5%B9%BB" n2="%E3%81%8D%E3%81%97%E3%82%8A%E3%81%A3%E3%81%97%E3%82%85" n3="%73%68%61%70%65%6C%65%72" dan="17,16,17,17" rate="2226.82,2099.54,2137.72,2169.25" sx="M,F,M,M"/><TAIKYOKU oya="0"/><INIT seed="0,0,0,1,4,83" ten="250,250,250,250" oya="0" hai0="134,50,38,120,109,118,111,11,26,29,13,86,67" hai1="123,61,49,94,128,32,113,45,51,64,57,47,63" hai2="24,131,62,55,106,79,81,37,14,96,115,92,70" hai3="15,9,43,91,31,40,12,21,90,33,103,3,116"/><T100/><D38/><U73/><E73/><V95/><F37/><W23/><G116/><T97/><D118/><U114/><E32/><V17/><F24/><W122/><G122/><T18/><D120/><U93/><E123/><V59/><F70/><W56/><G3/><T4/><D134/><U75/><E75/><V27/><F27/><W72/><G72/><T87/><D67/><U68/><E128/><V65/><F131/><W129/><G129/><T53/><D4/><U104/><E104/><V71/><F115/><N who="1" m="44041" /><E93/><V52/><F106/><W102/><G33/><T127/><D127/><U121/><E94/><V99/><F99/><W30/><REACH who="3" step="1"/><G56/><REACH who="3" ten="250,250,250,240" step="2"/><T117/><D117/><U80/><E121/><V36/><F71/><W25/><G25/><T126/><D126/><U42/><E47/><V60/><F96/><W69/><G69/><T35/><D97/><U0/><E0/><V7/><F59/><W34/><G34/><T105/><D105/><U10/><E57/><V88/><F60/><W101/><G101/><T84/><REACH who="0" step="1"/><D100/><REACH who="0" ten="240,250,250,240" step="2"/><U46/><E64/><V76/><F65/><W41/><G41/><T133/><D133/><U107/><E107/><V108/><F55/><W19/><G19/><T119/><D119/><U132/><E132/><V125/><F52/><W130/><G130/><T22/><D22/><U39/><E42/><V58/><F17/><W28/><G28/><T89/><D89/><U74/><E39/><V66/><F36/><W16/><G16/><T6/><D6/><U1/><E68/><V98/><F7/><W20/><G20/><T82/><D82/><RYUUKYOKU ba="0,2" sc="240,15,250,-15,250,-15,240,15" hai0="11,13,18,26,29,35,50,53,84,86,87,109,111" hai3="9,12,15,21,23,30,31,40,43,90,91,102,103" /><INIT seed="0,1,2,3,3,38" ten="255,235,235,255" oya="0" hai0="70,104,80,60,121,64,35,133,93,132,24,3,22" hai1="85,33,4,47,44,88,31,123,52,130,1,46,110" hai2="119,83,82,120,124,67,42,50,122,17,73,63,16" hai3="74,108,75,18,77,129,112,54,40,0,56,53,58"/><T78/><D121/><U5/><E123/><V79/><F124/><W114/><G0/><T62/><D104/><U59/><E110/><V37/><F37/><W48/><G108/><T13/><D3/><U34/><E130/><V103/><F103/><W91/><G129/><T127/><D127/><U45/><N who="1" m="11264" /><DORA hai="55" /><U99/><E99/><V21/><F50/><W51/><G18/><T111/><D111/><U84/><E84/><V100/><F100/><W19/><G19/><T131/><D131/><U92/><E31/><V7/><F7/><W76/><REACH who="3" step="1"/><G91/><REACH who="3" ten="255,235,235,245" step="2"/><T116/><D116/><U57/><E1/><V98/><F119/><W102/><G102/><T23/><D132/><U2/><E2/><V95/><F17/><W15/><G15/><T6/><D133/><U90/><E90/><V126/><F122/><W89/><G89/><T39/><D39/><U10/><E4/><V66/><F120/><W105/><G105/><T96/><D6/><U27/><E5/><V36/><F126/><W86/><G86/><T25/><D13/><U113/><E85/><V28/><F16/><W69/><G69/><T128/><D128/><U41/><E88/><V65/><F36/><W106/><G106/><T125/><D125/><U87/><E87/><V94/><F73/><W49/><G49/><T20/><D25/><U71/><E71/><V97/><F97/><W61/><G61/><N who="0" m="40207" /><D24/><U101/><E101/><V12/><F98/><W26/><G26/><T81/><D62/><N who="1" m="36135" /><E27/><V107/><F107/><W43/><AGARI ba="1,3" hai="40,43,48,51,53,54,56,58,74,75,76,77,112,114" machi="43" ten="25,16000,3" yaku="1,1,0,1,22,2,52,4,53,0" doraHai="38,55" doraHaiUra="32,118" who="3" fromWho="3" sc="255,-81,235,-41,235,-41,245,193" /><INIT seed="1,0,0,3,1,24" ten="174,194,194,438" oya="1" hai0="121,72,132,43,71,46,34,97,55,107,64,69,124" hai1="73,15,38,105,25,111,49,36,28,50,47,16,78" hai2="39,91,79,83,98,94,115,130,76,119,122,19,45" hai3="123,108,92,26,128,126,54,27,88,51,18,62,87"/><U5/><E105/><V23/><F119/><W11/><G123/><T100/><D121/><U112/><E112/><V68/><F68/><W110/><G128/><T117/><D117/><U93/><E5/><V120/><F130/><W85/><G126/><T135/><D72/><U75/><E50/><V67/><F67/><W82/><G62/><T99/><D124/><U60/><E60/><V113/><F45/><W58/><G11/><T30/><D97/><U95/><E111/><N who="3" m="42538" /><G18/><T102/><D102/><U53/><E38/><V9/><F9/><W129/><G129/><T103/><D103/><U29/><E36/><V0/><F79/><AGARI ba="0,0" hai="26,27,51,54,58,79,82,85,87,88,92" m="42538" machi="79" ten="30,2000,0" yaku="14,1,54,1" doraHai="24" who="3" fromWho="2" sc="174,0,194,0,194,-20,438,20" /><INIT seed="2,0,0,3,3,32" ten="174,194,174,458" oya="2" hai0="130,84,75,69,115,53,9,118,80,41,83,33,16" hai1="77,37,135,82,109,85,10,43,26,47,87,60,3" hai2="38,86,106,46,107,63,114,5,88,116,96,48,61" hai3="34,66,56,58,117,102,42,100,55,65,59,112,134"/><V50/><F116/><W91/><G117/><T104/><D115/><U97/><E109/><V70/><F38/><W98/><G112/><T81/><D118/><U76/><E135/><V132/><F114/><W28/><G134/><T64/><D130/><U49/><E97/><V6/><F132/><W90/><G42/><T133/><D33/><U89/><E60/><V30/><F30/><W36/><G36/><T79/><D133/><U20/><E37/><V1/><F96/><W14/><G34/><T74/><D104/><U52/><E43/><V127/><F127/><W131/><G131/><T19/><D41/><U71/><E71/><V125/><F125/><W21/><G55/><T94/><D53/><U23/><E76/><V124/><F124/><W7/><G28/><T92/><D64/><U24/><E10/><V54/><F70/><W12/><G7/><T123/><D69/><U128/><E3/><V105/><F6/><W111/><G111/><T62/><D62/><U35/><E128/><V93/><REACH who="2" step="1"/><F50/><REACH who="2" ten="174,194,164,458" step="2"/><W15/><G98/><T0/><D123/><U129/><E129/><V4/><F4/><W27/><G100/><T113/><D113/><U31/><REACH who="1" step="1"/><E26/><REACH who="1" ten="174,184,164,458" step="2"/><V44/><F44/><W99/><G99/><T101/><D101/><U8/><E8/><AGARI ba="0,2" hai="1,5,8,46,48,54,61,63,86,88,93,105,106,107" machi="8" ten="40,7700,0" yaku="1,1,52,1,54,1,53,0" doraHai="32" doraHaiUra="13" who="2" fromWho="1" sc="174,0,184,-77,164,97,458,0" /><INIT seed="2,1,0,2,5,84" ten="174,107,261,458" oya="2" hai0="34,55,124,62,113,38,96,135,88,125,105,109,110" hai1="116,51,127,22,31,47,106,35,123,37,20,30,102" hai2="43,66,103,114,67,97,126,15,59,75,3,70,23" hai3="107,130,119,21,100,64,80,108,4,12,122,93,95"/><V44/><F70/><W117/><G122/><T104/><D34/><U41/><E116/><V71/><F71/><W0/><G108/><N who="0" m="41579" /><D38/><U118/><E118/><V56/><F3/><W26/><G0/><T40/><D40/><U85/><E123/><V48/><F75/><W17/><G130/><T128/><D128/><U28/><E35/><V39/><F114/><W129/><G129/><T7/><D7/><U63/><E127/><N who="0" m="48713" /><D135/><U11/><E37/><V111/><F126/><W10/><G119/><T99/><D113/><U50/><E50/><V134/><F134/><W5/><G117/><T16/><D16/><U46/><E46/><V29/><F39/><W101/><G107/><N who="0" m="41035" /><D62/><U133/><E133/><V1/><F1/><W32/><G32/><T77/><D55/><U8/><E63/><V36/><F36/><W25/><G5/><T121/><D77/><U112/><E112/><V6/><F111/><W120/><G120/><T86/><D121/><U27/><E22/><V76/><F76/><W92/><G26/><T53/><D53/><U90/><E30/><V42/><F42/><W69/><G69/><T83/><AGARI ba="1,0" hai="83,86,88,96,99" m="41035,48713,41579" machi="83" ten="40,12000,2" yaku="14,1,18,1,34,2,52,1,54,1" doraHai="84" who="0" fromWho="0" sc="174,123,107,-31,261,-61,458,-31" /><INIT seed="3,0,0,4,1,130" ten="297,76,200,427" oya="3" hai0="82,81,1,43,60,99,19,91,25,36,95,62,105" hai1="78,83,46,67,75,114,20,70,21,109,87,11,24" hai2="32,26,66,123,47,86,41,40,120,27,22,93,6" hai3="29,30,128,124,68,84,35,9,50,106,39,34,100"/><W10/><G39/><T76/><D1/><U132/><E109/><V16/><F66/><W127/><G68/><T73/><D105/><U121/><E121/><V74/><F74/><W119/><G106/><T8/><D36/><U44/><E114/><V88/><F6/><W33/><G100/><T14/><D43/><U18/><E75/><V17/><F17/><W117/><G50/><T13/><D25/><U65/><E11/><N who="3" m="4106" /><G84/><T98/><D14/><U111/><E111/><V118/><F118/><N who="3" m="45067" /><G128/><T48/><D82/><U113/><E113/><V56/><F56/><W54/><G54/><T49/><D99/><U51/><E70/><V125/><F41/><W53/><G53/><T90/><D90/><U92/><E92/><V71/><F71/><W94/><G94/><T23/><D8/><U61/><E61/><V42/><F42/><W63/><G63/><T64/><D62/><U89/><E78/><V97/><F97/><W96/><G96/><T104/><D104/><U2/><E2/><V58/><F58/><AGARI ba="0,0" hai="13,19,23,48,49,58,60,64,73,76,81,91,95,98" machi="58" ten="30,1000,0" yaku="7,1" doraHai="130" who="0" fromWho="2" sc="297,10,76,0,200,-10,427,0" /><INIT seed="4,0,0,0,5,77" ten="307,76,190,427" oya="0" hai0="14,115,0,4,82,123,103,93,41,61,13,19,68" hai1="25,84,23,16,83,106,127,5,50,128,112,108,10" hai2="87,130,98,75,32,129,107,2,59,67,72,9,6" hai3="44,15,124,63,105,30,110,102,65,114,58,99,49"/><T60/><D123/><U33/><E108/><V26/><F59/><W76/><G110/><T80/><D0/><U57/><E128/><N who="2" m="49259" /><F67/><W64/><G114/><T22/><D115/><U39/><E112/><V36/><F36/><W109/><G109/><T86/><D41/><U47/><E127/><V46/><F46/><W131/><G124/><T120/><D120/><U73/><E39/><V125/><F87/><W122/><G122/><T17/><D4/><U121/><E121/><V21/><F32/><W111/><G111/><T135/><D68/><U38/><E38/><V12/><F12/><W91/><G131/><T101/><D93/><U79/><E33/><V28/><F125/><W24/><G76/><T45/><D45/><U18/><E57/><V117/><F117/><W92/><G15/><T20/><REACH who="0" step="1"/><D86/><REACH who="0" ten="297,76,190,427" step="2"/><U132/><E84/><V3/><F3/><W89/><G92/><T100/><D100/><AGARI ba="0,1" hai="2,6,9,21,26,28,72,75,98,100,107" m="49259" machi="100" ten="30,1000,0" yaku="19,1" doraHai="77" who="2" fromWho="0" sc="297,-10,76,0,190,20,427,0" /><INIT seed="5,0,0,0,3,32" ten="287,76,210,427" oya="1" hai0="36,130,9,60,44,30,7,23,112,126,3,113,50" hai1="93,134,17,0,80,135,133,2,65,131,13,115,48" hai2="123,42,69,34,72,19,117,12,5,99,121,125,41" hai3="61,84,78,56,88,76,11,25,90,118,128,87,54"/><U26/><E115/><N who="0" m="44105" /><D130/><U15/><E131/><V45/><F69/><W97/><G128/><T63/><D126/><U73/><E65/><V104/><F34/><W18/><G118/><T94/><D36/><U109/><E109/><V58/><F72/><W96/><G76/><T39/><D39/><U27/><E93/><V75/><F42/><W28/><G78/><T70/><D70/><U67/><E73/><V92/><F104/><W82/><G11/><T57/><D94/><U98/><E98/><V14/><F117/><W91/><G18/><T107/><D107/><U89/><E67/><V16/><F75/><W43/><G43/><N who="0" m="24863" /><D57/><U62/><E62/><V66/><F58/><W124/><G124/><T119/><D119/><U10/><E15/><V129/><F66/><W132/><G132/><T24/><AGARI ba="0,0" hai="3,7,9,23,24,30,60,63" m="24863,44105" machi="24" ten="30,2000,0" yaku="15,1,52,1" doraHai="32" who="0" fromWho="0" sc="287,20,76,-10,210,-5,427,-5" /><INIT seed="6,0,0,5,3,43" ten="307,66,205,422" oya="2" hai0="62,10,15,26,24,39,67,60,104,9,23,98,45" hai1="58,44,28,51,33,22,11,17,117,48,3,18,126" hai2="2,4,66,30,69,20,109,90,37,74,134,120,54" hai3="76,56,65,108,52,25,84,21,57,8,131,49,77"/><V55/><F74/><W31/><G108/><T93/><D104/><U80/><E117/><V7/><F120/><W95/><G131/><T32/><D32/><U132/><E126/><V42/><F69/><W36/><G36/><T64/><D39/><U99/><E132/><V75/><F66/><N who="0" m="25130" /><D45/><U97/><E33/><V1/><F75/><W35/><G35/><T133/><D133/><U46/><E3/><V61/><F134/><W50/><G8/><N who="0" m="3179" /><D15/><N who="1" m="7423" /><E28/><V92/><F37/><W100/><G84/><T72/><D72/><U113/><E58/><V123/><F42/><W110/><G110/><T71/><D71/><U68/><E80/><V128/><F109/><W78/><G65/><T53/><D53/><N who="1" m="29831" /><E68/><V127/><F127/><W14/><G14/><T41/><D41/><N who="1" m="25039" /><E113/><V106/><F2/><W89/><G57/><T112/><D112/><U0/><E0/><V103/><F1/><W27/><G27/><AGARI ba="0,0" hai="18,22,27,97,99" m="25039,29831,7423" machi="27" ten="30,3900,0" yaku="8,1,52,2" doraHai="43" who="1" fromWho="3" sc="307,0,66,39,205,0,422,-39" /><INIT seed="7,0,0,0,5,68" ten="307,105,205,383" oya="3" hai0="64,49,0,4,128,86,106,71,33,93,76,17,92" hai1="40,121,122,36,90,59,29,48,37,110,25,8,16" hai2="9,95,115,97,23,79,54,61,28,60,104,63,47" hai3="96,100,113,13,125,130,53,42,77,35,41,135,12"/><W70/><G70/><T80/><D106/><U31/><E110/><V74/><F104/><W133/><G35/><T45/><D128/><U105/><E105/><V50/><F74/><W118/><G118/><T120/><D120/><U112/><E122/><V32/><F32/><W99/><G130/><T7/><D33/><U82/><E121/><V103/><F115/><W84/><G113/><T89/><D0/><U52/><E112/><V85/><F9/><W78/><G53/><T55/><D92/><U119/><E119/><V27/><F85/><W124/><G84/><T134/><D134/><U1/><E31/><V65/><F79/><W14/><G14/><T20/><D64/><AGARI ba="0,0" hai="23,27,28,47,50,54,60,61,63,64,65,95,97,103" machi="64" ten="40,1300,0" yaku="8,1" doraHai="68" who="2" fromWho="0" sc="307,-13,105,0,205,13,383,0" owari="294,9.0,105,-39.0,218,-18.0,383,48.0" /></mjloggm>