<mjloggm ver="2.3"><GO type="225" lobby="0"/><UN n0="%E3%82%A6%E3%83%AB%E3%83%88%E3%83%A9%E7%AB%8B%E7%9B%B4" n1="%E3%81%8D%E3%81%BF%E3%81%9F%E3%81%BE%E3%81%94" n2="%72%69%6F%75%63%68%61%6E" n3="%79%6F%75%37%37%37" dan="17,16,16,16" rate="2188.07,2042.51,2068.32,2096.00" sx="M,M,M,M"/><TAIKYOKU oya="0"/><INIT seed="0,0,0,2,5,45" ten="250,250,250,250" oya="0" hai0="81,0,60,128,15,30,28,64,119,135,75,59,108" hai1="31,46,71,21,118,101,27,29,86,123,51,12,109" hai2="96,110,69,103,102,44,106,36,52,50,94,121,33" hai3="57,66,88,104,113,84,78,111,34,2,124,80,35"/><T22/><D0/><U62/><E109/><V47/><F121/><W18/><G111/><T92/><D119/><U11/><E123/><V55/><F110/><W13/><G113/><T72/><D108/><U65/><E118/><V67/><F33/><W79/><G2/><T4/><D128/><U70/><E101/><N who="2" m="60567" /><F106/><W68/><G68/><T38/><D38/><U99/><E99/><V134/><F69/><W40/><G104/><T6/><D135/><U115/><E86/><V20/><F36/><W9/><G40/><T122/><D122/><U87/><E87/><V16/><F67/><W25/><G124/><T53/><D64/><U14/><E70/><V56/><F134/><W54/><G66/><T98/><D81/><U116/><E115/><V85/><F85/><W132/><G132/><T37/><D37/><U129/><E129/><V114/><F114/><W107/><G107/><T97/><D97/><U131/><E131/><V10/><F10/><W93/><G25/><T24/><D75/><U120/><E120/><V23/><F23/><W125/><G125/><T77/><D72/><U61/><E116/><V117/><F117/><W49/><G78/><T130/><D77/><U82/><E82/><V5/><F5/><N who="0" m="2154" /><D15/><N who="1" m="5675" /><E65/><V112/><F112/><W91/><G91/><N who="0" m="55583" /><D130/><U48/><E71/><V42/><F42/><W26/><G26/><T90/><D90/><U19/><E11/><V133/><F133/><W105/><G105/><T127/><D127/><U8/><E8/><V74/><F74/><AGARI ba="0,0" hai="9,13,18,34,35,49,54,57,74,79,80,84,88,93" machi="74" ten="30,3900,0" yaku="7,1,52,1,54,1" doraHai="45" who="3" fromWho="2" sc="250,0,250,0,250,-39,250,39" /><INIT seed="1,0,0,2,5,40" ten="250,250,211,289" oya="1" hai0="86,97,57,29,115,117,81,124,102,32,114,134,70" hai1="133,82,75,123,13,84,9,2,68,48,74,11,76" hai2="49,37,77,45,95,106,26,0,28,12,120,46,22" hai3="129,44,51,73,113,127,47,60,94,108,78,4,96"/><U72/><E68/><V38/><F120/><W7/><G113/><T135/><D70/><U17/><E123/><V62/><F106/><W92/><G73/><T105/><D57/><U1/><E133/><N who="0" m="50697" /><D29/><U18/><E48/><V121/><F121/><W103/><G78/><N who="0" m="46391" /><D32/><U52/><E52/><V125/><F0/><W83/><G83/><T36/><D36/><U66/><E66/><V24/><F125/><W39/><G39/><T50/><D50/><U100/><E100/><V5/><F77/><W64/><G127/><T56/><D56/><U61/><E61/><V58/><F95/><W8/><G51/><T119/><D124/><U30/><E30/><V6/><F38/><W34/><G34/><T93/><D105/><U42/><E42/><V80/><F80/><W122/><G122/><T85/><D85/><U91/><E76/><V128/><F37/><W54/><G54/><T23/><D23/><U99/><E99/><V27/><F49/><W3/><G96/><T89/><D89/><U126/><E126/><V63/><F63/><W112/><G60/><T43/><D43/><U59/><E59/><V20/><F28/><W67/><G64/><T16/><D16/><U109/><E109/><V88/><F88/><W79/><G108/><T87/><D87/><U10/><REACH who="1" step="1"/><E18/><REACH who="1" ten="250,240,211,289" step="2"/><N who="2" m="10311" /><F58/><W35/><G67/><T101/><D101/><U15/><E15/><V90/><F62/><W111/><G103/><T110/><D110/><U14/><E14/><V55/><F55/><W31/><G31/><T132/><D132/><U53/><E53/><V21/><F90/><W41/><G111/><RYUUKYOKU ba="0,1" sc="250,15,240,15,211,-15,289,-15" hai0="93,97,102,114,115,117,119" hai1="1,2,9,10,11,13,17,72,74,75,82,84,91" /><INIT seed="1,1,1,5,4,1" ten="265,255,196,274" oya="1" hai0="3,55,65,111,35,58,101,88,54,79,126,105,85" hai1="118,31,82,2,4,19,21,15,22,94,38,109,113" hai2="8,134,114,59,133,47,107,62,7,12,6,40,135" hai3="108,100,25,56,89,51,93,84,128,72,16,26,14"/><U74/><E38/><N who="2" m="21911" /><F107/><W57/><G108/><T75/><D35/><U129/><E113/><V50/><F50/><W71/><G128/><T92/><D3/><U48/><E129/><V28/><F28/><W29/><G71/><T86/><D86/><U30/><E94/><V124/><F114/><W95/><G72/><T32/><D32/><U127/><E48/><V132/><N who="2" m="34304" /><DORA hai="73" /><V67/><F124/><W69/><G69/><T13/><D13/><N who="1" m="9455" /><E82/><V123/><F123/><W120/><G120/><T20/><D20/><U11/><E74/><V96/><F96/><N who="3" m="59423" /><G29/><N who="1" m="10762" /><E127/><V117/><F117/><W60/><G51/><T36/><D36/><U46/><E46/><V33/><F33/><W63/><G63/><T112/><D112/><U80/><E80/><V9/><F9/><N who="3" m="6223" /><G56/><T42/><D58/><U125/><E118/><V66/><F66/><AGARI ba="1,1" hai="25,26,57,60,66,84,89,93" m="6223,59423" machi="66" ten="30,2000,0" yaku="8,1,54,1" doraHai="1,73" who="3" fromWho="2" sc="265,0,255,0,196,-23,274,33" /><INIT seed="2,0,0,0,2,75" ten="265,255,173,307" oya="2" hai0="111,80,13,42,22,45,27,53,82,89,44,47,48" hai1="54,109,93,135,115,16,37,29,100,36,63,117,10" hai2="105,119,72,4,59,30,79,7,66,131,108,123,112" hai3="125,46,94,107,9,3,85,39,43,92,14,65,133"/><V34/><F123/><W62/><G107/><T122/><D122/><U97/><E115/><V35/><F119/><W11/><G133/><T18/><D111/><U21/><E117/><V60/><F112/><W96/><G3/><T126/><D126/><U116/><E109/><V24/><F105/><W83/><G94/><T73/><D73/><U102/><E135/><V15/><F108/><W76/><G14/><T17/><D42/><U50/><E63/><V113/><F113/><W104/><G104/><T0/><D0/><U98/><E29/><V68/><F35/><W110/><G110/><T74/><D74/><U40/><E10/><V71/><F131/><W32/><G32/><T55/><D55/><U1/><E40/><V2/><F2/><W114/><G125/><T91/><D82/><U127/><E127/><V8/><REACH who="2" step="1"/><F4/><REACH who="2" ten="265,255,163,307" step="2"/><W95/><G114/><T28/><D28/><U78/><E116/><V51/><F51/><W130/><G130/><T52/><D48/><U38/><E1/><V20/><F20/><W77/><G39/><T67/><D22/><U99/><E38/><V64/><F64/><W12/><G65/><T120/><D67/><U90/><E36/><V33/><F33/><W87/><G9/><T70/><D120/><U5/><E37/><V128/><F128/><W69/><G11/><T121/><D121/><U26/><E5/><V23/><F23/><W84/><G62/><T49/><D49/><U132/><E132/><V124/><F124/><W101/><G43/><T6/><D6/><U103/><E50/><V118/><F118/><W81/><G46/><RYUUKYOKU ba="0,1" sc="265,-10,255,-10,163,30,307,-10" hai2="7,8,15,24,30,34,59,60,66,68,71,72,79" /><INIT seed="2,1,1,5,1,112" ten="255,245,193,297" oya="2" hai0="68,56,114,109,25,33,30,124,50,129,133,126,91" hai1="96,67,117,110,12,22,95,24,29,85,18,70,84" hai2="128,131,99,1,46,72,73,49,66,32,120,5,9" hai3="11,13,36,26,17,55,97,123,60,87,82,119,52"/><V132/><F132/><W51/><G119/><T34/><D68/><U23/><E110/><V63/><F120/><W77/><G123/><T0/><D114/><U93/><E117/><V41/><F32/><W125/><G125/><N who="0" m="48235" /><D109/><U61/><E95/><V122/><F122/><W88/><G36/><T86/><D0/><U21/><E23/><V62/><F99/><W101/><G26/><T10/><D10/><U105/><E105/><V127/><F127/><W39/><G39/><T20/><D129/><N who="2" m="49738" /><F63/><W54/><G60/><T28/><D28/><U47/><E47/><V40/><F41/><W16/><G17/><T64/><D133/><U71/><E71/><AGARI ba="1,1" hai="1,5,9,40,46,49,62,66,71,72,73" m="49738" machi="71" ten="30,1500,0" yaku="19,1" doraHai="112" who="2" fromWho="1" sc="255,0,245,-18,193,28,297,0" /><INIT seed="2,2,0,3,1,70" ten="255,227,221,297" oya="2" hai0="46,3,48,82,101,69,129,55,87,12,114,73,68" hai1="75,72,0,96,121,57,8,92,22,104,18,67,60" hai2="88,27,81,50,6,90,112,30,110,93,42,1,106" hai3="107,123,24,21,20,134,49,59,14,43,4,108,39"/><V23/><F112/><W35/><G108/><T113/><D3/><U116/><E121/><V26/><F106/><W105/><G123/><T63/><D73/><U7/><E116/><V100/><F110/><W120/><G120/><T41/><D101/><U2/><E2/><V9/><F81/><W126/><G35/><T25/><D25/><U28/><E104/><V124/><F124/><W135/><G126/><T47/><D12/><U45/><E45/><V29/><F100/><W97/><G39/><N who="0" m="21823" /><D87/><U51/><E51/><V36/><F50/><W58/><G97/><T54/><D82/><U53/><E67/><V31/><F93/><W89/><G89/><T130/><D55/><U103/><E28/><V74/><F74/><W11/><G24/><AGARI ba="2,0" hai="0,7,8,18,22,24,53,57,60,72,75,92,96,103" machi="24" ten="30,1000,0" yaku="7,1" doraHai="70" who="1" fromWho="3" sc="255,0,227,16,221,0,297,-16" /><INIT seed="3,0,0,0,3,56" ten="255,243,221,281" oya="3" hai0="65,23,3,16,22,63,106,110,36,121,108,122,0" hai1="103,109,133,72,7,58,107,69,76,60,25,86,49" hai2="26,4,127,84,119,75,2,83,92,82,64,113,9" hai3="78,12,118,61,57,93,80,124,123,102,99,62,70"/><W77/><G123/><T130/><D106/><U59/><E109/><N who="0" m="42089" /><D36/><U67/><E133/><V96/><F119/><W1/><G118/><T43/><D43/><U35/><E72/><V32/><F113/><W53/><G1/><N who="0" m="587" /><D130/><U125/><E7/><V66/><F127/><W114/><G114/><T95/><D95/><U40/><E76/><N who="3" m="29290" /><G70/><N who="0" m="42303" /><D23/><U45/><E86/><V55/><F75/><W117/><G117/><T15/><AGARI ba="0,0" hai="15,16,22,121,122" m="42303,587,42089" machi="15" ten="30,4000,0" yaku="14,1,52,1,54,1" doraHai="56" who="0" fromWho="0" sc="255,40,243,-10,221,-10,281,-20" /><INIT seed="4,0,0,4,4,52" ten="295,233,211,261" oya="0" hai0="32,15,114,50,84,106,82,27,113,122,34,12,70" hai1="18,81,64,116,120,80,132,88,73,133,7,98,103" hai2="56,48,108,2,69,20,77,21,60,58,127,105,17" hai3="104,49,1,62,22,126,75,59,94,129,74,55,4"/><T71/><D106/><N who="1" m="63863" /><E18/><V26/><F2/><W111/><G111/><T42/><D122/><U47/><E7/><V89/><F108/><W112/><G112/><N who="0" m="43115" /><D50/><U78/><E47/><V16/><F105/><W35/><G104/><T46/><D46/><U119/><E64/><N who="2" m="38919" /><F69/><N who="0" m="26122" /><D42/><U101/><E101/><V37/><F37/><W117/><G117/><N who="1" m="45130" /><E120/><V102/><F127/><W92/><G126/><T28/><D34/><U97/><E97/><V125/><F125/><W130/><G35/><T31/><D31/><U53/><E53/><N who="2" m="32039" /><F102/><W118/><G118/><T38/><D38/><U14/><E14/><N who="2" m="9239" /><F89/><AGARI ba="0,0" hai="12,15,27,28,32,82,84,89" m="26122,43115" machi="89" ten="30,1500,0" yaku="15,1" doraHai="52" who="0" fromWho="2" sc="295,15,233,0,211,-15,261,0" owari="310,41.0,233,-17.0,196,-30.0,261,6.0" /></mjloggm>