<mjloggm ver="2.3"><GO type="97" lobby="0"/><UN n0="%72%61%64%69%68%6F%67%74" n1="%E5%B0%B1%E6%B4%BB%E7%94%9F%40%E5%B7%9D%E6%9D%91%E8%BB%8D%E5%9B%A3" n2="%E3%81%A7%E3%81%84%E3%81%98%E3%81%88" n3="%47%2E%4D%41%43%4B" dan="13,16,15,15" rate="1816.49,2114.96,1986.96,1987.51" sx="M,M,M,M"/><TAIKYOKU oya="0"/><INIT seed="0,0,0,5,4,5" ten="250,250,250,250" oya="0" hai0="37,128,20,118,48,42,59,135,69,16,113,67,66" hai1="103,41,115,97,6,87,35,77,91,36,110,52,0" hai2="33,47,2,1,131,125,70,122,85,126,4,111,56" hai3="43,112,7,132,26,119,92,80,68,127,133,30,9"/><T124/><D118/><U109/><E35/><V134/><F70/><W76/><G68/><T34/><D34/><U10/><E115/><V102/><F102/><W63/><G112/><T89/><D113/><U57/><E77/><V15/><F56/><W11/><G119/><T75/><D75/><U17/><E17/><V24/><F85/><W19/><G63/><T106/><D106/><U50/><E41/><V49/><F49/><W14/><G43/><T88/><D69/><U21/><E21/><V18/><F47/><W12/><G92/><T27/><D37/><U8/><E36/><V73/><F73/><W101/><G101/><T130/><D135/><N who="3" m="51785" /><G127/><N who="2" m="48649" /><F122/><W100/><G100/><T40/><D124/><U129/><E129/><N who="0" m="49769" /><D42/><U82/><REACH who="1" step="1"/><E8/><REACH who="1" ten="250,240,250,250" step="2"/><N who="2" m="4487" /><F131/><W28/><G26/><T84/><D40/><U98/><E98/><V105/><F134/><W61/><G61/><T71/><D48/><U95/><AGARI ba="0,1" hai="0,6,10,50,52,57,82,87,91,95,97,103,109,110" machi="95" ten="30,7900,0" yaku="1,1,0,1,52,1,54,1,53,0" doraHai="5" doraHaiUra="13" who="1" fromWho="1" sc="250,-39,240,89,250,-20,250,-20" /><INIT seed="1,0,0,3,0,106" ten="211,329,230,230" oya="1" hai0="75,67,53,8,44,47,1,109,48,29,76,123,16" hai1="0,70,42,99,61,6,63,131,74,89,32,69,115" hai2="77,56,102,37,119,135,68,40,58,133,88,39,122" hai3="45,73,84,13,80,43,124,51,78,7,27,59,9"/><U81/><E115/><V98/><F122/><W107/><G124/><T30/><D123/><U36/><E32/><V108/><F119/><W95/><G107/><T120/><D120/><U65/><E99/><V101/><F68/><W21/><G59/><N who="2" m="22569" /><F108/><W24/><G24/><T71/><D109/><U127/><E127/><V10/><F10/><W125/><G125/><T104/><D47/><N who="1" m="24007" /><E131/><V52/><F40/><W87/><G87/><T18/><D104/><U130/><E130/><V34/><F34/><W66/><G66/><T35/><D35/><U121/><E121/><V116/><F116/><W49/><G49/><T114/><D114/><U31/><E31/><V14/><F14/><W85/><REACH who="3" step="1"/><G95/><REACH who="3" ten="211,329,230,220" step="2"/><T38/><D38/><U25/><E25/><V100/><F37/><W110/><G110/><T94/><D94/><U117/><E65/><V4/><F39/><W97/><G97/><T55/><D67/><U79/><E70/><V46/><F98/><W113/><G113/><T93/><D93/><U105/><E69/><V22/><F133/><W126/><G126/><T128/><D71/><U2/><E105/><V132/><F135/><W5/><G5/><T118/><D128/><U96/><E6/><V41/><F4/><W82/><G82/><T12/><D1/><U15/><E117/><V90/><F132/><W62/><G62/><T3/><D3/><N who="1" m="1067" /><E15/><V83/><F83/><W28/><AGARI ba="0,1" hai="7,9,13,21,27,28,43,45,51,73,78,80,84,85" machi="28" ten="20,5200,0" yaku="1,1,0,1,7,1,52,1,53,0" doraHai="106" doraHaiUra="50" who="3" fromWho="3" sc="211,-13,329,-26,230,-13,220,62" /><INIT seed="2,0,0,0,3,83" ten="198,303,217,282" oya="2" hai0="12,39,92,56,89,75,97,84,102,48,19,82,85" hai1="101,76,107,22,38,113,27,65,80,11,64,37,71" hai2="99,47,14,36,90,118,119,61,6,0,69,109,130" hai3="108,72,122,51,18,45,24,120,114,3,112,10,23"/><V131/><F0/><W133/><G72/><T98/><D39/><U116/><E113/><N who="3" m="43626" /><G45/><T50/><D75/><U16/><E116/><V44/><F109/><W67/><G51/><N who="0" m="19499" /><D56/><U53/><E53/><V40/><F47/><W94/><G67/><T125/><D102/><U33/><E33/><V59/><F69/><W25/><G94/><T127/><D125/><U2/><E101/><V34/><F34/><W115/><N who="3" m="43634" /><W52/><DORA hai="55" /><G52/><T62/><D62/><U60/><E65/><V15/><F118/><W1/><G108/><T126/><D127/><U96/><E96/><V42/><F42/><W58/><G58/><T134/><D134/><U17/><E107/><V46/><F46/><W66/><G66/><T29/><D29/><U63/><E63/><V78/><F119/><W87/><G87/><T54/><D54/><U128/><E38/><V81/><F59/><W4/><G133/><T70/><D70/><U79/><E37/><V13/><F61/><W31/><G1/><T121/><D121/><U74/><E2/><V135/><F135/><W95/><G95/><T8/><D126/><U110/><E60/><V49/><F36/><W86/><G86/><T21/><D8/><U91/><E71/><V26/><F99/><W43/><G43/><T57/><D57/><U104/><E64/><V77/><F40/><W9/><G9/><T105/><D105/><U88/><E104/><V68/><F68/><W28/><G28/><T117/><D117/><U100/><E74/><V32/><F44/><W20/><AGARI ba="0,0" hai="3,4,10,18,20,23,24,25,31,120,122" m="43634" machi="20" ten="40,5200,0" yaku="11,1,34,2" doraHai="83,55" who="3" fromWho="3" sc="198,-13,303,-13,217,-26,282,52" /><INIT seed="3,0,0,1,1,131" ten="185,290,191,334" oya="3" hai0="74,98,87,11,43,35,38,119,1,44,7,91,135" hai1="85,61,30,48,132,90,86,118,66,49,52,58,82" hai2="104,69,99,63,17,40,3,112,64,120,12,50,102" hai3="67,116,94,15,110,126,16,59,115,83,51,77,2"/><W97/><G115/><T133/><D98/><U62/><E132/><N who="0" m="50761" /><D35/><U80/><E30/><V109/><F3/><W36/><G2/><T114/><D74/><U68/><REACH who="1" step="1"/><E118/><REACH who="1" ten="185,280,191,334" step="2"/><V28/><F28/><W65/><G116/><T108/><D119/><U56/><E56/><V33/><F112/><W32/><G32/><T113/><D108/><U111/><E111/><V127/><F33/><W26/><G59/><T128/><D128/><U129/><E129/><V27/><F109/><W21/><G110/><T72/><D72/><U103/><E103/><V18/><F102/><W76/><G126/><T23/><D23/><U125/><E125/><V70/><F127/><W71/><G21/><T5/><D5/><U93/><E93/><AGARI ba="0,1" hai="1,7,11,38,43,44,87,91,93,113,114" m="50761" machi="93" ten="30,7700,0" yaku="20,1,52,3" doraHai="131" who="0" fromWho="1" sc="185,87,280,-77,191,0,334,0" owari="272,7.0,203,-20.0,191,-31.0,334,44.0" /></mjloggm>