<mjloggm ver="2.3"><GO type="41" lobby="0"/><UN n0="%E5%B0%B1%E6%B4%BB%E7%94%9F%40%E5%B7%9D%E6%9D%91%E8%BB%8D%E5%9B%A3" n1="%79%6F%73%73%68%69%2D" n2="%E7%84%BC%E9%B3%A5%E9%99%A4%E3%81%91%E7%A5%9E%E7%A4%BE" n3="%E5%8B%9D%E3%81%A6%E3%81%AA%E3%81%84" dan="17,13,14,13" rate="2182.29,1862.30,1846.55,1912.84" sx="M,F,M,M"/><TAIKYOKU oya="0"/><INIT seed="0,0,0,0,4,53" ten="250,250,250,250" oya="0" hai0="115,13,129,50,49,43,94,113,85,70,27,8,111" hai1="40,121,35,19,87,60,91,132,71,23,26,75,25" hai2="17,130,18,84,123,33,116,41,106,102,58,36,66" hai3="77,39,90,110,131,29,100,64,34,10,128,46,69"/><T24/><D70/><U92/><E121/><V133/><F123/><W15/><G100/><T51/><D43/><U3/><E132/><V125/><F125/><W52/><G110/><T37/><D37/><U79/><E3/><V59/><F133/><W11/><G77/><T108/><D94/><U74/><E35/><V89/><F33/><W101/><G101/><T99/><D99/><U14/><E40/><V56/><F130/><N who="3" m="49707" /><G90/><T48/><N who="0" m="12288" /><DORA hai="97" /><T83/><D129/><U76/><E74/><V96/><F116/><W30/><G34/><T44/><D44/><U105/><E105/><V95/><REACH who="2" step="1"/><F66/><REACH who="2" ten="250,250,240,250" step="2"/><W55/><G64/><T126/><D126/><U12/><E75/><V54/><F54/><N who="3" m="20523" /><G69/><T118/><D118/><U103/><E71/><V68/><F68/><W47/><G39/><T135/><D135/><U117/><E117/><V107/><F107/><W7/><G11/><T16/><D115/><U98/><E60/><V80/><F80/><W86/><G86/><T127/><D113/><U20/><E79/><V114/><F114/><W134/><G134/><T81/><D127/><U78/><E76/><V9/><F9/><W124/><G124/><T109/><D83/><U38/><E38/><V2/><F2/><W31/><AGARI ba="0,1" hai="7,10,15,29,30,31,46,47" m="20523,49707" machi="31" ten="40,2700,0" yaku="19,1,54,1" doraHai="53,97" who="3" fromWho="3" sc="250,-13,250,-7,240,-7,250,37" /><INIT seed="1,0,0,1,1,19" ten="237,243,233,287" oya="1" hai0="101,119,31,30,50,0,110,63,120,100,44,79,15" hai1="9,43,116,103,10,55,91,118,93,23,82,53,111" hai2="70,86,81,112,128,41,126,46,11,77,129,20,48" hai3="51,92,2,96,58,1,60,13,5,99,74,105,89"/><U69/><E69/><V121/><F121/><W49/><G74/><T32/><D0/><U75/><E43/><V104/><F104/><W114/><G114/><T42/><D119/><U76/><E111/><V12/><F70/><W57/><G2/><T117/><D117/><U71/><E71/><V66/><F126/><W95/><G1/><T29/><D32/><U21/><E103/><V47/><F66/><W84/><G105/><T56/><D79/><U38/><E38/><V59/><F59/><W73/><G73/><T122/><D110/><U18/><E18/><N who="2" m="10311" /><F47/><W134/><G134/><T22/><D122/><U72/><E76/><V102/><F102/><W65/><G57/><T88/><D120/><U85/><E82/><V132/><F11/><W8/><REACH who="3" step="1"/><G84/><REACH who="3" ten="237,243,233,277" step="2"/><T54/><D88/><AGARI ba="0,1" hai="5,8,13,49,51,58,60,65,88,89,92,95,96,99" machi="88" ten="30,12000,2" yaku="1,1,2,1,7,1,9,1,8,1,54,1,53,0" doraHai="19" doraHaiUra="130" who="3" fromWho="0" sc="237,-120,243,0,233,0,277,130" /><INIT seed="2,0,0,4,1,20" ten="117,243,233,407" oya="2" hai0="104,125,124,6,8,33,48,50,36,28,59,60,123" hai1="133,45,34,135,76,13,46,111,75,68,29,5,129" hai2="31,23,131,102,127,0,40,35,112,26,83,15,19" hai3="4,95,14,53,65,43,78,66,17,69,126,89,120"/><V1/><F112/><W74/><G120/><T18/><D104/><U97/><E68/><V107/><F127/><N who="0" m="48714" /><D36/><U42/><E111/><V116/><F116/><W12/><G126/><T82/><D123/><U122/><E122/><V80/><F131/><W94/><G43/><T91/><D18/><U30/><E129/><V88/><F40/><W92/><G89/><T25/><D91/><U98/><E42/><V37/><F37/><W93/><G53/><N who="0" m="33903" /><D82/><U73/><E34/><V67/><F67/><W51/><G69/><T11/><D11/><U81/><E81/><V99/><F83/><W90/><G78/><T10/><D10/><U49/><E76/><V113/><F113/><W61/><G74/><T134/><D134/><U84/><E13/><AGARI ba="0,0" hai="6,8,13,25,28,33,48,50" m="33903,48714" machi="13" ten="30,2000,0" yaku="18,1,52,1" doraHai="20" who="0" fromWho="1" sc="117,20,243,-20,233,0,407,0" /><INIT seed="3,0,0,5,4,123" ten="137,223,233,407" oya="3" hai0="112,70,107,91,13,21,114,42,8,77,73,81,134" hai1="51,22,19,101,83,63,94,44,72,31,27,38,30" hai2="57,87,53,92,118,48,100,84,103,105,119,29,6" hai3="28,43,23,124,3,64,9,7,20,49,110,116,52"/><W90/><G116/><T16/><D107/><U1/><E1/><V26/><F6/><W55/><G64/><T128/><D70/><U133/><E133/><V106/><F105/><W56/><G124/><T111/><D134/><U11/><E38/><V45/><F106/><W78/><G78/><T18/><D128/><U80/><E63/><V59/><F119/><W89/><G43/><T109/><D91/><U24/><E72/><V66/><F118/><W14/><G55/><T96/><D96/><U32/><E101/><N who="2" m="38987" /><F29/><W98/><G110/><N who="0" m="41995" /><D42/><U121/><E121/><V130/><F130/><W37/><G37/><T108/><N who="0" m="42003" /><T125/><DORA hai="69" /><D125/><U131/><E131/><V135/><F135/><W102/><G3/><T88/><D88/><N who="3" m="33897" /><G28/><T65/><D65/><U93/><E83/><V82/><F26/><AGARI ba="0,0" hai="8,13,16,18,21,26,73,77,81,112,114" m="42003" machi="26" ten="40,12000,2" yaku="14,1,52,4,54,1" doraHai="123,69" who="0" fromWho="2" sc="137,120,223,0,233,-120,407,0" /><INIT seed="4,0,0,4,2,29" ten="257,223,113,407" oya="0" hai0="48,30,35,89,125,74,19,88,120,62,16,72,26" hai1="134,121,60,104,84,9,103,37,34,96,115,41,126" hai2="23,86,52,112,106,61,38,1,32,36,111,0,27" hai3="93,73,107,33,122,133,129,83,123,109,3,6,71"/><T81/><D120/><N who="3" m="46121" /><G107/><T44/><D125/><U46/><E121/><V51/><F111/><W12/><G109/><T78/><D72/><U135/><E126/><V66/><F106/><W80/><G129/><T110/><D62/><U28/><E84/><V45/><F112/><W4/><G133/><T98/><D110/><U22/><E9/><V53/><F32/><W97/><G71/><T92/><REACH who="0" step="1"/><D89/><REACH who="0" ten="247,223,113,407" step="2"/><U130/><E130/><V85/><F38/><W101/><G73/><T117/><D117/><U69/><E115/><V43/><F53/><AGARI ba="0,1" hai="16,19,26,30,35,44,48,53,74,78,81,88,92,98" machi="53" ten="30,12000,1" yaku="1,1,7,1,52,1,54,2,53,0" doraHai="29" doraHaiUra="116" who="0" fromWho="2" sc="247,130,223,0,113,-120,407,0" owari="377,18.0,223,-18.0,-7,-51.0,407,51.0" /></mjloggm>