<mjloggm ver="2.3"><GO type="169" lobby="0"/><UN n0="%E3%81%82%E3%81%B2%E3%82%8B%E3%81%95%E3%82%93" n1="%31%2F%32%31" n2="%E3%82%A6%E3%83%AB%E3%83%88%E3%83%A9%E7%AB%8B%E7%9B%B4" n3="%67%63%40%E6%BF%80%E8%BE%9B" dan="16,16,17,16" rate="2133.53,2071.64,2175.25,2030.25" sx="M,M,M,M"/><TAIKYOKU oya="0"/><INIT seed="0,0,0,0,3,85" ten="250,250,250,250" oya="0" hai0="74,115,122,30,22,78,47,38,67,121,129,114,105" hai1="133,52,8,72,76,123,58,3,94,80,34,77,113" hai2="13,95,50,86,7,103,26,70,126,63,49,116,32" hai3="93,6,24,62,41,54,15,134,29,45,73,127,108"/><T68/><D105/><U56/><E123/><N who="0" m="47113" /><D22/><U112/><E34/><V106/><F126/><W99/><G108/><T46/><D30/><U0/><E133/><V11/><F116/><W132/><G73/><T19/><D19/><U9/><E94/><V5/><F5/><W104/><G104/><T82/><D47/><U66/><E66/><N who="2" m="41311" /><F95/><W102/><G127/><T130/><D67/><U117/><E117/><V39/><F86/><W83/><G83/><T111/><D68/><U97/><E97/><N who="2" m="61807" /><F39/><W40/><G6/><T27/><D27/><U25/><E25/><V31/><AGARI ba="0,0" hai="7,11,13,26,31,32,49,50" m="61807,41311" machi="31" ten="30,1100,0" yaku="25,1" doraHai="85" who="2" fromWho="2" sc="250,-5,250,-3,250,11,250,-3" /><INIT seed="1,0,0,1,3,25" ten="245,247,261,247" oya="1" hai0="106,13,45,28,38,10,35,34,109,126,43,89,113" hai1="59,119,125,17,1,55,117,85,46,30,19,68,54" hai2="71,8,60,41,88,122,58,67,116,62,29,31,124" hai3="87,97,86,82,42,48,91,101,9,53,83,21,7"/><U24/><E68/><V80/><F122/><W100/><G42/><T94/><D106/><U112/><E112/><V50/><F116/><W14/><G21/><T69/><D113/><U135/><E1/><V111/><F111/><W133/><G133/><T32/><D69/><U129/><E135/><V4/><F124/><W115/><G97/><T76/><D76/><U127/><E129/><V96/><F50/><W123/><G123/><T93/><D109/><U77/><E46/><V49/><F49/><W11/><G11/><T61/><D61/><N who="1" m="36087" /><E55/><V99/><F41/><W132/><G132/><T121/><D126/><N who="1" m="48139" /><E85/><N who="2" m="50215" /><F71/><W57/><REACH who="3" step="1"/><G115/><REACH who="3" ten="245,247,261,237" step="2"/><T102/><D121/><U27/><E119/><V75/><F99/><W16/><G16/><T23/><D23/><U78/><E117/><V108/><F108/><W95/><G95/><T40/><D40/><U81/><E81/><V74/><F96/><W107/><G107/><T130/><D94/><U134/><E134/><V52/><F75/><W39/><G39/><T92/><D93/><U20/><E17/><V51/><F74/><W63/><G63/><N who="2" m="24105" /><F67/><W70/><G70/><T104/><D104/><U114/><E114/><V110/><F110/><W56/><G56/><T118/><D118/><U98/><E98/><V44/><F58/><W18/><G18/><T131/><D102/><U66/><E66/><V72/><F72/><W0/><G0/><T47/><D47/><U73/><E73/><V37/><F37/><W12/><G12/><AGARI ba="0,1" hai="4,8,12,29,31,44,51,52" m="24105,50215" machi="12" ten="30,8000,1" yaku="8,1,52,2,54,2" doraHai="25" who="2" fromWho="3" sc="245,0,247,0,261,90,237,-80" /><INIT seed="2,0,0,5,4,112" ten="245,247,351,157" oya="2" hai0="121,5,14,18,36,110,72,66,107,129,30,41,114" hai1="79,94,22,125,132,40,25,53,85,71,69,116,130" hai2="10,73,111,34,70,118,117,64,119,100,19,128,27" hai3="135,57,55,84,60,8,96,42,44,93,39,1,74"/><V38/><F19/><W65/><G74/><T52/><D121/><U82/><E116/><V81/><F10/><W75/><G75/><T54/><D107/><U32/><E32/><V37/><F100/><W78/><G135/><T63/><D72/><U99/><E132/><V103/><F103/><W98/><G78/><T89/><D114/><U90/><E130/><V134/><F134/><W106/><G106/><T101/><D101/><U62/><E40/><V123/><F123/><W109/><G109/><T61/><D110/><U88/><E125/><V92/><F92/><W115/><G115/><T113/><D113/><U4/><E4/><V47/><F47/><W33/><G33/><T51/><D129/><U91/><E71/><V45/><F45/><W120/><G120/><T9/><D36/><U68/><E68/><V108/><F128/><W7/><G84/><T102/><D102/><U87/><E87/><V80/><F80/><W95/><G95/><T48/><D41/><U17/><E69/><V35/><F111/><W131/><G131/><T13/><D30/><U11/><E11/><V67/><F67/><W124/><G124/><T127/><D127/><U77/><E77/><N who="2" m="44207" /><F108/><W26/><G26/><T6/><D66/><U2/><E2/><V83/><F83/><W59/><REACH who="3" step="1"/><G93/><REACH who="3" ten="245,247,351,147" step="2"/><T21/><D89/><U20/><E79/><V76/><F76/><W12/><G12/><T58/><REACH who="0" step="1"/><D5/><REACH who="0" ten="235,247,351,147" step="2"/><U105/><E105/><V122/><F122/><W3/><G3/><T46/><AGARI ba="0,2" hai="6,9,13,14,18,21,46,48,51,52,54,58,61,63" machi="46" ten="20,12000,2" yaku="1,1,2,1,0,1,7,1,8,1,54,1,53,0" doraHai="112" doraHaiUra="126" who="0" fromWho="0" sc="235,140,247,-30,351,-60,147,-30" /><INIT seed="3,0,0,3,4,134" ten="375,217,291,117" oya="3" hai0="115,90,81,108,64,14,105,49,88,23,104,129,65" hai1="36,48,42,68,53,119,34,22,58,71,6,12,70" hai2="55,73,126,59,77,117,27,43,118,80,74,60,131" hai3="94,87,7,24,78,46,35,62,66,67,72,31,0"/><W38/><G72/><T132/><D132/><U51/><E34/><V13/><F131/><W123/><G123/><T57/><D108/><U39/><E6/><V121/><F74/><W33/><G33/><T124/><D129/><U93/><E12/><V5/><F121/><W112/><G112/><T63/><D115/><U95/><E22/><V135/><F135/><W83/><G94/><T30/><D65/><U92/><E92/><V114/><F114/><W1/><G7/><T125/><D49/><U89/><E93/><V122/><F122/><W133/><G133/><T41/><D41/><U110/><E89/><N who="0" m="34409" /><D81/><U16/><E16/><V99/><F99/><W4/><G4/><T76/><D76/><U40/><E95/><V101/><F101/><W82/><G82/><T120/><D120/><U128/><E128/><V32/><F80/><W103/><G103/><T37/><D37/><N who="1" m="14411" /><E110/><V15/><F77/><W130/><G130/><T97/><D97/><U25/><E25/><V69/><F27/><W111/><G111/><T52/><D64/><U20/><E20/><V100/><F73/><W91/><G67/><T85/><D85/><U28/><E28/><V17/><F100/><W26/><G26/><N who="0" m="16735" /><D14/><U54/><E119/><V84/><F117/><W79/><G79/><T102/><D102/><U75/><E75/><V11/><F118/><W50/><G78/><T86/><D86/><U29/><E29/><V106/><F106/><W107/><G107/><T56/><D56/><AGARI ba="0,0" hai="40,42,48,51,53,54,56,58,68,70,71" m="14411" machi="56" ten="40,8000,1" yaku="35,5" doraHai="134" who="1" fromWho="0" sc="375,-80,217,80,291,0,117,0" /><INIT seed="4,0,0,4,5,30" ten="295,297,291,117" oya="0" hai0="111,1,3,80,26,23,5,124,62,87,0,81,82" hai1="8,128,18,76,95,10,69,19,94,49,133,75,96" hai2="113,47,85,100,21,54,118,91,48,34,57,50,125" hai3="13,88,32,102,31,72,117,68,61,90,55,101,86"/><T58/><D124/><U74/><E69/><V89/><F113/><W129/><G117/><T4/><D111/><U14/><E75/><V56/><F118/><W79/><G129/><T104/><D104/><U105/><E128/><V25/><F125/><W120/><G120/><T16/><REACH who="0" step="1"/><D87/><REACH who="0" ten="285,297,291,117" step="2"/><U53/><E105/><V126/><F126/><W119/><G119/><T134/><D134/><U98/><E133/><V70/><F85/><W36/><G86/><T131/><D131/><U7/><E74/><V44/><F100/><W112/><G101/><T29/><D29/><U123/><E123/><V127/><F127/><W28/><G102/><T78/><D78/><U45/><E76/><V51/><F91/><W130/><G28/><T135/><D135/><U11/><E96/><V64/><F89/><W93/><G130/><T116/><D116/><U15/><E98/><V41/><F47/><W66/><G79/><T60/><D60/><U83/><E83/><V110/><F44/><W40/><G72/><T121/><D121/><U122/><E122/><V99/><F99/><W12/><G90/><T132/><D132/><U2/><AGARI ba="0,1" hai="2,7,8,10,11,14,15,18,19,45,49,53,94,95" machi="2" ten="20,2700,0" yaku="0,1,7,1,9,1" doraHai="30" who="1" fromWho="1" sc="285,-13,297,37,291,-7,117,-7" /><INIT seed="5,0,0,4,0,78" ten="272,334,284,110" oya="1" hai0="75,7,11,63,68,50,114,26,95,2,134,56,109" hai1="111,119,131,66,31,17,110,42,51,24,28,46,100" hai2="39,76,38,3,107,120,57,121,129,25,106,34,92" hai3="49,55,33,53,127,20,90,13,132,73,60,10,85"/><U0/><E0/><V118/><F92/><W98/><G33/><T104/><D109/><N who="1" m="41483" /><E119/><V82/><F57/><W9/><G127/><T22/><D104/><N who="2" m="39978" /><F3/><W48/><G132/><T58/><D75/><U77/><E131/><V115/><F118/><W30/><G73/><T112/><D134/><U4/><E100/><V122/><F129/><W116/><G116/><T135/><D135/><U36/><E4/><V102/><F102/><W6/><G98/><T80/><D95/><U45/><E66/><V69/><F69/><W130/><G130/><T70/><D50/><N who="3" m="19561" /><G10/><T18/><D58/><U81/><E17/><V91/><F91/><W5/><G5/><T54/><D80/><U113/><E113/><AGARI ba="0,0" hai="2,7,11,18,22,26,54,56,63,68,70,112,113,114" machi="113" ten="40,1300,0" yaku="15,1" doraHai="78" who="0" fromWho="1" sc="272,13,334,-13,284,0,110,0" /><INIT seed="6,0,0,2,4,84" ten="285,321,284,110" oya="2" hai0="61,24,0,131,6,116,127,113,38,28,50,16,72" hai1="123,90,67,110,34,10,74,76,114,98,94,115,5" hai2="112,57,128,18,105,17,111,44,121,117,82,22,75" hai3="51,52,109,85,15,42,35,53,41,119,134,9,36"/><V124/><F105/><W30/><G109/><T81/><D38/><U68/><E110/><V43/><F111/><W102/><G134/><T56/><D113/><N who="1" m="43019" /><E34/><V8/><F121/><W27/><G119/><T4/><D131/><U31/><E31/><V79/><F117/><W54/><G36/><T1/><D116/><U13/><E123/><V14/><F128/><W62/><G102/><T106/><D106/><U25/><E25/><V71/><F71/><W29/><G29/><T66/><D127/><U7/><E67/><V11/><F124/><W107/><G107/><T88/><D72/><U45/><E45/><V118/><F118/><W126/><G126/><T12/><D50/><U65/><E65/><V135/><F135/><W64/><G51/><T73/><D73/><U80/><E68/><V108/><F108/><W20/><G35/><T47/><D47/><U96/><E96/><V101/><F101/><W60/><G85/><N who="0" m="50223" /><D0/><U70/><E70/><V26/><F57/><N who="3" m="36943" /><G60/><T2/><D2/><U130/><E130/><V104/><F104/><W59/><G59/><T23/><D1/><U95/><E95/><V125/><F125/><W21/><G21/><AGARI ba="0,0" hai="4,6,12,16,21,23,24,28,56,61,66" m="50223" machi="21" ten="30,7700,0" yaku="8,1,52,1,54,2" doraHai="84" who="0" fromWho="3" sc="285,77,321,0,284,0,110,-77" /><INIT seed="7,0,0,1,0,80" ten="362,321,284,33" oya="3" hai0="67,68,62,106,128,77,57,89,49,19,35,59,52" hai1="44,125,4,96,27,79,74,43,36,82,21,29,91" hai2="7,119,45,14,70,75,41,129,124,108,64,135,115" hai3="103,58,61,66,92,114,88,86,126,38,84,3,42"/><W60/><G114/><T56/><D106/><U65/><E125/><V18/><F119/><W2/><G126/><T9/><D35/><U20/><E65/><V95/><F108/><W47/><G103/><T63/><D128/><U15/><E96/><V113/><F75/><W117/><G117/><T127/><D127/><U109/><E109/><V25/><F124/><W26/><G26/><T102/><D102/><U69/><E69/><V71/><F129/><W13/><G13/><N who="0" m="7599" /><D68/><U112/><E112/><N who="2" m="43083" /><F64/><W6/><G6/><T134/><D134/><U11/><E91/><V97/><F7/><W110/><G110/><T5/><D5/><U23/><REACH who="1" step="1"/><E15/><REACH who="1" ten="362,311,284,33" step="2"/><V98/><F135/><W120/><G120/><T31/><D89/><U133/><E133/><V105/><F25/><W17/><G17/><T73/><D67/><U39/><E39/><N who="2" m="21695" /><F105/><W46/><G60/><T78/><D63/><U123/><E123/><V100/><F98/><W10/><G10/><T107/><D62/><U118/><E118/><V32/><F32/><W83/><REACH who="3" step="1"/><G46/><REACH who="3" ten="362,311,284,23" step="2"/><T0/><D0/><U37/><E37/><V30/><F30/><W122/><G122/><T1/><D1/><U101/><E101/><V22/><AGARI ba="0,2" hai="14,18,22,70,71,95,97,100" m="21695,43083" machi="22" ten="30,1100,0" yaku="15,1" doraHai="80" who="2" fromWho="2" sc="362,-3,311,-3,284,31,23,-5" owari="359,45.0,308,-9.0,315,12.0,18,-48.0" /></mjloggm>