<mjloggm ver="2.3"><GO type="169" lobby="0"/><UN n0="%E3%81%9D%E3%83%BC%E3%81%B7%E5%BB%B6%E9%95%B7" n1="%E3%83%A1%E3%83%AB%E3%82%AF" n2="%E3%83%88%E3%83%88%E3%83%AA%E5%85%88%E7%94%9F%31%39%E6%AD%B3" n3="%E3%81%84%E3%81%9F%E3%83%92%E3%83%AD" dan="16,16,19,16" rate="2103.58,2063.55,2250.86,2137.47" sx="M,M,F,M"/><TAIKYOKU oya="0"/><INIT seed="0,0,0,4,2,1" ten="250,250,250,250" oya="0" hai0="13,3,83,120,64,127,75,130,117,87,102,72,132" hai1="125,26,89,73,36,0,49,116,48,86,24,23,27" hai2="134,20,131,6,5,122,47,41,119,28,77,88,109" hai3="97,52,61,128,101,63,96,38,106,104,78,18,129"/><T123/><D3/><U124/><E73/><V103/><F122/><W108/><G38/><T2/><D2/><U90/><E36/><V68/><F68/><W22/><G78/><T135/><D64/><U74/><E74/><N who="0" m="28201" /><D13/><U35/><E116/><V37/><F109/><W43/><G108/><T118/><D127/><N who="1" m="48715" /><E35/><V29/><F131/><W16/><G43/><T65/><D65/><U66/><E66/><V69/><F69/><W34/><G34/><T55/><D55/><U99/><E99/><V80/><F134/><N who="0" m="51242" /><D102/><U44/><E0/><V60/><F103/><W76/><G101/><T67/><D67/><U14/><E44/><V92/><F60/><W7/><G22/><T12/><D12/><U8/><E23/><V133/><F119/><N who="0" m="45578" /><D130/><U85/><E14/><V59/><F59/><W71/><G71/><T9/><D9/><U113/><E8/><V45/><F133/><W21/><G21/><T11/><D11/><U17/><E17/><V40/><F45/><W53/><REACH who="3" step="1"/><G76/><AGARI ba="0,0" hai="76,83,87,120,123" m="45578,51242,28201" machi="76" ten="40,7700,0" yaku="20,1,34,2" doraHai="1" who="0" fromWho="3" sc="250,77,250,0,250,0,250,-77" /><INIT seed="0,1,0,1,1,53" ten="327,250,250,173" oya="0" hai0="42,39,85,69,29,41,70,117,118,65,13,90,128" hai1="48,88,115,135,25,109,103,73,51,99,20,26,96" hai2="92,2,54,116,21,87,134,121,132,127,82,24,46" hai3="68,120,125,110,62,47,5,95,45,94,57,3,33"/><T10/><D128/><U113/><E73/><V74/><F121/><W97/><G33/><T106/><D106/><U60/><E109/><V126/><F2/><W28/><G68/><T101/><D101/><U119/><E119/><V31/><F74/><W14/><G3/><T122/><D122/><U15/><E15/><V81/><F116/><W107/><G107/><T56/><D70/><U78/><E78/><V111/><F111/><W1/><G1/><T75/><D69/><U84/><E135/><N who="2" m="51755" /><F92/><N who="3" m="35371" /><G125/><N who="2" m="47625" /><F87/><W89/><G120/><T4/><D85/><U66/><E84/><V83/><F46/><N who="3" m="17419" /><G28/><T130/><D29/><U43/><E99/><V8/><F8/><N who="3" m="4367" /><G110/><T93/><D10/><U35/><E96/><V123/><F123/><W67/><G97/><T32/><D75/><U114/><E103/><V129/><F54/><W58/><G57/><T17/><D56/><U9/><E113/><V98/><F98/><W30/><G30/><T71/><D93/><U7/><E114/><V50/><F50/><W12/><G12/><T61/><D13/><U100/><E48/><V112/><F112/><W6/><G6/><T59/><D4/><U131/><E7/><V76/><F76/><W40/><G40/><T34/><D42/><U55/><E51/><V102/><F102/><W80/><G80/><T49/><D41/><U36/><E100/><V108/><F108/><W27/><G89/><T19/><D117/><U133/><E88/><V86/><F86/><W11/><G11/><T72/><D118/><U18/><E133/><V44/><F44/><W16/><G27/><T63/><D90/><RYUUKYOKU ba="1,0" sc="327,-15,250,-15,250,15,173,15" hai2="21,24,31,81,82,83,129" hai3="16,58,62,67" /><INIT seed="1,2,0,2,4,20" ten="312,235,265,188" oya="1" hai0="31,22,79,72,44,80,48,64,120,99,62,5,111" hai1="50,60,2,52,36,4,71,38,114,131,46,88,39" hai2="41,1,103,66,68,108,78,76,83,109,29,105,127" hai3="58,82,35,47,129,121,87,128,101,63,45,9,61"/><U65/><E114/><V34/><F1/><W24/><G101/><T11/><D111/><U49/><E131/><N who="3" m="50250" /><G9/><T93/><D120/><U90/><REACH who="1" step="1"/><E49/><REACH who="1" ten="312,225,265,188" step="2"/><V17/><F108/><W59/><G121/><T119/><D48/><U135/><E135/><V84/><F109/><W125/><G125/><T15/><D119/><U19/><E19/><V86/><F17/><W30/><G59/><T12/><D5/><U69/><E69/><V16/><F16/><W27/><G27/><T53/><D31/><U133/><E133/><V56/><F29/><W14/><G14/><T126/><D15/><U74/><E74/><V7/><F56/><W26/><G26/><T113/><D72/><U70/><E70/><V21/><F68/><W57/><G57/><T28/><D12/><U42/><E42/><V97/><F41/><W67/><G61/><T75/><D62/><U95/><E95/><V37/><F127/><W13/><G13/><T89/><D126/><U94/><E94/><V51/><F51/><W110/><G110/><T33/><D93/><U132/><E132/><V40/><F40/><W116/><G116/><T18/><D113/><U23/><E23/><V96/><F21/><W98/><G98/><T54/><D22/><U112/><E112/><V134/><F97/><W3/><G3/><T73/><D99/><U102/><E102/><V85/><F96/><W104/><G104/><T77/><D75/><U92/><E92/><V118/><F103/><W32/><G32/><T6/><D33/><U91/><E91/><AGARI ba="2,1" hai="24,30,35,45,47,58,63,67,82,87,91" m="50250" machi="91" ten="30,2000,0" yaku="19,1,52,1" doraHai="20" who="3" fromWho="1" sc="312,0,225,-26,265,0,188,36" /><INIT seed="2,0,0,5,5,84" ten="312,199,265,224" oya="2" hai0="68,23,62,54,81,21,28,104,94,26,13,35,3" hai1="110,107,85,100,43,115,105,75,101,50,89,4,91" hai2="126,5,132,56,119,117,90,11,8,27,17,66,129" hai3="55,80,95,63,22,15,76,42,32,99,46,102,93"/><V108/><F129/><W77/><G32/><T2/><D104/><U20/><E4/><V24/><F132/><W7/><G93/><T118/><D118/><U71/><E71/><V109/><F126/><W40/><G76/><T134/><D134/><U87/><E20/><N who="2" m="13327" /><F66/><W12/><G12/><T127/><D127/><U128/><E128/><V73/><F56/><W25/><G15/><T18/><D81/><U103/><E50/><V114/><F73/><W58/><G7/><T33/><D33/><U123/><E43/><V130/><F130/><W31/><REACH who="3" step="1"/><G46/><REACH who="3" ten="312,199,265,214" step="2"/><T106/><D13/><U70/><E123/><V82/><F5/><W9/><G9/><N who="2" m="3657" /><F27/><W135/><G135/><T97/><D26/><U0/><E0/><V133/><F133/><W39/><G39/><T29/><D3/><U74/><E70/><V38/><F38/><W125/><G125/><T78/><D2/><U72/><E110/><N who="2" m="42603" /><F114/><W41/><G41/><T60/><D68/><U122/><E115/><V111/><F111/><W53/><G53/><T64/><D54/><U19/><E122/><V59/><F59/><W124/><G124/><T44/><D44/><U121/><E121/><V1/><F1/><W10/><G10/><T49/><D35/><U51/><E51/><V52/><F52/><W86/><AGARI ba="0,1" hai="22,25,31,40,42,55,58,63,77,80,86,95,99,102" machi="86" ten="20,8000,1" yaku="1,1,0,1,7,1,8,1,53,1" doraHai="84" doraHaiUra="98" who="3" fromWho="3" sc="312,-20,199,-20,265,-40,214,90" /><INIT seed="3,0,0,1,5,16" ten="292,179,225,304" oya="3" hai0="121,36,112,73,94,78,104,7,48,64,122,42,103" hai1="26,20,5,120,61,125,118,113,29,3,34,11,18" hai2="45,114,123,133,65,38,91,100,108,95,24,81,72" hai3="117,83,129,28,31,53,106,107,128,63,119,33,84"/><W58/><G106/><T127/><D127/><U40/><E125/><V19/><F114/><W76/><G107/><T132/><D112/><U92/><E113/><V77/><F123/><W0/><G0/><T46/><D94/><U109/><E120/><V102/><F108/><W116/><REACH who="3" step="1"/><G33/><REACH who="3" ten="292,179,225,294" step="2"/><T13/><D104/><U50/><E34/><V1/><F1/><W89/><G89/><T27/><D122/><U35/><E35/><V130/><F102/><W82/><G82/><T15/><D103/><U30/><E3/><V101/><F100/><W32/><G32/><T126/><D121/><U68/><E109/><V10/><F101/><W41/><G41/><T74/><D42/><U23/><E118/><V62/><F91/><W6/><G6/><T97/><D7/><U70/><E5/><V47/><F81/><W96/><G96/><T51/><D97/><U88/><E88/><V86/><F95/><W39/><G39/><T60/><D36/><U124/><E92/><V75/><F38/><W52/><G52/><T79/><D126/><U55/><E124/><V21/><F77/><W90/><G90/><T71/><D78/><U57/><E40/><V14/><F130/><AGARI ba="0,1" hai="28,31,53,58,63,76,83,84,116,117,119,128,129,130" machi="130" ten="50,12000,1" yaku="1,1,19,1,53,3" doraHai="16" doraHaiUra="115" who="3" fromWho="2" sc="292,0,179,0,225,-120,294,130" /><INIT seed="3,1,0,1,2,1" ten="292,179,105,424" oya="3" hai0="81,107,87,76,108,38,106,0,29,53,97,75,133" hai1="105,74,14,7,6,67,25,121,79,91,86,40,131" hai2="39,36,15,41,44,85,122,72,101,134,77,115,70" hai3="123,132,111,130,92,31,99,90,28,126,63,104,54"/><W118/><G118/><T88/><D0/><U82/><E121/><V46/><F115/><W93/><G123/><T73/><D38/><U16/><E105/><N who="0" m="39945" /><D53/><U42/><E131/><V43/><F122/><W95/><G104/><T21/><D21/><U27/><E67/><V3/><F3/><W61/><G130/><T30/><D30/><N who="3" m="11305" /><G126/><T68/><D29/><U23/><E74/><N who="0" m="28169" /><D68/><U62/><E79/><V4/><F134/><W51/><G111/><T26/><D26/><N who="1" m="9739" /><E62/><N who="3" m="23562" /><G132/><T80/><D133/><U114/><E114/><V52/><F72/><W84/><G99/><T22/><D22/><U119/><E119/><V34/><F70/><W96/><G96/><T17/><D17/><U135/><E135/><V12/><F34/><W89/><G84/><N who="0" m="48135" /><D97/><U83/><E42/><V59/><F39/><W64/><G64/><T5/><D5/><N who="1" m="1547" /><E40/><V37/><F37/><W58/><AGARI ba="1,0" hai="51,54,58,89,90,92,93,95" m="23562,11305" machi="58" ten="30,1500,0" yaku="8,1" doraHai="1" who="3" fromWho="3" sc="292,-6,179,-6,105,-6,424,18" /><INIT seed="3,2,0,3,3,114" ten="286,173,99,442" oya="3" hai0="31,40,103,46,116,64,119,11,87,20,128,56,98" hai1="17,43,59,104,108,61,110,132,68,126,84,135,8" hai2="22,124,12,121,76,99,102,69,23,0,24,28,32" hai3="18,117,2,49,14,25,75,111,81,86,27,83,29"/><W62/><G2/><T30/><D128/><U47/><E104/><V71/><F124/><W113/><G113/><T9/><D87/><U94/><E68/><V92/><F0/><W91/><G111/><T133/><D133/><N who="1" m="51275" /><E126/><V123/><F76/><W118/><G62/><N who="0" m="37959" /><D31/><U122/><E122/><N who="2" m="46603" /><F12/><W58/><G25/><N who="0" m="16679" /><D11/><U38/><E17/><V88/><F102/><W19/><G19/><T134/><D9/><U26/><E26/><V44/><F44/><W36/><G36/><T73/><D73/><U131/><E8/><V51/><F51/><W1/><G1/><T97/><D97/><U41/><E131/><V6/><F6/><W120/><G120/><T72/><D72/><U96/><E84/><V34/><F23/><W101/><G101/><T77/><D77/><U35/><E35/><AGARI ba="2,0" hai="22,24,28,32,34,35,69,71,88,92,99" m="46603" machi="35" ten="30,2000,0" yaku="13,1,54,1" doraHai="114" who="2" fromWho="1" sc="286,0,173,-26,99,26,442,0" /><INIT seed="4,0,0,1,4,34" ten="286,147,125,442" oya="0" hai0="122,68,17,54,33,135,88,76,39,69,35,67,25" hai1="106,0,32,38,111,31,43,15,45,82,27,22,113" hai2="94,21,73,102,75,5,81,91,61,92,23,56,115" hai3="40,130,79,4,16,131,2,110,90,3,46,100,20"/><T42/><D122/><U12/><E111/><V109/><F109/><W77/><G110/><T119/><D119/><U11/><E106/><V121/><F121/><W44/><G100/><T78/><D135/><U97/><E97/><V72/><F115/><W107/><G107/><T89/><D25/><U105/><E105/><V37/><F37/><W64/><G64/><T49/><D49/><U117/><E117/><V104/><F104/><W18/><G4/><T108/><D108/><U50/><E113/><V26/><F102/><W62/><G62/><T53/><D42/><U66/><E66/><V24/><F5/><W87/><G87/><T128/><D67/><U112/><E112/><V101/><F101/><W9/><G9/><T63/><D63/><U85/><E38/><V48/><F48/><W10/><G10/><T123/><D123/><U51/><E51/><V118/><F118/><W103/><G103/><T71/><D71/><U80/><E80/><V98/><F81/><W41/><G20/><T36/><REACH who="0" step="1"/><D17/><REACH who="0" ten="276,147,125,442" step="2"/><U127/><E50/><V14/><F26/><W8/><G8/><T129/><AGARI ba="0,1" hai="33,35,36,39,53,54,68,69,76,78,88,89,128,129" machi="129" ten="25,18000,2" yaku="1,1,2,1,0,1,22,2,54,1,53,0" doraHai="34" doraHaiUra="96" who="0" fromWho="0" sc="276,190,147,-60,125,-60,442,-60" /><INIT seed="4,1,0,4,1,135" ten="466,87,65,382" oya="0" hai0="110,90,133,79,63,17,36,33,106,108,112,119,127" hai1="111,48,25,4,128,80,94,109,123,40,43,23,51" hai2="95,81,5,84,58,13,32,10,53,107,82,45,9" hai3="134,41,55,87,69,131,6,52,105,91,57,3,124"/><T83/><D90/><U35/><E35/><V27/><F107/><W132/><G105/><T61/><D17/><U120/><E4/><V56/><F32/><W71/><G41/><T98/><D33/><U88/><E80/><V42/><F27/><W76/><G76/><T59/><D36/><U113/><E128/><V37/><F56/><W28/><G28/><T117/><D133/><N who="3" m="51305" /><G55/><T68/><D112/><U130/><E130/><V104/><F104/><W66/><G66/><T99/><D59/><U92/><E113/><V11/><F95/><W44/><G44/><T50/><D50/><U126/><E126/><V89/><REACH who="2" step="1"/><F82/><REACH who="2" ten="466,87,55,382" step="2"/><W78/><G131/><T46/><D106/><U70/><E94/><V74/><F74/><W102/><G57/><T2/><D83/><U96/><E92/><V121/><F121/><W73/><G73/><T39/><D108/><U115/><E115/><V62/><AGARI ba="1,1" hai="5,9,10,11,13,37,42,45,53,58,62,81,84,89" machi="62" ten="20,2700,0" yaku="1,1,0,1,7,1,53,0" doraHai="135" doraHaiUra="20" who="2" fromWho="2" sc="466,-14,87,-8,55,40,382,-8" /><INIT seed="5,0,0,5,5,100" ten="452,79,95,374" oya="1" hai0="119,107,1,64,95,27,28,94,116,133,37,106,130" hai1="17,105,88,61,71,2,24,31,65,93,6,77,101" hai2="90,12,108,117,81,15,36,131,57,45,21,13,134" hai3="5,51,98,47,72,25,66,80,122,104,18,68,22"/><U10/><E77/><V7/><F108/><W67/><G122/><T84/><D37/><U82/><E17/><V73/><F117/><W11/><G68/><T83/><D1/><U40/><E40/><V60/><F131/><W127/><G127/><T33/><D130/><U56/><E82/><V125/><F125/><W42/><G72/><T34/><D64/><U62/><E105/><V79/><F134/><W48/><G104/><T91/><D133/><U9/><E101/><V8/><F90/><W75/><G98/><T113/><D113/><U135/><E135/><V126/><F126/><W129/><G129/><T111/><D111/><U53/><E6/><V97/><F97/><W124/><G124/><T87/><D27/><U49/><E2/><V114/><F114/><W103/><G103/><T58/><D58/><U30/><E62/><V35/><F35/><W85/><G48/><T20/><D20/><U55/><E55/><V120/><F120/><W132/><G75/><T118/><D28/><U44/><E71/><V29/><F45/><W69/><G69/><T74/><D74/><U39/><E39/><V92/><F92/><W86/><G86/><T123/><D123/><U102/><E102/><V63/><F36/><W50/><G51/><T19/><D19/><U115/><E115/><V128/><F128/><W54/><G54/><T46/><D46/><U59/><E44/><V0/><F57/><W110/><G110/><T52/><D52/><U109/><E109/><V14/><F0/><N who="3" m="423" /><G132/><T26/><D116/><U38/><E38/><V121/><F121/><W99/><G99/><RYUUKYOKU ba="0,0" sc="452,-15,79,-15,95,15,374,15" hai2="7,8,12,13,14,15,21,29,60,63,73,79,81" hai3="18,22,25,42,47,50,66,67,80,85" /><INIT seed="6,1,0,1,1,88" ten="437,64,110,389" oya="2" hai0="119,67,127,73,134,35,77,126,4,51,6,76,25" hai1="84,31,43,107,30,54,68,62,47,39,132,99,92" hai2="101,80,40,78,82,34,12,102,133,21,16,9,95" hai3="29,85,15,90,86,5,49,52,115,8,123,17,108"/><V66/><F34/><W96/><G108/><T87/><D73/><U114/><E114/><V118/><F118/><W129/><G115/><T63/><D119/><U24/><E132/><V23/><F133/><W100/><G129/><T44/><D134/><U38/><E38/><V124/><F124/><N who="0" m="47658" /><D25/><U75/><E75/><V91/><F40/><W57/><G123/><T109/><D35/><U125/><E125/><V22/><F66/><W110/><G110/><T106/><D106/><U103/><E30/><V70/><F70/><W112/><G112/><T46/><D46/><U10/><E10/><V104/><F104/><W48/><G29/><T0/><D109/><U98/><E84/><N who="2" m="48151" /><F82/><W79/><G79/><N who="0" m="30283" /><D87/><AGARI ba="1,0" hai="9,12,16,21,22,23,87,91,95,101,102" m="48151" machi="87" ten="30,5800,0" yaku="8,1,52,1,54,1" doraHai="88" who="2" fromWho="0" sc="437,-61,64,0,110,61,389,0" /><INIT seed="6,2,0,2,3,40" ten="376,64,171,389" oya="2" hai0="29,69,77,7,112,109,60,130,52,89,85,5,96" hai1="105,13,111,46,135,107,12,63,11,16,53,88,65" hai2="98,66,78,38,56,74,83,30,99,133,18,59,82" hai3="129,71,35,90,119,33,36,28,20,62,114,51,92"/><V97/><F133/><W104/><G36/><T95/><D109/><U93/><E135/><V24/><F38/><W21/><G104/><T64/><D130/><U123/><E123/><V76/><F18/><W110/><G119/><T117/><D117/><U2/><E111/><V34/><REACH who="2" step="1"/><F66/><REACH who="2" ten="376,64,161,389" step="2"/><W41/><G110/><T0/><D64/><U80/><E2/><V73/><AGARI ba="2,1" hai="24,30,34,56,59,73,74,76,78,82,83,97,98,99" machi="73" ten="30,11700,0" yaku="1,1,2,1,0,1,9,1,53,0" doraHai="40" doraHaiUra="120" who="2" fromWho="2" sc="376,-41,64,-41,161,133,389,-41" /><INIT seed="6,3,0,5,3,132" ten="335,23,294,348" oya="2" hai0="76,107,21,7,18,99,85,31,28,91,46,64,62" hai1="87,134,113,43,8,17,115,23,33,38,108,1,34" hai2="102,41,50,44,120,37,61,92,104,93,16,103,133" hai3="29,89,79,125,2,80,26,58,84,124,51,35,70"/><V20/><F120/><W52/><G2/><T111/><D111/><U81/><E43/><V15/><F133/><W96/><G70/><T53/><D7/><U114/><E38/><V131/><F131/><W32/><G32/><T22/><D22/><U78/><E87/><V4/><F37/><W106/><G89/><T24/><D76/><U83/><E83/><V19/><F4/><W56/><REACH who="3" step="1"/><G58/><REACH who="3" ten="335,23,294,338" step="2"/><T117/><D117/><U63/><E108/><V45/><F45/><W60/><G60/><T98/><D46/><U110/><E63/><V100/><F104/><W88/><G88/><T27/><D107/><U6/><E110/><V40/><F40/><W57/><G57/><T11/><D91/><U86/><REACH who="1" step="1"/><E134/><REACH who="1" ten="335,13,294,338" step="2"/><V25/><F61/><W121/><G121/><T123/><D62/><U127/><E127/><V128/><REACH who="2" step="1"/><F128/><REACH who="2" ten="335,13,284,338" step="2"/><W101/><AGARI ba="3,3" hai="26,29,35,51,52,56,79,80,84,96,101,106,124,125" machi="101" ten="30,12000,2" yaku="1,1,0,1,52,2,54,1,53,1" doraHai="132" doraHaiUra="49" who="3" fromWho="3" sc="335,-33,13,-33,284,-63,338,159" owari="302,10.0,-20,-52.0,221,-18.0,497,60.0" /></mjloggm>