<mjloggm ver="2.3"><GO type="169" lobby="0"/><UN n0="%E5%B0%B1%E6%B4%BB%E7%94%9F%40%E5%B7%9D%E6%9D%91%E8%BB%8D%E5%9B%A3" n1="%E3%83%A4%E3%82%AD%E3%83%B3" n2="%E3%83%8C%E3%82%A2%E3%82%AF%E3%82%B7%E3%83%A7%E3%83%83%E3%83%88" n3="%6B%69%79%6F%64%61%69" dan="17,19,16,17" rate="2255.22,2209.52,2079.13,2220.60" sx="M,M,M,M"/><TAIKYOKU oya="0"/><INIT seed="0,0,0,5,1,20" ten="250,250,250,250" oya="0" hai0="119,55,43,33,118,73,77,90,62,110,66,19,129" hai1="23,134,102,108,18,21,11,25,1,24,31,34,105" hai2="61,71,53,50,126,132,10,111,69,122,94,86,56" hai3="97,127,76,37,67,117,48,42,70,101,103,47,82"/><T131/><D33/><U95/><E105/><V39/><F122/><W88/><G117/><N who="0" m="44555" /><D73/><U16/><E102/><V78/><F39/><W49/><G127/><T68/><D77/><U106/><E106/><V100/><F126/><W79/><G79/><T130/><D90/><U26/><E95/><V22/><F132/><W28/><G28/><T83/><D83/><U98/><E98/><V36/><F36/><W120/><G120/><T13/><D110/><U85/><E85/><V133/><F133/><W8/><G8/><N who="0" m="6567" /><D55/><U3/><E134/><V51/><F111/><W99/><G99/><T4/><D4/><N who="1" m="1423" /><E108/><V46/><F10/><W30/><G30/><T80/><D80/><U9/><E9/><V96/><F51/><W2/><G2/><AGARI ba="0,0" hai="2,3,16,18,21,23,24,25,26,31,34" m="1423" machi="2" ten="30,16000,3" yaku="35,5,52,3,54,1" doraHai="20" who="1" fromWho="3" sc="250,0,250,160,250,0,250,-160" /><INIT seed="1,0,0,1,1,81" ten="250,410,250,90" oya="1" hai0="105,15,61,117,107,31,60,20,62,76,69,41,129" hai1="133,100,132,63,37,68,36,11,112,71,73,10,78" hai2="22,48,134,4,27,126,110,66,119,125,26,91,97" hai3="124,96,77,80,29,13,128,118,64,49,28,106,33"/><U120/><E112/><V2/><F119/><W90/><G118/><T32/><D117/><U38/><E100/><V65/><F110/><W53/><G124/><T12/><D69/><N who="1" m="26699" /><E63/><V14/><F134/><N who="1" m="51817" /><E120/><V93/><F2/><W79/><G64/><T30/><D32/><U127/><E127/><V121/><F121/><W87/><G128/><T16/><D129/><U83/><AGARI ba="0,0" hai="10,11,36,37,38,73,78,83" m="51817,26699" machi="83" ten="40,2100,0" yaku="20,1" doraHai="81" who="1" fromWho="1" sc="250,-7,410,21,250,-7,90,-7" /><INIT seed="1,1,0,0,4,1" ten="243,431,243,83" oya="1" hai0="118,120,41,100,90,61,51,114,53,130,40,59,80" hai1="15,22,5,131,30,16,86,116,62,85,93,26,47" hai2="94,119,111,83,99,113,73,24,0,101,28,34,50" hai3="68,11,38,106,117,48,52,46,135,72,44,77,42"/><U8/><E116/><V70/><F70/><W4/><G106/><T65/><D118/><U122/><E122/><V19/><F119/><W134/><G68/><T91/><D114/><U57/><E131/><V81/><F113/><W69/><G69/><T123/><D130/><U79/><E79/><V7/><F73/><W133/><G117/><T20/><D100/><U75/><E75/><V25/><F111/><W10/><G10/><T33/><D33/><U95/><E47/><V92/><F92/><N who="1" m="35401" /><E30/><V23/><F50/><W63/><G63/><T127/><D127/><U105/><E105/><V128/><F128/><W45/><G45/><T17/><D80/><U97/><E97/><V49/><F49/><W60/><G60/><T78/><D78/><U39/><E39/><V107/><F107/><W102/><G102/><T109/><D109/><U12/><E12/><V66/><F66/><AGARI ba="1,0" hai="5,8,15,16,22,26,57,62,66,85,86" m="35401" machi="66" ten="30,5800,0" yaku="8,1,52,1,54,1" doraHai="1" who="1" fromWho="2" sc="243,0,431,61,243,-61,83,0" /><INIT seed="1,2,0,1,5,46" ten="243,492,182,83" oya="1" hai0="82,92,41,119,74,50,64,133,17,51,47,6,78" hai1="57,128,25,109,84,9,16,49,67,108,52,105,87" hai2="65,72,75,68,91,95,60,102,129,77,28,125,63" hai3="22,100,111,7,106,2,26,61,98,76,70,62,48"/><U15/><E105/><V56/><F129/><W79/><G111/><N who="1" m="42570" /><E128/><V124/><F102/><W43/><G2/><T120/><D119/><U42/><E67/><V110/><F28/><W19/><G7/><T114/><D114/><U118/><E118/><V20/><F110/><W113/><G113/><T30/><D133/><U99/><E99/><V39/><F20/><W55/><G43/><T27/><D120/><U40/><E25/><V0/><F0/><W97/><G97/><T116/><D116/><U131/><E131/><V23/><F23/><W29/><G70/><T69/><D6/><U37/><E37/><V80/><F72/><W59/><G62/><T45/><D17/><U135/><E135/><V89/><F39/><W127/><G127/><T4/><D4/><U10/><E9/><V8/><F8/><W71/><G71/><T24/><D30/><U103/><E103/><V83/><F83/><W18/><G18/><T85/><D92/><U126/><E126/><V93/><F95/><W53/><REACH who="3" step="1"/><G19/><REACH who="3" ten="243,492,182,73" step="2"/><T73/><D69/><U34/><E34/><V32/><F32/><W12/><G12/><T38/><D38/><U122/><E122/><V33/><F33/><W44/><AGARI ba="2,1" hai="22,26,29,44,48,53,55,59,61,76,79,98,100,106" machi="44" ten="20,5200,0" yaku="1,1,0,1,7,1,52,1,53,0" doraHai="46" doraHaiUra="31" who="3" fromWho="3" sc="243,-15,492,-28,182,-15,73,68" /><INIT seed="2,0,0,3,2,33" ten="228,464,167,141" oya="2" hai0="24,4,123,108,133,15,71,23,93,102,41,131,27" hai1="82,49,129,57,79,106,74,104,99,32,121,7,124" hai2="97,68,120,84,105,56,18,16,109,3,62,66,50" hai3="73,87,92,54,72,88,1,42,116,31,95,119,53"/><V22/><F3/><W45/><G1/><T94/><D71/><U115/><E115/><V64/><F120/><W91/><G31/><T67/><D108/><U30/><E7/><V44/><F109/><W0/><G0/><T2/><D2/><U29/><E121/><V75/><F75/><W55/><G119/><T43/><D131/><U132/><E129/><V37/><F37/><W122/><G116/><T59/><D133/><U107/><E32/><V47/><F84/><W58/><G58/><T103/><D4/><U46/><E132/><V13/><F18/><W12/><G12/><T60/><D15/><U90/><E57/><V77/><F77/><W110/><G110/><T98/><D27/><U96/><E124/><V134/><F134/><W125/><G125/><T36/><D36/><U111/><E111/><V34/><F34/><W21/><G21/><T76/><D76/><U86/><E30/><V69/><F66/><W40/><G40/><T38/><D38/><U28/><E28/><V20/><F20/><W128/><G128/><T9/><D9/><U5/><E5/><V83/><F83/><W35/><G35/><T61/><D123/><U127/><E29/><V117/><F117/><W135/><G122/><T17/><D61/><U130/><E130/><V70/><REACH who="2" step="1"/><F50/><REACH who="2" ten="228,464,157,141" step="2"/><N who="3" m="26935" /><G135/><T25/><D25/><U8/><E74/><V26/><F26/><W114/><G114/><T14/><D24/><U89/><E79/><V78/><F78/><W126/><G126/><T51/><D51/><U10/><E127/><V101/><AGARI ba="0,1" hai="13,16,22,44,47,56,62,64,68,69,70,97,101,105" machi="101" ten="40,7800,0" yaku="1,1,0,1,54,1,53,0" doraHai="33" doraHaiUra="112" who="2" fromWho="2" sc="228,-26,464,-26,157,88,141,-26" /><INIT seed="2,1,0,3,5,121" ten="202,438,245,115" oya="2" hai0="10,119,116,32,50,3,17,60,99,127,21,9,132" hai1="70,35,87,33,96,37,128,89,8,20,7,90,64" hai2="22,100,80,84,59,51,68,104,57,42,56,58,4" hai3="66,129,30,28,34,15,107,82,109,83,110,125,13"/><V78/><F68/><W36/><G36/><T93/><D32/><U118/><E118/><N who="0" m="45097" /><D132/><U43/><E43/><V41/><F104/><W88/><G107/><T122/><D122/><U120/><E37/><V133/><F133/><W54/><G66/><T106/><D106/><U40/><E40/><V67/><F100/><W75/><G75/><T45/><D60/><U46/><E46/><V73/><F4/><W38/><G38/><T92/><D3/><U55/><E55/><V101/><F101/><W14/><G125/><T117/><D127/><U19/><E120/><V94/><F59/><W135/><G135/><T111/><D111/><N who="3" m="42505" /><G129/><T112/><D112/><U29/><E64/><V105/><F105/><W97/><G54/><N who="0" m="30031" /><D117/><U27/><E128/><V25/><F67/><W53/><G53/><T23/><D23/><U0/><E70/><V47/><F73/><W115/><G115/><T98/><D98/><U108/><E108/><V86/><F42/><W24/><G30/><T18/><D18/><U103/><E29/><V76/><F58/><W52/><G52/><T44/><D44/><U6/><E19/><V81/><F94/><AGARI ba="1,0" hai="13,14,15,24,28,34,82,83,88,94,97" m="42505" machi="94" ten="30,8000,1" yaku="14,1,52,3,54,1" doraHai="121" who="3" fromWho="2" sc="202,0,438,0,245,-83,115,83" /><INIT seed="3,0,0,0,5,63" ten="202,438,162,198" oya="3" hai0="17,49,97,16,65,95,82,89,100,112,92,130,42" hai1="127,109,67,9,129,102,118,76,124,83,134,14,80" hai2="119,18,44,29,85,53,75,96,61,99,43,135,91" hai3="73,2,86,56,128,34,0,23,60,36,107,45,131"/><W11/><G34/><T110/><D130/><N who="3" m="49705" /><G73/><T15/><D110/><U39/><E129/><V13/><F75/><W57/><G107/><T62/><D112/><U4/><E109/><V19/><F29/><W94/><G57/><N who="0" m="37071" /><D82/><U5/><E39/><V90/><F119/><W132/><G132/><T72/><D72/><U121/><E121/><V40/><F135/><W120/><G120/><T10/><D17/><U101/><E134/><V114/><F61/><W123/><G123/><T7/><D7/><U8/><E118/><V133/><F133/><W64/><G11/><T32/><D32/><U115/><E115/><V48/><F114/><W66/><G23/><T93/><D100/><U117/><E117/><V111/><F111/><W47/><G66/><T122/><D122/><U3/><E67/><V105/><F105/><W58/><G58/><T30/><D30/><U81/><E76/><V74/><F74/><W108/><G108/><T24/><D24/><U27/><E27/><V41/><F19/><W26/><G26/><T46/><AGARI ba="0,0" hai="10,15,16,42,46,49,89,92,93,95,97" m="37071" machi="46" ten="30,4000,0" yaku="8,1,52,1,54,1" doraHai="63" who="0" fromWho="0" sc="202,40,438,-10,162,-10,198,-20" /><INIT seed="4,0,0,4,2,88" ten="242,428,152,178" oya="0" hai0="51,70,130,135,106,61,114,38,52,120,75,29,111" hai1="54,125,10,110,56,123,100,5,121,86,46,117,53" hai2="6,132,7,105,57,32,65,66,93,68,84,23,95" hai3="11,35,50,116,71,24,124,128,118,85,17,14,43"/><T134/><RYUUKYOKU type="yao9" ba="0,0" sc="242,0,428,0,152,0,178,0" hai0="29,38,51,52,61,70,75,106,111,114,120,130,134,135" /><INIT seed="4,1,0,0,3,41" ten="242,428,152,178" oya="0" hai0="129,85,9,58,100,89,111,7,123,133,3,99,29" hai1="50,56,128,91,19,39,74,118,92,104,16,42,5" hai2="135,30,44,122,28,21,27,8,112,64,73,119,36" hai3="120,109,54,12,101,24,83,60,25,87,2,57,51"/><T17/><D123/><U45/><E118/><V96/><F122/><W78/><G2/><T70/><D70/><U63/><E104/><V94/><F73/><W106/><G109/><T46/><D111/><U88/><E74/><V105/><F105/><W93/><G106/><T68/><D68/><U121/><E121/><V11/><F119/><W90/><G101/><T98/><D100/><U48/><E128/><V102/><F112/><W72/><G120/><T79/><D79/><U55/><E5/><V32/><F135/><W13/><G13/><T15/><D29/><U1/><E1/><V116/><F116/><W77/><G77/><T103/><D103/><U37/><E37/><V40/><F30/><W125/><G125/><T53/><D133/><U49/><REACH who="1" step="1"/><E91/><REACH who="1" ten="242,418,152,178" step="2"/><V34/><F34/><W127/><G127/><T66/><D7/><U107/><E107/><V97/><F32/><W67/><REACH who="3" step="1"/><G12/><REACH who="3" ten="242,418,152,168" step="2"/><T71/><D15/><U38/><E38/><V47/><F36/><W108/><G108/><T6/><D3/><U110/><E110/><V43/><F102/><W76/><G76/><T114/><D89/><U75/><E75/><V52/><F8/><W14/><G14/><T65/><D9/><U95/><E95/><V84/><F11/><W115/><G115/><T23/><D114/><U124/><E124/><V86/><F94/><W113/><G113/><T31/><D129/><U69/><E69/><AGARI ba="1,2" hai="24,25,51,54,57,60,67,69,72,78,83,87,90,93" machi="69" ten="30,7700,0" yaku="1,1,7,1,53,2" doraHai="41" doraHaiUra="20" who="3" fromWho="1" sc="242,0,418,-80,152,0,168,100" /><INIT seed="5,0,0,3,0,127" ten="242,338,152,268" oya="1" hai0="75,80,81,21,115,60,63,40,91,118,82,109,52" hai1="121,116,100,14,23,28,9,94,30,10,131,18,69" hai2="55,1,11,113,105,38,25,27,84,36,85,87,101" hai3="57,120,88,12,20,47,3,130,106,43,24,124,6"/><U34/><E69/><V133/><F105/><W58/><G106/><T31/><D109/><U108/><E116/><V111/><F111/><W13/><G3/><T61/><D118/><U73/><E108/><V66/><F133/><W50/><G124/><T7/><D75/><U16/><E73/><V29/><F101/><W86/><G130/><T19/><D115/><U126/><E126/><V67/><F113/><W79/><G79/><T112/><D112/><U110/><E110/><V26/><F29/><W45/><G45/><T49/><D31/><U122/><E131/><V90/><F55/><W2/><G2/><T17/><D7/><U51/><E34/><V33/><F33/><W64/><G120/><T89/><D40/><U35/><E35/><V129/><F129/><W37/><G37/><T78/><D78/><U135/><E135/><V77/><F77/><W74/><G74/><T62/><N who="0" m="15872" /><DORA hai="119" /><T104/><D104/><U134/><E134/><V54/><F54/><W4/><G4/><T72/><D72/><U76/><E51/><V114/><F114/><W92/><G64/><T96/><D96/><U117/><E117/><V42/><F90/><N who="0" m="34314" /><D21/><N who="1" m="11415" /><E94/><V68/><F68/><W39/><G39/><N who="2" m="14889" /><F42/><W99/><G99/><T128/><D128/><U59/><E100/><V71/><F71/><W102/><G102/><T32/><D32/><U44/><E76/><V65/><F1/><W46/><G6/><T70/><D70/><U22/><E22/><V103/><F103/><W48/><G43/><T98/><D98/><U93/><E30/><V125/><F125/><W5/><G20/><RYUUKYOKU ba="0,0" sc="242,15,338,-15,152,15,268,-15" hai0="17,19,49,52,80,81,82" hai2="11,25,26,27,65,66,67,84,85,87" /><INIT seed="6,1,0,4,3,58" ten="257,323,167,253" oya="2" hai0="78,71,59,112,39,126,118,18,122,49,135,109,14" hai1="55,65,115,129,83,117,5,130,53,27,62,124,111" hai2="43,100,13,107,23,6,69,73,132,93,77,86,127" hai3="28,46,97,3,72,20,26,4,133,45,33,84,64"/><V7/><F69/><W40/><G72/><T8/><D39/><U31/><E111/><V74/><F107/><W106/><G133/><T121/><D71/><U24/><E117/><V48/><F132/><W108/><G108/><T30/><D109/><U22/><E115/><V110/><F110/><W98/><G46/><T103/><D112/><U85/><E5/><V90/><F127/><W101/><G98/><T50/><D135/><U70/><E124/><V9/><F100/><W63/><G84/><T15/><D30/><U21/><E21/><V113/><F113/><W105/><G20/><T38/><D38/><U68/><E27/><V125/><F125/><W36/><G4/><T99/><D78/><N who="1" m="46327" /><E68/><V34/><F34/><W67/><G67/><T37/><D50/><U25/><E25/><V60/><F77/><W41/><G41/><T96/><D59/><U11/><E11/><V57/><F23/><W89/><G89/><T17/><D49/><U123/><E123/><V61/><F7/><W134/><G134/><T104/><D37/><U1/><E1/><V128/><F128/><AGARI ba="1,0" hai="22,24,31,53,55,62,65,70,128,129,130" m="46327" machi="128" ten="30,2000,0" yaku="19,1,52,1" doraHai="58" who="1" fromWho="2" sc="257,0,323,23,167,-23,253,0" /><INIT seed="7,0,0,5,4,111" ten="257,346,144,253" oya="3" hai0="65,131,96,62,134,129,104,47,91,93,4,9,105" hai1="59,46,13,74,12,78,22,7,114,68,30,135,108" hai2="112,122,50,33,107,89,76,8,41,72,5,115,127" hai3="82,1,77,43,42,97,0,100,56,34,73,51,45"/><W53/><G34/><T11/><D47/><U132/><E114/><N who="2" m="43563" /><F107/><N who="0" m="41034" /><D134/><U18/><E68/><V26/><F122/><W29/><G42/><T19/><D19/><U126/><E30/><N who="2" m="19671" /><F127/><W38/><G29/><T80/><D80/><U88/><E108/><V71/><F71/><W60/><G38/><T98/><D98/><U116/><E116/><V48/><F41/><W102/><G102/><T57/><D4/><U70/><E7/><V25/><F25/><W10/><G10/><T67/><D67/><U15/><E70/><V92/><F76/><W24/><G24/><T3/><D3/><U28/><E78/><V54/><F54/><W110/><G110/><T32/><D32/><U17/><E126/><V16/><F16/><W94/><AGARI ba="0,0" hai="0,1,43,45,51,53,56,60,73,77,82,94,97,100" machi="94" ten="20,2100,0" yaku="0,1,7,1" doraHai="111" who="3" fromWho="3" sc="257,-7,346,-7,144,-7,253,21" /><INIT seed="7,1,0,1,3,118" ten="250,339,137,274" oya="3" hai0="101,41,70,16,95,69,8,72,59,102,71,46,131" hai1="125,66,111,119,130,11,47,45,22,83,49,74,93" hai2="113,85,109,99,87,52,19,40,33,133,106,96,13" hai3="20,89,36,122,115,112,18,82,116,124,91,29,77"/><W94/><G36/><T103/><D72/><U10/><E111/><V121/><F33/><W126/><G29/><T28/><D131/><U58/><E130/><V42/><F109/><W114/><G116/><T90/><D28/><U39/><E119/><V57/><F133/><W81/><G20/><T12/><D59/><U37/><E37/><V35/><F35/><W25/><G25/><T98/><REACH who="0" step="1"/><D103/><REACH who="0" ten="240,339,137,274" step="2"/><U76/><E58/><V92/><F113/><W134/><G134/><T132/><D132/><U62/><E74/><V23/><F106/><W107/><G107/><T6/><D6/><U79/><E47/><V2/><F2/><W104/><G104/><T27/><D27/><U34/><E45/><V68/><F68/><W0/><G18/><T129/><D129/><U61/><E34/><V32/><F32/><W65/><G65/><T43/><D43/><U123/><E66/><V128/><F128/><W110/><G110/><T105/><D105/><U84/><E125/><N who="3" m="48234" /><G0/><T15/><D15/><U48/><E22/><V80/><F121/><W51/><G122/><T24/><D24/><U120/><E123/><V78/><F87/><N who="3" m="50423" /><G51/><AGARI ba="1,1" hai="8,12,16,41,46,51,69,70,71,90,95,98,101,102" machi="51" ten="40,2600,0" yaku="1,1,54,1,53,0" doraHai="118" doraHaiUra="31" who="0" fromWho="3" sc="240,39,339,0,137,0,274,-29" owari="279,8.0,339,43.0,137,-36.0,245,-15.0" /></mjloggm>