<mjloggm ver="2.3"><GO type="169" lobby="0"/><UN n0="%E3%83%8A%E3%82%AB%E3%83%9E%E3%82%B9%E3%83%86%E3%82%A3%E3%83%95" n1="%41%2E%4B%39%6D%65%63" n2="%43%2D%6D%69%6E%6F%72%E2%99%AA" n3="%E3%82%A6%E3%83%AB%E3%83%88%E3%83%A9%E7%AB%8B%E7%9B%B4" dan="16,16,17,18" rate="2117.99,2115.24,2156.82,2196.29" sx="M,M,M,M"/><TAIKYOKU oya="0"/><INIT seed="0,0,0,1,3,98" ten="250,250,250,250" oya="0" hai0="54,131,15,89,14,6,21,85,49,114,135,105,126" hai1="61,97,20,91,74,43,120,96,16,67,124,104,62" hai2="133,63,41,130,46,30,29,22,123,101,5,80,55" hai3="75,103,27,64,129,12,92,125,44,24,51,65,0"/><T3/><D114/><U95/><E120/><V10/><F123/><W122/><G0/><T45/><D126/><U116/><E124/><V79/><F133/><W25/><G75/><T28/><D131/><U2/><E74/><V42/><F130/><W11/><G125/><T100/><D135/><U56/><E2/><V33/><F33/><W31/><G31/><T32/><D32/><U72/><E72/><V13/><F42/><W78/><G78/><T77/><D77/><U107/><E116/><V93/><F22/><W90/><G122/><T1/><D1/><U127/><E43/><V106/><F106/><W18/><G129/><T39/><D39/><U110/><E110/><V40/><F40/><W76/><G76/><T71/><D71/><U118/><E118/><V86/><F63/><W7/><G7/><T37/><D37/><U68/><E97/><N who="2" m="59567" /><F55/><N who="3" m="30183" /><G103/><T19/><D28/><U83/><E83/><V66/><F66/><W111/><G111/><T48/><D100/><U52/><REACH who="1" step="1"/><E127/><REACH who="1" ten="250,240,250,250" step="2"/><V117/><F117/><W81/><G81/><T60/><D3/><U17/><E17/><V4/><F5/><W121/><G121/><T57/><D6/><U70/><E70/><V108/><F108/><W34/><G34/><T128/><D19/><U112/><E112/><V115/><F115/><W53/><G53/><T47/><D128/><U8/><E8/><V82/><F80/><W84/><AGARI ba="0,1" hai="11,12,18,24,25,27,64,65,84,90,92" m="30183" machi="84" ten="30,1100,0" yaku="8,1" doraHai="98" who="3" fromWho="3" sc="250,-5,240,-3,250,-3,250,21" /><INIT seed="1,0,0,3,2,67" ten="245,237,247,271" oya="1" hai0="106,47,90,14,9,114,100,4,65,132,117,13,56" hai1="118,91,42,61,128,93,46,31,134,43,99,97,112" hai2="22,89,80,16,23,66,73,86,64,30,81,123,29" hai3="53,34,26,76,38,94,119,1,87,37,48,68,78"/><U51/><E118/><V116/><F116/><W130/><G119/><T50/><D117/><RYUUKYOKU type="kaze4" ba="0,0" sc="245,0,237,0,247,0,271,0" /><INIT seed="1,1,0,3,3,43" ten="245,237,247,271" oya="1" hai0="32,125,92,24,4,31,117,76,51,69,25,67,101" hai1="15,123,2,90,10,5,47,93,102,86,132,55,70" hai2="21,34,12,95,83,37,60,33,113,114,6,50,39" hai3="9,97,131,98,122,38,53,20,127,134,110,59,118"/><U87/><E123/><V66/><F83/><W36/><G122/><T121/><D121/><U42/><E70/><V111/><F111/><W0/><G110/><T68/><D117/><U52/><E132/><V30/><F50/><W81/><G127/><T46/><D125/><U54/><E102/><V128/><F128/><W74/><G98/><T129/><D129/><U109/><E109/><V8/><F21/><W89/><G134/><T7/><D76/><U40/><E40/><V112/><F95/><W105/><G118/><T79/><D79/><U62/><E2/><V78/><F78/><W41/><G81/><T77/><D77/><U91/><E62/><V135/><F135/><W16/><G74/><T29/><D92/><N who="1" m="54359" /><E42/><V115/><N who="2" m="28672" /><DORA hai="27" /><V22/><F22/><W100/><G89/><T84/><D84/><U103/><E103/><V65/><F65/><W35/><G35/><N who="2" m="13321" /><F30/><W23/><G131/><T72/><D101/><U44/><AGARI ba="1,0" hai="5,10,15,44,47,52,54,55,87,91,93" m="54359" machi="44" ten="30,11700,0" yaku="8,1,52,2,54,1" doraHai="43,27" who="1" fromWho="1" sc="245,-40,237,120,247,-40,271,-40" /><INIT seed="1,2,0,0,0,89" ten="205,357,207,231" oya="1" hai0="96,8,52,48,101,4,79,107,41,70,126,98,17" hai1="5,94,20,95,66,27,118,110,47,106,82,42,18" hai2="58,130,112,121,45,116,3,7,16,9,11,56,132" hai3="21,43,22,103,109,86,32,134,97,55,81,30,83"/><U75/><E118/><V71/><F116/><W133/><G43/><T63/><D126/><U74/><E106/><V49/><F121/><W131/><G83/><T60/><D79/><U51/><E66/><V122/><F122/><W105/><G131/><T91/><D41/><U127/><E127/><V13/><F130/><W50/><G32/><T88/><D17/><U19/><E5/><V37/><F37/><W113/><G113/><T125/><D125/><U28/><E110/><V10/><F132/><N who="3" m="50795" /><G30/><T53/><D53/><U102/><E102/><V65/><F112/><W69/><G69/><T68/><D68/><U90/><E74/><V114/><F114/><W72/><G72/><T62/><D70/><U25/><E19/><V44/><F10/><W115/><G109/><T76/><D76/><U15/><E27/><V38/><F38/><W33/><G33/><T87/><D96/><U23/><E75/><V124/><F124/><W46/><G115/><T99/><D99/><U1/><E1/><V117/><F117/><W36/><G36/><T73/><D73/><U34/><E34/><V61/><REACH who="2" step="1"/><F44/><REACH who="2" ten="205,357,197,231" step="2"/><W129/><G129/><T54/><D48/><U59/><E59/><V35/><F35/><W92/><G105/><T100/><D100/><U26/><E26/><V108/><F108/><W57/><G46/><T119/><D119/><U31/><E31/><V12/><F12/><W14/><G14/><T64/><D101/><U67/><E67/><V120/><F120/><W0/><G0/><T6/><D64/><U128/><E128/><V111/><F111/><W29/><G29/><RYUUKYOKU ba="2,1" sc="205,-30,357,10,197,10,231,10" hai1="15,18,20,23,25,28,42,47,51,82,90,94,95" hai2="3,7,9,11,13,16,45,49,56,58,61,65,71" hai3="21,22,50,55,57,81,86,92,97,103" /><INIT seed="1,3,1,0,2,83" ten="175,367,207,241" oya="1" hai0="101,125,115,62,16,109,43,64,48,121,111,44,80" hai1="2,12,84,79,89,11,61,30,21,135,123,88,4" hai2="134,28,98,7,124,127,66,36,25,55,73,17,5" hai3="34,70,26,18,38,100,56,63,95,113,29,93,39"/><U110/><E123/><V59/><F36/><W117/><G113/><T86/><D115/><U32/><E135/><V24/><F134/><W19/><G117/><T33/><D121/><U85/><E79/><V52/><F73/><W97/><G93/><T58/><D33/><U57/><E110/><N who="0" m="41993" /><D125/><N who="2" m="48202" /><F66/><W103/><G103/><T47/><D101/><U54/><E2/><V51/><F98/><W3/><G3/><T53/><D16/><U23/><E32/><N who="2" m="20487" /><F55/><W96/><G96/><T8/><D8/><U41/><E41/><V81/><F81/><W67/><G19/><T60/><D60/><U116/><E116/><V122/><F122/><W22/><G70/><N who="0" m="42263" /><D43/><U78/><E78/><AGARI ba="3,1" hai="44,47,48,53,58,78,80,86" m="42263,41993" machi="78" ten="30,2000,0" yaku="14,1,52,1" doraHai="83" who="0" fromWho="1" sc="175,39,367,-29,207,0,241,0" /><INIT seed="2,0,0,2,0,34" ten="214,338,207,241" oya="2" hai0="61,66,116,15,48,17,80,43,125,28,132,45,122" hai1="32,2,13,87,39,56,112,26,54,94,93,127,0" hai2="99,62,8,29,75,96,11,60,130,110,67,104,106" hai3="101,83,36,133,9,105,24,40,37,86,92,84,118"/><V74/><F29/><W120/><G120/><T119/><D122/><U63/><E112/><V73/><F130/><W100/><G118/><N who="0" m="45099" /><D125/><U20/><E39/><V90/><F110/><W97/><G40/><T41/><D28/><U21/><E127/><V124/><F124/><W134/><G24/><T5/><D5/><U38/><E38/><V10/><F90/><N who="3" m="53335" /><G9/><N who="0" m="6383" /><D80/><U129/><E32/><V78/><F78/><N who="3" m="46199" /><G36/><T89/><D89/><U79/><E129/><V47/><F47/><W135/><G37/><T35/><D35/><U103/><E79/><V57/><REACH who="2" step="1"/><F62/><REACH who="2" ten="214,338,197,241" step="2"/><W59/><G101/><T107/><D132/><U6/><E103/><V1/><F1/><W44/><G44/><T25/><D45/><U82/><E0/><V64/><F64/><W46/><G46/><T18/><D61/><U113/><E2/><V23/><F23/><W69/><G59/><T16/><D66/><U102/><E102/><V109/><F109/><W71/><AGARI ba="0,1" hai="69,71,97,100,105,133,134,135" m="46199,53335" machi="71" ten="40,1500,0" yaku="20,1" doraHai="34" who="3" fromWho="3" sc="214,-4,338,-4,197,-7,241,25" /><INIT seed="3,0,0,4,3,52" ten="210,334,190,266" oya="3" hai0="13,73,92,2,21,67,121,33,4,56,15,5,79" hai1="59,20,37,120,1,55,88,49,113,18,45,63,24" hai2="90,122,107,95,72,48,76,31,0,78,8,14,80" hai3="23,100,94,126,105,109,39,119,46,61,50,26,7"/><W77/><G119/><T70/><D121/><U42/><E120/><V104/><F122/><W65/><G126/><T106/><D106/><U125/><E1/><V85/><F0/><W91/><G77/><T112/><D33/><U131/><E113/><V25/><F78/><W12/><G39/><T62/><D112/><U111/><E111/><V81/><F48/><W40/><G109/><T51/><D2/><U9/><E125/><V38/><F81/><W57/><G105/><T22/><D73/><U115/><E115/><V99/><F72/><W124/><G124/><T103/><D79/><U93/><E131/><V101/><F38/><W68/><G68/><T129/><D129/><U36/><REACH who="1" step="1"/><E9/><REACH who="1" ten="210,324,190,266" step="2"/><V132/><F132/><W75/><G75/><T35/><D35/><U34/><E34/><V54/><F8/><N who="3" m="4127" /><G100/><T110/><D110/><U108/><E108/><V3/><F101/><W60/><G60/><T128/><D128/><U58/><E58/><V87/><F3/><W83/><G83/><T66/><D103/><U19/><E19/><V133/><F133/><W30/><G94/><T69/><D92/><U71/><E71/><V97/><F107/><W96/><G91/><T6/><D69/><U123/><E123/><V10/><F104/><W130/><G130/><T102/><D70/><U17/><E17/><V116/><F95/><W29/><G29/><T127/><D127/><U114/><E114/><V16/><F90/><W89/><G89/><T53/><D102/><U86/><AGARI ba="0,1" hai="18,20,24,36,37,42,45,49,55,59,63,86,88,93" machi="86" ten="20,8000,1" yaku="1,1,0,1,7,1,52,1,54,1,53,0" doraHai="52" doraHaiUra="74" who="1" fromWho="1" sc="210,-20,324,90,190,-20,266,-40" /><INIT seed="4,0,0,1,0,54" ten="190,414,170,226" oya="0" hai0="112,130,76,11,10,56,70,125,35,134,67,95,92" hai1="132,46,122,93,20,41,45,23,40,98,111,123,120" hai2="121,24,103,85,4,31,3,0,84,73,44,19,72" hai3="129,104,135,9,61,13,52,90,100,115,42,30,33"/><T116/><D116/><U60/><E111/><V96/><F121/><W82/><G42/><T6/><D112/><U55/><E132/><V14/><F73/><W88/><G135/><T105/><D105/><U26/><E60/><V48/><F72/><W49/><G129/><T37/><D134/><U117/><E117/><V27/><F3/><W7/><G115/><T127/><D37/><U113/><E113/><V83/><F0/><W107/><G107/><T25/><D70/><U69/><E69/><V39/><F39/><W91/><G61/><N who="0" m="38311" /><D76/><U79/><E79/><V22/><F4/><W78/><G100/><T2/><D10/><U64/><E64/><V101/><F27/><W86/><G104/><T126/><D130/><U28/><E23/><V18/><F18/><W108/><G108/><T75/><D75/><U8/><E8/><V1/><F1/><W51/><G33/><T106/><D106/><U66/><E66/><V102/><F96/><W124/><G30/><AGARI ba="0,0" hai="2,6,11,25,30,35,92,95,125,126,127" m="38311" machi="30" ten="30,2900,0" yaku="18,1,52,1" doraHai="54" who="0" fromWho="3" sc="190,29,414,0,170,0,226,-29" /><INIT seed="4,1,0,3,4,23" ten="219,414,170,197" oya="0" hai0="59,44,26,31,29,71,65,8,41,75,16,15,92" hai1="107,117,30,130,21,101,6,28,5,124,56,126,64" hai2="0,120,104,68,61,54,66,100,93,111,32,60,122" hai3="24,34,83,105,129,10,45,38,86,135,70,2,90"/><T103/><D75/><U39/><E39/><V94/><F111/><W79/><G105/><T102/><D71/><U3/><E101/><V133/><F0/><W81/><G70/><T77/><D77/><U14/><E107/><V110/><F110/><W48/><G38/><T9/><D9/><N who="1" m="2239" /><E64/><V42/><F42/><W46/><G129/><T91/><D59/><U98/><E98/><V13/><F133/><W125/><G125/><N who="1" m="48234" /><E56/><V123/><F32/><W52/><G135/><T109/><D109/><U119/><E130/><V114/><F114/><W89/><G46/><T128/><D128/><U115/><E115/><V55/><F104/><W17/><G83/><T84/><D65/><U132/><E132/><V43/><F43/><W53/><G53/><T127/><D127/><U87/><E87/><V25/><F55/><W96/><G96/><T95/><D95/><U57/><E57/><V63/><F54/><W121/><G121/><T116/><D116/><U1/><E1/><V20/><F94/><W134/><G134/><T22/><D31/><N who="1" m="11819" /><E6/><V131/><F131/><W49/><G2/><T11/><D102/><U4/><E4/><V112/><F112/><W73/><G49/><N who="0" m="26767" /><D103/><U108/><E108/><V78/><F78/><W19/><G73/><T50/><D50/><U82/><E82/><V47/><F100/><W37/><G37/><T51/><D51/><U33/><E33/><V62/><F93/><W80/><G34/><T72/><D72/><U7/><E7/><V113/><F113/><W76/><G48/><T35/><D35/><U97/><E97/><V106/><F123/><RYUUKYOKU ba="1,0" sc="219,15,414,15,170,-15,197,-15" hai0="8,11,15,16,22,26,29,84,91,92" hai1="14,21,117,119" /><INIT seed="4,2,0,1,3,28" ten="234,429,155,182" oya="0" hai0="92,12,26,66,10,33,56,40,31,117,49,6,77" hai1="18,105,32,116,88,70,1,80,83,129,46,124,84" hai2="44,119,102,52,58,5,133,91,16,113,95,8,118" hai3="4,114,93,23,15,41,22,30,103,123,94,108,101"/><T11/><D117/><N who="2" m="44554" /><F113/><W24/><G108/><T73/><D73/><U120/><E116/><V71/><F71/><W100/><G114/><T59/><D77/><U111/><E111/><V7/><F133/><W75/><G123/><T97/><D66/><U130/><E120/><V79/><F102/><W14/><G75/><T82/><D82/><U104/><E70/><V135/><F79/><W36/><G36/><T21/><D33/><U115/><E115/><V110/><F110/><W86/><G41/><T47/><REACH who="0" step="1"/><D11/><REACH who="0" ten="224,429,155,182" step="2"/><U50/><E32/><V25/><F135/><W9/><G86/><T87/><D87/><U127/><E80/><V107/><F8/><N who="3" m="4359" /><G23/><T68/><D68/><U20/><E20/><V90/><F5/><AGARI ba="2,1" hai="5,9,15,22,24,30,93,94,100,101,103" m="4359" machi="5" ten="30,1000,0" yaku="8,1" doraHai="28" who="3" fromWho="2" sc="224,0,429,0,155,-16,182,26" /><INIT seed="5,0,0,1,1,100" ten="224,429,139,208" oya="1" hai0="41,91,84,2,63,17,96,27,23,37,116,88,21" hai1="113,12,57,101,76,130,95,87,7,80,73,3,72" hai2="49,123,15,83,6,53,56,40,28,82,93,92,67" hai3="133,30,62,50,66,65,122,111,81,52,1,131,79"/><U45/><E113/><V20/><F123/><W126/><G1/><T109/><D109/><U90/><E3/><V59/><F40/><W99/><G122/><T75/><D75/><U125/><E125/><V25/><F6/><W38/><G38/><T102/><D2/><U104/><E130/><V78/><F15/><W11/><G133/><T119/><D63/><U5/><E57/><V85/><REACH who="2" step="1"/><F83/><REACH who="2" ten="224,429,129,208" step="2"/><W48/><G81/><T124/><D124/><U16/><E5/><V103/><F103/><W18/><G126/><T74/><D102/><U46/><E7/><V42/><F42/><W0/><G0/><T39/><D41/><U68/><E73/><V120/><F120/><W35/><G111/><T58/><D39/><U29/><E68/><V24/><F24/><W135/><G135/><T54/><D27/><U71/><E71/><V14/><F14/><W47/><G131/><T106/><D37/><U64/><E72/><V8/><F8/><W108/><G11/><T43/><D74/><U110/><E80/><V61/><AGARI ba="0,1" hai="20,25,28,49,53,56,59,61,67,78,82,85,92,93" machi="61" ten="30,7900,0" yaku="1,1,0,1,8,1,53,1" doraHai="100" doraHaiUra="60" who="2" fromWho="2" sc="224,-20,429,-39,129,89,208,-20" /><INIT seed="6,0,0,5,3,18" ten="204,390,218,188" oya="2" hai0="73,111,8,25,83,50,11,126,78,53,3,23,4" hai1="0,85,86,12,49,65,91,66,40,38,33,28,41" hai2="39,7,101,104,128,61,6,29,96,42,67,122,35" hai3="92,133,129,52,43,62,97,58,112,88,79,110,114"/><V74/><F122/><W70/><G110/><T22/><D111/><U15/><E0/><V68/><F128/><W69/><G129/><T119/><D126/><U2/><E2/><V99/><F74/><W89/><G79/><T116/><D11/><U102/><E38/><V45/><REACH who="2" step="1"/><F99/><REACH who="2" ten="204,390,208,188" step="2"/><W72/><G72/><T48/><D48/><U5/><E49/><V10/><F10/><W47/><G133/><T108/><D108/><U16/><E86/><V113/><F113/><N who="3" m="43627" /><G89/><T134/><D134/><U1/><E91/><V94/><F94/><W36/><AGARI ba="0,1" hai="36,43,47,52,58,62,69,70,88,92,97" m="43627" machi="36" ten="30,7900,0" yaku="15,1,11,1,54,2" doraHai="18" who="3" fromWho="3" sc="204,-20,390,-20,208,-39,188,89" /><INIT seed="7,0,0,5,4,105" ten="184,370,169,277" oya="3" hai0="109,122,63,121,90,34,13,82,74,84,67,124,4" hai1="51,47,18,88,16,95,2,123,22,64,10,112,15" hai2="128,46,21,59,98,20,50,135,86,5,52,33,62" hai3="99,56,132,36,134,85,28,23,120,8,29,54,78"/><W126/><G36/><T69/><D109/><U76/><E123/><V94/><F33/><W108/><G120/><T79/><D34/><U25/><E112/><V49/><F135/><N who="3" m="51755" /><G126/><T30/><D30/><U81/><E64/><V3/><F128/><W83/><G8/><T80/><D124/><U129/><E129/><V35/><F35/><W101/><G23/><T58/><D69/><U93/><E2/><V60/><F86/><W104/><G108/><T131/><D131/><U116/><E116/><V73/><F73/><W6/><G6/><T48/><D48/><AGARI ba="0,0" hai="28,29,48,54,56,78,83,85,99,101,104" m="51755" machi="48" ten="30,1500,0" yaku="20,1" doraHai="105" who="3" fromWho="0" sc="184,-15,370,0,169,0,277,15" /><INIT seed="7,1,0,1,3,134" ten="169,370,169,292" oya="3" hai0="50,51,52,53,98,0,127,32,49,109,45,57,87" hai1="27,91,40,101,107,117,119,110,122,17,30,103,35" hai2="19,42,65,66,23,116,62,7,113,82,72,11,99" hai3="25,121,129,106,84,74,132,33,13,21,56,76,55"/><W94/><G121/><T69/><D0/><U67/><E110/><V29/><F116/><N who="1" m="44617" /><E122/><V46/><F113/><W118/><G118/><T26/><D69/><U135/><E135/><V22/><F29/><W71/><G71/><T80/><D109/><U95/><E107/><V120/><F120/><W86/><G106/><T8/><D98/><N who="1" m="57727" /><E67/><V125/><F125/><W5/><G33/><T1/><D32/><U70/><E70/><V130/><F130/><W75/><G129/><T36/><D127/><U63/><E63/><V58/><F99/><W41/><G41/><T24/><D49/><U104/><E104/><V100/><F100/><N who="1" m="38473" /><E17/><V85/><F72/><W64/><G64/><T112/><D112/><U44/><E44/><V102/><F102/><W133/><G132/><T31/><D36/><U114/><E40/><V2/><F19/><N who="3" m="12479" /><G133/><T47/><D47/><U81/><E81/><V12/><F66/><W14/><G75/><T79/><D31/><U97/><E97/><V123/><F123/><W10/><G74/><T92/><D92/><U16/><E16/><V48/><F2/><N who="3" m="311" /><G86/><T54/><D45/><U131/><E131/><V28/><F28/><W43/><G43/><T9/><D51/><U38/><E38/><V61/><F62/><N who="3" m="36127" /><G94/><T128/><D128/><U37/><E37/><V4/><F4/><W15/><G84/><T20/><D50/><U6/><E6/><V93/><F93/><W115/><G115/><AGARI ba="1,0" hai="27,30,35,114,115" m="38473,57727,44617" machi="115" ten="30,1000,0" yaku="12,1" doraHai="134" who="1" fromWho="3" sc="169,0,370,13,169,0,292,-13" owari="169,-23.0,383,48.0,169,-33.0,279,8.0" /></mjloggm>