<mjloggm ver="2.3"><GO type="169" lobby="0"/><UN n0="%E3%82%AB%E3%83%9D%E3%83%8D%E5%9B%A3%E3%81%AE%E5%85%84%E8%B2%B4" n1="%7A%61%63%63" n2="%E3%82%A6%E3%83%AB%E3%83%88%E3%83%A9%E7%AB%8B%E7%9B%B4" n3="%E3%82%89%E3%81%84%E3%81%B5%E3%81%8C%E3%83%BC%E3%81%A9%E3%81%99%E3%81%8D" dan="16,17,17,18" rate="2102.69,2157.07,2198.55,2134.15" sx="M,F,M,M"/><TAIKYOKU oya="0"/><INIT seed="0,0,0,3,4,95" ten="250,250,250,250" oya="0" hai0="5,24,1,55,92,114,128,82,73,127,61,25,135" hai1="130,27,79,116,52,101,30,46,90,104,7,43,96" hai2="14,48,56,12,89,50,18,34,94,8,11,13,134" hai3="19,69,131,9,37,62,32,60,75,3,0,44,28"/><T68/><D114/><U97/><E116/><V65/><F34/><W125/><G19/><T4/><D128/><U59/><E79/><V78/><F78/><W29/><G75/><T31/><D127/><U76/><E76/><V51/><F134/><W100/><G44/><T81/><D73/><U21/><E7/><N who="0" m="2633" /><D68/><U74/><E74/><V45/><F18/><W91/><G100/><T16/><D1/><U115/><E130/><V88/><F45/><W67/><G37/><T109/><D135/><U41/><E46/><V123/><F123/><W10/><G67/><T77/><D31/><U93/><E115/><V113/><F113/><W133/><G69/><T107/><D107/><U118/><E118/><V6/><F6/><W117/><G32/><T39/><D39/><U105/><E104/><V64/><F56/><W103/><G103/><T86/><D82/><U63/><AGARI ba="0,0" hai="21,27,30,41,43,52,59,63,90,93,96,97,101,105" machi="63" ten="20,8000,1" yaku="0,1,7,1,52,2,54,1" doraHai="95" who="1" fromWho="1" sc="250,-40,250,80,250,-20,250,-20" /><INIT seed="1,0,0,5,5,92" ten="210,330,230,230" oya="1" hai0="59,33,123,135,80,73,46,60,40,107,62,49,44" hai1="90,126,23,112,0,65,47,41,37,102,45,34,95" hai2="105,35,30,101,66,117,88,78,58,134,124,104,120" hai3="110,103,25,31,63,17,67,13,50,54,21,18,20"/><U113/><E34/><V22/><F35/><W111/><G103/><T5/><D33/><U116/><E116/><V114/><F120/><W64/><G31/><T91/><D107/><U79/><E0/><V131/><F117/><W70/><REACH who="3" step="1"/><G64/><REACH who="3" ten="210,330,230,220" step="2"/><T14/><D135/><U72/><E102/><V9/><F101/><W27/><G27/><T8/><D123/><U32/><E65/><V53/><F66/><W75/><G75/><T1/><D73/><U96/><E32/><V115/><F30/><W130/><G130/><T76/><D1/><U10/><E72/><V29/><F29/><W82/><G82/><T16/><D5/><U97/><E113/><V61/><F131/><W127/><G127/><T36/><D76/><U98/><E126/><V69/><F78/><W99/><G99/><T77/><D77/><U84/><E112/><V74/><F124/><W52/><G52/><T86/><D59/><AGARI ba="0,1" hai="13,17,18,20,21,25,50,54,59,63,67,70,110,111" machi="59" ten="40,2600,0" yaku="1,1,53,1" doraHai="92" doraHaiUra="56" who="3" fromWho="0" sc="210,-26,330,0,230,0,220,36" /><INIT seed="2,0,0,4,4,73" ten="184,330,230,256" oya="2" hai0="79,88,40,16,2,105,89,114,1,52,121,32,55" hai1="12,27,63,100,35,0,64,94,103,19,61,50,81" hai2="128,53,92,126,54,31,119,60,83,7,4,77,56" hai3="130,62,122,93,38,101,115,44,135,107,109,23,43"/><V70/><F119/><W20/><G122/><T110/><D121/><U90/><E0/><V76/><F128/><W85/><G130/><T91/><D114/><U8/><E35/><V24/><F126/><W127/><G127/><T99/><D32/><U125/><E125/><V5/><F70/><W118/><G118/><T71/><D71/><U11/><E27/><V42/><F42/><W123/><G123/><T6/><D40/><U112/><E112/><V49/><F83/><W14/><G107/><T25/><D110/><U9/><E81/><V22/><REACH who="2" step="1"/><F92/><REACH who="2" ten="184,330,220,256" step="2"/><W45/><G93/><T68/><D68/><U26/><E94/><V129/><F129/><W98/><G43/><T21/><D105/><U17/><E103/><V95/><F95/><W57/><G101/><T10/><D99/><U124/><E100/><V37/><F37/><W86/><G38/><T117/><D117/><U29/><E124/><V33/><F33/><W13/><G98/><T96/><D96/><U65/><E9/><V120/><F120/><W41/><G115/><T36/><D36/><U74/><E8/><V18/><F18/><W82/><G82/><T3/><REACH who="0" step="1"/><D79/><REACH who="0" ten="174,330,220,256" step="2"/><U104/><E104/><V58/><AGARI ba="0,2" hai="4,5,7,22,24,31,49,53,54,56,58,60,76,77" machi="58" ten="30,12000,1" yaku="1,1,0,1,8,1,52,2,53,0" doraHai="73" doraHaiUra="80" who="2" fromWho="2" sc="174,-40,330,-40,220,140,256,-40" /><INIT seed="2,1,0,4,1,86" ten="134,290,360,216" oya="2" hai0="122,113,9,93,16,36,40,44,43,110,131,83,88" hai1="134,90,41,128,64,53,89,108,75,39,111,124,95" hai2="116,46,96,117,37,23,71,109,29,107,99,13,25" hai3="129,51,102,52,100,57,28,26,27,62,73,132,33"/><V6/><F71/><W65/><G132/><T60/><D122/><U55/><E134/><V22/><F107/><W115/><G73/><T17/><D113/><U133/><E75/><V0/><F37/><W135/><G135/><T79/><D110/><N who="1" m="42027" /><E133/><V104/><F46/><W21/><G129/><T20/><D131/><U54/><E128/><V76/><F76/><W98/><G115/><T48/><D40/><U3/><E3/><V82/><F82/><W10/><G10/><T125/><D125/><U50/><E124/><V47/><F47/><W8/><G8/><T58/><D36/><U49/><E64/><V81/><F81/><W112/><G98/><N who="0" m="57639" /><D83/><U130/><E130/><V66/><F109/><W103/><G112/><T63/><D79/><U123/><E123/><V5/><F104/><W2/><G2/><T94/><D94/><U119/><E119/><V69/><F0/><W85/><G85/><T127/><D127/><U68/><E68/><V77/><F77/><W1/><G1/><T38/><D38/><U72/><E72/><V92/><F92/><W106/><G106/><T118/><D118/><U7/><E7/><V105/><F5/><W56/><G103/><T4/><D4/><U84/><E41/><V74/><F6/><W87/><G87/><T61/><D9/><U59/><E49/><V70/><F74/><W78/><G78/><T120/><D120/><U32/><E32/><V14/><F105/><W126/><G126/><T18/><D20/><U24/><E39/><V91/><F23/><W121/><G121/><T11/><D11/><U67/><E95/><RYUUKYOKU ba="1,0" sc="134,15,290,-15,360,-15,216,15" hai0="16,17,18,43,44,48,58,60,61,63" hai3="21,26,27,28,33,51,52,56,57,62,65,100,102" /><INIT seed="3,2,0,2,1,86" ten="149,275,345,231" oya="3" hai0="65,49,1,68,93,9,134,11,121,100,87,94,110" hai1="111,131,26,105,74,56,84,71,69,91,25,50,127" hai2="57,51,18,44,15,19,10,70,28,35,123,124,6" hai3="98,66,95,12,118,55,4,36,114,132,16,30,72"/><W7/><G114/><T119/><D121/><U3/><E74/><V64/><F70/><W61/><G118/><T78/><D119/><U108/><E3/><V97/><F123/><W125/><G72/><T41/><D134/><U53/><E105/><V40/><F124/><W82/><G36/><T58/><D68/><U23/><E25/><V20/><F35/><W67/><G125/><T60/><D110/><N who="1" m="42027" /><E131/><V83/><F83/><W112/><G30/><T33/><D33/><U76/><E76/><V106/><F106/><W133/><G82/><N who="0" m="47575" /><D1/><U45/><E56/><V79/><F79/><W101/><G112/><T13/><D100/><U62/><E62/><N who="2" m="37967" /><F97/><W21/><G55/><T63/><D63/><U59/><E45/><V48/><F48/><W99/><G99/><T29/><D29/><N who="1" m="17631" /><E127/><V22/><F28/><W126/><G126/><T120/><D120/><U8/><E8/><V37/><F37/><W122/><G122/><T90/><D11/><U32/><E32/><V47/><F47/><W34/><G34/><T46/><D9/><U2/><E2/><V107/><F107/><W75/><G75/><T109/><D109/><U42/><E42/><V113/><F113/><W52/><G52/><N who="0" m="29751" /><D13/><U24/><E24/><N who="2" m="14359" /><F10/><W38/><G38/><T103/><D103/><U135/><E135/><N who="3" m="51786" /><G61/><T73/><D73/><U81/><AGARI ba="2,0" hai="50,53,59,69,71,81,84,91" m="17631,42027" machi="81" ten="30,2000,0" yaku="14,1,52,1" doraHai="86" who="1" fromWho="1" sc="149,-7,275,26,345,-7,231,-12" /><INIT seed="4,0,0,0,0,129" ten="142,301,338,219" oya="0" hai0="3,25,1,66,29,52,57,118,90,79,81,31,131" hai1="99,96,38,110,12,33,103,45,14,126,50,84,27" hai2="95,92,41,120,9,83,64,0,132,68,117,60,76" hai3="20,80,130,11,48,36,26,70,7,5,125,86,21"/><T35/><D118/><U128/><E38/><V113/><F120/><W61/><G36/><T37/><D131/><U77/><E128/><V62/><F117/><W10/><G125/><T46/><D31/><U28/><E110/><V24/><F113/><W104/><G104/><T115/><D90/><U88/><E77/><V69/><F41/><W44/><G70/><T102/><D102/><U127/><E99/><V89/><F24/><W2/><G61/><T85/><D115/><U34/><E33/><V100/><F100/><W111/><G111/><T47/><D66/><U101/><E103/><V67/><F89/><N who="3" m="51399" /><G2/><T17/><D17/><U75/><E75/><V19/><F132/><W134/><G134/><T55/><D55/><U49/><E49/><V87/><F19/><N who="3" m="12575" /><G21/><T56/><D56/><U15/><E96/><V98/><F98/><W82/><G82/><T107/><D107/><U63/><E63/><V8/><F8/><N who="3" m="3115" /><G130/><T13/><D13/><U54/><E101/><V22/><REACH who="2" step="1"/><F22/><REACH who="2" ten="142,301,328,219" step="2"/><W30/><G30/><T109/><D109/><U119/><REACH who="1" step="1"/><E119/><REACH who="1" ten="142,291,328,219" step="2"/><V108/><F108/><W124/><G124/><T53/><D37/><U78/><E78/><V133/><F133/><W23/><G23/><T65/><D3/><U71/><E71/><V73/><F73/><W97/><G97/><T40/><D1/><U116/><E116/><V122/><F122/><W6/><G6/><AGARI ba="0,2" hai="0,6,9,60,62,64,67,68,69,76,83,87,92,95" machi="6" ten="40,2600,0" yaku="1,1,9,1,53,0" doraHai="129" doraHaiUra="18" who="2" fromWho="3" sc="142,0,291,0,328,46,219,-26" /><INIT seed="5,0,0,4,1,26" ten="142,291,374,193" oya="1" hai0="25,7,96,1,62,63,81,72,120,118,114,86,100" hai1="21,49,119,98,19,121,83,94,84,70,78,130,52" hai2="69,14,68,127,128,131,27,93,9,126,35,106,123" hai3="44,8,45,134,124,18,105,32,82,4,89,111,34"/><U88/><E121/><V50/><F106/><W129/><G105/><T115/><D118/><U39/><E119/><V58/><F93/><W36/><G111/><T55/><D1/><U33/><E33/><V117/><F117/><W92/><G36/><T43/><D7/><U74/><E70/><N who="2" m="27243" /><F123/><W48/><G129/><N who="2" m="49737" /><F27/><W77/><G134/><T75/><D43/><U6/><E6/><N who="2" m="3383" /><F35/><W99/><G92/><T2/><D25/><U11/><E11/><V110/><F110/><W91/><G8/><T51/><D120/><U112/><E130/><V95/><F95/><W5/><G34/><T133/><D133/><U53/><E39/><V135/><F135/><W10/><G10/><T102/><D2/><U122/><E122/><V103/><F103/><W38/><G38/><T40/><D100/><U20/><E112/><V107/><F107/><W47/><G32/><T15/><D102/><U12/><E21/><V116/><F116/><W30/><G5/><T90/><D114/><U59/><REACH who="1" step="1"/><E53/><AGARI ba="0,0" hai="50,53,58,126,127" m="3383,49737,27243" machi="53" ten="40,1300,0" yaku="19,1" doraHai="26" who="2" fromWho="1" sc="142,0,291,-13,374,13,193,0" /><INIT seed="6,0,0,4,0,113" ten="142,278,387,193" oya="2" hai0="100,65,15,28,1,122,13,120,8,49,71,114,58" hai1="103,35,110,42,50,25,60,36,67,99,121,97,123" hai2="76,131,118,55,107,19,109,86,4,11,0,72,127" hai3="134,78,88,59,74,130,126,40,10,124,53,63,37"/><V95/><F107/><W12/><G74/><T22/><D71/><U83/><E110/><V3/><F3/><W106/><G78/><T135/><D100/><U125/><E99/><V66/><F109/><W92/><G106/><T64/><D114/><U115/><E115/><V129/><F66/><W105/><G105/><T9/><D1/><U38/><E125/><V108/><F108/><W81/><G81/><T23/><D49/><U27/><E27/><V30/><F30/><W47/><G134/><T96/><D58/><U101/><E101/><V16/><F72/><W18/><REACH who="3" step="1"/><G130/><REACH who="3" ten="142,278,387,183" step="2"/><T112/><D112/><U21/><E83/><V133/><F76/><W39/><G39/><T26/><D135/><U73/><E73/><V56/><F133/><W45/><G45/><T44/><D44/><U62/><E38/><V68/><F131/><W5/><G5/><T51/><D120/><U6/><E36/><V77/><F4/><W111/><G111/><T82/><D122/><U84/><E6/><V7/><F7/><W89/><G89/><T87/><D82/><U98/><E103/><V132/><F132/><W69/><G69/><T90/><D90/><U104/><E104/><V20/><F68/><W85/><AGARI ba="0,1" hai="10,12,18,37,40,47,53,59,63,85,88,92,124,126" machi="85" ten="30,4000,0" yaku="1,1,0,1,54,1,53,0" doraHai="113" doraHaiUra="31" who="3" fromWho="3" sc="142,-10,278,-10,387,-20,183,50" /><INIT seed="7,0,0,5,3,132" ten="132,268,367,233" oya="3" hai0="117,98,75,31,119,115,91,87,105,127,5,94,4" hai1="57,68,39,129,19,53,20,9,133,108,34,21,41" hai2="111,11,100,51,2,77,17,28,45,1,82,40,38" hai3="55,118,36,99,107,16,124,22,84,0,63,86,120"/><W13/><G118/><T79/><D31/><U64/><E34/><V89/><F111/><W128/><G120/><T83/><D5/><U6/><E108/><V12/><F100/><W102/><G36/><T114/><D4/><U67/><E133/><V93/><F28/><W130/><G0/><T65/><D65/><U78/><E78/><V48/><F48/><W8/><G124/><T37/><D37/><U26/><E68/><V103/><F103/><W60/><G8/><T81/><D127/><U23/><E41/><V112/><F112/><N who="0" m="43050" /><D105/><U71/><E71/><V3/><F51/><W96/><G107/><T92/><D92/><U134/><E67/><V14/><F1/><W95/><G95/><T62/><D62/><U43/><E64/><V80/><F93/><W123/><G60/><T121/><D121/><U101/><E43/><V44/><F40/><W46/><G63/><T110/><D110/><U72/><E6/><V61/><F61/><W106/><G106/><T58/><D58/><U10/><E57/><V109/><F38/><W126/><G126/><T33/><D33/><U88/><E10/><V122/><F11/><W27/><G123/><T49/><D49/><U113/><E9/><V70/><F122/><W47/><G47/><T97/><D97/><U35/><E35/><V50/><F109/><W90/><G96/><T74/><D74/><U29/><E72/><V52/><F45/><W66/><G46/><T54/><D54/><U125/><E113/><V131/><F44/><W104/><G55/><T116/><D116/><U24/><E39/><V56/><F52/><RYUUKYOKU ba="0,0" sc="132,30,268,-10,367,-10,233,-10" hai0="75,79,81,83,87,91,94,98,117,119" owari="162,-34.0,258,6.0,357,46.0,223,-18.0" /></mjloggm>