<mjloggm ver="2.3"><GO type="169" lobby="0"/><UN n0="%E5%B0%B1%E6%B4%BB%E7%94%9F%40%E5%B7%9D%E6%9D%91%E8%BB%8D%E5%9B%A3" n1="%E3%81%B5%E3%81%8B%E3%81%A4%E3%81%81%E3%83%BC" n2="%E3%81%87%E3%82%8B%E3%81%87%E3%82%8B" n3="%3D%4A%61%6D" dan="17,16,16,17" rate="2226.58,2112.05,2029.66,2233.95" sx="M,M,F,M"/><TAIKYOKU oya="0"/><INIT seed="0,0,0,3,0,60" ten="250,250,250,250" oya="0" hai0="66,15,132,42,123,94,39,3,10,131,26,29,23" hai1="134,122,36,80,100,20,18,133,71,16,78,93,92" hai2="63,105,54,32,129,30,119,17,65,62,103,70,91" hai3="9,73,69,126,44,31,59,76,96,6,99,12,120"/><T53/><D123/><U75/><E122/><V104/><F129/><W22/><G69/><T110/><D131/><U51/><E36/><V128/><F128/><W127/><G120/><T117/><D117/><U49/><E71/><V57/><F119/><W2/><G44/><T25/><D132/><N who="1" m="50795" /><E18/><V41/><F41/><W48/><G76/><T50/><D3/><U33/><E33/><V124/><F124/><N who="3" m="47659" /><G73/><T61/><D110/><U37/><E37/><V83/><F17/><N who="3" m="10535" /><G31/><T101/><D42/><U45/><E100/><V34/><F34/><W28/><G28/><T84/><D39/><U130/><E130/><V106/><F91/><W121/><G121/><T58/><D26/><N who="1" m="14599" /><E51/><V118/><F118/><W89/><G89/><N who="0" m="53543" /><D101/><U27/><E27/><V64/><F103/><W72/><G72/><T1/><D1/><U135/><N who="1" m="50803" /><U74/><DORA hai="112" /><E74/><V125/><F125/><W4/><G4/><N who="0" m="3527" /><D50/><U115/><E115/><V68/><F32/><W79/><G79/><T56/><D56/><U40/><AGARI ba="0,0" hai="40,45,49,75,78,80,92,93" m="14599,50803" machi="40" ten="40,2700,0" yaku="20,1,54,1" doraHai="60,112" who="1" fromWho="1" sc="250,-13,250,27,250,-7,250,-7" /><INIT seed="1,0,0,3,3,115" ten="237,277,243,243" oya="1" hai0="133,24,124,43,40,17,114,82,21,2,121,119,100" hai1="19,4,50,98,27,102,34,105,99,87,86,64,44" hai2="52,49,57,122,128,91,120,70,31,118,63,76,5" hai3="92,95,94,85,116,59,9,10,6,7,46,81,1"/><U132/><E4/><V14/><F128/><W56/><G46/><T71/><D114/><U96/><E132/><V61/><F76/><W39/><G39/><T48/><D121/><U123/><E123/><V79/><F79/><W29/><G29/><T107/><D71/><U33/><E64/><V130/><F130/><W117/><G59/><T22/><D2/><U69/><E69/><V134/><F134/><W65/><G65/><T104/><D133/><U89/><E34/><V78/><F78/><W127/><G56/><T126/><D82/><U32/><E32/><V11/><F31/><W15/><REACH who="3" step="1"/><G127/><REACH who="3" ten="237,277,243,233" step="2"/><T110/><D124/><U53/><E44/><V62/><F122/><W90/><AGARI ba="0,1" hai="1,6,7,9,10,15,81,85,90,92,94,95,116,117" machi="90" ten="30,8000,1" yaku="1,1,2,1,0,1,52,2,53,0" doraHai="115" doraHaiUra="42" who="3" fromWho="3" sc="237,-20,277,-40,243,-20,233,90" /><INIT seed="2,0,0,2,2,62" ten="217,237,223,323" oya="2" hai0="93,108,46,109,34,32,125,78,100,60,70,98,8" hai1="85,105,120,18,110,43,40,1,48,22,77,26,50" hai2="39,101,92,3,19,69,76,57,89,38,67,121,91" hai3="133,102,132,97,134,2,130,131,29,65,7,36,31"/><V128/><F121/><W14/><G36/><T119/><D125/><U106/><E1/><V126/><F126/><W58/><G2/><T124/><D124/><U82/><E120/><V54/><F3/><W73/><G73/><T20/><D78/><U86/><E110/><N who="0" m="42601" /><D119/><U17/><E77/><V104/><F128/><N who="3" m="49195" /><G7/><T45/><D20/><U33/><E22/><V68/><F68/><W127/><G14/><T28/><D8/><U84/><E84/><V116/><F116/><W103/><G127/><T21/><D21/><U117/><E26/><V113/><F76/><W72/><G72/><T80/><D80/><U64/><E82/><V41/><F104/><N who="3" m="63567" /><G103/><T123/><D123/><U49/><E49/><V47/><F38/><W96/><G96/><T15/><D15/><U27/><E27/><V52/><F113/><W10/><G10/><T44/><D28/><U5/><E5/><V12/><F101/><W24/><G24/><T122/><D122/><U99/><E99/><V75/><F75/><W59/><G65/><AGARI ba="0,0" hai="32,34,44,45,46,60,65,70,93,98,100" m="42601" machi="65" ten="30,2000,0" yaku="14,1,52,1" doraHai="62" who="0" fromWho="3" sc="217,20,237,0,223,0,323,-20" /><INIT seed="3,0,0,1,3,6" ten="237,237,223,303" oya="3" hai0="69,40,99,23,68,107,133,5,21,101,20,85,58" hai1="100,84,80,123,126,72,127,3,25,9,39,74,41" hai2="134,114,19,22,110,16,79,24,112,82,102,7,47" hai3="18,73,56,14,104,11,121,28,125,57,77,89,105"/><W115/><G115/><T109/><D109/><U54/><E123/><V67/><F110/><W27/><G121/><T91/><D133/><U64/><E100/><V26/><F134/><W36/><G36/><T120/><D120/><U71/><E25/><V97/><F7/><W66/><G125/><N who="1" m="47626" /><E54/><V2/><F2/><W129/><G129/><T34/><D34/><U98/><E98/><V93/><F47/><W113/><G113/><T46/><D58/><U94/><E94/><V90/><F67/><W30/><G30/><T8/><D91/><N who="1" m="51591" /><E41/><V37/><F37/><W92/><G77/><T49/><REACH who="0" step="1"/><D85/><REACH who="0" ten="227,237,223,303" step="2"/><U70/><E74/><V119/><F90/><W38/><G73/><T83/><D83/><U96/><E72/><V4/><F112/><W65/><G57/><T50/><D50/><U103/><E39/><V45/><F114/><W75/><G38/><T117/><D117/><U135/><E135/><V78/><F119/><W132/><G75/><T15/><AGARI ba="0,1" hai="5,8,15,20,21,23,40,46,49,68,69,99,101,107" machi="15" ten="30,4000,0" yaku="1,1,0,1,52,1,53,0" doraHai="6" doraHaiUra="59" who="0" fromWho="0" sc="227,50,237,-10,223,-10,303,-20" /><INIT seed="4,0,0,5,0,87" ten="277,227,213,283" oya="0" hai0="57,66,101,61,52,111,35,60,93,120,21,33,30" hai1="17,74,105,0,73,49,104,76,130,78,22,51,89" hai2="23,83,42,131,107,6,84,7,127,24,106,70,59" hai3="115,121,125,99,113,53,43,62,98,18,135,55,15"/><T27/><D120/><U10/><E130/><V134/><F70/><W3/><G3/><T8/><D111/><U13/><E73/><V28/><F131/><W119/><G119/><T39/><D39/><U68/><E68/><V2/><F134/><W133/><G121/><T117/><D117/><U88/><E74/><V4/><F127/><W126/><G43/><T116/><D116/><U67/><E105/><V36/><F2/><W128/><G128/><T95/><D8/><U100/><E104/><V26/><F42/><W65/><G98/><T50/><D60/><U11/><E0/><V129/><F36/><W79/><G79/><N who="1" m="30250" /><E100/><V34/><F59/><N who="3" m="37087" /><G99/><T47/><REACH who="0" step="1"/><D101/><REACH who="0" ten="267,227,213,283" step="2"/><U94/><E11/><V103/><F103/><W63/><G63/><T102/><D102/><U110/><E110/><V14/><F129/><W19/><G135/><T45/><D45/><U58/><E10/><V80/><F107/><W32/><G133/><T97/><D97/><U86/><E67/><V54/><F106/><W9/><G126/><T82/><D82/><N who="1" m="49239" /><E58/><V71/><F71/><W69/><G69/><T56/><D56/><U75/><E75/><V109/><F109/><W91/><G125/><T29/><D29/><U25/><E25/><V118/><F118/><W114/><G9/><T37/><D37/><U16/><E17/><V44/><F24/><W132/><G132/><T72/><D72/><U96/><AGARI ba="0,1" hai="13,16,22,49,51,89,94,96" m="49239,30250" machi="96" ten="30,8000,1" yaku="8,1,52,2,54,2" doraHai="87" who="1" fromWho="1" sc="267,-40,227,90,213,-20,283,-20" /><INIT seed="5,0,0,2,4,125" ten="227,317,193,263" oya="1" hai0="25,105,98,4,15,115,104,101,123,5,73,89,76" hai1="85,129,30,49,33,37,1,81,12,114,17,84,70" hai2="69,64,66,23,18,53,51,102,86,126,41,26,39" hai3="27,46,31,103,80,108,60,75,116,118,19,50,6"/><U130/><E37/><V109/><F126/><W38/><G38/><T99/><D115/><U100/><E1/><V29/><F109/><W71/><G108/><T91/><D123/><U34/><E114/><V113/><F113/><W63/><G6/><T61/><D25/><U88/><E70/><V7/><F7/><W110/><G110/><T83/><D61/><U65/><E65/><V95/><F69/><W21/><G103/><N who="0" m="62583" /><D15/><U72/><E72/><V58/><F41/><N who="3" m="24911" /><G71/><T79/><D5/><U20/><E100/><V32/><F39/><W134/><G134/><T92/><D4/><U133/><E133/><V62/><F102/><W111/><G111/><T106/><D79/><N who="1" m="46143" /><E49/><V52/><F95/><W55/><G55/><T119/><D119/><N who="3" m="45609" /><G19/><T57/><D57/><U36/><E36/><V87/><F66/><W35/><G35/><T28/><D28/><U3/><E3/><V120/><F120/><W68/><G68/><T112/><D112/><U45/><E30/><V10/><F32/><W132/><G132/><T122/><D122/><U94/><E45/><V14/><REACH who="2" step="1"/><F64/><REACH who="2" ten="227,317,183,263" step="2"/><W90/><G60/><T131/><D131/><AGARI ba="0,1" hai="12,17,20,33,34,85,88,94,129,130,131" m="46143" machi="131" ten="30,12000,1" yaku="19,1,52,3,54,1" doraHai="125" who="1" fromWho="0" sc="227,-120,317,130,183,0,263,0" /><INIT seed="5,1,0,0,1,14" ten="107,447,183,263" oya="1" hai0="15,2,130,49,27,117,31,82,127,51,38,89,97" hai1="24,101,95,112,45,94,6,124,104,16,39,64,125" hai2="88,40,4,113,115,83,73,132,61,7,63,75,25" hai3="54,66,43,5,58,32,46,87,77,84,56,34,30"/><U110/><E112/><N who="2" m="43083" /><F132/><W114/><G114/><T100/><D38/><U37/><E110/><V55/><F40/><W13/><G66/><T72/><D2/><U91/><E6/><N who="2" m="2091" /><F25/><W116/><G116/><T86/><D117/><U69/><E104/><V74/><F55/><W122/><G122/><T33/><D130/><U102/><E69/><V123/><F123/><W52/><G30/><T28/><D28/><U111/><E64/><V42/><F42/><W44/><G5/><T65/><D127/><N who="1" m="48715" /><E111/><V29/><F29/><W67/><G67/><T133/><D133/><U98/><E45/><V81/><F88/><W119/><G43/><T78/><D65/><U18/><E24/><V47/><F47/><W60/><G119/><T90/><D90/><U105/><E102/><V129/><F129/><W70/><G13/><T10/><D100/><U121/><E121/><V99/><F99/><W17/><G70/><T8/><D97/><N who="1" m="57567" /><E105/><V9/><F9/><W21/><G34/><T68/><D10/><U107/><E107/><V103/><F103/><W79/><G32/><T22/><D68/><U1/><E1/><V0/><F0/><W23/><G60/><AGARI ba="1,0" hai="60,61,63,73,74,75,81,83" m="2091,43083" machi="60" ten="40,8000,1" yaku="28,2,15,1,11,1" doraHai="14" who="2" fromWho="3" sc="107,0,447,0,183,83,263,-83" /><INIT seed="6,0,0,1,0,99" ten="107,447,266,180" oya="2" hai0="103,44,36,58,51,104,91,122,8,80,48,10,77" hai1="39,70,30,53,31,82,125,115,130,11,24,114,26" hai2="38,1,3,54,6,126,41,59,68,102,2,88,67" hai3="25,108,35,63,105,84,116,17,42,119,4,78,96"/><V95/><F126/><W64/><G108/><T83/><D122/><U132/><E125/><V19/><F68/><N who="3" m="42015" /><G17/><T14/><D36/><U97/><E132/><V74/><F74/><W15/><G42/><T34/><D34/><U117/><E130/><V9/><F67/><W5/><G84/><T135/><D135/><U87/><E117/><V113/><F113/><N who="1" m="43017" /><E39/><V0/><F19/><W94/><G94/><T29/><D29/><U86/><E70/><V93/><F41/><W66/><G78/><T43/><D91/><N who="1" m="51671" /><E11/><V109/><F38/><W133/><G133/><T134/><D134/><U45/><E97/><V129/><F109/><W65/><G96/><T79/><D104/><U20/><E87/><V21/><F21/><W100/><G105/><T81/><D103/><U16/><E26/><V62/><F129/><W112/><G100/><T27/><D27/><U131/><E131/><V75/><F75/><W40/><G112/><T28/><D28/><U89/><E89/><V123/><F123/><W37/><G25/><T56/><D10/><U124/><E124/><V76/><F76/><W127/><G127/><T85/><D79/><U52/><E53/><V69/><F102/><W90/><G90/><T72/><D72/><U98/><E98/><V22/><F22/><W46/><G116/><T33/><D33/><U110/><E110/><V128/><F128/><W13/><G35/><T111/><D111/><U12/><E24/><V120/><F120/><W101/><G101/><T49/><D77/><U60/><E20/><V107/><F88/><W118/><G118/><T73/><D73/><RYUUKYOKU ba="0,0" sc="107,0,447,0,266,0,180,0" /><INIT seed="7,1,0,1,0,64" ten="107,447,266,180" oya="3" hai0="105,65,129,54,14,7,39,72,36,117,13,47,70" hai1="74,73,42,102,1,87,34,78,44,128,45,21,49" hai2="20,50,114,130,123,40,106,26,135,89,133,93,10" hai3="56,23,35,120,82,66,5,43,48,80,32,25,63"/><W100/><G120/><T124/><D117/><U81/><E34/><V11/><F106/><W116/><G116/><T109/><D109/><U113/><E1/><V92/><F123/><W59/><G5/><T127/><D105/><U132/><E102/><V46/><F114/><W85/><G100/><T86/><D72/><U30/><E113/><V111/><F111/><W75/><G75/><T18/><D7/><U79/><E79/><V31/><F130/><W0/><G0/><T69/><D129/><U77/><E77/><V6/><F6/><W99/><G99/><T94/><D94/><N who="2" m="36458" /><F89/><W95/><G95/><T24/><D24/><U110/><E110/><V97/><F97/><W121/><G121/><T12/><D18/><U71/><E44/><V104/><F104/><W57/><G82/><T52/><D86/><U115/><E49/><V112/><F112/><W29/><G57/><T15/><N who="0" m="3584" /><DORA hai="55" /><T62/><D70/><U51/><E71/><V108/><F108/><W41/><G41/><T83/><D83/><U125/><E128/><V76/><F76/><W19/><G19/><T96/><D96/><U4/><E4/><V134/><AGARI ba="1,0" hai="10,11,20,26,31,40,46,50,133,134,135" m="36458" machi="134" ten="40,1500,0" yaku="20,1" doraHai="64,55" who="2" fromWho="2" sc="107,-5,447,-5,266,18,180,-8" owari="102,-40.0,442,55.0,284,8.0,172,-23.0" /></mjloggm>