<mjloggm ver="2.3"><GO type="169" lobby="0"/><UN n0="%E9%BE%8D%E9%96%80%E6%B8%95%E9%80%8F%E8%8F%AF" n1="%E3%82%A6%E3%83%AB%E3%83%88%E3%83%A9%E7%AB%8B%E7%9B%B4" n2="%43%52%41%5A%59%42%45%45" n3="%E7%A5%9E%E6%A5%BD%E5%9D%82%E3%82%86%E3%81%8B" dan="16,17,17,16" rate="2074.25,2185.37,2160.79,2068.42" sx="F,M,M,M"/><TAIKYOKU oya="0"/><INIT seed="0,0,0,0,0,58" ten="250,250,250,250" oya="0" hai0="115,129,71,52,98,70,53,28,7,19,6,66,109" hai1="92,44,79,43,2,26,100,59,63,77,40,119,42" hai2="51,5,106,12,88,87,62,31,11,10,97,67,74" hai3="78,54,56,127,82,1,107,64,18,13,112,24,108"/><T95/><D115/><U114/><E2/><V8/><F74/><W37/><G112/><T83/><D28/><U30/><E44/><V123/><F123/><W32/><G108/><T76/><D129/><U23/><E119/><V91/><F31/><W133/><G1/><T125/><D125/><U117/><E117/><V33/><F33/><W17/><G127/><T65/><D19/><U94/><E114/><V35/><F35/><W99/><G37/><T126/><D109/><U3/><E3/><V86/><F51/><W16/><G64/><T116/><D116/><U120/><E120/><V48/><F48/><W15/><G133/><T132/><D132/><U90/><E100/><V57/><F106/><W111/><G111/><T110/><D110/><U60/><E94/><N who="2" m="54559" /><F97/><W0/><G0/><T131/><D131/><U130/><E130/><V105/><F105/><W4/><G32/><T14/><D126/><U22/><E22/><V39/><F39/><W72/><G99/><T118/><D98/><N who="1" m="57623" /><E59/><V113/><F113/><W135/><G107/><T121/><D121/><U103/><E103/><V122/><F122/><W55/><G135/><T73/><D73/><U9/><E9/><V50/><F50/><W20/><G56/><T85/><D71/><U96/><E96/><V124/><F124/><W80/><G72/><T38/><D70/><U45/><E45/><V89/><F89/><W69/><G20/><T21/><D21/><U75/><E75/><V36/><F36/><W68/><G69/><T128/><D118/><U46/><E46/><V25/><F25/><W84/><G68/><RYUUKYOKU ba="0,0" sc="250,-15,250,15,250,15,250,-15" hai1="23,26,30,40,42,43,60,63,77,79" hai2="5,8,10,11,12,57,62,67,86,91" /><INIT seed="1,1,0,3,1,59" ten="235,265,265,235" oya="1" hai0="22,100,38,91,3,79,41,77,0,98,76,64,71" hai1="72,28,23,39,44,45,69,85,82,127,62,5,29" hai2="106,109,43,46,66,12,96,105,33,115,14,26,122" hai3="52,58,67,120,86,65,133,27,13,49,18,104,1"/><U119/><E119/><V87/><F122/><W114/><G120/><T6/><D22/><U70/><E72/><V99/><F109/><W84/><G114/><T31/><D31/><U17/><E70/><V88/><F115/><W118/><G118/><T7/><D91/><U116/><E116/><V131/><F66/><N who="3" m="25099" /><G1/><T101/><D38/><U35/><E39/><V47/><F131/><W121/><G104/><T125/><D41/><U55/><E69/><V51/><F33/><W30/><G121/><T2/><D125/><U48/><E5/><V50/><F26/><W81/><G81/><T111/><D111/><U113/><E35/><V24/><F24/><W68/><G68/><T73/><D73/><U16/><E45/><V130/><F130/><W123/><G133/><T128/><D128/><U75/><E75/><V134/><F134/><W21/><G123/><T92/><D100/><U34/><E34/><V117/><F117/><W32/><G32/><T10/><D10/><U90/><E127/><V97/><F105/><W124/><G124/><T112/><D112/><U94/><E82/><N who="2" m="49271" /><F106/><W107/><G107/><T53/><D71/><U108/><E108/><V25/><F25/><W129/><G129/><T102/><D2/><U40/><E113/><V93/><F93/><W126/><G126/><T42/><D92/><U132/><E132/><V89/><F89/><W56/><G30/><N who="1" m="11882" /><E23/><V61/><F47/><N who="3" m="27711" /><G27/><T63/><D0/><U95/><E95/><V103/><F46/><W80/><G80/><T9/><D3/><U83/><E83/><V78/><F96/><W60/><G56/><AGARI ba="1,0" hai="16,17,40,44,48,55,56,62,85,90,94" m="11882" machi="56" ten="30,11600,0" yaku="6,1,8,1,52,1,54,1" doraHai="59" who="1" fromWho="3" sc="235,0,265,119,265,0,235,-119" /><INIT seed="1,2,0,0,5,121" ten="235,384,265,116" oya="1" hai0="27,40,109,89,53,98,26,130,115,35,134,48,63" hai1="14,131,67,96,135,5,25,17,101,84,37,52,32" hai2="34,69,120,45,82,19,80,95,126,18,125,9,33" hai3="77,133,28,4,127,112,49,7,86,8,118,70,21"/><U108/><E37/><V128/><F120/><W97/><G118/><T87/><D115/><U15/><E67/><V119/><F119/><W47/><G112/><T59/><D130/><U103/><E131/><V71/><F128/><W44/><G133/><T23/><D109/><U41/><E41/><V29/><F95/><W79/><G127/><N who="2" m="48649" /><F45/><W10/><G70/><N who="2" m="26633" /><F9/><W94/><G28/><T93/><D134/><U123/><E103/><V0/><F0/><W88/><G21/><T113/><D113/><U105/><E135/><V43/><F43/><W3/><G97/><T68/><D68/><U110/><E123/><V85/><F29/><W58/><G58/><T106/><D106/><U99/><E99/><V11/><F11/><W2/><REACH who="3" step="1"/><G44/><REACH who="3" ten="235,384,265,106" step="2"/><N who="0" m="25607" /><D98/><U116/><E116/><V92/><F34/><W72/><G72/><T65/><D35/><U91/><E32/><V6/><F33/><W75/><G75/><T22/><D23/><N who="1" m="13551" /><E96/><V117/><F117/><W76/><G76/><T100/><D22/><U62/><E105/><V81/><F6/><W56/><G56/><T46/><D46/><U55/><E5/><V132/><F132/><W57/><G57/><N who="0" m="37103" /><D100/><U24/><E101/><V129/><F129/><W1/><G1/><T83/><D59/><U31/><E62/><V54/><F19/><W61/><G61/><T122/><D122/><U107/><E107/><V74/><F18/><W60/><G60/><T104/><D104/><U36/><E31/><V66/><F74/><W111/><G111/><T20/><D20/><U124/><E110/><V12/><F66/><W16/><G16/><RYUUKYOKU ba="2,1" sc="235,-10,384,-10,265,-10,106,30" hai3="2,3,4,7,8,10,47,49,77,79,86,88,94" /><INIT seed="2,3,1,1,0,68" ten="225,374,255,136" oya="2" hai0="129,28,23,118,32,60,73,83,6,111,38,50,25" hai1="105,40,110,19,106,74,58,109,66,77,82,131,43" hai2="80,37,36,124,119,21,59,100,134,63,52,88,47" hai3="61,48,69,121,31,15,20,135,133,93,17,81,75"/><V39/><F119/><W97/><G121/><T53/><D118/><U72/><E19/><V90/><F100/><W101/><G31/><T7/><D129/><U8/><E8/><V71/><F124/><W132/><G48/><T16/><D38/><U26/><E26/><V49/><F134/><W0/><G0/><T4/><D111/><N who="1" m="42507" /><E74/><V125/><F125/><W84/><G75/><T107/><D107/><N who="1" m="40971" /><E131/><V29/><F71/><W99/><G99/><T117/><D117/><U126/><E126/><V3/><F3/><W79/><G69/><T76/><D60/><AGARI ba="3,1" hai="40,43,58,60,66,72,77,82" m="40971,42507" machi="60" ten="30,1000,0" yaku="14,1" doraHai="68" who="1" fromWho="0" sc="225,-19,374,29,255,0,136,0" /><AGARI ba="3,0" hai="15,17,20,60,61,79,81,84,93,97,101,132,133,135" machi="60" ten="40,1300,0" yaku="20,1" doraHai="68" who="3" fromWho="0" sc="206,-13,403,0,255,0,136,13" /><INIT seed="3,0,0,0,5,134" ten="193,403,255,149" oya="3" hai0="28,133,72,73,68,1,123,37,31,114,83,104,108" hai1="100,15,49,7,22,10,64,131,41,128,38,81,132" hai2="98,4,84,135,101,44,11,36,14,110,102,24,74" hai3="126,47,59,50,46,33,35,90,45,97,63,56,5"/><W96/><G5/><T40/><RYUUKYOKU type="yao9" ba="0,0" sc="193,0,403,0,255,0,149,0" hai0="1,28,31,37,40,68,72,73,83,104,108,114,123,133" /><INIT seed="3,1,0,0,4,123" ten="193,403,255,149" oya="3" hai0="20,66,8,133,0,10,72,28,42,122,104,55,23" hai1="77,4,124,79,19,70,27,107,44,111,36,95,30" hai2="112,54,85,3,76,1,58,9,43,131,15,97,34" hai3="14,59,105,118,86,134,53,29,63,69,31,108,126"/><W102/><G118/><T37/><D104/><U18/><E107/><V115/><F34/><W135/><G126/><T132/><D72/><U90/><E70/><V7/><F43/><W68/><G86/><T80/><D66/><U100/><E100/><V61/><F97/><N who="3" m="61647" /><G108/><T32/><D80/><U94/><E111/><V39/><F39/><W91/><G91/><T110/><D55/><U49/><E36/><V24/><F24/><W41/><G41/><T5/><D37/><U48/><E4/><V57/><F57/><W121/><G121/><T67/><D67/><U65/><E65/><V64/><F64/><N who="3" m="40991" /><G14/><T117/><D42/><U81/><E124/><V71/><F71/><W119/><G69/><T40/><D40/><U93/><E90/><V103/><F103/><W46/><G46/><T47/><D47/><U38/><E38/><V125/><F125/><W127/><G127/><T92/><D92/><U51/><E44/><V12/><F12/><W45/><G45/><T106/><D106/><U17/><E81/><V16/><F85/><W130/><G130/><T26/><D110/><U33/><AGARI ba="1,0" hai="17,18,19,27,30,33,48,49,51,77,79,93,94,95" machi="33" ten="40,5200,0" yaku="0,1,29,2" doraHai="123" who="1" fromWho="1" sc="193,-14,403,55,255,-14,149,-27" /><INIT seed="4,0,0,4,0,4" ten="179,458,241,122" oya="0" hai0="3,58,81,29,45,9,110,50,15,51,107,18,26" hai1="79,89,125,38,95,56,77,66,116,31,126,27,5" hai2="24,49,32,61,113,17,60,98,128,117,36,119,44" hai3="123,132,78,124,82,101,21,112,76,13,65,68,87"/><T93/><D107/><U53/><E38/><V7/><F36/><W67/><G123/><T102/><D110/><U114/><E66/><V71/><F113/><W1/><G112/><T80/><D3/><U122/><E116/><N who="2" m="44619" /><F128/><W47/><G1/><T52/><D93/><U10/><E122/><V57/><F7/><W40/><G124/><T72/><D72/><U109/><E109/><V130/><F130/><W83/><G132/><T74/><D102/><U23/><E114/><V111/><F111/><W48/><G101/><T94/><D94/><U20/><E20/><V70/><F98/><W99/><G99/><T30/><D74/><U63/><E125/><V12/><F24/><W135/><G135/><T33/><REACH who="0" step="1"/><D29/><REACH who="0" ten="169,458,241,122" step="2"/><U41/><E126/><V35/><F70/><W2/><G2/><T91/><D91/><U108/><E108/><V69/><F71/><W46/><G68/><T0/><D0/><U16/><E31/><V86/><F69/><W115/><G115/><T96/><D96/><U55/><E89/><V14/><F86/><W129/><G129/><T25/><D25/><U34/><E95/><V88/><F88/><W104/><G104/><T92/><D92/><U121/><E27/><V42/><F12/><W103/><G103/><T134/><D134/><U100/><E100/><V73/><F73/><W127/><G127/><T118/><D118/><U54/><E121/><V11/><F14/><W64/><G82/><T85/><D85/><U8/><E79/><V19/><F35/><W120/><G83/><T62/><D62/><U84/><E34/><V131/><F32/><RYUUKYOKU ba="0,1" sc="169,30,458,-10,241,-10,122,-10" hai0="9,15,18,26,30,33,45,50,51,52,58,80,81" /><INIT seed="4,1,1,4,4,108" ten="199,448,231,112" oya="0" hai0="56,93,20,61,6,17,53,106,29,113,65,123,47" hai1="25,89,24,72,48,11,75,96,30,69,97,46,21" hai2="19,8,16,73,35,101,71,52,124,58,116,99,122" hai3="110,67,135,105,91,2,26,54,49,38,131,23,34"/><T100/><D123/><U88/><E69/><V76/><F122/><W109/><G34/><T125/><D125/><U92/><E11/><V50/><F71/><W62/><G105/><T5/><D113/><U39/><E39/><V87/><F73/><W42/><G2/><T13/><D106/><U63/><E63/><V3/><F35/><W130/><G91/><T31/><D31/><U86/><E25/><V18/><F124/><W77/><G77/><T44/><D29/><U78/><E78/><V127/><F127/><W57/><G135/><T14/><D14/><U84/><E75/><V7/><F116/><W70/><G23/><T117/><D117/><U134/><E72/><V33/><F33/><W129/><G26/><T107/><D107/><U28/><E28/><V133/><F133/><W85/><G85/><T82/><D82/><N who="1" m="49175" /><E134/><V121/><F121/><W120/><G120/><T104/><D104/><U0/><E0/><V27/><F27/><W98/><G98/><N who="0" m="59471" /><D47/><AGARI ba="1,1" hai="38,42,47,49,54,57,62,67,70,109,110,129,130,131" machi="47" ten="40,12000,2" yaku="24,2,19,1,34,3" doraHai="108" who="3" fromWho="0" sc="199,-123,448,0,231,0,112,133" /><INIT seed="5,0,0,1,0,82" ten="76,448,231,245" oya="1" hai0="76,135,52,46,94,131,5,2,19,25,62,6,107" hai1="50,123,66,53,55,126,61,114,100,104,116,65,117" hai2="39,10,20,129,98,122,3,63,54,127,81,37,92" hai3="111,112,119,95,18,22,23,97,133,96,26,13,21"/><U105/><E100/><V101/><F122/><W110/><G119/><T128/><D107/><U102/><E102/><V99/><F129/><W78/><G133/><T41/><D135/><U77/><E77/><V1/><F127/><W7/><G112/><T118/><D118/><U17/><E50/><V9/><F20/><W67/><G78/><T12/><D94/><U51/><E51/><V71/><F81/><W132/><G67/><T32/><D76/><U27/><E27/><V75/><F101/><W49/><G49/><T24/><D52/><U93/><E93/><V90/><F92/><W28/><G132/><T87/><D87/><U125/><E17/><V60/><F54/><W130/><G130/><T103/><D62/><U44/><E61/><V85/><F90/><W4/><G97/><T47/><D103/><U31/><E31/><V109/><F109/><W72/><G72/><T89/><D89/><U8/><E8/><V35/><F75/><W80/><G80/><T34/><D46/><U121/><E44/><V56/><F56/><W15/><G96/><T68/><D41/><U45/><E45/><V70/><F35/><W14/><G95/><T83/><D47/><U59/><E59/><V91/><F91/><W69/><G69/><T16/><D68/><U0/><E0/><V88/><F88/><W48/><G48/><T42/><D83/><U30/><E30/><V33/><F33/><N who="3" m="20631" /><G111/><T29/><D42/><U11/><E105/><V40/><F40/><W36/><G36/><T106/><D106/><U86/><E104/><V113/><F113/><W108/><G18/><RYUUKYOKU ba="0,0" sc="76,-15,448,-15,231,15,245,15" hai2="1,3,9,10,37,39,60,63,70,71,85,98,99" hai3="4,7,13,14,15,21,22,23,108,110" /><INIT seed="6,1,0,0,2,87" ten="61,433,246,260" oya="2" hai0="51,70,133,103,20,0,88,46,76,48,95,56,43" hai1="99,44,53,19,22,115,120,67,29,126,105,122,129" hai2="68,21,111,85,106,10,75,49,82,66,33,34,58" hai3="118,52,7,40,26,5,72,74,135,25,61,113,42"/><V91/><F106/><W2/><G118/><T63/><D133/><U13/><E67/><V3/><F68/><W39/><G113/><T89/><D0/><U114/><E29/><V73/><F111/><W107/><G107/><T94/><D70/><U128/><E126/><V102/><F102/><W86/><G39/><T62/><D76/><U78/><E78/><V17/><F34/><W18/><G2/><T55/><D103/><N who="1" m="62719" /><E53/><V132/><F33/><W131/><G135/><T92/><D20/><U59/><E59/><V24/><F132/><W77/><G131/><N who="1" m="50250" /><E44/><V64/><F64/><W36/><G77/><T23/><D23/><U125/><E125/><V37/><F37/><W116/><G74/><T27/><D27/><U130/><E130/><V4/><F49/><W65/><G26/><T41/><D41/><U50/><E50/><V60/><AGARI ba="1,0" hai="3,4,10,17,21,24,58,60,66,73,75,82,85,91" machi="60" ten="30,3000,0" yaku="0,1,52,1" doraHai="87" who="2" fromWho="2" sc="61,-11,433,-11,246,33,260,-11" /><INIT seed="6,2,0,1,0,68" ten="50,422,279,249" oya="2" hai0="9,95,134,31,15,73,6,33,106,80,119,82,41" hai1="123,8,117,90,17,37,122,116,92,45,35,70,59" hai2="108,24,94,2,60,1,101,65,129,110,120,89,48" hai3="21,91,105,131,99,27,44,128,50,83,53,16,28"/><V126/><F120/><N who="1" m="46121" /><E70/><V112/><F101/><W29/><G105/><T64/><D106/><U97/><E59/><V61/><F112/><W86/><REACH who="3" step="1"/><G99/><REACH who="3" ten="50,422,279,239" step="2"/><T115/><D134/><U14/><E35/><V71/><F110/><W130/><AGARI ba="2,1" hai="16,21,27,28,29,44,50,53,83,86,91,128,130,131" machi="130" ten="30,8000,1" yaku="1,1,2,1,0,1,19,1,54,1,53,0" doraHai="68" doraHaiUra="75" who="3" fromWho="3" sc="50,-22,422,-22,279,-42,239,96" /><INIT seed="7,0,0,0,2,39" ten="28,400,237,335" oya="3" hai0="6,8,74,68,88,115,96,25,126,62,104,67,86" hai1="69,103,41,125,42,77,135,37,5,79,34,2,70" hai2="15,119,94,61,112,83,22,50,11,47,24,87,134" hai3="89,17,118,45,106,12,85,92,46,101,10,27,57"/><W108/><G108/><T122/><D126/><U30/><E125/><V40/><F119/><W65/><G118/><T26/><D122/><U29/><E37/><V129/><F112/><W91/><G106/><T35/><D115/><U84/><E34/><V82/><F129/><W111/><G111/><T100/><D26/><U36/><E36/><V38/><F134/><W80/><G101/><T60/><D88/><U18/><E2/><V130/><F130/><W4/><G65/><T114/><D86/><U131/><E5/><N who="2" m="3567" /><F61/><W59/><G59/><T51/><D51/><U14/><E103/><V95/><F38/><W44/><G57/><T72/><D62/><U73/><E73/><V56/><F56/><W9/><G27/><T1/><REACH who="0" step="1"/><D114/><REACH who="0" ten="18,400,237,335" step="2"/><U123/><E131/><V97/><F87/><W55/><G91/><T98/><D98/><U71/><E123/><V107/><F97/><W93/><REACH who="3" step="1"/><G55/><REACH who="3" ten="18,400,237,325" step="2"/><T76/><D76/><N who="1" m="29259" /><E70/><V58/><F24/><W3/><AGARI ba="0,2" hai="3,4,9,10,12,17,44,45,46,80,85,89,92,93" machi="3" ten="30,6000,0" yaku="1,1,0,1,53,1" doraHai="39" doraHaiUra="0" who="3" fromWho="3" sc="18,-20,400,-20,237,-20,325,80" owari="-2,-50.0,380,18.0,217,-18.0,405,50.0" /></mjloggm>