<mjloggm ver="2.3"><GO type="169" lobby="0"/><UN n0="%E3%82%A6%E3%83%AB%E3%83%88%E3%83%A9%E7%AB%8B%E7%9B%B4" n1="%E5%A4%A9%E9%9F%B3%E3%81%95%E3%82%93" n2="%E5%A4%A2%E5%96%B0%E3%81%84" n3="%E7%94%9F%E8%82%89%E3%81%A7%E3%81%99%E3%82%88" dan="17,16,16,17" rate="2230.57,2132.34,2117.42,2178.35" sx="M,F,F,M"/><TAIKYOKU oya="0"/><INIT seed="0,0,0,5,4,121" ten="250,250,250,250" oya="0" hai0="77,60,56,80,21,33,96,135,30,110,45,51,115" hai1="52,122,24,112,48,50,13,8,42,100,12,65,37" hai2="101,82,76,16,17,64,108,49,27,124,127,39,131" hai3="81,125,41,71,78,84,34,85,113,20,10,130,4"/><T105/><D115/><U128/><E122/><V22/><F39/><W40/><G34/><T92/><D33/><U123/><E123/><V120/><F120/><W44/><G113/><T62/><D105/><U67/><E112/><V55/><F101/><W98/><G125/><N who="2" m="48201" /><F64/><W116/><G116/><T95/><D135/><U88/><E37/><V86/><F131/><W133/><G133/><T103/><D95/><U53/><E100/><V36/><F36/><W28/><G71/><T1/><D1/><U6/><E42/><V91/><F76/><W68/><G68/><T19/><D30/><U106/><E106/><V57/><F17/><W89/><G98/><T90/><D103/><U59/><E24/><V29/><F29/><W61/><G61/><T46/><D110/><AGARI ba="0,0" hai="16,22,27,49,55,57,82,86,91,108,110" m="48201" machi="110" ten="30,7700,0" yaku="18,1,52,2,54,1" doraHai="121" who="2" fromWho="0" sc="250,-77,250,0,250,77,250,0" /><INIT seed="1,0,0,5,5,13" ten="173,250,327,250" oya="1" hai0="103,54,123,133,46,99,50,17,5,70,4,62,108" hai1="111,134,45,127,0,66,100,18,33,75,23,49,131" hai2="63,88,71,41,117,64,109,86,105,135,14,28,51" hai3="11,78,1,39,16,89,102,52,69,68,95,37,12"/><U36/><E75/><V31/><F105/><W121/><G121/><T73/><D73/><U114/><E114/><V24/><F117/><W94/><G78/><T128/><D108/><U25/><E36/><V60/><F109/><W83/><G1/><T101/><D128/><U67/><E111/><V59/><F135/><W55/><G39/><T53/><D133/><U74/><E74/><V104/><F104/><W106/><G37/><T122/><D70/><U90/><E0/><V30/><F14/><W76/><G106/><T47/><D50/><U107/><E33/><V119/><F119/><W32/><G32/><T85/><D85/><U26/><E134/><V110/><F110/><W115/><G115/><T120/><D120/><U22/><E131/><V82/><F63/><W77/><G69/><T2/><D2/><U91/><E100/><V10/><F10/><W61/><G68/><T112/><D62/><U81/><E107/><V57/><F71/><W19/><G19/><T42/><D112/><U44/><E127/><V29/><F29/><W20/><G20/><T116/><D116/><U87/><E91/><V21/><REACH who="2" step="1"/><F59/><REACH who="2" ten="173,250,317,250" step="2"/><W130/><G61/><T98/><REACH who="0" step="1"/><D17/><REACH who="0" ten="163,250,317,250" step="2"/><N who="1" m="12495" /><E45/><AGARI ba="0,2" hai="21,24,28,30,31,41,45,51,57,60,64,82,86,88" machi="45" ten="40,5200,0" yaku="1,1,8,1,54,1,53,0" doraHai="13" doraHaiUra="126" who="2" fromWho="1" sc="163,0,250,-52,317,72,250,0" /><INIT seed="2,0,0,2,4,125" ten="163,198,389,250" oya="2" hai0="17,110,46,120,54,1,128,100,97,51,129,102,19" hai1="72,85,80,135,45,12,91,99,27,48,126,0,2" hai2="16,35,15,105,95,108,52,111,113,11,8,47,5" hai3="30,64,87,9,112,44,92,41,82,10,76,34,84"/><V56/><F105/><W104/><G104/><T74/><D74/><U67/><E126/><V43/><F35/><W69/><G112/><T7/><D120/><U73/><E67/><V22/><F95/><W59/><G69/><T40/><D110/><N who="2" m="42026" /><F113/><W103/><G30/><T130/><D40/><U133/><E27/><V26/><F8/><W114/><G34/><T77/><D77/><U81/><E99/><V60/><F47/><W90/><G103/><N who="0" m="39467" /><D97/><U36/><E36/><V86/><F86/><W4/><G114/><T107/><D107/><U94/><E12/><V119/><F43/><W109/><G109/><T75/><D75/><U28/><E73/><V115/><F115/><W96/><G96/><T31/><D31/><U20/><E28/><N who="2" m="17495" /><F119/><W106/><G106/><T134/><D134/><N who="1" m="51211" /><E20/><V68/><F68/><W118/><G118/><T6/><D6/><AGARI ba="0,0" hai="5,6,11,15,16,52,56,60" m="17495,42026" machi="6" ten="30,11600,0" yaku="14,1,10,1,54,2" doraHai="125" who="2" fromWho="0" sc="163,-116,198,0,389,116,250,0" /><INIT seed="2,1,0,4,3,41" ten="47,198,505,250" oya="2" hai0="112,44,119,24,29,18,77,60,80,93,72,135,125" hai1="131,66,126,118,33,97,67,32,92,23,71,36,73" hai2="62,90,101,40,110,83,99,6,26,8,58,108,76" hai3="61,91,34,134,123,50,74,87,2,88,81,122,96"/><V35/><F40/><W115/><G2/><T113/><D125/><U68/><E118/><V54/><F90/><W55/><G34/><T10/><D135/><U75/><E36/><V12/><F26/><W27/><G134/><T13/><D119/><U51/><E51/><V38/><F35/><W19/><G115/><T25/><D60/><U20/><E92/><V14/><F38/><W116/><G74/><T109/><D109/><N who="2" m="42090" /><F83/><W94/><G116/><T79/><D79/><U11/><E11/><V95/><F76/><W86/><G86/><T7/><D93/><U28/><E97/><V127/><F127/><W37/><G37/><T0/><D25/><U9/><E9/><V129/><F129/><W59/><G50/><T52/><D24/><U120/><E126/><V117/><F117/><W82/><G82/><T84/><D72/><U70/><E70/><V43/><F43/><W56/><G56/><T31/><D113/><U57/><E57/><V16/><F14/><W63/><G63/><T48/><REACH who="0" step="1"/><D112/><REACH who="0" ten="37,198,505,250" step="2"/><U132/><E132/><V106/><F95/><W121/><G121/><T89/><D89/><U114/><E114/><V47/><F62/><W100/><G100/><T98/><D98/><U15/><E120/><V42/><F99/><W105/><G105/><T39/><D39/><U128/><E28/><V49/><F101/><W103/><G103/><T30/><D30/><U1/><E128/><V130/><F130/><W53/><G122/><T45/><D45/><U102/><E131/><V104/><F47/><W5/><G123/><T22/><AGARI ba="1,1" hai="0,7,10,13,18,22,29,31,44,48,52,77,80,84" machi="22" ten="20,8000,1" yaku="1,1,0,1,7,1,52,1,54,1,53,0" doraHai="41" doraHaiUra="69" who="0" fromWho="0" sc="37,93,198,-21,505,-41,250,-21" /><INIT seed="3,0,0,1,5,111" ten="130,177,464,229" oya="3" hai0="49,87,108,118,58,34,6,25,73,41,115,40,78" hai1="82,109,61,131,13,5,42,129,126,64,93,125,110" hai2="96,56,76,127,8,91,92,12,63,20,132,117,71" hai3="74,112,51,27,83,123,107,18,16,84,88,38,35"/><W68/><G38/><T100/><D118/><U37/><E82/><V53/><F71/><W10/><G123/><T94/><D108/><N who="1" m="41579" /><E93/><V46/><F117/><W9/><G107/><T95/><D73/><U81/><E81/><V89/><F132/><W86/><G74/><T33/><D78/><U32/><E32/><V59/><F76/><N who="3" m="46183" /><G68/><T19/><D6/><U113/><E13/><V79/><F79/><W75/><G75/><T101/><D25/><U99/><E99/><V114/><F91/><W104/><G104/><T80/><D80/><U43/><E5/><V39/><F89/><W121/><G35/><T26/><D26/><U50/><E37/><V2/><F92/><N who="3" m="54295" /><G112/><T17/><D87/><U14/><E14/><V105/><F114/><W11/><G121/><T29/><D115/><U122/><E122/><V23/><F105/><W3/><G3/><T135/><D34/><U62/><E113/><V98/><F2/><W97/><G97/><T1/><D33/><U36/><E36/><V30/><F96/><W22/><G51/><T60/><D1/><U28/><E28/><AGARI ba="0,0" hai="9,10,11,16,18,22,27,28" m="54295,46183" machi="28" ten="30,5800,0" yaku="8,1,54,2" doraHai="111" who="3" fromWho="1" sc="130,0,177,-58,464,0,229,58" /><INIT seed="3,1,0,3,5,104" ten="130,119,464,287" oya="3" hai0="21,10,14,46,29,101,125,114,57,108,45,65,25" hai1="49,84,123,6,47,75,35,124,55,34,90,42,87" hai2="20,111,119,53,51,100,130,24,66,3,63,37,127" hai3="64,9,4,30,39,102,18,73,120,135,43,2,38"/><W110/><G120/><T118/><D118/><U109/><E123/><V128/><F37/><W67/><G135/><T40/><D108/><U107/><E107/><V31/><F3/><W17/><G110/><T58/><D125/><U89/><E109/><V133/><F111/><W15/><G30/><T117/><D117/><U92/><E124/><V61/><F127/><W95/><G73/><T13/><D114/><U11/><E42/><V71/><F119/><W77/><G77/><T97/><D14/><U96/><E75/><V91/><F63/><W93/><G39/><T122/><D122/><U134/><E134/><V85/><F100/><W126/><G126/><T26/><D26/><U22/><E22/><V94/><REACH who="2" step="1"/><F133/><REACH who="2" ten="130,119,454,287" step="2"/><W103/><G2/><T129/><D101/><U105/><E105/><V86/><F86/><W79/><G102/><T28/><D97/><U33/><REACH who="1" step="1"/><E89/><REACH who="1" ten="130,109,454,287" step="2"/><V12/><F12/><AGARI ba="1,2" hai="6,11,12,33,34,35,47,49,55,84,87,90,92,96" machi="12" ten="40,5200,0" yaku="1,1,2,1,53,1" doraHai="104" doraHaiUra="0" who="1" fromWho="2" sc="130,0,109,75,454,-55,287,0" /><INIT seed="4,0,0,1,3,44" ten="130,184,399,287" oya="0" hai0="12,0,109,107,55,9,23,85,112,2,62,77,11" hai1="45,33,69,104,101,8,19,118,53,5,75,30,24" hai2="135,97,41,66,94,124,18,93,123,96,7,117,35" hai3="83,27,70,79,106,47,102,131,121,63,50,6,61"/><T129/><D107/><U103/><E118/><V72/><F72/><W125/><G125/><T22/><D112/><U52/><E75/><V51/><F35/><W57/><G131/><T21/><D129/><U36/><E69/><V43/><F124/><W32/><G121/><T64/><D109/><U58/><E19/><V110/><F110/><W59/><G70/><T67/><D0/><U78/><E78/><V88/><F66/><N who="0" m="25130" /><D2/><U60/><E104/><V26/><F7/><W76/><G32/><T40/><D40/><U84/><E84/><V65/><F65/><W38/><G38/><T113/><D113/><U122/><E122/><V130/><F130/><W128/><G106/><T71/><D71/><U108/><E108/><V100/><F135/><W74/><G74/><T87/><D77/><U95/><E95/><V37/><F37/><W86/><G76/><T54/><D62/><U39/><E39/><V99/><F99/><W68/><G68/><T15/><D87/><U98/><E98/><V1/><F1/><W17/><G63/><T25/><D85/><U90/><E90/><V14/><F117/><W80/><G61/><T89/><D89/><U114/><E114/><V73/><F73/><W13/><G79/><T31/><D12/><N who="1" m="5135" /><E36/><V49/><F14/><W28/><G128/><T116/><D116/><U126/><E126/><V56/><F123/><W46/><G13/><T119/><D119/><U20/><E33/><V29/><F88/><W42/><G86/><T132/><D132/><U10/><E10/><N who="0" m="3593" /><D22/><U3/><E3/><V34/><F34/><W48/><G42/><RYUUKYOKU ba="0,0" sc="130,15,184,15,399,-15,287,-15" hai0="15,21,23,25,31,54,55" hai1="20,24,30,45,52,53,58,60,101,103" /><INIT seed="4,1,0,3,3,124" ten="145,199,384,272" oya="0" hai0="56,46,102,67,45,107,39,6,71,16,101,40,76" hai1="115,19,77,24,72,85,103,125,126,57,121,36,1" hai2="26,50,70,91,43,44,120,32,123,15,90,75,11" hai3="9,130,65,41,112,80,110,42,14,94,92,63,27"/><T58/><D6/><U132/><E121/><V117/><F70/><W8/><G110/><T54/><D76/><U83/><E1/><V78/><F117/><W30/><G112/><T48/><D107/><U18/><E36/><V114/><F114/><W98/><G94/><T84/><D84/><U49/><E115/><V105/><F105/><W131/><G80/><T53/><D16/><U99/><E72/><V93/><F90/><N who="3" m="55575" /><G63/><N who="0" m="40447" /><D102/><U34/><E34/><V89/><F89/><W29/><G65/><T55/><D101/><U128/><E103/><V62/><F62/><W113/><G113/><T61/><D58/><U28/><E99/><V104/><F104/><W73/><G73/><T69/><D69/><U111/><E83/><V35/><F78/><W82/><G82/><T22/><D22/><U60/><E77/><V122/><F75/><W129/><G9/><T81/><D81/><U17/><E85/><V25/><F35/><N who="3" m="20927" /><G30/><T3/><D3/><U133/><E28/><V51/><F32/><W13/><G13/><T108/><D108/><U21/><E111/><V0/><F0/><W134/><G134/><T118/><D118/><U116/><E116/><V12/><F12/><W47/><G47/><T106/><D106/><U66/><E133/><V33/><F33/><W59/><G59/><T38/><D38/><U5/><E132/><V2/><F2/><W109/><G109/><T87/><D87/><U31/><E31/><V95/><F95/><W79/><G79/><T74/><D74/><U37/><E57/><V23/><F93/><W10/><G10/><T96/><D96/><RYUUKYOKU ba="1,0" sc="145,15,199,-15,384,-15,272,15" hai0="39,40,45,46,48,53,54,55,56,61" hai3="8,14,41,42,129,130,131" /><INIT seed="4,2,0,3,2,111" ten="160,184,369,287" oya="0" hai0="134,129,95,119,9,42,64,106,73,118,29,94,4" hai1="0,28,10,124,65,63,19,98,110,92,116,11,1" hai2="40,39,126,125,88,83,135,112,77,53,20,48,131" hai3="24,114,72,32,38,90,99,50,22,6,5,113,101"/><T79/><D106/><U87/><E116/><V75/><F40/><W45/><G32/><T52/><D64/><U35/><E110/><V127/><F39/><W43/><G72/><T21/><D42/><U86/><E124/><V96/><F135/><W3/><G90/><T80/><D134/><U115/><E35/><V91/><F131/><W74/><G74/><T14/><D129/><U132/><E28/><V66/><F66/><W13/><G13/><T44/><D95/><U16/><E132/><V30/><F96/><W15/><G15/><T57/><D44/><U36/><E36/><V104/><F104/><N who="3" m="63551" /><G3/><T71/><D71/><U133/><E133/><V46/><F112/><N who="3" m="43115" /><G38/><T102/><D102/><U34/><E34/><V68/><F68/><W130/><G130/><T23/><D94/><U31/><E0/><V8/><F8/><W54/><G54/><T55/><D55/><U27/><E11/><V76/><F76/><W26/><G26/><AGARI ba="2,0" hai="20,26,30,46,48,53,75,77,83,88,91,125,126,127" machi="26" ten="40,2600,0" yaku="18,1,54,1" doraHai="111" who="2" fromWho="3" sc="160,0,184,0,369,32,287,-32" /><INIT seed="5,0,0,4,4,83" ten="160,184,401,255" oya="1" hai0="16,95,79,86,91,117,6,43,8,24,133,78,15" hai1="22,82,110,122,115,7,39,107,75,44,53,71,109" hai2="88,54,47,29,57,93,3,33,23,18,65,132,67" hai3="20,1,89,72,55,13,30,111,113,123,118,94,126"/><U76/><E122/><V101/><F101/><W56/><G72/><T70/><D117/><U9/><E71/><V120/><F3/><W36/><G36/><T103/><D70/><U28/><E107/><V38/><F29/><W99/><G123/><T14/><D133/><U77/><E77/><V52/><F33/><W102/><G118/><T125/><D125/><U64/><E64/><V124/><F132/><W127/><G1/><T85/><D103/><U58/><E115/><V98/><F124/><N who="3" m="47659" /><G111/><N who="1" m="42506" /><E22/><V80/><F120/><W40/><G40/><T97/><D43/><N who="1" m="22655" /><E28/><V135/><F38/><W62/><G113/><T116/><D116/><U131/><E131/><V42/><F42/><W74/><G74/><T69/><D69/><U119/><E119/><V108/><F135/><W60/><G30/><T12/><D24/><U129/><E129/><V134/><F134/><W25/><G25/><T45/><D14/><N who="1" m="5439" /><E58/><V121/><F121/><W59/><G20/><N who="0" m="11271" /><D45/><U96/><E96/><V63/><F47/><W114/><G13/><T34/><D34/><U84/><E53/><V92/><F54/><N who="3" m="33815" /><G114/><T104/><D104/><U19/><E19/><V31/><F31/><W41/><G41/><T37/><D37/><U51/><E51/><V46/><F108/><W17/><G17/><T35/><D35/><U112/><E112/><V10/><F18/><W66/><G55/><T49/><D49/><U48/><E48/><V27/><F52/><W130/><G130/><T0/><D0/><U21/><E21/><V11/><F65/><W106/><G106/><T4/><D4/><U50/><E50/><RYUUKYOKU ba="0,0" sc="160,10,184,10,401,-30,255,10" hai0="6,8,15,78,79,85,86,91,95,97" hai1="75,76,82,84" hai3="59,62,66,89,94,99,102" /><INIT seed="5,1,0,4,4,64" ten="170,194,371,265" oya="1" hai0="112,41,83,94,98,97,28,95,121,50,71,102,82" hai1="7,133,117,92,131,123,104,91,62,85,12,86,57" hai2="84,26,115,16,32,24,74,6,58,27,40,105,56" hai3="79,42,31,46,20,19,37,73,77,68,29,39,109"/><U23/><E123/><V66/><F74/><W35/><G109/><T13/><D121/><U135/><E117/><V116/><F105/><W30/><G35/><T101/><D71/><U3/><E104/><V54/><F32/><W44/><G73/><T49/><D28/><U81/><E3/><V87/><F6/><W33/><G33/><T61/><D61/><U89/><E131/><V11/><F40/><W119/><G119/><T22/><D112/><U1/><E1/><V60/><F115/><W90/><G90/><T38/><D38/><U43/><E43/><V9/><F116/><W4/><G4/><T96/><D96/><U5/><E23/><V34/><F34/><W80/><G80/><T10/><D22/><U100/><E100/><V48/><F9/><W72/><G72/><T125/><D125/><U8/><REACH who="1" step="1"/><E5/><REACH who="1" ten="170,184,371,265" step="2"/><V118/><F118/><W55/><G42/><T76/><D41/><U110/><E110/><V0/><F0/><W69/><G20/><T18/><REACH who="0" step="1"/><D83/><REACH who="0" ten="160,184,371,265" step="2"/><U122/><E122/><V134/><F11/><W14/><G31/><T70/><D70/><U114/><E114/><V128/><F128/><W67/><G29/><T127/><D127/><U75/><E75/><AGARI ba="1,2" hai="10,13,18,49,50,75,76,82,94,95,97,98,101,102" machi="75" ten="30,8000,1" yaku="1,1,7,1,9,1,53,2" doraHai="64" doraHaiUra="47" who="0" fromWho="1" sc="160,103,184,-83,371,0,265,0" /><INIT seed="6,0,0,5,3,108" ten="263,101,371,265" oya="2" hai0="65,3,74,22,30,97,32,34,77,59,51,67,106" hai1="31,111,124,49,121,66,23,105,14,4,44,90,33" hai2="75,46,99,112,122,38,13,25,64,27,54,129,117" hai3="73,98,101,50,45,76,61,28,18,57,1,11,116"/><V135/><F75/><W35/><G116/><T29/><D3/><U47/><E105/><V2/><F2/><W85/><G73/><T84/><D74/><U40/><E111/><V80/><F80/><N who="3" m="47239" /><G35/><T100/><D32/><U83/><E33/><V88/><F64/><W79/><G79/><T37/><D37/><U92/><E66/><V110/><F38/><W127/><G1/><T62/><D34/><U102/><E121/><V21/><F129/><W6/><G6/><T123/><D123/><U78/><E124/><V131/><F131/><W114/><G28/><T42/><D67/><U93/><E102/><V82/><F135/><W125/><G11/><T94/><D22/><U10/><E47/><V36/><F21/><W87/><G87/><T95/><D106/><U115/><E90/><V69/><F69/><W72/><G72/><T132/><D132/><U43/><E43/><V12/><F36/><W119/><G119/><T96/><D84/><U113/><E31/><V55/><F122/><W16/><G61/><T109/><D77/><U103/><E23/><V48/><F110/><W53/><G50/><T56/><D109/><U128/><E128/><V39/><F48/><N who="3" m="30887" /><G45/><N who="0" m="26039" /><D59/><U0/><E0/><V9/><F39/><W134/><G134/><T86/><D86/><N who="1" m="48503" /><E103/><AGARI ba="0,0" hai="29,30,56,62,65,94,95,96,97,100,103" m="26039" machi="103" ten="30,1000,0" yaku="8,1" doraHai="108" who="0" fromWho="1" sc="263,10,101,-10,371,0,265,0" /><INIT seed="7,0,0,0,2,86" ten="273,91,371,265" oya="3" hai0="50,1,12,35,13,127,99,73,64,102,107,28,85" hai1="80,97,108,98,95,14,68,67,121,10,46,113,109" hai2="48,93,2,92,88,29,131,61,49,117,25,54,84" hai3="41,129,7,90,130,104,18,72,42,39,77,118,110"/><W126/><G118/><T119/><D1/><U8/><E121/><V15/><F2/><W60/><G126/><T78/><D119/><U94/><E46/><V51/><F131/><N who="3" m="50187" /><G104/><T20/><D127/><U56/><E56/><N who="2" m="34967" /><F117/><W31/><G39/><T45/><D35/><U103/><E68/><V75/><F75/><W17/><G31/><T19/><D28/><U57/><E67/><V71/><F71/><W27/><G27/><T134/><D134/><U38/><E57/><V34/><F34/><W3/><G110/><T89/><D64/><U105/><E38/><V52/><F25/><W83/><G60/><T96/><D13/><U26/><E26/><V40/><F29/><W59/><G59/><T5/><D5/><U4/><E105/><V0/><F0/><W120/><G120/><T101/><D50/><N who="2" m="19562" /><F15/><W116/><G116/><T66/><D45/><U122/><E122/><V47/><F40/><N who="3" m="15467" /><G90/><T82/><D66/><U63/><E109/><V23/><F23/><W106/><G106/><T37/><D37/><U115/><E108/><V135/><F135/><W44/><G44/><T58/><D58/><U112/><E10/><AGARI ba="0,0" hai="3,7,10,17,18,72,77,83" m="15467,50187" machi="10" ten="30,1500,0" yaku="19,1" doraHai="86" who="3" fromWho="1" sc="273,0,91,-15,371,0,265,15" /><INIT seed="7,1,0,4,2,113" ten="273,76,371,280" oya="3" hai0="36,22,65,18,93,11,119,39,88,14,99,9,116" hai1="107,41,55,132,109,74,79,46,3,45,56,115,97" hai2="81,8,24,120,83,21,54,76,4,94,28,131,121" hai3="12,73,96,128,91,122,100,44,64,112,6,70,72"/><W86/><G122/><N who="2" m="47209" /><F131/><W38/><G112/><T101/><D65/><U49/><E3/><N who="2" m="31" /><F76/><W89/><G128/><T77/><D77/><U125/><E115/><V103/><F54/><W29/><G29/><T25/><D9/><U60/><E79/><V85/><F85/><W80/><G70/><T2/><D2/><U130/><E74/><V10/><F10/><W126/><G126/><T111/><D111/><U15/><E15/><V51/><F51/><W75/><G64/><T71/><D71/><U48/><E97/><AGARI ba="1,0" hai="21,24,28,81,83,94,97,103" m="31,47209" machi="97" ten="30,1000,0" yaku="13,1" doraHai="113" who="2" fromWho="1" sc="273,0,76,-13,371,13,280,0" owari="273,-13.0,63,-44.0,384,49.0,280,8.0" /></mjloggm>