<mjloggm ver="2.3"><GO type="169" lobby="0"/><UN n0="%E5%B1%B1%E6%9C%AC%E5%8B%98%E5%8A%A9" n1="%65%72%61%6E%76%69%74%61" n2="%E7%A7%81%E3%81%AF%E3%81%8C%E3%81%A1%E3%81%BB%E3%82%82" n3="%E3%82%A6%E3%83%AB%E3%83%88%E3%83%A9%E7%AB%8B%E7%9B%B4" dan="16,16,17,17" rate="2111.15,2132.81,2170.29,2222.86" sx="M,M,M,M"/><TAIKYOKU oya="0"/><INIT seed="0,0,0,0,4,46" ten="250,250,250,250" oya="0" hai0="52,123,55,23,48,115,117,111,133,105,44,129,22" hai1="42,78,36,54,27,84,58,88,12,53,83,7,130" hai2="31,49,135,57,127,73,72,13,114,9,66,92,116" hai3="60,62,28,16,33,68,37,4,95,35,79,126,82"/><T93/><D123/><U56/><E130/><V18/><F114/><W34/><G37/><T124/><D117/><U96/><E36/><V64/><F135/><W99/><G4/><T104/><D115/><U32/><E42/><V107/><F107/><W125/><G28/><T70/><D70/><U67/><E32/><V29/><F127/><N who="3" m="48651" /><G16/><T119/><D119/><U59/><E27/><V109/><F109/><W51/><G51/><T81/><D124/><U1/><E1/><V120/><F120/><W26/><G26/><T101/><D133/><U132/><E67/><N who="2" m="25643" /><F73/><N who="3" m="43375" /><G68/><T91/><D129/><U47/><E132/><V113/><F72/><W11/><G11/><T14/><D111/><U65/><E65/><V98/><F113/><W45/><G45/><T87/><D105/><U20/><E47/><V86/><F86/><W112/><G112/><T103/><D104/><U17/><E7/><V85/><F85/><W122/><G122/><T25/><D14/><U100/><REACH who="1" step="1"/><E78/><REACH who="1" ten="250,240,250,250" step="2"/><V21/><F116/><W69/><G69/><T24/><D55/><U10/><E10/><V94/><F9/><W0/><G0/><T41/><D41/><U106/><AGARI ba="0,1" hai="12,17,20,53,54,56,58,59,83,84,88,96,100,106" machi="106" ten="30,4000,0" yaku="1,1,0,1,54,1,53,0" doraHai="46" doraHaiUra="131" who="1" fromWho="1" sc="250,-20,240,50,250,-10,250,-10" /><INIT seed="1,0,0,0,0,4" ten="230,290,240,240" oya="1" hai0="59,54,80,114,106,130,76,52,47,124,40,60,71" hai1="61,13,21,38,10,20,99,105,57,28,31,53,135" hai2="44,6,15,41,33,68,89,49,118,56,97,127,78" hai3="96,73,74,91,122,134,133,23,113,58,100,48,125"/><U51/><E38/><V24/><F127/><W39/><G39/><T19/><D114/><U25/><E135/><N who="3" m="51722" /><G113/><T65/><D124/><U86/><E105/><V32/><F118/><W132/><G125/><T29/><D106/><U87/><E99/><V102/><F68/><W85/><G122/><T70/><D130/><U0/><E0/><V83/><F89/><W1/><G1/><T117/><D117/><U2/><E2/><V11/><F24/><W82/><G23/><T101/><D101/><U14/><E61/><V108/><F56/><W5/><G5/><T64/><D29/><U69/><E69/><V30/><F30/><W67/><G132/><T7/><D7/><U119/><E119/><V90/><F90/><W63/><G48/><T9/><D65/><U104/><E104/><AGARI ba="0,0" hai="58,63,67,73,74,82,85,91,96,100,104" m="51722" machi="104" ten="30,1000,0" yaku="20,1" doraHai="4" who="3" fromWho="1" sc="230,0,290,-10,240,0,240,10" /><INIT seed="2,0,0,1,2,14" ten="230,280,240,250" oya="2" hai0="33,133,28,95,18,55,47,19,113,107,122,71,4" hai1="11,65,2,29,93,68,110,60,75,23,49,57,106" hai2="98,73,16,130,81,94,7,90,56,40,82,114,74" hai3="112,119,135,12,129,101,99,69,41,63,120,9,76"/><V125/><F7/><W118/><G120/><T44/><D113/><U77/><E106/><V31/><F31/><W80/><G112/><T51/><D122/><U8/><E2/><V21/><F114/><W64/><G41/><T67/><D107/><U13/><E110/><V62/><F40/><W22/><G22/><T48/><D133/><U61/><E49/><V53/><F130/><W131/><G135/><T100/><D4/><U91/><E77/><V26/><F125/><W24/><G24/><T10/><D10/><U66/><E75/><AGARI ba="0,0" hai="16,21,26,53,56,62,73,74,75,81,82,90,94,98" machi="75" ten="40,12000,1" yaku="25,2,52,1,54,1" doraHai="14" who="2" fromWho="1" sc="230,0,280,-120,240,120,250,0" /><INIT seed="2,1,0,3,3,21" ten="230,160,360,250" oya="2" hai0="57,12,25,63,120,107,122,15,109,77,76,38,19" hai1="37,58,67,124,33,113,42,23,95,2,48,53,127" hai2="69,101,46,30,72,16,36,135,115,114,108,66,11" hai3="129,39,98,9,80,51,94,18,34,93,134,17,123"/><V73/><F101/><W92/><G39/><T60/><D107/><U1/><E33/><V10/><F46/><W52/><G123/><T55/><D38/><U47/><E113/><V128/><F36/><W97/><G34/><T26/><D109/><U71/><E95/><V14/><F108/><W89/><G129/><T43/><D43/><U100/><E100/><V78/><F128/><W126/><G126/><N who="1" m="48170" /><E23/><V65/><F30/><W119/><G134/><T85/><D85/><U68/><E68/><V56/><F69/><W32/><G32/><T90/><D90/><U84/><E84/><V0/><F135/><W74/><G119/><T102/><D102/><U105/><E105/><V131/><F131/><W5/><G74/><T35/><D35/><U7/><E7/><V40/><F72/><W86/><G98/><T6/><D6/><U125/><N who="1" m="48178" /><U24/><DORA hai="91" /><E24/><N who="0" m="9321" /><D122/><U54/><E54/><V13/><F73/><W45/><REACH who="3" step="1"/><G97/><REACH who="3" ten="230,160,360,240" step="2"/><T31/><D120/><U49/><E37/><V28/><F115/><W70/><G70/><T29/><D63/><AGARI ba="1,1" hai="1,2,42,47,48,49,53,58,63,67,71" m="48178" machi="63" ten="40,1300,0" yaku="18,1" doraHai="21,91" who="1" fromWho="0" sc="230,-16,160,26,360,0,240,0" /><INIT seed="3,0,0,5,2,77" ten="214,186,360,240" oya="3" hai0="126,64,115,4,106,103,127,84,63,129,124,130,81" hai1="74,18,94,49,134,85,23,42,38,133,30,120,16" hai2="62,33,14,10,41,25,32,17,86,48,102,114,100" hai3="104,15,44,125,91,82,101,67,61,113,68,40,83"/><W59/><G113/><T76/><D4/><U12/><E74/><V3/><F114/><W109/><G104/><T35/><D35/><U57/><E120/><V98/><F3/><W96/><G125/><T45/><D45/><N who="1" m="23767" /><E18/><V5/><F62/><W131/><G131/><N who="0" m="50187" /><D63/><U51/><E30/><V73/><F73/><W7/><G109/><T72/><D64/><U47/><E47/><V19/><F86/><W26/><G26/><T93/><D115/><U53/><E51/><V111/><F48/><N who="3" m="26631" /><G68/><T122/><D122/><U28/><E28/><V58/><F25/><W11/><G101/><T118/><D118/><U92/><E92/><AGARI ba="0,0" hai="7,11,15,59,61,67,82,83,91,92,96" m="26631" machi="92" ten="30,5800,0" yaku="8,1,52,2" doraHai="77" who="3" fromWho="1" sc="214,0,186,-58,360,0,240,58" /><INIT seed="3,1,0,4,1,50" ten="214,128,360,298" oya="3" hai0="2,60,131,0,49,54,118,14,84,71,110,117,53" hai1="83,3,39,89,65,52,123,18,130,125,32,92,90" hai2="26,35,15,27,81,4,69,48,126,51,107,66,102" hai3="127,111,97,91,116,112,7,25,106,68,12,20,134"/><W133/><G68/><T99/><D110/><U101/><E39/><V57/><F69/><W114/><G106/><T95/><D131/><U34/><E3/><V46/><F107/><W41/><G41/><T108/><D108/><U13/><E123/><V29/><F102/><W109/><G97/><T56/><D71/><U93/><E130/><V5/><F126/><W47/><G91/><T59/><D84/><U115/><E125/><V87/><F26/><W72/><G47/><T8/><D2/><U37/><E37/><V44/><F44/><W132/><G72/><T70/><D0/><U9/><E115/><N who="3" m="44074" /><G116/><T104/><D104/><U1/><E90/><V122/><F122/><W19/><G127/><T120/><D120/><U86/><E101/><V33/><F33/><W17/><G7/><T23/><D23/><AGARI ba="1,0" hai="12,17,19,20,23,25,109,111,132,133,134" m="44074" machi="23" ten="40,7700,0" yaku="20,1,34,2" doraHai="50" who="3" fromWho="0" sc="214,-80,128,0,360,0,298,80" /><INIT seed="3,2,0,0,4,41" ten="134,128,360,378" oya="3" hai0="37,27,67,120,47,65,45,59,34,44,57,69,36" hai1="23,56,121,103,61,42,86,6,88,50,80,124,119" hai2="72,66,125,101,122,102,91,1,110,134,11,126,109" hai3="70,2,100,20,19,52,82,25,30,73,7,58,78"/><W96/><G70/><T9/><D9/><U38/><E121/><V26/><F66/><N who="0" m="25098" /><D27/><U94/><E124/><N who="2" m="47723" /><F72/><W33/><G7/><T39/><D34/><U62/><E119/><V133/><F26/><W87/><G2/><T105/><D105/><U54/><E6/><V48/><F48/><W85/><G33/><T107/><D107/><U97/><E38/><V0/><F91/><W84/><G30/><T60/><D120/><U13/><E42/><V77/><F77/><W114/><G114/><T127/><D127/><U17/><AGARI ba="2,0" hai="13,17,23,50,54,56,61,62,80,86,88,94,97,103" machi="17" ten="30,4000,0" yaku="0,1,8,1,54,1" doraHai="41" who="1" fromWho="1" sc="134,-12,128,46,360,-12,378,-22" /><INIT seed="4,0,0,1,3,124" ten="122,174,348,356" oya="0" hai0="20,94,86,13,95,105,59,32,75,113,91,118,99" hai1="84,46,41,72,26,58,68,88,132,36,120,69,5" hai2="21,131,23,96,71,101,115,52,110,97,43,57,83" hai3="74,51,3,50,123,8,103,24,130,49,126,56,102"/><T70/><D118/><U73/><E120/><V127/><F71/><W31/><G74/><T76/><D70/><U9/><E132/><V15/><F110/><W10/><G56/><T12/><D32/><U28/><E58/><V108/><F43/><W25/><G126/><T135/><D135/><U60/><E60/><V98/><F108/><W66/><G66/><T122/><D122/><U62/><E62/><V38/><F38/><W133/><G133/><T65/><D113/><U89/><E69/><V92/><F127/><W1/><G50/><T19/><D105/><U42/><E42/><V107/><F83/><W67/><G67/><T100/><D75/><U55/><E55/><V45/><F45/><W109/><G31/><T64/><D76/><U61/><E61/><V78/><F78/><W16/><G109/><T82/><D59/><U2/><E89/><V114/><F52/><W79/><G79/><T63/><D63/><U7/><E7/><V6/><F6/><W17/><G123/><T77/><REACH who="0" step="1"/><D13/><REACH who="0" ten="112,174,348,356" step="2"/><U129/><E68/><V121/><F15/><W116/><G116/><T81/><D81/><U106/><E106/><V119/><F121/><W4/><G1/><T14/><D14/><U93/><E73/><V40/><F119/><W117/><G3/><T27/><D27/><U128/><REACH who="1" step="1"/><E72/><REACH who="1" ten="112,164,348,356" step="2"/><V44/><F57/><W90/><G117/><T11/><D11/><U85/><E85/><V53/><F107/><W48/><G10/><T104/><D104/><U0/><E0/><V134/><F134/><W125/><G8/><T39/><D39/><U30/><E30/><RYUUKYOKU ba="0,2" sc="112,15,164,15,348,-15,356,-15" hai0="12,19,20,64,65,77,82,86,91,94,95,99,100" hai1="2,5,9,26,28,36,41,46,84,88,93,128,129" /><INIT seed="4,1,2,2,0,15" ten="127,179,333,341" oya="0" hai0="49,135,11,121,42,126,120,115,73,52,53,107,66" hai1="87,61,40,104,9,62,101,19,58,57,50,20,26" hai2="32,124,113,93,45,0,100,91,37,71,18,67,90" hai3="21,2,99,98,14,114,94,110,89,82,132,70,28"/><T12/><D107/><U116/><E116/><V72/><F32/><W102/><G2/><T54/><D73/><U48/><E104/><V125/><F0/><W17/><G70/><T29/><D115/><U43/><E101/><V77/><F18/><W59/><G110/><T5/><D135/><U123/><E123/><V39/><F100/><W122/><G114/><T106/><D106/><U80/><E9/><V83/><F113/><W133/><G122/><T108/><D108/><U6/><E6/><V88/><F93/><W27/><G59/><T51/><D126/><N who="2" m="48746" /><F45/><W3/><G3/><T81/><D66/><N who="1" m="39215" /><E43/><V129/><F129/><W109/><G109/><T131/><D131/><U7/><E7/><V127/><F127/><W13/><G13/><T76/><D29/><U111/><E40/><V41/><F41/><W97/><G82/><T103/><D103/><U92/><E92/><V56/><F56/><W55/><G55/><T84/><D51/><U8/><E111/><V85/><F72/><W117/><G117/><T79/><D76/><N who="1" m="46471" /><E8/><V64/><F64/><AGARI ba="1,2" hai="19,20,26,48,50,58,62,64" m="46471,39215" machi="64" ten="30,2000,0" yaku="8,1,52,1" doraHai="15" who="1" fromWho="2" sc="127,0,179,43,333,-23,341,0" /><INIT seed="5,0,0,3,0,62" ten="127,222,310,341" oya="1" hai0="70,52,79,9,11,85,43,71,114,112,38,0,57" hai1="3,67,64,83,48,58,23,51,101,55,129,87,74" hai2="75,66,53,125,100,17,20,95,39,111,28,29,5" hai3="54,126,35,110,4,123,106,8,63,24,86,27,119"/><U98/><E74/><V19/><F75/><W107/><G110/><T131/><D0/><U124/><E3/><V94/><F39/><W47/><G123/><T77/><D131/><U134/><E129/><V92/><F5/><W26/><G35/><T133/><D133/><U78/><E134/><V113/><F111/><W108/><G108/><T118/><D118/><U6/><E6/><V90/><F53/><W102/><G102/><T40/><D38/><U99/><E124/><V68/><F100/><W105/><G86/><T25/><D85/><U31/><E51/><V76/><F76/><W84/><G84/><T116/><D116/><U132/><E132/><V41/><F41/><W69/><G119/><T18/><D25/><N who="1" m="16831" /><E101/><V56/><F68/><W34/><G34/><T82/><D18/><N who="2" m="6666" /><F125/><W115/><G126/><T60/><D57/><U45/><E58/><V93/><F20/><W109/><G109/><T21/><D21/><U127/><E127/><V89/><F89/><W37/><G37/><T32/><D60/><U103/><E103/><V135/><F135/><W122/><G122/><T130/><D130/><U117/><E117/><V30/><F30/><W42/><G69/><T61/><D61/><U49/><E49/><V46/><F56/><W10/><G27/><T50/><D50/><U59/><E59/><V128/><F128/><W12/><G26/><T44/><D44/><U13/><E13/><V120/><F29/><W80/><G47/><T91/><D32/><U33/><E33/><V16/><F46/><W14/><G63/><T121/><D121/><U73/><E73/><RYUUKYOKU ba="0,0" sc="127,-10,222,30,310,-10,341,-10" hai1="45,48,55,64,67,78,83,87,98,99" /><INIT seed="5,1,0,1,1,123" ten="117,252,300,331" oya="1" hai0="93,76,8,75,64,30,62,103,19,126,28,2,127" hai1="21,128,116,106,12,134,15,73,68,133,17,108,129" hai2="78,54,85,132,109,122,66,91,37,40,56,95,77" hai3="25,79,114,67,101,83,33,89,45,5,14,69,105"/><U27/><E68/><V94/><F122/><W130/><G89/><T10/><D75/><U110/><E73/><V13/><F109/><N who="1" m="42089" /><E106/><V49/><F132/><N who="1" m="50793" /><E116/><V11/><F66/><W65/><G67/><T41/><D76/><U35/><E35/><V113/><F113/><W90/><G65/><T119/><D119/><U60/><E60/><V81/><F40/><W117/><G79/><N who="2" m="30217" /><F37/><W120/><G33/><T31/><D41/><U18/><E18/><AGARI ba="1,0" hai="11,13,18,49,54,56,81,85,91,94,95" m="30217" machi="18" ten="30,1000,0" yaku="8,1" doraHai="123" who="2" fromWho="1" sc="117,0,252,-13,300,13,331,0" /><INIT seed="6,0,0,4,5,133" ten="117,239,313,331" oya="2" hai0="114,29,100,34,47,52,74,118,101,71,55,73,62" hai1="87,132,125,41,65,70,5,115,72,130,84,3,53" hai2="24,11,124,0,60,90,81,15,2,18,116,13,135" hai3="39,20,119,8,67,95,96,91,59,37,21,51,131"/><V112/><F116/><W27/><G119/><T9/><D118/><U42/><E72/><V77/><F112/><W121/><G121/><T4/><D114/><U102/><E115/><V120/><F120/><W104/><G104/><T22/><D34/><U75/><E75/><V68/><F90/><W106/><G106/><T40/><D73/><U28/><E132/><V17/><F68/><W127/><G8/><T99/><D74/><U16/><E130/><V23/><F77/><W86/><G86/><T50/><D101/><U56/><E102/><V36/><F60/><N who="3" m="38303" /><G51/><T85/><D85/><U83/><E84/><V126/><F81/><W129/><G21/><T88/><D100/><U32/><E3/><N who="2" m="1067" /><F36/><W57/><G57/><T61/><D71/><U33/><E70/><V128/><F128/><N who="3" m="49227" /><G127/><N who="2" m="48681" /><F135/><W38/><G38/><T6/><D6/><U110/><E125/><V113/><F113/><W80/><G80/><T58/><D4/><U26/><E5/><V7/><F15/><W14/><G14/><T66/><D9/><U64/><E83/><V35/><F35/><W117/><G117/><T12/><D61/><U105/><E33/><V98/><F98/><W1/><G1/><T45/><D45/><U111/><E32/><V94/><F94/><W97/><G97/><T19/><D29/><AGARI ba="0,0" hai="7,11,13,17,18,23,24,29" m="48681,1067" machi="29" ten="30,18000,2" yaku="18,1,34,2,52,3" doraHai="133" who="2" fromWho="0" sc="117,-180,239,0,313,180,331,0" /><AGARI ba="0,0" hai="20,27,29,37,39,91,95,96" m="49227,38303" machi="29" ten="30,1000,0" yaku="19,1" doraHai="133" who="3" fromWho="0" sc="-63,-10,239,0,493,0,331,10" owari="-73,-57.0,239,-16.0,493,59.0,341,14.0" /></mjloggm>