<mjloggm ver="2.3"><GO type="41" lobby="0"/><UN n0="%6B%65%61%6D%61%6E%65" n1="%E3%81%93%E3%81%97%E3%81%82%E3%82%93%E6%B4%BE" n2="%E5%B0%B1%E6%B4%BB%E7%94%9F%40%E5%B7%9D%E6%9D%91%E8%BB%8D%E5%9B%A3" n3="%E3%83%AA%E3%83%BC%E3%83%AC%E3%83%B3%E3%83%89" dan="13,13,17,13" rate="1816.23,1829.92,2195.35,1873.75" sx="F,M,M,F"/><TAIKYOKU oya="0"/><INIT seed="0,0,0,0,5,37" ten="250,250,250,250" oya="0" hai0="119,8,115,95,12,125,63,41,43,50,87,114,61" hai1="131,130,42,54,123,64,28,20,103,53,94,15,124" hai2="126,9,49,74,100,75,13,109,122,92,17,77,30" hai3="111,55,19,81,112,67,36,39,23,117,78,79,44"/><T121/><D121/><U106/><E123/><V129/><F122/><W105/><G112/><T68/><D119/><U80/><E106/><V101/><F109/><W108/><G117/><T85/><D68/><U107/><E107/><V2/><F2/><W16/><G105/><T82/><D125/><U1/><E1/><V91/><F129/><W71/><G71/><T46/><D115/><U56/><E124/><V21/><F77/><W45/><G67/><T62/><D114/><U83/><E54/><V27/><F126/><W57/><G79/><N who="0" m="46303" /><D95/><U132/><E132/><V135/><F135/><W51/><G19/><N who="0" m="8583" /><D87/><U104/><E104/><V6/><F75/><W25/><G39/><T34/><D34/><U128/><E42/><AGARI ba="0,0" hai="41,42,43,46,50,61,62,63" m="8583,46303" machi="42" ten="30,11600,0" yaku="8,1,52,3" doraHai="37" who="0" fromWho="1" sc="250,116,250,-116,250,0,250,0" /><INIT seed="0,1,0,4,4,123" ten="366,134,250,250" oya="0" hai0="1,11,33,66,105,57,31,9,4,77,84,5,29" hai1="102,71,113,82,110,61,106,119,50,56,128,81,87" hai2="69,55,118,96,132,15,52,122,38,101,8,91,39" hai3="86,60,42,121,48,35,131,94,18,99,43,46,30"/><T76/><D105/><U78/><E119/><V45/><F122/><W83/><G131/><T109/><D33/><U64/><E128/><V53/><F118/><W100/><G121/><T10/><D1/><U92/><E106/><V37/><F69/><W90/><G35/><T120/><D120/><U47/><E113/><V12/><F132/><W70/><G30/><N who="0" m="11275" /><D109/><U129/><E129/><V65/><F65/><W103/><G103/><T135/><D135/><U72/><E71/><V62/><F91/><W98/><G98/><T124/><D124/><U116/><E116/><V13/><F62/><W130/><G130/><T63/><D84/><U20/><E110/><V117/><F117/><W26/><G60/><T22/><D22/><U58/><E58/><V89/><F89/><W23/><REACH who="3" step="1"/><G70/><REACH who="3" ten="366,134,250,240" step="2"/><T107/><D107/><U73/><E102/><V27/><F101/><W104/><G104/><T51/><D5/><U34/><E34/><V67/><F96/><W126/><G126/><T125/><D125/><U49/><E61/><V44/><F67/><W111/><G111/><T59/><D4/><U21/><E64/><V2/><F27/><W36/><G36/><T24/><D24/><U74/><E50/><V112/><F112/><W0/><G0/><T41/><D51/><U54/><E49/><V7/><AGARI ba="1,1" hai="2,7,8,12,13,15,37,38,39,44,45,52,53,55" machi="7" ten="40,8000,1" yaku="0,1,29,2,54,1" doraHai="123" who="2" fromWho="2" sc="366,-41,134,-21,250,93,240,-21" /><INIT seed="1,0,0,1,1,12" ten="325,113,343,219" oya="1" hai0="22,127,110,21,10,98,112,14,33,18,47,72,3" hai1="70,96,94,126,65,74,86,134,43,85,121,66,89" hai2="46,7,132,115,71,87,24,83,60,69,118,41,57" hai3="77,9,105,116,61,5,122,103,36,101,35,80,120"/><U25/><E121/><V64/><F118/><W97/><G116/><T75/><D112/><U90/><E74/><V19/><F115/><W1/><G61/><T20/><D33/><U44/><E134/><V58/><F7/><W50/><G50/><T51/><D3/><U95/><E126/><V29/><F71/><W79/><G79/><T27/><D127/><U55/><E55/><V81/><F81/><W109/><G109/><T56/><D110/><U34/><E70/><V92/><F92/><W59/><G59/><T113/><D113/><U76/><E76/><V30/><F132/><W6/><G6/><T99/><D56/><U135/><E135/><V16/><F58/><W37/><G103/><T39/><D39/><U26/><E96/><N who="0" m="36905" /><D75/><U93/><E95/><V67/><F67/><W53/><G53/><T117/><D72/><U131/><E131/><V13/><F13/><W119/><G119/><T91/><D91/><U133/><E133/><V82/><F82/><W0/><G35/><T38/><D38/><U54/><E54/><V62/><F62/><W123/><REACH who="3" step="1"/><G0/><REACH who="3" ten="325,113,343,209" step="2"/><T111/><D111/><U114/><E114/><V88/><F69/><W129/><G129/><T48/><D117/><U84/><E34/><V104/><F104/><W11/><G11/><T15/><D47/><U125/><E125/><V31/><REACH who="2" step="1"/><F24/><REACH who="2" ten="325,113,333,209" step="2"/><W40/><G40/><T4/><D27/><U28/><E28/><V100/><F100/><W106/><G106/><T42/><D42/><U124/><E124/><V108/><F108/><W73/><AGARI ba="0,2" hai="1,5,9,36,37,73,77,80,97,101,105,120,122,123" machi="73" ten="30,8000,1" yaku="1,1,0,1,23,2,53,1" doraHai="12" doraHaiUra="2" who="3" fromWho="3" sc="325,-20,113,-40,333,-20,209,100" /><INIT seed="2,0,0,1,5,102" ten="305,73,313,309" oya="2" hai0="135,126,109,72,130,76,0,131,64,129,104,21,94" hai1="54,7,113,133,6,103,124,74,10,35,27,2,77" hai2="108,22,99,50,19,28,48,97,123,4,85,89,61" hai3="106,34,12,78,90,115,45,91,31,75,88,128,118"/><V52/><F123/><W9/><G118/><T114/><D0/><U43/><E113/><V18/><F4/><W49/><G128/><T87/><D64/><U37/><E133/><V81/><F108/><W5/><G115/><T110/><D114/><U39/><E124/><V56/><F28/><W101/><G31/><T33/><D33/><U79/><E103/><V55/><F19/><W100/><G106/><T30/><D104/><U11/><E35/><V112/><F112/><W8/><G34/><T68/><D68/><U107/><E107/><V105/><F105/><W96/><G96/><T119/><D119/><U41/><E27/><V67/><F50/><W16/><G78/><T66/><D66/><U82/><E54/><V57/><REACH who="2" step="1"/><F67/><REACH who="2" ten="305,73,303,309" step="2"/><W111/><G111/><N who="0" m="42507" /><D126/><U15/><E2/><V63/><F63/><W14/><REACH who="3" step="1"/><G75/><REACH who="3" ten="305,73,303,299" step="2"/><T51/><D135/><U17/><E74/><V62/><F62/><W92/><G92/><T58/><D94/><U83/><E17/><V121/><F121/><W80/><G80/><T40/><D72/><U44/><E83/><V120/><F120/><W65/><G65/><T117/><D117/><U70/><E82/><V47/><F47/><W98/><G98/><T59/><D76/><U84/><E70/><V125/><F125/><W132/><G132/><T86/><D86/><U93/><E84/><V3/><F3/><W73/><G73/><T20/><D87/><U127/><E93/><V134/><F134/><W25/><G25/><AGARI ba="0,2" hai="18,22,25,48,52,55,56,57,61,81,85,89,97,99" machi="25" ten="30,11600,0" yaku="1,1,7,1,8,1,54,1,53,0" doraHai="102" doraHaiUra="26" who="2" fromWho="3" sc="305,0,73,0,303,136,299,-116" /><INIT seed="2,1,0,0,2,116" ten="305,73,439,183" oya="2" hai0="60,26,24,100,33,131,55,110,74,88,16,76,106" hai1="128,3,46,10,75,68,84,48,103,53,133,7,20" hai2="35,23,65,115,54,2,135,127,72,81,104,56,6" hai3="86,17,36,95,99,47,15,32,90,111,34,63,101"/><V126/><F35/><W42/><G111/><T91/><D110/><U123/><E75/><V98/><F115/><W64/><G17/><T51/><D131/><U9/><E68/><V58/><F135/><W44/><G44/><T30/><D60/><U1/><E133/><V117/><F117/><W8/><G8/><T38/><D38/><U120/><E128/><V79/><F65/><W108/><G108/><T49/><D106/><U25/><E103/><V77/><F77/><W40/><G40/><T39/><D39/><U13/><E84/><V134/><F134/><W19/><G19/><T37/><D37/><U69/><E69/><V129/><F129/><W73/><G73/><T87/><D100/><U114/><E114/><V62/><F58/><W45/><G45/><T52/><D74/><U57/><E57/><V27/><F98/><W4/><G15/><T93/><D76/><U89/><E89/><V125/><F104/><W50/><G4/><T109/><D109/><U31/><REACH who="1" step="1"/><E9/><REACH who="1" ten="305,63,439,183" step="2"/><V80/><F72/><W28/><G36/><T119/><D119/><U66/><E66/><V107/><F79/><W105/><REACH who="3" step="1"/><G28/><REACH who="3" ten="305,63,439,173" step="2"/><T113/><D113/><U121/><AGARI ba="1,2" hai="1,3,7,10,13,20,25,31,46,48,53,120,121,123" machi="121" ten="30,12000,2" yaku="1,1,0,1,13,1,52,3,53,1" doraHai="116" doraHaiUra="43" who="1" fromWho="1" sc="305,-31,63,143,439,-61,173,-31" /><INIT seed="3,0,0,0,1,3" ten="274,206,378,142" oya="3" hai0="52,31,62,5,70,0,85,51,25,12,132,115,55" hai1="45,1,10,56,50,101,94,131,28,38,54,6,99" hai2="128,14,21,72,64,82,8,112,47,2,76,90,41" hai3="48,120,116,11,123,79,65,77,69,23,13,103,89"/><W58/><G116/><T92/><D0/><U44/><E131/><V57/><F112/><W26/><G69/><T133/><D115/><U108/><E108/><V36/><F128/><W24/><G103/><T74/><D74/><U95/><E38/><V67/><F57/><W87/><G123/><T127/><D127/><U124/><E124/><V39/><F39/><W43/><G120/><T59/><D70/><U30/><E45/><V80/><F21/><W93/><G23/><T105/><D105/><U42/><REACH who="1" step="1"/><E95/><REACH who="1" ten="274,196,378,142" step="2"/><V126/><F126/><W53/><G43/><T60/><D92/><U34/><E34/><V61/><F47/><W35/><G35/><T129/><D129/><U81/><E81/><V9/><F80/><W117/><G117/><T97/><D97/><U106/><E106/><V71/><F82/><W68/><G68/><T125/><D125/><U111/><E111/><V46/><F71/><W17/><REACH who="3" step="1"/><G65/><REACH who="3" ten="274,196,378,132" step="2"/><T114/><D114/><U27/><E27/><AGARI ba="0,2" hai="11,13,17,24,26,27,48,53,58,77,79,87,89,93" machi="27" ten="40,7700,0" yaku="1,1,2,1,8,1,53,0" doraHai="3" doraHaiUra="100" who="3" fromWho="1" sc="274,0,196,-77,378,0,132,97" /><INIT seed="3,1,0,3,1,74" ten="274,119,378,229" oya="3" hai0="100,6,59,1,18,29,13,19,109,16,49,12,76" hai1="126,95,21,67,64,133,7,35,132,120,112,33,60" hai2="68,26,127,121,129,103,83,79,97,43,63,37,99" hai3="69,50,117,40,25,58,56,71,88,65,89,36,38"/><W108/><G117/><T66/><D109/><U85/><E112/><V130/><F127/><W122/><G122/><T24/><D100/><U27/><E120/><V20/><F121/><W73/><G73/><T125/><D125/><U123/><E123/><V135/><F135/><N who="1" m="51785" /><E126/><V46/><F63/><W47/><G108/><T39/><D39/><U87/><E7/><V2/><F68/><W110/><G110/><T93/><D1/><U94/><E94/><V9/><F9/><W104/><G104/><T10/><D6/><U8/><E8/><V4/><F4/><W113/><G113/><T34/><D13/><U78/><E87/><N who="2" m="48639" /><F103/><W55/><G25/><T77/><D93/><U48/><E48/><V17/><F2/><W105/><G105/><T5/><REACH who="0" step="1"/><D49/><REACH who="0" ten="264,119,378,229" step="2"/><U91/><E95/><V3/><F3/><W114/><G114/><T119/><D119/><U54/><E60/><AGARI ba="1,1" hai="5,10,12,16,18,19,24,29,34,59,60,66,76,77" machi="60" ten="40,8000,1" yaku="1,1,52,2,54,1,53,0" doraHai="74" doraHaiUra="42" who="0" fromWho="1" sc="264,93,119,-83,378,0,229,0" /><INIT seed="4,0,0,2,0,0" ten="357,36,378,229" oya="0" hai0="82,135,9,109,71,131,101,125,37,117,86,14,4" hai1="55,49,69,68,46,93,54,89,85,44,2,127,40" hai2="79,43,103,48,105,72,11,95,130,16,59,75,119" hai3="12,58,34,92,126,122,128,57,124,21,121,42,99"/><T83/><D117/><U133/><E2/><V8/><F105/><W31/><G34/><T20/><D37/><U74/><E74/><V19/><F130/><W27/><G42/><T7/><D71/><U26/><E133/><V65/><F79/><W39/><G39/><T60/><D131/><U70/><E127/><N who="3" m="48682" /><G12/><T88/><D125/><U38/><E54/><V129/><F129/><W5/><G5/><T94/><D135/><U30/><REACH who="1" step="1"/><E70/><REACH who="1" ten="357,26,378,229" step="2"/><V3/><F75/><W25/><G128/><T84/><D109/><U81/><E81/><V33/><F72/><W110/><G110/><T114/><D114/><U67/><E67/><V91/><F65/><W77/><G77/><T17/><D83/><U104/><E104/><V56/><F3/><W35/><G121/><T113/><D113/><U61/><E61/><V1/><F1/><W87/><G122/><T106/><D60/><U36/><E36/><V111/><F111/><W45/><G87/><T32/><D106/><U28/><E28/><V115/><F115/><W47/><G31/><T97/><D32/><AGARI ba="0,1" hai="26,30,32,38,40,44,46,49,55,68,69,85,89,93" machi="32" ten="30,7700,0" yaku="1,1,7,1,53,2" doraHai="0" doraHaiUra="64" who="1" fromWho="0" sc="357,-77,26,87,378,0,229,0" /><INIT seed="5,0,0,3,4,131" ten="280,113,378,229" oya="1" hai0="94,9,99,69,14,103,70,83,82,87,71,85,8" hai1="46,65,0,58,59,32,29,37,112,110,92,111,1" hai2="133,5,21,11,60,73,62,74,31,22,130,100,4" hai3="51,42,125,101,61,38,132,49,27,41,116,113,66"/><U25/><E112/><V24/><F133/><W3/><G3/><T128/><D128/><U117/><E117/><V39/><F39/><W12/><G132/><T106/><D106/><U93/><E59/><V97/><F130/><W81/><G113/><T34/><D34/><U33/><E32/><V57/><F21/><W104/><G125/><T135/><D135/><U123/><E123/><V75/><F60/><W105/><G27/><T40/><D40/><N who="1" m="22799" /><E58/><V67/><REACH who="2" step="1"/><F11/><REACH who="2" ten="280,113,368,229" step="2"/><W120/><G38/><T35/><D35/><U102/><E65/><V55/><F55/><W15/><G61/><T19/><D9/><U96/><E93/><AGARI ba="0,1" hai="4,5,22,24,31,57,62,67,73,74,75,93,97,100" machi="93" ten="40,8000,1" yaku="1,1,25,2,53,1" doraHai="131" doraHaiUra="20" who="2" fromWho="1" sc="280,0,113,-80,368,90,229,0" /><INIT seed="6,0,0,1,1,17" ten="280,33,458,229" oya="2" hai0="131,50,78,24,110,66,14,106,16,46,11,128,52" hai1="37,74,111,47,127,58,121,84,27,104,49,13,71" hai2="59,91,57,31,92,93,80,112,109,9,3,95,4" hai3="97,83,45,12,126,61,29,125,5,107,1,119,101"/><V79/><F112/><W72/><G119/><T124/><D110/><U70/><E111/><V87/><F109/><W44/><G29/><T62/><D106/><U18/><E104/><V134/><F134/><W41/><G1/><T89/><D124/><U115/><E74/><V48/><F31/><W39/><G45/><T96/><D78/><U25/><E121/><V86/><REACH who="2" step="1"/><F48/><REACH who="2" ten="280,33,448,229" step="2"/><W54/><G125/><T108/><D108/><U38/><E115/><V102/><F102/><W99/><G126/><T10/><D131/><U28/><E127/><V2/><F2/><W34/><G101/><T77/><D128/><U21/><E37/><V100/><F100/><W75/><G39/><T103/><D103/><U90/><E38/><V113/><F113/><W23/><G107/><T15/><D50/><U60/><E70/><V116/><F116/><W65/><G34/><T64/><D46/><U53/><E71/><V55/><F55/><W76/><G54/><T68/><D52/><U67/><REACH who="1" step="1"/><E28/><REACH who="1" ten="280,23,448,229" step="2"/><V51/><F51/><W33/><G33/><T22/><D68/><U130/><E130/><V85/><F85/><W36/><G36/><T56/><D96/><U135/><E135/><V81/><AGARI ba="0,2" hai="3,4,9,57,59,79,80,81,86,87,91,92,93,95" machi="81" ten="30,3000,0" yaku="1,1,0,1,53,0" doraHai="17" doraHaiUra="26" who="2" fromWho="2" sc="280,-10,23,-10,448,50,229,-10" /><INIT seed="6,1,0,0,5,94" ten="270,13,498,219" oya="2" hai0="121,75,33,63,118,109,111,107,1,90,48,130,74" hai1="31,22,14,36,66,49,134,81,72,53,73,92,95" hai2="68,43,80,132,42,32,65,99,116,37,17,23,70" hai3="29,60,8,93,127,110,79,128,21,57,84,16,125"/><V58/><F116/><W102/><G110/><T114/><RYUUKYOKU type="yao9" ba="1,0" sc="270,0,13,0,498,0,219,0" hai0="1,33,48,63,74,75,90,107,109,111,114,118,121,130" /><INIT seed="6,2,0,0,1,51" ten="270,13,498,219" oya="2" hai0="85,89,128,75,34,50,3,6,7,103,77,107,67" hai1="42,129,87,44,126,118,135,104,70,112,105,54,53" hai2="21,91,1,68,63,90,98,95,119,38,0,40,121" hai3="27,46,35,76,31,82,86,19,29,58,117,55,80"/><V17/><F119/><W2/><G2/><T73/><D34/><U72/><E118/><V115/><F121/><W133/><G133/><T30/><D128/><U24/><E72/><V48/><F115/><W81/><G117/><T120/><D120/><U106/><E112/><V41/><F38/><W20/><G31/><T65/><D30/><U36/><E70/><V132/><F132/><W49/><REACH who="3" step="1"/><G58/><REACH who="3" ten="270,13,498,209" step="2"/><T130/><D3/><U96/><E135/><V4/><F1/><W59/><G59/><T60/><D130/><U45/><E129/><V74/><F0/><W37/><G37/><T11/><D75/><U92/><E126/><V25/><F68/><W123/><G123/><T66/><D73/><U52/><E44/><V124/><F74/><W18/><G18/><T88/><D6/><U116/><E116/><V26/><F4/><W109/><G109/><T114/><D114/><U13/><E24/><AGARI ba="2,1" hai="19,20,24,27,29,35,46,49,55,76,80,81,82,86" machi="24" ten="30,3900,0" yaku="1,1,7,1,52,1,53,0" doraHai="51" doraHaiUra="61" who="3" fromWho="1" sc="270,0,13,-45,498,0,209,55" owari="270,7.0,-32,-53.0,498,60.0,264,-14.0" /></mjloggm>