<mjloggm ver="2.3"><GO type="169" lobby="0"/><UN n0="%E3%81%82%E3%81%B2%E3%82%8B%E3%81%95%E3%82%93" n1="%7A%65%72%6F%52%58" n2="%E3%83%88%E3%83%88%E3%83%AA%E5%85%88%E7%94%9F%31%39%E6%AD%B3" n3="%E9%B7%B9%E6%AD%A3%E3%81%AE%E5%80%85%EF%BC%9D%E5%AF%8C%E7%8C%AB" dan="16,17,18,16" rate="2035.09,2103.29,2196.00,2124.20" sx="M,M,F,M"/><TAIKYOKU oya="0"/><INIT seed="0,0,0,3,5,94" ten="250,250,250,250" oya="0" hai0="47,100,88,74,103,34,20,10,84,53,23,92,38" hai1="80,15,21,105,4,118,32,98,0,72,86,82,134" hai2="12,113,2,131,52,89,67,24,25,1,40,50,127" hai3="109,46,63,135,65,126,108,35,85,76,95,29,115"/><T97/><D34/><U101/><E118/><V54/><F113/><W6/><G115/><T111/><D74/><U120/><E120/><V51/><F40/><W3/><G135/><T28/><D111/><U128/><E32/><V73/><F73/><W99/><G126/><T33/><D103/><U102/><E128/><V26/><F131/><W90/><G46/><T70/><D70/><U64/><E0/><V43/><F43/><W57/><G3/><T68/><D68/><U122/><E134/><V130/><F130/><W121/><G6/><T14/><D38/><U58/><E72/><V75/><F75/><W133/><G133/><T91/><D33/><U132/><E102/><V81/><F67/><W56/><G56/><T77/><D77/><U79/><E122/><V66/><F66/><W59/><G59/><T11/><D11/><U69/><E69/><V48/><F127/><W106/><G121/><T114/><D114/><U13/><E82/><V7/><F1/><W18/><G18/><N who="0" m="8535" /><D28/><U49/><E4/><V116/><F2/><W83/><REACH who="3" step="1"/><G106/><REACH who="3" ten="250,250,250,240" step="2"/><T117/><D117/><U62/><E132/><V45/><F116/><W41/><G41/><T110/><D110/><U93/><E105/><V55/><F45/><W17/><G17/><T8/><D47/><U22/><E49/><V16/><F7/><W71/><G71/><T129/><D129/><U119/><E119/><V5/><F5/><W39/><G39/><T60/><D60/><U112/><E112/><V42/><F42/><W36/><G36/><T123/><D123/><U61/><E61/><V44/><F44/><RYUUKYOKU ba="0,1" sc="250,-15,250,15,250,-15,240,15" hai1="13,15,21,22,58,62,64,79,80,86,93,98,101" hai3="29,35,57,63,65,76,83,85,90,95,99,108,109" /><INIT seed="1,1,1,5,4,41" ten="235,265,235,255" oya="1" hai0="101,112,88,66,67,46,19,7,131,5,42,18,83" hai1="36,24,32,29,44,123,45,98,50,110,34,119,105" hai2="52,106,75,100,114,16,130,109,22,30,68,60,86" hai3="59,56,54,8,82,3,77,31,37,89,104,51,118"/><U125/><E123/><V121/><F121/><W64/><G37/><T40/><D101/><U128/><E119/><V57/><F75/><W65/><G104/><T87/><D112/><U116/><E116/><V111/><F114/><W93/><G118/><T53/><D131/><U124/><E128/><V15/><F130/><W99/><G31/><T79/><D42/><N who="1" m="22599" /><E110/><N who="2" m="41995" /><F68/><W94/><G59/><T76/><D53/><N who="1" m="29903" /><E98/><N who="2" m="61719" /><F86/><W55/><G55/><T26/><D67/><U14/><E14/><V90/><F90/><W25/><G25/><T58/><D79/><U117/><E117/><V81/><F30/><W71/><G71/><T132/><D76/><U38/><E105/><V39/><F39/><W126/><G94/><T2/><D83/><AGARI ba="1,1" hai="15,16,22,52,57,60,81,83" m="61719,41995" machi="83" ten="30,3900,0" yaku="14,1,54,2" doraHai="41" who="2" fromWho="0" sc="235,-42,265,0,235,52,255,0" /><INIT seed="2,0,0,3,0,108" ten="193,265,287,255" oya="2" hai0="90,8,106,3,72,62,132,53,68,129,27,6,31" hai1="32,95,81,127,22,71,116,126,102,124,78,73,41" hai2="113,105,26,50,7,44,77,56,120,74,37,131,49" hai3="35,16,121,104,64,65,86,58,36,1,98,97,47"/><V4/><F120/><W57/><G121/><T18/><D72/><U117/><E32/><V17/><F105/><W114/><G1/><T89/><D106/><U83/><E71/><V24/><F113/><W29/><G114/><T100/><D100/><U33/><E33/><V67/><F37/><W94/><G104/><T103/><D103/><U0/><E0/><V112/><F112/><W107/><G107/><T12/><D132/><U135/><E41/><V52/><F131/><W111/><G111/><T133/><D133/><U15/><E15/><V109/><F109/><W14/><G29/><T61/><D129/><U19/><E19/><V40/><F67/><N who="3" m="25675" /><G47/><T130/><D130/><U80/><E22/><V48/><F77/><W85/><G35/><T75/><D75/><U79/><E135/><V25/><F74/><W28/><G28/><T115/><D115/><U99/><E81/><V43/><F17/><W134/><G36/><T110/><D110/><U21/><E21/><V42/><F44/><W34/><G34/><T46/><D68/><U45/><E45/><V91/><REACH who="2" step="1"/><F91/><REACH who="2" ten="193,265,277,255" step="2"/><W39/><G39/><T59/><D90/><U23/><E23/><V30/><F30/><W123/><G16/><T122/><D31/><U82/><E73/><V10/><F10/><W63/><G123/><T92/><D122/><U125/><N who="1" m="31744" /><DORA hai="88" /><U76/><AGARI ba="0,1" hai="76,78,79,80,82,83,95,99,102,116,117" m="31744" machi="76" ten="70,16000,3" yaku="4,1,0,1,29,2,18,1,34,3,52,1" doraHai="108,88" who="1" fromWho="1" sc="193,-40,265,170,277,-80,255,-40" /><INIT seed="3,0,0,4,1,117" ten="153,435,197,215" oya="3" hai0="53,37,93,120,115,4,17,106,131,96,0,52,121" hai1="128,133,31,75,78,86,45,82,60,39,10,135,109" hai2="34,107,30,47,104,64,26,57,7,11,3,43,65" hai3="77,69,41,72,23,36,25,9,95,134,98,24,79"/><W74/><G69/><T19/><D37/><U49/><E109/><V13/><F57/><W113/><G113/><T102/><D131/><U16/><E39/><V61/><F65/><W67/><G67/><T123/><D115/><U32/><E128/><V100/><F100/><W81/><G134/><T108/><D108/><U126/><E126/><V29/><F29/><W89/><G9/><T54/><REACH who="0" step="1"/><D106/><REACH who="0" ten="143,435,197,215" step="2"/><U6/><E135/><V21/><F104/><W118/><G118/><T124/><D124/><U62/><E133/><V92/><F107/><W119/><G119/><T44/><D44/><U33/><E45/><V103/><F47/><W14/><G36/><T87/><D87/><U48/><E86/><V127/><F127/><W76/><G74/><T91/><D91/><U28/><E75/><V20/><F103/><W70/><G72/><T50/><D50/><U85/><E85/><V27/><F43/><W112/><G89/><T94/><D94/><U129/><E49/><V56/><F92/><W18/><G41/><T110/><D110/><U5/><E48/><V90/><F90/><W1/><G95/><T122/><N who="0" m="30720" /><DORA hai="66" /><T68/><D68/><U88/><E88/><V42/><F42/><W71/><G70/><T12/><D12/><U125/><E125/><V130/><F130/><W2/><G71/><T73/><D73/><U132/><E129/><V97/><F13/><W114/><G114/><T58/><D58/><U101/><E132/><V46/><F46/><W80/><G112/><T84/><D84/><U38/><E101/><V8/><F56/><W35/><G14/><RYUUKYOKU ba="0,1" sc="143,30,435,-10,197,-10,215,-10" hai0="0,4,17,19,52,53,54,93,96,102" /><INIT seed="4,1,1,5,2,1" ten="173,425,187,205" oya="0" hai0="30,40,102,98,134,54,48,7,133,8,80,2,88" hai1="61,101,106,73,33,83,50,47,99,43,90,32,114" hai2="91,78,49,124,132,25,82,62,65,118,31,45,19" hai3="23,115,6,105,51,42,76,86,112,117,17,16,59"/><T27/><D40/><U36/><E114/><N who="3" m="43562" /><G105/><T11/><D11/><U64/><E50/><V41/><F132/><W75/><G75/><T34/><D102/><U22/><E22/><V131/><F131/><W72/><G72/><T116/><D116/><U12/><E12/><V14/><F124/><W3/><G117/><T130/><D130/><U93/><E83/><V92/><F118/><W53/><G42/><T85/><REACH who="0" step="1"/><D98/><REACH who="0" ten="163,425,187,205" step="2"/><U13/><E101/><V55/><F41/><W29/><G23/><T79/><D79/><U127/><E99/><V70/><F78/><W100/><G100/><T96/><D96/><U87/><E43/><V21/><F91/><W56/><G76/><T84/><D84/><U35/><E87/><V122/><F122/><W26/><G86/><T121/><D121/><U97/><E97/><V0/><F92/><W10/><G10/><T15/><D15/><U107/><E13/><V46/><F0/><W110/><G3/><T111/><D111/><U9/><E93/><V28/><F82/><W89/><G89/><T38/><D38/><U109/><E9/><V120/><F120/><W69/><G110/><T103/><D103/><U44/><E90/><V129/><F129/><W113/><G113/><T63/><D63/><U66/><E109/><V81/><F81/><W57/><G26/><T108/><D108/><U94/><E94/><V39/><F25/><W37/><G37/><T128/><D128/><U68/><E36/><V95/><F95/><W60/><G60/><T20/><D20/><U67/><E73/><V71/><F39/><W135/><G135/><RYUUKYOKU ba="1,2" sc="163,30,425,-10,187,-10,205,-10" hai0="2,7,8,27,30,34,48,54,80,85,88,133,134" /><INIT seed="4,2,2,5,3,29" ten="193,415,177,195" oya="0" hai0="67,132,121,60,30,110,1,78,101,11,50,70,64" hai1="32,77,95,61,100,128,133,105,26,8,93,65,119" hai2="106,107,63,88,18,48,54,10,15,115,42,5,90" hai3="14,59,112,52,74,116,118,72,39,43,83,28,0"/><T36/><D36/><U38/><E119/><V44/><F115/><W131/><G0/><T109/><D121/><U4/><E38/><V134/><F134/><W6/><G112/><T35/><D78/><U3/><E128/><V20/><F107/><W73/><G131/><T97/><D67/><U103/><E77/><V49/><F63/><W130/><G130/><T46/><D132/><U34/><E133/><V2/><REACH who="2" step="1"/><F106/><REACH who="2" ten="193,415,167,195" step="2"/><W7/><G118/><T53/><D1/><U25/><E105/><V124/><F124/><W113/><G116/><T51/><D110/><U27/><E95/><V66/><F66/><W104/><G104/><T13/><D109/><U127/><E127/><V123/><F123/><W122/><G122/><T33/><D30/><U12/><E3/><V86/><F86/><W37/><G74/><T75/><D75/><U24/><E93/><V56/><AGARI ba="2,3" hai="2,5,10,15,18,20,42,44,48,49,54,56,88,90" machi="56" ten="20,5200,0" yaku="1,1,0,1,7,1,54,1,53,0" doraHai="29" doraHaiUra="58" who="2" fromWho="2" sc="193,-28,415,-15,167,88,195,-15" /><INIT seed="5,0,0,4,0,27" ten="165,400,255,180" oya="1" hai0="51,8,34,64,56,92,117,43,126,98,67,36,58" hai1="109,50,132,75,101,85,108,10,86,38,23,116,110" hai2="103,19,6,20,9,78,119,82,77,29,46,61,0" hai3="91,107,59,84,94,28,79,135,69,16,100,45,83"/><U72/><E38/><V89/><F119/><W7/><G135/><T48/><D117/><U113/><E116/><V121/><F121/><W22/><G69/><T2/><D36/><U24/><E132/><V47/><F103/><W3/><G45/><T37/><D37/><U128/><E113/><V105/><F105/><W73/><G59/><T120/><D126/><U104/><E128/><V88/><F47/><W125/><G125/><T131/><D131/><U81/><E10/><V90/><F82/><W130/><G130/><T66/><D120/><U106/><E50/><V71/><F29/><W17/><G7/><T134/><D134/><U76/><E86/><V62/><F46/><W52/><G52/><T124/><D124/><U4/><E4/><V102/><F102/><W33/><G33/><T44/><D2/><U80/><E101/><V21/><F21/><W87/><G87/><T35/><D8/><U99/><E99/><V49/><F49/><W60/><G60/><T31/><D35/><U68/><E68/><V133/><F133/><W42/><G42/><T74/><D74/><N who="1" m="28203" /><E81/><V96/><F96/><N who="3" m="61831" /><G3/><T14/><D14/><U112/><E112/><V129/><F129/><W54/><G54/><T63/><D51/><U26/><E106/><V115/><F115/><W123/><G123/><T57/><D63/><N who="2" m="24074" /><F71/><W127/><G127/><T53/><D43/><U32/><E104/><V15/><F0/><W5/><G5/><T41/><D41/><U25/><E32/><V65/><F65/><W97/><G97/><T111/><D98/><U12/><E109/><V95/><F95/><RYUUKYOKU ba="0,0" sc="165,-30,400,10,255,10,180,10" hai1="12,23,24,25,26,76,80,85,108,110" hai2="6,9,15,19,20,77,78,88,89,90" hai3="16,17,22,28,73,79,83,84,91,94" /><INIT seed="5,1,0,4,4,116" ten="135,410,265,190" oya="1" hai0="43,46,6,83,109,53,66,70,90,98,85,32,135" hai1="96,124,131,50,95,105,23,12,58,21,55,69,16" hai2="87,114,127,14,22,110,101,121,4,56,97,108,78" hai3="77,59,33,88,52,117,9,76,49,39,63,13,92"/><U122/><E69/><V47/><F121/><W82/><G39/><T36/><D109/><U93/><E122/><V26/><F127/><W81/><G33/><T17/><D32/><U54/><E131/><V2/><F2/><W30/><G30/><T128/><D135/><U1/><E1/><V60/><F114/><W102/><G102/><T107/><D128/><U134/><E134/><V34/><F34/><W8/><G117/><T123/><D6/><U0/><E0/><V40/><F87/><W29/><G29/><T79/><D123/><U10/><E105/><V72/><F78/><N who="3" m="30315" /><G63/><T25/><D66/><U19/><E124/><V75/><F75/><W71/><G71/><T73/><D70/><U99/><E10/><N who="3" m="4202" /><G13/><T125/><D125/><U106/><E106/><V120/><F14/><W64/><G64/><T45/><D107/><U80/><E80/><V37/><F72/><W51/><G51/><T42/><D73/><U65/><E65/><N who="2" m="39047" /><F4/><W38/><G38/><T89/><D36/><U67/><E67/><V27/><F27/><W111/><G111/><T35/><D25/><N who="1" m="14503" /><E55/><V112/><F120/><W126/><G126/><T119/><D53/><U44/><E44/><N who="0" m="17001" /><D119/><U15/><E15/><V91/><F110/><W41/><G41/><N who="0" m="15371" /><D35/><U5/><E5/><V133/><F108/><W31/><G31/><T24/><D79/><U28/><E28/><N who="2" m="17495" /><F133/><W20/><G20/><N who="0" m="13327" /><D90/><U132/><E132/><V3/><F3/><W118/><G118/><T113/><D113/><U11/><E11/><V61/><F112/><W100/><G88/><T115/><D115/><U104/><E23/><RYUUKYOKU ba="1,0" sc="135,15,410,-15,265,-15,190,15" hai0="83,85,89,98" hai3="49,52,59,81,82,92,100" /><INIT seed="6,2,0,2,3,130" ten="150,395,250,205" oya="2" hai0="110,35,75,123,108,119,34,68,121,87,101,99,63" hai1="103,67,30,90,122,8,36,50,3,69,79,81,47" hai2="112,66,117,126,84,73,111,26,0,60,113,2,114" hai3="120,72,125,21,104,109,55,57,12,25,105,33,89"/><V134/><F73/><W16/><G109/><T92/><D75/><U32/><E103/><V107/><F117/><W116/><G116/><T59/><D68/><U135/><E90/><V71/><F107/><W58/><G120/><T37/><D119/><U7/><E135/><V124/><F111/><W17/><G72/><T54/><D110/><U65/><E69/><V76/><F134/><W51/><G125/><N who="2" m="48233" /><F26/><W5/><G5/><T93/><D108/><U38/><E38/><V53/><F53/><W24/><G58/><T61/><D37/><U64/><E122/><V56/><F56/><W118/><G118/><T45/><D123/><U115/><E115/><V127/><F127/><W94/><G25/><T42/><D121/><U106/><E106/><V96/><F96/><W10/><REACH who="3" step="1"/><G33/><REACH who="3" ten="150,395,250,195" step="2"/><T80/><D35/><U102/><E32/><V74/><F74/><W1/><G1/><T28/><D34/><U39/><E3/><V86/><F2/><W20/><G20/><T78/><D63/><U44/><E7/><V19/><F0/><W15/><G15/><T70/><D70/><U11/><E11/><V23/><F114/><W49/><G49/><T27/><D27/><U43/><E50/><V83/><F113/><W41/><G41/><T91/><D42/><U82/><E8/><V131/><F112/><W52/><G52/><T40/><D40/><U77/><E43/><V129/><F23/><W128/><G128/><T22/><D22/><U85/><E36/><V18/><F129/><W97/><AGARI ba="2,1" hai="10,12,16,17,21,24,51,55,57,89,94,97,104,105" machi="97" ten="20,12000,2" yaku="1,1,0,1,7,1,54,1,53,2" doraHai="130" doraHaiUra="100" who="3" fromWho="3" sc="150,-32,395,-32,250,-62,195,136" /><INIT seed="7,0,0,1,0,16" ten="118,363,188,331" oya="3" hai0="57,128,130,18,79,96,125,87,50,31,12,68,3" hai1="26,53,76,75,39,102,117,131,6,22,109,59,33" hai2="88,92,107,47,112,120,28,129,71,80,99,121,100" hai3="65,56,15,135,104,60,122,101,78,115,86,49,17"/><W69/><G122/><N who="2" m="47209" /><F71/><W43/><G115/><T19/><D68/><U42/><E26/><V20/><F112/><W77/><G135/><T4/><D125/><U93/><E93/><V124/><F124/><W23/><G104/><T45/><D31/><U70/><E53/><V84/><F129/><W10/><G101/><T61/><D3/><U27/><E27/><N who="2" m="16487" /><F47/><W9/><G69/><T40/><D4/><U54/><E76/><N who="3" m="29290" /><G86/><T1/><D1/><U32/><E54/><V36/><F36/><W0/><G0/><T38/><D38/><U83/><E102/><V113/><F113/><W133/><G133/><T91/><D79/><U111/><E6/><V21/><F21/><W55/><G55/><T97/><D19/><U2/><E2/><V5/><F5/><W114/><G114/><T13/><D13/><U29/><E83/><AGARI ba="0,0" hai="80,83,84,88,92,99,100,107" m="16487,47209" machi="83" ten="30,3900,0" yaku="13,1,52,1,54,1" doraHai="16" who="2" fromWho="1" sc="118,0,363,-39,188,39,331,0" owari="118,-38.0,324,12.0,227,-17.0,331,43.0" /></mjloggm>