<mjloggm ver="2.3"><GO type="225" lobby="0"/><UN n0="%E3%83%AD%E3%83%9C%E3%82%B3%E3%83%97" n1="%E3%81%9D%E3%83%BC%E3%81%B7%E5%BB%B6%E9%95%B7" n2="%E3%82%A6%E3%83%AB%E3%83%88%E3%83%A9%E7%AB%8B%E7%9B%B4" n3="%E8%B5%A4%E8%A3%8F%E3%83%9B%E3%82%B7%E3%83%BC%E3%83%8E" dan="16,16,17,16" rate="2107.56,2161.18,2175.61,2129.84" sx="M,M,M,M"/><TAIKYOKU oya="0"/><INIT seed="0,0,0,5,0,113" ten="250,250,250,250" oya="0" hai0="110,68,32,70,35,6,19,122,18,120,112,5,118" hai1="54,62,55,4,72,107,60,128,124,48,56,98,47" hai2="130,67,53,58,127,99,64,3,125,49,94,52,23" hai3="39,7,46,30,119,117,79,108,42,101,43,133,9"/><T100/><D100/><U88/><E72/><V33/><F33/><W63/><G101/><T78/><D78/><U29/><E124/><N who="2" m="47691" /><F3/><W12/><G43/><T75/><D75/><U45/><E128/><V134/><F134/><W71/><G133/><T38/><D38/><U95/><E107/><V83/><F130/><W80/><G30/><T109/><D112/><U59/><E4/><V86/><F23/><W34/><G108/><T25/><D25/><U82/><E29/><V27/><F27/><W21/><G21/><T31/><D31/><U87/><REACH who="1" step="1"/><E48/><REACH who="1" ten="250,240,250,250" step="2"/><V24/><F49/><W69/><G34/><T92/><REACH who="0" step="1"/><D92/><REACH who="0" ten="240,240,250,250" step="2"/><U93/><E93/><V89/><F24/><W85/><REACH who="3" step="1"/><G63/><REACH who="3" ten="240,240,250,240" step="2"/><T8/><D8/><U73/><E73/><V11/><F11/><W114/><G114/><T40/><D40/><U17/><E17/><V26/><F26/><W123/><G123/><T44/><D44/><U14/><E14/><V61/><F61/><W13/><G13/><T57/><D57/><U106/><E106/><V51/><F58/><W74/><G74/><T102/><D102/><AGARI ba="0,3" hai="45,47,54,55,56,59,60,62,82,87,88,95,98,102" machi="102" ten="30,12000,2" yaku="1,1,7,1,9,1,8,1,54,1,53,1" doraHai="113" doraHaiUra="76" who="1" fromWho="0" sc="240,-120,240,150,250,0,240,0" /><INIT seed="1,0,0,0,2,40" ten="120,390,250,240" oya="1" hai0="28,60,3,19,119,65,22,103,105,15,35,117,74" hai1="31,88,135,42,32,51,85,23,129,97,53,86,12" hai2="17,84,24,114,111,54,134,123,106,27,73,45,43" hai3="121,61,115,132,41,76,131,122,14,33,37,75,87"/><U101/><E32/><V110/><F73/><W26/><G61/><T66/><D74/><U11/><E129/><V48/><F106/><W112/><G87/><T82/><D3/><U104/><E135/><V39/><F123/><W130/><G14/><T116/><D82/><U2/><E2/><V52/><F134/><W77/><G132/><T62/><D62/><U63/><E42/><V36/><F84/><W118/><G75/><T79/><D79/><N who="3" m="30281" /><G26/><N who="2" m="9769" /><F17/><W13/><G13/><T71/><D65/><U5/><E63/><V55/><F114/><N who="3" m="43563" /><G33/><T91/><D91/><U83/><E86/><V70/><F70/><W34/><G34/><T38/><D38/><U8/><E31/><V20/><F20/><W113/><G113/><T9/><D9/><U78/><E11/><V80/><F80/><W30/><G30/><T81/><D81/><U1/><E23/><V68/><F68/><W96/><G96/><N who="0" m="61671" /><D116/><U18/><E78/><V126/><F39/><W6/><G6/><T127/><D28/><U128/><E128/><N who="3" m="49194" /><G118/><T100/><D119/><U56/><E1/><V72/><F72/><W90/><G90/><T133/><D117/><U102/><E102/><V21/><F36/><W25/><G25/><T47/><D100/><U94/><E104/><V4/><F4/><AGARI ba="0,0" hai="4,5,8,12,18,51,53,56,83,85,88,94,97,101" machi="4" ten="40,3900,0" yaku="8,1,54,1" doraHai="40" who="1" fromWho="2" sc="120,0,390,39,250,-39,240,0" /><INIT seed="1,1,0,3,0,36" ten="120,429,211,240" oya="1" hai0="125,59,114,20,25,0,40,9,98,8,115,109,130" hai1="45,55,131,16,38,123,27,103,13,122,85,22,29" hai2="128,71,58,81,14,44,116,99,107,26,18,132,1" hai3="5,57,111,90,120,31,93,56,28,51,95,41,39"/><U21/><E131/><V106/><F71/><W112/><G120/><T76/><D109/><U80/><E103/><V79/><F1/><W43/><G111/><T49/><D125/><U86/><E86/><V7/><F116/><W11/><G112/><T127/><D127/><U48/><REACH who="1" step="1"/><E38/><REACH who="1" ten="120,419,211,240" step="2"/><V61/><F128/><W104/><G39/><T113/><D130/><U4/><E4/><V94/><F7/><W15/><G5/><T96/><D114/><U6/><E6/><V24/><F99/><W124/><G124/><T101/><D98/><U64/><E64/><V34/><F107/><W60/><G104/><T52/><D113/><U82/><E82/><V72/><F81/><W23/><G95/><T126/><D115/><U133/><E133/><V68/><F94/><W88/><G93/><T12/><D126/><U119/><E119/><V89/><F106/><W83/><G83/><T135/><D135/><U117/><E117/><V105/><F105/><W102/><G102/><T66/><D66/><U2/><E2/><V47/><F132/><W118/><G118/><T30/><D0/><U134/><E134/><V50/><F72/><W110/><G110/><T100/><D101/><U46/><E46/><V53/><F47/><W54/><G90/><AGARI ba="1,1" hai="13,16,21,22,27,29,45,48,55,80,85,90,122,123" machi="90" ten="30,5800,0" yaku="1,1,7,1,54,1,53,0" doraHai="36" doraHaiUra="97" who="1" fromWho="3" sc="120,0,419,71,211,0,240,-61" /><INIT seed="1,2,0,5,0,84" ten="120,490,211,179" oya="1" hai0="125,55,61,85,20,9,60,130,49,50,62,131,46" hai1="6,129,89,75,115,28,73,40,36,126,45,114,121" hai2="52,16,11,51,90,135,24,42,95,35,94,66,21" hai3="96,108,53,57,58,17,12,43,3,59,83,8,70"/><U4/><E121/><V31/><F135/><W99/><G108/><T98/><D9/><U133/><E133/><V69/><F42/><W93/><G70/><T105/><D20/><U76/><E126/><V14/><F69/><W39/><G3/><T48/><D105/><U56/><E28/><V101/><F66/><W10/><G10/><T68/><D98/><U71/><E71/><V134/><F134/><W77/><G99/><T92/><D85/><U1/><E6/><V111/><F111/><W38/><G43/><N who="0" m="24671" /><D92/><U116/><E75/><V25/><F101/><W103/><REACH who="3" step="1"/><G53/><REACH who="3" ten="120,490,211,169" step="2"/><T120/><D125/><U29/><E40/><V7/><F90/><W26/><G26/><T102/><D102/><U104/><E89/><V79/><F79/><W18/><G18/><T124/><D124/><U65/><E1/><V78/><F78/><W63/><G63/><N who="0" m="24139" /><D120/><U113/><E76/><V88/><F88/><W112/><G112/><T80/><D80/><U44/><E114/><V2/><F25/><W37/><G37/><T15/><D15/><U27/><E36/><V107/><F107/><W0/><G0/><T119/><D119/><U34/><E104/><V32/><F32/><W5/><G5/><T118/><D118/><U64/><E4/><V97/><F97/><W67/><G67/><N who="0" m="41079" /><D55/><U122/><E116/><V128/><F35/><W30/><G30/><T13/><D13/><U74/><E113/><V132/><F31/><W127/><G127/><T110/><D110/><U72/><E115/><V86/><F14/><W33/><G33/><T87/><D87/><AGARI ba="2,1" hai="8,12,17,38,39,57,58,59,77,83,87,93,96,103" machi="87" ten="40,1300,0" yaku="1,1,53,0" doraHai="84" doraHaiUra="100" who="3" fromWho="0" sc="120,-19,490,0,211,0,169,29" /><INIT seed="2,0,0,1,3,46" ten="101,490,211,198" oya="2" hai0="90,56,32,33,19,17,132,121,75,47,91,118,57" hai1="22,25,38,28,110,34,0,36,71,100,27,21,49" hai2="59,1,77,18,6,13,4,79,104,124,96,52,58" hai3="67,86,107,16,129,44,2,65,69,24,3,43,119"/><V92/><F104/><W97/><G119/><T126/><D121/><U130/><E0/><V12/><F1/><W128/><G86/><T26/><D75/><U135/><E71/><V115/><F59/><W53/><G53/><T99/><D126/><U88/><E34/><V108/><F115/><W76/><G76/><N who="2" m="29257" /><F108/><W63/><G67/><T70/><D70/><U61/><E100/><N who="2" m="60423" /><F124/><W98/><G107/><T23/><D132/><U112/><E38/><V55/><F13/><W39/><G98/><T93/><D118/><U40/><E36/><V45/><F45/><W73/><G97/><T133/><D133/><U31/><E110/><V109/><F109/><W114/><G73/><T60/><D47/><U50/><E112/><V74/><F55/><W131/><G114/><T113/><D113/><U94/><E135/><V29/><F29/><W54/><G54/><T101/><D57/><U37/><E37/><V81/><F81/><W125/><G125/><T11/><D33/><U117/><E40/><V122/><F122/><W41/><G41/><T106/><D32/><U84/><E117/><V35/><F35/><W5/><G5/><T9/><D106/><U80/><E80/><V68/><F68/><W102/><G102/><T116/><D116/><U120/><E120/><V62/><F74/><W85/><G85/><T51/><D51/><U87/><E61/><V7/><F7/><W134/><G134/><T127/><D127/><U105/><E105/><V111/><F111/><W66/><G66/><N who="0" m="39175" /><D19/><U72/><E72/><V15/><F18/><W14/><G24/><T95/><D101/><RYUUKYOKU ba="0,0" sc="101,10,490,-30,211,10,198,10" hai0="9,11,17,23,26,90,91,93,95,99" hai2="4,6,12,15,52,58,62" hai3="2,3,14,16,39,43,44,63,65,69,128,129,131" /><INIT seed="2,1,0,4,5,114" ten="111,460,221,208" oya="2" hai0="132,79,111,68,133,78,1,76,50,38,53,98,127" hai1="105,69,32,126,13,109,122,123,36,131,52,41,12" hai2="107,65,31,93,25,0,108,102,28,121,119,45,22" hai3="104,116,97,101,21,71,20,110,63,9,2,19,7"/><V74/><F74/><W42/><G110/><T103/><D1/><U11/><E52/><V49/><F107/><W99/><G99/><T48/><D38/><U83/><E83/><V23/><F0/><W80/><G42/><T95/><D68/><U59/><E59/><V92/><F119/><W16/><G116/><T113/><D113/><U64/><E64/><V118/><F118/><W91/><G71/><T62/><D111/><U117/><E11/><V87/><F121/><W17/><REACH who="3" step="1"/><G63/><REACH who="3" ten="111,460,221,198" step="2"/><T115/><D115/><U73/><E41/><V15/><F108/><W134/><G134/><N who="0" m="51819" /><D127/><U40/><E40/><V100/><F100/><W130/><G130/><T47/><D62/><U18/><E69/><V60/><F102/><W44/><G44/><T26/><D26/><U89/><E131/><V35/><F45/><W39/><G39/><T58/><D50/><U86/><E36/><V33/><F49/><W24/><G24/><T72/><D47/><U54/><E126/><V90/><F25/><W88/><G88/><T135/><N who="0" m="51827" /><T43/><DORA hai="106" /><D43/><U34/><E89/><V4/><F90/><W29/><G29/><T112/><D112/><U57/><E117/><V3/><F31/><W66/><G66/><T84/><D84/><AGARI ba="1,1" hai="2,7,9,16,17,19,20,21,80,84,91,97,101,104" machi="84" ten="40,8000,1" yaku="1,1,54,1,53,3" doraHai="114,106" doraHaiUra="124,14" who="3" fromWho="0" sc="111,-83,460,0,221,0,198,93" /><INIT seed="3,0,0,0,0,70" ten="28,460,221,291" oya="3" hai0="19,53,57,132,66,36,17,34,122,84,67,42,125" hai1="92,11,54,134,7,59,121,26,118,47,50,133,102" hai2="58,98,104,72,64,129,79,49,75,85,124,123,31" hai3="108,76,110,10,60,119,35,38,112,116,5,99,44"/><W52/><G35/><T78/><D34/><U128/><E121/><V127/><F49/><N who="3" m="28711" /><G76/><T13/><D122/><U8/><E118/><V77/><F58/><W24/><G24/><T91/><D125/><N who="2" m="48202" /><F64/><W40/><G112/><T62/><D78/><N who="2" m="29706" /><F31/><W51/><G99/><T55/><D132/><U43/><E26/><V16/><F16/><W45/><G10/><T2/><D2/><U135/><E128/><V117/><F123/><W109/><G5/><T115/><D115/><U106/><E106/><V105/><F117/><N who="3" m="45131" /><G60/><T22/><D62/><N who="1" m="36215" /><E7/><V4/><F4/><W23/><G23/><T93/><D67/><U48/><E102/><N who="2" m="62551" /><F129/><W32/><G32/><T131/><D66/><U107/><E107/><V68/><F105/><W3/><G3/><T89/><D131/><U74/><E74/><V18/><F18/><W120/><G120/><T14/><D57/><U46/><E92/><V81/><F68/><W29/><G29/><T15/><D15/><U95/><E95/><V73/><F81/><W114/><G114/><T61/><D61/><U33/><E33/><V1/><F1/><W126/><G126/><T96/><D17/><U25/><E25/><V90/><F85/><W83/><G83/><T0/><D0/><U100/><E100/><V86/><F86/><W41/><G41/><AGARI ba="0,0" hai="8,11,41,43,46,47,48,50,133,134,135" m="36215" machi="41" ten="30,1000,0" yaku="20,1" doraHai="70" who="1" fromWho="3" sc="28,0,460,10,221,0,291,-10" owari="28,-47.0,470,57.0,221,-18.0,281,8.0" /></mjloggm>