<mjloggm ver="2.3"><GO type="169" lobby="0"/><UN n0="%E5%B0%B1%E6%B4%BB%E7%94%9F%40%E5%B7%9D%E6%9D%91%E8%BB%8D%E5%9B%A3" n1="%E3%81%B5%E3%81%98%E3%81%8A" n2="%E3%83%8E%E3%83%BC%E3%82%B3%E3%83%B3%E3%83%86%E3%82%B9%E3%83%88" n3="%6D%75%6B%69%74%74%69" dan="17,16,16,17" rate="2241.66,2155.46,2022.69,2190.81" sx="M,M,M,M"/><TAIKYOKU oya="0"/><INIT seed="0,0,0,1,5,50" ten="250,250,250,250" oya="0" hai0="76,54,80,82,107,103,116,85,45,94,89,132,30" hai1="22,112,99,65,72,92,88,84,24,104,133,6,105" hai2="77,111,17,87,52,5,108,41,14,120,20,3,134" hai3="130,10,60,64,39,40,56,128,106,83,95,70,110"/><T53/><D116/><U23/><E72/><V81/><F41/><W11/><G106/><T122/><D122/><U28/><E133/><V100/><F134/><W36/><G110/><N who="2" m="42025" /><F120/><W68/><G83/><T18/><D132/><U49/><E112/><V98/><F3/><W9/><G95/><T96/><D30/><U2/><E65/><V74/><F5/><W29/><G29/><T78/><D45/><U79/><E23/><V121/><F121/><W61/><G70/><T38/><D38/><U129/><E129/><N who="3" m="49770" /><G40/><T42/><D42/><U93/><E79/><V114/><F114/><W1/><G1/><T131/><D131/><U86/><E86/><V124/><F124/><W25/><G25/><T97/><REACH who="0" step="1"/><D18/><REACH who="0" ten="240,250,250,250" step="2"/><U67/><E28/><V16/><F17/><W62/><G39/><T115/><D115/><U75/><E6/><V59/><F74/><AGARI ba="0,1" hai="53,54,74,76,78,80,82,85,89,94,96,97,103,107" machi="74" ten="30,11600,0" yaku="1,1,7,1,52,2,53,0" doraHai="50" doraHaiUra="57" who="0" fromWho="2" sc="240,126,250,0,250,-116,250,0" /><INIT seed="0,1,0,0,2,113" ten="366,250,134,250" oya="0" hai0="41,52,36,72,125,99,24,96,25,71,42,56,88" hai1="116,46,43,20,132,94,81,26,60,68,127,108,118" hai2="98,62,7,78,18,32,107,134,67,120,50,79,129" hai3="109,112,63,12,1,86,75,122,2,69,8,3,102"/><T82/><D71/><U135/><E108/><V87/><F32/><W6/><G75/><T130/><D130/><U101/><E81/><V9/><F129/><W21/><G112/><T45/><D125/><U92/><E127/><V61/><F134/><N who="1" m="51241" /><E68/><V80/><F107/><W47/><G109/><T58/><D58/><U37/><E60/><V70/><F120/><W49/><G122/><T44/><D72/><U55/><E55/><V119/><F119/><N who="1" m="45609" /><E101/><V100/><F79/><W84/><G102/><T19/><D19/><AGARI ba="1,0" hai="19,20,26,37,43,46,92,94" m="45609,51241" machi="19" ten="30,7700,0" yaku="20,1,52,3" doraHai="113" who="1" fromWho="0" sc="366,-80,250,80,134,0,250,0" /><INIT seed="1,0,0,3,5,14" ten="286,330,134,250" oya="1" hai0="62,52,61,101,106,39,80,112,131,12,45,115,2" hai1="92,123,48,10,7,116,87,24,118,18,77,53,109" hai2="55,74,13,75,21,72,25,96,30,23,100,122,66" hai3="63,29,99,6,22,98,9,36,71,33,110,119,117"/><U58/><E123/><V81/><F122/><W57/><G33/><T32/><D2/><U17/><E109/><V103/><F66/><W102/><G71/><T129/><D32/><U84/><E84/><V121/><F121/><W3/><G36/><T41/><D106/><U31/><E118/><N who="3" m="45066" /><G110/><T51/><D101/><U59/><E116/><V68/><F68/><W54/><G102/><T130/><D80/><U27/><E92/><V70/><F70/><W73/><G73/><T67/><D12/><N who="1" m="5215" /><E59/><V26/><F13/><W38/><G38/><T113/><REACH who="0" step="1"/><D67/><REACH who="0" ten="276,330,134,250" step="2"/><U134/><E134/><V120/><F120/><W94/><G94/><T16/><D16/><N who="1" m="6251" /><E31/><V65/><F30/><W44/><G29/><T40/><D40/><U35/><E35/><V83/><F75/><W78/><G57/><AGARI ba="0,1" hai="39,41,45,51,52,57,61,62,112,113,115,129,130,131" machi="57" ten="50,12000,2" yaku="1,1,19,1,34,3,54,1,53,1" doraHai="14" doraHaiUra="47" who="0" fromWho="3" sc="276,130,330,0,134,0,250,-120" /><INIT seed="2,0,0,3,1,110" ten="406,330,134,130" oya="2" hai0="0,133,85,89,75,11,66,118,53,52,111,16,19" hai1="94,99,58,51,35,114,43,74,76,13,87,50,104" hai2="109,107,116,120,95,80,57,28,25,128,125,119,60" hai3="45,41,134,68,82,122,96,39,54,65,37,44,24"/><V105/><F109/><W124/><G122/><T12/><D75/><U113/><E35/><V17/><F120/><W121/><G121/><T4/><D111/><U126/><E126/><V81/><F125/><W92/><G124/><T100/><D133/><U48/><E104/><V79/><F107/><W36/><G134/><T49/><D118/><U106/><E106/><V108/><F105/><W115/><G115/><T1/><D100/><U56/><E74/><V73/><F128/><W64/><G82/><T77/><D77/><U30/><E30/><V40/><F40/><W32/><G32/><T8/><D66/><N who="3" m="25705" /><G24/><T29/><D29/><U93/><E43/><V123/><F123/><W84/><G84/><T2/><D53/><U61/><E56/><V132/><F132/><W135/><G92/><T72/><D19/><U23/><E94/><V9/><F108/><W6/><G96/><T90/><D72/><U5/><E87/><V18/><F81/><W27/><G27/><T42/><D42/><U67/><E76/><V31/><F95/><W47/><G6/><T63/><D63/><U21/><E21/><N who="2" m="15407" /><F31/><W38/><G135/><T15/><REACH who="0" step="1"/><D85/><REACH who="0" ten="396,330,134,130" step="2"/><U117/><E117/><V70/><F18/><W33/><G54/><T55/><D55/><U129/><E129/><V86/><F73/><W71/><G33/><T26/><D26/><U46/><E5/><V103/><F103/><W98/><G98/><T14/><D14/><U88/><REACH who="1" step="1"/><E46/><AGARI ba="0,1" hai="36,37,38,39,41,44,45,46,47,68,71" m="25705" machi="46" ten="40,8000,1" yaku="35,5" doraHai="110" who="3" fromWho="1" sc="396,0,330,-80,134,0,130,90" /><AGARI ba="0,0" hai="0,1,2,4,8,11,12,15,16,46,49,52,89,90" machi="46" ten="40,5200,0" yaku="1,1,54,2,53,0" doraHai="110" doraHaiUra="130" who="0" fromWho="1" sc="396,52,250,-52,134,0,220,0" /><INIT seed="3,0,0,2,3,24" ten="448,198,134,220" oya="3" hai0="64,101,5,126,84,58,17,51,125,100,94,45,71" hai1="107,50,25,132,87,96,23,57,74,22,8,52,134" hai2="48,90,61,98,4,123,121,63,66,15,20,106,75" hai3="68,12,30,18,59,79,92,29,128,35,21,119,116"/><W46/><G68/><T88/><D71/><U10/><E74/><V83/><F75/><W7/><G128/><T62/><D5/><U9/><E87/><V69/><F63/><W44/><G119/><T0/><D0/><U135/><REACH who="1" step="1"/><E25/><REACH who="1" ten="448,188,134,220" step="2"/><V127/><F123/><W67/><G116/><T76/><D76/><U13/><E13/><V47/><F15/><W40/><G12/><T32/><D32/><U108/><E108/><V36/><F121/><W72/><G72/><T109/><D109/><U105/><E105/><V60/><F106/><W34/><G46/><T91/><D125/><U117/><E117/><V39/><F47/><W53/><G44/><T89/><D126/><U102/><AGARI ba="0,1" hai="8,9,10,22,23,50,52,57,96,102,107,132,134,135" machi="102" ten="40,8000,1" yaku="1,1,0,1,20,1,54,1,53,1" doraHai="24" doraHaiUra="54" who="1" fromWho="1" sc="448,-20,188,90,134,-20,220,-40" /><INIT seed="4,0,0,0,4,37" ten="428,278,114,180" oya="0" hai0="49,111,117,70,7,104,130,126,3,89,31,125,43" hai1="78,79,95,129,46,14,82,68,100,96,67,38,65" hai2="2,64,103,81,107,35,74,4,54,1,20,44,26" hai3="52,22,87,114,61,58,63,12,106,50,39,102,133"/><T98/><D70/><U72/><E129/><V121/><F121/><W84/><G39/><T15/><D3/><U92/><E79/><V86/><F74/><W88/><G114/><T73/><D73/><U24/><E68/><V132/><F35/><W128/><G128/><T77/><D77/><U19/><E24/><V25/><F2/><W32/><G32/><T118/><D31/><U134/><E134/><V93/><F107/><W119/><G119/><T69/><D69/><U90/><E38/><V76/><F1/><W59/><G133/><T28/><D28/><U42/><E46/><V135/><F4/><W21/><G106/><T97/><D111/><U56/><E56/><V29/><F26/><W94/><G102/><T10/><D130/><U60/><E60/><N who="3" m="23114" /><G59/><T11/><D11/><U105/><E95/><V122/><F122/><W51/><G51/><T99/><D104/><U17/><E17/><V9/><F9/><W8/><G87/><T33/><D33/><U30/><E30/><V75/><F64/><W115/><G115/><T85/><D117/><U18/><E18/><AGARI ba="0,0" hai="8,12,18,21,22,50,52,58,84,88,94" m="23114" machi="18" ten="30,3900,0" yaku="8,1,54,2" doraHai="37" who="3" fromWho="1" sc="428,0,278,-39,114,0,180,39" /><INIT seed="5,0,0,5,5,32" ten="428,239,114,219" oya="1" hai0="61,52,129,36,95,41,40,124,42,111,21,130,8" hai1="101,9,34,126,105,133,20,57,82,91,132,23,135" hai2="2,113,31,117,33,116,108,62,54,76,94,5,44" hai3="131,112,122,1,18,50,99,48,69,100,56,53,128"/><U51/><E34/><V66/><F108/><W12/><G122/><T60/><D111/><U70/><E70/><V13/><F76/><W3/><G69/><T120/><D124/><U123/><E123/><V73/><F73/><W98/><G50/><T35/><D35/><U58/><E126/><V106/><F106/><N who="3" m="63767" /><G99/><T0/><D36/><U93/><E82/><V26/><F44/><W86/><G86/><T59/><D21/><U114/><E114/><V118/><F54/><W121/><G112/><T71/><D95/><U84/><E9/><V38/><F38/><W25/><G25/><T27/><D27/><U37/><E37/><V30/><F30/><W74/><G74/><T7/><D120/><U49/><E101/><V16/><F94/><W46/><G46/><T11/><D11/><U90/><E105/><V64/><F113/><W77/><G77/><T65/><AGARI ba="0,0" hai="0,7,8,40,41,42,52,59,60,61,65,71,129,130" machi="65" ten="30,4000,0" yaku="0,1,52,1,54,1" doraHai="32" who="0" fromWho="0" sc="428,40,239,-20,114,-10,219,-10" /><INIT seed="6,0,0,3,1,104" ten="468,219,104,209" oya="2" hai0="28,24,105,115,71,66,51,109,56,89,98,10,52" hai1="81,78,130,12,13,94,110,31,14,48,124,117,85" hai2="36,58,42,62,97,76,39,118,107,133,4,25,29" hai3="5,70,74,26,120,27,50,0,95,128,17,122,73"/><V113/><F118/><W127/><G70/><T72/><D72/><U126/><E117/><V111/><F111/><W100/><G127/><N who="1" m="48682" /><E130/><V65/><F113/><W46/><G128/><T55/><D109/><U20/><E110/><V6/><F76/><W123/><G0/><T106/><D115/><U44/><E94/><V92/><F107/><W15/><G5/><T32/><D10/><U68/><E68/><V69/><F69/><W9/><G100/><T119/><D119/><U86/><E31/><V3/><F133/><W22/><G95/><T8/><D8/><U61/><E61/><V64/><F64/><W2/><G2/><T67/><D71/><U63/><E63/><V75/><F75/><W135/><G135/><T37/><D37/><U45/><E20/><V90/><F3/><W21/><G9/><T121/><D121/><U129/><E129/><V116/><F116/><W79/><G79/><T91/><D105/><U102/><E102/><V47/><REACH who="2" step="1"/><F39/><REACH who="2" ten="468,219,94,209" step="2"/><W132/><G132/><T49/><D67/><U23/><E78/><V112/><F112/><W134/><G134/><T60/><D66/><U54/><E23/><AGARI ba="0,1" hai="4,6,23,25,29,36,42,47,58,62,65,90,92,97" machi="23" ten="30,2900,0" yaku="1,1,7,1,53,0" doraHai="104" doraHaiUra="80" who="2" fromWho="1" sc="468,0,219,-29,94,39,209,0" /><INIT seed="6,1,0,2,4,68" ten="468,190,133,209" oya="2" hai0="17,125,2,128,105,49,76,133,94,50,115,107,91" hai1="62,47,124,7,86,129,80,123,6,98,52,44,46" hai2="97,117,54,96,13,78,29,113,12,126,90,108,104" hai3="23,0,33,42,16,74,20,28,63,111,25,59,69"/><V36/><F36/><W3/><G111/><T61/><D2/><U109/><E109/><V110/><F117/><W112/><G74/><T27/><D125/><U101/><E124/><V4/><F126/><W82/><G69/><T106/><D128/><U40/><E129/><V119/><F119/><W66/><G112/><T22/><D133/><U11/><E40/><V130/><F113/><W70/><G70/><T116/><D115/><U127/><E127/><V134/><F134/><W92/><G82/><T77/><D116/><U5/><E123/><V34/><F34/><W60/><G60/><T85/><D61/><U89/><E62/><V75/><F104/><W37/><G92/><T53/><REACH who="0" step="1"/><D50/><REACH who="0" ten="458,190,133,209" step="2"/><U93/><E11/><V103/><F130/><W35/><G3/><T99/><D99/><U72/><E72/><V45/><F75/><W31/><G0/><T56/><AGARI ba="1,1" hai="17,22,27,49,53,56,76,77,85,91,94,105,106,107" machi="56" ten="30,4000,0" yaku="1,1,0,1,53,1" doraHai="68" doraHaiUra="55" who="0" fromWho="0" sc="458,53,190,-11,133,-21,209,-11" /><INIT seed="7,0,0,2,0,53" ten="511,179,112,198" oya="3" hai0="81,1,38,127,25,57,98,105,132,97,78,79,76" hai1="114,44,101,16,4,112,37,66,52,131,123,19,84" hai2="65,22,125,7,86,39,69,34,100,54,124,32,115" hai3="12,75,71,6,74,56,109,43,27,62,108,89,73"/><W20/><G71/><T58/><D38/><U30/><E123/><V48/><F39/><W10/><G43/><T55/><D105/><U107/><E131/><V8/><F100/><W118/><G89/><T72/><D1/><U87/><E66/><V21/><F34/><W36/><G36/><T134/><D127/><U77/><E30/><V45/><F32/><W15/><G15/><T24/><D81/><N who="1" m="47151" /><E4/><V59/><F69/><W9/><G9/><T83/><D83/><U128/><E87/><V23/><F115/><N who="1" m="44073" /><E128/><V135/><F135/><N who="0" m="51754" /><D58/><U121/><E121/><V46/><F86/><W13/><G13/><T29/><D72/><U106/><E106/><V61/><REACH who="2" step="1"/><F46/><REACH who="2" ten="511,179,102,198" step="2"/><W2/><G75/><T113/><D25/><U63/><E37/><V117/><F117/><W99/><G118/><T17/><D17/><U119/><E119/><V40/><F40/><W88/><G74/><T5/><D5/><U42/><E42/><V133/><F133/><W82/><G73/><T31/><D113/><U60/><E44/><V129/><F129/><W67/><G6/><T130/><D130/><U103/><E103/><V64/><F64/><W11/><G67/><T33/><D31/><U94/><E19/><V50/><F50/><AGARI ba="0,1" hai="24,29,33,50,55,57,76,78,79,97,98" m="51754" machi="50" ten="30,2000,0" yaku="20,1,52,1" doraHai="53" who="0" fromWho="2" sc="511,30,179,0,102,-20,198,0" owari="541,64.0,179,-22.0,82,-42.0,198,0.0" /></mjloggm>