<mjloggm ver="2.3"><GO type="169" lobby="0"/><UN n0="%E3%81%8B%E3%81%8D" n1="%E3%81%84%E3%81%9F%E3%83%92%E3%83%AD" n2="%E5%B0%B1%E6%B4%BB%E7%94%9F%40%E5%B7%9D%E6%9D%91%E8%BB%8D%E5%9B%A3" n3="%E3%81%8D%E3%81%BF%E3%81%9F%E3%81%BE%E3%81%94" dan="17,17,18,17" rate="2259.59,2197.86,2270.19,2153.46" sx="M,M,M,M"/><TAIKYOKU oya="0"/><INIT seed="0,0,0,1,5,65" ten="250,250,250,250" oya="0" hai0="40,38,4,82,77,109,71,19,115,100,60,51,24" hai1="17,98,54,85,76,97,122,57,63,55,124,67,34" hai2="131,101,35,111,61,49,47,102,18,25,58,106,9" hai3="89,20,66,2,45,56,93,129,120,96,88,94,107"/><T75/><D115/><U36/><E122/><V27/><F131/><W21/><G2/><T114/><D114/><U3/><E36/><V5/><F111/><W104/><G129/><T70/><D38/><U83/><E34/><V84/><F84/><W135/><G135/><T11/><D109/><U12/><E3/><V43/><F106/><W50/><G104/><T46/><D100/><U90/><E124/><V117/><F117/><W48/><G107/><T37/><D51/><U14/><E14/><V118/><F118/><W81/><G81/><T33/><D60/><U53/><REACH who="1" step="1"/><E76/><REACH who="1" ten="250,240,250,250" step="2"/><V99/><F35/><W44/><G120/><T62/><D62/><U92/><E92/><V28/><F61/><N who="3" m="38183" /><G50/><T126/><D126/><U112/><E112/><V59/><F49/><W1/><G1/><N who="0" m="399" /><D19/><U31/><E31/><AGARI ba="0,1" hai="24,31,33,37,40,46,70,71,75,77,82" m="399" machi="31" ten="30,12000,1" yaku="25,1,33,2,52,2" doraHai="65" who="0" fromWho="1" sc="250,130,240,-120,250,0,250,0" /><INIT seed="0,1,0,4,5,68" ten="380,120,250,250" oya="0" hai0="94,55,132,103,107,0,120,52,97,87,5,50,79" hai1="14,105,102,61,40,131,128,106,92,100,54,104,35" hai2="56,42,89,110,126,38,4,86,85,75,60,113,76" hai3="125,51,57,48,63,116,65,109,74,69,81,33,101"/><T47/><D120/><U123/><E123/><V83/><F113/><W30/><G109/><T37/><D132/><U45/><E35/><V91/><F110/><W95/><G125/><T32/><D32/><U108/><E108/><V62/><F126/><W127/><G116/><T84/><D37/><N who="1" m="21647" /><E14/><V24/><F4/><W41/><G74/><T3/><D5/><U80/><E80/><V49/><F24/><W28/><G81/><T115/><D115/><U34/><E92/><V82/><F38/><W44/><G33/><T1/><D79/><U16/><E16/><V10/><F10/><W118/><G118/><T58/><REACH who="0" step="1"/><D107/><REACH who="0" ten="370,120,250,250" step="2"/><U134/><E34/><V19/><F76/><W124/><G124/><T18/><D18/><U29/><E29/><V78/><F19/><W27/><G30/><T7/><D7/><U12/><E134/><V46/><F56/><W73/><G127/><T13/><D13/><U112/><E12/><V114/><F114/><W122/><G122/><T8/><D8/><U43/><E112/><V90/><F75/><W71/><G73/><T72/><D72/><U9/><E9/><V53/><F78/><W15/><G15/><T20/><D20/><U99/><E106/><V2/><F2/><W121/><G121/><T66/><D66/><U64/><E64/><V119/><F119/><W135/><G135/><T22/><D22/><U88/><E105/><V70/><F70/><W59/><G69/><T133/><D133/><U36/><E104/><V117/><F117/><W96/><G71/><T129/><D129/><U26/><E131/><V39/><F39/><RYUUKYOKU ba="1,1" sc="370,30,120,-10,250,-10,250,-10" hai0="0,1,3,47,50,52,55,58,84,87,94,97,103" /><INIT seed="0,2,1,0,0,2" ten="400,110,240,240" oya="0" hai0="86,103,42,28,31,118,73,0,105,127,74,21,83" hai1="9,119,125,133,13,135,65,78,102,22,114,27,39" hai2="110,81,82,3,18,53,70,50,41,32,94,37,1" hai3="104,51,132,17,38,48,77,20,5,108,126,112,121"/><T89/><D118/><U19/><E39/><V123/><F123/><W63/><G77/><T33/><D33/><U69/><E119/><V59/><F32/><W14/><G104/><T75/><D0/><U128/><E114/><V43/><F110/><W29/><G38/><T134/><D134/><N who="1" m="51211" /><E128/><V85/><F70/><W56/><G126/><T129/><D129/><U107/><E78/><V61/><F37/><W97/><G108/><T36/><D127/><U91/><E91/><N who="2" m="53615" /><F3/><W11/><G132/><T122/><D122/><U55/><E55/><N who="2" m="34047" /><F18/><W130/><G29/><T92/><D105/><U131/><E131/><V93/><F93/><W30/><G30/><T64/><D64/><U45/><E45/><N who="2" m="27855" /><F1/><W6/><G112/><T7/><D36/><U67/><E69/><V34/><F34/><W47/><G47/><T71/><D71/><U25/><E125/><V10/><F10/><W44/><G11/><T116/><D116/><U113/><E113/><V12/><F12/><W58/><G121/><T90/><D31/><N who="1" m="17847" /><E27/><V8/><F8/><W79/><G79/><T16/><D28/><U49/><E49/><V87/><F82/><W24/><G14/><T80/><D80/><U57/><E57/><V76/><AGARI ba="2,1" hai="41,43,76,81,87" m="27855,34047,53615" machi="76" ten="30,1100,0" yaku="8,1" doraHai="2" who="2" fromWho="2" sc="400,-7,110,-5,240,27,240,-5" /><INIT seed="1,0,0,2,3,61" ten="393,105,267,235" oya="1" hai0="111,11,65,2,58,109,14,104,46,97,116,67,51" hai1="90,128,115,125,12,30,57,131,18,40,55,27,70" hai2="127,82,59,96,17,38,5,132,74,118,72,41,62" hai3="113,84,105,101,69,0,3,93,107,1,98,87,8"/><U103/><E70/><V129/><F118/><W43/><G113/><T99/><D116/><U7/><E7/><V68/><F68/><W37/><G8/><T48/><D2/><U50/><E115/><V92/><F129/><N who="1" m="49737" /><E125/><V9/><F132/><W102/><G69/><T25/><D25/><U49/><E103/><V120/><F120/><W79/><G79/><T53/><D109/><U52/><E40/><V126/><F17/><W85/><G43/><N who="0" m="24671" /><D104/><U80/><E80/><V75/><F41/><W56/><G37/><T86/><D86/><U110/><E90/><V64/><F38/><W29/><G29/><T91/><D111/><U42/><E42/><V47/><F47/><W23/><G23/><T76/><D76/><U130/><N who="1" m="49745" /><U6/><DORA hai="21" /><E6/><V66/><F82/><W26/><G102/><T60/><D51/><N who="1" m="19467" /><E57/><V114/><F114/><W45/><G56/><T94/><D97/><U4/><E4/><AGARI ba="0,0" hai="4,11,14,53,58,60,65,67,91,94,99" m="24671" machi="4" ten="30,3900,0" yaku="8,1,52,2" doraHai="61,21" who="0" fromWho="1" sc="393,39,105,-39,267,0,235,0" /><INIT seed="2,0,0,4,3,135" ten="432,66,267,235" oya="2" hai0="5,10,71,130,70,19,78,79,98,73,9,18,91" hai1="77,48,64,55,107,114,7,49,93,3,11,14,72" hai2="84,44,25,36,53,43,99,1,60,17,8,12,104" hai3="120,20,15,32,29,74,66,83,37,126,92,24,101"/><V118/><F118/><W97/><G126/><T23/><D130/><U62/><E107/><V39/><F1/><W58/><G37/><T30/><D30/><U69/><E114/><V27/><F39/><W45/><G45/><T131/><D131/><U0/><E49/><V4/><F4/><W106/><G15/><T26/><D73/><U59/><E93/><V6/><F6/><W33/><G106/><T85/><D98/><U100/><E100/><V50/><F60/><N who="3" m="38167" /><G120/><T102/><D102/><U86/><REACH who="1" step="1"/><E86/><REACH who="1" ten="432,56,267,235" step="2"/><V95/><F104/><W38/><G38/><T128/><D85/><U80/><AGARI ba="0,1" hai="0,3,7,11,14,48,55,59,62,64,69,72,77,80" machi="80" ten="30,7900,0" yaku="1,1,2,1,0,1,53,1" doraHai="135" doraHaiUra="75" who="1" fromWho="1" sc="432,-20,56,89,267,-39,235,-20" /><INIT seed="3,0,0,1,5,50" ten="412,145,228,215" oya="3" hai0="95,40,99,0,26,69,25,7,52,126,110,4,31" hai1="94,91,127,48,42,119,59,79,36,65,11,51,5" hai2="132,63,18,123,71,78,118,67,54,44,105,97,88" hai3="66,130,125,17,102,124,58,103,56,30,37,128,12"/><W10/><G37/><T3/><D110/><U83/><E119/><V107/><F118/><W109/><G30/><T38/><D69/><U24/><E24/><V60/><F123/><W6/><G109/><T43/><D126/><N who="3" m="48745" /><G17/><T49/><D38/><U90/><E127/><V120/><F120/><W70/><G70/><T89/><D3/><U117/><E117/><V53/><F78/><W114/><G114/><T77/><D77/><U84/><E91/><V82/><F132/><W134/><G66/><T81/><D81/><U35/><E35/><V135/><F135/><W108/><G108/><T9/><D4/><U46/><E59/><N who="3" m="22570" /><G134/><T75/><D75/><U27/><E27/><V8/><F63/><W33/><G33/><T16/><D26/><U29/><E29/><V41/><F18/><W87/><G87/><T22/><D31/><U28/><E65/><V62/><F8/><W112/><G112/><T98/><D98/><U80/><E28/><V92/><F60/><W13/><G13/><T129/><D16/><U100/><E11/><V55/><REACH who="2" step="1"/><F82/><REACH who="2" ten="412,145,218,215" step="2"/><W34/><G34/><T57/><D9/><U121/><E121/><V133/><F133/><W21/><G21/><T73/><D22/><U39/><E80/><V111/><F111/><W113/><G113/><T85/><D0/><U74/><E83/><V76/><F76/><W72/><G10/><T96/><D73/><U93/><E74/><V47/><F47/><W2/><G72/><T61/><D61/><U23/><E46/><V131/><F131/><N who="3" m="50219" /><G2/><T106/><D129/><U32/><E79/><V15/><F15/><RYUUKYOKU ba="0,1" sc="412,-15,145,-15,218,15,215,15" hai2="41,44,53,54,55,62,67,71,88,92,97,105,107" hai3="6,12,102,103" /><INIT seed="3,1,1,3,0,111" ten="397,130,233,230" oya="3" hai0="32,28,25,18,89,80,112,17,124,39,135,126,130" hai1="94,60,20,68,109,78,128,96,125,56,127,108,7" hai2="64,12,5,98,14,103,38,134,36,46,54,44,90" hai3="129,9,69,131,83,105,43,79,21,116,115,97,133"/><W48/><G69/><T58/><D39/><U19/><E68/><V42/><F134/><W4/><G116/><T72/><D135/><U102/><E7/><V57/><F5/><W41/><G21/><T33/><D33/><U122/><E78/><V71/><F90/><W93/><G105/><T24/><D130/><U8/><E8/><V22/><F22/><W104/><G104/><T99/><D99/><U1/><E1/><V107/><F44/><W118/><G118/><T51/><D112/><U85/><E85/><V101/><F101/><W70/><G70/><T113/><D113/><U16/><E128/><N who="3" m="49226" /><G48/><T15/><D25/><N who="1" m="14471" /><E19/><V75/><F38/><W86/><G115/><T53/><D17/><U65/><E122/><V23/><F23/><W2/><G133/><T74/><D89/><AGARI ba="1,1" hai="2,4,9,41,43,79,83,86,89,93,97" m="49226" machi="89" ten="30,1500,0" yaku="19,1" doraHai="111" who="3" fromWho="0" sc="397,-18,130,0,233,0,230,28" /><INIT seed="3,2,0,2,3,62" ten="379,130,233,258" oya="3" hai0="91,32,101,72,107,82,116,90,58,19,16,36,74" hai1="2,59,80,26,73,83,33,50,53,51,47,111,95" hai2="112,103,117,0,17,46,30,94,15,127,132,92,128" hai3="54,114,52,25,28,108,60,57,86,125,131,45,81"/><W87/><G114/><T77/><D32/><U56/><E2/><V49/><F0/><W100/><G131/><T102/><D36/><U55/><E111/><V38/><F38/><W135/><G125/><T48/><D116/><U43/><E73/><V129/><F117/><W5/><G5/><T130/><D130/><N who="2" m="50282" /><F112/><W37/><G135/><T18/><D72/><U93/><E33/><V67/><F127/><W9/><G9/><T41/><D107/><U122/><E26/><V40/><F132/><W20/><G108/><T79/><D79/><U110/><E110/><V113/><F113/><W21/><G100/><T124/><D124/><U24/><E24/><V7/><F7/><W109/><G109/><T34/><D34/><U66/><E122/><V70/><F30/><W119/><G119/><T61/><D102/><U68/><E68/><V1/><F1/><W31/><G37/><T64/><REACH who="0" step="1"/><D101/><REACH who="0" ten="369,130,233,258" step="2"/><U39/><E66/><V76/><F103/><W126/><G126/><T44/><AGARI ba="2,1" hai="16,18,19,41,44,48,58,61,64,74,77,82,90,91" machi="44" ten="30,12000,2" yaku="1,1,2,1,0,1,52,1,54,1,53,1" doraHai="62" doraHaiUra="75" who="0" fromWho="0" sc="369,136,130,-32,233,-32,258,-62" /><INIT seed="4,0,0,3,3,112" ten="505,98,201,196" oya="0" hai0="36,84,124,99,133,40,86,88,12,30,76,16,65" hai1="78,60,39,10,23,34,118,132,64,50,66,53,122" hai2="61,120,89,135,13,3,123,38,42,9,63,101,81" hai3="28,128,93,33,82,130,8,115,129,26,105,79,110"/><T87/><D133/><U45/><E34/><V31/><F3/><W21/><G105/><T117/><D117/><U2/><E122/><V92/><F135/><W19/><G93/><N who="0" m="56743" /><D36/><U91/><E132/><V77/><F101/><W27/><G115/><T5/><D124/><U56/><E118/><V70/><F31/><W96/><G96/><T95/><D40/><U47/><E78/><V85/><F38/><W0/><G82/><N who="0" m="47175" /><D30/><U37/><E23/><V69/><F42/><W58/><G79/><T98/><D65/><U24/><E24/><V52/><F63/><W20/><G58/><T49/><D49/><N who="1" m="28847" /><E10/><V29/><F29/><W1/><G110/><T4/><D4/><U119/><E2/><N who="3" m="1130" /><G8/><N who="0" m="6151" /><D5/><U67/><E91/><AGARI ba="0,0" hai="86,87,91,95,98" m="6151,47175,56743" machi="91" ten="30,5800,0" yaku="8,1,54,2" doraHai="112" who="0" fromWho="1" sc="505,58,98,-58,201,0,196,0" /><INIT seed="4,1,0,2,4,72" ten="563,40,201,196" oya="0" hai0="48,42,47,123,86,113,82,108,31,92,133,102,104" hai1="97,62,14,52,120,7,27,98,117,121,16,51,6" hai2="81,41,12,60,67,65,95,21,111,122,36,55,59" hai3="90,107,66,105,26,88,124,119,37,131,128,38,46"/><T20/><D104/><N who="3" m="40009" /><G46/><T129/><D123/><U54/><E117/><V78/><F111/><W63/><G26/><N who="0" m="16839" /><D113/><U103/><E27/><V68/><F122/><W61/><G66/><T1/><D1/><U29/><E29/><V34/><F34/><W57/><G57/><T91/><D133/><U25/><E25/><V101/><F36/><N who="3" m="13931" /><G119/><T23/><D129/><N who="3" m="49737" /><G124/><T22/><D108/><U85/><E85/><N who="2" m="48311" /><F41/><W94/><G94/><T110/><D110/><U13/><E51/><V80/><F80/><W87/><G87/><N who="0" m="52351" /><D102/><U3/><E103/><V112/><F68/><W69/><G69/><T39/><D39/><U116/><E116/><V125/><F125/><W84/><G84/><T96/><D96/><U44/><E3/><V2/><F2/><W135/><G135/><T89/><AGARI ba="1,0" hai="22,23,42,47,48,82,86,89" m="52351,16839" machi="89" ten="30,1500,0" yaku="8,1" doraHai="72" who="0" fromWho="0" sc="563,18,40,-6,201,-6,196,-6" /><INIT seed="4,2,0,3,5,21" ten="581,34,195,190" oya="0" hai0="53,89,47,26,1,133,123,0,80,37,46,121,101" hai1="106,96,66,49,99,54,16,44,98,85,120,76,135" hai2="32,29,132,23,100,77,6,33,131,69,41,130,90" hai3="88,2,34,17,117,39,115,30,86,45,81,122,51"/><T112/><D101/><U128/><E106/><V103/><F69/><W9/><G39/><T65/><D65/><U48/><E120/><V28/><F77/><W93/><G115/><T24/><D89/><U74/><E74/><V127/><F127/><W55/><G117/><T50/><D80/><N who="1" m="47239" /><E66/><V78/><F78/><W84/><G2/><T87/><D87/><U94/><E135/><V114/><F114/><W14/><G122/><T19/><D19/><U63/><E63/><V64/><F64/><W95/><G84/><T125/><D125/><U43/><E128/><N who="2" m="49195" /><F132/><W129/><G129/><T111/><D112/><U38/><E38/><V59/><F41/><W113/><G113/><T107/><D107/><U71/><E71/><V134/><F134/><W11/><G11/><T61/><D61/><U119/><E119/><V67/><F90/><W110/><G110/><T42/><D133/><U116/><E116/><V35/><F6/><W36/><G36/><T60/><D60/><U3/><E3/><N who="0" m="1097" /><D111/><U118/><E16/><V27/><F59/><W58/><G58/><T97/><D97/><U72/><E72/><V124/><F67/><W102/><G102/><N who="2" m="38953" /><F124/><W10/><G10/><T13/><D13/><U15/><E15/><V20/><F20/><W105/><G105/><T62/><D62/><U73/><E73/><V92/><F92/><N who="3" m="35403" /><G34/><T108/><D108/><U109/><E109/><V56/><F56/><W4/><G4/><T7/><D7/><U70/><E70/><V82/><F82/><W40/><G40/><T31/><D31/><AGARI ba="2,0" hai="23,27,28,29,31,32,33,35" m="38953,49195" machi="31" ten="40,2600,0" yaku="19,1,52,1" doraHai="21" who="2" fromWho="0" sc="581,-32,34,0,195,32,190,0" /><AGARI ba="2,0" hai="9,14,17,30,31,45,51,55,81,86,88" m="35403" machi="31" ten="30,3900,0" yaku="25,1,8,1,54,1" doraHai="21" who="3" fromWho="0" sc="549,-39,34,0,227,0,190,39" /><INIT seed="5,0,0,2,0,114" ten="510,34,227,229" oya="1" hai0="39,38,16,21,12,76,121,90,103,134,129,132,91" hai1="37,78,13,6,82,29,26,27,17,133,110,108,48" hai2="128,75,131,126,86,31,0,117,35,135,92,94,57" hai3="74,4,28,84,7,106,98,33,69,53,104,109,45"/><U125/><E37/><V22/><F75/><W44/><G74/><T73/><D121/><U101/><E6/><V122/><F122/><W65/><G84/><T71/><D71/><U15/><E133/><N who="0" m="51305" /><D129/><N who="2" m="49738" /><F35/><W67/><G109/><N who="1" m="42090" /><E125/><V34/><F34/><W61/><G67/><T24/><D103/><U10/><E29/><V97/><F117/><W2/><G104/><T120/><D120/><U113/><E113/><V23/><F0/><W81/><G81/><N who="0" m="45199" /><D90/><U47/><E15/><V123/><F123/><W59/><G7/><T70/><D70/><U60/><E60/><V77/><F126/><W124/><G4/><T19/><D91/><U112/><E101/><N who="2" m="60583" /><F31/><W116/><G2/><T56/><D56/><U95/><E95/><V102/><F135/><W3/><G3/><T25/><D25/><U32/><E32/><V85/><F85/><W130/><G124/><T14/><D24/><U127/><E112/><V119/><F119/><W30/><G116/><T66/><D66/><U49/><E127/><V72/><F72/><W20/><G130/><T50/><D50/><N who="1" m="19563" /><E47/><V105/><F57/><W111/><G111/><T8/><AGARI ba="0,0" hai="8,12,14,16,19,21,38,39" m="45199,51305" machi="8" ten="30,2000,0" yaku="20,1,54,1" doraHai="114" who="0" fromWho="0" sc="510,20,34,-10,227,-5,229,-5" /><INIT seed="6,0,0,5,3,125" ten="530,24,222,224" oya="2" hai0="115,41,35,21,135,19,29,28,81,114,102,90,15" hai1="130,57,86,96,7,18,43,5,49,106,56,68,104" hai2="61,79,69,128,111,55,109,66,117,39,20,119,31" hai3="50,53,91,97,112,4,123,99,132,17,51,133,120"/><V75/><F39/><W82/><G4/><T134/><D102/><U9/><E68/><V116/><F55/><W118/><G17/><T94/><D81/><U60/><E86/><V73/><F79/><W87/><G118/><T107/><D107/><U88/><E18/><V62/><F62/><W93/><G112/><N who="0" m="43051" /><D41/><U11/><E43/><V22/><F128/><W126/><G126/><T101/><D101/><U13/><E49/><V72/><REACH who="2" step="1"/><F31/><REACH who="2" ten="530,24,212,224" step="2"/><W24/><G53/><T14/><D29/><U42/><E42/><V113/><F113/><W64/><G51/><T46/><D28/><U65/><E130/><V77/><F77/><W100/><G50/><T110/><D135/><U26/><E26/><V129/><F129/><W84/><G24/><T25/><D134/><U38/><E38/><V95/><F95/><N who="3" m="58431" /><G132/><T44/><D94/><U47/><E47/><V122/><F122/><W32/><G133/><T23/><D46/><U54/><E54/><V131/><F131/><W2/><G120/><T98/><D44/><U30/><E30/><V3/><F3/><W8/><G2/><T45/><D45/><U80/><E106/><V48/><F48/><W103/><G123/><T85/><D25/><U12/><E104/><V6/><F6/><W76/><G76/><T40/><D40/><U58/><E80/><V67/><F67/><W59/><G64/><T52/><D52/><U70/><REACH who="1" step="1"/><E70/><REACH who="1" ten="530,14,212,224" step="2"/><V124/><F124/><W34/><G82/><T10/><D35/><U78/><E78/><V33/><F33/><W36/><G36/><T37/><D37/><U105/><E105/><RYUUKYOKU ba="0,2" sc="530,-15,14,15,212,15,224,-15" hai1="5,7,9,11,12,13,56,57,58,60,65,88,96" hai2="20,22,61,66,69,72,73,75,109,111,116,117,119" /><INIT seed="6,1,2,3,4,79" ten="515,29,227,209" oya="2" hai0="104,75,127,14,102,0,10,92,126,36,24,131,120" hai1="54,29,41,125,9,66,20,80,30,118,44,11,40" hai2="124,5,117,33,123,91,72,97,16,46,129,115,103" hai3="57,122,22,87,88,6,56,34,62,96,61,35,52"/><V60/><F33/><W108/><G108/><T106/><D120/><U73/><E118/><V49/><F117/><W58/><G122/><T42/><D75/><U130/><E66/><V98/><F123/><W15/><G96/><T25/><D0/><U26/><E30/><V8/><F72/><W83/><G57/><T76/><D76/><U31/><E31/><V95/><F115/><W78/><G78/><T51/><D36/><U82/><E73/><V39/><F39/><W38/><G38/><T134/><D92/><U65/><E65/><V114/><F129/><W53/><G6/><T69/><D69/><U100/><E100/><V107/><F124/><N who="0" m="47658" /><D134/><U4/><E130/><V101/><F60/><W89/><G89/><T133/><D133/><U59/><E125/><V19/><F91/><W111/><G111/><T68/><D68/><U93/><E93/><V13/><REACH who="2" step="1"/><F114/><REACH who="2" ten="515,29,217,209" step="2"/><W113/><G113/><T74/><D74/><U70/><E70/><V84/><F84/><W86/><G86/><T12/><D131/><U132/><E132/><V1/><F1/><W43/><G34/><T7/><D102/><U94/><E94/><V32/><F32/><W2/><G35/><T27/><D106/><U48/><E40/><AGARI ba="1,3" hai="5,8,13,16,19,40,46,49,95,97,98,101,103,107" machi="40" ten="30,5800,0" yaku="1,1,7,1,54,1,53,0" doraHai="79" doraHaiUra="23" who="2" fromWho="1" sc="515,0,29,-61,217,91,209,0" owari="515,61.0,-32,-53.0,308,11.0,209,-19.0" /></mjloggm>