<mjloggm ver="2.3"><GO type="169" lobby="0"/><UN n0="%E3%82%B5%E3%82%A6%E3%83%AA%E3%83%BC" n1="%E8%B1%86%E7%89%B9%EF%BC%A0%E6%B2%B3%E6%9D%91%E8%BB%8D%E5%9B%A3" n2="%E3%83%92%E3%81%A8%E3%82%B7" n3="%E3%82%A6%E3%83%AB%E3%83%88%E3%83%A9%E7%AB%8B%E7%9B%B4" dan="16,17,16,18" rate="2153.39,2149.91,2131.09,2234.75" sx="M,M,M,M"/><TAIKYOKU oya="0"/><INIT seed="0,0,0,1,5,6" ten="250,250,250,250" oya="0" hai0="49,40,24,52,106,51,53,122,27,74,36,128,119" hai1="54,76,132,43,4,70,12,105,39,90,73,127,116" hai2="112,72,0,56,8,17,107,130,103,125,123,33,10" hai3="25,67,62,26,2,94,13,35,104,69,100,1,98"/><T80/><D119/><U89/><E116/><V30/><F72/><W97/><G25/><T59/><D122/><U58/><E70/><V110/><F112/><W124/><G124/><T18/><D128/><U85/><E105/><V42/><F123/><W82/><G82/><T115/><D106/><U93/><E127/><V118/><F125/><W34/><G34/><T111/><D115/><U45/><E132/><V65/><F118/><W126/><G13/><T108/><D36/><U55/><E73/><V120/><F0/><W15/><G15/><T95/><D40/><U60/><E76/><V38/><F38/><W50/><G50/><T20/><D95/><U75/><E75/><V11/><F120/><W16/><G126/><T133/><D133/><U77/><E77/><V121/><F121/><W19/><G1/><T7/><D7/><U5/><E54/><V87/><F42/><W131/><G2/><T101/><D101/><U3/><E3/><V96/><F87/><W48/><G48/><T21/><D74/><U41/><E41/><V129/><F17/><W63/><G63/><T47/><REACH who="0" step="1"/><D80/><REACH who="0" ten="240,250,250,250" step="2"/><U46/><E43/><V28/><F129/><W71/><G131/><T102/><D102/><U135/><E135/><V99/><F130/><W134/><G134/><T44/><D44/><N who="1" m="17003" /><E39/><V78/><F107/><W64/><G104/><T113/><D113/><U57/><E5/><V88/><F103/><W37/><G37/><T79/><D79/><U66/><E4/><V81/><F78/><W68/><G100/><T83/><D83/><U32/><E93/><V31/><F81/><RYUUKYOKU ba="0,1" sc="240,30,250,-10,250,-10,250,-10" hai0="18,20,21,24,27,47,49,51,52,53,59,108,111" /><INIT seed="0,1,1,5,4,82" ten="270,240,240,240" oya="0" hai0="43,86,76,70,77,115,18,31,135,106,13,54,119" hai1="49,38,97,100,114,15,89,109,117,48,12,22,45" hai2="126,17,98,60,39,8,94,51,28,52,91,73,4" hai3="110,0,125,113,105,66,83,55,101,35,1,78,107"/><T32/><D115/><U96/><E117/><V62/><F126/><W44/><G113/><T19/><D119/><U10/><E114/><V69/><F39/><W61/><G125/><T2/><D135/><U92/><E109/><V81/><F28/><W104/><G101/><T58/><D106/><U84/><E38/><V134/><F134/><W129/><G110/><T133/><D70/><U3/><E3/><V121/><F69/><W124/><G124/><T9/><D133/><U64/><E64/><V95/><F17/><W21/><G35/><T40/><D2/><U6/><E97/><V87/><F73/><W7/><G7/><T59/><D32/><U26/><E15/><N who="2" m="5511" /><F121/><W88/><G21/><T99/><D31/><N who="1" m="17879" /><E45/><N who="2" m="27759" /><F95/><AGARI ba="1,1" hai="6,10,12,48,49,84,89,92,95,96,100" m="17879" machi="95" ten="30,2000,0" yaku="8,1,52,1" doraHai="82" who="1" fromWho="2" sc="270,0,240,33,240,-23,240,0" /><INIT seed="1,0,0,1,3,15" ten="270,273,217,240" oya="1" hai0="45,31,59,134,92,12,73,121,93,18,112,83,50" hai1="91,104,97,129,88,34,56,109,58,98,60,89,1" hai2="94,71,5,61,115,135,133,124,86,82,127,68,49" hai3="21,13,20,102,100,114,76,10,75,116,105,28,48"/><U126/><E1/><V128/><F5/><W64/><G114/><T132/><D112/><U29/><E129/><V53/><F94/><W7/><G116/><T6/><D121/><U35/><E126/><N who="2" m="48171" /><F86/><W131/><G131/><T41/><D31/><U99/><E104/><V87/><F87/><W4/><G64/><T79/><D6/><U47/><E47/><N who="2" m="27839" /><F82/><W81/><G28/><T101/><D59/><N who="1" m="22571" /><E60/><V130/><F115/><W11/><G48/><T14/><D14/><U55/><E55/><V122/><F122/><W40/><G40/><T57/><D57/><U74/><E29/><V46/><F46/><W108/><G105/><T42/><D42/><U66/><E66/><N who="2" m="41039" /><F71/><W111/><G102/><T77/><D77/><U26/><E26/><V62/><F62/><W106/><G100/><T25/><D25/><U67/><E67/><V65/><F65/><W27/><G106/><T36/><D36/><U78/><E78/><V9/><F9/><W16/><REACH who="3" step="1"/><G21/><REACH who="3" ten="270,273,217,230" step="2"/><N who="0" m="11463" /><D101/><U33/><E74/><V96/><F96/><W63/><G63/><T39/><D50/><U72/><E72/><V38/><F38/><W22/><G22/><T123/><D123/><U0/><E99/><V8/><F8/><W117/><G117/><T54/><D54/><U51/><E97/><V80/><F80/><W43/><G43/><T52/><D52/><U17/><E98/><V32/><F32/><W125/><G125/><T3/><D41/><U37/><E35/><V95/><F95/><W19/><G19/><T70/><D39/><U118/><E37/><V2/><F128/><W103/><G103/><RYUUKYOKU ba="0,1" sc="270,-10,273,-10,217,-10,230,30" hai3="4,7,10,11,13,16,20,27,75,76,81,108,111" /><INIT seed="2,1,1,4,3,51" ten="260,263,207,260" oya="2" hai0="45,80,0,94,132,58,8,117,97,83,131,130,55" hai1="1,102,100,124,57,32,20,38,118,42,81,133,103" hai2="111,16,21,68,41,40,37,65,74,75,34,72,85" hai3="59,50,96,84,77,128,17,99,86,89,105,78,120"/><V92/><F34/><W115/><G120/><T49/><D132/><U26/><E118/><V88/><F37/><W112/><G17/><T62/><D117/><U13/><E1/><V30/><F30/><W134/><G134/><T127/><D127/><U104/><E133/><V98/><F111/><W66/><G66/><T12/><D0/><U122/><E122/><V6/><F6/><W116/><G116/><T63/><D63/><U27/><E124/><V9/><F9/><W25/><G25/><T73/><D73/><U44/><E104/><V93/><F65/><W135/><G135/><T53/><D130/><U113/><E113/><V67/><F67/><W64/><G64/><T109/><D109/><U19/><E32/><V95/><F68/><W48/><G89/><T39/><D39/><U15/><E26/><V23/><F23/><W5/><G59/><T43/><D43/><U129/><E129/><V3/><F3/><W114/><G5/><T71/><D71/><U121/><E121/><V126/><F126/><W110/><G110/><T11/><D131/><U56/><E56/><V22/><F22/><W119/><G128/><T36/><D36/><U69/><E69/><V107/><F107/><W7/><G7/><N who="0" m="3103" /><D11/><U33/><E33/><V35/><F35/><W2/><G2/><T54/><D54/><U82/><E57/><V31/><F31/><W61/><G114/><T4/><D4/><U106/><E106/><V60/><F60/><W28/><G105/><T52/><D52/><U18/><E27/><N who="2" m="14759" /><F98/><W29/><G119/><T46/><D46/><U24/><E24/><RYUUKYOKU ba="1,1" sc="260,0,263,0,207,0,260,0" hai0="45,49,53,55,58,62,80,83,94,97" hai1="13,15,18,19,20,38,42,44,81,82,100,102,103" hai2="40,41,72,74,75,85,88,92,93,95" hai3="28,29,48,50,61,77,78,84,86,96,99,112,115" /><INIT seed="2,2,1,1,1,133" ten="260,263,207,260" oya="2" hai0="38,95,26,130,23,19,106,39,84,13,11,98,75" hai1="35,42,124,15,126,127,22,100,123,3,62,55,73" hai2="32,76,37,85,6,34,20,7,96,9,24,117,49" hai3="129,51,47,111,119,94,10,104,31,83,105,68,52"/><V29/><F37/><W2/><G119/><T99/><D130/><U66/><E35/><V0/><F96/><W80/><G68/><T109/><D109/><U113/><E113/><V16/><F49/><W67/><G67/><T72/><D39/><U128/><E128/><V57/><F57/><W93/><G129/><T118/><D38/><U115/><E115/><V90/><F76/><W5/><G111/><T82/><D118/><U101/><E3/><N who="2" m="223" /><F90/><W97/><G31/><T102/><D99/><U17/><E73/><V79/><F85/><W33/><G33/><N who="2" m="12905" /><F79/><W61/><G61/><T89/><REACH who="0" step="1"/><D106/><REACH who="0" ten="250,263,207,260" step="2"/><U40/><E123/><V121/><F121/><W69/><G104/><T50/><D50/><U56/><E101/><V125/><F117/><W135/><G105/><T120/><D120/><U59/><E100/><V71/><F71/><W92/><G69/><T1/><D1/><U30/><E30/><AGARI ba="2,2" hai="11,13,19,23,26,30,72,75,82,84,89,95,98,102" machi="30" ten="30,3900,0" yaku="1,1,7,1,53,1" doraHai="133" doraHaiUra="14" who="0" fromWho="1" sc="250,65,263,-45,207,0,260,0" /><INIT seed="3,0,0,0,1,66" ten="315,218,207,260" oya="3" hai0="87,10,85,47,62,97,127,96,65,99,81,113,6" hai1="15,13,122,35,55,119,80,129,39,21,18,40,36" hai2="9,95,102,83,42,105,106,60,94,67,29,75,34" hai3="14,44,100,125,134,61,77,49,112,53,0,32,71"/><W48/><G0/><T12/><D127/><U64/><E122/><V103/><F42/><W33/><G112/><T38/><D113/><U37/><E35/><V84/><F9/><W116/><G116/><T120/><D120/><U43/><E119/><V70/><F29/><W90/><G100/><N who="2" m="38441" /><F60/><W74/><G77/><T76/><D38/><U128/><E80/><V28/><F28/><W23/><G74/><T41/><D41/><U86/><E86/><V82/><F67/><W110/><G125/><T52/><D47/><U31/><E31/><V25/><F25/><W124/><G124/><T51/><D51/><U117/><E117/><V133/><F70/><W92/><G134/><T4/><D52/><U101/><E101/><V108/><F34/><W11/><G23/><T58/><REACH who="0" step="1"/><D87/><REACH who="0" ten="305,218,207,260" step="2"/><U57/><E64/><V22/><F84/><N who="3" m="52295" /><G49/><T107/><D107/><U68/><E37/><V79/><F105/><W46/><G46/><T3/><D3/><U17/><E55/><V63/><F106/><W50/><G50/><T111/><D111/><U69/><REACH who="1" step="1"/><E21/><REACH who="1" ten="305,208,207,260" step="2"/><V123/><F22/><W2/><G53/><T20/><D20/><U126/><E126/><V118/><F123/><W7/><G33/><T109/><D109/><U19/><E19/><AGARI ba="0,2" hai="4,6,10,12,19,58,62,65,76,81,85,96,97,99" machi="19" ten="40,5200,0" yaku="1,1,8,1,53,1" doraHai="66" doraHaiUra="54" who="0" fromWho="1" sc="305,72,208,-52,207,0,260,0" /><INIT seed="4,0,0,3,3,69" ten="377,156,207,260" oya="0" hai0="52,43,92,111,133,135,83,108,64,87,89,78,53" hai1="0,12,60,35,36,113,102,58,47,25,77,121,8" hai2="120,5,15,123,100,51,114,65,39,20,97,93,34" hai3="31,70,41,11,125,46,10,38,73,49,129,18,29"/><T71/><D71/><U67/><E121/><V94/><F34/><W14/><G73/><T118/><D64/><U28/><E113/><V6/><F39/><W132/><G70/><T9/><D43/><U95/><E0/><V57/><F114/><W56/><G125/><T119/><D9/><U99/><E77/><V76/><F76/><W85/><G129/><T33/><D33/><U130/><E130/><V91/><F120/><W37/><G132/><N who="0" m="50763" /><D53/><U116/><E116/><N who="0" m="44585" /><D52/><U88/><E102/><V112/><F112/><W86/><G56/><T63/><D63/><U124/><E124/><V1/><F1/><W21/><G11/><T13/><D13/><U26/><E26/><V81/><F51/><W90/><G31/><T109/><D78/><U27/><E27/><V131/><F57/><W61/><G61/><T19/><D19/><U104/><E104/><V68/><F65/><W74/><G29/><T16/><D16/><U23/><E35/><V106/><F15/><W62/><G62/><T54/><D54/><U42/><E12/><V40/><F20/><W126/><G21/><T4/><D4/><U66/><E8/><V134/><F6/><W110/><G10/><T17/><D17/><U30/><E28/><V79/><F5/><W7/><G18/><T44/><D44/><U107/><E107/><V101/><F68/><W59/><G46/><T117/><N who="0" m="44593" /><T105/><DORA hai="80" /><D105/><U128/><E128/><V48/><F131/><W84/><G14/><T2/><D2/><U122/><E66/><V45/><F106/><W55/><G7/><T72/><D72/><RYUUKYOKU ba="0,0" sc="377,15,156,15,207,-15,260,-15" hai0="83,87,89,92,108,109,111" hai1="23,25,30,36,42,47,58,60,67,88,95,99,122" /><INIT seed="4,1,0,5,5,68" ten="392,171,192,245" oya="0" hai0="38,94,108,42,101,126,87,43,51,96,31,63,109" hai1="19,20,58,44,66,112,28,131,5,134,1,52,93" hai2="124,21,100,32,107,4,50,49,27,30,130,89,36" hai3="57,128,11,6,80,77,12,122,69,62,81,82,70"/><T91/><D126/><U97/><E134/><V85/><F124/><W64/><G128/><T92/><D31/><U25/><E131/><V117/><F130/><W13/><G122/><T111/><D38/><U14/><E112/><V116/><F36/><W55/><G13/><T132/><D132/><U71/><E71/><V83/><F4/><W3/><G3/><T129/><D129/><U33/><E44/><V74/><F74/><W0/><G0/><T8/><D63/><U118/><E66/><V115/><F115/><W16/><G6/><T22/><D22/><U88/><E118/><N who="2" m="45675" /><F32/><W104/><G104/><T54/><REACH who="0" step="1"/><D8/><REACH who="0" ten="382,171,192,245" step="2"/><U10/><E33/><V34/><F34/><W98/><G62/><T7/><D7/><U48/><REACH who="1" step="1"/><E28/><REACH who="1" ten="382,161,192,245" step="2"/><V84/><F30/><W90/><G69/><T76/><D76/><U65/><E65/><V17/><F50/><W95/><G64/><T103/><D103/><U60/><E60/><V113/><F49/><N who="3" m="30959" /><G70/><T110/><D110/><U53/><E53/><V61/><F61/><W29/><G29/><T23/><D23/><U40/><E40/><V41/><F41/><W75/><G77/><T78/><D78/><U73/><E73/><V46/><F113/><W59/><G75/><T125/><D125/><U72/><E72/><V105/><F100/><W37/><G37/><T24/><D24/><AGARI ba="1,2" hai="1,5,10,14,19,20,24,25,48,52,58,88,93,97" machi="24" ten="40,5200,0" yaku="1,1,54,2,53,0" doraHai="68" doraHaiUra="26" who="1" fromWho="0" sc="382,-55,161,75,192,0,245,0" /><INIT seed="5,0,0,2,2,99" ten="327,236,192,245" oya="1" hai0="42,29,114,32,53,132,89,107,20,123,66,61,95" hai1="92,43,117,81,85,47,100,113,82,104,60,35,87" hai2="63,109,73,67,34,7,133,14,111,1,19,110,13" hai3="0,33,30,8,64,86,126,116,4,28,22,97,17"/><U84/><E117/><V130/><F73/><W50/><G126/><T71/><D114/><U103/><E35/><V52/><F34/><W101/><G116/><T57/><D107/><U41/><E104/><V37/><F130/><W36/><G36/><T26/><D132/><U11/><E113/><V105/><F133/><W134/><G134/><T120/><D42/><N who="1" m="15883" /><E47/><V108/><F37/><W115/><G115/><T94/><D32/><U93/><E60/><V129/><F129/><W79/><G64/><T65/><D65/><U121/><E121/><N who="0" m="46665" /><D89/><N who="1" m="53415" /><E11/><V90/><F105/><W12/><G50/><AGARI ba="0,0" hai="20,26,29,50,53,57,61,66,71,94,95" m="46665" machi="50" ten="30,1000,0" yaku="13,1" doraHai="99" who="0" fromWho="3" sc="327,10,236,0,192,0,245,-10" /><INIT seed="6,0,0,0,0,122" ten="337,236,192,235" oya="2" hai0="110,41,70,85,31,88,14,23,40,35,22,50,107" hai1="117,73,49,96,91,57,62,53,4,100,97,119,37" hai2="129,77,74,127,7,46,1,101,80,116,131,67,92" hai3="108,111,5,12,120,124,104,64,128,45,118,114,19"/><V15/><F116/><W20/><G104/><T126/><D110/><N who="3" m="42025" /><G64/><T61/><D126/><U79/><E37/><V130/><F127/><W113/><G124/><T16/><D107/><U26/><E96/><N who="2" m="59527" /><F67/><W55/><G120/><T98/><D35/><U63/><E91/><V93/><F93/><W65/><G65/><T38/><D38/><U39/><E39/><V44/><F1/><W21/><G118/><T71/><D98/><U106/><E117/><V11/><AGARI ba="0,0" hai="7,11,15,44,46,74,77,80,129,130,131" m="59527" machi="11" ten="40,2100,0" yaku="19,1" doraHai="122" who="2" fromWho="2" sc="337,-7,236,-7,192,21,235,-7" /><INIT seed="6,1,0,1,3,27" ten="330,229,213,228" oya="2" hai0="62,129,8,60,57,131,13,37,135,94,108,48,34" hai1="49,99,89,88,41,95,26,116,44,114,84,134,67" hai2="106,120,1,86,53,96,90,118,124,111,46,73,123" hai3="63,43,107,125,130,93,39,24,68,109,19,51,112"/><V12/><F1/><W17/><G107/><T31/><D108/><U74/><E116/><V127/><F118/><W56/><G109/><T87/><D37/><U105/><E74/><V85/><F111/><W40/><G125/><N who="2" m="48201" /><F12/><W38/><G130/><N who="0" m="49675" /><D135/><U20/><E134/><V10/><F10/><W72/><G72/><T81/><D94/><U98/><E114/><V6/><F6/><W29/><G68/><T22/><D34/><U30/><E67/><V58/><F46/><W36/><G112/><T11/><D48/><U101/><E89/><V71/><F71/><W97/><G51/><T70/><D70/><U92/><REACH who="1" step="1"/><E98/><REACH who="1" ten="330,219,213,228" step="2"/><V113/><F73/><W121/><G97/><T119/><D119/><U117/><E117/><V9/><F113/><W52/><G121/><T61/><D57/><U15/><E15/><V47/><F90/><W14/><G14/><T3/><D13/><U35/><E35/><V132/><F132/><W25/><G56/><T65/><D65/><U110/><E110/><V79/><F120/><W28/><G38/><T126/><D126/><U122/><E122/><V64/><F123/><W133/><G133/><T33/><D33/><U16/><E16/><V2/><F64/><W128/><G128/><T54/><D3/><U69/><E69/><V50/><F2/><W115/><G115/><T78/><D54/><U83/><AGARI ba="1,1" hai="20,26,30,41,44,49,83,84,88,92,95,99,101,105" machi="83" ten="20,12000,2" yaku="1,1,0,1,7,1,52,1,54,1,53,1" doraHai="27" doraHaiUra="76" who="1" fromWho="1" sc="330,-31,219,133,213,-61,228,-31" /><INIT seed="7,0,0,5,1,75" ten="299,352,152,197" oya="3" hai0="104,96,44,42,109,67,130,63,84,87,38,121,125" hai1="62,40,30,16,85,35,76,7,53,119,27,50,37" hai2="0,78,132,4,19,116,8,118,114,103,99,59,47" hai3="18,9,65,36,123,122,88,51,120,58,83,126,105"/><W108/><G105/><T80/><D109/><U2/><E62/><V92/><F114/><W133/><G36/><T15/><D121/><U11/><E40/><V25/><F132/><W28/><G28/><T55/><D130/><U23/><E37/><V79/><F59/><W135/><G108/><T33/><D125/><U69/><E69/><V46/><F46/><W94/><G83/><T41/><D33/><U66/><E66/><V134/><F134/><W68/><G68/><T124/><D124/><U26/><E119/><V70/><F70/><W13/><G126/><T115/><D115/><U5/><E5/><V81/><F47/><W45/><G65/><T61/><D42/><U129/><E129/><V12/><F25/><W22/><G9/><T39/><D39/><U10/><E10/><V101/><F101/><W49/><G49/><T93/><D104/><U82/><E53/><V112/><F112/><W131/><G131/><T43/><D43/><U127/><E127/><V34/><F34/><W106/><G106/><T73/><D15/><N who="1" m="9631" /><E50/><V56/><F56/><W31/><G45/><T20/><D20/><U71/><E71/><V89/><F103/><W60/><G60/><T57/><D73/><U102/><E102/><V107/><F107/><W72/><G72/><T111/><D111/><U86/><E26/><V17/><F0/><W1/><G1/><T32/><D32/><U95/><E95/><V24/><F24/><W29/><G135/><T90/><REACH who="0" step="1"/><D80/><REACH who="0" ten="289,352,152,197" step="2"/><N who="1" m="47239" /><E35/><V91/><F118/><W128/><G133/><T64/><D64/><U77/><E82/><V52/><F116/><RYUUKYOKU ba="0,1" sc="289,30,352,-10,152,-10,197,-10" hai0="38,41,44,55,57,61,63,67,84,87,90,93,96" owari="319,12.0,352,45.0,142,-36.0,187,-21.0" /></mjloggm>