<mjloggm ver="2.3"><GO type="169" lobby="0"/><UN n0="%4D%72%2E%6E%69%6B%75%39" n1="%E3%83%88%E3%83%88%E3%83%AA%E5%85%88%E7%94%9F%31%39%E6%AD%B3" n2="%7A%6B%75%72%74" n3="%68%75%6B%61" dan="17,19,18,16" rate="2159.26,2285.44,2190.36,2078.91" sx="M,F,M,M"/><TAIKYOKU oya="0"/><INIT seed="0,0,0,5,0,34" ten="250,250,250,250" oya="0" hai0="11,117,87,95,109,132,77,51,102,31,128,116,12" hai1="75,0,65,59,62,6,103,41,54,79,113,94,133" hai2="67,19,42,127,61,88,28,124,97,4,131,99,35" hai3="43,90,27,26,32,125,111,37,10,105,24,55,39"/><T72/><D31/><U40/><E133/><V66/><F131/><W49/><G32/><T7/><D128/><U38/><E113/><V135/><F135/><W3/><G105/><T17/><D132/><U16/><E38/><V121/><F121/><W123/><G123/><T9/><D72/><U92/><E75/><V106/><F42/><W63/><G63/><T84/><D109/><U53/><E79/><V44/><F44/><W68/><G68/><T122/><D122/><U69/><E53/><V120/><F120/><W85/><G43/><T1/><D51/><U100/><E40/><V56/><F67/><W80/><G125/><T81/><REACH who="0" step="1"/><D87/><REACH who="0" ten="240,250,250,250" step="2"/><U104/><E62/><V83/><F28/><W130/><G130/><T33/><D33/><U22/><E41/><V20/><F35/><W36/><G111/><T18/><D18/><U119/><E16/><V23/><F124/><W89/><G39/><T74/><D74/><U8/><E119/><V47/><F127/><W52/><G49/><T76/><D76/><U64/><E69/><V82/><F19/><W15/><G37/><T134/><D134/><U46/><E46/><V101/><F47/><W58/><G36/><T108/><D108/><U98/><E59/><V115/><F56/><W5/><G58/><T93/><D93/><U25/><E92/><V112/><F61/><W86/><G86/><T57/><D57/><U48/><E48/><V114/><F114/><W21/><G85/><T13/><D13/><U29/><E54/><N who="3" m="20522" /><G80/><T60/><D60/><U2/><E2/><V118/><F112/><W71/><G71/><RYUUKYOKU ba="0,1" sc="240,10,250,10,250,-30,250,10" hai0="1,7,9,11,12,17,77,81,84,95,102,116,117" hai1="0,6,8,22,25,29,64,65,94,98,100,103,104" hai3="3,5,10,15,21,24,26,27,89,90" /><INIT seed="0,1,1,3,2,40" ten="250,260,220,260" oya="0" hai0="15,125,102,57,121,43,28,63,124,50,105,3,58" hai1="41,97,133,101,128,37,53,12,132,19,115,22,85" hai2="65,44,96,111,68,84,80,24,109,117,0,49,98" hai3="66,81,55,64,126,129,83,17,30,100,39,35,2"/><T70/><D121/><U7/><E128/><V26/><F117/><W54/><G2/><T60/><D3/><U20/><E115/><V16/><F0/><W27/><G39/><T32/><D70/><U113/><E113/><V131/><F131/><W74/><G129/><T5/><D28/><U1/><E53/><V119/><F119/><W95/><G126/><N who="0" m="48747" /><D32/><U92/><E85/><V106/><F65/><W21/><G55/><T116/><D116/><U108/><E108/><N who="2" m="41547" /><F68/><W48/><G74/><T29/><D29/><U13/><E1/><V88/><F106/><W75/><G75/><T86/><D102/><U82/><E82/><N who="3" m="31242" /><G30/><T79/><D105/><U11/><REACH who="1" step="1"/><E22/><REACH who="1" ten="250,250,220,260" step="2"/><N who="2" m="13383" /><F26/><W67/><G35/><T127/><D127/><U61/><E61/><V42/><AGARI ba="1,2" hai="42,44,49,80,84,88,96,98" m="13383,41547" machi="42" ten="30,7900,0" yaku="14,1,52,1,54,2" doraHai="40" who="2" fromWho="2" sc="250,-40,250,-21,220,102,260,-21" /><INIT seed="1,0,0,0,5,99" ten="210,229,322,239" oya="1" hai0="27,104,55,112,65,103,72,57,47,85,2,87,128" hai1="40,3,13,21,28,60,81,130,92,132,73,61,38" hai2="62,56,45,12,88,90,129,1,108,33,75,79,19" hai3="29,8,11,78,5,82,9,127,80,32,122,114,119"/><U64/><E3/><V95/><F1/><W121/><G114/><T71/><D112/><U39/><E130/><V16/><F33/><W107/><G107/><T44/><D72/><U133/><E40/><V15/><F108/><W105/><G105/><T59/><D2/><U51/><E51/><V124/><F124/><W63/><G5/><T43/><D128/><U83/><E92/><V96/><F129/><W23/><G32/><T36/><D47/><U111/><E111/><V110/><F110/><W42/><G127/><T76/><D27/><N who="1" m="16495" /><E13/><V6/><F45/><W94/><G119/><T123/><D123/><U26/><E26/><V91/><F79/><W34/><G34/><T22/><D76/><U18/><E18/><N who="2" m="6699" /><F75/><W7/><G78/><T117/><D117/><U37/><E73/><V53/><F6/><W4/><G7/><T100/><D104/><U17/><E17/><V66/><F66/><W125/><G4/><T131/><D131/><U30/><E30/><V50/><F50/><W41/><G29/><T52/><D22/><U98/><E64/><V134/><F134/><N who="1" m="51817" /><E61/><V89/><AGARI ba="0,0" hai="12,15,53,56,62,88,89,90,91,95,96" m="6699" machi="89" ten="30,4000,0" yaku="8,1,54,2" doraHai="99" who="2" fromWho="2" sc="210,-10,229,-20,322,40,239,-10" /><INIT seed="2,0,0,5,0,19" ten="200,209,362,229" oya="2" hai0="84,115,26,25,124,50,24,113,8,45,70,92,3" hai1="52,33,93,59,5,58,97,39,22,79,13,30,62" hai2="105,99,10,128,49,40,23,69,2,0,35,42,96" hai3="73,91,110,41,107,4,48,15,87,54,100,90,16"/><V131/><F35/><W120/><G120/><T9/><D70/><U104/><E39/><V83/><F69/><W61/><G73/><T44/><D124/><U108/><E104/><V46/><F42/><W121/><G121/><T112/><D3/><U66/><E108/><V38/><F0/><W126/><G110/><T11/><D50/><U64/><E33/><V56/><F105/><W36/><G126/><T43/><D43/><U117/><E117/><V71/><F71/><W76/><G36/><T111/><D111/><U82/><E59/><V68/><F68/><W95/><G4/><T125/><D125/><U129/><E129/><V63/><F38/><W21/><G107/><T14/><D14/><U32/><E32/><V37/><F37/><W27/><G61/><T119/><D119/><U72/><E5/><V60/><F60/><W135/><G41/><T130/><D130/><U122/><E122/><V7/><F83/><N who="3" m="47591" /><G27/><T123/><REACH who="0" step="1"/><D123/><REACH who="0" ten="190,209,362,229" step="2"/><U94/><E13/><V114/><F128/><W31/><G135/><T86/><D86/><U51/><E51/><V77/><F131/><W20/><G48/><T17/><D17/><U29/><E72/><V55/><F49/><W18/><G16/><T106/><D106/><U103/><E30/><V67/><F2/><W74/><G74/><T6/><D6/><U116/><E116/><V98/><F7/><W133/><G133/><T34/><D34/><U109/><E109/><V89/><F40/><W53/><G31/><T102/><D102/><N who="1" m="60719" /><E29/><V80/><F46/><W134/><G134/><T65/><D65/><U101/><E64/><RYUUKYOKU ba="0,1" sc="190,30,209,-10,362,-10,229,-10" hai0="8,9,11,24,25,26,44,45,84,92,112,113,115" /><INIT seed="3,1,1,5,5,25" ten="220,199,352,219" oya="3" hai0="83,17,11,14,22,127,16,45,125,118,104,96,47" hai1="73,82,117,58,134,85,133,113,116,94,23,41,121" hai2="109,119,129,99,61,101,130,71,43,106,1,48,5" hai3="135,51,65,68,86,32,53,77,80,44,42,10,13"/><W12/><G135/><N who="1" m="51722" /><E41/><V55/><F109/><W46/><G32/><T31/><D118/><N who="1" m="45675" /><E58/><V100/><F119/><W84/><G84/><T24/><D83/><U28/><E73/><V87/><F43/><W124/><G124/><N who="0" m="47691" /><D17/><U97/><E113/><V105/><F87/><W7/><G65/><T89/><D89/><N who="1" m="55503" /><E23/><V108/><F71/><W91/><G68/><T81/><D81/><U9/><E9/><V120/><F61/><W111/><G111/><T90/><D90/><N who="1" m="51511" /><E28/><V20/><F20/><W21/><G21/><T62/><D62/><U110/><E110/><V66/><F108/><W98/><G12/><T40/><D40/><U93/><E93/><V26/><F66/><W112/><G112/><T35/><D35/><U8/><E8/><V115/><F115/><W60/><G60/><T0/><D0/><U33/><E33/><V54/><F26/><W92/><G42/><T74/><D74/><U126/><E126/><V4/><F1/><W39/><G39/><T67/><D67/><U75/><E75/><V56/><F48/><W128/><REACH who="3" step="1"/><G46/><REACH who="3" ten="220,199,352,209" step="2"/><T107/><D47/><U95/><E95/><V63/><F63/><W103/><G103/><N who="0" m="62567" /><D45/><U18/><E18/><V37/><F37/><W64/><G64/><T50/><D50/><U30/><E30/><V34/><F34/><W49/><G49/><T59/><D59/><U131/><E121/><V36/><F120/><W6/><G6/><T102/><D102/><U88/><E88/><V114/><F114/><W52/><G52/><T78/><D31/><U38/><E38/><V3/><F36/><W123/><G123/><RYUUKYOKU ba="1,2" sc="220,-15,199,15,352,-15,209,15" hai1="131" hai3="7,10,13,44,51,53,77,80,86,91,92,98,128" /><INIT seed="3,2,2,0,0,88" ten="205,214,337,224" oya="3" hai0="124,65,93,2,114,107,21,69,53,24,18,73,25" hai1="47,98,50,125,52,20,71,1,118,81,0,39,76" hai2="133,67,68,100,94,22,96,45,10,134,127,26,33" hai3="23,3,77,40,29,32,58,55,89,85,99,82,121"/><W92/><G121/><T131/><D107/><U95/><E125/><V111/><F127/><W28/><G3/><T108/><D124/><U116/><E71/><V130/><F130/><W57/><G32/><T80/><D108/><U8/><E39/><V123/><F111/><W35/><G35/><T119/><D119/><N who="1" m="45611" /><E20/><V117/><F117/><W36/><G36/><T44/><D2/><U115/><E8/><V54/><F33/><W70/><G70/><T31/><D131/><U19/><E19/><V122/><F10/><W128/><G40/><T135/><D135/><N who="2" m="51722" /><F67/><W37/><G37/><T132/><D114/><U79/><E79/><V83/><F83/><W86/><G128/><T63/><D132/><U97/><E97/><V113/><F68/><W17/><G99/><T112/><D112/><U27/><E27/><V48/><F113/><W64/><G64/><T91/><D73/><N who="1" m="43151" /><E115/><V56/><F45/><W16/><G17/><AGARI ba="2,2" hai="17,22,26,48,54,56,94,96,100,122,123" m="51722" machi="17" ten="30,2000,0" yaku="20,1,52,1" doraHai="88" who="2" fromWho="3" sc="205,0,214,0,337,46,224,-26" /><INIT seed="4,0,0,5,4,116" ten="205,214,383,198" oya="0" hai0="46,21,14,127,69,92,37,77,100,102,134,75,88" hai1="120,113,9,84,33,17,97,25,128,79,61,36,65" hai2="76,64,74,41,58,5,68,125,109,135,94,0,11" hai3="130,35,80,78,20,59,123,42,45,66,43,40,31"/><T52/><D134/><U122/><E36/><V71/><F109/><W72/><G35/><T81/><D127/><U112/><E128/><V82/><F125/><W49/><G130/><T1/><D69/><U108/><E108/><V23/><F135/><W133/><G133/><T56/><D1/><U132/><E132/><V32/><F32/><W3/><G3/><T13/><D46/><U126/><E126/><V129/><F129/><W124/><G124/><T62/><D37/><U28/><E97/><V86/><F23/><W12/><G123/><T70/><D70/><U93/><E17/><V38/><F58/><W18/><REACH who="3" step="1"/><G31/><REACH who="3" ten="205,214,383,188" step="2"/><T99/><REACH who="0" step="1"/><D21/><REACH who="0" ten="195,214,383,188" step="2"/><U22/><E22/><V60/><F0/><W53/><G53/><T131/><D131/><U89/><E33/><V15/><F64/><W85/><G85/><T104/><D104/><U118/><E84/><V10/><F86/><W110/><G110/><T67/><D67/><U6/><E65/><V121/><F71/><W83/><G83/><T19/><D19/><U39/><E28/><V114/><F68/><W98/><G98/><T111/><D111/><U30/><E30/><V8/><F82/><W16/><G16/><T27/><D27/><U90/><E25/><V87/><F87/><W57/><G57/><T105/><D105/><U91/><E122/><V107/><F121/><W96/><G96/><T44/><D44/><U4/><E120/><V47/><F107/><W2/><G2/><T103/><AGARI ba="0,2" hai="13,14,52,56,62,75,77,81,88,92,99,100,102,103" machi="103" ten="30,11700,0" yaku="1,1,0,1,54,2,53,0" doraHai="116" doraHaiUra="26" who="0" fromWho="0" sc="195,137,214,-39,383,-39,188,-39" /><INIT seed="4,1,0,3,3,133" ten="332,175,344,149" oya="0" hai0="118,109,70,64,7,116,85,10,113,4,16,47,130" hai1="60,51,65,87,112,42,111,29,129,45,14,21,114" hai2="39,24,37,32,19,73,93,99,55,98,79,15,74" hai3="62,124,40,23,119,34,41,69,82,20,57,50,128"/><T33/><D113/><N who="1" m="43627" /><E111/><V1/><F1/><W125/><G119/><T75/><D75/><U49/><E129/><V59/><F98/><W127/><G128/><T6/><D130/><U110/><E110/><V13/><F13/><W108/><G108/><T67/><D109/><U91/><E29/><V48/><F32/><W11/><G34/><T102/><D33/><U83/><E21/><N who="3" m="8266" /><G82/><T84/><D70/><N who="1" m="42279" /><E14/><V120/><F24/><W89/><G89/><T63/><D116/><U52/><E51/><V2/><F2/><W8/><G69/><T68/><D118/><U71/><E71/><V3/><F3/><W43/><G50/><T132/><D10/><U103/><E103/><V36/><F36/><W81/><G81/><T95/><D102/><U18/><E18/><V58/><F39/><W90/><G90/><T123/><D16/><U54/><AGARI ba="1,0" hai="42,45,49,52,54,83,87,91" m="42279,43627" machi="54" ten="30,4000,0" yaku="15,1,11,1,54,1" doraHai="133" who="1" fromWho="1" sc="332,-21,175,43,344,-11,149,-11" /><INIT seed="5,0,0,0,2,86" ten="311,218,333,138" oya="1" hai0="97,112,29,66,65,11,9,132,130,75,69,83,37" hai1="51,34,43,15,90,98,46,111,58,72,18,44,47" hai2="50,20,133,39,105,38,82,61,134,45,85,24,52" hai3="121,109,99,4,131,28,113,102,117,87,68,60,33"/><U120/><E120/><V1/><F1/><W127/><G87/><T63/><D37/><U92/><E72/><V78/><F105/><W0/><G99/><T16/><D112/><U116/><E116/><V35/><F35/><W70/><G102/><T84/><D75/><U30/><E111/><V59/><F133/><W125/><G60/><T3/><D130/><U94/><E34/><V7/><F7/><W17/><G17/><T5/><D132/><U129/><E30/><V106/><F106/><W119/><G68/><T96/><D29/><U91/><E58/><V124/><F134/><W49/><G49/><T32/><D66/><U2/><E2/><V123/><F123/><W128/><G117/><T93/><D93/><U77/><E77/><V13/><F13/><W115/><G115/><T54/><D54/><U110/><E129/><V21/><F124/><W10/><G10/><T81/><D81/><U76/><E76/><V103/><F103/><W12/><G12/><T126/><D126/><U6/><E6/><V19/><REACH who="2" step="1"/><F20/><REACH who="2" ten="311,218,323,138" step="2"/><W41/><G4/><T95/><D32/><U27/><E110/><V101/><F101/><W56/><G125/><T36/><D5/><U26/><E26/><V64/><AGARI ba="0,1" hai="19,21,24,38,39,45,50,52,59,61,64,78,82,85" machi="64" ten="20,5200,0" yaku="1,1,0,1,7,1,54,1,53,0" doraHai="86" doraHaiUra="104" who="2" fromWho="2" sc="311,-13,218,-26,323,62,138,-13" /><INIT seed="6,0,0,4,3,1" ten="298,192,385,125" oya="2" hai0="17,44,112,9,55,65,62,94,102,8,12,16,36" hai1="29,118,89,113,128,116,67,81,32,57,51,132,13" hai2="5,25,38,4,77,48,73,2,104,63,95,71,107" hai3="131,14,109,34,54,93,110,103,85,111,117,0,74"/><V49/><F38/><W21/><G0/><T56/><D112/><U88/><E113/><V129/><F2/><W115/><G34/><T108/><D108/><U3/><E3/><V90/><F129/><W52/><G115/><T33/><D33/><U47/><E128/><V100/><F25/><W78/><G131/><T43/><D102/><U66/><E132/><V114/><F114/><W19/><G117/><T40/><D94/><U101/><E101/><V127/><F127/><W83/><REACH who="3" step="1"/><G85/><REACH who="3" ten="298,192,385,115" step="2"/><T86/><D86/><N who="1" m="50255" /><E32/><V122/><F122/><W50/><G50/><N who="0" m="29127" /><D36/><U82/><E118/><V98/><F48/><W53/><G53/><T121/><D121/><U59/><E116/><V120/><F49/><W35/><G35/><T70/><D43/><N who="1" m="25087" /><E29/><V64/><F120/><W58/><G58/><N who="1" m="22026" /><E13/><V6/><F107/><W119/><G119/><T23/><D70/><U135/><E135/><V26/><F26/><W69/><G69/><T41/><D12/><U46/><E46/><V105/><F105/><W124/><G124/><T27/><D41/><U37/><E37/><V130/><F130/><W11/><G11/><N who="0" m="4171" /><D40/><U72/><E72/><V75/><REACH who="2" step="1"/><F77/><REACH who="2" ten="298,192,375,115" step="2"/><W60/><G60/><T87/><D62/><U30/><E30/><V61/><F61/><W22/><G22/><T15/><D23/><U68/><E68/><V91/><F91/><W134/><G134/><T45/><D27/><U39/><E39/><V18/><F18/><W28/><G28/><T92/><D17/><U84/><AGARI ba="0,2" hai="66,67,82,84,89" m="22026,25087,50255" machi="84" ten="30,2000,0" yaku="8,1,54,1" doraHai="1" who="1" fromWho="1" sc="298,-5,192,40,375,-10,115,-5" /><INIT seed="7,0,0,2,5,51" ten="293,232,365,110" oya="3" hai0="121,92,50,90,21,59,13,98,28,70,101,10,112" hai1="122,71,16,36,88,76,83,119,65,20,39,134,62" hai2="99,108,1,32,129,66,54,61,128,52,132,100,43" hai3="47,27,124,102,26,86,15,84,69,104,42,72,38"/><W19/><G72/><T82/><D121/><U18/><E122/><V12/><F1/><W77/><G69/><T17/><D70/><U9/><E134/><V46/><F32/><W87/><G77/><T24/><D112/><U107/><E107/><V67/><F108/><W53/><G124/><T25/><D25/><U4/><E119/><V130/><F12/><W22/><REACH who="3" step="1"/><G53/><REACH who="3" ten="293,232,365,100" step="2"/><N who="0" m="32183" /><D82/><U68/><E68/><N who="2" m="42063" /><F67/><W97/><AGARI ba="0,1" hai="15,19,22,26,27,38,42,47,84,86,87,97,102,104" machi="97" ten="30,3000,0" yaku="1,1,0,1,53,0" doraHai="51" doraHaiUra="105" who="3" fromWho="3" sc="293,-10,232,-10,365,-10,100,40" /><INIT seed="7,1,0,0,0,66" ten="283,222,355,140" oya="3" hai0="90,61,33,135,91,107,96,27,40,67,16,21,58" hai1="106,1,76,10,63,15,36,19,57,26,29,59,64" hai2="23,112,102,42,74,35,0,129,38,82,72,114,127" hai3="130,77,81,32,20,28,131,109,50,119,43,121,73"/><W101/><G119/><T113/><D135/><U103/><E36/><V4/><F35/><W22/><G121/><T44/><D113/><U24/><E76/><V110/><F110/><W8/><G109/><T111/><D111/><U9/><E106/><V124/><F102/><W118/><G118/><T116/><D116/><U18/><E103/><V99/><F99/><W11/><G101/><T104/><D33/><U83/><E83/><V92/><F92/><W120/><G120/><T84/><D96/><U89/><E89/><V48/><F38/><W41/><G32/><T45/><D91/><U123/><E123/><V51/><F23/><N who="3" m="8747" /><G28/><T7/><D7/><U93/><E93/><V88/><F0/><W65/><G65/><T14/><D14/><N who="1" m="7503" /><E1/><V100/><F100/><W53/><G11/><T125/><D125/><U86/><E29/><V3/><F3/><W5/><G8/><T87/><D87/><U12/><E86/><V47/><F124/><W80/><G80/><T37/><REACH who="0" step="1"/><D45/><REACH who="0" ten="273,222,355,140" step="2"/><U52/><E12/><V56/><F127/><W79/><G79/><T6/><D6/><U70/><E15/><V39/><F4/><W54/><G5/><T60/><D60/><U95/><E63/><V49/><F114/><W31/><G31/><T98/><D98/><U34/><E34/><V30/><F30/><W133/><G133/><T46/><D46/><U71/><E26/><V69/><F112/><W108/><G108/><T132/><D132/><U97/><E24/><V68/><F88/><W134/><G134/><T105/><D105/><U117/><E117/><V115/><F115/><RYUUKYOKU ba="1,1" sc="273,30,222,-10,355,-10,140,-10" hai0="16,21,27,37,40,44,58,61,67,84,90,104,107" owari="303,10.0,212,-19.0,355,46.0,130,-37.0" /></mjloggm>