<mjloggm ver="2.3"><GO type="169" lobby="0"/><UN n0="%E5%87%BA%E6%B0%B4" n1="%EF%BC%BA%EF%BC%A5%EF%BC%B2%EF%BC%AF%EF%BC%8D%EF%BC%AD%EF%BC%A1%EF%BC%B8" n2="%E3%81%8B%E3%82%8B%E3%81%A1%E3%82%83%E3%82%93" n3="%E5%B0%B1%E6%B4%BB%E7%94%9F%40%E5%B7%9D%E6%9D%91%E8%BB%8D%E5%9B%A3" dan="16,16,16,17" rate="2058.29,2157.81,2065.04,2194.88" sx="M,M,F,M"/><TAIKYOKU oya="0"/><INIT seed="0,0,0,5,4,70" ten="250,250,250,250" oya="0" hai0="132,18,0,121,117,98,32,6,30,60,120,15,47" hai1="99,85,94,39,88,129,35,72,31,44,128,89,62" hai2="42,13,86,63,67,12,50,107,11,95,22,7,2" hai3="92,110,103,116,58,51,38,123,29,56,113,80,91"/><T97/><D117/><U126/><E72/><V82/><F107/><W65/><G113/><T104/><D132/><U114/><E114/><V130/><F130/><N who="1" m="50281" /><E126/><V4/><F95/><W52/><G38/><T73/><D73/><U10/><E35/><V71/><F4/><W16/><G110/><T124/><D60/><U84/><E31/><V111/><F111/><W134/><G134/><T119/><D119/><U48/><E62/><V90/><F42/><W40/><G40/><T26/><D47/><U53/><E39/><V87/><F50/><W83/><G29/><T79/><D124/><U14/><E89/><V28/><REACH who="2" step="1"/><F87/><REACH who="2" ten="250,250,240,250" step="2"/><N who="3" m="52351" /><G123/><T41/><D121/><U106/><E106/><V19/><F19/><AGARI ba="0,1" hai="10,14,19,44,48,53,84,85,88,94,99" m="50281" machi="19" ten="30,2000,0" yaku="19,1,54,1" doraHai="70" who="1" fromWho="2" sc="250,0,250,30,240,-20,250,0" /><INIT seed="1,0,0,4,5,13" ten="250,280,220,250" oya="1" hai0="63,3,24,119,116,124,16,100,59,74,32,60,82" hai1="126,40,130,67,62,70,26,65,73,34,93,64,56" hai2="98,66,79,72,12,0,48,91,20,46,37,85,123" hai3="103,115,11,57,47,6,45,110,19,15,134,30,14"/><U21/><E34/><V55/><F0/><W49/><G110/><T121/><D124/><U125/><E73/><V109/><F109/><W54/><G134/><T10/><D121/><U58/><E130/><V101/><F123/><W132/><G132/><T50/><D100/><U71/><E93/><V99/><F37/><W80/><G115/><T9/><D50/><U111/><E111/><V135/><F135/><W38/><G30/><T131/><D131/><U1/><E1/><V112/><F112/><W106/><G38/><T31/><D3/><U102/><E102/><V25/><F79/><W69/><G69/><N who="1" m="26122" /><E40/><V117/><F66/><N who="1" m="25705" /><E21/><V89/><F72/><W27/><G27/><T35/><D35/><U104/><E26/><V108/><F108/><W88/><G103/><T29/><D29/><U28/><E104/><V7/><F117/><W39/><G106/><T5/><D74/><U51/><E28/><N who="2" m="17447" /><F101/><W86/><G39/><T76/><D116/><U68/><E51/><V52/><F91/><W53/><G53/><T118/><D118/><U92/><E92/><N who="2" m="54319" /><F55/><W43/><G43/><T22/><D119/><U75/><E75/><V127/><F127/><AGARI ba="0,0" hai="56,58,62,67,68,125,126,127" m="25705,26122" machi="127" ten="30,5800,0" yaku="18,1,34,2" doraHai="13" who="1" fromWho="2" sc="250,0,280,58,220,-58,250,0" /><INIT seed="1,1,0,5,1,44" ten="250,338,162,250" oya="1" hai0="83,43,91,109,36,15,92,124,3,82,112,37,106" hai1="22,117,74,105,75,101,111,60,17,65,14,76,61" hai2="9,103,77,114,2,38,63,130,6,121,54,7,21" hai3="110,125,127,135,39,18,102,50,5,113,35,95,59"/><U98/><E117/><V64/><F114/><W40/><G35/><T34/><D109/><U45/><E111/><V29/><F121/><W31/><G110/><T16/><D112/><U67/><E76/><V46/><F130/><W49/><G31/><T13/><D124/><N who="3" m="47689" /><G113/><T134/><D134/><U126/><E126/><V62/><F7/><W71/><G71/><T32/><D3/><U8/><E45/><V25/><F103/><W47/><G135/><T23/><D106/><U12/><E61/><V72/><F38/><W93/><G5/><T0/><D34/><U42/><E42/><V1/><F1/><W116/><G116/><T33/><D32/><U129/><E129/><V133/><F133/><W26/><G102/><T88/><D0/><U108/><E108/><V68/><F46/><W80/><G80/><T66/><D33/><U107/><E107/><V27/><F27/><W104/><G104/><T96/><D13/><U55/><E55/><V87/><F72/><W131/><G131/><T24/><D24/><U51/><E51/><N who="3" m="19466" /><G59/><T81/><D81/><U90/><E75/><V94/><F94/><W84/><G84/><T123/><D82/><U120/><E74/><V79/><REACH who="2" step="1"/><F87/><REACH who="2" ten="250,338,152,250" step="2"/><W4/><G4/><T99/><D37/><U52/><E101/><V132/><F132/><W41/><G41/><T48/><D36/><U86/><E105/><V89/><F89/><W30/><G30/><T58/><D43/><U70/><E90/><V56/><AGARI ba="1,1" hai="2,6,9,21,25,29,54,56,62,63,64,68,77,79" machi="56" ten="30,2000,0" yaku="1,1,0,1,53,0" doraHai="44" doraHaiUra="115" who="2" fromWho="2" sc="250,-6,338,-11,152,33,250,-6" /><INIT seed="2,0,0,3,0,55" ten="244,327,185,244" oya="2" hai0="66,115,57,8,91,90,39,105,45,71,109,101,75" hai1="129,89,82,27,67,34,63,118,117,56,107,103,41" hai2="25,21,102,12,87,133,17,86,122,53,128,22,10" hai3="111,68,73,108,88,18,16,7,32,58,29,38,28"/><V130/><F122/><W85/><G68/><T30/><D115/><U19/><E129/><V119/><F119/><W3/><G73/><T80/><D109/><N who="3" m="42057" /><G38/><T125/><D125/><U96/><E41/><V132/><F102/><W0/><G58/><T35/><D8/><U121/><E121/><V14/><F53/><W110/><G110/><T23/><D105/><U116/><E19/><N who="3" m="7210" /><G32/><T26/><D71/><U77/><E34/><V106/><F106/><W120/><G120/><T69/><D69/><U44/><E44/><V126/><F126/><W76/><G76/><T72/><D35/><U48/><E27/><V4/><F86/><W42/><G42/><T13/><D101/><U1/><E77/><V61/><F61/><W31/><G7/><T127/><D127/><U52/><E116/><V114/><F87/><W64/><G64/><T24/><D72/><U60/><E117/><V92/><F92/><AGARI ba="0,0" hai="0,3,28,29,31,85,88,92" m="7210,42057" machi="92" ten="30,3900,0" yaku="14,1,54,2" doraHai="55" who="3" fromWho="2" sc="244,0,327,0,185,-39,244,39" /><INIT seed="3,0,0,4,5,52" ten="244,327,146,283" oya="3" hai0="7,36,57,133,111,90,3,25,62,103,127,131,72" hai1="53,116,29,78,4,74,84,81,73,132,35,50,100" hai2="14,26,76,85,43,46,54,48,91,2,49,9,104" hai3="75,124,32,99,20,33,0,88,112,69,97,5,130"/><W65/><G75/><T60/><D111/><U109/><E109/><V55/><F104/><W107/><G112/><T93/><D127/><U41/><E132/><V94/><F2/><W79/><G79/><T96/><D133/><U122/><E122/><V128/><F128/><W63/><G130/><T45/><D131/><U18/><E116/><V98/><F26/><W58/><G124/><T17/><D62/><U40/><E4/><V115/><F115/><W51/><G20/><T95/><D72/><U129/><E129/><V80/><REACH who="2" step="1"/><F49/><REACH who="2" ten="244,327,136,283" step="2"/><W87/><G107/><T70/><D36/><U121/><E50/><V59/><F59/><W125/><G125/><T42/><D70/><U123/><E123/><V135/><F135/><W37/><G37/><T102/><D3/><U118/><E121/><V38/><F38/><W30/><G30/><T119/><D25/><U28/><E28/><V101/><F101/><W27/><G27/><T6/><D103/><U113/><E100/><V16/><AGARI ba="0,1" hai="9,14,16,43,46,48,54,55,76,80,85,91,94,98" machi="16" ten="20,8000,1" yaku="1,1,0,1,7,1,8,1,54,1,53,0" doraHai="52" doraHaiUra="67" who="2" fromWho="2" sc="244,-20,327,-20,136,90,283,-40" /><INIT seed="4,0,0,0,2,104" ten="224,307,226,243" oya="0" hai0="99,7,114,84,20,113,80,52,98,28,38,57,16" hai1="109,29,4,35,55,89,21,73,130,87,31,102,117" hai2="46,25,75,66,81,132,108,67,62,61,27,107,69" hai3="34,123,115,97,127,121,0,76,12,18,105,111,94"/><T5/><D38/><U78/><E35/><V65/><F108/><W95/><G0/><T88/><D113/><U50/><E109/><V33/><F132/><W134/><G34/><T23/><D114/><U59/><E117/><V103/><F46/><W126/><G111/><T14/><D23/><U53/><E130/><V77/><F25/><W56/><G115/><T17/><D17/><U119/><E119/><V47/><F47/><W91/><G105/><T49/><D28/><U85/><E73/><V71/><F62/><W43/><G43/><T54/><D54/><U82/><E102/><V101/><F101/><N who="3" m="60599" /><G56/><T72/><D72/><U118/><E118/><V68/><F66/><W36/><G36/><T42/><D42/><U9/><E21/><V92/><F92/><W8/><G76/><T112/><D112/><U110/><E55/><V93/><F93/><W58/><G58/><T26/><D26/><U70/><E70/><V116/><F67/><W19/><G19/><T96/><AGARI ba="0,0" hai="5,7,14,16,20,49,52,57,80,84,88,96,98,99" machi="96" ten="30,12000,1" yaku="0,1,8,1,54,3" doraHai="104" who="0" fromWho="0" sc="224,120,307,-40,226,-40,243,-40" /><INIT seed="4,1,0,3,1,20" ten="344,267,186,203" oya="0" hai0="58,49,10,28,39,57,102,117,8,44,68,85,69" hai1="5,33,135,59,124,131,82,4,114,134,80,106,45" hai2="94,119,72,77,79,19,105,123,90,14,50,108,56" hai3="122,116,43,31,15,86,34,12,110,11,22,128,70"/><T112/><D112/><U87/><E106/><V81/><F108/><W17/><G70/><T47/><D117/><U129/><E114/><V13/><F123/><W95/><G116/><T73/><D73/><U100/><E100/><V74/><F119/><W103/><G110/><T88/><D102/><U92/><E33/><V84/><F105/><W26/><G122/><T54/><D28/><U18/><E59/><V55/><F79/><W62/><G128/><N who="1" m="49226" /><E45/><N who="0" m="17481" /><D39/><U67/><E67/><V30/><F30/><W120/><G120/><T97/><D97/><U21/><E92/><V98/><REACH who="2" step="1"/><F14/><REACH who="2" ten="344,267,176,203" step="2"/><W40/><G15/><T3/><D3/><U64/><E135/><V83/><F83/><W96/><G34/><T93/><D68/><U75/><E82/><V60/><F60/><W16/><G31/><T9/><D69/><U32/><E80/><V41/><F41/><W42/><G86/><T2/><D2/><U113/><E87/><V23/><AGARI ba="1,1" hai="13,19,23,50,55,56,72,74,77,81,84,90,94,98" machi="23" ten="20,2700,0" yaku="1,1,0,1,7,1,53,0" doraHai="20" doraHaiUra="1" who="2" fromWho="2" sc="344,-14,267,-8,176,40,203,-8" /><INIT seed="5,0,0,2,2,126" ten="330,259,216,195" oya="1" hai0="39,95,82,63,64,58,32,3,103,21,128,69,9" hai1="33,124,115,123,87,102,68,52,47,1,49,132,119" hai2="81,131,14,48,41,36,4,62,101,105,50,134,106" hai3="67,85,111,7,17,104,130,35,88,20,93,70,54"/><U16/><E119/><V125/><F134/><W92/><G35/><T22/><D32/><U51/><E123/><V26/><F125/><W74/><G74/><T90/><D39/><U46/><E124/><V107/><F36/><W43/><G104/><T6/><D103/><U31/><E132/><V84/><F41/><W71/><G111/><T99/><D128/><U28/><E1/><V8/><F101/><W80/><G43/><T0/><D0/><U61/><E115/><V118/><F118/><W91/><G130/><T133/><D133/><U73/><E73/><V110/><F110/><W56/><G7/><T57/><D82/><U96/><E33/><V37/><F37/><W15/><G67/><T116/><D116/><U86/><E68/><V53/><F26/><W77/><G91/><T27/><D22/><U98/><E61/><V5/><F5/><W127/><G127/><T24/><D27/><U29/><E16/><AGARI ba="0,0" hai="3,6,9,16,21,24,57,58,63,64,69,90,95,99" machi="16" ten="30,2000,0" yaku="7,1,54,1" doraHai="126" who="0" fromWho="1" sc="330,20,259,-20,216,0,195,0" /><INIT seed="6,0,0,1,0,84" ten="350,239,216,195" oya="2" hai0="88,25,122,110,119,124,11,107,73,35,82,116,28" hai1="117,121,68,62,9,42,0,44,132,45,19,1,103" hai2="10,95,111,5,63,16,104,56,61,79,53,129,4" hai3="113,8,69,39,23,114,72,55,2,101,13,81,29"/><V21/><F104/><W96/><G69/><T131/><D110/><U71/><E117/><N who="0" m="45129" /><D131/><U108/><E108/><V46/><F111/><W49/><G39/><T48/><D124/><U128/><E128/><V12/><F129/><W32/><G32/><T57/><D107/><U92/><E132/><V94/><F79/><W86/><G72/><T17/><D73/><U41/><E121/><V59/><F46/><W43/><G43/><T34/><D17/><U50/><E1/><V93/><REACH who="2" step="1"/><F10/><REACH who="2" ten="350,239,206,195" step="2"/><W97/><G113/><T31/><D11/><U80/><E45/><V47/><F47/><N who="3" m="28095" /><G114/><T105/><D105/><U118/><E44/><V18/><F18/><N who="3" m="8487" /><G2/><T123/><D123/><U134/><E0/><V87/><F87/><W135/><G135/><T33/><D122/><U77/><E9/><V64/><AGARI ba="0,1" hai="4,5,12,16,21,53,56,59,61,63,64,93,94,95" machi="64" ten="30,11700,0" yaku="1,1,0,1,8,1,54,1,53,0" doraHai="84" doraHaiUra="20" who="2" fromWho="2" sc="350,-39,239,-39,206,127,195,-39" /><INIT seed="6,1,0,1,4,51" ten="311,200,333,156" oya="2" hai0="76,79,109,108,39,88,40,19,96,25,68,52,69" hai1="113,53,32,129,62,126,61,72,37,45,63,67,5" hai2="111,128,97,132,86,42,55,130,43,74,2,24,27" hai3="0,54,75,125,50,15,70,99,92,33,57,93,31"/><V38/><F74/><W121/><G121/><T22/><D39/><U1/><E72/><V59/><F2/><W118/><G0/><T120/><D120/><U117/><E117/><V135/><F86/><W94/><G75/><T41/><D69/><U105/><E32/><V56/><F111/><W89/><G118/><T104/><D68/><U71/><E105/><V29/><F29/><W103/><G125/><T102/><D88/><U133/><E126/><V85/><F85/><W122/><G122/><T119/><D119/><U8/><E113/><V14/><F14/><W21/><G70/><T116/><D116/><U44/><E133/><N who="2" m="51275" /><F97/><W106/><G33/><T101/><D101/><U35/><E129/><N who="2" m="49771" /><F38/><W66/><G66/><T10/><D79/><U30/><E30/><V65/><F65/><W36/><G36/><T26/><D76/><U81/><E37/><V23/><F23/><W110/><G110/><T90/><D26/><N who="2" m="9770" /><F55/><W131/><G131/><T60/><D109/><U64/><E35/><V134/><F134/><W78/><G78/><T84/><D108/><U80/><E71/><V3/><F3/><W58/><G31/><T16/><D19/><U107/><E67/><V83/><F83/><W7/><G89/><T115/><D84/><U49/><E1/><V9/><F9/><N who="3" m="4543" /><G21/><T47/><D10/><U95/><E8/><V34/><F34/><W112/><G112/><T46/><D115/><U127/><E64/><V28/><F28/><W82/><G82/><T98/><D98/><U124/><E81/><V91/><F91/><W4/><G4/><T18/><D90/><RYUUKYOKU ba="1,0" sc="311,-15,200,-15,333,15,156,15" hai2="42,43,56,59" hai3="50,54,57,58,92,93,94,99,103,106" /><INIT seed="6,2,0,0,2,91" ten="296,185,348,171" oya="2" hai0="54,110,58,34,102,120,107,61,28,9,135,27,20" hai1="127,111,43,2,44,35,97,13,60,23,4,133,132" hai2="116,25,6,74,124,11,88,131,73,36,18,48,103" hai3="125,87,128,66,94,99,105,56,41,10,7,104,75"/><V68/><F36/><W14/><G75/><T22/><D120/><U26/><E111/><V79/><F116/><W47/><G128/><T114/><D110/><U92/><E127/><V31/><F68/><W65/><G125/><T8/><D114/><U117/><E117/><V72/><F124/><W71/><G71/><T84/><D135/><N who="1" m="51787" /><E35/><V101/><F131/><W51/><G87/><T38/><D38/><U122/><E122/><V115/><F115/><W30/><G30/><T3/><D84/><U63/><E2/><V113/><F18/><W70/><G70/><T17/><D3/><U130/><E130/><V98/><F79/><W59/><G105/><T118/><D118/><U82/><E82/><V39/><F48/><W16/><G7/><T89/><D89/><N who="1" m="55439" /><E13/><V119/><F39/><W57/><G104/><T93/><D107/><U15/><E15/><V100/><F119/><W80/><G80/><T0/><D0/><U86/><E86/><V85/><F113/><W95/><G95/><T123/><D123/><U109/><E4/><V29/><F98/><W112/><G112/><T64/><D34/><U12/><E12/><V37/><F37/><W46/><G46/><T49/><D28/><N who="1" m="17503" /><E109/><V78/><F78/><W45/><G45/><N who="0" m="27951" /><D22/><U108/><E108/><V76/><F76/><W21/><G21/><T129/><D129/><U134/><E134/><V19/><F6/><W52/><G41/><T81/><D81/><U69/><E69/><V77/><F77/><W1/><G1/><T106/><D106/><U96/><E96/><AGARI ba="2,0" hai="8,9,17,20,27,58,61,64,93,96,102" m="27951" machi="96" ten="30,2000,0" yaku="8,1,52,1" doraHai="91" who="0" fromWho="1" sc="296,26,185,-26,348,0,171,0" /><INIT seed="7,0,0,1,2,8" ten="322,159,348,171" oya="3" hai0="115,99,95,89,50,34,51,55,101,135,129,17,132" hai1="47,80,9,112,36,60,117,75,59,121,109,53,3" hai2="104,90,15,73,85,124,79,74,106,5,40,103,7" hai3="2,84,64,133,94,32,68,46,77,57,62,0,33"/><W120/><G120/><T76/><D129/><U100/><E109/><V128/><F128/><W78/><G133/><N who="0" m="51275" /><D34/><U72/><E121/><V123/><F123/><W66/><G46/><T131/><D131/><U97/><E112/><V81/><F124/><W134/><G94/><T52/><D76/><U18/><E117/><V4/><F40/><W26/><G84/><N who="0" m="52647" /><D115/><U65/><E80/><V1/><F1/><W25/><G134/><T130/><D130/><U28/><E28/><V93/><F74/><W44/><G44/><T107/><D17/><U96/><E96/><N who="2" m="61543" /><F106/><W111/><G111/><T22/><D22/><U43/><E3/><V45/><F45/><W82/><G82/><T39/><D39/><U23/><E9/><AGARI ba="0,0" hai="4,5,7,9,15,73,79,81,85,90,93" m="61543" machi="9" ten="30,2000,0" yaku="24,1,52,1" doraHai="8" who="2" fromWho="1" sc="322,0,159,-20,348,20,171,0" owari="322,12.0,139,-36.0,368,47.0,171,-23.0" /></mjloggm>