<mjloggm ver="2.3"><GO type="169" lobby="0"/><UN n0="%E8%85%90%E7%94%9F%E8%B1%9A%E3%82%B3%E3%83%84%E3%83%9C%E3%83%BC" n1="%E3%82%B7%E3%83%AD%E3%82%AF%E3%83%AD" n2="%E3%82%A6%E3%83%AB%E3%83%88%E3%83%A9%E7%AB%8B%E7%9B%B4" n3="%72%61%62%69%73%75%6B%65" dan="17,17,18,16" rate="2203.94,2095.72,2198.60,2103.45" sx="M,M,M,M"/><TAIKYOKU oya="0"/><INIT seed="0,0,0,1,1,21" ten="250,250,250,250" oya="0" hai0="131,70,15,58,101,74,33,117,113,127,98,118,121" hai1="128,129,111,93,104,7,32,99,87,55,96,41,83" hai2="105,95,72,66,46,29,36,109,114,85,11,22,52" hai3="106,30,19,122,84,80,69,62,91,79,38,4,10"/><T24/><D121/><U44/><E32/><V116/><F105/><W20/><G30/><N who="0" m="19655" /><D58/><U112/><E112/><V47/><F72/><W18/><G18/><T65/><D15/><U126/><E126/><V37/><F114/><W81/><G38/><T68/><D113/><U124/><E124/><V13/><F66/><W61/><G69/><N who="0" m="26731" /><D65/><U17/><E111/><V60/><F109/><W123/><G106/><N who="0" m="63799" /><D127/><U77/><E104/><V120/><F120/><N who="3" m="46123" /><G20/><T50/><D50/><U56/><E17/><V54/><F37/><W90/><G19/><T49/><D49/><N who="1" m="26767" /><E93/><V34/><F36/><W12/><G91/><T100/><D100/><U115/><E115/><V88/><F34/><W48/><G48/><T71/><D71/><U14/><E55/><N who="2" m="21035" /><F60/><W107/><G107/><T8/><D8/><N who="1" m="4383" /><E56/><V1/><F116/><N who="0" m="44650" /><D74/><AGARI ba="0,0" hai="4,10,12,61,62,74,79,80,81,84,90" m="46123" machi="74" ten="30,1000,0" yaku="13,1" doraHai="21" who="3" fromWho="0" sc="250,-10,250,0,250,0,250,10" /><INIT seed="1,0,0,4,0,105" ten="240,250,250,260" oya="1" hai0="122,52,61,22,40,77,32,11,133,70,48,9,100" hai1="36,67,103,118,69,98,116,134,93,23,47,115,7" hai2="101,54,18,84,14,25,55,15,102,104,0,45,62" hai3="117,109,90,128,43,31,110,87,76,6,86,79,44"/><U24/><E115/><V94/><F0/><W123/><G123/><T2/><D122/><U130/><E130/><V56/><F104/><W85/><G90/><T17/><D32/><U112/><E112/><V4/><F4/><W125/><G128/><T78/><D100/><U3/><E134/><V131/><F131/><W63/><G117/><T33/><D33/><U20/><E20/><V13/><F25/><W60/><G31/><T59/><D133/><U16/><E69/><V73/><F73/><W21/><G21/><T5/><D9/><U135/><E135/><V51/><F18/><W107/><G107/><T64/><REACH who="0" step="1"/><D40/><REACH who="0" ten="230,250,250,260" step="2"/><U35/><E35/><V126/><F126/><W127/><G6/><T8/><D8/><U121/><E121/><V58/><F101/><W106/><G106/><T42/><D42/><U80/><E116/><V111/><F102/><W12/><G43/><T71/><D71/><U57/><E118/><V29/><F111/><W108/><G12/><AGARI ba="0,1" hai="2,5,11,12,17,22,48,52,59,61,64,70,77,78" machi="12" ten="30,3900,0" yaku="1,1,7,1,54,1,53,0" doraHai="105" doraHaiUra="96" who="0" fromWho="3" sc="230,49,250,0,250,0,260,-39" /><INIT seed="2,0,0,5,5,72" ten="279,250,250,221" oya="2" hai0="17,113,16,126,25,98,24,131,56,73,107,58,76" hai1="12,30,15,119,29,3,27,55,124,135,65,0,80" hai2="62,47,57,103,1,44,42,7,70,110,31,53,33" hai3="97,37,35,22,85,89,100,51,120,54,117,26,71"/><V46/><F33/><W132/><G35/><T128/><D113/><U96/><E65/><N who="2" m="41271" /><F31/><W101/><G37/><T75/><D126/><U94/><E124/><V10/><F103/><W50/><G71/><T112/><D112/><U38/><E135/><V105/><F105/><W86/><G120/><T102/><D25/><U66/><E119/><V78/><F78/><W130/><G117/><T4/><D4/><U74/><E38/><N who="2" m="21591" /><F110/><W2/><G2/><T20/><D17/><U36/><E36/><V6/><F6/><W8/><G101/><T61/><D75/><U69/><E74/><V93/><F93/><W90/><G100/><T43/><D73/><U129/><E80/><V79/><F79/><W59/><G97/><T63/><D76/><U116/><E116/><V91/><F91/><W67/><G8/><T88/><D88/><U95/><E96/><V14/><F14/><W127/><G127/><T41/><D98/><U45/><E27/><V13/><F13/><W134/><G90/><T68/><D102/><U52/><E94/><V32/><F32/><W34/><G89/><T19/><D24/><U9/><E95/><V81/><F81/><W99/><G34/><T114/><D114/><U21/><E21/><V39/><F39/><W23/><G23/><T60/><D20/><U92/><E92/><V122/><F122/><W83/><G99/><T64/><D107/><U5/><E12/><V49/><AGARI ba="0,0" hai="1,7,10,46,47,49,53,57" m="21591,41271" machi="49" ten="30,1500,0" yaku="24,1" doraHai="72" who="2" fromWho="2" sc="279,-5,250,-5,250,15,221,-5" /><INIT seed="2,1,0,4,4,30" ten="274,245,265,216" oya="2" hai0="83,128,46,21,102,71,123,88,99,80,34,64,36" hai1="119,73,9,23,109,108,92,37,62,38,126,76,98" hai2="15,68,26,69,82,28,49,29,96,89,74,104,113" hai3="53,19,67,130,117,3,55,31,10,35,97,116,33"/><V27/><F113/><W111/><G31/><T24/><D123/><U1/><E119/><V129/><F129/><W11/><G130/><T66/><D128/><U84/><E73/><V87/><F74/><W124/><G67/><T48/><D36/><U58/><E126/><V127/><F127/><W61/><G124/><T134/><D134/><U41/><E23/><V45/><F15/><W79/><G79/><T115/><D115/><U70/><E70/><V4/><F4/><W65/><G97/><T112/><D112/><U103/><E76/><V125/><F125/><W17/><G65/><T122/><D122/><U8/><E84/><V118/><F118/><W39/><G39/><N who="1" m="14858" /><E41/><V14/><F14/><W42/><G42/><T63/><D66/><N who="1" m="39255" /><E1/><V7/><F7/><W75/><G75/><T77/><D77/><U131/><E131/><V132/><F132/><W57/><G57/><T93/><D102/><U60/><E60/><V78/><F27/><W85/><G61/><T13/><D13/><U12/><E12/><V22/><F29/><W106/><G85/><T6/><D6/><U25/><E25/><V54/><REACH who="2" step="1"/><F78/><REACH who="2" ten="274,245,255,216" step="2"/><W5/><G5/><T94/><D24/><U51/><E8/><V32/><F32/><W101/><G35/><T135/><D34/><U2/><E9/><V0/><F0/><W43/><G33/><T20/><D135/><U90/><E2/><V59/><F59/><W50/><G3/><T72/><D72/><U86/><E108/><V121/><F121/><W52/><G117/><T47/><D71/><U44/><E109/><V40/><F40/><RYUUKYOKU ba="1,1" sc="274,-10,245,-10,255,30,216,-10" hai2="22,26,28,45,49,54,68,69,82,87,89,96,104" /><INIT seed="2,2,1,4,2,93" ten="264,235,285,206" oya="2" hai0="126,82,122,47,75,64,66,133,19,130,15,14,105" hai1="84,40,95,6,85,99,20,23,129,89,17,30,54" hai2="94,48,39,2,119,108,50,35,121,90,46,43,62" hai3="13,38,113,120,111,26,58,135,8,80,73,4,98"/><V0/><F121/><W63/><G38/><T81/><D122/><U76/><E129/><V53/><F119/><W25/><G120/><T67/><D130/><U107/><E6/><V21/><F35/><W65/><G113/><T41/><D105/><U78/><E107/><V32/><F32/><W22/><G111/><T104/><D104/><U52/><E40/><V49/><F108/><W11/><G11/><T55/><D133/><U102/><E30/><V132/><F132/><W56/><G135/><T1/><D1/><U9/><E9/><V77/><F77/><N who="1" m="29801" /><E23/><V12/><F12/><W60/><G80/><T36/><D75/><U51/><E102/><V110/><F21/><W106/><G73/><T87/><D82/><U86/><E51/><V57/><REACH who="2" step="1"/><F110/><REACH who="2" ten="264,235,275,206" step="2"/><W10/><G13/><AGARI ba="2,2" hai="13,17,20,52,54,84,85,86,89,95,99" m="29801" machi="13" ten="30,3900,0" yaku="8,1,52,1,54,1" doraHai="93" who="1" fromWho="3" sc="264,0,235,65,275,0,206,-45" /><INIT seed="3,0,0,4,0,6" ten="264,300,275,161" oya="3" hai0="70,88,78,121,71,112,123,86,20,69,64,96,106" hai1="93,54,7,25,9,47,133,46,61,53,38,79,28" hai2="14,35,97,108,111,37,81,109,62,33,98,56,117" hai3="4,115,82,2,75,125,43,27,3,103,5,66,0"/><W49/><G115/><T40/><D112/><U120/><E120/><V29/><F37/><W51/><G103/><T72/><D40/><U74/><E133/><V17/><F81/><W126/><G66/><T100/><D64/><U42/><E47/><V113/><F117/><W84/><G75/><T114/><D114/><U48/><E93/><V24/><F35/><W104/><G27/><T8/><D20/><U77/><E61/><V34/><F34/><W65/><G65/><T1/><D78/><U116/><E116/><V67/><REACH who="2" step="1"/><F113/><REACH who="2" ten="264,300,265,161" step="2"/><W105/><G125/><T129/><D123/><U107/><E38/><V63/><F63/><W13/><G126/><T23/><D121/><U80/><E107/><V87/><F87/><W94/><G105/><T32/><D32/><U76/><E80/><V119/><F119/><W55/><G104/><T95/><D72/><U52/><E74/><V50/><F50/><W127/><G82/><T57/><D106/><U128/><E128/><V58/><F58/><W99/><G84/><T91/><D57/><U134/><E134/><V36/><F36/><W124/><G124/><T39/><D39/><U31/><REACH who="1" step="1"/><E25/><REACH who="1" ten="264,290,265,161" step="2"/><V101/><F101/><W110/><G127/><T131/><D100/><U18/><E18/><V130/><F130/><W41/><G5/><T19/><D131/><U59/><E59/><V15/><F15/><AGARI ba="0,2" hai="7,9,15,28,31,42,46,48,52,53,54,76,77,79" machi="15" ten="40,8000,1" yaku="1,1,8,1,52,1,54,1,53,0" doraHai="6" doraHaiUra="122" who="1" fromWho="2" sc="264,0,290,100,265,-80,161,0" /><INIT seed="4,0,0,4,2,108" ten="264,390,185,161" oya="0" hai0="57,43,120,47,12,76,62,85,125,109,77,49,132" hai1="107,96,86,118,71,26,64,113,9,92,123,103,84" hai2="25,131,128,94,117,41,83,21,4,122,6,91,42" hai3="33,73,58,52,19,55,14,130,104,63,29,87,20"/><T72/><D120/><U56/><E71/><V81/><F122/><W53/><G73/><T110/><D72/><U105/><E123/><V48/><F117/><W121/><G104/><T2/><D2/><U60/><E118/><V45/><F41/><W1/><G1/><T135/><D125/><U27/><E113/><V89/><F83/><W23/><G33/><T99/><D99/><U79/><E105/><V112/><F81/><W133/><G121/><T51/><D12/><U98/><E9/><V36/><F36/><W101/><G101/><T34/><D34/><U8/><E8/><V54/><F42/><W10/><G133/><N who="0" m="51275" /><D85/><N who="1" m="32875" /><E107/><V16/><F112/><W111/><G111/><N who="0" m="42507" /><D51/><U95/><E79/><V28/><F4/><W126/><G126/><T70/><D70/><U0/><E0/><V35/><F6/><W44/><G130/><T68/><D68/><U22/><E22/><V24/><REACH who="2" step="1"/><F94/><REACH who="2" ten="264,390,175,161" step="2"/><W38/><G38/><T93/><D93/><U66/><E95/><V46/><F46/><W67/><G44/><T115/><D115/><U65/><E96/><V13/><F13/><W40/><G40/><T30/><D77/><U37/><E37/><V50/><F50/><W116/><G116/><T106/><D76/><U82/><E82/><V61/><F61/><W127/><G127/><T7/><D7/><U31/><E92/><V78/><F78/><W90/><G29/><T17/><D106/><N who="1" m="63863" /><E31/><V97/><F97/><W100/><G100/><T119/><D30/><U102/><E102/><V114/><F114/><W18/><G18/><T75/><D17/><U11/><E60/><RYUUKYOKU ba="0,1" sc="264,-15,390,-15,175,15,161,15" hai2="16,21,24,25,28,35,45,48,54,89,91,128,131" hai3="10,14,19,20,23,52,53,55,58,63,67,87,90" /><INIT seed="5,1,1,1,5,124" ten="249,375,190,176" oya="1" hai0="43,81,100,66,51,38,6,20,15,75,67,65,79" hai1="13,9,58,39,62,107,60,26,16,40,47,96,69" hai2="110,98,70,131,0,113,10,121,7,90,73,4,71" hai3="49,48,122,42,34,44,104,86,119,105,8,3,32"/><U83/><E69/><V64/><F121/><W133/><G122/><T135/><D100/><U115/><E115/><V56/><F73/><W94/><G119/><T93/><D93/><U89/><E107/><V52/><F110/><W123/><G123/><T97/><D97/><U126/><E126/><V23/><F7/><W77/><G34/><T101/><D101/><U85/><E96/><V14/><F64/><W36/><G32/><T95/><D95/><U80/><E80/><V117/><F117/><W25/><G25/><T1/><D135/><U53/><REACH who="1" step="1"/><E26/><REACH who="1" ten="249,365,190,176" step="2"/><V128/><F113/><W35/><G105/><T118/><D81/><U11/><E11/><V99/><F99/><W31/><G8/><T76/><D118/><U54/><E54/><V132/><F132/><W37/><G104/><T102/><D102/><U63/><AGARI ba="1,2" hai="9,13,16,39,40,47,53,58,60,62,63,83,85,89" machi="63" ten="20,7800,0" yaku="1,1,0,1,7,1,54,1,53,0" doraHai="124" doraHaiUra="74" who="1" fromWho="1" sc="249,-27,365,101,190,-27,176,-27" /><INIT seed="5,2,0,3,2,70" ten="222,466,163,149" oya="1" hai0="10,104,62,56,87,81,95,128,18,80,16,25,52" hai1="58,37,64,123,40,32,112,126,99,116,57,76,109" hai2="36,13,2,55,94,68,127,120,26,78,1,98,111" hai3="75,73,4,121,22,7,69,89,35,63,90,65,46"/><U28/><E112/><V119/><F68/><W11/><G35/><T77/><D104/><U108/><E116/><V50/><F111/><W44/><G121/><T61/><D128/><U54/><E123/><V71/><F71/><W118/><G118/><T59/><D95/><U53/><E126/><V102/><F127/><W29/><G73/><T130/><D130/><U43/><E76/><V125/><F125/><W91/><G75/><T67/><D81/><U14/><E99/><V20/><F78/><W97/><G97/><T114/><D114/><U38/><E14/><V5/><F36/><W83/><G83/><T131/><D131/><U134/><E32/><V135/><F135/><W92/><G92/><T86/><D86/><U79/><E79/><V60/><F60/><W21/><G4/><T101/><D101/><U0/><E28/><V96/><F96/><W107/><G107/><T19/><D10/><U122/><E0/><V105/><F105/><W82/><G82/><T9/><D9/><U124/><E124/><V51/><F51/><W88/><N who="3" m="23040" /><DORA hai="133" /><W39/><G29/><T12/><D12/><U103/><E103/><V33/><F33/><W42/><REACH who="3" step="1"/><G46/><REACH who="3" ten="222,466,163,139" step="2"/><T27/><AGARI ba="2,1" hai="16,18,19,25,27,52,56,59,61,62,67,77,80,87" machi="27" ten="30,7900,0" yaku="0,1,8,1,54,2" doraHai="70,133" who="0" fromWho="0" sc="222,95,466,-41,163,-22,139,-22" /><INIT seed="6,0,0,3,1,100" ten="317,425,141,117" oya="2" hai0="41,108,9,129,97,121,83,110,88,37,22,25,69" hai1="0,39,23,42,24,113,124,43,85,28,115,86,49" hai2="26,125,56,45,59,133,4,126,2,68,123,54,128" hai3="82,8,47,58,62,101,98,30,16,14,114,107,94"/><V53/><F68/><W120/><G120/><T92/><D121/><U80/><E124/><V44/><F123/><W35/><G35/><T109/><D69/><U132/><E132/><V111/><F26/><W67/><G30/><T116/><D129/><U52/><E0/><V72/><F72/><W61/><G114/><N who="1" m="43530" /><E39/><V99/><F99/><W60/><G94/><T131/><D131/><U5/><E5/><V51/><F128/><W119/><G119/><T34/><D34/><U75/><E75/><V27/><F27/><W46/><G82/><T17/><D116/><U70/><E70/><V117/><F117/><W112/><G112/><T13/><D83/><U32/><E32/><V33/><F33/><W57/><G61/><T87/><D41/><N who="1" m="15371" /><E80/><V73/><F73/><W20/><REACH who="3" step="1"/><G20/><REACH who="3" ten="317,425,141,107" step="2"/><T50/><D92/><U77/><E77/><V29/><F29/><W21/><G21/><T76/><D22/><U38/><E38/><V95/><F95/><W3/><G3/><T6/><D37/><U15/><E15/><V118/><F118/><W1/><G1/><T127/><D13/><U104/><E104/><V81/><F81/><W102/><G102/><T11/><D25/><U135/><E135/><V90/><F133/><W89/><G89/><T7/><D88/><U63/><E63/><N who="2" m="36239" /><F90/><W91/><G91/><T105/><D105/><U18/><E28/><V12/><F2/><W40/><G40/><T48/><D108/><U122/><E122/><V71/><F111/><W134/><G134/><T74/><D110/><U93/><E93/><V64/><F12/><W78/><G78/><RYUUKYOKU ba="0,1" sc="317,-15,425,15,141,-15,107,15" hai1="18,23,24,49,52,85,86" hai3="8,14,16,46,47,57,58,60,62,67,98,101,107" /><INIT seed="7,1,1,4,1,35" ten="302,440,126,122" oya="3" hai0="9,19,60,26,109,4,132,30,134,75,80,7,76" hai1="86,115,112,135,24,122,53,92,68,22,32,119,58" hai2="41,45,81,90,78,79,16,103,113,31,108,12,36" hai3="33,70,49,93,48,73,91,15,46,131,51,54,2"/><W124/><G33/><N who="0" m="20695" /><D109/><U56/><E122/><V62/><F31/><W83/><G70/><T27/><D60/><U3/><E3/><V96/><F113/><W117/><G2/><T72/><D27/><U64/><E32/><V116/><F116/><W37/><G117/><T6/><D19/><U71/><E135/><N who="0" m="51753" /><D75/><U101/><E119/><V44/><F62/><W25/><G37/><T110/><D110/><U40/><E40/><V88/><F41/><W127/><G25/><T43/><D43/><U104/><E64/><V105/><F16/><W111/><G111/><T21/><D21/><U118/><E118/><V47/><F36/><W65/><G65/><T57/><D57/><U82/><E56/><V20/><F20/><W121/><G15/><AGARI ba="1,1" hai="4,6,7,9,15,72,76,80" m="51753,20695" machi="15" ten="30,1000,0" yaku="20,1" doraHai="35" who="0" fromWho="3" sc="302,23,440,0,126,0,122,-13" owari="325,13.0,440,53.0,126,-27.0,109,-39.0" /></mjloggm>