<mjloggm ver="2.3"><GO type="41" lobby="0"/><UN n0="%E3%81%BE%E3%81%82%E3%81%97%E3%82%85" n1="%73%6C%30%31" n2="%E5%B0%B1%E6%B4%BB%E7%94%9F%40%E5%B7%9D%E6%9D%91%E8%BB%8D%E5%9B%A3" n3="%E3%83%81%E3%83%A3%E3%82%A4%E3%82%B8" dan="13,16,17,15" rate="1928.58,2101.76,2185.28,2077.00" sx="F,M,M,M"/><TAIKYOKU oya="0"/><INIT seed="0,0,0,2,3,32" ten="250,250,250,250" oya="0" hai0="128,37,80,105,134,11,55,6,127,4,75,67,101" hai1="72,107,89,27,47,122,24,71,99,30,45,106,8" hai2="81,12,39,44,54,132,133,124,15,121,20,48,85" hai3="17,103,93,114,2,88,126,87,77,7,10,60,79"/><T59/><D37/><U52/><E71/><V35/><F35/><W123/><G114/><T29/><D29/><U3/><E72/><V113/><F113/><W94/><G126/><T51/><D127/><U43/><E27/><V5/><F124/><W57/><G123/><T22/><D128/><U49/><E122/><V131/><F131/><W21/><G103/><T68/><D22/><U64/><E64/><V120/><F39/><W117/><G94/><T83/><D134/><N who="2" m="51818" /><F15/><W62/><G117/><T46/><D4/><U56/><E47/><V125/><F125/><W19/><G60/><T26/><D26/><U116/><E116/><V110/><F110/><W16/><REACH who="3" step="1"/><G21/><REACH who="3" ten="250,250,250,240" step="2"/><T97/><D75/><U13/><E107/><V111/><F20/><W130/><G130/><T14/><D68/><U23/><E106/><V129/><F129/><W38/><G38/><T25/><D25/><U96/><E24/><V135/><F135/><W69/><G69/><T36/><D36/><U63/><E30/><V118/><F118/><W42/><G42/><T0/><D67/><AGARI ba="0,1" hai="2,7,10,16,17,19,57,62,67,77,79,87,88,93" machi="67" ten="40,8000,1" yaku="1,1,52,1,54,2,53,0" doraHai="32" doraHaiUra="78" who="3" fromWho="0" sc="250,-80,250,0,250,0,240,90" /><INIT seed="1,0,0,3,4,42" ten="170,250,250,330" oya="1" hai0="115,99,7,45,117,60,83,33,118,124,34,37,123" hai1="106,63,1,20,31,107,69,78,88,134,90,111,3" hai2="133,75,79,17,119,126,114,65,116,11,100,53,29" hai3="68,108,95,67,92,131,71,4,30,73,103,10,85"/><U113/><E113/><V52/><F114/><W55/><G73/><T54/><D115/><U50/><E78/><V23/><F126/><W87/><G108/><T47/><D37/><U72/><E72/><V38/><F38/><W70/><G30/><T57/><D123/><U2/><E134/><V26/><F133/><W109/><G109/><T66/><D124/><U110/><E107/><V93/><F65/><W98/><G67/><T27/><D7/><U74/><E106/><V112/><F112/><W44/><G92/><T43/><D43/><U91/><E74/><V0/><F79/><W89/><G89/><T16/><D117/><U82/><E82/><V125/><F75/><W13/><REACH who="3" step="1"/><G131/><REACH who="3" ten="170,250,250,320" step="2"/><T130/><D130/><U48/><E111/><V19/><F29/><W6/><G6/><T14/><D118/><U25/><REACH who="1" step="1"/><E110/><REACH who="1" ten="170,240,250,320" step="2"/><V129/><F116/><W62/><G62/><T51/><D34/><U28/><E28/><V121/><F119/><W102/><G102/><T120/><D120/><U12/><E12/><V24/><F100/><W81/><G81/><T76/><D33/><U132/><E132/><V40/><F125/><W86/><G86/><N who="0" m="48487" /><D27/><U36/><E36/><V128/><F26/><W22/><G22/><N who="0" m="11543" /><D99/><U18/><E18/><V77/><F17/><W135/><G135/><T15/><D15/><U35/><E35/><V96/><F24/><W8/><G8/><T5/><D5/><U97/><E97/><V21/><F11/><W59/><G59/><AGARI ba="0,2" hai="45,47,51,54,57,59,60,66" m="11543,48487" machi="59" ten="30,7700,0" yaku="8,1,52,2,54,1" doraHai="42" who="0" fromWho="3" sc="170,97,240,0,250,0,320,-77" /><INIT seed="2,0,0,5,5,72" ten="267,240,250,243" oya="2" hai0="66,93,54,2,11,86,124,118,57,120,84,83,46" hai1="89,63,132,78,62,117,36,130,103,123,47,128,102" hai2="19,56,126,82,15,13,65,131,4,95,122,98,58" hai3="133,92,5,113,119,114,71,29,112,94,109,67,111"/><V116/><F122/><W91/><G5/><T74/><D120/><U7/><E123/><V87/><F116/><W127/><G29/><T14/><D2/><U12/><E117/><V134/><F134/><W33/><G119/><T35/><D35/><U105/><E105/><V108/><F131/><N who="1" m="50217" /><E36/><V129/><F129/><W97/><G33/><T17/><D118/><U99/><E47/><V110/><F4/><W6/><G6/><T25/><D124/><U50/><E50/><V26/><F26/><W30/><G30/><T100/><D74/><U121/><E12/><V0/><F0/><W9/><G9/><T115/><D115/><U96/><E89/><V53/><F65/><W3/><G3/><T38/><D38/><U8/><E8/><V28/><F28/><W24/><G24/><T45/><D25/><U60/><E7/><V81/><F126/><W75/><G75/><T88/><D66/><U44/><E44/><V21/><F13/><W48/><G48/><N who="0" m="30919" /><D100/><N who="1" m="38443" /><E132/><V68/><F15/><W90/><G133/><T27/><D27/><U18/><E18/><V107/><F107/><W125/><G67/><T85/><D85/><U101/><E101/><V20/><F20/><W69/><G114/><T64/><D64/><U52/><E121/><V16/><F21/><W32/><REACH who="3" step="1"/><G32/><REACH who="3" ten="267,240,250,233" step="2"/><T34/><D34/><U51/><E51/><N who="2" m="30783" /><F19/><W79/><G79/><AGARI ba="0,1" hai="11,14,17,45,46,79,83,84,86,88,93" m="30919" machi="79" ten="30,3900,0" yaku="8,1,52,1,54,1" doraHai="72" who="0" fromWho="3" sc="267,49,240,0,250,0,233,-39" /><INIT seed="3,0,0,3,4,3" ten="316,240,250,194" oya="3" hai0="89,43,81,41,27,19,125,60,116,72,34,95,25" hai1="36,117,18,88,50,0,109,39,48,66,133,82,75" hai2="131,2,11,128,102,98,44,52,42,120,115,96,113" hai3="83,32,112,77,86,59,62,23,21,67,20,135,76"/><W15/><G112/><N who="2" m="43081" /><F120/><W107/><G107/><T12/><D116/><U47/><E66/><V58/><F2/><W51/><G135/><T92/><D60/><U100/><E100/><V6/><F44/><W110/><G32/><T61/><D61/><U70/><E70/><V87/><F87/><W31/><G110/><T24/><D34/><U121/><E121/><V106/><F42/><W54/><G76/><T90/><D72/><U94/><E75/><V4/><F11/><W127/><G127/><T57/><D57/><U45/><E82/><V16/><F98/><W118/><G118/><T79/><D79/><U69/><E69/><V71/><F16/><W108/><G108/><T40/><D125/><U104/><E104/><V56/><F56/><W99/><G99/><T29/><D29/><U35/><E0/><V119/><F71/><W129/><G129/><N who="2" m="49737" /><F119/><W26/><REACH who="3" step="1"/><G15/><REACH who="3" ten="316,240,250,184" step="2"/><T13/><D81/><U124/><E35/><V84/><F84/><W10/><G10/><T68/><D68/><AGARI ba="0,1" hai="20,21,23,26,31,51,54,59,62,67,68,77,83,86" machi="68" ten="30,2900,0" yaku="1,1,7,1,53,0" doraHai="3" doraHaiUra="91" who="3" fromWho="0" sc="316,-29,240,0,250,0,184,39" /><INIT seed="3,1,0,3,1,102" ten="287,240,250,223" oya="3" hai0="90,80,87,72,60,134,123,69,86,9,126,25,113" hai1="35,91,2,132,46,89,82,62,97,70,37,119,131" hai2="54,6,104,130,71,44,28,106,19,114,41,74,18" hai3="52,32,107,67,88,84,83,94,61,79,77,11,51"/><W64/><G32/><T5/><D123/><U129/><E2/><V27/><F114/><W0/><G107/><T65/><D113/><U95/><E35/><V53/><F71/><W59/><G0/><T22/><D126/><U3/><E3/><V20/><F6/><W135/><G135/><T12/><D134/><U50/><E37/><V23/><F74/><W96/><G11/><T49/><D49/><U29/><E29/><V115/><F115/><W128/><G128/><N who="1" m="49226" /><E119/><V26/><F28/><W56/><REACH who="3" step="1"/><G64/><REACH who="3" ten="287,240,250,213" step="2"/><T66/><D65/><N who="1" m="41271" /><E132/><V55/><REACH who="2" step="1"/><F130/><REACH who="2" ten="287,240,240,213" step="2"/><W116/><G116/><T93/><D72/><U133/><E133/><V110/><F110/><W45/><G45/><T122/><D122/><U101/><E82/><V16/><F16/><W125/><G125/><T17/><D80/><U21/><E21/><V105/><F105/><W8/><G8/><T111/><D111/><U48/><E46/><V121/><F121/><W85/><G85/><AGARI ba="1,2" hai="5,9,12,17,22,25,60,66,69,85,86,87,90,93" machi="85" ten="30,1000,0" yaku="7,1" doraHai="102" who="0" fromWho="3" sc="287,33,240,0,240,0,213,-13" /><INIT seed="4,0,0,3,2,115" ten="320,240,240,200" oya="0" hai0="78,113,105,127,5,61,103,47,58,62,36,59,51" hai1="65,75,86,28,9,20,95,43,42,79,54,109,134" hai2="34,119,66,107,15,97,44,85,21,26,104,77,56" hai3="7,10,120,128,126,98,123,82,31,55,88,96,102"/><T73/><D113/><U93/><E109/><V24/><F44/><W38/><G38/><T25/><D127/><U41/><E75/><V8/><F34/><W116/><G126/><T63/><D5/><U49/><E65/><V52/><F66/><W124/><G124/><T92/><D105/><U129/><E134/><V133/><F133/><W83/><G128/><T84/><D36/><U6/><E129/><V67/><F67/><W125/><G31/><T27/><D73/><U114/><E114/><V29/><F26/><N who="0" m="9738" /><D103/><U64/><E64/><V45/><F45/><W135/><G135/><T30/><D30/><U87/><E20/><V4/><F97/><W18/><G18/><T0/><D0/><U12/><E28/><V22/><F22/><W81/><G125/><T46/><D78/><U19/><E79/><V35/><F35/><W72/><G55/><N who="0" m="30199" /><D47/><N who="1" m="27967" /><E6/><V32/><F32/><W2/><G116/><T94/><D84/><AGARI ba="0,0" hai="9,12,19,41,42,43,84,86,87,93,95" m="27967" machi="84" ten="30,1000,0" yaku="8,1" doraHai="115" who="1" fromWho="0" sc="320,-10,240,10,240,0,200,0" /><INIT seed="5,0,0,3,5,67" ten="310,250,240,200" oya="1" hai0="12,108,33,18,102,46,133,88,25,17,13,70,5" hai1="78,132,127,49,0,84,62,23,65,69,130,2,91" hai2="74,110,1,42,99,97,107,56,89,47,61,7,121" hai3="114,34,19,95,128,123,86,39,129,29,80,57,43"/><U79/><E0/><V100/><F110/><W26/><G123/><T76/><D70/><U30/><E2/><V117/><F121/><W83/><G114/><T109/><D76/><U36/><E36/><V81/><F117/><W131/><G19/><T101/><D46/><U53/><E130/><V106/><F7/><W66/><G43/><T3/><D133/><U68/><E132/><V37/><F1/><W28/><G28/><T90/><D3/><U45/><E68/><V71/><F71/><W51/><G39/><T92/><D92/><U11/><E127/><V63/><F56/><W103/><G66/><T73/><D73/><U38/><E38/><V8/><F8/><W54/><REACH who="3" step="1"/><G86/><REACH who="3" ten="310,250,240,190" step="2"/><T16/><D18/><U135/><E135/><V120/><F120/><W31/><G31/><T40/><D40/><U15/><E30/><V48/><F37/><W41/><G41/><T77/><D5/><U35/><E35/><V64/><F64/><W9/><G9/><T20/><D33/><U113/><E113/><V111/><F111/><W98/><AGARI ba="0,1" hai="26,29,34,51,54,57,80,83,95,98,103,128,129,131" machi="98" ten="40,5200,0" yaku="1,1,0,1,19,1,53,0" doraHai="67" doraHaiUra="119" who="3" fromWho="3" sc="310,-13,250,-26,240,-13,190,62" /><INIT seed="6,0,0,3,1,115" ten="297,224,227,252" oya="2" hai0="61,119,48,112,123,122,23,102,29,10,30,67,131" hai1="8,31,60,106,15,88,28,116,82,54,135,73,45" hai2="124,22,36,43,129,127,50,99,57,113,95,90,101" hai3="84,75,18,134,83,65,49,17,111,55,128,114,100"/><V125/><F113/><W72/><G134/><T93/><D112/><U62/><E135/><V89/><F129/><W35/><G128/><T42/><D131/><U32/><E106/><V78/><F78/><W24/><G111/><T91/><D102/><U120/><E116/><V94/><F94/><W76/><G65/><T117/><D122/><U6/><E32/><V33/><F33/><W38/><G38/><T51/><D123/><U56/><E120/><V59/><F22/><N who="3" m="13391" /><G72/><T86/><D10/><U58/><E45/><N who="2" m="23783" /><F50/><N who="0" m="18986" /><D42/><U66/><E73/><V3/><F3/><W110/><G75/><T79/><D79/><U20/><E20/><V104/><F90/><W70/><G110/><T121/><D23/><U14/><E14/><V19/><F19/><W5/><G70/><T34/><D34/><U0/><E0/><V37/><F37/><W97/><G35/><T126/><D121/><U21/><E21/><V85/><AGARI ba="0,0" hai="57,59,85,89,95,99,101,104,124,125,127" m="23783" machi="85" ten="30,1500,0" yaku="18,1" doraHai="115" who="2" fromWho="2" sc="297,-5,224,-5,227,15,252,-5" /><INIT seed="6,1,0,5,4,21" ten="292,219,242,247" oya="2" hai0="52,79,123,119,134,89,2,101,103,98,43,51,90" hai1="117,99,3,53,124,40,100,60,120,22,19,61,63" hai2="96,112,26,130,16,44,81,55,0,11,67,107,131" hai3="113,86,70,116,133,65,73,95,20,87,36,108,132"/><V109/><F67/><W114/><G73/><T78/><D2/><U64/><E117/><V128/><F112/><N who="3" m="43115" /><G36/><T8/><D123/><U12/><E3/><V92/><F109/><W68/><G116/><T32/><D119/><U29/><E120/><V23/><F81/><W102/><G108/><T121/><D121/><U17/><E124/><V47/><F107/><W111/><G111/><T14/><D32/><U27/><E40/><V115/><F115/><W126/><G126/><T71/><D71/><N who="3" m="27177" /><G65/><T9/><D43/><U82/><E82/><V54/><F11/><N who="0" m="4170" /><D14/><U91/><E64/><V122/><F0/><W58/><G58/><N who="0" m="33055" /><D134/><N who="3" m="51817" /><G20/><T25/><D25/><U94/><E29/><V125/><F125/><W59/><G59/><T42/><D42/><U41/><E41/><V118/><F118/><W129/><G129/><T30/><D30/><U39/><E39/><V93/><F122/><W80/><G80/><T1/><D1/><U104/><E53/><N who="2" m="19979" /><F93/><W31/><G31/><T45/><D98/><AGARI ba="1,0" hai="86,87,95,98,102" m="51817,27177,43115" machi="98" ten="40,5200,0" yaku="15,1,11,1,20,1" doraHai="21" who="3" fromWho="0" sc="292,-55,219,0,242,0,247,55" /><INIT seed="7,0,0,5,1,96" ten="237,219,242,302" oya="3" hai0="90,22,30,67,121,99,80,74,48,57,83,9,32" hai1="65,134,100,62,36,1,86,118,68,103,88,66,126" hai2="55,133,129,24,79,112,50,106,108,18,16,122,123" hai3="29,38,10,45,69,34,117,26,85,102,70,7,13"/><W35/><G117/><T5/><D32/><U11/><E36/><V72/><F108/><W116/><G116/><T132/><D121/><N who="2" m="46090" /><F133/><W43/><G34/><T60/><D132/><U42/><E118/><V124/><F129/><W128/><G128/><T23/><D74/><U47/><E134/><V8/><F112/><W53/><G53/><T15/><D48/><N who="1" m="26743" /><E68/><V52/><F106/><W91/><G102/><N who="1" m="38954" /><E1/><V4/><F124/><W98/><G98/><T41/><D41/><U104/><E104/><V115/><F115/><W95/><AGARI ba="0,0" hai="7,10,13,26,29,35,38,43,45,69,70,85,91,95" machi="95" ten="20,2100,0" yaku="0,1,7,1" doraHai="96" who="3" fromWho="3" sc="237,-7,219,-7,242,-7,302,21" owari="230,-17.0,212,-29.0,235,4.0,323,42.0" /></mjloggm>