<mjloggm ver="2.3"><GO type="169" lobby="0"/><UN n0="%E2%98%86%E3%82%B7%E3%83%A3%E3%83%81%E3%83%8F%E3%82%B2%CE%B2%E2%98%86" n1="%E3%82%84%E3%81%BE%E3%83%BC%E3%82%93" n2="%E2%98%86%E5%AE%AE%E6%B0%B8%E7%85%A7%E3%81%A1%E3%82%83%E3%82%93%E2%98%86" n3="%E5%B0%B1%E6%B4%BB%E7%94%9F%40%E5%B7%9D%E6%9D%91%E8%BB%8D%E5%9B%A3" dan="16,16,16,17" rate="2091.19,2126.88,2158.62,2209.85" sx="M,M,M,M"/><TAIKYOKU oya="0"/><INIT seed="0,0,0,4,2,104" ten="250,250,250,250" oya="0" hai0="31,22,27,71,15,105,129,110,19,77,48,112,6" hai1="132,41,118,69,92,35,58,51,5,33,87,55,49" hai2="20,29,56,36,4,115,64,122,2,79,37,66,102" hai3="42,93,63,103,108,76,116,67,101,30,119,43,126"/><T91/><D71/><U133/><E118/><V74/><F122/><W60/><G108/><T128/><D105/><U113/><E69/><V123/><F123/><W86/><G126/><T52/><D112/><U99/><E113/><V82/><F115/><W125/><G125/><T96/><D77/><U84/><E5/><V8/><F102/><W23/><G76/><T26/><D6/><U70/><E70/><V40/><F56/><W61/><G67/><T98/><D27/><U62/><E49/><V131/><F37/><W135/><G135/><N who="1" m="51786" /><E41/><V32/><F32/><N who="1" m="12361" /><E51/><V94/><F94/><W34/><G34/><T107/><D110/><U72/><E72/><V68/><F68/><W106/><G106/><T7/><D7/><U21/><E21/><V16/><F29/><W47/><G63/><T65/><D65/><U89/><AGARI ba="0,0" hai="55,58,62,84,87,89,92,99" m="12361,51786" machi="89" ten="30,1100,0" yaku="20,1" doraHai="104" who="1" fromWho="1" sc="250,-5,250,11,250,-3,250,-3" /><INIT seed="1,0,0,3,0,17" ten="245,261,247,247" oya="1" hai0="18,48,135,49,43,67,59,118,81,84,41,90,12" hai1="104,110,91,116,132,51,123,6,16,101,62,57,63" hai2="10,72,36,99,76,117,103,27,71,8,130,24,115" hai3="111,122,15,3,126,55,114,50,107,19,2,32,13"/><U21/><E116/><V128/><F117/><W1/><G107/><T53/><D118/><U30/><E123/><V70/><F36/><W31/><G122/><T60/><D135/><U119/><E119/><V129/><F115/><W25/><G114/><T94/><D49/><U86/><E6/><V127/><F76/><W37/><G37/><T44/><REACH who="0" step="1"/><D94/><REACH who="0" ten="235,261,247,247" step="2"/><U35/><E132/><V74/><F127/><W80/><G126/><T92/><D92/><U120/><E120/><V39/><F39/><W134/><G134/><T56/><D56/><U79/><E51/><V61/><F71/><W22/><G111/><T47/><D47/><U93/><E57/><V23/><F70/><W87/><G15/><T106/><D106/><U102/><E110/><V88/><F27/><W108/><G108/><T131/><D131/><U42/><E104/><V45/><F45/><W38/><G38/><T97/><D97/><U64/><E93/><N who="2" m="56743" /><F61/><W105/><G105/><T65/><D65/><U66/><E63/><V11/><F103/><W33/><G50/><T52/><D52/><U7/><E62/><V112/><F112/><W28/><G55/><T69/><D69/><U46/><E101/><V77/><F77/><W29/><REACH who="3" step="1"/><G25/><REACH who="3" ten="235,261,247,237" step="2"/><T82/><D82/><U58/><E64/><V96/><F96/><W121/><G121/><T40/><D40/><U113/><E66/><V4/><F4/><W68/><G68/><T78/><D78/><AGARI ba="0,2" hai="1,2,3,13,19,22,28,29,31,32,33,78,80,87" machi="78" ten="50,3200,0" yaku="1,1,52,1,53,0" doraHai="17" doraHaiUra="89" who="3" fromWho="0" sc="235,-32,261,0,247,0,237,52" /><INIT seed="2,0,0,1,4,24" ten="203,261,247,289" oya="2" hai0="78,131,54,10,107,101,71,92,39,127,93,90,26" hai1="56,25,55,21,9,125,80,57,61,19,102,116,62" hai2="84,35,36,14,106,52,41,112,37,133,96,28,69" hai3="59,129,32,12,99,1,8,135,85,38,22,83,110"/><V72/><F112/><W74/><G32/><T34/><D39/><U132/><E116/><V13/><F72/><W104/><G38/><T117/><D117/><U65/><E125/><V98/><F69/><W49/><G74/><T7/><D107/><U66/><E132/><V86/><F133/><W40/><G110/><T81/><D71/><U109/><E102/><V130/><F35/><W63/><G135/><T82/><D127/><U30/><E109/><V27/><F106/><W23/><G129/><T3/><D131/><U70/><E80/><V46/><F130/><W108/><G1/><T68/><D68/><U18/><REACH who="1" step="1"/><E9/><REACH who="1" ten="203,251,247,289" step="2"/><V73/><F73/><W94/><G104/><T11/><D82/><U105/><E105/><V48/><F36/><W122/><G122/><T33/><D101/><U89/><E89/><V134/><F37/><W20/><G108/><T44/><D10/><U0/><E0/><V60/><F134/><W115/><G115/><T119/><D119/><U77/><E77/><V5/><F5/><W51/><G83/><T118/><D118/><U128/><E128/><V75/><F75/><W58/><G94/><T97/><D93/><U100/><E100/><V114/><F114/><W91/><G91/><T67/><D78/><U123/><E123/><V124/><F124/><W4/><G4/><T121/><D121/><U15/><E15/><V2/><F2/><W31/><G12/><T95/><D95/><U16/><E16/><V6/><F6/><W111/><G111/><T120/><D120/><U126/><E126/><V64/><F14/><W53/><G8/><RYUUKYOKU ba="0,1" sc="203,-10,251,30,247,-10,289,-10" hai1="18,19,21,25,30,55,56,57,61,62,65,66,70" /><INIT seed="3,1,1,5,0,66" ten="193,281,237,279" oya="3" hai0="14,43,70,4,53,125,26,3,71,87,69,58,37" hai1="68,134,100,60,126,86,80,38,83,23,88,62,89" hai2="96,94,113,59,48,57,17,34,13,79,27,102,25" hai3="114,19,99,127,29,76,84,92,103,32,122,82,93"/><W15/><G122/><T12/><D125/><U104/><E38/><V90/><F113/><W74/><G114/><T47/><D26/><U21/><E126/><V42/><F79/><W45/><G127/><T41/><D41/><U63/><E134/><V55/><F34/><W107/><G32/><T64/><D64/><U111/><E111/><V77/><F42/><W46/><G29/><T30/><D30/><U120/><E120/><V65/><F77/><W124/><G124/><T78/><D4/><U7/><E7/><V129/><F129/><W117/><G117/><T119/><D3/><U73/><E68/><V18/><F18/><W85/><G85/><T91/><D78/><U75/><E89/><V106/><F59/><W8/><REACH who="3" step="1"/><G93/><REACH who="3" ten="193,281,237,269" step="2"/><T112/><D119/><U135/><E135/><V20/><F65/><W67/><G67/><T116/><D116/><U9/><E75/><V5/><F5/><W123/><G123/><T61/><REACH who="0" step="1"/><D112/><REACH who="0" ten="183,281,237,269" step="2"/><U98/><E73/><V115/><REACH who="2" step="1"/><F115/><REACH who="2" ten="183,281,227,269" step="2"/><W31/><G31/><T51/><D51/><U22/><E22/><V132/><F132/><W81/><G81/><AGARI ba="1,4" hai="12,14,37,43,47,53,58,61,69,70,71,81,87,91" machi="81" ten="40,8000,1" yaku="1,1,52,3,53,0" doraHai="66" doraHaiUra="44" who="0" fromWho="3" sc="183,123,281,0,227,0,269,-83" /><INIT seed="4,0,0,3,5,34" ten="306,281,227,186" oya="0" hai0="3,45,92,28,37,112,16,84,62,87,9,125,49" hai1="30,101,48,70,131,50,121,20,118,24,71,10,114" hai2="109,47,106,86,72,65,93,4,103,51,104,73,39" hai3="6,66,79,69,127,99,83,76,80,12,38,7,64"/><T110/><D37/><U0/><E118/><V14/><F109/><W88/><G127/><T126/><D110/><U53/><E121/><V82/><F39/><W56/><G38/><T75/><D75/><U63/><E131/><V122/><F122/><W102/><G69/><T89/><D28/><U78/><E114/><V18/><F104/><W15/><G56/><T58/><D112/><U119/><E119/><V134/><F106/><W90/><REACH who="3" step="1"/><G99/><REACH who="3" ten="306,281,227,176" step="2"/><N who="0" m="57743" /><D126/><U13/><E71/><V95/><F134/><W33/><G33/><T60/><D125/><U2/><E70/><V29/><F103/><AGARI ba="0,1" hai="6,7,12,15,64,66,76,79,80,83,88,90,102,103" machi="103" ten="25,8000,1" yaku="1,1,22,2,8,1,54,1,53,0" doraHai="34" doraHaiUra="36" who="3" fromWho="2" sc="306,0,281,0,227,-80,176,90" /><INIT seed="5,0,0,5,4,126" ten="306,281,147,266" oya="1" hai0="36,124,62,14,131,47,58,73,26,74,82,118,120" hai1="40,86,95,132,127,94,84,42,20,115,7,25,64" hai2="54,110,88,39,46,119,133,78,67,59,100,35,125" hai3="44,89,30,65,8,11,129,57,130,99,83,31,134"/><U116/><E127/><V28/><F125/><W76/><G134/><T91/><D124/><U128/><E132/><V70/><F133/><W79/><G44/><T43/><D118/><U13/><E115/><V29/><F119/><W104/><G104/><T10/><D120/><U75/><E75/><V97/><F110/><W63/><G99/><T45/><D45/><U34/><E34/><V17/><F35/><W106/><G106/><T41/><D41/><U55/><E64/><V103/><F103/><W66/><G89/><T85/><D26/><U108/><E7/><V121/><F121/><W15/><G66/><T105/><D105/><U9/><E9/><V3/><F78/><W111/><G11/><T48/><D36/><U101/><E13/><V96/><F3/><W50/><G50/><T2/><D2/><U21/><E116/><V112/><F112/><W93/><G93/><T22/><D22/><U5/><E5/><V87/><F17/><W90/><G90/><T72/><D14/><U52/><E25/><V107/><F96/><W0/><G0/><T81/><D10/><U16/><E16/><V4/><F4/><N who="3" m="3463" /><G76/><N who="0" m="44183" /><D73/><U37/><E37/><V56/><F70/><W32/><G111/><T123/><D72/><U49/><E108/><V71/><F71/><W80/><G32/><T98/><D123/><U27/><E27/><V38/><F46/><W51/><G51/><T53/><D98/><U60/><E49/><N who="2" m="30799" /><F39/><W23/><G23/><T122/><D122/><U68/><E68/><V61/><F38/><W6/><G6/><T113/><D113/><U12/><E42/><RYUUKYOKU ba="0,0" sc="306,15,281,-15,147,15,266,-15" hai0="43,47,48,53,58,62,82,85,91,131" hai2="28,29,59,61,67,87,88,97,100,107" /><INIT seed="6,1,0,5,0,19" ten="321,266,162,251" oya="2" hai0="47,123,60,108,59,81,37,85,68,32,35,39,5" hai1="29,21,23,106,20,128,40,90,31,120,133,89,33" hai2="24,11,15,43,93,6,65,78,46,82,44,52,102" hai3="80,4,119,22,3,61,58,129,113,25,124,70,0"/><V92/><F65/><W115/><G119/><T66/><D123/><U104/><E120/><V1/><F1/><W30/><G70/><T55/><D108/><U63/><E40/><V134/><F134/><W27/><G129/><T132/><D132/><U75/><E133/><V107/><F107/><W17/><G124/><T114/><D114/><N who="3" m="43529" /><G80/><T9/><D39/><U100/><E75/><V103/><F103/><W14/><G4/><T79/><D47/><U101/><E63/><V67/><F67/><N who="3" m="39351" /><G27/><T110/><D37/><U48/><E33/><AGARI ba="1,0" hai="0,3,14,17,22,25,30,33" m="39351,43529" machi="33" ten="30,3900,0" yaku="15,1,11,1,52,1" doraHai="19" who="3" fromWho="1" sc="321,0,266,-42,162,0,251,42" /><INIT seed="7,0,0,0,0,10" ten="321,224,162,293" oya="3" hai0="30,28,17,84,7,13,77,121,115,47,38,132,133" hai1="42,122,110,87,23,48,20,11,31,100,131,103,5" hai2="19,1,85,118,93,113,125,16,52,102,44,127,67" hai3="35,26,91,89,119,114,14,134,112,55,50,34,63"/><W120/><G119/><T92/><D7/><U129/><E122/><V51/><F118/><W2/><G120/><T8/><D121/><U29/><E110/><V106/><F1/><W64/><G2/><T70/><D70/><U40/><E87/><V104/><F67/><W73/><G73/><T4/><D4/><U27/><E48/><V36/><F36/><W76/><G76/><T83/><D115/><N who="3" m="44073" /><G26/><T111/><D111/><U86/><E86/><V74/><F74/><W33/><G134/><N who="0" m="51819" /><D92/><U66/><E66/><V65/><F65/><W49/><G14/><T43/><AGARI ba="0,0" hai="8,13,17,28,30,38,43,47,77,83,84" m="51819" machi="43" ten="30,2000,0" yaku="20,1,52,1" doraHai="10" who="0" fromWho="0" sc="321,20,224,-5,162,-5,293,-10" owari="341,44.0,219,-18.0,157,-34.0,283,8.0" /></mjloggm>