<mjloggm ver="2.3"><GO type="169" lobby="0"/><UN n0="%E3%81%91%E3%81%84%E3%81%99%E3%81%91%EF%BC%A0%EF%BC%AB%EF%BC%B5" n1="%61%74%E6%9D%B1%E5%B1%B1%E5%A5%88%E5%A4%AE" n2="%E3%83%88%E3%83%88%E3%83%AA%E5%85%88%E7%94%9F%31%39%E6%AD%B3" n3="%E4%B8%AD%E5%A0%85%EF%BC%A0%E3%83%8F%E3%83%BC%E3%83%99%E3%82%B9%E3%83%88" dan="16,16,18,16" rate="2081.97,2029.44,2198.38,2101.26" sx="M,M,F,F"/><TAIKYOKU oya="0"/><INIT seed="0,0,0,2,5,0" ten="250,250,250,250" oya="0" hai0="101,113,90,7,5,106,119,9,52,96,68,111,24" hai1="131,28,6,2,91,120,23,62,25,124,109,122,88" hai2="100,114,121,56,40,65,87,99,67,75,112,12,129" hai3="132,108,85,27,49,123,54,77,117,61,73,14,118"/><T45/><D68/><U93/><E109/><V98/><F121/><W50/><G123/><T86/><D119/><U22/><E22/><V66/><F75/><W125/><G108/><T30/><D111/><U15/><E2/><V115/><F129/><W41/><G125/><T16/><D113/><U39/><E124/><V37/><F37/><W44/><G73/><T17/><D17/><U4/><E131/><V74/><F74/><W135/><G27/><T72/><D72/><U128/><E128/><V29/><F40/><W127/><G14/><N who="0" m="7247" /><D24/><U92/><E39/><V102/><F29/><W89/><G77/><T134/><D30/><U83/><E15/><V95/><F87/><W60/><G127/><T59/><D134/><N who="3" m="51241" /><G89/><N who="1" m="34378" /><E122/><V32/><F12/><W103/><G103/><T133/><D59/><U11/><E11/><V76/><F76/><W3/><G85/><T53/><D133/><U47/><E120/><V105/><REACH who="2" step="1"/><F32/><REACH who="2" ten="250,250,240,250" step="2"/><W1/><G1/><T81/><D53/><U10/><E83/><V70/><F70/><W19/><G3/><T116/><D116/><N who="3" m="44649" /><G19/><T43/><D43/><U126/><E126/><V51/><F51/><AGARI ba="0,1" hai="5,7,45,51,52,81,86,90,96,101,106" m="7247" machi="51" ten="30,12000,1" yaku="25,1,52,2,54,2" doraHai="0" who="0" fromWho="2" sc="250,130,250,0,240,-120,250,0" /><INIT seed="0,1,0,0,2,12" ten="380,250,120,250" oya="0" hai0="9,5,112,78,15,55,92,88,7,118,90,111,113" hai1="22,39,80,53,61,106,30,91,54,82,123,72,100" hai2="70,124,134,119,45,129,107,117,110,0,28,50,98" hai3="126,66,25,13,131,71,26,81,125,35,4,43,68"/><T108/><D78/><U75/><E123/><V63/><F0/><W48/><G131/><T115/><D118/><N who="2" m="45066" /><F129/><W104/><G104/><T29/><D29/><U86/><E39/><V52/><F110/><N who="0" m="42026" /><D55/><U31/><E106/><V16/><F134/><W120/><G120/><T67/><D67/><U122/><E100/><N who="2" m="62871" /><F124/><N who="3" m="47723" /><G81/><T127/><D127/><U94/><E122/><V62/><F28/><N who="3" m="19855" /><G26/><T36/><D36/><U1/><E1/><V14/><F70/><W74/><G74/><T132/><D132/><U101/><E75/><V6/><F6/><W40/><G48/><T3/><D92/><U51/><E72/><V19/><F19/><W60/><G71/><T103/><D103/><U133/><E101/><V21/><AGARI ba="1,0" hai="14,16,21,45,50,52,62,63" m="62871,45066" machi="21" ten="30,7900,0" yaku="12,1,52,1,54,2" doraHai="12" who="2" fromWho="2" sc="380,-40,250,-21,120,82,250,-21" /><INIT seed="1,0,0,5,1,116" ten="340,229,202,229" oya="1" hai0="2,100,82,134,92,101,86,42,10,90,35,15,50" hai1="103,73,89,11,94,93,104,30,111,113,13,96,28" hai2="63,21,17,52,46,84,74,99,135,47,49,55,112" hai3="83,80,118,8,6,12,32,7,39,48,97,72,36"/><U20/><E113/><V132/><F74/><W27/><G118/><T71/><D35/><U78/><E111/><V31/><F112/><W69/><G69/><T53/><D2/><U51/><E94/><V117/><F117/><W18/><G83/><T65/><D42/><U66/><E66/><V108/><F108/><W107/><G48/><T128/><D134/><N who="2" m="51242" /><F31/><W105/><G32/><T129/><D65/><U38/><E38/><V91/><F99/><W68/><G68/><T1/><D71/><U54/><E78/><V75/><F75/><W125/><G125/><T127/><D1/><U24/><E73/><V4/><F4/><W88/><G27/><T123/><D127/><U33/><E33/><V120/><F63/><W16/><G7/><T76/><D15/><U114/><E114/><V67/><F67/><W41/><G39/><T79/><D10/><U130/><E130/><V19/><F120/><W56/><G56/><T44/><D123/><U81/><E30/><V40/><F46/><W34/><G34/><T122/><D122/><U9/><E104/><V102/><F102/><W61/><G61/><T14/><D101/><U110/><E110/><V77/><F77/><N who="3" m="44071" /><G107/><T85/><D100/><U37/><E37/><V106/><F106/><W59/><G59/><T29/><D129/><U133/><E133/><V58/><F21/><W22/><G22/><T87/><D29/><U124/><E124/><V62/><F40/><W25/><G25/><T57/><D128/><U45/><REACH who="1" step="1"/><E13/><REACH who="1" ten="340,219,202,229" step="2"/><V70/><F70/><W131/><G105/><T121/><D14/><U115/><E115/><RYUUKYOKU ba="0,1" sc="340,-15,219,15,202,15,229,-15" hai1="9,11,20,24,28,45,51,54,81,89,93,96,103" hai2="17,19,47,49,52,55,58,62,84,91" /><INIT seed="1,1,1,0,2,113" ten="325,234,217,214" oya="1" hai0="100,11,78,26,20,44,132,70,3,65,5,102,71" hai1="99,27,114,115,0,76,129,18,58,39,31,13,15" hai2="112,33,52,85,111,98,61,121,118,60,125,74,4" hai3="6,7,45,79,89,105,119,42,95,122,84,21,10"/><U92/><E0/><V73/><F121/><W41/><G122/><T97/><D132/><U17/><E39/><V32/><F112/><W108/><G105/><T124/><D124/><U93/><E76/><V28/><F4/><W56/><G108/><T51/><D78/><U128/><E58/><V2/><F2/><W104/><G104/><T116/><D116/><U57/><E57/><V130/><F111/><W64/><G119/><T35/><D35/><N who="1" m="20991" /><E92/><V106/><F85/><W14/><G7/><T131/><D65/><U16/><E93/><V90/><F90/><W126/><G126/><T9/><D9/><U103/><E99/><V40/><F40/><W62/><G21/><T110/><D110/><U101/><E103/><N who="2" m="62839" /><F52/><W91/><G79/><T36/><D102/><U34/><E34/><N who="2" m="13419" /><F28/><W46/><G91/><T75/><D97/><U135/><E101/><V23/><F23/><W72/><G72/><T53/><D75/><U123/><E123/><V43/><F125/><W50/><G46/><T12/><D100/><U81/><E81/><V25/><F118/><W1/><G1/><T77/><D77/><U87/><E87/><V83/><F74/><W59/><G59/><T120/><D120/><U67/><E67/><V86/><F83/><W88/><G89/><T8/><D36/><U69/><E135/><V37/><F86/><W66/><G64/><T94/><D94/><U22/><E69/><V96/><F73/><W47/><G47/><T80/><D70/><U38/><E38/><V127/><F127/><W63/><G41/><N who="0" m="24975" /><D71/><U134/><E114/><V48/><F37/><RYUUKYOKU ba="1,1" sc="325,-10,234,-10,217,-10,214,30" hai3="6,10,14,42,45,50,56,62,63,66,84,88,95" /><INIT seed="2,2,1,2,5,11" ten="315,224,207,244" oya="2" hai0="10,100,131,47,41,25,76,113,38,16,112,55,116" hai1="67,96,1,108,91,69,86,35,90,39,125,49,79" hai2="126,82,85,15,130,57,124,34,21,51,4,48,92" hai3="40,62,54,56,75,129,109,87,13,17,99,88,20"/><V9/><F34/><W135/><G109/><T31/><D131/><U110/><E39/><V111/><F130/><W23/><G75/><T8/><D100/><U97/><E1/><V114/><F114/><W18/><G129/><T32/><D76/><U94/><E35/><V36/><F36/><W29/><G29/><T45/><D116/><U115/><E69/><V27/><F92/><W30/><G30/><T42/><D8/><U68/><E68/><V120/><F120/><W7/><G7/><T74/><D74/><U66/><E115/><V119/><F119/><W101/><G135/><T3/><D55/><U50/><E79/><N who="2" m="46303" /><F111/><N who="1" m="42537" /><E125/><N who="2" m="48235" /><F57/><W84/><G40/><T133/><D133/><U6/><E6/><V73/><F73/><W128/><G128/><T80/><D80/><N who="1" m="49479" /><E96/><V2/><F2/><W22/><G22/><T98/><D98/><U33/><E33/><V19/><AGARI ba="2,1" hai="4,9,15,19,21,27,48,51" m="48235,46303" machi="19" ten="30,3000,0" yaku="18,1,52,1" doraHai="11" who="2" fromWho="2" sc="315,-12,224,-12,207,46,244,-12" /><INIT seed="2,3,0,0,5,57" ten="303,212,253,232" oya="2" hai0="77,113,14,24,20,54,56,15,22,33,9,49,43" hai1="111,40,102,69,25,7,76,98,126,63,105,3,60" hai2="16,21,39,38,124,127,110,81,58,83,129,59,91" hai3="2,128,100,107,94,90,73,17,119,5,80,44,28"/><V131/><F110/><W31/><G119/><T122/><D113/><U78/><E111/><V123/><F123/><W104/><G128/><N who="2" m="49225" /><F59/><W4/><G2/><T51/><D122/><U132/><E40/><V89/><F58/><W23/><G44/><T19/><D77/><U30/><E132/><V88/><F83/><W12/><G107/><T134/><D134/><U70/><E126/><N who="2" m="48171" /><F81/><W133/><G133/><T32/><D43/><U45/><E45/><V50/><F50/><W37/><G37/><T75/><D75/><U118/><E118/><V68/><F68/><W93/><G93/><T96/><D51/><U117/><E117/><V1/><F1/><W82/><G82/><T99/><D96/><U71/><E78/><V35/><F35/><W74/><G80/><T86/><D99/><U48/><E48/><V121/><F121/><W11/><G74/><T47/><D86/><U0/><E76/><V101/><F101/><W6/><G73/><T116/><D116/><U46/><E46/><V125/><N who="2" m="48179" /><V130/><N who="2" m="49233" /><DORA hai="66" /><V109/><DORA hai="85" /><F109/><W95/><G100/><T67/><D33/><U87/><E87/><V29/><F29/><N who="3" m="11339" /><G104/><T18/><D32/><U114/><E0/><V135/><F135/><W8/><G95/><T41/><D41/><U27/><E30/><V42/><F42/><W72/><G72/><T55/><D47/><U97/><E69/><V13/><AGARI ba="3,0" hai="13,16,21,38,39,88,89,91" m="48179,49233" machi="13" ten="60,18000,2" yaku="19,1,18,1,52,3,54,2" doraHai="57,66,85" who="2" fromWho="2" sc="303,-63,212,-63,253,189,232,-63" /><INIT seed="2,4,0,1,3,99" ten="240,149,442,169" oya="2" hai0="39,27,67,11,6,96,108,80,132,122,22,21,97" hai1="115,102,87,124,109,64,31,70,68,75,37,41,127" hai2="63,40,44,129,104,84,24,36,71,12,10,26,7" hai3="14,76,50,117,116,57,95,112,51,85,119,135,5"/><V13/><F104/><W90/><G135/><T56/><D39/><U4/><E75/><V110/><F129/><W106/><G112/><T58/><D132/><U23/><E115/><V81/><F110/><W114/><G114/><T60/><D122/><U107/><E109/><V43/><F43/><W89/><G106/><T15/><D108/><U134/><E134/><V131/><F131/><W91/><G57/><T100/><D96/><N who="1" m="61895" /><E4/><V78/><REACH who="2" step="1"/><F13/><REACH who="2" ten="240,149,432,169" step="2"/><W46/><G14/><T30/><D80/><U61/><E41/><V79/><F79/><W42/><G76/><T18/><D56/><U88/><E68/><V49/><F49/><W133/><G133/><T1/><D1/><U54/><E37/><V28/><F28/><W94/><G51/><T73/><D30/><U120/><E31/><V113/><F113/><W130/><G130/><T48/><D48/><U83/><E70/><V66/><AGARI ba="4,1" hai="7,10,12,24,26,36,40,44,63,66,71,78,81,84" machi="66" ten="30,6000,0" yaku="1,1,0,1,53,1" doraHai="99" doraHaiUra="74" who="2" fromWho="2" sc="240,-24,149,-24,432,82,169,-24" /><INIT seed="2,5,0,1,5,104" ten="216,125,514,145" oya="2" hai0="113,135,112,109,61,118,10,78,105,70,41,91,52" hai1="125,15,129,44,4,34,74,87,19,110,83,0,88" hai2="36,128,123,2,55,48,21,85,122,37,57,72,51" hai3="3,130,47,63,6,94,18,102,13,12,26,115,103"/><V77/><F2/><W14/><G130/><T116/><D105/><U79/><E129/><V100/><F128/><W35/><G115/><N who="0" m="44107" /><D10/><U43/><E110/><V96/><F85/><W84/><G63/><T67/><D91/><U120/><E120/><V53/><F21/><W17/><G47/><T56/><D78/><U62/><E34/><V31/><F31/><N who="3" m="19959" /><G84/><T93/><D93/><U71/><E125/><V7/><F7/><W64/><G64/><T28/><D28/><U75/><E62/><V92/><F122/><W29/><G94/><T82/><D82/><U117/><E71/><V81/><REACH who="2" step="1"/><F123/><REACH who="2" ten="216,125,504,145" step="2"/><W54/><G29/><T111/><D135/><U106/><E4/><V134/><F134/><W46/><G3/><T99/><D99/><U40/><E0/><V97/><F97/><W108/><G6/><T38/><D111/><U45/><E87/><V132/><F132/><W65/><G108/><T20/><D20/><U42/><E79/><V5/><F5/><W50/><G18/><T59/><D109/><U126/><E19/><V76/><F76/><W16/><G17/><T127/><D127/><U60/><E126/><V89/><F89/><W121/><G121/><T24/><D24/><U58/><E88/><V95/><F95/><W119/><G16/><T23/><D23/><U39/><E15/><V68/><F68/><W8/><G8/><T33/><D33/><U69/><E69/><V80/><F80/><W1/><G1/><T49/><D70/><U11/><E11/><V22/><F22/><W9/><G9/><T101/><D101/><U86/><E83/><RYUUKYOKU ba="5,1" sc="216,15,125,-15,504,15,145,-15" hai0="38,41,49,52,56,59,61,67,116,118" hai2="36,37,48,51,53,55,57,72,77,81,92,96,100" /><INIT seed="2,6,1,4,1,4" ten="231,110,519,130" oya="2" hai0="32,48,88,72,56,52,3,78,80,84,25,70,15" hai1="55,13,122,115,12,104,64,35,14,119,36,40,20" hai2="37,62,69,120,57,135,109,67,76,77,9,81,60" hai3="111,86,7,90,24,28,71,133,130,74,101,17,58"/><V107/><F120/><W134/><G71/><T75/><D70/><U34/><E119/><V51/><F37/><W41/><G41/><T85/><D3/><U1/><E115/><V65/><F107/><W112/><G112/><T97/><D97/><U79/><E122/><V22/><F135/><W108/><G74/><T46/><D32/><U95/><E104/><V82/><F109/><N who="3" m="42059" /><G101/><T29/><D29/><U0/><E64/><V11/><F22/><N who="3" m="15383" /><G130/><T117/><D25/><U129/><E129/><V53/><F81/><N who="3" m="49487" /><G17/><T43/><D117/><U54/><E40/><V103/><F103/><W44/><G44/><T61/><REACH who="0" step="1"/><D15/><REACH who="0" ten="221,110,519,130" step="2"/><U6/><E13/><V2/><F2/><W30/><G30/><T128/><D128/><U125/><E12/><V126/><F126/><W105/><G105/><T98/><D98/><U39/><E14/><V118/><F118/><W116/><G116/><T16/><D16/><U131/><E125/><V106/><F106/><W8/><G58/><T50/><D50/><U38/><E131/><V31/><F31/><W93/><G7/><T114/><D114/><U102/><E6/><V49/><F49/><W132/><G93/><AGARI ba="6,2" hai="43,46,48,52,56,61,72,75,78,80,84,85,88,93" machi="93" ten="30,7700,0" yaku="1,1,7,1,54,2,53,0" doraHai="4" doraHaiUra="66" who="0" fromWho="3" sc="221,115,110,0,519,0,130,-95" /><INIT seed="3,0,0,4,1,70" ten="336,110,519,35" oya="3" hai0="97,98,92,47,88,41,20,125,72,29,46,80,113" hai1="122,21,71,4,23,119,57,83,96,93,19,106,135" hai2="69,3,44,87,74,24,110,8,16,15,64,9,86" hai3="114,40,131,67,6,65,51,38,111,55,76,120,99"/><W77/><G120/><T130/><D125/><U28/><E71/><V12/><F110/><W95/><G114/><T49/><D130/><U116/><E122/><V121/><F121/><W26/><G131/><T104/><D113/><U85/><E135/><V39/><F74/><W27/><G111/><T2/><D2/><U60/><E106/><V35/><F3/><W25/><G6/><T124/><D124/><U1/><E1/><V33/><F64/><W10/><G10/><T84/><D29/><U18/><E4/><V45/><F69/><W17/><G17/><N who="1" m="6154" /><E28/><V89/><F16/><W7/><G7/><T126/><D20/><U81/><E93/><V50/><F50/><W105/><G105/><T91/><D126/><U32/><E96/><V118/><F89/><W90/><G40/><T14/><D14/><U103/><E103/><V73/><F73/><W75/><G38/><T54/><D72/><U134/><E134/><V129/><F129/><W53/><G75/><T102/><D41/><U94/><E32/><V61/><F61/><W117/><G117/><T132/><D132/><U78/><E94/><V42/><F42/><W62/><G53/><T123/><D123/><U112/><E112/><V66/><F66/><N who="3" m="25099" /><G62/><T79/><D104/><U101/><E116/><V68/><F68/><W127/><G127/><T43/><D98/><U109/><E119/><V100/><F118/><W63/><G63/><T107/><D107/><U115/><E115/><V82/><F35/><W34/><G34/><T52/><D54/><U13/><E109/><V108/><F108/><W48/><G55/><RYUUKYOKU ba="0,0" sc="336,15,110,-15,519,-15,35,15" hai0="43,46,47,49,52,79,80,84,88,91,92,97,102" hai3="25,26,27,48,51,76,77,90,95,99" /><INIT seed="3,1,0,2,1,16" ten="351,95,504,50" oya="3" hai0="68,25,30,103,86,104,77,95,112,127,67,24,129" hai1="91,1,89,106,54,52,84,93,72,99,132,113,90" hai2="74,10,92,21,19,50,12,5,58,71,32,105,14" hai3="128,59,122,119,44,101,76,120,20,4,98,36,48"/><W63/><G119/><T135/><D127/><U17/><E113/><V22/><F32/><W114/><G114/><T29/><D129/><U115/><E115/><V51/><F105/><W133/><G128/><T2/><D2/><U94/><E132/><V15/><F71/><W69/><G69/><T82/><D135/><U38/><E72/><V124/><F74/><W37/><G76/><T70/><D112/><U8/><E38/><V3/><F124/><W56/><G133/><T41/><D41/><U88/><E106/><V125/><F125/><W121/><G4/><T87/><D104/><U46/><E46/><V130/><F130/><W61/><G20/><N who="2" m="7785" /><F3/><W107/><G61/><T35/><D67/><U80/><E1/><V134/><F134/><W126/><G126/><T75/><D75/><U117/><E117/><V13/><F5/><W40/><REACH who="3" step="1"/><G59/><REACH who="3" ten="351,95,504,40" step="2"/><T100/><D68/><U109/><E80/><V26/><F58/><W45/><G45/><T57/><D57/><U96/><E84/><V47/><F47/><W23/><G23/><T118/><D70/><U31/><E8/><V102/><F26/><W18/><G18/><T65/><D118/><U97/><E31/><V131/><F131/><W7/><G7/><T83/><D35/><U0/><E17/><V110/><F110/><W43/><G43/><T6/><D6/><U11/><E11/><V39/><F39/><W79/><G79/><T9/><D77/><U85/><E0/><V64/><F10/><W62/><G62/><T60/><D9/><U42/><E109/><V73/><N who="2" m="3072" /><DORA hai="66" /><V53/><F19/><RYUUKYOKU ba="1,1" sc="351,-10,95,-10,504,-10,40,30" hai3="36,37,40,44,48,56,63,98,101,107,120,121,122" /><INIT seed="3,2,1,5,5,113" ten="341,85,494,70" oya="3" hai0="24,27,91,82,29,116,71,99,65,101,87,63,121" hai1="122,4,9,103,98,102,125,90,95,132,57,18,52" hai2="55,118,76,36,107,78,47,1,105,49,115,58,50" hai3="26,134,6,0,22,54,62,80,32,21,41,129,15"/><W11/><G41/><T40/><D121/><U56/><E122/><V64/><F115/><W93/><G134/><T85/><D40/><U97/><E132/><V33/><F118/><W38/><G38/><T17/><D17/><U124/><E18/><V3/><F36/><W114/><G114/><T131/><D131/><U66/><E66/><V35/><F64/><W67/><G129/><T12/><D12/><N who="1" m="5159" /><E98/><V14/><F14/><W25/><G54/><T130/><D130/><U2/><E2/><V8/><F8/><W44/><G44/><T86/><D27/><U7/><E7/><V10/><F10/><W48/><G48/><T111/><D111/><U13/><E13/><V109/><F55/><W110/><G110/><T51/><D51/><N who="1" m="30751" /><E57/><V53/><F53/><W34/><G93/><T31/><D31/><U77/><E77/><V43/><F58/><W61/><G80/><T84/><D116/><U92/><E92/><V69/><F43/><W68/><G62/><T73/><D73/><U89/><E103/><V5/><F5/><W28/><REACH who="3" step="1"/><G0/><REACH who="3" ten="341,85,494,60" step="2"/><T83/><D82/><U39/><E39/><V16/><F109/><W94/><G94/><T135/><D135/><U126/><AGARI ba="2,2" hai="89,90,95,97,102,124,125,126" m="30751,5159" machi="126" ten="30,2000,0" yaku="18,1,54,1" doraHai="113" who="1" fromWho="1" sc="341,-7,85,46,494,-7,60,-12" /><INIT seed="4,0,0,3,5,15" ten="334,131,487,48" oya="0" hai0="70,129,59,37,62,60,66,55,77,31,104,119,42" hai1="83,102,108,10,110,22,122,105,3,23,21,131,1" hai2="25,48,14,29,49,112,126,135,82,67,87,47,109" hai3="100,101,27,5,63,92,71,88,11,7,26,97,115"/><T57/><D104/><U38/><E38/><V51/><F109/><W106/><G115/><T20/><D77/><U68/><E68/><V99/><F112/><W41/><G41/><T36/><D31/><U90/><E122/><V94/><F135/><W18/><G5/><T24/><D24/><U95/><E83/><V79/><F126/><W76/><G76/><T117/><D20/><U32/><E32/><V85/><F67/><W74/><G74/><T56/><D129/><U12/><E102/><V43/><F85/><W84/><G101/><T86/><D86/><U65/><E65/><V91/><F14/><W73/><G73/><T121/><D121/><U72/><E105/><V93/><F93/><W75/><G75/><T132/><D132/><U98/><E72/><V124/><F124/><W9/><G71/><T127/><D127/><U52/><E131/><V113/><F113/><W64/><G7/><T19/><D19/><U34/><E34/><AGARI ba="0,0" hai="25,29,34,43,47,48,49,51,79,82,87,91,94,99" machi="34" ten="30,1000,0" yaku="7,1" doraHai="15" who="2" fromWho="1" sc="334,0,131,-10,487,10,48,0" /><INIT seed="5,0,0,2,4,8" ten="334,121,497,48" oya="1" hai0="69,64,103,84,80,62,127,82,27,77,47,78,59" hai1="68,101,33,20,71,9,26,54,88,126,17,93,15" hai2="60,44,42,134,123,97,89,107,118,50,67,72,128" hai3="18,83,130,28,55,52,49,114,40,29,117,38,13"/><U12/><E126/><V25/><F118/><W11/><G117/><T125/><D103/><U22/><E33/><V102/><F123/><W133/><G114/><T37/><D27/><U124/><E124/><N who="0" m="47689" /><D47/><U108/><E108/><V122/><F128/><W98/><G130/><T7/><D7/><U113/><E113/><V46/><F134/><W91/><G133/><T31/><D31/><U104/><E104/><V34/><F122/><W121/><G121/><T106/><D37/><U94/><E54/><V112/><F72/><W21/><G38/><T24/><D24/><U105/><E105/><V129/><F129/><W6/><G40/><T74/><D106/><U132/><E132/><V30/><F44/><W61/><G61/><T76/><D77/><U3/><E3/><V73/><F112/><W115/><G115/><T120/><D120/><U43/><E43/><V87/><F73/><W51/><G98/><T135/><D135/><U35/><E35/><V19/><F19/><W63/><G63/><T95/><D95/><U110/><E110/><V75/><F75/><W39/><G39/><T48/><D48/><U92/><E101/><V70/><F87/><N who="3" m="50687" /><G51/><T119/><D119/><U100/><E100/><V36/><F89/><W14/><G55/><T2/><D2/><U81/><E81/><V66/><F50/><W90/><G90/><T5/><D5/><N who="1" m="3119" /><E88/><V57/><F70/><AGARI ba="0,0" hai="59,62,64,69,70,74,76,78,80,82,84" m="47689" machi="70" ten="30,1000,0" yaku="18,1" doraHai="8" who="0" fromWho="2" sc="334,10,121,0,497,-10,48,0" /><INIT seed="6,0,0,4,1,110" ten="344,121,487,48" oya="2" hai0="13,133,78,38,89,72,64,60,0,70,117,56,100" hai1="90,42,129,99,27,41,36,33,93,3,98,91,126" hai2="14,2,12,85,57,67,95,46,65,54,86,106,51" hai3="50,34,45,115,25,87,18,43,111,97,19,55,116"/><V7/><F106/><W39/><G111/><T21/><D0/><U4/><E36/><V68/><F2/><W122/><G116/><T31/><D38/><U15/><E3/><V96/><F68/><W130/><G130/><T11/><D133/><U61/><E129/><V101/><F65/><W131/><G131/><T112/><D100/><U79/><E79/><V81/><F7/><W76/><G122/><T132/><D132/><U82/><E126/><V108/><F108/><W134/><G134/><T30/><D30/><U37/><E37/><V26/><F26/><W114/><G97/><T20/><D20/><U109/><E61/><N who="2" m="38319" /><F85/><W83/><G34/><T107/><D107/><U48/><E4/><V35/><F35/><W17/><REACH who="3" step="1"/><G25/><REACH who="3" ten="344,121,487,38" step="2"/><T120/><D117/><U103/><E27/><V69/><F96/><W73/><G73/><T29/><D72/><U75/><E33/><V10/><F86/><W66/><G66/><T62/><D120/><U124/><E109/><V5/><F101/><W53/><G53/><T123/><D123/><U23/><E103/><V119/><F54/><W113/><G113/><T77/><D112/><U63/><E99/><V59/><F119/><W9/><G9/><T135/><D11/><U118/><E98/><V105/><F10/><W92/><G92/><T128/><D135/><U28/><E93/><V47/><F95/><W80/><G80/><T22/><D128/><U127/><E82/><V32/><F81/><W102/><G102/><T71/><D64/><U58/><E75/><V88/><F32/><W40/><G40/><T24/><D24/><RYUUKYOKU ba="0,1" sc="344,-10,121,-10,487,-10,38,30" hai3="17,18,19,39,43,45,50,55,76,83,87,114,115" /><INIT seed="7,1,1,2,1,107" ten="334,111,477,68" oya="3" hai0="51,111,26,88,93,0,45,27,18,67,37,16,85" hai1="112,63,7,86,90,41,42,60,96,108,30,81,24" hai2="95,34,49,84,11,94,19,72,20,133,4,3,74" hai3="15,43,13,82,127,78,77,100,92,64,69,75,55"/><W104/><G43/><N who="1" m="16394" /><E108/><V71/><F71/><W106/><G127/><T129/><D18/><U25/><E112/><V114/><F34/><W47/><G78/><T124/><D26/><N who="1" m="10347" /><E30/><V17/><F114/><W33/><G33/><T105/><D85/><U110/><E110/><V36/><F36/><W44/><G44/><T130/><D93/><N who="1" m="56375" /><E7/><V65/><F133/><W116/><G116/><T14/><D51/><U9/><E9/><V39/><F65/><W68/><G68/><T48/><D45/><U83/><E81/><V103/><F39/><W50/><G64/><T8/><D88/><AGARI ba="1,1" hai="60,63,83,86,88" m="56375,10347,16394" machi="88" ten="30,2000,0" yaku="8,1,54,1" doraHai="107" who="1" fromWho="0" sc="334,-23,111,33,477,0,68,0" owari="311,11.0,144,-26.0,477,58.0,68,-43.0" /></mjloggm>