<mjloggm ver="2.3"><GO type="169" lobby="0"/><UN n0="%E3%82%A6%E3%83%AB%E3%83%88%E3%83%A9%E7%AB%8B%E7%9B%B4" n1="%E3%83%86%E3%82%BB%E3%83%A9%E3%83%83%E3%82%AF" n2="%67%61%72%75%63%69%61" n3="%73%61%69%72%61%73%75" dan="18,16,17,17" rate="2209.17,2064.59,2141.62,2148.59" sx="M,M,M,M"/><TAIKYOKU oya="0"/><INIT seed="0,0,0,5,0,61" ten="250,250,250,250" oya="0" hai0="92,56,25,33,39,118,128,62,111,37,36,93,41" hai1="15,1,116,95,3,48,44,28,20,96,82,50,67" hai2="123,75,38,97,31,133,11,4,30,108,40,42,14" hai3="54,126,83,34,125,114,78,51,74,104,64,72,89"/><T98/><D118/><U47/><E116/><V13/><F75/><N who="3" m="43487" /><G34/><T121/><D121/><U109/><E109/><V29/><F123/><W46/><G114/><T24/><D111/><U63/><E82/><V79/><F108/><W129/><G104/><T6/><D128/><U107/><E107/><V130/><F130/><W103/><G103/><T59/><D6/><U99/><E3/><V7/><F79/><W88/><G129/><T9/><D9/><U84/><E1/><V10/><F133/><W90/><G64/><T21/><D59/><N who="1" m="37375" /><E84/><V102/><REACH who="2" step="1"/><F38/><REACH who="2" ten="250,250,240,250" step="2"/><W68/><G74/><T43/><D39/><U113/><E113/><V106/><AGARI ba="0,1" hai="4,7,10,11,13,14,29,30,31,40,42,97,102,106" machi="106" ten="30,7900,0" yaku="1,1,2,1,0,1,9,1,53,0" doraHai="61" doraHaiUra="55" who="2" fromWho="2" sc="250,-39,250,-20,240,89,250,-20" /><INIT seed="1,0,0,4,0,121" ten="211,230,329,230" oya="1" hai0="132,10,69,85,97,60,75,92,56,84,24,119,15" hai1="48,33,81,129,71,102,122,19,30,21,52,9,54" hai2="116,83,58,46,112,22,31,134,14,25,107,125,130" hai3="41,44,126,135,113,70,38,77,28,34,82,115,94"/><U43/><E122/><V11/><F107/><W49/><G135/><T101/><D119/><U124/><E71/><V86/><F116/><W61/><G126/><T2/><D132/><U74/><E124/><V55/><F134/><W0/><G0/><T63/><D75/><U6/><E129/><V47/><F125/><W73/><G94/><T36/><D36/><U87/><E102/><V65/><F65/><N who="3" m="41263" /><G49/><T32/><D2/><U79/><E74/><V91/><F130/><W5/><G5/><T127/><D127/><U80/><E80/><V78/><F78/><W17/><G17/><T90/><D69/><U13/><E30/><V8/><F112/><W7/><G7/><T89/><D24/><AGARI ba="0,0" hai="24,28,34,38,41,44,73,77,82,113,115" m="41263" machi="24" ten="30,1000,0" yaku="23,1" doraHai="121" who="3" fromWho="0" sc="211,-10,230,0,329,0,230,10" /><INIT seed="2,0,0,3,0,84" ten="201,230,329,240" oya="2" hai0="52,102,128,97,88,120,53,78,80,44,77,95,1" hai1="98,59,117,121,71,42,17,55,93,51,11,90,54" hai2="81,7,66,114,49,130,22,94,41,110,85,29,33" hai3="25,109,124,99,35,105,74,92,26,131,111,116,30"/><V10/><F114/><W70/><G70/><T48/><D1/><U69/><E121/><V19/><F130/><W57/><G116/><T96/><D120/><U32/><E32/><V64/><F33/><W104/><G74/><T27/><D128/><U126/><E126/><V31/><F94/><W123/><G131/><T2/><D2/><U67/><E117/><V8/><F110/><N who="3" m="41995" /><G26/><T100/><D27/><U133/><E133/><V0/><F10/><W61/><G123/><T132/><D132/><U122/><E122/><V107/><F107/><W129/><G124/><T37/><D37/><U125/><E125/><V83/><F83/><W21/><G35/><T56/><D80/><U127/><E127/><V14/><F49/><W36/><G36/><T79/><D97/><U86/><E42/><V58/><F41/><W65/><G129/><T134/><D134/><U34/><E34/><V76/><REACH who="2" step="1"/><F66/><REACH who="2" ten="201,230,319,240" step="2"/><W23/><G21/><T115/><D115/><U3/><E67/><V18/><F18/><W38/><G38/><T15/><D15/><U4/><E17/><V62/><AGARI ba="0,1" hai="0,7,8,14,19,22,29,31,58,62,64,76,81,85" machi="62" ten="30,3000,0" yaku="1,1,0,1,53,0" doraHai="84" doraHaiUra="50" who="2" fromWho="2" sc="201,-10,230,-10,319,40,240,-10" /><INIT seed="2,1,0,4,1,63" ten="191,220,359,230" oya="2" hai0="54,116,79,64,66,11,110,42,103,134,1,108,18" hai1="62,76,72,0,90,22,8,91,133,38,3,24,53" hai2="37,30,86,98,55,125,43,51,48,58,73,78,104" hai3="111,106,100,119,82,12,84,107,26,6,112,17,77"/><V32/><F73/><W27/><G119/><T60/><D42/><U113/><E113/><V117/><F117/><W132/><G111/><N who="0" m="42539" /><D116/><U29/><E38/><V39/><F125/><W70/><G132/><T92/><D79/><U40/><E133/><V25/><F78/><W129/><G129/><T4/><D134/><U75/><E40/><V2/><F2/><W67/><G6/><T126/><D18/><U127/><E127/><V50/><F86/><W128/><G128/><T135/><D135/><U10/><E91/><V41/><F41/><W20/><G112/><T114/><D114/><U44/><E90/><V34/><F34/><W97/><REACH who="3" step="1"/><G106/><REACH who="3" ten="191,220,359,220" step="2"/><T71/><D126/><U102/><E3/><V59/><F37/><W95/><G95/><T15/><D1/><U45/><E0/><V93/><F104/><W121/><G121/><T57/><D71/><U65/><E75/><V28/><F39/><W56/><G56/><T31/><D31/><U36/><E72/><V5/><F5/><W115/><G115/><T83/><D83/><U47/><E36/><V81/><F81/><W14/><G14/><T109/><D109/><U61/><E76/><V69/><F69/><W16/><G16/><T33/><D33/><U21/><E44/><V122/><F122/><W74/><G74/><T80/><D80/><U124/><E45/><V88/><F59/><W87/><G87/><T35/><D35/><U94/><E47/><V9/><F43/><W131/><G131/><T13/><D13/><U101/><E94/><V68/><F68/><W96/><G96/><AGARI ba="1,1" hai="4,11,15,54,57,60,64,66,92,96,103" m="42539" machi="96" ten="30,3900,0" yaku="14,1,52,2" doraHai="63" who="0" fromWho="3" sc="191,52,220,0,359,0,220,-42" /><INIT seed="3,0,0,2,0,6" ten="243,220,359,178" oya="3" hai0="134,29,1,103,124,46,86,99,110,129,45,7,123" hai1="21,132,114,90,26,15,72,108,125,119,39,102,118" hai2="17,55,84,41,11,52,83,61,3,88,0,51,113" hai3="112,31,2,68,14,42,69,19,48,74,98,25,5"/><W120/><G120/><T105/><D123/><U34/><E39/><V116/><F113/><W54/><G112/><T73/><D73/><U75/><E114/><V115/><F115/><W96/><G74/><T44/><D110/><U93/><E132/><V76/><F116/><N who="1" m="44585" /><E108/><V40/><F0/><W56/><G42/><T28/><D134/><U91/><E125/><V63/><F76/><W37/><G37/><T36/><D36/><U12/><E34/><V50/><F3/><W77/><G77/><T65/><D129/><U27/><E102/><V66/><F51/><W89/><G5/><T70/><D86/><N who="1" m="52439" /><E91/><V81/><F81/><W22/><G2/><T122/><D122/><U94/><E94/><V100/><F100/><W92/><REACH who="3" step="1"/><G98/><REACH who="3" ten="243,220,359,168" step="2"/><T131/><D1/><U78/><E75/><V95/><F41/><W97/><G97/><T126/><D7/><U101/><E101/><V35/><F40/><W33/><AGARI ba="0,1" hai="14,19,22,25,31,33,48,54,56,68,69,89,92,96" machi="33" ten="20,3900,0" yaku="1,1,0,1,7,1,53,0" doraHai="6" doraHaiUra="109" who="3" fromWho="3" sc="243,-13,220,-13,359,-13,168,49" /><INIT seed="3,1,0,3,5,43" ten="230,207,346,217" oya="3" hai0="92,5,77,35,24,6,4,58,98,31,26,79,65" hai1="14,42,46,101,94,107,130,75,11,110,134,111,53" hai2="89,71,19,93,8,60,30,52,48,123,15,133,33" hai3="83,116,69,125,112,64,121,102,124,108,41,103,84"/><W80/><G121/><T38/><D38/><U0/><E75/><V76/><F133/><W113/><G69/><T95/><D95/><U3/><E134/><V81/><F123/><W74/><G64/><T82/><D82/><U114/><E114/><N who="3" m="44138" /><G116/><T120/><D120/><U78/><E78/><N who="0" m="29705" /><D35/><U59/><E130/><V57/><F33/><W131/><G131/><T17/><D17/><U63/><E107/><V129/><F129/><W25/><G25/><T2/><D2/><U119/><E119/><V20/><F71/><W34/><G41/><T7/><N who="0" m="1024" /><DORA hai="18" /><T55/><D65/><U73/><E73/><V10/><F30/><W100/><G34/><T44/><D31/><U67/><E67/><N who="2" m="39311" /><F81/><N who="3" m="31307" /><G108/><N who="1" m="41514" /><E94/><V49/><F49/><W56/><G74/><T104/><D104/><U1/><E101/><V135/><F76/><W29/><G29/><T105/><D105/><U13/><E11/><V88/><F135/><W32/><G32/><T72/><D72/><U27/><E27/><V47/><F89/><W127/><G84/><AGARI ba="1,0" hai="8,10,15,19,20,47,48,52,84,88,93" m="39311" machi="84" ten="30,8000,1" yaku="8,1,52,2,54,2" doraHai="43,18" who="2" fromWho="3" sc="230,0,207,0,346,83,217,-83" /><INIT seed="4,0,0,5,2,28" ten="230,207,429,134" oya="0" hai0="45,65,79,105,52,72,19,68,4,107,81,10,20" hai1="50,93,120,36,134,32,127,109,41,56,132,76,129" hai2="54,47,0,66,30,131,125,6,84,74,34,43,39" hai3="59,112,116,58,124,95,130,60,115,83,17,26,8"/><T55/><D65/><U15/><E120/><V78/><F125/><W22/><G116/><T98/><D68/><U62/><E127/><V11/><F84/><W97/><G124/><T80/><D80/><U94/><E109/><V91/><F91/><W64/><G130/><T1/><D45/><U61/><E129/><V85/><F85/><W25/><G83/><T46/><D46/><N who="1" m="23847" /><E76/><V49/><F66/><W122/><G8/><T24/><REACH who="0" step="1"/><D98/><REACH who="0" ten="220,207,429,134" step="2"/><U12/><E56/><V5/><F47/><W51/><G122/><T2/><D2/><U114/><E114/><N who="3" m="43562" /><G58/><T37/><D37/><U128/><E62/><V57/><F39/><W67/><G51/><T75/><D75/><U69/><E50/><V89/><F74/><W9/><G67/><T16/><D16/><U118/><E61/><V38/><F38/><W133/><G133/><T13/><D13/><U117/><E12/><V111/><F57/><W108/><G108/><T42/><D42/><U106/><E15/><V88/><F43/><W33/><G9/><T27/><D27/><U3/><E69/><V123/><F111/><W35/><G26/><T103/><D103/><AGARI ba="0,1" hai="17,22,25,33,35,59,60,64,95,97,103" m="43562" machi="103" ten="30,3900,0" yaku="15,1,52,2" doraHai="28" who="3" fromWho="0" sc="220,-39,207,0,429,0,134,49" /><INIT seed="5,0,0,5,1,36" ten="181,207,429,183" oya="1" hai0="37,75,61,66,38,51,109,6,96,8,33,30,17" hai1="2,117,78,71,82,40,135,72,12,98,68,47,101" hai2="108,77,7,67,35,85,64,119,53,120,129,102,34" hai3="19,45,115,56,111,107,84,46,88,106,39,105,73"/><U52/><E2/><V97/><F53/><W48/><G111/><T27/><D109/><U130/><E117/><V104/><F7/><W16/><G73/><T79/><D17/><U10/><E130/><V0/><F0/><W69/><G69/><T134/><D134/><U32/><E32/><V63/><F67/><W62/><G115/><T29/><D29/><U95/><E52/><V70/><F108/><W87/><G39/><T123/><D123/><U57/><E57/><V110/><F110/><W18/><G48/><T55/><D96/><U121/><E135/><V21/><F120/><W131/><G131/><T92/><D92/><U76/><E76/><V99/><F99/><W5/><G87/><T59/><D79/><U122/><E122/><V127/><F129/><W89/><G5/><T90/><D90/><U133/><E133/><V11/><F11/><W50/><G50/><T13/><REACH who="0" step="1"/><D75/><REACH who="0" ten="171,207,429,183" step="2"/><U83/><E121/><V80/><F119/><W114/><G89/><T113/><D113/><U54/><E83/><V24/><F127/><W93/><REACH who="3" step="1"/><G114/><REACH who="3" ten="171,207,429,173" step="2"/><T42/><D42/><U103/><E40/><V28/><AGARI ba="0,2" hai="21,24,28,34,35,63,64,70,77,80,85,97,102,104" machi="28" ten="20,1500,0" yaku="0,1,7,1" doraHai="36" who="2" fromWho="2" sc="171,-4,207,-7,429,35,173,-4" /><INIT seed="6,0,0,5,5,111" ten="167,200,464,169" oya="2" hai0="113,108,24,88,1,112,94,43,57,99,61,47,79" hai1="36,31,46,30,124,73,100,120,71,62,38,33,19" hai2="84,14,10,52,77,12,86,53,83,119,3,133,44" hai3="101,98,109,51,67,32,92,56,0,37,82,11,15"/><V63/><F119/><W76/><G37/><T110/><D1/><U69/><E120/><V6/><F133/><W40/><G109/><T135/><D79/><U78/><E124/><V22/><F3/><W27/><G0/><T65/><D135/><U20/><E100/><V117/><F117/><W126/><G126/><T121/><D121/><U105/><E105/><V104/><F104/><W29/><G67/><T85/><D24/><U97/><E97/><V35/><F35/><W81/><G76/><T66/><D66/><U4/><E4/><V107/><F107/><W106/><G106/><T130/><D130/><U25/><E31/><V8/><F22/><N who="3" m="15607" /><G56/><T118/><D118/><U64/><E71/><V34/><F34/><W7/><G32/><T93/><D110/><U16/><E46/><AGARI ba="0,0" hai="7,11,15,40,46,51,81,82,92,98,101" m="15607" machi="46" ten="30,1000,0" yaku="8,1" doraHai="111" who="3" fromWho="1" sc="167,0,200,-10,464,0,169,10" /><INIT seed="7,0,0,4,1,42" ten="167,190,464,179" oya="3" hai0="125,118,40,19,49,88,116,96,126,31,133,62,21" hai1="57,72,22,75,23,27,6,99,95,71,5,32,80" hai2="103,34,81,69,122,11,63,102,115,39,87,12,79" hai3="15,119,91,132,54,101,28,48,131,20,113,111,120"/><W30/><G113/><T117/><D31/><U106/><E71/><V41/><F34/><W51/><G120/><T135/><D62/><U85/><E106/><V18/><F115/><W123/><G123/><T50/><D96/><U110/><E110/><V60/><F122/><W121/><G119/><T93/><D88/><N who="1" m="51239" /><E32/><V129/><F129/><W9/><G131/><T44/><D93/><U77/><E77/><V84/><F39/><W92/><G132/><N who="0" m="50763" /><D50/><U29/><E75/><V74/><F74/><W134/><G111/><T67/><D67/><U58/><E72/><V17/><F69/><W100/><G134/><T7/><D7/><N who="1" m="2571" /><E22/><V38/><F38/><W112/><G20/><T46/><D46/><U83/><E83/><N who="2" m="47231" /><F41/><W3/><G112/><T13/><AGARI ba="0,0" hai="13,19,21,40,44,49,116,117,118,125,126" m="50763" machi="13" ten="40,2700,0" yaku="20,1,52,1" doraHai="42" who="0" fromWho="0" sc="167,27,190,-7,464,-7,179,-13" owari="194,-1.0,183,-22.0,457,56.0,166,-33.0" /></mjloggm>