<mjloggm ver="2.3"><GO type="233" lobby="0"/><UN n0="%E5%B0%8F%E9%98%AA%E3%81%A1%E3%81%B2%E3%82%8D" n1="%E3%83%8B%E3%83%A3%E3%83%83%E3%83%94%E3%83%BC%E5%A4%8F%E7%9B%AE" n2="%E3%82%A6%E3%83%AB%E3%83%88%E3%83%A9%E7%AB%8B%E7%9B%B4" n3="%E3%83%AA%E3%83%81%E3%83%A3%21%21" dan="18,18,18,18" rate="2254.80,2203.39,2250.86,2265.90" sx="F,M,M,M"/><TAIKYOKU oya="0"/><INIT seed="0,0,0,0,3,58" ten="250,250,250,250" oya="0" hai0="108,103,25,34,130,100,116,88,134,14,90,61,48" hai1="10,118,16,129,36,127,99,91,114,47,0,77,87" hai2="53,122,22,6,124,93,72,64,15,45,96,1,102" hai3="94,56,63,20,98,73,119,107,5,35,11,78,89"/><T109/><D116/><U59/><E118/><V110/><F122/><W67/><G35/><T120/><D120/><U37/><E129/><V92/><F72/><W54/><G119/><T70/><D130/><U50/><E127/><V12/><F124/><W32/><G32/><T38/><D38/><U82/><E0/><V105/><F110/><N who="0" m="42602" /><D134/><U71/><E71/><V55/><F105/><W24/><G107/><T112/><D112/><U9/><E114/><V86/><F64/><W3/><G73/><T84/><D14/><U8/><E59/><V49/><F1/><W68/><G78/><T60/><D70/><U33/><E33/><V57/><F6/><W28/><REACH who="3" step="1"/><G68/><REACH who="3" ten="250,250,250,240" step="2"/><T52/><D34/><U126/><E126/><V128/><F128/><W31/><G31/><T76/><D25/><U66/><E77/><V19/><F15/><W81/><G81/><N who="0" m="49167" /><D76/><U121/><E121/><V39/><F12/><W75/><G75/><T79/><D79/><U42/><E82/><V18/><F93/><W27/><G27/><T43/><D43/><U135/><E42/><V2/><F92/><W69/><G69/><T30/><D30/><U21/><E135/><V26/><F26/><W74/><G74/><T95/><D100/><U133/><E133/><V41/><F102/><W111/><G111/><T29/><D103/><U65/><E91/><V83/><F41/><W106/><G106/><T51/><D29/><U97/><E37/><V62/><F39/><W104/><G104/><T7/><D95/><U123/><E36/><V40/><F2/><W113/><G113/><T117/><D90/><RYUUKYOKU ba="0,1" sc="250,-10,250,-10,250,-10,240,30" hai3="3,5,11,20,24,28,54,56,63,67,89,94,98" /><INIT seed="1,1,1,0,4,0" ten="240,240,240,270" oya="1" hai0="52,35,102,63,20,135,18,113,25,98,56,71,86" hai1="47,72,97,15,50,1,45,80,59,84,13,120,2" hai2="46,118,26,90,106,96,39,78,57,111,3,42,22" hai3="124,103,107,7,30,110,116,77,133,53,67,99,91"/><U21/><E72/><V11/><F118/><W126/><G30/><T88/><D113/><U87/><E120/><V29/><F111/><W62/><G110/><T127/><D127/><N who="3" m="48681" /><G133/><T10/><D135/><U5/><E97/><V125/><F125/><W60/><G77/><T65/><D10/><N who="1" m="4303" /><E1/><V121/><F121/><W68/><G116/><T14/><D35/><U9/><E2/><V38/><F78/><W132/><G132/><T23/><D98/><U134/><E21/><V41/><F57/><N who="3" m="34863" /><G91/><T61/><D102/><U28/><E28/><V83/><F106/><W33/><G7/><T85/><REACH who="0" step="1"/><D88/><REACH who="0" ten="230,240,240,270" step="2"/><N who="1" m="51207" /><E134/><V55/><F3/><W66/><G33/><T34/><D34/><U54/><E87/><V94/><F11/><W119/><G119/><T115/><D115/><U32/><E32/><V16/><F90/><W114/><G114/><T19/><AGARI ba="1,2" hai="14,18,19,20,23,25,52,56,61,63,65,71,85,86" machi="19" ten="20,5200,0" yaku="1,1,0,1,7,1,54,1,53,0" doraHai="0" doraHaiUra="69" who="0" fromWho="0" sc="230,75,240,-27,240,-14,270,-14" /><INIT seed="2,0,0,0,1,16" ten="305,213,226,256" oya="2" hai0="74,103,127,89,82,83,126,106,22,37,54,41,109" hai1="63,17,42,69,47,1,29,61,39,19,113,97,116" hai2="9,30,112,43,72,75,28,20,27,90,94,59,86" hai3="119,80,108,33,76,36,44,135,12,121,85,64,133"/><V87/><F112/><W23/><G119/><T51/><D41/><U105/><E113/><V102/><F43/><N who="3" m="22631" /><G33/><T40/><D40/><U78/><E116/><V48/><F102/><W0/><G0/><T124/><D37/><U110/><E1/><V71/><F71/><W14/><G64/><T55/><D109/><U15/><E110/><V25/><F9/><W79/><G108/><T49/><D74/><U65/><E78/><V98/><F75/><W58/><G121/><T114/><D114/><U11/><E61/><V2/><F2/><W10/><G79/><T56/><D103/><U107/><E97/><V95/><F72/><W50/><G23/><T38/><D106/><U24/><REACH who="1" step="1"/><E17/><REACH who="1" ten="305,203,226,256" step="2"/><V130/><F130/><W31/><G76/><T21/><D89/><U88/><E88/><N who="2" m="53535" /><F98/><W131/><G135/><T57/><D38/><U4/><E4/><V123/><F123/><W92/><G133/><T122/><D122/><U93/><E93/><V81/><F95/><W70/><G92/><T73/><D73/><U46/><E46/><V62/><F48/><W91/><G50/><T96/><D96/><U60/><E60/><V67/><F27/><W129/><G131/><T45/><D45/><U125/><E125/><V18/><AGARI ba="0,1" hai="18,20,25,28,30,59,62,67,81,86,90" m="53535" machi="18" ten="30,6000,0" yaku="8,1,52,1,54,1" doraHai="16" who="2" fromWho="2" sc="305,-20,203,-20,226,70,256,-20" /><INIT seed="2,1,0,3,1,36" ten="285,183,296,236" oya="2" hai0="59,94,104,32,127,40,22,115,95,43,47,2,31" hai1="81,64,35,25,75,100,106,90,73,112,135,80,89" hai2="131,99,66,54,4,19,50,121,102,42,65,98,69" hai3="70,8,83,120,10,113,14,123,108,21,92,67,105"/><V3/><F121/><W56/><G105/><T37/><D104/><U5/><E5/><V61/><F66/><W118/><G108/><T124/><D115/><U20/><E35/><V122/><F122/><W78/><G118/><T49/><D2/><U38/><E38/><V128/><F19/><W11/><G70/><T18/><D31/><U111/><E64/><V39/><F4/><W84/><G113/><T86/><D32/><U101/><E20/><V129/><F3/><W133/><G133/><T132/><D132/><U107/><E25/><V119/><F119/><W110/><G110/><T51/><D37/><U71/><E71/><V76/><F76/><W72/><G72/><T7/><D7/><U34/><E34/><V130/><F102/><W91/><G21/><T134/><D134/><U114/><E135/><V126/><F126/><N who="0" m="48170" /><D86/><U13/><E13/><V63/><F63/><N who="3" m="38375" /><G123/><T74/><D74/><U30/><E30/><V87/><F87/><N who="3" m="52351" /><G120/><T68/><D68/><U53/><E53/><V125/><F125/><W58/><G58/><T103/><D103/><U77/><E111/><V82/><F131/><W45/><G45/><N who="0" m="25767" /><D59/><U46/><E46/><N who="2" m="23903" /><F82/><W116/><G116/><T93/><D93/><U17/><E17/><AGARI ba="1,0" hai="8,10,11,14,17,78,83,84" m="52351,38375" machi="17" ten="30,1000,0" yaku="8,1" doraHai="36" who="3" fromWho="1" sc="285,0,183,-13,296,0,236,13" /><INIT seed="3,0,0,5,2,93" ten="285,170,296,249" oya="3" hai0="89,82,103,27,33,8,19,45,16,38,81,17,10" hai1="77,48,43,128,47,87,53,55,124,50,41,40,49" hai2="9,5,58,15,102,73,1,61,11,107,109,2,134" hai3="25,96,59,123,21,110,120,13,54,69,116,71,39"/><W34/><G116/><T31/><D103/><U12/><E128/><V130/><F73/><W113/><G113/><T135/><D135/><U14/><E124/><V46/><F109/><W79/><G39/><T42/><REACH who="0" step="1"/><D89/><REACH who="0" ten="275,170,296,249" step="2"/><U28/><E28/><V114/><F102/><W108/><G120/><T104/><D104/><U131/><E131/><V30/><F107/><W36/><G123/><T121/><D121/><U132/><E132/><V3/><F30/><N who="3" m="19791" /><G79/><T127/><D127/><U92/><E77/><V95/><F134/><W118/><G118/><T133/><D133/><U115/><E115/><V37/><F114/><W86/><G36/><T4/><D4/><U20/><E47/><V68/><F46/><W29/><G110/><T119/><D119/><U78/><E78/><V88/><F37/><W22/><G108/><T111/><D111/><U72/><E72/><V94/><F5/><W64/><G71/><T122/><D122/><U65/><E65/><V105/><F68/><W67/><G29/><T83/><AGARI ba="0,1" hai="8,10,16,17,19,27,31,33,38,42,45,81,82,83" machi="83" ten="30,4000,0" yaku="1,1,0,1,54,1,53,0" doraHai="93" doraHaiUra="129" who="0" fromWho="0" sc="275,50,170,-10,296,-10,249,-20" /><INIT seed="4,0,0,3,3,25" ten="325,160,286,229" oya="0" hai0="131,100,72,1,81,59,118,10,133,40,84,47,39" hai1="48,97,17,6,102,127,67,22,88,132,115,74,82" hai2="12,125,94,11,19,104,108,63,4,9,129,98,27" hai3="135,106,55,117,96,46,86,68,83,57,31,24,13"/><T64/><D118/><U107/><E132/><V33/><F104/><W60/><G117/><T16/><D133/><U75/><E127/><V2/><F63/><W18/><G135/><T95/><D131/><U116/><E116/><V51/><F51/><W26/><G26/><T65/><D59/><U8/><E115/><V49/><F49/><W20/><G68/><T112/><D112/><U32/><E32/><V56/><F56/><W35/><G46/><T50/><D50/><U42/><E67/><V89/><F108/><W103/><G86/><T91/><D100/><U30/><E30/><N who="2" m="19679" /><F11/><W41/><REACH who="3" step="1"/><G83/><REACH who="3" ten="325,160,286,219" step="2"/><T105/><D81/><U38/><E38/><V29/><F125/><W76/><G76/><T113/><D47/><U23/><E42/><AGARI ba="0,1" hai="13,18,20,24,31,35,41,42,55,57,60,96,103,106" machi="42" ten="40,8000,1" yaku="1,1,52,1,53,2" doraHai="25" doraHaiUra="37" who="3" fromWho="1" sc="325,0,160,-80,286,0,219,90" /><INIT seed="5,0,0,4,5,111" ten="325,80,286,309" oya="1" hai0="89,37,128,40,25,68,32,27,130,123,91,127,59" hai1="10,14,54,43,73,6,120,104,11,106,50,58,98" hai2="117,29,35,3,4,57,60,65,83,39,36,34,118" hai3="77,88,78,66,80,15,95,8,2,125,61,21,99"/><U5/><E120/><V102/><F57/><N who="3" m="37167" /><G2/><T69/><D127/><U82/><E98/><V51/><F51/><W121/><G121/><T132/><D132/><U41/><E106/><V94/><F94/><W96/><G125/><T46/><D123/><U101/><E101/><V38/><F83/><W52/><G21/><T63/><D89/><U24/><E104/><V64/><F64/><W0/><G0/><T13/><D91/><U74/><E24/><N who="0" m="9289" /><D13/><U1/><REACH who="1" step="1"/><E82/><REACH who="1" ten="325,70,286,309" step="2"/><V135/><F102/><W133/><G99/><T30/><D30/><U33/><E33/><V79/><F29/><W42/><G80/><T81/><D32/><U112/><E112/><V116/><F35/><W105/><G105/><T134/><D81/><U45/><E45/><V67/><F34/><W124/><G124/><T53/><D134/><U9/><E9/><V115/><F135/><W107/><G133/><T122/><D122/><U49/><E49/><V108/><F115/><W22/><G107/><T44/><D44/><U113/><E113/><V48/><F48/><W71/><G8/><T100/><D100/><U72/><AGARI ba="0,1" hai="1,5,6,10,11,14,41,43,50,54,58,72,73,74" machi="72" ten="30,3000,0" yaku="1,1,0,1,53,0" doraHai="111" doraHaiUra="76" who="1" fromWho="1" sc="325,-10,70,40,286,-10,309,-10" /><INIT seed="5,1,0,0,0,40" ten="315,110,276,299" oya="1" hai0="69,35,24,88,10,75,25,108,47,98,37,62,114" hai1="90,53,18,71,12,95,9,57,96,63,22,14,135" hai2="110,119,3,81,21,109,60,6,59,80,92,107,13" hai3="5,16,115,134,34,103,30,79,52,121,49,126,65"/><U82/><E135/><V20/><F107/><W131/><G121/><T56/><D108/><U133/><E133/><V4/><F92/><W55/><G134/><T87/><D75/><U27/><E71/><V41/><F41/><W7/><G115/><T32/><D69/><U2/><REACH who="1" step="1"/><E82/><REACH who="1" ten="315,100,276,299" step="2"/><V116/><F80/><W11/><G131/><T74/><D114/><U124/><E124/><V36/><F81/><W33/><G126/><T99/><D74/><U111/><E111/><V64/><F110/><W73/><G73/><T94/><D32/><U1/><E1/><V118/><F3/><W78/><G33/><T42/><D35/><U50/><E50/><V93/><F109/><W85/><G49/><T68/><D68/><U86/><E86/><V8/><F116/><W38/><G34/><T104/><D37/><U15/><E15/><V76/><F36/><W29/><G85/><T127/><D87/><U23/><E23/><V102/><F119/><W61/><G38/><T113/><D127/><U39/><E39/><V19/><F118/><W72/><G72/><T17/><D113/><U54/><E54/><V89/><F21/><W122/><G52/><T128/><D128/><U77/><E77/><V123/><F76/><W31/><G55/><T0/><D0/><U83/><E83/><V66/><F20/><W117/><G79/><T44/><D24/><U105/><E105/><V48/><F48/><W70/><G78/><T43/><D25/><U26/><E26/><V45/><F13/><N who="3" m="7231" /><G117/><T84/><D104/><U51/><E51/><V67/><F67/><W58/><G70/><RYUUKYOKU ba="1,1" sc="315,-10,100,30,276,-10,299,-10" hai1="2,9,12,14,18,22,27,53,57,63,90,95,96" /><INIT seed="5,2,1,4,3,76" ten="305,130,266,289" oya="1" hai0="6,39,78,110,120,46,111,121,123,0,95,70,45" hai1="43,55,79,112,113,49,96,12,53,61,19,101,50" hai2="16,98,116,30,8,130,104,118,3,27,40,80,47" hai3="64,106,88,128,13,94,9,34,20,87,22,97,77"/><U132/><E132/><V103/><F130/><W129/><G34/><T89/><D70/><U26/><E26/><V102/><F102/><N who="3" m="62799" /><G64/><T83/><D6/><U58/><E79/><V72/><F72/><W73/><G20/><T84/><D0/><U125/><E125/><V15/><F3/><W32/><G22/><T2/><D2/><U131/><E43/><V75/><F80/><N who="3" m="45103" /><G32/><T54/><D39/><U1/><E1/><V4/><F75/><W74/><G74/><N who="0" m="43479" /><D54/><U86/><E86/><V42/><F4/><AGARI ba="2,1" hai="4,9,13,87,88,94,128,129" m="45103,62799" machi="4" ten="30,3900,0" yaku="24,1,52,1,54,1" doraHai="76" who="3" fromWho="2" sc="305,0,130,0,266,-45,289,55" /><INIT seed="6,0,0,2,2,55" ten="305,130,221,344" oya="2" hai0="111,131,81,7,15,35,74,97,59,2,24,88,100" hai1="44,75,3,108,48,117,135,52,42,91,82,47,109" hai2="6,106,90,71,41,5,11,126,73,103,31,80,36" hai3="105,57,130,119,37,87,51,56,129,12,54,107,110"/><V19/><F71/><W28/><G110/><T113/><D2/><U123/><E117/><V9/><F31/><W40/><G119/><T46/><D111/><U18/><E135/><V101/><F106/><W17/><G28/><T79/><D131/><N who="3" m="50185" /><G87/><T125/><D125/><U45/><E123/><V104/><F19/><W29/><G29/><T32/><D46/><U86/><E3/><V67/><F67/><W78/><G78/><T120/><D120/><U68/><E68/><V43/><F104/><W94/><G94/><T70/><D70/><U121/><E121/><V95/><F80/><W84/><G84/><T53/><D24/><U76/><E18/><V8/><F73/><W1/><G57/><T65/><D32/><U20/><E20/><V93/><F36/><W99/><G99/><T83/><D35/><U124/><E124/><V30/><F30/><W114/><G1/><T96/><D96/><U118/><E118/><V60/><F11/><N who="3" m="6303" /><G114/><T58/><D97/><U66/><E66/><V23/><F23/><W85/><G85/><T127/><D127/><U49/><REACH who="1" step="1"/><E47/><AGARI ba="0,0" hai="37,40,47,51,54,56,105,107" m="6303,50185" machi="47" ten="30,2000,0" yaku="19,1,52,1" doraHai="55" who="3" fromWho="1" sc="305,0,130,-20,221,0,344,20" /><INIT seed="7,0,0,1,1,129" ten="305,110,221,364" oya="3" hai0="81,29,72,125,23,69,41,51,62,127,107,96,0" hai1="3,98,65,61,102,10,105,19,60,25,88,1,115" hai2="31,70,101,35,93,64,59,11,82,126,85,43,112" hai3="26,39,5,40,58,97,116,118,86,124,13,49,46"/><W56/><G124/><T14/><D0/><U55/><E115/><V84/><F35/><W99/><G86/><T79/><D41/><U22/><E10/><V17/><F59/><W53/><G26/><T109/><D109/><U113/><E113/><V76/><F17/><W24/><G24/><T92/><D51/><U117/><E117/><V95/><F64/><W108/><G108/><T9/><D107/><U32/><E32/><V34/><F70/><W37/><G97/><T74/><D74/><U87/><E61/><V83/><F31/><W8/><G99/><T78/><D78/><U91/><E91/><V134/><F43/><W21/><G21/><T121/><D121/><U63/><E63/><V57/><F57/><W6/><G39/><T54/><D23/><U67/><E67/><V38/><F38/><W15/><G56/><T30/><D54/><U100/><E100/><V73/><F11/><AGARI ba="0,0" hai="5,6,8,11,13,15,37,40,46,49,53,58,116,118" machi="11" ten="40,2000,0" yaku="9,1" doraHai="129" who="3" fromWho="2" sc="305,0,110,0,221,-20,364,20" owari="305,11.0,110,-39.0,201,-20.0,384,48.0" /></mjloggm>