<mjloggm ver="2.3"><GO type="41" lobby="0"/><UN n0="%E7%A2%A7%E9%A2%A8" n1="%E3%83%A8%E3%82%B7%E3%83%84%E3%83%8D" n2="%E5%B0%B1%E6%B4%BB%E7%94%9F%40%E5%B7%9D%E6%9D%91%E8%BB%8D%E5%9B%A3" n3="%61%66%61%79%61" dan="13,14,17,14" rate="1874.55,1919.90,2172.46,1912.32" sx="M,M,M,M"/><TAIKYOKU oya="0"/><INIT seed="0,0,0,5,5,85" ten="250,250,250,250" oya="0" hai0="68,41,17,97,135,119,3,18,7,52,111,4,122" hai1="106,87,22,71,112,114,105,26,86,89,27,102,74" hai2="0,82,59,76,38,124,49,50,6,57,31,100,15" hai3="34,125,94,90,96,13,121,60,2,33,115,47,109"/><T45/><D122/><U11/><E71/><V73/><F124/><W91/><G2/><T80/><D119/><U32/><E74/><V39/><F100/><W40/><G115/><N who="1" m="44074" /><E102/><V10/><F31/><W55/><G121/><T12/><D111/><U98/><E32/><V20/><F20/><W103/><G109/><T108/><D108/><U88/><E98/><V63/><F57/><W116/><G116/><T1/><D135/><U126/><E11/><V93/><F93/><W56/><G125/><T37/><D68/><U107/><E126/><V134/><F134/><W117/><G117/><T95/><D80/><N who="1" m="49223" /><E22/><V128/><F128/><W92/><G13/><T81/><D81/><AGARI ba="0,0" hai="26,27,81,87,89,105,106,107" m="49223,44074" machi="81" ten="40,8000,1" yaku="11,1,52,2,54,1" doraHai="85" who="1" fromWho="0" sc="250,-80,250,80,250,0,250,0" /><INIT seed="1,0,0,4,2,131" ten="170,330,250,250" oya="1" hai0="96,26,107,34,16,21,12,115,113,87,100,99,43" hai1="124,103,64,68,70,3,5,86,56,79,122,51,6" hai2="66,18,54,47,1,9,135,82,109,4,128,35,98" hai3="67,90,55,41,7,102,44,125,112,84,10,32,133"/><U75/><E122/><V123/><F128/><W25/><G125/><T97/><D43/><U92/><E75/><V77/><F35/><W63/><G112/><T0/><D0/><U49/><E124/><V94/><F109/><W81/><G102/><T40/><D40/><U37/><E37/><V59/><F123/><W71/><G25/><T52/><D87/><U88/><E70/><V130/><F130/><W15/><G32/><T76/><D76/><U53/><E68/><V114/><F114/><W119/><G119/><T111/><D111/><U106/><E3/><V60/><F18/><W62/><G62/><T42/><D42/><U58/><E106/><V46/><F66/><W105/><G105/><T72/><D72/><U83/><E103/><V31/><F31/><W120/><G120/><T108/><D108/><U11/><E11/><V50/><F60/><W74/><G55/><T8/><D34/><U89/><E89/><V30/><F30/><W126/><G126/><T104/><D97/><N who="1" m="57479" /><E64/><V48/><F48/><W14/><G74/><T38/><D38/><U127/><E127/><V118/><F118/><W95/><G95/><T29/><D99/><U23/><E23/><V121/><F121/><W27/><G27/><T101/><D101/><U17/><E17/><V69/><F69/><W91/><G15/><T45/><D107/><U117/><E117/><V33/><F33/><W22/><G22/><T61/><D61/><U85/><E85/><N who="2" m="48335" /><F94/><W19/><G19/><T110/><D110/><U93/><E93/><V28/><F28/><W78/><G78/><T39/><D39/><RYUUKYOKU ba="0,0" sc="170,15,330,15,250,-15,250,-15" hai0="8,12,16,21,26,29,45,52,96,100,104,113,115" hai1="5,6,49,51,53,56,58,79,83,86" /><INIT seed="1,1,0,2,5,11" ten="185,345,235,235" oya="1" hai0="102,67,39,22,62,69,21,122,36,41,115,107,18" hai1="110,97,113,117,25,3,92,38,130,61,131,134,5" hai2="52,6,79,54,88,37,46,16,129,12,42,120,15" hai3="57,78,34,87,133,121,56,28,72,116,53,68,73"/><U26/><E38/><V135/><F120/><W59/><G121/><T124/><D122/><U48/><E117/><V40/><F79/><W10/><G116/><T112/><D124/><U83/><E113/><V47/><F129/><N who="1" m="49161" /><E134/><V43/><F135/><W109/><G133/><T74/><D74/><U2/><E110/><V29/><F29/><W119/><G109/><T70/><D70/><U123/><E123/><V65/><F65/><W80/><G68/><T128/><D128/><U71/><E83/><V85/><F6/><W90/><G119/><T106/><D22/><U132/><E132/><V89/><F89/><W1/><G34/><T50/><D39/><U20/><E25/><V118/><F118/><W91/><G28/><T13/><D36/><U94/><E94/><N who="2" m="54543" /><F37/><W35/><G35/><T17/><D17/><N who="1" m="12559" /><E5/><V77/><F77/><W108/><G108/><T111/><D111/><U8/><E8/><N who="2" m="6151" /><F15/><W14/><G1/><T86/><D86/><U24/><E24/><V100/><F100/><W82/><G73/><T96/><D106/><U32/><E32/><V76/><F76/><W9/><G9/><T0/><D0/><U44/><E71/><V105/><F105/><W30/><G30/><T126/><D126/><U33/><E33/><V19/><F19/><W27/><G27/><T81/><D81/><U23/><E23/><V101/><F101/><W60/><G90/><T31/><D31/><U51/><E61/><V93/><F93/><W66/><G66/><T7/><D7/><AGARI ba="1,0" hai="7,10,14,53,56,57,59,60,72,78,80,82,87,91" machi="7" ten="30,2000,0" yaku="7,1,52,1" doraHai="11" who="3" fromWho="0" sc="185,-23,345,0,235,0,235,23" /><INIT seed="2,0,0,1,5,13" ten="162,345,235,258" oya="2" hai0="57,17,117,16,93,59,108,38,1,122,35,56,22" hai1="82,79,84,112,78,76,26,63,129,45,30,47,116" hai2="33,67,124,0,44,96,28,105,53,4,98,132,127" hai3="120,32,9,133,3,42,119,64,8,102,91,69,66"/><V60/><F132/><W72/><G32/><T125/><D122/><U130/><E116/><V107/><F0/><W68/><G119/><T20/><D35/><U34/><E112/><V19/><F4/><W88/><G120/><T87/><D117/><U54/><E63/><V97/><F28/><W77/><G3/><T25/><D1/><U48/><REACH who="1" step="1"/><E45/><REACH who="1" ten="162,335,235,258" step="2"/><V104/><F44/><W128/><G133/><T36/><D125/><U40/><E40/><V49/><F124/><W94/><G42/><T74/><D108/><U37/><E37/><V109/><F109/><W95/><G128/><AGARI ba="0,1" hai="26,30,34,47,48,54,76,78,79,82,84,128,129,130" machi="128" ten="40,2600,0" yaku="1,1,19,1,53,0" doraHai="13" doraHaiUra="103" who="1" fromWho="3" sc="162,0,335,36,235,0,258,-26" /><INIT seed="3,0,0,1,5,74" ten="162,371,235,232" oya="3" hai0="69,52,7,114,95,84,125,35,105,104,113,85,10" hai1="12,38,22,56,63,117,90,59,47,133,55,129,88" hai2="44,103,60,20,135,36,93,42,73,118,5,132,80" hai3="128,116,17,57,9,33,123,58,2,130,72,81,112"/><W115/><G33/><T99/><D69/><U54/><E133/><N who="2" m="51275" /><F118/><W89/><G116/><T0/><D35/><U24/><E129/><N who="3" m="49770" /><G123/><T4/><D4/><U87/><E117/><V77/><F5/><N who="3" m="1207" /><G17/><T29/><D29/><U86/><E12/><V71/><F20/><W119/><G119/><T83/><D125/><U101/><E101/><V48/><F93/><W126/><G126/><T23/><D23/><U13/><E13/><V61/><F103/><W102/><G102/><T40/><D40/><U91/><E38/><V66/><F61/><W1/><G1/><T68/><D68/><U108/><E108/><V32/><F32/><W53/><G53/><T79/><D52/><U62/><E47/><V121/><F121/><W16/><G16/><AGARI ba="0,0" hai="16,22,24,54,55,56,59,62,63,86,87,88,90,91" machi="16" ten="40,8000,1" yaku="9,1,8,1,54,2" doraHai="74" who="1" fromWho="3" sc="162,0,371,80,235,0,232,-80" /><INIT seed="4,0,0,4,5,53" ten="162,451,235,152" oya="0" hai0="30,134,3,94,15,8,34,86,47,12,130,109,16" hai1="27,28,9,20,72,19,65,66,105,22,90,62,92" hai2="135,21,128,127,102,93,115,84,88,50,108,32,39" hai3="113,132,117,107,112,60,49,2,124,114,31,123,80"/><T45/><D130/><U33/><E105/><V74/><F39/><W97/><G31/><T103/><D134/><U106/><E106/><V1/><F32/><W46/><G80/><T125/><D125/><U5/><E72/><V35/><F35/><W51/><G97/><T133/><D133/><U44/><E44/><V0/><F74/><W69/><G107/><T43/><D109/><U17/><E62/><V82/><F108/><W129/><G2/><T101/><D3/><U40/><E40/><V98/><F135/><W120/><G132/><T70/><D70/><U116/><E116/><V100/><F100/><N who="0" m="38474" /><D34/><U14/><E22/><V121/><F121/><N who="3" m="46667" /><G117/><T63/><D30/><U24/><E19/><V13/><F127/><W73/><G73/><T10/><D63/><U29/><E29/><V110/><F110/><W55/><G124/><T6/><D43/><U48/><E48/><V59/><F128/><W37/><G129/><T36/><D36/><U18/><E18/><V122/><F122/><W79/><G79/><T119/><D119/><U64/><E64/><V81/><F1/><W71/><G37/><T77/><D94/><U56/><E56/><V52/><F0/><W96/><G96/><AGARI ba="0,0" hai="5,9,14,17,20,24,27,28,33,65,66,90,92,96" machi="96" ten="30,1000,0" yaku="7,1" doraHai="53" who="1" fromWho="3" sc="162,0,451,10,235,0,152,-10" /><INIT seed="5,0,0,3,2,92" ten="162,461,235,142" oya="1" hai0="88,121,91,113,2,116,109,8,43,7,123,103,98" hai1="106,13,52,23,27,30,94,19,135,17,4,83,46" hai2="41,38,29,131,28,133,18,5,118,110,1,56,57" hai3="44,50,115,0,61,49,3,69,66,67,21,70,93"/><U32/><E106/><V130/><F110/><W129/><G129/><T73/><D109/><U42/><E135/><V134/><F118/><W124/><G124/><T75/><D116/><U126/><E126/><V82/><F82/><W107/><G107/><T22/><D113/><U34/><E34/><V97/><F41/><W100/><G115/><T63/><D43/><U12/><E83/><V65/><F38/><W72/><G72/><T80/><D63/><U111/><E111/><V25/><F65/><W58/><G21/><T9/><D9/><U37/><E94/><V76/><F76/><W24/><G24/><T89/><D22/><U26/><E52/><V64/><F64/><W119/><G119/><T36/><D36/><U105/><E105/><V71/><F71/><W120/><G120/><N who="0" m="46155" /><D80/><U35/><E46/><V59/><F5/><W48/><G44/><T127/><D127/><U96/><E96/><V95/><F1/><W108/><G108/><T68/><D68/><U55/><E55/><V47/><F47/><W128/><G128/><N who="2" m="49193" /><F18/><W125/><G125/><T31/><D31/><N who="2" m="11850" /><F25/><W87/><G58/><T60/><D60/><U79/><E79/><V45/><F45/><W54/><G54/><T53/><D53/><U6/><E42/><V112/><F112/><W102/><G0/><T14/><D2/><U74/><E37/><V85/><F85/><W122/><G3/><T81/><D81/><U10/><E74/><V33/><F33/><N who="1" m="12873" /><E27/><V114/><F114/><W99/><G122/><T77/><D77/><U40/><E40/><V84/><F84/><W101/><G87/><RYUUKYOKU ba="0,0" sc="162,0,461,0,235,0,142,0" hai0="7,8,14,73,75,88,89,91,98,103" hai1="4,6,10,12,13,17,19,23,26,30" hai2="56,57,59,95,97,133,134" hai3="48,49,50,61,66,67,69,70,93,99,100,101,102" /><INIT seed="5,1,0,5,5,102" ten="162,461,235,142" oya="1" hai0="60,115,32,0,133,88,111,48,27,28,131,113,41" hai1="63,52,103,71,39,49,66,119,134,127,74,97,17" hai2="129,1,40,42,107,118,100,85,108,33,114,121,83" hai3="29,94,73,34,122,87,21,25,57,67,24,50,36"/><U26/><E119/><V23/><F33/><W101/><G73/><T90/><D111/><U11/><E39/><V128/><F1/><W125/><G36/><T75/><D75/><U12/><E74/><V81/><F108/><W110/><G110/><T19/><D133/><U109/><E109/><V84/><F118/><W22/><G122/><T44/><D131/><N who="2" m="50250" /><F23/><W99/><G125/><T77/><D77/><U112/><E134/><V116/><F116/><W124/><G124/><T7/><D60/><U65/><E112/><N who="0" m="43081" /><D19/><U64/><E127/><V126/><F114/><W132/><G132/><T54/><D41/><N who="2" m="15978" /><F121/><W10/><G10/><AGARI ba="1,0" hai="0,7,10,27,28,32,44,48,54,88,90" m="43081" machi="10" ten="30,2000,0" yaku="15,1,54,1" doraHai="102" who="0" fromWho="3" sc="162,23,461,0,235,0,142,-23" /><INIT seed="6,0,0,5,2,91" ten="185,461,235,119" oya="2" hai0="2,45,87,23,69,99,60,122,8,64,34,67,74" hai1="53,116,55,54,49,107,75,98,132,89,131,90,47" hai2="123,30,130,84,97,11,108,28,134,24,4,104,0" hai3="119,25,14,81,127,103,129,71,121,29,6,82,42"/><V100/><F123/><W57/><G129/><T83/><D122/><U16/><E75/><V133/><F130/><W51/><G127/><T125/><D125/><U72/><E72/><V114/><F114/><W85/><G119/><T73/><D34/><U46/><E132/><V5/><F5/><W115/><G71/><T101/><D64/><U93/><E116/><V92/><F108/><W3/><G121/><T95/><D45/><U65/><E107/><V106/><F30/><W32/><G115/><T120/><D120/><U9/><E65/><V61/><F61/><W33/><G103/><T78/><REACH who="0" step="1"/><D23/><REACH who="0" ten="175,461,235,119" step="2"/><U118/><E131/><V76/><F134/><W105/><G33/><T68/><D68/><U86/><E118/><V21/><F133/><W112/><G112/><T59/><D59/><U7/><E46/><V126/><F126/><W15/><G105/><T48/><D48/><U37/><E37/><V62/><F62/><W110/><G110/><T13/><D13/><N who="1" m="7215" /><E7/><AGARI ba="0,1" hai="2,7,8,60,67,69,73,74,78,83,87,95,99,101" machi="7" ten="40,2600,0" yaku="1,1,52,1,53,0" doraHai="91" doraHaiUra="26" who="0" fromWho="1" sc="175,36,461,-26,235,0,119,0" /><INIT seed="7,0,0,3,0,29" ten="211,435,235,119" oya="3" hai0="3,85,112,92,59,109,8,94,31,80,61,105,72" hai1="28,49,87,84,126,95,45,47,20,39,71,37,42" hai2="16,63,93,119,97,127,104,102,89,79,21,24,11" hai3="133,88,76,108,10,129,132,60,54,48,35,69,46"/><W111/><G76/><T7/><D109/><N who="3" m="42057" /><G10/><T128/><D128/><U83/><E71/><V91/><F119/><W5/><G5/><T116/><D116/><U122/><E126/><V4/><F127/><W96/><G129/><T52/><D105/><U121/><E121/><V90/><F79/><W101/><G101/><T66/><D72/><U74/><E122/><V9/><F104/><W36/><G35/><T18/><D112/><U57/><E74/><V118/><F118/><W100/><G100/><T135/><D135/><N who="3" m="51785" /><G36/><T86/><D31/><U134/><E134/><V43/><F4/><W12/><G12/><T113/><D18/><U40/><E95/><V99/><F99/><W107/><G107/><T25/><D25/><U38/><E83/><V56/><F43/><W27/><G27/><T22/><D22/><U68/><E37/><V67/><AGARI ba="0,0" hai="9,11,16,21,24,56,63,67,89,90,91,93,97,102" machi="67" ten="30,4000,0" yaku="0,1,8,1,54,1" doraHai="29" who="2" fromWho="2" sc="211,-10,435,-10,235,40,119,-20" owari="201,-20.0,425,52.0,275,8.0,99,-40.0" /></mjloggm>