<mjloggm ver="2.3"><GO type="169" lobby="0"/><UN n0="%6B%69%79%6F%64%61%69" n1="%E3%83%88%E3%83%88%E3%83%AA%E5%85%88%E7%94%9F%31%39%E6%AD%B3" n2="%E3%81%8B%E3%81%97%E3%81%8B%E3%81%8A" n3="%E3%82%A8%E3%83%83%E3%83%95%E3%82%A7%E3%83%AB%E5%A1%94" dan="17,18,17,17" rate="2162.42,2247.07,2205.13,2153.23" sx="M,F,M,M"/><TAIKYOKU oya="0"/><INIT seed="0,0,0,5,4,129" ten="250,250,250,250" oya="0" hai0="81,31,86,10,127,90,109,72,114,1,29,122,76" hai1="33,12,106,88,124,38,77,7,98,32,6,25,78" hai2="93,89,21,123,107,36,120,95,39,101,30,117,50" hai3="82,46,28,112,51,104,87,11,135,4,92,96,37"/><T132/><D114/><U35/><E38/><V65/><F117/><W57/><G112/><T23/><D122/><U85/><E124/><V15/><F107/><W97/><G104/><T45/><D127/><U48/><E25/><V47/><F65/><W68/><G68/><T17/><D109/><U115/><E115/><V69/><F69/><W94/><G28/><T9/><D132/><U80/><E48/><V74/><F74/><W67/><G37/><T53/><D1/><U99/><E99/><V54/><F39/><W3/><G135/><T58/><D45/><U103/><REACH who="1" step="1"/><E12/><REACH who="1" ten="250,240,250,250" step="2"/><V24/><F36/><W91/><G97/><T2/><D2/><U55/><E55/><V43/><F123/><W44/><G96/><T105/><D105/><U5/><AGARI ba="0,1" hai="5,6,7,32,33,35,77,78,80,85,88,98,103,106" machi="5" ten="40,5200,0" yaku="1,1,0,1,54,1,53,0" doraHai="129" doraHaiUra="49" who="1" fromWho="1" sc="250,-26,240,62,250,-13,250,-13" /><INIT seed="1,0,0,1,1,123" ten="224,302,237,237" oya="1" hai0="48,32,105,71,64,15,113,25,38,66,85,24,63" hai1="39,88,119,131,21,69,12,80,83,74,98,122,116" hai2="30,117,102,9,1,16,27,19,86,37,57,118,10" hai3="135,109,130,68,58,59,75,76,26,22,125,35,103"/><U41/><E122/><V79/><F57/><W6/><G103/><T90/><D38/><U11/><E69/><V104/><F37/><W34/><G6/><T3/><D3/><U36/><E131/><V96/><F79/><W81/><G68/><T115/><D64/><U73/><E21/><V33/><F86/><W42/><G42/><T8/><D105/><U124/><E124/><V61/><F61/><W70/><G70/><T114/><D32/><U49/><E49/><V46/><F46/><W43/><G43/><T95/><REACH who="0" step="1"/><D48/><REACH who="0" ten="214,302,237,237" step="2"/><U18/><E39/><V129/><F129/><W91/><G130/><T107/><D107/><U133/><E36/><V100/><F1/><W56/><G35/><T112/><N who="0" m="28672" /><DORA hai="127" /><T2/><D2/><U92/><E116/><V28/><F33/><W14/><G34/><T89/><D89/><U62/><E88/><V77/><F104/><W106/><G106/><T121/><D121/><U108/><E119/><V45/><F118/><W31/><G125/><T101/><D101/><U29/><E62/><V60/><F117/><W126/><G126/><T120/><D120/><U20/><E133/><V128/><F60/><W0/><G0/><T17/><AGARI ba="0,1" hai="8,15,17,24,25,63,66,71,85,90,95" m="28672" machi="17" ten="60,7900,0" yaku="1,1,0,1,53,1" doraHai="123,127" doraHaiUra="55,87" who="0" fromWho="0" sc="214,89,302,-39,237,-20,237,-20" /><INIT seed="2,0,0,0,0,21" ten="303,263,217,217" oya="2" hai0="4,92,107,61,28,51,126,101,96,80,128,95,133" hai1="94,52,50,15,93,110,62,25,34,26,104,89,37" hai2="114,124,63,125,13,11,20,5,22,111,31,84,76" hai3="90,18,35,14,67,113,0,64,39,119,71,40,75"/><V118/><F63/><W135/><G90/><T59/><D126/><N who="2" m="48746" /><F76/><W102/><G18/><T66/><D128/><U42/><E104/><V53/><F53/><W10/><G14/><T45/><D133/><U100/><E110/><V46/><F46/><W127/><G10/><T132/><D132/><U86/><E34/><V24/><F84/><W2/><G102/><T19/><D4/><U17/><E37/><V77/><F77/><W105/><G67/><T73/><D28/><U103/><E62/><V83/><F83/><W88/><G88/><T82/><D19/><U134/><E134/><V44/><F44/><W123/><G64/><T109/><D109/><U74/><E74/><V112/><F111/><W1/><G40/><T55/><D73/><U98/><E103/><V131/><F131/><W60/><G2/><T49/><D107/><U33/><E33/><N who="2" m="20711" /><F118/><W106/><G60/><T36/><D36/><U57/><E42/><V85/><F85/><W108/><G106/><T72/><D72/><U16/><E17/><V120/><F120/><W9/><G9/><AGARI ba="0,0" hai="9,15,16,25,26,50,52,57,86,89,93,94,98,100" machi="9" ten="30,12000,2" yaku="7,1,8,1,52,2,54,2" doraHai="21" who="1" fromWho="3" sc="303,0,263,120,217,0,217,-120" /><INIT seed="3,0,0,3,0,44" ten="303,383,217,97" oya="3" hai0="128,87,39,86,93,66,82,100,126,24,18,51,43" hai1="91,4,7,60,1,16,124,20,40,30,11,6,23" hai2="14,73,13,117,98,67,19,72,64,9,61,130,36" hai3="12,108,29,99,53,69,62,10,119,15,92,94,120"/><W37/><G37/><T81/><D39/><U26/><E40/><V68/><F117/><W123/><G119/><T109/><D109/><U63/><E124/><V118/><F118/><W88/><G29/><T113/><D113/><U38/><E38/><V31/><F36/><W49/><G108/><T56/><D128/><U33/><E91/><V5/><F130/><W85/><G62/><T55/><D43/><U75/><E75/><V131/><F131/><W110/><G69/><T80/><D66/><U28/><E63/><V27/><F67/><W127/><G127/><T58/><D58/><U74/><E74/><V79/><F79/><W70/><G70/><T129/><D126/><U57/><E57/><V78/><F78/><W0/><G0/><T102/><D129/><U48/><E48/><V103/><F14/><W3/><G3/><T46/><D46/><U84/><E84/><N who="0" m="32297" /><D93/><U42/><E42/><V47/><F19/><W132/><G110/><T116/><D116/><U134/><E134/><V54/><F54/><W76/><G132/><T106/><D106/><U133/><E60/><V83/><F83/><W107/><G107/><T89/><D89/><U111/><E111/><V25/><F47/><W135/><G135/><T71/><D71/><U17/><E133/><V90/><F90/><W104/><G104/><T59/><D59/><U45/><E45/><V125/><F125/><W65/><G65/><T77/><D77/><U114/><E114/><V22/><F27/><W112/><G112/><T34/><D34/><U121/><E33/><V35/><F35/><W2/><G88/><RYUUKYOKU ba="0,0" sc="303,15,383,-15,217,15,97,-15" hai0="18,24,51,55,56,80,81,82,100,102" hai2="5,9,13,22,25,31,61,64,68,72,73,98,103" /><INIT seed="4,1,0,1,0,115" ten="318,368,232,82" oya="0" hai0="14,8,40,68,128,9,37,109,64,45,34,13,65" hai1="72,130,53,6,133,103,96,110,127,11,104,88,123" hai2="119,92,98,41,42,5,12,118,126,120,18,0,25" hai3="134,46,78,20,50,105,33,27,108,74,10,57,89"/><T131/><D34/><U32/><E110/><V38/><F120/><W62/><G134/><T31/><D31/><U94/><E123/><V93/><F126/><W17/><G105/><T83/><D109/><U80/><E32/><V29/><F38/><W107/><G107/><T30/><D30/><U76/><E127/><V117/><F5/><W26/><G108/><T124/><D124/><U69/><E133/><V1/><F42/><W2/><G74/><T63/><D65/><U129/><E53/><V86/><F41/><W66/><G33/><T70/><D70/><U58/><E58/><V36/><F36/><W135/><G135/><T51/><D83/><U114/><E69/><V84/><F0/><W4/><G78/><T47/><D13/><U73/><E73/><V85/><F98/><W22/><G89/><T59/><D47/><U71/><E71/><V54/><F54/><W28/><G50/><T7/><D9/><U102/><E114/><V95/><F1/><W16/><REACH who="3" step="1"/><G46/><REACH who="3" ten="318,368,232,72" step="2"/><T100/><D100/><U87/><E102/><V132/><F132/><W61/><G61/><T75/><D75/><U101/><E101/><V15/><F18/><AGARI ba="1,1" hai="2,4,10,16,17,18,20,22,26,27,28,57,62,66" machi="18" ten="30,3900,0" yaku="1,1,7,1,54,1,53,0" doraHai="115" doraHaiUra="49" who="3" fromWho="2" sc="318,0,368,0,232,-42,72,52" /><INIT seed="5,0,0,5,5,6" ten="318,368,190,124" oya="1" hai0="104,107,24,115,44,69,122,41,72,84,80,17,39" hai1="48,123,76,116,96,49,60,112,125,102,92,106,68" hai2="89,57,105,30,65,0,119,127,67,14,16,25,121" hai3="12,15,108,9,130,31,135,75,117,79,129,113,26"/><U133/><E116/><V90/><F105/><W86/><G75/><T94/><D69/><U28/><E123/><V132/><F0/><W55/><G55/><T27/><D115/><U88/><E112/><V83/><F121/><W3/><G113/><T19/><D72/><U97/><E133/><V54/><F119/><W56/><G56/><T40/><D94/><U100/><E125/><V21/><F127/><W85/><G117/><T2/><D2/><U109/><E109/><V13/><F132/><W78/><G135/><T42/><D42/><U63/><E76/><V111/><F111/><W131/><G3/><T46/><D84/><N who="3" m="32361" /><G108/><T11/><D122/><U37/><E37/><V134/><F134/><W58/><G58/><T35/><D39/><U51/><E68/><V110/><F110/><W93/><G93/><T33/><D80/><U18/><E100/><V36/><F36/><W32/><G15/><T70/><D70/><U74/><E74/><V82/><F13/><W43/><G43/><T8/><AGARI ba="0,0" hai="8,11,17,19,24,27,33,35,40,41,44,46,104,107" machi="8" ten="25,8000,1" yaku="0,1,22,2,52,2" doraHai="6" who="0" fromWho="0" sc="318,80,368,-40,190,-20,124,-20" /><INIT seed="6,0,0,2,5,107" ten="398,328,170,104" oya="2" hai0="42,118,76,84,111,109,64,62,32,69,0,46,50" hai1="98,75,94,31,82,105,93,89,29,125,95,57,119" hai2="60,6,63,61,87,36,74,135,110,28,17,134,20" hai3="121,54,113,103,8,71,9,99,115,19,7,3,1"/><V58/><F36/><W66/><G54/><T26/><D0/><U40/><E119/><V132/><F6/><W44/><G44/><T37/><D118/><U68/><E68/><V5/><F5/><N who="3" m="1071" /><G99/><T128/><D128/><U22/><E125/><V129/><F129/><W72/><G103/><T41/><D41/><U79/><E40/><V116/><F116/><W130/><G130/><T101/><D101/><U86/><E57/><V14/><F28/><N who="1" m="10825" /><E22/><V55/><F110/><W114/><G19/><T16/><D16/><U11/><E11/><V117/><F117/><W85/><G85/><T56/><D26/><U92/><E75/><V47/><F47/><W124/><G124/><T34/><D111/><U83/><E105/><V52/><F74/><W123/><G72/><T102/><D102/><N who="1" m="60743" /><E83/><V15/><F15/><W43/><G43/><T51/><D51/><U67/><E67/><V38/><F38/><W126/><G126/><T21/><D21/><U35/><E35/><V53/><REACH who="2" step="1"/><F87/><REACH who="2" ten="398,328,160,104" step="2"/><W106/><G106/><T80/><D109/><U73/><E73/><V49/><AGARI ba="0,1" hai="14,17,20,49,52,53,55,58,60,61,63,132,134,135" machi="49" ten="40,12000,1" yaku="1,1,2,1,0,1,20,1,54,1,53,0" doraHai="107" doraHaiUra="90" who="2" fromWho="2" sc="398,-40,328,-40,160,130,104,-40" /><INIT seed="6,1,0,4,4,135" ten="358,288,290,64" oya="2" hai0="23,117,120,78,47,65,8,49,90,89,123,133,112" hai1="114,99,64,106,71,86,129,39,67,96,73,97,28" hai2="26,37,76,103,36,25,81,57,87,52,45,32,4" hai3="56,43,50,20,48,61,1,14,5,30,10,17,63"/><V70/><F70/><W109/><G109/><T85/><D133/><U77/><E39/><V53/><F4/><W22/><G43/><T46/><D65/><N who="1" m="25163" /><E73/><V101/><F36/><W15/><G56/><T51/><D23/><U104/><E86/><V58/><F37/><W0/><G50/><T118/><D85/><U121/><E28/><V124/><F45/><W2/><G48/><T116/><D8/><U132/><E132/><V9/><F9/><W134/><G63/><T122/><D78/><U60/><E60/><N who="2" m="35879" /><F32/><W79/><G79/><T125/><D112/><U6/><E77/><V54/><F54/><W3/><G61/><T7/><D7/><U82/><E6/><V115/><F115/><W24/><G134/><T94/><D94/><U21/><E114/><V113/><F113/><W98/><G98/><T12/><D12/><AGARI ba="1,0" hai="0,1,2,3,5,10,12,14,15,17,20,22,24,30" machi="12" ten="40,12000,2" yaku="35,6" doraHai="135" who="3" fromWho="0" sc="358,-123,288,0,290,0,64,123" /><INIT seed="7,0,0,5,4,130" ten="235,288,290,187" oya="3" hai0="69,113,107,39,37,35,65,119,61,49,29,104,5" hai1="99,64,117,8,7,32,21,71,62,50,121,94,114" hai2="126,34,24,11,33,45,108,95,0,101,135,58,93" hai3="43,31,17,127,87,18,77,105,79,123,23,97,2"/><W120/><G2/><T36/><D49/><U1/><E114/><V133/><F108/><W54/><G43/><T26/><D113/><U46/><E117/><V53/><F126/><W134/><G31/><T122/><D119/><U4/><E4/><N who="2" m="1415" /><F45/><W73/><G73/><T78/><D5/><U44/><E32/><N who="2" m="12395" /><F24/><W60/><G127/><T28/><D28/><U82/><E121/><V19/><F19/><W38/><G38/><T14/><D14/><U80/><E21/><V85/><F85/><W20/><G87/><T131/><D131/><U102/><REACH who="1" step="1"/><E44/><REACH who="1" ten="235,278,290,187" step="2"/><V27/><F27/><W106/><G97/><T47/><D47/><U30/><E30/><V129/><F101/><W76/><G76/><T57/><D122/><U25/><E25/><V86/><F86/><W41/><G41/><AGARI ba="0,1" hai="1,7,8,41,46,50,62,64,71,80,82,94,99,102" machi="41" ten="30,2000,0" yaku="1,1,7,1,53,0" doraHai="130" doraHaiUra="72" who="1" fromWho="3" sc="235,0,278,30,290,0,187,-20" owari="235,-16.0,308,40.0,290,9.0,167,-33.0" /></mjloggm>