<mjloggm ver="2.3"><GO type="169" lobby="0"/><UN n0="%E5%8C%97%E7%99%BD%E5%B7%9D%E3%81%82%E3%82%93%E3%81%93" n1="%E5%82%B7%E3%81%AF%E6%B5%85%E3%81%84%E3%81%86%E3%81%A1%E3%81%AB" n2="%E5%B0%B1%E6%B4%BB%E7%94%9F%40%E5%B7%9D%E6%9D%91%E8%BB%8D%E5%9B%A3" n3="%74%61%72%6F%33%39%30%30" dan="16,16,16,16" rate="2057.96,2166.84,2159.86,2095.38" sx="F,M,M,M"/><TAIKYOKU oya="0"/><INIT seed="0,0,0,0,0,7" ten="250,250,250,250" oya="0" hai0="88,62,114,1,73,106,38,117,107,130,109,131,28" hai1="40,58,89,104,127,56,94,125,84,81,103,54,74" hai2="79,85,39,32,34,101,13,10,110,43,2,120,98" hai3="55,119,23,108,112,20,115,0,63,31,18,49,3"/><T25/><D62/><U80/><E40/><V67/><F2/><W48/><G119/><T45/><D88/><N who="1" m="51215" /><E54/><V6/><F120/><W69/><G108/><T61/><D61/><U83/><E56/><V86/><F67/><W122/><G122/><T90/><D117/><U93/><E58/><V97/><F110/><W17/><G63/><T71/><D71/><U124/><E74/><V50/><F39/><W65/><G31/><T59/><D59/><U66/><E66/><V29/><F29/><W47/><G65/><T128/><D109/><U95/><E89/><V37/><F37/><W19/><G69/><T87/><D1/><U15/><E15/><V24/><F24/><W22/><G55/><T27/><D73/><U5/><E5/><V91/><F34/><W102/><G102/><T76/><D38/><U113/><E113/><N who="3" m="43594" /><G47/><T78/><D114/><U51/><E51/><AGARI ba="0,0" hai="0,3,17,18,19,20,22,23,48,49,51" m="43594" machi="51" ten="40,2600,0" yaku="28,2" doraHai="7" who="3" fromWho="1" sc="250,0,250,-26,250,0,250,26" /><INIT seed="1,0,0,4,4,108" ten="250,224,250,276" oya="1" hai0="97,24,129,124,0,58,16,50,21,37,15,111,89" hai1="82,133,95,119,77,106,61,78,109,74,12,128,69" hai2="91,85,81,18,118,76,110,57,51,130,23,116,115" hai3="121,126,55,100,36,52,1,123,120,8,65,122,101"/><U26/><E119/><V96/><F130/><W71/><G126/><T20/><D37/><U99/><E128/><V127/><F110/><W29/><G36/><T113/><D124/><U43/><E109/><V48/><F127/><W114/><G123/><T7/><D111/><U9/><E77/><V11/><F11/><W73/><G73/><T62/><D50/><U35/><E133/><V28/><F28/><W90/><G29/><T46/><D46/><U38/><E106/><V41/><F115/><W87/><G114/><T75/><D75/><U5/><E38/><V102/><F76/><W112/><G112/><T47/><D47/><U17/><E43/><V80/><F80/><W134/><G134/><T103/><D89/><U39/><E39/><V70/><F70/><W27/><G27/><T132/><D132/><U6/><E35/><V63/><F41/><W34/><G34/><T104/><D113/><U59/><E26/><V22/><F22/><W14/><G1/><T92/><D104/><U72/><E69/><V66/><F118/><W53/><G65/><N who="0" m="39127" /><D129/><U10/><E10/><V86/><F86/><W60/><G60/><T42/><D42/><U25/><E25/><N who="2" m="14583" /><F116/><W2/><G2/><T56/><D0/><U54/><REACH who="1" step="1"/><E72/><REACH who="1" ten="250,214,250,276" step="2"/><V33/><F33/><W45/><G71/><T13/><D24/><U4/><E4/><V30/><F30/><W84/><G121/><T98/><D7/><U31/><E31/><V117/><F117/><W64/><G122/><T32/><D32/><U68/><E68/><V3/><F3/><W49/><G120/><T88/><D21/><RYUUKYOKU ba="0,1" sc="250,-15,214,15,250,15,276,-15" hai1="5,6,9,12,17,54,59,61,74,78,82,95,99" hai2="48,51,57,63,66,81,85,91,96,102" /><INIT seed="1,1,1,2,2,124" ten="235,229,265,261" oya="1" hai0="85,27,8,75,64,117,88,109,45,53,126,80,52" hai1="100,62,63,29,43,24,34,36,89,121,17,20,81" hai2="93,118,26,123,57,131,90,97,15,74,73,12,65" hai3="5,77,98,39,70,41,42,72,110,105,67,106,60"/><U83/><E121/><V68/><F123/><W54/><G110/><T44/><D117/><U94/><E43/><V6/><F68/><W120/><G120/><T78/><D64/><U122/><E36/><V0/><F118/><W38/><G42/><T58/><D109/><U113/><E113/><V134/><F134/><W135/><G135/><T84/><D75/><U30/><E122/><V102/><F90/><W119/><G119/><T46/><D126/><U114/><E114/><V50/><F0/><W112/><G112/><T59/><D8/><U13/><E30/><V47/><F26/><W37/><G54/><N who="0" m="21099" /><D27/><U3/><E3/><V28/><F28/><W107/><G5/><T79/><D79/><U19/><E19/><V14/><F6/><W130/><G41/><T35/><D35/><U86/><REACH who="1" step="1"/><E100/><REACH who="1" ten="235,219,265,261" step="2"/><V71/><F102/><W55/><G38/><T48/><D48/><U33/><E33/><V127/><F50/><W128/><G37/><T108/><D108/><U51/><E51/><V9/><F127/><W103/><G39/><T116/><D116/><U21/><E21/><V96/><F9/><W66/><G55/><T10/><D10/><U56/><E56/><V101/><F57/><W104/><G67/><T40/><D40/><U11/><E11/><V132/><F65/><W2/><G2/><T25/><D58/><U1/><E1/><V115/><F132/><W99/><N who="3" m="26624" /><DORA hai="7" /><W4/><G103/><T69/><D59/><U23/><E23/><V111/><F115/><W18/><G18/><T16/><D69/><U129/><E129/><N who="3" m="49770" /><G4/><T22/><D16/><RYUUKYOKU ba="1,2" sc="235,-15,219,15,265,-15,261,15" hai1="13,17,20,24,29,34,62,63,81,83,86,89,94" hai3="60,66,70,72,77,98,99" /><INIT seed="1,2,2,3,3,127" ten="220,234,250,276" oya="1" hai0="91,104,107,106,113,50,80,51,47,131,121,124,11" hai1="134,84,36,120,59,64,41,92,10,109,98,42,57" hai2="133,74,53,63,32,3,56,30,40,21,35,67,62" hai3="22,77,97,95,38,39,9,125,55,118,17,129,69"/><U73/><E73/><V101/><F3/><W2/><G125/><T87/><D124/><U122/><E36/><V6/><F74/><W117/><G69/><T65/><D113/><U79/><E134/><V100/><F133/><W27/><G77/><T15/><D121/><U58/><E64/><V37/><F37/><W103/><G129/><T116/><D116/><N who="3" m="44649" /><G55/><T44/><D65/><U110/><E10/><V68/><F40/><N who="1" m="15465" /><E84/><V128/><F128/><W24/><G24/><T96/><D131/><U4/><E4/><AGARI ba="2,2" hai="2,4,9,17,22,27,38,39,95,97,103" m="44649" machi="4" ten="30,1000,0" yaku="12,1" doraHai="127" who="3" fromWho="1" sc="220,0,234,-16,250,0,276,36" /><INIT seed="2,0,0,3,5,57" ten="220,218,250,312" oya="2" hai0="24,45,102,110,59,55,125,29,18,112,15,84,0" hai1="36,93,131,58,120,100,7,49,16,5,109,92,86" hai2="22,90,87,98,40,54,94,33,42,1,51,44,12" hai3="74,95,67,53,133,80,34,10,69,114,124,23,41"/><V104/><F33/><W132/><G34/><T20/><D112/><U35/><E36/><V66/><F1/><W13/><G124/><T85/><D125/><U115/><E115/><V79/><F66/><W72/><G114/><T47/><D0/><U89/><E109/><V73/><F22/><W122/><G122/><T135/><D135/><N who="3" m="51785" /><G23/><T46/><D102/><U9/><E35/><V64/><F64/><W30/><G30/><T128/><D128/><U39/><E39/><V68/><F68/><W2/><G2/><T126/><D110/><U83/><E131/><V106/><F12/><W71/><G41/><T117/><D117/><U123/><E49/><V27/><F27/><W101/><G53/><T3/><D3/><U78/><E58/><V121/><F121/><N who="1" m="46665" /><E100/><V4/><F4/><N who="1" m="1609" /><E89/><V108/><F108/><W130/><G130/><T70/><D70/><U134/><E134/><V113/><F113/><W11/><G101/><T52/><D126/><U28/><E28/><V6/><F6/><W76/><G71/><T60/><REACH who="0" step="1"/><D55/><REACH who="0" ten="210,218,250,312" step="2"/><U105/><E105/><V19/><F106/><W21/><G69/><T17/><D17/><U8/><E16/><V81/><F19/><W118/><G118/><T65/><D65/><U107/><E107/><V31/><F31/><W48/><G67/><T129/><D129/><U56/><E56/><V119/><F119/><W99/><G10/><AGARI ba="0,1" hai="10,15,18,20,24,29,45,46,47,52,59,60,84,85" machi="10" ten="40,8000,1" yaku="1,1,8,1,52,1,54,1,53,0" doraHai="57" doraHaiUra="61" who="0" fromWho="3" sc="210,90,218,0,250,0,312,-80" /><AGARI ba="0,0" hai="8,9,10,78,83,86,92,93" m="1609,46665" machi="10" ten="30,1000,0" yaku="13,1" doraHai="57" who="1" fromWho="3" sc="300,0,218,10,250,0,232,-10" /><INIT seed="3,0,0,3,4,131" ten="300,228,250,222" oya="3" hai0="43,62,0,1,13,18,101,66,25,132,115,82,100" hai1="126,38,120,95,129,80,2,92,124,6,60,122,128" hai2="127,106,89,63,130,94,36,111,72,135,71,134,87" hai3="103,81,117,67,7,47,86,61,78,98,42,11,54"/><W55/><G117/><T96/><D43/><U70/><E38/><V85/><F36/><W104/><G67/><T57/><D115/><U40/><E6/><V90/><F130/><N who="1" m="50281" /><E2/><V77/><F106/><W109/><G61/><T39/><D39/><U113/><E40/><V73/><F127/><N who="1" m="48681" /><E60/><V19/><F111/><W64/><G64/><T125/><D125/><U102/><E70/><V31/><F31/><W74/><G109/><T133/><D1/><U116/><E116/><V93/><F63/><W41/><G41/><T123/><D0/><U107/><E113/><V79/><F19/><W33/><G74/><T112/><D112/><U51/><E51/><V49/><F49/><N who="3" m="26871" /><G33/><T35/><D62/><U52/><E52/><V75/><F71/><W14/><AGARI ba="0,0" hai="7,11,14,54,55,78,81,86,98,103,104" m="26871" machi="14" ten="30,1500,0" yaku="25,1" doraHai="131" who="3" fromWho="3" sc="300,-5,228,-5,250,-5,222,15" /><INIT seed="3,1,0,5,5,11" ten="295,223,245,237" oya="3" hai0="121,125,103,134,53,71,68,3,36,51,26,79,50" hai1="2,109,127,115,49,100,31,6,44,12,113,29,132" hai2="32,69,89,131,120,63,8,28,18,62,85,124,23" hai3="39,66,55,46,111,123,91,24,110,93,96,129,98"/><W27/><G123/><T67/><D79/><U126/><E100/><V14/><F124/><N who="1" m="47657" /><E49/><V117/><F117/><W90/><G129/><T76/><D76/><U19/><E44/><V75/><F75/><W106/><G66/><T81/><D81/><U58/><E58/><V73/><F73/><W13/><G39/><T92/><D92/><U7/><E109/><N who="3" m="41482" /><G46/><T119/><D103/><U83/><E83/><N who="2" m="49343" /><F69/><W122/><G122/><T104/><D104/><U94/><E94/><V118/><F32/><W130/><G130/><T114/><D36/><U87/><E87/><V88/><F120/><W54/><G54/><T80/><D53/><U65/><E65/><V1/><F1/><W99/><G55/><T20/><D67/><U25/><E132/><V59/><F131/><W21/><G106/><T47/><D121/><U5/><E2/><V52/><F118/><W34/><G34/><T22/><D119/><U48/><E48/><N who="2" m="31111" /><F88/><N who="3" m="33835" /><G93/><T128/><D128/><U41/><E41/><V4/><F63/><W10/><G21/><T95/><D95/><U45/><E45/><V15/><F62/><W101/><G101/><T17/><D47/><U38/><E38/><V74/><F74/><W37/><G37/><T56/><D125/><U77/><E77/><V40/><F40/><W108/><N who="3" m="41490" /><W107/><DORA hai="84" /><G107/><T42/><D42/><U72/><E72/><V97/><F97/><N who="3" m="24835" /><W0/><DORA hai="35" /><G0/><T112/><D3/><U105/><E105/><V102/><F102/><W9/><G9/><T78/><D68/><U30/><E25/><V60/><F60/><W16/><AGARI ba="1,0" hai="10,13,16,24,27" m="24835,33835,41490" machi="16" ten="50,24000,3" yaku="5,1,14,1,10,1,52,4,54,2" doraHai="11,84,35" who="3" fromWho="3" sc="295,-81,223,-81,245,-81,237,243" /><INIT seed="3,2,0,5,4,70" ten="214,142,164,480" oya="3" hai0="121,52,6,42,53,15,102,60,19,112,0,132,75" hai1="135,106,85,67,32,93,3,101,44,33,29,5,77" hai2="56,79,95,111,103,47,55,66,73,78,11,127,35" hai3="104,126,1,119,49,110,59,45,43,116,109,92,128"/><W125/><G104/><T14/><D121/><U65/><E106/><V51/><F35/><W8/><G92/><T114/><D75/><U90/><E101/><V17/><F111/><N who="3" m="42507" /><G1/><T76/><D76/><U122/><E122/><V54/><F73/><W72/><G8/><N who="0" m="2119" /><D102/><U86/><E135/><V84/><F127/><N who="3" m="48651" /><G72/><T57/><D42/><U20/><E5/><V63/><F66/><W120/><G120/><T117/><D132/><U64/><E3/><V18/><F11/><W87/><G87/><T107/><D107/><U34/><E44/><V39/><F39/><N who="3" m="21759" /><G128/><T124/><D124/><U24/><E77/><N who="2" m="29195" /><F84/><W131/><G131/><T26/><D114/><U80/><REACH who="1" step="1"/><E86/><REACH who="1" ten="214,132,164,480" step="2"/><V31/><F103/><W27/><G27/><T22/><D26/><U82/><AGARI ba="2,1" hai="20,24,29,32,33,34,64,65,67,80,82,85,90,93" machi="82" ten="40,5200,0" yaku="1,1,2,1,0,1,53,0" doraHai="70" doraHaiUra="113" who="1" fromWho="1" sc="214,-15,132,68,164,-15,480,-28" /><INIT seed="4,0,0,1,4,98" ten="199,200,149,452" oya="0" hai0="4,83,24,30,0,12,15,102,65,106,32,124,26" hai1="43,85,91,14,36,47,21,5,71,115,126,111,118" hai2="25,31,135,34,18,95,125,44,29,2,97,134,23" hai3="1,17,74,45,58,9,109,80,99,128,92,114,133"/><T13/><D65/><U117/><E111/><V39/><F2/><W130/><G109/><T56/><D56/><U120/><E120/><V73/><F73/><W93/><G114/><T108/><D108/><U112/><E71/><V127/><F39/><W96/><G133/><N who="2" m="50697" /><F44/><W33/><G33/><T61/><D61/><U50/><E36/><V10/><F10/><W70/><G70/><T40/><D40/><U87/><E126/><N who="2" m="48139" /><F34/><W89/><G58/><T94/><D124/><U3/><E3/><V82/><F82/><W35/><G35/><T105/><D83/><U79/><E21/><V75/><F75/><W51/><G80/><T19/><D0/><U122/><E122/><V37/><F37/><W72/><G74/><T84/><D4/><U16/><E5/><V59/><F59/><W100/><G72/><T62/><D62/><U46/><E46/><V76/><F76/><W66/><G66/><T88/><D19/><U7/><E79/><V90/><AGARI ba="0,0" hai="18,23,25,29,31,90,95,97" m="48139,50697" machi="90" ten="30,2000,0" yaku="20,1,18,1" doraHai="98" who="2" fromWho="2" sc="199,-10,200,-5,149,20,452,-5" /><INIT seed="5,0,0,2,2,20" ten="189,195,169,447" oya="1" hai0="19,76,70,60,88,77,102,51,47,18,80,50,9" hai1="66,2,42,135,58,38,25,23,24,125,86,98,110" hai2="45,16,28,73,55,95,17,11,67,118,93,96,63" hai3="109,33,87,106,1,90,59,111,10,120,72,0,107"/><U74/><E74/><V132/><F73/><W61/><G120/><T126/><D126/><U35/><E2/><V53/><F118/><W81/><G33/><T54/><D102/><U44/><E125/><V101/><F132/><W124/><G124/><T6/><D51/><U123/><E123/><V105/><F28/><W13/><G72/><T94/><D60/><U116/><E116/><V122/><F122/><W29/><G29/><T100/><D100/><U43/><E135/><V7/><F95/><W64/><G0/><T46/><D70/><U32/><E42/><V89/><F45/><W69/><G1/><T130/><D47/><U108/><E98/><V114/><F114/><W49/><G107/><T31/><D31/><N who="1" m="17823" /><E25/><V12/><F17/><W115/><G115/><T121/><D121/><U79/><E79/><V84/><REACH who="2" step="1"/><F7/><REACH who="2" ten="189,195,159,447" step="2"/><W36/><G106/><T113/><D113/><U52/><E32/><V91/><F91/><W104/><G104/><T48/><D130/><U14/><E35/><V103/><F103/><W5/><G5/><T27/><D6/><U22/><E22/><V71/><AGARI ba="0,1" hai="11,12,16,53,55,63,67,71,84,89,93,96,101,105" machi="71" ten="20,8000,1" yaku="1,1,0,1,7,1,54,1,53,1" doraHai="20" doraHaiUra="62" who="2" fromWho="2" sc="189,-20,195,-40,159,90,447,-20" /><INIT seed="6,0,0,3,1,86" ten="169,155,249,427" oya="2" hai0="89,44,110,124,10,120,59,58,100,30,78,19,14" hai1="55,8,57,38,2,94,48,97,111,109,18,122,116" hai2="92,22,41,20,79,51,47,127,60,12,87,5,117" hai3="76,37,70,64,61,56,128,130,54,49,105,80,67"/><V95/><F117/><W82/><G105/><T16/><D120/><U17/><E116/><V9/><F127/><W13/><G37/><T33/><D110/><U66/><E38/><V115/><F115/><W118/><G118/><T131/><D124/><U112/><E112/><V91/><F79/><W96/><G96/><T1/><D100/><U28/><E122/><V113/><F113/><W119/><G119/><T69/><D69/><U72/><E72/><V39/><F39/><W134/><G134/><T98/><D78/><U101/><E28/><V0/><F0/><W21/><G67/><T36/><D1/><U108/><REACH who="1" step="1"/><E66/><REACH who="1" ten="169,145,249,427" step="2"/><V93/><REACH who="2" step="1"/><F60/><REACH who="2" ten="169,145,239,427" step="2"/><N who="3" m="35863" /><G76/><T129/><D36/><U32/><E32/><V102/><F102/><W132/><G61/><T104/><D33/><U65/><E65/><V133/><F133/><W53/><G132/><T45/><D131/><U15/><E15/><V3/><F3/><W99/><G64/><T24/><D129/><U90/><E90/><V71/><F71/><W29/><G70/><T83/><D89/><U81/><E81/><AGARI ba="0,2" hai="5,9,12,20,22,41,47,51,81,87,91,92,93,95" machi="81" ten="40,12000,1" yaku="1,1,8,1,52,1,53,1" doraHai="86" doraHaiUra="85" who="2" fromWho="1" sc="169,0,145,-120,239,140,427,0" /><INIT seed="6,1,0,3,3,50" ten="169,25,379,427" oya="2" hai0="2,63,88,24,21,76,60,111,11,57,12,79,99" hai1="3,40,31,127,96,4,44,107,123,77,61,70,56" hai2="83,134,41,33,19,0,68,30,101,65,86,29,32" hai3="84,114,62,106,104,23,120,66,58,100,53,132,102"/><V20/><F0/><W125/><G120/><T124/><D2/><U90/><E127/><V131/><F134/><W118/><G118/><T89/><D124/><U35/><E123/><V16/><F131/><W117/><G117/><T92/><D89/><U115/><E115/><V14/><F41/><W28/><G125/><T39/><D39/><U82/><E70/><V87/><F101/><W103/><G132/><T75/><D75/><U133/><E133/><V6/><F68/><W27/><G114/><T113/><D111/><U121/><E121/><V47/><F65/><W42/><G42/><T85/><D85/><U38/><E31/><N who="2" m="11787" /><F47/><W45/><G84/><T17/><D63/><U80/><E35/><N who="2" m="13387" /><F86/><W91/><G91/><T116/><D116/><U112/><E112/><V18/><F87/><W1/><G1/><T73/><D73/><U7/><E3/><V15/><F83/><W78/><G78/><T13/><D113/><U108/><E108/><V49/><F49/><W55/><REACH who="3" step="1"/><G45/><REACH who="3" ten="169,25,379,417" step="2"/><T109/><D109/><U10/><E82/><V37/><F37/><W8/><G8/><AGARI ba="1,1" hai="6,8,14,15,16,18,19,20" m="13387,11787" machi="8" ten="30,18000,2" yaku="35,5,54,1" doraHai="50" who="2" fromWho="3" sc="169,0,25,0,379,193,417,-183" /><INIT seed="6,2,0,0,4,0" ten="169,25,572,234" oya="2" hai0="3,19,78,121,40,12,5,74,88,124,76,118,10" hai1="64,113,130,82,77,29,58,132,33,24,23,84,61" hai2="81,110,53,68,43,133,34,4,98,44,62,6,127" hai3="46,109,20,90,22,79,47,117,86,89,52,56,1"/><V102/><F34/><W27/><G109/><T36/><D121/><U105/><E113/><V60/><F110/><W15/><G1/><T17/><D78/><U115/><E130/><V38/><F127/><W11/><G117/><T123/><D123/><U71/><E132/><V116/><F116/><W135/><G135/><T2/><D124/><U8/><E115/><V96/><F133/><W59/><G59/><T95/><D3/><U106/><E33/><V30/><F30/><N who="3" m="17767" /><G22/><T103/><D103/><U126/><E126/><V131/><F131/><W99/><G99/><N who="0" m="57831" /><D12/><U101/><E101/><V94/><F98/><W93/><G89/><T73/><D73/><U104/><REACH who="1" step="1"/><E8/><REACH who="1" ten="169,15,572,234" step="2"/><V21/><F102/><W50/><G79/><T112/><D112/><U75/><E75/><V100/><F100/><W85/><G85/><T41/><D118/><U48/><E48/><V72/><F72/><W16/><AGARI ba="2,1" hai="11,15,16,46,47,50,52,56,86,90,93" m="17767" machi="16" ten="30,4000,0" yaku="8,1,54,2" doraHai="0" who="3" fromWho="3" sc="169,-12,15,-12,572,-22,234,56" /><INIT seed="7,0,0,3,3,56" ten="157,3,550,290" oya="3" hai0="20,116,51,38,63,107,54,46,23,104,80,70,98" hai1="108,58,45,57,94,135,86,102,74,106,39,131,97" hai2="125,127,92,11,111,79,35,68,5,109,112,26,133" hai3="121,21,17,50,19,27,134,96,113,124,90,33,36"/><W48/><G36/><T117/><D80/><U66/><E108/><V10/><F68/><W119/><G121/><T42/><D23/><U8/><E8/><V67/><F67/><W41/><G33/><T91/><D20/><U1/><E1/><V93/><F79/><W95/><G119/><N who="0" m="45643" /><D91/><U3/><E3/><V84/><F84/><W43/><G134/><T64/><D98/><U81/><E45/><V47/><F47/><W52/><G124/><N who="2" m="47689" /><F112/><W101/><G113/><T72/><D72/><U75/><E39/><V53/><F53/><W0/><G0/><T18/><D18/><U32/><E57/><AGARI ba="0,0" hai="38,42,46,51,54,57,63,64,70,104,107" m="45643" machi="57" ten="30,2000,0" yaku="24,1,52,1" doraHai="56" who="0" fromWho="1" sc="157,20,3,-20,550,0,290,0" owari="177,-22.0,-17,-52.0,550,65.0,290,9.0" /></mjloggm>