<mjloggm ver="2.3"><GO type="169" lobby="0"/><UN n0="%E3%81%B5%E3%81%8F%E3%82%84%E3%82%93" n1="%E3%82%A6%E3%83%AB%E3%83%88%E3%83%A9%E7%AB%8B%E7%9B%B4" n2="%E3%83%9F%E3%82%B9%E3%83%86%E3%82%A3%E3%82%B3" n3="%E3%82%83%E3%82%87%E3%81%83" dan="17,16,16,16" rate="2122.77,2144.46,2083.36,2081.93" sx="F,M,M,M"/><TAIKYOKU oya="0"/><INIT seed="0,0,0,4,4,72" ten="250,250,250,250" oya="0" hai0="125,120,65,133,80,55,30,39,50,75,95,116,118" hai1="113,2,58,106,47,22,13,21,68,23,60,28,126" hai2="123,36,89,101,91,24,76,73,104,19,32,124,99" hai3="88,90,35,62,107,20,3,18,12,52,129,6,84"/><T63/><D120/><U77/><E68/><V127/><F36/><W114/><G107/><T29/><D39/><U43/><E2/><V54/><F54/><W38/><G114/><T45/><D125/><N who="2" m="48202" /><F19/><W51/><G38/><T119/><D95/><U31/><E106/><V48/><F48/><W56/><G35/><T110/><D133/><U44/><E113/><V92/><F32/><W1/><G129/><T41/><D110/><U79/><E13/><V16/><F123/><W131/><G131/><T42/><D42/><U121/><E121/><V98/><F24/><W93/><G6/><T46/><D46/><N who="1" m="17451" /><E43/><V66/><F16/><W96/><REACH who="3" step="1"/><G62/><REACH who="3" ten="250,250,250,240" step="2"/><T78/><REACH who="0" step="1"/><D41/><REACH who="0" ten="240,250,250,240" step="2"/><U112/><E126/><V57/><F66/><W122/><G122/><T81/><D81/><AGARI ba="0,2" hai="1,3,12,18,20,51,52,56,81,84,88,90,93,96" machi="81" ten="30,7700,0" yaku="1,1,7,1,54,2,53,0" doraHai="72" doraHaiUra="102" who="3" fromWho="0" sc="240,-77,250,0,250,0,240,97" /><INIT seed="1,0,0,1,1,61" ten="163,250,250,337" oya="1" hai0="48,74,52,56,5,114,88,15,16,54,53,33,27" hai1="126,25,127,67,113,24,104,35,4,8,129,97,62" hai2="130,87,29,118,14,31,82,6,51,106,79,57,73" hai3="22,94,132,44,89,49,110,83,32,78,115,125,99"/><U17/><E113/><V36/><F36/><W111/><G32/><T38/><D38/><U90/><E129/><V1/><F1/><W11/><G115/><T46/><D74/><U75/><E75/><V123/><F118/><W34/><G34/><T101/><D114/><U60/><E60/><V23/><F106/><W42/><G125/><N who="1" m="47626" /><E17/><V58/><F123/><W103/><G132/><T66/><D101/><N who="1" m="62511" /><E90/><V124/><F130/><W128/><G128/><T40/><D5/><U43/><E43/><V98/><F73/><W116/><G116/><T117/><D117/><U45/><E45/><V72/><F72/><W76/><G89/><T20/><D88/><U0/><E35/><V19/><F124/><W92/><G92/><T134/><D134/><U47/><E47/><V105/><F105/><W2/><G44/><T77/><D77/><U68/><AGARI ba="0,0" hai="0,4,8,24,25,62,67,68" m="62511,47626" machi="68" ten="30,3000,0" yaku="18,1,52,1" doraHai="61" who="1" fromWho="1" sc="163,-10,250,30,250,-10,337,-10" /><INIT seed="1,1,0,5,4,37" ten="153,280,240,327" oya="1" hai0="89,100,60,2,81,104,80,39,4,16,18,7,28" hai1="54,97,67,78,74,26,105,122,101,49,12,125,129" hai2="63,13,116,95,113,131,46,119,22,94,8,42,134" hai3="71,84,115,10,35,85,44,123,68,92,108,124,43"/><U93/><E122/><V51/><F131/><W132/><G115/><T52/><D28/><U121/><E121/><V50/><F134/><W112/><G35/><T69/><D39/><U45/><E129/><V38/><F113/><W90/><G123/><T11/><D7/><U5/><E125/><V109/><F109/><W40/><G108/><T58/><D69/><U1/><E1/><V106/><F106/><W3/><G112/><T48/><D89/><U79/><E67/><V15/><F38/><W32/><G32/><T120/><D120/><U96/><E74/><V14/><F8/><W72/><G72/><T128/><D128/><U118/><E118/><V103/><F51/><W6/><G132/><T114/><D114/><U29/><E12/><V55/><F116/><W133/><G133/><T24/><D24/><U57/><E57/><N who="2" m="35263" /><F119/><W0/><G0/><T23/><D18/><U53/><E53/><V102/><F22/><W33/><G33/><T98/><REACH who="0" step="1"/><D48/><REACH who="0" ten="143,280,240,327" step="2"/><U127/><E5/><V110/><F110/><W77/><G71/><T21/><D21/><U9/><E9/><V64/><F64/><W36/><G36/><T88/><D88/><U66/><E66/><V19/><F19/><W34/><G68/><T99/><D99/><U135/><E135/><V76/><F76/><W31/><G34/><T82/><D82/><U41/><E79/><V111/><F111/><W75/><G3/><T62/><D62/><U86/><E78/><V17/><F17/><W117/><G117/><T61/><D61/><U27/><E49/><V65/><F65/><W91/><BYE who="2" /><G75/><RYUUKYOKU type="nm" ba="1,1" sc="143,-20,280,-40,240,-20,327,80" hai0="2,4,11,16,23,52,58,60,80,81,98,100,104" hai2="13,14,15,42,46,50,94,95,102,103" /><INIT seed="2,2,1,5,5,15" ten="123,240,220,407" oya="2" hai0="33,128,56,117,126,59,68,50,38,124,14,95,99" hai1="34,100,5,88,67,66,28,3,49,16,101,108,20" hai2="54,29,97,51,37,86,120,31,116,84,36,94,132" hai3="41,78,42,69,82,2,133,45,104,115,74,8,71"/><V114/><F114/><W96/><G133/><T121/><D38/><U9/><E108/><V125/><F125/><N who="0" m="48234" /><D68/><U109/><E109/><V107/><F107/><W73/><G73/><UN n2="%E3%83%9F%E3%82%B9%E3%83%86%E3%82%A3%E3%82%B3" /><T0/><D0/><U70/><E49/><V25/><F120/><W102/><G42/><T98/><D121/><U77/><E77/><V40/><F116/><W113/><G115/><T55/><D33/><U76/><E76/><V35/><F132/><W110/><G110/><T48/><D128/><U1/><E1/><V92/><F31/><W106/><G106/><T112/><D112/><U118/><E118/><V52/><F40/><W122/><G122/><T7/><D117/><U89/><E100/><V72/><F72/><W103/><G103/><T53/><D95/><U13/><E101/><V22/><F35/><W87/><G87/><T17/><D7/><U90/><E70/><V44/><F54/><W32/><G32/><T4/><D4/><U10/><E10/><AGARI ba="2,1" hai="10,14,17,48,50,53,55,56,59,98,99" m="48234" machi="10" ten="30,2000,0" yaku="18,1,52,1" doraHai="15" who="0" fromWho="1" sc="123,36,240,-26,220,0,407,0" /><INIT seed="3,0,0,1,1,18" ten="159,214,220,407" oya="3" hai0="132,92,62,126,94,45,77,35,86,12,98,71,115" hai1="68,25,114,9,78,97,85,67,29,129,15,90,107" hai2="50,27,72,112,16,91,89,131,75,104,81,57,20" hai3="70,59,14,124,2,119,93,120,8,88,130,46,31"/><W28/><G119/><T22/><D35/><U53/><E114/><V47/><F112/><W99/><G70/><T111/><D115/><U82/><E129/><V123/><F104/><W32/><G2/><T36/><D36/><U48/><E67/><V5/><F131/><W24/><G120/><T42/><D126/><U103/><E68/><V63/><F123/><W51/><G124/><T117/><D132/><U128/><E128/><V133/><F5/><W76/><G31/><T101/><D111/><U54/><E78/><V33/><F33/><W60/><G76/><T110/><D110/><U10/><E15/><V41/><F133/><W135/><G135/><T118/><D62/><U80/><E80/><V43/><F43/><W73/><G73/><T65/><D65/><U84/><E84/><V79/><REACH who="2" step="1"/><F75/><REACH who="2" ten="159,214,210,407" step="2"/><W109/><G130/><T40/><D40/><U105/><E105/><V4/><F4/><W3/><G32/><T64/><D42/><U127/><E127/><V23/><F23/><W30/><G109/><T58/><D22/><U66/><E10/><V95/><F95/><W1/><G93/><T37/><D94/><U106/><E9/><V6/><F6/><W26/><G8/><T49/><D92/><U21/><E107/><V87/><F87/><W74/><G74/><T0/><D86/><U34/><E34/><V96/><F96/><W102/><G99/><T125/><D98/><U11/><E11/><V39/><F39/><W13/><G1/><T113/><D0/><U134/><E106/><V19/><F19/><W69/><G3/><T55/><D125/><RYUUKYOKU ba="0,1" sc="159,-10,214,-10,210,30,407,-10" hai2="16,20,27,41,47,50,57,63,72,79,81,89,91" /><INIT seed="4,1,1,4,0,27" ten="149,204,240,397" oya="0" hai0="100,39,131,6,0,8,121,108,72,25,105,54,117" hai1="44,20,40,87,28,91,30,57,114,13,99,96,15" hai2="1,120,112,125,29,5,42,35,102,106,50,124,122" hai3="32,118,84,97,45,74,53,10,81,64,95,22,78"/><T48/><D121/><N who="2" m="46698" /><F50/><W61/><G118/><T80/><D117/><U9/><E114/><V38/><F102/><W111/><G32/><T66/><D39/><U58/><E44/><N who="2" m="23639" /><F106/><W56/><G111/><T4/><D66/><U75/><E75/><V7/><F112/><W104/><G10/><T2/><D108/><U77/><E77/><V70/><F70/><W107/><G84/><T88/><D131/><U71/><E40/><V43/><F43/><W128/><G128/><T89/><D4/><N who="1" m="3239" /><E71/><V109/><F109/><W73/><G73/><T126/><D2/><U79/><E79/><V113/><F113/><W41/><G22/><T34/><D72/><U23/><E58/><V69/><F69/><W101/><G53/><T3/><D3/><U59/><E57/><V94/><F94/><W60/><G61/><T65/><D65/><U134/><E59/><V68/><F68/><W26/><G26/><T82/><D100/><U92/><E134/><V16/><F7/><W116/><G116/><T130/><D130/><U129/><E129/><V86/><F86/><W133/><G133/><T55/><D105/><U85/><E85/><V119/><F119/><W21/><G21/><N who="1" m="8266" /><E15/><V12/><F12/><W33/><G107/><T11/><D11/><U62/><E62/><V18/><F1/><W93/><G104/><T36/><D36/><U83/><E83/><N who="0" m="31785" /><D55/><U110/><E110/><V19/><F5/><W98/><G101/><T115/><D115/><U51/><E51/><V47/><F47/><W31/><G45/><N who="0" m="27919" /><D126/><U90/><E90/><V46/><F46/><W127/><G74/><RYUUKYOKU ba="1,1" sc="149,10,204,10,240,10,397,-30" hai0="0,6,8,25,34,88,89" hai1="28,30,87,91,92,96,99" hai2="16,18,19,29,35,124,125" /><INIT seed="4,2,1,4,1,94" ten="159,214,250,367" oya="0" hai0="75,40,121,28,3,132,98,83,52,92,63,130,65" hai1="29,66,46,21,60,78,116,11,133,70,42,26,108" hai2="87,102,13,72,127,77,8,23,36,4,100,24,91" hai3="134,61,73,123,117,131,126,112,128,50,6,10,104"/><T93/><D3/><U39/><E108/><V12/><F36/><W88/><G117/><T47/><D121/><U32/><E116/><V68/><F68/><W48/><G112/><T114/><D114/><U84/><E133/><V44/><F127/><W59/><G126/><T118/><D118/><U76/><E11/><V111/><F111/><W16/><G134/><T45/><D130/><N who="3" m="49705" /><G73/><T99/><D28/><U86/><REACH who="1" step="1"/><E32/><REACH who="1" ten="159,204,250,367" step="2"/><V64/><F72/><W122/><G10/><T106/><D132/><U35/><E35/><V31/><F77/><AGARI ba="2,2" hai="21,26,29,39,42,46,60,66,70,76,77,78,84,86" machi="77" ten="40,1300,0" yaku="1,1,53,0" doraHai="94" doraHaiUra="5" who="1" fromWho="2" sc="159,0,204,39,250,-19,367,0" /><INIT seed="5,0,0,5,5,39" ten="159,243,231,367" oya="1" hai0="93,133,33,41,83,36,108,63,26,50,121,24,60" hai1="5,37,85,126,113,106,22,61,17,20,16,13,51" hai2="94,10,129,92,18,130,77,66,44,70,115,56,124" hai3="11,69,35,80,105,99,131,86,128,64,12,19,38"/><U49/><E106/><V78/><F70/><W112/><G38/><T134/><D108/><U101/><E37/><V100/><F66/><W8/><G35/><T75/><D36/><U68/><E5/><V57/><F10/><W6/><G105/><T119/><D119/><U9/><E113/><V0/><F18/><W95/><G64/><T125/><D125/><U132/><E126/><V135/><F0/><W55/><G55/><T91/><D121/><U1/><E132/><N who="0" m="50793" /><D83/><U4/><E101/><V81/><F44/><W88/><G69/><T14/><D14/><U28/><E28/><V118/><F81/><W29/><G29/><N who="0" m="19623" /><D26/><U45/><E85/><V2/><F2/><W102/><G112/><T84/><D75/><U87/><E87/><V52/><F124/><W54/><G54/><T71/><D71/><U103/><E103/><V34/><F115/><W7/><G11/><T73/><D73/><U90/><E90/><V42/><F100/><W98/><G98/><T23/><D23/><U120/><E120/><V110/><F34/><W27/><G27/><T31/><D31/><U53/><E68/><V116/><F52/><W15/><G15/><T48/><D48/><U114/><E114/><V46/><F135/><W96/><G96/><T62/><D50/><U25/><E51/><V79/><F118/><W117/><G117/><T40/><AGARI ba="0,0" hai="40,41,60,62,63,84,91,93" m="19623,50793" machi="40" ten="40,5200,0" yaku="20,1,52,2" doraHai="39" who="0" fromWho="0" sc="159,52,243,-26,231,-13,367,-13" /><INIT seed="6,0,0,3,0,17" ten="211,217,218,354" oya="2" hai0="57,110,84,40,12,103,29,135,15,74,132,53,119" hai1="107,76,116,10,59,105,33,127,31,37,122,58,68" hai2="27,120,79,65,92,102,48,90,80,45,129,97,54" hai3="133,38,62,16,19,43,32,23,18,55,125,99,78"/><V51/><F120/><W130/><G32/><T14/><D74/><U64/><E116/><V106/><F129/><W115/><G130/><T11/><D110/><U128/><E59/><V22/><F65/><W30/><G125/><T63/><D119/><U82/><E58/><V60/><F60/><W72/><G133/><N who="0" m="51275" /><D29/><U124/><E128/><V56/><F106/><N who="1" m="40457" /><E10/><V61/><F102/><W52/><G99/><T47/><D103/><U71/><E37/><V28/><REACH who="2" step="1"/><F45/><REACH who="2" ten="211,217,208,354" step="2"/><W88/><G62/><T95/><D47/><U20/><E64/><V6/><F6/><W69/><G69/><T26/><D40/><U121/><E71/><V118/><F118/><W39/><G43/><T25/><D11/><U113/><E68/><V8/><F8/><W114/><G114/><T85/><D95/><U1/><E113/><V83/><F83/><W3/><G115/><T66/><D66/><U2/><E121/><V34/><F34/><W126/><G55/><T50/><D63/><U117/><E33/><V93/><F93/><W70/><G52/><T100/><D100/><U77/><E122/><V73/><AGARI ba="0,1" hai="22,27,28,48,51,54,56,61,73,79,80,90,92,97" machi="73" ten="20,12000,1" yaku="1,1,0,1,7,1,52,1,53,1" doraHai="17" doraHaiUra="91" who="2" fromWho="2" sc="211,-40,217,-40,208,130,354,-40" /><INIT seed="6,1,0,5,5,108" ten="171,177,338,314" oya="2" hai0="126,124,60,51,74,86,120,9,15,4,59,27,30" hai1="54,24,33,70,134,41,6,66,57,72,53,31,8" hai2="96,2,32,67,93,121,122,42,132,16,87,105,3" hai3="114,111,61,100,34,22,56,103,95,127,5,14,43"/><V94/><F132/><W99/><G111/><T73/><D120/><U118/><E118/><V85/><F32/><W91/><G34/><T92/><D51/><U64/><E72/><V19/><F67/><W131/><G131/><T128/><D128/><U104/><E134/><V81/><F42/><W90/><G127/><N who="0" m="48683" /><D86/><U107/><E41/><V89/><F105/><W84/><G114/><T37/><D92/><U21/><E33/><V11/><F11/><N who="3" m="4463" /><G22/><N who="0" m="15735" /><D37/><U45/><E70/><V76/><F121/><W63/><G43/><T36/><D36/><U117/><E117/><V10/><F122/><W26/><G26/><T48/><D48/><N who="1" m="28815" /><E107/><V98/><F87/><W25/><G25/><T20/><D20/><U119/><E104/><V82/><F82/><N who="3" m="49431" /><G63/><T133/><D133/><U88/><E119/><V62/><F62/><W78/><G78/><T75/><D75/><U123/><E123/><V116/><F116/><W38/><G38/><T65/><AGARI ba="1,0" hai="4,9,15,59,60,65,73,74" m="15735,48683" machi="65" ten="30,1100,0" yaku="18,1" doraHai="108" who="0" fromWho="0" sc="171,14,177,-4,338,-6,314,-4" /><INIT seed="7,0,0,4,3,52" ten="185,173,332,310" oya="3" hai0="16,14,76,106,6,11,107,43,67,93,62,26,57" hai1="117,23,127,131,105,65,79,25,69,112,114,24,28" hai2="75,53,118,71,104,86,7,84,31,77,63,74,102" hai3="123,128,35,81,97,108,34,50,29,0,132,129,119"/><W21/><G119/><T126/><D126/><U2/><E2/><V121/><F118/><W58/><G123/><T38/><D76/><U27/><E117/><V122/><F7/><W41/><G0/><T91/><D38/><U4/><E105/><V95/><F31/><W83/><G132/><T92/><D92/><U12/><E79/><V46/><F104/><W47/><G108/><T45/><D43/><U115/><E127/><V78/><F102/><W10/><G10/><T9/><D45/><U133/><E133/><V37/><F95/><W54/><G97/><T42/><D42/><U32/><E131/><N who="3" m="50250" /><G21/><T103/><D103/><U22/><E22/><V13/><F78/><W101/><G101/><T70/><D70/><U15/><E4/><V80/><F75/><W39/><G29/><T33/><D33/><AGARI ba="0,0" hai="33,34,35,39,41,47,50,54,58,81,83" m="50250" machi="33" ten="30,2900,0" yaku="19,1,52,1" doraHai="52" who="3" fromWho="0" sc="185,-29,173,0,332,0,310,29" owari="156,-34.0,173,-23.0,332,13.0,339,44.0" /></mjloggm>