<mjloggm ver="2.3"><GO type="169" lobby="0"/><UN n0="%E3%81%8F%E3%82%8D%E3%81%AF%E3%81%A1" n1="%E3%82%A6%E3%83%AB%E3%83%88%E3%83%A9%E7%AB%8B%E7%9B%B4" n2="%66%75%6B%75%30%32" n3="%E3%83%A6%E3%83%AA%E3%82%A2" dan="18,16,17,16" rate="2171.59,2101.54,2186.13,2131.08" sx="M,M,M,F"/><TAIKYOKU oya="0"/><INIT seed="0,0,0,0,0,44" ten="250,250,250,250" oya="0" hai0="90,113,74,102,65,105,119,68,4,107,72,122,29" hai1="97,112,69,9,55,131,118,100,40,47,67,23,8" hai2="125,19,85,106,88,45,115,59,53,117,27,11,36" hai3="2,16,28,12,80,48,54,41,58,129,32,89,14"/><T17/><D113/><U78/><E118/><V42/><F106/><W82/><G2/><T104/><D122/><U76/><E112/><V31/><F115/><W38/><G129/><T95/><D119/><U52/><E131/><V101/><F117/><W126/><G126/><T57/><D68/><U120/><E120/><V22/><F125/><W43/><G38/><T20/><D102/><U62/><E23/><V6/><F101/><W33/><G12/><T110/><D29/><U93/><E76/><V92/><F31/><W60/><G33/><T99/><D4/><U121/><E78/><V61/><F6/><W63/><G32/><T124/><D124/><U37/><REACH who="1" step="1"/><E121/><REACH who="1" ten="250,240,250,250" step="2"/><V13/><REACH who="2" step="1"/><F27/><REACH who="2" ten="250,240,240,250" step="2"/><W77/><G28/><T81/><D107/><U25/><E25/><V134/><F134/><W79/><G79/><T98/><D105/><U87/><E87/><V7/><F7/><W133/><G133/><T0/><D104/><U64/><E64/><V71/><F71/><W10/><G77/><T127/><D65/><U128/><E128/><V50/><F50/><W18/><G60/><T96/><D127/><U39/><E39/><V75/><F75/><W5/><G63/><T24/><D72/><U1/><E1/><V94/><F94/><W21/><G82/><T15/><D0/><U84/><E84/><V56/><F56/><W111/><G111/><T34/><D57/><U35/><E35/><V91/><F91/><W109/><G109/><T86/><D110/><U51/><E51/><V108/><F108/><W132/><G132/><T73/><D81/><U103/><E103/><RYUUKYOKU ba="0,2" sc="250,10,240,10,240,10,250,-30" hai0="15,17,20,24,34,73,74,86,90,95,96,98,99" hai1="8,9,37,40,47,52,55,62,67,69,93,97,100" hai2="11,13,19,22,36,42,45,53,59,61,85,88,92" /><INIT seed="0,1,2,4,4,11" ten="260,250,250,220" oya="0" hai0="132,97,48,121,27,68,4,62,30,134,26,86,60" hai1="55,44,39,122,46,33,54,57,37,47,77,120,113" hai2="96,98,7,38,28,112,114,23,52,49,93,131,6" hai3="79,104,123,41,25,53,78,61,124,18,103,110,12"/><T76/><D121/><N who="1" m="46699" /><E77/><V81/><F38/><N who="1" m="14345" /><E33/><V3/><F131/><W50/><G110/><T87/><D4/><U74/><E74/><V106/><F106/><W135/><G124/><T105/><D26/><U92/><E92/><V133/><F133/><N who="0" m="51306" /><D48/><N who="1" m="28959" /><E113/><V95/><F3/><W5/><G135/><T91/><D76/><U19/><E19/><V90/><F81/><W40/><G123/><T115/><D115/><U101/><E101/><V9/><F114/><W24/><G104/><T130/><D130/><U118/><E118/><V29/><F112/><W34/><G103/><N who="0" m="62703" /><D68/><U75/><E75/><V58/><F23/><N who="3" m="11719" /><G34/><N who="0" m="20831" /><D86/><U2/><E2/><V99/><F99/><W127/><G5/><N who="2" m="1545" /><F9/><W0/><G127/><T116/><D116/><U72/><E72/><V32/><F32/><W16/><G0/><T109/><D109/><U10/><E10/><V128/><F128/><W31/><G79/><T59/><D59/><U17/><E17/><V67/><F28/><W100/><G78/><T83/><AGARI ba="1,2" hai="60,62,83,87,91" m="20831,62703,51306" machi="83" ten="30,1500,0" yaku="20,1" doraHai="11" who="0" fromWho="0" sc="260,38,250,-6,250,-6,220,-6" /><INIT seed="0,2,0,5,3,46" ten="298,244,244,214" oya="0" hai0="61,13,27,128,117,20,78,52,104,127,76,32,50" hai1="64,48,59,31,96,100,125,66,69,25,131,134,77" hai2="124,41,1,65,73,38,105,19,14,132,71,74,68" hai3="116,62,37,75,58,112,95,11,57,130,6,85,17"/><T133/><D117/><U84/><E131/><V89/><F1/><W70/><G116/><T87/><D104/><U21/><E125/><V91/><F105/><W90/><G75/><T101/><D101/><U67/><E134/><V99/><F124/><W81/><G112/><T8/><D127/><U39/><E39/><V113/><F113/><W18/><G37/><T10/><D32/><U42/><E69/><V123/><F123/><W120/><G70/><T23/><D61/><U7/><E7/><V97/><F132/><W63/><G130/><T92/><D128/><U109/><E109/><V72/><F38/><W86/><G120/><T107/><D107/><U110/><E110/><V29/><F29/><W88/><G58/><N who="0" m="33047" /><D20/><U15/><E67/><V135/><F135/><W114/><G114/><T119/><D119/><U0/><E0/><V79/><F68/><W106/><G106/><T44/><D44/><U118/><E64/><V43/><F65/><W2/><REACH who="3" step="1"/><G63/><REACH who="3" ten="298,244,244,204" step="2"/><T83/><D133/><U49/><E59/><V4/><F71/><W60/><G60/><T40/><D40/><U121/><E42/><V56/><F41/><W51/><G51/><T28/><D92/><N who="1" m="58375" /><E121/><V33/><F43/><W9/><G9/><N who="0" m="3691" /><D13/><U103/><E15/><V12/><F14/><W30/><G30/><T129/><D129/><U36/><E36/><V35/><F12/><W16/><G16/><T47/><D47/><U22/><E118/><V26/><F19/><W3/><G3/><T80/><D83/><N who="1" m="47215" /><E22/><V94/><F35/><W93/><G93/><T98/><D76/><U53/><E21/><RYUUKYOKU ba="2,1" sc="298,15,244,-15,244,-15,204,15" hai0="23,27,28,78,80,87,98" hai3="2,6,11,17,18,57,62,81,85,86,88,90,95" /><INIT seed="0,3,1,3,4,49" ten="313,229,229,219" oya="0" hai0="110,32,18,91,69,20,14,12,10,19,64,115,67" hai1="37,87,88,42,8,27,77,116,90,113,105,43,0" hai2="100,132,3,135,97,39,38,41,50,25,63,106,15" hai3="72,24,109,76,82,60,48,83,61,68,117,7,70"/><T54/><D115/><U45/><E116/><V85/><F3/><W58/><G117/><T11/><D32/><U47/><E105/><V102/><F102/><W99/><G109/><T126/><D110/><U131/><E131/><V44/><F25/><W23/><G7/><T9/><D126/><U51/><E113/><V28/><F28/><W94/><G83/><T75/><D75/><U119/><E119/><V34/><F34/><W120/><G48/><T128/><D128/><U55/><E77/><V86/><F63/><W133/><G61/><T84/><D69/><U107/><E107/><V124/><F124/><W5/><G5/><T4/><D54/><U79/><E0/><V73/><F73/><W104/><G133/><N who="2" m="51273" /><F15/><W22/><G104/><T129/><D129/><U78/><E27/><V40/><F40/><W71/><G120/><T6/><D6/><U52/><E8/><N who="0" m="3177" /><D4/><U21/><E21/><V134/><F134/><W36/><G36/><AGARI ba="3,1" hai="36,38,39,41,44,50,85,86,97,100,106" m="51273" machi="36" ten="30,1000,0" yaku="20,1" doraHai="49" who="2" fromWho="3" sc="313,0,229,0,229,29,219,-19" /><INIT seed="1,0,0,3,1,81" ten="313,229,258,200" oya="1" hai0="31,82,131,25,122,87,48,76,106,9,107,109,78" hai1="129,115,111,135,132,0,45,12,7,89,38,125,95" hai2="42,14,113,1,88,16,20,11,24,68,103,73,104" hai3="22,99,90,112,61,10,100,84,65,108,102,33,28"/><U123/><E123/><V116/><F68/><W118/><G108/><T15/><D109/><U130/><E111/><V53/><F73/><W52/><G112/><T47/><D131/><N who="1" m="50187" /><E115/><V54/><F1/><W126/><G126/><T127/><D127/><U58/><E0/><V43/><F113/><W128/><G118/><T77/><D122/><U67/><E125/><V96/><F116/><W39/><G128/><T50/><D107/><U66/><E12/><V121/><F121/><W133/><G39/><T94/><D94/><U4/><E45/><V120/><F120/><W46/><G133/><N who="1" m="51274" /><E38/><V18/><F88/><W69/><G33/><T79/><D106/><U51/><E51/><V26/><F26/><W134/><G134/><T91/><N who="0" m="19456" /><DORA hai="59" /><T64/><D47/><U17/><E17/><V19/><F19/><W8/><G100/><T93/><D48/><U74/><E74/><V86/><F18/><W37/><G52/><T117/><D50/><U56/><E56/><V97/><F53/><W36/><G46/><T105/><D117/><U55/><E55/><V34/><F54/><W3/><G3/><T23/><D105/><U49/><E49/><V29/><F104/><W80/><G36/><T44/><D44/><U35/><E35/><V60/><F34/><W70/><G70/><T21/><D15/><U40/><E40/><V63/><F43/><W72/><G72/><T32/><D32/><U57/><E57/><V2/><F42/><W110/><G37/><T124/><D124/><U92/><E92/><V30/><F2/><W85/><G110/><T27/><D27/><RYUUKYOKU ba="0,0" sc="313,0,229,0,258,0,200,0" /><INIT seed="2,1,0,2,5,69" ten="313,229,258,200" oya="2" hai0="77,126,22,107,92,21,40,93,104,78,97,74,56" hai1="8,106,35,134,58,25,129,2,47,60,67,79,121" hai2="72,3,85,49,87,111,90,124,102,66,65,31,59" hai3="42,0,115,54,32,132,68,123,120,45,81,27,88"/><V70/><F72/><W112/><G0/><T89/><D40/><U135/><E106/><N who="0" m="40489" /><D21/><U50/><E79/><N who="0" m="30217" /><D22/><U122/><E129/><V28/><F3/><W48/><G132/><N who="1" m="50730" /><E8/><V13/><F70/><W55/><G32/><T30/><D56/><U29/><E2/><V43/><F102/><W51/><G27/><T37/><D37/><U15/><E15/><V5/><F28/><W1/><G1/><T44/><D44/><U53/><AGARI ba="1,0" hai="25,29,35,47,50,53,58,60,67,121,122" m="50730" machi="53" ten="30,1100,0" yaku="20,1" doraHai="69" who="1" fromWho="1" sc="313,-4,229,14,258,-6,200,-4" /><INIT seed="3,0,0,1,5,84" ten="309,243,252,196" oya="3" hai0="44,105,81,127,125,1,133,83,7,48,121,22,88" hai1="99,27,109,59,70,21,79,114,107,39,25,129,37" hai2="132,13,102,31,45,98,34,111,69,4,17,11,55" hai3="24,46,23,15,71,28,96,72,75,50,56,54,86"/><W16/><G71/><T94/><D121/><U0/><E70/><V78/><F69/><W9/><G96/><T35/><D35/><U128/><E0/><V106/><F111/><W47/><G75/><T97/><D133/><U92/><E107/><V112/><F112/><W101/><G101/><T113/><D113/><U90/><E114/><V18/><F132/><W77/><G72/><T14/><D1/><U61/><E79/><V126/><F126/><N who="0" m="48138" /><D105/><U95/><E95/><V91/><F78/><W10/><G10/><N who="0" m="4447" /><D22/><U29/><E27/><V33/><F31/><W6/><G77/><T5/><D5/><U38/><REACH who="1" step="1"/><E109/><REACH who="1" ten="309,233,252,196" step="2"/><V68/><F68/><W82/><G82/><T42/><AGARI ba="0,1" hai="42,44,48,81,83,88,94,97" m="4447,48138" machi="42" ten="30,4000,0" yaku="18,1,52,1,54,1" doraHai="84" who="0" fromWho="0" sc="309,50,233,-10,252,-10,196,-20" /><INIT seed="4,0,0,1,3,4" ten="359,223,242,176" oya="0" hai0="124,120,135,108,94,89,31,7,36,133,79,117,30" hai1="24,90,107,53,13,3,84,76,28,116,68,130,88" hai2="129,72,14,47,56,26,122,85,35,9,65,128,127" hai3="101,125,121,75,119,104,73,17,96,49,110,55,50"/><T92/><D117/><U87/><E3/><V100/><F72/><W123/><G110/><T41/><D120/><U25/><E68/><V83/><F122/><W95/><G119/><T21/><D79/><U113/><E107/><V132/><F132/><W86/><G125/><T126/><D108/><U61/><E116/><V38/><F127/><N who="0" m="48682" /><D92/><U67/><E67/><V5/><F100/><W63/><G121/><T118/><D118/><U45/><E130/><N who="2" m="50283" /><F38/><W22/><G123/><T54/><D7/><U19/><E113/><V8/><F47/><W46/><G73/><T62/><D41/><U16/><E19/><V48/><F35/><W106/><G75/><T109/><D36/><U2/><E2/><V23/><F14/><W80/><G50/><T69/><D109/><U32/><E32/><V82/><F5/><W60/><G104/><T57/><D69/><U91/><E76/><V102/><F102/><W99/><G99/><N who="0" m="57807" /><D21/><N who="1" m="15375" /><E25/><V115/><F115/><W0/><G0/><T27/><D27/><U10/><E61/><N who="2" m="38055" /><F48/><AGARI ba="0,0" hai="10,13,16,45,48,53,84,87,88,90,91" m="15375" machi="48" ten="30,7700,0" yaku="8,1,52,1,54,2" doraHai="4" who="1" fromWho="2" sc="359,0,223,77,242,-77,176,0" /><INIT seed="5,0,0,5,0,35" ten="359,300,165,176" oya="1" hai0="111,112,21,66,40,9,28,47,123,32,42,132,113" hai1="26,102,49,15,91,62,57,44,5,60,79,100,94" hai2="64,16,17,133,43,114,93,134,74,6,118,130,83" hai3="101,117,65,110,59,2,0,84,31,58,38,14,115"/><U89/><E79/><V98/><F118/><W108/><G38/><T1/><D111/><U75/><E75/><V52/><F130/><W127/><G31/><T78/><D32/><U72/><E72/><V24/><F64/><W86/><G117/><T77/><D66/><U90/><E26/><V22/><F43/><W30/><G30/><T36/><D40/><U131/><E131/><V124/><F124/><W106/><G65/><T129/><D129/><U128/><E128/><V92/><F6/><W46/><G46/><T55/><D55/><N who="1" m="30119" /><E94/><V45/><F114/><N who="0" m="44138" /><D132/><N who="2" m="50794" /><F17/><W34/><G115/><T18/><D28/><U126/><E126/><V8/><F8/><W7/><G7/><N who="0" m="1263" /><D123/><U51/><E51/><N who="2" m="28783" /><F98/><W41/><G127/><T81/><D81/><U85/><E60/><V20/><F20/><W4/><G41/><T25/><AGARI ba="0,0" hai="18,21,25,36,42,47,77,78" m="1263,44138" machi="25" ten="30,2000,0" yaku="15,1,52,1" doraHai="35" who="0" fromWho="0" sc="359,20,300,-10,165,-5,176,-5" /><INIT seed="6,0,0,2,4,11" ten="379,290,160,171" oya="2" hai0="82,44,123,49,29,19,113,47,99,24,132,71,116" hai1="17,9,32,34,80,93,107,39,66,18,74,33,21" hai2="8,81,51,6,100,73,43,27,129,10,94,95,133" hai3="122,60,36,30,115,85,65,79,35,125,134,1,56"/><V16/><F129/><W28/><G122/><T120/><D71/><U124/><E107/><V88/><F133/><W70/><G1/><T68/><D68/><U105/><E105/><V106/><F106/><W62/><G36/><T114/><D132/><U86/><E39/><V45/><F73/><W90/><G134/><T41/><D116/><U37/><E37/><V72/><F72/><W131/><G131/><T98/><D19/><U112/><E74/><V91/><F100/><W52/><G79/><T96/><D82/><U117/><E117/><V0/><F81/><W4/><G125/><T78/><D44/><U14/><E124/><V40/><F40/><W2/><G35/><N who="0" m="20903" /><D78/><U121/><E121/><V130/><F130/><W101/><G101/><T31/><D31/><U54/><E112/><AGARI ba="0,0" hai="41,47,49,96,98,99,112,113,114,120,123" m="20903" machi="112" ten="30,1000,0" yaku="15,1" doraHai="11" who="0" fromWho="1" sc="379,10,290,-10,160,0,171,0" /><INIT seed="7,0,0,3,2,17" ten="389,280,160,171" oya="3" hai0="117,87,35,21,63,93,86,119,123,50,33,44,9" hai1="102,16,77,110,96,8,103,130,112,114,75,34,128" hai2="111,61,25,90,46,13,82,134,116,98,133,51,37" hai3="1,36,52,106,29,126,135,104,120,85,31,108,12"/><W129/><G120/><T20/><D123/><U100/><E34/><V56/><F37/><W92/><G36/><T24/><D33/><U19/><E110/><V42/><F111/><W23/><G1/><T30/><D35/><U26/><E96/><V131/><F116/><W78/><G108/><T41/><D9/><U53/><E53/><V73/><F131/><N who="1" m="50217" /><E8/><V95/><F13/><W7/><G126/><T55/><D117/><U66/><E66/><V74/><F25/><W22/><G135/><N who="2" m="51721" /><F82/><W97/><G129/><T101/><D20/><N who="3" m="7721" /><G106/><T58/><D119/><U132/><E132/><V14/><F14/><W28/><G104/><T57/><D57/><U84/><E75/><V91/><F91/><N who="3" m="55455" /><G52/><AGARI ba="0,0" hai="42,46,51,52,56,61,73,74,90,95,98" m="51721" machi="52" ten="30,2000,0" yaku="20,1,54,1" doraHai="17" who="2" fromWho="3" sc="389,0,280,0,160,20,171,-20" owari="389,49.0,280,8.0,180,-22.0,151,-35.0" /></mjloggm>