<mjloggm ver="2.3"><GO type="169" lobby="0"/><UN n0="%4C%53%E9%99%BD" n1="%E3%83%88%E3%83%88%E3%83%AA%E5%85%88%E7%94%9F%31%39%E6%AD%B3" n2="%74%6F%72%69%30%36%31%32" n3="%68%61%79%61%74%6F%E2%98%86" dan="16,18,17,18" rate="2079.65,2236.99,2128.44,2210.69" sx="M,F,M,M"/><TAIKYOKU oya="0"/><INIT seed="0,0,0,5,0,38" ten="250,250,250,250" oya="0" hai0="69,135,8,36,86,131,45,15,99,68,41,20,11" hai1="30,39,25,128,102,81,125,66,13,93,104,57,28" hai2="52,98,79,90,120,114,108,64,111,40,51,5,63" hai3="31,91,72,61,24,54,88,35,117,87,122,100,37"/><T115/><D115/><U56/><E104/><V23/><F120/><W60/><G117/><T3/><D135/><U48/><E39/><V124/><F79/><W21/><G72/><T105/><D131/><U27/><E128/><V85/><F124/><W12/><G122/><T127/><D127/><U17/><E125/><V107/><F5/><W18/><G100/><T7/><D20/><U2/><E2/><V70/><F23/><W121/><G121/><T94/><D86/><U113/><E113/><V101/><F40/><W74/><G74/><T106/><D68/><U55/><E81/><V96/><F96/><W49/><G37/><T78/><D78/><U110/><E110/><V119/><F119/><W118/><G118/><T26/><D26/><N who="1" m="9739" /><E57/><V19/><F19/><W92/><REACH who="3" step="1"/><G91/><REACH who="3" ten="250,250,250,240" step="2"/><T9/><D69/><U34/><E102/><V50/><F114/><W4/><G4/><T44/><D44/><AGARI ba="0,1" hai="12,18,21,24,31,35,44,49,54,60,61,87,88,92" machi="44" ten="30,3900,0" yaku="1,1,7,1,54,1,53,0" doraHai="38" doraHaiUra="76" who="3" fromWho="0" sc="250,-39,250,0,250,0,240,49" /><INIT seed="1,0,0,0,1,25" ten="211,250,250,289" oya="1" hai0="3,27,19,12,54,90,87,55,82,107,89,69,98" hai1="85,80,93,32,127,4,45,37,31,16,42,10,59" hai2="7,5,108,131,113,118,23,51,58,62,70,22,8" hai3="52,33,105,103,57,64,135,109,61,119,83,74,111"/><U112/><E112/><V132/><F70/><W2/><G2/><T78/><D3/><U53/><E127/><V97/><F118/><W102/><G119/><T71/><D69/><U44/><E44/><V40/><F131/><W114/><G114/><T99/><D71/><U129/><E129/><V18/><F132/><W72/><G135/><T115/><D115/><U125/><E125/><V67/><F108/><N who="3" m="41547" /><G33/><T75/><D75/><N who="3" m="28713" /><G105/><T41/><D41/><U6/><E93/><V104/><F113/><W81/><G64/><T123/><D123/><U29/><E32/><V117/><F117/><W79/><G83/><T122/><D122/><U65/><E65/><V21/><F97/><W13/><G13/><T130/><D130/><U28/><E16/><V96/><F96/><W120/><G120/><T14/><D107/><U49/><REACH who="1" step="1"/><E10/><REACH who="1" ten="211,240,250,289" step="2"/><V15/><F104/><W38/><G38/><T106/><D54/><U128/><E128/><V24/><F5/><W134/><G134/><T133/><D55/><U36/><E36/><V9/><F9/><W39/><G39/><T43/><D19/><U20/><E20/><V77/><F23/><W126/><G126/><T56/><D106/><U73/><E73/><AGARI ba="0,1" hai="52,57,61,73,79,81,102,103" m="28713,41547" machi="73" ten="30,2000,0" yaku="14,1,54,1" doraHai="25" who="3" fromWho="1" sc="211,0,240,-20,250,0,289,30" /><INIT seed="2,0,0,4,3,24" ten="211,220,250,319" oya="2" hai0="95,34,27,16,76,37,127,44,89,21,103,57,41" hai1="50,42,69,25,70,68,19,126,29,115,78,124,26" hai2="30,13,120,100,79,93,23,99,109,133,2,98,114" hai3="28,121,56,112,113,82,20,7,4,45,80,110,128"/><V122/><F2/><W72/><G121/><T132/><D127/><N who="1" m="48683" /><E115/><V48/><F114/><W59/><G20/><T129/><D132/><U118/><E118/><V107/><F133/><W51/><G51/><T116/><D129/><U134/><E134/><V43/><F79/><W10/><G10/><T46/><D76/><U39/><E39/><V58/><F109/><W87/><G87/><T94/><D46/><N who="1" m="25943" /><E78/><V6/><F43/><W67/><G110/><T60/><D34/><N who="1" m="20783" /><E26/><V119/><F119/><W81/><G128/><T64/><D116/><U5/><E19/><V14/><F30/><W105/><G105/><T49/><D103/><U71/><E71/><V88/><F23/><W130/><G130/><T9/><D9/><U96/><E96/><V111/><F111/><W36/><G72/><T84/><REACH who="0" step="1"/><D37/><REACH who="0" ten="201,220,250,319" step="2"/><U31/><E31/><V117/><F117/><W62/><G28/><T73/><D73/><U54/><E5/><V90/><F6/><W75/><G75/><T38/><D38/><U91/><E91/><V35/><F35/><W52/><G4/><T18/><D18/><U65/><E54/><N who="2" m="32071" /><F90/><W106/><G7/><T108/><D108/><U1/><E1/><V135/><F135/><W15/><G36/><T22/><D22/><U47/><E47/><V77/><F77/><W12/><G45/><T66/><D66/><AGARI ba="0,1" hai="65,66,68,69,70" m="20783,25943,48683" machi="66" ten="40,2600,0" yaku="18,1,52,1" doraHai="24" who="1" fromWho="0" sc="201,-26,220,36,250,0,319,0" /><INIT seed="3,0,0,2,3,29" ten="175,256,250,319" oya="3" hai0="2,106,16,27,3,52,112,103,119,95,66,93,72" hai1="74,79,62,64,8,94,111,131,110,89,114,53,31" hai2="30,77,12,100,48,11,90,128,35,130,124,5,24" hai3="57,34,86,42,18,25,83,13,91,118,109,101,71"/><W7/><G71/><T104/><D72/><U127/><E114/><V82/><F100/><W33/><G118/><T54/><D66/><U121/><E121/><V97/><F124/><W132/><G101/><T40/><D103/><U123/><E123/><V96/><F48/><W78/><G42/><T23/><D40/><U126/><E131/><N who="2" m="50219" /><F90/><W87/><G132/><T17/><D23/><U133/><E133/><V6/><F6/><W4/><G109/><N who="1" m="41482" /><E53/><V92/><F92/><W51/><G25/><T15/><D15/><U81/><E8/><V85/><AGARI ba="0,0" hai="5,11,12,24,30,35,77,82,85,96,97" m="50219" machi="85" ten="30,2000,0" yaku="19,1,52,1" doraHai="29" who="2" fromWho="2" sc="175,-5,256,-5,250,20,319,-10" /><INIT seed="4,0,0,3,5,20" ten="170,251,270,309" oya="0" hai0="116,64,79,28,63,68,77,50,9,26,70,45,18" hai1="90,123,103,43,107,32,87,33,8,86,10,124,84" hai2="29,35,127,44,40,105,46,100,82,5,65,131,21" hai3="128,47,85,106,22,12,92,94,118,80,19,126,24"/><T56/><D116/><U69/><E123/><V110/><F46/><W66/><G106/><T135/><D135/><U125/><E69/><V48/><F21/><W14/><G118/><T59/><D70/><U98/><E90/><V95/><F95/><N who="3" m="36395" /><G126/><N who="1" m="48746" /><E43/><V75/><F65/><W72/><G72/><T49/><D68/><U113/><E113/><V55/><F5/><W3/><G3/><T15/><D59/><U52/><E52/><V132/><F55/><W112/><G128/><T74/><D74/><U16/><E10/><V99/><F131/><W39/><G39/><T78/><REACH who="0" step="1"/><D45/><REACH who="0" ten="160,251,270,309" step="2"/><U101/><E101/><V130/><F44/><W81/><G47/><T27/><D27/><U25/><E25/><N who="2" m="18863" /><F100/><W89/><G112/><T31/><D31/><U115/><E115/><V122/><F127/><W97/><G66/><T17/><D17/><U88/><E88/><V120/><F120/><W1/><G24/><T34/><AGARI ba="0,1" hai="9,15,18,26,28,34,49,50,56,63,64,77,78,79" machi="34" ten="30,6000,0" yaku="1,1,0,1,52,1,53,0" doraHai="20" doraHaiUra="71" who="0" fromWho="0" sc="160,70,251,-20,270,-20,309,-20" /><INIT seed="4,1,0,3,0,70" ten="230,231,250,289" oya="0" hai0="57,66,78,16,61,53,103,46,129,22,84,56,10" hai1="28,68,117,76,47,63,82,17,133,11,107,119,89" hai2="131,102,126,134,69,33,88,67,59,2,20,124,106" hai3="73,128,130,87,43,65,55,62,29,123,13,30,18"/><T79/><D129/><U99/><E133/><V25/><F59/><W40/><G73/><T19/><D103/><U111/><E111/><V42/><F131/><W9/><G123/><T105/><D105/><U71/><E28/><N who="2" m="19599" /><F20/><W75/><G75/><T49/><D10/><U125/><E125/><V21/><F21/><W86/><G55/><T90/><D46/><U114/><E114/><V44/><F88/><W112/><G112/><T45/><D45/><U83/><E17/><V122/><F2/><W120/><G120/><T113/><D113/><U15/><E83/><V4/><F4/><W7/><G7/><T81/><REACH who="0" step="1"/><D19/><REACH who="0" ten="220,231,250,289" step="2"/><U104/><E107/><V50/><F122/><W14/><G18/><T77/><D77/><U92/><E47/><V100/><F134/><W101/><G101/><T60/><D60/><U5/><E104/><V39/><F102/><W118/><G128/><T135/><D135/><U93/><E63/><N who="2" m="40191" /><F50/><W85/><G130/><T32/><D32/><U6/><E6/><V36/><F36/><W37/><G37/><T95/><D95/><U121/><E121/><V97/><AGARI ba="1,1" hai="39,42,44,97,100,106,124,126" m="40191,19599" machi="97" ten="30,4000,0" yaku="25,1,23,1,52,1" doraHai="70" who="2" fromWho="2" sc="220,-21,231,-11,250,53,289,-11" /><INIT seed="5,0,0,4,5,36" ten="199,220,303,278" oya="1" hai0="49,50,123,48,17,95,45,4,70,60,78,117,98" hai1="31,134,81,20,16,65,106,37,61,46,68,73,5" hai2="7,120,87,18,51,52,1,103,42,101,135,83,66" hai3="30,96,55,102,41,6,71,110,105,14,63,21,72"/><U19/><E106/><V44/><F120/><W118/><G72/><T15/><D117/><U25/><E134/><V58/><F135/><W121/><G110/><T130/><D130/><U12/><E5/><V74/><F74/><W13/><G121/><T67/><D78/><U114/><E114/><V47/><F47/><W131/><G131/><T77/><D77/><U82/><E73/><V10/><F66/><W112/><G112/><T62/><D62/><U27/><E37/><V23/><F87/><W38/><G6/><T39/><D4/><U32/><REACH who="1" step="1"/><E46/><REACH who="1" ten="199,210,303,278" step="2"/><V11/><F11/><AGARI ba="0,1" hai="11,12,16,19,20,25,27,31,32,61,65,68,81,82" machi="11" ten="30,12000,1" yaku="1,1,2,1,7,1,54,1,53,1" doraHai="36" doraHaiUra="64" who="1" fromWho="2" sc="199,0,210,130,303,-120,278,0" /><INIT seed="5,1,0,3,5,55" ten="199,340,183,278" oya="1" hai0="13,3,122,73,83,14,62,54,57,24,52,67,77" hai1="74,70,48,5,60,93,119,99,69,101,105,1,89" hai2="39,49,10,44,81,22,90,68,87,59,25,134,131" hai3="8,45,72,100,31,123,0,12,58,127,98,124,19"/><U112/><E119/><V104/><F68/><W95/><G72/><T30/><D3/><U28/><E74/><V9/><F104/><W56/><G123/><T40/><D40/><U20/><E112/><V65/><F39/><W132/><G31/><T84/><D122/><U11/><E28/><N who="2" m="17463" /><F131/><W43/><G0/><T88/><D14/><U85/><E20/><V103/><F103/><W29/><G29/><T130/><D13/><U94/><E105/><V121/><F121/><W34/><G34/><T76/><D130/><U63/><E63/><N who="2" m="38143" /><F134/><W7/><G7/><T36/><D36/><U37/><E37/><V53/><AGARI ba="1,0" hai="9,10,44,49,53,81,87,90" m="38143,17463" machi="53" ten="30,2000,0" yaku="8,1,52,1" doraHai="55" who="2" fromWho="2" sc="199,-6,340,-11,183,23,278,-6" /><INIT seed="6,0,0,3,1,60" ten="193,329,206,272" oya="2" hai0="31,73,124,114,69,135,116,101,119,54,71,14,108" hai1="34,97,12,132,24,92,30,20,26,62,131,58,66" hai2="86,42,121,82,68,80,123,63,133,51,67,122,6" hai3="38,56,4,74,64,79,32,83,57,18,65,7,19"/><V39/><F133/><W130/><G38/><T27/><D73/><U3/><E3/><V16/><F39/><W89/><G32/><T129/><D101/><U100/><E132/><V43/><F6/><W128/><G89/><T48/><D108/><U2/><E2/><V99/><F99/><W78/><G83/><T13/><D135/><U44/><E131/><V35/><F35/><W111/><REACH who="3" step="1"/><G74/><REACH who="3" ten="193,329,206,262" step="2"/><T46/><D129/><U96/><E34/><V109/><F109/><AGARI ba="0,1" hai="4,7,18,19,56,57,64,65,78,79,109,111,128,130" machi="109" ten="25,12000,2" yaku="1,1,2,1,22,2,52,2,53,0" doraHai="60" doraHaiUra="117" who="3" fromWho="2" sc="193,0,329,0,206,-120,262,130" /><INIT seed="7,0,0,2,5,93" ten="193,329,86,392" oya="3" hai0="96,12,51,40,117,125,94,97,115,43,46,2,39" hai1="9,61,5,134,77,108,90,65,109,6,0,31,91" hai2="62,132,48,102,105,101,11,25,49,82,95,85,120" hai3="127,67,98,121,38,37,24,44,34,1,4,71,14"/><W112/><G121/><T22/><D2/><U104/><E104/><V83/><F120/><W19/><G44/><T16/><D117/><U126/><E134/><V55/><F105/><W45/><G45/><T76/><D76/><U74/><E126/><V88/><F132/><W123/><G123/><T63/><D125/><U103/><E6/><V10/><F62/><W28/><G112/><T8/><D115/><U21/><E77/><V133/><F133/><W113/><G113/><T15/><D94/><U53/><E74/><V36/><F36/><W79/><G79/><T130/><D130/><U118/><E118/><V47/><F49/><W84/><G84/><T89/><D89/><U35/><E53/><V81/><F25/><W7/><G7/><T13/><D13/><U23/><E108/><V69/><F69/><W86/><G86/><T57/><D40/><U56/><E109/><V80/><N who="2" m="20992" /><DORA hai="135" /><V116/><REACH who="2" step="1"/><F116/><REACH who="2" ten="193,329,76,392" step="2"/><W78/><G71/><T20/><D39/><U128/><E128/><V59/><F59/><W124/><G37/><T129/><D129/><U100/><E35/><V110/><F110/><W72/><G34/><T29/><D57/><U30/><E30/><V54/><F54/><W42/><G28/><T41/><D63/><U58/><E58/><V92/><F92/><W106/><G78/><T111/><D111/><U75/><E31/><V33/><F33/><W68/><G124/><T3/><D51/><U26/><E26/><V66/><F66/><W131/><G131/><T87/><D43/><U64/><E65/><V50/><F50/><W114/><G127/><RYUUKYOKU ba="0,1" sc="193,-10,329,-10,76,30,392,-10" hai2="10,11,47,48,55,85,88,95,101,102" owari="183,-22.0,319,12.0,106,-39.0,392,49.0" /></mjloggm>