<mjloggm ver="2.3"><GO type="225" lobby="0"/><UN n0="%4B%52%65%72%65%65%65%4E" n1="%E6%9D%8E%E8%B3%80" n2="%43%46%76%E6%9D%8F%E6%9D%8F" n3="%E3%82%A6%E3%83%AB%E3%83%88%E3%83%A9%E7%AB%8B%E7%9B%B4" dan="16,16,16,17" rate="2169.90,2076.72,2064.79,2134.77" sx="M,M,F,M"/><TAIKYOKU oya="0"/><INIT seed="0,0,0,4,2,130" ten="250,250,250,250" oya="0" hai0="25,101,31,6,4,9,94,116,103,112,35,57,73" hai1="44,56,86,8,0,85,14,98,48,26,40,117,33" hai2="126,78,124,37,131,51,104,12,77,100,41,107,72" hai3="109,15,11,92,5,49,1,71,58,63,43,97,129"/><T81/><D116/><U90/><E117/><V125/><F131/><W69/><G129/><T32/><D112/><U67/><E0/><V22/><F37/><W47/><G1/><T54/><D6/><U127/><E127/><V20/><F100/><W111/><G58/><T93/><D35/><U113/><E113/><V74/><F12/><W27/><G27/><T52/><D73/><N who="2" m="28266" /><F51/><W60/><G63/><T36/><D36/><U13/><E33/><V84/><F41/><W128/><G128/><T16/><D81/><U61/><E26/><V68/><F68/><W108/><REACH who="3" step="1"/><G60/><REACH who="3" ten="250,250,250,240" step="2"/><T64/><D103/><AGARI ba="0,1" hai="5,11,15,43,47,49,69,71,92,97,103,108,109,111" machi="103" ten="40,5200,0" yaku="1,1,2,1,14,1,53,0" doraHai="130" doraHaiUra="80" who="3" fromWho="0" sc="250,-52,250,0,250,0,240,62" /><INIT seed="1,0,0,3,0,98" ten="198,250,250,302" oya="1" hai0="55,12,4,111,0,8,44,133,90,5,15,113,126" hai1="101,62,54,37,48,19,11,132,96,14,21,100,72" hai2="29,50,117,20,30,119,108,116,110,104,83,107,84" hai3="78,7,66,53,73,16,59,38,33,131,17,3,52"/><U89/><E37/><V85/><F50/><W45/><G33/><T23/><D113/><U129/><E132/><V6/><F6/><W32/><G32/><T109/><D90/><U24/><E72/><V28/><F20/><W81/><G66/><T31/><D55/><N who="3" m="21065" /><G59/><T64/><D64/><U42/><E42/><V114/><F114/><W22/><G22/><T122/><D44/><N who="1" m="27911" /><E129/><V9/><F9/><N who="3" m="2303" /><G131/><T43/><D43/><AGARI ba="0,0" hai="16,17,38,43,45,73,78,81" m="2303,21065" machi="43" ten="30,3900,0" yaku="25,1,54,2" doraHai="98" who="3" fromWho="0" sc="198,-39,250,0,250,0,302,39" /><INIT seed="2,0,0,4,4,113" ten="159,250,250,341" oya="2" hai0="6,73,87,120,98,57,33,133,102,8,53,69,62" hai1="112,130,4,25,107,64,34,47,14,123,46,92,66" hai2="105,134,99,3,96,135,65,86,2,56,125,117,27" hai3="114,84,97,20,100,41,91,83,32,54,129,75,21"/><V16/><F125/><W24/><G114/><T40/><D73/><U59/><E107/><V37/><F37/><W116/><G116/><T101/><D120/><U81/><E123/><V19/><F86/><W115/><G115/><T26/><D133/><N who="2" m="50698" /><F117/><W22/><G129/><T42/><D101/><U103/><E81/><V55/><F65/><W9/><G41/><T104/><D87/><U44/><E130/><V1/><F105/><W15/><G75/><T49/><D8/><U50/><E34/><V76/><F76/><W43/><G43/><T95/><D6/><U18/><E4/><V77/><F77/><W70/><G70/><T121/><D95/><U29/><E64/><V72/><F72/><W126/><G54/><T61/><D61/><U12/><E66/><V63/><F27/><W31/><G126/><T110/><D110/><U39/><E39/><V28/><F28/><W80/><G80/><T74/><D74/><U13/><E29/><V94/><F99/><W67/><G67/><T118/><D118/><U23/><E112/><V111/><F111/><W10/><REACH who="3" step="1"/><G15/><REACH who="3" ten="159,250,250,331" step="2"/><T78/><D121/><U51/><E13/><V79/><F79/><W119/><G119/><T58/><D78/><U93/><E14/><V127/><F127/><W48/><G48/><T35/><D69/><U0/><E50/><V90/><AGARI ba="0,1" hai="1,2,3,16,19,55,56,63,90,94,96" m="50698" machi="90" ten="40,3900,0" yaku="20,1,54,1" doraHai="113" who="2" fromWho="2" sc="159,-13,250,-13,250,49,331,-13" /><INIT seed="2,1,0,1,1,129" ten="146,237,299,318" oya="2" hai0="131,115,12,60,84,50,89,57,39,111,51,62,64" hai1="86,7,55,15,99,134,73,43,24,19,106,45,114" hai2="81,28,113,128,25,40,95,21,79,97,36,47,110" hai3="67,16,37,32,5,120,46,116,63,101,68,135,61"/><V18/><F113/><W8/><G120/><T42/><D115/><U70/><E73/><V59/><F128/><W35/><G116/><T10/><D131/><U20/><E70/><V65/><F110/><W78/><G16/><T38/><D111/><U30/><E7/><V93/><F97/><W92/><G92/><T27/><D27/><U58/><E114/><V123/><F123/><W14/><G63/><T117/><D117/><U87/><E99/><V23/><F59/><W118/><G101/><T3/><D3/><U80/><E106/><V72/><REACH who="2" step="1"/><F65/><REACH who="2" ten="146,237,289,318" step="2"/><W48/><G118/><T90/><D64/><U26/><E58/><V17/><F17/><W6/><G67/><T96/><D57/><U13/><E19/><V11/><F11/><W66/><G8/><T107/><D10/><U69/><E69/><V119/><F119/><W44/><G66/><T29/><D96/><U0/><E45/><V91/><F91/><W82/><G46/><T109/><D109/><U125/><E30/><V102/><F102/><W49/><G44/><T34/><D29/><U22/><E43/><V104/><F104/><W85/><G68/><T1/><D107/><U112/><E112/><V132/><F132/><W31/><G135/><T88/><D42/><U108/><E108/><V33/><F33/><W122/><G35/><T127/><D34/><U83/><E134/><V4/><F4/><W100/><G5/><T130/><D130/><U41/><E41/><V76/><F76/><W94/><G78/><T52/><D90/><U9/><E9/><V124/><F124/><W53/><G32/><RYUUKYOKU ba="1,1" sc="146,-10,237,-10,289,30,318,-10" hai2="18,21,23,25,28,36,40,47,72,79,81,93,95" /><INIT seed="2,2,1,4,3,89" ten="136,227,319,308" oya="2" hai0="20,50,43,80,33,55,0,98,22,65,24,122,60" hai1="95,82,110,18,46,47,90,107,128,131,45,79,132" hai2="103,84,3,101,42,104,36,116,15,37,54,63,120" hai3="135,123,100,13,59,125,29,69,74,86,75,26,127"/><V6/><F116/><W118/><G69/><T10/><D122/><U9/><E107/><V85/><F120/><W88/><G123/><T62/><D62/><U73/><E110/><V70/><F3/><W21/><G118/><T94/><D43/><U96/><E132/><V102/><F104/><W34/><G100/><T31/><D80/><U61/><E61/><V76/><F76/><W124/><G59/><T32/><D20/><U109/><E109/><V4/><F42/><W19/><REACH who="3" step="1"/><G135/><REACH who="3" ten="136,227,319,298" step="2"/><T66/><D66/><U49/><E128/><V57/><F70/><W117/><G117/><T115/><D115/><U99/><E131/><V92/><F37/><W97/><G97/><T81/><D81/><AGARI ba="2,2" hai="13,19,21,26,29,34,74,75,81,86,88,124,125,127" machi="81" ten="40,5200,0" yaku="1,1,18,1,54,1,53,0" doraHai="89" doraHaiUra="114" who="3" fromWho="0" sc="136,-58,227,0,319,0,298,78" /><INIT seed="3,0,0,1,3,22" ten="78,227,319,376" oya="3" hai0="78,113,106,51,4,32,38,86,13,107,81,12,124" hai1="94,46,122,21,39,47,45,2,73,8,118,89,26" hai2="92,6,88,68,56,135,40,71,19,103,27,66,15" hai3="35,24,43,31,116,65,36,134,79,30,111,125,131"/><W82/><G31/><T119/><D38/><U100/><E122/><V1/><F103/><W96/><G116/><T33/><D119/><U70/><E70/><V91/><F40/><W48/><G48/><T101/><D51/><U44/><E73/><V25/><F1/><W123/><G123/><T50/><D50/><U52/><E100/><V85/><F6/><W83/><G83/><T105/><D101/><U67/><E67/><V97/><F135/><W109/><G96/><T72/><D72/><U127/><E127/><V62/><F71/><W7/><G7/><T99/><D99/><U29/><E118/><V17/><F68/><W3/><G3/><T133/><D4/><U77/><E77/><V76/><F76/><W117/><G65/><T115/><D124/><U10/><E2/><V84/><F97/><W61/><G134/><T87/><D81/><U93/><E93/><N who="2" m="54511" /><F19/><W0/><G0/><T120/><D78/><U104/><E104/><V18/><F18/><W90/><G79/><T42/><D107/><U80/><E80/><V58/><F56/><W59/><G59/><T110/><D133/><U64/><E45/><V23/><AGARI ba="0,0" hai="15,17,23,25,27,58,62,66,84,88,92" m="54511" machi="23" ten="30,7900,0" yaku="8,1,52,2,54,1" doraHai="22" who="2" fromWho="2" sc="78,-20,227,-20,319,79,376,-39" owari="58,-44.0,207,-19.0,398,49.0,337,14.0" /></mjloggm>