<mjloggm ver="2.3"><GO type="169" lobby="0"/><UN n0="%6B%6F%72%6F%74%61%6E%6E" n1="%E3%83%88%E3%83%88%E3%83%AA%E5%85%88%E7%94%9F%31%39%E6%AD%B3" n2="%E6%96%B0%E4%B8%96%E7%95%8C%E3%81%AE%E7%B4%99" n3="%79%61%6C%70%68%61" dan="16,18,17,17" rate="2080.03,2223.94,2207.19,2127.85" sx="M,F,F,M"/><TAIKYOKU oya="0"/><INIT seed="0,0,0,1,4,65" ten="250,250,250,250" oya="0" hai0="2,13,119,57,49,88,44,122,46,97,8,43,32" hai1="73,14,4,70,108,114,78,33,95,80,53,91,68" hai2="129,117,94,87,7,55,79,76,72,107,121,89,50" hai3="82,35,127,21,62,103,37,92,113,12,110,1,28"/><T118/><D2/><U48/><E33/><V132/><F121/><W54/><G113/><T51/><D32/><U17/><E4/><V111/><F111/><W39/><G1/><T63/><D122/><U116/><E116/><V86/><F72/><W40/><G35/><T34/><D34/><U125/><E125/><V96/><F117/><W101/><G110/><T133/><D133/><U134/><E134/><V123/><F123/><W45/><G37/><T60/><D57/><U16/><E114/><V66/><F132/><W56/><G127/><T11/><D11/><U124/><E124/><V104/><F7/><W10/><G82/><T22/><D22/><U109/><E109/><V3/><F3/><W102/><G92/><N who="0" m="56455" /><D119/><U59/><E108/><V128/><F66/><W30/><REACH who="3" step="1"/><G21/><REACH who="3" ten="250,250,250,240" step="2"/><T6/><D118/><U85/><E17/><AGARI ba="0,1" hai="10,12,17,28,30,39,40,45,54,56,62,101,102,103" machi="17" ten="40,8000,1" yaku="1,1,2,1,53,2" doraHai="65" doraHaiUra="26" who="3" fromWho="1" sc="250,0,250,-80,250,0,240,90" /><INIT seed="1,0,0,3,0,54" ten="250,170,250,330" oya="1" hai0="75,49,88,53,13,37,73,47,71,35,121,95,87" hai1="14,7,67,118,135,64,10,86,2,104,24,126,125" hai2="66,117,69,80,90,32,0,102,33,119,55,94,98" hai3="105,110,43,97,8,83,116,122,72,57,29,48,45"/><U15/><E118/><V96/><F0/><W19/><G122/><T11/><D35/><U44/><E104/><V115/><F115/><W127/><G116/><T79/><D71/><U3/><E135/><V101/><F69/><W18/><G110/><T51/><D37/><U103/><E103/><V30/><F66/><N who="1" m="25129" /><E44/><V60/><F80/><W25/><G127/><N who="1" m="48650" /><E3/><V120/><F120/><W77/><G105/><T76/><D121/><U74/><E74/><V107/><F33/><W1/><G97/><T113/><D113/><U63/><E63/><V46/><F102/><W128/><G128/><T81/><D75/><U42/><E42/><V50/><F60/><W99/><G99/><T17/><D73/><U21/><E86/><V34/><F34/><W124/><G124/><T84/><D51/><U5/><E5/><V70/><F70/><W4/><G57/><T106/><D106/><U108/><E108/><V134/><F134/><W38/><G48/><T36/><D36/><U26/><E26/><N who="2" m="18519" /><F119/><W132/><G132/><T123/><D123/><U20/><E20/><AGARI ba="0,0" hai="1,4,8,18,19,20,25,29,38,43,45,72,77,83" machi="20" ten="30,3900,0" yaku="7,1,25,2" doraHai="54" who="3" fromWho="1" sc="250,0,170,-39,250,0,330,39" /><INIT seed="2,0,0,1,2,61" ten="250,131,250,369" oya="2" hai0="86,29,53,65,70,94,72,46,30,43,92,16,132" hai1="47,79,127,83,97,18,14,62,88,112,15,133,118" hai2="37,128,100,116,99,28,7,10,48,58,63,68,108" hai3="55,130,9,107,120,125,77,54,60,129,45,40,101"/><V89/><F37/><W39/><G77/><T24/><D72/><U64/><E112/><V111/><F116/><W35/><G35/><T87/><D53/><U85/><E118/><V75/><F75/><W21/><G9/><T113/><D113/><U104/><E133/><V32/><F89/><W33/><G33/><T126/><D132/><U81/><E127/><V2/><F128/><N who="3" m="49259" /><G107/><T71/><D126/><U78/><E47/><V23/><F48/><W13/><G101/><T12/><D24/><U1/><E1/><V34/><F23/><W124/><G13/><T8/><D70/><U38/><E38/><V93/><F68/><W22/><G21/><T67/><D71/><U41/><E41/><V57/><F57/><N who="3" m="34871" /><G22/><T5/><D5/><U95/><E104/><V25/><REACH who="2" step="1"/><F34/><REACH who="2" ten="250,131,240,369" step="2"/><W110/><G125/><T6/><D30/><U114/><E114/><V3/><F3/><W52/><G124/><T50/><D29/><U4/><E78/><V84/><F84/><N who="0" m="32298" /><D6/><U11/><E81/><V66/><AGARI ba="0,1" hai="2,7,10,25,28,32,58,63,66,93,99,100,108,111" machi="66" ten="30,11700,0" yaku="1,1,0,1,52,1,53,1" doraHai="61" doraHaiUra="98" who="2" fromWho="2" sc="250,-39,131,-39,240,127,369,-39" /><INIT seed="2,1,0,0,0,36" ten="211,92,367,330" oya="2" hai0="116,84,35,91,66,102,47,1,126,131,39,50,77" hai1="60,128,4,49,135,94,15,18,98,122,103,64,93" hai2="22,124,46,81,101,25,7,51,54,95,52,58,71" hai3="68,56,2,59,37,112,57,114,40,41,121,62,6"/><V73/><F71/><W134/><G2/><T118/><D35/><U23/><E128/><V24/><F124/><W67/><G6/><T74/><D1/><U34/><E34/><V33/><F7/><W69/><G37/><T111/><D39/><U72/><E72/><V127/><F127/><W48/><G121/><T86/><D126/><U38/><E38/><V55/><F33/><W113/><G134/><T85/><D102/><U119/><E119/><N who="0" m="45609" /><D131/><U27/><E135/><V3/><F3/><W28/><G28/><T5/><D5/><U32/><E122/><V120/><F120/><W53/><G69/><T105/><D105/><U14/><E4/><V96/><F73/><W117/><G117/><T130/><D130/><U132/><E132/><V87/><F25/><W44/><AGARI ba="1,0" hai="40,41,44,48,53,56,57,59,62,67,68,112,113,114" machi="44" ten="40,12000,2" yaku="0,1,11,1,34,3,52,2" doraHai="36" who="3" fromWho="3" sc="211,-31,92,-31,367,-61,330,123" /><INIT seed="3,0,0,4,3,50" ten="180,61,306,453" oya="3" hai0="101,47,123,37,112,111,104,119,52,35,24,19,94" hai1="85,4,127,6,22,62,73,130,48,98,133,0,128" hai2="29,61,88,11,120,43,72,51,40,99,53,26,54" hai3="55,68,41,74,116,65,78,83,134,132,114,5,30"/><W82/><G116/><T58/><D104/><U42/><E73/><V38/><F72/><W79/><G114/><T46/><D112/><U105/><E133/><V115/><F38/><W113/><G113/><T44/><D119/><U89/><E127/><V96/><F115/><W39/><G30/><T63/><D123/><U56/><E22/><N who="2" m="15575" /><F120/><W66/><G5/><T135/><D135/><N who="3" m="51753" /><G41/><T86/><D37/><U124/><E124/><V17/><F61/><W64/><G39/><T91/><D101/><U76/><E76/><N who="3" m="29226" /><G68/><T87/><D111/><U117/><E117/><V110/><F110/><W9/><G74/><T131/><D131/><U121/><E121/><V2/><F2/><W13/><G13/><T118/><D118/><U75/><E75/><V106/><F106/><W103/><G103/><T25/><D35/><U126/><E126/><V21/><F43/><W59/><G9/><T125/><D125/><U109/><E109/><V20/><F11/><W8/><G8/><T97/><D25/><U84/><E0/><V18/><F18/><W32/><G32/><T95/><D19/><U28/><E28/><V108/><F108/><W107/><G107/><T92/><D24/><U36/><E36/><V77/><F20/><W3/><G3/><T100/><D100/><N who="1" m="62615" /><E4/><V57/><F40/><W93/><G93/><AGARI ba="0,0" hai="44,46,47,52,58,63,86,87,91,92,93,94,95,97" machi="93" ten="40,5200,0" yaku="8,1,52,1,54,1" doraHai="50" who="0" fromWho="3" sc="180,52,61,0,306,0,453,-52" /><INIT seed="4,0,0,3,0,67" ten="232,61,306,401" oya="0" hai0="65,132,133,53,11,48,8,97,46,71,85,57,43" hai1="124,21,110,111,92,55,66,15,3,17,91,1,86" hai2="93,32,125,118,42,128,19,34,14,116,41,9,25" hai3="126,26,37,134,51,75,30,108,98,122,107,130,59"/><T96/><D85/><U88/><E124/><V112/><F125/><W33/><RYUUKYOKU type="yao9" ba="0,0" sc="232,0,61,0,306,0,401,0" hai3="26,30,33,37,51,59,75,98,107,108,122,126,130,134" /><INIT seed="4,1,0,0,4,88" ten="232,61,306,401" oya="0" hai0="109,95,47,45,48,4,126,10,33,119,57,35,20" hai1="44,64,5,123,116,17,106,70,66,1,103,79,30" hai2="0,31,28,102,130,51,81,100,3,55,63,2,49" hai3="8,110,85,127,113,90,61,32,27,114,41,25,29"/><T60/><D119/><U38/><E116/><V82/><F63/><W121/><G110/><T39/><D39/><U14/><E123/><V125/><F125/><W67/><G127/><T11/><D126/><U128/><E128/><V6/><F6/><W75/><G75/><T73/><D73/><U131/><E131/><V129/><F3/><W120/><G27/><T46/><D20/><U105/><E30/><V115/><REACH who="2" step="1"/><F55/><REACH who="2" ten="232,61,296,401" step="2"/><W135/><G120/><T23/><D109/><U101/><E5/><V72/><F72/><W91/><G121/><T78/><D4/><U71/><E1/><V69/><F69/><W7/><G7/><T13/><D33/><U108/><E108/><V134/><F134/><W42/><G135/><T124/><D35/><U56/><E71/><V9/><F9/><W96/><G8/><T133/><D124/><U62/><E70/><V83/><F83/><N who="3" m="49471" /><G61/><T19/><D133/><U93/><E62/><V22/><F22/><W132/><G67/><N who="0" m="39311" /><D10/><U40/><E66/><V12/><F12/><W18/><G132/><T97/><D11/><U118/><E64/><V53/><F53/><W92/><G18/><T76/><D48/><U58/><E118/><V84/><F84/><W77/><G32/><T104/><D104/><U26/><E105/><V89/><F89/><AGARI ba="1,1" hai="13,19,23,45,46,47,76,78,89,95,97" m="39311" machi="89" ten="30,2900,0" yaku="8,1,52,1" doraHai="88" who="0" fromWho="2" sc="232,42,61,0,296,-32,401,0" /><INIT seed="4,2,0,4,4,112" ten="274,61,264,401" oya="0" hai0="106,86,105,2,93,95,23,17,7,32,6,135,68" hai1="114,107,102,133,87,103,58,49,83,37,81,111,19" hai2="96,91,131,108,77,76,3,18,110,14,20,56,80" hai3="12,57,36,128,44,64,125,16,119,74,8,33,121"/><T109/><D32/><U97/><E111/><V48/><F3/><W116/><G74/><T69/><D109/><U38/><E133/><V43/><F131/><W113/><G33/><T42/><D135/><U46/><E114/><V85/><F108/><W84/><G113/><T129/><D129/><U118/><E102/><V75/><F110/><W54/><G128/><T100/><D100/><U123/><E123/><V61/><F75/><W51/><G121/><T126/><D2/><U71/><E71/><V11/><F96/><W52/><G64/><T34/><D34/><U53/><E83/><V101/><F101/><W25/><G125/><T70/><D126/><U63/><E19/><V31/><F43/><W24/><G36/><T62/><D62/><U115/><E115/><V30/><F48/><W35/><G84/><T127/><D42/><U73/><E73/><V124/><F124/><W89/><G89/><T72/><D72/><U9/><E9/><V134/><F134/><W13/><G13/><N who="0" m="9647" /><D86/><U67/><REACH who="1" step="1"/><E118/><REACH who="1" ten="274,51,264,401" step="2"/><V22/><F11/><W41/><G116/><T104/><D127/><U99/><E99/><V120/><F120/><W90/><G119/><T1/><D1/><U45/><E45/><V130/><F130/><W55/><G35/><T28/><D28/><U40/><E40/><V29/><F22/><W26/><G57/><T117/><D117/><U15/><E15/><V27/><F14/><W4/><G4/><T79/><D6/><U98/><E98/><V92/><F80/><W65/><G41/><T50/><D7/><U66/><E66/><AGARI ba="2,1" hai="18,20,27,29,30,31,56,61,66,76,77,85,91,92" machi="66" ten="40,1300,0" yaku="8,1" doraHai="112" who="2" fromWho="1" sc="274,0,51,-19,264,29,401,0" /><INIT seed="5,0,0,3,4,96" ten="274,32,293,401" oya="1" hai0="67,5,129,42,122,6,81,110,79,102,91,108,120" hai1="29,25,74,66,16,75,94,4,20,15,69,78,19" hai2="12,26,21,130,55,2,60,76,80,86,93,53,7" hai3="132,118,83,117,109,134,99,106,32,90,111,125,126"/><U89/><E78/><V51/><F2/><W61/><G32/><T121/><D129/><U97/><E19/><V124/><F124/><N who="3" m="47723" /><G61/><T50/><D91/><U119/><E119/><N who="3" m="45578" /><G83/><T114/><D67/><U37/><E37/><V68/><F130/><W18/><G18/><T135/><D135/><N who="3" m="51753" /><G106/><T22/><D22/><U98/><E4/><N who="0" m="1641" /><D114/><U33/><E66/><V8/><F68/><W28/><G28/><T57/><D102/><U73/><REACH who="1" step="1"/><E69/><REACH who="1" ten="274,22,293,401" step="2"/><V43/><F76/><W45/><G45/><N who="0" m="25911" /><D57/><U49/><E49/><V103/><F51/><W77/><G77/><T17/><D17/><U71/><E71/><V38/><F7/><W87/><G87/><AGARI ba="0,1" hai="79,81,87,108,110,120,121,122" m="25911,1641" machi="87" ten="30,1000,0" yaku="13,1" doraHai="96" who="0" fromWho="3" sc="274,20,22,0,293,0,401,-10" /><AGARI ba="0,0" hai="15,16,20,25,29,33,73,74,75,87,89,94,97,98" machi="87" ten="40,7700,0" yaku="1,1,54,1,53,1" doraHai="96" doraHaiUra="14" who="1" fromWho="3" sc="294,0,22,77,293,0,391,-77" /><INIT seed="5,1,0,0,1,20" ten="294,99,293,314" oya="1" hai0="43,132,8,66,67,63,19,97,1,104,60,92,107" hai1="116,7,84,17,115,31,0,62,24,26,12,133,14" hai2="129,15,35,120,46,40,79,76,47,55,131,110,82" hai3="127,11,71,74,90,25,6,59,16,91,94,27,125"/><U28/><E116/><V3/><F3/><W119/><G74/><T85/><D85/><U23/><E62/><V80/><F110/><W69/><G71/><T4/><D43/><U122/><E84/><V32/><F15/><N who="1" m="5673" /><E122/><V111/><F111/><W102/><G69/><T44/><D44/><U117/><E117/><V98/><F98/><W75/><G75/><T109/><D109/><U78/><E78/><V118/><F118/><W49/><G119/><T99/><D19/><N who="1" m="12415" /><E115/><V53/><F40/><W29/><G102/><T42/><D42/><U128/><E128/><V88/><F88/><N who="3" m="33835" /><G125/><T113/><D113/><U103/><E103/><V105/><F105/><W48/><G127/><T81/><D81/><U61/><E61/><V130/><F130/><W13/><G29/><N who="1" m="11338" /><E133/><V57/><F57/><W100/><G6/><T95/><D132/><U68/><E68/><V2/><F120/><W58/><G58/><T126/><D126/><U38/><E38/><V135/><F135/><W33/><G33/><T30/><D63/><U18/><E26/><N who="3" m="9738" /><G59/><T22/><D104/><U134/><E134/><V77/><F129/><W121/><G121/><T56/><D107/><U106/><E106/><V87/><F131/><W70/><G70/><T64/><D56/><U45/><E45/><V52/><F47/><W73/><G73/><T51/><D60/><U112/><E112/><V50/><F46/><W9/><G9/><AGARI ba="1,0" hai="0,7,9,17,18" m="11338,12415,5673" machi="9" ten="30,18000,2" yaku="35,5,52,1" doraHai="20" who="1" fromWho="3" sc="294,0,99,183,293,0,314,-183" /><INIT seed="5,2,0,0,0,43" ten="294,282,293,131" oya="1" hai0="63,100,83,117,102,10,116,0,36,44,60,91,120" hai1="111,57,119,103,15,114,53,124,45,80,24,27,90" hai2="133,89,26,108,71,66,62,68,16,74,97,47,21" hai3="69,58,105,7,84,67,11,132,127,81,22,17,56"/><U35/><E119/><V85/><F108/><W2/><G105/><T46/><D120/><U42/><E111/><V87/><F74/><W76/><G127/><T113/><D113/><U77/><E35/><V6/><F71/><W9/><G9/><T54/><D36/><U82/><E114/><V88/><F133/><W109/><G109/><T98/><D0/><U12/><E124/><V37/><F6/><W121/><G121/><T31/><D31/><U13/><E103/><N who="0" m="39465" /><D116/><U115/><E90/><V20/><F97/><W73/><G132/><T131/><D131/><U25/><E115/><V3/><F3/><W30/><G69/><T126/><D126/><U95/><E95/><V5/><F5/><W52/><G67/><T135/><D135/><U41/><E41/><V99/><F99/><W33/><G30/><T50/><D117/><U51/><REACH who="1" step="1"/><E77/><REACH who="1" ten="294,272,293,131" step="2"/><V4/><F89/><W110/><G33/><T112/><D112/><U92/><E92/><V129/><F88/><W64/><G110/><T93/><D83/><U72/><E72/><V122/><F122/><W40/><G73/><T23/><D91/><U14/><N who="1" m="3072" /><DORA hai="38" /><U1/><E1/><V19/><F4/><W79/><G40/><T70/><D93/><U106/><E106/><V55/><F129/><W32/><G32/><T65/><D98/><U86/><E86/><V48/><F85/><W29/><G79/><T101/><D101/><U134/><E134/><V118/><F87/><W8/><G76/><T130/><D130/><U49/><AGARI ba="2,1" hai="24,25,27,42,45,49,51,53,57,80,82" m="3072" machi="49" ten="50,12000,1" yaku="1,1,0,1,8,1,52,2,53,0" doraHai="43,38" doraHaiUra="61,107" who="1" fromWho="1" sc="294,-42,272,136,293,-42,131,-42" /><INIT seed="5,3,0,3,3,88" ten="252,408,251,89" oya="1" hai0="102,108,35,5,93,109,114,26,82,4,46,101,10" hai1="103,25,123,41,42,90,40,76,98,74,18,45,107" hai2="23,91,89,130,36,92,13,97,14,37,127,133,39" hai3="113,125,134,100,15,77,96,22,126,124,135,112,31"/><U64/><E123/><V38/><F127/><W84/><G31/><T48/><D4/><U2/><E2/><V49/><N who="2" m="9216" /><DORA hai="27" /><V53/><F133/><N who="3" m="50699" /><G22/><T117/><D117/><U9/><E64/><V1/><F1/><W68/><G15/><T79/><D114/><N who="3" m="44137" /><G68/><T110/><D26/><U21/><E9/><V7/><F130/><W80/><G100/><T51/><D35/><U0/><E0/><V62/><F62/><W12/><G12/><T29/><D29/><U104/><E103/><V43/><F43/><W6/><G6/><T115/><D115/><U34/><E41/><V131/><F131/><W54/><G96/><T60/><D10/><U58/><E40/><V50/><F13/><W95/><G54/><T78/><D5/><U122/><E34/><V55/><F55/><W73/><G95/><T28/><D28/><U85/><E42/><V119/><F53/><W121/><G84/><T94/><D109/><U72/><E85/><V71/><F71/><W81/><G81/><T19/><D82/><U105/><E98/><V106/><F23/><W56/><G56/><T47/><REACH who="0" step="1"/><D60/><REACH who="0" ten="242,408,251,89" step="2"/><U17/><E25/><V87/><F7/><W99/><G99/><T118/><D118/><U52/><E21/><V86/><F119/><W128/><G121/><T61/><D61/><U65/><E122/><V69/><F14/><W30/><G30/><T67/><D67/><U132/><E65/><V59/><F97/><W57/><G57/><T111/><D111/><U75/><E132/><V24/><F59/><W63/><G63/><T66/><D66/><U16/><E58/><RYUUKYOKU ba="3,1" sc="242,15,408,-15,251,-15,89,15" hai0="19,46,47,48,51,78,79,93,94,101,102,108,110" hai3="73,77,80,124,125,126,128" /><INIT seed="6,4,1,3,5,30" ten="257,393,236,104" oya="2" hai0="79,31,45,27,108,78,73,118,63,15,123,112,99" hai1="120,125,14,133,119,60,102,24,49,127,106,16,48" hai2="32,36,42,96,103,51,23,5,122,91,19,110,105" hai3="1,81,104,18,43,21,61,34,68,115,71,94,10"/><V90/><F122/><W111/><G104/><T4/><D123/><U9/><E119/><V86/><F36/><W65/><G111/><T64/><D108/><U62/><E120/><V52/><F110/><W89/><G81/><T88/><D45/><U70/><E133/><V38/><F5/><W128/><G128/><T80/><D78/><U57/><E70/><V126/><F126/><N who="1" m="48137" /><E62/><V17/><F32/><W124/><G124/><T72/><D72/><U87/><E87/><V0/><F0/><W46/><G115/><T84/><D99/><N who="1" m="61791" /><E24/><V40/><F90/><W132/><G132/><T134/><D134/><U44/><E44/><V76/><F76/><W113/><G113/><T98/><D98/><U66/><AGARI ba="4,1" hai="9,14,16,48,49,57,60,66" m="61791,48137" machi="66" ten="30,2000,0" yaku="18,1,54,1" doraHai="30" who="1" fromWho="1" sc="257,-9,393,42,236,-14,104,-9" /><INIT seed="7,0,0,0,3,87" ten="248,435,222,95" oya="3" hai0="134,7,111,103,115,129,5,22,75,73,135,44,121" hai1="28,100,6,109,120,94,1,99,131,76,36,10,85" hai2="114,51,55,93,91,45,41,84,128,9,15,29,79" hai3="42,68,8,53,101,32,49,20,16,65,82,74,64"/><W95/><G32/><T39/><D111/><U4/><E109/><V86/><F114/><W132/><G132/><N who="0" m="50731" /><D115/><U96/><E120/><V26/><F128/><W67/><G68/><T23/><D129/><U97/><E36/><V117/><F117/><W59/><G42/><N who="0" m="22623" /><D103/><U105/><E131/><V47/><F79/><W116/><G116/><T61/><D61/><U104/><E104/><V11/><F86/><W83/><G74/><N who="0" m="28171" /><D121/><U80/><E4/><AGARI ba="0,0" hai="4,5,7,22,23" m="28171,22623,50731" machi="4" ten="30,1000,0" yaku="20,1" doraHai="87" who="0" fromWho="1" sc="248,10,435,-10,222,0,95,0" owari="258,6.0,425,52.0,222,-18.0,95,-40.0" /></mjloggm>