<mjloggm ver="2.3"><GO type="169" lobby="0"/><UN n0="%E3%83%9E%E3%83%A1%E3%83%9D%E3%82%B3" n1="%46%69%72%73%74" n2="%E5%B0%B1%E6%B4%BB%E7%94%9F%40%E5%B7%9D%E6%9D%91%E8%BB%8D%E5%9B%A3" n3="%68%69%6E%61%6A%69%6E%6E" dan="16,17,17,16" rate="2160.99,2115.85,2234.61,2128.96" sx="M,M,M,M"/><TAIKYOKU oya="0"/><INIT seed="0,0,0,0,4,38" ten="250,250,250,250" oya="0" hai0="76,129,133,35,37,45,73,19,2,94,21,56,75" hai1="124,5,69,86,41,52,53,82,58,24,81,132,134" hai2="114,122,99,15,10,95,79,14,111,92,74,125,57" hai3="78,8,11,67,22,44,25,85,40,63,64,123,130"/><T70/><D35/><U126/><E5/><V28/><F122/><W47/><G130/><T101/><D70/><U98/><E24/><V51/><F114/><W30/><G123/><T100/><D2/><U42/><E98/><V103/><F28/><W102/><G102/><T84/><D101/><U116/><E69/><V17/><F111/><W61/><G44/><T33/><D33/><U110/><E110/><V59/><F125/><N who="1" m="48233" /><E116/><V87/><F74/><W128/><G128/><T120/><D120/><U12/><E12/><V55/><F15/><W20/><G20/><T18/><D73/><U6/><E6/><V90/><REACH who="2" step="1"/><F79/><REACH who="2" ten="250,250,240,250" step="2"/><W71/><G78/><T96/><D75/><U13/><E13/><V62/><F62/><W65/><G63/><T49/><D76/><N who="1" m="46375" /><E82/><V83/><F83/><W118/><G118/><T106/><D129/><U7/><E7/><V91/><F91/><W77/><G77/><T1/><D1/><U50/><E53/><V31/><F31/><W107/><G30/><T117/><D117/><U26/><E26/><V119/><F119/><W112/><G25/><T4/><D4/><U32/><E32/><V3/><F3/><W72/><G72/><T113/><D113/><U23/><E23/><V127/><F127/><W80/><G22/><T135/><D21/><U121/><E121/><V68/><F68/><W89/><G112/><T54/><D18/><U115/><E115/><V36/><F36/><W131/><G71/><T46/><D19/><U9/><E9/><V97/><F97/><W39/><G39/><T0/><D0/><U88/><E88/><RYUUKYOKU ba="0,1" sc="250,-15,250,15,240,15,250,-15" hai1="41,42,50,52,58,132,134" hai2="10,14,17,51,55,57,59,87,90,92,95,99,103" /><INIT seed="1,1,1,1,3,18" ten="235,265,255,235" oya="1" hai0="121,93,104,8,85,17,37,13,39,113,117,58,71" hai1="62,81,122,102,6,128,97,116,25,59,9,100,109" hai2="115,108,31,2,24,32,82,21,33,64,90,130,46" hai3="35,132,86,4,44,34,120,30,63,114,69,98,123"/><U101/><E122/><V43/><F2/><W29/><G114/><T20/><D113/><U125/><E116/><V5/><F115/><W23/><G4/><T65/><D117/><U40/><E128/><V110/><F5/><W52/><G69/><T79/><D104/><U53/><E125/><V61/><F90/><W26/><G98/><T57/><D71/><U106/><E109/><N who="2" m="42091" /><F82/><W47/><G132/><T50/><D121/><U56/><E40/><V91/><F91/><W134/><G134/><T51/><D39/><U27/><E81/><V78/><F78/><W133/><G133/><T68/><D68/><U87/><E87/><V66/><F130/><W75/><G75/><T10/><D37/><U107/><E107/><V38/><F66/><W76/><G76/><T74/><D74/><U12/><E101/><V48/><F38/><W55/><G86/><T118/><D118/><U73/><E73/><V72/><F72/><W83/><G83/><N who="0" m="47359" /><D93/><U7/><E102/><V42/><F43/><W49/><G123/><T127/><D127/><U28/><E28/><V89/><F89/><W96/><G96/><T77/><D77/><U67/><REACH who="1" step="1"/><E6/><REACH who="1" ten="235,255,255,235" step="2"/><V103/><F103/><W54/><G120/><T36/><D36/><U95/><E95/><V60/><F64/><W111/><G111/><T70/><D65/><U16/><E16/><V1/><F33/><W94/><G94/><T22/><D17/><U0/><E0/><V84/><F1/><W15/><G35/><T3/><D3/><U119/><E119/><V80/><F32/><W14/><G34/><T105/><D105/><RYUUKYOKU ba="1,2" sc="235,-15,255,15,255,15,235,-15" hai1="7,9,12,25,27,53,56,59,62,67,97,100,106" hai2="21,24,31,42,46,48,60,61,80,84" /><INIT seed="1,2,2,4,5,100" ten="220,270,270,220" oya="1" hai0="75,107,87,63,23,131,7,120,31,105,25,19,82" hai1="50,101,57,73,111,91,134,108,119,118,72,115,38" hai2="17,61,96,10,79,129,74,128,6,67,52,90,51" hai3="0,89,2,88,49,68,53,85,45,77,48,14,127"/><U37/><E101/><V59/><F74/><N who="1" m="28777" /><E91/><V132/><F132/><W83/><G68/><T103/><D103/><U3/><E50/><V123/><F79/><W80/><G127/><T121/><D75/><U93/><E93/><V92/><F17/><W84/><G77/><T16/><D7/><U44/><E57/><V124/><F124/><W40/><G14/><T116/><D63/><U113/><E44/><AGARI ba="2,2" hai="0,2,40,44,45,48,49,53,80,83,84,85,88,89" machi="44" ten="30,3900,0" yaku="7,1,9,1,54,1" doraHai="100" who="3" fromWho="1" sc="220,0,270,-45,270,0,220,65" /><INIT seed="2,0,0,5,2,0" ten="220,225,270,285" oya="2" hai0="112,74,61,90,75,51,57,12,16,47,120,108,50" hai1="23,85,105,41,32,102,6,100,78,89,121,45,34" hai2="94,101,135,55,116,20,70,122,24,131,107,83,38" hai3="93,3,123,17,62,95,4,15,49,54,113,80,35"/><V87/><F107/><W92/><G35/><T128/><D112/><U76/><E121/><V81/><F70/><W1/><G123/><T73/><D120/><U130/><E130/><V30/><F38/><W118/><G118/><T26/><D128/><U119/><E119/><V59/><F116/><W72/><G62/><T27/><D108/><U114/><E114/><V29/><F122/><W117/><G117/><T63/><D90/><U104/><E23/><V129/><F135/><W46/><G3/><T48/><D47/><U68/><E45/><V22/><F129/><W28/><G28/><T52/><REACH who="0" step="1"/><D63/><REACH who="0" ten="210,225,270,285" step="2"/><U60/><E60/><V65/><F131/><W77/><G113/><T111/><D111/><U126/><E89/><V10/><F101/><W71/><G71/><T40/><D40/><U25/><E41/><V79/><F59/><W2/><G46/><T86/><D86/><U88/><E85/><V109/><F87/><W36/><G72/><T33/><D33/><U97/><E88/><V9/><F79/><W132/><G77/><T84/><D84/><U53/><E68/><V110/><F81/><W19/><G80/><T133/><D133/><U125/><E97/><V127/><F83/><W37/><G132/><T103/><D103/><U99/><E99/><V82/><F82/><W13/><G36/><T42/><D42/><U106/><E102/><V66/><F109/><W98/><G37/><T56/><D56/><U18/><E100/><V7/><F110/><W96/><G98/><T124/><D124/><N who="1" m="47723" /><E34/><N who="2" m="20775" /><F127/><W5/><G96/><T21/><AGARI ba="0,1" hai="12,16,21,26,27,48,50,51,52,57,61,73,74,75" machi="21" ten="40,8000,1" yaku="1,1,0,1,54,2,53,0" doraHai="0" doraHaiUra="134" who="0" fromWho="0" sc="210,90,225,-20,270,-40,285,-20" /><INIT seed="3,0,0,5,1,56" ten="300,205,230,265" oya="3" hai0="127,68,24,33,44,79,129,35,91,21,51,119,17" hai1="10,104,69,9,110,16,18,115,106,66,36,88,87" hai2="83,100,98,120,125,43,76,107,65,38,8,63,48" hai3="77,49,134,53,7,109,84,23,15,101,5,78,95"/><W1/><G1/><T133/><D119/><U54/><E110/><V99/><F125/><W0/><G0/><T121/><D121/><U28/><E115/><V19/><F120/><W13/><G109/><T2/><D2/><U72/><E36/><V3/><F48/><W93/><G134/><T73/><D68/><U27/><E72/><N who="2" m="43399" /><F98/><W14/><G23/><T37/><D37/><U42/><E42/><V12/><F12/><W11/><G7/><T116/><D116/><U6/><E54/><V126/><F19/><W124/><G124/><T70/><D70/><U103/><E6/><N who="2" m="1119" /><F126/><W97/><G95/><T30/><D127/><U62/><E10/><V130/><F130/><W102/><G102/><T89/><D129/><U71/><E71/><N who="2" m="42431" /><F43/><W85/><G78/><T82/><D17/><U52/><E9/><V67/><F67/><W58/><G84/><T40/><D91/><U50/><E18/><V108/><F38/><W112/><G112/><T123/><D123/><U80/><E16/><V94/><F94/><W117/><G117/><T132/><D89/><U32/><REACH who="1" step="1"/><E103/><REACH who="1" ten="300,195,230,265" step="2"/><V111/><AGARI ba="0,1" hai="99,100,107,108,111" m="42431,1119,43399" machi="111" ten="30,2000,0" yaku="23,1,52,1" doraHai="56" who="2" fromWho="2" sc="300,-5,195,-5,230,30,265,-10" /><INIT seed="4,0,0,0,0,101" ten="295,190,260,255" oya="0" hai0="17,8,37,38,75,90,89,5,35,6,60,57,102" hai1="23,29,127,15,68,91,4,88,85,103,78,124,2" hai2="120,19,0,135,44,50,121,43,109,24,119,133,56" hai3="114,86,55,128,59,69,129,83,10,66,116,79,46"/><T132/><D75/><U105/><E68/><V7/><F0/><W1/><G116/><T30/><D102/><U27/><E2/><V33/><F7/><W87/><G114/><T96/><D132/><N who="2" m="50762" /><F19/><W41/><G69/><T93/><D17/><U45/><E45/><V14/><F14/><W123/><G66/><T48/><D48/><U98/><E4/><V9/><F9/><W58/><G87/><T34/><D90/><U92/><E15/><V39/><F24/><W31/><G31/><T11/><D6/><U125/><E91/><V108/><F33/><W40/><G59/><T76/><D11/><U104/><REACH who="1" step="1"/><E78/><REACH who="1" ten="295,180,260,255" step="2"/><V110/><F119/><W95/><G1/><T32/><D76/><U26/><E26/><V131/><F131/><W97/><G46/><T36/><D5/><U52/><E52/><AGARI ba="0,1" hai="39,43,44,50,52,56,108,109,110,120,121" m="50762" machi="52" ten="40,8000,1" yaku="20,1,34,2,54,1" doraHai="101" who="2" fromWho="1" sc="295,0,180,-80,260,90,255,0" /><INIT seed="5,0,0,1,0,33" ten="295,100,350,255" oya="1" hai0="39,5,95,94,120,101,113,41,44,8,55,122,93" hai1="61,130,88,105,32,60,104,72,100,68,49,37,23" hai2="111,53,18,117,80,108,11,28,14,85,17,66,121" hai3="82,90,7,106,131,75,91,123,109,2,10,31,110"/><U47/><E130/><V134/><F121/><N who="0" m="46698" /><D55/><U26/><E37/><V115/><F117/><W86/><G123/><T77/><D77/><U40/><E72/><V34/><F66/><W92/><G131/><T74/><D74/><U112/><E32/><V102/><F102/><W6/><G31/><T79/><D79/><U54/><E112/><V127/><F134/><W20/><G106/><T0/><D113/><U12/><E12/><V64/><F64/><W50/><G75/><T19/><D19/><U70/><E70/><V107/><F107/><W96/><G20/><T98/><AGARI ba="0,0" hai="0,5,8,39,41,44,93,94,95,98,101" m="46698" machi="98" ten="30,2000,0" yaku="13,1,52,1" doraHai="33" who="0" fromWho="0" sc="295,20,100,-10,350,-5,255,-5" /><INIT seed="6,0,0,1,5,3" ten="315,90,345,250" oya="2" hai0="5,104,115,17,15,97,126,98,10,29,56,76,67" hai1="77,92,84,96,87,1,83,74,93,65,13,66,9" hai2="50,80,41,110,113,11,117,107,24,59,99,68,121" hai3="4,31,43,61,75,116,28,86,34,54,63,62,71"/><V39/><F68/><W38/><G75/><T32/><D126/><U35/><E1/><V51/><F110/><W95/><G34/><T8/><D115/><U90/><E35/><V89/><F113/><W40/><G38/><T58/><D76/><U105/><E87/><V108/><F108/><W0/><G71/><T134/><D134/><U36/><E36/><V112/><F39/><W48/><G116/><T120/><D120/><U16/><REACH who="1" step="1"/><E93/><REACH who="1" ten="315,80,345,250" step="2"/><V133/><F112/><W123/><G86/><T44/><D32/><U64/><E64/><V100/><F107/><W79/><G95/><T111/><D67/><U33/><E33/><V30/><F80/><W103/><G123/><T27/><D104/><U130/><E130/><V91/><F121/><W37/><G37/><T106/><D106/><U125/><E125/><V127/><F127/><W45/><G103/><AGARI ba="0,1" hai="9,13,16,65,66,74,77,83,84,90,92,96,103,105" machi="103" ten="40,8000,1" yaku="1,1,24,2,54,1,53,0" doraHai="3" doraHaiUra="52" who="1" fromWho="3" sc="315,0,80,90,345,0,250,-80" /><INIT seed="7,0,0,5,3,65" ten="315,170,345,170" oya="3" hai0="88,100,112,93,11,49,18,122,0,133,63,94,28" hai1="32,132,41,101,44,16,31,7,4,27,128,54,46" hai2="110,64,47,98,77,66,96,74,67,55,72,130,58" hai3="127,119,40,91,106,111,75,50,14,9,20,92,97"/><W126/><G106/><T108/><D108/><U48/><E128/><V13/><F110/><W131/><G111/><T5/><D122/><U42/><E132/><V3/><F3/><W35/><G75/><T60/><D133/><U87/><E101/><V52/><F74/><W61/><G119/><T15/><D112/><U135/><E135/><V68/><F68/><W19/><G35/><T78/><D78/><U24/><E54/><V82/><F130/><W33/><G33/><T76/><D76/><U73/><E73/><V17/><F47/><N who="3" m="25959" /><G61/><T86/><D28/><U105/><E105/><V129/><F129/><W53/><G53/><T51/><D63/><U134/><E134/><V118/><F55/><W125/><G131/><T36/><D60/><U10/><E87/><N who="2" m="48591" /><F118/><W1/><G1/><T2/><D36/><U90/><E90/><V34/><F34/><W29/><G29/><T57/><D2/><U69/><E69/><V99/><F72/><W85/><G85/><T23/><REACH who="0" step="1"/><D57/><REACH who="0" ten="305,170,345,170" step="2"/><U80/><E31/><V109/><F109/><W25/><G25/><T70/><D70/><U123/><E27/><V62/><F67/><W114/><G114/><T89/><D89/><U121/><E24/><V104/><F104/><W71/><G71/><T6/><D6/><U115/><E115/><V43/><F43/><W124/><N who="3" m="31744" /><DORA hai="8" /><W30/><G30/><T120/><D120/><N who="1" m="46155" /><E32/><V59/><F59/><W37/><G37/><T56/><D56/><U26/><E26/><V84/><F84/><W45/><G45/><T81/><D81/><U12/><E80/><V79/><F79/><RYUUKYOKU ba="0,1" sc="305,0,170,0,345,0,170,0" hai0="0,5,11,15,18,23,49,51,86,88,93,94,100" hai1="4,7,10,12,16,41,42,44,46,48" hai2="13,17,52,58,62,64,66,96,98,99" hai3="9,14,19,20,91,92,97" /><INIT seed="7,1,1,4,0,25" ten="305,170,345,170" oya="3" hai0="41,63,93,98,45,2,10,24,22,100,11,91,34" hai1="57,20,119,55,83,71,60,96,123,5,122,94,52" hai2="89,18,12,101,104,23,54,21,62,56,29,67,107" hai3="126,13,37,46,90,27,61,127,75,88,87,113,111"/><W135/><G75/><T0/><D34/><U16/><E71/><V47/><F104/><W1/><G1/><T95/><D0/><U7/><E119/><V59/><F107/><W42/><G135/><T64/><D2/><U33/><E33/><V121/><F121/><W50/><G111/><T40/><D11/><U97/><E123/><V72/><F72/><W109/><G109/><T86/><D10/><U134/><E134/><V82/><F101/><W9/><G61/><T78/><D45/><U102/><E122/><V43/><F29/><W38/><G113/><T128/><D78/><U65/><E97/><V133/><F133/><W39/><G27/><T6/><D6/><N who="1" m="2059" /><E83/><V68/><F23/><W14/><G90/><T48/><D48/><U4/><E4/><V31/><F31/><W116/><G116/><T58/><D128/><U66/><E66/><V108/><F108/><W28/><G28/><AGARI ba="1,1" hai="22,24,28,40,41,58,63,64,86,91,93,95,98,100" machi="28" ten="30,8000,1" yaku="7,1,25,2,8,1,52,1" doraHai="25" who="0" fromWho="3" sc="305,93,170,0,345,0,170,-83" owari="398,49.0,170,-23.0,345,15.0,87,-41.0" /></mjloggm>