<mjloggm ver="2.3"><GO type="169" lobby="0"/><UN n0="%E3%83%AA%E3%82%B5%E3%81%95%E3%81%BE" n1="%E3%82%A6%E3%83%AB%E3%83%88%E3%83%A9%E7%AB%8B%E7%9B%B4" n2="%E3%82%AC%E3%83%A9%E3%82%AF%E3%82%BF%E5%B8%9D%E7%8E%8B" n3="%28%E3%81%A3%27%E3%83%AE%27%63%29" dan="16,17,16,17" rate="2055.52,2174.22,2113.12,2164.23" sx="F,M,M,F"/><TAIKYOKU oya="0"/><INIT seed="0,0,0,2,4,14" ten="250,250,250,250" oya="0" hai0="108,35,8,115,9,59,7,103,81,4,111,114,51" hai1="18,26,73,34,119,102,38,29,72,87,24,88,106" hai2="96,52,37,132,120,134,84,20,107,66,130,78,22" hai3="82,83,21,74,19,11,1,80,91,61,121,55,70"/><T122/><D103/><U3/><E3/><V67/><F120/><W32/><G121/><T71/><D71/><U39/><E119/><V47/><F130/><W5/><G32/><T98/><D98/><U86/><E102/><V126/><F126/><W77/><G91/><T58/><D122/><U40/><E106/><V16/><F20/><W89/><G89/><T54/><D81/><U94/><E86/><V49/><F37/><W10/><G10/><N who="0" m="4203" /><D35/><U117/><E117/><V79/><F96/><W124/><G124/><T23/><D23/><U116/><E116/><V68/><F107/><W128/><G128/><T93/><D93/><U28/><E40/><V135/><F68/><W13/><REACH who="3" step="1"/><G55/><REACH who="3" ten="250,250,250,240" step="2"/><T101/><D101/><U63/><E34/><V100/><F100/><W123/><G123/><T33/><D33/><U45/><E88/><V131/><F131/><W90/><G90/><T64/><D114/><U109/><E94/><V97/><F97/><W31/><G31/><T42/><D115/><U27/><E29/><V12/><REACH who="2" step="1"/><F84/><REACH who="2" ten="250,250,240,240" step="2"/><W2/><G2/><T57/><D111/><U118/><E87/><V62/><F62/><W92/><G92/><T43/><D108/><U30/><E109/><V85/><F85/><W104/><G104/><T50/><D7/><U112/><E118/><V105/><F105/><W133/><G133/><T69/><D4/><U76/><E112/><V25/><F25/><W48/><G48/><T60/><D51/><U53/><E63/><V99/><F99/><W75/><G75/><T56/><D50/><U36/><E72/><V15/><F15/><RYUUKYOKU ba="0,2" sc="250,10,250,-30,240,10,240,10" hai0="42,43,54,56,57,58,59,60,64,69" hai2="12,16,22,47,49,52,66,67,78,79,132,134,135" hai3="1,5,11,13,19,21,61,70,74,77,80,82,83" /><INIT seed="0,1,2,5,5,54" ten="260,220,250,250" oya="0" hai0="104,57,41,33,24,76,16,78,32,12,94,93,125" hai1="53,120,61,60,22,49,126,28,43,68,15,3,124" hai2="48,47,122,8,105,4,87,112,10,108,73,51,92" hai3="134,67,95,118,42,40,91,96,110,109,115,45,75"/><T13/><D104/><U82/><E3/><V106/><F73/><W44/><G115/><T0/><D0/><U35/><E120/><V114/><F122/><W62/><G75/><T38/><D41/><U55/><E35/><V85/><F108/><N who="3" m="41579" /><G118/><T27/><D38/><U20/><E43/><N who="3" m="16426" /><G134/><T83/><D83/><U46/><E82/><V19/><F19/><W5/><G5/><T88/><D16/><N who="1" m="10271" /><E68/><AGARI ba="1,2" hai="44,45,62,67,68,91,95,96" m="16426,41579" machi="68" ten="30,1000,0" yaku="14,1" doraHai="54" who="3" fromWho="1" sc="260,0,220,-13,250,0,250,33" /><INIT seed="1,0,0,0,5,10" ten="260,207,250,283" oya="1" hai0="52,13,40,43,44,113,32,42,11,65,122,124,81" hai1="60,72,6,111,126,49,18,73,57,33,78,62,112" hai2="37,77,15,23,98,35,103,19,3,93,127,46,129" hai3="107,14,48,55,91,51,117,30,12,94,31,132,131"/><U96/><E112/><V53/><F127/><W83/><G107/><T123/><D32/><U63/><E126/><V102/><F129/><W26/><G131/><T29/><D124/><U90/><E6/><V20/><F3/><W38/><G38/><T34/><D113/><U68/><E68/><V47/><F35/><W45/><G132/><T5/><D65/><U95/><E33/><V120/><F120/><W17/><G117/><T75/><D29/><N who="3" m="10761" /><G83/><T56/><D44/><U87/><E111/><V39/><F77/><W114/><G114/><T125/><D34/><U80/><REACH who="1" step="1"/><E18/><REACH who="1" ten="260,197,250,283" step="2"/><V128/><F128/><W74/><G74/><T2/><D125/><U121/><E121/><V28/><F28/><W110/><G110/><T59/><D123/><U16/><E16/><V61/><F19/><W105/><G105/><T36/><D122/><U54/><AGARI ba="0,1" hai="49,54,57,60,62,63,72,73,78,80,87,90,95,96" machi="54" ten="30,6000,0" yaku="1,1,0,1,53,1" doraHai="10" doraHaiUra="50" who="1" fromWho="1" sc="260,-20,197,70,250,-20,283,-20" /><INIT seed="1,1,0,5,4,105" ten="240,267,230,263" oya="1" hai0="101,57,49,19,119,82,75,38,68,51,106,5,32" hai1="127,25,115,35,118,86,28,22,52,92,53,12,77" hai2="89,95,30,103,126,29,83,46,111,109,69,33,70" hai3="74,98,102,40,99,67,120,6,64,110,79,23,128"/><U117/><E115/><V76/><F126/><W122/><G6/><T97/><D68/><U43/><E127/><V34/><F103/><W66/><G110/><N who="2" m="41993" /><F46/><W59/><G128/><T36/><D32/><N who="2" m="12394" /><F89/><W39/><G39/><T134/><D101/><U44/><E118/><V62/><F95/><W31/><G40/><T41/><D41/><U60/><E117/><V129/><F129/><W132/><G59/><T48/><D57/><U42/><E60/><V7/><F7/><W15/><G102/><T26/><D49/><U93/><E43/><V73/><F62/><W37/><G37/><T135/><D51/><U24/><E92/><V131/><F131/><W56/><G56/><T1/><D48/><U96/><E42/><V27/><F27/><W18/><G122/><T58/><D5/><U90/><E44/><V9/><F9/><W88/><G120/><T81/><D26/><U61/><E61/><V2/><F2/><W116/><G116/><T113/><D1/><U85/><E12/><V100/><F100/><W8/><G15/><T125/><D125/><U121/><E121/><V80/><F80/><W91/><G91/><T16/><D82/><N who="1" m="47311" /><E96/><V63/><F63/><W4/><G98/><T123/><D81/><U50/><E50/><V13/><F13/><W21/><G99/><T3/><D97/><U130/><E130/><V112/><F112/><W84/><G66/><T65/><D113/><U0/><E0/><V108/><N who="2" m="42001" /><V10/><DORA hai="45" /><F10/><W104/><G64/><T78/><D119/><U72/><E25/><V47/><F47/><W107/><G67/><RYUUKYOKU ba="1,0" sc="240,-10,267,-10,230,30,263,-10" hai2="29,30,69,70,73,76,83" /><INIT seed="2,2,0,4,5,130" ten="230,257,260,253" oya="2" hai0="126,28,7,27,79,103,53,1,11,110,9,111,105" hai1="19,10,4,62,89,60,125,71,36,123,117,102,65" hai2="69,52,96,58,5,93,15,80,99,0,61,124,16" hai3="6,37,34,70,45,67,132,91,97,85,131,107,8"/><V77/><F124/><W82/><G131/><T108/><D126/><U81/><E117/><V114/><F114/><W78/><G34/><T66/><D79/><U40/><E125/><V2/><F69/><W13/><G70/><T42/><D42/><U87/><E123/><V55/><F5/><W129/><G129/><T38/><D38/><U21/><E102/><V23/><F55/><W90/><G67/><T22/><D66/><U20/><E62/><V101/><REACH who="2" step="1"/><F96/><REACH who="2" ten="230,257,250,253" step="2"/><W121/><G121/><T120/><D53/><U57/><E71/><V112/><F112/><W32/><G97/><N who="0" m="61679" /><D120/><U68/><E68/><V104/><F104/><W26/><G107/><T47/><D7/><U14/><E4/><V17/><F17/><W46/><G6/><T64/><D64/><U86/><E40/><V73/><AGARI ba="2,1" hai="0,2,15,16,23,52,58,61,73,77,80,93,99,101" machi="73" ten="20,12000,1" yaku="1,1,0,1,7,1,54,2,53,0" doraHai="130" doraHaiUra="39" who="2" fromWho="2" sc="230,-42,257,-42,250,136,253,-42" /><INIT seed="2,3,0,2,4,41" ten="188,215,386,211" oya="2" hai0="45,34,98,95,40,43,71,99,67,72,111,134,55" hai1="54,107,106,83,1,114,87,135,46,20,116,102,119" hai2="47,33,132,59,23,92,81,109,77,86,56,121,11" hai3="115,79,97,42,91,96,124,6,21,130,64,38,75"/><V94/><F121/><W76/><G64/><T13/><D111/><U61/><E1/><V53/><F33/><W129/><G6/><T49/><D134/><U60/><E114/><V105/><F105/><W14/><G115/><T69/><D72/><U120/><E20/><V50/><F132/><W108/><G108/><T37/><D34/><U28/><E28/><V51/><F109/><W103/><G124/><T88/><D40/><U29/><E29/><V24/><F11/><W48/><G38/><T85/><D13/><U80/><E54/><N who="2" m="30047" /><F59/><W10/><G21/><T57/><D69/><U17/><E87/><V133/><F133/><W32/><G32/><T0/><D0/><U123/><E135/><V78/><F78/><W128/><G75/><T68/><D68/><U74/><E74/><V9/><F9/><W58/><G79/><T44/><D44/><U39/><E46/><V65/><F65/><W110/><G76/><T117/><D117/><U30/><E30/><AGARI ba="3,0" hai="23,24,30,51,53,56,77,81,86,92,94" m="30047" machi="30" ten="30,2900,0" yaku="8,1,52,1" doraHai="41" who="2" fromWho="1" sc="188,0,215,-38,386,38,211,0" /><INIT seed="2,4,0,4,0,27" ten="188,177,424,211" oya="2" hai0="104,39,70,49,2,43,73,131,42,119,34,25,72" hai1="126,33,117,44,76,12,85,10,52,64,20,129,84" hai2="13,97,18,71,30,38,46,37,135,115,47,14,134" hai3="116,128,61,21,75,95,23,107,41,32,103,111,69"/><V8/><F71/><W88/><G116/><T48/><D25/><U63/><E33/><V81/><F115/><W56/><G75/><T114/><D49/><U105/><E105/><V57/><F97/><W94/><G32/><T113/><D48/><U83/><E117/><V89/><F57/><W78/><G69/><T79/><D43/><U5/><E129/><V91/><F81/><W58/><G78/><T66/><D42/><U133/><E126/><V80/><F80/><W90/><G111/><T93/><D66/><U1/><E133/><V67/><F18/><W130/><G41/><T36/><D93/><U108/><E108/><V124/><F8/><W82/><G82/><T3/><D79/><U40/><E20/><V92/><F92/><W45/><G45/><T96/><D96/><U122/><E122/><V132/><F132/><W24/><G24/><T50/><D34/><U0/><E85/><V62/><F62/><W106/><G103/><T4/><D119/><U121/><E121/><V100/><F100/><W59/><G59/><T55/><D114/><U11/><E11/><V120/><F120/><W110/><G110/><T7/><D113/><U17/><E17/><V16/><F16/><W127/><REACH who="3" step="1"/><G61/><REACH who="3" ten="188,177,424,201" step="2"/><T74/><D74/><U15/><E63/><V77/><F77/><W28/><G28/><T109/><D109/><U22/><E76/><V112/><F30/><W87/><G87/><T99/><D73/><U51/><E84/><V101/><F112/><W118/><G118/><T54/><D72/><U19/><E83/><V125/><F101/><W68/><G68/><RYUUKYOKU ba="4,1" sc="188,-15,177,-15,424,15,201,15" hai2="13,14,37,38,46,47,67,89,91,124,125,134,135" hai3="21,23,56,58,88,90,94,95,106,107,127,128,130" /><INIT seed="2,5,1,0,5,47" ten="173,162,439,216" oya="2" hai0="118,121,131,45,57,95,135,29,31,93,127,78,33" hai1="87,58,126,117,91,2,20,110,129,73,18,63,70" hai2="104,56,106,130,111,89,90,4,15,65,101,61,79" hai3="41,67,107,62,26,82,74,44,69,39,120,125,80"/><V19/><F79/><W34/><G120/><T54/><D121/><U14/><E117/><V7/><F130/><W133/><G133/><T25/><D135/><U37/><E73/><V48/><F111/><W1/><G125/><T109/><D109/><U23/><E110/><V51/><F104/><W124/><G124/><T10/><D127/><U21/><E70/><V11/><F101/><W116/><G116/><T49/><D131/><U52/><E126/><V96/><F106/><W12/><G12/><T0/><D118/><U60/><E129/><V38/><F38/><W102/><G1/><T66/><D78/><U64/><E2/><V123/><F123/><W53/><G53/><T84/><D84/><U50/><E37/><V72/><F72/><W5/><G5/><N who="2" m="2121" /><F96/><N who="3" m="61895" /><G74/><T103/><D103/><U132/><E132/><V113/><F113/><W76/><G76/><T88/><D10/><N who="1" m="6487" /><E64/><V40/><F40/><W55/><G55/><T9/><D9/><U94/><AGARI ba="5,1" hai="20,21,23,50,52,58,60,63,87,91,94" m="6487" machi="94" ten="30,4000,0" yaku="8,1,52,1,54,1" doraHai="47" who="1" fromWho="1" sc="173,-15,162,65,439,-25,216,-15" /><INIT seed="3,0,0,4,0,94" ten="158,227,414,201" oya="3" hai0="42,57,69,8,49,85,117,67,43,47,102,26,86" hai1="122,112,27,132,55,134,3,131,124,5,54,76,72" hai2="11,2,135,28,119,4,9,133,89,100,45,116,114" hai3="96,101,106,37,93,19,68,87,13,40,24,23,83"/><W109/><G68/><T60/><D117/><U77/><E27/><V41/><F100/><W127/><G127/><T120/><D120/><U38/><E5/><N who="2" m="1207" /><F89/><W33/><G109/><T35/><D8/><U22/><E22/><V44/><F44/><W111/><G111/><T108/><D108/><U6/><E6/><V128/><F128/><W88/><G40/><T115/><D115/><U36/><E3/><N who="2" m="415" /><F114/><W7/><G37/><T123/><D123/><U91/><E91/><V65/><F65/><W66/><G66/><T103/><D43/><U92/><E92/><V10/><F10/><W48/><G7/><T62/><D103/><U74/><E122/><V15/><F15/><W17/><G48/><T51/><D51/><U99/><E112/><V105/><F105/><W30/><REACH who="3" step="1"/><G19/><REACH who="3" ten="158,227,414,191" step="2"/><T34/><D49/><U63/><E124/><V121/><F121/><W29/><G29/><T82/><D67/><U64/><E64/><V130/><F130/><W21/><G21/><T98/><D60/><U84/><E131/><V14/><F28/><W50/><G50/><T39/><D69/><U0/><E63/><V73/><F41/><W59/><G59/><T90/><D57/><U79/><E36/><V52/><F116/><W110/><G110/><T31/><D62/><U1/><E38/><V126/><F119/><W46/><G46/><T20/><REACH who="0" step="1"/><D86/><REACH who="0" ten="148,227,414,191" step="2"/><U70/><E84/><V71/><F71/><W104/><AGARI ba="0,2" hai="13,17,23,24,30,33,83,87,88,93,96,101,104,106" machi="104" ten="30,11700,0" yaku="1,1,0,1,52,1,54,1,53,0" doraHai="94" doraHaiUra="61" who="3" fromWho="3" sc="148,-39,227,-39,414,-39,191,137" /><INIT seed="3,1,0,4,0,101" ten="109,188,375,328" oya="3" hai0="31,21,86,15,85,60,135,79,118,131,109,33,20" hai1="119,98,76,35,41,95,28,116,124,114,50,22,110" hai2="24,68,56,36,133,117,126,16,53,108,66,84,55" hai3="38,70,125,26,103,9,129,58,13,42,123,40,4"/><W19/><G70/><T78/><D118/><U105/><E35/><V30/><F108/><W107/><G123/><T115/><D109/><U1/><E1/><V62/><F117/><N who="1" m="45129" /><E114/><V7/><F7/><W90/><G125/><T112/><D135/><U91/><E110/><V6/><F6/><W69/><G69/><T72/><D131/><U3/><E3/><V127/><F133/><W99/><G129/><T32/><D60/><U27/><E76/><N who="0" m="29225" /><D15/><U89/><E124/><N who="2" m="47659" /><F36/><W18/><G38/><T46/><D46/><N who="1" m="25935" /><E91/><V39/><F39/><W23/><G90/><T5/><D5/><U2/><E2/><V61/><F84/><N who="0" m="32362" /><D31/><U77/><E77/><V17/><F55/><W100/><G100/><T64/><D64/><U88/><E89/><V74/><F74/><W47/><G47/><T104/><D72/><U37/><E37/><V49/><F62/><W73/><G73/><T29/><D29/><U128/><E128/><V93/><F93/><W0/><REACH who="3" step="1"/><G58/><REACH who="3" ten="109,188,375,318" step="2"/><T63/><D112/><U10/><E88/><V75/><F75/><W82/><G82/><T14/><D115/><U45/><E45/><V52/><F68/><W51/><G51/><T54/><D63/><U97/><E95/><V113/><F113/><W111/><G111/><T43/><D33/><U122/><E122/><V12/><F49/><W87/><G87/><T25/><D32/><U94/><E94/><V80/><F80/><W120/><G120/><T11/><D54/><U102/><E98/><V48/><F52/><W59/><G59/><T57/><D57/><U44/><E44/><V65/><F53/><RYUUKYOKU ba="1,1" sc="109,-15,188,15,375,-15,318,15" hai1="10,22,27,28,97,102,105" hai3="0,4,9,13,18,19,23,26,40,42,99,103,107" /><INIT seed="3,2,1,1,4,30" ten="94,203,360,333" oya="3" hai0="9,53,133,104,8,16,97,89,99,36,47,55,103" hai1="64,67,113,112,7,131,114,109,4,76,33,45,78" hai2="42,90,6,43,122,62,80,86,107,21,17,1,130" hai3="51,58,72,102,60,125,15,100,26,95,71,24,94"/><W59/><G72/><T93/><D133/><U27/><E45/><V31/><F122/><W108/><G71/><T57/><D9/><U73/><E27/><V66/><F107/><W75/><G75/><T10/><D10/><U117/><E73/><V106/><F106/><W81/><G125/><T69/><D69/><U48/><E48/><V79/><F1/><W34/><G81/><T46/><D36/><U39/><E39/><V121/><F121/><W49/><G15/><T127/><D127/><U84/><E84/><V38/><F6/><N who="1" m="2089" /><E109/><V14/><F130/><W91/><G91/><T5/><D55/><U68/><E68/><V77/><F31/><W105/><G105/><T40/><D40/><N who="2" m="15402" /><F38/><W13/><G13/><T44/><D5/><U20/><E20/><V135/><F135/><W116/><G60/><T110/><D110/><U63/><E63/><V132/><F132/><W2/><G108/><T65/><D65/><N who="1" m="25163" /><E131/><V82/><F82/><W98/><G98/><T0/><D0/><U96/><E96/><V28/><F28/><W22/><G22/><T18/><REACH who="0" step="1"/><D8/><REACH who="0" ten="84,203,360,333" step="2"/><U29/><E114/><V61/><F66/><W87/><G2/><T92/><D92/><U124/><E113/><V88/><F80/><W123/><G95/><T25/><D25/><N who="1" m="18607" /><E112/><V111/><F111/><W101/><G94/><T115/><D115/><U19/><E124/><V74/><F14/><W134/><G24/><T37/><D37/><U120/><E120/><V126/><F126/><W129/><G26/><T128/><D128/><U35/><E117/><V85/><F21/><W50/><G134/><RYUUKYOKU ba="2,2" sc="84,30,203,-10,360,-10,333,-10" hai0="16,18,44,46,47,53,57,89,93,97,99,103,104" /><INIT seed="4,3,2,3,0,37" ten="114,193,350,323" oya="0" hai0="1,34,55,101,124,30,127,40,41,96,77,72,91" hai1="48,97,133,57,78,85,60,117,95,88,130,36,121" hai2="63,8,2,107,135,31,3,90,54,104,29,131,19" hai3="93,105,83,114,116,17,12,76,11,0,113,23,109"/><T112/><D1/><U6/><E36/><V62/><F135/><W79/><G105/><T73/><D91/><U49/><E121/><V92/><F107/><W43/><G109/><T7/><D7/><U59/><E117/><V71/><F104/><W33/><G116/><T44/><D112/><N who="3" m="43113" /><G33/><T61/><D30/><U89/><E78/><V5/><F3/><W64/><G64/><T99/><D34/><U98/><E133/><V134/><F134/><W86/><G93/><N who="0" m="58511" /><D99/><U22/><E130/><V14/><F71/><W28/><G43/><N who="0" m="16459" /><D77/><U45/><E6/><V115/><F115/><W10/><G0/><T56/><D44/><U25/><E45/><V126/><F29/><W47/><G47/><T39/><D39/><U26/><E98/><V52/><F31/><W82/><G28/><T66/><D66/><U51/><E89/><V46/><F46/><W16/><G17/><T94/><D94/><U13/><E97/><V42/><F2/><W108/><G108/><T128/><D128/><U15/><E95/><V20/><F131/><W32/><G32/><T74/><D55/><U103/><E88/><V84/><F42/><W24/><G79/><T111/><D111/><U125/><E103/><V65/><F65/><W80/><G76/><T132/><D132/><U50/><N who="1" m="12288" /><DORA hai="106" /><U70/><E70/><V21/><F54/><W67/><G67/><T122/><D122/><U87/><E85/><V58/><F5/><N who="3" m="3151" /><G86/><T81/><D81/><U75/><E87/><V119/><F119/><W4/><G4/><T110/><D110/><U120/><E120/><V27/><F84/><RYUUKYOKU ba="3,2" sc="114,15,193,-15,350,-15,323,15" hai0="56,61,72,73,74,124,127" hai3="11,16,23,24,80,82,83" /><INIT seed="4,4,2,2,4,76" ten="129,178,335,338" oya="0" hai0="81,27,68,106,4,57,77,67,7,126,22,87,23" hai1="112,123,53,85,3,103,42,31,44,134,49,93,19" hai2="41,104,105,54,135,78,94,72,91,30,129,6,38" hai3="52,0,124,84,120,55,9,25,39,12,125,47,111"/><T70/><D106/><U18/><E123/><V34/><F135/><W79/><G111/><T66/><D126/><N who="3" m="48745" /><G120/><T75/><D75/><U60/><E3/><V118/><F129/><W62/><G0/><T26/><D57/><N who="1" m="34863" /><E134/><V56/><F118/><W121/><G121/><T43/><D43/><U59/><E112/><V122/><F122/><W82/><G25/><T92/><D92/><U69/><E69/><V119/><F119/><W24/><G24/><N who="0" m="9259" /><D70/><U45/><E31/><V8/><F34/><W63/><G39/><T15/><D68/><U132/><E132/><V88/><F38/><W58/><G47/><N who="1" m="17994" /><E42/><V61/><F30/><W16/><G63/><T101/><D101/><U107/><E107/><V64/><F61/><W83/><G83/><T29/><D29/><U115/><E115/><V51/><F104/><W102/><G102/><T36/><D36/><U13/><E13/><V127/><F127/><W130/><G130/><T2/><D2/><U86/><E59/><V50/><F105/><W117/><G117/><T90/><D15/><U14/><E49/><V108/><F50/><W11/><G55/><T131/><D131/><U95/><E95/><V28/><F54/><W17/><G9/><T116/><D116/><U110/><E110/><V99/><F8/><W96/><G96/><T37/><D37/><U74/><E74/><V114/><F99/><W71/><G71/><T80/><D67/><U10/><E19/><AGARI ba="4,2" hai="11,12,16,17,19,52,58,62,79,82,84" m="48745" machi="19" ten="30,7700,0" yaku="18,1,52,1,54,2" doraHai="76" who="3" fromWho="1" sc="129,0,178,-89,335,0,338,109" /><INIT seed="5,0,0,3,2,115" ten="129,89,335,447" oya="1" hai0="5,53,123,132,71,15,90,38,34,91,76,117,1" hai1="17,88,108,106,7,2,109,8,56,92,130,134,42" hai2="59,18,62,129,94,121,35,89,10,116,46,30,133" hai3="112,28,29,23,60,57,33,66,31,4,75,114,124"/><U9/><E106/><V41/><F121/><W127/><G75/><T3/><D117/><U11/><E130/><V6/><F30/><W102/><G33/><T61/><D34/><U25/><E134/><V111/><F111/><N who="1" m="42569" /><E42/><V87/><F116/><W67/><G67/><T118/><D118/><U98/><E56/><V52/><F35/><W85/><G102/><T64/><D132/><U78/><E78/><V77/><F77/><W48/><G4/><T103/><D123/><U69/><E69/><V83/><F129/><W96/><G96/><T107/><D76/><U50/><E50/><V74/><F74/><W73/><G73/><T58/><D103/><U43/><E43/><V68/><F68/><W97/><G97/><T36/><D107/><U80/><E80/><V125/><F133/><W27/><G85/><T44/><D38/><U70/><E70/><V86/><F18/><N who="3" m="12791" /><G48/><N who="0" m="31015" /><D90/><U119/><E119/><V22/><F22/><AGARI ba="0,0" hai="2,7,8,9,11,17,22,25,88,92,98" m="42569" machi="22" ten="30,2900,0" yaku="10,1,54,1" doraHai="115" who="1" fromWho="2" sc="129,0,89,29,335,-29,447,0" /><INIT seed="5,1,0,4,1,28" ten="129,118,306,447" oya="1" hai0="69,126,120,26,129,132,3,18,109,61,130,116,24" hai1="38,88,133,16,104,0,58,98,80,5,85,66,30" hai2="63,86,10,103,21,13,115,39,100,44,11,73,81" hai3="6,84,90,128,60,131,95,113,41,52,49,64,25"/><U67/><E38/><V46/><F73/><W14/><G41/><T118/><D3/><U101/><E30/><V79/><F115/><W97/><G113/><T127/><D109/><U57/><E133/><V42/><F63/><W96/><G25/><N who="0" m="9835" /><D18/><U121/><E121/><V12/><F21/><W37/><G37/><T34/><D34/><U107/><E107/><V55/><F55/><W45/><G6/><T76/><D76/><U74/><E74/><V94/><F46/><W22/><G14/><T50/><D50/><U106/><E106/><V125/><F125/><N who="0" m="47626" /><D120/><U17/><E5/><V89/><F12/><W27/><G128/><N who="0" m="49259" /><D132/><U20/><E0/><V117/><F13/><W54/><G131/><T65/><AGARI ba="1,0" hai="61,65,69,116,118" m="49259,47626,9835" machi="65" ten="40,2700,0" yaku="18,1,19,1" doraHai="28" who="0" fromWho="0" sc="129,30,118,-14,306,-8,447,-8" /><INIT seed="6,0,0,5,2,65" ten="159,104,298,439" oya="2" hai0="80,12,92,110,67,107,27,21,23,123,18,77,38" hai1="104,48,93,64,4,39,30,112,114,84,132,79,52" hai2="118,0,53,56,72,121,3,119,45,106,2,81,97" hai3="115,101,59,73,87,105,111,58,109,120,46,28,94"/><V130/><F121/><W50/><G120/><T32/><D123/><U63/><E104/><V17/><F130/><W44/><G73/><T70/><D110/><U78/><E39/><V122/><F122/><W68/><G68/><T19/><D107/><U100/><E4/><V8/><F45/><W82/><G105/><T127/><D127/><U43/><E43/><V75/><F8/><W55/><G28/><T34/><D38/><U25/><E132/><V126/><F126/><W47/><G115/><N who="1" m="44074" /><E100/><V20/><F97/><W116/><G116/><T54/><D54/><U33/><E93/><V89/><F106/><W24/><G24/><T11/><D92/><U99/><E84/><V51/><F72/><W131/><G131/><T36/><D36/><U134/><E99/><V7/><F7/><W16/><G16/><T113/><D113/><U102/><E102/><V133/><F133/><W62/><G94/><T13/><D70/><N who="1" m="42271" /><E134/><V129/><F129/><W61/><G101/><T108/><D67/><U96/><E96/><V35/><F35/><W31/><G31/><T74/><D108/><U1/><E1/><V40/><F40/><W49/><G111/><T60/><D60/><U26/><E26/><N who="2" m="14607" /><F89/><N who="3" m="51447" /><G109/><T83/><D83/><U5/><E5/><AGARI ba="0,0" hai="5,11,12,13,18,19,21,23,27,32,34,74,77,80" machi="5" ten="30,1000,0" yaku="7,1" doraHai="65" who="0" fromWho="1" sc="159,10,104,-10,298,0,439,0" /><INIT seed="7,0,0,3,2,2" ten="169,94,298,439" oya="3" hai0="6,52,0,102,118,64,106,37,31,32,27,96,115" hai1="87,5,121,72,4,114,66,71,97,74,86,42,13" hai2="56,16,120,19,81,28,3,12,33,107,91,78,40" hai3="57,94,134,8,48,29,43,11,117,69,68,44,70"/><W1/><G117/><T119/><D52/><U129/><E121/><V59/><F3/><W135/><G29/><T76/><D115/><U63/><E114/><V20/><F107/><W62/><G94/><T41/><D76/><U61/><E42/><V23/><F28/><W54/><G1/><T21/><D21/><U100/><E13/><V88/><F33/><W108/><G108/><T98/><D98/><U30/><E30/><V85/><F120/><W116/><G116/><T24/><D27/><U110/><E110/><V113/><F40/><W111/><G111/><T18/><D18/><U17/><E17/><V83/><F113/><W14/><G14/><T132/><D64/><U105/><E129/><V65/><F65/><W123/><G123/><T26/><D26/><U90/><E63/><V79/><F12/><W46/><G46/><N who="0" m="23855" /><D132/><AGARI ba="0,0" hai="8,11,43,44,48,54,57,62,68,69,70,132,134,135" machi="132" ten="50,2400,0" yaku="20,1" doraHai="2" who="3" fromWho="0" sc="169,-24,94,0,298,0,439,24" owari="145,-25.0,94,-41.0,298,10.0,463,56.0" /></mjloggm>