<mjloggm ver="2.3"><GO type="169" lobby="0"/><UN n0="%E3%82%AB%E3%83%9D%E3%83%8D%E5%9B%A3%E3%81%AE%E5%85%84%E8%B2%B4" n1="%E3%83%90%E3%82%A4%E3%82%A2%E3%83%A9%E3%83%B3" n2="%E5%B0%B1%E6%B4%BB%E7%94%9F%40%E5%B7%9D%E6%9D%91%E8%BB%8D%E5%9B%A3" n3="%E5%A4%A9%E9%87%8E%E9%81%A0%E5%AD%90" dan="16,17,17,16" rate="2137.17,2175.23,2239.22,2115.42" sx="M,M,M,F"/><TAIKYOKU oya="0"/><INIT seed="0,0,0,2,5,75" ten="250,250,250,250" oya="0" hai0="35,69,49,101,124,20,115,123,63,133,44,54,57" hai1="45,39,110,131,103,56,23,9,129,72,122,94,64" hai2="93,71,33,51,135,97,85,11,14,12,16,31,38" hai3="15,109,125,107,80,32,95,127,108,2,130,102,18"/><T48/><D35/><U134/><E72/><V83/><F38/><W10/><G107/><T1/><D1/><U5/><E122/><V40/><F71/><W47/><G47/><T84/><D123/><U128/><E110/><N who="3" m="42602" /><G80/><T88/><D115/><U3/><E134/><V79/><F135/><W26/><G95/><T113/><D113/><U66/><E56/><V17/><F33/><W46/><G46/><T70/><D124/><N who="3" m="47689" /><G102/><T116/><D101/><U74/><E74/><V106/><F106/><W126/><G126/><T27/><D48/><U34/><E34/><V78/><F31/><N who="3" m="19575" /><G130/><T90/><D133/><U58/><E94/><V73/><F73/><W0/><AGARI ba="0,0" hai="0,2,10,15,18" m="19575,47689,42602" machi="0" ten="40,8000,1" yaku="14,1,18,1,34,2" doraHai="75" who="3" fromWho="3" sc="250,-40,250,-20,250,-20,250,80" /><INIT seed="1,0,0,1,1,26" ten="210,230,230,330" oya="1" hai0="135,83,14,1,104,92,49,77,95,6,87,94,99" hai1="65,88,33,82,16,38,21,63,0,31,131,5,61" hai2="115,120,35,108,7,84,51,71,126,15,102,93,133" hai3="54,90,68,89,67,57,103,10,12,80,40,64,45"/><U117/><E117/><V36/><F36/><W75/><G103/><N who="0" m="62591" /><D49/><U72/><E38/><V25/><F71/><W123/><G123/><T9/><D1/><U81/><E131/><V62/><F108/><W34/><G34/><T53/><D53/><U100/><E100/><V121/><F115/><W70/><G75/><N who="0" m="43455" /><D135/><U78/><E65/><V30/><F126/><W11/><G68/><T66/><D66/><U79/><E88/><AGARI ba="0,0" hai="6,9,14,87,88,92,94,95" m="43455,62591" machi="88" ten="30,2000,0" yaku="24,1,54,1" doraHai="26" who="0" fromWho="1" sc="210,20,230,-20,230,0,330,0" /><INIT seed="2,0,0,1,1,132" ten="230,210,230,330" oya="2" hai0="72,98,71,16,115,85,67,73,121,108,58,3,39" hai1="5,29,34,82,112,28,32,123,49,70,130,68,75" hai2="78,2,52,129,100,128,135,91,26,87,95,30,0" hai3="22,53,25,24,103,126,42,97,37,111,118,127,38"/><V117/><F117/><W14/><G118/><T119/><D119/><U66/><E49/><V81/><F135/><W113/><G111/><T64/><D71/><U31/><E5/><V41/><F41/><W40/><G14/><T94/><D3/><U9/><E9/><V114/><F114/><W60/><G113/><T43/><D121/><U23/><E29/><V90/><F100/><W84/><G84/><T1/><D1/><U47/><E47/><V96/><F90/><W110/><G110/><T107/><D115/><U106/><E23/><V59/><F2/><W124/><G42/><T79/><D67/><U19/><E19/><V7/><F7/><W102/><G24/><T18/><D64/><U92/><E130/><V50/><REACH who="2" step="1"/><F0/><REACH who="2" ten="230,210,220,330" step="2"/><W134/><G134/><T45/><D108/><U89/><E112/><V122/><F122/><W57/><G40/><T54/><D43/><U86/><E123/><V131/><F131/><W11/><G102/><T88/><D39/><U15/><E89/><V116/><F116/><W74/><G38/><T62/><D88/><U44/><E34/><AGARI ba="0,1" hai="26,30,34,50,52,59,78,81,87,91,95,96,128,129" machi="34" ten="40,3900,0" yaku="1,1,54,1,53,0" doraHai="132" doraHaiUra="109" who="2" fromWho="1" sc="230,0,210,-39,220,49,330,0" /><INIT seed="2,1,0,0,2,45" ten="230,171,269,330" oya="2" hai0="12,125,122,22,31,16,61,47,38,115,118,9,55" hai1="28,5,78,79,102,63,113,72,67,56,64,126,14" hai2="26,76,4,133,70,132,8,43,91,116,41,33,84" hai3="18,49,21,48,105,62,86,68,39,74,1,80,90"/><V134/><F70/><W120/><G120/><T60/><D122/><U51/><E126/><V89/><F116/><W95/><G39/><T121/><D121/><U27/><E113/><V40/><F76/><W92/><G1/><T104/><D104/><U15/><E102/><V75/><F75/><W24/><G105/><T124/><D115/><U54/><E67/><V97/><F97/><W119/><G119/><T19/><D31/><U42/><E42/><V100/><F100/><W94/><REACH who="3" step="1"/><G74/><REACH who="3" ten="230,171,269,320" step="2"/><T6/><D118/><U7/><E72/><V135/><F135/><W114/><G114/><T110/><D38/><U34/><E5/><V53/><F132/><W73/><G73/><T117/><D6/><U30/><E7/><V35/><F134/><W83/><G83/><T66/><D117/><U2/><E2/><V128/><F133/><W108/><G108/><T103/><D110/><U107/><E107/><V52/><F128/><W131/><G131/><T59/><D124/><U25/><E79/><V65/><F89/><W85/><G85/><T93/><D125/><U81/><E81/><V44/><F91/><W130/><G130/><T129/><D129/><U17/><E78/><V109/><F84/><W0/><G0/><T99/><D103/><U20/><REACH who="1" step="1"/><E30/><REACH who="1" ten="230,161,269,320" step="2"/><V3/><F109/><W37/><G37/><T10/><D93/><U69/><AGARI ba="1,2" hai="14,15,17,20,25,27,28,34,51,54,56,63,64,69" machi="69" ten="20,8000,1" yaku="1,1,2,1,0,1,7,1,52,1,53,0" doraHai="45" doraHaiUra="127" who="1" fromWho="1" sc="230,-21,161,103,269,-41,320,-21" /><INIT seed="3,0,0,1,1,47" ten="209,264,228,299" oya="3" hai0="93,36,98,135,28,101,2,70,48,106,66,99,15" hai1="29,124,83,80,129,68,132,121,9,96,1,114,102" hai2="97,113,78,30,61,92,20,82,33,21,125,77,73" hai3="123,24,41,37,103,67,85,71,90,64,60,27,43"/><W69/><G123/><T127/><D36/><U100/><E68/><V133/><F113/><W112/><G103/><T119/><D2/><U130/><E29/><V116/><F116/><W81/><G112/><T120/><D120/><U118/><E9/><V53/><F133/><W19/><G37/><T55/><D119/><U110/><E1/><V57/><F125/><W3/><G3/><T26/><D15/><U56/><E56/><V31/><F78/><W95/><G24/><T58/><D135/><U32/><E32/><V38/><F38/><W52/><G64/><T5/><D5/><U65/><E65/><V49/><F61/><W72/><G69/><T91/><D127/><U25/><E25/><V59/><F59/><W63/><G72/><T11/><D11/><U0/><E0/><V50/><F50/><W122/><G122/><T75/><D75/><U42/><E42/><V46/><F57/><W54/><G63/><T89/><D66/><U62/><E62/><V13/><F33/><W40/><REACH who="3" step="1"/><G81/><REACH who="3" ten="209,264,228,289" step="2"/><T17/><D70/><U51/><E80/><V87/><F73/><W131/><G131/><T109/><D26/><U8/><E121/><V14/><F14/><W105/><G105/><T74/><D74/><U128/><E114/><V104/><F104/><W115/><G115/><T86/><D106/><U10/><E129/><V44/><F13/><W79/><G79/><T45/><D101/><U22/><E130/><V23/><F31/><W39/><G39/><T134/><D28/><U94/><E128/><V107/><F107/><W6/><G6/><T18/><D134/><RYUUKYOKU ba="0,1" sc="209,-10,264,-10,228,-10,289,30" hai3="19,27,40,41,43,52,54,60,67,71,85,90,95" /><INIT seed="3,1,1,1,4,53" ten="199,254,218,319" oya="3" hai0="119,111,39,16,9,77,105,0,17,79,1,132,49" hai1="114,103,89,97,92,125,27,8,40,24,113,13,108" hai2="68,115,128,63,32,130,33,106,93,36,127,126,135" hai3="46,100,15,123,50,129,59,91,41,122,11,43,85"/><W12/><G100/><T121/><D39/><U80/><E108/><V57/><F106/><W52/><G129/><N who="2" m="49769" /><F36/><W86/><G41/><T112/><D105/><U87/><E125/><N who="2" m="47627" /><F68/><W110/><G110/><T7/><D111/><U18/><REACH who="1" step="1"/><E40/><REACH who="1" ten="199,244,218,319" step="2"/><V4/><F115/><AGARI ba="1,2" hai="8,13,18,24,27,80,87,89,92,97,103,113,114,115" machi="115" ten="40,8000,1" yaku="1,1,2,1,53,3" doraHai="53" doraHaiUra="109" who="1" fromWho="2" sc="199,0,244,103,218,-83,319,0" /><INIT seed="4,0,0,2,0,98" ten="199,347,135,319" oya="0" hai0="84,91,72,71,12,63,112,19,130,2,41,74,99" hai1="128,32,27,126,64,76,6,30,120,107,87,89,55" hai2="82,53,0,83,90,122,131,61,65,42,110,4,77" hai3="26,24,118,18,132,51,13,109,121,14,133,48,105"/><T56/><D2/><U125/><E120/><V95/><F122/><W127/><G109/><T37/><D130/><U104/><E128/><V40/><F110/><W59/><G121/><T78/><D112/><U33/><E33/><V68/><F131/><W54/><G118/><T45/><D71/><U22/><E76/><V28/><F28/><W103/><G127/><N who="1" m="48650" /><E64/><V52/><F4/><W93/><G105/><T46/><D46/><U9/><E55/><V134/><F0/><W11/><G51/><T62/><D99/><U36/><E36/><V79/><F134/><N who="3" m="51819" /><G14/><T114/><D78/><U34/><E34/><V39/><F79/><W44/><G44/><T49/><D114/><U7/><E32/><V75/><F82/><W10/><G10/><T5/><D5/><N who="1" m="1547" /><E9/><V119/><F119/><W73/><G73/><T100/><D72/><U21/><E21/><V123/><F123/><W102/><G93/><AGARI ba="0,0" hai="22,27,30,87,89,93,104,107" m="1547,48650" machi="93" ten="30,1000,0" yaku="18,1" doraHai="98" who="1" fromWho="3" sc="199,0,347,10,135,0,319,-10" /><INIT seed="5,0,0,2,2,118" ten="199,357,135,309" oya="1" hai0="46,102,97,87,134,23,13,1,28,5,120,111,88" hai1="128,6,116,130,14,132,83,131,125,114,17,22,122" hai2="117,64,92,63,25,49,0,93,95,133,77,32,70" hai3="7,21,107,35,20,51,71,76,59,123,94,82,57"/><U48/><E116/><V104/><F117/><W108/><G107/><T99/><D1/><U110/><E110/><V101/><F133/><W126/><G71/><T89/><D111/><U100/><E100/><V52/><F0/><W90/><G35/><T30/><D134/><U81/><E132/><V10/><F77/><W56/><G7/><T75/><D75/><U4/><E114/><V19/><F10/><W65/><G108/><T9/><D120/><U78/><E122/><V60/><F60/><W58/><G126/><T121/><D121/><U96/><E125/><V115/><F115/><W34/><G34/><T11/><D46/><U124/><E124/><V37/><F37/><W2/><G2/><T61/><D61/><U79/><E96/><V109/><F109/><W27/><G123/><T33/><D33/><U18/><E48/><V47/><F19/><W66/><G21/><T31/><D11/><U105/><E105/><V103/><REACH who="2" step="1"/><F104/><REACH who="2" ten="199,357,125,309" step="2"/><W55/><G76/><T44/><D9/><U113/><E18/><V12/><F12/><W16/><G82/><T15/><D15/><U50/><E113/><V98/><F98/><AGARI ba="0,1" hai="16,20,27,51,55,56,57,58,59,65,66,90,94,98" machi="98" ten="40,2600,0" yaku="8,1,54,1" doraHai="118" who="3" fromWho="2" sc="199,0,357,0,125,-26,309,36" /><INIT seed="6,0,0,3,1,78" ten="199,357,99,345" oya="2" hai0="99,44,22,79,103,90,119,120,24,69,93,57,133" hai1="35,58,60,82,126,36,4,49,86,101,134,130,88" hai2="47,107,3,21,52,76,33,109,20,128,68,46,104" hai3="40,87,66,72,73,7,105,65,135,108,29,92,74"/><V77/><F33/><W34/><G108/><T6/><D69/><U95/><E35/><V112/><F3/><W115/><G135/><T28/><D120/><U71/><E36/><V81/><F68/><W91/><G105/><T70/><D70/><U12/><E126/><V51/><F109/><W125/><G125/><T13/><D133/><U48/><E130/><V84/><F128/><W55/><G40/><T85/><D79/><U2/><E2/><V16/><F112/><W9/><G115/><T75/><D75/><U37/><E37/><V110/><F110/><W83/><G29/><T100/><D119/><U131/><E71/><V26/><F77/><W31/><G31/><T23/><D44/><U64/><E131/><V116/><F116/><W17/><G17/><T10/><D57/><U32/><E32/><V53/><F21/><W122/><G122/><T45/><D45/><U61/><E61/><V96/><F96/><W117/><G34/><T19/><REACH who="0" step="1"/><D99/><REACH who="0" ten="189,357,99,345" step="2"/><N who="1" m="59647" /><E134/><V97/><F97/><W42/><G117/><T54/><D54/><U123/><E123/><V62/><REACH who="2" step="1"/><F47/><REACH who="2" ten="189,357,89,345" step="2"/><W63/><G74/><T18/><D18/><U15/><E4/><V127/><F127/><W14/><G73/><T113/><D113/><U25/><E58/><AGARI ba="0,2" hai="16,20,26,46,51,52,53,58,62,76,81,84,104,107" machi="58" ten="40,18000,2" yaku="1,1,52,1,54,2,53,2" doraHai="78" doraHaiUra="102" who="2" fromWho="1" sc="189,0,357,-180,89,200,345,0" /><INIT seed="6,1,0,0,5,128" ten="189,177,289,345" oya="2" hai0="20,92,120,3,35,25,39,126,117,38,86,134,26" hai1="74,68,22,60,8,87,11,106,29,81,54,132,88" hai2="133,80,56,135,45,127,7,119,5,46,30,103,58" hai3="36,65,98,123,82,71,113,32,50,18,19,49,108"/><V55/><F119/><W66/><G123/><T78/><D120/><U70/><E106/><V84/><F30/><W114/><G108/><T96/><D3/><U23/><E74/><V42/><F103/><W16/><G36/><T24/><D35/><U100/><E100/><V77/><F127/><W129/><G129/><T14/><D126/><U44/><E70/><V115/><F115/><N who="3" m="44043" /><G32/><T40/><D40/><U73/><E73/><V51/><F58/><W31/><G31/><T130/><D130/><U34/><E34/><V109/><F109/><W15/><G15/><T101/><D38/><U107/><E107/><V10/><F46/><W6/><G6/><T27/><D39/><U12/><E132/><N who="2" m="50763" /><F10/><W90/><G71/><T104/><D117/><U97/><E8/><V91/><F77/><W95/><G82/><N who="0" m="47447" /><D104/><U131/><E131/><V105/><F105/><W110/><G110/><T111/><D111/><U67/><E29/><V99/><F99/><W41/><G41/><T13/><D134/><U47/><E97/><V48/><AGARI ba="1,0" hai="5,7,42,45,48,51,55,56,80,84,91" m="50763" machi="48" ten="30,11700,0" yaku="20,1,52,3" doraHai="128" who="2" fromWho="2" sc="189,-40,177,-40,289,120,345,-40" /><INIT seed="6,2,0,0,1,53" ten="149,137,409,305" oya="2" hai0="83,129,55,38,27,125,82,128,122,2,6,94,95" hai1="69,48,93,64,58,37,79,63,17,98,111,29,3" hai2="11,123,121,46,25,78,131,91,54,124,8,135,19" hai3="130,42,49,32,86,9,88,15,30,92,14,96,109"/><V114/><F78/><W81/><G109/><T61/><D38/><U108/><E3/><V5/><F124/><W39/><G39/><T133/><D122/><U41/><E79/><V35/><F114/><W85/><G130/><N who="0" m="50283" /><D133/><U23/><E29/><V106/><F106/><W66/><G66/><T99/><D2/><U116/><E116/><V62/><F131/><W65/><G65/><T97/><D6/><U132/><E132/><V12/><F135/><W67/><G67/><T126/><D27/><U21/><E21/><V103/><F103/><W120/><G120/><T51/><D61/><U45/><E69/><V50/><F62/><W134/><G134/><T20/><D20/><U112/><E37/><V101/><F101/><W59/><G30/><T60/><D60/><U115/><E108/><V22/><F35/><W100/><G32/><T70/><D70/><U76/><E76/><V10/><F121/><W47/><G86/><T87/><D87/><U72/><E72/><V75/><F75/><W77/><G77/><T40/><D99/><U68/><E68/><V0/><F123/><W84/><G84/><T28/><D97/><U31/><E111/><V1/><F1/><W118/><G118/><T80/><D126/><U127/><E127/><V90/><F10/><W56/><G14/><T117/><D117/><U107/><E107/><V13/><F0/><W119/><G119/><T18/><D125/><U7/><E7/><AGARI ba="2,0" hai="5,7,8,11,12,13,19,22,25,46,50,54,90,91" machi="7" ten="30,5800,0" yaku="7,1,9,1,8,1" doraHai="53" who="2" fromWho="1" sc="149,0,137,-64,409,64,305,0" /><AGARI ba="2,0" hai="7,9,15,42,47,49,56,59,81,85,88,92,96,100" machi="7" ten="30,8000,1" yaku="7,1,8,1,52,2,54,1" doraHai="53" who="3" fromWho="1" sc="149,0,73,-80,473,0,305,80" owari="149,-25.0,-7,-51.0,473,57.0,385,19.0" /></mjloggm>