<mjloggm ver="2.3"><GO type="169" lobby="0"/><UN n0="%E3%82%A6%E3%83%AB%E3%83%88%E3%83%A9%E7%AB%8B%E7%9B%B4" n1="%73%75%7A%75%6D%65%E3%81%AE%E6%B6%99" n2="%E3%83%A1%E3%82%A4%E3%82%A2%E3%82%AF%E3%83%88" n3="%E6%B0%B4%E5%93%89%E3%81%AE%E3%83%AC%E3%82%B8%E3%82%A7%E3%83%B3%E3%83%89" dan="17,16,16,16" rate="2230.99,2110.88,2085.55,2138.97" sx="M,M,M,M"/><TAIKYOKU oya="0"/><INIT seed="0,0,0,4,0,88" ten="250,250,250,250" oya="0" hai0="73,65,15,87,5,127,72,66,0,86,77,83,92" hai1="125,17,51,55,47,70,102,39,27,12,40,67,100" hai2="4,130,14,133,25,33,85,3,60,59,30,109,113" hai3="75,28,69,9,21,26,110,117,111,53,19,119,1"/><T74/><D0/><U132/><E125/><V45/><F113/><W108/><G69/><T124/><D5/><U135/><E27/><V126/><F126/><N who="0" m="48170" /><D15/><U121/><E121/><V131/><F109/><W44/><G75/><N who="0" m="28747" /><D65/><U123/><E123/><V64/><F133/><N who="1" m="51273" /><E67/><V82/><F3/><W114/><G114/><T20/><D66/><U78/><E78/><V84/><F82/><W50/><REACH who="3" step="1"/><G19/><REACH who="3" ten="250,250,250,240" step="2"/><T81/><D74/><U106/><E70/><V57/><F131/><W128/><G128/><T37/><D37/><U95/><E39/><V105/><F130/><W91/><G91/><N who="0" m="53375" /><D20/><U36/><E36/><V94/><F33/><W116/><G116/><T52/><D83/><U115/><E115/><V43/><F4/><AGARI ba="0,1" hai="1,4,9,21,26,28,44,50,53,108,110,111,117,119" machi="4" ten="40,2600,0" yaku="1,1,14,1,53,0" doraHai="88" doraHaiUra="80" who="3" fromWho="2" sc="250,0,250,0,250,-26,240,36" /><INIT seed="1,0,0,4,5,79" ten="250,250,224,276" oya="1" hai0="68,116,36,58,47,72,23,13,12,110,109,108,41" hai1="4,67,95,59,115,38,114,51,19,37,30,93,26" hai2="32,17,83,74,121,25,61,50,84,104,92,103,102" hai3="20,90,8,66,82,128,55,56,21,48,87,94,65"/><U135/><E135/><V117/><F74/><W24/><G128/><T33/><D33/><U77/><E4/><V96/><F121/><W131/><G131/><T10/><D68/><U2/><E2/><V14/><F117/><W106/><G106/><T130/><D116/><U44/><E19/><V126/><F126/><W88/><G8/><T34/><D34/><U75/><E59/><V129/><F129/><W16/><REACH who="3" step="1"/><G21/><REACH who="3" ten="250,250,224,266" step="2"/><T62/><D130/><U91/><E115/><V52/><F104/><W63/><G63/><T78/><D23/><U40/><E114/><V43/><F32/><W86/><AGARI ba="0,1" hai="16,20,24,48,55,56,65,66,82,86,87,88,90,94" machi="86" ten="20,12000,2" yaku="1,1,0,1,7,1,8,1,52,1,54,2,53,0" doraHai="79" doraHaiUra="97" who="3" fromWho="3" sc="250,-30,250,-60,224,-30,266,130" /><INIT seed="2,0,0,3,4,116" ten="220,190,194,396" oya="2" hai0="95,45,81,56,66,1,39,123,12,98,46,22,73" hai1="92,25,37,16,68,3,8,43,125,76,24,84,74" hai2="103,107,0,33,71,126,40,87,78,63,101,99,18" hai3="118,9,35,6,132,13,59,115,129,88,104,60,20"/><V70/><F0/><W52/><G104/><T106/><D106/><U14/><E125/><V86/><F33/><W10/><G35/><T50/><D1/><U11/><E68/><V117/><F126/><W17/><G118/><T48/><D39/><U105/><E105/><V49/><F117/><W83/><G129/><T44/><D123/><U113/><E84/><V130/><F18/><W64/><G132/><T62/><D73/><U111/><E111/><V5/><F5/><W26/><G115/><T90/><D81/><U121/><E92/><V120/><F49/><W77/><G10/><T41/><D50/><U29/><E29/><V36/><F107/><W28/><G88/><T67/><D67/><U128/><E121/><V42/><F99/><W127/><G127/><T79/><D79/><U4/><E128/><V114/><F114/><W94/><G94/><T108/><D108/><U57/><E57/><V96/><F96/><W100/><G100/><T47/><D47/><U27/><E27/><V109/><F109/><W54/><REACH who="3" step="1"/><G6/><REACH who="3" ten="220,190,194,386" step="2"/><T89/><D89/><U34/><E34/><V97/><F130/><W85/><AGARI ba="0,1" hai="9,13,17,20,26,28,52,54,59,60,64,77,83,85" machi="85" ten="20,12000,2" yaku="1,1,2,1,0,1,7,1,8,1,54,1,53,1" doraHai="116" doraHaiUra="82" who="3" fromWho="3" sc="220,-30,190,-30,194,-60,386,130" /><INIT seed="3,0,0,1,3,77" ten="190,160,134,516" oya="3" hai0="101,36,48,76,74,44,123,81,122,87,67,4,26" hai1="20,23,115,106,0,17,93,73,94,88,71,62,35" hai2="68,86,11,5,121,59,43,100,126,41,107,46,21" hai3="116,29,22,69,61,65,130,33,79,125,99,7,127"/><W38/><G116/><T118/><D118/><U113/><E106/><V131/><F68/><W111/><G33/><T58/><D36/><U133/><E73/><V129/><F126/><W95/><G38/><T47/><D47/><U14/><E0/><V25/><F121/><W104/><G104/><T97/><D4/><U83/><E133/><V80/><F59/><W31/><G130/><T85/><D26/><U108/><E108/><V75/><F75/><W50/><G7/><T105/><D67/><U91/><E35/><V52/><F100/><W15/><G111/><T45/><D58/><U72/><E62/><V134/><F107/><W54/><G79/><T39/><D45/><U112/><E71/><V1/><F134/><W70/><G70/><T24/><D24/><U27/><E72/><V3/><F3/><W132/><G15/><T57/><D57/><U12/><E83/><V18/><F52/><W124/><G22/><T128/><D39/><U109/><E109/><V53/><F53/><W55/><G132/><T64/><D64/><U66/><E66/><V2/><F2/><W19/><G19/><T135/><D135/><U32/><E32/><V78/><F46/><N who="3" m="27991" /><G55/><N who="0" m="30087" /><D128/><AGARI ba="0,0" hai="1,5,11,18,21,25,41,43,78,80,86,128,129,131" machi="128" ten="40,2600,0" yaku="19,1,52,1" doraHai="77" who="2" fromWho="0" sc="190,-26,160,0,134,26,516,0" /><INIT seed="4,0,0,0,5,112" ten="164,160,160,516" oya="0" hai0="54,35,74,114,32,77,48,9,135,23,115,126,127" hai1="80,125,120,44,65,38,4,75,31,95,15,116,83" hai2="2,63,8,79,82,41,87,97,104,109,36,124,105" hai3="134,7,123,128,3,88,119,111,110,39,72,13,61"/><T62/><D74/><U113/><E120/><V27/><F109/><W26/><G88/><T71/><D77/><U69/><E31/><V60/><F124/><N who="0" m="47658" /><D23/><U33/><E33/><N who="0" m="12873" /><D135/><U131/><E69/><V45/><F27/><W96/><G72/><T20/><D20/><U12/><E65/><V11/><F11/><W30/><G134/><T14/><D62/><U0/><E95/><V121/><F121/><W22/><G61/><T76/><D76/><U56/><E56/><V106/><F97/><W46/><G22/><T51/><D71/><U102/><E125/><V5/><AGARI ba="0,0" hai="2,5,8,36,41,45,60,63,79,82,87,104,105,106" machi="5" ten="40,1500,0" yaku="0,1" doraHai="112" who="2" fromWho="2" sc="164,-7,160,-4,160,15,516,-4" /><INIT seed="5,0,0,5,5,102" ten="157,156,175,512" oya="1" hai0="134,10,93,128,38,68,53,37,62,27,47,74,15" hai1="42,51,25,119,54,32,26,30,73,112,82,70,115" hai2="46,33,35,113,45,43,89,3,85,52,98,107,19" hai3="63,8,56,78,20,65,83,116,132,7,64,106,135"/><U49/><E119/><V121/><F3/><W101/><G116/><T57/><D74/><U18/><E70/><V76/><F76/><W81/><G20/><T95/><D68/><U118/><E118/><V23/><F121/><W114/><G114/><N who="1" m="43562" /><E42/><V44/><F113/><W55/><G106/><T103/><D128/><U122/><E122/><V16/><F107/><W29/><G101/><T5/><D134/><N who="3" m="51241" /><G29/><T108/><D108/><U48/><E18/><V21/><F98/><W111/><G111/><T133/><D133/><U17/><E17/><V94/><F43/><W24/><G24/><T91/><D27/><N who="1" m="18527" /><E54/><V66/><F66/><N who="3" m="25707" /><G78/><AGARI ba="0,0" hai="25,26,48,49,51,73,78,82" m="18527,43562" machi="78" ten="30,1500,0" yaku="15,1" doraHai="102" who="1" fromWho="3" sc="157,0,156,15,175,0,512,-15" /><INIT seed="5,1,0,1,1,38" ten="157,171,175,497" oya="1" hai0="34,46,18,15,94,33,28,106,114,110,97,103,92" hai1="99,108,59,124,80,19,50,132,120,36,98,87,9" hai2="61,0,41,74,64,35,16,96,29,60,105,72,39" hai3="62,95,23,37,86,43,10,47,52,111,65,24,131"/><U119/><E120/><V21/><F0/><W100/><G111/><T123/><D110/><U83/><E119/><V53/><F61/><W121/><G121/><T76/><D123/><U20/><E36/><V7/><F7/><W66/><G131/><T126/><D114/><U71/><E71/><V93/><F105/><W117/><G117/><T89/><D126/><U32/><E32/><V91/><F29/><W63/><G10/><T116/><D116/><U128/><E9/><V11/><F11/><W127/><G127/><T13/><D76/><U81/><E124/><V79/><F35/><W115/><G115/><T57/><D106/><U135/><E108/><V112/><F79/><W26/><G52/><T17/><D57/><U51/><E87/><V118/><F118/><W3/><G3/><T134/><D134/><N who="1" m="51243" /><E128/><V107/><F107/><W5/><G5/><T56/><D34/><U6/><E6/><V84/><F84/><W68/><G23/><T90/><D33/><U55/><E51/><V58/><F64/><W130/><G130/><T101/><D97/><U125/><E125/><V45/><F112/><W78/><G78/><T75/><D75/><U8/><E8/><V30/><F30/><W25/><G86/><T104/><D28/><U102/><E102/><V129/><F129/><W67/><G68/><T42/><D103/><U73/><E73/><V14/><AGARI ba="1,0" hai="14,16,21,39,41,45,53,58,60,72,74,91,93,96" machi="14" ten="20,5200,0" yaku="0,1,7,1,52,1,54,1" doraHai="38" who="2" fromWho="2" sc="157,-14,171,-27,175,55,497,-14" /><INIT seed="6,0,0,4,5,109" ten="143,144,230,483" oya="2" hai0="51,33,47,130,9,112,42,36,71,85,43,4,2" hai1="20,26,107,108,50,46,117,72,76,88,48,19,79" hai2="7,17,45,124,32,129,13,60,59,127,0,41,89" hai3="121,56,24,116,86,49,6,44,77,16,101,66,74"/><V98/><F32/><W31/><G74/><T5/><D33/><U92/><E108/><V35/><F35/><W68/><G68/><T38/><D71/><U125/><E107/><V67/><F129/><W131/><G6/><T84/><D130/><U119/><E125/><V54/><F0/><W96/><G31/><T29/><D29/><U132/><E132/><V91/><F7/><W87/><G131/><T111/><D111/><U115/><E115/><V75/><F75/><W97/><G121/><T61/><D112/><U18/><E50/><V30/><F30/><W106/><G96/><T65/><D5/><U52/><E19/><V114/><F114/><W122/><G77/><T100/><D100/><U64/><E64/><V40/><F40/><W82/><G82/><T22/><D22/><U118/><REACH who="1" step="1"/><E72/><REACH who="1" ten="143,134,230,483" step="2"/><V123/><F127/><W134/><G66/><T11/><D11/><U15/><E15/><V27/><F13/><W23/><G134/><T99/><D99/><AGARI ba="0,1" hai="18,20,26,46,48,52,76,79,88,92,99,117,118,119" machi="99" ten="40,5200,0" yaku="1,1,54,2,53,0" doraHai="109" doraHaiUra="57" who="1" fromWho="0" sc="143,-52,134,62,230,0,483,0" /><INIT seed="7,0,0,4,4,75" ten="91,196,230,483" oya="3" hai0="21,90,69,73,55,121,62,133,96,3,126,12,58" hai1="116,98,70,44,71,114,78,74,57,33,130,47,63" hai2="54,1,16,97,31,93,15,105,122,125,50,22,48" hai3="111,101,19,135,45,104,129,41,39,118,35,40,6"/><W34/><G118/><T24/><D3/><U17/><E114/><V99/><F1/><W18/><G6/><T38/><D38/><U52/><E33/><V13/><F125/><W30/><G30/><T68/><D121/><U28/><E28/><V82/><F105/><W37/><G101/><T113/><D126/><U0/><E0/><V88/><F31/><W56/><G56/><T64/><D113/><U81/><E17/><V124/><F122/><W51/><G51/><T80/><D133/><U109/><E109/><V110/><F110/><W5/><G5/><T128/><D128/><U131/><E98/><V106/><F82/><W132/><G111/><T72/><D12/><U89/><E89/><V79/><F79/><W36/><G36/><T84/><D64/><U26/><E26/><V4/><F124/><W53/><G53/><T14/><D14/><U108/><E108/><V107/><F50/><W87/><G87/><T103/><D72/><U119/><E44/><N who="2" m="27911" /><F107/><W76/><G104/><T102/><D73/><U2/><E47/><V11/><F106/><W32/><G45/><T20/><D20/><U60/><E2/><V83/><F83/><W9/><G34/><T77/><D69/><N who="1" m="26123" /><E63/><V92/><F92/><W117/><G35/><T115/><D68/><U65/><E65/><V127/><F127/><W29/><G32/><T112/><D112/><U95/><E95/><V120/><F120/><W23/><G135/><T42/><D115/><U100/><E100/><V134/><F134/><W43/><G132/><T7/><D103/><U94/><E94/><V91/><F93/><RYUUKYOKU ba="0,0" sc="91,-15,196,15,230,15,483,-15" hai1="52,57,60,74,78,81,116,119,130,131" hai2="4,11,13,15,16,22,88,91,97,99" owari="76,-42.0,211,-19.0,245,5.0,468,56.0" /></mjloggm>