<mjloggm ver="2.3"><GO type="169" lobby="0"/><UN n0="%6E%65%6F%40%75%6E%69" n1="%E3%83%88%E3%83%88%E3%83%AA%E5%85%88%E7%94%9F%31%39%E6%AD%B3" n2="%4F%4E%41%4B%41%4E" n3="%E3%83%97%E3%83%AD%E3%82%AD%E3%82%B7%E3%83%BC" dan="19,19,17,16" rate="2264.20,2281.14,2158.54,2143.54" sx="M,F,M,M"/><TAIKYOKU oya="0"/><INIT seed="0,0,0,1,2,67" ten="250,250,250,250" oya="0" hai0="3,17,22,18,61,58,98,0,46,113,57,120,64" hai1="78,55,100,50,13,81,4,7,110,11,44,82,27" hai2="42,51,121,86,85,91,131,23,68,135,52,87,35" hai3="8,80,12,63,103,9,20,133,99,14,21,19,134"/><T94/><D120/><U88/><E110/><V36/><F35/><W5/><G80/><T62/><D46/><U122/><E122/><V15/><F121/><W83/><G83/><T77/><D77/><U54/><E100/><V128/><F135/><N who="3" m="51723" /><G63/><T79/><D79/><U70/><E70/><V101/><F101/><W49/><G49/><T119/><D17/><U41/><E7/><V90/><F36/><W75/><G75/><T109/><D113/><U89/><E27/><V66/><F42/><W93/><AGARI ba="0,0" hai="5,8,9,12,14,19,20,21,93,99,103" m="51723" machi="93" ten="30,1100,0" yaku="20,1" doraHai="67" who="3" fromWho="3" sc="250,-5,250,-3,250,-3,250,11" /><INIT seed="1,0,0,4,0,11" ten="245,247,247,261" oya="1" hai0="82,50,86,16,60,37,62,89,33,20,104,129,39" hai1="63,66,87,40,78,0,120,53,52,109,71,97,96" hai2="128,73,59,79,110,95,58,4,85,91,100,105,80" hai3="17,44,130,93,41,35,8,132,101,106,18,84,13"/><U24/><E120/><V98/><F110/><W111/><G111/><T48/><D33/><U114/><E109/><V92/><F128/><W112/><G112/><T99/><D129/><U49/><E0/><V118/><F118/><W121/><G121/><T55/><D48/><U31/><E114/><V25/><F92/><W65/><G35/><T119/><D119/><U45/><E78/><V9/><REACH who="2" step="1"/><F25/><REACH who="2" ten="245,247,237,261" step="2"/><W72/><G93/><N who="0" m="56751" /><D104/><U124/><E124/><V94/><F94/><W122/><G106/><T69/><D69/><U76/><E97/><V61/><F61/><W22/><G130/><T116/><D116/><U23/><REACH who="1" step="1"/><E96/><REACH who="1" ten="245,237,237,261" step="2"/><V46/><F46/><W127/><G122/><T10/><D62/><U81/><AGARI ba="0,2" hai="23,24,31,40,45,49,52,53,63,66,71,76,81,87" machi="81" ten="30,11700,0" yaku="1,1,2,1,0,1,54,1,53,0" doraHai="11" doraHaiUra="117" who="1" fromWho="1" sc="245,-39,237,137,237,-39,261,-39" /><INIT seed="1,1,0,2,4,127" ten="206,374,198,222" oya="1" hai0="20,55,5,77,81,87,126,35,74,130,128,119,1" hai1="120,30,86,45,113,131,133,125,112,60,18,117,123" hai2="26,42,76,51,27,54,90,121,63,64,15,89,10" hai3="13,33,4,124,98,72,103,47,12,83,84,49,31"/><U9/><E86/><V28/><F121/><N who="1" m="46665" /><E45/><V69/><F42/><W14/><G72/><T93/><D35/><U88/><E60/><V135/><F135/><W52/><G124/><T95/><D126/><U85/><E85/><V100/><F76/><W46/><G33/><T23/><D119/><U134/><E88/><V50/><F100/><W108/><G31/><T53/><D5/><U105/><E105/><V115/><F115/><N who="1" m="44105" /><E125/><V43/><F43/><W65/><G65/><T79/><D87/><U97/><E97/><V3/><F3/><W6/><G47/><T102/><D1/><U106/><E106/><V78/><F78/><W67/><G67/><T70/><D81/><U114/><E114/><V37/><F37/><W0/><G0/><T122/><D122/><U118/><E30/><V22/><F50/><W32/><G84/><T99/><D99/><U19/><E9/><V61/><F61/><W107/><G83/><T17/><D102/><U104/><E104/><V48/><F48/><W39/><G39/><T38/><D38/><U109/><E109/><V96/><F96/><W66/><G108/><T44/><D44/><U16/><E131/><V36/><F36/><W94/><G107/><T73/><D70/><U132/><AGARI ba="1,0" hai="16,18,19,117,118,132,133,134" m="44105,46665" machi="132" ten="50,18000,2" yaku="28,2,20,1,34,2,54,1" doraHai="127" who="1" fromWho="1" sc="206,-61,374,183,198,-61,222,-61" /><INIT seed="1,2,0,4,3,71" ten="145,557,137,161" oya="1" hai0="57,130,54,134,118,78,50,30,6,47,83,1,99" hai1="116,122,61,2,115,63,28,27,56,120,44,49,101" hai2="13,9,4,38,110,52,121,95,17,31,48,58,41" hai3="10,43,25,12,96,37,124,69,35,39,117,45,129"/><U42/><E115/><V32/><F121/><W46/><G69/><T119/><D130/><U18/><E116/><V125/><F110/><W87/><G129/><T105/><D134/><U77/><E2/><V36/><F125/><W60/><G124/><T24/><D6/><U80/><E18/><V53/><F41/><W103/><G117/><T112/><D1/><U19/><E19/><V14/><F95/><W51/><G60/><T93/><D57/><U104/><E63/><V33/><F53/><W107/><G87/><T131/><D105/><U111/><E111/><V64/><F64/><W5/><REACH who="3" step="1"/><G46/><REACH who="3" ten="145,557,137,151" step="2"/><T11/><D131/><U88/><E61/><V26/><REACH who="2" step="1"/><F33/><REACH who="2" ten="145,557,127,151" step="2"/><W22/><G22/><AGARI ba="2,2" hai="4,9,13,14,17,22,26,31,32,36,38,48,52,58" machi="22" ten="30,12000,2" yaku="1,1,2,1,7,1,52,2,54,1,53,1" doraHai="71" doraHaiUra="16" who="2" fromWho="3" sc="145,0,557,0,127,146,151,-126" /><INIT seed="2,0,0,1,4,56" ten="145,557,273,25" oya="2" hai0="19,64,100,6,32,97,84,108,63,121,12,59,85" hai1="125,39,62,73,90,57,78,98,109,87,0,128,132" hai2="75,24,20,10,111,79,66,120,95,40,18,44,110" hai3="107,31,42,65,99,86,4,113,106,68,126,36,83"/><V82/><F120/><W116/><G116/><T133/><D32/><U1/><E39/><V93/><F66/><W37/><G126/><T16/><D108/><N who="2" m="41514" /><F10/><W112/><G4/><T91/><D133/><U35/><E125/><V89/><F89/><W43/><G31/><T30/><D30/><U7/><E90/><V50/><AGARI ba="0,0" hai="18,20,24,40,44,50,75,79,82,93,95" m="41514" machi="50" ten="30,3000,0" yaku="14,1,10,1" doraHai="56" who="2" fromWho="2" sc="145,-10,557,-10,273,30,25,-10" /><INIT seed="2,1,0,4,3,41" ten="135,547,303,15" oya="2" hai0="121,117,58,53,27,22,96,23,30,95,132,102,89" hai1="20,36,6,42,76,21,67,51,82,105,46,113,130" hai2="12,72,11,74,3,133,18,28,33,85,70,38,59" hai3="112,83,84,109,115,57,64,71,131,103,124,80,116"/><V40/><F70/><W110/><G71/><T101/><D132/><U50/><E105/><V107/><F107/><W93/><G57/><T134/><D134/><U126/><E113/><N who="3" m="43594" /><G64/><T104/><D121/><U129/><E67/><V79/><F133/><W13/><G13/><T88/><D117/><U78/><E78/><V119/><F119/><W61/><G61/><T99/><D22/><N who="1" m="8811" /><E6/><V35/><F3/><W97/><G116/><T47/><D47/><U94/><E94/><V32/><F28/><W125/><G131/><N who="1" m="50186" /><E126/><N who="3" m="48746" /><G80/><T39/><D39/><U127/><E127/><V98/><F59/><W52/><G52/><T7/><D7/><U92/><E92/><V54/><F54/><W90/><AGARI ba="1,0" hai="83,84,90,93,97,103,109,110" m="48746,43594" machi="90" ten="40,8000,1" yaku="11,1,18,1,34,2" doraHai="41" who="3" fromWho="3" sc="135,-21,547,-21,303,-41,15,83" /><INIT seed="3,0,0,4,3,39" ten="114,526,262,98" oya="3" hai0="24,34,8,17,120,87,2,124,47,81,53,104,70" hai1="71,51,13,95,134,94,72,5,55,68,76,100,65" hai2="12,132,67,114,80,123,14,21,16,101,103,49,27" hai3="10,20,119,73,96,85,54,107,46,105,31,26,122"/><W127/><G122/><T48/><D124/><U50/><E134/><V59/><F123/><W44/><G73/><T29/><D104/><U92/><E100/><N who="2" m="38475" /><F114/><W7/><G119/><T61/><D120/><U91/><E65/><V135/><F80/><W45/><G127/><T38/><D38/><U128/><E128/><V22/><F22/><W9/><G96/><T0/><D61/><U77/><E91/><V97/><F97/><W88/><G54/><T40/><D70/><U19/><E5/><V60/><F49/><W118/><G118/><T112/><D112/><U25/><E25/><V133/><AGARI ba="0,0" hai="12,14,16,21,27,59,60,67,132,133,135" m="38475" machi="133" ten="40,2700,0" yaku="20,1,54,1" doraHai="39" who="2" fromWho="2" sc="114,-7,526,-7,262,27,98,-13" /><INIT seed="4,0,0,1,3,52" ten="107,519,289,85" oya="0" hai0="128,108,36,91,97,39,2,80,51,94,100,48,55" hai1="78,17,7,95,67,28,83,103,89,104,117,70,135" hai2="133,119,99,112,4,25,74,40,1,54,130,6,45" hai3="60,41,98,110,56,90,46,8,115,127,118,49,42"/><T88/><D2/><U34/><E117/><V33/><F74/><W126/><G118/><T121/><D121/><U84/><E135/><V13/><F1/><W62/><G8/><T63/><D128/><U16/><E7/><V106/><F133/><W32/><G32/><T123/><D123/><U35/><E67/><V69/><F69/><W131/><G115/><T87/><D108/><U27/><E70/><V57/><F119/><W47/><G98/><T134/><D134/><U18/><E35/><V107/><F112/><W76/><G90/><T43/><D43/><N who="3" m="16393" /><G76/><T79/><D36/><U77/><E77/><V86/><F86/><W65/><G131/><T11/><D11/><U23/><E34/><V50/><F130/><W124/><G110/><T12/><D12/><U3/><E3/><V37/><F13/><W75/><G75/><T92/><D39/><U125/><E125/><V85/><F85/><W96/><G96/><N who="0" m="57351" /><D79/><U81/><E78/><V132/><F132/><W116/><G116/><T82/><D80/><N who="1" m="49287" /><E104/><V129/><F129/><W68/><G49/><T71/><D71/><U10/><E10/><V114/><F114/><W105/><G105/><T29/><D29/><U73/><E73/><V113/><F113/><W111/><G111/><T21/><D21/><U64/><E83/><V24/><F107/><W9/><G9/><T19/><D19/><U61/><E81/><V109/><F109/><W0/><G0/><T53/><D63/><U5/><E28/><N who="2" m="19591" /><F25/><W31/><G31/><T120/><D120/><U101/><E27/><V72/><F72/><W93/><G93/><RYUUKYOKU ba="0,0" sc="107,10,519,-30,289,10,85,10" hai0="48,51,53,55,82,87,91,94,97,100" hai2="4,6,37,40,45,50,54,57,99,106" hai3="46,47,56,60,62,65,68,124,126,127" /><INIT seed="4,1,0,0,3,10" ten="117,489,299,95" oya="0" hai0="47,66,121,28,112,63,91,42,31,67,101,39,86" hai1="40,73,83,105,57,107,85,58,64,7,70,87,18" hai2="60,2,59,114,32,14,117,127,93,80,132,62,35" hai3="20,71,46,89,15,30,19,54,74,0,131,103,56"/><T113/><D101/><U29/><E73/><V37/><F2/><W76/><G71/><T82/><D121/><U98/><E29/><V1/><F1/><W118/><G118/><T52/><D52/><U22/><E7/><V123/><F37/><W24/><G0/><T21/><D66/><U125/><E125/><V96/><F123/><W135/><G103/><T36/><D36/><U128/><E128/><V5/><F127/><W4/><G131/><T45/><D45/><U110/><E110/><V33/><F114/><N who="0" m="44138" /><D21/><U81/><E40/><V65/><F117/><W134/><G46/><T126/><D126/><U3/><E64/><V34/><F34/><W75/><G76/><T120/><D120/><U97/><E22/><V88/><F62/><W17/><G89/><T84/><D84/><U55/><E55/><V9/><REACH who="2" step="1"/><F80/><REACH who="2" ten="117,489,289,95" step="2"/><W44/><G135/><AGARI ba="1,1" hai="5,9,14,32,33,35,59,60,65,88,93,96,132,135" machi="135" ten="50,8000,1" yaku="1,1,2,1,52,1,54,1,53,0" doraHai="10" doraHaiUra="104" who="2" fromWho="3" sc="117,0,489,0,289,93,95,-83" /><INIT seed="5,0,0,3,1,36" ten="117,489,382,12" oya="1" hai0="3,64,81,4,22,95,100,21,85,109,5,60,134" hai1="80,97,78,115,117,82,73,33,9,38,119,108,111" hai2="131,8,75,62,74,102,30,32,51,28,104,15,106" hai3="110,42,37,120,113,2,121,54,118,10,45,57,16"/><U126/><E33/><V29/><F32/><W103/><G110/><N who="1" m="42026" /><E9/><V27/><F27/><W66/><G103/><T24/><D134/><U70/><E70/><V116/><F116/><W40/><G118/><T49/><D49/><U0/><E0/><V6/><F131/><W128/><G128/><T34/><D34/><U56/><E56/><V125/><F125/><W101/><G101/><T39/><D39/><U18/><E18/><V17/><F62/><N who="3" m="38223" /><G16/><N who="0" m="12327" /><D22/><U96/><E115/><V129/><F129/><W68/><G10/><T25/><D25/><U48/><E48/><V11/><F102/><W133/><G2/><T98/><D3/><U92/><E38/><V46/><F106/><W35/><G35/><T83/><D109/><U124/><E96/><V47/><F104/><W67/><G133/><T84/><D60/><U63/><E63/><V79/><F46/><N who="3" m="23823" /><G113/><T114/><D64/><U90/><E82/><N who="0" m="31241" /><D114/><U53/><E119/><V14/><REACH who="2" step="1"/><F79/><REACH who="2" ten="117,489,372,12" step="2"/><W94/><G45/><T50/><D50/><U26/><E26/><V93/><F93/><W135/><G94/><T41/><D95/><U76/><E117/><V55/><AGARI ba="0,1" hai="6,8,11,14,15,17,28,29,30,47,51,55,74,75" machi="55" ten="30,2000,0" yaku="1,1,0,1,53,0" doraHai="36" doraHaiUra="61" who="2" fromWho="2" sc="117,-5,489,-10,372,30,12,-5" /><INIT seed="6,0,0,2,4,77" ten="112,479,402,7" oya="2" hai0="76,123,118,108,34,26,38,50,101,47,64,70,113" hai1="8,120,37,40,2,10,92,111,11,28,96,29,75" hai2="105,81,79,95,3,52,15,134,33,42,109,36,32" hai3="1,55,12,31,24,57,53,114,22,100,59,41,23"/><V20/><F3/><W45/><G1/><T74/><D50/><U131/><E111/><V94/><F105/><W129/><G129/><T16/><D16/><U49/><E2/><V121/><F121/><W73/><G73/><T69/><D101/><U25/><E75/><V27/><F109/><W39/><G114/><T98/><D98/><U68/><E68/><V48/><F15/><W4/><G100/><T44/><D113/><U84/><E37/><V18/><F134/><W60/><G4/><T90/><D90/><N who="1" m="55319" /><E131/><V97/><F42/><W80/><G12/><T115/><D38/><U104/><E104/><V117/><F117/><W6/><G6/><T85/><D26/><U130/><E130/><V66/><F66/><W5/><G5/><T14/><D14/><U13/><E120/><V65/><F65/><W133/><G133/><T128/><D64/><U91/><E25/><V125/><F36/><W112/><G112/><T67/><D67/><U116/><E116/><V61/><F61/><W103/><G103/><T46/><D118/><U99/><E99/><V110/><F110/><W62/><G80/><T9/><D108/><U58/><E13/><V126/><F32/><AGARI ba="0,0" hai="22,23,24,31,32,39,41,45,53,55,57,59,60,62" machi="32" ten="30,2000,0" yaku="7,1,9,1" doraHai="77" who="3" fromWho="2" sc="112,0,479,0,402,-20,7,20" /><INIT seed="7,0,0,1,0,90" ten="112,479,382,27" oya="3" hai0="106,131,102,3,121,44,71,74,51,82,35,124,11" hai1="135,64,33,42,53,36,115,128,20,65,38,91,83" hai2="87,76,12,67,88,47,25,89,45,72,32,34,15" hai3="84,17,27,113,118,28,62,55,77,75,61,31,127"/><W5/><G118/><T100/><D121/><U46/><E33/><V69/><F72/><W0/><G75/><T59/><D71/><U26/><E38/><V110/><F110/><W24/><G113/><T58/><D106/><U73/><E115/><V13/><F76/><W132/><G132/><T104/><D59/><U85/><E135/><V123/><F123/><W130/><G130/><T18/><D58/><U50/><E73/><V92/><F34/><W37/><G37/><T111/><D18/><U57/><E128/><V49/><F49/><W43/><G43/><T40/><D51/><U4/><E4/><V112/><F112/><W2/><G127/><T14/><D14/><U48/><E36/><V108/><F108/><W8/><G0/><T99/><D11/><U60/><E48/><V117/><F117/><W122/><G122/><T126/><D82/><U29/><AGARI ba="0,0" hai="20,26,29,42,46,50,53,57,60,64,65,83,85,91" machi="29" ten="20,2700,0" yaku="0,1,7,1,8,1" doraHai="90" who="1" fromWho="1" sc="112,-7,479,27,382,-7,27,-13" owari="105,-29.0,506,60.0,375,18.0,14,-49.0" /></mjloggm>