<mjloggm ver="2.3"><GO type="169" lobby="0"/><UN n0="%E3%83%81%E3%83%A5%E3%83%AB%E3%82%B9" n1="%E5%A4%A9%E9%BC%93" n2="%E6%B0%B7%E6%B2%B3%E9%A2%A8" n3="%E3%83%88%E3%83%88%E3%83%AA%E5%85%88%E7%94%9F%31%39%E6%AD%B3" dan="16,18,17,18" rate="2094.44,2203.16,2100.11,2268.78" sx="M,M,M,F"/><TAIKYOKU oya="0"/><INIT seed="0,0,0,2,0,19" ten="250,250,250,250" oya="0" hai0="54,77,107,22,52,12,44,81,91,36,89,134,38" hai1="85,113,125,97,118,109,112,31,110,74,67,129,13" hai2="120,103,104,29,61,3,10,23,27,20,0,84,73" hai3="131,59,123,115,11,93,105,128,80,111,37,70,65"/><T25/><D107/><U53/><E74/><V14/><F120/><W42/><G115/><N who="1" m="44106" /><E118/><V40/><F73/><W83/><G105/><T72/><D134/><U94/><E129/><N who="3" m="49738" /><G123/><T121/><D121/><U56/><E67/><V17/><F40/><W116/><G116/><T21/><D12/><U68/><E68/><V101/><F84/><W34/><G34/><T127/><D127/><U133/><E125/><V26/><F61/><N who="3" m="40239" /><G111/><N who="1" m="42506" /><E13/><V98/><REACH who="2" step="1"/><F103/><REACH who="2" ten="250,250,240,250" step="2"/><W57/><G42/><T33/><D72/><U50/><E85/><V100/><F100/><W132/><G132/><T71/><D38/><U135/><E31/><AGARI ba="0,1" hai="0,3,10,14,17,20,23,26,27,29,31,98,101,104" machi="31" ten="30,8000,1" yaku="1,1,7,1,9,1,52,2,53,0" doraHai="19" doraHaiUra="1" who="2" fromWho="1" sc="250,0,250,-80,240,90,250,0" /><INIT seed="1,0,0,2,5,48" ten="250,170,330,250" oya="1" hai0="122,135,107,32,51,10,55,123,93,14,78,62,125" hai1="99,63,20,66,71,84,1,120,129,69,8,26,11" hai2="121,133,53,44,112,23,18,131,3,77,115,33,35" hai3="34,118,98,42,13,86,19,97,94,65,16,90,124"/><U40/><E120/><N who="0" m="46121" /><D107/><U80/><E129/><V0/><F121/><W59/><G34/><N who="2" m="12809" /><F77/><W37/><G124/><T127/><D32/><U4/><E11/><V25/><F131/><W28/><G118/><T56/><D78/><U22/><E71/><V68/><F68/><W88/><G28/><T49/><D93/><U43/><E99/><V30/><F44/><W72/><G72/><T96/><D96/><U70/><E69/><V126/><F53/><W46/><G19/><N who="0" m="8663" /><D135/><U92/><E92/><V85/><F85/><W79/><G79/><T47/><D51/><U119/><E119/><V7/><F126/><W31/><G31/><T9/><D9/><U102/><E102/><V17/><F133/><W76/><G76/><T130/><D130/><U5/><E84/><V87/><F87/><W41/><G41/><AGARI ba="0,0" hai="41,47,49,55,56,62,125,127" m="8663,46121" machi="41" ten="30,2000,0" yaku="13,1,52,1" doraHai="48" who="0" fromWho="3" sc="250,20,170,0,330,0,250,-20" /><INIT seed="2,0,0,4,0,8" ten="270,170,330,230" oya="2" hai0="63,113,93,86,59,92,2,64,14,117,40,107,52" hai1="26,68,78,99,6,57,24,41,135,66,111,80,18" hai2="89,51,84,112,38,9,76,4,127,82,122,30,109" hai3="132,105,58,27,97,130,120,54,91,45,39,17,15"/><V110/><F122/><W69/><G120/><T47/><D2/><U25/><E68/><V115/><F38/><W48/><G69/><T62/><D107/><U13/><E111/><N who="2" m="42507" /><F127/><W3/><G3/><T37/><D113/><N who="2" m="43594" /><F30/><W95/><G130/><T114/><D114/><U125/><E125/><V29/><F29/><W83/><G132/><T35/><D35/><U100/><E41/><V23/><F23/><W72/><G105/><T53/><D117/><U129/><E6/><V22/><F22/><W19/><G27/><T77/><D53/><U79/><E129/><V10/><F51/><W88/><G19/><T46/><D46/><U85/><E135/><V128/><F128/><W42/><G72/><T102/><D102/><U5/><E5/><V123/><F123/><W106/><G106/><T75/><D75/><U43/><E43/><V16/><F16/><W118/><G118/><T81/><REACH who="0" step="1"/><D14/><REACH who="0" ten="260,170,330,230" step="2"/><U104/><E13/><V133/><F133/><W67/><G15/><T20/><D20/><U126/><E126/><V116/><F116/><W21/><G21/><T73/><D73/><U32/><E32/><V61/><F10/><W50/><G45/><T74/><D74/><U96/><E104/><V28/><F28/><W124/><G124/><T34/><D34/><U12/><E12/><N who="2" m="5159" /><F61/><W94/><G42/><T33/><D33/><U0/><E0/><V56/><F56/><AGARI ba="0,1" hai="37,40,47,52,56,59,62,63,64,77,81,86,92,93" machi="56" ten="30,8000,1" yaku="1,1,7,1,54,1,53,2" doraHai="8" doraHaiUra="90" who="0" fromWho="2" sc="260,90,170,0,330,-80,230,0" /><INIT seed="3,0,0,3,0,70" ten="350,170,250,230" oya="3" hai0="93,107,36,130,80,25,74,116,128,59,126,39,32" hai1="40,57,44,108,2,0,21,76,121,114,113,131,4" hai2="47,63,134,102,53,22,75,54,106,83,14,68,42" hai3="73,133,103,50,81,64,84,85,24,96,100,71,135"/><W18/><G73/><T49/><D107/><U12/><E121/><V67/><F134/><N who="3" m="51211" /><G50/><T95/><D116/><U120/><E120/><V77/><F106/><N who="3" m="63751" /><G103/><T52/><D126/><U94/><E131/><N who="0" m="50217" /><D32/><U28/><E108/><V6/><F102/><W92/><G92/><N who="0" m="35403" /><D25/><U72/><E94/><V3/><F14/><W123/><G123/><T20/><D20/><U5/><E12/><V91/><F22/><N who="3" m="13399" /><G81/><T60/><D49/><U89/><E72/><V29/><F29/><W61/><AGARI ba="0,0" hai="61,64,71,84,85" m="13399,63751,51211" machi="61" ten="30,1500,0" yaku="20,1" doraHai="70" who="3" fromWho="3" sc="350,-5,170,-5,250,-5,230,15" /><INIT seed="3,1,0,3,0,41" ten="345,165,245,245" oya="3" hai0="17,37,54,27,98,72,25,35,61,121,60,56,29" hai1="28,118,21,68,86,22,84,57,113,132,13,24,108" hai2="122,106,114,20,2,19,67,96,91,115,58,117,9" hai3="124,49,80,71,16,73,74,6,51,103,102,126,65"/><W83/><G6/><T135/><D121/><U40/><E68/><V1/><F117/><W75/><G71/><T110/><D110/><U42/><E113/><V23/><F122/><W92/><G65/><T0/><D0/><U133/><E108/><V36/><F36/><W130/><G130/><T32/><D72/><U76/><E118/><V99/><F23/><W10/><G10/><T31/><D17/><U78/><E57/><V134/><F134/><W15/><G15/><T53/><D135/><U50/><E50/><N who="3" m="18954" /><G92/><T109/><D109/><U85/><E133/><V3/><F9/><W82/><G16/><T123/><D123/><U116/><E116/><V63/><F106/><W26/><G26/><T4/><D4/><U66/><E66/><V89/><F114/><W88/><G88/><T43/><D98/><U52/><E132/><V127/><F115/><W12/><G12/><T105/><D105/><U8/><E78/><V48/><F96/><W39/><G39/><T95/><D95/><U111/><E76/><V119/><F99/><W100/><AGARI ba="1,0" hai="73,74,75,80,82,83,100,102,103,124,126" m="18954" machi="100" ten="50,12000,1" yaku="29,2,28,2" doraHai="41" who="3" fromWho="3" sc="345,-41,165,-41,245,-41,245,123" /><INIT seed="3,2,0,5,2,32" ten="304,124,204,368" oya="3" hai0="119,5,98,57,24,30,31,97,132,133,102,54,27" hai1="63,71,47,99,114,9,51,85,90,52,110,116,125" hai2="127,94,106,64,61,129,0,84,126,93,72,26,38" hai3="100,12,76,14,41,111,18,115,3,124,59,42,83"/><W95/><G115/><T34/><D5/><U17/><E114/><V60/><F72/><W43/><G3/><T19/><D19/><U103/><E110/><V8/><F106/><W82/><G124/><N who="2" m="47657" /><F38/><W92/><G111/><T53/><D119/><U101/><E125/><V15/><F129/><W104/><G104/><T130/><D130/><U36/><E116/><V118/><F118/><W81/><G76/><T28/><D28/><U123/><E123/><V23/><F0/><W58/><G100/><T117/><D117/><U13/><E36/><V29/><F84/><W109/><G109/><T4/><D4/><U6/><E99/><N who="0" m="37897" /><D102/><U68/><E6/><N who="2" m="3479" /><F61/><W89/><G14/><T2/><D2/><U39/><E39/><V88/><F88/><W16/><G18/><T69/><D69/><AGARI ba="2,0" hai="23,26,29,60,64,69,93,94" m="3479,47657" machi="69" ten="30,1000,0" yaku="18,1" doraHai="32" who="2" fromWho="0" sc="304,-16,124,0,204,16,368,0" /><INIT seed="4,0,0,4,3,51" ten="288,124,220,368" oya="0" hai0="115,97,79,129,87,2,128,56,26,73,22,102,83" hai1="35,49,117,43,19,116,30,64,53,85,101,105,121" hai2="75,122,33,72,44,45,39,3,5,86,59,111,57" hai3="77,68,133,90,127,29,6,36,31,109,89,48,108"/><T25/><D2/><U38/><E121/><V78/><F122/><W67/><G36/><T47/><D115/><U7/><E19/><V130/><F111/><W118/><G118/><T135/><D135/><U110/><E110/><V34/><F86/><W88/><G133/><T32/><D47/><U124/><E124/><V69/><F69/><W132/><G132/><T82/><D32/><U70/><E7/><V104/><F104/><W20/><G127/><T119/><D56/><U123/><E123/><V95/><F95/><W0/><G77/><N who="0" m="46575" /><D22/><U81/><E43/><V40/><F130/><N who="0" m="50282" /><D119/><U107/><E38/><V103/><F45/><W63/><G20/><T62/><D62/><U10/><E10/><V80/><F72/><W61/><G61/><T55/><D55/><U100/><E35/><N who="2" m="13323" /><F103/><W16/><G48/><T41/><D41/><U106/><E49/><V27/><F27/><W96/><G29/><T125/><D125/><U46/><E30/><V74/><F74/><W131/><G31/><T114/><D114/><U66/><E117/><V13/><F13/><W11/><G131/><T24/><D24/><U12/><E12/><V23/><F23/><W58/><G68/><T28/><D28/><U54/><E116/><V18/><F3/><W50/><G50/><T98/><D98/><U14/><E14/><V37/><F37/><W113/><G96/><T8/><D8/><U92/><E100/><V134/><F134/><W52/><G113/><T112/><D112/><U9/><E101/><V76/><F39/><W21/><G67/><N who="1" m="25642" /><E46/><V93/><F44/><W91/><G0/><RYUUKYOKU ba="0,0" sc="288,30,124,-10,220,-10,368,-10" hai0="25,26,73,79,82,97,102" /><INIT seed="4,1,0,0,4,80" ten="318,114,210,358" oya="0" hai0="87,93,77,130,20,79,35,48,29,12,1,14,132" hai1="126,121,41,95,53,125,61,6,46,122,69,71,65" hai2="88,9,111,135,0,83,106,91,118,64,21,57,120" hai3="113,32,27,134,89,105,76,36,31,10,116,103,100"/><T26/><D132/><U110/><E53/><V67/><F111/><W33/><G116/><T99/><D130/><U2/><E6/><V101/><F120/><N who="1" m="46185" /><E2/><V78/><F135/><W114/><G134/><T109/><D1/><U5/><E5/><V96/><F118/><W90/><G36/><T70/><D70/><N who="1" m="42287" /><E95/><V28/><F0/><W133/><G133/><T72/><D72/><U47/><E47/><V42/><F9/><W63/><G10/><T131/><D131/><U129/><E110/><V7/><F7/><W104/><G63/><T85/><D35/><U94/><E94/><V17/><F28/><W49/><G31/><T86/><D48/><N who="1" m="26703" /><E129/><V108/><F42/><W56/><G56/><T128/><D128/><U60/><E60/><V62/><F67/><W119/><G49/><T112/><D112/><U81/><E81/><V11/><F11/><W4/><G4/><T16/><D109/><U123/><N who="1" m="46193" /><U25/><DORA hai="18" /><E25/><V44/><F44/><W55/><G27/><T58/><D58/><U38/><E38/><V30/><F30/><W15/><G119/><T13/><D29/><U3/><E3/><V22/><F108/><W51/><G51/><T19/><D19/><U23/><E23/><V45/><F45/><W52/><G15/><T124/><D124/><AGARI ba="1,0" hai="69,71,124,125,126" m="26703,42287,46193" machi="124" ten="40,5200,0" yaku="18,1,34,2" doraHai="80,18" who="1" fromWho="0" sc="318,-55,114,55,210,0,358,0" /><INIT seed="5,0,0,4,2,54" ten="263,169,210,358" oya="1" hai0="5,70,81,85,96,123,99,56,17,6,43,77,2" hai1="7,88,116,135,129,20,132,119,52,67,72,94,11" hai2="57,23,109,29,14,128,66,21,97,13,76,58,19" hai3="61,33,126,115,46,111,75,18,27,0,117,9,86"/><U112/><E72/><V80/><F109/><W36/><G111/><T120/><D70/><U16/><E67/><V22/><F128/><W100/><G75/><T95/><D43/><U64/><E64/><V124/><F124/><W26/><G126/><T50/><D17/><U45/><E129/><V125/><F125/><W90/><G115/><T30/><D30/><U104/><E104/><V34/><F34/><W103/><G117/><T101/><D99/><N who="1" m="57799" /><E112/><V73/><F66/><W91/><G0/><T133/><D133/><N who="1" m="51275" /><E11/><V31/><F97/><W28/><G9/><T92/><D92/><U53/><E7/><V38/><F38/><W59/><G36/><T37/><D37/><U15/><E45/><V71/><F71/><W48/><G100/><T4/><D2/><U74/><E74/><V8/><REACH who="2" step="1"/><F14/><REACH who="2" ten="263,169,200,358" step="2"/><W130/><G130/><T44/><D123/><U24/><E15/><V25/><F25/><W51/><G27/><T63/><D120/><U1/><E1/><V79/><F79/><W87/><G26/><T40/><REACH who="0" step="1"/><D4/><REACH who="0" ten="253,169,200,358" step="2"/><U62/><E62/><V47/><F47/><W102/><G46/><T107/><D107/><U83/><E83/><V105/><F105/><W122/><G61/><T41/><D41/><U82/><E82/><V93/><F93/><W121/><G122/><T55/><AGARI ba="0,2" hai="5,6,40,44,50,55,56,63,77,81,85,95,96,101" machi="55" ten="20,8000,1" yaku="1,1,0,1,7,1,8,1,52,1,53,0" doraHai="54" doraHaiUra="60" who="0" fromWho="0" sc="253,100,169,-40,200,-20,358,-20" /><INIT seed="6,0,0,2,2,47" ten="353,129,180,338" oya="2" hai0="40,102,48,105,82,31,11,90,87,1,39,56,57" hai1="73,95,3,134,63,22,125,84,79,4,30,133,36" hai2="13,25,126,33,115,132,35,99,113,66,24,2,108" hai3="116,72,80,97,7,67,86,46,88,129,59,111,85"/><V15/><F66/><W112/><G111/><T120/><D120/><U92/><E36/><V10/><F108/><W18/><G116/><T110/><D39/><U8/><E125/><V6/><F126/><W32/><G32/><N who="2" m="12361" /><F99/><W124/><G124/><T45/><D31/><U64/><E73/><V42/><F42/><W41/><G129/><T89/><D105/><U130/><E130/><V9/><F132/><W58/><G112/><N who="2" m="43081" /><F2/><W118/><G118/><T75/><D102/><U55/><E55/><V76/><F76/><W103/><G67/><T26/><D1/><U70/><E79/><V81/><F81/><W101/><G97/><T43/><D43/><U27/><REACH who="1" step="1"/><E84/><REACH who="1" ten="353,119,180,338" step="2"/><V20/><F20/><W34/><G85/><T0/><D87/><U128/><E128/><V119/><F119/><W29/><G86/><T94/><D110/><U12/><E12/><V83/><F83/><W60/><G80/><T28/><D82/><U52/><E52/><V96/><F96/><W49/><G72/><T100/><D75/><U38/><E38/><V78/><F78/><W122/><G41/><T17/><D40/><U14/><E14/><V77/><F77/><W109/><G109/><T69/><D0/><U44/><E44/><V131/><F131/><W51/><G46/><T53/><D45/><U62/><E62/><V21/><F21/><W93/><G60/><T61/><D61/><U135/><AGARI ba="0,1" hai="3,4,8,22,27,30,63,64,70,92,95,133,134,135" machi="135" ten="30,7900,0" yaku="1,1,0,1,20,1,53,1" doraHai="47" doraHaiUra="19" who="1" fromWho="1" sc="353,-20,119,89,180,-39,338,-20" /><INIT seed="7,0,0,4,1,55" ten="333,208,141,318" oya="3" hai0="7,92,47,85,103,16,33,26,69,84,135,71,72" hai1="98,12,23,59,56,78,80,86,126,93,45,13,88" hai2="49,32,4,29,111,99,81,110,21,68,131,114,83" hai3="125,73,53,128,37,105,134,107,91,62,120,117,63"/><W82/><G117/><T19/><D72/><U10/><E126/><V38/><F38/><W48/><G120/><T104/><D7/><N who="1" m="3167" /><E45/><V57/><F68/><W77/><G37/><T109/><D92/><U3/><E3/><V22/><F114/><W90/><G125/><T116/><D26/><U40/><E40/><V11/><F131/><W61/><G128/><T75/><D85/><U20/><E20/><V27/><F99/><W65/><G134/><T2/><D103/><U9/><E23/><V43/><F22/><W50/><G50/><T132/><D84/><U79/><E79/><V97/><F97/><W95/><G65/><T130/><D116/><U94/><E94/><V133/><F133/><W0/><G0/><T41/><D19/><AGARI ba="0,0" hai="9,13,19,56,59,78,80,86,88,93,98" m="3167" machi="19" ten="30,7700,0" yaku="8,1,52,2,54,1" doraHai="55" who="1" fromWho="0" sc="333,-77,208,77,141,0,318,0" owari="256,-14.0,285,9.0,141,-36.0,318,41.0" /></mjloggm>