<mjloggm ver="2.3"><GO type="225" lobby="0"/><UN n0="%E3%81%8F%E3%82%89%E3%81%BE%E3%82%82%E3%82%93" n1="%E7%99%BD%E9%B9%BF%E6%84%9B%E8%8E%89" n2="%6E%75%6D%62%65%72%69%6A" n3="%E5%B0%B1%E6%B4%BB%E7%94%9F%40%E5%B7%9D%E6%9D%91%E8%BB%8D%E5%9B%A3" dan="16,18,16,17" rate="2129.80,2193.95,2144.21,2182.65" sx="M,F,M,M"/><TAIKYOKU oya="0"/><INIT seed="0,0,0,3,1,20" ten="250,250,250,250" oya="0" hai0="22,19,80,54,101,114,92,42,28,31,76,37,128" hai1="12,90,122,25,43,124,2,18,4,57,116,46,106" hai2="11,27,102,52,126,59,9,49,36,38,105,62,108" hai3="1,78,100,64,10,29,67,71,39,65,113,15,115"/><T32/><D114/><U131/><E116/><V83/><F108/><W8/><G39/><T130/><D32/><U60/><E122/><V50/><F126/><W96/><G71/><T68/><D68/><U91/><E106/><V24/><F38/><W127/><G127/><T41/><D54/><N who="1" m="33847" /><E2/><V121/><F36/><W104/><G78/><T89/><D101/><U34/><E34/><V93/><F105/><W63/><G63/><T120/><D120/><U111/><E111/><V132/><F132/><W3/><G29/><T107/><D107/><U72/><E72/><V74/><F121/><W17/><REACH who="3" step="1"/><G3/><REACH who="3" ten="250,250,250,240" step="2"/><T87/><D37/><U16/><E124/><V51/><F74/><W21/><G21/><T81/><D31/><U94/><E131/><N who="0" m="50217" /><D28/><U5/><E4/><AGARI ba="0,1" hai="1,4,8,10,15,17,64,65,67,96,100,104,113,115" machi="4" ten="40,1300,0" yaku="1,1,53,0" doraHai="20" doraHaiUra="123" who="3" fromWho="1" sc="250,0,250,-13,250,0,240,23" /><INIT seed="1,0,0,5,2,102" ten="250,237,250,263" oya="1" hai0="76,87,54,52,68,84,73,130,131,125,51,129,71" hai1="61,122,39,91,43,12,64,55,35,47,132,92,17" hai2="114,3,116,112,74,36,33,111,57,34,126,104,80" hai3="45,98,100,46,109,120,25,127,4,101,58,96,0"/><U6/><E122/><V83/><RYUUKYOKU type="yao9" ba="0,0" sc="250,0,237,0,250,0,263,0" hai2="3,33,34,36,57,74,80,83,104,111,112,114,116,126" /><INIT seed="1,1,0,3,5,108" ten="250,237,250,263" oya="1" hai0="31,133,134,37,60,118,23,54,38,114,63,10,113" hai1="82,20,46,22,56,121,36,32,81,1,93,92,55" hai2="126,67,40,103,87,116,80,42,26,3,34,12,75" hai3="11,119,99,95,48,111,61,69,96,57,19,85,52"/><U97/><E121/><V16/><F116/><W120/><G111/><T91/><D91/><U115/><E32/><V9/><F126/><W72/><G72/><T122/><D10/><U51/><E1/><V24/><F75/><W62/><G120/><T59/><D23/><N who="1" m="8747" /><E36/><N who="0" m="13929" /><D31/><U106/><E106/><V27/><F34/><W128/><G128/><T41/><D41/><N who="1" m="25039" /><E115/><N who="0" m="44041" /><D122/><U0/><E0/><V5/><F103/><W98/><G69/><T25/><D25/><U44/><E44/><V70/><F70/><W28/><G28/><T15/><D15/><U43/><E43/><V53/><F67/><W79/><G119/><T84/><D84/><U68/><E68/><V132/><F40/><W127/><G127/><T104/><D104/><U124/><E124/><V74/><F42/><W39/><G39/><T21/><D21/><U47/><E47/><V83/><F3/><W135/><G11/><T66/><D118/><U33/><E33/><V45/><F5/><W101/><G19/><T49/><D63/><N who="3" m="24073" /><G135/><T71/><AGARI ba="1,0" hai="49,54,59,60,66,71,133,134" m="44041,13929" machi="71" ten="40,8000,1" yaku="34,2,52,3" doraHai="108" who="0" fromWho="0" sc="250,83,237,-41,250,-21,263,-21" /><INIT seed="2,0,0,4,4,41" ten="333,196,229,242" oya="2" hai0="82,18,124,118,83,81,85,31,100,77,80,52,135" hai1="87,61,72,44,1,34,17,67,94,50,62,119,98" hai2="48,65,86,19,115,54,53,49,106,24,111,46,132" hai3="120,25,68,126,13,64,60,116,7,103,42,117,114"/><V78/><F106/><W16/><G120/><T97/><D31/><U59/><E72/><V129/><F115/><W127/><G103/><T125/><D52/><N who="1" m="29767" /><E1/><V39/><F78/><W33/><G114/><T37/><D18/><U84/><E34/><V23/><F129/><W58/><G68/><T26/><D26/><U43/><E43/><V51/><F132/><W90/><G42/><T57/><D57/><N who="1" m="37327" /><E17/><V88/><F111/><W109/><G109/><T15/><D15/><U10/><E10/><V112/><F112/><W102/><G102/><T105/><D37/><U133/><E119/><V6/><F39/><W79/><G7/><T99/><D135/><U5/><E5/><V95/><F65/><W20/><G116/><T96/><D118/><U0/><E0/><V108/><F108/><W47/><G117/><T134/><D134/><U38/><E38/><V110/><F110/><W104/><G104/><T75/><D75/><U12/><E12/><V93/><F6/><W107/><G33/><T66/><D66/><N who="1" m="39231" /><E133/><V131/><F131/><W73/><G107/><T3/><D3/><U28/><E28/><V130/><F130/><W101/><G13/><T74/><D74/><U122/><E122/><V32/><F32/><W11/><G11/><T63/><D105/><U91/><AGARI ba="0,0" hai="84,87,91,94,98" m="39231,37327,29767" machi="91" ten="30,4000,0" yaku="8,1,52,1,54,1" doraHai="41" who="1" fromWho="1" sc="333,-10,196,40,229,-20,242,-10" /><INIT seed="3,0,0,3,3,78" ten="323,236,209,232" oya="3" hai0="100,104,2,20,19,50,88,69,29,45,91,82,26" hai1="46,52,42,30,73,75,39,118,129,92,98,62,107" hai2="95,31,13,105,71,53,25,66,132,55,9,57,34" hai3="123,87,121,90,116,65,43,109,4,16,47,18,60"/><W23/><G116/><T67/><D2/><U114/><E107/><V85/><F105/><W64/><G4/><T27/><D82/><U131/><E114/><V93/><F132/><W59/><G109/><T7/><D7/><U127/><E30/><V79/><F71/><W135/><G135/><T17/><D17/><U106/><E106/><V134/><F134/><W94/><G65/><T115/><D115/><U77/><E127/><V102/><F66/><W97/><G18/><T41/><D100/><N who="1" m="60487" /><E77/><V1/><F1/><W113/><G113/><T61/><D104/><U38/><E38/><V36/><F36/><W40/><G97/><T86/><D86/><U24/><E24/><V21/><F34/><AGARI ba="0,0" hai="19,20,26,27,29,34,41,45,50,61,67,69,88,91" machi="34" ten="30,2000,0" yaku="7,1,54,1" doraHai="78" who="0" fromWho="2" sc="323,20,236,0,209,-20,232,0" owari="343,44.0,236,4.0,189,-31.0,232,-17.0" /></mjloggm>