<mjloggm ver="2.3"><GO type="169" lobby="0"/><UN n0="%E3%82%A6%E3%83%AB%E3%83%88%E3%83%A9%E7%AB%8B%E7%9B%B4" n1="%E3%81%A1%E3%82%83%E3%81%93%E3%81%93" n2="%E4%B8%AD%E5%A0%85%EF%BC%A0%E3%83%8F%E3%83%BC%E3%83%99%E3%82%B9%E3%83%88" n3="%6B%6F%72%6F%74%61%6E%6E" dan="17,17,16,16" rate="2149.86,2154.14,2100.75,2071.25" sx="M,F,F,M"/><TAIKYOKU oya="0"/><INIT seed="0,0,0,4,5,55" ten="250,250,250,250" oya="0" hai0="21,45,90,8,13,20,48,2,19,52,1,39,77" hai1="18,83,94,79,133,129,104,134,28,23,108,58,85" hai2="87,37,74,62,92,135,98,24,81,71,44,96,68" hai3="128,61,113,16,25,27,84,130,53,66,60,31,122"/><T103/><D103/><U5/><E104/><V22/><F74/><W43/><G113/><T106/><D106/><U118/><E118/><V72/><F72/><W89/><G43/><T125/><D125/><U9/><E28/><V63/><F98/><W99/><G99/><T86/><D77/><U73/><E108/><V78/><F135/><N who="1" m="51721" /><E129/><N who="3" m="49770" /><G122/><T126/><D126/><U49/><E94/><V64/><F63/><W102/><G102/><T54/><D39/><U82/><E23/><V11/><F11/><W50/><G66/><T119/><D119/><U26/><E26/><N who="3" m="9738" /><G16/><T117/><D117/><U30/><E18/><V110/><F110/><W6/><G6/><T40/><D2/><N who="1" m="183" /><E30/><V4/><F4/><W109/><G31/><T124/><D124/><U131/><E131/><V67/><F67/><W47/><G109/><T46/><D1/><U121/><E121/><V33/><F33/><W112/><G112/><T56/><D54/><N who="1" m="32079" /><E83/><AGARI ba="0,0" hai="47,50,53,60,61,83,84,89" m="9738,49770" machi="83" ten="30,1000,0" yaku="19,1" doraHai="55" who="3" fromWho="1" sc="250,0,250,-10,250,0,250,10" /><INIT seed="1,0,0,4,0,75" ten="250,240,250,260" oya="1" hai0="126,119,82,123,76,39,89,70,97,4,33,7,84" hai1="25,61,112,99,91,59,111,114,127,65,108,90,125" hai2="50,74,42,106,37,101,79,16,43,132,44,93,94" hai3="21,107,36,6,31,81,8,73,1,87,88,11,64"/><U63/><E25/><V80/><F132/><W71/><G107/><T46/><D119/><U115/><E99/><V134/><F134/><W23/><G36/><T77/><D70/><N who="1" m="42287" /><E91/><V3/><F3/><W18/><G31/><T85/><D33/><U130/><E130/><V135/><F135/><W109/><G109/><N who="1" m="42058" /><E90/><V51/><F37/><W117/><G117/><T32/><D126/><U83/><E83/><V86/><F74/><W110/><G110/><T78/><D32/><U35/><E35/><V92/><F106/><W67/><G71/><T128/><D128/><U17/><E17/><V100/><REACH who="2" step="1"/><F16/><REACH who="2" ten="250,240,240,260" step="2"/><W131/><G73/><T133/><D133/><U58/><E58/><V48/><F48/><W15/><G131/><T116/><D116/><U72/><E72/><V57/><F57/><W45/><G45/><AGARI ba="0,1" hai="42,43,44,45,50,51,79,80,86,92,93,94,100,101" machi="45" ten="40,8000,1" yaku="1,1,9,1,8,1,52,1,53,0" doraHai="75" doraHaiUra="53" who="2" fromWho="3" sc="250,0,240,0,240,90,260,-80" /><INIT seed="2,0,0,0,2,8" ten="250,240,330,180" oya="2" hai0="91,122,12,93,89,135,103,61,109,5,41,10,88" hai1="23,65,25,0,130,110,106,46,131,2,83,19,129" hai2="77,33,113,16,132,55,105,57,74,27,124,17,95" hai3="115,36,14,32,29,90,80,97,45,66,126,15,118"/><V64/><F105/><W31/><G118/><T125/><D122/><U51/><E106/><V121/><F113/><W76/><G115/><T24/><D125/><U44/><E110/><V72/><F121/><W22/><G126/><T49/><D109/><U40/><E65/><V62/><F124/><W71/><G32/><T38/><D135/><U79/><REACH who="1" step="1"/><E46/><REACH who="1" ten="250,230,330,180" step="2"/><V128/><F64/><W99/><G66/><T48/><D38/><U4/><E4/><V102/><F132/><W21/><G36/><T34/><D41/><U104/><E104/><V53/><F128/><W52/><G71/><T68/><D68/><U133/><E133/><V18/><F74/><AGARI ba="0,1" hai="0,2,19,23,25,40,44,51,74,79,83,129,130,131" machi="74" ten="40,5200,0" yaku="1,1,19,1,53,1" doraHai="8" doraHaiUra="107" who="1" fromWho="2" sc="250,0,230,62,330,-52,180,0" /><INIT seed="3,0,0,4,3,24" ten="250,292,278,180" oya="3" hai0="112,50,8,110,59,134,100,45,88,87,90,119,123" hai1="101,75,63,85,9,21,0,79,54,41,33,61,34" hai2="43,72,58,95,26,82,102,56,109,49,55,69,37" hai3="12,118,132,64,52,60,44,6,113,53,129,73,16"/><W124/><G73/><T3/><D123/><U125/><E125/><V25/><F69/><W81/><G118/><T38/><D119/><U15/><E41/><V65/><F109/><W47/><G113/><T91/><D110/><U98/><E75/><V51/><F37/><W80/><G124/><T46/><D134/><U86/><E0/><V22/><F72/><W28/><G6/><T135/><D135/><U99/><E99/><N who="2" m="59775" /><F82/><W126/><G132/><T103/><D112/><U111/><E21/><V133/><F133/><W83/><G126/><T68/><D68/><U19/><E111/><V104/><F104/><W5/><G5/><T117/><D117/><U17/><E17/><V128/><F128/><W18/><G18/><T131/><D131/><U23/><E9/><V32/><F32/><W93/><G28/><T71/><D71/><U97/><E79/><V31/><F26/><W36/><G36/><T62/><D38/><U94/><E97/><V10/><F10/><N who="3" m="6167" /><G129/><T57/><D8/><U74/><E74/><V114/><F114/><W76/><G76/><T122/><D3/><U48/><E33/><V4/><F4/><W1/><G1/><T30/><D30/><U35/><E34/><V27/><F27/><W108/><G108/><T84/><D122/><U92/><E35/><V2/><F2/><W67/><G67/><N who="0" m="39375" /><D103/><U40/><E101/><V42/><F65/><W89/><G64/><T106/><D100/><U77/><E77/><V11/><F11/><W96/><G60/><T115/><D106/><U20/><E63/><V66/><F66/><W121/><G121/><RYUUKYOKU ba="0,0" sc="250,-15,292,-15,278,15,180,15" hai2="22,25,31,42,43,49,51,55,56,58" hai3="44,47,52,53,80,81,83,89,93,96" /><INIT seed="3,1,0,1,5,13" ten="235,277,293,195" oya="3" hai0="92,40,45,24,15,133,49,82,78,110,94,53,19" hai1="69,121,16,51,88,9,77,34,5,60,55,42,17" hai2="132,81,27,98,86,83,125,30,12,85,50,74,101" hai3="129,89,107,8,70,6,130,21,47,109,114,14,100"/><W61/><G114/><T134/><D110/><U73/><E34/><V99/><F74/><W2/><G107/><T23/><D133/><U76/><E121/><V62/><F132/><W91/><G100/><T71/><D71/><U126/><E126/><V18/><F125/><W10/><G21/><T122/><D122/><U127/><E127/><V20/><F62/><W115/><G115/><T131/><D131/><N who="3" m="50185" /><G47/><T52/><D134/><U124/><E124/><V33/><F50/><W65/><G109/><T31/><D53/><U32/><E32/><V3/><F3/><W59/><G70/><T57/><D82/><U117/><E117/><V93/><F99/><W43/><G43/><T104/><D78/><N who="1" m="30315" /><E73/><V79/><F83/><W25/><G25/><T46/><D104/><U41/><E88/><V96/><F96/><W80/><G80/><T103/><D103/><U120/><E69/><V58/><F58/><W22/><G22/><N who="0" m="11647" /><D46/><N who="1" m="28151" /><E120/><V54/><F54/><W4/><AGARI ba="1,0" hai="2,4,6,8,10,14,59,61,65,89,91" m="50185" machi="4" ten="30,1500,0" yaku="19,1" doraHai="13" who="3" fromWho="3" sc="235,-6,277,-6,293,-6,195,18" /><INIT seed="3,2,0,4,0,122" ten="229,271,287,213" oya="3" hai0="2,39,106,18,12,58,7,21,23,24,46,3,53" hai1="94,105,79,17,115,135,63,19,81,67,26,109,43" hai2="54,32,132,68,20,1,50,128,129,0,77,134,116" hai3="112,107,64,117,88,45,62,96,15,75,11,22,48"/><W121/><G117/><T82/><D106/><U110/><E105/><V80/><F68/><W13/><G121/><T49/><D39/><U70/><E115/><V119/><F32/><W33/><G33/><T14/><D7/><U27/><E43/><V41/><F41/><W83/><G75/><T4/><D4/><U38/><E38/><V51/><F20/><W73/><G73/><T90/><D2/><N who="2" m="1130" /><F54/><W6/><G107/><T124/><D3/><U120/><E120/><V133/><F77/><W89/><G96/><T127/><D14/><U47/><E47/><V40/><F80/><W95/><G95/><T37/><D37/><U111/><E135/><V118/><F40/><N who="3" m="24615" /><G83/><T91/><D46/><U8/><E94/><V123/><F123/><W10/><G22/><T56/><D56/><U59/><E59/><V85/><F85/><W101/><G101/><T126/><REACH who="0" step="1"/><D82/><REACH who="0" ten="219,271,287,213" step="2"/><U99/><E8/><V71/><F71/><W87/><G112/><T25/><D25/><N who="1" m="9227" /><E99/><V84/><F84/><AGARI ba="2,1" hai="17,19,63,67,70,79,81,84,109,110,111" m="9227" machi="84" ten="30,7700,0" yaku="14,1,52,3" doraHai="122" who="1" fromWho="2" sc="219,0,271,93,287,-83,213,0" /><INIT seed="4,0,0,0,0,104" ten="219,364,204,213" oya="0" hai0="23,103,113,68,126,52,102,37,67,117,10,83,21" hai1="8,36,81,92,17,75,120,41,62,6,59,22,24" hai2="13,4,31,107,132,110,65,51,98,55,69,70,44" hai3="47,63,125,94,85,91,20,2,29,53,35,0,39"/><T50/><D117/><U72/><E120/><V95/><F110/><W111/><G35/><T11/><D37/><U33/><E33/><V123/><F123/><W57/><G125/><T56/><D126/><U100/><E81/><V97/><F132/><W9/><G9/><N who="0" m="3083" /><D68/><U71/><E71/><V15/><F31/><W48/><G39/><T25/><D113/><U101/><E41/><V80/><F80/><W129/><G129/><T30/><D67/><U128/><E128/><V115/><F115/><W40/><REACH who="3" step="1"/><G111/><REACH who="3" ten="219,364,204,203" step="2"/><T90/><D21/><U112/><E36/><V135/><F4/><W122/><G122/><T124/><D124/><U88/><E112/><V60/><F70/><W109/><G109/><T7/><D7/><U130/><E130/><V131/><F131/><W79/><G79/><T121/><D121/><U26/><E6/><V19/><F135/><W106/><G106/><T84/><AGARI ba="0,1" hai="23,25,30,50,52,56,83,84,90,102,103" m="3083" machi="84" ten="30,3000,0" yaku="8,1,54,1" doraHai="104" who="0" fromWho="0" sc="219,40,364,-10,204,-10,203,-10" /><INIT seed="4,1,0,4,1,33" ten="259,354,194,193" oya="0" hai0="89,104,15,2,5,133,83,70,21,132,107,98,77" hai1="72,52,106,53,67,65,48,0,28,23,95,42,122" hai2="76,125,46,87,129,41,43,9,119,127,14,120,123" hai3="135,35,4,109,103,36,82,117,3,64,22,73,78"/><T93/><D70/><U8/><E106/><N who="0" m="40489" /><D21/><U59/><E72/><V32/><F32/><W97/><G22/><T121/><D15/><U91/><E0/><V13/><F129/><W85/><G85/><N who="0" m="48367" /><D5/><U17/><E122/><V49/><F119/><W124/><G64/><T100/><D2/><U131/><E131/><V34/><F34/><W39/><G4/><T80/><D121/><U84/><E42/><V126/><F43/><W102/><G36/><T51/><D51/><N who="1" m="31135" /><E28/><V116/><F116/><W38/><G38/><T29/><D29/><U112/><E112/><V58/><F58/><W63/><G63/><T81/><D100/><U111/><E8/><V30/><F14/><W50/><G102/><T56/><D56/><U86/><E65/><V37/><F37/><W79/><G103/><T40/><D40/><U96/><E48/><V101/><F101/><W20/><G50/><T115/><D115/><U6/><E53/><V18/><F30/><W7/><G35/><T55/><D55/><U11/><E67/><V128/><F128/><W74/><G3/><T44/><D44/><U105/><E6/><V90/><F123/><W24/><G7/><T60/><D60/><U10/><E11/><V25/><F120/><W68/><G39/><T99/><D99/><U26/><E10/><V88/><F25/><W69/><G24/><T62/><D62/><U134/><E105/><V57/><F57/><W12/><G69/><T71/><D71/><U108/><E96/><V19/><F19/><W45/><G68/><T113/><D113/><U92/><E17/><V16/><F18/><RYUUKYOKU ba="1,0" sc="259,15,354,-15,194,15,193,-15" hai0="80,81,89,93,98,132,133" hai2="9,13,16,41,46,49,76,87,88,90,125,126,127" /><INIT seed="4,2,0,3,5,95" ten="274,339,209,178" oya="0" hai0="30,38,4,67,78,80,82,48,118,87,73,97,13" hai1="22,63,35,131,27,123,20,70,23,69,83,17,45" hai2="49,60,133,51,71,21,15,98,122,39,34,50,14" hai3="55,47,29,11,124,68,6,91,12,16,93,125,33"/><T43/><D118/><U72/><E123/><V89/><F34/><W129/><G68/><T46/><D30/><U66/><E131/><V5/><F39/><W102/><G102/><T31/><D31/><U96/><E70/><V54/><F122/><W109/><G129/><T41/><D67/><U53/><E35/><V75/><F75/><W105/><G105/><T3/><D3/><U2/><E2/><V76/><F76/><W8/><G29/><T100/><D13/><U19/><E72/><V84/><F133/><W64/><G64/><T62/><D62/><U1/><E83/><V116/><F116/><W59/><G47/><T25/><D25/><U88/><E1/><V101/><F71/><W79/><G79/><T126/><D4/><U0/><E0/><V28/><F5/><W135/><G33/><T117/><D117/><U37/><E19/><V85/><F85/><W130/><G130/><T26/><D26/><U128/><E128/><V120/><F120/><W92/><G92/><T7/><D7/><U132/><E132/><V103/><F28/><W114/><G135/><T94/><D126/><N who="3" m="48745" /><G114/><T108/><D108/><U113/><E113/><V44/><F44/><W57/><G109/><T90/><REACH who="0" step="1"/><D38/><REACH who="0" ten="264,339,209,178" step="2"/><U110/><E110/><V86/><F60/><W127/><G127/><T42/><AGARI ba="2,1" hai="41,42,43,46,48,73,78,80,82,87,90,94,97,100" machi="42" ten="20,12000,1" yaku="1,1,2,1,0,1,7,1,52,1,53,0" doraHai="95" doraHaiUra="18" who="0" fromWho="0" sc="264,136,339,-42,209,-42,178,-42" /><INIT seed="4,3,0,3,3,133" ten="400,297,167,136" oya="0" hai0="53,86,130,80,63,124,11,103,58,102,6,28,90" hai1="112,107,20,54,8,43,72,122,55,40,129,65,41" hai2="27,76,68,128,93,77,38,91,10,30,81,51,98" hai3="117,71,60,49,79,64,120,9,22,66,33,5,46"/><T25/><D130/><U118/><E107/><V67/><F38/><W104/><G64/><T109/><D109/><U16/><E72/><V23/><F128/><W19/><G33/><T45/><D45/><U85/><E118/><V115/><F115/><W105/><G117/><T59/><D59/><U29/><E122/><V87/><F10/><W14/><G79/><T132/><D132/><U125/><E125/><V127/><F76/><W101/><G101/><T131/><D124/><U61/><E8/><V82/><F82/><W78/><G78/><T50/><D50/><U106/><E29/><V119/><F119/><W21/><G21/><T92/><D92/><U35/><E35/><V69/><F127/><W99/><G99/><T31/><D31/><U96/><E129/><V83/><F83/><W18/><G18/><T12/><REACH who="0" step="1"/><D131/><REACH who="0" ten="390,297,167,136" step="2"/><U116/><E112/><V15/><F69/><W100/><G120/><T74/><D74/><U7/><E116/><V108/><F108/><W123/><G123/><T17/><D17/><U26/><E7/><V135/><F135/><W34/><G5/><T0/><D0/><U2/><E2/><V3/><F3/><W42/><G19/><T110/><D110/><U113/><E113/><V4/><F51/><W32/><G49/><T94/><D94/><U24/><E43/><V88/><F68/><W89/><G42/><T37/><D37/><U111/><E41/><V126/><F126/><W36/><G36/><T1/><D1/><U121/><E40/><V97/><F93/><W13/><G71/><T56/><D56/><U95/><E111/><RYUUKYOKU ba="3,1" sc="390,30,297,-10,167,-10,136,-10" hai0="6,11,12,25,28,53,58,63,80,86,90,102,103" /><INIT seed="4,4,1,5,3,86" ten="420,287,157,126" oya="0" hai0="119,88,97,40,115,75,108,83,82,70,57,52,47" hai1="7,87,129,133,20,99,106,25,81,85,5,80,36" hai2="71,76,46,31,98,92,16,102,122,41,77,49,127" hai3="3,118,96,1,58,74,105,43,42,110,120,131,51"/><T13/><D70/><U37/><E129/><V6/><F71/><W9/><G118/><T135/><D119/><U84/><E133/><V125/><F122/><W109/><G74/><T72/><D135/><U69/><E69/><V60/><F60/><W15/><G131/><T123/><D123/><U50/><E50/><V44/><F31/><W111/><G120/><T10/><D115/><U27/><E99/><V35/><F35/><W112/><G112/><T93/><D108/><U132/><E132/><V56/><F56/><W22/><G22/><T18/><D75/><U107/><E87/><V79/><F6/><N who="3" m="3511" /><G58/><T65/><D65/><U100/><E20/><V24/><F46/><N who="3" m="26071" /><G43/><T23/><D72/><U30/><E30/><V59/><F59/><W39/><G39/><T12/><D47/><U45/><E45/><V128/><F128/><W134/><G134/><T94/><D40/><U116/><E116/><V64/><F64/><W91/><G105/><T33/><D33/><U4/><E7/><V48/><F48/><W53/><G53/><T67/><D67/><U26/><E26/><V28/><F28/><W95/><G1/><T121/><D121/><U54/><E54/><V78/><N who="2" m="19456" /><DORA hai="11" /><V73/><F73/><W14/><G3/><T21/><D52/><U62/><E62/><V32/><F32/><W117/><G117/><T0/><D57/><U55/><E55/><V29/><F29/><W90/><G110/><T104/><D0/><U101/><AGARI ba="4,1" hai="4,5,25,27,36,37,80,81,84,85,100,101,106,107" machi="101" ten="25,3200,0" yaku="0,1,22,2" doraHai="86,11" who="1" fromWho="1" sc="420,-20,287,54,157,-12,126,-12" /><INIT seed="5,0,0,0,1,81" ten="400,341,145,114" oya="1" hai0="103,116,104,9,16,100,65,127,64,114,123,70,39" hai1="34,106,79,117,132,99,75,49,89,74,110,133,45" hai2="55,102,56,111,13,58,42,122,78,20,4,107,44" hai3="27,46,23,68,50,108,88,10,33,19,7,73,129"/><U101/><E34/><V36/><F111/><W86/><G73/><N who="1" m="27658" /><E117/><V72/><F122/><W134/><G68/><T14/><D116/><U87/><E49/><V47/><F47/><W25/><G108/><T93/><D123/><U0/><E0/><V43/><F43/><W98/><G98/><T48/><D39/><U113/><E113/><V26/><F102/><W21/><G33/><T96/><D114/><U115/><E115/><V2/><F107/><W37/><G37/><T130/><D70/><U131/><E45/><V124/><F124/><W15/><G129/><T71/><D130/><U3/><E3/><V95/><F95/><N who="3" m="54679" /><G134/><N who="1" m="51818" /><E110/><V11/><F13/><N who="3" m="9455" /><G23/><T66/><D71/><U67/><E67/><V17/><REACH who="2" step="1"/><F55/><AGARI ba="0,0" hai="7,10,15,25,27,46,50,55" m="9455,54679" machi="55" ten="30,3900,0" yaku="8,1,52,1,54,1" doraHai="81" who="3" fromWho="2" sc="400,0,341,0,145,-39,114,39" /><INIT seed="6,0,0,0,3,32" ten="400,341,106,153" oya="2" hai0="12,49,134,119,74,40,100,89,98,91,110,2,43" hai1="27,7,93,80,96,16,33,51,25,23,62,47,126" hai2="128,68,34,113,87,20,37,60,50,64,65,70,66" hai3="3,67,44,14,56,90,26,31,103,83,114,101,61"/><V121/><F34/><W54/><G114/><T127/><D74/><U88/><E126/><V46/><F87/><W99/><G14/><T21/><D110/><U53/><E7/><V117/><F20/><W125/><G125/><T42/><D2/><U124/><E124/><V71/><F117/><W52/><G3/><T35/><D35/><U102/><E62/><V39/><F121/><W92/><G83/><T132/><D49/><U19/><E33/><V107/><F107/><W81/><G81/><T6/><D127/><U28/><E27/><V97/><F97/><W24/><G24/><T63/><D63/><U84/><AGARI ba="0,0" hai="16,19,23,25,28,47,51,53,80,84,88,93,96,102" machi="84" ten="30,7900,0" yaku="0,1,8,1,54,2" doraHai="32" who="1" fromWho="1" sc="400,-20,341,79,106,-39,153,-20" /><INIT seed="7,0,0,5,1,89" ten="380,420,67,133" oya="3" hai0="135,116,15,124,54,59,3,120,123,1,105,12,87" hai1="90,6,71,40,111,73,122,104,32,58,56,8,23" hai2="110,5,75,31,118,102,76,132,19,22,99,38,92" hai3="25,131,51,53,50,57,0,126,43,30,67,106,80"/><W82/><G0/><T79/><D105/><U129/><E111/><V39/><F118/><W34/><G106/><T11/><D54/><U13/><E71/><V14/><F110/><W81/><G126/><T88/><D59/><U7/><E122/><V2/><F132/><W77/><G131/><T60/><D60/><U117/><E32/><V70/><F70/><W24/><G67/><T91/><D87/><U128/><E73/><V100/><F76/><W29/><G43/><T41/><D11/><N who="1" m="4343" /><E104/><V125/><F75/><W72/><REACH who="3" step="1"/><G50/><REACH who="3" ten="380,420,67,123" step="2"/><T27/><D41/><U133/><E40/><V127/><F102/><W97/><G97/><T119/><D124/><U33/><E129/><V4/><F127/><W28/><G28/><T115/><D1/><U109/><E128/><V55/><F125/><W85/><G85/><T112/><D3/><U64/><E64/><V86/><F31/><W98/><G98/><T26/><D135/><U134/><E133/><V17/><F2/><W83/><G83/><T130/><D130/><U37/><E134/><V62/><F86/><W61/><G61/><T42/><D42/><U48/><E48/><V16/><F39/><W49/><G49/><T107/><D107/><U65/><E37/><V18/><REACH who="2" step="1"/><F38/><REACH who="2" ten="380,420,57,123" step="2"/><W20/><AGARI ba="0,2" hai="20,24,25,29,30,34,51,53,57,72,77,80,81,82" machi="20" ten="20,3900,0" yaku="1,1,0,1,7,1,53,0" doraHai="89" doraHaiUra="114" who="3" fromWho="3" sc="380,-13,420,-13,57,-13,123,59" /><INIT seed="7,1,0,5,5,57" ten="367,407,44,182" oya="3" hai0="56,126,90,129,81,93,124,59,117,58,1,0,67" hai1="26,31,114,99,118,24,116,10,84,109,40,108,2" hai2="55,22,119,63,78,83,20,36,87,135,68,65,25" hai3="13,105,130,45,50,102,76,96,80,72,134,16,123"/><W14/><G123/><T104/><D104/><U28/><E114/><V115/><F36/><W21/><G130/><T131/><D81/><U32/><E40/><V75/><F119/><N who="1" m="45609" /><E99/><V94/><F135/><W3/><G3/><N who="0" m="1099" /><D93/><U7/><E84/><V112/><F55/><W120/><G120/><T48/><D90/><U43/><E43/><V27/><F75/><W18/><G134/><T77/><D77/><U19/><E19/><V44/><F44/><W113/><G113/><T66/><D48/><U82/><E82/><V51/><F51/><W30/><G30/><T4/><D4/><U53/><E53/><V89/><F27/><W125/><G125/><N who="0" m="48235" /><D117/><U110/><E110/><V74/><REACH who="2" step="1"/><F25/><REACH who="2" ten="367,407,34,182" step="2"/><W11/><G50/><T23/><D23/><AGARI ba="1,1" hai="2,7,10,23,24,26,28,31,32,108,109" m="45609" machi="23" ten="30,3900,0" yaku="12,1,34,2" doraHai="57" who="1" fromWho="0" sc="367,-42,407,52,34,0,182,0" /><AGARI ba="1,0" hai="20,22,23,63,65,68,74,78,83,87,89,94,112,115" machi="23" ten="40,5200,0" yaku="1,1,2,1,52,1,53,0" doraHai="57" doraHaiUra="71" who="2" fromWho="0" sc="325,-52,459,0,34,52,182,0" owari="273,7.0,459,56.0,86,-41.0,182,-22.0" /></mjloggm>