<mjloggm ver="2.3"><GO type="225" lobby="0"/><UN n0="%E7%AB%B6%E9%A6%AC%E7%A0%94%E7%A9%B6%E6%89%80" n1="%E5%8F%8B%47%46%49" n2="%E3%83%88%E3%83%88%E3%83%AA%E5%85%88%E7%94%9F%31%39%E6%AD%B3" n3="%E3%82%89%E3%81%8F%E3%81%A0%EF%BC%90%EF%BC%91%EF%BC%90%EF%BC%99" dan="19,16,17,18" rate="2321.28,2150.35,2179.88,2233.56" sx="M,M,F,M"/><TAIKYOKU oya="0"/><INIT seed="0,0,0,1,5,100" ten="250,250,250,250" oya="0" hai0="89,26,122,85,105,135,78,118,97,86,50,6,18" hai1="134,62,90,5,28,16,101,2,108,34,74,9,60" hai2="87,106,41,92,59,25,77,94,113,55,33,7,112" hai3="20,3,61,119,42,63,75,19,68,67,0,37,51"/><T81/><D122/><U121/><E121/><V31/><F106/><W56/><G119/><T93/><D6/><U128/><E108/><V4/><F41/><W115/><G75/><T107/><D50/><U43/><E134/><V80/><F4/><W111/><G111/><T49/><D118/><U14/><E128/><V12/><F7/><W64/><G115/><T22/><D135/><U53/><E74/><V36/><F36/><W76/><G76/><T129/><D129/><U21/><E43/><V24/><F12/><W35/><G35/><T99/><D99/><U17/><E17/><V47/><F47/><W1/><G51/><T124/><D124/><U54/><E101/><V120/><F120/><W88/><G42/><T44/><D86/><U27/><E90/><V15/><F15/><W83/><G37/><T98/><REACH who="0" step="1"/><D97/><REACH who="0" ten="240,250,250,250" step="2"/><U65/><E62/><V84/><F84/><W123/><G123/><T104/><D104/><U133/><E133/><V57/><F112/><W116/><G116/><T71/><D71/><AGARI ba="0,1" hai="2,5,9,14,16,21,27,28,34,53,54,60,65,71" machi="71" ten="30,7700,0" yaku="7,1,24,2,54,1" doraHai="100" who="1" fromWho="0" sc="240,-77,250,87,250,0,250,0" /><INIT seed="1,0,0,3,2,87" ten="163,337,250,250" oya="1" hai0="84,122,135,19,21,97,96,102,40,20,113,33,131" hai1="83,9,114,15,36,119,115,128,89,16,60,39,76" hai2="116,90,31,65,127,82,38,134,105,98,100,107,13" hai3="118,27,10,54,132,66,56,64,51,59,93,71,55"/><U25/><E119/><V57/><F116/><W11/><G132/><T73/><D73/><U18/><E128/><V35/><F38/><W88/><G118/><T78/><D33/><U120/><E120/><V6/><F134/><W2/><G27/><T46/><D135/><U42/><E60/><V22/><F127/><W30/><G30/><T53/><D131/><U70/><E70/><V103/><F35/><W112/><G112/><T104/><D113/><U45/><E36/><V123/><F123/><W130/><G130/><T1/><D1/><U110/><E110/><V79/><F57/><W26/><G26/><T86/><D53/><U69/><E69/><V14/><F65/><N who="3" m="25195" /><G2/><T61/><D61/><U67/><E67/><V28/><F6/><W12/><G12/><T101/><D122/><U44/><E44/><V17/><F13/><W81/><G81/><T125/><D125/><U72/><REACH who="1" step="1"/><E89/><REACH who="1" ten="163,327,250,250" step="2"/><V47/><F90/><W68/><G68/><T3/><D46/><U109/><E109/><V133/><F47/><W92/><G71/><T49/><D49/><U124/><E124/><V121/><F133/><W34/><G34/><T23/><D40/><U126/><E126/><V5/><F121/><W106/><G88/><T29/><D78/><U24/><E24/><V0/><F79/><W48/><G106/><T43/><D43/><U52/><E52/><V129/><F129/><W75/><G75/><T32/><D104/><U94/><E94/><AGARI ba="0,1" hai="10,11,48,51,54,55,56,59,92,93,94" m="25195" machi="94" ten="30,1000,0" yaku="8,1" doraHai="87" who="3" fromWho="1" sc="163,0,327,-10,250,0,250,20" /><INIT seed="2,0,0,3,3,127" ten="163,317,250,270" oya="2" hai0="113,78,42,125,31,106,66,68,4,76,23,51,52" hai1="70,6,49,16,34,75,22,74,94,89,48,121,82" hai2="117,122,59,9,18,86,72,71,28,8,5,15,53" hai3="26,29,13,81,92,14,73,79,120,103,2,37,109"/><V101/><F117/><W84/><G2/><T35/><D113/><U123/><E34/><V102/><F72/><N who="1" m="27689" /><E70/><V132/><F122/><N who="1" m="46601" /><E6/><V54/><F71/><W111/><G120/><T98/><D125/><U87/><E82/><V133/><F28/><W67/><G37/><T131/><D23/><U0/><E0/><N who="2" m="39" /><F54/><W99/><G67/><T119/><D42/><U115/><E115/><V63/><F86/><W1/><G1/><T95/><D4/><U39/><E39/><V124/><F124/><W88/><G13/><AGARI ba="0,0" hai="13,16,22,48,49,87,89,94" m="46601,27689" machi="13" ten="30,2000,0" yaku="13,1,54,1" doraHai="127" who="1" fromWho="3" sc="163,0,317,20,250,0,270,-20" /><INIT seed="3,0,0,2,4,133" ten="163,337,250,250" oya="3" hai0="91,94,65,27,127,78,11,56,125,134,96,60,44" hai1="115,13,40,52,121,24,111,33,112,132,117,38,17" hai2="32,110,93,79,63,76,68,105,37,21,107,50,89" hai3="58,72,126,31,4,36,34,53,69,124,84,9,123"/><W39/><G69/><T131/><D134/><U61/><E132/><V20/><F37/><W75/><G123/><T135/><D135/><U26/><E121/><V101/><F32/><W102/><G102/><T12/><D131/><U46/><E111/><V70/><F101/><W22/><G22/><T82/><D27/><U29/><E117/><V118/><F50/><W62/><G34/><T120/><D44/><U97/><E97/><V59/><F59/><W43/><G31/><T95/><D95/><U103/><E26/><V30/><F93/><W71/><G84/><T67/><D67/><U99/><E52/><V47/><F47/><N who="3" m="24039" /><G39/><T113/><D113/><U6/><E61/><V114/><F30/><W16/><G16/><T18/><REACH who="0" step="1"/><D120/><REACH who="0" ten="153,337,250,250" step="2"/><U74/><E112/><V106/><F114/><W77/><G71/><T109/><D109/><U64/><E115/><V28/><F110/><W41/><G41/><T116/><D116/><U81/><E40/><V45/><F118/><W87/><G53/><T129/><D129/><U54/><E54/><V90/><F45/><W8/><G58/><T49/><D49/><U122/><E122/><V2/><F68/><W86/><G62/><T35/><D35/><U19/><E33/><V14/><F63/><W80/><G72/><AGARI ba="0,1" hai="11,12,18,56,60,65,72,78,82,91,94,96,125,127" machi="72" ten="40,8000,1" yaku="1,1,52,2,53,1" doraHai="133" doraHaiUra="7" who="0" fromWho="3" sc="153,90,337,0,250,0,250,-80" owari="243,-16.0,337,44.0,250,5.0,170,-33.0" /></mjloggm>