<mjloggm ver="2.3"><GO type="169" lobby="0"/><UN n0="%E3%83%88%E3%83%88%E3%83%AA%E5%85%88%E7%94%9F%31%39%E6%AD%B3" n1="%E3%82%82%E3%83%BC%E3%82%8A%E3%83%BC" n2="%E5%A4%A9%E7%A9%BA%73%61%79%61" n3="%E3%83%9E%E3%82%B8%E3%81%8D%E3%82%8C%E3%81%9D%E3%81%86%EF%BC%81" dan="17,16,17,17" rate="2185.64,2114.05,2187.91,2227.29" sx="F,M,M,M"/><TAIKYOKU oya="0"/><INIT seed="0,0,0,2,0,97" ten="250,250,250,250" oya="0" hai0="32,8,92,29,44,75,13,104,36,124,125,76,58" hai1="34,132,90,10,21,67,93,78,83,40,61,4,69" hai2="109,72,107,53,111,15,6,113,30,91,102,62,39" hai3="88,120,126,115,71,42,101,56,18,14,38,31,48"/><T112/><D112/><U87/><E132/><V50/><F113/><W127/><G115/><T25/><D104/><U26/><E34/><V41/><F72/><W24/><G71/><T118/><D118/><U11/><E40/><V20/><F39/><W134/><G134/><T82/><D58/><U2/><E11/><V54/><F62/><W86/><G38/><T133/><D133/><U128/><E128/><V63/><F63/><W73/><G73/><T1/><D92/><U27/><REACH who="1" step="1"/><E21/><REACH who="1" ten="250,240,250,250" step="2"/><V98/><F20/><W116/><G42/><T103/><D8/><U105/><E105/><V51/><F41/><W35/><G35/><T16/><D32/><U55/><E55/><V130/><F53/><W33/><G33/><T19/><D124/><U22/><E22/><V65/><F54/><W7/><G127/><T99/><D125/><U84/><AGARI ba="0,1" hai="2,4,10,26,27,61,67,69,78,83,84,87,90,93" machi="84" ten="20,5200,0" yaku="1,1,0,1,7,1,53,1" doraHai="97" doraHaiUra="57" who="1" fromWho="1" sc="250,-26,240,62,250,-13,250,-13" /><INIT seed="1,0,0,4,1,126" ten="224,302,237,237" oya="1" hai0="40,125,2,18,31,32,50,39,6,0,97,67,29" hai1="130,14,109,4,45,111,28,59,133,82,49,129,112" hai2="134,56,58,123,46,68,13,66,128,120,1,84,127" hai3="61,93,36,88,16,10,11,20,77,100,62,114,53"/><U51/><E112/><V101/><F1/><W91/><G36/><T117/><D39/><U78/><E133/><V8/><F127/><W34/><G34/><T27/><D125/><U70/><E70/><V105/><F68/><W116/><G77/><T22/><D67/><U42/><E28/><V86/><F134/><W33/><G33/><T54/><D40/><U63/><E49/><V115/><F115/><W89/><G114/><T92/><D117/><U5/><E14/><V23/><F23/><W107/><G107/><T74/><D74/><N who="1" m="43351" /><E5/><V76/><F76/><W72/><G72/><T7/><D2/><U94/><E94/><V87/><F105/><W110/><G116/><T98/><D0/><U103/><E103/><V121/><F101/><W19/><G93/><T122/><D92/><U99/><E4/><N who="0" m="1577" /><D122/><U85/><E85/><V3/><F3/><W104/><G104/><T25/><D25/><U17/><E17/><V35/><F35/><W118/><G100/><T96/><D32/><U80/><E99/><V64/><F64/><W9/><G118/><T24/><D24/><U132/><E80/><V43/><F66/><W60/><G53/><T55/><D54/><N who="1" m="34295" /><E132/><V102/><F102/><W81/><G81/><T48/><D48/><U79/><E79/><V65/><F65/><W75/><G75/><T38/><D38/><U83/><E83/><V12/><F12/><N who="3" m="9223" /><G19/><T90/><D90/><U69/><E69/><V124/><F124/><W47/><G47/><AGARI ba="0,0" hai="18,22,27,29,31,47,50,55,96,97,98" m="1577" machi="47" ten="30,1000,0" yaku="8,1" doraHai="126" who="0" fromWho="3" sc="224,10,302,0,237,0,237,-10" /><INIT seed="2,0,0,4,1,2" ten="234,302,237,227" oya="2" hai0="70,128,22,77,59,57,100,25,6,8,36,39,20" hai1="45,129,118,33,30,74,91,87,130,21,62,123,90" hai2="131,9,29,31,95,124,18,24,26,92,60,108,102" hai3="1,58,104,75,32,53,48,79,78,55,97,66,3"/><V71/><F124/><W37/><G32/><T16/><D70/><U19/><E118/><V86/><F131/><W44/><G66/><T50/><D128/><U41/><E74/><V65/><F108/><W28/><G28/><T110/><D110/><U132/><E123/><V81/><F26/><W93/><G104/><T54/><D77/><U35/><E132/><V101/><F95/><W89/><G37/><T76/><D100/><U73/><E73/><V40/><F40/><W11/><G75/><T96/><D96/><U51/><E30/><V113/><F113/><W68/><G68/><T111/><D76/><U4/><E91/><V42/><F42/><W17/><G1/><T47/><D111/><U119/><E119/><V27/><F24/><W82/><G82/><T135/><D20/><U61/><E35/><V5/><F18/><W88/><G89/><T34/><D34/><U67/><E33/><V10/><F10/><W105/><G105/><T115/><D115/><U56/><E62/><V7/><F92/><W72/><G72/><T52/><D47/><U121/><E121/><V13/><F7/><W12/><REACH who="3" step="1"/><G3/><REACH who="3" ten="234,302,237,217" step="2"/><T38/><D38/><U23/><E130/><V15/><F31/><W99/><G99/><T116/><D116/><U125/><E90/><N who="2" m="51535" /><F102/><W43/><G43/><T134/><D134/><U127/><E41/><V94/><F101/><W49/><AGARI ba="0,1" hai="11,12,17,44,48,49,53,55,58,78,79,88,93,97" machi="49" ten="20,8000,1" yaku="1,1,0,1,7,1,8,1,54,1,53,0" doraHai="2" doraHaiUra="126" who="3" fromWho="3" sc="234,-20,302,-20,237,-40,217,90" /><INIT seed="3,0,0,4,2,26" ten="214,282,197,307" oya="3" hai0="47,120,22,35,64,37,134,88,94,1,42,2,67" hai1="43,29,5,97,135,110,107,91,20,25,51,24,14" hai2="30,127,13,62,129,79,49,121,55,8,44,28,99" hai3="111,57,113,126,60,102,92,87,18,119,118,63,84"/><W61/><G113/><T71/><D35/><U128/><E128/><V123/><F129/><W40/><G126/><T83/><D120/><N who="2" m="46154" /><F127/><W70/><G70/><T6/><D134/><U80/><E135/><V108/><F108/><W100/><G40/><T19/><D83/><U85/><E110/><V73/><F99/><N who="3" m="59495" /><G102/><T59/><D71/><U132/><E132/><V101/><F101/><W15/><G111/><T16/><D19/><U130/><E130/><V38/><F38/><W114/><G114/><T82/><D82/><U86/><E86/><N who="3" m="32810" /><G119/><T112/><D112/><U74/><E74/><V89/><F89/><W65/><G118/><T117/><D117/><U69/><E69/><V54/><F79/><W68/><G68/><T21/><D2/><U75/><E75/><V66/><F66/><W98/><G98/><T131/><D64/><U33/><E97/><V12/><F73/><W90/><G90/><T103/><D103/><U72/><E72/><V41/><F13/><W53/><G65/><T4/><D1/><U58/><E107/><V77/><F77/><W95/><G95/><T104/><D104/><U76/><E76/><V9/><F41/><W23/><AGARI ba="0,0" hai="15,18,23,53,57,60,61,63" m="32810,59495" machi="23" ten="30,1500,0" yaku="8,1" doraHai="26" who="3" fromWho="3" sc="214,-5,282,-5,197,-5,307,15" /><INIT seed="3,1,0,5,1,18" ten="209,277,192,322" oya="3" hai0="78,35,76,122,55,39,103,25,32,4,132,86,24" hai1="42,51,82,73,26,90,30,6,15,33,120,41,28" hai2="94,67,50,131,106,98,110,27,7,87,102,12,16" hai3="126,37,134,70,2,99,46,44,8,58,118,84,107"/><W1/><G70/><T11/><D122/><U88/><E120/><V61/><F110/><W49/><G118/><T34/><D132/><U17/><E6/><V127/><F127/><W125/><G134/><T112/><D39/><U68/><E68/><V109/><F109/><W60/><G37/><T0/><D112/><U29/><E26/><V93/><F131/><W85/><G99/><T69/><D69/><U81/><E33/><V9/><F50/><W64/><G107/><T45/><D45/><N who="1" m="26031" /><E42/><V119/><F87/><N who="3" m="33355" /><G8/><T13/><D55/><U92/><E92/><V53/><F53/><N who="3" m="29879" /><G44/><T133/><D133/><U62/><E62/><V104/><F104/><W121/><G121/><T117/><D117/><U114/><E73/><V52/><F119/><W80/><G80/><N who="1" m="30826" /><E114/><V74/><F74/><W47/><G47/><T116/><D116/><U63/><E63/><V19/><F67/><W89/><G89/><T129/><D129/><U130/><E130/><V54/><F7/><W77/><G77/><T96/><D0/><U43/><E43/><V100/><F106/><W105/><G105/><N who="0" m="63719" /><D78/><U59/><E59/><N who="2" m="35047" /><F54/><W124/><AGARI ba="1,0" hai="1,2,58,60,64,124,125,126" m="29879,33355" machi="124" ten="40,2100,0" yaku="18,1" doraHai="18" who="3" fromWho="3" sc="209,-8,277,-8,192,-8,322,24" /><INIT seed="3,2,0,5,0,82" ten="201,269,184,346" oya="3" hai0="26,102,43,86,93,116,90,20,108,89,14,72,60" hai1="49,38,19,122,113,76,69,13,40,59,118,36,34" hai2="97,63,39,24,99,33,112,95,110,30,114,91,83" hai3="16,120,104,23,115,41,71,134,92,64,7,107,78"/><W75/><G115/><T4/><D116/><U31/><E122/><V132/><F39/><W73/><G120/><T126/><D72/><U101/><E69/><V45/><F110/><W35/><G35/><T52/><D108/><U66/><E113/><V131/><F131/><W68/><G7/><T96/><D126/><U29/><E118/><V100/><F132/><W129/><G41/><T47/><D14/><U12/><E12/><V25/><F45/><W18/><G92/><T135/><D4/><U81/><E101/><V80/><F80/><W133/><G78/><T1/><D1/><U74/><E34/><V79/><F25/><W123/><G23/><T50/><D135/><U32/><E32/><V27/><F27/><W17/><G17/><T55/><D60/><U37/><E66/><V44/><F44/><W51/><G51/><T56/><D56/><U124/><E124/><V67/><F79/><W62/><G62/><T77/><D77/><U3/><E3/><V22/><F22/><W2/><G64/><T87/><D90/><U88/><E88/><V130/><F130/><W85/><G2/><T109/><D109/><U84/><E74/><V11/><F11/><W106/><G123/><T6/><D6/><U0/><E0/><V21/><F21/><W48/><G129/><T57/><D89/><U127/><E127/><V9/><F9/><W111/><G111/><T98/><D98/><U105/><E76/><V53/><F67/><W103/><G134/><T46/><D55/><U54/><E54/><V28/><F114/><W61/><G133/><T8/><D52/><RYUUKYOKU ba="2,0" sc="201,0,269,0,184,0,346,0" /><INIT seed="4,3,0,3,3,111" ten="201,269,184,346" oya="0" hai0="43,16,45,124,21,48,39,116,58,57,108,54,46" hai1="27,110,72,85,117,73,133,92,64,60,114,89,5" hai2="129,11,109,87,104,30,98,0,55,3,38,7,95" hai3="134,97,100,1,6,125,56,130,63,14,83,20,24"/><T77/><D116/><U132/><E117/><V33/><F109/><W34/><G130/><T13/><D108/><U105/><E110/><V84/><F38/><W68/><G134/><N who="1" m="51818" /><E105/><V44/><F129/><W51/><G83/><T88/><D124/><U31/><E5/><V74/><F74/><W29/><G51/><T119/><D119/><U4/><E4/><V9/><F104/><W126/><G1/><T103/><D103/><U18/><E18/><V128/><F9/><N who="3" m="4407" /><G20/><T118/><D118/><U40/><E40/><V15/><F3/><W75/><G56/><T32/><D32/><N who="1" m="20607" /><E114/><V99/><F0/><W36/><G36/><T101/><D101/><U42/><E42/><V82/><F7/><W10/><G10/><T2/><D2/><U49/><E49/><V123/><F11/><W28/><G28/><T115/><D115/><U53/><E53/><V66/><F30/><W106/><G75/><T52/><D77/><U71/><AGARI ba="3,0" hai="60,64,71,72,73,85,89,92" m="20607,51818" machi="71" ten="30,1100,0" yaku="20,1" doraHai="111" who="1" fromWho="1" sc="201,-8,269,20,184,-6,346,-6" /><INIT seed="5,0,0,0,0,17" ten="193,289,178,340" oya="1" hai0="10,19,106,29,97,11,53,58,86,35,93,65,83" hai1="104,99,36,132,84,60,115,100,21,81,85,28,37" hai2="42,4,18,72,64,3,22,23,15,107,67,73,131" hai3="51,105,26,78,7,66,27,2,50,89,34,57,90"/><U14/><E132/><V112/><F107/><W1/><G57/><T134/><D106/><U55/><E115/><V79/><F112/><W116/><G66/><T56/><D134/><U24/><E84/><V77/><F42/><W76/><G7/><T88/><D35/><U6/><E6/><V74/><F131/><W12/><G12/><T71/><D29/><U123/><E123/><V87/><F3/><W110/><G105/><T102/><D71/><U8/><E8/><V133/><F133/><W108/><G34/><T111/><D111/><U39/><E14/><V103/><F103/><W120/><G116/><T68/><D68/><U125/><E125/><V96/><F96/><W63/><G63/><N who="0" m="38119" /><D19/><U30/><E30/><V117/><F4/><W25/><G25/><T20/><D20/><U92/><E104/><V98/><F98/><W49/><G49/><AGARI ba="0,0" hai="10,11,49,53,58,83,86,88,93,97,102" m="38119" machi="49" ten="30,2000,0" yaku="8,1,54,1" doraHai="17" who="0" fromWho="3" sc="193,20,289,0,178,0,340,-20" /><INIT seed="6,0,0,0,3,34" ten="213,289,178,320" oya="2" hai0="80,55,114,117,16,43,83,12,99,48,42,7,50" hai1="116,44,31,127,13,77,72,84,131,15,120,52,39" hai2="57,88,128,135,67,40,74,92,110,126,3,108,24" hai3="73,0,112,102,32,6,11,107,95,1,35,28,63"/><V37/><F74/><W4/><G95/><T132/><D114/><U69/><E116/><V76/><F76/><W5/><G63/><T82/><D117/><U66/><E120/><V59/><F135/><W85/><G85/><T29/><D132/><U70/><E131/><V56/><F128/><W47/><G47/><T64/><D7/><N who="3" m="2633" /><G102/><T60/><D29/><U98/><E72/><V51/><F126/><W100/><G100/><T103/><D60/><U19/><E127/><V65/><F37/><W94/><G94/><N who="0" m="58871" /><D64/><U46/><E31/><V61/><F24/><N who="3" m="18439" /><G107/><T119/><D119/><U109/><E98/><V17/><F17/><W81/><G81/><N who="0" m="20739" /><T36/><DORA hai="97" /><D36/><U33/><E77/><V62/><F3/><N who="3" m="479" /><G73/><T79/><D79/><U101/><E101/><V58/><F108/><W22/><G35/><T21/><D50/><U38/><E33/><V115/><F115/><W26/><G112/><T45/><AGARI ba="0,0" hai="12,16,21,42,43,45,48,55" m="20739,58871" machi="45" ten="30,4000,0" yaku="8,1,52,1,54,1" doraHai="34,97" who="0" fromWho="0" sc="213,40,289,-10,178,-20,320,-10" /><INIT seed="7,0,0,2,3,18" ten="253,279,158,310" oya="3" hai0="107,55,118,58,82,134,14,22,106,131,35,135,102" hai1="31,27,109,6,65,26,0,51,67,130,117,30,48" hai2="100,75,111,85,4,38,5,33,129,2,89,15,53" hai3="87,28,8,50,92,1,34,74,44,98,3,43,120"/><W52/><G74/><T10/><D118/><U20/><E109/><V47/><F111/><W63/><G120/><T64/><D35/><U61/><E130/><V110/><F110/><W124/><G34/><T72/><D64/><U127/><E127/><V99/><F75/><W104/><G104/><T101/><D131/><U36/><E36/><V84/><F129/><W42/><G28/><T122/><D122/><U96/><E117/><V93/><F2/><W7/><G3/><T128/><D128/><U119/><E119/><V83/><F33/><W97/><G124/><T112/><D82/><U66/><E61/><V77/><F15/><N who="3" m="5535" /><G63/><N who="0" m="36319" /><D10/><U133/><E133/><N who="0" m="50697" /><D72/><U59/><E59/><V16/><F16/><W73/><G1/><T60/><D60/><U29/><E0/><V12/><F12/><W108/><G73/><T11/><D112/><U32/><E6/><V56/><F56/><W80/><G108/><T23/><D106/><U115/><E115/><V132/><F132/><W86/><G86/><T24/><D24/><U91/><REACH who="1" step="1"/><E31/><REACH who="1" ten="253,269,158,310" step="2"/><V62/><F62/><W76/><G44/><T19/><D107/><U90/><E90/><V88/><F89/><W68/><G50/><T71/><D71/><U41/><E41/><V95/><F38/><W57/><G42/><T105/><D105/><U79/><E79/><V125/><REACH who="2" step="1"/><F125/><REACH who="2" ten="253,269,148,310" step="2"/><W78/><G68/><T54/><D14/><U37/><E37/><V94/><F94/><AGARI ba="0,2" hai="20,26,27,29,30,32,48,51,65,66,67,91,94,96" machi="94" ten="40,2600,0" yaku="1,1,52,1,53,0" doraHai="18" doraHaiUra="81" who="1" fromWho="2" sc="253,0,269,46,148,-26,310,0" owari="253,-15.0,315,42.0,122,-38.0,310,11.0" /></mjloggm>