<mjloggm ver="2.3"><GO type="169" lobby="0"/><UN n0="%68%61%79%61%74%6F%E2%98%86" n1="%68%65%74" n2="%E3%83%88%E3%83%88%E3%83%AA%E5%85%88%E7%94%9F%31%39%E6%AD%B3" n3="%EF%BD%9E%E5%8E%9F%E6%9D%91%E5%92%8C%EF%BD%9E" dan="17,16,18,16" rate="2177.27,2079.14,2210.27,2112.03" sx="M,M,F,F"/><TAIKYOKU oya="0"/><INIT seed="0,0,0,5,4,116" ten="250,250,250,250" oya="0" hai0="81,50,98,129,34,92,2,5,76,46,59,37,104" hai1="94,8,108,44,52,15,105,87,61,38,134,126,128" hai2="28,6,84,122,35,64,130,32,36,11,101,127,65" hai3="17,54,114,119,103,74,30,57,53,29,1,121,4"/><T75/><D129/><U21/><E108/><V118/><F36/><W27/><G114/><T10/><D34/><U107/><E128/><V22/><F130/><W90/><G74/><T31/><D31/><U85/><E126/><V89/><F127/><W112/><G112/><T88/><D59/><U16/><E134/><V19/><F101/><W66/><G119/><T120/><D104/><U56/><E107/><V51/><F122/><W96/><G1/><T97/><D120/><U132/><E105/><V18/><F18/><W102/><G4/><T45/><D45/><U3/><E132/><V123/><F123/><W77/><G77/><T49/><D98/><U14/><E3/><V124/><F124/><W20/><G121/><T86/><D97/><U82/><E94/><V47/><F118/><W113/><G113/><T83/><REACH who="0" step="1"/><D81/><REACH who="0" ten="240,250,250,250" step="2"/><U78/><E44/><V93/><F28/><W79/><G29/><T80/><D80/><U71/><E71/><V33/><F32/><W55/><G30/><T111/><D111/><U131/><E131/><V58/><F58/><W60/><G79/><T0/><D0/><U68/><E68/><V48/><F33/><W109/><G109/><T42/><AGARI ba="0,1" hai="2,5,10,37,42,46,49,50,75,76,83,86,88,92" machi="42" ten="30,18000,2" yaku="1,1,0,1,25,2,54,1,53,1" doraHai="116" doraHaiUra="72" who="0" fromWho="0" sc="240,190,250,-60,250,-60,250,-60" /><INIT seed="0,1,0,3,1,89" ten="430,190,190,190" oya="0" hai0="108,59,94,10,34,76,105,67,0,132,127,20,56" hai1="11,24,46,115,69,44,116,19,31,90,131,92,21" hai2="84,123,96,93,35,32,28,74,52,53,8,37,25" hai3="47,134,85,124,97,119,77,7,30,3,128,122,91"/><T1/><D34/><U111/><E116/><V64/><F123/><W118/><G7/><T110/><D105/><U103/><E111/><N who="0" m="42537" /><D76/><U82/><E131/><V104/><F74/><W100/><G3/><T109/><D132/><U23/><E69/><V39/><F35/><W17/><G30/><T101/><D127/><U133/><E133/><V48/><F104/><W126/><G47/><T55/><D20/><U72/><E115/><V63/><F84/><W102/><G17/><T80/><D80/><U15/><E103/><N who="3" m="39466" /><G134/><T112/><D112/><U41/><E41/><V121/><F53/><W54/><G54/><T125/><D125/><N who="3" m="48233" /><G128/><T2/><D10/><U13/><E82/><V86/><F121/><W107/><G122/><T36/><D36/><U75/><E75/><V78/><F8/><W73/><G73/><T66/><D109/><U14/><E72/><V99/><F37/><W45/><G107/><T61/><D59/><U49/><E11/><V43/><F39/><W60/><G45/><T27/><D27/><U81/><E44/><V114/><F114/><W120/><G120/><T29/><D29/><U113/><E113/><V87/><F28/><W16/><G118/><T5/><D5/><U33/><E33/><V6/><F25/><W117/><G16/><T135/><D135/><U71/><E71/><V42/><F6/><W79/><G79/><T130/><D130/><U50/><E46/><V12/><F78/><W98/><G77/><T83/><D83/><U129/><E81/><V18/><F32/><W106/><G106/><T51/><D51/><N who="1" m="19467" /><E129/><V57/><F42/><RYUUKYOKU ba="1,0" sc="430,15,190,15,190,-15,190,-15" hai0="0,1,2,55,56,61,66,67,94,101" hai1="13,14,15,19,21,23,24,31,90,92" /><INIT seed="0,2,0,1,1,54" ten="445,205,175,175" oya="0" hai0="20,0,17,27,100,71,11,81,67,8,62,80,84" hai1="110,135,40,98,25,102,103,14,105,112,125,83,70" hai2="21,13,126,124,133,34,9,48,61,88,36,18,101" hai3="121,49,111,53,104,66,39,63,46,42,50,108,7"/><T22/><D100/><U82/><E70/><V47/><F34/><W132/><G104/><T69/><D0/><U113/><E40/><V116/><F36/><W115/><G7/><T56/><D80/><U12/><E110/><N who="3" m="42026" /><G115/><N who="1" m="44106" /><E135/><V94/><F101/><W79/><G79/><N who="0" m="46143" /><D71/><U109/><E109/><V114/><F114/><W90/><G90/><T123/><D69/><U91/><E103/><V87/><F133/><W93/><G93/><T38/><D38/><U31/><E125/><N who="2" m="48235" /><F61/><W86/><G86/><T26/><D123/><U64/><E64/><V44/><F116/><W29/><G29/><AGARI ba="2,0" hai="8,11,17,20,22,26,27,29,56,62,67" m="46143" machi="29" ten="30,2900,0" yaku="8,1,52,1" doraHai="54" who="0" fromWho="3" sc="445,35,205,0,175,0,175,-35" /><INIT seed="0,3,0,2,3,110" ten="480,205,175,140" oya="0" hai0="102,78,126,69,62,109,73,118,98,103,56,7,28" hai1="46,128,35,101,68,33,105,16,80,37,36,75,77" hai2="116,134,104,24,32,111,20,14,93,92,124,66,64" hai3="18,47,87,12,5,3,19,53,48,117,13,85,8"/><T9/><D118/><U65/><E128/><V94/><F104/><W60/><G117/><T84/><D69/><U42/><E37/><V95/><F116/><W44/><G3/><T51/><D73/><U34/><E16/><N who="2" m="12295" /><F32/><W40/><G60/><T79/><D28/><U39/><E39/><V133/><F124/><W120/><G120/><T81/><D109/><U106/><E101/><V99/><F111/><W55/><G5/><T130/><D130/><U23/><E23/><V67/><F14/><W86/><REACH who="3" step="1"/><G47/><REACH who="3" ten="480,205,175,130" step="2"/><T132/><D62/><AGARI ba="3,1" hai="33,34,35,36,42,46,62,65,68,75,77,80,105,106" machi="62" ten="40,5200,0" yaku="33,3" doraHai="110" who="1" fromWho="0" sc="480,-61,205,71,175,0,130,0" /><INIT seed="1,0,0,0,1,28" ten="419,276,175,130" oya="1" hai0="134,97,122,71,54,125,49,61,80,133,115,27,99" hai1="103,5,85,51,75,91,100,109,7,44,74,30,107" hai2="79,132,2,68,29,94,16,113,129,17,42,15,128" hai3="39,40,18,130,62,112,84,110,70,24,58,124,19"/><U106/><E30/><V93/><F68/><W114/><G70/><T65/><D115/><U77/><E7/><V131/><F2/><W121/><G40/><T25/><D122/><U116/><E5/><V35/><F113/><W21/><G39/><T31/><D25/><U4/><E4/><V78/><F132/><N who="0" m="50794" /><D80/><N who="1" m="47247" /><E51/><V96/><F42/><W126/><G121/><T57/><D125/><N who="3" m="48233" /><G110/><T55/><D54/><U90/><E44/><V72/><F94/><W105/><G105/><N who="1" m="39946" /><E116/><V120/><F120/><W82/><G18/><N who="2" m="7273" /><F72/><N who="1" m="27689" /><E109/><V26/><F15/><W34/><G130/><T81/><D71/><U3/><E3/><V59/><F59/><W47/><G47/><T101/><D57/><U98/><E103/><AGARI ba="0,0" hai="26,29,35,78,79,93,96,103,128,129,131" m="7273" machi="103" ten="30,3900,0" yaku="19,1,52,1,54,1" doraHai="28" who="2" fromWho="1" sc="419,0,276,-39,175,39,130,0" /><INIT seed="2,0,0,2,5,28" ten="419,237,214,130" oya="2" hai0="65,56,26,112,70,52,118,76,16,48,24,0,6" hai1="115,121,104,95,134,122,79,80,37,60,98,1,20" hai2="105,4,18,92,133,87,22,96,78,74,72,23,114" hai3="102,82,130,110,36,11,117,3,12,131,97,120,31"/><V128/><F114/><W14/><G36/><T66/><D76/><U39/><E115/><V25/><F128/><W27/><G117/><T73/><D73/><U33/><E33/><V35/><F133/><W29/><G82/><T19/><D118/><U49/><E134/><V45/><F105/><W109/><G102/><T41/><D70/><U127/><E127/><V103/><F35/><N who="3" m="20927" /><G97/><T119/><D112/><U15/><E1/><V42/><F4/><N who="3" m="1439" /><G120/><N who="1" m="46186" /><E104/><V38/><F78/><W135/><G135/><T83/><D0/><U116/><E116/><V8/><F87/><W132/><G132/><T64/><D6/><U40/><E60/><V10/><F72/><W67/><G67/><T124/><D124/><U46/><E20/><V111/><F74/><W53/><G53/><T13/><D41/><U34/><E34/><V55/><F55/><W123/><G31/><T57/><D83/><U50/><E15/><N who="3" m="5674" /><G123/><T113/><D113/><U77/><E37/><V58/><F58/><W7/><G7/><T9/><D119/><U94/><E79/><V44/><F44/><W86/><G86/><T21/><D56/><U84/><E95/><V5/><F5/><W108/><AGARI ba="0,0" hai="108,109,110,130,131" m="5674,1439,20927" machi="108" ten="40,8000,1" yaku="14,1,34,2,52,1" doraHai="28" who="3" fromWho="3" sc="419,-20,237,-20,214,-40,130,80" /><INIT seed="3,0,0,4,3,80" ten="399,217,174,210" oya="3" hai0="135,119,1,129,121,32,36,31,23,68,101,18,39" hai1="84,100,81,3,15,107,30,6,130,16,0,35,110" hai2="72,65,74,83,47,33,10,104,62,50,114,126,34" hai3="56,25,52,85,8,97,14,21,40,116,98,45,79"/><W134/><G134/><T96/><D121/><U60/><E6/><V73/><F104/><W91/><G79/><T111/><D1/><U43/><E43/><V38/><F114/><W109/><G109/><T93/><D111/><U86/><E110/><V75/><F126/><W115/><G116/><T42/><D68/><U28/><E130/><V69/><F10/><W9/><G115/><T82/><D129/><U27/><E30/><V112/><F112/><W19/><G40/><T63/><D63/><U66/><E100/><V55/><F38/><W77/><G77/><T103/><D103/><U12/><E107/><V132/><F132/><W99/><G45/><T54/><D54/><U29/><E29/><V67/><F67/><W57/><G57/><T59/><D59/><U87/><E81/><V118/><F118/><W5/><G5/><T95/><D82/><U131/><E131/><V117/><F117/><W78/><G78/><T125/><D125/><U24/><E24/><V92/><F83/><N who="3" m="49599" /><G25/><T94/><D39/><U61/><E12/><V122/><F122/><W106/><G106/><T41/><D41/><U51/><E51/><AGARI ba="0,0" hai="8,9,14,19,21,51,52,56,97,98,99" m="49599" machi="51" ten="30,5800,0" yaku="8,1,52,1,54,1" doraHai="80" who="3" fromWho="1" sc="399,0,217,-58,174,0,210,58" /><INIT seed="3,1,0,0,5,50" ten="399,159,174,268" oya="3" hai0="94,124,74,12,107,79,0,118,26,18,65,83,102" hai1="120,29,73,23,5,1,84,60,97,63,119,114,129" hai2="105,101,16,7,39,92,85,90,66,127,108,21,51" hai3="126,89,47,55,36,59,10,9,32,54,24,61,88"/><W48/><G126/><T25/><D0/><U106/><E73/><V13/><F39/><W125/><G125/><T98/><D124/><U38/><E38/><V135/><F127/><W40/><G32/><T69/><D118/><U132/><E120/><V99/><F108/><W96/><G24/><T128/><D128/><U81/><E119/><V31/><F135/><W131/><G131/><T22/><D65/><U70/><E129/><V109/><F109/><W91/><REACH who="3" step="1"/><G96/><REACH who="3" ten="399,159,174,258" step="2"/><T30/><D26/><U104/><E97/><V58/><F31/><W35/><G35/><T11/><REACH who="0" step="1"/><D69/><REACH who="0" ten="389,159,174,258" step="2"/><U110/><E70/><V41/><F66/><W27/><G27/><T53/><D53/><U37/><E110/><V68/><F68/><W62/><G62/><T113/><D113/><U14/><E63/><V20/><F41/><W33/><G33/><T57/><D57/><AGARI ba="1,2" hai="9,10,36,40,47,48,54,55,57,59,61,88,89,91" machi="57" ten="40,12000,1" yaku="1,1,52,2,54,1,53,0" doraHai="50" doraHaiUra="67" who="3" fromWho="0" sc="389,-123,159,0,174,0,258,143" /><INIT seed="3,2,0,5,1,110" ten="266,159,174,401" oya="3" hai0="51,59,10,123,132,86,124,7,57,11,15,97,36" hai1="2,114,13,20,56,109,103,52,32,60,83,70,112" hai2="126,94,84,63,6,44,134,131,1,65,82,18,0" hai3="98,113,33,19,125,23,61,50,117,29,69,106,71"/><W105/><G117/><T48/><D36/><U62/><E2/><V67/><F131/><W28/><G106/><T79/><D123/><U45/><E32/><V87/><F134/><W24/><G29/><T25/><D132/><U129/><E109/><V120/><F120/><W99/><G99/><T49/><D124/><U34/><E34/><V55/><F126/><W43/><G71/><T108/><D108/><U30/><E129/><V85/><F82/><W81/><G81/><N who="0" m="47423" /><D25/><U12/><E103/><V101/><F6/><W121/><G50/><T91/><D11/><U76/><E45/><V107/><F107/><W119/><G43/><T5/><D5/><U128/><E128/><V90/><F101/><N who="3" m="62647" /><G119/><T127/><D127/><U53/><E12/><V73/><F73/><W31/><G31/><T72/><D72/><U111/><E111/><V39/><F1/><W64/><G125/><T37/><D37/><U16/><E30/><V133/><F0/><W130/><G121/><T21/><D21/><U100/><E100/><V38/><F133/><W135/><G135/><T42/><D42/><U27/><E27/><V66/><F38/><W96/><G130/><T74/><D74/><U22/><E22/><V78/><F78/><W17/><G17/><T46/><D46/><U8/><E8/><V77/><F77/><W14/><G96/><T35/><D35/><U104/><E104/><V122/><F122/><W92/><G92/><AGARI ba="2,0" hai="7,10,15,48,49,51,57,59,91,92,97" m="47423" machi="92" ten="30,1000,0" yaku="8,1" doraHai="110" who="0" fromWho="3" sc="266,16,159,0,174,0,401,-16" /><INIT seed="4,0,0,1,2,110" ten="282,159,174,385" oya="0" hai0="52,29,36,91,16,3,133,115,2,26,78,126,13" hai1="100,60,123,97,30,124,108,64,119,40,131,106,42" hai2="135,61,38,66,44,14,122,69,120,113,130,35,68" hai3="125,8,24,25,67,79,28,134,80,19,7,94,10"/><T73/><D36/><U84/><E123/><N who="2" m="47147" /><F14/><W48/><G125/><T43/><D43/><U112/><E124/><V129/><F35/><W77/><G134/><T82/><D126/><U46/><E108/><V9/><F9/><W34/><G67/><T50/><D91/><U70/><E42/><N who="2" m="22615" /><F135/><W39/><G39/><T11/><D133/><U121/><E121/><V99/><F99/><W31/><G48/><T117/><D117/><U92/><E119/><V63/><F113/><W21/><G80/><T53/><D115/><U4/><E112/><V95/><F95/><W76/><G7/><T45/><REACH who="0" step="1"/><D53/><REACH who="0" ten="272,159,174,385" step="2"/><U90/><E90/><V41/><F41/><W15/><G94/><T65/><D65/><AGARI ba="0,1" hai="61,63,65,66,68,69,129,130" m="22615,47147" machi="65" ten="30,3900,0" yaku="23,1,34,2" doraHai="110" who="2" fromWho="0" sc="272,-39,159,0,174,49,385,0" /><INIT seed="5,0,0,2,0,50" ten="233,159,223,385" oya="1" hai0="48,7,104,96,107,10,31,89,52,80,94,72,47" hai1="83,95,132,15,43,63,91,68,2,125,5,53,40" hai2="92,93,4,126,135,70,108,45,22,26,127,113,30" hai3="20,62,71,37,85,25,103,24,46,81,69,60,128"/><U65/><E2/><V106/><F108/><W73/><G73/><T42/><D31/><U79/><E132/><V119/><F119/><W120/><G24/><T12/><D72/><U76/><E125/><N who="2" m="47627" /><F70/><W123/><G71/><T39/><REACH who="0" step="1"/><D80/><REACH who="0" ten="223,159,223,385" step="2"/><U102/><E83/><V134/><F30/><W105/><G81/><T17/><D17/><U131/><E131/><V35/><F134/><W101/><G128/><T11/><D11/><U117/><E117/><V133/><F135/><W1/><G120/><T122/><D122/><U27/><E79/><V13/><F133/><W99/><G123/><T57/><AGARI ba="0,1" hai="7,10,12,39,42,47,48,52,57,89,94,96,104,107" machi="57" ten="20,8000,1" yaku="1,1,0,1,7,1,52,1,54,1,53,0" doraHai="50" doraHaiUra="16" who="0" fromWho="0" sc="223,90,159,-40,223,-20,385,-20" /><INIT seed="6,0,0,5,5,53" ten="313,119,203,365" oya="2" hai0="5,117,25,40,37,123,61,100,93,29,50,68,63" hai1="121,106,101,17,122,41,82,95,45,51,90,66,102" hai2="65,103,133,27,52,132,124,71,118,86,7,104,23" hai3="21,64,114,34,13,19,43,83,109,0,84,1,127"/><V126/><F118/><W76/><G109/><T6/><D37/><U57/><E82/><V55/><F7/><W42/><G34/><T15/><D123/><U22/><E106/><V119/><F119/><W81/><G127/><N who="2" m="48681" /><F86/><W73/><G114/><T12/><D68/><U131/><E131/><V67/><F103/><W88/><REACH who="3" step="1"/><G64/><REACH who="3" ten="313,119,203,355" step="2"/><N who="2" m="24649" /><F71/><W11/><G11/><T80/><D117/><U74/><E122/><V134/><F104/><W89/><G89/><T49/><D100/><U75/><E121/><V38/><F38/><W110/><G110/><T79/><D79/><U16/><E102/><V107/><F107/><W20/><G20/><T62/><D5/><U9/><E101/><V59/><F59/><W3/><AGARI ba="0,1" hai="0,1,3,13,19,21,42,43,73,76,81,83,84,88" machi="3" ten="30,4000,0" yaku="1,1,0,1,54,1,53,0" doraHai="53" doraHaiUra="69" who="3" fromWho="3" sc="313,-10,119,-10,203,-20,355,50" /><INIT seed="7,0,0,4,1,131" ten="303,109,183,405" oya="3" hai0="90,68,110,34,22,99,48,128,13,84,35,0,83" hai1="14,102,101,133,107,30,25,50,116,120,61,26,100" hai2="9,21,105,85,88,82,121,41,73,78,5,6,56" hai3="12,118,44,63,80,58,113,115,36,109,49,16,106"/><W86/><G106/><T42/><D0/><U11/><E120/><V67/><F121/><W70/><G70/><T38/><D68/><U19/><E107/><V127/><F105/><W2/><G2/><T18/><D38/><U15/><E116/><V125/><F41/><W132/><G36/><T77/><D110/><U71/><E71/><V53/><F21/><W87/><G132/><T91/><D35/><U43/><E61/><N who="2" m="35983" /><F9/><W60/><G118/><T119/><D34/><U79/><E79/><V92/><F67/><W134/><G134/><T72/><D128/><U135/><E15/><V20/><F20/><W57/><G109/><T45/><D119/><U51/><E26/><V8/><F8/><W66/><G80/><T117/><D117/><U95/><E95/><V3/><F3/><W108/><G108/><T64/><D64/><U103/><N who="1" m="26112" /><DORA hai="75" /><U94/><E94/><V104/><F104/><W69/><G66/><T10/><D72/><U31/><E31/><V52/><F52/><W40/><G69/><T7/><D99/><U93/><E93/><V28/><F28/><W47/><G63/><T33/><D33/><U55/><E43/><V124/><AGARI ba="0,0" hai="5,6,73,78,82,85,88,92,124,125,127" m="35983" machi="124" ten="30,4000,0" yaku="18,1,52,1,54,1" doraHai="131,75" who="2" fromWho="2" sc="303,-10,109,-10,183,40,405,-20" owari="293,9.0,99,-40.0,223,-18.0,385,49.0" /></mjloggm>