<mjloggm ver="2.3"><GO type="169" lobby="0"/><UN n0="%E5%B0%B1%E6%B4%BB%E7%94%9F%40%E5%B7%9D%E6%9D%91%E8%BB%8D%E5%9B%A3" n1="%3D%4A%61%6D" n2="%E3%83%87%E3%82%A3%E3%82%BD%E3%83%BC%E3%83%AB" n3="%E5%91%82%E5%A7%AB" dan="17,16,16,18" rate="2202.24,2183.80,2132.45,2285.04" sx="M,M,M,F"/><TAIKYOKU oya="0"/><INIT seed="0,0,0,2,5,91" ten="250,250,250,250" oya="0" hai0="129,67,62,25,39,130,125,75,104,43,73,120,59" hai1="55,45,9,17,96,46,21,22,6,32,106,29,84" hai2="95,34,123,15,7,20,64,30,76,131,52,50,42" hai3="38,61,35,74,56,16,105,8,85,58,99,114,111"/><T127/><D104/><U80/><E106/><V51/><F123/><W108/><G74/><T83/><D25/><U4/><E32/><V5/><F34/><W87/><G114/><T102/><D102/><U133/><E133/><V23/><F131/><N who="0" m="50186" /><D120/><U126/><E126/><N who="0" m="48137" /><D83/><U117/><E117/><V1/><F1/><W44/><G99/><T27/><D27/><N who="1" m="16631" /><E96/><V89/><F76/><W63/><G85/><T132/><D132/><U60/><E9/><V94/><F64/><W65/><G87/><T115/><D115/><U71/><E71/><V135/><F135/><W109/><G105/><T124/><N who="0" m="48145" /><T78/><DORA hai="10" /><D78/><N who="1" m="46103" /><E60/><V12/><F42/><W100/><G100/><T24/><D24/><N who="1" m="14383" /><E55/><V72/><F72/><N who="0" m="27722" /><D43/><U53/><E53/><V19/><F30/><W90/><G109/><T41/><D41/><U110/><E110/><V88/><F52/><W82/><G108/><T119/><D119/><U36/><E46/><V14/><F14/><W11/><G111/><T3/><D39/><U66/><E36/><V18/><AGARI ba="0,0" hai="5,7,12,15,18,19,20,23,50,51,88,89,94,95" machi="18" ten="25,16000,3" yaku="0,1,22,2,8,1,52,4,54,1" doraHai="91,10" who="2" fromWho="2" sc="250,-80,250,-40,250,160,250,-40" /><INIT seed="1,0,0,2,3,18" ten="170,210,410,210" oya="1" hai0="0,122,81,100,102,7,26,94,112,30,1,22,37" hai1="93,134,24,70,38,43,82,72,49,131,57,88,90" hai2="48,104,5,41,4,60,8,92,50,66,47,15,55" hai3="87,32,27,51,23,34,33,117,132,96,62,3,64"/><U52/><E134/><V123/><F104/><W39/><G39/><T106/><D106/><U14/><E131/><V110/><F123/><W84/><G132/><T42/><D112/><U89/><E70/><V76/><F110/><W2/><G117/><T101/><D122/><U86/><E72/><V118/><F118/><W31/><G96/><T99/><D81/><U65/><E65/><V121/><F121/><W75/><G75/><T124/><D124/><U133/><E133/><V59/><F76/><W61/><G51/><T91/><REACH who="0" step="1"/><D7/><REACH who="0" ten="160,210,410,210" step="2"/><U107/><E107/><V69/><REACH who="2" step="1"/><F92/><REACH who="2" ten="160,210,400,210" step="2"/><W67/><G2/><T74/><D74/><U127/><E127/><V105/><F105/><W40/><G3/><T73/><D73/><U29/><E93/><V20/><F20/><W9/><G34/><T113/><D113/><U78/><E78/><V116/><F116/><W103/><G33/><T85/><D85/><U21/><REACH who="1" step="1"/><E14/><REACH who="1" ten="160,200,400,210" step="2"/><V13/><F13/><W6/><G84/><T19/><D19/><AGARI ba="0,3" hai="4,5,8,15,19,41,47,48,50,55,59,60,66,69" machi="19" ten="30,2000,0" yaku="1,1,7,1,53,0" doraHai="18" doraHaiUra="17" who="2" fromWho="0" sc="160,-20,200,0,400,50,210,0" /><INIT seed="2,0,0,4,0,111" ten="140,200,450,210" oya="2" hai0="51,106,53,56,8,119,23,131,61,12,45,73,44" hai1="72,83,55,100,70,117,54,77,127,9,49,2,97" hai2="114,94,126,82,81,68,66,102,110,103,75,14,120" hai3="48,62,99,19,46,98,79,20,38,80,35,42,22"/><V130/><F66/><W122/><G35/><T24/><D131/><U18/><E117/><V34/><F14/><W50/><G122/><T90/><D119/><U118/><E118/><V59/><F59/><W87/><G38/><T33/><D33/><U101/><E70/><V41/><F41/><W88/><G22/><T0/><D0/><U47/><E127/><V133/><F94/><W95/><G62/><T6/><D106/><U129/><E129/><V36/><F82/><W67/><G67/><T132/><D73/><U13/><E2/><V29/><F29/><W16/><G50/><T105/><D105/><U104/><E101/><V43/><F43/><AGARI ba="0,0" hai="9,13,18,43,47,49,54,55,72,77,83,97,100,104" machi="43" ten="30,1000,0" yaku="7,1" doraHai="111" who="1" fromWho="2" sc="140,0,200,10,450,-10,210,0" /><INIT seed="3,0,0,2,2,27" ten="140,210,440,210" oya="3" hai0="83,50,20,39,85,0,116,97,80,42,45,25,119" hai1="78,46,67,36,130,58,5,94,112,53,72,107,33" hai2="110,84,8,128,114,66,61,65,91,52,31,103,56" hai3="129,23,104,95,38,28,15,60,54,126,32,55,115"/><W101/><G104/><T93/><D0/><U87/><E107/><V113/><F110/><W117/><G117/><T26/><D26/><U2/><E112/><V76/><F128/><W98/><G115/><T14/><D14/><U64/><E33/><V19/><F103/><W73/><G73/><T12/><D12/><U22/><E130/><V125/><F125/><W86/><G38/><T48/><D39/><U74/><E74/><V59/><F76/><W122/><G122/><T7/><D7/><U133/><E133/><V13/><F31/><W1/><G1/><T77/><D50/><U30/><E5/><V134/><F66/><W49/><G126/><T71/><D83/><U108/><E2/><V44/><F134/><W81/><G32/><T88/><REACH who="0" step="1"/><D71/><REACH who="0" ten="130,210,440,210" step="2"/><U16/><E36/><V96/><F114/><W51/><G129/><T79/><D79/><U47/><E78/><V92/><F113/><W40/><G15/><T121/><D121/><U100/><E47/><V102/><F44/><N who="3" m="25735" /><G51/><T4/><D4/><U120/><E46/><V57/><REACH who="2" step="1"/><F65/><REACH who="2" ten="130,210,430,210" step="2"/><W29/><G60/><T82/><D82/><AGARI ba="0,2" hai="8,13,19,52,56,57,59,61,82,84,91,92,96,102" machi="82" ten="30,8000,1" yaku="1,1,2,1,7,1,8,1,54,1,53,0" doraHai="27" doraHaiUra="24" who="2" fromWho="0" sc="130,-80,210,0,430,100,210,0" /><INIT seed="4,0,0,4,0,63" ten="50,210,530,210" oya="0" hai0="105,71,22,72,117,78,6,70,46,114,102,111,73" hai1="69,17,93,92,27,53,100,0,109,96,131,107,12" hai2="10,110,76,133,15,64,40,21,19,74,84,11,2" hai3="32,125,18,97,1,124,34,60,67,90,119,30,36"/><T130/><D117/><U54/><E0/><V50/><F110/><W99/><G119/><T5/><D111/><U39/><E39/><V59/><F74/><W104/><G36/><T91/><D130/><U87/><E109/><V31/><F133/><W86/><G1/><T120/><D120/><U94/><E131/><V115/><F115/><W129/><G129/><T13/><D114/><U35/><E69/><V75/><F75/><W58/><G18/><T79/><D91/><U83/><E27/><N who="2" m="16879" /><F2/><W95/><G30/><T57/><D57/><U56/><E35/><V43/><F11/><W26/><G26/><T9/><D46/><U80/><E80/><N who="2" m="47111" /><F50/><W68/><G68/><T51/><D51/><U38/><E38/><V29/><F29/><W113/><G113/><T52/><D9/><U8/><E56/><V118/><F118/><W14/><G14/><T47/><D47/><U33/><E33/><N who="3" m="12906" /><G104/><T37/><D37/><U45/><E45/><V103/><F103/><W134/><G134/><T23/><D102/><U48/><E48/><V121/><F121/><W20/><G20/><T89/><D105/><U127/><E107/><V101/><F101/><W98/><G125/><T128/><D128/><U82/><E127/><V28/><F28/><W132/><G124/><T108/><D108/><U123/><E123/><V112/><F112/><W61/><G132/><T41/><D41/><U49/><E49/><V116/><F116/><W24/><G24/><T122/><D122/><U106/><E82/><V66/><F59/><W25/><G25/><T42/><D42/><AGARI ba="0,0" hai="10,15,19,40,42,43,64,66" m="47111,16879" machi="42" ten="30,3900,0" yaku="8,1,52,2" doraHai="63" who="2" fromWho="0" sc="50,-39,210,0,530,39,210,0" /><INIT seed="5,0,0,5,1,37" ten="11,210,569,210" oya="1" hai0="107,63,17,3,123,117,10,51,118,30,86,43,122" hai1="113,23,6,100,93,99,48,120,84,79,21,70,102" hai2="131,46,106,127,62,42,20,24,50,19,64,89,104" hai3="97,57,81,101,73,111,36,87,69,68,31,126,125"/><U82/><E120/><N who="0" m="46121" /><D107/><U38/><E38/><V4/><F127/><N who="3" m="48651" /><G111/><T1/><D30/><U14/><E70/><V49/><F131/><W134/><G134/><T119/><D86/><U95/><E113/><V129/><F129/><W124/><G124/><T27/><D27/><U18/><E6/><V108/><F108/><W96/><G73/><T83/><D83/><U41/><E23/><V54/><F4/><W116/><G116/><N who="0" m="29699" /><T92/><DORA hai="8" /><D92/><N who="1" m="35403" /><E99/><V135/><F89/><N who="3" m="51439" /><G31/><T85/><D85/><U25/><E25/><V53/><F135/><W75/><G75/><T128/><D128/><U12/><E12/><V33/><F33/><W44/><G57/><T72/><D72/><U34/><E34/><V32/><F32/><W58/><G58/><T77/><D77/><U109/><E109/><V115/><F115/><W15/><G15/><N who="0" m="7415" /><D63/><U71/><E71/><V94/><F94/><N who="3" m="58519" /><G97/><T114/><D114/><U66/><E66/><V67/><F67/><W91/><G91/><T9/><D9/><U52/><E102/><V56/><REACH who="2" step="1"/><F54/><REACH who="2" ten="11,210,559,210" step="2"/><W110/><G110/><T2/><D2/><U16/><E52/><V98/><F98/><W132/><G132/><T76/><D76/><U105/><E79/><V112/><F112/><W90/><G90/><T133/><D133/><U80/><E100/><V55/><F55/><W78/><G78/><T39/><D39/><U59/><E82/><V121/><F121/><W88/><G88/><T47/><AGARI ba="0,1" hai="1,3,43,47,51" m="7415,29699,46121" machi="47" ten="50,6400,0" yaku="13,1,52,2" doraHai="37,8" who="0" fromWho="0" sc="11,74,210,-32,559,-16,210,-16" /><INIT seed="6,0,0,3,5,24" ten="85,178,543,194" oya="2" hai0="11,66,133,48,29,87,67,9,93,95,118,68,114" hai1="134,73,121,45,51,54,117,80,50,32,34,18,40" hai2="105,42,4,41,131,69,130,88,63,84,6,64,37" hai3="56,96,5,8,123,91,89,59,65,27,60,112,92"/><V39/><F105/><W22/><G123/><T99/><D114/><U16/><E117/><V111/><F111/><W25/><G112/><T120/><D120/><U46/><E121/><V33/><F33/><W44/><G44/><T97/><D118/><U104/><E104/><V86/><F4/><W23/><G27/><T116/><D116/><U31/><E134/><V36/><F86/><W43/><G43/><T1/><D133/><U71/><E71/><V76/><F76/><W126/><G126/><T30/><D68/><U78/><REACH who="1" step="1"/><E31/><REACH who="1" ten="85,168,543,194" step="2"/><N who="0" m="11785" /><D1/><U53/><E53/><V90/><F131/><W132/><G132/><T94/><D87/><U57/><E57/><V128/><F128/><W62/><G25/><T26/><D26/><U19/><AGARI ba="0,1" hai="16,18,19,32,34,40,45,46,50,51,54,73,78,80" machi="19" ten="30,7900,0" yaku="1,1,0,1,54,1,53,1" doraHai="24" doraHaiUra="106" who="1" fromWho="1" sc="85,-20,168,89,543,-39,194,-20" /><INIT seed="7,0,0,5,3,111" ten="65,257,504,174" oya="3" hai0="101,104,113,83,35,114,52,59,97,87,115,135,13" hai1="1,20,128,7,71,107,4,69,25,10,49,34,81" hai2="119,38,108,73,117,125,84,3,110,46,67,95,63" hai3="100,98,56,42,130,21,91,105,0,18,15,37,134"/><W116/><G116/><T11/><D135/><U54/><E107/><V102/><F84/><W24/><G0/><T72/><D35/><U32/><E128/><V106/><F95/><W62/><G130/><T39/><D39/><U29/><E34/><V6/><F73/><W76/><G134/><T45/><D72/><U57/><E4/><V5/><F5/><W2/><G2/><T41/><D11/><U82/><E32/><V66/><F66/><W17/><G76/><T78/><D13/><U122/><E122/><V43/><F125/><W109/><G109/><N who="2" m="42089" /><F63/><W47/><G91/><T120/><D120/><U86/><E82/><V75/><F67/><W129/><G129/><T127/><D127/><U74/><E74/><V94/><F94/><W89/><G89/><AGARI ba="0,0" hai="1,7,10,20,25,29,49,54,57,69,71,81,86,89" machi="89" ten="30,1000,0" yaku="7,1" doraHai="111" who="1" fromWho="3" sc="65,0,257,10,504,0,174,-10" owari="65,-43.0,267,7.0,504,60.0,164,-24.0" /></mjloggm>