<mjloggm ver="2.3"><GO type="169" lobby="0"/><UN n0="%6F%6E%65%73%74%61%72" n1="%E5%B0%B1%E6%B4%BB%E7%94%9F%40%E5%B7%9D%E6%9D%91%E8%BB%8D%E5%9B%A3" n2="%45%47%41%4B%55" n3="%74%6F%74%6F%74%61%72%6F" dan="17,17,16,17" rate="2187.20,2169.83,2054.45,2204.30" sx="M,M,M,M"/><TAIKYOKU oya="0"/><INIT seed="0,0,0,5,5,18" ten="250,250,250,250" oya="0" hai0="119,127,90,37,48,67,125,58,132,11,104,114,102" hai1="25,33,73,106,124,76,84,112,5,17,34,121,20" hai2="19,110,135,94,92,27,108,85,123,46,51,16,82" hai3="44,117,23,71,28,3,66,6,9,93,59,21,88"/><T12/><D37/><U64/><E73/><V80/><F123/><W47/><G117/><T118/><D114/><U50/><E106/><V113/><F113/><W54/><G71/><T72/><D72/><U65/><E121/><V41/><F135/><W115/><G115/><T13/><D132/><U32/><E112/><V31/><F82/><W60/><G28/><T40/><D90/><U81/><E124/><N who="0" m="47689" /><D13/><U78/><E78/><V83/><F80/><W96/><REACH who="3" step="1"/><G66/><REACH who="3" ten="250,250,250,240" step="2"/><T36/><D67/><U30/><E30/><V98/><F108/><W79/><G79/><T134/><D134/><U8/><REACH who="1" step="1"/><E50/><REACH who="1" ten="250,240,250,240" step="2"/><V130/><F51/><W75/><G75/><T116/><D48/><U1/><AGARI ba="0,2" hai="1,5,8,17,20,25,32,33,34,64,65,76,81,84" machi="1" ten="30,8000,1" yaku="1,1,2,1,0,1,52,1,53,1" doraHai="18" doraHaiUra="14" who="1" fromWho="1" sc="250,-40,240,100,250,-20,240,-20" /><INIT seed="1,0,0,4,3,102" ten="210,340,230,220" oya="1" hai0="129,15,77,115,13,71,38,76,134,24,79,8,12" hai1="112,51,81,27,6,97,56,128,4,14,72,99,123" hai2="3,78,98,88,30,130,21,135,114,53,110,11,52" hai3="67,57,60,133,116,113,55,1,35,111,0,25,7"/><U107/><E123/><V19/><F114/><W70/><G111/><T86/><D115/><U36/><E36/><V16/><F78/><W23/><G113/><T29/><D71/><U59/><E112/><V95/><F110/><W44/><G133/><T20/><D134/><U66/><E128/><V65/><F65/><W42/><G35/><T109/><D109/><U101/><E27/><N who="2" m="16751" /><F3/><W120/><G120/><T108/><D108/><U64/><E72/><V41/><F135/><W49/><G7/><T82/><D38/><U5/><E81/><V100/><F130/><W28/><REACH who="3" step="1"/><G116/><REACH who="3" ten="210,340,230,210" step="2"/><T132/><D132/><U54/><E14/><N who="0" m="5737" /><D129/><U117/><E117/><V106/><F106/><W18/><G18/><AGARI ba="0,1" hai="8,15,18,20,24,29,76,77,79,82,86" m="5737" machi="18" ten="30,1000,0" yaku="8,1" doraHai="102" who="0" fromWho="3" sc="210,20,340,0,230,0,210,-10" /><INIT seed="2,0,0,3,3,79" ten="230,340,230,200" oya="2" hai0="17,19,132,28,74,127,18,60,103,119,129,102,81" hai1="25,1,84,15,59,89,97,45,107,125,16,50,62" hai2="33,72,105,90,133,122,48,22,57,131,76,8,12" hai3="24,109,120,95,130,20,77,6,39,13,82,87,7"/><V23/><F122/><W51/><G39/><T116/><D132/><U5/><E125/><V128/><F33/><W9/><G120/><T78/><D127/><U42/><E25/><V65/><F105/><W61/><G109/><T40/><D129/><N who="2" m="49738" /><F133/><W54/><G130/><T29/><D40/><U108/><E108/><V47/><F90/><W14/><G61/><T110/><D110/><U63/><E1/><V3/><F3/><W34/><G34/><T100/><REACH who="0" step="1"/><D60/><REACH who="0" ten="220,340,230,200" step="2"/><U88/><E62/><N who="2" m="38095" /><F72/><W10/><G95/><T80/><D80/><N who="1" m="49159" /><E107/><V117/><F117/><AGARI ba="0,1" hai="17,18,19,28,29,74,78,81,100,102,103,116,117,119" machi="117" ten="50,6400,0" yaku="1,1,12,1,52,1,53,0" doraHai="79" doraHaiUra="66" who="0" fromWho="2" sc="220,74,340,0,230,-64,200,0" /><INIT seed="3,0,0,2,5,14" ten="294,340,166,200" oya="3" hai0="126,107,5,103,42,61,27,18,45,43,33,95,67" hai1="116,90,72,111,127,119,118,47,2,89,75,93,41" hai2="104,125,131,65,24,30,132,16,108,71,20,49,12" hai3="56,19,76,78,23,36,86,44,54,110,105,37,48"/><W130/><G105/><T53/><D126/><U96/><E2/><V40/><F104/><W66/><G130/><T0/><D53/><U100/><E127/><V114/><F125/><W15/><G110/><T10/><D95/><U122/><E122/><V11/><F108/><W13/><G36/><T60/><D60/><U83/><E111/><V68/><F131/><W59/><G37/><T98/><D45/><U133/><E133/><V29/><F132/><W102/><G102/><T21/><REACH who="0" step="1"/><D33/><REACH who="0" ten="284,340,166,200" step="2"/><U51/><E83/><V7/><F65/><W57/><G66/><T32/><D32/><U26/><E100/><V62/><F62/><W134/><G134/><T101/><D101/><U50/><E50/><V135/><F135/><W94/><G13/><T22/><D22/><U88/><E93/><V120/><F120/><W129/><G129/><T109/><D109/><U106/><E96/><V9/><F49/><W77/><REACH who="3" step="1"/><G94/><REACH who="3" ten="284,340,166,190" step="2"/><T85/><D85/><AGARI ba="0,2" hai="15,19,23,44,48,54,56,57,59,76,77,78,85,86" machi="85" ten="40,12000,1" yaku="1,1,2,1,8,1,52,1,53,0" doraHai="14" doraHaiUra="87" who="3" fromWho="0" sc="284,-120,340,0,166,0,190,140" /><INIT seed="3,1,0,2,4,104" ten="164,340,166,330" oya="3" hai0="39,124,64,131,62,51,53,110,9,83,121,123,25" hai1="92,42,128,79,85,67,27,38,117,129,1,70,111" hai2="45,55,31,88,48,43,84,100,40,80,18,65,126" hai3="4,54,46,106,36,74,5,44,96,47,76,71,72"/><W120/><G120/><T102/><D102/><U2/><E111/><V35/><F126/><W99/><G71/><T33/><D110/><U133/><E133/><V17/><F100/><W94/><G106/><T87/><D124/><U10/><E117/><V50/><F65/><W77/><G36/><T93/><D39/><U58/><E70/><V13/><F31/><W28/><G28/><T60/><D93/><U103/><E79/><N who="3" m="30282" /><G54/><T23/><D33/><U63/><E27/><V73/><F35/><W86/><G86/><T107/><D9/><U68/><E68/><V8/><F73/><N who="3" m="28267" /><G94/><T29/><D107/><U61/><E61/><V24/><F50/><W90/><G90/><T66/><D66/><U56/><E56/><V26/><F18/><W32/><G32/><T69/><D62/><U134/><E42/><AGARI ba="1,0" hai="8,13,17,24,26,40,42,43,45,48,55,80,84,88" machi="42" ten="40,8000,1" yaku="25,2,8,1,54,1" doraHai="104" who="2" fromWho="1" sc="164,0,340,-83,166,83,330,0" /><INIT seed="4,0,0,2,0,30" ten="164,257,249,330" oya="0" hai0="12,10,114,84,109,39,2,19,89,45,69,132,54" hai1="123,27,76,103,79,115,90,135,92,1,4,11,102" hai2="75,29,81,26,100,5,107,80,105,104,23,97,46" hai3="128,59,95,106,32,49,71,117,28,72,33,9,67"/><T133/><D114/><U77/><E123/><V119/><F119/><W70/><G72/><T73/><D73/><U43/><E135/><V96/><F5/><W6/><G117/><T15/><D2/><U38/><E115/><V44/><F75/><W83/><G83/><T25/><D69/><U53/><E53/><V125/><F125/><W57/><G106/><T48/><D109/><U127/><E127/><V64/><F64/><W24/><G128/><T34/><D39/><U0/><E0/><V31/><F104/><W134/><G134/><T22/><D15/><U62/><E62/><V86/><F31/><W65/><G95/><T113/><D113/><U55/><E55/><V101/><REACH who="2" step="1"/><F81/><REACH who="2" ten="164,257,239,330" step="2"/><W50/><G28/><N who="0" m="19727" /><D22/><U66/><E66/><V88/><AGARI ba="0,1" hai="23,26,29,44,46,80,86,88,96,97,100,101,105,107" machi="88" ten="20,8000,1" yaku="1,1,0,1,7,1,9,1,54,1,53,0" doraHai="30" doraHaiUra="120" who="2" fromWho="2" sc="164,-40,257,-20,239,90,330,-20" /><INIT seed="5,0,0,1,2,123" ten="124,237,329,310" oya="1" hai0="79,103,135,97,35,13,99,14,59,29,2,43,76" hai1="84,125,98,77,112,48,106,85,26,111,10,38,44" hai2="88,74,33,134,56,27,1,83,23,129,131,66,119" hai3="90,39,87,91,0,70,36,72,120,37,20,4,107"/><U58/><E38/><V108/><F108/><W95/><G120/><T124/><D2/><U89/><E112/><V12/><F1/><W102/><G70/><T51/><D135/><U133/><E133/><V61/><F134/><W104/><G72/><T65/><D124/><U116/><E116/><V67/><F119/><W24/><G102/><T46/><D35/><U47/><E125/><V25/><F33/><W113/><G113/><T42/><D29/><U6/><E26/><V126/><F67/><W62/><G62/><T54/><D65/><U5/><E77/><V63/><F63/><W80/><G4/><T75/><D43/><U57/><E106/><V68/><F68/><W50/><G50/><T55/><D55/><U78/><E78/><V8/><F74/><W34/><G0/><T127/><D97/><U115/><E115/><V121/><F121/><W94/><G80/><T31/><D31/><U19/><E19/><V73/><F27/><W100/><G100/><T114/><D127/><U92/><E111/><V3/><F3/><W93/><G34/><T40/><D114/><U52/><E57/><V117/><F117/><W32/><G32/><T30/><D30/><U105/><E6/><N who="2" m="3095" /><F73/><W81/><G91/><T69/><D69/><U7/><E7/><V101/><F101/><W96/><G96/><T122/><D122/><U15/><REACH who="1" step="1"/><E105/><REACH who="1" ten="124,227,329,310" step="2"/><V49/><F126/><W60/><G107/><N who="0" m="63999" /><D79/><U128/><E128/><V109/><F131/><W17/><G104/><T41/><D59/><U132/><E132/><V71/><F129/><W21/><G24/><T53/><D53/><RYUUKYOKU ba="0,1" sc="124,15,227,15,329,-15,310,-15" hai0="13,14,40,41,42,46,51,54,75,76" hai1="5,10,15,44,47,48,52,58,84,85,89,92,98" /><INIT seed="5,1,1,1,3,83" ten="139,242,314,295" oya="1" hai0="104,70,87,30,127,21,13,90,3,72,58,46,15" hai1="122,74,75,126,66,78,40,94,107,119,57,37,31" hai2="43,19,120,22,65,9,118,114,80,134,108,10,69" hai3="1,89,34,35,102,26,125,24,0,92,96,60,11"/><U55/><E107/><V135/><F108/><W36/><G36/><T123/><D70/><U111/><E122/><V131/><F120/><W17/><G125/><T91/><D3/><U68/><E119/><V117/><F43/><W86/><G0/><T81/><D123/><U124/><E111/><V121/><F121/><W116/><G116/><T2/><D2/><U62/><E31/><V41/><F41/><W14/><G1/><T32/><D127/><N who="1" m="48683" /><E94/><V84/><F65/><W77/><G77/><T64/><D104/><U128/><E128/><V93/><F93/><W48/><G48/><T51/><D72/><U82/><E40/><V47/><F69/><W76/><G76/><T73/><D73/><N who="1" m="43343" /><E37/><V95/><F131/><W61/><G35/><T50/><D32/><U49/><AGARI ba="1,1" hai="49,55,57,62,66,68,74,75" m="43343,48683" machi="49" ten="30,1500,0" yaku="18,1" doraHai="83" who="1" fromWho="1" sc="139,-6,242,28,314,-6,295,-6" /><INIT seed="5,2,0,1,1,102" ten="133,270,308,289" oya="1" hai0="117,80,50,122,29,68,6,95,0,124,42,79,38" hai1="3,16,116,21,83,35,120,33,129,60,133,118,96" hai2="58,126,104,61,30,7,98,22,128,47,114,11,134" hai3="87,110,81,9,43,34,17,71,109,14,88,48,41"/><U103/><E120/><V77/><F77/><W67/><G34/><T74/><D50/><U72/><E3/><V66/><F47/><W65/><G71/><T25/><D122/><U59/><E129/><V5/><F128/><W15/><G110/><T57/><D57/><U76/><E133/><V64/><F64/><N who="3" m="24651" /><G109/><T32/><D124/><U125/><E125/><V127/><F134/><W12/><G12/><T37/><D95/><U52/><E35/><V132/><F132/><W4/><G48/><T39/><D117/><U113/><E33/><V54/><F66/><W86/><G87/><T40/><D42/><U24/><REACH who="1" step="1"/><E113/><REACH who="1" ten="133,260,308,289" step="2"/><V119/><F114/><W135/><G135/><T62/><D62/><U20/><E20/><AGARI ba="2,1" hai="4,9,14,15,17,20,41,43,81,86,88" m="24651" machi="20" ten="30,2000,0" yaku="8,1,54,1" doraHai="102" who="3" fromWho="1" sc="133,0,260,-26,308,0,289,36" /><INIT seed="6,0,0,3,2,1" ten="133,234,308,325" oya="2" hai0="2,55,118,120,37,22,72,106,68,26,35,46,8" hai1="69,127,51,14,123,58,92,119,11,66,41,40,102" hai2="32,47,29,135,86,131,116,63,12,54,67,130,124" hai3="132,0,3,95,49,9,23,125,129,91,104,20,18"/><V117/><F32/><W100/><G104/><T24/><D120/><U56/><E119/><V70/><F29/><W53/><G100/><T84/><D118/><N who="2" m="45674" /><F86/><W99/><G23/><T39/><D72/><U27/><E127/><V96/><F96/><W105/><G105/><T77/><D68/><U52/><E123/><V108/><F12/><W64/><G125/><T5/><D106/><U61/><E27/><V73/><F73/><W34/><G34/><T133/><D133/><U81/><E81/><V44/><F124/><W19/><G132/><T17/><D55/><U101/><E69/><V75/><F75/><W50/><G50/><T30/><REACH who="0" step="1"/><D46/><REACH who="0" ten="123,234,308,325" step="2"/><U38/><E38/><V103/><F44/><W6/><G64/><T76/><D76/><U115/><E41/><V122/><F47/><W90/><G90/><T13/><D13/><U62/><E40/><V85/><F122/><W57/><G0/><T59/><D59/><U25/><E14/><V21/><F70/><W48/><G129/><T126/><D126/><U107/><E58/><V79/><F131/><W94/><G57/><T87/><D87/><U45/><E107/><V113/><F85/><W110/><G53/><T121/><D121/><U109/><E56/><V60/><F54/><W128/><G128/><T112/><D112/><U4/><E52/><V28/><F113/><W97/><G110/><T134/><D134/><U89/><E109/><V36/><F135/><W78/><G78/><T42/><D42/><U98/><E115/><V31/><F108/><W111/><G111/><T71/><D71/><U74/><E74/><RYUUKYOKU ba="0,1" sc="123,30,234,-10,308,-10,325,-10" hai0="2,5,8,17,22,24,26,30,35,37,39,77,84" /><INIT seed="7,1,1,3,2,89" ten="153,224,298,315" oya="3" hai0="83,72,14,65,74,12,46,125,123,121,7,35,77" hai1="8,110,32,28,9,81,31,112,130,25,84,45,17" hai2="47,43,92,67,73,79,16,113,109,114,122,119,115" hai3="94,6,56,70,50,116,76,93,99,85,19,1,24"/><W33/><G70/><T38/><D125/><U4/><E110/><V95/><F109/><W39/><G39/><T11/><D35/><U118/><E130/><V104/><F104/><W36/><G36/><T97/><D74/><U42/><E112/><V135/><F119/><W22/><G33/><T117/><D117/><U55/><E118/><V132/><F122/><W59/><G116/><T106/><D65/><U78/><E55/><V75/><F67/><W120/><G120/><T57/><D57/><U61/><E61/><V10/><F10/><W44/><G1/><T26/><D26/><U88/><E31/><V96/><F16/><W34/><G34/><T37/><D14/><U53/><E53/><V5/><F5/><W54/><G6/><T66/><D66/><U71/><E71/><V60/><F60/><W133/><G133/><N who="2" m="51273" /><F79/><W90/><G76/><T48/><D121/><U52/><E17/><V69/><F69/><W18/><REACH who="3" step="1"/><G19/><REACH who="3" ten="153,224,298,305" step="2"/><T128/><D123/><U41/><E4/><V27/><F113/><W108/><G108/><T131/><D106/><U80/><E9/><V103/><F114/><W87/><G87/><T134/><D134/><U20/><E8/><V100/><F75/><W29/><G29/><T51/><D97/><U124/><E32/><V64/><F73/><W2/><G2/><T105/><D105/><U63/><E28/><V86/><F96/><W0/><G0/><T129/><REACH who="0" step="1"/><D51/><REACH who="0" ten="143,224,298,305" step="2"/><N who="1" m="28783" /><E84/><V58/><F86/><W30/><G30/><T49/><D49/><U40/><E25/><V15/><F27/><W82/><G82/><N who="1" m="31850" /><E124/><V21/><F115/><RYUUKYOKU ba="1,3" sc="143,15,224,-15,298,-15,305,15" hai0="7,11,12,37,38,46,48,72,77,83,128,129,131" hai3="18,22,24,44,50,54,56,59,85,90,93,94,99" owari="158,-34.0,209,-19.0,283,8.0,350,45.0" /></mjloggm>