<mjloggm ver="2.3"><GO type="169" lobby="0"/><UN n0="%E5%80%89%E6%A9%8B%EF%BC%A0%E4%BA%8B%E5%8B%99" n1="%E3%82%A6%E3%83%AB%E3%83%88%E3%83%A9%E7%AB%8B%E7%9B%B4" n2="%E3%82%82%E3%82%81%E3%82%93%E3%81%AA%E3%81%A1%E3%82%83%E3%81%84" n3="%68%61%79%61%74%74%69%40" dan="17,17,17,16" rate="2176.84,2147.25,2127.38,2110.12" sx="M,M,F,M"/><TAIKYOKU oya="0"/><INIT seed="0,0,0,3,1,12" ten="250,250,250,250" oya="0" hai0="113,108,79,120,40,63,77,51,28,104,106,44,110" hai1="30,76,13,23,98,88,109,25,65,101,85,102,118" hai2="45,68,58,134,6,70,127,0,49,129,22,54,21" hai3="19,125,53,7,116,2,34,8,132,56,14,47,26"/><T62/><D120/><U83/><E118/><V84/><F134/><W66/><G116/><T36/><D28/><U75/><E109/><N who="0" m="42089" /><D113/><U92/><E65/><V48/><F129/><W17/><G132/><T32/><D32/><U100/><REACH who="1" step="1"/><E13/><REACH who="1" ten="250,240,250,250" step="2"/><V59/><F0/><W87/><G66/><T95/><D104/><AGARI ba="0,1" hai="23,25,30,75,76,83,85,88,92,98,100,101,102,104" machi="104" ten="30,12000,2" yaku="1,1,2,1,7,1,24,2,54,1,53,1" doraHai="12" doraHaiUra="86" who="1" fromWho="0" sc="250,-120,240,130,250,0,250,0" /><INIT seed="1,0,0,5,4,95" ten="130,370,250,250" oya="1" hai0="16,82,73,91,106,119,125,84,128,85,15,120,115" hai1="124,23,80,78,113,118,129,110,42,38,122,108,75" hai2="20,47,114,112,19,7,25,12,77,57,39,18,92" hai3="102,37,51,35,127,56,96,103,55,65,28,87,34"/><U97/><E42/><V3/><F77/><W135/><G37/><T53/><D119/><U50/><E38/><V105/><F105/><W66/><G135/><T94/><D115/><N who="2" m="44074" /><F57/><W64/><G103/><T6/><D128/><U86/><E50/><V121/><F92/><W4/><G127/><T32/><D125/><U76/><E23/><N who="2" m="11719" /><F47/><W27/><G4/><T31/><D73/><U63/><E63/><V117/><F39/><W43/><G34/><T71/><D106/><U104/><E124/><V99/><F99/><W54/><G87/><T101/><D71/><U74/><E113/><V48/><F48/><W59/><G43/><T79/><D6/><U40/><E40/><V1/><F121/><W58/><REACH who="3" step="1"/><G51/><REACH who="3" ten="130,370,250,240" step="2"/><T22/><D120/><U68/><E122/><V61/><F117/><W45/><G45/><T33/><D101/><N who="1" m="62511" /><E118/><V133/><F133/><W44/><G44/><T93/><D32/><U46/><E46/><V30/><F7/><W70/><G70/><T100/><D33/><U49/><E68/><V52/><F3/><W41/><G41/><T72/><D72/><U134/><E49/><V21/><F1/><W88/><G88/><N who="0" m="53391" /><D100/><U83/><E134/><V24/><F61/><W62/><G62/><T116/><D116/><U10/><E129/><V123/><F123/><W2/><G2/><T131/><D131/><U29/><E75/><V60/><F60/><W69/><G69/><T9/><D53/><AGARI ba="0,1" hai="19,20,21,24,25,30,52,53" m="11719,44074" machi="53" ten="30,2000,0" yaku="11,1,54,1" doraHai="95" who="2" fromWho="0" sc="130,-20,370,0,250,30,240,0" /><INIT seed="2,0,0,1,5,27" ten="110,370,280,240" oya="2" hai0="49,114,1,25,102,8,65,43,99,66,91,96,89" hai1="128,20,59,56,127,62,5,73,101,48,24,118,30" hai2="134,45,14,69,83,132,125,63,35,109,90,82,116" hai3="110,106,72,74,100,67,3,2,122,47,55,11,12"/><V94/><F116/><W4/><G122/><T40/><D114/><U115/><E73/><V124/><F45/><W39/><G110/><T80/><D1/><U86/><E115/><V6/><F35/><W126/><G67/><T26/><D8/><U75/><E75/><V29/><F29/><W133/><G72/><T120/><D120/><U17/><E5/><V42/><F42/><W19/><G74/><T41/><D41/><U31/><E128/><V13/><F63/><W111/><G100/><T68/><D68/><U84/><E127/><N who="2" m="48715" /><F69/><W76/><G106/><T52/><D102/><U44/><E101/><V61/><F61/><W37/><G76/><T81/><D49/><U18/><E59/><V104/><F104/><W112/><G126/><T70/><D70/><U92/><E56/><V97/><F6/><W103/><G112/><T58/><D58/><U93/><E62/><V28/><F28/><N who="1" m="10793" /><E17/><V38/><F38/><W123/><G37/><T22/><REACH who="0" step="1"/><D22/><REACH who="0" ten="100,370,280,240" step="2"/><U34/><E34/><V7/><F109/><W10/><G111/><T53/><AGARI ba="0,1" hai="25,26,40,43,52,53,65,66,80,81,89,91,96,99" machi="53" ten="25,16000,3" yaku="1,1,2,1,0,1,22,2,8,1,54,1,53,2" doraHai="27" doraHaiUra="85" who="0" fromWho="0" sc="100,170,370,-40,280,-80,240,-40" /><INIT seed="3,0,0,4,3,126" ten="270,330,200,200" oya="3" hai0="36,75,132,1,5,116,33,101,85,119,35,44,54" hai1="68,19,121,110,28,127,25,118,13,4,62,11,10" hai2="26,50,67,77,21,39,97,124,24,96,18,9,113" hai3="131,55,103,69,98,86,111,108,122,38,23,72,58"/><W82/><G122/><T22/><D75/><U8/><E68/><V41/><F39/><W46/><G69/><T76/><D132/><U49/><E62/><V34/><F113/><W74/><G131/><T32/><D101/><U51/><E121/><V59/><F124/><W115/><G115/><T91/><D76/><U81/><E127/><V83/><F9/><W120/><G120/><T52/><D36/><U60/><E60/><V6/><F6/><W16/><G46/><T92/><D22/><U61/><E61/><V90/><F90/><W89/><G38/><T42/><D42/><U2/><E110/><N who="3" m="42026" /><G55/><T80/><D80/><U105/><E105/><V104/><F104/><N who="3" m="63607" /><G58/><T47/><D47/><U70/><E70/><V102/><F67/><W65/><G65/><T7/><D7/><U112/><E112/><V53/><F41/><W71/><G71/><T15/><D15/><AGARI ba="0,0" hai="15,16,23,72,74,82,86,89" m="63607,42026" machi="15" ten="30,5800,0" yaku="14,1,10,1,54,1" doraHai="126" who="3" fromWho="0" sc="270,-58,330,0,200,0,200,58" /><INIT seed="3,1,0,5,3,29" ten="212,330,200,258" oya="3" hai0="21,5,51,43,126,53,3,48,113,56,57,13,36" hai1="70,71,12,68,67,102,20,47,120,111,92,76,112" hai2="73,55,118,23,80,106,74,14,19,33,40,114,90" hai3="69,24,119,60,15,32,10,58,61,121,75,78,34"/><W96/><G119/><T133/><D3/><U131/><E112/><V27/><F118/><W103/><G121/><T101/><D101/><U25/><E120/><V41/><F114/><W109/><G78/><T6/><D113/><U0/><E0/><V84/><F106/><W18/><G75/><T49/><D133/><U115/><E67/><V46/><F55/><W105/><G109/><T62/><D126/><U99/><E12/><V94/><F41/><W44/><G44/><N who="0" m="25631" /><D36/><U30/><E115/><V39/><REACH who="2" step="1"/><F80/><REACH who="2" ten="212,330,190,258" step="2"/><W116/><G116/><T7/><D56/><U117/><E117/><V9/><F9/><W8/><G10/><T63/><D63/><U88/><E71/><V66/><F66/><W134/><G134/><T59/><D59/><U4/><E70/><V77/><F77/><W100/><G60/><T50/><D62/><U87/><E68/><V35/><F35/><W125/><G69/><T135/><D135/><U128/><E76/><V81/><F81/><W122/><G122/><T45/><D57/><U54/><E54/><V26/><F26/><W132/><G132/><T31/><D53/><U37/><E25/><V17/><F17/><N who="3" m="8423" /><G58/><T16/><D31/><AGARI ba="1,1" hai="14,19,23,27,31,33,39,40,46,73,74,84,90,94" machi="31" ten="40,5200,0" yaku="1,1,52,1,53,1" doraHai="29" doraHaiUra="38" who="2" fromWho="0" sc="212,-55,330,0,190,65,258,0" /><INIT seed="4,0,0,1,1,23" ten="157,330,255,258" oya="0" hai0="135,63,39,81,2,76,44,16,111,6,0,38,20" hai1="95,15,47,37,122,84,53,120,110,103,133,7,34" hai2="74,52,124,106,11,90,49,75,117,24,80,21,109" hai3="113,108,5,78,62,31,55,66,13,51,1,72,134"/><T125/><D125/><U118/><E34/><V68/><F109/><W121/><G108/><T99/><D135/><U57/><E110/><V126/><F68/><W42/><G113/><T127/><D127/><N who="2" m="48682" /><F106/><W32/><G1/><T8/><D111/><U94/><E94/><V132/><F132/><W97/><G42/><T92/><D0/><U33/><E15/><V60/><F60/><W41/><G41/><T112/><D112/><U102/><E47/><N who="2" m="27711" /><F117/><W10/><G121/><T61/><D44/><U86/><E57/><V115/><F115/><W29/><G62/><T4/><D4/><U89/><E7/><V73/><F11/><W104/><G66/><T129/><D129/><U130/><E130/><V82/><F90/><W26/><G104/><T14/><D63/><U96/><E89/><V22/><F22/><W30/><G51/><T93/><D61/><U105/><E105/><V77/><F77/><W27/><G55/><T35/><D35/><U64/><E53/><V56/><F56/><W59/><G59/><T107/><D107/><U54/><E54/><V101/><F101/><W69/><G69/><T83/><D83/><U3/><E103/><V79/><F79/><W71/><G71/><T98/><D93/><U100/><E95/><V116/><F116/><W123/><G32/><T131/><D131/><U43/><E33/><V46/><F46/><W18/><G134/><T40/><D40/><U50/><E43/><V91/><F91/><W87/><G5/><T25/><D92/><N who="1" m="58375" /><E133/><V45/><F45/><W48/><G48/><T17/><D76/><U119/><E119/><RYUUKYOKU ba="0,0" sc="157,-10,330,-10,255,30,258,-10" hai2="21,24,73,74,75,80,82" /><INIT seed="5,1,0,0,5,24" ten="147,320,285,248" oya="1" hai0="35,41,105,46,78,11,83,77,37,132,90,85,5" hai1="16,1,7,60,124,94,43,89,127,62,44,112,61" hai2="113,19,97,48,28,18,17,66,21,107,20,103,65" hai3="117,92,9,63,25,69,68,0,93,131,82,110,29"/><U58/><E7/><V119/><F119/><W8/><G110/><T50/><D132/><U84/><E1/><V88/><F113/><W15/><G131/><T47/><D105/><U45/><E112/><V64/><F48/><W111/><G111/><T134/><D35/><U129/><E129/><V114/><F114/><W36/><G36/><T39/><D134/><U56/><E16/><V54/><F54/><W102/><G0/><T23/><D23/><U12/><E12/><V55/><F55/><W53/><G82/><T116/><D116/><U120/><E120/><V3/><F3/><W122/><G122/><T13/><REACH who="0" step="1"/><D39/><REACH who="0" ten="137,320,285,248" step="2"/><N who="1" m="21631" /><E45/><V123/><F123/><W31/><G117/><T34/><D34/><U30/><E56/><V106/><F106/><W70/><G68/><T38/><D38/><U95/><E58/><V72/><F21/><W22/><G69/><T98/><D98/><U135/><E135/><V87/><F20/><W33/><G70/><T6/><D6/><U121/><E121/><V133/><F133/><W71/><G71/><T49/><D49/><U130/><E130/><V26/><F107/><W99/><G33/><T86/><D86/><U79/><E84/><V126/><F87/><W115/><G115/><T81/><D81/><U42/><E60/><V125/><F97/><N who="3" m="59687" /><G63/><T52/><AGARI ba="1,1" hai="5,11,13,37,41,46,47,50,52,77,78,83,85,90" machi="52" ten="20,8000,1" yaku="1,1,0,1,7,1,54,1,53,1" doraHai="24" doraHaiUra="80" who="0" fromWho="0" sc="137,93,320,-41,285,-21,248,-21" /><INIT seed="6,0,0,1,5,26" ten="230,279,264,227" oya="2" hai0="25,3,89,127,54,135,42,41,1,21,78,50,18" hai1="119,58,0,6,36,126,60,7,129,98,64,27,84" hai2="91,35,94,123,48,92,125,32,107,12,128,114,121" hai3="106,99,51,70,69,86,130,103,97,9,62,45,120"/><V5/><F107/><W71/><G120/><T43/><D135/><U96/><E36/><V83/><F114/><W112/><G130/><T100/><D127/><U102/><E119/><V88/><F83/><W38/><G112/><T104/><D78/><U81/><E0/><V117/><F48/><W30/><G38/><T47/><D104/><U61/><E129/><V115/><F115/><W85/><G9/><T87/><REACH who="0" step="1"/><D100/><REACH who="0" ten="220,279,264,227" step="2"/><U111/><E102/><V19/><F125/><W55/><G106/><T44/><D44/><U16/><E126/><V124/><F124/><W24/><G103/><T49/><D49/><U82/><E111/><V77/><F128/><W116/><G116/><T72/><D72/><U39/><E39/><V93/><F77/><W68/><G62/><T34/><D34/><U113/><E61/><V17/><F117/><W13/><G45/><T134/><D134/><U23/><E113/><V15/><F93/><AGARI ba="0,1" hai="1,3,18,21,25,41,42,43,47,50,54,87,89,93" machi="93" ten="40,1300,0" yaku="1,1,53,0" doraHai="26" doraHaiUra="122" who="0" fromWho="2" sc="220,23,279,0,264,-13,227,0" /><INIT seed="7,0,0,0,3,21" ten="243,279,251,227" oya="3" hai0="96,102,125,99,46,109,91,110,24,88,33,6,28" hai1="66,32,94,65,71,63,5,70,37,134,126,61,47" hai2="41,105,44,62,12,73,60,59,34,95,113,19,27" hai3="30,10,3,42,84,90,112,118,89,74,4,52,85"/><W129/><G118/><T72/><D125/><U45/><E5/><V75/><F105/><W13/><G74/><T81/><D6/><U77/><E77/><V114/><F95/><W103/><G103/><T111/><D46/><U107/><E94/><V57/><F12/><W54/><G42/><T131/><D131/><U87/><E87/><V39/><F57/><W51/><G129/><T16/><D16/><U11/><E11/><V97/><F97/><W93/><G112/><N who="2" m="43113" /><F62/><W48/><G30/><T135/><D135/><U76/><E76/><V58/><F58/><N who="3" m="33031" /><G3/><T119/><D119/><U2/><E2/><V83/><F83/><N who="3" m="49311" /><G54/><T38/><D38/><U23/><E37/><V132/><F132/><W78/><G78/><T121/><D121/><U133/><E107/><V56/><F56/><W18/><G51/><T8/><D72/><U29/><E133/><V115/><F34/><W40/><G40/><T49/><D49/><U15/><E134/><V53/><N who="2" m="43121" /><V67/><DORA hai="117" /><F53/><W20/><G4/><T35/><D35/><U22/><E32/><V14/><F14/><W104/><G104/><T1/><D110/><U69/><E69/><V130/><F130/><W36/><G36/><T82/><D111/><U7/><E15/><V9/><F9/><AGARI ba="0,0" hai="9,10,13,18,20,85,90,93" m="49311,33031" machi="9" ten="30,5800,0" yaku="25,1,8,1,54,1" doraHai="21,117" who="3" fromWho="2" sc="243,0,279,0,251,-58,227,58" /><INIT seed="7,1,0,0,5,58" ten="243,279,193,285" oya="3" hai0="95,111,23,1,81,56,67,63,64,48,31,129,89" hai1="72,70,69,50,40,5,122,74,128,112,8,65,88" hai2="61,68,134,21,20,99,59,83,14,96,24,2,62" hai3="77,79,104,121,100,34,30,38,102,26,91,92,41"/><W53/><G121/><T44/><D111/><U126/><E122/><V107/><F2/><W123/><G123/><T114/><D129/><U85/><E128/><V109/><F109/><W105/><G53/><N who="0" m="34191" /><D1/><U6/><E6/><V87/><F134/><W106/><G41/><N who="0" m="24591" /><D114/><U37/><E37/><V46/><F107/><W94/><G38/><T76/><D76/><U113/><E126/><V11/><F68/><W101/><REACH who="3" step="1"/><G92/><REACH who="3" ten="243,279,193,275" step="2"/><T10/><D95/><U120/><E120/><V42/><F59/><W27/><G27/><T119/><D119/><U60/><E70/><V110/><F110/><W93/><G93/><T19/><D67/><U28/><E40/><V13/><F42/><W32/><G32/><T97/><D64/><U132/><E65/><V16/><F46/><W131/><G131/><T7/><D81/><U29/><E69/><V75/><F75/><W4/><G4/><T22/><D7/><U49/><E74/><V15/><F21/><W47/><G47/><T54/><D54/><U103/><E72/><V73/><F73/><W117/><G117/><T52/><D52/><U12/><E113/><V57/><F11/><W51/><G51/><T18/><D10/><U43/><E50/><V84/><F57/><W0/><G0/><T82/><D82/><N who="1" m="49207" /><E112/><V98/><REACH who="2" step="1"/><F83/><REACH who="2" ten="243,279,183,275" step="2"/><W17/><G17/><T39/><D18/><U118/><E43/><V33/><F33/><W71/><G71/><T130/><D19/><U90/><E8/><V133/><F133/><W45/><G45/><T125/><D130/><U36/><E132/><V3/><F3/><W135/><G135/><RYUUKYOKU ba="1,2" sc="243,-15,279,-15,183,15,275,15" hai2="13,14,15,16,20,24,61,62,84,87,96,98,99" hai3="26,30,34,77,79,91,94,100,101,102,104,105,106" /><INIT seed="7,2,2,5,4,20" ten="228,264,198,290" oya="3" hai0="52,60,21,29,27,103,35,9,53,115,83,119,121" hai1="62,38,37,15,79,81,4,65,120,49,66,10,47" hai2="30,125,28,54,23,126,99,19,57,26,63,72,39" hai3="82,32,46,42,95,110,55,58,87,84,88,106,97"/><W92/><G32/><T51/><D121/><U48/><E120/><V133/><F72/><W40/><G110/><T18/><D119/><U24/><E24/><N who="2" m="14463" /><F39/><W124/><G106/><T128/><D128/><U132/><E132/><V14/><F133/><W76/><G124/><N who="2" m="47721" /><F14/><W1/><G46/><T100/><D115/><U134/><E134/><V74/><F74/><W12/><G12/><N who="0" m="7439" /><D35/><U3/><E15/><V123/><F123/><W5/><G5/><T101/><D60/><U0/><E0/><V105/><F26/><W78/><G78/><T108/><D108/><U59/><E66/><V109/><F109/><W11/><G11/><T34/><D34/><U91/><E91/><V6/><F6/><W130/><G130/><T93/><D83/><U7/><E7/><V112/><F112/><W117/><G117/><T94/><D53/><U129/><E129/><V70/><F70/><W89/><G1/><T68/><D68/><U45/><E38/><V8/><F8/><W135/><G135/><T98/><D98/><U50/><REACH who="1" step="1"/><E37/><REACH who="1" ten="228,254,198,290" step="2"/><V102/><AGARI ba="2,3" hai="28,30,54,57,63,99,102,105" m="47721,14463" machi="102" ten="30,2000,0" yaku="18,1,52,1" doraHai="20" who="2" fromWho="2" sc="228,-7,254,-7,198,56,290,-12" /><INIT seed="8,0,0,2,1,33" ten="221,247,254,278" oya="0" hai0="30,18,62,25,34,15,74,2,35,6,98,117,109" hai1="53,13,101,4,24,105,81,121,9,130,78,64,27" hai2="14,131,71,47,46,123,89,119,82,66,132,134,20" hai3="95,50,73,85,94,126,128,72,106,39,49,75,11"/><T22/><D117/><U8/><E121/><V31/><F123/><W65/><G39/><T58/><D74/><U3/><E130/><V97/><F131/><W107/><G11/><N who="0" m="2519" /><D98/><U17/><E64/><V60/><F119/><W125/><G128/><T103/><D103/><U0/><E0/><V104/><F104/><N who="3" m="39979" /><G65/><N who="0" m="39127" /><D35/><U86/><REACH who="1" step="1"/><E53/><REACH who="1" ten="221,237,254,278" step="2"/><V79/><F66/><W1/><G1/><T108/><AGARI ba="0,1" hai="15,18,22,25,30,34,108,109" m="39127,2519" machi="108" ten="30,3000,0" yaku="24,1,52,1" doraHai="33" who="0" fromWho="0" sc="221,40,237,-10,254,-10,278,-10" /><INIT seed="8,1,0,4,4,102" ten="261,227,244,268" oya="0" hai0="20,51,33,63,82,74,64,12,86,114,60,118,108" hai1="58,76,107,8,11,84,42,7,113,129,97,3,128" hai2="47,69,37,90,41,43,66,134,23,25,68,81,48" hai3="110,4,0,22,80,67,75,100,122,32,105,98,29"/><T116/><D114/><U93/><E42/><V95/><F134/><W104/><G110/><T89/><D33/><U123/><E123/><V94/><F94/><W46/><G22/><T15/><D108/><U9/><E113/><V26/><F81/><W85/><G46/><T40/><D74/><U28/><E28/><V101/><F101/><W52/><G67/><T5/><D63/><U19/><E58/><V83/><F83/><W126/><G52/><T131/><D131/><N who="1" m="50251" /><E76/><V56/><F26/><N who="3" m="18487" /><G85/><T132/><D132/><U36/><E36/><V77/><F77/><N who="3" m="44095" /><G105/><T21/><D40/><U91/><E19/><V120/><F120/><W35/><G126/><T92/><D51/><U73/><E73/><V62/><F43/><W2/><G122/><T71/><D92/><N who="1" m="54375" /><E107/><V125/><F125/><W135/><G135/><T14/><REACH who="0" step="1"/><D5/><REACH who="0" ten="251,227,244,268" step="2"/><U45/><E45/><V70/><F48/><W24/><G4/><T127/><D127/><U57/><E57/><V112/><F112/><W115/><G115/><T103/><D103/><AGARI ba="1,1" hai="3,7,8,9,11,93,97,103" m="54375,50251" machi="103" ten="30,1000,0" yaku="19,1" doraHai="102" who="1" fromWho="0" sc="251,-13,227,23,244,0,268,0" /><INIT seed="9,0,0,2,5,33" ten="238,250,244,268" oya="1" hai0="96,135,102,45,32,63,68,76,92,53,24,35,64" hai1="2,115,8,125,66,62,124,1,51,14,94,120,84" hai2="61,70,105,49,130,101,98,46,59,30,29,110,82" hai3="77,48,26,99,91,15,109,93,128,39,114,107,25"/><U74/><E74/><V95/><F110/><W47/><G114/><T119/><D119/><U54/><E115/><V108/><F108/><W9/><G109/><T42/><D135/><U28/><E28/><V86/><F70/><W127/><G107/><T122/><D122/><U133/><E120/><V69/><F69/><W73/><G39/><T34/><D76/><U40/><E40/><V0/><F0/><W90/><G73/><T58/><D24/><U83/><E94/><V60/><F60/><W44/><G77/><T111/><D111/><U23/><E23/><V85/><F85/><W71/><G71/><T97/><D97/><U104/><E62/><V57/><F57/><W56/><G127/><N who="1" m="48714" /><E66/><V100/><F105/><W11/><G11/><T132/><D132/><U131/><E104/><V18/><F100/><W27/><G93/><T31/><D31/><U13/><E131/><V17/><F130/><W87/><G128/><T20/><D20/><U80/><E14/><V41/><F30/><W19/><G99/><T36/><REACH who="0" step="1"/><D34/><REACH who="0" ten="228,250,244,268" step="2"/><U134/><E134/><V75/><F29/><W78/><G78/><T5/><D5/><N who="1" m="3215" /><E133/><V12/><F75/><W52/><G87/><T10/><D10/><U81/><E84/><V117/><F117/><W21/><G9/><T16/><D16/><U50/><E50/><AGARI ba="0,1" hai="32,35,36,42,45,50,53,58,63,64,68,92,96,102" machi="50" ten="30,8000,1" yaku="1,1,7,1,24,2,53,1" doraHai="33" doraHaiUra="67" who="0" fromWho="1" sc="228,90,250,-80,244,0,268,0" owari="318,42.0,170,-33.0,244,-16.0,268,7.0" /></mjloggm>