<mjloggm ver="2.3"><GO type="169" lobby="0"/><UN n0="%E3%82%AB%E3%83%9D%E3%83%8D%E5%9B%A3%E3%81%AE%E5%85%84%E8%B2%B4" n1="%E7%A2%BA%E8%AA%8D%E4%BA%8B%E9%A0%85" n2="%67%61%72%75%63%69%61" n3="%E3%83%88%E3%83%88%E3%83%AA%E5%85%88%E7%94%9F%31%39%E6%AD%B3" dan="16,16,17,18" rate="2120.78,2097.06,2222.15,2234.82" sx="M,M,M,F"/><TAIKYOKU oya="0"/><INIT seed="0,0,0,2,3,89" ten="250,250,250,250" oya="0" hai0="41,91,70,42,90,113,84,127,60,115,62,108,14" hai1="76,39,12,130,117,2,72,68,25,31,54,36,92" hai2="69,110,112,87,45,37,21,33,51,77,52,114,15" hai3="125,7,46,9,24,49,83,98,104,40,64,123,94"/><T102/><D102/><U20/><E2/><V59/><F33/><W11/><G125/><T47/><D127/><U119/><E68/><V118/><F110/><W99/><G123/><T116/><D116/><U81/><E130/><V26/><F69/><W28/><G104/><T128/><D128/><U133/><E133/><V131/><F131/><W44/><G64/><T73/><D73/><U43/><E54/><V48/><F118/><W122/><G122/><T8/><D108/><U126/><E126/><V132/><F37/><W106/><G106/><T97/><D70/><U124/><E124/><V29/><F132/><W135/><G98/><T63/><D97/><U67/><E67/><V134/><F134/><W109/><G7/><T1/><D90/><U17/><E39/><V120/><F120/><W100/><G109/><T71/><D1/><U22/><E43/><V23/><F112/><W10/><G135/><T61/><D71/><U85/><E36/><V121/><F121/><W58/><G83/><T79/><D79/><U111/><E111/><V32/><F114/><W75/><G75/><T96/><D96/><U95/><E72/><V107/><F107/><W19/><G44/><T13/><D47/><U6/><E6/><V18/><F32/><W57/><REACH who="3" step="1"/><G19/><REACH who="3" ten="250,250,250,240" step="2"/><T16/><D115/><U38/><E119/><V86/><REACH who="2" step="1"/><F77/><REACH who="2" ten="250,250,240,240" step="2"/><W3/><G3/><T105/><D105/><U101/><E117/><V30/><F30/><W0/><G0/><T82/><D113/><U78/><E78/><V34/><F34/><AGARI ba="0,2" hai="9,10,11,24,28,34,40,46,49,57,58,94,99,100" machi="34" ten="40,2600,0" yaku="1,1,52,1,53,0" doraHai="89" doraHaiUra="56" who="3" fromWho="2" sc="250,0,250,0,240,-26,240,46" /><INIT seed="1,0,0,0,0,48" ten="250,250,214,286" oya="1" hai0="87,4,24,114,126,53,119,9,93,69,79,127,45" hai1="75,10,102,22,59,128,83,70,33,73,54,37,129" hai2="58,52,62,67,3,68,39,40,94,111,130,41,25" hai3="76,28,124,12,60,18,78,65,118,85,125,103,77"/><U112/><E33/><V27/><F3/><W122/><G122/><T131/><D114/><U34/><E34/><V84/><F111/><W86/><G103/><T71/><D119/><U110/><E112/><V57/><F130/><N who="1" m="50281" /><E70/><V121/><F121/><W50/><G28/><T117/><D117/><U31/><E37/><V55/><F68/><N who="3" m="42023" /><G50/><N who="0" m="28879" /><D24/><N who="2" m="9290" /><F39/><W97/><G97/><T96/><D131/><U108/><E102/><V32/><F32/><W132/><G132/><T90/><D96/><U56/><E31/><V115/><F115/><W88/><G88/><T21/><D79/><N who="1" m="44527" /><E75/><V82/><F94/><W0/><G0/><T30/><D30/><U89/><E22/><V5/><F5/><W19/><G118/><T133/><D21/><U17/><E89/><N who="2" m="51351" /><F67/><W109/><G109/><N who="1" m="42090" /><E54/><V107/><F107/><W29/><G29/><T105/><D105/><U74/><E74/><V91/><F91/><W100/><G100/><T113/><D113/><U95/><E95/><V72/><F72/><W2/><G77/><T51/><D71/><U8/><E17/><V80/><F80/><N who="3" m="47239" /><G19/><T15/><D69/><U106/><E106/><V120/><F120/><W35/><G35/><T23/><D23/><U44/><E44/><V98/><F98/><W46/><G46/><T116/><D116/><U7/><E10/><V135/><F135/><W49/><G78/><T81/><D93/><U14/><AGARI ba="0,0" hai="7,8,14,56,59" m="42090,44527,50281" machi="14" ten="30,6000,0" yaku="19,1,14,1,10,1" doraHai="48" who="1" fromWho="1" sc="250,-20,250,60,214,-20,286,-20" /><INIT seed="1,1,0,1,5,73" ten="230,310,194,266" oya="1" hai0="41,43,24,91,5,2,72,66,112,61,110,125,106" hai1="92,27,13,74,3,116,68,71,93,62,17,38,131" hai2="124,135,55,31,48,128,65,16,57,54,26,14,60" hai3="20,53,81,39,23,80,42,1,67,129,30,45,103"/><U32/><E116/><V105/><F105/><W15/><G1/><T111/><D112/><U51/><E38/><V79/><F124/><W12/><G129/><T95/><D106/><U130/><E3/><V119/><F119/><W97/><G67/><T47/><D125/><U109/><E74/><V120/><F120/><W89/><G53/><T34/><D72/><U123/><E123/><V76/><F128/><N who="1" m="49193" /><E51/><V86/><F135/><W59/><G59/><T37/><D41/><U70/><E62/><V58/><F86/><W98/><G80/><T36/><D36/><U82/><E109/><V40/><F31/><W132/><G132/><T94/><D5/><U25/><E82/><V121/><F26/><N who="1" m="9737" /><E32/><V117/><F117/><W46/><G30/><T4/><D4/><U21/><AGARI ba="1,0" hai="13,17,21,68,70,71,92,93" m="9737,49193" machi="21" ten="40,2100,0" yaku="19,1" doraHai="73" who="1" fromWho="1" sc="230,-8,310,24,194,-8,266,-8" /><INIT seed="1,2,0,2,4,34" ten="222,334,186,258" oya="1" hai0="35,26,123,2,25,101,48,83,71,69,55,53,60" hai1="96,97,77,57,29,22,119,1,74,133,7,84,125" hai2="47,36,100,51,102,66,122,18,65,61,91,72,107" hai3="44,17,37,32,62,9,73,98,112,115,45,87,15"/><U129/><E119/><V39/><F122/><W38/><G73/><T79/><D123/><U63/><E74/><V3/><F72/><W50/><G32/><T103/><D35/><U67/><E129/><V13/><F3/><W23/><G62/><T111/><D111/><U42/><E133/><V130/><F130/><W46/><G50/><T134/><D134/><U127/><E42/><V4/><F4/><W81/><G98/><T90/><D90/><U92/><E29/><V70/><F66/><W106/><G106/><T80/><D48/><U121/><E22/><V104/><F104/><W109/><G109/><T110/><D60/><U113/><E113/><V40/><F91/><W89/><REACH who="3" step="1"/><G23/><REACH who="3" ten="222,334,186,248" step="2"/><T49/><D49/><U30/><E121/><V24/><F107/><W43/><G43/><T124/><D110/><U116/><E97/><V94/><F36/><AGARI ba="2,1" hai="9,15,17,36,37,38,44,45,46,81,87,89,112,115" machi="36" ten="40,1300,0" yaku="1,1,53,0" doraHai="34" doraHaiUra="126" who="3" fromWho="2" sc="222,0,334,0,186,-19,248,29" /><INIT seed="2,0,0,5,5,125" ten="222,334,167,277" oya="2" hai0="25,35,14,2,93,123,26,97,19,31,58,122,103" hai1="72,112,20,15,119,24,88,77,132,55,10,79,94" hai2="126,48,116,115,63,49,62,114,104,51,128,5,110" hai3="81,21,92,16,109,9,89,37,66,8,83,102,113"/><V39/><F104/><W3/><G37/><T7/><D26/><U64/><E112/><N who="2" m="43051" /><F5/><W43/><G113/><T124/><D124/><U18/><E72/><V28/><F28/><W133/><G43/><T127/><D127/><U86/><E119/><V47/><F126/><W57/><G133/><T87/><D58/><U30/><E132/><V101/><F101/><W13/><G109/><T40/><D40/><U44/><E64/><V78/><F78/><W95/><G3/><T130/><D87/><U108/><E108/><V73/><F73/><W70/><G70/><T6/><D6/><U69/><E69/><V107/><F107/><W32/><G32/><T71/><D71/><U121/><E121/><V85/><F85/><N who="3" m="52271" /><G57/><T100/><D100/><U105/><E105/><V36/><F116/><W90/><G66/><T68/><D68/><U50/><AGARI ba="0,0" hai="10,15,18,20,24,30,44,50,55,77,79,86,88,94" machi="50" ten="30,4000,0" yaku="0,1,8,1,54,1" doraHai="125" who="1" fromWho="1" sc="222,-10,334,40,167,-20,277,-10" /><INIT seed="3,0,0,2,0,42" ten="212,374,147,267" oya="3" hai0="102,73,8,85,15,90,28,119,68,33,87,108,29" hai1="58,128,2,112,34,13,76,16,111,53,82,37,67" hai2="46,27,123,113,126,69,96,122,17,40,125,48,6" hai3="118,59,94,84,25,9,105,32,41,7,130,3,74"/><W110/><G118/><T133/><D119/><U109/><E112/><V93/><F113/><W75/><G105/><T99/><D73/><U63/><E128/><V92/><F69/><W18/><G130/><T24/><D133/><U1/><E34/><V127/><F6/><W78/><G110/><N who="1" m="41994" /><E67/><V51/><F51/><W12/><G41/><T31/><D68/><U104/><E104/><V20/><REACH who="2" step="1"/><F96/><REACH who="2" ten="212,374,137,267" step="2"/><W91/><G7/><T21/><D108/><U35/><E37/><V36/><F36/><W103/><G3/><T71/><D71/><U115/><E115/><V114/><F114/><W101/><G75/><T97/><D97/><U0/><E0/><V26/><F26/><W10/><G25/><T77/><D99/><U81/><E2/><V5/><F5/><W54/><G74/><T23/><D24/><U64/><E1/><V55/><F55/><W47/><G54/><T62/><D62/><U80/><E53/><V83/><F83/><W19/><G12/><T50/><D50/><U107/><E80/><V79/><F79/><W14/><G78/><T11/><D15/><U72/><E81/><V66/><F66/><W43/><G14/><T57/><D77/><U56/><E82/><V98/><F98/><W49/><G43/><T131/><D131/><U45/><E76/><V61/><F61/><W106/><G106/><T52/><D52/><U38/><E107/><V44/><F44/><W120/><G47/><T22/><D57/><U132/><E58/><V121/><AGARI ba="0,1" hai="17,20,27,40,46,48,92,93,121,122,123,125,126,127" machi="121" ten="40,8000,1" yaku="1,1,0,1,13,1,18,1,52,1,53,0" doraHai="42" doraHaiUra="30" who="2" fromWho="2" sc="212,-20,374,-20,137,90,267,-40" /><INIT seed="4,0,0,2,5,67" ten="192,354,227,227" oya="0" hai0="66,111,39,134,3,109,32,120,48,99,27,5,19" hai1="49,30,71,88,7,61,84,50,45,81,76,102,87" hai2="115,8,59,69,91,127,15,92,47,95,6,34,98" hai3="22,65,107,62,20,114,129,94,78,77,16,18,104"/><T10/><D39/><U68/><E102/><V106/><F34/><W116/><G116/><T9/><D120/><U33/><E7/><V79/><F106/><W56/><G114/><T108/><D134/><U83/><E61/><V23/><F115/><W4/><G129/><T82/><D48/><U118/><E118/><V132/><F132/><W113/><G113/><T2/><D66/><U101/><E101/><V89/><F127/><W64/><G4/><N who="0" m="1175" /><D99/><U135/><E135/><V43/><F79/><W117/><G117/><T58/><D58/><U85/><E50/><V11/><F59/><W90/><G65/><T130/><D82/><U123/><E123/><V24/><F11/><W60/><G60/><T17/><D130/><U97/><E97/><V13/><F13/><N who="3" m="9231" /><G107/><T53/><D53/><U12/><E12/><V37/><F24/><N who="3" m="14423" /><G104/><T40/><D40/><U72/><E72/><V55/><F23/><W96/><AGARI ba="0,0" hai="56,62,64,77,78,90,94,96" m="14423,9231" machi="96" ten="30,2000,0" yaku="8,1,54,1" doraHai="67" who="3" fromWho="3" sc="192,-10,354,-5,227,-5,227,20" /><INIT seed="5,0,0,5,5,129" ten="182,349,222,247" oya="1" hai0="13,120,117,18,97,31,95,109,125,130,6,108,50" hai1="47,131,27,99,90,132,98,81,103,74,100,12,82" hai2="17,75,61,11,8,5,30,1,91,80,84,29,37" hai3="48,122,43,135,72,53,110,123,96,54,69,124,42"/><U22/><E131/><V83/><F37/><W63/><G72/><T55/><D130/><U26/><E47/><V104/><F104/><W133/><G96/><T21/><D117/><U71/><E71/><V127/><F127/><W116/><G124/><T114/><D125/><U126/><E126/><V15/><F75/><W101/><G101/><T33/><D114/><U93/><E74/><V65/><REACH who="2" step="1"/><F80/><REACH who="2" ten="182,349,212,247" step="2"/><W94/><G116/><T45/><D120/><U7/><E81/><V105/><F105/><W41/><G123/><T68/><D68/><AGARI ba="0,1" hai="1,5,8,11,15,17,29,30,61,65,68,83,84,91" machi="68" ten="30,2000,0" yaku="1,1,7,1,53,0" doraHai="129" doraHaiUra="20" who="2" fromWho="0" sc="182,-20,349,0,212,30,247,0" /><INIT seed="6,0,0,2,0,89" ten="162,349,242,247" oya="2" hai0="81,9,110,51,11,14,65,127,123,67,40,55,101" hai1="2,120,94,133,6,26,45,116,87,21,33,126,121" hai2="72,49,4,90,64,43,80,23,16,104,44,15,119" hai3="77,130,129,113,134,47,13,91,111,114,78,107,12"/><V31/><F119/><W83/><G47/><T50/><D110/><U131/><E33/><V20/><F104/><W61/><G61/><T1/><D123/><U112/><E116/><V18/><F31/><W5/><G111/><T66/><D127/><U125/><E112/><N who="3" m="43114" /><G107/><T98/><D81/><U97/><E133/><V24/><F64/><W52/><G134/><T132/><D132/><U82/><E131/><N who="3" m="50186" /><G52/><T3/><D40/><U62/><E62/><V86/><F72/><W115/><G115/><T54/><D54/><U37/><E45/><V99/><F4/><W74/><G5/><T76/><D55/><U30/><E37/><V103/><F99/><W106/><G106/><T69/><D69/><U34/><E6/><V92/><REACH who="2" step="1"/><F103/><REACH who="2" ten="162,349,232,247" step="2"/><W105/><G105/><T28/><D98/><U93/><E97/><V32/><F32/><W117/><G117/><T10/><D101/><U29/><E34/><V75/><F75/><W0/><G74/><T108/><D108/><U60/><E30/><V58/><F58/><W36/><G0/><T56/><D28/><U17/><E2/><V7/><F7/><W27/><G78/><T124/><D76/><U59/><E59/><V70/><F70/><W102/><G77/><T79/><D79/><U100/><E29/><V39/><F39/><W46/><G102/><T53/><D3/><U22/><E100/><V71/><F71/><W25/><G36/><T19/><D1/><U109/><E109/><V48/><F48/><W96/><G96/><T35/><D50/><U95/><E60/><V122/><F122/><W84/><G46/><RYUUKYOKU ba="0,1" sc="162,-15,349,-15,232,15,247,15" hai2="15,16,18,20,23,24,43,44,49,80,86,90,92" hai3="12,13,25,27,83,84,91" /><INIT seed="6,1,1,0,2,112" ten="147,334,247,262" oya="2" hai0="43,15,106,61,113,108,123,35,33,87,111,77,22" hai1="105,6,54,97,48,121,63,41,18,60,47,120,89" hai2="115,96,90,4,83,23,11,132,99,30,20,0,17" hai3="42,95,40,28,116,92,117,25,104,81,126,135,114"/><V109/><F115/><W50/><G114/><T64/><D123/><N who="1" m="47179" /><E6/><V3/><F3/><W128/><G104/><T66/><D113/><U82/><E18/><V72/><F109/><W70/><G70/><T73/><D106/><U125/><E125/><V8/><F132/><W45/><G135/><T53/><D73/><U100/><E41/><V13/><F72/><W44/><G126/><T14/><D43/><U75/><E89/><V79/><F79/><AGARI ba="1,1" hai="47,48,54,60,63,75,79,82,97,100,105" m="47179" machi="79" ten="30,1000,0" yaku="13,1" doraHai="112" who="1" fromWho="2" sc="147,0,334,23,247,-13,262,0" /><INIT seed="7,0,0,5,0,83" ten="147,357,234,262" oya="3" hai0="50,19,109,46,31,129,79,3,57,120,112,74,41" hai1="134,86,33,106,35,101,92,5,81,56,45,90,69" hai2="78,7,44,104,24,51,88,12,64,89,6,121,87" hai3="22,116,95,85,29,34,27,47,17,133,30,77,91"/><W63/><G116/><T80/><D120/><U117/><E69/><V67/><F104/><W18/><G133/><T100/><D109/><U65/><E106/><V43/><F121/><W110/><G110/><T8/><D129/><U119/><E5/><V75/><F75/><W124/><G124/><T135/><D135/><U127/><E134/><V38/><F38/><W84/><G34/><T9/><D100/><U96/><E127/><V40/><F40/><W103/><G103/><T70/><D70/><U28/><E28/><V111/><F111/><W123/><G123/><T93/><D31/><U23/><E23/><V132/><F132/><W113/><G113/><T4/><D93/><U53/><E45/><V122/><F122/><W102/><G102/><T73/><D112/><U13/><E13/><V52/><F24/><W39/><G39/><T105/><D105/><U76/><E65/><N who="2" m="25163" /><F43/><W94/><G63/><T60/><D9/><U25/><E101/><V99/><F99/><W115/><G115/><T126/><D126/><U36/><E36/><V66/><N who="2" m="25171" /><V58/><DORA hai="128" /><F44/><W125/><G125/><T42/><D42/><U68/><E68/><V16/><F78/><W49/><G30/><T54/><REACH who="0" step="1"/><D19/><REACH who="0" ten="137,357,234,262" step="2"/><N who="3" m="7177" /><G94/><T55/><D55/><U114/><E114/><V32/><F32/><W21/><G95/><T82/><D82/><U11/><E35/><V72/><F6/><W2/><G29/><T48/><D48/><U10/><E33/><V108/><F108/><W1/><G49/><T59/><D59/><U130/><E56/><V98/><F7/><W0/><G47/><RYUUKYOKU ba="0,1" sc="137,30,357,-10,234,-10,262,-10" hai0="3,4,8,41,46,50,54,57,60,73,74,79,80" owari="167,-33.0,357,46.0,224,-18.0,252,5.0" /></mjloggm>