<mjloggm ver="2.3"><GO type="169" lobby="0"/><UN n0="%E5%B0%B1%E6%B4%BB%E7%94%9F%40%E5%B7%9D%E6%9D%91%E8%BB%8D%E5%9B%A3" n1="%E3%82%AB%E3%83%84%E3%82%AA%E6%AD%A6%E5%A3%AB" n2="%E7%99%BD%E9%BB%92%E7%A5%9E" n3="%49%53%53%4F%4E%34" dan="17,16,16,16" rate="2170.08,2085.81,2139.85,2173.53" sx="M,M,F,M"/><TAIKYOKU oya="0"/><INIT seed="0,0,0,4,5,92" ten="250,250,250,250" oya="0" hai0="89,16,80,67,97,40,48,70,47,108,12,0,85" hai1="76,135,107,11,35,21,57,104,113,95,120,130,23" hai2="117,61,94,51,44,119,84,56,39,64,29,22,102" hai3="77,83,123,55,58,78,14,33,63,82,81,125,49"/><T121/><D0/><U79/><E120/><V98/><F39/><W62/><G33/><T69/><D121/><U71/><E71/><V38/><F38/><W110/><G123/><T105/><D108/><U65/><E35/><V131/><F131/><W30/><G110/><T118/><D118/><U43/><E130/><V26/><REACH who="2" step="1"/><F84/><REACH who="2" ten="250,250,240,250" step="2"/><W68/><G125/><T42/><D67/><U13/><E113/><V88/><F88/><W93/><G78/><T116/><D116/><U127/><E127/><V133/><F133/><W10/><G77/><T54/><D70/><U134/><E79/><V24/><F24/><W112/><G112/><T60/><D69/><U34/><E76/><V20/><F20/><W17/><G68/><T106/><D60/><U2/><E23/><V91/><F91/><W50/><G63/><T8/><D105/><U15/><E21/><V27/><F27/><W9/><G62/><T53/><D53/><AGARI ba="0,1" hai="22,26,29,44,51,53,56,61,64,94,98,102,117,119" machi="53" ten="40,8000,1" yaku="1,1,25,2,52,1,53,1" doraHai="92" doraHaiUra="59" who="2" fromWho="0" sc="250,-80,250,0,240,90,250,0" /><INIT seed="1,0,0,1,4,46" ten="170,250,330,250" oya="1" hai0="89,72,119,109,64,67,120,14,97,117,102,131,111" hai1="7,13,34,71,132,16,20,108,21,68,118,121,124" hai2="10,80,106,113,63,23,32,27,135,41,116,0,36" hai3="127,12,59,61,31,58,37,125,134,91,115,54,73"/><U69/><E121/><V29/><F106/><W42/><G73/><T76/><D14/><U6/><E118/><N who="0" m="45065" /><D67/><U45/><E34/><V74/><F116/><W65/><G31/><T126/><D64/><U47/><E132/><V8/><F135/><W9/><G134/><T4/><D4/><U30/><E124/><V94/><F63/><W53/><G115/><T95/><D120/><U77/><E77/><V48/><F113/><W93/><G42/><T28/><D28/><U78/><E78/><V130/><F0/><W57/><G37/><T11/><D11/><U33/><E33/><V43/><F36/><W52/><G125/><T18/><D18/><U70/><E108/><N who="0" m="41545" /><D126/><U98/><E71/><V3/><F32/><W81/><G127/><T35/><D35/><U66/><E66/><V26/><F3/><W82/><G65/><T114/><D114/><U49/><E47/><V51/><F27/><W39/><G39/><T123/><D123/><U88/><E21/><V79/><F8/><W96/><G61/><T62/><D62/><U40/><REACH who="1" step="1"/><E30/><REACH who="1" ten="170,240,330,250" step="2"/><V107/><F23/><W112/><REACH who="3" step="1"/><G112/><REACH who="3" ten="170,240,330,240" step="2"/><T1/><D72/><U50/><E50/><V86/><F29/><W122/><G122/><T84/><D131/><U5/><E5/><AGARI ba="0,2" hai="5,9,12,52,53,54,57,58,59,81,82,91,93,96" machi="5" ten="40,5200,0" yaku="1,1,8,1,54,1,53,0" doraHai="46" doraHaiUra="56" who="3" fromWho="1" sc="170,0,240,-52,330,0,240,72" /><INIT seed="2,0,0,3,5,107" ten="170,188,330,312" oya="2" hai0="29,100,118,63,8,105,6,83,115,82,96,36,75" hai1="27,39,20,93,85,12,94,56,101,121,135,89,109" hai2="102,7,19,48,117,2,131,51,67,30,72,21,26" hai3="86,16,24,108,106,88,119,92,77,22,84,10,66"/><V71/><F117/><W9/><G106/><T59/><D115/><U104/><E121/><V120/><F120/><W4/><G119/><T132/><D36/><U1/><E104/><V76/><F131/><W111/><G66/><T55/><D132/><U25/><E1/><V130/><F102/><W43/><G43/><T98/><D118/><U35/><E135/><V62/><F130/><W134/><G134/><T5/><D29/><U123/><E39/><V69/><F69/><W97/><G77/><T38/><D38/><U127/><E123/><V60/><F62/><W17/><G17/><T37/><D37/><U47/><E47/><V45/><F30/><W65/><G65/><T80/><D96/><U78/><E78/><V52/><F48/><W113/><G113/><T126/><D126/><U112/><E112/><V133/><F133/><W57/><G57/><T15/><REACH who="0" step="1"/><D6/><REACH who="0" ten="160,188,330,312" step="2"/><U68/><E127/><V110/><F7/><W103/><G4/><T99/><D99/><U58/><E109/><V87/><F110/><W90/><G111/><T125/><D125/><U70/><E35/><V34/><F34/><W53/><G108/><T32/><D32/><U13/><E70/><V28/><F28/><W81/><G97/><T74/><AGARI ba="0,1" hai="5,8,15,55,59,63,74,75,80,82,83,98,100,105" machi="74" ten="30,7900,0" yaku="1,1,0,1,52,2,53,0" doraHai="107" doraHaiUra="18" who="0" fromWho="0" sc="160,89,188,-20,330,-39,312,-20" /><INIT seed="3,0,0,1,0,129" ten="249,168,291,292" oya="3" hai0="132,47,25,56,11,61,52,57,119,82,2,38,76" hai1="112,116,115,3,26,0,100,32,10,102,127,46,13" hai2="54,50,90,85,107,12,111,97,83,5,103,29,58" hai3="63,123,110,122,23,94,22,16,121,9,75,21,79"/><W60/><G110/><T106/><D106/><U4/><E46/><V118/><F111/><W77/><G94/><T20/><D119/><U41/><E41/><V8/><REACH who="2" step="1"/><F29/><REACH who="2" ten="249,168,281,292" step="2"/><W36/><G36/><T134/><D134/><U33/><E116/><AGARI ba="0,1" hai="5,8,12,50,54,58,83,85,90,97,103,107,116,118" machi="116" ten="40,2600,0" yaku="1,1,2,1,53,0" doraHai="129" doraHaiUra="34" who="2" fromWho="1" sc="249,0,168,-26,281,36,292,0" /><INIT seed="4,0,0,5,3,25" ten="249,142,317,292" oya="0" hai0="90,40,86,121,65,124,93,74,9,34,32,75,1" hai1="2,31,133,87,56,5,92,135,123,97,45,91,53" hai2="125,114,82,8,62,47,128,52,102,118,64,126,122" hai3="54,49,14,59,67,130,11,84,95,68,81,35,66"/><T55/><D121/><U106/><E123/><V4/><F122/><W43/><G35/><T36/><D124/><N who="2" m="47722" /><F114/><W107/><G107/><T41/><D65/><U127/><E127/><V108/><F108/><W79/><G68/><T77/><D55/><U117/><E117/><V104/><F118/><W46/><G130/><T30/><D74/><U23/><E45/><V94/><F128/><W85/><G95/><T10/><D10/><U89/><E5/><V132/><F104/><W19/><REACH who="3" step="1"/><G84/><REACH who="3" ten="249,142,317,282" step="2"/><T112/><D112/><U26/><E106/><V113/><F113/><W51/><AGARI ba="0,1" hai="11,14,19,43,46,49,51,54,59,66,67,79,81,85" machi="51" ten="20,8000,1" yaku="1,1,2,1,0,1,7,1,8,1,53,0" doraHai="25" doraHaiUra="16" who="3" fromWho="3" sc="249,-40,142,-20,317,-20,282,90" /><INIT seed="5,0,0,2,0,46" ten="209,122,297,372" oya="1" hai0="20,106,53,101,77,24,129,100,113,133,80,88,98" hai1="47,118,10,56,91,33,132,134,36,124,82,45,15" hai2="135,32,114,130,0,87,34,3,11,18,89,83,119" hai3="103,128,123,62,25,122,1,6,54,27,107,61,48"/><U78/><E33/><V4/><F119/><W90/><G103/><T41/><D113/><U127/><E91/><V44/><F114/><W120/><G107/><T110/><D110/><U63/><E118/><V131/><F3/><W96/><G6/><T23/><D129/><N who="2" m="49162" /><F135/><N who="1" m="51753" /><E36/><V9/><F44/><W126/><G1/><T14/><D133/><U109/><E109/><V51/><F51/><W111/><G111/><T26/><D41/><U7/><E63/><V70/><F70/><W75/><G62/><T35/><D35/><U67/><E67/><V125/><F125/><N who="1" m="48201" /><E56/><V12/><AGARI ba="0,0" hai="0,4,9,11,12,18,32,34,83,87,89" m="49162" machi="12" ten="30,1100,0" yaku="19,1" doraHai="46" who="2" fromWho="2" sc="209,-3,122,-5,297,11,372,-3" /><INIT seed="6,0,0,4,2,126" ten="206,117,308,369" oya="2" hai0="116,16,119,80,32,50,133,69,96,127,1,6,72" hai1="124,90,29,24,135,107,123,59,87,113,109,62,3" hai2="99,75,51,122,37,14,17,36,73,23,39,89,18" hai3="106,118,44,103,27,98,86,76,114,40,92,117,134"/><V12/><F122/><W38/><G134/><T82/><D69/><U4/><E123/><V34/><F34/><W97/><G114/><T41/><D32/><U9/><E107/><V131/><F131/><W112/><G112/><T56/><D127/><U100/><E109/><V121/><F121/><W83/><G27/><T57/><D133/><U25/><E113/><V10/><REACH who="2" step="1"/><F51/><REACH who="2" ten="206,117,298,369" step="2"/><W61/><G61/><T108/><D108/><U132/><E124/><V28/><F28/><W52/><G117/><T64/><D116/><U95/><E29/><V13/><F13/><W46/><G118/><T125/><D119/><U94/><E135/><V2/><F2/><W15/><G15/><T8/><D125/><U67/><E132/><V129/><F129/><W120/><G120/><T85/><D1/><U33/><E33/><V22/><F22/><W78/><G38/><T101/><D8/><U93/><E100/><V7/><F7/><W81/><G103/><T54/><D101/><U30/><E30/><V0/><F0/><W71/><G106/><T19/><D6/><U35/><E35/><V66/><F66/><W70/><G76/><T48/><D64/><U65/><E65/><V53/><F53/><W110/><G78/><T77/><D19/><U84/><E90/><V115/><F115/><W43/><G52/><N who="0" m="31751" /><D16/><U74/><E74/><V5/><F5/><W104/><G104/><T42/><D42/><U31/><E31/><V68/><F68/><W128/><G110/><T47/><D41/><U21/><E21/><V130/><F130/><W79/><G128/><T11/><D72/><RYUUKYOKU ba="0,1" sc="206,-15,117,15,298,15,369,-15" hai1="3,4,9,24,25,59,62,67,84,87,93,94,95" hai2="10,12,14,17,18,23,36,37,39,73,75,89,99" /><INIT seed="6,1,1,5,3,4" ten="191,132,313,354" oya="2" hai0="0,26,124,61,14,2,60,64,44,73,107,52,79" hai1="125,35,134,11,91,109,127,6,98,39,55,112,48" hai2="71,120,57,106,97,5,111,69,3,115,103,133,37" hai3="93,119,51,88,132,62,22,8,85,101,118,83,33"/><V13/><F120/><W24/><G33/><T19/><D107/><U65/><E35/><V18/><F115/><W63/><G132/><T77/><D124/><N who="1" m="47691" /><E39/><V87/><F37/><W58/><G118/><T32/><D2/><U110/><E65/><V95/><F133/><W129/><G129/><T82/><D0/><N who="1" m="455" /><E134/><V116/><F116/><W114/><G114/><T66/><D77/><U1/><E1/><V99/><F111/><W131/><G131/><T17/><D60/><U130/><E112/><V84/><F57/><W56/><G119/><T9/><D19/><U78/><E78/><V70/><F5/><W41/><G8/><T76/><D76/><U54/><E54/><V23/><REACH who="2" step="1"/><F3/><REACH who="2" ten="191,132,303,354" step="2"/><W45/><G58/><T80/><D66/><U10/><E130/><V105/><F105/><W74/><G56/><T7/><D64/><U122/><E122/><V28/><F28/><N who="3" m="17431" /><G74/><T117/><D117/><U72/><E72/><V92/><F92/><W21/><G93/><T126/><D80/><U29/><E29/><V123/><F123/><W25/><G101/><AGARI ba="1,2" hai="13,18,23,69,70,71,84,87,95,97,99,101,103,106" machi="101" ten="40,2000,0" yaku="1,1,53,0" doraHai="4" doraHaiUra="113" who="2" fromWho="3" sc="191,0,132,0,303,43,354,-23" /><INIT seed="6,2,0,2,3,53" ten="191,132,346,331" oya="2" hai0="105,60,84,79,34,32,76,37,22,29,116,133,38" hai1="42,118,50,7,5,59,40,124,0,93,95,31,112" hai2="2,39,120,3,110,130,41,15,16,63,44,111,127" hai3="126,97,28,99,18,33,72,12,4,25,47,78,62"/><V119/><F119/><W104/><G104/><T94/><D105/><U11/><E118/><V74/><F120/><W128/><G72/><T57/><D116/><U54/><E124/><V61/><F74/><W103/><G78/><T67/><D133/><U82/><E112/><V46/><F130/><W36/><G126/><T75/><D75/><U43/><E31/><V26/><F26/><W20/><G103/><T6/><D6/><U122/><E122/><V129/><F46/><W51/><G36/><T65/><D65/><U8/><REACH who="1" step="1"/><E82/><REACH who="1" ten="191,122,346,331" step="2"/><V70/><F127/><W77/><G28/><T81/><D34/><U134/><E134/><V123/><F123/><W45/><G33/><T10/><D32/><U98/><E98/><V96/><F96/><W91/><G97/><T125/><D125/><U135/><E135/><V58/><F129/><W17/><G99/><T89/><D76/><U83/><E83/><V115/><F115/><W68/><G77/><T80/><D81/><U13/><AGARI ba="2,1" hai="0,5,7,8,11,13,40,42,43,50,54,59,93,95" machi="13" ten="30,4000,0" yaku="1,1,0,1,52,1,53,0" doraHai="53" doraHaiUra="14" who="1" fromWho="1" sc="191,-12,122,56,346,-22,331,-12" /><INIT seed="7,0,0,3,2,9" ten="179,178,324,319" oya="3" hai0="36,89,51,124,52,83,3,7,90,17,113,117,66" hai1="8,44,101,126,26,22,81,76,106,118,71,96,72" hai2="42,110,32,100,135,54,40,122,37,18,78,134,108" hai3="11,20,60,30,119,120,48,16,39,68,67,94,133"/><W103/><G119/><T14/><D36/><U105/><E126/><V62/><F32/><W59/><G120/><T45/><D117/><U10/><E118/><V65/><F122/><W93/><G39/><T56/><D124/><U4/><E71/><V92/><F78/><W97/><G133/><N who="2" m="50697" /><F54/><W107/><G30/><T35/><D35/><U77/><E77/><V21/><F100/><W50/><G11/><N who="0" m="4479" /><D3/><U6/><E105/><V88/><F37/><W132/><G132/><T55/><D113/><U102/><E102/><V69/><F110/><W98/><G68/><T79/><D66/><U80/><E80/><V19/><F108/><W38/><G38/><T58/><D17/><N who="2" m="6154" /><F21/><W64/><G64/><T121/><D121/><U82/><E82/><V129/><F129/><W57/><G57/><N who="0" m="22123" /><D55/><U95/><E106/><V49/><F49/><W25/><G107/><T41/><D52/><U73/><E73/><V85/><AGARI ba="0,0" hai="40,42,62,65,69,85,88,92" m="6154,50697" machi="85" ten="30,2000,0" yaku="20,1,54,1" doraHai="9" who="2" fromWho="2" sc="179,-5,178,-5,324,20,319,-10" owari="174,-23.0,173,-33.0,344,45.0,309,11.0" /></mjloggm>