<mjloggm ver="2.3"><GO type="169" lobby="0"/><UN n0="%E6%97%85%E4%BA%BA%E3%81%A1%E3%82%88%E3%81%99%E3%81%91" n1="%E3%82%AB%E3%83%A9%E3%82%B9%E3%81%AE%E5%AD%90" n2="%E5%B0%B1%E6%B4%BB%E7%94%9F%40%E5%B7%9D%E6%9D%91%E8%BB%8D%E5%9B%A3" n3="%68%69%6E%61%6A%69%6E%6E" dan="17,17,17,16" rate="2174.74,2169.19,2235.34,2127.00" sx="M,M,M,M"/><TAIKYOKU oya="0"/><INIT seed="0,0,0,5,1,122" ten="250,250,250,250" oya="0" hai0="48,106,66,61,14,93,127,119,6,133,63,95,88" hai1="112,72,107,47,116,101,129,5,70,37,33,43,77" hai2="126,87,85,118,29,81,21,74,55,83,49,8,97" hai3="15,38,120,7,28,57,46,92,17,11,58,60,105"/><T73/><D119/><U130/><E116/><V82/><F126/><W53/><G105/><T22/><D106/><U39/><E39/><V99/><F74/><W34/><G120/><T16/><D73/><U96/><E112/><V52/><F8/><W135/><G135/><T125/><D133/><U78/><E78/><V113/><F113/><W50/><G38/><T123/><D123/><U67/><E5/><V89/><F118/><W10/><G34/><T64/><D93/><U12/><E12/><V26/><F55/><W36/><G28/><T110/><D110/><U44/><E44/><V30/><F29/><W128/><G128/><T98/><D48/><U100/><E101/><V42/><F42/><W79/><G79/><T91/><D91/><U24/><E77/><V56/><REACH who="2" step="1"/><F87/><REACH who="2" ten="250,250,240,250" step="2"/><W121/><G121/><T9/><D64/><U108/><E72/><V86/><F86/><W45/><G36/><T54/><D54/><U90/><E130/><V2/><F2/><W3/><G92/><AGARI ba="0,1" hai="21,26,30,49,52,56,81,82,83,85,89,92,97,99" machi="92" ten="40,8000,1" yaku="1,1,8,1,54,1,53,1" doraHai="122" doraHaiUra="84" who="2" fromWho="3" sc="250,0,250,0,240,90,250,-80" /><INIT seed="1,0,0,5,2,85" ten="250,250,330,170" oya="1" hai0="115,88,101,30,10,90,82,126,57,2,79,36,17" hai1="29,54,134,76,26,110,117,66,103,124,109,98,25" hai2="16,8,75,43,61,55,42,1,11,19,132,111,51" hai3="121,113,50,87,46,47,127,28,21,108,35,122,73"/><U95/><E117/><V128/><F75/><W60/><G73/><T69/><D115/><U114/><E114/><V22/><F1/><W31/><G113/><T118/><D69/><U123/><E123/><V94/><F111/><N who="1" m="42505" /><E134/><V99/><F61/><W62/><G108/><T3/><D118/><U74/><E124/><V65/><F65/><W84/><G50/><T56/><D36/><U92/><E66/><V59/><F128/><W6/><G6/><T38/><D38/><U71/><E71/><V107/><F107/><W125/><REACH who="3" step="1"/><G21/><REACH who="3" ten="250,250,330,160" step="2"/><T41/><D126/><U14/><E74/><V104/><F132/><W39/><G39/><T49/><D3/><U23/><E23/><V64/><F11/><W33/><AGARI ba="0,1" hai="28,31,33,35,46,47,60,62,84,87,121,122,125,127" machi="33" ten="25,6400,0" yaku="1,1,0,1,22,2,53,0" doraHai="85" doraHaiUra="130" who="3" fromWho="3" sc="250,-16,250,-32,330,-16,160,74" /><INIT seed="2,0,0,2,5,123" ten="234,218,314,234" oya="2" hai0="108,107,52,88,32,39,87,92,27,81,38,31,84" hai1="35,86,115,83,12,124,77,95,1,122,85,73,102" hai2="13,37,62,126,80,93,24,67,30,105,129,125,112" hai3="72,60,64,34,8,91,49,40,45,53,61,29,74"/><V127/><F105/><W63/><G34/><T118/><D107/><U46/><E1/><V65/><F112/><W23/><G8/><T119/><D108/><U3/><E3/><V90/><F129/><W82/><G72/><T134/><D134/><U6/><E115/><V15/><F37/><W103/><G103/><T75/><D75/><U26/><E124/><V19/><F80/><W48/><G74/><T56/><D39/><U94/><E122/><V106/><F106/><W133/><G133/><T2/><D2/><U10/><E46/><V111/><F111/><W101/><G101/><T9/><D9/><U33/><E26/><V113/><F113/><W17/><G29/><T128/><D38/><U121/><E121/><V131/><F131/><W20/><G64/><T69/><D69/><U110/><E110/><V109/><F109/><W78/><G78/><T98/><D128/><U76/><E102/><V114/><F114/><W116/><G116/><N who="0" m="44587" /><D81/><U71/><E71/><V51/><F51/><AGARI ba="0,0" hai="27,31,32,51,52,56,84,87,88,92,98" m="44587" machi="51" ten="30,3900,0" yaku="12,1,54,2" doraHai="123" who="0" fromWho="2" sc="234,39,218,0,314,-39,234,0" /><INIT seed="3,0,0,1,5,68" ten="273,218,275,234" oya="3" hai0="22,55,76,119,59,4,19,106,21,61,113,36,28" hai1="97,14,123,50,122,15,111,9,69,30,34,52,56" hai2="116,102,73,63,72,101,110,82,83,51,24,39,67" hai3="20,60,3,107,115,77,103,57,0,99,74,40,46"/><W7/><G115/><T54/><D119/><U13/><E69/><V58/><F116/><W10/><G20/><T44/><D106/><U37/><E111/><V121/><F110/><W75/><G3/><T90/><D113/><U98/><E9/><V132/><F132/><W29/><G29/><T92/><D76/><U5/><E5/><V17/><F39/><W26/><G26/><T125/><D125/><U71/><E71/><V95/><F121/><W105/><G75/><T84/><D4/><U124/><E124/><V2/><F2/><W88/><G88/><T85/><D28/><U86/><E30/><V79/><F51/><W108/><G108/><T48/><D36/><U6/><E6/><V38/><F38/><N who="3" m="21783" /><G57/><T27/><D21/><U117/><E34/><V8/><F95/><N who="3" m="58879" /><G60/><T134/><D134/><U62/><E117/><V126/><F126/><W49/><G49/><T78/><D78/><U23/><E23/><V42/><F42/><W131/><G131/><T128/><D128/><U120/><E37/><V12/><F24/><W66/><G66/><T35/><D35/><U127/><E127/><V135/><F135/><W109/><G109/><T53/><D53/><U80/><REACH who="1" step="1"/><E50/><REACH who="1" ten="273,208,275,234" step="2"/><V47/><F8/><W93/><G10/><T130/><D130/><U65/><E65/><V91/><F67/><W43/><G7/><T96/><AGARI ba="0,1" hai="19,22,27,44,48,54,55,59,61,84,85,90,92,96" machi="96" ten="20,8000,1" yaku="0,1,7,1,25,2,8,1" doraHai="68" who="0" fromWho="0" sc="273,90,208,-20,275,-20,234,-40" /><INIT seed="4,0,0,2,3,81" ten="363,188,255,194" oya="0" hai0="115,57,84,20,42,69,2,0,17,15,34,26,9" hai1="126,14,112,6,108,22,86,4,90,32,105,129,98" hai2="107,23,130,91,120,70,110,111,35,134,85,54,65" hai3="37,10,94,52,96,76,48,66,61,100,3,97,21"/><T39/><D115/><U102/><E108/><V27/><F120/><W67/><G37/><T11/><D69/><U132/><E32/><V43/><F107/><W40/><G76/><T63/><D34/><U29/><E112/><V7/><F35/><W60/><G40/><T53/><D11/><U58/><E132/><V16/><F130/><W30/><G3/><T41/><D84/><U80/><E129/><V51/><F134/><W93/><G10/><T68/><D68/><U123/><E123/><V72/><F72/><W1/><G1/><T50/><D39/><U33/><E126/><V99/><F7/><W118/><G118/><T71/><D42/><U114/><E114/><V78/><F43/><W12/><G67/><T95/><D95/><U62/><E33/><V104/><F78/><W24/><G12/><T46/><REACH who="0" step="1"/><D71/><REACH who="0" ten="353,188,255,194" step="2"/><U45/><E86/><V59/><F104/><W89/><REACH who="3" step="1"/><G66/><REACH who="3" ten="353,188,255,184" step="2"/><T133/><D133/><U38/><E38/><V106/><F65/><W127/><G127/><T25/><D25/><U75/><E75/><V131/><F70/><W113/><G113/><T117/><D117/><U101/><E105/><V122/><F131/><W31/><G31/><AGARI ba="0,2" hai="0,2,9,15,17,20,26,31,41,46,50,53,57,63" machi="31" ten="30,2900,0" yaku="1,1,7,1,53,0" doraHai="81" doraHaiUra="121" who="0" fromWho="3" sc="353,49,188,0,255,0,184,-29" /><INIT seed="4,1,0,4,0,89" ten="402,188,255,155" oya="0" hai0="103,6,129,107,38,5,98,130,111,77,70,33,64" hai1="8,125,62,14,79,100,0,34,51,114,40,23,76" hai2="102,123,115,39,124,16,27,87,59,65,4,131,85" hai3="96,80,60,94,68,11,25,99,15,2,29,83,46"/><T95/><D38/><U75/><E34/><V31/><F39/><W128/><G2/><T45/><D77/><U41/><E125/><V61/><F123/><W18/><G128/><N who="0" m="49259" /><D33/><U57/><E114/><V7/><F115/><W134/><G134/><T66/><D111/><U21/><E0/><V117/><F124/><W104/><G46/><T91/><D45/><U54/><E75/><V26/><F102/><W112/><G112/><T72/><D72/><U58/><E100/><V126/><F126/><W109/><G109/><T135/><D135/><U110/><E110/><V74/><F74/><W42/><G42/><T10/><D70/><U44/><E41/><V47/><F47/><W121/><G121/><T120/><D120/><U106/><E106/><V12/><F117/><W108/><G108/><T84/><D6/><N who="2" m="2090" /><F31/><W49/><G104/><T24/><D24/><N who="2" m="9258" /><F131/><W28/><G25/><T105/><D105/><U63/><E79/><V78/><F78/><W132/><G132/><T82/><D107/><U37/><E76/><V93/><F93/><W116/><G116/><T92/><D95/><U3/><E3/><AGARI ba="1,0" hai="3,5,10,64,66,82,84,91,92,98,103" m="49259" machi="3" ten="30,2900,0" yaku="19,1,52,1" doraHai="89" who="0" fromWho="1" sc="402,32,188,-32,255,0,155,0" /><INIT seed="4,2,0,3,2,81" ten="434,156,255,155" oya="0" hai0="127,5,33,103,52,39,35,44,101,84,38,8,85" hai1="104,63,116,88,56,118,109,94,26,69,54,22,66" hai2="31,58,62,16,75,70,111,100,14,40,12,50,55" hai3="65,132,106,105,13,121,61,82,87,79,42,9,83"/><T28/><D127/><U24/><E104/><V96/><F75/><W17/><G132/><T95/><D39/><U102/><E109/><V117/><F111/><W2/><G121/><T23/><D38/><U120/><E102/><N who="0" m="38921" /><D33/><U122/><E122/><V67/><F117/><W11/><G42/><T80/><D35/><U6/><E120/><V130/><F130/><W134/><G134/><T53/><D95/><U32/><E6/><V36/><F31/><W98/><G98/><T34/><D34/><U123/><E123/><V97/><F14/><W115/><G115/><T10/><D84/><U78/><E26/><V76/><F76/><W131/><G131/><T43/><D43/><U37/><E78/><V108/><F108/><W99/><G99/><T128/><D128/><U45/><E32/><V60/><F100/><W4/><REACH who="3" step="1"/><G83/><REACH who="3" ten="434,156,255,145" step="2"/><T7/><D7/><U15/><E118/><V51/><F97/><W133/><G133/><T126/><D5/><U107/><E116/><V89/><F96/><W72/><G72/><T59/><D126/><U112/><E112/><V29/><F40/><W86/><G86/><T19/><D85/><U3/><E107/><V25/><F36/><W64/><G64/><T91/><D80/><U90/><E66/><V113/><F67/><W57/><AGARI ba="2,1" hai="2,4,9,11,13,17,57,61,65,79,82,87,105,106" machi="57" ten="20,5200,0" yaku="1,1,0,1,7,1,52,1,53,0" doraHai="81" doraHaiUra="30" who="3" fromWho="3" sc="434,-28,156,-15,255,-15,145,68" /><INIT seed="5,0,0,0,3,69" ten="406,141,240,213" oya="1" hai0="123,51,97,129,49,53,14,7,25,99,73,116,120" hai1="93,57,92,56,22,101,135,111,47,40,37,131,27" hai2="98,82,21,34,108,61,15,96,29,94,5,79,70" hai3="64,35,63,23,50,60,85,38,132,122,52,74,33"/><U13/><E131/><V124/><F108/><W55/><G74/><T113/><D116/><U30/><E111/><V128/><F128/><W12/><G132/><T24/><D129/><U127/><E135/><V110/><F110/><W0/><G0/><T44/><D73/><U6/><E127/><V118/><F34/><W17/><G122/><N who="0" m="46635" /><D113/><U31/><E31/><V89/><F5/><W39/><G85/><T19/><D7/><U16/><E6/><V90/><F118/><W104/><G104/><T58/><D99/><U105/><E105/><V76/><F124/><W126/><G126/><T83/><D97/><U2/><E2/><V75/><F79/><W62/><G64/><T114/><D83/><U84/><E101/><V59/><F70/><W36/><REACH who="3" step="1"/><G50/><REACH who="3" ten="406,141,240,203" step="2"/><T11/><D114/><U133/><E133/><V28/><F98/><W41/><G41/><AGARI ba="0,1" hai="11,14,19,24,25,41,44,49,51,53,58" m="46635" machi="41" ten="30,1000,0" yaku="13,1" doraHai="69" who="0" fromWho="3" sc="406,20,141,0,240,0,203,-10" /><INIT seed="6,0,0,1,5,117" ten="426,141,240,193" oya="2" hai0="125,85,50,116,124,133,94,103,84,36,96,61,66" hai1="79,40,121,67,47,8,119,5,132,20,122,73,63" hai2="110,57,98,31,35,10,0,38,18,37,129,120,115" hai3="131,33,7,28,64,86,105,46,113,56,58,104,87"/><V21/><F120/><N who="1" m="46185" /><E119/><V4/><F110/><W48/><G7/><T3/><D36/><N who="1" m="21895" /><E132/><V69/><F69/><W123/><G123/><T55/><D3/><N who="1" m="63" /><E20/><V70/><F129/><W68/><G131/><T44/><D133/><U39/><E39/><V49/><F115/><W43/><G113/><T52/><D116/><U11/><E11/><V88/><F38/><W32/><G28/><T93/><D55/><U42/><E42/><V114/><F37/><W53/><G32/><T51/><D51/><U80/><E63/><V127/><F31/><W25/><G25/><T90/><REACH who="0" step="1"/><D85/><REACH who="0" ten="416,141,240,193" step="2"/><U2/><E67/><V78/><F49/><W77/><G64/><T62/><D62/><U76/><E79/><V19/><F78/><W15/><G77/><T16/><D16/><U75/><E73/><V12/><F19/><W99/><G48/><T109/><D109/><U65/><E65/><V41/><F114/><W22/><G43/><T23/><D23/><U102/><E102/><V30/><F41/><W101/><G22/><T108/><D108/><U134/><E134/><V92/><F35/><W59/><G33/><T72/><D72/><U89/><E89/><V71/><F88/><W95/><G68/><AGARI ba="0,1" hai="44,50,52,61,66,68,84,90,93,94,96,103,124,125" machi="68" ten="40,2600,0" yaku="1,1,54,1,53,0" doraHai="117" doraHaiUra="26" who="0" fromWho="3" sc="416,36,141,0,240,0,193,-26" /><INIT seed="7,0,0,2,1,55" ten="452,141,240,167" oya="3" hai0="17,41,123,44,84,85,29,62,76,86,120,94,134" hai1="81,96,60,35,53,67,124,40,31,5,106,74,127" hai2="61,8,130,50,89,37,119,56,105,23,26,51,83" hai3="100,98,92,27,33,39,69,95,104,125,14,66,133"/><W103/><G39/><T16/><D134/><U122/><E122/><V43/><F105/><W2/><G133/><T1/><D1/><U6/><E40/><V12/><F37/><W68/><G125/><N who="1" m="48202" /><E53/><N who="2" m="33935" /><F43/><W97/><G14/><T115/><D29/><U57/><E31/><N who="2" m="17887" /><F130/><W114/><G114/><T109/><D109/><U7/><E35/><V93/><F83/><W116/><G116/><T32/><D32/><U45/><E45/><V64/><F64/><W72/><G72/><T113/><D76/><N who="1" m="44183" /><E106/><V107/><F107/><W126/><G2/><T13/><D94/><U0/><E96/><N who="2" m="57391" /><F119/><W88/><G126/><T128/><D128/><U18/><E18/><AGARI ba="0,0" hai="8,12,18,50,51" m="57391,17887,33935" machi="18" ten="30,2000,0" yaku="8,1,52,1" doraHai="55" who="2" fromWho="1" sc="452,0,141,-20,240,20,167,0" owari="452,55.0,121,-38.0,260,6.0,167,-23.0" /></mjloggm>