<mjloggm ver="2.3"><GO type="169" lobby="0"/><UN n0="%E3%83%88%E3%83%88%E3%83%AA%E5%85%88%E7%94%9F%31%39%E6%AD%B3" n1="%68%6F%73%69%67%61%6D%69" n2="%E5%8D%97%E5%8D%97%E5%8D%97" n3="%46%75%6E%54%69%6D%65" dan="19,16,16,16" rate="2229.83,2128.00,2157.77,2088.94" sx="F,M,M,M"/><TAIKYOKU oya="0"/><INIT seed="0,0,0,5,4,60" ten="250,250,250,250" oya="0" hai0="57,99,130,16,66,45,30,8,84,73,87,110,1" hai1="64,102,21,27,74,113,134,76,88,19,22,100,91" hai2="121,48,101,25,92,69,108,0,127,10,78,11,94" hai3="119,83,135,34,49,95,54,14,116,50,72,17,41"/><T111/><D73/><U86/><E134/><V124/><F48/><W9/><G135/><T112/><D112/><U18/><E113/><V40/><F25/><W114/><G114/><T75/><D75/><U107/><E74/><V103/><F40/><W32/><G32/><T59/><D130/><U46/><E76/><V38/><F78/><W131/><G34/><T2/><D30/><U42/><E64/><V47/><F47/><W115/><G131/><T15/><D45/><U96/><E86/><N who="0" m="32809" /><D99/><U52/><E102/><V106/><F69/><W93/><G115/><T97/><D97/><U3/><E3/><V28/><F0/><W20/><G72/><T77/><D57/><U90/><E52/><V55/><F55/><W109/><G119/><T82/><D82/><U51/><REACH who="1" step="1"/><E91/><REACH who="1" ten="250,240,250,250" step="2"/><V122/><F106/><W53/><G53/><T65/><D77/><U98/><E98/><V37/><F108/><N who="0" m="41514" /><D66/><U58/><E58/><V31/><AGARI ba="0,1" hai="10,11,28,31,37,38,92,94,101,103,121,122,124,127" machi="31" ten="25,3200,0" yaku="0,1,22,2" doraHai="60" who="2" fromWho="2" sc="250,-16,240,-8,250,42,250,-8" /><INIT seed="1,0,0,5,2,109" ten="234,232,292,242" oya="1" hai0="5,117,80,9,13,66,19,83,69,39,18,62,85" hai1="34,54,96,112,103,118,44,63,107,16,93,51,68" hai2="95,72,29,77,21,94,48,27,2,76,49,131,1" hai3="123,121,41,11,57,38,116,31,25,79,101,124,82"/><U128/><E112/><V73/><F21/><W126/><G116/><T24/><D117/><U81/><E118/><V129/><REACH who="2" step="1"/><F27/><REACH who="2" ten="234,232,282,242" step="2"/><W89/><G25/><T14/><D24/><U70/><E34/><V119/><F119/><W91/><G123/><T4/><D39/><U120/><E120/><V125/><F125/><W36/><G36/><T50/><D50/><U32/><E32/><V104/><F104/><W20/><G20/><T26/><D26/><U100/><E107/><V61/><F61/><W33/><G38/><T114/><D62/><U15/><E63/><V135/><F135/><W127/><G121/><T46/><D9/><U35/><E35/><V122/><F122/><W113/><G33/><T134/><D134/><U0/><E51/><V28/><AGARI ba="0,1" hai="1,2,28,29,48,49,72,73,76,77,94,95,129,131" machi="28" ten="25,6400,0" yaku="1,1,0,1,22,2,53,0" doraHai="109" doraHaiUra="87" who="2" fromWho="2" sc="234,-16,232,-32,282,74,242,-16" /><INIT seed="2,0,0,0,4,22" ten="218,200,356,226" oya="2" hai0="104,133,12,21,73,83,30,67,15,1,46,23,13" hai1="9,85,120,44,89,18,76,81,134,98,121,24,65" hai2="51,36,110,74,79,84,62,109,122,66,14,117,48" hai3="7,0,130,69,96,70,17,29,106,64,129,60,103"/><V20/><F74/><W71/><G17/><T95/><D104/><U16/><E134/><V93/><F36/><W40/><G40/><T19/><D1/><U97/><E65/><V45/><F117/><W91/><G91/><T102/><D133/><U58/><E58/><V39/><F122/><N who="1" m="47209" /><E44/><V5/><F39/><W108/><G108/><N who="2" m="41577" /><F45/><W131/><REACH who="3" step="1"/><G29/><REACH who="3" ten="218,200,356,216" step="2"/><T31/><D30/><U59/><E89/><N who="2" m="53415" /><F79/><W54/><G54/><T82/><D31/><U80/><E76/><V100/><F100/><W53/><G53/><T56/><D102/><U128/><E18/><N who="2" m="10327" /><F5/><W11/><AGARI ba="0,1" hai="0,7,11,60,64,69,70,71,96,103,106,129,130,131" machi="11" ten="40,12000,2" yaku="1,1,0,1,19,1,23,2,53,1" doraHai="22" doraHaiUra="57" who="3" fromWho="3" sc="218,-30,200,-30,356,-60,216,130" /><INIT seed="3,0,0,2,3,102" ten="188,170,296,346" oya="3" hai0="66,28,31,54,15,21,81,58,69,11,26,126,107" hai1="130,86,68,40,61,115,89,94,114,2,3,19,101" hai2="98,80,110,1,95,119,22,104,132,23,56,100,51" hai3="12,63,109,91,124,116,29,62,131,52,78,10,113"/><W127/><G113/><T105/><D126/><N who="3" m="48169" /><G116/><T73/><D31/><U44/><E130/><V7/><F119/><W9/><G131/><T34/><D34/><U99/><E2/><V35/><F35/><W74/><G109/><T55/><D55/><U118/><E3/><V14/><F110/><W93/><G29/><T75/><D66/><U117/><E117/><V48/><F132/><W133/><G133/><T123/><D69/><U13/><E118/><V65/><F1/><W24/><G24/><T96/><D123/><U18/><E18/><V4/><F80/><N who="3" m="45143" /><G52/><T120/><D120/><U121/><E121/><V33/><F33/><W85/><G10/><T135/><D135/><U129/><E129/><V5/><F65/><W25/><G25/><T45/><D45/><U36/><E61/><V16/><F56/><W8/><G8/><T17/><D81/><U42/><E42/><V128/><F128/><W108/><G108/><T79/><D79/><U47/><E47/><V111/><F111/><W97/><G97/><T57/><D57/><U83/><E68/><V41/><F23/><AGARI ba="0,0" hai="13,19,23,36,40,44,83,86,89,94,99,101,114,115" machi="23" ten="30,1000,0" yaku="7,1" doraHai="102" who="1" fromWho="2" sc="188,0,170,10,296,-10,346,0" /><INIT seed="4,0,0,3,1,37" ten="188,180,286,346" oya="0" hai0="127,30,76,133,120,115,75,39,64,99,23,72,28" hai1="101,56,61,41,66,50,122,78,110,52,0,33,4" hai2="89,43,25,100,95,130,5,38,85,135,105,103,2" hai3="121,22,63,10,118,8,35,102,36,73,60,125,128"/><T44/><D115/><U3/><E110/><V29/><F130/><W84/><G118/><T48/><D120/><U77/><E122/><V11/><F135/><W71/><G121/><T108/><D39/><U82/><E33/><V46/><REACH who="2" step="1"/><F105/><REACH who="2" ten="188,180,276,346" step="2"/><W19/><G128/><T90/><D133/><U57/><E0/><V117/><F117/><W26/><G125/><T45/><D127/><U14/><E3/><V97/><F97/><W17/><G73/><T59/><D75/><U13/><E77/><V80/><F80/><W132/><G132/><T109/><D76/><U54/><E82/><V20/><AGARI ba="0,1" hai="2,5,11,20,25,29,38,43,46,85,89,95,100,103" machi="20" ten="20,8000,1" yaku="1,1,0,1,7,1,52,1,53,1" doraHai="37" doraHaiUra="40" who="2" fromWho="2" sc="188,-40,180,-20,276,90,346,-20" /><INIT seed="5,0,0,0,4,75" ten="148,160,366,326" oya="1" hai0="135,84,105,124,123,6,34,93,80,108,53,14,73" hai1="87,35,56,99,94,64,95,47,31,10,28,39,40" hai2="79,85,119,68,82,83,1,17,70,78,25,27,69" hai3="111,89,54,15,61,125,66,102,72,122,98,59,30"/><U92/><E35/><V50/><F1/><W127/><G111/><T118/><D118/><U116/><E116/><V103/><F119/><W126/><G122/><T45/><D105/><U51/><E99/><V42/><F103/><W8/><G72/><T12/><D34/><U52/><E87/><V33/><F33/><W57/><G30/><T3/><D108/><U77/><E77/><V67/><F67/><W86/><G86/><T41/><D135/><U48/><E48/><V81/><F17/><N who="3" m="8423" /><G89/><T131/><D131/><U63/><REACH who="1" step="1"/><E10/><REACH who="1" ten="148,150,366,326" step="2"/><V36/><F50/><N who="3" m="30935" /><G98/><T112/><D73/><U114/><E114/><V128/><F128/><W18/><G102/><T38/><D84/><U76/><E76/><V133/><F85/><W4/><G127/><T97/><D124/><U96/><E96/><V110/><F83/><W11/><G126/><T65/><D112/><U55/><E55/><V134/><F110/><W120/><G125/><T107/><D80/><U71/><AGARI ba="0,1" hai="28,31,39,40,47,51,52,56,63,64,71,92,94,95" machi="71" ten="30,12000,1" yaku="1,1,0,1,24,2,54,1,53,0" doraHai="75" doraHaiUra="9" who="1" fromWho="1" sc="148,-40,150,130,366,-40,326,-40" /><INIT seed="5,1,0,1,2,56" ten="108,280,326,286" oya="1" hai0="116,80,39,68,60,43,31,32,30,13,36,85,89" hai1="44,19,100,133,119,79,94,46,125,109,10,126,18" hai2="34,1,75,115,82,98,52,2,11,121,74,4,6" hai3="129,54,110,17,7,107,53,104,35,77,130,41,45"/><U78/><E119/><V96/><F82/><W112/><G110/><T55/><D116/><U26/><E109/><V128/><F34/><W76/><G35/><T61/><D68/><U48/><E133/><V72/><F121/><W83/><G112/><T102/><D55/><N who="3" m="21001" /><G7/><T47/><D39/><U12/><E100/><V90/><F115/><W123/><G17/><T51/><D36/><U14/><E94/><V86/><F128/><N who="3" m="49259" /><G123/><T58/><D58/><U67/><E67/><V8/><F52/><W134/><G134/><T92/><D13/><U50/><REACH who="1" step="1"/><E10/><REACH who="1" ten="108,270,326,286" step="2"/><V57/><F11/><W122/><G122/><T124/><D124/><U105/><E105/><V87/><F8/><W21/><G107/><T71/><D71/><U106/><E106/><V99/><F57/><W24/><G104/><T114/><D114/><U70/><E70/><V120/><F120/><W91/><G83/><T42/><D42/><U117/><E117/><V27/><F1/><W40/><G40/><T63/><D32/><U73/><E73/><V33/><F2/><W131/><G131/><T64/><D64/><U103/><E103/><V22/><F33/><W15/><G41/><T37/><D37/><U66/><E66/><V118/><F118/><W111/><G111/><T81/><D81/><U28/><E28/><V101/><F101/><W84/><G45/><T95/><D95/><U0/><E0/><V38/><F38/><W108/><G108/><T16/><D102/><U9/><E9/><V69/><F69/><W5/><G21/><T65/><D80/><U3/><E3/><V127/><F127/><RYUUKYOKU ba="1,1" sc="108,-10,270,30,326,-10,286,-10" hai1="12,14,18,19,26,44,46,48,50,78,79,125,126" /><INIT seed="5,2,1,4,1,57" ten="98,300,316,276" oya="1" hai0="54,33,67,5,93,44,133,58,40,4,31,36,50" hai1="25,7,125,14,86,113,130,23,90,80,114,42,78" hai2="110,83,126,10,124,123,132,19,29,75,94,99,27" hai3="73,134,48,28,47,77,81,119,109,21,120,38,128"/><U108/><E130/><V100/><F110/><W117/><G109/><T70/><D133/><U15/><E108/><V115/><F123/><W3/><G120/><T63/><D31/><U131/><E131/><V0/><F132/><W26/><G134/><T24/><D24/><U95/><E125/><N who="2" m="48235" /><F115/><N who="1" m="44041" /><E7/><N who="2" m="1383" /><F19/><W12/><G128/><T97/><REACH who="0" step="1"/><D33/><REACH who="0" ten="88,300,316,276" step="2"/><U30/><E42/><V18/><F29/><W68/><G28/><T62/><D62/><U104/><E104/><V118/><F27/><W64/><G26/><T87/><D87/><AGARI ba="2,2" hai="14,15,23,25,30,78,80,86,87,90,95" m="44041" machi="87" ten="30,1500,0" yaku="15,1" doraHai="57" who="1" fromWho="0" sc="88,-21,300,41,316,0,276,0" /><INIT seed="5,3,0,3,0,86" ten="67,341,316,276" oya="1" hai0="92,112,6,40,125,69,35,19,101,60,102,132,14" hai1="25,117,63,30,49,18,89,108,24,58,116,28,41" hai2="62,64,32,135,21,123,2,7,72,43,3,110,17" hai3="80,4,111,130,54,131,42,9,65,120,129,118,115"/><U87/><E108/><V45/><F110/><W75/><G111/><T73/><D35/><U85/><E18/><V71/><F123/><W26/><G120/><T100/><D73/><U56/><E41/><V55/><F32/><W36/><G115/><T12/><D112/><U124/><E124/><V114/><F114/><W134/><G134/><T61/><D132/><U94/><E49/><V119/><F135/><W23/><G118/><T11/><D125/><U133/><E133/><V20/><F119/><W68/><G54/><T33/><D33/><U88/><REACH who="1" step="1"/><E94/><REACH who="1" ten="67,331,316,276" step="2"/><V52/><F17/><W29/><G42/><T121/><D121/><U103/><E103/><V79/><F7/><W127/><G127/><T27/><D27/><U93/><E93/><V44/><F43/><W106/><G26/><T31/><D31/><U0/><E0/><V34/><F2/><W50/><G50/><T16/><D6/><U98/><E98/><V1/><F3/><W48/><G48/><T104/><D104/><U83/><E83/><V91/><F1/><W13/><G106/><T122/><D122/><U81/><E81/><V67/><F62/><AGARI ba="3,1" hai="24,25,28,30,56,58,62,63,85,87,88,89,116,117" machi="62" ten="25,18000,2" yaku="1,1,22,2,52,2,54,1,53,0" doraHai="86" doraHaiUra="38" who="1" fromWho="2" sc="67,0,331,199,316,-189,276,0" /><INIT seed="5,4,0,1,5,93" ten="67,530,127,276" oya="1" hai0="72,111,52,78,105,121,66,8,97,90,118,61,92" hai1="48,19,91,130,12,69,40,45,16,94,26,65,109" hai2="57,73,81,123,49,5,88,79,43,39,119,108,13" hai3="31,20,4,7,28,102,95,17,132,38,3,37,115"/><U112/><E112/><V125/><F119/><W51/><G115/><T87/><D111/><U55/><E109/><V99/><F108/><W70/><G70/><T82/><D118/><U67/><E130/><V15/><F123/><W35/><G132/><T77/><D121/><U44/><E69/><V62/><F125/><W131/><G131/><T113/><D113/><U110/><E110/><V129/><F39/><W127/><G51/><T9/><D78/><U6/><E6/><V96/><F129/><W68/><G31/><T128/><D128/><U23/><E45/><N who="2" m="25791" /><F79/><W98/><G68/><T122/><D122/><U100/><E100/><V86/><F73/><W64/><G64/><T114/><D114/><U56/><E19/><V10/><F15/><N who="3" m="9279" /><G7/><T83/><D83/><U46/><E12/><V89/><F89/><W101/><G101/><N who="0" m="62639" /><D66/><AGARI ba="4,0" hai="5,10,13,57,62,66,81,86,88,96,99" m="25791" machi="66" ten="30,7700,0" yaku="8,1,52,2,54,1" doraHai="93" who="2" fromWho="0" sc="67,-89,530,0,127,89,276,0" owari="-22,-52.0,530,62.0,216,-18.0,276,8.0" /></mjloggm>