<mjloggm ver="2.3"><GO type="169" lobby="0"/><UN n0="%E5%B0%B1%E6%B4%BB%E7%94%9F%40%E5%B7%9D%E6%9D%91%E8%BB%8D%E5%9B%A3" n1="%4D%72%2E%6E%69%6B%75%39" n2="%E7%BE%BD%E6%9C%88%E8%8E%89%E9%9F%B3" n3="%6B%6F%6A%69%6D%6F%6E%39" dan="17,17,17,16" rate="2238.32,2209.21,2170.12,2126.42" sx="M,M,F,M"/><TAIKYOKU oya="0"/><INIT seed="0,0,0,0,4,49" ten="250,250,250,250" oya="0" hai0="124,64,25,15,22,125,108,109,57,46,76,2,132" hai1="28,67,114,40,75,95,54,50,119,61,59,89,80" hai2="107,32,43,8,131,18,102,38,79,5,93,82,103" hai3="130,71,14,98,35,26,72,99,127,118,106,31,3"/><T111/><D2/><U81/><E119/><V135/><F32/><W56/><G118/><T113/><D113/><U88/><E114/><V116/><F107/><W87/><G72/><T34/><D132/><U21/><E75/><V91/><F116/><W92/><G71/><T85/><D46/><N who="1" m="25927" /><E67/><V63/><F18/><W30/><G3/><T115/><D115/><U121/><E121/><V69/><F135/><W16/><G31/><T120/><D120/><U100/><E100/><V33/><F33/><W12/><G130/><T17/><D34/><U122/><E122/><V0/><F131/><W58/><G12/><T117/><D117/><U78/><E78/><V52/><F43/><W133/><G133/><T42/><D42/><U66/><E66/><V60/><F38/><W83/><G106/><T90/><D76/><U105/><E105/><V9/><F69/><W74/><G127/><N who="0" m="48715" /><D64/><U4/><E4/><V129/><F129/><W7/><G7/><T51/><D57/><U86/><E89/><V97/><F5/><W6/><G6/><T27/><D51/><U13/><E13/><V44/><F63/><W45/><G74/><T19/><D17/><U36/><E36/><V110/><F0/><W55/><G16/><T126/><N who="0" m="48723" /><T37/><DORA hai="123" /><D37/><U112/><E112/><V77/><F79/><N who="3" m="46591" /><G14/><T134/><D134/><U96/><E28/><V39/><F39/><W73/><G73/><T128/><D128/><U70/><E70/><V53/><F77/><W68/><G68/><T11/><D11/><U23/><E23/><V20/><F20/><N who="3" m="15687" /><G45/><T1/><D1/><RYUUKYOKU ba="0,0" sc="250,30,250,-10,250,-10,250,-10" hai0="15,19,22,25,27,85,90,108,109,111" /><INIT seed="0,1,0,4,2,93" ten="280,240,240,240" oya="0" hai0="117,88,32,37,59,132,109,68,96,5,54,63,90" hai1="14,33,80,110,4,16,21,98,34,2,19,126,95" hai2="102,85,56,100,46,82,55,31,125,120,47,71,124" hai3="13,53,24,49,135,130,0,9,20,10,65,28,51"/><T58/><D117/><U101/><E110/><V81/><F120/><W57/><G130/><T35/><D37/><U26/><E126/><N who="2" m="48747" /><F31/><W8/><G135/><T41/><D68/><U83/><E34/><V70/><F56/><W134/><G134/><T73/><D73/><U67/><E67/><V122/><F122/><W12/><G0/><T115/><D115/><U75/><E75/><V69/><F55/><W118/><G118/><T87/><D132/><U62/><E62/><V133/><F133/><W38/><G38/><T99/><D109/><U121/><E121/><V50/><F50/><W39/><G39/><T15/><D41/><U29/><REACH who="1" step="1"/><E16/><REACH who="1" ten="280,230,240,240" step="2"/><V91/><F71/><W60/><REACH who="3" step="1"/><G51/><REACH who="3" ten="280,230,240,230" step="2"/><N who="0" m="31071" /><D35/><U84/><E84/><V77/><F85/><W94/><G94/><T113/><D32/><U123/><E123/><V25/><F82/><W79/><G79/><T131/><D131/><U66/><E66/><V72/><F77/><W3/><G3/><T11/><D113/><U86/><E86/><V22/><F72/><W52/><G52/><N who="0" m="34279" /><D87/><U129/><E129/><V1/><F1/><W89/><G89/><AGARI ba="1,2" hai="5,11,15,88,89,90,96,99" m="34279,31071" machi="89" ten="30,12000,1" yaku="8,1,52,2,54,2" doraHai="93" who="0" fromWho="3" sc="280,143,230,0,240,0,230,-123" /><INIT seed="0,2,0,2,3,52" ten="423,230,240,107" oya="0" hai0="110,102,107,67,129,49,29,7,39,54,100,104,33" hai1="17,122,22,126,21,105,42,77,18,87,3,95,135" hai2="38,57,40,68,10,88,85,30,99,79,1,94,56" hai3="69,128,132,55,27,15,70,60,114,37,73,28,120"/><T127/><D39/><U59/><E105/><V92/><F68/><W16/><G73/><T117/><D117/><U93/><E3/><V82/><F38/><W48/><G114/><T131/><D7/><U46/><E122/><V20/><F40/><W103/><G120/><T123/><D123/><U98/><E126/><V108/><F108/><W101/><G128/><N who="0" m="49227" /><D67/><U0/><E0/><V111/><F111/><W124/><G132/><T71/><D71/><U34/><E34/><V112/><F112/><W90/><G37/><T8/><D8/><U45/><E135/><V97/><F1/><W91/><G124/><T11/><D11/><U78/><E87/><V96/><F10/><W76/><G76/><T31/><D110/><U26/><E42/><V119/><F119/><W23/><G70/><T36/><D36/><U84/><E84/><N who="2" m="48223" /><F94/><W109/><G109/><T5/><D5/><U24/><REACH who="1" step="1"/><E98/><REACH who="1" ten="423,220,240,107" step="2"/><V63/><F63/><W58/><G60/><T86/><D33/><U72/><E72/><V12/><F12/><W89/><REACH who="3" step="1"/><G69/><REACH who="3" ten="423,220,240,97" step="2"/><T134/><D127/><U2/><E2/><V35/><F35/><AGARI ba="2,2" hai="15,16,23,27,28,35,48,55,58,89,90,91,101,103" machi="35" ten="40,8000,1" yaku="1,1,2,1,52,1,54,1,53,0" doraHai="52" doraHaiUra="74" who="3" fromWho="2" sc="423,0,220,0,240,-86,97,106" /><INIT seed="1,0,0,0,0,29" ten="423,220,154,203" oya="1" hai0="22,120,82,128,34,51,125,35,55,116,12,79,77" hai1="20,109,110,119,81,129,25,80,71,43,107,131,4" hai2="24,57,78,135,8,48,106,130,121,31,123,45,87" hai3="94,40,13,132,64,99,9,104,103,63,32,72,113"/><U88/><E119/><V74/><F106/><W76/><G113/><T39/><D39/><U36/><E107/><V21/><F135/><W2/><G2/><T114/><D116/><U0/><E71/><V93/><F130/><N who="1" m="49673" /><E4/><V69/><F69/><W60/><G132/><T23/><D114/><U5/><E5/><V73/><F57/><W59/><G40/><T134/><D128/><U61/><E0/><V127/><F127/><W86/><G72/><T3/><D3/><U98/><E61/><V68/><F68/><W117/><G117/><T38/><D38/><U14/><E14/><V37/><F37/><W124/><G63/><T91/><D134/><U97/><E43/><V42/><F8/><W30/><G124/><T16/><D125/><U95/><E98/><V92/><F123/><W111/><G111/><N who="1" m="42506" /><E36/><V115/><F121/><W75/><G104/><T67/><D67/><U47/><E47/><V101/><F115/><W70/><G70/><T15/><D120/><U46/><E46/><V122/><F122/><W118/><G118/><T19/><D51/><U44/><E44/><V53/><F42/><W18/><G64/><T89/><D55/><U66/><E66/><V100/><F53/><W62/><G59/><T27/><D27/><U102/><E102/><N who="2" m="39531" /><F45/><W133/><G133/><T7/><D7/><U96/><E96/><V56/><F48/><W52/><G52/><T33/><D82/><U11/><E11/><V112/><F56/><W84/><G60/><T28/><D12/><U105/><E105/><V65/><F65/><W58/><G62/><T6/><D15/><RYUUKYOKU ba="0,0" sc="423,-10,220,30,154,-10,203,-10" hai1="20,25,80,81,88,95,97" /><INIT seed="1,1,0,3,2,93" ten="413,250,144,193" oya="1" hai0="17,67,41,26,109,73,2,97,39,72,119,83,126" hai1="27,18,100,47,116,76,130,92,74,35,19,23,44" hai2="104,10,96,88,43,15,121,135,49,63,98,45,94" hai3="81,99,111,108,75,95,107,9,89,37,21,131,102"/><U4/><E116/><V117/><F121/><W32/><G37/><T22/><D2/><U48/><E130/><V84/><F117/><W29/><G32/><T85/><D119/><U103/><E4/><N who="2" m="3527" /><F104/><W65/><G65/><T64/><D109/><N who="3" m="42057" /><G9/><T54/><D126/><U30/><E74/><V5/><F135/><W3/><G21/><T120/><D120/><U101/><E76/><V124/><F124/><W14/><G14/><T87/><D54/><U53/><E35/><V50/><F63/><W38/><G29/><T115/><D115/><U113/><E113/><V33/><F33/><W16/><G16/><N who="1" m="6186" /><E47/><N who="2" m="25855" /><F5/><W42/><G3/><T86/><D73/><U82/><E82/><V0/><F0/><W59/><G59/><T129/><D129/><U62/><E62/><V80/><F80/><W70/><G70/><T13/><D72/><U46/><E44/><V7/><F7/><W132/><G38/><T91/><D39/><U77/><E77/><V114/><F114/><W90/><G42/><AGARI ba="1,0" hai="42,45,50,84,88,94,96,98" m="25855,3527" machi="42" ten="30,7700,0" yaku="8,1,52,2,54,1" doraHai="93" who="2" fromWho="3" sc="413,0,250,0,144,80,193,-80" /><INIT seed="2,0,0,5,4,36" ten="413,250,224,113" oya="2" hai0="85,22,53,12,10,41,67,104,76,66,111,30,120" hai1="116,81,52,13,18,32,77,103,90,31,7,92,124" hai2="110,59,95,125,56,37,23,11,40,15,71,105,79" hai3="42,27,118,135,96,25,69,6,108,73,57,2,134"/><V38/><F105/><W3/><G73/><T78/><D104/><U14/><E116/><V123/><F71/><W47/><G118/><T28/><D120/><U99/><E124/><V127/><F123/><W107/><G69/><T119/><D119/><U113/><E113/><V100/><F38/><W115/><G57/><T63/><D41/><U0/><E0/><N who="3" m="42" /><G6/><T54/><D111/><U75/><E32/><V101/><F79/><N who="0" m="30250" /><D85/><U132/><E31/><N who="0" m="11817" /><D22/><U29/><E29/><V68/><F23/><W39/><G108/><T20/><D20/><U43/><E43/><V64/><F68/><W86/><G86/><T117/><D117/><U91/><E132/><N who="3" m="50730" /><G115/><T82/><D82/><U102/><E7/><V131/><F110/><W19/><G19/><N who="0" m="8599" /><D63/><U88/><E18/><V121/><F127/><W8/><G8/><T97/><D97/><U48/><REACH who="1" step="1"/><E103/><AGARI ba="0,0" hai="25,27,39,42,47,96,103,107" m="50730,42" machi="103" ten="30,2000,0" yaku="20,1,52,1" doraHai="36" who="3" fromWho="1" sc="413,0,250,-20,224,0,113,20" /><INIT seed="3,0,0,2,0,21" ten="413,230,224,133" oya="3" hai0="107,56,117,103,34,105,78,15,37,61,45,108,33" hai1="101,125,129,106,13,18,85,114,55,128,23,32,135" hai2="59,9,53,102,12,58,100,75,38,65,79,118,123" hai3="120,29,99,4,95,2,35,113,87,92,77,127,41"/><W91/><G120/><T82/><D117/><U43/><E114/><V124/><F118/><W31/><G113/><T1/><D1/><U27/><E125/><V96/><F38/><W89/><G127/><T16/><D108/><U98/><E135/><V25/><F124/><W71/><G71/><T97/><D107/><U62/><E43/><V83/><F123/><W112/><G112/><T121/><D121/><U115/><E115/><V51/><F65/><W70/><G70/><T68/><D68/><U20/><E32/><V119/><F119/><W28/><G77/><T40/><D61/><U110/><E110/><V74/><F74/><W24/><REACH who="3" step="1"/><G41/><REACH who="3" ten="413,230,224,123" step="2"/><T7/><D78/><U5/><E129/><V104/><F79/><W17/><G17/><T81/><D7/><U10/><E128/><V0/><F75/><W130/><G130/><T67/><D40/><U36/><E18/><V88/><F104/><W122/><G122/><T26/><D16/><U86/><E5/><V42/><F42/><W93/><G93/><T80/><D105/><U57/><E106/><V84/><F83/><W8/><AGARI ba="0,1" hai="2,4,8,24,28,29,31,35,87,89,91,92,95,99" machi="8" ten="30,6000,0" yaku="1,1,0,1,52,1,53,0" doraHai="21" doraHaiUra="132" who="3" fromWho="3" sc="413,-20,230,-20,224,-20,123,70" /><INIT seed="3,1,0,0,5,47" ten="393,210,204,193" oya="3" hai0="121,126,17,53,3,30,79,2,90,6,35,117,100" hai1="122,49,75,23,95,72,118,41,134,0,14,78,40" hai2="10,82,84,59,69,116,38,128,74,80,29,124,54" hai3="21,127,70,12,25,39,37,15,4,114,120,31,102"/><W8/><G114/><T65/><D117/><U109/><E122/><V88/><F69/><W32/><G120/><T36/><D36/><U44/><E0/><V58/><F116/><W91/><G70/><T77/><D100/><U107/><E107/><V115/><F115/><W56/><G102/><T98/><D65/><U45/><E109/><V9/><F38/><W112/><G112/><T55/><D17/><U48/><E118/><V46/><F128/><W57/><G127/><T135/><D30/><U93/><E134/><V64/><F29/><W133/><G133/><T61/><D61/><U68/><E68/><V123/><F124/><W67/><G91/><T28/><D28/><U105/><E105/><V42/><F42/><W11/><G32/><T51/><D6/><U63/><E63/><N who="2" m="38015" /><F46/><W94/><G94/><T33/><D90/><U24/><E14/><V125/><F125/><W103/><G103/><T131/><D126/><U18/><E78/><V22/><F22/><W119/><G119/><T16/><D131/><U129/><E129/><V71/><F71/><W83/><G83/><N who="2" m="31785" /><F74/><AGARI ba="1,0" hai="18,23,24,40,41,44,45,48,49,72,74,75,93,95" machi="74" ten="40,5200,0" yaku="9,1,52,2" doraHai="47" who="1" fromWho="2" sc="393,0,210,55,204,-55,193,0" /><INIT seed="4,0,0,4,1,48" ten="393,265,149,193" oya="0" hai0="72,16,37,66,2,86,5,128,55,124,14,69,57" hai1="90,88,40,109,89,98,39,67,119,34,31,95,100" hai2="61,7,125,105,68,28,63,17,77,85,3,21,107" hai3="122,108,11,19,73,116,54,101,99,33,64,49,112"/><T44/><D72/><U130/><E119/><V23/><F125/><W43/><G116/><T111/><D124/><U62/><E109/><V80/><F3/><W94/><G108/><T1/><D111/><U51/><E39/><V113/><F113/><W83/><G33/><T96/><D5/><U121/><E121/><V0/><F23/><W35/><G35/><T59/><D59/><U115/><E130/><V22/><F21/><W123/><G64/><T45/><D96/><U110/><E110/><V70/><F28/><W41/><G112/><T120/><D120/><N who="3" m="46121" /><G83/><T82/><D128/><U13/><E115/><V93/><F93/><W106/><G106/><T75/><D75/><U103/><E103/><V24/><F70/><W81/><G81/><T65/><D69/><U30/><E34/><V135/><F135/><W12/><G73/><T114/><D114/><U47/><REACH who="1" step="1"/><E13/><REACH who="1" ten="393,255,149,193" step="2"/><V10/><F68/><AGARI ba="0,1" hai="30,31,40,47,51,62,67,68,88,89,90,95,98,100" machi="68" ten="40,5200,0" yaku="1,1,2,1,54,1,53,0" doraHai="48" doraHaiUra="32" who="1" fromWho="2" sc="393,0,255,62,149,-52,193,0" /><INIT seed="5,0,0,1,2,47" ten="393,317,97,193" oya="1" hai0="100,33,17,16,56,20,1,51,28,12,108,52,4" hai1="29,118,11,128,50,101,21,25,130,46,32,89,23" hai2="82,88,135,14,79,68,22,45,7,63,27,122,61" hai3="0,132,3,64,102,9,90,129,80,65,85,125,126"/><U37/><E118/><V96/><F122/><W8/><G102/><T78/><D108/><U2/><E37/><V98/><F135/><W24/><G24/><N who="0" m="16391" /><D33/><U41/><E101/><V104/><F104/><W35/><G35/><T55/><D1/><N who="3" m="585" /><G132/><T133/><D133/><U67/><E67/><N who="3" m="25674" /><G129/><N who="1" m="49770" /><E89/><V13/><F68/><W18/><G18/><T119/><D119/><U40/><E40/><V77/><F27/><W10/><G90/><T30/><D78/><U53/><E41/><V44/><F88/><W134/><G134/><T66/><D30/><U109/><E109/><V81/><F22/><W115/><G115/><T83/><D83/><U71/><E71/><V31/><F31/><W121/><G121/><T107/><D107/><U95/><E95/><V127/><REACH who="2" step="1"/><F127/><REACH who="2" ten="393,317,87,193" step="2"/><W94/><G126/><T62/><D100/><U58/><E23/><V74/><F74/><W43/><G125/><T123/><D123/><U92/><E21/><V99/><F99/><W5/><G10/><N who="0" m="4167" /><D66/><U124/><E124/><V91/><F91/><W36/><G9/><T38/><D38/><U54/><E11/><V120/><F120/><W110/><G8/><T106/><D106/><U26/><E2/><V73/><F73/><W69/><G110/><T48/><D17/><U6/><E29/><V97/><F97/><W49/><G69/><T103/><D16/><U117/><E117/><V59/><F59/><W60/><G5/><AGARI ba="0,1" hai="5,7,13,14,44,45,61,63,77,79,81,82,96,98" machi="5" ten="25,6400,0" yaku="1,1,22,2,8,1,53,0" doraHai="47" doraHaiUra="111" who="2" fromWho="3" sc="393,0,317,0,87,74,193,-64" /><INIT seed="6,0,0,1,2,44" ten="393,317,161,129" oya="2" hai0="68,128,49,37,110,117,125,78,46,134,80,13,30" hai1="120,116,124,17,69,130,75,58,66,102,51,70,118" hai2="38,114,90,99,97,34,12,107,18,86,21,122,74" hai3="63,56,126,133,85,24,94,104,32,36,77,109,91"/><V121/><F74/><W11/><G109/><T43/><D110/><U108/><E108/><V2/><F114/><W67/><G104/><T88/><D68/><N who="1" m="26219" /><E75/><V54/><F38/><W23/><G36/><T101/><D101/><U62/><E17/><V129/><F129/><W16/><G133/><T123/><D134/><U28/><E28/><V112/><F112/><W83/><G126/><T119/><D128/><U47/><E102/><V82/><F34/><W113/><G113/><T9/><D30/><U48/><E130/><V29/><F29/><W92/><G32/><T64/><D64/><U14/><E14/><V131/><F2/><W35/><G35/><T15/><D37/><U8/><E8/><V25/><F25/><W79/><G11/><T72/><D125/><U106/><E106/><V84/><F131/><W39/><G39/><T65/><D65/><U100/><E100/><V50/><F107/><W81/><REACH who="3" step="1"/><G91/><REACH who="3" ten="393,317,161,119" step="2"/><T31/><D9/><U22/><E124/><V71/><F122/><W0/><G0/><T33/><D88/><U4/><E120/><V111/><F121/><W60/><G60/><T55/><D123/><U40/><E62/><V26/><F111/><W52/><G52/><T135/><D55/><U87/><E116/><N who="0" m="44617" /><D135/><U6/><E118/><V53/><F53/><W93/><G93/><T89/><D89/><U41/><E66/><V27/><F90/><W5/><G5/><T57/><D33/><U96/><E6/><V127/><F127/><W105/><G105/><T1/><D1/><U95/><E4/><V10/><F54/><W59/><G59/><RYUUKYOKU ba="0,1" sc="393,-10,317,-10,161,-10,119,30" hai3="16,23,24,56,63,67,77,79,81,83,85,92,94" /><INIT seed="7,1,1,0,1,79" ten="383,307,151,149" oya="3" hai0="23,115,85,67,117,81,62,27,134,111,66,133,52" hai1="39,122,84,12,120,5,44,86,13,38,29,60,59" hai2="16,49,82,10,87,114,31,57,51,93,65,14,121" hai3="118,135,97,18,54,108,15,90,102,128,21,96,25"/><W47/><G118/><T91/><D115/><U69/><E69/><V77/><F114/><W0/><G0/><T70/><D117/><U34/><E34/><V45/><F121/><W41/><G128/><T107/><D107/><U17/><E29/><V105/><F105/><W89/><G135/><N who="0" m="51723" /><D111/><U43/><E39/><V109/><F109/><W94/><G108/><T106/><D106/><U53/><E84/><V75/><F31/><W132/><G132/><T33/><D33/><U110/><E110/><V95/><F75/><W64/><G64/><N who="0" m="41239" /><D52/><U35/><E35/><V68/><F68/><W104/><G54/><T101/><D101/><U36/><E36/><V9/><F65/><W24/><REACH who="3" step="1"/><G90/><REACH who="3" ten="383,307,151,139" step="2"/><T30/><AGARI ba="1,2" hai="23,27,30,66,67,81,85,91" m="41239,51723" machi="30" ten="30,2000,0" yaku="20,1,52,1" doraHai="79" who="0" fromWho="0" sc="383,43,307,-6,151,-6,139,-11" owari="426,52.0,301,10.0,145,-25.0,128,-37.0" /></mjloggm>