<mjloggm ver="2.3"><GO type="169" lobby="0"/><UN n0="%E5%B0%B1%E6%B4%BB%E7%94%9F%40%E5%B7%9D%E6%9D%91%E8%BB%8D%E5%9B%A3" n1="%E2%98%85%E9%B3%B3%E8%9D%B6" n2="%E3%83%AA%E3%82%B5%E3%81%95%E3%81%BE" n3="%61%74%E6%9D%B1%E5%B1%B1%E5%A5%88%E5%A4%AE" dan="16,16,16,16" rate="2153.38,2039.39,2082.43,2088.35" sx="M,F,M,M"/><TAIKYOKU oya="0"/><INIT seed="0,0,0,1,4,107" ten="250,250,250,250" oya="0" hai0="46,75,59,66,11,100,50,110,16,95,29,132,47" hai1="15,80,32,26,92,54,98,111,81,104,131,93,3" hai2="129,43,58,116,31,8,83,23,118,38,55,33,45" hai3="39,0,37,74,89,103,62,2,134,122,17,108,49"/><T10/><D132/><U88/><E3/><V121/><F121/><W21/><G122/><T48/><D110/><U127/><E111/><V112/><F112/><W42/><G108/><T53/><D75/><U105/><E26/><N who="2" m="16863" /><F33/><W128/><G128/><T24/><D66/><U64/><E32/><V96/><F96/><W63/><G134/><T117/><D117/><U13/><E64/><V133/><F133/><W56/><G103/><T76/><D76/><U126/><E54/><V119/><F129/><W30/><G30/><T19/><D100/><U68/><E68/><V34/><F34/><W72/><G49/><T57/><D95/><U73/><E131/><V113/><F113/><W9/><G89/><T4/><D4/><U6/><E6/><V22/><F22/><W125/><G125/><N who="1" m="47626" /><E93/><V5/><F83/><N who="1" m="31817" /><E73/><V97/><F97/><W44/><G37/><T51/><D29/><U106/><AGARI ba="0,0" hai="13,15,88,92,98,104,105,106" m="31817,47626" machi="106" ten="40,2700,0" yaku="18,1,54,1" doraHai="107" who="1" fromWho="1" sc="250,-13,250,27,250,-7,250,-7" /><INIT seed="1,0,0,0,2,104" ten="237,277,243,243" oya="1" hai0="111,10,79,101,99,114,119,121,35,96,60,21,34" hai1="109,131,47,76,24,107,120,75,37,55,93,125,58" hai2="116,36,45,122,61,50,128,105,33,84,51,23,42" hai3="97,112,82,100,5,15,3,66,9,127,26,54,67"/><U44/><E120/><V135/><F122/><W88/><G127/><T43/><D114/><U90/><E125/><V6/><F116/><W1/><G112/><T73/><D121/><U86/><E131/><V133/><F33/><W56/><G26/><T2/><D111/><U74/><E76/><V115/><F115/><W4/><G15/><T89/><D43/><U12/><E109/><V64/><F105/><W77/><G4/><T129/><D129/><U16/><E107/><V11/><F84/><W123/><G1/><T134/><D134/><N who="2" m="51210" /><F23/><W28/><G28/><T53/><D21/><N who="1" m="11399" /><E24/><V41/><F42/><W110/><G110/><T83/><D119/><U39/><E39/><V65/><F65/><W78/><G123/><T124/><D124/><U113/><E113/><V59/><F128/><W30/><G30/><T7/><D89/><U32/><E32/><V0/><AGARI ba="0,0" hai="0,6,11,36,41,45,50,51,59,61,64" m="51210" machi="0" ten="30,1100,0" yaku="20,1" doraHai="104" who="2" fromWho="2" sc="237,-3,277,-5,243,11,243,-3" /><INIT seed="2,0,0,5,5,89" ten="234,272,254,240" oya="2" hai0="100,50,62,24,77,27,29,53,26,129,11,97,16" hai1="92,44,5,105,84,80,71,133,22,113,118,128,68" hai2="48,70,110,121,119,76,85,69,28,34,20,82,73" hai3="37,120,86,36,108,98,75,13,66,0,117,91,103"/><V95/><F119/><W61/><G0/><T114/><D114/><U64/><E118/><V15/><F121/><W102/><G75/><T52/><D129/><U38/><E105/><V17/><F110/><W4/><G108/><T78/><D29/><U87/><E128/><V25/><REACH who="2" step="1"/><F48/><REACH who="2" ten="234,272,244,240" step="2"/><W67/><G117/><T33/><D33/><U135/><E113/><V96/><F96/><W107/><G120/><T72/><D62/><U58/><E38/><V9/><F9/><W6/><G37/><T54/><D50/><U126/><E135/><V8/><F8/><W10/><G36/><T111/><D111/><U1/><E133/><V131/><F131/><W32/><G61/><T93/><D72/><U31/><E71/><V65/><F65/><W12/><G67/><T42/><D42/><U57/><E68/><V81/><F81/><W35/><G66/><T2/><D2/><U88/><E64/><V127/><F127/><W132/><G132/><T90/><D100/><U51/><E1/><V83/><F83/><W94/><G103/><T109/><D109/><U106/><E126/><V18/><F18/><W40/><G40/><T45/><D45/><U3/><E44/><V59/><F59/><W115/><G115/><T116/><D116/><U99/><E51/><V47/><F47/><W130/><G130/><T125/><D125/><U101/><E57/><V63/><F63/><W7/><G10/><T60/><D60/><U30/><E58/><V104/><F104/><W46/><G46/><T56/><D56/><U39/><E39/><V134/><F134/><W23/><G107/><RYUUKYOKU ba="0,1" sc="234,15,272,-15,244,15,240,-15" hai0="11,16,24,26,27,52,53,54,77,78,90,93,97" hai2="15,17,20,25,28,34,69,70,73,76,82,85,95" /><INIT seed="2,1,1,2,1,5" ten="249,257,259,225" oya="2" hai0="82,17,132,37,62,42,55,12,135,78,90,6,104" hai1="87,134,99,118,47,100,25,64,69,108,65,107,77" hai2="44,27,36,133,97,94,121,11,41,101,21,79,53" hai3="39,18,9,75,125,126,51,50,111,83,98,68,35"/><V67/><F133/><N who="0" m="51274" /><D104/><U71/><E134/><V115/><F115/><W131/><G39/><T63/><D6/><U1/><E118/><V86/><F121/><W116/><G116/><T72/><D90/><U129/><E64/><V54/><F67/><W33/><G111/><T28/><D28/><U48/><E65/><V45/><F44/><W105/><G68/><T15/><D55/><U49/><E108/><V122/><F122/><W110/><G110/><T74/><D72/><U16/><E1/><V76/><F76/><N who="3" m="44447" /><G131/><T120/><D120/><U89/><E77/><V103/><F103/><N who="3" m="62711" /><G51/><T0/><D0/><U40/><E49/><V57/><F57/><W30/><G50/><T46/><D15/><U13/><E25/><V26/><F26/><W38/><G38/><T32/><D32/><U8/><E129/><V66/><F66/><W34/><G30/><T61/><D63/><U52/><E40/><V119/><F119/><W114/><G114/><T14/><D14/><U84/><E84/><V19/><F53/><W70/><G70/><T113/><D113/><U85/><E85/><V91/><F54/><W128/><G128/><T127/><D127/><N who="3" m="48649" /><G18/><T7/><D7/><U29/><E29/><V80/><F91/><W23/><G23/><AGARI ba="1,1" hai="12,17,23,37,42,46,61,62,74,78,82" m="51274" machi="23" ten="30,1000,0" yaku="20,1" doraHai="5" who="0" fromWho="3" sc="249,23,257,0,259,0,225,-13" /><INIT seed="3,0,0,5,2,38" ten="272,257,259,212" oya="3" hai0="62,18,72,121,21,70,100,105,54,103,28,32,75" hai1="114,76,58,63,56,44,47,124,113,10,94,40,19" hai2="85,25,11,12,74,97,78,111,127,122,87,79,131" hai3="14,128,61,64,77,93,112,43,129,96,102,8,16"/><W125/><G125/><T30/><D121/><U133/><E76/><V110/><F25/><W132/><G132/><T39/><D39/><U45/><E133/><V130/><F12/><W117/><G117/><T107/><D54/><U5/><E124/><V46/><F127/><W6/><G112/><T73/><D62/><U35/><E35/><V118/><F11/><W84/><G6/><T33/><D18/><U95/><E19/><V59/><F46/><W55/><G55/><T31/><D21/><U57/><E63/><V2/><F59/><W34/><G34/><N who="0" m="13419" /><D70/><U15/><REACH who="1" step="1"/><E40/><REACH who="1" ten="272,247,259,212" step="2"/><V23/><F79/><W27/><G43/><T89/><D89/><U135/><E135/><V3/><F78/><W66/><G27/><T36/><D36/><U20/><E20/><V7/><F23/><W1/><G61/><T90/><D90/><U83/><E83/><V65/><F130/><N who="3" m="50283" /><G1/><T71/><D71/><U53/><E53/><V115/><F131/><W37/><G37/><T109/><D109/><U22/><E22/><V98/><F111/><W26/><G26/><T42/><D42/><U41/><E41/><V9/><F110/><W92/><G77/><T50/><D50/><U17/><E17/><V108/><F108/><W80/><G80/><T88/><D88/><AGARI ba="0,1" hai="8,14,16,64,66,84,88,92,93,96,102" m="50283" machi="88" ten="30,5800,0" yaku="19,1,54,2" doraHai="38" who="3" fromWho="0" sc="272,-58,247,0,259,0,212,68" /><INIT seed="3,1,0,5,2,77" ten="214,247,259,280" oya="3" hai0="86,8,65,7,100,76,2,57,53,28,109,104,134" hai1="110,87,81,3,10,17,117,63,45,47,36,69,50" hai2="82,5,123,4,90,52,38,126,84,24,56,80,115" hai3="48,122,118,29,132,99,92,40,22,71,128,37,119"/><W30/><G122/><T121/><D121/><U107/><E117/><V23/><F115/><W95/><G37/><T31/><D109/><U135/><E107/><V34/><F123/><W9/><G71/><T61/><D134/><U11/><E110/><V78/><F126/><W54/><G132/><T12/><D2/><U70/><E17/><V85/><F34/><W6/><G40/><T130/><D130/><U108/><E108/><V102/><F102/><W49/><G128/><T41/><D41/><U112/><E50/><N who="2" m="30743" /><F38/><W106/><G106/><T26/><D26/><U55/><E55/><V93/><F93/><W62/><G62/><T68/><D100/><U96/><E63/><V25/><F25/><W111/><G111/><T43/><D43/><U125/><E3/><V74/><F74/><W66/><G66/><T64/><D104/><U0/><E0/><V60/><F60/><W89/><G48/><T98/><D98/><U18/><E96/><V114/><F114/><W124/><G95/><T35/><D35/><U19/><E36/><V73/><F73/><W58/><G124/><T120/><D120/><U72/><E72/><V116/><F116/><N who="3" m="44587" /><G22/><T129/><D129/><U15/><E125/><V46/><F46/><N who="1" m="17417" /><E135/><V1/><F1/><W94/><G94/><T21/><D21/><U27/><E112/><V44/><F44/><W67/><G67/><N who="0" m="25675" /><D68/><U33/><E70/><V42/><F42/><W101/><G101/><T105/><D105/><U75/><E69/><V51/><F51/><W39/><G39/><T83/><AGARI ba="1,0" hai="7,8,12,28,31,53,57,61,76,83,86" m="25675" machi="83" ten="30,2000,0" yaku="8,1,52,1" doraHai="77" who="0" fromWho="0" sc="214,23,247,-6,259,-6,280,-11" /><INIT seed="4,0,0,4,2,49" ten="237,241,253,269" oya="0" hai0="50,2,134,128,57,75,132,38,37,23,87,91,22" hai1="33,97,77,28,89,79,17,52,124,54,85,48,31" hai2="120,129,131,21,70,123,107,108,35,111,83,7,62" hai3="40,68,133,98,109,45,86,63,105,46,76,118,112"/><T32/><D75/><U101/><E33/><V30/><F107/><W104/><G109/><N who="2" m="42057" /><F83/><W24/><G118/><T100/><D32/><U29/><E124/><V135/><F70/><W65/><G112/><T94/><D2/><U25/><E101/><V53/><F35/><W43/><G133/><N who="0" m="51307" /><D100/><U93/><E97/><V69/><F135/><W73/><G73/><T102/><D102/><U27/><E48/><V42/><F42/><W11/><G98/><T78/><D78/><N who="1" m="29707" /><E17/><V82/><F82/><W72/><G72/><T96/><D96/><U8/><E8/><V1/><F7/><W34/><G11/><T58/><D128/><N who="2" m="49226" /><F69/><W3/><G104/><T81/><D58/><U26/><AGARI ba="0,0" hai="25,26,27,28,29,31,52,54,85,89,93" m="29707" machi="26" ten="40,8000,1" yaku="8,1,52,2,54,1" doraHai="49" who="1" fromWho="1" sc="237,-40,241,80,253,-20,269,-20" /><INIT seed="5,0,0,1,4,132" ten="197,321,233,249" oya="1" hai0="97,95,39,32,30,1,112,123,72,21,73,77,81" hai1="91,12,23,117,74,56,105,24,92,46,76,65,71" hai2="126,47,116,107,96,22,129,133,31,43,42,14,114" hai3="62,48,34,90,75,44,118,19,115,111,58,41,127"/><U45/><E71/><V18/><F116/><W55/><G111/><T10/><D112/><U101/><E12/><V78/><F114/><W63/><G115/><T51/><D32/><U29/><E74/><V20/><F129/><W68/><G118/><T28/><D39/><U83/><E76/><V110/><F110/><W109/><G109/><T5/><D123/><U134/><E117/><V121/><F121/><W131/><G131/><T37/><D73/><U119/><E134/><V89/><F133/><W8/><G34/><T122/><D122/><U102/><E83/><V113/><F113/><W40/><G75/><T84/><D37/><U16/><E29/><V69/><F69/><W38/><G41/><T82/><D21/><U49/><E105/><V33/><F33/><W100/><G100/><T9/><D9/><U80/><E80/><V3/><F3/><W125/><G90/><T130/><D130/><U128/><E128/><V108/><F108/><W25/><G25/><T52/><D81/><U93/><E93/><N who="2" m="56367" /><F107/><W13/><G63/><T120/><D72/><U64/><E102/><V61/><F61/><W35/><G35/><T50/><D50/><U79/><E101/><V27/><F78/><W70/><G70/><T7/><D7/><U85/><E79/><V57/><F57/><W11/><G11/><T66/><D120/><U124/><E119/><V0/><F0/><W86/><G86/><T17/><D66/><AGARI ba="0,0" hai="8,13,19,38,40,44,48,55,58,62,66,68,125,127" machi="66" ten="40,8000,1" yaku="24,2,52,2" doraHai="132" who="3" fromWho="0" sc="197,-80,321,0,233,0,249,80" /><INIT seed="6,0,0,3,5,39" ten="117,321,233,329" oya="2" hai0="110,119,129,56,32,4,98,122,106,109,118,82,44" hai1="100,128,35,80,8,66,45,57,74,59,105,131,99" hai2="23,63,127,48,19,65,92,9,54,52,36,20,14" hai3="28,113,30,107,33,102,72,135,97,22,16,61,76"/><V46/><F127/><W68/><G135/><T26/><D56/><U121/><E121/><V29/><F29/><W84/><G72/><T37/><D122/><U93/><E35/><V77/><F77/><W13/><G113/><T0/><D129/><N who="1" m="49739" /><E45/><V67/><F36/><W53/><G33/><T116/><D82/><U123/><E123/><V90/><F54/><W40/><G40/><T78/><D78/><N who="1" m="44119" /><E66/><N who="2" m="25099" /><F63/><W21/><G68/><T69/><D69/><U17/><E105/><V64/><N who="2" m="25107" /><V49/><DORA hai="126" /><F49/><W117/><G117/><T50/><D37/><U7/><E17/><V111/><F111/><W6/><G53/><T87/><D87/><AGARI ba="0,0" hai="9,14,19,20,23,46,48,52,87,90,92" m="25107" machi="87" ten="30,2900,0" yaku="8,1,54,1" doraHai="39,126" who="2" fromWho="0" sc="117,-29,321,0,233,29,329,0" /><INIT seed="6,1,0,3,0,64" ten="88,321,262,329" oya="2" hai0="96,53,51,86,82,99,41,15,58,83,19,46,118" hai1="13,40,85,97,22,8,9,2,74,63,92,59,103" hai2="3,115,12,122,35,23,39,127,126,100,105,66,32" hai3="79,67,87,90,65,26,130,76,129,21,34,30,123"/><V62/><F39/><W80/><G123/><T69/><D118/><U124/><E74/><V108/><F122/><W6/><G6/><T111/><D111/><U36/><E2/><V10/><F115/><W50/><G34/><N who="2" m="12841" /><F23/><W119/><G119/><T28/><D28/><U134/><E134/><V1/><F12/><W116/><G116/><T94/><D69/><U45/><E124/><N who="2" m="47659" /><F10/><W4/><G50/><T84/><D84/><U55/><E22/><V24/><F24/><W75/><G4/><T135/><D135/><U125/><E125/><V78/><F78/><N who="3" m="29739" /><G75/><T60/><D86/><U37/><E37/><V44/><F44/><W0/><G0/><T106/><D106/><U57/><E85/><V72/><F72/><W102/><G102/><T93/><D93/><U120/><E120/><V16/><F16/><W98/><G98/><T133/><D96/><U70/><E13/><V88/><F108/><W112/><G112/><T49/><D133/><U47/><E47/><V117/><F117/><W7/><G7/><T61/><D83/><U81/><E81/><V89/><F100/><W132/><G132/><T54/><D82/><U25/><E25/><V128/><F105/><W114/><G114/><T20/><REACH who="0" step="1"/><D41/><REACH who="0" ten="78,321,262,329" step="2"/><U110/><E70/><N who="2" m="42327" /><F128/><AGARI ba="1,1" hai="21,26,30,65,67,80,87,90,128,129,130" m="29739" machi="128" ten="30,1000,0" yaku="19,1" doraHai="64" who="3" fromWho="2" sc="78,0,321,0,262,-13,329,23" /><INIT seed="7,0,0,2,2,116" ten="78,321,249,352" oya="3" hai0="63,85,113,7,95,59,93,107,123,69,75,19,97" hai1="0,48,26,62,72,56,74,10,31,87,21,132,121" hai2="36,53,54,102,70,65,71,127,32,68,49,108,106" hai3="122,119,78,52,128,124,84,47,99,45,110,88,2"/><W43/><G122/><T129/><D75/><U30/><E121/><V27/><F108/><W125/><G110/><T55/><D69/><U112/><E112/><V16/><F16/><W66/><G119/><T100/><D7/><U104/><E104/><V11/><F11/><W133/><G133/><T98/><D113/><U90/><E132/><V131/><F102/><W101/><G128/><T17/><D129/><U20/><E48/><V89/><F89/><W135/><G135/><T5/><D123/><U44/><E44/><V58/><F27/><W23/><G2/><T82/><D5/><U80/><E0/><V57/><F32/><W25/><G66/><T118/><D118/><U33/><E10/><V28/><F28/><N who="3" m="17471" /><G52/><T15/><D107/><U18/><E21/><V92/><F92/><N who="3" m="58599" /><G78/><T120/><D120/><U42/><E42/><V77/><F77/><W111/><G43/><T130/><D130/><U24/><REACH who="1" step="1"/><E31/><REACH who="1" ten="78,311,249,352" step="2"/><V115/><F106/><W35/><G111/><T46/><D46/><U83/><E83/><V67/><F115/><W41/><G41/><T126/><D126/><N who="3" m="48745" /><G35/><T76/><REACH who="0" step="1"/><D15/><REACH who="0" ten="68,311,249,352" step="2"/><U105/><E105/><V22/><F127/><W37/><G37/><T91/><AGARI ba="0,2" hai="17,19,55,59,63,76,82,85,91,93,95,97,98,100" machi="91" ten="20,12000,2" yaku="1,1,2,1,0,1,7,1,8,1,53,1" doraHai="116" doraHaiUra="96" who="0" fromWho="0" sc="68,140,311,-30,249,-30,352,-60" /><INIT seed="8,0,0,3,4,92" ten="208,281,219,292" oya="0" hai0="93,4,84,41,50,76,112,115,12,111,135,39,117" hai1="100,72,1,91,85,32,104,122,58,73,124,3,5" hai2="118,125,33,57,38,126,127,79,82,68,94,30,54" hai3="59,102,23,78,120,81,95,103,35,61,116,22,129"/><T7/><D39/><U121/><E32/><V31/><F38/><W97/><G35/><T113/><D111/><U128/><E121/><V45/><F68/><W10/><G120/><T53/><D117/><U96/><E122/><V17/><F118/><W90/><G129/><T16/><D135/><U25/><E128/><V71/><F71/><W131/><G131/><T0/><D41/><U36/><E36/><V74/><F45/><W8/><G116/><T89/><D76/><U52/><E25/><V34/><F17/><W63/><G22/><T49/><D0/><U48/><E124/><V28/><REACH who="2" step="1"/><F94/><REACH who="2" ten="208,281,209,292" step="2"/><W109/><G95/><T26/><D26/><U43/><E5/><V11/><F11/><W107/><G8/><T69/><D69/><U27/><E27/><V99/><F99/><W106/><G97/><T65/><D65/><U13/><E96/><V105/><F105/><W133/><G10/><T80/><D93/><U40/><E104/><V9/><F9/><W47/><G107/><T119/><D119/><U134/><E1/><V66/><F66/><W86/><G106/><T108/><D108/><U14/><E3/><V44/><F44/><W62/><G47/><T51/><REACH who="0" step="1"/><D53/><REACH who="0" ten="198,281,209,292" step="2"/><U19/><E52/><V87/><F87/><W2/><G109/><T110/><D110/><U114/><E85/><V15/><F15/><W83/><G86/><T20/><AGARI ba="0,2" hai="4,7,12,16,20,49,50,51,80,84,89,112,113,115" machi="20" ten="40,12000,1" yaku="1,1,0,1,54,1,53,1" doraHai="92" doraHaiUra="77" who="0" fromWho="0" sc="198,140,281,-40,209,-40,292,-40" owari="338,44.0,241,-16.0,169,-33.0,252,5.0" /></mjloggm>