<mjloggm ver="2.3"><GO type="169" lobby="0"/><UN n0="%E3%83%88%E3%83%88%E3%83%AA%E5%85%88%E7%94%9F%31%39%E6%AD%B3" n1="%72%79%6F%E2%80%A6%31%35" n2="%E3%83%95%E3%82%A7%E3%83%AB%E3%83%8A%E3%83%B3%E3%83%89" n3="%E3%83%9B%E3%83%BB%E3%82%B8%E3%83%A5%E3%83%B3" dan="17,17,16,17" rate="2173.66,2200.04,2147.12,2220.48" sx="F,M,M,M"/><TAIKYOKU oya="0"/><INIT seed="0,0,0,4,4,103" ten="250,250,250,250" oya="0" hai0="0,7,55,90,80,45,70,107,104,135,24,75,110" hai1="96,11,102,109,17,61,8,37,52,10,97,62,12" hai2="118,87,59,85,94,100,106,40,120,41,34,115,28" hai3="134,124,79,54,113,128,32,132,112,6,99,50,105"/><T26/><D70/><U67/><E37/><V108/><F120/><W114/><G32/><T127/><D135/><N who="3" m="51753" /><G6/><T15/><D15/><U76/><E109/><V5/><F115/><W42/><G42/><T68/><D68/><U81/><E62/><V83/><F108/><W63/><G63/><T95/><D110/><U101/><E101/><V126/><F126/><W89/><G124/><T122/><D122/><U20/><E52/><V25/><F118/><W35/><G35/><T77/><D127/><U91/><E91/><V18/><F5/><W93/><G79/><T44/><D7/><U66/><E61/><V43/><F43/><W38/><G38/><T60/><D0/><U39/><E39/><V29/><F41/><W27/><G27/><T65/><D24/><U82/><E97/><V131/><F40/><W123/><G123/><T23/><D65/><U48/><E48/><V4/><F4/><W121/><G121/><T92/><D92/><U56/><E56/><V111/><F111/><W84/><G128/><T73/><D73/><U125/><E125/><V57/><F131/><W49/><G54/><T1/><D1/><U46/><E46/><N who="0" m="18025" /><D60/><U47/><E47/><V88/><F29/><W58/><G58/><T16/><D55/><U74/><REACH who="1" step="1"/><E82/><REACH who="1" ten="250,240,250,250" step="2"/><V129/><F129/><W19/><G49/><T13/><D90/><U116/><E116/><V64/><F59/><W53/><G50/><T2/><D80/><U3/><E3/><V9/><F57/><W133/><G53/><T36/><D36/><U21/><E21/><V51/><F51/><W22/><G133/><RYUUKYOKU ba="0,1" sc="250,-10,240,30,250,-10,250,-10" hai1="8,10,11,12,17,20,66,67,74,76,81,96,102" /><INIT seed="1,1,1,2,3,16" ten="240,270,240,240" oya="1" hai0="11,85,1,27,39,40,10,83,30,63,88,122,32" hai1="108,82,70,5,28,53,42,79,130,35,112,115,117" hai2="61,18,131,37,105,67,45,95,9,47,101,129,46" hai3="57,91,15,94,126,55,84,21,92,133,19,104,60"/><U20/><E117/><V12/><F105/><W58/><G104/><T8/><D122/><U74/><E70/><V96/><REACH who="2" step="1"/><F37/><REACH who="2" ten="240,270,230,240" step="2"/><W22/><G133/><T120/><D120/><U103/><E115/><V107/><F107/><W62/><G126/><T2/><D39/><U65/><E112/><V52/><F52/><N who="3" m="33831" /><G94/><T71/><REACH who="0" step="1"/><D40/><REACH who="0" ten="230,270,230,240" step="2"/><U50/><E42/><V36/><F36/><W75/><G75/><T127/><D127/><U49/><E74/><V6/><F6/><W106/><G106/><T135/><D135/><U78/><E5/><V114/><F114/><W68/><G68/><AGARI ba="1,3" hai="9,12,18,45,46,47,61,67,68,95,96,101,129,131" machi="68" ten="40,1300,0" yaku="1,1,53,0" doraHai="16" doraHaiUra="44" who="2" fromWho="3" sc="230,0,270,0,230,46,240,-16" /><INIT seed="2,0,0,1,5,43" ten="230,270,276,224" oya="2" hai0="13,64,93,62,24,128,103,34,90,38,95,22,47" hai1="73,127,12,74,15,80,26,33,3,122,124,17,67" hai2="50,18,4,75,52,0,111,16,54,37,132,130,2" hai3="36,58,126,108,30,48,5,72,40,110,39,94,125"/><V57/><F75/><W113/><G5/><T107/><D128/><U11/><E67/><V133/><F130/><W92/><G72/><T28/><D107/><U60/><E60/><V19/><F37/><N who="3" m="14411" /><G30/><T76/><D76/><U123/><E80/><V65/><F65/><W105/><G105/><T63/><D34/><U8/><E74/><V25/><F25/><W87/><G113/><T109/><D109/><N who="3" m="42089" /><G87/><T27/><D27/><U112/><E73/><V53/><F111/><W70/><G70/><T10/><D103/><U29/><E3/><N who="2" m="1067" /><F4/><W44/><G58/><T1/><D1/><U102/><E102/><V77/><F77/><W99/><G94/><T104/><D104/><U56/><E56/><V41/><F41/><W66/><G66/><T51/><D64/><U6/><REACH who="1" step="1"/><E112/><REACH who="1" ten="230,260,276,224" step="2"/><V59/><F57/><W118/><G118/><T135/><D62/><U46/><E46/><V91/><F91/><AGARI ba="0,1" hai="40,44,48,91,92,99,125,126" m="42089,14411" machi="91" ten="30,2000,0" yaku="14,1,52,1" doraHai="43" who="3" fromWho="2" sc="230,0,260,0,276,-20,224,30" /><INIT seed="3,0,0,4,4,57" ten="230,260,256,254" oya="3" hai0="69,114,125,60,6,21,63,29,27,7,94,0,61" hai1="126,96,112,37,12,56,101,74,30,98,49,11,135" hai2="66,18,73,77,58,120,105,72,119,20,42,35,22" hai3="70,133,54,82,48,55,123,1,44,99,4,8,79"/><W26/><G133/><T111/><D69/><U52/><E74/><V117/><F35/><W109/><G123/><T51/><D0/><U85/><E135/><V84/><F120/><W32/><G109/><T134/><D134/><U2/><E37/><V36/><F105/><W91/><G70/><T92/><D111/><U128/><E112/><V129/><F129/><W15/><G1/><T24/><D114/><U28/><E2/><V5/><F5/><N who="0" m="1546" /><D125/><U19/><E126/><V46/><F22/><W83/><G32/><T68/><D68/><U23/><E128/><V107/><F107/><W64/><G64/><T97/><D97/><U25/><E30/><V14/><F84/><W13/><G26/><T115/><D115/><U71/><E71/><V9/><F9/><W62/><G15/><T113/><D113/><U103/><E85/><V40/><F40/><W132/><G132/><T3/><D3/><U78/><E78/><V16/><F18/><W121/><G121/><T41/><D24/><U130/><E130/><V88/><F88/><W118/><G118/><T45/><AGARI ba="0,0" hai="21,27,29,41,45,51,60,61,63,92,94" m="1546" machi="45" ten="30,7900,0" yaku="8,1,52,3" doraHai="57" who="0" fromWho="0" sc="230,79,260,-20,256,-20,254,-39" /><INIT seed="4,0,0,4,5,6" ten="309,240,236,215" oya="0" hai0="28,34,79,48,121,45,33,130,16,25,57,51,12" hai1="15,63,67,41,88,125,74,109,117,19,69,56,31" hai2="54,24,70,44,113,29,35,94,128,76,80,60,84" hai3="9,75,132,86,78,49,106,4,53,22,96,131,100"/><T38/><D121/><U21/><E109/><V52/><F113/><W92/><G131/><T120/><D120/><U64/><E117/><V55/><F128/><W23/><G132/><T61/><D130/><U118/><E118/><V101/><F44/><W32/><G32/><T77/><D34/><U59/><E74/><V135/><F135/><W124/><G124/><T40/><D38/><U105/><E105/><V83/><F83/><W103/><G103/><T68/><D68/><U134/><E134/><V91/><F101/><W11/><G4/><T13/><D13/><U90/><E125/><V73/><REACH who="2" step="1"/><F70/><REACH who="2" ten="309,240,226,215" step="2"/><W47/><G75/><T108/><D108/><U71/><E71/><V93/><F93/><W116/><G116/><T17/><D45/><U102/><E69/><V36/><F36/><W81/><G106/><T18/><D40/><U107/><E41/><V85/><F85/><W87/><REACH who="3" step="1"/><G86/><REACH who="3" ten="309,240,226,205" step="2"/><T20/><D33/><U58/><E102/><V114/><F114/><W110/><G110/><T82/><D82/><U5/><E107/><V119/><F119/><W123/><G123/><T30/><D77/><U99/><E90/><V111/><F111/><W127/><G127/><T43/><D79/><U0/><E88/><V122/><F122/><W133/><G133/><T14/><D43/><U3/><E99/><V7/><F7/><W72/><G72/><T50/><REACH who="0" step="1"/><D28/><REACH who="0" ten="299,240,226,205" step="2"/><U8/><E31/><V2/><F2/><W98/><G98/><T97/><D97/><U95/><E0/><V115/><F115/><W65/><G65/><AGARI ba="0,3" hai="12,14,16,17,18,20,25,30,48,50,51,57,61,65" machi="65" ten="40,7700,0" yaku="1,1,8,1,54,1,53,0" doraHai="6" doraHaiUra="112" who="0" fromWho="3" sc="299,107,240,0,226,0,205,-77" /><INIT seed="4,1,0,2,4,85" ten="406,240,226,128" oya="0" hai0="120,75,69,26,81,24,48,96,110,5,119,86,102" hai1="62,54,31,53,88,60,135,80,28,111,115,71,87" hai2="122,79,9,68,114,1,93,132,59,14,113,38,30" hai3="92,7,125,27,78,47,84,134,42,36,70,63,25"/><T61/><D119/><U90/><E111/><V56/><F68/><W10/><G134/><T52/><D75/><U2/><E2/><V49/><F38/><W21/><G125/><T16/><D120/><U0/><E0/><V109/><F109/><W33/><G33/><T20/><D5/><U37/><E37/><V121/><F79/><W89/><G78/><T57/><D110/><U23/><E135/><V133/><F1/><W131/><G131/><T29/><D69/><U4/><E4/><V99/><F30/><N who="1" m="11305" /><E71/><V100/><F133/><W32/><G32/><T66/><D66/><U130/><E130/><V83/><F132/><W105/><G105/><T67/><D67/><U73/><E73/><V118/><F118/><W106/><G106/><T12/><D61/><N who="1" m="23659" /><E115/><N who="2" m="44043" /><F83/><W101/><G101/><T127/><D127/><U128/><E128/><V74/><F74/><W17/><G70/><T6/><D6/><U76/><E23/><V104/><F104/><W97/><G63/><T107/><D29/><U82/><E82/><V19/><F49/><W51/><G36/><T112/><D112/><U41/><E41/><V43/><F43/><W116/><G116/><T129/><D129/><U18/><E18/><V64/><F64/><W15/><REACH who="3" step="1"/><G97/><REACH who="3" ten="406,240,226,118" step="2"/><T50/><D48/><U95/><E76/><AGARI ba="1,1" hai="12,16,20,24,26,50,52,57,76,81,86,96,102,107" machi="76" ten="30,5800,0" yaku="7,1,54,2" doraHai="85" who="0" fromWho="1" sc="406,71,240,-61,226,0,118,0" /><INIT seed="4,2,0,4,1,26" ten="477,179,226,118" oya="0" hai0="44,78,9,126,13,98,131,48,41,97,1,16,99" hai1="65,22,11,55,33,28,52,90,104,106,121,101,25" hai2="103,118,29,71,31,123,83,12,133,134,91,62,92" hai3="42,110,114,18,76,21,84,56,108,58,54,102,72"/><T69/><D69/><U36/><E121/><V46/><F123/><W94/><G114/><T117/><D117/><U8/><E36/><V82/><F118/><W116/><G116/><T60/><D131/><U23/><E33/><V32/><F103/><W75/><G42/><T30/><D126/><U88/><E65/><V135/><F32/><W86/><G58/><T112/><D112/><U120/><E120/><V67/><F12/><W3/><G3/><T19/><D1/><U6/><E101/><V80/><REACH who="2" step="1"/><F46/><REACH who="2" ten="477,179,216,118" step="2"/><W81/><G108/><T2/><D2/><U73/><E106/><V107/><F107/><W105/><G110/><T45/><D45/><U113/><E104/><V85/><AGARI ba="2,1" hai="29,31,62,67,71,80,82,83,85,91,92,133,134,135" machi="85" ten="40,8000,1" yaku="1,1,0,1,20,1,52,2,53,0" doraHai="26" doraHaiUra="125" who="2" fromWho="2" sc="477,-42,179,-22,216,96,118,-22" /><INIT seed="5,0,0,2,3,3" ten="435,157,312,96" oya="1" hai0="74,102,66,121,54,64,44,63,89,95,119,76,17" hai1="108,19,13,127,47,55,21,59,68,135,27,90,15" hai2="67,111,8,110,49,130,71,28,128,52,100,45,5" hai3="92,61,34,56,20,25,38,96,62,126,0,69,1"/><U109/><E68/><V42/><F28/><W30/><G38/><T107/><D119/><U48/><E135/><V131/><F100/><W72/><G72/><T57/><D121/><U53/><E127/><V86/><F86/><W46/><G126/><T105/><D74/><U113/><E113/><V116/><F116/><W117/><G117/><T84/><D76/><U6/><E90/><V31/><F31/><W50/><G69/><T70/><D66/><U83/><E83/><V77/><F42/><W80/><G34/><T94/><D44/><U36/><E36/><V129/><F77/><W40/><G80/><T23/><D95/><U26/><E109/><V85/><F85/><W124/><G124/><T11/><D11/><N who="1" m="4343" /><E108/><V114/><F114/><W16/><G62/><AGARI ba="0,0" hai="15,19,21,26,27,47,48,53,55,59,62" m="4343" machi="62" ten="30,2900,0" yaku="8,1,52,1" doraHai="3" who="1" fromWho="3" sc="435,0,157,29,312,0,96,-29" /><INIT seed="5,1,0,0,5,99" ten="435,186,312,67" oya="1" hai0="23,102,89,114,35,132,16,51,73,75,107,98,38" hai1="29,95,3,27,47,129,85,69,50,123,100,118,121" hai2="130,24,5,0,49,48,21,30,12,79,84,52,83" hai3="9,93,124,55,37,18,81,42,53,36,72,91,78"/><U46/><E118/><V41/><F0/><W104/><G104/><T126/><D38/><U131/><E3/><V57/><F130/><N who="1" m="49673" /><E69/><V76/><F41/><W26/><G124/><T2/><D35/><N who="1" m="20927" /><E85/><V68/><F68/><W94/><G94/><T44/><D114/><U128/><N who="1" m="49681" /><U92/><DORA hai="134" /><E92/><V60/><REACH who="2" step="1"/><F79/><REACH who="2" ten="435,186,302,67" step="2"/><W87/><G42/><T127/><D2/><U108/><E108/><V133/><F133/><W115/><G115/><T117/><D132/><U116/><E116/><V6/><F6/><W39/><REACH who="3" step="1"/><G26/><REACH who="3" ten="435,186,302,57" step="2"/><T112/><D112/><U71/><E123/><V88/><F88/><W31/><G31/><T58/><D89/><U15/><E121/><V65/><F65/><W125/><G125/><T110/><D117/><U86/><E95/><V111/><F111/><W82/><G82/><T80/><D110/><U54/><E71/><V63/><F63/><W59/><G59/><T106/><D80/><U43/><E43/><V20/><F20/><W96/><G96/><T10/><D58/><U61/><E61/><V66/><F66/><W45/><G45/><T1/><D44/><U135/><E135/><V14/><F14/><AGARI ba="1,2" hai="9,14,18,36,37,39,53,55,72,78,81,87,91,93" machi="14" ten="40,2600,0" yaku="1,1,53,1" doraHai="99,134" doraHaiUra="28,74" who="3" fromWho="2" sc="435,0,186,0,302,-29,57,49" /><INIT seed="6,0,0,3,2,68" ten="435,186,273,106" oya="2" hai0="77,98,36,12,53,130,4,101,65,81,76,44,23" hai1="69,50,6,43,47,99,57,71,8,116,2,128,15" hai2="125,26,41,27,32,34,89,83,14,59,61,62,104" hai3="25,70,97,108,20,74,5,92,0,73,31,39,19"/><V37/><F104/><W121/><G121/><T127/><D130/><U105/><E128/><V90/><F125/><W122/><G122/><T58/><D127/><U94/><E105/><V33/><F14/><W86/><G70/><T63/><D81/><U110/><E110/><V112/><F112/><W42/><G108/><T80/><D80/><U52/><E2/><V40/><F83/><W120/><G120/><T29/><D29/><U124/><E116/><V16/><F59/><W49/><G86/><T18/><D4/><U113/><E113/><V85/><F34/><W117/><G117/><T64/><D36/><U129/><E129/><V72/><F85/><W51/><G0/><T13/><D13/><U111/><E111/><V84/><F84/><W119/><G5/><T96/><D44/><U87/><E87/><V45/><F45/><W38/><G119/><T24/><D12/><U28/><E28/><V103/><F103/><W30/><G42/><T11/><D11/><U17/><E6/><V55/><F55/><W54/><G31/><T82/><D76/><U126/><E126/><V75/><F16/><W46/><G30/><T56/><D101/><U102/><REACH who="1" step="1"/><E124/><REACH who="1" ten="435,176,273,106" step="2"/><V60/><REACH who="2" step="1"/><F62/><AGARI ba="0,1" hai="8,15,17,43,47,50,52,57,62,69,71,94,99,102" machi="62" ten="30,7700,0" yaku="1,1,2,1,7,1,54,1,53,0" doraHai="68" doraHaiUra="123" who="1" fromWho="2" sc="435,0,176,87,273,-77,106,0" /><INIT seed="7,0,0,2,1,132" ten="435,263,196,106" oya="3" hai0="112,82,15,38,59,99,110,86,113,75,103,123,0" hai1="20,47,34,39,37,48,126,57,50,56,64,60,106" hai2="76,14,44,27,25,9,6,22,116,85,118,104,70" hai3="46,3,96,117,18,71,90,7,115,1,135,67,131"/><W17/><G117/><T129/><D110/><U105/><E34/><V114/><F104/><W122/><G122/><T120/><D0/><U40/><E105/><V83/><F70/><W74/><G74/><T78/><D38/><N who="1" m="21911" /><E20/><V130/><F114/><N who="0" m="44138" /><D129/><U73/><E106/><V52/><F130/><W61/><G115/><T69/><D69/><N who="1" m="42119" /><E126/><V43/><F52/><W125/><G131/><T2/><D2/><U11/><E11/><V72/><F72/><W62/><G135/><T133/><D133/><U58/><E73/><V84/><F84/><W23/><G7/><T8/><D86/><U33/><E33/><V121/><F121/><W134/><G134/><T119/><D119/><N who="2" m="45610" /><F22/><W63/><G46/><T21/><D59/><U24/><E24/><V66/><F66/><W36/><G36/><AGARI ba="0,0" hai="36,37,39,48,50,56,57,58" m="42119,21911" machi="36" ten="30,8000,1" yaku="35,5" doraHai="132" who="1" fromWho="3" sc="435,0,263,80,196,0,106,-80" owari="435,53.0,343,14.0,196,-20.0,26,-47.0" /></mjloggm>