<mjloggm ver="2.3"><GO type="41" lobby="0"/><UN n0="%E3%81%8A%E3%81%95%E3%81%A3%E3%81%A1%E3%82%87" n1="%E3%82%8A%E3%82%93%E3%81%AD" n2="%73%61%6E%6E%64%61%73%75" n3="%E5%B0%B1%E6%B4%BB%E7%94%9F%40%E5%B7%9D%E6%9D%91%E8%BB%8D%E5%9B%A3" dan="15,13,13,17" rate="2006.24,1891.80,1890.07,2198.08" sx="M,M,M,M"/><TAIKYOKU oya="0"/><INIT seed="0,0,0,5,2,44" ten="250,250,250,250" oya="0" hai0="8,0,57,76,78,59,9,67,83,71,108,37,132" hai1="122,54,42,28,85,61,66,103,27,130,34,40,32" hai2="87,131,45,126,100,26,105,93,51,41,129,112,90" hai3="77,29,89,35,47,56,86,79,14,50,22,4,24"/><T99/><D37/><U36/><E122/><V75/><F112/><W88/><G89/><T119/><D119/><U6/><E130/><N who="2" m="49675" /><F26/><W107/><G107/><T63/><D132/><U120/><E120/><V18/><F18/><W134/><G56/><T125/><D125/><U20/><E6/><V12/><F12/><W7/><G35/><T53/><D71/><U94/><E54/><V91/><F75/><W133/><G133/><T106/><D108/><U102/><E102/><V109/><F109/><W116/><G116/><T84/><D0/><U49/><E36/><V74/><F74/><W70/><G70/><T97/><D78/><N who="3" m="29705" /><G14/><T124/><D124/><U135/><E135/><V55/><F126/><W114/><G114/><T3/><D3/><U113/><E113/><V1/><F1/><W58/><G58/><T21/><D21/><U16/><E34/><V5/><F5/><W10/><G10/><N who="0" m="4203" /><D106/><U73/><E73/><V127/><F127/><W115/><G115/><T101/><D101/><U110/><E110/><V60/><F105/><W25/><G25/><T15/><D15/><U96/><E85/><N who="2" m="52431" /><F100/><W104/><G104/><T117/><D117/><U111/><E111/><V118/><F118/><W92/><G134/><T17/><D17/><U43/><E32/><V123/><F123/><W80/><G80/><T38/><D38/><U30/><REACH who="1" step="1"/><E49/><AGARI ba="0,0" hai="49,53,57,59,63,67,76,83,84,97,99" m="4203" machi="49" ten="30,2900,0" yaku="8,1,52,1" doraHai="44" who="0" fromWho="1" sc="250,29,250,-29,250,0,250,0" /><INIT seed="0,1,0,0,4,78" ten="279,221,250,250" oya="0" hai0="77,10,36,19,56,66,25,50,93,51,54,73,99" hai1="55,121,20,13,68,88,96,49,15,89,0,115,28" hai2="118,48,67,46,103,125,37,11,114,29,122,79,75" hai3="117,135,129,92,98,109,62,113,23,97,119,43,87"/><T9/><D36/><U132/><E68/><V26/><F114/><W86/><G43/><T95/><D66/><U130/><E121/><V41/><F122/><W57/><G113/><T17/><D73/><U76/><E115/><V72/><F125/><W21/><G129/><T81/><D25/><N who="1" m="16423" /><E0/><V74/><F118/><W112/><G112/><T94/><D99/><U69/><E130/><V70/><F103/><W84/><G135/><T71/><D71/><U39/><E69/><V116/><F116/><W80/><G109/><T64/><D64/><U18/><E39/><V47/><F11/><N who="0" m="4106" /><D51/><U133/><E76/><V33/><F67/><W42/><G98/><T127/><D127/><U59/><E96/><V100/><F100/><W110/><G110/><T111/><D111/><U38/><E38/><V83/><REACH who="2" step="1"/><F70/><REACH who="2" ten="279,221,240,250" step="2"/><W5/><G117/><T6/><D6/><U85/><E133/><V4/><F4/><W22/><G119/><T31/><D31/><U104/><E132/><V60/><F60/><W102/><G5/><T7/><D7/><U12/><E104/><V101/><F101/><W1/><G1/><T90/><D77/><U27/><E85/><AGARI ba="1,1" hai="17,19,50,54,56,81,85,90,93,94,95" m="4106" machi="85" ten="30,2900,0" yaku="8,1,52,1" doraHai="78" who="0" fromWho="1" sc="279,42,221,-32,240,0,250,0" /><INIT seed="0,2,0,3,1,15" ten="321,189,240,250" oya="0" hai0="104,44,37,99,48,108,22,90,133,70,118,88,81" hai1="38,79,85,40,86,110,107,135,9,105,52,80,12" hai2="113,36,20,30,63,50,29,69,65,74,123,3,124" hai3="121,26,114,97,14,56,111,13,10,122,53,117,129"/><T127/><D70/><U32/><E110/><V77/><F113/><W27/><G117/><T78/><D118/><U98/><E135/><V39/><F123/><W120/><G114/><T103/><D37/><U24/><E98/><V1/><F50/><W119/><G119/><T91/><D133/><U45/><E86/><V68/><F20/><W126/><G126/><T87/><D127/><U41/><E41/><V109/><F29/><W31/><G129/><T17/><D108/><U34/><E34/><V96/><F30/><W62/><G111/><T6/><D6/><U92/><E92/><V42/><F96/><W102/><G31/><T25/><D78/><U23/><E32/><V0/><F42/><AGARI ba="2,0" hai="17,22,25,42,44,48,81,87,88,90,91,99,103,104" machi="42" ten="30,5800,0" yaku="7,1,52,1,54,1" doraHai="15" who="0" fromWho="2" sc="321,64,189,0,240,-64,250,0" /><INIT seed="0,3,0,1,3,78" ten="385,189,176,250" oya="0" hai0="0,58,54,91,18,122,43,116,110,25,133,120,104" hai1="111,31,47,74,80,101,38,99,77,48,62,51,34" hai2="60,42,128,135,55,14,49,129,76,127,5,125,10" hai3="32,115,66,113,39,64,98,100,75,70,96,79,126"/><T23/><D0/><U119/><E111/><V27/><F27/><W112/><G126/><N who="2" m="48137" /><F76/><W131/><G39/><T92/><D116/><U61/><E119/><V93/><F93/><W132/><G132/><T121/><D104/><U86/><E74/><V68/><F42/><W59/><G70/><T84/><D43/><U8/><E8/><V57/><F68/><W103/><G32/><T114/><D114/><U88/><E77/><V81/><F60/><W20/><G131/><N who="2" m="50249" /><F81/><W124/><G124/><T105/><D133/><AGARI ba="3,0" hai="5,10,14,49,55,57,133,135" m="50249,48137" machi="133" ten="40,8000,1" yaku="30,2,18,1,19,1" doraHai="78" who="2" fromWho="0" sc="385,-89,189,0,176,89,250,0" /><INIT seed="1,0,0,0,3,127" ten="296,189,265,250" oya="1" hai0="91,14,8,20,27,105,92,78,47,46,128,70,124" hai1="2,88,100,106,115,61,80,85,63,74,126,118,107" hai2="40,103,38,57,50,49,37,24,42,130,99,90,86" hai3="16,1,9,58,119,111,25,45,22,79,11,75,98"/><U52/><E2/><V48/><F24/><W121/><G121/><T82/><D105/><U87/><E118/><V13/><F13/><W43/><G119/><T125/><D70/><U35/><E35/><V102/><F57/><W29/><G111/><T97/><D14/><U131/><E126/><N who="0" m="48745" /><D8/><U110/><E110/><V120/><F120/><W94/><G58/><T77/><D77/><U89/><E115/><V83/><F130/><W134/><G134/><T72/><D128/><U28/><E28/><AGARI ba="0,0" hai="20,27,28,46,47,72,78,82,91,92,97" m="48745" machi="28" ten="30,1000,0" yaku="18,1" doraHai="127" who="0" fromWho="1" sc="296,10,189,-10,265,0,250,0" /><INIT seed="2,0,0,0,5,110" ten="306,179,265,250" oya="2" hai0="132,84,21,12,106,5,99,111,119,18,109,108,6" hai1="95,116,3,77,40,15,35,128,131,72,79,101,86" hai2="133,80,61,70,10,41,75,78,31,104,112,134,7" hai3="50,124,13,103,130,36,38,1,29,14,81,76,30"/><V54/><F104/><W0/><G124/><T9/><D132/><N who="2" m="50794" /><F31/><W100/><G130/><T68/><D68/><U97/><E35/><V47/><F54/><W115/><G50/><T105/><D119/><U102/><E3/><N who="2" m="383" /><F61/><W83/><REACH who="3" step="1"/><G76/><REACH who="3" ten="306,179,265,240" step="2"/><T82/><D5/><U62/><E62/><V19/><F70/><W11/><G11/><T23/><D23/><U49/><E49/><N who="2" m="26863" /><F19/><W74/><G74/><T90/><REACH who="0" step="1"/><D99/><REACH who="0" ten="296,179,265,240" step="2"/><U85/><E116/><V94/><F94/><W93/><G93/><T122/><D122/><U45/><E131/><V87/><F75/><W20/><G20/><T92/><D92/><U121/><E128/><V126/><F126/><W8/><G8/><T71/><D71/><U26/><E121/><V113/><AGARI ba="0,2" hai="78,80,87,112,113" m="26863,383,50794" machi="113" ten="30,6000,0" yaku="20,1,52,2" doraHai="110" who="2" fromWho="2" sc="296,-20,179,-20,265,80,240,-20" /><INIT seed="2,1,0,4,4,8" ten="276,159,345,220" oya="2" hai0="40,24,54,129,111,122,120,93,63,118,113,119,98" hai1="128,26,64,68,44,23,38,124,77,130,25,53,127" hai2="67,33,100,56,83,29,86,108,0,47,3,133,17" hai3="112,14,43,117,18,35,87,60,13,59,132,135,123"/><V37/><F133/><W5/><G117/><N who="0" m="44555" /><D24/><U61/><E77/><V95/><F108/><W4/><G123/><N who="0" m="47147" /><D40/><N who="1" m="22551" /><E25/><V81/><F33/><W92/><G112/><T80/><D63/><U74/><E74/><V20/><F29/><W57/><G35/><T11/><D54/><U58/><E26/><V48/><F37/><W36/><G36/><T73/><D11/><U78/><E23/><V31/><F31/><W102/><G43/><T30/><D30/><U103/><E78/><V19/><F17/><W39/><G39/><T131/><D113/><U69/><E103/><V66/><F0/><W2/><G2/><T75/><D80/><U9/><E9/><V6/><F6/><N who="3" m="2667" /><G59/><T82/><D82/><U10/><E10/><V45/><F3/><W134/><G18/><T91/><D111/><U46/><E46/><V121/><F83/><W50/><G50/><T89/><D89/><U28/><E28/><V27/><F121/><W106/><G106/><T88/><D91/><U1/><E1/><V110/><F110/><W52/><G87/><T41/><D41/><U7/><E7/><V104/><F104/><W126/><G126/><N who="1" m="48170" /><E69/><V15/><F27/><W34/><G34/><T32/><D32/><U79/><E79/><N who="2" m="46399" /><F56/><W71/><G71/><T76/><D76/><U99/><E99/><AGARI ba="1,0" hai="13,14,52,57,60,92,99,102,132,134,135" m="2667" machi="99" ten="40,8000,1" yaku="20,1,52,2,54,1" doraHai="8" who="3" fromWho="1" sc="276,0,159,-83,345,0,220,83" /><INIT seed="3,0,0,0,1,75" ten="276,76,345,303" oya="3" hai0="2,102,37,1,103,15,133,89,91,24,46,64,9" hai1="96,122,82,88,65,101,6,86,7,72,50,113,128" hai2="73,70,127,32,44,58,19,94,42,106,60,57,27" hai3="62,130,107,43,123,74,108,51,40,28,47,79,26"/><W134/><G123/><T98/><D133/><U8/><E122/><V95/><F127/><W67/><G134/><T59/><D103/><U120/><E113/><V20/><F73/><W109/><G107/><T10/><D2/><U80/><E120/><V49/><F106/><W48/><G130/><T111/><D111/><N who="3" m="42569" /><G79/><T4/><D24/><U12/><E128/><V18/><F32/><N who="3" m="20503" /><G74/><T17/><D46/><U125/><E125/><V35/><F35/><W97/><G97/><T129/><D37/><U84/><E72/><V61/><F70/><N who="3" m="42359" /><G40/><T92/><D129/><U81/><E65/><N who="2" m="39055" /><F18/><W23/><G23/><T78/><D64/><AGARI ba="0,0" hai="19,20,27,42,44,49,58,61,64,94,95" m="39055" machi="64" ten="30,1000,0" yaku="8,1" doraHai="75" who="2" fromWho="0" sc="276,-10,76,0,345,10,303,0" /><INIT seed="4,0,0,3,4,112" ten="266,76,355,303" oya="0" hai0="46,64,3,105,67,130,62,111,75,118,91,35,71" hai1="120,135,1,113,92,2,38,12,65,56,33,34,107" hai2="53,103,81,98,24,73,68,87,125,32,10,126,39" hai3="108,41,115,77,37,18,104,100,117,26,21,48,83"/><T50/><D75/><U8/><E38/><V7/><F68/><W82/><G108/><T134/><D35/><N who="1" m="13323" /><E65/><V116/><F39/><W9/><G117/><T60/><D3/><N who="1" m="1035" /><E56/><V123/><F123/><W29/><G115/><T22/><D105/><U89/><E107/><V86/><F24/><W55/><G37/><T25/><D134/><U94/><E89/><V114/><F32/><W14/><G41/><T110/><D130/><U131/><E120/><V57/><F114/><W30/><G30/><T11/><D11/><U76/><E76/><V109/><F10/><W5/><G29/><T95/><D118/><U79/><E79/><V102/><F7/><W27/><G27/><T84/><D50/><U40/><E40/><V19/><F19/><W96/><G77/><T128/><D46/><AGARI ba="0,0" hai="5,9,14,18,21,26,46,48,55,82,83,96,100,104" machi="46" ten="30,1000,0" yaku="7,1" doraHai="112" who="3" fromWho="0" sc="266,-10,76,0,355,0,303,10" /><INIT seed="5,0,0,2,4,75" ten="256,76,355,313" oya="1" hai0="124,14,131,82,1,85,122,45,19,125,9,77,12" hai1="26,66,95,108,126,62,6,30,114,29,90,49,73" hai2="28,65,39,18,116,32,76,129,41,110,83,3,119" hai3="130,69,0,15,7,94,51,102,120,63,44,92,11"/><U97/><E73/><V22/><F65/><W61/><G120/><T87/><D1/><U71/><E114/><V16/><F3/><W101/><G130/><T81/><D131/><U111/><E126/><V43/><F39/><W88/><G0/><T60/><D122/><U21/><E6/><V53/><F32/><W55/><G92/><T118/><D118/><U36/><E36/><V107/><F107/><W103/><REACH who="3" step="1"/><G69/><REACH who="3" ten="256,76,355,303" step="2"/><T123/><D123/><U100/><E100/><V10/><F129/><W67/><G67/><T79/><D60/><U25/><REACH who="1" step="1"/><E49/><REACH who="1" ten="256,66,355,303" step="2"/><V31/><F119/><W8/><G8/><T68/><D68/><U38/><E38/><V56/><F10/><W23/><G23/><AGARI ba="0,2" hai="21,23,25,26,29,30,62,66,71,90,95,97,108,111" machi="23" ten="40,3900,0" yaku="1,1,9,1,53,0" doraHai="75" doraHaiUra="40" who="1" fromWho="3" sc="256,0,66,59,355,0,303,-39" /><INIT seed="5,1,0,3,3,117" ten="256,125,355,264" oya="1" hai0="108,33,125,25,40,91,35,48,97,44,64,45,16" hai1="107,60,53,52,41,128,24,65,5,42,69,63,115" hai2="114,27,120,76,89,68,71,17,8,102,10,7,72" hai3="103,30,101,105,93,9,47,62,83,55,31,134,95"/><U73/><E107/><V12/><F102/><N who="3" m="38923" /><G134/><T43/><D108/><U113/><E73/><V81/><F120/><W74/><G105/><T56/><D125/><U66/><E5/><V0/><F89/><W11/><G74/><T104/><D104/><U111/><E24/><V131/><F131/><W119/><G119/><T123/><D123/><U21/><E21/><V50/><F114/><W122/><G122/><T77/><D77/><U61/><E128/><V124/><F124/><W100/><G83/><T2/><D2/><U96/><E96/><V15/><F27/><W70/><G70/><T118/><D118/><U82/><E82/><V85/><F72/><W14/><G9/><T92/><D56/><U98/><E98/><V110/><F110/><W32/><G32/><T121/><D64/><N who="1" m="24683" /><E69/><V109/><F109/><W135/><G135/><T99/><D121/><U28/><E28/><N who="3" m="10794" /><G100/><T94/><D35/><U1/><E1/><V88/><F68/><W39/><G39/><T6/><D6/><U127/><E127/><V78/><F71/><W130/><G130/><T37/><D33/><U132/><E132/><V87/><F0/><W57/><G47/><T67/><D67/><U38/><E111/><V51/><F76/><W54/><G55/><N who="1" m="21066" /><E38/><V116/><F116/><W23/><G23/><T126/><D126/><U79/><E79/><V29/><F29/><W20/><G20/><T112/><D37/><U22/><E22/><V34/><F34/><W46/><G46/><T86/><D45/><U59/><E59/><V80/><AGARI ba="1,0" hai="7,8,10,12,15,17,50,51,78,80,81,85,87,88" machi="80" ten="20,5200,0" yaku="0,1,7,1,8,1,54,1" doraHai="117" who="2" fromWho="2" sc="256,-14,125,-27,355,55,264,-14" /><INIT seed="6,0,0,0,2,106" ten="242,98,410,250" oya="2" hai0="126,43,130,8,92,101,108,47,55,13,14,19,57" hai1="67,131,68,102,25,119,123,63,2,7,46,56,121" hai2="112,53,105,60,95,75,27,98,94,111,48,33,77" hai3="37,79,100,20,120,62,125,31,42,58,89,87,85"/><V36/><F112/><W17/><G120/><N who="1" m="46154" /><E102/><V84/><F36/><W30/><G125/><T18/><D108/><U51/><E25/><V128/><F128/><W64/><G100/><T72/><D72/><U28/><E28/><V129/><F129/><W9/><G9/><T134/><D134/><U109/><E2/><V32/><F60/><W73/><G73/><T40/><D126/><U23/><E7/><V114/><F114/><W22/><G22/><T12/><D12/><U6/><E23/><V115/><F115/><W81/><G42/><T5/><D47/><U135/><E6/><V4/><F4/><W11/><G11/><T83/><D83/><U69/><E135/><V103/><F27/><N who="3" m="14735" /><G37/><T133/><D133/><U88/><E88/><N who="2" m="53511" /><F95/><AGARI ba="0,0" hai="30,31,58,62,64,79,81,85,87,89,95" m="14735" machi="95" ten="30,1000,0" yaku="8,1" doraHai="106" who="3" fromWho="2" sc="242,0,98,0,410,-10,250,10" /><INIT seed="7,0,0,5,1,62" ten="242,98,400,260" oya="3" hai0="85,29,76,84,15,59,17,11,77,101,43,111,0" hai1="121,31,44,88,26,102,61,75,125,110,133,73,49" hai2="19,127,32,57,126,79,103,100,124,34,117,66,116" hai3="45,67,71,30,104,56,86,38,80,9,52,65,22"/><W54/><G104/><T93/><D111/><U51/><E121/><V123/><F79/><N who="3" m="46367" /><G71/><T115/><D115/><U74/><E110/><V82/><F19/><W42/><G38/><T1/><D1/><U68/><E125/><V41/><F82/><W37/><G37/><T106/><D0/><U89/><E133/><V58/><F41/><W18/><G42/><T69/><D69/><U25/><E102/><N who="2" m="38955" /><F66/><N who="3" m="25099" /><G45/><T91/><D43/><U13/><E68/><V10/><F10/><W90/><G90/><T63/><D29/><U131/><E61/><V119/><F123/><W3/><G3/><T94/><D106/><U21/><E131/><V92/><F92/><W72/><G72/><T109/><D109/><U99/><E99/><V118/><F118/><W98/><G98/><N who="0" m="59607" /><D84/><U4/><E26/><V47/><F47/><W112/><G112/><T33/><D33/><AGARI ba="0,0" hai="32,33,34,57,58,116,117,119,124,126,127" m="38955" machi="33" ten="50,6400,0" yaku="28,2,18,1" doraHai="62" who="2" fromWho="0" sc="242,-64,98,0,400,64,260,0" owari="178,-22.0,98,-40.0,464,56.0,260,6.0" /></mjloggm>