<mjloggm ver="2.3"><GO type="169" lobby="0"/><UN n0="%E8%A5%BF%E5%9C%92%E5%AF%BA%E9%9D%96%E5%AD%90" n1="%E3%82%A6%E3%83%AB%E3%83%88%E3%83%A9%E7%AB%8B%E7%9B%B4" n2="%E7%A2%BA%E8%AA%8D%E4%BA%8B%E9%A0%85" n3="%E3%81%B2%E3%81%90%E3%81%A1" dan="18,16,16,17" rate="2250.20,2142.53,2109.80,2188.72" sx="F,M,M,M"/><TAIKYOKU oya="0"/><INIT seed="0,0,0,3,0,45" ten="250,250,250,250" oya="0" hai0="13,12,65,105,48,76,89,77,106,18,119,128,3" hai1="56,28,31,16,74,120,26,124,66,82,59,35,23" hai2="134,49,104,113,22,19,68,57,133,81,61,94,14" hai3="60,108,0,92,41,2,129,67,36,54,131,95,44"/><T25/><D3/><U62/><E120/><V116/><F104/><W51/><G95/><T102/><D119/><U69/><E124/><V53/><F113/><W46/><G92/><T63/><D128/><N who="3" m="49225" /><G0/><T125/><D125/><U80/><E31/><V90/><F81/><W79/><G2/><T42/><D25/><U117/><E117/><V11/><F116/><W93/><G93/><T70/><D89/><U21/><E35/><V83/><F83/><W15/><G15/><T50/><D42/><U86/><E74/><V43/><F11/><W100/><G79/><T72/><D72/><U103/><E103/><V111/><F111/><W85/><G85/><T9/><D102/><U38/><E38/><V58/><F68/><N who="3" m="42087" /><G100/><T64/><D9/><U127/><E127/><V118/><F118/><W96/><G96/><T126/><D126/><U75/><E75/><V5/><F5/><W37/><G37/><T8/><D8/><U98/><E98/><V73/><F73/><W52/><G52/><T135/><D18/><U1/><E1/><V114/><F53/><W91/><G91/><T109/><D109/><AGARI ba="0,0" hai="36,41,44,46,51,54,108,109" m="42087,49225" machi="109" ten="30,7700,0" yaku="19,1,34,2,52,1" doraHai="45" who="3" fromWho="0" sc="250,-77,250,0,250,0,250,77" /><INIT seed="1,0,0,1,3,40" ten="173,250,250,327" oya="1" hai0="76,56,106,58,114,112,9,39,15,105,75,71,97" hai1="42,50,31,18,91,103,35,128,88,60,59,124,83" hai2="66,23,49,89,79,70,7,0,108,73,134,43,80" hai3="55,107,54,51,33,110,34,41,85,123,57,126,92"/><U20/><E128/><V72/><F108/><W12/><G107/><T11/><D71/><U47/><E124/><V65/><F134/><W120/><G110/><T28/><D39/><U104/><E35/><V111/><F111/><W10/><G41/><T84/><D75/><U115/><E115/><V100/><F73/><W125/><G85/><T98/><D15/><U27/><E104/><V36/><F70/><W5/><G92/><T117/><D84/><U86/><E103/><V45/><F100/><W25/><G33/><T109/><D109/><U3/><E3/><V130/><F130/><W61/><G25/><T87/><D87/><U64/><E31/><V37/><F89/><AGARI ba="0,0" hai="18,20,27,42,47,50,59,60,64,83,86,88,89,91" machi="89" ten="30,11600,0" yaku="7,1,8,1,52,1,54,1" doraHai="40" who="1" fromWho="2" sc="173,0,250,116,250,-116,327,0" /><INIT seed="1,1,0,3,2,93" ten="173,366,134,327" oya="1" hai0="37,18,100,95,25,22,94,84,19,51,110,97,131" hai1="60,41,21,125,108,20,64,6,120,46,121,27,17" hai2="68,62,0,29,135,103,14,109,76,101,133,90,24" hai3="33,116,112,4,119,32,91,58,69,57,129,16,11"/><U106/><E125/><V115/><F0/><W2/><G69/><T99/><D37/><U5/><E108/><V107/><F109/><W36/><G36/><T96/><D110/><U134/><E134/><V128/><F128/><W49/><G112/><T52/><D131/><U65/><E106/><V113/><F90/><W104/><G104/><T127/><D127/><U50/><E65/><N who="2" m="41015" /><F14/><W31/><G129/><T88/><D18/><U130/><E130/><V7/><F76/><W79/><G79/><T45/><AGARI ba="1,0" hai="19,22,25,45,51,52,84,88,94,95,96,97,99,100" machi="45" ten="20,16000,3" yaku="0,1,7,1,8,1,52,3,54,2" doraHai="93" who="0" fromWho="0" sc="173,163,366,-81,134,-41,327,-41" /><INIT seed="2,0,0,5,3,19" ten="336,285,93,286" oya="2" hai0="95,15,66,68,113,4,89,16,120,32,39,25,8" hai1="14,76,114,72,52,21,73,133,117,1,93,26,27" hai2="75,112,6,128,63,119,121,99,62,9,5,98,3" hai3="116,134,70,77,33,40,100,101,53,125,56,129,0"/><V122/><F112/><W49/><G116/><T28/><D113/><U102/><E1/><V48/><F119/><W103/><G125/><T97/><D39/><U65/><E117/><V83/><F128/><W36/><G129/><T57/><D120/><U85/><E114/><V118/><F118/><W79/><G134/><T130/><D130/><U91/><E133/><V24/><F48/><W92/><G33/><T30/><D30/><U126/><E65/><V115/><F115/><W107/><G107/><T109/><D109/><U61/><E126/><V108/><F108/><W18/><G0/><T78/><D78/><U86/><E102/><V82/><F3/><W10/><G70/><T45/><D45/><U123/><E123/><V31/><F31/><W58/><G36/><T105/><D105/><U106/><E106/><V50/><F50/><W94/><G40/><T17/><REACH who="0" step="1"/><D57/><REACH who="0" ten="326,285,93,286" step="2"/><N who="1" m="34983" /><E73/><V64/><F75/><W88/><G58/><T38/><D38/><U7/><E72/><V20/><F121/><W51/><G79/><T90/><D90/><U135/><E135/><V29/><F122/><W59/><G77/><T87/><D87/><U124/><E124/><V110/><F110/><W60/><G59/><T104/><D104/><U12/><E85/><V111/><F111/><W43/><G88/><T34/><D34/><U42/><E76/><V44/><F44/><N who="3" m="25759" /><G101/><T127/><D127/><U47/><E47/><V96/><F64/><N who="3" m="38919" /><G103/><T67/><D67/><U132/><E132/><V69/><F69/><W11/><G100/><T2/><D2/><U35/><E91/><V37/><F37/><RYUUKYOKU ba="0,1" sc="326,30,285,-10,93,-10,286,-10" hai0="4,8,15,16,17,25,28,32,66,68,89,95,97" /><INIT seed="3,1,1,2,3,64" ten="356,275,83,276" oya="3" hai0="6,86,29,116,104,103,18,22,113,83,87,135,128" hai1="46,89,118,12,74,63,21,35,97,53,100,8,69" hai2="90,132,75,93,130,125,105,23,5,71,117,73,33" hai3="107,0,123,67,17,10,41,109,110,80,38,26,106"/><W66/><G123/><T14/><D116/><U40/><E118/><V32/><F117/><W43/><G80/><T78/><D128/><U133/><E35/><V54/><F130/><W121/><G121/><T45/><D135/><U134/><E74/><V77/><F132/><N who="1" m="50793" /><E21/><V30/><F105/><N who="3" m="39947" /><G26/><T19/><D113/><U9/><E100/><V88/><F125/><W31/><G31/><T37/><D29/><U76/><E76/><V55/><F30/><W49/><G38/><T11/><D18/><U81/><E12/><V126/><F126/><W57/><G17/><T127/><D127/><U34/><E34/><V7/><F93/><W115/><G115/><T108/><D103/><U2/><E2/><V98/><F77/><W82/><G82/><T13/><D104/><U25/><E25/><V44/><F23/><W70/><G57/><T94/><D94/><N who="1" m="56527" /><E81/><V101/><F101/><W39/><G39/><T3/><D87/><U124/><E124/><V42/><F98/><W36/><G36/><T102/><D102/><U111/><E8/><V52/><F73/><W20/><G20/><T28/><D28/><U50/><E9/><V84/><F75/><W120/><G120/><T60/><D14/><U27/><E27/><V51/><F33/><W1/><G1/><T24/><D3/><U58/><E58/><V4/><F32/><W68/><G0/><T16/><D19/><U62/><E62/><V131/><F131/><W95/><G10/><T61/><D61/><U122/><E122/><V96/><F5/><W114/><G114/><T79/><D60/><U48/><E63/><RYUUKYOKU ba="1,1" sc="356,0,275,0,83,0,276,0" /><INIT seed="4,2,1,2,0,23" ten="356,275,83,276" oya="0" hai0="69,135,74,70,112,14,115,118,35,88,67,130,43" hai1="50,101,125,107,56,63,133,2,9,38,39,102,86" hai2="93,87,71,44,76,104,120,54,11,37,90,134,95" hai3="100,33,42,51,25,61,105,97,116,46,32,7,113"/><T66/><D118/><U53/><E39/><V64/><F104/><W13/><G116/><T5/><D74/><U21/><E38/><V29/><F120/><W20/><G113/><T83/><D35/><U40/><E107/><V49/><F134/><W1/><G1/><T94/><D43/><U24/><E133/><V31/><F76/><W84/><G84/><T36/><D36/><U114/><E125/><V92/><F11/><W8/><REACH who="3" step="1"/><G61/><REACH who="3" ten="356,275,83,266" step="2"/><T65/><D115/><U18/><E114/><V59/><F87/><W119/><G119/><T19/><D112/><U122/><E122/><V106/><F106/><W117/><G117/><T47/><D135/><U82/><E2/><V123/><F123/><W22/><G22/><T99/><D130/><U81/><E9/><V17/><F90/><W16/><AGARI ba="2,2" hai="7,8,13,16,20,25,32,33,42,46,51,97,100,105" machi="16" ten="20,8000,1" yaku="1,1,0,1,7,1,52,1,54,1,53,0" doraHai="23" doraHaiUra="57" who="3" fromWho="3" sc="356,-42,275,-22,83,-22,266,106" /><INIT seed="5,0,0,3,3,43" ten="314,253,61,372" oya="1" hai0="120,8,87,57,36,25,21,93,116,77,97,50,72" hai1="85,111,12,30,88,117,121,31,17,52,99,71,75" hai2="133,67,107,95,84,79,61,37,105,5,45,24,2" hai3="134,42,104,48,70,0,130,58,4,125,39,127,128"/><U78/><E121/><V35/><F133/><W109/><G104/><T102/><D36/><U135/><E117/><V62/><F62/><W101/><G101/><T119/><D72/><U27/><E71/><V126/><F126/><N who="3" m="48139" /><G4/><T114/><D120/><U46/><E75/><V20/><F35/><W66/><G0/><T32/><D32/><U13/><E135/><V41/><F2/><W34/><G34/><T16/><D114/><U65/><E65/><V76/><F5/><W26/><G26/><T60/><D8/><U51/><E111/><V11/><F11/><W47/><G109/><T9/><D9/><N who="1" m="6287" /><E13/><V129/><F129/><N who="3" m="49771" /><G134/><T103/><D119/><U19/><E99/><V6/><F6/><W56/><G39/><T1/><D1/><U10/><E78/><V91/><F107/><W38/><G48/><T33/><D50/><U7/><E7/><V92/><F105/><W100/><G100/><N who="0" m="60463" /><D33/><U23/><E10/><V98/><F24/><W115/><G115/><T15/><D116/><U122/><E122/><V80/><F20/><W106/><G106/><T96/><D96/><U55/><E55/><V113/><F113/><W108/><G108/><T83/><D25/><U124/><E124/><V3/><F3/><W14/><G14/><T40/><D40/><U73/><E73/><V18/><F98/><W89/><G89/><T59/><D102/><U49/><E49/><V82/><F91/><W110/><G110/><T22/><D103/><U63/><E63/><AGARI ba="0,0" hai="38,42,47,56,58,63,66,70" m="49771,48139" machi="63" ten="30,8000,1" yaku="18,1,19,1,34,2,52,1" doraHai="43" who="3" fromWho="1" sc="314,0,253,-80,61,0,372,80" /><INIT seed="6,0,0,2,5,102" ten="314,173,61,452" oya="2" hai0="50,113,82,33,24,123,84,120,125,71,52,23,0" hai1="11,76,130,3,86,128,4,63,91,64,1,126,6" hai2="9,118,134,87,106,57,77,101,90,99,68,40,39" hai3="103,79,112,119,110,89,66,111,38,67,49,26,75"/><V107/><F118/><W13/><G38/><T45/><D0/><U14/><E76/><V88/><F68/><W98/><G119/><T59/><D71/><N who="1" m="42399" /><E6/><V135/><F57/><W21/><G13/><T18/><D113/><U47/><E47/><V69/><F69/><W35/><G35/><T54/><D33/><U96/><E96/><V31/><F31/><W93/><G112/><T116/><D116/><U28/><E28/><V94/><F9/><W124/><G124/><T127/><D125/><U53/><E53/><V51/><F51/><W131/><G131/><N who="1" m="50218" /><E126/><V43/><F77/><W133/><G49/><T29/><D127/><U19/><E19/><V36/><F101/><W44/><G44/><T114/><D114/><U37/><E37/><V80/><F39/><W104/><G67/><T58/><D29/><U122/><E122/><V20/><F20/><W8/><G8/><T81/><D120/><U129/><E129/><V92/><F80/><AGARI ba="0,0" hai="1,3,4,11,14,80,86,91" m="50218,42399" machi="80" ten="30,1000,0" yaku="19,1" doraHai="102" who="1" fromWho="2" sc="314,0,173,10,61,-10,452,0" /><INIT seed="7,0,0,2,3,47" ten="314,183,51,452" oya="3" hai0="86,77,65,18,52,133,60,125,56,69,134,26,53" hai1="79,94,107,84,68,101,82,28,50,27,66,31,64" hai2="54,130,8,45,120,127,118,129,46,9,95,83,93" hai3="76,11,16,113,2,92,108,121,32,131,88,43,114"/><W20/><G32/><T123/><D77/><U72/><E68/><V124/><F83/><W112/><G108/><T90/><D26/><U85/><E85/><V116/><REACH who="2" step="1"/><F54/><REACH who="2" ten="314,183,41,452" step="2"/><W103/><G131/><T42/><D86/><U38/><E84/><V17/><F17/><W74/><G121/><T10/><D18/><U33/><E82/><V15/><F15/><W132/><G132/><T105/><D105/><U41/><E107/><V34/><F34/><W48/><G103/><T55/><D90/><U75/><E101/><V81/><F81/><W97/><G76/><T4/><D4/><U119/><E33/><V128/><F128/><W24/><G74/><T91/><D91/><U117/><E79/><V25/><F25/><W122/><G122/><T63/><D10/><U80/><E27/><V30/><F30/><W115/><G115/><T59/><D123/><U35/><E35/><V5/><F5/><W13/><G2/><T99/><D99/><U135/><E80/><V37/><F37/><W98/><G98/><T7/><D7/><U1/><E1/><V19/><F19/><W62/><G11/><T104/><D104/><U110/><E38/><V102/><F102/><W61/><G24/><T49/><D125/><U14/><E14/><V89/><F89/><W51/><G43/><T58/><REACH who="0" step="1"/><D42/><REACH who="0" ten="304,183,41,452" step="2"/><U36/><E41/><V109/><F109/><W106/><G106/><T70/><D70/><U0/><E110/><V44/><F44/><W29/><G112/><T40/><D40/><U67/><E31/><V73/><F73/><W39/><G29/><T111/><D111/><RYUUKYOKU ba="0,2" sc="304,15,183,-15,41,15,452,-15" hai0="49,52,53,55,56,58,59,60,63,65,69,133,134" hai2="8,9,45,46,93,95,116,118,120,124,127,129,130" owari="319,12.0,168,-23.0,56,-44.0,457,55.0" /></mjloggm>