<mjloggm ver="2.3"><GO type="169" lobby="0"/><UN n0="%E3%82%A6%E3%83%AB%E3%83%88%E3%83%A9%E7%AB%8B%E7%9B%B4" n1="%66%61%62%65%72%67%65" n2="%6D%69%74%73%75%36%31%31" n3="%E3%82%86%E3%81%84%E3%81%A1%E3%82%83%E3%82%93%E3%81%AE%E3%83%91%E3%83%91" dan="17,16,17,18" rate="2149.60,2136.64,2152.71,2085.38" sx="M,M,M,M"/><TAIKYOKU oya="0"/><INIT seed="0,0,0,2,4,78" ten="250,250,250,250" oya="0" hai0="117,4,15,34,66,64,134,12,105,111,92,16,118" hai1="110,0,124,114,72,97,80,6,19,88,38,21,70" hai2="35,56,127,75,112,58,74,103,24,20,52,81,86" hai3="109,51,108,45,2,120,115,23,91,119,57,107,100"/><T13/><D105/><U48/><E38/><V28/><F112/><W5/><G115/><T101/><D34/><U1/><E70/><V90/><F127/><W131/><G119/><T85/><D134/><U60/><E114/><V17/><F58/><W26/><G120/><T40/><D111/><U82/><E124/><V87/><F103/><W27/><G131/><T50/><D118/><U3/><E6/><V68/><F68/><W41/><G57/><T32/><D32/><U122/><E122/><V62/><REACH who="2" step="1"/><F87/><REACH who="2" ten="250,250,240,250" step="2"/><W22/><G100/><T95/><D117/><U29/><E72/><V98/><F98/><W123/><G123/><T36/><D101/><U79/><E97/><V25/><AGARI ba="0,1" hai="17,20,24,25,28,35,52,56,62,74,75,81,86,90" machi="25" ten="20,8000,1" yaku="1,1,0,1,7,1,52,1,54,1,53,0" doraHai="78" doraHaiUra="129" who="2" fromWho="2" sc="250,-40,250,-20,240,90,250,-20" /><INIT seed="1,0,0,4,5,5" ten="210,230,330,230" oya="1" hai0="134,72,124,102,55,69,65,47,18,79,74,125,2" hai1="27,123,77,119,33,101,17,38,14,97,104,81,12" hai2="21,128,58,93,75,22,103,78,111,7,121,16,24" hai3="83,10,15,92,135,88,73,48,49,46,52,117,133"/><U113/><E123/><V31/><F121/><W11/><G117/><T90/><D102/><U53/><E119/><V8/><F128/><W41/><G73/><T19/><D2/><U89/><E38/><V115/><F115/><W4/><G83/><T44/><D55/><U40/><E40/><V98/><F111/><W36/><G36/><T30/><D90/><U94/><E113/><V107/><F75/><W116/><G116/><T51/><D51/><U108/><E108/><V112/><F112/><W131/><G131/><T84/><D84/><N who="1" m="52519" /><E53/><V35/><F78/><W3/><G49/><T120/><D65/><U61/><E61/><V0/><F107/><W99/><REACH who="3" step="1"/><G41/><REACH who="3" ten="210,230,330,220" step="2"/><T9/><D74/><N who="1" m="43191" /><E33/><V126/><F126/><W37/><G37/><T70/><D124/><U63/><E63/><V25/><F35/><W23/><G23/><AGARI ba="0,1" hai="12,14,17,23,27,97,101,104" m="43191,52519" machi="23" ten="30,1500,0" yaku="24,1" doraHai="5" who="1" fromWho="3" sc="210,0,230,25,330,0,220,-15" /><INIT seed="1,1,0,0,4,34" ten="210,255,330,205" oya="1" hai0="61,41,106,44,122,23,79,9,20,69,35,101,94" hai1="60,83,75,87,3,2,132,134,123,119,76,121,0" hai2="1,128,120,18,42,135,21,38,117,109,81,71,27" hai3="103,97,65,116,51,90,50,124,43,100,7,129,26"/><U29/><E119/><V96/><F96/><W68/><G116/><T127/><D94/><U91/><E29/><V131/><F81/><W112/><G112/><T72/><D23/><U130/><E130/><V19/><F42/><W17/><G129/><N who="2" m="49737" /><F71/><W89/><G124/><T105/><D20/><U85/><E60/><V52/><F38/><W118/><G118/><T133/><D122/><N who="1" m="46603" /><E91/><V22/><F120/><W107/><G100/><T73/><D127/><U59/><E59/><V4/><F117/><W33/><G17/><T45/><D45/><U67/><E67/><V77/><F77/><W66/><G66/><T46/><D46/><U14/><E14/><N who="2" m="9431" /><F52/><W8/><G43/><T98/><D41/><U126/><E126/><V40/><F40/><W13/><G89/><T47/><D44/><U99/><E99/><V63/><F63/><N who="3" m="39999" /><G90/><T25/><D47/><U82/><E83/><V12/><F12/><W70/><G70/><T80/><D69/><U31/><E31/><AGARI ba="1,0" hai="7,8,13,26,31,33,50,51,97,103,107" m="39999" machi="31" ten="30,1000,0" yaku="25,1" doraHai="34" who="3" fromWho="1" sc="210,0,255,-13,330,0,205,13" /><INIT seed="2,0,0,3,3,131" ten="210,242,330,218" oya="2" hai0="23,104,98,127,65,76,85,33,25,88,37,28,47" hai1="22,99,43,42,4,12,113,41,132,79,16,93,111" hai2="2,84,0,128,56,59,78,57,52,90,15,77,66" hai3="89,129,82,29,46,73,75,122,1,105,14,3,10"/><V134/><F128/><W45/><G122/><T7/><D127/><U55/><E113/><V108/><F108/><W36/><G105/><T86/><D7/><U67/><E111/><V62/><F134/><W27/><G27/><T17/><D76/><U38/><E67/><V116/><F116/><W80/><G80/><T87/><D65/><U114/><E114/><V31/><F31/><W8/><G8/><T70/><D70/><U120/><E120/><V50/><F2/><W53/><G53/><T135/><D135/><U35/><E35/><V102/><F102/><W51/><G29/><T26/><D104/><U117/><E117/><V20/><F0/><W39/><G129/><T32/><D32/><U5/><E38/><V49/><F59/><W121/><G121/><T69/><D69/><U11/><E132/><V54/><F62/><W60/><G60/><T74/><D74/><U96/><E79/><V109/><F66/><W115/><G115/><T94/><D37/><U9/><E55/><V123/><F123/><W103/><G103/><T6/><D6/><N who="1" m="2667" /><E99/><V101/><F101/><AGARI ba="0,0" hai="9,11,12,16,22,41,42,43,93,96,101" m="2667" machi="101" ten="30,2000,0" yaku="8,1,54,1" doraHai="131" who="1" fromWho="2" sc="210,0,242,20,330,-20,218,0" /><INIT seed="3,0,0,2,1,5" ten="210,262,310,218" oya="3" hai0="38,129,21,80,112,53,41,30,94,9,130,79,57" hai1="7,98,17,28,44,101,62,85,36,13,47,65,97" hai2="22,90,119,110,4,52,125,37,102,59,12,19,56" hai3="99,109,74,39,63,135,73,11,91,132,50,14,122"/><W66/><G39/><T111/><D94/><U31/><E7/><V104/><F119/><W8/><G122/><T69/><D69/><U16/><E85/><V67/><F37/><W127/><G127/><T42/><D111/><U27/><E17/><V93/><F110/><W88/><G109/><T64/><D64/><U107/><E98/><V124/><F102/><W34/><G34/><T72/><D112/><U26/><E26/><V133/><F104/><W61/><G50/><T20/><D20/><U106/><E106/><V43/><F43/><W120/><G120/><T70/><D70/><N who="1" m="42295" /><E31/><V2/><F133/><N who="3" m="51275" /><G63/><T96/><D38/><U82/><E82/><V29/><F29/><W115/><G115/><T68/><D30/><U25/><E25/><V78/><F78/><W87/><G99/><T1/><D96/><U77/><E77/><V6/><F2/><W89/><G87/><T114/><D114/><U121/><E121/><V71/><F71/><N who="3" m="42447" /><G14/><T83/><D68/><U15/><E15/><V103/><F103/><W0/><G0/><T131/><D131/><U126/><E126/><N who="2" m="48747" /><F67/><W84/><G84/><T116/><D130/><U92/><E36/><V40/><F12/><W117/><G117/><T3/><D129/><U100/><E100/><V81/><F81/><W54/><G54/><T23/><D83/><U60/><E92/><V46/><F93/><W32/><G32/><T95/><D116/><U105/><E105/><V113/><F113/><W75/><AGARI ba="0,0" hai="8,11,73,74,75,88,89,91" m="42447,51275" machi="75" ten="40,12000,1" yaku="20,1,52,2,54,1" doraHai="5" who="3" fromWho="3" sc="210,-40,262,-40,310,-40,218,120" /><INIT seed="3,1,0,0,5,72" ten="170,222,270,338" oya="3" hai0="109,83,119,84,20,0,93,46,91,103,124,49,92" hai1="95,18,133,21,47,115,57,116,121,118,25,76,110" hai2="75,86,108,12,126,102,64,81,51,106,9,11,129" hai3="24,3,5,66,16,131,69,43,111,19,44,134,113"/><W125/><G113/><T52/><D119/><N who="1" m="45611" /><E115/><V26/><F64/><W40/><G125/><T99/><D124/><U88/><E121/><V114/><F126/><W112/><G112/><T85/><D109/><U4/><E110/><V61/><F114/><W80/><G111/><T45/><D0/><U100/><E133/><V39/><F39/><W33/><G134/><T132/><D132/><U68/><E68/><V10/><F61/><W78/><G131/><T32/><D32/><U101/><E4/><V36/><F36/><W123/><G123/><T56/><REACH who="0" step="1"/><D20/><REACH who="0" ten="160,222,270,338" step="2"/><U60/><E47/><V37/><F108/><W30/><G44/><T90/><AGARI ba="1,1" hai="45,46,49,52,56,83,84,85,90,91,92,93,99,103" machi="90" ten="20,12000,2" yaku="1,1,2,1,0,1,7,1,8,1,54,1,53,0" doraHai="72" doraHaiUra="6" who="0" fromWho="0" sc="160,133,222,-31,270,-31,338,-61" /><INIT seed="4,0,0,5,1,23" ten="293,191,239,277" oya="0" hai0="75,31,58,81,74,15,34,68,123,54,87,107,93" hai1="57,29,112,42,128,71,67,12,48,63,99,117,4" hai2="28,26,64,98,1,25,18,127,79,32,130,89,50" hai3="97,9,80,2,125,118,119,55,40,86,27,133,134"/><T85/><D68/><U7/><E117/><V70/><F1/><W49/><G40/><T47/><D107/><U35/><E128/><V46/><F79/><W103/><G2/><T69/><D69/><U10/><E112/><V20/><F130/><W102/><G9/><T24/><D123/><U37/><E99/><V60/><F127/><W132/><G125/><T19/><D93/><U41/><E7/><V30/><F98/><W116/><G97/><T14/><D47/><U0/><E0/><V5/><F5/><W62/><G62/><T16/><D14/><U121/><E121/><V78/><F78/><N who="3" m="46359" /><G27/><T13/><D13/><U122/><E122/><V76/><F76/><W61/><G61/><T82/><D19/><U84/><E84/><V73/><F89/><W88/><G88/><T90/><D85/><U95/><E95/><V44/><F73/><W113/><G113/><T124/><D81/><U129/><E37/><V110/><F110/><W8/><G8/><T52/><D124/><U104/><E104/><V36/><F36/><W101/><G55/><T131/><D131/><U100/><E100/><V91/><F91/><W33/><G33/><T105/><D105/><U53/><REACH who="1" step="1"/><E129/><REACH who="1" ten="293,181,239,277" step="2"/><V45/><REACH who="2" step="1"/><F18/><REACH who="2" ten="293,181,229,277" step="2"/><W94/><G94/><T3/><D3/><U17/><E17/><V135/><F135/><W111/><G111/><T59/><D16/><U126/><E126/><V21/><F21/><W120/><G120/><T66/><D15/><U11/><E11/><V92/><F92/><W114/><G114/><T96/><D96/><U56/><E56/><V83/><F83/><RYUUKYOKU ba="0,2" sc="293,-30,181,10,229,10,277,10" hai1="4,10,12,29,35,41,42,48,53,57,63,67,71" hai2="20,25,26,28,30,32,44,45,46,50,60,64,70" hai3="49,101,102,103,116,118,119,132,133,134" /><INIT seed="5,1,2,2,2,50" ten="263,191,239,287" oya="1" hai0="5,38,119,63,44,115,9,121,54,27,101,74,84" hai1="8,34,124,76,24,59,113,125,132,66,2,106,122" hai2="25,86,58,39,131,116,28,89,57,42,118,40,80" hai3="1,32,88,103,18,123,98,36,7,79,92,13,6"/><U72/><E122/><V48/><F39/><W120/><G36/><T20/><D119/><U95/><E106/><V12/><F131/><W77/><G32/><T62/><D74/><U96/><E113/><V22/><F118/><W68/><G68/><T11/><D115/><U51/><E132/><V114/><F114/><W30/><G30/><T91/><D101/><U61/><E51/><V26/><F116/><W73/><G1/><T78/><D78/><N who="3" m="29705" /><G73/><T97/><D97/><U129/><E129/><V93/><F80/><W133/><G133/><T108/><D108/><U10/><E2/><V33/><F12/><W19/><G120/><T43/><D121/><U117/><E117/><V71/><F71/><W90/><G19/><T112/><D112/><U16/><E76/><V111/><F111/><W94/><G123/><T102/><D102/><N who="1" m="60703" /><E72/><V4/><F4/><N who="3" m="1579" /><G94/><T31/><D5/><U53/><E66/><V109/><F109/><W127/><G127/><N who="1" m="48714" /><E16/><V47/><F40/><W104/><G104/><T52/><D38/><U0/><E0/><V70/><F70/><W126/><G126/><T110/><D110/><U83/><E83/><V135/><F135/><W3/><G3/><T64/><D64/><U35/><E35/><V46/><F46/><W49/><G49/><T17/><D43/><U81/><E81/><V60/><F60/><N who="0" m="23082" /><D44/><U21/><E21/><AGARI ba="1,2" hai="13,18,21,88,90,92,98,103" m="1579,29705" machi="21" ten="30,2000,0" yaku="8,1,54,1" doraHai="50" who="3" fromWho="1" sc="263,0,191,-23,239,0,287,43" /><INIT seed="6,0,0,1,3,83" ten="263,168,239,330" oya="2" hai0="34,79,8,45,71,70,76,13,125,115,9,108,135" hai1="65,133,130,39,0,116,94,18,48,131,81,124,105" hai2="47,31,82,123,84,120,113,10,27,104,30,41,17" hai3="74,16,118,24,119,42,52,6,85,36,110,4,32"/><V40/><F104/><W3/><G74/><T75/><D34/><U109/><E116/><V97/><F97/><W50/><G110/><T60/><D108/><U67/><E109/><V127/><F127/><W78/><G36/><T107/><D107/><U91/><E105/><V92/><F92/><W57/><G118/><T22/><D22/><U99/><E39/><V80/><F113/><W15/><G3/><T90/><D90/><U128/><E0/><V12/><F80/><N who="3" m="47255" /><G32/><T23/><D23/><U1/><E1/><V19/><F19/><W117/><G117/><T11/><D11/><U21/><E124/><V66/><F66/><W73/><G73/><T68/><D9/><U26/><E133/><V56/><F56/><W77/><G77/><T58/><D71/><U114/><E114/><V103/><F103/><W88/><G24/><T134/><D70/><U100/><REACH who="1" step="1"/><E48/><REACH who="1" ten="263,158,239,330" step="2"/><V14/><F123/><W5/><G50/><T126/><D126/><U2/><E2/><V122/><F122/><W102/><G119/><T86/><D125/><U55/><E55/><V61/><F120/><W129/><G52/><T20/><D135/><U112/><E112/><V33/><F40/><W38/><G38/><T132/><D132/><U53/><E53/><V44/><F41/><W37/><G37/><T93/><D134/><U63/><E63/><V89/><F61/><W25/><G42/><T49/><D115/><U43/><E43/><V96/><F47/><W28/><G129/><T87/><D60/><U29/><E29/><V46/><F31/><W121/><G28/><T106/><D45/><RYUUKYOKU ba="0,1" sc="263,-10,158,30,239,-10,330,-10" hai1="18,21,26,65,67,81,91,94,99,100,128,130,131" /><INIT seed="7,1,1,3,5,107" ten="253,188,229,320" oya="3" hai0="118,102,135,45,124,116,113,65,33,7,25,127,17" hai1="4,40,32,130,63,46,34,76,42,50,5,125,75" hai2="59,80,3,37,98,14,96,48,133,106,23,94,66" hai3="39,29,109,123,6,28,73,30,38,36,31,131,69"/><W19/><G31/><N who="0" m="19695" /><D65/><U117/><E130/><V88/><F3/><W53/><G69/><T81/><D102/><U24/><E125/><N who="0" m="48201" /><D7/><U64/><E117/><V22/><F37/><W120/><G6/><T101/><D135/><U10/><E42/><V111/><F133/><W18/><G131/><T9/><D113/><U51/><E51/><V132/><F111/><W41/><G41/><T85/><D101/><U70/><E24/><V13/><F132/><W67/><G67/><T77/><D45/><U74/><E5/><V78/><F106/><W134/><G134/><T72/><D85/><U114/><E114/><V97/><F13/><AGARI ba="1,1" hai="9,13,17,72,77,81,116,118" m="48201,19695" machi="13" ten="30,2000,0" yaku="18,1,52,1" doraHai="107" who="0" fromWho="2" sc="253,33,188,0,229,-23,320,0" owari="286,9.0,188,-31.0,206,-19.0,320,41.0" /></mjloggm>