<mjloggm ver="2.3"><GO type="225" lobby="0"/><UN n0="%E3%82%AB%E3%83%A9%E3%82%B9%E3%81%AE%E5%AD%90" n1="%E5%B0%B1%E6%B4%BB%E7%94%9F%40%E5%B7%9D%E6%9D%91%E8%BB%8D%E5%9B%A3" n2="%68%61%6E%65%31%35%30%30" n3="%E2%99%AA%E7%B5%90%E6%9C%88%E3%82%86%E3%81%8B%E3%82%8A%E2%99%AA" dan="17,18,18,17" rate="2175.57,2163.97,2313.87,2079.25" sx="M,M,M,F"/><TAIKYOKU oya="0"/><INIT seed="0,0,0,4,4,91" ten="250,250,250,250" oya="0" hai0="72,121,134,59,5,19,31,71,107,3,48,126,75" hai1="103,15,79,66,57,25,69,90,85,47,45,84,33" hai2="93,68,26,1,133,0,127,89,52,60,135,38,123" hai3="65,24,80,110,64,58,2,21,11,101,17,76,130"/><T70/><D121/><U105/><E15/><V86/><F123/><W61/><G110/><T53/><D107/><U32/><E79/><V16/><F38/><W125/><G125/><T41/><D126/><U43/><E57/><N who="2" m="34855" /><F68/><W87/><G130/><T114/><D114/><U122/><E122/><V102/><F102/><W113/><G113/><T42/><D134/><N who="2" m="51210" /><F127/><W67/><G2/><T120/><D120/><U112/><E66/><V29/><F16/><W73/><G73/><T36/><D71/><U108/><E103/><V49/><F49/><W56/><G56/><T129/><D70/><U6/><E69/><V4/><F4/><W82/><G101/><T95/><D36/><U119/><E6/><V62/><F62/><W104/><G104/><T40/><D19/><U10/><E105/><V35/><AGARI ba="0,0" hai="0,1,26,29,35,86,89,93" m="51210,34855" machi="35" ten="30,4000,0" yaku="20,1,52,1,54,1" doraHai="91" who="2" fromWho="2" sc="250,-20,250,-10,250,40,250,-10" /><INIT seed="1,0,0,3,3,27" ten="230,240,290,240" oya="1" hai0="10,15,95,53,124,51,101,114,134,17,80,89,44" hai1="40,104,64,68,58,82,132,73,50,2,20,78,23" hai2="97,34,109,52,30,66,12,47,107,91,24,43,38" hai3="92,49,94,79,22,76,93,11,61,7,86,31,32"/><U42/><E2/><V16/><F109/><W110/><G110/><T126/><D114/><U48/><E104/><V133/><F133/><W116/><G116/><T111/><D134/><U5/><E132/><V36/><F66/><W83/><G32/><T41/><D111/><U99/><E5/><V19/><F38/><W77/><G61/><T57/><D101/><U119/><E119/><V123/><F123/><W113/><G113/><T117/><D117/><U46/><E99/><V108/><F108/><W75/><G75/><T18/><D80/><U45/><E68/><V29/><F29/><W130/><G49/><T37/><REACH who="0" step="1"/><D17/><REACH who="0" ten="220,240,290,240" step="2"/><U131/><E131/><V121/><F19/><W120/><G130/><T112/><D112/><U96/><E96/><AGARI ba="0,1" hai="10,15,18,37,41,44,51,53,57,89,95,96,124,126" machi="96" ten="40,2600,0" yaku="1,1,53,1" doraHai="27" doraHaiUra="14" who="0" fromWho="1" sc="220,36,240,-26,290,0,240,0" /><INIT seed="2,0,0,5,1,52" ten="256,214,290,240" oya="2" hai0="21,46,101,27,121,3,129,67,124,41,5,72,106" hai1="42,117,80,66,103,76,98,82,112,135,109,53,68" hai2="119,10,115,122,33,71,16,38,96,95,69,118,20" hai3="114,26,99,88,25,127,30,108,11,134,13,84,130"/><V55/><F115/><W37/><G37/><T24/><D121/><U47/><E112/><V12/><F33/><W34/><G114/><T58/><D72/><U70/><E117/><V120/><F38/><W62/><G108/><T8/><D124/><U111/><E135/><V49/><F120/><W102/><G127/><T63/><D129/><U131/><E131/><V77/><F122/><W50/><G130/><T86/><D86/><U4/><E4/><V89/><F77/><W2/><G2/><T14/><D3/><U85/><E80/><V43/><F43/><W39/><G39/><T57/><D106/><U54/><E42/><V48/><F48/><W116/><G26/><T87/><D101/><U64/><E47/><V128/><F128/><W93/><G134/><T105/><D105/><U83/><E85/><V123/><F123/><W94/><G50/><N who="0" m="26959" /><D87/><U113/><E113/><V1/><F1/><W125/><G125/><T97/><D97/><U110/><E98/><V7/><F119/><W40/><G40/><T78/><D78/><U107/><E107/><V23/><F118/><W73/><G73/><T17/><D27/><U79/><REACH who="1" step="1"/><E110/><REACH who="1" ten="256,204,290,240" step="2"/><V9/><F7/><N who="3" m="3327" /><G116/><T22/><D5/><U60/><E60/><V65/><F96/><N who="3" m="59671" /><G62/><N who="0" m="38351" /><D24/><U92/><E92/><V61/><F95/><W91/><G84/><T18/><D18/><U90/><E90/><V100/><F89/><W56/><G91/><T132/><D132/><U29/><E29/><V44/><F100/><AGARI ba="0,1" hai="53,54,64,66,68,70,76,79,82,83,100,103,109,111" machi="100" ten="25,8000,1" yaku="1,1,22,2,53,2" doraHai="52" doraHaiUra="75" who="1" fromWho="2" sc="256,0,204,90,290,-80,240,0" /><INIT seed="3,0,0,4,5,87" ten="256,294,210,240" oya="3" hai0="78,15,96,108,98,61,30,123,48,36,66,1,107" hai1="8,93,130,57,5,82,52,65,86,104,37,50,95" hai2="127,24,6,109,45,101,11,64,22,3,29,31,92" hai3="135,97,27,91,75,131,106,56,102,74,23,72,111"/><W39/><G39/><T7/><D123/><U80/><E104/><V18/><F64/><W71/><G71/><T38/><D1/><U10/><E37/><V9/><F109/><W13/><G111/><T69/><D108/><U100/><E130/><V79/><F79/><W59/><G131/><T49/><D78/><U41/><E41/><V94/><F127/><W46/><G135/><T110/><D110/><U99/><E65/><V114/><F114/><W17/><G46/><T88/><D38/><U118/><E118/><V21/><F45/><W121/><G121/><T84/><D36/><U125/><E125/><V40/><F40/><W129/><G129/><T112/><D112/><U28/><E28/><N who="2" m="10827" /><F94/><W19/><REACH who="3" step="1"/><G91/><REACH who="3" ten="256,294,210,230" step="2"/><T63/><D88/><N who="1" m="53399" /><E5/><V134/><F134/><W51/><G51/><T76/><D48/><U67/><E82/><V83/><F83/><W4/><G4/><T68/><D7/><U54/><E80/><V62/><F6/><W2/><G2/><T132/><D69/><U89/><E89/><V70/><F70/><W35/><G35/><T55/><D68/><U128/><E128/><V122/><F3/><W33/><G33/><T53/><D132/><U58/><E99/><V133/><F133/><W42/><G42/><T0/><D98/><U60/><E100/><V26/><F122/><W25/><G25/><T81/><D96/><U116/><E116/><V34/><F34/><W85/><G85/><T20/><D84/><U44/><E95/><V105/><F92/><W14/><G14/><T117/><D15/><U47/><E47/><V113/><F113/><RYUUKYOKU ba="0,1" sc="256,-15,294,15,210,-15,230,15" hai1="8,10,44,50,52,54,57,58,60,67" hai3="13,17,19,23,27,56,59,72,74,75,97,102,106" /><INIT seed="3,1,1,1,3,110" ten="241,309,195,245" oya="3" hai0="106,124,11,121,56,2,100,105,25,134,116,3,54" hai1="104,57,50,23,28,111,76,58,40,72,83,43,29" hai2="61,93,31,71,27,30,96,84,95,80,87,90,103" hai3="108,125,5,32,132,102,8,48,15,13,128,75,4"/><W7/><G75/><T0/><D121/><U47/><E111/><V18/><F71/><W107/><G108/><T69/><D116/><U98/><E43/><V55/><F18/><W118/><G118/><T113/><D69/><U63/><E58/><N who="2" m="35039" /><F27/><W101/><G107/><T99/><D106/><U89/><E23/><V126/><F126/><W82/><G32/><T1/><D124/><U35/><E35/><V97/><F84/><W85/><G125/><T41/><D134/><U17/><E17/><V10/><F10/><N who="3" m="4295" /><G132/><T86/><D41/><U39/><E39/><V22/><F22/><W81/><G5/><T36/><D36/><U131/><E131/><V117/><F117/><W44/><G128/><T34/><D11/><U88/><E104/><V26/><F26/><W127/><G127/><T38/><N who="0" m="0" /><DORA hai="74" /><T20/><D38/><U12/><E12/><V119/><F119/><W21/><G21/><T130/><D86/><N who="1" m="48487" /><E98/><V120/><F120/><W109/><G109/><T70/><D130/><U92/><E72/><V67/><F67/><W122/><G122/><T37/><D37/><U6/><E6/><V46/><F46/><W24/><G24/><T133/><D70/><U112/><E29/><V45/><F45/><W123/><G123/><T66/><D66/><U64/><E28/><V14/><F14/><W60/><G85/><T59/><D34/><U9/><E9/><V77/><F30/><W79/><G8/><T65/><D133/><U129/><E129/><V51/><F31/><W78/><G15/><T42/><D105/><U115/><E92/><V19/><F19/><RYUUKYOKU ba="1,1" sc="241,-15,309,15,195,15,245,-15" hai1="40,47,50,57,63,64,88,89,112,115" hai2="51,77,80,87,90,93,95,96,97,103" owari="226,-17.0,334,43.0,210,-29.0,230,3.0" /></mjloggm>