<mjloggm ver="2.3"><GO type="169" lobby="0"/><UN n0="%74%61%6B%75%61%6B%61" n1="%E3%83%9B%E3%83%BB%E3%82%B8%E3%83%A5%E3%83%B3" n2="%E3%83%88%E3%83%88%E3%83%AA%E5%85%88%E7%94%9F%31%39%E6%AD%B3" n3="%6A%64%75%68%67%72%79%32" dan="16,17,18,16" rate="2114.26,2218.84,2194.81,2102.27" sx="M,M,F,M"/><TAIKYOKU oya="0"/><INIT seed="0,0,0,4,3,106" ten="250,250,250,250" oya="0" hai0="72,98,74,15,41,7,40,44,60,119,104,121,100" hai1="16,111,80,13,55,110,46,77,63,17,83,71,101" hai2="56,20,42,96,29,73,133,2,52,36,37,108,127" hai3="79,69,35,85,115,116,6,12,32,82,3,112,4"/><T49/><D121/><U53/><E101/><V126/><F2/><W88/><G116/><T90/><D119/><U11/><E17/><V0/><F0/><W24/><G69/><T125/><D125/><N who="2" m="47626" /><F108/><N who="1" m="41513" /><E46/><V105/><F133/><W76/><G3/><T124/><D124/><U45/><E45/><V128/><F42/><W22/><G35/><T99/><D40/><U26/><E26/><N who="2" m="16583" /><F128/><W78/><G32/><T103/><D90/><U67/><E83/><V14/><F14/><W65/><G65/><T43/><D43/><U86/><AGARI ba="0,0" hai="11,13,16,53,55,63,67,71,77,80,86" m="41513" machi="86" ten="30,2000,0" yaku="14,1,54,1" doraHai="106" who="1" fromWho="1" sc="250,-10,250,20,250,-5,250,-5" /><INIT seed="1,0,0,4,5,11" ten="240,270,245,245" oya="1" hai0="131,105,129,116,97,113,6,62,35,55,29,15,101" hai1="37,95,2,121,78,75,107,19,22,84,103,56,65" hai2="115,26,68,74,72,82,10,94,118,20,21,81,59" hai3="117,1,77,32,7,18,89,73,127,122,43,85,24"/><U52/><E37/><V120/><F118/><W9/><G122/><T48/><D116/><U83/><E2/><V49/><F68/><W106/><G117/><T61/><D113/><U96/><E121/><V111/><F120/><W86/><G106/><T39/><D39/><U119/><E65/><V13/><F111/><W51/><G127/><T63/><D35/><U14/><E119/><V126/><F126/><W90/><G73/><T25/><D29/><U33/><E33/><V36/><F36/><W16/><G77/><T58/><REACH who="0" step="1"/><D25/><REACH who="0" ten="230,270,245,245" step="2"/><U79/><E107/><V0/><F26/><W71/><G32/><T100/><D100/><U69/><E69/><V114/><F115/><W123/><G71/><T98/><D98/><U110/><E110/><V46/><F114/><W102/><G102/><T67/><D67/><U128/><E128/><V31/><F31/><W50/><G24/><T54/><D54/><U70/><E70/><V12/><F72/><W5/><G123/><T134/><D134/><U40/><E40/><V99/><F74/><W76/><G43/><T17/><D17/><U135/><E135/><V130/><F99/><W28/><G28/><T45/><D45/><U108/><E108/><V91/><F46/><W38/><G38/><T93/><D93/><U57/><E52/><V88/><F94/><W47/><G47/><T124/><D124/><U112/><E112/><V60/><F130/><W53/><G53/><T4/><D4/><U132/><E132/><V80/><F59/><N who="1" m="22601" /><E75/><V41/><F41/><W27/><G7/><T8/><AGARI ba="0,1" hai="6,8,15,48,55,58,61,62,63,97,101,105,129,131" machi="8" ten="30,4000,0" yaku="1,1,0,1,52,1,53,0" doraHai="11" doraHaiUra="104" who="0" fromWho="0" sc="230,50,270,-20,245,-10,245,-10" /><INIT seed="2,0,0,4,5,110" ten="280,250,235,235" oya="2" hai0="25,47,130,34,88,61,68,27,123,5,49,55,135" hai1="66,101,103,102,53,127,45,33,51,117,4,10,18" hai2="1,54,21,30,19,7,3,77,104,2,37,134,31" hai3="71,124,73,84,119,113,57,116,64,38,15,23,72"/><V42/><F104/><W97/><G71/><T40/><D123/><U90/><E33/><V74/><F134/><W36/><G124/><T107/><D107/><U129/><E127/><V85/><F74/><W12/><G97/><T122/><D122/><U111/><E117/><V24/><F7/><W93/><G64/><T62/><D62/><U13/><E111/><V105/><F105/><W70/><G57/><T115/><D34/><U41/><E129/><V9/><F9/><W108/><G108/><T59/><D68/><U112/><E112/><V126/><F126/><W22/><G70/><T39/><D39/><U16/><E66/><V131/><F131/><W91/><G84/><T60/><D60/><U109/><E109/><V8/><F8/><W100/><G93/><T96/><D115/><U98/><E41/><V58/><F42/><W82/><G82/><T92/><D135/><U48/><E51/><V75/><F75/><W50/><G50/><T63/><D130/><U94/><AGARI ba="0,0" hai="4,10,13,16,18,45,48,53,90,94,98,101,102,103" machi="94" ten="30,4000,0" yaku="0,1,8,1,54,1" doraHai="110" who="1" fromWho="1" sc="280,-10,250,40,235,-20,235,-10" /><INIT seed="3,0,0,0,5,88" ten="270,290,215,225" oya="3" hai0="100,77,30,75,24,108,37,86,114,17,44,79,121" hai1="129,126,38,46,90,45,89,58,2,52,14,74,10" hai2="26,85,95,22,62,9,116,103,117,122,118,61,94" hai3="50,18,66,33,48,65,13,128,23,110,104,92,1"/><W15/><G1/><T97/><D121/><U135/><E2/><V53/><F122/><W16/><G104/><T7/><D75/><U57/><E74/><V55/><F9/><W124/><G128/><T82/><D108/><U81/><E129/><V19/><F103/><W84/><G33/><T47/><D77/><U27/><E126/><V43/><F43/><W76/><G124/><T83/><D83/><U119/><E135/><V101/><F101/><W68/><G110/><T20/><D37/><U39/><E119/><V134/><F134/><W64/><G68/><T60/><D7/><U72/><E72/><V69/><F85/><W98/><G76/><T106/><D114/><U111/><E111/><V31/><F31/><W87/><G98/><T132/><D132/><U6/><E39/><V34/><F34/><W4/><G4/><T25/><REACH who="0" step="1"/><D60/><REACH who="0" ten="260,290,215,225" step="2"/><U35/><E38/><V49/><F62/><W54/><G50/><T107/><D107/><U5/><E6/><V59/><REACH who="2" step="1"/><F69/><REACH who="2" ten="260,290,205,225" step="2"/><W63/><G63/><T109/><D109/><U70/><E70/><V3/><F3/><W123/><G123/><T8/><D8/><U120/><E10/><V130/><F130/><W113/><G113/><T112/><D112/><U73/><E120/><V105/><F105/><W115/><G115/><T40/><D40/><U11/><E11/><V67/><F67/><W56/><REACH who="3" step="1"/><G92/><REACH who="3" ten="260,290,205,215" step="2"/><T36/><D36/><U133/><E133/><V93/><F93/><W127/><G127/><T21/><AGARI ba="0,3" hai="17,20,21,24,25,30,44,47,79,82,86,97,100,106" machi="21" ten="20,8000,1" yaku="1,1,0,1,7,1,53,2" doraHai="88" doraHaiUra="41" who="0" fromWho="0" sc="260,110,290,-20,205,-20,215,-40" /><INIT seed="4,0,0,3,1,123" ten="370,270,185,175" oya="0" hai0="47,99,74,132,48,107,29,109,51,37,5,89,127" hai1="7,53,114,45,116,49,41,82,90,28,117,2,24" hai2="85,131,56,22,120,126,83,64,67,60,77,23,21" hai3="54,16,92,55,122,71,46,111,10,36,119,6,4"/><T32/><D127/><U57/><E114/><V102/><F120/><W8/><G122/><T14/><D74/><U33/><E7/><V44/><F126/><W18/><G119/><T93/><D132/><U75/><E2/><V58/><F131/><W68/><G92/><T134/><D134/><U100/><E100/><V87/><F102/><W94/><G94/><T9/><D107/><U113/><E113/><V65/><F44/><W106/><G46/><T31/><D37/><U95/><E82/><V130/><F130/><W115/><G115/><T101/><D48/><U110/><E75/><V61/><REACH who="2" step="1"/><F85/><REACH who="2" ten="370,270,175,175" step="2"/><W104/><REACH who="3" step="1"/><G36/><REACH who="3" ten="370,270,175,165" step="2"/><T96/><D47/><U63/><E110/><AGARI ba="0,2" hai="4,6,8,10,16,18,54,55,68,71,104,106,110,111" machi="110" ten="25,12000,2" yaku="1,1,2,1,22,2,52,2,54,1,53,0" doraHai="123" doraHaiUra="98" who="3" fromWho="1" sc="370,0,270,-120,175,0,165,140" /><INIT seed="5,0,0,1,3,87" ten="370,150,175,305" oya="1" hai0="38,26,125,19,102,112,54,131,108,115,65,48,116" hai1="9,32,45,2,63,20,50,13,41,86,67,34,70" hai2="49,110,128,12,11,123,46,0,57,71,114,59,10" hai3="56,66,37,72,132,80,14,27,100,118,90,85,22"/><U60/><E2/><V24/><F123/><W53/><G37/><T106/><D38/><U15/><E63/><V77/><F110/><W28/><G132/><T21/><D108/><U39/><E39/><V78/><F71/><W42/><G118/><T76/><D116/><U117/><E117/><V119/><F119/><W31/><G72/><T4/><D125/><U98/><E98/><V83/><F128/><W95/><G42/><T96/><D131/><U55/><E55/><V6/><F114/><N who="0" m="43562" /><D65/><U113/><E113/><V81/><F24/><W104/><G104/><T30/><D76/><N who="2" m="29290" /><F10/><W107/><G107/><T75/><D4/><U62/><E62/><V84/><F0/><W101/><G66/><T93/><D75/><U105/><E105/><V8/><F8/><W16/><G80/><N who="2" m="30793" /><F84/><W92/><G92/><T64/><D93/><U79/><E79/><V52/><AGARI ba="0,0" hai="6,11,12,46,49,52,57,59" m="30793,29290" machi="52" ten="30,2000,0" yaku="8,1,54,1" doraHai="87" who="2" fromWho="2" sc="370,-5,150,-10,175,20,305,-5" /><INIT seed="6,0,0,4,2,82" ten="365,140,195,300" oya="2" hai0="105,134,110,65,109,35,22,38,15,20,9,25,114" hai1="91,117,112,87,83,21,16,67,13,79,0,11,68" hai2="58,122,66,61,94,95,39,129,85,99,18,4,24" hai3="36,86,43,10,135,1,48,75,100,97,51,63,72"/><V93/><F122/><W111/><G111/><T103/><D38/><U33/><E33/><V124/><F39/><W53/><G135/><T80/><D65/><U133/><E117/><V107/><F129/><W74/><G36/><T56/><D56/><U49/><E133/><V123/><F123/><W78/><G43/><T120/><D120/><U130/><E130/><V101/><F124/><W57/><G10/><T50/><D50/><U113/><E49/><V30/><F4/><W17/><G17/><T59/><D59/><U89/><E0/><V73/><F73/><W12/><G12/><T37/><D37/><U106/><E106/><V55/><F18/><W26/><G26/><T60/><D60/><U102/><E102/><V119/><F119/><W19/><G19/><T8/><D80/><U115/><REACH who="1" step="1"/><E11/><REACH who="1" ten="365,130,195,300" step="2"/><V2/><F2/><W90/><G1/><T64/><D8/><U70/><E70/><V96/><F107/><W27/><G100/><T121/><D103/><U69/><E69/><V77/><F101/><W84/><G51/><T81/><D105/><U88/><E88/><V42/><F42/><W52/><G48/><T41/><D134/><U45/><E45/><V128/><F128/><W116/><G90/><T127/><D41/><U118/><E118/><V46/><F46/><W34/><G116/><T76/><D109/><U71/><E71/><V32/><F32/><W5/><G34/><T126/><D110/><U40/><E40/><V47/><F47/><W28/><G57/><T7/><D35/><U62/><AGARI ba="0,1" hai="13,16,21,62,67,68,79,83,87,89,91,112,113,115" machi="62" ten="40,8000,1" yaku="1,1,0,1,15,1,52,1,54,1,53,0" doraHai="82" doraHaiUra="54" who="1" fromWho="1" sc="365,-20,130,90,195,-40,300,-20" /><INIT seed="7,0,0,0,3,37" ten="345,220,155,280" oya="3" hai0="67,27,40,53,20,95,7,52,35,116,63,1,68" hai1="134,58,124,106,114,5,3,100,97,102,90,14,77" hai2="108,64,11,39,104,10,126,103,87,45,22,56,33" hai3="50,117,28,78,75,82,88,105,51,115,84,133,17"/><W15/><G117/><T71/><D71/><U61/><E3/><V19/><F108/><W81/><G115/><T31/><D116/><U85/><E114/><V47/><F33/><W121/><G121/><T54/><D40/><U129/><E129/><V23/><F126/><W57/><G133/><T123/><D123/><U130/><E130/><V24/><F104/><W132/><G132/><T46/><D95/><U44/><E124/><V76/><F103/><W69/><G69/><T26/><D1/><U55/><E134/><V128/><F128/><W119/><G119/><T92/><D7/><U86/><E100/><V113/><F113/><W125/><G125/><T32/><D92/><U73/><E44/><V94/><F39/><W30/><G105/><T131/><D131/><U59/><E59/><V66/><F45/><W122/><G122/><T89/><D89/><U107/><E107/><V72/><F72/><W21/><G51/><T96/><D96/><U79/><E86/><V112/><F112/><W12/><G12/><T6/><D6/><U41/><E73/><V2/><F2/><W62/><REACH who="3" step="1"/><G50/><REACH who="3" ten="345,220,155,270" step="2"/><T13/><D13/><U91/><E14/><N who="2" m="9591" /><F47/><W29/><G29/><T118/><D118/><U49/><E106/><V120/><F120/><W9/><G9/><N who="2" m="3081" /><F56/><W127/><G127/><T8/><D46/><U109/><E58/><V48/><F48/><W36/><G36/><T98/><D68/><U101/><E49/><V110/><F110/><W65/><AGARI ba="0,1" hai="15,17,21,28,30,57,62,65,75,78,81,82,84,88" machi="65" ten="20,7800,0" yaku="1,1,0,1,7,1,54,1,53,0" doraHai="37" doraHaiUra="135" who="3" fromWho="3" sc="345,-26,220,-26,155,-26,270,88" owari="319,12.0,194,-21.0,129,-37.0,358,46.0" /></mjloggm>