<mjloggm ver="2.3"><GO type="41" lobby="0"/><UN n0="%E5%B0%8F%E8%92%94%38%E5%BE%92%73%61%6B%69" n1="%E5%B0%B1%E6%B4%BB%E7%94%9F%40%E5%B7%9D%E6%9D%91%E8%BB%8D%E5%9B%A3" n2="%73%67%66%74%64" n3="%E3%82%AA%E3%82%AC%E3%83%B3%E3%83%80%E3%83%A0" dan="13,17,13,14" rate="1806.81,2171.75,1918.12,1935.10" sx="F,M,M,M"/><TAIKYOKU oya="0"/><INIT seed="0,0,0,4,3,31" ten="250,250,250,250" oya="0" hai0="87,77,76,9,11,2,59,118,68,113,19,80,120" hai1="25,10,116,95,74,91,43,121,58,130,0,54,67" hai2="89,23,125,69,52,38,20,62,3,16,49,109,63" hai3="131,40,70,61,79,110,56,17,32,112,115,129,47"/><T36/><D36/><U119/><E121/><V88/><F3/><W96/><G79/><T72/><D120/><U5/><E74/><V14/><F38/><N who="3" m="21911" /><G32/><T94/><D118/><U28/><E130/><N who="3" m="49674" /><G17/><T65/><D113/><U60/><E43/><V81/><F125/><W75/><G96/><T66/><D68/><U44/><E44/><N who="2" m="27687" /><F69/><W122/><G75/><T39/><D39/><U93/><E93/><V24/><F109/><W37/><G122/><T35/><D35/><U106/><E106/><V34/><F34/><W117/><G110/><T71/><D71/><U134/><E134/><V41/><F41/><W102/><G102/><T7/><D94/><U85/><REACH who="1" step="1"/><E67/><REACH who="1" ten="250,240,250,250" step="2"/><V83/><F81/><W135/><G135/><T124/><D124/><U30/><E30/><N who="2" m="17671" /><F83/><W55/><G117/><T84/><D72/><U86/><E86/><V45/><F45/><W100/><G70/><T33/><D65/><U29/><E29/><V18/><F18/><W12/><G112/><T111/><D111/><U53/><E53/><V105/><F105/><W133/><G55/><T123/><D123/><U82/><E82/><V99/><F99/><W90/><G133/><T98/><D98/><U114/><E114/><V103/><F103/><W127/><G100/><T6/><D66/><U48/><E48/><V107/><F107/><W64/><G64/><T101/><D19/><U57/><E57/><V46/><F46/><W1/><G56/><T42/><D59/><U132/><E132/><V126/><F126/><W8/><G127/><T78/><D42/><U21/><AGARI ba="0,1" hai="0,5,10,21,25,28,54,58,60,85,91,95,116,119" machi="21" ten="20,2700,0" yaku="1,1,0,1,7,1,53,0" doraHai="31" doraHaiUra="128" who="1" fromWho="1" sc="250,-13,240,37,250,-7,250,-7" /><INIT seed="1,0,0,4,1,103" ten="237,277,243,243" oya="1" hai0="93,47,9,10,2,87,3,112,56,107,122,13,28" hai1="62,58,61,26,110,121,97,129,92,40,95,96,133" hai2="20,44,117,66,54,46,98,119,65,19,76,126,63" hai3="52,73,132,51,125,41,4,71,127,124,55,34,29"/><U39/><E121/><V22/><F126/><W16/><G73/><T114/><D107/><U80/><E129/><V85/><F98/><W68/><G4/><T12/><D28/><U102/><E133/><V35/><F35/><W0/><G0/><T101/><D122/><U108/><E80/><V24/><F22/><W135/><G29/><T100/><D47/><U109/><E26/><V59/><F117/><W23/><G34/><T37/><D56/><U75/><E75/><V105/><F105/><W94/><G94/><T82/><D93/><U6/><E6/><V53/><F119/><W43/><G55/><N who="2" m="21001" /><F66/><W67/><G67/><T70/><D82/><AGARI ba="0,0" hai="19,20,24,44,46,59,63,65,76,82,85" m="21001" machi="82" ten="30,1000,0" yaku="8,1" doraHai="103" who="2" fromWho="0" sc="237,-10,277,0,243,10,243,0" /><INIT seed="2,0,0,0,0,44" ten="227,277,253,243" oya="2" hai0="52,50,10,46,37,8,88,1,62,132,49,101,99" hai1="36,93,122,53,38,54,96,76,42,112,75,100,19" hai2="89,63,57,107,128,20,43,7,6,30,102,34,111" hai3="110,32,65,131,5,3,12,108,117,104,55,114,126"/><V85/><F128/><W45/><G117/><T39/><D132/><U26/><E112/><V90/><F34/><W116/><G32/><T123/><D123/><U16/><E122/><V27/><F107/><W67/><G104/><T113/><D113/><U70/><E70/><V56/><F43/><W71/><G3/><T35/><D35/><U18/><E26/><V23/><F111/><W79/><G79/><T82/><D1/><U109/><E42/><V74/><F102/><W64/><G71/><T91/><D82/><U51/><E54/><N who="2" m="34199" /><F74/><W94/><G94/><N who="0" m="58615" /><D37/><U133/><E109/><V68/><F68/><W22/><G64/><T127/><D39/><U130/><E130/><V121/><F121/><W14/><G65/><T118/><D118/><U80/><REACH who="1" step="1"/><E133/><REACH who="1" ten="227,267,253,243" step="2"/><V86/><F57/><AGARI ba="0,1" hai="16,18,19,36,38,51,53,57,75,76,80,93,96,100" machi="57" ten="40,8000,1" yaku="1,1,2,1,52,1,54,1,53,1" doraHai="44" doraHaiUra="105" who="1" fromWho="2" sc="227,0,267,90,253,-80,243,0" /><INIT seed="3,0,0,1,5,134" ten="227,357,173,243" oya="3" hai0="83,107,71,35,31,127,92,131,0,123,126,116,4" hai1="38,99,64,13,57,93,55,62,65,11,40,16,78" hai2="27,96,128,110,90,100,23,84,70,8,75,61,46" hai3="108,47,33,49,7,37,129,6,9,26,53,52,51"/><W106/><G106/><T10/><D71/><U1/><E1/><V73/><F128/><W21/><G37/><T85/><D107/><U25/><E78/><V43/><F110/><W69/><G69/><T72/><D123/><U130/><E130/><V14/><F70/><W60/><G129/><T98/><D116/><U28/><E40/><V118/><F61/><W30/><G60/><T76/><D131/><U79/><E79/><V102/><F118/><W36/><G36/><T133/><D133/><U41/><E41/><V29/><F102/><W3/><G7/><T132/><D132/><U63/><E63/><V86/><F86/><W19/><G108/><T67/><D67/><U82/><E82/><V17/><F46/><W135/><G135/><T103/><D35/><U97/><E97/><V34/><F34/><W112/><G112/><T74/><REACH who="0" step="1"/><D31/><REACH who="0" ten="217,357,173,243" step="2"/><U89/><E38/><V15/><F43/><W113/><G113/><T109/><D109/><U120/><E120/><V58/><F73/><AGARI ba="0,1" hai="0,4,10,72,73,74,76,83,85,92,98,103,126,127" machi="73" ten="40,5200,0" yaku="1,1,52,2,53,0" doraHai="134" doraHaiUra="24" who="0" fromWho="2" sc="217,62,357,0,173,-52,243,0" /><INIT seed="4,0,0,1,4,69" ten="279,357,121,243" oya="0" hai0="80,90,88,78,112,46,49,23,101,10,105,25,135" hai1="87,73,42,133,92,4,94,7,24,62,17,12,28" hai2="106,56,41,34,116,5,122,115,86,93,30,110,100" hai3="29,59,32,108,91,75,0,109,33,89,53,65,121"/><T84/><D112/><U131/><E73/><V103/><F110/><W114/><G114/><T74/><D135/><U113/><E131/><V66/><F122/><W99/><G75/><T55/><D10/><U44/><E133/><V19/><F115/><W22/><G0/><T38/><D38/><U104/><E104/><V95/><F116/><W16/><G65/><T18/><REACH who="0" step="1"/><D74/><REACH who="0" ten="269,357,121,243" step="2"/><U76/><E7/><V81/><F106/><W14/><G108/><T118/><D118/><U36/><E4/><V111/><F111/><W6/><G109/><T58/><D58/><U123/><E36/><V127/><F127/><W61/><G6/><T35/><D35/><U102/><E113/><V60/><F41/><W77/><G32/><T47/><D47/><U124/><E42/><V130/><F130/><W97/><G33/><T129/><D129/><U9/><E44/><V71/><F5/><W54/><G59/><T13/><D13/><U64/><E12/><V96/><F71/><W126/><G14/><T20/><D20/><U51/><E9/><V45/><F45/><W117/><G22/><T98/><AGARI ba="0,1" hai="18,23,25,46,49,55,78,80,84,88,90,98,101,105" machi="98" ten="30,6000,0" yaku="1,1,0,1,54,1,53,0" doraHai="69" doraHaiUra="2" who="0" fromWho="0" sc="269,70,357,-20,121,-20,243,-20" /><INIT seed="4,1,0,2,0,42" ten="339,337,101,223" oya="0" hai0="118,88,133,48,106,81,26,5,90,98,58,23,46" hai1="95,43,61,37,111,112,104,29,55,89,121,134,85" hai2="70,10,45,103,135,3,109,124,63,75,44,33,54" hai3="21,62,60,40,15,32,69,73,24,1,105,84,113"/><T50/><D118/><U27/><E111/><V19/><F33/><W9/><G113/><T11/><D133/><U87/><E104/><V68/><F75/><W108/><G73/><T53/><D106/><U4/><E121/><V51/><F109/><W125/><G125/><T129/><D129/><U35/><E134/><V97/><F124/><W120/><G105/><T119/><D119/><U16/><E4/><V114/><F135/><W12/><G12/><N who="0" m="5231" /><D81/><U25/><E112/><V131/><F131/><W128/><G1/><T30/><D98/><U100/><E100/><V18/><F114/><W116/><G32/><T94/><D94/><U76/><E76/><V7/><F63/><W34/><G60/><T8/><D8/><U74/><E74/><V82/><F82/><W127/><G62/><T39/><D39/><U13/><E27/><V17/><REACH who="2" step="1"/><F44/><REACH who="2" ten="339,337,91,223" step="2"/><W52/><G127/><T80/><D80/><U20/><E35/><V123/><F123/><W71/><G34/><T38/><D38/><U86/><E61/><V56/><F56/><W115/><G115/><T79/><D79/><U77/><E37/><V2/><F2/><W66/><G128/><T28/><D30/><U110/><E77/><V96/><F96/><W65/><G108/><T93/><D93/><AGARI ba="1,1" hai="3,7,10,17,18,19,45,51,54,68,70,93,97,103" machi="93" ten="40,5200,0" yaku="1,1,52,1,53,1" doraHai="42" doraHaiUra="91" who="2" fromWho="0" sc="339,-55,337,0,91,65,223,0" /><INIT seed="5,0,0,1,1,73" ten="284,337,156,223" oya="1" hai0="67,5,29,122,112,30,55,96,32,38,87,3,79" hai1="133,37,34,7,128,102,8,107,81,130,97,10,15" hai2="61,60,26,134,126,103,69,24,101,35,18,125,78" hai3="106,132,85,4,75,104,95,33,114,40,129,117,41"/><U43/><E34/><V116/><F116/><W71/><G71/><T22/><D38/><U19/><E133/><V74/><F69/><W127/><G33/><T92/><D122/><U98/><E98/><V113/><F35/><W9/><G75/><T12/><D112/><U51/><E37/><V28/><F134/><W89/><G114/><T20/><D32/><U16/><E19/><V118/><F118/><W91/><G132/><T80/><D3/><U94/><E107/><V123/><F123/><W119/><G127/><N who="2" m="48649" /><F113/><W90/><G129/><T70/><D70/><U21/><E81/><N who="2" m="45271" /><F18/><W124/><G124/><T48/><D67/><U68/><E68/><V57/><F60/><W66/><G66/><T131/><D131/><N who="1" m="50219" /><E7/><V17/><F17/><W120/><G120/><T59/><D5/><U25/><E25/><N who="2" m="9835" /><F28/><N who="0" m="10858" /><D12/><U65/><E65/><AGARI ba="0,0" hai="57,61,65,101,103" m="9835,45271,48649" machi="65" ten="30,2000,0" yaku="18,1,52,1" doraHai="73" who="2" fromWho="1" sc="284,0,337,-20,156,20,223,0" /><INIT seed="6,0,0,3,5,75" ten="284,317,176,223" oya="2" hai0="58,46,45,115,106,18,30,131,77,88,133,57,92" hai1="72,84,82,62,39,93,111,3,36,63,4,87,86" hai2="117,42,29,35,96,6,25,100,95,31,32,14,8" hai3="119,132,127,47,37,85,134,120,53,80,107,27,122"/><V128/><F42/><W83/><G107/><T49/><D106/><U105/><E105/><V97/><F117/><W81/><G119/><T44/><D115/><U22/><E111/><V20/><F128/><W60/><G127/><T102/><D131/><U129/><E129/><V23/><REACH who="2" step="1"/><F97/><REACH who="2" ten="284,317,166,223" step="2"/><W17/><G120/><T9/><D133/><U0/><E39/><V55/><F55/><W54/><G122/><T34/><D102/><U24/><E36/><V68/><F68/><W26/><G37/><T135/><D135/><U56/><E72/><V89/><F89/><W76/><G53/><T70/><D70/><U99/><E99/><V91/><F91/><W103/><G132/><T104/><D104/><U7/><E86/><V21/><F21/><W108/><G134/><T73/><D73/><U74/><E87/><V112/><F112/><W19/><G103/><T118/><D118/><U51/><E84/><V64/><F64/><W52/><G54/><T94/><D88/><U66/><E66/><V78/><F78/><W38/><G38/><T16/><D77/><U33/><E22/><V124/><F124/><W10/><G85/><T101/><D101/><U79/><E79/><V67/><F67/><W113/><G76/><T13/><D34/><U40/><E74/><V28/><F28/><W126/><G126/><T43/><D30/><U11/><E40/><V109/><F109/><W50/><G113/><T110/><D110/><U2/><E33/><V65/><F65/><W90/><G90/><T121/><D43/><U15/><E82/><N who="3" m="31850" /><G108/><T69/><D69/><U71/><E71/><RYUUKYOKU ba="0,1" sc="284,-10,317,-10,166,30,223,-10" hai2="6,8,14,20,23,25,29,31,32,35,95,96,100" /><INIT seed="6,1,1,1,2,54" ten="274,307,196,213" oya="2" hai0="106,10,6,58,92,116,5,24,122,112,70,40,35" hai1="111,46,83,113,28,84,45,52,97,34,48,120,88" hai2="96,119,73,102,49,82,77,98,133,115,39,114,132" hai3="124,21,89,86,27,38,55,33,3,75,78,7,26"/><V117/><F39/><W110/><G110/><T121/><D106/><U104/><E111/><V131/><F49/><W19/><G124/><T135/><D70/><U76/><E113/><N who="2" m="43019" /><F131/><W134/><G134/><N who="2" m="51817" /><F98/><W80/><G38/><T108/><D112/><U41/><E120/><V1/><F1/><W17/><G7/><T118/><D108/><U65/><E65/><V130/><F130/><W0/><G33/><T53/><D92/><AGARI ba="1,1" hai="73,77,82,92,96,102,117,119" m="51817,43019" machi="92" ten="30,11600,0" yaku="15,1,20,1,34,2" doraHai="54" who="2" fromWho="0" sc="274,-119,307,0,196,129,213,0" /><INIT seed="6,2,0,4,4,91" ten="155,307,325,213" oya="2" hai0="65,29,75,18,23,94,5,126,46,33,7,1,44" hai1="31,51,121,69,19,56,114,0,78,32,131,99,9" hai2="116,39,38,8,41,89,45,97,135,88,30,92,28" hai3="127,101,48,58,119,93,118,16,34,128,21,26,84"/><V20/><F116/><W71/><G71/><T10/><D75/><U72/><E69/><V85/><F135/><W25/><G128/><T4/><D65/><U17/><E78/><V109/><F109/><W22/><G127/><T96/><D126/><U81/><E81/><V112/><F112/><W24/><G34/><T6/><D44/><U50/><E72/><V11/><F38/><W120/><G26/><N who="0" m="18615" /><D46/><U14/><E0/><V100/><F89/><W80/><G120/><T90/><D4/><U12/><E99/><V76/><F76/><W123/><G123/><T122/><D122/><U60/><E131/><V104/><REACH who="2" step="1"/><F30/><REACH who="2" ten="155,307,315,213" step="2"/><W103/><G118/><T98/><D96/><U64/><E31/><V79/><F79/><W47/><G119/><T86/><D98/><U61/><E114/><V67/><F67/><W3/><G103/><T74/><D74/><U83/><E121/><V133/><F133/><W36/><G101/><T27/><D27/><AGARI ba="2,1" hai="8,11,20,27,28,39,41,45,85,88,92,97,100,104" machi="27" ten="40,12000,1" yaku="1,1,52,1,54,1,53,1" doraHai="91" doraHaiUra="70" who="2" fromWho="0" sc="155,-126,307,0,315,136,213,0" /><INIT seed="6,3,0,5,3,45" ten="29,307,451,213" oya="2" hai0="60,31,107,28,52,108,130,58,114,96,1,122,127" hai1="118,5,44,115,11,87,64,35,103,65,19,98,48" hai2="8,16,61,91,73,30,75,74,49,131,21,81,77" hai3="69,7,134,62,66,67,79,120,70,71,29,94,6"/><V106/><F106/><W18/><G120/><T20/><D1/><U24/><E115/><V105/><F105/><W102/><G134/><T32/><D122/><U72/><E72/><V25/><F131/><W112/><G112/><T68/><D108/><U95/><E87/><V38/><F38/><W3/><G79/><T54/><D114/><U55/><E118/><V89/><F61/><W116/><G29/><T13/><D32/><U126/><E126/><V26/><F8/><W104/><G104/><T78/><D130/><U125/><E125/><V135/><F135/><W40/><G40/><T43/><D68/><U101/><E101/><V4/><F4/><W123/><G3/><T41/><D127/><U23/><REACH who="1" step="1"/><E35/><REACH who="1" ten="29,297,451,213" step="2"/><V15/><F74/><W12/><G102/><T42/><D107/><U80/><E80/><V63/><F75/><W57/><G116/><T2/><D2/><AGARI ba="3,1" hai="2,5,11,19,23,24,44,48,55,64,65,95,98,103" machi="2" ten="30,3900,0" yaku="1,1,7,1,52,1,53,0" doraHai="45" doraHaiUra="27" who="1" fromWho="0" sc="29,-48,297,58,451,0,213,0" owari="-19,-52.0,355,16.0,451,55.0,213,-19.0" /></mjloggm>