<mjloggm ver="2.3"><GO type="169" lobby="0"/><UN n0="%E4%BB%B2%E5%B7%9D%E7%BF%94" n1="%E3%82%A6%E3%83%AB%E3%83%88%E3%83%A9%E7%AB%8B%E7%9B%B4" n2="%58%63%65%6C%6C%69%6E%67" n3="%E3%82%A2%E3%83%95%E3%83%AA%E3%82%AB" dan="16,18,17,16" rate="2088.10,2189.97,2106.40,2110.15" sx="M,M,M,M"/><TAIKYOKU oya="0"/><INIT seed="0,0,0,4,1,107" ten="250,250,250,250" oya="0" hai0="30,76,9,126,95,101,132,74,20,8,6,39,5" hai1="42,108,55,37,12,105,115,45,22,97,113,102,120" hai2="106,131,75,84,0,25,28,109,124,44,86,79,51" hai3="127,7,21,72,54,128,11,96,3,63,43,57,53"/><T129/><D39/><U17/><E120/><V94/><F109/><W98/><G127/><T23/><D126/><U59/><REACH who="1" step="1"/><E108/><REACH who="1" ten="250,240,250,250" step="2"/><V50/><F124/><W4/><G128/><T81/><D129/><U103/><E103/><V65/><F131/><W1/><G72/><T68/><D132/><U69/><E69/><V70/><F75/><W100/><G100/><T88/><D68/><U62/><AGARI ba="0,1" hai="12,17,22,37,42,45,55,59,62,97,102,105,113,115" machi="62" ten="30,4000,0" yaku="1,1,0,1,53,1" doraHai="107" doraHaiUra="71" who="1" fromWho="1" sc="250,-20,240,50,250,-10,250,-10" /><INIT seed="1,0,0,1,5,58" ten="230,290,240,240" oya="1" hai0="79,30,21,78,12,70,8,100,1,43,84,107,82" hai1="54,46,4,77,9,36,45,37,0,125,83,50,114" hai2="24,104,103,11,23,86,69,76,2,47,108,116,64" hai3="59,13,61,5,41,118,117,25,28,33,7,126,18"/><U35/><E35/><V51/><F116/><N who="3" m="44651" /><G41/><T49/><D107/><U19/><E114/><V109/><F103/><W120/><G120/><T56/><D100/><U48/><E19/><V26/><F104/><W92/><G92/><T89/><D70/><U42/><REACH who="1" step="1"/><E125/><REACH who="1" ten="230,280,240,240" step="2"/><V110/><F108/><W122/><G126/><T124/><D124/><U133/><E133/><V73/><F109/><W66/><G122/><T132/><D132/><U98/><E98/><V27/><F110/><W29/><G29/><T3/><D30/><U127/><E127/><V106/><F106/><W129/><G129/><T32/><D32/><U22/><E22/><AGARI ba="0,1" hai="5,7,13,18,22,25,28,33,59,61,66" m="44651" machi="22" ten="30,2000,0" yaku="12,1,52,1" doraHai="58" who="3" fromWho="1" sc="230,0,280,-20,240,0,240,30" /><INIT seed="2,0,0,2,2,47" ten="230,260,240,270" oya="2" hai0="85,97,72,108,132,131,133,95,23,129,104,74,63" hai1="112,123,39,89,60,113,128,119,20,79,118,50,25" hai2="22,134,130,111,116,62,27,61,86,18,11,15,94" hai3="49,83,87,88,105,68,52,70,57,13,101,125,45"/><V84/><F116/><W106/><G125/><T82/><D104/><U43/><E79/><V21/><F134/><N who="0" m="51818" /><D23/><U102/><E102/><V10/><F130/><N who="0" m="49674" /><D63/><N who="2" m="24074" /><F111/><W33/><G33/><T12/><D12/><U53/><E20/><V124/><F124/><W0/><G0/><T54/><D54/><U8/><E25/><V7/><F11/><W32/><G32/><T5/><D5/><U73/><E8/><V48/><F22/><W66/><G13/><T80/><D108/><U107/><E107/><V117/><F117/><W120/><G105/><T135/><D135/><U16/><E60/><V28/><F7/><W51/><G66/><T31/><D31/><U65/><E65/><V64/><F64/><W100/><G120/><T115/><D115/><U44/><E123/><V77/><F21/><W42/><REACH who="3" step="1"/><G106/><REACH who="3" ten="230,260,240,260" step="2"/><T30/><D30/><U122/><E122/><V3/><F28/><W99/><G99/><T59/><D59/><U93/><E119/><V121/><F15/><W46/><G46/><T40/><D40/><U9/><E118/><V92/><F121/><W127/><G127/><T37/><D37/><U34/><E128/><V17/><F3/><W91/><G91/><N who="0" m="53743" /><D97/><N who="1" m="57519" /><E34/><V14/><F14/><W103/><AGARI ba="0,1" hai="42,45,49,51,52,57,68,70,83,87,88,100,101,103" machi="103" ten="30,12000,2" yaku="1,1,0,1,52,2,54,2,53,0" doraHai="47" doraHaiUra="4" who="3" fromWho="3" sc="230,-30,260,-30,240,-60,260,130" /><INIT seed="3,0,0,4,1,131" ten="200,230,180,390" oya="3" hai0="2,30,18,70,34,114,78,72,31,77,127,82,13" hai1="95,5,62,130,1,3,104,102,105,28,134,24,128" hai2="22,43,111,25,11,19,52,15,92,58,16,6,41" hai3="9,119,33,57,36,45,93,108,14,84,75,132,91"/><W27/><G75/><T86/><D70/><U126/><E62/><V109/><F92/><W66/><G119/><T48/><D2/><U74/><E74/><V88/><F6/><W64/><G108/><N who="2" m="41545" /><F88/><W7/><G132/><T73/><D114/><U56/><E95/><V63/><AGARI ba="0,0" hai="11,15,16,19,22,25,41,43,52,58,63" m="41545" machi="63" ten="30,4000,0" yaku="14,1,54,2" doraHai="131" who="2" fromWho="2" sc="200,-10,230,-10,180,40,390,-20" /><INIT seed="4,0,0,4,0,74" ten="190,220,220,370" oya="0" hai0="20,40,125,133,79,19,128,87,60,65,78,99,37" hai1="64,38,4,16,58,62,69,116,110,34,112,1,48" hai2="42,111,15,82,21,46,8,9,120,25,43,66,108" hai3="132,13,94,18,67,114,29,54,88,14,121,41,123"/><T104/><D125/><U102/><E34/><V44/><F120/><N who="3" m="46155" /><G114/><T7/><D7/><U31/><E110/><V124/><F124/><W113/><G113/><T52/><D128/><U51/><E31/><V50/><F66/><W81/><G41/><T92/><D133/><U57/><E112/><V131/><F131/><W11/><G67/><T90/><D40/><U86/><E4/><V129/><F129/><W118/><G29/><T122/><D37/><U97/><E1/><V95/><F95/><W91/><G118/><T55/><D122/><U115/><E38/><V17/><F82/><W85/><G14/><T68/><D104/><U47/><E116/><V103/><F103/><W2/><G2/><T45/><D87/><U22/><E86/><V80/><F80/><W96/><G54/><T77/><REACH who="0" step="1"/><D45/><REACH who="0" ten="180,220,220,370" step="2"/><U76/><E47/><V105/><F105/><W73/><G73/><T24/><AGARI ba="0,1" hai="19,20,24,52,55,60,65,68,77,78,79,90,92,99" machi="24" ten="30,18000,2" yaku="1,1,2,1,0,1,52,3,54,1,53,0" doraHai="74" doraHaiUra="106" who="0" fromWho="0" sc="180,190,220,-60,220,-60,370,-60" /><INIT seed="4,1,0,1,4,26" ten="370,160,160,310" oya="0" hai0="90,124,61,121,100,126,55,64,85,68,101,18,99" hai1="93,19,84,67,89,6,10,77,46,130,34,30,24" hai2="87,65,12,52,66,108,0,92,107,21,128,53,4" hai3="96,40,97,91,60,94,106,110,29,113,114,98,36"/><T109/><D121/><U58/><E130/><V103/><F107/><W104/><G60/><T44/><D109/><U134/><E134/><V9/><F128/><W56/><G56/><T49/><D18/><U88/><E77/><V57/><F108/><W95/><G110/><T75/><D75/><U123/><E123/><V132/><F132/><W51/><G51/><T11/><D11/><U116/><E116/><V54/><F57/><W70/><G70/><T83/><REACH who="0" step="1"/><D101/><REACH who="0" ten="360,160,160,310" step="2"/><U43/><E19/><V111/><F111/><W8/><G8/><T131/><D131/><U63/><E10/><V122/><F103/><W76/><G114/><T71/><D71/><U115/><E115/><V73/><F73/><W135/><G135/><T59/><D59/><U2/><E6/><V7/><F122/><W48/><G113/><T82/><D82/><U133/><E133/><V13/><F4/><W79/><G106/><AGARI ba="1,1" hai="44,49,55,61,64,68,83,85,90,99,100,106,124,126" machi="106" ten="40,2000,0" yaku="1,1,53,0" doraHai="26" doraHaiUra="39" who="0" fromWho="3" sc="360,33,160,0,160,0,310,-23" /><INIT seed="4,2,0,1,1,45" ten="393,160,160,287" oya="0" hai0="93,54,98,14,7,59,71,116,133,1,134,57,53" hai1="2,120,135,127,99,115,126,112,75,60,6,88,29" hai2="24,38,3,65,37,62,69,10,51,66,28,96,58" hai3="20,77,129,111,70,39,89,78,64,68,108,40,124"/><T114/><D71/><U32/><E75/><V72/><F72/><W61/><G124/><N who="1" m="47658" /><E120/><V74/><F74/><W90/><G129/><T50/><D1/><U67/><E135/><N who="0" m="51721" /><D116/><U8/><E29/><V30/><F30/><W18/><G70/><T84/><D84/><U132/><E32/><V117/><F117/><W23/><G23/><T25/><D25/><U101/><E132/><V102/><F65/><W87/><G90/><N who="0" m="55607" /><D114/><N who="1" m="43563" /><E88/><V52/><F10/><W16/><G111/><T130/><D130/><U12/><E12/><V128/><F3/><W85/><G85/><T33/><D14/><U42/><E42/><V46/><F128/><W103/><G40/><T110/><D110/><U34/><E34/><N who="2" m="20743" /><F46/><W113/><G113/><T118/><D33/><U47/><E47/><V83/><F83/><W36/><G108/><T43/><D43/><U63/><E67/><V15/><F15/><W41/><G41/><T21/><D118/><U125/><N who="1" m="47666" /><U100/><DORA hai="81" /><E100/><V92/><F38/><W91/><G39/><T86/><D21/><U35/><E35/><V109/><F37/><W19/><G103/><T94/><D86/><U27/><E27/><V13/><F13/><W26/><G36/><T22/><D22/><U44/><E44/><V9/><F109/><W106/><G87/><T121/><D121/><U80/><E80/><V55/><F66/><W82/><G82/><T11/><D11/><U31/><E31/><V122/><F9/><W76/><G64/><T4/><D94/><AGARI ba="2,0" hai="2,6,8,60,63,94,99,101" m="43563,47666" machi="94" ten="40,5200,0" yaku="18,1,15,1,11,1" doraHai="45,81" who="1" fromWho="0" sc="393,-58,160,58,160,0,287,0" /><INIT seed="5,0,0,0,2,27" ten="335,218,160,287" oya="1" hai0="37,67,8,73,53,9,129,126,109,47,32,46,101" hai1="40,38,70,76,104,118,116,16,95,62,84,77,66" hai2="97,115,78,135,23,28,125,35,87,108,68,81,51" hai3="43,80,2,93,58,120,90,124,86,59,111,91,94"/><U50/><E104/><V123/><F108/><W74/><G111/><T79/><D109/><U21/><E38/><V52/><F123/><W14/><G2/><T117/><D32/><U26/><E95/><V105/><F68/><W83/><G124/><T41/><D67/><U71/><E71/><V119/><F125/><W99/><G120/><T19/><D101/><U45/><REACH who="1" step="1"/><E84/><REACH who="1" ten="335,208,160,287" step="2"/><V56/><F105/><W24/><G86/><T60/><D126/><U33/><E33/><V0/><F35/><W49/><G94/><T130/><D37/><U103/><E103/><V18/><F119/><AGARI ba="0,1" hai="16,21,26,40,45,50,62,66,70,76,77,116,118,119" machi="119" ten="40,3900,0" yaku="1,1,54,1,53,0" doraHai="27" doraHaiUra="25" who="1" fromWho="2" sc="335,0,208,49,160,-39,287,0" /><INIT seed="5,1,0,5,0,76" ten="335,257,121,287" oya="1" hai0="113,94,44,110,64,115,8,125,5,120,86,4,47" hai1="82,117,49,98,25,103,71,134,129,48,54,28,50" hai2="12,83,131,66,43,40,124,73,93,61,135,31,84" hai3="107,96,1,32,21,55,65,105,118,17,88,127,22"/><U60/><E117/><V16/><F135/><W132/><G132/><T81/><D110/><U108/><E134/><V38/><F124/><W114/><G32/><T77/><D125/><U56/><E108/><V59/><F131/><W116/><G1/><T18/><D64/><U6/><E6/><V58/><F38/><W0/><G0/><T68/><D68/><U133/><E133/><V89/><F31/><W36/><G36/><T109/><D109/><U95/><E129/><V91/><F59/><W3/><G3/><T90/><D18/><U14/><E14/><V37/><F37/><W19/><G127/><T97/><D120/><U111/><E111/><V130/><F130/><W62/><G55/><T85/><D97/><U7/><E7/><N who="0" m="2633" /><D8/><U75/><E71/><V87/><F73/><W53/><G53/><T26/><D26/><U99/><E99/><V51/><F51/><W74/><G74/><T41/><D41/><U39/><E39/><V123/><F123/><W27/><G107/><T102/><D102/><U29/><REACH who="1" step="1"/><E25/><REACH who="1" ten="335,247,121,287" step="2"/><V15/><REACH who="2" step="1"/><F12/><REACH who="2" ten="335,247,111,287" step="2"/><W45/><G118/><T128/><D128/><U121/><E121/><V33/><F33/><W13/><G116/><T35/><D35/><U78/><AGARI ba="1,2" hai="28,29,48,49,50,54,56,60,75,78,82,95,98,103" machi="78" ten="30,6000,0" yaku="1,1,0,1,52,1,53,0" doraHai="76" doraHaiUra="2" who="1" fromWho="1" sc="335,-21,247,83,111,-21,287,-21" /><INIT seed="5,2,0,5,0,119" ten="314,330,90,266" oya="1" hai0="43,1,108,26,54,84,128,21,72,81,91,24,100" hai1="118,86,75,71,13,135,124,34,95,70,80,103,39" hai2="45,4,3,20,131,48,64,115,85,32,92,105,133" hai3="10,7,30,106,99,42,19,132,88,11,67,51,50"/><U37/><E118/><V130/><F105/><W113/><G113/><T33/><D1/><U68/><E34/><V49/><F32/><W73/><G73/><T28/><D108/><U125/><E75/><V102/><F115/><W31/><G132/><T79/><D128/><U101/><E13/><V16/><F133/><W60/><G106/><T0/><D0/><U58/><E58/><V110/><F110/><W35/><G19/><T27/><D43/><U2/><E2/><V23/><F64/><W47/><G51/><T112/><D112/><U87/><E135/><V94/><F4/><W93/><G35/><T76/><D76/><U98/><E103/><V5/><F5/><W121/><G121/><T123/><D123/><U55/><E55/><V104/><F3/><W29/><REACH who="3" step="1"/><G7/><REACH who="3" ten="314,330,90,256" step="2"/><T53/><D33/><U83/><E37/><V36/><F36/><W18/><G18/><T63/><D72/><U25/><E39/><V107/><F104/><W41/><G41/><T134/><D134/><U89/><REACH who="1" step="1"/><E25/><REACH who="1" ten="314,320,90,256" step="2"/><V44/><F131/><W117/><G117/><T129/><D129/><U46/><E46/><V69/><F130/><W9/><G9/><T78/><D27/><U40/><E40/><V127/><F44/><W6/><G6/><T122/><D26/><U15/><E15/><V12/><F45/><W14/><G14/><T62/><D24/><U59/><E59/><AGARI ba="2,2" hai="10,11,29,30,31,42,47,50,59,60,67,88,93,99" machi="59" ten="40,5200,0" yaku="1,1,8,1,54,1,53,0" doraHai="119" doraHaiUra="66" who="3" fromWho="1" sc="314,0,320,-58,90,0,256,78" /><INIT seed="6,0,0,5,3,18" ten="314,262,90,334" oya="2" hai0="48,50,94,132,95,67,120,104,60,80,127,52,128" hai1="15,69,55,73,96,37,8,131,130,23,10,81,30" hai2="14,74,85,125,98,13,92,16,84,93,6,133,19" hai3="46,126,22,51,82,5,43,122,40,105,57,112,117"/><V65/><F74/><W99/><G122/><T44/><D104/><U68/><E37/><V88/><F133/><W49/><G117/><T41/><D132/><U91/><E55/><V118/><F125/><W97/><G126/><T34/><D34/><U53/><E53/><V58/><F118/><W106/><G5/><T35/><D35/><U78/><E91/><N who="2" m="55615" /><F6/><W38/><G82/><T9/><D120/><U87/><E96/><N who="2" m="57351" /><F14/><W0/><G0/><T4/><D80/><U12/><E73/><V20/><F19/><W17/><G38/><T108/><D108/><U25/><E12/><V71/><F71/><W21/><G17/><T32/><D32/><U33/><E33/><V29/><F29/><W76/><G76/><T110/><D128/><N who="1" m="49195" /><E10/><V62/><AGARI ba="0,0" hai="13,16,20,58,62,65,84,85" m="57351,55615" machi="62" ten="30,11700,0" yaku="8,1,52,1,54,2" doraHai="18" who="2" fromWho="2" sc="314,-39,262,-39,90,117,334,-39" /><INIT seed="6,1,0,1,4,72" ten="275,223,207,295" oya="2" hai0="111,73,57,23,7,22,5,56,47,133,94,29,36" hai1="110,42,33,78,91,58,99,130,134,102,74,125,11" hai2="104,131,15,13,21,0,120,32,85,55,39,37,108" hai3="52,8,20,118,84,107,6,51,46,9,19,12,109"/><V26/><F120/><W93/><G107/><T16/><D111/><U96/><E33/><V71/><F104/><W45/><G109/><T79/><D133/><U97/><E110/><V17/><F108/><W28/><G118/><T18/><D29/><U60/><E134/><V35/><F71/><W4/><G45/><T10/><D94/><U69/><E69/><V67/><F67/><W98/><G84/><T132/><D5/><N who="3" m="2153" /><G28/><T89/><D89/><AGARI ba="1,0" hai="8,9,12,19,20,46,51,52,89,93,98" m="2153" machi="89" ten="30,2000,0" yaku="8,1,54,1" doraHai="72" who="3" fromWho="0" sc="275,-23,223,0,207,0,295,23" /><INIT seed="7,0,0,5,2,84" ten="252,223,207,318" oya="3" hai0="11,60,55,1,68,127,10,52,125,6,93,90,112" hai1="13,120,98,118,92,132,107,99,114,24,20,17,111" hai2="69,46,61,74,76,115,36,43,30,25,41,105,28" hai3="119,14,58,49,15,122,94,27,72,89,95,7,73"/><W47/><G122/><T67/><D11/><N who="1" m="6335" /><E107/><V135/><F115/><W54/><G119/><T121/><D121/><U123/><E111/><V21/><F135/><W130/><G130/><T29/><D29/><N who="1" m="17543" /><E114/><V5/><F105/><W37/><G95/><T87/><REACH who="0" step="1"/><D112/><REACH who="0" ten="242,223,207,318" step="2"/><U109/><E123/><V48/><F30/><W56/><G7/><T101/><D101/><U131/><E120/><V62/><F5/><W50/><G37/><T12/><D12/><U3/><E118/><V133/><F133/><W117/><G117/><T22/><D22/><U124/><E132/><V18/><F28/><W45/><G27/><T19/><D19/><U51/><E131/><V38/><F69/><W35/><G35/><T71/><D71/><U83/><E3/><V40/><F38/><W91/><G15/><T102/><D102/><U116/><E116/><V66/><F36/><W26/><G14/><T32/><D32/><U85/><E109/><V53/><REACH who="2" step="1"/><F66/><REACH who="2" ten="242,223,197,318" step="2"/><W57/><G26/><T104/><D104/><U126/><E126/><AGARI ba="0,2" hai="1,6,10,52,55,60,67,68,87,90,93,125,126,127" machi="126" ten="40,8000,1" yaku="1,1,18,1,52,1,54,1,53,1" doraHai="84" doraHaiUra="88" who="0" fromWho="1" sc="242,100,223,-80,197,0,318,0" owari="342,44.0,143,-36.0,197,-20.0,318,12.0" /></mjloggm>