<mjloggm ver="2.3"><GO type="169" lobby="0"/><UN n0="%E3%82%A6%E3%83%AB%E3%83%88%E3%83%A9%E7%AB%8B%E7%9B%B4" n1="%E3%83%84%E3%83%AC%E3%82%AA" n2="%E7%A0%B2%E3%81%AE%E4%B8%8A%E3%81%AE%E3%81%82%E3%81%AE%E5%A8%98" n3="%2E%53%61%69" dan="17,17,16,17" rate="2127.61,2218.48,2134.60,2173.33" sx="M,M,F,M"/><TAIKYOKU oya="0"/><INIT seed="0,0,0,5,5,43" ten="250,250,250,250" oya="0" hai0="5,63,13,8,88,2,51,65,20,104,108,125,50" hai1="111,129,60,133,67,91,44,39,25,49,24,119,132" hai2="62,32,99,23,86,96,82,97,89,115,46,54,73" hai3="47,0,114,126,45,124,80,81,6,110,116,98,22"/><T106/><D125/><N who="3" m="48233" /><G116/><T71/><D108/><U77/><E119/><V90/><F115/><W66/><G114/><T36/><D36/><U55/><E111/><V118/><F118/><W15/><G110/><T17/><D50/><U31/><E129/><V64/><F32/><W123/><G123/><T33/><D51/><U130/><E130/><V38/><F73/><W19/><G66/><T35/><D35/><U84/><E77/><V69/><F23/><W74/><G98/><T68/><D68/><U121/><E39/><V101/><F89/><W48/><G48/><T92/><REACH who="0" step="1"/><D33/><REACH who="0" ten="240,250,250,250" step="2"/><U76/><E121/><V134/><F134/><W87/><G74/><T1/><D1/><U131/><E133/><V127/><F127/><W95/><G95/><T70/><D70/><U128/><E132/><V94/><REACH who="2" step="1"/><F54/><REACH who="2" ten="240,250,240,250" step="2"/><W122/><G122/><T75/><D75/><U42/><E131/><V120/><F120/><W34/><G34/><T26/><D26/><U93/><E128/><V9/><F9/><N who="3" m="2247" /><G81/><T72/><D72/><U103/><E55/><V28/><F28/><W4/><G4/><T56/><D56/><U100/><E25/><V78/><F78/><AGARI ba="0,2" hai="15,19,22,45,47,78,80,87" m="2247,48233" machi="78" ten="30,3900,0" yaku="18,1,52,2" doraHai="43" who="3" fromWho="2" sc="240,0,250,0,240,-39,250,59" /><INIT seed="1,0,0,4,1,36" ten="240,250,201,309" oya="1" hai0="98,18,93,4,82,110,32,20,69,29,50,59,130" hai1="41,103,1,76,80,84,100,55,52,57,109,35,135" hai2="51,107,85,10,92,7,99,94,63,132,11,49,68" hai3="39,114,118,111,43,58,133,30,53,56,25,113,125"/><U47/><E135/><V81/><F132/><W83/><G133/><T12/><D69/><U62/><E1/><V117/><F117/><W121/><G121/><T86/><D130/><U9/><E9/><V79/><F107/><W126/><G118/><T65/><D110/><U97/><E35/><V115/><F115/><W8/><G8/><T31/><D4/><U120/><E120/><V77/><F77/><W26/><G83/><T74/><D74/><U90/><E109/><V127/><F127/><N who="3" m="48651" /><G111/><T131/><D32/><U22/><E55/><V67/><F92/><W2/><G2/><T104/><D104/><U124/><E124/><V108/><F108/><W64/><G26/><T34/><D34/><U128/><E128/><V73/><F73/><W46/><G25/><T44/><D131/><U42/><E22/><V116/><F116/><W105/><G30/><T27/><D27/><U61/><E61/><V106/><F106/><W0/><G0/><T89/><D59/><U70/><E70/><V66/><F66/><W45/><G105/><T6/><D65/><U14/><E14/><V48/><REACH who="2" step="1"/><F7/><REACH who="2" ten="240,250,191,309" step="2"/><W87/><G64/><T72/><D72/><U112/><E112/><N who="3" m="43114" /><G87/><T75/><D75/><U91/><E97/><V119/><F119/><W16/><G16/><T101/><REACH who="0" step="1"/><D6/><REACH who="0" ten="230,250,191,309" step="2"/><U3/><E3/><V5/><F5/><W134/><G134/><T40/><AGARI ba="0,2" hai="12,18,20,29,31,40,44,50,82,86,89,93,98,101" machi="40" ten="20,12000,2" yaku="1,1,2,1,0,1,7,1,8,1,52,1,53,1" doraHai="36" doraHaiUra="19" who="0" fromWho="0" sc="230,140,250,-60,191,-30,309,-30" /><INIT seed="2,0,0,2,1,23" ten="370,190,161,279" oya="2" hai0="47,106,80,95,22,7,10,65,56,116,3,89,114" hai1="128,109,69,90,12,78,6,40,9,130,28,77,132" hai2="34,84,131,15,83,71,72,21,134,125,135,24,63" hai3="117,75,98,48,52,74,32,107,94,76,16,42,97"/><V108/><F72/><W51/><G117/><T19/><D106/><U103/><E69/><V133/><F125/><W88/><G32/><T5/><D114/><U92/><E103/><V118/><F118/><W115/><G115/><T1/><D116/><U33/><E109/><V35/><F131/><W38/><G38/><T127/><D127/><U17/><E132/><V96/><F96/><W29/><G29/><T30/><D80/><U50/><E33/><V61/><F108/><W67/><G67/><T79/><D79/><U119/><E28/><N who="2" m="17423" /><F15/><W14/><G42/><T45/><D30/><U120/><E119/><V31/><F71/><W129/><G51/><T59/><D5/><U44/><E120/><V26/><F35/><W73/><G129/><N who="1" m="49770" /><E6/><V68/><F68/><W104/><G76/><AGARI ba="0,0" hai="26,31,34,61,63,76,83,84,133,134,135" m="17423" machi="76" ten="30,5800,0" yaku="20,1,52,2" doraHai="23" who="2" fromWho="3" sc="370,0,190,0,161,58,279,-58" /><INIT seed="2,1,0,4,5,47" ten="370,190,219,221" oya="2" hai0="65,9,91,119,125,87,133,44,41,76,69,110,4" hai1="74,128,26,48,71,5,1,70,39,21,115,116,130" hai2="82,93,131,83,98,54,68,124,32,81,22,8,61" hai3="3,99,36,84,0,89,49,20,33,42,103,85,122"/><V123/><F123/><W45/><G33/><T94/><D110/><U126/><E39/><V17/><F32/><W101/><G122/><T107/><D107/><U35/><E115/><V67/><F131/><W86/><G89/><T66/><D125/><U30/><E116/><V46/><F124/><W64/><G64/><T29/><D119/><U16/><E126/><V58/><F8/><W12/><G36/><T19/><D133/><U114/><E114/><V6/><F6/><W127/><G127/><T95/><D29/><U108/><E108/><V92/><F46/><W11/><G20/><T23/><D69/><U78/><E78/><V118/><F118/><W34/><G34/><T77/><D95/><U15/><E74/><V53/><F68/><W13/><G103/><T132/><D132/><U96/><E96/><V18/><F92/><W104/><REACH who="3" step="1"/><G13/><REACH who="3" ten="370,190,219,211" step="2"/><T25/><D66/><U100/><E100/><N who="2" m="60495" /><F17/><AGARI ba="1,1" hai="0,3,11,12,17,42,45,49,84,85,86,99,101,104" machi="17" ten="40,2600,0" yaku="1,1,52,1,53,0" doraHai="47" doraHaiUra="2" who="3" fromWho="2" sc="370,0,190,0,219,-29,211,39" /><INIT seed="3,0,0,5,0,108" ten="370,190,190,250" oya="3" hai0="120,8,114,95,56,102,134,38,55,130,20,59,23" hai1="21,79,33,88,24,9,118,36,76,15,62,82,100" hai2="40,66,122,39,44,48,91,22,73,99,61,105,65" hai3="35,132,60,37,52,121,67,42,31,110,34,16,74"/><W5/><G121/><T81/><D38/><U90/><E118/><V97/><F73/><W71/><G5/><T75/><D120/><U96/><E36/><V78/><F78/><W111/><G74/><T80/><D75/><U53/><E33/><V1/><F1/><W47/><G132/><T43/><D43/><U83/><E62/><V86/><F122/><W11/><G31/><T30/><D134/><U28/><E53/><V92/><F22/><W68/><G68/><T84/><D130/><U133/><E133/><V25/><F25/><W101/><G101/><T129/><D129/><U64/><E64/><V98/><F105/><W85/><G85/><T89/><D114/><U46/><E46/><V3/><F3/><W106/><G106/><T19/><D59/><U58/><E58/><V94/><F39/><W119/><G52/><T63/><D30/><U127/><E127/><V13/><F13/><N who="3" m="7231" /><G119/><T93/><D8/><U57/><E57/><N who="2" m="37039" /><F66/><W72/><G72/><T17/><D17/><U131/><E131/><V113/><F113/><W116/><G116/><T87/><D20/><U107/><E79/><V109/><F109/><AGARI ba="0,0" hai="34,35,37,42,47,60,67,71,109,110,111" m="7231" machi="109" ten="30,5800,0" yaku="14,1,10,1,54,1" doraHai="108" who="3" fromWho="2" sc="370,0,190,0,190,-58,250,58" /><INIT seed="3,1,0,4,3,99" ten="370,190,132,308" oya="3" hai0="49,44,4,122,52,26,53,115,71,135,11,84,10" hai1="56,108,120,57,61,97,126,0,58,34,47,28,62" hai2="106,43,88,70,109,35,87,32,64,23,130,124,12" hai3="93,105,19,133,27,16,111,134,128,129,91,68,82"/><W50/><G105/><T15/><D71/><U101/><E120/><V1/><F1/><W45/><G68/><T40/><D122/><U131/><E0/><V55/><F109/><W54/><G82/><T48/><D135/><N who="3" m="51721" /><G111/><T117/><D117/><U46/><E108/><V41/><F106/><W36/><G36/><T67/><D115/><U9/><E9/><V132/><F132/><W25/><G25/><T59/><D67/><U85/><E131/><N who="3" m="50250" /><G27/><T89/><D26/><U78/><E28/><V83/><F70/><W103/><G103/><T94/><D11/><U96/><E34/><V75/><F35/><W17/><G17/><T73/><D73/><U21/><E21/><V98/><F32/><W118/><G118/><T30/><D30/><U125/><E78/><V86/><F130/><W5/><G5/><T6/><D6/><U18/><E18/><V24/><F124/><W20/><G20/><T116/><D116/><U65/><E125/><V90/><F24/><W72/><G72/><T51/><REACH who="0" step="1"/><D59/><REACH who="0" ten="360,190,132,308" step="2"/><U74/><E58/><V79/><F75/><W114/><G114/><T102/><D102/><U80/><E74/><V77/><F64/><W112/><G112/><T119/><D119/><U76/><E126/><V39/><F39/><AGARI ba="1,1" hai="4,10,15,39,40,44,48,49,51,52,53,84,89,94" machi="39" ten="40,2600,0" yaku="1,1,54,1,53,0" doraHai="99" doraHaiUra="60" who="0" fromWho="2" sc="360,39,190,0,132,-29,308,0" /><INIT seed="4,0,0,3,1,53" ten="399,190,103,308" oya="0" hai0="75,125,32,15,78,59,6,74,25,51,18,103,97" hai1="28,107,16,98,73,4,118,96,41,102,87,72,71" hai2="33,62,105,52,37,31,81,129,11,43,133,24,65" hai3="94,42,26,83,76,122,13,109,80,100,40,114,8"/><T5/><D125/><U130/><E130/><V131/><F133/><W7/><G114/><T132/><D132/><U57/><E71/><V121/><F121/><W66/><G109/><T116/><D116/><U63/><E118/><V112/><F112/><W0/><G122/><T35/><D6/><U113/><E113/><V64/><F105/><W126/><G126/><T29/><D5/><U49/><E28/><V89/><F11/><W56/><G0/><T21/><D35/><U22/><E4/><V55/><F37/><W27/><G42/><T108/><D108/><U95/><E87/><N who="2" m="50415" /><F43/><W127/><G127/><T30/><D30/><U90/><E49/><V50/><F50/><W54/><G66/><N who="2" m="25705" /><F62/><W12/><G40/><T86/><D86/><U1/><E41/><V82/><F82/><W91/><G83/><T99/><D78/><U124/><E1/><V88/><F88/><W77/><G80/><T106/><REACH who="0" step="1"/><D99/><REACH who="0" ten="389,190,103,308" step="2"/><U70/><E124/><V111/><F111/><W34/><G34/><T46/><D46/><U14/><REACH who="1" step="1"/><E70/><REACH who="1" ten="389,180,103,308" step="2"/><V69/><F69/><W3/><G7/><T117/><D117/><U134/><E134/><V60/><F60/><W101/><G77/><T36/><D36/><U128/><E128/><AGARI ba="0,2" hai="24,31,33,52,55,128,129,131" m="25705,50415" machi="128" ten="30,2000,0" yaku="19,1,54,1" doraHai="53" who="2" fromWho="1" sc="389,0,180,-20,103,40,308,0" /><INIT seed="5,0,0,0,1,48" ten="389,160,143,308" oya="1" hai0="4,106,79,91,109,56,120,84,12,102,98,99,63" hai1="134,110,127,64,35,93,133,31,97,96,89,82,25" hai2="72,124,78,114,67,76,3,122,1,60,23,135,29" hai3="37,132,51,129,94,131,75,66,117,81,5,28,18"/><U101/><E127/><V32/><F122/><W0/><G37/><T123/><D109/><U85/><E110/><V53/><F32/><W108/><G108/><T52/><D79/><U10/><E64/><V74/><F124/><W121/><G121/><N who="0" m="46667" /><D99/><U128/><E128/><V6/><F135/><W41/><G94/><N who="0" m="54631" /><D12/><U55/><E10/><V17/><F29/><W113/><G18/><T16/><D16/><U11/><E11/><V21/><F114/><W130/><G66/><T44/><D44/><U105/><REACH who="1" step="1"/><E55/><REACH who="1" ten="389,150,143,308" step="2"/><V111/><F111/><W104/><G129/><T27/><D4/><U2/><E2/><V59/><F1/><W77/><G130/><T62/><D52/><U115/><E115/><V58/><F3/><W49/><G113/><T40/><D40/><U83/><E83/><V70/><F6/><W22/><G41/><T119/><D119/><U45/><E45/><V116/><F116/><W34/><G5/><T8/><D8/><U125/><E125/><V24/><F72/><W15/><G0/><T26/><D56/><U42/><E42/><V73/><F74/><W57/><G57/><T7/><D7/><U112/><E112/><V118/><F73/><W100/><G131/><T88/><D63/><U87/><E87/><V30/><F118/><W39/><G117/><T33/><D62/><U50/><E50/><N who="2" m="31031" /><F70/><W80/><G75/><T14/><D98/><U107/><E107/><V47/><F47/><W69/><G51/><T71/><D106/><U61/><E61/><V103/><F103/><AGARI ba="0,1" hai="25,31,35,82,85,89,93,96,97,101,103,105,133,134" machi="103" ten="40,7700,0" yaku="1,1,53,2" doraHai="48" doraHaiUra="95" who="1" fromWho="2" sc="389,0,150,87,143,-77,308,0" /><INIT seed="5,1,0,4,2,122" ten="389,237,66,308" oya="1" hai0="19,112,30,45,53,125,28,101,73,123,24,55,6" hai1="88,120,102,89,84,23,110,134,4,98,58,67,107" hai2="109,133,26,1,68,25,37,0,38,7,49,105,74" hai3="118,132,91,128,79,75,12,87,22,42,46,116,34"/><U8/><E120/><V14/><F105/><W39/><G34/><T103/><D73/><U16/><E134/><V40/><F133/><W15/><G132/><T85/><D123/><U33/><E33/><V44/><F74/><W94/><G128/><T96/><D112/><U127/><E127/><V93/><F93/><W13/><G75/><T77/><D6/><U18/><E110/><V86/><F68/><W90/><G79/><T27/><D19/><U11/><E11/><V69/><F69/><W71/><G71/><T56/><D45/><U17/><E23/><V41/><F86/><W59/><G59/><T97/><D85/><U80/><E58/><V131/><F131/><W60/><G60/><T95/><D77/><U130/><E130/><V114/><F114/><W72/><G72/><T100/><D56/><U2/><REACH who="1" step="1"/><E67/><REACH who="1" ten="389,227,66,308" step="2"/><V78/><F78/><AGARI ba="1,1" hai="2,4,8,16,17,18,78,80,84,88,89,98,102,107" machi="78" ten="40,12000,1" yaku="1,1,2,1,54,2,53,0" doraHai="122" doraHaiUra="61" who="1" fromWho="2" sc="389,0,227,133,66,-123,308,0" owari="389,49.0,360,16.0,-57,-56.0,308,-9.0" /></mjloggm>