<mjloggm ver="2.3"><GO type="225" lobby="0"/><UN n0="%E3%82%A6%E3%83%AB%E3%83%88%E3%83%A9%E7%AB%8B%E7%9B%B4" n1="%E4%BA%8C%E4%BB%A3%E7%9B%AE%E3%82%A2%E3%83%A1%E3%83%96%E3%83%A9" n2="%E5%8F%8B%E6%B2%A2" n3="%E3%83%AA%E3%83%81%E3%83%A3%21%21" dan="17,17,16,17" rate="2151.78,2225.11,2155.04,2137.93" sx="M,M,M,M"/><TAIKYOKU oya="0"/><INIT seed="0,0,0,5,3,115" ten="250,250,250,250" oya="0" hai0="113,104,131,77,94,30,112,107,38,67,29,133,87" hai1="119,64,73,42,101,61,55,20,123,24,44,54,111" hai2="114,124,46,97,13,127,90,89,81,5,135,121,51" hai3="99,102,93,34,35,129,41,134,31,109,10,85,21"/><T17/><D38/><U32/><E123/><V106/><F114/><N who="0" m="44138" /><D67/><U43/><E73/><V116/><F121/><W27/><G109/><T23/><D77/><U132/><E32/><V18/><F135/><W58/><G134/><T110/><D87/><U0/><E0/><V57/><F57/><W28/><G129/><T75/><D94/><U100/><E132/><V22/><F5/><W105/><G41/><T2/><D75/><U47/><E111/><V12/><F12/><W25/><G10/><T82/><D82/><U7/><E7/><V108/><F108/><W36/><G36/><T130/><D2/><U95/><E119/><V68/><F68/><W66/><G105/><N who="0" m="40523" /><D110/><U103/><E95/><V118/><F106/><W37/><G85/><T50/><D50/><U84/><E84/><N who="2" m="50319" /><F90/><W128/><G37/><T96/><D96/><U26/><E43/><N who="2" m="25055" /><F97/><W59/><G128/><N who="0" m="49195" /><D133/><U1/><E1/><V45/><F45/><W126/><G59/><T60/><D60/><U16/><E47/><V8/><F8/><W9/><G9/><T15/><AGARI ba="0,0" hai="15,17,23,29,30" m="49195,40523,44138" machi="15" ten="40,2100,0" yaku="19,1" doraHai="115" who="0" fromWho="0" sc="250,21,250,-7,250,-7,250,-7" /><INIT seed="0,1,0,5,0,123" ten="271,243,243,243" oya="0" hai0="135,2,122,87,24,82,95,22,40,11,78,118,15" hai1="77,10,48,1,84,93,19,56,16,85,20,51,23" hai2="76,104,81,60,105,99,4,128,96,35,66,124,92" hai3="110,12,88,100,47,114,109,0,8,117,131,115,90"/><T53/><D122/><U34/><E34/><V59/><F35/><W119/><G47/><T39/><D118/><N who="3" m="45065" /><G100/><T44/><D135/><U38/><E38/><V32/><F32/><W52/><G52/><T97/><D53/><N who="1" m="31783" /><E1/><V101/><F128/><W30/><G131/><T37/><D2/><U69/><E69/><V134/><F124/><W126/><G126/><T83/><D83/><N who="1" m="47215" /><E51/><V106/><F134/><W55/><G55/><T98/><D39/><U91/><E10/><V74/><REACH who="2" step="1"/><F4/><REACH who="2" ten="271,243,233,243" step="2"/><N who="3" m="3079" /><G0/><T58/><D58/><U5/><E5/><V21/><F21/><AGARI ba="1,1" hai="16,19,20,21,23,85,91,93" m="47215,31783" machi="21" ten="30,2000,0" yaku="8,1,54,1" doraHai="123" who="1" fromWho="2" sc="271,0,243,33,233,-23,243,0" /><INIT seed="1,0,0,4,1,134" ten="271,276,210,243" oya="1" hai0="105,83,113,100,62,109,64,48,19,3,23,97,69" hai1="51,104,99,68,28,84,96,15,44,110,57,70,20" hai2="26,82,10,33,92,53,49,52,22,58,74,126,56" hai3="54,0,119,118,35,76,8,122,37,43,63,30,38"/><U87/><E57/><V12/><F33/><W103/><G122/><T107/><D113/><U78/><E110/><V133/><F133/><W115/><G115/><T46/><D3/><U93/><E104/><V114/><F114/><W120/><G120/><T17/><D109/><U90/><E87/><V79/><F126/><W7/><G103/><T77/><D23/><U9/><E70/><V13/><F92/><W2/><G76/><T131/><D131/><U116/><E68/><V95/><F10/><W81/><G81/><T5/><D5/><U61/><E61/><V124/><F124/><W34/><G0/><T75/><REACH who="0" step="1"/><D107/><REACH who="0" ten="261,276,210,243" step="2"/><U127/><E127/><V14/><F95/><W65/><G2/><T112/><D112/><U88/><E116/><V129/><F129/><W39/><G7/><T73/><D73/><U86/><E20/><V130/><F130/><W108/><G108/><T85/><D85/><U123/><E123/><V67/><F67/><W40/><G119/><T60/><D60/><U135/><E135/><V41/><F12/><W24/><G118/><T91/><D91/><U18/><E78/><V72/><F72/><W55/><G35/><T80/><D80/><N who="1" m="49223" /><E28/><V101/><F101/><W16/><G63/><T132/><D132/><U1/><E1/><V36/><F22/><W31/><G31/><T106/><D106/><U89/><E89/><V42/><F26/><W6/><G65/><T11/><D11/><U4/><E4/><V25/><F25/><W111/><G111/><T98/><D98/><U29/><E29/><V121/><F121/><W27/><G27/><RYUUKYOKU ba="0,1" sc="261,15,276,15,210,-15,243,-15" hai0="17,19,46,48,62,64,69,75,77,83,97,100,105" hai1="9,15,18,44,51,84,90,93,96,99" /><INIT seed="1,1,1,0,0,25" ten="276,291,195,228" oya="1" hai0="22,103,65,49,69,26,133,16,64,87,111,37,78" hai1="123,105,129,33,42,38,106,82,134,5,132,29,77" hai2="35,91,122,120,96,70,51,94,112,88,89,100,84" hai3="109,56,85,48,71,15,67,75,27,63,58,24,41"/><U31/><E123/><V135/><F70/><W21/><G75/><T8/><D37/><U55/><E129/><V2/><F2/><W74/><G74/><T117/><D117/><U99/><E5/><V9/><F9/><W86/><G71/><T23/><D69/><U4/><E4/><V11/><F11/><W46/><G109/><T66/><D111/><U3/><E3/><V108/><F108/><W20/><G58/><T81/><D133/><N who="1" m="51307" /><E33/><V52/><F135/><W18/><REACH who="3" step="1"/><G15/><REACH who="3" ten="276,291,195,218" step="2"/><N who="0" m="7271" /><D103/><N who="1" m="62719" /><E106/><V118/><F118/><W116/><G116/><T115/><D115/><U7/><E7/><V97/><F112/><W43/><G43/><T57/><D26/><U53/><E42/><V76/><F122/><W39/><G39/><T6/><D6/><U34/><E38/><V19/><F120/><W102/><G102/><T101/><D101/><U92/><E34/><V1/><F35/><W47/><G47/><T73/><D73/><N who="1" m="43311" /><E92/><N who="2" m="58407" /><F1/><W40/><G40/><T128/><D128/><U80/><E80/><N who="2" m="47111" /><F19/><AGARI ba="1,2" hai="18,19,20,21,24,27,41,46,48,56,63,67,85,86" machi="19" ten="30,8000,1" yaku="1,1,7,1,9,1,8,1,53,1" doraHai="25" doraHaiUra="62" who="3" fromWho="2" sc="276,0,291,0,195,-83,218,103" /><INIT seed="2,0,0,2,0,107" ten="276,291,112,321" oya="2" hai0="30,20,11,9,63,65,10,88,60,12,15,126,74" hai1="57,76,106,82,5,113,43,59,109,120,96,62,33" hai2="25,53,100,16,90,51,118,45,95,70,102,89,27" hai3="56,80,123,52,54,77,98,87,18,99,17,46,93"/><V108/><F118/><W36/><G123/><T103/><D126/><U129/><E113/><V13/><F70/><W47/><G36/><T24/><D103/><N who="2" m="39466" /><F108/><W124/><G124/><T8/><D74/><U3/><E106/><V71/><F71/><W32/><G32/><T117/><D117/><U0/><E33/><V66/><F66/><W50/><G47/><T133/><D133/><U121/><E109/><V83/><F95/><W97/><REACH who="3" step="1"/><G93/><REACH who="3" ten="276,291,112,311" step="2"/><T23/><D65/><U29/><E120/><V112/><F112/><W61/><AGARI ba="0,1" hai="17,18,46,50,52,54,56,61,77,80,87,97,98,99" machi="61" ten="30,8000,1" yaku="1,1,2,1,0,1,8,1,54,1,53,0" doraHai="107" doraHaiUra="125" who="3" fromWho="3" sc="276,-20,291,-20,112,-40,311,90" /><INIT seed="3,0,0,5,2,2" ten="256,271,72,401" oya="3" hai0="102,97,93,105,16,81,91,34,32,77,40,43,46" hai1="59,1,86,51,26,98,107,6,3,41,12,20,29" hai2="58,117,17,57,110,50,8,64,0,56,28,30,35" hai3="80,101,111,15,112,22,38,19,89,79,60,13,135"/><W82/><G38/><T68/><D68/><U100/><E86/><V11/><F110/><W73/><G89/><T123/><D123/><U49/><E49/><V92/><F117/><W133/><G60/><T25/><D43/><U85/><E85/><V95/><F35/><W44/><G101/><T18/><D105/><U55/><REACH who="1" step="1"/><E41/><REACH who="1" ten="256,261,72,401" step="2"/><V63/><F0/><W108/><G108/><T116/><D116/><U118/><E118/><V103/><F50/><W114/><G111/><T113/><D113/><U88/><E88/><V69/><F103/><W9/><G112/><T75/><D91/><U24/><E24/><V33/><F33/><W115/><G114/><T36/><REACH who="0" step="1"/><D34/><REACH who="0" ten="246,261,72,401" step="2"/><U54/><E54/><V5/><F30/><AGARI ba="0,2" hai="16,18,25,30,32,36,40,46,75,77,81,93,97,102" machi="30" ten="40,5200,0" yaku="1,1,2,1,54,1,53,0" doraHai="2" doraHaiUra="124" who="0" fromWho="2" sc="246,72,261,0,72,-52,401,0" owari="318,12.0,261,-14.0,20,-48.0,401,50.0" /></mjloggm>