<mjloggm ver="2.3"><GO type="169" lobby="0"/><UN n0="%E3%81%94%E3%82%8A%E3%81%94%E3%82%8A%E3%81%94%E3%82%8A%E3%82%89" n1="%43%2D%E3%83%93%E3%83%83%E3%82%AF" n2="%E3%82%A6%E3%83%AB%E3%83%88%E3%83%A9%E7%AB%8B%E7%9B%B4" n3="%E7%94%9F%E3%81%8D%E3%81%A6%E3%81%A6%E3%82%88%E3%81%8B%E3%81%A3%E3%81%9F" dan="16,16,18,16" rate="2056.18,2112.91,2208.58,2084.13" sx="F,M,M,F"/><TAIKYOKU oya="0"/><INIT seed="0,0,0,5,4,27" ten="250,250,250,250" oya="0" hai0="9,130,1,96,73,93,34,52,19,39,14,86,26" hai1="122,90,48,134,18,29,22,28,87,17,58,91,131" hai2="116,49,99,120,94,0,53,5,2,118,112,21,64" hai3="69,76,79,92,117,110,103,109,88,61,85,126,23"/><T67/><D39/><U50/><E122/><V54/><F120/><W25/><G117/><T10/><D73/><U102/><E131/><V66/><F112/><W111/><G126/><T100/><D67/><U82/><E134/><V135/><F135/><W63/><G103/><T42/><D130/><U51/><E102/><V68/><F21/><W12/><G12/><T46/><D86/><N who="1" m="50519" /><E58/><V95/><F5/><W74/><G69/><T30/><D52/><U8/><E8/><V121/><F121/><W105/><G105/><T80/><D80/><N who="1" m="49639" /><E17/><V114/><F114/><W83/><REACH who="3" step="1"/><G79/><REACH who="3" ten="250,250,250,240" step="2"/><T37/><REACH who="0" step="1"/><D1/><REACH who="0" ten="240,250,250,240" step="2"/><U40/><E40/><V20/><F0/><W24/><G24/><AGARI ba="0,2" hai="18,22,24,28,29,48,50,51" m="49639,50519" machi="24" ten="30,3900,0" yaku="8,1,52,2" doraHai="27" who="1" fromWho="3" sc="240,0,250,59,250,0,240,-39" /><INIT seed="1,0,0,2,1,130" ten="240,309,250,201" oya="1" hai0="95,103,68,127,122,94,42,59,53,99,74,72,23" hai1="28,24,29,54,105,124,16,77,132,15,113,76,66" hai2="69,60,93,102,78,4,104,21,58,47,134,90,37" hai3="51,71,111,36,126,12,75,13,79,117,44,40,33"/><U118/><E113/><V135/><F69/><W101/><G111/><T27/><D68/><U0/><E118/><V70/><F70/><W35/><G126/><T31/><D127/><U115/><E115/><V5/><F78/><W19/><G117/><T52/><D122/><U98/><E0/><V62/><F102/><W116/><G116/><T87/><D42/><U56/><E66/><V63/><F104/><W106/><G71/><T17/><D53/><U108/><E124/><V50/><F37/><W3/><G3/><T114/><D114/><U84/><E108/><V121/><F58/><W49/><G13/><T43/><D43/><U10/><E29/><V120/><F21/><W18/><G19/><T89/><REACH who="0" step="1"/><D31/><REACH who="0" ten="230,309,250,201" step="2"/><U128/><E28/><V45/><F121/><W34/><G36/><T39/><D39/><U109/><E54/><V123/><F120/><W46/><G40/><T38/><D38/><U7/><E109/><V14/><F123/><W100/><G106/><T6/><D6/><U110/><E7/><V85/><F4/><W32/><G32/><T1/><D1/><U112/><E105/><V11/><REACH who="2" step="1"/><F50/><AGARI ba="0,1" hai="17,23,27,50,52,59,72,74,87,89,94,95,99,103" machi="50" ten="30,3900,0" yaku="1,1,7,1,54,1,53,0" doraHai="130" doraHaiUra="41" who="0" fromWho="2" sc="230,49,309,0,250,-39,201,0" /><INIT seed="2,0,0,2,1,29" ten="279,309,211,201" oya="2" hai0="59,77,93,32,10,33,20,133,16,135,83,53,84" hai1="7,87,21,42,126,4,66,80,75,130,69,86,36" hai2="18,100,85,78,129,74,94,106,55,56,81,103,65" hai3="38,0,108,109,45,34,23,120,127,113,17,35,44"/><V128/><F65/><W79/><G120/><T30/><D10/><U62/><E75/><V49/><F18/><W76/><G0/><T5/><D5/><U132/><E132/><N who="0" m="50761" /><D30/><U115/><E115/><V50/><F50/><W71/><G71/><T116/><D93/><U134/><E134/><V47/><F56/><W96/><G96/><T1/><D1/><U3/><E3/><V110/><F110/><N who="3" m="42603" /><G127/><T43/><D43/><U19/><E126/><V22/><F22/><W101/><G101/><T39/><D39/><U11/><E11/><V90/><REACH who="2" step="1"/><F103/><REACH who="2" ten="279,309,201,201" step="2"/><W88/><G113/><T104/><D116/><U102/><E21/><V99/><AGARI ba="0,1" hai="47,49,55,74,78,81,85,90,94,99,100,106,128,129" machi="99" ten="30,12000,1" yaku="1,1,2,1,0,1,24,2,53,0" doraHai="29" doraHaiUra="6" who="2" fromWho="2" sc="279,-40,309,-40,201,130,201,-40" /><INIT seed="2,1,0,2,0,76" ten="239,269,331,161" oya="2" hai0="41,50,60,119,3,20,35,84,48,130,67,81,61" hai1="92,39,26,18,17,42,40,78,19,32,54,43,131" hai2="104,100,90,29,113,101,0,126,125,115,2,16,103" hai3="6,38,122,85,120,109,45,57,118,31,7,27,37"/><V62/><F29/><W134/><G118/><T21/><D35/><U86/><E131/><V13/><F104/><W129/><G129/><T25/><D3/><N who="2" m="1066" /><F62/><N who="0" m="24170" /><D130/><U11/><E39/><V93/><F93/><W106/><G57/><T63/><D119/><U66/><E66/><V64/><F90/><W98/><G45/><N who="0" m="25647" /><D25/><U117/><E117/><V23/><F64/><W135/><G27/><T9/><D9/><U74/><E74/><V72/><F72/><W83/><G106/><T80/><D84/><U71/><E71/><V46/><F46/><W70/><G85/><T124/><D124/><AGARI ba="1,0" hai="13,16,23,100,101,103,113,115,124,125,126" m="1066" machi="124" ten="40,3900,0" yaku="18,1,54,1" doraHai="76" who="2" fromWho="0" sc="239,-42,269,0,331,42,161,0" /><INIT seed="2,2,0,1,2,36" ten="197,269,373,161" oya="2" hai0="15,67,121,71,102,60,49,22,114,135,68,7,106" hai1="65,14,111,47,130,53,91,132,133,80,84,28,5" hai2="95,44,128,97,38,73,17,59,35,124,4,56,131" hai3="86,66,45,13,120,96,30,52,11,63,79,1,10"/><V94/><F35/><W117/><G117/><T55/><D121/><U98/><E111/><V51/><F73/><W48/><G120/><T110/><D114/><U26/><E65/><V107/><F38/><W83/><G1/><T27/><D110/><U24/><E130/><N who="2" m="49707" /><F4/><W32/><G32/><T2/><D135/><N who="1" m="51787" /><E98/><V108/><F108/><W25/><G30/><T37/><D37/><U77/><E77/><V0/><F0/><W100/><G25/><T31/><D2/><U33/><E24/><V92/><F17/><W72/><G72/><T82/><D71/><U9/><E47/><V19/><F19/><W39/><G39/><T115/><D31/><U118/><E53/><N who="2" m="29927" /><F124/><W105/><REACH who="3" step="1"/><G13/><REACH who="3" ten="197,269,373,151" step="2"/><T54/><D15/><U20/><E118/><V101/><AGARI ba="2,1" hai="56,59,92,94,95,97,101,107" m="29927,49707" machi="101" ten="40,2100,0" yaku="19,1" doraHai="36" who="2" fromWho="2" sc="197,-9,269,-9,373,37,151,-9" /><INIT seed="2,3,0,0,0,133" ten="188,260,410,142" oya="2" hai0="72,75,4,135,76,23,97,91,16,42,96,127,113" hai1="7,17,124,32,31,45,105,54,48,125,68,110,128" hai2="98,120,65,90,25,131,49,58,47,118,117,37,82" hai3="50,66,81,107,10,40,88,36,93,44,14,86,74"/><V121/><F90/><W84/><G107/><T126/><D113/><U26/><E110/><V114/><F98/><N who="0" m="37994" /><D135/><U130/><E105/><V38/><F82/><W1/><G66/><T94/><D4/><U59/><E68/><V73/><F73/><W29/><G29/><T102/><D42/><U62/><E17/><V132/><F25/><W69/><G69/><T116/><D116/><U79/><E7/><V77/><F77/><W103/><G1/><T19/><D102/><U28/><E28/><V67/><F114/><W8/><G103/><T33/><D33/><U109/><E79/><V43/><F132/><W129/><G129/><N who="1" m="49770" /><E109/><V122/><F131/><W22/><G74/><N who="0" m="28203" /><D76/><U39/><E39/><V55/><F37/><W119/><G119/><AGARI ba="3,0" hai="38,43,47,49,55,58,65,67,117,118,119,120,121,122" machi="119" ten="50,9600,0" yaku="34,3" doraHai="133" who="2" fromWho="3" sc="188,0,260,0,410,105,142,-105" /><INIT seed="2,4,0,5,3,4" ten="188,260,515,37" oya="2" hai0="89,45,94,32,21,118,62,126,130,103,93,34,75" hai1="49,54,23,66,109,91,63,33,71,132,40,129,47" hai2="100,31,28,117,90,119,99,65,86,133,13,15,12" hai3="83,37,50,113,43,115,67,7,116,123,82,127,27"/><V20/><F133/><W125/><G7/><T5/><D75/><U61/><E33/><V41/><F41/><W108/><G27/><T18/><D118/><U55/><E91/><V58/><F90/><W38/><G67/><T78/><D78/><U56/><E23/><V53/><F86/><W26/><G26/><T48/><D126/><N who="3" m="48137" /><G116/><T102/><D130/><U8/><E8/><V16/><F65/><W68/><G68/><T95/><D5/><U22/><E22/><V128/><F128/><W84/><G123/><T25/><D62/><N who="1" m="40407" /><E129/><V6/><F119/><W76/><G83/><T92/><D34/><U70/><E132/><V85/><F31/><W14/><G14/><T105/><D32/><U2/><E2/><V9/><F28/><W69/><G69/><T112/><D105/><U121/><E121/><V52/><F13/><W44/><G108/><T11/><D11/><U29/><E29/><V120/><F120/><W36/><AGARI ba="4,0" hai="36,37,38,43,44,50,76,82,84,113,115" m="48137" machi="36" ten="40,1500,0" yaku="18,1" doraHai="4" who="3" fromWho="3" sc="188,-8,260,-8,515,-11,37,27" /><INIT seed="3,0,0,3,0,97" ten="180,252,504,64" oya="3" hai0="41,77,85,9,57,116,73,102,59,84,108,106,91" hai1="34,25,14,122,46,35,49,52,127,29,78,80,62" hai2="105,4,12,44,17,26,132,96,28,112,134,53,128" hai3="120,104,70,114,115,0,89,42,51,22,16,103,75"/><W133/><G0/><T121/><D116/><U37/><E122/><V117/><F4/><W48/><G70/><T6/><D121/><U45/><E127/><V76/><F76/><W64/><G64/><T107/><D108/><U79/><E79/><V15/><F112/><W60/><G60/><T24/><D24/><U94/><E14/><V111/><F111/><W93/><G120/><T99/><D107/><U58/><E94/><V10/><F15/><W33/><G33/><T47/><D73/><U40/><E35/><V11/><F11/><W18/><G75/><T7/><D77/><U118/><E118/><V23/><F128/><W95/><G104/><T110/><D84/><U72/><REACH who="1" step="1"/><E45/><REACH who="1" ten="180,242,504,64" step="2"/><V125/><F125/><W69/><G69/><T3/><D110/><U92/><E92/><V86/><F44/><W38/><G89/><T19/><D7/><U43/><E43/><V20/><F117/><W113/><G42/><T126/><D126/><U129/><E129/><V21/><F12/><W65/><G114/><T123/><D123/><U68/><E68/><V61/><F105/><W55/><G115/><T54/><D41/><U81/><E81/><V135/><F135/><W13/><G113/><T109/><D109/><U2/><E2/><V63/><F134/><W67/><G133/><T56/><D91/><U74/><E74/><V90/><F90/><W130/><G13/><T71/><D71/><U31/><E31/><V101/><F132/><W98/><G130/><T50/><D19/><U30/><E30/><V1/><F1/><W119/><G119/><T32/><D32/><RYUUKYOKU ba="0,1" sc="180,15,242,15,504,-15,64,-15" hai0="3,6,9,47,50,54,56,57,59,85,99,102,106" hai1="25,29,34,37,40,46,49,52,58,62,72,78,80" /><INIT seed="4,1,1,3,4,41" ten="195,257,489,49" oya="0" hai0="79,36,97,111,40,78,47,127,93,52,115,66,108" hai1="69,10,2,94,103,70,107,105,59,9,4,31,8" hai2="56,27,134,32,14,60,101,76,100,75,50,42,23" hai3="58,18,57,71,65,37,19,21,46,96,5,109,64"/><T124/><D115/><U87/><E31/><V13/><F32/><W99/><G21/><T90/><D66/><U34/><E34/><V43/><F76/><W81/><G81/><T106/><D106/><U133/><E10/><V128/><F75/><W77/><G77/><T62/><D78/><U68/><E133/><V80/><F80/><W7/><G37/><T84/><D79/><U74/><E74/><V104/><F128/><W88/><G71/><T28/><D97/><U121/><E121/><V113/><F113/><W53/><G53/><T129/><D28/><U25/><E25/><V39/><F39/><W86/><G86/><T126/><D129/><U102/><E59/><AGARI ba="1,1" hai="36,40,47,52,59,62,84,90,93,108,111,124,126,127" machi="59" ten="50,9600,0" yaku="18,1,52,1,54,1" doraHai="41" who="0" fromWho="1" sc="195,109,257,-99,489,0,49,0" /><INIT seed="4,2,0,3,4,43" ten="304,158,489,49" oya="0" hai0="86,125,116,18,21,48,59,121,130,42,45,72,132" hai1="25,73,103,129,79,10,34,110,84,107,126,31,87" hai2="32,39,24,117,37,115,69,23,17,75,98,58,124" hai3="38,33,99,65,0,49,46,9,11,6,63,92,109"/><T77/><D116/><U53/><E110/><V66/><F75/><W36/><G33/><T114/><D121/><U1/><E107/><V100/><F58/><W82/><G82/><T101/><D114/><U104/><E73/><V95/><F95/><W61/><G11/><T80/><D130/><U55/><E103/><V93/><F93/><W88/><G109/><T40/><D132/><U47/><E104/><N who="2" m="63511" /><F124/><W131/><G131/><T97/><D125/><U14/><E1/><V102/><F102/><W8/><G8/><T135/><D135/><U94/><E126/><V52/><F52/><W41/><REACH who="3" step="1"/><G61/><REACH who="3" ten="304,158,489,39" step="2"/><T91/><D72/><U27/><E129/><V108/><F108/><W85/><G85/><T13/><D77/><U30/><E87/><V35/><F115/><W119/><G119/><T15/><D15/><U81/><E81/><V44/><F35/><W26/><G26/><T120/><D120/><U54/><E79/><V3/><F32/><W60/><G60/><T57/><REACH who="0" step="1"/><D40/><REACH who="0" ten="294,158,489,39" step="2"/><U51/><E14/><V71/><F117/><W96/><G96/><T67/><D67/><U83/><E84/><V90/><F66/><W19/><G19/><T89/><D89/><U74/><E55/><V118/><F17/><W133/><G133/><T7/><D7/><U62/><E54/><V123/><F118/><W4/><G4/><T16/><D16/><U64/><E53/><V22/><F123/><W113/><G113/><T105/><AGARI ba="2,2" hai="13,18,21,42,45,48,57,59,80,86,91,97,101,105" machi="105" ten="20,7800,0" yaku="1,1,0,1,7,1,52,1,53,0" doraHai="43" doraHaiUra="50" who="0" fromWho="0" sc="294,104,158,-28,489,-28,39,-28" /><INIT seed="4,3,0,3,1,74" ten="398,130,461,11" oya="0" hai0="0,120,106,115,80,135,67,96,13,75,98,118,125" hai1="6,123,9,12,114,92,43,21,37,121,33,14,20" hai2="26,45,41,50,113,102,111,44,38,65,31,11,5" hai3="34,30,36,72,78,79,105,100,18,85,119,108,101"/><T42/><D0/><U86/><E37/><V27/><F111/><W60/><G36/><T103/><D120/><U130/><E43/><V69/><F113/><W112/><G30/><T2/><D2/><U48/><E48/><V62/><F102/><N who="3" m="39531" /><G34/><T99/><D118/><U126/><E92/><V40/><F31/><W53/><G119/><T97/><D42/><U46/><E46/><V84/><F84/><W4/><G108/><T124/><D67/><U7/><E86/><V93/><F93/><W57/><G72/><T24/><D24/><U128/><E33/><V63/><F63/><W58/><G105/><T22/><D22/><N who="1" m="8811" /><E114/><V73/><F73/><W127/><G112/><T95/><D13/><AGARI ba="3,0" hai="5,11,13,26,27,38,40,41,44,45,50,62,65,69" machi="13" ten="30,1000,0" yaku="7,1" doraHai="74" who="2" fromWho="0" sc="398,-19,130,0,461,19,11,0" /><INIT seed="5,0,0,1,2,117" ten="379,130,480,11" oya="1" hai0="7,59,38,106,53,69,70,57,56,42,37,15,133" hai1="34,45,114,68,66,96,51,111,43,77,123,4,120" hai2="6,107,122,8,18,36,82,46,28,32,22,109,126" hai3="115,44,12,2,60,5,33,71,0,88,124,25,19"/><U112/><E34/><V20/><F122/><N who="1" m="46633" /><E96/><V54/><F22/><N who="3" m="11623" /><G44/><T100/><D15/><U40/><E4/><V93/><F20/><W79/><G79/><T13/><D7/><U105/><E105/><V64/><F18/><W63/><G71/><N who="0" m="27147" /><D13/><U94/><E94/><V41/><F126/><W103/><G103/><T23/><D23/><U31/><E31/><V62/><F109/><W48/><G48/><N who="0" m="30759" /><D100/><U132/><E77/><V29/><F29/><N who="3" m="19631" /><G124/><T113/><D133/><U104/><E104/><V30/><F30/><W47/><G47/><N who="0" m="24015" /><D106/><U50/><E132/><V80/><F28/><W84/><G115/><N who="1" m="44074" /><E111/><V14/><F32/><W16/><G16/><T129/><D113/><U90/><E90/><V91/><F93/><N who="3" m="54407" /><G0/><T3/><D129/><U26/><E26/><V74/><F107/><W52/><G52/><T86/><D86/><U35/><E35/><V65/><F54/><W116/><G116/><T27/><D3/><U92/><E92/><V10/><F91/><W83/><G83/><T67/><D27/><U101/><E101/><V61/><F82/><W118/><G118/><T17/><D17/><U87/><E87/><V97/><F80/><W95/><G95/><T24/><D24/><U121/><E121/><V131/><F97/><W134/><G134/><T85/><D85/><U9/><E9/><AGARI ba="0,0" hai="2,5,9,60,63" m="54407,19631,11623" machi="9" ten="30,2000,0" yaku="24,1,54,1" doraHai="117" who="3" fromWho="1" sc="379,0,130,-20,480,0,11,20" /><INIT seed="6,0,0,1,5,29" ten="379,110,480,31" oya="2" hai0="46,44,127,100,135,18,84,108,105,82,15,69,60" hai1="32,62,119,123,49,35,34,134,22,98,16,93,56" hai2="77,41,4,59,75,11,50,80,94,102,95,72,63" hai3="122,58,103,68,33,88,79,111,124,76,78,31,120"/><V73/><F94/><W36/><G36/><T116/><D108/><U61/><E119/><V132/><F132/><W65/><G111/><T20/><D135/><U125/><E134/><V42/><F95/><W52/><G103/><T7/><D116/><U74/><E74/><V130/><F102/><W66/><G124/><T96/><D127/><U13/><E125/><V2/><F130/><W131/><G131/><T3/><D3/><U30/><E123/><V48/><F50/><W71/><G66/><T89/><D7/><U128/><E128/><V19/><F19/><W109/><G109/><T67/><AGARI ba="0,0" hai="15,18,20,44,46,60,67,69,82,84,89,96,100,105" machi="67" ten="30,1100,0" yaku="0,1" doraHai="29" who="0" fromWho="0" sc="379,11,110,-3,480,-5,31,-3" /><INIT seed="7,0,0,2,4,27" ten="390,107,475,28" oya="3" hai0="106,11,39,23,16,133,71,69,10,116,111,2,54" hai1="80,4,126,74,73,41,47,36,24,1,104,0,22" hai2="68,8,127,35,56,72,57,38,129,98,34,37,14" hai3="77,40,17,114,20,135,101,9,50,67,75,84,83"/><W19/><G114/><T26/><D111/><U45/><E104/><V60/><F68/><W96/><G135/><T43/><D116/><U122/><E122/><V118/><F72/><W92/><G67/><T12/><D106/><U53/><E126/><V100/><F35/><W18/><G9/><T70/><D133/><U79/><E73/><V63/><F34/><W78/><G78/><T58/><D43/><U59/><E45/><V132/><F129/><W7/><G7/><T86/><D39/><U13/><E13/><V94/><F127/><W6/><G6/><T117/><D117/><U52/><E4/><V49/><F49/><W76/><G76/><T95/><D2/><U103/><E103/><V108/><F108/><W91/><G50/><T119/><D119/><U85/><E85/><V61/><F132/><W99/><G99/><T87/><D95/><U128/><E53/><V131/><F131/><W112/><G112/><T5/><REACH who="0" step="1"/><D10/><REACH who="0" ten="380,107,475,28" step="2"/><U82/><E128/><V81/><F118/><W130/><G130/><T107/><D107/><U42/><E42/><V62/><F94/><W120/><G40/><T90/><D90/><U123/><E123/><V29/><F8/><W55/><G120/><T28/><D28/><U31/><E80/><V93/><F81/><W65/><G65/><T105/><D105/><U121/><E121/><V15/><F93/><N who="3" m="58511" /><G55/><T32/><D32/><U46/><E46/><V51/><F38/><W21/><G21/><T110/><D110/><U3/><E3/><V33/><F37/><W48/><G20/><T109/><D109/><U97/><E36/><RYUUKYOKU ba="0,1" sc="380,15,107,-15,475,-15,28,15" hai0="5,11,12,16,23,26,54,58,69,70,71,86,87" hai3="17,18,19,48,75,77,83,84,91,92" /><INIT seed="7,1,1,4,2,103" ten="395,92,460,43" oya="3" hai0="16,126,80,101,3,90,97,34,18,115,30,25,79" hai1="29,124,50,70,100,65,7,53,83,122,91,2,14" hai2="128,75,22,81,35,87,67,93,37,54,82,69,64" hai3="26,51,129,120,4,33,102,56,95,20,108,23,114"/><W117/><G117/><T8/><D126/><U32/><E122/><V49/><F35/><W125/><G120/><T78/><D115/><U43/><E2/><V5/><F37/><W55/><G125/><T94/><D3/><U38/><E124/><V31/><F5/><W116/><G116/><T127/><D127/><U36/><E43/><V66/><F75/><W73/><G73/><T52/><D8/><U10/><E100/><V96/><F87/><W86/><G114/><T88/><D52/><U19/><E19/><V42/><F42/><W45/><G4/><T39/><D39/><U41/><E41/><V44/><F69/><W6/><G6/><T21/><D79/><U46/><E29/><V112/><F112/><W28/><G129/><T61/><D61/><U113/><E32/><V60/><F60/><W92/><G108/><T134/><D134/><U111/><E111/><V40/><F54/><W58/><G33/><T110/><D110/><U63/><E113/><V84/><F84/><W99/><REACH who="3" step="1"/><G20/><REACH who="3" ten="395,92,460,33" step="2"/><T131/><D131/><U47/><E47/><V27/><F128/><W123/><G123/><T68/><D68/><U1/><E1/><V121/><F121/><W89/><AGARI ba="1,2" hai="23,26,28,45,51,55,56,58,86,89,92,95,99,102" machi="89" ten="30,6000,0" yaku="1,1,0,1,8,1,53,0" doraHai="103" doraHaiUra="77" who="3" fromWho="3" sc="395,-21,92,-21,460,-21,33,83" /><INIT seed="7,2,0,3,1,20" ten="374,71,439,116" oya="3" hai0="116,66,86,109,123,51,100,92,36,37,4,88,42" hai1="77,21,64,85,17,12,68,130,129,95,40,63,125" hai2="74,97,67,71,3,128,112,6,34,41,113,119,120" hai3="69,80,135,115,91,7,118,8,30,33,82,18,70"/><W55/><G118/><T52/><D109/><U1/><E1/><V132/><RYUUKYOKU type="yao9" ba="2,0" sc="374,0,71,0,439,0,116,0" hai2="3,6,34,41,67,71,74,97,112,113,119,120,128,132" /><INIT seed="7,3,0,2,4,77" ten="374,71,439,116" oya="3" hai0="44,107,21,31,23,40,95,7,33,134,45,15,105" hai1="124,29,41,43,135,60,28,125,76,6,114,24,128" hai2="2,54,19,121,80,131,0,110,73,86,27,5,127" hai3="130,22,88,14,46,20,11,57,17,48,94,71,111"/><W55/><G71/><T53/><D134/><U42/><E135/><V9/><F73/><W91/><G130/><T65/><D33/><U49/><E128/><V75/><F75/><W103/><G111/><T100/><D65/><U25/><E114/><V78/><F110/><W30/><G30/><T79/><D107/><U12/><E60/><V38/><F38/><W8/><G8/><T1/><D105/><U109/><E109/><V116/><F116/><W93/><G103/><T63/><D1/><U68/><E68/><V89/><F131/><W56/><G57/><T39/><D79/><U98/><E98/><V81/><F127/><W108/><G108/><T132/><D132/><U16/><E6/><V61/><F78/><W87/><REACH who="3" step="1"/><G56/><REACH who="3" ten="374,71,439,106" step="2"/><T35/><D31/><N who="1" m="11851" /><E49/><V62/><F9/><W118/><G118/><T50/><D35/><U85/><E124/><V90/><F121/><W13/><G13/><T133/><D133/><U70/><E70/><V58/><F58/><W123/><G123/><T106/><D15/><U119/><E119/><V84/><F2/><W92/><G92/><T59/><D106/><U99/><E125/><V52/><F0/><W51/><G51/><T26/><D7/><U67/><E67/><V97/><F61/><W10/><G10/><T72/><D26/><U66/><E66/><V36/><F62/><W101/><G101/><T126/><D126/><U4/><E4/><V3/><F5/><W47/><G47/><T82/><D44/><U122/><E122/><V18/><F27/><W74/><G74/><T120/><D72/><U64/><E64/><RYUUKYOKU ba="3,1" sc="374,-10,71,-10,439,-10,106,30" hai3="11,14,17,20,22,46,48,55,87,88,91,93,94" /><INIT seed="7,4,1,0,5,109" ten="364,61,429,136" oya="3" hai0="74,22,56,51,96,129,81,110,61,52,108,34,1" hai1="113,17,40,72,83,76,73,102,115,69,45,62,47" hai2="86,54,41,118,18,135,46,127,130,125,101,97,43" hai3="44,0,25,57,36,48,11,38,70,32,10,124,21"/><W77/><G70/><T116/><D34/><U7/><E102/><V63/><F118/><W24/><G77/><T90/><D116/><U134/><E134/><V68/><F135/><W89/><G124/><N who="2" m="47689" /><F130/><W23/><G89/><T75/><D1/><U114/><E7/><V104/><F18/><W117/><G57/><T64/><D129/><U28/><E28/><V60/><F86/><W91/><G91/><T92/><D22/><U37/><E47/><V128/><F128/><W9/><G0/><T78/><REACH who="0" step="1"/><D74/><REACH who="0" ten="354,61,429,136" step="2"/><N who="1" m="43415" /><E17/><V132/><F132/><W29/><G117/><T98/><D98/><U53/><E53/><V15/><F54/><W107/><G32/><T87/><D87/><U67/><AGARI ba="4,2" hai="37,40,45,62,67,69,72,73,113,114,115" m="43415" machi="67" ten="40,8000,1" yaku="15,1,23,1,52,3" doraHai="109" who="1" fromWho="1" sc="354,-24,61,112,429,-24,136,-44" owari="330,13.0,173,-23.0,405,51.0,92,-41.0" /></mjloggm>