<mjloggm ver="2.3"><GO type="225" lobby="0"/><UN n0="%6C%65%74%69%74%62%65" n1="%E3%82%A6%E3%83%AB%E3%83%88%E3%83%A9%E7%AB%8B%E7%9B%B4" n2="%E6%9C%80%E5%BC%B7%E6%9C%80%E5%BE%8C" n3="%E5%8F%8B%47%46%49" dan="17,17,16,16" rate="2170.72,2113.23,2085.45,2114.50" sx="F,M,M,M"/><TAIKYOKU oya="0"/><INIT seed="0,0,0,0,5,132" ten="250,250,250,250" oya="0" hai0="109,107,88,116,129,99,26,30,76,2,73,83,40" hai1="3,53,79,9,80,51,27,61,8,112,96,64,97" hai2="71,47,108,111,122,82,49,21,95,66,134,70,58" hai3="130,100,98,55,135,87,72,28,41,62,37,57,33"/><T0/><D116/><U90/><E112/><V124/><F82/><W77/><G135/><T123/><D123/><U48/><E27/><V106/><F106/><W131/><G72/><T35/><D129/><N who="3" m="49161" /><G77/><T115/><D115/><U78/><E61/><N who="2" m="38199" /><F95/><N who="3" m="58463" /><G87/><T93/><D109/><N who="2" m="42058" /><F21/><W85/><G85/><T127/><D127/><U42/><E64/><V67/><F134/><W15/><G15/><T133/><D133/><U126/><E80/><V113/><F122/><W1/><G1/><T104/><D104/><U20/><E3/><V68/><F113/><W5/><G5/><T120/><D120/><U91/><E20/><V39/><F39/><W102/><G102/><T125/><D125/><U101/><E126/><V86/><F86/><W114/><G114/><T56/><D107/><U69/><E101/><V10/><F10/><W103/><G103/><T75/><D75/><U60/><E79/><V18/><F18/><W59/><G59/><T7/><D7/><U43/><E78/><V74/><F74/><W45/><G28/><T84/><D56/><U6/><E6/><V81/><F81/><W54/><G54/><T38/><REACH who="0" step="1"/><D73/><REACH who="0" ten="240,250,250,250" step="2"/><U23/><E69/><V128/><F124/><W52/><G55/><T32/><D32/><AGARI ba="0,1" hai="32,33,37,41,45,52,57,62" m="58463,49161" machi="32" ten="30,2000,0" yaku="19,1,54,1" doraHai="132" who="3" fromWho="0" sc="240,-20,250,0,250,0,250,30" /><INIT seed="1,0,0,2,3,31" ten="220,250,250,280" oya="1" hai0="124,80,104,25,91,105,111,42,56,63,92,93,33" hai1="83,125,97,73,26,41,95,11,59,81,0,53,36" hai2="76,94,49,78,35,16,135,40,13,132,23,84,30" hai3="54,29,126,22,39,28,15,72,120,64,20,12,115"/><U85/><E125/><V101/><F30/><W6/><G72/><T77/><D111/><U34/><E73/><V79/><F35/><W38/><G126/><T112/><D112/><U61/><E36/><V109/><F109/><W70/><G115/><T134/><D124/><U47/><E34/><V14/><F14/><W1/><G64/><T86/><D42/><U118/><E118/><V114/><F114/><W99/><G99/><T107/><D134/><N who="2" m="51242" /><F49/><W123/><G6/><T50/><D50/><N who="1" m="26991" /><E0/><V5/><F40/><W119/><G1/><T71/><D71/><U69/><E69/><V87/><F5/><W51/><G70/><T100/><D100/><N who="1" m="60479" /><E11/><V60/><F60/><W96/><G96/><AGARI ba="0,0" hai="13,16,23,76,78,79,84,87,94,96,101" m="51242" machi="96" ten="30,2000,0" yaku="20,1,54,1" doraHai="31" who="2" fromWho="3" sc="220,0,250,0,250,20,280,-20" /><INIT seed="2,0,0,3,4,127" ten="220,250,270,260" oya="2" hai0="97,134,89,47,113,110,115,50,5,74,85,42,84" hai1="56,73,67,63,69,60,95,118,45,2,103,96,64" hai2="25,22,108,12,133,75,1,48,36,34,77,120,98" hai3="30,119,114,24,58,8,76,100,51,32,9,37,83"/><V121/><F36/><W35/><G119/><T130/><D74/><U61/><E118/><V57/><F1/><W99/><G35/><T44/><D110/><U26/><E73/><V111/><F133/><W122/><G37/><T11/><D134/><U123/><E123/><V94/><F77/><W18/><G122/><T52/><D97/><U54/><E2/><V109/><F75/><W87/><G114/><T10/><D130/><U59/><E26/><V33/><F12/><W129/><G129/><T78/><D78/><U13/><E13/><V102/><F121/><W23/><G51/><T62/><D85/><U0/><E0/><V15/><F15/><W53/><G30/><T27/><D27/><U3/><E3/><V7/><F7/><W86/><G86/><T116/><D116/><U43/><E43/><V16/><F120/><W101/><G32/><T104/><D104/><U82/><E45/><V31/><F31/><W66/><G66/><T40/><D5/><U55/><E82/><V49/><F49/><N who="3" m="31023" /><G99/><T124/><D124/><U29/><E67/><V71/><F71/><W80/><G80/><N who="0" m="49287" /><D115/><U17/><E29/><V70/><F70/><W105/><G105/><T72/><D72/><U131/><E131/><V65/><F48/><W39/><G39/><N who="0" m="21535" /><D113/><U41/><E41/><V6/><F6/><W14/><G24/><T135/><D135/><U20/><E17/><V117/><F117/><W92/><G92/><T93/><D93/><U28/><E28/><V132/><F132/><W91/><G76/><T128/><D128/><U38/><E38/><V90/><F90/><RYUUKYOKU ba="0,0" sc="220,0,250,0,270,0,260,0" hai0="10,11,42,47,50,52,62" hai1="20,54,55,56,59,60,61,63,64,69,95,96,103" hai2="16,22,25,33,34,57,65,94,98,102,108,109,111" hai3="8,9,14,18,23,83,87,91,100,101" /><INIT seed="2,1,0,4,4,36" ten="220,250,270,260" oya="2" hai0="39,87,118,93,5,59,108,88,109,29,30,19,103" hai1="112,86,74,21,68,120,132,61,115,83,125,13,46" hai2="40,63,105,60,111,64,55,57,3,71,85,73,130" hai3="81,58,18,16,97,107,2,8,26,42,128,114,129"/><V70/><F3/><W106/><G114/><T99/><D39/><U121/><E74/><V80/><F73/><W31/><G81/><T53/><D5/><U24/><E13/><V0/><F105/><N who="3" m="39947" /><G97/><T11/><D118/><U32/><E32/><V23/><F0/><W91/><G91/><T12/><D108/><U79/><E132/><V52/><F130/><N who="3" m="50283" /><G58/><T117/><D117/><U92/><E92/><V124/><F111/><W122/><G122/><N who="1" m="47210" /><E125/><V41/><F124/><W119/><G119/><T78/><D78/><U50/><E61/><V96/><F23/><N who="3" m="15839" /><G42/><N who="2" m="16489" /><F96/><W104/><G104/><T113/><D113/><U69/><E115/><V51/><F85/><W116/><G116/><T82/><D109/><U38/><E112/><V4/><F80/><W48/><G48/><AGARI ba="1,0" hai="11,12,19,29,30,48,53,59,82,87,88,93,99,103" machi="48" ten="30,3900,0" yaku="7,1,8,1,54,1" doraHai="36" who="0" fromWho="3" sc="220,42,250,0,270,0,260,-42" /><INIT seed="3,0,0,4,1,51" ten="262,250,270,218" oya="3" hai0="25,32,1,57,63,76,120,7,53,104,132,72,113" hai1="10,26,134,19,130,58,23,21,42,82,108,14,124" hai2="60,22,62,69,77,86,121,15,85,39,34,122,33" hai3="90,81,50,41,110,126,37,46,9,65,2,88,84"/><W43/><G126/><T89/><D120/><N who="2" m="46186" /><F39/><W54/><G110/><T5/><D104/><U64/><E23/><V101/><F101/><W70/><G43/><T107/><D107/><U61/><E134/><V99/><F99/><W129/><G129/><T6/><D132/><U56/><E130/><V12/><F22/><W115/><G115/><T125/><D125/><U4/><E108/><V3/><F77/><N who="3" m="46127" /><G2/><T35/><D1/><U117/><E117/><V36/><F69/><W119/><G9/><T38/><D38/><U68/><E124/><V45/><F45/><W80/><G80/><T71/><D71/><U29/><E42/><V91/><F36/><W0/><G0/><T106/><D106/><U55/><E82/><V95/><F85/><W48/><G48/><T87/><D113/><U93/><E68/><V31/><F3/><W102/><G102/><T52/><D76/><U83/><E83/><V127/><F127/><W44/><G44/><T20/><D72/><U133/><E133/><V27/><F34/><W98/><G98/><T40/><D40/><U100/><E100/><V97/><F97/><W67/><G119/><T92/><D35/><U13/><E93/><V73/><F73/><W112/><G112/><T109/><D32/><U47/><E47/><V75/><F75/><W105/><G105/><T79/><D79/><U94/><E94/><V59/><F62/><N who="3" m="40311" /><G65/><AGARI ba="0,0" hai="12,15,27,31,33,59,60,65,86,91,95" m="46186" machi="65" ten="30,1000,0" yaku="13,1" doraHai="51" who="2" fromWho="3" sc="262,0,250,0,270,10,218,-10" /><INIT seed="4,0,0,5,4,69" ten="262,250,280,208" oya="0" hai0="92,31,34,32,5,124,82,60,107,84,93,90,43" hai1="108,120,51,25,129,64,57,109,122,56,67,62,49" hai2="11,19,117,100,52,2,83,21,46,94,7,103,13" hai3="111,29,135,39,78,113,36,106,96,4,98,48,33"/><T87/><D107/><U9/><E9/><V8/><F117/><W17/><G111/><N who="1" m="42570" /><E25/><V45/><F11/><W116/><G116/><T131/><D5/><U123/><E129/><V112/><F112/><W10/><G113/><T38/><D131/><U76/><E76/><V1/><F83/><W22/><G135/><T89/><D124/><U35/><E35/><V71/><F71/><W63/><G63/><AGARI ba="0,0" hai="49,51,56,57,62,63,64,67,120,122,123" m="42570" machi="63" ten="40,2600,0" yaku="34,2" doraHai="69" who="1" fromWho="3" sc="262,0,250,26,280,0,208,-26" /><INIT seed="5,0,0,3,3,43" ten="262,276,280,182" oya="1" hai0="1,112,41,53,60,125,56,108,59,64,95,115,114" hai1="28,14,8,79,96,72,45,82,22,26,117,121,37" hai2="70,119,34,48,103,92,78,84,107,87,123,15,47" hai3="27,21,102,12,131,6,17,67,88,44,10,25,73"/><U76/><E117/><V132/><F70/><W49/><G73/><T75/><D1/><U116/><E116/><V85/><F34/><W20/><G131/><T55/><D75/><U32/><E121/><V89/><F119/><W113/><G113/><T100/><D108/><U0/><E96/><N who="2" m="59783" /><F132/><W128/><G128/><T24/><D24/><U80/><E0/><V118/><F107/><W19/><G102/><T23/><D23/><U106/><E106/><V50/><F78/><N who="1" m="29737" /><E37/><V13/><F50/><W36/><G36/><T16/><D16/><N who="1" m="8263" /><E32/><V105/><F105/><W110/><G110/><T68/><D125/><U11/><E72/><V39/><F39/><W124/><G124/><T5/><D5/><U2/><E2/><V3/><F3/><W86/><G67/><T120/><D120/><U122/><E122/><V38/><F38/><W4/><G4/><T31/><D31/><U33/><E33/><V81/><F123/><W93/><G19/><T63/><D100/><U94/><E11/><V99/><F118/><W62/><G62/><N who="0" m="39959" /><D95/><U130/><E130/><V127/><F127/><W77/><G77/><T101/><D101/><U18/><E94/><N who="2" m="56783" /><F81/><N who="1" m="31337" /><E45/><V111/><F111/><W42/><G21/><T46/><D46/><U134/><E134/><V29/><F29/><AGARI ba="0,0" hai="18,22,26,28,29" m="31337,8263,29737" machi="29" ten="30,2900,0" yaku="8,1,54,1" doraHai="43" who="1" fromWho="2" sc="262,0,276,29,280,-29,182,0" owari="262,6.0,305,41.0,251,-15.0,182,-32.0" /></mjloggm>