<mjloggm ver="2.3"><GO type="225" lobby="0"/><UN n0="%E3%82%A6%E3%83%AB%E3%83%88%E3%83%A9%E7%AB%8B%E7%9B%B4" n1="%E9%9D%92%E5%B1%B1%E5%AD%A6%E9%99%A2%EF%BC%94%E5%B9%B4" n2="%E5%90%91%E4%BA%95%E7%90%86" n3="%E3%81%8A%E3%81%BE%E3%81%A4%E3%82%8A" dan="18,16,17,16" rate="2166.71,2120.14,2108.17,2087.60" sx="M,M,M,M"/><TAIKYOKU oya="0"/><INIT seed="0,0,0,0,4,116" ten="250,250,250,250" oya="0" hai0="52,106,2,75,104,42,4,65,9,83,96,85,125" hai1="135,66,6,51,54,23,124,69,70,60,50,56,22" hai2="46,92,68,109,114,43,73,93,84,111,87,34,100" hai3="37,129,10,99,44,63,123,49,89,97,76,64,25"/><T115/><D115/><U74/><E74/><V33/><F68/><W134/><G76/><T105/><D125/><U80/><E6/><V57/><F73/><W130/><G134/><T5/><D75/><U79/><E124/><V55/><F114/><W72/><G72/><T8/><D65/><U117/><E117/><V21/><F21/><W18/><G37/><T11/><D42/><U12/><E135/><V119/><F119/><W81/><G123/><T127/><D127/><U95/><E95/><V126/><F126/><W0/><G0/><T82/><D96/><U77/><E77/><V88/><F100/><W78/><G78/><T53/><D85/><U47/><E70/><V101/><F101/><W15/><G25/><T91/><D91/><U107/><E107/><V122/><F122/><W90/><G99/><T120/><D120/><U7/><E7/><N who="0" m="2633" /><D2/><U38/><E12/><V3/><F3/><W32/><G32/><T61/><D61/><U59/><E69/><V102/><F102/><W35/><G35/><T40/><D40/><U1/><E38/><V110/><F87/><N who="3" m="50415" /><G97/><T67/><D67/><U121/><E1/><V131/><F92/><W29/><G90/><T13/><D13/><U58/><E121/><V94/><F94/><W62/><G29/><T103/><D103/><U132/><E132/><V26/><F26/><W133/><G133/><T16/><D16/><U24/><E24/><V113/><F113/><W45/><G49/><T30/><D30/><U39/><E39/><N who="2" m="21887" /><F131/><N who="3" m="50187" /><G64/><T86/><D86/><N who="1" m="48415" /><E51/><AGARI ba="0,0" hai="33,34,51,55,57,84,88,93,109,110,111" m="21887" machi="51" ten="30,2000,0" yaku="14,1,54,1" doraHai="116" who="2" fromWho="1" sc="250,0,250,-20,250,20,250,0" /><INIT seed="1,0,0,3,0,80" ten="250,230,270,250" oya="1" hai0="48,63,65,112,22,97,115,50,71,99,128,66,135" hai1="113,130,13,131,5,47,42,37,29,3,44,34,9" hai2="106,59,24,60,117,111,90,45,127,77,67,32,19" hai3="100,55,102,20,25,51,83,30,4,43,118,64,79"/><U49/><E113/><V27/><F106/><W73/><G118/><T61/><D22/><U129/><E34/><V124/><F111/><W15/><G64/><T11/><D11/><U125/><E125/><N who="2" m="48203" /><F117/><W76/><G76/><T72/><D72/><U8/><E29/><V120/><F120/><W62/><G62/><T10/><D10/><U122/><E122/><V69/><F77/><W39/><G4/><T119/><D119/><U121/><E121/><V134/><F134/><W126/><G15/><T7/><D7/><U2/><REACH who="1" step="1"/><E9/><REACH who="1" ten="250,220,270,250" step="2"/><V95/><F32/><W116/><G126/><T78/><D135/><U81/><E81/><V89/><F69/><W0/><G116/><T1/><D71/><U53/><AGARI ba="0,1" hai="2,3,5,8,13,37,42,44,47,49,53,129,130,131" machi="53" ten="30,11700,0" yaku="1,1,0,1,19,1,53,1" doraHai="80" doraHaiUra="38" who="1" fromWho="1" sc="250,-39,220,127,270,-39,250,-39" /><INIT seed="1,1,0,4,5,65" ten="211,347,231,211" oya="1" hai0="30,133,71,64,75,63,62,97,31,123,98,0,118" hai1="45,127,14,20,50,58,40,78,108,100,72,130,91" hai2="135,28,125,33,134,111,124,25,16,104,107,126,57" hai3="129,95,87,105,67,23,19,41,76,74,6,96,21"/><U86/><E127/><V49/><F104/><W73/><G6/><T109/><D118/><U55/><E130/><V8/><F107/><W39/><G129/><T80/><D0/><U47/><E100/><V93/><F93/><W2/><G2/><T59/><D109/><U128/><E128/><V90/><F90/><W110/><G110/><T82/><D133/><N who="2" m="50698" /><F57/><W18/><G67/><T17/><D17/><N who="1" m="10295" /><E72/><V94/><F94/><W101/><G41/><T88/><D123/><U9/><E9/><V89/><F89/><N who="3" m="53695" /><G39/><T37/><D37/><U68/><E68/><V24/><F111/><W51/><G51/><T7/><D88/><U99/><E40/><V79/><F79/><W81/><G73/><T83/><D75/><U114/><E114/><V10/><F49/><W132/><G132/><T66/><REACH who="0" step="1"/><D7/><REACH who="0" ten="201,347,231,211" step="2"/><U117/><E117/><V113/><F113/><W29/><G29/><AGARI ba="1,1" hai="29,30,31,59,62,63,64,66,71,80,82,83,97,98" machi="29" ten="40,5200,0" yaku="1,1,2,1,52,1,53,0" doraHai="65" doraHaiUra="34" who="0" fromWho="3" sc="201,65,347,0,231,0,211,-55" /><INIT seed="2,0,0,0,1,103" ten="266,347,231,156" oya="2" hai0="6,59,91,62,3,47,92,21,67,37,51,81,14" hai1="121,24,78,82,76,57,118,18,105,123,35,93,13" hai2="134,73,109,96,66,34,114,39,117,50,15,30,125" hai3="89,7,56,99,31,107,65,80,4,28,94,115,90"/><V100/><F39/><W126/><G115/><T45/><D3/><U0/><E118/><V19/><F114/><W10/><G126/><T29/><D81/><U5/><E57/><V9/><F117/><W46/><G46/><T23/><D37/><U27/><E105/><V87/><F73/><W119/><G119/><T120/><D120/><N who="1" m="46155" /><E93/><V54/><F125/><W63/><G4/><T61/><D62/><U36/><E36/><V122/><F122/><W22/><G22/><T88/><D29/><N who="1" m="19879" /><E27/><V70/><F134/><W2/><G89/><T84/><D91/><U33/><E33/><V42/><F34/><W58/><G80/><T53/><D45/><U132/><E82/><V71/><F71/><W106/><REACH who="3" step="1"/><G58/><REACH who="3" ten="266,347,231,146" step="2"/><T86/><D21/><N who="1" m="11471" /><E132/><V26/><F70/><W85/><G85/><N who="0" m="52239" /><D23/><U79/><E76/><V60/><F87/><W74/><G74/><T95/><D84/><U25/><E25/><V75/><F26/><W133/><G133/><T130/><D86/><U101/><E79/><V102/><F75/><W8/><G8/><T16/><D59/><U127/><E78/><V17/><F9/><W40/><G40/><T124/><D47/><U104/><E127/><V131/><F42/><W41/><G41/><T116/><D124/><U135/><E135/><V128/><F30/><AGARI ba="0,1" hai="2,7,10,28,30,31,56,63,65,90,94,99,106,107" machi="30" ten="40,5200,0" yaku="1,1,52,2,53,0" doraHai="103" doraHaiUra="83" who="3" fromWho="2" sc="266,0,347,0,231,-52,146,62" /><INIT seed="3,0,0,4,3,110" ten="266,347,179,208" oya="3" hai0="43,120,60,29,2,32,42,129,20,34,5,134,113" hai1="117,100,53,21,98,95,72,107,124,71,46,40,135" hai2="76,18,102,63,24,28,41,94,1,58,10,89,48" hai3="93,123,69,0,75,13,87,119,67,39,111,88,27"/><W118/><G119/><T47/><D43/><U61/><E72/><V80/><F102/><W55/><G123/><T133/><D113/><U125/><E117/><V78/><F1/><W26/><G0/><T96/><D120/><U9/><E21/><V73/><F76/><W64/><G39/><T25/><D60/><U108/><E9/><V6/><F6/><W81/><G118/><T56/><D56/><U35/><E35/><V92/><F10/><W31/><G69/><T79/><D129/><U70/><E107/><V126/><F18/><W7/><G111/><T12/><D12/><U86/><E86/><V37/><F37/><W65/><G55/><T97/><D79/><U68/><E135/><N who="0" m="51721" /><D5/><U104/><E104/><V19/><F126/><N who="1" m="48745" /><E108/><V74/><F19/><W99/><G75/><T51/><D2/><U66/><E53/><V44/><F73/><W17/><G7/><T114/><D114/><U130/><E130/><V91/><F94/><W11/><REACH who="3" step="1"/><G31/><REACH who="3" ten="266,347,179,198" step="2"/><T59/><D29/><U50/><AGARI ba="0,1" hai="40,46,50,61,66,68,70,71,95,98,100" m="48745" machi="50" ten="30,1100,0" yaku="18,1" doraHai="110" who="1" fromWho="1" sc="266,-3,347,21,179,-3,198,-5" owari="263,6.0,368,47.0,176,-32.0,193,-21.0" /></mjloggm>