<mjloggm ver="2.3"><GO type="169" lobby="0"/><UN n0="%E8%83%A1%E6%A4%92%E7%B2%89" n1="%E5%B0%B1%E6%B4%BB%E7%94%9F%40%E5%B7%9D%E6%9D%91%E8%BB%8D%E5%9B%A3" n2="%7A%65%52%6F" n3="%73%69%6E%73%69%73%74" dan="16,17,16,17" rate="2094.24,2196.95,2147.11,2134.15" sx="M,M,M,M"/><TAIKYOKU oya="0"/><INIT seed="0,0,0,5,4,23" ten="250,250,250,250" oya="0" hai0="105,36,31,30,27,37,45,21,135,79,108,91,18" hai1="72,4,86,127,81,93,97,75,69,115,118,5,62" hai2="123,8,1,84,103,78,70,44,42,80,29,77,95" hai3="14,40,7,57,94,16,112,24,61,63,104,124,121"/><T52/><D105/><U6/><E118/><V68/><F123/><W22/><G112/><T34/><D135/><U12/><E115/><V89/><F103/><W117/><G117/><T3/><D3/><U55/><E127/><V64/><F78/><W99/><G104/><T111/><D79/><U58/><E69/><V47/><F47/><W90/><G124/><T28/><D91/><U65/><E55/><V56/><F56/><W26/><G121/><T46/><D34/><U116/><E116/><V119/><F64/><W49/><G7/><T102/><D102/><U59/><E59/><V101/><F101/><W53/><G40/><T38/><D52/><U82/><E86/><V88/><F89/><W113/><G113/><T9/><REACH who="0" step="1"/><D9/><REACH who="0" ten="240,250,250,250" step="2"/><U15/><E75/><V51/><F119/><W120/><G120/><T74/><D74/><U10/><E10/><V50/><F1/><W106/><G106/><T100/><D100/><N who="1" m="60463" /><E72/><V87/><F8/><W54/><G61/><T13/><D13/><AGARI ba="0,1" hai="4,5,6,12,13,15,58,62,65,81,82" m="60463" machi="13" ten="30,1000,0" yaku="8,1" doraHai="23" who="1" fromWho="0" sc="240,-10,250,20,250,0,250,0" /><INIT seed="1,0,0,5,3,67" ten="230,270,250,250" oya="1" hai0="57,78,43,111,56,68,8,98,75,41,9,1,40" hai1="128,17,28,105,20,62,133,33,131,101,91,23,89" hai2="85,18,25,63,97,42,60,81,83,31,50,49,124" hai3="32,36,65,109,21,88,116,66,10,132,120,82,39"/><U69/><E133/><V0/><F0/><W34/><G10/><T134/><D111/><U55/><E105/><V84/><F124/><W76/><G76/><T44/><D134/><U102/><E33/><V45/><F18/><W127/><G132/><T52/><D9/><U5/><E5/><V58/><F97/><W27/><G82/><T79/><D79/><U118/><E118/><V6/><F6/><W86/><G86/><T15/><D1/><U104/><E104/><V19/><F19/><W53/><G53/><T90/><D78/><U4/><E4/><V35/><F84/><W135/><G135/><T125/><D75/><U74/><E74/><V123/><F123/><W3/><G3/><T46/><D68/><U61/><E55/><V112/><F112/><W29/><G21/><T94/><D125/><U51/><E17/><V80/><F85/><W126/><G27/><T37/><D37/><U48/><E28/><V47/><F58/><W16/><G16/><N who="0" m="8295" /><D56/><U107/><E107/><V38/><F38/><W103/><G29/><T71/><D71/><AGARI ba="0,0" hai="20,23,48,51,61,62,69,71,89,91,101,102,128,131" machi="71" ten="25,9600,0" yaku="22,2,52,2" doraHai="67" who="1" fromWho="0" sc="230,-96,270,96,250,0,250,0" /><INIT seed="1,1,0,4,0,94" ten="134,366,250,250" oya="1" hai0="116,60,13,112,120,99,76,86,72,61,19,21,113" hai1="69,5,45,35,81,8,42,109,103,16,28,2,80" hai2="108,122,56,22,30,130,37,118,78,47,84,48,0" hai3="14,75,73,102,101,107,89,68,15,39,83,77,100"/><U59/><E69/><V27/><F118/><W74/><G39/><T7/><D116/><U135/><E135/><V26/><F122/><W53/><G53/><T41/><D72/><N who="3" m="27753" /><G15/><T3/><D120/><U114/><E114/><V65/><F0/><W97/><G14/><T20/><D41/><U91/><E109/><V11/><F108/><W117/><G68/><T17/><D7/><U34/><E103/><N who="3" m="39498" /><G117/><T64/><D3/><U25/><E35/><V96/><F37/><W127/><G127/><T50/><D50/><U18/><E59/><V98/><F130/><W134/><G134/><T110/><D110/><U58/><E58/><V93/><F27/><W123/><G123/><T111/><D13/><U106/><E106/><V132/><F11/><W63/><G63/><T95/><D111/><U32/><E32/><V44/><F132/><W1/><G1/><T9/><D9/><U43/><E43/><V52/><F65/><W121/><G121/><T85/><D64/><U31/><E31/><V71/><F71/><W124/><G124/><T12/><D12/><U4/><E4/><V66/><F66/><W119/><G119/><T57/><D57/><U128/><E128/><V82/><F93/><W126/><G126/><T90/><D95/><U88/><E45/><AGARI ba="1,0" hai="22,26,30,44,45,47,48,52,56,78,82,84,96,98" machi="45" ten="40,8000,1" yaku="8,1,52,2,54,1" doraHai="94" who="2" fromWho="1" sc="134,0,366,-83,250,83,250,0" /><INIT seed="2,0,0,4,2,23" ten="134,283,333,250" oya="2" hai0="114,111,10,4,33,24,25,109,53,1,121,131,124" hai1="55,26,73,41,21,18,9,68,106,46,58,125,81" hai2="102,43,30,99,27,49,69,86,82,45,108,56,96" hai3="105,115,15,75,118,28,97,129,127,19,90,5,31"/><V134/><F69/><W40/><G118/><T117/><D117/><U67/><E106/><V132/><F108/><N who="0" m="41546" /><D114/><U12/><E125/><V74/><F74/><W35/><G75/><T42/><D42/><U7/><E68/><V20/><F56/><W104/><G127/><T77/><D77/><U87/><E73/><V38/><F38/><W29/><G115/><T98/><D124/><U112/><E67/><V92/><REACH who="2" step="1"/><F99/><REACH who="2" ten="134,283,323,250" step="2"/><W34/><G97/><T119/><D98/><U91/><E112/><V78/><AGARI ba="0,1" hai="20,27,30,43,45,49,78,82,86,92,96,102,132,134" machi="78" ten="30,12000,1" yaku="1,1,2,1,0,1,52,1,53,1" doraHai="23" doraHaiUra="17" who="2" fromWho="2" sc="134,-40,283,-40,323,130,250,-40" /><INIT seed="2,1,0,0,4,19" ten="94,243,453,210" oya="2" hai0="44,91,74,15,130,43,73,2,111,36,45,49,115" hai1="54,85,86,57,7,46,104,32,127,65,118,114,131" hai2="92,97,48,101,56,110,30,64,134,108,33,99,84" hai3="40,21,26,75,133,81,9,95,58,16,105,100,102"/><V3/><F3/><W87/><G133/><T14/><D2/><U103/><E32/><V96/><F134/><W8/><G105/><T78/><D115/><U112/><E7/><V129/><F129/><W125/><G125/><T61/><D130/><U5/><E5/><V122/><F122/><W67/><G75/><T23/><D111/><U77/><E65/><V51/><F30/><W55/><G40/><T6/><D6/><U117/><E46/><V120/><F33/><W121/><G67/><T42/><D61/><U47/><E47/><V59/><F120/><W83/><G83/><T22/><D91/><U88/><E57/><V24/><F24/><W135/><G135/><T53/><D53/><U71/><E54/><V76/><F110/><W63/><G121/><T35/><D35/><U69/><E104/><V1/><F1/><W34/><G34/><T60/><D60/><U11/><E11/><N who="3" m="4170" /><G95/><T98/><D78/><AGARI ba="1,0" hai="16,21,26,55,58,63,78,81,87,100,102" m="4170" machi="78" ten="30,3900,0" yaku="8,1,52,1,54,1" doraHai="19" who="3" fromWho="0" sc="94,-42,243,0,453,0,210,42" /><INIT seed="3,0,0,0,3,34" ten="52,243,453,252" oya="3" hai0="53,25,6,135,9,58,78,113,92,47,115,123,105" hai1="41,81,98,22,122,28,93,114,124,70,65,111,133" hai2="103,43,125,120,117,134,26,55,109,39,4,48,11" hai3="19,17,99,64,79,12,45,100,112,91,77,118,116"/><W85/><G112/><N who="0" m="43083" /><D105/><U50/><E111/><V14/><F117/><W37/><G64/><T63/><D135/><U3/><E122/><V101/><F120/><W128/><G128/><T131/><D131/><U89/><E133/><V127/><F109/><W36/><G19/><T104/><D104/><U57/><E124/><V107/><F134/><W67/><G67/><T68/><D123/><U16/><E3/><V33/><F43/><W1/><G1/><N who="0" m="207" /><D78/><U86/><E114/><V62/><F62/><W23/><G79/><T35/><D92/><U95/><E28/><N who="2" m="19607" /><F39/><W119/><G77/><T82/><D82/><U15/><E70/><V102/><F107/><W80/><REACH who="3" step="1"/><G45/><REACH who="3" ten="52,243,453,242" step="2"/><T72/><D47/><N who="1" m="25967" /><E98/><V106/><F127/><W51/><G51/><T20/><D68/><U66/><E66/><V96/><F48/><W110/><G110/><T132/><D132/><U108/><E108/><V126/><F125/><W52/><G52/><T90/><D72/><U7/><E7/><V69/><F55/><W49/><G49/><T46/><D46/><U97/><E97/><V129/><F96/><W71/><G71/><T74/><D74/><U88/><E89/><V31/><F69/><W42/><G42/><T38/><D38/><U130/><E130/><V87/><F129/><W5/><G5/><T59/><D59/><U13/><E13/><V24/><F126/><W18/><G18/><N who="0" m="12439" /><D90/><U30/><E65/><V75/><F75/><W73/><G73/><T56/><D56/><U21/><E57/><V84/><F4/><W0/><G0/><T10/><D35/><U54/><E54/><RYUUKYOKU ba="0,1" sc="52,10,243,10,453,-30,242,10" hai0="10,53,58,63" hai1="15,16,21,22,30,81,86,88,93,95" hai3="12,17,23,36,37,80,85,91,99,100,116,118,119" /><INIT seed="3,1,1,3,0,64" ten="62,253,423,252" oya="3" hai0="33,104,42,105,44,84,114,123,36,47,21,63,26" hai1="40,52,110,9,24,115,30,82,135,61,69,117,11" hai2="34,68,53,120,126,6,70,116,20,83,79,134,1" hai3="32,102,13,91,67,75,103,16,4,23,88,37,31"/><W90/><G75/><T125/><D123/><U59/><E115/><V65/><F34/><W54/><G37/><T46/><D33/><U106/><E106/><V108/><F116/><W0/><G67/><T93/><D114/><U100/><E135/><V28/><F134/><W71/><G71/><T17/><D125/><U127/><E110/><V25/><F108/><W129/><G129/><T113/><D113/><U132/><E69/><V14/><F1/><W15/><G54/><T3/><D3/><U73/><E132/><V97/><F65/><W51/><G51/><T10/><D10/><U78/><E127/><V124/><F126/><W2/><G15/><T133/><D133/><U29/><E100/><V48/><F124/><W56/><G56/><T39/><D63/><U99/><E99/><V107/><F120/><W43/><G43/><T89/><REACH who="0" step="1"/><D47/><REACH who="0" ten="52,253,423,252" step="2"/><U121/><E121/><V131/><F131/><W12/><G0/><T41/><AGARI ba="1,2" hai="17,21,26,36,39,41,42,44,46,84,89,93,104,105" machi="41" ten="30,7900,0" yaku="1,1,2,1,0,1,9,1,53,0" doraHai="64" doraHaiUra="35" who="0" fromWho="0" sc="52,102,253,-21,423,-21,252,-40" /><INIT seed="4,0,0,5,3,3" ten="154,232,402,212" oya="0" hai0="118,93,52,50,43,22,49,31,116,85,11,77,121" hai1="102,10,58,123,106,72,103,107,129,131,8,6,80" hai2="14,38,32,108,68,124,15,35,40,42,34,21,135" hai3="133,12,53,17,30,75,55,78,127,132,1,98,95"/><T7/><D121/><U122/><E58/><V81/><F108/><W29/><G1/><T18/><D31/><N who="3" m="11785" /><G127/><T41/><D116/><U92/><E10/><V64/><F124/><W54/><G78/><T70/><D70/><U51/><E51/><V61/><F135/><N who="3" m="51787" /><G75/><T46/><D118/><U0/><E80/><V5/><F38/><W63/><G63/><T16/><D50/><U37/><E37/><V33/><F33/><W90/><G54/><T19/><D22/><AGARI ba="0,0" hai="12,17,22,53,55,90,95,98" m="51787,11785" machi="22" ten="30,1000,0" yaku="20,1" doraHai="3" who="3" fromWho="0" sc="154,-10,232,0,402,0,212,10" /><INIT seed="5,0,0,2,2,51" ten="144,232,402,222" oya="1" hai0="57,86,98,126,133,111,8,40,54,65,100,80,109" hai1="45,130,92,15,23,90,18,123,103,59,50,42,77" hai2="49,25,35,108,32,9,78,55,16,115,63,128,64" hai3="39,112,56,76,94,52,83,3,74,72,53,29,5"/><U17/><E123/><V119/><F119/><W28/><G112/><T96/><D133/><U1/><E1/><V117/><F117/><W36/><G94/><T22/><D40/><U134/><E134/><V88/><F108/><W38/><G74/><T132/><D132/><U21/><E130/><V2/><F128/><W14/><G3/><T135/><D135/><U99/><E77/><V47/><F78/><W95/><G95/><T104/><D126/><U122/><E122/><V66/><F115/><W106/><G106/><T82/><D65/><U121/><E59/><V4/><F66/><W60/><REACH who="3" step="1"/><G53/><REACH who="3" ten="144,232,402,212" step="2"/><T26/><D98/><U118/><E118/><V31/><F55/><W13/><G13/><T124/><D124/><U67/><E121/><V91/><F2/><W120/><G120/><T11/><D82/><U79/><E67/><V10/><F64/><W84/><G84/><T131/><D131/><U116/><E116/><V87/><F87/><W44/><G44/><T85/><D85/><U107/><E107/><V43/><F47/><W58/><G58/><T6/><D109/><U19/><E15/><V114/><F114/><W30/><G30/><N who="0" m="17751" /><D111/><U97/><E99/><V46/><F46/><W71/><G71/><T68/><D68/><U125/><E125/><V110/><F31/><W37/><N who="3" m="9216" /><DORA hai="81" /><W12/><G12/><T73/><D73/><U102/><E79/><V34/><F110/><W61/><G61/><N who="0" m="36023" /><D6/><U89/><E102/><V127/><F4/><W75/><G75/><T129/><D129/><U70/><E70/><V62/><F127/><W48/><G48/><RYUUKYOKU ba="0,1" sc="144,10,232,10,402,-30,212,10" hai0="8,11,80,86,96,100,104" hai1="17,18,19,21,23,42,45,50,89,90,92,97,103" hai3="5,14,28,29,52,56,60,72,76,83" /><INIT seed="5,1,1,3,4,26" ten="154,242,372,222" oya="1" hai0="115,2,114,18,90,8,34,22,50,5,71,40,91" hai1="78,55,121,109,98,59,45,100,19,76,123,117,17" hai2="127,48,108,10,62,126,87,120,9,130,14,23,101" hai3="125,7,47,81,124,72,66,63,64,92,133,0,58"/><U42/><E117/><V65/><F108/><W57/><G133/><T99/><D71/><U106/><E109/><V77/><F120/><W4/><G47/><T85/><D99/><U67/><E67/><V68/><F101/><W36/><G36/><T46/><D34/><U86/><E121/><V107/><F107/><W24/><G92/><T54/><D40/><U104/><E104/><V73/><F73/><W116/><G116/><T52/><D54/><U38/><E123/><V84/><F130/><W1/><G24/><T83/><REACH who="0" step="1"/><D91/><REACH who="0" ten="144,242,372,222" step="2"/><U69/><E69/><V61/><F68/><W11/><G64/><T131/><D131/><U119/><E119/><V95/><F65/><W102/><G66/><T29/><D29/><U43/><E43/><V74/><F127/><W122/><G124/><T16/><D16/><U20/><E19/><V128/><F126/><W129/><G125/><T89/><D89/><U35/><E35/><V103/><F128/><W30/><G30/><T94/><D94/><U134/><E134/><V33/><F95/><W110/><G110/><T27/><AGARI ba="1,2" hai="2,5,8,18,22,27,46,50,52,83,85,90,114,115" machi="27" ten="30,7900,0" yaku="1,1,0,1,54,1,53,1" doraHai="26" doraHaiUra="3" who="0" fromWho="0" sc="144,102,242,-40,372,-21,222,-21" /><INIT seed="6,0,0,1,1,28" ten="246,202,351,201" oya="2" hai0="118,79,105,38,114,82,76,134,58,20,27,91,23" hai1="72,97,115,29,57,116,130,56,36,54,85,93,98" hai2="69,109,9,73,87,68,94,30,119,52,86,120,21" hai3="65,26,62,34,6,51,13,42,71,113,107,133,2"/><V3/><F73/><W16/><G133/><T129/><D134/><U81/><E36/><V103/><F109/><W40/><G107/><T106/><D38/><U19/><E72/><V18/><F119/><W89/><G113/><T100/><D114/><U131/><E29/><V35/><F120/><W7/><G89/><T108/><D108/><U70/><E70/><V66/><F66/><W99/><G99/><N who="1" m="37898" /><E93/><V45/><F103/><W135/><G135/><T64/><D105/><U127/><E54/><V53/><F69/><W96/><G96/><T33/><D129/><N who="1" m="49163" /><E115/><V24/><F68/><W84/><G84/><T92/><D106/><U39/><E39/><V60/><F60/><W32/><G26/><T55/><D64/><U125/><E19/><V10/><F94/><W22/><G6/><T48/><D100/><U102/><E102/><V0/><F87/><W95/><G95/><T37/><D37/><U47/><E47/><V43/><F86/><W121/><G121/><T112/><D112/><U46/><E46/><V77/><F45/><W49/><G51/><T101/><D101/><U132/><E132/><V126/><F53/><W80/><G80/><T61/><D118/><U4/><E4/><V5/><F52/><W128/><G128/><T124/><D48/><U41/><E41/><N who="3" m="15978" /><G49/><T111/><D111/><U17/><E17/><V15/><F43/><W8/><G71/><T25/><D82/><U11/><E11/><V59/><F10/><W78/><G78/><T44/><D79/><N who="1" m="46271" /><E116/><V117/><F117/><W67/><G65/><T83/><D44/><U63/><E63/><RYUUKYOKU ba="0,0" sc="246,-15,202,15,351,-15,201,15" hai1="56,57,125,127" hai3="2,7,8,13,16,22,32,34,62,67" /><INIT seed="7,1,0,5,3,47" ten="231,217,336,216" oya="3" hai0="125,120,129,97,95,54,45,94,6,127,74,12,131" hai1="134,92,18,73,133,78,77,121,104,91,76,124,96" hai2="8,56,72,22,114,53,13,81,43,26,71,102,67" hai3="100,38,89,16,9,130,19,80,66,28,79,44,85"/><W123/><G123/><T50/><D74/><U34/><E34/><V21/><F114/><W40/><G130/><N who="0" m="49675" /><D120/><U70/><E70/><V0/><F0/><W135/><G135/><N who="1" m="51722" /><E121/><V93/><F43/><W52/><G66/><T46/><D46/><U30/><E30/><V107/><F107/><W112/><G112/><T7/><D12/><U2/><E2/><V64/><F71/><W33/><G100/><N who="0" m="60471" /><D95/><U14/><E124/><AGARI ba="1,0" hai="6,7,45,50,54,124,125,127" m="60471,49675" machi="124" ten="30,3900,0" yaku="18,1,19,1,52,1" doraHai="47" who="0" fromWho="1" sc="231,42,217,-42,336,0,216,0" owari="273,7.0,175,-32.0,336,43.0,216,-18.0" /></mjloggm>