<mjloggm ver="2.3"><GO type="169" lobby="0"/><UN n0="%49%53%53%4F%4E%34" n1="%77%61%77%61%33%30%33%30" n2="%E3%82%A6%E3%83%AB%E3%83%88%E3%83%A9%E7%AB%8B%E7%9B%B4" n3="%55%4E%4B%4F%63%68%61%6E" dan="17,17,18,17" rate="2172.48,2173.21,2178.10,2143.10" sx="M,M,M,M"/><TAIKYOKU oya="0"/><INIT seed="0,0,0,2,0,9" ten="250,250,250,250" oya="0" hai0="53,25,95,85,6,133,5,99,63,90,19,111,135" hai1="50,91,94,11,130,126,121,40,24,98,30,59,62" hai2="22,39,79,16,104,108,64,57,96,8,7,49,83" hai3="124,34,115,4,33,1,120,3,70,116,114,43,72"/><T17/><D111/><U112/><E126/><V105/><F39/><W21/><G43/><T27/><D27/><U58/><E130/><V46/><F96/><W31/><G72/><T56/><D85/><U71/><E112/><N who="3" m="43050" /><G70/><T101/><D101/><U29/><E121/><V93/><F93/><W67/><G67/><T15/><D17/><U28/><E71/><V55/><F108/><W82/><G82/><T35/><D35/><N who="3" m="13321" /><G124/><T131/><D131/><U107/><E107/><V0/><F64/><W74/><G74/><T132/><REACH who="0" step="1"/><D25/><REACH who="0" ten="240,250,250,250" step="2"/><U44/><E24/><V2/><F16/><W102/><G102/><T103/><D103/><U20/><E20/><AGARI ba="0,1" hai="5,6,15,19,20,53,56,63,90,95,99,132,133,135" machi="20" ten="40,12000,1" yaku="1,1,20,1,52,1,53,1" doraHai="9" doraHaiUra="88" who="0" fromWho="1" sc="240,130,250,-120,250,0,250,0" /><INIT seed="0,1,0,5,4,29" ten="370,130,250,250" oya="0" hai0="21,96,16,86,39,5,9,1,6,110,52,19,107" hai1="130,7,2,98,88,28,84,114,40,24,94,124,75" hai2="90,11,70,47,115,0,103,4,48,101,61,99,56" hai3="51,113,12,92,41,23,133,123,81,15,119,30,65"/><T77/><D39/><U80/><E124/><V76/><F70/><W128/><G113/><T60/><D110/><U118/><E130/><V63/><F76/><W89/><G119/><T117/><D117/><U116/><E114/><V111/><F111/><W35/><G128/><T95/><D107/><U22/><E40/><V127/><F127/><W37/><G37/><T106/><D106/><U38/><E38/><V71/><F71/><W108/><G65/><T27/><D6/><U45/><E45/><V91/><F115/><W73/><G35/><T66/><D77/><U102/><REACH who="1" step="1"/><E75/><REACH who="1" ten="370,120,250,250" step="2"/><V59/><F47/><W46/><G73/><T42/><D42/><U78/><E78/><V126/><F126/><W112/><G112/><T93/><D86/><U50/><E50/><V100/><F48/><W31/><G51/><T67/><D95/><U36/><E36/><V83/><F83/><W18/><G81/><T10/><D93/><U17/><E17/><V125/><F125/><W134/><G18/><T131/><D131/><U64/><E64/><V132/><F99/><W79/><G92/><T129/><D129/><U97/><E97/><V44/><F44/><W34/><G46/><T62/><D96/><U109/><E109/><V105/><F105/><W49/><G79/><T72/><D72/><U53/><E53/><V14/><F61/><N who="0" m="23658" /><D52/><U121/><E121/><V32/><F63/><W13/><G123/><T122/><D122/><U8/><AGARI ba="1,1" hai="2,7,8,22,24,28,80,84,88,94,98,102,116,118" machi="8" ten="30,4000,0" yaku="1,1,0,1,54,1,53,0" doraHai="29" doraHaiUra="104" who="1" fromWho="1" sc="370,-21,120,53,250,-11,250,-11" /><INIT seed="1,0,0,5,5,128" ten="349,173,239,239" oya="1" hai0="7,110,18,134,12,50,69,53,72,41,4,6,65" hai1="74,106,24,109,112,55,103,125,122,17,93,121,35" hai2="28,89,19,59,131,99,83,54,33,85,9,2,119" hai3="61,91,57,113,40,82,104,62,26,77,0,120,31"/><U51/><E112/><V3/><F119/><W129/><G113/><T95/><D72/><U5/><E106/><V27/><F131/><W101/><G120/><T67/><D69/><U92/><E74/><V43/><F43/><W45/><G0/><T97/><D41/><U96/><E5/><V34/><F34/><W78/><G129/><T64/><D110/><U84/><E109/><V37/><F37/><W108/><G108/><T15/><D134/><U124/><E92/><V1/><F99/><W133/><G133/><T75/><D75/><U116/><E84/><V32/><F32/><W135/><G135/><T16/><D15/><U39/><E39/><V111/><F111/><W14/><G14/><T127/><D12/><U20/><E35/><V132/><F19/><W100/><G104/><T90/><REACH who="0" step="1"/><D127/><REACH who="0" ten="339,173,239,239" step="2"/><N who="1" m="48715" /><E116/><V47/><F132/><W80/><G40/><T42/><D42/><U115/><E115/><V8/><F1/><W38/><G38/><T46/><AGARI ba="0,1" hai="4,6,7,16,18,46,50,53,64,65,67,90,95,97" machi="46" ten="30,7900,0" yaku="1,1,0,1,8,1,54,1,53,0" doraHai="128" doraHaiUra="22" who="0" fromWho="0" sc="339,89,173,-39,239,-20,239,-20" /><INIT seed="2,0,0,4,3,60" ten="428,134,219,219" oya="2" hai0="8,25,87,85,120,107,93,97,90,103,100,30,5" hai1="63,66,20,3,31,112,121,61,127,88,51,45,131" hai2="134,86,102,79,109,4,119,122,24,19,105,35,132" hai3="13,9,77,55,128,7,96,44,26,114,59,113,116"/><V78/><F4/><W53/><G116/><T49/><D120/><U82/><E112/><N who="3" m="43114" /><G128/><T22/><D49/><U72/><E121/><V23/><F119/><W47/><G77/><T46/><D46/><N who="3" m="17449" /><G59/><T106/><D87/><U32/><E32/><V115/><F115/><W91/><G26/><T124/><D100/><U98/><E131/><V17/><F122/><W6/><G6/><T75/><D75/><U89/><E72/><V92/><F35/><W56/><G56/><T10/><D10/><U125/><E127/><V57/><F57/><W104/><G91/><T108/><D124/><U37/><E89/><N who="2" m="53303" /><F19/><W123/><G123/><T1/><D108/><U94/><E125/><V67/><F109/><W58/><G58/><T14/><D14/><U70/><E3/><V135/><F67/><W118/><G118/><T12/><D12/><U76/><E76/><V29/><F17/><W33/><G33/><T95/><AGARI ba="0,0" hai="1,5,8,22,25,30,85,90,93,95,97,103,106,107" machi="95" ten="20,1500,0" yaku="0,1,7,1" doraHai="60" who="0" fromWho="0" sc="428,15,134,-4,219,-7,219,-4" /><INIT seed="3,0,0,1,0,78" ten="443,130,212,215" oya="3" hai0="83,119,59,34,134,88,117,111,135,28,114,38,109" hai1="21,45,115,129,91,20,57,73,35,124,56,89,72" hai2="84,133,50,54,127,92,120,15,100,36,24,76,8" hai3="105,26,16,90,125,62,44,97,130,110,25,41,82"/><W55/><G125/><T107/><D38/><U121/><E124/><V61/><F36/><W123/><G123/><T30/><D107/><U47/><E35/><V132/><F61/><W102/><G130/><T32/><D59/><U51/><E51/><V23/><F120/><W113/><G113/><T75/><D75/><U66/><E121/><V1/><F1/><W33/><G110/><N who="0" m="41995" /><D114/><U9/><E9/><V79/><F127/><W68/><G33/><N who="0" m="12907" /><D88/><U99/><E99/><V6/><F133/><N who="0" m="50698" /><D83/><U63/><E115/><V4/><F100/><W65/><G55/><T39/><D39/><U118/><E63/><V77/><F77/><W74/><G74/><T11/><D11/><U104/><E104/><V27/><F79/><W112/><G112/><T52/><D52/><U98/><E98/><V103/><F76/><W95/><G82/><T14/><D14/><U87/><E87/><V69/><F84/><W94/><G105/><T19/><D19/><U17/><E17/><V80/><F54/><W60/><G60/><T58/><D58/><U81/><E129/><V40/><F80/><W12/><G94/><T43/><D43/><U31/><E81/><V2/><F92/><W101/><G101/><T96/><D96/><U22/><E72/><V3/><F40/><W122/><G102/><T128/><D128/><U71/><E73/><V116/><F103/><W18/><G18/><T7/><D7/><U106/><E106/><V86/><F4/><W108/><G108/><T37/><D37/><U85/><E57/><V49/><F132/><W64/><G122/><T131/><D131/><RYUUKYOKU ba="0,0" sc="443,30,130,-10,212,-10,215,-10" hai0="28,30,117,119" /><INIT seed="4,1,0,5,2,96" ten="473,120,202,205" oya="0" hai0="5,7,125,101,35,80,49,75,62,73,63,115,44" hai1="85,88,97,48,11,31,81,131,133,84,122,123,58" hai2="113,66,86,94,89,18,106,56,43,50,20,120,33" hai3="70,0,100,93,104,72,24,15,105,82,114,134,19"/><T34/><D80/><U46/><E131/><V76/><F33/><W8/><G70/><T51/><D44/><U129/><E129/><V107/><F120/><W68/><G68/><T110/><D115/><U69/><E69/><V57/><F113/><W128/><G114/><T38/><D125/><U59/><E133/><V124/><F124/><W79/><G134/><T61/><D38/><U132/><E132/><V13/><F43/><W91/><G128/><T67/><D67/><U71/><E71/><V41/><F41/><W83/><G0/><T121/><D110/><U29/><E11/><V32/><F32/><N who="0" m="12330" /><D101/><U130/><E130/><V12/><F12/><W127/><G127/><T47/><D47/><U90/><E97/><V17/><F17/><W102/><G83/><T87/><D87/><U14/><E14/><V55/><F76/><W10/><G10/><T92/><D92/><U135/><E135/><V9/><F9/><W65/><G65/><T52/><D52/><N who="1" m="29719" /><E122/><V117/><F117/><W53/><G53/><T78/><D78/><U77/><E123/><V21/><F21/><N who="3" m="13375" /><G104/><T98/><D121/><U25/><E25/><V26/><REACH who="2" step="1"/><F26/><REACH who="2" ten="473,120,192,205" step="2"/><W40/><G40/><T103/><D5/><U28/><E77/><V111/><F111/><W3/><G105/><N who="0" m="63735" /><D7/><U6/><E6/><V39/><F39/><W16/><G3/><T2/><D2/><U4/><E4/><V126/><F126/><W45/><G8/><T1/><D1/><U109/><E109/><V64/><F64/><W112/><G15/><T36/><D36/><U95/><AGARI ba="1,1" hai="28,29,31,58,59,81,84,85,88,90,95" m="29719" machi="95" ten="30,4000,0" yaku="8,1,54,2" doraHai="96" who="1" fromWho="1" sc="473,-21,120,53,192,-11,205,-11" /><INIT seed="5,0,0,4,3,58" ten="452,173,181,194" oya="1" hai0="134,45,31,86,76,30,125,16,105,43,101,96,115" hai1="40,87,25,26,2,106,13,10,61,51,9,79,56" hai2="28,32,121,88,113,23,109,4,118,49,39,112,53" hai3="132,63,21,57,95,62,123,74,12,8,18,85,78"/><U46/><E106/><V41/><F121/><W93/><G123/><T128/><D115/><N who="2" m="44106" /><F109/><W108/><G108/><T116/><D116/><U33/><E33/><V126/><F118/><W91/><G132/><T102/><D102/><U98/><E98/><V19/><F4/><W59/><G74/><T82/><D134/><U15/><E2/><V38/><F41/><W94/><G78/><T103/><D103/><U80/><E13/><N who="2" m="9711" /><F126/><W37/><G37/><T47/><D125/><U107/><E10/><V48/><F48/><W44/><G44/><T36/><D47/><U52/><E107/><V122/><F122/><W110/><G110/><T11/><D128/><U127/><E127/><V135/><F88/><W34/><G34/><T117/><D117/><U66/><E66/><V71/><F71/><W3/><G3/><T55/><D55/><U14/><E14/><V114/><N who="2" m="44114" /><V50/><DORA hai="27" /><F50/><W131/><G131/><T70/><D70/><U7/><AGARI ba="0,0" hai="7,9,15,25,26,40,46,51,52,56,61,79,80,87" machi="7" ten="20,18000,2" yaku="0,1,7,1,25,2,8,1,52,1,54,1" doraHai="58,27" who="1" fromWho="1" sc="452,-60,173,180,181,-60,194,-60" /><INIT seed="5,1,0,2,0,33" ten="392,353,121,134" oya="1" hai0="99,100,80,44,70,3,83,47,82,116,77,117,51" hai1="57,65,60,19,85,92,104,90,0,59,49,74,18" hai2="96,132,46,29,34,109,7,56,94,111,119,133,15" hai3="66,84,9,5,115,41,20,107,120,61,28,91,128"/><U88/><E74/><V105/><F105/><W73/><G120/><T131/><D70/><U72/><E72/><V35/><F119/><W130/><G73/><T1/><D77/><U98/><E0/><N who="0" m="73" /><D51/><U24/><E24/><V76/><F76/><W122/><G122/><T112/><D99/><U89/><E104/><V54/><F46/><N who="0" m="17450" /><D100/><U108/><E108/><V134/><F29/><W113/><G107/><T75/><D75/><U11/><E11/><N who="2" m="4607" /><F34/><W79/><G41/><T121/><D121/><U31/><E31/><V62/><F35/><W81/><G79/><T106/><D106/><U63/><E49/><V103/><AGARI ba="1,0" hai="54,56,62,94,96,103,109,111,132,133,134" m="4607" machi="103" ten="30,1100,0" yaku="20,1" doraHai="33" who="2" fromWho="2" sc="392,-4,353,-6,121,14,134,-4" /><INIT seed="6,0,0,4,1,39" ten="388,347,135,130" oya="2" hai0="0,95,104,47,91,54,20,115,132,83,50,14,27" hai1="102,59,16,69,79,88,28,45,11,87,29,49,99" hai2="100,38,122,133,76,24,15,23,119,58,103,78,60" hai3="35,81,34,74,105,25,126,106,8,80,121,51,92"/><V30/><F122/><W130/><G121/><T63/><D0/><U61/><E69/><V124/><F119/><W93/><G126/><T96/><D115/><U90/><E79/><N who="2" m="30251" /><F38/><W134/><G74/><T33/><D33/><U114/><E114/><V97/><F133/><W13/><G134/><T2/><D2/><U131/><E131/><V135/><F135/><W70/><G70/><T111/><D111/><U44/><E44/><V125/><F15/><W72/><G72/><T110/><D110/><U73/><E73/><V65/><F97/><W113/><G130/><T120/><D132/><U19/><E99/><V55/><F65/><W75/><G75/><T52/><D104/><U37/><E37/><V112/><F112/><W128/><G128/><T9/><D120/><U64/><E102/><V108/><F108/><W5/><G35/><T40/><D63/><U89/><E87/><V41/><F41/><W84/><G34/><T118/><D118/><U26/><E11/><V86/><F86/><W129/><G105/><T7/><D83/><U53/><REACH who="1" step="1"/><E29/><AGARI ba="0,0" hai="7,9,14,20,27,29,40,47,50,52,54,91,95,96" machi="29" ten="30,7700,0" yaku="7,1,8,1,52,1,54,1" doraHai="39" who="0" fromWho="1" sc="388,77,347,-77,135,0,130,0" /><INIT seed="7,0,0,1,2,76" ten="465,270,135,130" oya="3" hai0="130,79,115,117,107,129,100,32,114,65,21,70,96" hai1="12,14,86,63,41,110,49,20,126,118,68,46,7" hai2="121,37,123,2,88,56,6,3,83,87,80,109,13" hai3="77,43,16,116,44,82,89,53,99,26,59,106,58"/><W127/><G116/><T66/><D32/><U112/><E110/><V47/><F109/><W125/><G106/><T74/><D117/><U101/><E112/><N who="0" m="43049" /><D79/><U60/><E126/><N who="3" m="48138" /><G99/><T94/><D74/><U108/><E101/><V57/><F80/><W64/><G89/><T91/><D21/><U113/><E14/><V122/><F13/><W90/><G90/><T45/><D45/><U97/><E12/><V132/><F132/><W29/><G64/><N who="0" m="24683" /><D70/><U73/><E68/><V22/><F22/><N who="3" m="13639" /><G29/><T93/><D107/><U1/><E97/><AGARI ba="0,0" hai="91,93,94,96,97,100,129,130" m="24683,43049" machi="97" ten="30,2000,0" yaku="15,1,11,1" doraHai="76" who="0" fromWho="1" sc="465,20,270,-20,135,0,130,0" owari="485,58.0,250,5.0,135,-26.0,130,-37.0" /></mjloggm>