<mjloggm ver="2.3"><GO type="225" lobby="0"/><UN n0="%E8%85%B9%E7%97%9B%E3%81%BD%E3%81%A3%E3%81%8F%E3%82%93" n1="%E3%82%AB%E3%83%9C%E3%83%81%E3%83%A3%E3%82%BF%E3%83%8D" n2="%E5%B0%B1%E6%B4%BB%E7%94%9F%40%E5%B7%9D%E6%9D%91%E8%BB%8D%E5%9B%A3" n3="%28%EF%BC%BE%CF%89%EF%BC%BE%29%E5%9B%9B%E9%BA%BB%E5%B0%82" dan="17,16,17,16" rate="2215.22,2136.80,2186.97,2081.35" sx="M,M,M,M"/><TAIKYOKU oya="0"/><INIT seed="0,0,0,1,5,94" ten="250,250,250,250" oya="0" hai0="101,104,92,30,53,18,57,121,126,24,43,72,56" hai1="76,42,60,66,131,123,17,54,4,45,6,22,115" hai2="71,23,9,28,41,107,93,26,84,1,20,48,35" hai3="117,51,85,40,119,65,100,118,111,129,87,109,128"/><T34/><D121/><U130/><E123/><V0/><F107/><W62/><G100/><T132/><D72/><U74/><E54/><V86/><F71/><N who="3" m="42423" /><G85/><T95/><D43/><U3/><E115/><V88/><F84/><W133/><G87/><T21/><D132/><U15/><E3/><V61/><F61/><W16/><G16/><T12/><D126/><U19/><E19/><V68/><F68/><W125/><G125/><T8/><D57/><N who="1" m="37135" /><E76/><V59/><F59/><W29/><G29/><T25/><D104/><U106/><E74/><V135/><F135/><W70/><G70/><T110/><D110/><N who="3" m="41993" /><G133/><T63/><REACH who="0" step="1"/><D101/><REACH who="0" ten="240,250,250,250" step="2"/><U78/><E106/><V64/><F64/><W90/><G90/><T46/><D46/><AGARI ba="0,1" hai="40,46,51,117,118,119,128,129" m="41993,42423" machi="46" ten="40,5200,0" yaku="14,1,34,2" doraHai="94" who="3" fromWho="0" sc="240,-52,250,0,250,0,250,62" /><INIT seed="1,0,0,5,5,43" ten="188,250,250,312" oya="1" hai0="70,60,18,115,121,102,9,100,13,114,110,80,95" hai1="46,92,58,99,26,65,35,8,64,127,30,67,57" hai2="1,84,6,83,7,73,12,2,103,27,107,29,28" hai3="112,120,56,106,122,51,53,66,118,75,117,76,123"/><U21/><E127/><V10/><F73/><W82/><G106/><T74/><D110/><U81/><E35/><V134/><F134/><W42/><G112/><T31/><D121/><U124/><E124/><V14/><F103/><W59/><G42/><T135/><D135/><U72/><E8/><N who="2" m="4119" /><F107/><W38/><G38/><T23/><D74/><U93/><E93/><V55/><F55/><W133/><G133/><T15/><D80/><U47/><E81/><V128/><F84/><W77/><G77/><T108/><D108/><U24/><E72/><V0/><F83/><W113/><G113/><T87/><D102/><N who="1" m="60775" /><E24/><V89/><F89/><W101/><G101/><T104/><D104/><U39/><E39/><V85/><F85/><W17/><G17/><T78/><D18/><U37/><E37/><V98/><F98/><W41/><G41/><T48/><D78/><U116/><E116/><N who="3" m="44650" /><G66/><N who="1" m="25706" /><E58/><AGARI ba="0,0" hai="51,53,56,58,59,75,76,82,120,122,123" m="44650" machi="58" ten="40,1300,0" yaku="12,1" doraHai="43" who="3" fromWho="1" sc="188,0,250,-13,250,0,312,13" /><INIT seed="2,0,0,4,2,60" ten="188,237,250,325" oya="2" hai0="31,3,16,51,133,50,25,27,117,92,11,102,130" hai1="83,74,7,43,97,103,55,52,86,42,94,20,132" hai2="128,53,81,70,95,104,46,114,33,65,32,15,12" hai3="126,48,5,38,56,6,40,57,2,10,77,18,109"/><V127/><F104/><W99/><G38/><T9/><D133/><U59/><E74/><V125/><F114/><W93/><G109/><T87/><D130/><U39/><E132/><V123/><F123/><W30/><G30/><T68/><D117/><U91/><E39/><V1/><F1/><W49/><G126/><N who="2" m="48137" /><F128/><W44/><G77/><T61/><D3/><U22/><E7/><N who="3" m="2570" /><G2/><T80/><D25/><U106/><E106/><V107/><F107/><W129/><G129/><T28/><D28/><U105/><E105/><V119/><F81/><W121/><G121/><T115/><D115/><U24/><E55/><V135/><F119/><W67/><G67/><T79/><D102/><U45/><E45/><V35/><F95/><W34/><G34/><T100/><D92/><U13/><E13/><V71/><F135/><W113/><G113/><T96/><D100/><U110/><E110/><V26/><F26/><W58/><G49/><T85/><D50/><N who="1" m="31127" /><E24/><V63/><F70/><W72/><G72/><T75/><D68/><U78/><E103/><V4/><F4/><W0/><G0/><T62/><D51/><AGARI ba="0,0" hai="12,15,32,33,35,46,51,53,63,65,71" m="48137" machi="51" ten="40,3900,0" yaku="18,1,52,1" doraHai="60" who="2" fromWho="0" sc="188,-39,237,0,250,39,325,0" /><INIT seed="2,1,0,5,3,96" ten="149,237,289,325" oya="2" hai0="17,31,113,3,133,87,51,60,105,119,127,37,22" hai1="89,19,114,112,55,43,61,116,21,45,75,57,11" hai2="97,40,8,62,122,107,47,81,131,41,20,124,128" hai3="90,76,34,35,13,4,88,29,49,102,28,94,66"/><V69/><F122/><W98/><G76/><T27/><D37/><U86/><E75/><V74/><F124/><W77/><G77/><T14/><D113/><U67/><E116/><V132/><F132/><W9/><G66/><T123/><D123/><U71/><E11/><V44/><F8/><W129/><G129/><N who="2" m="49737" /><F20/><W135/><G135/><T38/><D38/><U78/><E78/><N who="2" m="44247" /><F62/><W0/><G0/><T110/><D133/><U92/><E45/><N who="2" m="17483" /><F69/><W54/><G34/><T118/><D127/><U59/><E43/><V10/><F10/><W82/><G82/><T80/><D3/><U33/><E71/><V52/><F52/><W65/><G35/><T121/><D121/><U126/><E33/><V111/><F111/><W99/><G65/><T103/><D51/><U104/><E126/><V70/><F70/><W24/><G29/><T63/><D110/><U18/><E18/><V26/><F26/><W53/><G54/><T115/><D115/><U32/><E32/><V68/><F68/><W117/><G117/><N who="0" m="44555" /><D31/><U134/><E134/><V30/><F30/><W6/><G53/><T72/><D27/><U84/><E114/><V16/><F16/><W130/><G24/><T5/><D5/><U125/><E125/><V39/><F39/><W2/><G4/><T36/><D36/><U85/><E112/><V50/><F50/><W109/><G130/><T91/><D72/><U46/><E46/><V56/><F56/><W101/><G109/><T42/><D42/><U73/><E57/><V15/><F15/><W23/><G13/><T64/><D64/><U108/><E67/><RYUUKYOKU ba="1,0" sc="149,15,237,-15,289,15,325,-15" hai0="14,17,22,60,63,80,87,91,103,105" hai2="40,41,97,107" /><INIT seed="2,2,0,5,4,40" ten="164,222,304,310" oya="2" hai0="4,93,55,97,50,92,56,11,75,109,126,15,98" hai1="99,19,78,73,42,102,5,76,6,119,17,1,131" hai2="108,38,32,89,82,43,65,29,105,91,13,83,115" hai3="111,62,114,85,81,39,135,127,64,103,117,128,112"/><V33/><F115/><N who="3" m="44075" /><G117/><T18/><D109/><U130/><E119/><V79/><F105/><W26/><G111/><T20/><D126/><U133/><E133/><V66/><F108/><W25/><G127/><T8/><D75/><U77/><E73/><V44/><F13/><W70/><G135/><T86/><D8/><U122/><E42/><V113/><F113/><W58/><G128/><N who="1" m="49194" /><E1/><V46/><F29/><W23/><G39/><T104/><D104/><N who="1" m="63583" /><E122/><V90/><F79/><N who="3" m="46271" /><G103/><T45/><D56/><U118/><E118/><V74/><F74/><W94/><G94/><T129/><D129/><U14/><E19/><V2/><F2/><W61/><G61/><T9/><D9/><AGARI ba="2,0" hai="5,6,9,14,17,76,77,78" m="63583,49194" machi="9" ten="30,1000,0" yaku="19,1" doraHai="40" who="1" fromWho="0" sc="164,-16,222,16,304,0,310,0" /><INIT seed="3,0,0,0,0,14" ten="148,238,304,310" oya="3" hai0="105,74,57,130,83,28,19,70,111,33,69,95,79" hai1="37,104,119,112,12,58,102,63,7,129,25,1,61" hai2="116,39,113,96,84,54,15,48,36,17,120,26,40" hai3="55,121,62,92,29,45,24,97,86,59,115,91,108"/><W27/><G121/><T89/><D105/><U13/><E112/><V99/><F113/><W51/><G115/><T78/><D111/><U20/><E37/><V16/><F116/><W18/><G108/><T0/><D0/><U80/><E119/><V64/><F120/><W128/><G128/><T77/><D130/><U75/><E129/><V67/><F39/><W126/><G126/><T73/><D33/><U11/><E104/><V32/><F40/><W68/><G68/><T98/><D28/><U3/><E102/><V106/><F84/><W117/><G117/><T93/><D57/><U5/><E61/><V49/><F49/><W114/><G114/><T71/><D95/><U22/><E80/><V72/><F72/><W100/><G18/><T87/><REACH who="0" step="1"/><D19/><REACH who="0" ten="138,238,304,310" step="2"/><N who="1" m="10351" /><E58/><N who="2" m="33095" /><F106/><W4/><G29/><T110/><D110/><U35/><E35/><V41/><F32/><W81/><G4/><T53/><D53/><AGARI ba="0,1" hai="24,27,45,51,53,55,59,62,81,86,91,92,97,100" machi="53" ten="30,2900,0" yaku="7,1,8,1" doraHai="14" who="3" fromWho="0" sc="138,-29,238,0,304,0,310,39" owari="109,-39.0,238,-16.0,304,10.0,349,45.0" /></mjloggm>