<mjloggm ver="2.3"><GO type="169" lobby="0"/><UN n0="%47%4F%4B%49%47%45%4E" n1="%E5%B0%B1%E6%B4%BB%E7%94%9F%40%E5%B7%9D%E6%9D%91%E8%BB%8D%E5%9B%A3" n2="%E3%82%88%E3%81%A4%E3%81%B0%E3%81%A8%EF%BC%81" n3="%E3%81%AB%E3%81%9B%E6%82%9F%E7%A9%BA" dan="16,18,17,17" rate="2121.37,2227.22,2146.86,2161.50" sx="M,M,F,M"/><TAIKYOKU oya="0"/><INIT seed="0,0,0,4,4,17" ten="250,250,250,250" oya="0" hai0="9,56,60,11,67,120,102,98,21,61,23,32,122" hai1="43,113,38,107,1,42,135,16,133,13,62,77,58" hai2="106,93,34,91,36,110,46,59,104,85,100,35,5" hai3="124,81,105,3,92,33,71,51,57,39,41,121,83"/><T63/><D32/><U25/><E1/><V20/><F110/><W88/><G105/><T90/><D120/><U125/><E107/><V66/><F5/><W109/><G3/><T8/><D122/><U97/><E77/><V86/><F86/><W115/><G115/><T49/><D90/><U80/><E80/><V70/><F70/><W53/><G121/><T44/><D56/><U76/><E76/><V24/><F104/><W111/><G33/><T26/><D67/><U134/><E125/><V75/><F75/><W84/><G71/><T27/><D27/><U45/><E43/><V65/><F65/><W10/><G10/><T96/><D26/><U19/><E97/><N who="0" m="37481" /><D102/><U87/><E87/><V74/><F74/><W132/><G132/><T73/><D73/><U99/><E99/><N who="2" m="59503" /><F36/><W28/><G124/><T89/><D89/><U0/><E0/><V4/><F46/><W114/><G114/><T7/><D7/><U14/><E113/><V108/><F4/><W95/><G39/><T69/><D69/><U64/><E19/><V18/><F106/><W112/><G28/><T15/><D15/><U130/><E130/><V82/><F34/><W55/><G112/><T117/><D117/><U40/><E25/><V103/><F35/><W29/><G111/><T37/><D37/><N who="1" m="21647" /><E16/><V118/><F108/><W68/><G109/><T94/><D94/><U22/><E14/><V127/><F103/><W131/><G95/><T101/><D101/><U6/><E13/><V47/><F127/><W48/><G92/><T30/><D30/><U31/><E134/><V50/><F24/><RYUUKYOKU ba="0,0" sc="250,30,250,-10,250,-10,250,-10" hai0="8,9,11,21,23,44,49,60,61,63" /><INIT seed="0,1,0,2,2,5" ten="280,240,240,240" oya="0" hai0="78,9,135,72,100,23,82,0,111,39,3,85,56" hai1="88,11,115,80,98,89,131,63,133,20,7,27,40" hai2="30,126,43,118,16,110,67,4,48,38,122,1,37" hai3="45,41,57,101,53,91,65,70,120,124,6,21,83"/><T92/><D39/><U26/><E131/><V17/><F122/><W49/><G101/><T87/><D135/><U104/><E133/><V69/><F126/><W105/><G105/><T13/><D111/><U68/><E40/><V94/><F110/><W25/><G124/><T60/><D23/><U79/><E115/><V123/><F123/><W114/><G120/><T116/><D87/><U64/><E104/><V84/><F30/><W15/><G114/><T119/><D0/><U8/><E27/><V129/><F129/><W99/><G70/><T117/><D3/><U44/><E44/><V107/><F107/><W28/><G65/><T95/><D100/><U58/><E68/><V33/><F33/><W112/><G112/><T103/><D103/><U71/><E71/><V2/><F118/><W31/><G31/><T51/><D51/><U134/><E7/><V86/><F67/><W10/><G83/><T121/><D121/><U109/><E109/><V108/><F108/><W90/><REACH who="3" step="1"/><G99/><REACH who="3" ten="280,240,240,230" step="2"/><T81/><D81/><U96/><E96/><V125/><F69/><W102/><G102/><T42/><D119/><U22/><E134/><V62/><F125/><W130/><G130/><T35/><D117/><U12/><E98/><V34/><F94/><W18/><G18/><T24/><D95/><U127/><E127/><V19/><F17/><W76/><G76/><T113/><D92/><U97/><E97/><V59/><F16/><W66/><G66/><T106/><D116/><U128/><E79/><V74/><F19/><W61/><AGARI ba="1,1" hai="6,10,15,21,25,28,41,45,49,53,57,61,90,91" machi="61" ten="20,8000,1" yaku="1,1,0,1,7,1,8,1,52,1,53,0" doraHai="5" doraHaiUra="73" who="3" fromWho="3" sc="280,-41,240,-21,240,-21,230,93" /><INIT seed="1,0,0,0,0,5" ten="239,219,219,323" oya="1" hai0="102,43,8,93,53,19,49,12,117,46,61,109,122" hai1="20,26,121,106,17,98,103,16,0,56,14,114,97" hai2="63,124,77,36,1,10,23,111,50,3,84,80,62" hai3="33,95,119,90,92,100,45,76,24,115,42,123,65"/><U40/><E121/><V47/><F36/><W22/><G123/><T32/><D32/><U60/><E114/><V128/><F111/><W131/><G115/><T87/><D109/><U120/><E120/><V28/><F124/><W104/><G33/><T39/><D117/><U118/><E118/><V15/><F1/><W89/><G119/><T38/><D122/><U2/><E40/><N who="2" m="24935" /><F3/><W133/><G133/><T130/><D130/><U112/><E98/><V85/><F85/><W71/><G76/><T37/><D61/><U35/><E112/><V6/><F128/><W34/><G34/><T86/><D102/><U68/><E68/><V126/><F126/><W66/><G131/><T30/><D30/><U29/><REACH who="1" step="1"/><E17/><REACH who="1" ten="239,209,219,323" step="2"/><V72/><F72/><W135/><G71/><T18/><D18/><U73/><E73/><V91/><F28/><W83/><G135/><T9/><D86/><U48/><E48/><V7/><F7/><W57/><G42/><T67/><D43/><U79/><E79/><V4/><F6/><W64/><G104/><T25/><D37/><U113/><E113/><V31/><F77/><W96/><G96/><T11/><D38/><U59/><E59/><V127/><F127/><W78/><G57/><T41/><D41/><U107/><E107/><V70/><F70/><W82/><G78/><T116/><D39/><U134/><E134/><V54/><F54/><AGARI ba="0,1" hai="0,2,14,16,20,26,29,35,54,56,60,97,103,106" machi="54" ten="30,11600,0" yaku="1,1,7,1,54,1,53,1" doraHai="5" doraHaiUra="21" who="1" fromWho="2" sc="239,0,209,126,219,-116,323,0" /><INIT seed="1,1,0,1,5,24" ten="239,335,103,323" oya="1" hai0="123,111,96,102,76,134,18,51,53,97,108,21,20" hai1="112,34,121,128,52,126,120,45,81,106,127,56,58" hai2="17,4,7,129,30,87,116,37,90,62,54,79,83" hai3="82,109,23,64,22,1,28,32,99,71,27,57,3"/><U0/><E106/><V91/><F37/><W68/><G68/><T61/><D134/><U14/><E0/><N who="3" m="74" /><G57/><N who="1" m="22122" /><E81/><V43/><F116/><W72/><G99/><T70/><D76/><U88/><E14/><V92/><F43/><W107/><G107/><T6/><D6/><U65/><E34/><V11/><F129/><W85/><G109/><N who="0" m="42059" /><D123/><N who="1" m="47179" /><E88/><N who="2" m="33835" /><F62/><W84/><G71/><T133/><D133/><U75/><E75/><V9/><F54/><W110/><G64/><N who="0" m="41231" /><D18/><U29/><E29/><V78/><F92/><W117/><G110/><T8/><D8/><N who="2" m="3146" /><F17/><W131/><G72/><T15/><D15/><U49/><E128/><V40/><F40/><W118/><G131/><T113/><D113/><U105/><E105/><V95/><F95/><W60/><G60/><T73/><D73/><U122/><E122/><V25/><F79/><W12/><G82/><T67/><D67/><U80/><E80/><V10/><N who="2" m="3154" /><V66/><DORA hai="50" /><F66/><W119/><G12/><T89/><D89/><U100/><E65/><V103/><F103/><W41/><G41/><T104/><D97/><U59/><E100/><V94/><F94/><W16/><G16/><T124/><D20/><AGARI ba="1,0" hai="4,7,20,25,30,78,83,87" m="3154,33835" machi="20" ten="30,3900,0" yaku="8,1,52,1,54,1" doraHai="24,50" who="2" fromWho="0" sc="239,-42,335,0,103,42,323,0" /><AGARI ba="1,0" hai="20,22,23,27,28,32,84,85,117,118,119" m="74" machi="20" ten="40,2600,0" yaku="12,1,52,1" doraHai="24,50" who="3" fromWho="0" sc="197,-26,335,0,145,0,323,26" /><INIT seed="2,0,0,5,0,95" ten="171,335,145,349" oya="2" hai0="77,73,117,120,19,107,74,123,16,119,128,48,54" hai1="96,93,38,4,39,86,106,62,92,30,65,28,72" hai2="22,46,71,10,53,105,64,60,87,112,133,90,99" hai3="80,11,52,134,126,5,131,127,113,42,33,43,20"/><V115/><F133/><W132/><G33/><T51/><D77/><U32/><E72/><V97/><F105/><W81/><G20/><T29/><D29/><U15/><E30/><V103/><F103/><W1/><G113/><T125/><D125/><N who="3" m="47625" /><G52/><T58/><D107/><U14/><E86/><V114/><F22/><W23/><G23/><T130/><D54/><U56/><E93/><V91/><F91/><W85/><G81/><T0/><REACH who="0" step="1"/><D58/><REACH who="0" ten="161,335,145,349" step="2"/><U50/><E106/><V83/><REACH who="2" step="1"/><F10/><REACH who="2" ten="161,335,135,349" step="2"/><W129/><G134/><T110/><D110/><U68/><E32/><V35/><F35/><W84/><G132/><T21/><D21/><U111/><E28/><V70/><F70/><W121/><G11/><T47/><D47/><U55/><E68/><V75/><F75/><W98/><G131/><T57/><D57/><U104/><E56/><V37/><F37/><W44/><G44/><T49/><D49/><AGARI ba="0,2" hai="46,49,53,60,64,71,83,87,90,97,99,112,114,115" machi="49" ten="40,18000,2" yaku="1,1,52,2,53,3" doraHai="95" doraHaiUra="108" who="2" fromWho="0" sc="161,-180,335,0,135,200,349,0" owari="-19,-52.0,335,14.0,335,-6.0,349,44.0" /></mjloggm>