<mjloggm ver="2.3"><GO type="41" lobby="0"/><UN n0="%E6%BA%90%E6%AC%A1%E9%83%8E%31%38" n1="%E3%81%BF%E3%82%84%E3%81%BE%E3%82%82%E3%82%8A" n2="%6A%75%6E%6B%69" n3="%E5%B0%B1%E6%B4%BB%E7%94%9F%40%E5%B7%9D%E6%9D%91%E8%BB%8D%E5%9B%A3" dan="13,14,15,17" rate="1906.35,1922.09,2007.39,2178.10" sx="M,M,M,M"/><TAIKYOKU oya="0"/><INIT seed="0,0,0,0,3,87" ten="250,250,250,250" oya="0" hai0="12,10,5,16,17,117,63,28,90,36,94,67,75" hai1="52,66,26,19,32,37,54,106,49,4,128,91,9" hai2="8,20,122,79,103,46,101,123,81,62,30,121,119" hai3="95,124,126,107,39,134,23,7,104,88,115,38,58"/><T59/><D36/><N who="3" m="13865" /><G115/><T53/><D75/><U84/><E37/><V29/><F119/><W24/><G7/><T93/><D117/><U98/><E66/><V61/><F46/><W71/><G71/><T113/><D113/><U102/><E128/><V14/><F20/><W99/><G134/><T72/><D72/><U1/><E49/><V97/><F79/><W21/><G58/><T60/><D28/><U50/><E50/><V47/><F47/><W45/><G45/><T112/><D112/><U73/><E73/><V48/><F48/><W120/><G120/><T41/><D94/><U15/><E26/><V3/><F3/><W13/><G13/><T70/><D41/><U96/><E96/><AGARI ba="0,0" hai="5,10,12,16,17,53,59,60,63,67,70,90,93,96" machi="96" ten="30,5800,0" yaku="7,1,52,1,54,1" doraHai="87" who="0" fromWho="1" sc="250,58,250,-58,250,0,250,0" /><INIT seed="0,1,0,3,4,75" ten="308,192,250,250" oya="0" hai0="11,98,117,110,63,84,56,52,19,24,97,114,124" hai1="1,131,99,128,45,49,54,76,46,35,103,39,73" hai2="58,34,78,17,104,105,87,126,68,82,13,40,107" hai3="67,66,111,15,95,88,26,112,0,90,101,27,80"/><T85/><D114/><U16/><E35/><V71/><F126/><W93/><G0/><T106/><D117/><U125/><E1/><V70/><F40/><W72/><G112/><T61/><D124/><U9/><E125/><V121/><F121/><W31/><G111/><T92/><D110/><U33/><E33/><V32/><REACH who="2" step="1"/><F58/><REACH who="2" ten="308,192,240,250" step="2"/><W20/><G101/><N who="0" m="60583" /><D106/><U86/><E39/><V62/><F62/><W42/><G42/><T22/><D63/><U133/><E45/><V2/><F2/><W29/><G15/><N who="0" m="7679" /><D98/><U5/><E99/><V129/><F129/><W113/><G113/><T89/><D89/><U37/><E37/><V30/><F30/><AGARI ba="1,1" hai="22,24,30,52,56,61,84,85" m="7679,60583" machi="30" ten="30,2900,0" yaku="8,1,54,1" doraHai="75" who="0" fromWho="2" sc="308,42,192,0,240,-32,250,0" /><INIT seed="0,2,0,2,4,17" ten="350,192,208,250" oya="0" hai0="12,33,85,20,135,9,27,63,29,38,83,76,105" hai1="110,35,15,0,45,24,94,68,130,18,81,54,101" hai2="134,97,1,104,77,90,61,74,92,121,117,75,119" hai3="47,37,67,52,95,116,86,2,50,30,51,22,100"/><T43/><D135/><U122/><E122/><V39/><F1/><W118/><G2/><T108/><D105/><U19/><E68/><V115/><F39/><W82/><G37/><T23/><D108/><U113/><E110/><V99/><F115/><W6/><G6/><T103/><D103/><U127/><E0/><V128/><F121/><W120/><G120/><T31/><D31/><U58/><E130/><V78/><F61/><W64/><G116/><N who="2" m="44617" /><F128/><W84/><G51/><T131/><D131/><U114/><E45/><V112/><F112/><N who="1" m="43113" /><E127/><V133/><F99/><N who="3" m="59519" /><G118/><T87/><D43/><U89/><E35/><V109/><F104/><W26/><G86/><T7/><D38/><U125/><E125/><V56/><F56/><W129/><G129/><T3/><D63/><N who="1" m="36311" /><E101/><V46/><F46/><W80/><G80/><T8/><D87/><U5/><E81/><N who="2" m="45239" /><F109/><W93/><G93/><T48/><D48/><U91/><E5/><AGARI ba="2,0" hai="3,5,7,8,9,12,20,23,27,29,33,76,83,85" machi="5" ten="30,5800,0" yaku="7,1,52,2" doraHai="17" who="0" fromWho="1" sc="350,64,192,-64,208,0,250,0" /><INIT seed="0,3,0,3,5,59" ten="414,128,208,250" oya="0" hai0="129,110,75,91,119,60,103,21,114,33,72,32,96" hai1="45,10,42,131,0,52,19,134,108,100,17,12,31" hai2="30,104,74,107,37,28,78,84,69,85,68,113,63" hai3="89,125,116,55,6,44,43,77,121,51,48,128,27"/><T70/><D119/><U71/><E108/><V26/><F37/><W9/><G116/><T76/><D114/><U126/><E71/><V3/><F3/><W102/><G125/><T1/><D110/><U92/><E0/><V111/><F111/><W127/><G127/><T87/><D1/><U2/><E2/><V38/><F38/><W56/><G128/><T82/><D129/><U65/><E65/><V73/><F113/><W88/><G121/><T115/><D115/><U16/><E126/><V53/><F53/><W135/><G135/><T7/><D7/><N who="1" m="3167" /><E134/><V20/><F78/><W67/><G102/><T14/><D72/><U98/><E131/><V79/><F79/><W124/><G124/><T83/><D70/><U46/><E42/><V105/><F69/><W109/><G109/><T122/><D122/><U94/><E31/><V66/><REACH who="2" step="1"/><F28/><REACH who="2" ten="414,128,198,250" step="2"/><W120/><G120/><T112/><D112/><U25/><E25/><V35/><F35/><W36/><G77/><T133/><D33/><U61/><E92/><V29/><F29/><W90/><G27/><T34/><D32/><U123/><E123/><V23/><F23/><W130/><G130/><T24/><D34/><U118/><E118/><V22/><F22/><W80/><G80/><T95/><D24/><U41/><E41/><V93/><F93/><W97/><G36/><T86/><D21/><U81/><E81/><V39/><F39/><W5/><G43/><T57/><D14/><U101/><E100/><V13/><F13/><W132/><G132/><T64/><D133/><U54/><E54/><V40/><F40/><RYUUKYOKU ba="3,1" sc="414,10,128,10,198,10,250,-30" hai0="57,60,64,75,76,82,83,86,87,91,95,96,103" hai1="16,17,19,45,46,52,61,94,98,101" hai2="20,26,30,63,66,68,73,74,84,85,104,105,107" /><INIT seed="0,4,1,3,3,73" ten="424,138,208,220" oya="0" hai0="48,128,60,13,129,96,54,98,61,102,85,36,41" hai1="59,105,124,93,84,30,33,117,104,89,120,17,14" hai2="133,2,12,44,83,76,35,82,94,4,58,121,23" hai3="132,18,67,55,107,134,32,56,3,29,21,42,77"/><T122/><D122/><U131/><E117/><V31/><F121/><W115/><G115/><T114/><D114/><U49/><E120/><V92/><F133/><N who="3" m="51307" /><G107/><T65/><D85/><U97/><E131/><N who="0" m="50249" /><D13/><U127/><E30/><V46/><F35/><W86/><G3/><T34/><D34/><U75/><E33/><V6/><F2/><W45/><G67/><T11/><D11/><U24/><E24/><N who="2" m="16799" /><F58/><W7/><G7/><N who="2" m="2601" /><F83/><N who="3" m="47471" /><G29/><T5/><D5/><U101/><E75/><V39/><F39/><N who="3" m="21727" /><G32/><T112/><D112/><U10/><REACH who="1" step="1"/><E105/><REACH who="1" ten="424,128,208,220" step="2"/><V9/><F9/><W25/><G56/><T90/><D36/><U78/><E78/><V123/><F123/><W113/><G113/><T118/><D118/><U110/><E110/><V74/><F74/><W20/><G20/><T37/><D37/><U22/><E22/><V57/><F57/><W99/><G21/><T80/><D61/><U70/><E70/><V8/><F46/><W126/><G25/><T50/><D60/><U106/><E106/><V68/><F44/><W19/><G126/><T72/><D72/><U87/><E87/><N who="2" m="48583" /><F68/><W1/><G1/><T52/><D50/><U26/><E26/><V43/><F43/><W91/><G55/><AGARI ba="4,2" hai="10,14,17,49,55,59,84,89,93,97,101,104,124,127" machi="55" ten="40,1300,0" yaku="1,1,53,0" doraHai="73" doraHaiUra="71" who="1" fromWho="3" sc="424,0,128,45,208,0,220,-25" /><INIT seed="1,0,0,3,4,1" ten="424,173,208,195" oya="1" hai0="68,3,71,97,89,88,19,22,16,43,76,59,80" hai1="30,25,51,53,17,95,129,120,100,127,105,4,27" hai2="125,112,6,37,60,122,104,70,107,23,96,26,90" hai3="42,45,81,108,47,72,91,2,98,31,11,133,41"/><U94/><E120/><V78/><F122/><W12/><G108/><T33/><D3/><U101/><E129/><V115/><F37/><W7/><G133/><T10/><D33/><U92/><E127/><V126/><F78/><W36/><G31/><T61/><D43/><U8/><E30/><V40/><F40/><W121/><G121/><T13/><D71/><U119/><E119/><V28/><F70/><W73/><G2/><T124/><D68/><U65/><E65/><V67/><F60/><W77/><G98/><T44/><D124/><N who="2" m="47722" /><F67/><W48/><REACH who="3" step="1"/><G91/><REACH who="3" ten="424,173,208,185" step="2"/><T131/><D88/><U50/><E105/><N who="2" m="40523" /><F96/><W128/><G128/><T46/><D89/><U58/><E50/><V118/><F90/><W9/><G9/><T79/><D97/><U103/><REACH who="1" step="1"/><E17/><REACH who="1" ten="424,163,208,185" step="2"/><V5/><F118/><W114/><G114/><AGARI ba="0,2" hai="5,6,23,26,28,112,114,115" m="40523,47722" machi="114" ten="40,8000,1" yaku="11,1,18,1,52,2" doraHai="1" who="2" fromWho="3" sc="424,0,163,0,208,100,185,-80" /><INIT seed="2,0,0,2,5,127" ten="424,163,308,105" oya="2" hai0="94,131,75,39,5,113,55,90,79,59,27,81,34" hai1="82,2,92,9,48,107,19,20,122,14,8,95,128" hai2="119,120,103,31,67,47,74,135,4,112,88,106,64" hai3="105,124,78,40,69,102,58,12,73,29,53,57,56"/><V13/><F112/><W125/><G29/><T134/><D113/><U96/><E107/><V80/><F120/><W126/><G12/><T110/><D39/><U84/><E122/><V68/><F119/><W111/><G73/><T87/><D134/><U133/><E133/><V49/><F135/><W93/><G105/><T17/><D110/><U101/><E128/><V63/><F67/><W60/><G78/><T25/><D131/><U89/><E2/><V18/><F4/><W66/><G111/><T44/><D44/><U108/><E108/><V36/><F36/><W99/><REACH who="3" step="1"/><G40/><REACH who="3" ten="424,163,308,95" step="2"/><T24/><D34/><U85/><REACH who="1" step="1"/><E48/><AGARI ba="0,1" hai="48,53,56,57,58,60,66,69,93,99,102,124,125,126" machi="48" ten="40,5200,0" yaku="1,1,2,1,18,1,53,0" doraHai="127" doraHaiUra="11" who="3" fromWho="1" sc="424,0,163,-52,308,0,95,62" /><INIT seed="3,0,0,2,0,74" ten="424,111,308,157" oya="3" hai0="124,129,102,38,16,42,3,12,1,119,4,45,67" hai1="96,115,100,11,9,106,104,44,31,47,66,14,70" hai2="120,59,63,90,116,37,121,76,132,87,7,60,111" hai3="40,85,15,57,73,128,29,20,5,117,95,33,97"/><W2/><G73/><T61/><D119/><U35/><E115/><V126/><F116/><W26/><G117/><T10/><D124/><U41/><E106/><V82/><F126/><W89/><G128/><T91/><D129/><U21/><E21/><V122/><F37/><W94/><G40/><T43/><D102/><U58/><E58/><V27/><F111/><W62/><G2/><T46/><D91/><U112/><E112/><V99/><F132/><W93/><G85/><T133/><D133/><U83/><E83/><V131/><F131/><W101/><G89/><T30/><D30/><U24/><E14/><V123/><N who="2" m="31232" /><DORA hai="78" /><V86/><F99/><W81/><G81/><T13/><D13/><U113/><E113/><V17/><F7/><W77/><G77/><T110/><D110/><U114/><E114/><V53/><F63/><W49/><G49/><T19/><D3/><U22/><E22/><N who="2" m="13775" /><F86/><W72/><G72/><T0/><D1/><U56/><E56/><V71/><F71/><W69/><G69/><T48/><D0/><U125/><E125/><V23/><F23/><W64/><REACH who="3" step="1"/><G33/><REACH who="3" ten="424,111,308,147" step="2"/><T32/><D32/><U88/><E88/><AGARI ba="0,1" hai="53,59,60,76,82,87,88,90" m="13775,31232" machi="88" ten="60,8000,1" yaku="13,1,52,2,54,1" doraHai="74,78" who="2" fromWho="1" sc="424,0,111,-80,308,90,147,0" /><INIT seed="4,0,0,4,5,56" ten="424,31,398,147" oya="0" hai0="48,127,79,2,15,122,83,75,24,118,16,7,116" hai1="97,65,71,26,4,91,132,50,58,105,78,25,29" hai2="89,68,17,27,38,13,124,32,23,45,129,1,125" hai3="114,133,40,43,126,36,93,53,57,115,35,73,37"/><T47/><D122/><U20/><E132/><V63/><F1/><W11/><G73/><T49/><D127/><N who="2" m="48714" /><F129/><W46/><G35/><T14/><D49/><U52/><E4/><V108/><F108/><W80/><G80/><T111/><D2/><U5/><E5/><V82/><F38/><W121/><G11/><T70/><D111/><U77/><E26/><V54/><F45/><N who="3" m="23687" /><G93/><T107/><D70/><U134/><E134/><V94/><F82/><W18/><G18/><T109/><D107/><U72/><E72/><V51/><F51/><N who="3" m="30911" /><G126/><T88/><D109/><U67/><E67/><N who="2" m="41087" /><F54/><W130/><G130/><T21/><D7/><U84/><E97/><N who="2" m="57551" /><F32/><W92/><G92/><T34/><D34/><U30/><E30/><V90/><F90/><W12/><G12/><AGARI ba="0,0" hai="12,13,17,23,27" m="57551,41087,48714" machi="12" ten="30,2000,0" yaku="18,1,52,1" doraHai="56" who="2" fromWho="3" sc="424,0,31,0,398,20,147,-20" /><INIT seed="5,0,0,3,4,28" ten="424,31,418,127" oya="1" hai0="135,104,0,56,72,44,126,128,108,90,49,59,132" hai1="63,2,6,109,3,92,125,82,118,21,22,117,41" hai2="14,106,32,89,103,5,40,110,47,39,124,76,23" hai3="48,37,57,55,20,74,105,11,7,13,9,78,30"/><U99/><E82/><V122/><F110/><W95/><G105/><T134/><D0/><U94/><E41/><V113/><F122/><W129/><G37/><T33/><D104/><U67/><E125/><V52/><F32/><W83/><G129/><T4/><D72/><U17/><E109/><V130/><F130/><W12/><G95/><T80/><D4/><U121/><E121/><V35/><F35/><W64/><G64/><T38/><D33/><U24/><E22/><V100/><F124/><W111/><G111/><T50/><D108/><U18/><E18/><V98/><F100/><W36/><G36/><T71/><D126/><U43/><E43/><V19/><F5/><W102/><G102/><T58/><D128/><U29/><E17/><V101/><F101/><W68/><G68/><T1/><D71/><U93/><E99/><V51/><F113/><W85/><G74/><T114/><D1/><U10/><REACH who="1" step="1"/><E2/><REACH who="1" ten="424,21,418,127" step="2"/><V65/><F40/><W107/><G20/><T133/><D132/><U115/><E115/><V84/><F39/><W54/><G30/><T42/><D114/><U120/><E120/><V97/><F98/><W79/><G11/><T116/><D116/><U16/><E16/><V123/><F123/><W77/><G13/><T15/><D15/><U46/><E46/><V70/><F76/><W96/><G96/><T87/><AGARI ba="0,1" hai="38,42,44,49,50,56,58,59,80,87,90,133,134,135" machi="87" ten="40,2700,0" yaku="0,1,20,1" doraHai="28" who="0" fromWho="0" sc="424,37,21,-13,418,-7,127,-7" /><INIT seed="6,0,0,5,0,31" ten="461,8,411,120" oya="2" hai0="47,57,28,40,45,121,11,94,12,116,60,135,75" hai1="69,22,88,63,125,115,117,96,33,19,44,36,56" hai2="101,52,67,106,58,89,118,128,48,29,54,132,129" hai3="108,15,127,90,0,3,95,84,109,107,86,93,16"/><V91/><F118/><W73/><G127/><T66/><D75/><U68/><E33/><V18/><F132/><W10/><G73/><T5/><D135/><U26/><E117/><V6/><F6/><W8/><G107/><T7/><D116/><U85/><E125/><V92/><F67/><W59/><G59/><T35/><D121/><U99/><E69/><V74/><F74/><W2/><G8/><T79/><D35/><U83/><E68/><V61/><F106/><W25/><G25/><T49/><D28/><U124/><E115/><V50/><F61/><W77/><G77/><T14/><D79/><U72/><E72/><V27/><F18/><W34/><G34/><T105/><D94/><U123/><E123/><V17/><F17/><W53/><G53/><T98/><D98/><U130/><E130/><N who="2" m="50283" /><F101/><W51/><G51/><T9/><D105/><U70/><E70/><V97/><F89/><AGARI ba="0,0" hai="0,2,3,10,15,16,84,86,89,90,93,95,108,109" machi="89" ten="40,2600,0" yaku="9,1,54,1" doraHai="31" who="3" fromWho="2" sc="461,0,8,0,411,-26,120,26" /><INIT seed="7,0,0,2,1,38" ten="461,8,385,146" oya="3" hai0="105,70,46,48,89,63,85,93,43,110,42,117,17" hai1="108,15,40,33,109,61,118,107,65,25,73,52,113" hai2="76,18,95,10,60,44,115,11,90,91,130,2,99" hai3="7,80,22,32,14,132,134,66,29,37,100,1,122"/><W26/><G37/><T84/><D105/><U127/><E15/><V30/><F115/><W51/><G100/><T129/><D110/><U12/><E40/><V62/><F130/><W28/><G80/><T111/><D129/><U98/><E52/><V24/><F76/><W31/><G51/><T4/><D111/><U101/><E12/><V97/><F2/><W75/><G75/><T8/><D117/><U49/><E49/><V77/><F77/><W78/><G122/><T69/><D17/><U133/><E61/><V36/><F36/><W9/><G78/><T23/><D23/><U0/><E65/><V104/><F44/><W67/><G67/><T6/><D69/><U131/><E25/><V128/><F128/><W119/><G119/><T68/><D70/><U86/><E86/><V20/><F104/><W50/><G50/><T27/><D68/><U56/><E98/><V116/><F116/><W72/><G72/><T57/><D27/><U47/><E47/><V125/><F125/><W71/><G71/><T39/><D39/><U5/><E56/><V82/><F82/><W21/><G66/><N who="0" m="39279" /><D84/><U74/><E109/><V112/><F112/><W16/><G22/><T87/><D87/><U92/><E108/><V102/><F102/><W103/><G103/><T54/><D8/><N who="2" m="3114" /><F18/><W123/><G123/><T96/><D85/><U58/><E118/><V106/><F106/><W121/><G121/><T79/><D79/><U124/><E107/><V81/><F81/><W13/><G13/><T94/><D93/><U64/><E127/><V135/><F135/><AGARI ba="0,0" hai="1,7,9,14,16,21,26,28,29,31,32,132,134,135" machi="135" ten="40,18000,2" yaku="24,2,20,1,34,3,54,1" doraHai="38" who="3" fromWho="2" sc="461,0,8,0,385,-180,146,180" /><INIT seed="7,1,0,4,1,63" ten="461,8,205,326" oya="3" hai0="27,82,45,61,44,132,42,22,17,90,119,20,33" hai1="77,60,55,66,15,83,134,110,59,123,54,128,41" hai2="114,109,105,52,112,113,84,122,71,64,103,99,87" hai3="93,79,86,32,13,85,18,40,9,4,3,68,95"/><W78/><G32/><T94/><D119/><U91/><E91/><V30/><F109/><W62/><G40/><T65/><D33/><U124/><E15/><V38/><F38/><W56/><G68/><T72/><D132/><U16/><E16/><V1/><F1/><W104/><G104/><T34/><D34/><U11/><E11/><V39/><F39/><W24/><G86/><T35/><D35/><U115/><E83/><V0/><F0/><W2/><G2/><T127/><D82/><U12/><E12/><V98/><F98/><W75/><G75/><T48/><D72/><U125/><E77/><V126/><F126/><N who="1" m="48745" /><E110/><V10/><F10/><W26/><G26/><T29/><D127/><U100/><E100/><V51/><F30/><W96/><G85/><T97/><D42/><U121/><E115/><V101/><F101/><W135/><G135/><T76/><D48/><N who="1" m="31175" /><E134/><V108/><F122/><N who="1" m="46601" /><E41/><V6/><F6/><W49/><G95/><T23/><D76/><U31/><E31/><V131/><F131/><W106/><G106/><T7/><D7/><U8/><E8/><V21/><F21/><W117/><G3/><T25/><D23/><U46/><E128/><V133/><F133/><W129/><G129/><T36/><D36/><U89/><E89/><V111/><F111/><W73/><G73/><T102/><D90/><U118/><E118/><V47/><REACH who="2" step="1"/><F108/><REACH who="2" ten="461,8,195,326" step="2"/><W43/><G117/><T28/><D17/><U80/><E80/><V37/><F37/><W67/><G18/><T70/><AGARI ba="1,1" hai="20,22,25,27,28,29,44,45,61,65,70,94,97,102" machi="70" ten="20,5200,0" yaku="0,1,7,1,9,1,52,1" doraHai="63" who="0" fromWho="0" sc="461,65,8,-14,195,-14,326,-27" owari="526,63.0,-6,-51.0,181,-22.0,299,10.0" /></mjloggm>