<mjloggm ver="2.3"><GO type="169" lobby="0"/><UN n0="%E3%83%88%E3%83%88%E3%83%AA%E5%85%88%E7%94%9F%31%39%E6%AD%B3" n1="%63%68%75%75%79%61%61%61" n2="%E3%81%99%E3%81%84%E3%81%93%E3%81%BF" n3="%52%79%6F%68%67%6F" dan="18,16,16,16" rate="2184.43,2147.94,2065.14,2115.89" sx="F,M,F,M"/><TAIKYOKU oya="0"/><INIT seed="0,0,0,2,4,12" ten="250,250,250,250" oya="0" hai0="60,64,79,44,119,31,88,95,125,69,10,47,84" hai1="124,36,89,99,6,86,85,71,58,112,8,5,110" hai2="87,27,28,65,17,3,129,104,75,14,117,106,102" hai3="116,73,83,133,25,21,70,52,30,67,38,123,101"/><T56/><D119/><U9/><E71/><V81/><F3/><W66/><G116/><T78/><D125/><U53/><E36/><V132/><F75/><W50/><G38/><T11/><D31/><U22/><E112/><V57/><F117/><W62/><G67/><T2/><D69/><U51/><E124/><V43/><F43/><W94/><G133/><T92/><D92/><N who="1" m="56719" /><E110/><V23/><F129/><W34/><G123/><T26/><D26/><U7/><E22/><V68/><F132/><W55/><G34/><T90/><D90/><U54/><E53/><V126/><F102/><W18/><G30/><T108/><D108/><U74/><E74/><V118/><F126/><W20/><G20/><T76/><REACH who="0" step="1"/><D2/><REACH who="0" ten="240,250,250,250" step="2"/><U72/><E72/><V91/><F68/><W97/><REACH who="3" step="1"/><G50/><REACH who="3" ten="240,250,250,240" step="2"/><T19/><D19/><U128/><E128/><V61/><REACH who="2" step="1"/><F118/><REACH who="2" ten="240,250,240,240" step="2"/><W98/><G98/><T107/><D107/><U114/><E114/><V135/><F135/><W24/><G24/><T59/><D59/><U1/><E1/><V122/><F122/><W13/><G13/><T111/><D111/><U82/><E58/><V48/><F48/><W134/><G134/><T103/><D103/><U15/><E51/><V29/><F29/><W105/><G105/><T120/><D120/><U113/><E15/><V39/><F39/><W16/><G16/><T109/><D109/><U100/><E113/><V115/><F115/><W35/><G35/><AGARI ba="0,3" hai="14,17,23,27,28,35,57,61,65,81,87,91,104,106" machi="35" ten="30,7700,0" yaku="1,1,7,1,52,1,53,1" doraHai="12" doraHaiUra="80" who="2" fromWho="3" sc="240,0,250,0,240,107,240,-77" /><INIT seed="1,0,0,5,2,51" ten="240,250,347,163" oya="1" hai0="101,91,10,31,25,89,94,112,68,62,34,75,17" hai1="109,100,4,45,7,114,63,123,3,92,117,131,11" hai2="58,108,2,40,88,125,21,98,132,44,73,36,99" hai3="71,69,87,54,24,18,133,72,14,102,13,65,53"/><U47/><E114/><V5/><F73/><W20/><G72/><T120/><D112/><U122/><E117/><V66/><F132/><W6/><G69/><T0/><D75/><U81/><E7/><V67/><F125/><W121/><G121/><T49/><D120/><U135/><E135/><V130/><F130/><W74/><G74/><T48/><D101/><U77/><E131/><V90/><F108/><W57/><G71/><T19/><D89/><U106/><E106/><V32/><F32/><W15/><G133/><T124/><D124/><U12/><E3/><V95/><F21/><W110/><G110/><T52/><D49/><U118/><E109/><V56/><F90/><W84/><G102/><T104/><D104/><U105/><E118/><V30/><F30/><W1/><G1/><T41/><D41/><U79/><E105/><V76/><F76/><W38/><G38/><T8/><D62/><U61/><E79/><V33/><F33/><W29/><G6/><T83/><D83/><U107/><E107/><V116/><F99/><W80/><G29/><T128/><D68/><U96/><E122/><V55/><F58/><W134/><G134/><T50/><D128/><U59/><E123/><V43/><F43/><W39/><G39/><T129/><D129/><U9/><E9/><N who="0" m="3689" /><D0/><U127/><E127/><V46/><F116/><W103/><G103/><T42/><D91/><U115/><E115/><V111/><F111/><W126/><G126/><T28/><D34/><U23/><E63/><N who="2" m="36255" /><F46/><W82/><G20/><T22/><D42/><U37/><E23/><V78/><F78/><RYUUKYOKU ba="0,0" sc="240,-10,250,-10,347,30,163,-10" hai2="2,5,36,40,44,66,67,88,95,98" /><INIT seed="2,1,0,4,0,15" ten="230,240,377,153" oya="2" hai0="21,113,34,89,38,77,19,97,41,69,131,75,46" hai1="17,11,14,8,105,66,118,98,130,106,53,28,114" hai2="24,82,0,72,112,67,109,124,9,88,23,115,120" hai3="44,48,128,101,133,65,1,54,93,76,52,85,110"/><V108/><F120/><W84/><G1/><T43/><D113/><U47/><E114/><V121/><F67/><W42/><G110/><N who="2" m="42601" /><F121/><W4/><G128/><T60/><D34/><U35/><E130/><V16/><F124/><W45/><G133/><T132/><D131/><U26/><E118/><V104/><F104/><W50/><G65/><T100/><D132/><U86/><E66/><V73/><F88/><W6/><G42/><T126/><D126/><U111/><E111/><V87/><F87/><W59/><G59/><T31/><D31/><U96/><E86/><V90/><F90/><N who="3" m="53447" /><G101/><T40/><D60/><U29/><E47/><V13/><F0/><W79/><G79/><T10/><D69/><U33/><E14/><V58/><F58/><W91/><G76/><T20/><D89/><U27/><E53/><V83/><F83/><AGARI ba="1,0" hai="4,6,44,45,48,50,52,54,83,85,91" m="53447" machi="83" ten="30,2000,0" yaku="8,1,54,1" doraHai="15" who="3" fromWho="2" sc="230,0,240,0,377,-23,153,23" /><INIT seed="3,0,0,4,0,109" ten="230,240,354,176" oya="3" hai0="122,56,89,53,103,81,67,13,1,22,125,38,49" hai1="104,82,65,130,78,19,17,116,37,127,107,70,99" hai2="34,58,131,51,32,8,11,132,39,23,63,54,85" hai3="5,29,76,97,79,46,83,119,84,47,77,126,106"/><W16/><G119/><T93/><D122/><U18/><E37/><V55/><F39/><W30/><G5/><T61/><D1/><U21/><E116/><V134/><F131/><W100/><G126/><T135/><D38/><U4/><E130/><V87/><F23/><W0/><G0/><T43/><D125/><U92/><E127/><V69/><F69/><W15/><G46/><T124/><D124/><U80/><E4/><V74/><F74/><W66/><G47/><T45/><D135/><N who="2" m="51754" /><F11/><W9/><REACH who="3" step="1"/><G66/><REACH who="3" ten="230,240,354,166" step="2"/><T42/><D67/><U117/><E65/><N who="2" m="39159" /><F8/><W41/><G41/><T31/><D42/><U105/><E117/><V35/><F55/><W44/><G44/><AGARI ba="0,1" hai="32,34,35,44,51,54,85,87" m="39159,51754" machi="44" ten="40,1300,0" yaku="20,1" doraHai="109" who="2" fromWho="3" sc="230,0,240,0,354,23,166,-13" /><INIT seed="4,0,0,2,2,77" ten="230,240,377,153" oya="0" hai0="108,33,135,4,59,92,110,2,12,54,80,11,103" hai1="123,18,94,107,45,28,14,97,56,125,89,132,68" hai2="7,119,67,91,74,134,63,17,29,83,10,90,40" hai3="5,95,49,34,88,100,69,24,102,71,23,30,105"/><T16/><D33/><U60/><E68/><V1/><F119/><W115/><G115/><T48/><D135/><U9/><E123/><V126/><F29/><W118/><G118/><T8/><D103/><U72/><E132/><V41/><F126/><W35/><G5/><T55/><D92/><U75/><E125/><V15/><F91/><W65/><G34/><T42/><D42/><U52/><E28/><V82/><F74/><W27/><G105/><T43/><D43/><U70/><E107/><V104/><F104/><W46/><G69/><T73/><REACH who="0" step="1"/><D55/><REACH who="0" ten="220,240,377,153" step="2"/><U44/><REACH who="1" step="1"/><E70/><REACH who="1" ten="220,230,377,153" step="2"/><V81/><F134/><W114/><G71/><T25/><D25/><U19/><E19/><V96/><F17/><W66/><G24/><T121/><D121/><U131/><E131/><V120/><F120/><W106/><G106/><T13/><D13/><U20/><E20/><V93/><F1/><W6/><G35/><T76/><AGARI ba="0,2" hai="2,4,8,11,12,16,48,54,59,73,76,80,108,110" machi="76" ten="30,12000,1" yaku="1,1,0,1,52,1,54,1,53,1" doraHai="77" doraHaiUra="51" who="0" fromWho="0" sc="220,140,230,-40,377,-40,153,-40" /><INIT seed="4,1,0,4,0,4" ten="360,190,337,113" oya="0" hai0="57,119,42,99,39,21,15,98,100,49,86,25,54" hai1="71,31,10,88,135,22,29,17,97,129,116,28,104" hai2="81,73,113,47,125,20,96,83,118,120,9,124,76" hai3="27,6,65,51,68,0,111,40,52,56,30,69,2"/><T114/><D119/><U58/><E71/><V123/><F20/><W95/><G111/><T72/><D72/><U126/><E116/><V23/><F23/><W35/><G0/><T94/><D114/><U62/><E126/><N who="2" m="48747" /><F47/><W64/><G68/><T8/><D39/><U82/><E135/><V127/><F118/><W131/><G131/><T115/><D115/><U50/><E129/><V128/><F128/><W34/><G34/><T37/><D37/><U133/><E133/><V102/><F113/><W121/><G121/><T109/><D109/><U105/><E50/><V43/><F43/><W41/><G65/><T85/><D99/><U24/><E10/><V92/><N who="2" m="48755" /><V3/><DORA hai="63" /><F83/><W60/><REACH who="3" step="1"/><G95/><REACH who="3" ten="360,190,337,103" step="2"/><T67/><D67/><U16/><E82/><V84/><F123/><W112/><G112/><T5/><REACH who="0" step="1"/><D42/><REACH who="0" ten="350,190,337,103" step="2"/><U93/><REACH who="1" step="1"/><E17/><AGARI ba="1,2" hai="5,8,15,17,21,25,49,54,57,85,86,94,98,100" machi="17" ten="30,12000,1" yaku="1,1,2,1,7,1,8,1,52,1,53,0" doraHai="4,63" doraHaiUra="108,75" who="0" fromWho="1" sc="350,143,190,-123,337,0,103,0" /><INIT seed="4,2,0,2,5,14" ten="493,67,337,103" oya="0" hai0="56,119,34,88,82,37,127,9,135,33,123,55,131" hai1="113,70,19,6,124,92,85,98,52,2,45,104,4" hai2="129,61,101,13,128,8,106,71,40,125,68,108,17" hai3="75,103,51,99,18,102,73,59,118,80,133,111,86"/><T16/><D119/><U62/><E70/><V26/><F108/><W5/><G5/><T67/><D123/><U25/><E104/><V89/><F125/><W116/><G111/><T114/><D37/><U31/><E2/><V122/><F122/><W29/><G29/><T57/><D127/><U78/><E124/><V100/><F40/><W107/><G102/><T87/><D114/><U94/><E113/><V126/><F126/><W44/><G59/><T35/><D131/><U3/><E3/><V63/><F26/><W81/><G133/><T117/><D117/><U79/><E31/><V65/><F89/><W115/><G115/><T110/><D110/><U46/><E46/><V96/><F100/><W69/><G69/><T76/><D135/><U38/><E38/><V48/><F48/><W74/><G86/><T53/><D76/><N who="1" m="29227" /><E85/><V41/><F41/><W58/><G58/><T91/><D91/><N who="1" m="55583" /><E94/><V42/><F42/><N who="3" m="24983" /><G80/><T10/><D56/><N who="1" m="35079" /><E45/><V30/><F30/><W77/><G81/><T64/><D53/><U66/><E66/><AGARI ba="2,0" hai="8,13,17,61,63,65,66,68,71,96,101,106,128,129" machi="66" ten="40,2600,0" yaku="9,1,52,1" doraHai="14" who="2" fromWho="1" sc="493,0,67,-32,337,32,103,0" /><INIT seed="5,0,0,1,5,29" ten="493,35,369,103" oya="1" hai0="131,118,123,77,50,68,92,33,65,57,10,126,67" hai1="22,14,58,35,62,51,80,104,74,64,60,69,73" hai2="133,17,119,45,20,134,103,100,42,130,23,82,97" hai3="16,93,91,66,106,49,13,94,32,102,12,56,38"/><U75/><E104/><V54/><F119/><W2/><G32/><T114/><D118/><U15/><E51/><V55/><F130/><W43/><G2/><T129/><D114/><U59/><E69/><V40/><F82/><W113/><G106/><T9/><D126/><U3/><E3/><V78/><F78/><W99/><G113/><T48/><D77/><U24/><E80/><V81/><F81/><W135/><G135/><T44/><D68/><U110/><E110/><V11/><F11/><W86/><G38/><T108/><D108/><U36/><E36/><V109/><F17/><W71/><G71/><T116/><D116/><U26/><E35/><V21/><F97/><W117/><G117/><T8/><D33/><U27/><REACH who="1" step="1"/><E22/><REACH who="1" ten="493,25,369,103" step="2"/><V0/><F0/><W84/><G49/><T37/><D37/><U18/><E18/><V105/><F105/><W7/><G16/><T53/><D131/><U5/><E5/><V90/><F23/><W122/><G7/><T101/><D129/><U125/><E125/><V76/><F109/><W112/><G112/><T124/><D124/><U79/><E79/><V70/><F76/><W89/><G43/><N who="0" m="24863" /><D123/><U120/><E120/><V127/><F70/><W98/><G122/><T83/><D83/><U41/><E41/><V28/><F127/><W95/><G99/><AGARI ba="0,1" hai="8,9,10,48,53,57,65,67,92,99,101" m="24863" machi="99" ten="30,1000,0" yaku="8,1" doraHai="29" who="0" fromWho="3" sc="493,20,25,0,369,0,103,-10" /><INIT seed="6,0,0,1,3,35" ten="513,25,369,93" oya="2" hai0="63,67,38,48,44,45,107,132,8,84,96,134,41" hai1="71,24,23,123,120,86,4,103,64,49,80,116,111" hai2="88,85,95,9,108,90,121,43,131,36,37,1,83" hai3="114,87,97,33,11,47,73,78,60,59,68,10,27"/><V91/><F121/><W19/><G73/><T2/><D84/><U15/><E116/><V89/><F108/><W3/><G3/><T130/><D130/><U119/><E119/><V76/><F131/><W5/><G5/><N who="0" m="1079" /><D45/><U12/><E111/><V81/><F81/><W66/><G68/><N who="0" m="42111" /><D48/><U128/><E128/><V50/><F50/><W93/><G47/><T53/><D53/><U110/><E103/><AGARI ba="0,0" hai="38,41,44,96,103,107,132,134" m="42111,1079" machi="103" ten="30,2000,0" yaku="23,1,52,1" doraHai="35" who="0" fromWho="1" sc="513,20,25,-20,369,0,93,0" /><INIT seed="7,0,0,2,4,6" ten="533,5,369,93" oya="3" hai0="11,123,31,129,45,40,86,111,82,19,133,89,93" hai1="125,74,79,128,75,63,41,119,49,113,42,3,57" hai2="118,33,39,26,107,116,2,88,76,87,28,69,1" hai3="9,13,112,70,101,34,135,59,78,46,64,68,10"/><W43/><G34/><T29/><D111/><U60/><E3/><V56/><F69/><W65/><G9/><T36/><D123/><U120/><E79/><V99/><F39/><W126/><G101/><T117/><D117/><U22/><E22/><V131/><F131/><W67/><G59/><T18/><D133/><U4/><E4/><V44/><F76/><W71/><G135/><T80/><D129/><U50/><E128/><V47/><F99/><W98/><G112/><T30/><D11/><U52/><E119/><V85/><F26/><W109/><G126/><T106/><D106/><U14/><E14/><V108/><F28/><W62/><G98/><T51/><D36/><U127/><E113/><V100/><F56/><W54/><G10/><T48/><D48/><N who="1" m="18539" /><E75/><V105/><F100/><W66/><G78/><T58/><D58/><N who="1" m="34887" /><E74/><V114/><F33/><W134/><G13/><T0/><D0/><U104/><E104/><V81/><F81/><AGARI ba="0,0" hai="18,19,29,30,31,40,45,51,80,81,82,86,89,93" machi="81" ten="40,1300,0" yaku="8,1" doraHai="6" who="0" fromWho="2" sc="533,13,5,0,369,-13,93,0" owari="546,64.0,5,-49.0,356,16.0,93,-31.0" /></mjloggm>