<mjloggm ver="2.3"><GO type="169" lobby="0"/><UN n0="%E5%A4%95%E5%87%AA" n1="%E3%82%A6%E3%83%AB%E3%83%88%E3%83%A9%E7%AB%8B%E7%9B%B4" n2="%73%68%6F%6F%74%33%39" n3="%6D%65%6C%6F%77%6D%6E" dan="17,18,18,16" rate="2136.10,2194.01,2146.64,2020.52" sx="M,M,M,M"/><TAIKYOKU oya="0"/><INIT seed="0,0,0,1,5,125" ten="250,250,250,250" oya="0" hai0="0,95,87,11,96,72,10,134,43,21,75,47,48" hai1="52,94,54,117,37,112,65,5,93,90,114,61,126" hai2="45,1,124,100,98,91,73,27,16,110,102,8,55" hai3="69,71,13,22,64,84,40,28,35,103,81,111,109"/><T56/><D134/><U130/><E37/><V128/><F73/><W18/><G40/><T129/><D75/><U131/><E5/><V44/><F124/><W113/><G103/><T60/><D0/><U32/><E32/><V26/><F110/><N who="3" m="41995" /><G113/><N who="1" m="43626" /><E117/><V99/><F91/><N who="3" m="51599" /><G64/><T76/><D72/><U120/><E120/><V4/><F55/><N who="1" m="21033" /><E126/><V116/><F116/><W12/><G12/><T82/><D129/><N who="1" m="49163" /><E90/><V49/><F4/><W20/><G35/><T2/><D2/><U107/><E107/><V25/><F1/><W57/><G57/><AGARI ba="0,0" hai="57,61,65,93,94" m="49163,21033,43626" machi="57" ten="30,12000,2" yaku="11,1,19,1,52,3,54,1" doraHai="125" who="1" fromWho="3" sc="250,0,250,120,250,0,250,-120" /><INIT seed="1,0,0,1,4,52" ten="250,370,250,130" oya="1" hai0="1,104,68,13,44,53,111,20,64,37,129,10,66" hai1="88,76,112,109,19,125,131,2,74,89,132,81,8" hai2="114,83,122,36,96,103,98,85,91,73,94,0,15" hai3="117,3,65,105,110,39,40,16,113,71,9,84,56"/><U34/><E34/><V4/><F36/><W22/><G110/><T119/><D119/><U121/><E112/><V82/><F0/><W55/><G113/><T123/><D111/><U118/><E121/><V134/><F114/><W75/><G75/><T107/><D1/><U47/><E118/><V69/><F69/><W43/><G117/><T99/><D123/><U27/><E125/><V26/><F26/><W133/><G133/><T92/><D20/><U21/><E131/><V80/><F15/><W108/><G108/><T127/><D129/><U49/><E132/><V42/><F42/><W70/><G105/><T128/><D127/><U77/><E77/><N who="2" m="44079" /><F4/><W115/><G115/><T100/><D128/><U29/><E109/><V95/><F134/><W67/><G71/><T32/><D32/><U7/><REACH who="1" step="1"/><E29/><REACH who="1" ten="250,360,250,130" step="2"/><V61/><F122/><W124/><G124/><T120/><D120/><U79/><E79/><V12/><F12/><W126/><G126/><T18/><D13/><U97/><E97/><V48/><F98/><W28/><G3/><T101/><D99/><U35/><E35/><V33/><F96/><W130/><G28/><T23/><D107/><U135/><E135/><V93/><F33/><W86/><G130/><T30/><D104/><U59/><E59/><V102/><F102/><W51/><G56/><T60/><D30/><U72/><E72/><V24/><F103/><W87/><G70/><T106/><D106/><U45/><E45/><V50/><F91/><W5/><G86/><T78/><D101/><U38/><E38/><V14/><F85/><W63/><G87/><RYUUKYOKU ba="0,1" sc="250,-10,360,30,250,-10,130,-10" hai1="2,7,8,19,21,27,47,49,74,76,81,88,89" /><INIT seed="1,1,1,1,3,86" ten="240,390,240,120" oya="1" hai0="63,5,1,102,88,89,32,30,2,69,41,103,129" hai1="29,98,51,10,111,33,106,82,116,62,24,117,52" hai2="120,90,28,113,114,12,118,11,131,126,14,35,38" hai3="112,17,83,59,87,47,72,68,74,135,54,133,8"/><U122/><E122/><V27/><F38/><W123/><G123/><T105/><D41/><U93/><E111/><V124/><F120/><W128/><G68/><T115/><D115/><N who="2" m="44042" /><F118/><W23/><G128/><T15/><D15/><N who="2" m="5674" /><F90/><N who="0" m="34922" /><D103/><U104/><E82/><V49/><F49/><N who="3" m="28991" /><G59/><T57/><D57/><U45/><E10/><V92/><F92/><W26/><G8/><T97/><D5/><U44/><E44/><V4/><F131/><W58/><G58/><T46/><D46/><U78/><E78/><V65/><F65/><W9/><G112/><T91/><N who="0" m="34930" /><T70/><DORA hai="64" /><D70/><U121/><E121/><V55/><F55/><W73/><G9/><T79/><D79/><U94/><E116/><V119/><F119/><W110/><G74/><T34/><D34/><U96/><E117/><V108/><F108/><W25/><G110/><T39/><D39/><U56/><E45/><V100/><F100/><W3/><G73/><T37/><D129/><U127/><E33/><V61/><F61/><W71/><G71/><T109/><D109/><U95/><E62/><V132/><F132/><W7/><G72/><T42/><D42/><U99/><E56/><V53/><F53/><W84/><G83/><T21/><D21/><U76/><E52/><V50/><F50/><W77/><G135/><T43/><D43/><U134/><E51/><V6/><F6/><W36/><G133/><T80/><D80/><U66/><E134/><V13/><AGARI ba="1,1" hai="4,11,13,27,28,35,124,126" m="5674,44042" machi="13" ten="30,4000,0" yaku="11,1,34,2" doraHai="86,64" who="2" fromWho="2" sc="240,-11,390,-21,240,53,120,-11" /><INIT seed="2,0,0,0,1,79" ten="229,369,293,109" oya="2" hai0="9,33,63,127,22,129,76,89,109,46,23,19,101" hai1="92,58,91,56,49,73,29,59,6,86,84,134,13" hai2="135,78,82,40,2,118,132,32,69,111,31,11,64" hai3="121,94,80,100,62,65,87,51,53,115,128,90,95"/><V110/><F118/><W68/><G128/><T88/><D33/><U66/><E73/><V18/><F40/><W14/><G121/><T71/><D129/><U125/><E125/><V30/><F64/><W75/><G115/><T26/><D127/><U52/><E29/><V99/><F69/><W123/><G123/><T42/><D101/><U17/><E6/><N who="2" m="1495" /><F99/><W7/><G100/><T83/><D9/><U106/><E106/><V57/><F57/><W12/><G75/><T102/><D102/><U81/><E134/><N who="2" m="51243" /><F18/><W24/><G24/><T44/><D44/><U41/><E41/><V103/><F103/><W21/><G12/><T50/><D109/><N who="2" m="41482" /><F32/><W28/><G65/><T112/><D112/><U60/><E60/><V93/><F93/><W37/><G62/><T39/><D39/><U130/><E66/><V77/><F77/><W10/><G37/><T108/><D108/><U97/><E130/><V61/><F61/><W70/><G70/><T47/><D47/><U48/><E48/><V1/><F1/><W35/><G68/><T107/><D107/><U55/><E97/><V96/><F96/><W36/><G36/><T85/><D71/><U15/><E17/><V4/><F4/><W114/><G35/><T104/><D104/><U98/><E98/><V5/><F5/><W45/><G114/><T122/><D122/><U25/><E58/><V0/><F0/><W3/><G3/><T67/><D67/><U126/><E56/><V117/><F117/><W120/><G120/><T20/><D63/><U27/><E59/><V43/><F43/><W116/><G116/><RYUUKYOKU ba="0,0" sc="229,10,369,-30,293,10,109,10" hai0="19,20,22,23,26,42,46,50,76,83,85,88,89" hai2="30,31,78,82" hai3="7,10,14,21,28,45,51,53,80,87,90,94,95" /><INIT seed="2,1,0,2,1,131" ten="239,339,303,119" oya="2" hai0="79,70,135,59,76,2,55,33,78,83,126,132,66" hai1="65,96,93,38,11,13,27,60,46,75,44,114,26" hai2="64,4,129,49,130,20,97,24,68,125,6,108,47" hai3="16,90,95,86,102,28,37,82,32,52,92,123,1"/><V116/><F116/><W124/><G123/><T63/><D33/><U56/><E75/><V120/><F120/><W85/><G37/><T0/><D83/><U104/><E104/><V22/><F125/><W3/><G124/><T17/><D126/><U12/><E12/><V80/><F108/><W117/><G117/><T7/><D17/><U19/><E114/><V94/><F80/><W29/><G92/><T36/><D36/><U21/><E38/><V105/><F105/><W14/><G102/><T25/><D25/><U134/><E27/><V45/><F64/><W88/><G32/><T35/><D35/><U5/><E134/><N who="0" m="51241" /><D7/><U48/><E48/><AGARI ba="1,0" hai="0,2,48,55,59,63,66,70,76,78,79" m="51241" machi="48" ten="30,7700,0" yaku="20,1,52,3" doraHai="131" who="0" fromWho="1" sc="239,80,339,-80,303,0,119,0" /><INIT seed="3,0,0,4,0,130" ten="319,259,303,119" oya="3" hai0="109,26,51,75,133,104,131,53,37,40,113,11,43" hai1="132,29,90,5,10,66,4,134,78,89,77,17,98" hai2="81,97,88,123,129,67,84,55,70,100,72,119,56" hai3="63,102,114,117,108,28,49,120,38,57,33,69,121"/><W7/><G114/><T62/><D131/><U20/><E66/><V93/><F129/><W19/><G117/><T110/><D104/><U22/><E29/><V116/><F123/><W3/><G38/><T61/><D75/><U85/><E98/><V135/><F135/><N who="1" m="51753" /><E90/><V96/><F72/><W112/><G112/><T128/><D128/><U111/><E111/><V74/><F74/><W25/><G108/><T24/><D37/><U39/><E39/><V82/><F82/><W21/><G49/><T71/><D51/><U45/><E45/><V0/><F67/><W106/><G69/><T79/><D71/><U87/><E87/><V52/><F70/><W48/><G48/><T91/><D91/><U64/><E64/><V99/><F119/><W44/><G44/><T9/><D133/><U103/><E103/><V125/><F116/><W101/><G101/><T65/><D65/><U6/><E10/><V60/><F99/><W30/><G106/><T107/><D107/><U59/><E59/><V122/><F97/><W32/><G102/><T58/><D58/><U92/><E20/><V2/><F56/><W41/><G30/><T115/><D53/><U94/><E94/><V16/><F55/><N who="3" m="34239" /><G32/><T31/><D31/><U86/><E86/><V126/><F52/><W105/><G105/><T36/><D36/><U8/><E8/><V46/><F46/><W47/><G28/><T80/><D115/><U73/><E73/><V27/><F100/><W54/><G33/><T15/><D113/><U83/><E83/><V76/><F81/><W127/><G54/><T34/><D110/><RYUUKYOKU ba="0,0" sc="319,-10,259,30,303,-10,119,-10" hai1="4,5,6,17,22,77,78,85,89,92" /><INIT seed="4,1,0,3,3,19" ten="309,289,293,109" oya="0" hai0="16,23,125,14,28,129,60,81,41,119,11,7,88" hai1="111,82,105,37,73,5,131,93,46,101,79,126,43" hai2="107,66,9,20,52,63,99,117,134,47,112,30,114" hai3="85,106,100,44,13,75,2,40,10,97,26,108,18"/><T53/><D119/><U50/><E111/><V127/><F9/><W0/><G108/><T89/><D129/><U12/><E131/><V36/><F117/><W74/><G85/><N who="0" m="50223" /><D125/><U98/><E126/><V90/><F127/><W121/><G121/><T8/><D41/><U35/><E35/><V17/><F30/><W25/><G2/><T39/><D39/><U15/><E50/><V110/><F110/><W109/><G109/><T67/><D67/><U55/><E55/><V38/><F134/><W130/><G130/><T76/><D76/><U72/><E72/><V135/><F135/><W104/><G104/><T120/><D120/><U6/><E6/><V3/><F3/><W24/><REACH who="3" step="1"/><G0/><REACH who="3" ten="309,289,293,99" step="2"/><T77/><D77/><U132/><E132/><V51/><F107/><W4/><G4/><T32/><D7/><U68/><E5/><V122/><F122/><W61/><G61/><T27/><D60/><U86/><E68/><V59/><F114/><W102/><G102/><T133/><D133/><U22/><E105/><V29/><F112/><W71/><G71/><T103/><D103/><U48/><E73/><V96/><F96/><W116/><G116/><T57/><D89/><U80/><E79/><V91/><F91/><W95/><G95/><T45/><D8/><U65/><E101/><V42/><F90/><W62/><G62/><T118/><D118/><U84/><E93/><V56/><F99/><W78/><G78/><T87/><D87/><U33/><E86/><V1/><F1/><W54/><G54/><T69/><D69/><U31/><E84/><V92/><F63/><RYUUKYOKU ba="1,1" sc="309,-10,289,-10,293,-10,99,30" hai3="10,13,18,24,25,26,40,44,74,75,97,100,106" /><INIT seed="5,2,1,2,4,54" ten="299,279,283,129" oya="1" hai0="65,129,116,31,87,118,48,83,1,121,52,45,71" hai1="37,38,32,0,60,17,25,68,125,7,86,131,23" hai2="114,35,26,15,8,91,19,50,51,28,108,22,11" hai3="113,88,24,82,10,117,18,96,41,128,104,36,67"/><U133/><E125/><V134/><F108/><W4/><G113/><T89/><D1/><U123/><E123/><V34/><F114/><W110/><G110/><T16/><D121/><U69/><E131/><V95/><F134/><W103/><G128/><T6/><D6/><U99/><E133/><V107/><F107/><W98/><G117/><T79/><D129/><U102/><E32/><V47/><F35/><W40/><G67/><T76/><D31/><U81/><E7/><V105/><F105/><W63/><G63/><T80/><D71/><U49/><E49/><V33/><F51/><W64/><G64/><T135/><D65/><U43/><E0/><V27/><F27/><W112/><G112/><T122/><D122/><U85/><E85/><V97/><F33/><W20/><G36/><T84/><D135/><U130/><E130/><V13/><F13/><W92/><REACH who="3" step="1"/><G82/><REACH who="3" ten="299,279,283,119" step="2"/><T124/><D124/><U100/><E60/><V29/><F29/><W78/><G78/><T14/><D79/><N who="1" m="46399" /><E38/><V21/><F34/><W70/><G70/><T42/><D42/><AGARI ba="2,2" hai="8,11,15,19,21,22,26,28,42,47,50,91,95,97" machi="42" ten="30,2000,0" yaku="7,1,8,1" doraHai="54" who="2" fromWho="0" sc="299,-26,279,0,283,46,119,0" /><INIT seed="6,0,0,2,5,78" ten="273,279,329,119" oya="2" hai0="0,43,84,133,55,97,91,56,36,61,112,39,90" hai1="117,125,64,44,121,73,106,50,72,14,83,27,37" hai2="42,12,71,110,13,60,123,127,130,81,122,63,48" hai3="75,65,46,101,70,111,102,79,15,11,31,57,93"/><V1/><F1/><W128/><G128/><T104/><D0/><U88/><E37/><V107/><F107/><W120/><G120/><T82/><D112/><U96/><E117/><V124/><F130/><W33/><G111/><T8/><D133/><U17/><E64/><V103/><F103/><W24/><G46/><T99/><D43/><U25/><E125/><V62/><F71/><W105/><G70/><T77/><D104/><U2/><E2/><V28/><F28/><W114/><G114/><T21/><D8/><N who="1" m="6343" /><E73/><V16/><F12/><W41/><G41/><T51/><D51/><U126/><E72/><V7/><F7/><W69/><G69/><T26/><D39/><U113/><E113/><V87/><F48/><W3/><G3/><T6/><D6/><U89/><E106/><V109/><F42/><W68/><G68/><T108/><D108/><N who="2" m="41578" /><F123/><W29/><G105/><T134/><D134/><U22/><E126/><V92/><F92/><W40/><G93/><T5/><D5/><U119/><E119/><V35/><F35/><W20/><G40/><T115/><D36/><U47/><E121/><V18/><F18/><N who="3" m="8575" /><G33/><T85/><D115/><U32/><E32/><V58/><F122/><W54/><G75/><T118/><D118/><U59/><E27/><V131/><F131/><W76/><G24/><T30/><D91/><U80/><E89/><N who="2" m="51439" /><F58/><W45/><G57/><T38/><D38/><U98/><E59/><V53/><F53/><W86/><G54/><T95/><AGARI ba="0,0" hai="21,26,30,55,56,61,77,82,84,85,90,95,97,99" machi="95" ten="20,5200,0" yaku="0,1,7,1,8,1,52,1" doraHai="78" who="0" fromWho="0" sc="273,52,279,-13,329,-26,119,-13" /><INIT seed="7,0,0,2,1,133" ten="325,266,303,106" oya="3" hai0="130,72,105,35,87,95,107,51,54,131,48,38,71" hai1="17,2,60,86,61,113,55,36,66,91,9,75,101" hai2="124,68,116,106,93,117,33,128,64,103,37,98,104" hai3="114,79,122,119,11,80,78,118,120,7,21,14,63"/><W129/><G114/><T70/><D72/><U46/><E75/><V12/><F37/><W108/><G129/><T88/><D38/><U13/><E2/><V62/><F128/><N who="0" m="49194" /><D35/><U127/><E101/><V18/><F124/><W73/><G108/><T28/><D28/><U111/><E111/><V59/><F33/><W15/><G78/><T52/><D52/><U0/><E0/><V81/><F81/><W121/><REACH who="3" step="1"/><G63/><REACH who="3" ten="325,266,303,96" step="2"/><T32/><D51/><N who="1" m="29175" /><E36/><V135/><F117/><W125/><G125/><T89/><D48/><U39/><E39/><V123/><F116/><W76/><G76/><T109/><D109/><U26/><E113/><V49/><F49/><W8/><G8/><T20/><D71/><U77/><E77/><V82/><F68/><W57/><G57/><T41/><D70/><U22/><E127/><V84/><F135/><W40/><G40/><T56/><D41/><U58/><E61/><V42/><F42/><W90/><G90/><T69/><D88/><U115/><E115/><V25/><F59/><W85/><G85/><T30/><D69/><U100/><E100/><V43/><F62/><W16/><AGARI ba="0,1" hai="7,11,14,15,16,21,73,79,80,118,119,120,121,122" machi="16" ten="40,7800,0" yaku="1,1,0,1,54,1,53,0" doraHai="133" doraHaiUra="126" who="3" fromWho="3" sc="325,-26,266,-26,303,-26,96,88" /><INIT seed="7,1,0,1,1,134" ten="299,240,277,184" oya="3" hai0="69,78,72,63,13,30,81,128,108,123,43,118,96" hai1="76,86,103,7,9,68,122,20,93,94,111,64,50" hai2="87,74,129,21,127,65,97,105,16,0,22,83,90" hai3="113,19,32,80,126,8,1,12,24,82,54,18,29"/><W41/><G113/><T26/><D123/><U15/><E111/><V44/><F0/><W11/><G41/><T92/><D108/><U4/><E122/><V39/><F65/><W48/><G126/><T107/><D43/><U70/><E70/><V35/><F35/><W102/><G102/><T73/><D13/><U131/><E68/><V75/><F127/><W95/><G95/><T116/><D73/><U104/><E131/><V62/><F62/><W112/><G112/><T106/><D106/><U56/><E104/><V109/><F109/><W2/><G2/><T66/><D128/><U125/><E125/><V79/><F129/><W27/><G27/><T23/><D107/><U101/><E4/><V28/><F28/><W110/><G110/><T98/><D98/><U120/><E20/><V57/><F57/><W89/><G89/><AGARI ba="1,0" hai="23,26,30,63,66,69,72,78,81,89,92,96,116,118" machi="89" ten="30,1000,0" yaku="7,1" doraHai="134" who="0" fromWho="3" sc="299,13,240,0,277,0,184,-13" owari="312,41.0,240,-16.0,277,8.0,171,-33.0" /></mjloggm>