<mjloggm ver="2.3"><GO type="169" lobby="0"/><UN n0="%E3%83%95%E3%82%A7%E3%83%AB%E3%83%8A%E3%83%B3%E3%83%89" n1="%E3%83%88%E3%83%88%E3%83%AA%E5%85%88%E7%94%9F%31%39%E6%AD%B3" n2="%E8%88%AC%E5%8D%93%E6%B0%91%E3%81%AE%E6%9C%9D%E3%81%AF%E6%97%A9%E3%81%84" n3="%E6%AE%8B%E5%B0%BF%E6%84%9F%E3%81%AA%E3%81%84%EF%BC%9F" dan="17,18,16,16" rate="2201.69,2226.62,2101.91,2132.34" sx="M,F,M,F"/><TAIKYOKU oya="0"/><INIT seed="0,0,0,2,3,44" ten="250,250,250,250" oya="0" hai0="64,95,46,40,61,39,28,131,75,78,9,116,87" hai1="4,60,16,114,109,79,80,71,56,54,57,67,10" hai2="37,84,90,13,82,91,55,23,22,104,76,1,52" hai3="113,81,74,0,33,89,6,51,101,34,27,20,92"/><T133/><D116/><U31/><E109/><V70/><F1/><W36/><G113/><T105/><D105/><U25/><E114/><V98/><F37/><W19/><G36/><T32/><D75/><U15/><E4/><V83/><F70/><W128/><G128/><T103/><D131/><U135/><E135/><V42/><F42/><W50/><G101/><T69/><D133/><U115/><E115/><V12/><F104/><W62/><G0/><T72/><D72/><U49/><E71/><V125/><F125/><W63/><G6/><T126/><D126/><U68/><E68/><V97/><F76/><W124/><G124/><T5/><D32/><U93/><E93/><V29/><F29/><W47/><G34/><T53/><D28/><U24/><REACH who="1" step="1"/><E31/><REACH who="1" ten="250,240,250,250" step="2"/><V99/><F99/><N who="3" m="57743" /><G33/><T21/><D95/><U41/><E41/><V35/><F35/><W129/><G129/><T117/><D40/><U7/><E7/><V121/><F121/><W11/><G74/><AGARI ba="0,1" hai="10,15,16,24,25,49,54,56,57,60,67,74,79,80" machi="74" ten="30,7700,0" yaku="1,1,7,1,52,1,54,1,53,0" doraHai="44" doraHaiUra="18" who="1" fromWho="3" sc="250,0,240,87,250,0,250,-77" /><INIT seed="1,0,0,0,3,132" ten="250,327,250,173" oya="1" hai0="4,8,10,7,135,2,17,95,28,43,21,49,14" hai1="74,55,65,101,86,18,39,126,23,84,85,54,27" hai2="24,99,122,124,61,70,40,75,92,123,13,60,111" hai3="22,91,36,73,19,121,104,76,87,6,77,32,37"/><U47/><E74/><V107/><F124/><W115/><G121/><T100/><D135/><U117/><E117/><V5/><F75/><W59/><G32/><T130/><D130/><U72/><E72/><V50/><F111/><W133/><G115/><T1/><D100/><U62/><E126/><V131/><F24/><W97/><G6/><T98/><D43/><U82/><E101/><V56/><F107/><W96/><G133/><T0/><D49/><U38/><E82/><V128/><F70/><W109/><G109/><T26/><D95/><U93/><E93/><V45/><F13/><W110/><G110/><T67/><D67/><U53/><REACH who="1" step="1"/><E47/><REACH who="1" ten="250,317,250,173" step="2"/><N who="2" m="25959" /><F123/><W48/><G73/><T41/><D98/><U127/><E127/><V80/><F45/><W103/><G97/><T42/><D42/><U79/><E79/><V58/><F80/><W57/><G77/><T52/><D41/><U25/><E25/><V106/><F122/><W83/><G76/><T90/><D90/><U46/><E46/><V35/><F92/><W30/><G37/><T78/><D78/><U118/><E118/><V112/><F128/><W9/><G36/><T33/><REACH who="0" step="1"/><D52/><REACH who="0" ten="240,317,250,173" step="2"/><U105/><E105/><V34/><F106/><W51/><G104/><T116/><D116/><U108/><E108/><V119/><F119/><W63/><G96/><T120/><D120/><U66/><E66/><V69/><F131/><W81/><G103/><T12/><AGARI ba="0,2" hai="0,1,2,4,7,8,10,12,14,17,21,26,28,33" machi="12" ten="20,24000,4" yaku="1,1,0,1,7,1,24,2,35,6,53,0" doraHai="132" doraHaiUra="102" who="0" fromWho="0" sc="240,260,317,-120,250,-60,173,-60" /><INIT seed="2,0,0,2,3,73" ten="500,197,190,113" oya="2" hai0="70,84,64,0,12,126,2,40,58,5,29,129,8" hai1="82,23,130,14,61,117,101,37,69,102,53,119,63" hai2="4,55,38,94,89,88,1,115,76,30,118,24,56" hai3="85,133,43,109,32,98,36,125,111,127,15,124,35"/><V105/><F115/><W68/><G68/><T86/><D70/><U50/><E37/><V91/><F118/><W25/><G98/><T45/><D129/><U27/><E130/><V135/><F135/><W18/><G85/><T22/><D2/><U90/><E14/><V20/><F105/><W110/><G36/><T11/><D29/><U77/><E90/><V95/><F38/><W114/><G43/><T97/><D22/><U132/><E132/><V62/><REACH who="2" step="1"/><F76/><REACH who="2" ten="500,197,180,113" step="2"/><W81/><G133/><T83/><D126/><U48/><E119/><V66/><F66/><W75/><G114/><T47/><D64/><U128/><E117/><V33/><F33/><W41/><G41/><T104/><D104/><U121/><E128/><V49/><F49/><W44/><G35/><T93/><D40/><U34/><E34/><V67/><F67/><W9/><G32/><T6/><D83/><U96/><E50/><V92/><F92/><W123/><G123/><T72/><D93/><U60/><E121/><V54/><F54/><W79/><G44/><T103/><D47/><U80/><E48/><V52/><F52/><W71/><G71/><T65/><D45/><U7/><E53/><V57/><F57/><W134/><G134/><T17/><D58/><U106/><E69/><V99/><F99/><W122/><G122/><T39/><D97/><U16/><E101/><V78/><F78/><W87/><G75/><T107/><D72/><N who="1" m="43047" /><E82/><V112/><F112/><W46/><G46/><T51/><D103/><U42/><E42/><V120/><F120/><W28/><G127/><T113/><D39/><RYUUKYOKU ba="0,1" sc="500,-30,197,10,180,10,113,10" hai1="7,16,23,27,60,61,63,96,102,106" hai2="1,4,20,24,30,55,56,62,88,89,91,94,95" hai3="9,15,18,25,28,79,81,87,109,110,111,124,125" /><INIT seed="2,1,1,3,1,135" ten="470,207,190,123" oya="2" hai0="41,35,105,14,79,65,70,50,80,119,51,16,73" hai1="45,24,81,58,9,98,90,37,6,10,133,32,13" hai2="26,56,17,97,134,78,100,20,36,114,92,44,84" hai3="106,116,15,76,19,130,57,88,8,4,34,12,2"/><V71/><F134/><W23/><G106/><T72/><D35/><U30/><E133/><V68/><F114/><W89/><G116/><T74/><D119/><U60/><E37/><V118/><F118/><W87/><G130/><T132/><D132/><U94/><E45/><V1/><F1/><W59/><G34/><T33/><D33/><U38/><E38/><V117/><F117/><W66/><G2/><T131/><D131/><U103/><E10/><V31/><F56/><N who="3" m="21579" /><G66/><T121/><D121/><U63/><E81/><AGARI ba="1,1" hai="4,8,12,15,19,23,76,81,87,88,89" m="21579" machi="81" ten="30,2000,0" yaku="8,1,54,1" doraHai="135" who="3" fromWho="1" sc="470,0,207,-23,190,0,123,33" /><INIT seed="3,0,0,0,2,107" ten="470,184,190,156" oya="3" hai0="120,6,117,80,123,66,41,78,12,91,105,15,63" hai1="125,28,94,7,35,43,88,36,24,8,113,114,130" hai2="104,47,22,111,55,18,84,37,76,17,89,72,93" hai3="90,53,42,5,71,32,62,74,98,67,54,110,33"/><W135/><G42/><T64/><D117/><U132/><E130/><V61/><F111/><W83/><G5/><T106/><D41/><U31/><E132/><V108/><F108/><W56/><G110/><T26/><D91/><U92/><E92/><V97/><F37/><W70/><G135/><T4/><D26/><U40/><E31/><V29/><F29/><W121/><G121/><T65/><D63/><U127/><E40/><V50/><F61/><W129/><G129/><T52/><D52/><U85/><E43/><V34/><F34/><W11/><G11/><T48/><D48/><U16/><E36/><V14/><F18/><W102/><G54/><T46/><D66/><U131/><E131/><V25/><F104/><W0/><G0/><T3/><D78/><U68/><E68/><V82/><REACH who="2" step="1"/><F25/><REACH who="2" ten="470,184,180,156" step="2"/><W96/><G33/><T116/><D106/><U122/><E16/><V49/><F49/><W99/><G32/><T95/><D105/><U75/><E122/><V44/><F44/><W13/><G67/><T112/><D120/><U134/><E134/><V27/><F27/><W10/><G102/><T30/><D123/><U20/><E35/><V59/><F59/><W81/><G71/><T1/><D65/><U133/><E133/><V79/><F79/><N who="3" m="44279" /><G70/><T109/><D64/><U126/><REACH who="1" step="1"/><E75/><AGARI ba="0,1" hai="14,17,22,47,50,55,72,75,76,82,84,89,93,97" machi="75" ten="40,8000,1" yaku="1,1,52,2,53,1" doraHai="107" doraHaiUra="77" who="2" fromWho="1" sc="470,0,184,-80,180,90,156,0" /><INIT seed="4,0,0,4,4,65" ten="470,104,270,156" oya="0" hai0="81,123,26,95,121,75,64,114,1,15,76,11,89" hai1="36,63,118,82,62,90,106,6,58,79,134,31,34" hai2="110,80,78,94,2,32,99,102,132,71,108,12,128" hai3="10,112,13,51,135,5,7,69,46,131,87,49,0"/><T53/><D1/><U55/><E118/><V67/><F2/><W56/><G112/><T127/><D114/><U25/><E134/><V38/><F38/><W83/><G131/><T40/><D127/><U77/><E36/><V120/><F32/><W72/><G72/><T59/><D40/><U17/><E106/><V24/><F24/><W126/><G126/><T96/><D64/><U107/><E107/><V100/><F71/><W98/><G69/><T70/><D26/><U57/><E6/><V74/><F12/><W66/><G135/><T109/><D70/><U41/><E41/><V9/><F9/><W8/><G98/><T3/><D3/><U27/><E90/><V39/><F67/><W91/><REACH who="3" step="1"/><G46/><REACH who="3" ten="470,104,270,146" step="2"/><T44/><D44/><U116/><E116/><V113/><F113/><W105/><G105/><T125/><D125/><U86/><E86/><V22/><F132/><W33/><G33/><T52/><D109/><U97/><E97/><V47/><F99/><W54/><G54/><T50/><REACH who="0" step="1"/><D53/><REACH who="0" ten="460,104,270,146" step="2"/><U4/><E55/><V117/><F47/><W48/><G48/><T104/><D104/><U68/><E68/><V103/><F110/><W30/><G30/><T92/><D92/><U42/><E31/><V84/><F94/><W130/><G130/><T124/><D124/><U93/><E34/><V115/><F128/><W14/><G14/><T129/><D129/><U111/><E93/><V16/><F115/><W28/><G28/><T60/><D60/><AGARI ba="0,2" hai="0,5,7,8,10,13,49,51,56,60,66,83,87,91" machi="60" ten="40,1300,0" yaku="1,1,53,0" doraHai="65" doraHaiUra="20" who="3" fromWho="0" sc="460,-13,104,0,270,0,146,33" /><INIT seed="5,0,0,2,2,64" ten="447,104,270,179" oya="1" hai0="12,60,58,129,16,6,33,98,135,41,43,84,132" hai1="72,65,97,71,94,115,87,124,104,85,53,56,2" hai2="113,54,47,34,10,91,79,121,96,114,100,110,22" hai3="9,24,67,38,28,40,8,92,88,25,95,26,119"/><U125/><E2/><V0/><F34/><W120/><G120/><T133/><D33/><U69/><E72/><V76/><F110/><W68/><G28/><T39/><D129/><U89/><E65/><V59/><F47/><W117/><G40/><T42/><D6/><U15/><E15/><V51/><F91/><W107/><G107/><T21/><D98/><U78/><E115/><N who="2" m="44043" /><F22/><W103/><G95/><T81/><D39/><U93/><E104/><N who="2" m="63495" /><F121/><W20/><G103/><T126/><D133/><U131/><E131/><V101/><F101/><W80/><G20/><T35/><D35/><U112/><E112/><V29/><F29/><W99/><G80/><T70/><D135/><U75/><E75/><V111/><F111/><W90/><G90/><T17/><D132/><U73/><E73/><V19/><F19/><W23/><G23/><T32/><D32/><U7/><E7/><AGARI ba="0,0" hai="0,7,10,51,54,59,76,79" m="63495,44043" machi="7" ten="30,2000,0" yaku="15,1,11,1" doraHai="64" who="2" fromWho="1" sc="447,0,104,-20,270,20,179,0" /><INIT seed="6,0,0,2,2,76" ten="447,84,290,179" oya="2" hai0="62,17,23,28,119,80,43,98,89,131,90,115,48" hai1="22,126,35,41,127,19,70,124,88,96,106,40,104" hai2="18,12,110,132,16,58,87,0,101,112,15,49,38" hai3="93,128,3,120,32,92,79,52,116,47,9,100,125"/><V105/><F38/><W24/><G79/><T65/><D115/><U97/><E70/><V8/><F112/><W67/><G120/><T1/><D1/><U122/><E35/><V5/><F101/><W39/><G67/><T13/><D131/><U31/><E31/><V107/><F0/><W51/><G39/><T118/><D28/><U129/><E129/><V27/><F132/><W56/><G24/><T66/><D98/><U59/><E122/><V53/><F110/><W102/><G32/><T57/><D66/><U6/><E6/><V135/><F135/><W45/><G9/><T69/><D80/><U20/><E59/><V81/><F27/><W134/><G3/><T130/><D130/><U11/><E11/><V68/><F68/><W109/><G116/><N who="0" m="44587" /><D57/><U4/><E4/><V64/><F64/><W50/><G56/><T117/><D117/><U95/><E97/><V21/><F5/><W133/><G128/><T72/><D72/><U74/><E74/><V77/><AGARI ba="0,0" hai="8,12,15,16,18,21,49,53,58,77,81,87,105,107" machi="77" ten="20,7800,0" yaku="0,1,7,1,52,1,54,1" doraHai="76" who="2" fromWho="2" sc="447,-26,84,-26,290,78,179,-26" /><INIT seed="6,1,0,0,3,73" ten="421,58,368,153" oya="2" hai0="62,119,108,30,33,26,122,111,92,50,3,25,94" hai1="75,117,98,31,4,95,114,133,127,96,47,103,126" hai2="132,89,78,107,88,81,5,87,135,37,39,45,134" hai3="53,97,85,60,109,131,23,68,28,8,36,6,67"/><V38/><F107/><W1/><G109/><T10/><D122/><U83/><E31/><V44/><REACH who="2" step="1"/><F5/><REACH who="2" ten="421,58,358,153" step="2"/><W18/><G6/><T20/><D111/><U21/><E4/><V100/><F100/><W72/><G131/><T106/><D108/><U115/><E117/><V76/><F76/><W102/><G102/><T105/><D119/><U69/><E115/><V93/><F93/><W110/><G110/><T79/><D79/><N who="1" m="44543" /><E114/><V77/><F77/><W56/><G1/><T27/><D94/><U112/><E112/><V49/><F49/><W84/><G36/><T91/><D50/><U64/><E95/><V43/><F43/><W54/><G60/><T82/><D62/><N who="1" m="40087" /><E103/><V2/><F2/><W13/><G72/><T125/><D92/><U12/><E127/><V55/><F55/><W41/><G53/><T24/><D125/><U34/><E126/><V116/><F116/><W40/><G54/><T99/><D3/><U17/><E98/><V58/><F58/><W128/><G56/><T130/><D130/><U29/><E96/><V80/><F80/><W123/><G97/><T0/><D99/><U124/><E124/><V61/><F61/><W118/><G128/><T14/><D0/><U52/><E52/><V66/><F66/><W9/><G67/><T65/><D65/><U42/><E42/><V71/><F71/><W101/><G68/><T90/><D106/><U86/><E86/><V35/><F35/><W32/><G85/><N who="0" m="50487" /><D105/><U59/><E59/><V63/><F63/><W19/><G118/><T104/><D104/><U16/><E34/><V48/><F48/><RYUUKYOKU ba="1,1" sc="421,-10,58,-10,358,30,153,-10" hai2="37,38,39,44,45,78,81,87,88,89,132,134,135" /><INIT seed="6,2,1,1,3,123" ten="411,48,388,143" oya="2" hai0="76,91,49,28,41,7,79,34,48,0,87,118,88" hai1="65,68,22,72,133,130,40,18,105,110,44,5,36" hai2="121,25,20,27,12,66,55,31,21,114,111,128,115" hai3="9,38,61,80,71,83,92,60,32,95,70,100,120"/><V85/><F121/><W125/><G120/><T97/><D118/><U89/><E105/><V52/><F128/><W109/><G9/><T51/><D41/><U86/><E130/><V39/><F39/><W47/><G47/><T13/><D0/><U29/><E72/><V24/><F66/><W135/><G100/><T33/><D28/><U116/><E116/><V43/><F43/><W99/><G99/><T108/><D108/><U127/><E127/><V119/><F119/><W15/><G15/><T26/><D26/><N who="2" m="10346" /><F85/><W10/><G10/><N who="0" m="4319" /><D34/><U73/><E73/><V42/><F42/><W14/><G14/><T54/><D33/><U129/><E29/><V117/><F117/><W2/><G32/><T23/><D23/><U3/><E110/><V98/><F98/><W82/><G82/><N who="0" m="49271" /><D54/><U94/><E129/><V113/><F111/><W131/><G2/><T134/><D134/><U1/><E133/><V57/><F57/><W16/><G135/><T81/><D81/><U124/><E124/><V59/><F59/><W96/><G109/><T112/><D112/><N who="2" m="28674" /><V126/><DORA hai="50" /><F126/><W8/><G38/><T63/><D63/><N who="1" m="39999" /><E3/><V37/><F37/><W77/><G125/><T67/><D67/><U102/><E1/><V45/><F45/><W75/><G131/><T101/><D101/><U46/><E102/><V17/><AGARI ba="2,1" hai="12,17,20,21,27,31,52,55" m="28674,10346" machi="17" ten="50,12000,1" yaku="15,1,52,2,54,1" doraHai="123,50" who="2" fromWho="2" sc="411,-42,48,-42,388,136,143,-42" /><INIT seed="6,3,0,0,2,91" ten="369,6,524,101" oya="2" hai0="88,24,118,34,40,10,104,133,109,87,135,23,102" hai1="112,111,106,79,123,31,125,128,134,3,77,116,71" hai2="7,89,103,98,60,96,54,78,53,124,59,46,50" hai3="22,26,73,9,117,45,81,119,38,43,37,36,97"/><V35/><F35/><W28/><G9/><T65/><D34/><U1/><E31/><V68/><F124/><W27/><G97/><T93/><D109/><U30/><E30/><V5/><F78/><W105/><G105/><T127/><D127/><U74/><E79/><V82/><F68/><W48/><G73/><T47/><D118/><U121/><E77/><V101/><F82/><W100/><G100/><N who="2" m="38473" /><F89/><W120/><G81/><T84/><D65/><U83/><E83/><V14/><F14/><W63/><G120/><T132/><D104/><U51/><E51/><V56/><F56/><W19/><G63/><T8/><D87/><U99/><E99/><AGARI ba="3,0" hai="5,7,46,50,53,54,59,60,96,98,99" m="38473" machi="99" ten="30,1500,0" yaku="8,1" doraHai="91" who="2" fromWho="1" sc="369,0,6,-24,524,24,101,0" owari="369,17.0,-18,-52.0,548,65.0,101,-30.0" /></mjloggm>