<mjloggm ver="2.3"><GO type="169" lobby="0"/><UN n0="%E3%81%8D%E3%81%A4%E3%83%BC%E3%81%AD" n1="%E3%83%97%E3%83%AD%E3%83%86%E3%82%A4%E3%83%B3%E5%BE%97%E7%9B%9B" n2="%E3%82%A6%E3%83%AB%E3%83%88%E3%83%A9%E7%AB%8B%E7%9B%B4" n3="%69%6B%65%69%6B%65%69" dan="17,16,18,17" rate="2116.72,2092.96,2228.61,2201.54" sx="M,M,M,M"/><TAIKYOKU oya="0"/><INIT seed="0,0,0,4,4,47" ten="250,250,250,250" oya="0" hai0="133,61,96,31,73,30,90,104,78,68,36,20,6" hai1="22,77,17,54,27,63,92,21,129,5,122,3,118" hai2="110,29,130,72,41,53,26,62,107,45,24,0,132" hai3="127,60,69,23,66,123,105,39,52,88,85,71,19"/><T35/><D36/><U28/><E77/><V121/><F121/><W46/><G127/><T34/><D6/><U25/><E122/><V67/><F72/><W12/><G123/><T126/><D126/><U99/><E129/><V124/><F0/><W49/><G105/><T32/><D133/><U57/><E118/><V83/><F124/><W87/><G39/><T79/><D90/><U37/><E37/><V11/><F107/><W81/><REACH who="3" step="1"/><G87/><REACH who="3" ten="250,250,250,240" step="2"/><T97/><D104/><U135/><E135/><V74/><F74/><W38/><G38/><T116/><D73/><U80/><E3/><V112/><F132/><W4/><G4/><T120/><D116/><U51/><E5/><V103/><F130/><W108/><G108/><T93/><D120/><U109/><E109/><V70/><F110/><W55/><G55/><T95/><D35/><U48/><E80/><V82/><F83/><W56/><AGARI ba="0,1" hai="12,19,23,46,49,52,56,60,66,69,71,81,85,88" machi="56" ten="20,12000,2" yaku="1,1,0,1,7,1,52,1,54,2,53,0" doraHai="47" doraHaiUra="125" who="3" fromWho="3" sc="250,-60,250,-30,250,-30,240,130" /><INIT seed="1,0,0,1,3,43" ten="190,220,220,370" oya="1" hai0="19,24,9,80,133,81,75,119,97,96,32,36,11" hai1="129,21,69,41,110,78,87,12,66,73,53,34,86" hai2="5,92,108,17,7,94,20,33,64,18,130,104,62" hai3="26,52,99,91,56,77,65,63,124,105,60,68,88"/><U38/><E34/><V44/><F33/><W16/><G124/><T48/><D119/><U135/><E73/><V46/><F104/><W118/><G118/><T116/><D116/><U74/><E74/><V8/><F108/><W95/><G77/><T3/><D133/><U1/><E1/><V70/><F130/><W28/><G105/><T51/><D36/><U27/><E129/><V82/><F82/><W102/><REACH who="3" step="1"/><G16/><REACH who="3" ten="190,220,220,360" step="2"/><T4/><D19/><U72/><E78/><V83/><F18/><W40/><G40/><T49/><D75/><U103/><E41/><V123/><F123/><W132/><G132/><T128/><D128/><U111/><E72/><V117/><F17/><W71/><G71/><T126/><D126/><U84/><E135/><V39/><F70/><W90/><G90/><T58/><D58/><U76/><E76/><V37/><F117/><W127/><G127/><T89/><D89/><U31/><E103/><V45/><F8/><N who="0" m="3146" /><D24/><U93/><E69/><V67/><F7/><W98/><G98/><N who="0" m="37995" /><D4/><U100/><E100/><V0/><F5/><W29/><G29/><T79/><D79/><U85/><E111/><V2/><F39/><W57/><G57/><T131/><D131/><U50/><E38/><V125/><F37/><W112/><G112/><T14/><D3/><U120/><E110/><V113/><F125/><W10/><G10/><T114/><D114/><U54/><E120/><V15/><F113/><W122/><G122/><T61/><D14/><U35/><E12/><V115/><F15/><W25/><G25/><T13/><D13/><U55/><E27/><RYUUKYOKU ba="0,1" sc="190,-10,220,-10,220,-10,360,30" hai3="26,28,52,56,60,63,65,68,88,91,95,99,102" /><INIT seed="2,1,1,2,5,15" ten="180,210,210,390" oya="2" hai0="117,35,24,18,3,91,48,107,128,13,20,22,60" hai1="126,29,90,68,61,33,94,14,82,99,52,53,46" hai2="30,2,123,65,114,12,81,97,54,85,105,55,34" hai3="71,86,131,25,135,78,108,113,0,31,62,43,127"/><V80/><F2/><W50/><G0/><T115/><D107/><U8/><E126/><V77/><F123/><W47/><G113/><T124/><D115/><U74/><E33/><V19/><F114/><W104/><G104/><T84/><D124/><U21/><E74/><V121/><F121/><W41/><G78/><T133/><D3/><U5/><E82/><V118/><F118/><W111/><G86/><T42/><D117/><U112/><E112/><V6/><F6/><W49/><G25/><T76/><D35/><U58/><E68/><V32/><F32/><W89/><G89/><T16/><D133/><U28/><REACH who="1" step="1"/><E21/><REACH who="1" ten="180,200,210,390" step="2"/><V69/><F69/><W134/><G127/><T100/><D128/><U106/><E106/><V132/><F105/><W87/><G131/><T79/><D100/><U92/><E92/><V45/><F81/><W73/><G73/><T39/><D39/><U88/><E88/><V10/><F132/><W23/><G23/><T64/><D91/><U37/><E37/><V67/><F34/><W96/><G71/><T44/><D84/><U57/><E57/><AGARI ba="1,2" hai="13,16,18,20,22,24,42,44,48,57,60,64,76,79" machi="57" ten="30,8000,1" yaku="7,1,8,1,52,2,54,1" doraHai="15" who="0" fromWho="1" sc="180,103,200,-83,210,0,390,0" /><INIT seed="3,0,0,2,0,110" ten="283,117,210,390" oya="3" hai0="78,87,108,21,93,94,71,51,121,128,35,130,18" hai1="97,22,11,116,103,2,15,132,115,58,49,9,57" hai2="34,104,60,63,98,127,13,30,85,10,17,16,45" hai3="52,129,124,32,3,99,37,5,40,69,14,62,26"/><W82/><G3/><T89/><D35/><U114/><E2/><V1/><F127/><W88/><G37/><T42/><D71/><U46/><E22/><V74/><F74/><W96/><G40/><T112/><D121/><U25/><E25/><V77/><F1/><W6/><G69/><T126/><D108/><U75/><E75/><V55/><F104/><W83/><G32/><T76/><D126/><U123/><E123/><V95/><F30/><W92/><G124/><T12/><D94/><U31/><E31/><V27/><F34/><W39/><G39/><T66/><D66/><U134/><E116/><V106/><F106/><W131/><G26/><T101/><D101/><U50/><E15/><V109/><F109/><W0/><G99/><T81/><D112/><N who="1" m="43051" /><E97/><V23/><F77/><W44/><G0/><T56/><D78/><U48/><E46/><V70/><F85/><W125/><G125/><T133/><D76/><U8/><E103/><N who="2" m="60895" /><F70/><W80/><G14/><T4/><D12/><U59/><AGARI ba="0,0" hai="8,9,11,48,49,50,57,58,59,132,134" m="43051" machi="59" ten="40,12000,2" yaku="29,2,28,2,52,3" doraHai="110" who="1" fromWho="1" sc="283,-30,117,120,210,-30,390,-60" /><INIT seed="4,0,0,1,4,83" ten="253,237,180,330" oya="0" hai0="13,81,132,80,46,135,88,131,12,11,102,72,36" hai1="113,70,57,56,93,34,31,38,109,78,37,54,130" hai2="108,87,20,30,106,99,97,114,40,22,49,125,122" hai3="10,110,58,121,89,111,91,55,16,115,19,29,5"/><T64/><D131/><U8/><E70/><V104/><F49/><W126/><G126/><T50/><D102/><U59/><E130/><V117/><F40/><W33/><G89/><T127/><D127/><U124/><E124/><V82/><F125/><W85/><G121/><T44/><D64/><U129/><E129/><V101/><F122/><W7/><G7/><T112/><D112/><U6/><E109/><V14/><F108/><W75/><G75/><T39/><D50/><U123/><E123/><V98/><F114/><W120/><G120/><T86/><D72/><U103/><E78/><V24/><F117/><W47/><G47/><N who="0" m="17963" /><D80/><U23/><E34/><V52/><F52/><W107/><G107/><T67/><D67/><U92/><E54/><V73/><F73/><W25/><G115/><T74/><D74/><U42/><E113/><V0/><F0/><W32/><G32/><T61/><D61/><U41/><E38/><N who="0" m="14377" /><D11/><U66/><E66/><V48/><F48/><W128/><G128/><T71/><D71/><U133/><E37/><V27/><F106/><W15/><G111/><T79/><D79/><U118/><E118/><V95/><F104/><W17/><G110/><T68/><D68/><U69/><E69/><V94/><F101/><W35/><G35/><T63/><D63/><U26/><E103/><V28/><F14/><W3/><G58/><T116/><D116/><U119/><E119/><V65/><F65/><W43/><G55/><T62/><D62/><U45/><E45/><V96/><N who="2" m="24576" /><DORA hai="2" /><V84/><F82/><N who="3" m="49591" /><G43/><T21/><D12/><U76/><E42/><RYUUKYOKU ba="0,0" sc="253,10,237,-30,180,10,330,10" hai0="13,21,81,86,88,132,135" hai2="20,22,24,27,28,30,84,87,94,95" hai3="3,5,10,15,16,17,19,25,29,33" /><INIT seed="4,1,0,2,2,11" ten="263,207,190,340" oya="0" hai0="57,98,112,55,69,44,50,114,77,104,109,41,72" hai1="122,78,67,58,52,10,115,70,8,108,111,90,106" hai2="99,12,16,82,68,130,75,93,38,7,131,133,64" hai3="95,63,34,59,17,21,23,97,84,116,30,0,62"/><T121/><D72/><U94/><E106/><V107/><F38/><W120/><G0/><T79/><D121/><U45/><E122/><V31/><F31/><W91/><G34/><T65/><D98/><U24/><E78/><N who="2" m="44383" /><F107/><W128/><G128/><N who="2" m="49193" /><F133/><W47/><G116/><T103/><D103/><U89/><E67/><V26/><F26/><N who="3" m="16735" /><G120/><T2/><D104/><U100/><E70/><V20/><F7/><W76/><G47/><T124/><D2/><U25/><E45/><V123/><F123/><W101/><G76/><T6/><D6/><U80/><E111/><V135/><F135/><W37/><G37/><N who="0" m="21551" /><D109/><U87/><E115/><N who="0" m="44073" /><D124/><U4/><E108/><V119/><F119/><W118/><G118/><T117/><D117/><U29/><E100/><N who="2" m="60527" /><F64/><N who="3" m="39007" /><G63/><AGARI ba="1,0" hai="50,55,57,63,65,69,77,79" m="44073,21551" machi="63" ten="30,2900,0" yaku="24,1,15,1" doraHai="11" who="0" fromWho="3" sc="263,32,207,0,190,0,340,-32" /><INIT seed="4,2,0,5,0,106" ten="295,207,190,308" oya="0" hai0="42,100,127,53,94,38,29,103,124,85,1,26,39" hai1="4,59,30,52,116,56,118,55,10,84,133,63,134" hai2="120,54,13,67,104,132,110,21,3,50,70,19,87" hai3="62,41,32,131,126,96,51,91,36,24,135,69,65"/><T99/><D1/><U98/><E30/><V113/><F110/><W76/><G135/><N who="1" m="51722" /><E84/><V86/><F120/><W16/><G131/><T2/><D2/><N who="1" m="279" /><E98/><V128/><F128/><W60/><G126/><N who="0" m="48171" /><D85/><U61/><AGARI ba="2,0" hai="52,55,56,59,61,63,116,118" m="279,51722" machi="61" ten="30,2000,0" yaku="20,1,54,1" doraHai="106" who="1" fromWho="1" sc="295,-12,207,26,190,-7,308,-7" /><INIT seed="5,0,0,5,5,31" ten="283,233,183,301" oya="1" hai0="119,27,36,23,54,16,90,76,9,91,55,92,63" hai1="35,110,34,95,86,44,22,130,21,100,126,3,94" hai2="71,117,114,131,66,33,79,2,53,45,24,97,108" hai3="69,68,7,113,82,99,61,15,106,40,80,129,20"/><U14/><E3/><V102/><F53/><W84/><G82/><T133/><D119/><U77/><E110/><V112/><F45/><W118/><G118/><T17/><D133/><U116/><E116/><V96/><F117/><W74/><G74/><T123/><D123/><U85/><E44/><V28/><F108/><W98/><G69/><T120/><D120/><U52/><E126/><V51/><F51/><W32/><G32/><N who="1" m="12330" /><E52/><N who="0" m="20009" /><D36/><U37/><E37/><V57/><F57/><W25/><G40/><T122/><D122/><U47/><E47/><V73/><F2/><W46/><G46/><T104/><D104/><U93/><E100/><V105/><F96/><W109/><G106/><T41/><D76/><U88/><E14/><V128/><F79/><W5/><G68/><T11/><D41/><U29/><E29/><V4/><F73/><W70/><G15/><N who="0" m="7295" /><D9/><U0/><E0/><V67/><F4/><W132/><G5/><T13/><D13/><U12/><E12/><V103/><F103/><W38/><G7/><T87/><D63/><U10/><E10/><V56/><F56/><W121/><G61/><T50/><D91/><U65/><E65/><N who="2" m="24587" /><F71/><W48/><G70/><T72/><D72/><U42/><E42/><V30/><F30/><W115/><G38/><T134/><D134/><U89/><E130/><AGARI ba="0,0" hai="24,28,33,97,102,105,112,114,128,130,131" m="24587" machi="130" ten="30,2000,0" yaku="19,1,52,1" doraHai="31" who="2" fromWho="1" sc="283,0,233,-20,183,20,301,0" /><INIT seed="6,0,0,3,1,131" ten="283,213,203,301" oya="2" hai0="67,80,108,7,44,113,54,20,13,40,53,106,19" hai1="2,71,31,97,70,124,33,47,91,61,23,93,27" hai2="99,21,104,12,57,25,109,74,17,58,35,86,94" hai3="30,126,48,4,75,79,132,68,123,50,77,16,11"/><V83/><F109/><W66/><G123/><T62/><D108/><U115/><E2/><V98/><F74/><W37/><G30/><T32/><D106/><U36/><E115/><V49/><F104/><W10/><G37/><T103/><D103/><U69/><E124/><V122/><F122/><W114/><G126/><T56/><D113/><U42/><REACH who="1" step="1"/><E33/><REACH who="1" ten="283,203,203,301" step="2"/><V111/><F111/><W119/><G114/><T90/><D32/><U41/><E41/><V28/><F49/><W78/><G119/><T88/><D40/><U59/><E59/><V46/><F46/><W107/><G50/><T18/><D44/><U112/><E112/><V26/><F26/><W3/><G48/><T5/><D56/><U45/><E45/><V29/><F29/><W63/><G75/><T34/><D34/><U6/><E6/><V89/><REACH who="2" step="1"/><F99/><REACH who="2" ten="283,203,193,301" step="2"/><W100/><G107/><T117/><D117/><U127/><E127/><V125/><F125/><W128/><G128/><T1/><D62/><AGARI ba="0,2" hai="23,27,31,36,42,47,61,62,69,70,71,91,93,97" machi="62" ten="40,1300,0" yaku="1,1,53,0" doraHai="131" doraHaiUra="135" who="1" fromWho="0" sc="283,-13,203,33,193,0,301,0" /><INIT seed="7,0,0,5,3,11" ten="270,236,193,301" oya="3" hai0="3,16,105,63,122,70,23,26,21,69,128,116,49" hai1="135,40,120,91,66,100,22,27,89,112,47,58,118" hai2="18,54,117,86,108,80,97,53,25,121,99,93,61" hai3="55,115,7,29,72,0,92,132,48,19,35,15,109"/><W17/><G72/><T60/><D116/><U88/><E118/><V123/><F117/><W31/><G109/><T44/><D122/><N who="2" m="46602" /><F108/><W50/><G132/><T130/><D105/><U126/><E120/><V104/><F104/><W30/><G115/><T68/><D3/><U37/><E112/><V34/><F61/><W113/><G113/><T28/><D49/><U32/><E32/><V77/><F99/><W46/><G0/><T42/><D42/><U81/><E135/><V5/><F5/><W90/><G35/><T38/><D44/><U134/><E134/><V110/><F110/><W78/><G78/><T82/><D82/><U79/><E100/><N who="2" m="60463" /><F18/><W10/><G50/><T83/><D38/><U13/><E66/><V59/><F59/><W103/><G103/><T12/><D83/><U65/><E65/><V9/><F9/><W52/><G55/><T119/><D119/><U111/><E58/><V129/><F129/><AGARI ba="0,0" hai="12,16,21,23,26,28,60,63,68,69,70,128,129,130" machi="129" ten="50,6400,0" yaku="19,1,52,1,54,1" doraHai="11" who="0" fromWho="2" sc="270,64,236,0,193,-64,301,0" owari="334,43.0,236,-16.0,129,-37.0,301,10.0" /></mjloggm>