<mjloggm ver="2.3"><GO type="169" lobby="0"/><UN n0="%E6%96%B0%E5%AE%BF%E6%96%B9%E9%9D%A2" n1="%E3%82%B7%E3%83%A3%E3%83%BC%E3%83%AA%E3%83%97%E3%83%88%E3%83%A9" n2="%E5%B0%B1%E6%B4%BB%E7%94%9F%40%E5%B7%9D%E6%9D%91%E8%BB%8D%E5%9B%A3" n3="%E3%81%82%E3%81%8D%E3%82%89" dan="16,16,17,16" rate="2071.95,2085.38,2226.69,2092.66" sx="M,M,M,M"/><TAIKYOKU oya="0"/><INIT seed="0,0,0,5,2,32" ten="250,250,250,250" oya="0" hai0="60,18,75,41,3,20,16,70,114,99,97,38,8" hai1="53,46,89,34,103,128,82,92,62,84,83,133,108" hai2="132,85,77,51,39,131,73,102,113,80,10,11,27" hai3="14,7,57,52,50,19,98,121,37,59,69,63,93"/><T54/><D114/><U29/><E108/><V15/><F39/><W68/><G37/><T112/><D112/><U9/><E133/><V71/><F113/><W28/><G7/><T64/><D75/><U13/><E128/><V115/><F115/><W111/><G28/><T30/><D54/><U129/><E129/><V91/><F71/><W49/><G121/><T61/><D30/><U58/><E103/><V79/><F132/><W106/><G106/><T125/><D61/><U124/><E124/><V94/><F131/><W74/><G74/><T21/><D125/><U24/><REACH who="1" step="1"/><E46/><REACH who="1" ten="250,240,250,250" step="2"/><V81/><F102/><W67/><G111/><T105/><D105/><U45/><E45/><V119/><F119/><W130/><G130/><T47/><D21/><U35/><E35/><V120/><F120/><W26/><G26/><T48/><D38/><U33/><E33/><V36/><F27/><W72/><G72/><T43/><D43/><U104/><E104/><V87/><F36/><W123/><G123/><T95/><D20/><U44/><E44/><V122/><F122/><W40/><G40/><T76/><D47/><U90/><E90/><V109/><F109/><W55/><G69/><T126/><D70/><U25/><E25/><V23/><F23/><W118/><G118/><T134/><D41/><U65/><E65/><V42/><F15/><W135/><G135/><T22/><D22/><U12/><E12/><V116/><F116/><W101/><G14/><N who="0" m="7239" /><D134/><U96/><E96/><V127/><F127/><W78/><G78/><T17/><D76/><U5/><AGARI ba="0,1" hai="5,9,13,24,29,34,53,58,62,82,83,84,89,92" machi="5" ten="20,2700,0" yaku="1,1,0,1,7,1,53,0" doraHai="32" doraHaiUra="107" who="1" fromWho="1" sc="250,-13,240,37,250,-7,250,-7" /><INIT seed="1,0,0,2,3,8" ten="237,277,243,243" oya="1" hai0="85,73,68,90,29,32,67,92,54,108,133,72,79" hai1="116,13,83,101,48,21,6,74,18,99,114,97,1" hai2="126,63,113,81,77,84,109,110,46,50,36,117,27" hai3="38,9,64,43,69,30,10,3,62,16,39,88,131"/><U2/><E114/><V56/><F117/><W22/><G131/><T76/><D68/><U12/><E116/><V52/><F113/><W127/><G127/><T25/><D67/><U45/><E74/><V124/><F36/><W49/><G30/><T53/><D133/><U115/><E115/><V55/><REACH who="2" step="1"/><F27/><REACH who="2" ten="237,277,233,243" step="2"/><W37/><G37/><T87/><D108/><AGARI ba="0,1" hai="46,50,52,55,56,63,77,81,84,108,109,110,124,126" machi="108" ten="40,8000,1" yaku="1,1,2,1,14,1,54,1,53,0" doraHai="8" doraHaiUra="61" who="2" fromWho="0" sc="237,-80,277,0,233,90,243,0" /><INIT seed="2,0,0,3,4,133" ten="157,277,323,243" oya="2" hai0="6,70,59,3,62,94,85,132,54,23,101,103,35" hai1="46,65,47,123,41,43,105,131,109,128,75,97,117" hai2="93,0,81,31,14,73,28,58,107,33,98,83,71" hai3="21,45,84,67,4,130,69,86,49,74,38,2,113"/><V92/><F71/><W29/><G74/><T121/><D121/><U1/><E75/><V10/><F0/><W102/><G38/><T127/><D132/><U39/><E1/><V13/><F107/><W44/><G2/><T22/><D35/><U104/><E117/><V116/><F116/><W120/><G4/><T52/><D70/><U134/><E134/><V26/><F31/><W119/><G119/><T77/><D3/><U57/><E109/><V51/><F14/><W118/><G118/><T63/><D6/><U76/><E76/><V106/><F106/><W126/><G120/><T88/><D77/><U100/><E105/><V78/><F81/><W55/><G130/><T114/><D114/><U115/><E115/><V125/><F58/><W36/><G102/><T9/><D9/><U30/><E30/><V17/><F51/><W42/><G113/><T27/><D127/><U24/><E24/><V61/><F61/><W5/><G5/><T96/><D27/><U15/><E15/><V129/><F129/><W32/><G32/><T87/><D103/><U64/><E123/><V60/><F60/><W16/><G29/><T53/><D63/><N who="1" m="37999" /><E65/><V99/><F125/><W80/><G126/><T34/><D34/><U90/><E90/><V18/><F18/><W112/><G112/><T124/><D124/><U89/><E89/><V66/><F66/><W20/><G16/><T25/><D101/><U135/><E135/><V50/><F50/><W91/><G84/><N who="0" m="32331" /><D25/><U7/><E7/><V108/><F108/><W48/><G36/><T82/><D82/><U68/><E68/><RYUUKYOKU ba="0,0" sc="157,0,277,0,323,0,243,0" hai0="22,23,52,53,54,59,62,88,94,96" hai1="39,41,43,46,47,97,100,104,128,131" hai2="10,13,17,26,28,33,73,78,83,92,93,98,99" hai3="20,21,42,44,45,48,49,55,67,69,80,86,91" /><INIT seed="2,1,0,0,2,129" ten="157,277,323,243" oya="2" hai0="15,66,132,83,123,111,8,104,9,72,3,11,28" hai1="77,79,63,37,18,21,97,128,14,43,31,29,81" hai2="55,62,1,25,13,78,33,26,2,50,84,32,41" hai3="88,87,96,73,68,114,69,35,122,116,45,117,105"/><V127/><F127/><W130/><G73/><T52/><D104/><U94/><E128/><V20/><F1/><W90/><G35/><T34/><D123/><U59/><E43/><V4/><F2/><W51/><G122/><T121/><D121/><U24/><E37/><V103/><F103/><W92/><G130/><T113/><D66/><U10/><E31/><V134/><F134/><W126/><G126/><T82/><D113/><U95/><E81/><N who="0" m="30729" /><D72/><U17/><E94/><V93/><F41/><W106/><G114/><T65/><D65/><U100/><REACH who="1" step="1"/><E17/><REACH who="1" ten="157,267,323,243" step="2"/><N who="2" m="10287" /><F33/><W38/><G38/><T44/><D28/><U47/><E47/><V67/><F32/><W36/><G36/><T91/><D34/><U86/><E86/><V108/><F93/><W131/><G131/><T6/><D111/><U56/><E56/><V27/><F84/><W98/><G87/><T53/><D44/><U22/><E22/><V85/><F85/><W101/><G92/><T102/><D11/><U30/><E30/><V74/><F78/><W61/><G45/><T120/><D120/><U80/><E80/><V58/><F74/><W19/><G105/><T39/><D39/><U48/><E48/><V118/><F108/><W125/><G51/><T64/><D9/><U60/><E60/><V115/><F115/><W70/><G106/><T99/><D8/><U7/><E7/><V119/><F4/><W5/><G5/><T23/><D6/><U40/><E40/><V54/><F50/><W16/><G61/><T76/><D76/><U112/><E112/><V46/><F46/><W57/><G57/><RYUUKYOKU ba="1,1" sc="157,-15,267,15,323,15,243,-15" hai1="10,14,18,21,24,29,59,63,77,79,95,97,100" hai2="25,26,27,54,55,58,62,67,118,119" /><INIT seed="2,2,1,3,1,3" ten="142,282,338,228" oya="2" hai0="97,76,27,77,50,127,7,130,118,83,75,81,100" hai1="114,59,24,32,73,31,116,11,134,40,105,85,42" hai2="39,126,113,121,34,133,89,10,57,51,35,91,19" hai3="28,15,48,115,56,62,117,125,60,78,120,44,38"/><V52/><F121/><W22/><G120/><T92/><D118/><U12/><E73/><V106/><F113/><W49/><G117/><T54/><D130/><U47/><E105/><V61/><F39/><W71/><G115/><T135/><D127/><U63/><E116/><V119/><F119/><W26/><G125/><T80/><D135/><U96/><E96/><V79/><F106/><W122/><G122/><T55/><D27/><U8/><E114/><V13/><F126/><W112/><G112/><T64/><D64/><U9/><E134/><V109/><F133/><W53/><G78/><T17/><D17/><U14/><E85/><V129/><F129/><W90/><G71/><T69/><D69/><U36/><REACH who="1" step="1"/><E40/><REACH who="1" ten="142,272,338,228" step="2"/><V102/><F102/><W93/><G38/><T74/><D80/><U87/><E87/><V5/><F109/><W68/><G68/><T72/><D72/><U110/><E110/><V111/><F111/><W95/><G15/><T41/><D41/><U104/><E104/><V107/><F107/><W46/><G95/><T43/><D43/><U33/><E33/><V18/><F35/><W6/><G93/><T131/><D131/><U4/><E4/><V70/><F34/><W108/><G6/><T2/><REACH who="0" step="1"/><D50/><REACH who="0" ten="132,272,338,228" step="2"/><U45/><E45/><N who="3" m="17514" /><G108/><T99/><D99/><U84/><E84/><V16/><REACH who="2" step="1"/><F79/><REACH who="2" ten="132,272,328,228" step="2"/><W86/><G49/><T29/><D29/><U128/><E128/><V65/><AGARI ba="2,4" hai="5,10,13,16,18,19,51,52,57,61,65,70,89,91" machi="65" ten="30,18000,2" yaku="1,1,2,1,0,1,52,1,54,2,53,0" doraHai="3" doraHaiUra="23" who="2" fromWho="2" sc="132,-62,272,-62,328,226,228,-62" /><INIT seed="2,3,0,3,5,89" ten="70,210,554,166" oya="2" hai0="98,82,100,71,40,41,134,16,0,52,118,25,46" hai1="116,21,92,39,31,133,66,125,97,12,55,120,81" hai2="131,123,32,59,90,63,3,126,110,10,29,38,53" hai3="102,130,58,30,135,36,24,91,9,2,64,43,61"/><V70/><F123/><W119/><G119/><T105/><D118/><U106/><E39/><V111/><F38/><W60/><G102/><T15/><D0/><U18/><E66/><V79/><F79/><W42/><G135/><T11/><D71/><U80/><E106/><V115/><F115/><W107/><G107/><T88/><D134/><U99/><E99/><V93/><F131/><W72/><G72/><T49/><D25/><N who="1" m="16815" /><E116/><V8/><F126/><W19/><G130/><T50/><D50/><U44/><E133/><V75/><F75/><W20/><G36/><T47/><D47/><U121/><E125/><V17/><F70/><W84/><G61/><T54/><D54/><U6/><E6/><V86/><F3/><W23/><G9/><T7/><D7/><U117/><E117/><V65/><F17/><W104/><G104/><T129/><D129/><U27/><E27/><N who="2" m="18495" /><F65/><W13/><REACH who="3" step="1"/><G2/><REACH who="3" ten="70,210,554,156" step="2"/><T45/><REACH who="0" step="1"/><D45/><REACH who="0" ten="60,210,554,156" step="2"/><U74/><E121/><V85/><F63/><W57/><G57/><T67/><D67/><U28/><E120/><V37/><F59/><W1/><G1/><T122/><D122/><U132/><E132/><V87/><F37/><W69/><G69/><T77/><D77/><U124/><E124/><V51/><F51/><W26/><G26/><T14/><D14/><U113/><E44/><V109/><F53/><W35/><G35/><T108/><D108/><U127/><E55/><V96/><AGARI ba="3,2" hai="8,10,85,86,87,90,93,96,109,110,111" m="18495" machi="96" ten="40,7800,0" yaku="14,1,10,1,52,1" doraHai="89" who="2" fromWho="2" sc="60,-29,210,-29,554,107,156,-29" /><INIT seed="2,4,0,0,4,13" ten="31,181,661,127" oya="2" hai0="125,116,57,81,61,53,40,8,75,9,1,83,99" hai1="64,5,45,112,71,130,107,42,123,90,82,119,26" hai2="118,84,134,108,86,102,34,51,78,38,66,74,6" hai3="97,110,103,32,101,35,109,33,79,115,77,47,100"/><V85/><F38/><W15/><G115/><T62/><D125/><U49/><E107/><V25/><F118/><W52/><G15/><T2/><D116/><U94/><E5/><V41/><F134/><W96/><G47/><T10/><D40/><U88/><E64/><V43/><F6/><W59/><G59/><T44/><D44/><U91/><E71/><V131/><F131/><W20/><G20/><T89/><D75/><U37/><E119/><V72/><F102/><W39/><G52/><T58/><D99/><N who="3" m="37961" /><G39/><T18/><D18/><U16/><E112/><V11/><F11/><W65/><G65/><T69/><D69/><U14/><E130/><V124/><F124/><W4/><G4/><T3/><D89/><U12/><E82/><V21/><F34/><W19/><G19/><T120/><D120/><U126/><E126/><V17/><F66/><W135/><G135/><T133/><D133/><U22/><E123/><V67/><F67/><W129/><G129/><T128/><D128/><U76/><E76/><AGARI ba="4,0" hai="32,33,35,76,77,79,100,101,103,109,110" m="37961" machi="76" ten="40,2600,0" yaku="28,2" doraHai="13" who="3" fromWho="1" sc="31,0,181,-38,661,0,127,38" /><INIT seed="3,0,0,4,4,88" ten="31,143,661,165" oya="3" hai0="65,121,10,100,66,58,48,67,14,16,7,69,95" hai1="108,59,110,99,38,80,32,98,130,111,92,41,109" hai2="126,112,82,128,4,83,27,63,31,118,5,56,68" hai3="115,11,18,73,24,17,49,104,51,105,22,26,77"/><W53/><G115/><T116/><D121/><U135/><E32/><V122/><F68/><W97/><G51/><T107/><D116/><U3/><E3/><V21/><F112/><W64/><G64/><T42/><D69/><U12/><E135/><V131/><F118/><W43/><G43/><T20/><D107/><U62/><E130/><N who="2" m="49707" /><F126/><W132/><G132/><T57/><D42/><U35/><E35/><V106/><F106/><W119/><G119/><T76/><D76/><U96/><E80/><N who="2" m="30763" /><F122/><W86/><G73/><T91/><D100/><U40/><E12/><V72/><F72/><W54/><G77/><T113/><D48/><U33/><E33/><V114/><F114/><W0/><G86/><T8/><D113/><U50/><E50/><V81/><F81/><W25/><G54/><AGARI ba="0,0" hai="4,5,21,27,31,54,56,63" m="30763,49707" machi="54" ten="30,1000,0" yaku="19,1" doraHai="88" who="2" fromWho="3" sc="31,0,143,0,661,10,165,-10" /><INIT seed="4,0,0,1,1,69" ten="31,143,671,155" oya="0" hai0="36,12,22,126,61,125,97,93,110,41,95,94,109" hai1="114,2,7,90,44,51,13,8,64,48,6,71,76" hai2="25,1,59,84,10,100,131,30,111,42,83,130,99" hai3="112,70,122,77,9,91,66,127,78,26,85,37,40"/><T38/><D61/><U20/><E76/><V5/><F111/><N who="0" m="42506" /><D41/><U113/><E90/><V74/><F59/><W82/><G40/><T87/><D87/><U16/><E6/><V124/><F124/><N who="0" m="47722" /><D22/><U92/><E92/><N who="0" m="35433" /><D12/><U63/><REACH who="1" step="1"/><E51/><REACH who="1" ten="31,133,671,155" step="2"/><V17/><F74/><W50/><G78/><T33/><D33/><U52/><AGARI ba="0,1" hai="2,7,8,13,16,20,44,48,52,63,64,71,113,114" machi="52" ten="30,12000,2" yaku="1,1,2,1,0,1,54,2,53,1" doraHai="69" doraHaiUra="47" who="1" fromWho="1" sc="31,-60,133,130,671,-30,155,-30" owari="-29,-53.0,263,6.0,641,74.0,125,-27.0" /></mjloggm>