<mjloggm ver="2.3"><GO type="169" lobby="0"/><UN n0="%E6%9D%BE%E5%AE%9F%E7%8E%84%E3%81%98%E3%82%83%E3%81%AA%E3%81%84" n1="%E5%B0%B1%E6%B4%BB%E7%94%9F%40%E5%B7%9D%E6%9D%91%E8%BB%8D%E5%9B%A3" n2="%3D%4A%61%6D" n3="%E4%BF%BA%E3%81%AE%E5%AB%81" dan="17,17,16,16" rate="2175.00,2196.38,2131.82,2023.59" sx="F,M,M,F"/><TAIKYOKU oya="0"/><INIT seed="0,0,0,2,2,38" ten="250,250,250,250" oya="0" hai0="88,126,42,115,94,103,54,62,99,52,130,35,12" hai1="86,124,97,109,22,116,23,69,32,127,74,84,44" hai2="60,47,17,11,6,135,110,87,10,56,90,41,1" hai3="134,0,93,16,96,100,72,107,45,66,119,48,70"/><T68/><D115/><U79/><E32/><V14/><F110/><W125/><G119/><T82/><D35/><U34/><E34/><V61/><F56/><W58/><G70/><T105/><D130/><U39/><E116/><V75/><F75/><W7/><G134/><T133/><D133/><U89/><E69/><V43/><F135/><W64/><G72/><T65/><D126/><N who="1" m="48171" /><E109/><V2/><F2/><W13/><G125/><T27/><D27/><U55/><E74/><V117/><F117/><W101/><G101/><T20/><D82/><N who="1" m="47199" /><E97/><V121/><F121/><W31/><G31/><T36/><D20/><U123/><E123/><V53/><F53/><W98/><G98/><T8/><D36/><U57/><E44/><V114/><F114/><W24/><G24/><T102/><D42/><U4/><E4/><V83/><REACH who="2" step="1"/><F41/><REACH who="2" ten="250,250,240,250" step="2"/><W122/><G122/><T132/><D132/><U113/><E113/><V106/><F106/><W63/><G107/><T5/><REACH who="0" step="1"/><D103/><REACH who="0" ten="240,250,240,250" step="2"/><U76/><E55/><V19/><F19/><W120/><G120/><T28/><D28/><U15/><E39/><AGARI ba="0,2" hai="1,6,10,11,14,17,39,43,47,60,61,83,87,90" machi="39" ten="30,3900,0" yaku="1,1,7,1,52,1,53,0" doraHai="38" doraHaiUra="51" who="2" fromWho="1" sc="240,0,250,-39,240,59,250,0" /><INIT seed="1,0,0,4,3,92" ten="240,211,299,250" oya="1" hai0="133,53,65,129,67,6,87,111,100,37,23,17,110" hai1="106,19,61,42,107,38,115,76,13,112,34,10,60" hai2="88,24,62,56,114,58,55,30,81,105,75,94,68" hai3="89,108,78,90,101,48,73,120,96,85,26,128,47"/><U5/><E34/><V20/><F114/><W45/><G120/><T77/><D37/><U14/><E76/><V9/><F105/><W12/><G108/><T4/><D133/><U54/><E112/><V124/><F124/><W25/><G128/><T2/><D129/><U3/><E115/><V22/><F68/><W46/><G48/><T119/><D119/><U50/><E42/><V117/><F117/><W97/><G73/><T123/><D123/><U126/><E38/><V134/><F9/><W28/><G12/><T18/><D100/><U102/><E126/><V74/><F81/><N who="3" m="47287" /><G101/><T86/><D77/><U33/><E33/><V127/><F127/><W98/><G28/><T71/><D23/><U1/><E1/><V130/><F130/><W29/><G29/><T31/><D31/><U41/><E41/><V122/><F20/><W135/><G135/><T95/><D71/><U40/><E40/><V51/><F134/><W91/><AGARI ba="0,0" hai="25,26,45,46,47,89,90,91,96,97,98" m="47287" machi="91" ten="40,12000,2" yaku="29,2,8,1,52,3" doraHai="92" who="3" fromWho="3" sc="240,-30,211,-60,299,-30,250,120" /><INIT seed="2,0,0,3,1,114" ten="210,151,269,370" oya="2" hai0="110,60,31,37,74,22,53,59,104,2,47,13,99" hai1="30,123,16,127,115,86,4,64,5,121,93,69,55" hai2="108,71,129,38,70,128,8,1,29,40,133,125,17" hai3="14,48,118,54,44,82,81,97,3,96,12,90,15"/><V68/><F29/><W42/><G3/><T36/><D2/><U20/><E115/><V100/><F100/><W79/><G118/><T62/><D74/><U106/><E106/><V132/><F17/><W61/><G90/><T76/><D76/><U77/><E127/><V34/><F34/><W24/><G24/><T50/><D62/><U21/><E69/><V28/><F28/><W95/><G79/><T23/><D110/><U6/><E64/><V101/><F101/><N who="3" m="60575" /><G97/><T9/><D104/><U88/><E77/><V66/><F66/><W46/><G46/><T119/><D99/><U83/><E83/><V73/><F73/><W116/><G116/><T26/><D119/><U63/><E30/><V134/><F108/><W112/><G112/><T120/><D120/><U7/><N who="1" m="1536" /><DORA hai="103" /><U111/><E111/><V27/><F27/><W84/><G84/><T78/><D78/><U98/><E86/><V89/><F8/><W85/><G85/><T57/><D36/><U41/><E41/><V67/><F1/><W75/><G75/><T126/><D37/><U113/><E113/><V124/><F67/><W91/><G91/><T87/><D87/><U52/><E21/><V92/><F40/><W51/><G61/><T94/><D94/><U33/><E33/><V45/><F45/><W10/><G10/><T107/><D107/><U109/><E109/><V0/><F38/><W80/><G48/><T18/><D9/><U122/><E63/><V131/><F0/><W65/><G65/><T25/><D60/><U72/><E72/><V105/><F105/><W49/><G49/><RYUUKYOKU ba="0,0" sc="210,-30,151,10,269,10,370,10" hai1="16,20,52,55,88,93,98,121,122,123" hai2="68,70,71,89,92,124,125,128,129,131,132,133,134" hai3="12,14,15,42,44,51,54,80,81,82" /><INIT seed="2,1,0,2,2,127" ten="180,161,279,380" oya="2" hai0="135,15,101,128,61,121,124,133,69,48,30,62,25" hai1="31,49,75,96,94,87,51,125,41,13,93,72,74" hai2="90,108,81,126,80,9,98,33,20,27,110,23,16" hai3="122,89,131,17,24,35,82,19,79,43,99,109,78"/><V66/><F126/><W115/><G122/><T45/><D124/><U55/><E125/><V100/><F66/><W114/><G109/><N who="2" m="42089" /><F33/><W132/><G132/><N who="0" m="50763" /><D121/><U12/><E31/><N who="2" m="17895" /><F9/><W14/><G43/><N who="0" m="24639" /><D128/><U32/><E32/><V68/><F90/><W67/><G131/><T26/><D69/><U65/><E65/><V44/><F44/><W84/><G67/><T83/><D101/><U18/><E41/><V88/><F68/><W54/><G54/><T85/><D15/><U92/><E87/><V70/><F70/><W53/><G84/><T1/><D1/><U4/><E4/><V37/><F37/><W73/><G89/><N who="0" m="51391" /><D25/><U118/><E118/><V119/><F119/><W10/><G10/><T130/><D130/><U104/><E12/><N who="2" m="9607" /><F88/><W0/><G79/><T60/><D60/><U3/><E3/><V134/><F134/><W76/><G99/><T29/><D29/><U86/><E96/><V71/><F71/><W103/><G35/><AGARI ba="1,0" hai="26,30,35,61,62" m="51391,24639,50763" machi="35" ten="30,1000,0" yaku="20,1" doraHai="127" who="0" fromWho="3" sc="180,13,161,0,279,0,380,-13" /><INIT seed="3,0,0,1,3,35" ten="193,161,279,367" oya="3" hai0="123,20,14,90,7,70,95,47,101,121,67,110,51" hai1="56,84,132,119,81,130,127,78,44,100,18,2,106" hai2="128,50,75,5,74,91,98,19,55,62,15,99,46" hai3="39,77,108,36,40,32,53,129,96,29,80,23,94"/><W58/><G32/><T17/><D101/><U68/><E68/><V31/><F128/><W22/><G129/><T88/><D110/><U133/><E130/><V105/><F31/><W21/><G108/><T54/><D7/><U3/><E44/><V28/><F28/><W41/><G29/><T83/><D83/><U49/><E119/><V117/><F117/><W87/><G36/><T43/><D43/><U52/><E127/><V82/><F5/><W6/><G39/><T0/><D0/><U8/><E106/><V60/><F75/><W86/><G86/><T102/><D102/><U4/><E100/><V93/><F74/><W25/><G25/><T109/><D109/><U126/><E126/><V85/><F105/><W66/><G66/><T16/><D17/><U79/><E79/><V89/><F99/><W113/><G113/><T124/><D124/><U61/><E18/><V9/><AGARI ba="0,0" hai="9,15,19,46,50,55,60,62,82,85,89,91,93,98" machi="9" ten="20,8000,1" yaku="0,1,7,1,25,2,8,1" doraHai="35" who="2" fromWho="2" sc="193,-20,161,-20,279,80,367,-40" /><INIT seed="4,0,0,3,5,6" ten="173,141,359,327" oya="0" hai0="75,43,80,98,61,55,130,126,47,70,60,103,69" hai1="91,4,19,51,108,23,39,64,114,120,115,42,20" hai2="112,105,78,49,36,124,122,41,131,58,67,92,48" hai3="26,63,104,25,65,99,125,17,135,89,77,0,95"/><T84/><D75/><U44/><E120/><V22/><F105/><W56/><G135/><T121/><D121/><U79/><E108/><V86/><F122/><W85/><G125/><T10/><D126/><U34/><E34/><V107/><F107/><W113/><G0/><T82/><D130/><U30/><E79/><V62/><F36/><W11/><G113/><N who="1" m="43018" /><E64/><V118/><F112/><W83/><G104/><T24/><D70/><U32/><E32/><V73/><F41/><W45/><REACH who="3" step="1"/><G45/><REACH who="3" ten="173,141,359,317" step="2"/><T127/><D127/><U76/><E76/><V27/><F124/><W116/><G116/><T15/><D47/><U57/><E91/><V93/><F118/><W110/><G110/><T119/><D119/><U16/><E39/><V37/><F37/><W123/><G123/><T133/><D133/><U71/><E71/><V2/><F2/><W132/><G132/><T13/><D69/><U28/><E57/><V40/><F131/><W29/><G29/><T111/><D111/><U94/><E30/><V87/><F78/><W50/><G50/><T5/><D61/><U3/><E28/><V8/><F48/><W38/><G38/><T59/><D60/><U46/><E46/><V117/><F117/><W1/><G1/><T35/><D59/><U66/><E51/><V54/><F49/><W68/><G68/><T9/><D43/><U102/><E44/><V18/><F40/><W109/><G109/><T88/><D35/><U21/><E42/><V134/><F134/><W101/><G101/><T96/><D103/><U106/><E106/><V72/><F58/><W81/><G81/><RYUUKYOKU ba="0,1" sc="173,-10,141,-10,359,-10,317,30" hai3="11,17,25,26,56,63,65,77,83,85,89,95,99" /><INIT seed="5,1,1,3,2,135" ten="163,131,349,347" oya="1" hai0="49,126,105,100,41,110,24,44,112,7,16,52,2" hai1="12,8,99,15,66,93,134,27,13,80,29,106,40" hai2="19,38,81,117,6,97,109,72,94,101,123,56,48" hai3="131,14,34,84,47,45,9,0,36,25,30,79,85"/><U65/><E134/><V61/><F38/><W128/><G0/><T70/><D110/><U42/><E106/><V111/><F117/><W107/><G107/><T116/><D116/><U133/><E133/><V102/><F123/><W54/><G54/><T18/><D70/><U96/><E8/><V4/><F48/><W51/><G36/><T11/><D112/><U89/><E80/><V92/><F19/><N who="3" m="8655" /><G79/><T39/><D126/><U1/><E1/><V129/><F129/><N who="3" m="49739" /><G51/><T60/><D60/><U124/><E99/><V5/><F72/><W86/><AGARI ba="1,1" hai="25,30,34,45,47,84,85,86" m="49739,8655" machi="86" ten="30,1100,0" yaku="19,1" doraHai="135" who="3" fromWho="3" sc="163,-4,131,-6,349,-4,347,24" /><INIT seed="6,0,0,4,3,105" ten="159,125,345,371" oya="2" hai0="118,96,1,82,83,63,32,31,106,123,8,86,98" hai1="13,57,112,50,100,9,69,101,28,59,20,91,54" hai2="19,11,71,18,90,25,26,55,132,23,116,125,61" hai3="126,22,72,128,133,75,130,103,5,21,92,134,104"/><V87/><F116/><W94/><G5/><T117/><D123/><U110/><E110/><V120/><F132/><N who="3" m="50795" /><G104/><T40/><D40/><U15/><E69/><V62/><F125/><W74/><G126/><T2/><D63/><U0/><E112/><V113/><F113/><W60/><G60/><T34/><D86/><U109/><E109/><V135/><F135/><W78/><G78/><T44/><D44/><U89/><E0/><V99/><F120/><W41/><G41/><T37/><D8/><U47/><E28/><V85/><F71/><W38/><G38/><T79/><D106/><U114/><E114/><V46/><F61/><W49/><G49/><T48/><D48/><U12/><E20/><N who="3" m="7786" /><G103/><T6/><D6/><U36/><E9/><V80/><F26/><W66/><G66/><T131/><D79/><U16/><E16/><V77/><F46/><W67/><G67/><T81/><D37/><U119/><E119/><N who="0" m="45577" /><D31/><U129/><E129/><AGARI ba="0,0" hai="72,74,75,92,94,128,129,130" m="7786,50795" machi="129" ten="40,12000,2" yaku="28,2,19,1,20,1,52,3" doraHai="105" who="3" fromWho="1" sc="159,0,125,-120,345,0,371,120" /><INIT seed="7,0,0,2,1,80" ten="159,5,345,491" oya="3" hai0="126,73,24,49,3,48,88,121,56,34,109,71,86" hai1="54,40,66,51,62,18,42,101,44,124,81,130,89" hai2="92,0,132,112,114,118,53,29,31,43,7,6,30" hai3="98,17,45,15,76,103,41,113,102,36,93,83,100"/><W96/><G113/><N who="2" m="43625" /><F43/><W68/><G68/><T27/><D86/><U10/><E124/><V116/><F53/><W2/><G2/><T47/><D88/><U117/><E117/><N who="2" m="45163" /><F92/><W85/><G98/><T69/><D27/><U60/><E130/><V105/><F105/><W20/><AGARI ba="0,0" hai="15,17,20,36,41,45,76,83,85,93,96,100,102,103" machi="20" ten="20,3900,0" yaku="0,1,7,1,52,1" doraHai="80" who="3" fromWho="3" sc="159,-13,5,-13,345,-13,491,39" owari="146,-25.0,-8,-51.0,332,13.0,530,63.0" /></mjloggm>