<mjloggm ver="2.3"><GO type="225" lobby="0"/><UN n0="%E3%82%A6%E3%83%AB%E3%83%88%E3%83%A9%E7%AB%8B%E7%9B%B4" n1="%79%61%73%68%69%78" n2="%53%65%6E%61%72" n3="%63%6F%61" dan="17,17,16,16" rate="2155.41,2178.63,2055.53,2168.94" sx="M,M,M,M"/><TAIKYOKU oya="0"/><INIT seed="0,0,0,3,0,110" ten="250,250,250,250" oya="0" hai0="89,59,35,12,87,33,30,22,65,26,122,118,74" hai1="100,68,32,49,50,52,57,78,10,119,14,106,77" hai2="117,105,132,9,43,127,104,109,85,91,38,121,120" hai3="24,0,97,79,7,90,25,54,39,86,96,82,2"/><T45/><D122/><U103/><E119/><V18/><F109/><W5/><G39/><T107/><D118/><U124/><E68/><V71/><F71/><W111/><G111/><T53/><D74/><U76/><E32/><V116/><F116/><W34/><G34/><T51/><D107/><U134/><E124/><V112/><F117/><W58/><G2/><T80/><D65/><U4/><E134/><V41/><F38/><W13/><G0/><T95/><D12/><U23/><E106/><V135/><F127/><W17/><G25/><T130/><D130/><U19/><REACH who="1" step="1"/><E50/><REACH who="1" ten="250,240,250,250" step="2"/><V55/><F105/><W125/><G125/><T129/><D129/><U6/><E6/><V69/><F69/><W66/><G7/><T60/><REACH who="0" step="1"/><D80/><REACH who="0" ten="240,240,250,250" step="2"/><U48/><E48/><V128/><F104/><W113/><G82/><T102/><D102/><U8/><E8/><V98/><F128/><W75/><G75/><T64/><AGARI ba="0,2" hai="22,26,30,33,35,45,51,53,59,60,64,87,89,95" machi="64" ten="20,7800,0" yaku="1,1,0,1,7,1,53,1" doraHai="110" doraHaiUra="84" who="0" fromWho="0" sc="240,98,240,-26,250,-26,250,-26" /><INIT seed="0,1,0,1,4,89" ten="338,214,224,224" oya="0" hai0="33,78,97,111,135,102,32,76,122,65,2,56,75" hai1="110,67,66,114,86,6,85,91,129,31,27,39,21" hai2="37,5,60,116,108,123,61,41,117,130,104,24,105" hai3="18,22,40,96,53,68,73,87,11,134,132,47,94"/><T30/><D2/><U1/><E129/><V44/><F123/><W92/><G73/><T124/><D122/><U118/><E118/><N who="2" m="45675" /><F130/><W29/><G68/><T113/><D113/><U48/><E110/><V99/><F108/><W10/><G29/><T98/><D111/><U112/><E39/><V93/><F5/><W46/><G53/><T128/><D128/><U13/><E1/><V84/><F84/><N who="1" m="32361" /><E91/><N who="2" m="55743" /><F24/><W77/><G77/><T34/><D78/><U81/><E48/><V8/><F8/><N who="3" m="3115" /><G87/><T126/><D76/><U131/><E81/><V62/><AGARI ba="1,0" hai="37,41,44,60,61,62,104,105" m="55743,45675" machi="62" ten="30,2000,0" yaku="12,1,52,1" doraHai="89" who="2" fromWho="2" sc="338,-11,214,-6,224,23,224,-6" /><INIT seed="1,0,0,1,1,130" ten="327,208,247,218" oya="1" hai0="38,92,119,25,13,89,82,67,107,45,90,7,123" hai1="76,53,48,50,23,112,66,96,24,99,43,106,111" hai2="68,54,60,71,12,27,49,103,118,102,125,14,5" hai3="81,58,93,2,84,132,109,33,41,85,0,15,20"/><U29/><E112/><V94/><F118/><W35/><G109/><T39/><D107/><U78/><E66/><V21/><F125/><W86/><G81/><T8/><D119/><U105/><E111/><V1/><F1/><W110/><G110/><T117/><D117/><U133/><E133/><V91/><F71/><W79/><G79/><N who="1" m="30250" /><E106/><V64/><F102/><W116/><G116/><T73/><D73/><U47/><E105/><V72/><F103/><W135/><G41/><T113/><D113/><U56/><AGARI ba="0,0" hai="23,24,29,43,47,48,50,53,56,96,99" m="30250" machi="56" ten="30,1500,0" yaku="8,1" doraHai="130" who="1" fromWho="1" sc="327,-5,208,15,247,-5,218,-5" /><INIT seed="1,1,0,4,2,117" ten="322,223,242,213" oya="1" hai0="58,121,77,80,9,96,130,23,49,62,54,55,5" hai1="29,107,115,11,111,16,92,135,8,131,27,119,37" hai2="79,63,97,73,22,70,60,126,100,133,95,116,123" hai3="127,36,44,14,7,82,34,48,105,10,128,50,101"/><U91/><E107/><V46/><F116/><W94/><G34/><T25/><D130/><U67/><E119/><V30/><F123/><W40/><G127/><T3/><D96/><U104/><E104/><V32/><F126/><W35/><G35/><T69/><D121/><U90/><E37/><V56/><F32/><W98/><G128/><T84/><D69/><U20/><E115/><V66/><F133/><W129/><G129/><T6/><D9/><U75/><E75/><V103/><F103/><W85/><REACH who="3" step="1"/><G105/><REACH who="3" ten="322,223,242,203" step="2"/><T47/><D3/><U122/><E131/><V93/><F70/><W125/><G125/><T4/><D4/><U2/><E135/><V24/><F63/><W83/><G83/><T118/><D118/><U52/><E111/><V102/><F93/><W124/><G124/><T38/><D38/><U72/><E2/><V87/><F100/><W57/><G57/><T114/><D114/><U59/><E92/><V17/><F46/><W74/><G74/><T28/><AGARI ba="1,1" hai="5,6,23,25,28,47,49,54,55,58,62,77,80,84" machi="28" ten="20,2700,0" yaku="0,1,7,1,8,1" doraHai="117" who="0" fromWho="0" sc="322,40,223,-14,242,-8,203,-8" /><INIT seed="2,0,0,1,3,44" ten="362,209,234,195" oya="2" hai0="66,2,113,80,133,101,74,55,42,131,107,69,48" hai1="15,106,83,105,35,104,41,62,58,56,49,119,10" hai2="45,53,126,117,87,114,34,31,9,36,85,78,130" hai3="18,65,8,110,7,93,60,11,63,120,118,54,29"/><V22/><F117/><W67/><G118/><T94/><D2/><U116/><E35/><V3/><F34/><W79/><G120/><T73/><D94/><U24/><E24/><V95/><F114/><W33/><G110/><T27/><D42/><U47/><E83/><V25/><F130/><W84/><G33/><T71/><D71/><U98/><E98/><V68/><F68/><W88/><G79/><T81/><D81/><U43/><E43/><V59/><F126/><W99/><G29/><T111/><D80/><U23/><E23/><V76/><F45/><W109/><G109/><T77/><D77/><U127/><E56/><V40/><F40/><W50/><G99/><T64/><D64/><N who="3" m="24649" /><G7/><T134/><D111/><U91/><E91/><V6/><F36/><W129/><G129/><T112/><D131/><U123/><E127/><V92/><F85/><W30/><G30/><T75/><D75/><U26/><E123/><V32/><F32/><W28/><G28/><T19/><D74/><U4/><REACH who="1" step="1"/><E26/><REACH who="1" ten="362,199,234,195" step="2"/><V61/><F78/><W102/><G102/><T90/><D101/><U13/><E13/><V100/><F100/><W5/><G8/><T12/><D27/><U16/><E16/><V52/><F76/><W96/><G96/><T20/><D19/><U57/><E57/><V82/><F82/><W124/><G124/><T14/><D12/><U128/><E128/><V86/><F59/><N who="3" m="33239" /><G18/><T46/><D14/><AGARI ba="0,1" hai="5,11,14,60,63,84,88,93" m="33239,24649" machi="14" ten="30,3900,0" yaku="8,1,52,1,54,1" doraHai="44" who="3" fromWho="0" sc="362,-39,199,0,234,0,195,49" /><INIT seed="3,0,0,3,4,96" ten="323,199,234,244" oya="3" hai0="74,85,20,100,103,9,119,76,24,26,38,132,128" hai1="0,84,46,105,40,66,81,121,97,6,65,18,70" hai2="57,37,2,10,135,91,104,90,75,115,134,58,99" hai3="67,16,110,49,60,4,101,92,3,127,23,122,25"/><W102/><G122/><T22/><D74/><U108/><E121/><V117/><F117/><W1/><G127/><T62/><D38/><U72/><E70/><V61/><F75/><W53/><G110/><T15/><D119/><U19/><E108/><V82/><F37/><W89/><G4/><N who="0" m="3495" /><D62/><U71/><E71/><V50/><F115/><W56/><G3/><T64/><D64/><U8/><E66/><V35/><F35/><W52/><G1/><T129/><D132/><N who="2" m="50730" /><F50/><W130/><G130/><T111/><D111/><U11/><E65/><N who="2" m="39087" /><F58/><N who="3" m="33039" /><G67/><T27/><D129/><U42/><E72/><V109/><F82/><W55/><G55/><T54/><D54/><U93/><E105/><V131/><F131/><W125/><G125/><T87/><D76/><U43/><E46/><V69/><F69/><W39/><G39/><T107/><D107/><U79/><REACH who="1" step="1"/><E11/><REACH who="1" ten="323,189,234,244" step="2"/><V14/><F109/><W98/><AGARI ba="0,1" hai="16,23,25,53,56,60,89,92,98,101,102" m="33039" machi="98" ten="30,18000,2" yaku="25,1,8,1,52,2,54,2" doraHai="96" who="3" fromWho="3" sc="323,-60,189,-60,234,-60,244,190" owari="263,6.0,129,-37.0,174,-23.0,434,54.0" /></mjloggm>