<mjloggm ver="2.3"><GO type="169" lobby="0"/><UN n0="%E3%82%A6%E3%83%AB%E3%83%88%E3%83%A9%E7%AB%8B%E7%9B%B4" n1="%E3%82%AA%E3%82%AB%E3%83%AB%E3%83%88%E4%B8%80%E8%89%B2" n2="%E3%83%90%E3%83%90%E3%82%A2%E3%81%AE%E6%97%A5%E5%82%98" n3="%E3%83%87%E3%83%87%E3%82%AD%E3%83%B3%E3%83%88" dan="18,16,17,17" rate="2199.42,2086.39,2113.13,2190.16" sx="M,M,F,M"/><TAIKYOKU oya="0"/><INIT seed="0,0,0,5,2,135" ten="250,250,250,250" oya="0" hai0="11,10,40,27,63,12,114,30,67,60,99,16,39" hai1="83,112,81,14,131,91,59,52,61,75,33,28,34" hai2="2,98,92,103,56,51,93,8,73,17,101,128,4" hai3="130,118,53,129,38,0,126,115,122,71,87,90,42"/><T19/><D114/><U15/><E112/><V119/><F128/><N who="3" m="49259" /><G0/><T57/><D99/><U46/><E131/><V24/><F73/><W89/><G115/><T84/><D84/><U55/><E75/><V54/><F119/><W107/><G107/><T43/><D39/><U76/><E76/><V109/><F109/><W95/><G71/><T1/><D63/><U108/><E108/><V127/><F103/><W37/><G118/><T120/><D120/><U47/><E28/><V116/><F92/><N who="3" m="54335" /><G53/><T21/><REACH who="0" step="1"/><D1/><REACH who="0" ten="240,250,250,250" step="2"/><U70/><E61/><V79/><F98/><N who="3" m="57719" /><G122/><T113/><D113/><U44/><E81/><V124/><F2/><W22/><G38/><T25/><D25/><U78/><E83/><V123/><F24/><W88/><G37/><T82/><D82/><U3/><E3/><V80/><F123/><W5/><G42/><T29/><D29/><U31/><E31/><V97/><F97/><W85/><G85/><T69/><D69/><U110/><E70/><V45/><F80/><W65/><G65/><T49/><D49/><U20/><E110/><V13/><F51/><W41/><G41/><T72/><D72/><U74/><E74/><V111/><F111/><W35/><G35/><T77/><D77/><U18/><E78/><V50/><F79/><W96/><G96/><T36/><D36/><U133/><E34/><V68/><F68/><W106/><G106/><T62/><D62/><U102/><E33/><V121/><F121/><W86/><G86/><T104/><D104/><U9/><E91/><V134/><F50/><W125/><G88/><T26/><D26/><RYUUKYOKU ba="0,1" sc="240,30,250,-10,250,-10,250,-10" hai0="10,11,12,16,19,21,27,30,40,43,57,60,67" /><INIT seed="0,1,1,0,2,68" ten="270,240,240,240" oya="0" hai0="84,15,120,88,61,86,98,37,72,27,6,20,112" hai1="64,51,11,18,48,123,87,56,16,0,73,89,121" hai2="115,94,124,34,109,100,40,49,65,119,46,129,66" hai3="55,85,25,14,82,62,30,45,58,110,79,90,23"/><T28/><D72/><U118/><E118/><V5/><F109/><W52/><G110/><T76/><D120/><U74/><E0/><V103/><F115/><W101/><G101/><T122/><D122/><U39/><E39/><V107/><F124/><W134/><G134/><T22/><D37/><U31/><E31/><V2/><F107/><W69/><G69/><T108/><D108/><U67/><E11/><V21/><F34/><W126/><G126/><T36/><D36/><U104/><E87/><V95/><F129/><W127/><G127/><T43/><D112/><U91/><REACH who="1" step="1"/><E56/><REACH who="1" ten="270,230,240,240" step="2"/><V59/><F2/><W77/><G14/><T47/><D84/><U78/><E78/><V13/><F59/><W17/><G30/><T97/><D76/><U44/><E44/><V42/><F46/><W33/><G33/><T111/><D111/><U133/><E133/><V7/><F119/><W1/><G1/><T70/><D47/><U50/><E50/><AGARI ba="1,2" hai="17,23,25,45,50,52,55,58,62,77,79,82,85,90" machi="50" ten="40,2600,0" yaku="8,1,54,1" doraHai="68" who="3" fromWho="1" sc="270,0,230,-29,240,0,240,49" /><INIT seed="1,0,0,0,4,48" ten="270,201,240,289" oya="1" hai0="66,131,2,55,119,120,125,27,30,105,90,107,114" hai1="49,26,11,133,16,51,85,83,115,13,82,103,53" hai2="101,93,21,98,89,69,106,118,92,14,7,134,73" hai3="124,17,22,81,95,47,65,97,72,79,35,76,129"/><U71/><E71/><V128/><F118/><W6/><G35/><T52/><D2/><U77/><E115/><V4/><F128/><W40/><G124/><T37/><D37/><U63/><E133/><V67/><F134/><W8/><G129/><T46/><D131/><U61/><E103/><V50/><F73/><W36/><G65/><T86/><D119/><U20/><E82/><V111/><F106/><W23/><G79/><T42/><D114/><U121/><E121/><V109/><F67/><W34/><G17/><T5/><D66/><U78/><E78/><V18/><F69/><W117/><G34/><T112/><D112/><U56/><REACH who="1" step="1"/><E63/><REACH who="1" ten="270,191,240,289" step="2"/><V44/><F109/><W110/><G110/><T3/><D120/><U41/><E41/><N who="2" m="24847" /><F111/><W9/><G117/><T130/><D130/><U24/><E24/><V57/><F101/><W12/><G9/><T0/><D42/><U15/><E15/><V75/><F14/><W68/><G68/><T88/><D27/><U74/><E74/><V99/><F75/><W25/><G25/><T32/><D0/><U87/><E87/><V102/><F102/><AGARI ba="0,1" hai="6,8,12,22,23,36,40,47,72,76,81,95,97,102" machi="102" ten="30,1000,0" yaku="7,1" doraHai="48" who="3" fromWho="2" sc="270,0,191,0,240,-10,289,20" /><INIT seed="2,0,0,4,2,118" ten="270,191,230,309" oya="2" hai0="82,31,11,46,125,14,92,93,127,80,69,0,74" hai1="76,52,135,73,41,51,96,40,64,75,24,28,30" hai2="57,121,81,62,32,22,114,130,115,6,129,61,134" hai3="86,116,3,23,34,26,27,18,53,102,131,58,98"/><V100/><F32/><W94/><G116/><T122/><D69/><U44/><E135/><V109/><F134/><W63/><G3/><T133/><D0/><U113/><E113/><V111/><F100/><W101/><G131/><N who="2" m="50185" /><F6/><W126/><G126/><T97/><D31/><U20/><E28/><V90/><F22/><N who="3" m="13655" /><G34/><T104/><D46/><U2/><E2/><V65/><F121/><W5/><G5/><T87/><D14/><U79/><E64/><N who="2" m="38959" /><F81/><W8/><G8/><T47/><D11/><U29/><E29/><V21/><F90/><N who="3" m="53591" /><G98/><T25/><D133/><U49/><E96/><V60/><F21/><W105/><G105/><T36/><D104/><U13/><E13/><V84/><F60/><W17/><AGARI ba="0,0" hai="17,23,27,53,58,63,101,102" m="53591,13655" machi="17" ten="30,1100,0" yaku="8,1" doraHai="118" who="3" fromWho="3" sc="270,-3,191,-3,230,-5,309,11" /><INIT seed="3,0,0,3,5,17" ten="267,188,225,320" oya="3" hai0="25,122,125,34,22,120,97,20,48,5,77,109,28" hai1="93,41,106,64,124,24,82,108,95,92,15,47,33" hai2="51,59,18,134,4,36,6,69,78,68,107,45,91" hai3="26,12,54,130,85,9,83,57,84,10,13,55,132"/><W105/><G105/><T99/><D77/><U127/><E108/><V73/><F107/><W49/><G130/><T87/><D87/><U44/><E106/><V46/><F73/><W90/><G132/><T27/><D48/><U94/><E64/><V58/><F78/><W128/><G128/><T65/><D65/><U104/><E104/><V119/><F36/><W2/><G2/><T62/><D62/><U72/><N who="1" m="23552" /><DORA hai="110" /><U7/><E33/><V96/><F51/><W50/><G84/><T101/><D101/><U29/><E72/><V80/><F18/><W56/><REACH who="3" step="1"/><G26/><REACH who="3" ten="267,188,225,310" step="2"/><T135/><D135/><U86/><E24/><V98/><F134/><W61/><G61/><T102/><D27/><U118/><E86/><V16/><F119/><W63/><G63/><T14/><D25/><U40/><E118/><V1/><F1/><W74/><G74/><T121/><D121/><U76/><E124/><V75/><F75/><W3/><G3/><T79/><D125/><U37/><E127/><V19/><F80/><W133/><G133/><T39/><D122/><U8/><E82/><V88/><AGARI ba="0,1" hai="4,6,16,19,45,46,58,59,68,69,88,91,96,98" machi="88" ten="25,8000,1" yaku="0,1,22,2,54,2" doraHai="17,110" who="2" fromWho="2" sc="267,-20,188,-20,225,90,310,-40" /><INIT seed="4,0,0,1,0,40" ten="247,168,315,270" oya="0" hai0="99,14,52,128,113,53,15,65,94,20,32,64,108" hai1="34,58,114,77,3,8,123,51,41,28,129,27,35" hai2="67,69,80,104,0,76,63,126,71,79,48,78,18" hai3="21,11,118,97,12,9,37,7,49,4,50,42,130"/><T17/><D32/><U116/><E123/><V95/><F104/><W39/><G118/><T36/><D36/><U101/><E116/><V19/><F71/><W62/><G130/><T91/><D128/><U60/><E129/><V72/><F0/><W44/><G21/><T43/><D113/><U29/><E114/><V102/><F18/><W85/><G62/><T100/><D43/><U70/><E70/><V47/><F126/><W61/><G61/><T59/><D108/><U33/><E77/><V2/><F2/><W119/><G119/><T127/><D127/><U86/><E86/><V82/><F19/><W110/><G110/><T10/><D100/><U13/><E3/><V5/><F5/><W83/><G97/><T125/><D125/><U112/><E112/><V89/><F102/><W73/><G50/><N who="0" m="31127" /><D53/><U96/><E29/><V134/><F134/><W92/><G92/><T1/><D1/><U75/><E75/><V55/><F80/><W26/><G26/><T132/><D132/><U124/><E124/><V23/><F82/><W31/><G31/><T68/><D68/><U81/><E81/><V57/><F72/><W135/><G73/><T107/><D107/><N who="1" m="63911" /><E51/><V25/><F69/><W120/><G120/><T45/><D45/><U38/><E41/><V16/><F95/><W98/><G135/><T22/><D22/><N who="1" m="15479" /><E38/><V105/><F105/><W84/><G83/><T117/><D117/><U87/><E87/><N who="3" m="33354" /><G98/><T133/><D133/><U109/><E109/><V121/><F121/><W30/><G30/><T122/><D122/><U103/><E35/><V115/><F115/><RYUUKYOKU ba="0,0" sc="247,10,168,-30,315,10,270,10" hai0="10,14,15,17,20,64,65,91,94,99" hai2="16,23,25,47,48,55,57,63,67,76,78,79,89" hai3="4,7,9,11,12,37,39,42,44,49" /><INIT seed="4,1,0,0,1,5" ten="257,138,325,280" oya="0" hai0="113,120,85,44,129,121,68,52,38,123,55,99,131" hai1="65,130,29,71,127,67,13,64,114,51,124,31,73" hai2="63,77,112,105,20,119,32,102,24,0,128,2,80" hai3="95,84,93,100,108,98,86,37,106,69,62,22,18"/><T110/><D68/><U42/><E73/><V72/><F112/><W125/><G37/><T8/><D113/><U132/><E114/><V25/><F25/><W12/><G108/><T83/><D99/><U16/><E71/><V17/><F128/><N who="0" m="49226" /><D110/><U50/><E130/><V89/><F32/><W94/><REACH who="3" step="1"/><G125/><REACH who="3" ten="257,138,325,270" step="2"/><N who="1" m="48202" /><E132/><V78/><F119/><W88/><G88/><N who="0" m="51263" /><D8/><N who="1" m="6183" /><E42/><AGARI ba="1,1" hai="38,42,44,52,55,120,121,123" m="51263,49226" machi="42" ten="40,7700,0" yaku="19,1,54,2" doraHai="5" who="0" fromWho="1" sc="257,90,138,-80,325,0,270,0" /><INIT seed="4,2,0,0,2,134" ten="347,58,325,270" oya="0" hai0="121,6,44,88,80,27,46,54,124,0,7,72,3" hai1="11,17,63,108,66,32,10,119,106,14,43,15,50" hai2="18,31,48,36,12,16,39,93,42,24,111,19,74" hai3="78,61,59,123,86,75,83,92,28,57,131,71,107"/><T104/><D104/><U33/><E108/><V118/><F111/><W41/><G123/><T85/><D72/><U97/><E119/><V45/><F118/><W69/><G131/><T94/><D121/><U73/><E73/><V4/><F74/><W127/><G127/><T35/><D124/><U53/><E43/><V132/><F132/><W68/><G107/><T116/><D116/><U58/><E106/><V25/><F25/><W100/><G41/><T96/><D3/><U60/><E97/><V70/><F70/><W20/><G75/><T55/><D0/><U109/><E109/><V129/><F129/><W77/><G77/><T8/><D35/><U81/><E81/><V26/><F26/><W113/><G113/><T90/><D27/><U87/><E87/><V102/><F102/><W38/><G38/><T49/><D8/><U133/><E133/><V135/><F93/><W126/><G126/><T84/><D96/><U30/><E30/><V103/><F103/><W34/><G34/><T51/><AGARI ba="2,0" hai="6,7,44,46,49,51,54,55,80,84,85,88,90,94" machi="51" ten="30,11700,0" yaku="0,1,9,1,8,1,54,1" doraHai="134" who="0" fromWho="0" sc="347,123,58,-41,325,-41,270,-41" /><INIT seed="4,3,0,1,2,53" ten="470,17,284,229" oya="0" hai0="111,114,116,96,22,76,54,52,28,30,109,86,14" hai1="20,85,47,124,84,89,87,19,125,94,5,15,7" hai2="21,133,72,34,45,101,58,43,27,16,68,123,78" hai3="132,31,73,41,51,35,49,62,6,50,46,99,98"/><T40/><D116/><U59/><E47/><V48/><F68/><W36/><G73/><T108/><D114/><U10/><E7/><V75/><F123/><W26/><G132/><T93/><D40/><U120/><E120/><V88/><F133/><W38/><G38/><T105/><D105/><U66/><E66/><V102/><F34/><W57/><REACH who="3" step="1"/><G6/><REACH who="3" ten="470,17,284,219" step="2"/><T29/><D108/><U83/><E59/><V91/><F75/><W134/><G134/><T129/><D111/><U8/><E8/><V92/><F72/><W104/><G104/><T90/><D109/><U106/><E106/><V25/><F78/><W0/><G0/><T130/><D130/><U18/><E18/><V126/><F126/><N who="1" m="48745" /><E94/><V79/><F79/><W115/><G115/><T11/><D129/><U13/><AGARI ba="3,1" hai="5,10,13,15,19,20,83,84,85,87,89" m="48745" machi="13" ten="30,1100,0" yaku="18,1" doraHai="53" who="1" fromWho="1" sc="470,-8,17,30,284,-6,219,-6" /><INIT seed="5,0,0,1,0,99" ten="462,47,278,213" oya="1" hai0="35,45,129,11,114,125,4,38,113,94,2,101,50" hai1="93,115,15,52,116,97,71,33,131,42,124,34,108" hai2="91,123,59,23,24,30,51,133,90,89,107,80,67" hai3="65,3,40,49,47,85,60,76,134,103,72,110,130"/><U84/><E116/><V68/><F68/><W66/><G110/><T109/><D38/><U9/><E108/><V44/><F133/><W16/><G134/><T135/><D35/><U102/><E71/><V13/><F107/><W5/><G130/><T112/><D129/><U96/><E131/><V81/><F123/><W26/><G72/><T86/><D109/><U20/><E42/><N who="2" m="24983" /><F13/><W120/><G120/><T69/><D69/><U37/><E37/><V77/><F77/><W70/><G66/><T105/><D135/><U132/><E132/><V0/><F0/><W122/><G122/><T82/><D105/><U63/><E115/><V43/><F43/><W119/><G119/><T22/><D125/><U19/><E124/><V127/><F127/><W10/><G76/><T54/><D22/><U58/><E84/><V55/><F67/><W61/><G61/><AGARI ba="0,0" hai="23,24,30,55,59,61,80,81,89,90,91" m="24983" machi="61" ten="30,1000,0" yaku="8,1" doraHai="99" who="2" fromWho="3" sc="462,0,47,0,278,10,213,-10" /><INIT seed="6,0,0,5,1,15" ten="462,47,288,203" oya="2" hai0="56,100,28,118,29,125,16,129,87,92,65,96,94" hai1="64,30,31,49,25,20,58,75,103,27,42,126,95" hai2="60,52,17,99,122,120,73,117,80,3,123,19,121" hai3="39,69,78,62,135,24,79,107,10,36,72,9,51"/><V1/><F117/><W83/><G135/><T84/><D125/><U44/><E126/><V106/><N who="2" m="30720" /><DORA hai="5" /><V63/><F73/><W119/><G119/><T33/><D33/><U23/><E75/><V47/><F80/><W21/><G107/><T12/><D129/><U131/><E131/><V57/><F47/><W81/><G51/><T67/><D118/><U85/><E103/><V32/><F32/><W6/><G62/><N who="0" m="38087" /><D67/><U14/><E14/><V88/><F63/><W111/><G69/><T71/><D71/><U89/><E64/><V102/><REACH who="2" step="1"/><F88/><REACH who="2" ten="462,47,278,203" step="2"/><W109/><G83/><T132/><D132/><U54/><REACH who="1" step="1"/><E58/><REACH who="1" ten="462,37,278,203" step="2"/><V110/><F110/><W35/><G109/><T2/><D87/><U113/><E113/><V133/><F133/><W105/><G111/><T98/><D84/><U124/><E124/><V116/><F116/><W41/><G72/><T97/><D97/><U86/><E86/><V45/><F45/><W77/><G81/><T13/><D98/><U130/><E130/><V101/><F101/><W8/><G78/><T74/><D96/><U134/><E134/><V61/><F61/><W48/><G79/><T127/><D100/><U7/><E7/><V50/><F50/><W93/><G77/><T114/><D127/><U108/><E108/><V40/><F40/><AGARI ba="0,2" hai="20,23,25,27,30,31,40,42,44,49,54,85,89,95" machi="40" ten="40,5200,0" yaku="1,1,9,1,8,1,53,0" doraHai="15,5" doraHaiUra="115,68" who="1" fromWho="2" sc="462,0,37,72,278,-52,203,0" /><INIT seed="7,0,0,2,4,132" ten="462,109,226,203" oya="3" hai0="102,52,97,107,81,27,1,15,72,127,69,22,99" hai1="42,83,100,44,125,98,19,53,130,95,54,120,93" hai2="112,121,35,33,126,104,129,76,20,111,105,73,92" hai3="86,51,71,115,65,89,128,114,8,59,101,29,122"/><W55/><G122/><T70/><D1/><U66/><E120/><V110/><F121/><W2/><G128/><T43/><D43/><U87/><E130/><V85/><F20/><W67/><G101/><T3/><D3/><U37/><E66/><V58/><F58/><W135/><G135/><T6/><D99/><U64/><E64/><V75/><F129/><W113/><G71/><T90/><D52/><U91/><E93/><V84/><F92/><N who="3" m="54327" /><G29/><T82/><D82/><U41/><E41/><V117/><F117/><W11/><G11/><T116/><D116/><U61/><E61/><V26/><F112/><W119/><G119/><T34/><D34/><U68/><E68/><V108/><F108/><W79/><G79/><T118/><D118/><U0/><E0/><V12/><F76/><W45/><G59/><T50/><D72/><U46/><E46/><V94/><F94/><W36/><G36/><T25/><D70/><U30/><E30/><V60/><F60/><W57/><G57/><T56/><D56/><U74/><E19/><V133/><F133/><W10/><G10/><T39/><D39/><U63/><E63/><V96/><F96/><W21/><G21/><T40/><D22/><U17/><E17/><V77/><F77/><W9/><G9/><N who="0" m="4535" /><D69/><U48/><E37/><V32/><F32/><W38/><G38/><T47/><D107/><N who="1" m="63895" /><E125/><V131/><F131/><W103/><G103/><T13/><D127/><U24/><E24/><V123/><F126/><W134/><G134/><T88/><D102/><U109/><E109/><V78/><F123/><W14/><G114/><RYUUKYOKU ba="0,0" sc="462,-10,109,30,226,-10,203,-10" hai1="42,44,48,53,54,74,83,87,91,95" owari="452,55.0,139,-36.0,216,2.0,193,-21.0" /></mjloggm>