<mjloggm ver="2.3"><GO type="169" lobby="0"/><UN n0="%70%61%72%61%6F%6E%64%65" n1="%E3%81%AB%E3%81%92%E3%81%9F%E3%83%89%E3%83%AC%E3%82%A4" n2="%E5%B0%B1%E6%B4%BB%E7%94%9F%40%E5%B7%9D%E6%9D%91%E8%BB%8D%E5%9B%A3" n3="%E3%81%B5%E3%81%8F%E3%82%84%E3%82%93" dan="17,16,17,18" rate="2157.55,2129.04,2189.35,2178.38" sx="M,M,M,M"/><TAIKYOKU oya="0"/><INIT seed="0,0,0,0,0,12" ten="250,250,250,250" oya="0" hai0="15,100,51,71,109,122,56,93,126,80,77,26,46" hai1="69,5,118,108,31,13,22,87,0,133,14,82,102" hai2="23,50,27,18,73,70,43,55,2,36,44,33,38" hai3="129,99,68,17,76,132,64,103,84,92,115,116,72"/><T124/><D122/><U91/><E69/><V74/><F2/><W29/><G29/><T24/><D71/><U114/><E118/><V42/><F33/><W32/><G32/><T49/><D109/><U127/><E133/><V125/><F125/><N who="0" m="48234" /><D56/><U30/><E127/><V21/><F70/><W39/><G132/><T19/><D100/><U120/><E120/><V106/><F106/><W61/><G116/><T65/><D65/><U86/><E102/><V131/><F131/><W41/><G129/><T67/><D93/><U53/><E114/><V101/><F101/><W58/><G115/><T54/><D51/><U111/><E111/><V85/><F85/><W128/><G128/><T117/><D67/><U9/><E108/><V63/><F63/><W25/><G68/><T75/><D117/><U119/><E119/><V105/><F105/><W35/><G64/><T112/><D112/><U16/><E0/><V28/><F42/><W97/><G41/><T123/><D123/><U78/><E53/><V48/><F38/><W59/><G39/><T113/><D113/><U98/><E98/><V79/><F36/><W94/><G99/><T1/><D1/><U52/><E52/><V4/><F50/><W37/><G37/><T34/><D34/><U134/><E134/><V95/><F55/><W66/><G35/><T130/><D130/><U90/><E78/><V107/><F48/><W121/><G121/><T96/><D96/><U11/><E22/><AGARI ba="0,0" hai="15,19,22,24,26,46,49,54,75,77,80" m="48234" machi="22" ten="30,2900,0" yaku="18,1,52,1" doraHai="12" who="0" fromWho="1" sc="250,29,250,-29,250,0,250,0" /><INIT seed="0,1,0,3,1,111" ten="279,221,250,250" oya="0" hai0="35,99,120,57,119,10,26,92,56,36,114,7,73" hai1="33,78,71,50,94,116,53,40,12,83,135,93,112" hai2="84,49,105,118,61,16,124,104,67,80,48,131,0" hai3="6,24,79,14,129,95,42,70,63,19,69,44,134"/><T97/><D120/><U9/><E71/><V32/><F0/><W1/><G1/><T98/><D119/><U51/><E33/><V58/><F32/><W60/><G6/><T113/><D73/><U89/><E116/><V11/><F118/><W81/><G24/><T102/><D36/><U54/><E135/><V27/><F131/><W100/><G129/><T115/><D99/><U59/><E40/><V103/><F124/><W31/><G31/><T43/><D43/><U45/><E112/><V18/><F103/><W76/><G76/><T2/><REACH who="0" step="1"/><D98/><REACH who="0" ten="269,221,250,250" step="2"/><U5/><E89/><N who="2" m="51335" /><F105/><W17/><G42/><T4/><D4/><U125/><E125/><V55/><F104/><W82/><G100/><T117/><D117/><U133/><REACH who="1" step="1"/><E133/><REACH who="1" ten="269,211,250,250" step="2"/><V122/><F122/><W130/><G134/><T101/><D101/><U88/><E88/><V46/><F11/><W3/><G130/><T109/><D109/><U62/><E62/><V132/><F132/><W64/><G63/><T86/><D86/><AGARI ba="1,2" hai="5,9,12,45,50,51,53,54,59,78,83,86,93,94" machi="86" ten="30,3900,0" yaku="1,1,7,1,8,1,53,0" doraHai="111" doraHaiUra="38" who="1" fromWho="0" sc="269,-42,211,62,250,0,250,0" /><INIT seed="1,0,0,4,5,81" ten="227,273,250,250" oya="1" hai0="35,74,39,34,4,62,23,51,98,79,6,97,49" hai1="33,28,50,40,89,130,91,100,113,96,63,73,37" hai2="127,90,19,1,76,64,78,119,26,10,84,12,36" hai3="59,105,56,114,13,21,117,77,131,30,132,108,0"/><U115/><E37/><V15/><F1/><W18/><G0/><T2/><D39/><U104/><E73/><V5/><F36/><W106/><G114/><T48/><D62/><U14/><E130/><V31/><F119/><W42/><G42/><T41/><D41/><U82/><E14/><V61/><F127/><W128/><G117/><T112/><D23/><U110/><E110/><V122/><F122/><W65/><G108/><T75/><D2/><U94/><E63/><V71/><F15/><W99/><G77/><T29/><D79/><U109/><E109/><V133/><F133/><W121/><G132/><T67/><D67/><U83/><E40/><V22/><REACH who="2" step="1"/><F31/><REACH who="2" ten="227,273,240,250" step="2"/><W25/><G121/><T57/><D29/><U47/><E115/><V92/><AGARI ba="0,1" hai="5,10,12,19,22,26,61,64,71,76,78,84,90,92" machi="92" ten="20,12000,2" yaku="1,1,2,1,0,1,7,1,52,1,53,1" doraHai="81" doraHaiUra="16" who="2" fromWho="2" sc="227,-30,273,-60,240,130,250,-30" /><INIT seed="2,0,0,2,0,57" ten="197,213,370,220" oya="2" hai0="56,66,110,106,47,58,111,93,46,134,95,22,127" hai1="62,36,105,54,31,92,99,108,42,90,124,35,135" hai2="80,87,130,71,86,112,19,33,96,60,79,88,61" hai3="63,38,7,1,72,109,9,114,133,68,104,44,41"/><V97/><F112/><W15/><G109/><N who="0" m="41483" /><D106/><U125/><E108/><V98/><F33/><W55/><G133/><T3/><D3/><U8/><E135/><V78/><F71/><W113/><G104/><T70/><D134/><U2/><E105/><V73/><F130/><W116/><G116/><T102/><D127/><U67/><E54/><V74/><F74/><W83/><G15/><T94/><D102/><U40/><E31/><V123/><F123/><W23/><G23/><T10/><D10/><U14/><E35/><V0/><F0/><W16/><G16/><T81/><D81/><U132/><E132/><V75/><F75/><W39/><G39/><T11/><D11/><U53/><E53/><V77/><F73/><W128/><G128/><T48/><D22/><U20/><E20/><V126/><F126/><N who="1" m="48745" /><E36/><V65/><F65/><N who="3" m="41023" /><G55/><N who="0" m="31847" /><D70/><N who="1" m="42359" /><E2/><V117/><F117/><W18/><G18/><AGARI ba="0,0" hai="8,14,18,40,42,90,92,99" m="42359,48745" machi="18" ten="30,2000,0" yaku="18,1,52,1" doraHai="57" who="1" fromWho="3" sc="197,0,213,20,370,0,220,-20" /><INIT seed="3,0,0,3,4,57" ten="197,233,370,200" oya="3" hai0="60,59,56,84,47,65,64,79,133,69,4,50,91" hai1="30,126,105,130,21,5,93,98,72,3,25,67,14" hai2="125,32,119,121,104,129,33,37,39,102,54,43,41" hai3="89,101,62,97,71,90,78,111,85,95,61,114,17"/><W75/><G114/><T76/><D133/><U10/><E130/><V23/><F104/><W94/><G71/><T52/><D4/><U20/><E126/><V131/><F102/><W70/><G70/><T18/><D65/><U123/><E123/><V120/><F23/><W2/><G2/><T11/><D69/><U13/><E72/><V45/><F119/><W118/><G118/><T12/><D59/><U103/><E105/><V6/><F6/><W128/><G128/><N who="2" m="49225" /><F125/><W35/><G35/><N who="2" m="13385" /><F54/><W132/><G132/><T9/><D11/><U122/><E122/><N who="2" m="47211" /><F45/><W40/><G75/><T115/><D115/><U27/><REACH who="1" step="1"/><E67/><REACH who="1" ten="197,223,370,200" step="2"/><V58/><F58/><W16/><G111/><T53/><REACH who="0" step="1"/><D64/><REACH who="0" ten="187,223,370,200" step="2"/><U106/><E106/><V55/><F55/><W22/><G40/><AGARI ba="0,2" hai="37,39,40,41,43" m="47211,13385,49225" machi="40" ten="40,8000,1" yaku="28,2,19,1,13,1" doraHai="57" who="2" fromWho="3" sc="187,0,223,0,370,100,200,-80" /><INIT seed="4,0,0,2,4,68" ten="187,223,470,120" oya="0" hai0="91,77,2,125,55,74,22,10,132,35,89,84,61" hai1="134,11,34,76,31,99,59,135,102,6,28,32,37" hai2="70,128,58,53,26,8,96,131,81,43,123,95,18" hai3="114,122,66,94,40,80,20,56,130,7,71,52,98"/><T126/><D35/><N who="1" m="13355" /><E76/><V116/><F70/><W41/><G114/><T25/><D132/><N who="1" m="50731" /><E59/><V79/><F123/><W104/><G104/><T115/><D115/><U60/><E60/><V47/><F116/><W107/><G107/><T85/><D74/><U100/><E37/><V118/><F118/><W120/><G7/><N who="0" m="1399" /><D77/><U72/><E72/><V67/><F67/><W17/><G80/><T33/><D33/><U124/><E124/><N who="0" m="47721" /><D61/><U108/><E108/><V38/><F81/><W49/><G71/><T1/><D1/><N who="1" m="463" /><E102/><V54/><F79/><W97/><G66/><T9/><D9/><U75/><E75/><V86/><F86/><N who="0" m="33386" /><D55/><U16/><E99/><V90/><F54/><W64/><G98/><T103/><D103/><U14/><E100/><V73/><F73/><W111/><G64/><T36/><D36/><U3/><E3/><V29/><F53/><W129/><G111/><T57/><D57/><U92/><E92/><V87/><F58/><W15/><G122/><T121/><D121/><U93/><E93/><V19/><F96/><W51/><G120/><T83/><D83/><U82/><E82/><V127/><F127/><W23/><G23/><AGARI ba="0,0" hai="14,16,23,28,31" m="463,50731,13355" machi="23" ten="30,7700,0" yaku="20,1,34,2,54,1" doraHai="68" who="1" fromWho="3" sc="187,0,223,77,470,0,120,-77" /><INIT seed="5,0,0,5,2,94" ten="187,300,470,43" oya="1" hai0="86,5,106,110,121,37,90,135,3,71,50,100,77" hai1="130,49,62,9,91,45,82,14,36,125,16,44,20" hai2="65,51,88,129,108,81,29,75,95,76,107,80,83" hai3="133,99,57,38,102,103,43,63,33,19,112,7,46"/><U69/><E130/><V34/><F108/><W131/><G33/><T73/><D50/><U66/><E125/><V58/><F129/><W40/><G131/><T123/><D5/><U15/><E36/><V114/><F114/><W72/><G112/><T117/><D100/><U0/><E0/><V89/><F107/><W35/><G35/><T11/><D11/><U96/><E49/><V93/><F34/><W52/><G133/><T54/><D54/><U87/><REACH who="1" step="1"/><E96/><REACH who="1" ten="187,290,470,43" step="2"/><N who="2" m="57383" /><F75/><W12/><G38/><T32/><D3/><U8/><E8/><V61/><F29/><W1/><G72/><T30/><D37/><U26/><E26/><V84/><F51/><W21/><G1/><T134/><D30/><U55/><E55/><V115/><F115/><W23/><G43/><T104/><D135/><U25/><E25/><V60/><F60/><W127/><G40/><T68/><D134/><U132/><E132/><V120/><F120/><W109/><G63/><T27/><D27/><U118/><E118/><V122/><F122/><W70/><G52/><T56/><D117/><U124/><E124/><V74/><F74/><W53/><G53/><T39/><D73/><U98/><E98/><V6/><F6/><AGARI ba="0,1" hai="6,9,14,15,16,20,44,45,62,66,69,82,87,91" machi="6" ten="30,5800,0" yaku="1,1,7,1,54,1,53,0" doraHai="94" doraHaiUra="105" who="1" fromWho="2" sc="187,0,290,68,470,-58,43,0" /><INIT seed="5,1,0,1,4,28" ten="187,358,412,43" oya="1" hai0="0,31,53,135,126,90,29,82,33,38,32,19,62" hai1="25,8,94,46,7,21,110,17,4,118,95,56,34" hai2="76,45,10,77,109,9,18,37,22,116,79,124,96" hai3="20,83,48,106,57,5,101,121,11,123,69,66,134"/><U60/><E118/><V3/><F109/><W6/><G6/><T117/><D117/><U81/><E110/><V103/><F116/><W91/><G134/><T67/><D38/><U26/><E46/><V108/><F108/><W1/><G106/><T15/><D0/><U104/><E104/><V129/><F129/><W97/><G69/><T47/><D135/><U44/><E44/><V24/><F124/><W58/><G58/><T107/><D107/><U68/><E68/><V113/><F113/><W63/><G48/><T111/><D111/><U87/><E26/><V12/><F3/><W100/><G100/><T86/><D126/><U55/><E34/><V73/><F73/><W41/><G41/><T52/><D67/><U99/><E8/><V93/><F37/><W14/><G101/><T88/><D90/><N who="1" m="55799" /><E94/><V27/><F45/><W74/><G74/><T65/><D65/><U59/><E56/><V23/><F12/><W42/><G42/><T61/><D61/><U131/><E131/><V30/><AGARI ba="1,0" hai="9,10,18,22,23,24,27,30,76,77,79,93,96,103" machi="30" ten="30,2000,0" yaku="0,1,8,1" doraHai="28" who="2" fromWho="2" sc="187,-6,358,-11,412,23,43,-6" /><INIT seed="6,0,0,4,0,73" ten="181,347,435,37" oya="2" hai0="117,37,55,61,36,115,29,120,27,100,40,38,123" hai1="24,75,7,33,74,79,102,15,59,128,114,119,51" hai2="19,94,104,17,131,84,47,70,121,28,45,6,52" hai3="31,2,90,135,25,35,1,127,3,22,62,130,18"/><V64/><F104/><W63/><G127/><T20/><D115/><U12/><E119/><V68/><F121/><W98/><G130/><T43/><D117/><U77/><E102/><V78/><F6/><W41/><G41/><T14/><D14/><U53/><E114/><V133/><F133/><W122/><G122/><T39/><D100/><U85/><E128/><V91/><F131/><W34/><G34/><T129/><D129/><U48/><E33/><V57/><F28/><W118/><G118/><T76/><D76/><N who="1" m="29259" /><E75/><V83/><F68/><W113/><G135/><T101/><D36/><U134/><E74/><V65/><F70/><W86/><G98/><T89/><D101/><U106/><E106/><V125/><F125/><W87/><G87/><T124/><D39/><U42/><E134/><V8/><F64/><W16/><G113/><T0/><D38/><U46/><E24/><V96/><F65/><W109/><G109/><T69/><D0/><U9/><E85/><V4/><F4/><W13/><REACH who="3" step="1"/><G18/><REACH who="3" ten="181,347,435,27" step="2"/><N who="2" m="6665" /><F8/><W72/><G72/><T126/><D123/><U105/><E105/><V107/><F107/><W54/><G54/><T71/><D55/><N who="1" m="32255" /><E15/><V88/><F91/><W132/><G132/><T82/><D89/><U10/><E9/><V66/><F66/><W95/><AGARI ba="0,1" hai="1,2,3,13,16,22,25,31,35,62,63,86,90,95" machi="95" ten="30,4000,0" yaku="1,1,0,1,54,1,53,0" doraHai="73" doraHaiUra="112" who="3" fromWho="3" sc="181,-10,347,-10,435,-20,27,50" /><INIT seed="7,0,0,0,1,123" ten="171,337,415,77" oya="3" hai0="110,124,98,7,89,134,127,59,41,120,133,81,79" hai1="115,43,49,39,74,84,97,78,20,37,30,93,58" hai2="33,105,57,135,13,85,131,112,76,34,116,21,61" hai3="114,40,90,35,29,128,55,1,26,64,107,9,119"/><W12/><G119/><T100/><D120/><U2/><E2/><V69/><F69/><W67/><G107/><N who="0" m="63895" /><D41/><U80/><E115/><V48/><F105/><W92/><G114/><T121/><D7/><U11/><E39/><V94/><F112/><W129/><G1/><T102/><D59/><U109/><E37/><V132/><F131/><N who="3" m="50251" /><G55/><T83/><D121/><U104/><E11/><V71/><F71/><W28/><G28/><T22/><D22/><U101/><E20/><V24/><F116/><W72/><G72/><N who="0" m="43239" /><D102/><U82/><E30/><V103/><F103/><W108/><G108/><T5/><D5/><U88/><E82/><V75/><F75/><W56/><G56/><T70/><D70/><U91/><E91/><V62/><F57/><W23/><G23/><T14/><D14/><U96/><E96/><V99/><F34/><W15/><G40/><T65/><D65/><N who="3" m="25161" /><G9/><T42/><D42/><U36/><E36/><V66/><F33/><W125/><G125/><N who="0" m="48203" /><D110/><U130/><E130/><V77/><F21/><W17/><G17/><T4/><D4/><U44/><E58/><V51/><F66/><W38/><G38/><T86/><AGARI ba="0,0" hai="83,86,89,133,134" m="48203,43239,63895" machi="86" ten="30,4000,0" yaku="18,1,34,2" doraHai="123" who="0" fromWho="0" sc="171,40,337,-10,415,-10,77,-20" owari="211,-19.0,327,13.0,405,50.0,57,-44.0" /></mjloggm>