<mjloggm ver="2.3"><GO type="169" lobby="0"/><UN n0="%E5%B0%B1%E6%B4%BB%E7%94%9F%40%E5%B7%9D%E6%9D%91%E8%BB%8D%E5%9B%A3" n1="%E6%B0%B7%E6%9F%B1" n2="%E5%A4%8F%E3%81%AA%E3%81%AE%E3%81%AB" n3="%E7%BE%BD%E6%9C%88%E8%8E%89%E9%9F%B3" dan="17,16,16,17" rate="2148.97,2135.92,2114.98,2147.92" sx="M,M,M,M"/><TAIKYOKU oya="0"/><INIT seed="0,0,0,2,2,75" ten="250,250,250,250" oya="0" hai0="87,124,62,73,30,48,125,110,84,41,34,112,132" hai1="42,4,113,133,25,76,99,80,72,91,64,47,131" hai2="29,45,20,14,129,119,101,21,60,11,9,12,16" hai3="10,100,111,127,50,128,71,134,0,107,81,67,106"/><T94/><D112/><U88/><E131/><V68/><F129/><W49/><G128/><T3/><D3/><U26/><E113/><V6/><F119/><W15/><G0/><T92/><D34/><U77/><E4/><V39/><F101/><W74/><G134/><T61/><D30/><U96/><E64/><V108/><F108/><W28/><G111/><T24/><D24/><N who="1" m="9323" /><E72/><V69/><F29/><W85/><G74/><T37/><D37/><U59/><E59/><V56/><F68/><W123/><G28/><T118/><D73/><U65/><E65/><V52/><REACH who="2" step="1"/><F69/><REACH who="2" ten="250,250,240,250" step="2"/><W89/><G100/><T102/><D102/><U2/><E133/><V120/><F120/><W79/><G123/><T63/><D132/><U116/><E116/><V8/><F8/><W78/><G107/><T44/><D118/><U117/><E117/><V114/><F114/><W86/><G106/><T7/><D110/><U38/><E2/><V98/><F98/><W83/><G71/><T70/><D70/><U121/><E121/><V35/><F35/><W43/><G10/><T90/><D7/><U31/><E31/><V32/><F32/><W13/><G127/><T54/><D41/><AGARI ba="0,1" hai="6,9,11,12,14,16,20,21,39,41,45,52,56,60" machi="41" ten="40,8000,1" yaku="1,1,54,2,53,1" doraHai="75" doraHaiUra="58" who="2" fromWho="0" sc="250,-80,250,0,240,90,250,0" /><INIT seed="1,0,0,5,2,134" ten="170,250,330,250" oya="1" hai0="62,15,8,66,25,122,60,128,80,29,114,115,70" hai1="78,95,61,35,118,83,32,71,53,37,34,86,92" hai2="120,74,125,6,55,133,100,44,24,9,43,101,90" hai3="50,5,123,68,75,81,38,69,110,93,127,2,89"/><U107/><E118/><V99/><F120/><W1/><G123/><T84/><D128/><U79/><E107/><V124/><F74/><W106/><G106/><T19/><D122/><U65/><E37/><V72/><F72/><W94/><G38/><T49/><D49/><U63/><REACH who="1" step="1"/><E79/><REACH who="1" ten="170,240,330,250" step="2"/><V3/><F133/><W116/><G116/><T59/><D114/><U126/><E126/><V97/><F125/><W7/><G127/><T58/><D115/><U132/><E132/><V18/><F124/><W36/><G36/><T22/><D62/><U135/><E135/><V98/><F101/><W42/><G50/><T103/><D103/><U4/><E4/><V21/><F100/><W109/><G7/><T17/><REACH who="0" step="1"/><D19/><REACH who="0" ten="160,240,330,250" step="2"/><U40/><E40/><V41/><F43/><W47/><G42/><T85/><D85/><U51/><E51/><V16/><F41/><W67/><G75/><T73/><D73/><U0/><E0/><V33/><F18/><W121/><G2/><T82/><D82/><U129/><E129/><V48/><F3/><W13/><G121/><T39/><D39/><U23/><E23/><V30/><F21/><W26/><G1/><T46/><D46/><U28/><E28/><V87/><F16/><W31/><G47/><T96/><D96/><U88/><E88/><AGARI ba="0,2" hai="8,15,17,22,25,29,58,59,60,66,70,80,84,88" machi="88" ten="30,7700,0" yaku="1,1,7,1,54,1,53,1" doraHai="134" doraHaiUra="27" who="0" fromWho="1" sc="160,97,240,-77,330,0,250,0" /><INIT seed="2,0,0,2,4,29" ten="257,163,330,250" oya="2" hai0="99,101,118,91,116,49,27,5,46,30,104,19,13" hai1="127,18,22,71,108,25,68,21,35,41,81,23,63" hai2="79,106,8,109,119,9,16,36,57,74,95,113,15" hai3="43,78,72,120,84,128,87,26,17,44,61,77,123"/><V134/><F113/><W60/><G128/><T88/><D5/><U54/><E108/><V76/><F106/><W69/><G123/><T114/><D114/><U39/><E127/><V133/><F119/><N who="0" m="45610" /><D13/><U12/><E39/><V90/><F36/><W28/><G17/><T64/><D19/><U2/><E2/><V42/><F42/><W14/><G14/><T6/><D64/><U130/><E41/><V132/><F109/><W129/><G129/><T131/><D6/><U126/><E126/><V97/><F74/><W52/><G120/><T56/><D56/><U80/><E130/><V135/><F135/><W85/><G72/><T48/><D131/><U1/><E1/><V33/><F57/><W82/><G69/><T92/><D104/><U83/><E68/><V103/><F8/><W59/><G61/><T70/><D70/><U66/><REACH who="1" step="1"/><E54/><REACH who="1" ten="257,153,330,250" step="2"/><V93/><F134/><W34/><G77/><T62/><D62/><U20/><E20/><V38/><F133/><W58/><G58/><T125/><D125/><U98/><E98/><V4/><F132/><W117/><G117/><T45/><D45/><U96/><E96/><V47/><F47/><W111/><G111/><T75/><D49/><AGARI ba="0,1" hai="26,28,34,43,44,49,52,59,60,78,82,84,85,87" machi="49" ten="30,3900,0" yaku="7,1,52,1,54,1" doraHai="29" who="3" fromWho="0" sc="257,-39,153,0,330,0,250,49" /><INIT seed="3,0,0,1,1,100" ten="218,153,330,299" oya="3" hai0="79,119,42,77,35,131,122,94,27,84,113,107,132" hai1="11,31,64,40,112,8,47,10,69,114,109,17,125" hai2="128,50,24,98,41,21,48,14,6,62,102,63,88" hai3="118,130,15,60,108,34,83,91,133,22,105,13,44"/><W7/><G118/><T99/><D42/><U129/><E109/><V51/><F128/><W4/><G34/><T92/><D35/><U20/><E129/><V0/><F41/><W54/><G130/><T104/><D27/><U80/><E31/><V26/><F0/><W135/><G105/><N who="0" m="40523" /><D131/><U55/><E125/><V93/><F102/><W117/><G108/><T110/><D119/><U57/><E69/><V96/><F98/><W87/><G117/><T120/><D110/><U23/><E64/><V30/><F26/><W121/><G121/><N who="0" m="46699" /><D132/><N who="3" m="50761" /><G22/><T101/><D113/><U49/><E80/><V75/><F75/><W90/><G13/><T103/><D84/><U123/><E123/><V89/><F89/><W127/><G15/><T76/><D94/><U2/><E2/><V85/><F85/><W1/><G1/><T106/><N who="0" m="40531" /><T111/><DORA hai="32" /><D111/><U52/><E112/><V43/><F43/><W28/><G28/><T3/><D3/><U12/><E114/><V124/><F30/><W9/><G4/><T56/><D56/><U116/><E116/><V18/><F6/><W81/><G7/><T126/><D103/><U134/><E134/><V36/><F24/><W25/><G25/><T65/><D65/><U97/><E97/><V16/><F36/><W38/><G38/><T58/><D58/><U33/><E33/><V53/><F14/><W115/><G115/><T61/><D61/><N who="1" m="36007" /><E40/><V82/><F63/><W78/><G60/><T39/><D39/><U19/><E12/><V68/><F62/><W45/><G87/><T46/><D46/><U71/><E71/><RYUUKYOKU ba="0,0" sc="218,15,153,15,330,-15,299,-15" hai0="76,77,79,92,99,101,126" hai1="8,10,11,17,19,20,23,47,49,55" /><INIT seed="4,1,0,2,0,49" ten="233,168,315,284" oya="0" hai0="59,102,4,105,71,31,90,46,22,123,9,115,35" hai1="8,29,6,84,114,134,101,74,91,135,119,66,20" hai2="5,37,131,57,33,126,12,111,60,110,97,68,7" hai3="26,17,36,47,83,132,41,129,10,75,13,81,40"/><T116/><D123/><U0/><E119/><V73/><F33/><W85/><G132/><N who="1" m="50730" /><E74/><V54/><F73/><W21/><G129/><T99/><D116/><U122/><E101/><V118/><F118/><W61/><G75/><T70/><D115/><U30/><E122/><V100/><F37/><W133/><G133/><T87/><D35/><U27/><E66/><V67/><F131/><W15/><G41/><T18/><D31/><N who="1" m="17895" /><E114/><V92/><F126/><W52/><G15/><T43/><D59/><U56/><E56/><V106/><F106/><W124/><G124/><T95/><D9/><U69/><E69/><V48/><F111/><W16/><REACH who="3" step="1"/><G85/><REACH who="3" ten="233,168,315,274" step="2"/><T3/><D3/><U38/><E38/><V72/><F72/><W32/><G32/><T34/><D34/><U58/><E0/><V96/><F110/><W11/><G11/><T80/><D4/><U117/><E8/><V50/><F12/><W108/><G108/><T64/><D43/><U62/><E6/><V55/><F97/><W77/><G77/><T14/><D99/><U24/><E117/><V89/><F5/><W120/><G120/><T23/><D87/><U2/><E2/><V127/><F7/><W19/><G19/><T86/><D18/><U45/><E84/><V130/><F127/><W93/><G93/><T113/><D14/><U128/><E128/><V28/><F130/><W44/><G44/><T25/><D46/><U78/><E78/><V103/><F28/><W1/><G1/><T79/><D95/><U107/><E29/><V98/><F98/><W42/><G42/><T109/><D86/><RYUUKYOKU ba="1,1" sc="233,-15,168,-15,315,15,274,15" hai2="48,50,54,55,57,60,67,68,89,92,96,100,103" hai3="10,13,16,17,21,26,36,40,47,52,61,81,83" /><INIT seed="5,2,1,2,4,113" ten="218,153,330,289" oya="1" hai0="68,42,22,50,71,60,124,28,115,27,61,51,57" hai1="21,102,81,37,13,129,114,89,8,111,128,24,6" hai2="78,18,83,34,91,121,109,3,65,94,15,86,62" hai3="45,120,32,87,69,108,73,53,66,76,99,29,52"/><U26/><E37/><V132/><F109/><W10/><G108/><T103/><D115/><U25/><E111/><V12/><F34/><W38/><G73/><T104/><D104/><U77/><BYE who="0" /><E114/><V5/><F3/><W36/><G10/><T85/><D85/><UN n0="%E5%B0%B1%E6%B4%BB%E7%94%9F%40%E5%B7%9D%E6%9D%91%E8%BB%8D%E5%9B%A3" /><U116/><E102/><V56/><F132/><W63/><G120/><T74/><D74/><U17/><E89/><V1/><F121/><W92/><G87/><T40/><D103/><U105/><E105/><V79/><F1/><W107/><G76/><T90/><D90/><U48/><E48/><V97/><F5/><W125/><G125/><T9/><D124/><U84/><REACH who="1" step="1"/><E116/><REACH who="1" ten="218,143,330,289" step="2"/><V88/><F91/><W93/><G38/><T127/><D127/><U118/><E118/><V59/><F79/><W41/><G107/><T106/><D106/><U131/><AGARI ba="2,2" hai="6,8,13,17,21,24,25,26,77,81,84,128,129,131" machi="131" ten="30,11700,0" yaku="1,1,0,1,19,1,53,1" doraHai="113" doraHaiUra="72" who="1" fromWho="1" sc="218,-41,143,143,330,-41,289,-41" /><INIT seed="5,3,0,1,0,111" ten="177,286,289,248" oya="1" hai0="125,21,2,33,72,80,29,50,131,20,42,56,32" hai1="98,100,104,89,120,65,26,68,51,91,73,114,71" hai2="59,54,83,12,90,10,61,7,1,41,40,129,99" hai3="76,18,34,19,62,9,82,79,17,128,134,55,85"/><U105/><E120/><V121/><F121/><W46/><G34/><T87/><D72/><U25/><E73/><V97/><F129/><W96/><G128/><T22/><D2/><U58/><E105/><V6/><F1/><W52/><G134/><T60/><D131/><U113/><E26/><V110/><F110/><W45/><G79/><T119/><D119/><U15/><E25/><V57/><F6/><W122/><G122/><T53/><D125/><U38/><E38/><V135/><F135/><W31/><G31/><T0/><D0/><U118/><E118/><V124/><F124/><W75/><G75/><T107/><D107/><U13/><E13/><V74/><F74/><W47/><G96/><N who="2" m="36937" /><F59/><N who="3" m="35175" /><G55/><T35/><D29/><U3/><E3/><V86/><AGARI ba="3,0" hai="7,10,12,40,41,54,57,61,83,86,90" m="36937" machi="86" ten="30,1100,0" yaku="8,1" doraHai="111" who="2" fromWho="2" sc="177,-6,286,-8,289,20,248,-6" /><INIT seed="6,0,0,4,1,135" ten="171,278,309,242" oya="2" hai0="133,86,115,124,103,94,20,122,125,92,64,114,82" hai1="59,85,3,128,71,84,98,43,58,57,25,2,50" hai2="105,26,22,62,56,17,60,52,68,32,48,37,15" hai3="44,54,36,81,83,66,51,9,55,87,23,102,46"/><V24/><F105/><W13/><G66/><T11/><D122/><U93/><E71/><V89/><F37/><W134/><G134/><T78/><D64/><U104/><E104/><V0/><F0/><W28/><G102/><T117/><D133/><U39/><E39/><V130/><F68/><W63/><G36/><T40/><D40/><U121/><E128/><V29/><F130/><W99/><G99/><N who="0" m="59879" /><D11/><U18/><E2/><V112/><F112/><N who="0" m="43050" /><D20/><N who="1" m="13463" /><E3/><V34/><F89/><W65/><G65/><T118/><D94/><U88/><E121/><V61/><REACH who="2" step="1"/><F26/><REACH who="2" ten="171,278,299,242" step="2"/><W107/><G107/><T96/><D96/><U131/><E131/><V10/><AGARI ba="0,1" hai="10,15,17,22,24,29,32,34,48,52,56,60,61,62" machi="10" ten="30,11700,0" yaku="1,1,2,1,0,1,54,1,53,0" doraHai="135" doraHaiUra="74" who="2" fromWho="2" sc="171,-39,278,-39,299,127,242,-39" /><INIT seed="6,1,0,0,0,64" ten="132,239,426,203" oya="2" hai0="92,20,31,106,57,129,99,2,51,44,133,77,127" hai1="132,66,38,61,13,74,83,135,111,21,65,113,94" hai2="108,22,72,123,15,33,67,76,87,70,55,24,125" hai3="60,37,63,82,19,79,93,0,130,88,9,102,128"/><V90/><F123/><W116/><G102/><T101/><D2/><U41/><E111/><V117/><F33/><W10/><G116/><T105/><D129/><N who="3" m="49769" /><G37/><T107/><D127/><U35/><E35/><V91/><F125/><W8/><G0/><T115/><D115/><U36/><E66/><V46/><F72/><N who="3" m="43367" /><G19/><T104/><D133/><N who="1" m="51275" /><E94/><V11/><F117/><W16/><G16/><T25/><N who="0" m="27136" /><DORA hai="7" /><T34/><D77/><N who="1" m="44471" /><E41/><V5/><F76/><W120/><G120/><T43/><REACH who="0" step="1"/><D57/><REACH who="0" ten="122,239,426,203" step="2"/><N who="1" m="37039" /><E113/><V134/><F108/><W121/><G121/><T26/><D26/><U68/><E68/><V30/><F70/><W56/><G56/><T32/><AGARI ba="1,1" hai="20,25,31,32,34,43,44,51,92,99,101" m="27136" machi="32" ten="60,4000,0" yaku="1,1,0,1,53,0" doraHai="64,7" doraHaiUra="53,12" who="0" fromWho="0" sc="122,53,239,-11,426,-21,203,-11" /><INIT seed="7,0,0,5,1,71" ten="175,228,405,192" oya="3" hai0="0,9,101,82,67,24,92,13,77,38,62,127,15" hai1="129,104,83,40,48,42,132,32,107,119,11,33,20" hai2="46,64,55,16,43,131,69,76,41,84,91,118,89" hai3="94,18,61,111,86,95,98,66,23,1,128,58,39"/><W34/><G34/><T88/><D0/><U93/><E11/><V14/><F131/><W121/><G121/><T6/><D127/><U122/><E122/><V26/><F26/><W74/><G74/><T81/><D38/><U72/><E20/><V3/><F3/><W60/><G128/><T28/><D101/><U49/><E129/><V57/><F69/><W4/><G39/><T68/><D15/><U29/><E93/><V35/><F35/><W87/><G111/><T133/><D133/><U45/><E132/><V135/><F64/><W100/><G95/><T110/><D110/><U27/><E33/><V102/><F102/><W117/><G117/><T105/><D105/><U22/><E22/><V47/><F118/><W7/><G61/><T56/><D68/><U44/><E119/><V50/><F76/><AGARI ba="0,0" hai="27,29,32,40,42,44,45,48,49,72,76,83,104,107" machi="76" ten="40,1300,0" yaku="9,1" doraHai="71" who="1" fromWho="2" sc="175,0,228,13,405,-13,192,0" owari="175,-32.0,241,4.0,392,49.0,192,-21.0" /></mjloggm>