<mjloggm ver="2.3"><GO type="169" lobby="0"/><UN n0="%73%61%69%72%61%73%75" n1="%E3%83%88%E3%83%88%E3%83%AA%E5%85%88%E7%94%9F%31%39%E6%AD%B3" n2="%73%66%73%66" n3="%70%6F%77%74%65%72" dan="17,19,16,16" rate="2142.61,2267.09,2133.33,2025.55" sx="M,F,M,M"/><TAIKYOKU oya="0"/><INIT seed="0,0,0,1,2,68" ten="250,250,250,250" oya="0" hai0="43,114,94,4,20,101,23,65,79,24,129,52,56" hai1="17,102,128,39,47,28,38,104,1,75,105,8,106" hai2="32,63,109,14,98,67,58,82,15,26,87,27,83" hai3="99,19,42,91,46,110,12,134,29,108,30,116,49"/><T7/><D129/><U33/><E17/><V78/><F109/><N who="3" m="42091" /><G134/><T51/><D114/><U3/><E128/><V126/><F126/><W13/><G116/><T25/><D79/><U70/><E47/><V57/><F98/><W5/><G5/><N who="0" m="2123" /><D43/><U45/><E8/><V31/><F27/><N who="0" m="10314" /><D65/><U73/><E45/><V71/><F71/><W81/><G13/><T122/><D122/><U2/><E28/><V40/><F40/><W62/><G62/><T135/><D135/><U131/><E131/><V64/><F64/><W11/><G99/><AGARI ba="0,0" hai="20,23,51,52,56,94,99,101" m="10314,2123" machi="99" ten="30,2900,0" yaku="8,1,54,1" doraHai="68" who="0" fromWho="3" sc="250,29,250,0,250,0,250,-29" /><INIT seed="0,1,0,0,0,82" ten="279,250,250,221" oya="0" hai0="15,103,7,54,0,99,4,132,9,128,26,14,59" hai1="42,13,112,83,133,108,37,71,57,32,35,88,95" hai2="134,87,27,73,80,127,62,90,105,70,124,5,45" hai3="120,125,96,11,43,55,39,114,19,33,24,53,49"/><T119/><D132/><U21/><E71/><V31/><F134/><W92/><G114/><T44/><D128/><U74/><E133/><V85/><F105/><W130/><G130/><T63/><D119/><U36/><E112/><V101/><F101/><W84/><G125/><N who="2" m="48201" /><F5/><W110/><G110/><T16/><D44/><U23/><E108/><V61/><F73/><W129/><G129/><T51/><D51/><U10/><E57/><V68/><F45/><W22/><G39/><T135/><D135/><U111/><E111/><V113/><F113/><W41/><G120/><T89/><D89/><U2/><E2/><V76/><F68/><W81/><G11/><T123/><D123/><U1/><E1/><V100/><F100/><N who="3" m="60423" /><G33/><T86/><D86/><N who="2" m="32778" /><F90/><N who="3" m="51471" /><G55/><T18/><D4/><U115/><E74/><N who="2" m="43031" /><F70/><W104/><G104/><T30/><D103/><U117/><E83/><V28/><F28/><W3/><G3/><T56/><D99/><N who="1" m="57831" /><E115/><V48/><F48/><W121/><G121/><T6/><D0/><U109/><E109/><V52/><F52/><W25/><G53/><T66/><D56/><U116/><E117/><V72/><F72/><W91/><G91/><T77/><D54/><U58/><E58/><V20/><AGARI ba="1,0" hai="20,27,31,61,62" m="43031,32778,48201" machi="20" ten="30,7900,0" yaku="18,1,52,3" doraHai="82" who="2" fromWho="2" sc="279,-40,250,-21,250,82,221,-21" /><INIT seed="1,0,0,4,5,72" ten="239,229,332,200" oya="1" hai0="120,65,22,61,17,108,46,128,114,30,31,47,40" hai1="94,82,26,3,62,1,6,32,16,125,122,106,13" hai2="76,48,134,10,56,85,8,11,117,103,109,50,2" hai3="9,44,135,115,57,100,93,29,4,55,49,133,104"/><U101/><E122/><V131/><F117/><W77/><G115/><T71/><D114/><U116/><E116/><V23/><F2/><W111/><G111/><T24/><D108/><U79/><E106/><V54/><F109/><W18/><G29/><T99/><D128/><U28/><E125/><V124/><F124/><W36/><G18/><T95/><D120/><U78/><E82/><N who="2" m="47303" /><F131/><W126/><G126/><T45/><REACH who="0" step="1"/><D40/><REACH who="0" ten="229,229,332,200" step="2"/><U12/><E1/><V83/><F134/><W67/><G135/><T21/><D21/><N who="1" m="11407" /><E12/><V86/><F23/><W14/><G133/><T112/><D112/><U52/><E101/><AGARI ba="0,1" hai="17,22,24,30,31,45,46,47,61,65,71,95,99,101" machi="101" ten="40,1300,0" yaku="1,1,53,0" doraHai="72" doraHaiUra="5" who="0" fromWho="1" sc="229,23,229,-13,332,0,200,0" /><INIT seed="2,0,0,1,2,89" ten="252,216,332,200" oya="2" hai0="66,43,115,92,30,119,75,45,100,49,132,93,64" hai1="55,36,69,118,5,113,14,38,16,12,125,94,106" hai2="81,96,4,13,117,60,102,19,9,47,67,17,98" hai3="110,57,26,68,120,90,74,23,135,6,0,79,48"/><V123/><F117/><W91/><G68/><T121/><D115/><U18/><E118/><V20/><F123/><W71/><G120/><T126/><D121/><U114/><E106/><V33/><F33/><W29/><G71/><T52/><D119/><U88/><E69/><V37/><F81/><W65/><G110/><T44/><D75/><U124/><E5/><V46/><F37/><W34/><G135/><T15/><D126/><N who="1" m="48747" /><E55/><V70/><F19/><N who="1" m="7209" /><E38/><V2/><REACH who="2" step="1"/><F98/><REACH who="2" ten="252,216,322,200" step="2"/><W41/><G34/><T85/><D132/><U7/><E36/><V86/><F86/><W76/><G74/><T59/><D30/><U78/><E78/><V84/><F84/><W8/><G76/><T61/><D45/><U58/><E7/><V107/><AGARI ba="0,1" hai="2,4,9,13,17,20,46,47,60,67,70,96,102,107" machi="107" ten="20,12000,1" yaku="1,1,0,1,7,1,53,2" doraHai="89" doraHaiUra="42" who="2" fromWho="2" sc="252,-40,216,-40,322,130,200,-40" /><INIT seed="2,1,0,2,2,5" ten="212,176,452,160" oya="2" hai0="59,69,128,6,43,103,30,68,49,64,121,106,32" hai1="44,13,102,94,25,42,1,125,54,130,113,36,132" hai2="55,127,123,23,48,37,92,45,107,104,135,11,26" hai3="65,62,50,105,80,74,97,66,21,114,134,109,100"/><V117/><F117/><W33/><G109/><T18/><D121/><U53/><E113/><V70/><F123/><W86/><G33/><T41/><D18/><U15/><E1/><V20/><F70/><W57/><G114/><T22/><D22/><U122/><E122/><V63/><F37/><W89/><G134/><T73/><D73/><U75/><E75/><V58/><F135/><W19/><G50/><T93/><D93/><U14/><E132/><V40/><F127/><W108/><G108/><T99/><D128/><U2/><E130/><V9/><F107/><W16/><G74/><T27/><D6/><U10/><E125/><V76/><F104/><W110/><G110/><T52/><D69/><U88/><E102/><V56/><F76/><W28/><REACH who="3" step="1"/><G66/><REACH who="3" ten="212,176,452,150" step="2"/><T90/><D90/><U79/><E79/><V29/><F23/><W87/><G87/><T111/><D111/><U38/><E38/><V116/><F116/><W120/><G120/><T81/><D81/><U34/><E34/><V101/><F58/><W124/><G124/><T77/><D77/><U83/><E83/><V0/><F0/><W51/><G51/><T7/><D64/><U118/><E118/><V35/><F35/><W17/><G17/><T39/><D68/><U84/><E2/><V61/><F61/><W8/><G8/><T47/><REACH who="0" step="1"/><D7/><REACH who="0" ten="202,176,452,150" step="2"/><U67/><E67/><N who="2" m="39399" /><F40/><AGARI ba="1,2" hai="27,30,32,39,40,41,43,47,49,52,59,99,103,106" machi="40" ten="40,2600,0" yaku="1,1,54,1,53,0" doraHai="5" doraHaiUra="126" who="0" fromWho="2" sc="202,49,176,0,452,-29,150,0" /><INIT seed="3,0,0,4,5,12" ten="251,176,423,150" oya="3" hai0="69,127,94,38,109,74,35,97,34,82,120,128,135" hai1="26,55,125,19,93,89,0,50,112,17,59,71,119" hai2="105,124,98,126,57,107,110,31,49,46,70,101,92" hai3="72,28,15,87,54,48,132,11,3,67,7,79,76"/><W77/><G132/><T36/><RYUUKYOKU type="yao9" ba="0,0" sc="251,0,176,0,423,0,150,0" hai0="34,35,36,38,69,74,82,94,97,109,120,127,128,135" /><INIT seed="3,1,0,4,0,125" ten="251,176,423,150" oya="3" hai0="47,128,133,115,95,38,31,20,63,36,97,67,19" hai1="29,65,89,18,45,5,9,60,7,76,79,111,33" hai2="130,108,120,62,87,42,98,48,117,40,103,30,68" hai3="0,134,26,35,96,27,93,16,105,106,99,22,28"/><W51/><G134/><T64/><D133/><U41/><E111/><V17/><F108/><W10/><G51/><T85/><D64/><U58/><E7/><V91/><F117/><W1/><G99/><T25/><D128/><U3/><E18/><V39/><F39/><W114/><G114/><T124/><D124/><U82/><E29/><V4/><F4/><W116/><G116/><T123/><D123/><U56/><E33/><V77/><F77/><W24/><G24/><T92/><D115/><U32/><E32/><V118/><F130/><W131/><G131/><T110/><D110/><U94/><E58/><V132/><F30/><W104/><REACH who="3" step="1"/><G10/><REACH who="3" ten="251,176,423,140" step="2"/><T127/><D127/><U78/><E41/><N who="2" m="15979" /><F48/><W59/><G59/><T57/><D47/><U122/><E45/><V101/><F132/><W46/><G46/><T2/><D38/><U14/><E122/><V80/><F120/><W135/><G135/><T66/><D36/><U44/><E44/><V6/><F98/><W112/><G112/><T55/><D97/><U50/><E50/><V13/><F118/><W49/><G49/><T126/><D126/><U109/><E109/><V90/><F68/><W121/><G121/><T69/><D69/><U52/><E56/><V15/><F62/><W71/><G71/><T113/><D67/><U88/><E65/><V11/><F103/><AGARI ba="1,1" hai="0,1,16,22,26,27,28,35,93,96,103,104,105,106" machi="103" ten="40,3900,0" yaku="1,1,54,1,53,0" doraHai="125" doraHaiUra="53" who="3" fromWho="2" sc="251,0,176,0,423,-42,140,52" /><INIT seed="3,2,0,4,5,106" ten="251,176,381,192" oya="3" hai0="118,18,93,51,40,112,113,28,121,47,63,114,26" hai1="116,123,14,23,73,8,126,6,62,119,89,83,10" hai2="25,57,98,48,127,16,109,19,74,128,81,124,129" hai3="110,135,32,122,120,50,61,20,66,45,22,35,36"/><W42/><G135/><T2/><D121/><U60/><E123/><V101/><F109/><W64/><G110/><T31/><D118/><N who="1" m="45099" /><E23/><N who="2" m="13543" /><F19/><W69/><G122/><T80/><D2/><N who="1" m="87" /><E126/><N who="2" m="48171" /><F57/><W54/><G120/><T13/><D93/><U107/><E107/><N who="2" m="63927" /><F48/><W88/><G32/><T94/><D94/><U65/><E65/><V11/><F11/><W9/><G9/><N who="0" m="6447" /><D63/><U21/><E21/><V96/><F96/><W56/><G35/><T52/><D26/><U55/><E62/><V4/><F4/><W34/><G34/><T77/><D40/><U99/><E99/><V131/><F81/><W39/><G39/><T15/><D15/><U3/><E60/><V12/><F12/><W76/><G66/><T78/><D78/><N who="1" m="44495" /><E55/><V115/><F115/><W27/><G27/><T102/><D102/><U92/><E3/><V108/><F108/><W105/><G105/><T17/><D17/><U87/><E14/><V100/><F100/><W133/><G133/><T79/><D79/><U7/><E10/><V95/><F95/><W97/><G76/><T33/><D33/><U44/><E7/><V59/><F59/><W125/><G125/><T85/><AGARI ba="2,0" hai="28,31,47,51,52,77,80,85,112,113,114" m="6447" machi="85" ten="30,2000,0" yaku="11,1,54,1" doraHai="106" who="0" fromWho="0" sc="251,26,176,-7,381,-7,192,-12" /><INIT seed="4,0,0,5,1,17" ten="277,169,374,180" oya="0" hai0="99,5,127,57,14,30,34,47,36,24,124,87,16" hai1="118,11,33,130,4,46,76,128,49,88,39,44,125" hai2="67,107,78,96,52,97,116,117,9,12,80,3,42" hai3="28,122,6,120,121,1,94,71,103,68,105,106,79"/><T135/><D135/><U85/><E118/><N who="2" m="45675" /><F3/><W21/><G79/><T31/><D99/><U58/><E33/><V22/><F67/><W38/><G38/><T61/><D30/><U53/><E76/><V62/><F42/><W114/><G114/><T8/><D87/><U82/><E125/><V101/><F97/><N who="3" m="59831" /><G6/><T112/><D47/><U131/><REACH who="1" step="1"/><E39/><REACH who="1" ten="277,159,374,180" step="2"/><V50/><F78/><W81/><G122/><T134/><D36/><U95/><E95/><V35/><F35/><W86/><G105/><T98/><D134/><U66/><E66/><V72/><F80/><W63/><G106/><T110/><D110/><U27/><E27/><V10/><F72/><W77/><G121/><T18/><D112/><U26/><E26/><V100/><F101/><W104/><G104/><T45/><D127/><U37/><E37/><V29/><F100/><W32/><G32/><T23/><D124/><U111/><E111/><V41/><F107/><W40/><G120/><T54/><D34/><U19/><E19/><N who="2" m="10599" /><F29/><W109/><G109/><T51/><D98/><U74/><E74/><V13/><F96/><W129/><G28/><T113/><D113/><U73/><E73/><V43/><F10/><W64/><G64/><AGARI ba="0,1" hai="5,8,14,16,18,23,24,31,45,51,54,57,61,64" machi="64" ten="30,11600,0" yaku="7,1,8,1,52,1,54,1" doraHai="17" who="0" fromWho="3" sc="277,126,159,0,374,0,180,-116" /><INIT seed="4,1,0,2,3,37" ten="403,159,374,64" oya="0" hai0="86,111,75,2,64,56,109,89,117,11,97,91,84" hai1="21,127,6,66,16,103,38,118,45,26,102,130,71" hai2="104,22,72,48,58,125,115,20,128,114,79,110,33" hai3="65,4,129,50,17,120,67,124,108,123,59,135,39"/><T77/><D2/><U7/><E118/><V19/><F104/><W57/><G4/><T68/><D11/><U119/><E119/><V85/><F33/><W42/><G17/><T46/><D68/><U27/><E130/><V87/><F128/><W8/><G8/><T62/><D117/><U30/><E127/><V98/><F125/><W51/><G124/><T106/><D75/><U78/><E78/><V90/><F98/><W88/><G129/><T105/><D77/><U34/><E103/><V12/><F72/><W95/><G108/><N who="0" m="41547" /><D97/><U73/><E73/><V40/><F110/><W54/><G88/><N who="0" m="33867" /><D46/><U132/><E132/><V47/><F79/><W96/><G135/><T9/><D9/><U10/><E102/><V93/><F87/><AGARI ba="1,0" hai="56,62,64,84,86,87,105,106" m="33867,41547" machi="87" ten="30,2900,0" yaku="10,1,54,1" doraHai="37" who="0" fromWho="2" sc="403,32,159,0,374,-32,64,0" /><INIT seed="4,2,0,2,0,113" ten="435,159,342,64" oya="0" hai0="65,89,102,79,74,21,60,0,48,95,87,22,78" hai1="15,127,125,6,62,112,7,49,40,76,45,68,114" hai2="104,75,24,80,47,19,56,82,44,117,37,120,101" hai3="64,28,59,83,25,124,133,119,91,57,134,4,121"/><T20/><D0/><U42/><E76/><V32/><F120/><W71/><G121/><T106/><D48/><U73/><E73/><V16/><F56/><W12/><G124/><N who="1" m="47690" /><E15/><V1/><F1/><W31/><G71/><T11/><D11/><U105/><E105/><V94/><F104/><W118/><G4/><T97/><REACH who="0" step="1"/><D74/><REACH who="0" ten="425,159,342,64" step="2"/><U72/><E72/><V86/><F75/><W3/><G3/><T100/><D100/><U46/><E7/><V111/><F101/><W52/><G134/><T93/><D93/><U58/><E6/><V51/><F94/><W2/><G2/><T96/><D96/><U9/><E9/><V128/><F51/><W54/><G133/><T69/><AGARI ba="2,1" hai="20,21,22,60,65,69,78,79,87,89,95,97,102,106" machi="69" ten="30,6000,0" yaku="1,1,0,1,53,1" doraHai="113" doraHaiUra="81" who="0" fromWho="0" sc="425,76,159,-22,342,-22,64,-22" /><INIT seed="4,3,0,0,2,73" ten="501,137,320,42" oya="0" hai0="12,17,27,121,38,44,30,114,104,88,61,113,132" hai1="67,74,66,80,32,122,115,20,57,52,48,96,34" hai2="3,23,28,5,26,119,0,126,107,55,111,18,40" hai3="117,22,51,59,130,81,13,79,2,71,135,133,31"/><T63/><D104/><U110/><E110/><V35/><F107/><W95/><G117/><T89/><D121/><U58/><E122/><V4/><F40/><W33/><G2/><N who="2" m="553" /><F55/><N who="3" m="32255" /><G71/><T1/><D1/><U108/><E108/><V64/><F64/><W9/><G130/><T109/><D132/><N who="3" m="50761" /><G95/><T93/><D44/><U21/><E115/><N who="0" m="44041" /><D38/><U128/><E128/><V24/><F111/><W87/><G33/><N who="0" m="20703" /><D109/><U94/><E34/><V72/><F72/><W60/><G60/><N who="0" m="23115" /><D93/><U47/><E32/><V42/><F119/><W127/><G127/><T116/><D116/><U39/><E66/><V124/><F42/><W19/><G31/><T53/><D53/><U120/><E120/><V98/><F126/><W129/><G129/><T92/><D92/><U25/><E67/><V123/><F124/><W91/><G22/><T82/><D82/><U49/><E20/><AGARI ba="3,0" hai="12,17,20,88,89" m="23115,20703,44041" machi="20" ten="30,2900,0" yaku="15,1,54,1" doraHai="73" who="0" fromWho="1" sc="501,38,137,-38,320,0,42,0" /><INIT seed="4,4,0,4,4,52" ten="539,99,320,42" oya="0" hai0="61,13,125,123,111,63,87,113,104,37,15,27,88" hai1="135,62,67,48,46,106,122,45,110,126,60,33,124" hai2="50,119,17,11,81,66,32,7,30,94,40,133,4" hai3="102,118,41,39,47,127,115,76,28,23,89,93,80"/><T99/><D123/><U44/><E33/><V21/><F119/><W57/><G118/><T98/><D37/><U68/><E106/><V12/><F66/><W78/><G115/><T83/><D113/><U51/><E122/><V117/><F117/><W36/><G127/><N who="1" m="48682" /><E110/><V96/><F133/><W3/><G3/><T10/><D125/><U42/><E135/><V2/><F81/><W65/><G39/><T73/><D111/><U0/><E0/><V6/><F50/><N who="1" m="18985" /><E62/><N who="0" m="23561" /><D73/><U132/><E132/><V116/><F40/><AGARI ba="4,0" hai="40,42,44,45,46,60,67,68" m="18985,48682" machi="40" ten="40,5200,0" yaku="18,1,34,2" doraHai="52" who="1" fromWho="2" sc="539,0,99,64,320,-64,42,0" /><INIT seed="5,0,0,5,0,110" ten="539,163,256,42" oya="1" hai0="96,26,111,91,13,83,37,102,56,35,14,76,29" hai1="115,89,84,135,132,71,60,23,123,2,108,73,101" hai2="36,10,50,22,5,19,1,4,46,88,127,122,125" hai3="57,67,105,33,90,133,54,68,107,24,28,58,27"/><U65/><E123/><V41/><F122/><W53/><G133/><N who="1" m="51274" /><E73/><V18/><F5/><W119/><G119/><T80/><D37/><U74/><E74/><V12/><F36/><W6/><G6/><T25/><D111/><U85/><E108/><V0/><F0/><W92/><G68/><T87/><D26/><U104/><E2/><V51/><F51/><W124/><G124/><T45/><D45/><U61/><E115/><V126/><F19/><W75/><G75/><T59/><D59/><U39/><E39/><V113/><REACH who="2" step="1"/><F88/><REACH who="2" ten="539,163,246,42" step="2"/><W77/><G77/><T100/><D91/><U99/><E89/><V15/><F15/><W38/><G38/><T49/><D83/><U117/><E117/><V9/><F9/><W44/><G90/><T134/><D134/><U128/><E128/><V112/><AGARI ba="0,1" hai="1,4,10,12,18,22,41,46,50,112,113,125,126,127" machi="112" ten="40,12000,2" yaku="1,1,0,1,18,1,52,2,53,1" doraHai="110" doraHaiUra="16" who="2" fromWho="2" sc="539,-30,163,-60,246,130,42,-30" /><INIT seed="6,0,0,2,0,91" ten="509,103,376,12" oya="2" hai0="120,34,25,4,106,102,101,110,94,51,16,99,41" hai1="121,107,70,126,89,18,74,128,15,26,17,81,60" hai2="23,6,31,78,80,125,40,118,127,37,85,97,66" hai3="64,114,48,95,44,45,105,73,58,112,49,113,29"/><V28/><F118/><W132/><G105/><T63/><D110/><U83/><E107/><V135/><F135/><W52/><G73/><T21/><D120/><U1/><E1/><V24/><F6/><W32/><G132/><T43/><D34/><U98/><E128/><V20/><F66/><W92/><G32/><T124/><D124/><N who="2" m="47690" /><F40/><N who="3" m="24583" /><G29/><N who="2" m="11337" /><F37/><W0/><G0/><T14/><D63/><AGARI ba="0,0" hai="45,49,52,58,63,64,92,95,112,113,114" m="24583" machi="63" ten="30,8000,1" yaku="15,1,11,1,52,2,54,1" doraHai="91" who="3" fromWho="0" sc="509,-80,103,0,376,0,12,80" /><INIT seed="7,0,0,0,1,4" ten="429,103,376,92" oya="3" hai0="10,66,16,24,121,104,19,56,1,76,85,93,101" hai1="92,6,34,26,37,131,129,8,11,41,17,40,29" hai2="7,27,35,67,42,58,107,91,119,60,13,69,9" hai3="87,21,98,33,55,103,108,71,123,48,79,132,78"/><W80/><G123/><T45/><D104/><U28/><E92/><V86/><F107/><W70/><G33/><T68/><D68/><U30/><E37/><V22/><F35/><W63/><G132/><T47/><D1/><N who="1" m="79" /><E41/><V43/><F69/><W134/><G134/><T20/><D76/><U38/><E40/><V94/><REACH who="2" step="1"/><F119/><REACH who="2" ten="429,103,366,92" step="2"/><W44/><G108/><T3/><D3/><U117/><E117/><V77/><F77/><W84/><G63/><N who="0" m="38247" /><D121/><U133/><E133/><V106/><F106/><W73/><G73/><T2/><D2/><U57/><E34/><V46/><F46/><W23/><G71/><T127/><D127/><U114/><E129/><V54/><F54/><W122/><G122/><T36/><D36/><U49/><E38/><V120/><F120/><W130/><G70/><T59/><D59/><U65/><E131/><V64/><F64/><W113/><G130/><T12/><D101/><U72/><E72/><V135/><F135/><W18/><G113/><T61/><D61/><U110/><E114/><V83/><F83/><N who="3" m="47223" /><G18/><AGARI ba="0,1" hai="7,9,13,18,22,27,42,43,58,60,67,86,91,94" machi="18" ten="30,8000,1" yaku="1,1,7,1,8,1,52,1,53,1" doraHai="4" doraHaiUra="89" who="2" fromWho="3" sc="429,0,103,0,366,90,92,-80" owari="429,23.0,103,-30.0,456,56.0,12,-49.0" /></mjloggm>