<mjloggm ver="2.3"><GO type="169" lobby="0"/><UN n0="%E5%A4%A9%E7%A5%9E%E4%B9%83%E9%9B%80" n1="%66%61%62%65%72%67%65" n2="%6D%69%74%73%75%36%31%31" n3="%E3%82%A6%E3%83%AB%E3%83%88%E3%83%A9%E7%AB%8B%E7%9B%B4" dan="16,16,17,17" rate="2074.90,2142.70,2150.81,2151.70" sx="M,M,M,M"/><TAIKYOKU oya="0"/><INIT seed="0,0,0,5,2,25" ten="250,250,250,250" oya="0" hai0="92,73,49,103,22,93,96,16,135,48,65,56,52" hai1="12,82,133,27,2,51,85,42,79,38,60,70,75" hai2="33,134,128,77,53,129,111,120,81,112,69,61,55" hai3="106,83,44,34,29,45,26,20,62,66,10,102,8"/><T107/><D73/><U63/><E2/><V18/><F33/><W23/><G83/><T97/><D135/><U32/><E133/><V99/><F120/><W88/><G23/><T37/><D37/><U31/><E38/><V125/><F134/><W7/><G20/><T67/><D49/><U108/><E108/><V1/><F1/><W130/><G88/><N who="0" m="55303" /><D107/><U9/><E70/><V105/><F111/><W94/><G94/><T28/><D28/><U98/><E98/><V57/><F112/><W14/><G130/><N who="2" m="50281" /><F69/><W121/><G121/><T116/><D116/><U15/><E75/><N who="2" m="43199" /><F125/><W54/><G54/><T127/><D127/><U3/><E3/><V13/><F99/><W30/><G30/><T11/><D11/><U118/><E118/><V17/><F105/><W24/><G102/><T36/><D36/><U113/><E113/><V74/><F74/><W110/><G106/><T71/><D71/><U84/><E84/><V39/><F39/><W131/><G110/><T76/><D76/><U87/><E85/><V86/><F86/><W95/><G131/><T40/><D40/><U6/><REACH who="1" step="1"/><E15/><AGARI ba="0,0" hai="15,16,22,48,52,56,65,67,93,97,103" m="55303" machi="15" ten="30,11600,0" yaku="8,1,54,3" doraHai="25" who="0" fromWho="1" sc="250,116,250,-116,250,0,250,0" /><INIT seed="0,1,0,1,2,89" ten="366,134,250,250" oya="0" hai0="119,132,74,71,101,34,72,54,108,7,31,3,111" hai1="85,84,78,112,66,77,98,118,131,113,109,87,114" hai2="11,16,92,125,69,86,83,134,53,37,80,12,2" hai3="13,59,79,76,29,110,27,9,39,129,30,99,49"/><T103/><D71/><U135/><E66/><V121/><F121/><W133/><G39/><T68/><D68/><U4/><E4/><V1/><F37/><W96/><G110/><N who="0" m="42027" /><D119/><U44/><E44/><V104/><F104/><W22/><G129/><T24/><D132/><U122/><E109/><V25/><F69/><W73/><G133/><T65/><D65/><U67/><E67/><V97/><F134/><W93/><G30/><T130/><D130/><U18/><E18/><V63/><F125/><W48/><G96/><T26/><D26/><U102/><E135/><V55/><F25/><W127/><G127/><T41/><D41/><U0/><E0/><V61/><F1/><W70/><G70/><T45/><D7/><U14/><E14/><V40/><F40/><W36/><G36/><T94/><D3/><U17/><E17/><V117/><F2/><W88/><G73/><N who="0" m="28267" /><D94/><N who="1" m="58711" /><E131/><V8/><F8/><W116/><G116/><T90/><D90/><U38/><E38/><V5/><F5/><W106/><G9/><T95/><D95/><U128/><E128/><V42/><F42/><W50/><G13/><T52/><D45/><U28/><E28/><V20/><F11/><W19/><G29/><T21/><D34/><U32/><E32/><V6/><F6/><W91/><G106/><T43/><D43/><U100/><E118/><V120/><F120/><W51/><G91/><T33/><D33/><U124/><E122/><V126/><F117/><W62/><N who="3" m="12288" /><DORA hai="81" /><W10/><G10/><T105/><D105/><U35/><E35/><V15/><F126/><W115/><G88/><RYUUKYOKU ba="1,0" sc="366,30,134,-10,250,-10,250,-10" hai0="21,24,31,52,54,101,103" /><INIT seed="0,2,0,1,2,20" ten="396,124,240,240" oya="0" hai0="94,45,53,121,90,11,62,91,78,104,3,96,79" hai1="42,127,114,69,9,35,80,41,111,59,128,110,73" hai2="38,33,98,5,13,29,12,65,130,63,115,66,34" hai3="120,122,39,133,54,76,83,117,15,1,2,70,28"/><T51/><D121/><U47/><E69/><V124/><F38/><W81/><G70/><T57/><D104/><U97/><E128/><V129/><F115/><W68/><G68/><T25/><D3/><U132/><E127/><V109/><F98/><W27/><G39/><T77/><D11/><U6/><E114/><V135/><F124/><W19/><G117/><T95/><D25/><U85/><E132/><V101/><F101/><W107/><G107/><T21/><D21/><U112/><E112/><V30/><F63/><W46/><G133/><T58/><REACH who="0" step="1"/><D62/><REACH who="0" ten="386,124,240,240" step="2"/><U60/><E9/><V106/><F106/><W44/><G1/><T52/><D52/><U100/><E60/><V75/><F135/><W84/><G2/><T56/><D56/><U103/><E59/><V67/><F5/><W125/><G54/><T99/><AGARI ba="2,1" hai="45,51,53,57,58,77,78,79,90,91,94,95,96,99" machi="99" ten="30,12000,1" yaku="1,1,0,1,9,1,8,1,53,1" doraHai="20" doraHaiUra="49" who="0" fromWho="0" sc="386,136,124,-42,240,-42,240,-42" /><INIT seed="0,3,0,0,1,30" ten="522,82,198,198" oya="0" hai0="65,93,10,88,78,120,95,82,8,56,28,59,55" hai1="123,13,74,69,47,75,125,2,87,20,16,36,52" hai2="90,117,4,6,27,14,17,24,97,89,39,124,118" hai3="103,83,114,96,108,115,79,32,21,49,11,128,111"/><T22/><D120/><U58/><E69/><V106/><F39/><W53/><G21/><T31/><D65/><U34/><E123/><V54/><F106/><W104/><G11/><T76/><D22/><U61/><E2/><V64/><F64/><W92/><G32/><T122/><D122/><U81/><E125/><V126/><F54/><W94/><G49/><T72/><D59/><U131/><E131/><V73/><F97/><W3/><G53/><T23/><D78/><U46/><E34/><V68/><F73/><W19/><G19/><T86/><D95/><N who="3" m="36393" /><G3/><T67/><D67/><U105/><E105/><V121/><F68/><W57/><G57/><T40/><D40/><U12/><E12/><V102/><F102/><W5/><G5/><N who="2" m="2153" /><F90/><W63/><G63/><T60/><REACH who="0" step="1"/><D23/><REACH who="0" ten="512,82,198,198" step="2"/><U129/><E129/><V66/><F66/><W70/><G128/><T71/><D71/><U33/><E33/><V43/><F43/><W29/><G70/><T112/><D112/><U107/><E107/><V85/><F121/><W113/><G29/><AGARI ba="3,1" hai="8,10,28,29,31,55,56,60,72,76,82,86,88,93" machi="29" ten="40,7700,0" yaku="1,1,54,1,53,1" doraHai="30" doraHaiUra="48" who="0" fromWho="3" sc="512,96,82,0,198,0,198,-86" /><INIT seed="0,4,0,2,3,53" ten="608,82,198,112" oya="0" hai0="99,112,128,55,52,41,114,71,6,102,7,56,73" hai1="47,61,0,104,8,113,44,124,34,38,129,80,135" hai2="11,57,123,9,51,70,101,16,26,60,81,10,76" hai3="42,43,78,90,28,1,121,39,89,131,98,108,84"/><T126/><D73/><U40/><E104/><V117/><F123/><W63/><G1/><T45/><D71/><U30/><E129/><V67/><F117/><W120/><G131/><T115/><D128/><U88/><E135/><V50/><F101/><W21/><G108/><T122/><D122/><U118/><E118/><V12/><F26/><W86/><G39/><T96/><D126/><U92/><E124/><V107/><F107/><W125/><G125/><T91/><D91/><U31/><E34/><V132/><F132/><W4/><G4/><T36/><D55/><U18/><E113/><V59/><F70/><W127/><G127/><T116/><D116/><U110/><E110/><V33/><F33/><W105/><G105/><T97/><REACH who="0" step="1"/><D102/><REACH who="0" ten="598,82,198,112" step="2"/><U49/><E88/><V103/><F103/><W133/><G90/><T69/><D69/><U77/><E77/><V72/><F72/><W20/><G89/><T46/><D46/><U66/><E47/><V75/><F57/><W54/><G78/><T79/><D79/><U65/><E44/><V19/><F75/><W100/><G100/><T93/><D93/><U13/><E92/><V58/><F81/><W32/><G121/><T109/><D109/><U87/><E80/><V25/><F76/><W14/><G120/><T5/><D5/><U24/><E87/><V85/><F85/><W27/><G86/><T68/><D68/><U64/><E64/><V74/><F74/><W17/><G84/><T130/><D130/><U119/><E66/><V95/><F95/><W106/><G133/><T29/><D29/><N who="1" m="10763" /><E119/><V22/><F58/><RYUUKYOKU ba="4,1" sc="598,15,82,-15,198,15,112,-15" hai0="6,7,36,41,45,52,56,96,97,99,112,114,115" hai2="9,10,11,12,16,19,22,25,50,51,59,60,67" /><INIT seed="0,5,1,4,1,129" ten="613,67,213,97" oya="0" hai0="8,118,80,131,112,1,74,18,19,7,90,132,45" hai1="46,50,84,13,123,14,88,4,121,9,41,104,72" hai2="126,42,22,20,29,82,66,36,91,55,109,16,92" hai3="96,53,61,6,17,59,52,86,134,28,49,5,107"/><T51/><D118/><U60/><E72/><V38/><F66/><W111/><G28/><T94/><D131/><U69/><E104/><V76/><F126/><W99/><G111/><T115/><D132/><U62/><E14/><V81/><F109/><W116/><G134/><T54/><D115/><U105/><E105/><V127/><F127/><W34/><G34/><T63/><D112/><U95/><REACH who="1" step="1"/><E69/><REACH who="1" ten="613,57,213,97" step="2"/><V85/><F29/><W73/><G73/><T58/><D74/><U56/><E56/><V0/><F0/><W70/><G70/><T37/><D37/><U24/><E24/><V11/><F38/><W31/><G31/><T21/><D21/><U33/><E33/><V75/><F36/><W78/><G107/><T110/><D110/><U135/><E135/><V27/><F11/><W2/><G2/><T43/><REACH who="0" step="1"/><D80/><REACH who="0" ten="603,57,213,97" step="2"/><U26/><E26/><V77/><F22/><W108/><G108/><T67/><D67/><U57/><E57/><V101/><F82/><N who="3" m="47447" /><G116/><T125/><D125/><U100/><E100/><V32/><F101/><W35/><G35/><T113/><D113/><U128/><E128/><V64/><F32/><W117/><G117/><T114/><D114/><U87/><E87/><AGARI ba="5,3" hai="1,7,8,18,19,43,45,51,54,58,63,87,90,94" machi="87" ten="30,11600,0" yaku="1,1,7,1,53,2" doraHai="129" doraHaiUra="15" who="0" fromWho="1" sc="603,161,57,-131,213,0,97,0" owari="764,86.0,-74,-57.0,213,1.0,97,-30.0" /></mjloggm>