<mjloggm ver="2.3"><GO type="169" lobby="0"/><UN n0="%72%69%65%73" n1="%E5%B0%B1%E6%B4%BB%E7%94%9F%40%E5%B7%9D%E6%9D%91%E8%BB%8D%E5%9B%A3" n2="%E3%81%BF%E3%81%8B%E3%82%93%EF%BC%A0%E3%82%8F%E3%81%8B%E3%82%81%E3%81%A6" n3="%E6%9B%BF%E7%8E%89%E5%9B%BA%E9%BA%BA" dan="16,18,17,16" rate="2056.20,2247.82,2271.72,2118.48" sx="M,M,M,M"/><TAIKYOKU oya="0"/><INIT seed="0,0,0,0,1,27" ten="250,250,250,250" oya="0" hai0="17,104,125,1,89,60,67,91,132,100,133,30,59" hai1="121,110,40,42,48,129,65,66,126,70,39,83,28" hai2="14,52,118,119,74,109,33,135,99,69,9,115,47" hai3="81,102,108,112,38,96,120,35,105,124,18,6,5"/><T131/><D131/><U106/><E106/><V11/><F115/><W87/><G112/><T78/><D1/><U2/><E2/><V61/><F74/><W127/><G38/><T71/><D125/><N who="3" m="48201" /><G35/><T12/><D78/><U123/><E83/><V49/><F109/><W62/><G108/><T86/><D71/><U55/><E126/><V64/><F135/><N who="0" m="51786" /><D30/><U13/><E28/><V21/><F33/><W73/><G73/><T85/><D85/><U122/><E110/><V0/><F99/><W75/><G75/><T116/><D116/><N who="2" m="44586" /><F0/><W20/><G62/><T36/><D36/><U19/><E129/><V98/><F98/><W53/><G53/><T43/><D43/><U22/><E39/><V94/><F94/><W51/><G51/><T56/><D56/><U3/><E3/><V31/><F14/><N who="3" m="9303" /><G120/><T57/><D57/><U46/><E70/><V90/><F90/><AGARI ba="0,0" hai="5,6,81,87,90,96,102,105" m="9303,48201" machi="90" ten="30,1000,0" yaku="18,1" doraHai="27" who="3" fromWho="2" sc="250,0,250,0,250,-10,250,10" /><INIT seed="1,0,0,2,3,21" ten="250,250,240,260" oya="1" hai0="30,131,93,3,58,64,66,62,36,18,44,117,26" hai1="99,121,95,97,4,103,42,101,50,94,10,78,88" hai2="105,61,107,33,56,92,59,84,46,68,12,81,24" hai3="35,90,104,75,53,87,85,72,106,89,69,100,102"/><U76/><E121/><V15/><F68/><W110/><G53/><T57/><D117/><U27/><E101/><N who="3" m="39018" /><G69/><T73/><D73/><N who="3" m="28233" /><G35/><T5/><D131/><U129/><E129/><V55/><F92/><N who="3" m="54319" /><G110/><T77/><D18/><U52/><E42/><V133/><F46/><W17/><G17/><T118/><D118/><U23/><E10/><V0/><F0/><W39/><G39/><T98/><D5/><U14/><E14/><V134/><F59/><W123/><G123/><T29/><D29/><N who="1" m="17663" /><E4/><V108/><F108/><W65/><G65/><T49/><D64/><U7/><E7/><V82/><F15/><W122/><G122/><T70/><D66/><U109/><E109/><V120/><F120/><W1/><G1/><T8/><D8/><U31/><E31/><N who="2" m="19687" /><F12/><W45/><G45/><AGARI ba="0,0" hai="45,50,52,76,78,88,94,95,97,99,103" m="17663" machi="45" ten="30,11600,0" yaku="8,1,52,1,54,2" doraHai="21" who="1" fromWho="3" sc="250,0,250,116,240,0,260,-116" /><INIT seed="1,1,0,0,3,13" ten="250,366,240,144" oya="1" hai0="77,31,19,71,118,24,85,47,87,56,111,129,21" hai1="43,44,126,74,92,27,54,113,55,94,132,25,78" hai2="66,1,125,91,7,28,106,133,58,17,63,124,34" hai3="15,59,8,104,89,36,48,50,20,6,33,72,81"/><U131/><E113/><V109/><F106/><W57/><G33/><T121/><D71/><U49/><E131/><V18/><F109/><W102/><G36/><T39/><D111/><U52/><E126/><N who="2" m="48747" /><F133/><W26/><G104/><T76/><D118/><U117/><E117/><V9/><F34/><W51/><G102/><T114/><D114/><U61/><E132/><V119/><F119/><W45/><G45/><T0/><D129/><U107/><E107/><V30/><F91/><W116/><G116/><T46/><D121/><U35/><E61/><V93/><F93/><W23/><G23/><T127/><D0/><U122/><E122/><V10/><F10/><W41/><G41/><T64/><D127/><U103/><E35/><V120/><F120/><W60/><G60/><T80/><D31/><AGARI ba="1,0" hai="1,7,9,17,18,28,30,31,58,63,66" m="48747" machi="31" ten="30,3900,0" yaku="18,1,52,2" doraHai="13" who="2" fromWho="0" sc="250,-42,366,0,240,42,144,0" /><INIT seed="2,0,0,4,1,107" ten="208,366,282,144" oya="2" hai0="70,6,120,71,61,43,104,69,17,63,77,117,130" hai1="89,122,24,109,83,93,0,91,41,99,110,20,28" hai2="128,53,62,42,33,2,44,8,15,48,97,51,68" hai3="129,23,21,85,65,14,96,135,36,26,103,58,46"/><V12/><F33/><W72/><G129/><T56/><D120/><U76/><E0/><V9/><F128/><W10/><G135/><T111/><D130/><U38/><E122/><V52/><F97/><W27/><G85/><T119/><D111/><N who="1" m="42507" /><E41/><V123/><F123/><W75/><G23/><T80/><D104/><U90/><E38/><V106/><F106/><W105/><G36/><T32/><D32/><U11/><E11/><V108/><F108/><W49/><G58/><T79/><D79/><U118/><E118/><N who="0" m="45065" /><D6/><U5/><E5/><V127/><F127/><W78/><G65/><N who="0" m="41135" /><D17/><U25/><E25/><V45/><F2/><W73/><G78/><T18/><D18/><U30/><E30/><V59/><REACH who="2" step="1"/><F68/><REACH who="2" ten="208,366,272,144" step="2"/><W67/><G67/><T54/><D70/><U34/><E34/><V94/><F94/><W60/><G21/><T50/><D71/><U115/><E115/><V134/><F134/><W74/><N who="3" m="18432" /><DORA hai="1" /><W4/><REACH who="3" step="1"/><G60/><REACH who="3" ten="208,366,272,134" step="2"/><T126/><D63/><U81/><E81/><V3/><F3/><W102/><G102/><T31/><D80/><U124/><E124/><V66/><F66/><W82/><G82/><T19/><D126/><U100/><E83/><V125/><F125/><W131/><G131/><T116/><D116/><U101/><E76/><V22/><F22/><W112/><G112/><T64/><D64/><U95/><E100/><V29/><F29/><W55/><AGARI ba="0,2" hai="4,10,14,26,27,46,49,55,96,103,105" m="18432" machi="55" ten="60,12000,2" yaku="1,1,0,1,52,5,53,0" doraHai="107,1" doraHaiUra="132,84" who="3" fromWho="3" sc="208,-30,366,-30,272,-60,134,140" /><INIT seed="3,0,0,4,3,69" ten="178,336,212,274" oya="3" hai0="124,27,122,90,67,101,64,45,130,2,10,17,99" hai1="33,58,129,54,18,102,82,103,60,77,59,23,104" hai2="6,40,32,36,86,113,29,95,91,28,117,97,108" hai3="116,112,25,115,128,43,42,0,9,81,31,37,123"/><W100/><G116/><T44/><D122/><U13/><E33/><V72/><F117/><W134/><G123/><T20/><D124/><U5/><E104/><V109/><F113/><W73/><G100/><T88/><D130/><U96/><E96/><V52/><F72/><W24/><G134/><T63/><D2/><U125/><E125/><V78/><F6/><N who="3" m="1223" /><G43/><T87/><D10/><U110/><E110/><N who="2" m="42603" /><F32/><N who="3" m="20583" /><G25/><T56/><D67/><U106/><E106/><V75/><F75/><W16/><G16/><T62/><D62/><U68/><E5/><V83/><F52/><W3/><G3/><T57/><D57/><U51/><E68/><V8/><F8/><W89/><G89/><T49/><D87/><N who="1" m="48591" /><E129/><V79/><F79/><N who="3" m="44271" /><G128/><T53/><REACH who="0" step="1"/><D44/><AGARI ba="0,0" hai="28,29,36,40,44,78,83,86,91,95,97" m="42603" machi="44" ten="30,2000,0" yaku="14,1,52,1" doraHai="69" who="2" fromWho="0" sc="178,-20,336,0,212,20,274,0" /><AGARI ba="0,0" hai="37,42,44,112,115" m="44271,20583,1223" machi="44" ten="30,5800,0" yaku="25,1,23,1,52,1" doraHai="69" who="3" fromWho="0" sc="158,-58,336,0,232,0,274,58" /><INIT seed="3,1,0,3,5,30" ten="100,336,232,332" oya="3" hai0="103,87,52,89,3,0,97,106,14,13,32,40,124" hai1="84,102,95,101,57,134,39,64,109,91,18,115,86" hai2="98,127,50,131,94,118,130,8,78,133,114,73,41" hai3="93,74,12,55,38,105,58,81,104,76,7,83,24"/><W128/><G38/><T117/><D117/><U28/><E39/><V112/><F41/><W54/><G128/><N who="2" m="49193" /><F50/><W51/><G24/><T5/><D124/><U42/><E28/><V126/><F8/><W17/><G7/><T65/><D65/><U121/><E42/><V21/><F21/><W27/><G27/><T129/><D129/><U122/><E18/><V63/><F63/><W69/><G69/><T100/><D100/><N who="1" m="38507" /><E57/><V68/><F68/><W11/><G93/><T47/><D32/><U132/><E115/><N who="2" m="44075" /><F118/><W26/><G26/><T4/><D4/><U45/><E109/><V16/><F16/><W2/><G81/><T107/><D40/><U77/><E45/><V85/><F133/><N who="1" m="51305" /><E64/><V125/><F73/><W23/><G54/><T90/><D5/><U123/><E77/><V29/><F29/><W80/><G2/><T36/><D3/><U46/><E46/><V116/><F116/><W96/><G11/><T6/><D0/><U33/><E33/><V70/><F70/><W88/><G104/><T92/><D36/><U31/><E31/><V37/><F37/><W111/><G105/><T110/><D106/><U79/><E79/><V34/><F34/><W43/><G43/><T9/><D107/><U67/><E67/><V66/><F66/><W99/><G111/><T71/><D110/><U1/><E1/><V72/><F78/><W44/><G44/><T59/><D71/><U119/><E119/><V120/><F120/><W60/><G60/><T10/><D47/><U22/><E22/><V82/><F126/><W108/><G108/><T20/><D20/><RYUUKYOKU ba="1,0" sc="100,-15,336,15,232,-15,332,15" hai1="84,86,91,95,121,122,123" hai3="12,17,23,51,55,58,74,76,80,83,88,96,99" /><INIT seed="3,2,0,5,1,29" ten="85,351,217,347" oya="3" hai0="79,36,44,11,6,51,72,47,17,67,33,85,31" hai1="116,1,95,88,62,125,80,40,105,121,20,98,76" hai2="8,106,73,66,104,123,83,63,133,68,19,99,89" hai3="103,119,21,54,132,58,23,69,3,27,127,2,14"/><W86/><G119/><T108/><D108/><U120/><E1/><V60/><F133/><W16/><G69/><T71/><D17/><U92/><E40/><V78/><F123/><W130/><G132/><T112/><D112/><U46/><E46/><V13/><REACH who="2" step="1"/><F63/><REACH who="2" ten="85,351,207,347" step="2"/><W129/><G127/><T114/><D114/><U113/><E62/><V109/><F109/><W126/><G126/><T35/><D67/><U101/><E113/><V90/><F90/><W111/><G111/><T10/><D71/><U107/><E125/><V118/><F118/><W0/><G103/><T91/><D91/><U81/><E116/><V134/><F134/><W48/><REACH who="3" step="1"/><G86/><REACH who="3" ten="85,351,207,337" step="2"/><T56/><D85/><U32/><E101/><V124/><F124/><W5/><G5/><T45/><D6/><U41/><E120/><V55/><F55/><W110/><G110/><T115/><D36/><U128/><E121/><V50/><F50/><W82/><G82/><T65/><D51/><U77/><E81/><V37/><F37/><W64/><G64/><T84/><D65/><U49/><E80/><V75/><F75/><W7/><G7/><T39/><D84/><U70/><E49/><V122/><F122/><W28/><AGARI ba="2,2" hai="0,2,3,14,16,21,23,27,28,48,54,58,129,130" machi="28" ten="40,12000,1" yaku="1,1,0,1,54,1,53,1" doraHai="29" doraHaiUra="22" who="3" fromWho="3" sc="85,-42,351,-42,207,-42,337,146" /><INIT seed="3,3,0,2,1,45" ten="43,309,165,483" oya="3" hai0="64,26,88,128,4,84,122,96,108,125,97,53,72" hai1="58,77,57,76,131,66,129,18,2,19,55,50,71" hai2="75,133,89,40,107,103,59,6,36,54,94,114,83" hai3="12,132,51,109,44,69,116,63,117,85,49,101,95"/><W124/><G132/><T9/><D122/><U111/><E111/><V99/><F114/><W34/><G34/><T39/><D108/><U43/><E43/><V121/><F133/><W61/><G109/><T86/><D72/><U112/><E2/><V48/><F121/><W120/><G120/><T62/><D39/><U87/><E71/><V65/><F65/><W130/><G130/><N who="1" m="49674" /><E112/><V17/><F6/><W38/><G38/><T135/><D128/><U81/><E76/><V102/><F36/><W80/><G124/><T110/><D110/><U115/><E115/><V46/><F102/><W3/><G3/><T1/><D135/><U70/><E70/><V0/><F0/><W11/><G69/><T134/><D134/><U15/><E15/><V42/><F46/><W47/><G116/><T68/><D125/><U74/><E74/><V27/><F27/><W91/><G117/><T90/><D26/><U31/><E31/><V14/><F75/><W73/><G73/><T52/><D96/><U41/><E41/><V105/><F83/><W10/><G95/><T119/><D97/><U29/><E29/><V123/><F123/><W32/><G101/><T78/><D78/><U13/><E13/><V23/><REACH who="2" step="1"/><F107/><REACH who="2" ten="43,309,155,483" step="2"/><W79/><G79/><T98/><D119/><U16/><E66/><V22/><F22/><W118/><G32/><T35/><D35/><U30/><E30/><V33/><F33/><W60/><G118/><T25/><D25/><U100/><E100/><V92/><F92/><W104/><G104/><T126/><D126/><U127/><E127/><V82/><F82/><RYUUKYOKU ba="3,1" sc="43,-15,309,15,155,15,483,-15" hai1="16,18,19,50,55,57,58,77,81,87" hai2="14,17,23,40,42,48,54,59,89,94,99,103,105" /><INIT seed="4,4,1,4,2,119" ten="28,324,170,468" oya="0" hai0="5,0,129,48,104,121,89,95,71,81,106,42,86" hai1="97,7,117,135,78,33,130,108,17,62,98,77,74" hai2="118,110,84,45,6,26,101,35,37,107,52,79,50" hai3="32,31,20,61,112,51,102,63,93,120,28,40,134"/><T46/><D71/><U60/><E108/><V66/><F110/><W3/><G3/><T96/><D129/><U24/><E117/><V25/><F118/><W114/><G32/><T54/><D121/><U90/><E130/><V14/><F37/><W13/><G134/><T87/><D87/><U109/><E74/><V15/><F66/><W99/><G120/><T111/><D111/><U9/><E135/><V133/><F133/><W72/><G72/><T56/><D5/><U132/><E132/><V76/><F107/><W29/><G40/><T73/><D73/><U65/><E60/><V88/><F101/><W92/><G51/><T49/><REACH who="0" step="1"/><D0/><REACH who="0" ten="18,324,170,468" step="2"/><U36/><E7/><V21/><F6/><W23/><G114/><T126/><D126/><U85/><E85/><V131/><F131/><W18/><G112/><T128/><D128/><U57/><E109/><V47/><F84/><W27/><REACH who="3" step="1"/><G93/><REACH who="3" ten="18,324,170,458" step="2"/><T67/><D67/><U70/><E65/><V64/><F64/><W2/><G2/><T116/><D116/><U38/><E77/><AGARI ba="4,3" hai="42,46,48,49,54,56,77,81,86,89,95,96,104,106" machi="77" ten="30,5800,0" yaku="1,1,7,1,53,1" doraHai="119" doraHaiUra="55" who="0" fromWho="1" sc="18,100,324,-70,170,0,458,0" /><INIT seed="4,5,0,2,2,117" ten="118,254,170,458" oya="0" hai0="61,78,113,4,86,102,73,135,3,57,28,89,108" hai1="30,11,23,65,80,72,93,39,37,95,63,83,14" hai2="98,22,90,46,40,71,31,27,134,62,15,7,116" hai3="97,36,53,132,54,103,50,56,122,96,2,106,47"/><T118/><D118/><U124/><E124/><V130/><F116/><W16/><G2/><T48/><D113/><U84/><E72/><V110/><F110/><W105/><G132/><T10/><D135/><U74/><E74/><V127/><F134/><W85/><G122/><T77/><D108/><U29/><E39/><V12/><F127/><W6/><G6/><T41/><D73/><U13/><E37/><V112/><F112/><W82/><G36/><T33/><D102/><U107/><E107/><V76/><F76/><W70/><G70/><T8/><D8/><U99/><E93/><V79/><F79/><W126/><G126/><T21/><D33/><U104/><E104/><V114/><F114/><W125/><G125/><T128/><D128/><U51/><E51/><N who="2" m="27079" /><F130/><W20/><G103/><T100/><D100/><N who="1" m="60543" /><E23/><N who="2" m="15871" /><F71/><W64/><G64/><T60/><D60/><U32/><E32/><V1/><F62/><N who="3" m="36119" /><G105/><T119/><D119/><U101/><E101/><V75/><F75/><W87/><G87/><T66/><D41/><U67/><E14/><V123/><F123/><W19/><G19/><T49/><D77/><N who="1" m="46095" /><E83/><V91/><F98/><W120/><G106/><T43/><D78/><U88/><E88/><N who="2" m="33835" /><F22/><W121/><G121/><T109/><D43/><U24/><E63/><V129/><F129/><W68/><G120/><T5/><D5/><U58/><E65/><V18/><F18/><W42/><G20/><T44/><D44/><U69/><E69/><V131/><F131/><W38/><G68/><T115/><D115/><U26/><E67/><V0/><F0/><W94/><G38/><RYUUKYOKU ba="5,0" sc="118,-10,254,-10,170,30,458,-10" hai2="1,7,12,15" /><INIT seed="5,6,0,5,3,55" ten="108,244,200,448" oya="1" hai0="119,85,105,47,72,26,96,76,109,36,114,33,51" hai1="81,100,78,108,110,16,111,18,15,66,103,42,45" hai2="133,89,118,19,93,112,11,121,0,126,48,77,90" hai3="43,24,6,29,37,60,40,9,13,91,4,31,79"/><U56/><E66/><V17/><F121/><W75/><G6/><T124/><D109/><U58/><E100/><V102/><F118/><W83/><G37/><T94/><D119/><U132/><E103/><V49/><F126/><W63/><G91/><T3/><D3/><U57/><E132/><V30/><F133/><W69/><G31/><T88/><D124/><U127/><E127/><V92/><F30/><W117/><G117/><T27/><D36/><N who="1" m="21703" /><E15/><N who="2" m="7423" /><F0/><W35/><G63/><T52/><D33/><U116/><E116/><V87/><F112/><W12/><G12/><T7/><D7/><U115/><E115/><V70/><F70/><W68/><G68/><T125/><D125/><U38/><E38/><V44/><F77/><W73/><G73/><AGARI ba="6,0" hai="16,18,56,57,58,73,78,81,108,110,111" m="21703" machi="73" ten="40,12000,1" yaku="10,1,52,3,54,1" doraHai="55" who="1" fromWho="3" sc="108,0,244,138,200,0,448,-138" /><INIT seed="5,7,0,3,5,63" ten="108,382,200,310" oya="1" hai0="13,76,132,55,116,128,101,79,65,56,82,118,113" hai1="129,39,34,4,24,86,15,26,45,0,68,126,44" hai2="131,106,49,23,67,2,5,75,70,115,20,91,38" hai3="14,99,98,122,71,83,41,19,89,17,11,25,96"/><U33/><E68/><V88/><F131/><W57/><G71/><T72/><D128/><U80/><E39/><V8/><F38/><W36/><G122/><T133/><D113/><U30/><E0/><V87/><F115/><W40/><G36/><T114/><D114/><U28/><E129/><V102/><F75/><W125/><G125/><T29/><D79/><U60/><E126/><V117/><F117/><W58/><G83/><T103/><D29/><U54/><E60/><V22/><F49/><W12/><G25/><T121/><D121/><U42/><E54/><V92/><F91/><W97/><G89/><T66/><D116/><U7/><E15/><V93/><F106/><W32/><G32/><T105/><D118/><U35/><E42/><N who="3" m="16490" /><G99/><N who="0" m="61631" /><D13/><U127/><E127/><V120/><F120/><W111/><G111/><T107/><D103/><U84/><E34/><V61/><REACH who="2" step="1"/><F102/><REACH who="2" ten="108,382,190,310" step="2"/><W81/><G11/><T112/><D107/><U6/><E80/><AGARI ba="7,1" hai="2,5,8,20,22,23,61,67,70,80,87,88,92,93" machi="80" ten="40,8000,1" yaku="1,1,2,1,52,1,54,1,53,0" doraHai="63" doraHaiUra="37" who="2" fromWho="1" sc="108,0,382,-101,190,111,310,0" /><INIT seed="6,0,0,3,1,56" ten="108,281,301,310" oya="2" hai0="83,12,128,117,86,110,30,133,14,88,8,69,108" hai1="10,99,74,53,98,72,11,103,92,113,112,119,47" hai2="31,16,13,101,65,62,18,22,73,21,95,105,124" hai3="38,120,27,90,43,71,116,0,26,63,59,36,32"/><V114/><F114/><N who="1" m="44137" /><E119/><V33/><F73/><N who="1" m="28265" /><E98/><N who="2" m="59615" /><F105/><W46/><G71/><T57/><D69/><U45/><E53/><V25/><F124/><W94/><G38/><T107/><D117/><U115/><N who="1" m="44145" /><U106/><DORA hai="122" /><E106/><V61/><F33/><W58/><G120/><T52/><D128/><U75/><N who="1" m="28273" /><U87/><DORA hai="66" /><E87/><V134/><F134/><W4/><G32/><T111/><D133/><U78/><E78/><V102/><F102/><W104/><G104/><T39/><D107/><U96/><E96/><V9/><F65/><W40/><G40/><T135/><D135/><U84/><E84/><V100/><F100/><W15/><G116/><T82/><D39/><U93/><E93/><V127/><F127/><W126/><G126/><T97/><D97/><U37/><E37/><V24/><AGARI ba="0,0" hai="9,13,16,18,21,22,24,25,31,61,62" m="59615" machi="24" ten="30,11700,0" yaku="8,1,52,2,54,1" doraHai="56,122,66" who="2" fromWho="2" sc="108,-39,281,-39,301,117,310,-39" /><INIT seed="6,1,0,3,3,128" ten="69,242,418,271" oya="2" hai0="39,77,81,102,63,42,93,6,84,118,11,35,91" hai1="57,78,85,51,36,34,65,9,44,2,45,103,19" hai2="56,43,32,14,116,75,83,66,70,12,69,131,58" hai3="30,23,130,115,17,129,86,40,117,89,4,28,96"/><V21/><F116/><W31/><G117/><T3/><D118/><U71/><E34/><V121/><F121/><W80/><G4/><T134/><D35/><U1/><E71/><V120/><F120/><W46/><G96/><T76/><D134/><U92/><E36/><V29/><F32/><W104/><G104/><T107/><D76/><U60/><E2/><V106/><F106/><W88/><G89/><T122/><D122/><U68/><E68/><V47/><F131/><W133/><G115/><T37/><D63/><U87/><E78/><V54/><F69/><W72/><G72/><T26/><D26/><U105/><E105/><V7/><F70/><W132/><G130/><T109/><D109/><U125/><E45/><V113/><F113/><W33/><G33/><T52/><D52/><N who="1" m="29799" /><E1/><V0/><F0/><W73/><G73/><T8/><D8/><U53/><E53/><V22/><F54/><W127/><G127/><T41/><D41/><U20/><E9/><V64/><F64/><W27/><REACH who="3" step="1"/><G129/><REACH who="3" ten="69,242,418,261" step="2"/><T18/><D18/><U126/><E126/><V101/><F75/><W100/><G100/><T61/><D61/><U74/><E74/><V15/><F101/><W82/><G82/><T98/><REACH who="0" step="1"/><D42/><REACH who="0" ten="59,242,418,261" step="2"/><U124/><E124/><V38/><F43/><W16/><G16/><T123/><D123/><U99/><E125/><V114/><F114/><W5/><G5/><T59/><D59/><U13/><AGARI ba="1,2" hai="13,19,20,57,60,65,85,87,92,99,103" m="29799" machi="13" ten="30,2000,0" yaku="8,1,54,1" doraHai="128" who="1" fromWho="1" sc="59,-6,242,43,418,-11,261,-6" /><INIT seed="7,0,0,1,1,70" ten="53,285,407,255" oya="3" hai0="39,73,84,101,83,61,105,8,74,22,26,108,89" hai1="97,28,104,3,41,18,113,56,86,116,129,126,23" hai2="118,135,75,123,49,115,9,117,66,42,60,35,106" hai3="24,14,44,17,112,57,69,46,134,43,76,72,63"/><W114/><G69/><T38/><D108/><U48/><E3/><V99/><F75/><W13/><G134/><T90/><D90/><U125/><E113/><N who="3" m="43626" /><G46/><T120/><D120/><U68/><E68/><V67/><F135/><W132/><G132/><T31/><D73/><U110/><E110/><V37/><F42/><W29/><G17/><T107/><D107/><U124/><E129/><V4/><F4/><W33/><G76/><T36/><D61/><U12/><E28/><V130/><F130/><W91/><G91/><T102/><D105/><U65/><E86/><V87/><F87/><W34/><G34/><T119/><D119/><U96/><E104/><V95/><F35/><W109/><G109/><T77/><REACH who="0" step="1"/><D8/><REACH who="0" ten="43,285,407,255" step="2"/><U7/><E116/><V121/><F9/><W15/><G72/><T128/><D128/><U88/><E88/><V21/><F117/><W45/><G43/><T71/><D71/><U51/><E41/><V127/><F118/><W30/><G30/><T85/><D85/><U0/><E97/><V98/><F98/><W40/><G40/><T122/><D122/><U50/><E96/><V59/><F99/><W94/><G94/><AGARI ba="0,1" hai="22,26,31,36,38,39,74,77,83,84,89,94,101,102" machi="94" ten="40,8000,1" yaku="1,1,52,3,53,0" doraHai="70" doraHaiUra="131" who="0" fromWho="3" sc="43,90,285,0,407,0,255,-80" owari="133,-37.0,285,9.0,407,50.0,175,-22.0" /></mjloggm>