<mjloggm ver="2.3"><GO type="169" lobby="0"/><UN n0="%E7%A7%81%E3%81%AF%E3%81%8C%E3%81%A1%E3%81%BB%E3%82%82" n1="%6D%75%6B%69%74%74%69" n2="%63%72%69%74%74%65%72" n3="%E5%B0%B1%E6%B4%BB%E7%94%9F%40%E5%B7%9D%E6%9D%91%E8%BB%8D%E5%9B%A3" dan="18,17,16,17" rate="2259.77,2190.36,2053.51,2239.46" sx="M,M,M,M"/><TAIKYOKU oya="0"/><INIT seed="0,0,0,3,0,57" ten="250,250,250,250" oya="0" hai0="5,35,21,121,29,60,46,119,103,135,86,69,63" hai1="116,107,36,67,108,124,9,99,6,122,120,115,13" hai2="4,0,74,109,33,78,61,2,123,85,84,1,70" hai3="17,87,49,64,16,31,58,7,65,27,68,93,28"/><T23/><D121/><U48/><E36/><V110/><F123/><W92/><G68/><T24/><D119/><U90/><E116/><V97/><F33/><W94/><G87/><T118/><D118/><U134/><E108/><N who="2" m="41579" /><F4/><W105/><G105/><T43/><D69/><U19/><E124/><V50/><F50/><W79/><G79/><T101/><D35/><U77/><E134/><V117/><F117/><W38/><G38/><T82/><D135/><U91/><E115/><V73/><F97/><W25/><G49/><N who="0" m="26847" /><D21/><U72/><E67/><N who="3" m="25674" /><G58/><T8/><D8/><U10/><E48/><V18/><F70/><W96/><G96/><T20/><D20/><U133/><E133/><V15/><F78/><W130/><G7/><T111/><D5/><U81/><E91/><V12/><F18/><N who="3" m="7275" /><G130/><T76/><D111/><U44/><E44/><V30/><F84/><W102/><G102/><AGARI ba="0,0" hai="23,24,29,60,63,76,82,86,101,102,103" m="26847" machi="102" ten="30,5800,0" yaku="8,1,52,2" doraHai="57" who="0" fromWho="3" sc="250,58,250,0,250,0,250,-58" /><INIT seed="0,1,0,0,5,125" ten="308,250,250,192" oya="0" hai0="84,34,56,20,39,120,130,60,24,82,42,53,126" hai1="119,22,43,57,90,97,96,37,46,80,74,77,132" hai2="33,105,99,63,129,101,51,78,1,28,86,68,107" hai3="26,13,38,41,31,18,11,111,23,81,59,71,47"/><T17/><D120/><U93/><E119/><V94/><F1/><W4/><G111/><T49/><D126/><U8/><E132/><V3/><F3/><W0/><G71/><T92/><D34/><U122/><E122/><V115/><F115/><W16/><G59/><T127/><D127/><U79/><E79/><V12/><F129/><W76/><REACH who="3" step="1"/><G13/><REACH who="3" ten="308,250,250,182" step="2"/><T117/><D117/><U88/><E57/><V85/><F12/><W44/><G44/><T45/><D130/><U109/><E109/><V108/><F68/><W123/><G123/><T110/><D110/><U95/><E8/><V133/><F108/><W135/><G135/><T5/><D5/><U32/><E32/><V70/><F33/><W2/><G2/><T83/><D39/><U128/><E128/><V114/><F70/><W87/><AGARI ba="1,1" hai="0,4,11,16,18,23,26,31,38,41,47,76,81,87" machi="87" ten="20,8000,1" yaku="1,1,0,1,7,1,54,1,53,1" doraHai="125" doraHaiUra="25" who="3" fromWho="3" sc="308,-41,250,-21,250,-21,182,93" /><INIT seed="1,0,0,4,4,105" ten="267,229,229,275" oya="1" hai0="43,129,18,40,37,128,61,131,45,80,47,14,81" hai1="123,104,5,30,122,57,1,133,55,127,25,34,32" hai2="71,126,16,93,72,44,76,64,120,11,10,38,130" hai3="87,49,9,119,27,31,96,91,36,35,20,108,6"/><U65/><E104/><V102/><F120/><W63/><G36/><T97/><D97/><U124/><E65/><V26/><F126/><N who="1" m="48169" /><E133/><V109/><F109/><W88/><G119/><T69/><D61/><N who="1" m="36031" /><E34/><V52/><F130/><W90/><G108/><T135/><D135/><U92/><E92/><V134/><F134/><W85/><G96/><T0/><D0/><U60/><E60/><V95/><F64/><W98/><G98/><T70/><D70/><U84/><E84/><V74/><F71/><W68/><G35/><T118/><D69/><U75/><E75/><V110/><F110/><W99/><G99/><T29/><D29/><U112/><E112/><V51/><F38/><W89/><N who="3" m="23040" /><DORA hai="77" /><W23/><G23/><N who="0" m="11735" /><D118/><U15/><E1/><V82/><F72/><W100/><G100/><T42/><D42/><U46/><E46/><V2/><F102/><W24/><G63/><T33/><D33/><U114/><E114/><V7/><REACH who="2" step="1"/><F11/><AGARI ba="0,0" hai="5,11,15,25,30,32,122,123" m="36031,48169" machi="11" ten="30,1500,0" yaku="18,1" doraHai="105,77" who="1" fromWho="2" sc="267,0,229,15,229,-15,275,0" /><INIT seed="1,1,0,2,1,61" ten="267,244,214,275" oya="1" hai0="42,86,70,104,65,132,67,119,44,62,55,89,73" hai1="121,135,48,98,33,24,6,38,20,18,82,30,107" hai2="97,92,4,103,127,124,81,26,85,99,80,34,74" hai3="88,69,108,22,114,123,77,45,93,5,87,133,9"/><U120/><E38/><V83/><F34/><W8/><G123/><T14/><D119/><U134/><E82/><N who="2" m="31851" /><F4/><W29/><G114/><T106/><D73/><U78/><E78/><V46/><F46/><W109/><G77/><T32/><D32/><U0/><E48/><V63/><F63/><W36/><G133/><N who="1" m="50698" /><E98/><N who="2" m="59847" /><F26/><N who="3" m="16599" /><G69/><T72/><D72/><U68/><E107/><V41/><F41/><N who="3" m="22695" /><G5/><T13/><D132/><U100/><E100/><V60/><F60/><W126/><G126/><N who="2" m="48169" /><F74/><W102/><G102/><T95/><D104/><U76/><E68/><V75/><F75/><W90/><G90/><AGARI ba="1,0" hai="83,85,90,97,99" m="48169,59847,31851" machi="90" ten="30,3900,0" yaku="18,1,34,2" doraHai="61" who="2" fromWho="3" sc="267,0,244,0,214,42,275,-42" /><INIT seed="2,0,0,3,5,128" ten="267,244,256,233" oya="2" hai0="96,50,73,47,34,3,100,9,114,72,63,94,64" hai1="55,11,116,78,20,75,27,29,26,123,74,85,71" hai2="76,48,32,60,18,117,93,38,0,45,115,91,130" hai3="41,124,31,37,135,24,127,81,129,16,69,1,53"/><V80/><F117/><W21/><G69/><T88/><D34/><U87/><E116/><V36/><F115/><W42/><G129/><T52/><D114/><U6/><E71/><V10/><F130/><W33/><G1/><T108/><D108/><U105/><E105/><V110/><F32/><W43/><G37/><T2/><D2/><U7/><E123/><V112/><F112/><W61/><G81/><T30/><D30/><U131/><E131/><V54/><F110/><W4/><G4/><T13/><D3/><U35/><E55/><V106/><F106/><W66/><G66/><T22/><D22/><U49/><E49/><V97/><F60/><W101/><G101/><T84/><D9/><U40/><E40/><V65/><F65/><W39/><G39/><T134/><D13/><U126/><E126/><N who="3" m="48170" /><G53/><T92/><REACH who="0" step="1"/><D134/><REACH who="0" ten="257,244,256,233" step="2"/><U103/><E11/><V46/><F0/><W118/><G118/><T122/><D122/><U79/><E20/><V70/><F10/><W90/><G61/><T86/><D86/><U25/><E29/><V5/><F97/><W51/><G135/><T59/><AGARI ba="0,1" hai="47,50,52,59,63,64,72,73,84,88,92,94,96,100" machi="59" ten="20,8000,1" yaku="1,1,0,1,7,1,54,2,53,0" doraHai="128" doraHaiUra="111" who="0" fromWho="0" sc="257,90,244,-20,256,-40,233,-20" /><INIT seed="3,0,0,5,2,103" ten="347,224,216,213" oya="3" hai0="26,2,59,15,99,49,123,47,87,128,110,127,95" hai1="101,115,104,58,132,4,19,32,31,40,13,64,107" hai2="0,42,119,33,44,83,129,70,24,57,39,43,125" hai3="8,131,3,105,6,120,98,46,122,111,96,116,121"/><W106/><G116/><T92/><D2/><U7/><E115/><V79/><F119/><W71/><G131/><T74/><D74/><U23/><E101/><V117/><F117/><W124/><G124/><T61/><D110/><U130/><E40/><V108/><F108/><W35/><G111/><T97/><D123/><U12/><E130/><V80/><F129/><W112/><G112/><T133/><D133/><U60/><E132/><V114/><F114/><W51/><G35/><T16/><D127/><U18/><E31/><V30/><F125/><W29/><G29/><T118/><D26/><U126/><E32/><V109/><F43/><W94/><G71/><T52/><D118/><U76/><E76/><V10/><F70/><W62/><G62/><T22/><D128/><U113/><E113/><V25/><F109/><W21/><G21/><T28/><D28/><U56/><E56/><V135/><F135/><W73/><G73/><T102/><D87/><U11/><REACH who="1" step="1"/><E126/><REACH who="1" ten="347,214,216,213" step="2"/><V86/><F57/><W65/><G65/><T82/><D82/><U134/><E134/><V88/><F33/><W66/><G66/><T63/><D59/><U48/><E48/><V84/><F30/><W36/><G36/><T55/><D55/><U68/><E68/><V34/><F34/><W93/><G51/><T17/><D17/><U67/><E67/><V37/><F37/><W50/><G50/><T1/><D1/><U20/><E20/><V75/><REACH who="2" step="1"/><F84/><REACH who="2" ten="347,214,206,213" step="2"/><W27/><G120/><T38/><D38/><U91/><E91/><AGARI ba="0,2" hai="15,16,22,47,49,52,61,63,91,92,95,97,99,102" machi="91" ten="30,7700,0" yaku="7,1,8,1,54,2" doraHai="103" who="0" fromWho="1" sc="347,97,214,-77,206,0,213,0" /><INIT seed="4,0,0,4,1,21" ten="444,137,206,213" oya="0" hai0="126,24,109,7,64,33,97,19,88,86,36,60,91" hai1="49,117,28,68,129,87,119,51,107,98,0,6,112" hai2="105,80,108,135,10,34,50,41,72,20,53,92,133" hai3="44,134,102,115,131,100,75,56,69,130,101,95,59"/><T22/><D36/><U73/><E73/><V46/><F108/><W63/><G75/><T120/><D120/><U54/><E68/><V11/><F105/><W26/><G115/><T113/><D7/><U99/><E112/><V104/><F104/><W110/><G110/><T78/><D113/><U38/><E38/><V94/><F34/><W48/><G134/><N who="2" m="51209" /><F20/><W81/><G81/><N who="0" m="47415" /><D33/><U70/><E70/><V40/><F72/><W16/><G95/><N who="2" m="36393" /><F80/><W67/><G130/><T1/><D1/><U89/><E129/><V114/><F114/><W106/><G106/><T15/><D109/><U84/><E28/><V125/><F125/><W103/><G131/><T3/><D3/><U13/><E0/><V30/><F30/><W23/><N who="3" m="26112" /><DORA hai="14" /><W61/><REACH who="3" step="1"/><G61/><REACH who="3" ten="444,137,206,203" step="2"/><T66/><D60/><U74/><E74/><V65/><F65/><N who="0" m="25194" /><D126/><U55/><E107/><V82/><F82/><W121/><G121/><T77/><D97/><U29/><E99/><V127/><F127/><W52/><AGARI ba="0,1" hai="16,23,26,44,48,52,56,59,63,67,69" m="26112" machi="52" ten="40,12000,2" yaku="1,1,0,1,52,2,54,2,53,0" doraHai="21,14" doraHaiUra="90,31" who="3" fromWho="3" sc="444,-60,137,-30,206,-30,203,130" /><INIT seed="5,0,0,4,1,96" ten="384,107,176,333" oya="1" hai0="80,115,43,71,63,129,105,109,113,39,91,73,100" hai1="107,121,11,52,74,30,97,93,81,116,53,56,34" hai2="26,31,6,14,128,27,120,15,2,7,125,77,47" hai3="119,114,41,79,35,131,124,36,59,85,32,10,90"/><U23/><E116/><V3/><F77/><W103/><G114/><T134/><D91/><N who="1" m="55487" /><E107/><V61/><F61/><W8/><G119/><T44/><D109/><U108/><E34/><N who="2" m="20855" /><F47/><W78/><G131/><T16/><D134/><U111/><E121/><V127/><F120/><W40/><G124/><N who="2" m="47689" /><F128/><W122/><G122/><T88/><D129/><U21/><E11/><N who="2" m="4607" /><F27/><W72/><G72/><T68/><D68/><U118/><E118/><V29/><F29/><W99/><G36/><T20/><D73/><U57/><E74/><V12/><F6/><W0/><G78/><T24/><D63/><N who="1" m="36231" /><E81/><V49/><F49/><W86/><G79/><T50/><D71/><U98/><E98/><V17/><F12/><W75/><G75/><T101/><D105/><U60/><E30/><V42/><F42/><W83/><G41/><T13/><D39/><U117/><E117/><V104/><F104/><W102/><G40/><T66/><D66/><U87/><E87/><V112/><F112/><N who="0" m="43082" /><D24/><U18/><E111/><V58/><F58/><W133/><G99/><T46/><D46/><U94/><E108/><V22/><AGARI ba="0,0" hai="2,3,14,17,22" m="4607,47689,20855" machi="22" ten="30,4000,0" yaku="18,1,34,2" doraHai="96" who="2" fromWho="2" sc="384,-10,107,-20,176,40,333,-10" /><INIT seed="6,0,0,3,1,100" ten="374,87,216,323" oya="2" hai0="33,103,40,95,16,131,29,77,125,87,121,88,4" hai1="104,55,7,118,70,126,85,75,90,67,108,12,41" hai2="113,83,68,25,80,32,11,127,119,123,115,45,101" hai3="128,122,26,15,50,44,23,20,14,61,76,66,28"/><V74/><F123/><W97/><G122/><T24/><D121/><U114/><E118/><V62/><F119/><W135/><G128/><T109/><D4/><U52/><E108/><V0/><F127/><W59/><G135/><T93/><D109/><U65/><E75/><V98/><F45/><W48/><G76/><T36/><D77/><U82/><E126/><V5/><F74/><W133/><G133/><T46/><D125/><U105/><E114/><N who="2" m="43531" /><F68/><W56/><G23/><T49/><D131/><U96/><E41/><V111/><F62/><W13/><G97/><T86/><D16/><U1/><E1/><V8/><F111/><W37/><G37/><T19/><D19/><U3/><E3/><V38/><F38/><W9/><G56/><T6/><D6/><U112/><E112/><V21/><F32/><W81/><G81/><T64/><D64/><U132/><E132/><V102/><F11/><W2/><G2/><T72/><D72/><U60/><E67/><V51/><F51/><N who="3" m="19499" /><G44/><T18/><D49/><U124/><E124/><V35/><F35/><W89/><G89/><T94/><D46/><U39/><E39/><V31/><F102/><W99/><G99/><T57/><D57/><U71/><E71/><V17/><F17/><AGARI ba="0,0" hai="9,13,14,15,17,20,26,28,59,61,66" m="19499" machi="17" ten="30,1000,0" yaku="8,1" doraHai="100" who="3" fromWho="2" sc="374,0,87,0,216,-10,323,10" /><INIT seed="7,0,0,3,4,123" ten="374,87,206,333" oya="3" hai0="93,72,18,17,3,47,57,5,133,83,40,67,98" hai1="15,50,58,134,10,22,103,115,8,121,130,88,44" hai2="90,81,105,45,120,80,132,37,94,2,108,68,95" hai3="36,82,124,9,51,104,110,32,86,1,14,63,89"/><W116/><G36/><N who="0" m="21895" /><D57/><U113/><E121/><V122/><F132/><W76/><G116/><T35/><D35/><U99/><E130/><V100/><F45/><W97/><G32/><T21/><D67/><U33/><E33/><V96/><F37/><W127/><G1/><T7/><D7/><U6/><E134/><V59/><F59/><W26/><G26/><T27/><D133/><U75/><E75/><V70/><F2/><W12/><G63/><T65/><D65/><U13/><E115/><V39/><F39/><W19/><G14/><T66/><D66/><U84/><E113/><V30/><F30/><W38/><G38/><T118/><D118/><U52/><E22/><V92/><F68/><W131/><G131/><T61/><D61/><U128/><E128/><V56/><F56/><W87/><G51/><T112/><D112/><U85/><E58/><V42/><F70/><W16/><G19/><N who="0" m="12735" /><D93/><U102/><E99/><V109/><F96/><W114/><G114/><T53/><D98/><U11/><E85/><V41/><F100/><W60/><G60/><T111/><D53/><U28/><E28/><V49/><F120/><W71/><G71/><T74/><D74/><U0/><E0/><V129/><F122/><W117/><G117/><T46/><D46/><U77/><E77/><V48/><F129/><W20/><G110/><T4/><D111/><N who="2" m="42570" /><F105/><W91/><G20/><T119/><D119/><U101/><REACH who="1" step="1"/><E6/><REACH who="1" ten="374,77,206,333" step="2"/><V135/><F135/><W106/><G97/><T126/><D5/><U34/><E34/><V55/><F90/><N who="3" m="34315" /><G87/><T31/><D3/><U24/><E24/><RYUUKYOKU ba="0,1" sc="374,-15,77,15,206,-15,333,15" hai1="8,10,11,13,15,44,50,52,84,88,101,102,103" hai3="9,12,16,76,82,86,104,106,124,127" /><INIT seed="7,1,1,5,4,112" ten="359,92,191,348" oya="3" hai0="96,47,15,125,72,43,74,118,107,130,34,21,1" hai1="25,119,50,30,84,54,32,122,10,95,8,117,57" hai2="66,102,135,61,39,49,6,86,131,11,113,116,40" hai3="68,94,29,41,69,62,127,93,99,63,104,46,92"/><W24/><G127/><T22/><D22/><U97/><E122/><V42/><F113/><W101/><G68/><T77/><D77/><U73/><E73/><V70/><F131/><W85/><G69/><T38/><D118/><N who="1" m="45067" /><E84/><V100/><F116/><W9/><G9/><T17/><D34/><U3/><E3/><V110/><F110/><W114/><G85/><T120/><D120/><U4/><E4/><V31/><F135/><W108/><G108/><T98/><D1/><U134/><E134/><V80/><F39/><W123/><G123/><T44/><D44/><U103/><AGARI ba="1,1" hai="8,10,25,30,32,50,54,57,95,97,103" m="45067" machi="103" ten="30,7900,0" yaku="12,1,52,3" doraHai="112" who="1" fromWho="1" sc="359,-21,92,92,191,-21,348,-40" owari="338,44.0,184,-22.0,170,-33.0,308,11.0" /></mjloggm>