<mjloggm ver="2.3"><GO type="169" lobby="0"/><UN n0="%43%2D%6D%69%6E%6F%72%E2%99%AA" n1="%68%69%6E%61%6A%69%6E%6E" n2="%74%61%74%73%75%37%30%32" n3="%E5%B0%B1%E6%B4%BB%E7%94%9F%40%E5%B7%9D%E6%9D%91%E8%BB%8D%E5%9B%A3" dan="17,16,16,17" rate="2151.39,2132.75,2208.05,2233.60" sx="M,M,M,M"/><TAIKYOKU oya="0"/><INIT seed="0,0,0,4,4,49" ten="250,250,250,250" oya="0" hai0="35,88,118,68,65,84,53,18,29,82,20,30,31" hai1="15,93,113,24,79,115,107,75,74,60,28,8,41" hai2="22,90,34,64,134,76,70,127,17,121,42,108,43" hai3="117,63,73,116,5,129,77,98,6,45,9,10,44"/><T37/><D118/><U91/><E107/><V4/><F121/><W122/><G122/><T106/><D37/><U78/><E41/><V96/><F34/><W69/><G98/><T101/><D35/><U125/><E125/><V56/><F70/><W21/><G73/><T109/><D109/><U3/><E3/><V97/><F108/><W135/><G77/><T23/><D68/><U48/><E75/><V114/><F114/><W128/><G69/><T55/><D65/><U123/><E123/><V46/><F76/><W92/><G92/><T54/><REACH who="0" step="1"/><D18/><REACH who="0" ten="240,250,250,250" step="2"/><U38/><E38/><V39/><F39/><W67/><G67/><T0/><D0/><U119/><E115/><V16/><F17/><W105/><G117/><T99/><AGARI ba="0,1" hai="20,23,29,30,31,53,54,55,82,84,88,99,101,106" machi="99" ten="40,18000,2" yaku="1,1,0,1,52,3,54,1,53,0" doraHai="49" doraHaiUra="89" who="0" fromWho="0" sc="240,190,250,-60,250,-60,250,-60" /><INIT seed="0,1,0,1,2,104" ten="430,190,190,190" oya="0" hai0="17,5,1,25,118,113,110,29,108,84,102,47,111" hai1="31,64,32,33,43,78,116,61,38,83,62,13,48" hai2="51,45,44,65,131,73,107,7,124,87,120,46,109" hai3="125,54,16,3,20,105,6,79,57,76,19,112,52"/><T122/><D113/><U114/><E116/><V4/><F73/><W69/><G69/><T35/><D118/><U24/><E13/><V55/><F120/><W92/><G112/><T132/><D122/><U8/><E8/><V90/><F107/><W126/><G105/><T81/><D132/><U94/><E94/><V135/><F135/><W117/><G117/><T128/><D128/><U121/><E121/><V23/><F131/><W115/><G115/><T37/><D102/><U72/><E48/><V123/><F123/><W10/><G92/><T12/><D37/><U56/><E62/><V127/><F65/><W95/><G95/><T119/><D119/><U85/><E85/><V91/><F23/><W93/><G93/><T42/><D1/><U2/><E2/><V134/><F134/><W103/><G103/><T67/><D67/><U74/><E33/><V99/><F99/><W130/><G19/><T58/><D58/><U27/><E27/><V60/><F60/><N who="3" m="35879" /><G54/><T63/><D63/><U97/><E97/><V41/><F109/><W14/><G130/><T88/><D5/><N who="2" m="2122" /><F87/><W129/><G129/><T50/><D12/><U26/><E26/><V106/><F106/><W0/><G0/><T36/><D36/><U86/><REACH who="1" step="1"/><E114/><REACH who="1" ten="430,180,190,190" step="2"/><V30/><F55/><W80/><G80/><T28/><D35/><U82/><E82/><V100/><F100/><W22/><G22/><AGARI ba="1,1" hai="17,22,25,28,29,42,47,50,81,84,88,108,110,111" machi="22" ten="40,7700,0" yaku="14,1,10,1,54,1" doraHai="104" who="0" fromWho="3" sc="430,90,180,0,190,0,190,-80" /><INIT seed="0,2,0,2,4,37" ten="520,180,190,110" oya="0" hai0="13,9,1,85,34,52,35,87,124,45,88,7,103" hai1="120,121,66,113,132,68,98,38,91,97,20,115,83" hai2="41,133,73,44,32,3,79,6,51,27,134,72,50" hai3="53,30,40,118,56,63,59,10,82,31,125,86,110"/><T127/><D103/><U102/><E38/><V81/><F73/><W84/><G118/><T21/><D87/><N who="1" m="50687" /><E20/><V23/><F32/><W92/><G110/><T62/><D1/><U114/><E132/><N who="2" m="50795" /><F51/><W4/><G125/><N who="0" m="48203" /><D21/><U42/><E42/><V117/><F117/><W119/><G119/><T74/><D74/><U48/><E48/><V96/><F96/><N who="1" m="36969" /><E102/><V55/><F6/><W99/><G40/><T8/><D8/><U49/><E49/><V95/><F95/><W43/><G43/><T109/><D109/><U71/><E66/><V116/><F116/><W111/><G56/><N who="0" m="35079" /><D45/><U94/><E94/><AGARI ba="2,0" hai="7,9,13,34,35,85,88,94" m="35079,48203" machi="94" ten="30,5800,0" yaku="18,1,54,2" doraHai="37" who="0" fromWho="1" sc="520,64,180,-64,190,0,110,0" /><INIT seed="0,3,0,4,3,108" ten="584,116,190,110" oya="0" hai0="79,78,116,75,124,97,7,104,80,77,59,113,72" hai1="23,85,42,90,100,21,5,3,1,35,63,27,57" hai2="81,0,115,8,19,30,107,2,12,99,92,11,28" hai3="110,91,38,68,126,73,54,24,6,135,123,114,106"/><T4/><D116/><U101/><E35/><V45/><F107/><W122/><G91/><T18/><D124/><U127/><E127/><V71/><F71/><W119/><G54/><T58/><D104/><U15/><E42/><V109/><F45/><W103/><G103/><T29/><D29/><N who="2" m="11370" /><F81/><W20/><G20/><T25/><D97/><U50/><E50/><V93/><F93/><W66/><G24/><T44/><D44/><U129/><E129/><V62/><F62/><W105/><G66/><T94/><D94/><U118/><E118/><V40/><F115/><W131/><G6/><T61/><D113/><U37/><E37/><V83/><F109/><W132/><G106/><T95/><D95/><U33/><E33/><V74/><F74/><W51/><G51/><T10/><D4/><U43/><E43/><V120/><F83/><W98/><G98/><T41/><D41/><U69/><E69/><V96/><F92/><W111/><G123/><T76/><D75/><U53/><E101/><V56/><F56/><W82/><G82/><T14/><D25/><U26/><E100/><V133/><F120/><W49/><G49/><T64/><REACH who="0" step="1"/><D7/><REACH who="0" ten="574,116,190,110" step="2"/><U52/><E5/><N who="2" m="3183" /><F40/><W125/><G111/><T13/><D13/><U31/><E15/><N who="2" m="7655" /><F99/><W86/><G125/><T46/><D46/><U87/><E87/><V67/><F96/><W128/><G86/><T47/><D47/><U130/><E1/><V17/><F2/><W117/><G117/><T32/><D32/><U34/><E3/><V102/><F0/><W89/><G119/><T9/><D9/><U48/><E34/><RYUUKYOKU ba="3,1" sc="574,30,116,-10,190,-10,110,-10" hai0="10,14,18,58,59,61,64,72,76,77,78,79,80" /><INIT seed="0,4,1,3,0,106" ten="604,106,180,100" oya="0" hai0="30,117,95,0,125,102,8,56,103,89,6,31,14" hai1="42,100,105,110,22,111,74,93,101,18,10,130,108" hai2="133,58,43,135,32,113,54,128,87,91,49,71,45" hai3="98,51,38,90,132,29,67,82,44,39,35,61,13"/><T24/><D117/><U52/><E42/><V104/><F104/><W40/><G132/><N who="2" m="50761" /><F32/><W12/><G35/><T23/><D125/><U129/><E105/><V80/><F128/><N who="1" m="49257" /><E10/><V124/><F124/><W131/><G29/><T119/><D119/><U64/><E64/><V17/><F17/><W85/><G131/><T57/><D31/><U15/><E93/><V123/><F71/><W68/><G39/><T118/><D118/><U62/><E74/><V65/><F65/><W4/><G4/><T114/><D114/><U19/><E19/><V16/><F16/><W34/><G34/><T21/><D21/><U122/><E122/><V37/><F113/><W97/><G38/><T46/><D0/><U27/><E27/><V1/><F1/><W84/><REACH who="3" step="1"/><G85/><REACH who="3" ten="604,106,180,90" step="2"/><N who="0" m="52655" /><D46/><U11/><E22/><V20/><F123/><W26/><G26/><T60/><D57/><AGARI ba="4,2" hai="11,15,18,52,57,62,100,101,108,110,111" m="49257" machi="57" ten="40,5200,0" yaku="14,1,19,1,54,1" doraHai="106" who="1" fromWho="0" sc="604,-64,106,84,180,0,90,0" /><INIT seed="1,0,0,0,4,3" ten="540,190,180,90" oya="1" hai0="23,19,29,43,73,102,25,82,96,52,17,116,63" hai1="122,71,65,58,108,112,0,133,119,130,93,15,47" hai2="124,129,1,100,113,22,32,126,97,101,88,91,62" hai3="106,79,135,7,103,98,92,95,21,120,11,90,28"/><U55/><E0/><V2/><F32/><W64/><G120/><T20/><D116/><U66/><E119/><V27/><F2/><W5/><G135/><T83/><D43/><U41/><E133/><V18/><F1/><W10/><G106/><T70/><D73/><U89/><E112/><V12/><F113/><W134/><G64/><T81/><D23/><U31/><E31/><V77/><F77/><W131/><G79/><T72/><D72/><U13/><E130/><V34/><F129/><W45/><G45/><T111/><D111/><U38/><E108/><V84/><F62/><W50/><G50/><T16/><D70/><U9/><E122/><V125/><F101/><W86/><G131/><T44/><D44/><U36/><E36/><V46/><F46/><W57/><G57/><N who="0" m="35239" /><D96/><U110/><E110/><V4/><F84/><W74/><G74/><T33/><D33/><U123/><E123/><V118/><F118/><W6/><G134/><T42/><D42/><U85/><E71/><V109/><F34/><W26/><AGARI ba="0,0" hai="5,6,7,10,11,21,26,28,86,90,92,95,98,103" machi="26" ten="30,8000,1" yaku="0,1,8,1,52,3" doraHai="3" who="3" fromWho="3" sc="540,-20,190,-40,180,-20,90,80" /><INIT seed="2,0,0,5,4,60" ten="520,150,160,170" oya="2" hai0="10,46,66,17,73,1,126,86,116,56,128,79,84" hai1="75,68,110,106,50,31,130,49,26,55,132,12,127" hai2="82,41,124,22,61,63,125,135,94,71,97,112,39" hai3="107,74,122,9,133,34,42,8,99,98,101,30,35"/><V120/><F112/><W69/><G122/><T21/><D128/><U54/><E130/><V62/><F120/><W78/><G133/><T91/><D73/><U118/><E132/><V115/><F115/><W59/><G42/><T36/><D79/><U4/><E106/><V95/><F135/><W44/><G44/><T102/><D102/><U47/><E68/><V90/><F41/><W3/><G59/><T16/><D36/><U51/><E110/><V96/><F39/><W38/><G98/><N who="2" m="37993" /><F71/><W32/><G30/><T25/><D46/><U0/><E0/><V5/><F22/><W15/><G15/><N who="0" m="7287" /><D1/><U19/><E75/><V20/><F20/><W87/><G87/><T114/><D114/><U48/><E118/><V23/><F23/><W58/><G9/><T123/><D126/><N who="2" m="48746" /><F5/><N who="3" m="1087" /><G58/><T119/><D123/><U40/><E127/><V43/><F43/><W14/><G14/><T88/><D119/><U105/><E31/><V100/><F100/><W7/><G7/><T65/><D116/><U108/><E108/><V92/><F82/><N who="3" m="45399" /><G38/><T67/><D56/><U70/><E70/><AGARI ba="0,0" hai="32,34,35,69,70,99,101,107" m="45399,1087" machi="70" ten="30,2000,0" yaku="33,2" doraHai="60" who="3" fromWho="1" sc="520,0,150,-20,160,0,170,20" /><INIT seed="3,0,0,2,0,9" ten="520,130,160,190" oya="3" hai0="11,104,113,120,6,54,14,57,66,17,133,129,5" hai1="26,80,85,22,10,47,65,3,73,56,27,128,82" hai2="95,1,135,12,115,79,7,86,116,62,90,122,98" hai3="51,96,127,60,23,106,119,77,118,49,29,112,69"/><W48/><G112/><T35/><D120/><U38/><E128/><V124/><F116/><W13/><G127/><T33/><D129/><U67/><E27/><V99/><F124/><W32/><G77/><T72/><D104/><U100/><E100/><V111/><F1/><W34/><G34/><T103/><D72/><U44/><E44/><V4/><F111/><W45/><G45/><T21/><D66/><U114/><E114/><V40/><F115/><W134/><G32/><T89/><D113/><U16/><E56/><V78/><F40/><W30/><G134/><T132/><D103/><U101/><E101/><V91/><F135/><N who="0" m="51786" /><D89/><U52/><E82/><V39/><F39/><W63/><G96/><T117/><D5/><N who="1" m="1343" /><E52/><V74/><F74/><W94/><G94/><T31/><D31/><U83/><E83/><V76/><F122/><W107/><G69/><T126/><D117/><U0/><E85/><V36/><F36/><W55/><G55/><T93/><D93/><U109/><E109/><V71/><F99/><W28/><G118/><T59/><D59/><U24/><E0/><V68/><F68/><W108/><G108/><T25/><D126/><U58/><E58/><V110/><F110/><W2/><G2/><T84/><D84/><U125/><E125/><V131/><F131/><W61/><G119/><T105/><D105/><U92/><E92/><N who="2" m="54359" /><F71/><W18/><AGARI ba="0,0" hai="13,18,23,28,29,30,48,49,51,60,61,63,106,107" machi="18" ten="40,12000,1" yaku="0,1,29,2,52,1" doraHai="9" who="3" fromWho="3" sc="520,-40,130,-40,160,-40,190,120" /><INIT seed="3,1,0,5,2,13" ten="480,90,120,310" oya="3" hai0="130,43,40,19,66,110,131,17,92,102,127,97,112" hai1="12,8,129,105,88,52,15,73,56,14,27,119,46" hai2="5,49,26,4,87,79,0,18,68,100,121,61,132" hai3="85,75,125,36,134,107,122,23,20,108,41,126,9"/><W1/><G75/><T80/><D110/><U81/><E105/><V22/><F132/><W94/><G107/><T65/><D127/><N who="3" m="48649" /><G36/><T55/><D80/><U124/><E124/><V98/><F121/><W96/><G41/><N who="0" m="15947" /><D112/><U44/><E129/><N who="0" m="49161" /><D55/><U2/><E2/><V91/><F79/><W101/><G122/><T45/><D45/><N who="1" m="17515" /><E27/><V53/><F61/><W30/><G30/><T50/><D50/><N who="1" m="30743" /><E73/><V128/><F68/><W59/><G108/><T25/><D25/><U83/><E119/><V135/><F135/><W70/><G59/><T82/><D82/><N who="1" m="31243" /><E88/><V29/><F0/><W32/><G70/><T51/><D51/><U95/><E95/><N who="2" m="58463" /><F128/><W106/><G32/><T120/><D120/><U74/><E74/><V37/><F37/><W62/><G134/><T90/><D102/><U116/><E116/><V104/><F104/><W103/><G103/><T42/><D42/><U38/><E38/><V39/><F39/><W24/><G24/><T33/><D33/><U35/><E35/><V99/><F29/><W10/><G1/><T93/><D93/><U78/><E78/><V57/><F87/><W84/><G62/><T133/><D133/><U47/><N who="1" m="17523" /><U34/><DORA hai="77" /><E34/><V28/><F28/><W7/><G85/><T86/><D86/><U72/><E72/><V63/><F63/><W69/><G69/><T109/><D109/><U118/><E118/><V11/><F91/><W3/><G84/><T31/><D31/><U67/><E67/><AGARI ba="1,0" hai="17,19,65,66,67,90,92,97" m="49161,15947" machi="67" ten="30,3900,0" yaku="19,1,52,2" doraHai="13,77" who="0" fromWho="1" sc="480,42,90,-42,120,0,310,0" /><INIT seed="4,0,0,3,2,121" ten="522,48,120,310" oya="0" hai0="65,82,52,88,2,28,39,20,11,129,81,134,90" hai1="130,117,41,75,77,103,123,45,73,119,125,6,100" hai2="59,18,23,66,46,109,12,53,1,112,38,91,92" hai3="133,69,5,113,79,115,120,101,14,34,15,72,126"/><T118/><D118/><U68/><E68/><V95/><F109/><W114/><G120/><T106/><D39/><U4/><E123/><V99/><F112/><W70/><G34/><T7/><D106/><U37/><E125/><V131/><F131/><W111/><G111/><T42/><D42/><U128/><E77/><V13/><F1/><W135/><G101/><T57/><D65/><U110/><E45/><V58/><F38/><W78/><G5/><T21/><D129/><U96/><E96/><V22/><F66/><W33/><G33/><T71/><D71/><N who="3" m="27145" /><G72/><T0/><D0/><U116/><E37/><V56/><F46/><W127/><G15/><T102/><D102/><N who="1" m="38955" /><E41/><V51/><F95/><W87/><G14/><N who="0" m="5503" /><D134/><N who="3" m="51209" /><G87/><T3/><D3/><U74/><E110/><V108/><F108/><W36/><G36/><T97/><D2/><U63/><E4/><V98/><F98/><W8/><G8/><T25/><D20/><U50/><E6/><V10/><F23/><W64/><G64/><T94/><D90/><U27/><E27/><V47/><F10/><W93/><G93/><T67/><D67/><U55/><E130/><V40/><F13/><W17/><G17/><T89/><D89/><U62/><E128/><V107/><F107/><W104/><G104/><T76/><D76/><AGARI ba="0,0" hai="76,78,79,113,114,115,126,127" m="51209,27145" machi="76" ten="40,8000,1" yaku="28,2,15,1,20,1" doraHai="121" who="3" fromWho="0" sc="522,-80,48,0,120,0,310,80" /><INIT seed="5,0,0,1,5,80" ten="442,48,120,390" oya="1" hai0="58,104,130,57,42,53,60,81,56,74,118,7,87" hai1="124,98,97,76,107,24,84,83,20,93,88,8,94" hai2="126,40,39,38,34,78,133,72,127,103,55,1,112" hai3="16,54,125,119,35,77,123,26,62,31,30,132,90"/><U95/><E124/><N who="2" m="47659" /><F34/><W43/><G123/><T99/><D118/><U47/><E8/><V134/><F1/><W120/><G120/><T122/><D122/><U33/><E33/><V117/><F72/><W48/><G132/><N who="2" m="50793" /><F78/><W108/><G108/><T46/><D7/><U91/><E107/><V15/><F103/><W10/><G31/><T14/><D104/><U49/><E95/><V70/><F15/><W67/><G43/><T45/><D42/><U111/><E111/><V82/><F82/><W109/><G109/><T50/><D81/><U92/><E92/><V0/><F0/><W13/><G77/><T12/><D12/><U114/><E114/><V73/><F73/><W116/><G90/><T69/><D14/><U75/><E75/><V79/><F79/><W61/><G125/><T86/><D74/><U65/><E65/><V105/><F40/><W29/><G67/><T5/><D5/><U44/><E49/><V41/><F41/><W128/><G30/><AGARI ba="0,0" hai="20,24,30,44,47,76,83,84,88,91,93,94,97,98" machi="30" ten="30,12000,1" yaku="7,1,9,1,8,1,52,1,54,1" doraHai="80" who="1" fromWho="3" sc="442,0,48,120,120,0,390,-120" /><INIT seed="5,1,0,3,4,114" ten="442,168,120,270" oya="1" hai0="41,95,24,31,89,49,1,109,67,51,90,14,117" hai1="123,2,3,40,39,99,108,72,127,29,57,28,96" hai2="93,27,113,71,129,50,34,59,100,5,82,63,115" hai3="112,15,78,76,66,0,128,132,23,32,103,25,52"/><U54/><E123/><V13/><F129/><W130/><G0/><T105/><D1/><U81/><E108/><V8/><F71/><W101/><G66/><T98/><D109/><U118/><E127/><V126/><F126/><W61/><G112/><N who="2" m="43081" /><F50/><W102/><G15/><T122/><D67/><U62/><E39/><V26/><F82/><W73/><G32/><T56/><D105/><U131/><E40/><V74/><F74/><W92/><G92/><T80/><D41/><U135/><E135/><V35/><F93/><W11/><G11/><T18/><D51/><U69/><E131/><N who="3" m="50218" /><G73/><T83/><D49/><U68/><E72/><V94/><F94/><W46/><G132/><T48/><D48/><U9/><E81/><V121/><F100/><W10/><G10/><T125/><D83/><U33/><E9/><N who="2" m="4271" /><F121/><W119/><G119/><T30/><D80/><U84/><E84/><V70/><F70/><W64/><G64/><T44/><D95/><U7/><E7/><V17/><F63/><W55/><G46/><T88/><D44/><U12/><E12/><N who="2" m="7303" /><F59/><N who="3" m="35047" /><G55/><T36/><D90/><U65/><E65/><V110/><F110/><W97/><G97/><T79/><D89/><U45/><E45/><V47/><F47/><W6/><G6/><T116/><D88/><U124/><E124/><V75/><F75/><W133/><G133/><T22/><D125/><U87/><E87/><V16/><F27/><W53/><G53/><T134/><D24/><U104/><E54/><V85/><F85/><W106/><G106/><T91/><D91/><U20/><E104/><V38/><F38/><RYUUKYOKU ba="1,0" sc="442,-15,168,-15,120,15,270,15" hai2="16,26,34,35" hai3="23,25,76,78,101,102,103" /><INIT seed="6,2,0,5,1,93" ten="427,153,135,285" oya="2" hai0="127,116,98,37,19,119,95,118,13,8,129,81,132" hai1="50,21,111,45,103,64,70,73,124,34,110,0,108" hai2="109,76,100,131,49,16,121,40,7,75,96,11,31" hai3="112,67,101,84,54,47,134,128,36,39,102,32,97"/><V88/><F121/><W130/><G32/><T120/><D120/><U18/><E34/><V90/><F75/><W48/><G134/><T6/><D132/><U15/><E73/><V122/><F122/><W72/><G72/><T29/><D129/><N who="3" m="49769" /><G112/><T3/><D127/><U17/><E0/><V62/><F131/><W115/><G115/><T42/><D29/><U28/><E124/><V107/><F76/><W2/><G2/><T91/><D81/><U57/><E28/><V44/><F31/><W86/><G67/><T69/><D69/><U61/><E70/><V51/><F109/><W58/><G102/><T99/><D42/><U55/><E103/><V25/><F62/><W46/><G46/><T9/><D37/><N who="3" m="14409" /><G47/><T22/><D9/><U10/><REACH who="1" step="1"/><E111/><REACH who="1" ten="427,143,135,285" step="2"/><V33/><F33/><W38/><G38/><T94/><D119/><U1/><E1/><V133/><F133/><W85/><G85/><T23/><D118/><U113/><E113/><V78/><F51/><W125/><G125/><T20/><D116/><U5/><E5/><V114/><F114/><W89/><G89/><AGARI ba="2,1" hai="3,6,8,13,19,20,22,23,89,91,94,95,98,99" machi="89" ten="30,7700,0" yaku="7,1,9,1,52,2" doraHai="93" who="0" fromWho="3" sc="427,93,143,0,135,0,285,-83" /><INIT seed="7,0,0,4,5,119" ten="520,143,135,202" oya="3" hai0="126,50,23,79,113,112,7,102,32,80,96,22,40" hai1="100,12,117,132,101,109,69,19,93,115,63,16,11" hai2="8,41,59,89,39,13,78,72,54,15,66,92,68" hai3="31,84,43,76,85,75,130,6,121,125,128,5,3"/><W99/><G99/><T35/><D7/><U88/><E109/><V95/><F15/><W87/><G31/><T103/><D50/><U127/><E127/><V37/><F95/><W122/><G43/><T120/><D40/><U90/><E132/><V116/><F116/><W53/><G53/><T21/><D120/><U129/><E129/><V27/><F27/><W110/><G110/><T46/><D46/><U49/><E115/><N who="0" m="44105" /><D103/><U56/><E117/><V4/><F68/><W47/><G47/><T28/><D28/><U2/><E2/><V61/><F66/><W17/><G17/><T14/><D14/><U106/><E69/><V133/><F41/><W107/><G107/><T36/><D36/><U134/><E106/><V135/><F78/><W118/><G118/><T65/><D65/><U94/><E134/><N who="2" m="51211" /><F72/><W64/><G64/><T45/><D45/><U104/><E104/><V98/><AGARI ba="0,0" hai="4,8,13,37,39,54,59,61,89,92,98" m="51211" machi="98" ten="30,1100,0" yaku="20,1" doraHai="119" who="2" fromWho="2" sc="520,-3,143,-3,135,11,202,-5" owari="517,61.0,140,-36.0,146,-25.0,197,0.0" /></mjloggm>