<mjloggm ver="2.3"><GO type="97" lobby="0"/><UN n0="%E5%B0%B1%E6%B4%BB%E7%94%9F%40%E5%B7%9D%E6%9D%91%E8%BB%8D%E5%9B%A3" n1="%E3%81%8B%E3%81%A3%E3%81%B1%31%E5%8F%B7" n2="%70%69%2D%72%6F%2D%73%69" n3="%79%75%6A%69%6E%33%31" dan="17,14,15,14" rate="2184.66,1841.14,1978.91,1891.03" sx="M,M,M,M"/><TAIKYOKU oya="0"/><INIT seed="0,0,0,0,2,104" ten="250,250,250,250" oya="0" hai0="103,121,85,17,102,132,71,133,57,14,22,128,125" hai1="45,127,100,111,124,26,52,6,31,84,61,113,2" hai2="47,110,73,12,92,51,123,46,38,122,81,23,13" hai3="0,50,63,21,27,129,33,105,29,35,58,49,37"/><T69/><D121/><U82/><E111/><V120/><F110/><W106/><G37/><T131/><D57/><N who="1" m="34983" /><E100/><N who="0" m="38441" /><D85/><U16/><E45/><V108/><F108/><W28/><G0/><T4/><D4/><U116/><E113/><V65/><F65/><W32/><G29/><T44/><D44/><U18/><E116/><V62/><F62/><W41/><G129/><N who="0" m="49739" /><D125/><N who="1" m="48203" /><E6/><V79/><F92/><W80/><G80/><T75/><D75/><U117/><E2/><V98/><F98/><W93/><G93/><T10/><D10/><U86/><E86/><V19/><F38/><W68/><G68/><AGARI ba="0,0" hai="14,17,22,68,69,71,132,133" m="49739,38441" machi="68" ten="40,2000,0" yaku="19,1" doraHai="104" who="0" fromWho="3" sc="250,20,250,0,250,0,250,-20" /><INIT seed="0,1,0,2,4,23" ten="270,250,250,230" oya="0" hai0="108,20,107,133,42,88,82,54,50,121,13,132,67" hai1="76,86,102,27,124,38,120,8,51,14,21,43,46" hai2="94,63,45,71,85,66,2,118,75,22,100,72,119" hai3="32,24,95,109,68,31,26,35,56,39,110,84,91"/><T15/><D121/><U69/><E120/><V1/><F45/><W129/><G68/><T16/><D107/><U61/><E124/><V111/><F111/><N who="3" m="42507" /><G129/><T93/><D108/><U130/><E102/><V62/><F62/><W33/><G39/><T37/><D67/><U123/><E130/><V53/><F53/><W127/><G127/><T65/><D65/><U112/><E112/><V28/><F75/><W3/><G3/><T4/><D82/><U59/><E123/><V126/><F72/><W128/><G128/><T18/><D4/><U122/><E122/><V105/><F126/><W7/><G7/><T99/><D42/><U90/><E76/><V89/><F105/><W47/><G47/><T87/><D99/><U11/><E69/><V97/><F85/><W115/><G115/><T98/><D98/><U0/><E14/><V30/><F89/><W77/><G77/><T29/><D29/><U41/><E41/><V103/><F30/><N who="3" m="19543" /><G56/><N who="0" m="32855" /><D37/><U74/><E74/><V52/><F103/><W58/><G58/><T113/><D113/><U12/><E12/><V34/><F52/><W134/><G134/><T81/><D81/><N who="1" m="49487" /><E38/><V36/><F36/><W92/><G92/><T57/><D57/><U135/><E0/><V49/><F49/><W64/><G64/><T114/><D114/><U70/><E70/><V48/><F48/><W40/><G40/><T6/><D6/><U19/><E135/><V78/><F2/><W80/><G95/><T116/><D116/><N who="2" m="44586" /><F1/><W25/><G31/><T79/><D79/><U117/><E117/><V104/><F78/><W131/><G131/><RYUUKYOKU ba="1,0" sc="270,10,250,10,250,-30,230,10" hai0="13,15,16,18,20,87,88,93,132,133" hai1="8,11,19,21,27,43,46,51,59,61" hai3="24,25,33,35,80,84,91" /><INIT seed="0,2,0,3,3,99" ten="280,260,220,240" oya="0" hai0="101,60,118,65,31,90,131,21,107,125,122,48,80" hai1="92,59,42,130,127,66,82,10,75,8,38,15,67" hai2="129,121,132,19,103,70,11,26,22,25,0,40,109" hai3="55,113,24,18,91,76,3,135,43,16,133,49,112"/><T39/><D118/><U98/><E127/><V50/><F121/><W93/><G3/><T83/><D39/><U62/><E130/><V47/><F129/><W41/><G76/><T56/><D122/><U63/><E38/><V27/><F70/><W13/><G24/><T79/><D131/><U64/><E42/><N who="3" m="15882" /><G49/><T73/><D125/><U117/><E117/><V114/><F114/><N who="3" m="44139" /><G13/><T14/><D48/><U94/><E94/><V20/><F109/><W123/><G55/><T124/><D124/><U72/><E82/><V68/><F68/><W85/><G123/><T84/><D14/><U51/><E51/><V96/><F22/><W119/><G119/><T36/><D36/><U105/><E67/><V45/><F45/><W111/><G111/><T52/><D65/><U87/><E87/><V46/><F46/><W5/><G5/><T128/><D128/><U74/><E105/><V32/><F32/><W12/><G12/><T134/><D134/><AGARI ba="2,0" hai="16,18,85,91,93,133,134,135" m="44139,15882" machi="134" ten="30,2000,0" yaku="20,1,54,1" doraHai="99" who="3" fromWho="0" sc="280,-26,260,0,220,0,240,26" /><INIT seed="1,0,0,5,0,126" ten="254,260,220,266" oya="1" hai0="21,48,8,58,70,26,89,72,37,50,40,113,88" hai1="84,7,51,93,62,33,87,81,18,42,44,96,13" hai2="115,128,108,20,12,101,27,90,43,125,105,92,35" hai3="53,95,11,91,39,120,45,111,94,36,38,3,97"/><U110/><E33/><V71/><F71/><W49/><G111/><T68/><D72/><U83/><E110/><V57/><F57/><W59/><G120/><T82/><D113/><U32/><E32/><V67/><F125/><W66/><G3/><T14/><D37/><U46/><E7/><V124/><F67/><W122/><G11/><T56/><D70/><U0/><E0/><V123/><F124/><W2/><G2/><T103/><D103/><U19/><E62/><V15/><F123/><W63/><G122/><T98/><D68/><U60/><E60/><V129/><F108/><W114/><REACH who="3" step="1"/><G94/><REACH who="3" ten="254,260,220,256" step="2"/><N who="0" m="56647" /><D8/><U4/><E81/><V131/><F115/><AGARI ba="0,1" hai="36,38,39,45,49,53,59,63,66,91,95,97,114,115" machi="115" ten="40,2600,0" yaku="1,1,53,1" doraHai="126" doraHaiUra="41" who="3" fromWho="2" sc="254,0,260,0,220,-26,256,36" /><INIT seed="2,0,0,5,2,31" ten="254,260,194,292" oya="2" hai0="83,68,41,7,27,131,11,108,81,128,118,95,87" hai1="112,123,104,48,3,134,12,36,115,53,78,14,54" hai2="22,40,19,18,88,16,45,6,105,98,97,52,92" hai3="32,129,82,109,13,85,122,28,126,34,91,24,70"/><V130/><F130/><N who="0" m="49706" /><D68/><U74/><E104/><V49/><F6/><W135/><G122/><T79/><D108/><U133/><E123/><V69/><F69/><W2/><G129/><T25/><D118/><U47/><E3/><V0/><F0/><W8/><G70/><T30/><D41/><U90/><E36/><V86/><F40/><W107/><G2/><N who="0" m="503" /><D30/><U29/><E29/><V44/><F44/><W62/><G109/><T84/><D95/><U21/><E74/><V35/><F35/><W99/><G126/><T127/><D127/><U33/><E78/><AGARI ba="0,0" hai="25,27,78,79,81,83,84,87" m="503,49706" machi="78" ten="30,1000,0" yaku="19,1" doraHai="31" who="0" fromWho="1" sc="254,10,260,-10,194,0,292,0" /><INIT seed="3,0,0,1,4,104" ten="264,250,194,292" oya="3" hai0="40,29,110,115,59,62,120,12,5,118,105,135,130" hai1="99,31,65,103,71,107,54,126,49,61,27,97,35" hai2="7,18,73,80,84,64,90,1,117,2,15,122,9" hai3="45,37,92,0,78,132,86,42,60,44,58,16,108"/><W13/><G132/><T55/><D105/><U51/><E97/><V75/><F117/><W3/><G108/><T125/><D118/><U53/><REACH who="1" step="1"/><E126/><REACH who="1" ten="264,240,194,292" step="2"/><V121/><F64/><W41/><G0/><T134/><D125/><U39/><E39/><V17/><F2/><W43/><G3/><T89/><D134/><U56/><E56/><V116/><F116/><W57/><G58/><T128/><D135/><U88/><E88/><V83/><F83/><N who="3" m="47479" /><G37/><T38/><D89/><U129/><E129/><V123/><F17/><W52/><G92/><T46/><D110/><U50/><AGARI ba="0,1" hai="27,31,35,49,50,51,53,54,61,65,71,99,103,107" machi="50" ten="30,7900,0" yaku="1,1,0,1,25,2,53,0" doraHai="104" doraHaiUra="133" who="1" fromWho="1" sc="264,-20,240,89,194,-20,292,-39" owari="244,-16.0,329,44.0,174,-33.0,253,5.0" /></mjloggm>