<mjloggm ver="2.3"><GO type="169" lobby="0"/><UN n0="%E3%81%B2%E3%81%90%E3%81%A1" n1="%30%30%73%61%69" n2="%E3%82%A6%E3%83%AB%E3%83%88%E3%83%A9%E7%AB%8B%E7%9B%B4" n3="%E9%9B%80%E5%A3%AB%E3%81%AC%E3%82%8B%E3%82%8A%E3%82%93" dan="17,17,16,16" rate="2205.71,2095.64,2132.46,2118.00" sx="M,M,M,M"/><TAIKYOKU oya="0"/><INIT seed="0,0,0,3,2,60" ten="250,250,250,250" oya="0" hai0="41,100,101,1,106,35,10,19,14,8,21,131,79" hai1="114,110,29,115,33,83,119,134,130,132,34,15,73" hai2="67,9,118,24,128,37,92,96,57,56,5,16,74" hai3="38,25,75,94,11,0,44,43,59,22,68,2,109"/><T95/><D131/><U126/><E119/><V71/><F37/><W78/><G109/><T3/><D106/><U90/><E73/><V32/><F74/><W117/><G68/><T18/><D79/><U93/><E83/><V4/><F32/><N who="1" m="12393" /><E110/><V47/><F71/><W105/><G105/><T121/><D121/><U42/><E42/><V122/><F122/><W97/><G117/><T98/><D35/><U88/><E29/><V28/><F28/><W20/><G59/><T30/><D30/><U85/><E130/><V104/><F57/><W103/><G2/><T113/><D113/><N who="1" m="43019" /><E126/><V63/><F104/><W76/><G25/><T17/><D101/><U23/><E90/><V91/><F128/><W86/><G76/><T13/><REACH who="0" step="1"/><D41/><REACH who="0" ten="240,250,250,250" step="2"/><U84/><E84/><V120/><F120/><W107/><G86/><T127/><D127/><U111/><E111/><V81/><F118/><W65/><G78/><T7/><D7/><U6/><E6/><V39/><F5/><W133/><G75/><T89/><D89/><U26/><E26/><AGARI ba="0,1" hai="1,3,8,10,13,14,17,18,19,21,26,95,98,100" machi="26" ten="30,5800,0" yaku="1,1,7,1,9,1,53,0" doraHai="60" doraHaiUra="82" who="0" fromWho="1" sc="240,68,250,-58,250,0,250,0" /><INIT seed="0,1,0,2,4,27" ten="308,192,250,250" oya="0" hai0="26,105,8,88,47,91,103,28,18,57,51,9,65" hai1="60,100,94,121,63,67,78,22,35,37,33,14,16" hai2="29,34,131,125,107,25,92,32,21,113,102,4,70" hai3="7,95,98,108,129,24,52,15,11,96,30,10,130"/><T5/><D105/><U114/><E121/><V42/><F107/><W54/><G108/><T115/><D103/><U111/><E37/><V85/><F70/><W86/><G11/><T126/><D115/><U1/><E1/><V56/><F113/><W127/><G86/><T61/><D18/><U133/><E114/><V73/><F73/><W89/><G96/><T93/><D126/><U19/><E111/><V59/><F125/><W119/><G119/><T40/><D93/><U80/><E133/><V2/><F42/><W110/><G110/><T53/><D40/><U90/><E100/><V36/><F36/><W64/><G64/><T135/><D135/><U104/><E19/><V38/><F38/><W101/><G101/><T74/><D74/><U50/><E50/><V132/><F132/><W48/><G127/><T97/><D97/><U6/><E6/><V0/><F0/><W83/><G83/><T17/><D17/><U13/><E13/><V106/><F106/><W3/><G3/><T66/><D66/><U99/><E63/><V128/><F4/><W87/><G98/><T76/><D76/><U49/><E49/><V82/><F2/><W68/><G68/><T62/><D62/><U44/><E44/><V31/><F92/><W124/><G124/><T69/><D69/><U75/><REACH who="1" step="1"/><E104/><REACH who="1" ten="308,182,250,250" step="2"/><V12/><F102/><W58/><REACH who="3" step="1"/><G54/><REACH who="3" ten="308,182,250,240" step="2"/><T45/><D53/><U84/><E84/><V134/><F85/><W116/><G116/><T77/><D65/><U43/><E43/><V72/><F134/><W46/><G46/><T39/><D45/><U41/><E41/><RYUUKYOKU ba="1,2" sc="308,-15,182,15,250,-15,240,15" hai1="14,16,22,33,35,60,67,75,78,80,90,94,99" hai3="7,10,15,24,30,48,52,58,87,89,95,129,130" /><INIT seed="1,2,2,1,0,41" ten="293,197,235,255" oya="1" hai0="88,33,43,99,135,2,52,89,120,7,134,119,78" hai1="27,129,66,18,133,93,23,83,68,100,131,47,12" hai2="24,81,118,132,70,96,10,8,63,16,32,28,111" hai3="105,11,49,39,113,108,77,103,56,127,46,72,44"/><U57/><E133/><N who="0" m="50697" /><D119/><U106/><E106/><V65/><F118/><W110/><G113/><T101/><D120/><U19/><E83/><V61/><F132/><W124/><G72/><T59/><D43/><U80/><E80/><V60/><F111/><N who="3" m="42539" /><G77/><T125/><D33/><U75/><E75/><V54/><F81/><W115/><G115/><T102/><D78/><U53/><E68/><V109/><F109/><W14/><G39/><T79/><D79/><U84/><E66/><V90/><F54/><N who="3" m="31823" /><G103/><N who="0" m="39435" /><D125/><N who="3" m="48201" /><G105/><T37/><D37/><U38/><E38/><V73/><F73/><W130/><G130/><T20/><D99/><U36/><E36/><V116/><F116/><W29/><G29/><T94/><D94/><U126/><E126/><V71/><F96/><W121/><G121/><T92/><D92/><U21/><E100/><V64/><F90/><W48/><G48/><N who="0" m="31111" /><D20/><U40/><E131/><V91/><F91/><W34/><G34/><T1/><D1/><U58/><E129/><V17/><REACH who="2" step="1"/><F63/><REACH who="2" ten="293,197,225,255" step="2"/><W74/><G74/><T117/><D117/><U42/><E93/><V3/><F3/><W5/><AGARI ba="2,3" hai="5,11,14,44,46" m="48201,31823,42539" machi="5" ten="30,7900,0" yaku="14,1,18,1,52,2" doraHai="41" who="3" fromWho="3" sc="293,-22,197,-41,225,-22,255,115" /><INIT seed="2,0,0,0,5,91" ten="271,156,203,370" oya="2" hai0="105,130,107,23,31,37,52,47,46,86,65,122,134" hai1="10,18,56,68,106,53,57,118,39,40,14,11,69" hai2="111,58,22,38,117,78,129,7,2,32,116,104,114" hai3="113,66,132,76,119,17,85,67,6,15,75,79,26"/><V9/><F104/><W74/><G119/><N who="2" m="45641" /><F78/><W125/><G6/><T97/><D122/><U93/><E106/><V71/><F58/><W84/><G26/><T4/><D4/><U27/><E118/><V3/><F71/><W21/><G15/><T45/><D130/><U8/><E57/><V41/><F41/><W19/><G21/><T5/><D5/><U112/><E112/><V90/><F90/><W64/><G64/><T62/><D37/><U98/><E39/><V43/><F43/><W103/><G103/><T63/><D134/><U108/><E40/><V33/><F38/><W82/><G82/><T44/><D86/><U70/><E108/><V100/><F100/><W25/><G25/><T73/><D73/><U28/><E98/><V42/><F42/><W126/><REACH who="3" step="1"/><G132/><REACH who="3" ten="271,156,203,360" step="2"/><T99/><D65/><U101/><E101/><V131/><F3/><W80/><G80/><T54/><D23/><U13/><E14/><V51/><F51/><W87/><G87/><T102/><D102/><U29/><E13/><V94/><F22/><W36/><G36/><T127/><D62/><N who="1" m="36111" /><E93/><V81/><F81/><W124/><G124/><T121/><D127/><U135/><E135/><V120/><F94/><W34/><G34/><T49/><D49/><U60/><E60/><V55/><F32/><W61/><G61/><T16/><D63/><U110/><E110/><V50/><F33/><W123/><G123/><T83/><D121/><U72/><E72/><V0/><F120/><W48/><G48/><T133/><N who="0" m="11264" /><DORA hai="1" /><T88/><D133/><U30/><E27/><V20/><F0/><RYUUKYOKU ba="0,1" sc="271,-15,156,15,203,-15,360,15" hai1="8,10,11,18,28,29,30,68,69,70" hai3="17,19,66,67,74,75,76,79,84,85,113,125,126" /><INIT seed="3,1,1,0,4,79" ten="256,171,188,375" oya="3" hai0="45,87,17,128,1,57,32,100,74,35,48,116,86" hai1="64,83,37,33,50,34,73,49,4,65,14,121,76" hai2="60,53,39,123,5,28,63,66,44,110,25,101,10" hai3="127,95,23,51,81,62,77,55,131,40,42,36,91"/><W61/><G131/><T18/><D74/><U22/><E121/><V114/><F114/><W111/><G127/><T46/><D1/><U97/><E37/><V0/><F123/><W15/><G36/><T109/><D109/><U119/><E119/><V130/><F130/><W108/><G95/><T103/><D128/><U21/><E97/><V54/><F110/><N who="3" m="42027" /><G91/><T6/><D57/><U59/><E59/><V98/><F39/><W12/><G42/><T134/><D6/><U58/><E4/><V38/><F38/><W29/><G40/><T68/><D48/><U16/><E22/><V31/><F44/><N who="3" m="28135" /><G29/><T56/><D56/><U47/><E64/><V3/><F31/><W129/><G129/><T43/><D43/><U132/><E50/><V89/><F89/><W104/><G104/><T30/><D30/><U112/><E112/><V20/><F63/><N who="3" m="24075" /><G23/><T99/><D99/><U52/><E65/><V92/><REACH who="2" step="1"/><F0/><REACH who="2" ten="256,171,178,375" step="2"/><W120/><G120/><T75/><D46/><U41/><E47/><V11/><F11/><W135/><G135/><T118/><D45/><U78/><E132/><V82/><F82/><W117/><G117/><T94/><D134/><U90/><E90/><V80/><F80/><W70/><G70/><AGARI ba="1,2" hai="3,5,10,20,25,28,53,54,60,66,70,92,98,101" machi="70" ten="30,2000,0" yaku="1,1,7,1,53,0" doraHai="79" doraHaiUra="106" who="2" fromWho="3" sc="256,0,171,0,178,43,375,-23" /><INIT seed="4,0,0,5,2,126" ten="256,171,221,352" oya="0" hai0="66,20,124,110,31,9,13,73,58,129,14,130,41" hai1="74,38,64,108,27,35,119,80,114,60,44,122,48" hai2="93,83,105,132,125,49,71,50,52,1,69,91,59" hai3="61,26,21,4,32,99,5,95,97,134,0,15,90"/><T88/><D73/><U104/><E119/><V112/><F105/><W92/><G134/><T128/><D124/><U34/><E122/><V76/><F125/><W28/><G0/><T102/><D110/><U131/><E108/><V121/><F121/><W56/><G15/><T123/><D123/><U79/><E104/><V94/><F1/><W29/><G29/><T53/><D102/><U17/><E17/><V55/><F132/><W96/><G32/><N who="1" m="12330" /><E48/><V78/><F112/><W106/><G106/><T135/><D135/><U57/><E57/><V87/><F93/><W115/><G115/><T65/><D41/><N who="1" m="22583" /><E27/><V67/><F67/><N who="0" m="25610" /><D9/><U86/><E86/><V82/><F82/><W6/><G92/><T37/><D37/><U12/><E12/><V43/><F43/><W120/><G120/><T84/><D31/><U24/><E24/><V111/><F111/><W85/><G85/><T101/><D101/><U116/><E116/><V45/><REACH who="2" step="1"/><F78/><REACH who="2" ten="256,171,211,352" step="2"/><W16/><G95/><N who="0" m="54663" /><D20/><U103/><E114/><V77/><F77/><W54/><G90/><T118/><D118/><U72/><E103/><V7/><F7/><W109/><G109/><T68/><D68/><N who="1" m="41991" /><E72/><AGARI ba="0,1" hai="45,49,50,52,55,59,69,71,72,76,83,87,91,94" machi="72" ten="30,3900,0" yaku="1,1,7,1,54,1,53,0" doraHai="126" doraHaiUra="25" who="2" fromWho="1" sc="256,0,171,-39,211,49,352,0" /><INIT seed="5,0,0,4,2,120" ten="256,132,260,352" oya="1" hai0="65,115,37,110,88,129,0,114,31,18,96,57,17" hai1="36,20,46,1,124,75,16,122,3,102,28,69,99" hai2="104,73,70,12,67,11,105,41,40,24,83,6,98" hai3="47,128,89,74,123,38,121,125,108,51,79,90,22"/><U25/><E122/><V132/><F70/><W118/><G38/><T8/><D37/><U106/><E124/><V126/><F67/><W35/><G35/><T135/><D135/><U49/><E75/><V26/><F132/><W103/><G22/><T29/><D129/><U19/><E69/><V116/><F116/><W80/><G51/><T130/><D130/><U64/><E64/><V85/><F73/><W93/><G47/><T13/><D0/><U76/><E76/><V77/><F126/><W50/><G50/><T72/><D72/><U55/><E19/><V53/><F105/><W111/><G128/><T109/><D96/><U27/><REACH who="1" step="1"/><E36/><REACH who="1" ten="256,122,260,352" step="2"/><V87/><F77/><W33/><G125/><T32/><D18/><U14/><E14/><V101/><F12/><W127/><G127/><T59/><D65/><U107/><E107/><V71/><F71/><W63/><G74/><T52/><D17/><U95/><E95/><V117/><F104/><W134/><G134/><T15/><D15/><U7/><E7/><V112/><F6/><W9/><G79/><T62/><D13/><U131/><E131/><V61/><F117/><W5/><G118/><T82/><D8/><U34/><AGARI ba="0,1" hai="1,3,16,20,25,27,28,34,46,49,55,99,102,106" machi="34" ten="20,7800,0" yaku="1,1,0,1,7,1,54,1,53,0" doraHai="120" doraHaiUra="4" who="1" fromWho="1" sc="256,-26,122,88,260,-26,352,-26" /><INIT seed="5,1,0,5,4,32" ten="230,210,234,326" oya="1" hai0="103,100,85,74,50,72,83,1,116,0,135,71,5" hai1="124,111,59,89,51,6,107,95,108,10,13,117,75" hai2="109,64,65,106,132,67,130,97,58,102,7,22,38" hai3="87,110,84,119,4,26,131,122,121,11,57,82,47"/><U52/><E117/><V35/><F35/><W61/><G110/><N who="1" m="42026" /><E107/><V2/><F109/><W29/><G131/><T129/><D5/><U12/><E75/><V41/><F130/><W54/><G119/><T98/><D71/><U25/><E25/><V134/><F22/><W8/><G8/><T69/><D69/><U113/><E113/><V105/><F105/><W68/><G84/><T86/><D116/><U33/><E33/><V39/><F58/><W16/><G29/><T42/><D129/><U23/><E124/><V115/><F115/><W128/><G128/><T94/><D135/><N who="2" m="51754" /><F41/><W127/><G127/><T66/><D66/><U73/><E73/><V125/><F125/><W101/><G68/><T88/><D74/><U96/><E23/><V77/><F77/><W30/><G121/><T3/><D72/><U81/><E81/><V44/><F44/><W120/><G47/><T36/><D36/><U40/><E40/><V93/><F106/><W118/><G118/><T70/><D70/><U14/><AGARI ba="1,0" hai="6,10,12,13,14,51,52,59,89,95,96" m="42026" machi="14" ten="30,3000,0" yaku="10,1,54,1" doraHai="32" who="1" fromWho="1" sc="230,-11,210,33,234,-11,326,-11" /><INIT seed="5,2,0,1,1,24" ten="219,243,223,315" oya="1" hai0="71,8,125,62,42,105,65,34,3,61,45,19,79" hai1="87,101,0,76,10,135,102,21,95,86,117,57,49" hai2="26,114,83,110,53,120,96,27,123,52,18,124,35" hai3="44,126,112,122,20,1,130,73,107,121,54,90,11"/><U4/><E117/><V91/><F110/><W22/><G107/><T127/><D105/><U15/><E135/><V5/><F5/><W59/><G73/><T113/><D113/><U80/><E0/><V68/><F68/><W99/><G44/><T28/><D61/><U104/><E104/><V72/><F72/><W92/><G112/><T63/><D63/><U98/><E21/><V109/><F109/><W58/><G58/><T111/><D111/><U29/><E29/><V36/><F36/><W43/><G43/><T55/><D55/><N who="1" m="31983" /><E86/><V31/><F114/><W128/><G22/><T33/><D79/><U119/><E119/><V17/><F124/><N who="0" m="47690" /><D19/><U32/><E32/><V85/><F96/><W47/><G126/><T78/><D78/><U70/><E70/><V129/><F129/><W12/><G128/><T132/><D132/><U74/><E74/><V46/><F17/><W51/><G130/><T69/><D69/><U100/><AGARI ba="2,0" hai="4,10,15,76,80,87,95,98,100,101,102" m="31983" machi="100" ten="30,1500,0" yaku="8,1" doraHai="24" who="1" fromWho="1" sc="219,-7,243,21,223,-7,315,-7" /><INIT seed="5,3,0,2,3,37" ten="212,264,216,308" oya="1" hai0="124,1,35,133,45,79,112,69,65,86,119,29,105" hai1="85,66,14,54,17,4,116,107,134,94,36,130,59" hai2="3,11,80,78,97,12,8,90,23,21,92,87,83" hai3="31,96,28,26,43,9,47,30,74,20,113,55,44"/><U114/><E116/><V106/><F3/><W18/><G74/><T117/><D86/><U22/><E107/><V52/><F106/><W38/><G113/><T89/><D89/><N who="1" m="53551" /><E114/><V67/><F67/><W128/><G128/><T76/><D76/><U123/><E123/><V25/><F83/><W2/><G96/><T77/><D77/><U50/><E36/><V101/><F101/><W0/><G9/><T5/><D112/><U99/><E134/><V15/><F52/><W51/><AGARI ba="3,0" hai="0,2,18,20,26,28,30,31,38,43,44,47,51,55" machi="51" ten="30,2000,0" yaku="0,1,52,1" doraHai="37" who="3" fromWho="3" sc="212,-8,264,-13,216,-8,308,29" /><INIT seed="6,0,0,3,5,124" ten="204,251,208,337" oya="2" hai0="68,21,75,24,55,28,90,81,116,91,118,104,34" hai1="131,71,17,119,129,77,76,93,99,106,98,52,102" hai2="108,19,42,125,46,43,62,44,111,47,57,38,32" hai3="59,83,135,2,67,109,65,37,50,92,23,0,110"/><V105/><F32/><W127/><G37/><T70/><D104/><U60/><E119/><N who="0" m="45609" /><D34/><U94/><E17/><V122/><F105/><W35/><G35/><T72/><D55/><U107/><E71/><N who="0" m="27177" /><D81/><U132/><E132/><V14/><F122/><W22/><G135/><T134/><D134/><U120/><E120/><V25/><F25/><W78/><G127/><T36/><D36/><U87/><E52/><N who="2" m="34087" /><F38/><W112/><G2/><T97/><D97/><U89/><E60/><V88/><F125/><W39/><G0/><T15/><D15/><U49/><E49/><V6/><F6/><W74/><G39/><T4/><D4/><U29/><E107/><V85/><F111/><W84/><G109/><T63/><D63/><U126/><E126/><V51/><F51/><W82/><G110/><T31/><D31/><U79/><E29/><V56/><F56/><W13/><G50/><T80/><D80/><U114/><E114/><V128/><F108/><W45/><G112/><T103/><D103/><AGARI ba="0,0" hai="76,77,79,87,89,93,94,98,99,102,103,106,129,131" machi="103" ten="40,8000,1" yaku="34,3,52,2" doraHai="124" who="1" fromWho="0" sc="204,-80,251,80,208,0,337,0" /><INIT seed="7,0,0,0,2,100" ten="124,331,208,337" oya="3" hai0="52,72,103,124,3,113,74,88,8,32,76,79,126" hai1="102,40,80,35,125,1,18,98,13,12,2,55,47" hai2="11,85,43,119,68,86,78,77,31,106,22,114,51" hai3="38,132,41,73,99,111,23,96,82,133,16,14,109"/><W26/><G38/><T37/><D32/><U20/><E35/><V130/><F11/><N who="3" m="6239" /><G41/><T44/><D37/><U123/><E123/><V6/><F51/><W83/><G73/><T75/><D3/><U42/><E2/><V46/><F22/><W9/><G9/><T17/><D8/><U121/><E1/><V29/><F114/><W122/><G122/><T112/><D17/><N who="1" m="10279" /><E121/><V129/><F46/><W110/><G96/><T53/><D103/><U117/><E117/><V127/><F43/><N who="1" m="16425" /><E125/><N who="0" m="48233" /><D44/><U131/><E131/><V69/><F127/><W87/><G99/><T128/><D128/><U50/><E80/><N who="3" m="30762" /><G87/><T81/><D81/><U91/><E102/><V104/><REACH who="2" step="1"/><F6/><REACH who="2" ten="124,331,198,337" step="2"/><W89/><G89/><T108/><D88/><U116/><E91/><V57/><F57/><W71/><G71/><T24/><D24/><U25/><E25/><V34/><F34/><W0/><G0/><T4/><D4/><U107/><E50/><V49/><F49/><W94/><G94/><T28/><D28/><AGARI ba="0,1" hai="23,26,28,109,110,111,132,133" m="30762,6239" machi="28" ten="40,3900,0" yaku="10,1,54,1" doraHai="100" who="3" fromWho="0" sc="124,-39,331,0,198,0,337,49" owari="85,-41.0,331,13.0,198,-20.0,386,48.0" /></mjloggm>