<mjloggm ver="2.3"><GO type="169" lobby="0"/><UN n0="%E5%B0%B1%E6%B4%BB%E7%94%9F%40%E5%B7%9D%E6%9D%91%E8%BB%8D%E5%9B%A3" n1="%E5%A1%A9%E9%85%B8%E3%81%94%E3%81%8F%E3%81%94%E3%81%8F" n2="%E5%8D%9A%E9%BA%97%E3%82%86%E3%81%8B%E3%82%8A" n3="%E3%81%82%E3%81%8D%E3%82%89" dan="17,16,16,16" rate="2232.35,2129.23,2044.86,2092.43" sx="M,M,M,M"/><TAIKYOKU oya="0"/><INIT seed="0,0,0,1,0,78" ten="250,250,250,250" oya="0" hai0="15,126,55,119,104,111,123,26,59,71,118,44,50" hai1="38,17,135,112,12,22,87,106,70,14,61,127,99" hai2="64,67,69,105,43,107,88,10,56,130,125,62,63" hai3="103,29,77,34,40,114,6,0,121,133,96,3,74"/><T57/><D123/><U93/><E38/><V85/><F130/><W47/><G114/><T16/><D104/><U68/><E112/><V4/><F43/><W25/><G133/><T1/><D1/><U128/><E135/><V53/><F53/><W97/><G6/><T42/><D71/><U84/><E128/><V100/><F100/><W39/><G97/><T20/><D126/><U58/><E127/><V36/><F36/><W32/><G32/><T66/><D111/><U98/><E106/><V101/><F101/><W122/><G121/><T35/><D66/><U81/><E14/><V94/><REACH who="2" step="1"/><F125/><REACH who="2" ten="250,250,240,250" step="2"/><W2/><G122/><T132/><D132/><U5/><E70/><V19/><F19/><W23/><G103/><T134/><D134/><U65/><E68/><V120/><F120/><W21/><G39/><T92/><D59/><U90/><REACH who="1" step="1"/><E5/><REACH who="1" ten="250,240,240,250" step="2"/><V82/><F82/><W83/><G0/><AGARI ba="0,2" hai="0,4,10,56,62,63,64,67,69,85,88,94,105,107" machi="0" ten="30,3900,0" yaku="1,1,7,1,54,1,53,0" doraHai="78" doraHaiUra="13" who="2" fromWho="3" sc="250,0,240,0,240,59,250,-39" /><INIT seed="1,0,0,4,2,93" ten="250,240,299,211" oya="1" hai0="134,79,99,90,2,65,9,55,69,56,52,62,123" hai1="11,36,49,84,35,72,31,61,14,112,24,131,44" hai2="64,45,42,107,101,6,48,105,81,33,30,40,88" hai3="10,116,102,118,92,68,127,74,17,38,43,12,95"/><U125/><E112/><V117/><F117/><N who="3" m="45163" /><G68/><T126/><D134/><U57/><E125/><V37/><F6/><W121/><G74/><T128/><D126/><U25/><E131/><V120/><F120/><W106/><G121/><T46/><D128/><U21/><E36/><V114/><F64/><W47/><G127/><T96/><D79/><U78/><E72/><V86/><F114/><W39/><G38/><T130/><D130/><U5/><E25/><V76/><F76/><W113/><G113/><T54/><D123/><U53/><E78/><V119/><F119/><W28/><G28/><T0/><D69/><U75/><E84/><V85/><F85/><W133/><G133/><T129/><D129/><U34/><REACH who="1" step="1"/><E75/><REACH who="1" ten="250,230,299,211" step="2"/><V50/><F37/><W97/><AGARI ba="0,1" hai="10,12,17,39,43,47,92,95,97,102,106" m="45163" machi="97" ten="30,2000,0" yaku="12,1,52,1" doraHai="93" who="3" fromWho="3" sc="250,-5,230,-10,299,-5,211,30" /><INIT seed="2,0,0,5,3,88" ten="245,220,294,241" oya="2" hai0="112,79,73,28,104,98,27,100,96,92,18,119,61" hai1="37,124,1,68,59,67,106,84,80,128,95,72,65" hai2="56,43,12,69,74,90,23,3,115,125,129,64,6" hai3="30,135,121,20,132,81,108,50,103,36,60,114,117"/><V87/><F115/><W44/><G117/><T53/><D112/><U5/><E106/><V116/><F74/><W99/><G114/><T32/><D119/><U26/><E37/><V22/><F116/><W39/><G121/><T14/><D73/><U127/><E128/><V123/><F123/><W55/><G81/><T78/><D61/><U75/><E59/><V48/><F129/><W47/><G60/><T31/><D53/><U2/><E26/><V134/><F3/><W7/><G7/><T120/><D31/><U42/><E42/><V8/><F125/><N who="1" m="48201" /><E5/><V4/><F134/><N who="3" m="51243" /><G44/><T130/><D130/><U33/><E33/><V83/><F69/><W93/><G108/><T71/><D71/><U24/><E24/><AGARI ba="0,0" hai="20,24,30,36,39,47,50,55,93,99,103" m="51243" machi="24" ten="30,2000,0" yaku="20,1,52,1" doraHai="88" who="3" fromWho="1" sc="245,0,220,-20,294,0,241,20" /><INIT seed="3,0,0,4,0,35" ten="245,200,294,261" oya="3" hai0="0,102,75,58,116,127,107,96,38,20,32,12,65" hai1="125,124,121,25,28,48,42,72,46,92,103,76,4" hai2="68,133,132,135,55,85,89,105,117,106,131,119,99" hai3="47,19,3,122,80,100,134,51,43,90,5,29,54"/><W15/><G122/><T101/><D116/><N who="2" m="44618" /><F55/><W14/><G3/><T120/><D0/><U8/><E121/><V104/><F68/><W87/><G134/><T39/><D32/><U113/><E113/><V27/><F27/><W88/><G100/><T59/><D75/><U129/><E129/><V34/><F34/><W91/><G29/><T21/><D127/><N who="1" m="48715" /><E76/><V123/><F123/><W86/><G86/><T33/><D33/><U110/><E72/><V11/><F11/><N who="3" m="4463" /><G43/><T30/><D102/><U73/><E110/><V26/><F26/><W24/><G24/><T22/><D30/><U112/><E112/><V56/><F56/><W16/><G19/><T109/><D109/><U37/><E73/><V62/><F62/><W77/><G77/><T44/><D120/><U40/><E92/><N who="2" m="54319" /><F131/><W10/><AGARI ba="0,0" hai="10,15,16,47,51,54,80,87,88,90,91" m="4463" machi="10" ten="30,11700,0" yaku="25,1,8,1,54,2" doraHai="35" who="3" fromWho="3" sc="245,-39,200,-39,294,-39,261,117" /><INIT seed="3,1,0,3,5,93" ten="206,161,255,378" oya="3" hai0="75,11,9,103,62,27,115,30,88,102,76,83,32" hai1="47,35,22,23,3,68,78,109,17,59,112,2,70" hai2="84,10,119,100,129,21,49,19,53,54,48,108,55" hai3="40,85,118,13,124,135,1,66,36,97,63,8,117"/><W114/><G114/><T58/><D115/><U107/><E112/><V46/><F119/><W18/><G135/><T73/><D73/><U92/><E35/><V82/><F129/><W33/><G124/><T122/><D122/><U38/><E78/><V80/><F108/><W110/><G33/><T123/><D123/><U14/><E109/><V51/><F100/><W98/><G110/><T25/><D25/><U91/><E107/><V77/><F80/><W5/><G40/><T71/><D71/><U134/><E68/><V72/><F72/><W7/><G36/><T50/><D50/><U61/><E70/><V105/><F105/><W31/><G31/><T29/><D29/><U132/><E23/><V67/><F67/><W104/><G104/><T127/><D127/><U94/><E94/><V52/><REACH who="2" step="1"/><F10/><REACH who="2" ten="206,161,245,378" step="2"/><W6/><G118/><T111/><D111/><U64/><E134/><V113/><F113/><W125/><G117/><T60/><D103/><U41/><REACH who="1" step="1"/><E132/><REACH who="1" ten="206,151,245,378" step="2"/><V34/><F34/><W95/><G125/><T79/><D32/><U86/><AGARI ba="1,2" hai="2,3,14,17,22,38,41,47,59,61,64,86,91,92" machi="86" ten="20,5200,0" yaku="1,1,2,1,0,1,7,1,53,0" doraHai="93" doraHaiUra="45" who="1" fromWho="1" sc="206,-14,151,75,245,-14,378,-27" /><INIT seed="4,0,0,1,0,95" ten="192,226,231,351" oya="0" hai0="70,15,25,26,63,112,99,2,51,105,64,22,78" hai1="87,127,89,77,21,34,98,79,7,13,0,62,91" hai2="88,60,85,47,42,16,24,116,38,35,69,82,66" hai3="12,50,118,54,113,17,20,103,73,129,106,31,115"/><T130/><D2/><U80/><E127/><V131/><F116/><W49/><G73/><T119/><D119/><U128/><E128/><V133/><F133/><W55/><G118/><T33/><D130/><U57/><E34/><V10/><F131/><W6/><G6/><T83/><D112/><N who="3" m="43081" /><G31/><T53/><D15/><U40/><E40/><V117/><F117/><W108/><G108/><T28/><D83/><U56/><E0/><V81/><F35/><W39/><G39/><T14/><D14/><U8/><E21/><V114/><F114/><W58/><G129/><T44/><D78/><U93/><REACH who="1" step="1"/><E56/><REACH who="1" ten="192,216,231,351" step="2"/><V94/><REACH who="2" step="1"/><F10/><REACH who="2" ten="192,216,221,351" step="2"/><W46/><G20/><AGARI ba="0,2" hai="16,20,24,38,42,47,60,66,69,81,82,85,88,94" machi="20" ten="40,8000,1" yaku="1,1,2,1,54,2,53,0" doraHai="95" doraHaiUra="45" who="2" fromWho="3" sc="192,0,216,0,221,100,351,-80" /><INIT seed="5,0,0,2,3,1" ten="192,216,321,271" oya="1" hai0="97,31,119,46,88,112,96,9,83,63,61,30,48" hai1="68,43,35,56,69,108,129,86,14,101,21,10,125" hai2="45,67,74,130,23,0,102,12,80,7,53,13,19" hai3="49,60,120,70,121,34,115,106,41,132,85,89,116"/><U54/><E35/><V126/><F0/><W24/><G106/><T64/><D119/><U81/><E43/><V77/><F130/><W135/><G116/><T134/><D134/><N who="3" m="51241" /><G115/><T57/><D112/><U107/><E129/><V59/><F126/><W110/><G110/><T113/><D113/><U40/><E40/><V39/><F67/><N who="3" m="41319" /><G41/><T72/><D72/><U25/><E125/><V99/><F45/><W94/><G49/><T65/><D9/><U33/><E33/><V109/><F39/><W3/><G3/><T66/><D96/><U20/><E101/><V128/><F109/><W78/><G78/><T111/><D111/><U4/><E107/><V131/><F99/><W2/><G2/><T98/><D98/><U29/><E21/><V38/><F102/><W75/><G75/><T73/><D73/><U16/><E29/><AGARI ba="0,0" hai="24,29,34,85,89,94,120,121" m="41319,51241" machi="29" ten="30,1000,0" yaku="20,1" doraHai="1" who="3" fromWho="1" sc="192,0,216,-10,321,0,271,10" /><INIT seed="6,0,0,4,5,80" ten="192,206,321,281" oya="2" hai0="36,100,109,20,135,76,98,124,122,115,37,104,30" hai1="112,0,65,23,129,72,9,91,103,43,29,75,99" hai2="68,111,10,38,24,60,18,102,114,93,7,19,121" hai3="92,27,3,131,45,44,96,48,54,51,81,28,88"/><V42/><F114/><W35/><G131/><T4/><D122/><U59/><E129/><V90/><F102/><W127/><G127/><T32/><D109/><U39/><E112/><V123/><F111/><W62/><G62/><T31/><D115/><U116/><E116/><V130/><F130/><W11/><G81/><T67/><D124/><U21/><E39/><V89/><F90/><W126/><G126/><T63/><D135/><U95/><E43/><V69/><F69/><W77/><G77/><T1/><D20/><U49/><E0/><V52/><F68/><W58/><REACH who="3" step="1"/><G51/><REACH who="3" ten="192,206,321,271" step="2"/><T13/><D76/><U106/><E49/><V101/><F60/><W14/><G14/><T26/><D13/><U83/><E83/><V53/><F121/><W107/><G107/><T2/><D31/><U15/><E29/><V70/><F38/><W97/><G97/><T134/><D134/><U84/><E75/><V128/><F123/><W117/><G117/><T46/><D2/><U82/><E72/><V47/><F128/><W12/><G12/><T120/><D120/><U34/><E106/><V41/><F70/><W40/><G40/><T66/><D66/><U16/><E34/><V113/><F42/><W133/><G133/><T17/><D1/><U132/><E132/><V78/><F78/><W74/><G74/><T61/><D61/><AGARI ba="0,1" hai="9,15,16,21,23,59,61,65,82,84,91,95,99,103" machi="61" ten="40,5200,0" yaku="8,1,52,1,54,1" doraHai="80" who="1" fromWho="0" sc="192,-52,206,62,321,0,271,0" /><INIT seed="7,0,0,2,1,49" ten="140,268,321,271" oya="3" hai0="111,125,106,3,58,124,89,129,37,27,83,35,33" hai1="121,132,4,107,74,46,75,105,85,31,15,5,126" hai2="99,112,17,30,80,87,50,109,117,16,95,133,61" hai3="92,84,70,45,18,52,93,115,79,101,127,73,29"/><W23/><G70/><T81/><D106/><U19/><E121/><V14/><F109/><W90/><G127/><T62/><D37/><U10/><E126/><V120/><F117/><W20/><G115/><T72/><D3/><U34/><E132/><V38/><F133/><W0/><G0/><T118/><D111/><U43/><E5/><V54/><F38/><W114/><G114/><T9/><D118/><U110/><E110/><V134/><F30/><W119/><G119/><T25/><D129/><U128/><E128/><V56/><F134/><W100/><G29/><T122/><D122/><U82/><E105/><V98/><F98/><W57/><G45/><T65/><D72/><U2/><E107/><V77/><F112/><W44/><G44/><T67/><D9/><U42/><E31/><V41/><F14/><N who="3" m="9303" /><G73/><T12/><D12/><U97/><E97/><V7/><F7/><W64/><G64/><T28/><D89/><U32/><E75/><V78/><F120/><W59/><G59/><T94/><D58/><U116/><E74/><V55/><F78/><W6/><G6/><T88/><D28/><U104/><E104/><V53/><F17/><W123/><G123/><T47/><D47/><U135/><E135/><V63/><F16/><W69/><G69/><T113/><D113/><U71/><E71/><V48/><F56/><W24/><G79/><T1/><D1/><U131/><E116/><V22/><F77/><W130/><G130/><T11/><D11/><N who="1" m="6655" /><E131/><V91/><F22/><W13/><G23/><T8/><D124/><U103/><E46/><V66/><F66/><RYUUKYOKU ba="0,0" sc="140,0,268,0,321,0,271,0" owari="140,-36.0,268,-13.0,321,42.0,271,7.0" /></mjloggm>