<mjloggm ver="2.3"><GO type="169" lobby="0"/><UN n0="%6D%6F%6E%6F%6B%65%61" n1="%E3%83%88%E3%83%BC%E3%83%9E%E3%82%B5" n2="%7A%65%72%6F%52%58" n3="%E5%B0%B1%E6%B4%BB%E7%94%9F%40%E5%B7%9D%E6%9D%91%E8%BB%8D%E5%9B%A3" dan="16,17,17,17" rate="2114.35,2180.48,2189.35,2172.37" sx="M,M,M,M"/><TAIKYOKU oya="0"/><INIT seed="0,0,0,0,1,114" ten="250,250,250,250" oya="0" hai0="76,108,30,80,120,130,117,58,111,88,9,1,68" hai1="43,71,5,133,2,23,11,66,13,121,90,27,89" hai2="112,18,70,55,35,21,37,54,104,131,51,67,45" hai3="20,73,50,122,82,6,64,81,26,86,48,60,79"/><T52/><D68/><U32/><E121/><V119/><F112/><W84/><G6/><N who="0" m="1231" /><D120/><U115/><E115/><V96/><F35/><W109/><G109/><N who="0" m="42059" /><D30/><N who="1" m="19551" /><E43/><V107/><F131/><W97/><G97/><T34/><D34/><U4/><E4/><V8/><F8/><W125/><G125/><T17/><D17/><N who="1" m="10671" /><E133/><V36/><F70/><W100/><G100/><T0/><D0/><U126/><E126/><V128/><F128/><W38/><G122/><T99/><D130/><U77/><E77/><V59/><F96/><W63/><G38/><T47/><D47/><U87/><E87/><V33/><F45/><W118/><G73/><T98/><D76/><U49/><E49/><V124/><F51/><W15/><G79/><T101/><D101/><U28/><E28/><V40/><F124/><W94/><G26/><T93/><D80/><U75/><E75/><V19/><F37/><W127/><G127/><T116/><D99/><U31/><E31/><V92/><F36/><W72/><G72/><T42/><D42/><U83/><E83/><V134/><F40/><W14/><G82/><T65/><D65/><U3/><E3/><V129/><F67/><W39/><G81/><T103/><D103/><U44/><E44/><V22/><F129/><W24/><G39/><T62/><AGARI ba="0,0" hai="52,58,62,88,93,98,116,117" m="42059,1231" machi="62" ten="30,18000,2" yaku="14,1,10,1,52,2,54,2" doraHai="114" who="0" fromWho="0" sc="250,180,250,-60,250,-60,250,-60" /><INIT seed="0,1,0,3,4,8" ten="430,190,190,190" oya="0" hai0="104,56,46,40,59,72,106,22,19,116,81,26,89" hai1="11,82,34,121,108,75,120,133,13,21,99,102,70" hai2="101,85,20,97,62,77,17,0,79,42,49,33,131" hai3="2,47,92,18,117,41,45,84,73,76,50,88,25"/><T94/><D116/><U105/><E34/><V5/><F33/><W87/><G117/><T55/><D104/><U24/><E108/><V6/><F131/><W96/><G2/><T23/><D106/><U35/><E70/><V63/><F0/><W12/><G25/><T4/><D4/><N who="2" m="1642" /><F97/><W110/><G110/><T64/><D64/><U95/><E35/><V134/><F101/><W38/><G73/><T123/><D123/><U71/><E71/><V58/><F134/><W32/><G76/><N who="2" m="29257" /><F85/><W53/><REACH who="3" step="1"/><G32/><REACH who="3" ten="430,190,190,180" step="2"/><T15/><D72/><U109/><E75/><V36/><F36/><W74/><G74/><T128/><D128/><U107/><E109/><V118/><F118/><W51/><G51/><N who="0" m="29175" /><D81/><U103/><E82/><V37/><F37/><W68/><G68/><T130/><D130/><U52/><E120/><V44/><F63/><W126/><G126/><T119/><D119/><U113/><E121/><V1/><F1/><W43/><G43/><T39/><D40/><U69/><E69/><V86/><F62/><W10/><AGARI ba="1,1" hai="10,12,18,38,41,45,47,50,53,84,87,88,92,96" machi="10" ten="20,8000,1" yaku="1,1,0,1,7,1,52,1,54,1,53,0" doraHai="8" doraHaiUra="65" who="3" fromWho="3" sc="430,-41,190,-21,190,-21,180,93" /><INIT seed="1,0,0,3,4,48" ten="389,169,169,273" oya="1" hai0="16,58,86,34,106,93,23,124,101,69,74,90,43" hai1="8,135,117,41,100,6,119,109,110,134,4,118,60" hai2="128,31,87,64,9,61,57,95,39,27,5,3,15" hai3="63,131,133,121,113,126,18,37,72,38,89,36,111"/><U129/><E41/><V73/><F128/><W125/><G72/><T13/><D69/><U40/><E40/><V59/><F73/><W94/><G121/><T22/><D34/><U75/><E75/><V56/><F39/><W19/><G113/><T123/><D123/><U45/><E45/><V49/><F3/><W11/><G131/><T98/><D124/><N who="3" m="47721" /><G111/><N who="1" m="42506" /><E129/><V102/><F49/><W122/><G122/><T50/><D74/><U62/><E100/><V130/><F130/><W52/><G11/><T42/><D23/><U1/><E6/><V107/><F107/><W88/><G133/><AGARI ba="0,0" hai="1,4,8,60,62,117,118,119,133,134,135" m="42506" machi="133" ten="40,7700,0" yaku="20,1,14,1,10,1" doraHai="48" who="1" fromWho="3" sc="389,0,169,77,169,0,273,-77" /><INIT seed="1,1,0,3,2,22" ten="389,246,169,196" oya="1" hai0="6,8,3,28,93,133,74,54,25,131,36,115,43" hai1="35,111,67,78,113,38,20,46,32,85,29,2,122" hai2="71,15,126,108,12,63,101,132,99,11,118,58,121" hai3="66,49,18,27,17,130,102,109,119,68,86,107,34"/><U84/><E113/><V0/><F121/><W103/><G109/><T39/><D115/><U70/><E122/><V128/><F118/><W1/><G1/><T124/><D74/><U37/><E2/><V40/><F108/><W59/><G130/><T89/><D131/><U60/><E111/><V4/><F128/><W80/><G119/><T95/><D133/><U117/><E117/><V65/><F126/><W33/><G68/><T48/><D95/><U127/><E127/><V83/><F132/><W31/><G34/><T24/><D124/><U9/><E9/><V47/><F83/><W13/><G107/><T100/><D100/><U57/><E70/><V72/><F72/><W116/><G116/><T41/><D39/><U53/><E37/><V55/><F55/><W56/><G56/><T114/><D114/><U110/><E110/><V98/><F98/><W50/><G50/><T14/><D3/><U52/><E53/><V16/><F71/><W105/><G18/><T51/><D51/><U97/><E97/><V77/><F77/><W112/><G112/><T96/><D36/><U61/><E78/><V106/><REACH who="2" step="1"/><F16/><REACH who="2" ten="389,246,159,196" step="2"/><W88/><G105/><T79/><D79/><U19/><E19/><V21/><F21/><W69/><G69/><T42/><REACH who="0" step="1"/><D28/><REACH who="0" ten="379,246,159,196" step="2"/><U129/><E29/><V81/><F81/><W92/><G80/><T104/><D104/><U64/><E129/><V44/><F44/><AGARI ba="1,2" hai="6,8,14,24,25,41,42,43,44,48,54,89,93,96" machi="44" ten="40,8000,1" yaku="1,1,8,1,52,2,53,0" doraHai="22" doraHaiUra="135" who="0" fromWho="2" sc="379,103,246,0,159,-83,196,0" /><INIT seed="2,0,0,3,4,94" ten="482,246,76,196" oya="2" hai0="6,45,47,104,100,30,60,2,57,131,98,61,24" hai1="25,71,14,121,86,22,106,75,28,1,77,120,114" hai2="11,96,97,70,43,130,103,135,101,123,56,42,89" hai3="66,109,90,105,111,92,27,49,108,126,20,118,112"/><V54/><F70/><W107/><G118/><T102/><D131/><U21/><E1/><V37/><F123/><W4/><G126/><T74/><D74/><U73/><E71/><V122/><F122/><N who="1" m="47209" /><E106/><V5/><F130/><W84/><G4/><T85/><D6/><U36/><E36/><V68/><F68/><W63/><G49/><T110/><D2/><U127/><E127/><V26/><F26/><W15/><G15/><T41/><D110/><U19/><E114/><V31/><F31/><W53/><G53/><T134/><D134/><U39/><E39/><V124/><F135/><W129/><G129/><T65/><D41/><N who="2" m="15370" /><F37/><W67/><G112/><T132/><D132/><U17/><E28/><V59/><F89/><W133/><G133/><T3/><D3/><U72/><E86/><V50/><F59/><N who="3" m="37247" /><G67/><T80/><D61/><U87/><E87/><V58/><F58/><W51/><G51/><T44/><D102/><N who="2" m="38922" /><F124/><W116/><G116/><T35/><REACH who="0" step="1"/><D47/><REACH who="0" ten="472,246,76,196" step="2"/><U69/><E69/><V93/><F93/><W29/><AGARI ba="0,1" hai="20,27,29,84,90,92,105,107,108,109,111" m="37247" machi="29" ten="30,1100,0" yaku="14,1" doraHai="94" who="3" fromWho="3" sc="472,-3,246,-3,76,-5,196,21" /><INIT seed="3,0,0,2,1,18" ten="469,243,71,217" oya="3" hai0="19,32,118,66,86,135,89,48,44,106,47,96,119" hai1="97,69,2,43,20,73,0,100,25,23,78,77,7" hai2="21,31,62,108,81,103,112,79,63,22,134,61,16" hai3="84,12,34,85,110,10,107,122,127,68,75,24,8"/><W27/><G75/><T111/><D32/><U17/><E69/><V124/><F112/><W4/><G122/><T99/><D66/><U28/><E43/><V120/><F120/><W45/><G68/><T56/><D56/><U87/><E73/><V30/><F108/><W3/><G107/><T60/><D60/><U129/><E129/><V13/><F134/><W133/><G34/><T132/><D106/><U39/><E39/><V57/><F124/><W58/><G127/><T105/><D105/><U95/><E7/><V76/><F103/><W82/><G133/><N who="0" m="51275" /><D47/><U93/><E77/><N who="2" m="29771" /><F81/><W6/><G110/><T38/><D38/><U74/><E74/><V116/><F116/><N who="0" m="44586" /><D19/><U130/><E130/><V104/><F104/><W71/><G71/><T54/><D111/><U88/><E78/><V131/><F131/><W102/><G45/><T114/><D114/><U67/><E67/><N who="2" m="39343" /><F31/><W98/><G58/><T101/><D101/><U1/><E1/><V65/><F65/><W14/><G3/><T70/><D70/><U90/><E100/><V128/><F128/><W91/><G102/><T42/><D42/><U11/><E11/><V92/><F92/><AGARI ba="0,0" hai="44,48,54,86,89,92,96,99" m="44586,51275" machi="92" ten="30,1000,0" yaku="20,1" doraHai="18" who="0" fromWho="2" sc="469,10,243,0,71,-10,217,0" /><INIT seed="4,0,0,1,0,20" ten="479,243,61,217" oya="0" hai0="43,40,109,57,70,48,112,63,21,50,121,97,8" hai1="38,59,113,65,7,0,19,78,120,30,52,111,64" hai2="60,104,101,33,77,11,74,4,96,35,71,85,114" hai3="100,58,119,94,56,105,37,132,123,36,84,91,108"/><T128/><D112/><U86/><E120/><V46/><F114/><W44/><G119/><T17/><D121/><U27/><E113/><V3/><F85/><W25/><G108/><T31/><D109/><U93/><E38/><V87/><F87/><W133/><G123/><T42/><D70/><U124/><E124/><V51/><F51/><W92/><G105/><T10/><D128/><U81/><E19/><V90/><F90/><W32/><G100/><T24/><D97/><U88/><E7/><V41/><F60/><W126/><G126/><T117/><D117/><U75/><E0/><V23/><F23/><W83/><G83/><T115/><D115/><U72/><E72/><V130/><F71/><W102/><G102/><T67/><D10/><U9/><E9/><V39/><REACH who="2" step="1"/><F130/><REACH who="2" ten="479,243,51,217" step="2"/><W76/><G84/><T26/><D8/><U131/><E131/><V98/><F98/><W45/><G91/><T73/><D73/><U22/><E111/><V53/><F53/><W69/><G69/><T5/><D5/><U107/><E107/><V62/><F62/><AGARI ba="0,1" hai="22,27,30,52,59,62,64,65,75,78,81,86,88,93" machi="62" ten="30,7700,0" yaku="7,1,52,1,54,2" doraHai="20" who="1" fromWho="2" sc="479,0,243,87,51,-77,217,0" owari="479,58.0,330,13.0,-26,-53.0,217,-18.0" /></mjloggm>