<mjloggm ver="2.3"><GO type="169" lobby="0"/><UN n0="%E5%85%83%E7%8F%8D" n1="%E3%82%A6%E3%83%AB%E3%83%88%E3%83%A9%E7%AB%8B%E7%9B%B4" n2="%E3%83%95%E3%82%A1%E3%83%B3%E3%83%95%E3%82%A1%E3%83%BC%E3%83%AC" n3="%52%65%3A%7A%61%77%61" dan="16,16,16,16" rate="2154.81,2165.97,2093.80,2061.26" sx="M,M,M,F"/><TAIKYOKU oya="0"/><INIT seed="0,0,0,1,5,123" ten="250,250,250,250" oya="0" hai0="13,27,78,106,22,131,68,56,26,66,67,104,124" hai1="19,117,109,122,7,40,55,23,21,129,85,76,9" hai2="134,24,111,88,63,18,74,87,33,10,121,20,6" hai3="11,95,30,133,108,54,93,94,15,37,36,91,65"/><T107/><D68/><U80/><E122/><V79/><F121/><W89/><G133/><T14/><D131/><U77/><E117/><V45/><F134/><W53/><G30/><T48/><D124/><U61/><E129/><V81/><F33/><W113/><G113/><T100/><D100/><U97/><E40/><V57/><F45/><W135/><G135/><T17/><D78/><U118/><E118/><V41/><F41/><W126/><G65/><T58/><D48/><U98/><E77/><V120/><F120/><W72/><G72/><T46/><D46/><U49/><E61/><V62/><F111/><W99/><G126/><T83/><D83/><U44/><E109/><V128/><F128/><W90/><G99/><T34/><D34/><U110/><E23/><V16/><F18/><W105/><G105/><T71/><D71/><U28/><E28/><V42/><F42/><W114/><G114/><T119/><D119/><U132/><E110/><V60/><F57/><W96/><G96/><T1/><D1/><U115/><E115/><V8/><REACH who="2" step="1"/><F6/><REACH who="2" ten="250,250,240,250" step="2"/><W39/><G108/><T125/><D125/><U50/><E132/><V31/><F31/><W103/><G103/><T52/><D58/><U92/><E44/><V73/><F73/><W2/><REACH who="3" step="1"/><G2/><REACH who="3" ten="250,250,240,240" step="2"/><T75/><D75/><U29/><E29/><V70/><F70/><W47/><G47/><T82/><D67/><U64/><E64/><V116/><F116/><W102/><G102/><T112/><D66/><U35/><E35/><V130/><F130/><W4/><AGARI ba="0,2" hai="4,11,15,36,37,39,53,54,89,90,91,93,94,95" machi="4" ten="40,8000,1" yaku="1,1,0,1,29,2,53,0" doraHai="123" doraHaiUra="32" who="3" fromWho="3" sc="250,-40,250,-20,240,-20,240,100" /><INIT seed="1,0,0,5,1,46" ten="210,230,220,340" oya="1" hai0="52,62,95,78,40,54,89,107,61,71,83,102,106" hai1="45,119,126,11,33,122,97,84,47,22,113,64,70" hai2="81,42,0,132,130,93,92,85,29,125,16,8,101" hai3="128,87,131,121,100,111,120,86,3,118,68,124,44"/><U15/><E33/><V20/><F130/><N who="3" m="49707" /><G3/><T91/><D40/><U103/><E119/><V96/><F125/><W2/><G2/><T67/><D91/><U39/><E122/><V17/><F132/><W7/><G7/><T6/><D6/><U76/><E113/><V43/><F0/><W127/><G68/><T49/><D102/><U98/><E126/><N who="3" m="48170" /><G118/><T36/><D36/><U56/><E70/><V57/><F92/><W135/><G111/><T21/><D21/><U115/><E115/><V37/><F37/><W58/><G58/><T109/><D62/><U1/><E1/><V27/><F57/><W66/><G66/><T77/><D54/><U13/><E56/><V25/><F17/><W9/><G9/><T59/><D109/><U75/><E64/><V117/><F117/><W65/><G65/><T104/><REACH who="0" step="1"/><D83/><REACH who="0" ten="200,230,220,340" step="2"/><U14/><E11/><V32/><F8/><W82/><G135/><T108/><D108/><U79/><E22/><V5/><F5/><W74/><G100/><T50/><D50/><U31/><E103/><V80/><F81/><W41/><G120/><T88/><D88/><AGARI ba="0,1" hai="16,20,25,27,29,32,42,43,80,85,88,93,96,101" machi="88" ten="30,3900,0" yaku="7,1,54,2" doraHai="46" who="2" fromWho="0" sc="200,-39,230,0,220,49,340,0" /><INIT seed="2,0,0,3,2,68" ten="161,230,269,340" oya="2" hai0="106,129,7,32,116,74,6,82,132,92,99,16,120" hai1="47,25,124,75,61,21,66,101,9,113,115,98,85" hai2="44,29,22,8,91,33,58,50,0,14,118,69,126" hai3="17,112,72,31,70,79,59,83,62,84,20,78,5"/><V51/><F118/><W102/><G70/><T107/><D120/><U54/><E75/><V64/><F126/><W35/><G5/><T123/><D123/><U89/><E124/><V55/><F69/><W15/><G102/><T105/><D32/><U10/><E115/><V94/><F0/><W23/><G35/><T77/><D116/><U73/><E73/><V30/><F33/><W67/><G112/><T39/><D39/><U104/><E113/><V119/><F22/><W3/><G3/><T131/><D132/><U88/><E89/><V12/><F119/><W11/><G78/><T127/><D127/><U86/><E85/><V27/><F27/><N who="3" m="16895" /><G72/><T1/><D1/><U111/><E111/><V90/><F12/><W103/><G103/><T2/><D2/><U41/><E54/><V125/><F125/><W135/><G135/><T95/><D16/><U56/><E21/><AGARI ba="0,0" hai="11,15,17,20,21,59,62,67,79,83,84" m="16895" machi="21" ten="30,1000,0" yaku="8,1" doraHai="68" who="3" fromWho="1" sc="161,0,230,-10,269,0,340,10" /><INIT seed="3,0,0,0,1,35" ten="161,220,269,350" oya="3" hai0="26,41,86,66,116,23,53,130,117,17,70,46,15" hai1="19,75,78,132,47,119,27,112,57,120,32,34,8" hai2="59,128,106,40,1,105,3,6,133,69,126,108,114" hai3="42,10,24,96,80,28,14,51,33,101,4,84,31"/><W91/><G31/><T76/><D130/><U29/><E78/><V109/><F69/><W22/><G42/><T115/><D115/><U5/><E75/><V58/><F114/><W107/><REACH who="3" step="1"/><G51/><REACH who="3" ten="161,220,269,340" step="2"/><T100/><D41/><U2/><E29/><V64/><F40/><W45/><G45/><T65/><D46/><U49/><E47/><V118/><F128/><W90/><G90/><T98/><D76/><U102/><E49/><V88/><F88/><W121/><G121/><T79/><D79/><U67/><E120/><V89/><F89/><W16/><G16/><T82/><D17/><U124/><E19/><V50/><F50/><W61/><G61/><T94/><D100/><U122/><E102/><V134/><F134/><W104/><G104/><T20/><D117/><U39/><E119/><V37/><F118/><W43/><G43/><T113/><D116/><U87/><E132/><V131/><F133/><W52/><G52/><T62/><D53/><U38/><E112/><V18/><F18/><W12/><G12/><T72/><D15/><U55/><E55/><V95/><F131/><W125/><G125/><T111/><D62/><U83/><E124/><V0/><F126/><W30/><G30/><T7/><D113/><U81/><E122/><V129/><F129/><W36/><G36/><T48/><D48/><U25/><E39/><V97/><F37/><W11/><G11/><T56/><D66/><U54/><E67/><V123/><F64/><W127/><G127/><T93/><D65/><U71/><E38/><V74/><F123/><W21/><AGARI ba="0,1" hai="4,10,14,21,22,24,28,33,80,84,91,96,101,107" machi="21" ten="30,3000,0" yaku="1,1,0,1,53,0" doraHai="35" doraHaiUra="110" who="3" fromWho="3" sc="161,-10,220,-10,269,-10,340,40" /><INIT seed="3,1,0,2,4,46" ten="151,210,259,380" oya="3" hai0="7,36,116,6,79,5,41,126,106,61,94,121,93" hai1="78,1,107,56,99,33,65,74,13,97,24,104,70" hai2="96,86,29,38,18,91,55,54,119,8,58,37,22" hai3="64,127,71,112,98,12,23,81,67,135,95,15,101"/><W90/><G112/><T110/><D110/><U43/><E1/><V4/><F119/><W120/><G120/><T124/><D106/><U128/><E56/><V0/><F96/><W30/><G127/><N who="0" m="48683" /><D116/><U87/><E13/><N who="3" m="5194" /><G71/><T39/><D121/><U117/><E43/><V40/><F29/><W125/><G135/><T47/><D79/><U60/><E117/><V68/><F68/><W92/><G81/><T100/><D100/><U85/><E128/><V118/><F118/><W75/><G75/><T115/><D39/><U53/><E53/><V32/><F32/><W25/><G125/><T80/><D80/><N who="1" m="45143" /><E99/><AGARI ba="1,0" hai="23,25,30,64,67,90,92,95,98,99,101" m="5194" machi="99" ten="30,1500,0" yaku="8,1" doraHai="46" who="3" fromWho="1" sc="151,0,210,-18,259,0,380,18" /><INIT seed="3,2,0,3,2,25" ten="151,192,259,398" oya="3" hai0="23,130,2,22,38,47,48,31,116,62,86,125,61" hai1="13,120,7,121,53,1,88,109,10,111,74,0,51" hai2="81,69,66,55,11,32,17,77,94,122,123,70,101" hai3="128,24,34,36,90,103,12,131,18,112,28,133,57"/><W113/><G36/><T110/><D110/><N who="1" m="41995" /><E74/><V64/><F32/><W42/><G42/><T135/><D116/><U92/><E53/><V132/><F55/><W63/><G133/><T39/><D2/><N who="1" m="1131" /><E51/><V73/><F132/><W89/><G103/><T76/><D135/><U79/><E79/><V83/><F77/><W104/><G104/><T115/><D115/><U54/><E54/><V52/><F73/><W95/><G89/><T108/><D108/><U68/><E68/><V29/><F52/><N who="3" m="34215" /><G90/><T98/><D98/><AGARI ba="2,0" hai="7,10,13,88,92,98,120,121" m="1131,41995" machi="98" ten="30,2000,0" yaku="14,1,54,1" doraHai="25" who="1" fromWho="0" sc="151,-26,192,26,259,0,398,0" /><INIT seed="4,0,0,1,1,28" ten="125,218,259,398" oya="0" hai0="116,73,100,61,76,52,81,40,62,79,70,122,29" hai1="17,87,88,37,39,108,127,118,126,30,49,80,21" hai2="109,117,132,131,5,104,16,36,12,84,74,41,4" hai3="34,65,67,78,6,83,107,14,38,82,77,1,114"/><T99/><D116/><U120/><E108/><V8/><F109/><W90/><G90/><T44/><D122/><U55/><E30/><V0/><F74/><W129/><G14/><T3/><D3/><U95/><E80/><V63/><F104/><W10/><G114/><T112/><D112/><U59/><E120/><V134/><F117/><W26/><G38/><T43/><D43/><U125/><REACH who="1" step="1"/><E118/><REACH who="1" ten="125,208,259,398" step="2"/><V135/><F135/><W25/><G82/><T32/><D79/><U42/><E42/><V23/><F41/><W13/><G83/><T98/><D98/><U115/><E115/><V105/><F134/><W11/><G78/><T86/><D73/><U60/><E60/><V64/><F63/><W47/><G77/><T103/><D103/><U130/><E130/><V85/><F131/><W27/><G129/><T92/><D70/><U66/><E66/><V128/><F64/><W24/><G67/><T89/><D100/><U123/><E123/><V75/><F75/><W7/><G65/><T18/><D40/><U22/><E22/><V53/><F23/><W48/><G107/><T72/><D72/><U94/><E94/><V93/><F93/><W46/><G48/><N who="0" m="28679" /><D29/><U56/><E56/><V57/><F105/><W124/><G47/><T71/><D71/><U133/><E133/><V68/><F68/><W45/><G46/><T35/><D35/><U33/><E33/><V15/><F132/><W69/><G45/><T58/><D32/><U2/><E2/><V9/><F128/><W91/><G34/><T54/><D62/><U110/><E110/><V51/><F36/><RYUUKYOKU ba="0,1" sc="125,10,208,10,259,10,398,-30" hai0="18,54,58,61,76,81,86,89,92,99" hai1="17,21,37,39,49,55,59,87,88,95,125,126,127" hai2="0,4,5,8,9,12,15,16,51,53,57,84,85" /><INIT seed="4,1,1,4,5,49" ten="135,218,269,368" oya="0" hai0="53,109,2,84,32,15,1,33,67,21,34,129,24" hai1="81,26,31,117,93,37,125,95,66,63,90,126,23" hai2="79,22,19,40,124,62,118,0,107,74,50,47,76" hai3="46,101,41,69,98,87,103,28,35,135,45,71,131"/><T13/><D67/><U96/><E37/><V133/><F107/><W11/><G135/><T38/><D38/><U111/><E111/><V52/><F118/><W4/><G131/><T60/><D129/><U17/><E117/><V58/><F133/><W61/><G103/><T9/><D84/><U115/><E115/><V100/><F124/><W57/><G87/><T10/><D53/><U56/><E81/><V42/><F0/><N who="0" m="106" /><D60/><U92/><E17/><V59/><F100/><W78/><G78/><N who="2" m="29737" /><F74/><W73/><G73/><T16/><D109/><U55/><E66/><N who="2" m="39255" /><F59/><W30/><G69/><T105/><D105/><U80/><E80/><V119/><F119/><W104/><G71/><T75/><D75/><U51/><E63/><V82/><F82/><W114/><G114/><T25/><D10/><U72/><E72/><V54/><F42/><W7/><G41/><T44/><D44/><U18/><E93/><V88/><F88/><W110/><G46/><T70/><D70/><U39/><E95/><V122/><F122/><W14/><G45/><T8/><D8/><U127/><E39/><V20/><F20/><W108/><G108/><T5/><AGARI ba="1,1" hai="5,9,13,15,16,21,24,25,32,33,34" m="106" machi="5" ten="40,18000,2" yaku="35,5,54,1" doraHai="49" who="0" fromWho="0" sc="135,193,218,-61,269,-61,368,-61" /><INIT seed="4,2,0,3,0,99" ten="328,157,208,307" oya="0" hai0="117,113,33,31,55,39,15,19,82,114,51,22,64" hai1="121,119,111,20,92,108,101,11,60,83,96,93,58" hai2="10,123,14,65,44,68,16,104,107,72,24,9,130" hai3="62,80,7,3,87,129,109,81,116,49,98,118,8"/><T77/><D39/><U97/><E119/><V90/><F123/><W91/><G109/><T78/><D117/><U34/><E34/><V46/><F130/><W135/><G129/><T70/><D31/><U43/><E121/><V134/><F134/><W75/><G135/><T38/><D38/><U131/><E131/><V71/><F72/><W66/><G49/><T28/><D28/><U127/><E127/><V133/><F133/><W45/><G45/><T0/><D0/><U79/><E43/><V86/><F24/><W115/><G115/><N who="0" m="44043" /><D33/><U94/><E20/><V41/><F9/><W32/><G32/><T122/><D122/><U124/><E11/><V126/><F126/><W56/><G75/><T95/><D82/><U13/><E13/><V18/><F18/><W57/><G81/><T12/><D12/><U106/><E124/><V61/><F68/><W112/><G112/><T132/><D132/><U25/><E25/><V37/><REACH who="2" step="1"/><F46/><REACH who="2" ten="328,157,198,307" step="2"/><W29/><G8/><T103/><D70/><U35/><E35/><V100/><F100/><W48/><G29/><T69/><D69/><U30/><E30/><V67/><F67/><W128/><G66/><T4/><D64/><U125/><E125/><V63/><F63/><W85/><G62/><T53/><D4/><U105/><E60/><V73/><F73/><W120/><G7/><T17/><D17/><U2/><E111/><V47/><F47/><W84/><G120/><T88/><D103/><N who="1" m="62703" /><E108/><V27/><F27/><W40/><G128/><T1/><D19/><U50/><E101/><V102/><F102/><W5/><G118/><RYUUKYOKU ba="2,1" sc="328,-10,157,-10,198,30,307,-10" hai2="10,14,16,37,41,44,61,65,71,86,90,104,107" /><INIT seed="5,3,1,1,1,128" ten="318,147,228,297" oya="1" hai0="60,67,111,132,100,19,59,116,81,61,53,105,124" hai1="84,48,42,99,121,86,52,32,54,24,87,62,36" hai2="17,117,64,108,28,66,127,120,69,77,130,95,20" hai3="73,78,126,37,49,25,44,110,76,50,113,118,1"/><U35/><E121/><V103/><F117/><W129/><G110/><T33/><D111/><U8/><E36/><V11/><F108/><W7/><G129/><T74/><D116/><U40/><E8/><V31/><F130/><W91/><G113/><T27/><D124/><U23/><E35/><V26/><F127/><W43/><G78/><T101/><D105/><U41/><E32/><V133/><F133/><W47/><G91/><T15/><D132/><U10/><E10/><V3/><F77/><W46/><G126/><T14/><D14/><U72/><E72/><V93/><F120/><W13/><G13/><T71/><D74/><U2/><E2/><V75/><F75/><W104/><G104/><T115/><D115/><U18/><E62/><V98/><F93/><W51/><G25/><T70/><D70/><U107/><REACH who="1" step="1"/><E48/><REACH who="1" ten="318,137,228,297" step="2"/><V85/><F3/><W96/><G118/><T122/><D122/><U134/><E134/><V123/><F11/><N who="3" m="2543" /><G51/><T65/><D33/><U89/><E89/><V38/><F38/><W112/><G50/><T80/><D61/><U22/><E22/><V6/><F20/><W125/><G49/><T109/><D60/><U45/><E45/><V90/><F90/><W12/><G125/><T55/><D109/><U0/><E0/><V83/><F123/><W5/><G47/><T106/><D101/><AGARI ba="3,2" hai="18,23,24,40,41,42,52,54,84,86,87,99,101,107" machi="101" ten="40,3900,0" yaku="1,1,54,1,53,0" doraHai="128" doraHaiUra="119" who="1" fromWho="0" sc="318,-48,137,68,228,0,297,0" /><INIT seed="5,4,0,3,4,104" ten="270,205,228,297" oya="1" hai0="60,135,5,15,18,132,59,52,27,3,16,35,124" hai1="36,73,87,34,76,42,6,64,39,29,128,32,97" hai2="45,46,13,117,129,83,28,74,30,115,103,85,14" hai3="9,92,86,31,96,4,120,25,118,58,62,99,88"/><U119/><E119/><V126/><F117/><W110/><G120/><T84/><D124/><U61/><E87/><V94/><F126/><W0/><G110/><T123/><D123/><U134/><E42/><V56/><F129/><W127/><G127/><T26/><D18/><U98/><E98/><N who="2" m="59863" /><F74/><W11/><G11/><T55/><D5/><U65/><E65/><V7/><F56/><W10/><G10/><T69/><D3/><U125/><E125/><V40/><F115/><W70/><G70/><T105/><D105/><U107/><E6/><V21/><F7/><W66/><REACH who="3" step="1"/><G118/><REACH who="3" ten="270,205,228,287" step="2"/><T130/><D69/><N who="1" m="42127" /><E128/><V23/><F23/><AGARI ba="4,1" hai="0,4,9,23,25,31,58,62,66,86,88,92,96,99" machi="23" ten="30,3900,0" yaku="1,1,7,1,54,1,53,0" doraHai="104" doraHaiUra="12" who="3" fromWho="2" sc="270,0,205,0,228,-51,287,61" /><INIT seed="6,0,0,2,3,92" ten="270,205,177,348" oya="2" hai0="65,57,91,134,58,54,0,82,7,89,93,41,42" hai1="35,63,31,9,30,56,101,117,112,105,36,69,16" hai2="99,60,103,79,73,135,12,49,2,119,29,55,24" hai3="21,126,50,37,6,113,87,88,77,116,120,48,62"/><V20/><F119/><W108/><G116/><T74/><D134/><U10/><E36/><V98/><F135/><W84/><G37/><T23/><D65/><U14/><E69/><V76/><F2/><W5/><G120/><T107/><D107/><U67/><E117/><V81/><F103/><W110/><G126/><T83/><D0/><U19/><E112/><V13/><F60/><W66/><G113/><T114/><D114/><U111/><E111/><V86/><F73/><W115/><G115/><T78/><D7/><U124/><E124/><V130/><F76/><W18/><G77/><T43/><D83/><U97/><E35/><V38/><F38/><W27/><G84/><T131/><D131/><U34/><E34/><V100/><F130/><W59/><G108/><T80/><D80/><U3/><E3/><V64/><F64/><W95/><G110/><T129/><D129/><U11/><E11/><V94/><F99/><W104/><G104/><T106/><D106/><U85/><E85/><V51/><REACH who="2" step="1"/><F51/><AGARI ba="0,0" hai="5,6,18,21,27,48,50,51,59,62,66,87,88,95" machi="51" ten="40,2600,0" yaku="8,1,54,1" doraHai="92" who="3" fromWho="2" sc="270,0,205,0,177,-26,348,26" /><INIT seed="7,0,0,2,4,12" ten="270,205,151,374" oya="3" hai0="51,127,86,42,103,91,6,55,81,79,73,106,47" hai1="54,126,87,99,65,83,110,112,56,125,131,17,24" hai2="93,19,37,33,100,84,22,133,89,48,36,39,27" hai3="25,92,9,128,96,134,75,1,20,82,66,71,40"/><W130/><G40/><T64/><D127/><U124/><E131/><V30/><F133/><W129/><G134/><T44/><D64/><U45/><E112/><V113/><F113/><W104/><G104/><T46/><D6/><U21/><E110/><V11/><F100/><W31/><G66/><T118/><D118/><U16/><E99/><V50/><REACH who="2" step="1"/><F11/><REACH who="2" ten="270,205,141,374" step="2"/><W109/><G9/><T4/><D42/><U121/><E121/><V88/><F88/><W102/><G102/><T34/><D103/><U38/><E126/><V13/><AGARI ba="0,1" hai="13,19,22,27,30,33,36,37,39,48,50,84,89,93" machi="13" ten="30,4000,0" yaku="1,1,0,1,52,1,53,0" doraHai="12" doraHaiUra="101" who="2" fromWho="2" sc="270,-10,205,-10,141,50,374,-20" owari="260,6.0,195,-20.0,191,-31.0,354,45.0" /></mjloggm>