<mjloggm ver="2.3"><GO type="169" lobby="0"/><UN n0="%E4%B8%AD%E3%81%AE%E4%B8%8A" n1="%E9%A2%A8%E8%BB%8A%E3%81%AE%E7%B5%B5%E7%90%86%E5%AD%90" n2="%E3%83%A0%E3%82%B5%E3%82%B5%E3%83%93%4B%4B" n3="%E5%B0%B1%E6%B4%BB%E7%94%9F%40%E5%B7%9D%E6%9D%91%E8%BB%8D%E5%9B%A3" dan="16,17,16,18" rate="2165.08,2157.60,2125.19,2317.15" sx="M,F,M,M"/><TAIKYOKU oya="0"/><INIT seed="0,0,0,0,0,1" ten="250,250,250,250" oya="0" hai0="32,28,115,4,54,40,93,71,95,81,51,41,70" hai1="118,117,23,85,65,18,76,112,31,58,55,38,120" hai2="17,109,107,83,13,123,29,77,110,48,19,14,25" hai3="67,108,102,26,134,10,44,121,80,124,131,7,87"/><T94/><D115/><U84/><E38/><V33/><F107/><W64/><G121/><T129/><D129/><U8/><E120/><V35/><F123/><W101/><G131/><T128/><D128/><U74/><E65/><V75/><F48/><W90/><G124/><T113/><D113/><U119/><E112/><V98/><F98/><W132/><G108/><N who="2" m="41577" /><F35/><W43/><G26/><T21/><D32/><U106/><E106/><V53/><F53/><W37/><G67/><T126/><D126/><U97/><E97/><V16/><AGARI ba="0,0" hai="13,14,16,17,19,25,29,33,75,77,83" m="41577" machi="16" ten="30,2000,0" yaku="14,1,54,1" doraHai="1" who="2" fromWho="2" sc="250,-10,250,-5,250,20,250,-5" /><INIT seed="1,0,0,1,0,17" ten="240,245,270,245" oya="1" hai0="32,88,33,26,45,43,130,14,51,56,30,31,67" hai1="22,29,6,118,42,13,76,115,83,75,104,55,108" hai2="16,44,35,109,37,105,72,57,78,52,1,25,120" hai3="84,122,103,86,81,119,34,99,24,4,71,62,39"/><U106/><E115/><V15/><F120/><W91/><G122/><T61/><D130/><U63/><E118/><V69/><F69/><W97/><G119/><T134/><D134/><U11/><E42/><V70/><F70/><W102/><G39/><T94/><D14/><U126/><E126/><V68/><F68/><W46/><G4/><T49/><D49/><U79/><E79/><V117/><F117/><W113/><G113/><T0/><D0/><U36/><E36/><V93/><F105/><W124/><G124/><T3/><D3/><U12/><E108/><V2/><F109/><W5/><G5/><T90/><REACH who="0" step="1"/><D94/><REACH who="0" ten="230,245,270,245" step="2"/><U85/><E104/><V123/><F93/><W10/><G62/><T27/><AGARI ba="0,1" hai="26,27,30,31,32,33,43,45,51,56,61,67,88,90" machi="27" ten="30,12000,2" yaku="1,1,2,1,0,1,9,1,54,1,53,2" doraHai="17" doraHaiUra="21" who="0" fromWho="0" sc="230,130,245,-60,270,-30,245,-30" /><INIT seed="2,0,0,5,4,117" ten="360,185,240,215" oya="2" hai0="11,102,134,67,34,135,114,107,9,105,48,45,108" hai1="56,39,90,96,41,17,84,5,76,52,47,104,65" hai2="7,32,62,18,27,92,51,86,54,8,13,58,26" hai3="4,20,61,111,127,100,31,85,118,113,59,93,99"/><V75/><F75/><W133/><G118/><T44/><D114/><U94/><E65/><V77/><F32/><W97/><G113/><T87/><D34/><U10/><E17/><V38/><F38/><W55/><G127/><T30/><D30/><U88/><E76/><V72/><F72/><W95/><G133/><N who="0" m="50699" /><D108/><U57/><E57/><V23/><F62/><W42/><G111/><T98/><D105/><U22/><E22/><V71/><F71/><W2/><G42/><N who="0" m="24599" /><D45/><U116/><E116/><V46/><F46/><W89/><G2/><T81/><D67/><U78/><E78/><AGARI ba="0,0" hai="9,11,78,81,87,98,102,107" m="24599,50699" machi="78" ten="30,1000,0" yaku="20,1" doraHai="117" who="0" fromWho="1" sc="360,10,185,-10,240,0,215,0" /><INIT seed="3,0,0,3,5,88" ten="370,175,240,215" oya="3" hai0="128,122,41,132,12,83,105,54,87,112,33,76,98" hai1="74,24,44,120,91,65,124,16,85,17,92,40,107" hai2="116,126,95,39,130,103,36,84,96,68,25,14,49" hai3="2,129,113,57,134,61,104,4,111,29,1,59,30"/><W56/><G113/><T22/><D33/><U72/><E107/><V47/><F116/><W42/><G104/><T93/><D122/><U78/><E120/><V35/><F68/><W63/><G129/><T6/><D128/><U48/><E65/><V31/><F130/><W27/><G134/><T43/><D132/><U18/><E124/><V51/><F126/><W38/><G111/><T19/><D112/><U11/><E78/><V32/><F32/><W86/><G86/><T127/><D127/><U118/><E118/><V77/><F49/><W99/><G99/><T101/><D6/><U114/><E114/><V34/><F34/><W102/><G102/><T46/><D105/><U119/><E119/><V37/><F14/><W90/><G90/><T21/><D21/><U3/><REACH who="1" step="1"/><E24/><REACH who="1" ten="370,165,240,215" step="2"/><V53/><REACH who="2" step="1"/><F36/><REACH who="2" ten="370,165,230,215" step="2"/><W125/><G125/><T81/><D76/><U117/><E117/><V82/><AGARI ba="0,2" hai="25,31,35,37,39,47,51,53,77,82,84,95,96,103" machi="82" ten="30,7900,0" yaku="1,1,2,1,0,1,52,1,53,0" doraHai="88" doraHaiUra="7" who="2" fromWho="2" sc="370,-20,165,-20,230,99,215,-39" /><INIT seed="4,0,0,3,0,9" ten="350,145,329,176" oya="0" hai0="34,25,89,77,20,28,108,47,52,90,64,88,5" hai1="99,58,131,55,86,46,109,107,65,44,43,42,123" hai2="117,30,2,114,56,69,84,94,68,98,128,115,23" hai3="60,100,122,132,75,102,120,87,6,133,26,130,32"/><T35/><D108/><U105/><E109/><V111/><F111/><W85/><G6/><T78/><D64/><U80/><E65/><V51/><F2/><W74/><G60/><T66/><D66/><U121/><E99/><V97/><F117/><W15/><G26/><T112/><D112/><N who="2" m="43050" /><F128/><W126/><G32/><T119/><D119/><U1/><E1/><V63/><F51/><W17/><G17/><T7/><D35/><U21/><E21/><V70/><F30/><W135/><G15/><T27/><D27/><U113/><E113/><V29/><F29/><W83/><G83/><T40/><D34/><U24/><E24/><V101/><F23/><W41/><G41/><T10/><D52/><U82/><E86/><N who="3" m="32778" /><G126/><T33/><D33/><U53/><REACH who="1" step="1"/><E58/><REACH who="1" ten="350,135,329,176" step="2"/><V129/><F56/><W37/><G130/><AGARI ba="0,1" hai="42,43,44,46,53,55,80,82,105,107,121,123,130,131" machi="130" ten="25,6400,0" yaku="1,1,2,1,22,2,53,0" doraHai="9" doraHaiUra="54" who="1" fromWho="3" sc="350,0,135,74,329,0,176,-64" /><INIT seed="5,0,0,5,0,100" ten="350,209,329,112" oya="1" hai0="54,47,15,56,62,60,107,104,2,94,19,35,48" hai1="117,125,1,97,4,80,114,72,96,121,119,102,21" hai2="37,68,108,41,124,46,128,16,113,31,58,32,44" hai3="83,132,71,29,38,135,13,8,69,30,116,91,89"/><U61/><E121/><V75/><F108/><W120/><G38/><T51/><D2/><U64/><E96/><V23/><F68/><W50/><G120/><T122/><D122/><U103/><E102/><V115/><F75/><W131/><G116/><T14/><D35/><U101/><E101/><V112/><F128/><W67/><G131/><T90/><D51/><U57/><E21/><V55/><F124/><W85/><G50/><T99/><D62/><U76/><E125/><V109/><F109/><W81/><G8/><T118/><D118/><U110/><E110/><V84/><F84/><W52/><G85/><T7/><D7/><U43/><E43/><V127/><F127/><W45/><G45/><T134/><D134/><U105/><REACH who="1" step="1"/><E114/><REACH who="1" ten="350,199,329,112" step="2"/><V88/><F41/><W6/><G132/><T79/><D79/><U59/><E59/><V111/><F58/><W93/><G135/><T49/><D56/><U5/><E5/><V40/><F115/><W42/><G6/><T70/><D99/><U24/><E24/><V78/><F113/><W18/><G42/><T126/><D126/><U65/><E65/><V12/><F112/><W98/><G18/><T86/><D19/><U82/><E82/><V22/><F111/><W63/><G98/><T133/><D133/><U11/><AGARI ba="0,1" hai="1,4,11,57,61,64,72,76,80,97,103,105,117,119" machi="11" ten="30,11700,0" yaku="1,1,0,1,52,1,53,1" doraHai="100" doraHaiUra="95" who="1" fromWho="1" sc="350,-39,199,127,329,-39,112,-39" /><INIT seed="5,1,0,5,2,84" ten="311,326,290,73" oya="1" hai0="124,68,12,86,126,63,115,37,110,72,4,114,43" hai1="48,94,135,123,34,19,44,52,67,6,24,88,74" hai2="38,78,60,112,45,11,61,31,90,81,70,42,127" hai3="117,46,13,9,66,56,20,22,87,26,111,8,103"/><U1/><E74/><V121/><F121/><W104/><G111/><T40/><D72/><U47/><E123/><V122/><F122/><W91/><G117/><T54/><D4/><U97/><E67/><V49/><F127/><N who="0" m="48682" /><D12/><U10/><E135/><V35/><F112/><N who="0" m="43050" /><D110/><U3/><E3/><V132/><F132/><W100/><G104/><T39/><D86/><U77/><E77/><V85/><F11/><W71/><G71/><T14/><D14/><U129/><E129/><V30/><F70/><W125/><G125/><T130/><D130/><U93/><E93/><V108/><F108/><W89/><G46/><T62/><D68/><U23/><E34/><V120/><F120/><W134/><G134/><T5/><D5/><U107/><E107/><V106/><F106/><W41/><G87/><T0/><D0/><U51/><E51/><V133/><F133/><W75/><G75/><T69/><D69/><U116/><E116/><V18/><F35/><W118/><G118/><T95/><D95/><U7/><E7/><V113/><F113/><W55/><G41/><N who="0" m="15947" /><D54/><U21/><E21/><N who="3" m="8298" /><G26/><T119/><D119/><U82/><E82/><V83/><F81/><W79/><G79/><T101/><D101/><N who="3" m="38985" /><G66/><T105/><D105/><U28/><REACH who="1" step="1"/><E47/><REACH who="1" ten="311,316,290,73" step="2"/><N who="2" m="24023" /><F78/><W99/><G99/><T64/><D64/><U33/><E33/><V25/><F83/><W98/><G98/><T102/><D102/><U92/><E92/><V32/><F32/><W65/><G65/><T15/><D37/><U76/><E76/><V36/><F36/><W16/><G8/><T59/><D39/><U57/><E57/><RYUUKYOKU ba="1,1" sc="311,-15,316,15,290,-15,73,15" hai1="1,6,10,19,23,24,28,44,48,52,88,94,97" hai3="9,13,16,55,56,89,91" /><INIT seed="5,2,1,3,2,112" ten="296,331,275,88" oya="1" hai0="34,62,70,103,55,40,101,113,125,135,130,121,15" hai1="64,114,115,27,92,0,14,78,74,68,7,120,28" hai2="19,71,128,51,56,30,106,105,23,50,37,16,99" hai3="124,132,48,17,49,18,8,20,63,100,122,26,77"/><U45/><E14/><V42/><F71/><W4/><G122/><T85/><D34/><U73/><E92/><V60/><F37/><W61/><G124/><T93/><D113/><N who="1" m="43019" /><E45/><V11/><F106/><W133/><G100/><T25/><D125/><U94/><E94/><V65/><F105/><W38/><G77/><T36/><D121/><U57/><E57/><V108/><F108/><W117/><G38/><T109/><D109/><U33/><E78/><V107/><F107/><W131/><G131/><T24/><D70/><U75/><E120/><V129/><F129/><W9/><G20/><T123/><D93/><U79/><E79/><V126/><F126/><W83/><G26/><T44/><D15/><U111/><E111/><V3/><F128/><W127/><G127/><T39/><D24/><U97/><E97/><V22/><F99/><W13/><G13/><T58/><D25/><U54/><E54/><V116/><F23/><W90/><G90/><T52/><D103/><U104/><E104/><V102/><F102/><W96/><G96/><T76/><D101/><U98/><E98/><V91/><F91/><W59/><G59/><N who="0" m="35175" /><D123/><U29/><E29/><V118/><F30/><W86/><G86/><T66/><D130/><U87/><E87/><V5/><F22/><W31/><G31/><T134/><D85/><U72/><E72/><V10/><F10/><W35/><G83/><T81/><D81/><U46/><E46/><V69/><F69/><W6/><REACH who="3" step="1"/><G35/><REACH who="3" ten="296,331,275,78" step="2"/><T119/><D76/><U84/><E84/><V2/><F3/><W1/><G1/><T53/><D58/><RYUUKYOKU ba="2,2" sc="296,-10,331,-10,275,-10,78,30" hai3="4,6,8,9,17,18,48,49,61,63,117,132,133" /><INIT seed="6,3,2,3,1,82" ten="286,321,265,108" oya="2" hai0="25,89,47,124,33,51,111,93,58,66,71,57,104" hai1="121,94,17,26,24,3,55,22,79,115,68,52,38" hai2="91,16,131,4,30,44,19,43,32,96,135,36,42" hai3="56,126,60,109,2,119,46,80,72,9,77,123,34"/><V114/><F114/><W18/><G123/><T105/><D111/><U130/><E38/><V108/><F108/><W45/><G109/><T129/><D71/><U127/><E68/><V125/><F4/><W100/><G34/><T107/><D129/><U95/><E3/><V65/><F131/><W50/><G119/><T67/><D124/><U41/><E41/><V28/><F125/><W40/><G126/><T21/><D33/><U37/><E37/><V73/><F73/><W84/><G100/><T62/><D58/><U120/><E127/><V87/><F96/><W99/><G99/><T110/><D67/><U133/><E130/><V10/><F135/><W6/><G18/><N who="2" m="6697" /><F36/><W86/><REACH who="3" step="1"/><G45/><REACH who="3" ten="286,321,265,98" step="2"/><T0/><D47/><U117/><E117/><V53/><F32/><W78/><G78/><T31/><D110/><U90/><E79/><V134/><F134/><W63/><G63/><T116/><D62/><U132/><E17/><V5/><F5/><W59/><G59/><T64/><D57/><U23/><E90/><V81/><F10/><W61/><G61/><T20/><D89/><U13/><E115/><V92/><F65/><AGARI ba="3,3" hai="2,6,9,40,46,50,56,60,65,72,77,80,84,86" machi="65" ten="30,7700,0" yaku="1,1,7,1,52,2,53,0" doraHai="82" doraHaiUra="101" who="3" fromWho="2" sc="286,0,321,0,265,-86,98,116" /><INIT seed="7,0,0,5,5,97" ten="286,321,179,214" oya="3" hai0="52,102,16,90,100,2,9,12,22,17,45,32,119" hai1="63,47,124,88,27,36,127,8,95,120,84,29,31" hai2="23,20,85,55,71,62,59,68,123,126,73,28,105" hai3="30,25,87,43,125,69,35,104,3,40,109,7,135"/><W89/><G104/><T61/><D32/><U72/><E72/><V133/><F73/><W75/><G75/><T37/><D119/><U93/><E120/><V54/><F123/><W107/><G69/><T38/><D2/><U116/><E116/><V96/><F133/><W114/><G114/><T50/><D38/><U121/><E121/><V15/><F126/><N who="1" m="48169" /><E63/><V66/><F71/><W39/><G107/><T77/><D37/><U41/><E8/><V49/><F28/><N who="1" m="10825" /><E27/><V91/><F15/><W106/><G106/><T76/><D90/><U21/><E21/><V1/><F1/><W57/><G125/><T92/><D61/><U48/><E95/><V51/><F105/><W5/><G39/><AGARI ba="0,0" hai="36,39,41,47,48,84,88,93" m="10825,48169" machi="39" ten="30,2000,0" yaku="18,1,54,1" doraHai="97" who="1" fromWho="3" sc="286,0,321,20,179,0,214,-20" owari="286,9.0,341,44.0,179,-32.0,194,-21.0" /></mjloggm>