<mjloggm ver="2.3"><GO type="169" lobby="0"/><UN n0="%E9%96%A2%E4%B8%83%E6%B5%B7" n1="%E5%B0%8F%E7%89%A7%E6%84%9B%E4%BD%B3" n2="%E3%82%86%E3%81%84%E3%81%A1%E3%82%83%E3%82%93%E3%81%AE%E3%83%91%E3%83%91" n3="%E5%B0%B1%E6%B4%BB%E7%94%9F%40%E5%B7%9D%E6%9D%91%E8%BB%8D%E5%9B%A3" dan="18,16,18,18" rate="2274.89,2055.47,2152.75,2244.91" sx="M,M,M,M"/><TAIKYOKU oya="0"/><INIT seed="0,0,0,1,1,92" ten="250,250,250,250" oya="0" hai0="5,7,23,41,58,84,89,29,15,35,85,131,130" hai1="96,2,80,97,101,117,113,116,66,3,20,49,76" hai2="1,45,115,44,75,103,55,111,39,87,114,134,67" hai3="112,120,81,128,61,56,109,64,90,60,26,14,119"/><T125/><D125/><U110/><E117/><V27/><F75/><W93/><G119/><T123/><D35/><U54/><E116/><V94/><F1/><W118/><G118/><T53/><D41/><U70/><E110/><V21/><F111/><W98/><G112/><T107/><D107/><U13/><E113/><V9/><F134/><W12/><G109/><T51/><D123/><U65/><E2/><V100/><F9/><W77/><G128/><N who="0" m="49195" /><D85/><N who="1" m="48263" /><E3/><V73/><F73/><W127/><G127/><T99/><D99/><N who="1" m="37963" /><E101/><V122/><F122/><W95/><G95/><N who="0" m="54695" /><D29/><U38/><E38/><V104/><F104/><W4/><G81/><T11/><D23/><U24/><E70/><V10/><F114/><W82/><G82/><T31/><D31/><N who="1" m="17799" /><E13/><V78/><F115/><W50/><G12/><T40/><D40/><U133/><E133/><V19/><F100/><W91/><G14/><T59/><D7/><U62/><E62/><V43/><F103/><W28/><G60/><T105/><D105/><U71/><E71/><V52/><BYE who="1" /><F43/><W48/><G4/><T121/><D121/><UN n1="%E5%B0%8F%E7%89%A7%E6%84%9B%E4%BD%B3" /><U30/><E30/><V106/><F106/><W102/><G120/><T17/><D5/><U46/><AGARI ba="0,0" hai="46,49,54,65,66" m="17799,37963,48263" machi="46" ten="30,7900,0" yaku="8,1,52,3" doraHai="92" who="1" fromWho="1" sc="250,-39,250,79,250,-20,250,-20" /><INIT seed="1,0,0,2,1,41" ten="211,329,230,230" oya="1" hai0="35,49,14,22,27,123,20,25,97,117,52,91,46" hai1="40,132,23,104,131,45,18,24,4,115,87,43,125" hai2="29,118,69,1,51,88,110,76,42,84,99,89,16" hai3="19,3,17,103,75,130,106,121,0,94,73,107,33"/><U122/><E115/><V44/><F69/><W85/><G33/><T114/><D117/><U109/><E122/><V68/><F68/><W86/><G94/><N who="0" m="56543" /><D114/><U92/><E125/><V77/><F1/><W28/><G28/><T105/><D35/><U98/><E131/><V10/><F29/><W80/><G80/><T66/><D105/><U124/><E132/><V11/><F118/><W65/><G65/><T21/><D66/><U37/><E109/><V126/><F110/><W2/><G103/><T64/><D64/><U32/><E43/><V8/><F126/><W58/><G58/><T78/><D78/><N who="2" m="30314" /><F99/><W13/><G13/><T50/><D123/><U101/><E124/><V113/><F113/><W127/><G127/><T67/><D67/><U30/><E4/><V26/><F84/><N who="3" m="32363" /><G130/><T90/><D90/><N who="2" m="34922" /><F26/><W93/><G93/><T47/><D14/><AGARI ba="0,0" hai="8,10,11,14,16,42,44,51" m="34922,30314" machi="14" ten="30,7700,0" yaku="8,1,52,1,54,2" doraHai="41" who="2" fromWho="0" sc="211,-77,329,0,230,77,230,0" /><INIT seed="2,0,0,1,3,129" ten="134,329,307,230" oya="2" hai0="114,5,109,6,116,81,72,64,60,69,45,111,120" hai1="89,62,119,110,93,38,17,127,103,43,130,90,107" hai2="19,108,49,31,88,122,40,21,91,97,37,70,112" hai3="56,105,98,117,36,32,29,123,28,76,101,71,27"/><V7/><F122/><W51/><G123/><T59/><D120/><U61/><E119/><V87/><F37/><W1/><G1/><T77/><D114/><U25/><E130/><V23/><F70/><W50/><G29/><T92/><D116/><U13/><E110/><N who="0" m="41993" /><D45/><U75/><E75/><V74/><F74/><W52/><G117/><T0/><D0/><U8/><E127/><V48/><F7/><N who="0" m="2570" /><D92/><U16/><E93/><N who="2" m="56487" /><F40/><W3/><G3/><T82/><D82/><U15/><E43/><V95/><F112/><W14/><G36/><T100/><D100/><U57/><E103/><V41/><F41/><W86/><G71/><AGARI ba="0,0" hai="59,60,64,69,71,72,77,81" m="2570,41993" machi="71" ten="30,1000,0" yaku="14,1" doraHai="129" who="0" fromWho="3" sc="134,10,329,0,307,0,230,-10" /><INIT seed="3,0,0,0,5,102" ten="144,329,307,220" oya="3" hai0="106,43,71,25,129,13,124,44,91,3,45,95,28" hai1="15,80,37,61,104,76,10,87,133,48,4,6,54" hai2="35,23,97,118,63,57,7,116,8,16,12,34,128" hai3="125,38,114,130,120,75,108,26,40,110,115,53,68"/><W99/><G75/><T60/><D3/><U73/><E37/><V56/><F56/><W105/><G120/><T9/><D124/><U78/><E133/><V92/><F128/><W86/><G125/><T132/><D129/><U51/><E6/><V24/><F35/><W77/><G130/><T42/><D132/><U36/><E36/><V5/><F34/><W74/><G68/><T101/><D71/><U81/><E104/><V70/><F70/><W98/><G26/><T59/><D106/><U122/><E122/><V119/><F7/><W82/><G53/><T19/><D101/><U49/><REACH who="1" step="1"/><E61/><REACH who="1" ten="144,319,307,220" step="2"/><V29/><F116/><W96/><G38/><T17/><D60/><U18/><E18/><V126/><F126/><W72/><G105/><T33/><D19/><U46/><AGARI ba="0,1" hai="4,10,15,46,48,49,51,54,73,76,78,80,81,87" machi="46" ten="20,2700,0" yaku="1,1,0,1,7,1,53,0" doraHai="102" doraHaiUra="32" who="1" fromWho="1" sc="144,-7,319,37,307,-7,220,-13" /><INIT seed="4,0,0,2,4,3" ten="137,356,300,207" oya="0" hai0="124,107,28,127,49,102,73,35,89,47,112,103,80" hai1="55,51,14,117,110,109,38,29,74,58,126,93,41" hai2="60,122,76,10,33,135,59,88,129,56,4,84,42" hai3="62,57,99,75,5,106,26,43,24,9,8,20,37"/><T22/><D35/><U34/><E117/><V104/><F122/><W39/><G75/><T98/><D28/><U12/><E74/><V63/><F104/><W21/><G43/><T111/><D22/><U82/><E126/><N who="0" m="48169" /><D47/><U130/><E29/><V133/><F76/><W92/><G106/><T23/><D23/><U96/><E34/><V116/><F116/><W114/><G114/><T105/><D49/><U2/><E51/><V120/><F120/><W70/><G70/><T118/><D118/><U48/><E48/><V123/><F42/><W85/><G21/><T32/><D32/><U119/><E41/><V15/><F33/><W108/><G108/><T17/><D17/><U53/><E109/><V1/><F123/><W0/><G9/><T64/><D111/><U90/><E110/><V68/><F68/><W97/><G26/><T121/><D64/><U125/><E125/><V65/><F1/><W72/><G39/><T31/><D31/><U18/><E2/><V46/><F46/><W36/><G36/><T44/><D121/><U54/><E38/><V94/><REACH who="2" step="1"/><F129/><REACH who="2" ten="137,356,290,207" step="2"/><W11/><G0/><T52/><D107/><U113/><E130/><V77/><F77/><W50/><G37/><T132/><D105/><U61/><E119/><V115/><F115/><W86/><G57/><T71/><D71/><U30/><E58/><V91/><F91/><W19/><G72/><T27/><D112/><U7/><E113/><V83/><F83/><W16/><G24/><T101/><D73/><U128/><E128/><V134/><F134/><W40/><G40/><T67/><D132/><RYUUKYOKU ba="0,1" sc="137,-10,356,-10,290,30,207,-10" hai2="4,10,15,56,59,60,63,65,84,88,94,133,135" /><INIT seed="5,1,1,1,2,32" ten="127,346,320,197" oya="1" hai0="26,56,100,126,83,111,30,14,92,9,27,133,41" hai1="44,8,19,21,72,82,113,125,15,28,42,124,10" hai2="17,97,0,36,86,73,85,129,47,31,46,76,60" hai3="103,57,117,53,77,2,130,67,52,5,94,25,114"/><U90/><E113/><V43/><F31/><W24/><G77/><T20/><D111/><U102/><E102/><V59/><F47/><W29/><G114/><T119/><D119/><U116/><E116/><V135/><F17/><W89/><G117/><T62/><D133/><U37/><E28/><V6/><F97/><W78/><G78/><T34/><D41/><U58/><E58/><V80/><F129/><W134/><G134/><T128/><D128/><U87/><E72/><V96/><F96/><W112/><G24/><T127/><D83/><U101/><E101/><V61/><F61/><W39/><G39/><T45/><D45/><U22/><E22/><V108/><F108/><W1/><G5/><T54/><D34/><U40/><E42/><V122/><F122/><W75/><G75/><T110/><D27/><U118/><E118/><V131/><F131/><W48/><G112/><T55/><D55/><U12/><E21/><V121/><F121/><W65/><G103/><T33/><D33/><U64/><E64/><N who="2" m="38943" /><F135/><W11/><G11/><AGARI ba="1,1" hai="0,6,11,36,43,46,73,76,80,85,86" m="38943" machi="11" ten="30,2000,0" yaku="25,1,52,1" doraHai="32" who="2" fromWho="3" sc="127,0,346,0,320,33,197,-23" /><INIT seed="6,0,0,4,1,125" ten="127,346,353,174" oya="2" hai0="24,27,19,105,128,76,126,49,5,103,118,119,68" hai1="36,10,56,113,59,26,4,63,31,29,6,48,32" hai2="84,0,94,121,67,109,104,96,70,52,116,55,83" hai3="86,14,117,21,43,99,39,16,38,13,95,23,11"/><V88/><F121/><W80/><G117/><T127/><D68/><U61/><E36/><V44/><F116/><N who="0" m="44586" /><D76/><U79/><E113/><V25/><F0/><W57/><G43/><T53/><D5/><U75/><E79/><V35/><F109/><W37/><G57/><N who="0" m="32943" /><D19/><U123/><E123/><V100/><F44/><W66/><G66/><T60/><D60/><U20/><E75/><V72/><F72/><W87/><G80/><T134/><D134/><U7/><E4/><V89/><F67/><W74/><G74/><T115/><D115/><U114/><E6/><V54/><F70/><W129/><G129/><T45/><D45/><U130/><E130/><V102/><REACH who="2" step="1"/><F104/><REACH who="2" ten="127,346,343,174" step="2"/><W15/><G38/><T41/><D128/><U108/><E114/><V22/><F22/><W34/><G34/><T28/><D41/><U1/><E20/><V46/><F46/><W122/><G122/><T101/><D105/><U18/><E32/><V12/><F12/><W58/><G39/><T9/><D9/><U2/><E10/><V47/><F47/><W91/><G37/><T106/><D106/><U73/><E1/><V71/><F71/><W97/><G21/><N who="0" m="15375" /><D27/><U40/><E26/><V17/><F17/><W124/><G11/><T132/><D132/><U3/><E18/><V69/><F69/><W133/><G133/><T65/><D65/><U78/><E73/><V90/><F90/><N who="3" m="53719" /><G23/><T81/><D127/><U33/><E7/><V62/><F62/><W30/><G124/><T111/><D111/><U135/><E108/><V42/><F42/><W50/><G15/><T98/><D126/><RYUUKYOKU ba="0,1" sc="127,-10,346,-10,343,30,174,-10" hai2="25,35,52,54,55,83,84,88,89,94,96,100,102" /><INIT seed="6,1,1,0,0,99" ten="117,336,373,164" oya="2" hai0="131,113,83,73,50,56,38,54,90,96,58,37,4" hai1="135,92,14,21,74,36,133,72,41,124,16,60,81" hai2="103,59,45,127,117,107,8,111,110,91,51,13,30" hai3="125,94,106,102,119,43,71,65,49,105,29,89,66"/><V101/><F117/><W62/><G119/><T116/><D116/><U5/><E124/><V23/><F107/><W44/><G125/><T132/><D132/><N who="1" m="50763" /><E5/><V104/><F104/><W18/><G66/><T86/><D113/><U67/><E81/><V2/><F2/><W27/><G18/><T17/><D131/><U115/><E115/><V39/><F39/><W35/><G102/><N who="2" m="38921" /><F127/><W97/><AGARI ba="1,1" hai="27,29,35,43,44,49,62,65,71,89,94,97,105,106" machi="97" ten="20,1500,0" yaku="0,1,7,1" doraHai="99" who="3" fromWho="3" sc="117,-5,336,-5,373,-8,164,28" /><INIT seed="7,0,0,1,5,131" ten="112,331,365,192" oya="3" hai0="105,52,45,84,60,24,86,10,76,115,78,73,88" hai1="97,15,71,33,44,83,35,111,128,3,47,132,81" hai2="67,51,7,94,113,108,62,134,57,48,17,37,117" hai3="23,53,25,93,43,114,133,121,55,34,92,119,28"/><W74/><G74/><T29/><D105/><U64/><E132/><V0/><F108/><W5/><G133/><T112/><D73/><U106/><E111/><V75/><F37/><W89/><G114/><N who="0" m="43563" /><D86/><U13/><E128/><V123/><F134/><W129/><G129/><T27/><D10/><U116/><E106/><V90/><F75/><W20/><G5/><T99/><D99/><U107/><E107/><V61/><F117/><W59/><G92/><N who="0" m="54279" /><D27/><U91/><E97/><V70/><F113/><W82/><G119/><T22/><D60/><U41/><E91/><V109/><F109/><W96/><G82/><T85/><D85/><U6/><E6/><V14/><F7/><W16/><G121/><T50/><AGARI ba="0,0" hai="22,24,29,45,50,52,76,78" m="54279,43563" machi="50" ten="30,7900,0" yaku="15,1,11,1,54,2" doraHai="131" who="0" fromWho="0" sc="112,79,331,-20,365,-20,192,-39" owari="191,-21.0,311,11.0,345,45.0,153,-35.0" /></mjloggm>