<mjloggm ver="2.3"><GO type="169" lobby="0"/><UN n0="%E5%B0%B1%E6%B4%BB%E7%94%9F%40%E5%B7%9D%E6%9D%91%E8%BB%8D%E5%9B%A3" n1="%E7%A5%AD%E4%BA%BA" n2="%E7%B7%92%E6%96%B9%E6%99%BA%E7%B5%B5%E9%87%8C%2B" n3="%E3%82%AE%E3%82%AC%E3%83%9E%E3%82%A4%E3%83%B3" dan="17,17,18,17" rate="2169.85,2178.57,2212.92,2189.60" sx="M,M,M,M"/><TAIKYOKU oya="0"/><INIT seed="0,0,0,1,3,47" ten="250,250,250,250" oya="0" hai0="70,89,29,92,125,33,20,77,117,58,64,111,71" hai1="130,109,75,35,16,14,135,56,101,13,133,15,40" hai2="115,54,79,49,43,99,45,107,39,128,62,46,55" hai3="66,21,73,103,53,37,5,61,41,88,44,24,52"/><T84/><D117/><U104/><E75/><V38/><F79/><W96/><G73/><T113/><D33/><U81/><E35/><V48/><F107/><W93/><G5/><T57/><D113/><U116/><E116/><V121/><F121/><W74/><G103/><T122/><D122/><U134/><E109/><V23/><F115/><W78/><G78/><T26/><D125/><U85/><E130/><V110/><F110/><W11/><G11/><T36/><D36/><U82/><E40/><V106/><F128/><W119/><G74/><T105/><D105/><U72/><E72/><V102/><F43/><W80/><G80/><T6/><D111/><U12/><E56/><V32/><F32/><W87/><G87/><T112/><D112/><U90/><E82/><V17/><REACH who="2" step="1"/><F62/><REACH who="2" ten="250,250,240,250" step="2"/><W42/><G42/><T0/><D77/><U98/><REACH who="1" step="1"/><E12/><AGARI ba="0,1" hai="12,17,23,38,39,45,46,48,49,54,55,99,102,106" machi="12" ten="30,12000,2" yaku="1,1,2,1,7,1,9,1,52,2,53,1" doraHai="47" doraHaiUra="100" who="2" fromWho="1" sc="250,0,250,-120,240,130,250,0" /><INIT seed="1,0,0,4,3,62" ten="250,130,370,250" oya="1" hai0="83,64,55,66,24,79,105,17,28,68,37,65,30" hai1="96,42,25,70,78,13,5,57,75,56,132,15,133" hai2="45,61,115,134,21,7,46,3,108,94,99,104,111" hai3="118,116,43,126,114,54,74,87,127,32,16,10,123"/><U89/><E70/><V18/><F104/><W86/><G74/><T131/><D68/><U63/><E42/><V60/><F134/><N who="1" m="51817" /><E56/><V52/><F115/><W120/><G32/><T80/><D37/><U76/><E25/><V35/><F35/><W71/><G71/><T53/><D105/><U98/><E75/><V59/><F3/><W41/><G54/><N who="0" m="20491" /><D131/><U0/><E0/><V106/><F7/><W44/><G114/><T102/><D102/><U6/><E6/><V107/><F107/><W93/><G123/><T27/><D79/><N who="1" m="30251" /><E5/><V85/><F106/><W112/><G120/><T91/><D17/><U121/><E121/><V47/><F61/><W34/><G112/><T135/><D135/><U51/><E51/><V97/><F108/><W12/><G34/><T19/><D19/><U31/><E31/><N who="0" m="11817" /><D91/><U101/><E101/><V33/><F111/><W77/><G43/><T124/><D124/><N who="3" m="47657" /><G41/><T39/><D39/><U130/><E130/><V23/><F33/><W82/><G44/><T29/><D29/><U58/><E58/><V119/><F47/><W88/><AGARI ba="0,0" hai="10,12,16,77,82,86,87,88,93,116,118" m="47657" machi="88" ten="30,4000,0" yaku="18,1,54,2" doraHai="62" who="3" fromWho="3" sc="250,-10,130,-20,370,-10,250,40" /><INIT seed="2,0,0,4,1,36" ten="240,110,360,290" oya="2" hai0="14,1,21,100,101,29,47,15,4,95,45,63,28" hai1="56,72,74,40,53,103,77,71,27,51,78,50,5" hai2="58,79,97,98,35,99,68,89,106,11,110,132,134" hai3="107,9,12,121,84,69,44,123,116,82,7,126,33"/><V66/><F68/><W19/><G116/><T85/><D1/><U76/><E71/><V39/><F35/><W26/><G107/><T117/><D117/><U105/><E5/><V131/><F131/><W87/><G69/><T22/><D63/><U52/><E27/><V62/><F106/><W59/><G126/><T88/><D4/><U42/><E74/><V90/><F79/><W115/><G115/><T125/><D125/><U80/><E72/><V127/><F127/><W20/><G59/><T120/><D120/><U55/><E80/><V83/><F110/><W73/><G73/><T60/><D60/><N who="1" m="35871" /><E105/><V18/><F39/><W46/><G87/><T49/><D22/><U113/><E113/><V32/><F32/><W30/><G123/><T104/><D104/><U93/><E51/><V37/><F37/><W2/><REACH who="3" step="1"/><G121/><REACH who="3" ten="240,110,360,280" step="2"/><T96/><D85/><U13/><E13/><N who="2" m="7487" /><F134/><W119/><G119/><T3/><D3/><U109/><E109/><V91/><F132/><W57/><G57/><T31/><D47/><N who="1" m="27743" /><E53/><V94/><F83/><W86/><G86/><AGARI ba="0,1" hai="58,62,66,86,89,90,91,94,97,98,99" m="7487" machi="86" ten="30,1500,0" yaku="8,1" doraHai="36" who="2" fromWho="3" sc="240,0,110,0,360,25,280,-15" /><INIT seed="2,1,0,4,2,14" ten="240,110,385,265" oya="2" hai0="49,35,99,28,77,110,37,61,47,85,64,112,107" hai1="44,55,58,95,34,83,18,97,62,93,53,43,127" hai2="124,9,134,71,125,108,8,1,19,102,42,76,21" hai3="89,109,56,131,111,119,104,46,22,100,23,32,73"/><V84/><F71/><W87/><G119/><T69/><D112/><U27/><E127/><N who="2" m="48715" /><F134/><W6/><G32/><T17/><D110/><U105/><E105/><V40/><F108/><N who="3" m="41547" /><G73/><T57/><D77/><U13/><E83/><N who="2" m="47207" /><F102/><W63/><G131/><T10/><D85/><U75/><E75/><V51/><F51/><W113/><G113/><T90/><D28/><U88/><E34/><V74/><F74/><W94/><G6/><T79/><D79/><U31/><E31/><V38/><F38/><W133/><G133/><T106/><D35/><U36/><E27/><N who="2" m="14783" /><F1/><W130/><G130/><T129/><D129/><U50/><E95/><V15/><F8/><W30/><G46/><T4/><D37/><U45/><E45/><V33/><F33/><W78/><G100/><T68/><D107/><U121/><E121/><V116/><F116/><W82/><G104/><T48/><D69/><U11/><E36/><V65/><F65/><AGARI ba="1,0" hai="11,13,18,43,44,50,53,55,58,62,65,88,93,97" machi="65" ten="30,7700,0" yaku="7,1,8,1,52,1,54,1" doraHai="14" who="1" fromWho="2" sc="240,0,110,80,385,-80,265,0" /><INIT seed="3,0,0,1,0,119" ten="240,190,305,265" oya="3" hai0="13,52,57,53,123,28,50,62,40,48,14,130,85" hai1="125,8,25,128,47,42,100,43,127,95,111,0,98" hai2="65,41,103,15,44,18,64,108,46,49,51,74,118" hai3="29,110,97,76,93,45,9,26,87,92,3,37,109"/><W61/><G61/><T116/><D116/><U134/><E111/><N who="3" m="42506" /><G3/><T135/><D123/><U90/><E128/><V27/><F118/><W122/><G122/><T16/><D130/><U113/><E113/><V59/><F74/><W34/><G9/><T115/><D115/><U23/><E134/><V12/><F103/><W69/><G69/><T88/><D135/><U58/><E58/><V31/><F108/><W96/><G76/><T107/><D107/><U67/><E67/><V11/><F15/><W101/><G87/><T86/><D86/><U36/><E43/><V91/><F91/><N who="3" m="55327" /><G45/><N who="0" m="25639" /><D28/><U68/><E68/><V121/><F121/><W30/><G30/><T19/><D14/><U6/><REACH who="1" step="1"/><E100/><REACH who="1" ten="240,180,305,265" step="2"/><V105/><F59/><W2/><G37/><T129/><D129/><U75/><E75/><V10/><F65/><W120/><G120/><T81/><D13/><U35/><E35/><V66/><F66/><W82/><G2/><T22/><D22/><U112/><E112/><V72/><F72/><W114/><G114/><T124/><D124/><U63/><E63/><V78/><F64/><W132/><G132/><T73/><D73/><U79/><E79/><V99/><F78/><W131/><G131/><T80/><D80/><AGARI ba="0,1" hai="26,29,34,80,82,93,97,101" m="55327,42506" machi="80" ten="30,2900,0" yaku="14,1,10,1" doraHai="119" who="3" fromWho="0" sc="240,-29,180,0,305,0,265,39" /><INIT seed="3,1,0,0,0,58" ten="211,180,305,304" oya="3" hai0="11,28,27,15,37,77,95,31,90,127,73,98,132" hai1="81,106,50,43,120,51,35,59,129,21,62,69,64" hai2="121,84,56,46,45,74,72,49,18,107,88,10,22" hai3="86,41,71,32,82,76,117,20,93,4,126,105,70"/><W68/><G117/><T12/><D37/><U128/><E35/><V133/><F121/><W75/><G32/><T3/><D127/><U125/><E106/><V6/><F133/><W7/><G126/><T26/><D132/><U8/><E125/><V103/><F107/><W13/><G41/><T94/><D3/><U108/><E120/><V30/><F103/><W55/><G105/><T9/><D73/><U79/><E108/><V99/><F99/><W122/><G122/><T29/><D77/><U16/><E8/><V52/><F30/><W89/><G20/><T101/><D11/><U83/><E69/><V67/><F67/><W2/><G2/><T115/><D115/><U33/><E33/><V109/><F109/><W116/><G116/><T1/><D1/><U57/><E57/><V113/><F113/><W97/><G13/><T78/><D78/><U63/><E63/><V34/><F34/><W135/><G135/><T44/><D44/><U25/><E81/><V110/><F110/><W131/><G131/><N who="1" m="50250" /><E43/><V112/><F112/><W60/><G60/><T118/><D118/><U85/><AGARI ba="1,0" hai="16,21,25,50,51,59,62,64,79,83,85" m="50250" machi="85" ten="30,4000,0" yaku="19,1,52,1,54,1" doraHai="58" who="1" fromWho="1" sc="211,-11,180,43,305,-11,304,-21" /><INIT seed="4,0,0,2,5,83" ten="200,223,294,283" oya="0" hai0="117,103,53,46,97,79,58,26,121,93,102,14,135" hai1="49,81,89,47,109,37,65,27,126,120,66,116,115" hai2="23,12,61,77,29,118,73,59,57,76,15,123,130" hai3="2,128,68,39,74,82,22,8,119,72,64,35,13"/><T55/><D117/><U56/><E116/><V17/><F123/><W32/><G119/><T96/><D121/><U25/><E120/><V75/><F130/><W134/><G39/><T124/><D124/><U10/><E109/><V90/><F29/><W112/><G2/><T69/><D135/><U5/><E126/><V11/><F59/><W105/><G105/><T108/><D69/><U6/><E37/><V125/><F125/><W3/><G3/><T48/><D108/><U129/><E129/><V52/><F118/><W16/><G128/><T24/><D79/><U131/><E131/><V86/><F75/><W1/><G134/><T38/><D14/><N who="1" m="5455" /><E6/><N who="2" m="3191" /><F73/><W71/><G112/><T92/><REACH who="0" step="1"/><D38/><REACH who="0" ten="190,223,294,283" step="2"/><U45/><E115/><V41/><F41/><W110/><G110/><T78/><D78/><U4/><E27/><V21/><F77/><W132/><G132/><T114/><D114/><U104/><E25/><V18/><F76/><W19/><G1/><T95/><D95/><U9/><E104/><V60/><F15/><W40/><G74/><T42/><D42/><U113/><E113/><V127/><F127/><W98/><G72/><T30/><D30/><U54/><E81/><N who="2" m="49487" /><F18/><W63/><G71/><T44/><D44/><U51/><E47/><V70/><F17/><W91/><G40/><T31/><D31/><U122/><E122/><V88/><F70/><W20/><G82/><T7/><D7/><U33/><E4/><V99/><F61/><AGARI ba="0,1" hai="24,26,46,48,53,55,58,61,92,93,96,97,102,103" machi="61" ten="30,11600,0" yaku="1,1,7,1,9,1,8,1,53,0" doraHai="83" doraHaiUra="85" who="0" fromWho="2" sc="190,126,223,0,294,-116,283,0" /><INIT seed="4,1,0,4,2,123" ten="316,223,178,283" oya="0" hai0="12,111,55,89,64,57,38,118,116,120,42,11,32" hai1="50,87,91,97,73,39,94,92,56,40,28,20,5" hai2="53,17,29,59,62,15,114,10,31,45,109,22,14" hai3="82,110,80,25,36,113,104,58,71,4,54,79,6"/><T121/><D32/><U129/><E73/><V16/><F114/><W133/><G104/><T81/><D81/><U70/><E70/><V19/><F19/><W21/><G71/><T78/><D78/><U3/><E39/><V18/><F109/><W86/><G36/><T85/><D85/><U33/><E33/><V75/><F75/><W127/><G113/><T99/><D99/><U106/><E106/><V43/><REACH who="2" step="1"/><F18/><REACH who="2" ten="316,223,168,283" step="2"/><N who="3" m="12471" /><G133/><T30/><D111/><U117/><E129/><V68/><F68/><W24/><G110/><T125/><D118/><U135/><E117/><V37/><AGARI ba="1,1" hai="10,14,15,16,17,22,29,31,37,43,45,53,59,62" machi="37" ten="20,5200,0" yaku="1,1,0,1,7,1,54,1,53,0" doraHai="123" doraHaiUra="115" who="2" fromWho="2" sc="316,-27,223,-14,168,65,283,-14" /><INIT seed="5,0,0,5,2,3" ten="289,209,233,269" oya="1" hai0="10,50,84,62,11,66,57,116,36,42,4,8,18" hai1="117,5,122,38,87,77,31,67,75,115,9,111,74" hai2="27,69,63,41,101,128,72,120,73,44,29,64,123" hai3="0,108,59,37,79,23,65,92,96,49,107,88,68"/><U32/><E117/><V22/><F128/><W114/><G108/><T25/><D116/><U90/><E122/><V104/><F120/><W130/><G37/><T56/><D36/><U82/><E115/><V51/><F123/><W2/><G114/><T16/><D84/><U19/><E111/><V119/><F119/><W135/><G130/><T78/><D78/><U61/><E19/><N who="0" m="7209" /><D25/><U94/><E38/><V43/><F43/><W80/><G68/><T13/><D42/><U112/><E112/><V129/><F129/><W98/><G135/><T20/><D20/><U133/><E133/><V47/><F47/><W55/><G23/><T97/><D97/><U28/><E75/><V132/><F132/><W124/><G124/><T35/><D35/><U70/><REACH who="1" step="1"/><E32/><REACH who="1" ten="289,199,233,269" step="2"/><V26/><F26/><W45/><G107/><T121/><D121/><U76/><E76/><V53/><F73/><W109/><G109/><T46/><D46/><U83/><E83/><V54/><F72/><W39/><G39/><T100/><D100/><U89/><E89/><V17/><F101/><W126/><G79/><T93/><D93/><U118/><E118/><V91/><F104/><W85/><G80/><T106/><D106/><U1/><AGARI ba="0,1" hai="1,5,9,28,31,61,67,70,74,77,82,87,90,94" machi="1" ten="20,7800,0" yaku="1,1,0,1,7,1,52,1,53,0" doraHai="3" doraHaiUra="12" who="1" fromWho="1" sc="289,-26,199,88,233,-26,269,-26" /><INIT seed="5,1,0,5,0,87" ten="263,287,207,243" oya="1" hai0="128,62,35,27,100,110,121,82,22,52,130,72,53" hai1="13,14,15,63,119,34,79,18,133,54,129,64,103" hai2="123,55,6,46,47,40,118,80,76,68,69,2,125" hai3="127,8,71,84,21,7,81,1,29,109,44,39,114"/><U32/><E119/><V31/><F123/><W78/><G109/><T99/><D110/><U117/><E117/><V89/><F118/><W23/><G71/><T120/><D35/><U116/><E116/><V9/><F125/><W112/><G127/><T57/><D82/><U132/><E129/><N who="0" m="49769" /><D72/><U104/><E79/><V126/><F126/><W91/><G29/><N who="0" m="17655" /><D53/><U51/><E18/><V135/><F135/><N who="1" m="51785" /><E103/><V113/><F31/><W48/><G39/><T10/><D10/><U49/><E104/><AGARI ba="1,0" hai="52,57,62,99,100,104,120,121" m="17655,49769" machi="104" ten="30,2000,0" yaku="19,1,54,1" doraHai="87" who="0" fromWho="1" sc="263,23,287,-23,207,0,243,0" /><INIT seed="6,0,0,1,0,116" ten="286,264,207,243" oya="2" hai0="51,122,111,30,77,102,108,113,74,95,112,70,98" hai1="2,50,106,31,53,36,132,124,17,10,57,1,127" hai2="22,43,23,12,21,110,25,37,0,134,9,3,64" hai3="41,76,48,35,59,11,14,100,15,39,91,88,8"/><V29/><F37/><W60/><G35/><T85/><D70/><U83/><E132/><V67/><F43/><W38/><G100/><T73/><D30/><U78/><E106/><V99/><F134/><W107/><G107/><T129/><D51/><U130/><E130/><V80/><F110/><N who="0" m="42026" /><D129/><U81/><E36/><V119/><F119/><W62/><G76/><T54/><D54/><U69/><E69/><V49/><F99/><W90/><G39/><T135/><D135/><U56/><E31/><V126/><F126/><N who="1" m="48169" /><E56/><V123/><F123/><W82/><G82/><N who="1" m="31242" /><E78/><V66/><F80/><W58/><G38/><T61/><D61/><N who="3" m="23657" /><G41/><T105/><D77/><U45/><E57/><N who="3" m="21514" /><G48/><T103/><D122/><U27/><E27/><V87/><F87/><W72/><G72/><N who="0" m="27755" /><D85/><U75/><E75/><V104/><F49/><W47/><G47/><T93/><D103/><U16/><E10/><AGARI ba="0,0" hai="8,10,11,14,15,88,90,91" m="21514,23657" machi="10" ten="30,7700,0" yaku="28,2,8,1,54,1" doraHai="116" who="3" fromWho="1" sc="286,0,264,-77,207,0,243,77" /><INIT seed="7,0,0,1,5,35" ten="286,187,207,320" oya="3" hai0="49,97,19,135,108,61,69,83,46,58,70,20,76" hai1="118,98,62,66,113,27,64,2,39,114,103,104,122" hai2="106,90,74,1,8,28,25,21,124,0,89,30,59" hai3="133,55,13,26,4,128,5,107,7,126,134,85,95"/><W91/><G107/><T45/><D108/><U14/><E122/><V32/><F106/><W127/><G128/><T116/><D97/><U94/><E39/><V110/><F110/><W78/><G78/><T65/><D135/><N who="3" m="51721" /><G26/><T52/><D70/><U44/><E118/><V51/><F74/><W34/><G34/><T86/><REACH who="0" step="1"/><D116/><REACH who="0" ten="276,187,207,320" step="2"/><U9/><E2/><V56/><F0/><W100/><G100/><T18/><D18/><U131/><E131/><V92/><F1/><W80/><G80/><T125/><D125/><N who="3" m="47625" /><G55/><T57/><D57/><U33/><E44/><V43/><F59/><W22/><G22/><T115/><D115/><N who="1" m="44043" /><E94/><V84/><F56/><W73/><G73/><T82/><D82/><U38/><E38/><V121/><F92/><W101/><G101/><T123/><D123/><U72/><E72/><V11/><F121/><W81/><G81/><T99/><D99/><U23/><E33/><V77/><F32/><W53/><G53/><T130/><D130/><U60/><E66/><V47/><F124/><W87/><G87/><T129/><D129/><U88/><E64/><V10/><F84/><W16/><G16/><T37/><D37/><U96/><E96/><V41/><F30/><W36/><G36/><T75/><D75/><U71/><E71/><V17/><F28/><W102/><G102/><T24/><AGARI ba="0,1" hai="19,20,24,45,46,49,52,58,61,65,69,76,83,86" machi="24" ten="20,5200,0" yaku="1,1,0,1,7,1,54,1,53,0" doraHai="35" doraHaiUra="105" who="0" fromWho="0" sc="276,62,187,-13,207,-13,320,-26" owari="338,45.0,174,-33.0,194,-21.0,294,9.0" /></mjloggm>