<mjloggm ver="2.3"><GO type="169" lobby="0"/><UN n0="%5A%5A%5A%5A%5A" n1="%E5%B0%B1%E6%B4%BB%E7%94%9F%40%E5%B7%9D%E6%9D%91%E8%BB%8D%E5%9B%A3" n2="%43%50%30%33" n3="%E5%99%82%E3%81%AE%E3%81%8D%E3%81%BF%E3%81%A9%E3%82%8A" dan="16,17,16,16" rate="2119.52,2176.65,2124.88,2126.17" sx="M,M,M,F"/><TAIKYOKU oya="0"/><INIT seed="0,0,0,0,1,132" ten="250,250,250,250" oya="0" hai0="60,89,41,81,82,84,125,79,13,44,22,35,23" hai1="94,117,96,48,5,50,39,75,126,4,27,116,10" hai2="122,112,115,88,109,110,133,121,1,119,105,62,0" hai3="131,2,53,14,51,83,128,8,19,65,99,103,87"/><T58/><D35/><U108/><E39/><V91/><F105/><W9/><G2/><N who="2" m="1129" /><F62/><W42/><G9/><T54/><D13/><U56/><E75/><V135/><F91/><W93/><G42/><T59/><D59/><U113/><E108/><N who="2" m="41579" /><F88/><W134/><G134/><N who="2" m="51209" /><F119/><W73/><G73/><T123/><D123/><AGARI ba="0,0" hai="112,115,121,122,123" m="51209,41579,1129" machi="123" ten="40,16000,3" yaku="28,2,14,1,20,1,31,2,34,2" doraHai="132" who="2" fromWho="0" sc="250,-160,250,0,250,160,250,0" /><INIT seed="1,0,0,4,4,69" ten="90,250,410,250" oya="1" hai0="109,113,103,65,49,43,15,27,134,107,112,7,10" hai1="46,5,83,79,33,75,20,39,59,114,91,96,12" hai2="54,48,41,66,62,30,13,60,56,133,24,16,44" hai3="8,40,73,63,1,19,78,18,99,92,6,45,130"/><U61/><E33/><V110/><F110/><W3/><G1/><T77/><D65/><U21/><E114/><V121/><F121/><W89/><G130/><T85/><D109/><U71/><E71/><V119/><F119/><W131/><G63/><T72/><D134/><U31/><E31/><V123/><F133/><W23/><G131/><T87/><D27/><U132/><E132/><V51/><F123/><W22/><G23/><T0/><D103/><U104/><E5/><V52/><F24/><W14/><G22/><T100/><D100/><U108/><E108/><V105/><F105/><W101/><G101/><T124/><D107/><U116/><E116/><V82/><F82/><W118/><G14/><T115/><D124/><U97/><E12/><V67/><F30/><W58/><G58/><T74/><D0/><U11/><E11/><N who="2" m="6207" /><F48/><W70/><G70/><T128/><D128/><U38/><E97/><V120/><F120/><W34/><G34/><T98/><D98/><U68/><E68/><V106/><F106/><W126/><G126/><T129/><D129/><U93/><E104/><V42/><F62/><W55/><G118/><T50/><D50/><U102/><E102/><V37/><F37/><W9/><G9/><T2/><D2/><U135/><E135/><V4/><F4/><W53/><G19/><T47/><REACH who="0" step="1"/><D87/><REACH who="0" ten="80,250,410,250" step="2"/><U86/><E86/><V84/><F84/><N who="3" m="52263" /><G73/><T28/><D28/><U26/><E26/><V29/><F29/><W76/><G3/><T95/><D95/><U127/><E127/><V17/><F67/><W117/><G99/><T64/><D64/><RYUUKYOKU ba="0,1" sc="80,30,250,-10,410,-10,250,-10" hai0="7,10,15,43,47,49,72,74,77,85,112,113,115" /><INIT seed="2,1,1,2,1,98" ten="110,240,400,240" oya="2" hai0="114,42,57,86,7,3,79,108,84,48,117,49,107" hai1="76,71,67,119,88,11,61,37,58,13,43,106,8" hai2="36,62,130,68,131,125,133,104,63,9,96,59,55" hai3="50,126,91,115,0,66,45,109,47,100,75,102,127"/><V83/><F83/><W129/><G109/><T93/><D108/><U26/><E119/><V6/><F125/><N who="3" m="47627" /><G129/><N who="2" m="49161" /><F133/><W132/><G132/><T85/><D117/><U39/><E106/><V16/><F36/><W35/><G115/><T92/><D114/><U20/><E76/><V72/><F72/><W19/><G35/><T124/><D124/><U97/><E71/><V18/><F68/><W70/><G75/><T101/><D3/><U89/><E39/><V33/><F33/><W69/><G0/><T4/><D79/><U60/><E60/><V64/><F64/><W30/><G102/><T14/><D14/><U28/><E11/><V12/><F62/><N who="3" m="40151" /><G30/><T90/><D42/><U1/><E1/><V95/><F104/><W99/><G91/><AGARI ba="1,1" hai="6,9,12,16,18,55,59,63,91,95,96" m="49161" machi="91" ten="30,2900,0" yaku="19,1,54,1" doraHai="98" who="2" fromWho="3" sc="110,0,240,0,400,42,240,-32" /><INIT seed="2,2,0,1,1,72" ten="110,240,442,208" oya="2" hai0="88,94,114,118,82,119,100,45,93,9,85,20,43" hai1="11,22,115,110,106,52,12,17,36,18,120,130,126" hai2="127,65,28,131,61,103,41,89,68,10,74,44,63" hai3="104,116,107,133,56,16,98,31,21,87,39,51,30"/><V58/><F103/><W134/><G116/><T2/><D114/><U37/><E106/><V128/><F127/><W3/><G39/><T78/><D20/><U124/><E115/><V59/><F28/><N who="3" m="10795" /><G3/><T29/><D29/><U105/><E105/><V25/><F74/><W60/><G51/><T46/><D2/><U67/><E67/><N who="2" m="41087" /><F89/><W79/><G98/><T33/><D33/><U112/><E112/><V109/><F10/><W42/><G42/><T101/><D9/><U108/><E120/><V49/><F25/><N who="3" m="14503" /><G60/><T111/><D111/><N who="1" m="42539" /><E130/><N who="2" m="49707" /><F109/><W121/><G56/><AGARI ba="2,0" hai="41,44,49,56,58,59,61,65" m="49707,41087" machi="56" ten="30,5800,0" yaku="19,1,34,2" doraHai="72" who="2" fromWho="3" sc="110,0,240,0,442,64,208,-64" /><INIT seed="2,3,0,3,1,127" ten="110,240,506,144" oya="2" hai0="93,35,38,117,119,121,120,1,118,65,82,125,112" hai1="28,51,63,74,96,42,113,71,19,56,81,40,21" hai2="114,61,46,62,55,67,13,89,31,80,105,37,85" hai3="77,11,79,103,97,107,100,29,59,12,2,48,132"/><V102/><F114/><W78/><G132/><T4/><D38/><U27/><E113/><V8/><F31/><W60/><G2/><T111/><D65/><U3/><E3/><V123/><F123/><N who="0" m="47178" /><D82/><U83/><E71/><V122/><F122/><W68/><G29/><T22/><D93/><U72/><E72/><V87/><F102/><W84/><G68/><T44/><D44/><N who="1" m="25991" /><E74/><V70/><F105/><W110/><G110/><T16/><D112/><U6/><E6/><V58/><F85/><W53/><G103/><T94/><D94/><U73/><E73/><V76/><F46/><W101/><G101/><T131/><D111/><U69/><E69/><V25/><F25/><W91/><G48/><T43/><D43/><U75/><E75/><V34/><F34/><W66/><G66/><T126/><D35/><U129/><E42/><V106/><F106/><W50/><G50/><T109/><D109/><U9/><E96/><V95/><F37/><W135/><G135/><T15/><D131/><U49/><E49/><V14/><F95/><W20/><G79/><T130/><D130/><U57/><E129/><V23/><F76/><W99/><G97/><T33/><D33/><U116/><E116/><N who="0" m="29697" /><T45/><DORA hai="32" /><D45/><U47/><E47/><V134/><F67/><W90/><G78/><T10/><AGARI ba="3,0" hai="1,4,10,15,16,22,125,126" m="29697,47178" machi="10" ten="50,8000,1" yaku="12,1,34,2,52,1,54,1" doraHai="127,32" who="0" fromWho="0" sc="110,89,240,-23,506,-43,144,-23" /><INIT seed="3,0,0,4,2,121" ten="199,217,463,121" oya="3" hai0="100,101,75,10,87,93,80,81,39,62,52,42,95" hai1="35,112,111,50,32,94,99,128,92,109,28,9,37" hai2="27,20,135,61,14,69,108,5,24,0,72,56,96" hai3="131,64,67,130,15,134,76,133,91,25,46,89,13"/><W44/><REACH who="3" step="1"/><G25/><REACH who="3" ten="199,217,463,111" step="2"/><T60/><D75/><U90/><E112/><V34/><F27/><W26/><G26/><T86/><D10/><U2/><E37/><V30/><F24/><W84/><G84/><T43/><REACH who="0" step="1"/><D39/><REACH who="0" ten="189,217,463,111" step="2"/><U105/><E9/><V19/><F72/><W18/><G18/><T78/><D78/><AGARI ba="0,2" hai="13,15,44,46,64,67,76,78,89,91,130,131,133,134" machi="78" ten="25,9600,0" yaku="21,2,22,2,53,0" doraHai="121" doraHaiUra="88" who="3" fromWho="0" sc="189,-96,217,0,463,0,111,116" /><INIT seed="3,1,0,1,4,122" ten="93,217,463,227" oya="3" hai0="70,110,37,101,102,47,124,131,98,134,64,48,121" hai1="100,26,0,10,2,58,63,68,45,78,82,4,96" hai2="38,94,127,3,59,61,50,74,83,25,31,21,7" hai3="30,24,130,15,35,43,123,89,112,91,76,81,113"/><W105/><G105/><T41/><D121/><U52/><E68/><V116/><F38/><W34/><G123/><T125/><D70/><U12/><E26/><V22/><F127/><W75/><G130/><T107/><D64/><U92/><REACH who="1" step="1"/><E45/><REACH who="1" ten="93,207,463,227" step="2"/><V118/><F25/><W132/><G112/><T117/><D131/><U23/><E23/><V8/><F22/><W13/><G113/><T36/><D125/><U66/><E66/><V27/><F21/><W133/><G35/><T17/><D124/><U53/><E53/><V46/><F46/><W84/><G43/><T1/><D47/><U39/><E39/><V20/><F20/><W29/><G29/><T77/><D41/><U87/><AGARI ba="1,1" hai="0,2,4,10,12,52,58,63,78,82,87,92,96,100" machi="87" ten="20,8000,1" yaku="1,1,0,1,7,1,54,1,53,1" doraHai="122" doraHaiUra="88" who="1" fromWho="1" sc="93,-21,207,93,463,-21,227,-41" /><INIT seed="4,0,0,3,0,118" ten="72,300,442,186" oya="0" hai0="97,3,101,8,63,2,23,17,115,113,1,59,39" hai1="131,12,11,73,125,83,22,86,130,43,107,117,27" hai2="110,68,38,81,66,116,133,57,6,16,124,29,20" hai3="132,127,82,54,65,4,46,64,14,60,62,96,42"/><T106/><D39/><U71/><E125/><V61/><F38/><W135/><G127/><T44/><D44/><U79/><E117/><V58/><F110/><W15/><G96/><T77/><D77/><U88/><E71/><V108/><F108/><W100/><G100/><T56/><D8/><U76/><E107/><V7/><F29/><W129/><G82/><T119/><D119/><U122/><E43/><V74/><F116/><W30/><G30/><T114/><REACH who="0" step="1"/><D63/><REACH who="0" ten="62,300,442,186" step="2"/><U94/><E76/><V72/><F61/><W40/><G46/><T95/><D95/><U26/><E122/><V90/><F81/><W102/><G54/><T53/><D53/><U45/><E45/><V31/><F124/><W41/><G41/><T112/><N who="0" m="29184" /><DORA hai="85" /><T32/><D32/><U128/><E22/><V134/><F20/><W120/><G120/><T51/><D51/><U10/><E11/><V123/><F123/><W33/><G33/><T28/><D28/><U49/><E49/><V75/><F31/><W36/><G36/><T99/><D99/><U69/><E10/><V80/><F80/><W25/><G62/><T103/><D103/><U109/><E83/><V111/><F74/><W35/><G60/><T91/><D91/><U89/><E73/><V47/><F90/><W37/><G35/><T84/><D84/><U70/><E79/><V48/><F75/><W126/><G102/><T93/><D93/><U52/><E89/><V0/><F48/><W67/><G129/><T9/><D9/><U104/><E94/><V34/><F47/><W24/><G37/><T18/><D18/><RYUUKYOKU ba="0,1" sc="62,30,300,-10,442,-10,186,-10" hai0="1,2,3,17,23,56,59,97,101,106" /><INIT seed="4,1,1,2,4,88" ten="92,290,432,176" oya="0" hai0="18,95,60,82,74,128,134,106,39,100,90,116,133" hai1="126,61,25,46,76,2,12,43,44,92,48,67,24" hai2="89,58,123,15,117,4,53,79,32,94,96,23,77" hai3="111,27,0,5,38,64,50,101,47,85,13,71,84"/><T62/><D116/><U104/><E2/><V57/><F123/><W107/><G111/><T10/><D39/><U6/><E104/><V30/><F32/><W120/><G0/><T8/><D128/><U52/><E126/><V78/><F117/><W132/><G38/><T22/><D106/><U114/><E114/><V54/><F4/><W28/><G132/><N who="0" m="50795" /><D100/><U16/><E76/><V33/><F33/><W121/><G107/><T115/><D82/><U105/><E6/><V127/><F127/><W29/><G101/><T99/><D74/><U72/><E105/><V86/><F86/><N who="3" m="33387" /><G64/><T93/><D115/><U87/><E72/><V3/><F3/><W65/><G65/><T42/><D42/><U63/><E46/><V1/><F1/><W118/><G71/><T37/><D37/><U112/><E43/><V73/><F73/><W20/><G118/><T129/><D129/><U91/><E112/><V9/><F58/><W130/><G130/><T45/><D45/><U70/><E63/><N who="0" m="24105" /><D93/><U21/><AGARI ba="1,1" hai="12,16,21,24,25,44,48,52,61,67,70,87,91,92" machi="21" ten="20,8000,1" yaku="0,1,7,1,52,1,54,2" doraHai="88" who="1" fromWho="1" sc="92,-41,290,93,432,-21,176,-21" /><INIT seed="5,0,0,5,5,24" ten="51,383,411,155" oya="1" hai0="89,82,3,65,8,67,127,133,105,53,55,74,132" hai1="73,9,63,23,51,88,69,45,41,15,27,77,49" hai2="117,64,30,84,107,2,56,128,116,119,114,6,75" hai3="86,33,28,85,29,94,13,81,134,20,83,110,59"/><U135/><E135/><V0/><F107/><W43/><G134/><T42/><D105/><U39/><E73/><V125/><F75/><W52/><G33/><T101/><D101/><U4/><E77/><V35/><F84/><W40/><G110/><T99/><D3/><U7/><E7/><V1/><F64/><W102/><G13/><T123/><D8/><U130/><E130/><V90/><F90/><N who="3" m="51503" /><G20/><T68/><D123/><U118/><E118/><V108/><F56/><W12/><G12/><T47/><D127/><U78/><E78/><V96/><F96/><N who="3" m="59671" /><G83/><T25/><D82/><U5/><E5/><V17/><F6/><W111/><G86/><T129/><D74/><U50/><E69/><V124/><F108/><W37/><G37/><T36/><D129/><U112/><E112/><V113/><F17/><W103/><G103/><T100/><D89/><U91/><REACH who="1" step="1"/><E63/><REACH who="1" ten="51,373,411,155" step="2"/><V60/><F60/><N who="3" m="35943" /><G111/><T38/><D133/><U18/><AGARI ba="0,1" hai="4,9,15,18,23,27,39,41,45,49,50,51,88,91" machi="18" ten="30,6000,0" yaku="1,1,0,1,54,1,53,0" doraHai="24" doraHaiUra="72" who="1" fromWho="1" sc="51,-20,373,70,411,-20,155,-20" /><INIT seed="5,1,0,2,0,51" ten="31,443,391,135" oya="1" hai0="127,1,41,71,64,128,8,100,111,50,65,104,105" hai1="85,131,121,133,32,90,95,33,129,10,116,14,79" hai2="43,29,135,5,81,46,113,103,63,24,114,78,73" hai3="66,110,59,34,107,93,122,117,89,45,102,77,80"/><U67/><E121/><V38/><F5/><W82/><G110/><T15/><D111/><U96/><E116/><V130/><F130/><N who="1" m="49673" /><E133/><V76/><F76/><W22/><G34/><N who="1" m="13418" /><E67/><V88/><F63/><W69/><G69/><T68/><D128/><U3/><E3/><V109/><F103/><W106/><G122/><T75/><D1/><U119/><E79/><V134/><F109/><W124/><G124/><T52/><D127/><U118/><E96/><V30/><F88/><W36/><G117/><T120/><D120/><U92/><E92/><V61/><F61/><W72/><G82/><T99/><D75/><U26/><E26/><V91/><F91/><W126/><G66/><T25/><D25/><U60/><E60/><V53/><F24/><W57/><G106/><T54/><D105/><U70/><E70/><V31/><REACH who="2" step="1"/><F53/><REACH who="2" ten="31,443,381,135" step="2"/><W9/><G89/><T35/><D71/><U49/><E90/><V16/><F16/><W0/><G102/><T97/><D68/><U39/><E95/><V83/><F83/><W20/><G126/><T84/><D100/><U11/><E85/><V27/><F27/><W56/><G93/><T17/><D84/><U44/><E119/><V125/><F125/><W37/><G107/><T132/><D104/><U6/><E118/><V94/><F94/><W108/><G108/><T42/><D132/><AGARI ba="1,1" hai="29,30,31,38,43,46,73,78,81,113,114,132,134,135" machi="132" ten="50,3200,0" yaku="1,1,20,1,53,0" doraHai="51" doraHaiUra="48" who="2" fromWho="0" sc="31,-35,443,0,381,45,135,0" owari="-4,-50.0,443,53.0,426,23.0,135,-26.0" /></mjloggm>