<mjloggm ver="2.3"><GO type="169" lobby="0"/><UN n0="%E3%82%A6%E3%83%AB%E3%83%88%E3%83%A9%E7%AB%8B%E7%9B%B4" n1="%EF%BC%9D%E9%B7%BA%E6%A3%AE%E7%81%BC%EF%BC%9D" n2="%E5%80%89%E6%A9%8B%EF%BC%A0%E4%BA%8B%E5%8B%99" n3="%4D%69%6C%6C%52%65%65%66" dan="16,16,17,16" rate="2151.77,2103.30,2188.26,2054.47" sx="M,F,M,M"/><TAIKYOKU oya="0"/><INIT seed="0,0,0,5,2,125" ten="250,250,250,250" oya="0" hai0="63,6,1,126,88,65,38,74,21,69,48,123,103" hai1="84,10,94,25,87,135,60,77,15,93,0,134,22" hai2="26,8,76,105,98,66,117,119,5,72,58,11,43" hai3="113,44,100,104,14,54,55,101,80,86,97,18,73"/><T132/><D123/><U24/><E0/><V32/><F43/><W17/><G113/><T127/><D38/><U115/><E115/><V111/><F111/><W2/><G2/><T53/><D74/><U36/><E36/><V79/><F11/><W130/><G73/><T75/><D75/><U29/><E25/><V59/><F59/><W12/><G101/><T7/><D103/><U124/><E60/><V52/><F66/><W133/><G130/><T39/><D39/><U78/><E124/><N who="0" m="47657" /><D132/><N who="1" m="50731" /><E87/><V118/><F72/><W102/><G102/><T68/><D68/><U110/><E110/><V40/><F40/><W70/><G70/><T28/><D1/><U47/><E47/><V50/><F98/><W62/><G44/><N who="0" m="27783" /><D88/><N who="1" m="53383" /><E94/><V89/><F105/><W49/><G133/><T106/><D106/><U57/><E57/><V85/><F32/><W3/><G3/><T19/><D28/><U33/><E33/><V112/><F112/><W20/><G62/><T91/><D91/><U67/><E67/><V116/><F116/><W121/><G121/><T42/><D42/><U95/><E95/><V99/><F99/><W108/><G108/><T16/><D19/><AGARI ba="0,0" hai="10,15,19,22,24,29,77,78" m="53383,50731" machi="19" ten="30,2000,0" yaku="20,1,54,1" doraHai="125" who="1" fromWho="0" sc="250,-20,250,20,250,0,250,0" /><INIT seed="1,0,0,4,4,24" ten="230,270,250,250" oya="1" hai0="89,8,97,113,132,25,38,103,45,116,119,15,62" hai1="128,105,133,129,21,35,26,32,124,10,46,79,111" hai2="16,115,52,102,40,14,71,50,28,69,63,1,13" hai3="74,29,48,107,94,67,73,37,6,121,58,131,91"/><U4/><E105/><V61/><F1/><W65/><G107/><T108/><D113/><U42/><E79/><V88/><F115/><W92/><G37/><T86/><D108/><U7/><E111/><V64/><F40/><W11/><G121/><T117/><D132/><U31/><E133/><V99/><F13/><W76/><G131/><N who="1" m="50250" /><E124/><V20/><F102/><W43/><G94/><T126/><D126/><U93/><E93/><V66/><F99/><W127/><G127/><T83/><D38/><N who="1" m="21847" /><E4/><V41/><F41/><W56/><G56/><T54/><D45/><U70/><E70/><V49/><F49/><W123/><G123/><T85/><D62/><U17/><E17/><V106/><F106/><W130/><G130/><T2/><D83/><U84/><E84/><V109/><F109/><W27/><G76/><T36/><D86/><U80/><E80/><V19/><F88/><W0/><G74/><T96/><D85/><U101/><E101/><V23/><F19/><W3/><G73/><T12/><D89/><U5/><E5/><V100/><F100/><W59/><G91/><T95/><D103/><U120/><E120/><V75/><F75/><W104/><G92/><T55/><D95/><U82/><E82/><V134/><F134/><W18/><G104/><T114/><D117/><U77/><E77/><V72/><F72/><W98/><G18/><T9/><D114/><U30/><E30/><V110/><F110/><W60/><G29/><T135/><D135/><U34/><E21/><N who="2" m="11415" /><F28/><W125/><G125/><T22/><D119/><U78/><E78/><V53/><F50/><RYUUKYOKU ba="0,0" sc="230,-15,270,15,250,15,250,-15" hai1="7,10,26,31,32,34,35" hai2="20,23,52,53,61,63,64,66,69,71" /><INIT seed="1,1,0,3,4,62" ten="215,285,265,235" oya="1" hai0="44,59,97,123,7,92,99,32,37,21,66,124,83" hai1="125,4,106,90,16,101,45,132,30,42,128,33,10" hai2="88,93,53,8,122,46,113,89,35,9,129,15,77" hai3="13,55,19,71,24,108,74,86,102,103,38,91,131"/><U40/><E40/><V73/><F122/><W36/><G108/><T11/><D32/><U0/><E128/><V26/><F129/><W22/><G74/><T29/><D124/><U96/><E125/><V43/><F113/><W109/><G109/><T126/><D126/><U1/><E132/><V52/><F73/><W84/><G131/><T78/><D123/><U76/><E76/><V65/><F65/><W80/><G71/><T25/><D44/><U115/><E115/><V6/><F77/><W107/><G107/><T75/><D37/><U57/><E90/><V127/><F127/><W31/><G38/><T117/><D117/><U104/><E57/><V105/><F105/><W67/><G36/><T95/><D99/><U12/><E106/><V70/><F70/><W60/><G55/><T118/><D118/><U81/><E81/><V20/><F35/><W116/><G86/><T48/><D97/><U2/><E42/><V18/><F8/><W94/><G80/><T98/><D98/><U23/><E45/><V119/><F119/><W28/><G116/><T79/><D79/><U85/><E85/><N who="2" m="52367" /><F89/><W51/><G103/><T114/><D114/><U100/><E100/><V34/><F34/><W61/><G102/><T3/><D66/><U47/><E47/><V41/><F41/><W5/><G67/><T72/><D72/><U54/><E54/><V49/><AGARI ba="1,0" hai="6,9,15,18,20,26,43,46,49,52,53" m="52367" machi="49" ten="30,4000,0" yaku="8,1,54,2" doraHai="62" who="2" fromWho="2" sc="215,-11,285,-21,265,43,235,-11" /><INIT seed="2,0,0,3,0,27" ten="204,264,308,224" oya="2" hai0="95,103,132,65,115,119,91,92,23,19,43,88,15" hai1="124,73,104,69,45,4,14,125,67,74,63,122,77" hai2="56,112,18,50,81,17,105,34,8,2,135,79,117" hai3="109,33,53,120,29,20,121,25,62,28,57,40,16"/><V71/><F71/><W66/><G109/><T54/><D115/><U49/><E104/><V134/><F117/><W75/><G75/><T93/><D119/><U59/><E122/><V60/><F105/><W100/><G100/><T84/><D132/><U111/><E111/><V107/><F107/><W3/><G40/><T51/><D65/><U131/><E131/><V42/><F112/><W90/><G3/><T35/><D35/><U1/><E1/><V37/><F50/><W31/><G33/><T110/><D110/><U80/><E69/><V39/><F34/><W10/><G10/><T128/><D128/><U86/><E14/><V116/><F116/><W72/><G72/><T32/><D32/><U47/><E47/><N who="2" m="24015" /><F39/><W130/><G130/><T61/><D103/><U64/><E64/><V55/><F18/><W38/><G38/><T6/><D6/><U22/><E4/><N who="2" m="1047" /><F17/><W58/><REACH who="3" step="1"/><G90/><REACH who="3" ten="204,264,308,214" step="2"/><T85/><D43/><N who="1" m="24767" /><E22/><V70/><F70/><W7/><G7/><T102/><D102/><U52/><E74/><AGARI ba="0,1" hai="55,56,60,74,79,81,134,135" m="1047,24015" machi="74" ten="30,1500,0" yaku="25,1" doraHai="27" who="2" fromWho="1" sc="204,0,264,-15,308,25,214,0" /><INIT seed="2,1,0,3,5,92" ten="204,249,333,214" oya="2" hai0="101,107,129,85,1,106,82,8,30,28,20,56,65" hai1="62,80,134,84,109,37,23,51,59,50,124,115,91" hai2="93,31,74,2,41,79,117,49,25,45,78,98,97" hai3="38,11,18,16,70,119,83,44,54,22,103,61,32"/><V125/><F117/><W120/><G119/><T123/><D123/><U116/><E116/><V67/><F2/><W88/><G32/><T102/><D65/><U21/><E115/><V34/><F125/><W3/><G120/><T15/><D1/><U111/><E37/><V26/><F67/><W17/><G103/><T60/><D129/><U58/><E124/><V64/><F74/><W132/><G132/><T36/><D36/><U121/><E134/><V47/><F64/><W63/><G11/><T110/><D110/><N who="1" m="41995" /><E121/><V76/><F93/><W105/><G105/><T104/><D56/><N who="1" m="21547" /><E62/><N who="3" m="23562" /><G3/><T77/><D60/><U33/><E33/><V86/><F86/><N who="3" m="50271" /><G38/><T112/><D112/><U126/><E126/><V135/><F135/><W94/><G94/><T73/><D73/><U12/><E12/><V66/><F66/><W9/><G9/><T131/><D131/><U133/><E133/><V57/><F57/><W29/><G70/><T27/><REACH who="0" step="1"/><D30/><REACH who="0" ten="194,249,333,214" step="2"/><U81/><E51/><V13/><F49/><N who="3" m="28967" /><G29/><T48/><D48/><U95/><E50/><V24/><F31/><W39/><G39/><T87/><D87/><N who="1" m="52735" /><E81/><V0/><F0/><W96/><G96/><T19/><AGARI ba="1,1" hai="8,15,19,20,27,28,77,82,85,101,102,104,106,107" machi="19" ten="30,2000,0" yaku="1,1,0,1,53,0" doraHai="92" doraHaiUra="40" who="0" fromWho="0" sc="194,33,249,-6,333,-11,214,-6" /><INIT seed="3,0,0,5,5,10" ten="227,243,322,208" oya="3" hai0="89,128,14,90,112,50,58,72,37,25,124,35,130" hai1="125,19,82,104,115,67,3,15,73,121,133,6,41" hai2="2,53,134,86,120,108,97,0,65,106,79,1,101" hai3="103,74,54,129,71,57,26,42,12,94,111,8,88"/><W68/><G74/><T78/><D37/><U51/><E104/><V29/><F65/><W131/><G103/><T46/><D58/><U117/><E115/><V98/><F108/><W48/><G26/><T95/><D112/><U23/><E67/><V36/><F36/><W102/><G102/><T21/><D124/><U75/><E121/><V52/><F120/><W18/><G42/><T31/><D78/><U34/><E125/><V27/><F134/><W4/><G4/><T30/><D72/><U13/><E3/><V38/><F38/><W33/><G33/><T20/><D35/><U84/><E34/><V60/><F98/><N who="3" m="57671" /><G111/><T100/><D100/><U83/><E83/><V113/><F113/><W70/><G70/><T16/><D31/><U28/><E28/><V66/><F86/><W9/><G9/><T5/><D5/><U77/><E133/><V49/><F79/><W11/><G11/><T24/><D24/><U7/><E117/><V93/><F49/><W81/><G81/><T43/><REACH who="0" step="1"/><D90/><REACH who="0" ten="217,243,322,208" step="2"/><U63/><E6/><V135/><F135/><W85/><G68/><T44/><D44/><N who="1" m="25999" /><E63/><V64/><F106/><W47/><G71/><T61/><D61/><U55/><E75/><V62/><F60/><W91/><G57/><T123/><D123/><U110/><E73/><V56/><F66/><W87/><G91/><T80/><D80/><U40/><E110/><V107/><F107/><W127/><G127/><T122/><D122/><U116/><E7/><V45/><F45/><W92/><G92/><T109/><D109/><U119/><E82/><V17/><F29/><RYUUKYOKU ba="0,1" sc="217,10,243,-30,322,10,208,10" hai0="14,16,20,21,25,30,43,46,50,89,95,128,130" hai2="0,1,2,17,27,52,53,56,62,64,93,97,101" hai3="8,12,18,47,48,54,85,87,129,131" /><INIT seed="3,1,1,1,2,60" ten="227,213,332,218" oya="3" hai0="36,84,106,57,132,117,129,62,25,67,5,82,59" hai1="98,130,12,71,38,122,97,14,121,7,6,64,105" hai2="103,131,21,90,41,110,135,114,58,113,128,9,120" hai3="27,92,13,52,54,111,69,22,42,80,125,75,32"/><W33/><G42/><T17/><D117/><U2/><E38/><V134/><F103/><W10/><G125/><T118/><D118/><U20/><E2/><V112/><F41/><W19/><G111/><T66/><D36/><U126/><E126/><V76/><F76/><W79/><G69/><T23/><D106/><U74/><E74/><V102/><F102/><W31/><G33/><T63/><D129/><N who="2" m="49738" /><F90/><W86/><G75/><T78/><REACH who="0" step="1"/><D5/><REACH who="0" ten="217,213,332,218" step="2"/><U83/><E105/><V96/><F114/><W81/><G81/><T115/><D115/><U119/><E119/><V109/><F113/><W43/><G92/><T127/><D127/><U101/><E130/><V45/><F112/><W3/><G43/><T95/><D95/><U0/><E7/><AGARI ba="1,2" hai="3,7,10,13,19,22,27,31,32,52,54,79,80,86" machi="7" ten="40,7700,0" yaku="24,2,54,1" doraHai="60" who="3" fromWho="1" sc="217,0,213,-80,332,0,218,100" /><INIT seed="3,2,0,4,5,125" ten="217,133,332,318" oya="3" hai0="73,22,48,97,124,94,87,6,128,3,17,77,24" hai1="14,51,43,75,93,133,109,4,122,96,11,105,110" hai2="67,34,38,106,23,10,108,120,27,68,72,83,19" hai3="12,85,127,131,52,100,31,116,50,45,21,119,9"/><W13/><G127/><T35/><D124/><U132/><E105/><V88/><F106/><W54/><G100/><T39/><D39/><U33/><E75/><V71/><F38/><W40/><G119/><T135/><D73/><U115/><E33/><V82/><F34/><W46/><G116/><T98/><D135/><N who="1" m="51787" /><E115/><V65/><F72/><W102/><G102/><T81/><D94/><U26/><E26/><V56/><F68/><W44/><G131/><T25/><D128/><U121/><E51/><V53/><F71/><W30/><G21/><T42/><D25/><U18/><E43/><V89/><F108/><N who="1" m="41577" /><E93/><V101/><F120/><W117/><G40/><T78/><D35/><U70/><E96/><V62/><F101/><W60/><G117/><T58/><D98/><U59/><E59/><V7/><F82/><W64/><G85/><T95/><D95/><U79/><E79/><V99/><F99/><W41/><G41/><T118/><D78/><U114/><E70/><V80/><F83/><W112/><G112/><T5/><D97/><U55/><E55/><V86/><REACH who="2" step="1"/><F89/><REACH who="2" ten="217,133,322,318" step="2"/><W91/><G91/><T130/><D81/><U76/><E114/><V0/><AGARI ba="2,1" hai="0,7,10,19,23,27,53,56,62,65,67,80,86,88" machi="0" ten="20,12000,2" yaku="1,1,2,1,0,1,7,1,54,1,53,1" doraHai="125" doraHaiUra="32" who="2" fromWho="2" sc="217,-32,133,-32,322,136,318,-62" /><INIT seed="4,0,0,4,1,85" ten="185,101,458,256" oya="0" hai0="43,133,42,66,38,58,47,92,81,77,104,49,99" hai1="134,107,95,33,23,106,88,12,124,54,93,127,119" hai2="121,51,16,26,96,8,44,11,31,130,0,98,64" hai3="79,56,48,111,131,15,41,113,126,50,110,75,59"/><T80/><D104/><U25/><E119/><V62/><F121/><W1/><G1/><T105/><D105/><U30/><E134/><V122/><F122/><W7/><G75/><T72/><D133/><U135/><E135/><V82/><F0/><W84/><G50/><T115/><D115/><U28/><E95/><V17/><F130/><W129/><G113/><T18/><D81/><U97/><E54/><V73/><F73/><W3/><G3/><T114/><D114/><U4/><E30/><V69/><F82/><N who="3" m="47199" /><G126/><N who="1" m="48170" /><E33/><V89/><F98/><W78/><G78/><T29/><D29/><U100/><E100/><V36/><F36/><W83/><G83/><T27/><D66/><U87/><E97/><V6/><F8/><AGARI ba="0,0" hai="4,8,12,23,25,28,87,88,93,106,107" m="48170" machi="8" ten="30,3900,0" yaku="18,1,52,1,54,1" doraHai="85" who="1" fromWho="2" sc="185,0,101,39,458,-39,256,0" /><INIT seed="5,0,0,0,4,48" ten="185,140,419,256" oya="1" hai0="66,126,55,33,21,129,22,49,132,11,122,73,92" hai1="5,80,113,81,29,50,67,105,8,38,35,133,135" hai2="61,39,87,63,79,31,34,24,32,42,106,36,10" hai3="52,107,75,14,57,85,76,59,120,84,101,99,100"/><U109/><E38/><V124/><F106/><W88/><G120/><T54/><D33/><U6/><E105/><V58/><F34/><W119/><G101/><T69/><D73/><U62/><E113/><V127/><F10/><W102/><G102/><T28/><D69/><U9/><E109/><V97/><F97/><W45/><G119/><T108/><D108/><U94/><E94/><V111/><F111/><W23/><G85/><T40/><D66/><U64/><E35/><V134/><F134/><N who="1" m="51209" /><E29/><V27/><F39/><W83/><G14/><T68/><D68/><N who="1" m="42007" /><E67/><V98/><F31/><W17/><G17/><T18/><D132/><U20/><E20/><V128/><F36/><W77/><G23/><T4/><D22/><U44/><E8/><V82/><F32/><W3/><G77/><T72/><D28/><U71/><E71/><V74/><F79/><W78/><G78/><T86/><D21/><U131/><E131/><V0/><F128/><W41/><G3/><T47/><D11/><U89/><E89/><V15/><F0/><W46/><G88/><T51/><D129/><U65/><E65/><V16/><F27/><W110/><G110/><T121/><D92/><U1/><E5/><V7/><F24/><W91/><G91/><T53/><D4/><U103/><E103/><V90/><F7/><W56/><G100/><T117/><D18/><U70/><E70/><V93/><F16/><W19/><G19/><T96/><D96/><U37/><E37/><V130/><F130/><W125/><G99/><T95/><D95/><U60/><E60/><V116/><F63/><RYUUKYOKU ba="0,0" sc="185,-10,140,30,419,-10,256,-10" hai1="1,6,9,44,50,80,81" /><INIT seed="5,1,0,3,2,38" ten="175,170,409,246" oya="1" hai0="20,46,65,5,17,30,129,89,128,36,85,56,133" hai1="73,93,66,83,95,8,37,74,50,135,27,127,114" hai2="21,87,92,68,11,28,115,54,122,62,81,100,99" hai3="34,58,43,53,94,1,4,67,109,105,86,101,6"/><U84/><E37/><V7/><F122/><W123/><G109/><T97/><D5/><U121/><E121/><V107/><F115/><W116/><G123/><T35/><D35/><U44/><E114/><V29/><F107/><W49/><G34/><T63/><D30/><U131/><E66/><V117/><F117/><W76/><G116/><T2/><D2/><U57/><E57/><V70/><F70/><W90/><G1/><T111/><D97/><U77/><E131/><V0/><F21/><W64/><G76/><T14/><D111/><U31/><E135/><V104/><F104/><W12/><G101/><T48/><D36/><U10/><E74/><V119/><F119/><W75/><G105/><T60/><D60/><U61/><E61/><V110/><F110/><W124/><G124/><T3/><D3/><U59/><E59/><V13/><F0/><W78/><G78/><T25/><D25/><U106/><E106/><V45/><F68/><W40/><G75/><T16/><D17/><U24/><E127/><V79/><F62/><W98/><G98/><T130/><D133/><U69/><E69/><V55/><F55/><W102/><G102/><T22/><D22/><N who="1" m="15767" /><E73/><V18/><F18/><W82/><G4/><T126/><D126/><U52/><E27/><V108/><F108/><W72/><G72/><T132/><D132/><U19/><E19/><V113/><F113/><W23/><G6/><T112/><D112/><U80/><E80/><V9/><F9/><AGARI ba="1,0" hai="8,9,10,44,50,52,77,83,84,93,95" m="15767" machi="9" ten="30,2900,0" yaku="8,1,54,1" doraHai="38" who="1" fromWho="2" sc="175,0,170,32,409,-32,246,0" /><INIT seed="5,2,0,3,5,84" ten="175,202,377,246" oya="1" hai0="96,12,70,60,76,39,89,19,56,9,63,74,112" hai1="98,92,85,123,47,45,13,127,78,26,8,120,114" hai2="83,102,59,57,28,25,32,21,16,82,111,125,73" hai3="118,128,104,54,5,33,58,132,109,134,14,129,37"/><U62/><E62/><BYE who="1" /><V91/><F111/><W80/><G109/><T124/><D39/><U15/><E15/><V90/><F125/><W34/><G104/><T106/><D124/><U133/><E133/><N who="3" m="51306" /><G37/><T93/><D112/><U35/><E35/><UN n1="%EF%BC%9D%E9%B7%BA%E6%A3%AE%E7%81%BC%EF%BC%9D" /><V48/><F102/><W30/><G118/><T71/><D106/><U117/><E117/><V64/><F57/><W20/><G80/><N who="2" m="30761" /><F32/><N who="3" m="12395" /><G58/><T18/><D76/><U69/><E69/><V10/><F73/><W23/><G54/><T100/><D74/><U115/><E127/><V75/><F75/><W40/><G40/><T119/><D119/><U61/><E26/><V51/><F51/><W72/><G72/><T22/><D100/><N who="1" m="60487" /><E61/><N who="2" m="37951" /><F48/><W67/><G67/><T3/><D63/><U94/><E123/><V27/><F27/><N who="3" m="16743" /><G5/><T131/><D70/><U113/><E120/><V68/><F68/><W44/><G44/><T0/><D71/><U6/><E78/><V49/><F49/><W4/><G4/><T108/><D108/><U55/><E55/><V126/><F126/><W41/><G41/><T77/><D77/><U121/><E121/><V116/><F116/><W79/><G79/><T43/><D43/><U11/><E47/><V135/><F135/><W36/><G36/><T31/><D60/><U95/><E45/><V38/><F38/><W86/><G86/><T103/><D56/><U110/><E110/><V122/><F122/><W88/><G128/><T97/><D131/><U2/><E85/><V24/><F24/><W52/><G129/><T66/><D66/><U99/><E99/><V7/><F7/><AGARI ba="2,0" hai="2,6,7,8,11,13,94,95,113,114,115" m="60487" machi="7" ten="30,1500,0" yaku="15,1" doraHai="84" who="1" fromWho="2" sc="175,0,202,21,377,-21,246,0" /><INIT seed="5,3,0,5,3,131" ten="175,223,356,246" oya="1" hai0="10,61,24,55,89,66,20,42,101,102,117,19,14" hai1="44,87,53,21,133,72,85,115,107,38,79,111,125" hai2="108,48,126,56,112,47,90,17,81,114,28,58,0" hai3="34,11,83,65,93,128,49,6,60,95,51,127,62"/><U71/><E71/><V122/><F0/><W132/><G34/><T32/><D117/><U12/><E107/><V18/><F108/><W64/><G128/><T88/><D32/><U40/><E111/><V41/><F122/><W16/><G127/><T73/><D73/><U9/><E125/><V70/><F70/><W39/><G39/><T43/><D55/><U118/><E118/><V96/><F126/><W26/><G83/><T123/><D123/><U130/><E130/><V57/><F28/><W92/><G6/><T91/><D43/><U120/><E120/><V94/><REACH who="2" step="1"/><F81/><REACH who="2" ten="175,223,346,246" step="2"/><W110/><G110/><T33/><D33/><U30/><E30/><V22/><F22/><W124/><G124/><T31/><REACH who="0" step="1"/><D42/><REACH who="0" ten="165,223,346,246" step="2"/><U119/><E40/><V82/><F82/><W7/><G64/><T80/><D80/><U99/><E119/><V59/><N who="2" m="14336" /><DORA hai="74" /><V5/><F5/><W104/><G65/><T4/><D4/><U35/><E35/><V109/><F109/><W134/><G7/><T77/><D77/><U15/><E79/><V2/><F2/><W27/><G60/><T78/><D78/><U13/><E53/><V75/><F75/><W25/><G62/><T36/><D36/><U100/><E72/><V67/><F67/><W52/><G52/><T23/><D23/><U50/><E38/><V3/><F3/><W106/><G11/><T45/><D45/><U121/><E21/><V98/><F98/><W8/><G8/><T116/><D116/><U135/><E9/><V68/><F68/><AGARI ba="3,2" hai="10,14,19,20,24,31,61,66,68,88,89,91,101,102" machi="68" ten="40,8000,1" yaku="1,1,54,1,53,2" doraHai="131,74" doraHaiUra="97,76" who="0" fromWho="2" sc="165,109,223,0,346,-89,246,0" /><INIT seed="6,0,0,1,2,102" ten="274,223,257,246" oya="2" hai0="53,56,57,111,55,75,100,38,89,99,94,21,16" hai1="20,51,72,0,69,27,109,85,33,6,95,77,17" hai2="80,127,50,115,42,23,47,34,14,18,96,48,65" hai3="66,3,43,98,93,10,131,45,24,107,19,22,46"/><V11/><F34/><W86/><G131/><T58/><D111/><U132/><E69/><V135/><F115/><W133/><G133/><T113/><D38/><U8/><E72/><V15/><F135/><W82/><G66/><T2/><D2/><U117/><E117/><V118/><F118/><W110/><G110/><T62/><D75/><U125/><E132/><V83/><F127/><W26/><G26/><T44/><D113/><U108/><E125/><V101/><F50/><W35/><G35/><T76/><D76/><U119/><E119/><V4/><REACH who="2" step="1"/><F65/><REACH who="2" ten="274,223,247,246" step="2"/><W59/><G43/><T9/><D53/><U32/><E32/><V1/><F1/><W52/><G3/><T116/><D55/><U134/><E134/><V81/><F81/><W63/><G82/><T112/><D112/><U40/><E33/><V104/><AGARI ba="0,1" hai="4,11,14,15,18,23,42,47,48,80,83,96,101,104" machi="104" ten="20,7800,0" yaku="1,1,0,1,7,1,52,1,53,0" doraHai="102" doraHaiUra="49" who="2" fromWho="2" sc="274,-26,223,-26,247,88,246,-26" /><INIT seed="6,1,0,4,5,0" ten="248,197,335,220" oya="2" hai0="29,82,26,76,63,72,37,86,112,32,52,69,17" hai1="77,42,53,33,126,47,10,40,92,101,30,38,83" hai2="27,51,14,78,115,46,119,2,85,128,103,70,98" hai3="1,31,7,96,102,57,81,16,43,122,15,107,61"/><V24/><F2/><W88/><G122/><T79/><D37/><U116/><E116/><V130/><F119/><W22/><G43/><T28/><D112/><U48/><E126/><V9/><F70/><W41/><G41/><T66/><D79/><U6/><E33/><V55/><F115/><W12/><G1/><T67/><D67/><U87/><E30/><V5/><F78/><W58/><G31/><T129/><D129/><N who="2" m="49770" /><F85/><W134/><G134/><T120/><D120/><U56/><E42/><V50/><F51/><W113/><G113/><T36/><D36/><U106/><E106/><AGARI ba="1,0" hai="5,9,14,24,27,46,50,55,98,103,106" m="49770" machi="106" ten="30,2900,0" yaku="19,1,52,1" doraHai="0" who="2" fromWho="1" sc="248,0,197,-32,335,32,220,0" /><INIT seed="6,2,0,0,2,107" ten="248,165,367,220" oya="2" hai0="118,21,132,72,10,61,113,79,40,48,52,87,104" hai1="120,109,117,108,26,101,57,100,11,114,81,63,39" hai2="25,93,85,64,46,4,20,8,94,24,28,15,103" hai3="50,58,135,6,53,131,112,71,37,16,130,97,22"/><V116/><F116/><W45/><G112/><T133/><D104/><U62/><E39/><V68/><F46/><W75/><G75/><T32/><D32/><U38/><E38/><V76/><F103/><W127/><G127/><T27/><D61/><U12/><E117/><V35/><F68/><W98/><G71/><T83/><D10/><U73/><E114/><V59/><F64/><W129/><G6/><T51/><D51/><U115/><E115/><V9/><F59/><W77/><G77/><T55/><D118/><U3/><E63/><V70/><F70/><W84/><G84/><T88/><D40/><U41/><E3/><V54/><F54/><W119/><G119/><T134/><D48/><U33/><E41/><V18/><F85/><W105/><G105/><T44/><D44/><U17/><E120/><V125/><F76/><W65/><G135/><T7/><D7/><U60/><E60/><V42/><F42/><N who="3" m="22735" /><G65/><T126/><D126/><U128/><E128/><N who="3" m="32770" /><W92/><DORA hai="111" /><G92/><N who="0" m="54303" /><D113/><U90/><E33/><V13/><F125/><W49/><G49/><T95/><D95/><U122/><E122/><V78/><F78/><W29/><G29/><AGARI ba="2,0" hai="21,27,29,52,55,72,79,83,132,133,134" m="54303" machi="29" ten="30,7700,0" yaku="20,1,52,1,54,2" doraHai="107,111" who="0" fromWho="3" sc="248,83,165,0,367,0,220,-83" /><AGARI ba="2,0" hai="4,8,9,13,15,18,20,24,25,28,29,35,93,94" machi="29" ten="30,1500,0" yaku="7,1" doraHai="107,111" who="2" fromWho="3" sc="331,0,165,0,367,15,137,-15" /><INIT seed="6,3,0,3,2,67" ten="331,165,382,122" oya="2" hai0="135,96,79,122,85,52,133,12,48,80,66,62,35" hai1="15,89,120,94,4,101,61,102,87,105,44,54,45" hai2="28,50,109,64,107,71,10,124,103,58,119,5,81" hai3="117,0,128,114,129,60,34,92,30,18,68,9,78"/><V31/><F119/><W29/><G117/><T25/><D122/><U95/><E105/><V7/><F7/><N who="3" m="1255" /><G78/><T37/><D37/><U131/><E131/><N who="3" m="50250" /><G92/><T3/><D3/><U14/><E120/><V73/><F107/><W26/><G60/><T24/><D12/><N who="1" m="4651" /><E4/><V63/><F103/><N who="1" m="39433" /><E95/><V104/><F104/><W2/><G18/><T108/><D96/><U49/><E61/><V112/><F63/><W13/><G13/><T55/><D55/><U19/><E19/><V125/><F5/><W46/><G46/><AGARI ba="3,0" hai="44,45,46,49,54,87,89,94" m="39433,4651" machi="46" ten="30,1000,0" yaku="8,1" doraHai="67" who="1" fromWho="3" sc="331,0,165,19,382,0,122,-19" /><INIT seed="7,0,0,2,3,14" ten="331,184,382,103" oya="3" hai0="39,55,47,119,100,18,60,90,82,103,106,121,24" hai1="74,31,107,50,130,62,32,93,124,134,69,22,27" hai2="29,99,71,133,96,63,37,75,80,132,38,84,23" hai3="88,40,76,112,53,66,83,33,48,101,104,35,64"/><W98/><G112/><T46/><D106/><U54/><E107/><V7/><F75/><W110/><G110/><T116/><D121/><U135/><E74/><V57/><F71/><W2/><G40/><T114/><D39/><N who="2" m="14858" /><F7/><W16/><G2/><T15/><D24/><U70/><E130/><V123/><F123/><W41/><G41/><T21/><D116/><U79/><E124/><V20/><F99/><W94/><G35/><T102/><D119/><U73/><E93/><V3/><F96/><W97/><G33/><T1/><D1/><U10/><E10/><V108/><F29/><W126/><G126/><T120/><D120/><U11/><E135/><N who="2" m="51787" /><F3/><W122/><G122/><T105/><D105/><U28/><E27/><V117/><F117/><W26/><G26/><T9/><D9/><U17/><E54/><N who="2" m="34231" /><F108/><W58/><REACH who="3" step="1"/><G16/><REACH who="3" ten="331,184,382,93" step="2"/><T6/><D114/><U52/><E11/><V89/><AGARI ba="0,1" hai="20,23,80,84,89" m="34231,51787,14858" machi="89" ten="30,1100,0" yaku="20,1" doraHai="14" who="2" fromWho="2" sc="331,-3,184,-3,382,21,93,-5" owari="328,13.0,181,-22.0,403,50.0,88,-41.0" /></mjloggm>