<mjloggm ver="2.3"><GO type="169" lobby="0"/><UN n0="%E5%B0%B1%E6%B4%BB%E7%94%9F%40%E5%B7%9D%E6%9D%91%E8%BB%8D%E5%9B%A3" n1="%49%65%74%74%61" n2="%6F%6F%6F%6F%6D%6F%72%69" n3="%E6%AF%94%E5%98%89%E7%A7%80%E4%BB%81" dan="17,16,16,16" rate="2165.51,2117.23,2062.95,2083.16" sx="M,M,M,M"/><TAIKYOKU oya="0"/><INIT seed="0,0,0,0,0,131" ten="250,250,250,250" oya="0" hai0="71,76,32,18,53,58,7,56,111,117,55,123,110" hai1="113,12,116,70,104,4,21,38,69,43,52,39,74" hai2="127,62,75,86,121,57,65,19,11,122,72,61,135" hai3="97,93,88,78,8,67,95,100,51,30,17,10,44"/><T64/><D123/><U90/><E104/><V63/><F127/><W126/><G126/><T80/><D32/><U31/><E74/><V120/><F86/><W36/><G36/><T28/><D28/><U34/><E34/><V1/><F1/><W66/><G78/><T118/><D7/><U47/><E39/><V37/><F37/><W130/><G130/><T16/><D80/><U99/><E31/><V54/><F65/><N who="3" m="24587" /><G30/><T115/><D76/><U105/><E116/><N who="0" m="44649" /><D64/><U85/><E105/><V23/><F11/><N who="3" m="4139" /><G17/><N who="0" m="6763" /><D71/><U29/><E29/><V49/><F75/><W50/><G44/><T134/><D134/><U129/><E129/><V91/><F72/><W13/><G13/><T14/><D14/><U79/><E79/><V46/><F46/><W96/><AGARI ba="0,0" hai="50,51,88,93,95,96,97,100" m="4139,24587" machi="96" ten="30,2000,0" yaku="8,1,54,1" doraHai="131" who="3" fromWho="3" sc="250,-10,250,-5,250,-5,250,20" /><INIT seed="1,0,0,4,4,3" ten="240,245,245,270" oya="1" hai0="67,6,117,71,91,29,99,37,90,111,65,126,63" hai1="75,80,82,118,101,116,115,77,74,130,93,104,24" hai2="53,18,14,60,61,11,0,56,20,5,54,98,95" hai3="133,78,19,31,132,76,96,129,33,21,43,113,94"/><U15/><E15/><V87/><F87/><W106/><G106/><T123/><D117/><N who="1" m="45163" /><E24/><V135/><F135/><N who="3" m="51787" /><G113/><T40/><D111/><U100/><E115/><V119/><F119/><W105/><G105/><T102/><D126/><U72/><E104/><V8/><F8/><W124/><G124/><T52/><D123/><U69/><E69/><V59/><F95/><W27/><G43/><T88/><D29/><U64/><E64/><V26/><REACH who="2" step="1"/><F98/><REACH who="2" ten="240,245,235,270" step="2"/><W97/><G97/><T13/><D99/><N who="1" m="59503" /><E130/><V2/><AGARI ba="0,1" hai="0,2,5,11,14,18,20,26,53,54,56,59,60,61" machi="2" ten="30,7900,0" yaku="1,1,0,1,9,1,52,1,53,0" doraHai="3" doraHaiUra="38" who="2" fromWho="2" sc="240,-20,245,-39,235,89,270,-20" /><INIT seed="2,0,0,3,1,24" ten="220,206,324,250" oya="2" hai0="52,48,69,25,127,133,42,77,114,23,39,126,104" hai1="41,89,130,49,66,13,26,34,51,99,12,85,63" hai2="5,95,71,108,65,125,32,103,90,61,47,33,62" hai3="135,134,82,107,78,28,118,93,27,11,110,17,4"/><V121/><F121/><W57/><G107/><T92/><D104/><U106/><E130/><V113/><F113/><W46/><G118/><T123/><D123/><U64/><E41/><V59/><F125/><N who="0" m="47626" /><D114/><U112/><E112/><V87/><F108/><W117/><G117/><T72/><D69/><U128/><E128/><V35/><F5/><W9/><G110/><T105/><D105/><U101/><E64/><V75/><F75/><W22/><G46/><N who="0" m="23903" /><D92/><U37/><E37/><V6/><F6/><W119/><G119/><T102/><D102/><U84/><E84/><V58/><F103/><W68/><G68/><T73/><D77/><U91/><E91/><V31/><F47/><W131/><G131/><T19/><D133/><N who="3" m="50697" /><G57/><AGARI ba="0,0" hai="19,23,25,48,52,57,72,73" m="23903,47626" machi="57" ten="30,2000,0" yaku="18,1,54,1" doraHai="24" who="0" fromWho="3" sc="220,20,206,0,324,0,250,-20" /><INIT seed="3,0,0,1,2,74" ten="240,206,324,230" oya="3" hai0="102,16,66,107,84,71,49,32,13,111,85,95,40" hai1="99,50,64,4,18,125,41,20,63,21,2,80,19" hai2="106,98,72,39,60,8,37,108,83,22,97,78,87" hai3="30,31,93,128,1,12,58,25,132,69,104,34,77"/><W5/><G104/><T14/><D32/><U23/><E2/><V59/><F108/><W62/><G69/><T17/><D111/><U126/><E4/><V121/><F121/><W57/><G132/><T7/><D7/><U90/><E41/><V81/><F8/><W67/><G128/><T42/><D107/><U123/><E50/><V118/><F22/><W70/><G30/><T117/><D117/><U46/><E46/><V29/><F29/><W101/><G1/><T76/><D71/><U3/><E3/><V92/><F106/><W134/><G134/><T133/><D66/><U130/><E130/><V88/><F98/><W73/><G101/><T24/><D24/><U10/><E10/><V52/><REACH who="2" step="1"/><F118/><REACH who="2" ten="240,206,314,230" step="2"/><W131/><G131/><T113/><D133/><U33/><E33/><V109/><F109/><W100/><G5/><T47/><D113/><U38/><E123/><V61/><F61/><W68/><G62/><T91/><D102/><AGARI ba="0,1" hai="37,39,52,59,60,72,78,81,83,87,88,92,97,102" machi="102" ten="30,12000,2" yaku="1,1,7,1,52,1,54,2,53,1" doraHai="74" doraHaiUra="96" who="2" fromWho="0" sc="240,-120,206,0,314,130,230,0" /><INIT seed="4,0,0,0,5,2" ten="120,206,444,230" oya="0" hai0="90,134,27,1,127,7,58,88,67,29,52,13,9" hai1="24,119,85,22,50,82,118,77,78,94,111,83,117" hai2="126,116,86,131,45,17,62,121,19,54,43,20,16" hai3="132,8,28,79,107,73,33,74,3,4,69,21,26"/><T89/><D127/><U115/><E111/><V5/><F121/><W102/><G132/><T31/><D134/><U109/><E109/><V36/><F126/><W80/><G69/><T91/><N who="0" m="22528" /><DORA hai="39" /><T42/><D67/><U72/><E115/><V38/><F131/><W18/><G102/><T30/><D42/><U99/><E50/><V123/><F116/><W105/><REACH who="3" step="1"/><G74/><REACH who="3" ten="120,206,444,220" step="2"/><T124/><D124/><U96/><REACH who="1" step="1"/><E94/><REACH who="1" ten="120,196,444,220" step="2"/><V44/><F123/><W92/><G92/><T57/><D57/><U95/><E95/><V97/><F45/><W51/><G51/><N who="0" m="31007" /><D1/><U130/><E130/><V76/><F44/><W53/><G53/><T103/><D103/><U15/><E15/><AGARI ba="0,2" hai="3,4,8,15,18,21,26,28,33,73,79,80,105,107" machi="15" ten="30,8000,1" yaku="1,1,7,1,24,2,52,1,53,0" doraHai="2,39" doraHaiUra="37,98" who="3" fromWho="1" sc="120,0,196,-80,444,0,220,100" /><INIT seed="5,0,0,5,4,89" ten="120,116,444,320" oya="1" hai0="40,115,22,101,7,45,84,42,99,124,43,92,64" hai1="118,20,8,128,112,51,65,61,12,15,31,105,106" hai2="82,133,83,80,55,37,46,116,50,123,70,17,134" hai3="76,88,113,33,11,120,28,73,56,98,97,36,95"/><U0/><E118/><V32/><F123/><W100/><G120/><T1/><D124/><U69/><E0/><V93/><F116/><W27/><G113/><T47/><D115/><U18/><E112/><V86/><F70/><W52/><G36/><T87/><D64/><U72/><E72/><V54/><F32/><W3/><G76/><T66/><D66/><U131/><E31/><V4/><F4/><W60/><G73/><T6/><D22/><U121/><E51/><V68/><F68/><W5/><REACH who="3" step="1"/><G98/><REACH who="3" ten="120,116,444,310" step="2"/><T79/><D79/><U34/><E34/><V117/><F37/><W21/><G21/><T23/><D23/><U108/><E108/><V39/><F39/><W107/><G107/><T67/><D87/><U104/><REACH who="1" step="1"/><E121/><REACH who="1" ten="120,106,444,310" step="2"/><V81/><F117/><W75/><G75/><T122/><D122/><U25/><E25/><V38/><F38/><W59/><G59/><T71/><D84/><U91/><E91/><AGARI ba="0,2" hai="3,5,11,27,28,33,52,56,60,88,91,95,97,100" machi="91" ten="40,8000,1" yaku="1,1,52,1,54,2,53,0" doraHai="89" doraHaiUra="125" who="3" fromWho="1" sc="120,0,106,-80,444,0,310,100" /><INIT seed="6,0,0,1,4,2" ten="120,26,444,410" oya="2" hai0="115,78,87,105,31,13,84,127,128,30,95,44,68" hai1="18,75,86,96,71,126,63,29,64,41,120,36,27" hai2="106,15,113,107,33,0,132,93,97,47,118,7,131" hai3="124,70,8,5,125,57,1,72,85,94,134,100,91"/><V45/><F118/><W122/><G122/><T133/><D105/><U55/><E75/><V110/><F33/><W123/><G123/><T121/><D68/><U92/><E120/><V61/><F0/><W50/><G70/><T53/><D121/><U73/><E73/><V51/><F113/><W62/><G72/><T81/><D115/><U39/><E126/><N who="3" m="48746" /><G134/><T16/><D128/><U38/><E86/><V135/><F131/><W6/><G100/><T24/><D133/><U26/><E18/><V119/><F119/><W42/><G8/><T17/><D127/><U101/><E26/><V99/><F110/><W35/><G35/><T98/><D87/><U83/><E83/><V69/><F132/><W4/><G1/><T19/><D13/><U129/><E129/><V54/><F135/><W112/><G112/><T90/><D24/><U117/><E117/><V37/><F37/><W79/><G79/><T43/><REACH who="0" step="1"/><D53/><REACH who="0" ten="110,26,444,410" step="2"/><U40/><REACH who="1" step="1"/><E55/><REACH who="1" ten="110,16,444,410" step="2"/><V103/><F54/><N who="3" m="34103" /><G42/><T48/><AGARI ba="0,2" hai="16,17,19,30,31,43,44,48,78,81,84,90,95,98" machi="48" ten="30,8000,1" yaku="1,1,0,1,8,1,54,1,53,1" doraHai="2" doraHaiUra="77" who="0" fromWho="0" sc="110,100,16,-20,444,-40,410,-20" owari="210,-19.0,-4,-50.0,404,50.0,390,19.0" /></mjloggm>