<mjloggm ver="2.3"><GO type="169" lobby="0"/><UN n0="%E4%B8%A6%E3%81%BF%E3%81%AE%E7%AB%9C" n1="%E3%83%88%E3%83%88%E3%83%AA%E5%85%88%E7%94%9F%31%39%E6%AD%B3" n2="%43%2D%E3%83%93%E3%83%83%E3%82%AF" n3="%E3%83%AD%E3%83%83%E3%83%86%E9%9B%80%E7%90%83" dan="17,19,16,17" rate="2203.43,2242.57,2082.81,2201.57" sx="M,F,M,M"/><TAIKYOKU oya="0"/><INIT seed="0,0,0,4,3,52" ten="250,250,250,250" oya="0" hai0="88,81,63,113,23,16,45,73,18,31,33,101,68" hai1="72,17,71,131,50,11,83,112,86,102,116,49,115" hai2="128,132,30,87,66,84,69,127,85,20,8,80,0" hai3="28,106,12,99,27,9,97,6,126,13,120,34,54"/><T129/><D113/><N who="1" m="43595" /><E116/><V1/><F128/><W95/><G126/><T79/><D129/><U43/><E71/><V7/><F127/><W64/><G120/><T44/><D33/><U104/><E72/><V118/><F118/><W22/><G64/><T21/><D101/><U19/><E131/><V57/><F132/><W91/><G106/><T82/><D31/><U89/><E43/><V39/><F39/><W3/><G99/><T107/><D107/><U32/><E32/><V119/><F119/><W133/><G133/><T70/><D63/><U111/><E111/><V67/><F69/><W14/><REACH who="3" step="1"/><G54/><REACH who="3" ten="250,250,250,240" step="2"/><T62/><D70/><U46/><E104/><V56/><F80/><W47/><G47/><T25/><D45/><U29/><E46/><V40/><F40/><W74/><G74/><T26/><D44/><U98/><E83/><V24/><REACH who="2" step="1"/><F1/><REACH who="2" ten="250,250,240,240" step="2"/><W93/><G93/><T42/><D42/><U51/><E98/><V41/><F41/><W125/><G125/><T5/><D68/><U76/><E86/><V117/><F117/><W58/><G58/><AGARI ba="0,2" hai="0,7,8,20,24,30,56,57,58,66,67,84,85,87" machi="58" ten="40,8000,1" yaku="1,1,52,3,53,0" doraHai="52" doraHaiUra="38" who="2" fromWho="3" sc="250,0,250,0,240,100,240,-80" /><INIT seed="1,0,0,5,1,0" ten="250,250,340,160" oya="1" hai0="124,106,43,125,118,103,127,92,116,51,26,67,49" hai1="111,12,21,134,57,115,83,109,107,87,120,42,61" hai2="104,66,63,18,77,17,89,100,8,121,96,76,16" hai3="88,30,79,132,126,133,84,50,53,95,10,54,47"/><U110/><E115/><V56/><F121/><W1/><G126/><T135/><D106/><U40/><E120/><V80/><F89/><W81/><G30/><T101/><D67/><U90/><E107/><V11/><REACH who="2" step="1"/><F77/><REACH who="2" ten="250,250,330,160" step="2"/><W35/><G35/><T41/><D103/><U31/><E134/><V69/><F69/><W29/><G133/><T129/><D135/><U64/><REACH who="1" step="1"/><E31/><REACH who="1" ten="250,240,330,160" step="2"/><V6/><F6/><W94/><G29/><T48/><D127/><U78/><E78/><V70/><F70/><W98/><G132/><T85/><D125/><U91/><E91/><V74/><AGARI ba="0,2" hai="8,11,16,17,18,56,63,66,74,76,80,96,100,104" machi="74" ten="30,4000,0" yaku="1,1,0,1,54,1,53,0" doraHai="0" doraHaiUra="32" who="2" fromWho="2" sc="250,-10,240,-20,330,60,160,-10" /><INIT seed="2,0,0,3,0,121" ten="240,220,390,150" oya="2" hai0="62,55,50,26,64,132,70,109,52,21,3,65,127" hai1="86,92,124,91,53,118,100,75,57,20,98,66,106" hai2="72,60,97,79,128,38,71,17,63,80,48,30,89" hai3="125,105,95,44,135,58,122,73,88,5,8,4,51"/><V113/><F38/><W96/><G122/><T102/><D3/><U39/><E124/><V10/><F113/><W115/><G125/><T82/><D127/><U131/><E131/><V13/><F71/><W67/><G115/><T108/><D102/><U43/><E118/><V119/><F119/><W14/><G135/><T32/><D32/><U134/><E134/><V47/><F30/><W54/><G73/><T6/><D6/><U78/><E66/><V56/><F128/><W68/><G105/><T42/><D132/><U90/><E90/><V126/><F126/><W18/><REACH who="3" step="1"/><G68/><REACH who="3" ten="240,220,390,140" step="2"/><T16/><D65/><U9/><E75/><V28/><F72/><W83/><G83/><T99/><D82/><U49/><E106/><V11/><F80/><W107/><G107/><T112/><D112/><U93/><E93/><V87/><F79/><W133/><G133/><T74/><D74/><U23/><E78/><V120/><F120/><W81/><G81/><T29/><D29/><U76/><E76/><V111/><F28/><W69/><G69/><T27/><D27/><U103/><E92/><V34/><F97/><W0/><G0/><T110/><D99/><U24/><E98/><V15/><F87/><W37/><G37/><T25/><D25/><U101/><E24/><V123/><F123/><W45/><G45/><AGARI ba="0,1" hai="16,21,26,42,45,50,52,55,62,64,70,108,109,110" machi="45" ten="40,12000,2" yaku="14,1,52,3,54,2" doraHai="121" who="0" fromWho="3" sc="240,130,220,0,390,0,140,-120" /><INIT seed="3,0,0,3,1,78" ten="370,220,390,20" oya="3" hai0="28,1,67,104,15,77,114,43,65,85,101,64,66" hai1="46,21,52,81,61,41,27,49,94,115,3,88,74" hai2="33,99,55,32,103,13,80,110,34,122,36,12,129" hai3="87,79,45,73,5,53,83,100,123,38,112,69,71"/><W68/><G112/><T10/><D1/><U37/><E115/><V132/><F36/><W134/><G123/><T107/><D114/><U7/><E3/><V121/><F110/><W98/><G134/><T102/><D43/><U50/><E7/><V14/><F132/><W108/><G108/><T70/><D70/><U51/><E74/><V135/><F135/><W56/><G5/><T75/><D75/><U0/><E0/><V119/><F119/><W40/><G73/><T89/><D77/><U20/><E81/><V22/><F55/><W91/><G79/><T47/><D47/><U113/><E113/><V59/><F59/><W92/><REACH who="3" step="1"/><G69/><REACH who="3" ten="370,220,390,10" step="2"/><T2/><D2/><U116/><E116/><V76/><F121/><W120/><G120/><T117/><D117/><U124/><E124/><V86/><F122/><W25/><G25/><T95/><D107/><U72/><E72/><V24/><F24/><W111/><G111/><T96/><D104/><U131/><E27/><V29/><F76/><W118/><G118/><T126/><D126/><U30/><E131/><V17/><F129/><W60/><AGARI ba="0,1" hai="38,40,45,53,56,60,68,71,83,87,91,92,98,100" machi="60" ten="20,7800,0" yaku="1,1,0,1,7,1,52,1,53,0" doraHai="78" doraHaiUra="4" who="3" fromWho="3" sc="370,-26,220,-26,390,-26,10,88" /><INIT seed="3,1,0,0,0,29" ten="344,194,364,98" oya="3" hai0="104,32,108,11,35,33,110,121,59,128,89,55,56" hai1="116,135,44,127,45,82,9,4,15,23,97,18,81" hai2="41,86,129,75,61,49,74,34,78,46,73,123,122" hai3="43,69,67,24,102,48,98,10,26,100,64,7,39"/><W88/><G39/><T17/><D121/><N who="2" m="46090" /><F129/><W38/><G38/><T106/><D128/><U91/><E135/><V107/><F107/><N who="0" m="41002" /><D89/><U119/><E127/><V52/><F34/><W65/><G69/><T133/><D55/><U92/><E116/><V126/><F126/><W62/><G62/><T6/><D17/><U131/><E119/><V20/><F20/><W130/><G130/><T30/><D30/><U0/><E131/><V63/><F41/><W93/><G43/><T1/><D133/><U54/><E54/><V3/><F3/><W80/><G48/><T112/><D112/><U124/><E124/><V16/><F16/><W22/><G80/><AGARI ba="1,0" hai="46,49,52,61,63,73,74,75,78,80,86" m="46090" machi="80" ten="40,2600,0" yaku="13,1,54,1" doraHai="29" who="2" fromWho="3" sc="344,0,194,0,364,29,98,-29" /><INIT seed="4,0,0,4,2,99" ten="344,194,393,69" oya="0" hai0="67,5,65,31,93,70,127,105,39,34,115,48,26" hai1="79,96,12,62,29,88,37,122,131,68,95,54,36" hai2="35,63,112,128,73,98,106,117,56,61,44,27,69" hai3="116,1,82,91,104,123,77,86,53,38,2,87,97"/><T23/><D39/><U74/><E122/><V130/><F73/><W107/><G38/><T22/><D115/><U114/><E131/><V0/><F112/><W71/><G71/><T113/><D113/><U89/><E114/><V9/><F44/><W103/><G123/><T134/><D127/><U59/><E68/><V100/><F117/><W133/><G116/><T42/><D134/><U78/><E29/><N who="2" m="19903" /><F56/><W124/><G124/><T19/><D105/><U102/><E37/><V24/><F24/><W109/><G107/><T46/><D70/><U126/><E36/><V55/><F55/><W111/><G133/><T15/><D93/><N who="1" m="58639" /><E74/><V32/><F32/><W40/><G40/><T28/><D28/><U47/><E89/><V108/><F108/><W64/><G64/><T120/><D120/><U51/><E12/><V92/><F92/><W81/><REACH who="3" step="1"/><G53/><REACH who="3" ten="344,194,393,59" step="2"/><T30/><D30/><U135/><E135/><V58/><F69/><W118/><G118/><T14/><D34/><U75/><E126/><V50/><F106/><W85/><G85/><T7/><D5/><U10/><E75/><V84/><F84/><W13/><G13/><T132/><D132/><U66/><E10/><AGARI ba="0,1" hai="7,10,14,15,19,22,23,26,31,42,46,48,65,67" machi="10" ten="40,2000,0" yaku="8,1" doraHai="99" who="0" fromWho="1" sc="344,30,194,-20,393,0,59,0" /><INIT seed="4,1,0,4,5,0" ten="374,174,393,59" oya="0" hai0="56,55,18,67,84,70,62,123,11,38,45,20,9" hai1="94,52,68,91,25,130,71,90,42,43,64,92,118" hai2="106,80,73,30,126,121,6,134,61,119,114,21,109" hai3="82,77,79,108,36,13,75,135,129,48,57,33,49"/><T85/><D123/><U8/><E118/><V113/><F106/><W44/><G129/><T100/><D100/><U66/><E25/><N who="2" m="16687" /><F109/><W35/><G135/><T26/><D11/><U28/><E8/><V14/><F121/><W86/><G108/><T15/><D38/><U54/><REACH who="1" step="1"/><E28/><REACH who="1" ten="374,164,393,59" step="2"/><V3/><F119/><W101/><G35/><T122/><D122/><U2/><E2/><V46/><F3/><W23/><G33/><T76/><D76/><U115/><E115/><V41/><F114/><W19/><G79/><T74/><D74/><U102/><E102/><V116/><F73/><W1/><G101/><T53/><D70/><U88/><E88/><V50/><F113/><W78/><G78/><T110/><D110/><U96/><E96/><V40/><F116/><W105/><G1/><T93/><D84/><U104/><E104/><V133/><F133/><W98/><G75/><T51/><D85/><U127/><E127/><V39/><F126/><W103/><REACH who="3" step="1"/><G57/><REACH who="3" ten="374,164,393,49" step="2"/><T87/><D56/><U132/><E132/><V99/><F134/><W24/><G24/><T72/><D26/><U5/><E5/><V120/><F6/><W95/><G95/><T97/><D72/><U60/><E60/><V16/><F61/><W63/><G63/><T27/><D62/><U4/><E4/><V131/><F120/><W10/><G10/><T31/><D9/><U124/><E124/><V47/><F131/><AGARI ba="1,2" hai="42,43,52,54,64,66,68,71,90,91,92,94,130,131" machi="131" ten="25,6400,0" yaku="1,1,22,2,54,1,53,0" doraHai="0" doraHaiUra="83" who="1" fromWho="2" sc="374,0,164,87,393,-67,49,0" /><INIT seed="5,0,0,4,5,116" ten="374,251,326,49" oya="1" hai0="104,109,90,19,5,98,34,91,113,127,37,16,133" hai1="93,131,100,26,33,77,135,115,107,29,43,22,64" hai2="14,1,103,75,78,83,60,97,63,50,4,51,95" hai3="17,10,105,44,23,24,21,88,87,118,61,132,121"/><U42/><E115/><V40/><F1/><W79/><G132/><T9/><D109/><U108/><E135/><V13/><F13/><W92/><G118/><T69/><D37/><U30/><E107/><V134/><F134/><W15/><G105/><T72/><D72/><U62/><E108/><V67/><F40/><W18/><G121/><T101/><D113/><U28/><E131/><V74/><F74/><W81/><G44/><T52/><D69/><U102/><E77/><V99/><F63/><W46/><G46/><T25/><D127/><U65/><E33/><V128/><F128/><W82/><G61/><T38/><D38/><U119/><E119/><V123/><F123/><W57/><G57/><T111/><D111/><U86/><E86/><V59/><F4/><W27/><REACH who="3" step="1"/><G79/><REACH who="3" ten="374,251,326,39" step="2"/><T6/><D133/><U0/><E62/><V58/><F59/><W76/><G76/><T89/><D104/><U126/><E126/><V7/><F58/><W112/><G112/><T73/><D73/><U122/><E43/><V117/><F117/><W124/><G124/><T55/><D55/><U94/><E42/><V68/><F60/><W70/><G70/><T125/><D52/><U2/><E64/><V12/><F68/><W11/><G11/><T84/><D9/><U35/><E65/><V31/><F67/><W71/><G71/><T85/><D125/><U96/><E35/><V129/><F78/><W32/><G32/><T110/><D110/><U130/><E130/><V47/><F129/><W41/><G41/><T8/><D8/><U53/><E122/><V39/><F47/><RYUUKYOKU ba="0,1" sc="374,-10,251,-10,326,-10,39,30" hai3="10,15,17,18,21,23,24,27,81,82,87,88,92" /><INIT seed="6,1,1,3,5,116" ten="364,241,316,69" oya="2" hai0="77,47,108,6,43,54,104,18,126,75,44,50,2" hai1="125,5,68,8,21,122,130,84,70,7,59,97,69" hai2="93,85,22,87,117,40,29,113,66,1,135,65,76" hai3="121,62,61,110,114,115,73,107,64,3,16,118,81"/><V96/><F117/><W111/><G118/><T17/><D108/><U26/><E130/><V106/><F106/><W60/><G64/><T131/><D126/><U90/><E125/><V41/><F1/><W112/><G107/><T74/><D74/><U55/><E97/><V80/><F113/><W92/><G3/><T28/><D28/><U103/><E103/><V71/><F135/><W37/><G37/><T128/><D104/><U89/><E122/><V78/><F71/><W86/><G121/><T10/><D77/><U49/><E8/><V53/><F53/><W33/><G33/><T129/><D75/><U52/><E55/><V57/><F85/><W101/><G73/><T19/><D18/><U102/><E102/><N who="2" m="60687" /><F78/><W67/><G67/><N who="2" m="25609" /><F57/><W48/><G48/><AGARI ba="1,1" hai="2,6,10,17,19,43,44,47,48,50,54,128,129,131" machi="48" ten="40,1300,0" yaku="19,1" doraHai="116" who="0" fromWho="3" sc="364,26,241,0,316,0,69,-16" /><INIT seed="7,0,0,1,3,126" ten="390,241,316,53" oya="3" hai0="43,24,23,112,115,31,29,26,78,5,20,122,99" hai1="67,82,2,129,108,41,104,111,55,74,84,65,46" hai2="116,127,13,57,37,3,49,86,11,119,124,87,134" hai3="53,51,52,30,109,50,88,106,101,83,62,21,66"/><W128/><G109/><T92/><D122/><U9/><E104/><V131/><F37/><W123/><G123/><T10/><D78/><U15/><E2/><V100/><F3/><W33/><G33/><T12/><D43/><U133/><E74/><V130/><F100/><AGARI ba="0,0" hai="5,10,12,20,23,24,26,29,31,92,99,100,112,115" machi="100" ten="40,1300,0" yaku="9,1" doraHai="126" who="0" fromWho="2" sc="390,13,241,0,316,-13,53,0" owari="403,51.0,241,-16.0,303,10.0,53,-45.0" /></mjloggm>