<mjloggm ver="2.3"><GO type="41" lobby="0"/><UN n0="%E3%82%B9%E3%83%88%E3%83%AD%E3%83%B3%E3%82%B0%E3%82%BC%E3%83%AD" n1="%E3%81%BB%E3%81%9F%E3%82%8B%E3%82%A4%E3%83%AB%E3%82%AB" n2="%E5%B0%B1%E6%B4%BB%E7%94%9F%40%E5%B7%9D%E6%9D%91%E8%BB%8D%E5%9B%A3" n3="%E3%83%80%E3%83%B3%E3%83%88%E3%83%84%E3%82%B2%E3%83%B3" dan="14,13,18,15" rate="1987.57,1864.95,2169.76,1948.42" sx="F,M,M,M"/><TAIKYOKU oya="0"/><INIT seed="0,0,0,0,1,66" ten="250,250,250,250" oya="0" hai0="15,37,99,91,8,102,90,38,22,48,16,97,88" hai1="121,40,71,98,27,43,129,24,107,52,112,0,31" hai2="130,63,123,124,83,19,58,62,32,131,92,69,57" hai3="12,21,9,76,28,33,135,54,104,45,30,68,110"/><T34/><D34/><U128/><E121/><V75/><F32/><W109/><G104/><T122/><D122/><U118/><E0/><V132/><F123/><W4/><G76/><T11/><D48/><U127/><E118/><V120/><F120/><W81/><G81/><T74/><D74/><U39/><E39/><V101/><F19/><N who="3" m="10471" /><G68/><T51/><D51/><U67/><E107/><V49/><F49/><W84/><G84/><T70/><D70/><U114/><E98/><V106/><F106/><W17/><G54/><T115/><D115/><N who="1" m="44075" /><E31/><V100/><F69/><W82/><G82/><T18/><D38/><U42/><E127/><V93/><F83/><W94/><G94/><N who="0" m="58743" /><D37/><U3/><E3/><V56/><F132/><W61/><G45/><T79/><D79/><U64/><E64/><V78/><F78/><W46/><G46/><T125/><D125/><U113/><N who="1" m="44083" /><U60/><DORA hai="41" /><E27/><V10/><F75/><W103/><G61/><T133/><D133/><U89/><E24/><V14/><F124/><W26/><G103/><T59/><D59/><N who="1" m="34919" /><E89/><V47/><F58/><W111/><G135/><T1/><D1/><U5/><E5/><V53/><F53/><W6/><G30/><T105/><D105/><U87/><E87/><V86/><F86/><W20/><G9/><N who="0" m="3659" /><D18/><U117/><E117/><V65/><F65/><W96/><G96/><AGARI ba="0,0" hai="15,16,22,88,90,91,96,97" m="3659,58743" machi="96" ten="30,5800,0" yaku="8,1,54,2" doraHai="66,41" who="0" fromWho="3" sc="250,58,250,0,250,0,250,-58" /><INIT seed="0,1,0,4,4,130" ten="308,250,250,192" oya="0" hai0="113,80,120,27,63,43,129,111,110,132,71,115,69" hai1="107,4,13,81,78,61,44,105,20,7,47,108,122" hai2="10,35,64,106,3,45,29,1,21,97,86,42,5" hai3="118,109,23,100,33,11,12,133,95,48,58,76,57"/><T38/><D132/><U51/><E122/><V98/><F86/><W101/><G118/><T0/><D0/><U65/><E108/><N who="0" m="41513" /><D27/><U77/><E77/><V75/><F64/><W83/><G33/><T46/><D80/><U37/><E37/><N who="2" m="21711" /><F21/><W66/><G109/><T28/><D28/><U124/><E124/><V49/><F97/><W50/><G133/><T52/><D129/><U116/><E116/><V84/><F49/><W72/><G23/><T96/><D96/><U117/><E117/><V125/><F84/><W79/><G79/><T6/><D6/><U123/><E44/><V127/><F1/><W2/><G2/><T93/><D93/><U32/><E123/><V41/><F41/><W39/><G39/><T8/><D8/><U121/><E32/><V85/><F85/><W119/><G119/><T128/><D128/><U19/><E121/><V60/><F60/><W53/><G95/><T68/><D120/><U102/><E102/><N who="2" m="62807" /><F75/><W67/><G67/><T126/><D126/><N who="2" m="48138" /><F29/><W104/><G104/><T56/><AGARI ba="1,0" hai="38,43,46,52,56,63,68,69,71,113,115" m="41513" machi="56" ten="40,12000,1" yaku="14,1,10,1,34,2,54,1" doraHai="130" who="0" fromWho="0" sc="308,123,250,-41,250,-41,192,-41" /><INIT seed="0,2,0,0,1,123" ten="431,209,209,151" oya="0" hai0="113,48,73,52,33,91,77,101,100,43,4,7,1" hai1="72,15,104,21,117,78,51,64,125,54,29,61,127" hai2="87,81,132,86,25,89,46,115,92,99,124,96,38" hai3="119,118,50,13,120,9,5,27,83,12,40,14,79"/><T3/><D113/><U67/><E104/><V59/><F115/><W122/><G50/><T37/><D33/><U80/><E117/><N who="3" m="44554" /><G40/><T88/><D43/><U70/><E64/><V28/><F124/><W17/><G83/><T22/><D22/><U30/><E15/><V116/><F132/><W107/><G79/><T133/><D133/><U66/><E66/><V42/><F59/><W126/><G107/><T26/><D26/><U19/><E19/><V130/><F130/><W58/><G58/><T90/><D37/><U11/><E11/><V23/><REACH who="2" step="1"/><F116/><REACH who="2" ten="431,209,199,151" step="2"/><W131/><G126/><N who="1" m="48138" /><E21/><V128/><F128/><W47/><G47/><AGARI ba="2,1" hai="29,30,47,51,54,61,67,70,72,78,80" m="48138" machi="47" ten="30,1000,0" yaku="18,1" doraHai="123" who="1" fromWho="3" sc="431,0,209,26,199,0,151,-16" /><INIT seed="1,0,0,2,5,132" ten="431,235,199,135" oya="1" hai0="106,7,135,100,130,56,123,118,15,92,5,69,90" hai1="39,23,52,31,101,112,2,17,48,124,120,104,122" hai2="81,110,117,47,3,29,93,30,73,53,45,102,98" hai3="109,40,86,125,77,134,108,121,8,65,51,57,67"/><U91/><E112/><V113/><F117/><W33/><G33/><T12/><D69/><U0/><E39/><V18/><F3/><W62/><G8/><T41/><D41/><U76/><E122/><V44/><F113/><W26/><G26/><T96/><D118/><U22/><E120/><V64/><F64/><W55/><G86/><T87/><D123/><U95/><E76/><V46/><F110/><N who="3" m="42603" /><G77/><T9/><D135/><U99/><E31/><V114/><F114/><W35/><G35/><T59/><D130/><U75/><E23/><V103/><F103/><W20/><G20/><T37/><D37/><U1/><E75/><V61/><F18/><W38/><G121/><T66/><D66/><N who="3" m="25097" /><G134/><T25/><D25/><U78/><E78/><V89/><N who="2" m="11776" /><DORA hai="116" /><V70/><F70/><W19/><G19/><T133/><D133/><U28/><E28/><V4/><F4/><W27/><G27/><T63/><D7/><U126/><E22/><V83/><F73/><W74/><G74/><T85/><D85/><U24/><E17/><V68/><F68/><W10/><G10/><T107/><D9/><U94/><E24/><V13/><F13/><W129/><G38/><T97/><D15/><U49/><E104/><V115/><F115/><W88/><G40/><T111/><D111/><U79/><E79/><V105/><F105/><W6/><G6/><T60/><D12/><U119/><E119/><V71/><F71/><W58/><G88/><T127/><D5/><U50/><REACH who="1" step="1"/><E52/><REACH who="1" ten="431,225,199,135" step="2"/><V36/><F36/><W72/><G72/><T14/><D107/><U34/><E34/><RYUUKYOKU ba="0,1" sc="431,-10,225,30,199,-10,135,-10" hai1="0,1,2,48,49,50,91,94,95,99,101,124,126" /><INIT seed="1,1,1,3,0,36" ten="421,255,189,125" oya="1" hai0="63,74,91,108,135,75,133,64,115,66,97,53,6" hai1="52,118,3,88,84,0,71,61,109,127,32,83,77" hai2="43,126,26,123,93,8,46,17,116,35,10,39,41" hai3="132,94,16,30,112,98,121,128,42,101,103,99,82"/><U100/><E118/><V87/><F123/><W59/><G121/><T76/><D108/><U122/><E32/><V7/><F116/><W79/><G30/><T13/><D115/><U131/><E122/><V124/><F39/><W67/><G128/><T62/><D53/><U18/><E131/><V9/><F46/><W48/><G112/><T29/><D29/><U130/><E130/><V111/><F111/><W20/><G132/><T47/><D47/><U80/><E109/><V129/><F129/><W33/><G33/><T25/><D25/><U58/><E100/><V90/><F7/><W102/><G67/><T86/><D97/><U21/><E71/><V51/><F51/><W5/><G5/><T114/><D114/><U104/><E104/><V95/><F95/><W105/><G105/><T119/><D119/><U45/><E45/><V12/><F26/><W34/><G34/><T113/><D113/><U14/><REACH who="1" step="1"/><E127/><REACH who="1" ten="421,245,189,125" step="2"/><N who="2" m="48683" /><F35/><W110/><G110/><T120/><D120/><U92/><E92/><V15/><F15/><W24/><G94/><T85/><D13/><U4/><E4/><V31/><F31/><W40/><G59/><T134/><D6/><U11/><E11/><AGARI ba="1,2" hai="8,9,10,11,12,17,41,43,87,90,93" m="48683" machi="11" ten="30,3900,0" yaku="18,1,52,2" doraHai="36" who="2" fromWho="1" sc="421,0,245,-42,189,62,125,0" /><INIT seed="2,0,0,5,0,133" ten="421,203,251,125" oya="2" hai0="33,63,126,19,31,112,96,38,130,55,135,89,27" hai1="21,40,80,122,24,57,70,25,87,12,51,4,39" hai2="29,79,120,56,34,119,92,118,98,53,73,20,116" hai3="100,74,3,101,65,110,13,59,7,68,10,102,15"/><V67/><F120/><W35/><G68/><T76/><D112/><U91/><E122/><V54/><F34/><W58/><G35/><T69/><D38/><U11/><E70/><V117/><F73/><W48/><G74/><T14/><D76/><U1/><E39/><V44/><F79/><W8/><G110/><T83/><D135/><U61/><E1/><V88/><N who="2" m="30208" /><DORA hai="125" /><V30/><F20/><W84/><G3/><T132/><D132/><U72/><E72/><V81/><F81/><W85/><G65/><T121/><D121/><U106/><E106/><V103/><F103/><W105/><G105/><T71/><D55/><U77/><E21/><V129/><F129/><W124/><G124/><T82/><D126/><U64/><E91/><V131/><F131/><W22/><G22/><T78/><D130/><U28/><E28/><V36/><F67/><W45/><G59/><T2/><D2/><U75/><REACH who="1" step="1"/><E75/><REACH who="1" ten="421,193,251,125" step="2"/><V42/><REACH who="2" step="1"/><F54/><REACH who="2" ten="421,193,241,125" step="2"/><W114/><G114/><T134/><D134/><U115/><E115/><V23/><F23/><W49/><G102/><T0/><D33/><U127/><E127/><V128/><F128/><W104/><G101/><T108/><D78/><U66/><E66/><V107/><F107/><W60/><G100/><T109/><D89/><U6/><E6/><V111/><F111/><W9/><G104/><T5/><D5/><U94/><E94/><V93/><F93/><W52/><G7/><T46/><D109/><U97/><E97/><V41/><F41/><W95/><G95/><T16/><D96/><U90/><E90/><V17/><F17/><RYUUKYOKU ba="0,2" sc="421,-15,193,15,241,15,125,-15" hai1="4,11,12,24,25,40,51,57,61,64,77,80,87" hai2="29,30,36,42,44,53,56,88,92,98" /><INIT seed="2,1,2,0,2,83" ten="406,208,256,110" oya="2" hai0="88,32,13,79,101,75,102,22,9,14,60,128,0" hai1="11,1,5,69,25,92,56,8,33,27,113,91,78" hai2="123,125,108,76,111,59,107,72,68,16,81,45,82" hai3="4,44,135,50,10,12,134,94,80,19,39,6,89"/><V115/><F123/><W95/><G39/><T106/><D32/><U71/><E113/><V112/><F68/><W47/><G47/><T28/><D106/><U51/><E11/><V105/><F45/><W36/><G36/><T118/><D128/><U62/><E78/><BYE who="1" /><N who="2" m="44231" /><F59/><W84/><G95/><T131/><D131/><U130/><E130/><V7/><F7/><W121/><G121/><T55/><D79/><U41/><E41/><V103/><F16/><W49/><G49/><T38/><D75/><U100/><E100/><V119/><F119/><W74/><G74/><T64/><D38/><U57/><E57/><V42/><F42/><W21/><G94/><T87/><D0/><U17/><E17/><V133/><F133/><N who="3" m="50699" /><G21/><T20/><D118/><U70/><E70/><V85/><F125/><W18/><G18/><N who="0" m="10327" /><D64/><U43/><E43/><AGARI ba="1,2" hai="4,6,10,12,19,43,44,50,80,84,89" m="50699" machi="43" ten="30,2000,0" yaku="20,1,52,1" doraHai="83" who="3" fromWho="1" sc="406,0,208,-23,256,0,110,43" /><INIT seed="3,0,0,2,2,51" ten="406,185,256,153" oya="3" hai0="120,65,34,1,41,85,76,8,43,62,18,71,38" hai1="2,94,25,31,52,17,32,22,109,14,29,39,108" hai2="42,59,6,115,132,57,121,116,99,130,19,40,128" hai3="105,60,72,63,21,93,26,96,16,100,98,92,118"/><W68/><G72/><T53/><D120/><U104/><E104/><V73/><F116/><W102/><G118/><T83/><D34/><U35/><E35/><V87/><F73/><W55/><G105/><T117/><D117/><U129/><E129/><N who="2" m="49771" /><F115/><W7/><G68/><T134/><D134/><U11/><E11/><V91/><F121/><W20/><G7/><T86/><D38/><U81/><E81/><V54/><F6/><W48/><G21/><T5/><D86/><U80/><E80/><N who="2" m="49639" /><F59/><AGARI ba="0,0" hai="16,20,26,48,55,59,60,63,92,93,96,98,100,102" machi="59" ten="30,12000,1" yaku="7,1,9,1,8,1,52,1,54,1" doraHai="51" who="3" fromWho="2" sc="406,0,185,0,256,-120,153,120" /><INIT seed="3,1,0,3,3,55" ten="406,185,136,273" oya="3" hai0="43,58,74,91,23,46,132,10,129,68,101,106,105" hai1="94,48,14,20,125,50,45,19,0,17,107,90,102" hai2="24,9,118,133,109,42,63,135,127,39,29,51,115" hai3="123,117,28,110,121,60,81,120,100,66,52,57,112"/><W47/><G28/><T92/><D68/><U70/><E70/><V40/><F118/><W69/><G81/><T18/><D74/><U126/><E126/><V82/><F115/><W5/><G5/><T76/><D76/><U84/><E84/><V99/><F127/><W108/><G100/><T113/><D129/><U34/><E34/><V36/><F109/><N who="3" m="42091" /><G117/><T119/><D119/><U6/><E6/><V85/><F99/><W15/><G15/><T49/><D10/><U27/><E27/><V35/><F9/><W83/><G83/><T98/><D113/><U77/><E77/><V71/><F39/><W93/><G93/><T26/><D132/><N who="2" m="50762" /><F36/><W4/><G4/><T33/><D33/><U89/><E89/><V134/><F134/><W131/><G112/><T103/><D106/><U8/><E8/><V88/><F51/><N who="3" m="28799" /><G69/><T87/><D105/><U124/><E124/><V3/><F3/><W80/><G80/><T1/><D1/><U56/><E56/><V130/><F130/><AGARI ba="1,0" hai="57,60,66,120,121,123,130,131" m="28799,42091" machi="130" ten="40,18000,2" yaku="14,1,10,1,34,2,52,1,54,1" doraHai="55" who="3" fromWho="2" sc="406,0,185,0,136,-183,273,183" owari="406,21.0,185,-21.0,-47,-55.0,456,55.0" /></mjloggm>