<mjloggm ver="2.3"><GO type="169" lobby="0"/><UN n0="%E6%9D%9F%E5%AD%90" n1="%E3%81%A9%E3%82%93%E3%82%88%E3%81%8F" n2="%E5%B0%B1%E6%B4%BB%E7%94%9F%40%E5%B7%9D%E6%9D%91%E8%BB%8D%E5%9B%A3" n3="%E3%80%93%E3%81%84%E3%81%A1%E3%81%AF%E3%82%89%E3%80%93" dan="17,18,17,18" rate="2169.16,2235.10,2215.74,2234.43" sx="M,M,M,M"/><TAIKYOKU oya="0"/><INIT seed="0,0,0,0,2,117" ten="250,250,250,250" oya="0" hai0="97,15,111,131,77,26,115,50,6,3,24,121,12" hai1="69,49,135,80,91,0,10,127,23,95,43,56,119" hai2="52,59,57,99,68,14,2,45,17,19,36,88,94" hai3="107,106,37,9,103,84,113,112,27,116,31,86,73"/><T30/><D115/><U76/><E119/><V11/><F68/><W51/><G37/><T16/><D3/><U123/><E69/><V130/><F130/><W101/><G51/><T29/><D131/><U125/><E135/><V114/><F114/><W133/><G27/><T110/><D77/><U108/><E108/><N who="0" m="41513" /><D97/><U28/><E123/><V102/><F2/><W118/><G31/><N who="0" m="11787" /><D50/><U47/><E56/><V63/><F59/><W53/><G9/><N who="0" m="4151" /><D121/><U89/><E0/><V85/><F36/><W134/><G53/><T65/><D65/><U74/><E10/><AGARI ba="0,0" hai="10,15,16,24,26" m="4151,11787,41513" machi="10" ten="30,12000,1" yaku="14,1,10,1,34,2,54,1" doraHai="117" who="0" fromWho="1" sc="250,120,250,-120,250,0,250,0" /><INIT seed="0,1,0,1,5,40" ten="370,130,250,250" oya="0" hai0="57,78,36,80,38,93,79,35,121,10,11,104,14" hai1="72,103,64,116,106,32,95,34,5,16,54,61,23" hai2="109,75,89,65,133,67,9,12,71,59,56,17,118" hai3="6,86,62,102,52,91,105,26,25,1,58,53,3"/><T126/><D104/><U96/><E116/><V132/><F75/><W44/><G105/><T122/><D35/><U131/><E131/><V129/><F129/><W125/><G125/><T98/><D126/><U7/><E72/><V97/><F109/><W120/><G120/><T41/><D41/><U81/><E81/><V55/><F118/><W2/><G6/><T47/><D57/><U13/><E54/><V8/><F8/><W19/><G102/><T94/><D14/><U83/><E83/><V76/><F76/><W87/><G19/><T51/><D80/><U128/><E128/><V100/><F89/><W82/><REACH who="3" step="1"/><G87/><REACH who="3" ten="370,130,250,240" step="2"/><T112/><D98/><U37/><E106/><V4/><F4/><W28/><G28/><T88/><D112/><U92/><E5/><V85/><F85/><W22/><G22/><T60/><D121/><U123/><E123/><V119/><F119/><W30/><G30/><T63/><D122/><U24/><E7/><V42/><F97/><W74/><G74/><T110/><D110/><U68/><E37/><V117/><F100/><W66/><G66/><T21/><D21/><U115/><E115/><V90/><F67/><W101/><G101/><T29/><D29/><U48/><E24/><V77/><F65/><W27/><G27/><T134/><D36/><U84/><REACH who="1" step="1"/><E48/><AGARI ba="1,1" hai="1,2,3,25,26,44,48,52,53,58,62,82,86,91" machi="48" ten="40,5200,0" yaku="1,1,52,1,54,1,53,0" doraHai="40" doraHaiUra="39" who="3" fromWho="1" sc="370,0,130,-55,250,0,240,65" /><INIT seed="1,0,0,0,2,125" ten="370,75,250,305" oya="1" hai0="38,22,103,16,89,18,43,49,74,96,17,95,91" hai1="86,59,29,31,131,42,64,14,130,39,116,98,90" hai2="11,92,122,6,85,65,134,135,114,40,71,84,5" hai3="54,30,78,57,37,3,25,33,70,20,26,110,101"/><U27/><E116/><V107/><F107/><W94/><G110/><T127/><D38/><U79/><E79/><V58/><F122/><W1/><G70/><T13/><D74/><U50/><E39/><V133/><F71/><W63/><G37/><T47/><D127/><U32/><E98/><V55/><F40/><W62/><G62/><T21/><REACH who="0" step="1"/><D17/><REACH who="0" ten="360,75,250,305" step="2"/><U35/><E14/><AGARI ba="0,1" hai="13,14,16,18,21,22,43,47,49,89,91,95,96,103" machi="14" ten="30,12000,2" yaku="1,1,2,1,7,1,9,1,8,1,54,1,53,0" doraHai="125" doraHaiUra="7" who="0" fromWho="1" sc="360,130,75,-120,250,0,305,0" owari="490,59.0,-45,-55.0,250,-15.0,305,11.0" /></mjloggm>