<mjloggm ver="2.3"><GO type="169" lobby="0"/><UN n0="%E5%96%A7%E5%98%A9%E5%B8%AB%E2%98%86%E8%8A%B1%E5%B1%B1" n1="%E3%82%A2%E3%82%AB%E3%82%AE%EF%BC%A0%E5%B7%9D%E6%9D%91%E8%BB%8D%E5%9B%A3" n2="%E3%82%A6%E3%83%AB%E3%83%88%E3%83%A9%E7%AB%8B%E7%9B%B4" n3="%E3%83%94%E3%82%AB%E5%90%BE%E9%83%8E" dan="17,18,18,16" rate="2170.90,2193.60,2206.16,2130.62" sx="M,M,M,M"/><TAIKYOKU oya="0"/><INIT seed="0,0,0,3,3,2" ten="250,250,250,250" oya="0" hai0="38,74,25,135,46,91,84,20,27,13,22,102,65" hai1="63,106,126,110,23,104,101,105,49,131,40,100,64" hai2="116,4,68,81,86,79,120,82,36,89,55,26,70" hai3="35,67,61,133,121,18,21,76,132,71,66,97,52"/><T48/><D74/><U72/><E72/><V51/><F36/><W28/><G76/><T95/><D38/><U128/><E110/><V92/><F120/><W93/><G28/><T78/><D135/><N who="3" m="51785" /><G35/><T96/><D78/><U85/><E126/><V14/><F26/><N who="3" m="14647" /><G121/><T112/><D65/><U41/><E23/><V56/><F116/><W19/><G19/><T122/><D112/><U53/><E101/><V130/><F130/><W108/><G108/><T115/><D115/><U60/><E100/><V98/><REACH who="2" step="1"/><F82/><REACH who="2" ten="250,250,240,250" step="2"/><W58/><G71/><T45/><D122/><U123/><E131/><V54/><F54/><W103/><AGARI ba="0,1" hai="52,58,61,66,67,93,97,103" m="14647,51785" machi="103" ten="30,2000,0" yaku="20,1,54,1" doraHai="2" who="3" fromWho="3" sc="250,-10,250,-5,240,-5,250,30" /><INIT seed="1,0,0,3,3,59" ten="240,245,235,280" oya="1" hai0="100,35,18,69,104,117,128,42,68,8,36,115,112" hai1="37,44,109,50,11,31,131,97,16,47,135,96,62" hai2="90,106,9,22,6,95,33,57,0,58,56,41,55" hai3="75,121,116,102,72,20,26,134,2,1,129,14,34"/><U85/><E131/><V110/><F33/><W54/><G121/><T10/><D117/><U49/><E135/><V83/><F106/><W27/><G14/><T52/><D128/><U29/><E37/><V127/><F127/><W103/><G129/><T84/><D84/><U81/><E109/><V71/><F71/><W87/><G87/><T132/><D35/><U40/><E97/><V66/><F110/><W123/><G34/><T77/><D77/><U23/><E96/><V30/><F83/><W92/><G92/><T12/><D8/><U25/><E11/><V89/><F41/><W51/><G20/><T70/><D132/><U107/><E62/><N who="2" m="38231" /><F0/><W111/><G51/><T17/><D17/><U64/><E64/><V73/><F73/><W101/><G101/><T28/><D28/><U39/><E107/><V19/><F6/><W93/><G134/><T76/><D76/><N who="1" m="46247" /><E39/><V60/><F57/><W15/><G111/><T124/><D124/><U38/><E38/><V126/><F126/><W13/><G123/><T118/><D118/><U82/><E82/><V91/><F9/><W88/><G93/><T120/><D120/><U98/><E98/><N who="2" m="57711" /><F30/><W108/><G108/><T67/><D104/><U46/><E46/><V78/><F78/><W80/><G80/><T53/><D100/><U3/><E3/><V74/><F74/><W133/><G133/><T5/><D5/><U65/><E65/><V130/><F130/><W119/><G88/><T63/><D36/><U21/><E21/><V48/><F48/><W86/><G86/><T24/><D68/><U114/><E31/><RYUUKYOKU ba="0,0" sc="240,-15,245,-15,235,15,280,15" hai2="19,22,55,56,60,90,91" hai3="1,2,13,15,26,27,54,72,75,102,103,116,119" /><INIT seed="2,1,0,3,0,19" ten="225,230,250,295" oya="2" hai0="73,16,125,67,106,120,33,69,68,64,109,12,18" hai1="26,117,129,123,112,34,127,38,36,100,25,41,49" hai2="52,74,28,53,122,0,71,55,9,87,93,50,79" hai3="81,54,99,82,35,15,77,11,4,72,116,60,14"/><V124/><F122/><W57/><G35/><T40/><D120/><U8/><E117/><V13/><F0/><W17/><G116/><T65/><D33/><U30/><E112/><V32/><F71/><W48/><G99/><T45/><D109/><U94/><E123/><V103/><F124/><W133/><G133/><T96/><D73/><U59/><E127/><V95/><F74/><W130/><G130/><T1/><D1/><U47/><E129/><V89/><F79/><W20/><REACH who="3" step="1"/><G82/><REACH who="3" ten="225,230,250,285" step="2"/><T131/><D131/><U92/><E34/><V98/><F32/><W56/><G56/><T114/><D125/><U31/><E59/><N who="2" m="33175" /><F28/><W83/><G83/><T76/><D114/><U78/><E31/><V42/><F42/><W44/><G44/><T128/><D128/><U46/><E30/><V108/><F108/><W102/><G102/><T132/><D132/><U110/><E46/><V23/><F98/><W88/><G88/><T101/><D76/><U27/><E78/><V63/><F103/><W62/><AGARI ba="1,1" hai="4,11,14,15,17,20,48,54,57,60,62,72,77,81" machi="62" ten="30,8000,1" yaku="1,1,0,1,52,1,53,2" doraHai="19" doraHaiUra="58" who="3" fromWho="3" sc="225,-21,230,-21,250,-41,285,93" /><INIT seed="3,0,0,5,2,1" ten="204,209,209,378" oya="3" hai0="91,41,66,2,76,102,134,55,63,0,29,115,68" hai1="3,36,71,111,82,53,133,95,117,105,125,106,9" hai2="90,128,124,108,18,19,112,92,17,80,78,121,4" hai3="22,86,5,57,87,6,8,88,31,37,26,85,103"/><W32/><G37/><T110/><D134/><U109/><E133/><V58/><F112/><W61/><G103/><T94/><D110/><U96/><E125/><V23/><F108/><W54/><G32/><T77/><D102/><U45/><E117/><V131/><F124/><W30/><G30/><T27/><D115/><U72/><E71/><V46/><F46/><W14/><REACH who="3" step="1"/><G6/><REACH who="3" ten="204,209,209,368" step="2"/><T34/><D34/><U116/><E111/><V130/><F4/><W35/><G35/><T65/><D29/><U60/><E109/><V52/><F121/><W11/><G11/><T21/><D21/><U127/><E127/><V25/><F17/><W120/><G120/><T50/><D66/><U67/><E36/><V100/><F18/><W40/><G40/><T75/><D41/><U10/><E9/><V93/><F100/><W24/><G24/><T126/><D27/><U99/><E10/><V20/><F20/><W98/><G98/><T129/><D126/><U42/><E99/><V123/><F123/><W118/><G118/><T48/><D65/><U113/><E42/><V107/><F107/><W74/><G74/><T39/><D75/><U122/><E116/><V28/><F28/><W132/><G132/><T73/><D73/><U119/><E122/><V47/><F19/><W114/><G114/><T12/><D39/><U101/><E113/><V15/><F23/><W81/><AGARI ba="0,1" hai="5,8,14,22,26,31,54,57,61,81,85,86,87,88" machi="81" ten="20,18000,2" yaku="1,1,0,1,7,1,8,1,52,1,54,1,53,0" doraHai="1" doraHaiUra="44" who="3" fromWho="3" sc="204,-60,209,-60,209,-60,368,190" /><INIT seed="3,1,0,5,2,54" ten="144,149,149,558" oya="3" hai0="102,40,59,36,71,78,116,110,35,104,2,28,64" hai1="32,128,127,101,61,87,86,105,97,122,3,79,129" hai2="85,49,43,21,66,7,58,5,18,93,76,119,133" hai3="4,99,27,10,17,33,108,68,77,89,0,57,52"/><W84/><G68/><T29/><D110/><U132/><E3/><V1/><F1/><W34/><G108/><T94/><D116/><U130/><E32/><V134/><F119/><W81/><G99/><T103/><D2/><U14/><E122/><V30/><F30/><W109/><G109/><T56/><D78/><U63/><E132/><N who="2" m="50795" /><F43/><W11/><G77/><T90/><D28/><U50/><E127/><V26/><F93/><W9/><G9/><T135/><D135/><U131/><N who="1" m="32768" /><DORA hai="95" /><U120/><E120/><V16/><F18/><W96/><G96/><N who="0" m="61543" /><D102/><U22/><E50/><V123/><F123/><W125/><G125/><T117/><D117/><U65/><E79/><V114/><F114/><W115/><G115/><T37/><D40/><U111/><E111/><V38/><F38/><N who="0" m="14954" /><D90/><U106/><E106/><V60/><F49/><W24/><G34/><T72/><D94/><U98/><E98/><V19/><F19/><W121/><G33/><T13/><D13/><U25/><E14/><V48/><F48/><W53/><G121/><T15/><D15/><U62/><REACH who="1" step="1"/><E65/><REACH who="1" ten="144,139,149,558" step="2"/><V20/><F20/><N who="3" m="13327" /><G0/><T88/><D72/><U55/><E55/><V91/><F76/><W67/><G53/><T124/><D124/><U83/><E83/><V45/><F85/><W23/><G67/><T47/><D47/><U42/><E42/><V112/><F45/><W31/><G4/><N who="2" m="1609" /><F112/><W126/><G126/><T75/><D75/><U8/><E8/><V51/><F51/><AGARI ba="1,1" hai="10,11,23,27,31,51,52,57,81,84,89" m="13327" machi="51" ten="30,5800,0" yaku="8,1,52,1,54,1" doraHai="54,95" who="3" fromWho="2" sc="144,0,139,0,149,-61,558,71" /><INIT seed="3,2,0,3,0,28" ten="144,139,88,629" oya="3" hai0="127,47,81,129,78,34,119,41,99,82,30,37,61" hai1="27,123,69,88,85,76,20,101,55,33,74,3,135" hai2="23,1,39,90,83,11,93,48,5,124,22,44,84" hai3="36,94,6,32,63,128,54,92,31,126,59,100,29"/><W134/><G36/><T64/><D119/><U24/><E123/><V62/><F124/><W66/><G126/><T73/><D127/><U104/><E3/><V122/><F122/><W131/><G6/><T114/><D129/><N who="3" m="49737" /><G134/><T50/><D114/><U51/><E69/><V71/><F39/><W10/><G10/><T105/><D82/><U125/><E135/><V117/><F117/><W0/><G0/><T72/><D72/><U21/><E125/><V87/><F62/><N who="3" m="36215" /><G100/><T49/><D105/><U112/><E101/><V67/><F67/><W38/><G38/><T113/><D99/><U77/><E104/><V70/><F71/><N who="3" m="42463" /><G32/><T107/><D107/><U133/><E33/><V86/><F70/><W52/><G52/><T110/><D113/><U7/><E7/><V132/><F132/><W75/><G75/><T97/><D97/><U19/><E74/><V111/><F86/><W8/><G8/><T16/><D34/><U26/><E112/><V15/><F1/><W2/><G2/><T102/><D102/><U68/><E68/><V89/><REACH who="2" step="1"/><F111/><REACH who="2" ten="144,139,78,629" step="2"/><W80/><G80/><T17/><D110/><U108/><E108/><V35/><F35/><W9/><G94/><T42/><D37/><U130/><E133/><V58/><F58/><W116/><G92/><T45/><D64/><U95/><E130/><V96/><F96/><W12/><G116/><T91/><D61/><U56/><REACH who="1" step="1"/><E27/><REACH who="1" ten="144,129,78,629" step="2"/><V40/><AGARI ba="2,2" hai="5,11,15,22,23,40,44,48,83,84,87,89,90,93" machi="40" ten="20,5200,0" yaku="1,1,0,1,7,1,8,1,53,0" doraHai="28" doraHaiUra="13" who="2" fromWho="2" sc="144,-15,129,-15,78,78,629,-28" /><INIT seed="4,0,0,1,5,5" ten="129,114,156,601" oya="0" hai0="132,133,4,57,54,1,123,15,120,85,26,61,20" hai1="91,50,55,130,11,37,83,14,67,24,42,3,39" hai2="131,73,43,10,18,78,35,49,121,28,71,96,64" hai3="17,40,108,98,74,60,48,69,22,66,109,16,118"/><T135/><D1/><U93/><E3/><V52/><F121/><W95/><G74/><T124/><D124/><U36/><E130/><V56/><F131/><W31/><G31/><T72/><D72/><U106/><E106/><V113/><F113/><W84/><G84/><T122/><D85/><U45/><E67/><V75/><F78/><W13/><G118/><T23/><REACH who="0" step="1"/><D26/><REACH who="0" ten="119,114,156,601" step="2"/><U47/><E24/><V90/><F75/><W19/><G108/><T89/><D89/><U32/><E32/><V53/><F73/><W27/><G109/><T99/><D99/><U82/><E82/><V92/><F90/><W125/><G125/><T9/><AGARI ba="0,1" hai="4,9,15,20,23,54,57,61,120,122,123,132,133,135" machi="9" ten="40,12000,1" yaku="1,1,0,1,20,1,52,1,53,0" doraHai="5" doraHaiUra="79" who="0" fromWho="0" sc="119,130,114,-40,156,-40,601,-40" /><INIT seed="4,1,0,2,2,88" ten="249,74,116,561" oya="0" hai0="110,80,64,23,107,5,75,24,20,122,25,32,52" hai1="133,79,26,18,134,15,99,125,48,95,51,28,43" hai2="102,55,109,76,34,89,66,56,128,81,130,0,1" hai3="94,87,11,50,104,49,13,86,54,111,27,2,105"/><T93/><D107/><U39/><E79/><V112/><F34/><W96/><G2/><T42/><D122/><U33/><E125/><V113/><F102/><W69/><G69/><T41/><D64/><U127/><E127/><V58/><F109/><W72/><G72/><T36/><D32/><U123/><E123/><V129/><F66/><W21/><G50/><T92/><D5/><U8/><E39/><V97/><F97/><W7/><G111/><T118/><D118/><U12/><E12/><V30/><F89/><N who="3" m="55375" /><G105/><T71/><D71/><U3/><E3/><N who="2" m="1099" /><F30/><N who="3" m="17775" /><G104/><T63/><D75/><U135/><REACH who="1" step="1"/><E43/><REACH who="1" ten="249,64,116,561" step="2"/><V77/><F77/><W37/><G37/><T19/><D110/><U90/><AGARI ba="1,1" hai="8,15,18,26,28,33,48,51,90,95,99,133,134,135" machi="90" ten="30,8000,1" yaku="1,1,2,1,0,1,20,1,52,1,53,0" doraHai="88" doraHaiUra="67" who="1" fromWho="1" sc="249,-41,64,93,116,-21,561,-21" /><INIT seed="5,0,0,0,5,24" ten="208,157,95,540" oya="1" hai0="13,84,32,122,105,124,58,41,112,97,82,115,95" hai1="89,51,17,56,62,45,103,67,98,44,54,121,125" hai2="25,14,102,108,29,114,37,90,92,59,132,0,74" hai3="77,69,21,15,3,106,35,8,80,26,53,68,118"/><U55/><E121/><V34/><F108/><W2/><G106/><T36/><D124/><U83/><E125/><V133/><F0/><W111/><G3/><T127/><D127/><U116/><E116/><V19/><F74/><W12/><G12/><T73/><D122/><U130/><E130/><V31/><F102/><W66/><G66/><T61/><D32/><U64/><E44/><V107/><F107/><W33/><G33/><T22/><D41/><U46/><E46/><V7/><F59/><W27/><G27/><T104/><D36/><U109/><E109/><V52/><F52/><W57/><G35/><T113/><D73/><U9/><E103/><V1/><F37/><W23/><G23/><T28/><D13/><N who="1" m="7343" /><E98/><V4/><F90/><W86/><G2/><T5/><D5/><N who="2" m="2122" /><F92/><W87/><G118/><T42/><D42/><U85/><AGARI ba="0,0" hai="45,51,54,55,56,62,64,67,83,85,89" m="7343" machi="85" ten="30,3000,0" yaku="25,1,8,1" doraHai="24" who="1" fromWho="1" sc="208,-10,157,30,95,-10,540,-10" /><INIT seed="5,1,0,2,4,105" ten="198,187,85,530" oya="1" hai0="84,30,40,11,130,3,65,14,49,27,88,135,99" hai1="75,81,79,91,60,124,37,120,23,50,56,131,15" hai2="107,38,111,101,106,100,128,17,2,61,0,95,83" hai3="104,31,103,109,41,123,108,26,42,6,82,134,55"/><U98/><E120/><V35/><F95/><W90/><G6/><T129/><D135/><U58/><E37/><V87/><F61/><W48/><G134/><T110/><D110/><U19/><E131/><N who="0" m="50185" /><D3/><U94/><E124/><V86/><F128/><W125/><G125/><T47/><D65/><U117/><E117/><V59/><F83/><W21/><G42/><T127/><D99/><U10/><E50/><V7/><F17/><W57/><G41/><T54/><D127/><U113/><E113/><V32/><F7/><W126/><G123/><T16/><D40/><U73/><E73/><V13/><F13/><W116/><G116/><T66/><D66/><U114/><E114/><V89/><F59/><W122/><G126/><T8/><D8/><U18/><REACH who="1" step="1"/><E60/><REACH who="1" ten="198,177,85,530" step="2"/><V9/><F38/><W64/><G122/><T33/><D84/><U70/><E70/><V28/><F111/><W132/><G109/><T43/><D43/><U5/><E5/><V80/><F0/><W72/><G108/><T102/><D102/><U68/><E68/><V20/><F2/><W74/><G103/><T62/><D62/><U34/><E34/><V24/><F35/><W78/><G74/><T63/><D63/><U22/><E22/><V92/><F20/><W4/><G4/><T44/><D44/><U96/><E96/><V76/><F9/><W69/><G69/><T39/><D39/><U85/><E85/><V93/><F101/><W115/><G115/><T51/><D51/><U97/><E97/><N who="2" m="59439" /><F107/><W52/><G104/><T25/><D33/><U45/><E45/><V53/><F106/><RYUUKYOKU ba="1,1" sc="198,-15,177,15,85,15,530,-15" hai1="10,15,18,19,23,56,58,75,79,81,91,94,98" hai2="24,28,32,53,76,80,86,87,89,92" /><INIT seed="5,2,1,2,3,17" ten="183,192,100,515" oya="1" hai0="14,135,24,91,117,8,125,100,105,50,66,82,22" hai1="121,116,133,68,45,81,33,106,97,53,86,41,112" hai2="76,7,42,130,1,40,27,129,73,26,54,134,44" hai3="12,93,99,18,49,108,113,124,4,70,80,29,98"/><U87/><E121/><V92/><F92/><W89/><G70/><T122/><D117/><U85/><E68/><V23/><F54/><W58/><G4/><T132/><D122/><U96/><E33/><V55/><F55/><W115/><G29/><T90/><D125/><U78/><E116/><V67/><F67/><W60/><G49/><T47/><D66/><U131/><E133/><N who="0" m="51273" /><D82/><U3/><E131/><N who="2" m="50187" /><F134/><W111/><G80/><T16/><D100/><U109/><E109/><V37/><F42/><W0/><G99/><N who="1" m="37962" /><E106/><V2/><F7/><W9/><G0/><N who="2" m="105" /><F23/><W5/><G5/><N who="0" m="3343" /><D105/><U77/><E3/><V10/><F10/><W110/><REACH who="3" step="1"/><G124/><REACH who="3" ten="183,192,100,505" step="2"/><T107/><D107/><U61/><E81/><AGARI ba="2,2" hai="26,27,37,40,44,73,76,81" m="105,50187" machi="81" ten="30,1000,0" yaku="19,1" doraHai="17" who="2" fromWho="1" sc="183,0,192,-16,100,36,505,0" /><INIT seed="6,0,0,0,0,16" ten="183,176,136,505" oya="2" hai0="31,106,40,61,53,63,50,13,125,90,10,87,84" hai1="30,110,107,68,122,4,73,24,115,77,97,3,104" hai2="46,38,113,80,35,26,9,95,60,28,5,134,44" hai3="65,108,7,100,119,130,25,51,17,67,37,55,52"/><V49/><F113/><W23/><G37/><T120/><D106/><U112/><E110/><V45/><F134/><W111/><G119/><T126/><D120/><U56/><E68/><V96/><F60/><W129/><G55/><T114/><D40/><U94/><E122/><V103/><F80/><W75/><G7/><T48/><D31/><U99/><E56/><V47/><F38/><W102/><G75/><T59/><D114/><N who="1" m="43563" /><E4/><V11/><REACH who="2" step="1"/><F5/><REACH who="2" ten="183,176,126,505" step="2"/><W8/><G108/><T86/><D63/><U92/><E3/><V128/><F128/><W12/><G111/><T91/><D125/><U74/><E74/><V69/><F69/><W101/><G129/><T66/><D126/><U135/><E135/><V0/><F0/><W88/><G130/><T33/><D33/><N who="1" m="20679" /><E73/><V98/><F98/><N who="1" m="37385" /><E77/><V116/><F116/><W93/><G67/><T6/><REACH who="0" step="1"/><D50/><REACH who="0" ten="173,176,126,505" step="2"/><U18/><E107/><V132/><F132/><W39/><G39/><T32/><D32/><U36/><E104/><V14/><F14/><W123/><G123/><T57/><AGARI ba="0,2" hai="6,10,13,48,53,57,59,61,66,84,86,87,90,91" machi="57" ten="30,4000,0" yaku="1,1,0,1,8,1,53,0" doraHai="16" doraHaiUra="15" who="0" fromWho="0" sc="173,60,176,-10,126,-20,505,-10" /><INIT seed="7,0,0,1,3,36" ten="233,166,106,495" oya="3" hai0="29,124,0,50,100,110,8,115,87,24,134,132,93" hai1="54,98,14,78,125,56,17,83,12,11,5,128,79" hai2="25,80,28,44,20,88,41,105,51,31,15,107,118" hai3="61,114,91,26,119,37,40,68,49,39,57,113,45"/><W77/><G77/><T72/><D72/><U60/><E128/><V84/><F118/><W9/><G9/><T133/><D110/><U59/><E125/><V48/><F31/><W82/><G26/><T131/><D115/><U6/><E98/><V81/><F51/><W67/><G91/><N who="0" m="53503" /><D124/><U1/><E1/><V85/><REACH who="2" step="1"/><F15/><REACH who="2" ten="233,166,96,495" step="2"/><W47/><G119/><T109/><D50/><N who="1" m="30807" /><E83/><V101/><F101/><W95/><G82/><T63/><D100/><U18/><E18/><V16/><F16/><W71/><G95/><T96/><D29/><U106/><E106/><V127/><F127/><W33/><G39/><T52/><D109/><U76/><E14/><V135/><F135/><W111/><G111/><T129/><D129/><U73/><E73/><V34/><F34/><W53/><G33/><T30/><D131/><U86/><E86/><V69/><F69/><AGARI ba="0,1" hai="37,40,45,47,49,53,57,61,67,68,69,71,113,114" machi="69" ten="40,12000,1" yaku="34,3,52,1" doraHai="36" who="3" fromWho="2" sc="233,0,166,0,96,-120,495,130" owari="233,3.0,166,-23.0,-24,-52.0,625,72.0" /></mjloggm>