<mjloggm ver="2.3"><GO type="169" lobby="0"/><UN n0="%E5%B0%B1%E6%B4%BB%E7%94%9F%40%E5%B7%9D%E6%9D%91%E8%BB%8D%E5%9B%A3" n1="%E6%99%82%E3%82%92%E5%88%BB%E3%82%80%E5%94%84" n2="%73%61%6E%64%69%72%69%73" n3="%E6%B0%B4%E6%9C%AC%E3%82%86%E3%81%8B%E3%82%8A" dan="17,18,18,16" rate="2144.24,2230.82,2206.86,2170.51" sx="M,F,M,F"/><TAIKYOKU oya="0"/><INIT seed="0,0,0,5,5,30" ten="250,250,250,250" oya="0" hai0="53,111,16,26,85,69,22,18,127,21,67,35,8" hai1="92,60,19,23,107,72,38,115,7,126,129,117,56" hai2="105,6,75,57,93,65,17,97,90,109,10,116,71" hai3="55,58,83,47,104,96,102,14,134,32,91,48,2"/><T63/><D127/><U131/><E107/><V113/><F113/><W33/><G2/><T0/><D111/><U110/><E72/><V128/><F75/><W98/><G134/><T112/><D112/><U88/><E115/><V34/><F128/><W43/><G14/><T125/><D125/><U82/><E126/><V70/><F109/><W132/><G132/><T24/><D53/><U87/><E38/><V51/><F105/><W46/><G46/><T76/><D35/><U106/><E106/><V36/><F36/><W45/><G45/><T15/><D0/><U13/><E110/><V1/><F116/><W31/><G31/><T123/><D123/><U3/><E117/><V86/><F34/><W62/><REACH who="3" step="1"/><G96/><REACH who="3" ten="250,250,250,240" step="2"/><T27/><REACH who="0" step="1"/><D8/><REACH who="0" ten="240,250,250,240" step="2"/><N who="1" m="4255" /><E3/><V120/><F1/><W103/><G103/><T74/><D74/><U12/><E129/><V77/><F10/><W66/><G66/><T61/><D61/><U9/><E131/><V99/><F65/><W122/><G122/><T124/><D124/><U68/><E9/><V41/><F120/><W114/><G114/><T73/><D73/><U95/><E60/><V44/><F41/><W4/><G4/><T29/><D29/><U101/><E101/><V20/><F6/><W39/><G39/><T11/><D11/><U130/><E130/><V59/><F17/><W135/><G135/><T89/><D89/><U64/><E64/><V49/><F90/><W100/><G100/><T5/><D5/><U54/><E19/><V94/><F77/><W119/><G119/><T37/><D37/><U28/><E88/><V108/><F108/><RYUUKYOKU ba="0,2" sc="240,15,250,-15,250,-15,240,15" hai0="15,16,18,21,22,24,26,27,63,67,69,76,85" hai3="32,33,43,47,48,55,58,62,83,91,98,102,104" /><INIT seed="0,1,2,0,4,69" ten="255,235,235,255" oya="0" hai0="100,3,76,45,66,118,125,58,48,61,4,82,113" hai1="64,8,60,29,117,114,99,55,93,71,22,81,32" hai2="40,49,44,37,106,63,26,9,89,43,83,126,51" hai3="12,96,73,2,132,120,70,14,108,34,10,18,121"/><T28/><D118/><U97/><E117/><V115/><F106/><W91/><G73/><T46/><D113/><U112/><E32/><V88/><F115/><N who="1" m="44073" /><E8/><V87/><F126/><W110/><G70/><T33/><D125/><U131/><E131/><V31/><F63/><W72/><G72/><T111/><D100/><U133/><E133/><V86/><F9/><W21/><G96/><T54/><D111/><N who="3" m="42537" /><G91/><T15/><D3/><U116/><E116/><V62/><F62/><W92/><G92/><T5/><D15/><U98/><E55/><V56/><F56/><W124/><G124/><T57/><D28/><U59/><E81/><V123/><F43/><W119/><G119/><T107/><D33/><U74/><E74/><V53/><F53/><W27/><G132/><T128/><D107/><U24/><E71/><V105/><F105/><W11/><G2/><T75/><REACH who="0" step="1"/><D128/><REACH who="0" ten="245,235,235,255" step="2"/><U50/><E50/><V20/><REACH who="2" step="1"/><F123/><REACH who="2" ten="245,235,225,255" step="2"/><N who="3" m="47179" /><G12/><T135/><D135/><U85/><E60/><V104/><F104/><W80/><G14/><T103/><D103/><U134/><E134/><V109/><F109/><W19/><G11/><T13/><D13/><U84/><E24/><V78/><F78/><W17/><G10/><T65/><D65/><U16/><E64/><V23/><F23/><W127/><G127/><T102/><D102/><U129/><E22/><V101/><F101/><W36/><G34/><T77/><D77/><U35/><E35/><V1/><F1/><W0/><G0/><T41/><D41/><U25/><E25/><V90/><F90/><W42/><G27/><T122/><D122/><RYUUKYOKU ba="1,4" sc="245,15,235,-15,225,15,255,-15" hai0="4,5,45,46,48,54,57,58,61,66,75,76,82" hai2="20,26,31,37,40,44,49,51,83,86,87,88,89" /><INIT seed="0,2,4,0,0,115" ten="260,220,240,240" oya="0" hai0="94,35,12,64,121,25,53,82,50,95,122,37,71" hai1="112,55,90,51,38,85,133,67,45,19,32,5,18" hai2="17,134,97,22,114,105,7,127,135,62,59,68,88" hai3="15,125,56,6,124,23,54,9,107,31,102,113,52"/><T4/><D37/><U75/><E75/><V27/><F114/><W29/><G113/><T119/><D119/><U30/><E112/><V99/><F127/><N who="3" m="48715" /><G23/><T87/><D71/><U129/><E38/><V34/><F68/><W78/><G78/><T73/><D73/><U98/><E32/><V101/><F7/><W123/><G123/><T86/><D64/><U80/><E30/><N who="3" m="11274" /><G56/><T46/><D25/><U65/><E133/><V39/><F39/><W24/><G24/><T58/><D35/><U116/><E129/><V20/><F20/><W63/><G63/><N who="0" m="36303" /><D122/><U21/><E5/><V33/><F33/><W28/><N who="3" m="11282" /><W44/><DORA hai="48" /><G44/><T36/><D36/><U11/><E21/><V66/><F34/><W40/><G40/><N who="0" m="24903" /><D121/><U70/><E70/><V76/><F76/><W117/><G117/><T13/><D87/><U3/><E116/><V118/><F118/><W61/><G61/><T120/><D120/><U72/><E72/><V91/><REACH who="2" step="1"/><F99/><AGARI ba="2,4" hai="6,9,15,52,54,99,102,107" m="11282,48715" machi="99" ten="40,8000,1" yaku="18,1,52,2,54,1" doraHai="115,48" who="3" fromWho="2" sc="260,0,220,0,240,-86,240,126" /><INIT seed="1,0,0,1,3,75" ten="260,220,154,366" oya="1" hai0="48,11,121,88,35,23,68,73,10,86,132,134,54" hai1="99,104,42,52,0,126,55,83,106,30,45,66,44" hai2="12,130,92,70,46,109,117,87,22,62,56,26,57" hai3="77,81,78,24,96,80,27,61,97,105,69,107,124"/><U20/><E0/><V115/><F117/><W2/><G61/><T51/><D35/><U38/><E126/><V122/><F122/><W103/><G69/><T85/><D73/><U94/><E66/><V90/><F109/><W64/><G64/><T72/><D72/><U119/><E119/><V123/><F123/><W82/><G2/><T129/><D68/><U125/><E125/><V59/><F130/><W14/><G124/><T76/><D23/><U6/><E6/><V95/><F115/><W98/><G14/><T34/><D34/><U71/><E71/><V21/><F70/><W135/><G135/><N who="0" m="51755" /><D129/><U133/><E133/><V111/><F111/><W63/><G63/><T49/><D54/><U19/><E30/><V18/><F46/><W8/><G8/><T131/><D131/><U112/><E112/><V28/><REACH who="2" step="1"/><F95/><REACH who="2" ten="260,220,144,366" step="2"/><W120/><G120/><T5/><D121/><U43/><E104/><N who="3" m="40010" /><G103/><T110/><D110/><U37/><E106/><V47/><F47/><W32/><G32/><T79/><D85/><U102/><REACH who="1" step="1"/><E83/><REACH who="1" ten="260,210,144,366" step="2"/><V91/><F91/><W116/><G116/><T41/><D41/><U118/><E118/><V16/><F16/><W84/><G81/><N who="0" m="49231" /><D5/><U58/><E58/><V9/><F9/><AGARI ba="0,2" hai="9,10,11,48,49,51,76,79" m="49231,51755" machi="9" ten="30,7700,0" yaku="20,1,52,2,54,1" doraHai="75" who="0" fromWho="2" sc="260,97,210,0,144,-77,366,0" /><INIT seed="2,0,0,2,5,95" ten="357,210,67,366" oya="2" hai0="57,27,53,66,46,84,56,100,55,43,104,72,101" hai1="117,77,30,111,92,45,7,24,121,110,112,109,61" hai2="107,35,106,122,44,52,49,14,113,40,33,73,22" hai3="29,31,20,118,26,116,28,21,74,133,128,99,86"/><V1/><F1/><W8/><G74/><T51/><D72/><U126/><E117/><V4/><F122/><W97/><G133/><T5/><D5/><U69/><E126/><V76/><F113/><W88/><G128/><T18/><D66/><N who="1" m="41167" /><E112/><V42/><F35/><W37/><G37/><T70/><D70/><U59/><E77/><V135/><F33/><W48/><G118/><T13/><D27/><U65/><E7/><V62/><F135/><W41/><G8/><T96/><D100/><U23/><E45/><V132/><F132/><W39/><G39/><T83/><D57/><U32/><E121/><V11/><F22/><N who="3" m="8811" /><G116/><T16/><D13/><U87/><E32/><V102/><F62/><W125/><G125/><T134/><D134/><U54/><E65/><V93/><F93/><N who="3" m="54423" /><G26/><T17/><REACH who="0" step="1"/><D56/><REACH who="0" ten="347,210,67,366" step="2"/><U63/><E24/><V115/><F115/><W6/><G6/><T3/><D3/><U34/><E59/><V124/><F124/><W0/><G0/><T10/><D10/><U130/><E110/><V19/><F4/><W81/><G81/><T2/><D2/><U78/><E111/><V85/><F73/><W82/><G82/><T131/><D131/><U108/><E130/><V120/><F120/><W58/><G58/><T119/><D119/><U129/><E129/><V79/><F106/><W80/><G80/><T50/><D50/><U71/><E108/><V98/><REACH who="2" step="1"/><F85/><REACH who="2" ten="347,210,57,366" step="2"/><W123/><G123/><T90/><AGARI ba="0,2" hai="16,17,18,43,46,51,53,55,83,84,90,96,101,104" machi="90" ten="30,8000,1" yaku="1,1,0,1,52,1,54,1,53,1" doraHai="95" doraHaiUra="38" who="0" fromWho="0" sc="347,100,210,-20,57,-40,366,-20" /><INIT seed="3,0,0,4,2,79" ten="447,190,17,346" oya="3" hai0="15,2,135,52,63,28,38,133,8,54,9,32,108" hai1="31,90,102,3,120,110,73,112,71,99,58,104,129" hai2="88,13,69,29,35,21,72,86,83,106,82,44,75" hai3="61,62,48,131,64,126,80,91,105,87,109,115,19"/><W122/><G115/><T119/><D38/><U124/><RYUUKYOKU type="yao9" ba="0,0" sc="447,0,190,0,17,0,346,0" hai1="3,31,58,71,73,90,99,102,104,110,112,120,124,129" /><INIT seed="3,1,0,1,2,38" ten="447,190,17,346" oya="3" hai0="1,125,73,37,129,79,18,101,40,100,84,25,112" hai1="47,19,118,89,17,94,106,122,128,75,90,67,69" hai2="99,49,133,48,96,80,124,12,88,131,71,64,29" hai3="104,52,14,81,123,33,45,111,4,134,35,30,115"/><W53/><G104/><T24/><D1/><U109/><E75/><V93/><F133/><W57/><G115/><T20/><D73/><U97/><E122/><V85/><F131/><W51/><G123/><T77/><D129/><U76/><E76/><V7/><F124/><W2/><G134/><T82/><D125/><U102/><E109/><V95/><F29/><W62/><G111/><T15/><D79/><U23/><E128/><V11/><F71/><W10/><G30/><T50/><D37/><U16/><E118/><V9/><F64/><W113/><G113/><T132/><D132/><U55/><E69/><V34/><F34/><W6/><G2/><T46/><D112/><U39/><E67/><V126/><F126/><W26/><G26/><AGARI ba="1,0" hai="15,18,20,24,25,26,40,46,50,77,82,84,100,101" machi="26" ten="40,2600,0" yaku="8,1,52,1" doraHai="38" who="0" fromWho="3" sc="447,29,190,0,17,0,346,-29" /><INIT seed="4,0,0,0,0,39" ten="476,190,17,317" oya="0" hai0="41,38,95,94,8,131,26,111,54,128,84,86,60" hai1="47,93,1,90,27,65,40,64,81,19,2,82,114" hai2="100,126,15,42,14,88,133,123,83,51,21,10,29" hai3="53,33,125,17,43,109,55,13,24,120,37,102,117"/><T105/><D105/><U44/><E114/><V63/><F123/><W130/><G109/><T32/><D8/><U12/><E27/><N who="2" m="16623" /><F133/><W16/><G117/><T107/><D107/><U9/><E1/><V129/><F126/><W89/><G125/><T112/><D112/><U132/><E2/><V99/><F129/><N who="0" m="49738" /><D111/><U49/><E132/><V110/><F110/><W121/><G130/><T35/><D54/><U28/><E28/><V124/><F124/><W20/><G102/><T96/><D60/><U52/><E65/><V31/><F31/><W115/><G115/><T71/><D71/><U74/><E64/><V122/><F122/><N who="3" m="47211" /><G89/><N who="0" m="55375" /><D26/><U34/><E74/><V79/><F63/><W72/><G72/><T78/><D78/><U62/><E62/><V59/><F59/><W58/><G58/><T127/><D127/><U23/><E9/><V0/><F0/><W106/><G106/><T87/><D95/><U103/><E103/><V113/><F113/><W108/><G108/><T76/><D76/><U69/><E69/><V101/><F79/><W73/><G73/><T66/><D66/><U92/><E92/><N who="2" m="56711" /><F83/><W7/><G33/><T50/><D38/><U48/><E34/><V98/><F98/><AGARI ba="0,0" hai="12,19,23,40,44,47,48,49,52,81,82,90,93,98" machi="98" ten="30,7700,0" yaku="7,1,8,1,52,1,54,1" doraHai="39" who="1" fromWho="2" sc="476,0,190,77,17,-77,317,0" owari="476,57.0,267,-13.0,-60,-56.0,317,12.0" /></mjloggm>