<mjloggm ver="2.3"><GO type="233" lobby="0"/><UN n0="%65%69%6B%31" n1="%74%61%6B%75%61%6B%61" n2="%E2%98%86%E9%BB%84%E7%80%AC%E3%82%84%E3%82%88%E3%81%84%E2%98%86" n3="%E3%82%A6%E3%83%AB%E3%83%88%E3%83%A9%E7%AB%8B%E7%9B%B4" dan="17,18,16,18" rate="2135.65,2225.52,2041.91,2242.04" sx="M,M,F,M"/><TAIKYOKU oya="0"/><INIT seed="0,0,0,3,3,8" ten="250,250,250,250" oya="0" hai0="48,13,2,122,89,22,10,75,129,108,11,28,7" hai1="50,61,86,6,116,16,84,113,24,46,47,90,104" hai2="18,77,123,99,124,88,60,78,36,70,55,106,44" hai3="65,68,23,107,79,25,119,80,83,121,128,111,31"/><T40/><D75/><U120/><E116/><V15/><F123/><W4/><G119/><T72/><D72/><U97/><E120/><V93/><F124/><W105/><G121/><T41/><D122/><U32/><E6/><V98/><F70/><W71/><G128/><T127/><D129/><U35/><E46/><V17/><F36/><W3/><G111/><T1/><D127/><U130/><E130/><V39/><F39/><W66/><G4/><T131/><D131/><U62/><E35/><V85/><F18/><W64/><G3/><T57/><D108/><U132/><E32/><V21/><F106/><W135/><G135/><T92/><D57/><U27/><E27/><V73/><F73/><W9/><G9/><T5/><D48/><U110/><E113/><V74/><F74/><W43/><G43/><T94/><D94/><N who="1" m="56535" /><E104/><V19/><F19/><W114/><G114/><T76/><D76/><N who="2" m="29290" /><F60/><N who="1" m="23145" /><E132/><V95/><F95/><W51/><G71/><T103/><D103/><U52/><E110/><V96/><F44/><W101/><G68/><T12/><D28/><U37/><E37/><V87/><F55/><W67/><G67/><T29/><D29/><U53/><E53/><V115/><F115/><W30/><G66/><T100/><D100/><U91/><E91/><V33/><F33/><W109/><G109/><T34/><D34/><U38/><E38/><V112/><F112/><W42/><G107/><T118/><D118/><U45/><E45/><V102/><F102/><W59/><G101/><T49/><D1/><U0/><E0/><V20/><F87/><W126/><G105/><RYUUKYOKU ba="0,0" sc="250,-15,250,15,250,15,250,-15" hai1="16,24,47,50,52,84,86" hai2="15,17,20,21,85,88,93,96,98,99" /><INIT seed="1,1,0,4,4,55" ten="235,265,265,235" oya="1" hai0="119,36,90,6,95,63,22,52,105,74,7,81,47" hai1="80,127,29,64,16,84,69,133,46,85,101,113,71" hai2="102,38,26,8,94,5,34,91,87,128,41,100,103" hai3="110,120,23,83,108,50,28,123,86,92,66,15,135"/><U54/><E113/><V115/><F115/><W107/><G107/><T60/><D105/><U17/><E29/><V48/><F128/><W59/><G92/><T24/><D119/><U131/><E127/><V68/><F68/><W76/><G135/><T125/><D125/><U89/><E101/><V117/><F117/><W0/><G0/><T109/><D109/><N who="3" m="42089" /><G15/><T27/><D74/><U53/><E64/><V134/><F38/><W44/><G23/><T118/><D81/><U67/><E67/><V122/><F122/><W49/><G28/><T97/><D118/><U2/><E2/><V37/><F37/><W65/><G65/><T33/><D33/><U72/><E72/><V98/><F134/><W62/><G50/><N who="0" m="28767" /><D36/><U10/><E131/><V75/><F34/><W111/><N who="3" m="42097" /><W31/><DORA hai="106" /><G31/><N who="0" m="17815" /><D27/><U70/><E133/><V4/><F26/><W9/><G9/><T32/><D32/><U56/><E10/><V12/><F8/><W96/><G96/><T13/><D13/><U39/><E39/><V126/><F12/><W40/><AGARI ba="1,0" hai="40,44,49,59,62,66,76,83,86,120,123" m="42097" machi="40" ten="40,2700,0" yaku="14,1,52,1" doraHai="55,106" who="3" fromWho="3" sc="235,-8,265,-14,265,-8,235,30" /><INIT seed="2,0,0,1,0,54" ten="227,251,257,265" oya="2" hai0="121,44,126,122,49,10,95,119,81,116,97,76,120" hai1="52,91,69,86,1,104,60,0,109,33,87,133,38" hai2="43,94,77,88,64,67,114,34,6,11,55,23,21" hai3="90,134,8,20,27,24,83,100,65,70,84,93,25"/><V99/><F114/><W13/><G134/><T117/><D10/><U41/><E109/><V4/><F34/><W101/><G70/><T89/><D126/><U98/><E33/><V68/><F43/><W71/><G71/><T131/><D131/><U74/><E74/><V66/><F68/><W57/><G20/><T45/><REACH who="0" step="1"/><D49/><REACH who="0" ten="217,251,257,265" step="2"/><U32/><E38/><V59/><F77/><W51/><G51/><T102/><D102/><U135/><E135/><V72/><F72/><AGARI ba="0,1" hai="44,45,72,76,81,89,95,97,116,117,119,120,121,122" machi="72" ten="50,8000,1" yaku="1,1,12,1,53,3" doraHai="54" doraHaiUra="112" who="0" fromWho="2" sc="217,90,251,0,257,-80,265,0" /><INIT seed="3,0,0,5,3,95" ten="307,251,177,265" oya="3" hai0="7,82,50,135,13,14,58,105,18,108,90,76,56" hai1="71,49,124,4,32,99,36,55,47,113,53,23,60" hai2="127,37,17,16,79,1,22,85,51,20,64,5,9" hai3="61,28,68,96,65,112,92,122,84,133,44,12,111"/><W81/><G122/><T42/><D105/><U25/><E113/><V115/><F115/><W128/><G112/><T2/><D2/><U54/><E32/><V94/><F37/><W100/><G128/><T10/><D108/><U72/><E72/><V62/><F127/><W126/><G126/><T102/><D102/><U59/><E36/><V40/><F40/><W48/><G111/><T80/><D135/><U117/><E71/><V77/><F51/><W119/><G133/><T123/><D123/><U35/><E35/><V29/><F29/><W114/><G114/><T134/><D134/><U26/><E26/><V101/><F20/><W120/><G120/><T116/><D90/><U34/><E34/><V63/><F17/><W87/><G28/><T11/><D116/><U93/><E4/><V131/><F131/><W106/><G119/><T104/><D104/><U30/><E117/><V8/><F8/><W19/><G81/><N who="0" m="31339" /><D76/><U6/><E6/><V46/><F79/><W70/><G70/><T91/><D91/><N who="1" m="55743" /><E124/><V0/><F0/><W39/><G106/><T31/><D31/><U24/><E24/><V129/><F129/><W109/><G39/><T74/><D74/><U125/><E125/><V27/><F1/><W107/><G107/><T3/><D3/><U88/><E88/><V38/><F38/><W118/><G118/><T78/><D78/><U103/><E103/><V45/><F101/><W43/><REACH who="3" step="1"/><G109/><REACH who="3" ten="307,251,177,255" step="2"/><T67/><D7/><U97/><E97/><V89/><F5/><W15/><G15/><T110/><D110/><U83/><E83/><V98/><F77/><RYUUKYOKU ba="0,1" sc="307,-15,251,15,177,-15,255,15" hai1="23,25,30,47,49,53,54,55,59,60" hai3="12,19,43,44,48,61,65,68,84,87,92,96,100" /><INIT seed="3,1,1,1,2,82" ten="292,266,162,270" oya="3" hai0="94,123,54,120,83,20,33,96,118,63,78,87,2" hai1="69,43,68,52,132,57,129,35,88,38,90,104,21" hai2="59,135,127,15,61,0,27,102,73,9,117,11,70" hai3="125,16,122,56,58,39,48,93,45,26,105,4,84"/><W86/><G105/><T50/><D33/><U114/><E35/><V34/><F117/><W112/><G39/><T79/><D118/><U14/><E114/><V108/><F108/><W42/><G122/><T109/><D2/><U3/><E3/><V115/><F115/><W60/><G112/><T41/><D109/><U31/><E104/><V106/><F135/><W91/><G125/><T23/><D79/><U74/><E74/><V121/><F127/><W10/><G4/><T99/><D99/><U66/><E129/><V55/><F73/><W98/><G58/><T111/><D111/><U116/><E132/><V19/><F121/><W113/><G113/><T17/><D41/><U72/><E72/><V29/><F70/><W36/><G36/><T49/><D23/><U89/><E116/><V8/><REACH who="2" step="1"/><F0/><REACH who="2" ten="292,266,152,270" step="2"/><W75/><G75/><T80/><D123/><U64/><E69/><V134/><F134/><W46/><G46/><T13/><D120/><U126/><E68/><V100/><F100/><W130/><G130/><T28/><D28/><U97/><E31/><V103/><F103/><W124/><G124/><T67/><D67/><U40/><E66/><V76/><F76/><W107/><G107/><T101/><D78/><U81/><E64/><V12/><F12/><N who="3" m="7191" /><G26/><T95/><D101/><U1/><E1/><V131/><F131/><W32/><G32/><T65/><D13/><U24/><E14/><V7/><F7/><W85/><G56/><T133/><D133/><U128/><E57/><V110/><F110/><W37/><G37/><T47/><D47/><U6/><E38/><RYUUKYOKU ba="1,2" sc="292,-15,266,-15,152,15,270,15" hai2="8,9,11,15,19,27,29,34,55,59,61,102,106" hai3="42,45,48,60,84,85,86,91,93,98" /><INIT seed="3,2,2,2,4,131" ten="277,251,167,285" oya="3" hai0="19,2,17,99,37,106,33,21,9,43,4,65,110" hai1="54,91,20,60,122,92,28,104,133,47,36,79,49" hai2="35,123,10,86,64,94,112,73,134,70,52,24,32" hai3="125,129,107,66,116,63,1,118,75,96,3,22,45"/><W105/><G22/><T40/><D33/><U74/><E122/><V11/><F112/><W135/><G45/><T39/><D65/><U0/><E104/><N who="3" m="40010" /><G96/><T80/><D106/><U25/><E36/><V88/><F73/><W27/><G27/><T102/><D99/><U95/><E0/><N who="3" m="74" /><G75/><T14/><D102/><U50/><E74/><V58/><F134/><W124/><G129/><T12/><D80/><U119/><E133/><V53/><F123/><W87/><G87/><T132/><D132/><U126/><E79/><V18/><F35/><W15/><G15/><T46/><D39/><U26/><E126/><N who="3" m="48746" /><G135/><T56/><D37/><U6/><E6/><V30/><F18/><W93/><G93/><T89/><D19/><U41/><E60/><V76/><F76/><W44/><G44/><T69/><D46/><U115/><E92/><V8/><REACH who="2" step="1"/><F58/><AGARI ba="2,2" hai="58,63,66,116,118" m="48746,74,40010" machi="58" ten="40,2000,0" yaku="18,1" doraHai="131" who="3" fromWho="2" sc="277,0,251,0,167,-26,285,46" /><INIT seed="3,3,0,1,4,3" ten="277,251,141,331" oya="3" hai0="99,72,135,53,77,29,101,131,106,121,45,122,120" hai1="21,74,126,43,2,132,58,46,8,89,25,42,61" hai2="95,86,27,97,88,124,105,98,125,6,127,71,119" hai3="60,90,134,118,47,31,93,73,44,83,34,69,10"/><W78/><G118/><T113/><D29/><U87/><E74/><V36/><F119/><W128/><G128/><T100/><D53/><U66/><E126/><V14/><F71/><W130/><G130/><T64/><D45/><U107/><E107/><V24/><F36/><W85/><G134/><T37/><D37/><U80/><E132/><V81/><F105/><W51/><G31/><T9/><D9/><U104/><E104/><V12/><F12/><W49/><G34/><T16/><D16/><N who="1" m="12455" /><E2/><V41/><F41/><N who="1" m="15369" /><E8/><N who="2" m="4375" /><F98/><W84/><G73/><T110/><D135/><U18/><E18/><V11/><F11/><W117/><G69/><T52/><D131/><U94/><E94/><V40/><F40/><W28/><G28/><T56/><D72/><U26/><E46/><V102/><AGARI ba="3,0" hai="24,27,81,86,88,95,97,102,124,125,127" m="4375" machi="102" ten="30,4000,0" yaku="18,1,52,1,54,1" doraHai="3" who="2" fromWho="2" sc="277,-13,251,-13,141,49,331,-23" /><INIT seed="4,0,0,3,3,14" ten="264,238,190,308" oya="0" hai0="53,48,83,108,25,18,76,88,64,49,115,74,65" hai1="6,102,87,7,110,12,75,124,43,84,123,112,4" hai2="0,40,28,62,85,50,128,29,31,134,66,19,135" hai3="68,46,111,17,118,130,42,45,51,13,67,98,104"/><T55/><D115/><U82/><E123/><V125/><F0/><W107/><G111/><T101/><D101/><U77/><E110/><V33/><F128/><W11/><G118/><T9/><D108/><U35/><E35/><V23/><F125/><W58/><G68/><T2/><D2/><U56/><E124/><V91/><F33/><W37/><G98/><T119/><D119/><U129/><E129/><V131/><F131/><W41/><REACH who="3" step="1"/><G130/><REACH who="3" ten="264,238,190,298" step="2"/><T20/><D64/><U59/><E112/><V24/><F134/><W10/><G10/><T15/><D65/><U132/><E132/><V22/><F135/><W3/><G3/><T30/><D55/><U69/><E69/><V8/><F8/><W21/><G21/><T71/><D71/><U61/><E43/><V122/><F122/><W79/><G79/><T52/><D53/><U116/><E116/><V27/><F40/><W80/><G80/><T92/><REACH who="0" step="1"/><D52/><REACH who="0" ten="254,238,190,298" step="2"/><U99/><E59/><N who="2" m="37215" /><F50/><W114/><G114/><T105/><D105/><U96/><E56/><V127/><F127/><W26/><G26/><T117/><D117/><U100/><E61/><AGARI ba="0,2" hai="11,13,17,37,41,42,45,46,51,58,61,67,104,107" machi="61" ten="40,5200,0" yaku="1,1,52,1,53,1" doraHai="14" doraHaiUra="44" who="3" fromWho="1" sc="254,0,238,-52,190,0,298,72" /><INIT seed="5,0,0,5,1,112" ten="254,186,190,370" oya="1" hai0="69,65,35,16,89,90,10,62,131,109,48,47,63" hai1="122,73,58,80,100,93,113,45,31,40,30,11,57" hai2="37,34,121,27,104,61,53,134,4,114,25,60,128" hai3="84,72,94,107,14,50,88,0,32,125,105,67,70"/><U54/><E122/><V24/><F121/><W98/><G0/><T135/><D109/><U75/><E113/><V103/><F114/><W51/><G32/><T82/><D35/><U6/><E31/><V81/><F37/><W106/><G51/><T111/><D111/><U129/><E30/><V17/><F134/><W56/><G70/><T22/><D135/><U102/><E129/><V74/><F128/><W2/><G2/><T124/><D131/><U5/><E73/><V123/><F123/><W33/><G33/><T52/><D124/><U79/><E93/><V132/><F4/><W118/><G118/><T12/><D63/><U71/><E71/><V3/><F3/><W44/><G72/><T18/><REACH who="0" step="1"/><D82/><REACH who="0" ten="244,186,190,370" step="2"/><U108/><E108/><V41/><F132/><W42/><G125/><T68/><D68/><U46/><E80/><V117/><F34/><W77/><G106/><T96/><D96/><U59/><E45/><V120/><F120/><W101/><G44/><T116/><D116/><U13/><E46/><V76/><F117/><W130/><G98/><T87/><D87/><U20/><E59/><V83/><F83/><W26/><G56/><T85/><D85/><U127/><E58/><V23/><F61/><W66/><G84/><T28/><D28/><U21/><E127/><V95/><F60/><W39/><G107/><T78/><D78/><U29/><E29/><V9/><F104/><W55/><G105/><T99/><D99/><U15/><E79/><V97/><F76/><W8/><G77/><T36/><D36/><U110/><E57/><V64/><F81/><RYUUKYOKU ba="0,1" sc="244,30,186,-10,190,-10,370,-10" hai0="10,12,16,18,22,47,48,52,62,65,69,89,90" /><INIT seed="6,1,1,3,4,18" ten="274,176,180,360" oya="2" hai0="68,13,24,118,67,117,72,127,107,89,40,57,115" hai1="124,12,90,36,132,113,37,53,64,11,85,109,97" hai2="73,39,30,106,123,101,16,134,35,129,42,33,81" hai3="131,14,99,43,116,6,87,58,110,105,121,55,98"/><V78/><F123/><W128/><G105/><T20/><D72/><U31/><E109/><V59/><F134/><W84/><G43/><T52/><D107/><U111/><E111/><V120/><F120/><W86/><G116/><T0/><D0/><U126/><E113/><V22/><F129/><N who="3" m="49739" /><G110/><T88/><D40/><U9/><E64/><V103/><F59/><W38/><G38/><N who="1" m="14954" /><E31/><V80/><F80/><W70/><G70/><T49/><D127/><N who="1" m="48683" /><E132/><V133/><F133/><W48/><G121/><T26/><D115/><U71/><E71/><V69/><F69/><W41/><G41/><T54/><D54/><U77/><E53/><V17/><F17/><W34/><G34/><T29/><D67/><U91/><E97/><V74/><F74/><W23/><G6/><T2/><D68/><U56/><E56/><V75/><F75/><W112/><G112/><T21/><D2/><U122/><E122/><V93/><F106/><W100/><G100/><T104/><D104/><U47/><E47/><N who="2" m="24031" /><F30/><W130/><G130/><T10/><D118/><U94/><E77/><V51/><F103/><W125/><G125/><T66/><D117/><U76/><E76/><V108/><F108/><W27/><G14/><T45/><D45/><U96/><E12/><N who="2" m="9479" /><F35/><W19/><AGARI ba="1,1" hai="19,23,27,48,55,58,84,86,87,98,99" m="49739" machi="19" ten="30,2000,0" yaku="19,1,52,1" doraHai="18" who="3" fromWho="3" sc="274,-6,176,-6,180,-11,360,33" /><INIT seed="7,0,0,1,5,73" ten="268,170,169,393" oya="3" hai0="51,102,58,110,88,1,105,106,19,97,92,42,67" hai1="50,113,116,80,64,33,30,10,18,17,13,108,24" hai2="119,77,135,27,71,5,3,129,112,4,117,31,87" hai3="75,103,85,57,84,36,125,94,122,74,49,104,20"/><W100/><G49/><T48/><D1/><U91/><E108/><V65/><F135/><W63/><G20/><T45/><D110/><U124/><E113/><V114/><F129/><W41/><G94/><T22/><D67/><U56/><E124/><V53/><F53/><W70/><G57/><T44/><D58/><U89/><E116/><N who="2" m="44619" /><F77/><W39/><G63/><T43/><D102/><U78/><E17/><V86/><F86/><W54/><G54/><T109/><D109/><U69/><E69/><V115/><F87/><W72/><G72/><T26/><AGARI ba="0,0" hai="19,22,26,42,43,44,45,48,51,88,92,97,105,106" machi="26" ten="20,5200,0" yaku="0,1,7,1,9,1,54,1" doraHai="73" who="0" fromWho="0" sc="268,52,170,-13,169,-13,393,-26" owari="320,12.0,157,-24.0,156,-34.0,367,46.0" /></mjloggm>