<mjloggm ver="2.3"><GO type="169" lobby="0"/><UN n0="%37%66%75%6B%75%6A%69%6E" n1="%E9%9D%92%E5%B1%B1%E5%AD%A6%E9%99%A2%EF%BC%94%E5%B9%B4" n2="%E3%82%A6%E3%83%AB%E3%83%88%E3%83%A9%E7%AB%8B%E7%9B%B4" n3="%E3%81%A0%E3%81%90%E3%81%A9" dan="17,16,18,16" rate="2056.98,2115.60,2208.66,2047.53" sx="M,M,M,M"/><TAIKYOKU oya="0"/><INIT seed="0,0,0,4,4,25" ten="250,250,250,250" oya="0" hai0="114,118,57,20,85,16,134,61,131,76,83,99,48" hai1="40,56,45,58,129,63,15,106,67,88,10,29,12" hai2="17,0,92,62,75,100,33,127,24,119,14,73,121" hai3="51,102,42,47,132,13,72,117,38,19,123,31,8"/><T71/><D114/><U59/><E106/><V49/><F121/><W66/><G72/><T65/><D118/><U115/><E15/><V90/><F0/><W84/><G117/><T46/><D134/><U39/><E115/><V112/><F127/><W124/><G124/><T74/><D131/><U89/><E129/><V107/><F112/><W11/><G132/><T104/><D104/><U53/><E29/><V116/><F100/><W37/><G102/><T32/><D32/><U64/><E64/><V128/><F107/><W69/><G8/><T110/><D99/><U41/><E40/><V95/><F95/><W130/><G130/><T80/><D110/><U109/><E109/><V34/><F34/><W26/><G123/><T122/><D122/><U77/><E77/><V9/><F62/><W30/><G84/><T35/><D35/><U43/><E43/><V21/><F33/><W98/><G98/><T79/><D71/><U18/><REACH who="1" step="1"/><E59/><REACH who="1" ten="250,240,250,250" step="2"/><V2/><F128/><W23/><REACH who="3" step="1"/><G30/><REACH who="3" ten="250,240,250,240" step="2"/><T101/><D101/><U7/><E7/><V36/><F119/><W87/><G87/><T94/><D85/><U54/><E54/><V133/><F133/><W5/><G5/><T55/><D79/><U6/><E6/><V97/><F116/><W111/><G111/><T108/><D108/><U81/><E81/><V126/><F75/><W93/><G93/><T105/><D105/><U113/><E113/><V86/><F73/><W82/><G82/><T125/><D125/><U103/><E103/><N who="2" m="60839" /><F86/><W4/><G4/><T78/><D94/><U68/><E68/><V50/><F126/><RYUUKYOKU ba="0,2" sc="250,-15,240,15,250,-15,240,15" hai1="10,12,18,39,41,45,53,56,58,63,67,88,89" hai3="11,13,19,23,26,31,37,38,42,47,51,66,69" /><INIT seed="1,1,2,5,5,24" ten="235,255,235,255" oya="1" hai0="0,8,67,46,19,56,5,10,12,23,21,118,73" hai1="27,87,105,55,85,64,30,108,11,113,98,91,133" hai2="65,115,63,117,68,79,123,84,20,78,74,81,129" hai3="111,135,93,34,88,17,121,131,33,134,9,107,90"/><U32/><E113/><V16/><F123/><W70/><G107/><T7/><D73/><U14/><E133/><N who="3" m="50698" /><G70/><T44/><D118/><U37/><E37/><V1/><F117/><W25/><G121/><T49/><D23/><U51/><E64/><V127/><F1/><W103/><G111/><T38/><D38/><U53/><E108/><V26/><F127/><W72/><G72/><T57/><D46/><U6/><E53/><V86/><F129/><W97/><G131/><T41/><REACH who="0" step="1"/><D67/><REACH who="0" ten="225,255,235,255" step="2"/><U18/><E32/><N who="3" m="12394" /><G9/><T61/><D61/><U125/><E125/><V40/><F115/><W77/><G77/><T59/><D59/><U28/><E11/><V89/><F74/><W119/><G119/><T122/><D122/><U92/><E105/><V3/><F79/><W82/><G82/><T66/><D66/><U106/><E106/><V36/><F78/><W47/><G47/><T94/><D94/><U120/><E120/><V2/><F81/><W35/><G35/><T60/><D60/><U48/><E92/><V76/><F63/><W99/><G99/><T42/><D42/><U95/><E98/><V80/><F40/><W101/><G101/><T45/><D45/><U52/><E95/><N who="2" m="54695" /><F36/><W130/><G130/><T104/><D104/><U43/><E43/><V13/><F68/><W110/><G110/><T50/><D50/><U54/><E51/><V22/><F65/><W102/><G102/><T114/><D114/><U116/><E48/><V4/><F22/><AGARI ba="1,3" hai="17,22,25,88,90,93,97,103" m="12394,50698" machi="22" ten="30,2000,0" yaku="20,1,54,1" doraHai="24" who="3" fromWho="2" sc="225,0,255,0,235,-23,255,53" /><INIT seed="2,0,0,2,2,123" ten="225,255,212,308" oya="2" hai0="110,45,0,78,2,76,122,89,67,11,100,95,19" hai1="31,32,98,77,104,33,27,111,115,106,84,48,112" hai2="132,59,99,25,43,38,128,126,1,133,94,82,57" hai3="65,8,22,92,131,120,97,73,47,118,9,105,3"/><V109/><F1/><W29/><G73/><T37/><D122/><U4/><E33/><V39/><F82/><W44/><G105/><T71/><D100/><U35/><E32/><V88/><F126/><W93/><G120/><T72/><D2/><U119/><E4/><V30/><F128/><W103/><G118/><T60/><D78/><U66/><E119/><V85/><F85/><W69/><G69/><T90/><D19/><U116/><E116/><V55/><F43/><W75/><G75/><T16/><D95/><U42/><E106/><V79/><F79/><W21/><G65/><T6/><D16/><U81/><E48/><V134/><F109/><W80/><G80/><T63/><D63/><U20/><E42/><V108/><F108/><W61/><G61/><T28/><D28/><U58/><E35/><N who="2" m="20943" /><F59/><W53/><G3/><T117/><D117/><U15/><E15/><V34/><F34/><W14/><G14/><T62/><D62/><AGARI ba="0,0" hai="38,39,55,57,62,88,94,99,132,133,134" m="20943" machi="62" ten="30,2900,0" yaku="20,1,54,1" doraHai="123" who="2" fromWho="0" sc="225,-29,255,0,212,29,308,0" /><INIT seed="2,1,0,0,4,27" ten="196,255,241,308" oya="2" hai0="44,50,56,117,71,24,109,90,118,55,26,22,92" hai1="43,132,5,51,80,52,78,88,39,18,133,106,84" hai2="13,76,66,119,74,105,37,129,31,34,94,41,121" hai3="49,131,59,23,114,25,2,68,128,10,61,101,58"/><V99/><F121/><W130/><G114/><T72/><D109/><U73/><E106/><V8/><F119/><W19/><G101/><T60/><D72/><U16/><E5/><V134/><F105/><W33/><G33/><T87/><D71/><U70/><E70/><V12/><F129/><W95/><G95/><T48/><D48/><U85/><E43/><V0/><F134/><N who="1" m="51817" /><E84/><V100/><F66/><N who="3" m="41039" /><G49/><T125/><D125/><U36/><E36/><V120/><F120/><W45/><G45/><T115/><D115/><U103/><E39/><V104/><F104/><W93/><G93/><T21/><D21/><U126/><E103/><V28/><F34/><W108/><G108/><T1/><D1/><U97/><E97/><V6/><F12/><N who="3" m="7575" /><G2/><T11/><D11/><U62/><E62/><V102/><F13/><W9/><G9/><T111/><D111/><U77/><E126/><V98/><F98/><W112/><G112/><T38/><D38/><U29/><E29/><AGARI ba="1,0" hai="23,25,29,58,59,128,130,131" m="7575,41039" machi="29" ten="30,2000,0" yaku="19,1,52,1" doraHai="27" who="3" fromWho="1" sc="196,0,255,-23,241,0,308,23" /><INIT seed="3,0,0,1,0,42" ten="196,232,241,331" oya="3" hai0="44,69,123,64,4,0,127,135,52,32,94,113,77" hai1="124,65,99,16,11,26,30,80,93,25,78,17,3" hai2="34,33,86,109,9,83,59,48,36,50,1,58,43" hai3="8,35,54,20,23,74,85,18,133,12,107,125,10"/><W57/><G74/><T88/><D123/><U27/><E124/><V67/><F109/><W84/><G35/><T104/><D127/><U92/><E65/><V70/><F70/><W95/><G107/><T112/><D104/><U117/><E117/><V75/><F75/><W115/><G115/><N who="0" m="44107" /><D135/><U56/><E56/><V49/><F1/><W61/><G133/><T90/><D77/><U134/><E134/><V51/><F9/><W21/><G125/><T96/><D32/><U101/><E30/><V82/><F82/><W28/><G28/><T5/><D0/><U130/><E130/><V68/><F68/><W122/><G122/><T102/><D64/><U73/><REACH who="1" step="1"/><E93/><REACH who="1" ten="196,222,241,331" step="2"/><V46/><F59/><W15/><REACH who="3" step="1"/><G95/><REACH who="3" ten="196,222,241,321" step="2"/><T2/><D94/><U7/><AGARI ba="0,2" hai="3,7,11,16,17,25,26,27,73,78,80,92,99,101" machi="7" ten="30,7900,0" yaku="1,1,2,1,0,1,54,1,53,0" doraHai="42" doraHaiUra="108" who="1" fromWho="1" sc="196,-20,222,99,241,-20,321,-39" /><INIT seed="4,0,0,4,2,95" ten="176,321,221,282" oya="0" hai0="129,3,7,16,31,86,113,124,78,12,51,122,67" hai1="126,117,76,127,106,4,88,0,28,134,133,101,70" hai2="121,103,61,80,93,91,72,69,115,119,54,105,52" hai3="64,53,43,30,128,77,42,33,110,13,75,26,63"/><T131/><D67/><U87/><E70/><V1/><F1/><W99/><G110/><T15/><D122/><U50/><E28/><V24/><F121/><W56/><G128/><N who="0" m="49227" /><D113/><U6/><E76/><N who="2" m="44039" /><F24/><W123/><G123/><T65/><D124/><N who="1" m="47659" /><E117/><V98/><F115/><W97/><G75/><T100/><D65/><U44/><E0/><V18/><F18/><W112/><G77/><T92/><D31/><U130/><E130/><V47/><F119/><W114/><G112/><T8/><D51/><U85/><E85/><N who="2" m="52463" /><F47/><W9/><G114/><T23/><D78/><U41/><E6/><V37/><F37/><W20/><G33/><T22/><D86/><U108/><E4/><V21/><F21/><N who="0" m="7690" /><D92/><U73/><E108/><V118/><F118/><W58/><G42/><T135/><D100/><U60/><E60/><V38/><F38/><W125/><G43/><T62/><D62/><U25/><E25/><V81/><F81/><W19/><G125/><T79/><D79/><U39/><E73/><V102/><F102/><W5/><G30/><T82/><D82/><N who="1" m="49271" /><E39/><V68/><F61/><AGARI ba="0,0" hai="5,9,13,19,20,26,53,56,58,61,63,64,97,99" machi="61" ten="30,7700,0" yaku="7,1,8,1,52,2" doraHai="95" who="3" fromWho="2" sc="176,0,321,0,221,-77,282,77" /><INIT seed="5,0,0,3,1,78" ten="176,321,144,359" oya="1" hai0="44,97,29,7,87,58,103,123,23,51,99,12,27" hai1="88,67,92,2,62,0,3,49,73,86,33,4,125" hai2="89,119,121,18,56,117,122,102,10,14,132,109,45" hai3="13,26,95,68,129,36,135,85,77,90,22,93,9"/><U60/><E33/><V72/><F102/><W47/><G68/><T91/><D123/><U83/><E125/><V19/><F72/><W98/><G129/><T21/><D58/><U50/><E62/><V110/><F56/><W5/><G135/><T28/><D103/><U20/><E4/><V71/><F89/><W126/><G126/><T17/><D7/><U94/><E20/><V112/><F45/><W127/><G127/><T64/><D64/><U24/><E24/><V134/><F71/><W40/><G77/><T128/><D29/><U108/><E108/><N who="2" m="41579" /><F18/><W79/><G79/><T131/><D128/><U101/><E73/><V37/><F37/><W34/><G34/><T113/><D113/><U130/><E130/><V70/><F70/><W84/><G95/><N who="0" m="54783" /><D131/><U75/><E75/><V32/><F32/><W8/><G8/><T63/><D63/><U11/><E11/><V54/><F54/><AGARI ba="0,0" hai="12,17,21,23,27,28,44,51,54,97,99" m="54783" machi="54" ten="30,1000,0" yaku="8,1" doraHai="78" who="0" fromWho="2" sc="176,10,321,0,144,-10,359,0" /><INIT seed="6,0,0,4,1,34" ten="186,321,134,359" oya="2" hai0="33,93,68,85,120,77,4,7,114,100,125,128,0" hai1="30,50,131,104,105,56,115,124,48,28,51,113,21" hai2="1,70,118,6,26,127,5,88,67,64,39,132,69" hai3="109,27,18,116,57,62,91,25,31,32,40,3,60"/><V101/><F118/><W83/><G40/><T76/><D68/><N who="2" m="26218" /><F101/><W86/><G109/><T17/><D120/><U10/><E56/><V38/><F26/><W20/><G116/><T42/><D33/><U79/><E79/><V71/><N who="2" m="26226" /><V43/><DORA hai="16" /><F43/><W63/><REACH who="3" step="1"/><G3/><REACH who="3" ten="186,321,134,349" step="2"/><T94/><D0/><U66/><E124/><V54/><F1/><W78/><G78/><T123/><D125/><U122/><E122/><V12/><F127/><W126/><G126/><T11/><D123/><U80/><E131/><V58/><F132/><W92/><G92/><T111/><D94/><U2/><E80/><V103/><F39/><W129/><G129/><T130/><D42/><U53/><E105/><V99/><F38/><W106/><G106/><T23/><D130/><U8/><E104/><V15/><F103/><W9/><G9/><T13/><D100/><U87/><E10/><V41/><F41/><W74/><G74/><T29/><D128/><U35/><E8/><V37/><F37/><W119/><G119/><T44/><D11/><U72/><E72/><V117/><F117/><W98/><G98/><T133/><D133/><U96/><E2/><V75/><F75/><W95/><G95/><T89/><D93/><U73/><E73/><V55/><F99/><W90/><G90/><T110/><D89/><U52/><E96/><V102/><F88/><W134/><G134/><T59/><D111/><U24/><E87/><V45/><F102/><W61/><G61/><T84/><D110/><U19/><E51/><N who="2" m="29039" /><F5/><W121/><G121/><T135/><D135/><U49/><E49/><RYUUKYOKU ba="0,1" sc="186,-10,321,-10,134,-10,349,30" hai3="18,20,25,27,31,32,57,60,62,63,83,86,91" /><INIT seed="7,1,1,1,0,90" ten="176,311,124,379" oya="3" hai0="85,48,44,70,37,135,6,104,9,23,41,30,95" hai1="83,122,88,68,19,16,73,67,39,79,80,60,26" hai2="22,91,65,94,11,5,132,125,42,130,52,47,12" hai3="93,127,74,51,4,100,57,96,118,33,103,109,17"/><W38/><G38/><T31/><D70/><U105/><E122/><V72/><F72/><W66/><G74/><T97/><D104/><U131/><E131/><V43/><F125/><W3/><G33/><T14/><D135/><U28/><E39/><V53/><F132/><W112/><G112/><T55/><D85/><U76/><E105/><V115/><F115/><W35/><G35/><T89/><D23/><U117/><E117/><V75/><F75/><W18/><G100/><T0/><D0/><U58/><E68/><V40/><F130/><W121/><G51/><T1/><D1/><U126/><E126/><V78/><F78/><W102/><G18/><T29/><D29/><U81/><E76/><V134/><F134/><W128/><G66/><T49/><D37/><U50/><E50/><V87/><F65/><W69/><G57/><AGARI ba="1,1" hai="6,9,14,30,31,41,44,48,49,55,57,89,95,97" machi="57" ten="30,3900,0" yaku="7,1,8,1,52,1" doraHai="90" who="0" fromWho="3" sc="176,52,311,0,124,0,379,-42" owari="228,-17.0,311,11.0,124,-38.0,337,44.0" /></mjloggm>