<mjloggm ver="2.3"><GO type="225" lobby="0"/><UN n0="%E5%B0%B1%E6%B4%BB%E7%94%9F%40%E5%B7%9D%E6%9D%91%E8%BB%8D%E5%9B%A3" n1="%4D%40%53%4F" n2="%48%65%61%72%E2%80%A0%73%31%38" n3="%E3%82%B8%E3%83%A7%E3%83%BC%E3%82%BF%E3%82%AF%E3%83%8F%E3%82%A4" dan="17,16,17,16" rate="2179.01,2166.58,2163.24,2075.41" sx="M,M,F,F"/><TAIKYOKU oya="0"/><INIT seed="0,0,0,5,0,104" ten="250,250,250,250" oya="0" hai0="120,0,128,111,92,73,17,61,33,34,77,86,4" hai1="134,88,115,45,76,29,69,79,95,6,20,121,129" hai2="131,11,124,85,83,63,109,133,106,25,28,51,26" hai3="98,97,81,31,96,100,43,41,62,71,48,54,78"/><T89/><D120/><U66/><E121/><V60/><F109/><W44/><G31/><T58/><D111/><U103/><E134/><V3/><F133/><W122/><G122/><T13/><D128/><U119/><E119/><V46/><F106/><W47/><G100/><T67/><D0/><U52/><E129/><V72/><F124/><W105/><G105/><T27/><D4/><U94/><E115/><V57/><F28/><W56/><G71/><T112/><D112/><U18/><E6/><V39/><F3/><W22/><G22/><T37/><D27/><N who="1" m="16615" /><E69/><V24/><F11/><W1/><G1/><T55/><D37/><U132/><E132/><V135/><F135/><W59/><G59/><T116/><D116/><U16/><E66/><V53/><F131/><W107/><G107/><T65/><D34/><U9/><E103/><V125/><F125/><W126/><G126/><T114/><D33/><U49/><E95/><V93/><F93/><W15/><G15/><T19/><D114/><U36/><E36/><V40/><REACH who="2" step="1"/><F72/><REACH who="2" ten="250,250,240,250" step="2"/><W80/><REACH who="3" step="1"/><G78/><AGARI ba="0,1" hai="24,25,26,39,40,46,51,53,57,60,63,78,83,85" machi="78" ten="40,2600,0" yaku="1,1,2,1,53,0" doraHai="104" doraHaiUra="87" who="2" fromWho="3" sc="250,0,250,0,240,36,250,-26" /><INIT seed="1,0,0,1,4,113" ten="250,250,276,224" oya="1" hai0="39,56,71,52,55,67,115,2,109,123,129,63,53" hai1="58,3,114,111,69,29,89,66,16,117,17,84,88" hai2="90,31,34,119,5,40,130,128,26,37,104,108,127" hai3="20,27,4,32,60,68,54,106,28,124,94,81,36"/><U91/><E117/><V85/><F119/><W11/><G106/><T73/><D2/><U97/><E114/><V12/><F104/><W18/><G124/><T95/><D73/><U102/><E69/><V24/><F24/><W38/><G81/><T9/><D115/><U133/><E3/><V65/><F65/><W116/><G116/><T126/><D39/><U61/><E133/><V6/><F127/><W59/><G68/><T118/><D118/><U25/><E111/><V107/><F107/><W99/><G11/><T47/><D109/><U30/><E84/><V87/><F87/><W19/><G4/><T74/><D74/><U43/><E43/><V14/><F5/><W33/><G33/><T22/><D129/><N who="2" m="49770" /><F6/><W77/><G77/><T48/><D126/><U72/><E72/><V1/><F1/><W50/><G50/><T8/><D123/><U78/><E78/><V86/><F86/><W100/><REACH who="3" step="1"/><G19/><REACH who="3" ten="250,250,276,214" step="2"/><N who="1" m="7242" /><E25/><AGARI ba="0,1" hai="18,20,25,27,28,32,36,38,54,59,60,94,99,100" machi="25" ten="30,2000,0" yaku="1,1,7,1,53,0" doraHai="113" doraHaiUra="75" who="3" fromWho="1" sc="250,0,250,-20,276,0,214,30" /><INIT seed="2,0,0,0,2,78" ten="250,230,276,244" oya="2" hai0="100,5,128,117,44,127,82,66,9,52,12,53,7" hai1="83,129,37,24,43,88,50,33,35,90,41,95,108" hai2="113,94,91,27,10,80,110,120,26,18,40,16,47" hai3="104,133,109,107,61,0,119,84,70,118,38,106,62"/><V85/><F113/><W67/><G0/><T39/><D127/><U60/><E37/><V121/><F110/><W4/><G4/><N who="0" m="3111" /><D39/><U58/><E108/><V97/><F121/><W22/><G109/><T64/><D128/><U105/><E105/><V17/><F10/><W59/><G38/><T102/><D117/><U1/><E1/><V134/><F134/><W8/><G8/><T31/><D31/><U6/><E6/><N who="0" m="2057" /><D82/><U92/><E129/><V34/><F34/><W2/><G2/><T116/><D116/><U54/><E35/><V13/><F13/><W126/><G126/><T14/><D14/><U29/><E83/><V32/><F32/><W15/><G133/><T96/><D96/><U130/><E130/><V51/><REACH who="2" step="1"/><F120/><REACH who="2" ten="250,230,266,244" step="2"/><W87/><G15/><T69/><D69/><U81/><E81/><V46/><F46/><W99/><G22/><T114/><D44/><U48/><E43/><V68/><F68/><W103/><G119/><T131/><D131/><U72/><E72/><V23/><F23/><W45/><G45/><T86/><D114/><U122/><E122/><V74/><F74/><W79/><G118/><T36/><D36/><U56/><E41/><V112/><F112/><W63/><G70/><T65/><D86/><U28/><E28/><V135/><F135/><W125/><G125/><T75/><D75/><U93/><REACH who="1" step="1"/><E50/><REACH who="1" ten="250,220,266,244" step="2"/><V20/><F20/><W30/><G30/><T124/><D124/><U98/><E98/><V71/><F71/><W11/><G99/><T73/><D73/><U111/><E111/><V55/><F55/><AGARI ba="0,2" hai="52,53,55,64,65,66,100,102" m="2057,3111" machi="55" ten="30,2000,0" yaku="8,1,54,1" doraHai="78" who="0" fromWho="2" sc="250,40,220,0,266,-20,244,0" /><AGARI ba="0,0" hai="24,29,33,48,54,55,56,58,60,88,90,92,93,95" machi="55" ten="40,2600,0" yaku="1,1,54,1,53,0" doraHai="78" doraHaiUra="123" who="1" fromWho="2" sc="290,0,220,26,246,-26,244,0" /><INIT seed="3,0,0,2,2,82" ten="290,246,220,244" oya="3" hai0="119,19,38,109,62,96,64,63,36,27,135,32,8" hai1="123,84,44,111,67,117,105,56,43,1,25,75,12" hai2="69,106,124,131,53,9,102,114,103,17,31,13,39" hai3="54,88,47,55,92,14,116,33,121,16,3,45,71"/><W26/><G121/><T93/><D119/><U87/><E1/><V30/><F114/><W59/><G71/><T15/><D109/><U60/><E123/><V110/><F110/><W78/><G3/><T98/><D135/><U57/><E111/><V50/><F69/><W95/><G78/><T128/><D128/><U73/><E105/><V10/><F131/><W58/><G33/><T77/><D77/><U134/><E134/><V7/><F39/><W115/><G26/><T66/><D96/><U21/><E57/><N who="3" m="21514" /><G95/><T6/><D38/><U76/><E75/><V90/><F90/><W120/><G120/><T29/><D36/><U130/><E130/><V97/><F103/><W52/><G116/><T112/><D112/><U46/><E12/><V127/><F9/><N who="3" m="6223" /><G115/><T23/><D63/><U129/><E117/><V74/><F74/><W85/><AGARI ba="0,0" hai="45,47,52,54,55,85,88,92" m="6223,21514" machi="85" ten="30,12000,1" yaku="8,1,52,1,54,3" doraHai="82" who="3" fromWho="3" sc="290,-40,246,-40,220,-40,244,120" owari="250,5.0,206,-19.0,180,-32.0,364,46.0" /></mjloggm>