<mjloggm ver="2.3"><GO type="169" lobby="0"/><UN n0="%E3%83%88%E3%83%88%E3%83%AA%E5%85%88%E7%94%9F%31%39%E6%AD%B3" n1="%E7%82%8E%E3%81%AE%E3%82%B7%E3%83%A5%E3%83%AC%E3%83%B3" n2="%E9%98%BF%E4%BF%AE%E7%BE%85%E4%BD%B3%E5%A5%88" n3="%E4%BD%93%E8%82%B2%E9%A4%A8%E9%87%8E%E7%90%83%E9%83%A8%E5%93%A1" dan="18,16,16,16" rate="2200.65,2113.87,2170.19,2102.85" sx="F,M,F,M"/><TAIKYOKU oya="0"/><INIT seed="0,0,0,0,1,86" ten="250,250,250,250" oya="0" hai0="92,124,20,62,8,14,39,119,97,87,123,122,59" hai1="106,94,129,121,100,132,56,101,67,109,22,125,114" hai2="0,32,89,118,93,18,35,107,88,28,81,34,40" hai3="135,104,113,64,50,95,9,13,96,68,126,25,12"/><T45/><D119/><U133/><E22/><V116/><F107/><W108/><G108/><T98/><D124/><U115/><E56/><V3/><F81/><W75/><G113/><N who="1" m="43018" /><E67/><V2/><F40/><W47/><G126/><T36/><D20/><U131/><E125/><V78/><F78/><W61/><G135/><N who="1" m="51786" /><E109/><V74/><F74/><W82/><G104/><T37/><D45/><U91/><E121/><V79/><F79/><W7/><G25/><T76/><D122/><U6/><E6/><V105/><F105/><W49/><G13/><T127/><D123/><U83/><E83/><V30/><F93/><W70/><G82/><T103/><D127/><U84/><E106/><V16/><F118/><W26/><G75/><T17/><D76/><U51/><E51/><V33/><N who="2" m="8704" /><DORA hai="58" /><V71/><F71/><W5/><G70/><T65/><D37/><U134/><N who="1" m="51794" /><U55/><DORA hai="43" /><E55/><V110/><F110/><W31/><G5/><T57/><D39/><U73/><E73/><V15/><F116/><W10/><G10/><T44/><D44/><U130/><AGARI ba="0,0" hai="84,91,94,100,101,129,130,131" m="51794,43018" machi="130" ten="50,12000,2" yaku="19,1,11,1,20,1,34,2,52,1" doraHai="86,58,43" who="1" fromWho="1" sc="250,-60,250,120,250,-30,250,-30" /><INIT seed="1,0,0,0,4,62" ten="190,370,220,220" oya="1" hai0="10,116,3,21,32,37,54,29,72,7,104,18,50" hai1="95,109,55,70,81,120,33,84,75,60,130,42,64" hai2="28,25,63,98,90,15,41,24,121,89,112,99,118" hai3="4,35,53,46,48,126,83,87,131,0,69,129,113"/><U9/><E120/><V124/><F121/><W78/><G113/><T115/><D115/><U13/><E33/><V101/><F118/><W5/><G126/><T2/><D116/><U56/><E130/><N who="3" m="49674" /><G0/><T105/><D72/><U23/><E42/><V59/><F112/><W14/><G35/><T47/><D2/><U8/><E109/><V125/><F41/><W20/><G69/><T61/><D37/><U57/><E95/><V51/><F51/><W123/><G123/><T117/><D117/><U38/><E75/><V102/><F15/><W1/><G1/><T132/><D132/><U79/><E38/><V12/><F12/><W96/><G96/><T97/><D97/><U34/><E34/><V36/><F36/><W67/><G67/><T119/><D119/><U122/><E122/><V49/><F49/><W40/><G40/><T58/><D29/><U30/><E70/><V73/><F73/><W107/><G107/><T52/><REACH who="0" step="1"/><D32/><REACH who="0" ten="180,370,220,220" step="2"/><U80/><E30/><V43/><F28/><W65/><G87/><T134/><D134/><U103/><E84/><V135/><F135/><W94/><G4/><T110/><D110/><U39/><E39/><V66/><F99/><W108/><G5/><T22/><D22/><U68/><E23/><V19/><F124/><W71/><G20/><T92/><D92/><U128/><E128/><V88/><F125/><W76/><G94/><T100/><D100/><N who="2" m="38506" /><F98/><W82/><G108/><T74/><D74/><U26/><E103/><V27/><F19/><W106/><G106/><T11/><D11/><U133/><E133/><V114/><F114/><RYUUKYOKU ba="0,1" sc="180,15,370,-15,220,15,220,-15" hai0="3,7,10,18,21,47,50,52,54,58,61,104,105" hai2="24,25,27,43,59,63,66,88,89,90" /><INIT seed="2,1,1,4,3,46" ten="195,355,235,205" oya="2" hai0="105,76,18,128,58,71,127,88,25,98,124,66,62" hai1="52,45,15,32,8,7,78,36,74,77,43,57,47" hai2="13,63,118,106,89,90,104,44,94,49,21,53,120" hai3="34,122,51,35,130,16,68,133,50,83,23,60,67"/><V101/><F120/><W81/><G122/><T108/><D108/><U5/><E32/><V117/><F106/><W99/><G133/><T24/><D128/><U103/><E103/><V22/><F104/><W112/><G130/><T126/><D76/><U125/><E125/><V86/><F101/><W6/><G112/><T37/><D37/><U82/><E47/><V11/><F63/><W1/><G35/><T115/><D115/><U56/><E78/><V134/><F134/><W121/><G34/><T131/><D131/><U72/><E57/><V38/><F38/><W9/><G121/><T41/><D41/><U59/><E59/><V73/><F73/><W129/><G129/><T91/><D105/><U113/><E113/><V33/><F33/><W28/><G28/><T100/><D100/><U42/><E42/><V27/><F22/><W107/><G99/><T19/><D71/><U80/><E80/><V55/><F90/><N who="0" m="34346" /><D98/><U31/><E31/><N who="2" m="17903" /><F117/><W20/><G20/><T12/><D12/><U4/><REACH who="1" step="1"/><E74/><REACH who="1" ten="195,345,235,205" step="2"/><V109/><F118/><W119/><G119/><T123/><D123/><U79/><E79/><V48/><F109/><W132/><G132/><T3/><D127/><U17/><E17/><N who="0" m="6153" /><D126/><U93/><E93/><V70/><F70/><W95/><G95/><T75/><D75/><U111/><E111/><V14/><F11/><W69/><G107/><T65/><D124/><U135/><E135/><V114/><F114/><W2/><G69/><T54/><D3/><U85/><E85/><V87/><F87/><W97/><G1/><T116/><D116/><U0/><E0/><RYUUKYOKU ba="1,2" sc="195,10,345,10,235,10,205,-30" hai0="24,25,54,58,62,65,66" hai1="4,5,7,8,15,36,43,45,52,56,72,77,82" hai2="13,14,44,48,49,53,55,86,89,94" /><INIT seed="2,2,2,4,2,116" ten="205,355,245,175" oya="2" hai0="20,24,10,110,78,118,82,134,39,91,86,83,46" hai1="33,34,51,6,37,98,30,120,62,60,13,114,100" hai2="111,57,75,8,87,109,47,97,44,88,61,49,123" hai3="12,38,117,81,107,36,128,25,112,50,55,106,101"/><V95/><F123/><W63/><G117/><T129/><D118/><U113/><E37/><V0/><F75/><W58/><G128/><T71/><D71/><U121/><E51/><V31/><F31/><W94/><G112/><N who="1" m="43114" /><E13/><V77/><F0/><W54/><G25/><T74/><D129/><U67/><E6/><V28/><F28/><W130/><G130/><T14/><D110/><N who="2" m="41994" /><F8/><W2/><G2/><T26/><D134/><U133/><E133/><V104/><F49/><W115/><G115/><T53/><D20/><U18/><E18/><V41/><F41/><W108/><G108/><T90/><D90/><U80/><E80/><N who="2" m="47503" /><F104/><W42/><G106/><T124/><D39/><U96/><E60/><V92/><F92/><W16/><G107/><T126/><D126/><U84/><E30/><V99/><F99/><W72/><G42/><T40/><D124/><U89/><E98/><V9/><F9/><W65/><G94/><T127/><D127/><U119/><E119/><V43/><F43/><W66/><G38/><T32/><D40/><U73/><E73/><V70/><F70/><W22/><G36/><T48/><REACH who="0" step="1"/><D32/><REACH who="0" ten="195,355,245,175" step="2"/><U27/><E33/><V131/><F131/><W15/><G101/><T35/><D35/><U135/><E135/><V21/><F21/><W17/><G72/><T3/><D3/><U5/><E100/><V19/><F19/><AGARI ba="2,3" hai="10,14,19,24,26,46,48,53,74,78,82,83,86,91" machi="19" ten="30,7700,0" yaku="1,1,7,1,25,2,53,0" doraHai="116" doraHaiUra="122" who="0" fromWho="2" sc="195,113,355,0,245,-83,175,0" /><INIT seed="3,0,0,4,3,120" ten="308,355,162,175" oya="3" hai0="125,84,47,104,33,135,8,98,103,97,127,92,58" hai1="63,21,22,24,46,124,109,121,9,129,73,117,85" hai2="114,60,62,49,82,32,89,80,35,41,67,15,52" hai3="130,87,3,65,2,126,27,113,132,106,133,86,45"/><W7/><G113/><T5/><D33/><U40/><E73/><V77/><F114/><W95/><G106/><T19/><D135/><N who="3" m="51785" /><G65/><T28/><D28/><U93/><E121/><V29/><F41/><W53/><G126/><N who="0" m="48139" /><D84/><N who="3" m="32297" /><G130/><T42/><D19/><U23/><E129/><V39/><F89/><W25/><G95/><T13/><D58/><U71/><E117/><V14/><F77/><W10/><G3/><T94/><D98/><U90/><E124/><V81/><F29/><W50/><AGARI ba="0,0" hai="2,7,10,25,27,45,50,53" m="32297,51785" machi="50" ten="30,1500,0" yaku="20,1" doraHai="120" who="3" fromWho="3" sc="308,-5,355,-5,162,-5,175,15" /><INIT seed="3,1,0,4,5,126" ten="303,350,157,190" oya="3" hai0="1,44,12,127,27,78,63,80,131,74,33,19,108" hai1="86,57,21,85,112,52,129,42,115,67,47,107,64" hai2="9,134,89,100,10,14,91,8,49,13,36,101,23" hai3="77,53,41,79,119,104,122,61,110,120,4,116,28"/><W97/><G28/><T11/><D127/><U2/><E2/><V16/><F36/><W59/><G4/><T25/><D108/><U35/><E35/><V70/><F70/><W0/><G0/><T68/><D33/><U51/><E107/><V30/><F134/><W7/><G7/><T95/><D68/><U92/><E21/><V130/><F130/><W73/><G110/><T66/><D131/><U45/><E129/><V81/><F30/><W55/><G104/><T6/><D63/><U18/><E18/><V103/><F13/><W132/><G97/><T93/><D66/><U20/><E20/><V84/><REACH who="2" step="1"/><F49/><REACH who="2" ten="303,350,147,190" step="2"/><W37/><G132/><T113/><D27/><U40/><E51/><V76/><AGARI ba="1,1" hai="8,9,10,14,16,23,76,81,84,89,91,100,101,103" machi="76" ten="30,8000,1" yaku="1,1,2,1,0,1,8,1,54,1,53,0" doraHai="126" doraHaiUra="58" who="2" fromWho="2" sc="303,-21,350,-21,147,93,190,-41" /><INIT seed="4,0,0,2,0,65" ten="282,329,240,149" oya="0" hai0="133,87,118,97,35,81,91,53,126,98,96,77,124" hai1="75,13,36,64,92,47,95,86,105,8,70,33,41" hai2="127,84,38,57,59,44,83,122,40,73,109,72,31" hai3="89,48,22,25,55,49,94,32,62,113,67,85,46"/><T37/><D35/><U111/><E105/><V100/><F122/><W12/><G113/><T27/><D37/><U11/><E33/><V19/><F109/><W24/><G32/><T21/><D53/><U0/><E111/><V16/><F127/><N who="0" m="48682" /><D118/><U6/><E75/><V104/><F31/><W29/><G48/><T121/><D121/><U134/><E86/><V51/><F100/><W108/><G108/><T79/><D133/><U90/><E90/><V66/><F104/><W17/><REACH who="3" step="1"/><G29/><AGARI ba="0,0" hai="21,27,29,77,79,81,87,91,96,97,98" m="48682" machi="29" ten="30,1500,0" yaku="18,1" doraHai="65" who="0" fromWho="3" sc="282,15,329,0,240,0,149,-15" /><INIT seed="4,1,0,1,5,97" ten="297,329,240,134" oya="0" hai0="11,125,77,19,91,58,126,84,127,42,123,40,53" hai1="72,79,103,25,121,8,65,63,122,33,104,80,15" hai2="88,49,46,99,120,44,135,90,113,56,60,51,66" hai3="37,54,134,116,128,59,57,14,10,1,0,45,36"/><T31/><D123/><U38/><E38/><V87/><F120/><W124/><G116/><T83/><D31/><U7/><E25/><V34/><F34/><W92/><G124/><T50/><D19/><U76/><E76/><V3/><F3/><W21/><G128/><T96/><D11/><U110/><E33/><V4/><F4/><W64/><G134/><T73/><REACH who="0" step="1"/><D96/><REACH who="0" ten="287,329,240,134" step="2"/><U114/><E110/><V129/><F99/><W74/><G10/><T30/><D30/><U26/><E8/><V85/><F135/><W101/><G0/><T119/><D119/><U16/><E16/><V108/><F108/><W105/><G1/><T18/><D18/><U78/><E122/><V71/><F129/><W43/><G14/><T23/><D23/><U48/><E15/><V17/><F17/><W55/><G21/><T47/><D47/><U24/><E121/><V39/><F46/><W89/><G45/><T27/><D27/><U132/><E26/><V5/><F44/><W107/><G36/><T68/><D68/><U95/><E24/><V94/><F39/><W35/><G37/><T69/><D69/><U32/><E132/><V118/><F118/><W20/><G20/><T102/><D102/><U13/><E103/><V67/><F71/><W115/><G101/><T62/><D62/><U106/><E63/><V117/><F117/><W70/><G70/><T75/><D75/><U52/><E72/><V112/><F60/><W61/><G74/><T22/><D22/><U93/><E13/><V133/><F133/><W12/><G12/><T41/><D41/><U109/><E109/><RYUUKYOKU ba="1,1" sc="287,30,329,-10,240,-10,134,-10" hai0="40,42,50,53,58,73,77,83,84,91,125,126,127" /><INIT seed="4,2,1,3,5,21" ten="317,319,230,124" oya="0" hai0="105,103,119,55,3,62,4,19,93,81,60,102,37" hai1="48,94,78,9,17,38,46,113,61,7,109,76,114" hai2="15,84,120,30,89,130,99,85,117,16,63,42,52" hai3="134,12,133,127,8,27,59,14,74,66,91,121,128"/><T107/><D119/><U70/><E109/><V124/><F120/><W82/><G127/><T108/><D108/><U5/><E38/><V116/><F124/><W35/><G121/><T86/><D37/><U11/><E94/><N who="2" m="56783" /><F42/><W20/><G128/><T75/><D75/><U13/><E61/><V72/><F72/><W32/><G66/><T115/><D115/><N who="1" m="44043" /><E70/><V83/><F130/><W80/><G59/><T112/><D112/><U111/><E111/><V98/><F98/><W23/><G74/><T41/><D93/><U18/><E18/><V0/><F0/><W92/><G92/><T122/><D122/><U65/><E65/><V24/><F83/><N who="3" m="31787" /><G91/><T97/><D105/><U40/><E5/><V77/><F77/><W100/><G100/><T57/><D102/><U39/><E39/><V36/><F36/><W64/><G64/><T106/><D106/><U26/><E26/><V6/><F6/><W125/><G125/><T135/><D4/><U45/><E46/><V73/><F73/><W96/><G96/><T68/><D3/><AGARI ba="2,1" hai="3,7,9,11,13,17,40,45,48,76,78" m="44043" machi="3" ten="30,2000,0" yaku="15,1,11,1" doraHai="21" who="1" fromWho="0" sc="317,-26,319,36,230,0,124,0" /><INIT seed="5,0,0,5,4,60" ten="291,355,230,124" oya="1" hai0="19,23,97,75,74,99,112,107,24,44,122,126,86" hai1="2,109,68,104,61,65,46,101,41,58,131,57,6" hai2="39,0,7,25,123,121,120,47,111,1,42,98,28" hai3="85,92,81,103,9,30,50,32,66,51,48,84,31"/><U13/><E2/><V45/><F111/><W12/><G32/><T27/><D112/><U40/><E109/><V83/><F47/><W128/><G128/><T87/><D126/><U127/><E131/><V56/><F98/><W129/><G129/><T88/><D122/><U124/><E104/><V5/><F56/><N who="1" m="21609" /><E101/><V70/><F7/><W52/><G66/><T63/><D87/><U77/><E77/><V106/><F106/><W78/><G52/><T18/><D63/><U119/><E119/><V34/><F83/><W67/><G67/><T82/><D107/><U8/><E46/><V49/><F49/><W114/><G114/><T17/><D74/><U80/><E80/><V91/><F91/><W125/><G125/><AGARI ba="0,0" hai="6,8,13,40,41,61,65,68,124,125,127" m="21609" machi="125" ten="30,2900,0" yaku="18,1,52,1" doraHai="60" who="1" fromWho="3" sc="291,0,355,29,230,0,124,-29" /><INIT seed="5,1,0,1,5,9" ten="291,384,230,95" oya="1" hai0="80,94,118,11,55,131,1,31,13,74,42,124,125" hai1="76,79,41,66,61,73,52,85,23,71,107,50,108" hai2="57,121,110,49,48,45,122,132,24,22,126,29,117" hai3="32,109,62,82,78,69,93,30,8,20,43,129,111"/><U28/><E73/><V120/><F117/><W99/><G129/><T65/><D118/><U33/><E33/><V53/><F110/><W63/><G43/><T127/><D1/><U7/><E107/><V2/><F2/><W133/><G133/><T18/><D131/><U135/><E135/><V0/><F0/><W91/><G32/><T19/><D42/><U123/><E123/><V54/><F132/><W60/><G69/><T34/><D65/><U86/><E41/><V21/><F126/><W10/><G109/><T15/><D55/><U40/><E40/><V36/><REACH who="2" step="1"/><F22/><REACH who="2" ten="291,384,220,95" step="2"/><W6/><G111/><T101/><D34/><U92/><E108/><V39/><AGARI ba="1,1" hai="21,24,29,36,39,45,48,49,53,54,57,120,121,122" machi="39" ten="40,5200,0" yaku="1,1,2,1,0,1,53,0" doraHai="9" doraHaiUra="89" who="2" fromWho="2" sc="291,-14,384,-27,220,65,95,-14" /><INIT seed="6,0,0,3,2,95" ten="277,357,285,81" oya="2" hai0="8,60,10,50,96,34,1,115,112,45,80,51,23" hai1="85,32,81,93,37,66,114,124,36,11,43,119,129" hai2="33,24,4,101,110,0,131,2,102,17,22,65,14" hai3="99,13,117,30,44,108,62,63,38,28,25,18,89"/><V5/><F65/><W15/><G108/><T120/><D34/><U105/><E105/><V21/><F102/><W59/><G117/><T3/><D120/><U103/><E119/><V98/><F110/><W64/><G38/><T16/><D80/><U127/><E32/><V83/><F83/><W77/><G77/><T74/><D74/><U111/><E111/><V109/><F109/><W72/><G72/><T6/><D60/><U87/><E129/><V86/><F86/><W122/><G122/><T31/><D31/><U82/><E114/><N who="0" m="43561" /><D45/><U75/><E75/><V91/><F91/><W135/><G135/><T125/><D125/><U27/><E66/><V104/><F131/><W9/><G44/><T67/><D67/><U7/><E81/><V90/><F90/><W56/><G25/><N who="0" m="14567" /><D96/><U48/><E27/><V126/><F126/><W76/><G76/><T39/><D39/><U53/><E37/><V54/><F54/><W69/><G69/><T55/><D55/><U46/><E53/><V79/><F79/><W12/><G12/><N who="0" m="5143" /><D10/><U128/><E36/><V118/><F118/><W84/><G15/><T68/><D68/><U61/><E82/><V57/><F33/><W100/><G59/><T29/><D29/><U78/><E78/><V58/><F57/><W47/><G47/><T52/><D52/><U130/><E127/><V49/><F58/><W42/><G42/><T41/><D41/><U94/><E124/><V26/><F49/><AGARI ba="0,0" hai="1,3,49,50,51" m="5143,14567,43561" machi="49" ten="30,2000,0" yaku="15,1,54,1" doraHai="95" who="0" fromWho="2" sc="277,20,357,0,285,-20,81,0" /><INIT seed="7,0,0,1,2,1" ten="297,357,265,81" oya="3" hai0="31,29,60,15,87,18,65,97,106,130,14,63,23" hai1="58,46,96,52,88,133,125,76,20,89,57,122,110" hai2="68,109,42,44,35,32,119,16,62,95,90,77,79" hai3="78,126,107,135,34,28,74,39,17,124,7,0,82"/><W40/><G107/><T72/><D72/><U43/><E110/><V6/><F109/><W112/><G112/><T67/><D130/><U19/><E122/><V33/><F119/><W134/><G17/><N who="0" m="10679" /><D106/><U120/><E120/><V41/><F68/><W26/><G40/><T91/><D97/><U50/><E133/><N who="3" m="50698" /><G39/><T53/><D53/><U3/><E3/><V64/><F62/><N who="0" m="23594" /><D29/><U9/><E125/><V84/><F64/><W12/><G12/><T93/><D31/><U30/><E76/><V98/><F42/><W73/><G73/><T13/><D13/><N who="1" m="7599" /><E96/><V71/><F71/><W115/><G115/><T105/><D105/><U5/><E5/><V36/><F98/><W132/><N who="3" m="50706" /><W121/><DORA hai="94" /><G121/><T37/><D37/><U45/><E45/><V108/><F108/><W99/><G99/><T114/><D114/><U49/><E58/><V2/><REACH who="2" step="1"/><F16/><REACH who="2" ten="297,357,255,81" step="2"/><W66/><G66/><T123/><D123/><U59/><E59/><V111/><F111/><W61/><G61/><T103/><D103/><U129/><E129/><V116/><F116/><W69/><G69/><T92/><D65/><U22/><E30/><V100/><F100/><W128/><G128/><T101/><D67/><U86/><E57/><V38/><F38/><W11/><AGARI ba="0,1" hai="0,7,11,26,28,34,74,78,82,124,126" m="50706" machi="11" ten="50,9600,0" yaku="20,1,23,1,52,1" doraHai="1,94" who="3" fromWho="3" sc="297,-32,357,-32,255,-32,81,106" /><INIT seed="7,1,0,2,3,1" ten="265,325,223,187" oya="3" hai0="21,41,111,6,99,88,35,32,0,49,113,62,67" hai1="116,93,90,34,48,27,97,26,87,25,14,96,18" hai2="85,20,47,45,40,123,94,33,72,4,75,42,61" hai3="50,16,55,133,37,59,44,56,81,58,128,105,82"/><W28/><G105/><T120/><D111/><U29/><E116/><V13/><F33/><W83/><G133/><T73/><D120/><U135/><E135/><V110/><F110/><W43/><G128/><T3/><D73/><U36/><E36/><V126/><F126/><W125/><G125/><T11/><D3/><U78/><E48/><V57/><F123/><W69/><G28/><T53/><D41/><N who="2" m="15978" /><F75/><W70/><REACH who="3" step="1"/><G16/><REACH who="3" ten="265,325,223,177" step="2"/><T24/><D113/><U119/><E29/><V66/><F72/><W101/><G101/><T129/><D129/><U8/><E18/><N who="2" m="10319" /><F4/><W131/><G131/><T84/><D24/><U132/><E132/><V19/><F19/><W76/><G76/><T7/><D7/><U10/><E78/><V91/><AGARI ba="1,1" hai="45,47,57,61,66,85,91,94" m="10319,15978" machi="91" ten="30,1100,0" yaku="8,1" doraHai="1" who="2" fromWho="2" sc="265,-4,325,-4,223,24,177,-6" owari="261,6.0,321,42.0,247,-15.0,171,-33.0" /></mjloggm>