<mjloggm ver="2.3"><GO type="169" lobby="0"/><UN n0="%E5%B0%B1%E6%B4%BB%E7%94%9F%40%E5%B7%9D%E6%9D%91%E8%BB%8D%E5%9B%A3" n1="%6B%6F%6A%69%6D%6F%6E%39" n2="%E3%81%82%E3%83%BC%E3%82%8A%E3%82%93%E3%81%A7%E3%81%99%E3%80%82%E2%98%86" n3="%E3%81%B5%E3%81%8B%E3%81%98" dan="17,17,16,16" rate="2216.28,2177.05,2031.31,2158.21" sx="M,M,F,M"/><TAIKYOKU oya="0"/><INIT seed="0,0,0,1,3,9" ten="250,250,250,250" oya="0" hai0="22,34,23,80,120,112,60,95,124,79,53,61,42" hai1="111,6,0,31,30,35,131,16,7,66,103,49,118" hai2="132,108,29,127,14,102,101,55,57,75,105,65,82" hai3="91,41,72,110,96,126,81,4,134,36,87,3,86"/><T52/><D120/><U40/><E118/><V48/><F108/><W74/><G110/><T47/><D34/><U68/><E111/><V19/><F132/><W130/><G134/><T128/><D112/><U89/><E103/><V109/><F109/><W93/><G130/><T58/><D128/><U5/><E131/><V54/><F65/><W25/><G126/><T104/><D104/><U70/><E0/><V28/><F127/><W26/><G87/><T115/><D115/><U37/><E37/><V21/><F105/><W24/><G4/><T10/><D124/><U106/><E106/><V38/><F38/><W20/><G3/><T71/><D95/><U15/><E89/><V123/><F123/><W76/><REACH who="3" step="1"/><G20/><REACH who="3" ten="250,250,250,240" step="2"/><T62/><D22/><U99/><E35/><V32/><F32/><W43/><G43/><T117/><D23/><U113/><E113/><V12/><F75/><W90/><G90/><T63/><D117/><U125/><E125/><V67/><F21/><W121/><G121/><T94/><D10/><U97/><E97/><V44/><F101/><W129/><G129/><T122/><D122/><U11/><E99/><V46/><F102/><W39/><G39/><T17/><D79/><U84/><E84/><V88/><F88/><W69/><G69/><T83/><D71/><U135/><E135/><V13/><F82/><W107/><G107/><T45/><D83/><U73/><E73/><V64/><F64/><W98/><G98/><T1/><D80/><U100/><E100/><V51/><F67/><W78/><G78/><T27/><N who="0" m="15872" /><DORA hai="92" /><T116/><D1/><RYUUKYOKU ba="0,1" sc="250,-10,250,-10,250,-10,240,30" hai3="24,25,26,36,41,72,74,76,81,86,91,93,96" /><INIT seed="1,1,1,1,3,50" ten="240,240,240,270" oya="1" hai0="114,52,65,32,3,54,105,83,125,4,75,129,49" hai1="73,113,9,57,19,46,64,60,96,28,103,115,1" hai2="34,68,59,128,122,48,86,11,20,24,69,66,18" hai3="117,47,85,38,132,120,61,44,72,40,118,31,53"/><U102/><E73/><V98/><F122/><W36/><G72/><T134/><D32/><U15/><E1/><V130/><F34/><W133/><G31/><T91/><D114/><U51/><E28/><V77/><F98/><W63/><G85/><T94/><D105/><U123/><E123/><V93/><F11/><W131/><G120/><T80/><D125/><U67/><E67/><V43/><F43/><N who="3" m="22647" /><G131/><N who="2" m="50217" /><F93/><W30/><G30/><T5/><D129/><U8/><E8/><V110/><F110/><W95/><G95/><T97/><D65/><U106/><REACH who="1" step="1"/><E103/><REACH who="1" ten="240,230,240,270" step="2"/><V25/><F66/><W55/><G117/><T37/><D3/><U71/><E71/><V108/><F68/><W22/><G118/><T2/><D2/><U21/><E21/><V13/><F69/><W111/><G22/><T62/><D75/><U79/><E79/><V23/><F23/><W42/><G111/><T88/><D134/><N who="3" m="51817" /><G42/><AGARI ba="1,2" hai="9,15,19,42,46,51,57,60,64,96,102,106,113,115" machi="42" ten="30,5800,0" yaku="1,1,7,1,53,1" doraHai="50" doraHaiUra="7" who="1" fromWho="3" sc="240,0,230,81,240,0,270,-61" /><INIT seed="1,2,0,0,3,11" ten="240,311,240,209" oya="1" hai0="28,23,58,132,87,113,56,70,91,82,14,38,37" hai1="19,90,22,94,81,127,7,42,115,110,97,108,125" hai2="72,39,106,111,12,64,104,105,31,24,15,83,114" hai3="60,9,63,47,98,46,71,79,5,76,120,122,2"/><U67/><E115/><V74/><F114/><W45/><G98/><T44/><D70/><U95/><E42/><V25/><F83/><W26/><G26/><N who="2" m="10345" /><F64/><W6/><G71/><T131/><D113/><U126/><E67/><V18/><F18/><W112/><G112/><T68/><D68/><U48/><E7/><V75/><F111/><N who="1" m="42537" /><E48/><V53/><F53/><W27/><G27/><N who="0" m="16511" /><D37/><U62/><E62/><V129/><F129/><W59/><G46/><T96/><D38/><U116/><E116/><V33/><F39/><W100/><G100/><T61/><D132/><U118/><E118/><V73/><N who="2" m="18432" /><DORA hai="119" /><V13/><F31/><W121/><G121/><T32/><D131/><U10/><E10/><V109/><F109/><W123/><G123/><T41/><D32/><AGARI ba="2,0" hai="12,13,15,32,33,104,105,106" m="18432,10345" machi="32" ten="70,12000,2" yaku="29,2,28,2,52,3" doraHai="11,119" who="2" fromWho="0" sc="240,-126,311,0,240,126,209,0" /><INIT seed="2,0,0,3,1,94" ten="114,311,366,209" oya="2" hai0="125,118,100,128,98,95,122,39,119,126,15,32,72" hai1="83,92,37,74,13,68,124,33,21,131,9,105,52" hai2="7,129,3,89,114,50,10,34,57,46,16,61,112" hai3="28,0,48,73,108,24,71,93,43,103,51,69,91"/><V77/><F77/><W53/><G0/><T47/><D32/><U27/><E33/><V20/><F34/><W1/><G1/><T40/><D122/><U63/><E105/><V79/><F79/><W106/><G73/><T2/><D2/><U127/><E37/><V54/><F129/><W25/><G108/><T121/><D121/><U88/><E83/><V30/><F89/><W134/><G134/><T104/><D128/><U62/><E74/><V75/><F30/><W65/><G43/><T135/><D135/><U87/><E68/><V117/><F117/><N who="0" m="44554" /><D15/><U70/><E70/><V78/><F78/><W107/><G103/><T113/><D113/><U115/><E115/><V23/><F23/><W11/><G11/><T85/><D72/><U31/><E131/><V22/><F22/><W8/><G8/><T44/><D44/><U86/><E86/><V19/><F75/><W102/><G102/><T101/><D85/><U90/><E90/><V67/><REACH who="2" step="1"/><F19/><REACH who="2" ten="114,311,356,209" step="2"/><W58/><G28/><T4/><D4/><U49/><E127/><N who="0" m="48649" /><D101/><U14/><E124/><V66/><F66/><W116/><G65/><T45/><D45/><N who="1" m="27695" /><E14/><AGARI ba="0,1" hai="3,7,10,14,16,20,46,50,54,57,61,67,112,114" machi="14" ten="30,5800,0" yaku="1,1,7,1,54,1,53,0" doraHai="94" doraHaiUra="96" who="2" fromWho="1" sc="114,0,311,-58,356,68,209,0" /><INIT seed="2,1,0,2,0,26" ten="114,253,424,209" oya="2" hai0="57,53,88,105,39,75,74,68,120,37,4,22,101" hai1="79,89,21,43,73,54,67,29,60,99,92,7,112" hai2="124,90,83,80,58,130,31,0,109,10,91,110,132" hai3="3,66,51,35,134,82,69,106,108,45,100,15,47"/><V1/><F132/><W72/><G3/><N who="2" m="1097" /><F130/><W64/><G35/><T13/><D68/><U30/><E112/><V121/><F10/><W116/><G106/><T5/><D120/><U93/><E43/><V8/><F8/><W96/><G72/><T135/><D135/><U55/><E7/><V95/><F121/><W70/><G82/><N who="2" m="31273" /><F58/><W85/><G15/><T62/><D75/><U56/><E79/><V28/><F124/><W117/><G85/><T59/><D74/><U113/><E73/><V12/><F12/><W84/><G84/><T87/><D39/><U81/><E81/><V16/><F16/><W119/><G134/><T32/><D32/><U123/><E123/><V52/><F52/><W126/><G126/><T33/><D33/><U122/><E122/><V127/><F127/><W118/><G116/><T2/><D2/><U115/><E113/><V78/><F78/><W104/><G117/><T34/><D34/><U9/><E115/><V103/><F103/><W44/><G100/><T97/><D37/><U17/><E9/><V25/><F25/><W50/><G118/><T36/><D36/><U102/><E55/><V111/><F95/><W133/><G119/><T125/><D125/><U63/><E63/><V38/><F38/><W61/><G61/><T98/><D59/><U129/><E129/><V65/><F65/><W23/><G66/><T46/><D13/><N who="1" m="9391" /><E67/><V20/><F20/><W6/><G64/><N who="0" m="38991" /><D22/><U48/><E60/><V131/><F131/><W94/><G133/><T114/><D114/><U71/><E71/><V40/><F40/><W27/><G70/><RYUUKYOKU ba="1,0" sc="114,-15,253,15,424,15,209,-15" hai1="29,30,48,54,56,89,92,93,99,102" hai2="28,31,90,91,109,110,111" /><INIT seed="2,2,0,2,3,59" ten="99,268,439,194" oya="2" hai0="68,117,17,73,67,0,128,75,105,65,62,89,36" hai1="91,108,55,131,42,110,12,109,85,90,96,82,41" hai2="18,97,98,15,27,66,19,116,54,35,14,111,56" hai3="76,124,11,60,135,24,5,99,37,29,16,104,22"/><V39/><F116/><W3/><G37/><T49/><D36/><U133/><E131/><V6/><F39/><W71/><G124/><T94/><D105/><U88/><E133/><V61/><F111/><W86/><G135/><T44/><D117/><U121/><E121/><V40/><F40/><N who="1" m="15465" /><E12/><V129/><F129/><W87/><G76/><T10/><D128/><U32/><E32/><V52/><F35/><W45/><G45/><T70/><D17/><N who="2" m="6154" /><F27/><W69/><G29/><T122/><D122/><U31/><E31/><V80/><F80/><W4/><G4/><T123/><D123/><U92/><E55/><N who="2" m="21035" /><F15/><W2/><G2/><T113/><D113/><U101/><AGARI ba="2,0" hai="82,85,88,90,91,92,96,101,108,109,110" m="15465" machi="101" ten="40,2700,0" yaku="14,1,54,1" doraHai="59" who="1" fromWho="1" sc="99,-9,268,33,439,-15,194,-9" /><INIT seed="3,0,0,2,4,30" ten="90,301,424,185" oya="3" hai0="78,21,118,108,134,74,101,91,100,98,18,97,99" hai1="126,87,45,119,75,72,49,84,0,41,14,4,37" hai2="102,65,10,46,111,71,16,34,125,120,94,117,23" hai3="2,114,83,133,39,122,60,113,22,115,69,40,43"/><W52/><G2/><T121/><D118/><U8/><E126/><V105/><F117/><W129/><G122/><T123/><D21/><U61/><E119/><V56/><F120/><N who="0" m="46154" /><D18/><U44/><E61/><V82/><F34/><W66/><G83/><N who="0" m="45527" /><D134/><U29/><E29/><V3/><F105/><W67/><G22/><T31/><D31/><U6/><E6/><V132/><F71/><W70/><G133/><T110/><D91/><U54/><E75/><V58/><F132/><W55/><G129/><T90/><D90/><U124/><E124/><V64/><F125/><W95/><G95/><T9/><D9/><U128/><E128/><V53/><F10/><W131/><G131/><T13/><D13/><U127/><E127/><V77/><F3/><W7/><G7/><T5/><D5/><U50/><E72/><V62/><F16/><W35/><G35/><T32/><D32/><U86/><E37/><V103/><F23/><W36/><G114/><T112/><D112/><U63/><E63/><AGARI ba="0,0" hai="36,39,40,43,52,55,60,63,66,67,69,70,113,115" machi="63" ten="25,18000,2" yaku="22,2,34,3,54,1" doraHai="30" who="3" fromWho="1" sc="90,0,301,-180,424,0,185,180" /><INIT seed="3,1,0,1,5,104" ten="90,121,424,365" oya="3" hai0="28,35,41,23,131,73,56,93,101,49,94,106,69" hai1="40,54,48,82,95,76,111,85,16,22,37,14,11" hai2="65,5,21,53,26,70,119,130,92,96,19,108,20" hai3="52,50,63,74,18,3,72,103,34,107,68,7,112"/><W71/><G112/><T51/><D69/><U129/><E129/><V17/><F108/><W83/><G34/><T25/><D131/><U9/><E111/><V33/><F130/><W127/><G127/><T57/><D73/><U32/><E32/><V80/><F119/><W90/><G18/><T135/><D135/><U110/><E110/><V132/><F132/><W99/><G68/><T4/><D106/><U84/><E40/><V31/><F5/><W30/><G30/><T116/><D116/><U89/><REACH who="1" step="1"/><E37/><REACH who="1" ten="90,111,424,365" step="2"/><V61/><F33/><W91/><G3/><T128/><D35/><U55/><E55/><V134/><F53/><W64/><G7/><T81/><D128/><U88/><E88/><V105/><F134/><W121/><G121/><T66/><D66/><U115/><E115/><V109/><F109/><W124/><G124/><T43/><D101/><U59/><AGARI ba="1,1" hai="9,11,14,16,22,48,54,59,76,82,84,85,89,95" machi="59" ten="20,12000,2" yaku="1,1,0,1,7,1,25,2,8,1,54,1,53,0" doraHai="104" doraHaiUra="60" who="1" fromWho="1" sc="90,-31,111,133,424,-31,365,-61" /><INIT seed="4,0,0,5,2,92" ten="59,244,393,304" oya="0" hai0="102,11,131,44,62,56,6,31,101,57,121,22,133" hai1="68,115,90,81,46,28,126,14,125,52,60,23,123" hai2="9,45,111,91,48,95,72,122,105,104,58,36,86" hai3="65,82,38,127,135,7,83,25,42,24,19,26,35"/><T87/><D121/><U54/><E123/><V80/><F122/><W30/><G135/><T77/><D133/><U118/><E118/><V85/><F111/><W132/><G132/><T71/><D131/><U3/><E3/><V2/><F72/><W39/><G127/><N who="1" m="48650" /><E46/><V79/><F36/><W109/><G109/><T59/><D44/><U4/><E115/><V8/><F58/><W98/><G7/><T47/><D47/><U110/><E110/><V17/><F17/><W15/><G35/><T63/><D71/><U129/><E129/><V103/><F103/><W116/><G30/><T21/><D77/><U134/><E134/><V53/><F2/><W114/><G116/><T119/><D119/><U20/><E28/><V33/><F33/><W50/><G65/><T112/><D112/><U84/><E4/><V43/><F43/><W117/><G117/><T10/><D87/><U12/><E68/><V88/><F79/><W0/><G0/><T75/><D75/><U40/><E40/><V100/><F100/><N who="0" m="38506" /><D31/><U124/><E124/><V41/><F41/><W99/><G114/><T70/><D70/><U66/><E66/><V128/><F128/><W51/><G42/><T93/><D93/><U73/><E73/><V94/><F94/><W64/><G64/><T55/><D55/><N who="1" m="21035" /><E60/><N who="0" m="23081" /><D6/><U61/><E61/><V29/><F29/><W13/><G39/><T76/><D76/><U107/><E107/><V96/><F95/><W120/><G38/><T89/><D89/><U106/><E106/><V97/><F105/><W113/><G113/><T1/><D1/><U130/><E130/><RYUUKYOKU ba="0,0" sc="59,15,244,15,393,-15,304,-15" hai0="10,11,21,22,56,57,59" hai1="12,14,20,23,81,84,90" /><INIT seed="4,1,0,0,0,32" ten="74,259,378,289" oya="0" hai0="6,132,49,97,75,103,14,74,123,56,128,61,71" hai1="77,69,113,48,64,29,92,99,85,62,101,90,38" hai2="76,34,21,63,111,115,20,12,40,130,43,2,65" hai3="102,17,15,125,100,24,80,27,119,118,47,13,95"/><T104/><D123/><U11/><E38/><V28/><F34/><W116/><G125/><T68/><D128/><U108/><E108/><V93/><F111/><W124/><G124/><T82/><D132/><U33/><E113/><V31/><F115/><W78/><G47/><T55/><D82/><U88/><E48/><V112/><F112/><W58/><G58/><T0/><D14/><U87/><E11/><V52/><F2/><W67/><G67/><T25/><D25/><U79/><E29/><N who="2" m="11339" /><F63/><W35/><G35/><T30/><D30/><U89/><E33/><V73/><F73/><W96/><G100/><T105/><D105/><U121/><E121/><V1/><F1/><W7/><G7/><T37/><D37/><U57/><E69/><V3/><F65/><W8/><REACH who="3" step="1"/><G13/><REACH who="3" ten="74,259,378,279" step="2"/><T122/><D122/><U5/><E5/><V120/><F120/><W106/><G106/><T94/><D104/><U22/><E22/><V44/><F20/><W4/><G4/><T107/><D107/><U127/><E127/><V81/><F21/><W23/><G23/><T16/><D16/><U129/><E129/><V84/><F130/><W51/><G51/><T135/><D135/><U19/><E19/><V72/><F44/><W131/><G131/><T98/><D98/><U86/><AGARI ba="1,1" hai="57,62,64,77,79,85,86,87,88,89,90,92,99,101" machi="86" ten="30,4000,0" yaku="0,1,8,1,54,1" doraHai="32" who="1" fromWho="1" sc="74,-21,259,53,378,-11,279,-11" /><INIT seed="5,0,0,0,1,61" ten="53,312,367,268" oya="1" hai0="94,129,79,116,95,7,90,74,69,31,37,49,15" hai1="109,56,122,130,39,54,93,64,25,34,46,8,105" hai2="55,28,121,4,50,68,71,120,84,65,2,1,36" hai3="57,20,14,24,125,62,44,23,40,83,117,100,77"/><U114/><E122/><V48/><F65/><W123/><G123/><T0/><D37/><U97/><E105/><V102/><F84/><W52/><G125/><T76/><D116/><U80/><E114/><V88/><F36/><W112/><G112/><T30/><D0/><U63/><E109/><V108/><F28/><W73/><G117/><T70/><D129/><U81/><E130/><V99/><F4/><W41/><G100/><T38/><D38/><U78/><E8/><V59/><F108/><W110/><G110/><T107/><D107/><U82/><E34/><V135/><F88/><W66/><G14/><T47/><D74/><U101/><E25/><V134/><F55/><W98/><G98/><T27/><D27/><U35/><E35/><V86/><F59/><W21/><REACH who="3" step="1"/><G24/><REACH who="3" ten="53,312,367,258" step="2"/><T72/><D72/><U11/><E11/><V119/><F119/><W89/><G89/><T42/><D90/><U104/><E104/><V5/><F99/><W53/><G53/><T43/><D15/><U115/><E115/><V32/><F102/><W10/><G10/><T45/><REACH who="0" step="1"/><D49/><AGARI ba="0,1" hai="20,21,23,40,41,44,49,52,57,62,66,73,77,83" machi="49" ten="40,5200,0" yaku="1,1,52,1,54,1,53,0" doraHai="61" doraHaiUra="22" who="3" fromWho="0" sc="53,-52,312,0,367,0,258,62" /><INIT seed="6,0,0,0,0,10" ten="1,312,367,320" oya="2" hai0="21,119,106,60,41,8,78,118,53,121,34,129,39" hai1="110,111,82,100,90,47,115,25,67,130,126,133,87" hai2="117,19,43,7,92,101,36,24,95,30,44,113,91" hai3="14,131,85,38,29,33,70,79,64,105,27,62,88"/><V45/><F117/><N who="0" m="44554" /><D34/><U124/><E67/><V59/><F113/><W56/><G131/><T65/><D106/><U96/><E25/><V109/><F7/><W116/><G116/><T23/><D121/><U122/><E47/><V51/><F109/><N who="1" m="41481" /><E122/><V32/><F101/><W48/><G38/><T99/><D78/><U73/><E130/><V17/><F59/><W135/><G135/><T98/><D98/><U63/><E63/><V102/><F102/><W54/><G105/><T16/><D99/><U71/><E71/><V26/><F95/><W66/><G66/><T50/><D129/><U42/><E42/><V57/><F57/><W89/><REACH who="3" step="1"/><G14/><REACH who="3" ten="1,312,367,310" step="2"/><N who="0" m="7239" /><D41/><U97/><E133/><V46/><F26/><W84/><G84/><T76/><D76/><N who="1" m="44303" /><E115/><V11/><F36/><W6/><G6/><T49/><D39/><U15/><E15/><V112/><F112/><W1/><G1/><T20/><D53/><U123/><E123/><V40/><F43/><W114/><G114/><T13/><D13/><U74/><E74/><V61/><F40/><W0/><G0/><T9/><D9/><U107/><E97/><V81/><F11/><W103/><G103/><T108/><D108/><U18/><E18/><V12/><F19/><W4/><G4/><T83/><D83/><AGARI ba="0,1" hai="83,87,90,96,100,107,124,126" m="44303,41481" machi="83" ten="30,2000,0" yaku="34,2" doraHai="10" who="1" fromWho="0" sc="1,-20,312,30,367,0,310,0" /><AGARI ba="0,0" hai="27,29,33,48,54,56,62,64,70,79,83,85,88,89" machi="83" ten="40,2600,0" yaku="1,1,54,1,53,0" doraHai="10" doraHaiUra="93" who="3" fromWho="0" sc="-19,-26,342,0,367,0,310,26" owari="-45,-55.0,342,14.0,367,47.0,336,-6.0" /></mjloggm>