<mjloggm ver="2.3"><GO type="169" lobby="0"/><UN n0="%E3%82%A6%E3%83%AB%E3%83%88%E3%83%A9%E7%AB%8B%E7%9B%B4" n1="%E3%81%B5%E3%81%8B%E3%81%A4%E3%81%81%E3%83%BC" n2="%40%6B%6B%6B%6B" n3="%33%31%6A%69%6E" dan="16,16,16,18" rate="2094.84,2134.52,2042.78,2223.46" sx="M,M,M,F"/><TAIKYOKU oya="0"/><INIT seed="0,0,0,3,2,56" ten="250,250,250,250" oya="0" hai0="34,43,24,4,89,19,103,124,132,81,95,54,98" hai1="78,134,127,30,22,131,55,29,130,42,18,102,91" hai2="53,25,36,100,60,48,92,11,32,85,44,47,128" hai3="109,1,50,80,84,105,108,27,101,46,129,75,114"/><T5/><D124/><U58/><E127/><V17/><F128/><N who="1" m="49193" /><E134/><V110/><F110/><N who="3" m="42603" /><G1/><T7/><D132/><U106/><E42/><V82/><F36/><W94/><G114/><T6/><D43/><U99/><E78/><V72/><F47/><W37/><G37/><T104/><D81/><U40/><E40/><V3/><F72/><W87/><G105/><T39/><D39/><U16/><E91/><V107/><F107/><W126/><G126/><T67/><D67/><U73/><E73/><V76/><F3/><W31/><G101/><T38/><D38/><U111/><E111/><V35/><F100/><W0/><G94/><T86/><N who="0" m="1024" /><DORA hai="28" /><T61/><D19/><N who="1" m="7211" /><E22/><V63/><F92/><W45/><G0/><T10/><D10/><U9/><E9/><V20/><REACH who="2" step="1"/><F11/><REACH who="2" ten="250,250,240,250" step="2"/><W88/><G46/><T41/><D41/><U51/><AGARI ba="0,1" hai="29,30,51,55,58,99,102,106" m="7211,49193" machi="51" ten="30,2000,0" yaku="19,1,54,1" doraHai="56,28" who="1" fromWho="1" sc="250,-10,250,30,240,-5,250,-5" /><INIT seed="1,0,0,2,0,38" ten="240,280,235,245" oya="1" hai0="118,2,107,102,121,101,73,122,96,1,15,109,77" hai1="26,65,0,68,70,89,79,37,34,110,84,106,39" hai2="116,131,105,3,50,30,31,128,108,113,42,94,29" hai3="59,72,52,5,69,91,85,57,126,4,93,92,99"/><U119/><E119/><V83/><F105/><W117/><G126/><T7/><D118/><U55/><E106/><V134/><F116/><W100/><G117/><T36/><D102/><U87/><E110/><V123/><F3/><W23/><G69/><T17/><D36/><U127/><E0/><V104/><F104/><W130/><G72/><T62/><D62/><U124/><E55/><V9/><F123/><N who="0" m="47114" /><D7/><U125/><E79/><V40/><F108/><W12/><G130/><N who="2" m="49705" /><F134/><W27/><G59/><T18/><D109/><U133/><E133/><V22/><F9/><W114/><G114/><T135/><D18/><U81/><E87/><V25/><F94/><W61/><REACH who="3" step="1"/><G12/><REACH who="3" ten="240,280,235,235" step="2"/><T11/><D135/><U19/><E68/><V46/><F113/><W10/><G10/><T75/><D75/><U80/><E70/><V98/><F98/><W44/><G44/><T103/><D2/><U53/><E127/><V32/><F32/><W16/><AGARI ba="0,1" hai="4,5,16,23,27,52,57,61,85,91,92,93,99,100" machi="16" ten="20,12000,2" yaku="1,1,0,1,7,1,8,1,54,2,53,0" doraHai="38" doraHaiUra="47" who="3" fromWho="3" sc="240,-30,280,-60,235,-30,235,130" /><INIT seed="2,0,0,4,2,28" ten="210,220,205,365" oya="2" hai0="89,102,69,46,86,18,64,95,83,125,25,17,127" hai1="5,44,66,51,16,3,126,96,32,60,129,36,121" hai2="80,41,107,63,109,52,2,74,34,91,71,76,31" hai3="45,65,47,75,49,37,85,62,94,128,100,77,35"/><V90/><F2/><W98/><G128/><T114/><D114/><U78/><E36/><V82/><F107/><W99/><G37/><T134/><D134/><U70/><E129/><V50/><F41/><W1/><G1/><T10/><D69/><U7/><E78/><V33/><F109/><W124/><G124/><N who="0" m="47691" /><D64/><U81/><E126/><V0/><F0/><W106/><G35/><T119/><D119/><U115/><E81/><V110/><F110/><W105/><G75/><T112/><D112/><U43/><E115/><V23/><F23/><W22/><G22/><N who="0" m="13519" /><D46/><U26/><E121/><V40/><F40/><W132/><G47/><T101/><D95/><U13/><E96/><V6/><F6/><W135/><G98/><T79/><D89/><U61/><E61/><V56/><F31/><W123/><G123/><T117/><D117/><U8/><REACH who="1" step="1"/><E3/><REACH who="1" ten="210,210,205,365" step="2"/><V29/><F82/><N who="3" m="47311" /><G135/><T133/><D133/><U68/><E68/><V54/><F71/><W93/><G132/><T131/><D131/><U20/><E20/><V116/><F116/><W118/><G118/><T87/><D87/><U39/><E39/><V12/><F80/><W122/><G122/><T111/><D111/><U58/><E58/><V42/><F56/><W24/><G99/><T21/><D10/><U130/><E130/><V88/><F63/><W120/><G62/><T11/><D11/><U57/><E57/><V15/><F76/><W113/><G120/><T48/><D48/><U108/><E108/><V103/><F50/><W55/><G49/><T72/><D72/><U4/><E4/><V38/><F74/><RYUUKYOKU ba="0,1" sc="210,15,210,15,205,-15,365,-15" hai0="18,21,79,83,86,101,102" hai1="5,7,8,13,16,26,32,43,44,51,60,66,70" /><INIT seed="3,1,1,0,4,90" ten="225,225,190,350" oya="3" hai0="55,11,95,3,40,92,115,123,5,46,60,43,73" hai1="67,63,36,112,84,41,8,74,0,122,64,14,56" hai2="35,59,7,132,21,23,47,133,107,119,70,1,69" hai3="32,27,101,57,26,121,130,68,18,65,111,103,22"/><W94/><G121/><T39/><D123/><U37/><E74/><V83/><F107/><W96/><G130/><T124/><D43/><U77/><E122/><V54/><F35/><W79/><G111/><T98/><D98/><U2/><E112/><V93/><F119/><W82/><G68/><T10/><D10/><U128/><E128/><V97/><F47/><W126/><G126/><T6/><D6/><U71/><E67/><V12/><F83/><W85/><G32/><T62/><D115/><U13/><E13/><V120/><F120/><W61/><REACH who="3" step="1"/><G27/><REACH who="3" ten="225,225,190,340" step="2"/><T33/><D33/><U49/><E71/><V109/><F109/><W114/><G114/><T66/><D124/><U42/><E37/><V45/><F70/><W44/><G44/><T125/><D125/><U53/><E36/><V34/><F34/><W16/><BYE who="2" /><G16/><T108/><D108/><U48/><E0/><V89/><F89/><AGARI ba="1,2" hai="18,22,26,57,61,65,79,82,85,89,94,96,101,103" machi="89" ten="30,12000,1" yaku="1,1,7,1,8,1,52,1,53,1" doraHai="90" doraHaiUra="88" who="3" fromWho="2" sc="225,0,225,0,190,-123,340,143" /><INIT seed="3,2,0,3,5,67" ten="225,225,67,483" oya="3" hai0="78,24,66,44,75,80,104,31,13,71,35,112,69" hai1="127,103,21,30,45,47,38,123,91,40,52,85,7" hai2="17,28,131,98,93,109,113,29,102,22,128,25,18" hai3="57,77,74,12,37,84,88,20,53,96,100,105,4"/><W116/><G116/><T62/><D112/><U51/><E123/><V11/><F11/><N who="3" m="4199" /><G37/><T111/><D111/><U41/><E127/><V79/><F79/><W9/><G9/><T63/><D13/><U120/><E120/><V92/><F92/><N who="3" m="58375" /><G74/><T61/><D44/><U110/><E110/><V34/><F34/><W27/><G77/><T89/><D89/><U2/><E103/><V70/><F70/><W101/><G105/><T106/><D62/><U126/><E126/><V83/><F83/><N who="3" m="49183" /><G101/><T5/><D5/><U118/><E118/><UN n2="%40%6B%6B%6B%6B" /><V33/><F109/><W99/><G99/><T95/><D95/><U117/><E117/><V23/><F113/><W114/><G114/><T64/><AGARI ba="2,0" hai="24,31,35,61,63,64,66,69,71,75,78,80,104,106" machi="64" ten="30,12000,2" yaku="0,1,9,1,33,3,52,2" doraHai="67" who="0" fromWho="0" sc="225,126,225,-32,67,-32,483,-62" /><INIT seed="4,0,0,3,1,6" ten="351,193,35,421" oya="0" hai0="85,46,45,42,24,71,127,128,26,70,100,28,34" hai1="121,5,125,8,41,108,98,55,93,87,22,61,67" hai2="59,95,126,113,68,18,99,92,104,122,106,76,118" hai3="58,15,62,111,38,83,81,101,112,48,119,97,16"/><T57/><D128/><U123/><E108/><V77/><F68/><W129/><G112/><T88/><D127/><U7/><E125/><V134/><F59/><W89/><G111/><T135/><D135/><U60/><E7/><V75/><F18/><W131/><G38/><T91/><D100/><U79/><E41/><V82/><F126/><W63/><G119/><T4/><D57/><U102/><E22/><V115/><F134/><W54/><G89/><T116/><D116/><U39/><E39/><V13/><F13/><W133/><G133/><T20/><D4/><U56/><E87/><V69/><F69/><W73/><G73/><T27/><D27/><U19/><E19/><V30/><F30/><W72/><G72/><T35/><D20/><U50/><E61/><N who="3" m="23050" /><G97/><T114/><D114/><N who="2" m="43530" /><F118/><W47/><G58/><T43/><REACH who="0" step="1"/><D85/><REACH who="0" ten="341,193,35,421" step="2"/><U52/><E123/><V124/><F124/><W64/><G101/><T10/><D10/><U36/><E121/><V29/><F122/><W117/><G117/><T94/><D94/><U37/><E56/><V53/><F95/><W32/><G32/><T65/><D65/><U14/><E67/><V80/><F92/><W9/><G64/><T49/><D49/><U109/><E93/><V51/><F99/><W66/><G66/><T103/><D103/><U11/><E98/><V12/><F75/><W1/><G1/><T2/><D2/><U107/><E102/><V23/><F51/><W33/><G33/><T17/><D17/><U84/><E50/><V90/><F106/><W40/><G40/><T44/><D44/><U78/><E107/><RYUUKYOKU ba="0,1" sc="341,15,193,-15,35,-15,421,15" hai0="24,26,28,34,35,42,43,45,46,70,71,88,91" hai3="9,15,16,47,48,54,81,83,129,131" /><INIT seed="4,1,1,3,2,41" ten="356,178,20,436" oya="0" hai0="127,67,23,58,116,88,32,6,99,22,114,79,1" hai1="55,49,75,62,71,61,27,64,111,34,73,100,59" hai2="119,10,28,37,35,7,48,31,135,18,82,132,125" hai3="8,86,83,129,14,130,11,60,97,66,106,54,12"/><T26/><D116/><U123/><E111/><V16/><F37/><W52/><G106/><T50/><D32/><U39/><E123/><V70/><F70/><N who="3" m="42311" /><G97/><T45/><D1/><U96/><E61/><V104/><F104/><W51/><G12/><T13/><D114/><U124/><E124/><V38/><F38/><W113/><G113/><T21/><D127/><U122/><E122/><V115/><F125/><W108/><G108/><T72/><D79/><U80/><E80/><V105/><F105/><W128/><G14/><T74/><D72/><U40/><E34/><V65/><F65/><W98/><G98/><T120/><D74/><U107/><E27/><V4/><F115/><W90/><G54/><N who="0" m="30031" /><D120/><U133/><E133/><V103/><F35/><W95/><G95/><N who="0" m="56807" /><D13/><U112/><E112/><V81/><F119/><W36/><G36/><T109/><D109/><U126/><E126/><V110/><F110/><W46/><AGARI ba="1,1" hai="8,11,46,51,52,83,86,90,128,129,130" m="42311" machi="46" ten="30,4000,0" yaku="19,1,52,1,54,1" doraHai="41" who="3" fromWho="3" sc="356,-21,178,-11,20,-11,436,53" /><INIT seed="5,0,0,4,1,104" ten="335,167,9,489" oya="1" hai0="21,38,75,63,117,73,80,11,10,57,40,121,95" hai1="43,123,29,55,115,66,119,51,88,33,64,7,90" hai2="71,85,94,69,134,102,53,23,50,100,28,126,46" hai3="89,118,41,112,124,79,116,24,26,20,52,106,15"/><U8/><E123/><V65/><F71/><W39/><G106/><T125/><D117/><U37/><E119/><V84/><F69/><W68/><G112/><T31/><D121/><U107/><E115/><V58/><F134/><W25/><G68/><T30/><D40/><U74/><E107/><V27/><F126/><W111/><G79/><T86/><D38/><U1/><E37/><V92/><F92/><W4/><G111/><T18/><D95/><U128/><E43/><V62/><F102/><W97/><G41/><T48/><D48/><U110/><E33/><V93/><F93/><N who="3" m="56495" /><G39/><T44/><D80/><U32/><E29/><V76/><F76/><W67/><G67/><T81/><D81/><U72/><E32/><V36/><F36/><W98/><G98/><AGARI ba="0,0" hai="23,27,28,46,50,53,58,62,65,84,85,94,98,100" machi="98" ten="40,5200,0" yaku="25,2,8,1" doraHai="104" who="2" fromWho="3" sc="335,0,167,0,9,52,489,-52" /><INIT seed="6,0,0,2,1,21" ten="335,167,61,437" oya="2" hai0="89,2,120,77,96,93,90,19,99,79,112,92,86" hai1="41,65,13,34,108,62,55,61,14,66,29,94,119" hai2="83,0,40,131,135,122,54,91,102,8,48,87,117" hai3="12,125,1,50,64,111,38,118,85,75,98,44,76"/><V7/><F122/><W33/><G1/><T36/><D2/><U31/><E108/><V60/><F117/><W114/><G75/><T45/><D36/><U71/><E119/><V9/><F131/><W56/><G33/><T49/><D120/><U74/><E74/><V53/><F135/><W57/><G38/><T59/><D112/><U104/><E104/><V103/><F40/><W52/><G125/><T88/><D59/><U121/><E121/><V68/><F8/><W106/><G111/><T3/><D19/><U30/><E34/><V47/><REACH who="2" step="1"/><F54/><REACH who="2" ten="335,167,51,437" step="2"/><W24/><G52/><N who="0" m="29743" /><D3/><U105/><E55/><V130/><F130/><W28/><G118/><T18/><D18/><U100/><E41/><V5/><F5/><W42/><G42/><T32/><D32/><U63/><E66/><AGARI ba="0,1" hai="0,7,9,47,48,53,60,66,68,83,87,91,102,103" machi="66" ten="40,2000,0" yaku="1,1,53,0" doraHai="21" doraHaiUra="11" who="2" fromWho="1" sc="335,0,167,-20,51,30,437,0" /><INIT seed="6,1,0,0,0,95" ten="335,147,81,437" oya="2" hai0="20,114,113,57,54,91,32,71,98,63,26,103,89" hai1="77,127,124,12,132,61,62,134,49,53,120,18,50" hai2="116,121,110,8,34,131,58,102,5,45,86,83,101" hai3="92,28,11,133,96,1,27,6,52,47,119,74,135"/><V51/><F121/><W85/><G85/><T15/><D15/><U122/><E77/><V80/><F34/><W48/><G74/><T10/><D10/><U21/><E50/><V88/><F116/><W66/><G66/><T107/><D32/><U37/><E37/><V44/><F131/><W123/><G119/><T2/><D2/><U55/><E53/><V76/><F58/><W13/><G1/><T82/><D71/><U64/><E21/><V100/><F110/><W59/><G59/><T19/><REACH who="0" step="1"/><D82/><REACH who="0" ten="325,147,81,437" step="2"/><U46/><E12/><V111/><F111/><W78/><G13/><T75/><D75/><U87/><E122/><V130/><F130/><W16/><G11/><T56/><D56/><U33/><E120/><V73/><REACH who="2" step="1"/><F51/><REACH who="2" ten="325,147,71,437" step="2"/><W65/><G48/><T68/><D68/><U129/><E33/><V84/><F84/><W81/><G123/><T97/><D97/><U9/><E87/><V31/><F31/><W30/><G96/><T38/><D38/><U35/><E35/><V14/><AGARI ba="1,2" hai="5,8,14,44,45,73,76,80,83,86,88,100,101,102" machi="14" ten="30,11700,0" yaku="1,1,0,1,54,1,53,1" doraHai="95" doraHaiUra="7" who="2" fromWho="2" sc="325,-40,147,-40,71,140,437,-40" /><INIT seed="6,2,0,2,1,78" ten="285,107,211,397" oya="2" hai0="34,19,122,53,93,18,16,52,0,50,63,21,27" hai1="79,46,111,87,131,54,120,70,15,82,41,49,43" hai2="1,113,132,20,55,103,109,126,31,66,72,23,90" hai3="56,65,121,89,42,118,105,58,134,73,22,71,10"/><V59/><F1/><W81/><G121/><T3/><D34/><U128/><E111/><V95/><F109/><W24/><G105/><T74/><D74/><U47/><E120/><V80/><F66/><W5/><G42/><T102/><D122/><U124/><E70/><V86/><F126/><W39/><G39/><T112/><D112/><U77/><E124/><V101/><F132/><W2/><G118/><T61/><D0/><U123/><E123/><V8/><F8/><W37/><G37/><T125/><D3/><U129/><E47/><V88/><F72/><W60/><G134/><T4/><D4/><U36/><E36/><V96/><F113/><W38/><G38/><T94/><D125/><U14/><E79/><V7/><F7/><W51/><G51/><T13/><D53/><U110/><REACH who="1" step="1"/><E110/><REACH who="1" ten="285,97,211,397" step="2"/><V11/><F59/><W75/><G56/><N who="0" m="32791" /><D102/><U106/><E106/><V133/><F103/><W130/><G58/><T108/><D108/><U45/><E45/><V64/><F101/><W35/><G71/><T33/><D33/><U92/><E92/><V98/><F95/><W68/><G35/><T107/><D107/><U28/><E28/><V69/><F31/><W135/><G135/><T119/><D94/><U30/><E30/><V67/><F69/><W104/><G104/><T99/><D93/><U25/><E25/><V40/><F133/><W48/><G24/><T76/><D27/><U116/><E116/><V117/><F117/><W32/><G32/><T44/><D119/><U127/><E127/><V97/><F97/><W84/><G68/><T57/><D99/><RYUUKYOKU ba="2,1" sc="285,-10,97,30,211,-10,397,-10" hai1="14,15,41,43,46,49,54,77,82,87,128,129,131" /><INIT seed="7,3,1,0,5,127" ten="275,127,201,387" oya="3" hai0="131,121,6,111,63,1,102,2,43,20,42,86,112" hai1="126,134,129,70,72,92,32,4,9,115,108,120,24" hai2="12,110,95,101,119,49,123,90,19,45,25,133,100" hai3="80,84,88,31,7,81,11,132,22,124,104,94,54"/><W66/><G66/><T5/><D86/><U26/><RYUUKYOKU type="yao9" ba="3,1" sc="275,0,127,0,201,0,387,0" hai1="4,9,24,26,32,70,72,92,108,115,120,126,129,134" /><INIT seed="7,4,1,3,3,100" ten="275,127,201,387" oya="3" hai0="60,43,115,6,65,124,5,71,112,111,72,49,77" hai1="108,40,105,22,52,98,17,24,62,26,96,58,104" hai2="126,131,78,61,109,122,12,97,2,95,46,117,8" hai3="33,63,50,20,80,103,119,110,18,9,127,69,118"/><W85/><G50/><T44/><D111/><U129/><E108/><V38/><F2/><W82/><G33/><T39/><D124/><U135/><E40/><V94/><F126/><W64/><G110/><T76/><D49/><U116/><E26/><V67/><F117/><W55/><G103/><T27/><D27/><U10/><E10/><V107/><F78/><N who="0" m="30314" /><D72/><U106/><E116/><V30/><F30/><W36/><G55/><T125/><D125/><U57/><E129/><V113/><F131/><W47/><G9/><T15/><D15/><U89/><E135/><V21/><F12/><W70/><G80/><T32/><D32/><U123/><E123/><V73/><F73/><W133/><G70/><T25/><D25/><U102/><E58/><V35/><F35/><W93/><G93/><AGARI ba="4,1" hai="17,22,24,52,57,62,89,93,96,98,102,104,105,106" machi="93" ten="40,12000,2" yaku="25,2,52,3,54,1" doraHai="100" who="1" fromWho="3" sc="275,0,127,142,201,0,387,-132" /><INIT seed="8,0,0,5,3,57" ten="275,269,201,255" oya="0" hai0="134,87,13,116,96,41,1,38,39,124,22,83,131" hai1="5,115,59,28,118,70,11,77,99,36,68,6,55" hai2="0,32,73,61,56,67,27,40,88,132,33,84,92" hai3="10,103,105,49,4,21,14,51,78,35,58,91,106"/><T81/><D1/><U42/><E118/><V121/><F121/><W133/><G35/><T109/><D116/><U20/><E115/><V43/><F0/><W63/><G78/><T111/><D131/><U129/><E129/><V24/><F73/><W75/><G75/><T46/><D124/><U8/><E77/><V60/><F132/><W85/><G133/><T122/><D122/><U7/><E99/><V52/><F33/><W76/><G76/><T127/><D127/><U64/><E36/><V15/><F15/><W34/><G34/><T31/><D134/><U119/><E42/><N who="2" m="15915" /><F32/><W72/><G72/><T94/><D38/><U48/><E119/><V93/><F93/><W69/><G69/><T123/><D123/><U117/><E117/><V26/><F67/><W62/><G21/><T126/><D126/><U128/><E128/><V53/><F53/><N who="3" m="32047" /><G103/><T97/><D94/><U113/><E113/><V90/><F90/><W102/><G102/><T65/><D65/><U2/><E2/><V19/><F19/><W29/><G106/><T79/><D83/><U50/><E64/><V54/><F54/><W112/><G112/><T71/><D71/><U101/><E101/><V23/><F23/><W107/><G105/><T100/><D100/><U12/><E70/><V120/><F120/><W25/><G107/><T108/><D31/><U16/><E68/><V130/><F130/><W9/><G9/><N who="1" m="3658" /><E28/><V98/><F98/><W17/><G29/><T44/><D44/><U104/><E104/><V37/><F37/><W74/><G74/><T125/><D125/><U3/><E3/><RYUUKYOKU ba="0,0" sc="275,10,269,10,201,10,255,-30" hai0="13,22,39,41,46,79,81,87,96,97,108,109,111" hai1="5,6,7,12,16,20,48,50,55,59" hai2="24,26,27,52,56,60,61,84,88,92" /><INIT seed="8,1,0,4,1,28" ten="285,279,211,225" oya="0" hai0="0,125,106,111,69,87,26,13,5,17,19,2,3" hai1="119,80,15,45,91,38,34,63,124,1,116,51,105" hai2="75,72,25,117,98,48,44,59,11,46,4,61,24" hai3="29,31,108,70,30,37,96,94,78,12,71,103,18"/><T113/><D106/><U100/><E1/><V123/><F123/><W62/><G108/><T73/><D73/><U82/><E34/><V41/><F117/><W16/><G37/><T52/><D69/><U115/><E38/><V21/><F46/><W68/><G78/><T43/><D43/><U131/><E63/><V92/><F25/><W66/><REACH who="3" step="1"/><G18/><REACH who="3" ten="285,279,211,215" step="2"/><T42/><D19/><U128/><E116/><V126/><F75/><W95/><G95/><T85/><D17/><U57/><E119/><V79/><F79/><W58/><G58/><T32/><D111/><U33/><E57/><V23/><F72/><W89/><G89/><T104/><D104/><U133/><E91/><V67/><F126/><W7/><G7/><T102/><D5/><U10/><E124/><V81/><F81/><W76/><G76/><T86/><D125/><U53/><E82/><V49/><F49/><W97/><G97/><T88/><D88/><U27/><E80/><V122/><F122/><W22/><AGARI ba="1,1" hai="12,16,22,29,30,31,62,66,68,70,71,94,96,103" machi="22" ten="30,4000,0" yaku="1,1,0,1,54,1,53,0" doraHai="28" doraHaiUra="129" who="3" fromWho="3" sc="285,-21,279,-11,211,-11,215,53" /><INIT seed="9,0,0,3,2,76" ten="264,268,200,268" oya="1" hai0="116,64,127,23,134,42,124,25,24,133,58,46,83" hai1="17,6,87,84,49,2,40,35,1,107,135,11,103" hai2="68,22,45,33,122,89,128,112,97,43,100,80,130" hai3="41,4,69,14,88,78,48,94,13,12,92,0,50"/><U30/><E135/><N who="0" m="51721" /><D116/><U79/><E1/><V66/><F33/><W99/><G78/><T74/><D58/><U91/><E79/><V106/><F122/><W5/><G69/><T115/><D64/><U19/><E87/><N who="2" m="50407" /><F22/><W34/><G34/><T15/><D115/><U16/><E107/><V77/><F77/><W51/><G0/><T53/><D53/><U120/><E103/><V65/><F68/><W54/><G41/><T131/><D83/><N who="1" m="49567" /><E120/><V57/><F57/><W117/><G117/><T98/><D98/><U29/><E35/><V109/><F112/><W36/><G36/><N who="0" m="21831" /><D74/><U39/><E2/><V8/><F8/><W52/><G94/><T62/><D62/><U47/><E39/><N who="2" m="21759" /><F109/><W114/><G114/><T28/><D24/><U113/><E113/><V132/><F132/><W63/><G63/><T85/><D15/><U102/><E102/><V108/><F108/><W9/><G9/><T20/><D85/><U121/><E121/><V123/><F123/><W82/><G82/><T96/><D96/><U38/><E38/><V70/><F70/><W59/><G50/><T86/><D86/><U55/><E40/><V61/><F61/><W27/><G27/><T125/><D23/><U37/><E37/><V60/><F60/><W72/><G72/><T129/><AGARI ba="0,0" hai="20,25,28,124,125,127,129,131" m="21831,51721" machi="129" ten="40,8000,1" yaku="30,2,18,1,20,1" doraHai="76" who="0" fromWho="0" sc="264,80,268,-40,200,-20,268,-20" owari="344,44.0,228,-17.0,180,-32.0,248,5.0" /></mjloggm>