<mjloggm ver="2.3"><GO type="169" lobby="0"/><UN n0="%6F%6E%65%73%74%61%72" n1="%E3%83%8F%E3%82%A4%E3%83%86%E3%83%B3%E3%83%9C%E3%83%BC" n2="%E3%82%A6%E3%83%AB%E3%83%88%E3%83%A9%E7%AB%8B%E7%9B%B4" n3="%E9%87%8C%E6%9C%A8%E4%BB%81" dan="17,16,17,16" rate="2170.87,2106.47,2237.17,2088.20" sx="M,M,M,M"/><TAIKYOKU oya="0"/><INIT seed="0,0,0,5,5,114" ten="250,250,250,250" oya="0" hai0="64,29,23,119,96,68,24,120,78,8,97,127,38" hai1="31,15,28,133,32,91,83,47,53,70,75,121,82" hai2="19,79,6,104,43,62,128,21,124,87,50,101,55" hai3="10,41,36,2,100,106,48,18,12,66,40,13,109"/><T25/><D119/><U134/><E121/><V111/><F6/><W52/><G36/><T44/><D120/><U92/><E70/><V89/><F79/><W59/><G2/><T9/><D127/><U69/><E69/><V93/><F124/><W112/><G112/><T113/><D113/><U16/><E75/><V42/><F128/><W102/><G109/><T129/><D129/><U76/><E76/><V27/><F111/><W73/><G73/><T60/><D78/><U58/><E47/><V95/><F62/><W33/><G33/><T135/><D135/><U4/><E4/><V105/><F104/><W22/><G66/><T1/><D24/><U54/><E32/><V34/><F105/><W57/><G57/><T11/><REACH who="0" step="1"/><D1/><REACH who="0" ten="240,250,250,250" step="2"/><U110/><E134/><V72/><F34/><W103/><REACH who="3" step="1"/><G106/><REACH who="3" ten="240,250,250,240" step="2"/><T116/><D116/><U118/><E133/><V67/><F72/><W90/><G90/><T61/><D61/><U3/><E118/><V85/><F101/><W126/><G126/><T130/><D130/><U39/><E3/><V122/><F122/><W46/><G46/><T37/><D37/><U35/><E39/><V30/><F89/><W117/><G117/><T7/><D7/><AGARI ba="0,2" hai="7,10,12,13,18,22,40,41,48,52,59,100,102,103" machi="7" ten="40,12000,2" yaku="1,1,8,1,54,1,53,3" doraHai="114" doraHaiUra="99" who="3" fromWho="0" sc="240,-120,250,0,250,0,240,140" /><INIT seed="1,0,0,4,4,103" ten="120,250,250,380" oya="1" hai0="23,90,108,106,68,49,131,111,135,109,132,127,67" hai1="21,18,58,93,88,85,32,77,31,10,105,53,107" hai2="97,86,128,15,39,28,100,37,36,0,118,24,50" hai3="3,35,124,2,42,96,74,83,54,134,95,98,117"/><U34/><E10/><V64/><F0/><W56/><G35/><T9/><D90/><U73/><E31/><V133/><F118/><W61/><G117/><T22/><D49/><N who="1" m="31023" /><E77/><V6/><F128/><W26/><G98/><T112/><D112/><U33/><E73/><V91/><F133/><N who="0" m="51274" /><D106/><U84/><E84/><V123/><F64/><W4/><G134/><T71/><D67/><U130/><E130/><V47/><F123/><W60/><G42/><T45/><D131/><U87/><E87/><V113/><F113/><W66/><G124/><T65/><D65/><U41/><E41/><V29/><F86/><W116/><G116/><T59/><D9/><U48/><E48/><V81/><F50/><W40/><G40/><T89/><D89/><U38/><E38/><V104/><F91/><W43/><G43/><T55/><D45/><U121/><E121/><V79/><F47/><W44/><G44/><T125/><D55/><U129/><E129/><V126/><F37/><W52/><G54/><T102/><D59/><U82/><E82/><V57/><F57/><W14/><G83/><T115/><D115/><U5/><E5/><V30/><F39/><W70/><G74/><T17/><D102/><U114/><E114/><V62/><F36/><W76/><G76/><T13/><D23/><U19/><E19/><V80/><F79/><W75/><G75/><T120/><D120/><U99/><E99/><V119/><F97/><W101/><G56/><T12/><D12/><AGARI ba="0,0" hai="12,18,21,32,33,34,85,88,93,105,107" m="31023" machi="12" ten="30,11600,0" yaku="25,1,52,2,54,1" doraHai="103" who="1" fromWho="0" sc="120,-116,250,116,250,0,380,0" /><INIT seed="1,1,0,4,1,0" ten="4,366,250,380" oya="1" hai0="114,103,37,122,14,55,62,96,26,51,85,20,71" hai1="2,123,83,119,90,127,1,72,19,86,93,125,45" hai2="36,9,99,75,105,132,33,15,35,95,34,57,87" hai3="116,89,16,29,130,69,21,47,27,81,79,102,92"/><U131/><E123/><V41/><F75/><W73/><G130/><T64/><D114/><U68/><E119/><V6/><F132/><W28/><G116/><T49/><D122/><U115/><E68/><V40/><F36/><W32/><G69/><T121/><D121/><U126/><E115/><V44/><F44/><W111/><G102/><T104/><D37/><U101/><E131/><V78/><F105/><W39/><G111/><T124/><D124/><U7/><E7/><V13/><F57/><W25/><G39/><T65/><D65/><U50/><E19/><V48/><F48/><W129/><G47/><T77/><D14/><U46/><E46/><V97/><F78/><W17/><G129/><T3/><D3/><U84/><E72/><V8/><F87/><W5/><G5/><T74/><D74/><U24/><E24/><V23/><F23/><W43/><G43/><T110/><D55/><N who="1" m="30159" /><E101/><V4/><REACH who="2" step="1"/><F99/><AGARI ba="1,0" hai="16,17,21,25,27,28,29,32,73,79,81,89,92,99" machi="99" ten="30,2000,0" yaku="7,1,54,1" doraHai="0" who="3" fromWho="2" sc="4,0,366,0,250,-23,380,23" /><INIT seed="2,0,0,2,3,20" ten="4,366,227,403" oya="2" hai0="98,73,133,7,0,83,79,52,130,114,82,61,66" hai1="36,121,89,91,54,78,40,116,115,94,19,51,64" hai2="100,120,75,44,81,8,15,127,37,47,11,97,21" hai3="4,110,18,29,87,102,42,32,26,25,117,53,107"/><V34/><F34/><W84/><G117/><T123/><D114/><U50/><E116/><V90/><F120/><W56/><G110/><T69/><D123/><U88/><E115/><V17/><F127/><W59/><G59/><T33/><D130/><U1/><E36/><V23/><F37/><W71/><G71/><T46/><D133/><U99/><E1/><V41/><F41/><W131/><G131/><T101/><D83/><U93/><E78/><V111/><F111/><W60/><G4/><T124/><D46/><U118/><E118/><V3/><F3/><W55/><G42/><T119/><D119/><U58/><E64/><V22/><F11/><W31/><G18/><T70/><D52/><N who="1" m="32023" /><E40/><V109/><F109/><W10/><G10/><N who="0" m="2407" /><D124/><U30/><E30/><V77/><REACH who="2" step="1"/><F90/><REACH who="2" ten="4,366,217,403" step="2"/><W113/><G113/><T24/><D70/><U96/><E121/><V49/><F49/><W28/><G32/><T92/><D24/><U135/><E135/><V125/><F125/><W104/><G25/><T105/><D92/><AGARI ba="0,1" hai="8,15,17,21,22,23,44,47,75,77,81,92,97,100" machi="92" ten="40,3900,0" yaku="1,1,53,1" doraHai="20" doraHaiUra="12" who="2" fromWho="0" sc="4,-39,366,0,217,49,403,0" owari="-35,-54.0,366,17.0,266,-13.0,403,50.0" /></mjloggm>