<mjloggm ver="2.3"><GO type="169" lobby="0"/><UN n0="%74%61%72%6F%6F" n1="%E5%B0%B1%E6%B4%BB%E7%94%9F%40%E5%B7%9D%E6%9D%91%E8%BB%8D%E5%9B%A3" n2="%E5%BE%A9%E8%AE%90%E3%81%A1%E3%82%83%E3%82%93" n3="%E5%AF%8C%E7%94%B7%E3%81%A7%E3%81%99" dan="17,17,17,16" rate="2123.28,2202.80,2135.26,2062.88" sx="M,M,F,M"/><TAIKYOKU oya="0"/><INIT seed="0,0,0,1,4,14" ten="250,250,250,250" oya="0" hai0="2,104,90,113,126,82,128,86,17,61,25,19,70" hai1="91,45,103,27,1,63,4,133,114,31,0,40,47" hai2="124,101,46,83,110,65,132,38,97,117,93,72,22" hai3="21,123,84,105,5,98,120,111,23,12,92,56,49"/><T112/><D2/><U58/><E133/><V87/><F72/><W68/><G68/><T6/><D6/><U64/><E114/><V71/><F132/><W16/><G5/><T122/><D122/><N who="3" m="46633" /><G111/><T108/><D104/><U107/><E4/><V43/><F110/><W127/><G127/><T89/><D108/><U3/><E91/><V78/><F124/><W30/><G105/><T73/><D126/><U55/><E40/><V85/><F117/><W121/><N who="3" m="46641" /><W62/><DORA hai="96" /><G49/><T57/><D70/><U74/><E74/><V34/><F34/><W134/><G84/><T29/><D128/><U52/><E47/><V115/><F115/><W77/><G77/><T39/><D39/><U94/><E45/><V53/><F71/><W88/><G30/><T8/><D73/><U95/><E95/><V106/><F65/><N who="3" m="39111" /><G134/><T26/><D112/><U13/><E107/><V24/><F53/><W9/><AGARI ba="0,0" hai="9,12,16,21,23,88,92,98" m="39111,46641" machi="9" ten="40,8000,1" yaku="13,1,52,1,54,2" doraHai="14,96" who="3" fromWho="3" sc="250,-40,250,-20,250,-20,250,80" /><INIT seed="1,0,0,4,3,82" ten="210,230,230,330" oya="1" hai0="58,39,124,57,81,70,125,118,24,18,135,122,71" hai1="33,8,72,26,114,5,73,66,91,25,15,35,54" hai2="16,128,0,106,55,117,89,10,126,107,23,20,17" hai3="79,121,108,127,86,4,133,53,41,99,97,65,34"/><U14/><E114/><V94/><F117/><W95/><G34/><T48/><D118/><U90/><E54/><V80/><F80/><W9/><G41/><T50/><D24/><U68/><E68/><N who="0" m="26153" /><D18/><U115/><E115/><V6/><F126/><N who="0" m="48746" /><D81/><U116/><E116/><V42/><F42/><W44/><G95/><T29/><D29/><U43/><E43/><V100/><F100/><W84/><G79/><T36/><D135/><U102/><E102/><V49/><F128/><W88/><G127/><T67/><D122/><U109/><E109/><V59/><F20/><W78/><G121/><T110/><D110/><U98/><E98/><V119/><F119/><W37/><G99/><T40/><D67/><U1/><E8/><V45/><F45/><W61/><G44/><N who="0" m="25607" /><D50/><U77/><E77/><V3/><F3/><W64/><G78/><T105/><D105/><U103/><E103/><V51/><F51/><W52/><G108/><T101/><D101/><U87/><E66/><V120/><F17/><W111/><G64/><T30/><D30/><U56/><E5/><V28/><F28/><W7/><G7/><T85/><D36/><U60/><E1/><V47/><F120/><W63/><G37/><T13/><D39/><U62/><E56/><V2/><F59/><N who="3" m="37055" /><G133/><T74/><D57/><U96/><E96/><N who="2" m="57423" /><F0/><W83/><G97/><T19/><D58/><U132/><E132/><V92/><F106/><W11/><G4/><T123/><D123/><U129/><E129/><V75/><F107/><W112/><G112/><T21/><D74/><U12/><E12/><N who="2" m="9607" /><F75/><W38/><G111/><RYUUKYOKU ba="0,0" sc="210,10,230,10,230,10,330,-30" hai0="13,19,21,85" hai1="14,15,25,26,33,35,60,62,72,73,87,90,91" hai2="2,6,10,47,49,55,92" /><INIT seed="1,1,0,2,4,129" ten="220,240,240,300" oya="1" hai0="125,36,120,39,67,116,109,80,130,48,37,47,135" hai1="76,119,58,29,133,4,112,83,82,16,21,33,132" hai2="44,86,122,38,134,11,41,15,43,53,49,46,77" hai3="59,23,31,98,72,56,131,85,30,13,50,71,75"/><U121/><E119/><V102/><F122/><W107/><G71/><T63/><D116/><U12/><E121/><V95/><F102/><W118/><G131/><T87/><D120/><U42/><E112/><V117/><F117/><W64/><G85/><T52/><D130/><U27/><E42/><V62/><F62/><W123/><G123/><T103/><D103/><U110/><E110/><V69/><F69/><W81/><G64/><T114/><D114/><U124/><E124/><V14/><F14/><W3/><G3/><T90/><D109/><U0/><E58/><V57/><F57/><W111/><G59/><T26/><D125/><U61/><E61/><V55/><F95/><W99/><G107/><T79/><D26/><U115/><E115/><V20/><F20/><W28/><G56/><T84/><D63/><U101/><E101/><V89/><F89/><W7/><G111/><T128/><D67/><U68/><E68/><V10/><F10/><W127/><G127/><T104/><D104/><U22/><E22/><V17/><F55/><W78/><G23/><T73/><D128/><U18/><E18/><V45/><F53/><W70/><G70/><T88/><D73/><N who="1" m="43279" /><E83/><N who="2" m="47471" /><F45/><W6/><G118/><T60/><D60/><U65/><E65/><V32/><F32/><W54/><G72/><T25/><D25/><U40/><E40/><V24/><F24/><W113/><G113/><T105/><D105/><U126/><E126/><V51/><F51/><W100/><G100/><T108/><D108/><U96/><E96/><N who="3" m="36906" /><G13/><T1/><D84/><U93/><E93/><V19/><F19/><RYUUKYOKU ba="1,0" sc="220,-30,240,10,240,10,300,10" hai1="0,4,12,16,21,27,29,33,132,133" hai2="11,15,17,38,41,43,44,46,49,134" hai3="6,7,28,30,31,50,54,75,78,81" /><INIT seed="1,2,0,2,0,5" ten="190,250,250,310" oya="1" hai0="74,18,17,128,41,92,112,20,26,2,77,82,53" hai1="135,48,109,69,33,60,63,62,54,91,46,99,104" hai2="103,56,35,100,29,38,6,108,127,27,55,42,85" hai3="25,21,81,47,111,45,16,31,133,43,36,28,78"/><U52/><E33/><V124/><F108/><W130/><G130/><T118/><D112/><U39/><E135/><V129/><F129/><W67/><G111/><T50/><D128/><U13/><E109/><V131/><F131/><W0/><G133/><T65/><D118/><U107/><E69/><V1/><F42/><W76/><G76/><T126/><D126/><N who="2" m="48170" /><F38/><W14/><G0/><T49/><D65/><U10/><E39/><V37/><F37/><W132/><G132/><T87/><D2/><U59/><E104/><V110/><F110/><W9/><G67/><T12/><D41/><U51/><E107/><V4/><F85/><W71/><G71/><T88/><REACH who="0" step="1"/><D53/><REACH who="0" ten="180,250,250,310" step="2"/><U66/><E66/><V84/><F1/><W32/><G43/><T22/><AGARI ba="2,1" hai="12,17,18,20,22,26,49,50,74,77,82,87,88,92" machi="22" ten="20,8000,1" yaku="1,1,2,1,0,1,7,1,54,1,53,0" doraHai="5" doraHaiUra="119" who="0" fromWho="0" sc="180,96,250,-42,250,-22,310,-22" /><INIT seed="2,0,0,3,5,98" ten="276,208,228,288" oya="2" hai0="65,109,83,48,53,71,115,82,8,54,104,50,90" hai1="86,20,5,62,66,55,12,133,7,60,11,108,78" hai2="112,38,73,111,103,127,63,9,42,75,10,35,99" hai3="28,74,107,110,120,27,18,30,49,13,22,40,68"/><V80/><F112/><W56/><G68/><T94/><D104/><U130/><E108/><V39/><F35/><W29/><G110/><T93/><D109/><U57/><E133/><V2/><F111/><W106/><G74/><T37/><D37/><U51/><E130/><V15/><F127/><W1/><G120/><T122/><D122/><U14/><E66/><V124/><F124/><W32/><G28/><T31/><D31/><U91/><E78/><V16/><F63/><W19/><G29/><T84/><D115/><U119/><E119/><V95/><F42/><W61/><G1/><T129/><D71/><U47/><E47/><V33/><F33/><W92/><G49/><T125/><D65/><U17/><REACH who="1" step="1"/><E5/><REACH who="1" ten="276,198,228,288" step="2"/><V21/><F75/><W67/><G67/><T97/><D129/><U81/><AGARI ba="0,1" hai="7,11,12,14,17,20,51,55,57,60,62,81,86,91" machi="81" ten="20,8000,1" yaku="1,1,2,1,0,1,7,1,8,1,53,0" doraHai="98" doraHaiUra="134" who="1" fromWho="1" sc="276,-20,198,90,228,-40,288,-20" /><INIT seed="3,0,0,1,2,112" ten="256,288,188,268" oya="3" hai0="86,79,128,37,133,67,31,60,85,118,98,73,82" hai1="77,90,119,1,68,22,110,54,64,28,35,39,5" hai2="3,123,50,16,34,23,115,63,56,74,13,69,30" hai3="97,62,17,96,57,95,44,131,6,21,18,59,10"/><W61/><G131/><T88/><D37/><U111/><E39/><V25/><F115/><W4/><G44/><T7/><D128/><U41/><E41/><V107/><F107/><W108/><G108/><T32/><D133/><U116/><E77/><V2/><F74/><W49/><G49/><T26/><D118/><N who="1" m="45099" /><E35/><V80/><F123/><W71/><G71/><T81/><D7/><U130/><E130/><V84/><F50/><W40/><G40/><T104/><D73/><U51/><E90/><V126/><F69/><W47/><G47/><T121/><D121/><U48/><E5/><V38/><F38/><W134/><G95/><T20/><D32/><U11/><E11/><V19/><F19/><W102/><G21/><T100/><D67/><U99/><E99/><V93/><F93/><W94/><G94/><T105/><D60/><N who="1" m="39943" /><E1/><V124/><F3/><W55/><G10/><T9/><D9/><U127/><E127/><V132/><F2/><W70/><G6/><T103/><D103/><U89/><E89/><V43/><F43/><W129/><G129/><T114/><D114/><U78/><E78/><V135/><F124/><W65/><G4/><T72/><D72/><U109/><E54/><N who="2" m="34199" /><F126/><W83/><G102/><T14/><D98/><U58/><E58/><V33/><F33/><W12/><G59/><T66/><D100/><U91/><E91/><N who="2" m="51591" /><F135/><W24/><G134/><T0/><D0/><U36/><E36/><V52/><F52/><W8/><G83/><T29/><D66/><U92/><E92/><V117/><F132/><W101/><G101/><T120/><D104/><RYUUKYOKU ba="0,0" sc="256,-30,288,10,188,10,268,10" hai1="22,28,48,51,109,110,111" hai2="13,16,23,25,30,34,117" hai3="8,12,17,18,24,55,57,61,62,65,70,96,97" /><INIT seed="3,1,0,5,3,121" ten="226,298,198,278" oya="3" hai0="116,82,26,40,104,25,128,61,89,106,134,7,48" hai1="6,118,0,5,101,45,113,130,64,110,63,105,98" hai2="74,80,88,16,52,20,79,56,18,30,28,60,53" hai3="75,19,62,126,69,93,108,49,120,47,76,94,29"/><W91/><G120/><T68/><D116/><U35/><E113/><V57/><F88/><W8/><G94/><T39/><D39/><U111/><E35/><V103/><F103/><W100/><G100/><T124/><D7/><U24/><E118/><V59/><F59/><W102/><G102/><T90/><D48/><U3/><E130/><V95/><F95/><W33/><G29/><T99/><D61/><U133/><E133/><V38/><F38/><W50/><G33/><T1/><D1/><U31/><E45/><V34/><F34/><W115/><G115/><T51/><D51/><U77/><E77/><V72/><F72/><W67/><G126/><T12/><D124/><U32/><E5/><V42/><F42/><W14/><G49/><T114/><D114/><U132/><E132/><V84/><F74/><W43/><G75/><T65/><D134/><U44/><E44/><V55/><F18/><W58/><G76/><T86/><D104/><U46/><E46/><V17/><F17/><W37/><G108/><N who="1" m="41514" /><E6/><V23/><F23/><W71/><REACH who="3" step="1"/><G37/><REACH who="3" ten="226,298,198,268" step="2"/><T13/><D90/><U41/><E41/><V4/><F4/><W92/><G92/><T112/><D89/><U15/><E15/><N who="2" m="9247" /><F60/><W117/><G117/><T85/><D12/><U119/><E119/><V66/><F66/><W109/><G109/><T97/><D13/><U125/><E125/><V10/><F10/><W54/><G54/><T11/><D11/><U21/><E21/><V122/><F122/><W27/><G27/><T73/><D25/><U107/><E107/><V83/><F55/><W9/><G9/><RYUUKYOKU ba="1,1" sc="226,-15,298,15,198,-15,268,15" hai1="0,3,24,31,32,63,64,98,101,105" hai3="8,14,19,43,47,50,58,62,67,69,71,91,93" /><INIT seed="3,2,1,5,4,88" ten="211,313,183,283" oya="3" hai0="13,85,40,0,66,108,104,59,70,12,129,46,38" hai1="19,24,65,109,118,73,69,5,83,45,15,134,102" hai2="27,131,122,20,21,115,29,130,84,127,121,9,14" hai3="33,78,41,123,56,87,60,61,18,52,90,32,103"/><W124/><G124/><T57/><D0/><U135/><E109/><V76/><F76/><W74/><G41/><T50/><D108/><U105/><E5/><V55/><F84/><W117/><G123/><N who="2" m="47113" /><F55/><W7/><G117/><T17/><D104/><U91/><E24/><V96/><F96/><W3/><G103/><T53/><D129/><N who="2" m="49162" /><F115/><W62/><G78/><T107/><D107/><U1/><E45/><V126/><F21/><W39/><G74/><T26/><D57/><U25/><E118/><V44/><F44/><W86/><G86/><T89/><D66/><U133/><E65/><V43/><F43/><W114/><G114/><T54/><D54/><U35/><E102/><V98/><F98/><W8/><G39/><T10/><D70/><U80/><E69/><V34/><F20/><W68/><G68/><T48/><D38/><U81/><E105/><V106/><F106/><W23/><G61/><T11/><D85/><U93/><E73/><V36/><F36/><W97/><G62/><T30/><D89/><U72/><E72/><V128/><N who="2" m="49170" /><V77/><DORA hai="101" /><F77/><W2/><G97/><T22/><D40/><U116/><E116/><V79/><F79/><W31/><G87/><T47/><REACH who="0" step="1"/><D48/><REACH who="0" ten="201,313,183,283" step="2"/><U110/><E110/><V82/><F82/><W63/><G90/><T132/><D132/><U58/><E81/><V42/><F42/><W4/><G56/><T51/><D51/><U92/><E83/><V113/><F113/><W120/><G52/><T16/><AGARI ba="2,2" hai="10,11,12,13,16,17,22,26,30,46,47,50,53,59" machi="16" ten="20,12000,2" yaku="1,1,0,1,7,1,9,1,8,1,54,1,53,0" doraHai="88,101" doraHaiUra="75,37" who="0" fromWho="0" sc="201,146,313,-32,183,-32,283,-62" /><INIT seed="4,0,0,5,1,92" ten="347,281,151,221" oya="0" hai0="89,31,72,87,30,80,83,0,108,78,111,134,86" hai1="17,53,74,109,47,133,126,116,131,7,59,68,127" hai2="122,28,37,45,106,64,79,44,61,73,62,58,38" hai3="113,15,100,115,94,1,101,54,65,49,84,124,10"/><T77/><D0/><U97/><E68/><V128/><F128/><W42/><G1/><T103/><D30/><U48/><E74/><V33/><F122/><W90/><G65/><T27/><D27/><U41/><E116/><V22/><F33/><W3/><G3/><T35/><D31/><U117/><E7/><V9/><F106/><W91/><G42/><T112/><D35/><U14/><E117/><V50/><F44/><W56/><G124/><N who="1" m="47658" /><E131/><V13/><F62/><W20/><G91/><T57/><D57/><U66/><E66/><V23/><F79/><W39/><G39/><T12/><D12/><U24/><E24/><V19/><F73/><W69/><G69/><T32/><D32/><U29/><E29/><V8/><F28/><W21/><G21/><T98/><D112/><N who="3" m="43081" /><G20/><T99/><D134/><U70/><E109/><N who="0" m="42057" /><D103/><U25/><E25/><V76/><F23/><W71/><G71/><T5/><D5/><AGARI ba="0,0" hai="5,10,15,49,54,56,84,90,94,100,101" m="43081" machi="5" ten="30,1000,0" yaku="15,1" doraHai="92" who="3" fromWho="0" sc="347,-10,281,0,151,0,221,10" /><INIT seed="5,0,0,3,2,135" ten="337,281,151,231" oya="1" hai0="39,36,71,99,75,121,29,74,54,10,3,91,105" hai1="95,126,62,23,96,27,15,89,114,58,93,82,18" hai2="1,106,52,32,46,134,8,47,24,45,123,30,38" hai3="25,0,49,20,110,37,28,79,66,130,2,70,111"/><U35/><E114/><V132/><F123/><W40/><G130/><T64/><D54/><U122/><E122/><V112/><F112/><W12/><G79/><T22/><D22/><U9/><E35/><V44/><F106/><W43/><G49/><T103/><D91/><U50/><E50/><V16/><F1/><N who="3" m="619" /><G43/><T31/><D31/><U53/><E82/><V17/><F38/><N who="0" m="14378" /><D29/><U48/><E48/><N who="2" m="28679" /><F8/><W81/><G81/><T116/><D116/><U21/><E95/><V128/><F128/><W127/><G12/><T41/><D41/><U65/><E65/><V92/><F92/><W119/><G119/><T108/><D121/><U78/><E78/><V76/><F76/><W97/><G40/><T84/><D3/><U125/><REACH who="1" step="1"/><E23/><REACH who="1" ten="337,271,151,231" step="2"/><V6/><F6/><AGARI ba="0,1" hai="6,9,15,18,21,27,53,58,62,89,93,96,125,126" machi="6" ten="40,18000,2" yaku="1,1,2,1,25,2,52,2,53,0" doraHai="135" doraHaiUra="42" who="1" fromWho="2" sc="337,0,271,190,151,-180,231,0" owari="337,14.0,461,56.0,-29,-53.0,231,-17.0" /></mjloggm>