<mjloggm ver="2.3"><GO type="169" lobby="0"/><UN n0="%4D%46%E9%A6%99%E5%B7%9D%E7%9C%9F%E5%8F%B8" n1="%E5%B0%B1%E6%B4%BB%E7%94%9F%40%E5%B7%9D%E6%9D%91%E8%BB%8D%E5%9B%A3" n2="%E3%81%A6%E3%82%8B" n3="%67%61%72%75%63%69%61" dan="16,17,17,16" rate="2041.92,2184.38,2131.50,2148.07" sx="M,M,M,M"/><TAIKYOKU oya="0"/><INIT seed="0,0,0,1,5,7" ten="250,250,250,250" oya="0" hai0="127,110,33,70,16,128,4,58,63,92,26,50,20" hai1="89,69,104,102,62,45,54,9,66,75,113,86,94" hai2="90,37,83,103,106,46,107,91,15,29,49,71,126" hai3="8,30,125,114,115,24,41,95,122,72,76,38,34"/><T23/><D33/><U57/><E75/><V0/><F0/><W73/><G95/><T100/><D70/><U124/><E124/><V1/><F1/><W55/><G55/><T21/><D128/><U88/><E113/><V109/><F37/><W84/><G84/><T111/><D127/><U80/><E45/><V130/><F126/><W123/><G125/><T19/><D50/><U74/><E74/><V134/><F71/><W18/><G73/><T79/><D79/><U68/><E9/><V87/><F109/><N who="0" m="41482" /><D26/><U64/><E64/><V28/><F134/><W47/><G76/><T120/><D120/><N who="3" m="46121" /><G72/><T31/><D31/><U129/><E129/><V61/><F29/><W52/><G52/><N who="0" m="34247" /><D4/><U67/><E67/><V98/><F28/><W32/><G32/><T133/><D133/><U116/><E68/><V78/><F78/><W35/><G35/><T77/><D77/><U56/><E69/><V118/><F130/><W40/><G40/><T2/><D2/><U39/><E39/><V108/><F108/><W121/><G121/><T60/><D60/><U119/><E57/><V99/><F61/><W11/><G18/><N who="0" m="6699" /><D92/><U27/><E27/><V112/><F49/><W51/><G51/><T93/><D93/><U131/><E131/><V10/><F112/><AGARI ba="0,0" hai="8,11,24,30,34,38,41,47,112,114,115" m="46121" machi="112" ten="30,3900,0" yaku="13,1,52,2" doraHai="7" who="3" fromWho="2" sc="250,0,250,0,250,-39,250,39" /><INIT seed="1,0,0,1,1,80" ten="250,250,211,289" oya="1" hai0="29,86,34,7,114,8,64,44,130,76,119,112,21" hai1="61,113,65,90,117,48,50,132,108,16,26,74,131" hai2="105,101,106,89,11,75,82,49,68,52,54,72,99" hai3="4,59,85,95,14,84,13,88,118,122,102,47,78"/><U58/><E117/><V109/><F68/><W43/><G122/><T15/><D34/><U53/><E113/><V93/><F109/><W77/><G118/><T40/><D64/><U87/><E74/><V6/><F82/><W33/><G33/><T96/><D96/><U135/><E131/><V18/><F18/><W10/><G102/><T107/><D107/><U28/><E108/><V110/><F110/><W83/><G59/><T62/><D62/><U63/><E63/><V45/><F54/><W36/><G14/><T81/><D130/><U67/><E67/><V27/><F27/><W127/><G127/><T123/><D123/><U129/><E129/><V125/><F125/><W24/><G24/><N who="0" m="16527" /><D119/><U22/><E28/><V66/><F66/><W23/><G23/><T5/><D5/><U128/><E128/><V55/><F55/><W37/><G37/><T100/><D100/><U104/><E104/><V120/><F120/><W56/><G56/><T17/><D17/><U38/><E38/><V42/><F42/><W126/><G126/><T124/><D124/><U134/><REACH who="1" step="1"/><E65/><REACH who="1" ten="250,240,211,289" step="2"/><V41/><F106/><W32/><G32/><T94/><D114/><U103/><E103/><V39/><F101/><W51/><G36/><N who="0" m="21511" /><D112/><U73/><E73/><V133/><F105/><W57/><G57/><T0/><D0/><U79/><E79/><AGARI ba="0,1" hai="4,10,13,43,47,51,77,78,79,83,84,85,88,95" machi="79" ten="30,12000,2" yaku="7,1,25,2,8,1,52,2,54,1" doraHai="80" who="3" fromWho="1" sc="250,0,240,-120,211,0,289,130" /><INIT seed="2,0,0,5,4,117" ten="250,120,211,419" oya="2" hai0="133,31,62,0,75,74,132,37,101,43,58,17,130" hai1="38,41,26,42,8,30,81,54,77,100,35,107,127" hai2="60,9,111,128,23,104,13,116,103,94,129,63,16" hai3="25,126,67,106,86,73,96,22,14,98,105,59,36"/><V55/><F116/><W134/><G36/><T124/><D31/><U125/><E54/><V68/><F104/><W3/><G3/><T78/><D0/><U52/><E8/><V10/><F111/><W19/><G73/><T24/><D101/><U71/><E71/><V34/><F34/><W50/><G126/><T45/><D78/><U39/><E42/><V15/><F68/><W1/><G1/><T69/><D69/><U123/><E52/><V66/><F66/><W4/><G134/><N who="0" m="51819" /><D124/><N who="1" m="47691" /><E41/><V122/><F122/><W5/><G106/><T72/><D130/><N who="2" m="50282" /><F55/><N who="3" m="32247" /><G105/><T76/><D76/><U6/><E6/><N who="3" m="2666" /><G67/><N who="0" m="39383" /><D24/><U28/><E28/><V32/><F32/><W18/><G86/><T65/><D65/><U85/><E123/><V80/><F80/><W109/><G109/><T92/><D17/><U97/><AGARI ba="0,0" hai="26,30,35,38,39,77,81,85,97,100,107" m="47691" machi="97" ten="30,1100,0" yaku="18,1" doraHai="117" who="1" fromWho="1" sc="250,-3,120,11,211,-5,419,-3" /><INIT seed="3,0,0,4,5,111" ten="247,131,206,416" oya="3" hai0="68,70,117,130,131,96,118,127,53,21,12,19,90" hai1="8,110,44,100,135,27,83,104,132,87,26,9,124" hai2="114,78,82,84,54,3,32,14,18,103,7,129,28" hai3="30,75,50,2,33,62,97,99,128,0,112,16,86"/><W74/><G128/><T95/><D127/><U25/><E110/><V88/><F129/><N who="0" m="49162" /><D53/><U63/><E124/><V13/><F103/><W71/><G50/><T69/><AGARI ba="0,0" hai="12,19,21,68,69,70,90,95,96,117,118" m="49162" machi="69" ten="40,1500,0" yaku="19,1" doraHai="111" who="0" fromWho="0" sc="247,15,131,-4,206,-4,416,-7" /><INIT seed="4,0,0,1,4,0" ten="262,127,202,409" oya="0" hai0="128,4,90,59,31,19,96,53,105,56,1,103,100" hai1="41,51,18,25,11,83,6,2,101,28,62,77,91" hai2="126,22,68,21,113,32,133,80,67,84,52,135,69" hai3="129,93,86,106,13,37,71,119,118,57,108,65,30"/><T102/><D31/><U112/><E101/><V8/><F32/><W12/><G30/><T88/><D128/><U132/><E132/><N who="2" m="50763" /><F113/><W111/><G106/><T107/><D1/><U42/><E112/><V46/><F126/><W99/><G71/><N who="2" m="27209" /><F67/><W14/><G37/><T116/><D19/><U115/><E115/><V60/><F8/><W9/><G9/><T131/><D53/><U97/><E62/><V61/><F61/><W121/><G129/><T94/><D131/><U34/><E51/><N who="2" m="28791" /><F60/><W17/><G65/><T73/><D73/><U24/><E91/><AGARI ba="0,0" hai="21,22,80,84,91" m="28791,27209,50763" machi="91" ten="30,2000,0" yaku="20,1,54,1" doraHai="0" who="2" fromWho="1" sc="262,0,127,-20,202,20,409,0" /><INIT seed="5,0,0,4,1,111" ten="262,107,222,409" oya="1" hai0="77,85,8,61,99,101,18,69,115,124,126,119,10" hai1="57,64,107,55,130,78,96,82,105,11,15,24,102" hai2="33,88,68,39,27,129,31,62,59,5,42,36,116" hai3="3,26,35,125,53,71,122,79,52,70,21,60,133"/><U6/><E130/><V89/><F116/><W106/><G35/><T84/><D119/><U123/><E123/><V97/><F68/><W67/><G106/><T2/><D2/><U41/><E41/><V16/><F129/><W40/><G3/><T108/><D108/><U109/><E109/><V65/><F5/><W34/><G34/><T19/><D61/><U83/><E64/><V121/><F121/><W9/><G9/><T131/><D69/><U75/><E83/><V46/><F39/><W135/><G79/><T134/><D131/><U49/><REACH who="1" step="1"/><E24/><REACH who="1" ten="262,97,222,409" step="2"/><V54/><F65/><W51/><G122/><T1/><D126/><U47/><E47/><V72/><F72/><W37/><G125/><T92/><D124/><U32/><E32/><V90/><REACH who="2" step="1"/><F16/><REACH who="2" ten="262,97,212,409" step="2"/><W0/><G67/><T104/><D19/><U28/><E28/><V56/><F56/><W29/><G29/><T50/><D18/><U12/><E12/><V38/><F38/><W128/><G37/><T113/><D1/><U25/><E25/><V14/><F14/><W93/><G26/><T63/><D10/><U100/><E100/><V23/><F23/><W110/><G21/><T127/><D8/><U30/><E30/><V58/><F58/><W74/><G0/><T45/><D101/><U80/><E80/><V87/><F87/><W17/><G17/><T98/><D127/><U48/><E48/><V66/><F66/><W112/><G51/><T13/><D50/><U43/><E43/><V20/><F20/><W117/><G40/><T103/><D13/><U95/><AGARI ba="0,2" hai="6,11,15,49,55,57,75,78,82,95,96,102,105,107" machi="95" ten="20,7800,0" yaku="1,1,0,1,7,1,53,1" doraHai="111" doraHaiUra="73" who="1" fromWho="1" sc="262,-26,97,98,212,-26,409,-26" /><INIT seed="5,1,0,0,5,118" ten="236,195,186,383" oya="1" hai0="117,45,47,67,131,78,82,34,84,92,40,107,113" hai1="69,16,20,53,64,49,58,104,96,123,44,70,21" hai2="27,106,31,0,1,14,121,126,8,87,85,41,74" hai3="134,108,100,122,51,103,95,127,6,56,71,54,7"/><U111/><E21/><V5/><F74/><W59/><G71/><T2/><D107/><U3/><E3/><V60/><F106/><W57/><G108/><T98/><D34/><U48/><E111/><V25/><F126/><W15/><G127/><T94/><D2/><U81/><E123/><V22/><F41/><W28/><G134/><T80/><D67/><U65/><E70/><V132/><F132/><W73/><G73/><T39/><D92/><U63/><E81/><V35/><F121/><W11/><G122/><T66/><D66/><U26/><E64/><V72/><F72/><W62/><G28/><T24/><D82/><U88/><E104/><V114/><F114/><W83/><G83/><T18/><D47/><U135/><E135/><V128/><F128/><W33/><G33/><T55/><D55/><U101/><E101/><N who="3" m="38986" /><G95/><T90/><D117/><U91/><REACH who="1" step="1"/><E96/><REACH who="1" ten="236,185,186,383" step="2"/><V29/><F1/><W75/><G75/><T42/><D98/><U102/><E102/><V32/><F60/><W12/><G62/><T110/><D110/><U46/><E46/><V99/><F99/><W4/><G11/><T36/><D80/><U10/><E10/><V116/><F116/><W86/><G86/><T130/><D113/><U93/><E93/><V30/><F30/><W77/><G77/><T133/><D133/><U79/><E79/><V37/><F37/><W9/><G9/><T124/><D78/><U119/><E119/><V89/><F89/><W76/><G76/><T38/><D124/><U61/><E61/><V115/><F115/><W23/><G23/><N who="0" m="13431" /><D45/><AGARI ba="1,1" hai="4,6,7,12,15,45,51,54,56,57,59" m="38986" machi="45" ten="30,1000,0" yaku="8,1" doraHai="118" who="3" fromWho="0" sc="236,-13,185,0,186,0,383,23" /><INIT seed="6,0,0,0,3,71" ten="223,185,186,406" oya="2" hai0="64,6,29,50,110,96,126,104,39,27,45,49,100" hai1="101,7,63,95,111,135,46,47,26,60,115,22,20" hai2="74,25,90,134,131,62,124,128,5,59,130,61,51" hai3="102,72,123,10,44,0,65,69,38,33,32,98,114"/><V28/><F124/><W58/><G58/><T40/><D110/><U106/><E111/><V14/><F134/><W35/><G123/><T78/><D126/><U4/><E106/><V109/><F109/><W103/><G103/><T129/><D129/><U76/><E76/><V16/><F74/><W91/><G91/><T70/><D6/><N who="1" m="2091" /><E115/><V42/><F5/><N who="3" m="1319" /><G114/><T23/><D78/><U8/><E8/><N who="2" m="6215" /><F90/><W41/><G72/><T36/><D36/><U122/><E122/><V21/><F42/><W34/><G34/><T2/><D2/><U55/><E135/><V87/><F87/><W3/><G3/><T107/><D107/><U57/><E63/><V43/><F43/><W79/><G79/><T66/><D70/><U83/><E83/><V85/><F85/><W117/><G117/><T19/><D29/><N who="1" m="17607" /><E22/><V94/><F94/><W73/><G73/><T127/><D127/><U52/><E55/><AGARI ba="0,0" hai="21,25,28,51,55,59,61,62,128,130,131" m="6215" machi="55" ten="30,2900,0" yaku="19,1,54,1" doraHai="71" who="2" fromWho="1" sc="223,0,185,-29,186,29,406,0" /><INIT seed="6,1,0,4,5,35" ten="223,156,215,406" oya="2" hai0="40,60,117,9,59,106,16,130,3,83,68,119,65" hai1="56,32,21,81,84,30,33,93,116,57,24,28,91" hai2="4,31,61,7,17,115,18,11,45,88,100,90,89" hai3="98,76,44,110,78,14,99,43,53,120,36,101,111"/><V123/><F123/><W48/><G120/><T114/><D106/><U80/><E116/><V72/><F72/><W74/><G99/><T55/><D114/><U135/><E135/><V113/><F100/><W134/><G134/><T27/><D40/><U47/><E47/><V50/><F31/><W132/><G132/><T54/><D83/><U129/><E129/><V63/><F115/><W67/><G67/><T66/><D130/><U62/><E57/><V97/><F97/><W121/><G121/><T127/><D127/><U70/><E70/><V131/><F131/><W38/><G14/><T122/><D122/><U12/><E12/><N who="2" m="5223" /><F7/><W79/><G74/><T109/><D66/><U26/><REACH who="1" step="1"/><E21/><REACH who="1" ten="223,146,215,406" step="2"/><V102/><F113/><W34/><G34/><T133/><D133/><U25/><E25/><V112/><F112/><W118/><G118/><N who="0" m="45067" /><D68/><U41/><E41/><N who="2" m="24879" /><F102/><W22/><G22/><N who="0" m="13767" /><D109/><U92/><E92/><V49/><F49/><W73/><G73/><T5/><AGARI ba="1,1" hai="3,5,9,54,55,59,60,65" m="13767,45067" machi="5" ten="30,4000,0" yaku="12,1,52,1,54,1" doraHai="35" who="0" fromWho="0" sc="223,53,146,-11,215,-21,406,-11" /><INIT seed="7,0,0,1,0,97" ten="276,135,194,395" oya="3" hai0="16,91,98,1,104,74,79,7,112,78,87,111,113" hai1="61,85,95,67,64,100,9,59,33,81,57,114,116" hai2="12,26,93,58,52,101,108,66,56,105,71,44,132" hai3="14,38,119,117,35,34,45,106,68,17,70,77,6"/><W84/><G106/><T90/><D7/><U30/><E114/><N who="0" m="44137" /><D1/><U37/><E116/><V80/><F105/><W32/><G6/><T124/><D16/><U11/><E37/><V3/><F3/><W46/><G38/><T8/><D8/><U19/><E33/><V13/><F132/><W65/><G65/><T75/><D111/><U92/><E30/><V109/><F71/><W118/><G77/><N who="0" m="29195" /><D124/><U129/><E129/><V43/><F66/><W15/><G17/><T88/><D87/><U10/><E19/><V0/><F0/><W62/><G84/><T22/><D22/><U127/><E127/><V5/><F5/><W94/><G62/><T102/><AGARI ba="0,0" hai="74,75,88,90,91,98,102,104" m="29195,44137" machi="102" ten="40,12000,2" yaku="15,1,11,1,34,2,52,1,54,1" doraHai="97" who="0" fromWho="0" sc="276,120,135,-30,194,-30,395,-60" owari="396,49.0,105,-39.0,164,-24.0,335,14.0" /></mjloggm>