<mjloggm ver="2.3"><GO type="169" lobby="0"/><UN n0="%E9%BB%92%E7%8A%AC%40%E3%81%A6%E3%82%93%E3%81%BB%E3%83%BC" n1="%E5%B0%B1%E6%B4%BB%E7%94%9F%40%E5%B7%9D%E6%9D%91%E8%BB%8D%E5%9B%A3" n2="%67%6F%75%73%69" n3="%E3%82%AB%E3%83%84%E3%82%AA%E6%AD%A6%E5%A3%AB" dan="16,17,17,16" rate="2159.39,2171.48,2170.43,2065.66" sx="F,M,M,M"/><TAIKYOKU oya="0"/><INIT seed="0,0,0,2,4,32" ten="250,250,250,250" oya="0" hai0="8,64,35,47,63,49,88,54,68,58,94,110,52" hai1="89,3,102,75,37,111,36,85,81,105,115,101,95" hai2="130,41,29,61,18,25,108,15,9,45,16,24,10" hai3="22,100,117,53,21,71,93,128,92,83,50,11,113"/><T119/><D35/><U19/><E115/><V133/><F61/><W98/><G113/><T30/><D30/><U7/><E111/><V43/><F108/><W73/><G71/><T42/><D119/><U44/><E19/><V1/><F130/><W96/><G128/><T72/><D72/><U23/><E23/><V77/><F133/><W6/><G83/><T38/><D110/><U114/><E114/><V121/><F121/><W84/><G84/><T131/><D131/><U90/><E101/><V103/><F77/><W79/><G79/><T80/><D80/><U12/><E12/><V59/><F59/><W129/><G73/><T46/><D8/><N who="1" m="2175" /><E89/><V31/><F103/><W48/><G48/><T112/><D112/><U62/><E62/><V2/><F45/><W78/><G117/><T126/><D126/><U74/><E74/><V127/><REACH who="2" step="1"/><F15/><REACH who="2" ten="250,250,240,250" step="2"/><W17/><G78/><T97/><D54/><U91/><E44/><AGARI ba="0,1" hai="38,42,44,46,47,49,52,58,63,64,68,88,94,97" machi="44" ten="40,12000,1" yaku="24,2,54,2" doraHai="32" who="0" fromWho="1" sc="250,130,250,-120,240,0,250,0" /><INIT seed="0,1,0,4,2,6" ten="380,130,240,250" oya="0" hai0="30,66,52,121,79,63,39,56,54,82,9,128,13" hai1="130,45,51,126,106,43,37,122,95,80,91,49,14" hai2="23,64,20,69,7,99,29,42,46,111,104,35,16" hai3="47,118,62,115,33,73,103,127,114,86,8,90,102"/><T74/><D39/><U61/><E106/><V112/><F20/><W12/><G118/><T92/><D121/><U107/><E107/><V19/><F111/><W87/><G73/><T2/><D2/><U117/><E122/><V131/><F131/><W22/><G33/><T83/><D128/><U75/><E130/><V129/><F112/><W94/><G127/><T26/><D83/><U41/><E117/><V55/><F55/><W5/><G114/><T65/><D92/><U93/><E126/><V38/><F23/><W44/><G115/><T97/><D97/><U11/><E43/><V28/><F7/><W27/><G62/><T0/><D0/><U120/><E120/><V32/><F29/><W100/><REACH who="3" step="1"/><G86/><REACH who="3" ten="380,130,240,240" step="2"/><T84/><D74/><U34/><E34/><V113/><F35/><W110/><G110/><T96/><D96/><U57/><E75/><V3/><F113/><W78/><G78/><T50/><D30/><AGARI ba="1,1" hai="5,8,12,22,27,30,44,47,87,90,94,100,102,103" machi="30" ten="40,8000,1" yaku="1,1,8,1,52,1,53,1" doraHai="6" doraHaiUra="88" who="3" fromWho="0" sc="380,-83,130,0,240,0,240,93" /><INIT seed="1,0,0,1,0,46" ten="297,130,240,333" oya="1" hai0="94,106,53,51,116,9,110,59,135,82,81,132,90" hai1="99,126,124,120,5,24,61,104,92,117,33,96,36" hai2="133,15,8,19,78,28,2,13,115,14,118,121,17" hai3="74,63,83,95,119,93,105,85,86,129,65,52,68"/><U88/><E36/><V69/><F69/><W101/><G105/><T123/><D106/><U75/><E75/><V102/><F102/><W87/><G129/><T130/><D116/><U41/><E41/><V125/><F78/><W10/><G119/><T38/><D38/><U20/><E117/><V7/><F118/><W44/><G10/><T37/><D37/><U84/><E120/><V26/><F121/><W11/><G11/><T40/><D40/><U128/><E33/><V34/><F133/><N who="0" m="51274" /><D123/><U58/><E5/><V111/><F111/><W134/><G134/><T80/><D9/><U66/><E128/><V30/><F125/><N who="1" m="48233" /><E104/><V35/><F115/><W23/><G23/><T100/><D130/><U21/><E21/><V71/><F71/><W49/><G101/><T18/><D18/><AGARI ba="0,0" hai="18,20,24,58,61,66,84,88,92,96,99" m="48233" machi="18" ten="30,2900,0" yaku="18,1,54,1" doraHai="46" who="1" fromWho="0" sc="297,-29,130,29,240,0,333,0" /><INIT seed="1,1,0,4,0,128" ten="268,159,240,333" oya="1" hai0="0,118,21,65,6,59,85,43,77,18,82,79,131" hai1="132,90,70,113,75,45,47,39,76,29,106,115,116" hai2="130,14,89,12,109,66,33,61,17,50,22,68,80" hai3="28,44,51,57,135,103,114,41,8,11,101,100,121"/><U13/><E116/><V2/><F2/><W15/><G121/><T55/><D118/><U54/><E106/><V49/><F33/><W102/><G28/><T26/><D131/><U46/><E70/><V119/><F119/><W60/><G114/><T20/><D43/><U5/><E39/><V105/><F105/><W72/><G72/><T94/><D65/><U133/><E29/><V74/><F109/><W19/><G135/><N who="1" m="51786" /><E90/><V99/><F130/><W32/><G32/><T122/><D122/><U9/><E54/><V31/><F31/><W53/><G103/><T24/><D79/><U71/><E71/><V87/><F99/><W7/><G102/><T93/><D6/><U78/><E75/><V58/><F74/><W69/><G69/><T42/><D0/><AGARI ba="1,0" hai="0,7,8,11,15,19,41,44,51,53,57,60,100,101" machi="0" ten="30,1000,0" yaku="7,1" doraHai="128" who="3" fromWho="0" sc="268,-13,159,0,240,0,333,13" /><INIT seed="2,0,0,0,0,65" ten="255,159,240,346" oya="2" hai0="2,10,24,50,62,15,135,107,45,84,40,106,66" hai1="119,52,54,34,35,16,44,63,112,122,59,14,49" hai2="110,79,33,57,104,6,26,53,29,123,98,58,32" hai3="74,88,92,97,46,85,37,117,102,25,0,39,21"/><V7/><F123/><W64/><G0/><T38/><D2/><U55/><E119/><V73/><F33/><W83/><G46/><T8/><D135/><U131/><E122/><V77/><F110/><W124/><G124/><T105/><D24/><U71/><E112/><V82/><F77/><W76/><G64/><T134/><D134/><U13/><E131/><V68/><F58/><W28/><REACH who="3" step="1"/><G117/><REACH who="3" ten="255,159,240,336" step="2"/><T1/><D1/><U90/><E71/><V132/><F132/><W22/><G22/><T101/><D8/><U78/><E78/><V116/><F116/><W108/><G108/><T99/><D38/><U17/><E90/><V130/><F68/><W75/><G75/><T9/><D9/><U86/><E86/><V121/><F121/><W5/><G5/><T30/><D84/><U89/><E89/><V48/><F130/><W19/><G19/><T126/><D126/><U70/><E70/><V103/><AGARI ba="0,1" hai="6,7,26,29,32,48,53,57,73,79,82,98,103,104" machi="103" ten="30,1500,0" yaku="0,1" doraHai="65" who="2" fromWho="2" sc="255,-5,159,-5,240,25,336,-5" /><INIT seed="2,1,0,4,3,113" ten="250,154,265,331" oya="2" hai0="47,109,29,84,75,28,51,118,126,131,42,1,128" hai1="2,18,108,65,0,100,91,81,27,49,41,44,20" hai2="23,12,103,33,105,60,86,19,129,133,39,77,32" hai3="36,107,115,70,124,119,50,114,122,34,52,17,85"/><V16/><F39/><W130/><RYUUKYOKU type="yao9" ba="1,0" sc="250,0,154,0,265,0,331,0" hai3="17,34,36,50,52,70,85,107,114,115,119,122,124,130" /><INIT seed="2,2,0,1,4,67" ten="250,154,265,331" oya="2" hai0="5,85,132,124,135,112,33,64,89,57,75,1,8" hai1="59,133,49,66,29,123,91,14,121,30,26,70,122" hai2="56,34,77,58,88,110,24,134,65,52,74,44,53" hai3="99,25,97,13,0,41,63,107,114,115,128,62,55"/><V127/><F74/><W27/><G0/><T28/><D75/><U96/><E133/><N who="0" m="51273" /><D112/><N who="3" m="43049" /><G41/><T45/><D124/><U76/><E76/><V16/><F77/><W43/><G43/><T31/><D33/><U78/><E78/><V95/><F134/><W102/><G97/><T83/><D45/><U40/><E14/><V103/><F34/><W18/><G128/><T42/><D42/><U21/><E30/><V46/><F65/><W86/><G86/><T23/><D23/><U72/><E72/><V90/><F103/><W131/><G131/><T11/><D11/><U17/><E29/><V15/><F24/><N who="3" m="9291" /><G55/><N who="2" m="21065" /><F110/><W87/><G87/><T80/><D80/><U51/><E40/><V130/><F127/><W84/><G84/><T126/><D126/><U39/><E39/><V48/><F130/><W117/><G117/><T108/><D108/><U68/><E59/><N who="2" m="22571" /><F48/><N who="1" m="18505" /><E66/><V50/><F50/><W71/><G71/><N who="1" m="27178" /><E96/><N who="2" m="57447" /><F90/><AGARI ba="2,0" hai="17,21,26,90,91,121,122,123" m="27178,18505" machi="90" ten="40,8000,1" yaku="13,1,52,3" doraHai="67" who="1" fromWho="2" sc="250,0,154,86,265,-86,331,0" /><INIT seed="3,0,0,0,4,58" ten="250,240,179,331" oya="3" hai0="131,42,28,38,60,52,3,45,90,83,113,125,97" hai1="135,34,109,129,75,48,88,86,116,15,57,89,37" hai2="68,16,67,54,79,9,108,120,70,93,44,56,17" hai3="99,96,32,39,115,18,121,27,21,82,51,114,29"/><W4/><G39/><T92/><D3/><U19/><E75/><V33/><F33/><W55/><G4/><T78/><D113/><N who="3" m="43017" /><G82/><T41/><D41/><U128/><E37/><V134/><F120/><W31/><G121/><T81/><D131/><N who="1" m="50251" /><E34/><V50/><F134/><W59/><G29/><T23/><D125/><U107/><E107/><V124/><F108/><W62/><G51/><T111/><D111/><U24/><E109/><V40/><F124/><W110/><G110/><T65/><D78/><U119/><E135/><V71/><F79/><W69/><G69/><T11/><D11/><N who="1" m="6655" /><E24/><V35/><F35/><W66/><G66/><T117/><D117/><N who="1" m="45131" /><E86/><V49/><F9/><W104/><G104/><T10/><D10/><U13/><E13/><V25/><F25/><W126/><G126/><T72/><D72/><U63/><E48/><V118/><F118/><W132/><G132/><T127/><D127/><U6/><E6/><V100/><REACH who="2" step="1"/><F67/><AGARI ba="0,0" hai="57,63,67,88,89" m="45131,6655,50251" machi="67" ten="30,7700,0" yaku="19,1,12,1,52,1,54,1" doraHai="58" who="1" fromWho="2" sc="250,0,240,77,179,-77,331,0" /><INIT seed="4,0,0,5,1,0" ten="250,317,102,331" oya="0" hai0="64,58,97,23,109,59,49,104,119,61,126,32,53" hai1="26,34,55,92,131,118,78,94,128,19,100,72,122" hai2="25,8,46,84,2,5,82,22,129,95,50,99,120" hai3="106,68,7,116,47,63,67,91,74,48,79,111,30"/><T96/><D32/><U56/><E122/><V121/><F129/><N who="1" m="49737" /><E118/><V45/><F45/><W28/><G106/><T93/><D119/><U3/><E3/><V43/><F95/><W51/><G51/><T83/><D109/><U52/><E100/><V130/><F99/><W41/><G116/><T4/><D126/><U75/><E55/><V125/><F125/><W124/><G111/><T115/><D115/><U33/><E33/><V98/><F98/><W31/><G74/><N who="1" m="28202" /><E78/><V70/><F70/><W88/><G79/><T29/><D83/><U37/><E37/><V76/><REACH who="2" step="1"/><F130/><REACH who="2" ten="250,317,92,331" step="2"/><W1/><G124/><T102/><D97/><U54/><E94/><V16/><AGARI ba="0,1" hai="2,5,8,16,22,25,43,46,50,76,82,84,120,121" machi="16" ten="20,12000,2" yaku="1,1,2,1,0,1,7,1,52,1,54,1,53,0" doraHai="0" doraHaiUra="114" who="2" fromWho="2" sc="250,-60,317,-30,92,130,331,-30" /><INIT seed="5,0,0,1,0,63" ten="190,287,222,301" oya="1" hai0="111,55,65,32,125,110,73,22,72,61,122,30,119" hai1="126,108,105,62,9,16,27,99,87,60,35,59,77" hai2="47,98,41,43,5,34,7,54,48,123,71,85,33" hai3="51,91,74,10,26,4,3,20,102,0,6,100,37"/><U83/><E108/><V135/><F71/><W107/><G37/><T128/><D122/><U86/><E126/><V1/><F123/><W88/><G74/><T69/><D119/><U45/><E35/><V117/><F117/><W93/><G91/><T92/><D22/><U38/><E87/><V52/><F135/><W124/><G124/><T57/><D125/><U79/><E79/><V96/><F85/><W31/><G107/><T18/><D18/><U80/><E80/><V14/><F14/><W28/><G28/><T120/><D120/><U109/><E109/><V78/><F48/><W24/><G24/><T46/><D128/><U90/><E60/><V11/><F11/><W50/><G50/><T39/><D92/><N who="1" m="56727" /><E38/><V44/><REACH who="2" step="1"/><F78/><REACH who="2" ten="190,287,212,301" step="2"/><W131/><G51/><N who="0" m="30975" /><D110/><U84/><E86/><V23/><F23/><W115/><G131/><T64/><D111/><U12/><E84/><V36/><F36/><W112/><G3/><AGARI ba="0,1" hai="1,3,5,7,33,34,41,43,44,47,52,54,96,98" machi="3" ten="25,12000,2" yaku="1,1,22,2,54,1,53,2" doraHai="63" doraHaiUra="29" who="2" fromWho="3" sc="190,0,287,0,212,130,301,-120" /><INIT seed="6,0,0,4,5,8" ten="190,287,342,181" oya="2" hai0="127,103,59,82,72,73,54,128,85,102,75,121,65" hai1="39,80,98,5,124,94,4,131,36,81,87,113,78" hai2="111,79,29,17,26,123,77,18,126,22,104,93,76" hai3="132,68,71,115,110,44,37,112,40,38,63,58,9"/><V0/><F104/><W133/><G9/><T83/><D121/><U51/><E113/><N who="3" m="43594" /><G38/><T107/><D65/><U97/><E131/><V74/><F74/><W86/><G86/><T114/><D114/><U90/><E124/><V3/><F123/><W49/><G49/><T56/><D128/><U27/><E36/><V15/><F18/><W53/><G110/><T48/><D127/><U67/><E39/><V42/><F126/><W89/><G89/><T122/><D122/><U13/><E67/><V14/><F42/><W88/><G88/><T25/><D25/><U130/><E130/><V19/><F93/><W109/><G109/><T118/><D118/><U105/><E105/><V41/><F41/><W60/><G60/><T16/><D107/><U46/><E81/><V55/><F55/><W84/><G84/><T6/><D6/><U92/><E92/><V7/><F7/><W100/><G100/><T45/><D102/><U61/><E61/><V21/><REACH who="2" step="1"/><F111/><REACH who="2" ten="190,287,332,181" step="2"/><W116/><G116/><T23/><D103/><U117/><E4/><V32/><AGARI ba="0,1" hai="0,3,14,15,17,19,21,22,26,29,32,76,77,79" machi="32" ten="30,18000,2" yaku="1,1,2,1,0,1,9,1,52,2,53,0" doraHai="8" doraHaiUra="129" who="2" fromWho="2" sc="190,-60,287,-60,332,190,181,-60" /><INIT seed="6,1,0,1,2,23" ten="130,227,522,121" oya="2" hai0="59,55,114,38,127,99,130,135,35,78,24,39,46" hai1="32,12,63,15,13,72,87,126,75,81,53,74,28" hai2="122,83,79,44,27,132,14,49,64,67,106,119,120" hai3="92,91,25,57,129,3,109,68,8,30,22,42,105"/><V40/><F106/><W9/><G105/><T48/><D114/><U89/><E126/><V5/><F119/><W100/><G68/><T29/><D127/><U56/><E32/><V121/><F132/><W51/><G100/><T31/><D135/><U96/><E96/><V85/><REACH who="2" step="1"/><F27/><REACH who="2" ten="130,227,512,121" step="2"/><W70/><G129/><T101/><D130/><U21/><E28/><V34/><F34/><W108/><G108/><T112/><D31/><U41/><E41/><V102/><F102/><W107/><G107/><T86/><D101/><U47/><E47/><V69/><F69/><W17/><G70/><T103/><D103/><U125/><E125/><V16/><F16/><W134/><G134/><T37/><D46/><U62/><E21/><V117/><F117/><W20/><G42/><T94/><D29/><U19/><E19/><V76/><F76/><W52/><G109/><T33/><D78/><U90/><E90/><V45/><F45/><W18/><G30/><T7/><D33/><U123/><E123/><V10/><AGARI ba="1,1" hai="5,10,14,40,44,49,64,67,79,83,85,120,121,122" machi="10" ten="40,12000,1" yaku="1,1,0,1,25,2,53,1" doraHai="23" doraHaiUra="43" who="2" fromWho="2" sc="130,-41,227,-41,512,133,121,-41" /><INIT seed="6,2,0,3,5,127" ten="89,186,645,80" oya="2" hai0="8,110,9,108,3,114,91,119,41,19,33,123,120" hai1="16,104,106,48,131,25,88,61,99,27,94,76,29" hai2="102,53,80,66,42,4,93,115,96,56,23,83,55" hai3="24,39,22,122,133,44,135,11,40,14,47,79,130"/><V68/><F68/><W62/><G122/><N who="0" m="46635" /><D41/><U105/><E131/><V89/><F115/><W2/><G2/><T125/><D91/><U13/><E76/><V74/><F74/><W103/><G103/><T116/><D125/><U54/><E29/><V75/><F75/><W97/><G97/><T58/><D58/><U15/><E61/><V50/><F4/><W45/><G79/><T126/><D126/><U95/><E95/><V69/><F69/><W134/><G62/><T35/><D19/><U81/><E81/><V38/><F66/><W132/><N who="3" m="34304" /><DORA hai="67" /><W30/><REACH who="3" step="1"/><G130/><REACH who="3" ten="89,186,645,70" step="2"/><T18/><D3/><U21/><E104/><V20/><F102/><W118/><G118/><N who="0" m="45099" /><D18/><AGARI ba="2,1" hai="11,14,18,22,24,30,39,40,44,45,47" m="34304" machi="18" ten="70,8000,1" yaku="1,1,20,1,53,2" doraHai="127,67" doraHaiUra="26,17" who="3" fromWho="0" sc="89,-86,186,0,645,0,70,96" /><INIT seed="7,0,0,3,0,51" ten="3,186,645,166" oya="3" hai0="110,89,66,0,122,11,91,116,112,125,97,98,103" hai1="95,117,18,68,70,72,14,64,2,17,8,121,135" hai2="115,31,61,83,94,54,85,119,55,20,63,32,134" hai3="81,129,84,22,39,16,15,33,80,52,3,60,75"/><W86/><G33/><T59/><D122/><U88/><E121/><V120/><F32/><W93/><G3/><T79/><D116/><U53/><E72/><V41/><F119/><W6/><G6/><T87/><D0/><U74/><E74/><V101/><F120/><W90/><G75/><T118/><D118/><U107/><E107/><V5/><F115/><W104/><G104/><T132/><D112/><U40/><E40/><V124/><F41/><W82/><G39/><T48/><D11/><U28/><E135/><V67/><F124/><W26/><G15/><T27/><D27/><U102/><E2/><V1/><F134/><W96/><G129/><T62/><D132/><U13/><E102/><V30/><F63/><W57/><AGARI ba="0,0" hai="16,22,26,52,57,60,80,81,82,84,86,90,93,96" machi="57" ten="30,18000,2" yaku="0,1,25,2,8,1,52,1,54,2" doraHai="51" who="3" fromWho="3" sc="3,-60,186,-60,645,-60,166,180" owari="-57,-56.0,126,-27.0,585,68.0,346,15.0" /></mjloggm>