<mjloggm ver="2.3"><GO type="169" lobby="0"/><UN n0="%E6%93%8D" n1="%E5%AE%AE%E6%B0%B8%E7%85%A7%EF%BC%A0%E7%99%BD%E7%B3%B8%E5%8F%B0" n2="%E3%83%88%E3%83%88%E3%83%AA%E5%85%88%E7%94%9F%31%39%E6%AD%B3" n3="%66%75%6A%69%6D%75%72%61" dan="17,16,18,16" rate="2110.68,2074.21,2213.92,2157.71" sx="M,F,F,M"/><TAIKYOKU oya="0"/><INIT seed="0,0,0,5,4,85" ten="250,250,250,250" oya="0" hai0="103,50,97,101,100,86,29,55,88,59,128,36,33" hai1="48,65,96,89,10,84,32,69,11,58,120,20,28" hai2="125,76,41,75,121,0,87,64,112,99,68,108,44" hai3="70,119,42,130,72,22,56,30,95,66,114,67,40"/><T94/><D36/><U35/><E120/><V7/><F121/><W133/><G72/><T53/><D128/><U104/><E32/><V83/><F112/><W71/><G95/><T113/><D113/><U51/><E35/><V38/><F108/><W21/><G30/><T77/><D29/><U13/><E69/><V126/><F99/><W46/><G114/><T15/><D33/><U26/><E104/><V90/><F64/><W62/><G22/><T25/><D25/><U16/><E96/><V93/><REACH who="2" step="1"/><F68/><REACH who="2" ten="250,250,240,250" step="2"/><N who="3" m="26155" /><G130/><T12/><D55/><N who="1" m="32103" /><E65/><N who="3" m="24586" /><G21/><T4/><D4/><U19/><E51/><V8/><AGARI ba="0,1" hai="0,7,8,38,41,44,75,76,83,87,90,93,125,126" machi="8" ten="30,12000,2" yaku="1,1,0,1,25,2,52,1,53,1" doraHai="85" doraHaiUra="39" who="2" fromWho="2" sc="250,-60,250,-30,240,130,250,-30" /><INIT seed="1,0,0,1,1,67" ten="190,220,370,220" oya="1" hai0="80,48,64,13,120,53,38,50,29,28,27,61,70" hai1="20,102,11,124,82,17,1,71,26,31,111,96,41" hai2="79,65,73,6,92,57,78,45,110,125,43,122,12" hai3="88,117,30,132,68,130,4,113,74,40,87,134,10"/><U35/><E41/><V0/><F122/><W24/><G74/><T34/><D120/><U95/><E124/><V46/><F110/><W19/><G113/><T39/><D50/><U109/><E82/><V100/><F0/><W72/><G72/><T128/><D128/><U121/><E121/><V55/><F65/><W86/><G86/><T16/><D80/><U66/><E66/><V81/><F125/><W5/><G130/><T3/><D29/><U37/><E37/><V2/><F2/><W107/><G107/><T25/><D25/><U15/><REACH who="1" step="1"/><E71/><REACH who="1" ten="190,210,370,220" step="2"/><V94/><F43/><W97/><G68/><T63/><D3/><U47/><E47/><V23/><F45/><W36/><G40/><T49/><D63/><U131/><E131/><V106/><F46/><W60/><G36/><T85/><D49/><U69/><E69/><V7/><F81/><N who="3" m="49263" /><G60/><T32/><D39/><U21/><E21/><V101/><F23/><N who="3" m="15647" /><G117/><T114/><D38/><U84/><E84/><V104/><F73/><W103/><G97/><T123/><D85/><U76/><E76/><V75/><F75/><W105/><G105/><T127/><D127/><U22/><E22/><V118/><F118/><W93/><G93/><T126/><D126/><U52/><E52/><V56/><F55/><W129/><G129/><T18/><D123/><U58/><E58/><V9/><F104/><W112/><G112/><T83/><D114/><U98/><E98/><V99/><F99/><W89/><G103/><T59/><D34/><U119/><E119/><V54/><F106/><W44/><G44/><T133/><D83/><RYUUKYOKU ba="0,1" sc="190,-10,210,30,370,-10,220,-10" hai1="1,11,15,17,20,26,31,35,95,96,102,109,111" /><INIT seed="1,1,1,3,2,5" ten="180,240,360,210" oya="1" hai0="93,37,94,8,38,112,20,50,96,67,126,111,48" hai1="31,63,12,106,123,6,36,53,71,39,11,89,121" hai2="51,40,77,129,15,46,17,85,125,78,69,13,90" hai3="128,115,68,45,91,98,58,104,119,29,72,7,30"/><U18/><E106/><V56/><F69/><W135/><G68/><T35/><D35/><U134/><E134/><V21/><F129/><W1/><G104/><T130/><D67/><U24/><E89/><V74/><F74/><W95/><G72/><T122/><D130/><U92/><E92/><V2/><F2/><W43/><G115/><T62/><D62/><U3/><E53/><V64/><F125/><W117/><G135/><T84/><D84/><U79/><E79/><V52/><F13/><W10/><G58/><T105/><D105/><U82/><E82/><V114/><F64/><W59/><G59/><T87/><D87/><U73/><E73/><V23/><F23/><W16/><G16/><T25/><D126/><U116/><E116/><N who="3" m="44618" /><G128/><T27/><D96/><U97/><E97/><V28/><F28/><W33/><G33/><T133/><D133/><U86/><E86/><V0/><F0/><W75/><G75/><T131/><D131/><U54/><E39/><AGARI ba="1,1" hai="1,7,10,29,30,39,43,45,91,95,98" m="44618" machi="39" ten="30,2000,0" yaku="12,1,52,1" doraHai="5" who="3" fromWho="1" sc="180,0,240,-23,360,0,210,33" /><INIT seed="2,0,0,2,0,0" ten="180,217,360,243" oya="2" hai0="133,47,62,107,30,66,83,117,43,9,68,22,86" hai1="95,63,40,131,113,7,115,61,28,124,53,44,29" hai2="5,70,79,69,110,24,4,16,84,41,52,1,103" hai3="111,121,17,108,97,2,125,31,48,72,129,82,25"/><V126/><F1/><W119/><G48/><T99/><D133/><U100/><E131/><V11/><F41/><W67/><G67/><T26/><D117/><U106/><E124/><V88/><F126/><W37/><G97/><T35/><D22/><U96/><E113/><V57/><F79/><W33/><G82/><T54/><D54/><U50/><E115/><V116/><F116/><W65/><G65/><T120/><D120/><U46/><E106/><V114/><F114/><W42/><G17/><T130/><D130/><U19/><E19/><V75/><F75/><W102/><G102/><T56/><D56/><U55/><E7/><N who="2" m="2635" /><F70/><W91/><G91/><T3/><D3/><U13/><E13/><N who="2" m="7231" /><F69/><W15/><G15/><T78/><D9/><U89/><E40/><V74/><F74/><W38/><G72/><T104/><D99/><U10/><E10/><V122/><F122/><W34/><G119/><T87/><D87/><U132/><E132/><V77/><F77/><W45/><G121/><T81/><D81/><U21/><E29/><V76/><F76/><W80/><G125/><T8/><D8/><U123/><E123/><V14/><F24/><N who="3" m="18663" /><G2/><T105/><D105/><U49/><E100/><V94/><F103/><W32/><G129/><T39/><AGARI ba="0,0" hai="26,30,35,39,43,47,62,66,68,78,83,86,104,107" machi="39" ten="20,1500,0" yaku="0,1,7,1" doraHai="0" who="0" fromWho="0" sc="180,15,217,-4,360,-7,243,-4" /><INIT seed="3,0,0,2,4,38" ten="195,213,353,239" oya="3" hai0="18,41,42,50,49,112,19,99,135,106,67,130,105" hai1="56,114,45,85,66,43,55,57,21,22,53,14,120" hai2="9,1,78,37,118,65,97,132,87,69,113,71,121" hai3="31,46,47,4,93,29,101,94,12,124,108,44,61"/><W33/><G33/><T11/><D67/><U111/><E111/><V92/><F118/><W2/><G2/><T84/><D84/><U0/><E0/><V68/><F113/><W80/><G108/><T23/><D99/><U82/><E120/><V131/><F132/><W98/><G124/><T62/><D62/><U128/><E128/><V5/><F131/><W134/><G134/><T63/><D63/><U123/><E123/><V116/><F116/><W102/><G80/><T64/><D64/><U58/><E114/><V104/><F121/><W115/><G115/><T17/><D130/><U74/><E74/><V109/><F109/><W129/><G129/><T34/><D34/><U54/><E66/><V6/><F6/><W103/><G61/><T88/><D112/><U100/><E100/><V15/><F104/><W117/><G117/><T3/><D135/><U40/><E45/><V125/><F125/><W8/><G98/><T119/><D119/><U133/><E133/><V126/><F126/><W7/><G7/><T90/><D23/><N who="1" m="8715" /><E14/><V79/><F1/><W51/><G51/><N who="0" m="19467" /><D11/><U107/><E107/><N who="0" m="40969" /><D3/><U110/><E110/><V32/><F32/><W35/><G35/><T26/><D26/><U81/><E85/><V24/><F87/><W39/><G39/><T77/><D77/><N who="2" m="29194" /><F24/><W48/><G48/><T30/><D30/><AGARI ba="0,0" hai="4,8,12,29,30,31,44,46,47,93,94,101,102,103" machi="30" ten="40,2000,0" yaku="8,1" doraHai="38" who="3" fromWho="0" sc="195,-20,213,0,353,0,239,20" /><INIT seed="3,1,0,4,0,58" ten="175,213,353,259" oya="3" hai0="129,128,47,46,89,60,80,5,67,132,61,9,18" hai1="125,30,133,37,6,13,38,112,17,103,51,65,8" hai2="0,7,108,25,96,23,41,92,113,134,40,94,97" hai3="62,119,48,90,124,121,54,95,3,117,29,120,1"/><W76/><G76/><T44/><D18/><U10/><E112/><V87/><F113/><W45/><G29/><T27/><D27/><U116/><E116/><N who="3" m="44618" /><G95/><T85/><D67/><U20/><E133/><V21/><F134/><W114/><G90/><T102/><D102/><U16/><E125/><V14/><F0/><W4/><G4/><T55/><D55/><U42/><E65/><V32/><F32/><W106/><G106/><T110/><D132/><U100/><E37/><V81/><F108/><W43/><G3/><T127/><D110/><U104/><E38/><V105/><F105/><W64/><G1/><N who="0" m="175" /><D127/><U15/><E104/><V93/><F7/><W2/><G2/><T75/><D75/><U72/><E72/><V36/><F14/><W35/><G35/><T34/><D34/><U52/><E42/><N who="2" m="16491" /><F36/><N who="3" m="21735" /><G124/><T73/><D73/><U130/><E30/><N who="2" m="17711" /><F23/><W26/><G26/><T77/><D77/><AGARI ba="1,0" hai="77,81,87,92,93,94,96,97" m="17711,16491" machi="77" ten="30,1000,0" yaku="8,1" doraHai="58" who="2" fromWho="0" sc="175,-13,213,0,353,13,259,0" /><INIT seed="4,0,0,3,5,127" ten="162,213,366,259" oya="0" hai0="56,85,90,129,52,133,41,104,21,45,80,77,71" hai1="132,20,73,25,22,64,78,43,47,112,72,79,126" hai2="8,4,19,34,7,88,84,57,6,114,75,2,55" hai3="17,98,44,50,0,69,108,13,46,125,128,92,117"/><T70/><D104/><U38/><E132/><V124/><F124/><W94/><G69/><T93/><D133/><U48/><E126/><V83/><F114/><W15/><G0/><T95/><D129/><U74/><E112/><V109/><F109/><W29/><G108/><T11/><D95/><U54/><E64/><V61/><F34/><W36/><G36/><T96/><D21/><U82/><E79/><V121/><F121/><W67/><G67/><T86/><D11/><U63/><E63/><V9/><F75/><W113/><G29/><T53/><D86/><U120/><E120/><V111/><F111/><W39/><G39/><T116/><D116/><U110/><E110/><V91/><F91/><W3/><G3/><T27/><D27/><U115/><E115/><V32/><F32/><W24/><G113/><T37/><REACH who="0" step="1"/><D53/><REACH who="0" ten="152,213,366,259" step="2"/><U49/><E22/><V68/><F8/><W5/><G117/><T106/><D106/><U12/><E73/><V59/><F55/><W87/><G24/><T66/><D66/><U122/><E74/><V16/><F9/><W107/><G107/><T58/><D58/><N who="2" m="22026" /><F2/><W23/><G125/><T103/><D103/><U119/><E119/><V131/><F131/><W28/><G128/><T81/><D81/><U105/><E105/><V76/><F68/><W123/><G123/><T60/><AGARI ba="0,1" hai="37,41,45,52,56,60,70,71,77,80,85,90,93,96" machi="60" ten="20,7800,0" yaku="1,1,0,1,7,1,54,1,53,0" doraHai="127" doraHaiUra="31" who="0" fromWho="0" sc="152,88,213,-26,366,-26,259,-26" /><INIT seed="4,1,0,3,5,90" ten="240,187,340,233" oya="0" hai0="50,18,39,24,117,17,76,63,46,37,98,110,65" hai1="101,116,15,31,125,27,122,109,62,20,67,22,54" hai2="47,74,104,106,100,79,94,96,108,128,126,99,73" hai3="124,41,81,92,7,105,114,132,103,9,58,60,112"/><T72/><D117/><U127/><E122/><V4/><F4/><W23/><G41/><T123/><D123/><U80/><E116/><V91/><F47/><W14/><G132/><T25/><D110/><U111/><E80/><N who="2" m="45175" /><F73/><W133/><G81/><T10/><D76/><U134/><E54/><V86/><F108/><N who="1" m="41545" /><E101/><N who="2" m="62527" /><F128/><W68/><G124/><AGARI ba="1,0" hai="86,91,94,96,100,106,124,126" m="62527,45175" machi="124" ten="30,7700,0" yaku="24,1,34,2,52,1" doraHai="90" who="2" fromWho="3" sc="240,0,187,0,340,80,233,-80" /><INIT seed="5,0,0,5,3,13" ten="240,187,420,153" oya="1" hai0="119,3,103,98,117,126,47,53,50,115,36,95,2" hai1="130,0,92,39,16,133,41,107,58,120,29,40,46" hai2="19,69,129,71,93,108,27,21,1,8,111,106,45" hai3="22,52,97,109,44,118,15,83,91,28,74,33,99"/><U24/><E120/><V62/><F106/><W81/><G109/><T125/><D36/><U37/><E107/><V23/><F129/><W104/><G118/><N who="0" m="45067" /><D115/><U20/><E0/><V78/><F78/><W96/><G104/><T5/><D5/><U123/><E123/><V87/><F1/><W49/><G33/><T76/><D76/><U121/><E121/><V73/><F73/><W61/><G74/><T48/><D50/><U10/><E133/><V94/><F8/><W42/><G91/><T110/><D110/><U82/><E130/><V32/><F32/><W127/><G127/><AGARI ba="0,0" hai="2,3,47,48,53,95,98,103,125,126,127" m="45067" machi="127" ten="30,1000,0" yaku="18,1" doraHai="13" who="0" fromWho="3" sc="240,10,187,0,420,0,153,-10" /><INIT seed="6,0,0,0,3,10" ten="250,187,420,143" oya="2" hai0="50,57,133,103,101,65,34,67,17,123,128,24,66" hai1="14,53,77,68,108,72,129,91,12,132,43,44,25" hai2="42,56,60,59,98,73,29,82,79,13,16,96,7" hai3="58,31,39,110,20,64,113,102,115,62,0,71,114"/><V85/><F7/><W26/><G0/><T97/><D123/><U116/><E108/><V52/><F73/><W81/><G110/><T4/><D133/><U37/><E116/><V109/><F109/><W8/><G39/><T78/><D78/><U124/><E68/><V11/><F42/><W23/><G23/><T1/><D128/><U89/><E53/><N who="2" m="33807" /><F29/><W41/><G41/><T38/><D38/><U88/><E124/><V75/><F75/><W130/><G130/><T69/><D4/><U104/><E104/><V40/><F40/><W135/><G135/><T55/><D1/><U35/><E129/><V6/><F6/><W48/><G8/><T122/><D122/><U3/><E3/><V87/><F87/><W120/><G120/><T49/><D34/><U63/><E63/><AGARI ba="0,0" hai="11,13,16,52,59,63,79,82,85,96,98" m="33807" machi="63" ten="30,11600,0" yaku="8,1,52,1,54,2" doraHai="10" who="2" fromWho="1" sc="250,0,187,-116,420,116,143,0" /><INIT seed="6,1,0,2,4,44" ten="250,71,536,143" oya="2" hai0="31,48,1,99,79,49,102,39,85,40,109,98,130" hai1="55,127,19,80,131,53,104,14,0,106,58,126,59" hai2="66,62,132,46,37,128,111,73,28,41,101,9,42" hai3="3,18,107,113,5,135,69,27,88,29,8,64,23"/><V103/><F73/><W45/><G107/><T25/><D1/><U86/><E0/><V30/><F128/><W68/><G135/><T12/><D109/><U97/><E131/><V129/><F129/><W15/><G64/><T7/><D39/><U72/><E72/><V123/><F123/><W75/><G113/><T61/><D61/><U116/><E116/><V83/><F132/><W114/><G75/><T50/><D40/><U133/><E133/><V121/><F121/><W60/><G114/><T96/><D130/><U134/><E134/><V43/><F111/><W67/><G45/><T54/><D54/><U56/><E97/><V36/><F36/><W118/><G118/><T63/><D63/><U117/><E117/><V52/><F83/><W115/><G115/><T81/><D12/><U87/><E14/><V78/><F78/><W92/><G60/><T57/><D57/><U35/><E35/><V74/><F74/><W119/><G119/><T33/><REACH who="0" step="1"/><D7/><REACH who="0" ten="240,71,536,143" step="2"/><U94/><E19/><V21/><F37/><W90/><G67/><T11/><D11/><U120/><E120/><V13/><F9/><W91/><REACH who="3" step="1"/><G92/><AGARI ba="1,1" hai="25,31,33,48,49,50,79,81,85,92,96,98,99,102" machi="92" ten="40,8000,1" yaku="1,1,52,3,53,0" doraHai="44" doraHaiUra="38" who="0" fromWho="3" sc="240,93,71,0,536,0,143,-83" /><INIT seed="7,0,0,5,1,120" ten="333,71,536,60" oya="3" hai0="14,45,116,70,74,10,30,31,113,100,35,52,5" hai1="49,103,56,82,114,17,77,13,115,27,29,71,15" hai2="41,22,69,128,104,43,33,59,121,38,80,68,53" hai3="91,92,132,24,62,67,16,54,98,9,123,42,94"/><W79/><G132/><T32/><D70/><U36/><E36/><V135/><F33/><W126/><G126/><T39/><D74/><N who="1" m="43319" /><E71/><V0/><F128/><W23/><G123/><T46/><D116/><U25/><E103/><V64/><F135/><W4/><G42/><T102/><D39/><U118/><E118/><V127/><F104/><W51/><G79/><T3/><D3/><U133/><E133/><V8/><F69/><W72/><G72/><T89/><D89/><U81/><E81/><V87/><F127/><W40/><G40/><T106/><D106/><U61/><E49/><V101/><F0/><W6/><G9/><T66/><D66/><N who="1" m="39207" /><E17/><V99/><F41/><W1/><G1/><T37/><D37/><U26/><E29/><V2/><F8/><W130/><G130/><T86/><D86/><U7/><E7/><V111/><F2/><W93/><G67/><T83/><D83/><U63/><E63/><V48/><F43/><W57/><G51/><T20/><D35/><U76/><E76/><V21/><F38/><W55/><G55/><T47/><D32/><U85/><E85/><V28/><F64/><W65/><G65/><T119/><D119/><U75/><E75/><V108/><F68/><W60/><G60/><T105/><D105/><U34/><E34/><V117/><F121/><W122/><G122/><T73/><D73/><U124/><E124/><V18/><F117/><W78/><G78/><T84/><D52/><U109/><E109/><V11/><F108/><W44/><G44/><T95/><D47/><U58/><E58/><V112/><F59/><RYUUKYOKU ba="0,0" sc="333,-15,71,15,536,-15,60,15" hai1="13,15,25,26,27,114,115" hai3="4,6,16,23,24,54,57,62,91,92,93,94,98" /><INIT seed="7,1,0,0,1,105" ten="318,86,521,75" oya="3" hai0="2,0,57,106,89,85,10,37,81,90,45,11,21" hai1="125,55,100,102,101,52,29,51,122,15,104,3,97" hai2="115,34,124,79,53,64,42,71,26,50,94,40,49" hai3="121,96,118,69,9,98,46,126,68,24,112,6,73"/><W25/><G118/><T17/><D106/><U109/><E109/><V123/><F115/><W103/><G121/><T56/><D37/><U54/><E3/><V128/><F124/><W117/><G117/><T111/><D45/><U87/><E125/><V99/><F128/><W44/><G126/><T116/><D116/><U133/><E133/><V12/><F50/><W30/><G112/><T28/><D28/><U61/><E122/><V31/><F79/><W5/><G30/><T95/><D2/><U113/><E113/><V13/><F13/><W91/><G103/><T92/><D81/><U8/><E87/><V83/><F83/><W43/><G9/><T39/><D39/><U41/><E61/><V14/><F14/><W20/><G20/><T63/><D57/><U131/><E131/><V74/><F12/><W22/><G22/><T84/><D0/><U4/><E29/><V82/><F64/><W132/><G132/><T120/><D120/><U47/><AGARI ba="1,0" hai="4,8,15,41,47,51,52,54,55,97,100,101,102,104" machi="47" ten="30,2000,0" yaku="0,1,54,1" doraHai="105" who="1" fromWho="1" sc="318,-6,86,23,521,-6,75,-11" owari="312,11.0,109,-29.0,515,62.0,64,-44.0" /></mjloggm>