<mjloggm ver="2.3"><GO type="169" lobby="0"/><UN n0="%4C%53%E9%99%BD" n1="%E3%82%A6%E3%83%AB%E3%83%88%E3%83%A9%E7%AB%8B%E7%9B%B4" n2="%E3%82%BF%E3%82%B1%E3%82%AA%E3%81%97%E3%82%83%E3%82%93" n3="%E6%9A%97%E3%81%84%E7%AC%A6" dan="16,17,19,16" rate="2072.66,2235.02,2232.57,2103.46" sx="M,M,M,M"/><TAIKYOKU oya="0"/><INIT seed="0,0,0,1,4,96" ten="250,250,250,250" oya="0" hai0="38,6,20,48,43,16,121,83,46,5,37,54,134" hai1="99,112,102,117,78,68,19,94,101,9,70,90,132" hai2="1,129,49,106,47,128,52,4,28,64,66,35,125" hai3="109,91,88,8,100,31,55,126,110,108,17,97,115"/><T87/><D121/><U104/><E117/><V21/><F35/><W50/><G31/><T74/><D74/><U98/><E132/><V86/><F106/><W89/><G115/><T133/><D133/><U76/><E112/><V73/><F73/><W82/><G126/><T15/><D38/><U39/><E39/><V119/><F125/><W62/><G62/><T59/><REACH who="0" step="1"/><D134/><REACH who="0" ten="240,250,250,250" step="2"/><U51/><E68/><V105/><F119/><W11/><G82/><T25/><D25/><U10/><E70/><V71/><F71/><W116/><G116/><T61/><D61/><U0/><E51/><V81/><F128/><W22/><G50/><T63/><D63/><U53/><E104/><V77/><F105/><N who="3" m="63631" /><G55/><T45/><D45/><U41/><E53/><V12/><F129/><W23/><G23/><T13/><D13/><AGARI ba="0,1" hai="8,11,13,17,22,88,89,91,108,109,110" m="63631" machi="13" ten="40,5200,0" yaku="14,1,52,1,54,1" doraHai="96" who="3" fromWho="0" sc="240,-52,250,0,250,0,250,62" /><INIT seed="1,0,0,5,0,80" ten="188,250,250,312" oya="1" hai0="133,108,76,73,114,130,112,48,49,115,26,65,110" hai1="68,94,97,81,10,83,30,19,2,36,61,50,72" hai2="119,7,104,134,20,78,89,3,13,131,122,14,82" hai3="32,12,101,15,84,60,102,109,95,34,98,52,22"/><U46/><E30/><V39/><F119/><W66/><G109/><N who="0" m="42091" /><D65/><U120/><E120/><V74/><F122/><W90/><G102/><T100/><D26/><U125/><E125/><V29/><F104/><W43/><G43/><T6/><D6/><U56/><E68/><V42/><F131/><W53/><G34/><T41/><D41/><U35/><E72/><V69/><F69/><W124/><G32/><T16/><D130/><U128/><E36/><V121/><F89/><W18/><G124/><T17/><D100/><U24/><E128/><V31/><F121/><W96/><G96/><T79/><D133/><U117/><E117/><V132/><F29/><W64/><G12/><N who="2" m="4713" /><F20/><W8/><G8/><T21/><D21/><N who="1" m="13375" /><E10/><N who="2" m="2431" /><F31/><W28/><G28/><T47/><D73/><U111/><E35/><V67/><F67/><N who="3" m="25643" /><G60/><T51/><D47/><AGARI ba="0,0" hai="39,42,47,74,78,82,132,134" m="2431,4713" machi="47" ten="30,1000,0" yaku="25,1" doraHai="80" who="2" fromWho="0" sc="188,-10,250,0,250,10,312,0" /><INIT seed="2,0,0,0,5,124" ten="178,250,260,312" oya="2" hai0="39,35,86,5,6,47,107,130,8,10,22,120,59" hai1="112,118,75,72,54,2,84,16,129,7,32,125,70" hai2="69,88,110,85,94,9,42,78,116,0,101,103,41" hai3="63,80,48,45,62,51,31,23,11,60,77,61,74"/><V82/><F69/><W68/><G11/><T33/><D107/><U25/><E70/><V97/><F116/><W123/><G123/><T29/><D120/><U79/><E112/><V18/><F110/><W46/><G68/><T50/><D59/><U56/><E118/><V135/><F135/><W106/><G106/><T98/><D39/><U15/><E84/><V96/><F0/><W40/><G31/><T34/><D86/><U24/><E79/><V53/><F53/><W67/><G23/><T14/><D98/><U134/><E25/><V17/><F78/><W30/><G30/><T132/><D50/><U108/><E108/><V95/><REACH who="2" step="1"/><F9/><REACH who="2" ten="178,250,250,312" step="2"/><W73/><G67/><T76/><D76/><U105/><E54/><V113/><F113/><W92/><G77/><T1/><D132/><U4/><E2/><V20/><F20/><W81/><G74/><T100/><D22/><U37/><E72/><V58/><F58/><W133/><G73/><T44/><D10/><U71/><E56/><V115/><F115/><W38/><G133/><T114/><D114/><U128/><E71/><V122/><F122/><W131/><G46/><T21/><D47/><U87/><E75/><V52/><F52/><W66/><G45/><T91/><D44/><U26/><E134/><V126/><F126/><W12/><G40/><AGARI ba="0,1" hai="17,18,40,41,42,82,85,88,94,95,96,97,101,103" machi="40" ten="40,12000,1" yaku="1,1,9,1,8,1,54,1,53,0" doraHai="124" doraHaiUra="109" who="2" fromWho="3" sc="178,0,250,0,250,130,312,-120" /><INIT seed="2,1,0,5,0,12" ten="178,250,380,192" oya="2" hai0="105,110,83,48,104,33,9,86,53,107,41,52,87" hai1="43,21,72,114,117,63,130,0,88,40,62,17,128" hai2="69,102,10,111,6,100,134,11,35,31,131,47,60" hai3="91,50,123,94,34,125,4,119,99,46,7,5,108"/><V49/><F131/><N who="1" m="50217" /><E0/><V22/><F35/><W57/><G34/><T32/><D110/><U120/><E72/><V58/><F69/><W70/><G70/><T116/><D116/><U13/><E114/><V1/><F11/><W122/><G119/><T44/><D9/><U109/><E109/><V78/><F78/><W85/><G108/><T15/><D15/><U82/><E117/><V90/><F90/><W133/><G125/><T124/><D124/><U37/><E37/><V98/><F134/><W89/><G133/><T38/><D86/><N who="1" m="50263" /><E120/><V76/><F76/><W80/><REACH who="3" step="1"/><G57/><REACH who="3" ten="178,250,380,182" step="2"/><T96/><D33/><U24/><E43/><AGARI ba="1,1" hai="4,5,7,43,46,50,80,85,89,91,94,99,122,123" machi="43" ten="40,2600,0" yaku="1,1,2,1,53,0" doraHai="12" doraHaiUra="132" who="3" fromWho="1" sc="178,0,250,-29,380,0,182,39" /><INIT seed="3,0,0,3,1,59" ten="178,221,380,221" oya="3" hai0="109,43,11,19,58,72,115,57,46,12,21,31,62" hai1="118,127,112,65,94,82,6,87,128,33,99,113,121" hai2="8,84,42,86,1,134,60,37,92,105,103,32,117" hai3="44,78,116,66,126,7,88,22,4,98,80,0,111"/><W68/><G0/><T110/><D72/><U123/><E33/><V63/><F32/><W97/><G116/><T101/><D101/><U71/><E6/><V135/><F117/><W48/><G126/><T96/><D96/><U79/><E65/><V51/><F37/><W73/><G22/><T38/><D115/><U91/><E71/><V27/><F27/><W120/><G98/><T102/><D102/><U83/><E118/><V2/><F105/><W26/><G26/><T132/><D132/><N who="2" m="50730" /><F103/><W20/><G20/><T28/><D58/><U41/><E41/><V47/><F2/><W122/><G4/><T106/><D106/><U67/><E67/><V77/><F92/><W107/><G7/><T9/><D9/><U25/><E25/><V50/><F8/><W10/><G10/><T15/><D15/><U131/><E83/><N who="2" m="47215" /><F86/><W45/><G107/><T93/><D93/><U24/><E24/><V114/><F114/><N who="1" m="44137" /><E127/><V85/><F85/><W23/><G23/><T125/><D21/><U49/><E49/><N who="2" m="26871" /><F1/><W76/><G76/><T53/><REACH who="0" step="1"/><D125/><REACH who="0" ten="168,221,380,221" step="2"/><U64/><E64/><V18/><F18/><W74/><G74/><T61/><D61/><AGARI ba="0,1" hai="50,51,60,61,63" m="26871,47215,50730" machi="61" ten="30,7700,0" yaku="20,1,52,3" doraHai="59" who="2" fromWho="0" sc="168,-77,221,0,380,87,221,0" /><INIT seed="4,0,0,4,2,32" ten="91,221,467,221" oya="0" hai0="52,12,117,88,108,2,99,110,114,92,134,107,24" hai1="71,119,21,4,60,54,26,121,36,47,98,104,50" hai2="126,68,46,109,66,115,43,20,87,130,15,84,37" hai3="97,127,58,102,29,31,34,128,105,85,35,39,16"/><T18/><D117/><U116/><E121/><V73/><F73/><W59/><G39/><T1/><D134/><U23/><E36/><V64/><F109/><N who="0" m="42090" /><D114/><U38/><E38/><V106/><F106/><W79/><G79/><T6/><D107/><U74/><E74/><V30/><F84/><W57/><G85/><T44/><D24/><U80/><E80/><V67/><F115/><W70/><G70/><T51/><D6/><U133/><E133/><V63/><F30/><W55/><G34/><T95/><D92/><U131/><E131/><V129/><F87/><W135/><G128/><N who="2" m="49257" /><F126/><W120/><G127/><T65/><D65/><N who="2" m="25194" /><F20/><AGARI ba="0,0" hai="1,2,12,18,20,44,51,52,88,95,99" m="42090" machi="20" ten="30,12000,1" yaku="10,1,52,2,54,2" doraHai="32" who="0" fromWho="2" sc="91,120,221,0,467,-120,221,0" /><INIT seed="4,1,0,1,4,53" ten="211,221,347,221" oya="0" hai0="96,5,27,98,80,19,76,67,106,21,60,16,112" hai1="66,1,44,38,2,128,52,54,102,42,63,61,35" hai2="107,17,56,45,97,8,51,57,133,88,116,29,83" hai3="130,59,104,74,40,110,78,72,37,94,23,41,124"/><T109/><D112/><U118/><E35/><V93/><F133/><W26/><G104/><T111/><D5/><U92/><E118/><V39/><F39/><W134/><G110/><N who="0" m="41995" /><D19/><U33/><E33/><V10/><F107/><W132/><G37/><T11/><D11/><N who="2" m="4138" /><F116/><W4/><G4/><T48/><D48/><U123/><E123/><V113/><F113/><W0/><G0/><T75/><D106/><U14/><E14/><V12/><F83/><W131/><G94/><T65/><D65/><U91/><E102/><V47/><F29/><W32/><G32/><T117/><D117/><U95/><E95/><V87/><F97/><W24/><G23/><T77/><D76/><U68/><E128/><V6/><F6/><W49/><G78/><T81/><D81/><U121/><E121/><V129/><F129/><W89/><G49/><T82/><D82/><U119/><E119/><V28/><F28/><W127/><REACH who="3" step="1"/><G89/><REACH who="3" ten="211,221,347,211" step="2"/><T30/><D30/><U125/><E1/><V101/><F101/><W55/><G55/><T122/><D122/><U70/><E2/><V64/><F64/><W73/><G73/><T46/><D46/><N who="2" m="17418" /><F51/><W100/><G100/><T15/><D27/><U86/><E66/><V58/><F56/><AGARI ba="1,1" hai="24,26,40,41,56,59,72,74,124,127,130,131,132,134" machi="56" ten="25,8000,1" yaku="1,1,22,2,52,2,53,0" doraHai="53" doraHaiUra="84" who="3" fromWho="2" sc="211,0,221,0,347,-83,211,93" /><AGARI ba="1,0" hai="15,16,21,56,60,67,75,77,80,96,98" m="41995" machi="56" ten="30,5800,0" yaku="10,1,52,1,54,1" doraHai="53" who="0" fromWho="2" sc="211,58,221,0,264,-58,304,0" /><INIT seed="4,2,0,0,2,107" ten="269,221,206,304" oya="0" hai0="111,114,56,89,53,133,46,1,22,2,76,101,91" hai1="87,105,21,47,125,134,49,120,100,37,99,121,18" hai2="81,34,83,23,61,60,10,90,79,130,112,35,48" hai3="45,7,33,52,59,55,127,57,98,20,6,96,115"/><T5/><D101/><U103/><E37/><V14/><F130/><W19/><G33/><T27/><D46/><U69/><E69/><V110/><F110/><W51/><G127/><T97/><D111/><U94/><E125/><V117/><F112/><W70/><G70/><T24/><D24/><U8/><E134/><V44/><F23/><W93/><G115/><T118/><D118/><U82/><E100/><V62/><F90/><N who="3" m="55351" /><G98/><T32/><D32/><U67/><E67/><V58/><F81/><W106/><G106/><T68/><D68/><U102/><E102/><V36/><F36/><W113/><G113/><T80/><D114/><U39/><E8/><V17/><F117/><W50/><G45/><T28/><D133/><U41/><E39/><V108/><F108/><W3/><G3/><T4/><D1/><U11/><E11/><V0/><F0/><W116/><G116/><T29/><D29/><U126/><E126/><V72/><REACH who="2" step="1"/><F58/><REACH who="2" ten="269,221,196,304" step="2"/><W123/><G123/><T71/><D2/><U63/><E105/><V119/><F119/><W124/><G124/><T86/><D71/><U30/><E121/><V78/><F78/><W40/><G20/><T75/><D89/><N who="1" m="51447" /><E120/><V88/><F88/><W131/><G131/><T73/><D97/><U129/><E129/><V42/><AGARI ba="2,1" hai="10,14,17,34,35,42,44,48,60,61,62,72,79,83" machi="42" ten="30,7900,0" yaku="1,1,0,1,52,1,53,1" doraHai="107" doraHaiUra="74" who="2" fromWho="2" sc="269,-41,221,-22,196,95,304,-22" /><INIT seed="5,0,0,5,3,87" ten="228,199,291,282" oya="1" hai0="101,46,113,103,85,59,45,47,74,81,124,37,0" hai1="33,65,5,125,57,10,64,95,44,48,11,97,122" hai2="61,58,123,25,116,38,92,112,22,12,129,20,114" hai3="130,100,78,36,135,118,43,21,68,53,67,2,55"/><U105/><E122/><V84/><F38/><W70/><G2/><T40/><D113/><N who="2" m="43626" /><F129/><W50/><G78/><T32/><D32/><U107/><E33/><V66/><F116/><W131/><G100/><T82/><D124/><U51/><E125/><V8/><F123/><W63/><G21/><T110/><D110/><U34/><E34/><V132/><F132/><W35/><G35/><T4/><D81/><U52/><E107/><V29/><F22/><W30/><G30/><T111/><D111/><U88/><E105/><V13/><F8/><N who="1" m="3113" /><E5/><V91/><AGARI ba="0,0" hai="12,13,20,25,29,58,61,66,84,91,92" m="43626" machi="91" ten="30,4000,0" yaku="15,1,11,1,52,1" doraHai="87" who="2" fromWho="2" sc="228,-10,199,-20,291,40,282,-10" /><INIT seed="6,0,0,0,0,100" ten="218,179,331,272" oya="2" hai0="64,81,116,46,56,126,21,73,25,125,9,60,105" hai1="22,91,65,124,99,30,12,52,77,109,19,45,35" hai2="51,37,67,28,53,33,7,131,104,11,34,69,29" hai3="54,128,58,20,6,50,121,132,66,92,120,133,1"/><V110/><F37/><W27/><G6/><T59/><D116/><U38/><E109/><V13/><F131/><W15/><G15/><T96/><D9/><U70/><E124/><N who="0" m="47721" /><D46/><U40/><E77/><V39/><F39/><W14/><G14/><T135/><D135/><N who="3" m="51785" /><G1/><T24/><D59/><U41/><E41/><V31/><F110/><W113/><G128/><T122/><D122/><U117/><E117/><V123/><F123/><W44/><G92/><T85/><D73/><U82/><E65/><V112/><F67/><W76/><G76/><N who="0" m="46247" /><D21/><U134/><E70/><V80/><F69/><W98/><G98/><T75/><D75/><U23/><E134/><V119/><F80/><W106/><G113/><T63/><D63/><U47/><E99/><V2/><F112/><W36/><G36/><T111/><D111/><U102/><E102/><AGARI ba="0,0" hai="24,25,56,60,64,96,102,105" m="46247,47721" machi="102" ten="30,2000,0" yaku="18,1,52,1" doraHai="100" who="0" fromWho="1" sc="218,20,179,-20,331,0,272,0" /><INIT seed="7,0,0,2,5,106" ten="238,159,331,272" oya="3" hai0="43,26,81,117,29,14,20,52,90,55,111,5,72" hai1="77,48,86,66,75,110,64,82,71,50,18,113,124" hai2="27,36,51,15,103,38,41,118,105,94,2,61,133" hai3="129,85,19,25,127,46,30,28,39,109,108,24,8"/><W0/><G85/><N who="0" m="50479" /><D72/><U76/><E110/><N who="3" m="42602" /><G46/><T12/><D111/><U3/><E3/><V116/><F41/><W132/><G39/><T87/><D117/><U58/><E113/><V102/><F38/><W104/><G104/><T84/><D43/><U91/><E124/><V65/><F105/><W88/><G88/><T125/><D125/><U115/><E115/><V7/><F103/><W17/><G127/><T130/><D130/><U47/><E71/><V99/><F36/><W79/><G79/><T73/><D73/><U123/><E123/><V40/><F40/><W4/><G129/><T70/><D70/><U44/><E18/><N who="3" m="6666" /><G132/><T6/><D87/><U78/><E75/><V31/><F133/><W68/><G68/><T45/><D84/><U16/><E16/><V101/><F101/><W98/><G98/><T60/><D14/><U49/><REACH who="1" step="1"/><E58/><REACH who="1" ten="238,149,331,272" step="2"/><N who="2" m="37047" /><F118/><W57/><G57/><N who="0" m="34879" /><D12/><U83/><E83/><V62/><F15/><W89/><G89/><T56/><D45/><AGARI ba="0,1" hai="44,45,47,48,49,50,64,66,76,77,78,82,86,91" machi="45" ten="40,2600,0" yaku="1,1,8,1,53,0" doraHai="106" doraHaiUra="21" who="1" fromWho="0" sc="238,-26,149,36,331,0,272,0" owari="212,-19.0,185,-31.0,331,43.0,272,7.0" /></mjloggm>