<mjloggm ver="2.3"><GO type="169" lobby="0"/><UN n0="%E4%BB%A3%E6%89%93%E3%81%A1%E3%81%AE%E7%A5%9E%E6%A7%98" n1="%E3%83%81%E3%83%A7%E3%82%B3%E3%83%AD%E3%83%9C%E3%82%AF%E3%83%B3" n2="%E5%B0%B1%E6%B4%BB%E7%94%9F%40%E5%B7%9D%E6%9D%91%E8%BB%8D%E5%9B%A3" n3="%E3%81%BB%E3%81%98" dan="18,17,17,16" rate="2191.16,2188.85,2203.08,2052.88" sx="M,M,M,M"/><TAIKYOKU oya="0"/><INIT seed="0,0,0,2,1,60" ten="250,250,250,250" oya="0" hai0="97,12,80,126,78,130,84,20,111,110,47,46,25" hai1="86,14,22,121,49,94,48,63,27,131,52,116,42" hai2="93,40,59,17,100,120,26,66,1,39,2,56,70" hai3="125,106,99,50,5,74,81,37,18,133,77,62,41"/><T9/><D126/><U124/><E124/><V69/><F120/><W85/><G125/><T58/><D130/><U119/><E131/><V73/><F73/><W123/><G123/><T102/><D58/><U36/><E121/><V71/><F59/><W54/><G133/><T114/><D114/><U38/><E38/><V35/><F40/><W113/><G113/><T90/><D78/><U79/><E36/><V28/><F17/><W45/><G5/><T19/><D97/><U98/><E14/><V6/><F39/><W103/><G18/><T33/><D33/><U129/><E129/><V132/><F6/><W53/><G37/><T61/><D102/><U57/><E42/><V112/><F132/><W88/><REACH who="3" step="1"/><G62/><REACH who="3" ten="250,250,250,240" step="2"/><T127/><D127/><U0/><E0/><V8/><F112/><W75/><G75/><T32/><D61/><U55/><E63/><V21/><F8/><W76/><G76/><T65/><D32/><U105/><E79/><V122/><F35/><W92/><AGARI ba="0,1" hai="41,45,50,53,54,74,77,81,85,88,92,99,103,106" machi="92" ten="20,12000,2" yaku="1,1,0,1,7,1,24,2,54,1,53,1" doraHai="60" doraHaiUra="96" who="3" fromWho="3" sc="250,-60,250,-30,250,-30,240,130" /><INIT seed="1,0,0,1,4,135" ten="190,220,220,370" oya="1" hai0="31,16,98,4,32,117,46,84,42,64,75,94,122" hai1="58,48,119,101,125,69,51,68,40,97,15,90,20" hai2="36,86,12,13,35,112,25,3,47,21,132,107,73" hai3="23,19,10,110,50,27,118,61,1,106,59,103,108"/><U2/><E2/><V128/><F73/><W114/><G114/><T105/><D75/><U22/><E119/><V33/><F107/><W85/><G118/><T131/><D117/><U30/><E90/><V52/><F132/><W24/><G50/><T28/><D4/><U92/><E125/><V26/><F36/><W133/><G133/><T116/><D32/><U18/><E51/><V62/><F47/><W60/><G27/><T44/><D44/><U5/><E5/><V89/><F3/><W79/><G103/><T102/><D131/><U34/><E34/><V77/><F77/><W39/><G39/><T54/><D54/><U80/><E80/><V17/><F128/><W70/><G106/><T81/><D64/><U87/><E87/><V29/><F35/><W104/><G104/><T37/><D105/><U115/><E115/><V49/><F112/><W0/><G70/><T76/><D122/><U6/><E6/><V83/><REACH who="2" step="1"/><F62/><REACH who="2" ten="190,220,210,370" step="2"/><W123/><G61/><T66/><D116/><U38/><E38/><V8/><F8/><W127/><G123/><T74/><D74/><U96/><E22/><V57/><AGARI ba="0,1" hai="12,13,17,21,25,26,29,33,49,52,57,83,86,89" machi="57" ten="20,8000,1" yaku="1,1,0,1,7,1,54,1,53,1" doraHai="135" doraHaiUra="14" who="2" fromWho="2" sc="190,-20,220,-40,210,90,370,-20" /><INIT seed="2,0,0,0,1,129" ten="170,180,300,350" oya="2" hai0="24,2,85,5,17,63,15,121,38,54,10,84,98" hai1="93,44,58,72,80,3,4,67,90,124,104,41,95" hai2="96,86,114,110,94,105,6,12,51,106,119,74,7" hai3="56,1,103,66,20,135,71,91,126,52,49,13,39"/><V26/><F74/><W33/><G1/><T30/><D38/><U14/><E104/><V101/><F114/><W9/><G33/><T128/><D121/><U118/><E118/><V81/><F119/><W83/><G39/><T50/><D63/><U18/><E124/><V75/><F110/><W99/><G126/><T70/><D70/><U37/><E67/><V62/><F75/><W64/><G20/><T8/><D98/><U16/><E58/><V23/><F105/><W11/><G71/><T76/><D76/><N who="1" m="44039" /><E14/><V25/><F106/><W89/><G11/><T109/><D109/><U111/><E111/><V28/><F12/><W36/><G36/><T69/><D69/><U27/><E27/><V112/><F112/><W120/><G120/><T19/><D19/><N who="1" m="7211" /><E90/><V29/><F62/><W125/><G125/><T131/><D131/><U22/><E22/><V97/><F51/><W32/><G32/><T61/><D61/><U57/><E57/><V132/><F23/><W48/><G48/><T130/><D130/><U92/><E92/><V45/><F94/><W82/><G89/><T115/><D115/><U73/><E73/><V43/><F26/><W102/><G91/><T134/><D128/><U59/><E59/><V46/><F25/><W108/><G108/><T117/><D117/><U31/><E31/><V113/><F113/><W0/><G0/><T55/><D84/><U40/><E40/><V127/><F127/><W77/><G66/><T60/><D85/><U133/><E133/><V107/><F132/><W47/><G64/><T79/><D134/><U116/><E116/><RYUUKYOKU ba="0,0" sc="170,-10,180,30,300,-10,350,-10" hai1="3,4,37,41,44,93,95" /><INIT seed="3,1,0,1,0,56" ten="160,210,290,340" oya="3" hai0="51,121,60,25,74,118,89,88,117,47,55,124,111" hai1="85,31,106,15,99,132,29,22,79,48,110,67,57" hai2="115,23,66,131,54,133,21,20,94,42,134,135,113" hai3="71,13,90,16,35,61,86,5,70,96,95,73,3"/><W7/><G35/><T104/><D121/><U72/><E72/><V58/><F131/><W127/><G73/><T123/><D123/><U10/><E132/><V41/><F66/><W17/><G70/><T82/><D104/><U36/><E36/><V38/><F94/><W52/><G3/><T32/><D111/><U100/><E110/><V81/><F81/><W93/><G71/><T49/><D124/><U76/><E22/><V97/><F97/><W46/><G17/><T45/><D74/><U8/><E8/><V98/><F98/><W91/><G127/><T62/><D32/><U116/><E116/><V30/><F30/><W114/><G114/><N who="2" m="43529" /><F38/><W9/><G46/><T75/><D25/><U18/><E79/><V77/><F77/><W0/><REACH who="3" step="1"/><G0/><REACH who="3" ten="160,210,290,330" step="2"/><T122/><D122/><U83/><E18/><V92/><F92/><W80/><G80/><T112/><D112/><U6/><E83/><V40/><F23/><W11/><G11/><T128/><D128/><U103/><E10/><V105/><F105/><W27/><G27/><T87/><D75/><U50/><E106/><V69/><F69/><W65/><G65/><T26/><D26/><U108/><E67/><V107/><F107/><W37/><G37/><T63/><REACH who="0" step="1"/><D89/><REACH who="0" ten="150,210,290,330" step="2"/><U109/><E109/><V120/><F120/><W33/><G33/><T130/><D130/><U34/><E108/><V126/><F126/><W19/><G19/><T43/><AGARI ba="1,2" hai="43,45,47,49,51,55,60,62,63,82,87,88,117,118" machi="43" ten="30,12000,2" yaku="1,1,0,1,52,3,54,1,53,1" doraHai="56" doraHaiUra="39" who="0" fromWho="0" sc="150,143,210,-31,290,-31,330,-61" /><INIT seed="4,0,0,2,3,94" ten="293,179,259,269" oya="0" hai0="45,34,1,80,106,88,102,135,101,122,19,65,69" hai1="68,116,44,3,50,22,40,66,27,99,109,33,4" hai2="97,52,81,113,24,7,13,63,72,55,90,73,60" hai3="25,75,37,30,107,5,42,20,48,10,124,127,46"/><T105/><D122/><U15/><E109/><V132/><F113/><W117/><G107/><T84/><D1/><U96/><E116/><V9/><F132/><W16/><G117/><T118/><D118/><U38/><E38/><V78/><F72/><W120/><G120/><T58/><D69/><U125/><E125/><N who="3" m="48202" /><G75/><T6/><D6/><U128/><E128/><V36/><F36/><W83/><G83/><T112/><D112/><U100/><E100/><V28/><F63/><W71/><G71/><T53/><D34/><U61/><E3/><V95/><REACH who="2" step="1"/><F60/><REACH who="2" ten="293,179,249,269" step="2"/><W82/><G37/><T43/><D135/><U23/><E33/><AGARI ba="0,1" hai="7,9,13,24,28,33,52,55,73,78,81,90,95,97" machi="33" ten="30,8000,1" yaku="1,1,2,1,7,1,52,1,54,1,53,0" doraHai="94" doraHaiUra="47" who="2" fromWho="1" sc="293,0,179,-80,249,90,269,0" /><INIT seed="5,0,0,5,4,121" ten="293,99,339,269" oya="1" hai0="30,106,120,41,96,37,2,63,29,40,10,12,118" hai1="35,94,14,20,115,7,38,28,23,101,89,123,65" hai2="64,31,61,100,45,43,6,126,24,116,47,70,52" hai3="15,11,46,80,130,97,27,78,13,59,82,76,25"/><U18/><E123/><V132/><F116/><W33/><G46/><T51/><D37/><U111/><E38/><V36/><F6/><W107/><G33/><T129/><D2/><U62/><E115/><V71/><F100/><W81/><G130/><T91/><D118/><U17/><E101/><V95/><F95/><W99/><G59/><T88/><D120/><U104/><E104/><V85/><F85/><W68/><G68/><T98/><D129/><U66/><E7/><V109/><F109/><W44/><G44/><N who="0" m="25991" /><D41/><U83/><E83/><V90/><F90/><N who="0" m="34346" /><D63/><U134/><E134/><V26/><F26/><N who="3" m="9739" /><G107/><T56/><D56/><U86/><E111/><V135/><F126/><W113/><G113/><T87/><D87/><U0/><E0/><V125/><F125/><W32/><G32/><T128/><D106/><U74/><E74/><V42/><F24/><W102/><G102/><T72/><D72/><U49/><E35/><V110/><F110/><W127/><G127/><T48/><D48/><U55/><E28/><N who="0" m="10857" /><D128/><U50/><E50/><N who="2" m="28751" /><F31/><W3/><G3/><T73/><D73/><U79/><E79/><N who="3" m="30250" /><G13/><T60/><D60/><U39/><E39/><N who="2" m="21983" /><F70/><W8/><G15/><T133/><D133/><N who="2" m="51274" /><F43/><W21/><G21/><T108/><D108/><U4/><E62/><V112/><F36/><W92/><G92/><T75/><D75/><U77/><E77/><V119/><F119/><W117/><G117/><T84/><D84/><U9/><E20/><V114/><AGARI ba="0,0" hai="61,64,71,112,114" m="51274,21983,28751" machi="114" ten="40,8000,1" yaku="20,1,34,2,54,1" doraHai="121" who="2" fromWho="2" sc="293,-20,99,-40,339,80,269,-20" /><INIT seed="6,0,0,2,5,94" ten="273,59,419,249" oya="2" hai0="77,135,76,102,81,13,124,59,120,69,117,20,11" hai1="91,25,23,54,99,73,36,1,111,47,134,26,72" hai2="42,14,60,48,105,2,55,51,118,86,126,45,106" hai3="97,19,128,79,109,39,38,95,50,68,115,7,133"/><V6/><F2/><W107/><G109/><T82/><D69/><U122/><E122/><V16/><F6/><W108/><G108/><T113/><D120/><U46/><E111/><V67/><F118/><W131/><G68/><T4/><D117/><U80/><E1/><V43/><F126/><W71/><G71/><T78/><D124/><U90/><E134/><V17/><F67/><W30/><G7/><T18/><D135/><U129/><E129/><N who="3" m="49738" /><G133/><T56/><D113/><U34/><E34/><V22/><F60/><W132/><G132/><T96/><D59/><U125/><E125/><V32/><F32/><W27/><G19/><T57/><D57/><U100/><E36/><V49/><F86/><W9/><G9/><T74/><D56/><U89/><E80/><V98/><F106/><W121/><G121/><T88/><D81/><U52/><E23/><V21/><F43/><W62/><G62/><T10/><D10/><U3/><E3/><V31/><F31/><W12/><G12/><T5/><D5/><U83/><E83/><V70/><F70/><W119/><G119/><T84/><D74/><U24/><E100/><V8/><F8/><W29/><G79/><T0/><D77/><U66/><E66/><V104/><F104/><AGARI ba="0,0" hai="0,4,11,13,18,20,76,78,82,84,88,96,102,104" machi="104" ten="30,3900,0" yaku="7,1,52,1,54,1" doraHai="94" who="0" fromWho="2" sc="273,39,59,0,419,-39,249,0" /><INIT seed="7,0,0,4,5,103" ten="312,59,380,249" oya="3" hai0="36,66,42,64,86,28,100,111,29,8,88,115,45" hai1="96,92,114,83,113,95,37,70,12,55,112,63,72" hai2="135,39,127,56,19,5,134,32,107,105,11,98,69" hai3="131,13,22,108,99,27,129,30,0,124,126,20,101"/><W10/><G0/><T54/><D111/><U87/><E37/><V132/><F69/><W120/><G120/><T102/><D115/><U97/><E12/><V78/><F39/><W47/><G47/><T61/><D66/><U33/><E55/><V3/><F127/><N who="3" m="48683" /><G108/><T1/><D54/><U73/><E63/><V34/><F78/><W77/><G77/><T46/><D46/><U44/><E44/><V58/><F19/><W80/><G80/><T41/><D41/><U6/><E6/><V104/><F98/><W53/><G53/><T14/><D1/><U93/><E33/><AGARI ba="0,0" hai="3,5,11,32,33,34,56,58,104,105,107,132,134,135" machi="33" ten="50,8000,1" yaku="20,1,52,3" doraHai="103" who="2" fromWho="1" sc="312,0,59,-80,380,80,249,0" owari="312,11.0,-21,-52.0,460,56.0,249,-15.0" /></mjloggm>