<mjloggm ver="2.3"><GO type="169" lobby="0"/><UN n0="%E5%A4%8F%E8%94%AD" n1="%E3%81%8B%E3%81%AB%E3%83%9E%E3%82%B8%E3%83%B3" n2="%E3%83%88%E3%83%88%E3%83%AA%E5%85%88%E7%94%9F%31%39%E6%AD%B3" n3="%6D%61%2D%62%6F%33%35" dan="16,17,19,16" rate="2054.51,2205.16,2261.74,2090.35" sx="M,M,F,M"/><TAIKYOKU oya="0"/><INIT seed="0,0,0,2,0,31" ten="250,250,250,250" oya="0" hai0="76,39,101,18,135,17,46,81,65,122,114,91,93" hai1="47,117,19,20,119,12,48,132,9,120,33,11,62" hai2="84,107,131,116,90,78,106,38,3,68,79,30,63" hai3="28,72,108,42,16,71,67,98,8,99,55,0,89"/><T43/><D122/><U45/><E120/><V7/><F38/><W35/><G55/><T77/><D114/><U83/><E132/><V123/><F123/><W115/><G115/><T128/><D135/><U36/><E62/><V111/><F111/><W109/><G72/><T1/><D1/><U44/><E36/><V97/><F131/><W88/><G42/><T80/><D128/><U25/><E48/><V124/><F124/><W14/><G0/><T87/><D101/><U73/><E9/><V34/><F116/><W2/><G2/><T24/><D65/><U69/><E69/><V52/><F7/><W70/><G98/><T112/><D112/><U4/><REACH who="1" step="1"/><E33/><REACH who="1" ten="250,240,250,250" step="2"/><V61/><F61/><N who="3" m="40303" /><G71/><T85/><REACH who="0" step="1"/><D24/><REACH who="0" ten="240,240,250,250" step="2"/><U29/><E29/><V51/><F30/><W21/><G28/><T26/><D26/><U125/><E125/><V121/><F121/><W130/><G130/><T15/><D15/><U113/><E113/><V23/><F3/><W129/><G129/><T49/><D49/><U100/><E100/><V75/><F51/><W32/><G109/><T82/><D82/><U134/><E134/><V22/><F63/><W103/><G108/><T59/><D59/><U95/><E95/><V102/><F102/><W58/><G58/><T96/><AGARI ba="0,2" hai="17,18,39,43,46,76,77,80,81,85,87,91,93,96" machi="96" ten="20,12000,1" yaku="1,1,0,1,7,1,9,1,53,1" doraHai="31" doraHaiUra="92" who="0" fromWho="0" sc="240,140,240,-40,250,-40,250,-40" /><INIT seed="0,1,0,0,5,9" ten="380,200,210,210" oya="0" hai0="102,12,30,28,109,82,75,114,16,48,20,101,98" hai1="38,122,92,83,88,64,56,5,11,10,96,71,36" hai2="32,121,23,7,69,26,99,108,61,50,4,119,93" hai3="44,34,120,43,17,25,65,2,97,123,133,87,129"/><T116/><D116/><U58/><E122/><N who="3" m="46634" /><G2/><T33/><D114/><U29/><E29/><V45/><F32/><W131/><G65/><T106/><D109/><U72/><E11/><V6/><F121/><W51/><G133/><T60/><D33/><U94/><E71/><V118/><F108/><W126/><G126/><T68/><D101/><U46/><E92/><V14/><F69/><W77/><G97/><T111/><D111/><U125/><E125/><V128/><F61/><W22/><G34/><T47/><D68/><U95/><E95/><V115/><F128/><N who="3" m="49227" /><G87/><T53/><REACH who="0" step="1"/><D60/><REACH who="0" ten="370,200,210,210" step="2"/><U89/><E64/><V52/><F115/><W3/><G3/><T91/><D91/><U21/><E88/><N who="2" m="55719" /><F118/><W63/><G63/><T27/><D27/><U113/><E113/><V42/><F119/><W135/><G135/><T112/><D112/><U86/><E89/><V62/><F62/><W103/><G77/><AGARI ba="1,1" hai="12,16,20,28,30,47,48,53,75,77,82,98,102,106" machi="77" ten="40,7700,0" yaku="1,1,52,1,54,1,53,0" doraHai="9" doraHaiUra="132" who="0" fromWho="3" sc="370,90,200,0,210,0,210,-80" /><INIT seed="0,2,0,0,5,75" ten="460,200,210,130" oya="0" hai0="81,42,17,52,100,11,15,131,40,66,126,95,107" hai1="67,33,91,72,61,23,55,96,35,60,45,36,78" hai2="120,113,94,89,71,65,68,19,123,28,3,63,16" hai3="62,70,103,77,132,134,59,73,20,4,121,25,58"/><T86/><D107/><U57/><E23/><V93/><F113/><W76/><G73/><T135/><D135/><N who="3" m="51753" /><G121/><T31/><D131/><U130/><E130/><V119/><F3/><W7/><G103/><T2/><D126/><U109/><E109/><V88/><F63/><W117/><G70/><T124/><D124/><U46/><E46/><V97/><F97/><W104/><G104/><T34/><D2/><U99/><E36/><V98/><F98/><W112/><G112/><T82/><D66/><U102/><E91/><V41/><F65/><N who="3" m="39127" /><G59/><T9/><D9/><U110/><E96/><V18/><F18/><N who="3" m="12439" /><G117/><T8/><D100/><U39/><E99/><V87/><F87/><W56/><G56/><T49/><D8/><U51/><E102/><V43/><REACH who="2" step="1"/><F28/><REACH who="2" ten="460,200,200,130" step="2"/><W90/><G90/><N who="0" m="53719" /><D31/><U115/><E115/><V92/><F92/><W64/><G64/><T6/><D81/><U14/><E67/><V38/><F38/><W21/><G21/><T30/><D82/><U133/><E39/><V12/><F12/><W106/><G106/><T26/><D30/><U125/><E14/><V116/><AGARI ba="2,1" hai="16,19,41,43,68,71,88,89,93,94,116,119,120,123" machi="116" ten="25,16000,3" yaku="1,1,0,1,22,2,54,2,53,2" doraHai="75" doraHaiUra="114" who="2" fromWho="2" sc="460,-82,200,-42,200,176,130,-42" /><INIT seed="1,0,0,2,4,111" ten="378,158,376,88" oya="1" hai0="13,117,52,26,39,108,94,91,1,118,103,9,51" hai1="24,66,20,3,48,69,7,89,59,85,126,109,31" hai2="86,113,123,80,110,100,21,36,78,106,63,30,28" hai3="11,93,73,62,6,16,79,41,33,42,25,129,12"/><U121/><E121/><V104/><F123/><W54/><G129/><T15/><D39/><U57/><E109/><V64/><F110/><W71/><G71/><T37/><D37/><U67/><E126/><V77/><F36/><W50/><G62/><T98/><D108/><U47/><E3/><V23/><F100/><W82/><G93/><T83/><D1/><U81/><E7/><V132/><F132/><W128/><G128/><T88/><D26/><U8/><E8/><V76/><F86/><W68/><G68/><T96/><D117/><U38/><E38/><V56/><F80/><W65/><G65/><N who="1" m="24586" /><E69/><V122/><F122/><W22/><REACH who="3" step="1"/><G33/><REACH who="3" ten="378,158,376,78" step="2"/><T135/><D94/><U10/><E10/><V27/><F64/><W112/><G112/><T87/><D9/><U0/><E0/><V125/><F113/><W5/><G5/><T74/><D83/><U133/><E133/><V119/><F119/><W120/><G120/><T58/><D118/><U97/><E97/><V35/><F35/><W114/><G114/><T60/><D96/><U43/><AGARI ba="0,1" hai="20,24,31,43,47,48,57,59,81,85,89" m="24586" machi="43" ten="30,1500,0" yaku="8,1" doraHai="111" who="1" fromWho="1" sc="378,-5,158,25,376,-5,78,-5" /><INIT seed="1,1,0,2,0,4" ten="373,183,371,73" oya="1" hai0="120,84,34,28,70,10,24,101,82,29,45,125,94" hai1="130,108,126,95,115,56,103,99,31,76,33,83,57" hai2="14,122,51,102,0,100,62,77,74,88,87,64,91" hai3="132,65,20,60,2,124,17,15,55,127,30,38,32"/><U58/><E115/><V54/><F122/><W113/><G38/><T117/><D117/><U119/><E119/><V8/><F0/><W114/><G55/><T3/><D70/><U79/><E126/><N who="3" m="48170" /><G60/><T9/><D125/><U85/><E130/><V109/><F74/><W112/><G65/><T23/><D120/><U12/><E108/><V75/><F75/><W105/><G105/><T129/><D129/><U39/><E39/><V68/><F77/><W27/><G2/><T48/><D3/><U81/><E12/><V116/><F109/><W90/><G90/><N who="0" m="51479" /><D34/><U49/><E33/><V110/><F110/><W106/><G106/><T98/><D29/><U71/><E31/><V7/><F91/><W37/><G37/><T46/><D46/><U13/><E13/><V86/><F86/><W96/><G96/><T26/><D26/><U111/><E111/><V104/><F104/><W35/><G132/><T135/><D135/><U41/><E71/><V89/><F89/><W93/><G93/><T43/><AGARI ba="1,0" hai="9,10,23,24,28,43,45,48,94,98,101" m="51479" machi="43" ten="30,4000,0" yaku="8,1,52,2" doraHai="4" who="0" fromWho="0" sc="373,43,183,-21,371,-11,73,-11" /><INIT seed="2,0,0,2,1,71" ten="416,162,360,62" oya="2" hai0="22,74,113,103,46,27,0,59,19,109,55,86,47" hai1="23,133,129,91,99,2,108,35,8,68,104,13,128" hai2="4,83,1,81,119,17,77,105,62,118,15,18,20" hai3="72,5,45,38,117,95,84,123,30,112,111,120,80"/><V130/><F105/><W107/><G117/><T21/><D74/><U89/><E68/><V94/><F130/><W29/><G111/><T7/><D113/><U43/><E108/><V52/><F1/><W122/><G112/><T11/><D109/><U44/><E35/><V6/><F119/><W14/><G107/><T90/><D103/><N who="1" m="62591" /><E23/><V49/><F118/><W126/><G126/><T96/><D22/><U63/><E63/><V125/><F125/><W98/><G72/><T73/><D73/><U76/><E76/><V92/><F62/><W127/><G127/><T32/><D32/><U31/><E31/><V134/><F134/><W24/><G24/><T42/><D42/><U97/><E97/><V135/><F135/><W56/><G56/><T37/><D37/><N who="1" m="21615" /><E2/><V116/><F116/><W25/><G98/><T85/><D96/><U70/><E70/><V79/><F20/><W66/><G95/><T60/><REACH who="0" step="1"/><D85/><REACH who="0" ten="406,162,360,62" step="2"/><U12/><E133/><V131/><F131/><N who="1" m="50249" /><E12/><V61/><F15/><W100/><G14/><T41/><D41/><U121/><E121/><V75/><F75/><W36/><G123/><T64/><D64/><U88/><E13/><V33/><F33/><W39/><G122/><T53/><D53/><U87/><E8/><V106/><F52/><W132/><G120/><T114/><D114/><U10/><E10/><V48/><F106/><W58/><G132/><T93/><AGARI ba="0,1" hai="0,7,11,19,21,27,46,47,55,59,60,86,90,93" machi="93" ten="20,5200,0" yaku="1,1,0,1,7,1,53,1" doraHai="71" doraHaiUra="50" who="0" fromWho="0" sc="406,62,162,-13,360,-26,62,-13" /><INIT seed="3,0,0,1,1,31" ten="468,149,334,49" oya="3" hai0="107,81,83,48,9,105,0,111,34,32,74,45,59" hai1="116,97,123,41,118,90,135,110,42,70,13,131,92" hai2="35,24,4,85,91,127,12,30,79,130,113,53,124" hai3="18,104,64,28,94,84,60,76,128,87,1,55,23"/><W27/><G128/><T15/><D111/><U121/><E70/><V102/><F130/><W122/><G122/><T126/><D126/><N who="2" m="48170" /><F113/><W71/><G1/><T39/><D59/><U73/><E131/><V58/><F102/><W17/><G104/><N who="0" m="40011" /><D15/><U98/><E73/><V10/><F79/><W117/><G117/><N who="1" m="45162" /><E135/><V7/><F12/><W44/><G76/><N who="0" m="44183" /><D48/><U2/><E2/><V54/><F10/><W46/><G94/><T80/><D83/><U95/><E13/><V101/><F101/><W8/><G8/><T20/><D20/><U47/><E110/><V51/><F54/><W50/><REACH who="3" step="1"/><G46/><REACH who="3" ten="468,149,334,39" step="2"/><T52/><D80/><AGARI ba="0,1" hai="4,7,24,30,35,51,53,58,80,85,91" m="48170" machi="80" ten="30,2000,0" yaku="18,1,52,1" doraHai="31" who="2" fromWho="0" sc="468,-20,149,0,334,30,39,0" /><INIT seed="4,0,0,5,4,19" ten="448,149,364,39" oya="0" hai0="118,27,127,91,37,130,7,68,119,134,11,61,30" hai1="128,24,66,53,126,79,107,42,28,65,112,55,89" hai2="62,46,135,131,23,70,41,81,3,26,122,40,47" hai3="92,13,56,67,102,5,15,32,59,129,110,44,98"/><T33/><D37/><U82/><E126/><V80/><F122/><W121/><G32/><T93/><D127/><U31/><E128/><V73/><F3/><W113/><G110/><T120/><D120/><U39/><E107/><V105/><F105/><W35/><G35/><T18/><D130/><U75/><E112/><V83/><F131/><W16/><G121/><T71/><D134/><U97/><E31/><V36/><F135/><W29/><G129/><T12/><D7/><U63/><E65/><V108/><F108/><W84/><G113/><T17/><D17/><U58/><E42/><V86/><F73/><W34/><G67/><T100/><D100/><U2/><E2/><V132/><F62/><W22/><G44/><T10/><D10/><U85/><E39/><V111/><F70/><W114/><G114/><T124/><D124/><U60/><E60/><V106/><F106/><W95/><G34/><T69/><REACH who="0" step="1"/><D61/><REACH who="0" ten="438,149,364,39" step="2"/><U133/><E133/><V52/><F132/><W117/><G29/><T77/><D77/><U43/><E79/><V14/><F111/><W8/><G117/><T101/><D101/><U54/><E63/><V74/><F36/><W45/><REACH who="3" step="1"/><G45/><REACH who="3" ten="438,149,364,29" step="2"/><T109/><D109/><U20/><E28/><V90/><F46/><W72/><G72/><T76/><D76/><U103/><E75/><V6/><F74/><W38/><G38/><T1/><D1/><U57/><E66/><V49/><F40/><W50/><G50/><T21/><D21/><U4/><E43/><V94/><F41/><W78/><G78/><T116/><D116/><U25/><E20/><RYUUKYOKU ba="0,2" sc="438,15,149,-15,364,-15,29,15" hai0="11,12,18,27,30,33,68,69,71,91,93,118,119" hai3="5,8,13,15,16,22,56,59,84,92,95,98,102" /><INIT seed="4,1,2,1,1,18" ten="453,134,349,44" oya="0" hai0="119,27,46,105,106,135,87,69,38,30,115,52,92" hai1="93,131,61,80,22,88,5,123,55,40,13,56,44" hai2="65,84,64,63,91,1,129,74,90,103,118,42,109" hai3="82,6,68,126,113,32,10,11,121,97,37,127,14"/><T77/><D119/><U107/><E107/><V67/><F109/><W15/><G68/><T83/><D69/><U51/><E131/><V125/><F1/><W45/><G113/><T17/><D115/><U39/><E123/><V21/><F74/><W58/><G121/><T35/><D135/><U0/><E0/><V116/><F129/><W96/><G32/><T89/><D17/><U110/><E110/><V23/><F125/><N who="3" m="47627" /><G58/><T94/><D38/><U133/><E133/><V76/><F103/><W54/><G82/><T25/><D25/><U79/><E39/><V12/><F42/><N who="3" m="22735" /><G54/><T130/><D130/><U9/><E22/><N who="2" m="8203" /><F12/><W124/><N who="3" m="47635" /><W102/><DORA hai="120" /><G102/><T134/><D134/><U24/><E24/><V71/><F76/><W108/><G108/><T8/><D8/><U47/><E47/><V114/><F91/><W72/><G72/><T34/><D34/><U70/><E70/><V78/><F78/><W4/><AGARI ba="1,2" hai="4,6,10,11,14,15,96,97" m="22735,47635" machi="4" ten="40,1500,0" yaku="18,1" doraHai="18,120" who="3" fromWho="3" sc="453,-8,134,-5,349,-5,44,38" /><INIT seed="5,0,0,1,2,121" ten="445,129,344,82" oya="1" hai0="73,91,28,42,90,23,85,1,97,24,16,52,63" hai1="116,7,20,61,69,117,120,81,10,100,83,74,39" hai2="132,6,82,122,56,17,32,64,98,47,44,0,58" hai3="99,55,130,134,76,77,115,131,111,13,14,57,135"/><U118/><E120/><V26/><F122/><W104/><G14/><T126/><D73/><U94/><E39/><V48/><F132/><N who="3" m="50731" /><G13/><T125/><D1/><U123/><E123/><V41/><F0/><W75/><G115/><T38/><D28/><U78/><E81/><V114/><F6/><W65/><G65/><T11/><D11/><U3/><E20/><N who="2" m="13583" /><F32/><W43/><G43/><T108/><D108/><U22/><E22/><V103/><F114/><W27/><G27/><T18/><D18/><U45/><E45/><V9/><F9/><W59/><G59/><N who="0" m="35303" /><D85/><U128/><E94/><N who="2" m="58839" /><F64/><W127/><G111/><T70/><D70/><U60/><E100/><V31/><F31/><W84/><G75/><T109/><D109/><U86/><E69/><V53/><F82/><N who="3" m="47175" /><G77/><T36/><D36/><U107/><E74/><V4/><F4/><W67/><G67/><T102/><D102/><U33/><E61/><V8/><F8/><W49/><G127/><N who="0" m="48651" /><D97/><U92/><E60/><V66/><F66/><W93/><G104/><T124/><N who="0" m="48659" /><T5/><DORA hai="119" /><D5/><U30/><E107/><V25/><F25/><W89/><AGARI ba="0,0" hai="49,55,57,89,93,99,130,131" m="47175,50731" machi="89" ten="30,1100,0" yaku="20,1" doraHai="121,119" who="3" fromWho="3" sc="445,-3,129,-5,344,-3,82,11" /><INIT seed="6,0,0,1,0,111" ten="442,124,341,93" oya="2" hai0="123,128,54,58,19,28,68,56,71,120,83,26,15" hai1="134,76,63,46,5,104,32,2,88,118,129,126,21" hai2="117,90,131,67,61,93,122,50,24,74,127,65,40" hai3="82,114,7,39,23,105,115,124,87,43,20,17,95"/><V112/><F117/><W80/><G105/><T35/><D128/><U113/><E46/><V11/><F122/><W8/><G124/><T66/><D83/><U121/><E63/><V31/><F74/><W14/><G95/><T9/><D58/><U125/><E88/><V57/><F131/><W96/><G96/><T75/><D75/><U79/><E21/><N who="2" m="15759" /><F127/><W60/><G23/><T53/><D66/><U55/><E55/><N who="2" m="33983" /><F112/><N who="3" m="43051" /><G60/><T92/><D92/><U22/><E22/><V119/><F119/><W30/><G30/><T103/><D103/><U48/><E48/><V41/><F11/><W94/><G94/><T1/><D123/><U109/><E5/><V27/><F27/><N who="3" m="14735" /><G87/><T38/><D120/><U64/><E64/><N who="2" m="24651" /><F50/><W72/><G72/><T16/><D38/><U130/><E126/><V45/><F45/><AGARI ba="0,0" hai="7,8,14,39,43,45,80,82" m="14735,43051" machi="45" ten="30,8000,1" yaku="15,1,11,1,52,3" doraHai="111" who="3" fromWho="2" sc="442,0,124,0,341,-80,93,80" /><INIT seed="7,0,0,4,3,97" ten="442,124,261,173" oya="3" hai0="86,125,53,39,74,87,27,81,52,76,103,8,46" hai1="131,42,70,117,84,2,49,0,58,36,135,50,88" hai2="48,96,133,34,79,61,20,130,15,72,28,98,56" hai3="64,113,35,65,77,111,119,85,38,89,16,120,105"/><W99/><G120/><T25/><D125/><U90/><E70/><V80/><F130/><W109/><G119/><T45/><D103/><U66/><E131/><V68/><F133/><W127/><G38/><T30/><D74/><U7/><E135/><V82/><F68/><W102/><G35/><T59/><D39/><U26/><E36/><V60/><F60/><W123/><G123/><T9/><D59/><U62/><E117/><V19/><F48/><W63/><G127/><T3/><D81/><U31/><E90/><V51/><F51/><W22/><G77/><T94/><D94/><U104/><E104/><V78/><F28/><W32/><G32/><T21/><D30/><U110/><E110/><N who="3" m="41994" /><G63/><T129/><D21/><U17/><E17/><V29/><F29/><W91/><G113/><T112/><D129/><U55/><E42/><V100/><F100/><W108/><N who="3" m="42002" /><W134/><DORA hai="95" /><G134/><T23/><D23/><U67/><E49/><V115/><F34/><W124/><G124/><T75/><D76/><U93/><E7/><V44/><F115/><W73/><G73/><T4/><D75/><U101/><E101/><V83/><F72/><W5/><G5/><T11/><D4/><U40/><E40/><V57/><F79/><W41/><G41/><T126/><D126/><U116/><E116/><V13/><F78/><W1/><G1/><T71/><D3/><N who="1" m="1067" /><E62/><V132/><F132/><W37/><G37/><T10/><D112/><U128/><E128/><V6/><F61/><W54/><G89/><T14/><D71/><U12/><E12/><V92/><F6/><RYUUKYOKU ba="0,0" sc="442,-10,124,30,261,-10,173,-10" hai1="26,31,50,55,58,66,67,84,88,93" owari="432,54.0,154,-35.0,251,5.0,163,-24.0" /></mjloggm>