<mjloggm ver="2.3"><GO type="169" lobby="0"/><UN n0="%E3%82%84%E3%81%A3%E3%81%A1%E3%82%83%E3%82%93%E3%82%88%E3%81%A3%E3%81%A1" n1="%E5%B0%B1%E6%B4%BB%E7%94%9F%40%E5%B7%9D%E6%9D%91%E8%BB%8D%E5%9B%A3" n2="%E3%81%8B%E3%81%AB%E3%83%9E%E3%82%B8%E3%83%B3" n3="%E3%81%B5%E3%81%8F%E3%82%84%E3%82%93" dan="16,18,17,17" rate="2122.89,2268.47,2229.62,2131.50" sx="M,M,M,F"/><TAIKYOKU oya="0"/><INIT seed="0,0,0,3,0,107" ten="250,250,250,250" oya="0" hai0="129,53,10,32,109,92,120,80,131,108,85,78,26" hai1="115,54,93,123,69,51,39,99,70,113,110,52,106" hai2="124,8,1,73,12,75,119,125,71,17,127,27,90" hai3="74,112,58,89,22,28,135,114,122,37,0,19,46"/><T84/><D120/><U11/><E106/><V43/><F71/><N who="1" m="27145" /><E123/><V13/><F43/><W126/><G122/><T21/><D32/><U25/><E25/><V101/><F119/><W111/><G28/><T35/><D35/><U59/><E11/><V104/><F1/><W7/><G7/><T95/><D53/><N who="1" m="32191" /><E39/><V82/><F27/><W48/><G0/><T68/><D68/><U33/><E33/><V76/><F90/><W118/><G89/><N who="0" m="53295" /><D10/><U121/><E121/><V133/><F133/><W16/><G37/><T130/><D21/><U88/><E110/><N who="0" m="42601" /><D26/><U128/><E128/><V9/><F104/><W4/><G111/><T72/><D95/><U97/><E97/><V50/><F9/><W79/><G22/><T61/><D61/><U62/><E62/><V47/><F12/><W14/><G14/><T18/><D18/><U34/><E34/><V6/><F17/><W49/><G19/><T24/><D24/><U45/><E45/><V56/><F47/><W132/><G16/><T117/><D84/><U66/><E66/><V44/><F44/><W91/><G46/><T38/><D38/><U23/><E23/><V116/><F13/><W134/><G134/><T105/><D105/><U42/><E42/><V100/><F8/><W103/><G135/><T81/><D81/><U83/><E83/><V60/><F6/><W30/><G132/><T86/><D86/><U29/><E29/><V5/><F5/><W2/><G4/><T67/><D67/><U98/><E98/><V94/><F60/><W63/><G30/><T20/><D20/><U57/><E54/><RYUUKYOKU ba="0,0" sc="250,15,250,15,250,-15,250,-15" hai0="72,78,80,117,129,130,131" hai1="52,57,88,93,99,113,115" /><INIT seed="0,1,0,3,4,75" ten="265,265,235,235" oya="0" hai0="71,98,74,77,101,65,12,85,27,22,5,76,111" hai1="123,25,66,13,62,9,63,10,92,67,8,61,134" hai2="54,80,15,16,47,110,37,57,117,46,91,83,106" hai3="79,94,7,59,30,109,56,105,130,50,6,125,33"/><T112/><D112/><U39/><E123/><V32/><F32/><W41/><G105/><T115/><D115/><U135/><E39/><V64/><F106/><W40/><G33/><T118/><D118/><U51/><E51/><V31/><F31/><W44/><G30/><T132/><D132/><N who="1" m="50731" /><E25/><V90/><F64/><N who="1" m="24617" /><E92/><V58/><F37/><W131/><G94/><N who="0" m="58583" /><D71/><U93/><E93/><V45/><F117/><W103/><G50/><T127/><D127/><U11/><N who="1" m="2560" /><DORA hai="100" /><U68/><E13/><V2/><F15/><W96/><G41/><T70/><D70/><AGARI ba="1,0" hai="61,62,63,68,70" m="2560,24617,50731" machi="70" ten="50,6400,0" yaku="28,2,20,1" doraHai="75,100" who="1" fromWho="0" sc="265,-67,265,67,235,0,235,0" /><INIT seed="1,0,0,3,2,131" ten="198,332,235,235" oya="1" hai0="20,34,84,133,5,116,106,37,103,9,23,127,27" hai1="97,91,60,70,115,44,10,0,80,90,45,126,124" hai2="25,48,114,59,130,63,46,78,1,16,123,7,134" hai3="14,110,96,73,56,125,100,18,120,12,57,99,68"/><U105/><E115/><V98/><F114/><W76/><G68/><T107/><D116/><U77/><E45/><V39/><F39/><W19/><G120/><T49/><D37/><U109/><E44/><V32/><F123/><W69/><G69/><T3/><D127/><N who="1" m="48683" /><E0/><V111/><F78/><W102/><G76/><T88/><D34/><U52/><E10/><V72/><F72/><W54/><G125/><T42/><D133/><U41/><E41/><V4/><F134/><W94/><G73/><T83/><D103/><N who="1" m="62703" /><E70/><V64/><F1/><W28/><G28/><T121/><D121/><U119/><E119/><V43/><F32/><W66/><G66/><T132/><D132/><U50/><E109/><V135/><F111/><W95/><G110/><T82/><D23/><U17/><E17/><V79/><F16/><N who="3" m="6187" /><G56/><T104/><D42/><U26/><E26/><V89/><F25/><W71/><G71/><T22/><D49/><AGARI ba="0,0" hai="12,14,49,54,57,94,95,96,99,100,102" m="6187" machi="49" ten="30,2000,0" yaku="8,1,54,1" doraHai="131" who="3" fromWho="0" sc="198,-20,332,0,235,0,235,20" /><INIT seed="2,0,0,3,3,91" ten="178,332,235,255" oya="2" hai0="68,120,95,58,128,36,34,79,123,69,113,64,41" hai1="10,89,66,94,131,96,56,109,27,124,7,133,11" hai2="122,77,99,5,16,24,101,12,103,54,81,70,76" hai3="59,111,82,134,129,6,28,112,51,45,80,29,46"/><V15/><F122/><N who="0" m="46634" /><D34/><U102/><E109/><V49/><F70/><N who="0" m="27242" /><D79/><U14/><E131/><V85/><F76/><W1/><G111/><T33/><D95/><N who="1" m="58655" /><E133/><V19/><F5/><W18/><G129/><T2/><D33/><U86/><E124/><V48/><F48/><W61/><G134/><T121/><D2/><U22/><E11/><N who="2" m="6175" /><F24/><W37/><G6/><T57/><D113/><U135/><E135/><V13/><F99/><W4/><G4/><T40/><D128/><U43/><E43/><N who="0" m="16457" /><D36/><U98/><E98/><V107/><F107/><W110/><G37/><T53/><N who="0" m="46642" /><T71/><DORA hai="74" /><D53/><U126/><E126/><V21/><F13/><W100/><G112/><T93/><D93/><U67/><E56/><AGARI ba="0,0" hai="15,19,21,49,54,56,77,81,85,101,103" m="6175" machi="56" ten="30,5800,0" yaku="8,1,52,1,54,1" doraHai="91,74" who="2" fromWho="1" sc="178,0,332,-58,235,58,255,0" /><INIT seed="2,1,0,4,3,65" ten="178,274,293,255" oya="2" hai0="80,76,62,37,126,86,19,129,101,24,44,98,106" hai1="115,0,2,25,134,5,83,99,40,48,104,4,32" hai2="102,74,47,72,70,29,95,18,34,88,123,67,27" hai3="20,122,82,71,9,97,36,133,91,46,13,105,38"/><V50/><F102/><W132/><G122/><T6/><D129/><U93/><E104/><V84/><F123/><W42/><G38/><T1/><D126/><U53/><E40/><V79/><F79/><W120/><G120/><T7/><D1/><U103/><E134/><V66/><F18/><W59/><G20/><T10/><D62/><U130/><E130/><V116/><F116/><W56/><G71/><T94/><D106/><U58/><E115/><V21/><F34/><W51/><G105/><T124/><D124/><U28/><E2/><V111/><F111/><W31/><G31/><T92/><D92/><U121/><E0/><V112/><F112/><W63/><G36/><T8/><D37/><U128/><E128/><V69/><F67/><W39/><G39/><T81/><D81/><U117/><E117/><V60/><REACH who="2" step="1"/><F70/><REACH who="2" ten="178,274,283,255" step="2"/><W77/><G77/><T131/><D131/><U30/><E121/><V89/><F89/><W61/><G132/><T54/><D19/><U118/><E118/><V96/><F96/><W119/><G133/><T43/><D24/><U114/><E114/><V52/><AGARI ba="1,1" hai="21,27,29,47,50,52,60,66,69,72,74,84,88,95" machi="52" ten="20,18000,2" yaku="1,1,0,1,7,1,52,1,54,2,53,0" doraHai="65" doraHaiUra="108" who="2" fromWho="2" sc="178,-61,274,-61,283,193,255,-61" /><INIT seed="2,2,0,0,4,93" ten="117,213,476,194" oya="2" hai0="80,73,89,14,44,71,69,128,81,113,21,118,123" hai1="25,120,116,63,42,65,103,110,53,62,98,39,35" hai2="79,60,135,38,2,125,13,78,46,50,106,20,87" hai3="30,95,28,90,108,102,111,112,58,66,56,61,24"/><V34/><F38/><W68/><G112/><T32/><D123/><U23/><E116/><V133/><F2/><W67/><G102/><T76/><D118/><U8/><E110/><N who="3" m="42026" /><G67/><T26/><D113/><U27/><E120/><V52/><F34/><N who="3" m="20743" /><G30/><T12/><D128/><U88/><E35/><V70/><F125/><W129/><G129/><T126/><D126/><U130/><E130/><V17/><F106/><W83/><G83/><T64/><D44/><U15/><E42/><V43/><F87/><AGARI ba="2,0" hai="56,58,61,66,68,87,90,95" m="20743,42026" machi="87" ten="30,1000,0" yaku="14,1" doraHai="93" who="3" fromWho="2" sc="117,0,213,0,476,-16,194,16" /><INIT seed="3,0,0,0,1,122" ten="117,213,460,210" oya="3" hai0="67,73,94,25,7,81,92,83,91,117,110,97,90" hai1="3,26,56,15,93,104,19,20,59,28,65,106,113" hai2="135,105,99,60,42,128,32,130,96,47,71,124,111" hai3="36,103,54,40,57,119,37,33,76,2,79,17,0"/><W61/><G119/><T8/><D110/><U11/><E113/><V118/><F111/><W132/><G132/><T100/><D117/><U133/><E133/><V16/><F118/><W86/><G33/><T27/><D67/><U46/><E46/><V38/><F32/><W14/><G103/><T55/><D55/><U95/><E56/><V131/><F135/><W53/><G40/><T35/><D73/><U70/><E70/><V1/><F1/><W108/><G108/><T9/><D35/><U80/><E80/><N who="0" m="30793" /><D100/><U88/><E95/><N who="0" m="36393" /><D97/><U84/><REACH who="1" step="1"/><E3/><REACH who="1" ten="117,203,460,210" step="2"/><V134/><F71/><W75/><G2/><T41/><D41/><U123/><E123/><V109/><F42/><W98/><G0/><T64/><D64/><U68/><E68/><V4/><F134/><W31/><G37/><T114/><D114/><U51/><E51/><V77/><F38/><W102/><G36/><T49/><D49/><U115/><E115/><V127/><F47/><W29/><G57/><T23/><D7/><U112/><E112/><V89/><F4/><W107/><G61/><AGARI ba="0,1" hai="11,15,19,20,26,28,59,61,65,84,88,93,104,106" machi="61" ten="40,2600,0" yaku="1,1,54,1,53,0" doraHai="122" doraHaiUra="43" who="1" fromWho="3" sc="117,0,203,36,460,0,210,-26" /><INIT seed="4,0,0,2,4,68" ten="117,239,460,184" oya="0" hai0="65,72,7,73,80,76,20,55,46,56,111,9,48" hai1="107,121,34,123,124,35,83,30,28,122,50,5,99" hai2="88,4,85,29,57,97,128,24,58,117,12,98,10" hai3="95,87,113,51,69,103,130,6,134,64,119,14,22"/><T78/><D111/><U13/><E50/><V84/><F128/><W94/><G69/><T54/><D20/><U133/><E83/><V59/><F117/><W120/><G64/><T44/><D65/><U31/><E99/><V52/><F52/><W1/><G1/><T2/><D78/><U89/><E89/><V110/><F110/><W26/><G103/><T40/><D73/><U33/><E107/><V0/><F0/><W126/><G130/><T79/><D79/><U82/><E82/><V104/><F104/><W61/><G61/><T45/><REACH who="0" step="1"/><D55/><REACH who="0" ten="107,239,460,184" step="2"/><U53/><E53/><V23/><F85/><W91/><G87/><T118/><D118/><U135/><E124/><V16/><F29/><W127/><G119/><T100/><D100/><U75/><E75/><V116/><F116/><W106/><G126/><T21/><D21/><U42/><E42/><AGARI ba="0,1" hai="2,7,9,40,42,44,45,46,48,54,56,72,76,80" machi="42" ten="40,2000,0" yaku="1,1,53,0" doraHai="68" doraHaiUra="63" who="0" fromWho="1" sc="107,30,239,-20,460,0,184,0" /><INIT seed="4,1,0,3,5,62" ten="137,219,460,184" oya="0" hai0="135,30,124,100,15,53,134,17,61,82,98,0,74" hai1="122,87,39,130,51,43,67,77,1,118,56,116,125" hai2="34,89,71,28,18,95,73,19,112,55,35,40,84" hai3="50,91,22,31,76,102,32,24,54,117,92,72,94"/><T12/><D0/><U23/><E1/><V48/><F73/><W29/><G117/><T64/><D53/><U49/><E23/><V4/><F4/><W88/><G102/><T7/><D124/><U36/><E87/><V52/><F112/><W78/><G72/><T83/><D30/><U57/><E77/><V60/><F40/><W105/><G105/><N who="0" m="63639" /><D7/><U25/><E25/><V131/><F34/><W47/><G31/><T103/><D103/><U8/><E8/><V81/><F35/><W11/><G11/><N who="0" m="6303" /><D15/><U80/><E80/><V33/><F81/><W6/><G32/><T38/><D38/><U14/><E14/><V90/><F28/><W133/><G6/><T79/><D83/><U69/><E125/><V37/><F37/><W44/><G44/><T66/><D61/><N who="1" m="40175" /><E122/><V42/><F33/><W65/><G78/><T132/><AGARI ba="1,0" hai="64,66,74,79,82,132,134,135" m="6303,63639" machi="132" ten="30,6000,0" yaku="20,1,52,2" doraHai="62" who="0" fromWho="0" sc="137,63,219,-21,460,-21,184,-21" /><INIT seed="4,2,0,3,5,27" ten="200,198,439,163" oya="0" hai0="2,113,110,5,95,119,32,40,29,89,98,72,44" hai1="52,106,14,53,109,74,102,108,39,105,41,111,25" hai2="51,81,48,97,104,118,82,132,42,83,60,135,46" hai3="15,112,47,49,92,124,128,66,67,63,94,130,12"/><T115/><D119/><U59/><E74/><V78/><F118/><W6/><G112/><N who="0" m="43083" /><D72/><U114/><E114/><V34/><F34/><W37/><G37/><N who="0" m="21519" /><D110/><U38/><E14/><V120/><F120/><W18/><G124/><T33/><D29/><U127/><E127/><V57/><F51/><W87/><G6/><T22/><D22/><U20/><E53/><V23/><F23/><W88/><G92/><T65/><D65/><U0/><E0/><V62/><F78/><W77/><G77/><T90/><D89/><U30/><E41/><V91/><F91/><W7/><G7/><T8/><AGARI ba="2,0" hai="2,5,8,32,33,90,95,98" m="21519,43083" machi="8" ten="30,1500,0" yaku="15,1" doraHai="27" who="0" fromWho="0" sc="200,21,198,-7,439,-7,163,-7" /><INIT seed="4,3,0,1,4,122" ten="221,191,432,156" oya="0" hai0="24,14,105,125,1,45,65,76,20,72,80,117,71" hai1="112,5,34,46,123,96,126,97,75,100,134,53,133" hai2="22,44,110,109,67,6,36,49,95,27,86,83,54" hai3="16,82,128,64,130,55,32,43,23,91,129,120,93"/><T31/><D117/><U69/><E123/><V79/><F36/><W48/><G120/><T13/><D125/><U56/><E69/><V11/><F67/><W61/><G32/><T127/><D127/><U4/><E75/><V50/><F50/><W131/><G43/><T87/><D1/><U115/><E34/><V77/><F77/><W25/><G82/><T21/><D105/><N who="1" m="63623" /><E46/><V42/><F95/><W119/><G119/><T99/><D99/><U81/><E97/><V52/><F54/><W59/><N who="3" m="33280" /><DORA hai="84" /><W33/><G33/><T40/><D72/><U62/><E81/><V124/><F124/><W15/><G25/><T113/><D113/><N who="1" m="43595" /><E126/><V28/><F42/><W104/><G104/><T68/><D65/><U18/><E18/><V3/><AGARI ba="3,0" hai="3,6,11,22,27,28,44,49,52,79,83,86,109,110" machi="3" ten="20,8000,1" yaku="0,1,7,1,52,2,54,1" doraHai="122,84" who="2" fromWho="2" sc="221,-43,191,-23,432,89,156,-23" /><INIT seed="5,0,0,3,2,118" ten="178,168,521,133" oya="1" hai0="85,106,113,21,132,53,116,4,108,83,49,90,45" hai1="37,71,100,24,35,95,63,17,18,28,5,36,22" hai2="68,1,55,40,78,51,104,39,60,111,114,52,127" hai3="77,3,131,47,87,43,110,72,129,133,70,135,80"/><U59/><E71/><V34/><F1/><W50/><G70/><T48/><D108/><U46/><E5/><V93/><F104/><W82/><G3/><T124/><D116/><U69/><E69/><V122/><F34/><W107/><G110/><T123/><D113/><U79/><E79/><V42/><F93/><W2/><G2/><T67/><D124/><U76/><E76/><V130/><F78/><N who="3" m="46487" /><G50/><T31/><D132/><N who="3" m="50761" /><G43/><N who="0" m="24639" /><D106/><U26/><E46/><V134/><F134/><W14/><G14/><T16/><D123/><U97/><REACH who="1" step="1"/><E17/><REACH who="1" ten="178,158,521,133" step="2"/><V96/><F68/><W103/><G47/><N who="0" m="27839" /><D4/><U81/><E81/><V33/><F111/><W10/><G82/><T58/><D31/><U120/><E120/><V15/><F122/><W119/><G119/><T98/><D98/><U73/><E73/><V102/><F96/><N who="3" m="61927" /><G77/><T64/><D58/><U57/><E57/><V62/><F39/><W41/><G72/><T66/><D66/><AGARI ba="0,1" hai="18,22,24,26,28,35,36,37,59,63,66,95,97,100" machi="66" ten="30,5800,0" yaku="1,1,7,1,53,1" doraHai="118" doraHaiUra="92" who="1" fromWho="0" sc="178,-58,158,68,521,0,133,0" /><INIT seed="5,1,0,3,0,22" ten="120,226,521,133" oya="1" hai0="97,69,94,19,11,107,129,98,49,45,51,1,56" hai1="131,74,123,0,113,16,104,26,48,125,8,52,67" hai2="128,133,13,46,55,105,110,15,111,91,130,2,50" hai3="42,20,30,116,124,80,62,134,99,106,86,38,120"/><U132/><E123/><V59/><F2/><W47/><G120/><T40/><D129/><N who="2" m="49770" /><F133/><W18/><G124/><T121/><D121/><U57/><E104/><V102/><F91/><W60/><G116/><T39/><D69/><U63/><E74/><V43/><F102/><W37/><G37/><T75/><D75/><U127/><E131/><V41/><F41/><W34/><G134/><T21/><D107/><U114/><E132/><V32/><F32/><W29/><G99/><T61/><D98/><U87/><E87/><V108/><F105/><W135/><G106/><T66/><D11/><U27/><E0/><V12/><F12/><W100/><G100/><T36/><D39/><AGARI ba="1,0" hai="13,15,39,43,46,50,55,59,108,110,111" m="49770" machi="39" ten="40,1300,0" yaku="19,1" doraHai="22" who="2" fromWho="0" sc="120,-16,226,0,521,16,133,0" /><INIT seed="6,0,0,1,5,122" ten="104,226,537,133" oya="2" hai0="33,121,13,94,49,23,78,5,31,73,102,119,103" hai1="91,132,60,114,14,83,12,38,19,70,109,85,16" hai2="96,120,52,1,40,8,77,6,112,36,71,39,18" hai3="100,80,9,44,108,56,27,24,68,50,46,61,3"/><V42/><F120/><W92/><G68/><T76/><D121/><U43/><E109/><V57/><F71/><W81/><G3/><T15/><D119/><U45/><E132/><V135/><F135/><W107/><G107/><T125/><D125/><U88/><E114/><V28/><F112/><W54/><G108/><T48/><D33/><U131/><E131/><V124/><F124/><W34/><G9/><T10/><D73/><U72/><E72/><V127/><F28/><W79/><G44/><T63/><D63/><U26/><E26/><V58/><F58/><W11/><G11/><T7/><D7/><U4/><E4/><V35/><F35/><W89/><G100/><N who="0" m="38443" /><D94/><U51/><E38/><V17/><F96/><N who="3" m="57359" /><G34/><T82/><D82/><N who="3" m="31849" /><G79/><N who="0" m="30251" /><D31/><U20/><E91/><V41/><F77/><W117/><G117/><T90/><D90/><U115/><E115/><V97/><F127/><W128/><G128/><T113/><D113/><U37/><E37/><V32/><F32/><W116/><G116/><T87/><D87/><U30/><E30/><V106/><F36/><W62/><G62/><T67/><D67/><AGARI ba="0,0" hai="24,27,46,50,54,56,61,67" m="31849,57359" machi="67" ten="30,1000,0" yaku="8,1" doraHai="122" who="3" fromWho="0" sc="104,-10,226,0,537,0,133,10" /><INIT seed="7,0,0,2,2,116" ten="94,226,537,143" oya="3" hai0="130,135,34,75,53,8,27,101,28,133,122,118,15" hai1="84,52,2,117,24,58,66,51,23,48,89,0,86" hai2="60,76,93,132,61,67,92,115,102,20,126,17,72" hai3="95,128,55,134,43,37,103,88,25,14,74,54,108"/><W35/><G74/><T19/><D75/><U13/><E117/><V78/><F115/><W63/><G103/><T7/><D53/><U3/><E66/><V99/><F126/><W77/><G77/><T69/><D101/><U18/><E84/><V129/><F129/><W46/><G128/><T81/><D81/><U32/><E48/><V5/><F132/><N who="0" m="50762" /><D69/><U12/><E32/><V31/><F5/><W106/><G106/><T36/><D36/><U44/><E44/><V131/><F131/><W30/><G108/><T82/><D82/><U4/><E4/><V10/><F92/><W6/><G134/><T109/><D130/><U73/><E73/><V22/><F72/><W124/><G124/><T21/><D109/><U113/><E113/><V26/><F10/><W68/><G68/><T110/><D110/><U97/><E97/><V112/><F112/><W56/><G55/><T71/><D71/><U127/><E127/><V125/><F125/><W39/><G39/><T111/><D111/><U79/><E79/><N who="2" m="30251" /><F67/><W104/><G104/><T33/><D118/><U9/><E9/><V85/><F85/><W42/><G42/><T96/><D96/><U80/><AGARI ba="0,0" hai="0,2,3,12,13,18,23,24,51,52,58,80,86,89" machi="80" ten="30,2000,0" yaku="0,1,54,1" doraHai="116" who="1" fromWho="1" sc="94,-5,226,20,537,-5,143,-10" owari="89,-41.0,246,5.0,532,63.0,133,-27.0" /></mjloggm>