<mjloggm ver="2.3"><GO type="169" lobby="0"/><UN n0="%E3%82%AB%E3%83%84%E3%82%AA%E6%AD%A6%E5%A3%AB" n1="%64%61%6E%6E%63%68%69" n2="%E5%B0%B1%E6%B4%BB%E7%94%9F%40%E5%B7%9D%E6%9D%91%E8%BB%8D%E5%9B%A3" n3="%45%47%41%4B%55" dan="16,16,18,16" rate="2088.23,2074.49,2231.30,2040.07" sx="M,M,M,M"/><TAIKYOKU oya="0"/><INIT seed="0,0,0,3,2,33" ten="250,250,250,250" oya="0" hai0="116,113,112,38,123,31,8,47,77,0,76,92,35" hai1="73,90,102,53,57,41,84,107,134,135,22,66,58" hai2="15,49,81,5,129,127,42,45,54,65,69,6,26" hai3="14,106,97,99,98,19,59,39,48,10,103,78,117"/><T67/><D116/><U82/><E41/><V44/><F127/><W50/><G39/><T24/><D123/><U21/><E73/><V16/><F129/><W104/><G117/><T125/><D67/><U118/><E118/><V130/><F130/><W43/><G78/><T128/><D128/><U4/><E4/><V131/><F131/><W9/><G43/><T46/><D92/><U55/><E107/><V85/><F65/><W101/><G97/><T63/><D63/><N who="1" m="38263" /><E102/><V52/><F26/><W89/><G89/><T62/><D62/><N who="1" m="36143" /><E55/><N who="2" m="21035" /><F45/><W91/><G91/><T133/><D125/><U80/><E80/><V18/><F69/><W114/><G114/><T64/><D64/><U36/><E36/><V37/><F37/><W95/><G95/><T122/><D122/><U96/><E96/><V88/><F18/><W105/><G105/><T20/><D47/><U93/><E82/><V23/><AGARI ba="0,0" hai="5,6,15,16,23,42,44,49,81,85,88" m="21035" machi="23" ten="30,7900,0" yaku="8,1,54,3" doraHai="33" who="2" fromWho="2" sc="250,-39,250,-20,250,79,250,-20" /><INIT seed="1,0,0,3,4,47" ten="211,230,329,230" oya="1" hai0="3,106,31,34,53,62,52,72,131,44,80,32,101" hai1="73,37,42,122,119,41,29,15,2,108,14,10,59" hai2="115,54,64,78,96,4,30,109,8,27,118,76,86" hai3="24,22,11,92,33,88,114,116,91,25,56,16,75"/><U39/><E119/><V38/><F38/><W51/><G75/><T70/><D3/><U58/><E73/><V102/><F118/><W66/><G116/><T50/><D106/><U79/><E122/><V68/><F115/><W67/><G114/><T43/><D101/><U93/><E108/><V107/><F109/><W130/><G130/><T1/><D1/><U63/><E79/><V83/><F54/><N who="3" m="31839" /><G33/><T17/><D131/><U129/><E2/><V55/><F55/><W57/><G11/><T104/><D104/><U100/><E129/><V97/><F97/><N who="3" m="57479" /><G57/><T35/><D17/><U121/><E121/><V111/><F111/><W6/><G6/><T28/><D53/><U132/><E10/><V98/><F98/><W71/><G71/><T90/><D43/><U123/><E123/><V112/><F112/><W127/><G127/><T105/><D105/><U120/><E120/><V61/><F8/><W49/><G49/><T128/><D128/><U99/><E37/><V133/><F4/><W82/><G25/><T81/><D72/><U103/><E39/><V126/><F126/><W125/><G125/><T20/><D35/><U94/><E99/><V84/><F133/><W124/><G124/><T46/><D34/><U7/><E7/><V40/><F40/><W21/><G21/><T19/><D32/><U113/><E113/><V95/><F107/><W60/><G60/><T74/><D74/><U135/><E63/><V110/><F110/><W87/><AGARI ba="0,0" hai="16,22,24,66,67,82,87,91" m="57479,31839" machi="87" ten="30,7900,0" yaku="8,1,52,1,54,2" doraHai="47" who="3" fromWho="3" sc="211,-20,230,-39,329,-20,230,79" /><INIT seed="2,0,0,2,2,90" ten="191,191,309,309" oya="2" hai0="31,1,72,48,9,59,15,88,3,53,55,19,123" hai1="79,38,87,29,98,45,89,6,44,106,108,114,30" hai2="78,92,67,54,127,56,102,32,2,128,28,86,21" hai3="97,34,14,132,62,111,37,58,33,77,75,84,64"/><V23/><F2/><W63/><G37/><T17/><D72/><U24/><E114/><V12/><F127/><W47/><G75/><T96/><D31/><U122/><E108/><V40/><F128/><W71/><G111/><T13/><D123/><U131/><E131/><V49/><F32/><W69/><G69/><T113/><D113/><U119/><E119/><V5/><F40/><W0/><G0/><T16/><D19/><U18/><E6/><V43/><F43/><W94/><G47/><T112/><D112/><U129/><E129/><V125/><F125/><W109/><G109/><T76/><D76/><U80/><E122/><V134/><F134/><W101/><G132/><T135/><D135/><U26/><E18/><V118/><F67/><W85/><G85/><T52/><D3/><U50/><E38/><V66/><F66/><W133/><G133/><T42/><D42/><U8/><E8/><N who="2" m="4111" /><F28/><W121/><G121/><T65/><D65/><U110/><E110/><V10/><F10/><W4/><G4/><T70/><D70/><U81/><E30/><V27/><F27/><W22/><G34/><T126/><D1/><U100/><E50/><V39/><F39/><W105/><G33/><T36/><D36/><U60/><E60/><V95/><F118/><W35/><G62/><T120/><D120/><U124/><E124/><V46/><F46/><N who="1" m="18025" /><E29/><V51/><F51/><W130/><G35/><T107/><D126/><U20/><E20/><N who="2" m="7755" /><F102/><W7/><G130/><T99/><D107/><U57/><E57/><V117/><F117/><W82/><G105/><T41/><D41/><RYUUKYOKU ba="0,0" sc="191,-15,191,15,309,15,309,-15" hai1="24,26,79,80,81,87,89,98,100,106" hai2="49,54,56,78,86,92,95" /><INIT seed="2,1,0,1,0,64" ten="176,206,324,294" oya="2" hai0="134,4,112,92,99,97,86,45,82,17,28,53,123" hai1="22,65,38,81,39,121,26,41,70,119,95,66,55" hai2="124,6,51,12,63,3,84,44,36,122,96,94,108" hai3="100,13,118,49,89,114,73,71,117,101,21,125,61"/><V129/><F122/><W106/><G73/><T93/><D123/><U69/><E121/><V67/><F36/><W102/><G106/><T57/><D4/><U115/><E115/><V116/><F116/><W58/><G114/><T79/><D112/><U104/><E104/><V111/><F3/><W14/><G49/><T120/><D120/><U8/><E8/><V105/><F105/><W76/><G76/><T27/><D45/><U40/><E95/><V90/><F129/><W59/><G89/><T31/><D134/><U132/><E81/><V60/><F124/><W133/><G133/><T77/><D77/><U2/><E2/><V128/><F128/><W52/><G125/><T50/><D17/><U23/><E26/><V25/><F25/><W24/><G59/><T32/><D32/><U20/><E132/><V15/><F96/><W78/><G78/><T62/><D50/><U110/><E55/><V34/><F34/><W46/><G46/><T107/><D27/><U135/><E135/><V74/><F74/><W80/><G80/><T87/><D87/><U109/><REACH who="1" step="1"/><E23/><REACH who="1" ten="176,196,324,294" step="2"/><V68/><F6/><W98/><G21/><T83/><D83/><U37/><E37/><V7/><F7/><W10/><G117/><AGARI ba="1,1" hai="20,22,38,39,40,41,65,66,69,70,109,110,117,119" machi="117" ten="25,12000,2" yaku="1,1,22,2,52,2,53,2" doraHai="64" doraHaiUra="18" who="1" fromWho="3" sc="176,0,196,133,324,0,294,-123" /><INIT seed="3,0,0,1,2,11" ten="176,329,324,171" oya="3" hai0="33,119,124,112,10,2,39,122,68,70,54,135,80" hai1="14,8,3,59,76,133,1,17,102,60,65,36,21" hai2="37,35,22,55,72,74,96,0,42,100,20,61,44" hai3="126,5,9,113,106,88,111,58,13,86,105,82,47"/><W63/><G113/><T62/><RYUUKYOKU type="yao9" ba="0,0" sc="176,0,329,0,324,0,171,0" hai0="2,10,33,39,54,62,68,70,80,112,119,122,124,135" /><INIT seed="3,1,0,3,2,131" ten="176,329,324,171" oya="3" hai0="1,54,51,102,15,93,92,8,110,72,109,116,87" hai1="18,135,70,6,105,64,22,4,26,80,103,62,117" hai2="50,32,77,56,12,0,123,121,29,129,91,42,96" hai3="133,94,86,75,39,34,25,24,58,106,19,37,48"/><W113/><G75/><T44/><D72/><U31/><E135/><V59/><F0/><W23/><G106/><T126/><D116/><U14/><E117/><V60/><F129/><W20/><G113/><T41/><D1/><U127/><E127/><V55/><F77/><W89/><G133/><T36/><D126/><U107/><E80/><V45/><F32/><W119/><G34/><T49/><D36/><U11/><E103/><V100/><F29/><W125/><G125/><T108/><D102/><U81/><E81/><V16/><F91/><W27/><G119/><T130/><D87/><U5/><AGARI ba="1,0" hai="4,5,6,11,14,18,22,26,31,62,64,70,105,107" machi="5" ten="30,1100,0" yaku="0,1" doraHai="131" who="1" fromWho="1" sc="176,-4,329,14,324,-4,171,-6" /><INIT seed="4,0,0,5,1,122" ten="172,343,320,165" oya="0" hai0="102,80,14,36,39,41,9,11,116,23,26,104,22" hai1="21,89,37,76,88,113,87,99,101,7,94,96,2" hai2="118,108,85,92,131,117,51,34,128,25,68,8,111" hai3="19,74,17,121,65,55,127,1,120,78,70,53,49"/><T72/><D116/><N who="2" m="44650" /><F68/><W97/><G1/><T6/><D102/><N who="1" m="60695" /><E37/><V95/><F8/><W15/><G78/><T98/><D98/><U16/><E2/><V3/><F3/><W5/><G74/><T58/><D104/><U86/><E7/><V135/><F135/><W112/><G97/><T114/><D114/><U123/><E123/><V90/><F92/><W77/><G77/><T43/><D58/><U10/><E10/><V105/><F105/><W107/><G107/><T130/><D130/><N who="2" m="49706" /><F51/><W126/><G112/><T124/><D124/><U60/><E113/><V79/><F79/><W44/><G126/><T125/><D125/><U32/><E76/><V62/><F62/><W57/><G70/><T81/><D6/><U38/><E38/><V0/><F0/><W84/><G120/><T45/><D14/><N who="1" m="9367" /><E60/><V52/><F52/><W82/><G5/><T29/><D26/><U20/><E32/><V40/><F40/><W27/><G27/><T93/><D93/><N who="1" m="58607" /><E20/><V28/><AGARI ba="0,0" hai="25,28,34,85,90,95,108,111" m="49706,44650" machi="28" ten="40,8000,1" yaku="12,1,19,1,52,2" doraHai="122" who="2" fromWho="2" sc="172,-40,343,-20,320,80,165,-20" /><INIT seed="5,0,0,2,0,43" ten="132,323,400,145" oya="1" hai0="23,49,32,8,34,120,89,12,24,11,118,127,122" hai1="22,128,55,86,10,31,26,68,125,71,82,78,29" hai2="97,15,37,94,135,27,40,130,100,6,14,64,124" hai3="33,60,113,95,45,35,57,121,84,41,102,81,133"/><U4/><E125/><V65/><F130/><W21/><G121/><N who="0" m="46699" /><D89/><U79/><E128/><V50/><F37/><W20/><G113/><T48/><D48/><U76/><E31/><V36/><F36/><W99/><G133/><T7/><D49/><U47/><E55/><V70/><F70/><W46/><G35/><N who="0" m="13355" /><D127/><U0/><REACH who="1" step="1"/><E47/><REACH who="1" ten="132,313,400,145" step="2"/><N who="3" m="17930" /><G41/><T131/><D131/><U56/><E56/><V59/><F124/><W69/><G69/><AGARI ba="0,1" hai="0,4,10,22,26,29,68,69,71,76,78,79,82,86" machi="69" ten="40,2000,0" yaku="1,1,53,0" doraHai="43" doraHaiUra="107" who="1" fromWho="3" sc="132,0,313,30,400,0,145,-20" /><INIT seed="5,1,0,5,5,84" ten="132,343,400,125" oya="1" hai0="37,17,43,61,69,46,131,64,73,6,89,130,113" hai1="9,82,81,54,35,129,107,10,13,52,26,124,58" hai2="108,25,88,70,8,33,106,66,116,45,55,127,101" hai3="49,57,98,87,62,36,50,0,71,11,121,100,63"/><U132/><E107/><V53/><F108/><W12/><G36/><T86/><D73/><U103/><E103/><V68/><F116/><W109/><G109/><T117/><D117/><U112/><E112/><V91/><F127/><W42/><G71/><T7/><D17/><U133/><E124/><V18/><F8/><W48/><G0/><T72/><D72/><U118/><E118/><V56/><F18/><W126/><G126/><T16/><D113/><U34/><E129/><N who="0" m="49161" /><D16/><N who="1" m="8239" /><E10/><V92/><F92/><AGARI ba="1,0" hai="6,7,37,43,46,61,64,69,86,89,92" m="49161" machi="92" ten="30,2000,0" yaku="19,1,52,1" doraHai="84" who="0" fromWho="2" sc="132,23,343,0,400,-23,125,0" /><INIT seed="6,0,0,2,4,85" ten="155,343,377,125" oya="2" hai0="91,129,46,111,3,80,105,16,27,68,77,11,86" hai1="32,55,82,101,132,18,28,34,0,73,70,8,76" hai2="49,5,123,35,48,47,133,94,116,7,83,45,84" hai3="25,41,4,20,33,87,61,109,108,66,119,10,51"/><V99/><F116/><W110/><G33/><T24/><D105/><U131/><E101/><V88/><F35/><W115/><G119/><T43/><D111/><U21/><E131/><V1/><F123/><W126/><G126/><T57/><D68/><U22/><E70/><V112/><F112/><W36/><G36/><T75/><D57/><U127/><E127/><V12/><F1/><W90/><G41/><T2/><D2/><U102/><E102/><V44/><F133/><W6/><G51/><N who="2" m="19529" /><F12/><W107/><G107/><T118/><D129/><U67/><E67/><V96/><F96/><W122/><G122/><T59/><D59/><U93/><E55/><V52/><F52/><W100/><G100/><AGARI ba="0,0" hai="5,7,44,45,47,83,84,88,94,99,100" m="19529" machi="100" ten="30,5800,0" yaku="8,1,52,1,54,1" doraHai="85" who="2" fromWho="3" sc="155,0,343,0,377,58,125,-58" /><INIT seed="6,1,0,1,0,64" ten="155,343,435,67" oya="2" hai0="82,72,9,4,31,117,123,24,129,75,101,51,45" hai1="133,70,90,39,107,66,13,1,42,120,83,22,103" hai2="36,35,86,99,17,38,14,5,43,127,113,125,81" hai3="21,29,134,30,61,60,46,0,3,116,41,44,12"/><V19/><F35/><W50/><G116/><T92/><D123/><U104/><E1/><V67/><F113/><W57/><G134/><T80/><D117/><U48/><E39/><V47/><F36/><W128/><G128/><T26/><D75/><U40/><E103/><V91/><F67/><W8/><G3/><T105/><D105/><U56/><E66/><V59/><F59/><W111/><G0/><T53/><D26/><U62/><E56/><V96/><F5/><W102/><G102/><T124/><D72/><U87/><E48/><V10/><REACH who="2" step="1"/><F17/><REACH who="2" ten="155,343,425,67" step="2"/><W115/><G115/><T131/><D131/><U110/><E120/><V15/><F15/><W54/><G12/><T23/><D129/><U49/><E13/><V89/><F89/><W16/><G57/><T109/><D4/><U130/><E90/><V18/><F18/><W25/><G16/><T93/><D101/><U118/><E133/><V28/><F28/><W37/><G29/><T74/><D31/><U114/><E130/><V7/><F7/><W79/><G30/><T58/><D58/><U126/><E114/><V119/><F119/><W11/><G46/><T84/><D45/><U69/><E118/><V76/><F76/><W135/><G79/><T6/><D6/><U85/><E62/><N who="3" m="24170" /><G135/><T132/><D132/><U106/><E49/><V94/><F94/><W100/><G100/><T2/><D93/><U88/><E106/><V98/><AGARI ba="1,1" hai="10,14,19,38,43,47,81,86,91,96,98,99,125,127" machi="98" ten="30,3000,0" yaku="1,1,0,1,53,0" doraHai="64" doraHaiUra="121" who="2" fromWho="2" sc="155,-11,343,-11,425,43,67,-11" /><INIT seed="6,2,0,0,3,29" ten="144,332,468,56" oya="2" hai0="112,11,71,12,63,39,86,46,67,113,19,96,104" hai1="126,36,115,22,5,53,75,33,134,117,55,31,38" hai2="110,44,51,18,49,76,35,40,4,135,23,26,62" hai3="80,91,37,111,97,7,130,90,95,118,65,9,43"/><V88/><F110/><W101/><G118/><T105/><D86/><U94/><E75/><V98/><F135/><W14/><G130/><T15/><D96/><U121/><E117/><V8/><F76/><W116/><G116/><T25/><D25/><U47/><E22/><V127/><F127/><W52/><G111/><T24/><D24/><U32/><E31/><V85/><F62/><W27/><G65/><T2/><D2/><U103/><E134/><V42/><F98/><W106/><G80/><T107/><D46/><U102/><E126/><V0/><F35/><W79/><G79/><T124/><D124/><U61/><E47/><V72/><F72/><W108/><G108/><T81/><D39/><U56/><E5/><V10/><F8/><W93/><G43/><T48/><D48/><U57/><E61/><V16/><F18/><W82/><G37/><T1/><D81/><U89/><E89/><V34/><F34/><W58/><G82/><T21/><D1/><U114/><E94/><V70/><F70/><W59/><G59/><T69/><D69/><U129/><E121/><V6/><F6/><W68/><G68/><T120/><D120/><U123/><E123/><V99/><F99/><W77/><G77/><T60/><D60/><U132/><E132/><V74/><F74/><W78/><G78/><T66/><D66/><U50/><E50/><V28/><F49/><N who="3" m="30991" /><G27/><T17/><AGARI ba="2,0" hai="11,12,15,17,19,21,63,67,71,104,105,107,112,113" machi="17" ten="40,1500,0" yaku="0,1" doraHai="29" who="0" fromWho="0" sc="144,21,332,-6,468,-9,56,-6" /><INIT seed="7,0,0,5,1,23" ten="165,326,459,50" oya="3" hai0="47,65,62,20,63,117,99,42,68,34,81,49,76" hai1="123,118,91,41,59,67,46,88,120,58,50,111,22" hai2="113,0,73,16,89,94,2,106,90,39,109,55,29" hai3="25,66,27,115,105,3,71,7,102,72,74,70,43"/><W11/><G115/><T84/><D34/><U36/><E111/><V48/><F106/><W15/><G15/><T75/><D117/><U57/><E22/><V129/><F39/><W37/><G37/><T112/><D112/><U131/><E91/><V44/><F73/><W64/><G43/><T121/><D121/><U60/><E88/><V101/><F109/><W8/><G7/><T134/><D134/><U26/><E118/><V9/><F129/><W35/><G35/><T14/><D63/><U53/><E131/><V61/><F113/><W130/><G130/><T128/><D128/><U21/><E58/><V31/><F2/><W54/><G54/><T6/><D99/><U127/><E127/><V114/><F114/><W108/><G108/><T87/><D20/><U83/><E83/><V52/><F101/><W122/><G102/><T82/><D82/><U132/><E132/><V51/><F61/><W116/><G116/><T100/><D100/><U104/><E104/><V45/><F0/><W32/><G32/><T96/><D96/><U17/><AGARI ba="0,0" hai="17,21,26,36,41,46,50,53,57,59,60,67,120,123" machi="17" ten="20,2700,0" yaku="0,1,7,1,52,1" doraHai="23" who="1" fromWho="1" sc="165,-7,326,27,459,-7,50,-13" owari="158,-24.0,353,15.0,452,55.0,37,-46.0" /></mjloggm>