<mjloggm ver="2.3"><GO type="169" lobby="0"/><UN n0="%4B%E3%80%82" n1="%E5%B0%B1%E6%B4%BB%E7%94%9F%40%E5%B7%9D%E6%9D%91%E8%BB%8D%E5%9B%A3" n2="%67%69%6A%79%75%74%75" n3="%66%65%65%73" dan="18,17,17,17" rate="2240.42,2148.60,2214.30,2132.73" sx="M,M,M,M"/><TAIKYOKU oya="0"/><INIT seed="0,0,0,0,2,111" ten="250,250,250,250" oya="0" hai0="72,107,123,78,86,27,11,114,92,23,22,48,34" hai1="28,42,26,128,19,12,120,8,59,56,103,100,68" hai2="14,21,89,135,83,110,52,84,3,132,44,35,133" hai3="50,127,105,15,49,9,40,108,13,70,97,119,18"/><T85/><D123/><U30/><E120/><V66/><F35/><W45/><G119/><T131/><D131/><U73/><E68/><V67/><F3/><W25/><G70/><T90/><D85/><U75/><E128/><V93/><F110/><W53/><G108/><T41/><D11/><U5/><E42/><V20/><F93/><W69/><G69/><T96/><D114/><U60/><E75/><V6/><F6/><W118/><G118/><T124/><D124/><U24/><E73/><V2/><F2/><W130/><G130/><T74/><D74/><U77/><E77/><V109/><F109/><W122/><G127/><T36/><D36/><U125/><E59/><V129/><F129/><W88/><G122/><T115/><D115/><U7/><E5/><V54/><F14/><N who="3" m="7503" /><G105/><T80/><D41/><U117/><E117/><V16/><F44/><N who="3" m="27815" /><G25/><N who="1" m="9834" /><E7/><V38/><F38/><W1/><G1/><T0/><D48/><U29/><E125/><V37/><F37/><W82/><G97/><T87/><D0/><U113/><E113/><V106/><F106/><W43/><G40/><T102/><REACH who="0" step="1"/><D87/><AGARI ba="0,0" hai="13,15,43,45,50,82,87,88" m="27815,7503" machi="87" ten="30,3900,0" yaku="25,1,8,1,54,1" doraHai="111" who="3" fromWho="0" sc="250,-39,250,0,250,0,250,39" /><INIT seed="1,0,0,2,2,100" ten="211,250,250,289" oya="1" hai0="132,2,88,42,124,0,111,69,72,84,18,83,39" hai1="15,24,108,31,3,13,119,47,23,20,14,118,112" hai2="50,90,66,126,60,21,91,61,129,127,76,79,81" hai3="51,44,17,106,92,45,110,97,80,78,55,73,98"/><U29/><E47/><V103/><F103/><W104/><G110/><T71/><D111/><U43/><E43/><V64/><F21/><W74/><G74/><T59/><D72/><U114/><E108/><V121/><F50/><W11/><G45/><T135/><D124/><U1/><REACH who="1" step="1"/><E15/><REACH who="1" ten="211,240,250,289" step="2"/><V131/><REACH who="2" step="1"/><F81/><REACH who="2" ten="211,240,240,289" step="2"/><W133/><G80/><T101/><D83/><U30/><E30/><V125/><F125/><W82/><G82/><T58/><D0/><U9/><E9/><V57/><F57/><W12/><G11/><T32/><D2/><U122/><E122/><AGARI ba="0,2" hai="60,61,64,66,76,79,90,91,121,122,126,127,129,131" machi="122" ten="25,3200,0" yaku="1,1,22,2,53,0" doraHai="100" doraHaiUra="33" who="2" fromWho="1" sc="211,0,240,-32,240,52,289,0" /><INIT seed="2,0,0,0,4,118" ten="211,208,292,289" oya="2" hai0="56,32,38,6,113,15,1,121,7,95,25,19,109" hai1="27,110,20,0,51,88,42,59,14,108,104,98,84" hai2="116,52,24,87,34,2,73,83,123,82,90,5,12" hai3="65,130,9,48,79,71,62,76,115,69,126,33,70"/><V55/><F116/><W102/><G33/><T22/><D38/><U91/><E0/><V68/><F2/><W50/><G102/><T129/><D113/><U54/><E42/><V132/><F68/><W72/><G9/><T133/><D133/><U16/><E27/><V35/><F132/><W13/><G13/><T28/><D109/><U39/><E39/><V49/><F55/><W124/><G72/><T74/><D74/><U94/><REACH who="1" step="1"/><E91/><REACH who="1" ten="211,198,292,289" step="2"/><V92/><F24/><W47/><G115/><T111/><D111/><U58/><E58/><V18/><F34/><W41/><G70/><T77/><D56/><U61/><E61/><V31/><F35/><W63/><G130/><T86/><D129/><U29/><E29/><V100/><F31/><W99/><G63/><T78/><D121/><U43/><E43/><V117/><F123/><W120/><G71/><T106/><D1/><U85/><E85/><V26/><F73/><W122/><G99/><T97/><D32/><U112/><E112/><V89/><F117/><W101/><G50/><T119/><D119/><U30/><E30/><V127/><F90/><W128/><G128/><T103/><D28/><U60/><E60/><V114/><F114/><W37/><G37/><T4/><D25/><U46/><E46/><N who="2" m="27703" /><F26/><W57/><G69/><T66/><D66/><U96/><E96/><V23/><F89/><W3/><G3/><T107/><D86/><U67/><E67/><V134/><F87/><W40/><G122/><T10/><D97/><U64/><E64/><V45/><F45/><W105/><G120/><T125/><D15/><RYUUKYOKU ba="0,1" sc="211,-10,198,30,292,-10,289,-10" hai1="14,16,20,51,54,59,84,88,94,98,104,108,110" /><INIT seed="3,1,1,2,1,44" ten="201,228,282,279" oya="3" hai0="84,19,54,46,52,39,13,75,77,1,121,9,7" hai1="17,131,31,103,135,132,51,29,24,126,11,63,113" hai2="79,62,37,94,30,130,96,72,70,41,125,114,105" hai3="97,104,59,134,115,117,102,73,66,100,27,85,35"/><W118/><G115/><T8/><D121/><U10/><E103/><V69/><F94/><W0/><G102/><T106/><D84/><U82/><E63/><V50/><F30/><N who="1" m="11273" /><E82/><V57/><F96/><W127/><G35/><T6/><D19/><U48/><E113/><V12/><F12/><W112/><G27/><T34/><D34/><U4/><E131/><V40/><F79/><W33/><G33/><T64/><D64/><U108/><E108/><V83/><F83/><W93/><G0/><T123/><D106/><U101/><E101/><V76/><F76/><W22/><G22/><T53/><D123/><U91/><E91/><V16/><F72/><W36/><G36/><T92/><D92/><U116/><E126/><V45/><F105/><W110/><G59/><T49/><REACH who="0" step="1"/><D39/><REACH who="0" ten="191,228,282,279" step="2"/><U20/><E116/><V68/><F16/><W21/><G66/><T55/><D55/><U14/><E11/><V67/><F114/><W80/><G112/><T3/><D3/><U124/><E124/><V86/><F125/><W89/><G127/><T61/><D61/><U81/><E81/><AGARI ba="1,2" hai="1,6,7,8,9,13,46,49,52,53,54,75,77,81" machi="81" ten="40,5200,0" yaku="1,1,52,1,54,1,53,0" doraHai="44" doraHaiUra="133" who="0" fromWho="1" sc="191,75,228,-55,282,0,279,0" /><INIT seed="4,0,0,3,0,119" ten="266,173,282,279" oya="0" hai0="0,62,19,69,123,52,128,130,75,129,21,65,2" hai1="121,87,43,134,91,113,5,66,53,12,127,54,122" hai2="57,26,48,28,94,115,108,46,97,40,45,42,76" hai3="111,85,120,39,132,10,7,47,51,36,1,34,58"/><T112/><D112/><U125/><E43/><V14/><F108/><W133/><G111/><T114/><D114/><U55/><E113/><V131/><F115/><W67/><G34/><T44/><D75/><U49/><E66/><V116/><F131/><W74/><G74/><T32/><D32/><U98/><E98/><V92/><F116/><W88/><G58/><T35/><D35/><U22/><E134/><N who="3" m="51818" /><G67/><T83/><D83/><U4/><E49/><V96/><F57/><W23/><G23/><T107/><D107/><U105/><E105/><V9/><F76/><W50/><G120/><N who="1" m="46186" /><E22/><N who="2" m="15447" /><F97/><W82/><G51/><N who="0" m="28775" /><D123/><U118/><E12/><AGARI ba="0,0" hai="0,2,12,19,21,62,65,69,128,129,130" m="28775" machi="12" ten="30,2900,0" yaku="19,1,54,1" doraHai="119" who="0" fromWho="1" sc="266,29,173,-29,282,0,279,0" /><INIT seed="4,1,0,3,5,75" ten="295,144,282,279" oya="0" hai0="88,77,102,68,121,46,27,6,44,52,99,39,105" hai1="135,87,127,85,128,76,13,4,108,32,51,73,47" hai2="17,89,71,41,22,92,123,106,80,119,34,67,91" hai3="37,50,78,79,5,9,64,101,56,82,54,15,111"/><T36/><D121/><U62/><E108/><V115/><F123/><W7/><G111/><T70/><D6/><U122/><E32/><V55/><F106/><W81/><G37/><T118/><D118/><U116/><E116/><V130/><F34/><W3/><G101/><T2/><D2/><U29/><E122/><V25/><F119/><W60/><G3/><T18/><D18/><U10/><E29/><V57/><F41/><W1/><G5/><T112/><D27/><U0/><E0/><V31/><F71/><W86/><G1/><T20/><D20/><U103/><E103/><V40/><F40/><W63/><REACH who="3" step="1"/><G64/><REACH who="3" ten="295,144,282,269" step="2"/><T100/><D100/><U133/><E128/><V53/><F130/><W24/><G24/><T42/><D36/><U74/><E127/><V117/><F117/><W23/><G23/><T98/><D102/><U120/><E120/><V110/><F110/><W38/><G38/><T19/><D39/><U16/><E4/><V131/><F67/><W96/><G96/><T8/><D99/><U95/><E133/><V11/><F25/><W69/><G69/><T26/><D68/><U65/><E135/><V66/><F22/><W45/><G45/><T84/><D70/><U114/><E114/><V107/><F115/><W30/><G30/><T109/><D112/><U58/><E47/><V61/><F31/><W35/><G35/><T125/><D44/><U72/><E13/><N who="2" m="7359" /><F131/><W14/><G14/><T132/><D109/><U134/><E134/><V21/><F21/><W90/><G90/><T93/><D132/><U124/><E124/><V104/><F89/><RYUUKYOKU ba="1,1" sc="295,-10,144,-10,282,-10,269,30" hai3="7,9,15,50,54,56,60,63,78,79,81,82,86" /><INIT seed="5,2,1,1,4,36" ten="285,134,272,299" oya="1" hai0="119,44,34,79,97,83,42,130,54,38,67,47,73" hai1="63,113,99,41,81,95,33,110,53,129,27,14,89" hai2="82,49,64,48,128,87,58,84,28,127,9,104,18" hai3="100,61,11,80,30,12,107,70,15,22,69,3,39"/><U131/><E110/><V117/><F104/><W112/><G39/><T86/><D119/><U1/><E1/><V5/><F117/><W118/><G118/><T13/><D130/><U32/><E113/><V62/><F128/><N who="1" m="49225" /><E27/><V85/><F127/><W106/><G80/><T60/><D34/><N who="1" m="13419" /><E14/><N who="2" m="5423" /><F28/><W21/><G30/><T0/><D97/><U55/><E81/><V35/><F35/><W96/><G3/><T78/><D0/><U65/><E41/><V2/><F2/><W51/><G96/><T90/><D13/><U52/><E55/><V132/><F82/><W20/><G15/><T103/><D73/><U10/><E10/><V31/><F31/><W71/><G12/><T19/><D19/><U120/><E120/><V8/><F8/><W43/><G11/><T6/><D6/><U72/><E72/><V77/><F18/><W101/><G112/><T59/><D79/><U124/><E124/><V135/><F77/><W23/><G23/><T125/><D78/><U26/><E26/><V4/><F4/><W68/><G20/><T88/><D125/><U114/><E114/><V126/><F126/><W115/><G21/><T37/><D83/><U76/><E76/><V92/><F92/><W45/><G22/><T111/><D111/><U121/><E121/><V7/><F7/><W122/><G122/><T16/><D16/><U24/><E24/><V40/><F40/><W74/><G74/><T25/><D25/><U57/><AGARI ba="2,1" hai="52,53,57,63,65,89,95,99" m="13419,49225" machi="57" ten="30,3000,0" yaku="19,1,54,1" doraHai="36" who="1" fromWho="1" sc="285,-12,134,46,272,-12,299,-12" /><INIT seed="5,3,0,1,4,99" ten="273,180,260,287" oya="1" hai0="72,74,105,56,70,37,8,22,106,90,7,4,71" hai1="134,92,41,16,84,93,76,81,127,51,104,28,53" hai2="62,26,103,23,121,17,66,78,30,25,32,117,116" hai3="131,67,6,82,14,108,35,96,100,58,83,18,73"/><U19/><E104/><V46/><F121/><W124/><G108/><T88/><D56/><U98/><E127/><V9/><F78/><W20/><G73/><T44/><D22/><U101/><E134/><V12/><F46/><W114/><G35/><T128/><D44/><N who="1" m="25999" /><E28/><V115/><F115/><W31/><G114/><T102/><D8/><U63/><E93/><V69/><F103/><W123/><G123/><T126/><D128/><U111/><E111/><V57/><F69/><W29/><G124/><T107/><D126/><U87/><E84/><V55/><F66/><W60/><G6/><AGARI ba="3,0" hai="6,9,12,17,23,25,26,30,32,55,57,62,116,117" machi="6" ten="30,1000,0" yaku="7,1" doraHai="99" who="2" fromWho="3" sc="273,0,180,0,260,19,287,-19" /><INIT seed="6,0,0,2,2,46" ten="273,180,279,268" oya="2" hai0="41,42,132,110,73,11,68,10,102,135,82,15,35" hai1="134,116,67,118,64,120,60,91,24,80,32,26,119" hai2="14,126,86,25,74,55,3,76,22,88,92,5,101" hai3="72,96,77,121,19,36,133,63,107,117,31,94,18"/><V29/><F3/><W33/><G121/><T113/><D110/><U131/><E120/><V49/><F126/><W71/><G36/><T111/><D111/><U125/><E125/><V65/><F65/><N who="3" m="41407" /><G94/><T83/><D35/><U37/><E37/><V97/><F74/><W38/><G38/><T100/><D68/><U78/><E131/><V17/><F76/><W130/><G117/><T45/><D45/><U61/><E134/><V127/><F127/><W84/><G72/><T8/><D15/><U39/><E39/><V75/><F75/><W79/><G133/><N who="0" m="51275" /><D113/><U66/><E91/><V48/><F55/><W108/><G130/><T12/><D12/><U51/><E51/><V122/><F5/><W114/><G114/><T4/><D4/><U103/><E103/><N who="0" m="39465" /><D73/><U98/><E98/><V44/><F44/><W59/><G96/><T112/><D112/><U85/><REACH who="1" step="1"/><E32/><REACH who="1" ten="273,170,279,268" step="2"/><V106/><F122/><W104/><G33/><AGARI ba="0,1" hai="14,17,22,25,29,33,48,49,86,88,92,97,101,106" machi="33" ten="30,11600,0" yaku="7,1,52,2,54,1" doraHai="46" who="2" fromWho="3" sc="273,0,170,0,279,126,268,-116" /><INIT seed="6,1,0,3,1,108" ten="273,170,405,152" oya="2" hai0="67,84,89,112,87,106,47,123,116,96,30,111,66" hai1="53,17,64,127,34,100,65,27,20,92,43,1,40" hai2="90,62,68,109,60,86,85,45,81,55,11,133,4" hai3="0,77,24,99,12,110,22,80,71,39,114,6,119"/><V70/><F109/><W48/><G39/><T41/><D111/><U128/><E1/><V117/><F117/><W79/><G110/><T107/><D123/><U104/><E104/><V31/><F31/><W37/><G37/><T76/><D30/><U125/><E34/><V88/><F133/><W59/><G71/><T131/><D131/><U105/><E105/><V54/><F11/><N who="3" m="4215" /><G0/><T103/><D106/><U46/><E53/><V91/><F4/><W35/><G35/><T82/><D116/><U115/><E115/><V21/><F21/><W49/><G119/><T25/><D112/><U69/><E69/><N who="2" m="26731" /><F45/><W121/><G121/><T33/><D25/><U5/><E5/><V73/><F81/><W101/><G114/><T42/><D33/><U3/><E3/><V126/><F73/><W124/><G124/><N who="1" m="47690" /><E128/><V93/><F93/><N who="3" m="58607" /><G80/><T61/><D82/><U75/><E75/><V8/><F126/><W134/><G134/><T72/><D72/><U38/><E43/><V18/><F8/><W44/><G59/><T95/><D107/><U23/><E23/><V10/><F10/><W129/><G129/><T57/><D57/><U19/><E19/><V102/><F18/><N who="3" m="12375" /><G49/><T122/><D122/><U132/><E132/><V13/><F13/><W2/><G2/><T120/><D120/><U32/><E32/><V9/><F9/><W28/><G28/><T56/><D56/><U63/><E63/><V74/><F60/><W135/><G135/><T94/><D61/><U130/><E130/><V52/><F62/><W15/><G15/><T16/><D16/><U83/><E83/><RYUUKYOKU ba="1,0" sc="273,-15,170,15,405,-15,152,15" hai1="17,20,27,38,40,46,64,65,92,100" hai3="44,48,77,79" /><INIT seed="7,2,0,4,2,94" ten="258,185,390,167" oya="3" hai0="87,55,60,98,43,63,28,24,3,132,62,48,49" hai1="20,97,9,0,2,105,89,75,11,113,6,134,52" hai2="71,30,29,1,23,19,74,68,93,91,56,103,115" hai3="7,131,33,129,5,45,123,118,119,14,16,69,25"/><W127/><G69/><T85/><D3/><U96/><E75/><V67/><F74/><W128/><G45/><N who="0" m="25663" /><D132/><U8/><E105/><V76/><F1/><W81/><G81/><T27/><D98/><U116/><E134/><V90/><F76/><W133/><G133/><T86/><D28/><U42/><E42/><V101/><F29/><N who="3" m="19631" /><G123/><T47/><AGARI ba="2,0" hai="24,27,47,49,55,60,62,63,85,86,87" m="25663" machi="47" ten="30,1100,0" yaku="8,1" doraHai="94" who="0" fromWho="0" sc="258,17,185,-5,390,-5,167,-7" owari="275,8.0,180,-22.0,385,48.0,160,-34.0" /></mjloggm>