<mjloggm ver="2.3"><GO type="169" lobby="0"/><UN n0="%E3%83%96%E3%83%AB%E3%83%96%E3%83%AB%E3%83%8F%E3%83%BC%E3%83%84" n1="%E3%82%A6%E3%83%AB%E3%83%88%E3%83%A9%E7%AB%8B%E7%9B%B4" n2="%E3%81%8A%E3%81%98%E3%81%95%E3%82%93" n3="%E3%81%98%E3%81%BE%E3%81%AE%E3%82%8A" dan="18,17,16,16" rate="2260.26,2151.50,2100.52,2104.68" sx="M,M,M,M"/><TAIKYOKU oya="0"/><INIT seed="0,0,0,4,3,126" ten="250,250,250,250" oya="0" hai0="133,31,107,116,49,33,93,109,121,123,47,100,59" hai1="122,37,21,36,131,91,86,25,58,15,71,78,132" hai2="9,106,120,118,62,27,89,42,48,113,46,30,43" hai3="92,24,69,10,66,81,65,94,85,40,18,74,117"/><T114/><D116/><U124/><E71/><V83/><F113/><W75/><G117/><T14/><D114/><U130/><E122/><V35/><F120/><W70/><G40/><T63/><D107/><U80/><E124/><V32/><F118/><W51/><G24/><T38/><D38/><U102/><E102/><V6/><F106/><W115/><G51/><T119/><D119/><U41/><E132/><V12/><F62/><W28/><G28/><T26/><D133/><U29/><E58/><V1/><F43/><W135/><G10/><T127/><D127/><U45/><E37/><V76/><F89/><W16/><G85/><T101/><D109/><U97/><E97/><V53/><F53/><W134/><REACH who="3" step="1"/><G81/><REACH who="3" ten="250,250,250,240" step="2"/><T20/><D121/><U44/><E44/><V98/><F98/><W79/><G79/><T5/><D49/><U34/><REACH who="1" step="1"/><E78/><REACH who="1" ten="250,240,250,240" step="2"/><V129/><F76/><W17/><G17/><AGARI ba="0,2" hai="15,17,21,25,29,34,36,41,45,80,86,91,130,131" machi="17" ten="40,8000,1" yaku="1,1,2,1,52,2,53,1" doraHai="126" doraHaiUra="8" who="1" fromWho="3" sc="250,0,240,100,250,0,240,-80" /><INIT seed="1,0,0,2,4,1" ten="250,340,250,160" oya="1" hai0="87,114,0,81,72,70,123,2,93,82,26,83,92" hai1="116,12,71,46,86,111,103,121,68,62,66,10,126" hai2="8,100,124,132,23,108,61,44,69,5,129,84,7" hai3="59,25,24,31,60,35,21,96,27,112,106,34,50"/><U77/><E116/><V58/><F69/><W36/><G36/><T63/><D114/><U38/><E121/><V113/><F113/><W55/><G112/><T67/><D123/><U42/><E126/><V78/><F124/><W49/><G35/><T134/><D134/><U117/><E117/><V131/><F132/><W19/><G106/><T105/><D105/><U14/><E111/><V53/><F108/><W99/><G27/><T6/><D2/><U22/><E103/><V89/><F100/><W109/><G109/><T128/><D26/><U98/><E98/><V3/><F78/><W88/><G96/><T135/><D72/><U20/><E71/><V119/><F119/><W16/><G19/><T85/><D128/><N who="2" m="49226" /><F8/><W30/><G30/><T41/><D41/><U64/><E64/><N who="2" m="38967" /><F23/><W133/><G133/><T95/><REACH who="0" step="1"/><D135/><REACH who="0" ten="240,340,250,160" step="2"/><U127/><E127/><V4/><F3/><W94/><AGARI ba="0,1" hai="16,21,24,25,31,34,49,50,55,59,60,88,94,99" machi="94" ten="30,8000,1" yaku="0,1,25,2,54,2" doraHai="1" who="3" fromWho="3" sc="240,-20,340,-40,250,-20,160,90" /><INIT seed="2,0,0,1,1,27" ten="220,300,230,250" oya="2" hai0="21,52,48,91,26,115,121,86,82,18,32,36,126" hai1="19,92,43,46,71,69,90,5,74,29,61,84,119" hai2="4,124,45,3,10,65,54,106,1,130,37,88,85" hai3="57,41,108,100,9,102,38,77,64,13,23,0,129"/><V34/><F106/><W49/><G129/><T63/><D36/><U72/><E119/><V40/><F130/><W39/><G108/><T62/><D115/><U89/><E5/><V56/><F124/><W24/><G0/><T118/><D121/><U7/><E7/><V105/><F105/><W79/><G64/><T111/><D111/><U134/><E134/><V66/><F34/><W125/><G39/><T15/><D126/><U110/><E110/><V73/><F73/><W122/><G38/><T95/><D118/><U78/><E78/><N who="3" m="29706" /><G122/><T131/><D131/><U28/><E19/><V117/><F1/><W120/><G120/><T97/><D32/><U44/><E92/><V113/><F113/><W11/><G11/><T35/><D15/><U31/><E84/><V132/><F132/><W6/><G125/><T127/><D35/><U135/><E61/><V12/><F3/><W107/><G107/><T109/><D109/><U17/><E17/><V20/><F20/><W116/><G116/><T50/><D50/><U53/><E135/><V30/><F30/><N who="3" m="17695" /><G41/><T83/><D83/><U114/><E114/><V70/><F70/><N who="1" m="26633" /><E53/><AGARI ba="0,0" hai="6,9,13,49,53,57,100,102" m="17695,29706" machi="53" ten="30,2000,0" yaku="8,1,52,1" doraHai="27" who="3" fromWho="1" sc="220,0,300,-20,230,0,250,20" /><INIT seed="3,0,0,2,2,108" ten="220,280,230,270" oya="3" hai0="132,16,9,76,20,67,89,64,46,126,72,133,8" hai1="43,111,73,48,61,104,65,35,121,62,31,12,131" hai2="98,87,14,117,106,94,41,11,97,2,124,83,85" hai3="123,120,32,29,49,26,50,37,101,51,25,34,59"/><W107/><G37/><T99/><D126/><U45/><E73/><V125/><F2/><W3/><G3/><T90/><D46/><U4/><E121/><V10/><F41/><W28/><G107/><T116/><D116/><U74/><E74/><V53/><F117/><W128/><G101/><T112/><D76/><U44/><E111/><V6/><F106/><W5/><G128/><T39/><D72/><U36/><E131/><V113/><F10/><W18/><G18/><T119/><D119/><U110/><E110/><V57/><F113/><W15/><G15/><T60/><D39/><U130/><E130/><V88/><F98/><W79/><G5/><T92/><D89/><U55/><E104/><V105/><F105/><W71/><G71/><T21/><D64/><U103/><E103/><V118/><F118/><W17/><G17/><T19/><D19/><U129/><E129/><V27/><F27/><W127/><G127/><N who="2" m="48713" /><F83/><W42/><G42/><T96/><D21/><U122/><E122/><V69/><F69/><W38/><G38/><T24/><D112/><U81/><E81/><V22/><F22/><W75/><G59/><N who="0" m="37279" /><D99/><U40/><E40/><V0/><F0/><W109/><G109/><T77/><D77/><U100/><E100/><V115/><F115/><W135/><G79/><T93/><D93/><U80/><E80/><V70/><F70/><W84/><G75/><T47/><D47/><U134/><E45/><V86/><F97/><W54/><G120/><T78/><D78/><U7/><E44/><V33/><F33/><W114/><G123/><T52/><D52/><RYUUKYOKU ba="0,0" sc="220,15,280,-15,230,15,270,-15" hai0="8,9,16,20,24,90,92,96,132,133" hai2="6,11,14,53,57,85,86,87,88,94" /><INIT seed="4,1,0,3,3,100" ten="235,265,245,255" oya="0" hai0="41,128,126,94,99,114,1,0,44,62,118,21,121" hai1="83,25,37,22,130,112,79,116,23,127,47,48,35" hai2="133,56,36,111,57,106,58,15,61,42,134,124,43" hai3="103,78,93,91,63,2,4,98,67,53,14,68,65"/><T54/><D118/><U45/><E116/><V55/><F15/><W69/><G2/><T59/><D121/><U105/><E130/><V29/><F29/><W24/><G78/><T108/><D128/><U109/><E109/><V135/><F106/><W40/><G40/><N who="2" m="15401" /><F36/><W82/><G24/><T6/><D108/><U119/><E37/><V3/><F3/><W122/><G53/><T31/><D6/><U97/><E119/><V86/><F86/><W12/><G122/><T132/><D132/><U77/><E127/><V28/><F28/><W7/><G68/><T72/><D72/><U104/><E25/><V34/><F34/><W64/><G63/><T26/><D126/><U13/><E13/><N who="3" m="5226" /><G69/><T5/><D5/><N who="3" m="2121" /><G82/><T33/><D33/><U9/><E83/><V17/><F17/><W123/><G123/><T107/><D1/><U50/><E35/><V46/><F124/><W89/><AGARI ba="1,0" hai="64,65,67,89,91,93,98,103" m="2121,5226" machi="89" ten="40,1500,0" yaku="8,1" doraHai="100" who="3" fromWho="3" sc="235,-8,265,-5,245,-5,255,18" /><INIT seed="5,0,0,5,3,125" ten="227,260,240,273" oya="1" hai0="79,4,70,117,23,25,109,102,31,118,108,105,64" hai1="112,60,58,30,94,28,114,85,86,29,88,46,104" hai2="65,126,66,24,43,84,134,131,121,75,59,13,3" hai3="26,106,69,7,110,83,98,91,87,32,55,132,97"/><U72/><E72/><V73/><F3/><W128/><G7/><T100/><D100/><U135/><E104/><V14/><F121/><W17/><G110/><T36/><D79/><U42/><E135/><V21/><F134/><W93/><G69/><T99/><D23/><U81/><E86/><V48/><F75/><W71/><G71/><T96/><D96/><U41/><E81/><V113/><F73/><W122/><G55/><T67/><D67/><N who="2" m="25610" /><F113/><N who="1" m="43625" /><E46/><N who="2" m="25695" /><F131/><W129/><G122/><T37/><D4/><U18/><E18/><N who="2" m="12343" /><F126/><W45/><G45/><T130/><D130/><N who="3" m="50281" /><G106/><T80/><D108/><U111/><E111/><V56/><F84/><N who="3" m="52455" /><G132/><T124/><D109/><U6/><E6/><V27/><F27/><W77/><G17/><T68/><D68/><U82/><E82/><V89/><F89/><W47/><G47/><T54/><D80/><U92/><E92/><V15/><AGARI ba="0,0" hai="13,14,15,56,59" m="12343,25695,25610" machi="15" ten="30,1100,0" yaku="8,1" doraHai="125" who="2" fromWho="2" sc="227,-3,260,-5,240,11,273,-3" /><INIT seed="6,0,0,5,2,73" ten="224,255,251,270" oya="2" hai0="64,26,113,84,75,121,123,98,115,67,56,124,68" hai1="38,50,42,16,83,132,112,128,47,60,104,78,15" hai2="62,96,11,71,36,61,76,19,14,105,7,116,101" hai3="129,49,133,120,88,20,53,66,81,35,25,41,33"/><V4/><F116/><W6/><G120/><T8/><D75/><U90/><E104/><V126/><F36/><W21/><G133/><T117/><D98/><U107/><E107/><V106/><F106/><W127/><G6/><T114/><D8/><U93/><E132/><V63/><F71/><W85/><G129/><T99/><D99/><U89/><E128/><V43/><F43/><W27/><G41/><T29/><D117/><U10/><E112/><V92/><F126/><W131/><G66/><T91/><D68/><U122/><E122/><N who="0" m="46601" /><D56/><U87/><E60/><V12/><F105/><W39/><G127/><T46/><D46/><U9/><E38/><V31/><F31/><W130/><G39/><T1/><D1/><U70/><E70/><V23/><REACH who="2" step="1"/><F4/><REACH who="2" ten="224,255,241,270" step="2"/><W100/><G131/><T97/><D124/><U58/><E58/><V74/><F74/><W54/><G130/><T103/><D29/><U24/><E10/><V52/><F52/><W17/><G54/><T69/><D69/><U108/><E9/><V51/><F51/><W13/><G53/><T28/><D67/><U110/><E50/><V82/><F82/><W5/><G49/><T111/><D64/><U77/><E83/><V30/><F30/><W125/><G125/><T2/><D113/><U109/><E42/><V18/><F18/><W55/><G55/><T3/><D114/><U40/><E40/><V119/><F119/><W32/><G5/><T65/><D65/><U22/><E47/><V118/><F118/><W79/><G17/><T72/><D115/><U37/><E37/><V0/><F0/><RYUUKYOKU ba="0,1" sc="224,-10,255,-10,241,30,270,-10" hai2="7,11,12,14,19,23,61,62,63,76,92,96,101" /><INIT seed="6,1,1,1,3,89" ten="214,245,271,260" oya="2" hai0="72,105,106,29,40,69,65,97,111,73,3,104,130" hai1="5,122,77,86,116,112,87,70,42,15,117,132,94" hai2="133,37,101,61,19,66,67,91,82,25,62,80,59" hai3="17,84,96,128,14,64,30,71,85,34,103,92,52"/><V125/><F37/><W7/><G7/><T109/><D97/><U83/><E70/><V107/><F125/><W55/><G128/><T45/><D130/><U115/><E42/><V119/><F119/><N who="1" m="45641" /><E5/><V46/><F133/><W20/><G34/><T31/><D3/><U6/><E15/><V21/><F46/><W13/><G30/><T38/><D29/><U79/><E6/><V113/><F113/><N who="1" m="43593" /><E132/><V88/><F101/><W127/><G14/><T27/><D109/><U129/><E129/><V23/><F107/><W120/><G127/><T22/><D111/><U74/><E122/><V9/><F9/><W110/><G120/><T26/><D26/><U90/><E79/><V114/><F114/><W123/><G123/><T43/><D43/><U44/><E44/><V118/><F118/><W2/><G2/><T75/><D65/><U11/><E11/><V93/><F23/><W39/><G110/><T56/><D56/><U68/><E68/><V81/><REACH who="2" step="1"/><F93/><REACH who="2" ten="214,245,261,260" step="2"/><W99/><G39/><T98/><D104/><U1/><E1/><V32/><F32/><W58/><G92/><T76/><D105/><U10/><E10/><V0/><F0/><W63/><G20/><T135/><D135/><U28/><E28/><V41/><F41/><W33/><G33/><T102/><D22/><U35/><E35/><V51/><F51/><W4/><G63/><T53/><D31/><U124/><E124/><V16/><F16/><W47/><G17/><T8/><D8/><U95/><E95/><V48/><F48/><W54/><G47/><T108/><D106/><U134/><E134/><RYUUKYOKU ba="1,2" sc="214,-15,245,15,261,15,260,-15" hai1="74,77,83,86,87,90,94" hai2="19,21,25,59,61,62,66,67,80,81,82,88,91" /><INIT seed="6,2,2,5,1,1" ten="199,260,276,245" oya="2" hai0="83,82,43,105,120,6,21,67,88,75,49,73,94" hai1="91,17,58,23,70,36,126,116,80,5,2,44,37" hai2="119,25,34,61,72,41,106,113,26,42,85,48,31" hai3="108,45,63,87,131,33,38,24,107,86,124,65,9"/><V90/><F72/><W96/><G108/><T89/><D105/><U0/><E70/><V115/><F106/><W114/><G114/><N who="2" m="43529" /><F119/><W111/><G111/><T117/><D120/><U92/><E116/><V134/><F134/><W101/><G131/><T118/><D67/><U135/><E135/><V100/><F100/><W14/><G124/><T123/><D123/><U13/><E126/><V78/><F78/><W54/><G38/><T98/><D43/><N who="2" m="16394" /><F48/><W66/><G54/><T128/><D49/><U84/><E44/><V133/><F133/><W27/><G45/><T28/><D128/><U11/><E0/><V74/><F74/><W32/><G107/><T12/><D73/><U60/><REACH who="1" step="1"/><E80/><REACH who="1" ten="199,250,276,245" step="2"/><N who="2" m="49447" /><F25/><W99/><G24/><N who="0" m="16399" /><D117/><U18/><E18/><V64/><F26/><W130/><G27/><T71/><D118/><U125/><E125/><V8/><F31/><W20/><G130/><T68/><D71/><U129/><E129/><V39/><F34/><W109/><G32/><T4/><D68/><U29/><E29/><V62/><F39/><W47/><G33/><T77/><D12/><U102/><E102/><V3/><F64/><AGARI ba="2,3" hai="2,5,11,13,17,23,36,37,58,60,64,84,91,92" machi="64" ten="30,3900,0" yaku="1,1,7,1,52,1,53,0" doraHai="1" doraHaiUra="112" who="1" fromWho="2" sc="199,0,250,75,276,-45,245,0" /><INIT seed="7,0,0,4,3,64" ten="199,325,231,245" oya="3" hai0="109,92,27,54,121,89,51,22,87,62,103,85,43" hai1="69,7,9,122,112,128,90,99,95,133,61,73,5" hai2="4,11,106,93,81,40,23,75,55,66,59,80,24" hai3="96,120,101,100,127,10,2,34,82,50,21,13,14"/><W113/><G34/><T111/><D121/><U129/><E122/><V65/><F106/><W102/><G120/><T57/><D103/><U60/><E73/><V53/><F40/><W72/><G127/><T79/><D109/><U134/><E112/><V18/><F93/><W71/><G71/><T110/><D110/><U48/><E48/><N who="2" m="31143" /><F75/><W76/><G113/><T88/><D79/><U67/><E61/><V38/><F38/><W44/><G2/><T6/><D6/><N who="1" m="2059" /><E9/><V8/><F55/><W1/><G10/><N who="2" m="3625" /><F4/><W116/><G1/><T33/><D33/><U31/><E31/><V0/><F0/><W91/><G116/><T49/><D43/><U32/><E32/><V70/><F70/><W37/><G37/><T124/><D124/><U119/><E119/><V117/><F117/><W19/><G13/><T63/><D49/><U35/><E35/><V135/><F135/><AGARI ba="0,0" hai="60,67,69,90,95,99,128,129,133,134,135" m="2059" machi="135" ten="30,2000,0" yaku="20,1,52,1" doraHai="64" who="1" fromWho="2" sc="199,0,325,20,231,-20,245,0" owari="199,-30.0,345,44.0,211,-19.0,245,5.0" /></mjloggm>