<mjloggm ver="2.3"><GO type="225" lobby="0"/><UN n0="%E5%B0%B1%E6%B4%BB%E7%94%9F%40%E5%B7%9D%E6%9D%91%E8%BB%8D%E5%9B%A3" n1="%E4%BF%BA%E3%81%A8%E5%A6%96%E5%A4%A2" n2="%6C%6F%4A%61%73%6B%69%6E" n3="%E3%83%AD%E3%83%9C%E3%82%B3%E3%83%97" dan="17,16,17,17" rate="2185.55,2097.05,2208.93,2220.92" sx="M,F,M,M"/><TAIKYOKU oya="0"/><INIT seed="0,0,0,0,2,35" ten="250,250,250,250" oya="0" hai0="18,9,68,53,38,131,127,3,25,102,70,57,83" hai1="73,113,72,93,79,17,67,132,90,42,26,107,108" hai2="37,103,74,24,52,104,126,8,105,40,65,71,21" hai3="75,61,36,128,111,23,20,89,82,1,41,48,99"/><T91/><D38/><U86/><E108/><V11/><F74/><W30/><G36/><T87/><D127/><U92/><E132/><V94/><F40/><W13/><G1/><T16/><D131/><U117/><E117/><V123/><F37/><W135/><G135/><T10/><D102/><U115/><E107/><V49/><F123/><W122/><G61/><T60/><D10/><U14/><E42/><V19/><F104/><W88/><G89/><T55/><D53/><U125/><E125/><V119/><F105/><W54/><G41/><T80/><D80/><N who="1" m="47391" /><E67/><V44/><F119/><W33/><G33/><T66/><D25/><U2/><E26/><V97/><REACH who="2" step="1"/><F126/><REACH who="2" ten="250,250,240,250" step="2"/><W106/><G122/><T129/><D129/><U58/><E72/><V28/><F28/><W45/><G75/><T0/><D70/><U98/><E73/><V84/><F84/><W112/><G30/><T6/><REACH who="0" step="1"/><D0/><REACH who="0" ten="240,250,240,250" step="2"/><U15/><E2/><V34/><F34/><W51/><G128/><T114/><D114/><U134/><E134/><V78/><F78/><W81/><G112/><T56/><D56/><U116/><E116/><V29/><F29/><W96/><G111/><T133/><D133/><U118/><E118/><V64/><F64/><W46/><G46/><T31/><D31/><U50/><E115/><V47/><F47/><W5/><G45/><T76/><D76/><U110/><E113/><V85/><F85/><W95/><G106/><T59/><D59/><U63/><E110/><V130/><F130/><W120/><G120/><T39/><D39/><U32/><E58/><V7/><F7/><RYUUKYOKU ba="0,2" sc="240,15,250,-15,240,15,250,-15" hai0="3,6,9,16,18,55,57,60,66,68,83,87,91" hai2="8,11,19,21,24,44,49,52,65,71,94,97,103" /><INIT seed="0,1,2,2,4,3" ten="255,235,255,235" oya="0" hai0="38,9,131,110,61,92,88,24,115,125,90,86,82" hai1="15,96,10,105,98,111,60,119,46,75,36,13,68" hai2="67,109,73,78,20,85,117,30,95,71,57,40,56" hai3="79,108,59,53,112,74,23,17,29,25,101,135,123"/><T124/><D115/><U102/><E119/><V14/><F73/><W116/><G116/><T63/><D38/><U130/><E75/><V41/><F71/><W122/><G112/><T35/><D131/><U106/><E130/><V22/><F109/><W1/><G1/><T97/><D110/><U28/><E111/><V11/><F57/><W31/><G108/><T84/><D97/><U126/><E126/><N who="0" m="48745" /><D9/><U42/><E28/><AGARI ba="1,2" hai="24,28,35,61,63,82,84,86,88,90,92" m="48745" machi="28" ten="30,2900,0" yaku="18,1,54,1" doraHai="3" who="0" fromWho="1" sc="255,52,235,-32,255,0,235,0" /><INIT seed="0,2,0,4,1,9" ten="307,203,255,235" oya="0" hai0="122,22,36,3,8,10,113,106,70,13,82,2,48" hai1="120,100,98,63,102,35,94,20,16,81,89,26,28" hai2="14,115,0,127,50,45,65,17,77,103,11,34,55" hai3="30,96,38,4,19,53,73,47,83,128,68,58,57"/><T80/><D36/><U93/><E120/><V27/><F115/><W31/><G68/><T69/><D106/><U111/><E111/><V72/><F0/><W124/><G57/><T97/><D97/><U118/><E118/><V133/><F127/><W21/><G4/><T33/><D33/><U12/><E81/><V44/><F65/><W23/><G23/><T116/><D22/><U5/><E63/><V131/><F131/><W86/><G73/><T104/><D104/><U25/><E5/><V59/><F103/><W87/><G87/><T75/><D75/><U61/><E61/><V29/><REACH who="2" step="1"/><F133/><REACH who="2" ten="307,203,245,235" step="2"/><W101/><G128/><T62/><D2/><U107/><E100/><V126/><F126/><W129/><G101/><T134/><D3/><U51/><E107/><V90/><F90/><W117/><G124/><T84/><D134/><U24/><E51/><V39/><F39/><W54/><G38/><T78/><D48/><U130/><E130/><V37/><F37/><W7/><G129/><T67/><D113/><U71/><E71/><V123/><F123/><W85/><G117/><T91/><D70/><U52/><E52/><V110/><F110/><W132/><G54/><T43/><D122/><U105/><E105/><V40/><F40/><W125/><G53/><T88/><D116/><U64/><E64/><V66/><F66/><W49/><G125/><T41/><D41/><U121/><E121/><V109/><F109/><W1/><G132/><T74/><D43/><U56/><E56/><V79/><F79/><W46/><G58/><T92/><D69/><U60/><E60/><RYUUKYOKU ba="2,1" sc="307,-15,203,15,245,15,235,-15" hai1="12,16,20,24,25,26,28,35,89,93,94,98,102" hai2="11,14,17,27,29,34,44,45,50,55,59,72,77" /><INIT seed="1,3,1,0,0,109" ten="292,218,260,220" oya="1" hai0="38,30,59,104,124,93,8,83,67,46,113,27,97" hai1="107,75,24,130,69,53,77,18,52,101,47,11,54" hai2="127,34,64,119,102,16,114,73,134,42,135,74,117" hai3="28,95,103,1,39,43,71,37,48,14,128,87,112"/><U70/><E130/><V131/><F131/><W122/><G71/><T41/><D113/><U108/><E108/><V17/><F34/><W66/><G1/><T49/><D104/><U21/><E101/><V19/><F102/><W23/><G128/><T133/><D133/><N who="2" m="50698" /><F127/><W26/><G66/><T40/><D124/><U68/><E107/><V12/><F64/><W96/><G122/><T44/><D8/><U92/><E92/><V33/><F33/><W116/><G116/><N who="2" m="44617" /><F42/><W115/><G87/><T129/><D83/><U84/><E75/><N who="2" m="28683" /><F114/><W105/><G105/><T55/><D129/><U121/><E121/><V76/><F76/><W45/><REACH who="3" step="1"/><G14/><AGARI ba="3,1" hai="12,14,16,17,19" m="28683,44617,50698" machi="14" ten="40,8000,1" yaku="28,2,20,1,54,1" doraHai="109" who="2" fromWho="3" sc="292,0,218,0,260,99,220,-89" /><INIT seed="2,0,0,2,2,90" ten="292,218,359,131" oya="2" hai0="83,125,76,124,121,27,29,95,47,49,63,132,117" hai1="40,73,60,12,96,75,86,5,55,23,10,100,44" hai2="64,131,112,110,30,89,81,2,4,113,123,78,80" hai3="128,120,14,3,118,77,133,74,65,28,7,39,126"/><V48/><F123/><W13/><G65/><T103/><D121/><U53/><E86/><V68/><F30/><W32/><G28/><T21/><D117/><U67/><E75/><V22/><F4/><W102/><G102/><T127/><D132/><U79/><E79/><V116/><F2/><W106/><G7/><T41/><D63/><U129/><E73/><V33/><F33/><W26/><G14/><T31/><D103/><U58/><E129/><V35/><F22/><W38/><G13/><T50/><D31/><U16/><E40/><V36/><F48/><W111/><G26/><T119/><D119/><U61/><E44/><V91/><F64/><W37/><G77/><T108/><D108/><U107/><REACH who="1" step="1"/><E60/><REACH who="1" ten="292,208,359,131" step="2"/><V57/><F78/><W46/><G46/><T85/><D49/><U56/><E56/><V8/><F57/><W88/><G38/><T1/><D1/><AGARI ba="0,1" hai="1,5,10,12,16,23,53,55,58,61,67,96,100,107" machi="1" ten="30,3900,0" yaku="1,1,7,1,54,1,53,0" doraHai="90" doraHaiUra="114" who="1" fromWho="0" sc="292,-39,208,49,359,0,131,0" /><INIT seed="3,0,0,2,2,117" ten="253,257,359,131" oya="3" hai0="52,39,92,6,11,119,61,10,65,125,37,60,72" hai1="85,78,51,26,42,124,43,109,45,97,75,18,55" hai2="38,54,41,77,50,86,5,14,64,53,80,1,126" hai3="102,68,87,107,129,95,36,99,110,133,83,88,98"/><W44/><G68/><T58/><D72/><U116/><E75/><V46/><F1/><W108/><G36/><T66/><D119/><U24/><E116/><V29/><F126/><W30/><G30/><T111/><D125/><U12/><E124/><V21/><F64/><W128/><G44/><T103/><D111/><N who="3" m="42537" /><G133/><T34/><D34/><U27/><E109/><V74/><F38/><W4/><G4/><T3/><D11/><N who="1" m="6431" /><E97/><V76/><F29/><W23/><G23/><T71/><D65/><U49/><E49/><V67/><F67/><W8/><G8/><T9/><D9/><U15/><E15/><V2/><F2/><W57/><G57/><T20/><D20/><U84/><E78/><AGARI ba="0,0" hai="78,83,87,88,95,98,99,102,107,128,129" m="42537" machi="78" ten="30,12000,1" yaku="14,1,10,1,34,2,54,1" doraHai="117" who="3" fromWho="1" sc="253,0,257,-120,359,0,131,120" /><INIT seed="3,1,0,2,2,27" ten="253,137,359,251" oya="3" hai0="35,128,3,92,91,61,68,31,121,66,73,58,115" hai1="69,13,7,17,62,57,118,89,134,80,130,51,93" hai2="30,50,21,67,101,55,49,82,42,41,5,112,24" hai3="71,100,65,59,16,54,39,6,81,124,98,10,86"/><W64/><G39/><T9/><D73/><U37/><E37/><V96/><F112/><W90/><G71/><T104/><D104/><U126/><E134/><V14/><F67/><W18/><G124/><T133/><D121/><U94/><E126/><V110/><F110/><W103/><G65/><T40/><D40/><N who="2" m="15466" /><F82/><W70/><G70/><T105/><D105/><U20/><E130/><V1/><F1/><W97/><G64/><T111/><D111/><U25/><E118/><V36/><F36/><W132/><G132/><T77/><D68/><U29/><E69/><V119/><F119/><W75/><G75/><T127/><D77/><U87/><E7/><V122/><F55/><W131/><G131/><T135/><D115/><U34/><REACH who="1" step="1"/><E51/><REACH who="1" ten="253,127,359,251" step="2"/><V33/><F49/><W22/><G6/><N who="0" m="1247" /><D127/><U46/><E46/><V83/><F50/><W32/><G59/><T47/><D47/><U84/><E84/><V44/><F44/><W106/><G86/><T2/><D58/><U12/><E12/><V28/><F14/><W88/><G98/><T79/><D2/><U15/><E15/><V74/><F5/><W56/><G97/><T4/><D4/><U53/><AGARI ba="1,1" hai="13,17,20,25,29,34,53,57,62,80,87,89,93,94" machi="53" ten="20,5200,0" yaku="1,1,0,1,7,1,52,1,53,0" doraHai="27" doraHaiUra="99" who="1" fromWho="1" sc="253,-14,127,65,359,-14,251,-27" owari="239,4.0,192,-31.0,345,45.0,224,-18.0" /></mjloggm>