<mjloggm ver="2.3"><GO type="169" lobby="0"/><UN n0="%E3%81%84%E3%81%9F%E3%83%92%E3%83%AD" n1="%E3%83%81%E3%83%A3%E3%82%A4%E3%82%B8" n2="%52%69%2D%4D%6F%2D" n3="%E5%B0%B1%E6%B4%BB%E7%94%9F%40%E5%B7%9D%E6%9D%91%E8%BB%8D%E5%9B%A3" dan="17,17,16,18" rate="2241.80,2179.80,2066.35,2297.83" sx="M,M,M,M"/><TAIKYOKU oya="0"/><INIT seed="0,0,0,5,4,84" ten="250,250,250,250" oya="0" hai0="11,74,110,0,112,39,114,64,10,6,87,65,20" hai1="100,104,90,8,60,108,77,132,55,128,7,18,69" hai2="73,53,126,24,16,36,119,111,127,118,130,135,3" hai3="32,109,17,97,28,27,41,34,2,68,57,92,115"/><T79/><D39/><U121/><E121/><V131/><F73/><W101/><G68/><T85/><D74/><U89/><E77/><V5/><F36/><W9/><G115/><T106/><D106/><U116/><E18/><V38/><F38/><W33/><G109/><T40/><D20/><U125/><E116/><N who="2" m="44587" /><F53/><W62/><G41/><T54/><D54/><U31/><E31/><V105/><F105/><W14/><G2/><T45/><D0/><U4/><E108/><V95/><F111/><W66/><AGARI ba="0,0" hai="9,14,17,27,28,32,33,34,57,62,66,92,97,101" machi="66" ten="20,1500,0" yaku="0,1,7,1" doraHai="84" who="3" fromWho="3" sc="250,-7,250,-4,250,-4,250,15" /><INIT seed="1,0,0,3,0,125" ten="243,246,246,265" oya="1" hai0="62,23,78,10,3,97,33,22,13,43,96,58,117" hai1="106,98,41,36,113,57,68,92,4,89,39,61,15" hai2="76,49,102,75,34,95,20,21,44,53,83,112,81" hai3="14,17,84,24,104,131,35,9,2,93,99,64,54"/><U133/><E113/><V59/><F112/><W28/><G104/><T32/><D3/><U124/><E133/><V110/><F110/><W85/><G2/><T77/><D43/><U45/><E124/><V26/><F81/><W100/><G64/><T51/><D51/><U73/><E106/><V18/><F34/><W119/><G119/><T94/><D33/><U65/><E73/><V27/><F102/><W55/><G131/><T111/><D32/><U38/><E4/><V109/><F109/><W52/><AGARI ba="0,0" hai="9,14,17,24,28,35,52,54,55,84,85,93,99,100" machi="52" ten="30,2000,0" yaku="0,1,54,1" doraHai="125" who="3" fromWho="3" sc="243,-5,246,-10,246,-5,265,20" /><INIT seed="2,0,0,1,1,6" ten="238,236,241,285" oya="2" hai0="110,101,60,92,88,77,11,32,89,104,38,5,51" hai1="113,97,28,96,42,31,59,57,90,45,44,81,43" hai2="91,120,79,35,9,127,112,7,100,39,17,114,93" hai3="105,4,109,111,66,61,87,16,117,18,86,65,8"/><V135/><F120/><W58/><G105/><T83/><D38/><U29/><E113/><V129/><F39/><W80/><G66/><T47/><D32/><U85/><E59/><V94/><F35/><W62/><G62/><T124/><D104/><U131/><E131/><V99/><F129/><W64/><G64/><T13/><D110/><N who="3" m="41993" /><G117/><T30/><D30/><U15/><E57/><V24/><F127/><W56/><G56/><T108/><D124/><U14/><E43/><V130/><F135/><W68/><G68/><T126/><D126/><U118/><E118/><V82/><F130/><W107/><G107/><T50/><D60/><U46/><REACH who="1" step="1"/><E42/><REACH who="1" ten="238,226,241,285" step="2"/><V76/><F112/><W70/><G70/><T63/><D108/><U103/><E103/><V49/><F114/><W121/><G121/><T102/><D63/><U20/><E20/><N who="2" m="13327" /><F49/><W134/><G134/><T3/><D51/><U48/><E48/><V53/><F53/><W23/><G23/><T122/><D122/><U119/><E119/><V2/><F100/><W34/><G34/><T123/><D123/><U1/><E1/><V128/><F128/><W27/><G27/><T25/><D25/><U115/><E115/><V37/><F37/><W52/><G65/><T116/><D116/><U133/><E133/><V54/><F54/><W69/><G69/><T21/><D50/><U106/><E106/><V125/><F125/><W0/><G86/><T73/><D21/><U19/><E19/><V10/><F7/><W78/><AGARI ba="0,1" hai="0,4,8,16,18,52,58,61,78,80,87" m="41993" machi="78" ten="30,7900,0" yaku="14,1,52,1,54,2" doraHai="6" who="3" fromWho="3" sc="238,-20,226,-20,241,-39,285,89" /><INIT seed="3,0,0,5,2,79" ten="218,206,202,374" oya="3" hai0="125,128,98,102,40,69,115,18,94,36,54,10,131" hai1="23,39,43,112,8,88,55,95,13,17,117,46,99" hai2="104,105,9,48,83,73,15,60,21,20,135,129,107" hai3="33,16,77,12,44,76,72,58,90,130,30,70,4"/><W0/><G70/><T132/><D69/><U101/><E117/><V134/><F129/><W110/><G130/><T1/><D132/><N who="2" m="50730" /><F60/><W45/><G110/><T3/><D3/><U109/><E109/><V62/><F62/><W91/><G0/><T57/><D125/><U42/><E112/><V78/><F48/><W27/><G4/><AGARI ba="0,0" hai="4,9,15,20,21,73,78,83,104,105,107" m="50730" machi="4" ten="40,2600,0" yaku="20,1,52,1" doraHai="79" who="2" fromWho="3" sc="218,0,206,0,202,26,374,-26" /><INIT seed="4,0,0,2,2,103" ten="218,206,228,348" oya="0" hai0="20,102,90,126,112,111,123,75,58,67,118,6,70" hai1="12,45,105,98,97,108,84,62,92,46,30,29,106" hai2="110,26,130,4,14,93,65,134,25,64,11,61,37" hai3="127,42,38,96,7,33,109,22,99,19,100,95,135"/><T115/><D123/><U53/><E108/><V27/><F110/><W52/><G33/><T9/><D111/><U121/><E121/><V133/><F37/><W47/><G109/><T10/><D118/><U36/><E84/><V69/><F130/><W0/><G127/><T5/><D70/><U77/><E77/><V94/><REACH who="2" step="1"/><F64/><REACH who="2" ten="218,206,218,348" step="2"/><W72/><G135/><AGARI ba="0,1" hai="4,11,14,25,26,27,61,65,69,93,94,133,134,135" machi="135" ten="40,5200,0" yaku="1,1,2,1,20,1,53,0" doraHai="103" doraHaiUra="43" who="2" fromWho="3" sc="218,0,206,0,218,62,348,-52" /><INIT seed="5,0,0,2,2,48" ten="218,206,280,296" oya="1" hai0="45,122,53,75,10,62,34,134,88,43,1,2,4" hai1="35,18,117,65,107,130,121,111,51,104,103,106,83" hai2="91,85,95,124,105,77,52,61,26,29,47,9,46" hai3="13,12,115,31,101,116,120,37,54,67,70,100,92"/><U112/><E121/><V108/><F108/><W33/><G37/><T3/><D34/><U127/><E117/><V58/><F124/><W114/><G120/><T42/><D122/><U66/><E127/><V38/><F105/><W72/><G72/><T125/><D125/><U128/><E111/><V126/><F126/><W129/><G129/><N who="1" m="49770" /><E112/><N who="3" m="43050" /><G116/><T59/><D134/><U135/><E135/><V64/><F38/><W32/><G67/><N who="1" m="25610" /><E35/><N who="3" m="13386" /><G31/><T69/><D69/><U41/><E83/><N who="2" m="47343" /><F9/><W89/><G54/><T131/><D131/><U24/><E24/><V39/><F39/><W44/><G44/><T80/><D42/><U16/><E103/><N who="3" m="39498" /><G70/><T74/><D74/><U15/><E15/><V73/><F73/><W63/><G63/><T25/><D25/><U86/><E86/><AGARI ba="0,0" hai="12,13,86,89,92" m="39498,13386,43050" machi="86" ten="30,1000,0" yaku="15,1" doraHai="48" who="3" fromWho="1" sc="218,0,206,-10,280,0,296,10" /><INIT seed="6,0,0,2,1,104" ten="218,196,280,306" oya="2" hai0="110,59,70,17,88,131,105,47,133,78,36,119,15" hai1="109,68,49,46,107,7,106,18,115,116,40,32,91" hai2="111,25,64,122,66,35,100,118,41,54,128,67,134" hai3="81,126,77,34,82,30,2,23,65,62,76,27,55"/><V97/><F118/><W85/><G126/><T121/><D78/><U93/><E116/><V75/><F122/><W86/><G2/><T45/><D70/><U83/><E109/><V38/><F111/><W102/><G102/><T33/><D33/><U127/><E68/><V80/><F128/><W48/><G34/><T71/><D71/><U117/><E32/><V87/><F134/><W94/><G94/><T120/><D105/><U14/><E115/><V90/><F75/><W135/><G135/><T98/><D133/><U92/><E127/><V58/><F38/><W56/><G48/><T129/><D59/><U12/><E83/><V0/><F0/><W99/><G99/><T8/><D119/><U4/><E93/><N who="2" m="58415" /><F35/><W28/><G28/><T43/><D47/><U89/><E89/><V24/><F41/><W16/><G30/><T60/><D60/><AGARI ba="0,0" hai="24,25,54,58,60,64,66,67,80,87,90" m="58415" machi="60" ten="30,1500,0" yaku="8,1" doraHai="104" who="2" fromWho="0" sc="218,-15,196,0,280,15,306,0" /><INIT seed="6,1,0,3,3,11" ten="203,196,295,306" oya="2" hai0="119,116,113,94,95,0,34,108,32,103,45,83,118" hai1="53,37,68,130,49,4,58,6,40,82,51,2,120" hai2="20,117,93,23,65,36,70,28,59,33,121,9,114" hai3="106,60,13,76,123,134,79,100,26,7,64,115,24"/><V14/><F117/><W84/><G123/><T10/><D108/><U46/><E120/><V90/><F121/><W29/><G134/><T38/><D113/><U99/><E130/><V122/><F70/><W71/><G115/><T85/><D103/><U52/><E68/><V107/><F107/><W1/><G1/><T47/><D0/><U31/><E31/><V30/><F36/><W73/><G73/><T62/><D62/><U42/><E42/><V89/><F114/><W18/><G84/><T27/><D10/><U128/><E128/><V87/><F122/><W88/><G88/><N who="0" m="51263" /><D27/><U126/><E126/><V135/><F135/><W12/><G24/><T50/><D38/><U74/><E99/><N who="2" m="57775" /><F33/><N who="0" m="12906" /><D45/><U15/><E2/><V78/><F78/><W17/><G7/><T43/><AGARI ba="1,0" hai="43,47,50,94,95,116,118,119" m="12906,51263" machi="43" ten="40,2700,0" yaku="12,1,54,1" doraHai="11" who="0" fromWho="0" sc="203,30,196,-8,295,-14,306,-8" /><INIT seed="7,0,0,4,2,131" ten="233,188,281,298" oya="3" hai0="44,1,38,123,117,92,111,101,9,84,86,102,37" hai1="107,33,80,47,73,25,35,51,77,66,5,54,115" hai2="120,82,76,2,121,29,14,98,10,50,12,127,21" hai3="20,4,7,39,17,34,24,26,43,128,103,31,96"/><W83/><G128/><T41/><D111/><U109/><E115/><V75/><F127/><W53/><G83/><T30/><D30/><U48/><E109/><V104/><F2/><W56/><G43/><T27/><D27/><U68/><E107/><V88/><F50/><W67/><G67/><T122/><D117/><U108/><E108/><V85/><F29/><W118/><G39/><T45/><D9/><U22/><E5/><V79/><F21/><W19/><G19/><T126/><D1/><U124/><E124/><V62/><F62/><W36/><G36/><T63/><D63/><U134/><E134/><V81/><F76/><W15/><G15/><T87/><D126/><U110/><E110/><V42/><F42/><W119/><G119/><T91/><D45/><U70/><E66/><V65/><F65/><W78/><G78/><T93/><D37/><U59/><E68/><V95/><F10/><W6/><G118/><T58/><D58/><U55/><REACH who="1" step="1"/><E70/><REACH who="1" ten="233,178,281,298" step="2"/><V125/><F125/><W90/><G6/><T106/><D106/><U13/><E13/><N who="2" m="5227" /><F104/><W16/><G7/><T57/><D123/><U0/><E0/><V72/><F120/><W8/><G4/><T129/><D122/><U116/><E116/><V112/><F121/><W23/><G8/><T135/><D135/><U60/><E60/><V11/><F11/><W3/><G3/><T94/><D129/><U46/><E46/><V97/><F112/><W100/><G34/><T52/><D91/><U132/><E132/><V89/><F89/><W130/><G130/><T71/><D71/><U99/><E99/><RYUUKYOKU ba="0,1" sc="233,10,178,10,281,10,298,-30" hai0="38,41,44,52,57,84,86,87,92,93,94,101,102" hai1="22,25,33,35,47,48,51,54,55,59,73,77,80" hai2="72,75,79,81,82,85,88,95,97,98" /><INIT seed="8,1,1,0,5,124" ten="243,188,291,268" oya="0" hai0="71,47,63,110,78,33,85,38,111,117,114,113,88" hai1="42,75,4,129,51,73,83,44,57,131,19,120,101" hai2="122,16,76,7,39,97,15,105,96,80,103,31,72" hai3="91,67,26,2,8,100,20,102,54,18,6,37,133"/><T0/><D0/><U45/><E120/><V5/><F122/><W61/><G37/><T9/><D33/><U118/><E118/><V21/><F39/><W43/><G43/><N who="0" m="23031" /><D117/><U70/><E70/><V119/><F119/><W135/><G54/><T90/><D9/><U123/><E123/><V84/><F31/><W69/><REACH who="3" step="1"/><G91/><REACH who="3" ten="243,188,291,258" step="2"/><T126/><D126/><U36/><E101/><AGARI ba="1,2" hai="2,6,8,18,20,26,61,67,69,100,101,102,133,135" machi="101" ten="40,2600,0" yaku="1,1,2,1,53,0" doraHai="124" doraHaiUra="94" who="3" fromWho="1" sc="243,0,188,-29,291,0,258,49" owari="243,-16.0,159,-34.0,291,9.0,307,41.0" /></mjloggm>