<mjloggm ver="2.3"><GO type="233" lobby="0"/><UN n0="%4D%6F%67%65%72%61" n1="%E3%82%A6%E3%83%AB%E3%83%88%E3%83%A9%E7%AB%8B%E7%9B%B4" n2="%E3%83%8A%E3%82%BA%E6%98%9F%40%E6%9D%8F%E6%9D%8F%E8%BB%8D%E5%9C%98" n3="%E3%81%8F%E3%82%89%E3%81%BF%E3%81%98%E3%81%82" dan="16,17,16,16" rate="2070.92,2215.96,2013.27,2176.39" sx="F,M,F,M"/><TAIKYOKU oya="0"/><INIT seed="0,0,0,0,5,50" ten="250,250,250,250" oya="0" hai0="31,72,1,49,129,60,135,65,98,110,54,79,34" hai1="4,26,16,48,57,24,71,97,92,116,23,38,119" hai2="102,118,103,87,75,33,17,130,20,66,19,94,107" hai3="25,95,132,7,81,21,56,9,41,122,40,101,36"/><T67/><D1/><U51/><E71/><V83/><F33/><W91/><G36/><T121/><D121/><U69/><E38/><V117/><F66/><W78/><G122/><T89/><D129/><U43/><E69/><V64/><F64/><W124/><G101/><T29/><D65/><U0/><E0/><V96/><F130/><W11/><G124/><T44/><D135/><U58/><E4/><V32/><F32/><W85/><G132/><T22/><D34/><U99/><E43/><V82/><F17/><W15/><G11/><T104/><D110/><U120/><E120/><V106/><F19/><W126/><G56/><T113/><D113/><U123/><E123/><V28/><F20/><W86/><REACH who="3" step="1"/><G126/><REACH who="3" ten="250,250,250,240" step="2"/><T114/><D114/><U5/><E58/><V76/><F103/><W63/><G63/><T42/><D60/><U13/><E57/><V131/><F131/><W108/><G108/><T100/><D100/><U47/><E119/><N who="2" m="45579" /><F28/><AGARI ba="0,1" hai="7,9,15,21,25,28,40,41,78,81,85,86,91,95" machi="28" ten="30,7700,0" yaku="1,1,7,1,8,1,53,1" doraHai="50" doraHaiUra="88" who="3" fromWho="2" sc="250,0,250,0,250,-77,240,87" /><INIT seed="1,0,0,3,0,117" ten="250,250,173,327" oya="1" hai0="134,27,21,74,90,35,3,56,116,65,1,34,39" hai1="43,42,46,108,93,51,118,115,33,100,48,109,60" hai2="88,22,40,25,112,122,63,52,96,54,107,29,103" hai3="67,7,8,5,131,9,114,70,57,23,94,62,49"/><U124/><E118/><V99/><F112/><W120/><G114/><T119/><D39/><U37/><E115/><V66/><F40/><W98/><G131/><T36/><D36/><U41/><E33/><V16/><F122/><W12/><G23/><T77/><D74/><U113/><E113/><V135/><F135/><W17/><G120/><T45/><D77/><U71/><E100/><V2/><F2/><W20/><G70/><T24/><D45/><N who="1" m="25663" /><E93/><V110/><F110/><N who="1" m="42601" /><E124/><V79/><F79/><W106/><G49/><T53/><D34/><U69/><E60/><V30/><F30/><W14/><G106/><T89/><D35/><U130/><E130/><V10/><F10/><W86/><G86/><T6/><D119/><U128/><E128/><V78/><F78/><W73/><G73/><T102/><D102/><U31/><E31/><V0/><F0/><W13/><G94/><T132/><D3/><U123/><E123/><V15/><F99/><AGARI ba="0,0" hai="5,7,8,9,12,13,14,17,20,57,62,67,98,99" machi="99" ten="40,2600,0" yaku="9,1,8,1" doraHai="117" who="3" fromWho="2" sc="250,0,250,0,173,-26,327,26" /><INIT seed="2,0,0,2,5,0" ten="250,250,147,353" oya="2" hai0="120,36,47,69,49,80,33,130,117,38,105,23,132" hai1="61,79,25,126,50,113,97,102,74,48,9,42,66" hai2="89,37,7,3,87,62,4,17,77,14,64,98,84" hai3="106,125,53,46,99,90,51,67,111,26,56,41,8"/><V57/><F37/><W27/><G111/><T1/><RYUUKYOKU type="yao9" ba="0,0" sc="250,0,250,0,147,0,353,0" hai0="1,23,33,36,38,47,49,69,80,105,117,120,130,132" /><INIT seed="2,1,0,2,5,78" ten="250,250,147,353" oya="2" hai0="12,98,106,73,71,120,96,40,25,93,76,61,107" hai1="113,17,84,100,33,105,128,55,87,114,126,72,125" hai2="92,82,70,42,38,29,95,131,14,86,6,129,116" hai3="4,30,23,37,68,54,13,69,48,99,46,122,117"/><V134/><F116/><W83/><G122/><T121/><D40/><U77/><E33/><V1/><F70/><W34/><G34/><T39/><D39/><U59/><E17/><V9/><F134/><W103/><G37/><T108/><D12/><U104/><E59/><V58/><F29/><W135/><G135/><T32/><D93/><U127/><E55/><V81/><F58/><W111/><G111/><T94/><D94/><N who="2" m="35882" /><F86/><N who="1" m="32809" /><E128/><N who="2" m="49227" /><F1/><W97/><G30/><T118/><D118/><U85/><E85/><V123/><F123/><W3/><G3/><T44/><D44/><AGARI ba="1,0" hai="6,9,14,38,42,44,81,82" m="49227,35882" machi="44" ten="30,5800,0" yaku="19,1,52,2" doraHai="78" who="2" fromWho="0" sc="250,-61,250,0,147,61,353,0" /><INIT seed="2,2,0,0,4,40" ten="189,250,208,353" oya="2" hai0="9,109,127,60,98,119,99,134,11,82,116,83,105" hai1="12,121,1,49,131,104,124,88,95,55,39,67,133" hai2="32,47,30,130,10,8,35,45,85,87,57,56,58" hai3="24,22,64,51,103,52,17,13,44,86,27,37,23"/><V92/><F92/><W7/><G37/><T113/><D105/><U5/><E104/><V84/><F130/><W6/><G103/><T71/><D109/><U61/><E39/><V2/><F30/><W48/><G64/><T72/><D72/><U70/><E124/><V89/><F89/><W132/><G132/><T69/><D127/><U3/><E133/><V63/><F63/><W43/><G86/><T114/><D60/><U77/><E77/><V115/><F115/><W128/><G128/><T135/><AGARI ba="2,0" hai="9,11,69,71,82,83,98,99,113,114,116,119,134,135" machi="135" ten="25,3200,0" yaku="0,1,22,2" doraHai="40" who="0" fromWho="0" sc="189,38,250,-10,208,-18,353,-10" /><INIT seed="3,0,0,3,5,104" ten="227,240,190,343" oya="3" hai0="110,94,109,100,85,73,105,33,27,24,106,125,61" hai1="44,49,50,123,36,9,81,5,112,40,21,117,47" hai2="74,77,66,45,69,67,72,87,13,98,82,79,43" hai3="30,101,51,126,127,120,54,53,20,68,119,22,32"/><W129/><G120/><T102/><D33/><U39/><E112/><V16/><F98/><W83/><G68/><T75/><D61/><U111/><E111/><N who="0" m="42505" /><D125/><N who="3" m="47625" /><G119/><T26/><D85/><U131/><E131/><V88/><F79/><W130/><G101/><N who="0" m="39019" /><D94/><U135/><E135/><V96/><F96/><W71/><G71/><T25/><D25/><U3/><E123/><V2/><F2/><W29/><G83/><T34/><D34/><U23/><E117/><V86/><F69/><W93/><G93/><T76/><D76/><U80/><E80/><V114/><F114/><W84/><G84/><T48/><D48/><U95/><E95/><V113/><F113/><W14/><G14/><T122/><D122/><U35/><E35/><V92/><F67/><W99/><G99/><T107/><AGARI ba="0,0" hai="24,26,27,73,75,105,106,107" m="39019,42505" machi="107" ten="40,8000,1" yaku="28,2,14,1,52,2" doraHai="104" who="0" fromWho="0" sc="227,80,240,-20,190,-20,343,-40" /><INIT seed="4,0,0,4,3,5" ten="307,220,170,303" oya="0" hai0="93,63,109,121,37,27,54,19,85,50,78,127,69" hai1="91,47,48,1,6,28,38,17,117,92,122,84,11" hai2="101,111,60,16,66,49,15,95,45,82,29,79,118" hai3="41,132,94,102,35,33,2,99,18,71,126,52,124"/><T4/><D121/><U128/><E122/><V64/><F111/><W53/><G41/><T114/><D109/><U75/><E117/><V51/><F118/><W26/><G71/><T0/><D37/><U112/><E38/><V20/><F29/><W32/><G2/><T83/><D114/><U65/><E112/><V42/><F60/><W23/><REACH who="3" step="1"/><G132/><REACH who="3" ten="307,220,170,293" step="2"/><T119/><D0/><U70/><E70/><V105/><F105/><W104/><G104/><T68/><D69/><U3/><E3/><V81/><F49/><W129/><G129/><T34/><D68/><U59/><E128/><V120/><F120/><W7/><G7/><T46/><D4/><U72/><E28/><V31/><F31/><W130/><G130/><T110/><D110/><U76/><E17/><V22/><F22/><W108/><G108/><T57/><D119/><U8/><E6/><V13/><F13/><W123/><G123/><T14/><D34/><U36/><E1/><V88/><F101/><W9/><G9/><N who="0" m="6607" /><D27/><U98/><E36/><V96/><REACH who="2" step="1"/><F81/><REACH who="2" ten="307,220,160,293" step="2"/><W24/><G24/><T56/><D83/><N who="1" m="47207" /><E11/><V10/><F10/><W103/><G103/><T115/><D115/><U62/><E8/><V133/><F133/><W39/><G39/><T44/><D50/><U43/><E48/><V100/><F100/><W73/><G73/><AGARI ba="0,2" hai="15,16,20,42,45,51,64,66,73,79,82,88,95,96" machi="73" ten="30,8000,1" yaku="1,1,7,1,54,2,53,1" doraHai="5" doraHaiUra="90" who="2" fromWho="3" sc="307,0,220,0,160,100,293,-80" /><INIT seed="5,0,0,5,2,10" ten="307,220,260,213" oya="1" hai0="132,111,92,113,124,41,108,61,51,21,28,32,57" hai1="120,46,44,97,34,22,67,107,75,98,106,85,87" hai2="96,130,43,118,16,38,15,3,86,104,7,109,8" hai3="114,11,79,105,26,1,59,127,125,54,133,95,121"/><U122/><E34/><V80/><F109/><W40/><G121/><T31/><D113/><U64/><REACH who="1" step="1"/><E22/><REACH who="1" ten="307,210,260,213" step="2"/><V123/><F123/><W135/><G114/><T82/><D21/><U6/><E6/><V20/><F20/><W24/><G127/><T36/><D32/><U126/><E126/><V68/><F7/><W100/><G125/><T134/><D124/><U112/><E112/><V23/><F23/><W49/><G135/><T17/><D132/><U65/><E65/><V128/><F128/><W117/><G133/><T93/><D134/><U90/><E90/><V2/><F130/><W39/><G79/><T4/><D4/><U94/><E94/><V62/><F118/><W37/><G95/><T48/><D92/><U103/><E103/><V71/><F104/><W89/><G89/><T9/><D93/><U88/><E88/><V0/><F96/><W83/><G100/><T74/><D108/><U35/><E35/><V131/><F131/><W25/><G105/><T29/><D111/><U72/><AGARI ba="0,1" hai="44,46,64,67,72,75,85,87,97,98,106,107,120,122" machi="72" ten="25,9600,0" yaku="1,1,0,1,22,2,53,0" doraHai="10" doraHaiUra="5" who="1" fromWho="1" sc="307,-32,210,106,260,-32,213,-32" /><INIT seed="5,1,0,5,5,60" ten="275,316,228,181" oya="1" hai0="49,129,30,43,69,21,13,53,52,66,84,34,118" hai1="36,95,40,103,107,124,122,18,116,135,109,28,72" hai2="51,127,92,1,101,0,75,110,117,20,119,120,47" hai3="64,7,73,11,6,97,65,113,74,61,56,17,78"/><U126/><E122/><V44/><F75/><W59/><G113/><T96/><D118/><U99/><E116/><V102/><F110/><W57/><G78/><T90/><D34/><U14/><E72/><V79/><F79/><W12/><G97/><T106/><D129/><U104/><E28/><V4/><F20/><W83/><G83/><T98/><D106/><U5/><E5/><V70/><F70/><W111/><G111/><T15/><D43/><U105/><E135/><V91/><F127/><N who="1" m="48681" /><E109/><V112/><F112/><W16/><G57/><T39/><D39/><U10/><E40/><V45/><F120/><W87/><G87/><T94/><D53/><U82/><E82/><V46/><F4/><N who="3" m="1579" /><G74/><T128/><D128/><U76/><E76/><V67/><F119/><W130/><G73/><T54/><D54/><U23/><E10/><V50/><F117/><W68/><G68/><T42/><D42/><U29/><E29/><V41/><F41/><W37/><G37/><AGARI ba="1,0" hai="14,18,23,36,37,95,99,103,104,105,107" m="48681" machi="37" ten="40,2000,0" yaku="18,1" doraHai="60" who="1" fromWho="3" sc="275,0,316,23,228,0,181,-23" /><INIT seed="5,2,0,3,2,26" ten="275,339,228,158" oya="1" hai0="93,16,25,127,32,43,69,131,21,57,96,10,99" hai1="42,8,38,91,66,51,75,39,20,74,60,123,15" hai2="113,72,133,102,24,71,59,18,52,35,95,120,101" hai3="115,14,106,110,105,73,118,29,19,53,125,61,48"/><U47/><E123/><V30/><F120/><W63/><G73/><T132/><D69/><U112/><E112/><V7/><F71/><W0/><G115/><T134/><D127/><U65/><E39/><V122/><F113/><W80/><G110/><T50/><D131/><U119/><E119/><V111/><F111/><W5/><G125/><T128/><D128/><U130/><E130/><V56/><F72/><W64/><G118/><T28/><D10/><U2/><E2/><V126/><F126/><W22/><G80/><T100/><D96/><U55/><E20/><V85/><F7/><W34/><G34/><T27/><D57/><N who="1" m="33023" /><E65/><V76/><F59/><W68/><G63/><T37/><D50/><U88/><E75/><V77/><F133/><N who="0" m="51306" /><D43/><U135/><E74/><V70/><F70/><W129/><G129/><T62/><D62/><U33/><E33/><V23/><F122/><W36/><G36/><AGARI ba="2,0" hai="16,21,25,27,28,32,36,37,93,99,100" m="51306" machi="36" ten="30,3900,0" yaku="20,1,52,1,54,1" doraHai="26" who="0" fromWho="3" sc="275,45,339,0,228,0,158,-45" /><INIT seed="6,0,0,1,2,50" ten="320,339,228,113" oya="2" hai0="13,111,10,12,60,125,37,25,93,24,28,107,122" hai1="108,90,115,71,130,55,59,51,81,85,42,31,5" hai2="87,94,128,116,103,77,76,88,54,58,32,96,16" hai3="97,121,80,22,82,4,102,3,35,15,118,23,7"/><V95/><F116/><W73/><G35/><T0/><D111/><U129/><E71/><V67/><F32/><W8/><G121/><T104/><D37/><U126/><E108/><V53/><F128/><N who="1" m="49257" /><E115/><V39/><F39/><W112/><G118/><T45/><D125/><U56/><E42/><V110/><F110/><W27/><G112/><T14/><D122/><U134/><E134/><V40/><F40/><W132/><G132/><T68/><D45/><U70/><E70/><V131/><F131/><W61/><G73/><T117/><D117/><U100/><E31/><V133/><F133/><W9/><G61/><T78/><D78/><N who="2" m="30314" /><F16/><W79/><G79/><T123/><D123/><U113/><E113/><V124/><F124/><W98/><G98/><T57/><D68/><U29/><E29/><V46/><F46/><W43/><G43/><T62/><D0/><U34/><E34/><V75/><F75/><W101/><G101/><T26/><D93/><U92/><E5/><V52/><F67/><W2/><G15/><T6/><D28/><U18/><E18/><V65/><F65/><W20/><REACH who="3" step="1"/><G27/><REACH who="3" ten="320,339,228,103" step="2"/><T89/><D24/><U84/><E126/><V36/><F36/><W41/><G41/><T11/><D25/><U30/><E100/><V64/><F64/><W69/><G69/><T109/><D26/><U66/><E66/><V114/><F114/><W105/><AGARI ba="0,1" hai="2,3,4,7,8,9,20,22,23,80,82,97,102,105" machi="105" ten="30,4000,0" yaku="1,1,0,1,9,1,53,0" doraHai="50" doraHaiUra="120" who="3" fromWho="3" sc="320,-10,339,-10,228,-20,103,50" /><INIT seed="7,0,0,2,5,45" ten="310,329,208,153" oya="3" hai0="20,23,47,61,48,31,12,66,2,70,4,104,60" hai1="18,77,131,128,85,118,69,94,112,30,3,8,96" hai2="55,109,42,107,133,34,120,64,9,78,115,130,98" hai3="84,124,36,119,32,62,21,82,123,37,103,91,121"/><W99/><G32/><T126/><D2/><U127/><E69/><V14/><F109/><W35/><G35/><T1/><D1/><U25/><E112/><V102/><F34/><W22/><G119/><T135/><D104/><U43/><E43/><V74/><F115/><W72/><G124/><T40/><D126/><U108/><E108/><V57/><F42/><W49/><G62/><N who="0" m="24171" /><D70/><U39/><E39/><V13/><F64/><W83/><G72/><T44/><D135/><U93/><E127/><V5/><F130/><W27/><G83/><T116/><D47/><U0/><E118/><V6/><F120/><W11/><G11/><N who="0" m="4199" /><D116/><U41/><E41/><V90/><F133/><W46/><G121/><T65/><D31/><U97/><E18/><V56/><F56/><W134/><G123/><T95/><D95/><N who="1" m="36363" /><E8/><V15/><F9/><W79/><G134/><T89/><D89/><U51/><E51/><N who="2" m="30975" /><F90/><W53/><G91/><T87/><D87/><U68/><E68/><V111/><F111/><W28/><REACH who="3" step="1"/><G22/><AGARI ba="0,0" hai="20,22,23,40,44,48,65,66" m="4199,24171" machi="22" ten="30,2000,0" yaku="8,1,52,1" doraHai="45" who="0" fromWho="3" sc="310,20,329,0,208,0,153,-20" owari="330,43.0,329,13.0,208,-19.0,133,-37.0" /></mjloggm>