<mjloggm ver="2.3"><GO type="169" lobby="0"/><UN n0="%74%61%74%73%75%37%30%32" n1="%E3%81%9B%E3%81%95%E3%81%BF%E3%82%93%E2%99%AA" n2="%E3%82%A6%E3%83%AB%E3%83%88%E3%83%A9%E7%AB%8B%E7%9B%B4" n3="%E3%82%BF%E3%82%AD%E3%83%88%E3%83%BC%E3%83%AB" dan="16,16,17,16" rate="2154.62,2144.40,2154.87,2062.91" sx="M,F,M,M"/><TAIKYOKU oya="0"/><INIT seed="0,0,0,2,2,83" ten="250,250,250,250" oya="0" hai0="122,11,107,12,78,132,126,60,54,74,127,75,45" hai1="113,22,23,69,85,72,7,15,25,63,32,65,94" hai2="0,99,119,131,89,130,110,129,29,57,43,50,68" hai3="62,120,8,125,73,41,28,3,124,59,51,106,2"/><T14/><D122/><U133/><E133/><V16/><F68/><W90/><G73/><T104/><D132/><U20/><E72/><N who="0" m="27689" /><D78/><U114/><E7/><V88/><F0/><W58/><G106/><N who="0" m="40491" /><D11/><U76/><E15/><N who="0" m="5673" /><D45/><U108/><E108/><V95/><F110/><W49/><G8/><T105/><N who="0" m="40499" /><T61/><DORA hai="5" /><D54/><U53/><E53/><N who="2" m="31927" /><F43/><W116/><G120/><T27/><D27/><U37/><E37/><V24/><F119/><W19/><G116/><T35/><D35/><U67/><E67/><V103/><F29/><W91/><G41/><T33/><D33/><U34/><E25/><V36/><F36/><W64/><G64/><T98/><D98/><U39/><E39/><V87/><F24/><W44/><G44/><T86/><D86/><U77/><E77/><V47/><F47/><W96/><G96/><T40/><D40/><U48/><E48/><V66/><F66/><W13/><G13/><T80/><D80/><N who="1" m="47239" /><E94/><N who="2" m="54559" /><F89/><W55/><G55/><T71/><D71/><U9/><E9/><V6/><F6/><W115/><G28/><T21/><D21/><U42/><E42/><V134/><F134/><W84/><G2/><T79/><D79/><U93/><E93/><V112/><F112/><AGARI ba="0,0" hai="20,22,23,32,34,63,65,69,112,113,114" m="47239" machi="112" ten="30,2000,0" yaku="11,1,52,1" doraHai="83,5" who="1" fromWho="2" sc="250,0,250,20,250,-20,250,0" /><INIT seed="1,0,0,4,1,82" ten="250,270,230,250" oya="1" hai0="53,24,122,94,38,64,20,28,42,115,10,85,130" hai1="46,0,21,111,113,131,35,4,67,135,107,87,56" hai2="73,70,12,119,11,110,13,121,76,66,79,22,84" hai3="89,102,112,104,31,65,61,91,134,83,71,48,74"/><U1/><E113/><V37/><F37/><W68/><G134/><T93/><D115/><U51/><E107/><V127/><F119/><W60/><G112/><T23/><D122/><U29/><E35/><V27/><F121/><W106/><G48/><T33/><D130/><U45/><E131/><V7/><F110/><W30/><G83/><T75/><D75/><U49/><E111/><V69/><F127/><W125/><G65/><T88/><D64/><U63/><E135/><V77/><F73/><W32/><G74/><T52/><D94/><U124/><E124/><V50/><F50/><W36/><G36/><T95/><D93/><U120/><E120/><V59/><F13/><W97/><G97/><T100/><D100/><U80/><E4/><V43/><F43/><W123/><G123/><T81/><D10/><U114/><E114/><V133/><F133/><W17/><G17/><T34/><D34/><U92/><E92/><V90/><F59/><W57/><G32/><T126/><D95/><U8/><E8/><V39/><F39/><W19/><G19/><T3/><D3/><U44/><E1/><V98/><F98/><W116/><G57/><T103/><D103/><U109/><E0/><V18/><REACH who="2" step="1"/><F66/><REACH who="2" ten="250,270,220,250" step="2"/><W6/><G116/><T41/><D126/><U2/><E2/><V62/><F62/><W118/><G118/><T25/><D33/><U16/><E109/><V78/><N who="2" m="19456" /><DORA hai="86" /><V55/><F55/><N who="0" m="21066" /><D38/><U9/><E49/><V72/><F72/><W99/><G125/><T108/><D108/><U117/><E51/><V47/><F47/><W58/><G99/><RYUUKYOKU ba="0,1" sc="250,15,270,-15,220,15,250,-15" hai0="20,23,24,25,28,41,42,81,85,88" hai2="7,11,12,18,22,27,69,70,84,90" /><INIT seed="2,1,1,5,2,120" ten="265,255,235,235" oya="2" hai0="108,104,60,23,101,125,110,71,5,66,12,118,100" hai1="26,97,4,44,27,80,63,38,30,14,55,47,89" hai2="130,94,123,111,86,33,8,43,72,127,128,105,74" hai3="107,121,53,16,52,7,79,99,49,88,68,87,124"/><V114/><F33/><W56/><G121/><T82/><D125/><U83/><E38/><V78/><F123/><W64/><G124/><T3/><D3/><U51/><E4/><V28/><F127/><W90/><G7/><T81/><D118/><U67/><E14/><V41/><F114/><W109/><G68/><T42/><D42/><U21/><E47/><V9/><F105/><W58/><G64/><T48/><D48/><U113/><E113/><V17/><F28/><W75/><G75/><T0/><D0/><U77/><E27/><V10/><F17/><W85/><G109/><N who="0" m="42091" /><D23/><U134/><E134/><V76/><F111/><W54/><G49/><T34/><D34/><U98/><E89/><N who="3" m="34410" /><G99/><N who="0" m="61471" /><D101/><U59/><E98/><V115/><F115/><W132/><G107/><T37/><D37/><U116/><E97/><V57/><F43/><W73/><G132/><T93/><D93/><U22/><E22/><V131/><F41/><W2/><G2/><T31/><D31/><U13/><E116/><V95/><F95/><W20/><G73/><T106/><D106/><U50/><E50/><V45/><F94/><W15/><G85/><T19/><D19/><U135/><E135/><V126/><F86/><W119/><G119/><T61/><D60/><U40/><E40/><V18/><F126/><W6/><G6/><T96/><D96/><U69/><E21/><V46/><F128/><W133/><G133/><T29/><D29/><U35/><E30/><V122/><F130/><W92/><G92/><T1/><D1/><U62/><E35/><V91/><F131/><W11/><G20/><RYUUKYOKU ba="1,1" sc="265,15,255,-15,235,-15,235,15" hai0="5,12,61,66,71,81,82" hai3="11,15,16,52,53,54,56,58,79,87" /><INIT seed="3,2,1,3,2,46" ten="280,240,220,250" oya="3" hai0="85,128,32,90,105,26,72,17,51,40,71,75,107" hai1="31,102,109,22,132,15,99,49,97,73,87,35,10" hai2="117,62,28,110,24,133,112,74,124,118,58,96,70" hai3="6,129,77,68,78,41,122,93,2,11,30,79,66"/><W84/><G122/><T23/><D71/><U92/><E109/><V95/><F112/><W101/><G129/><T69/><D69/><U115/><E35/><V27/><F110/><W5/><G5/><T65/><D65/><U123/><E123/><V127/><F70/><W114/><G114/><T9/><D128/><U94/><E73/><V52/><F74/><W76/><G30/><T38/><D38/><U0/><E0/><V126/><F133/><W47/><G66/><T106/><D9/><U120/><E120/><V19/><F19/><W37/><G68/><T14/><D26/><U113/><E132/><V88/><F24/><W121/><G121/><T104/><D32/><AGARI ba="2,1" hai="27,28,32,52,58,62,88,95,96,117,118,124,126,127" machi="32" ten="40,5200,0" yaku="18,1,54,2" doraHai="46" who="2" fromWho="0" sc="280,-58,240,0,220,68,250,0" /><INIT seed="4,0,0,0,5,96" ten="222,240,288,250" oya="0" hai0="23,101,124,48,133,68,105,28,125,21,120,104,22" hai1="39,71,56,94,100,14,135,88,34,113,64,122,67" hai2="87,26,5,91,92,46,103,72,110,16,69,128,41" hai3="61,85,43,9,82,70,42,119,130,31,90,106,129"/><T20/><D120/><U15/><E122/><V65/><F110/><W60/><G119/><T66/><D133/><U97/><E71/><V54/><F72/><W116/><G116/><T111/><D111/><U6/><E135/><V51/><F128/><N who="3" m="49259" /><G31/><T27/><D48/><U4/><E34/><V11/><F69/><W33/><G33/><T32/><N who="0" m="5120" /><DORA hai="127" /><T77/><D77/><U3/><E39/><V118/><F65/><N who="1" m="25161" /><E3/><V8/><F26/><W25/><G25/><T76/><D76/><U2/><E2/><V7/><F118/><W18/><G106/><T12/><D12/><N who="1" m="4651" /><E113/><V49/><F7/><N who="1" m="2601" /><E56/><V40/><F5/><W112/><G70/><T53/><D105/><U74/><E74/><V35/><F35/><W45/><G112/><T79/><D79/><U83/><E83/><V81/><F16/><W121/><G121/><T93/><D104/><U126/><E126/><N who="0" m="48745" /><D53/><U89/><AGARI ba="0,0" hai="88,89,94,97,100" m="2601,4651,25161" machi="89" ten="30,4000,0" yaku="8,1,52,1,54,1" doraHai="96,127" who="1" fromWho="1" sc="222,-20,240,40,288,-10,250,-10" /><INIT seed="5,0,0,4,3,128" ten="202,280,278,240" oya="1" hai0="17,19,39,96,28,9,90,12,41,77,126,63,70" hai1="117,112,65,121,95,122,27,118,105,8,50,57,1" hai2="100,53,85,46,30,7,106,11,103,98,116,20,60" hai3="82,80,73,55,26,75,10,111,5,71,35,16,101"/><U134/><E105/><V58/><F116/><N who="1" m="44649" /><E95/><V66/><F103/><W76/><G111/><T133/><D126/><U86/><E86/><V89/><F20/><W91/><G71/><T36/><D77/><U0/><E65/><V108/><F30/><W6/><G6/><T132/><D28/><U123/><E57/><V78/><F78/><W61/><G101/><T56/><D70/><U49/><E112/><V131/><F131/><W81/><G91/><T79/><D79/><U22/><E49/><V113/><F113/><W15/><G73/><T62/><D19/><N who="1" m="12767" /><E50/><V52/><F108/><W32/><G81/><T129/><D129/><U97/><E97/><V40/><F85/><W37/><G82/><T42/><D63/><U67/><E67/><V13/><F89/><W33/><G37/><AGARI ba="0,0" hai="7,11,13,37,40,46,52,53,58,60,66,98,100,106" machi="37" ten="30,2000,0" yaku="7,1,54,1" doraHai="128" who="2" fromWho="3" sc="202,0,280,0,278,20,240,-20" /><INIT seed="6,0,0,1,4,72" ten="202,280,298,220" oya="2" hai0="98,1,107,27,50,25,77,10,111,20,8,128,44" hai1="52,37,28,14,80,26,29,126,95,7,125,49,60" hai2="9,40,89,57,130,18,67,68,119,6,45,70,15" hai3="123,127,24,3,83,118,63,61,39,36,11,78,92"/><V43/><F119/><W115/><G123/><T58/><D111/><U74/><E37/><V21/><F130/><W90/><G118/><T94/><D128/><U75/><E60/><V88/><F68/><W104/><G104/><T71/><D71/><U99/><E7/><V47/><F70/><W120/><G120/><T109/><D107/><U86/><E14/><V114/><F114/><W13/><G3/><T105/><D105/><U46/><E86/><V35/><F35/><W106/><G106/><T62/><D109/><U2/><E2/><V5/><F57/><W129/><G127/><N who="1" m="48650" /><E80/><V65/><F21/><W134/><G134/><T97/><D77/><U42/><E42/><V117/><F117/><W103/><G24/><T122/><D27/><U85/><E85/><V34/><F34/><W59/><G63/><T16/><D98/><U110/><E110/><V108/><F108/><W131/><G131/><T38/><D38/><U4/><E4/><V22/><F22/><W124/><G124/><T93/><D122/><U84/><E84/><V41/><F6/><W33/><G33/><T116/><D1/><U100/><E29/><V96/><F5/><W132/><G129/><T87/><D87/><U23/><AGARI ba="0,0" hai="23,26,28,46,49,52,74,75,95,99,100" m="48650" machi="23" ten="30,2000,0" yaku="18,1,54,1" doraHai="72" who="1" fromWho="1" sc="202,-5,280,20,298,-10,220,-5" /><INIT seed="7,0,0,4,5,32" ten="197,300,288,215" oya="3" hai0="24,113,75,30,94,115,85,72,101,130,79,83,40" hai1="69,134,28,26,22,97,42,132,39,100,12,80,103" hai2="57,2,36,96,37,3,43,95,70,18,99,23,35" hai3="78,41,31,47,114,122,104,135,105,125,89,53,45"/><W102/><G122/><T90/><D40/><U7/><E69/><V34/><F70/><W110/><G102/><T11/><D11/><N who="1" m="4223" /><E80/><V66/><F43/><W92/><G110/><T9/><D9/><U93/><E42/><V84/><F84/><W116/><G116/><T91/><D24/><U48/><E48/><V65/><F23/><W51/><G125/><T14/><D14/><U98/><E39/><V108/><F95/><W81/><G31/><T1/><D1/><U13/><E13/><V121/><F18/><W64/><G64/><T38/><D38/><U120/><E120/><V82/><F82/><W73/><G135/><N who="1" m="51754" /><E98/><V109/><F121/><W10/><G10/><T106/><D130/><U61/><E61/><V131/><F57/><W44/><G44/><T87/><D30/><U49/><E49/><V0/><F0/><W29/><G29/><T6/><D6/><U112/><E112/><N who="0" m="43081" /><D79/><U107/><E103/><V129/><AGARI ba="0,0" hai="2,3,34,35,36,37,65,66,96,99,108,109,129,131" machi="129" ten="25,8000,1" yaku="0,1,22,2,52,2" doraHai="32" who="2" fromWho="2" sc="197,-20,300,-20,288,80,215,-40" owari="177,-22.0,280,8.0,368,46.0,175,-32.0" /></mjloggm>