<mjloggm ver="2.3"><GO type="169" lobby="0"/><UN n0="%E6%AD%A6%E8%A3%85%E5%95%86%E8%88%B9%E5%9B%A3" n1="%E3%83%9B%E3%83%BB%E3%82%B8%E3%83%A5%E3%83%B3" n2="%E3%83%88%E3%83%88%E3%83%AA%E5%85%88%E7%94%9F%31%39%E6%AD%B3" n3="%E3%83%90%E3%82%A4%E3%82%A2%E3%83%A9%E3%83%B3" dan="17,16,18,17" rate="2163.91,2100.24,2261.49,2186.17" sx="M,M,F,M"/><TAIKYOKU oya="0"/><INIT seed="0,0,0,0,5,79" ten="250,250,250,250" oya="0" hai0="37,78,31,4,82,50,102,129,25,7,128,89,0" hai1="116,6,53,24,101,20,17,58,117,5,93,103,105" hai2="56,118,87,127,19,21,110,131,44,41,32,77,60" hai3="96,61,2,75,119,16,45,104,11,73,98,111,26"/><T122/><D122/><U39/><E105/><V126/><F32/><W124/><G111/><T23/><D37/><U18/><E39/><V36/><F110/><W42/><G124/><N who="2" m="47657" /><F131/><W22/><G61/><T133/><D133/><U55/><E20/><V64/><F118/><W49/><G119/><T9/><D102/><U46/><E58/><V54/><F77/><W108/><G108/><T94/><D50/><U107/><E107/><V76/><F76/><W121/><G121/><T106/><D7/><U59/><E59/><V99/><F87/><W10/><G98/><T123/><D106/><U114/><E93/><V86/><F86/><W27/><G27/><T125/><D125/><U3/><E24/><N who="2" m="14399" /><F99/><W112/><G96/><T95/><D123/><U130/><E130/><N who="0" m="50281" /><D89/><U33/><E46/><V92/><F92/><W48/><G45/><T43/><D43/><U100/><E100/><V120/><F120/><W14/><G42/><T67/><D67/><AGARI ba="0,0" hai="36,41,44,54,56,60,64,67" m="14399,47657" machi="67" ten="30,1000,0" yaku="18,1" doraHai="79" who="2" fromWho="0" sc="250,-10,250,0,250,10,250,0" /><INIT seed="1,0,0,5,5,87" ten="240,250,260,250" oya="1" hai0="135,131,26,97,134,10,125,1,82,8,35,6,43" hai1="46,15,94,36,133,5,47,88,0,72,9,33,64" hai2="22,91,3,80,127,70,65,117,54,104,29,59,11" hai3="62,130,102,129,108,63,49,74,126,27,50,86,45"/><U105/><E105/><V100/><F117/><W119/><G74/><T28/><D125/><U111/><E72/><V52/><F127/><W113/><G126/><T2/><D82/><U98/><E33/><V71/><F65/><W128/><G119/><T103/><D43/><U32/><E32/><V124/><F124/><W114/><G102/><T24/><D131/><U55/><E133/><V38/><F38/><W7/><G7/><T92/><D24/><U12/><E111/><V132/><F132/><W77/><G27/><T110/><D110/><U41/><REACH who="1" step="1"/><E64/><REACH who="1" ten="240,240,260,250" step="2"/><V109/><F109/><W58/><G108/><T4/><AGARI ba="0,1" hai="1,2,4,6,8,10,26,28,35,92,97,103,134,135" machi="4" ten="30,2000,0" yaku="0,1,9,1" doraHai="87" who="0" fromWho="0" sc="240,30,240,-10,260,-5,250,-5" /><INIT seed="2,0,0,0,4,126" ten="270,230,255,245" oya="2" hai0="105,103,30,78,77,33,15,55,127,116,48,39,32" hai1="129,7,67,94,24,3,11,107,76,53,56,64,90" hai2="87,124,43,29,54,44,18,12,23,62,37,2,112" hai3="122,130,81,1,73,123,121,93,99,133,57,108,68"/><V80/><F124/><W115/><G68/><T14/><D127/><U102/><E76/><V65/><F112/><W92/><G1/><T71/><D39/><U45/><E45/><V10/><F54/><W84/><G57/><T21/><D116/><U98/><E24/><V25/><F2/><W85/><G115/><T72/><D71/><U110/><E110/><V9/><F62/><W111/><G133/><T38/><D38/><U27/><E27/><V59/><F59/><W61/><G61/><T74/><D30/><U26/><E26/><V134/><F134/><W132/><G132/><T6/><D21/><U100/><E129/><V36/><F65/><W35/><G130/><T28/><D28/><U97/><REACH who="1" step="1"/><E102/><REACH who="1" ten="270,220,255,245" step="2"/><V20/><F37/><W51/><G35/><T70/><D103/><U41/><E41/><V79/><AGARI ba="0,1" hai="9,10,12,18,20,23,25,29,36,43,44,79,80,87" machi="79" ten="20,2100,0" yaku="0,1,7,1" doraHai="126" who="2" fromWho="2" sc="270,-7,220,-7,255,31,245,-7" /><INIT seed="2,1,0,0,3,51" ten="263,213,286,238" oya="2" hai0="115,69,119,98,90,128,80,70,43,28,76,111,24" hai1="11,25,92,12,34,65,71,100,29,46,97,41,93" hai2="56,27,105,110,86,21,127,102,58,121,53,13,112" hai3="125,130,68,124,59,62,35,32,77,72,3,45,82"/><V4/><F112/><W96/><G3/><T33/><D115/><U8/><E93/><V131/><F121/><W133/><G133/><T87/><D111/><U30/><E30/><V44/><F131/><W64/><G130/><T36/><D128/><U74/><E74/><V63/><F127/><N who="3" m="48715" /><G45/><T22/><D119/><U106/><E92/><V117/><F117/><W52/><G96/><T1/><D1/><U91/><E91/><V0/><F0/><W134/><G134/><T66/><D98/><U118/><E118/><V39/><F110/><W89/><G89/><T135/><D135/><U122/><E122/><V2/><F2/><W42/><G42/><T26/><D66/><U78/><E78/><V20/><F105/><W84/><G72/><T88/><D43/><U7/><E8/><N who="2" m="4231" /><F39/><W67/><G67/><T94/><D36/><U113/><E113/><V81/><F102/><W132/><G132/><T15/><D15/><U109/><E109/><V18/><F44/><W101/><G101/><T47/><D47/><U57/><E57/><N who="2" m="35247" /><F21/><W60/><AGARI ba="1,0" hai="32,35,52,59,60,62,64,68,77,82,84" m="48715" machi="60" ten="30,4000,0" yaku="18,1,52,1,54,1" doraHai="51" who="3" fromWho="3" sc="263,-11,213,-11,286,-21,238,43" /><INIT seed="3,0,0,0,2,30" ten="252,202,265,281" oya="3" hai0="109,37,40,88,63,127,11,43,118,113,116,24,45" hai1="19,108,77,0,57,62,49,105,31,79,12,38,69" hai2="56,55,75,80,110,6,59,126,130,103,73,128,99" hai3="64,101,4,94,90,20,102,132,16,78,135,97,85"/><W123/><G123/><T74/><D109/><U67/><E0/><V134/><F110/><W44/><G4/><T95/><D127/><U100/><E38/><V68/><F68/><W50/><G64/><T52/><D113/><U13/><E108/><V131/><F126/><W89/><G78/><T47/><D74/><U92/><E105/><V87/><F6/><W93/><G135/><T107/><D11/><U32/><E13/><V53/><F134/><W5/><G5/><T91/><D107/><U98/><E49/><N who="2" m="30767" /><F99/><W125/><G125/><T8/><D8/><U84/><E69/><V14/><F14/><W66/><G66/><T129/><D24/><U36/><E36/><V81/><F103/><W111/><G111/><T121/><D121/><U2/><E2/><V17/><F17/><W76/><G76/><T26/><D26/><U133/><E133/><V96/><F96/><W3/><G3/><T104/><D104/><U33/><E31/><V120/><F120/><W28/><G28/><T34/><D34/><U115/><E115/><V70/><F70/><W112/><G112/><T117/><D95/><U119/><E119/><V15/><F15/><N who="3" m="9247" /><G132/><T39/><D129/><U51/><E79/><N who="2" m="46527" /><F80/><W65/><G65/><T7/><D7/><U29/><E29/><V122/><F122/><W124/><G124/><T61/><D117/><U21/><REACH who="1" step="1"/><E51/><AGARI ba="0,0" hai="51,55,59,73,75,128,130,131" m="46527,30767" machi="51" ten="30,1000,0" yaku="19,1" doraHai="30" who="2" fromWho="1" sc="252,0,202,-10,265,10,281,0" /><INIT seed="4,0,0,5,5,86" ten="252,192,275,281" oya="0" hai0="24,29,128,124,5,71,135,107,63,35,14,87,65" hai1="59,38,130,26,110,36,33,95,120,78,92,42,64" hai2="13,80,77,109,96,61,7,119,75,32,23,43,56" hai3="99,131,50,41,127,53,97,30,125,85,98,84,94"/><T1/><D128/><U28/><E120/><V115/><F109/><W103/><G41/><T25/><D124/><N who="3" m="47689" /><G30/><T113/><D113/><U122/><E122/><V18/><F115/><W12/><G131/><T6/><D135/><U11/><E110/><V68/><F32/><W106/><G12/><T60/><D1/><U2/><E130/><V74/><F119/><W46/><G99/><T134/><D134/><U133/><E133/><V70/><F75/><W73/><G73/><T19/><D25/><U66/><E78/><V79/><F79/><W76/><G76/><T44/><D107/><U67/><E59/><V49/><F7/><W10/><G10/><T39/><D63/><U52/><E52/><V34/><F34/><W62/><G62/><T51/><D39/><U0/><E38/><V91/><F49/><W126/><G126/><T88/><D19/><U54/><E54/><V8/><F8/><W104/><G104/><T100/><D14/><U83/><E83/><V17/><F17/><W111/><G111/><T116/><D100/><AGARI ba="0,0" hai="46,50,53,84,85,94,97,98,100,103,106" m="47689" machi="100" ten="30,1000,0" yaku="18,1" doraHai="86" who="3" fromWho="0" sc="252,-10,192,0,275,0,281,10" /><INIT seed="5,0,0,0,5,27" ten="242,192,275,291" oya="1" hai0="106,14,117,129,43,9,5,82,80,56,49,40,44" hai1="69,92,53,108,127,57,77,67,124,116,105,37,93" hai2="33,19,20,110,135,47,22,121,25,88,26,102,55" hai3="7,133,73,18,99,112,111,122,61,84,0,125,118"/><U100/><E37/><V50/><F110/><W29/><G73/><T41/><D117/><U85/><E116/><V51/><F121/><W21/><G133/><T30/><D129/><U74/><E108/><V3/><F135/><W23/><G125/><N who="1" m="48202" /><E74/><V11/><F33/><W104/><G84/><T54/><D106/><U52/><E69/><V81/><F102/><W123/><G104/><T98/><D98/><N who="1" m="61591" /><E67/><V94/><F81/><W120/><G111/><T101/><D101/><U83/><E53/><V16/><F3/><W39/><G0/><T97/><D97/><U32/><E32/><V79/><F11/><W28/><G118/><T103/><D103/><U8/><E8/><V2/><F2/><W89/><G123/><T34/><REACH who="0" step="1"/><D44/><REACH who="0" ten="232,192,275,291" step="2"/><U90/><E90/><V12/><F88/><W59/><G89/><T87/><D87/><U65/><E65/><V72/><F72/><W15/><G99/><T1/><D1/><U38/><E38/><V60/><F47/><W96/><G39/><T76/><D76/><U17/><E17/><V86/><F79/><W6/><G96/><T107/><D107/><U75/><E75/><V64/><F86/><W45/><G45/><T126/><D126/><U13/><E13/><V128/><F12/><W4/><G15/><T46/><D46/><U91/><E91/><V70/><F94/><W66/><G18/><T131/><D131/><U115/><E115/><V130/><F130/><W63/><G112/><T134/><D134/><U48/><AGARI ba="0,1" hai="48,52,57,77,83,85,92,93" m="61591,48202" machi="48" ten="30,3000,0" yaku="18,1,54,1" doraHai="27" who="1" fromWho="1" sc="232,-10,192,40,275,-10,291,-10" /><INIT seed="5,1,0,5,0,43" ten="222,232,265,281" oya="1" hai0="88,15,13,63,73,23,19,87,90,14,101,22,68" hai1="107,76,89,8,3,104,103,57,18,128,65,102,79" hai2="47,121,119,10,108,1,83,95,69,21,30,93,84" hai3="135,94,34,20,11,85,26,133,99,130,96,125,32"/><U78/><E128/><V45/><F108/><W5/><G96/><T117/><D73/><U81/><E104/><V122/><F119/><W98/><G99/><T28/><D117/><U2/><E107/><V86/><F69/><W16/><G85/><T61/><D101/><U97/><E2/><V66/><F66/><W109/><G109/><T132/><D132/><N who="3" m="50761" /><G125/><T9/><D68/><U53/><E53/><V56/><BYE who="1" /><F56/><W113/><G130/><T71/><D71/><U91/><E91/><V100/><F1/><N who="3" m="431" /><G113/><UN n1="%E3%83%9B%E3%83%BB%E3%82%B8%E3%83%A5%E3%83%B3" /><T27/><D90/><AGARI ba="1,0" hai="16,20,26,32,34,90,94,98" m="431,50761" machi="90" ten="30,2000,0" yaku="20,1,54,1" doraHai="43" who="3" fromWho="0" sc="222,-23,232,0,265,0,281,23" /><INIT seed="6,0,0,0,1,15" ten="199,232,265,304" oya="2" hai0="123,46,14,44,38,105,60,50,78,83,107,121,90" hai1="12,8,33,111,98,72,51,89,115,35,7,80,99" hai2="127,79,65,106,102,59,19,94,122,57,29,2,4" hai3="16,104,18,13,110,5,11,119,103,129,82,0,21"/><V28/><F122/><W81/><G110/><T112/><D112/><U34/><E111/><V68/><F106/><W39/><G39/><T91/><D38/><U6/><E115/><V135/><F135/><W25/><G119/><T85/><D60/><U92/><E51/><V118/><F118/><W95/><G104/><T30/><D30/><U53/><E53/><V26/><F127/><W126/><G129/><T76/><D14/><U31/><E98/><V114/><F114/><W66/><G66/><T45/><D50/><U17/><REACH who="1" step="1"/><E31/><REACH who="1" ten="199,222,265,304" step="2"/><V88/><F29/><N who="3" m="17583" /><G126/><T24/><D45/><U75/><E75/><V42/><F28/><W10/><G0/><T132/><D85/><U77/><AGARI ba="0,1" hai="6,7,8,12,17,33,34,35,72,77,80,89,92,99" machi="77" ten="40,8000,1" yaku="1,1,0,1,52,1,53,2" doraHai="15" doraHaiUra="3" who="1" fromWho="1" sc="199,-20,222,90,265,-40,304,-20" /><INIT seed="7,0,0,5,1,74" ten="179,312,225,284" oya="3" hai0="108,134,117,125,79,16,98,53,122,64,57,84,17" hai1="87,12,37,88,106,96,9,27,7,35,56,49,91" hai2="105,26,38,40,124,25,66,101,95,52,93,1,107" hai3="102,30,112,33,5,127,32,94,92,90,43,10,85"/><W23/><G43/><T44/><D117/><U83/><E37/><V20/><F1/><W68/><G68/><T14/><D122/><U19/><E106/><V129/><F66/><W8/><G8/><T75/><D75/><U67/><E35/><V58/><F129/><W132/><G112/><T77/><D108/><U34/><E34/><V55/><F124/><W76/><G32/><T72/><D125/><U99/><E91/><V47/><F26/><N who="3" m="16735" /><G33/><T120/><D120/><U3/><E3/><V11/><F11/><W18/><G132/><T45/><D72/><U69/><E69/><V121/><F55/><W13/><G5/><T61/><D134/><U118/><E118/><V97/><F107/><W59/><G59/><N who="0" m="36927" /><D84/><U39/><E39/><V36/><F36/><W128/><G128/><T62/><D98/><N who="1" m="37419" /><E27/><V22/><F121/><W111/><G111/><T51/><D44/><U116/><E116/><V130/><F130/><W31/><G31/><T103/><D103/><U54/><E67/><V50/><REACH who="2" step="1"/><F22/><REACH who="2" ten="179,312,215,284" step="2"/><N who="3" m="11599" /><G127/><T82/><D14/><U42/><E42/><V81/><F81/><W21/><G21/><T65/><D82/><U126/><E126/><V63/><F63/><W2/><G10/><T119/><D119/><U0/><E0/><V114/><F114/><W29/><G2/><T86/><D17/><AGARI ba="0,1" hai="7,9,12,17,19,49,54,56,83,87,88" m="37419" machi="17" ten="30,2000,0" yaku="8,1,54,1" doraHai="74" who="1" fromWho="0" sc="179,-20,312,30,215,0,284,0" /><AGARI ba="0,0" hai="17,20,25,38,40,47,50,52,58,93,95,97,101,105" machi="17" ten="30,7700,0" yaku="1,1,7,1,54,1,53,1" doraHai="74" doraHaiUra="41" who="2" fromWho="0" sc="159,-77,342,0,215,77,284,0" owari="82,-42.0,342,45.0,292,9.0,284,-12.0" /></mjloggm>