<mjloggm ver="2.3"><GO type="41" lobby="0"/><UN n0="%54%69%6C%65%72" n1="%EF%BC%93%EF%BC%93%EF%BC%99%EF%BC%99" n2="%E5%B0%B1%E6%B4%BB%E7%94%9F%40%E5%B7%9D%E6%9D%91%E8%BB%8D%E5%9B%A3" n3="%54%68%69%73%57%61%79" dan="14,14,17,13" rate="1877.01,1968.61,2181.03,1855.35" sx="M,M,M,M"/><TAIKYOKU oya="0"/><INIT seed="0,0,0,3,5,59" ten="250,250,250,250" oya="0" hai0="52,54,110,95,45,12,42,91,120,104,133,106,111" hai1="77,85,76,94,102,123,6,130,31,55,23,117,73" hai2="135,30,125,32,36,61,115,62,75,101,131,86,21" hai3="66,19,67,81,47,65,0,88,70,48,72,112,71"/><T29/><D120/><U20/><E123/><V69/><F32/><W60/><G0/><T15/><D29/><U100/><E117/><V80/><F69/><N who="3" m="26123" /><G19/><T39/><D106/><U127/><E73/><V51/><F36/><W3/><G3/><T2/><D2/><U49/><E6/><V68/><F68/><N who="3" m="42023" /><G88/><T35/><D104/><U56/><E127/><V24/><F75/><W63/><G81/><T38/><D35/><U99/><E130/><V78/><F135/><W40/><G72/><T103/><D133/><U9/><E9/><V50/><F131/><W37/><G112/><T128/><D39/><U57/><E102/><V83/><F115/><W26/><G26/><T96/><D128/><U44/><E31/><V116/><F116/><W114/><G114/><T14/><D103/><U107/><E107/><V13/><F101/><W8/><G8/><T22/><D22/><N who="1" m="8235" /><E85/><N who="2" m="48279" /><F13/><W34/><G34/><T98/><D98/><U132/><E132/><V41/><F125/><W74/><G74/><T89/><D89/><U53/><E44/><N who="2" m="25871" /><F51/><AGARI ba="0,0" hai="49,51,53,55,56,57,76,77,94,99,100" m="8235" machi="51" ten="30,1000,0" yaku="8,1" doraHai="59" who="1" fromWho="2" sc="250,0,250,10,250,-10,250,0" /><INIT seed="1,0,0,0,0,60" ten="250,260,240,250" oya="1" hai0="107,52,36,125,32,23,20,72,102,94,46,109,58" hai1="134,35,123,86,0,120,106,12,59,129,95,105,16" hai2="74,128,8,80,54,99,116,61,96,83,93,64,132" hai3="31,14,91,39,49,37,10,13,5,75,97,73,108"/><U43/><E0/><V135/><F116/><W27/><G108/><T9/><D32/><U117/><E117/><V101/><F128/><W92/><G49/><T78/><D107/><U77/><E35/><V33/><F33/><W17/><G39/><T69/><D69/><U113/><E113/><V118/><F118/><W126/><G37/><T89/><D109/><U127/><E129/><V18/><F74/><W25/><G126/><T85/><D125/><U24/><E127/><V133/><F54/><W47/><G47/><T56/><D56/><U98/><E134/><V15/><REACH who="2" step="1"/><F96/><REACH who="2" ten="250,260,230,250" step="2"/><W131/><G131/><T76/><D72/><U29/><E123/><V2/><F2/><W124/><G124/><T38/><D52/><U114/><E120/><V62/><F62/><W55/><G75/><T103/><D36/><U4/><E43/><V53/><F53/><W68/><G73/><T26/><D38/><U104/><E114/><V119/><F119/><W111/><G55/><T21/><D46/><U100/><E59/><AGARI ba="0,1" hai="8,15,18,59,61,64,80,83,93,99,101,132,133,135" machi="59" ten="40,8000,1" yaku="1,1,20,1,52,1,53,1" doraHai="60" doraHaiUra="57" who="2" fromWho="1" sc="250,0,260,-80,230,90,250,0" /><INIT seed="2,0,0,1,5,58" ten="250,180,320,250" oya="2" hai0="124,47,70,40,75,39,86,5,2,48,110,78,38" hai1="81,120,126,1,9,116,50,49,18,96,131,61,123" hai2="103,42,85,122,89,54,16,19,105,117,71,56,97" hai3="104,111,135,132,24,107,72,101,55,121,6,69,87"/><V129/><F71/><W44/><G69/><T23/><D70/><U51/><E116/><V62/><F117/><W127/><G6/><T37/><D23/><U43/><E1/><V118/><F118/><W68/><G68/><T95/><D95/><U17/><E131/><V114/><F114/><W64/><G64/><T27/><D27/><U80/><E43/><V46/><F122/><N who="1" m="46633" /><E126/><V83/><REACH who="2" step="1"/><F129/><REACH who="2" ten="250,180,310,250" step="2"/><W4/><G121/><T76/><D124/><U125/><E125/><V59/><F59/><W93/><G127/><T21/><D47/><U31/><E9/><V108/><F108/><W134/><G44/><T3/><D110/><U133/><E133/><V106/><F106/><W79/><G107/><T28/><D37/><AGARI ba="0,1" hai="16,19,37,42,46,54,56,62,83,85,89,97,103,105" machi="37" ten="30,11600,0" yaku="1,1,7,1,52,1,54,1,53,0" doraHai="58" doraHaiUra="109" who="2" fromWho="0" sc="250,-116,180,0,310,126,250,0" /><INIT seed="2,1,0,3,3,87" ten="134,180,436,250" oya="2" hai0="81,71,112,30,18,45,120,105,123,27,83,130,38" hai1="52,26,64,115,53,66,21,122,97,107,4,101,40" hai2="33,125,69,12,62,103,1,41,121,49,127,76,29" hai3="55,19,114,109,57,82,0,70,79,17,100,95,20"/><V25/><F121/><W54/><G109/><T129/><D71/><U39/><E122/><N who="0" m="46633" /><D105/><U91/><E115/><V124/><F1/><W108/><G70/><T63/><D112/><U126/><E4/><V36/><F36/><W9/><G108/><T78/><D63/><U89/><E126/><V102/><F76/><W92/><G114/><T16/><D38/><U84/><E39/><V111/><F111/><W42/><G42/><T8/><D45/><U104/><E40/><V59/><F12/><W131/><G131/><N who="0" m="50187" /><D83/><U35/><E107/><V43/><F69/><W65/><G65/><N who="1" m="25194" /><E104/><V32/><F32/><W67/><G100/><N who="2" m="38441" /><F49/><W24/><G67/><AGARI ba="1,0" hai="25,29,33,41,43,59,62,67,124,125,127" m="38441" machi="67" ten="30,1500,0" yaku="18,1" doraHai="87" who="2" fromWho="3" sc="134,0,180,0,436,18,250,-18" /><INIT seed="2,2,0,5,1,131" ten="134,180,454,232" oya="2" hai0="115,36,43,83,103,61,50,58,16,32,35,81,80" hai1="62,42,63,40,101,125,68,30,126,114,116,59,124" hai2="65,118,0,82,23,37,97,99,90,29,14,78,117" hai3="45,85,87,132,21,57,109,5,134,113,111,104,135"/><V77/><F0/><W9/><G104/><T60/><D115/><U27/><E101/><V12/><F37/><W54/><G113/><T108/><D36/><U6/><E114/><V71/><F71/><W72/><G45/><T66/><D108/><N who="3" m="41545" /><G21/><T73/><D73/><U47/><E6/><V84/><F65/><W110/><G72/><T17/><D32/><U49/><E116/><V112/><F112/><W129/><G129/><T19/><D35/><U34/><E68/><V22/><F29/><W133/><N who="3" m="41553" /><W64/><DORA hai="55" /><G64/><T15/><D103/><U46/><REACH who="1" step="1"/><E59/><REACH who="1" ten="134,170,454,232" step="2"/><V3/><F117/><W127/><G135/><T91/><D58/><U2/><E2/><V96/><F118/><W106/><G127/><T51/><D15/><U98/><E98/><V41/><F3/><N who="3" m="191" /><G106/><T4/><D4/><U28/><E28/><V10/><F12/><W48/><AGARI ba="2,1" hai="48,54,57,85,87,132,133,134" m="191,41553" machi="48" ten="50,12000,2" yaku="20,1,14,1,52,4" doraHai="131,55" who="3" fromWho="3" sc="134,-32,170,-32,454,-62,232,136" /><INIT seed="3,0,0,4,2,74" ten="102,138,392,368" oya="3" hai0="123,122,12,86,128,104,55,70,30,28,94,113,50" hai1="24,53,117,3,68,87,91,61,57,6,7,125,116" hai2="43,26,25,79,52,65,49,109,21,46,5,126,38" hai3="64,118,82,119,9,69,42,37,76,121,20,120,101"/><W103/><G9/><T0/><D104/><U71/><E125/><V16/><F109/><W27/><G37/><T75/><D75/><U8/><E24/><V110/><F110/><W39/><G39/><T78/><D0/><U29/><E29/><V133/><F133/><W47/><G47/><T73/><D73/><U85/><E7/><V132/><F132/><W131/><G42/><T130/><D70/><U32/><E32/><V107/><F107/><W93/><G64/><T19/><D113/><U62/><E85/><V13/><F126/><W67/><G67/><T102/><D122/><N who="3" m="47209" /><G20/><T92/><D123/><U81/><REACH who="1" step="1"/><E62/><REACH who="1" ten="102,128,392,368" step="2"/><V59/><F5/><W115/><G27/><T98/><D128/><U100/><E100/><N who="3" m="38474" /><G131/><T56/><D130/><U108/><E108/><V60/><REACH who="2" step="1"/><F79/><REACH who="2" ten="102,128,382,368" step="2"/><W41/><G115/><T44/><D78/><U83/><E83/><V105/><F105/><W95/><G82/><T106/><D106/><U127/><E127/><V18/><F18/><W134/><G76/><T2/><D19/><U135/><E135/><V34/><F34/><W51/><G134/><T89/><D94/><U54/><E54/><V17/><F17/><W114/><G95/><T72/><D92/><U11/><E11/><V124/><F124/><W1/><G93/><T96/><D55/><U48/><E48/><V88/><F88/><W22/><G51/><T84/><D89/><U80/><E80/><V23/><F23/><W111/><G22/><T35/><D50/><U33/><E33/><V99/><F99/><W63/><G111/><T40/><D35/><U36/><E36/><RYUUKYOKU ba="0,2" sc="102,-15,128,15,382,15,368,-15" hai1="3,6,8,53,57,61,68,71,81,87,91,116,117" hai2="13,16,21,25,26,38,43,46,49,52,59,60,65" /><INIT seed="4,1,2,1,4,14" ten="87,143,397,353" oya="0" hai0="32,76,54,129,67,135,92,57,109,53,6,111,43" hai1="56,77,26,7,73,45,46,75,126,91,79,59,89" hai2="23,37,81,36,125,12,121,118,4,17,94,42,29" hai3="88,128,87,78,131,106,52,110,68,105,117,44,61"/><T120/><D32/><U93/><E7/><V27/><F121/><W96/><G110/><N who="0" m="41995" /><D120/><U41/><E126/><V72/><F125/><W49/><G117/><T101/><D129/><N who="3" m="49737" /><G78/><T66/><D135/><U39/><E26/><V134/><F134/><W40/><G96/><N who="0" m="59527" /><D76/><U86/><E73/><V113/><F4/><W2/><G2/><T35/><D35/><U108/><E108/><V33/><F118/><W19/><G19/><T99/><D43/><U90/><E75/><V51/><F113/><W24/><G24/><T34/><D34/><U11/><E11/><V116/><F116/><W104/><G68/><T28/><D28/><U65/><E65/><N who="0" m="24585" /><D6/><U112/><E112/><V18/><F42/><W3/><G3/><T80/><D80/><U58/><E46/><V103/><F81/><N who="3" m="49263" /><G61/><T122/><D122/><U21/><E21/><V100/><F33/><W64/><G64/><T83/><D83/><U82/><REACH who="1" step="1"/><E89/><REACH who="1" ten="87,133,397,353" step="2"/><V47/><F23/><W102/><G102/><T133/><D133/><U85/><AGARI ba="1,3" hai="39,41,45,56,58,59,77,79,82,85,86,90,91,93" machi="85" ten="30,4000,0" yaku="1,1,2,1,0,1,53,0" doraHai="14" doraHaiUra="62" who="1" fromWho="1" sc="87,-21,133,73,397,-11,353,-11" /><INIT seed="5,0,0,3,3,29" ten="66,206,386,342" oya="1" hai0="1,126,63,72,64,97,5,122,54,73,83,31,41" hai1="37,79,68,81,119,74,127,28,89,133,55,51,6" hai2="82,15,108,88,105,38,18,132,120,86,21,71,42" hai3="104,12,35,57,100,60,103,43,33,52,16,62,23"/><U76/><E37/><V135/><F120/><W109/><G109/><T113/><D122/><U48/><E119/><V107/><F71/><W85/><G43/><T125/><D113/><U112/><E68/><V58/><F108/><W117/><G117/><T0/><D54/><U40/><E112/><V75/><F75/><W47/><G47/><T46/><D97/><U94/><E133/><N who="2" m="51275" /><F58/><W50/><G85/><T115/><D115/><U56/><E127/><N who="0" m="48649" /><D31/><U70/><E70/><V14/><F14/><W130/><G130/><T101/><D101/><U131/><E131/><V114/><F114/><W30/><G103/><T10/><D1/><U67/><E79/><V27/><F27/><W53/><G30/><T11/><D11/><U61/><E6/><V45/><AGARI ba="0,0" hai="15,18,21,38,42,45,82,86,88,105,107" m="51275" machi="45" ten="30,2000,0" yaku="20,1,54,1" doraHai="29" who="2" fromWho="2" sc="66,-5,206,-10,386,20,342,-5" /><INIT seed="6,0,0,1,1,53" ten="61,196,406,337" oya="2" hai0="51,57,93,102,133,106,129,77,11,1,56,130,99" hai1="68,55,109,126,3,125,41,9,8,22,13,91,38" hai2="127,85,0,10,20,18,92,134,111,62,30,135,37" hai3="118,15,81,32,110,120,103,67,97,122,29,19,78"/><V128/><F37/><W40/><G40/><T35/><D35/><U115/><E68/><V6/><F30/><W65/><G110/><T72/><D1/><U79/><E109/><V117/><F117/><W52/><G118/><T43/><D11/><U27/><E79/><V83/><F111/><W101/><G29/><T70/><D70/><U90/><E41/><V95/><F128/><N who="0" m="49258" /><D43/><U74/><E74/><V47/><F47/><W5/><G32/><T80/><D51/><U28/><E38/><V100/><F62/><W2/><G5/><T75/><D75/><U49/><E3/><V24/><F100/><W63/><G2/><T84/><D133/><N who="2" m="50698" /><F127/><N who="1" m="48649" /><E115/><V46/><F46/><W86/><G103/><T7/><D7/><N who="1" m="3231" /><E9/><V23/><F23/><W26/><G101/><T33/><D33/><U112/><E112/><V104/><F104/><W61/><G63/><T58/><D72/><U36/><E36/><V21/><F21/><W71/><G61/><T45/><D45/><AGARI ba="0,0" hai="22,27,28,45,49,55,90,91" m="3231,48649" machi="45" ten="30,1000,0" yaku="18,1" doraHai="53" who="1" fromWho="0" sc="61,-10,196,10,406,0,337,0" /><INIT seed="7,0,0,3,2,126" ten="51,206,406,337" oya="3" hai0="78,37,28,95,58,112,130,111,80,96,52,9,94" hai1="116,83,47,101,99,69,41,109,17,79,56,8,2" hai2="11,75,27,108,74,87,20,82,115,103,76,14,70" hai3="62,40,35,44,121,67,122,50,51,125,23,63,65"/><W110/><G35/><T129/><D37/><U77/><E116/><V15/><F70/><N who="3" m="42295" /><G23/><T90/><D28/><U13/><E109/><V16/><F108/><W88/><G110/><T1/><D111/><U3/><E69/><V36/><F36/><N who="3" m="21511" /><G88/><N who="0" m="55367" /><D1/><U53/><E77/><V21/><F115/><W32/><G32/><T66/><D66/><U57/><E57/><V104/><F104/><W135/><G125/><T119/><D9/><U131/><E131/><N who="0" m="50185" /><D112/><U133/><E133/><V123/><F103/><W18/><G18/><T31/><D31/><U132/><E132/><V120/><F120/><N who="3" m="46187" /><G135/><T29/><D29/><U113/><E113/><V73/><F123/><W107/><G107/><T25/><D25/><U5/><E17/><V60/><F75/><W86/><G86/><N who="0" m="52695" /><D119/><U30/><E30/><V89/><F21/><W72/><G72/><N who="0" m="43079" /><D58/><AGARI ba="0,0" hai="50,51,58,63,67" m="46187,21511,42295" machi="58" ten="30,2900,0" yaku="34,2" doraHai="126" who="3" fromWho="0" sc="51,-29,206,0,406,0,337,29" /><INIT seed="7,1,0,0,1,128" ten="22,206,406,366" oya="3" hai0="111,28,41,92,8,116,112,86,91,99,130,97,85" hai1="25,110,7,5,21,94,32,40,83,13,104,113,82" hai2="27,76,72,2,125,51,11,108,17,107,4,58,50" hai3="84,64,134,78,90,122,37,101,31,34,135,1,105"/><W67/><G122/><T77/><D28/><U53/><E104/><V57/><F107/><W117/><G117/><T119/><D41/><U46/><E110/><V80/><F108/><W96/><G37/><T120/><D8/><U118/><E118/><V69/><F69/><W127/><G1/><T123/><D130/><U22/><E113/><V15/><F125/><W87/><G127/><T23/><D23/><U35/><E94/><V124/><F124/><W39/><G39/><T19/><D19/><N who="1" m="10479" /><E40/><V9/><REACH who="2" step="1"/><F27/><REACH who="2" ten="22,206,396,366" step="2"/><N who="3" m="18815" /><G78/><T133/><D111/><U55/><E35/><V29/><F29/><W20/><G20/><T49/><D49/><AGARI ba="1,1" hai="2,4,9,11,15,17,49,50,51,57,58,72,76,80" machi="49" ten="40,1300,0" yaku="1,1,53,0" doraHai="128" doraHaiUra="132" who="2" fromWho="0" sc="22,-16,206,0,396,26,366,0" owari="6,-49.0,206,-19.0,422,51.0,366,17.0" /></mjloggm>