<mjloggm ver="2.3"><GO type="169" lobby="0"/><UN n0="%E3%82%B5%E3%82%A6%E3%83%AA%E3%83%BC" n1="%E3%81%8D%E3%81%97%E3%82%8A%E3%81%A3%E3%81%97%E3%82%85" n2="%68%61%72%75%74%69%6E" n3="%E3%83%88%E3%83%88%E3%83%AA%E5%85%88%E7%94%9F%31%39%E6%AD%B3" dan="16,17,16,19" rate="2094.31,2095.99,2152.54,2240.28" sx="M,M,M,F"/><TAIKYOKU oya="0"/><INIT seed="0,0,0,5,1,22" ten="250,250,250,250" oya="0" hai0="108,92,4,122,69,9,16,120,49,107,17,27,39" hai1="64,131,60,6,2,112,97,42,70,110,11,124,76" hai2="0,47,83,125,126,128,133,37,35,44,117,32,85" hai3="38,36,100,61,129,102,105,95,86,115,134,59,30"/><T33/><D107/><U99/><E110/><V41/><F0/><W111/><G115/><T8/><D39/><U127/><E112/><V13/><F133/><W23/><G111/><T79/><D108/><U53/><E131/><V94/><F128/><W56/><G134/><T68/><D79/><U98/><E76/><V26/><F117/><W80/><G105/><T63/><D69/><U93/><E42/><V75/><F13/><W78/><G129/><T62/><D68/><U20/><E53/><V123/><F123/><W116/><G116/><T135/><D135/><U5/><E5/><V28/><F35/><W29/><G59/><T51/><D33/><U77/><E77/><V58/><F75/><W55/><G38/><T114/><D114/><U15/><E93/><V103/><F47/><W54/><G54/><T87/><D4/><U21/><E2/><V91/><REACH who="2" step="1"/><F58/><REACH who="2" ten="250,250,240,250" step="2"/><W74/><G56/><T25/><D87/><U106/><E106/><V81/><F81/><W3/><G80/><T66/><D92/><U45/><E45/><V121/><F121/><W1/><G95/><T34/><D34/><U7/><E127/><V72/><F72/><W10/><G86/><T88/><REACH who="0" step="1"/><D66/><REACH who="0" ten="240,250,240,250" step="2"/><U130/><E130/><V109/><F109/><W12/><G74/><T73/><D73/><U90/><E64/><V104/><F104/><W65/><G65/><T84/><D84/><U24/><E70/><V57/><F57/><W50/><G61/><T119/><D119/><U113/><E60/><V71/><F71/><W40/><G1/><T31/><D31/><U46/><E113/><RYUUKYOKU ba="0,2" sc="240,15,250,-15,240,15,250,-15" hai0="8,9,16,17,25,27,49,51,62,63,88,120,122" hai2="26,28,32,37,41,44,83,85,91,94,103,125,126" /><INIT seed="0,1,2,2,2,103" ten="255,235,255,235" oya="0" hai0="16,86,52,35,18,93,133,64,11,65,57,23,45" hai1="30,21,99,14,116,66,77,4,121,68,82,53,106" hai2="95,91,7,97,9,46,47,38,94,36,17,29,56" hai3="113,102,119,40,32,88,100,92,10,118,81,62,85"/><T31/><D133/><U54/><E116/><N who="3" m="44586" /><G62/><T0/><D35/><U83/><E121/><V84/><F29/><W123/><G40/><T41/><D0/><U126/><E126/><V101/><F17/><W134/><G10/><T90/><D31/><U60/><E4/><V120/><F120/><W58/><G58/><T127/><D127/><U61/><E83/><V6/><F56/><W24/><G24/><T108/><D108/><U34/><E61/><V87/><F7/><W111/><G32/><T51/><D11/><U73/><E14/><V128/><F128/><W125/><G123/><T39/><D18/><U44/><E21/><V37/><REACH who="2" step="1"/><F87/><REACH who="2" ten="255,235,245,235" step="2"/><N who="3" m="52255" /><G125/><T3/><D3/><AGARI ba="1,3" hai="3,6,9,36,37,38,46,47,84,91,94,95,97,101" machi="3" ten="40,1300,0" yaku="1,1,53,0" doraHai="103" doraHaiUra="78" who="2" fromWho="0" sc="255,-16,235,0,245,46,235,0" /><INIT seed="1,0,0,5,0,82" ten="239,235,291,235" oya="1" hai0="31,44,104,54,128,86,111,27,90,56,123,132,45" hai1="55,83,35,67,42,125,81,39,110,0,57,33,65" hai2="61,1,95,9,73,92,51,22,80,117,133,20,108" hai3="48,29,38,102,84,5,69,12,120,25,71,94,98"/><U109/><E0/><V41/><F117/><W131/><G120/><T114/><D111/><N who="1" m="42507" /><E35/><V64/><F108/><W16/><G38/><T103/><D128/><U43/><E33/><V77/><F133/><W118/><G131/><T18/><D132/><U28/><E28/><V8/><F22/><W97/><G5/><T89/><D114/><U96/><E96/><V63/><F20/><N who="3" m="15527" /><G69/><T60/><D123/><U105/><E105/><V14/><F1/><W134/><G71/><T76/><D103/><U79/><E83/><V50/><F9/><N who="3" m="6159" /><G118/><T19/><D104/><U53/><E125/><V68/><F63/><W101/><G134/><T91/><D19/><U30/><E30/><V100/><F41/><N who="1" m="15369" /><E39/><V93/><REACH who="2" step="1"/><F100/><REACH who="2" ten="239,235,281,235" step="2"/><W37/><G102/><T11/><D11/><U40/><E40/><V121/><F121/><W59/><G37/><T7/><D31/><U62/><E67/><V88/><F88/><N who="3" m="53511" /><G101/><T58/><D90/><U72/><AGARI ba="0,1" hai="53,55,57,62,65,72,79,81" m="15369,42507" machi="72" ten="30,3000,0" yaku="14,1,10,1" doraHai="82" who="1" fromWho="1" sc="239,-10,235,40,281,-10,235,-10" /><INIT seed="1,1,0,0,5,80" ten="229,275,271,225" oya="1" hai0="131,124,112,88,16,107,45,42,44,76,72,22,94" hai1="61,104,38,17,4,27,127,12,82,116,66,6,106" hai2="49,102,113,101,134,111,110,54,118,41,30,120,132" hai3="95,31,52,28,100,37,59,50,96,14,123,87,121"/><U19/><E38/><V26/><F118/><W75/><G75/><T51/><D131/><U108/><E116/><V98/><F41/><W70/><G70/><T109/><D124/><U62/><E127/><V67/><F67/><W25/><G37/><T83/><D109/><N who="2" m="41482" /><F120/><W90/><G14/><T20/><D112/><U40/><E108/><V114/><F49/><W47/><G47/><T1/><D107/><U115/><E40/><V33/><F54/><W81/><REACH who="3" step="1"/><G31/><REACH who="3" ten="229,275,271,215" step="2"/><T69/><D69/><U2/><E12/><V73/><F73/><W18/><G18/><T55/><D16/><U35/><E17/><V36/><F36/><W117/><G117/><T135/><D1/><U125/><E2/><V79/><F114/><W48/><G48/><T133/><D133/><U7/><E115/><V93/><F113/><W89/><G89/><T46/><D135/><N who="2" m="51754" /><F79/><W77/><G77/><T32/><D32/><BYE who="0" /><AGARI ba="1,1" hai="25,28,32,50,52,59,81,87,90,95,96,100,121,123" machi="32" ten="30,7700,0" yaku="1,1,7,1,52,1,54,1,53,0" doraHai="80" doraHaiUra="129" who="3" fromWho="0" sc="229,-80,275,0,271,0,215,90" /><INIT seed="2,0,0,0,4,13" ten="149,275,271,305" oya="2" hai0="47,107,78,32,115,85,49,120,44,132,62,117,52" hai1="101,4,96,14,84,33,59,29,20,110,106,38,130" hai2="67,112,91,72,93,134,19,24,21,81,8,105,60" hai3="90,3,57,37,65,50,36,76,17,74,56,51,125"/><V7/><F105/><W26/><G3/><T122/><D122/><U73/><E73/><V11/><F112/><W63/><G125/><T133/><D133/><U80/><E33/><V71/><F134/><W64/><G90/><T15/><D15/><U31/><E110/><V0/><F11/><W94/><G94/><T16/><D16/><U48/><E130/><V98/><F72/><UN n0="%E3%82%B5%E3%82%A6%E3%83%AA%E3%83%BC" /><W28/><G74/><T79/><D115/><U102/><E38/><V10/><F10/><W53/><G76/><T89/><D120/><U127/><E102/><V18/><REACH who="2" step="1"/><F81/><REACH who="2" ten="149,275,261,305" step="2"/><W87/><G87/><T119/><D107/><U75/><E75/><V23/><F23/><W109/><G109/><T82/><D132/><U54/><E127/><V43/><F43/><W40/><G40/><T116/><D32/><U22/><E22/><V100/><F100/><W35/><G35/><T126/><D126/><U9/><E20/><V131/><F131/><W61/><G28/><AGARI ba="0,1" hai="0,7,8,18,19,21,24,28,60,67,71,91,93,98" machi="28" ten="30,11600,0" yaku="1,1,7,1,52,2,53,0" doraHai="13" doraHaiUra="104" who="2" fromWho="3" sc="149,0,275,0,261,126,305,-116" /><INIT seed="2,1,0,5,3,11" ten="149,275,387,189" oya="2" hai0="127,19,123,114,97,0,53,32,120,2,80,83,129" hai1="100,51,45,78,87,95,28,23,40,16,21,20,18" hai2="107,17,89,24,68,46,37,84,35,93,110,134,4" hai3="101,133,74,43,81,14,135,88,99,3,130,55,115"/><V7/><F68/><W15/><G3/><T67/><D32/><U52/><E28/><V8/><F134/><N who="3" m="51211" /><G130/><T64/><D114/><U58/><E78/><V104/><F110/><W36/><G115/><T60/><D129/><U5/><E5/><V92/><F92/><N who="3" m="56711" /><G101/><T90/><D127/><U57/><E100/><V34/><F7/><W27/><G27/><T103/><D2/><U112/><E112/><V77/><F77/><N who="3" m="44215" /><G55/><T26/><D0/><U125/><E125/><V124/><F24/><W82/><G82/><T63/><D53/><U62/><REACH who="1" step="1"/><E58/><REACH who="1" ten="149,265,387,189" step="2"/><V54/><F124/><W116/><G116/><T109/><D103/><U98/><E98/><V29/><F29/><W76/><G76/><T94/><D97/><U66/><E66/><V131/><F131/><W30/><G30/><T118/><D67/><U56/><E56/><V61/><F4/><W75/><G75/><T38/><D64/><U1/><E1/><V117/><F117/><W69/><G69/><T70/><D118/><U9/><E9/><V59/><F8/><W96/><G96/><T73/><D70/><U42/><E42/><V128/><F128/><W25/><G25/><T85/><D26/><U44/><E44/><AGARI ba="1,1" hai="14,15,36,43,44" m="44215,56711,51211" machi="44" ten="30,7700,0" yaku="20,1,52,2,54,1" doraHai="11" who="3" fromWho="1" sc="149,0,265,-80,387,0,189,90" /><INIT seed="3,0,0,2,2,76" ten="149,185,387,279" oya="3" hai0="133,78,68,30,109,85,19,52,126,64,102,129,62" hai1="113,29,122,13,95,35,59,55,104,53,17,42,26" hai2="112,79,18,15,132,47,12,24,131,6,87,74,124" hai3="75,93,118,38,91,67,46,88,16,114,101,3,23"/><W106/><G114/><T21/><D109/><U8/><E122/><V105/><F112/><W111/><G118/><T127/><D129/><U121/><E113/><V98/><F74/><W103/><G3/><T36/><D36/><U9/><E121/><V45/><F124/><W66/><G75/><T82/><D133/><U72/><E104/><V81/><F131/><W71/><G111/><T37/><D37/><U77/><E42/><V73/><F73/><W90/><G106/><T117/><D117/><U49/><E95/><V115/><F115/><W2/><G2/><T25/><D102/><N who="3" m="38921" /><G38/><T7/><D7/><U100/><E100/><V5/><F98/><N who="3" m="57639" /><G46/><T135/><D135/><U28/><E28/><V11/><F105/><W41/><G41/><T58/><REACH who="0" step="1"/><D30/><REACH who="0" ten="139,185,387,279" step="2"/><U86/><E29/><V110/><F110/><W92/><G71/><T120/><D120/><U27/><E17/><V84/><F18/><W61/><G61/><AGARI ba="0,1" hai="19,21,25,52,58,61,62,64,68,78,82,85,126,127" machi="61" ten="40,8000,1" yaku="1,1,52,1,54,1,53,1" doraHai="76" doraHaiUra="60" who="0" fromWho="3" sc="139,90,185,0,387,0,279,-80" /><INIT seed="4,0,0,5,2,34" ten="229,185,387,199" oya="0" hai0="102,74,87,77,93,11,60,83,3,8,22,41,52" hai1="20,12,49,1,104,4,90,130,95,94,88,73,46" hai2="132,19,69,24,134,124,28,72,61,117,44,54,59" hai3="99,123,128,75,71,50,45,47,17,64,31,48,66"/><T92/><D41/><U27/><E104/><V114/><F72/><W125/><G75/><T121/><D121/><U103/><E73/><V129/><F114/><W109/><G109/><T106/><D106/><U108/><E108/><V101/><F129/><W14/><G128/><T33/><D33/><U43/><E103/><V40/><F124/><W120/><G125/><T38/><D38/><U105/><E105/><V70/><F101/><W9/><G99/><T119/><D119/><U81/><E81/><V53/><F19/><W51/><G31/><T37/><D37/><U6/><E130/><V133/><F117/><W26/><G26/><T39/><D39/><U68/><E68/><N who="2" m="26219" /><F24/><W80/><G80/><T126/><D126/><U65/><E65/><N who="3" m="25194" /><G71/><T62/><D62/><U57/><E57/><V113/><F28/><W35/><G35/><T107/><D107/><U36/><E36/><N who="2" m="21511" /><F113/><W89/><G89/><T97/><D22/><U91/><E12/><V63/><F54/><W131/><G131/><T13/><D13/><U86/><E91/><V76/><F76/><W0/><G0/><T21/><D3/><U112/><E1/><V115/><F115/><W79/><G79/><T98/><D74/><U25/><E25/><V85/><F85/><W100/><G100/><N who="0" m="60455" /><D21/><U67/><E112/><V18/><F63/><W96/><G96/><T55/><D60/><U84/><E67/><V58/><F134/><W116/><G116/><T32/><D32/><U5/><E5/><V30/><F133/><W7/><G7/><T118/><D118/><U15/><E27/><V23/><F132/><RYUUKYOKU ba="0,0" sc="229,10,185,10,387,-30,199,10" hai0="8,11,52,55,77,83,87,93,98,102" hai1="4,6,15,20,43,46,49,84,86,88,90,94,95" hai3="9,14,17,45,47,48,50,51,120,123" /><INIT seed="4,1,0,1,3,23" ten="239,195,357,209" oya="0" hai0="128,27,122,114,1,84,17,69,44,33,120,38,19" hai1="30,75,6,55,117,58,87,47,31,79,134,45,102" hai2="68,99,129,76,62,126,2,12,53,94,83,54,39" hai3="123,4,97,41,59,78,57,35,24,56,121,95,9"/><T85/><D69/><U5/><E75/><V65/><F2/><W89/><G78/><T80/><D1/><U101/><E117/><V16/><F39/><W118/><G118/><T124/><D114/><U48/><E134/><V91/><F126/><W32/><G41/><T40/><D124/><U15/><E79/><V82/><F129/><W61/><G61/><T111/><D128/><U34/><E87/><V8/><REACH who="2" step="1"/><F83/><REACH who="2" ten="239,195,347,209" step="2"/><W100/><G121/><T106/><D80/><U52/><E102/><V36/><F36/><W0/><G123/><T92/><D38/><U60/><E101/><V7/><F7/><W104/><G100/><T107/><D120/><U131/><E131/><V81/><F81/><W49/><G4/><T108/><D122/><U43/><E6/><V21/><F21/><W11/><G0/><T50/><D111/><U64/><E34/><V98/><F98/><W119/><G35/><T86/><D108/><U73/><E5/><V96/><F96/><W74/><G119/><T42/><D33/><U93/><E93/><V105/><F105/><W116/><G104/><T25/><D92/><U22/><E22/><V112/><F112/><W26/><G32/><T135/><D107/><U90/><E90/><V88/><F88/><W130/><G130/><T133/><D106/><U110/><E110/><V127/><F127/><W28/><G116/><T51/><D85/><AGARI ba="1,1" hai="8,12,16,53,54,62,65,68,76,82,85,91,94,99" machi="85" ten="30,3900,0" yaku="1,1,7,1,54,1,53,0" doraHai="23" doraHaiUra="132" who="2" fromWho="0" sc="239,-42,195,0,347,52,209,0" /><INIT seed="5,0,0,0,1,99" ten="197,195,399,209" oya="1" hai0="12,60,13,42,70,62,109,103,90,37,104,68,3" hai1="15,46,97,118,121,41,122,119,35,80,7,44,29" hai2="67,61,55,22,5,84,63,57,51,116,23,123,20" hai3="75,112,115,131,36,6,83,98,33,1,96,9,17"/><U30/><E80/><V11/><F116/><W18/><G131/><T26/><D109/><U128/><E128/><V107/><F123/><W82/><G33/><T124/><D124/><U110/><E110/><V0/><F107/><W39/><G9/><T85/><D3/><U93/><E35/><V134/><F134/><W92/><G6/><T114/><D114/><U59/><E119/><V16/><F84/><W86/><G86/><T65/><D37/><U49/><E118/><V8/><F8/><W135/><G92/><T89/><D42/><U19/><E7/><V73/><F73/><W101/><G75/><T72/><D72/><U127/><E127/><V56/><REACH who="2" step="1"/><F63/><REACH who="2" ten="197,195,389,209" step="2"/><W34/><G135/><T27/><D85/><U58/><E122/><V94/><F94/><W130/><G130/><T24/><D104/><U69/><E121/><V14/><AGARI ba="0,1" hai="0,5,11,14,16,20,22,23,51,55,56,57,61,67" machi="14" ten="20,5200,0" yaku="1,1,0,1,7,1,54,1,53,0" doraHai="99" doraHaiUra="106" who="2" fromWho="2" sc="197,-13,195,-26,389,62,209,-13" /><INIT seed="6,0,0,4,2,26" ten="184,169,451,196" oya="2" hai0="73,81,125,93,30,32,28,29,124,48,54,106,6" hai1="2,22,14,77,121,117,17,47,111,94,5,118,104" hai2="50,39,96,87,3,55,37,31,128,27,85,86,115" hai3="71,126,16,107,53,131,101,58,92,119,68,108,59"/><V0/><F115/><W60/><G119/><T98/><D106/><U90/><E104/><V76/><F76/><W7/><G108/><T1/><D32/><U89/><E111/><V62/><F62/><W49/><G107/><T116/><D116/><U36/><E121/><V129/><F96/><W102/><G7/><T33/><D33/><U34/><E77/><V56/><F39/><W13/><G131/><N who="2" m="50249" /><F37/><W52/><G126/><N who="0" m="48747" /><D6/><U9/><E34/><AGARI ba="0,0" hai="0,3,27,31,34,50,55,56,85,86,87" m="50249" machi="34" ten="30,2900,0" yaku="19,1,52,1" doraHai="26" who="2" fromWho="1" sc="184,0,169,-29,451,29,196,0" /><INIT seed="6,1,0,3,2,125" ten="184,140,480,196" oya="2" hai0="53,42,13,91,62,12,117,8,72,112,120,116,16" hai1="98,90,31,17,93,104,51,75,131,105,83,85,9" hai2="121,115,89,133,39,58,32,84,24,65,40,103,5" hai3="59,95,20,18,129,110,34,47,37,128,49,43,114"/><V1/><F121/><W56/><G110/><T7/><D120/><U67/><E31/><V21/><F32/><W87/><G34/><T52/><D72/><U57/><E75/><V11/><F103/><W106/><G106/><T102/><D102/><U3/><E131/><N who="3" m="50250" /><G114/><T130/><D130/><U30/><E30/><V124/><F124/><W111/><G111/><T135/><D135/><U78/><E17/><V33/><F5/><W26/><G37/><T71/><D42/><U0/><E0/><V109/><F40/><W55/><G43/><T61/><D91/><AGARI ba="1,0" hai="18,20,26,47,49,55,56,59,87,91,95" m="50250" machi="91" ten="30,7700,0" yaku="19,1,52,3" doraHai="125" who="3" fromWho="0" sc="184,-80,140,0,480,0,196,80" /><INIT seed="7,0,0,1,2,14" ten="104,140,480,276" oya="3" hai0="13,19,9,127,123,0,121,63,15,65,124,23,125" hai1="49,31,72,22,81,10,120,17,44,89,71,60,37" hai2="122,133,75,93,126,94,38,73,84,95,131,25,46" hai3="61,74,18,28,82,98,2,4,52,101,132,110,117"/><W99/><G117/><T134/><D134/><U62/><E37/><V20/><F133/><W12/><G132/><T47/><D47/><U106/><E106/><V111/><F111/><W100/><G110/><T58/><REACH who="0" step="1"/><D0/><REACH who="0" ten="94,140,480,276" step="2"/><U8/><E120/><V48/><F94/><N who="3" m="58455" /><G2/><T53/><D53/><U29/><E81/><V102/><F20/><N who="3" m="11335" /><G74/><T43/><D43/><U16/><E72/><V7/><F48/><W35/><G35/><T33/><D33/><U109/><E109/><V114/><F25/><W64/><G4/><AGARI ba="0,1" hai="4,9,13,15,19,23,58,63,65,121,123,124,125,127" machi="4" ten="40,8000,1" yaku="1,1,18,1,52,1,53,1" doraHai="14" doraHaiUra="59" who="0" fromWho="3" sc="94,90,140,0,480,0,276,-80" owari="184,-22.0,140,-36.0,480,58.0,196,0.0" /></mjloggm>