<mjloggm ver="2.3"><GO type="169" lobby="0"/><UN n0="%E5%B0%B1%E6%B4%BB%E7%94%9F%40%E5%B7%9D%E6%9D%91%E8%BB%8D%E5%9B%A3" n1="%E6%B0%B4%E6%9C%AC%E3%82%86%E3%81%8B%E3%82%8A" n2="%7A%65%72%6F%52%58" n3="%4C%61%73%6B%26%59%75" dan="18,16,16,17" rate="2262.15,2087.68,2155.32,2188.67" sx="M,F,M,M"/><TAIKYOKU oya="0"/><INIT seed="0,0,0,5,4,64" ten="250,250,250,250" oya="0" hai0="114,72,10,28,24,116,83,19,103,17,57,76,38" hai1="74,108,27,23,127,1,88,82,37,75,60,91,92" hai2="25,32,50,13,70,14,111,87,49,121,62,131,46" hai3="7,86,39,9,96,30,36,109,93,73,84,89,105"/><T118/><D114/><U56/><E37/><V77/><F121/><W126/><G109/><T15/><D38/><U101/><E1/><V71/><F111/><W59/><G30/><T133/><D133/><U63/><E108/><V16/><F131/><W119/><G119/><T0/><D0/><U35/><E35/><V47/><F62/><W33/><G33/><T45/><D103/><U122/><E122/><V8/><F13/><W53/><G73/><T134/><D134/><U31/><E127/><V132/><F132/><W5/><G5/><T130/><D130/><U123/><E123/><V102/><F102/><W44/><G126/><T117/><D45/><U115/><E115/><V4/><F77/><W90/><G105/><T85/><D57/><U54/><E60/><V125/><F125/><W20/><G20/><T22/><REACH who="0" step="1"/><D72/><REACH who="0" ten="240,250,250,250" step="2"/><U128/><E128/><V48/><F47/><W80/><G44/><T66/><D66/><U41/><E75/><V18/><F46/><W40/><G39/><T94/><D94/><U81/><E74/><V78/><F71/><W34/><G36/><T95/><D95/><U106/><E106/><V135/><F70/><W107/><G107/><T12/><D12/><U2/><E2/><V43/><F135/><W79/><G93/><T26/><D26/><U67/><E67/><V113/><F113/><W112/><G112/><T98/><D98/><N who="1" m="59591" /><E41/><V120/><F43/><W124/><G40/><T21/><D21/><U129/><E129/><V65/><F65/><W61/><G124/><T97/><D97/><U99/><E99/><V69/><F120/><RYUUKYOKU ba="0,1" sc="240,15,250,15,250,-15,250,-15" hai0="10,15,17,19,22,24,28,76,83,85,116,117,118" hai1="23,27,31,54,56,63,81,82,88,91" /><INIT seed="0,1,1,0,3,135" ten="255,265,235,235" oya="0" hai0="118,128,25,73,38,5,15,7,51,17,45,34,37" hai1="130,9,81,47,21,90,23,8,103,41,116,134,16" hai2="35,56,76,124,107,60,6,98,30,87,80,125,99" hai3="57,27,104,131,67,22,112,31,44,133,20,127,119"/><T123/><D118/><U84/><E116/><V32/><F6/><W3/><G104/><T52/><D73/><U75/><E134/><V42/><F42/><W13/><G44/><T49/><D123/><U94/><E130/><V102/><F98/><W29/><G57/><T40/><D128/><U43/><E23/><V117/><F117/><W96/><G96/><T77/><D77/><U106/><E106/><V97/><F97/><W70/><G67/><T132/><D132/><U126/><E126/><N who="2" m="48747" /><F30/><W72/><G31/><T101/><D101/><U33/><E33/><V0/><F0/><W129/><G3/><T122/><D122/><U53/><E43/><V92/><F107/><W86/><G29/><T39/><D25/><U68/><E41/><V65/><AGARI ba="1,1" hai="32,35,56,60,65,76,80,87,92,99,102" m="48747" machi="65" ten="30,7900,0" yaku="18,1,52,3" doraHai="135" who="2" fromWho="2" sc="255,-40,265,-21,235,92,235,-21" /><INIT seed="1,0,0,2,0,60" ten="215,244,327,214" oya="1" hai0="121,0,77,114,97,47,8,102,78,80,43,15,17" hai1="115,87,7,104,48,3,51,56,127,98,46,54,35" hai2="63,28,33,55,38,123,39,1,57,41,125,64,116" hai3="71,29,61,120,124,96,19,81,44,112,126,108,22"/><U10/><E35/><V83/><F1/><W31/><G112/><T49/><D114/><U84/><E115/><V40/><F123/><W20/><G120/><T59/><D121/><U131/><E131/><V26/><F116/><W85/><G108/><T132/><D132/><U9/><E127/><N who="3" m="48682" /><G96/><T133/><D133/><U117/><E117/><V100/><F125/><W118/><G44/><T72/><D77/><U6/><E98/><V122/><F122/><W90/><G118/><T79/><D79/><U66/><E104/><V111/><F111/><W82/><G82/><T21/><D59/><U129/><E129/><V69/><F83/><W73/><G73/><T13/><D0/><U113/><E113/><V106/><F39/><W109/><G109/><T89/><D89/><U50/><E50/><N who="2" m="30967" /><F38/><W76/><G76/><T27/><REACH who="0" step="1"/><D8/><REACH who="0" ten="205,244,327,214" step="2"/><U68/><E68/><V74/><F74/><W45/><G90/><T18/><D18/><U12/><REACH who="1" step="1"/><E66/><REACH who="1" ten="205,234,327,214" step="2"/><V99/><AGARI ba="0,2" hai="26,28,33,40,41,63,64,69,99,100,106" m="30967" machi="99" ten="30,2000,0" yaku="25,1,52,1" doraHai="60" who="2" fromWho="2" sc="205,-5,234,-10,327,40,214,-5" /><INIT seed="2,0,0,0,2,76" ten="200,224,367,209" oya="2" hai0="32,56,17,132,47,46,124,61,109,98,64,65,33" hai1="130,67,95,77,20,5,1,128,100,85,4,110,22" hai2="50,38,99,55,79,2,57,40,26,10,31,72,36" hai3="25,23,37,53,75,16,30,89,118,74,35,3,133"/><V34/><F99/><W66/><G118/><T68/><D109/><U116/><E67/><V11/><F2/><W45/><G66/><T88/><D124/><U103/><E110/><V81/><REACH who="2" step="1"/><F40/><REACH who="2" ten="200,224,357,209" step="2"/><W48/><G3/><T105/><D132/><U127/><E1/><V86/><F86/><W94/><G133/><T87/><D98/><U131/><E85/><V70/><F70/><W27/><REACH who="3" step="1"/><G37/><AGARI ba="0,1" hai="10,11,26,31,34,36,37,38,50,55,57,72,79,81" machi="37" ten="40,3900,0" yaku="1,1,52,1,53,0" doraHai="76" doraHaiUra="82" who="2" fromWho="3" sc="200,0,224,0,357,49,209,-39" /><INIT seed="2,1,0,3,3,47" ten="200,224,406,170" oya="2" hai0="21,121,77,55,59,128,51,76,102,124,90,22,3" hai1="116,96,135,134,28,123,100,30,23,130,69,85,86" hai2="60,67,48,89,25,88,54,80,75,49,5,18,16" hai3="9,112,12,103,127,98,38,81,10,50,129,15,52"/><V65/><F5/><W99/><G38/><T132/><D121/><U26/><E69/><V56/><F75/><W74/><G112/><T117/><D3/><U72/><E72/><V36/><F36/><W35/><G35/><T94/><D124/><U53/><E116/><V63/><F80/><W82/><G129/><T1/><D1/><U122/><E130/><V114/><F114/><W45/><G127/><T110/><D110/><U106/><E30/><V108/><F108/><W131/><G131/><T39/><D39/><U20/><E20/><N who="0" m="7785" /><D128/><U6/><E6/><V62/><F25/><W84/><G74/><T101/><D132/><N who="1" m="50731" /><E53/><V31/><F31/><W95/><G98/><N who="0" m="57687" /><D117/><U58/><E58/><V70/><F70/><W104/><G104/><T33/><D33/><U87/><AGARI ba="1,0" hai="23,26,28,85,86,87,96,100,106,122,123" m="50731" machi="87" ten="40,1500,0" yaku="20,1" doraHai="47" who="1" fromWho="1" sc="200,-5,224,18,406,-8,170,-5" /><INIT seed="3,0,0,1,4,2" ten="195,242,398,165" oya="3" hai0="129,77,133,46,40,125,112,67,90,85,127,5,62" hai1="50,117,31,111,115,95,100,17,63,9,35,123,109" hai2="87,51,102,98,82,126,69,76,20,15,131,4,108" hai3="43,94,114,119,106,0,33,130,32,72,134,59,23"/><W36/><RYUUKYOKU type="yao9" ba="0,0" sc="195,0,242,0,398,0,165,0" hai3="0,23,32,33,36,43,59,72,94,106,114,119,130,134" /><INIT seed="3,1,0,4,4,8" ten="195,242,398,165" oya="3" hai0="59,2,89,76,94,53,41,106,102,17,126,57,93" hai1="51,21,75,37,11,104,34,48,133,22,100,39,56" hai2="107,58,91,4,23,27,130,111,134,92,101,38,108" hai3="116,78,132,14,5,72,121,65,7,82,117,71,15"/><W70/><G121/><T115/><D2/><U77/><E34/><V120/><F38/><W79/><G65/><T103/><D106/><U20/><E133/><V63/><F130/><W61/><G61/><T0/><D0/><U98/><E11/><V31/><F134/><W13/><G132/><T73/><D73/><U96/><E77/><N who="3" m="29194" /><G82/><T129/><D76/><U81/><E81/><V90/><F120/><W122/><G72/><T80/><D41/><U135/><E75/><V85/><F4/><N who="3" m="1611" /><G122/><T124/><D80/><U97/><E135/><V29/><F29/><W99/><G99/><T54/><D129/><U125/><E104/><V95/><F107/><W60/><G60/><T24/><D115/><U26/><E97/><N who="2" m="59583" /><F91/><W47/><G47/><T36/><D36/><U113/><E98/><V16/><F111/><W69/><AGARI ba="1,0" hai="13,14,15,69,70,71,116,117" m="1611,29194" machi="69" ten="40,12000,1" yaku="28,2,52,3" doraHai="8" who="3" fromWho="3" sc="195,-41,242,-41,398,-41,165,123" /><INIT seed="3,2,0,2,3,101" ten="154,201,357,288" oya="3" hai0="59,62,79,99,94,34,56,85,103,132,68,52,128" hai1="18,13,118,8,121,1,123,108,65,29,124,17,33" hai2="50,106,10,53,43,22,14,54,36,73,105,91,67" hai3="64,51,113,88,6,37,69,57,116,28,86,9,129"/><W25/><G37/><T133/><D34/><U93/><E65/><V7/><F73/><W60/><G116/><T0/><D0/><U127/><E93/><V66/><F36/><W131/><G113/><T104/><D68/><U111/><E118/><V115/><F43/><W130/><G51/><T47/><D128/><U100/><E100/><V35/><F35/><W11/><G69/><T84/><D47/><U44/><E44/><V76/><F76/><W61/><G61/><T32/><D32/><U112/><E112/><V110/><F115/><W63/><G63/><T15/><D15/><N who="1" m="7399" /><E1/><V20/><F110/><N who="1" m="42025" /><E29/><V46/><F67/><W96/><G96/><T24/><D24/><U87/><E87/><V125/><F66/><W98/><G98/><T23/><D23/><N who="1" m="11727" /><E33/><V95/><F54/><W120/><G120/><AGARI ba="2,0" hai="120,121,123,124,127" m="11727,42025,7399" machi="120" ten="30,3900,0" yaku="14,1,34,2" doraHai="101" who="1" fromWho="3" sc="154,0,201,45,357,0,288,-45" /><INIT seed="4,0,0,5,3,103" ten="154,246,357,243" oya="0" hai0="62,126,123,15,20,127,133,41,54,27,116,12,3" hai1="134,40,42,56,4,38,9,86,93,77,18,21,98" hai2="135,55,114,124,50,70,99,45,72,129,90,37,14" hai3="80,17,118,95,89,110,106,79,59,2,105,111,104"/><T24/><D41/><U71/><E71/><V69/><F72/><N who="3" m="43111" /><G2/><T65/><D116/><U51/><E134/><V30/><F114/><W10/><G10/><T33/><D123/><U39/><E39/><V76/><F129/><W47/><G17/><T109/><D3/><U84/><E38/><V78/><F124/><N who="0" m="47658" /><D133/><U31/><E31/><V11/><F30/><W96/><G47/><T29/><D54/><N who="1" m="31839" /><E9/><V26/><F26/><W83/><G59/><N who="0" m="37087" /><D109/><N who="3" m="41481" /><G83/><T121/><D121/><U53/><E53/><V68/><F135/><W32/><G32/><T100/><D100/><U73/><E42/><V85/><F37/><W94/><G94/><T81/><D81/><U5/><E40/><V107/><F107/><W48/><G48/><T28/><AGARI ba="0,0" hai="12,15,20,24,27,28,29,33" m="37087,47658" machi="28" ten="30,1500,0" yaku="18,1" doraHai="103" who="0" fromWho="0" sc="154,15,246,-5,357,-5,243,-5" /><INIT seed="4,1,0,4,3,14" ten="169,241,352,238" oya="0" hai0="108,117,110,36,78,67,56,16,123,18,118,2,92" hai1="131,79,96,124,8,91,97,25,76,23,65,50,120" hai2="51,55,32,6,20,48,121,66,114,105,40,106,90" hai3="22,93,126,113,77,85,122,82,60,99,34,52,7"/><T17/><D123/><U95/><E120/><V87/><F32/><W94/><G34/><T128/><D2/><U42/><E131/><V111/><F111/><N who="0" m="42538" /><D128/><U62/><E124/><V116/><F121/><W58/><G113/><T54/><D36/><U59/><E8/><V33/><F33/><W37/><G37/><T41/><D41/><U74/><E74/><V101/><F114/><W5/><G126/><T61/><D78/><U9/><E9/><V73/><F73/><W132/><G132/><T28/><D28/><U19/><REACH who="1" step="1"/><E96/><REACH who="1" ten="169,231,352,238" step="2"/><V31/><F116/><N who="0" m="44650" /><D92/><N who="3" m="35433" /><G122/><T43/><D43/><U102/><E102/><V0/><F101/><W103/><G103/><T10/><D10/><U47/><AGARI ba="1,1" hai="19,23,25,42,47,50,59,62,65,76,79,91,95,97" machi="47" ten="30,8000,1" yaku="1,1,0,1,8,1,52,1,53,1" doraHai="14" doraHaiUra="44" who="1" fromWho="1" sc="169,-41,231,93,352,-21,238,-21" /><INIT seed="5,0,0,4,4,61" ten="128,324,331,217" oya="1" hai0="15,24,14,100,32,87,124,46,88,0,85,52,115" hai1="66,19,97,78,30,48,63,121,50,13,25,111,35" hai2="31,40,56,105,123,119,81,3,84,134,64,12,104" hai3="23,57,135,79,82,133,4,11,44,28,106,116,76"/><U26/><E111/><V51/><F3/><W17/><G106/><T117/><D0/><U60/><E60/><V58/><F123/><W108/><G108/><T74/><D74/><U53/><E26/><V103/><F119/><W92/><G28/><T91/><D117/><U80/><E97/><V90/><F134/><N who="3" m="51211" /><G57/><T99/><D115/><U77/><E121/><V42/><F31/><W8/><G92/><N who="0" m="58471" /><D32/><U110/><E110/><V22/><F105/><W69/><G69/><T98/><D24/><U45/><E50/><V132/><F103/><W10/><G116/><T86/><D124/><U129/><E129/><V75/><F75/><N who="3" m="43295" /><G79/><T128/><D128/><U102/><E102/><V71/><F71/><W95/><G95/><N who="0" m="56679" /><D91/><U59/><REACH who="1" step="1"/><E80/><REACH who="1" ten="128,314,331,217" step="2"/><V54/><F132/><W96/><G96/><T109/><D109/><U131/><E131/><V120/><F120/><W20/><G44/><T114/><D114/><U94/><E94/><V47/><F104/><W107/><G107/><T130/><D130/><U33/><E33/><V49/><F81/><W34/><G34/><T113/><D113/><U68/><E68/><V72/><F72/><W93/><G93/><T118/><D118/><U27/><E27/><V21/><F90/><W101/><G101/><T16/><D16/><U62/><E62/><V70/><F70/><W29/><G17/><T5/><D5/><U55/><E55/><V37/><F54/><W6/><G29/><T41/><D41/><U1/><E1/><V89/><F42/><W7/><AGARI ba="0,1" hai="4,6,7,8,10,11,20,23" m="43295,51211" machi="7" ten="40,1500,0" yaku="20,1" doraHai="61" who="3" fromWho="3" sc="128,-4,314,-7,331,-4,217,25" /><INIT seed="6,0,0,3,0,103" ten="124,307,327,242" oya="2" hai0="64,88,104,66,14,126,20,21,102,3,86,39,65" hai1="2,12,68,30,90,110,38,15,54,60,1,95,10" hai2="67,45,109,63,55,134,22,18,44,107,28,53,85" hai3="116,0,51,47,58,113,4,131,34,41,97,108,123"/><V87/><F107/><W7/><G108/><T11/><D39/><U24/><E38/><V130/><F109/><W6/><G34/><T98/><D3/><U8/><E15/><V81/><F134/><W13/><G0/><T49/><D126/><U74/><E74/><V19/><F28/><W112/><G123/><T111/><D111/><U59/><E68/><V83/><F67/><W96/><G131/><T23/><D49/><U31/><E10/><V133/><F133/><W127/><G127/><T29/><D29/><U73/><E73/><V82/><F63/><W69/><G69/><T117/><D117/><U62/><E62/><V50/><F130/><W122/><G122/><T129/><D129/><U46/><E46/><V93/><F93/><W25/><G25/><T17/><REACH who="0" step="1"/><D66/><REACH who="0" ten="114,307,327,242" step="2"/><U100/><E30/><V71/><F50/><W42/><G116/><T101/><D101/><U84/><E100/><V26/><F45/><W48/><G47/><T94/><AGARI ba="0,1" hai="11,14,17,20,21,23,64,65,86,88,94,98,102,104" machi="94" ten="30,7900,0" yaku="1,1,0,1,52,1,54,1,53,0" doraHai="103" doraHaiUra="40" who="0" fromWho="0" sc="114,89,307,-20,327,-39,242,-20" /><INIT seed="7,0,0,2,2,66" ten="203,287,288,222" oya="3" hai0="53,87,82,92,126,77,35,65,112,42,116,18,127" hai1="98,86,88,51,23,21,74,96,95,29,59,20,108" hai2="24,69,14,32,31,68,9,12,56,117,57,28,7" hai3="97,125,64,78,15,60,91,54,122,85,61,55,36"/><W134/><G122/><T33/><D116/><U80/><E108/><V115/><F117/><W84/><G36/><T132/><D42/><U5/><E74/><V50/><F115/><W102/><G125/><N who="0" m="47627" /><D132/><U93/><E5/><V105/><F105/><W104/><G134/><T4/><D4/><U111/><E111/><V81/><F31/><W26/><G15/><T17/><D112/><U131/><E131/><V22/><F81/><W128/><G128/><T124/><N who="0" m="47635" /><T73/><DORA hai="46" /><D65/><U120/><E120/><V106/><F106/><W25/><G78/><T11/><D53/><N who="1" m="32191" /><E29/><V48/><F32/><N who="0" m="12362" /><D11/><U114/><E114/><V0/><F0/><W19/><G64/><T16/><D92/><AGARI ba="0,0" hai="20,21,23,80,86,88,92,93,95,96,98" m="32191" machi="92" ten="30,3900,0" yaku="8,1,52,1,54,1" doraHai="66,46" who="1" fromWho="0" sc="203,-39,287,39,288,0,222,0" owari="164,-34.0,326,43.0,288,9.0,222,-18.0" /></mjloggm>