<mjloggm ver="2.3"><GO type="169" lobby="0"/><UN n0="%E3%83%80%E3%83%B3%E3%83%86" n1="%73%68%6F%6F%74%33%39" n2="%70%63%63%61%62%63" n3="%E3%82%A6%E3%83%AB%E3%83%88%E3%83%A9%E7%AB%8B%E7%9B%B4" dan="17,18,17,18" rate="2163.41,2163.44,2124.09,2197.60" sx="M,M,M,M"/><TAIKYOKU oya="0"/><INIT seed="0,0,0,2,5,43" ten="250,250,250,250" oya="0" hai0="67,38,115,57,100,30,133,64,110,92,71,20,37" hai1="14,83,107,77,116,113,5,123,21,120,109,3,46" hai2="126,47,60,106,76,101,61,27,68,54,10,95,81" hai3="90,117,104,125,42,127,118,15,62,12,97,45,78"/><T128/><D115/><U89/><E116/><V74/><F106/><W4/><G78/><T122/><D122/><U28/><E107/><V91/><F101/><N who="3" m="62511" /><G90/><T49/><D71/><U85/><E113/><V75/><F75/><W16/><G62/><T132/><D128/><U111/><E3/><V50/><F126/><N who="3" m="48139" /><G4/><T32/><D32/><U129/><E129/><V9/><F27/><W39/><G15/><T65/><D110/><N who="1" m="41995" /><E28/><V19/><F68/><W40/><G40/><T22/><D37/><U23/><E23/><AGARI ba="0,0" hai="12,16,23,39,42,45,117,118" m="48139,62511" machi="23" ten="30,3900,0" yaku="18,1,52,1,54,1" doraHai="43" who="3" fromWho="1" sc="250,0,250,-39,250,0,250,39" /><INIT seed="1,0,0,5,3,1" ten="250,211,250,289" oya="1" hai0="75,124,127,31,87,79,135,8,25,71,22,65,53" hai1="104,14,63,80,112,85,47,55,27,94,59,101,21" hai2="15,97,109,108,38,116,91,29,83,40,44,67,37" hai3="99,48,69,52,3,90,132,62,58,17,105,117,5"/><U126/><E112/><V68/><F116/><W133/><G117/><T16/><D75/><U93/><E126/><N who="0" m="48169" /><D135/><N who="3" m="51785" /><G17/><T78/><D87/><U30/><E104/><V0/><F0/><W70/><G62/><N who="0" m="40375" /><D53/><U56/><E101/><V12/><F29/><W103/><G90/><T19/><D19/><U128/><E128/><V18/><F38/><W45/><G58/><T88/><D88/><U92/><E14/><AGARI ba="0,0" hai="8,14,16,22,25,31,78,79" m="40375,48169" machi="14" ten="30,2000,0" yaku="18,1,54,1" doraHai="1" who="0" fromWho="1" sc="250,20,211,-20,250,0,289,0" /><INIT seed="2,0,0,0,1,59" ten="270,191,250,289" oya="2" hai0="88,18,95,19,73,84,133,108,80,57,63,62,4" hai1="127,129,12,1,56,7,106,49,117,5,69,24,43" hai2="82,96,29,91,46,22,65,115,116,41,89,105,16" hai3="130,109,92,94,36,47,40,87,45,13,125,8,113"/><V33/><F115/><W119/><G119/><T99/><D108/><U124/><E69/><V70/><F33/><W38/><G109/><T90/><D73/><U23/><E106/><V48/><F29/><W37/><G125/><T102/><D133/><U61/><E117/><V20/><F116/><W21/><G130/><T123/><D123/><U76/><E1/><V31/><F31/><W135/><G135/><T97/><D4/><U120/><E76/><V64/><F20/><W126/><G126/><N who="1" m="48170" /><E129/><V79/><F105/><W74/><G74/><T122/><D122/><U17/><E120/><V26/><F70/><W114/><G21/><T32/><D32/><U28/><E49/><V103/><F103/><W110/><G110/><T44/><D44/><U58/><E58/><V51/><F48/><W27/><G27/><T98/><D63/><U121/><E43/><V100/><F100/><W111/><G111/><T67/><REACH who="0" step="1"/><D99/><REACH who="0" ten="260,191,250,289" step="2"/><U2/><E121/><V66/><REACH who="2" step="1"/><F96/><REACH who="2" ten="260,191,240,289" step="2"/><W14/><G37/><T128/><D128/><U34/><E2/><V30/><F30/><W112/><G38/><T55/><D55/><AGARI ba="0,2" hai="5,7,12,17,23,24,28,34,55,56,61" m="48170" machi="55" ten="30,2000,0" yaku="18,1,52,1" doraHai="59" who="1" fromWho="0" sc="260,-20,191,40,240,0,289,0" /><INIT seed="3,0,0,3,1,116" ten="240,231,240,289" oya="3" hai0="51,13,25,97,133,63,95,104,115,64,122,0,65" hai1="112,16,36,22,48,39,118,14,31,94,107,93,60" hai2="132,4,79,100,59,127,130,11,88,111,87,84,80" hai3="47,35,40,125,99,128,44,41,33,69,53,8,78"/><W105/><G53/><T124/><D0/><U6/><E112/><V96/><F111/><W38/><G125/><T62/><D104/><U49/><E107/><V134/><F59/><W55/><G55/><T82/><D124/><U92/><E118/><V123/><F127/><W34/><G8/><T75/><D122/><U83/><E6/><V28/><F28/><W76/><G128/><T23/><D133/><N who="2" m="51306" /><F130/><W72/><G69/><T27/><D51/><U68/><E31/><V1/><F100/><W24/><G24/><N who="0" m="9291" /><D82/><U113/><E113/><V19/><F19/><W9/><G9/><T86/><D86/><U21/><E83/><N who="2" m="49279" /><F96/><W135/><G135/><T129/><D75/><U54/><E22/><V121/><AGARI ba="0,0" hai="1,4,11,79,80,84,121,123" m="49279,51306" machi="121" ten="30,7900,0" yaku="20,1,52,2,54,1" doraHai="116" who="2" fromWho="2" sc="240,-20,231,-20,240,79,289,-39" /><INIT seed="4,0,0,1,3,39" ten="220,211,319,250" oya="0" hai0="20,127,68,80,114,117,118,71,37,33,42,112,58" hai1="79,17,73,45,60,123,121,95,34,74,35,18,130" hai2="65,13,66,49,4,36,125,16,62,104,48,7,38" hai3="11,100,86,5,102,106,23,81,30,15,115,12,43"/><T26/><D33/><U41/><E130/><V85/><F104/><W2/><G115/><N who="0" m="44075" /><D80/><U10/><E95/><V61/><F85/><W25/><G106/><T134/><D134/><U57/><E10/><V9/><F9/><W6/><G2/><T122/><D122/><U116/><E57/><V105/><F105/><W67/><G67/><T50/><D127/><U119/><E45/><V29/><F13/><W56/><G56/><T69/><D20/><U98/><E60/><V31/><REACH who="2" step="1"/><F16/><REACH who="2" ten="220,211,309,250" step="2"/><W94/><G12/><T113/><D113/><U109/><E98/><V44/><F44/><W24/><G15/><T120/><D120/><U21/><E79/><V22/><F22/><W72/><G23/><T110/><D26/><U40/><REACH who="1" step="1"/><E21/><REACH who="1" ten="220,201,309,250" step="2"/><V132/><F132/><W1/><G11/><T3/><D3/><U52/><E52/><V97/><F97/><W14/><G24/><T131/><D131/><U89/><E89/><V75/><F75/><W59/><G72/><T99/><D99/><U76/><E76/><V54/><F54/><W90/><G90/><T19/><D19/><U128/><E128/><V64/><F64/><W78/><G25/><T0/><D0/><U84/><E84/><V129/><F129/><W70/><G86/><T133/><D133/><U124/><E124/><AGARI ba="0,2" hai="4,7,29,31,36,38,48,49,61,62,65,66,124,125" machi="124" ten="25,3200,0" yaku="1,1,22,2,53,0" doraHai="39" doraHaiUra="55" who="2" fromWho="1" sc="220,0,201,-32,309,52,250,0" /><INIT seed="5,0,0,5,4,111" ten="220,169,361,250" oya="1" hai0="1,40,130,125,45,42,120,101,121,57,88,78,65" hai1="10,36,93,62,114,6,104,17,19,59,24,70,23" hai2="134,71,30,107,52,35,102,22,63,67,15,99,12" hai3="69,74,14,131,25,16,61,46,37,129,2,91,4"/><U85/><E104/><V132/><F22/><W7/><G74/><T55/><D1/><U122/><E122/><N who="0" m="47209" /><D78/><U96/><E36/><V109/><F52/><W21/><G91/><T105/><D130/><N who="3" m="49673" /><G14/><N who="2" m="5161" /><F109/><W94/><G94/><T43/><D125/><U34/><E34/><V106/><F106/><W76/><G76/><T98/><D65/><U9/><E70/><V39/><F39/><W68/><G2/><T90/><D45/><U110/><E19/><V13/><F13/><W100/><G100/><T0/><D0/><U86/><E110/><V108/><F108/><W83/><G83/><T92/><D92/><U64/><E114/><V75/><F75/><W38/><G38/><T123/><N who="0" m="47217" /><T18/><DORA hai="33" /><D18/><U80/><E6/><N who="3" m="2090" /><G61/><AGARI ba="0,0" hai="40,42,43,55,57,61,88,90,98,101,105" m="47217" machi="61" ten="40,2600,0" yaku="13,1,54,1" doraHai="111,33" who="0" fromWho="3" sc="220,26,169,0,361,0,250,-26" /><INIT seed="6,0,0,1,0,91" ten="246,169,361,224" oya="2" hai0="1,90,63,72,87,27,13,38,49,134,57,115,131" hai1="83,24,129,114,128,120,30,111,78,23,92,36,105" hai2="58,132,116,26,29,119,69,64,2,76,9,12,10" hai3="127,109,73,84,66,133,100,126,25,124,80,16,50"/><V17/><F69/><W47/><G109/><T112/><D38/><U51/><E111/><V59/><F132/><W106/><G66/><T94/><D1/><U21/><E105/><V96/><F76/><W52/><G133/><T75/><D134/><U42/><E36/><V68/><F68/><W104/><G100/><T99/><D131/><N who="1" m="50251" /><E114/><N who="0" m="43561" /><D49/><U79/><E120/><V93/><F9/><W31/><G73/><T53/><D13/><U130/><N who="1" m="50259" /><U117/><DORA hai="37" /><E117/><V15/><F15/><W86/><G86/><T77/><D27/><U35/><E92/><V97/><F97/><W54/><G54/><T48/><D48/><U33/><E23/><V123/><F2/><W20/><G31/><T3/><D3/><U135/><E135/><V32/><F123/><W74/><G74/><T88/><D77/><AGARI ba="0,0" hai="16,20,25,47,50,52,77,80,84,104,106,124,126,127" machi="77" ten="40,5200,0" yaku="18,1,54,2" doraHai="91,37" who="3" fromWho="0" sc="246,-52,169,0,361,0,224,52" /><INIT seed="7,0,0,1,2,82" ten="194,169,361,276" oya="3" hai0="123,95,70,50,127,47,51,21,35,20,67,120,6" hai1="98,16,133,33,89,37,121,128,99,119,31,115,132" hai2="13,43,22,66,44,24,73,103,11,75,28,134,45" hai3="108,17,80,135,59,26,97,12,116,41,81,87,38"/><W9/><G116/><T34/><D6/><U14/><E121/><V122/><F45/><W90/><G135/><N who="1" m="51786" /><E37/><V57/><F103/><W2/><G2/><T114/><D127/><U124/><E124/><V62/><F134/><W96/><G41/><T74/><D74/><U42/><E42/><V112/><F112/><W64/><G38/><T29/><D114/><U118/><E115/><V83/><F83/><W101/><G101/><T4/><D4/><U55/><E128/><V27/><F27/><W78/><G26/><T0/><D0/><U36/><E36/><V69/><F69/><W8/><G8/><T56/><D70/><U46/><E31/><V76/><F76/><W129/><G129/><T58/><D29/><U109/><E33/><V30/><F30/><W105/><G105/><T18/><D18/><U54/><E109/><V125/><F125/><W1/><G1/><T130/><D130/><U104/><E104/><V25/><F25/><W61/><REACH who="3" step="1"/><G108/><REACH who="3" ten="194,169,361,266" step="2"/><T19/><D120/><U52/><E46/><V107/><F107/><W85/><AGARI ba="0,1" hai="9,12,17,59,61,64,78,80,81,85,87,90,96,97" machi="85" ten="20,24000,3" yaku="1,1,2,1,0,1,7,1,8,1,52,2,53,1" doraHai="82" doraHaiUra="84" who="3" fromWho="3" sc="194,-80,169,-80,361,-80,266,250" owari="114,-29.0,89,-41.0,281,8.0,516,62.0" /></mjloggm>