<mjloggm ver="2.3"><GO type="225" lobby="0"/><UN n0="%6E%75%6D%62%65%72%69%6A" n1="%E8%B6%B3%E3%81%AE%E8%B8%8F%E3%81%BF%E5%A0%B4%E3%82%82%E3%81%AA%E3%81%84" n2="%E5%B0%B1%E6%B4%BB%E7%94%9F%40%E5%B7%9D%E6%9D%91%E8%BB%8D%E5%9B%A3" n3="%E3%81%8F%E3%82%89%E3%81%BE%E3%82%82%E3%82%93" dan="16,17,17,16" rate="2146.16,2158.18,2188.82,2123.64" sx="M,M,M,M"/><TAIKYOKU oya="0"/><INIT seed="0,0,0,2,0,8" ten="250,250,250,250" oya="0" hai0="63,77,25,12,116,21,43,92,0,127,125,29,83" hai1="22,3,133,101,36,64,82,62,88,17,91,71,33" hai2="102,39,16,27,95,53,115,74,56,112,108,44,123" hai3="66,4,90,85,67,13,103,70,31,2,11,38,20"/><T100/><D0/><U98/><E133/><V109/><F74/><W1/><G38/><T9/><D116/><U41/><E3/><V48/><F123/><W69/><G103/><T78/><D43/><U117/><E117/><V37/><F102/><W107/><G107/><T106/><D106/><U128/><E128/><V118/><F95/><W119/><G119/><T54/><D100/><U132/><E132/><V120/><F120/><W52/><G67/><T5/><D92/><U99/><E99/><V97/><F97/><W32/><G66/><T19/><D83/><U86/><E33/><V26/><F118/><W80/><G2/><T111/><D111/><N who="2" m="42570" /><F26/><N who="3" m="18551" /><G52/><T34/><D63/><U121/><E121/><V18/><F27/><W61/><G61/><T49/><D34/><U51/><E36/><N who="2" m="13899" /><F44/><W7/><G7/><T110/><D5/><U35/><E35/><V96/><F96/><W59/><G59/><T14/><D110/><U10/><E41/><V72/><F72/><W93/><G93/><T105/><D105/><U75/><E75/><V87/><F87/><W68/><G68/><T15/><D125/><U89/><E101/><V47/><F47/><W65/><G65/><T30/><D127/><U114/><E98/><V46/><F46/><W40/><G40/><T104/><D104/><U55/><E86/><V94/><F94/><W129/><G129/><T126/><D126/><U24/><E82/><V135/><F135/><W131/><G131/><T122/><D122/><U81/><E81/><V23/><F23/><W73/><G73/><T113/><D21/><U6/><E22/><RYUUKYOKU ba="0,0" sc="250,-15,250,-15,250,15,250,15" hai2="16,18,48,53,56,112,115" hai3="1,4,11,13,20,69,70,80,85,90" /><INIT seed="1,1,0,5,4,95" ten="235,235,265,265" oya="1" hai0="3,79,94,55,71,14,80,35,97,1,33,29,40" hai1="30,42,124,72,32,37,105,112,67,85,60,51,21" hai2="68,11,53,131,73,6,20,41,100,103,123,90,63" hai3="5,133,75,43,128,62,47,8,132,27,46,64,91"/><U74/><E112/><V69/><F73/><W48/><G75/><T135/><D135/><N who="3" m="51785" /><G128/><T44/><D71/><U130/><E32/><V86/><F123/><W118/><G118/><T108/><D108/><U2/><E2/><V23/><F131/><W9/><G27/><T66/><D66/><U88/><E130/><V65/><F69/><N who="3" m="42135" /><G5/><T119/><D119/><U26/><E37/><V34/><F34/><W70/><G70/><T49/><D35/><U0/><E0/><V98/><F41/><N who="3" m="24655" /><G91/><T12/><D33/><U117/><E117/><V102/><F53/><W110/><G110/><T127/><D29/><U92/><E124/><V89/><F11/><W120/><G120/><T82/><D127/><U7/><E7/><V22/><F6/><W81/><G81/><T15/><D55/><U36/><E36/><AGARI ba="1,0" hai="8,9,36,43,47" m="24655,42135,51785" machi="36" ten="30,1000,0" yaku="20,1" doraHai="95" who="3" fromWho="1" sc="235,0,235,-13,265,0,265,13" /><INIT seed="2,0,0,2,5,2" ten="235,222,265,278" oya="2" hai0="31,3,90,58,113,122,42,45,98,116,67,17,103" hai1="101,74,56,114,22,95,4,21,64,133,87,109,29" hai2="104,14,61,6,91,33,85,126,129,28,37,127,102" hai3="119,60,43,40,80,27,92,55,12,36,39,16,54"/><V128/><F37/><W44/><G119/><T107/><D113/><U88/><E114/><V121/><F121/><W26/><G39/><T79/><D122/><U18/><E74/><V105/><F61/><W11/><G40/><T78/><D116/><U7/><E109/><V130/><F28/><W10/><G10/><T1/><D31/><U46/><E133/><V62/><F62/><W115/><G115/><T47/><D67/><U108/><E108/><V106/><F33/><W134/><G134/><T70/><D70/><U93/><E46/><V38/><F38/><W48/><G36/><T34/><D34/><U89/><E101/><V19/><F102/><W50/><G60/><T24/><D58/><U63/><E29/><V71/><F71/><W111/><G111/><T72/><D90/><U100/><E100/><V9/><F19/><W0/><G0/><T81/><D79/><U15/><E22/><V25/><REACH who="2" step="1"/><F25/><REACH who="2" ten="235,222,255,278" step="2"/><W110/><G110/><T49/><D24/><U35/><REACH who="1" step="1"/><E35/><REACH who="1" ten="235,212,255,278" step="2"/><V8/><F8/><W94/><G11/><T125/><D17/><U41/><E41/><V118/><F118/><W51/><G16/><T59/><D125/><U13/><E13/><V99/><F99/><AGARI ba="0,2" hai="4,7,15,18,21,56,63,64,87,88,89,93,95,99" machi="99" ten="30,12000,2" yaku="1,1,7,1,8,1,52,2,54,1,53,0" doraHai="2" doraHaiUra="112" who="1" fromWho="2" sc="235,0,212,140,255,-120,278,0" /><INIT seed="3,0,0,4,2,78" ten="235,352,135,278" oya="3" hai0="119,50,118,65,121,92,5,13,7,34,17,108,99" hai1="35,100,68,23,130,18,45,84,101,24,124,105,116" hai2="111,126,83,69,76,8,43,25,19,109,122,94,132" hai3="86,47,82,103,48,51,40,91,56,85,93,6,22"/><W96/><G6/><T89/><D121/><U9/><E68/><V63/><F122/><W110/><G110/><T44/><D34/><U4/><E105/><V60/><F126/><W80/><G22/><T38/><D38/><U88/><E124/><V129/><F129/><W55/><REACH who="3" step="1"/><G86/><REACH who="3" ten="235,352,135,268" step="2"/><T36/><D108/><U15/><E35/><V32/><F132/><W20/><G20/><T71/><D7/><U117/><E130/><V29/><F94/><AGARI ba="0,1" hai="40,47,48,51,55,56,80,82,85,91,93,94,96,103" machi="94" ten="30,12000,1" yaku="1,1,7,1,8,1,52,2,53,0" doraHai="78" doraHaiUra="114" who="3" fromWho="2" sc="235,0,352,0,135,-120,268,130" owari="235,-16.0,352,15.0,15,-48.0,398,49.0" /></mjloggm>