<mjloggm ver="2.3"><GO type="169" lobby="0"/><UN n0="%E5%91%82%E5%A7%AB" n1="%E3%81%99%E3%81%B0%E3%82%89%E3%81%A3%E2%98%85" n2="%E5%B0%B1%E6%B4%BB%E7%94%9F%40%E5%B7%9D%E6%9D%91%E8%BB%8D%E5%9B%A3" n3="%56%4F%4E%41%50%41%4C%54" dan="19,16,18,16" rate="2266.40,2068.32,2229.18,2027.21" sx="F,F,M,M"/><TAIKYOKU oya="0"/><INIT seed="0,0,0,4,3,59" ten="250,250,250,250" oya="0" hai0="20,1,90,93,47,41,30,120,43,91,55,12,97" hai1="24,128,8,31,40,74,132,121,17,45,100,51,33" hai2="46,115,15,68,10,66,88,11,69,71,105,119,109" hai3="107,133,77,28,58,125,117,0,82,4,124,50,18"/><T27/><D120/><U130/><E121/><V63/><F105/><W84/><G117/><T113/><D113/><U57/><E74/><V9/><F115/><W123/><G28/><T36/><D1/><U3/><E100/><V14/><F119/><W122/><G107/><T53/><D43/><U106/><E106/><V35/><F35/><W26/><G133/><T29/><D29/><U13/><E132/><V62/><F109/><W61/><G50/><T102/><REACH who="0" step="1"/><D12/><REACH who="0" ten="240,250,250,250" step="2"/><U2/><E3/><V49/><F15/><W104/><G123/><T38/><D38/><U21/><REACH who="1" step="1"/><E57/><REACH who="1" ten="240,240,250,250" step="2"/><V25/><F68/><W79/><G58/><T39/><D39/><U98/><E98/><V44/><F69/><W134/><G0/><T42/><D42/><U94/><E94/><V86/><F71/><W114/><G104/><T52/><AGARI ba="0,2" hai="20,27,30,36,41,47,52,53,55,90,91,93,97,102" machi="52" ten="30,11700,0" yaku="1,1,0,1,54,1,53,1" doraHai="59" doraHaiUra="16" who="0" fromWho="0" sc="240,137,240,-39,250,-39,250,-39" /><INIT seed="0,1,0,1,0,0" ten="377,201,211,211" oya="0" hai0="4,132,88,80,82,56,27,60,66,55,40,69,63" hai1="100,52,37,103,105,34,57,113,32,130,47,8,79" hai2="61,70,93,35,6,125,7,18,28,45,54,102,95" hai3="58,33,5,43,131,29,23,62,26,119,25,15,107"/><T50/><D132/><U111/><E111/><V46/><F125/><W75/><G119/><T99/><D27/><U21/><E130/><V49/><F35/><W108/><G75/><T16/><D16/><U73/><E113/><V86/><F28/><W104/><G43/><T126/><D126/><U114/><E114/><V72/><F72/><W41/><G41/><T115/><D115/><U17/><E8/><V121/><F121/><W129/><G108/><T81/><D99/><U78/><E47/><V53/><F18/><N who="3" m="10719" /><G5/><N who="2" m="1545" /><F70/><W94/><G94/><N who="2" m="35849" /><F102/><W38/><G29/><T110/><D110/><U109/><E37/><V127/><F127/><W39/><G33/><T123/><D123/><U64/><E103/><V42/><F61/><W20/><G62/><T36/><D4/><U91/><E100/><V51/><F86/><W85/><G85/><T71/><D63/><U77/><E17/><V87/><F87/><W117/><G39/><T116/><D116/><U106/><E73/><V12/><F12/><W44/><G38/><T74/><D71/><U92/><E109/><V59/><F42/><W84/><G84/><N who="0" m="50183" /><D74/><U83/><E34/><V9/><F59/><W48/><G58/><T13/><D13/><U133/><E57/><V67/><F67/><W118/><G117/><T2/><D2/><U124/><E64/><V101/><F101/><W135/><G118/><T11/><D11/><AGARI ba="1,0" hai="9,11,45,46,49,51,53,54" m="35849,1545" machi="11" ten="30,7700,0" yaku="8,1,52,3" doraHai="0" who="2" fromWho="0" sc="377,-80,201,0,211,80,211,0" /><INIT seed="1,0,0,1,5,122" ten="297,201,291,211" oya="1" hai0="51,106,126,89,118,115,105,92,131,15,120,23,125" hai1="0,135,28,85,22,90,134,32,97,109,11,3,10" hai2="86,75,39,114,113,101,33,130,52,2,26,12,99" hai3="78,127,123,27,81,48,24,66,119,88,79,14,54"/><U117/><E117/><V46/><F2/><N who="1" m="553" /><E97/><V108/><F75/><W102/><G127/><N who="0" m="48651" /><D118/><U56/><E56/><V83/><F130/><W4/><G102/><T74/><D131/><U47/><E47/><V70/><F70/><W87/><G123/><T45/><D115/><N who="2" m="44042" /><F12/><W63/><G14/><T42/><D120/><U69/><E69/><V40/><F26/><W68/><G4/><T55/><D74/><U98/><E98/><V37/><F33/><W21/><G27/><T128/><D128/><U7/><E85/><V29/><F29/><W5/><G5/><T104/><D23/><U73/><E90/><N who="2" m="51551" /><F52/><W20/><G20/><T41/><D15/><N who="1" m="5599" /><E73/><V80/><F80/><W133/><G119/><T36/><D36/><U96/><E96/><AGARI ba="0,0" hai="41,42,45,51,55,89,92,96,104,105,106" m="48651" machi="96" ten="40,1300,0" yaku="18,1" doraHai="122" who="0" fromWho="1" sc="297,13,201,-13,291,0,211,0" /><INIT seed="2,0,0,1,3,134" ten="310,188,291,211" oya="2" hai0="111,80,77,59,116,90,110,63,76,130,40,30,45" hai1="15,89,125,52,87,107,28,13,64,126,8,1,67" hai2="25,7,113,38,74,70,91,97,54,82,100,65,4" hai3="121,41,86,119,42,92,99,31,6,128,21,29,104"/><V55/><F38/><W106/><G119/><T101/><D130/><U58/><E107/><V53/><F113/><W5/><G86/><N who="0" m="50503" /><D116/><U18/><E28/><V27/><F70/><W44/><G128/><T49/><D101/><U132/><E1/><V88/><F65/><W135/><G135/><T93/><D93/><U79/><E79/><V103/><F74/><W32/><G32/><T22/><D22/><U85/><E15/><V96/><F55/><W47/><G21/><T123/><D30/><U0/><E0/><V78/><F78/><W19/><G19/><T129/><D123/><U10/><E10/><V20/><F20/><W3/><G3/><T72/><D72/><U73/><E73/><V51/><REACH who="2" step="1"/><F82/><REACH who="2" ten="310,188,281,211" step="2"/><W81/><G81/><T68/><D68/><U127/><E132/><V33/><F33/><W69/><G69/><T60/><D129/><U117/><E117/><V17/><F17/><W133/><G133/><T112/><D112/><U84/><REACH who="1" step="1"/><E89/><REACH who="1" ten="310,178,281,211" step="2"/><V98/><F98/><W37/><G99/><T95/><D76/><U24/><E24/><V66/><F66/><W43/><G31/><T94/><D77/><U26/><E26/><V36/><F36/><W83/><G29/><T75/><D75/><U50/><AGARI ba="0,2" hai="8,13,18,50,52,58,64,67,84,85,87,125,126,127" machi="50" ten="40,12000,2" yaku="1,1,0,1,18,1,52,3,54,1,53,0" doraHai="134" doraHaiUra="122" who="1" fromWho="1" sc="310,-30,178,140,281,-60,211,-30" /><INIT seed="3,0,0,0,4,40" ten="280,318,221,181" oya="3" hai0="85,89,97,71,112,33,83,88,28,79,67,48,84" hai1="45,61,106,42,102,25,32,64,26,53,96,109,126" hai2="1,34,133,115,77,63,128,93,121,90,105,91,118" hai3="36,52,44,129,8,23,73,132,114,7,9,56,30"/><W2/><G114/><T70/><D112/><U17/><E109/><V27/><F105/><W86/><G73/><T49/><D97/><U81/><E126/><V116/><F1/><W117/><G117/><T131/><D131/><U58/><E32/><V15/><F115/><W130/><G132/><T24/><D79/><U22/><E81/><V65/><F77/><W107/><G107/><T39/><D39/><U54/><REACH who="1" step="1"/><E26/><REACH who="1" ten="280,308,221,181" step="2"/><V135/><F27/><W110/><G110/><T14/><D14/><U62/><E62/><V12/><F15/><W82/><G130/><T21/><D33/><U111/><E111/><V94/><F12/><W92/><G129/><T37/><D83/><U50/><AGARI ba="0,1" hai="17,22,25,42,45,50,53,54,58,61,64,96,102,106" machi="50" ten="20,5200,0" yaku="1,1,0,1,7,1,52,1,53,0" doraHai="40" doraHaiUra="87" who="1" fromWho="1" sc="280,-13,308,62,221,-13,181,-26" /><INIT seed="4,0,0,5,5,133" ten="267,370,208,155" oya="0" hai0="134,93,101,23,48,27,105,20,78,79,60,112,18" hai1="7,124,67,47,77,32,84,22,86,36,41,114,132" hai2="109,50,57,104,121,38,135,11,106,14,110,72,107" hai3="55,6,16,131,120,71,119,102,25,82,24,62,54"/><T46/><D134/><U99/><E32/><V12/><F135/><W31/><G119/><T113/><D105/><U61/><E132/><V80/><F38/><W96/><G131/><T10/><D10/><U42/><E42/><V30/><F121/><W91/><G6/><T4/><D4/><U51/><E7/><V52/><F30/><W19/><G120/><T39/><D39/><U53/><E114/><N who="0" m="44137" /><D60/><U8/><E8/><V29/><F29/><W56/><G71/><T3/><D3/><U63/><E63/><V64/><F64/><W95/><G54/><N who="0" m="29975" /><D23/><U33/><E33/><V26/><F26/><W66/><G25/><T123/><D123/><U76/><E22/><V40/><F40/><W37/><G37/><T69/><D69/><U92/><E77/><V44/><F44/><W13/><G13/><T108/><D108/><U94/><E76/><V43/><F43/><W74/><G55/><T5/><D5/><U45/><E61/><V103/><F12/><W128/><G128/><T83/><D83/><U87/><E67/><V85/><F109/><W2/><G2/><T0/><D0/><U117/><E117/><V97/><F110/><W111/><G111/><T130/><D130/><U9/><E9/><V34/><F34/><W90/><G74/><T73/><D73/><U58/><E45/><V65/><F72/><W122/><G122/><T125/><D125/><U89/><REACH who="1" step="1"/><E94/><REACH who="1" ten="267,360,208,155" step="2"/><V127/><F65/><W115/><G115/><T49/><D49/><U1/><E1/><V118/><F118/><W15/><G95/><T100/><D93/><U59/><E59/><RYUUKYOKU ba="0,1" sc="267,15,360,15,208,-15,155,-15" hai0="18,20,27,78,79,100,101" hai1="36,41,47,51,53,58,84,86,87,89,92,99,124" /><INIT seed="4,1,1,1,1,64" ten="282,375,193,140" oya="0" hai0="37,98,75,73,69,76,68,48,74,91,26,93,118" hai1="117,63,108,113,94,15,115,109,66,34,25,110,19" hai2="119,39,46,103,134,105,54,42,83,1,27,50,129" hai3="82,16,12,44,40,57,124,79,80,65,55,7,41"/><T99/><D118/><U62/><E117/><V49/><F119/><W2/><G124/><T107/><D37/><U120/><E120/><V53/><F1/><W121/><G121/><T112/><D112/><N who="1" m="43083" /><E94/><V84/><F134/><W72/><G65/><T132/><D132/><U81/><E81/><V18/><F129/><W71/><G71/><T30/><D76/><U17/><E15/><V10/><F103/><W22/><G80/><T100/><REACH who="0" step="1"/><D48/><REACH who="0" ten="272,375,193,140" step="2"/><U104/><E108/><V11/><F49/><W60/><REACH who="3" step="1"/><G44/><REACH who="3" ten="272,375,193,130" step="2"/><T126/><D126/><U135/><E109/><V24/><F46/><W31/><G31/><T90/><D90/><U59/><E110/><V102/><F102/><W5/><G5/><T87/><D87/><U77/><E135/><V133/><F84/><W123/><G123/><T45/><D45/><U43/><E77/><V4/><F133/><W95/><G95/><T61/><D61/><U127/><E63/><V38/><F105/><W23/><G23/><AGARI ba="1,3" hai="23,26,30,68,69,73,74,75,91,93,98,99,100,107" machi="23" ten="40,7700,0" yaku="1,1,52,2,53,0" doraHai="64" doraHaiUra="125" who="0" fromWho="3" sc="272,110,375,0,193,0,130,-80" /><INIT seed="4,2,0,2,0,35" ten="382,375,193,50" oya="0" hai0="10,39,99,27,71,25,117,7,0,60,79,109,128" hai1="13,67,57,129,104,30,64,59,18,97,20,135,34" hai2="77,91,56,6,95,19,98,49,108,26,8,87,73" hai3="76,107,94,14,32,9,28,38,47,58,31,45,125"/><T110/><D117/><U17/><E135/><V130/><F108/><N who="0" m="41578" /><D39/><U37/><E129/><V127/><F127/><W68/><G68/><T83/><D128/><U112/><E37/><V4/><F73/><W75/><G107/><T61/><D99/><U70/><E112/><V126/><F126/><W1/><G125/><T101/><D101/><N who="1" m="62511" /><E18/><V51/><F130/><W93/><G32/><T29/><D71/><U5/><E67/><V119/><F119/><W89/><G58/><T33/><D27/><N who="1" m="18783" /><E5/><V54/><F51/><W80/><G94/><T48/><D48/><U65/><E65/><V133/><F133/><W44/><G38/><T63/><D63/><AGARI ba="2,0" hai="13,17,20,57,59,63,64,70" m="18783,62511" machi="63" ten="30,1000,0" yaku="25,1" doraHai="35" who="1" fromWho="0" sc="382,-16,375,16,193,0,50,0" /><INIT seed="5,0,0,1,2,85" ten="366,391,193,50" oya="1" hai0="113,65,36,48,12,25,134,82,20,56,28,29,99" hai1="90,94,120,54,71,74,66,55,6,89,103,131,114" hai2="84,10,117,31,46,76,33,132,37,87,39,47,125" hai3="22,0,78,30,105,107,17,8,70,106,19,83,121"/><U108/><E120/><V110/><F33/><W45/><G121/><T58/><D36/><U79/><E114/><V15/><F31/><W98/><G70/><T124/><D113/><U26/><E6/><V13/><F76/><W27/><G98/><T111/><D111/><U32/><E74/><V16/><F110/><W3/><G45/><T35/><D35/><U9/><E79/><V67/><F67/><W61/><G61/><T119/><D29/><N who="1" m="19511" /><E9/><V52/><F117/><W129/><G129/><T115/><D12/><U44/><E94/><V38/><F132/><W34/><G19/><T80/><D20/><U2/><E2/><V57/><F125/><W5/><G3/><T68/><D25/><U51/><E55/><V59/><F59/><W23/><REACH who="3" step="1"/><G17/><REACH who="3" ten="366,391,193,40" step="2"/><T69/><D69/><U112/><E131/><V50/><F46/><W104/><N who="3" m="26624" /><DORA hai="75" /><W122/><G122/><T127/><D68/><U100/><E108/><V81/><F47/><W64/><G64/><T18/><D65/><U133/><E66/><V40/><F40/><W11/><G11/><T102/><D18/><U135/><E71/><V62/><F62/><W91/><G91/><T88/><D88/><U86/><E90/><V96/><F96/><W92/><G92/><T130/><D130/><U72/><E89/><V21/><F16/><W123/><G123/><T60/><D60/><U73/><E112/><V1/><F10/><W128/><G128/><T7/><D115/><U109/><E109/><V116/><F1/><W95/><G95/><T97/><D97/><U4/><E44/><V63/><F63/><RYUUKYOKU ba="0,1" sc="366,-10,391,-10,193,-10,40,30" hai3="0,5,8,22,23,27,30,34,78,83" /><INIT seed="6,1,1,1,0,64" ten="356,381,183,70" oya="2" hai0="116,131,19,51,16,77,36,93,5,95,1,50,21" hai1="114,40,23,42,98,81,118,99,10,22,13,62,107" hai2="120,67,12,117,9,30,126,47,97,29,119,82,59" hai3="80,73,44,41,83,26,75,0,84,128,38,2,76"/><V71/><F120/><W8/><G128/><T45/><D131/><U78/><E118/><V69/><F47/><W37/><G37/><T85/><D36/><U115/><E42/><V48/><F97/><W112/><G112/><T74/><D74/><U17/><E40/><V33/><F126/><W129/><G129/><T68/><D68/><U88/><E62/><V43/><F43/><W57/><G57/><T110/><D110/><U134/><E134/><V132/><F132/><W35/><G8/><T61/><D1/><U104/><E104/><V4/><F82/><W60/><G60/><T63/><D5/><U111/><E111/><V100/><F100/><W27/><G27/><T3/><D3/><U103/><E98/><V86/><F86/><W49/><G49/><T79/><D21/><U28/><E88/><V113/><F113/><N who="1" m="43017" /><E28/><V56/><F30/><N who="3" m="19927" /><G84/><AGARI ba="1,1" hai="10,13,17,22,23,78,81,84,99,103,107" m="43017" machi="84" ten="30,1000,0" yaku="15,1" doraHai="64" who="1" fromWho="3" sc="356,0,381,23,183,0,70,-13" /><INIT seed="7,0,0,4,3,90" ten="356,404,183,57" oya="3" hai0="57,82,18,46,62,60,1,10,85,3,132,5,2" hai1="50,92,89,99,112,41,17,121,30,70,86,43,135" hai2="71,100,69,127,0,129,22,107,53,12,16,58,9" hai3="126,103,80,117,130,134,66,91,55,102,29,133,118"/><W35/><G66/><T28/><D132/><N who="3" m="50793" /><G35/><T52/><D28/><U56/><E121/><V84/><F129/><W34/><G34/><T24/><D24/><U45/><E70/><V32/><F127/><W47/><G29/><T131/><D131/><U128/><E128/><V44/><F32/><W74/><G130/><T104/><D104/><U122/><E122/><V7/><F44/><W68/><G68/><T95/><D95/><N who="1" m="54711" /><E135/><V110/><F110/><W88/><G47/><T93/><D93/><U97/><E97/><V51/><F71/><W111/><G111/><T94/><D94/><U20/><E30/><V31/><F69/><W42/><G42/><T75/><D75/><U87/><E87/><V49/><F31/><W116/><G55/><T109/><D109/><U67/><E112/><V113/><F113/><W13/><G13/><T79/><D18/><U48/><E67/><V36/><F36/><W61/><G61/><T77/><D60/><U76/><E56/><V39/><F39/><W105/><G126/><T25/><D25/><N who="1" m="14479" /><E76/><V64/><F64/><W40/><G40/><N who="1" m="15434" /><E45/><V26/><F0/><W19/><G19/><T108/><D108/><U98/><E98/><V78/><F51/><W14/><G14/><T119/><D79/><U33/><E33/><V6/><F16/><W27/><G27/><T23/><D46/><U73/><E73/><V83/><F12/><W15/><G15/><N who="0" m="5583" /><D23/><U124/><E124/><V4/><F26/><W72/><G72/><T65/><D65/><U123/><E123/><V59/><F53/><W37/><G37/><T115/><D115/><RYUUKYOKU ba="0,0" sc="356,15,404,15,183,-15,57,-15" hai0="1,2,3,52,57,62,77,82,85,119" hai1="48,50,92,99" owari="371,17.0,419,52.0,168,-23.0,42,-46.0" /></mjloggm>