<mjloggm ver="2.3"><GO type="169" lobby="0"/><UN n0="%E3%82%AB%E3%83%A9%E3%82%B9%E3%81%AE%E5%AD%90" n1="%74%75%75%6B%61%69%33" n2="%E3%83%A9%E3%83%A0%E3%83%80%E3%81%95%E3%82%93" n3="%E3%82%A6%E3%83%AB%E3%83%88%E3%83%A9%E7%AB%8B%E7%9B%B4" dan="16,16,17,17" rate="2142.75,2085.67,2142.89,2233.01" sx="M,M,M,M"/><TAIKYOKU oya="0"/><INIT seed="0,0,0,4,2,98" ten="250,250,250,250" oya="0" hai0="18,125,51,105,58,84,82,39,70,102,75,38,74" hai1="13,69,108,86,116,27,133,30,45,25,120,52,134" hai2="101,48,78,79,126,40,97,36,9,34,20,91,103" hai3="95,7,109,49,72,11,113,35,46,90,60,119,4"/><T130/><D70/><U5/><E116/><V115/><F34/><W0/><G113/><T110/><D130/><U33/><E120/><V67/><F36/><W111/><G72/><T85/><D125/><U22/><E69/><V53/><F115/><W14/><G35/><T17/><D110/><N who="3" m="41993" /><G60/><T112/><D112/><U62/><E108/><V106/><F126/><W117/><G7/><T132/><D105/><U81/><E13/><V123/><F123/><W87/><G0/><T122/><D82/><U31/><E5/><V76/><F40/><AGARI ba="0,0" hai="4,11,14,40,46,49,87,90,95,117,119" m="41993" machi="40" ten="30,1000,0" yaku="14,1" doraHai="98" who="3" fromWho="2" sc="250,0,250,0,250,-10,250,10" /><INIT seed="1,0,0,3,3,99" ten="250,250,240,260" oya="1" hai0="107,82,54,125,86,95,75,55,83,10,61,1,116" hai1="81,46,88,35,98,20,121,102,34,126,74,123,58" hai2="94,110,44,33,109,13,5,84,30,105,134,106,49" hai3="31,42,96,6,12,24,9,100,127,70,133,118,79"/><U129/><E129/><V124/><F134/><W85/><G133/><T56/><D116/><U103/><E126/><V63/><F124/><W131/><G70/><T62/><D107/><U71/><E71/><V43/><F30/><W60/><G127/><T108/><D75/><U39/><E121/><V120/><F33/><W112/><G112/><T91/><D125/><U68/><E68/><V119/><F120/><W87/><G131/><T51/><D108/><N who="2" m="41578" /><F119/><W8/><G79/><T115/><D115/><U80/><E123/><V41/><F41/><W32/><G42/><T3/><D62/><U89/><E39/><V128/><F128/><W28/><G28/><T40/><D40/><U92/><E46/><V114/><F114/><W77/><G77/><T18/><D3/><U11/><E74/><V78/><F63/><W97/><G60/><T73/><D73/><U16/><E11/><N who="2" m="4335" /><F94/><W53/><G118/><T25/><D1/><U14/><E58/><V67/><F67/><W37/><G37/><T21/><REACH who="0" step="1"/><D10/><REACH who="0" ten="240,250,240,260" step="2"/><U38/><E38/><V66/><F66/><W130/><G9/><T76/><D76/><U113/><E113/><V111/><F111/><W17/><G130/><T59/><AGARI ba="0,1" hai="18,21,25,51,54,55,56,59,61,82,83,86,91,95" machi="59" ten="20,5200,0" yaku="1,1,0,1,7,1,8,1,53,0" doraHai="99" doraHaiUra="122" who="0" fromWho="0" sc="240,62,250,-26,240,-13,260,-13" /><INIT seed="2,0,0,3,1,0" ten="302,224,227,247" oya="2" hai0="106,82,90,80,127,116,84,117,52,71,88,135,48" hai1="29,69,2,110,55,15,36,12,34,67,75,43,41" hai2="35,77,59,5,61,65,79,39,9,44,98,62,83" hai3="63,1,37,68,112,121,103,120,57,93,49,115,22"/><V76/><F35/><W18/><G1/><T119/><D106/><U54/><E2/><V124/><F124/><W100/><G37/><T105/><D105/><U19/><E75/><V132/><F132/><W107/><G107/><T25/><D135/><U126/><E126/><V114/><F114/><N who="3" m="43563" /><G49/><T28/><D127/><U74/><E74/><V17/><F17/><W133/><G68/><T123/><D71/><U13/><E110/><V108/><F108/><W14/><G133/><T122/><D90/><U130/><E130/><V92/><F62/><W99/><G103/><T128/><D80/><U32/><E19/><V109/><F109/><W66/><AGARI ba="0,0" hai="14,18,22,57,63,66,93,99,100,120,121" m="43563" machi="66" ten="30,1100,0" yaku="11,1" doraHai="0" who="3" fromWho="3" sc="302,-3,224,-3,227,-5,247,11" /><INIT seed="3,0,0,5,2,130" ten="299,221,222,258" oya="3" hai0="129,15,111,42,53,40,25,82,14,23,127,134,6" hai1="57,46,39,112,95,87,116,123,36,51,55,56,96" hai2="76,17,3,103,124,47,133,105,66,41,24,60,34" hai3="80,0,62,65,88,89,92,98,135,126,61,72,54"/><W29/><G0/><T16/><D129/><U69/><E123/><V38/><F3/><W32/><G126/><T94/><D127/><U79/><E112/><V11/><F124/><W48/><G135/><T64/><D134/><U35/><E69/><V20/><F133/><W93/><G65/><T5/><D111/><U2/><E35/><V58/><F76/><W45/><G32/><T10/><D64/><U73/><E2/><V117/><F117/><W78/><REACH who="3" step="1"/><G29/><REACH who="3" ten="299,221,222,248" step="2"/><T7/><D53/><U63/><E116/><V13/><F34/><W21/><G21/><T83/><D10/><U109/><E55/><V97/><F11/><W31/><G31/><T107/><D42/><U113/><E113/><V37/><F41/><W27/><G27/><T4/><D40/><U110/><E109/><V115/><F115/><W90/><G90/><T108/><D108/><U119/><E110/><V74/><F24/><W104/><G104/><T85/><D107/><U67/><E119/><V49/><F105/><W84/><AGARI ba="0,1" hai="45,48,54,61,62,72,78,80,84,88,89,92,93,98" machi="84" ten="20,12000,1" yaku="1,1,0,1,7,1,54,1,53,1" doraHai="130" doraHaiUra="50" who="3" fromWho="3" sc="299,-40,221,-40,222,-40,248,130" /><INIT seed="3,1,0,5,5,66" ten="259,181,182,378" oya="3" hai0="1,111,13,25,95,100,28,112,126,10,77,36,71" hai1="127,5,105,56,104,82,4,2,32,6,135,124,22" hai2="49,129,91,58,132,133,30,122,59,120,40,44,113" hai3="37,86,115,103,9,75,99,7,68,45,0,83,15"/><W121/><G115/><T88/><D112/><U85/><E2/><V57/><F30/><W73/><G68/><T131/><D36/><U64/><E32/><V130/><F91/><W48/><G37/><T27/><D1/><U74/><E74/><V8/><F8/><W118/><G0/><T62/><D111/><U63/><E22/><V61/><F61/><W35/><G35/><T98/><D131/><N who="2" m="50186" /><F113/><W23/><G23/><T79/><D126/><N who="1" m="48171" /><E135/><AGARI ba="1,0" hai="40,44,49,57,58,59,120,122,132,133,135" m="50186" machi="135" ten="40,8000,1" yaku="20,1,19,1,34,2" doraHai="66" who="2" fromWho="1" sc="259,0,181,-83,182,83,378,0" /><INIT seed="4,0,0,4,4,74" ten="259,98,265,378" oya="0" hai0="90,22,23,39,129,27,30,18,75,8,119,20,112" hai1="80,3,101,60,38,49,65,48,33,58,95,70,86" hai2="92,108,93,5,55,14,45,26,99,19,121,118,113" hai3="89,116,37,47,54,123,91,96,62,103,85,17,128"/><T9/><D119/><U57/><E38/><V4/><F108/><W76/><G116/><T24/><D39/><U82/><E33/><V41/><F118/><W94/><G128/><T34/><D129/><U69/><E3/><V35/><F121/><W130/><G130/><T61/><D75/><U25/><E25/><V0/><F0/><W115/><G37/><T105/><D105/><U126/><E126/><V100/><F113/><W6/><G6/><T72/><D72/><U53/><E48/><V110/><F110/><W134/><G134/><T68/><D112/><U42/><E42/><V88/><F55/><W13/><G123/><T84/><D68/><U71/><REACH who="1" step="1"/><E86/><REACH who="1" ten="259,88,265,378" step="2"/><V64/><F26/><W98/><G85/><T102/><D34/><U2/><E2/><V66/><F35/><W44/><G13/><T124/><D124/><U127/><E127/><V63/><F14/><W111/><G115/><T122/><D122/><U107/><E107/><V12/><F41/><W78/><G111/><T10/><D27/><U73/><E73/><V132/><F12/><W77/><G44/><T46/><D46/><U67/><E67/><V21/><F45/><W7/><G47/><T114/><D114/><U50/><E50/><V36/><F36/><W51/><G51/><T52/><D30/><U109/><E109/><V87/><F64/><W31/><G31/><T56/><D24/><U79/><E79/><V32/><F32/><W83/><G77/><T29/><D29/><U40/><E40/><V106/><F106/><N who="3" m="63847" /><G78/><T133/><D84/><U81/><E81/><V125/><F125/><RYUUKYOKU ba="0,1" sc="259,-10,88,30,265,-10,378,-10" hai1="49,53,57,58,60,65,69,70,71,80,82,95,101" /><INIT seed="5,1,1,1,1,60" ten="249,118,255,368" oya="1" hai0="5,109,22,91,133,42,71,11,114,121,107,16,46" hai1="66,69,77,128,113,89,17,1,9,13,111,52,36" hai2="105,98,85,0,27,92,81,106,124,12,61,38,68" hai3="64,26,104,126,84,119,15,74,3,135,21,125,6"/><U97/><E113/><V72/><F0/><W63/><G74/><T48/><D109/><U43/><E111/><V129/><F72/><W75/><G75/><T20/><D114/><U47/><E128/><V115/><F115/><W40/><G104/><T112/><D112/><U10/><E77/><V56/><F38/><W8/><G40/><T14/><D133/><U49/><E1/><V18/><F68/><W103/><G103/><T90/><D107/><U96/><E10/><V57/><F27/><W23/><G15/><T93/><D71/><U132/><E89/><V100/><F124/><W54/><G54/><T29/><D121/><U108/><E108/><V39/><F39/><W80/><G26/><T94/><D29/><U4/><E4/><V122/><F122/><W116/><G135/><T28/><D28/><U25/><E25/><V24/><F24/><W59/><G23/><T41/><D41/><U37/><E132/><V83/><F57/><W95/><G21/><T130/><D5/><U86/><E86/><V45/><F45/><W19/><G19/><T31/><D31/><U67/><E36/><V134/><F129/><W102/><G95/><T101/><D101/><U87/><E87/><V76/><F83/><W58/><G58/><T32/><D32/><U120/><E120/><V82/><F82/><W79/><G102/><T55/><D42/><U99/><REACH who="1" step="1"/><E69/><REACH who="1" ten="249,108,255,368" step="2"/><V35/><F134/><W118/><AGARI ba="1,2" hai="3,6,8,59,63,64,79,80,84,116,118,119,125,126" machi="118" ten="40,5200,0" yaku="0,1,12,1,52,1" doraHai="60" who="3" fromWho="3" sc="249,-14,108,-27,255,-14,368,75" /><INIT seed="6,0,0,1,4,24" ten="235,81,241,443" oya="2" hai0="37,49,94,135,126,89,43,64,88,11,29,72,99" hai1="112,90,80,50,78,33,62,20,2,77,81,14,119" hai2="56,6,53,92,38,21,59,76,40,39,5,103,131" hai3="52,115,101,133,9,83,46,12,44,96,7,132,51"/><V100/><F131/><W45/><G83/><T97/><D72/><U19/><E33/><V22/><F76/><W66/><G66/><T75/><D37/><U54/><E2/><V73/><F73/><W91/><G91/><T74/><D135/><N who="3" m="51785" /><G115/><T13/><D126/><U35/><E35/><V63/><F40/><W93/><AGARI ba="0,0" hai="7,9,12,44,45,46,51,52,93,96,101" m="51785" machi="93" ten="30,2000,0" yaku="20,1,54,1" doraHai="24" who="3" fromWho="3" sc="235,-5,81,-5,241,-10,443,20" /><INIT seed="7,0,0,2,3,16" ten="230,76,231,463" oya="3" hai0="74,127,54,72,85,110,22,129,102,42,48,38,60" hai1="12,33,64,108,7,84,27,30,107,2,130,122,37" hai2="47,58,62,91,133,116,19,92,61,71,121,99,132" hai3="87,119,35,101,69,104,18,90,105,34,1,46,126"/><W4/><G18/><T24/><D110/><U11/><E107/><V75/><F116/><W135/><G90/><T3/><D3/><U77/><E37/><V73/><F121/><W56/><G56/><T20/><D74/><U95/><E64/><N who="2" m="41367" /><F19/><W29/><G46/><N who="0" m="25687" /><D72/><U70/><E70/><V44/><F47/><W114/><G87/><T109/><D109/><U51/><E108/><V96/><F44/><W65/><G101/><T131/><D38/><U80/><E130/><N who="0" m="49673" /><D127/><U68/><E68/><V10/><F10/><W5/><G1/><T134/><D134/><N who="2" m="51818" /><F99/><W25/><G5/><T50/><D60/><U0/><E122/><V120/><F120/><W57/><G4/><T125/><D125/><U97/><E51/><V28/><F28/><W89/><G29/><T93/><D24/><U55/><E55/><AGARI ba="0,0" hai="55,58,61,73,75,91,92,96" m="51818,41367" machi="55" ten="30,1000,0" yaku="20,1" doraHai="16" who="2" fromWho="1" sc="230,0,76,-10,231,10,463,0" owari="230,-17.0,66,-43.0,241,4.0,463,56.0" /></mjloggm>