<mjloggm ver="2.3"><GO type="169" lobby="0"/><UN n0="%E3%83%88%E3%83%88%E3%83%AA%E5%85%88%E7%94%9F%31%39%E6%AD%B3" n1="%E3%82%AC%E3%83%9F%E3%82%B4%E3%83%B3" n2="%E3%81%BE%E3%81%93%E3%81%95%E3%81%A8%76%65%72%32" n3="%E3%82%A2%E3%83%95%E3%83%AA%E3%82%AB" dan="18,16,17,16" rate="2247.26,2115.55,2204.99,2099.91" sx="F,M,M,M"/><TAIKYOKU oya="0"/><INIT seed="0,0,0,5,3,59" ten="250,250,250,250" oya="0" hai0="71,7,88,97,121,80,26,49,9,119,75,56,110" hai1="15,96,19,70,68,16,129,117,86,42,43,64,87" hai2="94,57,60,81,127,109,98,113,66,45,50,32,128" hai3="36,63,101,55,35,2,61,122,20,79,46,53,126"/><T78/><D119/><U131/><E96/><V99/><F32/><W17/><G35/><T1/><D121/><U74/><E15/><V105/><F109/><W12/><G2/><T133/><D71/><U95/><E95/><V114/><F127/><W41/><G126/><T21/><D133/><U18/><E74/><V92/><F105/><W90/><G122/><T5/><D110/><U77/><E77/><V39/><F39/><W82/><G101/><T111/><D111/><U65/><REACH who="1" step="1"/><E19/><REACH who="1" ten="250,240,250,250" step="2"/><V4/><F81/><W107/><G107/><T93/><D5/><U14/><E14/><V72/><F72/><W38/><G90/><T44/><D75/><U108/><E108/><V51/><F4/><W73/><G73/><T27/><D78/><U28/><E28/><V120/><F120/><W31/><G31/><T13/><D80/><U11/><E11/><V30/><F30/><W69/><G82/><T54/><D1/><U104/><E104/><V118/><F92/><W10/><G10/><T106/><D106/><U124/><E124/><V62/><F99/><W115/><G79/><T134/><D134/><U33/><E33/><V85/><F98/><W84/><G12/><T6/><D6/><U40/><E40/><V130/><F94/><W102/><G41/><N who="0" m="24719" /><D21/><U76/><E76/><V125/><F125/><W24/><G20/><T116/><D116/><AGARI ba="0,1" hai="16,18,42,43,64,65,68,70,86,87,116,117,129,131" machi="116" ten="25,6400,0" yaku="1,1,22,2,54,1,53,0" doraHai="59" doraHaiUra="123" who="1" fromWho="0" sc="250,-64,240,74,250,0,250,0" /><INIT seed="1,0,0,0,4,2" ten="186,314,250,250" oya="1" hai0="121,14,93,16,26,34,106,9,78,132,129,76,60" hai1="84,128,80,62,105,109,87,74,130,3,65,124,56" hai2="39,1,45,47,33,98,102,90,82,50,64,24,133" hai3="32,61,31,69,51,22,122,120,96,110,48,18,63"/><U7/><E105/><V40/><F133/><W46/><G110/><T85/><D121/><U116/><E116/><V111/><F111/><W108/><G108/><T112/><D112/><U42/><E109/><V44/><F1/><W35/><G96/><T52/><D106/><U135/><E135/><V83/><F64/><W119/><G119/><T100/><D132/><U30/><E30/><V115/><F45/><W49/><G46/><T75/><D75/><U54/><E42/><V25/><F115/><W68/><G31/><T118/><D118/><U37/><E37/><V8/><F8/><W88/><G88/><N who="0" m="53391" /><D34/><N who="3" m="12841" /><G22/><N who="0" m="13639" /><D100/><U6/><E3/><V58/><F102/><W113/><G18/><N who="0" m="8527" /><D129/><N who="1" m="49771" /><E74/><V99/><F33/><W123/><G113/><T5/><D5/><N who="1" m="1547" /><E80/><V134/><F82/><W0/><G0/><T29/><D29/><U12/><E12/><V107/><F83/><W79/><G79/><T10/><D10/><U127/><E65/><V66/><F66/><W67/><G67/><T92/><D92/><U59/><E59/><AGARI ba="0,0" hai="52,59,60,76,78" m="8527,13639,53391" machi="59" ten="30,7700,0" yaku="8,1,54,3" doraHai="2" who="0" fromWho="1" sc="186,77,314,-77,250,0,250,0" /><INIT seed="2,0,0,4,2,8" ten="263,237,250,250" oya="2" hai0="70,128,30,101,93,29,71,67,7,15,23,9,89" hai1="4,63,120,25,5,134,38,135,21,100,49,41,111" hai2="94,18,11,86,12,72,82,57,32,68,28,90,52" hai3="69,6,36,92,126,59,37,20,96,1,119,129,84"/><V118/><F68/><W125/><G69/><T124/><D128/><U87/><E38/><V104/><F104/><W13/><G129/><T132/><D132/><N who="1" m="50731" /><E111/><V54/><F118/><W73/><G73/><T130/><D130/><U77/><E120/><V51/><F32/><W35/><G35/><T95/><D124/><N who="3" m="47721" /><G119/><T44/><D70/><U131/><E131/><V113/><F28/><W81/><G59/><T80/><D80/><N who="1" m="47503" /><E100/><V45/><F113/><W114/><G1/><T2/><D44/><N who="1" m="25743" /><E63/><N who="2" m="36263" /><F72/><W26/><G36/><T65/><D71/><U97/><E97/><V53/><F53/><W121/><G37/><T64/><D101/><U106/><E106/><V31/><F31/><AGARI ba="0,0" hai="4,5,21,25,31" m="25743,47503,50731" machi="31" ten="30,1000,0" yaku="20,1" doraHai="8" who="1" fromWho="2" sc="263,0,237,10,250,-10,250,0" /><INIT seed="3,0,0,5,0,62" ten="263,247,240,250" oya="3" hai0="110,0,33,34,28,18,81,85,82,23,26,106,1" hai1="35,51,114,123,87,79,58,134,11,7,132,113,60" hai2="22,69,115,126,6,103,131,89,118,27,86,98,75" hai3="16,71,121,4,108,116,88,52,49,37,135,38,13"/><W111/><G71/><T17/><D106/><U47/><E35/><V80/><F118/><W125/><G116/><T53/><D110/><N who="3" m="42025" /><G121/><T10/><D82/><N who="1" m="47583" /><E123/><V15/><F115/><W77/><G77/><T72/><D72/><U41/><E58/><V20/><F131/><W122/><G122/><T90/><D34/><U74/><E60/><V9/><F126/><W25/><G125/><T107/><D107/><U43/><E43/><V2/><F69/><W91/><G25/><T92/><D18/><U8/><E8/><V117/><F117/><W120/><G4/><T119/><D119/><U61/><E61/><V84/><F75/><W68/><G68/><T65/><D10/><U40/><E40/><V104/><F2/><W30/><G30/><T93/><D1/><U39/><E74/><V95/><REACH who="2" step="1"/><F27/><REACH who="2" ten="263,247,230,250" step="2"/><W64/><G120/><T21/><D26/><U46/><E114/><V29/><F29/><W105/><G135/><T99/><D28/><U129/><E113/><V127/><F127/><W32/><G32/><T55/><D0/><N who="1" m="487" /><E129/><V102/><F102/><W66/><G38/><T59/><D33/><U112/><E112/><V57/><F57/><N who="3" m="32911" /><G37/><T48/><D59/><U96/><E134/><V50/><F50/><W42/><G105/><T133/><D48/><U12/><E132/><V67/><F67/><N who="3" m="25643" /><G42/><T83/><D133/><U14/><E39/><V76/><AGARI ba="0,1" hai="6,9,15,20,22,76,80,84,86,89,95,98,103,104" machi="76" ten="20,2700,0" yaku="1,1,0,1,7,1,53,0" doraHai="62" doraHaiUra="70" who="2" fromWho="2" sc="263,-7,247,-7,230,37,250,-13" /><INIT seed="4,0,0,5,1,96" ten="256,240,267,237" oya="0" hai0="112,53,31,68,98,89,47,104,54,56,10,100,86" hai1="16,118,24,105,70,74,126,107,129,97,51,69,17" hai2="36,124,81,29,106,103,15,134,42,71,108,131,28" hai3="67,46,109,91,80,39,45,123,48,120,111,133,132"/><T122/><D122/><N who="3" m="46633" /><G91/><T62/><D112/><U23/><E118/><V25/><F28/><W35/><G35/><T43/><D31/><U130/><E74/><V66/><F108/><N who="3" m="41547" /><G80/><T26/><D26/><U99/><E51/><V82/><F15/><W14/><G14/><T85/><D68/><U73/><E73/><V8/><F8/><W119/><G119/><T95/><D10/><U57/><E57/><V21/><F81/><W19/><G19/><T7/><D7/><U52/><E24/><V9/><F82/><W72/><G72/><T63/><D63/><U11/><E11/><V102/><F9/><W113/><G113/><T92/><D54/><U128/><E52/><V79/><F106/><W93/><G67/><T22/><D22/><U101/><E23/><V32/><F79/><W3/><G3/><T117/><D117/><U49/><E49/><V58/><F32/><W84/><G39/><T94/><REACH who="0" step="1"/><D85/><REACH who="0" ten="246,240,267,237" step="2"/><U12/><E70/><V90/><F71/><W20/><G20/><T125/><D125/><U44/><E69/><V0/><F124/><W127/><G127/><T37/><AGARI ba="0,1" hai="37,43,47,53,56,62,86,89,92,94,95,98,100,104" machi="37" ten="20,12000,1" yaku="1,1,0,1,7,1,52,1,53,1" doraHai="96" doraHaiUra="50" who="0" fromWho="0" sc="246,130,240,-40,267,-40,237,-40" /><INIT seed="4,1,0,1,5,92" ten="376,200,227,197" oya="0" hai0="35,43,115,23,111,17,2,86,20,56,125,113,122" hai1="12,62,61,110,10,8,128,134,40,1,42,32,52" hai2="36,93,25,29,72,124,84,41,64,99,78,112,22" hai3="68,30,130,46,50,38,116,44,127,106,101,100,97"/><T87/><D122/><U54/><E32/><V67/><F112/><W59/><G68/><T126/><D35/><U7/><E110/><V76/><F124/><N who="0" m="47722" /><D2/><U91/><E134/><V11/><F72/><W96/><G127/><T123/><D123/><U121/><E121/><V31/><F36/><W90/><G116/><T133/><D133/><U24/><E128/><V73/><F73/><W118/><G118/><T103/><D111/><U107/><E107/><V9/><F41/><N who="1" m="15977" /><E1/><V51/><F31/><W120/><G120/><T57/><D43/><U70/><E70/><V135/><F51/><W0/><G0/><T80/><D103/><U77/><E10/><N who="2" m="3595" /><F135/><W132/><G132/><T47/><D47/><U98/><E77/><N who="2" m="29803" /><F84/><N who="0" m="32298" /><D80/><U53/><E24/><V119/><F119/><W102/><G38/><T16/><D23/><U69/><E69/><V75/><F75/><W48/><G130/><T58/><D20/><U117/><E117/><V109/><F109/><W85/><G106/><T63/><D63/><N who="1" m="24075" /><E91/><AGARI ba="1,0" hai="22,25,29,64,67,91,93,99" m="29803,3595" machi="91" ten="30,2000,0" yaku="8,1,52,1" doraHai="92" who="2" fromWho="1" sc="376,0,200,-23,227,23,197,0" /><INIT seed="5,0,0,0,5,51" ten="376,177,250,197" oya="1" hai0="134,70,90,105,55,68,77,49,74,24,82,36,16" hai1="129,61,132,46,38,58,50,37,97,86,96,130,31" hai2="21,14,123,60,23,7,43,135,11,56,2,98,131" hai3="88,116,99,32,45,78,19,20,114,102,25,22,65"/><U81/><E31/><V27/><F135/><W52/><G32/><T107/><D36/><U64/><E132/><V80/><F131/><N who="1" m="50185" /><E97/><V18/><F43/><W54/><G114/><T125/><D134/><U57/><E96/><V91/><F123/><W53/><G65/><T95/><D125/><U85/><E85/><V34/><F80/><W76/><G116/><T93/><D70/><N who="1" m="42255" /><E86/><V118/><F118/><W67/><G67/><T101/><D68/><U63/><E81/><V100/><F91/><W66/><G66/><T48/><D101/><U10/><E10/><V28/><F23/><W17/><G45/><T117/><D117/><U106/><E106/><V9/><F9/><W72/><G72/><T87/><D95/><U6/><E6/><V112/><F112/><W8/><G8/><T133/><D133/><U75/><E75/><V39/><F39/><N who="1" m="14857" /><E63/><V71/><F71/><W41/><G102/><T3/><D3/><U42/><AGARI ba="0,0" hai="42,46,50,57,58" m="14857,42255,50185" machi="42" ten="30,6000,0" yaku="19,1,34,2" doraHai="51" who="1" fromWho="1" sc="376,-20,177,60,250,-20,197,-20" /><INIT seed="5,1,0,4,2,75" ten="356,237,230,177" oya="1" hai0="82,48,129,7,127,9,37,100,93,14,87,45,106" hai1="104,39,15,38,108,50,4,72,36,125,135,12,90" hai2="40,68,27,126,77,95,63,33,116,112,29,132,11" hai3="69,78,53,98,118,21,18,74,34,49,51,96,84"/><U91/><E104/><V57/><F116/><W99/><G34/><T101/><D37/><U54/><E125/><V85/><F68/><W134/><G69/><T111/><D111/><U25/><E108/><V17/><F132/><W31/><G134/><T123/><D106/><U5/><E135/><V44/><F126/><W24/><G74/><T97/><D127/><U131/><E72/><V94/><F112/><W43/><G118/><T0/><D129/><U117/><E117/><V81/><F17/><W83/><G43/><T20/><D123/><U124/><E124/><V115/><F11/><W102/><G102/><N who="0" m="60719" /><D20/><U88/><E25/><V70/><F70/><W46/><REACH who="3" step="1"/><G49/><REACH who="3" ten="356,237,230,167" step="2"/><T13/><D48/><U89/><E131/><V62/><F115/><W2/><G2/><T113/><D100/><U52/><E50/><V122/><F122/><W58/><G58/><T71/><D101/><U60/><E60/><V26/><F63/><W32/><G32/><T92/><D0/><U67/><E67/><V56/><F56/><W114/><G114/><T22/><D71/><U120/><E120/><V79/><F33/><W103/><G103/><T121/><D113/><U110/><E110/><V109/><F109/><W64/><G64/><T66/><D66/><U10/><N who="1" m="22528" /><DORA hai="130" /><U59/><E59/><V80/><F57/><W6/><G6/><T16/><D121/><U119/><E119/><V35/><F62/><W28/><AGARI ba="1,1" hai="18,21,24,28,31,46,51,53,78,83,84,96,98,99" machi="28" ten="30,8000,1" yaku="1,1,0,1,8,1,52,1,53,1" doraHai="75,130" doraHaiUra="76,3" who="3" fromWho="3" sc="356,-21,237,-41,230,-21,167,93" /><INIT seed="6,0,0,4,5,5" ten="335,196,209,260" oya="2" hai0="60,63,86,18,67,121,73,42,100,70,110,2,87" hai1="39,113,46,35,34,119,61,29,90,71,135,52,3" hai2="89,126,59,92,66,116,22,69,107,58,51,4,130" hai3="27,57,133,19,48,44,62,38,53,12,108,54,134"/><V72/><F107/><W0/><G0/><T33/><D110/><U118/><E113/><V64/><F116/><W114/><G108/><T8/><D121/><U76/><E135/><N who="3" m="51722" /><G27/><T36/><D73/><U28/><E3/><V106/><F106/><W20/><G38/><T43/><D33/><U84/><E35/><V1/><F72/><W128/><G114/><T96/><D63/><U17/><E34/><V80/><F80/><W111/><G111/><T41/><D36/><U123/><E123/><V6/><F69/><W88/><G88/><T101/><D101/><U16/><E76/><V14/><F1/><W131/><AGARI ba="0,0" hai="12,19,20,44,48,53,54,57,62,128,131" m="51722" machi="131" ten="30,1100,0" yaku="20,1" doraHai="5" who="3" fromWho="3" sc="335,-3,196,-3,209,-5,260,11" /><INIT seed="7,0,0,1,2,135" ten="332,193,204,271" oya="3" hai0="133,54,36,102,56,37,131,29,48,120,67,130,18" hai1="65,72,105,92,94,97,71,63,114,17,12,77,85" hai2="109,6,81,27,55,128,98,107,87,64,40,39,13" hai3="108,99,46,118,30,75,110,24,44,132,1,66,4"/><W101/><G132/><T95/><D120/><U8/><E114/><V86/><F109/><N who="3" m="42091" /><G75/><T3/><D133/><U100/><REACH who="1" step="1"/><E85/><REACH who="1" ten="332,183,204,271" step="2"/><V80/><F87/><W52/><G118/><T61/><D130/><U115/><E115/><V78/><F128/><W116/><G116/><T49/><D131/><U22/><E22/><V53/><F86/><W103/><G1/><T134/><D3/><U16/><E16/><V129/><F129/><W41/><G30/><T45/><D18/><U113/><E113/><V79/><F6/><W58/><G4/><T7/><D29/><U38/><E38/><V70/><F39/><W32/><G32/><T33/><D36/><U83/><AGARI ba="0,1" hai="8,12,17,63,65,71,72,77,83,92,94,97,100,105" machi="83" ten="30,2000,0" yaku="1,1,0,1,53,0" doraHai="135" doraHaiUra="119" who="1" fromWho="1" sc="332,-5,183,30,204,-5,271,-10" owari="327,43.0,213,-19.0,199,-30.0,261,6.0" /></mjloggm>