<mjloggm ver="2.3"><GO type="169" lobby="0"/><UN n0="%E3%82%A6%E3%83%AB%E3%83%88%E3%83%A9%E7%AB%8B%E7%9B%B4" n1="%E5%AE%88%E6%9D%91%E6%A1%9C%E5%BC%A5" n2="%E3%82%AA%E3%83%BC%E3%83%AB%EF%BC%A0%E3%83%81%E3%83%BC%E3%83%A0%54" n3="%50%4C%41%4E%45%54%2E" dan="17,17,16,16" rate="2157.52,2156.54,2074.16,2079.19" sx="M,M,M,M"/><TAIKYOKU oya="0"/><INIT seed="0,0,0,4,5,15" ten="250,250,250,250" oya="0" hai0="46,74,12,119,55,84,30,25,130,8,112,0,56" hai1="115,79,129,49,57,107,128,127,37,104,98,117,135" hai2="131,109,39,72,41,34,100,6,80,10,73,76,93" hai3="101,11,9,21,102,3,77,85,5,87,134,113,27"/><T92/><D74/><U94/><E37/><V67/><F109/><W123/><G113/><T75/><D75/><U19/><E117/><V4/><F4/><W53/><G123/><T38/><D112/><U17/><E115/><V122/><F122/><W61/><G134/><T23/><D119/><U60/><E135/><V66/><F73/><W44/><G3/><T103/><D130/><N who="1" m="50283" /><E79/><V45/><F34/><W126/><G126/><T31/><D0/><U20/><E20/><V71/><F131/><W18/><G5/><T14/><D31/><U116/><E49/><V90/><F100/><N who="3" m="38507" /><G77/><T35/><D35/><U42/><E42/><V24/><F24/><W40/><G40/><T121/><D121/><U43/><E43/><V70/><F70/><W105/><G105/><N who="1" m="40522" /><E127/><V7/><F71/><W63/><G44/><T95/><D46/><U83/><E83/><V33/><F33/><W62/><G53/><T65/><D38/><U110/><E110/><V89/><F6/><W26/><G27/><T125/><D125/><U52/><E116/><V114/><F114/><W91/><G85/><T22/><D84/><U82/><E82/><AGARI ba="0,0" hai="9,11,18,21,26,61,62,63,82,87,91" m="38507" machi="82" ten="30,2000,0" yaku="8,1,52,1" doraHai="15" who="3" fromWho="1" sc="250,0,250,-20,250,0,250,20" /><INIT seed="1,0,0,2,1,91" ten="250,230,250,270" oya="1" hai0="27,22,100,99,60,124,134,4,33,130,40,73,83" hai1="97,59,88,132,90,93,129,61,32,44,7,14,89" hai2="92,71,50,17,0,36,77,63,116,37,12,64,127" hai3="69,49,6,31,25,1,10,107,21,29,23,123,133"/><U11/><E129/><V55/><F116/><W114/><G123/><T87/><D130/><U109/><E109/><V103/><F127/><W41/><G107/><T70/><D124/><U119/><E119/><V68/><F0/><W54/><G69/><T16/><D134/><U78/><E132/><V76/><F68/><W74/><G74/><T48/><D73/><U112/><E112/><V125/><F125/><W45/><G133/><T80/><D4/><U13/><E32/><V42/><F36/><W39/><G114/><T115/><D115/><U2/><E78/><V66/><F66/><W94/><G94/><T9/><D9/><N who="1" m="4287" /><E44/><V3/><F3/><W131/><G131/><T15/><D48/><U24/><E24/><V8/><F42/><W65/><G65/><T18/><D40/><U106/><E106/><V30/><F30/><W46/><REACH who="3" step="1"/><G31/><REACH who="3" ten="250,230,250,260" step="2"/><T53/><D70/><U43/><E2/><V85/><F71/><W52/><G52/><T98/><D53/><N who="1" m="34031" /><E43/><V128/><F55/><W51/><G51/><T47/><D60/><U105/><E105/><V86/><F50/><W122/><G122/><T108/><D108/><U26/><E26/><V84/><F128/><W58/><G58/><T38/><D27/><U75/><E75/><V104/><F104/><W95/><G95/><T56/><D38/><U110/><E110/><V117/><F117/><W5/><G5/><AGARI ba="0,1" hai="5,11,14,88,89,90,93,97" m="34031,4287" machi="5" ten="30,5800,0" yaku="8,1,52,1,54,1" doraHai="91" who="1" fromWho="3" sc="250,0,230,68,250,0,260,-58" /><INIT seed="1,1,0,1,3,133" ten="250,298,250,202" oya="1" hai0="118,5,39,43,31,81,105,102,124,119,19,50,14" hai1="47,32,94,68,65,86,113,84,116,73,12,3,115" hai2="78,104,15,41,27,37,121,109,69,9,114,2,82" hai3="128,16,56,132,126,88,91,103,24,42,106,45,72"/><U87/><E3/><V59/><F121/><W120/><G120/><T95/><D105/><U110/><E116/><V77/><F69/><W53/><G132/><T93/><D39/><U98/><E73/><V1/><F104/><W135/><G135/><T17/><D31/><U123/><E32/><V92/><F114/><W58/><G128/><T111/><D111/><U62/><E123/><V52/><F109/><W38/><G72/><T40/><D14/><U8/><E47/><V44/><F27/><W60/><G126/><T117/><D50/><U21/><E21/><V48/><F92/><W125/><G125/><T20/><D20/><U127/><E127/><V61/><F37/><W107/><G107/><T89/><D124/><U129/><E129/><V131/><F131/><W100/><G106/><T83/><D89/><U28/><E28/><V57/><F57/><W30/><G103/><T22/><D22/><U97/><E110/><V6/><REACH who="2" step="1"/><F78/><REACH who="2" ten="250,298,240,202" step="2"/><W108/><G108/><T11/><D118/><U130/><E130/><V33/><F33/><W34/><G38/><T75/><D119/><U51/><E115/><V112/><F112/><W46/><G58/><T63/><D95/><U85/><E113/><V0/><F0/><W64/><G56/><T70/><D93/><U101/><E97/><V80/><F80/><W4/><G24/><T67/><D83/><U74/><E94/><V79/><F79/><W35/><G34/><T134/><D134/><U96/><E98/><V23/><F23/><W13/><G35/><T10/><D117/><U76/><N who="1" m="21504" /><DORA hai="49" /><U122/><E122/><RYUUKYOKU ba="1,1" sc="250,-10,298,-10,240,30,202,-10" hai2="1,2,6,9,15,41,44,48,52,59,61,77,82" /><INIT seed="2,2,1,3,1,70" ten="240,288,270,192" oya="2" hai0="68,101,71,54,111,133,56,74,81,78,108,35,122" hai1="107,15,87,117,61,30,105,89,23,40,106,50,97" hai2="59,112,16,63,72,119,3,130,18,77,79,58,84" hai3="36,12,32,116,24,121,102,0,10,65,109,53,91"/><V118/><F112/><W31/><G121/><T129/><D122/><U33/><E117/><V27/><F72/><W113/><G116/><T26/><D101/><U52/><E33/><V125/><F3/><W37/><G113/><T99/><D99/><U131/><E131/><V5/><F5/><W2/><G109/><N who="0" m="42059" /><D129/><U48/><E61/><V114/><F114/><W13/><G102/><T86/><D133/><U49/><E40/><V120/><F120/><W73/><G65/><T123/><D123/><U20/><E97/><V14/><F130/><W93/><G73/><T132/><D132/><U17/><E30/><V64/><F125/><W98/><G53/><T7/><D7/><U124/><E23/><N who="2" m="13815" /><F118/><W88/><G91/><T134/><D134/><U115/><E124/><V39/><F39/><W28/><G28/><N who="0" m="19863" /><D74/><U47/><REACH who="1" step="1"/><E115/><REACH who="1" ten="240,278,270,192" step="2"/><V9/><F119/><W60/><G60/><AGARI ba="2,2" hai="54,56,60,68,71,78,81,86" m="19863,42059" machi="60" ten="30,1000,0" yaku="14,1" doraHai="70" who="0" fromWho="3" sc="240,36,278,0,270,0,192,-16" /><INIT seed="3,0,0,0,1,6" ten="276,278,270,176" oya="3" hai0="96,134,58,24,73,36,14,25,90,39,29,46,84" hai1="12,98,55,72,92,109,124,41,54,74,118,76,27" hai2="120,119,61,9,82,85,114,93,130,70,38,108,22" hai3="45,64,127,102,106,57,20,123,112,30,101,81,3"/><W86/><G123/><T42/><D73/><U1/><E109/><V121/><F108/><W51/><G112/><T83/><D134/><U2/><E124/><V89/><F114/><W43/><G3/><T7/><D39/><U53/><E27/><V67/><F119/><W19/><G30/><T23/><D58/><U115/><E115/><V40/><F130/><W18/><G106/><T37/><D37/><U8/><E41/><V87/><F22/><W99/><G99/><T17/><D7/><U16/><E118/><V63/><F63/><N who="3" m="37999" /><G127/><T48/><D36/><U59/><E59/><V104/><F104/><W95/><G95/><T35/><D96/><U11/><E74/><V91/><F40/><W21/><G20/><T110/><D110/><U56/><E76/><V31/><F38/><W100/><G21/><T5/><D5/><U78/><E78/><AGARI ba="0,0" hai="18,19,43,45,51,78,81,86,100,101,102" m="37999" machi="78" ten="30,1500,0" yaku="8,1" doraHai="6" who="3" fromWho="1" sc="276,0,278,-15,270,0,176,15" /><INIT seed="3,1,0,0,1,68" ten="276,263,270,191" oya="3" hai0="112,86,48,131,37,70,95,34,80,8,84,72,111" hai1="12,56,83,64,3,21,31,13,57,40,127,96,94" hai2="101,102,90,49,14,61,129,17,76,10,74,5,60" hai3="9,87,118,58,110,36,20,46,97,15,82,7,113"/><W19/><G118/><T88/><D34/><U115/><E115/><V62/><F129/><W22/><G113/><T55/><D112/><U114/><E114/><V104/><F104/><W59/><G110/><T35/><D35/><U18/><E3/><V16/><F74/><W91/><G97/><T29/><D29/><U25/><E127/><V45/><F76/><W109/><G109/><T11/><D72/><U105/><E105/><V107/><F107/><W124/><G124/><T26/><D131/><U65/><E83/><V125/><F90/><W43/><REACH who="3" step="1"/><G22/><REACH who="3" ten="276,263,270,181" step="2"/><T73/><D111/><U39/><E21/><V100/><REACH who="2" step="1"/><F125/><REACH who="2" ten="276,263,260,181" step="2"/><W75/><G75/><T24/><D73/><U54/><E96/><V89/><F89/><W52/><G52/><AGARI ba="1,2" hai="5,10,14,16,17,45,49,52,60,61,62,100,101,102" machi="52" ten="40,8000,1" yaku="1,1,8,1,54,2,53,0" doraHai="68" doraHaiUra="77" who="2" fromWho="3" sc="276,0,263,0,260,103,181,-83" /><INIT seed="4,0,0,3,1,129" ten="276,263,363,98" oya="0" hai0="91,100,14,115,76,95,43,2,38,98,33,42,29" hai1="86,52,90,118,128,67,87,15,6,135,121,22,131" hai2="101,40,46,117,105,49,20,126,96,107,113,61,81" hai3="28,27,60,25,122,50,57,89,58,31,64,69,16"/><T99/><D2/><U130/><E121/><V123/><F123/><W13/><G122/><T124/><D124/><U19/><E118/><V7/><F126/><W5/><G5/><T68/><D68/><U88/><E67/><V36/><F117/><W0/><G0/><T92/><D115/><U10/><E135/><V11/><F113/><W116/><G116/><T102/><D76/><U112/><E112/><V44/><F61/><W66/><G89/><N who="1" m="34410" /><E52/><V45/><F81/><W83/><G83/><T37/><D91/><U94/><E94/><V56/><F56/><W65/><G50/><T75/><D14/><AGARI ba="0,0" hai="6,10,14,15,19,22,86,87,128,130,131" m="34410" machi="14" ten="30,2000,0" yaku="19,1,54,1" doraHai="129" who="1" fromWho="0" sc="276,-20,263,20,363,0,98,0" /><INIT seed="5,0,0,3,0,102" ten="256,283,363,98" oya="1" hai0="62,120,41,44,61,134,133,46,78,37,70,109,98" hai1="100,21,35,131,9,113,7,114,13,15,59,121,82" hai2="80,118,54,18,12,84,50,31,94,90,135,10,2" hai3="53,51,119,123,83,112,40,14,38,20,55,76,116"/><U8/><E100/><V93/><F135/><N who="0" m="51722" /><D78/><U99/><E99/><V6/><F118/><N who="3" m="45099" /><G123/><T103/><D109/><U129/><E59/><V68/><F68/><W49/><G20/><T85/><D85/><U69/><E82/><V81/><F81/><W39/><G14/><T1/><D1/><U47/><E47/><V122/><F31/><W33/><G33/><T34/><D34/><U79/><E35/><V110/><F110/><W67/><G83/><T115/><D115/><N who="1" m="44043" /><E69/><V65/><F65/><W107/><G76/><T57/><D70/><U74/><E79/><V64/><F64/><W36/><G107/><N who="0" m="63991" /><D120/><U96/><E74/><V28/><F122/><W126/><G112/><T97/><D97/><U16/><E96/><V87/><F87/><W75/><G75/><T127/><D57/><U11/><E121/><V91/><F91/><W5/><G5/><T89/><D89/><U32/><E32/><V125/><F94/><W60/><G126/><T86/><D86/><U77/><E77/><V63/><F125/><W108/><G108/><T130/><D127/><U106/><E106/><V24/><F93/><W58/><G40/><T88/><D88/><U124/><E124/><V43/><F43/><W45/><G67/><T52/><D130/><AGARI ba="0,0" hai="7,8,9,11,13,15,16,21,129,130,131" m="44043" machi="130" ten="30,12000,1" yaku="19,1,15,1,34,2,54,1" doraHai="102" who="1" fromWho="0" sc="256,-120,283,120,363,0,98,0" /><INIT seed="5,1,0,0,1,77" ten="136,403,363,98" oya="1" hai0="74,4,113,102,47,65,19,25,20,70,125,61,123" hai1="38,31,100,115,114,109,62,34,99,103,98,105,111" hai2="97,87,9,90,35,84,121,42,40,50,63,127,83" hai3="108,78,118,95,96,17,39,86,56,107,92,3,30"/><U10/><E38/><V135/><F121/><W36/><G108/><N who="1" m="41546" /><E10/><V130/><F35/><W112/><G3/><T116/><D116/><U69/><E31/><V55/><F127/><W15/><G118/><T126/><D123/><U51/><E51/><V23/><F130/><W14/><G112/><N who="1" m="43050" /><E34/><V7/><F135/><W16/><G30/><T24/><D113/><U64/><E105/><V133/><F133/><W81/><G36/><T32/><D32/><U2/><E2/><V68/><F68/><W29/><G29/><T72/><D4/><U110/><E110/><V53/><F63/><W75/><G39/><T89/><D25/><U93/><E93/><N who="2" m="56503" /><F23/><W44/><G44/><T12/><D47/><U37/><E37/><V6/><F9/><W49/><G107/><T28/><D125/><U101/><AGARI ba="1,0" hai="62,64,69,98,99,100,101,103" m="43050,41546" machi="101" ten="40,3900,0" yaku="10,1,15,1" doraHai="77" who="1" fromWho="1" sc="136,-14,403,42,363,-14,98,-14" /><INIT seed="5,2,0,5,1,30" ten="122,445,349,84" oya="1" hai0="113,25,11,104,18,63,97,32,14,129,67,12,56" hai1="49,13,4,8,92,135,108,130,29,43,47,31,22" hai2="27,126,81,16,64,78,17,28,128,93,46,119,23" hai3="100,127,73,101,2,36,0,33,62,1,90,68,51"/><U84/><E130/><V48/><F119/><W110/><G110/><T7/><D129/><U112/><E108/><V3/><F126/><W24/><G127/><T125/><D125/><U111/><E111/><V5/><F128/><W59/><G36/><T45/><D113/><U34/><E34/><V116/><F116/><W121/><G121/><T66/><D45/><U80/><E112/><V79/><F3/><W115/><G115/><T9/><D104/><U118/><E135/><V106/><F106/><W35/><G73/><T37/><D37/><U87/><E118/><V99/><F5/><W114/><G114/><T98/><REACH who="0" step="1"/><D67/><REACH who="0" ten="112,445,349,84" step="2"/><U60/><E47/><V69/><F64/><W21/><G68/><T89/><D89/><U20/><E43/><N who="2" m="24671" /><F69/><W86/><G51/><T72/><D72/><U95/><E49/><V54/><F79/><W91/><G101/><T131/><D131/><U132/><E132/><V75/><F54/><W123/><G100/><T52/><D52/><U19/><E60/><V53/><F53/><W124/><G124/><T83/><D83/><U103/><E80/><V41/><F41/><W10/><G123/><T44/><D44/><U70/><E103/><N who="2" m="60911" /><F75/><W82/><G91/><T134/><D134/><U38/><E38/><V88/><F78/><W55/><REACH who="3" step="1"/><G10/><REACH who="3" ten="112,445,349,74" step="2"/><T117/><D117/><U40/><E8/><V85/><AGARI ba="2,2" hai="16,17,23,27,28,81,85,88" m="60911,24671" machi="85" ten="30,4000,0" yaku="8,1,54,2" doraHai="30" who="2" fromWho="2" sc="112,-12,445,-22,349,66,74,-12" /><INIT seed="6,0,0,0,1,113" ten="100,423,415,62" oya="2" hai0="58,100,37,129,41,43,105,29,110,131,114,99,104" hai1="96,106,111,67,69,45,84,6,3,72,127,63,10" hai2="42,109,116,90,60,34,107,103,135,44,25,24,22" hai3="76,28,56,2,125,88,17,132,95,80,50,12,122"/><V54/><F116/><W91/><G122/><T102/><D110/><U19/><E111/><V4/><F109/><W0/><G125/><T101/><D114/><U36/><E127/><V71/><F135/><W61/><G132/><T48/><D29/><U16/><E84/><V55/><F4/><W93/><G28/><T15/><D15/><U38/><E106/><N who="0" m="41065" /><D99/><U115/><E115/><V87/><F25/><W8/><G50/><T126/><D37/><U74/><E96/><N who="2" m="61927" /><F22/><W32/><G32/><T73/><D73/><U65/><E38/><N who="2" m="21591" /><F90/><W7/><G0/><T133/><D133/><U130/><E67/><V46/><F46/><W86/><G91/><T128/><D126/><U79/><E72/><V57/><F87/><W66/><REACH who="3" step="1"/><G76/><REACH who="3" ten="100,423,415,52" step="2"/><T23/><D23/><AGARI ba="0,1" hai="2,7,8,12,17,23,56,61,66,80,86,88,93,95" machi="23" ten="30,7700,0" yaku="1,1,2,1,7,1,54,1,53,0" doraHai="113" doraHaiUra="20" who="3" fromWho="0" sc="100,-77,423,0,415,0,52,87" /><INIT seed="7,0,0,5,4,127" ten="23,423,415,139" oya="3" hai0="47,114,32,85,45,95,60,53,84,2,123,96,39" hai1="36,4,63,76,73,132,35,112,56,44,50,9,102" hai2="21,0,100,30,71,55,89,46,133,72,74,81,11" hai3="27,75,121,86,118,49,5,18,122,66,38,128,107"/><W15/><G75/><T19/><D2/><U115/><E132/><V57/><F71/><W126/><G126/><T113/><D32/><U111/><E35/><V23/><F133/><W29/><G38/><T92/><D123/><U134/><E134/><V124/><F124/><W7/><G118/><T119/><D119/><U8/><E111/><V14/><F0/><W80/><G107/><T61/><D96/><U101/><E9/><V77/><F74/><W48/><G66/><T37/><REACH who="0" step="1"/><D53/><REACH who="0" ten="13,423,415,139" step="2"/><N who="1" m="34191" /><E102/><V40/><F100/><W12/><G121/><T28/><D28/><U79/><E101/><V94/><F30/><W65/><G122/><T62/><D62/><U68/><E115/><V110/><F110/><W1/><G1/><T90/><D90/><U34/><E112/><V33/><F33/><W129/><G29/><T83/><D83/><U25/><E34/><V93/><F89/><W125/><G125/><T16/><AGARI ba="0,1" hai="16,19,37,39,45,47,60,61,84,85,92,95,113,114" machi="16" ten="25,8000,1" yaku="1,1,0,1,22,2,54,1,53,0" doraHai="127" doraHaiUra="106" who="0" fromWho="0" sc="13,90,423,-20,415,-20,139,-40" owari="103,-30.0,403,50.0,395,20.0,99,-40.0" /></mjloggm>