<mjloggm ver="2.3"><GO type="169" lobby="0"/><UN n0="%E5%A4%A9%E7%A5%9E%E4%B9%83%E9%9B%80" n1="%6B%69%79%6F%64%61%69" n2="%E6%99%82%E3%81%AE%E6%BC%82%E6%B3%8A" n3="%E3%82%A6%E3%83%AB%E3%83%88%E3%83%A9%E7%AB%8B%E7%9B%B4" dan="16,18,17,17" rate="2081.71,2215.04,2167.16,2179.36" sx="M,M,F,M"/><TAIKYOKU oya="0"/><INIT seed="0,0,0,5,4,130" ten="250,250,250,250" oya="0" hai0="100,71,42,48,77,16,25,65,123,50,57,58,55" hai1="69,0,49,6,20,37,129,104,39,66,134,85,41" hai2="11,76,99,122,15,102,46,30,9,7,56,62,113" hai3="45,51,105,107,21,108,67,88,106,125,64,17,53"/><T131/><D123/><U109/><E85/><V98/><F122/><W84/><G108/><T43/><D77/><U91/><E91/><V32/><F113/><W22/><G125/><T1/><D1/><U128/><E20/><V59/><F76/><W61/><G61/><N who="0" m="40367" /><D100/><U10/><E49/><N who="0" m="19049" /><D16/><U124/><E41/><N who="0" m="15369" /><D25/><U132/><E124/><V72/><F72/><W2/><G2/><T70/><D131/><N who="1" m="50251" /><E109/><V60/><F32/><W73/><G73/><T52/><D70/><U116/><E104/><V38/><F30/><W112/><G22/><T34/><D34/><U12/><E12/><V5/><F102/><W101/><G101/><T26/><D26/><U117/><E10/><V103/><F103/><W68/><G68/><T54/><AGARI ba="0,0" hai="52,54,55,57,58" m="15369,19049,40367" machi="54" ten="30,18000,2" yaku="35,5,54,1" doraHai="130" who="0" fromWho="0" sc="250,180,250,-60,250,-60,250,-60" /><INIT seed="0,1,0,5,4,94" ten="430,190,190,190" oya="0" hai0="70,112,102,69,88,67,30,101,66,72,90,110,11" hai1="91,20,77,55,98,37,71,36,115,1,61,132,26" hai2="28,23,0,121,84,86,31,24,104,39,114,58,45" hai3="111,59,6,127,50,54,22,43,48,79,93,81,87"/><T73/><D112/><U7/><E77/><V21/><F121/><W108/><G127/><T123/><D123/><U29/><E115/><V9/><F114/><W125/><G125/><T68/><D11/><U51/><E132/><V120/><F120/><W60/><G6/><T119/><D119/><U85/><E1/><V44/><F58/><W18/><G43/><T118/><D118/><U117/><E7/><V99/><F39/><W63/><G111/><T52/><D30/><U16/><E117/><V4/><F84/><W25/><G108/><T13/><D52/><U92/><E85/><V42/><F42/><W134/><G134/><T97/><D13/><U62/><E62/><V53/><F86/><W35/><G35/><T95/><D110/><U64/><REACH who="1" step="1"/><E29/><REACH who="1" ten="430,180,190,190" step="2"/><V3/><F3/><W10/><G63/><T12/><D73/><U100/><E100/><V76/><F76/><W8/><G93/><T65/><D72/><U107/><E107/><V75/><F75/><W103/><G103/><T89/><D102/><U57/><AGARI ba="1,1" hai="16,20,26,36,37,51,55,57,61,64,71,91,92,98" machi="57" ten="20,12000,2" yaku="1,1,0,1,7,1,52,1,54,1,53,1" doraHai="94" doraHaiUra="47" who="1" fromWho="1" sc="430,-61,180,133,190,-31,190,-31" /><INIT seed="1,0,0,2,3,112" ten="369,313,159,159" oya="1" hai0="67,91,114,87,78,51,130,132,84,117,44,88,64" hai1="27,92,1,108,128,22,74,9,45,127,48,19,36" hai2="50,76,122,25,90,62,89,43,125,121,37,46,3" hai3="41,20,123,58,7,54,101,61,120,82,133,111,34"/><U13/><E36/><V31/><F125/><W6/><G34/><T105/><D114/><U17/><E74/><V40/><F3/><W75/><G101/><T96/><D132/><U47/><E127/><V39/><F76/><W103/><G103/><T115/><D115/><U70/><E70/><V118/><F62/><W0/><G133/><T32/><D130/><U81/><E128/><V12/><F12/><W107/><G107/><T4/><D32/><U16/><E1/><V8/><F8/><W95/><G111/><T100/><D4/><U113/><E113/><V23/><F50/><W18/><G41/><T11/><D11/><U42/><E108/><V57/><F57/><W83/><G123/><T126/><D126/><U131/><E81/><V80/><F80/><W119/><G120/><T106/><D106/><U116/><E116/><V53/><F53/><W66/><G119/><T49/><D78/><U79/><E79/><V52/><F52/><W21/><G75/><T102/><D117/><U72/><E72/><V99/><F118/><W94/><G54/><T14/><D105/><U68/><E68/><V134/><F134/><W63/><G0/><T33/><D33/><U71/><E71/><V55/><F55/><W129/><G129/><T73/><D73/><U5/><E131/><V135/><F135/><W26/><G63/><T77/><D77/><U85/><E45/><N who="2" m="23695" /><F121/><W56/><G56/><T28/><D44/><U65/><E65/><V93/><F122/><W60/><G60/><T35/><D67/><U10/><E10/><V86/><F90/><AGARI ba="0,0" hai="5,9,13,16,17,19,22,27,42,47,48,85,90,92" machi="90" ten="40,3900,0" yaku="8,1,54,1" doraHai="112" who="1" fromWho="2" sc="369,0,313,39,159,-39,159,0" /><INIT seed="1,1,0,3,1,33" ten="369,352,120,159" oya="1" hai0="39,9,109,74,64,114,82,107,16,53,80,78,101" hai1="36,93,75,23,87,92,94,10,60,55,90,38,49" hai2="32,97,129,95,77,12,135,84,118,24,43,45,124" hai3="30,119,76,85,15,112,50,116,34,14,111,73,19"/><U96/><E75/><V26/><F118/><W102/><G73/><T18/><D109/><U103/><E60/><V46/><F135/><W132/><G102/><T37/><D114/><U125/><E125/><V113/><F124/><W71/><G71/><T68/><D82/><U69/><E69/><V56/><F113/><W123/><G50/><T59/><D64/><U83/><E36/><V62/><F129/><W22/><G85/><T65/><D65/><U91/><E38/><V51/><F46/><W8/><G76/><T128/><D68/><U11/><E23/><V5/><F32/><W25/><G112/><T35/><D35/><U89/><E92/><V63/><F63/><W105/><G105/><T58/><D58/><U47/><REACH who="1" step="1"/><E90/><REACH who="1" ten="369,342,120,159" step="2"/><V6/><F62/><W130/><G130/><T52/><D128/><U27/><E27/><V3/><F26/><W88/><G88/><T42/><D37/><U121/><E121/><V108/><F24/><W79/><G123/><T0/><D39/><U40/><E40/><V72/><F72/><W7/><G79/><T115/><D78/><U131/><E131/><V117/><F77/><W110/><G132/><T2/><D42/><U120/><E120/><V66/><F43/><W13/><G111/><T98/><D115/><U104/><E104/><V44/><F108/><W48/><G110/><T86/><D107/><U41/><E41/><V100/><F95/><W133/><G133/><T127/><D74/><U4/><E4/><V106/><F6/><N who="3" m="3223" /><G48/><T70/><D127/><U99/><AGARI ba="1,1" hai="10,11,47,49,55,83,87,89,91,93,94,96,99,103" machi="99" ten="20,7800,0" yaku="1,1,0,1,7,1,8,1,53,0" doraHai="33" doraHaiUra="67" who="1" fromWho="1" sc="369,-27,342,91,120,-27,159,-27" /><INIT seed="1,2,0,1,1,88" ten="342,433,93,132" oya="1" hai0="83,122,79,30,132,70,7,26,116,91,89,124,71" hai1="96,10,101,28,87,75,85,25,109,64,120,129,69" hai2="21,115,31,60,51,18,90,119,29,55,107,15,130" hai3="97,86,72,61,39,41,74,104,128,125,63,13,98"/><U49/><E75/><V6/><F107/><W36/><G86/><T126/><D116/><U58/><E120/><V37/><F37/><W59/><G13/><T80/><D122/><U134/><E129/><V76/><F119/><W42/><G59/><T9/><D132/><U84/><E134/><V82/><F130/><W73/><G128/><T112/><D112/><U14/><E109/><V0/><F115/><W114/><G104/><T113/><D113/><U50/><E69/><V23/><F23/><W43/><G114/><T20/><D71/><U12/><E12/><V117/><F117/><W47/><G47/><T33/><D33/><U45/><E64/><V22/><F60/><N who="3" m="23115" /><G125/><N who="0" m="48235" /><D70/><U118/><E118/><V2/><F2/><W32/><G32/><T66/><D66/><U121/><E58/><V99/><F0/><W40/><N who="3" m="10240" /><DORA hai="102" /><W16/><G16/><T133/><D133/><U92/><E121/><V62/><F62/><W35/><G35/><T4/><D4/><N who="1" m="3399" /><E45/><V103/><F6/><W52/><G52/><T1/><D80/><U111/><E111/><V54/><F55/><W77/><G77/><T131/><D131/><U110/><E110/><V46/><F76/><W53/><G53/><T95/><D79/><U19/><E19/><V78/><F78/><W108/><G108/><T8/><D1/><U100/><E50/><V24/><F15/><W44/><G44/><T106/><D106/><U17/><E17/><V38/><F18/><W5/><G5/><T67/><D7/><U123/><E123/><V48/><F51/><W27/><G27/><T65/><D65/><RYUUKYOKU ba="2,0" sc="342,-10,433,-10,93,-10,132,30" hai3="36,39,72,73,74,97,98" /><INIT seed="2,3,0,5,4,36" ten="332,423,83,162" oya="2" hai0="86,45,92,123,47,38,9,52,109,90,96,54,14" hai1="58,8,104,33,37,103,130,69,115,135,124,117,88" hai2="17,25,93,1,65,121,108,4,97,5,105,40,132" hai3="133,83,19,91,6,94,66,43,112,89,131,60,125"/><V26/><F105/><W110/><G6/><T85/><D123/><U77/><RYUUKYOKU type="yao9" ba="3,0" sc="332,0,423,0,83,0,162,0" hai1="8,33,37,58,69,77,88,103,104,115,117,124,130,135" /><INIT seed="2,4,0,0,4,84" ten="332,423,83,162" oya="2" hai0="26,100,3,124,37,104,75,96,46,8,127,38,2" hai1="110,67,9,91,106,55,34,78,134,44,0,60,101" hai2="115,4,99,132,32,24,120,121,135,56,10,89,87" hai3="112,88,23,102,69,85,98,72,71,86,42,25,92"/><V40/><F115/><W17/><G72/><T18/><D75/><U19/><E34/><V113/><F113/><W21/><G112/><T47/><D47/><U108/><E78/><V90/><F40/><W79/><G42/><N who="0" m="22863" /><D38/><U81/><E134/><N who="2" m="51243" /><F56/><W41/><G41/><T123/><D123/><N who="2" m="47178" /><F99/><W30/><G79/><T7/><D26/><U65/><E110/><V66/><F66/><W29/><G86/><T22/><D22/><U35/><E67/><V125/><F125/><N who="0" m="48202" /><D18/><U63/><E65/><V1/><F87/><W20/><G30/><AGARI ba="4,0" hai="1,4,10,24,30,32,89,90" m="47178,51243" machi="30" ten="30,5800,0" yaku="20,1,52,2" doraHai="84" who="2" fromWho="3" sc="332,0,423,0,83,70,162,-70" /><INIT seed="2,5,0,1,3,27" ten="332,423,153,92" oya="2" hai0="42,128,122,43,87,68,23,5,79,110,34,88,120" hai1="72,133,70,119,93,124,2,115,129,7,113,112,99" hai2="73,52,95,39,132,45,131,24,90,8,26,40,16" hai3="61,4,96,54,85,104,46,20,74,18,108,114,91"/><V36/><F73/><W56/><G74/><T126/><D128/><U118/><E70/><V67/><F67/><W98/><G114/><T81/><D126/><U49/><E7/><V41/><F131/><W135/><G108/><T75/><D68/><U55/><E2/><V97/><F132/><W53/><G135/><T71/><D71/><U111/><E129/><V69/><F69/><W103/><G4/><T14/><D34/><U89/><E133/><V92/><F95/><W37/><G37/><T64/><D64/><U127/><E72/><V80/><F80/><W106/><G46/><T28/><D110/><U60/><E60/><V25/><F39/><W58/><G104/><T29/><D122/><U123/><E111/><V19/><F36/><W105/><G105/><T102/><D102/><U0/><E0/><V94/><F94/><W59/><G54/><T11/><D120/><U10/><E10/><V6/><F6/><W109/><G109/><T77/><D23/><U66/><E66/><V15/><F19/><W84/><G84/><T47/><D75/><U107/><E107/><V21/><F8/><W3/><G3/><T121/><D121/><U38/><E38/><V17/><F17/><W1/><G1/><T35/><D35/><U13/><E13/><V9/><F9/><W101/><G101/><T63/><D63/><U51/><E51/><AGARI ba="5,0" hai="15,16,21,24,25,26,40,41,45,51,52,90,92,97" machi="51" ten="40,7700,0" yaku="8,1,54,2" doraHai="27" who="2" fromWho="1" sc="332,0,423,-92,153,92,92,0" /><INIT seed="2,6,0,1,3,46" ten="332,331,245,92" oya="2" hai0="87,14,23,106,26,25,84,123,117,88,74,6,53" hai1="38,7,67,130,121,30,8,107,18,135,5,134,39" hai2="1,34,56,94,65,105,82,90,21,118,86,122,124" hai3="40,70,41,11,109,104,48,102,31,42,129,126,115"/><V43/><F118/><W89/><G104/><T72/><D123/><U79/><E107/><V113/><F34/><W0/><G102/><T103/><D106/><U20/><E30/><V16/><F105/><W116/><G31/><T133/><D117/><U52/><E67/><V63/><F1/><W85/><G116/><T71/><D103/><U77/><E130/><V66/><F122/><W61/><G129/><T80/><D71/><U60/><E121/><V112/><F124/><W111/><G126/><T57/><D87/><U4/><E8/><V69/><F43/><W35/><G35/><T13/><D133/><N who="1" m="50699" /><E60/><V131/><F131/><W99/><G115/><T59/><D59/><U98/><E98/><N who="2" m="57687" /><F69/><W114/><G99/><T28/><D26/><N who="1" m="14615" /><E52/><N who="2" m="34183" /><F113/><W120/><G114/><T33/><D33/><U49/><E49/><V10/><F10/><W17/><G48/><T68/><D68/><U100/><E100/><V96/><F96/><W97/><G97/><T55/><D74/><U92/><E92/><V22/><F22/><W83/><G120/><T44/><D72/><U62/><E62/><V93/><F93/><W9/><G61/><T81/><D28/><U108/><E108/><V32/><F32/><W127/><G70/><T50/><D23/><U64/><E64/><V2/><F112/><W75/><G75/><T36/><D36/><AGARI ba="6,0" hai="4,5,7,36,38,39,77,79" m="14615,50699" machi="36" ten="40,1300,0" yaku="20,1" doraHai="46" who="1" fromWho="0" sc="332,-31,331,31,245,0,92,0" /><INIT seed="3,0,0,4,2,113" ten="301,362,245,92" oya="3" hai0="49,104,112,35,122,55,22,92,41,45,56,84,32" hai1="40,111,124,19,106,79,36,91,110,119,48,3,76" hai2="34,8,37,130,59,118,6,24,99,68,47,133,63" hai3="33,97,132,52,71,83,50,38,127,30,114,9,12"/><W82/><G114/><T81/><D122/><U25/><E106/><V7/><F7/><W109/><G38/><T73/><D112/><U66/><E3/><V105/><F59/><W2/><G2/><T131/><D131/><U31/><E36/><V126/><F130/><W115/><G115/><T100/><D73/><U107/><E107/><V15/><F126/><W39/><G39/><T54/><D54/><U101/><E101/><N who="2" m="62655" /><F133/><W75/><G71/><T21/><D104/><U42/><E66/><N who="2" m="41055" /><F47/><W70/><G70/><T120/><D120/><U13/><E91/><V51/><F51/><W98/><G127/><T69/><D69/><U65/><E65/><V77/><F77/><N who="1" m="29769" /><E48/><V123/><F37/><W4/><G132/><T10/><D92/><U135/><E119/><V95/><F95/><W117/><G117/><T58/><D100/><U18/><E18/><V88/><F88/><W29/><G109/><N who="1" m="41482" /><E124/><V27/><F123/><W78/><G83/><T17/><D41/><U0/><E0/><V46/><F118/><W125/><G125/><T93/><D45/><U94/><E94/><V85/><F85/><W96/><REACH who="3" step="1"/><G33/><REACH who="3" ten="301,362,245,82" step="2"/><T64/><D32/><N who="1" m="20591" /><E135/><V1/><F1/><W102/><G102/><T14/><D35/><U62/><E62/><V134/><F134/><W16/><G16/><T53/><D17/><U74/><E74/><V28/><F34/><W26/><G26/><T90/><D81/><U60/><E60/><V128/><F128/><W103/><G103/><T80/><D80/><U67/><E67/><V61/><F61/><W11/><G11/><AGARI ba="0,1" hai="11,13,19,40,42" m="20591,41482,29769" machi="11" ten="30,1000,0" yaku="14,1" doraHai="113" who="1" fromWho="3" sc="301,0,362,20,245,0,82,-10" /><INIT seed="4,0,0,2,0,91" ten="301,382,245,72" oya="0" hai0="5,22,3,85,46,50,0,82,75,76,101,121,52" hai1="81,133,41,20,119,8,134,87,28,15,73,33,129" hai2="124,56,66,47,7,110,128,45,68,131,24,98,21" hai3="83,108,57,127,60,116,35,37,88,63,72,42,114"/><T39/><D121/><U94/><E33/><V132/><F7/><W80/><G108/><T48/><D39/><U77/><E119/><V93/><F110/><W13/><G116/><T4/><D101/><U17/><E129/><N who="2" m="49739" /><F68/><W104/><G104/><T26/><D3/><U58/><E41/><V71/><F71/><W84/><G114/><T123/><D0/><U106/><E106/><V113/><F113/><W122/><G122/><T44/><D75/><U51/><E51/><V118/><F124/><W117/><G117/><T1/><D1/><U65/><E65/><V10/><F10/><W100/><G127/><T78/><D78/><U38/><E58/><V95/><F132/><W29/><G100/><T135/><D135/><N who="1" m="51723" /><E38/><V23/><F118/><W99/><G99/><T2/><D2/><U115/><E115/><V89/><F56/><W102/><G102/><T112/><D112/><U111/><E111/><V55/><F66/><W9/><G57/><T96/><D96/><U25/><E94/><N who="2" m="56655" /><F23/><W70/><G70/><T105/><D105/><U130/><E130/><V120/><F120/><W64/><G64/><T90/><D76/><U12/><E12/><V53/><F53/><W11/><G13/><T97/><D123/><U27/><E25/><V16/><F47/><N who="3" m="24015" /><G9/><T109/><D109/><U14/><E14/><V59/><F45/><W67/><G11/><T40/><D97/><U107/><E107/><V36/><F36/><W32/><G67/><T79/><D79/><U30/><E73/><V125/><F125/><W43/><G35/><T62/><D62/><AGARI ba="0,0" hai="16,21,24,55,59,62,93,95" m="56655,49739" machi="62" ten="30,12000,2" yaku="25,1,19,1,52,3,54,1" doraHai="91" who="2" fromWho="0" sc="301,-120,382,0,245,120,72,0" /><INIT seed="5,0,0,4,5,32" ten="181,382,365,72" oya="1" hai0="25,0,36,127,23,78,88,124,53,120,20,44,40" hai1="37,10,43,14,87,19,129,16,21,39,76,51,85" hai2="119,125,95,68,112,17,3,58,49,117,71,93,64" hai3="135,130,75,24,62,118,50,94,11,89,106,108,34"/><U55/><E129/><V107/><F107/><W22/><G108/><T35/><D120/><U57/><E43/><V121/><F121/><W102/><G130/><T116/><D116/><U42/><E42/><V61/><F125/><N who="0" m="48202" /><D78/><U110/><E110/><V30/><F30/><W27/><G118/><T52/><D0/><U81/><REACH who="1" step="1"/><E85/><REACH who="1" ten="181,372,365,72" step="2"/><V4/><F117/><W6/><G75/><T92/><D35/><U97/><E97/><V41/><F119/><W2/><G34/><T46/><D40/><U12/><AGARI ba="0,1" hai="10,12,14,16,19,21,37,39,51,55,57,76,81,87" machi="12" ten="20,7800,0" yaku="1,1,0,1,7,1,54,1,53,0" doraHai="32" doraHaiUra="66" who="1" fromWho="1" sc="181,-26,372,88,365,-26,72,-26" /><INIT seed="5,1,0,3,2,99" ten="155,460,339,46" oya="1" hai0="134,42,5,40,97,91,80,31,41,2,108,50,111" hai1="49,67,48,52,13,47,55,120,124,4,83,53,23" hai2="25,26,68,81,22,51,117,44,131,18,77,61,104" hai3="43,96,85,58,90,82,60,78,19,32,129,76,94"/><U87/><E120/><V112/><F117/><W122/><G122/><T114/><D134/><U132/><E132/><V133/><F133/><W109/><G109/><T71/><D114/><U37/><E37/><V9/><F112/><W126/><G126/><T125/><D71/><U106/><E106/><V57/><F131/><W14/><G129/><T36/><D36/><U135/><E135/><V93/><F68/><W11/><G32/><T62/><D62/><U105/><E105/><V89/><F104/><W45/><G45/><T10/><D125/><U28/><E67/><V65/><F9/><W103/><REACH who="3" step="1"/><G43/><REACH who="3" ten="155,460,339,36" step="2"/><T115/><D40/><N who="1" m="24679" /><E124/><V8/><F44/><W75/><G75/><T113/><D42/><U17/><E28/><V92/><F51/><W54/><AGARI ba="1,1" hai="11,14,19,54,58,60,76,78,82,85,90,94,96,103" machi="54" ten="20,12000,2" yaku="1,1,0,1,7,1,8,1,52,1,53,1" doraHai="99" doraHaiUra="15" who="3" fromWho="3" sc="155,-31,460,-61,339,-31,36,133" /><INIT seed="6,0,0,1,3,84" ten="124,399,308,169" oya="2" hai0="22,99,10,4,132,96,7,33,65,27,108,82,16" hai1="54,112,30,131,119,77,121,39,73,125,63,34,13" hai2="79,3,45,111,64,18,37,101,1,83,8,90,129" hai3="11,78,43,62,127,17,57,110,35,0,87,80,97"/><V14/><F129/><W89/><G110/><T95/><D108/><U94/><E94/><V66/><F111/><W49/><G35/><T75/><D132/><U86/><E86/><V5/><F101/><W32/><G32/><T48/><D33/><U118/><E77/><V116/><F116/><W74/><G127/><T71/><D99/><U130/><E13/><V2/><F5/><W47/><G74/><T58/><D71/><U69/><E54/><V100/><F100/><W29/><G29/><T128/><D128/><U117/><E30/><V12/><F14/><N who="3" m="7391" /><G0/><T122/><D122/><U15/><E15/><V55/><F37/><W24/><G24/><T60/><D48/><U9/><E63/><V52/><F79/><W115/><G115/><T41/><D41/><U44/><E119/><V126/><F126/><W123/><G123/><T68/><D68/><U67/><E118/><V72/><F72/><W51/><G51/><T28/><D82/><U102/><E102/><V113/><F113/><W104/><G104/><T31/><D75/><U114/><E114/><V85/><F55/><N who="3" m="34111" /><G97/><T81/><D81/><U50/><E131/><V88/><F90/><AGARI ba="0,0" hai="43,47,49,78,80,87,89,90" m="34111,7391" machi="90" ten="30,3900,0" yaku="8,1,52,2" doraHai="84" who="3" fromWho="2" sc="124,0,399,0,308,-39,169,39" /><INIT seed="7,0,0,3,0,96" ten="124,399,269,208" oya="3" hai0="88,128,24,2,100,125,119,62,108,37,132,99,8" hai1="71,93,106,74,11,21,109,103,82,38,95,101,129" hai2="43,18,122,31,46,7,89,59,12,49,68,77,0" hai3="131,127,28,76,92,17,84,57,118,124,61,3,22"/><W87/><G3/><T5/><D119/><U23/><E38/><V66/><F122/><W110/><G28/><T53/><D108/><U42/><E71/><V19/><F31/><W130/><G118/><T116/><D116/><U115/><E42/><V73/><F0/><W90/><G110/><T97/><D128/><U134/><E106/><V51/><F68/><W16/><G76/><T15/><D132/><U47/><E47/><V107/><F107/><W69/><G84/><T78/><D125/><N who="3" m="48201" /><G69/><T30/><D37/><U117/><E117/><V80/><F89/><W85/><G85/><T4/><D78/><U67/><E134/><V133/><F133/><W121/><G121/><T36/><D36/><U135/><E129/><N who="3" m="49162" /><G22/><T75/><D75/><U104/><E74/><V55/><F73/><W65/><AGARI ba="0,0" hai="16,17,57,61,65,87,90,92" m="49162,48201" machi="65" ten="30,6000,0" yaku="18,1,19,1,54,1" doraHai="96" who="3" fromWho="3" sc="124,-20,399,-20,269,-20,208,60" /><INIT seed="7,1,0,5,1,73" ten="104,379,249,268" oya="3" hai0="105,29,99,72,134,128,13,40,83,89,100,34,78" hai1="5,115,101,49,76,109,26,69,118,11,103,44,36" hai2="6,126,67,96,54,116,4,74,80,61,94,31,30" hai3="1,86,37,56,93,16,0,85,130,21,45,20,58"/><W14/><G130/><T43/><D128/><U91/><E69/><V122/><F116/><W106/><G106/><T133/><D13/><N who="1" m="5359" /><E36/><V24/><F126/><W113/><G113/><T77/><D29/><U62/><E109/><V97/><F122/><W10/><G37/><T68/><D68/><U132/><E132/><N who="0" m="50793" /><D34/><U124/><E124/><V55/><F74/><W110/><G110/><T18/><D18/><U7/><E7/><N who="2" m="2603" /><F80/><W41/><G21/><T35/><D35/><U114/><E76/><N who="0" m="29289" /><D40/><U66/><E91/><V19/><F31/><W60/><G0/><T98/><D43/><U82/><E82/><V63/><F30/><W127/><G16/><T50/><D50/><U119/><E26/><V47/><F24/><W23/><G1/><T87/><D98/><U38/><E38/><V75/><F96/><W108/><G41/><T42/><D42/><U15/><E15/><V104/><F19/><W123/><G14/><T131/><D131/><U81/><E49/><N who="2" m="28991" /><F55/><W59/><G23/><T22/><D22/><U32/><E32/><V90/><F67/><W107/><G20/><T88/><D72/><U57/><E66/><V48/><F48/><W52/><G52/><T92/><D89/><U64/><E64/><V102/><F75/><W84/><G10/><T12/><D12/><U95/><E62/><V17/><F17/><W112/><G60/><T65/><D65/><U70/><E70/><V27/><F27/><W9/><G9/><T135/><N who="0" m="50801" /><T28/><DORA hai="129" /><D28/><U33/><E33/><V121/><F63/><W46/><G46/><T3/><D3/><RYUUKYOKU ba="1,0" sc="104,30,379,-10,249,-10,268,-10" hai0="83,87,88,92,99,100,105" owari="134,-37.0,369,47.0,239,-16.0,258,6.0" /></mjloggm>